<mjloggm ver="2.3"><GO type="225" lobby="0"/><UN n0="%E6%A0%B9%E5%85%83%E3%81%8B%E3%82%89%E5%90%B9%E3%81%A3%E9%A3%9B%E3%81%B6" n1="%6D%75%75%6D%75%72%61" n2="%72%69%6F%75%63%68%61%6E" n3="%E9%89%A2%E5%B7%BB%E3%82%AC%E3%83%96" dan="17,16,17,16" rate="2191.65,2186.08,2201.92,2095.81" sx="F,F,M,M"/><TAIKYOKU oya="0"/><INIT seed="0,0,0,5,2,70" ten="250,250,250,250" oya="0" hai0="57,8,112,109,107,102,127,51,115,15,44,96,1" hai1="25,0,35,83,125,60,89,3,99,46,41,119,77" hai2="2,82,67,49,43,27,121,123,58,103,29,39,32" hai3="120,11,71,68,86,6,45,64,131,100,10,12,78"/><T94/><D127/><U16/><E125/><V36/><F2/><W17/><G131/><T91/><D1/><U9/><E119/><V132/><F132/><W135/><G135/><T90/><D109/><U66/><E35/><V129/><F129/><W59/><G120/><T40/><D57/><U117/><E117/><V13/><F103/><W122/><G122/><T104/><D91/><U34/><E34/><V124/><F124/><W48/><G100/><T133/><D133/><U84/><E99/><V42/><F82/><W19/><G86/><T18/><REACH who="0" step="1"/><D90/><REACH who="0" ten="240,250,250,250" step="2"/><U130/><E130/><V31/><F58/><W79/><G59/><T23/><D23/><U113/><E89/><V56/><F56/><W114/><G71/><T22/><D22/><U108/><E108/><V73/><F123/><W128/><G68/><T30/><D30/><U85/><E3/><V33/><F121/><W55/><G128/><T106/><AGARI ba="0,1" hai="8,15,18,40,44,51,94,96,102,104,106,107,112,115" machi="106" ten="30,3000,0" yaku="1,1,0,1,53,0" doraHai="70" doraHaiUra="28" who="0" fromWho="0" sc="240,40,250,-10,250,-10,250,-10" /><INIT seed="0,1,0,3,5,97" ten="280,240,240,240" oya="0" hai0="104,98,63,100,4,79,95,22,103,102,17,123,77" hai1="3,12,83,13,45,28,87,80,121,86,109,111,92" hai2="85,68,47,43,117,53,2,24,36,64,132,10,62" hai3="110,49,89,39,81,129,65,60,48,90,7,25,78"/><T116/><D116/><U94/><E121/><V71/><F132/><W105/><G129/><T135/><D135/><U31/><REACH who="1" step="1"/><E45/><REACH who="1" ten="280,230,240,240" step="2"/><N who="2" m="23783" /><F117/><W133/><G133/><T18/><D123/><U67/><E67/><V112/><F112/><W37/><G65/><T69/><D104/><U131/><E131/><V38/><F2/><AGARI ba="1,1" hai="2,3,12,13,28,31,80,83,86,87,92,94,109,111" machi="2" ten="25,3200,0" yaku="1,1,22,2,53,0" doraHai="97" doraHaiUra="61" who="1" fromWho="2" sc="280,0,230,45,240,-35,240,0" /><INIT seed="1,0,0,3,4,8" ten="280,275,205,240" oya="1" hai0="20,57,120,79,75,54,6,48,24,31,107,128,22" hai1="114,117,101,118,65,73,66,23,134,15,13,133,125" hai2="80,40,81,102,34,32,55,14,74,112,109,108,9" hai3="3,122,49,103,52,27,0,132,30,56,119,37,4"/><U7/><E73/><V90/><F112/><W59/><G122/><T43/><D128/><U42/><E114/><V98/><F40/><W89/><G37/><T113/><D113/><U46/><E125/><V58/><F90/><W25/><G132/><N who="1" m="50794" /><E101/><V61/><F32/><W76/><G119/><N who="1" m="45578" /><E7/><V131/><F34/><W88/><G76/><T87/><D75/><U99/><E99/><V82/><F131/><W83/><G103/><T44/><D107/><U45/><E23/><V85/><F74/><W123/><G4/><T70/><D6/><U67/><E45/><V26/><F26/><W124/><G124/><T94/><D20/><U93/><E93/><V111/><F85/><W10/><G10/><T92/><D94/><U78/><E78/><V77/><F77/><W12/><G83/><T64/><D92/><U68/><E68/><V96/><REACH who="2" step="1"/><F102/><REACH who="2" ten="280,275,195,240" step="2"/><W60/><G89/><T21/><D87/><U135/><N who="1" m="50802" /><U72/><DORA hai="35" /><E72/><V47/><F47/><W33/><G88/><T97/><D79/><U62/><E62/><V41/><F41/><W36/><G60/><T116/><D44/><U19/><E19/><AGARI ba="0,1" hai="9,14,19,55,58,61,80,81,82,96,98,108,109,111" machi="19" ten="50,6400,0" yaku="1,1,14,1,52,1,53,0" doraHai="8,35" doraHaiUra="129,1" who="2" fromWho="1" sc="280,0,275,-64,195,74,240,0" /><INIT seed="2,0,0,4,3,44" ten="280,211,269,240" oya="2" hai0="73,2,20,106,122,54,23,66,135,51,69,65,3" hai1="128,62,36,55,53,124,8,43,42,125,41,28,27" hai2="94,96,85,14,91,0,117,4,86,90,61,68,111" hai3="48,87,35,74,119,105,7,134,118,108,16,17,26"/><V79/><F117/><W83/><G108/><T10/><D122/><U113/><E113/><V129/><F0/><W13/><G134/><T115/><D115/><U49/><E36/><V22/><F111/><W89/><G105/><T34/><D34/><U52/><E128/><V107/><F129/><W114/><G114/><T30/><D73/><U25/><E62/><V60/><F68/><W77/><G7/><T112/><D106/><U56/><E8/><V29/><F107/><W102/><G102/><T58/><D135/><U64/><E64/><N who="0" m="24681" /><D3/><U33/><REACH who="1" step="1"/><E27/><REACH who="1" ten="280,201,269,240" step="2"/><N who="2" m="16631" /><F60/><W75/><G119/><T109/><D10/><U15/><E15/><V40/><F61/><W131/><G118/><T78/><D2/><U59/><E59/><V133/><F133/><W116/><G116/><T110/><D112/><U19/><E19/><V57/><F57/><W6/><G131/><T37/><D37/><U82/><E82/><N who="2" m="47327" /><F14/><W18/><G6/><T5/><D5/><U76/><E76/><V104/><F4/><W92/><G13/><T70/><D110/><U126/><AGARI ba="0,1" hai="25,28,33,41,42,43,49,52,53,55,56,124,125,126" machi="126" ten="40,12000,2" yaku="1,1,0,1,18,1,52,1,54,1,53,1" doraHai="44" doraHaiUra="31" who="1" fromWho="1" sc="280,-30,201,130,269,-60,240,-30" /><INIT seed="3,0,0,3,2,99" ten="250,331,209,210" oya="3" hai0="0,64,108,86,131,71,46,4,127,101,76,29,75" hai1="55,60,37,118,103,115,117,30,21,28,48,32,38" hai2="123,80,17,52,61,10,113,63,34,96,50,109,121" hai3="6,44,23,107,62,88,106,1,22,49,47,77,112"/><W78/><G112/><T91/><D29/><U45/><E115/><V119/><F109/><W70/><G1/><T114/><D46/><U57/><E32/><V87/><F119/><N who="1" m="45577" /><E103/><V126/><F126/><W72/><G6/><T132/><D101/><U40/><E21/><V130/><F130/><W89/><G49/><T73/><D86/><U105/><E105/><V81/><F34/><W59/><G59/><T66/><D91/><U74/><E74/><V120/><F113/><W68/><REACH who="3" step="1"/><G72/><REACH who="3" ten="250,331,209,200" step="2"/><T54/><D4/><U100/><E38/><V111/><F111/><W41/><G41/><T65/><D75/><U133/><E37/><V7/><F17/><W135/><G135/><T56/><D0/><U9/><E133/><V24/><F24/><W36/><G36/><T84/><D73/><U19/><E19/><V15/><F96/><W53/><G53/><T67/><D54/><U35/><E55/><V2/><F2/><W116/><G116/><T92/><D132/><U26/><E57/><N who="2" m="32919" /><F80/><W102/><G102/><T14/><D114/><U3/><E100/><V27/><F27/><W11/><G11/><T85/><D108/><U16/><E3/><V20/><F20/><W33/><G33/><T18/><D18/><U90/><E9/><V104/><F104/><W5/><G5/><T43/><D43/><U51/><E16/><V97/><F97/><W31/><G31/><T39/><D39/><U124/><E30/><V110/><F110/><W69/><G69/><T98/><N who="0" m="16384" /><DORA hai="125" /><T25/><D71/><U58/><E40/><V42/><F42/><W134/><G134/><RYUUKYOKU ba="0,1" sc="250,-15,331,-15,209,15,200,15" hai2="7,10,15,61,63,81,87,120,121,123" hai3="22,23,44,47,62,68,70,77,78,88,89,106,107" /><INIT seed="3,1,1,3,1,121" ten="235,316,224,215" oya="3" hai0="24,37,111,38,6,65,76,87,72,60,109,30,21" hai1="10,110,95,122,1,0,2,62,77,105,27,135,132" hai2="88,101,120,130,85,125,14,81,69,11,107,13,124" hai3="129,128,35,126,25,28,18,80,16,5,49,22,70"/><W91/><G70/><T90/><D6/><N who="1" m="1351" /><E105/><V102/><F130/><N who="3" m="50283" /><G126/><N who="2" m="48745" /><F69/><W97/><G5/><T64/><D76/><U23/><E122/><V15/><F120/><W89/><G49/><T47/><D72/><U57/><E110/><N who="0" m="41993" /><D47/><U119/><E95/><V59/><F59/><W20/><G97/><T96/><D96/><U113/><E77/><V134/><F134/><N who="1" m="51241" /><E119/><V3/><F107/><W116/><G116/><T8/><D8/><U103/><E103/><N who="2" m="39435" /><F3/><W7/><G7/><AGARI ba="1,1" hai="7,11,13,14,15,81,85,88" m="39435,48745" machi="7" ten="30,2000,0" yaku="18,1,54,1" doraHai="121" who="2" fromWho="3" sc="235,0,316,0,224,33,215,-23" owari="235,-16.5,316,41.6,257,5.7,192,-30.8" /></mjloggm>