<mjloggm ver="2.3"><GO type="225" lobby="0"/><UN n0="%E3%81%99%E3%81%84%E3%81%BE%E3%81%9B%E3%83%BC%E3%82%93" n1="%E7%89%B9%E6%9D%B1%E3%81%AF%E4%B8%96%E7%95%8C%E3%82%92%E6%95%91%E3%81%86" n2="%74%2E%6F%2E%6F%2E%73" n3="%E8%90%BD%E6%97%A5" dan="18,16,18,16" rate="2236.42,2148.00,2154.47,2178.02" sx="M,M,M,F"/><TAIKYOKU oya="0"/><INIT seed="0,0,0,5,4,131" ten="250,250,250,250" oya="0" hai0="42,53,48,4,38,56,70,2,65,120,73,107,35" hai1="113,66,29,7,78,102,72,26,99,43,5,111,92" hai2="109,28,90,20,84,123,74,36,110,81,32,47,59" hai3="0,114,116,31,127,30,128,18,89,11,8,129,58"/><T91/><D120/><U14/><E111/><V88/><F123/><W41/><G41/><T103/><D35/><U71/><E113/><V62/><F32/><W17/><G58/><T61/><D73/><U121/><E121/><V118/><F74/><W130/><G89/><T82/><D103/><U104/><E43/><N who="2" m="23015" /><F118/><W115/><G116/><T95/><D107/><U16/><E92/><V10/><F10/><N who="3" m="3627" /><G0/><T37/><D4/><U19/><E78/><V125/><F84/><W21/><G127/><T55/><D2/><U76/><E76/><V12/><F81/><W15/><G18/><T85/><D42/><U46/><E72/><V13/><F88/><W27/><G31/><T1/><D1/><U133/><E19/><V68/><F90/><W63/><G63/><T3/><D3/><U44/><E7/><V108/><F68/><W87/><G87/><T134/><D82/><U24/><E5/><V45/><F45/><W98/><G98/><T83/><D83/><U51/><E46/><V50/><F50/><W23/><AGARI ba="0,0" hai="15,17,21,23,27,30,114,115,128,129,130" m="3627" machi="23" ten="40,5200,0" yaku="19,1,34,2" doraHai="131" who="3" fromWho="3" sc="250,-26,250,-13,250,-13,250,52" /><INIT seed="1,0,0,4,5,56" ten="224,237,237,302" oya="1" hai0="30,3,85,99,54,52,77,60,116,58,31,62,127" hai1="123,51,46,44,61,125,32,102,119,1,75,93,94" hai2="45,65,59,110,82,23,21,126,104,47,35,133,76" hai3="98,4,105,37,27,20,42,112,128,57,122,28,68"/><U86/><E119/><V83/><F35/><W88/><G68/><T2/><D116/><U103/><E123/><V134/><F104/><W67/><G122/><T101/><D127/><U48/><E32/><V49/><F110/><W135/><G112/><T117/><D117/><U26/><E75/><V22/><F126/><W13/><G128/><T92/><D2/><U19/><E125/><V72/><F83/><W43/><G37/><T24/><D3/><U130/><E1/><V80/><F80/><W89/><G135/><N who="2" m="51721" /><F65/><W109/><G109/><T114/><D114/><U87/><E19/><V120/><F120/><W50/><G105/><T90/><D77/><U0/><E0/><V91/><F91/><N who="3" m="34891" /><G98/><T132/><D132/><U106/><E106/><V36/><F36/><W129/><G129/><T10/><D10/><U121/><E121/><V25/><F25/><W124/><G124/><T7/><D7/><U74/><E74/><V38/><F38/><W113/><G113/><T9/><D9/><U41/><E130/><V97/><F97/><W81/><G81/><N who="0" m="49455" /><D24/><U40/><REACH who="1" step="1"/><E26/><REACH who="1" ten="224,227,237,302" step="2"/><V107/><F107/><W118/><G118/><T69/><D69/><U6/><E6/><V15/><F15/><W34/><G34/><T96/><D96/><U115/><E115/><V70/><F70/><W55/><G4/><T53/><D58/><U95/><E95/><V78/><F72/><W11/><G13/><T64/><D30/><U12/><E12/><V14/><F14/><W84/><G84/><T5/><D5/><U66/><E66/><V17/><F59/><N who="3" m="33271" /><G11/><T33/><D64/><RYUUKYOKU ba="0,1" sc="224,10,227,10,237,-30,302,10" hai0="31,33,52,53,54,60,62,92,99,101" hai1="40,41,44,46,48,51,61,86,87,93,94,102,103" hai3="20,27,28,42,43,57,67" /><INIT seed="1,1,1,4,4,8" ten="234,237,207,312" oya="1" hai0="44,77,94,19,100,103,26,76,126,11,54,113,110" hai1="45,79,107,82,108,15,86,65,58,13,85,28,112" hai2="84,73,33,31,23,90,6,124,36,41,57,78,106" hai3="18,70,128,116,9,97,89,2,104,7,35,20,91"/><U117/><E112/><V74/><F106/><W34/><G128/><T16/><D113/><U30/><E117/><V39/><F33/><W10/><G70/><T3/><D110/><U60/><E107/><V32/><F32/><W61/><G116/><T131/><D131/><U120/><E120/><V55/><F6/><W98/><G10/><T99/><D126/><U96/><E108/><V1/><F1/><W43/><G43/><T102/><D3/><U0/><E0/><V118/><F118/><W75/><G75/><T130/><D130/><U129/><E129/><V40/><F78/><N who="0" m="30314" /><D26/><U49/><E96/><V71/><F71/><W4/><G4/><T121/><D121/><U80/><E86/><V101/><F101/><N who="0" m="39018" /><D11/><U22/><E80/><V93/><F36/><W105/><G35/><T46/><D44/><U38/><E38/><V88/><F124/><W114/><G34/><T21/><D21/><U135/><E135/><V24/><F90/><W47/><G47/><T115/><D115/><U127/><E127/><V63/><REACH who="2" step="1"/><F39/><REACH who="2" ten="234,237,197,312" step="2"/><W52/><G114/><T111/><D111/><U83/><E83/><V109/><F109/><W92/><G91/><T119/><D119/><U25/><REACH who="1" step="1"/><E28/><REACH who="1" ten="234,227,197,312" step="2"/><V62/><F62/><W27/><G98/><T68/><D68/><U51/><E51/><AGARI ba="1,3" hai="16,19,46,51,54,94,99,103" m="39018,30314" machi="51" ten="30,2000,0" yaku="8,1,54,1" doraHai="8" who="0" fromWho="1" sc="234,53,227,-23,197,0,312,0" /><INIT seed="2,0,0,0,2,133" ten="287,204,197,312" oya="2" hai0="114,82,7,35,135,16,57,56,30,54,87,113,42" hai1="107,115,105,67,49,25,38,24,2,53,72,131,59" hai2="44,132,123,19,90,48,4,21,128,118,97,74,34" hai3="68,126,119,124,63,86,71,102,26,120,108,17,0"/><V79/><F118/><W134/><G119/><T45/><D135/><U31/><E115/><V60/><F123/><W23/><G134/><T66/><D7/><U81/><E2/><V14/><F34/><W75/><G75/><T121/><D121/><U127/><E38/><V95/><F132/><W41/><G120/><T12/><D66/><U85/><E72/><V18/><F128/><W52/><G108/><T51/><D57/><U88/><E131/><V32/><F32/><W61/><G0/><T98/><D98/><U9/><E127/><N who="3" m="48682" /><G41/><T129/><D129/><U83/><E83/><V91/><F74/><W116/><G116/><T64/><D42/><U69/><E9/><V1/><F79/><W92/><G52/><T37/><D54/><U6/><E6/><V46/><F60/><N who="3" m="23115" /><G86/><T89/><D87/><U96/><E67/><V58/><F58/><W100/><G92/><T76/><D64/><U103/><E69/><AGARI ba="0,0" hai="17,23,26,68,69,71,100,102" m="23115,48682" machi="69" ten="30,7700,0" yaku="18,1,52,3" doraHai="133" who="3" fromWho="1" sc="287,0,204,-77,197,0,312,77" /><INIT seed="3,0,0,5,4,38" ten="287,127,197,389" oya="3" hai0="27,104,62,88,110,18,24,56,44,26,76,63,112" hai1="5,58,111,96,50,37,130,113,105,69,31,29,49" hai2="126,15,35,99,84,82,43,66,102,117,86,115,97" hai3="25,3,2,80,47,116,53,127,121,101,133,128,75"/><W89/><G101/><T92/><D104/><U23/><E113/><V39/><F117/><W61/><G116/><T52/><D110/><U48/><E37/><V42/><F35/><W77/><G121/><T0/><D0/><U81/><E69/><V93/><F115/><W41/><G127/><T119/><D119/><U54/><E111/><V19/><F39/><W21/><G128/><T1/><D1/><U68/><E130/><V51/><F126/><W79/><G79/><T33/><D33/><U95/><E68/><V28/><F28/><W16/><G89/><T7/><D7/><U6/><E105/><V36/><F36/><W60/><G60/><T70/><D76/><U40/><E81/><V120/><F120/><W57/><G133/><T45/><D112/><U34/><E34/><V72/><F72/><W30/><G30/><T123/><D123/><U85/><E85/><V9/><F66/><W17/><G17/><T11/><D63/><U91/><E48/><AGARI ba="0,0" hai="2,3,16,21,25,41,47,48,53,57,61,75,77,80" machi="48" ten="30,5800,0" yaku="7,1,52,1,54,1" doraHai="38" who="3" fromWho="1" sc="287,0,127,-58,197,0,389,58" owari="287,8.7,69,-43.1,197,-20.3,447,54.7" /></mjloggm>