<mjloggm ver="2.3"><GO type="225" lobby="0"/><UN n0="%E7%99%BD%E6%97%A5%E9%9B%AA%E8%8F%9C" n1="%77%72%77%72%77%72%77%72" n2="%E3%83%97%E3%83%92" n3="%E9%80%86%E9%80%A3%E5%B8%AF%E3%81%AE%E9%AC%BC" dan="16,16,17,16" rate="2212.90,2252.39,2194.47,2134.08" sx="M,M,M,M"/><TAIKYOKU oya="0"/><INIT seed="0,0,0,4,2,130" ten="250,250,250,250" oya="0" hai0="98,53,27,68,109,79,0,123,37,80,58,76,101" hai1="105,19,12,112,83,111,74,115,135,33,75,126,2" hai2="10,46,90,91,61,28,65,108,81,36,4,22,66" hai3="103,51,34,104,20,110,117,39,114,119,102,50,71"/><T24/><D123/><U134/><E33/><V55/><F108/><W47/><G34/><T63/><D0/><U60/><E111/><V67/><F36/><W48/><G110/><T15/><D37/><U18/><E2/><V8/><F81/><W131/><G131/><T93/><D109/><U89/><E105/><V29/><F22/><W129/><G129/><T13/><D68/><U85/><E60/><V113/><F113/><N who="1" m="43593" /><E19/><V77/><F77/><W78/><G71/><T9/><D15/><U25/><E25/><N who="0" m="9801" /><D80/><U59/><E59/><V121/><F121/><W5/><G5/><AGARI ba="0,0" hai="5,9,13,53,58,63,76,79,93,98,101" m="9801" machi="5" ten="30,1500,0" yaku="8,1" doraHai="130" who="0" fromWho="3" sc="250,15,250,0,250,0,250,-15" /><INIT seed="0,1,0,0,2,94" ten="265,250,250,235" oya="0" hai0="17,3,70,78,102,52,61,14,111,99,55,4,92" hai1="49,100,125,2,82,20,28,122,35,72,5,128,84" hai2="96,27,130,0,19,47,93,110,88,106,63,57,23" hai3="43,9,13,107,73,124,80,129,29,118,81,103,34"/><T120/><D120/><U40/><E122/><V16/><F110/><W41/><G118/><T134/><D134/><U67/><E35/><V127/><F130/><W119/><G119/><T32/><D32/><U68/><E128/><V126/><F0/><W33/><G124/><N who="2" m="47657" /><F47/><W51/><G129/><T97/><D111/><U112/><E72/><V11/><F106/><W98/><G73/><T66/><D78/><U74/><E74/><V114/><F114/><W25/><G34/><T7/><D3/><U45/><E112/><V26/><F11/><W36/><G36/><T31/><D31/><U37/><E37/><V83/><F83/><W8/><G8/><T22/><REACH who="0" step="1"/><D97/><REACH who="0" ten="255,250,250,235" step="2"/><U86/><E2/><V121/><F121/><W21/><G33/><T116/><D116/><U53/><E125/><V108/><F108/><W15/><G29/><T79/><D79/><U24/><E28/><N who="2" m="17503" /><F27/><W133/><G25/><T39/><D39/><U71/><E24/><V44/><F44/><W77/><G77/><T38/><D38/><U10/><E45/><V65/><AGARI ba="1,1" hai="16,19,57,63,65,88,93,96" m="17503,47657" machi="65" ten="30,7900,0" yaku="18,1,52,1,54,2" doraHai="94" who="2" fromWho="2" sc="255,-40,250,-21,250,92,235,-21" /><INIT seed="1,0,0,5,3,91" ten="215,229,342,214" oya="1" hai0="24,116,135,73,76,46,36,59,133,60,9,84,99" hai1="79,12,89,121,114,4,101,54,96,113,63,0,20" hai2="55,111,81,100,41,19,125,69,74,102,22,130,103" hai3="80,53,68,123,50,35,124,118,48,83,28,15,13"/><U72/><E121/><V85/><F69/><W21/><G123/><T127/><D116/><U56/><E89/><V57/><F74/><W92/><G68/><T16/><D73/><U94/><E0/><V117/><F117/><W107/><G107/><T129/><D129/><U29/><E4/><V33/><F33/><W126/><G35/><T64/><D127/><U97/><E97/><V25/><F111/><W43/><G118/><T61/><D99/><U106/><E106/><V32/><F41/><W49/><G43/><T51/><D36/><U17/><REACH who="1" step="1"/><E29/><REACH who="1" ten="215,219,342,214" step="2"/><V26/><F125/><W38/><G28/><T122/><D122/><U23/><E23/><V40/><F32/><W27/><G21/><T31/><D31/><U134/><E134/><V5/><F5/><W44/><G126/><T119/><D135/><U45/><E45/><V98/><F98/><W18/><G44/><T120/><D120/><U115/><E115/><V8/><F22/><W132/><G124/><T87/><D46/><U42/><E42/><V90/><F40/><W52/><G132/><T47/><D47/><U71/><E71/><V86/><F130/><W88/><G88/><T78/><D133/><U39/><E39/><V112/><F112/><W128/><G38/><T1/><D1/><U66/><E66/><V93/><F8/><W7/><G128/><T67/><D9/><U34/><E34/><V2/><F2/><W95/><G7/><T110/><D67/><U30/><E30/><V65/><F65/><W70/><G70/><T82/><D64/><U75/><E75/><V77/><F19/><RYUUKYOKU ba="0,1" sc="215,-15,219,15,342,15,214,-15" hai1="12,17,20,54,56,63,72,79,94,96,101,113,114" hai2="25,26,55,57,77,81,85,86,90,93,100,102,103" /><INIT seed="1,1,1,1,2,131" ten="200,234,357,199" oya="1" hai0="55,99,38,54,37,3,47,5,31,120,15,51,22" hai1="65,53,33,19,69,76,17,123,134,80,89,112,39" hai2="102,10,97,4,30,67,81,41,94,18,61,86,52" hai3="63,74,95,32,83,70,14,111,107,25,46,29,121"/><U72/><E112/><V128/><F128/><W122/><G111/><T60/><D3/><U7/><E123/><V58/><F30/><W98/><G46/><T40/><D120/><U12/><E33/><V78/><F41/><W62/><G14/><T110/><D110/><U117/><E39/><V132/><F18/><W73/><G63/><T13/><D37/><U75/><E75/><V16/><F132/><W127/><G127/><T88/><D38/><U91/><E134/><V115/><F115/><W8/><G8/><N who="0" m="4239" /><D60/><U118/><E65/><V92/><F16/><W135/><G135/><T90/><D15/><U6/><E69/><V100/><F92/><W56/><G107/><T124/><D124/><U28/><E28/><V125/><F125/><W108/><G70/><T42/><D42/><U24/><E24/><V1/><REACH who="2" step="1"/><F102/><REACH who="2" ten="200,234,347,199" step="2"/><W50/><G122/><T34/><D34/><U104/><E19/><V2/><F2/><W79/><G121/><T66/><D40/><U87/><E17/><V126/><F126/><W103/><G108/><T64/><D31/><U26/><E26/><V68/><F68/><W84/><REACH who="3" step="1"/><G50/><REACH who="3" ten="200,234,347,189" step="2"/><T85/><D51/><U116/><E116/><V45/><F45/><W35/><G35/><T11/><D47/><U109/><E118/><V93/><F93/><W21/><G21/><T133/><D22/><U0/><E117/><V36/><F36/><W48/><G48/><T20/><D20/><U105/><E109/><V130/><F130/><W27/><G27/><T44/><D44/><U82/><E0/><V77/><F77/><W57/><G57/><RYUUKYOKU ba="1,3" sc="200,-15,234,-15,347,15,189,15" hai2="1,4,10,52,58,61,67,78,81,86,94,97,100" hai3="25,29,32,56,62,73,74,79,83,84,95,98,103" /><INIT seed="2,2,3,0,5,90" ten="185,219,362,204" oya="2" hai0="11,112,51,92,54,2,123,8,45,105,27,3,134" hai1="63,73,120,76,33,87,93,81,102,110,101,122,17" hai2="26,31,82,28,129,49,35,7,42,38,39,1,75" hai3="132,71,9,50,32,104,111,22,133,108,91,58,44"/><V68/><F129/><W69/><G32/><T59/><D123/><N who="1" m="47147" /><E33/><V15/><F31/><W97/><G9/><T106/><D112/><U34/><E34/><V89/><F15/><W128/><G128/><T25/><D134/><N who="3" m="51817" /><G58/><T5/><D92/><U65/><E17/><V0/><F49/><W70/><G22/><T94/><D94/><U121/><E110/><N who="3" m="42026" /><G91/><T88/><D88/><N who="1" m="53407" /><E121/><V60/><F89/><W95/><G95/><T29/><D59/><AGARI ba="2,3" hai="59,63,65,73,76,81,101,102" m="53407,47147" machi="59" ten="30,3900,0" yaku="13,1,52,1,54,1" doraHai="90" who="1" fromWho="0" sc="185,-45,219,75,362,0,204,0" /><INIT seed="3,0,0,1,0,123" ten="140,294,362,204" oya="3" hai0="120,103,119,124,2,108,75,53,85,4,78,87,11" hai1="72,20,81,3,127,35,130,62,79,101,29,96,111" hai2="74,89,128,95,28,5,112,52,67,97,14,83,7" hai3="37,107,55,49,125,122,109,105,64,25,9,17,88"/><W69/><G122/><T50/><D120/><U86/><E3/><V134/><F112/><W126/><G37/><T92/><D119/><U56/><E130/><V23/><F134/><W132/><G132/><T38/><D124/><U24/><E127/><N who="3" m="48650" /><G64/><T44/><D103/><U43/><E43/><V71/><F71/><W41/><G41/><T36/><D108/><U12/><E111/><V73/><F67/><W45/><G69/><T135/><D135/><U133/><E133/><V102/><F128/><W104/><G109/><T70/><D70/><U33/><E12/><V31/><F74/><W51/><G51/><T98/><D75/><U113/><E72/><V61/><F73/><W27/><G88/><T66/><D66/><U40/><E40/><V91/><F31/><W10/><G17/><T93/><D78/><U15/><E113/><V106/><F83/><W54/><G54/><T57/><D92/><U34/><E62/><V117/><F117/><W47/><G47/><T58/><D38/><U8/><E56/><N who="2" m="34951" /><F106/><W30/><G27/><T129/><D129/><U116/><E116/><V18/><F28/><W26/><G25/><T76/><D36/><U1/><E1/><V22/><BYE who="1" /><F23/><AGARI ba="0,0" hai="9,10,23,26,30,45,49,55,104,105,107" m="48650" machi="23" ten="40,2000,0" yaku="18,1" doraHai="123" who="3" fromWho="2" sc="140,0,294,0,362,-20,204,20" /><INIT seed="3,1,0,4,4,30" ten="140,294,342,224" oya="3" hai0="74,19,71,124,41,105,9,34,121,69,65,80,77" hai1="50,119,96,88,70,66,6,64,56,134,132,116,79" hai2="98,25,103,28,21,46,97,123,120,1,57,59,82" hai3="20,75,127,131,118,78,58,76,90,37,60,11,44"/><W31/><G118/><T126/><D121/><N who="2" m="46666" /><F1/><UN n1="%77%72%77%72%77%72%77%72" /><W8/><G131/><T89/><D19/><U114/><E6/><V91/><F46/><W5/><G127/><N who="0" m="48683" /><D89/><U81/><E70/><N who="0" m="26633" /><D65/><N who="1" m="25195" /><E114/><V15/><F15/><W85/><G75/><T112/><D9/><U17/><E17/><V61/><F61/><W109/><G11/><T101/><D41/><U18/><E18/><V93/><F82/><W133/><G8/><T52/><D112/><U86/><E96/><V68/><F68/><W62/><G90/><T4/><D52/><N who="1" m="31767" /><E79/><V84/><F84/><W67/><G78/><T106/><D4/><U14/><E14/><V100/><F100/><W48/><G76/><T32/><D101/><U83/><E83/><V115/><F115/><W94/><G85/><T122/><D122/><U135/><AGARI ba="1,0" hai="81,86,88,116,119,132,134,135" m="31767,25195" machi="135" ten="40,5200,0" yaku="20,1,54,2" doraHai="30" who="1" fromWho="1" sc="140,-14,294,55,342,-14,224,-27" owari="126,-37.4,349,44.9,328,12.8,197,-20.3" /></mjloggm>