<mjloggm ver="2.3"><GO type="225" lobby="0"/><UN n0="%E5%B0%8F%E9%B3%A5%E9%81%8A%E7%B7%B4%E7%84%A1%32%31%E6%AD%B3" n1="%E3%81%8B%E3%82%8F%E3%81%A1%E3%82%83%E3%82%93%35%38" n2="%E6%98%93%E5%88%A9%E8%96%A9%E4%BC%AF" n3="%E5%8F%AF%E5%85%90%E9%82%A3%E7%94%B1%E5%A4%9A" dan="16,16,16,17" rate="2153.61,2194.54,2035.92,2150.82" sx="F,M,F,F"/><TAIKYOKU oya="0"/><INIT seed="0,0,0,3,1,135" ten="250,250,250,250" oya="0" hai0="116,25,110,120,74,98,112,12,36,133,70,64,15" hai1="5,75,18,20,6,34,63,21,106,45,85,125,72" hai2="107,23,27,71,103,16,65,60,11,121,47,87,19" hai3="59,17,39,33,127,31,32,44,115,113,90,35,132"/><T111/><D25/><U79/><E63/><V51/><F121/><W77/><G77/><T96/><D64/><U28/><E45/><V124/><F124/><W126/><G132/><T49/><D49/><U30/><E85/><V102/><F107/><W92/><G31/><T62/><D62/><U2/><E79/><V100/><F87/><W114/><G59/><T1/><D1/><U83/><E106/><V93/><F93/><W4/><G4/><T131/><D36/><U101/><E101/><V122/><F122/><W68/><G68/><T86/><D70/><U81/><E2/><V76/><F76/><W52/><G17/><T73/><D120/><U37/><E37/><V40/><REACH who="2" step="1"/><F11/><REACH who="2" ten="250,250,240,250" step="2"/><W56/><G92/><T9/><D86/><U129/><E125/><N who="3" m="47626" /><G90/><T134/><D134/><U94/><E94/><V42/><F42/><N who="3" m="22623" /><G115/><T117/><D133/><U119/><E75/><V78/><F78/><W10/><G10/><T54/><D9/><U67/><E72/><V97/><F97/><W46/><G46/><T14/><D112/><U109/><E81/><V13/><F13/><W3/><G3/><T84/><D12/><U50/><E83/><V128/><F128/><W57/><G57/><T66/><D14/><U88/><E129/><V29/><AGARI ba="0,1" hai="16,19,23,27,29,40,47,51,60,65,71,100,102,103" machi="29" ten="30,7900,0" yaku="1,1,0,1,54,1,53,1" doraHai="135" doraHaiUra="22" who="2" fromWho="2" sc="250,-39,250,-20,240,89,250,-20" /><INIT seed="1,0,0,4,0,32" ten="211,230,329,230" oya="1" hai0="27,114,64,101,58,43,20,22,38,63,83,47,100" hai1="12,79,75,92,60,121,0,34,65,95,132,16,97" hai2="74,45,5,76,31,117,96,128,102,89,109,4,103" hai3="129,13,50,131,49,62,104,126,125,133,44,80,69"/><U71/><E121/><V25/><F117/><W88/><G104/><T90/><D114/><U55/><E132/><V1/><F109/><W24/><G13/><T70/><D20/><U73/><E34/><V19/><F19/><W77/><G24/><T57/><D83/><U59/><E0/><V66/><F66/><N who="3" m="41175" /><G133/><T119/><D90/><U11/><E79/><V56/><F56/><W30/><G30/><T93/><D119/><U98/><E95/><V3/><F89/><W17/><G17/><T39/><D39/><U29/><E29/><V81/><F45/><W7/><G7/><T2/><D2/><U53/><E53/><V135/><F128/><N who="3" m="49227" /><G88/><T112/><D112/><U68/><E68/><V36/><F135/><W52/><G50/><T54/><D93/><U40/><E98/><V67/><F103/><W15/><G15/><T110/><D110/><U122/><E122/><V28/><F28/><W78/><G78/><T111/><D111/><U72/><E92/><V123/><F4/><W124/><G124/><T120/><D120/><U21/><E97/><V87/><F123/><W8/><G8/><T10/><D10/><U105/><E105/><V107/><F5/><W6/><G6/><T84/><D84/><AGARI ba="0,0" hai="44,49,52,77,80,84,125,126" m="49227,41175" machi="84" ten="30,2000,0" yaku="19,1,54,1" doraHai="32" who="3" fromWho="0" sc="211,-20,230,0,329,0,230,20" /><INIT seed="2,0,0,4,0,54" ten="191,230,329,250" oya="2" hai0="79,39,36,83,5,130,76,87,15,108,10,122,113" hai1="14,38,132,101,31,44,106,55,45,104,125,128,9" hai2="86,33,61,17,123,68,46,37,11,29,57,115,42" hai3="64,97,35,75,107,105,30,121,22,6,103,100,116"/><V120/><F115/><W19/><G116/><T0/><D122/><U134/><E125/><V131/><F68/><W92/><G121/><T91/><D130/><U53/><E31/><V52/><F131/><W126/><G126/><T88/><D113/><U110/><E128/><V7/><F17/><W28/><G75/><T129/><D129/><U2/><E2/><V23/><F23/><W16/><G6/><T60/><D108/><U43/><E110/><V12/><REACH who="2" step="1"/><F86/><REACH who="2" ten="191,230,319,250" step="2"/><W69/><G22/><T98/><D0/><U99/><E132/><V96/><F96/><N who="3" m="59399" /><G28/><T34/><D34/><U48/><E134/><V94/><F94/><W82/><G105/><T67/><D98/><U49/><E104/><V8/><F8/><W26/><G82/><T27/><D27/><AGARI ba="0,1" hai="7,11,12,27,29,33,37,42,46,52,57,61,120,123" machi="27" ten="40,7700,0" yaku="1,1,52,1,54,1,53,0" doraHai="54" doraHaiUra="74" who="2" fromWho="0" sc="191,-77,230,0,319,87,250,0" /><INIT seed="2,1,0,0,2,101" ten="114,230,406,250" oya="2" hai0="78,19,60,93,102,17,100,124,132,43,25,87,69" hai1="27,56,29,4,108,84,105,7,45,36,99,96,90" hai2="46,22,85,13,88,15,111,109,95,77,50,86,118" hai3="66,39,75,35,23,72,57,107,126,12,113,30,11"/><V21/><F118/><W104/><G39/><T110/><D110/><N who="2" m="41994" /><F77/><W32/><G23/><N who="2" m="8713" /><F86/><W76/><G126/><T131/><D124/><U114/><E108/><V98/><F98/><W53/><G66/><T92/><D43/><AGARI ba="1,0" hai="13,15,43,46,50,85,88,95" m="8713,41994" machi="43" ten="30,5800,0" yaku="14,1,10,1,54,1" doraHai="101" who="2" fromWho="0" sc="114,-61,230,0,406,61,250,0" /><INIT seed="2,2,0,4,3,59" ten="53,230,467,250" oya="2" hai0="48,60,116,18,126,132,30,45,113,75,104,37,26" hai1="123,81,9,97,61,131,22,95,11,78,100,133,19" hai2="33,114,135,83,50,29,6,110,103,31,55,28,94" hai3="67,49,70,107,122,56,89,101,3,127,7,77,41"/><V112/><F33/><W69/><G122/><T12/><D113/><U105/><E131/><V8/><F135/><W92/><G77/><T58/><D37/><U82/><E133/><V43/><F110/><W4/><G127/><T15/><D132/><U74/><E123/><V121/><F121/><W88/><G107/><T2/><D104/><U73/><E105/><V13/><F43/><W111/><G111/><T38/><D75/><U124/><E124/><V0/><F83/><W16/><G101/><T46/><D2/><U65/><E81/><V72/><F72/><W24/><G3/><T36/><D126/><U44/><E44/><V79/><F79/><W34/><G34/><T14/><D18/><U76/><E76/><V130/><F0/><W40/><G69/><T99/><D45/><U119/><E119/><V52/><F130/><W21/><G70/><T20/><D99/><U66/><E66/><V118/><F55/><N who="3" m="31855" /><G67/><T80/><D80/><U32/><E32/><V1/><F1/><W93/><G41/><T35/><D35/><U85/><E74/><V51/><F118/><W129/><G40/><T117/><D117/><U98/><E98/><V27/><F103/><W47/><G47/><T17/><D116/><U102/><E102/><V125/><F125/><W96/><G129/><T109/><D109/><U53/><E73/><V39/><F39/><W23/><G23/><T10/><D38/><U71/><E53/><V42/><F42/><W120/><G120/><T87/><D36/><U63/><E63/><V90/><F114/><W5/><G96/><T62/><D62/><RYUUKYOKU ba="2,0" sc="53,-15,230,15,467,-15,250,15" hai1="9,11,19,22,61,65,71,78,82,85,95,97,100" hai3="4,5,7,16,21,24,88,89,92,93" /><INIT seed="3,3,0,5,4,48" ten="38,245,452,265" oya="3" hai0="26,31,101,111,127,60,22,5,99,54,51,75,89" hai1="35,18,103,3,79,102,86,17,62,1,15,81,58" hai2="125,44,100,11,28,68,67,30,27,97,9,43,113" hai3="121,85,73,115,78,42,112,69,0,12,66,114,38"/><W105/><G121/><T57/><D75/><U64/><E35/><V70/><F113/><W16/><G85/><T40/><D111/><U24/><E24/><V8/><F125/><W95/><G95/><T32/><D127/><U93/><E18/><V25/><F67/><W128/><G0/><T33/><D5/><U83/><E83/><V39/><F27/><W71/><G105/><T23/><D40/><U119/><E119/><V80/><F28/><W117/><G117/><T123/><D123/><U36/><E36/><V4/><F4/><W118/><G118/><T53/><D32/><U109/><E109/><V104/><F80/><W116/><G116/><T56/><D33/><U45/><E45/><V129/><F129/><W72/><G128/><T10/><D10/><U20/><REACH who="1" step="1"/><E93/><REACH who="1" ten="38,235,452,265" step="2"/><V49/><F39/><W84/><G38/><T92/><REACH who="0" step="1"/><D22/><REACH who="0" ten="28,235,452,265" step="2"/><U122/><E122/><V52/><F25/><W63/><G42/><T77/><D77/><U126/><E126/><V120/><F30/><W124/><G124/><T131/><D131/><U91/><E91/><AGARI ba="3,2" hai="23,26,31,51,53,54,56,57,60,89,91,92,99,101" machi="91" ten="40,12000,2" yaku="1,1,8,1,52,2,53,2" doraHai="48" doraHaiUra="87" who="0" fromWho="1" sc="28,149,235,-129,452,0,265,0" owari="177,-22.3,106,-39.4,452,55.2,265,6.5" /></mjloggm>