<mjloggm ver="2.3"><GO type="225" lobby="0"/><UN n0="%4D%50%43%32%38%30%30" n1="%43%68%65" n2="%E2%91%A3%E9%81%BF%E9%81%8A%E6%88%AF%E3%80%90%E6%9D%B1%E5%8D%97%E3%80%91" n3="%72%69%6F%75%63%68%61%6E" dan="16,16,16,17" rate="2191.97,2153.73,2104.06,2243.31" sx="M,M,M,M"/><TAIKYOKU oya="0"/><INIT seed="0,0,0,4,4,56" ten="250,250,250,250" oya="0" hai0="15,110,76,12,38,14,4,135,123,37,33,45,103" hai1="47,63,20,105,134,67,73,60,28,21,13,82,3" hai2="119,132,80,77,93,101,61,117,120,36,16,39,55" hai3="58,59,48,81,52,53,32,49,2,34,40,97,54"/><T62/><D123/><U6/><E3/><V66/><F120/><W98/><G2/><T99/><D33/><N who="3" m="12905" /><G81/><T7/><D76/><U90/><E105/><V78/><F55/><N who="3" m="14083" /><W114/><DORA hai="89" /><G114/><T83/><D83/><U96/><E134/><V84/><F132/><W94/><G40/><T27/><D27/><N who="1" m="16487" /><E73/><V25/><F78/><W118/><G118/><N who="2" m="45065" /><F101/><W19/><G19/><T102/><D135/><U43/><E67/><V44/><F44/><W121/><G121/><T74/><D74/><U104/><E104/><V10/><F93/><W91/><G91/><T17/><D45/><U130/><E82/><V26/><F26/><W69/><G69/><T133/><D133/><U8/><E21/><N who="2" m="13479" /><F10/><W46/><G46/><T68/><D17/><U24/><E24/><V127/><F127/><W125/><G94/><T0/><D0/><U124/><E124/><V128/><F128/><W75/><G75/><T100/><D68/><AGARI ba="0,0" hai="36,39,61,66,68,77,80,84" m="13479,45065" machi="68" ten="30,3900,0" yaku="12,1,52,1,54,1" doraHai="56,89" who="2" fromWho="0" sc="250,-39,250,0,250,39,250,0" /><INIT seed="1,0,0,1,4,111" ten="211,250,289,250" oya="1" hai0="5,51,11,119,68,64,52,120,54,61,60,77,128" hai1="84,94,20,76,18,91,70,132,129,131,100,15,98" hai2="43,62,117,135,48,121,32,112,92,133,26,80,101" hai3="118,17,22,88,96,1,4,34,108,105,7,126,123"/><U58/><E70/><V74/><F121/><W90/><G123/><T99/><D120/><U39/><E39/><V28/><F117/><W125/><G108/><T78/><D119/><U37/><E37/><V87/><F74/><W29/><G118/><T122/><D122/><U49/><E76/><V44/><F62/><W57/><G29/><T3/><D128/><U83/><E132/><N who="2" m="50763" /><F92/><W9/><G34/><T103/><D61/><U40/><REACH who="1" step="1"/><E58/><REACH who="1" ten="211,240,289,250" step="2"/><V102/><F112/><W23/><G57/><T38/><D38/><U45/><AGARI ba="0,1" hai="15,18,20,40,45,49,83,84,91,94,98,100,129,131" machi="45" ten="30,11700,0" yaku="1,1,2,1,0,1,53,1" doraHai="111" doraHaiUra="14" who="1" fromWho="1" sc="211,-39,240,127,289,-39,250,-39" /><INIT seed="1,1,0,4,0,122" ten="172,367,250,211" oya="1" hai0="46,3,56,90,50,78,33,68,73,10,22,31,43" hai1="79,100,51,39,112,17,47,93,4,115,18,81,53" hai2="133,21,130,89,23,106,71,8,54,75,80,132,85" hai3="63,28,126,12,74,45,66,2,49,13,119,9,0"/><U103/><E39/><V24/><F130/><W37/><G126/><T135/><D68/><U25/><E4/><V15/><F71/><W84/><G74/><T57/><D135/><U16/><E25/><V19/><F75/><W114/><G114/><T61/><D33/><U123/><E123/><V109/><F106/><W116/><G37/><T40/><D40/><U62/><E62/><V14/><F14/><W113/><G113/><T6/><D31/><U88/><E115/><V70/><F70/><N who="3" m="42335" /><G84/><T91/><D22/><U86/><REACH who="1" step="1"/><E112/><REACH who="1" ten="172,357,250,211" step="2"/><V34/><F133/><W131/><G131/><T59/><REACH who="0" step="1"/><D61/><REACH who="0" ten="162,357,250,211" step="2"/><U5/><E5/><V95/><F132/><W60/><G60/><T134/><D134/><U92/><E92/><V104/><F104/><W108/><G28/><T72/><D72/><AGARI ba="1,2" hai="16,17,18,47,51,53,72,79,81,86,88,93,100,103" machi="72" ten="40,7700,0" yaku="1,1,54,2,53,0" doraHai="122" doraHaiUra="52" who="1" fromWho="0" sc="162,-80,357,100,250,0,211,0" /><INIT seed="1,2,0,4,5,51" ten="82,457,250,211" oya="1" hai0="37,62,118,87,106,98,80,103,91,19,63,12,50" hai1="10,121,124,38,15,84,131,97,23,6,45,20,135" hai2="28,81,48,30,64,29,49,79,130,53,114,52,57" hai3="85,107,109,61,9,65,22,0,127,105,99,74,42"/><U13/><E121/><V73/><F130/><W101/><G109/><T41/><D37/><U104/><E131/><V5/><F114/><W16/><G74/><T46/><D118/><U34/><E34/><V120/><F120/><W108/><G108/><T39/><D39/><U68/><E68/><V7/><REACH who="2" step="1"/><F64/><REACH who="2" ten="82,457,240,211" step="2"/><W35/><G127/><T115/><REACH who="0" step="1"/><D115/><REACH who="0" ten="72,457,240,211" step="2"/><U78/><E124/><V95/><F95/><W117/><G117/><T93/><D93/><U44/><E104/><V3/><F3/><W11/><G0/><T123/><D123/><U18/><E135/><V82/><F82/><W40/><G107/><T67/><D67/><U31/><E38/><V55/><F55/><W70/><G35/><T76/><D76/><U56/><E78/><V59/><AGARI ba="2,2" hai="5,7,28,29,30,48,49,52,53,57,59,73,79,81" machi="59" ten="30,12000,2" yaku="1,1,0,1,9,1,52,2,54,1,53,0" doraHai="51" doraHaiUra="125" who="2" fromWho="2" sc="72,-32,457,-62,240,146,211,-32" /><INIT seed="2,0,0,1,2,108" ten="40,395,386,179" oya="2" hai0="26,7,102,126,3,6,104,28,77,12,19,68,52" hai1="78,123,38,49,27,119,79,88,82,107,21,11,135" hai2="69,120,16,128,66,25,71,112,121,59,80,60,110" hai3="0,113,15,65,114,55,42,5,44,10,30,73,85"/><V33/><F128/><W41/><G73/><T94/><D68/><U58/><E119/><V72/><F110/><W95/><G65/><T13/><D104/><U43/><E107/><V40/><F40/><W1/><G55/><T48/><D77/><U96/><E38/><V129/><F129/><W64/><G30/><T31/><D126/><U99/><E135/><V63/><F71/><W36/><G41/><T45/><D3/><U20/><E11/><V23/><F33/><W130/><G130/><T61/><D61/><U17/><E123/><V18/><F18/><W103/><G64/><T89/><D102/><U50/><E58/><V67/><REACH who="2" step="1"/><F112/><REACH who="2" ten="40,395,376,179" step="2"/><N who="3" m="43115" /><G85/><N who="0" m="52527" /><D26/><U98/><E43/><V9/><F9/><W56/><G56/><T84/><D84/><N who="1" m="50199" /><E21/><V93/><F93/><W53/><G53/><T57/><D57/><U117/><E117/><V76/><AGARI ba="0,1" hai="16,23,25,59,60,63,66,67,69,72,76,80,120,121" machi="76" ten="30,6000,0" yaku="1,1,0,1,54,1,53,0" doraHai="108" doraHaiUra="111" who="2" fromWho="2" sc="40,-20,395,-20,376,70,179,-20" /><INIT seed="2,1,0,1,3,22" ten="20,375,446,159" oya="2" hai0="99,72,90,51,84,27,10,20,113,38,74,66,48" hai1="130,102,28,121,101,64,24,104,44,71,120,87,126" hai2="50,59,11,2,96,75,7,107,32,58,14,5,94" hai3="12,91,23,103,60,65,108,25,31,18,117,70,128"/><V115/><F107/><W81/><G108/><T46/><D113/><U110/><E110/><V42/><F115/><W82/><G128/><T47/><D38/><U3/><E3/><V40/><F75/><W17/><G117/><T62/><D99/><N who="1" m="61503" /><E102/><V119/><F119/><W97/><G91/><T15/><D62/><N who="1" m="40343" /><E87/><V131/><F32/><W35/><REACH who="3" step="1"/><G18/><REACH who="3" ten="20,375,446,149" step="2"/><N who="0" m="12695" /><D74/><U80/><E130/><V122/><F131/><W55/><G55/><T67/><D72/><U49/><E121/><V111/><F122/><W39/><G39/><T13/><D67/><U133/><E120/><V45/><F111/><W114/><G114/><T109/><D66/><U4/><E126/><V100/><F42/><W105/><AGARI ba="1,1" hai="12,17,23,25,31,35,60,65,70,81,82,97,103,105" machi="105" ten="20,12000,2" yaku="1,1,0,1,7,1,25,2,52,1,53,1" doraHai="22" doraHaiUra="57" who="3" fromWho="3" sc="20,-31,375,-31,446,-61,149,133" owari="-11,-51.1,344,14.4,385,48.5,282,-11.8" /></mjloggm>