<mjloggm ver="2.3"><GO type="225" lobby="0"/><UN n0="%E5%86%B7%E5%87%8D%E3%82%AE%E3%83%A7%E3%83%BC%E3%82%B6" n1="%E3%83%97%E3%83%92" n2="%E3%81%B5%E3%81%98%E3%81%8B%E3%81%A4" n3="%E5%A4%9C%E3%81%AE%E3%82%AC%E3%82%B9%E3%83%91%E3%83%BC%E3%83%AB" dan="17,17,16,16" rate="2202.70,2187.05,2106.85,2116.23" sx="M,M,M,M"/><TAIKYOKU oya="0"/><INIT seed="0,0,0,5,2,25" ten="250,250,250,250" oya="0" hai0="83,135,81,53,97,128,96,113,130,62,1,94,19" hai1="33,126,103,82,117,116,70,35,92,120,63,99,106" hai2="27,105,84,124,7,43,57,9,0,24,28,68,18" hai3="107,109,122,118,104,13,119,45,31,75,123,2,46"/><T110/><D113/><U8/><E120/><N who="3" m="46122" /><G2/><T36/><D135/><U14/><E126/><V87/><F68/><W10/><G75/><T23/><D36/><U112/><E112/><V131/><F105/><N who="3" m="40523" /><G109/><T22/><D1/><U89/><E82/><V95/><F43/><W88/><G88/><N who="0" m="55367" /><D97/><U38/><E38/><V61/><F124/><W6/><G31/><T34/><D34/><U55/><E35/><V39/><F39/><W129/><G129/><N who="0" m="49771" /><D110/><U47/><E33/><V3/><F3/><W69/><G69/><T132/><D132/><U29/><E29/><V5/><F131/><W80/><G80/><N who="0" m="30795" /><D19/><U16/><E70/><V60/><F18/><W41/><G41/><T125/><D125/><U32/><E32/><V121/><F0/><W67/><G67/><T48/><D62/><U73/><E73/><V56/><F121/><W66/><G66/><T59/><AGARI ba="0,0" hai="22,23,48,53,59" m="30795,49771,55367" machi="59" ten="30,3000,0" yaku="19,1,54,1" doraHai="25" who="0" fromWho="0" sc="250,30,250,-10,250,-10,250,-10" /><INIT seed="0,1,0,2,4,51" ten="280,240,240,240" oya="0" hai0="56,78,103,14,48,120,33,24,18,127,55,30,74" hai1="119,42,129,85,135,15,87,134,70,59,128,72,26" hai2="8,43,64,2,62,34,111,105,79,100,92,35,75" hai3="19,29,36,12,40,125,68,66,98,73,21,76,110"/><T16/><D120/><U49/><E72/><V11/><F92/><W61/><G110/><T5/><D127/><U63/><E15/><V20/><F20/><W69/><G125/><T81/><D5/><U95/><E26/><V97/><F11/><W37/><G69/><T50/><D103/><U101/><E119/><V23/><F23/><W44/><G29/><T123/><D123/><U122/><E122/><V22/><F22/><W60/><G60/><T112/><D112/><U67/><E87/><V25/><F43/><W133/><G133/><N who="1" m="50698" /><E85/><V117/><F117/><W7/><G7/><T90/><D14/><U31/><E31/><V65/><F65/><W58/><G68/><T96/><REACH who="0" step="1"/><D48/><REACH who="0" ten="270,240,240,240" step="2"/><U28/><E101/><V121/><F121/><W126/><G126/><T38/><D38/><U1/><E49/><V114/><F114/><W93/><G37/><T130/><D130/><U108/><E129/><V86/><F100/><W82/><G36/><T99/><D99/><U45/><E128/><V39/><F97/><W17/><G12/><T94/><AGARI ba="1,1" hai="16,18,24,30,33,50,55,56,74,78,81,90,94,96" machi="94" ten="30,11700,0" yaku="1,1,0,1,52,1,54,1,53,0" doraHai="51" doraHaiUra="57" who="0" fromWho="0" sc="270,130,240,-40,240,-40,240,-40" /><INIT seed="0,2,0,2,2,85" ten="400,200,200,200" oya="0" hai0="109,23,32,50,3,31,110,80,6,20,1,98,40" hai1="38,104,82,7,130,70,28,14,4,26,108,37,41" hai2="76,121,66,113,27,8,112,51,78,74,71,5,60" hai3="118,22,15,72,9,127,11,135,93,62,69,132,48"/><T122/><D40/><U18/><E70/><V86/><F121/><W54/><G118/><T73/><D50/><U115/><E104/><V129/><F129/><W84/><G72/><T106/><D122/><U120/><E120/><V103/><F74/><W44/><G127/><T45/><D45/><U63/><E108/><N who="0" m="41577" /><D32/><U12/><E130/><V95/><F78/><W16/><G62/><T43/><D43/><U79/><E14/><V19/><F51/><W49/><G69/><T105/><D31/><U33/><E115/><V111/><F111/><W13/><G49/><T100/><D105/><U81/><E63/><V123/><F123/><W25/><G15/><T61/><D61/><U42/><E42/><V119/><F119/><W57/><G44/><T34/><D34/><U102/><E38/><V29/><F19/><W131/><G131/><T117/><D117/><U77/><E41/><V101/><F113/><W99/><G84/><T97/><D97/><U124/><E124/><V116/><F116/><W89/><REACH who="3" step="1"/><G11/><REACH who="3" ten="400,200,200,190" step="2"/><N who="0" m="2511" /><D3/><U17/><E12/><V55/><F112/><W90/><G90/><T125/><D125/><U53/><E37/><V30/><F60/><W65/><G65/><T96/><D98/><U39/><E39/><V35/><F66/><W10/><G10/><T47/><D47/><U126/><E126/><V46/><F8/><W21/><G21/><T87/><D73/><U107/><E33/><V134/><F35/><W128/><G128/><T64/><D64/><U114/><E114/><V0/><F46/><W67/><G67/><T133/><D133/><U94/><E53/><RYUUKYOKU ba="2,1" sc="400,15,200,-15,200,-15,190,15" hai0="20,23,80,87,96,100,106" hai3="9,13,16,22,25,48,54,57,89,93,99,132,135" /><INIT seed="0,3,1,0,2,78" ten="415,185,185,205" oya="0" hai0="116,7,98,41,9,122,2,107,68,29,124,55,60" hai1="79,76,13,26,74,1,70,16,99,50,130,22,31" hai2="24,110,3,85,72,81,71,115,59,44,40,100,135" hai3="80,93,37,77,18,128,27,58,62,104,42,25,108"/><T33/><D116/><U57/><E70/><V86/><F115/><W132/><G104/><T17/><D122/><U131/><E1/><V82/><F71/><W89/><G108/><T97/><D124/><U66/><E99/><V112/><F112/><W123/><G123/><T114/><D114/><U64/><E74/><V90/><F3/><W63/><G128/><N who="1" m="49194" /><E64/><V4/><F110/><W105/><G105/><T102/><D97/><U87/><E87/><V56/><F72/><W21/><G132/><T83/><D17/><U119/><E119/><V20/><F100/><W94/><G27/><T91/><D41/><U92/><E92/><V10/><F135/><W38/><G94/><T12/><D2/><U134/><E134/><V125/><F125/><W39/><G42/><T5/><D55/><N who="1" m="31991" /><E66/><V19/><F4/><W126/><G126/><T34/><D5/><U32/><AGARI ba="3,1" hai="13,16,22,26,31,32,76,79" m="31991,49194" machi="32" ten="30,2000,0" yaku="19,1,54,1" doraHai="78" who="1" fromWho="1" sc="415,-13,185,39,185,-8,205,-8" /><INIT seed="1,0,0,0,5,117" ten="402,224,177,197" oya="1" hai0="13,61,90,89,22,111,97,124,2,62,10,60,88" hai1="75,4,63,119,31,1,92,86,65,32,30,122,49" hai2="51,42,53,108,35,46,28,133,37,77,85,48,98" hai3="127,5,54,36,76,39,96,14,15,95,29,64,80"/><U58/><E119/><V91/><F133/><W128/><G127/><T19/><D111/><U21/><E75/><V70/><F108/><W134/><G128/><T114/><D114/><U73/><E73/><V93/><F53/><W94/><G134/><T101/><D124/><U83/><E32/><V135/><F70/><W78/><G64/><T102/><D2/><U9/><E122/><V74/><F135/><W129/><G129/><T82/><D82/><U41/><E92/><V33/><F74/><W17/><G29/><T40/><D40/><U44/><E21/><V105/><F35/><W81/><G17/><N who="0" m="8375" /><D97/><U106/><E106/><V23/><F33/><W68/><G96/><T109/><D109/><U26/><E26/><AGARI ba="0,0" hai="19,22,26,60,61,62,88,89,90,101,102" m="8375" machi="26" ten="30,2000,0" yaku="8,1,54,1" doraHai="117" who="0" fromWho="1" sc="402,20,224,-20,177,0,197,0" /><INIT seed="2,0,0,1,4,19" ten="422,204,177,197" oya="2" hai0="130,35,109,26,100,3,54,4,104,10,48,98,5" hai1="12,63,83,16,116,128,115,88,43,77,58,121,122" hai2="78,119,72,18,75,21,103,29,81,133,15,44,91" hai3="67,59,79,69,135,102,17,14,93,28,46,64,7"/><V27/><F119/><W39/><G135/><T87/><D109/><U113/><E116/><V22/><F133/><W33/><G7/><T45/><D130/><U80/><E43/><V106/><F91/><W32/><G69/><T8/><D87/><N who="1" m="50303" /><E128/><V6/><F6/><W2/><G2/><T86/><D86/><N who="1" m="48399" /><E58/><V41/><F103/><W25/><G79/><T51/><D51/><U111/><E111/><V20/><F106/><W95/><G33/><T114/><D114/><U112/><E63/><V65/><F65/><W73/><G59/><T97/><D97/><U85/><E85/><V38/><F75/><W61/><G73/><T49/><D49/><U108/><E108/><V40/><F41/><W42/><G61/><T71/><D71/><U127/><E127/><V124/><F124/><W24/><G67/><T105/><D105/><U126/><E126/><V30/><F30/><W1/><G64/><T34/><D26/><U57/><E57/><V134/><F134/><W68/><G25/><T76/><D76/><U74/><E74/><V56/><F56/><W120/><G68/><T36/><D36/><U101/><E101/><V23/><AGARI ba="0,0" hai="15,18,20,21,22,23,27,29,38,40,44,72,78,81" machi="23" ten="20,18000,2" yaku="0,1,7,1,52,4" doraHai="19" who="2" fromWho="2" sc="422,-60,204,-60,177,180,197,-60" /><INIT seed="2,1,0,1,2,131" ten="362,144,357,137" oya="2" hai0="24,17,109,42,112,18,88,77,67,44,132,117,94" hai1="11,26,37,92,71,111,30,124,91,19,122,106,63" hai2="7,98,73,5,60,39,45,53,100,85,64,9,13" hai3="46,15,114,1,33,81,125,74,70,28,93,66,0"/><V103/><F73/><W95/><G125/><T68/><D112/><U90/><E106/><V87/><F5/><W12/><G114/><T35/><D109/><U47/><E111/><V113/><F113/><W20/><G33/><T80/><D117/><U6/><E122/><V97/><F53/><W105/><G105/><T123/><D68/><U130/><E130/><V127/><F127/><W50/><G70/><T128/><D123/><U89/><E19/><V16/><F7/><W51/><G66/><T57/><D57/><U55/><E124/><V54/><F54/><W116/><G116/><T108/><D67/><U8/><E71/><V72/><F72/><W58/><G74/><T102/><D102/><N who="2" m="38954" /><F45/><W118/><G118/><T49/><D108/><U79/><E6/><V27/><F27/><W36/><G36/><T25/><D35/><U135/><E47/><V23/><F39/><W31/><G46/><T3/><D3/><U62/><E26/><V2/><F2/><W129/><G129/><T86/><D128/><U59/><E55/><V41/><F41/><W121/><G58/><T40/><D40/><U84/><E59/><N who="2" m="36895" /><F9/><W75/><G75/><T110/><D110/><U76/><E37/><V78/><F78/><W10/><G121/><T69/><D69/><U120/><E76/><V133/><F133/><W52/><G52/><T14/><D132/><U99/><E120/><V22/><F23/><W4/><G4/><T96/><D14/><U48/><E135/><V82/><F82/><W34/><G10/><T61/><D61/><U107/><E62/><V134/><F134/><RYUUKYOKU ba="1,0" sc="362,15,144,-15,357,15,137,-15" hai0="17,18,24,25,42,44,49,77,80,86,88,94,96" hai2="13,16,22,85,87,97,98" /><INIT seed="2,2,0,3,3,14" ten="377,129,372,122" oya="2" hai0="78,12,60,1,91,5,13,61,71,116,82,55,87" hai1="111,19,48,126,26,135,53,34,30,25,120,104,17" hai2="73,115,113,32,101,54,99,106,123,125,2,114,75" hai3="77,89,95,59,31,4,121,86,3,100,92,65,105"/><V40/><F123/><W69/><G121/><T130/><D130/><U52/><E120/><V131/><F40/><W109/><G69/><T58/><D116/><U85/><E104/><V33/><F54/><W22/><G109/><T132/><D132/><U64/><E111/><V43/><F131/><W96/><G77/><T20/><D1/><U67/><E135/><V24/><F125/><W45/><G45/><T90/><D71/><U98/><E126/><V44/><F2/><W29/><G3/><T80/><D60/><U102/><E85/><V47/><F47/><W117/><G117/><T76/><D5/><U11/><E11/><V134/><F134/><W129/><G129/><T122/><D122/><U128/><E53/><V0/><F0/><W70/><G70/><T36/><D36/><U8/><E128/><V133/><F133/><W119/><G119/><T68/><D68/><U49/><E49/><V42/><F42/><W27/><G4/><T50/><D50/><U72/><E72/><N who="2" m="27723" /><F24/><W110/><G110/><T81/><D13/><U63/><E25/><V9/><F9/><W15/><G15/><T108/><D108/><U94/><E8/><V37/><AGARI ba="2,0" hai="32,33,37,43,44,99,101,106,113,114,115" m="27723" machi="37" ten="40,2100,0" yaku="23,1" doraHai="14" who="2" fromWho="2" sc="377,-9,129,-9,372,27,122,-9" /><INIT seed="2,3,0,2,0,30" ten="368,120,399,113" oya="2" hai0="85,101,130,81,52,22,121,23,75,31,89,63,125" hai1="98,45,49,54,97,119,68,59,93,95,106,88,135" hai2="124,12,10,20,120,94,74,103,91,48,34,26,35" hai3="44,18,2,39,64,5,134,13,62,79,4,115,36"/><V128/><F120/><W50/><G134/><T14/><D121/><U86/><E135/><V112/><F112/><W76/><G115/><T127/><D130/><U41/><E68/><V96/><F74/><W42/><G39/><T105/><D75/><U100/><E119/><V28/><F128/><W1/><G36/><T67/><D31/><U80/><REACH who="1" step="1"/><E98/><REACH who="1" ten="368,110,399,113" step="2"/><V65/><F124/><W0/><G76/><T110/><D125/><U126/><E126/><V40/><F65/><W47/><G79/><T104/><D67/><U38/><AGARI ba="3,1" hai="38,41,45,49,54,59,80,86,88,93,95,97,100,106" machi="38" ten="20,5200,0" yaku="1,1,0,1,7,1,54,1,53,0" doraHai="30" doraHaiUra="133" who="1" fromWho="1" sc="368,-16,110,71,399,-29,113,-16" /><INIT seed="3,0,0,4,5,78" ten="352,181,370,97" oya="3" hai0="43,81,77,128,84,20,114,99,116,11,34,24,39" hai1="117,113,112,21,108,27,130,58,100,88,110,115,131" hai2="40,60,13,67,18,97,47,83,93,91,51,121,19" hai3="32,64,1,30,57,44,50,126,41,49,59,82,22"/><W107/><G32/><T9/><D116/><U28/><E100/><V35/><F35/><W53/><G1/><T4/><D128/><N who="1" m="49195" /><E58/><N who="2" m="37271" /><F121/><W124/><G107/><T42/><D114/><N who="1" m="29187" /><U129/><N who="1" m="49203" /><DORA hai="66" /><U125/><DORA hai="2" /><E125/><N who="3" m="48234" /><G30/><N who="0" m="17671" /><D39/><U15/><E117/><V109/><F109/><N who="1" m="42089" /><E88/><V80/><F19/><W55/><G22/><AGARI ba="0,0" hai="13,18,22,40,47,51,80,83,91,93,97" m="37271" machi="22" ten="30,3900,0" yaku="8,1,52,2" doraHai="78,66,2" who="2" fromWho="3" sc="352,0,181,0,370,39,97,-39" owari="352,15.2,181,-21.9,409,50.9,58,-44.2" /></mjloggm>