<mjloggm ver="2.3"><GO type="225" lobby="0"/><UN n0="%72%65%6E%6B%75%6E" n1="%E3%80%90%E3%83%88%E3%83%AA%E3%83%A5%E3%83%95%E3%80%91" n2="%E7%8B%82%E6%B0%97%E3%81%AE%E7%9E%B3" n3="%E7%AB%8B%E8%8A%B1%E9%9F%BF" dan="17,16,16,17" rate="2255.30,2063.37,2038.39,2162.32" sx="M,M,F,F"/><TAIKYOKU oya="0"/><INIT seed="0,0,0,1,2,60" ten="250,250,250,250" oya="0" hai0="74,18,116,53,133,19,32,106,127,64,56,2,70" hai1="23,96,65,129,124,120,121,20,13,15,49,102,89" hai2="93,72,103,125,10,80,59,43,57,100,47,51,94" hai3="92,42,69,17,131,33,115,63,88,14,29,16,67"/><T123/><RYUUKYOKU type="yao9" ba="0,0" sc="250,0,250,0,250,0,250,0" hai0="2,18,19,32,53,56,64,70,74,106,116,123,127,133" /><INIT seed="0,1,0,4,2,20" ten="250,250,250,250" oya="0" hai0="13,103,8,29,107,32,1,133,25,18,3,90,6" hai1="104,57,34,12,109,121,101,68,42,114,22,84,112" hai2="48,81,35,131,119,71,11,94,105,58,26,86,118" hai3="55,110,39,60,79,19,120,17,52,50,59,134,67"/><T127/><D107/><U10/><E68/><V125/><F71/><W126/><G39/><T41/><D103/><U9/><E109/><V2/><F105/><W113/><G113/><N who="1" m="43626" /><E34/><V117/><F131/><W96/><G110/><T16/><D127/><U28/><E121/><V85/><F125/><W77/><G126/><T44/><D133/><U61/><E42/><V64/><F2/><W78/><G134/><T4/><D90/><U66/><E84/><V83/><F11/><W92/><G120/><T7/><REACH who="0" step="1"/><D18/><REACH who="0" ten="240,250,250,250" step="2"/><N who="3" m="6665" /><G50/><AGARI ba="1,1" hai="1,3,4,6,7,8,13,16,25,29,32,41,44,50" machi="50" ten="40,12000,1" yaku="1,1,52,1,54,1,53,1" doraHai="20" doraHaiUra="31" who="0" fromWho="3" sc="240,133,250,0,250,0,250,-123" /><INIT seed="0,2,0,2,0,91" ten="373,250,250,127" oya="0" hai0="43,128,133,102,132,38,16,12,14,3,28,76,62" hai1="84,82,26,51,42,105,81,122,56,130,119,6,22" hai2="10,61,44,5,64,104,40,57,79,99,127,50,129" hai3="30,29,52,23,0,89,83,116,59,19,108,54,35"/><T115/><D3/><U111/><E119/><V15/><F129/><W135/><G116/><T33/><D115/><U120/><E111/><V96/><F104/><W47/><G0/><T49/><D128/><U53/><E130/><V36/><F127/><W7/><G108/><T77/><D38/><U68/><E105/><V55/><REACH who="2" step="1"/><F79/><REACH who="2" ten="373,250,240,127" step="2"/><W60/><G135/><T25/><D76/><U90/><E120/><V8/><F8/><W21/><G35/><T86/><D77/><U114/><E122/><V65/><F65/><W20/><G7/><T31/><D132/><U80/><E6/><V85/><F85/><N who="3" m="50367" /><G19/><T121/><D16/><N who="1" m="12615" /><E114/><V93/><F93/><W109/><G109/><T69/><D133/><U100/><E68/><AGARI ba="2,1" hai="5,10,15,36,40,44,50,55,57,61,64,68,96,99" machi="68" ten="30,7700,0" yaku="1,1,7,1,24,2,53,0" doraHai="91" doraHaiUra="87" who="2" fromWho="1" sc="373,0,250,-83,240,93,127,0" /><INIT seed="1,0,0,1,3,0" ten="373,167,333,127" oya="1" hai0="18,43,125,44,96,94,72,7,17,42,115,121,47" hai1="131,77,78,105,10,3,26,15,19,95,109,82,16" hai2="99,53,9,27,70,122,85,129,81,133,107,132,23" hai3="100,49,88,48,52,62,24,103,92,20,64,91,90"/><U69/><E69/><V56/><F70/><W106/><G106/><T79/><D115/><U13/><E131/><V33/><F129/><W63/><G48/><T6/><D72/><U74/><E105/><V5/><F122/><W37/><G37/><T123/><D79/><U58/><E3/><V80/><F33/><W89/><N who="3" m="22528" /><DORA hai="128" /><W126/><G126/><T75/><D75/><U108/><E78/><V59/><F99/><N who="3" m="59495" /><G64/><T41/><D125/><U118/><E95/><V31/><F107/><W66/><G66/><T93/><D42/><U130/><E130/><V57/><F53/><W124/><G103/><T114/><REACH who="0" step="1"/><D114/><REACH who="0" ten="363,167,333,127" step="2"/><U97/><E97/><AGARI ba="0,1" hai="6,7,17,18,41,43,44,47,93,94,96,97,121,123" machi="97" ten="25,16000,3" yaku="1,1,2,1,22,2,52,2,53,2" doraHai="0,128" doraHaiUra="40,65" who="0" fromWho="1" sc="363,170,167,-160,333,0,127,0" /><INIT seed="2,0,0,3,4,125" ten="533,7,333,127" oya="2" hai0="123,118,110,4,114,71,77,96,82,124,128,101,29" hai1="38,0,98,69,74,39,109,31,116,90,62,59,112" hai2="61,41,1,35,15,22,97,7,126,95,34,47,65" hai3="53,24,32,46,25,119,56,100,87,26,117,51,84"/><V105/><F105/><W55/><G32/><T104/><D114/><U16/><E112/><V63/><F126/><W86/><REACH who="3" step="1"/><G100/><REACH who="3" ten="533,7,333,117" step="2"/><T70/><D101/><U103/><E103/><N who="2" m="60863" /><F35/><W81/><G81/><T49/><D82/><U10/><E116/><V78/><F34/><W106/><G106/><T88/><D104/><U50/><E74/><V91/><F78/><W23/><G23/><T73/><D124/><U60/><E109/><V42/><F91/><W14/><G14/><T68/><D88/><U27/><E0/><V111/><F1/><W129/><G129/><T3/><D77/><U58/><E69/><V30/><F111/><W122/><G122/><T92/><D128/><U57/><E38/><V54/><F15/><W2/><G2/><T130/><D130/><U83/><E39/><V19/><F7/><W133/><G133/><T67/><D4/><U28/><E50/><AGARI ba="0,1" hai="24,25,26,46,50,51,53,55,56,84,86,87,117,119" machi="50" ten="40,1300,0" yaku="1,1,53,0" doraHai="125" doraHaiUra="135" who="3" fromWho="1" sc="533,0,7,-13,333,0,117,23" owari="533,63.3,-6,-50.6,333,13.3,140,-26.0" /></mjloggm>