<mjloggm ver="2.3"><GO type="225" lobby="0"/><UN n0="%E6%B0%B7%E5%B7%9D%E9%87%8C%E5%A5%88" n1="%E5%8D%A0%E3%81%84%E5%B8%AB%E8%A3%8F%E3%81%AA%E3%81%84%E3%81%97" n2="%E3%81%A8%E3%82%93%E3%81%A8%E3%81%93%E3%81%A8%E3%82%93" n3="%E5%8F%AF%E5%85%90%E9%82%A3%E7%94%B1%E5%A4%9A" dan="16,16,16,17" rate="2161.69,2153.44,2096.91,2239.29" sx="F,M,M,F"/><TAIKYOKU oya="0"/><INIT seed="0,0,0,3,3,3" ten="250,250,250,250" oya="0" hai0="15,111,122,44,30,127,7,41,90,46,92,33,73" hai1="79,45,27,40,8,35,112,38,130,120,65,47,107" hai2="36,71,135,61,32,17,31,10,121,102,105,89,5" hai3="57,126,85,75,58,1,53,115,123,25,2,26,70"/><T56/><D122/><U39/><E120/><V62/><F17/><W114/><G123/><T28/><D73/><U69/><E130/><V74/><F121/><W124/><G85/><T104/><D127/><U60/><E79/><V113/><F89/><W129/><G70/><T134/><D104/><U68/><E112/><V37/><F74/><W43/><G75/><T12/><D134/><U98/><E8/><V133/><F113/><W78/><G43/><T52/><D111/><U118/><E118/><V100/><F61/><W24/><G78/><T66/><D66/><U109/><E109/><V50/><F50/><W55/><REACH who="3" step="1"/><G26/><REACH who="3" ten="250,250,250,240" step="2"/><T49/><D46/><U77/><E77/><V80/><F71/><W6/><G6/><T0/><D0/><U14/><E14/><N who="0" m="5161" /><D7/><U19/><E68/><V67/><F5/><W108/><G108/><T110/><D110/><U82/><E47/><V29/><F133/><W101/><G101/><T117/><D117/><U16/><E39/><V132/><F37/><W99/><G99/><N who="0" m="57751" /><D33/><U131/><E131/><AGARI ba="0,1" hai="1,2,24,25,53,55,57,58,114,115,124,126,129,131" machi="131" ten="25,8000,1" yaku="1,1,22,2,53,2" doraHai="3" doraHaiUra="54" who="3" fromWho="1" sc="250,0,250,-80,250,0,240,90" /><INIT seed="1,0,0,1,0,101" ten="250,170,250,330" oya="1" hai0="14,135,120,57,80,132,106,130,124,73,26,78,126" hai1="53,9,38,35,75,1,51,25,95,23,7,29,93" hai2="108,31,72,68,89,49,69,37,2,45,115,34,90" hai3="50,119,64,54,112,118,12,111,123,40,99,128,59"/><U77/><E38/><V5/><F37/><W18/><G123/><T15/><D120/><U32/><E32/><V103/><F72/><W11/><G112/><T82/><D26/><U87/><E75/><V22/><F34/><W84/><G111/><T76/><D57/><U43/><E43/><V28/><F103/><W19/><G128/><T122/><D122/><U63/><E63/><V134/><F134/><N who="0" m="51242" /><D106/><U13/><E77/><N who="0" m="29801" /><D130/><U8/><E87/><V55/><F108/><W20/><G64/><T109/><D109/><U60/><E60/><V33/><F33/><W4/><G40/><T56/><D56/><U110/><E110/><V6/><F115/><W127/><G127/><N who="0" m="48683" /><D73/><U70/><E70/><V116/><F68/><W133/><G133/><T100/><D100/><U83/><E83/><AGARI ba="0,0" hai="14,15,80,82,83" m="48683,29801,51242" machi="83" ten="40,8000,1" yaku="28,2,20,1,18,1" doraHai="101" who="0" fromWho="1" sc="250,80,170,-80,250,0,330,0" /><INIT seed="2,0,0,3,2,73" ten="330,90,250,330" oya="2" hai0="66,49,67,68,134,39,78,8,127,88,111,124,123" hai1="74,83,41,51,65,1,114,129,21,98,94,55,40" hai2="80,71,48,13,103,93,82,34,59,112,72,29,132" hai3="91,130,106,37,9,122,26,69,4,113,90,96,16"/><V64/><F112/><W109/><G122/><T35/><D39/><U116/><E114/><V42/><F71/><W108/><G113/><T62/><D123/><U85/><E116/><V33/><F132/><W117/><G117/><T107/><D111/><N who="3" m="42569" /><G37/><T76/><D134/><U17/><E74/><V2/><F2/><W126/><G69/><T131/><D131/><U121/><E65/><V36/><F36/><W38/><G38/><T101/><D67/><U6/><E129/><V31/><F13/><W30/><G126/><N who="0" m="48171" /><D35/><U95/><E1/><V50/><F93/><W3/><G130/><T84/><D8/><U22/><E6/><V58/><F103/><N who="3" m="62823" /><G16/><T104/><D49/><U27/><E22/><AGARI ba="0,0" hai="3,4,9,22,26,30,90,91" m="62823,42569" machi="22" ten="30,1000,0" yaku="14,1" doraHai="73" who="3" fromWho="1" sc="330,0,90,-10,250,0,330,10" /><INIT seed="3,0,0,3,4,109" ten="330,80,250,340" oya="3" hai0="131,9,8,52,117,36,35,134,106,72,121,110,47" hai1="3,135,123,48,87,28,11,38,118,26,76,31,85" hai2="102,98,95,71,14,127,16,22,70,100,86,111,4" hai3="24,62,88,57,105,68,21,63,119,29,114,115,40"/><W120/><G119/><T128/><D117/><U97/><E118/><V2/><F111/><W129/><G120/><T13/><D121/><U93/><E38/><V101/><F127/><W125/><G105/><T126/><D110/><U124/><E123/><V99/><F102/><W5/><G125/><T55/><D126/><U43/><E124/><V65/><F86/><W17/><G129/><N who="0" m="49739" /><D134/><U6/><E135/><V51/><F51/><W46/><G5/><N who="0" m="3215" /><D35/><U53/><E43/><V42/><F42/><W80/><G68/><T41/><D72/><U91/><E76/><V116/><F65/><W18/><G115/><T15/><D106/><U32/><E28/><V81/><F81/><W49/><G114/><T50/><D36/><U133/><E133/><V113/><F116/><W132/><G132/><T96/><D96/><U10/><E10/><V25/><F2/><W89/><G63/><T27/><D27/><U56/><E87/><V7/><F113/><W108/><G108/><T130/><D130/><U59/><E85/><V60/><F60/><W23/><G80/><T90/><D90/><N who="3" m="34921" /><G23/><T75/><D75/><U94/><E94/><N who="2" m="58455" /><F70/><W12/><G12/><T104/><D104/><U64/><E64/><AGARI ba="0,0" hai="17,18,21,24,29,40,46,49,57,62,64" m="34921" machi="64" ten="30,2900,0" yaku="8,1,54,1" doraHai="109" who="3" fromWho="1" sc="330,0,80,-29,250,0,340,29" owari="330,13.0,51,-44.9,250,-15.0,369,46.9" /></mjloggm>