<mjloggm ver="2.3"><GO type="225" lobby="0"/><UN n0="%E5%AE%AE%E4%BF%9D%E9%B6%8F%E8%82%89" n1="%E4%BA%AE%E6%B5%81%E6%89%93%E8%80%85" n2="%E3%83%A9%E3%82%A4%E3%83%B3%E3%81%AE%E8%99%8E" n3="%E3%81%BE%E3%81%A8%E3%81%9F" dan="16,16,16,16" rate="2135.28,2101.57,2057.62,2100.44" sx="M,F,M,M"/><TAIKYOKU oya="0"/><INIT seed="0,0,0,5,2,79" ten="250,250,250,250" oya="0" hai0="98,106,133,62,60,52,122,70,84,49,113,77,2" hai1="67,31,110,16,12,96,1,99,135,48,19,65,134" hai2="23,13,25,73,95,103,117,72,119,43,5,26,80" hai3="8,131,38,75,18,124,53,74,64,29,63,10,54"/><T3/><D113/><U87/><E1/><V93/><F43/><W14/><G38/><T114/><D114/><U61/><E31/><V51/><F51/><W129/><G29/><T132/><D122/><U24/><E110/><V20/><F103/><W85/><G124/><T41/><D41/><U50/><E87/><V37/><F13/><W39/><G39/><T108/><D108/><U120/><E12/><V86/><F86/><W78/><G85/><T36/><D36/><U58/><E58/><V82/><REACH who="2" step="1"/><F37/><REACH who="2" ten="250,250,240,250" step="2"/><W17/><G75/><T27/><D49/><U71/><E120/><V88/><F88/><W105/><G74/><T47/><D84/><U127/><E127/><V115/><F115/><W66/><G78/><T128/><D77/><U104/><E134/><V97/><F97/><N who="1" m="37449" /><E135/><V59/><F59/><W126/><G14/><T44/><D98/><U9/><E71/><V89/><F89/><W101/><G101/><T94/><D70/><U76/><E76/><V109/><F109/><W0/><G126/><T83/><D94/><U130/><E50/><V42/><F42/><W81/><G63/><T125/><D125/><U55/><E61/><V91/><F91/><W28/><G105/><T107/><D133/><U35/><E104/><V92/><F92/><W69/><G69/><T112/><D132/><U102/><E102/><V46/><F46/><W57/><G57/><T7/><D112/><U34/><E48/><V116/><F116/><W121/><G121/><T111/><D111/><U11/><E11/><V6/><AGARI ba="0,1" hai="5,6,20,23,25,26,72,73,80,82,93,95,117,119" machi="6" ten="25,12000,2" yaku="1,1,0,1,22,2,52,2,53,0" doraHai="79" doraHaiUra="4" who="2" fromWho="2" sc="250,-60,250,-30,240,130,250,-30" /><INIT seed="1,0,0,4,0,43" ten="190,220,370,220" oya="1" hai0="75,130,114,133,118,105,70,48,2,129,58,73,117" hai1="5,4,131,24,51,135,93,68,49,101,124,35,39" hai2="132,63,64,17,25,77,108,26,109,126,50,42,89" hai3="3,110,78,55,127,21,74,31,90,79,121,8,53"/><U119/><E68/><V22/><F77/><W29/><G121/><T12/><D12/><U1/><E119/><N who="0" m="45577" /><D2/><U57/><E39/><V41/><F126/><W72/><G90/><T60/><D105/><U76/><E76/><V81/><F132/><W116/><G3/><T7/><D7/><N who="1" m="2635" /><E1/><V86/><F25/><W111/><G116/><T37/><D75/><U30/><E135/><V32/><F32/><W113/><G113/><T33/><D33/><U9/><E9/><V120/><F120/><W38/><G38/><T69/><D73/><U85/><E124/><V20/><F20/><W83/><G83/><T87/><D87/><U0/><E0/><V102/><F102/><W16/><G127/><T18/><D18/><U34/><E34/><V98/><F98/><W104/><G104/><T61/><D37/><U46/><E57/><V92/><F81/><W62/><G62/><N who="0" m="24171" /><D133/><U6/><E101/><V84/><F22/><W122/><G21/><T36/><D36/><U123/><E6/><V19/><F19/><W66/><G16/><T96/><D96/><U103/><E103/><V95/><F17/><W125/><G125/><T100/><D100/><U52/><E35/><V45/><F26/><W47/><G8/><T14/><D114/><U134/><E134/><V97/><F86/><W27/><G27/><T112/><D112/><U106/><E106/><V99/><F84/><W94/><G122/><T115/><D115/><U71/><E123/><V40/><F97/><W28/><G72/><T91/><D14/><U54/><E24/><V107/><F107/><W128/><G74/><RYUUKYOKU ba="0,0" sc="190,0,220,0,370,0,220,0" /><INIT seed="2,1,0,2,0,102" ten="190,220,370,220" oya="2" hai0="131,108,16,38,101,80,109,32,81,76,122,71,1" hai1="24,128,120,94,11,127,126,93,68,104,56,64,66" hai2="43,20,33,95,8,31,35,63,90,14,87,61,82" hai3="18,54,72,132,85,89,7,67,99,65,115,62,70"/><V42/><F33/><W40/><G132/><T13/><D122/><U103/><E68/><V105/><F105/><W46/><G72/><T34/><D1/><U3/><E120/><V51/><F35/><N who="0" m="13354" /><D71/><U6/><E24/><N who="2" m="16775" /><F95/><N who="1" m="36361" /><E128/><V75/><F75/><W73/><G67/><N who="1" m="25642" /><E103/><V135/><F135/><W111/><G73/><T10/><D38/><U112/><E112/><V97/><F97/><W53/><G99/><T15/><D131/><U59/><E104/><V124/><F124/><AGARI ba="1,0" hai="3,6,11,56,59,124,126,127" m="25642,36361" machi="124" ten="30,1000,0" yaku="18,1" doraHai="102" who="1" fromWho="2" sc="190,0,220,13,370,-13,220,0" /><INIT seed="3,0,0,5,5,101" ten="190,233,357,220" oya="3" hai0="44,91,12,65,27,2,69,83,116,51,108,102,126" hai1="84,81,31,133,90,28,97,103,107,80,135,1,24" hai2="48,110,0,86,17,14,8,4,93,132,19,106,89" hai3="72,6,88,85,77,66,96,95,55,41,113,130,33"/><W71/><G113/><T10/><D108/><U9/><E80/><V22/><F110/><W111/><G33/><T52/><D116/><U123/><E123/><V13/><F132/><N who="1" m="50761" /><E24/><V50/><F106/><W100/><G111/><T16/><D126/><U87/><E87/><V49/><F49/><W60/><G41/><T53/><D2/><U57/><E57/><V75/><F75/><W118/><G130/><T59/><D102/><U125/><E125/><V124/><F124/><W115/><G115/><T47/><D69/><U121/><E121/><V3/><F3/><W56/><G6/><AGARI ba="0,0" hai="1,6,9,28,31,81,84,90,97,103,107" m="50761" machi="6" ten="30,2000,0" yaku="20,1,52,1" doraHai="101" who="1" fromWho="3" sc="190,0,233,20,357,0,220,-20" owari="190,-31.0,253,5.3,357,45.7,200,-20.0" /></mjloggm>