<mjloggm ver="2.3"><GO type="225" lobby="0"/><UN n0="%72%69%6F%75%63%68%61%6E" n1="%E2%91%A3%E9%81%BF%E9%81%8A%E6%88%AF%E3%80%90%E6%9D%B1%E5%8D%97%E3%80%91" n2="%E6%98%93%E5%88%A9%E8%96%A9%E4%BC%AF" n3="%41%54%53%4D" dan="17,16,16,16" rate="2232.91,2122.75,2108.11,2096.96" sx="M,M,F,M"/><TAIKYOKU oya="0"/><INIT seed="0,0,0,4,0,5" ten="250,250,250,250" oya="0" hai0="46,81,84,37,107,105,95,134,116,90,69,2,12" hai1="101,23,29,36,102,135,117,15,34,38,113,39,70" hai2="73,126,130,89,85,111,7,60,8,50,131,68,17" hai3="124,51,0,44,119,100,92,13,79,40,63,110,53"/><T88/><D116/><U96/><E117/><V99/><F73/><W93/><G0/><T77/><D2/><U120/><E113/><V66/><F99/><W71/><G119/><T122/><D122/><U35/><E120/><V132/><F111/><W9/><G110/><T118/><D118/><U1/><E135/><V43/><F126/><W108/><G108/><T121/><D121/><U11/><E102/><V54/><F43/><W28/><G124/><T115/><D115/><U16/><E70/><V3/><F17/><W65/><G28/><T129/><D69/><U30/><E1/><V25/><F25/><W19/><G79/><T33/><D33/><U128/><E128/><V6/><F6/><W10/><G100/><T78/><D134/><U83/><E83/><V20/><F20/><W87/><G87/><N who="0" m="52639" /><D12/><U94/><REACH who="1" step="1"/><E23/><REACH who="1" ten="250,240,250,250" step="2"/><V26/><F132/><W57/><REACH who="3" step="1"/><G9/><REACH who="3" ten="250,240,250,240" step="2"/><T4/><D129/><U48/><E48/><AGARI ba="0,2" hai="10,13,19,40,44,48,51,53,57,63,65,71,92,93" machi="48" ten="30,7700,0" yaku="1,1,2,1,7,1,52,1,53,0" doraHai="5" doraHaiUra="82" who="3" fromWho="1" sc="250,0,240,-77,250,0,240,97" /><INIT seed="1,0,0,0,2,69" ten="250,163,250,337" oya="1" hai0="131,84,118,9,127,124,43,123,20,40,129,116,52" hai1="29,11,102,5,83,34,12,23,72,51,55,37,77" hai2="94,96,112,42,27,10,133,103,78,15,61,128,90" hai3="19,31,109,113,18,8,36,93,117,62,121,82,110"/><U73/><E102/><V114/><F133/><W14/><G121/><T99/><D9/><U2/><E72/><V134/><F134/><W86/><G113/><N who="2" m="43625" /><F128/><N who="0" m="49226" /><D99/><U64/><E64/><V104/><F78/><W111/><G117/><N who="0" m="45163" /><D20/><U126/><E126/><N who="0" m="48169" /><D84/><U108/><E108/><V6/><F27/><W76/><G31/><T75/><D75/><U81/><E83/><V21/><F21/><W120/><G120/><T47/><D123/><U65/><E65/><V85/><F61/><W106/><G62/><T63/><D47/><U24/><E34/><V88/><F90/><N who="3" m="53463" /><G106/><T87/><D87/><U3/><REACH who="1" step="1"/><E37/><REACH who="1" ten="250,153,250,337" step="2"/><V70/><F103/><W67/><G36/><T98/><D98/><U59/><AGARI ba="0,1" hai="2,3,5,11,12,23,24,29,51,55,59,73,77,81" machi="59" ten="20,7800,0" yaku="1,1,2,1,0,1,7,1,53,0" doraHai="69" doraHaiUra="115" who="1" fromWho="1" sc="250,-26,153,88,250,-26,337,-26" /><INIT seed="1,1,0,3,4,107" ten="224,241,224,311" oya="1" hai0="31,48,11,94,101,69,18,6,67,2,36,43,118" hai1="96,22,55,108,119,83,112,7,39,32,29,123,49" hai2="125,9,128,68,78,58,57,89,80,98,102,66,50" hai3="10,77,16,72,62,74,91,23,30,93,14,109,5"/><U106/><E123/><V135/><F125/><W130/><G77/><T35/><D118/><U61/><E119/><V59/><F135/><W51/><G109/><T133/><D133/><U52/><E108/><V3/><F128/><W127/><G127/><T120/><D120/><U25/><E39/><V33/><F33/><W73/><G130/><T1/><D36/><U110/><E110/><V17/><F89/><W64/><G51/><T41/><D1/><U45/><E112/><V86/><F50/><W97/><G30/><T117/><D117/><U27/><E7/><V75/><F86/><W100/><G91/><T20/><D48/><U105/><E96/><V115/><F115/><W71/><REACH who="3" step="1"/><G74/><REACH who="3" ten="224,241,224,301" step="2"/><T82/><D31/><U90/><E61/><V114/><F114/><W81/><G81/><T47/><D82/><U131/><E131/><V24/><F80/><W124/><G124/><T104/><D101/><U132/><E132/><V103/><F78/><W40/><G40/><T8/><D41/><U99/><E55/><V113/><F113/><W38/><G38/><T44/><D43/><U0/><E83/><V13/><F103/><W19/><G19/><T26/><D18/><U126/><E126/><V111/><F111/><W122/><G122/><T60/><D6/><U21/><E90/><V28/><F75/><W15/><AGARI ba="1,1" hai="5,10,14,15,16,23,62,64,71,72,73,93,97,100" machi="15" ten="20,12000,2" yaku="1,1,0,1,7,1,52,2,54,1,53,0" doraHai="107" doraHaiUra="54" who="3" fromWho="3" sc="224,-31,241,-61,224,-31,301,133" /><INIT seed="2,0,0,3,3,61" ten="193,180,193,434" oya="2" hai0="59,110,12,98,44,21,77,33,106,85,40,68,18" hai1="63,55,10,102,16,73,35,2,82,93,36,117,99" hai2="129,124,1,45,128,39,126,37,14,72,27,30,104" hai3="46,51,38,132,89,78,13,25,81,92,53,121,24"/><V48/><F72/><W42/><G132/><T5/><D68/><U22/><E117/><V105/><F14/><W75/><G13/><T91/><D33/><U20/><E35/><V26/><F1/><W95/><G121/><T125/><D110/><U79/><E36/><N who="2" m="13899" /><F30/><W0/><G0/><T54/><D125/><N who="2" m="48234" /><F48/><W87/><G95/><T120/><D120/><U74/><E73/><V107/><F45/><AGARI ba="0,0" hai="24,25,38,42,45,46,51,53,75,78,81,87,89,92" machi="45" ten="30,1000,0" yaku="7,1" doraHai="61" who="3" fromWho="2" sc="193,0,180,0,193,-10,434,10" /><INIT seed="3,0,0,0,0,46" ten="193,180,183,444" oya="3" hai0="87,17,123,99,135,55,32,96,107,31,132,27,127" hai1="51,69,79,22,21,71,77,119,2,120,14,20,125" hai2="65,36,4,3,11,91,108,124,82,30,59,100,81" hai3="114,57,104,94,84,18,61,102,126,15,113,128,130"/><W45/><G104/><T1/><D127/><U129/><E120/><V29/><F36/><W28/><G126/><T121/><D1/><U33/><E125/><V9/><F124/><W58/><G28/><N who="2" m="10857" /><F3/><W92/><G45/><T78/><D55/><U39/><E2/><V34/><F34/><W122/><G122/><N who="0" m="46603" /><D107/><U37/><E33/><V19/><F100/><W53/><G57/><T64/><D64/><U68/><E14/><N who="2" m="5415" /><F108/><W10/><G92/><T52/><D17/><U50/><E119/><V83/><F91/><N who="3" m="53607" /><G102/><T40/><D40/><U90/><E90/><V134/><F134/><N who="0" m="51242" /><D52/><U115/><E115/><V109/><F109/><W60/><G60/><T63/><D63/><U106/><E106/><V23/><F65/><W44/><G44/><T93/><D93/><U89/><E89/><V97/><F59/><W76/><G58/><T56/><D56/><U66/><E66/><V43/><F43/><W103/><G53/><T54/><D54/><U6/><E6/><V13/><F97/><W117/><G61/><T74/><D74/><U111/><E111/><V72/><F72/><W101/><G114/><T118/><D118/><U70/><N who="1" m="17408" /><DORA hai="16" /><U42/><E42/><V26/><F83/><AGARI ba="0,0" hai="27,31,32,78,83,87,96,99" m="51242,46603" machi="83" ten="30,1000,0" yaku="20,1" doraHai="46,16" who="0" fromWho="2" sc="193,10,180,0,183,-10,444,0" owari="203,0.3,180,-22.0,173,-32.7,444,54.4" /></mjloggm>