<mjloggm ver="2.3"><GO type="225" lobby="0"/><UN n0="%4C%4F%4C%49%54%41" n1="%E3%81%A1%E3%82%85%E3%81%86%E3%81%A9%E3%81%8F%E8%B1%A1%E3%81%95%E3%82%93" n2="%E6%80%AA%E3%81%97%E3%81%99%E3%81%8E%E3%82%8B%E3%83%81%E3%83%BC" n3="%E7%89%B9%E6%9D%B1%E3%81%AF%E4%B8%96%E7%95%8C%E3%82%92%E6%95%91%E3%81%86" dan="16,16,17,16" rate="2189.28,2081.83,2154.02,2138.02" sx="F,M,M,M"/><TAIKYOKU oya="0"/><INIT seed="0,0,0,1,1,16" ten="250,250,250,250" oya="0" hai0="94,3,97,13,47,39,35,83,49,64,14,129,54" hai1="58,115,11,135,125,102,111,62,50,133,1,85,80" hai2="76,118,99,63,109,22,128,31,10,19,71,6,65" hai3="130,44,86,121,107,114,67,105,74,126,79,113,2"/><T96/><D3/><U110/><E1/><V37/><F37/><W104/><G2/><T112/><D112/><N who="3" m="43113" /><G44/><T117/><D117/><U91/><E11/><V127/><F109/><N who="1" m="41481" /><E115/><V17/><F128/><W34/><G67/><T27/><D129/><U42/><E125/><V101/><F127/><W38/><G38/><T9/><D39/><U119/><E102/><V48/><F76/><W120/><G34/><T124/><D124/><U77/><E119/><V25/><F118/><W106/><G126/><T12/><D64/><N who="1" m="38999" /><E77/><V95/><REACH who="2" step="1"/><F48/><REACH who="2" ten="250,250,240,250" step="2"/><W66/><G130/><T75/><D49/><U21/><E50/><V57/><F57/><W72/><N who="3" m="26624" /><DORA hai="43" /><W116/><G116/><T51/><D51/><U52/><E135/><V55/><F55/><W70/><G70/><T41/><D54/><U15/><E133/><V59/><F59/><W100/><G66/><T60/><D41/><U132/><E132/><V8/><F8/><W73/><G100/><T24/><D9/><U23/><E42/><V92/><F92/><W98/><G98/><T0/><D94/><U61/><E15/><AGARI ba="0,1" hai="6,10,15,17,19,22,25,31,63,65,71,95,99,101" machi="15" ten="30,7700,0" yaku="1,1,7,1,52,1,53,1" doraHai="16,43" doraHaiUra="78,88" who="2" fromWho="1" sc="250,0,250,-77,240,87,250,0" /><INIT seed="1,0,0,4,4,99" ten="250,173,327,250" oya="1" hai0="9,57,26,7,131,55,104,78,46,1,53,117,73" hai1="119,74,72,132,54,18,123,21,108,85,98,130,112" hai2="105,94,5,2,97,90,100,122,37,135,50,70,87" hai3="24,92,0,75,49,29,51,41,77,107,124,102,42"/><U4/><E112/><V101/><F37/><W80/><G124/><T32/><D117/><U127/><E119/><V109/><F122/><W68/><G68/><T125/><D104/><U11/><E123/><V56/><F70/><W47/><G0/><T64/><D131/><U116/><E116/><V93/><F109/><W133/><G107/><T79/><D125/><U27/><E127/><V58/><F135/><W60/><G133/><T71/><D73/><U118/><E118/><V120/><F120/><W13/><G60/><T91/><D46/><U31/><E132/><V30/><F30/><W82/><G82/><T52/><D71/><U33/><E130/><V39/><F39/><W28/><G13/><T106/><D106/><U81/><E98/><V86/><F105/><W19/><G19/><T66/><D91/><U134/><E54/><N who="2" m="31831" /><F2/><W62/><G62/><T8/><D8/><U128/><E128/><V20/><F5/><W44/><G24/><T23/><D32/><U35/><E134/><V45/><F58/><W36/><G36/><T43/><D57/><U76/><E108/><V111/><F45/><W89/><REACH who="3" step="1"/><G102/><REACH who="3" ten="250,173,327,240" step="2"/><T15/><D1/><N who="1" m="399" /><E33/><V34/><F34/><W95/><G95/><T40/><D64/><U103/><E103/><N who="2" m="60847" /><F111/><W10/><G10/><T110/><D110/><U113/><E113/><V121/><F121/><W14/><G14/><AGARI ba="0,1" hai="14,18,21,27,31,35,72,74,76,81,85" m="399" machi="14" ten="30,1500,0" yaku="24,1" doraHai="99" who="1" fromWho="3" sc="250,0,173,25,327,0,240,-15" /><INIT seed="1,1,0,0,4,127" ten="250,198,327,225" oya="1" hai0="39,34,93,11,3,21,69,10,74,60,92,72,20" hai1="77,25,133,102,63,75,17,99,55,97,134,8,45" hai2="117,135,122,130,94,13,123,83,9,116,27,12,50" hai3="81,64,121,16,91,95,114,128,96,48,101,58,85"/><U43/><E75/><V111/><F50/><W18/><G121/><N who="2" m="46089" /><F94/><W56/><G114/><T84/><D39/><U124/><E77/><V4/><F83/><W82/><G128/><T66/><D34/><U113/><E113/><V37/><F130/><W80/><G56/><T15/><D3/><U68/><E124/><V52/><F52/><W103/><G103/><T42/><D42/><U38/><E99/><V32/><F37/><W59/><G59/><T132/><D15/><N who="2" m="5706" /><F111/><W107/><REACH who="3" step="1"/><G48/><REACH who="3" ten="250,198,327,215" step="2"/><T106/><D69/><U86/><E68/><V109/><F109/><W105/><G105/><T131/><D106/><U88/><E63/><AGARI ba="1,1" hai="16,18,58,63,64,80,81,82,85,91,95,96,101,107" machi="63" ten="40,5200,0" yaku="1,1,54,1,53,1" doraHai="127" doraHaiUra="54" who="3" fromWho="1" sc="250,0,198,-55,327,0,215,65" /><INIT seed="2,0,0,1,0,38" ten="250,143,327,280" oya="2" hai0="49,27,94,96,113,44,47,37,111,119,95,106,132" hai1="135,34,103,64,33,58,71,12,59,80,19,50,93" hai2="69,10,18,15,126,73,70,68,25,129,5,24,133" hai3="40,101,112,0,87,127,62,98,90,108,117,88,51"/><V131/><F73/><W4/><G117/><T60/><D113/><U3/><E3/><V86/><F126/><W102/><G127/><T67/><D111/><U6/><E71/><V43/><F133/><W97/><G108/><T65/><D132/><U125/><E135/><V45/><F86/><W2/><G112/><T36/><D119/><U104/><E125/><V130/><REACH who="2" step="1"/><F5/><REACH who="2" ten="250,143,317,280" step="2"/><W115/><G4/><T82/><D96/><U56/><E6/><V54/><F54/><W83/><G115/><T107/><D65/><U16/><E64/><V109/><F109/><W13/><G87/><T89/><D67/><U63/><E80/><V26/><F26/><W14/><G83/><T100/><D27/><U9/><E104/><V17/><F17/><W21/><G97/><T41/><D107/><U55/><E19/><V124/><F124/><W11/><G98/><T57/><D106/><U114/><E114/><V23/><F23/><W99/><G99/><T72/><D72/><U79/><E33/><V121/><F121/><W66/><G21/><T92/><D82/><U35/><E34/><V77/><F77/><W8/><G8/><T31/><D94/><U53/><E79/><V76/><F76/><W85/><G85/><T22/><D92/><U7/><E35/><V74/><F74/><W32/><G11/><T116/><D95/><U128/><E93/><V78/><F78/><W20/><G32/><T134/><D134/><U46/><E7/><V30/><F30/><W91/><G20/><T52/><D31/><U81/><E81/><V123/><F123/><W28/><G28/><RYUUKYOKU ba="0,1" sc="250,-10,143,-10,317,30,280,-10" hai2="10,15,18,24,25,43,45,68,69,70,129,130,131" /><INIT seed="2,1,1,4,4,108" ten="240,133,347,270" oya="2" hai0="25,34,46,5,116,0,10,78,18,35,97,30,134" hai1="49,87,94,118,33,36,14,88,105,29,91,38,17" hai2="54,117,75,12,11,107,62,19,16,4,51,60,123" hai3="56,122,59,95,103,106,101,77,76,26,104,131,3"/><V90/><F117/><W41/><G3/><T125/><D116/><U127/><E118/><V40/><F75/><W44/><G122/><T85/><D134/><U15/><E105/><V7/><F107/><W89/><G131/><T109/><D109/><U64/><E127/><V135/><F135/><W99/><G106/><T24/><D125/><U22/><E64/><V42/><F19/><W66/><G26/><T58/><D97/><U110/><E110/><V53/><F90/><W128/><G128/><T69/><D69/><U113/><E14/><V31/><F31/><W57/><G66/><T93/><D58/><U37/><E91/><V83/><F83/><W61/><G61/><N who="2" m="23657" /><F54/><W124/><G124/><T67/><D34/><U100/><E100/><N who="3" m="38474" /><G104/><T6/><D35/><U21/><E33/><V8/><F8/><W27/><G27/><T82/><D30/><U126/><E126/><V70/><F70/><W96/><G77/><T71/><D71/><U115/><REACH who="1" step="1"/><E49/><REACH who="1" ten="240,123,347,270" step="2"/><V74/><F51/><N who="3" m="27023" /><G76/><T92/><D78/><U20/><E20/><V119/><F119/><W65/><G65/><T23/><D67/><U55/><E55/><V86/><F53/><W73/><G89/><T47/><D23/><U120/><E120/><V111/><F123/><W48/><G48/><T81/><D0/><U9/><E9/><V114/><F11/><W43/><G43/><T32/><D10/><U132/><E132/><V28/><F40/><W2/><G2/><T80/><D32/><U63/><E63/><V68/><F42/><W130/><G130/><T50/><D50/><U1/><E1/><RYUUKYOKU ba="1,2" sc="240,-10,123,30,347,-10,270,-10" hai1="15,17,21,22,29,36,37,38,87,88,94,113,115" /><INIT seed="3,2,2,3,3,48" ten="230,153,337,260" oya="3" hai0="31,91,94,113,135,1,63,9,35,116,87,27,45" hai1="32,7,47,54,13,49,76,109,28,23,19,57,58" hai2="101,96,118,65,83,112,44,72,11,98,52,39,25" hai3="12,34,55,53,85,46,130,17,15,0,14,95,89"/><W51/><G0/><T56/><D116/><U73/><E109/><V74/><F112/><W111/><G111/><T59/><D113/><U84/><E73/><V80/><F65/><W41/><G34/><T120/><D120/><U125/><E125/><V81/><F11/><W36/><G130/><T10/><D135/><U129/><E129/><V79/><F25/><W26/><G36/><T29/><D29/><U38/><E7/><V24/><F24/><W93/><G95/><T69/><D69/><U86/><E76/><V6/><F6/><W122/><G122/><T22/><D1/><U103/><E103/><V105/><F72/><W8/><G8/><N who="0" m="3179" /><D35/><U107/><E107/><V110/><F118/><W97/><G97/><T2/><D2/><U43/><REACH who="1" step="1"/><E57/><REACH who="1" ten="230,143,337,260" step="2"/><V117/><F79/><W3/><G3/><T104/><D104/><U124/><E124/><V71/><F101/><W37/><G37/><T77/><D77/><U61/><E61/><V92/><F39/><W90/><G89/><T102/><D102/><U131/><E131/><V123/><F105/><W88/><G90/><T40/><D63/><U68/><E68/><V132/><F71/><W75/><G75/><T20/><D59/><U119/><E119/><V30/><F74/><W100/><G100/><T133/><D56/><U108/><E108/><V67/><F110/><W16/><G17/><T121/><D121/><U5/><E5/><V33/><F117/><W18/><G16/><T128/><D128/><U42/><E42/><V21/><F123/><W115/><G115/><T114/><D114/><U126/><E126/><RYUUKYOKU ba="2,3" sc="230,-15,143,15,337,-15,260,15" hai1="13,19,23,28,32,38,43,47,49,54,58,84,86" hai3="12,14,15,18,26,41,46,51,53,55,85,88,93" /><INIT seed="3,3,3,4,3,94" ten="215,158,322,275" oya="3" hai0="106,119,3,63,50,12,115,41,30,66,129,10,42" hai1="86,93,77,72,40,5,16,46,69,114,8,31,123" hai2="43,113,19,103,22,18,135,110,120,88,96,80,37" hai3="70,101,54,29,26,128,121,85,25,105,102,0,118"/><W124/><G118/><T47/><D119/><U109/><E123/><V7/><F113/><W15/><G121/><T108/><D106/><U131/><E114/><V20/><F110/><W62/><G0/><T89/><D115/><U84/><E69/><V34/><F34/><W100/><G128/><T33/><D3/><N who="1" m="63" /><E109/><V116/><F135/><W73/><G73/><T91/><D108/><U111/><E111/><V52/><F7/><W61/><G105/><T4/><D129/><U122/><E131/><V49/><F43/><W65/><G124/><T23/><D33/><U134/><E122/><V127/><F37/><W32/><G26/><N who="0" m="16735" /><D42/><U53/><E134/><V35/><F35/><W76/><G15/><T2/><D2/><U82/><E31/><V1/><F1/><W9/><G9/><T27/><D27/><U68/><E68/><V98/><F127/><W24/><G24/><T125/><D125/><U56/><E16/><N who="2" m="6187" /><F103/><W104/><G104/><T60/><D66/><U132/><E93/><V130/><F130/><W112/><G112/><T6/><D4/><U57/><E132/><V13/><F13/><W133/><G133/><T107/><D107/><U75/><E75/><V81/><F116/><W38/><G38/><T58/><D58/><N who="1" m="22635" /><E53/><V67/><F67/><W44/><G62/><AGARI ba="3,3" hai="6,10,12,41,47,50,60,62,63,89,91" m="16735" machi="62" ten="30,1000,0" yaku="8,1" doraHai="94" who="0" fromWho="3" sc="215,49,158,0,322,0,275,-19" owari="264,6.4,158,-34.2,322,42.2,256,-14.4" /></mjloggm>