<mjloggm ver="2.3"><GO type="225" lobby="0"/><UN n0="%E9%80%9F%E6%B0%B4%E5%87%9B%E9%A6%99" n1="%E3%83%AD%E3%83%83%E3%83%86%E9%9B%80%E7%90%83" n2="%E8%81%B7%E6%A5%AD%E3%80%81%E9%A2%A8%32" n3="%E9%81%85%E5%88%BB%E3%81%AE%E3%83%97%E3%83%AA%E3%83%B3%E3%82%B9%E2%99%AA" dan="16,17,16,16" rate="2068.17,2249.17,2125.37,2174.52" sx="F,M,M,F"/><TAIKYOKU oya="0"/><INIT seed="0,0,0,4,3,53" ten="250,250,250,250" oya="0" hai0="135,71,34,4,54,42,35,84,88,91,126,21,20" hai1="8,51,14,101,119,111,77,68,90,81,67,11,9" hai2="107,83,26,25,64,0,12,118,23,117,116,40,44" hai3="46,65,133,104,103,120,57,95,39,85,55,132,38"/><T36/><D71/><U121/><E119/><V41/><F107/><W22/><G120/><T50/><D4/><U49/><E121/><V13/><F0/><W19/><G104/><T108/><D135/><N who="3" m="51785" /><G65/><T128/><D128/><U6/><E111/><V123/><F123/><W129/><G46/><T82/><D108/><U29/><E29/><V2/><F2/><W30/><G30/><T99/><D126/><U92/><E101/><V79/><F64/><W98/><G85/><T125/><D125/><U70/><E70/><V1/><F1/><W16/><G129/><T78/><D42/><N who="2" m="16490" /><F44/><W17/><G22/><T102/><D36/><U47/><E67/><V52/><F52/><W27/><G27/><N who="2" m="10249" /><F23/><W61/><AGARI ba="0,0" hai="16,17,19,38,39,55,57,61,95,98,103" m="51785" machi="61" ten="30,4000,0" yaku="20,1,52,1,54,1" doraHai="53" who="3" fromWho="3" sc="250,-20,250,-10,250,-10,250,40" /><INIT seed="1,0,0,2,0,116" ten="230,240,240,290" oya="1" hai0="18,94,53,60,133,34,49,97,124,36,31,122,111" hai1="109,81,85,4,119,58,19,38,0,130,98,42,3" hai2="88,9,96,33,54,17,45,50,66,21,89,91,108" hai3="127,82,69,32,129,121,135,15,48,93,63,107,134"/><U23/><E119/><V56/><F108/><W76/><G32/><T71/><D36/><U90/><E109/><V47/><F33/><W83/><G107/><T51/><D111/><U12/><E130/><V24/><F96/><W87/><G129/><T59/><D133/><N who="3" m="50697" /><G127/><T5/><D124/><U113/><E113/><V92/><F92/><W117/><G117/><T126/><D5/><U46/><E4/><V55/><F66/><N who="3" m="41183" /><G121/><T115/><D126/><U128/><E128/><V44/><REACH who="2" step="1"/><F9/><REACH who="2" ten="230,240,230,290" step="2"/><W86/><G93/><T41/><D94/><U7/><E98/><V120/><F120/><W14/><G48/><AGARI ba="0,1" hai="17,21,24,44,45,47,48,50,54,55,56,88,89,91" machi="48" ten="40,5200,0" yaku="1,1,8,1,54,1,53,0" doraHai="116" doraHaiUra="57" who="2" fromWho="3" sc="230,0,240,0,230,62,290,-52" /><INIT seed="2,0,0,4,0,55" ten="230,240,292,238" oya="2" hai0="10,13,14,128,4,39,84,119,86,70,42,102,100" hai1="24,47,61,130,0,124,5,111,45,77,16,126,26" hai2="71,74,7,76,3,15,40,6,33,46,53,90,9" hai3="36,78,18,93,56,110,103,2,22,43,29,127,101"/><V21/><F33/><W87/><G2/><T116/><D70/><U23/><E111/><V69/><F53/><W134/><G110/><T35/><D35/><U118/><E118/><N who="0" m="45097" /><D128/><U121/><E130/><V104/><F90/><W20/><G127/><N who="1" m="48682" /><E121/><V27/><F104/><W49/><G134/><T135/><D135/><U117/><E117/><V54/><F54/><N who="3" m="31823" /><G36/><T65/><D65/><U63/><E77/><V85/><F7/><W32/><G32/><T132/><D132/><U133/><E133/><V96/><F96/><W38/><G38/><T60/><D60/><N who="1" m="23115" /><E26/><V51/><F74/><W67/><G67/><T72/><D72/><U115/><E115/><V1/><F1/><W44/><G29/><T94/><D42/><U98/><E98/><V59/><F3/><W131/><G131/><T105/><D39/><U19/><E19/><N who="2" m="12735" /><F59/><W89/><G78/><T106/><D106/><U62/><E62/><V79/><F79/><W81/><G22/><T28/><D105/><U91/><E91/><V82/><AGARI ba="0,0" hai="6,9,15,40,46,51,69,71,76,82,85" m="12735" machi="82" ten="30,1500,0" yaku="25,1" doraHai="55" who="2" fromWho="2" sc="230,-5,240,-5,292,15,238,-5" /><INIT seed="2,1,0,3,3,108" ten="225,235,307,233" oya="2" hai0="122,99,102,28,132,77,47,120,81,95,64,27,54" hai1="75,36,134,72,17,133,118,101,13,15,19,49,92" hai2="78,114,37,98,69,53,115,14,48,70,32,117,23" hai3="25,8,35,124,96,100,0,63,113,90,129,58,12"/><V68/><F117/><W46/><G0/><T111/><D132/><N who="1" m="50795" /><E36/><V6/><F37/><W67/><G124/><T66/><D111/><U5/><E5/><V116/><F32/><W45/><G129/><T57/><D47/><U43/><E118/><V121/><F116/><W61/><G113/><T20/><D122/><U18/><E49/><V16/><F121/><W34/><G90/><T126/><D126/><U106/><E43/><V97/><F78/><W3/><G3/><T130/><D130/><U65/><E65/><V11/><F98/><W1/><G1/><T123/><D123/><U104/><E92/><V31/><F97/><W88/><G63/><T40/><D40/><U9/><E101/><V60/><F60/><W93/><G100/><T30/><D30/><U33/><E33/><V71/><F31/><W127/><G127/><T135/><D135/><U4/><E15/><V42/><F42/><W10/><G35/><T128/><D128/><U7/><E7/><V55/><F71/><W105/><G105/><AGARI ba="1,0" hai="4,9,13,17,18,19,72,75,104,105,106" m="50795" machi="105" ten="40,1300,0" yaku="20,1" doraHai="108" who="1" fromWho="3" sc="225,0,235,16,307,0,233,-16" /><INIT seed="3,0,0,4,1,22" ten="225,251,307,217" oya="3" hai0="104,124,97,6,92,31,35,113,84,75,55,101,120" hai1="28,85,105,11,34,62,114,122,117,27,17,80,119" hai2="72,88,45,57,131,21,30,15,79,111,8,49,46" hai3="66,99,63,51,110,133,74,108,96,128,54,68,60"/><W82/><G128/><T23/><D120/><U40/><E114/><V50/><F111/><N who="3" m="42539" /><G133/><T58/><D124/><U2/><E122/><V118/><F131/><W42/><G42/><T20/><D75/><U71/><E105/><V116/><F118/><N who="1" m="45065" /><E40/><N who="2" m="24743" /><F72/><W44/><G63/><T48/><D113/><U70/><E62/><V59/><F116/><W25/><G25/><T103/><D103/><U33/><E33/><V130/><F130/><W12/><G12/><T43/><D43/><U24/><E24/><N who="2" m="16655" /><F79/><AGARI ba="0,0" hai="44,51,54,60,66,68,74,79,82,96,99" m="42539" machi="79" ten="30,2900,0" yaku="14,1,10,1" doraHai="22" who="3" fromWho="2" sc="225,0,251,0,307,-29,217,29" /><INIT seed="3,1,0,3,0,20" ten="225,251,278,246" oya="3" hai0="64,67,21,30,98,103,5,85,133,102,114,57,96" hai1="4,34,129,23,78,108,75,107,130,126,35,81,24" hai2="44,93,86,121,29,117,72,51,33,99,18,118,52" hai3="109,89,97,101,68,37,90,50,91,79,54,47,12"/><W6/><G68/><T2/><D133/><U16/><E107/><V40/><F72/><W45/><G109/><T120/><D120/><U8/><E108/><V69/><F69/><W82/><G37/><T19/><D30/><U132/><E126/><V43/><F121/><W13/><G47/><T87/><D5/><U128/><E132/><V61/><F18/><W7/><G7/><T62/><D2/><AGARI ba="1,0" hai="2,4,8,16,23,24,34,35,75,78,81,128,129,130" machi="2" ten="40,5200,0" yaku="19,1,52,1,54,1" doraHai="20" who="1" fromWho="0" sc="225,-55,251,55,278,0,246,0" owari="170,-33.0,306,40.6,278,7.8,246,-15.4" /></mjloggm>