<mjloggm ver="2.3"><GO type="225" lobby="0"/><UN n0="%74%61%6B%75%61%6B%61" n1="%E7%99%BD%E6%97%A5%E9%9B%AA%E8%8F%9C" n2="%EF%BC%AE%EF%BC%A1%EF%BC%AF%33%33%39" n3="%E3%81%AF%E3%82%88%E3%81%8A%E3%81%98%E3%81%95%E3%82%93" dan="16,17,17,17" rate="2086.13,2237.73,2186.67,2191.88" sx="M,M,M,M"/><TAIKYOKU oya="0"/><INIT seed="0,0,0,5,3,50" ten="250,250,250,250" oya="0" hai0="0,131,116,24,5,10,35,26,52,93,92,122,57" hai1="55,28,61,110,8,95,42,4,59,86,43,45,34" hai2="29,22,23,129,132,62,108,75,48,13,79,107,125" hai3="30,1,11,68,41,74,128,127,135,80,36,91,113"/><T117/><D122/><U119/><E119/><V47/><F107/><W66/><G113/><T7/><D131/><U25/><E110/><V69/><F75/><W99/><G128/><T71/><D71/><U114/><E114/><V39/><F79/><W49/><G36/><T3/><D35/><U78/><E45/><V65/><F39/><W85/><G127/><T6/><D6/><U96/><E86/><V56/><F129/><W83/><G135/><T17/><D17/><U70/><E78/><V76/><F76/><W100/><G30/><T105/><D105/><U51/><E51/><V81/><F81/><W130/><G130/><T67/><D67/><U94/><E70/><V98/><F98/><W18/><G80/><T12/><D12/><U46/><E46/><V112/><F112/><W32/><G32/><T9/><REACH who="0" step="1"/><D57/><REACH who="0" ten="240,250,250,250" step="2"/><U54/><E94/><V97/><F69/><W126/><G68/><T102/><D102/><U115/><E115/><V101/><F101/><W77/><G100/><T53/><AGARI ba="0,1" hai="0,3,5,7,9,10,24,26,52,53,92,93,116,117" machi="53" ten="25,18000,2" yaku="1,1,0,1,22,2,52,2,54,1,53,0" doraHai="50" doraHaiUra="58" who="0" fromWho="0" sc="240,190,250,-60,250,-60,250,-60" /><INIT seed="0,1,0,4,1,2" ten="430,190,190,190" oya="0" hai0="27,70,71,135,75,77,89,68,36,21,118,24,127" hai1="51,9,78,53,133,45,132,8,4,120,111,60,119" hai2="112,49,44,76,116,40,98,131,74,10,114,14,92" hai3="109,3,0,126,93,82,50,113,35,7,104,31,123"/><T42/><D118/><U108/><E120/><V73/><F116/><W101/><G104/><T61/><D127/><U88/><E119/><V54/><F131/><W52/><G113/><T128/><D128/><U90/><E78/><V79/><F79/><W117/><G117/><T1/><D1/><U22/><E22/><V72/><F40/><W121/><G126/><T83/><D135/><N who="1" m="51787" /><E60/><V25/><F25/><N who="3" m="18927" /><G0/><T39/><D42/><U12/><E8/><V67/><F67/><W69/><G69/><T46/><D46/><U11/><E9/><V57/><F44/><W87/><G109/><AGARI ba="1,0" hai="4,11,12,45,51,53,88,90,108,109,111" m="51787" machi="109" ten="30,7700,0" yaku="14,1,20,1,52,1,54,1" doraHai="2" who="1" fromWho="3" sc="430,0,190,80,190,0,190,-80" /><INIT seed="1,0,0,0,5,56" ten="430,270,190,110" oya="1" hai0="45,26,6,18,114,135,46,70,60,96,33,9,126" hai1="88,10,91,74,40,100,13,83,61,84,63,39,110" hai2="58,27,44,117,124,125,59,116,92,112,123,69,131" hai3="82,5,4,77,80,52,50,85,29,133,87,38,16"/><U134/><E134/><V57/><F92/><W54/><G38/><T128/><D114/><U113/><E113/><V31/><F112/><W94/><G133/><T86/><D135/><U127/><E74/><V132/><F132/><W55/><G29/><T35/><D35/><U19/><E127/><N who="2" m="48715" /><F123/><W95/><G50/><T122/><D86/><N who="1" m="50655" /><E39/><V78/><F78/><W48/><G48/><T36/><D36/><U90/><E40/><V75/><F75/><W65/><G65/><T105/><D128/><U108/><E100/><V1/><F1/><W8/><G5/><T79/><D79/><U76/><E76/><V103/><F103/><W51/><G51/><T107/><D122/><U98/><E98/><V81/><F81/><W24/><G4/><T53/><D107/><U121/><E121/><V101/><F101/><W20/><G8/><T118/><D96/><U119/><E119/><V97/><F97/><W43/><G43/><T14/><D118/><U3/><E3/><V21/><F131/><W104/><G104/><T32/><D105/><U0/><E0/><V28/><F69/><W64/><G64/><T42/><D70/><U66/><E66/><V68/><F68/><W62/><G62/><N who="1" m="23562" /><E84/><V23/><F117/><W7/><G7/><T49/><D126/><U89/><E89/><AGARI ba="0,0" hai="16,20,24,52,54,55,77,80,82,85,87,89,94,95" machi="89" ten="40,5200,0" yaku="8,1,54,2" doraHai="56" who="3" fromWho="1" sc="430,0,270,-52,190,0,110,52" /><INIT seed="2,0,0,3,0,130" ten="430,218,190,162" oya="2" hai0="114,67,86,125,103,122,90,68,128,10,88,26,117" hai1="35,73,97,55,58,24,98,52,7,19,69,113,38" hai2="93,82,89,8,53,9,100,75,29,5,39,87,118" hai3="20,106,42,95,34,27,56,123,51,62,44,3,133"/><V102/><F118/><W30/><G123/><T78/><D122/><U12/><E69/><V110/><F39/><W84/><G106/><T14/><D114/><U47/><E73/><V46/><F29/><W76/><G3/><T63/><D128/><U61/><E113/><V94/><F9/><W83/><G34/><T111/><D111/><U0/><E0/><V109/><F46/><W25/><G25/><T108/><D108/><N who="2" m="41578" /><F53/><W6/><G95/><N who="2" m="36361" /><F75/><W65/><REACH who="3" step="1"/><G6/><REACH who="3" ten="430,218,190,152" step="2"/><T115/><D26/><U43/><E7/><V15/><AGARI ba="0,1" hai="5,8,15,82,87,89,100,102" m="36361,41578" machi="15" ten="30,3000,0" yaku="14,1,10,1" doraHai="130" who="2" fromWho="2" sc="430,-10,218,-10,190,40,152,-10" /><INIT seed="2,1,0,1,1,133" ten="420,208,230,142" oya="2" hai0="48,115,56,41,5,7,130,0,74,21,95,15,38" hai1="73,45,43,128,122,50,28,65,107,59,80,17,4" hai2="16,68,34,102,6,85,78,46,104,33,57,26,27" hai3="67,94,86,101,30,66,39,116,100,75,55,110,12"/><V117/><F68/><W13/><G116/><T91/><D115/><U109/><E107/><V24/><F117/><W35/><G75/><T96/><D0/><U126/><E109/><V71/><F71/><W29/><G39/><T53/><D74/><U63/><E128/><V18/><F46/><W127/><G35/><T118/><D130/><U88/><E122/><V82/><F6/><W125/><G86/><T2/><D2/><U87/><E73/><V49/><F104/><W61/><G94/><T37/><D118/><U98/><E4/><V114/><F102/><W42/><G55/><T92/><D37/><U131/><E131/><V23/><F114/><W79/><G61/><T97/><D41/><U121/><E121/><V113/><F113/><W72/><G72/><T103/><D38/><U22/><E126/><N who="3" m="48138" /><G79/><T31/><D15/><N who="3" m="5705" /><G42/><T124/><D124/><U47/><E98/><V10/><F33/><W69/><G110/><T20/><D92/><U108/><E108/><V93/><F34/><W129/><G129/><T81/><D95/><U36/><E36/><V90/><F93/><W135/><G135/><T11/><D53/><U83/><E43/><V8/><F78/><W105/><G69/><T132/><D132/><U44/><E87/><V119/><F119/><W1/><G1/><T9/><D96/><U76/><E76/><V3/><F3/><W112/><G112/><T62/><D97/><U84/><E84/><V99/><F99/><N who="3" m="61599" /><G101/><T111/><D111/><U64/><E63/><V123/><F85/><W134/><G134/><T70/><D103/><U40/><E40/><RYUUKYOKU ba="1,0" sc="420,-10,208,-10,230,-10,142,30" hai3="29,30,66,67" /><INIT seed="3,2,0,4,2,15" ten="410,198,220,172" oya="3" hai0="37,72,134,90,62,113,38,28,30,122,12,135,70" hai1="67,53,103,73,43,77,45,22,74,76,78,47,11" hai2="102,112,75,52,13,116,106,111,51,83,56,31,9" hai3="49,114,84,127,6,42,92,118,59,98,120,68,96"/><W128/><G118/><T86/><D122/><U88/><E103/><V16/><F116/><W93/><G114/><T17/><D72/><U46/><E67/><V44/><F112/><W5/><G120/><T55/><D113/><U133/><E73/><V119/><F119/><W109/><G68/><T60/><D37/><U104/><E104/><V48/><F31/><N who="0" m="11818" /><D38/><U3/><E74/><V87/><F75/><W85/><G127/><T130/><D70/><U69/><E69/><V89/><F111/><W8/><G128/><T91/><D55/><U126/><E126/><V25/><F25/><W40/><G109/><T97/><D97/><N who="3" m="37481" /><G59/><T129/><D62/><U95/><E53/><N who="2" m="29831" /><F106/><W107/><G107/><T121/><D60/><U124/><E124/><V65/><F65/><W71/><G71/><T26/><D26/><U54/><E54/><V32/><F32/><W35/><G35/><T58/><D58/><U79/><E43/><N who="3" m="16426" /><G49/><T110/><D110/><U33/><E33/><V99/><F99/><W23/><G23/><T63/><D121/><U14/><E22/><V24/><F24/><W36/><G36/><T125/><D125/><U131/><E131/><V10/><F102/><W61/><G61/><T18/><D63/><U19/><E3/><V132/><F132/><W4/><G8/><AGARI ba="2,0" hai="8,9,10,13,16,51,52,56,83,87,89" m="29831" machi="8" ten="30,8000,1" yaku="25,1,8,1,52,1,54,2" doraHai="15" who="2" fromWho="3" sc="410,0,198,0,220,86,172,-86" owari="410,51.0,198,-20.2,306,10.6,86,-41.4" /></mjloggm>