<mjloggm ver="2.3"><GO type="225" lobby="0"/><UN n0="%E6%A0%B9%E5%85%83%E3%81%8B%E3%82%89%E5%90%B9%E3%81%A3%E9%A3%9B%E3%81%B6" n1="%E8%91%89%E5%B1%B1%E9%99%BD%E5%92%8C" n2="%72%69%6F%75%63%68%61%6E" n3="%6D%75%75%6D%75%72%61" dan="16,16,17,17" rate="2187.92,2093.00,2246.09,2227.72" sx="F,M,M,F"/><TAIKYOKU oya="0"/><INIT seed="0,0,0,1,1,96" ten="250,250,250,250" oya="0" hai0="62,67,71,121,44,63,8,7,46,126,57,11,118" hai1="83,123,107,128,2,31,53,16,24,45,79,12,69" hai2="85,4,52,100,81,28,51,27,88,3,111,22,101" hai3="48,65,133,95,94,47,40,97,34,87,50,68,26"/><T130/><D118/><U39/><E123/><V104/><F111/><W43/><G133/><T98/><D121/><U129/><E2/><V36/><F36/><W70/><G65/><T90/><D126/><U75/><E69/><V32/><F104/><W122/><G122/><T124/><D124/><U41/><E53/><V112/><F112/><W103/><G34/><T76/><D76/><U37/><E107/><V35/><F32/><W119/><G26/><T30/><D130/><N who="1" m="50283" /><E39/><V23/><F35/><W92/><G119/><T110/><D110/><U134/><E134/><V55/><F23/><W17/><G17/><T64/><D30/><U82/><E82/><V0/><F55/><W9/><G9/><T14/><D90/><U109/><E109/><V108/><F108/><W89/><REACH who="3" step="1"/><G92/><REACH who="3" ten="250,250,250,240" step="2"/><T80/><D8/><N who="1" m="6151" /><E31/><V59/><REACH who="2" step="1"/><F4/><REACH who="2" ten="250,250,240,240" step="2"/><W74/><G74/><T6/><D7/><U5/><E5/><V13/><F13/><W125/><G125/><T1/><D14/><U20/><E20/><V117/><F117/><W33/><G33/><T18/><D6/><U29/><E29/><V114/><F114/><W54/><G54/><T99/><D11/><U42/><E41/><V91/><F91/><W21/><G21/><T86/><D18/><U49/><E24/><V106/><F106/><W78/><G78/><N who="0" m="46359" /><D1/><AGARI ba="0,2" hai="0,1,3,22,27,28,51,52,59,81,85,88,100,101" machi="1" ten="40,8000,1" yaku="1,1,52,2,54,2,53,0" doraHai="96" doraHaiUra="115" who="2" fromWho="0" sc="250,-80,250,0,240,100,240,0" /><INIT seed="1,0,0,3,1,92" ten="170,250,340,240" oya="1" hai0="103,120,0,18,93,7,60,48,79,33,62,3,64" hai1="56,35,90,127,107,16,131,32,42,84,73,10,59" hai2="21,20,134,111,129,61,53,72,70,68,50,77,65" hai3="97,118,28,128,19,114,98,71,27,41,85,23,46"/><U110/><E73/><V135/><F111/><W30/><G114/><T117/><D117/><U25/><E127/><V55/><F129/><W26/><G71/><T99/><D33/><U29/><E131/><V11/><F70/><W96/><G128/><T39/><D39/><U95/><E110/><V22/><F11/><W31/><G118/><T119/><D119/><U15/><E42/><V112/><F112/><W36/><REACH who="3" step="1"/><G85/><REACH who="3" ten="170,250,340,230" step="2"/><T2/><D120/><U1/><E107/><V13/><F135/><W66/><G66/><T14/><D79/><U102/><E102/><V130/><F134/><W81/><G81/><T78/><D78/><U54/><E1/><V122/><F130/><W52/><G52/><T67/><D7/><U100/><E100/><V88/><F55/><W57/><G57/><T76/><D76/><U82/><E82/><V133/><F77/><W115/><G115/><T40/><D64/><U83/><E83/><V74/><F122/><W125/><G125/><T58/><D67/><U4/><E4/><V113/><F133/><W121/><G121/><T123/><D123/><U9/><E56/><V132/><F132/><W37/><G37/><T38/><D38/><U124/><E124/><V126/><F126/><W34/><AGARI ba="0,1" hai="19,23,26,27,28,30,31,34,36,41,46,96,97,98" machi="34" ten="30,8000,1" yaku="1,1,0,1,52,3,53,0" doraHai="92" doraHaiUra="116" who="3" fromWho="3" sc="170,-20,250,-40,340,-20,230,90" /><INIT seed="2,0,0,0,5,14" ten="150,210,320,320" oya="2" hai0="128,108,20,27,13,33,31,107,11,77,73,89,38" hai1="82,17,19,111,126,6,1,129,71,85,127,90,70" hai2="60,30,25,50,55,66,64,65,76,133,104,63,36" hai3="10,130,122,29,84,8,28,92,58,117,81,16,57"/><V7/><F36/><W4/><G117/><T131/><D38/><U125/><E111/><V44/><F133/><W116/><G116/><T88/><D107/><U45/><E129/><N who="0" m="49737" /><D73/><U37/><E6/><V83/><F104/><W54/><G130/><T114/><D77/><U42/><E1/><V80/><F7/><W68/><G68/><AGARI ba="0,0" hai="17,19,37,42,45,68,70,71,82,85,90,125,126,127" machi="68" ten="50,6400,0" yaku="18,1,52,2" doraHai="14" who="1" fromWho="3" sc="150,0,210,64,320,0,320,-64" /><INIT seed="3,0,0,1,1,5" ten="150,274,320,256" oya="3" hai0="56,125,2,23,69,44,58,3,17,133,52,66,6" hai1="22,89,82,91,101,112,19,114,135,123,80,110,59" hai2="124,132,65,34,108,9,72,77,128,36,127,10,53" hai3="41,11,134,96,73,51,40,88,71,97,43,0,85"/><W90/><G73/><T21/><D125/><N who="2" m="48202" /><F108/><W94/><G71/><T126/><D126/><U117/><E101/><V18/><F34/><W37/><G37/><T87/><D133/><U105/><E59/><V93/><F128/><W111/><G134/><T99/><D99/><U74/><E105/><V64/><F36/><W28/><G111/><T83/><D69/><U12/><E89/><V8/><F18/><W32/><G28/><T102/><D102/><U45/><E117/><V119/><F119/><W79/><G32/><T26/><D66/><U55/><E135/><V68/><F68/><W1/><G79/><T130/><D130/><U78/><E78/><V16/><F132/><W116/><G1/><T47/><D58/><U7/><E110/><V104/><F104/><W33/><G33/><T13/><D3/><U39/><E39/><V67/><F53/><W57/><G116/><T49/><D2/><U60/><E55/><V48/><F48/><W131/><G131/><T29/><REACH who="0" step="1"/><D6/><REACH who="0" ten="140,274,320,256" step="2"/><U84/><E7/><V76/><F64/><W24/><G96/><T120/><D120/><U46/><E123/><V62/><F67/><W25/><G57/><T107/><D107/><U42/><E46/><V54/><F65/><W14/><G0/><T35/><D35/><U122/><E45/><V106/><F106/><W95/><G51/><T15/><D15/><U86/><E12/><V75/><F75/><W98/><G97/><T20/><D20/><U4/><E22/><V38/><F72/><W70/><G98/><T109/><D109/><U121/><E74/><V118/><F118/><RYUUKYOKU ba="0,1" sc="140,30,274,-10,320,-10,256,-10" hai0="13,17,21,23,26,29,44,47,49,52,56,83,87" owari="170,-33.0,264,6.4,320,42.0,246,-15.4" /></mjloggm>