<mjloggm ver="2.3"><GO type="225" lobby="0"/><UN n0="%61%6D%65%6B%69" n1="%E3%82%B7%E3%83%B3%E5%A4%AA%E6%9C%97" n2="%E8%83%83%E3%81%A8%E8%85%B8" n3="%E3%81%AF%E3%82%88%E3%81%8A%E3%81%98%E3%81%95%E3%82%93" dan="16,16,16,17" rate="2077.64,2158.17,2137.32,2173.60" sx="M,M,M,M"/><TAIKYOKU oya="0"/><INIT seed="0,0,0,2,4,125" ten="250,250,250,250" oya="0" hai0="121,71,63,60,49,87,105,120,29,104,21,57,65" hai1="107,109,61,93,22,46,92,42,67,116,13,77,33" hai2="23,91,50,110,84,88,8,106,73,59,122,97,79" hai3="43,69,78,26,34,133,100,40,47,36,82,114,25"/><T103/><D49/><U112/><E107/><V81/><F122/><W128/><G114/><T35/><D21/><U28/><E112/><V85/><F110/><W108/><G108/><T134/><D134/><U17/><E116/><V16/><F8/><W7/><G133/><T14/><D14/><U3/><E109/><V18/><F73/><W1/><G69/><T113/><D87/><U5/><E77/><V102/><F23/><W12/><G34/><T115/><D105/><U126/><E126/><V135/><F135/><W66/><G66/><T64/><D115/><U30/><E3/><V9/><F9/><N who="3" m="2287" /><G40/><T89/><D89/><U4/><E93/><V20/><F20/><W117/><G117/><T27/><REACH who="0" step="1"/><D113/><REACH who="0" ten="240,250,250,250" step="2"/><U68/><E33/><V24/><F24/><W129/><G12/><T119/><D119/><U11/><E4/><V10/><F10/><W56/><G100/><T39/><D39/><U41/><E5/><V80/><F79/><W6/><G6/><T15/><D15/><U118/><E22/><V96/><F96/><AGARI ba="0,1" hai="27,29,35,57,60,63,64,65,71,96,103,104,120,121" machi="96" ten="40,7700,0" yaku="1,1,25,2,53,0" doraHai="125" doraHaiUra="83" who="0" fromWho="2" sc="240,87,250,0,250,-77,250,0" /><INIT seed="0,1,0,3,4,12" ten="327,250,173,250" oya="0" hai0="80,69,25,39,18,44,98,46,81,85,125,82,8" hai1="66,56,59,49,101,41,135,64,33,7,72,73,40" hai2="5,47,16,2,61,103,60,106,65,84,29,43,22" hai3="89,52,77,127,100,74,86,107,91,36,68,116,122"/><T83/><D125/><U99/><E135/><V76/><F29/><W134/><G116/><T88/><D69/><U0/><E33/><V4/><F106/><W94/><G36/><T121/><D121/><U13/><E0/><V24/><F103/><W1/><G68/><T110/><D110/><U75/><E13/><V10/><F4/><W32/><G32/><T42/><D46/><U104/><E7/><V58/><F60/><W95/><G1/><T78/><D98/><U62/><REACH who="1" step="1"/><E49/><REACH who="1" ten="327,240,173,250" step="2"/><V31/><F76/><W45/><G134/><T55/><D8/><U67/><E67/><V113/><F113/><W9/><G9/><T79/><D79/><U133/><E133/><V11/><F11/><W34/><G34/><T14/><D14/><U115/><E115/><V3/><F3/><W119/><G77/><T114/><D114/><U57/><E57/><V109/><F109/><W38/><G45/><T48/><D78/><U131/><E131/><V129/><F129/><W20/><G20/><N who="0" m="13463" /><D39/><U93/><E93/><V53/><F65/><W128/><G38/><T37/><D37/><U17/><E17/><V15/><F47/><W112/><G128/><T96/><D96/><U19/><E19/><V124/><F124/><W117/><G127/><T27/><D27/><U71/><E71/><V26/><F26/><W92/><G112/><T105/><D105/><U30/><E30/><V28/><F28/><W123/><G107/><T87/><D87/><U63/><AGARI ba="1,1" hai="40,41,56,59,62,63,64,66,72,73,75,99,101,104" machi="63" ten="40,8000,1" yaku="1,1,0,1,9,1,53,1" doraHai="12" doraHaiUra="97" who="1" fromWho="1" sc="327,-41,240,93,173,-21,250,-21" /><INIT seed="1,0,0,4,3,20" ten="286,333,152,229" oya="1" hai0="68,27,30,64,5,124,90,111,106,125,76,36,126" hai1="121,93,80,40,39,84,45,108,83,49,47,61,7" hai2="29,74,94,1,97,14,46,127,129,34,43,0,65" hai3="13,122,118,112,41,77,32,130,35,100,89,6,44"/><U123/><E108/><V133/><F133/><W114/><G122/><T17/><D111/><U57/><E7/><V15/><F129/><W63/><G130/><T116/><D116/><U42/><E93/><V109/><F109/><W134/><G118/><T19/><D36/><U66/><REACH who="1" step="1"/><E83/><REACH who="1" ten="286,323,152,229" step="2"/><V16/><F94/><W101/><G6/><T58/><D5/><U102/><E102/><V10/><F1/><W75/><G101/><T110/><D110/><U103/><E103/><V56/><F0/><W135/><G100/><T96/><D106/><U79/><AGARI ba="0,1" hai="39,40,42,45,47,49,57,61,66,79,80,84,121,123" machi="79" ten="20,3900,0" yaku="1,1,0,1,7,1,53,0" doraHai="20" doraHaiUra="91" who="1" fromWho="1" sc="286,-13,323,49,152,-13,229,-13" /><INIT seed="1,1,0,3,5,115" ten="273,372,139,216" oya="1" hai0="59,91,109,73,124,99,0,106,1,9,29,108,8" hai1="90,22,76,2,87,77,17,121,21,118,67,11,68" hai2="55,79,33,116,61,14,60,10,58,84,114,85,41" hai3="111,122,94,98,126,13,26,123,49,52,42,133,128"/><U45/><E121/><V132/><F114/><W86/><G111/><N who="0" m="42571" /><D73/><U65/><E45/><V110/><F110/><W40/><G126/><T83/><D124/><U27/><E118/><V30/><F132/><W5/><G133/><T92/><D29/><U12/><E2/><N who="0" m="1129" /><D83/><U93/><E21/><V51/><F116/><W56/><G128/><T112/><D112/><U46/><E46/><V39/><F39/><W35/><G123/><T113/><D113/><U120/><E120/><V36/><F36/><W28/><G122/><T107/><D59/><U134/><E134/><V48/><F33/><W75/><G86/><T103/><D107/><U95/><E68/><V50/><F30/><W74/><G75/><T101/><D101/><U20/><E20/><V100/><F100/><W38/><G74/><T31/><D31/><U25/><E25/><V89/><F79/><N who="1" m="30281" /><E95/><V32/><F32/><W66/><G66/><T3/><N who="0" m="1137" /><T71/><DORA hai="54" /><D71/><U70/><E70/><V80/><F84/><AGARI ba="1,0" hai="8,9,84,91,92,99,103,106" m="1137,42571" machi="84" ten="40,1300,0" yaku="14,1" doraHai="115,54" who="0" fromWho="2" sc="273,16,372,0,139,-16,216,0" /><INIT seed="2,0,0,4,2,90" ten="289,372,123,216" oya="2" hai0="76,83,102,112,35,59,56,65,127,77,46,89,98" hai1="57,36,12,110,82,94,106,4,61,91,51,41,17" hai2="100,54,2,60,28,113,71,32,16,8,123,13,44" hai3="115,49,97,107,68,104,74,99,43,55,63,73,11"/><V33/><F113/><W114/><G11/><T52/><D35/><U58/><E106/><N who="3" m="40490" /><G43/><T86/><D127/><U119/><E119/><V69/><F123/><W87/><G63/><T70/><D70/><U48/><E4/><V84/><F100/><W19/><G68/><T24/><D112/><N who="3" m="43049" /><G19/><T20/><D46/><N who="1" m="25679" /><E36/><V79/><F69/><W50/><G50/><T9/><D59/><U22/><E110/><V81/><F2/><W72/><G87/><T5/><D65/><N who="1" m="39087" /><E82/><V96/><F96/><W67/><G67/><T23/><D23/><U38/><E38/><V6/><F6/><W95/><G95/><N who="0" m="58719" /><D9/><U42/><E58/><AGARI ba="0,0" hai="49,55,58,72,73,74,97,99" m="43049,40490" machi="58" ten="40,1300,0" yaku="11,1" doraHai="90" who="3" fromWho="1" sc="289,0,372,-13,123,0,216,13" /><INIT seed="3,0,0,1,3,84" ten="289,359,123,229" oya="3" hai0="24,88,14,29,133,11,8,52,16,124,49,81,33" hai1="62,32,45,65,111,85,27,22,23,30,132,69,41" hai2="116,122,60,61,126,74,2,117,42,28,109,92,46" hai3="6,97,78,25,48,15,4,99,125,131,119,89,31"/><W83/><G119/><T73/><D124/><U57/><E132/><V68/><F2/><W54/><G125/><T110/><D110/><U9/><E111/><V102/><F109/><W134/><G131/><T72/><D8/><U17/><E69/><V101/><F126/><W112/><G134/><T104/><D104/><U96/><E96/><V7/><F7/><W64/><G64/><T115/><D115/><U50/><E9/><V87/><F74/><W10/><G112/><T123/><D123/><U21/><REACH who="1" step="1"/><E85/><REACH who="1" ten="289,349,123,229" step="2"/><V80/><F122/><W67/><G4/><T76/><D133/><U129/><E129/><V58/><F117/><W35/><G67/><T135/><D135/><U26/><AGARI ba="0,1" hai="17,21,22,23,26,27,30,32,41,45,50,57,62,65" machi="26" ten="20,2700,0" yaku="1,1,0,1,7,1,53,0" doraHai="84" doraHaiUra="94" who="1" fromWho="1" sc="289,-7,349,37,123,-7,229,-13" owari="282,8.2,386,48.6,116,-38.4,216,-18.4" /></mjloggm>