<mjloggm ver="2.3"><GO type="225" lobby="0"/><UN n0="%E3%81%8B%E3%82%8F%E3%81%A1%E3%82%83%E3%82%93%35%38" n1="%E6%9D%B1%E9%A2%A8%E3%81%AE%E3%81%8D%E3%82%83%E3%81%B7%E3%81%95%E3%82%93" n2="%73%6C%69%63%6B%33%31%39" n3="%48%61%61%61%6C%61%6E%64" dan="16,17,16,18" rate="2181.30,2242.93,2081.24,2277.28" sx="M,M,M,M"/><TAIKYOKU oya="0"/><INIT seed="0,0,0,3,4,94" ten="250,250,250,250" oya="0" hai0="114,25,32,40,47,89,73,112,116,6,21,10,115" hai1="84,98,100,50,48,29,86,109,125,51,60,1,28" hai2="23,37,38,126,108,55,71,2,82,34,118,91,80" hai3="75,35,67,119,31,92,74,83,132,52,106,123,104"/><T30/><D73/><U49/><N who="1" m="12288" /><DORA hai="66" /><U61/><E1/><V16/><F34/><W129/><G119/><T81/><D116/><U59/><E125/><V122/><F122/><W19/><G129/><T15/><D81/><U97/><E109/><V41/><F2/><W0/><G123/><T85/><D47/><U76/><E76/><V70/><F118/><W8/><G132/><T27/><D40/><U78/><E78/><V33/><F33/><W133/><G133/><T39/><D39/><U93/><E98/><V95/><F55/><W3/><G83/><T88/><REACH who="0" step="1"/><D85/><REACH who="0" ten="240,250,250,250" step="2"/><N who="1" m="32875" /><E60/><V77/><F41/><W101/><G75/><T43/><D43/><U56/><E56/><V107/><F38/><W117/><G74/><T7/><D7/><U36/><E36/><V18/><F37/><W127/><G117/><T63/><D63/><U5/><E5/><V17/><F77/><W14/><G127/><T64/><D64/><AGARI ba="0,1" hai="28,29,59,61,64,93,97,100" m="32875,12288" machi="64" ten="40,2600,0" yaku="8,1,52,1" doraHai="94,66" who="1" fromWho="0" sc="240,-26,250,36,250,0,250,0" /><INIT seed="1,0,0,4,1,92" ten="214,286,250,250" oya="1" hai0="41,57,106,47,12,26,29,79,65,52,63,94,20" hai1="32,91,67,24,130,13,132,83,53,108,112,71,114" hai2="81,42,25,73,15,60,50,82,14,55,54,27,74" hai3="88,116,4,115,34,19,45,93,101,10,56,16,110"/><U84/><E132/><V128/><F50/><W18/><G115/><T102/><D106/><U51/><E130/><V122/><F60/><W69/><G69/><T95/><D79/><U127/><E127/><V70/><F42/><W98/><G34/><T76/><D76/><U17/><E108/><V30/><F70/><W66/><G110/><T113/><D113/><U1/><E1/><V97/><F30/><W100/><G116/><T23/><D65/><U119/><E119/><V86/><F86/><W123/><G123/><T3/><D3/><U120/><E120/><V125/><F122/><W124/><G124/><T134/><D134/><U133/><E133/><V49/><F49/><W85/><G45/><T131/><D131/><U11/><E24/><V8/><F8/><W9/><G4/><T46/><D102/><N who="3" m="39529" /><G85/><T109/><D109/><U33/><E112/><V99/><F125/><W61/><AGARI ba="0,0" hai="9,10,16,18,19,56,61,66,88,93,98" m="39529" machi="61" ten="30,7900,0" yaku="8,1,52,1,54,2" doraHai="92" who="3" fromWho="3" sc="214,-20,286,-39,250,-20,250,79" /><INIT seed="2,0,0,4,0,69" ten="194,247,230,329" oya="2" hai0="39,126,123,98,48,106,78,127,105,41,109,67,28" hai1="104,51,63,81,77,11,15,19,82,91,122,45,130" hai2="66,36,53,16,117,4,61,68,21,56,65,10,88" hai3="29,74,35,55,108,80,125,100,44,31,33,72,96"/><V40/><F117/><W23/><G108/><T95/><D48/><U71/><E104/><N who="0" m="40041" /><D67/><U75/><E130/><V119/><F119/><W0/><G125/><N who="0" m="47627" /><D28/><U101/><E122/><V85/><F36/><W112/><G96/><T54/><D54/><U111/><E111/><V47/><F68/><W1/><G80/><T7/><D109/><U118/><E101/><V129/><F129/><W132/><G100/><N who="0" m="60511" /><D7/><U107/><E107/><V52/><F10/><W115/><G55/><T76/><D123/><U37/><E118/><V93/><F4/><W131/><G131/><T58/><D58/><U50/><E63/><V79/><F79/><N who="0" m="30250" /><D41/><U64/><E64/><V60/><F60/><W134/><G23/><T42/><D42/><U128/><E128/><V24/><F65/><W32/><G32/><T133/><D39/><U2/><E2/><V49/><AGARI ba="0,0" hai="16,21,24,40,47,49,52,53,56,61,66,85,88,93" machi="49" ten="20,18000,2" yaku="0,1,7,1,8,1,54,3" doraHai="69" who="2" fromWho="2" sc="194,-60,247,-60,230,180,329,-60" /><INIT seed="2,1,0,0,1,131" ten="134,187,410,269" oya="2" hai0="79,32,94,114,89,63,96,86,54,121,33,14,101" hai1="47,38,134,133,123,135,55,27,17,106,127,93,50" hai2="83,52,5,21,42,126,104,129,7,56,91,111,72" hai3="74,48,29,23,60,117,82,115,77,105,109,12,75"/><V78/><F104/><W119/><G109/><T13/><D121/><U81/><E106/><V69/><F69/><W65/><G115/><T107/><D114/><U90/><E123/><V35/><F35/><W34/><G74/><T124/><D124/><U68/><E127/><V98/><F126/><W41/><G105/><T9/><D13/><U20/><E68/><V122/><F122/><W120/><G120/><T45/><D79/><U53/><E38/><V15/><F42/><W97/><G97/><T87/><D87/><U112/><E81/><V116/><F116/><W49/><G34/><T1/><D1/><U108/><E108/><V19/><F129/><W51/><G41/><T40/><D63/><U37/><E37/><V22/><F22/><W36/><G36/><T64/><D64/><U43/><REACH who="1" step="1"/><E112/><REACH who="1" ten="134,177,410,269" step="2"/><V113/><F113/><W118/><G82/><T0/><D0/><U73/><E73/><V25/><F111/><W103/><G75/><T95/><D107/><U66/><E66/><V128/><F128/><W28/><G65/><T59/><D40/><U88/><E88/><V125/><F91/><W70/><G70/><T67/><D67/><U8/><E8/><V31/><F83/><W24/><G118/><T3/><D3/><U57/><E57/><V61/><F72/><W39/><G117/><T132/><D45/><U58/><E58/><V100/><F125/><W71/><G119/><T84/><D89/><U44/><E44/><V92/><F78/><W102/><G71/><T85/><D59/><U62/><E62/><V4/><F61/><W99/><G60/><RYUUKYOKU ba="1,1" sc="134,-10,177,30,410,-10,269,-10" hai1="17,20,27,43,47,50,53,55,90,93,133,134,135" /><INIT seed="3,2,1,2,2,57" ten="124,207,400,259" oya="3" hai0="64,36,101,52,83,79,11,134,103,27,61,30,131" hai1="114,120,28,6,105,8,42,44,63,119,89,115,2" hai2="100,109,20,1,125,121,62,81,75,16,68,113,19" hai3="50,25,117,48,133,74,9,97,95,84,98,78,54"/><W99/><G117/><T132/><D36/><U66/><E105/><V124/><F113/><W5/><G133/><T14/><D131/><U102/><E120/><V4/><F121/><W69/><G69/><T108/><D108/><U86/><E102/><V38/><F38/><W76/><G74/><T123/><D123/><U32/><E119/><V70/><F100/><W91/><G25/><T106/><D106/><U110/><E110/><V59/><F109/><W127/><G127/><N who="2" m="48713" /><F4/><W13/><REACH who="3" step="1"/><G48/><REACH who="3" ten="124,207,400,249" step="2"/><T94/><D134/><U22/><E115/><V15/><F1/><W58/><AGARI ba="2,2" hai="5,9,13,50,54,58,76,78,84,91,95,97,98,99" machi="58" ten="30,12000,1" yaku="1,1,2,1,0,1,8,1,53,1" doraHai="57" doraHaiUra="82" who="3" fromWho="3" sc="124,-42,207,-42,400,-42,249,146" owari="82,-41.8,165,-23.5,358,15.8,395,49.5" /></mjloggm>