<mjloggm ver="2.3"><GO type="225" lobby="0"/><UN n0="%E3%82%BC%E3%83%AB%E3%83%80%E3%81%AE%E4%BC%9D%E8%AA%AC" n1="%E3%83%B4%E3%83%A0%EF%BC%99%E3%81%A6" n2="%E3%82%B3%E3%83%90%E3%83%AC%E3%82%A4" n3="%33%74%72%65%65" dan="18,16,16,16" rate="2197.96,2118.52,2070.28,2114.67" sx="M,M,M,F"/><TAIKYOKU oya="0"/><INIT seed="0,0,0,2,4,100" ten="250,250,250,250" oya="0" hai0="14,107,5,92,61,22,4,8,116,31,17,50,48" hai1="127,43,128,35,26,109,102,135,23,59,70,82,72" hai2="93,98,62,30,41,105,49,46,38,129,33,77,37" hai3="89,18,16,55,39,94,90,95,69,68,12,63,88"/><T21/><D116/><U42/><E70/><V36/><F129/><W0/><G0/><T47/><D107/><U45/><E128/><V126/><F126/><W111/><G39/><T112/><D112/><U44/><E127/><V9/><F77/><W54/><G111/><T51/><D47/><U130/><E130/><V20/><F33/><W87/><G63/><T52/><D92/><N who="3" m="35369" /><G12/><T108/><D108/><U74/><E35/><V57/><F9/><W96/><G87/><T2/><D31/><U110/><E135/><V60/><F105/><W97/><G68/><T10/><REACH who="0" step="1"/><D4/><REACH who="0" ten="240,250,250,250" step="2"/><U119/><E119/><V86/><F46/><W73/><G69/><T121/><D121/><U1/><E45/><V40/><F37/><W131/><G131/><T91/><D91/><U27/><E109/><V123/><F38/><W24/><G73/><T64/><D64/><U13/><E72/><V79/><F36/><W65/><G65/><T66/><D66/><U81/><E74/><V84/><F123/><W122/><G122/><T67/><D67/><U71/><E110/><V117/><F117/><W34/><G34/><T53/><D53/><N who="3" m="19977" /><G24/><T104/><D104/><U19/><E26/><V115/><F115/><W58/><G58/><AGARI ba="0,1" hai="2,5,8,10,14,17,21,22,48,50,51,52,58,61" machi="58" ten="40,3900,0" yaku="1,1,54,1,53,0" doraHai="100" doraHaiUra="85" who="0" fromWho="3" sc="240,49,250,0,250,0,250,-39" /><INIT seed="0,1,0,3,0,109" ten="289,250,250,211" oya="0" hai0="123,113,77,40,50,107,14,34,115,82,68,116,117" hai1="93,25,102,53,7,47,135,79,125,3,13,112,19" hai2="17,57,121,55,98,90,127,58,48,83,99,5,38" hai3="32,114,56,85,39,111,43,8,103,28,91,87,41"/><T131/><D34/><U78/><E125/><V29/><F38/><W110/><G103/><T105/><D68/><U94/><E135/><V59/><F127/><W18/><G56/><T52/><D40/><N who="3" m="15433" /><G39/><T60/><D60/><U108/><E108/><N who="3" m="41514" /><G91/><T86/><D123/><U27/><E3/><V15/><F121/><W120/><G120/><T84/><D14/><U89/><E7/><V130/><F130/><W134/><G134/><T71/><D71/><U74/><E102/><V37/><F37/><W54/><G54/><T92/><D131/><U10/><E89/><V69/><F69/><W2/><G114/><N who="0" m="43531" /><D52/><U36/><E112/><V49/><F5/><N who="3" m="1079" /><G18/><T76/><D50/><U46/><E36/><V11/><F49/><W104/><G104/><N who="0" m="40011" /><D92/><U26/><E53/><V23/><F58/><W0/><G0/><T12/><D12/><U61/><E61/><V124/><F124/><W65/><G65/><T44/><D44/><U95/><E46/><V101/><F57/><W80/><G32/><T66/><D66/><U118/><E47/><V67/><F67/><W16/><G28/><T133/><D133/><U97/><E93/><V24/><F59/><W63/><G63/><T128/><D128/><U33/><E94/><V45/><F45/><W42/><G42/><T129/><D129/><U4/><E33/><V72/><F55/><W20/><G16/><T21/><D21/><U126/><E19/><V35/><F35/><W70/><G70/><T64/><D64/><U75/><E126/><V73/><F48/><W122/><G122/><T62/><D62/><U22/><E22/><RYUUKYOKU ba="1,0" sc="289,30,250,-10,250,-10,211,-10" hai0="76,77,82,84,86,116,117" /><INIT seed="0,2,0,4,5,7" ten="319,240,240,201" oya="0" hai0="92,46,54,87,99,61,95,107,55,50,23,125,2" hai1="32,104,106,114,134,6,41,14,77,62,1,102,52" hai2="119,79,15,5,101,51,71,36,48,108,80,13,94" hai3="82,3,47,93,124,83,133,57,118,39,19,29,40"/><T16/><D2/><U27/><E1/><V103/><F36/><W20/><G118/><T129/><D125/><U78/><E41/><V8/><F71/><W81/><G124/><T130/><D107/><U131/><E134/><V96/><F119/><W126/><G126/><T9/><D87/><U110/><E110/><V12/><F108/><W117/><G117/><T90/><D95/><U59/><E131/><N who="0" m="50185" /><D61/><U31/><E114/><V132/><F103/><W85/><G133/><T49/><D9/><U68/><E68/><V4/><F132/><W67/><G3/><T26/><D49/><U89/><E89/><V44/><F5/><W113/><G93/><T42/><AGARI ba="2,0" hai="16,23,26,42,46,50,54,55,90,92,99" m="50185" machi="42" ten="30,3000,0" yaku="19,1,54,1" doraHai="7" who="0" fromWho="0" sc="319,36,240,-12,240,-12,201,-12" /><INIT seed="0,3,0,3,1,128" ten="355,228,228,189" oya="0" hai0="87,42,4,26,85,70,37,35,66,102,39,44,38" hai1="16,65,116,108,73,76,55,124,64,50,23,3,111" hai2="0,22,90,41,86,7,72,91,32,68,49,126,119" hai3="46,12,114,125,79,77,75,104,48,19,9,118,123"/><T132/><D4/><U5/><E116/><V103/><F68/><W113/><G118/><T96/><D85/><U56/><E124/><V84/><F32/><W54/><G125/><T18/><D132/><U100/><E100/><V69/><F72/><W36/><G123/><T92/><D87/><U57/><E5/><V133/><F69/><W122/><G122/><T40/><D40/><U120/><E3/><V51/><F103/><W94/><G104/><N who="0" m="63559" /><D18/><U10/><E10/><V130/><F119/><W34/><G113/><T13/><D13/><U2/><E2/><V61/><F126/><W110/><G114/><T71/><D92/><U95/><E95/><V74/><F74/><W29/><G94/><T52/><D52/><N who="1" m="31767" /><E120/><V31/><F41/><W109/><G75/><T28/><D71/><U112/><E76/><V131/><F7/><W93/><G93/><T67/><D67/><U20/><E73/><V17/><F0/><W89/><G89/><T30/><D30/><U21/><E112/><V14/><F31/><W107/><G107/><T25/><D25/><U27/><E64/><V135/><F14/><W59/><G79/><T43/><D43/><U121/><E65/><V117/><F117/><W82/><G77/><T15/><D15/><U58/><E121/><V106/><F106/><W80/><G80/><T99/><D99/><U6/><E6/><V62/><F17/><W97/><G97/><T33/><D33/><U101/><E101/><V45/><F45/><W88/><G82/><T8/><D8/><U115/><E115/><V60/><F90/><W81/><G88/><RYUUKYOKU ba="3,0" sc="355,30,228,-10,228,-10,189,-10" hai0="26,28,35,37,38,39,42,44,66,70" /><INIT seed="0,4,0,0,3,72" ten="385,218,218,179" oya="0" hai0="30,88,48,128,117,20,38,16,82,83,9,34,10" hai1="12,133,74,75,131,24,70,112,61,113,105,108,19" hai2="116,37,21,106,57,62,43,35,135,86,52,102,49" hai3="91,123,65,103,89,79,8,68,66,114,118,7,76"/><T93/><D38/><U97/><E108/><V78/><F35/><W4/><G114/><N who="1" m="44138" /><E131/><V95/><F116/><W17/><G118/><T28/><D117/><U92/><E105/><V58/><F106/><W73/><G73/><T54/><D128/><U50/><E24/><V15/><F135/><W63/><G103/><T6/><D34/><U130/><E130/><V107/><F107/><W18/><G123/><T69/><D69/><U80/><E50/><V45/><F102/><W60/><REACH who="3" step="1"/><G68/><REACH who="3" ten="385,218,218,169" step="2"/><T122/><D122/><U125/><E133/><V23/><F15/><W51/><G51/><T44/><D30/><U134/><E134/><V31/><F31/><W55/><G55/><T3/><D28/><U87/><E125/><V121/><F121/><W32/><G32/><T56/><D54/><U26/><E70/><V100/><F100/><W126/><G126/><T67/><D48/><U40/><E74/><V2/><F2/><W46/><G46/><T25/><D44/><U77/><E75/><V33/><F33/><W110/><G110/><T64/><D3/><U27/><E40/><V101/><F37/><W119/><G119/><T41/><D41/><U59/><E59/><V53/><F53/><W132/><G132/><T99/><D56/><U96/><E61/><V90/><F57/><W29/><G29/><T85/><D25/><N who="1" m="9227" /><E92/><V71/><F71/><W13/><G13/><T94/><D94/><U81/><E81/><N who="2" m="47415" /><F101/><W98/><G98/><AGARI ba="4,1" hai="21,23,43,45,49,52,58,62,90,95,98" m="47415" machi="98" ten="30,3900,0" yaku="8,1,52,1,54,1" doraHai="72" who="2" fromWho="3" sc="385,0,218,0,218,61,169,-51" /><INIT seed="1,0,0,2,5,127" ten="385,218,279,118" oya="1" hai0="39,110,94,56,66,61,101,102,41,89,43,34,47" hai1="2,19,68,37,116,26,124,77,115,96,128,97,78" hai2="117,44,69,36,11,108,55,48,51,70,20,71,65" hai3="121,60,104,79,73,64,12,53,32,67,40,90,31"/><U29/><E116/><V103/><F117/><W112/><G112/><T4/><D34/><U93/><E115/><V119/><F103/><W113/><G113/><T133/><D110/><U22/><E124/><V21/><F119/><W54/><G121/><T91/><D133/><U132/><E132/><V0/><F108/><W95/><G104/><T122/><D122/><U9/><E37/><V76/><F76/><W49/><G32/><T134/><D134/><U125/><E125/><V16/><F36/><W24/><G73/><T59/><D4/><U50/><E68/><V109/><F109/><W86/><G79/><T58/><D91/><U87/><E87/><V131/><F65/><W75/><G75/><T85/><REACH who="0" step="1"/><D43/><REACH who="0" ten="375,218,279,118" step="2"/><U25/><E78/><V107/><F0/><W35/><G40/><T63/><D63/><U18/><E77/><V46/><F71/><AGARI ba="0,1" hai="39,41,47,56,58,59,61,66,71,85,89,94,101,102" machi="71" ten="40,1300,0" yaku="1,1,53,0" doraHai="127" doraHaiUra="33" who="0" fromWho="2" sc="375,23,218,0,279,-13,118,0" /><INIT seed="2,0,0,5,3,27" ten="398,218,266,118" oya="2" hai0="97,79,15,12,113,7,25,72,4,29,26,109,45" hai1="100,94,103,104,86,52,108,44,107,92,93,99,59" hai2="69,54,106,5,82,112,57,47,133,30,39,36,40" hai3="73,74,102,87,34,81,127,68,50,89,129,95,117"/><V98/><F133/><W32/><G68/><T83/><D113/><U24/><E108/><V65/><F112/><W14/><G117/><T21/><D109/><U135/><E135/><V66/><F5/><W63/><G127/><T17/><D45/><U75/><E75/><V122/><F39/><W46/><G129/><T78/><D78/><U91/><E44/><V1/><F1/><W88/><G102/><T56/><D56/><U62/><REACH who="1" step="1"/><E24/><REACH who="1" ten="398,208,266,118" step="2"/><V125/><F125/><W38/><G74/><T3/><D25/><U131/><E131/><V20/><F122/><W119/><G119/><T37/><D26/><U70/><E70/><V58/><F69/><W51/><G73/><T116/><D72/><U124/><E124/><V128/><F128/><W2/><G46/><T111/><D111/><U61/><E61/><V67/><F58/><W118/><G118/><T101/><D116/><U96/><AGARI ba="0,1" hai="52,59,62,86,91,92,93,94,96,99,100,103,104,107" machi="96" ten="30,7900,0" yaku="1,1,0,1,9,1,54,1,53,0" doraHai="27" doraHaiUra="115" who="1" fromWho="1" sc="398,-20,208,89,266,-39,118,-20" /><INIT seed="3,0,0,5,4,51" ten="378,297,227,98" oya="3" hai0="90,59,24,65,124,135,117,37,43,73,123,86,64" hai1="0,110,12,42,63,102,34,15,103,80,10,116,31" hai2="82,23,77,74,66,76,17,14,72,78,49,39,97" hai3="104,105,40,4,100,18,19,129,52,120,122,128,70"/><W9/><G70/><T94/><D117/><U89/><E116/><V6/><F39/><W62/><G40/><T29/><D73/><U58/><E110/><V8/><F66/><W131/><G18/><T33/><D123/><N who="3" m="47145" /><G19/><T133/><D124/><U16/><E0/><V30/><F30/><W121/><N who="3" m="47153" /><W21/><DORA hai="118" /><G21/><T44/><D59/><U45/><E15/><V41/><F74/><W111/><G111/><T108/><D108/><U132/><E132/><AGARI ba="0,0" hai="24,29,33,37,43,44,64,65,86,90,94,132,133,135" machi="132" ten="40,1300,0" yaku="20,1" doraHai="51,118" who="0" fromWho="1" sc="378,13,297,-13,227,0,98,0" owari="391,49.1,284,8.4,227,-17.3,98,-40.2" /></mjloggm>