<mjloggm ver="2.3"><GO type="225" lobby="0"/><UN n0="%6D%75%75%6D%75%72%61" n1="%E3%81%A9%E3%82%93%E3%82%88%E3%81%8F%4D%6B%2E%32" n2="%45%6C%79%73%69%75%6D" n3="%E6%AB%BB%E4%BA%95%E5%A5%8F" dan="17,16,17,17" rate="2155.60,2158.28,2113.54,2186.60" sx="F,M,F,M"/><TAIKYOKU oya="0"/><INIT seed="0,0,0,5,2,59" ten="250,250,250,250" oya="0" hai0="114,113,118,120,96,46,74,11,123,102,99,42,130" hai1="4,94,22,129,90,122,67,26,54,15,35,98,109" hai2="16,19,23,95,105,25,37,33,115,58,48,39,135" hai3="75,2,24,29,92,85,70,97,7,44,133,76,12"/><T18/><D118/><U36/><E122/><V17/><F105/><W28/><G70/><T82/><D130/><U87/><E36/><V78/><F115/><W111/><G133/><T84/><D74/><U0/><E0/><V71/><F71/><W93/><G111/><T52/><D123/><U86/><E35/><V49/><F33/><W9/><G75/><T63/><D42/><U88/><E109/><V27/><F135/><W45/><G2/><T83/><D120/><U32/><E32/><V124/><F124/><W66/><G66/><T10/><D82/><U60/><E129/><V77/><F95/><W21/><G28/><T50/><D63/><U56/><E4/><V125/><F125/><W65/><G65/><T91/><D99/><U126/><E15/><V119/><F17/><W107/><G107/><T72/><D72/><U134/><E134/><V108/><F58/><W31/><G31/><T53/><D53/><U128/><E128/><V68/><F68/><W51/><G45/><T110/><D110/><U5/><E5/><V101/><F108/><W80/><REACH who="3" step="1"/><G97/><REACH who="3" ten="250,250,250,240" step="2"/><T3/><D3/><U1/><E1/><V30/><F30/><W61/><G61/><T20/><D113/><U62/><E126/><V40/><F119/><W69/><G69/><T112/><D112/><U43/><E67/><V121/><F121/><W34/><G34/><T57/><D114/><U73/><E73/><V104/><F104/><W64/><G64/><T47/><D47/><U117/><E117/><V131/><F131/><W127/><G127/><T116/><D46/><U14/><E98/><RYUUKYOKU ba="0,1" sc="250,-10,250,-10,250,-10,240,30" hai3="7,9,12,21,24,29,44,51,76,80,85,92,93" /><INIT seed="1,1,1,1,1,6" ten="240,240,240,270" oya="1" hai0="22,43,79,112,97,54,100,108,66,40,19,126,25" hai1="90,45,59,38,117,98,105,130,14,42,44,63,4" hai2="18,64,115,135,47,28,78,110,102,29,27,127,65" hai3="99,91,56,109,5,35,30,46,125,84,24,49,13"/><U68/><E117/><V33/><F110/><W39/><G109/><T85/><D108/><U96/><E130/><V104/><F135/><W60/><G39/><T31/><D112/><U86/><E68/><V74/><F115/><W3/><G3/><T26/><D126/><U116/><E116/><V58/><F127/><W69/><G69/><T52/><D66/><U50/><E105/><V129/><F129/><W106/><G125/><T123/><D123/><U55/><E4/><V0/><F0/><W2/><G2/><T118/><D118/><U77/><E77/><V36/><F29/><W83/><G106/><T92/><D79/><U8/><E44/><V124/><F58/><W114/><G99/><T75/><D85/><U9/><E38/><V53/><F124/><W119/><G114/><T23/><REACH who="0" step="1"/><D75/><REACH who="0" ten="230,240,240,270" step="2"/><U12/><E96/><V121/><F78/><W10/><G119/><T76/><D76/><U128/><E98/><V133/><F74/><W20/><G35/><T34/><D34/><U93/><E128/><V87/><F87/><W1/><G84/><T89/><D89/><U37/><E37/><V41/><F121/><W81/><G91/><T131/><D131/><U101/><E101/><V67/><F102/><W94/><G94/><T132/><D132/><U107/><E107/><V61/><F104/><W17/><G83/><T122/><D122/><U21/><E14/><V113/><F133/><W32/><G81/><T7/><D7/><U71/><E71/><V57/><F113/><W16/><G13/><T82/><D82/><U95/><E93/><V103/><F103/><RYUUKYOKU ba="1,2" sc="230,10,240,10,240,10,270,-30" hai0="19,22,23,25,26,31,40,43,52,54,92,97,100" hai1="8,9,12,21,42,45,50,55,59,63,86,90,95" hai2="18,27,28,33,36,41,47,53,57,61,64,65,67" /><INIT seed="1,2,2,2,4,54" ten="240,250,250,240" oya="1" hai0="66,32,10,132,78,38,86,88,63,25,106,103,113" hai1="95,91,1,69,83,97,7,40,20,110,11,64,102" hai2="82,117,39,133,122,65,53,98,8,119,48,105,19" hai3="43,16,50,22,59,134,118,24,67,129,31,71,128"/><U57/><E69/><V121/><F39/><W101/><G134/><T51/><D38/><U60/><E40/><V127/><F133/><W115/><G115/><T49/><D132/><U36/><E36/><V47/><F127/><W52/><G118/><T34/><D78/><U96/><E110/><V61/><F82/><W3/><G3/><T126/><D126/><U80/><REACH who="1" step="1"/><E20/><REACH who="1" ten="240,240,250,240" step="2"/><V30/><F117/><W5/><G43/><T111/><D111/><U58/><E58/><V89/><F119/><W92/><G5/><T114/><D113/><U55/><E55/><V72/><F53/><W35/><G71/><N who="0" m="42463" /><D114/><U4/><E4/><V74/><F121/><W45/><G67/><T90/><D32/><U21/><E21/><V112/><F122/><W0/><G45/><T120/><D120/><U29/><E29/><V93/><F30/><W109/><G109/><T13/><D34/><U46/><E46/><V41/><F112/><W123/><G123/><T99/><D49/><U131/><E131/><N who="3" m="50250" /><G0/><T104/><D51/><U135/><E135/><V76/><F47/><W12/><G35/><T107/><D13/><U37/><E37/><V18/><F48/><W42/><G42/><T73/><D25/><U75/><E75/><V23/><F41/><W108/><G108/><T87/><D73/><U70/><E70/><V100/><F72/><W84/><G12/><T56/><D56/><U44/><E44/><V17/><F23/><W62/><G50/><T116/><D116/><U77/><E77/><V26/><F76/><W28/><G84/><N who="0" m="32299" /><D10/><U94/><AGARI ba="2,3" hai="1,7,11,57,60,64,80,83,91,94,95,96,97,102" machi="94" ten="20,12000,1" yaku="1,1,0,1,7,1,52,1,53,1" doraHai="54" doraHaiUra="33" who="1" fromWho="1" sc="240,-42,240,156,250,-42,240,-42" /><INIT seed="1,3,0,2,0,47" ten="198,396,208,198" oya="1" hai0="111,53,85,64,112,18,12,8,32,61,107,13,15" hai1="94,16,97,33,99,72,46,90,59,25,6,66,41" hai2="17,20,114,43,29,51,45,60,5,77,93,28,118" hai3="9,129,10,106,109,79,7,104,37,133,71,73,89"/><U101/><E72/><V83/><F118/><W86/><G71/><T42/><D112/><U69/><E69/><V126/><F114/><W50/><G37/><T113/><D113/><U100/><E6/><V128/><F128/><W88/><G129/><T70/><D111/><U44/><E33/><V31/><F126/><W75/><G109/><T2/><D107/><U58/><E66/><V119/><F119/><W95/><G133/><T122/><D122/><U52/><E59/><V63/><F93/><W49/><G79/><T68/><D68/><U22/><E97/><V35/><F35/><W121/><G95/><T19/><D32/><U23/><E23/><V96/><F96/><W21/><G7/><T3/><D42/><U57/><E57/><V115/><F5/><W98/><G21/><T105/><D105/><U4/><E4/><V131/><F131/><W26/><G98/><T116/><D116/><U0/><E0/><V48/><F115/><W24/><G86/><T14/><D19/><U55/><E55/><V130/><F130/><W65/><G65/><T67/><D67/><U38/><E44/><N who="2" m="25631" /><F83/><W117/><G117/><T110/><D110/><U80/><E80/><V108/><F77/><W135/><G135/><T124/><D124/><U102/><E101/><V132/><F132/><W123/><AGARI ba="3,0" hai="9,10,24,26,49,50,73,75,88,89,104,106,121,123" machi="123" ten="25,12000,2" yaku="0,1,22,2,52,2,54,1" doraHai="47" who="3" fromWho="3" sc="198,-33,396,-63,208,-33,198,129" /><INIT seed="2,0,0,0,0,81" ten="165,333,175,327" oya="2" hai0="62,19,84,29,59,117,108,36,11,83,26,97,56" hai1="54,80,24,45,7,38,12,121,10,78,47,51,99" hai2="46,79,133,49,22,89,21,6,95,50,120,5,23" hai3="87,17,135,0,132,3,13,42,114,76,85,34,125"/><V112/><F120/><W70/><G34/><T96/><D108/><U66/><E121/><V72/><F112/><W129/><G114/><T119/><D36/><U105/><E66/><V61/><F133/><N who="3" m="51275" /><G125/><T58/><D62/><U102/><E24/><V37/><F37/><W28/><G28/><T127/><D127/><U104/><E38/><V2/><F61/><W48/><G70/><T16/><D96/><U40/><E47/><V107/><F107/><W1/><G76/><T30/><D97/><U33/><E33/><V77/><F72/><W35/><G35/><T15/><D19/><U25/><E25/><V41/><F50/><W98/><G98/><T64/><D64/><U109/><E109/><V126/><F126/><W115/><G129/><T90/><D26/><U20/><E20/><V118/><F118/><AGARI ba="0,0" hai="11,15,16,29,30,56,58,59,83,84,90,117,118,119" machi="118" ten="40,5200,0" yaku="12,1,52,1,54,1" doraHai="81" who="0" fromWho="2" sc="165,52,333,0,175,-52,327,0" /><INIT seed="3,0,0,0,1,24" ten="217,333,123,327" oya="3" hai0="2,114,48,75,1,119,28,10,40,98,62,43,70" hai1="122,120,60,6,63,71,111,26,31,131,94,80,15" hai2="108,8,102,95,18,79,58,110,91,56,84,126,72" hai3="21,117,54,33,67,45,55,30,20,37,41,61,85"/><W82/><G33/><T104/><D119/><U13/><E111/><V109/><F126/><W57/><G117/><T121/><D121/><U87/><E94/><V0/><F0/><W32/><G32/><T105/><D75/><U113/><E113/><V53/><F53/><W50/><G30/><T135/><D135/><U73/><E73/><V11/><F102/><W89/><G55/><T65/><D10/><U92/><E92/><V64/><F64/><W96/><G96/><T46/><D40/><U69/><E69/><AGARI ba="0,0" hai="20,21,37,41,45,50,54,57,61,67,69,82,85,89" machi="69" ten="30,5800,0" yaku="7,1,24,2" doraHai="24" who="3" fromWho="1" sc="217,0,333,-58,123,0,327,58" owari="217,-18.3,275,7.5,123,-37.7,385,48.5" /></mjloggm>