<mjloggm ver="2.3"><GO type="225" lobby="0"/><UN n0="%E6%97%A5%E6%9B%9C%E6%97%A5%E3%82%88%E3%82%8A%E3%81%AE%E4%BD%BF%E8%80%85" n1="%E3%83%A9%E3%83%BC%E3%83%A1%E3%83%B3%E4%BA%94%E9%83%8E" n2="%E3%81%8F%E3%82%8A%E3%83%94%E3%83%BC" n3="%E7%B4%94%E6%BD%94%E3%83%94%E3%83%A9%E3%83%8B%E3%82%A2" dan="17,16,16,16" rate="2146.61,2085.43,2091.15,2071.39" sx="M,M,M,M"/><TAIKYOKU oya="0"/><INIT seed="0,0,0,1,0,15" ten="250,250,250,250" oya="0" hai0="2,106,4,111,100,34,41,92,11,96,62,49,20" hai1="30,122,21,135,47,31,14,67,60,10,73,46,126" hai2="124,22,51,120,54,69,16,105,85,80,13,127,86" hai3="118,112,110,75,130,65,95,128,44,84,55,37,83"/><T7/><D34/><U57/><E122/><V17/><F120/><W93/><G110/><T1/><D111/><U97/><E126/><N who="2" m="48171" /><F69/><W26/><G65/><T12/><D62/><U5/><E135/><V61/><F61/><W132/><G132/><T56/><D20/><U71/><E73/><V103/><F80/><W101/><G75/><T43/><D106/><U68/><E68/><V88/><F88/><N who="3" m="51231" /><G101/><T98/><D98/><U114/><E114/><V115/><F115/><W109/><G118/><T104/><D104/><U117/><E117/><V40/><F40/><N who="3" m="22543" /><G112/><T45/><D56/><U82/><E71/><V8/><F103/><W33/><G55/><T3/><REACH who="0" step="1"/><D43/><REACH who="0" ten="240,250,250,250" step="2"/><U123/><E123/><V125/><F105/><W6/><G33/><T81/><D81/><U32/><E32/><V38/><F125/><W87/><G109/><T102/><D102/><U134/><E134/><V0/><F38/><W119/><G119/><T79/><D79/><U94/><E82/><V113/><F113/><W35/><G35/><T28/><D28/><N who="1" m="10795" /><E21/><V53/><F22/><W27/><G93/><T23/><D23/><U24/><E24/><V121/><F121/><W58/><G95/><T64/><D64/><U42/><E42/><V108/><F108/><W70/><G26/><T72/><D72/><U99/><E99/><V107/><F107/><W39/><G27/><T48/><D48/><U9/><E10/><AGARI ba="0,1" hai="1,2,3,4,7,10,11,12,41,45,49,92,96,100" machi="10" ten="40,2000,0" yaku="1,1,53,0" doraHai="15" doraHaiUra="25" who="0" fromWho="1" sc="240,30,250,-20,250,0,250,0" /><INIT seed="0,1,0,3,5,43" ten="270,230,250,250" oya="0" hai0="74,77,89,30,55,91,61,107,40,80,19,14,131" hai1="95,76,134,84,120,8,73,88,119,25,45,32,56" hai2="46,37,64,20,44,59,11,115,132,16,62,125,83" hai3="78,3,4,86,105,9,24,101,66,54,104,2,97"/><T7/><D107/><U106/><E119/><V38/><F115/><W6/><G105/><T63/><D131/><U49/><E120/><V117/><F117/><W96/><G96/><T23/><D40/><U15/><E106/><V124/><F132/><W69/><G66/><T128/><D128/><U22/><E134/><V27/><F83/><W122/><G69/><T18/><D30/><U112/><E112/><V93/><F93/><W81/><G122/><T34/><D34/><U65/><E32/><V0/><F0/><W90/><G24/><T100/><D100/><U114/><E114/><V29/><F11/><W135/><G135/><T123/><D7/><U57/><E65/><V94/><F94/><W98/><G6/><T1/><D1/><U111/><E111/><V68/><F68/><W31/><G31/><T52/><D123/><U108/><E76/><V99/><F99/><W127/><G127/><N who="2" m="48713" /><F29/><W116/><G116/><T126/><D126/><U92/><E92/><V12/><F27/><W51/><G97/><T121/><D121/><U39/><E108/><V47/><AGARI ba="1,0" hai="12,16,20,37,38,44,46,47,59,62,64" m="48713" machi="47" ten="30,8000,1" yaku="18,1,52,3,54,1" doraHai="43" who="2" fromWho="2" sc="270,-41,230,-21,250,83,250,-21" /><INIT seed="1,0,0,0,5,45" ten="229,209,333,229" oya="1" hai0="96,76,120,46,99,127,29,83,10,80,15,61,32" hai1="31,90,36,67,28,89,66,118,135,91,93,72,115" hai2="21,11,43,130,39,34,122,117,88,105,60,55,126" hai3="125,20,108,70,64,4,73,2,112,82,23,98,19"/><U13/><E115/><V68/><F117/><W78/><G108/><T101/><D127/><U48/><E36/><V85/><F122/><W58/><G125/><T56/><D120/><U24/><E118/><V3/><F34/><W26/><G112/><T33/><D46/><U9/><E72/><V124/><F105/><W35/><G35/><T86/><D83/><U103/><E135/><V92/><F130/><W132/><G132/><T106/><D96/><N who="1" m="59791" /><E24/><V123/><F123/><W6/><G2/><T74/><D29/><N who="1" m="11339" /><E48/><V62/><F39/><W12/><G70/><T57/><D74/><U134/><E134/><V49/><F68/><W116/><G116/><T77/><D77/><U50/><E50/><V41/><F124/><W22/><G98/><T16/><REACH who="0" step="1"/><D57/><REACH who="0" ten="219,209,333,229" step="2"/><U121/><E121/><V114/><F126/><W44/><G44/><T95/><D95/><U84/><E84/><V71/><F92/><W7/><G26/><T0/><D0/><U87/><E87/><V129/><F3/><W38/><G38/><T97/><D97/><U102/><E102/><V25/><F85/><W14/><G14/><T119/><D119/><U131/><E131/><V75/><F25/><W52/><G12/><T53/><AGARI ba="0,1" hai="10,15,16,32,33,53,56,61,76,80,86,99,101,106" machi="53" ten="20,5200,0" yaku="1,1,0,1,7,1,54,1,53,0" doraHai="45" doraHaiUra="133" who="0" fromWho="0" sc="219,62,209,-26,333,-13,229,-13" /><INIT seed="2,0,0,1,3,108" ten="281,183,320,216" oya="2" hai0="50,77,61,121,22,3,2,29,92,18,74,122,20" hai1="76,60,85,41,42,114,86,93,36,81,111,128,6" hai2="125,118,54,25,44,88,7,79,101,52,126,31,107" hai3="11,119,129,23,15,8,39,134,75,43,51,84,32"/><V4/><F118/><W99/><G75/><T113/><D77/><U26/><E111/><V116/><F79/><W62/><G32/><T56/><D74/><U33/><E128/><V131/><F116/><W24/><G129/><T72/><D72/><U123/><E123/><V133/><F131/><W117/><G39/><T130/><D130/><U64/><E36/><V65/><F65/><W89/><G99/><T97/><D113/><U37/><E37/><V69/><F69/><W46/><G62/><T53/><D29/><U73/><E73/><V90/><F101/><W91/><G91/><N who="2" m="34857" /><F107/><W124/><G11/><T68/><D122/><U17/><E85/><V104/><F104/><W19/><G124/><N who="2" m="47721" /><F133/><W57/><G134/><T109/><D121/><U63/><E93/><V71/><F71/><W49/><G49/><T13/><D109/><U103/><E103/><V67/><F67/><W45/><G119/><T70/><D70/><U40/><E64/><V66/><F66/><W105/><G105/><T16/><D68/><U96/><E96/><V10/><F44/><W35/><G46/><T106/><D106/><U98/><E98/><V58/><F10/><W0/><G117/><T21/><D50/><U55/><E76/><V87/><F87/><W102/><G102/><T38/><D38/><U9/><E86/><V5/><F58/><W30/><G57/><T59/><D59/><U34/><E81/><V47/><F47/><W112/><G84/><T78/><D78/><U12/><E9/><V48/><F48/><W28/><G51/><T135/><D135/><U82/><E82/><RYUUKYOKU ba="0,0" sc="281,-10,183,-10,320,30,216,-10" hai2="4,5,7,25,31,52,54" /><INIT seed="2,1,0,3,5,17" ten="271,173,350,206" oya="2" hai0="108,0,55,58,68,5,98,94,36,57,2,41,72" hai1="100,83,67,40,126,92,4,69,88,117,45,71,13" hai2="74,70,84,131,107,35,115,113,85,91,25,33,15" hai3="61,133,93,3,95,37,6,63,44,129,105,65,38"/><V12/><F70/><W16/><G105/><T1/><D68/><U49/><E126/><V130/><F74/><W99/><G129/><T78/><D108/><U23/><E117/><V114/><F107/><W97/><G133/><T86/><D72/><U64/><E69/><V127/><F127/><W31/><G31/><T59/><D36/><U76/><E71/><V28/><F33/><W112/><G6/><T21/><D41/><U122/><E122/><V106/><F106/><W125/><G3/><T54/><D5/><U62/><E100/><V53/><F53/><W10/><G125/><T32/><D32/><U29/><E62/><V24/><F24/><W27/><G112/><T46/><D46/><U87/><E4/><V43/><F43/><W124/><G65/><T30/><D86/><N who="2" m="33386" /><F91/><W109/><G27/><T102/><D78/><U50/><E50/><V60/><F60/><W8/><G109/><T82/><D82/><U77/><E77/><V42/><F42/><W79/><G79/><T103/><D103/><U51/><E51/><V34/><F34/><W80/><G80/><T66/><D66/><U47/><E47/><V11/><F11/><W75/><G75/><T120/><D120/><U48/><E48/><V132/><F132/><W22/><G44/><T134/><D134/><U101/><E101/><V128/><AGARI ba="1,0" hai="12,15,25,28,35,113,114,115,128,130,131" m="33386" machi="128" ten="40,2100,0" yaku="19,1" doraHai="17" who="2" fromWho="2" sc="271,-8,173,-8,350,24,206,-8" /><INIT seed="2,2,0,1,2,108" ten="263,165,374,198" oya="2" hai0="59,67,11,20,57,44,116,107,125,10,105,85,18" hai1="72,102,27,62,129,22,110,118,50,9,123,121,37" hai2="95,76,32,69,132,99,106,120,48,33,70,23,97" hai3="117,131,30,29,35,28,6,53,91,4,96,75,92"/><V124/><F120/><W47/><G35/><T83/><D125/><U84/><E118/><V56/><F76/><W49/><G75/><T43/><D116/><U63/><E72/><V89/><F132/><W52/><G117/><T7/><D107/><U15/><E37/><V58/><F23/><W2/><G2/><T38/><D105/><U16/><E110/><V135/><F106/><W101/><G131/><T0/><D11/><U42/><E129/><V128/><F48/><W82/><G53/><T126/><D67/><U134/><E134/><V19/><F19/><W17/><G17/><T78/><D126/><U111/><E111/><V93/><F89/><W88/><REACH who="3" step="1"/><G82/><REACH who="3" ten="263,165,374,188" step="2"/><T74/><REACH who="0" step="1"/><D85/><REACH who="0" ten="253,165,374,188" step="2"/><U109/><E109/><V114/><F135/><W127/><G127/><T13/><AGARI ba="2,2" hai="0,7,10,13,18,20,38,43,44,57,59,74,78,83" machi="13" ten="20,12000,2" yaku="1,1,2,1,0,1,7,1,25,2,53,0" doraHai="108" doraHaiUra="51" who="0" fromWho="0" sc="253,146,165,-32,374,-62,188,-32" /><INIT seed="3,0,0,1,3,77" ten="399,133,312,156" oya="3" hai0="66,85,102,71,68,88,97,104,70,16,81,22,110" hai1="10,41,48,26,60,28,14,124,36,67,55,125,103" hai2="63,120,4,35,94,44,109,30,7,33,106,113,84" hai3="89,50,82,25,27,118,18,52,112,9,127,8,75"/><W108/><G118/><T128/><D110/><U100/><E41/><V12/><F94/><W13/><G112/><T34/><D34/><U83/><E36/><V61/><F84/><N who="3" m="50327" /><G75/><T122/><D122/><U116/><E116/><V130/><F106/><W69/><G69/><T134/><D134/><U20/><E55/><V80/><F109/><W133/><G108/><T135/><D135/><U123/><E48/><V37/><F80/><W57/><G133/><T58/><D128/><U59/><E123/><V31/><F130/><W129/><G127/><T101/><D101/><U19/><REACH who="1" step="1"/><E83/><REACH who="1" ten="399,123,312,156" step="2"/><V131/><F37/><W23/><G129/><T117/><D117/><U40/><E40/><V119/><F131/><W98/><G98/><T3/><D3/><U74/><E74/><V6/><F120/><W29/><G25/><T126/><D126/><AGARI ba="0,1" hai="10,14,19,20,26,28,59,60,67,100,103,124,125,126" machi="126" ten="40,2600,0" yaku="1,1,18,1,53,0" doraHai="77" doraHaiUra="32" who="1" fromWho="0" sc="399,-26,123,36,312,0,156,0" owari="373,47.3,159,-24.1,312,11.2,156,-34.4" /></mjloggm>