<mjloggm ver="2.3"><GO type="225" lobby="0"/><UN n0="%E9%80%86%E9%80%A3%E5%B8%AF%E3%81%AE%E9%AC%BC" n1="%E6%A1%9C%E8%8A%B1%E9%96%83%E3%80%85" n2="%74%61%6B%65%2D%79%6F%75" n3="%73%6C%69%63%6B%33%31%39" dan="16,17,17,17" rate="2135.69,2239.13,2229.98,2169.30" sx="M,M,M,M"/><TAIKYOKU oya="0"/><INIT seed="0,0,0,4,0,40" ten="250,250,250,250" oya="0" hai0="11,21,122,45,2,77,52,121,118,25,22,19,127" hai1="38,91,96,108,112,24,44,56,99,124,70,17,113" hai2="3,14,133,104,87,69,29,5,61,33,42,90,84" hai3="27,85,130,66,50,32,64,135,6,10,100,89,63"/><T53/><D118/><U31/><E70/><V80/><F133/><W125/><G135/><T102/><D127/><U51/><E124/><V67/><F104/><W98/><G125/><T109/><D109/><U58/><E38/><V60/><F3/><W15/><G130/><T126/><D126/><U86/><E17/><V7/><F60/><W23/><G32/><T119/><D119/><U107/><E108/><V59/><F69/><W110/><G110/><T103/><D77/><U76/><E76/><V28/><F42/><W0/><G0/><T35/><D35/><N who="1" m="20967" /><E96/><V55/><F67/><W97/><G50/><T68/><D68/><U116/><E99/><N who="3" m="37898" /><G63/><T8/><D2/><U74/><E74/><V57/><F57/><W34/><G34/><T62/><D62/><U94/><E107/><V88/><F33/><W26/><G26/><T111/><D111/><U71/><E71/><V117/><F117/><W81/><G100/><T78/><D78/><U30/><E30/><AGARI ba="0,0" hai="6,10,15,23,27,30,64,66,81,85,89" m="37898" machi="30" ten="30,1000,0" yaku="8,1" doraHai="40" who="3" fromWho="1" sc="250,0,250,-10,250,0,250,10" /><INIT seed="1,0,0,3,3,14" ten="250,240,250,260" oya="1" hai0="40,68,50,98,105,79,88,2,126,7,43,48,133" hai1="57,45,17,120,77,85,90,135,59,41,103,119,108" hai2="25,123,104,113,116,125,71,134,131,94,22,12,44" hai3="18,4,21,51,101,11,121,63,92,87,107,24,127"/><U130/><E119/><V81/><F116/><W16/><G121/><T89/><D68/><U33/><E120/><V75/><F123/><W23/><G127/><T99/><D133/><U28/><E135/><V67/><F134/><W80/><G107/><T39/><D79/><U129/><E77/><V61/><F104/><W124/><G124/><T0/><D126/><U100/><E33/><V69/><F125/><W74/><G63/><T6/><REACH who="0" step="1"/><D105/><REACH who="0" ten="240,240,250,260" step="2"/><U36/><E129/><V26/><F69/><W118/><G118/><T110/><D110/><U70/><E130/><V49/><F71/><W128/><G128/><T52/><D52/><U96/><E70/><V109/><F109/><W106/><G106/><T31/><D31/><U30/><E30/><V46/><F131/><W58/><G74/><T10/><D10/><U111/><E28/><V9/><F9/><W55/><G11/><T66/><D66/><U72/><E72/><V132/><F67/><W32/><G55/><T78/><D78/><U64/><E64/><V84/><F132/><W82/><G4/><T97/><D97/><U86/><E111/><V115/><F75/><W93/><G87/><T20/><D20/><U13/><E86/><V37/><F84/><W15/><G23/><T76/><D76/><U91/><E96/><V34/><F22/><W114/><G21/><T54/><D54/><U19/><E85/><V83/><F34/><W62/><G80/><T1/><D1/><U27/><E108/><V73/><F83/><W35/><G82/><T112/><D112/><U60/><E27/><V29/><F25/><RYUUKYOKU ba="0,1" sc="240,30,240,-10,250,-10,260,-10" hai0="0,2,6,7,39,40,43,48,50,88,89,98,99" /><INIT seed="2,1,1,1,3,102" ten="270,230,240,250" oya="2" hai0="27,63,70,124,57,105,78,130,129,11,49,50,80" hai1="33,4,26,42,96,128,13,73,134,36,109,72,43" hai2="86,59,132,67,15,19,52,106,100,121,61,37,9" hai3="114,89,112,5,44,39,104,122,111,56,18,95,17"/><V120/><F132/><W6/><G122/><T83/><D124/><U117/><E117/><V127/><F127/><W16/><G111/><T46/><D70/><U77/><E109/><V35/><F35/><W84/><G56/><T40/><D105/><U68/><E68/><V20/><F37/><W31/><G31/><T58/><D27/><U22/><E33/><V108/><F108/><W125/><G104/><T24/><D24/><U2/><E13/><V97/><F86/><W135/><G135/><T1/><D50/><U47/><E43/><V115/><F115/><N who="3" m="44075" /><G125/><T60/><D58/><U64/><E64/><V103/><F103/><W99/><G84/><T116/><D116/><U101/><E128/><V30/><F67/><W3/><G3/><T28/><D28/><U123/><E77/><V90/><F90/><W88/><G89/><T54/><D63/><U48/><E36/><V53/><F53/><W94/><G94/><T23/><D23/><U10/><E123/><V131/><F131/><N who="0" m="50186" /><D78/><U69/><E69/><V21/><REACH who="2" step="1"/><F20/><REACH who="2" ten="270,230,230,250" step="2"/><W76/><G76/><T85/><D85/><U62/><E134/><V107/><F107/><W29/><G88/><T82/><D54/><U55/><E101/><V34/><F34/><W41/><G99/><T71/><D40/><U8/><E96/><V87/><F87/><W93/><G95/><T98/><D98/><U7/><E42/><V119/><F119/><W45/><G93/><T133/><D133/><U66/><E66/><V110/><F110/><W12/><G41/><T0/><D82/><U118/><E118/><V65/><F65/><RYUUKYOKU ba="1,2" sc="270,-10,230,-10,230,30,250,-10" hai2="9,15,19,21,30,52,59,61,97,100,106,120,121" /><INIT seed="2,2,2,1,5,96" ten="260,220,260,240" oya="2" hai0="18,30,19,105,14,120,113,121,95,46,84,33,91" hai1="108,7,40,99,116,36,110,0,126,80,86,72,123" hai2="38,81,104,25,37,76,112,3,11,12,27,118,125" hai3="107,130,42,128,127,70,77,9,106,66,53,54,62"/><V129/><F112/><W71/><G127/><T68/><D113/><U55/><E116/><V100/><F118/><W17/><G42/><T87/><D68/><U115/><E115/><V13/><F125/><W48/><G77/><T63/><D105/><U132/><E126/><V83/><F129/><N who="3" m="49771" /><G70/><T28/><D33/><U124/><E124/><V122/><F122/><W49/><G17/><T75/><D75/><U103/><E55/><N who="3" m="21002" /><G9/><T73/><D73/><U101/><E123/><V2/><F11/><W131/><N who="3" m="49779" /><W102/><DORA hai="34" /><G102/><N who="1" m="38922" /><E99/><V35/><F100/><W1/><G1/><T21/><D63/><U98/><E98/><V82/><F104/><AGARI ba="2,2" hai="48,49,62,66,71,104,106,107" m="21002,49779" machi="104" ten="50,1600,0" yaku="19,1" doraHai="96,34" who="3" fromWho="2" sc="260,0,220,0,260,-22,240,42" /><INIT seed="3,0,0,2,1,67" ten="260,220,238,282" oya="3" hai0="27,52,51,112,46,89,87,83,40,111,135,28,50" hai1="133,20,99,79,74,118,109,58,115,124,11,70,7" hai2="43,81,110,94,95,123,5,64,8,106,53,130,128" hai3="39,9,23,33,72,97,80,65,66,17,68,55,108"/><W82/><G33/><T36/><D111/><U113/><E109/><V37/><F110/><W24/><G39/><T1/><D135/><U85/><E74/><V119/><F119/><W49/><G108/><T105/><D112/><U3/><E133/><V132/><F132/><W31/><G97/><T107/><D1/><U131/><E118/><V30/><F123/><W90/><G72/><T25/><D36/><U125/><E131/><N who="2" m="50219" /><F106/><W73/><G73/><T6/><D6/><U101/><E58/><V98/><F30/><W10/><G68/><T35/><REACH who="0" step="1"/><D25/><REACH who="0" ten="250,220,238,282" step="2"/><U15/><E113/><V63/><F5/><W41/><G24/><T121/><D121/><U122/><E115/><V54/><F37/><W117/><G117/><T19/><D19/><N who="1" m="10367" /><E122/><V100/><F43/><W29/><G41/><T88/><D88/><U45/><E125/><V127/><F127/><W69/><G90/><T57/><AGARI ba="0,1" hai="27,28,35,40,46,50,51,52,57,83,87,89,105,107" machi="57" ten="20,5200,0" yaku="1,1,0,1,7,1,54,1,53,0" doraHai="67" doraHaiUra="62" who="0" fromWho="0" sc="250,62,220,-13,238,-13,282,-26" owari="312,41.2,207,-29.3,225,-17.5,256,5.6" /></mjloggm>