<mjloggm ver="2.3"><GO type="225" lobby="0"/><UN n0="%E3%81%86%E3%81%A9%E3%82%93%E3%81%93" n1="%4C%4F%4C%49%54%41" n2="%72%69%6F%75%63%68%61%6E" n3="%E3%81%BF%E3%81%BF%E3%81%9A" dan="16,16,17,18" rate="2129.16,2174.85,2271.91,2252.01" sx="M,F,M,M"/><TAIKYOKU oya="0"/><INIT seed="0,0,0,4,3,20" ten="250,250,250,250" oya="0" hai0="85,65,31,131,66,36,80,2,23,116,50,30,126" hai1="98,8,88,7,4,76,57,78,13,52,97,16,82" hai2="83,107,44,128,49,99,47,59,73,60,134,79,108" hai3="93,89,14,15,70,0,41,94,84,63,11,127,67"/><T125/><D116/><U95/><E98/><V86/><F108/><W113/><G113/><T40/><D2/><U103/><E103/><V64/><F134/><W92/><G127/><N who="0" m="48651" /><D36/><U69/><E69/><V29/><F128/><W27/><G41/><T122/><D122/><U77/><E82/><V51/><F29/><N who="0" m="10762" /><D131/><U35/><E35/><V61/><F73/><W109/><G27/><T130/><D130/><U114/><E114/><V9/><F9/><W22/><G22/><T26/><D50/><AGARI ba="0,0" hai="4,7,8,13,16,50,52,57,76,77,78,88,95,97" machi="50" ten="40,8000,1" yaku="8,1,54,3" doraHai="20" who="1" fromWho="0" sc="250,-80,250,80,250,0,250,0" /><INIT seed="1,0,0,5,4,106" ten="170,330,250,250" oya="1" hai0="67,71,82,84,63,70,95,24,93,73,50,135,44" hai1="58,27,7,32,108,14,104,102,9,110,109,112,96" hai2="16,97,132,90,85,94,19,11,78,98,28,42,66" hai3="111,55,17,0,122,133,30,5,56,48,92,103,18"/><U124/><E112/><V68/><F132/><W75/><G122/><T114/><D114/><U105/><E105/><V88/><F28/><W35/><G111/><T8/><D135/><U23/><E58/><V130/><F130/><W83/><G133/><T52/><D71/><U125/><REACH who="1" step="1"/><E32/><REACH who="1" ten="170,320,250,250" step="2"/><V128/><F68/><W15/><G56/><T6/><D24/><U65/><E65/><V86/><F66/><W89/><G35/><T40/><D40/><U10/><E10/><V36/><F128/><W107/><G107/><T129/><D129/><U64/><E64/><V3/><F42/><W22/><G55/><T25/><D25/><U2/><E2/><V1/><F11/><W26/><G0/><T61/><D61/><U79/><E79/><V74/><F1/><W21/><G26/><T37/><D37/><U72/><E72/><V43/><F3/><W121/><G75/><T47/><D73/><U127/><E127/><V20/><F43/><W120/><G120/><T126/><D126/><U13/><E13/><V116/><F36/><W12/><G15/><T60/><D60/><U91/><E91/><V131/><F131/><W119/><G12/><T77/><D44/><U33/><E33/><V113/><F113/><W69/><G121/><T117/><D117/><U87/><E87/><N who="2" m="33291" /><F116/><W39/><G119/><T45/><D45/><U31/><AGARI ba="0,1" hai="7,9,14,23,27,31,96,102,104,108,109,110,124,125" machi="31" ten="40,12000,1" yaku="1,1,0,1,14,1,10,1,53,0" doraHai="106" doraHaiUra="53" who="1" fromWho="1" sc="170,-40,320,130,250,-40,250,-40" /><INIT seed="1,1,0,5,3,91" ten="130,450,210,210" oya="1" hai0="9,40,131,110,100,71,67,81,125,65,32,1,16" hai1="23,115,129,107,8,98,90,96,84,135,69,79,93" hai2="59,105,27,12,121,56,45,34,132,92,112,10,7" hai3="85,26,41,3,72,6,20,114,43,76,89,53,14"/><U87/><E69/><V86/><F121/><W55/><G114/><T18/><D32/><U73/><E8/><V116/><F116/><W33/><G76/><T2/><D110/><U122/><E23/><V38/><F105/><W103/><G72/><T13/><D131/><U19/><E19/><V62/><F112/><W5/><G103/><T68/><D125/><U120/><E115/><V126/><F126/><W31/><G3/><T57/><D40/><N who="3" m="15433" /><G33/><T47/><D47/><U52/><E52/><N who="3" m="20042" /><G14/><T21/><D100/><N who="1" m="62855" /><E135/><V15/><F38/><W119/><G119/><T133/><D133/><U24/><E24/><V109/><F45/><W94/><AGARI ba="1,0" hai="5,6,20,26,31,85,89,94" m="20042,15433" machi="94" ten="30,4000,0" yaku="8,1,52,1,54,1" doraHai="91" who="3" fromWho="3" sc="130,-11,450,-21,210,-11,210,43" /><INIT seed="2,0,0,5,3,120" ten="119,429,199,253" oya="2" hai0="86,70,31,3,44,97,32,124,104,46,63,87,128" hai1="8,53,133,23,132,29,50,54,0,67,74,73,51" hai2="71,12,82,117,36,68,24,45,85,116,110,56,134" hai3="94,4,49,42,59,21,118,98,81,60,1,127,115"/><V14/><F110/><W38/><G118/><T61/><D61/><U6/><E67/><V13/><F134/><N who="1" m="51817" /><E29/><V112/><F112/><W109/><G115/><T93/><D3/><U55/><E23/><V48/><F56/><W9/><G109/><T43/><D128/><U77/><E77/><V16/><F36/><W83/><G127/><T62/><D124/><U106/><E106/><V69/><F24/><W123/><G38/><T125/><D63/><U52/><E51/><V102/><F102/><W57/><G21/><T92/><D125/><U27/><E27/><V72/><F72/><W37/><G37/><T100/><D93/><U91/><E91/><V122/><F122/><W7/><G7/><T75/><D75/><U41/><E41/><V22/><F117/><W33/><G33/><T25/><D92/><U30/><E30/><V119/><F116/><W80/><G123/><T88/><D43/><U11/><E8/><V90/><REACH who="2" step="1"/><F119/><REACH who="2" ten="119,429,189,253" step="2"/><W135/><G135/><T108/><D108/><U34/><E34/><V28/><F28/><W130/><G130/><T114/><D114/><U95/><E74/><V58/><F58/><W79/><G60/><T113/><D113/><U26/><E26/><V101/><F101/><N who="3" m="60631" /><G59/><T89/><D87/><U121/><E121/><V2/><F2/><W96/><G96/><T10/><D86/><U126/><E126/><V35/><F35/><W76/><G57/><T19/><D46/><N who="1" m="27863" /><E73/><V64/><F64/><W84/><G84/><T47/><D47/><U65/><E65/><V17/><F17/><W111/><G111/><T5/><D44/><AGARI ba="0,1" hai="1,4,9,42,44,49,76,79,80,81,83" m="60631" machi="44" ten="30,1000,0" yaku="6,1" doraHai="120" who="3" fromWho="0" sc="119,-10,429,0,189,0,253,20" /><INIT seed="3,0,0,1,2,36" ten="109,429,189,273" oya="3" hai0="88,31,10,5,93,9,107,58,77,14,16,54,55" hai1="21,25,34,70,56,89,15,104,12,84,114,61,37" hai2="133,134,129,86,74,20,87,113,94,49,126,29,67" hai3="132,125,35,2,73,40,72,17,3,111,13,59,100"/><W99/><G35/><T92/><D107/><U1/><E114/><V117/><F113/><W97/><G125/><T32/><D77/><U79/><E1/><V30/><F74/><W78/><G132/><N who="2" m="50793" /><F117/><W102/><G59/><T23/><D92/><U112/><E112/><V71/><F126/><W45/><G111/><T131/><D131/><U39/><E104/><V106/><F106/><W109/><G109/><T60/><D55/><U83/><E70/><V26/><F129/><W22/><G78/><T62/><D62/><U80/><E34/><V52/><F30/><W121/><G121/><T90/><D10/><U128/><E39/><V6/><F6/><W103/><G2/><T38/><D38/><U4/><E37/><V8/><F8/><W101/><G3/><T130/><D130/><U33/><E4/><V75/><F75/><W123/><G123/><T46/><D46/><U65/><E33/><V110/><F110/><W50/><REACH who="3" step="1"/><G97/><REACH who="3" ten="109,429,189,263" step="2"/><T108/><D108/><U64/><E128/><V96/><F71/><W41/><G41/><T28/><D32/><U47/><E79/><V27/><F67/><W19/><G19/><T68/><D68/><U135/><E135/><V124/><F124/><W127/><G127/><T115/><D115/><U43/><E64/><V11/><F96/><W24/><G24/><N who="0" m="14439" /><D90/><N who="1" m="51463" /><E43/><V18/><F26/><W95/><AGARI ba="0,1" hai="13,17,22,40,45,50,72,73,95,99,100,101,102,103" machi="95" ten="30,6000,0" yaku="1,1,0,1,52,1,53,0" doraHai="36" doraHaiUra="122" who="3" fromWho="3" sc="109,-20,429,-20,189,-20,263,70" /><INIT seed="3,1,0,0,5,123" ten="89,409,169,333" oya="3" hai0="111,74,105,24,99,31,112,26,97,49,77,33,66" hai1="121,43,70,40,65,96,133,71,95,103,8,57,132" hai2="80,114,125,19,82,34,78,108,124,100,94,85,3" hai3="0,50,2,90,109,120,91,134,106,27,76,29,92"/><W75/><G120/><T13/><D112/><U126/><E121/><V69/><F108/><W116/><G116/><T52/><D66/><U129/><E129/><V44/><F114/><W110/><G106/><T68/><D68/><N who="1" m="26155" /><E126/><N who="2" m="48747" /><F69/><W45/><G134/><N who="1" m="51818" /><E8/><V88/><F34/><W38/><G38/><T128/><D128/><U86/><E86/><N who="2" m="48407" /><F3/><W135/><G135/><T48/><D111/><N who="3" m="42505" /><G76/><T22/><D48/><U25/><E25/><V35/><F35/><N who="3" m="20927" /><G75/><T59/><D105/><U104/><E104/><V1/><F1/><N who="3" m="619" /><G92/><T81/><REACH who="0" step="1"/><D13/><REACH who="0" ten="79,409,169,333" step="2"/><U127/><E127/><V56/><F94/><W60/><G60/><AGARI ba="1,1" hai="40,43,57,60,65,95,96,103" m="51818,26155" machi="60" ten="30,1000,0" yaku="20,1" doraHai="123" who="1" fromWho="3" sc="79,0,409,23,169,0,333,-13" owari="79,-42.1,432,53.2,169,-23.1,320,12.0" /></mjloggm>