<mjloggm ver="2.3"><GO type="225" lobby="0"/><UN n0="%E3%81%86%E3%83%BC%E3%81%B1%E3%83%BC" n1="%E8%81%B7%E6%A5%AD%E3%80%81%E9%A2%A8%32" n2="%E5%B0%8F%E9%B3%A5%E9%81%8A%E7%B7%B4%E7%84%A1%32%31%E6%AD%B3" n3="%4B%2E%32%2E%4B%2E" dan="16,16,16,16" rate="2195.45,2149.40,2140.55,2129.59" sx="M,M,F,M"/><TAIKYOKU oya="0"/><INIT seed="0,0,0,1,2,123" ten="250,250,250,250" oya="0" hai0="98,119,43,85,13,44,50,3,66,68,37,15,133" hai1="109,60,24,12,51,7,69,130,49,45,34,26,17" hai2="6,84,14,101,93,22,128,54,21,16,31,112,8" hai3="129,126,89,134,103,110,72,20,91,62,114,73,108"/><T76/><D119/><U111/><E130/><V35/><F128/><W96/><G129/><T57/><D3/><U92/><E7/><V55/><F112/><W83/><G114/><T48/><D133/><U42/><E69/><V65/><F65/><W58/><G134/><T131/><D131/><U67/><E60/><V63/><F35/><W0/><G0/><T120/><D120/><U116/><E67/><V52/><F31/><W40/><G126/><T4/><D98/><U107/><E107/><V102/><F63/><W90/><G40/><T106/><D106/><U105/><E105/><V94/><F22/><W82/><G20/><T77/><D68/><U56/><E92/><V70/><F70/><W121/><G121/><T33/><D33/><U127/><E127/><V29/><F29/><W59/><G59/><T87/><D37/><U18/><E18/><V117/><F117/><W135/><G135/><T5/><D66/><U1/><E1/><V11/><F11/><W61/><G58/><T10/><D57/><U113/><E34/><V81/><F101/><W125/><G125/><T30/><D30/><U86/><E113/><V2/><REACH who="2" step="1"/><F102/><REACH who="2" ten="250,250,240,250" step="2"/><W38/><G103/><T71/><D71/><U53/><E116/><V74/><F74/><W97/><G91/><AGARI ba="0,1" hai="2,6,8,14,16,21,52,54,55,81,84,91,93,94" machi="91" ten="40,5200,0" yaku="1,1,54,2,53,0" doraHai="123" doraHaiUra="99" who="2" fromWho="3" sc="250,0,250,0,240,62,250,-52" /><INIT seed="1,0,0,1,2,128" ten="250,250,302,198" oya="1" hai0="119,4,104,91,112,115,95,13,78,59,131,0,61" hai1="77,76,75,58,10,44,16,54,69,113,114,3,51" hai2="97,64,57,117,62,129,11,21,18,121,45,99,9" hai3="50,67,72,94,33,40,15,124,32,39,43,80,92"/><U48/><E69/><V26/><F121/><W108/><G39/><T89/><D119/><U12/><E3/><V19/><F129/><W60/><G108/><T1/><D104/><U7/><E7/><V34/><F34/><W23/><G124/><T86/><D78/><U46/><E58/><V65/><F65/><W132/><G32/><T5/><D131/><U87/><E75/><V8/><F117/><W73/><G33/><T101/><D101/><U29/><E29/><V38/><F38/><W116/><G116/><T17/><D0/><U118/><E118/><V79/><F79/><W134/><G23/><T2/><D2/><U90/><E113/><V68/><F45/><N who="3" m="25895" /><G15/><T93/><D1/><U125/><E125/><V102/><F68/><N who="3" m="42087" /><G43/><T82/><D115/><U66/><E66/><V133/><F18/><W52/><G52/><N who="0" m="34023" /><D112/><U14/><E14/><V47/><F97/><W98/><G80/><T85/><D82/><N who="1" m="49527" /><E114/><V109/><F109/><W122/><G122/><T81/><D81/><U63/><E63/><V22/><F22/><AGARI ba="0,0" hai="4,5,13,17,22,85,86,89,91,93,95" m="34023" machi="22" ten="30,2000,0" yaku="8,1,54,1" doraHai="128" who="0" fromWho="2" sc="250,20,250,0,302,-20,198,0" /><INIT seed="2,0,0,2,2,19" ten="270,250,282,198" oya="2" hai0="11,83,76,60,57,29,135,95,86,89,34,33,32" hai1="96,94,107,110,118,70,123,133,31,90,99,45,8" hai2="78,119,77,105,64,9,67,21,97,126,92,35,100" hai3="50,62,0,43,72,38,30,103,74,75,125,66,51"/><V16/><F35/><W52/><G0/><T36/><D135/><U22/><E70/><V41/><F119/><W84/><G125/><T121/><D36/><U56/><E118/><V85/><F126/><W48/><G103/><T25/><D11/><U120/><E133/><V109/><F41/><W1/><G1/><T61/><D121/><N who="1" m="46667" /><E110/><V24/><F109/><W102/><G30/><T63/><REACH who="0" step="1"/><D57/><REACH who="0" ten="260,250,282,198" step="2"/><U58/><E8/><V127/><F127/><W98/><G38/><T79/><D79/><N who="2" m="30218" /><F105/><W23/><G75/><AGARI ba="0,1" hai="25,29,32,33,34,60,61,63,75,76,83,86,89,95" machi="75" ten="40,2600,0" yaku="1,1,53,1" doraHai="19" doraHaiUra="20" who="0" fromWho="3" sc="260,36,250,0,282,0,198,-26" /><INIT seed="3,0,0,4,2,61" ten="296,250,282,172" oya="3" hai0="57,32,16,70,76,22,68,18,41,39,115,94,126" hai1="45,130,30,123,64,125,51,7,63,36,47,6,131" hai2="50,31,99,106,92,84,119,42,26,113,116,83,96" hai3="101,53,109,9,29,105,117,38,114,35,121,118,89"/><W128/><G114/><T8/><D32/><U48/><E30/><V0/><F0/><W5/><G121/><T28/><D76/><U58/><E7/><V95/><F106/><W100/><G89/><T108/><D41/><N who="1" m="22695" /><E6/><V55/><F42/><W110/><G38/><T27/><D39/><U10/><E10/><V62/><F113/><W66/><G53/><T120/><D115/><U40/><E123/><V81/><F62/><W73/><G73/><T20/><D120/><U1/><E1/><V19/><F19/><W127/><G127/><T88/><D126/><U17/><E17/><V54/><F84/><W135/><G135/><T67/><D8/><U75/><E75/><V87/><F87/><W103/><G105/><T15/><D28/><U44/><E125/><V24/><F50/><W80/><G80/><T65/><D70/><U59/><E59/><V11/><F11/><W52/><G66/><T43/><D67/><U21/><E21/><V86/><F86/><W124/><G52/><AGARI ba="0,0" hai="40,44,47,48,51,52,58,63,64,130,131" m="22695" machi="52" ten="30,7700,0" yaku="34,2,52,1,54,1" doraHai="61" who="1" fromWho="3" sc="296,0,250,77,282,0,172,-77" owari="296,9.6,327,42.7,282,-11.8,95,-40.5" /></mjloggm>