<mjloggm ver="2.3"><GO type="225" lobby="0"/><UN n0="%E6%81%A5%E6%99%92%E3%81%97" n1="%E3%81%B5%E3%81%98%E3%81%8B%E3%81%A4" n2="%72%69%6F%75%63%68%61%6E" n3="%E3%80%93%E3%81%97%E3%83%BC%E3%82%89%E3%80%93" dan="16,16,17,16" rate="2112.18,2150.26,2199.03,2160.46" sx="M,M,M,M"/><TAIKYOKU oya="0"/><INIT seed="0,0,0,0,1,80" ten="250,250,250,250" oya="0" hai0="100,52,83,57,127,69,33,42,26,85,10,106,41" hai1="31,82,62,86,113,78,101,97,123,109,18,111,24" hai2="40,9,121,102,120,29,28,110,71,3,129,98,50" hai3="99,15,32,60,112,108,133,35,12,122,130,115,104"/><T81/><D127/><U125/><E123/><V27/><F110/><N who="1" m="41993" /><E125/><V107/><F129/><W66/><G108/><T55/><D69/><U2/><E2/><V118/><F118/><W48/><G130/><T116/><D116/><U132/><E132/><V75/><F75/><W105/><G48/><N who="0" m="30855" /><D106/><N who="1" m="63791" /><E62/><V91/><F71/><W20/><G60/><T74/><D74/><U134/><E134/><V1/><F28/><W46/><G133/><T79/><D33/><N who="1" m="20711" /><E18/><V7/><F1/><W34/><G122/><T114/><D114/><AGARI ba="0,0" hai="78,82,86,113,114" m="20711,63791,41993" machi="114" ten="30,2000,0" yaku="14,1,52,1" doraHai="80" who="1" fromWho="0" sc="250,-20,250,20,250,0,250,0" /><INIT seed="1,0,0,3,0,24" ten="230,270,250,250" oya="1" hai0="101,130,128,69,84,73,79,105,135,104,80,78,54" hai1="15,71,74,70,64,120,98,75,96,126,90,121,93" hai2="106,34,9,124,60,36,76,132,38,133,22,25,56" hai3="86,107,102,46,23,89,62,37,99,47,113,49,72"/><U131/><E126/><V43/><F124/><W129/><G72/><T66/><D54/><U117/><E117/><V55/><F34/><W81/><G113/><T100/><D66/><U44/><E44/><V17/><F106/><N who="0" m="41066" /><D69/><U20/><E131/><N who="0" m="50217" /><D135/><N who="2" m="51786" /><F76/><N who="0" m="29226" /><D73/><U19/><E98/><V127/><F127/><W91/><G129/><T1/><D1/><U125/><E125/><V40/><F9/><W87/><G62/><T14/><D14/><U97/><E75/><V29/><F17/><W16/><G37/><AGARI ba="0,0" hai="22,25,29,36,37,38,40,43,55,56,60" m="51786" machi="37" ten="30,2000,0" yaku="20,1,52,1" doraHai="24" who="2" fromWho="3" sc="230,0,270,0,250,20,250,-20" /><INIT seed="2,0,0,1,0,40" ten="230,270,270,230" oya="2" hai0="92,114,19,53,46,96,73,86,101,59,48,109,107" hai1="129,26,134,47,31,0,103,99,105,132,122,90,65" hai2="7,95,81,79,130,110,41,39,49,67,17,33,42" hai3="113,119,78,85,1,87,91,135,12,89,30,62,63"/><V8/><F130/><W115/><G1/><T131/><D109/><U83/><E129/><V97/><F33/><W76/><G30/><T56/><D114/><U72/><E65/><V117/><F117/><W22/><G22/><T2/><D131/><U124/><E0/><V93/><F110/><W32/><G12/><T13/><D2/><U102/><E102/><V34/><F34/><W28/><G28/><T84/><D73/><U57/><E57/><N who="0" m="22089" /><D107/><U36/><E124/><V58/><F39/><W23/><G23/><AGARI ba="0,0" hai="13,19,23,46,48,53,84,86,92,96,101" m="22089" machi="23" ten="30,2000,0" yaku="8,1,52,1" doraHai="40" who="0" fromWho="3" sc="230,20,270,0,270,0,230,-20" /><INIT seed="3,0,0,5,2,32" ten="250,270,270,210" oya="3" hai0="31,28,125,106,81,80,63,41,25,74,102,123,127" hai1="86,85,67,34,2,115,130,51,61,50,122,49,17" hai2="70,109,36,11,55,94,13,59,88,100,71,30,57" hai3="90,62,96,91,3,121,117,27,135,84,44,124,53"/><W19/><G117/><T105/><D123/><U98/><E115/><V6/><F109/><W95/><G121/><T7/><D41/><U69/><E122/><V47/><F100/><W45/><G124/><N who="0" m="47691" /><D31/><U54/><E34/><V1/><F30/><W133/><G3/><T116/><D116/><U48/><E130/><V42/><F13/><W107/><G107/><N who="0" m="40971" /><D102/><U131/><E98/><V129/><F129/><W72/><G72/><T113/><D113/><U60/><E131/><V4/><F4/><W18/><G45/><T66/><D74/><U9/><E17/><V8/><F8/><W101/><G101/><T126/><N who="0" m="47699" /><T26/><DORA hai="33" /><D7/><U73/><E73/><V52/><F59/><N who="3" m="35183" /><G44/><T134/><D134/><N who="3" m="51209" /><G27/><N who="0" m="10251" /><D28/><U22/><E69/><AGARI ba="0,0" hai="63,66,69,80,81" m="10251,40971,47699" machi="69" ten="50,1600,0" yaku="18,1" doraHai="32,33" who="0" fromWho="1" sc="250,16,270,-16,270,0,210,0" /><INIT seed="4,0,0,0,4,120" ten="266,254,270,210" oya="0" hai0="5,99,68,133,132,104,15,61,28,73,78,17,16" hai1="81,106,19,97,65,70,51,35,38,29,101,1,25" hai2="121,26,129,86,82,96,49,14,13,92,21,91,117" hai3="48,7,12,102,93,126,23,50,77,57,46,3,54"/><T105/><D28/><U6/><E51/><V53/><F129/><W135/><G135/><N who="0" m="51787" /><D73/><U88/><E19/><N who="0" m="7241" /><D78/><U2/><E38/><V30/><F121/><W33/><G33/><T134/><D99/><U67/><E67/><V109/><F109/><W20/><G126/><T95/><D95/><U103/><E103/><V37/><F37/><W62/><G3/><T27/><D27/><U11/><E1/><V123/><F117/><W128/><G77/><T107/><N who="0" m="51795" /><T55/><DORA hai="113" /><D55/><U45/><E45/><N who="2" m="27823" /><F123/><W40/><G128/><T0/><D0/><U59/><E59/><V31/><F30/><W83/><G83/><T42/><D42/><U76/><E76/><AGARI ba="0,0" hai="13,14,21,26,31,76,82,86,91,92,96" m="27823" machi="76" ten="30,1000,0" yaku="8,1" doraHai="120,113" who="2" fromWho="1" sc="266,0,254,-10,270,10,210,0" /><INIT seed="5,0,0,1,3,133" ten="266,244,280,210" oya="1" hai0="63,36,14,66,29,99,45,40,107,75,43,44,77" hai1="93,67,11,124,135,129,103,13,5,95,62,102,38" hai2="12,101,82,46,121,85,3,79,106,32,73,92,10" hai3="27,130,128,54,120,126,48,58,15,80,50,49,91"/><U105/><E135/><V81/><F121/><W84/><G120/><T74/><D14/><U64/><E129/><N who="3" m="49770" /><G27/><T24/><D77/><U4/><E38/><V26/><F3/><W59/><G15/><T69/><D99/><U111/><E111/><V117/><F117/><W28/><G28/><T97/><D44/><U6/><E105/><V98/><F46/><W110/><G110/><T16/><D43/><U89/><E124/><V34/><F26/><W88/><G91/><T8/><D8/><U47/><E47/><V37/><F37/><W39/><G39/><T42/><D42/><U132/><E132/><V134/><F134/><W131/><N who="3" m="49778" /><W0/><DORA hai="78" /><G0/><T19/><D16/><N who="1" m="8255" /><E95/><V87/><F87/><W52/><G126/><T100/><D19/><U108/><E108/><V112/><F112/><W90/><G90/><T116/><D116/><U65/><E62/><AGARI ba="0,0" hai="48,49,50,52,54,58,59,62,80,84,88" m="49778" machi="62" ten="40,8000,1" yaku="19,1,52,1,54,2" doraHai="133,78" who="3" fromWho="1" sc="266,0,244,-80,280,0,210,80" /><INIT seed="6,0,0,0,3,77" ten="266,164,280,290" oya="2" hai0="11,26,63,100,28,95,109,105,94,41,132,34,21" hai1="107,116,88,60,76,4,62,81,129,53,89,7,0" hai2="5,111,128,101,96,85,55,86,93,114,58,65,135" hai3="121,112,51,83,120,82,32,92,74,80,43,130,57"/><V103/><F114/><W61/><G32/><T2/><D109/><U126/><E116/><V8/><F111/><W87/><G74/><T99/><D132/><U123/><E107/><V20/><F135/><W133/><G133/><T22/><D41/><U131/><E0/><V44/><F128/><N who="1" m="49225" /><E126/><V14/><F103/><W29/><G29/><T110/><D110/><U27/><E27/><V104/><F104/><W38/><G38/><T36/><D36/><U108/><E108/><V70/><F70/><W15/><G130/><T106/><D106/><U17/><E17/><V91/><F20/><W37/><G37/><T71/><D22/><U72/><E123/><V3/><F3/><W35/><G35/><T118/><D21/><U6/><E53/><V10/><F10/><W33/><G33/><T115/><D115/><U47/><E47/><V134/><F134/><W90/><G112/><T24/><D24/><U102/><E102/><V40/><F65/><N who="3" m="39087" /><G121/><T23/><D23/><U66/><E60/><N who="2" m="35935" /><F101/><W84/><G120/><T46/><D46/><U64/><E64/><V42/><F44/><N who="3" m="26015" /><G15/><T97/><D118/><U31/><E31/><V75/><F75/><W1/><G1/><T119/><D119/><U78/><E78/><AGARI ba="0,0" hai="78,80,82,83,84,87,90,92" m="26015,39087" machi="78" ten="30,7700,0" yaku="8,1,52,3" doraHai="77" who="3" fromWho="1" sc="266,0,164,-77,280,0,290,77" owari="266,-13.4,87,-41.3,280,8.0,367,46.7" /></mjloggm>