<mjloggm ver="2.3"><GO type="225" lobby="0"/><UN n0="%E9%89%A2%E5%B7%BB%E3%82%AC%E3%83%96" n1="%E3%83%8F%E3%82%AC%E3%82%BF%E3%82%AB%E3%81%AE%E3%81%88%E3%81%98%E3%81%8D" n2="%6B%69%6D%38" n3="%E3%81%82%E3%81%99%E3%81%AB%E3%82%83%E3%82%80" dan="16,16,18,16" rate="2053.63,2141.67,2189.93,2083.24" sx="M,M,M,F"/><TAIKYOKU oya="0"/><INIT seed="0,0,0,4,3,33" ten="250,250,250,250" oya="0" hai0="119,121,120,35,87,104,42,3,25,130,51,84,11" hai1="64,48,31,68,13,128,91,30,20,53,112,54,115" hai2="10,6,79,98,47,83,8,71,114,46,16,78,37" hai3="134,113,127,27,63,118,59,4,44,101,40,55,99"/><T26/><D104/><U2/><E128/><V56/><F71/><W65/><G113/><N who="1" m="43594" /><E91/><V108/><F114/><W129/><G118/><T103/><D103/><U107/><E107/><V76/><F108/><W24/><G129/><T109/><D130/><U14/><E64/><V34/><F34/><W124/><G134/><T97/><D35/><U17/><E68/><V58/><F83/><W19/><G4/><T88/><D51/><U9/><E54/><V18/><F18/><W93/><G19/><T39/><D88/><U50/><E50/><V41/><F98/><W80/><G80/><T135/><D97/><U117/><E2/><V49/><F46/><W122/><G122/><T111/><D135/><U72/><E72/><V131/><F37/><W90/><G90/><T74/><D74/><U92/><E92/><V96/><F96/><W70/><G70/><T102/><D102/><U123/><E123/><V0/><REACH who="2" step="1"/><F131/><REACH who="2" ten="250,250,240,250" step="2"/><W132/><G132/><T81/><D39/><U12/><E117/><V38/><F38/><W36/><REACH who="3" step="1"/><G65/><REACH who="3" ten="250,250,240,240" step="2"/><T82/><D119/><U73/><E17/><V62/><F62/><W95/><G95/><T67/><D67/><U43/><E31/><V94/><F94/><W77/><G77/><T89/><D120/><U61/><E30/><V28/><F28/><W60/><G60/><T75/><D121/><U69/><E61/><V126/><F126/><AGARI ba="0,2" hai="24,27,36,40,44,55,59,63,93,99,101,124,126,127" machi="126" ten="40,8000,1" yaku="1,1,18,1,53,2" doraHai="33" doraHaiUra="23" who="3" fromWho="2" sc="250,0,250,0,240,-80,240,100" /><INIT seed="1,0,0,1,4,101" ten="250,250,160,340" oya="1" hai0="75,76,72,120,106,132,50,96,32,34,135,45,12" hai1="102,129,11,77,16,62,8,43,130,23,110,59,26" hai2="64,51,134,91,20,88,82,118,29,4,65,5,95" hai3="89,68,28,54,92,1,58,117,121,3,97,19,13"/><U69/><E69/><V98/><F118/><W37/><G117/><T27/><D120/><U38/><E77/><V104/><F104/><W41/><G121/><T6/><D6/><U124/><E102/><V116/><F116/><W0/><G68/><T48/><D96/><U81/><E81/><V22/><F134/><N who="0" m="51242" /><D106/><U84/><E84/><V67/><F51/><N who="0" m="19498" /><D76/><U66/><E124/><V127/><F127/><W15/><G28/><T126/><D126/><U60/><E60/><V7/><REACH who="2" step="1"/><F29/><REACH who="2" ten="250,250,150,340" step="2"/><W108/><G108/><T71/><D71/><U55/><E38/><V78/><F78/><W74/><G37/><T57/><D75/><U107/><E107/><V56/><F56/><W73/><G74/><T86/><D57/><U79/><E79/><V2/><F2/><W24/><G73/><T103/><D72/><U131/><E43/><V44/><F44/><W113/><G41/><T123/><D45/><U109/><E55/><V114/><F114/><W94/><G113/><T63/><D123/><U111/><AGARI ba="0,1" hai="8,11,16,23,26,59,62,66,109,110,111,129,130,131" machi="111" ten="40,12000,1" yaku="0,1,14,1,10,1,19,1,54,1" doraHai="101" who="1" fromWho="1" sc="250,-40,250,130,150,-40,340,-40" /><INIT seed="1,1,0,3,0,86" ten="210,380,110,300" oya="1" hai0="108,116,47,17,127,122,123,38,11,54,88,51,121" hai1="115,15,10,48,126,132,61,1,20,106,104,135,60" hai2="94,113,76,32,124,80,69,118,30,27,131,46,98" hai3="95,97,87,39,13,23,34,19,12,43,71,25,24"/><U102/><E115/><V66/><F118/><W40/><G71/><T128/><D116/><U58/><E126/><V5/><F131/><W105/><G105/><T52/><D128/><U109/><E1/><V21/><F124/><W112/><G112/><T3/><D127/><U93/><E20/><V59/><F113/><W130/><G130/><T18/><D108/><U26/><E26/><V67/><F69/><W44/><G43/><T45/><D38/><U83/><E83/><V2/><F32/><W42/><G42/><T89/><D3/><U36/><E36/><V117/><F46/><N who="0" m="17418" /><D11/><U75/><E75/><V74/><F117/><W78/><G34/><T91/><D51/><U114/><E48/><V107/><F107/><W110/><G110/><T41/><D41/><U100/><E109/><V85/><F74/><W96/><G96/><T103/><D103/><U111/><E111/><V84/><F2/><W9/><G25/><T8/><D8/><U133/><E114/><V68/><F68/><W99/><G13/><T55/><AGARI ba="1,0" hai="17,18,52,54,55,88,89,91,121,122,123" m="17418" machi="55" ten="40,16000,3" yaku="29,2,28,2,13,1,52,3,54,2" doraHai="86" who="0" fromWho="0" sc="210,163,380,-81,110,-41,300,-41" /><INIT seed="2,0,0,5,4,13" ten="373,299,69,259" oya="2" hai0="59,19,94,38,120,24,27,45,66,17,21,0,51" hai1="70,67,84,88,131,22,12,123,92,132,32,63,34" hai2="125,106,100,1,69,81,130,26,96,37,47,73,103" hai3="57,65,126,16,80,36,31,114,18,68,44,110,20"/><V49/><F125/><W42/><G110/><T121/><D0/><U61/><E131/><V64/><F130/><W35/><G35/><T14/><D38/><U90/><E132/><V28/><F103/><W98/><G126/><T15/><D120/><U117/><E117/><V127/><F127/><W105/><G68/><T33/><D33/><U23/><E123/><V62/><F49/><W6/><G6/><T97/><D59/><U118/><E118/><V128/><F128/><W85/><G114/><T46/><D66/><U111/><E63/><V112/><F112/><W40/><G40/><N who="0" m="24999" /><D46/><U4/><E34/><N who="2" m="20759" /><F1/><W91/><G105/><T9/><D121/><U10/><E32/><V77/><F47/><W7/><G7/><T89/><AGARI ba="0,0" hai="9,14,15,17,19,21,24,27,89,94,97" m="24999" machi="89" ten="30,4000,0" yaku="8,1,52,2" doraHai="13" who="0" fromWho="0" sc="373,40,299,-10,69,-20,259,-10" /><INIT seed="3,0,0,1,4,19" ten="413,289,49,249" oya="3" hai0="0,12,38,111,79,118,71,67,21,103,112,3,95" hai1="48,117,89,57,52,106,99,59,8,87,131,15,64" hai2="80,13,120,40,60,126,58,104,56,18,86,113,43" hai3="49,125,70,93,132,127,94,54,75,124,17,90,96"/><W44/><G70/><T134/><D38/><U9/><E131/><V110/><F126/><W7/><G7/><T101/><D79/><U2/><E117/><V65/><F110/><W129/><G75/><T35/><D35/><U105/><E2/><V26/><F113/><W30/><G30/><T76/><D76/><U130/><E130/><V55/><F104/><W42/><G129/><T74/><D118/><U98/><E105/><V72/><F26/><W24/><G94/><T88/><D103/><U109/><E106/><V100/><F100/><W50/><G132/><T91/><D91/><U116/><E8/><V34/><F34/><W69/><G69/><T39/><D12/><U135/><E109/><V123/><F72/><W23/><REACH who="3" step="1"/><G50/><REACH who="3" ten="413,289,49,239" step="2"/><T128/><D74/><U102/><E135/><V47/><F123/><W62/><G62/><T11/><D71/><U122/><E122/><V92/><F120/><W107/><G107/><T16/><D134/><U73/><E73/><V77/><F47/><W22/><G22/><T66/><D21/><U31/><E31/><V6/><F6/><W51/><G51/><T81/><D128/><U85/><E116/><V45/><F45/><W121/><G121/><T10/><D95/><U36/><E36/><V1/><F92/><W115/><G115/><T61/><D39/><U97/><E102/><V46/><F46/><W84/><G84/><T83/><D61/><N who="1" m="37935" /><E89/><V53/><F1/><W14/><G14/><T37/><D88/><U68/><E68/><V27/><F13/><W114/><G114/><T63/><D0/><U29/><E29/><RYUUKYOKU ba="0,1" sc="413,-15,289,15,49,-15,239,15" hai1="9,15,48,52,59,85,87,97,98,99" hai3="17,23,24,42,44,49,54,90,93,96,124,125,127" /><INIT seed="3,1,1,5,4,32" ten="398,304,34,254" oya="3" hai0="106,10,123,29,133,19,78,113,64,15,90,53,93" hai1="16,120,13,118,111,122,92,18,104,108,46,105,60" hai2="69,126,79,56,24,50,124,129,9,87,71,33,62" hai3="49,99,59,54,130,5,25,44,63,27,42,131,107"/><W70/><G5/><T3/><D123/><N who="1" m="47147" /><E92/><V47/><F87/><W36/><G107/><N who="1" m="41034" /><E60/><V110/><F24/><W57/><G99/><T115/><D106/><U73/><E46/><V43/><F79/><W97/><G97/><N who="0" m="57527" /><D133/><U55/><E55/><V38/><F9/><W85/><G85/><T17/><D78/><U30/><E30/><V41/><F33/><W83/><G83/><T74/><D29/><U75/><E13/><V96/><F96/><W121/><G121/><T84/><D64/><U20/><E20/><V34/><F34/><W112/><G112/><N who="0" m="43083" /><D74/><N who="1" m="28171" /><E118/><V125/><F129/><N who="3" m="49163" /><G70/><T76/><D84/><U102/><E102/><V35/><F35/><W116/><G116/><T82/><D82/><U134/><E134/><V6/><F6/><W65/><AGARI ba="1,1" hai="25,27,36,42,44,49,54,57,59,63,65" m="49163" machi="65" ten="30,1500,0" yaku="19,1" doraHai="32" who="3" fromWho="3" sc="398,-6,304,-6,34,-6,254,28" /><INIT seed="3,2,0,2,5,0" ten="392,298,28,282" oya="3" hai0="57,95,72,74,41,2,21,128,85,8,22,42,80" hai1="99,108,26,24,71,6,53,124,28,103,68,50,123" hai2="117,134,59,100,82,20,79,87,33,18,126,98,65" hai3="44,37,38,12,75,58,111,47,133,89,76,84,90"/><W93/><G133/><T132/><D2/><U16/><E123/><V23/><F33/><W73/><G111/><T107/><D107/><U11/><E108/><V105/><F134/><W122/><G122/><T60/><D132/><U97/><E124/><V48/><F126/><W15/><G76/><T69/><D69/><U4/><E71/><V34/><F34/><W49/><G58/><T125/><D125/><U54/><E68/><V32/><F32/><W35/><G35/><T94/><D128/><U130/><E130/><V51/><F23/><N who="0" m="8714" /><D8/><U19/><E11/><V127/><F127/><W36/><G36/><T112/><D72/><U83/><E83/><V106/><F106/><W78/><G78/><N who="0" m="46231" /><D74/><U14/><E14/><V135/><F105/><W40/><G84/><T114/><D114/><U27/><E28/><V66/><F135/><W86/><G86/><T10/><D10/><U25/><E25/><V96/><F87/><W115/><G49/><T45/><D45/><U101/><E26/><V56/><F51/><AGARI ba="2,0" hai="4,6,16,19,24,27,50,51,53,54,97,99,101,103" machi="51" ten="25,12000,2" yaku="22,2,8,1,52,2,54,1" doraHai="0" who="1" fromWho="2" sc="392,0,298,126,28,-126,282,0" owari="392,19.2,424,52.4,-98,-59.8,282,-11.8" /></mjloggm>