<mjloggm ver="2.3"><GO type="225" lobby="0"/><UN n0="%E3%82%B7%E3%83%B3%E5%A4%AA%E6%9C%97" n1="%E7%BD%AA%E5%88%91%E6%B3%95%E5%AE%9A%E4%B8%BB%E7%BE%A9" n2="%E5%8F%AF%E5%85%90%E9%82%A3%E7%94%B1%E5%A4%9A" n3="%73%75%7A%75%6D%65%33" dan="16,16,17,18" rate="2135.85,2176.24,2244.66,2290.96" sx="M,M,F,M"/><TAIKYOKU oya="0"/><INIT seed="0,0,0,0,0,37" ten="250,250,250,250" oya="0" hai0="131,47,69,114,61,24,27,93,17,98,119,15,60" hai1="0,124,50,18,46,65,22,74,91,35,29,57,92" hai2="83,55,125,56,116,72,58,78,80,13,19,52,103" hai3="100,118,108,12,82,86,7,45,28,44,68,53,105"/><T20/><D131/><U115/><E74/><V59/><F125/><W34/><G118/><T121/><D121/><U4/><E124/><V36/><F116/><W97/><G108/><T30/><D119/><U42/><E115/><V76/><F36/><W77/><G68/><T6/><D114/><U88/><E35/><V11/><REACH who="2" step="1"/><F103/><REACH who="2" ten="250,250,240,250" step="2"/><W25/><REACH who="3" step="1"/><G53/><REACH who="3" ten="250,250,240,240" step="2"/><T89/><D69/><U31/><E65/><V95/><F95/><W2/><G2/><T128/><D128/><U94/><E92/><V54/><F54/><W73/><G73/><AGARI ba="0,2" hai="11,13,19,52,55,56,58,59,72,73,76,78,80,83" machi="73" ten="40,5200,0" yaku="1,1,9,1,54,1,53,0" doraHai="37" doraHaiUra="113" who="2" fromWho="3" sc="250,0,250,0,240,72,240,-52" /><INIT seed="1,0,0,1,0,19" ten="250,250,312,188" oya="1" hai0="25,33,48,104,56,101,117,86,61,88,112,8,73" hai1="125,15,71,63,42,126,72,11,132,3,68,17,50" hai2="69,82,122,7,90,103,1,128,92,108,18,38,64" hai3="65,59,13,53,22,127,111,115,109,96,130,98,79"/><U102/><E72/><V105/><F122/><W4/><G115/><T32/><D112/><U118/><E118/><V121/><F121/><W134/><G134/><T91/><D73/><U10/><E132/><V124/><F38/><W26/><G130/><T16/><D117/><U66/><E102/><V81/><F128/><W45/><G127/><N who="1" m="48650" /><E50/><V40/><F40/><W95/><G79/><T36/><D36/><U93/><E42/><V84/><F124/><W110/><G45/><T35/><D48/><U27/><E93/><V23/><F108/><W107/><G107/><T99/><D86/><U58/><E27/><V74/><F74/><W116/><G65/><T55/><REACH who="0" step="1"/><D8/><REACH who="0" ten="240,250,312,188" step="2"/><N who="1" m="6375" /><E3/><V77/><F1/><W34/><G116/><T78/><D78/><U21/><E21/><AGARI ba="0,1" hai="16,21,25,32,33,35,55,56,61,88,91,99,101,104" machi="21" ten="40,8000,1" yaku="1,1,52,1,54,2,53,1" doraHai="19" doraHaiUra="12" who="0" fromWho="1" sc="240,90,250,-80,312,0,188,0" /><INIT seed="2,0,0,4,4,9" ten="330,170,312,188" oya="2" hai0="130,95,94,93,101,2,49,104,80,63,77,6,28" hai1="43,131,25,39,34,11,97,0,84,115,128,71,65" hai2="123,64,42,24,50,99,106,76,78,58,133,56,68" hai3="89,120,129,87,86,132,38,13,96,3,5,35,66"/><V124/><F123/><W108/><G120/><T85/><D130/><N who="1" m="49707" /><E115/><V127/><F133/><W112/><G129/><T61/><D28/><N who="1" m="19727" /><E84/><V91/><F68/><W117/><G117/><T32/><D32/><U122/><E97/><V69/><F69/><W52/><G35/><T75/><D2/><U119/><E119/><V126/><F24/><W22/><G3/><T121/><D6/><N who="1" m="1479" /><E122/><V70/><F70/><W103/><G38/><T111/><D121/><U90/><E90/><V36/><F36/><W7/><G112/><T81/><D49/><U8/><E8/><V79/><F64/><W134/><G66/><T20/><D104/><U60/><E43/><V114/><F114/><W116/><G116/><T31/><D101/><U53/><E53/><V41/><F91/><W26/><G52/><T82/><D75/><U51/><E51/><V88/><F106/><W135/><G87/><T92/><D95/><U47/><E47/><N who="2" m="25967" /><F42/><W10/><G103/><T110/><D63/><U40/><E40/><V33/><F33/><W14/><G96/><T55/><D55/><U105/><E105/><V57/><F88/><W83/><G5/><T118/><D61/><U102/><E102/><V54/><F99/><W12/><G108/><N who="0" m="41515" /><D118/><U48/><E48/><AGARI ba="0,0" hai="48,54,56,57,58,76,78,79,124,126,127" m="25967" machi="48" ten="40,2000,0" yaku="18,1" doraHai="9" who="2" fromWho="1" sc="330,0,170,-20,312,20,188,0" /><INIT seed="2,1,0,2,4,38" ten="330,150,332,188" oya="2" hai0="88,52,68,92,97,113,36,130,117,76,63,114,23" hai1="96,48,122,105,132,50,87,124,26,69,12,3,77" hai2="131,51,133,28,56,49,72,71,135,31,74,94,81" hai3="80,22,102,57,1,103,128,73,82,40,21,43,58"/><V5/><F71/><W59/><G1/><T101/><D117/><U110/><E3/><V27/><F131/><W20/><G128/><T9/><D130/><U86/><E69/><V41/><F5/><W89/><G73/><T29/><D36/><U11/><E110/><V120/><F120/><W60/><G60/><T90/><D76/><U85/><E122/><V62/><F94/><W104/><G104/><T129/><D129/><U4/><E132/><N who="2" m="50763" /><F81/><N who="3" m="31339" /><G89/><T98/><D90/><U42/><E124/><V64/><F51/><W30/><G30/><N who="2" m="11305" /><F27/><W34/><G34/><T55/><D113/><U126/><E126/><V14/><F14/><W115/><G115/><T37/><D114/><U84/><E77/><V0/><F0/><W125/><G125/><T18/><D29/><U75/><E75/><V39/><F39/><W107/><G107/><T45/><D9/><U17/><N who="1" m="21504" /><DORA hai="44" /><U118/><E118/><V99/><F99/><W6/><G6/><T8/><D8/><U19/><E50/><V67/><F67/><W111/><G111/><T70/><D70/><U53/><E26/><V78/><F78/><W100/><AGARI ba="1,0" hai="20,21,22,40,43,57,58,59,100,102,103" m="31339" machi="100" ten="40,12000,2" yaku="29,2,28,2,8,1,52,2" doraHai="38,44" who="3" fromWho="3" sc="330,-31,150,-31,332,-61,188,123" /><INIT seed="3,0,0,0,5,125" ten="299,119,271,311" oya="3" hai0="10,29,31,87,135,71,24,12,40,120,2,32,30" hai1="1,45,123,97,84,3,20,110,77,34,79,52,42" hai2="103,61,105,50,117,133,15,73,92,9,121,36,99" hai3="127,7,16,115,57,62,23,5,11,68,59,51,112"/><W81/><G127/><T13/><D71/><U33/><E123/><V91/><F117/><W132/><G132/><T134/><D40/><U114/><E114/><V19/><F36/><W104/><G104/><T4/><D87/><U90/><E110/><V130/><F133/><N who="0" m="50698" /><D120/><U63/><E97/><V80/><F121/><W113/><G81/><T118/><D118/><U58/><E20/><V98/><F50/><W0/><G5/><T82/><D82/><U95/><E1/><V111/><F111/><W85/><G85/><T116/><D116/><U41/><E3/><V101/><F61/><W37/><G37/><T25/><D31/><U64/><E64/><V66/><F66/><W27/><G51/><T109/><D109/><U119/><E119/><V49/><F49/><W96/><G96/><T76/><D76/><U89/><E89/><V78/><REACH who="2" step="1"/><F91/><REACH who="2" ten="299,119,261,311" step="2"/><W102/><G62/><T17/><D17/><U21/><E21/><AGARI ba="0,1" hai="2,4,10,12,13,21,24,25,29,30,32" m="50698" machi="21" ten="30,3900,0" yaku="20,1,34,2" doraHai="125" who="0" fromWho="1" sc="299,49,119,-39,261,0,311,0" owari="348,44.8,80,-42.0,261,-13.9,311,11.1" /></mjloggm>