<mjloggm ver="2.3"><GO type="225" lobby="0"/><UN n0="%E3%83%A1%E3%82%AC%E3%83%87%E3%82%B8" n1="%E7%AD%89%E3%80%85%E5%8A%9B%E5%8A%87%E5%A0%B4" n2="%E5%A4%96%E5%B7%9D%E7%AB%9C%E6%88%90" n3="%72%69%6F%75%63%68%61%6E" dan="16,16,16,17" rate="2067.30,2161.32,2241.95,2156.96" sx="F,M,M,M"/><TAIKYOKU oya="0"/><INIT seed="0,0,0,5,4,37" ten="250,250,250,250" oya="0" hai0="17,1,67,108,63,31,114,118,75,21,102,28,56" hai1="82,66,58,78,38,5,91,133,55,81,43,120,131" hai2="42,110,23,98,105,2,26,106,40,11,80,62,61" hai3="84,116,97,95,122,9,125,113,94,76,126,119,96"/><T57/><D114/><U83/><E120/><V39/><F110/><W89/><G9/><T15/><D118/><N who="3" m="45097" /><G113/><T93/><D75/><U22/><E133/><V101/><F106/><W135/><G135/><T51/><D1/><U107/><E131/><V121/><F121/><W92/><G122/><T10/><D108/><U64/><E107/><V112/><F112/><W72/><G72/><T124/><D124/><N who="3" m="47721" /><G76/><T109/><D109/><U49/><E78/><V12/><F2/><W47/><G47/><T54/><REACH who="0" step="1"/><D10/><REACH who="0" ten="240,250,250,250" step="2"/><U27/><E5/><V6/><F11/><W60/><G60/><T4/><D4/><U13/><E82/><AGARI ba="0,1" hai="82,84,89,92,94,95,96,97" m="47721,45097" machi="82" ten="40,5200,0" yaku="18,1,34,2" doraHai="37" who="3" fromWho="1" sc="240,0,250,-52,250,0,250,62" /><INIT seed="1,0,0,0,2,21" ten="240,198,250,312" oya="1" hai0="99,71,4,2,13,50,119,24,42,1,80,36,45" hai1="40,39,84,104,60,59,54,88,133,85,70,17,26" hai2="116,115,19,101,68,76,82,55,77,114,92,58,0" hai3="15,34,97,100,56,78,86,66,29,102,9,135,22"/><U111/><E104/><V61/><F116/><W6/><G135/><T90/><D119/><U134/><E70/><V123/><F123/><W109/><G109/><T98/><D71/><U74/><E74/><V131/><F0/><W110/><G110/><T46/><D99/><U67/><E111/><V44/><F131/><W31/><G34/><T96/><D98/><U81/><E40/><V106/><F106/><W47/><G47/><T118/><D118/><U27/><E39/><V108/><F108/><W132/><G132/><N who="1" m="50794" /><E67/><V20/><F68/><W41/><G41/><T130/><D130/><U12/><E85/><V49/><F92/><W5/><G5/><T28/><D96/><U83/><E83/><V129/><F101/><W3/><G3/><T107/><D90/><U53/><E53/><N who="2" m="29863" /><F129/><W35/><G35/><T64/><D80/><U128/><E128/><V95/><F95/><N who="3" m="58431" /><G102/><T91/><D107/><U48/><E48/><V11/><F82/><N who="3" m="47447" /><G22/><AGARI ba="0,0" hai="12,17,22,26,27,54,59,60,81,84,88" m="50794" machi="22" ten="30,11600,0" yaku="20,1,52,2,54,1" doraHai="21" who="1" fromWho="3" sc="240,0,198,116,250,0,312,-116" /><INIT seed="1,1,0,5,5,78" ten="240,314,250,196" oya="1" hai0="50,127,20,62,25,117,79,0,55,89,90,66,64" hai1="119,128,30,46,58,57,101,27,99,23,71,112,102" hai2="28,29,36,129,43,3,22,9,116,118,74,135,83" hai3="18,34,4,61,93,88,6,95,70,81,41,48,13"/><U32/><E112/><V85/><F74/><W2/><G34/><T87/><D0/><U108/><E119/><V45/><F129/><W100/><G2/><T54/><D127/><U84/><E71/><V72/><F135/><W113/><G113/><T8/><D8/><U26/><E128/><V111/><F111/><W42/><G70/><T123/><D117/><U131/><E131/><V40/><F40/><N who="3" m="15467" /><G61/><T68/><D123/><U133/><E133/><V47/><F47/><W53/><G100/><T14/><D14/><U121/><E121/><V77/><F85/><N who="3" m="50223" /><G4/><T110/><D66/><U92/><E108/><V51/><F51/><W82/><G6/><T60/><D60/><U7/><E7/><N who="2" m="1279" /><F29/><W39/><G82/><N who="0" m="47583" /><D110/><U11/><E102/><V105/><F105/><W86/><G86/><T107/><D64/><U59/><E84/><V49/><F49/><W126/><G126/><T73/><D68/><U122/><E122/><V75/><F75/><W96/><G96/><T120/><D107/><U37/><E37/><V38/><F38/><W56/><G39/><T35/><D35/><U63/><E63/><V69/><F69/><W12/><G12/><T132/><D73/><U67/><E67/><V97/><F97/><W44/><G56/><N who="0" m="35103" /><D120/><U115/><E115/><V24/><AGARI ba="1,0" hai="22,24,28,36,43,45,72,77,83,116,118" m="1279" machi="24" ten="30,2000,0" yaku="25,1,52,1" doraHai="78" who="2" fromWho="2" sc="240,-6,314,-11,250,23,196,-6" /><INIT seed="2,0,0,4,5,14" ten="234,303,273,190" oya="2" hai0="90,98,65,129,70,23,62,134,55,112,97,88,29" hai1="101,6,73,56,132,58,77,47,84,108,3,115,7" hai2="8,35,111,127,118,124,59,130,75,20,0,107,21" hai3="126,63,133,33,22,92,31,12,44,64,91,27,102"/><V85/><F75/><W80/><G126/><N who="2" m="48169" /><F107/><W53/><G133/><T10/><D112/><U125/><E115/><V100/><F100/><W57/><G102/><T109/><D134/><U32/><E132/><V74/><F74/><W106/><G106/><T135/><D135/><U46/><E73/><V30/><F85/><W86/><G33/><T13/><D109/><U24/><E125/><V71/><F71/><W49/><REACH who="3" step="1"/><G12/><REACH who="3" ten="234,303,273,180" step="2"/><T25/><D129/><U113/><E32/><V50/><F130/><W36/><G36/><T78/><D13/><U4/><E101/><V43/><F35/><W131/><G131/><T119/><D119/><U94/><E113/><V79/><F118/><W116/><G116/><T40/><D25/><U128/><E24/><V16/><F111/><W52/><G52/><T39/><D55/><U9/><E128/><V103/><F103/><W17/><G17/><T122/><D39/><U87/><E108/><V19/><F19/><W68/><G68/><T110/><D70/><U42/><E6/><V2/><F16/><W45/><G45/><T95/><D110/><U104/><E47/><V81/><F0/><W89/><G89/><T5/><D90/><U54/><E7/><V28/><F2/><W121/><G121/><T123/><D5/><U48/><E104/><V26/><F26/><W82/><AGARI ba="0,1" hai="22,27,31,44,49,53,57,63,64,80,82,86,91,92" machi="82" ten="30,4000,0" yaku="1,1,0,1,8,1,53,0" doraHai="14" doraHaiUra="15" who="3" fromWho="3" sc="234,-10,303,-10,273,-20,180,50" /><INIT seed="3,0,0,0,2,63" ten="224,293,253,230" oya="3" hai0="49,121,47,9,35,37,108,33,25,62,117,120,124" hai1="27,104,100,119,106,125,98,88,97,44,127,122,3" hai2="130,116,81,17,112,42,29,24,99,66,2,134,93" hai3="21,69,20,96,61,75,14,34,65,110,78,50,30"/><W103/><G110/><T87/><D117/><U22/><E122/><V67/><F116/><W31/><G50/><T48/><D37/><U70/><E119/><V53/><F112/><W68/><G68/><T0/><D108/><U45/><E3/><V23/><F2/><W132/><G132/><T135/><D135/><U39/><E70/><V101/><F134/><W57/><G57/><T83/><D49/><U107/><E88/><V133/><F133/><W84/><G75/><T58/><D124/><N who="1" m="47691" /><E98/><V118/><F118/><W109/><G109/><T129/><D129/><U1/><E1/><V10/><F130/><W72/><G72/><T115/><D115/><U64/><E64/><N who="2" m="24619" /><F42/><W55/><G55/><T38/><D38/><U11/><E11/><V82/><F53/><W73/><G73/><T95/><D9/><U80/><E80/><N who="2" m="30827" /><F10/><W52/><G52/><T15/><D0/><U32/><E39/><V94/><F94/><W114/><G114/><T26/><D95/><N who="1" m="58431" /><E32/><V5/><F5/><W85/><G34/><T105/><D35/><U41/><E41/><V91/><F101/><W123/><G123/><T43/><D33/><U113/><E113/><V36/><F36/><W8/><G8/><T74/><D121/><U89/><E107/><V102/><F102/><W18/><G69/><T131/><D105/><U19/><E106/><V77/><F77/><W79/><G79/><N who="0" m="46591" /><D74/><U59/><E104/><V54/><F54/><W128/><G128/><T86/><D131/><U6/><E6/><V90/><F90/><W60/><G78/><T111/><D120/><U51/><E89/><RYUUKYOKU ba="0,0" sc="224,-15,293,15,253,15,230,-15" hai1="19,22,27,44,45,51,59" hai2="17,23,24,29,91,93,99" owari="209,-29.1,308,40.8,268,6.8,215,-18.5" /></mjloggm>