<mjloggm ver="2.3"><GO type="225" lobby="0"/><UN n0="%E5%A4%9C%E3%81%AE%E3%82%AC%E3%82%B9%E3%83%91%E3%83%BC%E3%83%AB" n1="%41%72%69%61" n2="%4B%2E%32%2E%4B%2E" n3="%E3%81%8B%E3%82%8F%E3%81%A1%E3%82%83%E3%82%93%35%38" dan="16,17,16,16" rate="2124.23,2102.35,2194.09,2101.93" sx="M,F,M,M"/><TAIKYOKU oya="0"/><INIT seed="0,0,0,3,2,37" ten="250,250,250,250" oya="0" hai0="38,95,23,25,72,99,14,65,126,124,117,63,116" hai1="87,43,36,111,42,20,54,89,3,51,10,107,91" hai2="70,6,134,74,77,109,68,114,123,52,46,22,85" hai3="81,50,71,12,113,79,78,127,120,40,93,90,133"/><T21/><D72/><U11/><E107/><V73/><F114/><W8/><G113/><T132/><D132/><U115/><E111/><V82/><F123/><W64/><G133/><T62/><D38/><U121/><E36/><V13/><F134/><W2/><G2/><T110/><D110/><U119/><E119/><V86/><F109/><W31/><G127/><N who="0" m="48683" /><D14/><U18/><E121/><V47/><F6/><W33/><G33/><T30/><D23/><U56/><E91/><V130/><F130/><W118/><G31/><T48/><D48/><U26/><E115/><V125/><F125/><W101/><G12/><T39/><D39/><U97/><E97/><V135/><F135/><W80/><G8/><N who="1" m="3114" /><E3/><V16/><F74/><W94/><G50/><T98/><D98/><U106/><E106/><V28/><F28/><W0/><G0/><T4/><D4/><U49/><E51/><V53/><F70/><W92/><G71/><N who="0" m="42423" /><D63/><U32/><E32/><V15/><F68/><W131/><G120/><T122/><D122/><U112/><E112/><V5/><F73/><W19/><G131/><T88/><AGARI ba="0,0" hai="21,25,30,88,95,99,116,117" m="42423,48683" machi="88" ten="30,3000,0" yaku="18,1,54,1" doraHai="37" who="0" fromWho="0" sc="250,30,250,-10,250,-10,250,-10" /><INIT seed="0,1,0,2,5,128" ten="280,240,240,240" oya="0" hai0="66,19,67,120,97,21,8,3,49,95,98,40,81" hai1="17,87,119,38,123,71,48,7,31,84,102,107,20" hai2="4,36,115,62,106,73,18,22,92,79,130,61,24" hai3="100,0,5,39,30,11,86,26,59,117,60,122,77"/><T10/><D120/><U88/><E38/><V23/><F106/><W83/><G122/><T114/><D114/><U125/><E123/><V52/><F115/><W101/><G39/><T127/><D127/><U94/><E119/><V89/><F36/><W50/><G50/><T129/><D129/><U32/><E71/><V91/><F130/><W64/><REACH who="3" step="1"/><G117/><REACH who="3" ten="280,240,240,230" step="2"/><T58/><D49/><U69/><E48/><V76/><F73/><W1/><G1/><T70/><D3/><U80/><E125/><V28/><F62/><W133/><G133/><T41/><D41/><U109/><E109/><V6/><F6/><W104/><G104/><T103/><D40/><U44/><E7/><V68/><F4/><W47/><G47/><T55/><D67/><U53/><E44/><V65/><F52/><W74/><G74/><T14/><D66/><U82/><E53/><V110/><F110/><W45/><G45/><T16/><D55/><U93/><E107/><V57/><F68/><W105/><G105/><T13/><D70/><U27/><E69/><V46/><F46/><W35/><AGARI ba="1,1" hai="0,5,11,26,30,35,59,60,64,77,83,86,100,101" machi="35" ten="20,2700,0" yaku="1,1,0,1,7,1,53,0" doraHai="128" doraHaiUra="90" who="3" fromWho="3" sc="280,-14,240,-8,240,-8,230,40" /><INIT seed="1,0,0,3,1,22" ten="266,232,232,270" oya="1" hai0="126,76,25,47,81,3,33,75,129,53,55,34,108" hai1="115,31,102,134,38,62,67,51,8,79,73,123,40" hai2="26,110,118,10,83,107,121,86,65,43,9,7,111" hai3="17,128,99,100,124,106,23,44,29,12,32,130,74"/><U39/><E123/><V42/><F118/><W104/><G124/><T70/><D3/><U46/><E115/><V132/><F121/><W112/><G112/><T24/><D70/><U95/><E134/><V59/><F107/><N who="3" m="63903" /><G74/><T97/><D126/><U11/><E73/><V60/><F132/><W58/><G58/><T85/><D108/><N who="2" m="41514" /><F26/><N who="0" m="10346" /><D34/><U116/><E116/><V13/><F10/><W0/><G32/><T19/><D33/><U6/><E79/><AGARI ba="0,0" hai="7,9,13,42,43,59,60,65,79,83,86" m="41514" machi="79" ten="30,1000,0" yaku="14,1" doraHai="22" who="2" fromWho="1" sc="266,0,232,-10,232,10,270,0" /><INIT seed="2,0,0,5,5,62" ten="266,222,242,270" oya="2" hai0="113,44,51,69,68,46,132,102,30,101,45,126,76" hai1="105,32,89,103,70,39,36,114,48,63,15,86,75" hai2="41,40,130,83,135,107,61,116,58,26,109,60,7" hai3="33,37,74,42,22,71,29,49,35,133,18,56,47"/><V90/><F116/><W53/><G133/><T123/><D113/><U112/><E75/><V72/><F107/><W1/><G74/><T28/><D123/><U124/><E48/><V119/><F119/><W23/><G1/><T14/><D132/><U96/><E124/><V131/><F135/><W81/><G81/><T20/><D76/><U78/><E78/><N who="2" m="44487" /><F7/><W82/><G82/><T129/><D129/><N who="2" m="49162" /><F109/><W21/><G29/><T125/><D51/><U54/><E114/><V67/><F90/><W77/><G77/><T4/><D4/><U19/><E32/><V108/><F108/><W5/><G5/><T50/><D50/><U120/><E120/><V79/><F79/><W64/><G18/><T55/><D30/><U11/><E112/><V134/><F134/><W6/><G6/><T13/><D28/><U95/><REACH who="1" step="1"/><E54/><REACH who="1" ten="266,212,242,270" step="2"/><N who="2" m="33879" /><F26/><W31/><G35/><T66/><D55/><U104/><E104/><V106/><F106/><W38/><G33/><T99/><D125/><U16/><E16/><V100/><F100/><W25/><G38/><T57/><D126/><U91/><E91/><V17/><F17/><W24/><G24/><T92/><D101/><U27/><E27/><V65/><F61/><AGARI ba="0,1" hai="21,22,23,25,31,37,42,47,49,53,56,61,64,71" machi="61" ten="40,5200,0" yaku="24,2,52,1" doraHai="62" who="3" fromWho="2" sc="266,0,212,0,242,-52,270,62" /><INIT seed="3,0,0,2,0,92" ten="266,212,190,332" oya="3" hai0="3,56,130,57,100,5,15,34,66,80,93,2,134" hai1="119,117,14,67,77,116,10,115,85,62,70,45,0" hai2="12,23,58,53,7,98,101,69,50,36,8,120,44" hai3="11,38,28,46,91,124,35,110,111,40,128,52,42"/><W47/><G124/><T17/><D34/><U63/><E115/><V37/><F120/><W76/><G128/><T26/><D130/><U89/><E77/><V29/><F69/><W16/><G76/><T73/><D134/><U94/><E0/><V21/><F29/><W33/><G91/><T39/><D39/><U61/><E45/><V102/><F102/><W109/><G52/><T84/><D73/><U68/><REACH who="1" step="1"/><E67/><REACH who="1" ten="266,202,190,332" step="2"/><V71/><F71/><W83/><G46/><T123/><D66/><U9/><E9/><V79/><F79/><W95/><G47/><T55/><D3/><U65/><E65/><V112/><F112/><W121/><G11/><T108/><D2/><U88/><E88/><V103/><F103/><W107/><G110/><T96/><D108/><U74/><E74/><V31/><F44/><W43/><G111/><T48/><D100/><U90/><E90/><V97/><F97/><W129/><G109/><T81/><D96/><U99/><E99/><V20/><REACH who="2" step="1"/><F31/><REACH who="2" ten="266,202,180,332" step="2"/><W51/><G28/><T27/><D123/><U18/><AGARI ba="0,2" hai="10,14,18,61,62,63,68,70,85,89,94,116,117,119" machi="18" ten="40,5200,0" yaku="1,1,0,1,12,1,53,0" doraHai="92" doraHaiUra="127" who="1" fromWho="1" sc="266,-13,202,72,180,-13,332,-26" owari="253,-14.7,274,7.4,167,-33.3,306,40.6" /></mjloggm>