<mjloggm ver="2.3"><GO type="225" lobby="0"/><UN n0="%E3%83%92%E3%82%B3" n1="%43%68%65" n2="%E3%81%AF%E3%82%88%E3%81%8A%E3%81%98%E3%81%95%E3%82%93" n3="%E3%82%BC%E3%83%AB%E3%83%80%E3%81%AE%E4%BC%9D%E8%AA%AC" dan="16,16,16,16" rate="2124.44,2135.63,2198.85,2123.48" sx="M,M,M,M"/><TAIKYOKU oya="0"/><INIT seed="0,0,0,5,5,85" ten="250,250,250,250" oya="0" hai0="71,21,47,100,79,35,19,14,7,1,87,40,5" hai1="39,119,128,125,15,9,133,42,88,83,18,22,121" hai2="66,122,44,75,4,49,52,55,106,13,112,129,24" hai3="78,131,118,124,65,59,23,103,48,34,31,62,72"/><T69/><D35/><U29/><E119/><V110/><F112/><W12/><G118/><T101/><D1/><U30/><E121/><V58/><F122/><W130/><G124/><T63/><D71/><U111/><E125/><V76/><F106/><W26/><G48/><N who="0" m="26727" /><D69/><U3/><E111/><V68/><F110/><W45/><G45/><T92/><D63/><U60/><E128/><N who="3" m="49194" /><G103/><N who="0" m="39499" /><D79/><U2/><E133/><V32/><F129/><W80/><G12/><T0/><D0/><U70/><E3/><V8/><F68/><W56/><G56/><T93/><D87/><N who="1" m="50303" /><E2/><V6/><F66/><W90/><G90/><T102/><N who="0" m="39507" /><T41/><DORA hai="96" /><D41/><U25/><E39/><V135/><F135/><W10/><G10/><T53/><D53/><U97/><E70/><V64/><F64/><W105/><G105/><T50/><D50/><U98/><E42/><V120/><F120/><W114/><G114/><T117/><D117/><U20/><E60/><N who="2" m="35911" /><F75/><W113/><G113/><T38/><D38/><U77/><E77/><V126/><F126/><W74/><G74/><T89/><D89/><U86/><E86/><V43/><F76/><W134/><G134/><T104/><D104/><U37/><E37/><V73/><F73/><W91/><G91/><T57/><D57/><U81/><E98/><V84/><F84/><W108/><G108/><T11/><D11/><U109/><E109/><V82/><F43/><W51/><G51/><T27/><D14/><U36/><E36/><V127/><F127/><W61/><G61/><T17/><D17/><U99/><E30/><N who="2" m="19527" /><F82/><W107/><G107/><RYUUKYOKU ba="0,0" sc="250,10,250,-30,250,10,250,10" hai0="5,7,19,21,27,92,93" hai2="4,6,8,13,44,49,55" hai3="23,26,31,34,59,62,65,72,78,80" /><INIT seed="0,1,0,2,0,131" ten="260,220,260,260" oya="0" hai0="50,18,92,103,99,61,129,58,53,83,31,27,55" hai1="120,106,128,64,41,20,124,52,107,40,102,6,97" hai2="119,86,21,19,88,39,132,69,49,125,14,117,85" hai3="51,34,15,84,90,33,93,67,73,48,25,38,81"/><T76/><D18/><U115/><E120/><V126/><F39/><W42/><G67/><T66/><D50/><U111/><E128/><V104/><F104/><W7/><G38/><T4/><D4/><U0/><E107/><V10/><F69/><W91/><G73/><T24/><D24/><U108/><E64/><V109/><F109/><N who="1" m="42057" /><E124/><N who="2" m="47723" /><F132/><W100/><G100/><T89/><D89/><U112/><E20/><V9/><F85/><W5/><G34/><T8/><D8/><N who="2" m="3178" /><F49/><W35/><G35/><T16/><D129/><U57/><E6/><V68/><F68/><W12/><G33/><T105/><D105/><U114/><E0/><V71/><F71/><W44/><G51/><AGARI ba="1,0" hai="40,41,51,52,57,97,102,106,112,114,115" m="42057" machi="51" ten="40,5200,0" yaku="11,1,14,1,54,1" doraHai="131" who="1" fromWho="3" sc="260,0,220,55,260,0,260,-55" /><INIT seed="1,0,0,4,5,134" ten="260,275,260,205" oya="1" hai0="79,36,111,87,52,125,29,68,116,123,15,41,17" hai1="33,119,28,10,77,47,62,38,48,100,22,84,127" hai2="20,12,39,96,122,105,55,35,95,19,102,99,135" hai3="60,93,88,117,121,11,73,106,26,98,80,126,131"/><U18/><E119/><V34/><F122/><W61/><G121/><T103/><D123/><U115/><E115/><V113/><F135/><W92/><G117/><T43/><D116/><U72/><E72/><V57/><F39/><W133/><G133/><T132/><D132/><U67/><E38/><V85/><F113/><W30/><G131/><T24/><D68/><U42/><E100/><V109/><F109/><W25/><G106/><T4/><D4/><U54/><E10/><V70/><F70/><W76/><G126/><T21/><D111/><U128/><E127/><V82/><F99/><W32/><G11/><T66/><D66/><U16/><E33/><V6/><F6/><W104/><G104/><T1/><D1/><U94/><E128/><V23/><F20/><W86/><REACH who="3" step="1"/><G25/><REACH who="3" ten="260,275,260,195" step="2"/><T83/><D125/><U78/><E42/><V2/><F105/><W69/><G69/><T129/><D129/><U8/><E8/><V44/><F2/><W27/><G27/><T49/><D36/><U9/><E9/><V75/><F12/><W53/><G53/><T114/><D114/><U124/><E124/><V91/><F55/><W45/><G45/><T40/><D40/><U130/><E130/><V110/><F44/><W63/><G63/><T108/><D108/><U59/><E62/><V64/><F110/><W50/><G50/><T65/><D43/><U97/><E48/><V14/><F57/><W120/><G120/><T74/><D41/><U31/><E59/><V56/><F56/><W58/><G58/><T112/><D52/><U90/><E54/><V89/><F14/><RYUUKYOKU ba="0,1" sc="260,-10,275,-10,260,-10,195,30" hai3="26,30,32,60,61,73,76,80,86,88,92,93,98" /><INIT seed="2,1,1,1,1,11" ten="250,265,250,225" oya="2" hai0="65,99,14,77,82,38,94,73,19,8,54,98,109" hai1="93,16,102,10,130,97,68,5,2,135,119,70,36" hai2="64,35,41,47,63,30,26,101,124,132,76,125,114" hai3="46,21,84,112,56,127,95,7,113,44,69,122,6"/><V88/><F114/><N who="3" m="44139" /><G122/><T96/><D109/><U92/><E119/><V28/><F132/><W100/><G69/><T59/><D65/><U128/><E135/><V120/><F120/><W58/><G21/><T105/><D38/><U23/><E92/><V66/><F76/><W39/><G127/><N who="2" m="48713" /><F101/><W85/><G100/><T87/><D105/><U24/><REACH who="1" step="1"/><E36/><REACH who="1" ten="250,255,250,225" step="2"/><N who="2" m="21927" /><F30/><W60/><G39/><T12/><D94/><U107/><E107/><V25/><F28/><W34/><G95/><T49/><D73/><U9/><E9/><V115/><F115/><W104/><G104/><T131/><D131/><AGARI ba="1,2" hai="2,5,10,16,23,24,68,70,93,97,102,128,130,131" machi="131" ten="40,5200,0" yaku="1,1,19,1,54,1,53,0" doraHai="11" doraHaiUra="116" who="1" fromWho="0" sc="250,-55,255,75,250,0,225,0" /><INIT seed="3,0,0,3,5,20" ten="195,330,250,225" oya="3" hai0="125,85,58,57,98,67,118,3,132,13,68,102,123" hai1="78,28,53,43,63,8,66,48,95,76,106,26,23" hai2="10,6,92,74,99,133,25,69,113,83,12,124,50" hai3="51,60,24,41,82,1,22,54,116,5,11,112,52"/><W34/><G112/><T31/><D118/><U30/><E106/><V9/><F113/><W72/><G116/><T87/><D123/><U126/><E126/><V134/><F69/><W96/><G34/><T64/><D3/><U21/><E43/><V101/><F124/><W56/><G96/><T117/><D117/><U47/><E8/><V122/><F122/><W108/><G108/><T80/><D125/><U73/><E73/><V17/><F50/><W46/><G82/><T29/><D132/><U2/><E2/><V65/><F65/><W120/><G72/><T75/><D75/><U37/><E37/><V105/><F105/><W84/><G84/><T104/><D87/><U86/><E23/><V7/><F25/><W61/><G120/><T81/><D81/><U115/><E30/><V127/><F127/><W44/><G44/><T94/><D104/><U70/><E115/><V45/><F45/><W15/><G1/><T49/><D68/><U16/><E28/><V128/><F128/><W59/><G22/><T121/><D121/><U119/><E119/><V62/><F10/><W93/><G93/><T103/><D103/><U40/><E40/><V107/><F92/><W18/><G24/><T79/><D13/><U129/><E129/><V135/><F62/><W77/><G77/><AGARI ba="0,0" hai="6,7,9,12,17,74,77,83,99,101,107,133,134,135" machi="77" ten="40,1300,0" yaku="20,1" doraHai="20" who="2" fromWho="3" sc="195,0,330,0,250,13,225,-13" owari="195,-30.5,330,43.0,263,6.3,212,-18.8" /></mjloggm>