<mjloggm ver="2.3"><GO type="225" lobby="0"/><UN n0="%E4%B8%89%E5%86%A0%E7%8E%8B%E3%83%BB%E5%B1%B1%E7%94%B0%E5%93%B2%E4%BA%BA" n1="%E3%81%86%E3%81%A1%E3%83%BC" n2="%E3%81%A1%E3%82%85%E3%81%86%E3%81%A9%E3%81%8F%E8%B1%A1%E3%81%95%E3%82%93" n3="%4C%4F%4C%49%54%41" dan="16,17,17,16" rate="2159.90,2186.27,2201.92,2158.55" sx="M,M,M,F"/><TAIKYOKU oya="0"/><INIT seed="0,0,0,2,4,134" ten="250,250,250,250" oya="0" hai0="124,43,57,108,74,64,107,61,48,23,100,42,41" hai1="54,49,50,65,105,60,46,29,8,120,22,116,34" hai2="63,0,70,102,103,44,79,58,126,123,12,110,7" hai3="16,35,52,14,95,87,40,91,59,97,32,84,26"/><T96/><D74/><U47/><E105/><V83/><F123/><W125/><G125/><T4/><D108/><U113/><E34/><V39/><F0/><W106/><G40/><T119/><D119/><U115/><E8/><V10/><F70/><W3/><G3/><T89/><D4/><U51/><E22/><V45/><F110/><W77/><G77/><T78/><D78/><U135/><E29/><V38/><F126/><W128/><G128/><T112/><D112/><N who="1" m="43083" /><E120/><V98/><F39/><W76/><G76/><T33/><D33/><U30/><E30/><V28/><F28/><W133/><G26/><T81/><D124/><U18/><E18/><V101/><F98/><W1/><G133/><T31/><D81/><U72/><E72/><V25/><F25/><W122/><G122/><T94/><D31/><U68/><E135/><V36/><F36/><W114/><G1/><T56/><D23/><U15/><E15/><V73/><REACH who="2" step="1"/><F38/><REACH who="2" ten="250,250,240,250" step="2"/><W5/><G114/><T13/><D13/><U99/><E99/><V127/><F127/><W92/><G14/><T109/><D109/><U130/><E116/><V121/><F121/><W24/><G24/><T21/><D21/><U88/><E130/><V104/><F104/><W27/><G106/><T80/><D107/><U131/><E131/><V37/><F37/><W67/><G32/><T62/><D100/><U71/><E71/><V111/><F111/><W66/><G35/><T9/><D9/><U82/><E46/><V85/><F85/><AGARI ba="0,1" hai="47,49,50,51,54,60,65,68,82,85,88" m="43083" machi="85" ten="30,2000,0" yaku="11,1,54,1" doraHai="134" who="1" fromWho="2" sc="250,0,250,30,240,-20,250,0" /><INIT seed="1,0,0,1,2,107" ten="250,280,220,250" oya="1" hai0="113,49,15,134,80,77,95,101,121,72,115,2,97" hai1="79,43,116,40,70,67,84,99,120,54,96,14,112" hai2="38,23,88,61,24,126,122,78,91,13,103,131,17" hai3="20,33,127,59,93,53,57,56,6,81,110,21,94"/><U108/><E112/><V58/><F122/><W28/><G110/><T68/><D2/><U44/><E116/><V73/><F38/><W18/><G127/><T63/><D121/><U48/><E120/><V124/><F103/><W52/><G33/><T31/><D134/><U119/><E119/><V106/><F106/><W32/><G32/><T71/><D31/><U130/><E130/><V42/><F42/><W135/><G6/><T87/><D49/><U109/><E14/><V41/><F41/><W69/><G69/><T55/><D71/><U85/><E70/><V10/><F131/><W25/><G81/><T129/><D129/><U30/><E67/><V7/><F124/><W117/><G135/><T22/><D87/><U12/><E12/><BYE who="1" /><V90/><F126/><W39/><G39/><T76/><D76/><U100/><E100/><V64/><REACH who="2" step="1"/><F78/><REACH who="2" ten="250,280,210,250" step="2"/><W9/><G117/><T34/><D77/><U92/><E92/><V133/><F133/><W86/><G94/><T26/><D95/><U16/><E16/><V128/><F128/><W1/><G93/><T102/><D102/><U83/><E83/><V51/><F51/><UN n1="%E3%81%86%E3%81%A1%E3%83%BC" /><W50/><G50/><T65/><D101/><U62/><E79/><V123/><F123/><W104/><G104/><T66/><D80/><U29/><E43/><V98/><F98/><N who="1" m="37417" /><E109/><V3/><F3/><W118/><G118/><T5/><D97/><U111/><E108/><V132/><F132/><W60/><G1/><T75/><D115/><U27/><E111/><V74/><AGARI ba="0,1" hai="7,10,13,17,23,24,58,61,64,73,74,88,90,91" machi="74" ten="30,8000,1" yaku="1,1,0,1,52,2,54,1,53,0" doraHai="107" doraHaiUra="82" who="2" fromWho="2" sc="250,-20,280,-40,210,90,250,-20" /><INIT seed="2,0,0,2,1,17" ten="230,240,300,230" oya="2" hai0="104,61,120,116,47,117,99,43,88,85,115,33,6" hai1="32,12,9,13,39,49,23,76,52,127,29,110,123" hai2="37,82,103,112,83,133,111,2,93,114,16,51,21" hai3="54,36,35,71,108,15,45,38,134,60,31,4,90"/><V81/><F37/><W100/><G108/><T66/><D33/><U20/><E39/><V27/><F2/><W7/><G134/><T129/><D120/><U87/><E32/><V28/><F133/><W34/><G100/><T118/><D6/><U109/><E29/><V22/><F111/><N who="1" m="42505" /><E127/><V50/><F112/><W65/><G38/><N who="0" m="22007" /><D129/><U69/><E69/><V72/><F72/><W101/><G101/><T119/><D104/><U74/><E74/><V56/><F114/><W94/><G15/><N who="1" m="5706" /><E9/><V44/><F56/><W113/><G113/><T10/><D115/><U73/><E73/><V124/><F124/><W97/><G35/><T80/><D116/><U102/><E102/><V30/><F30/><W46/><G34/><T79/><D10/><U121/><E76/><V70/><F70/><W18/><G31/><T19/><D19/><U14/><E87/><V58/><F58/><W0/><G18/><T132/><D132/><U122/><E14/><N who="2" m="9367" /><F44/><AGARI ba="0,0" hai="20,23,44,49,52,121,122,123" m="5706,42505" machi="44" ten="40,8000,1" yaku="13,1,14,1,52,2,54,1" doraHai="17" who="1" fromWho="2" sc="230,0,240,80,300,-80,230,0" /><INIT seed="3,0,0,3,5,53" ten="230,320,220,230" oya="3" hai0="25,94,12,64,104,129,120,22,76,20,92,75,108" hai1="84,70,6,99,13,29,23,114,131,100,38,9,125" hai2="135,15,103,126,65,116,31,28,4,81,19,87,61" hai3="7,41,68,119,132,51,97,66,21,58,134,36,101"/><W90/><G119/><T77/><D104/><U18/><E114/><V54/><F116/><W59/><G36/><T112/><D120/><U109/><E70/><V16/><F135/><N who="3" m="51755" /><G7/><T78/><D75/><U5/><E109/><V57/><F103/><W69/><G90/><T128/><D108/><U47/><E131/><N who="0" m="50249" /><D64/><U52/><E125/><V14/><F126/><W34/><G34/><T56/><D56/><N who="3" m="21545" /><G66/><T35/><D35/><U105/><E5/><V67/><F67/><W33/><G33/><T49/><D112/><U74/><E6/><V102/><F102/><W0/><G0/><T27/><D77/><U98/><E100/><V55/><F4/><W86/><G86/><T48/><D78/><U96/><E84/><V79/><F65/><W110/><G21/><T42/><D76/><U89/><E23/><N who="2" m="11767" /><F54/><W82/><G82/><T72/><D12/><U30/><E89/><V133/><F133/><W122/><G122/><T43/><D25/><U71/><E38/><V63/><F63/><W91/><G91/><T11/><D27/><U118/><E13/><V44/><F44/><N who="3" m="25999" /><G110/><T40/><D42/><U130/><E130/><V117/><F117/><W2/><G2/><T115/><D43/><U73/><E118/><V88/><F79/><W127/><G127/><T10/><D40/><U46/><E74/><V60/><F60/><W8/><G8/><AGARI ba="0,0" hai="8,15,16,28,31,55,57,61,81,87,88" m="11767" machi="8" ten="30,7700,0" yaku="8,1,52,1,54,2" doraHai="53" who="2" fromWho="3" sc="230,0,320,0,220,77,230,-77" owari="230,-17.0,320,42.0,297,9.7,153,-34.7" /></mjloggm>