<mjloggm ver="2.3"><GO type="225" lobby="0"/><UN n0="%E3%81%82%E3%80%81%E8%B2%A0%E3%81%91%E3%81%BE%E3%81%97%E3%81%9F" n1="%E3%83%97%E3%83%92" n2="%72%61%6B%33" n3="%E3%81%A0%E3%81%8A" dan="16,16,16,16" rate="2145.35,2178.63,2055.65,2064.39" sx="M,M,M,M"/><TAIKYOKU oya="0"/><INIT seed="0,0,0,5,5,85" ten="250,250,250,250" oya="0" hai0="131,57,113,74,88,90,3,77,86,134,129,93,20" hai1="116,61,135,2,79,130,75,26,106,45,124,19,18" hai2="21,10,14,119,107,1,55,43,27,12,91,54,39" hai3="101,99,7,92,122,97,34,110,133,41,29,108,81"/><T78/><D3/><U94/><E106/><V4/><F119/><W62/><G133/><T66/><D113/><U105/><E105/><V52/><F107/><W25/><G122/><T112/><D112/><U104/><E104/><V71/><F71/><W32/><G32/><T5/><D5/><U89/><E2/><V121/><F121/><W76/><G99/><T72/><D20/><U118/><E135/><V98/><F43/><W50/><G7/><T127/><D57/><U53/><E79/><N who="0" m="30217" /><D66/><U8/><E18/><V87/><F98/><W35/><G35/><T42/><D42/><U46/><E45/><V114/><F39/><W96/><G62/><T22/><D22/><U103/><E8/><V44/><F44/><W13/><G97/><N who="0" m="57511" /><D127/><U40/><E61/><V69/><F69/><W84/><G13/><T59/><D59/><U24/><E26/><V100/><F100/><W16/><G16/><T33/><D33/><U70/><E103/><V15/><F114/><W102/><G102/><T56/><D56/><U47/><E19/><N who="2" m="12735" /><F1/><W51/><G41/><T126/><D126/><U111/><E40/><V23/><F23/><W115/><G115/><T6/><D6/><U36/><E70/><V37/><F37/><W109/><AGARI ba="0,0" hai="25,29,34,50,51,76,81,84,92,96,101,108,109,110" machi="109" ten="30,2000,0" yaku="0,1,14,1" doraHai="85" who="3" fromWho="3" sc="250,-10,250,-5,250,-5,250,20" /><INIT seed="1,0,0,3,5,117" ten="240,245,245,270" oya="1" hai0="53,2,97,21,45,36,27,24,10,119,59,132,116" hai1="5,79,11,46,25,95,18,135,110,15,31,39,8" hai2="9,81,115,69,32,66,61,109,42,49,62,114,131" hai3="72,29,106,41,37,74,133,50,63,130,84,30,111"/><U123/><E135/><V75/><F32/><W68/><G37/><T103/><D132/><U64/><E64/><N who="2" m="41103" /><F9/><W80/><G106/><T20/><D36/><U44/><E123/><V56/><F81/><W76/><G133/><T107/><D45/><U26/><E110/><V87/><F87/><W122/><G130/><T118/><D2/><U96/><E79/><V54/><F75/><W113/><G113/><N who="2" m="43017" /><F131/><W67/><G111/><T55/><D10/><U121/><E121/><V129/><F129/><W126/><G126/><T12/><D12/><U58/><E39/><V85/><F85/><W13/><G122/><T47/><D47/><U19/><E25/><V1/><F1/><W51/><G13/><T105/><D59/><U6/><E11/><V127/><F109/><W83/><G74/><T40/><D40/><U34/><E5/><V91/><F91/><W104/><G104/><T0/><D0/><U108/><E108/><V92/><F92/><W100/><G100/><T7/><D7/><U78/><E78/><V16/><F16/><N who="1" m="6185" /><E95/><V86/><F86/><W14/><G14/><T102/><D119/><U98/><E98/><AGARI ba="0,0" hai="20,21,24,27,53,55,97,98,102,103,105,107,116,118" machi="98" ten="25,1600,0" yaku="22,2" doraHai="117" who="0" fromWho="1" sc="240,16,245,-16,245,0,270,0" /><INIT seed="2,0,0,0,4,40" ten="256,229,245,270" oya="2" hai0="54,68,93,23,108,58,69,135,115,28,90,34,128" hai1="5,70,76,87,11,60,67,109,133,97,49,116,47" hai2="113,19,20,99,57,102,98,41,56,59,25,26,61" hai3="94,130,10,55,35,91,15,125,83,121,75,45,2"/><V107/><F113/><W131/><G121/><T126/><D115/><U6/><E116/><V38/><F99/><W16/><G125/><T13/><D126/><U117/><E117/><V1/><F1/><W33/><G2/><T111/><D128/><N who="3" m="49193" /><G83/><T86/><D135/><U81/><E133/><V24/><REACH who="2" step="1"/><F61/><REACH who="2" ten="256,229,235,270" step="2"/><W122/><G122/><T12/><D111/><U44/><E109/><V65/><F65/><W79/><G79/><T80/><D108/><U7/><E97/><V132/><F132/><W37/><G75/><T62/><D62/><U9/><REACH who="1" step="1"/><E47/><AGARI ba="0,1" hai="19,20,24,25,26,38,41,47,56,57,59,98,102,107" machi="47" ten="40,3900,0" yaku="1,1,52,1,53,0" doraHai="40" doraHaiUra="51" who="2" fromWho="1" sc="256,0,229,-39,235,49,270,0" /><INIT seed="2,1,0,0,3,27" ten="256,190,284,270" oya="2" hai0="65,56,15,25,130,78,52,124,47,119,66,62,4" hai1="50,96,118,109,51,89,64,77,94,122,59,135,16" hai2="69,101,68,17,117,44,11,111,21,99,46,98,72" hai3="84,23,5,37,3,106,97,120,61,114,9,91,86"/><V76/><F117/><W131/><G120/><T53/><D130/><U39/><E118/><V33/><F33/><W41/><G131/><T127/><D119/><U10/><E39/><V85/><F72/><W110/><G110/><T128/><D128/><U30/><E109/><V18/><F111/><W125/><G125/><N who="0" m="48203" /><D78/><U14/><E122/><V8/><F76/><W102/><G114/><T31/><D4/><U105/><E105/><V123/><F21/><W57/><G23/><N who="0" m="15807" /><D15/><U113/><E113/><V32/><F32/><W28/><G28/><T83/><D83/><U20/><E77/><V129/><F129/><W60/><G9/><T13/><D13/><U70/><E70/><V0/><F123/><W100/><G3/><T42/><D66/><U36/><E36/><AGARI ba="1,0" hai="36,42,47,52,53,56,62,65" m="15807,48203" machi="36" ten="30,3900,0" yaku="18,1,52,1,54,1" doraHai="27" who="0" fromWho="1" sc="256,42,190,-42,284,0,270,0" /><INIT seed="3,0,0,1,5,45" ten="298,148,284,270" oya="3" hai0="81,37,130,97,19,103,68,49,124,7,44,40,48" hai1="34,134,36,126,113,74,60,66,55,24,88,46,50" hai2="111,41,58,38,10,13,21,129,78,110,16,84,0" hai3="92,29,57,116,4,1,31,27,133,89,117,99,135"/><W15/><G1/><T79/><D124/><U108/><E126/><V100/><F129/><W86/><G57/><T23/><D130/><U95/><E113/><V76/><F100/><W93/><G133/><T39/><D39/><U73/><E134/><V32/><F32/><W47/><G135/><T83/><D7/><U14/><E108/><N who="2" m="41515" /><F84/><W101/><G31/><T9/><D9/><U63/><E36/><V104/><F104/><W30/><G30/><T42/><D68/><U109/><E109/><V43/><F58/><W25/><G27/><T5/><D5/><U52/><E24/><N who="2" m="14375" /><F0/><W12/><G47/><N who="0" m="25719" /><D79/><N who="2" m="30250" /><F38/><W131/><G131/><T118/><D37/><U82/><E34/><V90/><F90/><W107/><G107/><T67/><D118/><U22/><E82/><V125/><F125/><W115/><G115/><T59/><D97/><N who="1" m="57575" /><E74/><V119/><F119/><W71/><G71/><T106/><D103/><U33/><E33/><V105/><F105/><W77/><G77/><T26/><D106/><U62/><E73/><V70/><F70/><W87/><G87/><T3/><D3/><U35/><E35/><V85/><F85/><W102/><G102/><T112/><D112/><U56/><E66/><V2/><F2/><W132/><G132/><T65/><D65/><U17/><AGARI ba="0,0" hai="14,17,22,46,50,52,55,56,60,62,63" m="57575" machi="17" ten="30,7900,0" yaku="8,1,52,1,54,2" doraHai="45" who="1" fromWho="1" sc="298,-20,148,79,284,-20,270,-39" /><INIT seed="4,0,0,5,0,35" ten="278,227,264,231" oya="0" hai0="56,135,61,108,63,48,60,114,15,80,62,53,41" hai1="25,91,64,98,54,124,71,82,107,83,51,73,45" hai2="24,50,125,16,33,78,52,130,90,122,88,116,31" hai3="47,5,117,118,66,4,6,7,110,96,131,23,74"/><T113/><D15/><U42/><E124/><V40/><F122/><W112/><G110/><T14/><D14/><U32/><E54/><V17/><F125/><W99/><G112/><N who="0" m="43115" /><D108/><U12/><E12/><V9/><F130/><W43/><G96/><T38/><D80/><U100/><E91/><V37/><F116/><W13/><G66/><T101/><D101/><U76/><E83/><V92/><F78/><W133/><G47/><N who="0" m="23991" /><D63/><U27/><REACH who="1" step="1"/><E32/><REACH who="1" ten="278,217,264,231" step="2"/><V0/><F90/><W106/><G13/><T121/><D135/><U26/><E26/><V111/><F111/><W30/><G133/><T49/><D49/><U34/><E34/><V85/><F37/><W134/><G134/><T21/><D21/><U79/><E79/><V81/><F81/><W95/><G23/><T58/><D121/><U84/><E84/><V68/><F40/><W8/><G43/><T128/><D128/><U11/><E11/><V127/><F127/><W65/><G8/><T44/><AGARI ba="0,1" hai="44,48,53,56,58,60,61,62" m="23991,43115" machi="44" ten="30,6000,0" yaku="15,1,34,2" doraHai="35" who="0" fromWho="0" sc="278,70,217,-20,264,-20,231,-20" owari="348,44.8,197,-30.3,244,4.4,211,-18.9" /></mjloggm>