<mjloggm ver="2.3"><GO type="225" lobby="0"/><UN n0="%67%61%79%75%6E%79" n1="%74%61%6B%75%61%6B%61" n2="%72%69%6F%75%63%68%61%6E" n3="%E9%B3%B3%E6%9D%B1%E3%81%AE%E3%81%86%E3%81%95%E3%81%8E%E3%81%95%E3%82%93" dan="16,16,17,16" rate="2129.21,2160.66,2272.72,2233.77" sx="M,M,M,M"/><TAIKYOKU oya="0"/><INIT seed="0,0,0,2,5,5" ten="250,250,250,250" oya="0" hai0="130,111,44,91,58,101,48,116,76,82,1,68,53" hai1="15,125,89,55,18,62,6,118,59,23,9,88,124" hai2="114,16,63,25,11,4,32,17,22,131,104,78,121" hai3="100,36,52,85,60,31,38,42,73,80,108,133,41"/><T103/><D68/><U110/><E118/><V50/><F121/><W7/><G73/><T112/><D116/><U54/><E110/><V86/><F114/><W119/><G119/><T84/><D112/><U2/><REACH who="1" step="1"/><E54/><REACH who="1" ten="250,240,250,250" step="2"/><V33/><F131/><W24/><G108/><T81/><D111/><U129/><E129/><V79/><F104/><W126/><G52/><T94/><D130/><U97/><E97/><V35/><F63/><W70/><G60/><T134/><D134/><U19/><E19/><V49/><F17/><W0/><G133/><T40/><D1/><U127/><AGARI ba="0,1" hai="2,6,9,15,18,23,55,59,62,88,89,124,125,127" machi="127" ten="30,8000,1" yaku="1,1,0,1,18,1,52,1,54,1,53,0" doraHai="5" doraHaiUra="120" who="1" fromWho="1" sc="250,-40,240,90,250,-20,250,-20" /><INIT seed="1,0,0,0,2,19" ten="210,330,230,230" oya="1" hai0="129,113,91,106,34,103,102,60,87,66,44,37,50" hai1="39,75,3,131,89,83,29,88,10,40,64,135,38" hai2="115,125,35,23,42,33,100,105,108,81,99,67,109" hai3="119,14,124,8,70,52,120,41,95,24,130,2,133"/><U94/><E131/><V74/><F125/><W121/><G124/><T16/><D37/><U98/><E135/><V63/><F115/><W78/><G133/><T71/><D113/><U96/><E64/><V13/><F42/><W20/><G70/><T118/><D118/><U65/><E65/><V28/><F13/><W22/><G130/><T90/><D129/><U127/><E127/><V7/><F7/><W12/><G41/><T36/><D36/><U134/><E134/><V17/><F17/><N who="3" m="10295" /><G78/><T80/><D106/><U68/><E68/><N who="2" m="42111" /><F23/><W46/><G2/><T61/><D61/><U76/><E29/><V53/><F53/><W128/><G128/><T62/><D62/><U116/><E116/><V45/><F45/><W32/><G32/><N who="2" m="12361" /><F28/><N who="3" m="17431" /><G121/><T25/><D90/><U79/><E79/><AGARI ba="0,0" hai="74,79,81,99,100,105,108,109" m="12361,42111" machi="79" ten="30,1000,0" yaku="23,1" doraHai="19" who="2" fromWho="1" sc="210,0,330,-10,230,10,230,0" /><INIT seed="2,0,0,2,5,75" ten="210,320,240,230" oya="2" hai0="101,108,66,77,121,6,73,93,34,16,65,95,132" hai1="21,23,123,124,122,28,76,58,113,129,111,54,88" hai2="71,86,117,27,4,126,51,48,114,61,74,62,43" hai3="89,49,91,59,18,134,39,78,55,45,97,94,22"/><V79/><F114/><W40/><G134/><T7/><D121/><U125/><E113/><V36/><F117/><W119/><G119/><T57/><D34/><U64/><E64/><V72/><F126/><N who="1" m="48745" /><E111/><V15/><F36/><W60/><G91/><T5/><D132/><U120/><E129/><V12/><F27/><N who="3" m="14807" /><G39/><T63/><D108/><U33/><E76/><AGARI ba="0,0" hai="40,45,49,55,59,60,76,78,89,94,97" m="14807" machi="76" ten="30,7700,0" yaku="25,1,8,1,52,2" doraHai="75" who="3" fromWho="1" sc="210,0,320,-77,240,0,230,77" /><INIT seed="3,0,0,1,4,52" ten="210,243,240,307" oya="3" hai0="71,80,33,43,20,129,73,111,37,60,103,55,82" hai1="19,5,66,122,6,120,45,3,24,40,117,21,135" hai2="105,28,118,51,10,113,0,15,89,13,67,101,61" hai3="39,50,8,25,115,57,32,54,134,119,109,65,108"/><W58/><G115/><T47/><D111/><N who="3" m="42569" /><G134/><T110/><D110/><U79/><E135/><V63/><F113/><W123/><G119/><T49/><D129/><U116/><E66/><V130/><F118/><N who="1" m="45673" /><E79/><V7/><F130/><W35/><G123/><N who="1" m="47146" /><E3/><V16/><F28/><W78/><G39/><AGARI ba="0,0" hai="5,6,19,21,24,39,40,45" m="47146,45673" machi="39" ten="30,1000,0" yaku="12,1" doraHai="52" who="1" fromWho="3" sc="210,0,243,10,240,0,307,-10" /><INIT seed="4,0,0,2,4,21" ten="210,253,240,297" oya="0" hai0="65,127,100,72,59,49,121,11,125,69,56,106,83" hai1="12,46,99,35,98,115,40,18,23,110,17,112,85" hai2="38,89,42,105,102,36,129,119,126,48,57,135,93" hai3="104,27,6,96,80,108,24,70,73,20,4,77,34"/><T68/><D121/><U19/><E35/><V32/><F32/><W51/><G108/><T31/><D100/><U133/><E133/><V75/><F75/><W22/><G34/><T124/><D106/><U5/><E110/><V29/><F135/><W92/><G70/><N who="0" m="27243" /><D31/><U87/><E5/><V44/><F126/><N who="0" m="32258" /><T91/><DORA hai="78" /><D11/><U62/><E62/><V109/><F129/><W79/><G51/><T66/><D72/><U117/><E117/><V52/><F119/><W2/><G104/><T3/><D3/><U26/><E18/><V61/><F109/><W122/><G2/><T86/><D49/><U101/><E17/><V39/><F29/><W63/><G73/><T53/><D53/><U74/><E74/><V58/><F105/><W94/><G122/><T88/><D91/><U111/><E111/><V132/><F132/><W107/><G107/><T128/><D128/><U10/><E101/><V113/><F102/><W13/><G22/><T0/><D0/><U114/><E10/><V81/><F113/><W123/><G20/><T43/><D43/><U15/><E15/><V9/><F9/><W1/><G13/><T134/><D134/><U28/><E12/><V37/><F37/><W103/><G1/><T41/><D41/><U25/><E28/><V55/><REACH who="2" step="1"/><F81/><REACH who="2" ten="210,253,230,297" step="2"/><W64/><G80/><T118/><D118/><U47/><E114/><V71/><F71/><W120/><G120/><T84/><D84/><AGARI ba="0,1" hai="36,38,39,42,44,48,52,55,57,58,61,84,89,93" machi="84" ten="30,8000,1" yaku="1,1,7,1,54,1,53,2" doraHai="21,78" doraHaiUra="54,95" who="2" fromWho="0" sc="210,-80,253,0,230,90,297,0" owari="130,-37.0,253,-14.7,320,42.0,297,9.7" /></mjloggm>