<mjloggm ver="2.3"><GO type="225" lobby="0"/><UN n0="%E3%81%AF%E3%82%88%E3%81%8A%E3%81%98%E3%81%95%E3%82%93" n1="%E3%83%B4%E3%83%A0%EF%BC%99%E3%81%A6" n2="%53%41%49%2A" n3="%E3%81%8B%E3%82%8F%E3%81%A1%E3%82%83%E3%82%93%35%38" dan="16,16,16,16" rate="2080.34,2156.89,2123.16,2107.12" sx="M,M,M,M"/><TAIKYOKU oya="0"/><INIT seed="0,0,0,1,2,11" ten="250,250,250,250" oya="0" hai0="3,27,127,105,107,40,47,16,44,22,89,112,109" hai1="12,78,117,46,56,57,124,59,4,54,84,2,58" hai2="61,29,43,34,24,123,68,94,39,134,8,86,125" hai3="111,62,41,82,121,79,83,102,28,99,100,21,88"/><T66/><D112/><U81/><E117/><V30/><F125/><W103/><G41/><T52/><D127/><U114/><E124/><V133/><F30/><W118/><G118/><T122/><D122/><U63/><E114/><V130/><F130/><W18/><G28/><T126/><D126/><U73/><E2/><V1/><F123/><W116/><G116/><T115/><D115/><U71/><E71/><V26/><F26/><W91/><G121/><T15/><D3/><U53/><E46/><V120/><F120/><W90/><G62/><T7/><D109/><U17/><E4/><V6/><F43/><W32/><G32/><T13/><D66/><U72/><REACH who="1" step="1"/><E53/><REACH who="1" ten="250,240,250,250" step="2"/><V31/><F68/><W74/><G111/><T37/><D7/><U64/><E64/><V119/><F6/><W113/><G113/><T33/><D47/><U80/><E80/><V25/><F1/><W101/><G18/><T69/><D69/><U0/><E0/><V128/><F119/><W75/><G21/><AGARI ba="0,1" hai="12,17,21,54,56,57,58,59,63,72,73,78,81,84" machi="21" ten="40,8000,1" yaku="1,1,52,1,53,2" doraHai="11" doraHaiUra="104" who="1" fromWho="3" sc="250,0,240,90,250,0,250,-80" /><INIT seed="1,0,0,3,0,74" ten="250,330,250,170" oya="1" hai0="71,79,129,94,15,106,114,50,42,51,34,38,105" hai1="32,89,43,66,23,30,103,90,2,127,96,46,77" hai2="29,16,55,110,52,95,97,98,35,65,73,68,49" hai3="101,8,111,78,76,36,92,135,133,20,134,37,60"/><U10/><E32/><V123/><F123/><W18/><G8/><T63/><D114/><U17/><E127/><V126/><F110/><W130/><G111/><T40/><D34/><U117/><E117/><V64/><F73/><W41/><G130/><T5/><D129/><U14/><E66/><V11/><F55/><W22/><G60/><T107/><D94/><U113/><E113/><V104/><F68/><W13/><G20/><T70/><D79/><N who="3" m="30249" /><G41/><T53/><D50/><U45/><E77/><V9/><F104/><W3/><G3/><T54/><D53/><U28/><E2/><V131/><F49/><W1/><G1/><T80/><D38/><N who="3" m="14953" /><G92/><T116/><D63/><U121/><E121/><V44/><F95/><W124/><G101/><T0/><D0/><U100/><E100/><V81/><F9/><W82/><G82/><T21/><D80/><U6/><E43/><V119/><F11/><W31/><G31/><T75/><D75/><U91/><E28/><V59/><F29/><W132/><N who="3" m="33792" /><DORA hai="109" /><W99/><G124/><T27/><D40/><U83/><E30/><V26/><F81/><W87/><G87/><T7/><D42/><U88/><E83/><V93/><F93/><W12/><G99/><T25/><D106/><U108/><E108/><V102/><F98/><W48/><G48/><T67/><D105/><U33/><E96/><V24/><F97/><W58/><G58/><T39/><D107/><U128/><E103/><V62/><F102/><W85/><G85/><T4/><D39/><U57/><E128/><V125/><F131/><W84/><G84/><RYUUKYOKU ba="0,0" sc="250,-10,330,-10,250,-10,170,30" hai3="12,13,18,22" /><INIT seed="2,1,0,5,4,127" ten="240,320,240,200" oya="2" hai0="26,58,40,120,2,11,104,56,39,115,124,14,70" hai1="98,85,51,121,113,135,106,62,42,30,44,61,68" hai2="52,71,88,57,63,76,83,93,66,133,27,33,29" hai3="105,6,122,74,37,77,90,46,109,116,69,78,131"/><V20/><F133/><W101/><G69/><T35/><D115/><U81/><E113/><V64/><F33/><W5/><G46/><T114/><D120/><U100/><E135/><V125/><F71/><W86/><G6/><T84/><D104/><U7/><E121/><V16/><F29/><W12/><G12/><T59/><D2/><U0/><E68/><V99/><F125/><W17/><G17/><T117/><D70/><U4/><E30/><V73/><AGARI ba="1,0" hai="16,20,27,52,57,63,64,66,73,76,83,88,93,99" machi="73" ten="20,18000,2" yaku="0,1,7,1,25,2,54,3" doraHai="127" who="2" fromWho="2" sc="240,-61,320,-61,240,183,200,-61" /><INIT seed="2,2,0,2,1,75" ten="179,259,423,139" oya="2" hai0="93,133,85,102,47,22,111,27,113,90,51,63,84" hai1="79,29,6,56,19,129,91,36,86,25,117,99,39" hai2="72,105,112,62,16,127,3,4,2,124,123,69,107" hai3="97,77,120,34,28,54,122,125,42,8,80,134,94"/><V114/><F123/><W121/><G125/><N who="2" m="48201" /><F72/><W106/><G106/><N who="2" m="40457" /><F16/><W1/><G134/><T38/><D133/><U32/><E19/><V103/><F103/><W30/><G42/><T9/><D102/><U14/><E25/><V115/><F4/><W78/><G54/><T59/><D27/><U128/><E6/><V116/><F116/><W35/><G80/><T104/><D104/><U87/><E117/><V5/><F5/><W15/><G94/><T53/><D93/><U46/><E29/><N who="3" m="11370" /><G97/><T48/><D85/><U58/><E86/><V98/><F98/><W109/><G15/><T44/><D84/><U57/><E14/><V130/><F130/><W37/><G37/><T23/><D38/><U135/><E36/><V67/><AGARI ba="2,0" hai="2,3,62,67,69,112,114,115" m="40457,48201" machi="67" ten="40,3900,0" yaku="18,1,23,1" doraHai="75" who="2" fromWho="2" sc="179,-15,259,-15,423,45,139,-15" /><INIT seed="2,3,0,2,0,24" ten="164,244,468,124" oya="2" hai0="93,77,120,15,113,79,39,74,72,73,135,131,34" hai1="90,35,61,125,55,107,14,17,4,40,58,121,114" hai2="3,42,65,33,84,5,31,51,89,68,36,8,118" hai3="28,126,23,96,69,60,105,7,134,71,85,49,67"/><V124/><F124/><W88/><G126/><T38/><D113/><U130/><E114/><V21/><F36/><W91/><G134/><T133/><D120/><U46/><E125/><V53/><F42/><W97/><G71/><T48/><D34/><U109/><E107/><V110/><F33/><W32/><G23/><T1/><D1/><U106/><E106/><V76/><F76/><W82/><G7/><T64/><D64/><U54/><E109/><V29/><F21/><W62/><G62/><T9/><D93/><U75/><E75/><V27/><F27/><N who="3" m="18463" /><G96/><T83/><D48/><U47/><E4/><V2/><F2/><W132/><G49/><T92/><D92/><U80/><E61/><V119/><F65/><W70/><G132/><N who="0" m="50763" /><D131/><U37/><E130/><V102/><F68/><N who="3" m="42087" /><G91/><T0/><D0/><U116/><E90/><V10/><F3/><W18/><G18/><N who="0" m="8559" /><D77/><U100/><E35/><V22/><F51/><W115/><G115/><T26/><D26/><U11/><E121/><V66/><F66/><W117/><G117/><T30/><D30/><U45/><E17/><V103/><F119/><W6/><G6/><T104/><D104/><U41/><E116/><V94/><F5/><W81/><G81/><T50/><D50/><U19/><E19/><V52/><F118/><W87/><G87/><AGARI ba="3,0" hai="38,39,72,73,74,79,83,87" m="8559,50763" machi="87" ten="40,1300,0" yaku="20,1" doraHai="24" who="0" fromWho="3" sc="164,22,244,0,468,0,124,-22" /><INIT seed="3,0,0,0,0,95" ten="186,244,468,102" oya="3" hai0="67,134,102,108,82,47,48,5,92,16,27,96,57" hai1="43,8,113,123,110,77,84,39,89,133,75,19,59" hai2="23,9,81,25,109,2,83,100,11,26,4,28,131" hai3="98,122,24,53,106,104,118,54,36,71,52,97,6"/><W62/><G118/><T58/><D108/><U33/><E33/><V3/><F109/><W40/><G122/><T51/><D134/><U90/><E110/><V18/><F131/><W80/><G6/><T132/><D132/><U34/><E123/><V60/><F100/><W38/><G80/><T41/><D5/><U94/><E34/><V105/><F105/><N who="3" m="40555" /><G62/><T120/><D120/><U64/><E113/><V31/><F60/><W128/><G24/><N who="2" m="9321" /><F83/><W1/><G40/><T70/><D70/><U44/><E43/><V69/><F81/><W29/><G71/><T99/><D67/><U68/><E59/><V107/><F107/><W56/><G56/><T21/><D51/><U124/><E64/><V114/><F114/><W14/><G14/><T126/><D82/><U55/><E68/><V7/><F69/><W111/><G111/><T45/><D45/><U20/><E44/><V87/><F87/><W72/><G128/><T17/><D17/><U103/><E19/><V10/><F10/><W0/><G72/><T49/><D49/><U73/><E73/><V119/><F119/><W86/><G86/><T13/><D27/><AGARI ba="0,0" hai="2,3,4,7,9,11,18,23,27,28,31" m="9321" machi="27" ten="30,8000,1" yaku="35,5" doraHai="95" who="2" fromWho="0" sc="186,-80,244,0,468,80,102,0" owari="106,-29.4,244,4.4,548,64.8,102,-39.8" /></mjloggm>