<mjloggm ver="2.3"><GO type="225" lobby="0"/><UN n0="%72%69%6F%75%63%68%61%6E" n1="%E3%81%AA%E3%82%81%E3%81%93%E9%9B%80%E5%A3%AB" n2="%E3%81%B5%E3%81%98%E3%81%8B%E3%81%A4" n3="%E7%99%BD%E5%92%B2%E8%8A%B1%E3%81%A1%E3%82%83%E3%82%93" dan="17,16,16,16" rate="2235.29,2084.58,2118.42,2130.16" sx="M,M,M,F"/><TAIKYOKU oya="0"/><INIT seed="0,0,0,5,1,77" ten="250,250,250,250" oya="0" hai0="19,41,21,111,11,47,67,95,124,33,34,130,62" hai1="23,125,54,98,52,35,17,71,36,66,9,120,73" hai2="84,94,56,44,30,53,3,92,38,6,31,121,50" hai3="5,59,26,57,58,65,101,128,74,118,42,108,126"/><T79/><D124/><U13/><E36/><V107/><F121/><W90/><G118/><T32/><D130/><U115/><E115/><V116/><F107/><W117/><G117/><T43/><D111/><U24/><E73/><V81/><F116/><W61/><G74/><T29/><D79/><U69/><E120/><V37/><F37/><W70/><G108/><T134/><D134/><U55/><E125/><V102/><F3/><W135/><G135/><T8/><D29/><N who="2" m="10762" /><F38/><W133/><G133/><T25/><D95/><N who="2" m="36394" /><F6/><W80/><G5/><T103/><D103/><U28/><E66/><V0/><F0/><W60/><G126/><T12/><D47/><U14/><REACH who="1" step="1"/><E98/><REACH who="1" ten="250,240,250,250" step="2"/><V76/><F102/><W75/><G101/><T112/><D112/><U18/><AGARI ba="0,1" hai="9,13,14,17,18,23,24,28,35,52,54,55,69,71" machi="18" ten="30,7900,0" yaku="1,1,2,1,0,1,54,1,53,0" doraHai="77" doraHaiUra="63" who="1" fromWho="1" sc="250,-39,240,89,250,-20,250,-20" /><INIT seed="1,0,0,5,2,26" ten="211,329,230,230" oya="1" hai0="27,13,111,14,90,77,121,107,135,56,110,125,115" hai1="44,101,84,123,28,73,124,96,118,78,37,76,46" hai2="42,72,31,63,93,126,32,58,60,51,89,17,134" hai3="49,113,24,41,82,91,114,88,131,47,106,81,85"/><U100/><E118/><V71/><F72/><W119/><G131/><T39/><D115/><U45/><E73/><V59/><F126/><W52/><G119/><T133/><D39/><U102/><E37/><V109/><F134/><N who="0" m="51210" /><D107/><U0/><E124/><V98/><F109/><N who="0" m="41482" /><D125/><U20/><E0/><V97/><F71/><W54/><G106/><T5/><D121/><U53/><E123/><V3/><F3/><W104/><G104/><T61/><D77/><N who="1" m="29803" /><E84/><V1/><F1/><W25/><G113/><T18/><D90/><U7/><E7/><V4/><F4/><W130/><G114/><T67/><D5/><U30/><E96/><V128/><F98/><W23/><G130/><T57/><D56/><U34/><E34/><V112/><F59/><W116/><G116/><T94/><D94/><U64/><E64/><V132/><F132/><W50/><G81/><T127/><D127/><U70/><E70/><V2/><F128/><W55/><G50/><T120/><D120/><U83/><E83/><V108/><F108/><W11/><G49/><T19/><D19/><U65/><E65/><V9/><F17/><W68/><G68/><T16/><D18/><U35/><E35/><V48/><F48/><N who="3" m="26735" /><G82/><T122/><D122/><U15/><E53/><N who="2" m="32063" /><F112/><W95/><G55/><T8/><D8/><U80/><E80/><V99/><F9/><W43/><G11/><T86/><D86/><U66/><E66/><V12/><F32/><W74/><G74/><T40/><D40/><U129/><E129/><V10/><F42/><W105/><G43/><T29/><D16/><AGARI ba="0,0" hai="15,16,20,28,30,44,45,46,100,101,102" m="29803" machi="16" ten="40,12000,1" yaku="8,1,52,2,54,1" doraHai="26" who="1" fromWho="0" sc="211,-120,329,120,230,0,230,0" /><INIT seed="1,1,0,4,5,35" ten="91,449,230,230" oya="1" hai0="76,5,43,41,0,26,114,52,106,15,54,82,84" hai1="4,57,75,56,39,85,42,96,33,51,68,77,121" hai2="44,130,79,93,71,16,1,7,131,72,81,123,64" hai3="47,11,118,59,63,109,19,34,13,18,95,30,29"/><U86/><E121/><V38/><F123/><W74/><G109/><T69/><D114/><U110/><E68/><V92/><F92/><W62/><G118/><T126/><D69/><U100/><E33/><V133/><F133/><W135/><G135/><T50/><D126/><U6/><E39/><V55/><F93/><W61/><G74/><T17/><D106/><U31/><E75/><V91/><F55/><W78/><G78/><T36/><D36/><U115/><E31/><V49/><F49/><W125/><G125/><T128/><D128/><U87/><E77/><V97/><F91/><W102/><G59/><N who="1" m="22602" /><E115/><V53/><F97/><N who="3" m="59711" /><G34/><T12/><D0/><U70/><E70/><V28/><F28/><N who="3" m="10859" /><G47/><N who="0" m="25967" /><D43/><U32/><E32/><V127/><F127/><W117/><G117/><T80/><D80/><U94/><E110/><V65/><F71/><W10/><G10/><N who="0" m="4175" /><D26/><U58/><E42/><N who="2" m="22615" /><F53/><AGARI ba="1,0" hai="4,6,51,53,58,85,86,87,94,96,100" m="22602" machi="53" ten="30,1500,0" yaku="8,1" doraHai="35" who="1" fromWho="2" sc="91,0,449,18,230,-18,230,0" /><INIT seed="1,2,0,0,5,28" ten="91,467,212,230" oya="1" hai0="107,95,43,101,71,21,108,79,100,61,118,86,37" hai1="47,124,55,94,87,7,104,50,38,80,18,74,40" hai2="31,96,123,120,51,72,84,57,70,32,121,23,16" hai3="66,1,132,135,83,4,35,116,91,36,49,5,67"/><U88/><E124/><V111/><F72/><W73/><G116/><T19/><D118/><U105/><E7/><N who="3" m="2634" /><G36/><T20/><D108/><U134/><E134/><N who="3" m="51242" /><G1/><T89/><D79/><U102/><E18/><V103/><F111/><W130/><G130/><T117/><D117/><U9/><E9/><V93/><F70/><W125/><G125/><T122/><D122/><U126/><E126/><V69/><F84/><N who="3" m="50591" /><G73/><T127/><D127/><U15/><E15/><V25/><F69/><W42/><G35/><T33/><D33/><U106/><E74/><V17/><REACH who="2" step="1"/><F23/><REACH who="2" ten="91,467,202,230" step="2"/><W82/><G82/><T129/><D21/><U85/><E85/><V78/><F78/><W63/><G63/><T22/><D20/><U81/><REACH who="1" step="1"/><E102/><REACH who="1" ten="91,457,202,230" step="2"/><V30/><F30/><W68/><G68/><T48/><D71/><U10/><E10/><V34/><F34/><W77/><G77/><T45/><D101/><U76/><E76/><V90/><F90/><W62/><G62/><T8/><D61/><U2/><E2/><V98/><F98/><W97/><G97/><T24/><D100/><U92/><E92/><V3/><F3/><W112/><G112/><T65/><D95/><U75/><E75/><V56/><F56/><AGARI ba="2,2" hai="38,40,47,50,55,56,80,81,87,88,94,104,105,106" machi="56" ten="40,3900,0" yaku="1,1,54,1,53,0" doraHai="28" doraHaiUra="133" who="1" fromWho="2" sc="91,0,457,65,202,-45,230,0" /><INIT seed="1,3,0,5,3,110" ten="91,522,157,230" oya="1" hai0="7,40,87,5,122,36,34,73,103,121,24,112,86" hai1="10,47,81,69,16,2,133,89,35,21,48,127,107" hai2="82,30,124,49,101,114,123,68,99,15,78,37,128" hai3="134,116,61,23,94,54,11,18,108,109,106,135,22"/><U80/><E107/><V70/><F123/><N who="0" m="47114" /><D73/><U57/><E69/><V129/><F49/><W14/><G106/><T83/><D103/><U45/><E35/><V62/><F15/><W125/><G94/><T84/><D83/><N who="1" m="31819" /><E127/><V38/><F30/><W74/><G74/><T32/><D24/><N who="1" m="14375" /><E133/><V97/><F97/><W9/><G125/><T79/><D79/><U44/><E2/><V100/><F100/><W31/><G109/><T77/><D77/><U88/><E10/><V91/><F91/><N who="1" m="34889" /><E57/><V66/><F124/><W96/><G11/><T41/><D112/><U50/><AGARI ba="3,0" hai="44,45,47,48,50" m="34889,14375,31819" machi="50" ten="40,7800,0" yaku="8,1,54,2" doraHai="110" who="1" fromWho="1" sc="91,-29,522,87,157,-29,230,-29" /><INIT seed="1,4,0,2,4,79" ten="62,609,128,201" oya="1" hai0="23,109,0,72,92,8,125,34,77,134,58,63,102" hai1="90,44,16,48,31,84,135,51,53,54,120,116,24" hai2="26,68,30,15,13,71,83,87,41,99,29,10,50" hai3="100,37,70,22,123,128,56,65,36,119,76,27,107"/><U28/><E116/><V7/><F15/><W88/><G123/><T5/><D34/><U2/><E135/><V115/><F99/><W74/><G70/><T9/><D134/><U91/><E2/><V60/><F115/><W103/><G128/><T3/><D125/><U35/><E120/><V127/><F30/><N who="1" m="11305" /><E35/><V12/><F12/><W45/><G74/><T64/><D109/><U108/><E108/><V39/><F60/><N who="3" m="38023" /><G37/><T21/><D77/><U66/><E66/><V129/><F129/><W49/><G36/><T80/><D80/><N who="1" m="49415" /><E91/><V132/><F132/><W25/><G76/><T95/><D72/><U121/><E121/><V14/><F127/><W82/><G107/><T73/><D73/><U43/><E51/><V38/><F39/><W69/><G69/><T105/><D105/><U75/><E75/><V81/><F38/><W1/><G1/><T61/><D102/><U17/><E24/><N who="3" m="9290" /><G22/><T130/><D130/><U52/><AGARI ba="4,0" hai="16,17,43,44,48,52,53,54" m="49415,11305" machi="52" ten="30,11700,0" yaku="8,1,52,1,54,2" doraHai="79" who="1" fromWho="1" sc="62,-43,609,129,128,-43,201,-43" /><INIT seed="1,5,0,3,5,102" ten="19,738,85,158" oya="1" hai0="67,78,30,0,66,73,10,2,94,38,53,112,13" hai1="88,46,118,18,45,122,6,104,63,62,131,43,28" hai2="50,77,125,123,19,32,96,29,31,86,83,26,100" hai3="7,58,84,71,113,4,35,114,80,120,69,27,33"/><U52/><E118/><V65/><F125/><W34/><G58/><T49/><D112/><U9/><E122/><V36/><F36/><W55/><G55/><T1/><D38/><U93/><E131/><V134/><F134/><W81/><G84/><T85/><D73/><U44/><E104/><V57/><F29/><W56/><G56/><T126/><D126/><U109/><E28/><V54/><F19/><W3/><G27/><T117/><D117/><U82/><E82/><N who="3" m="31850" /><G3/><T92/><D30/><U11/><E109/><V129/><F129/><W95/><G95/><T47/><D78/><U119/><E119/><V64/><F123/><W130/><G130/><T106/><D106/><AGARI ba="5,0" hai="26,31,32,50,54,57,64,65,77,83,86,96,100,106" machi="106" ten="30,2000,0" yaku="7,1,52,1" doraHai="102" who="2" fromWho="0" sc="19,-35,738,0,85,35,158,0" owari="-16,-51.6,738,83.8,120,-28.0,158,-4.2" /></mjloggm>