<mjloggm ver="2.3"><GO type="225" lobby="0"/><UN n0="%47%32%E9%BE%8D%E9%96%80" n1="%E5%A4%8F%E9%88%B4%E9%88%B4%E5%A4%8F" n2="%E5%8D%A0%E3%81%84%E5%B8%AB%E8%A3%8F%E3%81%AA%E3%81%84%E3%81%97" n3="%6C%61%6D%62" dan="16,16,17,16" rate="2105.90,2125.58,2134.12,2148.04" sx="M,M,M,M"/><TAIKYOKU oya="0"/><INIT seed="0,0,0,4,3,117" ten="250,250,250,250" oya="0" hai0="103,92,109,17,44,33,97,70,66,111,47,56,37" hai1="133,19,127,9,114,95,38,7,72,64,29,129,108" hai2="48,76,101,110,115,5,25,126,125,58,74,96,40" hai3="30,132,24,82,46,131,83,12,100,13,98,16,27"/><T20/><D33/><U135/><E38/><V21/><F115/><W79/><G131/><T84/><D70/><U68/><E72/><V2/><F110/><N who="0" m="41994" /><D37/><U78/><E78/><V107/><F5/><W32/><G132/><N who="1" m="50762" /><E95/><V4/><F4/><W86/><G46/><N who="0" m="17451" /><D84/><U81/><E68/><V45/><F2/><W22/><REACH who="3" step="1"/><G83/><REACH who="3" ten="250,250,250,240" step="2"/><T43/><D43/><U0/><E81/><V31/><F40/><W11/><G11/><T23/><D17/><U52/><E19/><V71/><F45/><W112/><G112/><T18/><D18/><U8/><E8/><V60/><F126/><W41/><G41/><T106/><D106/><AGARI ba="0,1" hai="12,13,16,22,24,27,30,32,79,82,86,98,100,106" machi="106" ten="30,3900,0" yaku="1,1,7,1,54,1,53,0" doraHai="117" doraHaiUra="120" who="3" fromWho="0" sc="250,-39,250,0,250,0,240,49" /><INIT seed="1,0,0,2,5,105" ten="211,250,250,289" oya="1" hai0="59,28,132,102,44,1,71,119,30,57,23,7,129" hai1="112,45,8,0,80,18,133,125,115,93,91,55,61" hai2="42,38,6,100,94,124,11,65,14,122,46,116,69" hai3="110,109,26,20,76,39,5,9,17,58,56,63,66"/><U134/><E125/><V19/><F116/><W114/><G114/><T72/><D119/><U103/><E103/><V118/><F118/><W92/><G39/><T88/><D71/><U99/><E80/><V130/><F122/><W68/><G76/><T121/><D121/><U78/><E78/><V31/><F124/><W3/><REACH who="3" step="1"/><G92/><REACH who="3" ten="211,250,250,279" step="2"/><T107/><D107/><U97/><E115/><V4/><F94/><W21/><G21/><T82/><D23/><U35/><E112/><V83/><F38/><W41/><G41/><T43/><D43/><U101/><E93/><V90/><F42/><W15/><G15/><T13/><D13/><U84/><E133/><V117/><F14/><W37/><G37/><T86/><D132/><U98/><E134/><V53/><F117/><W47/><G47/><T128/><D44/><U40/><E45/><V50/><F46/><W29/><G29/><T113/><D113/><U104/><E40/><V70/><F31/><W96/><G96/><T95/><D30/><U34/><E98/><V123/><F123/><W10/><G10/><N who="0" m="2415" /><D28/><U85/><E99/><V73/><F11/><W48/><G48/><T16/><D95/><U108/><E97/><V67/><F50/><W77/><G77/><T64/><D102/><U120/><E101/><V89/><F100/><W51/><G51/><T12/><D129/><U33/><E120/><V111/><F130/><W79/><G79/><N who="0" m="44391" /><D128/><U25/><E104/><V131/><F131/><W127/><G127/><T54/><D88/><U24/><E91/><V106/><F90/><W49/><G49/><T74/><D12/><RYUUKYOKU ba="0,1" sc="211,-10,250,-10,250,-10,279,30" hai3="3,5,9,17,20,26,56,58,63,66,68,109,110" /><INIT seed="2,1,1,1,1,53" ten="201,240,240,309" oya="2" hai0="13,70,27,130,3,78,33,79,134,24,124,123,64" hai1="115,77,94,28,15,119,101,51,18,59,38,47,25" hai2="0,36,2,120,45,35,16,121,118,106,14,90,50" hai3="93,103,76,54,105,34,6,127,129,88,60,41,37"/><V7/><F118/><W111/><G34/><T114/><D3/><U91/><E115/><V92/><F106/><W9/><G111/><T71/><D123/><U109/><E119/><V29/><F36/><W128/><G76/><T73/><D114/><U20/><E38/><V32/><F0/><W26/><G26/><T112/><D112/><U84/><E109/><V110/><F110/><W40/><G105/><T108/><D108/><U42/><E77/><V99/><F32/><W98/><G127/><T52/><D124/><U72/><E72/><V125/><F125/><W58/><G103/><T21/><D134/><U11/><E101/><V56/><F7/><W74/><G74/><T55/><D33/><U8/><REACH who="1" step="1"/><E59/><REACH who="1" ten="201,230,240,309" step="2"/><V30/><F56/><W44/><REACH who="3" step="1"/><G41/><REACH who="3" ten="201,230,240,299" step="2"/><T80/><D73/><U23/><AGARI ba="1,3" hai="8,11,15,18,20,23,25,28,42,47,51,84,91,94" machi="23" ten="20,12000,2" yaku="1,1,2,1,0,1,7,1,8,1,53,1" doraHai="53" doraHaiUra="86" who="1" fromWho="1" sc="201,-31,230,153,240,-61,299,-31" /><INIT seed="3,0,0,0,0,98" ten="170,383,179,268" oya="3" hai0="128,62,120,55,11,122,1,113,6,34,53,41,18" hai1="134,81,80,50,31,17,110,33,72,23,68,121,78" hai2="14,111,7,4,39,66,118,127,48,69,64,76,71" hai3="52,2,88,135,56,112,29,90,40,115,10,43,132"/><W99/><G29/><T114/><D34/><U38/><E38/><V12/><F118/><W107/><G2/><T30/><D30/><U51/><E121/><V131/><F39/><W70/><G70/><T65/><D41/><N who="3" m="15945" /><G10/><T86/><D18/><U124/><E68/><V117/><F117/><W13/><G13/><T123/><D86/><U24/><E124/><V36/><F36/><W35/><G35/><T92/><D92/><U103/><E134/><N who="3" m="51242" /><G107/><T28/><D28/><U67/><E67/><V9/><F127/><W59/><G99/><T32/><D32/><U93/><E80/><V119/><F119/><W22/><G22/><T100/><D128/><U25/><E110/><V45/><F111/><W3/><G3/><T5/><D5/><U97/><AGARI ba="0,0" hai="17,23,24,25,31,33,50,51,72,78,81,93,97,103" machi="97" ten="30,2000,0" yaku="0,1,52,1" doraHai="98" who="1" fromWho="1" sc="170,-5,383,20,179,-5,268,-10" owari="165,-33.5,403,50.3,174,-22.6,258,5.8" /></mjloggm>