<mjloggm ver="2.3"><GO type="225" lobby="0"/><UN n0="%E3%81%A1%E3%82%85%E3%81%86%E3%81%A9%E3%81%8F%E8%B1%A1%E3%81%95%E3%82%93" n1="%E7%9C%9F%E4%B8%80" n2="%E5%B8%86%E7%AB%8B%E5%A4%8F%E8%A1%A3" n3="%43%68%65" dan="17,16,17,16" rate="2186.23,2210.95,2140.52,2091.27" sx="M,M,M,M"/><TAIKYOKU oya="0"/><INIT seed="0,0,0,5,3,22" ten="250,250,250,250" oya="0" hai0="59,97,10,31,20,95,50,36,80,83,52,18,23" hai1="72,57,71,11,67,12,101,91,77,14,105,45,94" hai2="61,108,58,48,0,29,5,88,78,64,128,133,63" hai3="96,134,25,126,86,98,130,38,104,107,24,34,127"/><T89/><D36/><U42/><E71/><V56/><F108/><W37/><G86/><T70/><D70/><U33/><E33/><V2/><F128/><W39/><G34/><T111/><D111/><U27/><E105/><N who="3" m="40522" /><G130/><T76/><D10/><U99/><E72/><V82/><F133/><W131/><G131/><T16/><D31/><U113/><E77/><V62/><F29/><W65/><G65/><T35/><D35/><U51/><E113/><V84/><F62/><W1/><G1/><T69/><D69/><U114/><E114/><V119/><F119/><W116/><G116/><T9/><D9/><U17/><E91/><V132/><F132/><W87/><G87/><T121/><D121/><U40/><E42/><V15/><F48/><W106/><G134/><T122/><D122/><U44/><E45/><V55/><F78/><W109/><G109/><T30/><D30/><U85/><E85/><V92/><F82/><W112/><G112/><T81/><D76/><U43/><E43/><V6/><REACH who="2" step="1"/><F15/><REACH who="2" ten="250,250,240,250" step="2"/><W60/><G60/><T26/><D81/><U19/><E14/><AGARI ba="0,1" hai="14,16,18,20,23,26,50,52,59,80,83,89,95,97" machi="14" ten="30,12000,1" yaku="7,1,8,1,52,1,54,2" doraHai="22" who="0" fromWho="1" sc="250,130,250,-120,240,0,250,0" /><INIT seed="0,1,0,1,4,108" ten="380,130,240,250" oya="0" hai0="56,114,122,71,118,112,132,17,8,24,59,80,47" hai1="13,77,52,97,65,23,15,75,66,103,22,69,18" hai2="74,6,29,45,87,42,46,102,37,11,91,32,10" hai3="36,72,63,50,70,2,49,51,57,129,39,93,38"/><T123/><D80/><U131/><E131/><V54/><F74/><W106/><G106/><T61/><D8/><U82/><E69/><V28/><F102/><W30/><G72/><T124/><D17/><U43/><E43/><V104/><F104/><W64/><G2/><T62/><D24/><U68/><E68/><V20/><F32/><W90/><G30/><T88/><D88/><U111/><E111/><V133/><F133/><W134/><G134/><T125/><D118/><U81/><E82/><V107/><F107/><W100/><G100/><T16/><D16/><U105/><E52/><V101/><F101/><W109/><G109/><T121/><D132/><U14/><REACH who="1" step="1"/><E23/><REACH who="1" ten="380,120,240,250" step="2"/><V55/><F20/><W110/><G110/><T60/><D71/><U25/><AGARI ba="1,1" hai="13,14,15,18,22,25,65,66,75,77,81,97,103,105" machi="25" ten="30,4000,0" yaku="1,1,2,1,0,1,53,0" doraHai="108" doraHaiUra="1" who="1" fromWho="1" sc="380,-21,120,53,240,-11,250,-11" /><INIT seed="1,0,0,2,4,46" ten="359,173,229,239" oya="1" hai0="96,108,77,95,70,30,63,21,106,75,120,13,20" hai1="14,43,58,27,132,122,97,7,104,72,68,113,22" hai2="62,9,23,25,76,81,51,83,29,98,86,60,133" hai3="123,36,18,2,1,44,131,59,119,69,12,15,66"/><U6/><E68/><V54/><F133/><W39/><G69/><T24/><D106/><U34/><E113/><V71/><F71/><W16/><G123/><T101/><D108/><U50/><E122/><V99/><F9/><W47/><G59/><T61/><D70/><U105/><E72/><V88/><F99/><W107/><G107/><T126/><D126/><U114/><E114/><V0/><F0/><W38/><G38/><T5/><D120/><U85/><E34/><V37/><F37/><W102/><G102/><T127/><D127/><U118/><E118/><V52/><F54/><W48/><G131/><T41/><D41/><U94/><E132/><V124/><F124/><W65/><REACH who="3" step="1"/><G48/><REACH who="3" ten="359,173,229,229" step="2"/><T87/><D101/><U28/><E105/><V40/><F40/><W91/><G91/><T79/><D79/><U125/><E125/><V109/><F109/><W8/><G8/><T103/><D77/><U121/><E104/><V82/><F98/><W26/><G26/><T130/><D24/><U49/><E121/><V35/><F35/><W116/><AGARI ba="0,1" hai="1,2,12,15,16,18,36,39,44,47,65,66,116,119" machi="116" ten="25,8000,1" yaku="1,1,0,1,22,2,54,1,53,0" doraHai="46" doraHaiUra="73" who="3" fromWho="3" sc="359,-20,173,-40,229,-20,229,90" /><INIT seed="2,0,0,4,4,27" ten="339,133,209,319" oya="2" hai0="109,48,30,42,96,132,80,28,130,50,111,43,118" hai1="106,75,133,33,6,110,4,16,63,54,39,47,94" hai2="103,66,38,69,36,102,78,58,21,71,64,5,20" hai3="122,121,11,34,35,99,13,77,88,12,31,25,119"/><V97/><F78/><W1/><G119/><T98/><D118/><U23/><E106/><V125/><F5/><W135/><G35/><T74/><D130/><U22/><E33/><V83/><F83/><W107/><G1/><T52/><D132/><U37/><E133/><V114/><F58/><W29/><G29/><N who="0" m="11371" /><D74/><U73/><E110/><N who="0" m="41993" /><D80/><U62/><E47/><V95/><F95/><W14/><G135/><T44/><D42/><U51/><E94/><V76/><F76/><W117/><G117/><T53/><D43/><U26/><E51/><V124/><REACH who="2" step="1"/><F97/><REACH who="2" ten="339,133,199,319" step="2"/><W116/><G77/><T55/><D44/><U19/><REACH who="1" step="1"/><E54/><REACH who="1" ten="339,123,199,319" step="2"/><V61/><F61/><W90/><G116/><T129/><D129/><U108/><E108/><V112/><AGARI ba="0,2" hai="20,21,36,38,64,66,69,71,102,103,112,114,124,125" machi="112" ten="25,9600,0" yaku="1,1,0,1,22,2,53,0" doraHai="27" doraHaiUra="59" who="2" fromWho="2" sc="339,-32,123,-32,199,116,319,-32" /><INIT seed="2,1,0,1,0,61" ten="307,91,315,287" oya="2" hai0="74,46,132,23,42,77,26,10,51,37,39,86,101" hai1="63,76,62,112,5,11,110,129,78,97,131,66,107" hai2="124,69,56,108,113,38,53,122,105,109,92,106,116" hai3="47,95,58,111,43,134,115,21,121,49,1,35,88"/><V84/><F116/><W17/><G121/><T125/><D74/><U114/><E110/><N who="2" m="42603" /><F122/><W118/><G111/><T3/><D101/><U2/><E97/><V41/><F113/><W30/><G115/><T12/><D3/><U59/><E107/><V22/><F124/><W55/><G1/><T50/><D125/><U83/><E114/><V45/><F69/><W34/><G30/><T7/><D50/><U99/><E99/><V89/><F22/><W67/><G134/><T123/><D123/><U48/><E112/><V82/><F82/><W100/><G100/><T130/><D130/><N who="1" m="49675" /><E48/><AGARI ba="1,0" hai="38,41,45,48,53,56,84,89,92,105,106" m="42603" machi="48" ten="30,2900,0" yaku="14,1,10,1" doraHai="61" who="2" fromWho="1" sc="307,0,91,-32,315,32,287,0" /><INIT seed="2,2,0,1,3,19" ten="307,59,347,287" oya="2" hai0="17,110,76,89,57,121,70,102,117,51,14,116,37" hai1="99,6,41,73,72,87,122,0,24,33,59,95,94" hai2="5,63,48,62,49,109,23,3,31,85,15,29,52" hai3="64,61,27,105,126,68,82,4,60,10,69,100,119"/><V25/><F109/><W26/><G119/><N who="0" m="45643" /><D121/><U65/><E122/><V135/><F135/><W120/><G120/><T134/><D110/><U103/><E41/><V129/><F129/><W77/><G126/><T43/><D70/><U67/><E0/><V34/><F49/><W39/><G39/><T113/><D113/><U13/><E73/><V91/><F3/><W28/><G100/><T9/><D134/><U7/><E72/><V108/><F108/><W80/><G105/><T97/><D76/><U32/><E33/><V8/><F31/><W133/><G133/><T79/><D79/><U107/><E107/><V16/><F29/><W92/><G92/><N who="0" m="58663" /><D37/><U46/><E32/><V38/><F34/><W124/><G124/><T130/><D130/><U55/><E46/><N who="2" m="27671" /><F38/><W84/><G82/><AGARI ba="2,0" hai="5,8,15,16,23,25,62,63,82,85,91" m="27671" machi="82" ten="30,11600,0" yaku="8,1,52,1,54,2" doraHai="19" who="2" fromWho="3" sc="307,0,59,0,347,122,287,-122" /><INIT seed="2,3,0,4,1,110" ten="307,59,469,165" oya="2" hai0="116,30,18,76,100,51,33,98,130,90,132,70,87" hai1="109,103,89,44,133,38,86,45,43,4,42,47,62" hai2="92,15,39,19,78,54,97,24,25,127,129,95,21" hai3="50,99,108,82,135,22,17,13,67,120,35,112,27"/><V58/><F39/><W124/><G120/><T14/><D70/><U125/><E109/><V128/><F78/><W85/><G108/><T6/><D6/><U131/><E133/><V80/><F80/><W32/><G135/><T111/><D111/><U73/><E73/><V59/><F59/><W36/><G36/><T88/><D116/><U117/><E117/><V16/><F127/><W46/><G124/><T104/><D130/><N who="2" m="50282" /><F19/><W122/><G122/><T134/><D134/><U105/><E125/><V74/><F74/><W26/><G67/><T66/><D66/><U20/><E131/><V68/><F68/><W84/><G35/><T126/><D126/><U31/><E38/><V41/><F41/><W23/><G32/><T37/><D37/><U77/><E77/><V11/><F11/><W65/><G65/><T3/><D3/><U10/><E62/><N who="2" m="36183" /><F95/><W115/><G13/><T119/><D132/><U2/><E105/><V107/><F107/><W71/><G71/><T7/><D18/><U83/><REACH who="1" step="1"/><E103/><AGARI ba="3,0" hai="15,16,21,24,25,92,97,103" m="36183,50282" machi="103" ten="30,2900,0" yaku="19,1,54,1" doraHai="110" who="2" fromWho="1" sc="307,0,59,-38,469,38,165,0" /><INIT seed="2,4,0,1,4,11" ten="307,21,507,165" oya="2" hai0="6,37,10,33,123,101,73,0,122,120,29,105,79" hai1="42,52,31,58,8,82,68,17,23,84,128,134,3" hai2="39,26,87,71,97,85,104,116,48,4,102,65,15" hai3="109,2,12,16,56,125,5,129,1,108,81,124,126"/><V66/><F116/><W90/><G129/><T43/><D29/><U45/><E128/><V35/><F48/><W111/><G56/><T41/><D33/><U61/><E134/><V40/><F65/><W13/><G5/><T9/><D41/><U86/><E68/><V107/><F104/><W63/><G63/><T18/><D18/><U7/><E31/><N who="2" m="19959" /><F15/><N who="3" m="5707" /><G16/><T89/><D89/><U70/><E70/><V113/><F113/><W80/><G90/><T93/><D93/><U133/><E133/><V38/><F38/><W19/><G19/><T127/><D9/><U94/><E94/><V77/><F4/><W62/><G62/><T30/><D30/><U117/><E117/><V20/><F20/><W132/><G132/><T28/><D28/><U103/><E103/><V92/><F71/><W91/><G91/><T76/><D101/><U53/><E53/><V119/><F66/><W74/><G74/><T98/><D73/><U130/><E130/><V27/><F119/><W69/><G69/><T54/><D120/><U99/><E99/><V67/><F67/><W32/><G32/><T95/><D98/><U50/><REACH who="1" step="1"/><E82/><AGARI ba="4,0" hai="1,2,80,81,82,108,109,111,124,125,126" m="5707" machi="82" ten="40,12000,2" yaku="28,2,14,1,18,1,52,3" doraHai="11" who="3" fromWho="1" sc="307,0,21,-132,507,0,165,132" owari="307,10.7,-111,-61.1,507,60.7,297,-10.3" /></mjloggm>