<mjloggm ver="2.3"><GO type="225" lobby="0"/><UN n0="%E3%82%A2%E3%82%A4%E3%82%B9%E3%83%86%E3%82%A3%E3%83%BC%E3%81%82%E3%81%B9" n1="%28%EF%BF%A3%E2%96%BD%EF%BF%A3%29%CE%B4%E2%8C%92%E3%83%BB" n2="%E3%82%BC%E3%83%AB%E3%83%80%E3%81%AE%E4%BC%9D%E8%AA%AC" n3="%E3%81%86%E3%81%A9%E3%82%93%E3%81%93" dan="16,16,17,16" rate="2107.03,2115.93,2137.36,2170.55" sx="M,M,M,M"/><TAIKYOKU oya="0"/><INIT seed="0,0,0,4,4,80" ten="250,250,250,250" oya="0" hai0="123,106,65,74,3,103,21,60,41,18,90,95,7" hai1="8,105,129,126,28,11,24,38,88,115,87,45,33" hai2="15,68,124,107,9,50,93,89,128,54,76,99,37" hai3="70,43,133,81,84,112,79,26,47,111,97,120,39"/><T49/><D123/><U35/><E105/><V10/><F124/><W96/><G112/><T77/><D3/><U104/><E104/><V58/><F128/><W108/><G120/><T69/><D7/><U113/><E129/><V85/><F37/><W44/><G133/><T13/><D106/><U48/><E38/><V82/><F68/><W98/><G70/><T27/><D103/><U34/><E126/><V20/><REACH who="2" step="1"/><F107/><REACH who="2" ten="250,250,240,250" step="2"/><W119/><G119/><T75/><D77/><U56/><E115/><V63/><F63/><W83/><G47/><T46/><REACH who="0" step="1"/><D27/><REACH who="0" ten="240,250,240,250" step="2"/><U78/><E113/><V130/><F130/><W59/><G26/><T73/><D73/><U25/><E25/><V121/><F121/><W132/><G132/><T32/><D32/><U109/><E35/><V57/><F57/><W127/><G127/><T110/><D110/><U94/><E34/><V101/><F101/><W17/><G59/><T53/><D53/><U91/><E109/><V31/><F31/><W67/><G108/><T30/><D30/><U23/><E33/><V16/><AGARI ba="0,2" hai="9,10,15,16,20,50,54,58,76,82,85,89,93,99" machi="16" ten="30,8000,1" yaku="1,1,0,1,8,1,52,1,54,1,53,0" doraHai="80" doraHaiUra="1" who="2" fromWho="2" sc="240,-40,250,-20,240,100,250,-20" /><INIT seed="1,0,0,4,1,73" ten="200,230,340,230" oya="1" hai0="39,68,105,125,93,78,129,67,37,104,120,14,85" hai1="46,36,57,94,84,29,127,87,59,114,117,80,27" hai2="50,75,99,63,109,77,16,12,131,90,20,106,111" hai3="119,97,64,71,54,100,25,47,4,86,1,22,132"/><U51/><E36/><V116/><F116/><W102/><G119/><T123/><D125/><U98/><E117/><V41/><F131/><W118/><G118/><T95/><D129/><U32/><E114/><V134/><F134/><W31/><G132/><T128/><D128/><U52/><E127/><V30/><F30/><W34/><G100/><T103/><D67/><U81/><E87/><V83/><F63/><W48/><G86/><T70/><D14/><U19/><E19/><V66/><F66/><W10/><G64/><T38/><D85/><U96/><E81/><V115/><F115/><W18/><G71/><N who="0" m="27179" /><D103/><U60/><E94/><N who="0" m="35849" /><D78/><U89/><REACH who="1" step="1"/><E59/><REACH who="1" ten="200,220,340,230" step="2"/><V15/><F83/><W42/><G102/><T17/><D17/><U82/><E82/><V69/><F16/><W23/><G97/><T65/><D65/><AGARI ba="0,1" hai="27,29,32,46,51,52,57,60,65,80,84,89,96,98" machi="65" ten="30,5800,0" yaku="1,1,7,1,54,1,53,0" doraHai="73" doraHaiUra="5" who="1" fromWho="0" sc="200,-58,220,68,340,0,230,0" /><INIT seed="1,1,0,5,1,31" ten="142,288,340,230" oya="1" hai0="105,128,30,16,82,83,40,43,124,89,94,47,52" hai1="61,112,51,72,133,22,114,24,11,29,20,10,0" hai2="60,42,127,65,103,135,111,122,88,18,79,106,91" hai3="63,80,23,36,44,125,3,19,100,75,1,34,123"/><U48/><E72/><V2/><F122/><W5/><G123/><T21/><D105/><U71/><E71/><V116/><F116/><W39/><G34/><T104/><D104/><U41/><E61/><V115/><F2/><W46/><G125/><T6/><D124/><U97/><E97/><V109/><F127/><W81/><G100/><T131/><D30/><U12/><E41/><V17/><F79/><W87/><G75/><T62/><D6/><N who="1" m="1351" /><E51/><V7/><F7/><W129/><G129/><T38/><D43/><U15/><E48/><V58/><F42/><W101/><G101/><T78/><D78/><U35/><E133/><V86/><F135/><W37/><G63/><T90/><D83/><U73/><E73/><V98/><F115/><N who="1" m="44073" /><E15/><V92/><F91/><W33/><G81/><T93/><D82/><U64/><E64/><V56/><F56/><W110/><G80/><T9/><D94/><U50/><E50/><V8/><F58/><W134/><G39/><T99/><D90/><U74/><E74/><V28/><F60/><W96/><G37/><T53/><D9/><U32/><E22/><V57/><F106/><W121/><G23/><T70/><D70/><U49/><E49/><V27/><F103/><W26/><G36/><T95/><D93/><U85/><E85/><V45/><F86/><W69/><G87/><T59/><REACH who="0" step="1"/><D53/><REACH who="0" ten="132,288,340,230" step="2"/><U119/><E119/><V102/><F88/><W113/><G134/><T55/><D55/><U77/><E77/><V66/><F92/><W108/><G96/><T120/><D120/><U68/><E68/><V130/><F98/><RYUUKYOKU ba="1,1" sc="132,15,288,15,340,-15,230,-15" hai0="16,21,38,40,47,52,59,62,89,95,99,128,131" hai1="11,12,20,24,29,32,35" /><INIT seed="1,2,1,4,5,128" ten="147,303,325,215" oya="1" hai0="65,95,64,5,35,15,46,32,119,56,106,24,83" hai1="77,79,13,112,6,54,73,72,23,75,38,70,109" hai2="66,123,122,62,28,113,10,92,97,115,30,120,52" hai3="87,20,88,94,50,84,91,104,101,61,3,132,37"/><U7/><E70/><V81/><F81/><W74/><G37/><T117/><D106/><U116/><E38/><V131/><F131/><W33/><G33/><T67/><D56/><U96/><E112/><N who="2" m="43083" /><F10/><W41/><G74/><T85/><D95/><U135/><E116/><V98/><F52/><W111/><G3/><T17/><D5/><U99/><E54/><V114/><N who="2" m="43091" /><V25/><DORA hai="48" /><F92/><W27/><G111/><T78/><D46/><U100/><E109/><V103/><F103/><W108/><G108/><T42/><D42/><U121/><E121/><V53/><F53/><W34/><G34/><T76/><D78/><U8/><E7/><V2/><F2/><W57/><G104/><T36/><D36/><U29/><E99/><N who="2" m="37899" /><F25/><W118/><G101/><T71/><D71/><AGARI ba="2,1" hai="28,30,62,66,71,120,122,123" m="37899,43091" machi="71" ten="50,1600,0" yaku="11,1" doraHai="128,48" who="2" fromWho="0" sc="147,-22,303,0,325,32,215,0" /><INIT seed="2,0,0,5,3,28" ten="125,303,357,215" oya="2" hai0="96,88,27,135,37,107,118,115,18,53,48,66,50" hai1="104,84,132,129,128,1,95,113,56,101,98,94,30" hai2="54,81,4,68,38,5,80,24,69,89,39,67,25" hai3="16,57,61,6,46,51,78,58,93,23,97,7,31"/><V52/><F89/><W13/><G78/><T8/><D115/><U122/><E1/><V92/><F92/><N who="1" m="35369" /><E30/><V63/><F63/><W79/><G79/><T12/><D37/><U99/><E56/><V70/><F70/><W109/><G109/><T32/><D118/><U108/><E113/><V102/><REACH who="2" step="1"/><F67/><REACH who="2" ten="125,303,347,215" step="2"/><W42/><G31/><T71/><D66/><U15/><E108/><V20/><F20/><W62/><G62/><T19/><D71/><U105/><E105/><V36/><F36/><W22/><G22/><T130/><D107/><U41/><E104/><V9/><F9/><W82/><G82/><T3/><D8/><U59/><E129/><V60/><F60/><W40/><G61/><T47/><D88/><U14/><E128/><V121/><F121/><W75/><G93/><T123/><D130/><U87/><E122/><V64/><F64/><W44/><G97/><T2/><D96/><U65/><E99/><V131/><F131/><W74/><G23/><T100/><D123/><U29/><E98/><V45/><F45/><W126/><G51/><T72/><D47/><U111/><E65/><V73/><F73/><W124/><G74/><T76/><D72/><U127/><E111/><V17/><F17/><W86/><G75/><T134/><D19/><U112/><E112/><V116/><F116/><W125/><G16/><T83/><D18/><U91/><E91/><V33/><F33/><W85/><G125/><T133/><D32/><U11/><E11/><V10/><F10/><W103/><G103/><AGARI ba="0,1" hai="4,5,24,25,38,39,52,54,68,69,80,81,102,103" machi="103" ten="25,9600,0" yaku="1,1,22,2,54,1,53,0" doraHai="28" doraHaiUra="120" who="2" fromWho="3" sc="125,0,303,0,347,106,215,-96" /><INIT seed="2,1,0,0,5,66" ten="125,303,453,119" oya="2" hai0="95,93,61,119,94,78,100,91,44,97,98,67,76" hai1="124,47,72,75,101,41,32,16,115,1,56,50,3" hai2="54,60,129,25,64,105,81,104,112,40,126,13,23" hai3="26,33,20,127,30,58,35,15,6,22,38,10,49"/><V57/><F112/><W133/><G38/><T43/><D119/><U24/><E115/><V34/><F126/><W29/><G58/><T52/><D95/><U125/><E101/><V0/><F0/><N who="1" m="73" /><E56/><V4/><F40/><W77/><G49/><T28/><D28/><N who="3" m="10857" /><G77/><T116/><D116/><U71/><E32/><N who="3" m="12362" /><G127/><N who="1" m="48714" /><E71/><V36/><F34/><W21/><G133/><T59/><REACH who="0" step="1"/><D67/><REACH who="0" ten="115,303,453,119" step="2"/><U5/><E5/><V11/><F4/><W87/><G87/><T83/><D83/><U45/><E75/><V117/><F81/><W114/><G114/><T51/><AGARI ba="1,1" hai="43,44,51,52,59,61,76,78,91,93,94,97,98,100" machi="51" ten="20,8000,1" yaku="1,1,0,1,7,1,8,1,54,1,53,0" doraHai="66" doraHaiUra="9" who="0" fromWho="0" sc="115,93,303,-21,453,-41,119,-21" /><INIT seed="3,0,0,1,5,120" ten="208,282,412,98" oya="3" hai0="118,21,59,134,95,125,90,50,46,57,88,43,63" hai1="7,41,39,96,17,23,1,115,124,82,130,86,34" hai2="12,0,102,70,73,112,131,65,8,19,49,40,104" hai3="55,117,101,61,68,53,52,91,114,81,121,69,51"/><W103/><G114/><T94/><D118/><U110/><E34/><V6/><F73/><W87/><G117/><T100/><D125/><U93/><E115/><V77/><F77/><W20/><G121/><T9/><D134/><U76/><E124/><V71/><F65/><W18/><G51/><T24/><D9/><U109/><E130/><V128/><F112/><W16/><G18/><N who="0" m="12343" /><D100/><U106/><E106/><V127/><F127/><W132/><G132/><T58/><D63/><U116/><E116/><V111/><F102/><W99/><G61/><T133/><D133/><U108/><E7/><V48/><F111/><W84/><G84/><N who="0" m="52487" /><D59/><U33/><E33/><V56/><F104/><W64/><G64/><T10/><D10/><U44/><E1/><V98/><F98/><AGARI ba="0,0" hai="43,46,50,57,58,90,95,98" m="52487,12343" machi="98" ten="30,2000,0" yaku="8,1,54,1" doraHai="120" who="0" fromWho="2" sc="208,20,282,0,412,-20,98,0" owari="228,-17.2,282,8.2,392,49.2,98,-40.2" /></mjloggm>