<mjloggm ver="2.3"><GO type="225" lobby="0"/><UN n0="%E3%81%8B%E3%82%8F%E3%81%A1%E3%82%83%E3%82%93%35%38" n1="%E3%81%82%E3%81%99%E3%81%AB%E3%82%83%E3%82%80" n2="%41%72%69%61" n3="%E3%81%B5%E3%81%98%E3%81%8B%E3%81%A4" dan="16,16,18,16" rate="2136.36,2130.64,2197.95,2183.66" sx="M,F,F,M"/><TAIKYOKU oya="0"/><INIT seed="0,0,0,2,5,96" ten="250,250,250,250" oya="0" hai0="115,14,83,10,129,53,103,104,132,2,72,100,76" hai1="23,28,108,120,32,44,50,57,127,13,59,67,134" hai2="73,113,122,11,70,1,135,90,48,121,55,66,24" hai3="8,106,89,9,45,118,131,58,38,112,34,109,52"/><T124/><D115/><U40/><E120/><V99/><F113/><W77/><G118/><T107/><D2/><U41/><E108/><V91/><F73/><W78/><G112/><T82/><D53/><U101/><E134/><V37/><F37/><W105/><G34/><T54/><D54/><U47/><E127/><V56/><F135/><W114/><G114/><T6/><D132/><U75/><E75/><V36/><F24/><W4/><G89/><T95/><D14/><U94/><E32/><V51/><F51/><W98/><G109/><T123/><D10/><U84/><E67/><V74/><F74/><W71/><G8/><T69/><D6/><U0/><E0/><V26/><F26/><W68/><G131/><T62/><D62/><U3/><E3/><V81/><F36/><W29/><G29/><T12/><D12/><U17/><E28/><V27/><F27/><W65/><G71/><T93/><D69/><U22/><E22/><V88/><F81/><W130/><G130/><T46/><D46/><U87/><E87/><V16/><F99/><W111/><G111/><T43/><D129/><U31/><E31/><V7/><REACH who="2" step="1"/><F16/><REACH who="2" ten="250,250,240,250" step="2"/><W110/><G110/><T92/><D83/><U21/><E50/><V33/><F33/><W35/><G35/><T15/><D82/><U97/><E44/><V60/><AGARI ba="0,1" hai="1,7,11,48,55,56,60,66,70,88,90,91,121,122" machi="60" ten="30,7900,0" yaku="1,1,0,1,54,1,53,1" doraHai="96" doraHaiUra="64" who="2" fromWho="2" sc="250,-39,250,-20,240,89,250,-20" /><INIT seed="1,0,0,3,5,114" ten="211,230,329,230" oya="1" hai0="91,99,81,71,60,0,115,112,128,89,107,122,135" hai1="86,109,105,83,117,131,43,57,30,6,61,52,1" hai2="119,50,94,69,20,58,31,15,95,100,65,19,132" hai3="13,120,7,47,90,11,121,21,98,56,70,10,73"/><U38/><E105/><V80/><F132/><W127/><G70/><T4/><D60/><U18/><E117/><V5/><F69/><W40/><G73/><T126/><D4/><U78/><E131/><V55/><F65/><W93/><G127/><T46/><D46/><U24/><E18/><V103/><F119/><W88/><G56/><T33/><D71/><U108/><E43/><V27/><F80/><W66/><G66/><T53/><D53/><U125/><E38/><V77/><F77/><W37/><G21/><T48/><D48/><U79/><E125/><V36/><F36/><W63/><G63/><T9/><D128/><U82/><E6/><V130/><F5/><W39/><G39/><T54/><D126/><U16/><E16/><V101/><F130/><W92/><REACH who="3" step="1"/><G11/><AGARI ba="0,0" hai="11,15,19,20,27,31,50,55,58,94,95,100,101,103" machi="11" ten="40,1300,0" yaku="8,1" doraHai="114" who="2" fromWho="3" sc="211,0,230,0,329,13,230,-13" /><INIT seed="2,0,0,4,5,55" ten="211,230,342,217" oya="2" hai0="57,21,51,33,5,40,103,7,109,45,68,9,72" hai1="71,121,29,1,133,27,64,31,124,127,87,52,22" hai2="28,34,12,35,119,24,83,97,4,118,74,62,111" hai3="69,79,75,13,15,46,114,63,17,38,130,56,0"/><V50/><F74/><W19/><G69/><T112/><D33/><U10/><E133/><V59/><F111/><W67/><G0/><T65/><D112/><U42/><E42/><V120/><F35/><W44/><G114/><T94/><D72/><U90/><E121/><V92/><F83/><W18/><G130/><T135/><D135/><U125/><E64/><V106/><F106/><W100/><G100/><T53/><D109/><U126/><E71/><V48/><F48/><W85/><G75/><T47/><D68/><U30/><E127/><V131/><F50/><W96/><G96/><N who="0" m="59799" /><D65/><U49/><E10/><V81/><F81/><N who="3" m="47295" /><G38/><T39/><D39/><U80/><REACH who="1" step="1"/><E1/><REACH who="1" ten="211,220,342,217" step="2"/><V122/><F122/><W14/><AGARI ba="0,1" hai="13,14,15,17,18,19,44,46,56,63,67" m="47295" machi="14" ten="30,2000,0" yaku="8,1,52,1" doraHai="55" who="3" fromWho="3" sc="211,-5,220,-5,342,-10,217,30" /><INIT seed="3,0,0,1,0,29" ten="206,215,332,247" oya="3" hai0="102,14,79,48,97,106,103,9,7,91,105,89,82" hai1="37,47,40,25,73,81,19,64,20,4,80,23,75" hai2="32,118,59,61,18,36,77,78,109,69,134,117,52" hai3="95,132,126,83,17,76,113,86,55,30,13,54,127"/><W26/><G113/><T21/><D21/><U24/><E4/><V93/><F32/><N who="3" m="20567" /><G95/><N who="0" m="56559" /><D48/><U133/><E133/><V11/><F134/><W6/><G132/><T130/><D14/><U22/><E22/><V49/><F36/><W84/><G84/><N who="0" m="48223" /><D9/><U74/><E64/><V58/><F69/><W111/><G6/><T44/><D44/><U119/><E119/><V112/><F93/><W50/><G50/><T67/><D67/><U115/><E115/><V128/><F117/><W41/><G41/><T43/><D43/><U108/><E108/><V0/><F118/><W5/><G111/><T28/><D28/><U45/><E45/><V87/><F0/><W88/><G5/><T62/><D62/><U110/><E110/><V16/><F61/><W46/><G46/><T10/><D10/><U65/><E65/><V125/><F11/><N who="3" m="6335" /><G76/><T53/><D53/><U94/><E94/><V27/><F77/><W33/><G33/><T85/><D7/><U34/><E34/><V120/><F109/><W124/><AGARI ba="0,0" hai="54,55,83,86,88,124,126,127" m="6335,20567" machi="124" ten="30,6000,0" yaku="18,1,52,1,54,1" doraHai="29" who="3" fromWho="3" sc="206,-20,215,-20,332,-20,247,60" /><INIT seed="3,1,0,1,3,44" ten="186,195,312,307" oya="3" hai0="106,79,58,99,85,74,122,77,69,73,24,116,127" hai1="64,5,18,42,59,80,13,82,94,113,75,63,87" hai2="125,130,12,36,111,123,108,100,52,9,45,53,78" hai3="67,133,15,26,30,134,93,102,55,107,92,83,8"/><W37/><G67/><T17/><D69/><U118/><E113/><V46/><F130/><W50/><G37/><T65/><D65/><U120/><E120/><V34/><F34/><N who="3" m="20823" /><G83/><N who="1" m="31786" /><E75/><N who="0" m="28681" /><D58/><U76/><E118/><V49/><F125/><W51/><G102/><N who="0" m="62815" /><D24/><U91/><E76/><N who="0" m="29257" /><D17/><U115/><E115/><V117/><F117/><W66/><G107/><T114/><D116/><U96/><E42/><V89/><F78/><W43/><G66/><T41/><D41/><U40/><E40/><V119/><F123/><W29/><G29/><T38/><D38/><U16/><E96/><V129/><F119/><W25/><G43/><T7/><D7/><U10/><AGARI ba="1,0" hai="5,10,13,16,18,59,63,64,87,91,94" m="31786" machi="10" ten="30,2000,0" yaku="8,1,54,1" doraHai="44" who="1" fromWho="1" sc="186,-6,195,23,312,-6,307,-11" owari="180,-32.0,218,-18.2,306,40.6,296,9.6" /></mjloggm>