<mjloggm ver="2.3"><GO type="225" lobby="0"/><UN n0="%E6%9D%B1%E9%A2%A8%E3%81%AE%E3%81%8D%E3%82%83%E3%81%B7%E3%81%95%E3%82%93" n1="%E5%B0%8F%E9%B3%A5%E9%81%8A%E7%B7%B4%E7%84%A1%32%31%E6%AD%B3" n2="%6D%61%74%69%67%75%73%61" n3="%E7%B4%94%E6%BD%94%E3%83%94%E3%83%A9%E3%83%8B%E3%82%A2" dan="16,16,17,16" rate="2218.96,2157.29,2224.10,2178.11" sx="M,F,M,M"/><TAIKYOKU oya="0"/><INIT seed="0,0,0,2,5,66" ten="250,250,250,250" oya="0" hai0="15,28,1,82,34,20,11,12,107,98,17,52,39" hai1="55,101,30,116,65,70,9,97,87,121,26,61,112" hai2="91,79,16,122,80,135,57,13,93,77,59,44,60" hai3="32,42,78,84,10,128,86,21,133,3,46,106,120"/><T124/><D39/><U89/><E116/><V90/><F135/><W94/><G106/><T118/><D118/><U130/><E130/><V6/><F122/><W71/><G32/><T8/><D124/><U81/><E112/><V41/><F6/><W115/><G115/><T99/><D107/><U33/><E55/><V40/><F80/><W102/><G71/><T105/><D105/><U74/><E9/><V51/><F41/><W110/><G78/><T23/><D82/><U0/><E0/><V69/><F69/><W114/><G133/><T129/><D129/><U14/><E14/><V68/><F68/><W72/><G72/><T47/><D1/><U95/><REACH who="1" step="1"/><E74/><REACH who="1" ten="250,240,250,250" step="2"/><V4/><F4/><W76/><G10/><T96/><D11/><U18/><E18/><V83/><F16/><W113/><G3/><T53/><D12/><U100/><E100/><V85/><F13/><W22/><G102/><T25/><REACH who="0" step="1"/><D53/><REACH who="0" ten="240,240,250,250" step="2"/><U50/><E50/><AGARI ba="0,2" hai="8,15,17,20,23,25,28,34,47,50,52,96,98,99" machi="50" ten="40,12000,1" yaku="1,1,2,1,54,1,53,1" doraHai="66" doraHaiUra="7" who="0" fromWho="1" sc="240,140,240,-120,250,0,250,0" /><INIT seed="0,1,0,4,4,10" ten="380,120,250,250" oya="0" hai0="103,66,21,133,57,48,101,118,70,134,125,38,6" hai1="108,84,117,115,13,26,27,43,50,83,35,126,65" hai2="51,33,28,88,122,42,19,74,45,18,77,85,129" hai3="119,62,17,39,64,40,31,76,93,14,4,3,7"/><T80/><D6/><U0/><E115/><V12/><F122/><W130/><G119/><T116/><D80/><U109/><E0/><V96/><F129/><W97/><G3/><T69/><D21/><U132/><E35/><V87/><F74/><W22/><G130/><T25/><D25/><U67/><E117/><N who="0" m="45161" /><D101/><U111/><E132/><N who="0" m="50793" /><D103/><U78/><E126/><V90/><F77/><W37/><G76/><T86/><D86/><U135/><E135/><V110/><F110/><W114/><G114/><T98/><D98/><U16/><E50/><V8/><F33/><W47/><G39/><T2/><D2/><U82/><E43/><V128/><F128/><W124/><G124/><T127/><D38/><U120/><E82/><N who="2" m="49207" /><F96/><W24/><G97/><T11/><D11/><N who="1" m="6207" /><E120/><V68/><F68/><N who="0" m="26218" /><D48/><U52/><E26/><V92/><F28/><W63/><G93/><T123/><D123/><U112/><E27/><V1/><F1/><W79/><G79/><T46/><D46/><U23/><E23/><V89/><F89/><W104/><G104/><T107/><D107/><U49/><E112/><V15/><F15/><W60/><G31/><T29/><D29/><U61/><E61/><AGARI ba="1,0" hai="57,61,66,125,127" m="26218,50793,45161" machi="61" ten="40,7700,0" yaku="20,1,34,2" doraHai="10" who="0" fromWho="1" sc="380,80,120,-80,250,0,250,0" /><INIT seed="0,2,0,4,2,6" ten="460,40,250,250" oya="0" hai0="61,112,58,117,51,39,82,30,73,135,132,102,100" hai1="57,110,59,95,78,104,14,21,128,74,44,70,107" hai2="91,103,49,123,31,55,43,76,15,37,1,98,131" hai3="127,88,25,113,134,94,9,46,56,29,17,50,41"/><T85/><D73/><U60/><E70/><V48/><F1/><W12/><G113/><T33/><D39/><U53/><E110/><V34/><F123/><W116/><G116/><T109/><D51/><U80/><E128/><V89/><F76/><W19/><G127/><T120/><D117/><U24/><E95/><V81/><F37/><W47/><G134/><N who="0" m="51243" /><D120/><U42/><E59/><V119/><F31/><W32/><G56/><T45/><D45/><U67/><E67/><V84/><F34/><W66/><G66/><N who="0" m="39223" /><D112/><U79/><E79/><V83/><F131/><W97/><G47/><T0/><D0/><U108/><E108/><V27/><F49/><W129/><G129/><T65/><D65/><U36/><REACH who="1" step="1"/><E14/><REACH who="1" ten="460,30,250,250" step="2"/><V124/><F15/><W72/><G72/><T7/><D109/><U106/><E106/><V10/><F119/><W38/><G38/><T64/><D64/><U130/><E130/><V40/><F124/><W69/><G69/><T26/><D7/><AGARI ba="2,1" hai="7,9,12,17,19,25,29,32,41,46,50,88,94,97" machi="7" ten="30,3900,0" yaku="7,1,52,1,54,1" doraHai="6" who="3" fromWho="0" sc="460,-45,30,0,250,0,250,55" /><INIT seed="1,0,0,5,0,85" ten="415,30,250,305" oya="1" hai0="117,21,122,106,41,3,72,120,84,44,14,109,27" hai1="78,135,4,103,45,119,88,73,38,90,59,104,34" hai2="67,52,12,24,107,89,91,83,55,110,32,23,64" hai3="5,58,43,79,47,31,97,99,0,36,113,22,56"/><U42/><E119/><V126/><F107/><W134/><G113/><T111/><D72/><U129/><E34/><V39/><F39/><W92/><G134/><T77/><D106/><U11/><E135/><V96/><F32/><W115/><G115/><T114/><D14/><U130/><E59/><V50/><F110/><N who="0" m="41994" /><D3/><N who="1" m="415" /><E103/><V8/><F126/><W68/><G68/><T102/><D102/><U100/><E100/><V20/><F83/><W121/><G79/><T65/><D65/><N who="2" m="25162" /><F96/><W26/><G99/><T123/><D114/><U7/><E7/><N who="2" m="3103" /><F55/><W53/><G53/><T6/><D6/><U82/><E104/><V125/><F125/><W66/><G66/><T49/><D117/><U71/><E71/><V69/><F69/><W74/><G74/><T94/><D77/><U105/><E105/><V19/><F20/><W112/><G112/><T62/><D62/><U16/><E16/><V80/><F80/><W116/><G116/><T37/><D84/><U10/><E10/><V87/><F87/><W30/><G30/><N who="0" m="17775" /><D94/><U46/><E46/><AGARI ba="0,0" hai="19,23,24,46,50,52,89,91" m="3103,25162" machi="46" ten="30,7700,0" yaku="8,1,52,2,54,1" doraHai="85" who="2" fromWho="1" sc="415,0,30,-77,250,77,305,0" owari="415,51.5,-47,-54.7,327,12.7,305,-9.5" /></mjloggm>