<mjloggm ver="2.3"><GO type="225" lobby="0"/><UN n0="%4B%2E%32%2E%4B%2E" n1="%E3%83%97%E3%83%AC%E3%83%B4%E3%82%A1%E3%83%86%E3%82%A3" n2="%E3%81%B5%E3%81%98%E3%81%8B%E3%81%A4" n3="%E3%81%A0%E3%81%8A" dan="16,16,16,16" rate="2164.13,2068.96,2097.85,2022.70" sx="M,F,M,M"/><TAIKYOKU oya="0"/><INIT seed="0,0,0,3,3,79" ten="250,250,250,250" oya="0" hai0="88,49,117,104,112,78,39,35,128,98,111,101,96" hai1="7,31,121,124,46,118,83,132,2,9,81,5,74" hai2="60,59,61,29,50,116,25,90,77,51,30,20,41" hai3="105,19,27,110,85,92,32,82,64,13,86,33,8"/><T122/><D39/><U108/><E121/><V95/><F116/><W130/><G105/><T97/><D35/><U42/><E118/><V131/><F131/><W24/><G130/><T23/><D117/><U63/><E108/><V103/><F77/><W1/><G1/><T71/><D128/><U10/><E124/><V45/><F103/><W84/><G110/><T58/><D111/><U120/><E120/><V109/><F109/><W12/><G64/><T65/><D122/><U133/><E31/><V0/><F0/><W87/><G92/><T69/><D112/><U47/><E74/><V89/><F89/><W17/><G32/><T62/><D78/><U40/><E63/><V94/><F94/><W3/><G3/><AGARI ba="0,0" hai="2,3,5,7,9,10,40,42,46,47,81,83,132,133" machi="3" ten="25,6400,0" yaku="22,2,52,2" doraHai="79" who="1" fromWho="3" sc="250,0,250,64,250,0,250,-64" /><INIT seed="1,0,0,0,3,3" ten="250,314,250,186" oya="1" hai0="54,122,100,71,79,42,64,97,103,107,81,16,58" hai1="23,112,34,93,56,2,92,108,29,28,49,77,19" hai2="30,101,38,47,70,14,98,87,20,50,88,53,4" hai3="21,105,124,89,84,110,41,83,51,62,129,68,59"/><U132/><E112/><V116/><F70/><W35/><G105/><N who="0" m="63631" /><D42/><U13/><E132/><V0/><F0/><W31/><G35/><T32/><D16/><U60/><E2/><V9/><F116/><W76/><G110/><T135/><D58/><U123/><E123/><V27/><F38/><W74/><G124/><T86/><D54/><U5/><E108/><V125/><F125/><W90/><G129/><T117/><D64/><N who="1" m="38919" /><E77/><V96/><F101/><W109/><G109/><T11/><D11/><N who="1" m="4335" /><E34/><V22/><F22/><W73/><G68/><T102/><D32/><U106/><E106/><V128/><F128/><W69/><G69/><T15/><D15/><N who="1" m="9727" /><E49/><V65/><F65/><W75/><G51/><T26/><D71/><U67/><E67/><V46/><F46/><W82/><G31/><AGARI ba="0,0" hai="28,29,31,92,93" m="9727,4335,38919" machi="31" ten="30,2900,0" yaku="8,1,52,1" doraHai="3" who="1" fromWho="3" sc="250,0,314,29,250,0,186,-29" /><INIT seed="1,1,0,5,1,126" ten="250,343,250,157" oya="1" hai0="80,134,71,20,9,107,58,86,62,60,17,85,130" hai1="105,36,127,88,42,133,76,49,117,100,118,43,111" hai2="57,101,94,47,6,124,18,28,22,59,79,13,109" hai3="2,56,90,1,123,34,7,65,29,30,132,106,125"/><U122/><E122/><V135/><F124/><W129/><G123/><T67/><D134/><U31/><E127/><V116/><F135/><W66/><G106/><T114/><D114/><U54/><E133/><V3/><F116/><W103/><G103/><T55/><D107/><U68/><E68/><V41/><F109/><W12/><G125/><T33/><D33/><U44/><E76/><V70/><F70/><W119/><G132/><T89/><D9/><U120/><E120/><V82/><F28/><W25/><G119/><T8/><D8/><U23/><E111/><V63/><F63/><W50/><G50/><T37/><D37/><U104/><E118/><V51/><F3/><W69/><G1/><T93/><D130/><U110/><E117/><V64/><F64/><W26/><G66/><T32/><D32/><U131/><E110/><V48/><F6/><W16/><G7/><T4/><D4/><U52/><E36/><V77/><F51/><W99/><G2/><T61/><D61/><U72/><E72/><V115/><F115/><W19/><G34/><T96/><REACH who="0" step="1"/><D80/><REACH who="0" ten="240,343,250,157" step="2"/><U46/><E105/><V128/><F128/><W38/><G129/><T113/><D113/><U24/><E131/><V15/><F82/><W92/><G38/><T45/><D45/><U87/><E104/><V0/><F0/><W121/><G69/><T53/><D53/><N who="1" m="20587" /><E44/><V84/><F47/><W35/><G65/><T91/><D91/><U27/><E43/><V81/><F41/><W5/><G90/><T40/><D40/><U83/><E100/><V78/><F101/><W102/><G102/><RYUUKYOKU ba="1,1" sc="240,15,343,15,250,-15,157,-15" hai0="17,20,55,58,60,62,67,71,85,86,89,93,96" hai1="23,24,27,31,42,46,49,83,87,88" /><INIT seed="1,2,1,2,0,43" ten="255,358,235,142" oya="1" hai0="95,26,127,51,88,124,22,118,133,98,128,130,8" hai1="94,62,132,73,30,90,20,91,24,33,52,35,34" hai2="27,46,125,75,104,12,106,28,16,0,47,68,29" hai3="109,87,82,71,2,115,85,66,108,1,123,86,50"/><U72/><E132/><V117/><F117/><W5/><G115/><T92/><D118/><U78/><E78/><V9/><F68/><W111/><G123/><T54/><D8/><U60/><E91/><V112/><F75/><W13/><G82/><T79/><D92/><U83/><E83/><V89/><F112/><W44/><G66/><T7/><D7/><U59/><REACH who="1" step="1"/><E60/><REACH who="1" ten="255,348,235,142" step="2"/><V31/><F89/><W41/><REACH who="3" step="1"/><G71/><REACH who="3" ten="255,348,235,132" step="2"/><T114/><D114/><U110/><E110/><V37/><F125/><W105/><G105/><T67/><D127/><U120/><E120/><V116/><F106/><W107/><G107/><T97/><D124/><U3/><E3/><V17/><F0/><W76/><G76/><T21/><D79/><U10/><E10/><AGARI ba="2,3" hai="1,2,5,10,13,41,44,50,85,86,87,108,109,111" machi="10" ten="50,12000,2" yaku="1,1,14,1,52,1,53,3" doraHai="43" doraHaiUra="121" who="3" fromWho="1" sc="255,0,348,-126,235,0,132,156" /><INIT seed="2,0,0,1,5,28" ten="255,222,235,288" oya="2" hai0="22,3,52,135,57,126,96,65,15,45,48,8,84" hai1="11,133,39,90,132,23,134,72,116,131,47,81,91" hai2="32,82,14,10,130,88,92,104,5,33,13,109,125" hai3="25,26,117,115,37,74,58,43,36,56,40,127,98"/><V16/><F104/><W113/><G74/><T27/><D126/><U75/><E116/><V73/><F125/><W49/><G127/><T67/><D3/><U77/><E131/><V99/><F130/><W78/><G98/><T101/><D84/><U1/><E72/><V97/><F97/><W38/><G38/><T31/><D45/><U35/><E23/><V122/><F122/><W83/><G83/><T51/><D51/><U41/><E35/><V29/><F29/><W112/><G112/><T53/><D53/><U71/><E71/><V108/><F82/><W17/><G49/><T121/><D135/><U7/><AGARI ba="0,0" hai="1,7,11,39,41,47,75,77,81,90,91,132,133,134" machi="7" ten="40,8000,1" yaku="0,1,25,2,20,1" doraHai="28" who="1" fromWho="1" sc="255,-20,222,80,235,-40,288,-20" /><INIT seed="3,0,0,5,2,58" ten="235,302,195,268" oya="3" hai0="131,130,116,6,96,2,68,36,102,14,93,114,54" hai1="49,22,90,48,107,118,34,82,60,115,124,62,106" hai2="84,77,79,78,108,4,43,85,111,100,44,88,87" hai3="42,72,64,65,99,30,13,66,41,38,39,51,46"/><W19/><G72/><T47/><D116/><U121/><E115/><V117/><F117/><W74/><G74/><T17/><D68/><U119/><E121/><V45/><F4/><W76/><G76/><T18/><D114/><U57/><E34/><V7/><F7/><W103/><G42/><N who="0" m="22983" /><D2/><U59/><E82/><N who="2" m="49271" /><F43/><W71/><G30/><T20/><D54/><U133/><E90/><V86/><F44/><W83/><G83/><T8/><D20/><U95/><E22/><V104/><F45/><W40/><G40/><T15/><D15/><U80/><E80/><V3/><F3/><W67/><N who="3" m="16384" /><DORA hai="32" /><W81/><G81/><T27/><D27/><U56/><E95/><V123/><F123/><W128/><G128/><AGARI ba="0,0" hai="6,8,14,17,18,93,96,102,128,130,131" m="22983" machi="128" ten="30,1000,0" yaku="19,1" doraHai="58,32" who="0" fromWho="3" sc="235,10,302,0,195,0,268,-10" owari="245,-15.5,302,40.2,195,-30.5,258,5.8" /></mjloggm>