<mjloggm ver="2.3"><GO type="225" lobby="0"/><UN n0="%E5%A4%9C%E3%81%AE%E3%82%AC%E3%82%B9%E3%83%91%E3%83%BC%E3%83%AB" n1="%79%75%72%69%6D%6F%67" n2="%E5%AD%90%E4%BE%9B%E4%BC%9A%E5%93%A1" n3="%E9%A2%A8%E7%B8%AB" dan="16,16,17,16" rate="2114.98,2130.15,2117.35,2136.71" sx="M,F,M,M"/><TAIKYOKU oya="0"/><INIT seed="0,0,0,2,5,21" ten="250,250,250,250" oya="0" hai0="116,52,9,89,133,120,85,50,75,114,121,70,102" hai1="48,12,40,101,83,14,110,130,61,98,32,115,46" hai2="11,78,68,30,17,29,41,34,31,81,84,106,35" hai3="69,79,118,16,19,36,51,22,88,112,124,71,13"/><T126/><D116/><U2/><E110/><V59/><F68/><W5/><G112/><T73/><D114/><U94/><E2/><V60/><F106/><W23/><G36/><T56/><D70/><U38/><E130/><V76/><F41/><W77/><G118/><T113/><D113/><U6/><E32/><V72/><F72/><W87/><G71/><T0/><D126/><U49/><E115/><V127/><F127/><W97/><G69/><T57/><D133/><U111/><E111/><V8/><F78/><N who="3" m="29707" /><G97/><T10/><D102/><U44/><E6/><V26/><F11/><N who="3" m="6207" /><G5/><T99/><D99/><U28/><E83/><V105/><F105/><W4/><G4/><T108/><D108/><U53/><E38/><V119/><F119/><W7/><G7/><T47/><D0/><U3/><E3/><V103/><F103/><W122/><G19/><T67/><D75/><U93/><E28/><V25/><F35/><W96/><G96/><T80/><D73/><U43/><E94/><V18/><F34/><W117/><G117/><T62/><D120/><U20/><E20/><N who="3" m="7722" /><G122/><T135/><D121/><U37/><E37/><V95/><F18/><W86/><G124/><T128/><D135/><U63/><E14/><N who="2" m="7367" /><F95/><W90/><G51/><N who="0" m="30751" /><D128/><U27/><E12/><V74/><F74/><W65/><G65/><AGARI ba="0,0" hai="25,26,29,30,31,59,60,65,76,81,84" m="7367" machi="65" ten="30,3900,0" yaku="8,1,52,2" doraHai="21" who="2" fromWho="3" sc="250,0,250,0,250,39,250,-39" /><INIT seed="1,0,0,0,1,103" ten="250,250,289,211" oya="1" hai0="65,75,37,93,36,69,129,118,135,53,63,97,7" hai1="127,81,67,101,88,99,134,62,25,96,39,113,121" hai2="4,120,55,17,10,60,108,59,119,130,48,78,98" hai3="109,107,61,76,83,91,3,45,132,70,41,73,14"/><U111/><E113/><V9/><F120/><W19/><G132/><T8/><D118/><U68/><E121/><V34/><F34/><W90/><G107/><T124/><D75/><U15/><E134/><V12/><F119/><W43/><G3/><T52/><D135/><U20/><E39/><V28/><F108/><W87/><G109/><T122/><D122/><U16/><E127/><V123/><F123/><W79/><G79/><T38/><D124/><U86/><E111/><V58/><F28/><W72/><G72/><T23/><D129/><U74/><E74/><V104/><F130/><W128/><G128/><T95/><D23/><U35/><E35/><V49/><F78/><W13/><G13/><T24/><D24/><U80/><E80/><V71/><F71/><W51/><G43/><T89/><REACH who="0" step="1"/><D95/><REACH who="0" ten="240,250,289,211" step="2"/><U106/><REACH who="1" step="1"/><E99/><REACH who="1" ten="240,240,289,211" step="2"/><V116/><F116/><W114/><G73/><T133/><D133/><U32/><E32/><V5/><F98/><W46/><G114/><T82/><D82/><U42/><E42/><V47/><F10/><W84/><G83/><T11/><D11/><U85/><E85/><V131/><F131/><W2/><G84/><T100/><D100/><U18/><E18/><V22/><F9/><N who="3" m="6607" /><G87/><T33/><D33/><U44/><E44/><V117/><F117/><W1/><G46/><T56/><D56/><U26/><AGARI ba="0,2" hai="15,16,20,25,26,62,67,68,81,86,88,96,101,106" machi="26" ten="30,12000,1" yaku="1,1,0,1,52,1,54,2,53,0" doraHai="103" doraHaiUra="31" who="1" fromWho="1" sc="240,-40,240,140,289,-40,211,-40" /><INIT seed="1,1,0,5,0,121" ten="200,380,249,171" oya="1" hai0="52,8,65,30,79,95,105,90,73,42,59,86,129" hai1="67,97,19,96,32,57,107,127,58,104,53,2,124" hai2="71,111,75,7,98,48,33,89,114,84,80,81,51" hai3="34,15,125,40,102,113,36,123,27,91,87,76,21"/><U64/><E32/><V60/><F111/><W109/><G123/><T94/><D105/><U133/><E2/><V12/><F33/><W92/><G113/><T101/><D129/><U1/><E1/><V29/><F29/><W135/><G135/><T43/><D65/><U99/><E19/><V28/><F28/><W128/><G125/><T13/><D30/><U24/><E24/><V118/><F118/><W9/><G34/><T49/><D79/><U16/><E16/><V68/><F98/><N who="3" m="59719" /><G36/><T88/><D73/><U14/><E14/><V82/><F114/><W26/><G109/><T106/><D101/><U20/><E20/><V44/><F51/><W3/><G3/><T63/><D63/><U55/><REACH who="1" step="1"/><E97/><REACH who="1" ten="200,370,249,171" step="2"/><V6/><F12/><W31/><G26/><T131/><D131/><U132/><AGARI ba="1,1" hai="53,55,57,58,64,67,96,99,104,107,124,127,132,133" machi="132" ten="25,12000,1" yaku="1,1,2,1,0,1,22,2,53,0" doraHai="121" doraHaiUra="110" who="1" fromWho="1" sc="200,-41,370,133,249,-41,171,-41" /><INIT seed="1,2,0,2,5,26" ten="159,503,208,130" oya="1" hai0="51,55,49,60,41,85,118,88,21,76,28,38,37" hai1="89,73,135,45,68,96,50,102,47,10,74,109,1" hai2="101,114,17,113,5,86,34,69,97,79,44,103,63" hai3="62,121,70,48,72,6,8,43,131,100,130,31,2"/><U116/><E96/><V75/><F75/><W14/><G72/><T99/><D118/><U119/><E89/><V20/><F34/><W87/><G100/><T95/><D41/><U4/><E50/><V22/><F5/><W107/><G107/><T24/><D38/><U108/><E102/><V54/><F103/><W33/><G87/><T58/><D37/><U0/><E10/><V11/><F11/><W15/><G121/><T71/><D71/><U80/><E4/><V77/><F22/><W65/><G48/><T132/><D132/><U84/><E84/><V12/><F86/><W40/><G40/><T133/><D133/><U67/><E67/><N who="2" m="41215" /><F54/><W83/><G83/><AGARI ba="2,0" hai="21,24,28,49,51,55,58,60,76,83,85,88,95,99" machi="83" ten="40,5200,0" yaku="8,1,52,1,54,1" doraHai="26" who="0" fromWho="3" sc="159,58,503,0,208,0,130,-58" /><INIT seed="2,0,0,1,0,19" ten="217,503,208,72" oya="2" hai0="67,77,64,5,35,25,92,50,114,68,33,9,100" hai1="74,91,113,110,119,30,24,89,42,47,3,80,78" hai2="109,65,7,103,129,116,18,106,39,124,130,82,126" hai3="111,112,57,16,97,20,17,1,0,31,54,53,38"/><V128/><F116/><W115/><G38/><T11/><D114/><N who="3" m="43561" /><G97/><T70/><D77/><U133/><E110/><V55/><F109/><W90/><G90/><T117/><D117/><U88/><E119/><V13/><F39/><W6/><G111/><T45/><D100/><U46/><E133/><V76/><F65/><W4/><G54/><T71/><D92/><U69/><E3/><N who="3" m="1098" /><G57/><T21/><D67/><U104/><E69/><V95/><F7/><N who="3" m="2603" /><G53/><T60/><D60/><U48/><E104/><V87/><F106/><W29/><G17/><T59/><D64/><U66/><E66/><V120/><F55/><W14/><AGARI ba="0,0" hai="14,16,20,29,31" m="2603,1098,43561" machi="14" ten="40,8000,1" yaku="11,1,34,2,52,1,54,1" doraHai="19" who="3" fromWho="3" sc="217,-20,503,-20,208,-40,72,80" /><INIT seed="3,0,0,0,1,51" ten="197,483,168,152" oya="3" hai0="19,130,81,58,78,47,115,50,91,119,69,100,111" hai1="71,122,116,43,32,99,105,13,113,7,54,39,108" hai2="134,89,37,107,120,73,86,128,109,24,61,15,98" hai3="41,29,62,132,55,33,31,38,135,8,63,56,74"/><W80/><G8/><T96/><D119/><U90/><E122/><V102/><F120/><W101/><G101/><T129/><D69/><U48/><E32/><V35/><F109/><W27/><G31/><T83/><D111/><U124/><E108/><V5/><F134/><N who="3" m="51243" /><G41/><T76/><D115/><U57/><E71/><V21/><F128/><N who="0" m="49258" /><D58/><U82/><E113/><V94/><F35/><W92/><G92/><N who="0" m="56351" /><D19/><U59/><E124/><V40/><F40/><W79/><G38/><T36/><D100/><U65/><E105/><V14/><F37/><W77/><G77/><N who="0" m="29803" /><D36/><U6/><E116/><V17/><F5/><W4/><G4/><T53/><AGARI ba="0,0" hai="47,50,53,81,83" m="29803,56351,49258" machi="53" ten="30,2000,0" yaku="19,1,52,1" doraHai="51" who="0" fromWho="0" sc="197,20,483,-5,168,-5,152,-10" owari="217,1.7,478,57.8,163,-23.7,142,-35.8" /></mjloggm>