<mjloggm ver="2.3"><GO type="225" lobby="0"/><UN n0="%E6%B8%A9%E2%98%85%E6%83%85%E2%98%85%E6%8E%AA%E2%98%85%E7%BD%AE" n1="%E3%81%99%E3%81%84%E3%81%BE%E3%81%9B%E3%83%BC%E3%82%93" n2="%E3%82%B7%E3%83%B3%E5%A4%AA%E6%9C%97" n3="%45%6C%79%73%69%75%6D" dan="17,17,16,17" rate="2255.37,2243.40,2170.42,2104.14" sx="M,M,M,F"/><TAIKYOKU oya="0"/><INIT seed="0,0,0,2,1,111" ten="250,250,250,250" oya="0" hai0="9,89,46,39,26,129,21,77,13,54,34,120,4" hai1="96,56,27,64,125,76,62,93,63,14,90,22,109" hai2="58,110,0,108,132,65,101,124,45,23,15,79,126" hai3="121,91,48,94,75,41,131,18,12,98,59,35,31"/><T116/><D116/><U53/><E109/><N who="2" m="42091" /><F0/><W8/><G75/><T128/><D120/><U1/><E1/><V25/><F101/><W49/><G121/><T80/><D34/><U44/><E125/><N who="2" m="48235" /><F79/><W37/><G131/><N who="0" m="50251" /><D89/><U29/><E76/><V43/><F15/><W55/><G37/><T74/><D54/><U50/><E14/><V30/><F132/><W11/><G35/><T97/><D97/><U24/><E24/><V28/><F58/><W61/><G31/><N who="0" m="17871" /><D39/><U20/><E29/><N who="2" m="17599" /><F65/><W19/><G12/><T113/><D46/><U57/><REACH who="1" step="1"/><E27/><REACH who="1" ten="250,240,250,250" step="2"/><V127/><F127/><W38/><G11/><T47/><D47/><U119/><E119/><V130/><F130/><W73/><G8/><T7/><D113/><U99/><E99/><V107/><F45/><W67/><G98/><T133/><D133/><U42/><AGARI ba="0,1" hai="20,22,42,44,50,53,56,57,62,63,64,90,93,96" machi="42" ten="20,5200,0" yaku="1,1,0,1,7,1,8,1,53,0" doraHai="111" doraHaiUra="5" who="1" fromWho="1" sc="250,-26,240,62,250,-13,250,-13" /><INIT seed="1,0,0,5,4,100" ten="224,302,237,237" oya="1" hai0="111,24,117,125,104,30,90,122,15,105,103,46,48" hai1="38,120,14,126,49,53,74,93,19,84,41,128,92" hai2="0,114,96,34,70,8,78,22,133,77,62,69,115" hai3="4,12,73,50,2,60,51,33,97,11,58,56,23"/><U47/><E120/><V67/><F133/><W57/><G73/><T26/><D117/><U102/><E74/><V10/><F34/><W29/><G60/><T123/><D103/><U94/><E126/><V116/><F116/><W113/><G113/><N who="2" m="43017" /><F70/><W75/><G75/><T130/><D125/><U64/><E128/><V36/><F36/><W109/><G109/><T54/><D111/><U17/><E64/><V82/><F0/><W127/><G127/><T119/><D119/><U20/><E19/><V88/><F22/><W121/><G121/><N who="0" m="46091" /><D130/><U134/><E134/><V35/><F35/><W99/><G33/><N who="0" m="20679" /><D26/><U31/><E31/><V3/><F3/><W68/><G68/><T55/><D90/><U13/><E14/><V25/><F25/><N who="3" m="16575" /><G2/><T87/><D87/><U112/><E112/><V61/><F61/><W95/><G99/><T37/><D37/><U40/><E38/><V45/><F45/><W27/><G27/><T83/><D83/><U81/><E102/><AGARI ba="0,0" hai="4,11,12,50,51,56,57,58,95,97,102" m="16575" machi="102" ten="30,1000,0" yaku="8,1" doraHai="100" who="3" fromWho="1" sc="224,0,302,-10,237,0,237,10" /><INIT seed="2,0,0,0,0,42" ten="224,292,237,247" oya="2" hai0="34,95,124,5,39,129,22,53,125,45,121,6,73" hai1="103,38,23,15,52,88,117,92,107,90,123,96,60" hai2="10,115,98,51,57,78,16,29,58,32,12,101,50" hai3="30,9,97,87,106,62,72,116,47,40,71,114,65"/><V69/><F69/><W25/><G116/><T130/><D34/><U56/><E117/><V108/><F115/><W18/><G114/><T11/><D73/><U27/><E38/><V55/><F108/><W86/><G72/><T77/><D77/><U94/><E123/><V66/><F78/><W99/><G18/><T3/><D121/><U26/><E107/><V54/><F66/><W105/><G9/><T21/><D6/><U102/><E15/><V59/><F32/><N who="3" m="20559" /><G99/><T126/><D95/><U104/><E104/><V75/><F75/><W68/><G68/><T84/><D84/><N who="1" m="52231" /><E27/><V89/><F89/><W43/><G43/><N who="0" m="22783" /><D53/><U28/><AGARI ba="0,0" hai="23,26,28,52,56,60,90,94,96,102,103" m="52231" machi="28" ten="30,4000,0" yaku="8,1,54,2" doraHai="42" who="1" fromWho="1" sc="224,-10,292,40,237,-20,247,-10" /><INIT seed="3,0,0,0,3,119" ten="214,332,217,237" oya="3" hai0="26,100,80,124,34,108,110,38,50,76,72,29,48" hai1="79,40,4,33,71,51,11,101,24,85,2,65,12" hai2="131,59,115,91,106,122,97,84,86,5,116,129,112" hai3="127,134,120,67,104,87,69,61,0,123,66,82,1"/><W41/><G67/><T64/><D124/><U78/><E101/><N who="2" m="62767" /><F5/><W22/><G127/><T105/><D38/><U23/><E65/><V63/><F116/><W16/><G104/><T125/><D125/><U57/><E71/><V73/><F73/><W88/><G41/><T9/><D64/><U39/><E39/><V121/><F59/><W103/><G103/><T21/><D9/><U6/><E6/><V13/><F13/><W7/><G134/><T74/><D74/><U14/><E33/><V47/><F63/><W43/><G43/><T83/><D83/><U36/><E36/><V3/><F47/><W70/><G70/><T98/><REACH who="0" step="1"/><D34/><REACH who="0" ten="204,332,217,237" step="2"/><U111/><E11/><V49/><F3/><W133/><G133/><T81/><D81/><U42/><E2/><V99/><F49/><AGARI ba="0,1" hai="21,26,29,48,49,50,72,76,80,98,100,105,108,110" machi="49" ten="40,1300,0" yaku="1,1,53,0" doraHai="119" doraHaiUra="15" who="0" fromWho="2" sc="204,23,332,0,217,-13,237,0" owari="227,-17.3,332,43.2,204,-29.6,237,3.7" /></mjloggm>