<mjloggm ver="2.3"><GO type="225" lobby="0"/><UN n0="%E3%83%B4%E3%83%A0%EF%BC%99%E3%81%A6" n1="%E7%82%8E%E3%83%8E%E6%9C%B1%E9%9B%80" n2="%E4%BF%BA%E3%81%A8%E5%A6%96%E5%A4%A2" n3="%4B%2E%32%2E%4B%2E" dan="16,16,17,16" rate="2110.65,2167.95,2200.86,2150.79" sx="M,M,F,M"/><TAIKYOKU oya="0"/><INIT seed="0,0,0,2,3,33" ten="250,250,250,250" oya="0" hai0="28,60,129,76,66,124,100,118,48,72,38,19,0" hai1="14,20,131,68,126,101,81,17,70,85,115,114,89" hai2="110,35,122,111,120,13,130,1,12,46,84,83,86" hai3="123,22,77,67,78,135,57,121,127,11,132,96,44"/><T45/><D118/><U92/><E131/><V104/><F35/><W64/><G96/><T93/><D129/><U73/><E126/><V62/><F130/><W23/><G44/><T82/><D124/><U99/><REACH who="1" step="1"/><E73/><REACH who="1" ten="250,240,250,250" step="2"/><V55/><F120/><W41/><G127/><T52/><D100/><U5/><E5/><V6/><F122/><W4/><G4/><T47/><D72/><U105/><E105/><V63/><F104/><W21/><G123/><T94/><D38/><U7/><E7/><V15/><F111/><W90/><G121/><T16/><D93/><U34/><E34/><V103/><F110/><W42/><G132/><T29/><D94/><U108/><E108/><V117/><F117/><W91/><G135/><T51/><D82/><U61/><E61/><V53/><F83/><W128/><G128/><T106/><D106/><U43/><E43/><V119/><F119/><W36/><G36/><T25/><D60/><U116/><E116/><V87/><F6/><W80/><G80/><T102/><D102/><U8/><E8/><V71/><F103/><W65/><G11/><T59/><D66/><U74/><E74/><V27/><F63/><W58/><G67/><T107/><D107/><U40/><E40/><V31/><F62/><W54/><G23/><T109/><D109/><U26/><E26/><V88/><F27/><W125/><G125/><T32/><D25/><U69/><AGARI ba="0,1" hai="14,17,20,68,69,70,81,85,89,92,99,101,114,115" machi="69" ten="40,2700,0" yaku="1,1,0,1,53,0" doraHai="33" doraHaiUra="133" who="1" fromWho="1" sc="250,-13,240,37,250,-7,250,-7" /><INIT seed="1,0,0,1,0,76" ten="237,277,243,243" oya="1" hai0="11,48,112,1,53,34,50,35,18,63,3,4,91" hai1="6,129,133,116,5,95,135,77,58,106,102,99,105" hai2="66,31,97,46,88,96,43,24,39,69,125,92,79" hai3="118,74,107,27,78,42,13,38,71,65,83,55,17"/><U41/><E116/><V87/><F125/><W98/><G118/><T56/><D112/><U89/><E41/><V94/><F66/><W8/><G55/><T57/><D1/><U120/><E120/><V132/><F69/><W45/><G27/><T104/><D104/><U131/><E58/><V126/><F126/><W103/><REACH who="3" step="1"/><G65/><REACH who="3" ten="237,277,243,233" step="2"/><T121/><D53/><U9/><E131/><V110/><F132/><W85/><G85/><T108/><D121/><U36/><E129/><V20/><F110/><W86/><G86/><T124/><D108/><U130/><E130/><V33/><F79/><W2/><G2/><T81/><D3/><U73/><E77/><V60/><F87/><W23/><G23/><T72/><D124/><U119/><E119/><V10/><F20/><W37/><G37/><T62/><D34/><U49/><E36/><V40/><F43/><W30/><G30/><T75/><D35/><U47/><E135/><V22/><F33/><W134/><G134/><T123/><D123/><U101/><E133/><V32/><F32/><W0/><G0/><T64/><D64/><U25/><E25/><V28/><F28/><W14/><G14/><T51/><D72/><U52/><E73/><V115/><F115/><W100/><G100/><N who="1" m="38506" /><E9/><V12/><F10/><W59/><G59/><T21/><D75/><U70/><E70/><AGARI ba="0,1" hai="8,13,17,38,42,45,70,71,74,78,83,98,103,107" machi="70" ten="40,2600,0" yaku="1,1,52,1,53,0" doraHai="76" doraHaiUra="19" who="3" fromWho="1" sc="237,0,277,-26,243,0,233,36" /><INIT seed="2,0,0,4,5,121" ten="237,251,243,269" oya="2" hai0="39,22,43,9,72,70,63,53,10,46,11,31,34" hai1="15,110,120,21,68,59,28,7,6,104,77,36,52" hai2="25,54,106,78,89,98,127,64,42,111,95,18,103" hai3="71,56,99,105,23,118,81,35,75,129,37,50,135"/><V114/><F114/><W69/><G118/><T2/><D72/><U123/><E68/><V26/><F127/><W128/><G35/><T49/><D34/><U17/><E104/><V40/><F64/><W57/><G37/><T126/><D126/><U100/><E100/><V4/><F4/><W133/><G105/><T48/><D2/><U122/><E36/><V29/><F78/><N who="3" m="44255" /><G99/><T8/><N who="0" m="2048" /><DORA hai="60" /><T84/><D84/><U74/><E28/><V30/><F54/><N who="3" m="31831" /><G23/><T91/><D91/><U5/><E77/><V66/><F66/><W13/><G57/><T61/><D70/><N who="3" m="26633" /><G13/><T79/><D79/><U45/><E74/><V62/><F62/><W134/><AGARI ba="0,0" hai="128,129,133,134,135" m="26633,31831,44255" machi="134" ten="40,1500,0" yaku="20,1" doraHai="121,60" who="3" fromWho="3" sc="237,-4,251,-4,243,-7,269,15" /><INIT seed="3,0,0,2,1,30" ten="233,247,236,284" oya="3" hai0="122,62,18,81,117,106,116,65,99,23,26,20,76" hai1="16,19,52,24,35,39,44,53,134,111,118,83,107" hai2="133,60,135,104,109,1,84,33,17,91,14,105,87" hai3="8,13,88,73,78,63,48,75,67,114,9,95,115"/><W68/><G9/><T108/><D108/><U70/><E107/><N who="2" m="41035" /><F1/><W82/><G48/><T56/><D122/><U124/><E70/><V69/><F109/><W126/><G126/><T15/><D106/><U43/><E111/><V59/><F69/><W57/><G75/><T47/><D99/><U103/><E124/><V38/><F38/><W22/><G22/><T85/><REACH who="0" step="1"/><D47/><REACH who="0" ten="223,247,236,284" step="2"/><U100/><E44/><V98/><F98/><W89/><G114/><T49/><D49/><U102/><E39/><V7/><F60/><W51/><G115/><T86/><D86/><U71/><E118/><V34/><F84/><W66/><G51/><T74/><D74/><U6/><E134/><N who="2" m="51211" /><F59/><W132/><G132/><T130/><D130/><U93/><E71/><V37/><F37/><W25/><G57/><T42/><D42/><U29/><E43/><V96/><F96/><W21/><G68/><T72/><D72/><U92/><E102/><V58/><F58/><W2/><G63/><T80/><D80/><U61/><E83/><N who="2" m="49663" /><F7/><W128/><G128/><T110/><D110/><U113/><E6/><V94/><F94/><W127/><G95/><N who="1" m="36426" /><E113/><V79/><F79/><W36/><G36/><T129/><D129/><U3/><E61/><V121/><F121/><W27/><G73/><T54/><D54/><U5/><E100/><V10/><AGARI ba="0,1" hai="10,14,17,33,34" m="49663,51211,41035" machi="10" ten="30,4000,0" yaku="20,1,52,2" doraHai="30" who="2" fromWho="2" sc="223,-10,247,-10,236,50,284,-20" /><INIT seed="4,0,0,2,0,87" ten="213,237,286,264" oya="0" hai0="57,40,68,32,1,0,89,48,13,36,11,66,116" hai1="51,112,4,118,45,107,98,120,82,70,44,58,81" hai2="88,125,111,78,104,115,14,123,16,72,76,29,5" hai3="110,77,7,128,46,94,8,106,24,109,34,75,60"/><T80/><D116/><U17/><E118/><V122/><F111/><W23/><G34/><T59/><D32/><U62/><E120/><V131/><F104/><W101/><G106/><T97/><D36/><U2/><E112/><V55/><F5/><W92/><G128/><T83/><D68/><U108/><E108/><V12/><F115/><W114/><G114/><T103/><D0/><U50/><E70/><V10/><F29/><W28/><G60/><N who="0" m="38159" /><D1/><U6/><E17/><V56/><F131/><W99/><G46/><N who="1" m="18026" /><E107/><V22/><F125/><W15/><G75/><T73/><D73/><U74/><E98/><V124/><F124/><W64/><G64/><T65/><D40/><U33/><E33/><V20/><F20/><W47/><G47/><T117/><D117/><U53/><E74/><V27/><F123/><W119/><G119/><T79/><D103/><U26/><E26/><V96/><F72/><W39/><G39/><T102/><D102/><U21/><E21/><V54/><F12/><W134/><G101/><T84/><D65/><U42/><E2/><V69/><F69/><W86/><G109/><T113/><D113/><U135/><E42/><V41/><F41/><W71/><G71/><T31/><D31/><U85/><E62/><N who="2" m="36119" /><F55/><W19/><G110/><T30/><D30/><U95/><E50/><V61/><F61/><W35/><G35/><T38/><D38/><U52/><E53/><V126/><F126/><W121/><G28/><T49/><D59/><U63/><E58/><V133/><F122/><W127/><G127/><T105/><D105/><U91/><E63/><RYUUKYOKU ba="0,0" sc="213,0,237,0,286,0,264,0" /><INIT seed="5,1,0,0,4,100" ten="213,237,286,264" oya="1" hai0="110,68,114,74,36,82,38,134,8,37,84,4,75" hai1="55,109,77,42,6,28,34,127,35,119,22,20,24" hai2="112,105,101,104,11,124,130,99,90,113,135,60,102" hai3="126,108,58,132,14,16,125,54,50,118,2,93,63"/><U5/><E119/><V62/><F135/><W13/><G2/><N who="0" m="23" /><D84/><U39/><E109/><V56/><F130/><W7/><G108/><T133/><D110/><U30/><E55/><V53/><F124/><W123/><G118/><T51/><D51/><U81/><E127/><V9/><F90/><W122/><G132/><N who="0" m="50795" /><D114/><N who="2" m="44138" /><F62/><W129/><G50/><T32/><D32/><U106/><E106/><V91/><F91/><W95/><G129/><T15/><D15/><U1/><E42/><V23/><F23/><N who="1" m="8745" /><E39/><N who="0" m="9985" /><T88/><DORA hai="76" /><D68/><U67/><E67/><V21/><F21/><W49/><G49/><T117/><D117/><U89/><E34/><V86/><F86/><W98/><G14/><T29/><D29/><N who="1" m="11371" /><E35/><V92/><F92/><W41/><G13/><T3/><D3/><U31/><E1/><V17/><F17/><W26/><G41/><T121/><D121/><U43/><E43/><V59/><F59/><W78/><G123/><T97/><D82/><U79/><E31/><V131/><F131/><W10/><G122/><T46/><D46/><U61/><E61/><V44/><F44/><W85/><G125/><T72/><D72/><U83/><E24/><V25/><F25/><W52/><G126/><T65/><D65/><U33/><E33/><V73/><F73/><W64/><G64/><T120/><D120/><U71/><E71/><V69/><F69/><W12/><G26/><T47/><D47/><U0/><E0/><V103/><F105/><W87/><G12/><T19/><D19/><U80/><E89/><V128/><F128/><W18/><G18/><T57/><D57/><RYUUKYOKU ba="1,0" sc="213,10,237,10,286,10,264,-30" hai0="74,75,88,97" hai1="5,6,77,79,80,81,83" hai2="9,11,53,56,60,99,101,102,103,104" /><INIT seed="5,2,0,0,1,86" ten="223,247,296,234" oya="1" hai0="40,88,54,105,82,103,70,27,21,114,2,48,13" hai1="22,39,3,93,127,61,31,101,64,96,130,52,129" hai2="45,75,5,11,62,16,134,72,135,60,44,122,57" hai3="91,107,89,113,115,102,55,50,90,0,66,117,47"/><U32/><E3/><V26/><F122/><W23/><G0/><T74/><D2/><U10/><E39/><V29/><F5/><W73/><G73/><T124/><D70/><U116/><E116/><V65/><F60/><W119/><G23/><T25/><D74/><U95/><E32/><V78/><F16/><W33/><G33/><T68/><D68/><U51/><E10/><V111/><F11/><W59/><G102/><T9/><D40/><U71/><E95/><V41/><F111/><W97/><G97/><T43/><D43/><U94/><E93/><V37/><F44/><W6/><G6/><N who="0" m="3255" /><D105/><U120/><E120/><V46/><F46/><W112/><G107/><T84/><D124/><U92/><E92/><V83/><F72/><W1/><G1/><T121/><D121/><U15/><E127/><V18/><F18/><W19/><G19/><N who="0" m="12479" /><D27/><U56/><REACH who="1" step="1"/><E15/><REACH who="1" ten="223,237,296,234" step="2"/><V36/><F37/><W69/><G69/><T109/><D109/><U30/><E30/><V79/><F29/><W104/><G104/><T99/><D114/><U35/><E35/><V49/><F36/><W128/><G128/><T58/><D99/><U77/><E77/><V100/><F78/><W17/><G117/><T126/><D126/><U87/><E87/><V123/><F123/><W12/><G119/><T34/><D34/><U8/><E8/><V76/><F79/><W110/><G110/><T131/><D131/><U28/><E28/><V133/><F75/><W118/><G118/><T81/><D82/><U108/><E108/><V85/><F83/><W106/><G106/><T98/><D98/><RYUUKYOKU ba="2,1" sc="223,15,237,15,296,-15,234,-15" hai0="48,54,58,81,84,88,103" hai1="22,31,51,52,56,61,64,71,94,96,101,129,130" /><INIT seed="5,3,1,0,2,19" ten="238,252,281,219" oya="1" hai0="61,67,59,125,64,36,46,56,5,52,103,102,87" hai1="134,108,48,20,50,89,131,11,127,76,105,91,73" hai2="80,82,85,112,49,24,23,114,12,93,95,38,1" hai3="66,92,39,65,79,37,62,26,15,119,101,57,109"/><U43/><E105/><V32/><F38/><W120/><G109/><T69/><D125/><U117/><E117/><V121/><F1/><W13/><G120/><T58/><D5/><U111/><E127/><V63/><F121/><W135/><G119/><T0/><D0/><U45/><E11/><V104/><F104/><W31/><G135/><T6/><D6/><U130/><E134/><V113/><F49/><W129/><G129/><N who="1" m="49162" /><E50/><V10/><F32/><W123/><G123/><T21/><D64/><U9/><E9/><V78/><F80/><W126/><G126/><T90/><D36/><U30/><E76/><V8/><F63/><W118/><G79/><T29/><D46/><U22/><E73/><V4/><F8/><W7/><G66/><T33/><D52/><U77/><E77/><V54/><F54/><W83/><G83/><T98/><D33/><U51/><E51/><V75/><F75/><W53/><G53/><T72/><D72/><U40/><E40/><V81/><F82/><W107/><G107/><T47/><D47/><U27/><E20/><V14/><F14/><N who="3" m="5131" /><G7/><T133/><D133/><U132/><E132/><V71/><F71/><W115/><G118/><T44/><D44/><U122/><E122/><V70/><F70/><W96/><G115/><T116/><D116/><U41/><E41/><V35/><F35/><N who="3" m="20983" /><G37/><T128/><D128/><U28/><E28/><AGARI ba="3,1" hai="4,10,12,23,24,28,78,81,85,93,95,112,113,114" machi="28" ten="40,5200,0" yaku="15,1,11,1,52,1" doraHai="19" who="2" fromWho="1" sc="238,0,252,-61,281,71,219,0" owari="238,3.8,191,-30.9,352,45.2,219,-18.1" /></mjloggm>