<mjloggm ver="2.3"><GO type="225" lobby="0"/><UN n0="%72%69%6F%75%63%68%61%6E" n1="%E3%81%AA%E3%82%81%E3%81%93%E9%9B%80%E5%A3%AB" n2="%E6%81%A5%E6%99%92%E3%81%97" n3="%E3%83%94%E3%83%B3%E3%82%B5%E3%83%AD%E5%BA%97%E5%93%A1" dan="16,16,16,17" rate="2174.42,2013.07,2109.52,2180.53" sx="M,M,M,M"/><TAIKYOKU oya="0"/><INIT seed="0,0,0,3,5,63" ten="250,250,250,250" oya="0" hai0="17,121,89,71,75,28,39,22,66,131,21,37,130" hai1="111,2,10,106,86,122,124,109,42,102,92,57,48" hai2="0,129,112,120,94,70,133,46,123,114,98,26,68" hai3="83,16,47,6,13,69,118,11,91,105,110,73,15"/><T31/><D121/><N who="2" m="46666" /><F0/><W36/><G118/><T127/><D127/><U79/><E124/><V24/><F46/><W25/><G105/><T108/><D108/><N who="1" m="41547" /><E122/><V103/><F94/><W76/><G110/><T93/><D75/><U43/><E106/><V107/><F129/><N who="0" m="49162" /><D28/><U40/><E102/><V45/><F133/><W54/><G69/><N who="2" m="26729" /><F45/><W104/><G104/><T27/><D71/><U65/><E10/><V35/><F26/><W12/><G91/><T55/><D55/><N who="1" m="31975" /><E2/><V32/><F24/><W30/><G16/><N who="0" m="12711" /><D66/><U100/><E100/><V61/><F61/><W8/><G8/><T9/><D31/><U115/><E115/><AGARI ba="0,0" hai="32,35,98,103,107,112,114,115" m="26729,46666" machi="115" ten="40,1300,0" yaku="23,1" doraHai="63" who="2" fromWho="1" sc="250,0,250,-13,250,13,250,0" /><INIT seed="1,0,0,5,5,111" ten="250,237,263,250" oya="1" hai0="91,51,45,74,1,73,30,25,114,33,4,132,36" hai1="115,0,119,23,17,12,32,15,76,18,87,130,3" hai2="128,86,79,57,116,46,88,129,40,9,64,85,90" hai3="97,11,78,38,100,107,28,48,122,70,75,65,123"/><U24/><E119/><V102/><F116/><W134/><G38/><T98/><D132/><U2/><E76/><V118/><F118/><W121/><G134/><T13/><D114/><U14/><E115/><V62/><F102/><W101/><G101/><T104/><D13/><N who="1" m="9647" /><E87/><N who="2" m="33291" /><F79/><W67/><G28/><T96/><D91/><U109/><E109/><V59/><F59/><W31/><G31/><T131/><D131/><N who="2" m="50250" /><F9/><W49/><G11/><N who="0" m="2447" /><D51/><AGARI ba="0,0" hai="40,46,51,57,62,64,88,90" m="50250,33291" machi="51" ten="30,2000,0" yaku="19,1,54,1" doraHai="111" who="2" fromWho="0" sc="250,-20,237,0,263,20,250,0" /><INIT seed="2,0,0,5,1,99" ten="230,237,283,250" oya="2" hai0="104,56,38,35,112,79,66,2,89,57,25,84,29" hai1="80,13,31,83,116,24,63,54,36,68,8,132,61" hai2="129,92,17,107,62,37,123,14,9,22,95,75,100" hai3="0,59,122,51,34,85,121,60,114,27,135,15,72"/><V4/><F123/><W65/><G72/><T119/><D112/><U125/><E36/><V88/><F129/><W45/><G0/><T26/><D119/><U39/><E39/><V76/><F37/><W96/><G114/><T32/><D2/><U53/><E116/><V124/><F124/><W52/><G135/><T42/><D104/><U1/><E1/><V46/><F107/><W49/><G96/><T43/><D79/><U23/><E125/><V3/><F62/><N who="1" m="23561" /><E68/><V118/><F118/><W91/><G15/><T108/><D108/><U102/><E102/><V101/><F46/><W47/><G27/><T130/><D130/><U5/><E132/><V33/><F95/><W117/><G34/><T77/><D77/><U28/><E31/><V110/><F110/><W106/><G106/><T111/><D111/><U20/><E20/><V133/><F133/><W97/><G97/><T87/><D38/><U78/><E78/><V82/><F33/><N who="0" m="12874" /><D66/><U19/><E28/><V126/><F126/><W98/><G98/><AGARI ba="0,0" hai="3,4,9,14,17,22,75,76,82,88,92,98,100,101" machi="98" ten="30,11600,0" yaku="7,1,52,2,54,1" doraHai="99" who="2" fromWho="3" sc="230,0,237,0,283,116,250,-116" /><INIT seed="2,1,0,1,0,3" ten="230,237,399,134" oya="2" hai0="108,70,36,67,86,45,5,134,56,57,77,123,124" hai1="66,41,102,61,97,81,85,43,130,122,10,4,120" hai2="53,131,127,94,55,107,87,19,80,15,95,125,105" hai3="116,11,90,37,44,48,59,128,121,109,51,65,26"/><V47/><F131/><W75/><G116/><T35/><D123/><N who="1" m="47147" /><E130/><V38/><F38/><W98/><G121/><T17/><D35/><U16/><E16/><V52/><F47/><W111/><G75/><T49/><D36/><U9/><E9/><V28/><F28/><W13/><G128/><T1/><D17/><U24/><E24/><V74/><F74/><W68/><G26/><T96/><D70/><N who="1" m="42319" /><E85/><V21/><F95/><N who="3" m="56695" /><G68/><T106/><D67/><U115/><E81/><V54/><F94/><W93/><G93/><T60/><D106/><N who="1" m="63823" /><E115/><V29/><F29/><W23/><G23/><T50/><D86/><U6/><E6/><V118/><F118/><W42/><G59/><T135/><D56/><U119/><E119/><V46/><F105/><W126/><G65/><T62/><D57/><U83/><E83/><V103/><F107/><W79/><G79/><T63/><D77/><U8/><E8/><V84/><F80/><W22/><G22/><T2/><D5/><U40/><E40/><V113/><F103/><W31/><G31/><T12/><D96/><U117/><E117/><V33/><F113/><W114/><G114/><T88/><D88/><U101/><E101/><V32/><F33/><W25/><G25/><T34/><D34/><U69/><E69/><V30/><F32/><W27/><G27/><T18/><D18/><U76/><E76/><V132/><F30/><W92/><G92/><T100/><D100/><U72/><E72/><V58/><F19/><N who="3" m="8639" /><G126/><T112/><D124/><U82/><E82/><V71/><F125/><W129/><G129/><T104/><D112/><RYUUKYOKU ba="1,0" sc="230,-15,237,15,399,-15,134,15" hai1="4,10,41,43" hai3="37,42,44,48,51,109,111" /><INIT seed="3,2,0,1,3,116" ten="215,252,384,149" oya="3" hai0="12,50,46,101,19,133,88,131,98,14,18,118,40" hai1="97,38,36,80,47,23,21,78,17,103,65,111,63" hai2="53,27,10,26,7,44,39,6,15,49,22,31,35" hai3="28,60,110,83,43,45,3,58,76,67,8,71,72"/><W42/><G110/><T128/><D118/><U108/><E47/><V120/><F120/><W61/><G28/><T127/><D127/><U64/><E23/><V134/><F134/><W51/><G43/><T11/><D133/><U68/><E64/><V104/><F104/><W115/><G115/><T66/><D66/><U70/><E70/><V122/><F122/><W13/><G3/><T55/><D88/><U84/><E108/><V59/><F39/><W24/><G24/><T73/><D73/><U1/><E1/><V107/><F107/><W124/><G124/><T20/><REACH who="0" step="1"/><D40/><REACH who="0" ten="205,252,384,149" step="2"/><U32/><E111/><V94/><F35/><W16/><REACH who="3" step="1"/><G61/><REACH who="3" ten="205,252,384,139" step="2"/><T56/><D56/><AGARI ba="2,2" hai="8,13,16,42,45,51,56,58,60,67,71,72,76,83" machi="56" ten="40,7700,0" yaku="1,1,2,1,54,1,53,0" doraHai="116" doraHaiUra="69" who="3" fromWho="0" sc="205,-83,252,0,384,0,139,103" /><INIT seed="3,3,0,4,4,117" ten="122,252,384,242" oya="3" hai0="40,77,48,43,114,1,130,115,65,126,42,66,21" hai1="16,111,34,61,83,119,103,127,30,45,80,63,95" hai2="112,78,64,28,57,7,81,92,96,11,88,15,4" hai3="47,24,86,99,74,97,54,106,0,70,120,131,22"/><W10/><G74/><T53/><D1/><U118/><E111/><V108/><F108/><W52/><G70/><T19/><D77/><U84/><E127/><V31/><F112/><N who="0" m="43050" /><D21/><U5/><E5/><V85/><F4/><W90/><G120/><T89/><D89/><U41/><E16/><V18/><F18/><W44/><G131/><T35/><D35/><U71/><E71/><V56/><F64/><N who="0" m="24682" /><D19/><U75/><E75/><V79/><F79/><W3/><G106/><T46/><D126/><U113/><E113/><V50/><F50/><W25/><G90/><T129/><D53/><U121/><E30/><AGARI ba="3,0" hai="7,11,15,28,30,31,56,57,78,81,85,88,92,96" machi="30" ten="40,2600,0" yaku="8,1,54,1" doraHai="117" who="2" fromWho="1" sc="122,0,252,-35,384,35,242,0" owari="122,-37.8,217,-18.3,419,51.9,242,4.2" /></mjloggm>