<mjloggm ver="2.3"><GO type="225" lobby="0"/><UN n0="%E6%A1%9C%E8%8A%B1%E9%96%83%E3%80%85" n1="%72%61%6B%33" n2="%31%38%63%6D%E7%AB%8B%E7%9B%B4%E6%A3%92" n3="%4B%2E%32%2E%4B%2E" dan="17,18,16,16" rate="2133.88,2209.81,2097.47,2128.39" sx="M,M,M,M"/><TAIKYOKU oya="0"/><INIT seed="0,0,0,0,4,46" ten="250,250,250,250" oya="0" hai0="85,10,87,53,125,1,113,102,66,28,14,80,103" hai1="7,30,120,122,76,2,83,117,33,54,6,112,32" hai2="37,124,26,115,96,79,75,0,116,11,93,129,63" hai3="56,12,18,58,55,35,118,24,40,60,29,68,31"/><T104/><D113/><U132/><E112/><V62/><F115/><W69/><G118/><T59/><D1/><U39/><E117/><V135/><F116/><W16/><G40/><T15/><D125/><U100/><E132/><V109/><F109/><W110/><G110/><T70/><D70/><U65/><E100/><N who="0" m="38441" /><D104/><U101/><E101/><V89/><F37/><W20/><G31/><T74/><D74/><U19/><BYE who="2" /><E65/><V126/><F126/><W128/><G128/><T5/><D66/><U64/><E64/><V8/><F8/><W108/><G108/><T127/><D127/><U38/><E19/><V43/><F43/><W77/><G77/><T88/><D28/><U3/><E76/><V57/><F57/><W94/><G94/><N who="0" m="54543" /><D10/><U71/><E30/><V106/><F106/><W49/><REACH who="3" step="1"/><G18/><REACH who="3" ten="250,250,250,240" step="2"/><UN n2="%31%38%63%6D%E7%AB%8B%E7%9B%B4%E6%A3%92" /><T23/><D5/><U41/><E6/><V111/><F129/><W90/><G90/><N who="0" m="51559" /><D23/><U67/><E7/><V107/><F124/><W95/><G95/><T34/><D34/><U51/><E32/><V17/><F107/><W13/><G13/><T72/><D72/><U98/><E33/><V36/><F75/><W52/><AGARI ba="0,1" hai="12,16,20,24,29,35,49,52,55,56,58,60,68,69" machi="52" ten="20,12000,2" yaku="1,1,0,1,7,1,52,1,54,2,53,0" doraHai="46" doraHaiUra="133" who="3" fromWho="3" sc="250,-60,250,-30,250,-30,240,130" /><INIT seed="1,0,0,3,0,10" ten="190,220,220,370" oya="1" hai0="76,100,13,39,28,45,6,82,110,4,92,66,111" hai1="38,67,126,29,59,107,78,119,83,86,2,47,135" hai2="96,16,34,69,56,44,8,41,73,132,97,68,3" hai3="102,31,120,128,70,123,37,95,118,49,106,46,15"/><U23/><E119/><V101/><F132/><W1/><G1/><T21/><D66/><U72/><E135/><V40/><F73/><W35/><G106/><T53/><D100/><U63/><E126/><V131/><F34/><W115/><G37/><T121/><D92/><U65/><E107/><V122/><F122/><W116/><G70/><T25/><D121/><U11/><E67/><V98/><F3/><W58/><G115/><T20/><D53/><U90/><E29/><V51/><F101/><W91/><G102/><T22/><D45/><U103/><E23/><N who="0" m="8777" /><D39/><U89/><E86/><V94/><F94/><W88/><BYE who="2" /><G128/><T60/><D60/><U79/><E79/><V133/><F133/><W130/><G58/><T124/><D124/><U57/><E57/><UN n2="%31%38%63%6D%E7%AB%8B%E7%9B%B4%E6%A3%92" /><V108/><F108/><N who="0" m="41514" /><D82/><U112/><E112/><V113/><F113/><W81/><G81/><T75/><D76/><U71/><E71/><V104/><F104/><W85/><G130/><T5/><D75/><U77/><E77/><V64/><F40/><N who="3" m="24775" /><G91/><T62/><D62/><U12/><E103/><V43/><F43/><W109/><G109/><T93/><D93/><U18/><REACH who="1" step="1"/><E2/><REACH who="1" ten="190,210,220,370" step="2"/><V17/><F131/><W33/><G31/><T125/><D125/><U30/><E30/><V26/><F56/><W9/><G120/><T99/><D99/><U129/><E129/><V84/><F64/><W74/><G123/><T105/><D105/><U117/><E117/><N who="3" m="45162" /><G74/><T61/><D61/><U48/><E48/><V27/><F84/><W114/><G114/><T24/><D28/><U55/><E55/><N who="2" m="30183" /><F69/><W50/><G50/><RYUUKYOKU ba="0,1" sc="190,10,210,10,220,-30,370,10" hai0="4,5,6,13,22,24,25" hai1="11,12,18,38,47,59,63,65,72,78,83,89,90" hai3="9,15,33,35,85,88,95" /><INIT seed="1,1,1,5,3,75" ten="200,220,190,380" oya="1" hai0="129,5,88,125,3,60,134,52,77,49,73,46,106" hai1="85,13,29,33,128,118,101,69,119,123,54,26,84" hai2="96,87,74,117,102,32,90,72,68,63,76,31,28" hai3="132,130,61,1,12,110,42,27,70,66,9,89,99"/><U80/><E123/><V11/><F117/><W91/><G1/><T17/><D125/><U93/><E128/><V86/><F11/><W37/><G130/><T64/><D129/><U67/><E54/><V114/><F114/><W107/><G110/><T62/><D134/><U131/><E131/><V83/><F28/><W122/><G122/><T65/><D106/><U23/><E85/><V127/><F127/><W8/><G132/><T16/><D3/><U14/><E93/><V71/><F71/><W57/><G27/><T50/><D5/><U41/><E101/><V124/><F124/><W55/><G107/><T92/><D50/><U105/><E41/><V51/><F51/><N who="3" m="30975" /><G99/><N who="0" m="57735" /><D77/><U108/><E105/><V112/><F32/><W24/><G24/><T45/><D45/><U59/><E108/><V133/><F31/><W111/><G111/><T94/><D94/><U95/><E95/><N who="2" m="58655" /><F133/><W15/><G91/><T100/><D100/><U38/><E69/><V79/><F68/><W35/><G89/><T20/><D73/><N who="2" m="28266" /><F63/><N who="0" m="24106" /><D17/><U2/><E2/><V48/><F48/><W97/><G97/><T4/><D4/><U56/><E119/><V103/><F112/><W116/><G35/><T44/><D46/><U6/><E118/><V104/><F87/><W10/><G116/><T58/><D44/><AGARI ba="1,1" hai="8,9,10,12,15,37,42,44,61,66,70" m="30975" machi="44" ten="30,1000,0" yaku="24,1" doraHai="75" who="3" fromWho="0" sc="200,-13,220,0,190,0,380,23" /><INIT seed="2,0,0,1,1,89" ten="187,220,190,403" oya="2" hai0="105,56,40,16,74,33,35,25,55,3,113,12,37" hai1="65,15,21,38,124,98,52,95,119,57,59,131,31" hai2="71,120,111,20,39,73,34,64,63,126,45,27,117" hai3="24,18,23,107,81,53,58,26,127,87,108,79,50"/><V62/><F120/><W30/><G107/><T9/><D113/><U75/><E124/><V61/><F117/><W44/><G127/><T106/><D74/><U134/><E131/><V121/><F126/><W17/><G108/><T29/><D35/><U70/><E134/><V77/><F121/><W102/><G102/><T128/><D128/><U2/><E2/><V129/><F129/><W48/><G24/><T78/><D78/><U115/><E38/><V46/><F34/><W76/><G79/><T68/><D68/><U41/><E75/><V19/><F111/><W130/><G130/><T103/><D103/><U7/><E70/><V100/><F100/><W94/><G94/><T86/><D86/><U112/><E41/><AGARI ba="0,0" hai="17,18,23,26,30,41,44,48,50,53,58,76,81,87" machi="41" ten="30,2000,0" yaku="7,1,8,1" doraHai="89" who="3" fromWho="1" sc="187,0,220,-20,190,0,403,20" /><INIT seed="3,0,0,5,2,15" ten="187,200,190,423" oya="3" hai0="127,115,80,33,135,36,59,10,67,114,49,0,21" hai1="116,70,82,76,62,93,119,30,55,4,103,1,50" hai2="34,12,45,113,106,57,53,56,132,46,40,13,26" hai3="91,61,83,95,28,42,110,24,84,133,101,64,3"/><W104/><G3/><T65/><D36/><U35/><E35/><V79/><F113/><N who="0" m="43018" /><D135/><U75/><E30/><V108/><F132/><W77/><G42/><T109/><D109/><U69/><E62/><V128/><F108/><W94/><G104/><T29/><D127/><U54/><E4/><V134/><F106/><W41/><G101/><T96/><D33/><U17/><E17/><V85/><F128/><W58/><G41/><T118/><D118/><N who="1" m="45099" /><E1/><V44/><F134/><W111/><G133/><T125/><D125/><U92/><E55/><V32/><F40/><W43/><G95/><N who="1" m="36426" /><E103/><V7/><F32/><W9/><G9/><T37/><D96/><U117/><E117/><V126/><F34/><W81/><G43/><T60/><D37/><U25/><E25/><V87/><F26/><W78/><G24/><N who="0" m="16527" /><D49/><U72/><E72/><V74/><F74/><W123/><G28/><T107/><D107/><U19/><E19/><V122/><F126/><W121/><G110/><T16/><D16/><U22/><E22/><V5/><F122/><W99/><G111/><T131/><D131/><U89/><E89/><V90/><F90/><W48/><G48/><T38/><D38/><U120/><E120/><V63/><F79/><W112/><G112/><T105/><D105/><U52/><E50/><N who="2" m="30775" /><F5/><W8/><G8/><T51/><D51/><U68/><AGARI ba="0,0" hai="52,54,68,69,70,75,76,82" m="36426,45099" machi="68" ten="40,2700,0" yaku="12,1,54,1" doraHai="15" who="1" fromWho="1" sc="187,-7,200,27,190,-7,423,-13" owari="180,-32.0,227,2.7,183,-21.7,410,51.0" /></mjloggm>