<mjloggm ver="2.3"><GO type="225" lobby="0"/><UN n0="%E3%81%82%E3%83%BC%E3%81%97" n1="%43%68%65" n2="%41%54%53%4D" n3="%E3%81%8F%E3%82%8A%E3%83%94%E3%83%BC" dan="16,16,16,16" rate="2119.17,2089.56,2132.89,2077.66" sx="M,M,M,M"/><TAIKYOKU oya="0"/><INIT seed="0,0,0,0,2,110" ten="250,250,250,250" oya="0" hai0="121,16,98,125,122,46,126,93,53,45,31,99,123" hai1="26,111,83,52,50,32,51,65,102,92,55,6,81" hai2="114,17,23,132,62,67,10,129,18,13,57,60,28" hai3="134,30,96,76,100,19,135,116,12,115,20,49,113"/><T68/><D68/><U0/><E111/><V71/><F129/><W47/><G76/><T34/><D53/><U85/><E65/><V48/><F132/><N who="3" m="50731" /><G30/><T108/><D108/><U75/><E75/><V59/><F114/><N who="3" m="43531" /><G116/><T35/><D31/><U27/><E6/><V15/><F28/><W84/><G84/><T41/><D16/><U80/><E0/><V117/><F117/><W103/><G96/><N who="0" m="36907" /><D93/><U70/><E32/><N who="0" m="12329" /><D41/><AGARI ba="0,0" hai="12,19,20,41,47,49,100,103" m="43531,50731" machi="41" ten="30,7700,0" yaku="20,1,52,3" doraHai="110" who="3" fromWho="0" sc="250,-77,250,0,250,0,250,77" /><INIT seed="1,0,0,3,4,104" ten="173,250,250,327" oya="1" hai0="30,122,120,32,0,66,51,112,132,58,42,25,99" hai1="96,68,116,94,84,34,101,72,126,103,45,23,93" hai2="133,19,40,39,6,95,85,29,129,14,56,12,127" hai3="35,130,18,80,82,26,50,60,106,9,13,110,102"/><U24/><E68/><V70/><F70/><W134/><G110/><T125/><D112/><U61/><E116/><V128/><F127/><W75/><G50/><T97/><D125/><U88/><E34/><V65/><F133/><W79/><G134/><T71/><D132/><U22/><E126/><V21/><F29/><W81/><G130/><N who="2" m="50281" /><F39/><W69/><G102/><T52/><D0/><U87/><E72/><V3/><F40/><W131/><G106/><T31/><D31/><U90/><E61/><N who="2" m="38055" /><F85/><W49/><G131/><T115/><D115/><U118/><E118/><V62/><F95/><W107/><G107/><T57/><D71/><U20/><E45/><V121/><F62/><W117/><G60/><N who="0" m="38159" /><D42/><U53/><E53/><V64/><F64/><W76/><G117/><T54/><D54/><U48/><E48/><V33/><F33/><W119/><G49/><T46/><D46/><U86/><E24/><N who="2" m="14399" /><F121/><AGARI ba="0,0" hai="25,30,32,51,52,58,97,99,120,121,122" m="38159" machi="121" ten="30,2000,0" yaku="13,1,54,1" doraHai="104" who="0" fromWho="2" sc="173,20,250,0,250,-20,327,0" /><INIT seed="2,0,0,5,1,107" ten="193,250,230,327" oya="2" hai0="90,72,123,53,25,2,35,34,108,102,64,61,105" hai1="57,4,106,125,76,16,41,31,110,118,104,95,93" hai2="134,116,77,20,68,83,121,8,82,119,36,86,88" hai3="101,75,14,127,43,6,132,81,27,79,29,15,89"/><V58/><F121/><W51/><G127/><T3/><D123/><U47/><E118/><V80/><F68/><W70/><G132/><T85/><D108/><U73/><E31/><V18/><F36/><W63/><G101/><T46/><D102/><U17/><E4/><V126/><F134/><W103/><G103/><T37/><D105/><U91/><E57/><V111/><F126/><W84/><G6/><T109/><D109/><U100/><E110/><V62/><F8/><W5/><G5/><T56/><D72/><U94/><E91/><V42/><F42/><W55/><G43/><T113/><D113/><U69/><E69/><V67/><F111/><W33/><G63/><T135/><D135/><U60/><E60/><V13/><REACH who="2" step="1"/><F82/><REACH who="2" ten="193,250,220,327" step="2"/><W28/><G70/><T120/><D120/><U50/><E125/><V87/><AGARI ba="0,1" hai="13,18,20,58,62,67,77,80,83,86,87,88,116,119" machi="87" ten="20,12000,1" yaku="1,1,2,1,0,1,7,1,54,1,53,0" doraHai="107" doraHaiUra="32" who="2" fromWho="2" sc="193,-40,250,-40,220,130,327,-40" /><INIT seed="2,1,0,3,0,117" ten="153,210,350,287" oya="2" hai0="38,79,36,133,115,28,13,119,27,65,2,34,40" hai1="42,130,56,61,109,7,10,62,82,98,128,135,76" hai2="18,41,55,95,30,93,32,77,100,46,5,85,102" hai3="31,131,125,132,22,53,96,86,107,44,126,81,105"/><V80/><F32/><W9/><G9/><T129/><D115/><U118/><E118/><V94/><F30/><W101/><G132/><T3/><D119/><U71/><E135/><V14/><F55/><W120/><G131/><N who="1" m="50218" /><E109/><V63/><F63/><W92/><G120/><T66/><D129/><U88/><E42/><V121/><F121/><W0/><G0/><T99/><D133/><U26/><E26/><V60/><F60/><W49/><G22/><T43/><D79/><U4/><E71/><V90/><F90/><N who="3" m="51535" /><G31/><T127/><D127/><AGARI ba="1,0" hai="44,49,53,92,96,101,105,107,125,126,127" m="51535" machi="127" ten="30,1000,0" yaku="18,1" doraHai="117" who="3" fromWho="0" sc="153,-13,210,0,350,0,287,13" /><INIT seed="3,0,0,0,5,87" ten="140,210,350,300" oya="3" hai0="54,132,7,56,21,108,64,104,6,67,126,72,33" hai1="97,52,125,57,85,113,42,28,76,17,99,94,124" hai2="2,60,65,119,43,122,70,20,68,73,105,22,32" hai3="88,84,81,91,37,4,55,107,110,45,9,59,71"/><W130/><G71/><T109/><D104/><U98/><E113/><V10/><F22/><W111/><G130/><T47/><D72/><U36/><E28/><V5/><F20/><W95/><G107/><T18/><D33/><U19/><E42/><V120/><F119/><W39/><G45/><T15/><D132/><U40/><E40/><V49/><F105/><W35/><G35/><T31/><D126/><N who="1" m="48747" /><E36/><V34/><F70/><W58/><G58/><T12/><D31/><U66/><E66/><V75/><F49/><N who="3" m="31215" /><G91/><T48/><D108/><N who="3" m="41513" /><G81/><T23/><D109/><U38/><E38/><V69/><F43/><W129/><G129/><T100/><D100/><U50/><E94/><V29/><F69/><W11/><G11/><T89/><D56/><U46/><E46/><V61/><F61/><W83/><G83/><AGARI ba="0,0" hai="17,19,50,52,57,76,83,85,97,98,99" m="48747" machi="83" ten="30,2000,0" yaku="18,1,54,1" doraHai="87" who="1" fromWho="3" sc="140,0,210,20,350,0,300,-20" owari="140,-36.0,230,-17.0,350,45.0,280,8.0" /></mjloggm>