<mjloggm ver="2.3"><GO type="225" lobby="0"/><UN n0="%E7%99%BD%E9%9B%AA%E4%B9%83%E6%84%9B" n1="%E3%82%BC%E3%83%AB%E3%83%80%E3%81%AE%E4%BC%9D%E8%AA%AC" n2="%61%69%73%79%6F" n3="%E3%81%86%E3%81%A9%E3%82%93%E3%81%93" dan="16,17,17,16" rate="2089.89,2186.65,2234.00,2153.62" sx="F,M,M,M"/><TAIKYOKU oya="0"/><INIT seed="0,0,0,2,1,117" ten="250,250,250,250" oya="0" hai0="131,35,2,122,51,38,84,61,79,74,110,50,134" hai1="65,100,28,29,98,72,10,48,113,7,81,83,135" hai2="60,27,23,43,108,66,0,1,88,58,123,120,59" hai3="90,3,16,20,129,87,21,47,127,118,37,112,69"/><T97/><D110/><U63/><E135/><V71/><F108/><W101/><G118/><T25/><D38/><U76/><E113/><V41/><F71/><W94/><G112/><T26/><D74/><U111/><E111/><V99/><F1/><W93/><G69/><T115/><D2/><U52/><E81/><V15/><F0/><W75/><G75/><T55/><D115/><U33/><E33/><V54/><F15/><W121/><G3/><T104/><D134/><U49/><E10/><V12/><F12/><W130/><G127/><T36/><D131/><N who="3" m="50185" /><G121/><N who="2" m="46665" /><F58/><W91/><G101/><T17/><D36/><U86/><E7/><V80/><F66/><W106/><G106/><T42/><D122/><U70/><E72/><V22/><F22/><W56/><G56/><T45/><D42/><U82/><E82/><V44/><F44/><W18/><G21/><T89/><D35/><U124/><E124/><V116/><F80/><W105/><G105/><T102/><D45/><N who="1" m="27663" /><E49/><V34/><F34/><W132/><G132/><T57/><D51/><U95/><E70/><V30/><F116/><W68/><G68/><T103/><D50/><U77/><E77/><V11/><F11/><W107/><G107/><T31/><D79/><U85/><E85/><V96/><F96/><N who="3" m="57399" /><G20/><N who="0" m="13455" /><D97/><U6/><E6/><V9/><F9/><W4/><G4/><T53/><D104/><U64/><E63/><V109/><F109/><W32/><G32/><N who="0" m="20599" /><D53/><U92/><E92/><N who="2" m="56711" /><F30/><AGARI ba="0,0" hai="28,29,30,64,65,76,83,86,95,98,100" m="27663" machi="30" ten="30,2000,0" yaku="8,1,54,1" doraHai="117" who="1" fromWho="2" sc="250,0,250,20,250,-20,250,0" /><INIT seed="1,0,0,4,5,122" ten="250,270,230,250" oya="1" hai0="46,134,36,102,80,37,34,30,101,57,2,12,51" hai1="1,119,4,14,28,77,62,75,107,56,72,66,100" hai2="104,68,26,47,81,54,117,113,32,108,31,118,42" hai3="69,126,55,20,106,95,128,52,70,67,25,97,73"/><U94/><E119/><V18/><F113/><W39/><G39/><T24/><D2/><U110/><E1/><V85/><F104/><W35/><G35/><T88/><D134/><U7/><E107/><V105/><F105/><W23/><G73/><T17/><D57/><U135/><E135/><V99/><F68/><W93/><G126/><T120/><D120/><U78/><E75/><V91/><F54/><W65/><G106/><T43/><D37/><U86/><E72/><V115/><F115/><W33/><G25/><T22/><REACH who="0" step="1"/><D36/><REACH who="0" ten="240,270,230,250" step="2"/><U84/><E56/><V16/><F118/><W58/><G58/><T92/><D92/><U40/><E94/><V27/><F117/><W127/><G127/><T41/><D41/><U71/><E40/><V76/><F42/><W131/><G33/><T29/><D29/><U6/><E28/><V5/><F47/><W82/><G82/><T112/><D112/><U89/><E71/><V124/><F124/><W116/><G116/><T8/><D8/><U50/><E66/><V103/><F32/><W83/><G83/><T132/><D132/><U3/><E3/><V60/><F31/><W133/><G133/><T121/><D121/><U38/><E38/><V90/><F81/><W74/><G97/><T87/><AGARI ba="0,1" hai="12,17,22,24,30,34,43,46,51,80,87,88,101,102" machi="87" ten="30,8000,1" yaku="1,1,0,1,54,1,53,2" doraHai="122" doraHaiUra="96" who="0" fromWho="0" sc="240,90,270,-40,230,-20,250,-20" /><INIT seed="2,0,0,1,5,70" ten="330,230,210,230" oya="2" hai0="118,55,57,107,83,74,123,73,34,113,67,16,19" hai1="129,59,52,0,14,17,50,133,93,125,100,32,85" hai2="61,4,60,18,25,26,120,46,106,56,58,103,131" hai3="24,13,101,7,127,37,63,130,53,5,80,65,91"/><V128/><F120/><W122/><G122/><T27/><D123/><U81/><E0/><V11/><F46/><W84/><G130/><N who="2" m="49705" /><F106/><W111/><G111/><T97/><D67/><U109/><E129/><V72/><F103/><W8/><G37/><T121/><D113/><U30/><E109/><V78/><F78/><W69/><G127/><T28/><D121/><U43/><E125/><V39/><F72/><W87/><G101/><T124/><D118/><U45/><E133/><V29/><F18/><W42/><G42/><T47/><D124/><U104/><E104/><V94/><F94/><W115/><G115/><T90/><D47/><U22/><E100/><V35/><F26/><W119/><G119/><T79/><D107/><U76/><E93/><V82/><F82/><W66/><G24/><T23/><D74/><U102/><E102/><V49/><F39/><W88/><G53/><T33/><D97/><U41/><E45/><V10/><F49/><W114/><G66/><T2/><D90/><U44/><E44/><V71/><F71/><W89/><G114/><T77/><D77/><U108/><E108/><V12/><F10/><W54/><G54/><T3/><D55/><U51/><E51/><V20/><F35/><N who="0" m="13322" /><D57/><AGARI ba="0,0" hai="4,11,12,20,25,29,56,57,58,60,61" m="49705" machi="57" ten="30,1500,0" yaku="19,1" doraHai="70" who="2" fromWho="0" sc="330,-15,230,0,210,15,230,0" /><INIT seed="2,1,0,1,2,27" ten="315,230,225,230" oya="2" hai0="11,48,84,16,15,39,91,123,75,114,29,78,21" hai1="110,116,105,62,58,61,126,2,107,46,67,22,92" hai2="40,86,104,33,108,34,43,65,112,63,95,77,82" hai3="111,90,79,113,35,3,119,74,121,9,76,54,97"/><V133/><F112/><W20/><G119/><T88/><D39/><U89/><E116/><V10/><F104/><W94/><G35/><T60/><D114/><U7/><E110/><V103/><F133/><W124/><G113/><T30/><D123/><U73/><E73/><V18/><F108/><W68/><G68/><T83/><D60/><U69/><E126/><V38/><F38/><W115/><G121/><T36/><D36/><U56/><E46/><V6/><F18/><W25/><G115/><T101/><D101/><U106/><E22/><V51/><F51/><W8/><G111/><T100/><D100/><U72/><E72/><V24/><F24/><W41/><G124/><T44/><D11/><N who="3" m="4169" /><G74/><T50/><D50/><U87/><E7/><V70/><F33/><W53/><G41/><N who="0" m="24591" /><D75/><U64/><REACH who="1" step="1"/><E2/><REACH who="1" ten="315,220,225,230" step="2"/><V125/><F34/><W4/><G4/><T102/><D102/><U47/><E47/><V120/><F125/><W42/><G3/><T93/><D78/><N who="3" m="29737" /><G42/><T0/><D0/><U98/><E98/><AGARI ba="1,1" hai="15,16,21,29,30,83,84,88,91,93,98" m="24591" machi="98" ten="30,8000,1" yaku="8,1,52,2,54,2" doraHai="27" who="0" fromWho="1" sc="315,93,220,-83,225,0,230,0" /><INIT seed="3,0,0,4,1,26" ten="408,137,225,230" oya="3" hai0="7,13,132,53,54,78,20,0,123,23,67,93,24" hai1="52,34,63,19,28,87,117,83,8,129,51,119,122" hai2="10,103,79,32,9,49,47,50,94,120,76,30,108" hai3="86,27,95,110,31,16,126,82,45,84,1,61,71"/><W6/><G126/><T98/><D123/><U66/><E129/><V37/><F108/><W85/><G110/><T109/><D0/><U2/><E122/><V113/><F32/><W21/><G95/><T41/><D109/><U42/><E42/><V55/><F30/><W130/><G130/><T92/><D132/><U74/><E74/><V101/><F37/><W125/><G125/><T68/><D78/><N who="2" m="29738" /><F113/><W35/><G45/><T81/><D41/><U22/><E2/><V60/><F60/><W73/><G73/><T17/><D81/><U44/><E34/><V124/><F124/><W114/><G114/><T38/><D38/><U128/><E128/><V59/><F94/><W106/><G106/><T102/><D92/><U65/><E119/><V75/><F75/><W89/><G61/><T36/><D36/><U115/><E115/><V29/><F29/><W70/><G70/><T46/><D46/><U39/><E39/><V112/><F112/><W99/><G99/><T97/><D97/><U64/><E117/><V72/><F72/><W105/><G71/><T12/><D12/><N who="1" m="7559" /><E63/><V58/><F58/><W43/><G43/><T127/><D127/><U69/><E69/><V135/><F135/><W40/><G40/><T91/><D102/><N who="2" m="38922" /><F120/><W96/><G96/><T88/><D91/><N who="1" m="51711" /><E64/><V14/><F14/><N who="3" m="9367" /><G105/><T62/><D7/><U18/><E18/><AGARI ba="0,0" hai="13,17,18,20,23,24,53,54,62,67,68,88,93,98" machi="18" ten="30,2000,0" yaku="7,1,54,1" doraHai="26" who="0" fromWho="1" sc="408,20,137,-20,225,0,230,0" owari="428,52.8,117,-38.3,225,-17.5,230,3.0" /></mjloggm>