<mjloggm ver="2.3"><GO type="225" lobby="0"/><UN n0="%E9%9B%80%E6%A5%B5%E3%81%AE%E3%81%B8" n1="%68%6F%72%69%30%39%30%31" n2="%72%61%6B%33" n3="%E8%B6%85%E7%B4%9A%E9%B3%B3%E5%87%B0" dan="16,16,16,16" rate="2133.95,2172.37,2136.67,2175.88" sx="M,M,M,M"/><TAIKYOKU oya="0"/><INIT seed="0,0,0,4,5,68" ten="250,250,250,250" oya="0" hai0="19,52,103,99,29,37,95,26,132,12,57,89,56" hai1="41,117,7,15,98,111,87,71,22,30,49,120,118" hai2="1,121,82,13,10,21,112,11,106,35,131,72,109" hai3="31,115,101,130,129,23,5,2,91,38,42,94,47"/><T133/><D37/><U127/><E71/><V70/><RYUUKYOKU type="yao9" ba="0,0" sc="250,0,250,0,250,0,250,0" hai2="1,10,11,13,21,35,70,72,82,106,109,112,121,131" /><INIT seed="0,1,0,3,1,60" ten="250,250,250,250" oya="0" hai0="73,29,48,49,27,61,76,23,121,102,129,81,2" hai1="123,113,111,126,89,114,13,99,53,67,131,34,74" hai2="96,124,36,55,97,112,16,4,22,84,59,90,8" hai3="66,38,28,26,91,40,79,58,1,19,3,46,120"/><T12/><D121/><U118/><E34/><V14/><F36/><W82/><G82/><T116/><D2/><U17/><E74/><V104/><F124/><W7/><G120/><T62/><D116/><U88/><E118/><V133/><F104/><W57/><G79/><T9/><D129/><U15/><E123/><V32/><F32/><W64/><G19/><T105/><D102/><U31/><E126/><V95/><F133/><W80/><G58/><T101/><D101/><U125/><E125/><V107/><F107/><W117/><G117/><T44/><D105/><U68/><E31/><V71/><F71/><W47/><G47/><T106/><D106/><U122/><E122/><V69/><F69/><W86/><G57/><T54/><REACH who="0" step="1"/><D49/><REACH who="0" ten="240,250,250,250" step="2"/><U45/><E131/><V109/><F112/><W130/><G130/><T50/><D50/><N who="1" m="28879" /><E113/><V134/><F134/><W6/><G1/><T37/><D37/><U85/><E114/><V92/><F109/><W56/><G3/><T75/><D75/><U128/><E111/><V127/><F127/><W98/><G38/><T20/><D20/><U43/><E128/><V103/><F103/><W93/><G86/><T63/><D63/><N who="1" m="40063" /><E85/><V24/><F92/><W42/><G93/><T21/><D21/><U72/><E99/><V0/><F0/><W70/><G98/><T78/><D78/><U35/><E72/><V119/><F119/><W5/><G91/><T110/><D110/><U10/><E88/><V135/><F135/><W87/><G87/><T41/><D41/><U65/><E89/><V52/><F84/><W18/><G42/><RYUUKYOKU ba="1,1" sc="240,30,250,-10,250,-10,250,-10" hai0="9,12,23,27,29,44,48,54,61,62,73,76,81" /><INIT seed="0,2,1,5,5,5" ten="270,240,240,240" oya="0" hai0="107,77,105,50,18,17,46,34,31,123,67,43,124" hai1="100,112,78,92,33,24,8,109,10,60,114,121,130" hai2="131,44,117,110,129,120,3,1,40,74,27,127,26" hai3="22,37,15,55,84,63,125,85,94,116,99,39,118"/><T4/><D123/><U102/><E121/><V51/><F120/><W47/><G125/><T2/><D124/><U65/><E109/><V115/><F115/><N who="1" m="44073" /><E130/><N who="2" m="49675" /><F127/><W32/><G32/><T30/><D67/><U83/><E33/><V13/><F110/><W12/><G63/><T111/><D77/><U45/><E45/><V72/><F117/><W20/><G94/><T128/><D111/><U93/><E24/><N who="2" m="9259" /><F13/><W64/><G47/><T68/><D34/><U6/><E6/><V122/><F122/><W73/><G99/><T91/><D4/><U133/><E133/><V87/><F87/><W82/><G64/><T21/><D46/><U61/><E93/><V59/><F59/><W135/><G82/><T0/><D105/><U41/><E41/><V42/><F42/><W113/><G113/><T7/><D107/><U48/><E48/><V38/><F51/><W58/><G58/><T54/><D50/><U23/><E23/><V81/><F81/><W95/><G95/><T79/><D21/><U134/><E134/><V53/><F53/><W66/><G66/><T108/><D108/><U96/><E102/><V35/><F35/><W98/><G135/><T49/><D49/><U52/><E52/><V119/><F119/><W97/><G55/><T106/><D54/><U76/><E76/><V80/><F80/><W25/><G25/><T11/><D79/><U88/><E100/><V28/><F28/><W101/><G101/><T70/><D43/><U56/><E61/><V86/><F44/><W75/><AGARI ba="2,1" hai="12,15,20,22,37,39,73,75,84,85,97,98,116,118" machi="75" ten="25,3200,0" yaku="0,1,22,2" doraHai="5" who="3" fromWho="3" sc="270,-18,240,-10,240,-10,240,48" /><INIT seed="1,0,0,0,2,100" ten="252,230,230,288" oya="1" hai0="108,61,111,6,43,93,118,67,57,30,105,120,2" hai1="11,29,44,40,82,70,117,73,130,48,104,76,79" hai2="24,84,95,114,53,59,28,65,94,13,134,10,20" hai3="5,124,107,122,133,87,121,8,41,71,66,52,131"/><U125/><E117/><V72/><F72/><W112/><G112/><T36/><D118/><U55/><E70/><V49/><F134/><W17/><G133/><T85/><D30/><U3/><E130/><V128/><F128/><W38/><G131/><T4/><D120/><U46/><E125/><V42/><F114/><W69/><G124/><T115/><D115/><U7/><E29/><V99/><F42/><W54/><G17/><T45/><D105/><U33/><E79/><V123/><F123/><W110/><G110/><N who="0" m="42027" /><D2/><U21/><E21/><V135/><F135/><W50/><G107/><T113/><D113/><U37/><REACH who="1" step="1"/><E104/><REACH who="1" ten="252,220,230,288" step="2"/><V34/><F34/><AGARI ba="0,1" hai="3,7,11,33,34,37,40,44,46,48,55,73,76,82" machi="34" ten="40,12000,1" yaku="1,1,2,1,25,2,53,1" doraHai="100" doraHaiUra="35" who="1" fromWho="2" sc="252,0,220,130,230,-120,288,0" /><INIT seed="1,1,0,5,4,66" ten="252,350,110,288" oya="1" hai0="91,89,10,28,99,72,64,102,2,119,96,84,53" hai1="59,44,35,65,46,27,60,37,39,21,111,105,104" hai2="79,90,36,74,98,40,75,63,30,130,11,129,38" hai3="116,16,31,13,109,81,29,93,121,19,55,114,67"/><U32/><E111/><V77/><F30/><W41/><G121/><T3/><D72/><U61/><E21/><V123/><F11/><W122/><G122/><T100/><D119/><U43/><E61/><V42/><F63/><W54/><G114/><T97/><D28/><U83/><E83/><V124/><F123/><W110/><G116/><T120/><D64/><U0/><E0/><V95/><F95/><W49/><G67/><T92/><D120/><U62/><E27/><V45/><F98/><W15/><G93/><T7/><D3/><U1/><E1/><V78/><F90/><W107/><G81/><T113/><D113/><U85/><E85/><V9/><F9/><W87/><G49/><T125/><D125/><U50/><E62/><V51/><F51/><W112/><G112/><T4/><D4/><U94/><E94/><V131/><F124/><W48/><G48/><T6/><D6/><U69/><E39/><V128/><N who="2" m="32768" /><DORA hai="12" /><V108/><F108/><W73/><G87/><T34/><D91/><U103/><E103/><V22/><F22/><W101/><G101/><T18/><D100/><U127/><E127/><V134/><F134/><W47/><G47/><AGARI ba="1,0" hai="36,38,40,42,45,47,74,75,77,78,79" m="32768" machi="47" ten="70,4500,0" yaku="9,1,19,1" doraHai="66,12" who="2" fromWho="3" sc="252,0,350,0,110,48,288,-48" /><INIT seed="2,0,0,5,3,118" ten="252,350,158,240" oya="2" hai0="60,1,21,119,98,44,106,122,96,102,123,94,11" hai1="20,124,133,38,134,113,99,101,52,81,109,91,92" hai2="42,53,67,22,120,111,6,103,88,110,127,23,107" hai3="2,86,104,30,17,126,72,3,90,115,56,8,57"/><V34/><F34/><W26/><G72/><T83/><D119/><U116/><E38/><V51/><F127/><W80/><G104/><T35/><D35/><U50/><E116/><V97/><F42/><W79/><G126/><T71/><D21/><U4/><E124/><V54/><F67/><W25/><G115/><T77/><D44/><U55/><E109/><N who="2" m="41483" /><F6/><W36/><G36/><T47/><D47/><U9/><E113/><V59/><F120/><W7/><G2/><T12/><D1/><U33/><E33/><V41/><F41/><W75/><G17/><T114/><D60/><U64/><E64/><V39/><F39/><W49/><G49/><T87/><D71/><U121/><E121/><V85/><F53/><W82/><REACH who="3" step="1"/><G26/><REACH who="3" ten="252,350,158,230" step="2"/><T66/><D114/><U105/><E105/><V132/><F132/><W131/><G131/><T19/><D66/><U68/><E134/><V89/><F89/><AGARI ba="0,1" hai="11,12,19,77,83,87,89,94,96,98,102,106,122,123" machi="89" ten="30,3900,0" yaku="7,1,52,2" doraHai="118" who="0" fromWho="2" sc="252,49,350,0,158,-39,230,0" /><INIT seed="3,0,0,1,4,10" ten="301,350,119,230" oya="3" hai0="135,107,16,48,133,122,92,112,64,40,67,87,89" hai1="123,33,130,129,134,91,116,63,93,110,131,105,114" hai2="126,58,57,95,30,97,25,73,55,113,9,128,62" hai3="47,50,69,32,83,119,103,115,12,111,41,75,98"/><W74/><G115/><T36/><D36/><U35/><E110/><V21/><F126/><W106/><G119/><T26/><D107/><U132/><E114/><V27/><F128/><W60/><G111/><T81/><D112/><U17/><E123/><V31/><F113/><W39/><G32/><N who="1" m="12362" /><E105/><V101/><F73/><W61/><G50/><T4/><D4/><U120/><E120/><V42/><F42/><W28/><G28/><T125/><D125/><U70/><E17/><V124/><F124/><W46/><G46/><N who="0" m="25671" /><D122/><U24/><E24/><V20/><F9/><W102/><G102/><T0/><D0/><U127/><E116/><V109/><F109/><W90/><G61/><T54/><D54/><U22/><E22/><V3/><F3/><W76/><G90/><T80/><D67/><N who="1" m="41343" /><E127/><V6/><REACH who="2" step="1"/><F58/><REACH who="2" ten="301,350,109,230" step="2"/><W5/><G75/><T59/><D133/><U85/><AGARI ba="0,1" hai="85,91,93,129,130,131,132,134" m="41343,12362" machi="85" ten="40,1500,0" yaku="19,1" doraHai="10" who="1" fromWho="1" sc="301,-4,350,25,109,-4,230,-7" owari="297,9.7,375,47.5,105,-39.5,223,-17.7" /></mjloggm>