<mjloggm ver="2.3"><GO type="225" lobby="0"/><UN n0="%E5%B8%86%E7%AB%8B%E5%A4%8F%E8%A1%A3" n1="%6D%6F%6E%63%68%69" n2="%E6%A1%9C%E8%8A%B1%E9%96%83%E3%80%85" n3="%43%68%65" dan="16,16,17,16" rate="2101.00,2039.20,2193.91,2077.52" sx="M,M,M,M"/><TAIKYOKU oya="0"/><INIT seed="0,0,0,3,4,118" ten="250,250,250,250" oya="0" hai0="121,61,104,107,67,113,98,58,72,16,39,50,127" hai1="131,63,102,85,60,126,99,94,43,9,114,84,129" hai2="37,92,77,105,90,0,45,3,65,46,116,122,134" hai3="41,110,115,51,33,11,29,18,7,106,101,88,70"/><T80/><D121/><U74/><E74/><V71/><F105/><W69/><G115/><T52/><D127/><U66/><E126/><V8/><F116/><W21/><G110/><T20/><D113/><U73/><E114/><V2/><F77/><W55/><G41/><T14/><D39/><U54/><E73/><V86/><F134/><W53/><G53/><T17/><D98/><U56/><E43/><V27/><F8/><W132/><G132/><T81/><D17/><U91/><E9/><V79/><F79/><W57/><G101/><T93/><D93/><U24/><E24/><V89/><F27/><N who="3" m="18623" /><G106/><T87/><D72/><U123/><E123/><V47/><F122/><W82/><G88/><T4/><D4/><U124/><E124/><V111/><F111/><W48/><G48/><T103/><D103/><U68/><REACH who="1" step="1"/><E84/><REACH who="1" ten="250,240,250,250" step="2"/><V34/><F86/><W95/><G11/><T10/><D10/><U135/><E135/><V78/><F2/><W1/><G1/><T133/><D133/><U62/><E62/><V40/><F0/><W117/><G117/><T42/><D42/><U75/><E75/><V28/><F3/><W96/><G7/><T49/><D49/><U13/><E13/><V76/><F40/><W6/><G6/><T125/><D125/><U15/><E15/><V97/><F37/><W35/><G51/><T100/><D87/><U30/><E30/><V83/><F28/><W19/><G35/><T23/><D23/><U44/><E44/><N who="2" m="17003" /><F34/><W38/><G38/><T109/><D109/><U32/><E32/><V59/><F47/><W25/><G21/><RYUUKYOKU ba="0,1" sc="250,-10,240,30,250,-10,250,-10" hai1="54,56,60,63,66,68,85,91,94,99,102,129,131" /><INIT seed="1,1,1,1,0,33" ten="240,270,240,240" oya="1" hai0="107,47,101,11,20,120,119,100,1,49,105,133,23" hai1="126,124,40,92,50,44,56,8,77,25,111,109,131" hai2="74,123,53,64,14,93,62,2,121,41,26,19,5" hai3="27,104,67,117,135,127,43,68,66,22,94,3,24"/><U115/><E77/><V95/><F74/><W83/><G104/><T57/><D119/><U51/><E115/><V42/><F26/><W7/><G117/><T89/><D133/><U113/><E113/><V128/><F53/><W36/><G68/><T118/><D118/><U55/><E25/><V39/><F128/><W58/><G135/><T112/><D112/><U65/><E92/><V30/><F30/><W116/><G116/><T76/><D76/><U132/><E8/><V4/><F14/><W72/><G94/><T84/><D57/><U125/><E132/><V99/><F19/><W35/><G35/><T110/><D110/><N who="1" m="41995" /><E65/><V9/><F64/><W52/><G67/><T28/><D120/><U38/><E131/><V86/><F9/><N who="3" m="2303" /><G66/><T87/><D28/><U71/><E71/><V70/><F70/><W61/><G22/><T31/><D31/><U122/><E122/><V15/><F95/><W134/><G134/><T16/><D107/><U37/><AGARI ba="1,1" hai="37,38,40,44,50,51,55,56,124,125,126" m="41995" machi="37" ten="40,12000,1" yaku="18,1,14,1,10,1,34,2" doraHai="33" who="1" fromWho="1" sc="240,-41,270,133,240,-41,240,-41" /><INIT seed="1,2,0,1,2,89" ten="199,403,199,199" oya="1" hai0="100,13,135,17,20,98,36,123,61,59,116,77,54" hai1="0,125,129,11,1,92,9,37,122,50,120,108,16" hai2="68,49,7,2,70,63,32,86,99,109,124,113,47" hai3="76,19,53,18,4,41,40,91,65,15,69,83,87"/><U39/><E129/><V33/><F109/><W93/><G4/><T58/><D135/><U79/><E79/><V64/><F70/><W80/><G80/><T96/><D123/><U56/><E56/><V27/><F124/><W82/><G82/><T48/><D116/><U75/><E50/><V22/><F86/><W121/><G121/><T29/><D36/><U102/><E102/><V110/><F110/><W72/><G19/><T35/><D77/><U107/><E107/><V101/><F113/><W95/><G65/><T12/><D35/><U31/><E108/><V114/><F7/><W21/><G69/><T133/><D133/><U106/><E106/><V28/><F2/><W67/><G67/><T90/><D29/><U66/><E31/><V6/><F6/><W85/><G53/><T130/><D130/><U24/><E66/><V60/><F60/><W5/><G5/><T55/><D13/><U52/><E16/><V81/><F81/><N who="3" m="47271" /><G72/><T117/><D117/><U118/><E52/><V115/><F115/><W128/><G128/><T111/><D111/><U131/><E131/><V134/><F134/><W94/><AGARI ba="2,0" hai="15,18,21,40,41,83,87,91,93,94,95" m="47271" machi="94" ten="30,7900,0" yaku="8,1,52,3" doraHai="89" who="3" fromWho="3" sc="199,-22,403,-41,199,-22,199,85" /><INIT seed="2,0,0,5,4,119" ten="177,362,177,284" oya="2" hai0="20,24,38,134,66,94,82,11,73,68,79,28,75" hai1="64,128,12,39,4,26,71,46,108,95,43,47,124" hai2="34,40,49,55,100,0,96,54,25,2,92,32,129" hai3="57,103,130,62,104,5,106,29,17,90,23,77,21"/><V93/><F129/><W102/><G130/><T113/><D134/><U45/><E124/><V31/><F34/><W87/><G77/><T63/><D113/><U121/><E108/><V51/><F40/><W10/><G106/><T107/><D107/><U33/><E95/><V67/><F67/><W116/><G29/><T81/><D38/><U3/><E12/><V125/><F125/><W122/><G104/><T97/><D81/><U117/><E46/><V13/><F13/><N who="3" m="5327" /><G23/><T88/><REACH who="0" step="1"/><D11/><REACH who="0" ten="167,362,177,284" step="2"/><N who="1" m="2463" /><E128/><V101/><F51/><W58/><G116/><T118/><D118/><U70/><E117/><V59/><REACH who="2" step="1"/><F55/><REACH who="2" ten="167,362,167,284" step="2"/><N who="3" m="34111" /><G122/><T91/><D91/><U16/><E64/><V15/><F15/><N who="3" m="9407" /><G58/><T52/><D52/><U72/><E43/><V9/><F9/><W50/><G50/><T27/><D27/><U14/><E14/><V35/><F35/><W37/><G37/><T89/><D89/><U83/><E33/><V86/><F86/><AGARI ba="0,2" hai="20,24,28,63,66,68,73,75,79,82,86,88,94,97" machi="86" ten="30,3900,0" yaku="1,1,7,1,54,1,53,0" doraHai="119" doraHaiUra="120" who="0" fromWho="2" sc="167,59,362,0,167,-39,284,0" /><INIT seed="3,0,0,1,3,52" ten="226,362,128,284" oya="3" hai0="43,129,112,12,135,80,69,47,28,19,4,50,14" hai1="86,114,82,125,90,56,11,65,122,66,111,85,103" hai2="5,91,6,76,38,58,133,9,120,48,72,110,59" hai3="89,62,40,98,41,108,23,71,95,101,127,107,75"/><W87/><G127/><T115/><D69/><U44/><E111/><V84/><F110/><W88/><G108/><T24/><D129/><U113/><E122/><V25/><F38/><W7/><G7/><T1/><D135/><U83/><E103/><V42/><F133/><W116/><G116/><T30/><D80/><U63/><E125/><V126/><F126/><W117/><G117/><T54/><D43/><U51/><E11/><V39/><F120/><W106/><G106/><T15/><D19/><U64/><E113/><N who="0" m="43593" /><D24/><U18/><E18/><V2/><F5/><W33/><G33/><T46/><D46/><U20/><E20/><V131/><F131/><W36/><G36/><T16/><D16/><U134/><E134/><V102/><F102/><W73/><G23/><T60/><D60/><U104/><E104/><V17/><F48/><W8/><G8/><AGARI ba="0,0" hai="1,4,8,12,14,15,28,30,47,50,54" m="43593" machi="8" ten="30,1000,0" yaku="11,1" doraHai="52" who="0" fromWho="3" sc="226,10,362,0,128,0,284,-10" owari="236,-16.4,362,46.2,128,-37.2,274,7.4" /></mjloggm>