<mjloggm ver="2.3"><GO type="225" lobby="0"/><UN n0="%6D%75%75%6D%75%72%61" n1="%72%61%6B%33" n2="%E5%B8%86%E7%AB%8B%E5%A4%8F%E8%A1%A3" n3="%E7%BD%AA%E5%88%91%E6%B3%95%E5%AE%9A%E4%B8%BB%E7%BE%A9" dan="17,16,16,16" rate="2186.77,2219.23,2112.69,2159.58" sx="F,M,M,M"/><TAIKYOKU oya="0"/><INIT seed="0,0,0,2,3,80" ten="250,250,250,250" oya="0" hai0="133,9,52,26,50,120,119,91,60,55,89,129,59" hai1="117,7,4,43,22,73,106,123,127,34,86,29,99" hai2="112,85,47,36,66,104,13,11,54,87,118,71,105" hai3="49,98,38,15,20,135,101,44,109,42,100,79,3"/><T5/><D119/><U8/><E117/><V18/><F112/><W31/><G3/><T90/><D129/><U14/><E73/><V69/><F118/><W68/><G68/><T12/><D133/><U78/><E123/><V121/><F121/><W58/><G135/><T70/><D120/><U65/><E127/><V124/><F124/><W16/><G109/><T45/><D70/><U25/><E65/><V96/><F71/><W107/><G101/><T74/><D74/><U128/><E128/><V61/><F105/><W67/><G79/><T24/><AGARI ba="0,0" hai="5,9,12,24,26,45,50,52,55,59,60,89,90,91" machi="24" ten="30,6000,0" yaku="0,1,8,1,54,1" doraHai="80" who="0" fromWho="0" sc="250,60,250,-20,250,-20,250,-20" /><INIT seed="0,1,0,4,3,69" ten="310,230,230,230" oya="0" hai0="131,74,71,98,51,116,77,62,82,32,61,115,72" hai1="135,83,102,0,109,117,86,57,127,42,95,65,49" hai2="24,111,97,33,108,94,120,107,128,126,63,118,110" hai3="47,91,104,89,105,129,75,48,41,34,134,36,96"/><T35/><D115/><U4/><E117/><V29/><F120/><W79/><G34/><T114/><D116/><U6/><E109/><V28/><F118/><W8/><G134/><T1/><D114/><U125/><E135/><V40/><F126/><W10/><G129/><T85/><D131/><U23/><E65/><V53/><F128/><W68/><G68/><T122/><D122/><U46/><E57/><V5/><F5/><W101/><G105/><T66/><D1/><U99/><E23/><V16/><F107/><W132/><G132/><T112/><D112/><U93/><E93/><V7/><F7/><W21/><G48/><T44/><D62/><U60/><E60/><V67/><F53/><W27/><G79/><T73/><REACH who="0" step="1"/><D98/><REACH who="0" ten="300,230,230,230" step="2"/><U3/><E0/><V70/><F40/><AGARI ba="1,1" hai="32,35,40,44,51,61,66,71,72,73,74,77,82,85" machi="40" ten="40,3900,0" yaku="1,1,2,1,53,0" doraHai="69" doraHaiUra="2" who="0" fromWho="2" sc="300,52,230,0,230,-42,230,0" /><INIT seed="0,2,0,3,0,53" ten="352,230,188,230" oya="0" hai0="57,127,76,9,113,63,133,109,79,44,117,120,49" hai1="61,36,25,71,106,16,122,10,32,39,123,23,87" hai2="18,107,0,28,83,78,56,88,124,6,47,92,20" hai3="21,105,27,65,90,26,115,125,97,43,8,111,77"/><T98/><D113/><U48/><E106/><V93/><F124/><W130/><G115/><T40/><D117/><U55/><E32/><V100/><F0/><W2/><G125/><T128/><D127/><U132/><E132/><V114/><F114/><W135/><G111/><T37/><D120/><U85/><E36/><V52/><F6/><W45/><G77/><T70/><D133/><U102/><E39/><V50/><F28/><W96/><G135/><T34/><D128/><U3/><E102/><V91/><F107/><W116/><G116/><T22/><D34/><U126/><E126/><V112/><F112/><W101/><G65/><T5/><D109/><U81/><E61/><V62/><F100/><W73/><G73/><T74/><D74/><U46/><E71/><V118/><F118/><W68/><G68/><T69/><D98/><U31/><E87/><N who="2" m="48631" /><F93/><W131/><G96/><T86/><D37/><U75/><E75/><V59/><F62/><W103/><G103/><T58/><D22/><U95/><E95/><V13/><F88/><W30/><G90/><T72/><D72/><U24/><E3/><V66/><F66/><W129/><G27/><T54/><D76/><U15/><E24/><V108/><F108/><W29/><G29/><T84/><D84/><AGARI ba="2,0" hai="13,18,20,47,50,52,56,59,84,91,92" m="48631" machi="84" ten="30,7700,0" yaku="8,1,52,2,54,1" doraHai="53" who="2" fromWho="0" sc="352,-83,230,0,188,83,230,0" /><INIT seed="1,0,0,1,3,49" ten="269,230,271,230" oya="1" hai0="101,120,77,92,135,81,1,57,42,122,28,126,82" hai1="104,20,76,73,22,78,25,131,123,47,89,55,48" hai2="15,61,50,80,102,114,19,35,51,86,99,31,70" hai3="98,12,54,5,4,74,116,29,79,134,3,67,30"/><U124/><E123/><V21/><F114/><W113/><G113/><T37/><D1/><U97/><E124/><V71/><F35/><W41/><G134/><T26/><D135/><U39/><E131/><V108/><F31/><W132/><G132/><T84/><D126/><U128/><E128/><V2/><F2/><W85/><G74/><T118/><D118/><U60/><E39/><V62/><F108/><W33/><G3/><T94/><D37/><U117/><E117/><V18/><F71/><W16/><G41/><T53/><D42/><U103/><E20/><V64/><F62/><W56/><G67/><T91/><D101/><U127/><E127/><V119/><F19/><W23/><G98/><T7/><D7/><N who="3" m="2633" /><G33/><T68/><D68/><U110/><E110/><V96/><F96/><W95/><G116/><T106/><D106/><U44/><E44/><V129/><F129/><W75/><G75/><T133/><D133/><U43/><E89/><V111/><F111/><W17/><G17/><T112/><D112/><U121/><E73/><V10/><F21/><W59/><G59/><T32/><D120/><U40/><E121/><V36/><F36/><W69/><G69/><T34/><D34/><U24/><E40/><V125/><F125/><W27/><G27/><T107/><D107/><U83/><E24/><V109/><F109/><W0/><G0/><T63/><D122/><U52/><E43/><V90/><F119/><W46/><G46/><T105/><D105/><AGARI ba="0,0" hai="10,15,18,50,51,61,64,70,80,86,90,99,102,105" machi="105" ten="30,1000,0" yaku="7,1" doraHai="49" who="2" fromWho="0" sc="269,-10,230,0,271,10,230,0" /><INIT seed="2,0,0,1,1,41" ten="259,230,281,230" oya="2" hai0="83,22,1,30,75,100,29,12,14,53,32,82,70" hai1="60,11,106,73,90,55,80,62,26,120,77,91,71" hai2="76,20,78,0,61,133,112,25,13,16,135,42,52" hai3="109,117,110,86,130,72,99,36,124,6,58,10,84"/><V88/><F112/><W3/><G117/><T21/><D1/><U31/><E120/><V45/><F0/><W103/><G72/><T116/><D70/><U19/><E106/><V126/><F126/><W81/><G124/><T65/><D65/><U85/><E71/><V108/><F108/><N who="3" m="41579" /><G36/><T96/><D116/><U101/><E101/><V51/><F88/><N who="3" m="51215" /><G86/><T7/><D75/><U37/><E37/><V132/><F13/><W34/><G58/><AGARI ba="0,0" hai="16,20,25,42,45,51,52,58,61,76,78,132,133,135" machi="58" ten="40,12000,1" yaku="20,1,52,1,54,2" doraHai="41" who="2" fromWho="3" sc="259,0,230,0,281,120,230,-120" /><INIT seed="2,1,0,3,0,18" ten="259,230,401,110" oya="2" hai0="70,26,109,105,32,4,83,98,51,38,60,27,132" hai1="123,29,134,93,135,78,103,48,115,31,86,9,77" hai2="92,79,127,7,6,63,75,69,90,119,87,34,25" hai3="100,126,56,5,106,73,54,24,21,17,89,131,108"/><V20/><F119/><W59/><G108/><T66/><D38/><U96/><E115/><V112/><F127/><W117/><G126/><T0/><D109/><U74/><E123/><V68/><F34/><W61/><G117/><T42/><D132/><U64/><E74/><V15/><F112/><W55/><G131/><T80/><D26/><U12/><E64/><V81/><F15/><W133/><G133/><N who="1" m="50698" /><E48/><V45/><F45/><W85/><G73/><T33/><D33/><U128/><E128/><V99/><F69/><W110/><G110/><T50/><D4/><N who="1" m="3111" /><E86/><V13/><F13/><W113/><G5/><T71/><D71/><U19/><E19/><V82/><F68/><W35/><G35/><T67/><D67/><U129/><E129/><V107/><F63/><W36/><G36/><T53/><D0/><U3/><E3/><V116/><F116/><W94/><G113/><T95/><D50/><U121/><E121/><V39/><F39/><W1/><G1/><T41/><D41/><U97/><E97/><V46/><F46/><W47/><G47/><N who="0" m="27903" /><D42/><U76/><AGARI ba="1,0" hai="29,31,76,77,78,93,96,103" m="3111,50698" machi="76" ten="30,1100,0" yaku="20,1" doraHai="18" who="1" fromWho="1" sc="259,-4,230,14,401,-6,110,-4" /><INIT seed="3,0,0,1,3,4" ten="255,244,395,106" oya="3" hai0="105,16,72,86,22,103,15,123,80,36,14,26,8" hai1="76,12,120,109,32,102,1,127,101,31,6,56,58" hai2="88,39,92,65,48,53,107,34,10,95,44,134,62" hai3="70,50,89,100,121,114,54,131,71,116,78,40,119"/><W59/><G78/><T87/><D123/><U73/><E120/><V29/><F107/><W38/><G121/><T27/><D36/><U68/><E68/><N who="3" m="26154" /><G100/><T33/><D72/><U23/><E102/><V94/><F92/><W91/><G91/><T135/><D33/><U25/><E101/><V108/><F94/><W66/><G89/><T99/><D135/><U41/><E41/><V75/><F10/><W61/><G114/><T18/><D86/><U28/><E28/><V24/><F95/><W130/><G40/><T82/><D82/><N who="1" m="45327" /><E127/><V74/><F88/><AGARI ba="0,0" hai="8,14,15,16,18,22,26,27,80,87,88,99,103,105" machi="88" ten="30,7700,0" yaku="7,1,52,1,54,2" doraHai="4" who="0" fromWho="2" sc="255,77,244,0,395,-77,106,0" owari="332,43.2,244,-15.6,318,11.8,106,-39.4" /></mjloggm>