<mjloggm ver="2.3"><GO type="225" lobby="0"/><UN n0="%6D%75%75%6D%75%72%61" n1="%E3%81%AF%E3%82%88%E3%81%8A%E3%81%98%E3%81%95%E3%82%93" n2="%E3%81%82%E3%81%84%E3%81%82%E3%81%8A%E3%81%84" n3="%72%69%6F%75%63%68%61%6E" dan="17,16,18,17" rate="2246.33,2159.06,2174.08,2271.91" sx="F,M,M,M"/><TAIKYOKU oya="0"/><INIT seed="0,0,0,0,0,87" ten="250,250,250,250" oya="0" hai0="101,93,1,69,91,119,120,67,37,117,68,134,3" hai1="72,12,83,73,2,128,31,75,124,60,118,88,46" hai2="15,9,79,4,81,61,16,56,55,126,45,127,47" hai3="89,113,135,94,82,131,38,21,59,39,42,116,27"/><T123/><D101/><U132/><E2/><V57/><F57/><W54/><G131/><T104/><D104/><U95/><E31/><V28/><F28/><W103/><G135/><T48/><D37/><U66/><E118/><V80/><F80/><W107/><G113/><T30/><D30/><U10/><E128/><V36/><F4/><W102/><G116/><T112/><D48/><U133/><E124/><N who="2" m="47659" /><F36/><W130/><G130/><T19/><D19/><U6/><E83/><V53/><F55/><W11/><G82/><T92/><D67/><U41/><E46/><V65/><F53/><W0/><G107/><T24/><D24/><U13/><E13/><V18/><F18/><N who="3" m="12727" /><G38/><T23/><D23/><U96/><REACH who="1" step="1"/><E41/><REACH who="1" ten="250,240,250,250" step="2"/><V35/><F35/><W62/><G0/><T85/><D117/><U97/><E97/><V98/><F98/><N who="3" m="57679" /><G11/><T33/><D119/><U63/><E63/><V14/><F15/><W34/><G34/><T74/><D33/><U43/><E43/><V52/><F65/><W110/><G110/><T78/><D3/><U105/><E105/><V8/><F8/><W84/><G84/><AGARI ba="0,1" hai="9,14,16,45,47,52,56,61,79,81,84" m="47659" machi="84" ten="30,3900,0" yaku="18,1,54,2" doraHai="87" who="2" fromWho="3" sc="250,0,240,0,250,49,250,-39" /><INIT seed="1,0,0,3,4,35" ten="250,240,299,211" oya="1" hai0="50,119,128,0,86,77,4,67,85,110,5,123,61" hai1="112,81,111,28,125,45,134,68,122,71,8,102,15" hai2="114,53,65,38,20,46,74,47,24,80,34,94,93" hai3="13,121,97,16,51,82,91,96,83,124,22,63,127"/><U135/><E122/><V37/><F34/><W90/><G121/><T132/><D119/><U70/><E112/><V57/><F65/><W101/><G63/><T55/><D123/><U113/><E113/><V120/><F120/><W103/><G51/><T18/><D110/><U3/><E111/><V17/><F114/><W92/><G90/><T133/><D128/><U29/><E125/><N who="3" m="48202" /><G91/><T26/><D18/><U19/><E102/><V48/><F74/><W12/><G13/><T59/><D26/><U62/><E62/><V42/><F80/><W118/><G118/><T107/><D107/><AGARI ba="0,0" hai="12,16,22,82,83,92,96,97,101,103,107" m="48202" machi="107" ten="30,2000,0" yaku="18,1,54,1" doraHai="35" who="3" fromWho="0" sc="250,-20,240,0,299,0,211,20" /><INIT seed="2,0,0,5,4,21" ten="230,240,299,231" oya="2" hai0="65,104,113,15,5,131,74,44,106,38,126,105,92" hai1="132,84,86,28,56,103,80,32,78,68,79,53,47" hai2="39,69,13,61,62,124,63,112,134,98,4,95,12" hai3="16,91,18,75,41,83,36,64,0,122,125,88,17"/><V55/><F39/><W22/><G122/><T57/><D113/><U100/><E68/><V46/><F112/><W11/><G125/><T70/><D126/><U115/><E115/><V19/><F124/><W123/><G123/><T90/><D70/><U82/><E132/><V49/><F134/><W20/><G64/><T89/><D74/><U116/><E116/><V120/><F120/><W52/><G52/><T111/><D111/><U45/><E28/><V30/><F30/><W3/><G20/><T121/><D121/><U118/><E32/><V130/><F130/><W77/><G22/><T66/><D131/><U119/><E53/><V29/><F29/><W97/><G97/><T40/><D90/><U7/><E7/><V6/><F13/><W35/><G35/><T101/><D101/><U31/><E31/><V58/><F46/><N who="3" m="23847" /><G0/><T110/><D110/><U71/><E71/><V102/><REACH who="2" step="1"/><F69/><REACH who="2" ten="230,240,289,231" step="2"/><W14/><G14/><T128/><D128/><U87/><E118/><V9/><AGARI ba="0,1" hai="4,6,9,12,19,49,55,58,61,62,63,95,98,102" machi="9" ten="30,11700,0" yaku="1,1,2,1,0,1,8,1,53,0" doraHai="21" doraHaiUra="33" who="2" fromWho="2" sc="230,-39,240,-39,289,127,231,-39" /><INIT seed="2,1,0,2,1,77" ten="191,201,416,192" oya="2" hai0="89,1,64,84,108,117,80,75,76,119,62,73,12" hai1="111,95,103,10,114,30,96,61,68,131,127,135,94" hai2="4,112,33,116,23,22,109,133,59,46,129,102,19" hai3="97,45,15,106,104,27,3,79,132,98,28,43,34"/><V17/><F112/><W38/><G132/><T125/><D1/><U121/><E114/><V101/><F33/><W16/><G3/><T92/><D108/><U115/><E115/><V53/><F116/><N who="0" m="44618" /><D125/><U31/><E111/><V25/><F4/><W126/><G126/><T0/><D0/><U107/><E127/><V100/><F109/><W123/><G123/><T18/><D18/><U55/><E135/><V72/><F72/><W124/><G124/><T32/><D12/><U120/><E131/><V110/><F129/><W78/><G97/><N who="0" m="57487" /><D32/><U13/><E31/><V71/><F71/><AGARI ba="1,0" hai="62,64,71,73,75,76,80,84" m="57487,44618" machi="71" ten="30,2000,0" yaku="12,1,52,1" doraHai="77" who="0" fromWho="2" sc="191,23,201,0,416,-23,192,0" /><INIT seed="3,0,0,1,3,1" ten="214,201,393,192" oya="3" hai0="78,114,74,15,48,43,11,100,64,73,106,29,49" hai1="116,134,51,91,109,55,86,5,6,117,82,115,120" hai2="63,111,42,132,76,53,62,12,68,39,34,108,67" hai3="119,102,36,3,85,71,77,105,75,33,37,83,46"/><W27/><G119/><N who="1" m="45642" /><E109/><N who="2" m="42059" /><F34/><W18/><G3/><T21/><D106/><U61/><E134/><V81/><F132/><W31/><G18/><T122/><D64/><U57/><E115/><V9/><F53/><W25/><G25/><T69/><D69/><U54/><E120/><V58/><F42/><W14/><G14/><T79/><D100/><U104/><E104/><V101/><F101/><W90/><G71/><T38/><D122/><U95/><E95/><V113/><F39/><W125/><G125/><T80/><D38/><U65/><E55/><N who="2" m="34143" /><F113/><W41/><G37/><T110/><D43/><U103/><E103/><V126/><F126/><W20/><G33/><T30/><D114/><U47/><AGARI ba="0,0" hai="5,6,47,51,54,57,61,65,82,86,91" m="45642" machi="47" ten="30,4000,0" yaku="12,1,52,2" doraHai="1" who="1" fromWho="1" sc="214,-10,201,40,393,-10,192,-20" owari="204,-19.6,241,4.1,383,48.3,172,-32.8" /></mjloggm>