<mjloggm ver="2.3"><GO type="225" lobby="0"/><UN n0="%E7%9C%9F%E4%B8%80" n1="%E3%81%A6%E3%81%A4%EF%BC%A3" n2="%72%69%6F%75%63%68%61%6E" n3="%72%61%6B%33" dan="17,16,17,17" rate="2239.54,2085.81,2256.01,2301.22" sx="M,M,M,M"/><TAIKYOKU oya="0"/><INIT seed="0,0,0,5,2,46" ten="250,250,250,250" oya="0" hai0="6,7,21,112,101,96,40,60,47,15,42,50,87" hai1="99,53,105,135,54,133,26,37,110,125,43,111,127" hai2="70,132,79,11,123,64,31,36,94,49,35,104,44" hai3="34,25,108,28,51,32,126,115,12,18,56,62,98"/><T128/><D128/><U71/><E105/><V77/><F123/><W67/><G108/><N who="1" m="41514" /><E71/><V102/><F132/><N who="1" m="50761" /><E99/><N who="2" m="61535" /><F36/><W84/><G126/><N who="1" m="48138" /><E26/><N who="2" m="18935" /><F11/><W134/><G134/><T68/><D112/><U57/><E57/><V75/><F75/><W9/><G115/><T109/><D109/><U121/><E121/><V91/><F91/><W117/><G117/><T45/><D96/><U76/><E76/><V16/><F94/><W69/><G98/><T39/><D101/><U74/><E74/><V129/><F129/><W27/><G84/><T33/><D87/><U100/><E100/><V82/><F82/><W83/><G83/><T103/><D103/><U61/><E61/><N who="2" m="40207" /><F16/><W106/><G106/><T65/><D68/><U90/><E90/><V22/><F22/><W89/><G89/><T118/><D60/><U41/><E37/><V3/><F3/><W78/><G78/><T2/><D2/><U23/><E23/><V1/><F1/><W97/><G97/><T52/><D21/><U24/><E24/><V120/><F120/><W13/><G13/><T5/><D15/><U72/><E72/><V122/><F122/><W130/><G27/><T66/><D33/><U58/><E58/><V93/><F93/><W116/><G34/><T88/><D88/><U20/><E20/><V4/><F4/><W119/><G130/><T80/><D7/><U95/><E95/><V92/><F92/><W107/><G107/><T30/><D6/><U10/><E10/><V63/><F63/><W14/><G14/><T81/><D5/><U114/><E114/><V48/><F48/><W38/><G38/><RYUUKYOKU ba="0,0" sc="250,-30,250,10,250,10,250,10" hai1="41,43,53,54" hai2="44,49,77,79" hai3="9,12,18,25,28,32,51,56,62,67,69,116,119" /><INIT seed="1,1,0,1,2,43" ten="220,260,260,260" oya="1" hai0="132,90,22,84,68,12,83,93,36,46,95,116,131" hai1="130,32,10,89,112,101,111,76,119,104,29,108,35" hai2="106,74,133,102,51,129,63,65,85,126,34,30,45" hai3="6,87,98,60,5,19,118,81,94,7,18,79,125"/><U16/><E112/><V61/><F74/><W33/><G33/><T41/><D116/><U55/><E119/><V48/><F126/><W107/><G118/><T17/><D131/><U21/><E130/><V47/><F129/><W122/><G122/><T70/><REACH who="0" step="1"/><D132/><REACH who="0" ten="210,260,260,260" step="2"/><U31/><E111/><V128/><F128/><W54/><G125/><T8/><D8/><U115/><E10/><V1/><F133/><W114/><G114/><T99/><D99/><U4/><E115/><V121/><F121/><W9/><G9/><T27/><D27/><U78/><E108/><V40/><F1/><W75/><G107/><T11/><D11/><U69/><E4/><V14/><F14/><W71/><G7/><T2/><D2/><U37/><E104/><V0/><F0/><W82/><G5/><T56/><D56/><U117/><E117/><V110/><F110/><W3/><G6/><T66/><D66/><U100/><E69/><AGARI ba="1,1" hai="12,17,22,36,41,46,68,69,70,83,84,90,93,95" machi="69" ten="40,5200,0" yaku="1,1,52,1,53,1" doraHai="43" doraHaiUra="15" who="0" fromWho="1" sc="210,65,260,-55,260,0,260,0" /><INIT seed="2,0,0,2,0,21" ten="275,205,260,260" oya="2" hai0="64,134,41,62,23,14,44,125,9,60,96,16,50" hai1="70,104,1,66,25,81,109,34,123,6,29,38,94" hai2="75,55,116,8,110,107,115,37,117,47,18,67,74" hai3="108,68,65,42,98,95,90,120,43,58,105,46,99"/><V0/><F115/><W127/><G120/><T22/><D134/><U111/><E104/><V26/><F107/><W106/><G68/><T51/><D125/><U31/><E123/><V69/><F110/><N who="1" m="41993" /><E38/><V119/><F55/><W121/><G108/><T35/><D35/><U114/><E114/><V128/><F128/><W82/><G127/><T54/><D96/><U59/><E94/><V101/><F101/><W15/><G121/><T78/><D78/><U91/><E29/><V40/><F26/><W73/><G15/><T113/><D113/><U12/><E70/><V122/><F122/><W130/><G130/><T97/><D97/><U83/><E91/><V53/><F53/><W11/><G99/><T45/><REACH who="0" step="1"/><D62/><REACH who="0" ten="265,205,260,260" step="2"/><N who="1" m="38239" /><E1/><V80/><F0/><W39/><G98/><T133/><D133/><U3/><E3/><V135/><F135/><W76/><G106/><T85/><D85/><U63/><E63/><N who="2" m="40191" /><F119/><W7/><G105/><T79/><D79/><U13/><E6/><V87/><F74/><W4/><G73/><T17/><D17/><U61/><E61/><V126/><F75/><W93/><G4/><T32/><D32/><U52/><E52/><V100/><F126/><W131/><G7/><T86/><D86/><U71/><E71/><AGARI ba="0,1" hai="9,14,16,22,23,41,44,45,50,51,54,60,64,71" machi="71" ten="30,3900,0" yaku="1,1,7,1,54,1,53,0" doraHai="21" doraHaiUra="89" who="0" fromWho="1" sc="265,49,205,-39,260,0,260,0" /><INIT seed="3,0,0,0,3,82" ten="314,166,260,260" oya="3" hai0="125,86,112,9,133,58,36,45,11,38,110,21,42" hai1="41,30,48,18,60,87,51,53,25,101,3,120,102" hai2="92,39,19,94,122,128,97,46,0,63,104,28,27" hai3="115,118,29,40,34,80,121,14,1,24,132,114,117"/><W77/><G121/><T93/><D110/><U126/><E120/><V65/><F122/><W12/><G40/><T81/><D38/><U111/><E111/><V88/><F0/><W47/><G47/><T106/><D106/><U22/><E3/><V13/><F128/><W109/><G109/><T64/><D133/><U62/><E126/><V61/><F104/><W113/><G132/><T119/><D119/><U108/><E108/><V89/><F65/><W43/><G43/><T8/><D125/><U7/><E7/><V32/><F46/><W73/><REACH who="3" step="1"/><G1/><REACH who="3" ten="314,166,260,250" step="2"/><T5/><D42/><U37/><E37/><V49/><F39/><W131/><G131/><T91/><D36/><U134/><E134/><V76/><F49/><W33/><G33/><T107/><D45/><U96/><E41/><V116/><F116/><AGARI ba="0,1" hai="12,14,24,29,34,73,77,80,113,114,115,116,117,118" machi="116" ten="50,4800,0" yaku="1,1,53,1" doraHai="82" doraHaiUra="79" who="3" fromWho="2" sc="314,0,166,0,260,-48,250,58" /><INIT seed="3,1,0,2,3,107" ten="314,166,212,308" oya="3" hai0="98,33,105,42,69,94,48,86,80,61,18,25,16" hai1="92,19,37,34,130,20,51,40,97,113,29,85,112" hai2="120,6,108,39,57,46,102,104,41,134,129,28,43" hai3="27,62,70,21,59,79,119,68,54,26,8,56,7"/><W84/><G119/><T128/><D105/><U31/><E37/><V11/><F108/><W50/><G79/><T87/><D128/><U0/><E0/><V47/><F129/><W30/><G84/><T117/><D117/><U133/><E130/><V88/><F134/><W12/><G26/><T17/><D69/><U122/><E122/><V96/><F120/><W93/><G93/><T118/><D118/><U123/><E133/><V55/><F28/><W82/><G82/><T126/><D126/><U90/><E123/><V44/><F88/><W63/><G63/><T110/><D110/><U100/><E113/><V125/><F125/><W22/><G22/><N who="0" m="13511" /><D61/><U35/><E112/><V64/><F64/><AGARI ba="1,0" hai="7,8,12,21,27,30,50,54,56,59,62,64,68,70" machi="64" ten="30,1500,0" yaku="7,1" doraHai="107" who="3" fromWho="2" sc="314,0,166,0,212,-18,308,18" owari="314,11.4,166,-33.4,194,-20.6,326,42.6" /></mjloggm>