<mjloggm ver="2.3"><GO type="225" lobby="0"/><UN n0="%E5%BE%80%E5%B9%B4%E3%81%AE%E3%82%B4%E3%83%AA%E3%83%A9" n1="%E4%BF%BA%E3%81%A8%E5%A6%96%E5%A4%A2" n2="%32%E9%99%90" n3="%E3%81%8B%E3%82%8F%E3%81%A1%E3%82%83%E3%82%93%35%38" dan="16,17,16,16" rate="2110.39,2211.18,2138.37,2107.28" sx="M,F,M,M"/><TAIKYOKU oya="0"/><INIT seed="0,0,0,3,3,8" ten="250,250,250,250" oya="0" hai0="5,134,96,131,59,66,1,31,20,112,36,28,4" hai1="43,135,74,15,93,133,104,51,76,13,52,102,105" hai2="63,87,10,78,118,11,91,77,6,2,86,117,21" hai3="88,98,111,120,12,95,92,129,34,99,132,25,80"/><T90/><D112/><U14/><E43/><V26/><F63/><W49/><G111/><T9/><D134/><N who="1" m="51211" /><E76/><V68/><F68/><W85/><G132/><T47/><D131/><U82/><E82/><V7/><F21/><W110/><G129/><T23/><D5/><U0/><E0/><V60/><F60/><W70/><G70/><T130/><D130/><U17/><E17/><V67/><F26/><W115/><G115/><T109/><D109/><U42/><E42/><V113/><F67/><W126/><G110/><T33/><D36/><U81/><E81/><V75/><F75/><W46/><G126/><T29/><D47/><N who="1" m="27775" /><E74/><V54/><F54/><W84/><G120/><T107/><D1/><U73/><E73/><V39/><F39/><W62/><G80/><T3/><D3/><U19/><E19/><V53/><F53/><W41/><G62/><T61/><D4/><U101/><E93/><V103/><F113/><W83/><G12/><T94/><D107/><AGARI ba="0,0" hai="13,14,15,101,102,104,105,107" m="27775,51211" machi="107" ten="40,8000,1" yaku="20,1,52,3,54,1" doraHai="8" who="1" fromWho="0" sc="250,-80,250,80,250,0,250,0" /><INIT seed="1,0,0,5,3,98" ten="170,330,250,250" oya="1" hai0="116,37,41,92,25,80,13,23,128,51,52,22,112" hai1="49,38,55,44,89,78,103,3,14,11,135,12,24" hai2="65,4,27,6,106,56,121,76,30,54,72,123,33" hai3="58,57,90,97,31,47,15,115,113,17,19,63,39"/><U18/><E135/><V28/><F106/><W107/><G31/><T81/><D112/><U35/><E38/><V126/><F65/><W5/><G5/><T62/><D116/><U48/><E78/><V104/><F104/><W82/><G58/><T59/><D128/><U43/><E3/><V85/><F72/><W100/><G19/><T127/><D127/><U134/><E134/><V129/><F28/><W99/><G47/><T109/><D109/><U124/><E124/><V67/><F67/><W77/><G39/><T130/><D130/><U9/><E24/><V83/><F129/><W125/><G90/><T133/><D133/><U84/><E35/><V45/><F45/><W60/><G99/><T2/><D2/><U69/><E69/><V8/><F126/><W53/><G63/><T88/><D13/><U1/><E1/><V50/><REACH who="2" step="1"/><F8/><REACH who="2" ten="170,330,240,250" step="2"/><W94/><G107/><T10/><D10/><U93/><E9/><V79/><F79/><W110/><G125/><T46/><D37/><U132/><E11/><V75/><F75/><W119/><G119/><T131/><D131/><U29/><E29/><V70/><F70/><W111/><G110/><T64/><D64/><U0/><E132/><V40/><F40/><W114/><G111/><T74/><D74/><U71/><E71/><V105/><F105/><W73/><G114/><T117/><D117/><U102/><E0/><V66/><F66/><W42/><G42/><T34/><D34/><U86/><E43/><V96/><F96/><W101/><G115/><T36/><D36/><U21/><E44/><V122/><AGARI ba="0,1" hai="4,6,27,30,33,50,54,56,76,83,85,121,122,123" machi="122" ten="30,4000,0" yaku="1,1,5,1,0,1,53,0" doraHai="98" doraHaiUra="91" who="2" fromWho="2" sc="170,-10,330,-20,240,50,250,-10" /><INIT seed="2,0,0,3,1,51" ten="160,310,290,240" oya="2" hai0="26,120,28,70,109,117,90,64,77,34,80,63,111" hai1="101,102,11,58,24,40,68,15,55,105,128,39,57" hai2="74,47,93,72,21,115,4,42,29,125,23,84,54" hai3="35,73,130,5,122,123,132,119,53,8,98,41,118"/><V97/><F115/><W52/><G98/><T86/><D120/><N who="3" m="46121" /><G73/><T92/><REACH who="0" step="1"/><D117/><REACH who="0" ten="150,310,290,240" step="2"/><U83/><E128/><V38/><F125/><W20/><G119/><T99/><AGARI ba="0,1" hai="26,28,34,63,64,70,77,80,86,90,92,99,109,111" machi="99" ten="30,7900,0" yaku="1,1,2,1,0,1,53,1" doraHai="51" doraHaiUra="94" who="0" fromWho="0" sc="150,89,310,-20,290,-39,240,-20" /><INIT seed="3,0,0,4,3,55" ten="239,290,251,220" oya="3" hai0="2,38,73,103,107,91,72,1,60,75,42,87,97" hai1="25,78,110,5,76,9,86,104,41,117,16,12,43" hai2="99,18,130,96,126,49,109,83,64,77,119,46,14" hai3="85,128,79,40,7,67,118,28,29,61,95,57,19"/><W92/><G118/><T13/><D13/><U45/><E117/><V84/><F119/><W31/><G128/><T71/><D42/><U122/><E122/><V65/><F109/><W120/><G120/><T35/><D38/><U8/><E104/><V74/><F74/><W59/><G40/><N who="1" m="15434" /><E110/><V114/><F126/><W102/><G7/><T89/><D35/><U15/><E45/><V47/><F114/><W100/><G19/><T93/><D71/><U106/><E106/><V134/><F134/><W108/><G108/><T32/><D32/><U48/><E48/><V51/><F49/><W113/><G113/><T80/><D60/><U4/><E86/><V121/><F130/><W11/><G11/><T66/><D2/><U20/><AGARI ba="0,0" hai="4,5,8,9,12,15,16,20,25,76,78" m="15434" machi="20" ten="30,2000,0" yaku="8,1,54,1" doraHai="55" who="1" fromWho="1" sc="239,-5,290,20,251,-5,220,-10" owari="234,-16.6,310,41.0,246,4.6,210,-29.0" /></mjloggm>