<mjloggm ver="2.3"><GO type="225" lobby="0"/><UN n0="%E7%99%BD%E6%97%A5%E9%9B%AA%E8%8F%9C" n1="%72%65%6E%6B%75%6E" n2="%E3%81%AF%E3%82%88%E3%81%8A%E3%81%98%E3%81%95%E3%82%93" n3="%E3%81%B2%E3%81%AA%E3%81%AE%E3%82%8A%E3%81%8F" dan="16,17,17,17" rate="2180.05,2218.35,2240.22,2229.03" sx="M,M,M,M"/><TAIKYOKU oya="0"/><INIT seed="0,0,0,3,4,28" ten="250,250,250,250" oya="0" hai0="27,66,72,94,126,20,105,80,104,71,32,93,41" hai1="3,91,2,134,49,24,47,35,4,25,74,39,101" hai2="106,95,87,75,90,88,102,77,58,5,45,65,67" hai3="129,83,76,110,8,128,81,40,12,36,78,69,124"/><T52/><D32/><U29/><E29/><V98/><F5/><W46/><G124/><T21/><D126/><U107/><E74/><V118/><F118/><W17/><G69/><T113/><D113/><U127/><E39/><V121/><F121/><W120/><G110/><T6/><D41/><U38/><E38/><V63/><F45/><W99/><G99/><T79/><D6/><U86/><E127/><V18/><F18/><W22/><G120/><T116/><D116/><U82/><E134/><V111/><F111/><W23/><G81/><T14/><D14/><U97/><E35/><V130/><F130/><N who="3" m="50283" /><G76/><T85/><D20/><U44/><E44/><V30/><F30/><W96/><G96/><T54/><D71/><U59/><E59/><V115/><F90/><W114/><G114/><T10/><D66/><U117/><E117/><V48/><F115/><W56/><G56/><T51/><D10/><U43/><REACH who="1" step="1"/><E4/><REACH who="1" ten="250,240,250,250" step="2"/><V31/><F31/><W26/><G26/><AGARI ba="0,1" hai="2,3,24,25,26,43,47,49,82,86,91,97,101,107" machi="26" ten="40,5200,0" yaku="1,1,2,1,53,1" doraHai="28" doraHaiUra="84" who="1" fromWho="3" sc="250,0,240,62,250,0,250,-52" /><INIT seed="1,0,0,1,1,75" ten="250,302,250,198" oya="1" hai0="55,74,72,102,2,63,65,110,123,34,97,54,116" hai1="17,46,11,114,40,21,36,85,132,133,35,115,83" hai2="100,129,56,68,16,76,103,118,38,86,61,96,95" hai3="7,58,48,104,112,92,0,120,43,3,15,10,135"/><U117/><E117/><V20/><F129/><W105/><G120/><T125/><D116/><U57/><E11/><V107/><F38/><W49/><G112/><T33/><D2/><U29/><E29/><V93/><F68/><W26/><G135/><N who="1" m="51786" /><E57/><V31/><F118/><W130/><G130/><T106/><D110/><U111/><E35/><V78/><F31/><W60/><G26/><T4/><D4/><U109/><E114/><V126/><F126/><W134/><G134/><T44/><D125/><U99/><E99/><N who="2" m="59503" /><F86/><W108/><G108/><N who="1" m="41546" /><E115/><V91/><F103/><W8/><G3/><T119/><D119/><U30/><E30/><V37/><F107/><W23/><G23/><T67/><D106/><U94/><E94/><V41/><F56/><W9/><G92/><T5/><D97/><U32/><E32/><V19/><F96/><W124/><G124/><T122/><D34/><U80/><E85/><V128/><F95/><W39/><G105/><T42/><D33/><U22/><E22/><V70/><F20/><W66/><G104/><T53/><D74/><U14/><AGARI ba="0,0" hai="14,17,21,36,40,46,80,83" m="41546,51786" machi="14" ten="30,6000,0" yaku="20,1,14,1,10,1" doraHai="75" who="1" fromWho="1" sc="250,-20,302,60,250,-20,198,-20" /><INIT seed="1,1,0,4,0,50" ten="230,362,230,178" oya="1" hai0="70,100,57,28,126,68,87,114,2,16,121,65,12" hai1="78,32,128,63,112,71,102,24,132,109,61,83,30" hai2="101,38,4,25,3,69,47,21,82,96,42,31,27" hai3="108,60,80,76,7,34,5,43,119,20,93,107,17"/><U118/><E112/><V26/><F69/><W88/><G107/><T41/><D2/><U52/><E118/><V122/><F122/><W116/><G34/><T99/><D114/><U127/><E127/><V135/><F135/><W9/><G43/><T95/><D126/><U18/><E132/><V98/><F3/><W14/><G108/><T124/><D124/><U105/><E109/><V23/><F4/><W97/><G60/><T66/><D121/><U81/><E128/><V113/><F113/><W125/><G125/><T54/><D41/><U90/><E90/><V91/><F21/><W67/><G67/><T77/><D28/><U0/><E0/><V131/><F131/><W72/><REACH who="3" step="1"/><G7/><REACH who="3" ten="230,362,230,168" step="2"/><T11/><D70/><U133/><E133/><V73/><F42/><W129/><G129/><T117/><D68/><U115/><E63/><V49/><F38/><W123/><G123/><T75/><D117/><U64/><E115/><V134/><F134/><W103/><G103/><T19/><D66/><U89/><E102/><V35/><F35/><W6/><G6/><T120/><D65/><U92/><E105/><V84/><F101/><W51/><G51/><N who="0" m="30943" /><D120/><U39/><E61/><V58/><F49/><W130/><G130/><T104/><D104/><U22/><E64/><V13/><F31/><W10/><G10/><T37/><D37/><U40/><E71/><V15/><F23/><W106/><G106/><T53/><D11/><U79/><E40/><V62/><F62/><W86/><G86/><T94/><D87/><N who="1" m="52287" /><E39/><V29/><F84/><W1/><AGARI ba="1,1" hai="1,5,9,14,17,20,72,76,80,88,93,97,116,119" machi="1" ten="30,4000,0" yaku="1,1,0,1,54,1,53,0" doraHai="50" doraHaiUra="44" who="3" fromWho="3" sc="230,-11,362,-21,230,-11,168,53" /><INIT seed="2,0,0,5,3,87" ten="219,341,219,221" oya="2" hai0="114,63,22,6,17,50,76,55,68,10,90,102,80" hai1="103,130,126,92,20,75,135,33,84,86,83,67,116" hai2="108,71,51,44,133,21,109,123,117,61,4,62,29" hai3="52,1,89,48,134,99,78,30,81,95,41,60,19"/><V32/><F117/><W45/><G134/><T43/><D114/><U18/><E33/><V88/><F123/><W65/><G1/><T124/><D124/><U25/><E116/><V15/><F133/><W46/><G30/><T85/><D102/><U70/><E135/><V8/><F32/><W98/><G19/><T2/><D43/><U47/><E126/><V42/><F71/><W115/><G99/><T82/><D63/><U12/><E130/><V56/><F21/><W97/><G97/><T132/><D68/><U113/><E113/><V53/><F29/><W31/><G31/><T125/><D125/><U54/><E70/><V112/><F112/><W120/><G120/><T105/><D105/><U13/><E67/><V111/><REACH who="2" step="1"/><F88/><REACH who="2" ten="219,341,209,221" step="2"/><W9/><G115/><T91/><D132/><U49/><E103/><V118/><F118/><W64/><G9/><T106/><D91/><N who="1" m="53351" /><E75/><V59/><F59/><W69/><G69/><T58/><D76/><AGARI ba="0,1" hai="12,13,18,20,25,47,49,54,76,83,86" m="53351" machi="76" ten="30,2000,0" yaku="8,1,52,1" doraHai="87" who="1" fromWho="0" sc="219,-20,341,30,209,0,221,0" /><INIT seed="3,0,0,1,4,45" ten="199,371,209,221" oya="3" hai0="110,85,129,23,82,36,134,111,56,49,65,68,28" hai1="15,51,1,71,99,55,75,79,48,115,42,6,33" hai2="88,131,87,26,34,116,103,120,117,14,100,59,32" hai3="109,133,2,74,31,78,94,83,58,77,12,93,76"/><W132/><G2/><T19/><D36/><U57/><E33/><V105/><F131/><W18/><G31/><T5/><D129/><U54/><E71/><V84/><F120/><W73/><G109/><N who="0" m="41483" /><D134/><N who="3" m="51817" /><G58/><T62/><D5/><U128/><E42/><V4/><F87/><W67/><G67/><T25/><D49/><U38/><E38/><V7/><F59/><W30/><G30/><T108/><N who="0" m="41491" /><T121/><DORA hai="135" /><D121/><U35/><E35/><V114/><F114/><W104/><G104/><T24/><D68/><U101/><E1/><V72/><F72/><N who="3" m="27755" /><G83/><T21/><D82/><U63/><E115/><V92/><F34/><W60/><G60/><T130/><D130/><U98/><E128/><V50/><F105/><W106/><G106/><T13/><D85/><U80/><E63/><V61/><F61/><W47/><G47/><T3/><D3/><U40/><E80/><V91/><F116/><W81/><G81/><T122/><D122/><U10/><E75/><V102/><F117/><W22/><AGARI ba="0,0" hai="12,18,22,76,77,78,93,94" m="27755,51817" machi="22" ten="40,2100,0" yaku="20,1" doraHai="45,135" who="3" fromWho="3" sc="199,-7,371,-7,209,-7,221,21" /><INIT seed="3,1,0,4,4,126" ten="192,364,202,242" oya="3" hai0="5,116,43,115,87,129,74,66,122,121,76,56,7" hai1="99,50,108,58,82,32,28,69,25,86,49,89,97" hai2="73,124,63,34,10,79,41,20,132,60,29,68,91" hai3="94,112,107,51,57,120,90,62,33,96,70,109,75"/><W127/><G112/><T38/><D116/><U64/><E108/><V54/><F34/><W6/><G120/><T125/><D74/><U128/><E128/><V42/><F124/><W135/><G70/><T3/><D125/><U71/><E50/><V131/><F131/><W130/><G130/><T59/><D129/><U52/><E64/><V27/><F132/><W104/><G33/><T47/><D115/><U19/><E19/><V16/><F73/><W26/><G135/><T13/><D3/><U4/><E4/><V46/><F79/><W22/><G6/><T8/><D5/><U67/><E67/><V102/><F102/><W78/><G51/><N who="0" m="27135" /><D66/><U77/><REACH who="1" step="1"/><E89/><REACH who="1" ten="192,354,202,242" step="2"/><V101/><F91/><W35/><G109/><T9/><D38/><U39/><E39/><V106/><F16/><W36/><G36/><T72/><D72/><U17/><E17/><V48/><F63/><W103/><G90/><T40/><D40/><U133/><E133/><V53/><F42/><W11/><G62/><T2/><D121/><U113/><E113/><V123/><F123/><W18/><G75/><T85/><D122/><U80/><E80/><V95/><F60/><W111/><G18/><N who="0" m="8487" /><D76/><U24/><E24/><V88/><F68/><AGARI ba="1,1" hai="25,28,32,49,52,58,68,69,71,77,82,86,97,99" machi="68" ten="40,2600,0" yaku="1,1,54,1,53,0" doraHai="126" doraHaiUra="0" who="1" fromWho="2" sc="192,0,354,39,202,-29,242,0" owari="192,-20.8,393,49.3,173,-32.7,242,4.2" /></mjloggm>