<mjloggm ver="2.3"><GO type="225" lobby="0"/><UN n0="%E7%89%B9%E6%9D%B1%E3%81%AF%E4%B8%96%E7%95%8C%E3%82%92%E6%95%91%E3%81%86" n1="%E4%BE%BF%E6%89%80" n2="%E3%82%B2%E3%82%B9%E8%8C%82%E5%8B%9D" n3="%E6%B4%BE%E9%81%A3%E3%81%AE%E3%82%B8%E3%83%A3%E3%83%83%E3%82%AF" dan="16,16,16,17" rate="2109.94,2054.76,2052.02,2202.37" sx="M,M,F,M"/><TAIKYOKU oya="0"/><INIT seed="0,0,0,1,3,112" ten="250,250,250,250" oya="0" hai0="3,65,85,71,25,98,23,12,78,131,20,55,26" hai1="46,126,72,2,16,99,121,59,96,116,31,30,115" hai2="90,108,123,44,43,27,93,68,56,42,128,91,11" hai3="64,36,130,109,100,37,9,48,66,105,83,120,70"/><T51/><D3/><U13/><E121/><V106/><F123/><W17/><G120/><T22/><D131/><U7/><E72/><V102/><F68/><W127/><G83/><T111/><D111/><U41/><E115/><V133/><F106/><W1/><G109/><T107/><D71/><U53/><E126/><V77/><F108/><W122/><G122/><T6/><D65/><U92/><E2/><V82/><F102/><W80/><G48/><T14/><D107/><U67/><E7/><V57/><F133/><W45/><G80/><N who="0" m="47255" /><D98/><U113/><E67/><V60/><F11/><W8/><G127/><T4/><D6/><U15/><E15/><N who="0" m="5673" /><D4/><U35/><E35/><V101/><F128/><W135/><G130/><T94/><D94/><U129/><E129/><V39/><F101/><W28/><G135/><T87/><D87/><U75/><E75/><V38/><F93/><W18/><G1/><T29/><D29/><N who="1" m="10763" /><E92/><V104/><F104/><W134/><G134/><T63/><D63/><N who="1" m="36335" /><E113/><V76/><F60/><N who="3" m="40199" /><G66/><T58/><AGARI ba="0,0" hai="20,22,23,25,26,51,55,58" m="5673,47255" machi="58" ten="30,1500,0" yaku="8,1" doraHai="112" who="0" fromWho="0" sc="250,15,250,-5,250,-5,250,-5" /><INIT seed="0,1,0,1,4,116" ten="265,245,245,245" oya="0" hai0="25,29,101,121,126,69,86,132,61,112,53,4,52" hai1="65,110,95,87,9,26,130,56,17,55,99,54,102" hai2="119,84,71,134,96,6,51,18,66,62,8,63,124" hai3="127,36,88,89,32,94,97,49,59,67,33,93,80"/><T43/><D112/><U64/><E110/><V12/><F119/><W21/><G36/><T42/><D132/><U27/><E130/><V57/><F134/><W24/><G127/><T131/><D131/><U129/><E129/><V75/><F75/><W118/><G118/><T48/><D126/><U31/><E87/><V125/><F51/><W19/><G80/><T30/><D121/><U98/><E98/><V114/><F114/><W122/><G122/><T79/><D101/><U109/><E109/><V120/><F120/><W115/><G115/><T5/><D69/><U76/><E76/><V50/><F50/><W92/><G92/><T81/><D61/><U20/><E54/><V11/><F96/><W85/><REACH who="3" step="1"/><G49/><REACH who="3" ten="265,245,245,235" step="2"/><T44/><D81/><U90/><E102/><V16/><F125/><W58/><G58/><T100/><D48/><U14/><REACH who="1" step="1"/><E27/><REACH who="1" ten="265,235,245,235" step="2"/><V38/><F124/><W7/><G7/><T47/><D4/><U3/><E3/><V107/><F6/><W72/><G72/><T74/><D5/><U135/><E135/><V35/><F107/><W46/><G46/><T133/><D74/><U22/><E22/><V13/><F35/><W91/><G91/><T123/><D100/><U23/><E23/><V28/><F71/><W70/><G70/><T0/><D123/><U83/><E83/><V104/><F104/><W77/><G77/><T39/><D0/><U106/><E106/><V40/><F8/><W68/><G68/><T82/><D133/><U117/><E117/><V41/><F11/><W10/><G10/><T73/><D73/><U15/><E15/><RYUUKYOKU ba="1,2" sc="265,-15,235,15,245,-15,235,15" hai1="9,14,17,20,26,31,55,56,64,65,90,95,99" hai3="19,21,24,32,33,59,67,85,88,89,93,94,97" /><INIT seed="1,2,2,4,0,110" ten="250,250,230,250" oya="1" hai0="121,11,102,25,131,40,16,31,27,133,93,94,19" hai1="82,58,87,7,29,38,5,75,74,69,104,1,124" hai2="116,85,111,67,125,119,14,23,9,81,45,61,123" hai3="86,73,33,79,35,106,95,91,135,22,54,12,57"/><U13/><E69/><V32/><F123/><W112/><G106/><T120/><D131/><U109/><E1/><V17/><F32/><W96/><G96/><T56/><D133/><U71/><E71/><V99/><F125/><W63/><G135/><T107/><D107/><U76/><E104/><V2/><F111/><W48/><G63/><T0/><D40/><U30/><E109/><V127/><F127/><W44/><G44/><T46/><D46/><U84/><E124/><V51/><F99/><W89/><G89/><T88/><D102/><U10/><E38/><V37/><F37/><W24/><G112/><T108/><D108/><U52/><E5/><V42/><F23/><W6/><G6/><N who="0" m="1479" /><D56/><U103/><E103/><V90/><REACH who="2" step="1"/><F2/><REACH who="2" ten="250,250,220,250" step="2"/><W36/><G36/><T62/><D120/><U60/><REACH who="1" step="1"/><E87/><REACH who="1" ten="250,240,220,250" step="2"/><V117/><F117/><W65/><G86/><T66/><D121/><U115/><E115/><V134/><F134/><W97/><G97/><T92/><D92/><U122/><E122/><V43/><F43/><W39/><G95/><T34/><D94/><U18/><E18/><V3/><F3/><W4/><G39/><T70/><D16/><U83/><E83/><V72/><F72/><AGARI ba="2,4" hai="7,10,13,29,30,52,58,60,72,74,75,76,82,84" machi="72" ten="40,7700,0" yaku="1,1,54,1,53,1" doraHai="110" doraHaiUra="50" who="1" fromWho="2" sc="250,0,240,123,220,-83,250,0" /><INIT seed="1,3,0,3,2,1" ten="250,363,137,250" oya="1" hai0="69,128,14,49,32,20,42,9,40,121,39,66,124" hai1="115,88,91,44,126,76,37,116,82,129,133,135,58" hai2="97,114,134,64,8,94,77,72,78,30,123,112,6" hai3="31,50,86,111,122,93,80,113,43,56,46,33,101"/><U108/><E115/><N who="2" m="44075" /><F123/><W74/><G113/><T35/><D39/><U0/><E116/><V7/><F30/><W68/><G68/><T4/><D121/><U84/><E126/><V45/><F8/><W118/><G122/><T25/><D124/><U63/><E129/><V24/><F24/><W2/><G2/><T10/><D128/><U41/><E0/><V105/><F105/><W109/><G74/><T127/><D127/><U132/><REACH who="1" step="1"/><E108/><REACH who="1" ten="250,353,137,250" step="2"/><V36/><F134/><W17/><G118/><T29/><D10/><U13/><E13/><V28/><F28/><W21/><G31/><T87/><D14/><U48/><E48/><V18/><F18/><W92/><G17/><T5/><D49/><U34/><E34/><V19/><F19/><W61/><G33/><T26/><D35/><U125/><E125/><V70/><F72/><W85/><G109/><T110/><D110/><U89/><E89/><N who="2" m="55503" /><F77/><W131/><G111/><T75/><D75/><U55/><AGARI ba="3,1" hai="37,41,44,55,58,63,76,82,84,88,91,132,133,135" machi="55" ten="30,11700,0" yaku="1,1,0,1,20,1,54,1,53,0" doraHai="1" doraHaiUra="120" who="1" fromWho="1" sc="250,-42,353,136,137,-42,250,-42" /><INIT seed="1,4,0,3,5,50" ten="208,489,95,208" oya="1" hai0="120,97,29,25,40,1,63,72,32,8,86,124,42" hai1="28,125,30,54,21,57,111,33,123,35,85,98,89" hai2="88,10,12,24,36,93,100,67,56,19,13,77,78" hai3="17,27,5,61,73,134,41,117,126,90,60,109,96"/><U114/><E114/><V116/><F116/><W3/><G73/><T95/><D72/><U23/><E123/><V105/><F36/><W76/><G76/><T64/><D124/><U121/><E121/><V20/><F105/><W135/><G41/><T107/><D120/><U129/><E125/><V46/><F100/><W7/><G117/><T79/><D107/><U48/><E129/><V39/><F39/><W15/><G109/><T103/><D1/><U130/><E130/><V75/><F75/><W38/><G27/><T58/><D8/><U16/><E35/><V133/><F46/><W44/><G126/><T59/><D59/><U71/><E71/><V83/><F83/><W104/><G44/><T81/><AGARI ba="4,0" hai="25,29,32,40,42,58,63,64,79,81,86,95,97,103" machi="81" ten="30,1100,0" yaku="0,1" doraHai="50" who="0" fromWho="0" sc="208,23,489,-9,95,-7,208,-7" /><INIT seed="2,0,0,5,4,44" ten="231,480,88,201" oya="2" hai0="50,60,19,73,104,127,10,125,121,8,22,135,90" hai1="31,105,130,129,74,118,46,110,102,47,5,68,28" hai2="87,88,33,54,27,51,116,16,17,43,53,100,107" hai3="106,67,97,58,62,112,7,64,41,37,91,6,78"/><V59/><F116/><W23/><G112/><T45/><D73/><U95/><E118/><V39/><F39/><W65/><G78/><T35/><D35/><U69/><E74/><V84/><F43/><W126/><G126/><N who="0" m="48139" /><D104/><U101/><E105/><V30/><F84/><W21/><G106/><T89/><D60/><U34/><E95/><V25/><F27/><W20/><G41/><N who="0" m="24879" /><D135/><U82/><E82/><V1/><F1/><W114/><G37/><T131/><D131/><U55/><E5/><N who="3" m="1546" /><G114/><T40/><D121/><U18/><E110/><V115/><F115/><W71/><G71/><T61/><D61/><U99/><E68/><V38/><F38/><W117/><G117/><T75/><D40/><U14/><E69/><V3/><F3/><W133/><G133/><T72/><D90/><U80/><E34/><V26/><F26/><W36/><G36/><T93/><D10/><U113/><E113/><V81/><REACH who="2" step="1"/><F53/><REACH who="2" ten="231,480,78,201" step="2"/><W32/><G32/><T111/><D72/><U2/><E55/><V119/><F119/><W120/><G120/><T56/><D75/><U11/><E2/><V4/><F4/><W85/><G85/><T98/><D111/><U57/><E129/><V134/><F134/><W63/><G63/><T128/><D128/><U0/><E0/><V79/><F79/><W13/><G13/><T9/><D98/><AGARI ba="0,1" hai="16,17,25,30,33,51,54,59,81,87,88,98,100,107" machi="98" ten="40,12000,1" yaku="1,1,52,1,54,2,53,1" doraHai="44" doraHaiUra="29" who="2" fromWho="0" sc="231,-120,480,0,78,130,201,0" /><INIT seed="2,1,0,5,3,71" ten="111,480,208,201" oya="2" hai0="95,5,19,94,0,120,133,114,26,32,36,64,123" hai1="80,119,67,108,79,53,70,49,87,44,98,85,74" hai2="27,47,99,127,1,89,112,10,101,129,122,12,109" hai3="39,68,69,76,97,43,66,104,105,3,96,14,21"/><V50/><F122/><W11/><G76/><T135/><D114/><U111/><E119/><V52/><F112/><W62/><G68/><T75/><D75/><U16/><E98/><V73/><F127/><W7/><G97/><T31/><D64/><U81/><E70/><V92/><F1/><W48/><G48/><T102/><D102/><U41/><E67/><V82/><F109/><N who="1" m="42057" /><E16/><N who="2" m="8215" /><F73/><W33/><G33/><T30/><D95/><U126/><E126/><V106/><F106/><W93/><G21/><N who="0" m="13631" /><D94/><U15/><E15/><V88/><F129/><W83/><G83/><T42/><D42/><U113/><E113/><V51/><F82/><W4/><G4/><T13/><D0/><U131/><E131/><V100/><F100/><W115/><G3/><T28/><D32/><U40/><E74/><V45/><F27/><W125/><G115/><T61/><D61/><U77/><AGARI ba="1,0" hai="40,41,44,49,53,77,79,80,81,85,87" m="42057" machi="77" ten="30,1100,0" yaku="14,1" doraHai="71" who="1" fromWho="1" sc="111,-4,480,14,208,-6,201,-4" /><INIT seed="3,0,0,2,3,126" ten="107,494,202,197" oya="3" hai0="107,49,50,21,93,0,42,15,116,8,14,91,25" hai1="43,56,58,104,94,59,31,66,52,51,24,30,1" hai2="80,92,62,33,86,96,2,135,47,122,29,109,105" hai3="76,103,67,111,119,112,71,5,17,78,32,121,28"/><W36/><G112/><T108/><D108/><U99/><E104/><V89/><F109/><W129/><G36/><T74/><D116/><U68/><E1/><V18/><F2/><W117/><G5/><T44/><D107/><U12/><E68/><V9/><F29/><W20/><G111/><T85/><D74/><U35/><E31/><V63/><F33/><W87/><G103/><T88/><D0/><U131/><E131/><V55/><F135/><W69/><G121/><T82/><D50/><U65/><E43/><V40/><F55/><W77/><G87/><T46/><D46/><U113/><E12/><N who="2" m="7439" /><F105/><W101/><G101/><T128/><D128/><U4/><E59/><V27/><F27/><W41/><G41/><T13/><D21/><U75/><E4/><V11/><F40/><W54/><G129/><T102/><D25/><U79/><E51/><V134/><F47/><W90/><G32/><T72/><D102/><U23/><E94/><V73/><F73/><W100/><G28/><T64/><D64/><U19/><E79/><V84/><F122/><W98/><G100/><T37/><D37/><U133/><E23/><V38/><F38/><W124/><G67/><T110/><D110/><U120/><E19/><V57/><F80/><W22/><G22/><T115/><D115/><U106/><E99/><V118/><F96/><W16/><G20/><T130/><D130/><U39/><E39/><V123/><F118/><W83/><G117/><T3/><D3/><U61/><E66/><V34/><F123/><W26/><G119/><T60/><D60/><U48/><E61/><RYUUKYOKU ba="0,0" sc="107,0,494,0,202,0,197,0" owari="107,-39.3,494,59.4,202,0.2,197,-20.3" /></mjloggm>