<mjloggm ver="2.3"><GO type="225" lobby="0"/><UN n0="%E9%A2%A8%E3%81%A7%E9%B3%B4%E3%81%8F" n1="%E3%83%A9%E3%82%B9%E7%8E%87%EF%BC%93%E5%89%B2" n2="%45%6C%79%73%69%75%6D" n3="%E5%B0%8F%E9%B3%A5%E9%81%8A%E7%B7%B4%E7%84%A1%32%31%E6%AD%B3" dan="16,16,17,16" rate="2152.94,2164.85,2090.25,2187.05" sx="M,F,F,F"/><TAIKYOKU oya="0"/><INIT seed="0,0,0,0,3,68" ten="250,250,250,250" oya="0" hai0="48,18,73,117,37,122,0,81,88,19,116,120,135" hai1="58,75,26,41,95,107,30,29,79,56,51,85,31" hai2="20,89,39,125,113,67,72,52,97,106,129,28,63" hai3="64,38,23,8,15,121,87,60,4,55,50,12,86"/><T53/><D0/><U93/><E107/><V112/><F72/><W131/><G121/><T10/><D135/><U43/><E75/><V115/><F129/><W44/><G131/><T25/><D37/><U101/><E26/><V126/><F28/><W110/><G110/><T70/><D70/><U11/><E11/><V2/><F2/><W128/><G128/><T5/><D120/><U77/><E101/><V3/><F3/><W76/><G76/><N who="1" m="29258" /><E85/><V78/><F20/><W82/><G86/><N who="0" m="50255" /><D73/><U104/><E104/><V65/><F78/><W32/><G32/><T133/><D5/><U54/><E58/><N who="2" m="35271" /><F106/><W132/><G132/><T62/><D62/><U90/><E90/><V49/><F97/><W71/><G38/><T92/><D92/><AGARI ba="0,0" hai="29,30,31,41,43,51,54,56,92,93,95" m="29258" machi="92" ten="30,1000,0" yaku="8,1" doraHai="68" who="1" fromWho="0" sc="250,-10,250,10,250,0,250,0" /><INIT seed="1,0,0,1,1,37" ten="240,260,250,250" oya="1" hai0="56,73,19,86,4,68,7,106,28,113,44,41,91" hai1="17,18,11,100,121,12,23,77,6,103,112,30,1" hai2="95,59,43,89,26,50,123,120,25,71,124,22,84" hai3="60,132,118,119,126,8,2,101,116,76,83,78,57"/><U5/><E112/><V9/><F124/><W110/><G110/><T21/><D106/><U63/><E121/><V32/><F71/><W134/><G101/><T45/><D68/><U55/><E77/><V64/><F9/><W10/><G126/><T47/><D73/><U46/><E6/><N who="0" m="2089" /><D56/><U81/><E81/><V42/><F32/><W70/><G70/><T130/><D130/><U111/><E111/><V99/><F120/><W75/><G76/><T16/><D113/><U96/><E103/><N who="2" m="60927" /><F123/><W107/><G107/><T24/><D41/><N who="2" m="15370" /><F22/><W72/><G72/><T31/><D31/><U27/><E1/><V67/><F50/><W66/><G2/><T38/><D38/><U94/><E63/><N who="2" m="38015" /><F67/><W15/><REACH who="3" step="1"/><G8/><REACH who="3" ten="240,260,250,240" step="2"/><T87/><D87/><U52/><E46/><V58/><F58/><W3/><G3/><T104/><D104/><U131/><E131/><V92/><AGARI ba="0,1" hai="25,26,84,89,92" m="38015,15370,60927" machi="92" ten="30,7900,0" yaku="8,1,52,3" doraHai="37" who="2" fromWho="2" sc="240,-20,260,-39,250,89,240,-20" /><INIT seed="2,0,0,1,1,11" ten="220,221,339,220" oya="2" hai0="134,51,120,23,6,5,98,132,16,66,87,48,115" hai1="42,68,74,49,7,2,34,54,76,3,47,32,135" hai2="59,114,36,107,12,85,102,19,109,104,111,28,50" hai3="30,31,65,106,105,69,10,133,38,9,71,67,64"/><V95/><F36/><W26/><G26/><T123/><D66/><U60/><E135/><N who="0" m="51753" /><D98/><U131/><E131/><V113/><F28/><W25/><G133/><T21/><D87/><U43/><E7/><N who="0" m="2569" /><D115/><N who="2" m="44042" /><F50/><N who="0" m="18986" /><D16/><U70/><E68/><V86/><F59/><W75/><G25/><T125/><D125/><U94/><E70/><V93/><F93/><W17/><G64/><T15/><D15/><U119/><E94/><V130/><F130/><W82/><G38/><T110/><D110/><N who="2" m="41994" /><F95/><W96/><G96/><T20/><AGARI ba="0,0" hai="20,21,23,120,123" m="18986,2569,51753" machi="20" ten="40,5200,0" yaku="28,2,20,1" doraHai="11" who="0" fromWho="0" sc="220,52,221,-13,339,-26,220,-13" /><INIT seed="3,0,0,0,0,60" ten="272,208,313,207" oya="3" hai0="68,100,55,31,46,88,131,33,25,103,45,123,26" hai1="30,52,99,8,41,50,81,116,87,85,53,124,93" hai2="36,119,72,86,61,120,104,97,112,122,34,63,109" hai3="126,11,70,128,17,132,79,94,0,91,29,114,40"/><W82/><G70/><T101/><D123/><N who="2" m="47146" /><F34/><W107/><G114/><T56/><D68/><U32/><E124/><V24/><F72/><W13/><G107/><T64/><D131/><U19/><E116/><V3/><F109/><W15/><G128/><T78/><D78/><U127/><E30/><V44/><F3/><W117/><G117/><T51/><D64/><U98/><E32/><V16/><F86/><N who="3" m="48479" /><G0/><T106/><D106/><U4/><E19/><V71/><F71/><W28/><G126/><T95/><REACH who="0" step="1"/><D26/><REACH who="0" ten="262,208,313,207" step="2"/><U111/><E127/><V6/><F24/><W39/><G132/><T108/><D108/><U110/><E111/><V47/><F119/><W135/><G135/><T42/><D42/><U84/><E41/><V1/><F112/><W65/><G40/><T133/><D133/><U18/><E110/><V118/><F118/><W12/><G39/><T10/><D10/><U121/><E121/><V35/><F36/><W62/><G65/><T37/><D37/><U129/><E129/><V49/><F104/><W76/><G76/><T92/><D92/><U75/><E93/><V57/><F35/><W58/><G58/><T27/><D27/><U89/><E81/><V96/><F57/><W2/><G2/><T54/><D54/><U69/><E53/><V23/><F1/><W67/><G29/><T74/><D74/><U125/><E75/><V134/><F134/><W113/><G28/><T21/><D21/><U130/><E125/><V43/><F43/><W38/><G38/><T73/><D73/><U105/><E130/><V20/><F20/><W22/><G22/><RYUUKYOKU ba="0,1" sc="262,30,208,-10,313,-10,207,-10" hai0="25,31,33,45,46,51,55,56,88,95,100,101,103" owari="292,9.2,198,-20.2,313,41.3,197,-30.3" /></mjloggm>