<mjloggm ver="2.3"><GO type="225" lobby="0"/><UN n0="%E3%82%B2%E3%82%B9%E8%8C%82%E5%8B%9D" n1="%E3%81%8B%E3%82%8F%E3%81%A1%E3%82%83%E3%82%93%35%38" n2="%E5%B0%8F%E9%B3%A5%E9%81%8A%E7%B7%B4%E7%84%A1%32%31%E6%AD%B3" n3="%E3%81%82%E3%81%99%E3%81%AB%E3%82%83%E3%82%80" dan="16,17,16,16" rate="2094.94,2135.38,2193.34,2125.45" sx="F,M,F,F"/><TAIKYOKU oya="0"/><INIT seed="0,0,0,3,4,34" ten="250,250,250,250" oya="0" hai0="57,90,64,84,56,123,16,96,55,86,77,23,73" hai1="60,63,15,5,9,53,75,76,120,81,106,129,100" hai2="17,111,83,59,92,93,99,133,101,26,79,3,132" hai3="71,21,30,118,127,65,67,49,82,128,19,110,27"/><T11/><D123/><U44/><E120/><V6/><F111/><W109/><G118/><T102/><D73/><U95/><E106/><V97/><F59/><W66/><G128/><T72/><D72/><U119/><E119/><V20/><F6/><W39/><G39/><T36/><D36/><U33/><E33/><V108/><F108/><N who="3" m="41579" /><G127/><T41/><D41/><U40/><E129/><V0/><F83/><W91/><G49/><T13/><D77/><U68/><E68/><V124/><F79/><W126/><G126/><T1/><D90/><U32/><E32/><V130/><F130/><W122/><G122/><T42/><D42/><U115/><E53/><V47/><F47/><W18/><G71/><T38/><D38/><U4/><E4/><V80/><F80/><W43/><G43/><T112/><D112/><U134/><E115/><V29/><F29/><W69/><G69/><T14/><D1/><N who="1" m="175" /><E134/><N who="2" m="51819" /><F124/><W116/><G116/><T88/><D64/><U104/><E104/><V48/><F48/><W131/><G131/><T94/><D55/><U12/><E63/><V121/><F121/><W25/><G25/><T89/><D84/><AGARI ba="0,0" hai="18,19,21,27,30,65,66,67,82,84,91" m="41579" machi="84" ten="30,1000,0" yaku="14,1" doraHai="34" who="3" fromWho="0" sc="250,-10,250,0,250,0,250,10" /><INIT seed="1,0,0,3,4,31" ten="240,250,250,260" oya="1" hai0="120,33,50,132,38,109,133,51,64,67,116,114,39" hai1="49,9,13,115,10,45,60,61,88,125,43,32,129" hai2="78,80,65,3,101,73,90,103,102,29,62,83,92" hai3="75,74,93,97,2,127,121,40,30,84,34,44,76"/><U36/><E115/><V1/><F29/><W91/><G121/><T71/><D33/><U7/><E129/><V72/><F80/><W134/><G2/><T104/><D104/><U69/><E125/><V59/><REACH who="2" step="1"/><F73/><REACH who="2" ten="240,250,240,260" step="2"/><W35/><G30/><T105/><D120/><U16/><E32/><V118/><F118/><W89/><G34/><T99/><D116/><U63/><E36/><V131/><F131/><W48/><G35/><T0/><D114/><U25/><E69/><V113/><F113/><W52/><G127/><T111/><D71/><U37/><E37/><V68/><F68/><W6/><G74/><T130/><D130/><U100/><E100/><V85/><AGARI ba="0,1" hai="1,3,59,62,65,72,78,83,85,90,92,101,102,103" machi="85" ten="30,2000,0" yaku="1,1,0,1,53,0" doraHai="31" doraHaiUra="122" who="2" fromWho="2" sc="240,-5,250,-10,240,30,260,-5" /><INIT seed="2,0,0,5,1,32" ten="235,240,270,255" oya="2" hai0="13,24,80,40,0,17,4,109,77,42,22,105,72" hai1="102,121,70,54,85,53,128,66,57,34,124,97,108" hai2="60,23,35,99,14,33,31,120,27,96,48,81,37" hai3="88,103,113,86,129,51,21,11,74,52,125,104,58"/><V10/><F37/><W91/><G74/><T100/><D109/><U56/><E34/><V92/><F120/><W84/><G129/><T116/><D116/><U55/><E108/><V131/><F131/><W119/><G119/><T71/><D71/><U46/><E128/><V19/><F60/><W117/><G117/><T36/><D100/><U135/><E121/><V43/><F81/><W49/><G125/><T28/><D105/><U115/><E115/><V126/><F126/><W20/><G113/><T89/><D89/><N who="3" m="34377" /><G104/><T62/><D62/><N who="1" m="38215" /><E70/><V101/><REACH who="2" step="1"/><F96/><REACH who="2" ten="235,240,260,255" step="2"/><W16/><G49/><T45/><D40/><U114/><E124/><V1/><F1/><W41/><G86/><T118/><D118/><U123/><E85/><V8/><F8/><W15/><G84/><T59/><D0/><U95/><E114/><V87/><F87/><W76/><G76/><T67/><D77/><U29/><E123/><V83/><F83/><W82/><G82/><T2/><D80/><U133/><E97/><V98/><F98/><W78/><G78/><T75/><D2/><U50/><E50/><V47/><AGARI ba="0,1" hai="10,14,19,23,27,31,33,35,43,47,48,92,99,101" machi="47" ten="30,6000,0" yaku="1,1,0,1,53,1" doraHai="32" doraHaiUra="18" who="2" fromWho="2" sc="235,-20,240,-20,260,70,255,-20" /><INIT seed="2,1,0,0,4,24" ten="215,220,330,235" oya="2" hai0="12,14,28,34,3,108,4,111,36,26,29,42,114" hai1="44,66,47,10,125,93,40,85,0,60,51,91,71" hai2="54,25,135,82,46,53,50,121,33,63,99,104,56" hai3="95,23,78,87,112,103,117,1,106,69,89,52,77"/><V74/><F121/><W84/><G1/><T57/><D57/><U43/><E125/><V8/><F135/><W124/><G69/><T5/><D42/><U113/><E113/><V35/><F8/><W31/><G124/><T118/><D36/><U19/><E0/><V18/><F74/><W38/><G38/><T2/><D26/><U7/><E19/><V86/><F99/><N who="3" m="59903" /><G106/><T88/><D88/><U94/><E10/><V13/><F104/><W16/><G117/><T64/><D64/><U48/><REACH who="1" step="1"/><E7/><REACH who="1" ten="215,210,330,235" step="2"/><V129/><F129/><W15/><G112/><T73/><D73/><U109/><E109/><V96/><F18/><W67/><G67/><T21/><D114/><U101/><E101/><V110/><F110/><W119/><G119/><T127/><D118/><U27/><E27/><V68/><F25/><N who="3" m="16831" /><G87/><T79/><D127/><U22/><E22/><V100/><F86/><W92/><G52/><T122/><D21/><AGARI ba="1,1" hai="15,16,21,77,78,84,89,92" m="16831,59903" machi="21" ten="30,3900,0" yaku="8,1,52,1,54,1" doraHai="24" who="3" fromWho="0" sc="215,-42,210,0,330,0,235,52" /><INIT seed="3,0,0,4,1,125" ten="173,210,330,287" oya="3" hai0="126,103,9,101,123,18,43,53,24,11,47,75,108" hai1="50,28,64,34,4,134,2,84,66,96,40,39,86" hai2="135,38,109,117,10,46,88,16,121,3,65,89,7" hai3="127,29,119,87,60,23,25,111,15,98,97,55,105"/><W91/><G119/><T83/><D108/><U107/><E39/><V116/><F65/><W27/><G127/><T81/><D126/><U90/><E134/><V67/><F109/><W63/><G111/><T35/><D123/><U113/><E113/><V95/><F67/><W85/><G15/><T45/><D53/><U19/><E19/><V58/><F89/><W68/><G68/><T120/><D120/><U42/><E28/><V61/><F135/><W41/><G41/><T115/><D18/><U44/><E34/><V37/><F46/><W71/><G71/><T100/><D115/><U32/><E32/><V82/><F82/><W78/><G105/><T133/><D133/><U56/><E42/><V62/><F121/><W110/><G110/><T114/><D114/><U0/><E4/><V73/><F73/><W54/><G78/><T52/><D43/><U14/><E14/><V26/><F117/><W49/><G27/><T77/><D83/><N who="1" m="49439" /><E86/><N who="3" m="32778" /><G91/><T92/><D92/><U22/><E107/><V130/><F116/><W80/><G80/><T132/><D132/><U70/><E70/><V12/><F37/><W112/><G112/><T36/><D36/><U104/><E104/><V118/><F38/><W93/><G93/><T128/><D128/><U102/><E40/><V13/><F3/><W131/><G131/><T20/><D35/><U79/><E79/><V31/><F130/><W48/><G55/><T5/><D52/><N who="1" m="29767" /><E66/><V21/><F118/><W129/><G129/><T106/><D106/><N who="1" m="63815" /><E0/><V57/><F12/><W99/><G54/><T33/><D33/><U74/><E2/><RYUUKYOKU ba="0,0" sc="173,-10,210,-10,330,-10,287,30" hai3="23,25,29,48,49,60,63,97,98,99" /><INIT seed="3,1,0,5,1,35" ten="163,200,320,317" oya="3" hai0="90,46,57,34,96,1,32,39,24,54,69,122,27" hai1="62,93,110,30,47,8,83,102,72,50,84,12,38" hai2="127,98,75,48,129,112,121,100,77,0,60,91,19" hai3="97,86,113,78,67,4,44,49,2,104,101,117,59"/><W11/><G113/><T65/><D122/><U21/><E38/><V92/><F112/><W124/><G117/><T52/><D69/><U126/><E72/><V15/><F0/><W36/><G124/><T103/><D90/><U116/><E110/><V23/><F127/><W94/><G36/><T68/><D68/><U74/><E74/><V85/><F129/><W18/><G18/><T22/><D65/><U33/><E33/><V118/><F118/><W107/><G67/><T76/><D76/><U99/><E126/><V80/><F48/><W63/><G86/><T71/><D71/><U3/><E3/><V95/><REACH who="2" step="1"/><F60/><REACH who="2" ten="163,200,310,317" step="2"/><W109/><G109/><T55/><D1/><U13/><E62/><V105/><F105/><W14/><G2/><T58/><D39/><U108/><E108/><V61/><F61/><W79/><G107/><T28/><D46/><U56/><E50/><V131/><F131/><W42/><G104/><T128/><D128/><U26/><E47/><V16/><F16/><W115/><G115/><T53/><N who="0" m="13312" /><DORA hai="31" /><T133/><D133/><U111/><E111/><V66/><F66/><W25/><G25/><T51/><D24/><U20/><E116/><V17/><F17/><W6/><G6/><T40/><D58/><U134/><E56/><V45/><F45/><W123/><G123/><AGARI ba="1,1" hai="15,19,23,75,77,80,85,91,92,95,98,100,121,123" machi="123" ten="40,1300,0" yaku="1,1,53,0" doraHai="35,31" doraHaiUra="37,132" who="2" fromWho="3" sc="163,0,200,0,310,26,317,-16" owari="163,-33.7,200,-20.0,336,43.6,301,10.1" /></mjloggm>