<mjloggm ver="2.3"><GO type="225" lobby="0"/><UN n0="%E3%81%AF%E3%82%88%E3%81%8A%E3%81%98%E3%81%95%E3%82%93" n1="%E3%81%86%E3%81%A9%E3%82%93%E3%81%93" n2="%6D%75%75%6D%75%72%61" n3="%E3%81%BE%E3%81%A8%E3%81%9F" dan="16,16,16,16" rate="2184.77,2132.07,2117.47,2166.76" sx="M,M,F,M"/><TAIKYOKU oya="0"/><INIT seed="0,0,0,0,0,62" ten="250,250,250,250" oya="0" hai0="16,88,121,99,124,126,118,87,40,98,43,39,12" hai1="49,120,114,131,112,81,76,111,85,13,0,102,33" hai2="22,106,45,84,91,14,113,96,20,8,109,68,115" hai3="32,37,61,26,75,77,5,1,66,42,74,36,108"/><T4/><D118/><U41/><E0/><V21/><F109/><W53/><G108/><T6/><D121/><U94/><E120/><V93/><F68/><N who="3" m="42063" /><G53/><T64/><D64/><U67/><E111/><V47/><F47/><N who="3" m="24007" /><G37/><T56/><D56/><U80/><E131/><V10/><F45/><W125/><G77/><T54/><D54/><U71/><E33/><V55/><F55/><W70/><G70/><T30/><D30/><U25/><E25/><V52/><F52/><W38/><G38/><T78/><D78/><U83/><E13/><V72/><F72/><W89/><G89/><T34/><D34/><U35/><E35/><V116/><F116/><W127/><G125/><N who="0" m="48235" /><D39/><U9/><E9/><V86/><F10/><N who="3" m="2351" /><G127/><T119/><D119/><U79/><E94/><V65/><F65/><W105/><G105/><T103/><D40/><U117/><E117/><V110/><F110/><W128/><G128/><T7/><D103/><U28/><E102/><V63/><F63/><W50/><G50/><T15/><D15/><U100/><E100/><V133/><F106/><W19/><G19/><T57/><D57/><U130/><E130/><V97/><F113/><N who="1" m="43625" /><E85/><N who="2" m="32875" /><F115/><W129/><G129/><T51/><D51/><U29/><E49/><V122/><F122/><W59/><G59/><T135/><D43/><U101/><E41/><V31/><F31/><AGARI ba="0,0" hai="26,31,32,74,75" m="2351,24007,42063" machi="31" ten="30,3900,0" yaku="33,2,52,1" doraHai="62" who="3" fromWho="2" sc="250,0,250,0,250,-39,250,39" /><INIT seed="1,0,0,1,5,58" ten="250,250,211,289" oya="1" hai0="24,89,12,121,52,77,48,132,0,111,33,100,34" hai1="56,61,75,93,44,113,31,97,123,95,94,8,20" hai2="14,18,30,4,134,16,133,102,70,42,11,10,13" hai3="60,68,109,105,3,106,27,125,66,36,103,32,59"/><U73/><E113/><V78/><F70/><W43/><G109/><T49/><D0/><U21/><E123/><V37/><F78/><W104/><G3/><T115/><D115/><U80/><E44/><V108/><F102/><W90/><G90/><T99/><D111/><U1/><E97/><V88/><F42/><W130/><G125/><T79/><D121/><U19/><E31/><V116/><F37/><W53/><G130/><T81/><D132/><N who="2" m="50794" /><F108/><W91/><G91/><T112/><D112/><U5/><E80/><V129/><F116/><W107/><G107/><T35/><D24/><U62/><E20/><N who="2" m="11279" /><F129/><W17/><G43/><T128/><D128/><U74/><REACH who="1" step="1"/><E56/><REACH who="1" ten="250,240,211,289" step="2"/><V47/><F47/><W55/><G59/><N who="0" m="33159" /><D81/><U69/><E69/><V98/><F30/><W50/><G68/><T2/><D99/><U25/><AGARI ba="0,1" hai="1,5,8,19,21,25,61,62,73,74,75,93,94,95" machi="25" ten="40,12000,1" yaku="1,1,0,1,52,2,53,0" doraHai="58" doraHaiUra="110" who="1" fromWho="1" sc="250,-40,240,130,211,-40,289,-40" /><INIT seed="1,1,0,0,0,92" ten="210,370,171,249" oya="1" hai0="44,43,45,9,30,72,108,65,38,73,2,110,79" hai1="7,6,119,27,118,13,23,35,93,31,120,100,20" hai2="78,61,109,85,19,104,76,8,117,18,96,41,57" hai3="25,126,21,39,103,122,123,99,124,24,80,83,34"/><U1/><E120/><N who="3" m="46122" /><G39/><T17/><D30/><U87/><E87/><V82/><F117/><W40/><G40/><N who="0" m="22551" /><D17/><U53/><E53/><V111/><F78/><W16/><G34/><T101/><D101/><U75/><E75/><V33/><F33/><W42/><G42/><T106/><D106/><U47/><E47/><V131/><F41/><W3/><G25/><T56/><D56/><U114/><E93/><V11/><F131/><W86/><G3/><T0/><D65/><U130/><E100/><N who="2" m="62471" /><F11/><W14/><G24/><T105/><D105/><U55/><E55/><N who="2" m="33983" /><F8/><W46/><G46/><T107/><D107/><U97/><E130/><V127/><F127/><N who="3" m="48683" /><G86/><T71/><D71/><U29/><E114/><V10/><F10/><W5/><G5/><N who="0" m="1191" /><D2/><U132/><E1/><V69/><F69/><W68/><G68/><T66/><D66/><U81/><E35/><V91/><F91/><W22/><G22/><T112/><D112/><U63/><E23/><V113/><F113/><W36/><G36/><N who="0" m="21735" /><D72/><U98/><E6/><V54/><F54/><W49/><G49/><T51/><D51/><U95/><E7/><V115/><F115/><W70/><G70/><T50/><D50/><U88/><E20/><V67/><F67/><W125/><G125/><T62/><D62/><U59/><E63/><V28/><F28/><W129/><G129/><T77/><D73/><U48/><E31/><V52/><F52/><W94/><AGARI ba="1,0" hai="14,16,21,80,83,94,99,103" m="48683,46122" machi="94" ten="30,4000,0" yaku="18,1,52,1,54,1" doraHai="92" who="3" fromWho="3" sc="210,-11,370,-21,171,-11,249,43" /><INIT seed="2,0,0,0,3,2" ten="199,349,160,292" oya="2" hai0="5,76,49,45,97,122,131,36,104,73,106,92,68" hai1="34,31,18,66,124,28,134,41,9,32,86,111,118" hai2="8,135,42,128,61,100,80,10,19,25,91,1,75" hai3="121,116,44,129,83,69,84,47,30,46,24,123,133"/><V90/><F128/><W77/><G116/><T65/><D122/><U107/><E118/><V38/><F135/><W95/><G133/><T74/><D36/><U99/><E134/><V64/><F100/><W33/><G129/><T71/><D131/><U50/><E111/><V114/><F114/><W72/><G69/><T15/><D104/><U35/><E66/><V88/><F38/><W108/><G108/><T120/><D106/><U27/><E124/><V29/><F42/><W53/><G53/><T82/><D73/><U103/><E86/><V112/><F112/><W20/><G33/><T93/><D120/><U7/><E18/><V54/><F54/><W115/><G115/><T102/><D92/><U70/><E70/><V119/><F119/><W85/><G85/><T125/><D125/><U60/><E60/><V16/><F1/><W67/><G67/><T58/><D58/><U43/><E31/><V57/><F75/><W109/><G109/><T48/><D65/><U11/><E11/><N who="2" m="4139" /><F80/><W4/><G4/><T87/><D48/><U127/><E127/><V21/><AGARI ba="0,0" hai="16,19,21,25,29,57,61,64,88,90,91" m="4139" machi="21" ten="30,6000,0" yaku="8,1,54,2" doraHai="2" who="2" fromWho="2" sc="199,-20,349,-20,160,60,292,-20" /><INIT seed="2,1,0,4,1,98" ten="179,329,220,272" oya="2" hai0="105,113,83,34,55,84,116,0,74,127,42,78,109" hai1="21,112,100,111,47,66,45,60,117,46,33,28,128" hai2="40,82,10,134,120,133,44,54,1,97,92,129,19" hai3="108,106,20,88,14,123,30,63,17,26,80,126,6"/><V13/><F120/><W79/><G123/><T96/><D0/><U39/><E112/><V104/><F129/><W61/><G108/><T75/><D34/><U37/><E117/><V18/><F104/><W48/><G106/><T87/><D55/><U31/><E33/><V29/><F1/><W118/><G126/><T23/><D23/><U3/><E128/><V62/><F29/><W73/><G118/><T67/><D42/><U4/><E100/><N who="2" m="60455" /><F82/><W64/><G6/><T51/><D51/><U53/><E39/><V101/><F101/><W122/><G122/><T5/><D67/><U121/><E46/><V58/><F44/><W89/><G48/><T135/><D5/><U110/><E47/><V68/><F68/><W124/><G124/><T69/><D69/><U81/><E45/><V12/><F12/><W102/><G102/><N who="0" m="62663" /><D127/><U65/><E37/><V103/><F103/><W15/><G15/><T41/><D41/><U76/><E121/><V95/><F95/><W93/><G93/><T119/><D113/><U85/><E81/><V90/><F40/><W77/><G77/><N who="0" m="46191" /><D109/><U59/><E76/><V32/><F32/><W99/><G79/><T130/><D130/><U2/><E3/><V11/><F90/><W36/><G89/><T50/><D50/><U49/><E2/><V56/><F58/><W125/><G88/><T38/><D38/><U114/><E59/><V43/><F43/><W132/><G36/><T24/><D24/><U70/><E70/><V8/><F13/><W9/><G125/><T94/><D135/><AGARI ba="1,0" hai="8,10,11,18,19,54,56,62,133,134,135" m="60455" machi="135" ten="30,2900,0" yaku="20,1,52,1" doraHai="98" who="2" fromWho="0" sc="179,-32,329,0,220,32,272,0" /><INIT seed="2,2,0,0,1,65" ten="147,329,252,272" oya="2" hai0="124,102,32,40,79,92,46,105,132,106,0,58,21" hai1="47,17,26,51,54,23,104,43,86,29,119,114,59" hai2="39,31,28,82,123,116,107,121,110,91,1,111,35" hai3="4,89,19,44,78,16,120,20,30,61,3,27,13"/><V53/><F1/><W5/><G120/><N who="2" m="46153" /><F35/><W71/><G78/><T33/><D0/><U10/><E114/><V49/><F39/><W8/><G44/><T122/><D122/><U67/><E119/><V118/><F107/><W66/><G4/><T57/><D124/><U128/><E104/><V98/><F98/><W108/><G108/><N who="2" m="41513" /><F91/><W90/><REACH who="3" step="1"/><G19/><REACH who="3" ten="147,329,252,262" step="2"/><T94/><D79/><U24/><E17/><V41/><F41/><W80/><G80/><T127/><D40/><U87/><E47/><N who="2" m="27839" /><F82/><W131/><G131/><T14/><D46/><U25/><E43/><V74/><F74/><W55/><G55/><T72/><D72/><U52/><E52/><V112/><F112/><W56/><G56/><T95/><D57/><U93/><E54/><V45/><F45/><W88/><G88/><T115/><D58/><U12/><E59/><V36/><F36/><W18/><G18/><T50/><D115/><U134/><E128/><V37/><F37/><W22/><AGARI ba="2,1" hai="3,5,8,13,16,20,22,27,30,61,66,71,89,90" machi="22" ten="20,8000,1" yaku="1,1,0,1,7,1,52,1,54,1,53,0" doraHai="65" doraHaiUra="135" who="3" fromWho="3" sc="147,-22,329,-22,252,-42,262,96" /><INIT seed="3,0,0,2,0,119" ten="125,307,210,358" oya="3" hai0="89,118,48,37,78,67,94,80,131,111,113,116,107" hai1="44,101,93,62,1,61,104,99,4,21,95,31,7" hai2="27,65,73,41,103,83,22,3,34,69,108,135,15" hai3="91,50,98,76,28,133,124,97,42,6,9,66,30"/><W18/><G18/><T29/><D37/><U127/><E127/><V100/><F3/><W33/><G33/><T70/><D29/><U86/><E104/><V19/><F108/><W115/><G66/><T112/><D48/><U52/><E1/><V54/><F135/><W87/><G76/><T13/><D13/><U57/><E62/><V106/><F41/><W0/><G115/><N who="0" m="44107" /><D67/><U132/><E132/><V2/><F2/><W117/><G124/><T56/><D56/><U45/><E31/><N who="2" m="19839" /><F100/><W40/><G117/><N who="0" m="45163" /><D70/><U72/><E72/><V114/><F73/><W25/><G30/><T109/><D107/><U58/><E58/><V120/><F54/><W53/><G40/><T10/><D10/><U82/><E93/><V128/><F65/><W36/><G42/><T75/><D131/><U126/><E126/><V125/><F15/><W20/><G36/><T105/><D105/><U134/><E21/><V35/><F128/><W38/><G38/><T110/><D89/><U39/><E134/><V55/><F125/><W60/><G60/><T79/><D79/><U121/><E121/><V47/><F69/><W43/><G43/><T77/><D78/><U17/><E17/><V92/><F19/><W26/><G26/><T102/><D94/><U81/><E39/><V85/><F106/><W64/><G64/><T68/><D68/><U84/><E84/><V24/><F85/><W11/><G87/><T71/><D71/><U90/><REACH who="1" step="1"/><E82/><REACH who="1" ten="125,297,210,358" step="2"/><V51/><F83/><W88/><G133/><T32/><D32/><U16/><E16/><V63/><F35/><W122/><G0/><RYUUKYOKU ba="0,1" sc="125,15,297,15,210,-15,358,-15" hai0="75,77,80,102,109,110,111" hai1="4,7,44,45,52,57,61,81,86,90,95,99,101" owari="140,-36.0,312,11.2,195,-20.5,353,45.3" /></mjloggm>