<mjloggm ver="2.3"><GO type="225" lobby="0"/><UN n0="%E5%8D%A0%E3%81%84%E5%B8%AB%E8%A3%8F%E3%81%AA%E3%81%84%E3%81%97" n1="%E4%BF%BA%E3%81%A8%E5%A6%96%E5%A4%A2" n2="%E4%BA%BA%E9%96%93%E3%83%81%E3%83%A3%E3%83%BC%E3%83%8F%E3%83%B3" n3="%E6%A1%9C%E8%8A%B1%E9%96%83%E3%80%85" dan="17,17,16,16" rate="2160.53,2182.56,2119.28,2176.18" sx="M,F,M,M"/><TAIKYOKU oya="0"/><INIT seed="0,0,0,1,1,2" ten="250,250,250,250" oya="0" hai0="48,44,55,90,134,25,62,97,94,107,135,47,71" hai1="49,73,133,54,24,58,103,113,30,115,66,132,61" hai2="69,9,130,89,83,1,14,125,6,70,22,15,32" hai3="7,31,80,77,21,16,40,39,57,68,88,131,10"/><T119/><D119/><U114/><E73/><V20/><F32/><W3/><G68/><T52/><D107/><U79/><E79/><V63/><F125/><W29/><G131/><T51/><REACH who="0" step="1"/><D25/><REACH who="0" ten="240,250,250,250" step="2"/><U38/><E38/><V102/><F130/><W42/><G39/><T105/><D105/><U12/><E103/><V53/><F70/><W112/><G112/><T121/><D121/><U74/><E74/><V84/><F69/><W4/><G31/><T96/><D96/><U100/><E100/><V106/><F106/><W46/><G29/><T26/><D26/><U33/><REACH who="1" step="1"/><E12/><REACH who="1" ten="240,240,250,250" step="2"/><V98/><F102/><W19/><G3/><T85/><D85/><U34/><E34/><V128/><F14/><W28/><G28/><T93/><D93/><U35/><E35/><V0/><F15/><W110/><G80/><T27/><D27/><U91/><E91/><V104/><F89/><W45/><G88/><T99/><D99/><U72/><E72/><V120/><F98/><W23/><G77/><T82/><D82/><U109/><E109/><V64/><F83/><W50/><G110/><T108/><D108/><U60/><E60/><V92/><F63/><W59/><G10/><T5/><D5/><U18/><E18/><V17/><F17/><W8/><G8/><T122/><D122/><U87/><E87/><V56/><F9/><W67/><G19/><T76/><D76/><U117/><E117/><V13/><F13/><W126/><G16/><T78/><D78/><U124/><E124/><V129/><F129/><W118/><G126/><T43/><D43/><U41/><E41/><RYUUKYOKU ba="0,2" sc="240,15,240,15,250,-15,250,-15" hai0="44,47,48,51,52,55,62,71,90,94,97,134,135" hai1="24,30,33,49,54,58,61,66,113,114,115,132,133" /><INIT seed="0,1,2,3,4,93" ten="255,255,235,235" oya="0" hai0="66,4,83,103,24,100,31,64,22,36,111,91,79" hai1="104,94,128,78,23,5,131,10,117,58,67,106,77" hai2="101,119,63,69,59,92,33,109,27,49,30,52,8" hai3="76,96,89,108,95,107,15,124,56,121,43,2,48"/><T60/><D36/><U112/><E117/><V38/><F38/><W42/><G2/><T13/><D111/><U25/><E112/><V116/><F109/><W98/><G108/><T34/><D34/><U70/><E70/><V21/><F8/><W3/><G3/><T55/><D55/><U71/><E71/><V26/><F69/><W122/><G124/><T53/><D53/><U0/><E94/><V133/><F133/><W11/><G76/><N who="1" m="29290" /><E58/><V85/><F63/><W75/><G75/><T41/><D41/><N who="3" m="15369" /><G56/><N who="0" m="36871" /><D79/><U57/><E57/><V29/><REACH who="2" step="1"/><F85/><REACH who="2" ten="255,255,225,235" step="2"/><N who="3" m="52655" /><G48/><T46/><D66/><U130/><E67/><V7/><F7/><N who="3" m="3583" /><G107/><T14/><D4/><U105/><E104/><V80/><F80/><W125/><G125/><T126/><D126/><U68/><E68/><V9/><F9/><W123/><AGARI ba="1,3" hai="96,98,121,122,123" m="3583,52655,15369" machi="123" ten="40,5200,0" yaku="13,1,52,2" doraHai="93" who="3" fromWho="3" sc="255,-27,255,-14,225,-14,235,85" /><INIT seed="1,0,0,4,5,23" ten="228,241,211,320" oya="1" hai0="9,121,38,122,119,34,48,27,32,87,116,65,131" hai1="97,54,13,98,115,108,80,4,92,25,63,69,135" hai2="82,113,5,126,18,128,36,20,133,44,7,117,51" hai3="123,132,79,101,47,93,127,55,99,71,35,105,77"/><U33/><E115/><V125/><F117/><N who="0" m="45130" /><D38/><U95/><E135/><V50/><F113/><W19/><G123/><N who="0" m="47115" /><D65/><U124/><E124/><N who="2" m="47723" /><F128/><W46/><G93/><N who="1" m="35914" /><E108/><V39/><F133/><W49/><G127/><T24/><D131/><U0/><E0/><V60/><F82/><W106/><G106/><T43/><D87/><U29/><E69/><V61/><F39/><W76/><G132/><T12/><D48/><N who="2" m="18474" /><F44/><W1/><G47/><T120/><D43/><U64/><E33/><N who="0" m="12905" /><D120/><U30/><E64/><V104/><F36/><W111/><G46/><T2/><D2/><U110/><E80/><V56/><F104/><W68/><G1/><T88/><D88/><U96/><E54/><N who="2" m="33815" /><F61/><W31/><G55/><T109/><D109/><U91/><E110/><V42/><F42/><W118/><G49/><T103/><D103/><U75/><E63/><V112/><F112/><W14/><G111/><T15/><D15/><AGARI ba="0,0" hai="5,7,15,18,20" m="33815,18474,47723" machi="15" ten="30,1000,0" yaku="18,1" doraHai="23" who="2" fromWho="0" sc="228,-10,241,0,211,10,320,0" /><INIT seed="2,0,0,0,0,106" ten="218,241,221,320" oya="2" hai0="131,20,37,118,32,2,57,82,87,59,110,36,71" hai1="63,26,22,75,104,34,76,78,14,94,108,15,129" hai2="53,28,40,105,97,133,19,51,121,113,69,103,126" hai3="72,58,31,120,0,127,54,33,41,89,39,85,48"/><V52/><F113/><W62/><G120/><T56/><D71/><U125/><E104/><V17/><F121/><W79/><G0/><T60/><D32/><U74/><E34/><V111/><F69/><W67/><G127/><T23/><D2/><U3/><E3/><V130/><F126/><W109/><G109/><T112/><D112/><U7/><E108/><V73/><F111/><W135/><G135/><T66/><D110/><U90/><E125/><V95/><F133/><W86/><G31/><T21/><D131/><U107/><E107/><V27/><F130/><W84/><G33/><T115/><D115/><U70/><E78/><V25/><F73/><W50/><G89/><T55/><D118/><U10/><E76/><V65/><F65/><W116/><G116/><T132/><D132/><U1/><E70/><V5/><F5/><W18/><G18/><N who="2" m="6665" /><F105/><W98/><G98/><T92/><D92/><U81/><E63/><V43/><F53/><W96/><G96/><T49/><REACH who="0" step="1"/><D59/><REACH who="0" ten="208,241,221,320" step="2"/><U128/><E128/><V45/><F28/><W12/><G58/><T29/><D29/><U77/><E129/><V46/><F46/><W93/><G93/><T91/><AGARI ba="0,1" hai="20,21,23,36,37,49,55,56,57,60,66,82,87,91" machi="91" ten="30,8000,1" yaku="1,1,0,1,53,3" doraHai="106" doraHaiUra="16" who="0" fromWho="0" sc="208,90,241,-20,221,-40,320,-20" /><INIT seed="3,0,0,3,3,78" ten="298,221,181,300" oya="3" hai0="5,46,63,112,130,42,107,54,56,109,18,33,23" hai1="108,129,114,100,20,131,80,76,48,67,43,87,94" hai2="110,69,35,84,99,47,118,14,82,127,41,111,0" hai3="49,104,57,37,106,16,126,134,86,15,44,27,53"/><W3/><G3/><T9/><D33/><U88/><E114/><V116/><F0/><W2/><G2/><T83/><D107/><U19/><E67/><V13/><F69/><W58/><G134/><T119/><D119/><U61/><E61/><V59/><F35/><W115/><G115/><T24/><D112/><U91/><E108/><N who="2" m="41515" /><F59/><W6/><G126/><T39/><D109/><U7/><E7/><V4/><F47/><W93/><G104/><T25/><D83/><U62/><E62/><V92/><F41/><W55/><G106/><T65/><D130/><N who="1" m="49675" /><E48/><V124/><F4/><W90/><G37/><T73/><D73/><U52/><E43/><V77/><F14/><W22/><G55/><T26/><D54/><U60/><E60/><V68/><F13/><AGARI ba="0,0" hai="5,9,13,18,23,24,25,26,39,42,46,56,63,65" machi="13" ten="30,1000,0" yaku="7,1" doraHai="78" who="0" fromWho="2" sc="298,10,221,0,181,-10,300,0" owari="308,40.8,221,-17.9,171,-32.9,300,10.0" /></mjloggm>