<mjloggm ver="2.3"><GO type="225" lobby="0"/><UN n0="%6D%75%75%73%61%6E%6D%75" n1="%79%75%72%69%6D%6F%67" n2="%33%74%72%65%65" n3="%E6%81%A5%E6%99%92%E3%81%97" dan="16,17,16,16" rate="2141.23,2168.61,2125.59,2111.97" sx="F,F,F,M"/><TAIKYOKU oya="0"/><INIT seed="0,0,0,0,2,107" ten="250,250,250,250" oya="0" hai0="4,10,119,72,38,49,39,77,64,42,17,67,88" hai1="109,57,45,71,36,23,24,95,33,43,9,41,101" hai2="90,133,58,135,56,1,124,61,91,60,30,14,134" hai3="6,70,65,55,112,40,19,117,28,27,110,98,16"/><T81/><D119/><U126/><E71/><V73/><F1/><W46/><G112/><T132/><D132/><U87/><E109/><V15/><F30/><W34/><G117/><T122/><D122/><U26/><E126/><V12/><F124/><W74/><G110/><T7/><D49/><U83/><E43/><V105/><F105/><W104/><G55/><T86/><D17/><U78/><E9/><V35/><F35/><W111/><G111/><T94/><D7/><U13/><E57/><N who="2" m="22123" /><F73/><W99/><G6/><T106/><D106/><U50/><E36/><V116/><F116/><W115/><G99/><T18/><D18/><N who="1" m="10703" /><E33/><V130/><F130/><W102/><G74/><T25/><D25/><U44/><E44/><V127/><F127/><W76/><G76/><T125/><D125/><U123/><E123/><V66/><F66/><W63/><G115/><T5/><D5/><U29/><E29/><V53/><F53/><W103/><G103/><T20/><D20/><U62/><E62/><AGARI ba="0,0" hai="12,14,15,60,61,62,90,91,133,134,135" m="22123" machi="62" ten="40,5200,0" yaku="28,2,20,1" doraHai="107" who="2" fromWho="1" sc="250,0,250,-52,250,52,250,0" /><INIT seed="1,0,0,1,1,122" ten="250,198,302,250" oya="1" hai0="100,92,13,31,127,21,119,76,91,88,73,98,96" hai1="47,85,82,26,86,36,94,43,133,39,113,104,130" hai2="61,114,50,95,79,121,51,87,7,59,23,126,20" hai3="69,0,125,34,32,57,48,9,52,54,101,99,68"/><U29/><E113/><V66/><F121/><W71/><G125/><T37/><D127/><U45/><E104/><V10/><F126/><W123/><G123/><T131/><D119/><U110/><E130/><V63/><F114/><W134/><G134/><T46/><D131/><U120/><E133/><V12/><F63/><W58/><G9/><T30/><D73/><U81/><E120/><V27/><F20/><W109/><G0/><T11/><D76/><U74/><E74/><V60/><F60/><W111/><G32/><T78/><D78/><U118/><E118/><V35/><F35/><W22/><G22/><T83/><D37/><U64/><E64/><V25/><F25/><W18/><G18/><T44/><D83/><U4/><E4/><V41/><F41/><W97/><G34/><T17/><D21/><U56/><E56/><V107/><F107/><W72/><G72/><T128/><D128/><U117/><E117/><V124/><F124/><W33/><G33/><T40/><D40/><U5/><E5/><V67/><F67/><W6/><G6/><T70/><D70/><U75/><E75/><V89/><F79/><W115/><G115/><T3/><D3/><U80/><E94/><V108/><F108/><N who="3" m="41547" /><G101/><T2/><D2/><U42/><REACH who="1" step="1"/><E110/><REACH who="1" ten="250,188,302,250" step="2"/><V15/><F7/><W93/><G93/><N who="0" m="56359" /><D100/><U103/><E103/><V90/><F95/><W16/><G16/><T84/><D17/><U1/><E1/><V116/><F116/><W53/><G58/><T14/><D30/><U62/><E62/><V65/><F61/><W77/><G77/><T38/><D31/><RYUUKYOKU ba="0,1" sc="250,-15,188,15,302,-15,250,15" hai1="26,29,36,39,42,43,45,47,80,81,82,85,86" hai3="48,52,53,54,57,68,69,71,97,99" /><INIT seed="1,1,1,5,4,96" ten="235,203,287,265" oya="1" hai0="21,70,57,69,86,93,106,81,45,109,122,14,132" hai1="29,58,76,44,16,0,71,134,54,73,8,127,84" hai2="25,114,50,64,3,23,133,46,26,115,102,37,19" hai3="11,9,98,55,61,116,2,47,56,75,105,67,87"/><U103/><E71/><V13/><F3/><W22/><G75/><T31/><D106/><U80/><E127/><V5/><F37/><W36/><G116/><T35/><D109/><U4/><E134/><V6/><F64/><W43/><G2/><T74/><D132/><U95/><E29/><V82/><F133/><W125/><G125/><T120/><D35/><U51/><E16/><N who="2" m="10639" /><F82/><W89/><G22/><T20/><D45/><U72/><REACH who="1" step="1"/><E44/><REACH who="1" ten="235,193,287,265" step="2"/><V33/><F19/><W99/><G47/><T117/><D69/><U131/><E131/><V10/><F46/><W32/><G32/><T121/><D70/><U27/><E27/><V77/><F25/><W39/><G36/><T17/><D117/><U110/><E110/><V15/><F26/><W112/><G39/><T104/><D57/><U92/><E92/><V1/><F33/><W101/><G56/><T41/><D104/><U108/><E108/><V30/><F30/><W40/><G105/><T129/><D129/><U126/><E126/><V97/><F6/><W100/><G112/><T68/><D68/><U34/><E34/><V12/><F115/><W119/><G119/><T42/><D31/><U78/><E78/><V65/><F77/><W38/><G38/><T91/><D21/><U7/><E7/><V118/><F114/><W90/><G43/><T88/><D74/><U113/><E113/><V94/><F118/><W135/><G40/><T52/><D52/><U130/><E130/><V62/><F5/><W28/><G135/><T111/><D111/><U63/><E63/><V66/><F62/><W59/><G28/><RYUUKYOKU ba="1,2" sc="235,15,193,15,287,-15,265,-15" hai0="14,17,20,41,42,81,86,88,91,93,120,121,122" hai1="0,4,8,51,54,58,72,73,76,80,84,95,103" /><INIT seed="1,2,2,0,1,31" ten="250,208,272,250" oya="1" hai0="76,14,6,44,63,96,72,27,118,83,45,42,133" hai1="126,77,101,130,65,15,82,39,53,115,49,62,0" hai2="94,5,50,112,68,87,36,52,51,121,103,106,70" hai3="17,23,102,10,127,11,59,131,134,124,38,89,9"/><U26/><E115/><V100/><F121/><W113/><G113/><T3/><D118/><U22/><E0/><V92/><F36/><W21/><G38/><N who="0" m="21591" /><D133/><U93/><E39/><V8/><F112/><W123/><G123/><T81/><D45/><U129/><E15/><V66/><F51/><W33/><G134/><T71/><D81/><U20/><E101/><V116/><F116/><W99/><G131/><N who="1" m="50186" /><E93/><V58/><F94/><W132/><G132/><T46/><D14/><U4/><E4/><V43/><F5/><W125/><G89/><T128/><D128/><U54/><E22/><V2/><F100/><W32/><G59/><T16/><D96/><U61/><E49/><V48/><F48/><W98/><G23/><T56/><D27/><U75/><E126/><V18/><F50/><W107/><G99/><T69/><D46/><U91/><E91/><V12/><F12/><AGARI ba="2,2" hai="9,10,11,12,17,21,32,33,98,102,107,124,125,127" machi="12" ten="50,6400,0" yaku="18,1,52,2" doraHai="31" who="3" fromWho="2" sc="250,0,208,0,272,-70,250,90" /><INIT seed="2,0,0,0,3,29" ten="250,208,202,340" oya="2" hai0="36,72,31,68,88,62,113,118,99,79,60,119,65" hai1="59,121,125,46,129,14,93,26,0,123,35,130,117" hai2="107,27,18,91,1,38,127,6,71,133,34,111,15" hai3="82,96,112,76,110,100,44,61,98,12,134,19,51"/><V45/><F107/><W33/><G110/><T70/><D113/><U73/><E73/><V32/><F71/><W42/><G134/><T39/><D31/><N who="1" m="19959" /><E117/><N who="0" m="44553" /><D79/><U83/><E83/><V22/><F133/><W69/><G112/><T78/><D78/><U20/><E46/><V49/><F38/><N who="0" m="14378" /><D72/><U135/><E135/><V115/><F115/><W50/><G98/><T53/><D99/><U23/><E59/><V77/><F77/><W48/><G33/><T126/><D88/><U28/><E93/><V95/><F111/><W103/><G82/><T132/><D132/><U120/><E125/><V124/><F124/><W105/><G103/><T81/><D81/><U21/><E0/><V90/><F1/><W5/><G5/><T41/><D126/><U122/><N who="1" m="30720" /><DORA hai="97" /><U80/><E80/><V4/><F127/><W74/><G76/><T13/><D70/><U58/><E58/><V10/><F4/><W89/><G74/><T63/><D68/><U17/><E28/><V43/><F90/><W75/><G75/><T106/><D106/><U114/><E114/><V108/><F108/><W55/><G89/><T30/><D30/><U54/><E54/><V11/><F11/><AGARI ba="0,0" hai="11,14,17,20,21,23,129,130" m="30720,19959" machi="11" ten="60,8000,1" yaku="13,1,34,2,52,1" doraHai="29,97" who="1" fromWho="2" sc="250,0,208,80,202,-80,340,0" /><INIT seed="3,0,0,1,0,65" ten="250,288,122,340" oya="3" hai0="104,113,79,55,5,70,103,47,118,74,52,77,121" hai1="43,15,82,25,132,36,46,9,126,6,0,59,29" hai2="53,8,49,26,96,57,38,44,92,117,88,61,21" hai3="76,129,58,41,75,62,109,13,37,93,56,3,119"/><W60/><G119/><T68/><D118/><U124/><E59/><V48/><F117/><W63/><G3/><T86/><D121/><U127/><E82/><V73/><F73/><W17/><G75/><T131/><D74/><U10/><E10/><V72/><F72/><W133/><G76/><T35/><D35/><U28/><E15/><V105/><F105/><W107/><G107/><T18/><D5/><U101/><E101/><V54/><F38/><W115/><G41/><T19/><D104/><U1/><E1/><V7/><F7/><W11/><G37/><T125/><D103/><U22/><REACH who="1" step="1"/><E132/><REACH who="1" ten="250,278,122,340" step="2"/><V20/><F8/><W122/><G133/><T27/><D27/><U120/><E120/><V64/><REACH who="2" step="1"/><F26/><REACH who="2" ten="250,278,112,340" step="2"/><W90/><G11/><T40/><D113/><U91/><E91/><V110/><F110/><W80/><G115/><T30/><D77/><U128/><E128/><V95/><F95/><W97/><G122/><T98/><D79/><U31/><AGARI ba="0,2" hai="0,6,9,22,25,28,29,31,36,43,46,124,126,127" machi="31" ten="40,5200,0" yaku="1,1,0,1,18,1,53,0" doraHai="65" doraHaiUra="108" who="1" fromWho="1" sc="250,-13,278,72,112,-13,340,-26" owari="237,-16.3,350,45.0,99,-40.1,314,11.4" /></mjloggm>