<mjloggm ver="2.3"><GO type="225" lobby="0"/><UN n0="%E3%81%B2%E3%81%AA%E3%81%AE%E3%82%8A%E3%81%8F" n1="%E3%81%82%E3%83%BC%E3%81%97" n2="%E3%81%95%E3%81%8D%E3%81%9F%E3%81%BE%E6%9E%97%E6%AA%8E" n3="%E9%80%9F%E6%B0%B4%E5%87%9B%E9%A6%99" dan="16,16,16,17" rate="2082.52,2104.20,2143.59,2154.15" sx="M,M,M,F"/><TAIKYOKU oya="0"/><INIT seed="0,0,0,0,5,81" ten="250,250,250,250" oya="0" hai0="114,99,98,119,36,68,106,49,100,9,16,3,39" hai1="42,69,115,27,54,0,58,13,6,110,41,65,55" hai2="117,125,38,33,89,112,60,45,2,120,35,122,51" hai3="86,40,91,57,83,90,101,113,131,134,14,4,34"/><T79/><D114/><U132/><E0/><V56/><F112/><W75/><G34/><T18/><D68/><U76/><E115/><V25/><F125/><W93/><G113/><T84/><D119/><U135/><E27/><V44/><F2/><W1/><G1/><T59/><D99/><U66/><E76/><V105/><F38/><W47/><G134/><N who="1" m="51242" /><E6/><V62/><F105/><W126/><G131/><T28/><D28/><U11/><E11/><V124/><F124/><W72/><G126/><T92/><D3/><U102/><E102/><V95/><F117/><W121/><G57/><T7/><D7/><U20/><E20/><V46/><F51/><W108/><G101/><T97/><D97/><U37/><E13/><V78/><F78/><W24/><G24/><T19/><D9/><U109/><E69/><V103/><F103/><W88/><G108/><N who="1" m="41578" /><E55/><V32/><F25/><W29/><G29/><T61/><D79/><U123/><E123/><V73/><F73/><W128/><G121/><T118/><D118/><U53/><E53/><V133/><F133/><W5/><G5/><T64/><D106/><U31/><E31/><V23/><F23/><W8/><G128/><T85/><REACH who="0" step="1"/><D49/><REACH who="0" ten="240,250,250,250" step="2"/><N who="1" m="31055" /><E37/><AGARI ba="0,1" hai="16,18,19,36,37,39,59,61,64,84,85,92,98,100" machi="37" ten="40,12000,1" yaku="1,1,52,2,54,1,53,0" doraHai="81" doraHaiUra="17" who="0" fromWho="1" sc="240,130,250,-120,250,0,250,0" /><INIT seed="0,1,0,2,3,14" ten="370,130,250,250" oya="0" hai0="48,98,15,77,36,91,11,3,70,47,83,108,68" hai1="99,78,122,119,24,19,49,13,67,111,25,121,7" hai2="102,27,129,64,96,123,126,21,20,80,105,1,23" hai3="107,2,97,6,75,18,43,37,38,73,133,135,87"/><T45/><D3/><U109/><E78/><V30/><F123/><N who="1" m="47113" /><E67/><V112/><F112/><W9/><G87/><T31/><D31/><U69/><E99/><V53/><F126/><W106/><G97/><T130/><D130/><U34/><E69/><V114/><F114/><W58/><G58/><T86/><D108/><N who="1" m="41547" /><E49/><V120/><F129/><W76/><G76/><T28/><D28/><N who="1" m="19719" /><E119/><V17/><F120/><W110/><G110/><T62/><D36/><U66/><E66/><V117/><F117/><W131/><G43/><T71/><D62/><U100/><E100/><V51/><F64/><W101/><G101/><T57/><D57/><U41/><E41/><V104/><F104/><W85/><G85/><T72/><D98/><U4/><E25/><V113/><F80/><W35/><G37/><T59/><D59/><U56/><E56/><V29/><F113/><W10/><G38/><T118/><D118/><U88/><E88/><V127/><F51/><W90/><G90/><T52/><D47/><U134/><E134/><N who="3" m="51210" /><G131/><T79/><REACH who="0" step="1"/><D72/><REACH who="0" ten="360,130,250,250" step="2"/><U115/><E115/><V32/><F96/><W60/><G60/><T42/><D42/><U16/><E13/><V89/><F30/><W46/><G46/><T93/><D93/><U125/><E125/><V124/><F29/><W82/><G75/><T116/><D116/><U55/><E55/><V8/><F124/><W54/><G54/><T65/><D65/><U92/><E92/><V84/><F127/><W95/><G95/><T94/><D94/><U22/><E22/><V5/><F23/><W81/><G73/><T39/><D39/><RYUUKYOKU ba="1,1" sc="360,15,130,15,250,-15,250,-15" hai0="11,15,45,48,52,68,70,71,77,79,83,86,91" hai1="4,7,16,19" /><INIT seed="0,2,1,4,5,90" ten="375,145,235,235" oya="0" hai0="57,82,45,16,32,77,94,78,39,121,26,83,59" hai1="96,128,119,108,106,79,107,68,87,99,0,9,5" hai2="92,102,12,129,52,49,10,1,115,6,105,2,7" hai3="118,35,101,84,65,131,8,11,95,43,93,126,38"/><T130/><D121/><U29/><E119/><V114/><F105/><W14/><G35/><T55/><D130/><U51/><E68/><V116/><F129/><W25/><G131/><T33/><D45/><U70/><E128/><V125/><F125/><W117/><G126/><T80/><D39/><U66/><E108/><V28/><F116/><W113/><G113/><T30/><D33/><U62/><E29/><V75/><F75/><W13/><G38/><T122/><D122/><U81/><REACH who="1" step="1"/><E51/><REACH who="1" ten="375,135,235,235" step="2"/><V71/><F71/><W133/><G118/><T72/><D30/><U120/><E120/><V24/><F114/><W89/><G117/><T53/><D72/><U73/><E73/><V15/><F115/><W56/><G133/><T58/><D77/><U76/><E76/><V100/><F28/><W37/><G37/><T20/><D78/><U19/><E19/><V111/><F111/><W60/><G43/><T41/><D41/><U54/><E54/><V50/><F50/><W64/><G64/><T110/><D110/><U47/><E47/><V4/><F52/><W98/><G25/><T36/><D36/><U17/><E17/><V67/><F67/><W27/><G27/><T23/><D55/><U3/><E3/><V134/><F2/><W31/><G31/><T103/><D53/><U21/><E21/><V97/><F1/><W104/><G8/><T44/><D23/><U69/><E69/><V127/><F10/><W109/><G109/><T86/><D32/><U74/><E74/><V48/><F24/><W18/><G14/><N who="0" m="9239" /><D44/><U88/><E88/><N who="2" m="55431" /><F15/><W63/><G63/><RYUUKYOKU ba="2,2" sc="375,-15,135,15,235,-15,235,15" hai1="0,5,9,62,66,70,79,81,87,96,99,106,107" hai3="11,13,18,56,60,65,84,89,93,95,98,101,104" /><INIT seed="1,3,2,5,0,124" ten="360,150,220,250" oya="1" hai0="12,127,126,115,15,75,23,48,53,72,94,19,90" hai1="106,45,70,110,102,13,130,10,88,79,80,59,116" hai2="61,117,0,74,122,108,41,135,112,43,52,28,128" hai3="113,99,65,38,1,76,77,9,96,101,100,98,71"/><U105/><E116/><V123/><F117/><W64/><G38/><T69/><D69/><U56/><E70/><V125/><F0/><W87/><G71/><T37/><D37/><U20/><E110/><V25/><F74/><W27/><G1/><T68/><D68/><U82/><E45/><V39/><F39/><W35/><G35/><T57/><D15/><U119/><E119/><V44/><F108/><W26/><G9/><T58/><D58/><U16/><E105/><V6/><F6/><W30/><G30/><T93/><D93/><U36/><E36/><V42/><F125/><N who="0" m="47626" /><D115/><U114/><E114/><V120/><F112/><W107/><G107/><T103/><D103/><N who="3" m="39497" /><G87/><AGARI ba="3,2" hai="12,19,23,48,53,57,72,75,87,90,94" m="47626" machi="87" ten="30,2000,0" yaku="25,1,18,1" doraHai="124" who="0" fromWho="3" sc="360,49,150,0,220,0,250,-29" /><INIT seed="2,0,0,0,1,64" ten="409,150,220,221" oya="2" hai0="135,2,62,84,89,81,50,28,42,59,55,26,77" hai1="110,118,72,4,108,27,48,47,51,96,37,40,3" hai2="71,117,100,6,30,92,31,53,90,120,97,63,127" hai3="98,18,16,66,129,91,80,32,57,99,104,94,113"/><V58/><F117/><W116/><G116/><T20/><D2/><U75/><E118/><V36/><F36/><W73/><G32/><T82/><D135/><U133/><E133/><V34/><F127/><W33/><G33/><T88/><D82/><U10/><E96/><V11/><F120/><W61/><G129/><T102/><D102/><U109/><E27/><V68/><F34/><W105/><G113/><T123/><D123/><U56/><E56/><V46/><F46/><AGARI ba="0,0" hai="20,26,28,42,46,50,55,59,62,77,81,84,88,89" machi="46" ten="40,2600,0" yaku="8,1,54,1" doraHai="64" who="0" fromWho="2" sc="409,26,150,0,220,-26,221,0" /><INIT seed="3,0,0,2,4,107" ten="435,150,194,221" oya="3" hai0="43,5,33,83,44,75,67,124,53,120,103,37,42" hai1="102,101,115,16,74,4,39,29,18,2,81,57,66" hai2="65,77,69,71,55,61,8,72,7,49,118,12,119" hai3="9,19,79,88,123,82,11,48,121,68,76,10,112"/><W21/><G68/><T111/><D33/><U87/><E115/><V51/><F51/><W25/><G112/><T38/><D103/><U89/><E39/><V24/><F71/><W22/><G123/><T20/><D67/><U94/><E29/><V113/><F113/><W26/><G121/><T23/><D5/><U129/><E129/><V116/><F24/><W90/><G48/><T27/><D124/><U56/><E2/><V125/><F125/><W17/><G76/><T14/><D53/><U135/><E4/><V130/><F130/><W15/><G15/><T106/><D106/><U36/><E36/><V134/><F134/><W96/><G96/><T131/><D131/><U86/><E135/><V40/><F40/><W98/><G98/><T73/><D14/><U132/><E132/><V41/><F41/><W34/><G34/><T92/><D92/><U126/><E126/><V3/><F3/><W93/><G93/><T109/><D27/><U13/><E74/><AGARI ba="0,0" hai="9,10,11,17,19,21,22,25,26,74,79,82,88,90" machi="74" ten="40,7700,0" yaku="9,1,52,1,54,1" doraHai="107" who="3" fromWho="1" sc="435,0,150,-77,194,0,221,77" /><INIT seed="3,1,0,2,1,126" ten="435,73,194,298" oya="3" hai0="15,100,90,80,44,84,130,45,127,61,13,131,106" hai1="38,88,66,132,120,91,85,81,12,99,111,43,93" hai2="133,129,95,121,34,128,14,104,134,62,28,41,118" hai3="51,94,77,117,52,54,55,98,0,5,68,25,36"/><W22/><G36/><T110/><D110/><U24/><E111/><V42/><F118/><W39/><G39/><T64/><D127/><U122/><E66/><V119/><F119/><W10/><G68/><T19/><D106/><U59/><E59/><V18/><F104/><W16/><G117/><T107/><D100/><U9/><E24/><N who="2" m="18695" /><F121/><W49/><REACH who="3" step="1"/><G77/><REACH who="3" ten="435,73,194,288" step="2"/><T109/><D109/><U3/><E132/><N who="2" m="50795" /><F62/><W1/><G1/><T96/><D61/><U27/><E27/><V72/><F72/><W30/><G30/><T135/><D135/><U79/><E3/><V58/><F58/><W50/><G50/><T32/><D13/><U7/><E38/><V53/><F53/><W89/><AGARI ba="1,1" hai="0,5,10,16,22,25,49,51,52,54,55,89,94,98" machi="89" ten="30,12000,1" yaku="1,1,0,1,54,2,53,1" doraHai="126" doraHaiUra="17" who="3" fromWho="3" sc="435,-41,73,-41,194,-41,288,133" owari="394,19.4,32,-46.8,153,-24.7,421,52.1" /></mjloggm>