<mjloggm ver="2.3"><GO type="225" lobby="0"/><UN n0="%72%69%6F%75%63%68%61%6E" n1="%E5%8F%AF%E5%85%90%E9%82%A3%E7%94%B1%E5%A4%9A" n2="%E3%83%A9%E3%82%B9%E7%8E%87%EF%BC%93%E5%89%B2" n3="%E3%81%AF%E3%82%88%E3%81%8A%E3%81%98%E3%81%95%E3%82%93" dan="16,16,16,17" rate="2195.68,2214.71,2158.74,2193.06" sx="M,F,F,M"/><TAIKYOKU oya="0"/><INIT seed="0,0,0,1,5,33" ten="250,250,250,250" oya="0" hai0="29,31,86,120,104,34,131,17,112,64,59,32,41" hai1="121,3,9,127,124,25,85,12,98,18,72,95,47" hai2="6,35,73,13,115,106,61,0,94,50,82,68,56" hai3="132,76,15,43,36,119,88,134,84,89,8,7,99"/><T4/><D112/><U81/><E121/><V5/><F106/><W60/><G119/><T16/><D120/><U51/><E72/><V11/><F35/><W123/><G123/><T24/><D104/><U1/><E25/><V87/><F115/><W37/><G60/><T40/><D131/><U48/><E95/><V102/><F68/><W66/><G66/><T116/><D116/><U67/><E98/><V71/><F71/><W52/><G52/><T130/><D130/><U122/><E67/><V111/><F111/><W113/><G113/><T2/><D86/><U58/><E58/><V110/><F110/><W53/><G53/><T62/><D41/><U135/><E122/><V65/><F50/><W93/><G76/><T28/><D40/><U69/><E69/><V96/><F73/><W42/><G42/><T101/><D101/><U118/><E135/><N who="3" m="51754" /><G43/><T26/><REACH who="0" step="1"/><D31/><REACH who="0" ten="240,250,250,250" step="2"/><U129/><E129/><V126/><F126/><N who="1" m="48169" /><E118/><V125/><F125/><W20/><G84/><T77/><D77/><N who="1" m="46255" /><E47/><V63/><F87/><W10/><G89/><T46/><D46/><U75/><E75/><V54/><F82/><W44/><G44/><T30/><D30/><U19/><E19/><V27/><F102/><W105/><G105/><T70/><D70/><U83/><E83/><V79/><F79/><W91/><G91/><T108/><D108/><U107/><E107/><V39/><F96/><W55/><G88/><T74/><D74/><U38/><E38/><N who="3" m="14954" /><G93/><T57/><D57/><U23/><E9/><AGARI ba="0,1" hai="2,4,9,16,17,24,26,28,29,32,34,59,62,64" machi="9" ten="40,12000,1" yaku="1,1,9,1,52,1,54,1,53,0" doraHai="33" doraHaiUra="45" who="0" fromWho="1" sc="240,130,250,-120,250,0,250,0" /><INIT seed="0,1,0,1,0,122" ten="370,130,250,250" oya="0" hai0="101,1,96,15,2,94,58,27,103,24,36,120,123" hai1="116,124,91,84,131,22,108,6,75,118,43,5,30" hai2="46,117,80,52,35,97,3,31,69,82,54,113,68" hai3="63,49,105,23,87,21,119,55,102,32,0,51,133"/><T25/><D36/><U85/><E75/><V88/><F3/><W126/><G32/><T10/><D103/><U57/><E131/><V14/><F113/><W45/><G119/><T26/><N who="0" m="6144" /><DORA hai="11" /><T60/><D1/><U34/><E34/><V47/><F35/><W115/><G115/><T61/><D2/><U76/><E30/><V16/><F31/><W38/><G38/><T19/><REACH who="0" step="1"/><D61/><REACH who="0" ten="360,130,250,250" step="2"/><U65/><E118/><V18/><F117/><W40/><G63/><T64/><AGARI ba="1,1" hai="10,15,19,58,60,64,94,96,101,120,123" m="6144" machi="64" ten="40,12000,1" yaku="1,1,2,1,0,1,52,1,53,1" doraHai="122,11" doraHaiUra="56,66" who="0" fromWho="0" sc="360,133,130,-41,250,-41,250,-41" /><INIT seed="0,2,0,4,1,128" ten="493,89,209,209" oya="0" hai0="55,94,86,9,23,80,0,49,77,19,129,35,58" hai1="101,14,44,81,85,20,99,103,71,108,90,28,29" hai2="34,98,110,32,105,39,67,8,25,24,6,91,40" hai3="107,4,126,122,11,2,5,83,79,43,106,7,97"/><T63/><D129/><U53/><E108/><V3/><F110/><W26/><G126/><T109/><D109/><U88/><E71/><V33/><F67/><W100/><G122/><T46/><D35/><U1/><E1/><V78/><F91/><W116/><G116/><T114/><D114/><U135/><E135/><V133/><F133/><W52/><G106/><T45/><D0/><U65/><E65/><V112/><F112/><W84/><G43/><T117/><D117/><U82/><E14/><V95/><F95/><W51/><REACH who="3" step="1"/><G26/><REACH who="3" ten="493,89,209,199" step="2"/><T92/><D9/><U130/><E130/><V36/><F40/><W125/><G125/><T59/><D45/><AGARI ba="2,1" hai="2,4,5,7,11,45,51,52,79,83,84,97,100,107" machi="45" ten="30,3900,0" yaku="1,1,7,1,54,1,53,0" doraHai="128" doraHaiUra="22" who="3" fromWho="0" sc="493,-45,89,0,209,0,199,55" /><INIT seed="1,0,0,3,3,27" ten="448,89,209,254" oya="1" hai0="5,98,85,28,95,8,21,113,52,120,29,116,70" hai1="122,91,54,35,65,105,3,84,104,51,123,114,110" hai2="133,125,26,0,18,121,45,61,22,37,36,43,109" hai3="57,102,25,131,39,101,12,46,118,112,68,49,11"/><U79/><E3/><V23/><F121/><N who="1" m="46089" /><E35/><V89/><F0/><W87/><G112/><T56/><D113/><U31/><E31/><N who="0" m="11849" /><D70/><U38/><E65/><V103/><F61/><W33/><G57/><T66/><D116/><U41/><E114/><V93/><F103/><W106/><G101/><N who="0" m="60639" /><D120/><U71/><E71/><V124/><F37/><W17/><G12/><N who="0" m="5135" /><D85/><U58/><E104/><V81/><F36/><W63/><G87/><T14/><D66/><U127/><E105/><V2/><F2/><W108/><G39/><T64/><D64/><U4/><E4/><V86/><F86/><W44/><G118/><T16/><D56/><U92/><E79/><V132/><F132/><W94/><G33/><T100/><D100/><U73/><E73/><V55/><F133/><W6/><G102/><T135/><D135/><U19/><E38/><V97/><F97/><W24/><G68/><T128/><D128/><U88/><E91/><V53/><F89/><W130/><G106/><T115/><D115/><U48/><E88/><V69/><F69/><W7/><G130/><T13/><D14/><U40/><E84/><V99/><F99/><W34/><G34/><T77/><D77/><U117/><E117/><V67/><F67/><W75/><G75/><T60/><D60/><U47/><E58/><V30/><F124/><W1/><G1/><T76/><D76/><U42/><E127/><V32/><F125/><W83/><G131/><T90/><D90/><U129/><E129/><V134/><F134/><W74/><G74/><T9/><D9/><U126/><E126/><V111/><F32/><RYUUKYOKU ba="0,0" sc="448,30,89,-10,209,-10,254,-10" hai0="13,16,21,52" /><INIT seed="2,1,0,0,4,19" ten="478,79,199,244" oya="2" hai0="34,77,86,66,4,20,46,97,33,90,74,12,131" hai1="134,32,94,24,78,127,58,132,76,72,92,105,30" hai2="133,121,128,23,57,70,119,95,89,104,87,114,55" hai3="0,110,100,65,85,28,25,41,96,118,8,42,40"/><V31/><F114/><W13/><G118/><T47/><D131/><U35/><E105/><V71/><F119/><W135/><G0/><T44/><D66/><U48/><E72/><V93/><F121/><W11/><G110/><T64/><D64/><U124/><E48/><V130/><F104/><W43/><G135/><T88/><D74/><U101/><E58/><V126/><F133/><W9/><G65/><T53/><D53/><U50/><E50/><V125/><F95/><W107/><N who="3" m="10240" /><DORA hai="27" /><W7/><REACH who="3" step="1"/><G85/><REACH who="3" ten="478,79,199,234" step="2"/><T91/><D86/><U82/><E101/><V69/><F130/><W21/><AGARI ba="1,1" hai="7,8,9,11,13,21,25,28,96,100,107" m="10240" machi="21" ten="40,8000,1" yaku="1,1,2,1,0,1,52,2,53,0" doraHai="19,27" doraHaiUra="115,117" who="3" fromWho="3" sc="478,-21,79,-21,199,-41,234,93" /><INIT seed="3,0,0,1,3,53" ten="457,58,158,327" oya="3" hai0="31,27,100,39,112,40,132,49,92,80,14,5,44" hai1="111,62,89,6,7,104,63,57,98,106,103,42,117" hai2="119,3,90,28,67,38,118,30,93,133,131,20,24" hai3="127,17,21,65,97,29,13,35,75,41,58,123,61"/><W81/><G127/><T91/><D132/><U77/><E111/><V11/><F133/><W68/><G123/><T102/><D112/><U54/><E117/><V0/><F38/><W88/><G41/><T8/><D80/><U12/><E106/><V76/><F76/><W48/><G35/><T56/><D56/><U83/><E42/><V124/><F124/><W125/><G125/><T16/><D16/><U94/><E12/><V70/><F131/><W107/><G29/><T122/><D39/><U78/><E78/><V71/><F28/><W22/><G75/><T109/><D109/><U18/><E18/><V115/><F115/><W73/><G73/><T95/><D122/><U69/><E69/><V9/><F67/><W128/><G128/><T130/><D130/><U121/><E121/><V74/><F74/><W120/><G120/><T108/><D108/><U26/><E26/><V129/><F129/><W64/><G107/><T110/><D110/><U113/><E113/><V50/><F50/><W101/><G65/><T84/><D95/><U34/><E34/><AGARI ba="0,0" hai="5,8,14,27,31,34,40,44,49,84,91,92,100,102" machi="34" ten="30,1000,0" yaku="7,1" doraHai="53" who="0" fromWho="1" sc="457,10,58,-10,158,0,327,0" owari="467,56.7,48,-45.2,158,-24.2,327,12.7" /></mjloggm>