<mjloggm ver="2.3"><GO type="225" lobby="0"/><UN n0="%E3%81%82%E3%81%99%E3%81%AB%E3%82%83%E3%82%80" n1="%46%6F%72%41%79" n2="%E3%81%AA%E3%81%8A%E3%81%A8%4E%4D%42" n3="%E3%81%BF%E3%81%BF%E3%81%9A" dan="16,16,16,16" rate="2137.09,2093.36,2133.15,2159.41" sx="F,M,M,M"/><TAIKYOKU oya="0"/><INIT seed="0,0,0,4,5,37" ten="250,250,250,250" oya="0" hai0="134,81,53,12,113,135,56,27,1,18,132,21,98" hai1="128,67,126,36,84,0,63,116,66,41,75,44,50" hai2="38,60,127,17,5,118,4,30,71,32,112,124,14" hai3="22,95,131,10,20,51,72,58,69,104,121,109,76"/><T70/><D70/><U11/><E116/><V74/><F38/><W3/><G104/><T82/><D1/><U61/><E84/><V48/><F48/><W54/><G109/><T115/><D98/><U80/><E126/><N who="2" m="48171" /><F74/><W107/><G107/><T106/><D106/><U65/><E50/><V88/><F112/><N who="0" m="43082" /><D12/><U45/><E45/><V68/><F118/><W46/><G69/><N who="2" m="26697" /><F60/><AGARI ba="0,0" hai="18,21,27,53,56,60,81,82,132,134,135" m="43082" machi="60" ten="40,2000,0" yaku="20,1" doraHai="37" who="0" fromWho="2" sc="250,20,250,0,250,-20,250,0" /><INIT seed="0,1,0,5,5,82" ten="270,250,230,250" oya="0" hai0="104,40,127,58,16,34,37,11,93,115,117,42,5" hai1="51,0,9,70,35,134,76,25,112,135,131,36,49" hai2="66,101,87,19,133,12,33,44,78,120,1,54,28" hai3="91,74,102,107,62,118,124,55,22,128,116,88,21"/><T122/><D104/><U103/><E36/><V123/><F1/><W130/><G74/><T2/><D115/><U13/><E0/><V92/><F133/><N who="1" m="50697" /><E131/><N who="3" m="50218" /><G124/><T129/><D129/><U31/><E70/><V97/><F66/><W6/><G6/><T86/><D127/><U95/><E76/><V46/><F28/><W68/><G102/><T64/><D34/><U3/><E3/><V41/><F33/><W32/><G107/><T114/><D114/><U39/><E39/><V83/><F54/><W111/><G111/><T60/><D122/><U61/><E61/><V84/><F84/><W94/><G91/><N who="0" m="53495" /><D2/><U73/><E73/><V106/><F106/><W121/><G121/><T57/><D37/><U109/><E109/><V132/><F46/><W47/><G32/><T17/><D117/><N who="3" m="45161" /><G68/><T71/><D71/><U4/><E112/><V99/><F99/><AGARI ba="1,0" hai="4,9,13,25,31,35,49,51,95,99,103" m="50697" machi="99" ten="30,1000,0" yaku="20,1" doraHai="82" who="1" fromWho="2" sc="270,0,250,13,230,-13,250,0" /><INIT seed="1,0,0,2,3,42" ten="270,263,217,250" oya="1" hai0="43,30,64,74,122,94,118,83,69,20,111,91,12" hai1="72,76,87,13,68,47,93,71,19,51,70,23,89" hai2="17,120,5,126,98,86,41,129,134,117,32,16,63" hai3="105,9,40,80,100,108,103,132,106,107,14,54,99"/><U11/><E72/><V21/><F117/><W121/><G121/><T39/><D118/><U57/><E76/><V22/><F120/><W58/><G108/><T3/><D111/><U116/><E116/><V52/><F32/><W56/><G132/><T44/><D3/><U6/><E57/><N who="2" m="35239" /><F134/><W130/><G130/><T1/><D1/><U35/><E35/><V15/><F129/><W24/><G24/><T53/><D122/><U77/><E77/><V114/><F126/><W104/><G80/><T7/><D83/><U85/><E85/><V95/><F5/><W36/><G103/><T34/><D74/><U18/><REACH who="1" step="1"/><E23/><REACH who="1" ten="270,253,217,250" step="2"/><V62/><F114/><W123/><G58/><T124/><D34/><U79/><E79/><V25/><F86/><W8/><G123/><T97/><D20/><U31/><E31/><V131/><F131/><W46/><REACH who="3" step="1"/><G14/><REACH who="3" ten="270,253,217,240" step="2"/><T27/><D12/><U29/><E29/><V90/><F62/><AGARI ba="0,2" hai="8,9,36,40,46,54,56,62,99,100,104,105,106,107" machi="62" ten="40,8000,1" yaku="1,1,2,1,52,1,53,1" doraHai="42" doraHaiUra="37" who="3" fromWho="2" sc="270,0,253,0,217,-80,240,100" /><INIT seed="2,0,0,4,0,88" ten="270,253,137,340" oya="2" hai0="111,91,128,123,131,23,25,36,12,34,69,43,79" hai1="7,77,83,118,92,60,4,134,107,10,74,6,0" hai2="41,63,76,78,27,80,101,47,28,126,105,56,70" hai3="51,38,124,48,119,68,9,33,133,113,94,106,98"/><V2/><F2/><W81/><G38/><T59/><D111/><U97/><E118/><V135/><F126/><W109/><G119/><T31/><D69/><U100/><E134/><V67/><F135/><W114/><G133/><T115/><D79/><U93/><E60/><V18/><F18/><W13/><G68/><T30/><D59/><U32/><E32/><N who="2" m="20511" /><F56/><W75/><G33/><T15/><D115/><N who="3" m="44041" /><G106/><T89/><D123/><U102/><E107/><V3/><F3/><W5/><G109/><T82/><D82/><U50/><E50/><V53/><F53/><W73/><G124/><T110/><D110/><U66/><E66/><V108/><F108/><W130/><G130/><N who="0" m="49707" /><D31/><U86/><E74/><N who="3" m="28170" /><G81/><T52/><D52/><U117/><E117/><V122/><F80/><W44/><G44/><N who="0" m="23655" /><D34/><U96/><AGARI ba="0,0" hai="0,4,6,7,10,77,83,86,92,93,96,97,100,102" machi="96" ten="30,7900,0" yaku="0,1,9,1,52,2" doraHai="88" who="1" fromWho="1" sc="270,-20,253,79,137,-39,340,-20" /><INIT seed="3,0,0,3,3,98" ten="250,332,98,320" oya="3" hai0="78,49,57,18,81,113,133,103,130,110,36,23,114" hai1="25,91,93,120,54,89,33,64,34,124,97,84,56" hai2="10,4,96,75,0,109,51,28,127,47,69,65,134" hai3="19,30,112,79,70,31,80,27,17,86,55,41,42"/><W11/><G112/><T82/><D110/><U24/><E120/><V107/><F109/><W87/><G70/><T92/><D36/><U40/><E64/><V132/><F127/><W2/><G2/><T44/><D133/><U100/><E40/><N who="3" m="15466" /><G55/><T61/><D130/><U68/><E68/><V37/><F51/><W122/><G122/><T99/><D49/><U6/><E6/><V16/><F16/><N who="3" m="6219" /><G11/><T105/><D44/><U43/><E43/><V90/><F90/><N who="3" m="51527" /><G27/><T46/><D46/><U131/><E131/><V104/><F47/><W8/><G8/><T73/><D81/><AGARI ba="0,0" hai="30,31,79,81,87" m="51527,6219,15466" machi="81" ten="30,2900,0" yaku="8,1,54,1" doraHai="98" who="3" fromWho="0" sc="250,-29,332,0,98,0,320,29" owari="221,-17.9,332,13.2,98,-40.2,349,44.9" /></mjloggm>