<mjloggm ver="2.3"><GO type="225" lobby="0"/><UN n0="%E3%81%AF%E3%82%88%E3%81%8A%E3%81%98%E3%81%95%E3%82%93" n1="%6D%61%74%69%67%75%73%61" n2="%E3%81%BF%E3%81%BF%E3%81%9A" n3="%E3%81%B5%E3%81%98%E3%81%8B%E3%81%A4" dan="17,17,16,16" rate="2173.63,2252.08,2149.72,2131.30" sx="M,M,M,M"/><TAIKYOKU oya="0"/><INIT seed="0,0,0,0,1,38" ten="250,250,250,250" oya="0" hai0="120,133,33,110,0,43,44,97,87,19,34,91,37" hai1="64,59,51,123,22,1,63,75,70,12,11,98,111" hai2="126,60,73,36,40,7,117,16,14,2,49,26,88" hai3="82,135,80,104,54,58,134,83,57,29,106,3,8"/><T105/><D120/><U65/><E75/><V66/><F73/><W61/><G29/><T108/><D0/><U41/><E111/><N who="0" m="42537" /><D133/><N who="3" m="50697" /><G3/><T35/><D19/><U129/><E129/><V89/><F126/><W46/><G8/><T31/><D105/><N who="3" m="40553" /><G61/><T101/><D101/><U21/><E123/><V28/><F36/><W122/><G122/><T5/><D5/><U32/><E32/><V9/><F117/><W130/><G130/><T50/><D97/><U48/><E98/><V103/><F103/><W95/><G95/><N who="0" m="54783" /><D37/><U6/><E1/><V76/><F76/><W67/><G67/><T81/><D81/><U17/><E6/><V115/><F115/><W39/><G54/><T128/><D128/><U79/><E65/><V42/><F49/><W92/><G92/><T15/><D15/><U100/><E51/><V131/><F131/><W119/><G119/><T24/><AGARI ba="0,0" hai="24,31,33,34,35,43,44,50" m="54783,42537" machi="24" ten="30,6000,0" yaku="14,1,10,1,52,1" doraHai="38" who="0" fromWho="0" sc="250,60,250,-20,250,-20,250,-20" /><INIT seed="0,1,0,1,1,109" ten="310,230,230,230" oya="0" hai0="117,13,1,84,75,86,93,8,31,41,123,52,104" hai1="83,98,99,11,38,23,54,101,131,100,112,50,119" hai2="22,96,77,105,79,9,60,58,18,102,39,10,97" hai3="120,5,24,64,65,53,135,115,59,81,36,44,85"/><T69/><D75/><U37/><E119/><V29/><F39/><W74/><G120/><T91/><D117/><U14/><E131/><V43/><F43/><W0/><G135/><T89/><D123/><U70/><E70/><V55/><F29/><W124/><G115/><T21/><D104/><U51/><E23/><V45/><F45/><W108/><G108/><T106/><D106/><U2/><E2/><V19/><F97/><W68/><G68/><T78/><D69/><U130/><E83/><V133/><F133/><W73/><G24/><N who="0" m="16783" /><D1/><U20/><E20/><V34/><F34/><W67/><G124/><T111/><D41/><U32/><E32/><V56/><F18/><W71/><G71/><T103/><D78/><U35/><E35/><V6/><F56/><W88/><G36/><T62/><D103/><U126/><E130/><V57/><F58/><W129/><G129/><T134/><D111/><U116/><E116/><V127/><F127/><W40/><G40/><T25/><D25/><U12/><E126/><V28/><F28/><W87/><G44/><T4/><D134/><U118/><E118/><V66/><F66/><W72/><G85/><N who="0" m="52399" /><D91/><U63/><E112/><V33/><F33/><W48/><REACH who="3" step="1"/><G72/><REACH who="3" ten="310,230,230,220" step="2"/><T15/><D86/><U30/><E37/><V114/><F114/><W16/><G16/><T94/><D84/><U42/><E38/><V47/><F47/><W121/><G121/><T95/><D4/><U128/><E128/><V76/><REACH who="2" step="1"/><F6/><REACH who="2" ten="310,230,220,220" step="2"/><W132/><G132/><T122/><D122/><U61/><E42/><V90/><F90/><W82/><G82/><RYUUKYOKU ba="1,2" sc="310,-15,230,-15,220,15,220,15" hai2="9,10,19,22,55,57,60,76,77,79,96,102,105" hai3="0,5,48,53,59,64,65,67,73,74,81,87,88" /><INIT seed="1,2,2,4,2,58" ten="295,215,235,235" oya="1" hai0="129,14,115,90,21,106,8,105,60,84,135,121,131" hai1="2,99,93,97,127,22,114,37,102,112,103,66,69" hai2="132,24,98,43,56,133,32,68,71,39,38,128,30" hai3="80,17,89,87,11,100,31,75,83,81,48,130,109"/><U96/><E37/><V113/><F128/><N who="0" m="49226" /><D115/><U50/><E2/><V116/><F116/><W34/><G130/><T70/><D21/><U44/><E127/><V110/><F110/><W91/><G109/><T125/><D135/><N who="2" m="51786" /><F113/><W49/><G100/><T28/><D28/><U101/><E93/><V57/><F98/><W62/><G34/><T76/><D76/><U4/><E4/><V35/><F35/><W0/><G0/><T104/><D121/><U15/><E15/><V94/><F94/><N who="3" m="54591" /><G75/><T119/><D119/><U117/><E22/><V88/><F88/><W46/><G31/><T134/><D125/><U72/><E72/><V111/><F111/><W63/><G91/><T54/><D134/><U1/><E1/><V40/><F57/><W41/><G49/><T5/><D70/><N who="2" m="26666" /><F56/><W85/><G85/><T27/><D27/><U12/><E12/><AGARI ba="2,2" hai="11,12,17,41,46,48,62,63,80,81,83" m="54591" machi="12" ten="30,3900,0" yaku="8,1,52,2" doraHai="58" who="3" fromWho="1" sc="295,0,215,-45,235,0,235,65" /><INIT seed="2,0,0,4,2,84" ten="295,170,235,300" oya="2" hai0="73,56,20,24,34,39,30,103,50,130,113,4,10" hai1="35,108,110,74,3,66,135,91,38,90,6,1,19" hai2="75,129,17,62,98,28,80,115,106,45,12,87,119" hai3="102,42,13,126,33,96,60,25,55,82,52,112,14"/><V43/><F115/><W76/><G112/><T78/><D113/><U124/><E38/><V83/><F119/><W36/><G126/><T133/><D39/><U116/><E116/><V54/><F129/><W94/><G33/><T32/><D130/><U9/><E74/><V99/><F28/><W0/><G0/><T100/><D133/><U72/><E72/><V65/><F54/><W117/><G117/><T86/><D73/><U22/><E1/><V69/><F75/><W46/><G25/><T89/><D78/><U127/><E66/><V48/><F106/><W101/><G101/><T18/><D32/><U21/><E21/><V26/><F26/><W125/><G125/><N who="1" m="48202" /><E35/><V88/><REACH who="2" step="1"/><F80/><REACH who="2" ten="295,170,225,300" step="2"/><W134/><G55/><N who="0" m="31863" /><D30/><U95/><E135/><V107/><F107/><W15/><G134/><T67/><D34/><U131/><E131/><V29/><F29/><W40/><G52/><T70/><D24/><N who="1" m="14431" /><E95/><V2/><F2/><W81/><G81/><T132/><D132/><U51/><E51/><V44/><F44/><W64/><G46/><T53/><D53/><U11/><E11/><AGARI ba="0,1" hai="11,12,17,43,45,48,62,65,69,83,87,88,98,99" machi="11" ten="30,11600,0" yaku="1,1,7,1,52,1,54,1,53,0" doraHai="84" doraHaiUra="121" who="2" fromWho="1" sc="295,0,170,-116,225,126,300,0" /><INIT seed="2,1,0,3,1,36" ten="295,54,351,300" oya="2" hai0="61,67,25,50,88,110,47,39,4,66,131,3,93" hai1="24,1,22,122,116,28,5,7,121,34,44,21,15" hai2="23,46,84,107,63,54,86,45,49,75,58,101,98" hai3="91,117,85,38,13,55,0,68,65,27,11,111,6"/><V97/><F75/><W81/><G117/><T53/><D110/><U59/><E59/><V102/><F23/><W129/><G111/><T31/><D131/><U16/><E116/><V48/><F48/><W73/><G129/><T120/><D120/><U105/><E105/><V82/><F82/><W14/><G73/><T118/><D118/><U78/><E78/><V64/><REACH who="2" step="1"/><F45/><REACH who="2" ten="295,54,341,300" step="2"/><W135/><G135/><T40/><D50/><U69/><E69/><V57/><F57/><W127/><G38/><T96/><D39/><U62/><E62/><V41/><F41/><W70/><G70/><T132/><D40/><U79/><E79/><V26/><F26/><W94/><G68/><T12/><D132/><U126/><E44/><V52/><F52/><W17/><G65/><T134/><D134/><U33/><E126/><V119/><F119/><W115/><G55/><T42/><D42/><U108/><E108/><V35/><F35/><N who="1" m="13321" /><E1/><V60/><F60/><W90/><G127/><T72/><D3/><U123/><AGARI ba="1,1" hai="5,7,15,16,21,22,24,28,121,122,123" m="13321" machi="123" ten="40,8000,1" yaku="13,1,34,2,54,1" doraHai="36" who="1" fromWho="1" sc="295,-21,54,93,341,-41,300,-21" /><INIT seed="3,0,0,2,3,71" ten="274,147,300,279" oya="3" hai0="89,65,112,91,46,45,104,48,102,83,20,0,124" hai1="119,81,7,130,133,90,75,18,105,1,123,11,25" hai2="53,57,126,27,9,29,82,17,125,122,52,97,23" hai3="69,134,70,56,100,60,84,39,77,120,55,79,30"/><W59/><G120/><T40/><D0/><U22/><E105/><V21/><F122/><W101/><G134/><T68/><D124/><N who="2" m="47722" /><F97/><W41/><G30/><T51/><D112/><U86/><E123/><V110/><F110/><W135/><G135/><T128/><D128/><U50/><E133/><V108/><F108/><W87/><G41/><T42/><D83/><U47/><E130/><V85/><F9/><W99/><G99/><T114/><D114/><U28/><E119/><V19/><F57/><N who="3" m="34879" /><G70/><T132/><D132/><U118/><E118/><V49/><F49/><W24/><G39/><T33/><D33/><U103/><E103/><N who="3" m="39498" /><G69/><T34/><D34/><U10/><E75/><V32/><F32/><W43/><G24/><T36/><D36/><U13/><E11/><V38/><F38/><W117/><G43/><T76/><D76/><N who="3" m="29257" /><G117/><T116/><D116/><U4/><REACH who="1" step="1"/><E1/><REACH who="1" ten="274,137,300,279" step="2"/><V94/><F94/><W74/><G74/><T3/><D3/><U8/><E8/><V111/><F111/><W37/><G37/><T121/><D121/><U14/><E14/><N who="2" m="9399" /><F29/><W31/><G31/><T80/><D102/><U129/><E129/><V12/><F27/><W15/><G15/><T131/><D104/><U88/><E88/><AGARI ba="0,1" hai="12,19,23,52,53,82,85,88" m="9399,47722" machi="88" ten="30,3900,0" yaku="18,1,54,2" doraHai="71" who="2" fromWho="1" sc="274,0,137,-39,300,49,279,0" owari="274,-12.6,98,-40.2,349,44.9,279,7.9" /></mjloggm>