<mjloggm ver="2.3"><GO type="225" lobby="0"/><UN n0="%E3%80%93%E3%81%97%E3%83%BC%E3%82%89%E3%80%93" n1="%E3%81%82%E3%82%93%E3%81%AA%E3%81%A4" n2="%E3%83%81%E3%83%83%E3%82%BF%E3%82%BD%E3%83%BC" n3="%E3%81%BF%E3%81%BF%E3%81%9A" dan="17,17,17,18" rate="2204.27,2189.38,2205.87,2251.57" sx="M,M,F,M"/><TAIKYOKU oya="0"/><INIT seed="0,0,0,0,1,11" ten="250,250,250,250" oya="0" hai0="33,70,25,127,44,134,91,111,123,102,29,110,75" hai1="43,84,9,60,83,117,63,126,121,93,125,95,17" hai2="116,109,131,14,49,113,66,96,79,88,50,36,80" hai3="8,13,85,98,38,56,22,46,74,100,71,0,52"/><T128/><D70/><U99/><E117/><V64/><F109/><N who="0" m="41482" /><D123/><U135/><E121/><V115/><F131/><W10/><G74/><T15/><D75/><U94/><E99/><V40/><F36/><W108/><G71/><T34/><D128/><U129/><E43/><V57/><F116/><W90/><G108/><T124/><D102/><U16/><E129/><V32/><F32/><N who="0" m="12394" /><D44/><U51/><E51/><V119/><F119/><W35/><G35/><N who="0" m="20911" /><D91/><N who="1" m="51615" /><E135/><V73/><F49/><N who="3" m="30735" /><G0/><T72/><D72/><U81/><E60/><V118/><F118/><W3/><G3/><T12/><D134/><U82/><E125/><AGARI ba="0,0" hai="12,15,124,125,127" m="20911,12394,41482" machi="125" ten="40,18000,2" yaku="18,1,14,1,10,1,34,2,52,2" doraHai="11" who="0" fromWho="1" sc="250,180,250,-180,250,0,250,0" /><INIT seed="0,1,0,3,0,23" ten="430,70,250,250" oya="0" hai0="81,20,71,58,115,132,16,35,134,48,9,5,61" hai1="42,11,15,122,119,108,85,99,89,126,91,14,88" hai2="97,7,98,68,43,100,51,57,29,75,90,125,50" hai3="111,103,109,121,130,116,70,36,3,69,73,0,110"/><T72/><D115/><U13/><E119/><V95/><F125/><W76/><G116/><T1/><D35/><U40/><E122/><V118/><F118/><W10/><G121/><T18/><D71/><N who="3" m="27145" /><G130/><T93/><D48/><U54/><E126/><V46/><F68/><W59/><G36/><T80/><D93/><U133/><E133/><N who="0" m="51305" /><D72/><U28/><E108/><V96/><F75/><W56/><G103/><T25/><D18/><U8/><E85/><V19/><F7/><N who="3" m="1383" /><G3/><T129/><D129/><U47/><E99/><V44/><F29/><W55/><G55/><AGARI ba="1,0" hai="1,5,9,16,20,25,55,58,61,80,81" m="51305" machi="55" ten="30,5800,0" yaku="20,1,52,1,54,1" doraHai="23" who="0" fromWho="3" sc="430,61,70,0,250,0,250,-61" /><INIT seed="0,2,0,3,3,33" ten="491,70,250,189" oya="0" hai0="134,22,85,88,68,63,64,81,36,106,58,102,0" hai1="96,109,53,24,27,45,19,124,40,105,110,100,135" hai2="59,49,75,51,44,50,12,18,35,76,94,57,69" hai3="47,54,30,113,128,91,130,9,116,104,28,78,84"/><T20/><D36/><U66/><E124/><V23/><F69/><W34/><G113/><T119/><D119/><U79/><E135/><V122/><F122/><W101/><G116/><T131/><D134/><U92/><E66/><V48/><F35/><W14/><G78/><T114/><D114/><U71/><E71/><V74/><F94/><W52/><G101/><T125/><D125/><U111/><E79/><V73/><REACH who="2" step="1"/><F76/><REACH who="2" ten="491,70,240,189" step="2"/><W21/><G34/><T129/><D131/><U132/><E132/><V87/><F87/><W93/><G104/><T103/><D129/><U8/><E92/><V38/><F38/><W4/><G130/><T127/><D68/><U39/><REACH who="1" step="1"/><E53/><AGARI ba="2,1" hai="12,18,23,44,48,49,50,51,53,57,59,73,74,75" machi="53" ten="50,1600,0" yaku="1,1,53,0" doraHai="33" doraHaiUra="65" who="2" fromWho="1" sc="491,0,70,-22,240,32,189,0" /><INIT seed="1,0,0,1,1,115" ten="491,48,272,189" oya="1" hai0="67,76,96,77,88,72,85,11,34,1,35,63,122" hai1="132,107,5,64,31,51,55,66,119,10,114,12,29" hai2="69,4,46,25,117,109,48,89,124,82,134,17,28" hai3="52,36,38,30,32,13,0,19,8,27,108,45,44"/><U95/><E107/><V105/><F117/><W22/><G108/><T127/><D96/><U42/><E114/><V49/><F109/><W83/><G83/><T3/><D127/><U97/><E132/><V123/><F124/><W78/><G78/><T56/><D72/><U94/><E42/><V70/><F105/><W61/><G61/><T112/><D112/><U57/><E95/><V59/><F17/><W92/><G92/><T2/><D11/><U68/><E68/><V60/><F4/><N who="3" m="1031" /><G52/><T50/><D122/><U62/><E119/><V71/><F134/><W9/><G9/><T90/><D90/><U73/><E73/><V23/><F123/><W111/><G111/><T53/><D77/><U99/><E99/><V41/><F49/><W84/><G84/><T133/><D76/><U39/><E39/><AGARI ba="0,0" hai="13,19,22,27,30,32,36,38,39,44,45" m="1031" machi="39" ten="30,1000,0" yaku="24,1" doraHai="115" who="3" fromWho="1" sc="491,0,48,-10,272,0,189,10" /><INIT seed="2,0,0,2,1,113" ten="491,38,272,199" oya="2" hai0="70,94,103,129,88,11,21,86,16,97,60,130,118" hai1="8,124,132,110,58,82,127,109,54,43,83,6,121" hai2="5,19,96,33,41,4,106,126,62,46,2,25,119" hai3="27,57,102,134,93,75,17,131,24,55,12,18,89"/><V49/><F126/><N who="1" m="48169" /><E82/><V111/><F111/><N who="1" m="42505" /><E83/><V59/><F2/><W135/><G131/><N who="0" m="50187" /><D118/><U68/><E8/><V122/><F122/><W112/><G112/><T104/><D11/><U95/><E95/><V40/><F41/><W123/><G123/><T92/><D60/><N who="1" m="35927" /><E6/><V10/><F106/><W107/><G102/><T67/><D67/><U32/><E32/><V64/><F96/><W36/><G75/><T114/><D70/><U73/><E73/><V29/><F19/><W65/><G18/><T20/><D114/><U115/><E121/><V74/><F74/><W14/><G107/><T34/><D34/><U1/><E1/><V52/><F10/><W125/><G24/><N who="0" m="14343" /><D21/><U100/><E100/><V0/><F0/><W71/><G89/><T98/><D98/><U108/><N who="1" m="42513" /><U35/><DORA hai="56" /><E35/><V37/><F5/><W85/><G93/><AGARI ba="0,0" hai="86,88,92,93,94,97,103,104" m="14343,50187" machi="93" ten="30,3900,0" yaku="19,1,54,2" doraHai="113,56" who="0" fromWho="3" sc="491,39,38,0,272,0,199,-39" /><INIT seed="3,0,0,5,0,133" ten="530,38,272,160" oya="3" hai0="0,135,98,29,43,84,24,12,87,20,13,60,102" hai1="52,39,32,10,26,40,8,121,103,99,16,42,38" hai2="15,106,125,89,34,65,91,93,63,46,114,17,54" hai3="14,95,49,68,83,107,113,110,7,35,5,69,47"/><W118/><G118/><T64/><D0/><U119/><E119/><V86/><F125/><W56/><G113/><T112/><D43/><U66/><E121/><V55/><F114/><W88/><G107/><T1/><D1/><U61/><E66/><V18/><F34/><W28/><G35/><T128/><D128/><U50/><E32/><V53/><F106/><W72/><G28/><T9/><D135/><U94/><E61/><V85/><F46/><W117/><G56/><T97/><D13/><U19/><E39/><V3/><F3/><W36/><G36/><T21/><D21/><U126/><E126/><V130/><F130/><W105/><G105/><T59/><D112/><U11/><E38/><V123/><F123/><W51/><G51/><T100/><D98/><U116/><E116/><V129/><F129/><W37/><G110/><T62/><D62/><U124/><E124/><V22/><F17/><W67/><G117/><T131/><D131/><U101/><E101/><N who="0" m="39017" /><D97/><U33/><E33/><V111/><F111/><W120/><G120/><T25/><D25/><U115/><E115/><V48/><F48/><W81/><G37/><T96/><D96/><U78/><E78/><V132/><F132/><W74/><G47/><T58/><D58/><U70/><E70/><V134/><F134/><W90/><G49/><T4/><AGARI ba="0,0" hai="4,9,12,20,24,29,59,60,64,84,87" m="39017" machi="4" ten="30,1100,0" yaku="8,1" doraHai="133" who="0" fromWho="0" sc="530,11,38,-3,272,-3,160,-5" owari="541,64.1,35,-46.5,269,6.9,155,-24.5" /></mjloggm>