<mjloggm ver="2.3"><GO type="225" lobby="0"/><UN n0="%E5%A4%9C%E5%85%89%E5%A4%A9%E6%A5%BC" n1="%E9%A6%AC%E4%BA%86%E9%9A%94%E5%A3%81" n2="%33%74%72%65%65" n3="%6D%75%75%73%61%6E%6D%75" dan="16,18,16,16" rate="2079.75,2212.45,2133.98,2121.41" sx="F,M,F,F"/><TAIKYOKU oya="0"/><INIT seed="0,0,0,1,1,68" ten="250,250,250,250" oya="0" hai0="102,15,45,92,95,94,46,119,107,27,10,132,77" hai1="2,118,25,14,53,58,128,116,120,26,21,55,123" hai2="122,131,121,60,79,76,69,124,5,83,115,0,63" hai3="103,105,8,114,126,38,22,31,125,41,89,88,16"/><T87/><D119/><N who="1" m="45611" /><E58/><V85/><F115/><W12/><G114/><T91/><D77/><U23/><E2/><V4/><F131/><W111/><G111/><T62/><D107/><U117/><N who="1" m="45619" /><U20/><DORA hai="108" /><E128/><V37/><F124/><N who="3" m="47723" /><G103/><T80/><D102/><U104/><E104/><V34/><F34/><W74/><G74/><T133/><D62/><U17/><E55/><V90/><F63/><W43/><G105/><T97/><D97/><U36/><E53/><V110/><F110/><W29/><G43/><T61/><D61/><U7/><E36/><V66/><F37/><W86/><G22/><N who="1" m="8810" /><E7/><V35/><F5/><W134/><G134/><N who="0" m="51819" /><D27/><AGARI ba="0,0" hai="14,17,23,25,26,27,120,123" m="8810,45619" machi="27" ten="40,2600,0" yaku="34,2" doraHai="68,108" who="1" fromWho="0" sc="250,-26,250,26,250,0,250,0" /><INIT seed="1,0,0,1,5,81" ten="224,276,250,250" oya="1" hai0="65,90,48,58,110,39,116,70,105,56,17,1,75" hai1="59,21,98,112,41,88,36,67,76,78,87,8,124" hai2="11,3,27,20,114,80,109,31,72,15,125,13,91" hai3="32,34,74,117,69,120,47,104,44,84,12,9,38"/><U22/><E112/><V106/><F109/><W42/><G74/><T121/><D116/><U130/><E130/><V92/><F125/><W93/><G120/><T19/><D39/><U60/><E124/><V95/><F106/><W100/><G69/><T77/><D1/><U6/><E36/><V61/><F114/><W55/><G117/><T134/><D105/><U135/><E41/><V99/><F3/><W108/><G104/><T18/><D121/><U26/><E135/><V63/><F72/><W97/><G108/><T127/><D110/><U16/><E98/><V4/><F80/><W126/><G126/><T24/><D77/><U123/><E22/><V50/><F50/><W2/><G2/><T103/><D75/><U89/><E123/><V73/><F73/><W71/><G71/><T25/><D103/><U129/><E89/><V102/><REACH who="2" step="1"/><F15/><REACH who="2" ten="224,276,240,250" step="2"/><W46/><G38/><T33/><D127/><U43/><E129/><V23/><F23/><W68/><G34/><T29/><D134/><U64/><E43/><V115/><F115/><W10/><G32/><T54/><D33/><U66/><E76/><V57/><F57/><W52/><G42/><T28/><D70/><U35/><E78/><V94/><F94/><N who="3" m="58423" /><G68/><T101/><D101/><U132/><E132/><V5/><F5/><N who="3" m="3119" /><G10/><T83/><D83/><N who="1" m="49279" /><E35/><V131/><F131/><W30/><G93/><T118/><D118/><U128/><E128/><V14/><F14/><AGARI ba="0,1" hai="6,8,14,16,21,26,59,60,64,66,67" m="49279" machi="14" ten="30,11600,0" yaku="8,1,52,1,54,2" doraHai="81" who="1" fromWho="2" sc="224,0,276,126,240,-116,250,0" /><INIT seed="1,1,0,2,0,120" ten="224,402,124,250" oya="1" hai0="110,9,117,27,59,60,55,114,40,2,74,62,73" hai1="77,102,88,96,53,126,61,25,4,50,36,52,67" hai2="19,13,113,75,84,87,64,72,130,8,108,32,68" hai3="30,128,116,38,12,58,35,54,94,37,70,28,48"/><U80/><E36/><V31/><F130/><W63/><G128/><T131/><D131/><U95/><E126/><V22/><F32/><W7/><G116/><T106/><D114/><U83/><E4/><V21/><F113/><W71/><G38/><T23/><D106/><U97/><E25/><V129/><F129/><W24/><G37/><T49/><D117/><U107/><E50/><V17/><F31/><W51/><G51/><T135/><D135/><U82/><REACH who="1" step="1"/><E77/><REACH who="1" ten="224,392,124,250" step="2"/><V119/><F119/><W100/><G24/><T133/><D27/><U134/><E134/><V45/><F45/><W111/><G48/><T79/><D49/><U46/><E46/><V42/><F42/><W122/><G122/><T127/><D79/><U86/><E86/><V91/><F84/><W29/><G35/><T125/><D40/><U3/><E3/><V10/><F87/><W118/><G7/><T109/><D133/><U39/><E39/><V89/><F13/><W92/><G12/><T11/><D2/><U65/><E65/><V93/><F64/><W56/><G118/><T103/><D55/><U112/><E112/><V76/><F76/><W121/><G54/><T81/><D127/><U44/><E44/><V34/><F34/><W14/><G121/><T1/><D1/><U20/><E20/><V16/><F75/><W33/><G33/><T43/><D23/><U90/><E90/><V57/><F72/><W0/><G0/><T47/><D43/><U5/><E5/><V15/><F22/><W123/><G123/><T18/><D47/><U6/><E6/><V104/><F21/><RYUUKYOKU ba="1,1" sc="224,-10,392,30,124,-10,250,-10" hai1="52,53,61,67,80,82,83,88,95,96,97,102,107" /><INIT seed="1,2,1,0,3,66" ten="214,422,114,240" oya="1" hai0="62,134,22,17,69,55,117,94,44,13,21,106,11" hai1="116,25,65,16,84,101,122,15,57,29,9,52,71" hai2="80,76,113,40,112,48,4,61,6,54,20,12,70" hai3="124,18,26,8,97,128,121,89,105,77,111,41,98"/><U34/><E116/><V37/><F20/><W64/><G121/><T107/><D117/><U73/><E122/><V125/><F125/><W82/><G41/><T43/><D134/><U50/><E73/><V102/><F102/><W110/><G128/><T91/><D106/><U135/><E135/><V42/><F6/><W2/><G105/><T0/><D107/><U1/><E101/><V87/><F12/><N who="3" m="7431" /><G2/><T119/><D0/><U59/><E84/><V120/><F4/><W131/><G89/><T23/><D119/><U92/><E92/><V56/><F120/><W115/><G115/><T47/><D43/><U79/><E79/><V95/><F95/><W33/><G64/><T51/><D62/><U38/><E38/><V35/><F35/><W67/><G67/><T96/><D69/><U133/><E133/><V36/><F42/><W99/><G131/><T108/><D108/><N who="3" m="41513" /><G124/><T45/><AGARI ba="2,1" hai="11,13,17,21,22,23,44,45,47,51,55,91,94,96" machi="45" ten="30,2000,0" yaku="0,1,8,1" doraHai="66" who="0" fromWho="0" sc="214,36,422,-12,114,-7,240,-7" /><INIT seed="2,0,0,2,3,14" ten="250,410,107,233" oya="2" hai0="0,126,11,97,40,37,99,4,31,133,84,86,19" hai1="80,41,113,87,105,88,95,73,59,122,78,72,21" hai2="116,9,106,123,66,71,70,134,49,64,103,131,2" hai3="128,51,57,35,45,15,34,79,108,121,38,23,135"/><V111/><F116/><W29/><G121/><T74/><D31/><U83/><E113/><V33/><F123/><W62/><G108/><T12/><D74/><U112/><E112/><V39/><F39/><W56/><G38/><T100/><D126/><U36/><E122/><V53/><F33/><W17/><G128/><T47/><D99/><U54/><E105/><V68/><F131/><W125/><G125/><T1/><D133/><U25/><E36/><V77/><F134/><W32/><G135/><T102/><D102/><U67/><E67/><V58/><F111/><W117/><G117/><T5/><D5/><U24/><E41/><V60/><F77/><W85/><G29/><T92/><D0/><U63/><E21/><AGARI ba="0,0" hai="1,4,11,12,19,21,37,40,47,84,86,92,97,100" machi="21" ten="30,2000,0" yaku="7,1,52,1" doraHai="14" who="0" fromWho="1" sc="250,20,410,-20,107,0,233,0" /><INIT seed="3,0,0,4,1,41" ten="270,390,107,233" oya="3" hai0="77,71,111,40,2,50,45,105,18,109,116,0,76" hai1="25,28,86,29,52,53,57,16,56,80,104,38,81" hai2="33,88,61,14,35,91,49,1,79,115,82,31,78" hai3="63,74,7,36,103,123,46,68,132,48,98,65,6"/><W8/><G123/><T23/><D116/><U19/><E104/><V9/><F1/><N who="0" m="618" /><D71/><U120/><E38/><V119/><F115/><W107/><G132/><T118/><D105/><U125/><E125/><V39/><F39/><W102/><G36/><T30/><D30/><U27/><E86/><V75/><F119/><W114/><G114/><T100/><D100/><U99/><E99/><V106/><F106/><W94/><G74/><T5/><D5/><U135/><E135/><V17/><F78/><W73/><G73/><T89/><D89/><U133/><E133/><V22/><F33/><W43/><G8/><T122/><D122/><AGARI ba="0,0" hai="16,19,25,27,28,29,52,53,56,57,80,81,120,122" machi="122" ten="25,6400,0" yaku="22,2,54,2" doraHai="41" who="1" fromWho="0" sc="270,-64,390,64,107,0,233,0" owari="206,-19.4,454,55.4,107,-39.3,233,3.3" /></mjloggm>