<mjloggm ver="2.3"><GO type="225" lobby="0"/><UN n0="%E6%A0%B9%E5%85%83%E3%81%8B%E3%82%89%E5%90%B9%E3%81%A3%E9%A3%9B%E3%81%B6" n1="%E3%81%BF%E3%81%BF%E3%81%9A" n2="%73%61%6E%64%69%72%69%73" n3="%73%69%67%65%6E%6F%72%69" dan="17,17,16,18" rate="2209.13,2237.30,2143.43,2241.93" sx="F,M,M,M"/><TAIKYOKU oya="0"/><INIT seed="0,0,0,4,4,5" ten="250,250,250,250" oya="0" hai0="96,31,25,46,129,51,11,120,27,107,90,135,89" hai1="114,20,28,14,125,108,26,84,63,38,130,8,113" hai2="71,94,47,44,131,62,57,24,95,45,100,86,70" hai3="76,119,122,18,48,22,87,126,92,10,0,123,35"/><T40/><D120/><N who="3" m="46121" /><G35/><T2/><D129/><U1/><E38/><V64/><F131/><W132/><G119/><T36/><D135/><U33/><E130/><V121/><F121/><W55/><G132/><T4/><D27/><U60/><E108/><V109/><F109/><W66/><G66/><T32/><REACH who="0" step="1"/><D36/><REACH who="0" ten="240,250,250,250" step="2"/><U61/><E125/><V124/><F124/><W82/><G126/><T58/><D58/><U128/><E128/><V3/><F24/><N who="3" m="14423" /><G92/><T81/><D81/><U68/><E68/><V79/><F95/><W43/><G43/><T118/><D118/><U17/><E84/><V105/><F86/><W41/><G41/><T50/><D50/><U83/><E83/><V75/><F71/><W91/><G48/><T103/><AGARI ba="0,1" hai="2,4,11,25,31,32,40,46,51,89,90,96,103,107" machi="103" ten="30,6000,0" yaku="1,1,0,1,52,1,53,0" doraHai="5" doraHaiUra="112" who="0" fromWho="0" sc="240,70,250,-20,250,-20,250,-20" /><INIT seed="0,1,0,2,1,81" ten="310,230,230,230" oya="0" hai0="126,80,89,65,38,130,121,114,47,41,5,124,107" hai1="36,100,75,28,88,76,71,35,7,46,21,37,99" hai2="34,29,52,4,77,22,120,91,103,15,39,125,82" hai3="55,62,134,61,3,44,2,67,96,102,85,90,64"/><T69/><D114/><U10/><E21/><V95/><F120/><W48/><G134/><T17/><D121/><U49/><E71/><V70/><F39/><W14/><G14/><T27/><D107/><U1/><E28/><V30/><F34/><W32/><G32/><T12/><D130/><U43/><E35/><V115/><F125/><N who="0" m="48234" /><D65/><U112/><E112/><V56/><F103/><W51/><G51/><T86/><D69/><U78/><E75/><V83/><F70/><W93/><G62/><T108/><D5/><U118/><E118/><V11/><F115/><W9/><G9/><N who="0" m="6287" /><D108/><U59/><E36/><V113/><F113/><W104/><REACH who="3" step="1"/><G67/><REACH who="3" ten="310,230,230,220" step="2"/><T105/><D105/><U127/><E127/><V117/><F15/><W122/><G122/><T40/><D40/><U73/><E37/><V20/><F11/><W94/><G94/><T72/><D72/><U23/><E73/><V119/><F95/><W33/><G33/><T18/><D18/><U92/><E23/><V31/><F22/><W87/><G87/><N who="0" m="50407" /><D27/><U128/><E128/><V109/><F117/><W132/><G132/><T97/><D97/><U57/><REACH who="1" step="1"/><E100/><REACH who="1" ten="310,220,230,220" step="2"/><V16/><F119/><W6/><G6/><T68/><D68/><AGARI ba="1,2" hai="2,3,44,48,55,61,64,68,85,90,93,96,102,104" machi="68" ten="30,3900,0" yaku="1,1,7,1,52,1,53,0" doraHai="81" doraHaiUra="53" who="3" fromWho="0" sc="310,-42,220,0,230,0,220,62" /><INIT seed="1,0,0,4,4,25" ten="268,220,230,282" oya="1" hai0="111,32,54,100,67,1,3,13,106,26,101,97,0" hai1="76,81,69,122,123,91,134,80,116,4,64,86,70" hai2="16,89,114,119,113,82,43,57,109,124,105,79,73" hai3="2,9,18,128,51,120,103,59,24,42,35,44,118"/><U49/><E116/><V21/><F119/><W108/><G118/><T30/><D111/><U39/><E39/><V99/><F109/><W36/><G108/><T27/><D100/><U72/><E134/><V15/><F124/><W95/><G120/><T83/><D67/><U60/><E69/><V28/><F43/><W50/><G128/><T14/><D27/><U41/><REACH who="1" step="1"/><E4/><REACH who="1" ten="268,210,230,282" step="2"/><V31/><F113/><W125/><G36/><T71/><D71/><U115/><E115/><V102/><F114/><W75/><G125/><T62/><REACH who="0" step="1"/><D83/><REACH who="0" ten="258,210,230,282" step="2"/><U68/><E68/><V5/><F82/><W117/><G117/><T133/><D133/><U104/><E104/><V107/><F107/><W90/><G95/><T22/><D22/><U11/><E11/><V87/><F21/><W7/><G9/><T52/><D52/><U33/><E33/><V46/><F105/><W126/><G35/><T12/><D12/><U20/><E20/><V96/><F15/><W40/><G126/><T19/><D19/><U84/><E84/><V98/><F87/><W130/><G18/><T56/><AGARI ba="0,2" hai="0,1,3,13,14,26,30,32,54,56,62,97,101,106" machi="56" ten="40,8000,1" yaku="1,1,0,1,52,1,53,1" doraHai="25" doraHaiUra="94" who="0" fromWho="0" sc="258,100,210,-40,230,-20,282,-20" /><INIT seed="2,0,0,3,2,128" ten="358,170,210,262" oya="2" hai0="85,31,100,83,120,79,126,66,27,54,2,1,34" hai1="48,129,33,133,41,35,3,13,5,105,87,82,124" hai2="42,16,55,21,22,91,65,67,86,135,59,18,30" hai3="72,47,75,23,39,77,74,88,0,24,68,60,108"/><V8/><F42/><W84/><G0/><T10/><D126/><U107/><E3/><V104/><F104/><N who="1" m="40009" /><E129/><V53/><F30/><W38/><G108/><T63/><D100/><U29/><E29/><V19/><F8/><W92/><G77/><T95/><D54/><U25/><E25/><V130/><F130/><W116/><G116/><T70/><D120/><U32/><E32/><V64/><F135/><W127/><G47/><T43/><D43/><U80/><E80/><V99/><F99/><W58/><G68/><T118/><D118/><U44/><E124/><V7/><F7/><W17/><REACH who="3" step="1"/><G127/><REACH who="3" ten="358,170,210,252" step="2"/><T123/><D2/><U51/><E133/><V102/><F59/><W97/><G97/><T119/><D1/><U6/><E6/><V57/><F57/><W112/><G112/><T20/><D119/><U37/><E37/><V115/><F115/><W96/><G96/><T89/><D123/><U9/><E51/><V11/><F86/><W93/><G93/><T131/><D131/><U26/><E26/><V46/><F46/><W15/><G15/><T98/><REACH who="0" step="1"/><D10/><REACH who="0" ten="348,170,210,252" step="2"/><U36/><E36/><V62/><F11/><W4/><G4/><T90/><D90/><U110/><E110/><V40/><F91/><W28/><G28/><T14/><D14/><U134/><E134/><V111/><F111/><W50/><G50/><T78/><D78/><AGARI ba="0,2" hai="5,9,13,33,35,41,44,48,78,82,87" m="40009" machi="78" ten="30,1000,0" yaku="25,1" doraHai="128" who="1" fromWho="0" sc="348,-10,170,30,210,0,252,0" /><INIT seed="3,0,0,1,2,120" ten="338,200,210,252" oya="3" hai0="63,30,42,82,39,25,91,77,13,71,12,117,79" hai1="85,127,66,24,88,78,41,124,23,40,119,131,83" hai2="70,59,105,16,89,34,106,114,28,98,97,7,50" hai3="21,9,101,38,64,52,132,26,47,111,130,62,93"/><W94/><G132/><T19/><D39/><U134/><E134/><V37/><F37/><W46/><G130/><T126/><D42/><U115/><E115/><V14/><F70/><W80/><G111/><T22/><D126/><N who="1" m="48171" /><E131/><V60/><F114/><W32/><G32/><T29/><D117/><U72/><E66/><N who="2" m="39199" /><F106/><W121/><G121/><T102/><D102/><U65/><E65/><V81/><F105/><W108/><G108/><T135/><D63/><U95/><E119/><V68/><F68/><W6/><G80/><T122/><D30/><AGARI ba="0,0" hai="23,24,30,40,41,72,78,83,85,88,95" m="48171" machi="30" ten="30,2000,0" yaku="18,1,54,1" doraHai="120" who="1" fromWho="0" sc="338,-20,200,20,210,0,252,0" owari="318,41.8,220,-18.0,210,-29.0,252,5.2" /></mjloggm>