<mjloggm ver="2.3"><GO type="225" lobby="0"/><UN n0="%54%4F%52" n1="%E5%AF%82%E5%AF%9E%E3%82%AE%E3%83%8D%E3%82%B9%E3%83%93%E3%83%BC%E3%83%AB" n2="%72%61%6B%33" n3="%E6%97%A5%E6%9B%9C%E6%97%A5%E3%82%88%E3%82%8A%E3%81%AE%E4%BD%BF%E8%80%85" dan="17,16,18,18" rate="2222.20,2139.38,2262.33,2181.85" sx="M,M,M,M"/><TAIKYOKU oya="0"/><INIT seed="0,0,0,4,2,43" ten="250,250,250,250" oya="0" hai0="6,15,90,25,62,48,66,30,49,50,59,134,71" hai1="130,102,64,95,113,89,32,97,135,10,42,70,67" hai2="104,44,51,123,46,75,120,12,103,4,57,114,29" hai3="99,117,125,91,119,28,93,5,20,100,96,56,63"/><T108/><D134/><U26/><E135/><V118/><F114/><W82/><G5/><T132/><D132/><U87/><E113/><V80/><F118/><W22/><G125/><T133/><D133/><U128/><E10/><V47/><F29/><W13/><G13/><T34/><D108/><U77/><E77/><V88/><F104/><W122/><G122/><T55/><REACH who="0" step="1"/><D90/><REACH who="0" ten="240,250,250,250" step="2"/><U7/><E130/><V68/><F88/><W61/><G91/><T74/><D74/><U106/><E128/><V35/><F75/><W53/><G119/><T73/><D73/><U39/><E89/><V126/><F123/><W72/><G72/><T54/><D54/><U124/><E87/><V33/><F120/><W1/><G117/><T58/><D58/><U92/><E124/><V107/><F126/><W0/><G56/><T98/><D98/><U18/><E97/><V3/><F57/><W41/><G96/><T101/><D101/><U105/><E102/><V45/><F103/><W131/><G100/><T60/><D60/><U40/><E106/><V94/><F107/><W38/><G63/><T84/><D84/><U37/><E105/><V9/><F94/><W79/><G61/><T8/><AGARI ba="0,1" hai="6,8,15,25,30,34,48,49,50,55,59,62,66,71" machi="8" ten="30,3000,0" yaku="1,1,0,1,53,0" doraHai="43" doraHaiUra="129" who="0" fromWho="0" sc="240,40,250,-10,250,-10,250,-10" /><INIT seed="0,1,0,1,2,104" ten="280,240,240,240" oya="0" hai0="119,95,74,94,55,53,45,90,113,29,27,133,127" hai1="24,30,42,76,35,109,40,63,118,38,0,52,12" hai2="116,99,47,22,85,101,13,6,19,126,130,77,121" hai3="4,89,122,58,79,16,57,97,31,8,110,15,34"/><T91/><D113/><U81/><E118/><V7/><F121/><W1/><G110/><T41/><D119/><U39/><E0/><V23/><F126/><W25/><G122/><T135/><D127/><U102/><E109/><V37/><F130/><W114/><G114/><T98/><D74/><U66/><E102/><V129/><F129/><W56/><G79/><T106/><D106/><U131/><E131/><V3/><F3/><W108/><G108/><T73/><D73/><U93/><E93/><V51/><F37/><W105/><G89/><T134/><D41/><U9/><E39/><V120/><F120/><W11/><REACH who="3" step="1"/><G56/><REACH who="3" ten="280,240,240,230" step="2"/><T28/><D45/><U83/><E76/><V20/><F77/><W111/><G111/><T72/><D72/><U67/><E83/><V123/><F123/><W80/><G80/><T64/><D64/><U92/><E81/><V65/><F65/><W44/><G44/><T100/><D100/><AGARI ba="1,1" hai="1,4,8,11,15,16,25,31,34,57,58,97,100,105" machi="100" ten="40,2600,0" yaku="1,1,54,1,53,0" doraHai="104" doraHaiUra="48" who="3" fromWho="0" sc="280,-29,240,0,240,0,230,39" /><INIT seed="1,0,0,3,2,52" ten="251,240,240,269" oya="1" hai0="128,50,24,76,119,83,42,17,29,28,38,8,6" hai1="71,10,85,118,129,115,122,0,93,63,2,110,104" hai2="53,47,107,125,33,14,19,130,84,51,56,112,117" hai3="99,68,77,86,120,87,108,116,55,44,132,64,27"/><U16/><E104/><V89/><F125/><W113/><G120/><T73/><D119/><U5/><E118/><V94/><F130/><W48/><G116/><T9/><D128/><U58/><E115/><V12/><F117/><W34/><G113/><T57/><D17/><U106/><E106/><V67/><F112/><W46/><G108/><T25/><D9/><U91/><E122/><V41/><F107/><W81/><G132/><T59/><D50/><U66/><E129/><V82/><F33/><W80/><G99/><T60/><D29/><U111/><E0/><V30/><F30/><W39/><G64/><T43/><D38/><U1/><E1/><V100/><F67/><W126/><G68/><T49/><D49/><U105/><E105/><V131/><F131/><W78/><G126/><T72/><D72/><U61/><REACH who="1" step="1"/><E16/><REACH who="1" ten="251,230,240,269" step="2"/><V92/><F12/><W124/><G124/><T69/><D25/><U3/><E3/><V133/><F133/><W65/><G27/><T54/><D24/><U35/><E35/><V97/><F14/><W7/><G34/><T31/><D31/><U40/><E40/><V74/><F19/><W11/><G11/><T62/><D28/><U32/><E32/><V45/><F41/><W103/><G7/><T134/><D134/><U90/><E90/><V135/><F135/><W102/><G65/><AGARI ba="0,1" hai="2,5,10,58,61,63,65,66,71,85,91,93,110,111" machi="65" ten="40,7700,0" yaku="1,1,52,1,53,1" doraHai="52" doraHaiUra="4" who="1" fromWho="3" sc="251,0,230,87,240,0,269,-77" /><INIT seed="1,1,0,2,4,125" ten="251,317,240,192" oya="1" hai0="33,0,131,8,32,67,81,95,100,47,70,103,44" hai1="3,36,53,39,57,43,66,113,21,92,116,119,42" hai2="93,61,19,105,63,49,65,111,72,2,1,24,115" hai3="134,54,30,64,7,55,102,41,77,114,91,4,80"/><U112/><E3/><V9/><F105/><W59/><G114/><N who="1" m="44138" /><E66/><V22/><F115/><W84/><G134/><T86/><D67/><U71/><E21/><V18/><F72/><W83/><G41/><N who="1" m="15370" /><E71/><V130/><F49/><W120/><G120/><T76/><D70/><U16/><E16/><V23/><F65/><W135/><G102/><T78/><D0/><U27/><E27/><V58/><F93/><W108/><G30/><T122/><D8/><U37/><E92/><V127/><F9/><W88/><G64/><T121/><D95/><U107/><E107/><V128/><F58/><W35/><G59/><T79/><D86/><U132/><E132/><V5/><F24/><W69/><G84/><T99/><D99/><U101/><E101/><V62/><F62/><AGARI ba="1,0" hai="36,37,39,53,57,62,116,119" m="15370,44138" machi="62" ten="40,3900,0" yaku="34,2" doraHai="125" who="1" fromWho="2" sc="251,0,317,42,240,-42,192,0" /><INIT seed="1,2,0,2,3,0" ten="251,359,198,192" oya="1" hai0="2,94,64,23,22,29,69,95,52,44,14,101,33" hai1="97,107,3,121,66,82,19,65,21,45,43,109,18" hai2="10,55,112,11,39,87,91,51,54,35,123,98,99" hai3="124,31,102,125,28,130,117,106,134,120,40,119,62"/><U63/><E121/><V15/><F123/><W114/><G120/><T85/><D2/><U105/><E3/><V84/><F39/><W34/><G114/><T93/><D33/><U48/><E109/><V88/><F35/><W16/><G40/><T36/><D64/><U113/><E113/><V110/><F112/><W70/><G130/><T122/><D69/><U78/><E97/><V26/><F26/><N who="3" m="18711" /><G31/><T72/><D72/><U129/><E66/><V104/><F104/><W57/><G70/><T32/><D122/><U6/><E18/><V132/><F110/><W8/><G102/><T53/><D32/><U79/><E79/><V92/><F132/><W100/><G100/><T30/><D36/><U111/><E111/><V75/><F75/><W41/><G41/><T42/><D101/><U68/><E6/><N who="2" m="3543" /><F11/><W103/><G103/><T38/><D85/><U58/><E68/><V89/><F55/><N who="3" m="34111" /><G106/><T60/><D53/><U24/><E129/><V56/><F89/><W4/><G16/><N who="0" m="10519" /><D38/><U126/><E107/><V77/><F77/><W81/><G134/><T12/><D42/><U50/><E105/><V76/><F76/><W17/><G17/><N who="0" m="10663" /><D60/><U25/><E19/><V90/><F90/><W49/><G49/><AGARI ba="2,0" hai="29,30,44,49,52,93,94,95" m="10663,10519" machi="49" ten="30,3900,0" yaku="8,1,54,2" doraHai="0" who="0" fromWho="3" sc="251,45,359,0,198,0,192,-45" /><INIT seed="2,0,0,2,3,55" ten="296,359,198,147" oya="2" hai0="47,92,36,113,127,63,15,129,14,130,18,68,77" hai1="30,3,112,108,29,83,25,119,90,10,23,44,125" hai2="53,72,116,22,70,104,98,42,11,58,88,7,107" hai3="62,32,6,73,75,84,80,131,117,21,60,28,13"/><V124/><F70/><W37/><G117/><T132/><D113/><U135/><E119/><V134/><F116/><W4/><G37/><T64/><D132/><U111/><E112/><V74/><F134/><W5/><G32/><T48/><D127/><U59/><E135/><V39/><F124/><W8/><G131/><N who="0" m="50187" /><D36/><U109/><E125/><V93/><F22/><W52/><G73/><T35/><D35/><U106/><E106/><V31/><F31/><W100/><G75/><T118/><D118/><U46/><E30/><V94/><F104/><W43/><G43/><N who="0" m="24703" /><D77/><U20/><E20/><V71/><F107/><W105/><G105/><T69/><D69/><U97/><E59/><V16/><F71/><W89/><G100/><T115/><D115/><U34/><E34/><V91/><F42/><W82/><G82/><T110/><D110/><U2/><E83/><V57/><F39/><W51/><G21/><T103/><D18/><U123/><E123/><V54/><F16/><N who="3" m="8231" /><G28/><T86/><D103/><U79/><E10/><V85/><F54/><W40/><G40/><T120/><D120/><U99/><E108/><V38/><F38/><W17/><G17/><T67/><D67/><U81/><E111/><V41/><F41/><W1/><G1/><T27/><D27/><U96/><E109/><V121/><F121/><W133/><G133/><T26/><D26/><U49/><E2/><N who="2" m="503" /><F53/><W76/><G76/><T87/><D15/><U45/><E3/><V19/><F19/><W33/><G33/><T122/><D14/><U102/><E79/><V126/><F126/><W78/><G78/><RYUUKYOKU ba="0,0" sc="296,-15,359,-15,198,15,147,15" hai2="57,58,72,74,85,88,91,93,94,98" hai3="4,5,6,51,52,60,62,80,84,89" /><INIT seed="2,1,0,4,5,128" ten="281,344,213,162" oya="2" hai0="1,65,0,78,28,100,123,2,44,112,13,77,111" hai1="9,49,26,135,116,79,73,18,61,83,129,34,51" hai2="88,20,24,101,45,89,113,82,85,15,84,39,132" hai3="103,98,127,35,47,90,119,134,67,30,86,64,8"/><V62/><F132/><W95/><G119/><T70/><D112/><U19/><E116/><V43/><F113/><W54/><G127/><T25/><D123/><U33/><E129/><V133/><F133/><W122/><G134/><T106/><D111/><U117/><E135/><V14/><F62/><W29/><G122/><T76/><D13/><U71/><E117/><V53/><F53/><W66/><G35/><T5/><D5/><U4/><E49/><V96/><F85/><W97/><G8/><T56/><D56/><U126/><E51/><V10/><F89/><W48/><REACH who="3" step="1"/><G98/><REACH who="3" ten="281,344,213,152" step="2"/><T72/><D72/><U125/><E34/><V21/><F10/><W63/><G63/><T57/><D0/><U131/><E131/><V40/><F20/><W69/><G69/><T59/><D1/><U81/><E4/><V118/><F118/><W52/><G52/><T110/><D2/><U46/><E9/><V102/><F40/><W42/><G42/><T87/><D70/><U3/><E61/><V27/><F21/><W121/><G121/><T91/><D110/><U38/><E3/><V36/><F96/><W114/><G114/><T37/><D65/><U60/><E71/><V80/><F43/><W104/><AGARI ba="1,1" hai="29,30,47,48,54,64,66,67,86,90,95,97,103,104" machi="104" ten="30,2000,0" yaku="1,1,0,1,53,0" doraHai="128" doraHaiUra="58" who="3" fromWho="3" sc="281,-6,344,-6,213,-11,152,33" /><INIT seed="3,0,0,4,0,126" ten="275,338,202,185" oya="3" hai0="61,19,83,131,27,120,103,57,18,62,110,68,55" hai1="78,3,124,81,82,132,38,85,50,88,25,80,5" hai2="44,1,54,59,74,12,2,31,36,130,128,6,7" hai3="69,112,117,87,32,127,93,66,72,118,104,77,13"/><W121/><G121/><T58/><D120/><U52/><E38/><V133/><F74/><W70/><G112/><T86/><D68/><N who="3" m="26217" /><G66/><T41/><D110/><U108/><E124/><V95/><F133/><W53/><G127/><T49/><D131/><N who="2" m="50218" /><F31/><W90/><G32/><T111/><D111/><U16/><E3/><N who="2" m="1035" /><F95/><W91/><G13/><T42/><D103/><U63/><E5/><N who="2" m="1547" /><F12/><W40/><G40/><N who="0" m="15467" /><D27/><U67/><E25/><V114/><F114/><W79/><G72/><T119/><D119/><N who="3" m="45577" /><G104/><T122/><D122/><U17/><E132/><V20/><F20/><W11/><G11/><T8/><D8/><U65/><E108/><V97/><F97/><W116/><N who="3" m="45585" /><W56/><DORA hai="35" /><G91/><N who="0" m="51679" /><D62/><U43/><E63/><N who="2" m="36343" /><F44/><W28/><G28/><T75/><D75/><U4/><E4/><V98/><F98/><W29/><G29/><T92/><D92/><U84/><E81/><V134/><F134/><W22/><G22/><T10/><D10/><U14/><E14/><V60/><F60/><W101/><G101/><T76/><D76/><U106/><E78/><V107/><F36/><W26/><G26/><T37/><D37/><U51/><E82/><V30/><F30/><W123/><G123/><T89/><D89/><U96/><E88/><V64/><F64/><AGARI ba="0,0" hai="18,19,49,55,57,58,61,64" m="51679,15467" machi="64" ten="30,1000,0" yaku="8,1" doraHai="126,35" who="0" fromWho="2" sc="275,10,338,0,202,-10,185,0" owari="285,8.5,338,43.8,192,-20.8,185,-31.5" /></mjloggm>