<mjloggm ver="2.3"><GO type="225" lobby="0"/><UN n0="%E3%81%A9%E3%82%8F%E3%82%93%E3%81%94" n1="%E3%82%A2%E3%83%BC%E3%83%A2%E3%83%AD%E3%83%BC%E3%83%B4%E3%82%A1" n2="%E3%81%B5%E3%81%98%E3%81%8B%E3%81%A4" n3="%E3%83%97%E3%83%92" dan="16,16,16,17" rate="2081.59,2182.27,2105.84,2187.36" sx="M,M,M,M"/><TAIKYOKU oya="0"/><INIT seed="0,0,0,2,1,68" ten="250,250,250,250" oya="0" hai0="52,134,111,114,50,97,117,101,44,126,66,76,75" hai1="84,83,70,22,40,121,8,27,105,108,23,60,45" hai2="17,119,1,118,99,5,6,25,80,88,0,13,51" hai3="115,31,102,35,91,46,100,37,2,15,127,79,12"/><T116/><D117/><N who="2" m="44554" /><F51/><W69/><G2/><N who="2" m="1129" /><F25/><W16/><G69/><T43/><D114/><U59/><E121/><V53/><F53/><W57/><G79/><T61/><D116/><U38/><E70/><V9/><F99/><W39/><G12/><T112/><D112/><U58/><E105/><V67/><F67/><W120/><G115/><T18/><D134/><U4/><E108/><V85/><AGARI ba="0,0" hai="5,6,9,13,17,80,85,88" m="1129,44554" machi="85" ten="40,2700,0" yaku="12,1,54,1" doraHai="68" who="2" fromWho="2" sc="250,-13,250,-7,250,27,250,-7" /><INIT seed="1,0,0,3,3,44" ten="237,243,277,243" oya="1" hai0="85,76,82,59,73,70,83,69,48,33,122,128,22" hai1="15,105,9,64,98,135,16,74,93,123,131,124,50" hai2="116,47,5,29,18,68,107,113,79,12,53,99,127" hai3="66,97,130,90,119,40,84,134,62,72,41,0,37"/><U43/><E123/><V95/><F116/><W129/><G72/><T91/><D33/><U101/><E74/><V4/><F68/><W55/><G119/><T46/><D128/><U77/><E131/><V2/><F107/><W104/><G0/><T102/><D122/><U24/><E135/><V63/><F127/><W11/><G37/><T117/><D117/><U34/><E124/><V125/><F29/><W51/><G134/><T7/><D102/><U80/><E64/><V27/><F2/><W81/><G129/><T109/><D109/><U20/><E34/><V45/><F79/><W126/><G126/><T39/><D7/><N who="2" m="2634" /><F27/><W49/><G11/><T3/><D3/><U61/><E61/><V14/><F113/><W78/><G130/><T92/><D83/><U36/><E36/><V42/><F42/><N who="3" m="16491" /><G66/><T1/><D1/><U96/><E80/><V115/><F115/><W30/><G30/><T87/><D39/><U118/><E77/><V54/><F14/><W103/><G103/><T75/><D70/><U65/><E65/><V86/><F86/><N who="3" m="48439" /><G97/><T132/><D69/><U6/><E118/><V10/><F125/><W60/><G104/><T108/><D108/><U25/><E98/><V17/><F17/><W8/><G8/><T67/><D132/><U121/><E121/><V110/><F110/><W120/><G120/><T89/><D76/><U111/><E111/><V32/><F32/><W88/><G90/><T56/><D67/><U26/><E105/><V71/><F71/><W106/><G106/><T112/><D112/><U114/><E114/><V23/><F99/><RYUUKYOKU ba="0,0" sc="237,-10,243,30,277,-10,243,-10" hai1="6,9,15,16,20,24,25,26,43,50,93,96,101" /><INIT seed="1,1,0,0,2,97" ten="227,273,267,233" oya="1" hai0="31,1,135,123,9,67,30,134,104,89,62,70,61" hai1="43,51,63,111,2,87,125,0,81,39,29,85,3" hai2="42,32,66,101,118,109,120,102,115,10,82,4,68" hai3="44,112,108,132,127,73,95,20,23,69,98,24,13"/><U79/><E125/><V78/><F118/><W128/><G112/><T99/><D123/><U14/><E39/><V55/><F120/><W27/><G69/><T18/><D62/><U49/><E111/><V57/><F32/><W12/><G73/><T28/><D89/><U83/><E43/><V124/><F109/><W75/><G75/><T15/><REACH who="0" step="1"/><D1/><REACH who="0" ten="217,273,267,233" step="2"/><U88/><E63/><V53/><F115/><W122/><G122/><T52/><D52/><N who="2" m="20042" /><F124/><W54/><G127/><T129/><D129/><U84/><E0/><V133/><F42/><W96/><G128/><T86/><D86/><U64/><E84/><N who="2" m="48215" /><F68/><W130/><G130/><T107/><D107/><U16/><E2/><V92/><F133/><W121/><G121/><T65/><D65/><U40/><E3/><V58/><F92/><W113/><G132/><T91/><D91/><U47/><E64/><V46/><F66/><W11/><G95/><T117/><D117/><U48/><E29/><V19/><F46/><W21/><G108/><T110/><D110/><U131/><E131/><V72/><F72/><W106/><G106/><T26/><D26/><N who="3" m="9769" /><G113/><T17/><D17/><U103/><REACH who="1" step="1"/><E103/><AGARI ba="1,1" hai="9,15,18,28,30,31,61,67,70,99,103,104,134,135" machi="103" ten="40,8000,1" yaku="1,1,52,1,53,3" doraHai="97" doraHaiUra="25" who="0" fromWho="1" sc="217,93,273,-83,267,0,233,0" /><INIT seed="2,0,0,5,1,84" ten="310,190,267,233" oya="2" hai0="61,13,45,108,51,130,29,27,22,10,101,72,81" hai1="70,73,127,119,112,24,59,113,75,8,78,58,106" hai2="53,32,83,16,33,62,48,95,37,11,96,67,17" hai3="132,56,107,104,123,102,40,44,91,15,114,39,86"/><V82/><F37/><W117/><G117/><T99/><D108/><U120/><E119/><V129/><F129/><W126/><G123/><T20/><D130/><U111/><E70/><V57/><F33/><W12/><G126/><T122/><D122/><U100/><E120/><V89/><F32/><W115/><G132/><T52/><D61/><U46/><E111/><V6/><F83/><N who="3" m="49631" /><G56/><T68/><D68/><U4/><E127/><V85/><F6/><W65/><G65/><T5/><D22/><U131/><E131/><V60/><F11/><W124/><G124/><T25/><D25/><U64/><E58/><N who="2" m="37335" /><F60/><W135/><G135/><T1/><D1/><U93/><E59/><V79/><AGARI ba="0,0" hai="16,17,48,53,57,79,82,85,89,95,96" m="37335" machi="79" ten="30,6000,0" yaku="8,1,52,1,54,1" doraHai="84" who="2" fromWho="2" sc="310,-20,190,-20,267,60,233,-20" /><INIT seed="2,1,0,2,3,87" ten="290,170,327,213" oya="2" hai0="0,55,131,82,26,56,88,101,37,108,23,116,104" hai1="8,128,77,59,84,86,38,54,75,119,72,110,11" hai2="134,39,43,62,129,71,16,99,111,46,93,96,126" hai3="35,3,125,133,40,105,123,22,45,31,98,106,24"/><V121/><F121/><W95/><G123/><T103/><D0/><U109/><E119/><V79/><F126/><W97/><G125/><T102/><D116/><U74/><E38/><V135/><F79/><W21/><G3/><T64/><D37/><U69/><E69/><V60/><F129/><W5/><G5/><T18/><D131/><U63/><E128/><V130/><F130/><W52/><G133/><N who="2" m="50697" /><F71/><W13/><G40/><T132/><D108/><N who="1" m="41579" /><E86/><V14/><F111/><W80/><G80/><AGARI ba="1,0" hai="8,11,54,59,63,72,74,75,77,80,84" m="41579" machi="80" ten="40,1300,0" yaku="14,1" doraHai="87" who="1" fromWho="3" sc="290,0,170,16,327,0,213,-16" /><INIT seed="3,0,0,5,1,108" ten="290,186,327,197" oya="3" hai0="21,58,84,127,111,123,126,86,55,46,120,13,6" hai1="25,66,80,32,70,15,59,4,52,135,65,57,2" hai2="122,103,125,119,47,121,42,101,11,20,68,17,134" hai3="81,104,67,88,61,112,110,23,3,129,40,35,71"/><W10/><G35/><T82/><D111/><U117/><E70/><V99/><F119/><W128/><G110/><T7/><D46/><U97/><E2/><V92/><F125/><N who="0" m="47626" /><D21/><U19/><E117/><V107/><F134/><W41/><G104/><T5/><D13/><U91/><E135/><V118/><F68/><W39/><G112/><T90/><D86/><N who="1" m="50631" /><E32/><V49/><F118/><W22/><G10/><T73/><D73/><U60/><E97/><V95/><F11/><W130/><G3/><T63/><AGARI ba="0,0" hai="5,6,7,55,58,63,82,84,90,120,123" m="47626" machi="63" ten="30,1100,0" yaku="18,1" doraHai="108" who="0" fromWho="0" sc="290,11,186,-3,327,-3,197,-5" owari="301,10.1,183,-31.7,324,42.4,192,-20.8" /></mjloggm>