<mjloggm ver="2.3"><GO type="225" lobby="0"/><UN n0="%E3%83%81%E3%83%AF%E3%83%AF%E9%9A%8A%E9%95%B7" n1="%E4%BF%BA%E3%81%A8%E5%A6%96%E5%A4%A2" n2="%33%74%72%65%65" n3="%E6%A1%9C%E8%8A%B1%E9%96%83%E3%80%85" dan="16,17,16,16" rate="2169.05,2148.12,2150.16,2163.27" sx="M,F,F,M"/><TAIKYOKU oya="0"/><INIT seed="0,0,0,3,0,41" ten="250,250,250,250" oya="0" hai0="131,4,85,58,83,9,118,40,101,31,102,2,133" hai1="129,55,25,46,45,0,27,128,29,88,14,108,11" hai2="80,130,135,75,97,107,86,54,121,81,10,104,63" hai3="117,79,123,126,67,111,109,53,1,37,103,59,125"/><T115/><D118/><U122/><E0/><V119/><F121/><W98/><G1/><T72/><D115/><U6/><E122/><V77/><F119/><W56/><G123/><T124/><D72/><U48/><E108/><N who="3" m="41546" /><G117/><T93/><D124/><U127/><E127/><V26/><F135/><W8/><G37/><T51/><D133/><U71/><E71/><V13/><F130/><N who="1" m="50281" /><E88/><V74/><F26/><N who="1" m="9737" /><E29/><V68/><F68/><W7/><G79/><T15/><D131/><U134/><E134/><V82/><F75/><W69/><G69/><T43/><D31/><U35/><E35/><V33/><F33/><W34/><G34/><T110/><D2/><U92/><E92/><V73/><F73/><W19/><G98/><T62/><D110/><U105/><E105/><V95/><F107/><W64/><G103/><T94/><D102/><U39/><E39/><V23/><F104/><W17/><G125/><T60/><D101/><U106/><E106/><V99/><F99/><W12/><G126/><T3/><D3/><U113/><E113/><V36/><F36/><W87/><G87/><T84/><D84/><U120/><E120/><V91/><F74/><W100/><G100/><T42/><D85/><U18/><E6/><N who="2" m="3287" /><F86/><W5/><G5/><T90/><D4/><U32/><E32/><V28/><F77/><W65/><G59/><AGARI ba="0,0" hai="11,14,18,45,46,48,55,59" m="9737,50281" machi="59" ten="30,3900,0" yaku="19,1,52,2" doraHai="41" who="1" fromWho="3" sc="250,0,250,39,250,0,250,-39" /><INIT seed="1,0,0,3,4,101" ten="250,289,250,211" oya="1" hai0="79,60,20,13,29,96,92,119,38,64,88,48,56" hai1="8,99,47,57,82,103,75,128,91,26,126,95,39" hai2="78,17,63,28,121,3,98,49,15,46,16,67,11" hai3="25,51,106,133,105,123,50,129,117,23,6,12,89"/><U37/><E128/><V4/><F121/><W71/><G123/><T30/><D38/><U124/><E57/><V22/><F78/><W10/><G129/><T125/><D119/><U81/><E26/><V86/><F86/><W24/><G117/><T62/><D125/><N who="1" m="48235" /><E47/><V111/><F111/><W135/><G71/><T113/><D113/><U54/><E54/><V76/><F76/><W45/><G89/><T61/><D79/><N who="1" m="44287" /><E8/><V131/><F131/><W41/><G51/><T115/><D115/><U58/><E58/><V53/><F98/><W18/><REACH who="3" step="1"/><G25/><REACH who="3" ten="250,289,250,201" step="2"/><T85/><D48/><U2/><E2/><V70/><F3/><W59/><G59/><T5/><D56/><U35/><E37/><V52/><REACH who="2" step="1"/><F53/><REACH who="2" ten="250,289,240,201" step="2"/><W112/><G112/><T31/><D64/><U73/><E73/><V0/><F0/><W134/><AGARI ba="0,2" hai="6,10,12,18,23,24,41,45,50,105,106,133,134,135" machi="134" ten="30,8000,1" yaku="1,1,0,1,20,1,52,2,53,0" doraHai="101" doraHaiUra="107" who="3" fromWho="3" sc="250,-20,289,-40,240,-20,201,100" /><INIT seed="2,0,0,2,5,33" ten="230,249,220,301" oya="2" hai0="9,109,24,0,48,114,116,115,100,73,64,99,47" hai1="94,83,35,67,53,126,7,29,52,86,63,34,16" hai2="75,13,101,50,39,21,19,69,133,89,12,44,121" hai3="17,43,40,130,27,72,57,55,49,1,11,80,127"/><V77/><F121/><W90/><G127/><T41/><D73/><U20/><E126/><V110/><F133/><W25/><G130/><T104/><D116/><U76/><E7/><V14/><F110/><W96/><G72/><T70/><D109/><U28/><E35/><V46/><F69/><W3/><G3/><T95/><D95/><U74/><E74/><V38/><F101/><W59/><G59/><T45/><D45/><U131/><E131/><V62/><F62/><W66/><G66/><T36/><D48/><U125/><E125/><V92/><F77/><W102/><G90/><T31/><D9/><U51/><E94/><V37/><F75/><W103/><G80/><T85/><D85/><U120/><E34/><V123/><F123/><W128/><G128/><T132/><D132/><U124/><E120/><V111/><F111/><W54/><G54/><N who="1" m="21098" /><E51/><V82/><F82/><W105/><G102/><T129/><D129/><U122/><E122/><V98/><REACH who="2" step="1"/><F50/><REACH who="2" ten="230,249,210,301" step="2"/><W118/><G103/><T30/><D100/><U134/><E134/><V71/><F71/><W8/><G49/><T84/><D70/><U106/><E124/><V108/><F108/><W60/><G60/><T6/><D115/><U113/><E113/><V23/><F23/><W87/><G118/><T15/><D114/><U2/><E106/><V61/><F61/><W117/><G105/><T42/><D104/><U4/><E63/><V56/><F56/><W32/><G57/><T18/><D64/><U97/><E67/><V91/><F91/><W68/><G117/><T88/><D88/><U58/><E76/><RYUUKYOKU ba="0,1" sc="230,-10,249,-10,210,30,301,-10" hai2="12,13,14,19,21,37,38,39,44,46,89,92,98" /><INIT seed="2,1,1,2,3,132" ten="220,239,240,291" oya="2" hai0="84,73,100,17,32,8,27,72,120,38,98,129,6" hai1="61,90,9,36,80,95,96,1,43,127,24,7,94" hai2="91,13,4,71,106,21,88,81,134,102,116,69,114" hai3="58,130,110,97,67,85,12,22,34,135,20,119,47"/><V37/><F116/><W48/><G119/><T89/><D120/><U11/><E36/><V77/><F114/><W60/><G135/><T39/><D129/><U82/><E43/><V118/><F37/><W93/><G130/><T53/><D39/><U92/><E61/><V117/><F134/><W0/><G0/><T18/><D38/><U123/><E123/><V64/><F117/><W113/><G110/><T87/><D87/><U30/><E11/><V33/><F33/><W104/><G34/><T74/><D53/><U108/><E108/><V3/><F3/><W112/><G104/><T105/><D32/><U42/><E42/><V10/><F21/><W28/><G85/><T103/><D103/><U62/><E62/><V59/><F118/><W125/><G125/><T131/><D27/><U44/><E127/><V109/><F109/><W25/><G12/><T50/><D50/><U122/><E44/><V19/><F4/><W49/><G20/><T101/><D101/><U2/><E2/><V111/><F111/><W65/><G65/><T54/><D54/><U5/><E5/><V56/><F102/><N who="3" m="60719" /><G49/><T23/><D131/><U15/><E1/><V107/><F107/><W79/><G79/><T14/><REACH who="0" step="1"/><D23/><REACH who="0" ten="210,239,240,291" step="2"/><N who="1" m="15647" /><E122/><V126/><F126/><W121/><G121/><T45/><D45/><U35/><E35/><V46/><F46/><W83/><G48/><T124/><D124/><U29/><E29/><V70/><F64/><W16/><G47/><T52/><D52/><U86/><E96/><V68/><N who="2" m="17408" /><DORA hai="63" /><V128/><F128/><W31/><G31/><T115/><D115/><RYUUKYOKU ba="1,2" sc="210,15,239,15,240,-15,291,-15" hai0="6,8,14,17,18,72,73,74,84,89,98,100,105" hai1="7,9,15,80,82,86,90,92,94,95" /><INIT seed="3,2,2,5,5,68" ten="225,254,225,276" oya="3" hai0="105,55,54,51,98,106,66,8,114,93,45,83,135" hai1="1,101,104,94,4,110,53,18,92,17,85,56,48" hai2="6,126,50,95,111,134,72,60,75,44,63,91,42" hai3="52,0,32,99,9,117,73,34,33,26,2,86,16"/><W90/><G73/><T25/><D114/><U19/><E104/><V118/><F118/><W71/><G117/><T127/><D135/><U125/><E110/><V30/><F111/><W21/><G71/><T96/><D127/><U57/><E125/><V5/><F126/><W77/><G77/><T47/><D66/><U102/><E1/><V61/><F134/><W22/><G99/><T35/><D83/><U108/><E108/><V120/><F120/><W67/><G67/><T36/><D8/><U37/><E37/><V43/><F43/><W129/><G129/><T103/><D98/><U20/><E4/><N who="2" m="1643" /><F75/><W13/><G52/><T12/><D12/><U15/><E57/><V3/><F3/><N who="3" m="1067" /><G90/><T65/><D65/><U74/><E74/><V11/><F72/><W81/><G86/><T84/><D84/><U10/><E10/><V59/><F11/><W78/><G81/><T62/><D62/><U128/><E128/><V123/><F123/><W122/><G78/><T7/><D106/><U80/><E94/><V27/><F59/><W121/><G22/><T131/><D131/><U113/><E113/><V64/><F64/><W87/><G87/><T14/><D105/><U97/><E102/><V76/><F76/><AGARI ba="2,2" hai="15,17,18,19,20,48,53,56,76,80,85,92,97,101" machi="76" ten="30,2000,0" yaku="7,1,8,1" doraHai="68" who="1" fromWho="2" sc="225,0,254,46,225,-26,276,0" owari="225,-17.5,300,40.0,199,-30.1,276,7.6" /></mjloggm>