<mjloggm ver="2.3"><GO type="225" lobby="0"/><UN n0="%E5%B8%86%E7%AB%8B%E5%A4%8F%E8%A1%A3" n1="%E3%81%99%E3%81%84%E3%81%BE%E3%81%9B%E3%83%BC%E3%82%93" n2="%43%68%65" n3="%6D%75%75%6D%75%72%61" dan="17,16,16,16" rate="2190.66,2164.10,2083.13,2202.03" sx="M,M,M,M"/><TAIKYOKU oya="0"/><INIT seed="0,0,0,5,0,101" ten="250,250,250,250" oya="0" hai0="112,133,106,115,15,102,24,20,40,27,103,42,110" hai1="79,47,113,104,39,109,46,132,78,69,125,21,35" hai2="96,98,52,19,118,41,90,70,59,55,0,129,25" hai3="36,89,38,58,114,111,130,74,18,2,124,87,86"/><T54/><D15/><U85/><E21/><V81/><F70/><W107/><G74/><T5/><D5/><U8/><E8/><V68/><F68/><W32/><G111/><T119/><D20/><U44/><E69/><V92/><F0/><W12/><G114/><T6/><D6/><U82/><E109/><V31/><F129/><W11/><G130/><T95/><D95/><U76/><E39/><V97/><F118/><W3/><G124/><T91/><D91/><U99/><E35/><V16/><F41/><W4/><G32/><T72/><D72/><U117/><E117/><V61/><F81/><W43/><G107/><T28/><D28/><U116/><E116/><V34/><REACH who="2" step="1"/><F55/><REACH who="2" ten="250,250,240,250" step="2"/><W53/><G43/><T22/><D119/><U67/><E113/><V94/><F94/><W49/><G3/><T122/><D115/><U127/><E132/><V65/><F65/><W9/><G86/><AGARI ba="0,1" hai="16,19,25,31,34,52,59,61,86,90,92,96,97,98" machi="86" ten="40,5200,0" yaku="1,1,54,2,53,0" doraHai="101" doraHaiUra="126" who="2" fromWho="3" sc="250,0,250,0,240,62,250,-52" /><INIT seed="1,0,0,4,0,16" ten="250,250,302,198" oya="1" hai0="84,30,117,115,24,3,51,80,5,93,47,126,59" hai1="62,6,61,110,91,19,37,15,111,70,118,131,22" hai2="8,99,4,88,112,120,32,41,76,109,53,94,42" hai3="130,55,127,54,38,11,85,96,103,129,10,20,63"/><U116/><E131/><N who="3" m="50186" /><G38/><T23/><D126/><U58/><E37/><V2/><F120/><W60/><G127/><T71/><D71/><U44/><E44/><V52/><F32/><W75/><G75/><T121/><D115/><U36/><E36/><V86/><F112/><W72/><G72/><T78/><D117/><U134/><E134/><V87/><F109/><N who="1" m="41481" /><E6/><V17/><F17/><W14/><G85/><T98/><D121/><U128/><E128/><V12/><F2/><W123/><G123/><T1/><D59/><U95/><E70/><V26/><F26/><W48/><G60/><N who="1" m="23146" /><E58/><V102/><F76/><W28/><G63/><T67/><D5/><U21/><E21/><V104/><REACH who="2" step="1"/><F87/><AGARI ba="0,0" hai="15,19,22,87,91,95,116,118" m="23146,41481" machi="87" ten="30,5800,0" yaku="14,1,10,1,52,1" doraHai="16" who="1" fromWho="2" sc="250,0,250,58,302,-58,198,0" /><INIT seed="1,1,0,3,5,15" ten="250,308,244,198" oya="1" hai0="40,130,102,16,114,69,66,111,113,10,89,108,78" hai1="22,125,60,112,29,94,97,6,11,92,85,23,122" hai2="30,13,43,37,12,2,74,35,32,109,79,56,84" hai3="48,115,27,107,73,5,25,44,124,34,0,3,64"/><U88/><E112/><V123/><F2/><W129/><G115/><T31/><D78/><U72/><E122/><V134/><F123/><W87/><G73/><T18/><D102/><U70/><E72/><V98/><F74/><W7/><G107/><T53/><D40/><U128/><E125/><V42/><F56/><W126/><G64/><T45/><D31/><U119/><E128/><V120/><F120/><W49/><G87/><T1/><D130/><U135/><E135/><V100/><F84/><W131/><REACH who="3" step="1"/><G44/><REACH who="3" ten="250,308,244,188" step="2"/><T118/><D114/><U33/><E85/><V8/><F134/><W63/><G63/><T133/><D113/><U28/><E60/><V21/><F98/><W103/><G103/><T90/><D66/><U83/><E97/><V38/><F100/><W9/><G9/><T36/><D133/><U106/><E11/><V61/><F8/><W99/><G99/><T65/><D65/><U47/><E47/><V41/><F61/><W51/><G51/><T86/><D10/><U95/><E106/><V91/><F38/><W46/><G46/><T121/><D45/><U57/><E6/><V104/><F37/><W62/><G62/><T17/><D86/><U54/><E57/><V52/><F104/><W19/><G19/><T24/><D121/><U50/><E50/><V67/><F67/><W76/><G76/><T75/><D75/><U132/><E132/><V116/><F79/><W20/><G20/><T58/><D17/><U4/><E22/><V80/><F42/><W110/><G110/><T105/><D111/><U55/><E23/><V68/><F43/><RYUUKYOKU ba="1,1" sc="250,-10,308,-10,244,-10,188,30" hai3="0,3,5,7,25,27,34,48,49,124,126,129,131" /><INIT seed="2,2,1,3,4,54" ten="240,298,234,218" oya="2" hai0="110,112,25,46,68,71,114,34,94,28,107,78,17" hai1="10,117,0,92,45,65,32,87,66,109,63,106,126" hai2="41,130,52,62,36,11,97,8,69,121,84,21,127" hai3="113,70,93,60,102,105,43,37,58,83,13,61,16"/><V111/><F121/><W73/><G105/><T48/><D107/><U120/><E106/><V39/><F130/><W96/><G113/><T26/><D110/><U89/><E109/><V50/><F111/><W79/><G37/><T101/><D78/><U27/><E117/><V12/><F127/><W53/><G43/><T116/><D116/><U30/><E126/><V95/><F84/><W19/><REACH who="3" step="1"/><G13/><REACH who="3" ten="240,298,234,208" step="2"/><T72/><D114/><U1/><E120/><V33/><F39/><W135/><G135/><T59/><D112/><U99/><E0/><V4/><F36/><W88/><G88/><T14/><D14/><U9/><E89/><V90/><F41/><W67/><AGARI ba="2,2" hai="16,19,53,58,60,61,67,70,73,79,83,93,96,102" machi="67" ten="30,7900,0" yaku="1,1,0,1,52,1,54,1,53,0" doraHai="54" doraHaiUra="35" who="3" fromWho="3" sc="240,-22,298,-22,234,-41,208,105" /><INIT seed="3,0,0,3,1,105" ten="218,276,193,313" oya="3" hai0="79,28,60,131,86,9,120,81,59,104,57,122,113" hai1="8,76,15,14,66,48,132,22,47,24,52,55,135" hai2="37,116,12,115,112,71,58,89,94,54,96,91,56" hai3="23,69,127,87,78,121,33,11,3,27,110,97,128"/><W5/><G121/><T111/><D104/><U68/><E76/><V2/><F2/><W50/><G69/><T103/><D111/><U21/><E21/><V70/><F116/><W118/><G118/><T25/><D113/><U65/><E55/><V80/><F37/><W17/><G110/><T134/><D134/><N who="1" m="51243" /><E68/><V43/><F43/><W74/><G128/><T49/><D9/><U0/><E0/><V77/><F91/><W45/><G127/><T98/><D131/><U62/><E62/><V44/><F71/><W92/><G87/><T20/><D49/><U7/><E15/><V19/><F44/><W31/><G50/><T39/><D59/><U61/><E61/><V34/><F34/><W40/><G40/><T41/><D41/><U109/><E109/><V126/><F58/><W38/><G45/><T130/><D39/><U30/><AGARI ba="0,0" hai="7,8,14,22,24,30,47,48,52,65,66" m="51243" machi="30" ten="30,2000,0" yaku="20,1,54,1" doraHai="105" who="1" fromWho="1" sc="218,-5,276,20,193,-5,313,-10" owari="213,-18.7,296,9.6,188,-31.2,303,40.3" /></mjloggm>