<mjloggm ver="2.3"><GO type="225" lobby="0"/><UN n0="%E3%81%BF%E3%81%BF%E3%81%9A" n1="%E3%83%AB%E3%83%9B%E3%83%B3%E3%83%87%E3%82%A3%E3%82%A8" n2="%E9%B3%B3%E6%9D%B1%E3%81%AE%E3%81%BF%E3%81%91%E3%81%AB%E3%82%83%E3%82%93" n3="%E3%81%8B%E3%82%8F%E3%81%A1%E3%82%83%E3%82%93%35%38" dan="16,17,17,16" rate="2239.92,2191.36,2142.47,2181.82" sx="M,M,F,M"/><TAIKYOKU oya="0"/><INIT seed="0,0,0,0,3,48" ten="250,250,250,250" oya="0" hai0="67,82,113,116,86,111,53,117,45,34,5,55,102" hai1="127,129,78,24,91,85,7,134,81,88,97,14,84" hai2="15,9,62,93,12,70,43,0,96,77,132,59,49" hai3="37,115,22,107,29,17,36,106,8,50,122,33,73"/><T41/><D113/><U66/><E127/><V25/><F132/><W40/><G73/><T100/><D34/><U52/><E134/><V30/><F70/><W87/><G8/><T54/><D67/><U19/><E129/><V31/><F77/><W61/><G29/><T57/><D57/><U114/><E66/><V124/><F124/><W135/><G33/><T74/><D74/><U76/><E97/><V32/><F30/><W89/><G61/><T44/><D111/><U119/><E24/><V21/><F32/><W80/><G135/><T130/><D130/><U51/><E7/><V104/><F104/><N who="3" m="39979" /><G115/><T123/><D123/><U63/><E63/><V110/><F110/><W69/><G69/><T58/><D58/><N who="1" m="33055" /><E119/><V39/><F39/><W35/><G35/><T13/><D117/><U46/><E46/><N who="0" m="18025" /><D41/><U68/><E68/><V72/><F72/><W105/><G105/><T121/><D116/><U103/><E103/><V28/><F43/><W6/><G122/><T56/><D56/><U18/><E114/><V92/><F59/><W94/><G40/><T131/><D121/><U120/><E120/><V2/><F62/><W125/><G125/><T118/><D118/><U128/><E128/><V1/><F1/><W42/><G42/><T90/><D131/><U109/><E109/><V71/><F0/><W126/><G126/><T99/><D99/><U16/><E14/><V79/><F2/><W26/><G50/><T64/><D64/><U10/><E10/><AGARI ba="0,0" hai="5,10,13,53,54,55,82,86,90,100,102" m="18025" machi="10" ten="30,11600,0" yaku="8,1,52,3" doraHai="48" who="0" fromWho="1" sc="250,116,250,-116,250,0,250,0" /><INIT seed="0,1,0,2,4,109" ten="366,134,250,250" oya="0" hai0="115,33,24,32,86,61,74,37,11,134,106,81,129" hai1="27,41,105,65,2,77,97,14,52,101,44,18,63" hai2="122,104,26,20,7,21,36,9,67,80,59,23,102" hai3="60,8,131,126,127,62,70,119,68,79,99,4,98"/><T110/><D115/><U90/><E2/><V22/><F122/><W87/><G119/><T108/><D37/><U12/><E77/><V5/><F36/><W10/><G87/><T54/><D106/><U85/><E27/><V0/><F5/><W39/><G39/><T30/><D74/><U42/><E12/><V71/><F71/><W130/><REACH who="3" step="1"/><G4/><REACH who="3" ten="366,134,250,240" step="2"/><T49/><D110/><U64/><E65/><V1/><F7/><W111/><G111/><T43/><D86/><U132/><E132/><V128/><F67/><W100/><G100/><T88/><D134/><U133/><E133/><V45/><F102/><W29/><G29/><T35/><D30/><U123/><E123/><V92/><F26/><W46/><G46/><T95/><D24/><U89/><E64/><V6/><F45/><W116/><G116/><T16/><D108/><U78/><E78/><AGARI ba="1,1" hai="8,10,60,62,68,70,78,79,98,99,126,127,130,131" machi="78" ten="25,3200,0" yaku="1,1,22,2,53,0" doraHai="109" doraHaiUra="47" who="3" fromWho="1" sc="366,0,134,-35,250,0,240,45" /><INIT seed="1,0,0,5,1,93" ten="366,99,250,285" oya="1" hai0="112,130,105,32,115,40,42,28,29,96,52,113,24" hai1="77,91,68,21,122,97,4,0,101,80,102,99,10" hai2="84,110,60,49,120,70,118,121,23,7,15,36,133" hai3="59,64,95,9,67,12,87,20,14,124,34,43,50"/><U37/><E122/><V81/><F118/><W92/><G34/><T11/><D130/><U22/><E68/><V73/><F36/><W129/><G129/><T33/><D11/><U61/><E61/><V82/><F110/><W65/><G124/><T116/><D116/><U3/><E37/><V76/><F133/><W62/><G20/><T107/><D52/><U75/><E91/><V83/><F49/><W8/><G50/><T123/><D123/><U85/><E85/><V106/><F82/><W1/><G1/><T19/><D19/><U66/><E66/><N who="3" m="25706" /><G43/><T44/><D44/><U54/><E54/><V17/><F60/><W30/><G30/><T6/><D6/><U74/><E74/><V53/><F53/><W103/><G103/><T38/><D38/><U109/><E109/><V26/><F70/><W108/><G108/><T39/><D39/><U2/><E21/><V132/><F106/><W5/><G87/><T57/><D57/><U48/><E22/><V94/><F94/><W104/><G104/><T135/><D135/><U90/><E90/><V88/><REACH who="2" step="1"/><F132/><REACH who="2" ten="366,99,240,285" step="2"/><W98/><G95/><T69/><D69/><U46/><E48/><V45/><F45/><W128/><G62/><T56/><D56/><U86/><E46/><V47/><F47/><W72/><G59/><T25/><D113/><U27/><E75/><V18/><F18/><N who="3" m="8455" /><G72/><T51/><D51/><U31/><E0/><V16/><F16/><W89/><N who="3" m="25714" /><W13/><DORA hai="126" /><G128/><T131/><D131/><U100/><E2/><V111/><F111/><W63/><G63/><T125/><D125/><RYUUKYOKU ba="0,1" sc="366,0,99,0,240,0,285,0" hai0="24,25,28,29,32,33,40,42,96,105,107,112,115" hai1="3,4,10,27,31,77,80,86,97,99,100,101,102" hai2="7,15,17,23,26,73,76,81,83,84,88,120,121" hai3="5,9,13,14,89,92,98" /><INIT seed="1,1,1,3,3,61" ten="366,99,240,285" oya="1" hai0="76,91,49,110,120,132,41,92,16,86,53,73,128" hai1="135,43,107,18,56,36,59,3,0,114,133,79,11" hai2="7,35,78,15,102,44,113,69,2,37,22,121,115" hai3="40,6,48,125,29,122,39,62,99,95,45,13,51"/><U100/><E114/><N who="2" m="43531" /><F121/><W134/><G122/><T77/><D120/><U97/><E79/><V93/><F35/><W20/><G125/><T88/><D128/><U67/><E43/><N who="2" m="22639" /><F2/><W105/><G105/><T112/><D112/><U119/><E36/><V83/><F69/><W117/><G117/><T126/><D110/><U30/><E119/><V84/><F102/><W33/><G33/><T116/><D132/><N who="1" m="50763" /><E30/><V19/><F93/><W131/><G131/><T109/><D109/><U21/><E11/><V9/><F22/><W96/><G134/><T66/><D126/><U70/><E0/><V63/><F63/><W58/><G96/><T38/><D41/><U72/><E3/><V28/><F28/><W129/><G129/><T82/><D38/><U90/><E90/><V54/><F54/><W5/><G51/><T23/><D116/><U57/><E72/><V4/><AGARI ba="1,1" hai="4,7,9,15,19,78,83,84" m="22639,43531" machi="4" ten="30,1100,0" yaku="11,1" doraHai="61" who="2" fromWho="2" sc="366,-4,99,-6,240,24,285,-4" /><INIT seed="2,0,0,0,1,84" ten="362,93,264,281" oya="2" hai0="116,21,44,0,125,12,41,91,27,110,90,106,128" hai1="42,96,97,118,20,63,89,127,30,23,26,68,22" hai2="105,18,1,82,52,33,70,123,64,29,58,24,77" hai3="80,133,8,48,69,109,67,85,95,111,57,103,36"/><V55/><F123/><W86/><G36/><T122/><D0/><U6/><E127/><V11/><F105/><W92/><G69/><T15/><D122/><U87/><E118/><V53/><F70/><W54/><G133/><T119/><D106/><U134/><E134/><V99/><F99/><W78/><G67/><T5/><D125/><U117/><E117/><N who="0" m="45129" /><D110/><N who="3" m="41993" /><G103/><T100/><D100/><U37/><E6/><V7/><F18/><W32/><G32/><T75/><D75/><U101/><E42/><V13/><F64/><W104/><G104/><T73/><D73/><U113/><E37/><V50/><REACH who="2" step="1"/><F1/><REACH who="2" ten="362,93,254,281" step="2"/><W10/><G92/><T51/><D128/><U17/><E17/><V72/><AGARI ba="0,1" hai="7,11,13,24,29,33,50,52,53,55,58,72,77,82" machi="72" ten="20,12000,1" yaku="1,1,2,1,0,1,7,1,54,1,53,0" doraHai="84" doraHaiUra="16" who="2" fromWho="2" sc="362,-40,93,-40,254,130,281,-40" /><INIT seed="2,1,0,4,1,106" ten="322,53,384,241" oya="2" hai0="45,93,78,83,39,9,89,112,47,79,35,62,40" hai1="92,96,36,120,82,114,31,28,54,109,26,27,124" hai2="71,70,123,63,111,2,128,38,18,74,24,75,110" hai3="68,59,51,34,69,6,131,100,46,99,32,25,105"/><V17/><F123/><W37/><G131/><T126/><D112/><U95/><E36/><V30/><F128/><W3/><G59/><T118/><D126/><U58/><E114/><V104/><F2/><W12/><G12/><T73/><D118/><U87/><E124/><V11/><F38/><W61/><G51/><T7/><D45/><U5/><E5/><V21/><F104/><W23/><G23/><T115/><D115/><U125/><E120/><V135/><F135/><W76/><G76/><T66/><D79/><U84/><E125/><V42/><F42/><N who="3" m="22863" /><G25/><T77/><D77/><U8/><E8/><V29/><F18/><W133/><G133/><T60/><D35/><N who="3" m="13353" /><G61/><T57/><D66/><U41/><E41/><V44/><F44/><W0/><G6/><T88/><D57/><U55/><E109/><N who="2" m="41483" /><F63/><W107/><G107/><T65/><D89/><U103/><E58/><V53/><F53/><W134/><G134/><T132/><D132/><U102/><REACH who="1" step="1"/><E96/><REACH who="1" ten="322,43,384,241" step="2"/><V116/><F116/><W119/><G119/><T16/><D65/><U43/><E43/><V56/><F56/><W22/><G68/><N who="2" m="26153" /><F11/><W97/><G69/><T15/><D7/><U48/><E48/><V113/><F113/><W4/><G4/><T129/><D129/><U91/><E91/><V52/><F52/><W14/><G99/><AGARI ba="1,1" hai="9,15,16,39,40,47,60,62,73,78,83,88,93,99" machi="99" ten="30,7700,0" yaku="7,1,52,1,54,2" doraHai="106" who="0" fromWho="3" sc="322,90,43,0,384,0,241,-80" /><INIT seed="3,0,0,0,3,78" ten="412,43,384,161" oya="3" hai0="118,101,0,5,115,35,61,105,82,64,68,24,91" hai1="62,74,65,51,39,3,20,92,108,30,90,52,12" hai2="14,125,71,29,129,9,76,113,88,50,27,49,34" hai3="11,111,116,45,135,42,47,33,83,2,109,25,114"/><W89/><G114/><T41/><D118/><U130/><E108/><N who="3" m="41546" /><G116/><T23/><D115/><U122/><E130/><V46/><F113/><W13/><G2/><T73/><D41/><U36/><E74/><V128/><F71/><W44/><G135/><T18/><D35/><U131/><E122/><V110/><F110/><W19/><G33/><T86/><D73/><U32/><E3/><V104/><F104/><W98/><G25/><T57/><D68/><U96/><E131/><N who="2" m="50251" /><F76/><W87/><G98/><T40/><D40/><AGARI ba="0,0" hai="11,13,19,40,42,44,45,47,83,87,89" m="41546" machi="40" ten="30,5800,0" yaku="14,1,10,1,52,1" doraHai="78" who="3" fromWho="0" sc="412,-58,43,0,384,0,161,58" /><INIT seed="3,1,0,5,1,19" ten="354,43,384,219" oya="3" hai0="40,60,90,26,80,76,55,18,91,107,122,20,59" hai1="105,88,111,38,34,94,128,97,66,22,125,132,42" hai2="27,68,49,99,85,58,118,129,133,93,45,14,31" hai3="62,81,9,63,17,47,39,120,82,50,48,75,116"/><W16/><G116/><T24/><D122/><U3/><E3/><V108/><F68/><W46/><G75/><T10/><D107/><U33/><E111/><V130/><F118/><W100/><G39/><T4/><D40/><U92/><E125/><V36/><F36/><W95/><G95/><T56/><D56/><U89/><E128/><N who="2" m="49259" /><F108/><W12/><G100/><T79/><D26/><U135/><E105/><V15/><F133/><W35/><G35/><T73/><REACH who="0" step="1"/><D79/><REACH who="0" ten="344,43,384,219" step="2"/><U54/><E38/><V106/><F58/><W113/><G113/><T32/><D32/><U67/><E42/><N who="2" m="24759" /><F106/><W72/><G72/><T1/><AGARI ba="1,1" hai="1,4,10,18,20,24,55,59,60,73,76,80,90,91" machi="1" ten="20,8000,1" yaku="1,1,0,1,7,1,52,1,53,1" doraHai="19" doraHaiUra="21" who="0" fromWho="0" sc="344,93,43,-21,384,-21,219,-41" owari="437,53.7,22,-47.8,363,16.3,178,-22.2" /></mjloggm>