<mjloggm ver="2.3"><GO type="225" lobby="0"/><UN n0="%E3%81%A1%E3%81%87%E3%81%91" n1="%E3%81%8B%E3%82%8F%E3%81%A1%E3%82%83%E3%82%93%35%38" n2="%4B%2E%32%2E%4B%2E" n3="%E5%B0%8F%E9%B3%A5%E9%81%8A%E7%B7%B4%E7%84%A1%32%31%E6%AD%B3" dan="16,16,16,16" rate="2076.10,2143.37,2143.34,2165.84" sx="M,M,M,F"/><TAIKYOKU oya="0"/><INIT seed="0,0,0,1,2,134" ten="250,250,250,250" oya="0" hai0="115,109,47,84,123,128,89,94,92,20,31,15,130" hai1="55,110,50,54,62,105,114,66,26,68,28,104,57" hai2="6,1,32,73,79,9,34,43,35,59,107,25,124" hai3="49,76,102,8,56,69,63,90,61,16,99,14,80"/><T120/><D47/><U93/><E110/><V75/><F59/><W78/><G69/><T60/><D60/><U52/><E114/><V103/><F25/><W23/><G90/><T98/><D15/><U33/><REACH who="1" step="1"/><E93/><REACH who="1" ten="250,240,250,250" step="2"/><V53/><F107/><AGARI ba="0,1" hai="26,28,33,50,52,54,55,57,62,66,68,104,105,107" machi="107" ten="40,5200,0" yaku="1,1,2,1,54,1,53,0" doraHai="134" doraHaiUra="126" who="1" fromWho="2" sc="250,0,240,62,250,-52,250,0" /><INIT seed="1,0,0,2,5,26" ten="250,302,198,250" oya="1" hai0="50,76,15,27,77,40,75,65,57,114,134,35,81" hai1="69,25,126,56,80,3,38,82,115,24,108,109,83" hai2="46,54,13,55,68,127,112,102,11,18,135,29,58" hai3="131,39,53,37,105,100,7,47,14,8,103,22,111"/><U97/><E69/><V60/><F127/><W41/><G111/><N who="1" m="42570" /><E115/><V128/><F128/><W63/><G131/><T117/><D134/><U79/><E38/><V122/><F135/><W48/><G37/><T86/><D117/><U107/><E3/><V1/><F112/><W72/><G72/><T34/><D114/><U73/><E126/><V106/><F122/><W12/><G105/><T95/><D65/><U52/><E107/><V125/><F125/><W132/><G132/><T99/><D75/><N who="1" m="43135" /><E97/><V20/><F68/><W119/><G119/><T123/><D76/><N who="1" m="44303" /><E83/><V110/><F110/><W94/><G39/><T59/><D99/><U91/><E91/><V124/><F124/><W21/><G94/><T17/><D95/><U10/><E10/><V31/><F1/><W6/><G100/><T16/><D123/><U62/><AGARI ba="0,0" hai="24,25,52,56,62" m="44303,43135,42570" machi="62" ten="30,6000,0" yaku="14,1,10,1,54,1" doraHai="26" who="1" fromWho="1" sc="250,-20,302,60,198,-20,250,-20" /><INIT seed="1,1,0,5,5,80" ten="230,362,178,230" oya="1" hai0="17,55,104,53,51,117,0,133,129,33,59,118,11" hai1="28,12,83,84,89,110,52,9,81,132,75,78,111" hai2="71,112,135,35,43,113,2,25,109,73,85,3,131" hai3="60,7,29,69,1,86,63,42,48,47,30,54,41"/><U97/><E132/><V5/><F73/><W116/><G116/><T58/><D104/><U38/><E38/><V36/><F71/><W125/><G125/><T70/><D70/><U93/><E28/><N who="3" m="10858" /><G1/><T96/><D33/><U92/><E52/><V67/><F2/><W123/><G7/><T49/><D129/><U134/><E134/><V119/><F119/><W14/><G14/><T76/><D133/><U121/><E121/><V13/><F135/><W66/><G123/><T115/><D115/><U40/><E40/><N who="3" m="15466" /><G66/><T95/><D76/><N who="1" m="44191" /><E12/><V124/><F131/><W90/><G69/><T106/><D106/><U105/><E9/><V91/><F124/><W122/><G122/><T10/><D10/><U62/><E62/><V45/><F3/><W94/><AGARI ba="1,0" hai="47,48,54,60,63,86,90,94" m="15466,10858" machi="94" ten="30,2000,0" yaku="8,1,52,1" doraHai="80" who="3" fromWho="3" sc="230,-6,362,-11,178,-6,230,23" /><INIT seed="2,0,0,2,4,123" ten="224,351,172,253" oya="2" hai0="117,88,67,2,7,41,98,70,103,96,102,129,100" hai1="25,1,38,95,63,21,106,66,94,79,68,81,46" hai2="71,56,39,83,99,131,24,47,125,130,37,58,132" hai3="20,97,51,108,35,42,59,14,3,36,124,80,84"/><V64/><F24/><W32/><G3/><T93/><D129/><N who="2" m="49162" /><F99/><W113/><G113/><T30/><D117/><U91/><E106/><V134/><F83/><W78/><G124/><T77/><D77/><U110/><E1/><V111/><F125/><W135/><G36/><N who="2" m="13897" /><F47/><W82/><G82/><T44/><D30/><U23/><E23/><V75/><F75/><W65/><G97/><T29/><D29/><U43/><E91/><V116/><F116/><W90/><G90/><T74/><D74/><U86/><E95/><V31/><F31/><W60/><G32/><T105/><D7/><U49/><E94/><V10/><F10/><W26/><G35/><T120/><D2/><U19/><E81/><V50/><F111/><W101/><G108/><T40/><D105/><U133/><E110/><V18/><F18/><W128/><G128/><T17/><D98/><U9/><E9/><V122/><F122/><W76/><G78/><T16/><D120/><U72/><E79/><V8/><F8/><W4/><G76/><T28/><D28/><U127/><E86/><V54/><F71/><W109/><G84/><T22/><D44/><N who="1" m="23671" /><E127/><V118/><F118/><W34/><G80/><T89/><D89/><U87/><E87/><V114/><F114/><W12/><G34/><T15/><D17/><U112/><E72/><V48/><F48/><W62/><G51/><T104/><D104/><U53/><E112/><V0/><F0/><W115/><G115/><T57/><D70/><U33/><E33/><V92/><F92/><W45/><G109/><T73/><D73/><U119/><E119/><RYUUKYOKU ba="0,0" sc="224,10,351,10,172,10,253,-30" hai0="15,16,22,40,41,57,67,88,93,96,100,102,103" hai1="19,21,25,46,49,53,63,66,68,133" hai2="50,54,56,58,64,132,134" /><INIT seed="2,1,0,3,5,68" ten="234,361,182,223" oya="2" hai0="97,131,61,72,52,63,130,32,69,13,54,16,38" hai1="102,14,129,76,125,91,10,128,87,43,66,93,119" hai2="53,85,3,40,98,48,126,109,86,111,110,132,67" hai3="22,15,2,4,114,49,11,79,77,121,33,83,117"/><V70/><F3/><W64/><G117/><T106/><D32/><U44/><E119/><V29/><F126/><W113/><G33/><T59/><D72/><U18/><E125/><V9/><F132/><W123/><G64/><T8/><D38/><U7/><E66/><V0/><F29/><W17/><G49/><T41/><D41/><U21/><E102/><V122/><F122/><W94/><G94/><T96/><D69/><U34/><E76/><V108/><N who="2" m="27648" /><DORA hai="89" /><V19/><F40/><W101/><G101/><T133/><D133/><U26/><REACH who="1" step="1"/><E34/><REACH who="1" ten="234,351,182,223" step="2"/><V57/><F98/><W118/><G77/><T90/><D90/><U50/><AGARI ba="1,1" hai="7,10,14,18,21,26,43,44,50,87,91,93,128,129" machi="50" ten="30,12000,2" yaku="1,1,2,1,0,1,52,1,53,2" doraHai="68,89" doraHaiUra="20,36" who="1" fromWho="1" sc="234,-31,351,133,182,-61,223,-31" /><INIT seed="3,0,0,2,1,133" ten="203,484,121,192" oya="3" hai0="108,128,3,58,30,16,81,32,26,117,7,9,56" hai1="129,130,125,2,57,102,94,80,135,22,66,127,77" hai2="41,122,17,90,72,18,111,4,5,89,104,114,46" hai3="47,31,42,10,93,87,1,44,36,84,74,59,51"/><W107/><G107/><T71/><D71/><U48/><E135/><V6/><F114/><W53/><G31/><T103/><D117/><U24/><E2/><V21/><F72/><W116/><G116/><T12/><D108/><U70/><E70/><V110/><F104/><W82/><G47/><T52/><D103/><U50/><E94/><V95/><F122/><W75/><G93/><T43/><D43/><U64/><E102/><V14/><F18/><W34/><G34/><T20/><D128/><N who="1" m="49259" /><E50/><V68/><F68/><W106/><G106/><T19/><D81/><U83/><E83/><V76/><F76/><N who="3" m="44319" /><G74/><T105/><D105/><U23/><E23/><V99/><F110/><W69/><G69/><T0/><D0/><U131/><E131/><V65/><F65/><N who="1" m="25193" /><E48/><V115/><F115/><W39/><G36/><T113/><D113/><U96/><E96/><V86/><F111/><W28/><G28/><T49/><D19/><N who="1" m="12383" /><E57/><AGARI ba="0,0" hai="3,7,9,12,16,20,26,30,32,49,52,56,57,58" machi="57" ten="30,8000,1" yaku="7,1,24,2,54,2" doraHai="133" who="0" fromWho="1" sc="203,80,484,-80,121,0,192,0" owari="283,8.3,404,50.4,121,-37.9,192,-20.8" /></mjloggm>