<mjloggm ver="2.3"><GO type="225" lobby="0"/><UN n0="%6D%75%75%6D%75%72%61" n1="%E3%81%AF%E3%82%88%E3%81%8A%E3%81%98%E3%81%95%E3%82%93" n2="%E8%BE%9B%E5%8F%A3%E3%82%AB%E3%83%AC%E3%83%BC%E3%83%A9%E3%82%A4%E3%82%B9" n3="%E3%81%AA%E3%81%A1%30%39%32%37" dan="17,17,16,16" rate="2175.43,2189.34,2216.01,2062.82" sx="F,M,M,M"/><TAIKYOKU oya="0"/><INIT seed="0,0,0,3,3,92" ten="250,250,250,250" oya="0" hai0="59,4,60,70,102,12,133,124,48,41,71,85,65" hai1="122,131,2,117,58,88,25,17,84,51,129,105,47" hai2="11,21,94,46,54,83,90,116,125,35,0,87,69" hai3="66,28,111,126,119,5,34,39,74,73,98,127,22"/><T78/><D124/><N who="3" m="47657" /><G119/><T76/><D133/><U113/><E117/><V3/><F125/><W99/><G39/><T49/><D102/><U10/><E122/><V29/><F116/><W13/><G111/><T95/><D78/><U37/><E105/><V67/><F35/><W15/><G34/><T97/><D71/><U42/><E113/><V30/><F69/><W107/><G107/><T100/><D70/><U50/><E2/><V19/><F67/><W77/><G66/><T20/><D41/><U135/><E135/><V18/><F3/><W1/><G1/><T115/><D115/><U121/><E121/><V93/><F0/><W104/><G104/><T86/><D86/><U32/><E32/><V101/><F11/><N who="3" m="4335" /><G77/><T52/><D65/><U89/><E89/><V128/><F128/><N who="1" m="49225" /><E58/><V9/><F9/><W62/><G62/><T130/><D130/><U80/><E10/><V132/><F132/><W134/><G134/><T23/><D4/><U64/><E64/><V106/><F106/><W120/><G120/><T108/><D108/><U16/><E25/><V14/><F101/><W6/><G6/><T43/><D12/><U72/><E72/><N who="3" m="27754" /><G15/><T26/><D26/><AGARI ba="0,0" hai="22,26,28,98,99" m="27754,4335,47657" machi="26" ten="30,3900,0" yaku="18,1,52,2" doraHai="92" who="3" fromWho="0" sc="250,-39,250,0,250,0,250,39" /><INIT seed="1,0,0,3,1,99" ten="211,250,250,289" oya="1" hai0="107,100,119,90,54,0,133,128,85,123,53,95,71" hai1="96,68,89,18,13,34,2,56,25,45,24,92,105" hai2="72,14,120,101,116,77,19,86,93,30,35,36,75" hai3="82,98,91,94,17,12,48,125,121,112,63,46,117"/><U73/><E68/><V38/><F116/><W51/><G121/><T57/><D119/><U55/><E2/><V130/><F120/><W66/><G117/><T58/><D123/><U79/><E34/><V32/><F130/><W87/><G125/><T9/><D71/><U118/><E118/><V80/><F38/><W28/><G112/><T88/><D128/><U113/><E113/><V102/><F36/><W106/><G106/><T74/><D74/><U129/><E129/><V109/><F109/><W104/><G104/><T69/><D69/><U20/><E105/><V59/><F59/><N who="0" m="22538" /><D0/><U49/><E79/><V81/><F93/><W3/><G3/><T33/><D107/><U23/><E73/><V67/><F67/><W103/><G28/><T135/><D33/><U27/><REACH who="1" step="1"/><E56/><REACH who="1" ten="211,240,250,289" step="2"/><V26/><F35/><W1/><G1/><T97/><D135/><U6/><E6/><V131/><F131/><W84/><G66/><T11/><D133/><U78/><E78/><V122/><F122/><W108/><G108/><T44/><D44/><U126/><E126/><V8/><REACH who="2" step="1"/><F75/><REACH who="2" ten="211,240,240,289" step="2"/><W4/><G63/><T15/><D95/><U62/><E62/><V61/><F61/><W39/><G94/><T111/><D111/><U115/><E115/><V41/><F41/><W31/><G82/><T124/><D124/><U50/><E50/><V110/><F110/><W64/><G51/><T37/><D37/><U40/><E40/><V70/><F70/><W83/><G48/><T114/><D114/><U7/><E7/><V42/><F42/><W16/><G39/><T10/><D53/><RYUUKYOKU ba="0,2" sc="211,-15,240,15,240,15,289,-15" hai1="13,18,20,23,24,25,27,45,49,55,89,92,96" hai2="8,14,19,26,30,32,72,77,80,81,86,101,102" /><INIT seed="1,1,2,1,3,78" ten="196,255,255,274" oya="1" hai0="128,5,62,64,10,117,85,27,123,74,109,26,20" hai1="73,84,25,17,118,63,90,108,87,101,15,93,134" hai2="33,58,14,52,44,35,102,122,12,113,114,82,121" hai3="43,133,129,77,61,37,54,106,94,21,115,29,88"/><U11/><E118/><V81/><F44/><W60/><G115/><N who="2" m="44041" /><F102/><W72/><G106/><T111/><D74/><U53/><E73/><V68/><F68/><W120/><G120/><N who="2" m="46185" /><F12/><W4/><G133/><T48/><D117/><U3/><E134/><V22/><F22/><W92/><G129/><T89/><D123/><U97/><E108/><N who="0" m="41545" /><D48/><U75/><E75/><V112/><F14/><W23/><G21/><T6/><D128/><U132/><E3/><V96/><F96/><W9/><G23/><T104/><D104/><U69/><E132/><V31/><N who="2" m="44049" /><V38/><DORA hai="99" /><F38/><W67/><G37/><T95/><D10/><U100/><E69/><V116/><F116/><W7/><G9/><T59/><D26/><U34/><E34/><N who="2" m="12811" /><F31/><AGARI ba="1,2" hai="5,6,20,27,31,59,62,64,85,89,95" m="41545" machi="31" ten="30,1000,0" yaku="14,1" doraHai="78,99" who="0" fromWho="2" sc="196,33,255,0,255,-13,274,0" /><INIT seed="2,0,0,4,0,45" ten="229,255,242,274" oya="2" hai0="67,9,78,103,14,86,117,72,93,75,89,134,43" hai1="53,20,49,80,58,124,10,7,0,70,63,2,83" hai2="108,135,90,61,46,110,126,81,34,13,84,60,109" hai3="57,133,40,88,131,102,64,130,95,18,22,122,123"/><V132/><F126/><W30/><G30/><T55/><D134/><N who="2" m="51242" /><F34/><W112/><G133/><T24/><D117/><U6/><E124/><V3/><F3/><W118/><G118/><T23/><D67/><U128/><E128/><N who="3" m="49194" /><G102/><T27/><D103/><U16/><E6/><V98/><F13/><N who="3" m="9551" /><G112/><T125/><D125/><U111/><E0/><V44/><F98/><N who="3" m="57703" /><G40/><T76/><D43/><U12/><E111/><N who="2" m="28419" /><V97/><DORA hai="120" /><F97/><W17/><G17/><T21/><D14/><U47/><REACH who="1" step="1"/><E70/><REACH who="1" ten="229,245,242,274" step="2"/><V51/><F44/><W115/><G115/><T52/><D24/><U101/><E101/><V37/><F37/><W82/><G82/><T19/><D27/><U74/><E74/><V38/><F38/><W91/><G91/><T1/><D89/><U99/><E99/><V39/><F39/><W56/><G56/><T85/><D75/><U35/><E35/><V8/><F8/><W42/><G42/><AGARI ba="0,1" hai="2,7,10,12,16,20,42,47,49,53,58,63,80,83" machi="42" ten="30,8000,1" yaku="1,1,7,1,52,1,54,1,53,1" doraHai="45,120" doraHaiUra="100,32" who="1" fromWho="3" sc="229,0,245,90,242,0,274,-80" /><AGARI ba="0,0" hai="42,46,51,60,61,81,84,90" m="28419,51242" machi="42" ten="40,24000,3" yaku="20,1,14,1,10,1,52,5" doraHai="45,120" who="2" fromWho="3" sc="229,0,335,0,242,240,194,-240" owari="229,-17.1,335,13.5,482,58.2,-46,-54.6" /></mjloggm>