<mjloggm ver="2.3"><GO type="225" lobby="0"/><UN n0="%E6%A1%9C%E8%8A%B1%E9%96%83%E3%80%85" n1="%E3%83%AD%E3%83%83%E3%83%86%E9%9B%80%E7%90%83" n2="%E9%B3%B3%E6%9D%B1%E3%81%AE%E3%81%86%E3%81%95%E3%81%8E%E3%81%95%E3%82%93" n3="%4B%2E%32%2E%4B%2E" dan="17,17,17,16" rate="2126.04,2206.31,2250.24,2128.54" sx="M,M,M,M"/><TAIKYOKU oya="0"/><INIT seed="0,0,0,1,1,78" ten="250,250,250,250" oya="0" hai0="46,6,58,128,131,91,84,70,71,49,8,126,13" hai1="39,31,68,10,4,24,29,134,44,73,99,101,119" hai2="11,103,20,97,57,0,17,88,43,59,124,107,110" hai3="55,82,108,66,53,15,104,89,102,62,86,41,23"/><T30/><D126/><U81/><E134/><V5/><F110/><W3/><G3/><T72/><D72/><U93/><E119/><V106/><F124/><W12/><G108/><T36/><D36/><U60/><E60/><V130/><F130/><N who="0" m="49706" /><D58/><U96/><E96/><V135/><F135/><W90/><G41/><N who="0" m="24783" /><D30/><U77/><E68/><V113/><F113/><W52/><G90/><T129/><N who="0" m="49714" /><T21/><DORA hai="47" /><D21/><U61/><E61/><V114/><F114/><W100/><G23/><T120/><D120/><U69/><E69/><V63/><F43/><W98/><REACH who="3" step="1"/><G102/><REACH who="3" ten="250,250,250,240" step="2"/><T19/><D6/><U116/><E4/><V42/><F42/><W34/><G34/><T56/><D56/><AGARI ba="0,1" hai="12,15,52,53,55,56,62,66,82,86,89,98,100,104" machi="56" ten="40,8000,1" yaku="1,1,52,1,54,1,53,1" doraHai="78,47" doraHaiUra="87,65" who="3" fromWho="0" sc="250,-80,250,0,250,0,240,90" /><INIT seed="1,0,0,4,5,47" ten="170,250,250,330" oya="1" hai0="31,84,10,51,114,40,28,75,115,2,52,27,30" hai1="55,120,129,6,61,92,23,57,126,90,54,133,101" hai2="41,131,33,109,67,79,53,121,94,26,60,134,135" hai3="58,12,43,76,107,125,39,124,68,5,4,83,11"/><U66/><E126/><N who="3" m="48746" /><G107/><T69/><D75/><U102/><E133/><N who="2" m="50699" /><F109/><W14/><G68/><T46/><D69/><U3/><E129/><V81/><F121/><W108/><G108/><T7/><D84/><U63/><E120/><V130/><F41/><W87/><G58/><T20/><REACH who="0" step="1"/><D40/><REACH who="0" ten="160,250,250,330" step="2"/><U118/><E118/><V21/><F131/><W99/><G87/><T96/><D96/><U123/><E123/><V45/><F130/><W112/><G99/><T88/><D88/><U119/><E119/><V111/><F111/><W91/><G91/><T122/><D122/><U73/><E73/><V80/><F79/><W22/><G43/><T13/><D13/><U93/><E90/><V128/><F128/><W38/><G12/><T24/><D24/><U70/><E70/><V56/><F26/><W1/><G14/><T17/><AGARI ba="0,1" hai="2,7,10,17,20,27,28,30,31,46,51,52,114,115" machi="17" ten="30,7900,0" yaku="1,1,0,1,52,1,54,1,53,0" doraHai="47" doraHaiUra="82" who="0" fromWho="0" sc="160,89,250,-39,250,-20,330,-20" /><INIT seed="2,0,0,4,3,88" ten="249,211,230,310" oya="2" hai0="62,107,11,60,80,54,55,115,116,81,104,24,73" hai1="9,5,114,120,118,124,112,12,76,19,130,66,2" hai2="32,93,25,96,27,53,132,70,99,26,48,29,38" hai3="125,43,113,47,87,35,64,28,52,126,85,15,46"/><V21/><F132/><W111/><G111/><T33/><D115/><N who="1" m="44075" /><E76/><V67/><F38/><W109/><G109/><T36/><D36/><U71/><E66/><V77/><F77/><W108/><G108/><T89/><D116/><U68/><E68/><V102/><F32/><W69/><G113/><T82/><D73/><U56/><E56/><V58/><REACH who="2" step="1"/><F96/><REACH who="2" ten="249,211,220,310" step="2"/><W95/><G35/><T41/><D33/><U129/><E118/><V128/><F128/><N who="1" m="49257" /><E71/><V1/><F1/><W8/><G69/><T14/><D81/><U16/><E120/><V31/><F31/><W117/><G28/><T106/><D82/><U97/><E124/><V101/><F101/><W123/><G123/><T44/><D80/><U20/><E19/><V6/><F6/><W79/><G117/><T13/><D89/><U39/><E39/><V3/><F3/><W4/><G125/><T37/><D37/><U49/><E49/><V72/><F72/><W74/><G126/><T7/><D7/><U30/><E30/><V51/><F51/><W42/><G79/><T34/><D34/><U18/><E18/><V0/><F0/><W40/><G74/><T61/><D61/><AGARI ba="0,1" hai="21,25,26,27,29,48,53,58,61,67,70,93,99,102" machi="61" ten="40,3900,0" yaku="1,1,52,1,53,0" doraHai="88" doraHaiUra="134" who="2" fromWho="0" sc="249,-39,211,0,220,49,310,0" /><INIT seed="2,1,0,1,1,15" ten="210,211,269,310" oya="2" hai0="66,112,40,11,17,124,45,82,107,9,75,7,3" hai1="74,0,60,52,125,117,32,96,31,110,115,127,116" hai2="126,105,14,56,83,129,93,68,87,63,122,69,97" hai3="100,89,29,95,77,78,58,10,86,98,62,113,43"/><V88/><F129/><W41/><G113/><T73/><D112/><U8/><E115/><V120/><F126/><N who="1" m="48137" /><E74/><V22/><F105/><W47/><G29/><T130/><D124/><U134/><E96/><V104/><F104/><W111/><G111/><T119/><D130/><U92/><E92/><V38/><F38/><W39/><G10/><T54/><D107/><U26/><E110/><V57/><F68/><W19/><G19/><T20/><D119/><N who="1" m="45643" /><E60/><V42/><F63/><W37/><G37/><T81/><D66/><U1/><E52/><V49/><F69/><W48/><G43/><T6/><D54/><U65/><E65/><V4/><F120/><W72/><G72/><T91/><D75/><U61/><E61/><V64/><F122/><W133/><G133/><T84/><D73/><U59/><E59/><V13/><F64/><N who="3" m="38999" /><G39/><T35/><D81/><AGARI ba="1,0" hai="41,47,48,77,78,81,86,89,95,98,100" m="38999" machi="81" ten="30,1000,0" yaku="8,1" doraHai="15" who="3" fromWho="0" sc="210,-13,211,0,269,0,310,13" /><INIT seed="3,0,0,2,5,8" ten="197,211,269,323" oya="3" hai0="42,37,1,65,120,60,33,124,0,73,132,131,110" hai1="34,105,129,5,111,107,55,6,36,77,46,61,135" hai2="27,86,85,115,125,20,104,92,28,93,22,3,121" hai3="25,130,32,134,39,84,62,18,119,75,30,21,76"/><W66/><G39/><T58/><RYUUKYOKU type="yao9" ba="0,0" sc="197,0,211,0,269,0,323,0" hai0="0,1,33,37,42,58,60,65,73,110,120,124,131,132" /><INIT seed="3,1,0,3,3,98" ten="197,211,269,323" oya="3" hai0="45,7,20,56,46,58,33,22,106,23,125,102,61" hai1="66,71,132,60,75,105,34,4,115,96,101,73,80" hai2="126,52,103,88,99,74,10,84,6,32,100,81,72" hai3="92,89,16,79,1,65,118,108,15,11,109,54,21"/><W59/><G118/><T44/><D125/><U76/><E115/><V123/><F32/><W135/><G135/><T114/><D114/><U77/><E132/><V14/><F126/><W67/><G79/><T117/><D117/><U48/><E48/><V68/><F68/><W19/><G1/><T87/><D33/><U94/><E4/><V57/><F123/><W5/><G5/><T112/><D112/><U63/><E63/><V28/><F28/><W90/><G67/><T8/><D87/><U30/><E94/><N who="2" m="56775" /><F74/><N who="1" m="28169" /><E80/><V2/><F2/><W3/><G65/><T131/><D131/><U122/><E122/><V17/><F6/><W119/><G119/><T31/><D106/><U110/><E110/><N who="3" m="42602" /><G92/><T134/><D134/><U39/><E39/><V53/><F72/><W51/><G3/><T69/><D102/><N who="2" m="38954" /><F57/><N who="0" m="22122" /><D69/><U36/><E36/><V83/><F83/><W70/><G70/><T9/><D61/><U127/><E127/><V133/><F133/><W97/><G97/><T24/><D7/><U18/><E18/><V0/><F0/><W12/><AGARI ba="1,0" hai="11,12,15,16,19,21,51,54,59,89,90" m="42602" machi="12" ten="30,6000,0" yaku="14,1,10,1,54,1" doraHai="98" who="3" fromWho="3" sc="197,-21,211,-21,269,-21,323,63" owari="176,-32.4,190,-21.0,248,4.8,386,48.6" /></mjloggm>