<mjloggm ver="2.3"><GO type="225" lobby="0"/><UN n0="%E5%8F%AF%E5%85%90%E9%82%A3%E7%94%B1%E5%A4%9A" n1="%72%69%6F%75%63%68%61%6E" n2="%E9%B4%A8%4E%45%47%49" n3="%E9%80%86%E9%80%A3%E5%B8%AF%E3%81%AE%E9%AC%BC" dan="16,16,16,17" rate="2099.23,2197.30,2123.95,2119.33" sx="F,M,M,M"/><TAIKYOKU oya="0"/><INIT seed="0,0,0,5,2,45" ten="250,250,250,250" oya="0" hai0="118,66,81,2,91,27,109,22,78,125,61,129,8" hai1="96,25,114,53,59,13,12,127,20,28,49,30,134" hai2="84,112,73,82,23,88,123,35,29,89,50,63,58" hai3="40,0,31,77,131,116,117,10,51,83,79,94,57"/><T62/><D118/><U47/><E127/><V3/><F35/><W48/><G131/><T7/><D129/><U69/><E69/><V97/><F112/><W104/><G104/><T44/><D125/><U135/><E114/><V105/><F3/><W14/><G0/><T11/><D109/><U119/><E119/><V26/><F123/><W4/><G31/><T16/><D91/><U92/><E30/><V107/><F73/><W39/><G79/><T32/><D32/><U126/><E126/><V90/><F50/><W99/><G39/><T18/><D44/><U86/><E86/><V33/><F33/><W85/><G51/><T95/><D95/><U24/><E24/><V101/><REACH who="2" step="1"/><F107/><REACH who="2" ten="250,250,240,250" step="2"/><W43/><G117/><T21/><D8/><U42/><E135/><V74/><F74/><W72/><G72/><T113/><D113/><U6/><E134/><V56/><F56/><W108/><G116/><T76/><D61/><N who="1" m="36079" /><E6/><V130/><F130/><W64/><G108/><T68/><REACH who="0" step="1"/><D81/><REACH who="0" ten="240,250,240,250" step="2"/><U98/><E92/><V103/><F103/><W5/><G94/><T132/><D132/><U36/><E36/><V19/><F19/><W133/><G133/><T37/><D37/><U17/><E17/><V52/><AGARI ba="0,2" hai="23,26,29,52,58,63,82,84,88,89,90,97,101,105" machi="52" ten="20,16000,3" yaku="1,1,0,1,7,1,54,2,53,3" doraHai="45" doraHaiUra="87" who="2" fromWho="2" sc="240,-80,250,-40,240,180,250,-40" /><INIT seed="1,0,0,1,3,17" ten="160,210,420,210" oya="1" hai0="113,91,57,108,52,11,122,38,112,89,124,50,135" hai1="109,71,9,1,104,34,105,96,67,7,10,76,48" hai2="21,99,130,111,45,132,128,84,13,37,101,119,79" hai3="19,18,69,26,30,63,121,41,62,86,31,14,54"/><U90/><E34/><V116/><F37/><W56/><G121/><T117/><D117/><N who="2" m="45130" /><F45/><W58/><G69/><T134/><D11/><U81/><E109/><V102/><F21/><N who="3" m="13623" /><G86/><T36/><D91/><U118/><E118/><V74/><F13/><W107/><G107/><T27/><D27/><U15/><E48/><V40/><F40/><W64/><G41/><T46/><D89/><U77/><E76/><V60/><F60/><W110/><G110/><T28/><D28/><U61/><E90/><V59/><F59/><W23/><AGARI ba="0,0" hai="14,19,23,30,31,54,56,58,62,63,64" m="13623" machi="23" ten="30,4000,0" yaku="8,1,52,2" doraHai="17" who="3" fromWho="3" sc="160,-10,210,-20,420,-10,210,40" /><INIT seed="2,0,0,1,0,91" ten="150,190,410,250" oya="2" hai0="115,61,65,67,51,111,0,54,76,135,79,104,70" hai1="9,6,19,4,72,95,63,38,108,52,32,7,73" hai2="118,64,112,130,11,126,96,56,84,3,66,127,33" hai3="50,12,133,120,80,74,18,75,44,107,40,16,90"/><V123/><F112/><W77/><G120/><T86/><D115/><U5/><E32/><V89/><F33/><W22/><G133/><T39/><D39/><U105/><E105/><V128/><F118/><W113/><G113/><T49/><D104/><U24/><E108/><V85/><F123/><W31/><G107/><T134/><D0/><U21/><E38/><V68/><F68/><W17/><G75/><T48/><D111/><U87/><E87/><N who="2" m="33355" /><F56/><W83/><G31/><T15/><D15/><U62/><E95/><N who="2" m="56431" /><F11/><W2/><G2/><T42/><D42/><U37/><E37/><V82/><F82/><W93/><G83/><T47/><D86/><AGARI ba="0,0" hai="12,16,17,18,22,40,44,50,74,77,80,86,90,93" machi="86" ten="30,3900,0" yaku="7,1,52,1,54,1" doraHai="91" who="3" fromWho="0" sc="150,-39,190,0,410,0,250,39" /><INIT seed="3,0,0,4,3,6" ten="111,190,410,289" oya="3" hai0="115,123,95,48,41,98,112,39,120,14,3,16,73" hai1="119,13,60,28,92,36,108,118,12,125,78,37,63" hai2="56,80,31,74,17,45,135,128,21,30,58,101,122" hai3="7,5,96,20,43,72,110,9,42,107,91,25,106"/><W65/><G72/><T105/><D3/><U81/><E108/><V1/><F80/><W34/><G34/><T129/><D73/><U40/><E125/><V77/><F101/><W18/><G110/><T68/><D68/><U70/><E28/><V133/><F45/><W46/><G65/><T24/><D129/><U79/><E92/><V83/><F128/><W111/><G111/><T126/><D126/><U132/><E132/><N who="2" m="50763" /><F1/><W49/><G43/><T11/><D105/><U114/><E114/><V54/><F122/><W61/><G61/><N who="1" m="23626" /><E70/><V29/><F54/><W124/><G124/><T88/><D39/><N who="1" m="14923" /><E40/><V109/><F109/><W35/><G35/><T44/><REACH who="0" step="1"/><D24/><AGARI ba="0,0" hai="17,21,24,29,30,31,56,58,74,77,83" m="50763" machi="24" ten="30,1000,0" yaku="20,1" doraHai="6" who="2" fromWho="0" sc="111,-10,190,0,410,10,289,0" owari="101,-39.9,190,-21.0,420,52.0,289,8.9" /></mjloggm>