<mjloggm ver="2.3"><GO type="225" lobby="0"/><UN n0="%48%61%61%61%6C%61%6E%64" n1="%E3%81%B2%E3%81%BE%E3%81%A4%E3%81%B6%E3%81%97" n2="%73%6C%69%63%6B%33%31%39" n3="%E7%89%B9%E6%9D%B1%E3%81%AF%E4%B8%96%E7%95%8C%E3%82%92%E6%95%91%E3%81%86" dan="18,16,16,16" rate="2202.95,2152.38,2109.94,2091.09" sx="M,M,M,M"/><TAIKYOKU oya="0"/><INIT seed="0,0,0,3,3,68" ten="250,250,250,250" oya="0" hai0="134,70,131,82,103,74,90,89,54,83,92,44,71" hai1="35,107,58,67,95,0,119,100,110,43,76,46,25" hai2="130,81,16,106,32,41,65,29,11,87,128,1,26" hai3="28,111,33,118,60,49,97,102,64,121,108,115,122"/><T59/><D131/><N who="2" m="50218" /><F106/><W101/><G28/><T4/><D134/><U116/><E110/><N who="3" m="42026" /><G33/><T79/><D4/><U38/><E0/><V51/><F65/><W127/><G49/><T37/><D103/><N who="3" m="39433" /><G97/><T124/><D124/><U109/><E109/><V24/><F51/><W135/><G127/><T66/><D66/><U8/><E107/><V2/><F41/><W7/><G135/><T52/><D83/><U105/><E105/><V72/><F72/><W22/><G22/><T80/><D80/><U112/><E112/><V20/><F87/><W53/><G53/><T75/><D75/><U17/><E35/><V91/><F91/><W5/><G118/><T19/><D90/><U77/><E116/><V47/><F47/><W15/><G115/><T123/><D54/><U14/><E119/><V39/><F39/><W50/><G50/><T133/><D44/><U84/><E25/><V96/><F96/><W40/><G40/><T23/><D37/><U93/><E100/><V73/><F81/><W57/><G15/><N who="0" m="9727" /><D133/><U98/><E98/><V86/><F86/><W126/><G126/><T113/><D113/><U9/><E84/><V12/><F73/><W6/><AGARI ba="0,0" hai="5,6,7,57,60,64,121,122" m="39433,42026" machi="6" ten="40,1500,0" yaku="14,1" doraHai="68" who="3" fromWho="3" sc="250,-7,250,-4,250,-4,250,15" /><INIT seed="1,0,0,5,1,4" ten="243,246,246,265" oya="1" hai0="116,90,83,97,28,109,41,96,89,72,99,22,87" hai1="115,110,5,122,8,55,32,29,44,69,125,108,106" hai2="19,9,113,68,82,88,118,2,50,107,124,0,35" hai3="64,74,127,48,80,54,52,3,7,103,128,11,65"/><U117/><E115/><V85/><F118/><W102/><G128/><T34/><D116/><U84/><E117/><V86/><F113/><W42/><G127/><T10/><D109/><N who="1" m="42091" /><E125/><V13/><F124/><W12/><G42/><T71/><D71/><U70/><E122/><V43/><F107/><W133/><G133/><T27/><D72/><U78/><E106/><V33/><F68/><W129/><G129/><T95/><D41/><U134/><E134/><V131/><F131/><W17/><G74/><T62/><D62/><U46/><E29/><V119/><F119/><W100/><G80/><T45/><D45/><N who="1" m="17515" /><E55/><V67/><F67/><W105/><G105/><T120/><D120/><U93/><E32/><V60/><F60/><W26/><G26/><T101/><D101/><U75/><E75/><V73/><F73/><W112/><G112/><T130/><D130/><U76/><E93/><V20/><F50/><W58/><REACH who="3" step="1"/><G54/><REACH who="3" ten="243,246,246,255" step="2"/><T77/><D83/><N who="1" m="47207" /><E78/><V104/><F43/><W66/><G66/><T98/><D77/><U51/><E51/><V59/><F104/><W92/><G92/><N who="0" m="54335" /><D34/><U94/><E94/><V14/><F33/><W132/><G132/><T36/><D36/><U114/><E114/><V30/><F35/><W38/><G38/><T25/><D99/><U61/><E61/><V1/><F85/><W6/><G6/><T49/><D49/><U47/><E47/><V24/><F86/><W135/><G135/><T15/><D98/><U91/><E91/><V21/><F88/><W126/><G126/><T63/><D97/><U37/><E37/><V53/><F82/><RYUUKYOKU ba="0,1" sc="243,-15,246,15,246,-15,255,15" hai1="5,8,69,70" hai3="3,7,11,12,17,48,52,58,64,65,100,102,103" /><INIT seed="1,1,1,3,4,54" ten="228,261,231,270" oya="1" hai0="23,129,56,42,74,49,64,82,14,89,135,25,67" hai1="7,109,52,17,57,5,15,6,19,55,61,11,133" hai2="102,110,38,20,26,30,106,127,2,36,62,8,35" hai3="132,77,118,73,71,101,37,41,108,47,13,86,80"/><U12/><E133/><V130/><F110/><W131/><G71/><T75/><D135/><U105/><E109/><V58/><F130/><W28/><G108/><T1/><D1/><U122/><E105/><V60/><F127/><W51/><G132/><T79/><D129/><U85/><E85/><V39/><F106/><W87/><G131/><T0/><D0/><U66/><E122/><V112/><F102/><W97/><G118/><T134/><D134/><U18/><E18/><V113/><F35/><W31/><G87/><T59/><D14/><U68/><E68/><V48/><F48/><W88/><G13/><T70/><D75/><U44/><E44/><V9/><F60/><W76/><G37/><T3/><D3/><U121/><E121/><V78/><F78/><W115/><G115/><N who="2" m="44105" /><F2/><W111/><G111/><T43/><D89/><U116/><E116/><V120/><F120/><W125/><G125/><T123/><D123/><U22/><AGARI ba="1,1" hai="5,6,7,11,12,15,17,19,22,52,55,57,61,66" machi="22" ten="30,11700,0" yaku="0,1,8,1,52,1,54,1" doraHai="54" who="1" fromWho="1" sc="228,-40,261,130,231,-40,270,-40" /><INIT seed="1,2,0,1,0,15" ten="188,391,191,230" oya="1" hai0="122,91,4,39,129,71,24,1,65,90,74,23,97" hai1="117,115,41,77,62,119,95,126,112,54,86,19,18" hai2="109,61,76,103,52,12,127,128,59,110,66,73,106" hai3="29,35,135,60,48,100,25,131,44,43,83,67,121"/><U72/><E41/><V107/><F127/><W99/><G131/><T8/><D129/><U0/><E0/><V22/><F128/><W37/><G135/><T45/><D122/><U34/><E34/><V125/><F125/><W114/><G114/><T92/><D74/><U56/><E126/><V27/><F12/><W134/><G134/><T81/><D71/><U55/><E72/><V7/><F7/><W120/><G48/><T113/><D65/><U20/><E20/><V94/><F94/><W6/><G83/><T11/><D11/><U116/><E55/><V42/><F42/><W21/><G21/><T108/><D113/><U88/><E115/><V13/><F13/><W38/><G6/><T64/><D64/><U82/><REACH who="1" step="1"/><E112/><REACH who="1" ten="188,381,191,230" step="2"/><V16/><F66/><W96/><G38/><T33/><D33/><U69/><E69/><V2/><F2/><W32/><G32/><T28/><D39/><U49/><E49/><V78/><F73/><W40/><G40/><T58/><D1/><U118/><E118/><V51/><F51/><W80/><G67/><T93/><D23/><U63/><E63/><V75/><F75/><W133/><G60/><T85/><D8/><U123/><E123/><V3/><F3/><W47/><G133/><T98/><D28/><U50/><E50/><V79/><REACH who="2" step="1"/><F103/><REACH who="2" ten="188,381,181,230" step="2"/><W14/><G44/><T70/><D45/><U30/><E30/><V36/><F36/><N who="3" m="21991" /><G100/><T53/><D53/><U46/><E46/><V10/><F10/><W26/><G120/><T130/><D130/><U104/><E104/><AGARI ba="2,2" hai="16,22,27,52,59,61,76,78,79,104,106,107,109,110" machi="104" ten="40,8000,1" yaku="1,1,52,1,54,2,53,1" doraHai="15" doraHaiUra="57" who="2" fromWho="1" sc="188,0,381,-86,181,106,230,0" /><INIT seed="2,0,0,1,3,114" ten="188,295,287,230" oya="2" hai0="74,77,24,135,11,59,128,66,103,51,126,95,65" hai1="70,121,123,85,132,56,118,36,8,54,129,98,127" hai2="115,35,133,63,43,28,61,86,76,34,62,12,112" hai3="20,42,31,33,110,130,49,60,53,40,19,113,100"/><V52/><F133/><W17/><G113/><T48/><D135/><U18/><E132/><V97/><F43/><W82/><G110/><T15/><D126/><U57/><E127/><V21/><F35/><W75/><G130/><T22/><D128/><U87/><E36/><V107/><F34/><W89/><G100/><T7/><D77/><U55/><E70/><V119/><F119/><W32/><G32/><T3/><D74/><U125/><E118/><V102/><F76/><W14/><G60/><N who="0" m="38047" /><D3/><U26/><E98/><V16/><F86/><N who="3" m="50391" /><G31/><N who="0" m="17815" /><D66/><U69/><E69/><V106/><F28/><W94/><G33/><T90/><D103/><U38/><E38/><V91/><F106/><W80/><G75/><T68/><D68/><U4/><E125/><V47/><REACH who="2" step="1"/><F91/><REACH who="2" ten="188,295,277,230" step="2"/><W105/><G105/><T72/><D72/><U84/><E129/><V1/><F1/><W131/><G131/><T134/><D134/><U5/><E123/><V13/><F13/><W92/><G42/><T78/><D78/><U116/><E121/><V111/><F111/><W45/><G40/><T96/><AGARI ba="0,1" hai="7,11,15,48,51,90,95,96" m="17815,38047" machi="96" ten="30,1100,0" yaku="8,1" doraHai="114" who="0" fromWho="0" sc="188,21,295,-3,277,-5,230,-3" /><INIT seed="3,0,0,5,1,81" ten="209,292,272,227" oya="3" hai0="82,20,131,46,125,63,113,106,114,60,23,75,2" hai1="55,78,99,101,41,74,34,57,68,45,80,105,110" hai2="89,84,72,87,35,90,121,77,36,130,127,52,120" hai3="53,39,10,58,51,49,64,29,59,26,38,62,71"/><W44/><G10/><T30/><D2/><U111/><E68/><V13/><F36/><N who="3" m="13867" /><G26/><T65/><D106/><U122/><E122/><N who="2" m="47211" /><F130/><W12/><G12/><T92/><D131/><U96/><E34/><V116/><F127/><W31/><G31/><T108/><D125/><U118/><E118/><V48/><F116/><W86/><G86/><N who="2" m="32809" /><F35/><W43/><G29/><T95/><D30/><U0/><E0/><V134/><F134/><W7/><G7/><T1/><D1/><U123/><E123/><V47/><F13/><W3/><G3/><T32/><D32/><U107/><E99/><V11/><F11/><W28/><G28/><T67/><D82/><AGARI ba="0,0" hai="47,48,52,72,77,82,89,90" m="32809,47211" machi="82" ten="30,8000,1" yaku="13,1,52,3,54,1" doraHai="81" who="2" fromWho="0" sc="209,-80,292,0,272,80,227,0" owari="129,-37.1,292,9.2,352,45.2,227,-17.3" /></mjloggm>