<mjloggm ver="2.3"><GO type="225" lobby="0"/><UN n0="%6E%69%63%6B%6C%6F%77" n1="%E3%83%B4%E3%83%A0%EF%BC%99%E3%81%A6" n2="%E3%82%BC%E3%83%AB%E3%83%80%E3%81%AE%E4%BC%9D%E8%AA%AC" n3="%E3%81%9F%E3%81%A3%E3%81%A1%E3%82%87" dan="16,17,16,16" rate="2105.64,2211.23,2144.22,2094.46" sx="F,M,M,M"/><TAIKYOKU oya="0"/><INIT seed="0,0,0,4,2,25" ten="250,250,250,250" oya="0" hai0="125,129,19,21,58,10,14,122,113,17,103,38,105" hai1="22,127,28,90,77,83,93,119,54,128,48,50,85" hai2="35,123,112,69,24,126,32,91,106,53,56,57,115" hai3="87,92,121,30,71,95,23,55,99,130,18,26,42"/><T120/><D38/><U107/><E119/><V60/><F123/><W64/><G130/><T84/><D105/><U11/><E128/><V61/><F106/><W59/><G121/><T117/><D129/><U3/><E107/><V79/><F126/><W37/><G71/><T89/><D117/><U116/><E116/><V94/><F69/><W78/><G42/><T110/><D113/><U104/><E104/><V66/><F79/><W15/><G37/><T72/><D72/><U52/><E127/><V86/><REACH who="2" step="1"/><F35/><REACH who="2" ten="250,250,240,250" step="2"/><W75/><G75/><T67/><D125/><U132/><E132/><V74/><F74/><W65/><G78/><T2/><D110/><U109/><E109/><V82/><F82/><W97/><G92/><T45/><D122/><U13/><E77/><V135/><F135/><W88/><G65/><T29/><D120/><U27/><E83/><V12/><F12/><W76/><G64/><T70/><D70/><U46/><E3/><V134/><F134/><W114/><G76/><T33/><D33/><U118/><E118/><V98/><F98/><W16/><G114/><T124/><D2/><U108/><E108/><V131/><F131/><W81/><G15/><T5/><D124/><U62/><E13/><V1/><F1/><W40/><G97/><T36/><D14/><U31/><E11/><V43/><F43/><W44/><G81/><T47/><D10/><U73/><E73/><V6/><F6/><W100/><G99/><T111/><D5/><U49/><E93/><V41/><F41/><W9/><G40/><T4/><D111/><U80/><E80/><RYUUKYOKU ba="0,1" sc="250,-10,250,-10,240,30,250,-10" hai2="24,32,53,56,57,60,61,66,86,91,94,112,115" /><INIT seed="1,1,1,2,0,130" ten="240,240,270,240" oya="1" hai0="124,134,17,63,119,127,80,66,97,9,103,75,62" hai1="31,57,118,25,121,70,55,14,37,123,126,54,34" hai2="81,5,113,4,67,19,52,116,49,44,43,106,90" hai3="131,129,26,87,7,56,100,64,42,10,117,76,18"/><U47/><E118/><V0/><F116/><W33/><G100/><T22/><D119/><U99/><E70/><V69/><F106/><W89/><G42/><T72/><D9/><U46/><E126/><N who="0" m="48169" /><D134/><U6/><E54/><V83/><F113/><W45/><G76/><N who="0" m="44039" /><D66/><U8/><E99/><V91/><F0/><W65/><G45/><T110/><D110/><U73/><E73/><V96/><F67/><W21/><G33/><T132/><D132/><U58/><E58/><V108/><F69/><W68/><G56/><T82/><D82/><N who="2" m="31242" /><F108/><W135/><G135/><T3/><D3/><U105/><E105/><V59/><F19/><W2/><G117/><T53/><D53/><U16/><E6/><N who="2" m="2667" /><F96/><W94/><G68/><T112/><D112/><U12/><E12/><V133/><F133/><W120/><G120/><T85/><D85/><U98/><E98/><V125/><F125/><W107/><G107/><N who="0" m="63983" /><D75/><U36/><E121/><V115/><F115/><W40/><G129/><T27/><AGARI ba="1,1" hai="17,22,27,62,63" m="63983,44039,48169" machi="27" ten="30,1100,0" yaku="18,1" doraHai="130" who="0" fromWho="0" sc="240,24,240,-6,270,-4,240,-4" /><INIT seed="2,0,0,2,2,59" ten="264,234,266,236" oya="2" hai0="94,62,80,81,116,95,15,8,75,108,109,129,0" hai1="29,135,120,128,98,45,87,35,71,49,7,33,103" hai2="55,111,18,5,115,13,20,37,114,63,89,86,82" hai3="105,78,23,74,79,104,97,99,19,134,10,117,44"/><V69/><F37/><W90/><G117/><T65/><D0/><U132/><E128/><V34/><F34/><W76/><G134/><N who="1" m="51242" /><E120/><V88/><F111/><N who="0" m="42570" /><D129/><U2/><E71/><V4/><F89/><W67/><G67/><T39/><D39/><U61/><E87/><V27/><F27/><W64/><G64/><T42/><D42/><N who="1" m="24759" /><E61/><V36/><F36/><W46/><G74/><T53/><D53/><U125/><E125/><V48/><F69/><W28/><G104/><T107/><D107/><N who="1" m="63991" /><E29/><V17/><F63/><W43/><G105/><T112/><D112/><U56/><E56/><N who="2" m="32871" /><F115/><W3/><G28/><T57/><D116/><U127/><E127/><V47/><F114/><W58/><G58/><T110/><N who="0" m="42578" /><T12/><DORA hai="126" /><D12/><U106/><E106/><V30/><F47/><W123/><G46/><T21/><D21/><U131/><E131/><V121/><F121/><W68/><G68/><T6/><D75/><U122/><E122/><V119/><F119/><W52/><G123/><T85/><D80/><U66/><E66/><V54/><F54/><W32/><G52/><T113/><D113/><U102/><E33/><V96/><F30/><W70/><G32/><T72/><D72/><U93/><E35/><V41/><F41/><W118/><G70/><T60/><D62/><U133/><E133/><V101/><F18/><W16/><G19/><T24/><D24/><U14/><E14/><V11/><F20/><W91/><G23/><T73/><D73/><U40/><E40/><V22/><F22/><W84/><G16/><T50/><D50/><U51/><E51/><RYUUKYOKU ba="0,0" sc="264,15,234,-15,266,15,236,-15" hai0="6,8,15,57,60,65,81,85,94,95" hai2="4,5,11,13,17,82,86,88,96,101" /><INIT seed="2,1,0,3,1,17" ten="279,219,281,221" oya="2" hai0="110,119,55,39,105,13,128,121,94,68,124,135,6" hai1="7,77,50,26,3,31,73,0,4,71,112,41,111" hai2="45,2,15,134,22,47,89,92,52,36,32,46,19" hai3="106,63,79,116,103,102,113,61,11,90,5,75,51"/><V24/><F134/><W1/><G116/><T18/><RYUUKYOKU type="yao9" ba="1,0" sc="279,0,219,0,281,0,221,0" hai0="6,13,18,39,55,68,94,105,110,119,121,124,128,135" /><INIT seed="2,2,0,5,0,110" ten="279,219,281,221" oya="2" hai0="61,26,36,103,102,73,27,25,66,64,107,20,109" hai1="113,58,98,97,70,75,92,101,117,45,115,67,121" hai2="16,21,114,11,127,78,104,46,23,29,132,128,87" hai3="123,105,83,119,22,39,76,34,88,8,57,40,59"/><V134/><F114/><N who="1" m="43529" /><E117/><V5/><F104/><W28/><G34/><T10/><D36/><U41/><E98/><V1/><F127/><W91/><G119/><T130/><D73/><U60/><E75/><V50/><F128/><W80/><G105/><T85/><D109/><U79/><E79/><V35/><F78/><W120/><G39/><T47/><D107/><N who="1" m="63919" /><E58/><N who="3" m="22026" /><G120/><T30/><D130/><U100/><E100/><V86/><F86/><N who="3" m="48391" /><G123/><T33/><D47/><U124/><E92/><V19/><F87/><N who="3" m="50303" /><G91/><T68/><D64/><U95/><E95/><V122/><F122/><W24/><G8/><T81/><D10/><U116/><E121/><V111/><F111/><W63/><G63/><T126/><D25/><U0/><E116/><V49/><F46/><W84/><G84/><T55/><D55/><U53/><E53/><V106/><F106/><W38/><G38/><T112/><D126/><U14/><E124/><V4/><F11/><W13/><G13/><T89/><D112/><U52/><E52/><V69/><F1/><W42/><AGARI ba="2,0" hai="22,24,28,40,42" m="50303,48391,22026" machi="42" ten="30,2000,0" yaku="8,1,54,1" doraHai="110" who="3" fromWho="3" sc="279,-7,219,-7,281,-12,221,26" /><INIT seed="3,0,0,2,3,135" ten="272,212,269,247" oya="3" hai0="127,63,104,21,100,4,74,41,10,27,54,72,36" hai1="70,68,64,120,91,101,32,59,60,121,55,1,108" hai2="48,11,111,116,134,2,29,18,126,25,123,118,66" hai3="110,103,15,34,84,16,3,43,37,69,51,5,102"/><W50/><G69/><T35/><D35/><U46/><E1/><V0/><F66/><W79/><G37/><T13/><D104/><U45/><E32/><N who="2" m="20527" /><F48/><N who="3" m="18475" /><G34/><T56/><D100/><N who="3" m="38441" /><G3/><N who="2" m="1065" /><F134/><W112/><G5/><T119/><D127/><U88/><E101/><V93/><F93/><W128/><G112/><T105/><D119/><N who="2" m="45610" /><F111/><W133/><G110/><T53/><D105/><U95/><E108/><V107/><F107/><W76/><G128/><T78/><D53/><U7/><E7/><V77/><F77/><N who="3" m="29771" /><G133/><T113/><D113/><U19/><E70/><V86/><F86/><W81/><G43/><T115/><D115/><U124/><E124/><V97/><F97/><W65/><G65/><T89/><D89/><U23/><E91/><V131/><F131/><W80/><G84/><T52/><D54/><U20/><E45/><V96/><F96/><W47/><G47/><T14/><D78/><U28/><E46/><V26/><F126/><W62/><G62/><T31/><D41/><U73/><E73/><V9/><F123/><N who="1" m="47177" /><E68/><V30/><F30/><W44/><G44/><T38/><D36/><U61/><E28/><V6/><F6/><W122/><G122/><T39/><D38/><U109/><E109/><V42/><F42/><W33/><G33/><T67/><D39/><U75/><E75/><V94/><F94/><W132/><G132/><T12/><D67/><U125/><E125/><V92/><F92/><W85/><G85/><T129/><D129/><U58/><E95/><V8/><F18/><W57/><G57/><T117/><D117/><U99/><E19/><V40/><F40/><RYUUKYOKU ba="0,0" sc="272,0,212,0,269,0,247,0" hai0="4,10,12,13,14,21,27,31,52,56,63,72,74" hai1="20,23,55,58,59,60,61,64,88,99" hai2="8,9,11,26" hai3="15,16,80,81" /><INIT seed="3,1,0,5,1,76" ten="272,212,269,247" oya="3" hai0="54,74,89,11,37,59,31,14,22,39,132,75,116" hai1="106,46,86,98,10,84,129,48,53,115,82,88,109" hai2="62,111,26,28,40,110,71,36,77,83,49,135,16" hai3="87,101,73,104,72,61,57,27,68,78,32,90,58"/><W93/><G72/><T64/><D116/><U63/><E115/><V45/><F135/><W114/><G114/><T124/><D132/><U108/><E129/><V79/><F49/><W35/><G35/><T29/><D37/><U1/><E63/><V95/><F95/><W69/><G69/><T65/><D39/><U17/><E86/><V50/><F50/><W30/><G73/><T66/><D74/><U33/><E33/><V47/><F47/><W100/><G78/><T99/><D75/><U13/><E1/><V18/><F62/><W125/><G125/><T121/><D22/><U107/><E98/><V92/><F92/><W91/><G91/><T117/><D121/><U60/><E60/><V80/><F71/><W9/><G9/><T119/><D124/><U34/><E34/><N who="2" m="20759" /><F79/><W112/><G101/><T97/><D117/><U96/><E96/><N who="0" m="36937" /><D89/><U20/><E20/><V2/><F2/><W44/><G100/><T94/><D94/><U134/><E134/><V12/><F77/><W38/><G104/><AGARI ba="1,0" hai="10,13,17,46,48,53,82,84,88,104,106,107,108,109" machi="104" ten="40,8000,1" yaku="25,2,52,1,54,1" doraHai="76" who="1" fromWho="3" sc="272,0,212,83,269,0,247,-83" /><INIT seed="4,0,0,4,1,121" ten="272,295,269,164" oya="0" hai0="109,94,71,59,8,38,89,135,110,107,3,60,116" hai1="17,111,47,118,22,74,5,53,75,16,96,64,39" hai2="23,30,50,112,99,45,128,90,42,49,87,125,98" hai3="72,0,29,6,36,93,126,12,54,103,129,21,84"/><T82/><D116/><U132/><E111/><N who="0" m="42505" /><D135/><U41/><E118/><V97/><F112/><W18/><G72/><N who="1" m="27690" /><E5/><V58/><F125/><W124/><G36/><T114/><D114/><U86/><E86/><V44/><F128/><W102/><G129/><T61/><D38/><U85/><E85/><V7/><F7/><W91/><G29/><T92/><D107/><U122/><E53/><V130/><F58/><W1/><G54/><N who="0" m="33911" /><D3/><N who="3" m="1097" /><G6/><T66/><D8/><U57/><E122/><V127/><F130/><W79/><G79/><T105/><D105/><U133/><E96/><V104/><F97/><W10/><G10/><T78/><D89/><U65/><E57/><V70/><F104/><W108/><G108/><T55/><D55/><U76/><E76/><V14/><F127/><AGARI ba="0,0" hai="12,18,21,84,91,93,102,103,124,126,127" m="1097" machi="127" ten="30,1000,0" yaku="18,1" doraHai="121" who="3" fromWho="2" sc="272,0,295,0,269,-10,164,10" /><INIT seed="5,0,0,2,1,87" ten="272,295,259,174" oya="1" hai0="61,26,21,28,30,44,102,2,17,75,113,114,42" hai1="57,38,135,64,8,115,101,25,22,59,32,77,13" hai2="98,73,1,103,134,62,4,83,14,78,54,71,35" hai3="45,12,81,80,132,120,111,69,5,66,20,31,53"/><U47/><E32/><V34/><F14/><W88/><G120/><T56/><D75/><U112/><E135/><V116/><F116/><W117/><G117/><T46/><D2/><U41/><E101/><V9/><F134/><W86/><G111/><T39/><D46/><U130/><E77/><V100/><F100/><W43/><G132/><T121/><D121/><U27/><E130/><V99/><F99/><W127/><G127/><T24/><D102/><U91/><E91/><V40/><F40/><W7/><G69/><T18/><D18/><N who="1" m="12503" /><E27/><V94/><F54/><W67/><G53/><T15/><D26/><U128/><E64/><N who="3" m="24618" /><G80/><T122/><D122/><U84/><E84/><V11/><F71/><W58/><G58/><T19/><D56/><U129/><E129/><V118/><F118/><W70/><G70/><T104/><D61/><U85/><E85/><V51/><F62/><W55/><G43/><T23/><REACH who="0" step="1"/><D104/><REACH who="0" ten="262,295,259,174" step="2"/><U95/><E128/><V79/><F73/><W65/><N who="3" m="24626" /><W49/><DORA hai="89" /><G12/><T36/><D36/><U29/><E57/><V52/><F1/><W0/><G0/><T126/><D126/><U72/><E59/><V10/><F34/><W74/><G74/><T119/><D119/><U16/><E72/><V50/><F35/><W68/><G68/><T60/><D60/><U33/><E33/><V131/><F131/><W6/><G31/><AGARI ba="0,1" hai="15,17,19,21,23,24,28,30,31,39,42,44,113,114" machi="31" ten="40,1300,0" yaku="1,1,53,0" doraHai="87,89" doraHaiUra="63,107" who="0" fromWho="3" sc="262,23,295,0,259,0,174,-13" /><INIT seed="6,0,0,4,2,77" ten="285,295,259,161" oya="2" hai0="117,83,95,60,65,22,132,76,118,12,134,8,48" hai1="116,45,28,126,69,78,125,63,5,90,53,122,120" hai2="109,59,128,46,0,25,3,29,101,2,113,54,96" hai3="7,43,72,32,21,86,1,49,39,100,105,9,112"/><V124/><F113/><W70/><G32/><T102/><D22/><U103/><E116/><N who="0" m="44649" /><D48/><N who="1" m="28815" /><E103/><V4/><F124/><N who="1" m="47721" /><E5/><V11/><F46/><N who="3" m="23935" /><G49/><T104/><D104/><U82/><E90/><V17/><F17/><W14/><G70/><N who="0" m="42279" /><D102/><U31/><E63/><V50/><F128/><W36/><G36/><T15/><D95/><U57/><E57/><V64/><F64/><W66/><G86/><N who="0" m="48487" /><D15/><U92/><E92/><V127/><F109/><W27/><G14/><T26/><D26/><U42/><E69/><V91/><F91/><W87/><G87/><T79/><D79/><U47/><E82/><V38/><F38/><W74/><G66/><T110/><D110/><U98/><E78/><V75/><F75/><N who="3" m="28715" /><G21/><T106/><D106/><U51/><E98/><V44/><F127/><W6/><G27/><T40/><D40/><U23/><E23/><V62/><F44/><W56/><G6/><AGARI ba="0,0" hai="6,8,12,132,134" m="48487,42279,44649" machi="6" ten="30,2000,0" yaku="12,1,52,1" doraHai="77" who="0" fromWho="3" sc="285,20,295,0,259,0,161,-20" owari="305,40.5,295,9.5,259,-14.1,141,-35.9" /></mjloggm>