<mjloggm ver="2.3"><GO type="225" lobby="0"/><UN n0="%E6%97%A5%E6%9B%9C%E6%97%A5%E3%82%88%E3%82%8A%E3%81%AE%E4%BD%BF%E8%80%85" n1="%E3%82%BC%E3%83%AB%E3%83%80%E3%81%AE%E4%BC%9D%E8%AA%AC" n2="%E3%82%A2%E3%83%9E%E3%83%9D%EF%BD%9E%EF%BD%9E%E3%83%A9" n3="%74%61%6B%75%61%6B%61" dan="17,16,17,16" rate="2141.31,2134.26,2172.24,2166.72" sx="M,M,M,M"/><TAIKYOKU oya="0"/><INIT seed="0,0,0,1,4,34" ten="250,250,250,250" oya="0" hai0="100,135,88,91,50,3,53,83,48,69,49,46,131" hai1="59,96,84,72,17,8,116,55,1,41,97,9,22" hai2="105,45,11,6,65,101,63,35,77,98,99,20,82" hai3="78,19,74,111,16,71,26,43,89,87,81,114,23"/><T108/><D69/><U68/><E72/><V109/><F109/><W56/><G111/><T79/><D108/><U129/><E68/><N who="2" m="42047" /><F20/><W2/><G114/><T60/><D131/><U73/><E73/><N who="2" m="43311" /><F98/><W12/><G71/><T27/><D135/><U61/><E116/><V118/><F45/><W44/><G2/><T58/><D3/><U106/><E129/><V7/><F7/><W117/><G117/><T51/><D100/><U128/><E128/><V10/><F10/><N who="1" m="4201" /><E1/><N who="2" m="463" /><F35/><W104/><G56/><T110/><D110/><U90/><E106/><V107/><F118/><W37/><G104/><AGARI ba="0,0" hai="99,101,104,105,107" m="463,43311,42047" machi="104" ten="30,3900,0" yaku="33,2,52,1" doraHai="34" who="2" fromWho="3" sc="250,0,250,0,250,39,250,-39" /><INIT seed="1,0,0,0,1,67" ten="250,250,289,211" oya="1" hai0="104,3,102,121,58,2,25,50,73,75,51,59,117" hai1="44,30,57,88,106,112,14,97,94,109,69,32,1" hai2="31,22,0,53,119,85,100,61,49,99,74,86,125" hai3="95,26,110,37,116,4,33,105,82,63,131,84,68"/><U29/><E1/><V40/><F74/><W71/><G105/><T120/><D25/><U35/><E112/><V15/><F0/><N who="0" m="42" /><D102/><U65/><E106/><V135/><F125/><W39/><G110/><T98/><D98/><U113/><E113/><V124/><F135/><W12/><G116/><T89/><D89/><U118/><E118/><V80/><F124/><W114/><G114/><T23/><D23/><U54/><E109/><V81/><F61/><W5/><G95/><T90/><D90/><U130/><E130/><V24/><F40/><W92/><G92/><T111/><D104/><U28/><E44/><V43/><F43/><W10/><G131/><T78/><D78/><U93/><E14/><V133/><F133/><W87/><G4/><T13/><D13/><U62/><REACH who="1" step="1"/><E94/><REACH who="1" ten="250,240,289,211" step="2"/><N who="2" m="58487" /><F15/><W42/><G12/><T101/><D117/><U108/><E108/><V38/><F119/><W123/><G123/><T48/><D111/><U36/><E36/><V66/><F38/><W76/><G37/><T96/><D101/><U122/><E122/><N who="0" m="47209" /><D96/><U134/><E134/><V41/><F24/><W126/><G26/><T77/><D77/><U19/><E19/><V83/><F31/><W72/><G76/><T34/><D34/><U27/><E27/><V127/><F127/><W8/><G33/><T79/><D79/><U103/><E103/><V7/><F86/><W115/><G87/><T55/><D75/><U17/><E17/><V20/><F85/><W128/><G84/><T64/><D73/><U60/><AGARI ba="0,1" hai="28,29,30,32,35,54,57,60,62,65,69,88,93,97" machi="60" ten="30,11700,0" yaku="1,1,0,1,52,1,54,1,53,0" doraHai="67" doraHaiUra="47" who="1" fromWho="1" sc="250,-39,240,127,289,-39,211,-39" /><INIT seed="1,1,0,2,4,76" ten="211,367,250,172" oya="1" hai0="34,69,119,25,66,11,50,94,24,67,8,41,51" hai1="120,35,85,122,45,43,6,123,80,90,86,106,13" hai2="3,19,2,135,14,78,111,73,15,102,108,77,83" hai3="10,33,121,71,40,125,21,44,36,0,31,38,16"/><U129/><E129/><V93/><F135/><W68/><G121/><T107/><D107/><U126/><E126/><V96/><F78/><W103/><G125/><T46/><D119/><U99/><E35/><V61/><F61/><W75/><G75/><T56/><D69/><U82/><E99/><V18/><F15/><N who="3" m="9375" /><G36/><T105/><D105/><U124/><E106/><V117/><F18/><W72/><G103/><T28/><D25/><U95/><E124/><V101/><F101/><W39/><G39/><T29/><D29/><U127/><E127/><V48/><F48/><W110/><G72/><T132/><D132/><U65/><E65/><V84/><F73/><W64/><G64/><T7/><D94/><U112/><E112/><V130/><F117/><W100/><G100/><T12/><REACH who="0" step="1"/><D11/><REACH who="0" ten="201,367,250,172" step="2"/><N who="1" m="4343" /><E95/><V20/><F130/><W5/><G110/><AGARI ba="1,1" hai="2,3,14,19,20,77,83,84,93,96,102,108,110,111" machi="110" ten="40,2600,0" yaku="14,1,52,1" doraHai="76" who="2" fromWho="3" sc="201,0,367,0,250,39,172,-29" /><INIT seed="2,0,0,1,2,76" ten="201,367,289,143" oya="2" hai0="39,69,133,24,104,68,19,77,60,114,79,126,65" hai1="41,89,57,85,90,91,80,111,113,78,98,42,96" hai2="40,122,25,33,72,14,48,45,32,121,36,43,4" hai3="134,70,61,63,7,12,53,62,103,81,106,102,31"/><V9/><F43/><N who="1" m="16393" /><E113/><V130/><F130/><W10/><G70/><T8/><D114/><U119/><E119/><V13/><F36/><W23/><G134/><T16/><D39/><U26/><E111/><V20/><F72/><W105/><G53/><T99/><D126/><U27/><E57/><V131/><F14/><W128/><G128/><T29/><D69/><U2/><E2/><V30/><REACH who="2" step="1"/><F131/><REACH who="2" ten="201,367,279,143" step="2"/><W92/><G106/><T100/><D133/><U97/><AGARI ba="0,1" hai="26,27,78,80,85,89,90,91,96,97,98" m="16393" machi="97" ten="40,2700,0" yaku="8,1,52,1" doraHai="76" who="1" fromWho="1" sc="201,-7,367,37,279,-13,143,-7" /><INIT seed="3,0,0,1,3,111" ten="194,404,266,136" oya="3" hai0="80,60,114,44,92,119,86,124,51,41,12,38,133" hai1="89,82,28,42,21,77,135,36,88,58,25,23,113" hai2="104,1,75,87,8,32,45,20,81,2,66,7,121" hai3="93,54,67,22,16,108,34,56,94,69,130,90,19"/><W48/><G34/><T112/><D119/><U76/><E113/><N who="0" m="43625" /><D124/><U96/><E135/><V123/><F32/><W134/><G134/><T40/><D133/><U46/><E58/><V79/><F104/><W95/><G130/><T110/><D110/><U131/><E131/><V106/><F106/><W59/><G108/><T70/><D92/><U105/><E77/><V122/><F66/><W13/><G69/><T99/><D99/><U120/><E120/><V83/><F20/><W125/><G125/><T101/><D101/><U84/><REACH who="1" step="1"/><E23/><REACH who="1" ten="194,394,266,136" step="2"/><V53/><F79/><W10/><G67/><T27/><D70/><U55/><E55/><V29/><F53/><W4/><G59/><T52/><D60/><U103/><AGARI ba="0,1" hai="21,25,28,36,42,46,76,82,84,88,89,96,103,105" machi="103" ten="30,4000,0" yaku="1,1,0,1,54,1,53,0" doraHai="111" doraHaiUra="117" who="1" fromWho="1" sc="194,-10,394,50,266,-10,136,-20" owari="184,-21.6,444,54.4,256,5.6,116,-38.4" /></mjloggm>