<mjloggm ver="2.3"><GO type="225" lobby="0"/><UN n0="%E3%83%97%E3%83%AC%E3%83%B4%E3%82%A1%E3%83%86%E3%82%A3" n1="%54%4F%52" n2="%70%68%65%6E%6F%6D%65" n3="%E3%82%B2%E3%82%B9%E8%8C%82%E5%8B%9D" dan="16,17,16,16" rate="2070.47,2271.82,2107.64,2118.31" sx="F,M,M,F"/><TAIKYOKU oya="0"/><INIT seed="0,0,0,5,1,40" ten="250,250,250,250" oya="0" hai0="64,82,98,88,109,35,101,57,27,13,2,19,11" hai1="121,48,33,91,127,93,31,78,67,71,108,97,94" hai2="34,49,129,42,22,80,102,128,59,123,70,87,36" hai3="122,96,26,116,133,37,117,50,51,28,130,81,74"/><T21/><D109/><U7/><E121/><V83/><F34/><W62/><G122/><T30/><D64/><U43/><E108/><V135/><F123/><W61/><G37/><T9/><D57/><U106/><E106/><V120/><F120/><W32/><G130/><T115/><D115/><U76/><E127/><V90/><F70/><W15/><G133/><T95/><D2/><U3/><E31/><V4/><F135/><W47/><G96/><T104/><REACH who="0" step="1"/><D82/><REACH who="0" ten="240,250,250,250" step="2"/><U41/><E67/><V65/><F80/><W52/><G116/><T20/><D20/><U29/><E3/><V100/><F22/><W17/><G117/><T103/><D103/><U118/><E71/><V111/><F111/><W134/><G134/><T55/><D55/><U23/><E23/><V112/><F112/><W131/><G131/><N who="2" m="50249" /><F65/><W10/><REACH who="3" step="1"/><G51/><REACH who="3" ten="240,250,250,240" step="2"/><T124/><D124/><U24/><E118/><V66/><F49/><W56/><G56/><T72/><D72/><U8/><E48/><V14/><F59/><W0/><G0/><T105/><D105/><U54/><E33/><V110/><F110/><W75/><G75/><T45/><D45/><U68/><E68/><V58/><F58/><W114/><G114/><T39/><D39/><U113/><E113/><V84/><F66/><W89/><G89/><T126/><D126/><U73/><E91/><V38/><F38/><W46/><G46/><T125/><D125/><U53/><E73/><V6/><F90/><W69/><G69/><T107/><D107/><U92/><E78/><AGARI ba="0,2" hai="10,15,17,26,28,32,47,50,52,61,62,74,78,81" machi="78" ten="40,5200,0" yaku="1,1,52,1,54,1,53,0" doraHai="40" doraHaiUra="60" who="3" fromWho="1" sc="240,0,250,-52,250,0,240,72" /><INIT seed="1,0,0,0,4,89" ten="240,198,250,312" oya="1" hai0="96,14,102,1,25,51,30,106,33,62,3,118,115" hai1="47,17,84,4,95,59,11,91,104,79,45,50,23" hai2="21,129,126,128,38,135,49,2,18,41,83,6,53" hai3="105,64,27,67,46,93,48,10,113,68,122,124,98"/><U37/><E104/><V43/><F135/><W87/><G113/><T119/><D115/><U80/><E37/><V55/><F6/><W39/><G39/><T94/><D14/><U134/><E134/><V116/><F2/><W32/><G124/><T35/><D35/><U58/><E11/><V120/><F116/><W31/><G122/><T101/><D51/><U125/><E4/><V92/><F120/><W131/><G131/><N who="2" m="50249" /><F38/><W65/><G87/><T36/><D36/><U77/><E125/><V86/><F126/><W0/><G68/><T15/><D15/><U90/><E90/><N who="2" m="53335" /><F83/><W114/><G114/><T69/><D94/><U109/><E109/><V107/><F107/><W100/><G0/><N who="0" m="75" /><D101/><U20/><E77/><V85/><F85/><W24/><G24/><T133/><D133/><U19/><E23/><V130/><N who="2" m="50257" /><V63/><DORA hai="71" /><F63/><W57/><G10/><T76/><D76/><U117/><E117/><V60/><F60/><W123/><G123/><T29/><D29/><U34/><E34/><V13/><F53/><W110/><G105/><T12/><D12/><N who="1" m="9255" /><E19/><V97/><F97/><W78/><G78/><T54/><D54/><N who="1" m="30031" /><E47/><AGARI ba="0,0" hai="13,18,21,41,43,47,49,55" m="53335,50257" machi="47" ten="40,2600,0" yaku="19,1,52,1" doraHai="89,71" who="2" fromWho="1" sc="240,0,198,-26,250,26,312,0" /><INIT seed="2,0,0,1,2,26" ten="240,172,276,312" oya="2" hai0="128,96,98,1,10,67,62,31,2,14,131,52,46" hai1="24,15,60,40,119,127,32,124,48,133,106,22,103" hai2="12,17,25,134,41,43,27,53,13,33,23,6,81" hai3="102,59,66,65,80,68,94,101,38,110,118,16,122"/><V64/><F134/><W97/><G122/><T8/><D1/><U83/><E119/><V4/><F64/><W36/><G118/><T135/><D2/><U90/><E133/><V91/><F53/><W132/><G132/><T3/><D3/><U111/><E111/><V82/><F33/><W79/><G110/><T75/><D75/><U99/><E60/><V76/><F91/><W78/><G68/><T112/><D112/><U58/><E32/><V39/><F39/><W37/><G102/><T126/><D135/><U51/><E15/><V9/><F81/><W5/><G5/><T120/><D120/><U21/><E21/><V72/><REACH who="2" step="1"/><F25/><REACH who="2" ten="240,172,266,312" step="2"/><W130/><G36/><T87/><D67/><U108/><E108/><V35/><F35/><W107/><G37/><T113/><D113/><U89/><E89/><V56/><F56/><W55/><G38/><T114/><D114/><U45/><E58/><V30/><F30/><W69/><G69/><T73/><D46/><U74/><E48/><V117/><F117/><W47/><G65/><T7/><D62/><U116/><E116/><V71/><F71/><W70/><G66/><T44/><D44/><U85/><REACH who="1" step="1"/><E74/><REACH who="1" ten="240,162,266,312" step="2"/><V11/><AGARI ba="0,2" hai="4,6,9,11,12,13,17,23,27,41,43,72,76,82" machi="11" ten="30,6000,0" yaku="1,1,0,1,9,1,53,0" doraHai="26" doraHaiUra="63" who="2" fromWho="2" sc="240,-20,162,-20,266,80,312,-20" /><INIT seed="2,1,0,0,1,125" ten="220,142,346,292" oya="2" hai0="11,27,49,48,79,92,128,42,83,56,114,31,93" hai1="9,129,29,22,117,75,105,38,43,73,60,134,63" hai2="99,15,126,64,98,21,110,3,34,96,40,45,109" hai3="97,101,127,102,88,35,74,95,112,1,113,78,47"/><V61/><F3/><W104/><G1/><T69/><D69/><U81/><E117/><V108/><F34/><W13/><G35/><T121/><D121/><U86/><E105/><V16/><F126/><W25/><G25/><T91/><D114/><N who="3" m="44137" /><G13/><T76/><D11/><U17/><E134/><V115/><F115/><W120/><G47/><T59/><D42/><U5/><E29/><V67/><REACH who="2" step="1"/><F61/><REACH who="2" ten="220,142,336,292" step="2"/><W62/><G62/><T84/><D128/><U90/><E60/><V14/><F14/><W131/><G127/><T89/><D27/><U71/><E129/><V66/><F66/><W4/><G131/><T80/><D31/><U50/><E63/><V87/><F87/><AGARI ba="1,1" hai="48,49,56,59,76,79,80,83,84,87,89,91,92,93" machi="87" ten="25,3200,0" yaku="22,2,8,1" doraHai="125" who="0" fromWho="2" sc="220,45,142,0,336,-35,292,0" /><INIT seed="3,0,0,2,5,72" ten="265,142,301,292" oya="3" hai0="34,106,50,111,17,14,64,48,23,71,52,29,96" hai1="92,115,40,47,61,12,43,25,79,98,18,118,133" hai2="69,67,32,117,63,26,13,53,75,88,24,36,30" hai3="62,114,112,28,66,91,129,122,86,42,60,124,59"/><W89/><G122/><T6/><D111/><U120/><E120/><V22/><F117/><W121/><G121/><T74/><D74/><U65/><E115/><V41/><F75/><W21/><G124/><T73/><D73/><U55/><E118/><V49/><F13/><W1/><G1/><T57/><D6/><U104/><E104/><V9/><F9/><W135/><G135/><T125/><D125/><U84/><E133/><V123/><F123/><W76/><G129/><T39/><D39/><U78/><E25/><V8/><F8/><W101/><G42/><N who="1" m="15914" /><E84/><V11/><F11/><W131/><G131/><T99/><D106/><U93/><E65/><V85/><F41/><W3/><G3/><T58/><D71/><U31/><E31/><V80/><F36/><W51/><G51/><T97/><D34/><U45/><E61/><V105/><F105/><W95/><G101/><T54/><D64/><U113/><E113/><V100/><F100/><W5/><G5/><T90/><D29/><U128/><E128/><V130/><F130/><W134/><G134/><T15/><D15/><U10/><E93/><AGARI ba="0,0" hai="14,17,23,48,50,52,54,57,58,90,93,96,97,99" machi="93" ten="40,5200,0" yaku="9,1,8,1,54,1" doraHai="72" who="0" fromWho="1" sc="265,52,142,-52,301,0,292,0" owari="317,41.7,90,-41.0,301,10.1,292,-10.8" /></mjloggm>