<mjloggm ver="2.3"><GO type="225" lobby="0"/><UN n0="%E3%81%8B%E3%82%8F%E3%81%A1%E3%82%83%E3%82%93%35%38" n1="%4B%2E%32%2E%4B%2E" n2="%E6%B8%A9%E2%98%85%E6%83%85%E2%98%85%E6%8E%AA%E2%98%85%E7%BD%AE" n3="%E4%BA%BA%E9%96%93%E3%83%81%E3%83%A3%E3%83%BC%E3%83%8F%E3%83%B3" dan="17,16,18,16" rate="2209.13,2130.94,2179.28,2112.96" sx="M,M,M,M"/><TAIKYOKU oya="0"/><INIT seed="0,0,0,5,3,103" ten="250,250,250,250" oya="0" hai0="64,21,29,135,63,68,62,59,122,82,77,113,37" hai1="81,51,96,130,116,86,114,5,56,98,49,42,46" hai2="22,20,123,67,41,33,57,66,89,100,101,125,53" hai3="39,124,11,134,35,79,109,132,87,102,30,61,9"/><T14/><D113/><U0/><E116/><V133/><F33/><W95/><G39/><T12/><D122/><U36/><E114/><V99/><F123/><W131/><G109/><T38/><D135/><N who="3" m="51753" /><G124/><T72/><D12/><U17/><E130/><V50/><F133/><W3/><G131/><T60/><D60/><U111/><E111/><V47/><F125/><W4/><G61/><T121/><D121/><U88/><E36/><V83/><F67/><W117/><G117/><T16/><REACH who="0" step="1"/><D29/><REACH who="0" ten="240,250,250,250" step="2"/><U112/><E112/><V34/><F66/><AGARI ba="0,1" hai="14,16,21,37,38,59,62,63,64,66,68,72,77,82" machi="66" ten="30,12000,1" yaku="1,1,2,1,7,1,54,1,53,1" doraHai="103" doraHaiUra="107" who="0" fromWho="2" sc="240,130,250,0,250,-120,250,0" /><INIT seed="0,1,0,3,1,64" ten="370,250,130,250" oya="0" hai0="6,131,126,129,45,48,134,54,93,130,67,71,106" hai1="69,122,52,114,9,89,30,5,97,94,20,115,95" hai2="68,25,75,35,47,66,98,111,36,116,13,128,59" hai3="10,8,3,77,81,0,17,72,104,51,88,32,92"/><T102/><D106/><U80/><E122/><V33/><F111/><W11/><G32/><T46/><D6/><U22/><E80/><V76/><F13/><W4/><G104/><T23/><D23/><U14/><E69/><V24/><F59/><W125/><G125/><T31/><D31/><U49/><E95/><V135/><F25/><W43/><G3/><T18/><D18/><U12/><E12/><V63/><F24/><W60/><G60/><N who="0" m="40423" /><D126/><U61/><E61/><V118/><F135/><W78/><G78/><T121/><D121/><U83/><E83/><N who="2" m="45471" /><F128/><W26/><G26/><T34/><D34/><U57/><REACH who="1" step="1"/><E30/><REACH who="1" ten="370,240,130,250" step="2"/><V28/><F98/><W85/><REACH who="3" step="1"/><G17/><REACH who="3" ten="370,240,130,240" step="2"/><T82/><D130/><U21/><AGARI ba="1,2" hai="5,9,14,20,21,22,49,52,57,89,94,97,114,115" machi="21" ten="30,7900,0" yaku="1,1,2,1,0,1,54,1,53,0" doraHai="64" doraHaiUra="132" who="1" fromWho="1" sc="370,-40,240,102,130,-21,240,-21" /><INIT seed="1,0,0,1,5,46" ten="330,342,109,219" oya="1" hai0="1,129,3,79,21,54,135,14,67,24,33,89,34" hai1="55,36,131,32,8,53,99,93,69,119,73,22,72" hai2="31,74,64,108,77,19,48,86,122,39,118,51,62" hai3="15,109,80,107,38,5,17,11,103,112,97,133,84"/><U57/><E119/><V126/><F118/><W42/><G112/><T65/><D79/><U114/><E114/><V70/><F122/><W30/><G109/><T116/><D116/><U7/><E32/><V47/><F74/><W52/><G133/><T117/><D117/><U9/><E69/><V83/><F126/><W94/><G30/><T88/><D14/><U130/><E36/><V58/><F108/><W98/><G52/><N who="1" m="20042" /><E22/><V41/><F31/><W23/><G42/><T115/><D54/><U87/><E87/><V76/><F76/><W26/><G38/><T63/><D21/><U6/><E57/><V81/><F81/><W20/><G20/><T44/><D115/><U0/><E93/><V92/><F70/><W132/><G132/><T125/><D135/><U120/><E99/><V60/><F60/><W2/><G97/><T104/><D63/><U110/><E110/><V134/><F134/><W59/><G59/><T128/><D33/><U27/><E27/><V127/><F127/><W29/><G107/><T50/><D104/><U61/><E61/><V113/><F113/><W4/><REACH who="3" step="1"/><G2/><REACH who="3" ten="330,342,109,209" step="2"/><T12/><D1/><N who="1" m="79" /><E120/><V101/><F101/><W37/><G37/><T105/><D105/><U85/><E0/><V66/><F66/><N who="0" m="25098" /><D125/><U49/><E131/><N who="0" m="50249" /><D3/><U102/><E130/><V95/><REACH who="2" step="1"/><F19/><REACH who="2" ten="330,342,99,209" step="2"/><W71/><G71/><T56/><D34/><U106/><E106/><V25/><F25/><W28/><G28/><T78/><D24/><U100/><E73/><V123/><F123/><W75/><G75/><T10/><D56/><U124/><E124/><V40/><F40/><RYUUKYOKU ba="0,2" sc="330,-15,342,-15,99,15,209,15" hai2="39,41,47,48,51,58,62,64,77,83,86,92,95" hai3="4,5,11,15,17,23,26,29,80,84,94,98,103" /><INIT seed="2,1,2,3,2,41" ten="315,327,114,224" oya="2" hai0="20,109,108,69,18,33,82,63,39,89,32,24,103" hai1="12,78,57,99,4,21,34,121,40,98,36,84,83" hai2="128,118,54,131,60,43,70,22,8,104,56,10,97" hai3="120,50,71,37,85,96,47,87,74,130,112,122,65"/><V59/><F118/><W49/><G74/><T134/><D134/><U51/><E34/><V46/><F70/><W135/><G135/><T28/><D39/><U16/><E121/><V45/><F43/><W115/><G96/><T15/><D103/><U26/><E36/><V73/><F73/><W132/><G132/><T95/><D82/><U100/><E100/><N who="2" m="62479" /><F22/><W38/><G130/><N who="2" m="49705" /><F59/><W91/><G91/><T90/><D33/><U116/><E116/><V111/><F111/><N who="0" m="42570" /><D95/><U133/><E133/><V53/><F53/><W107/><G107/><T76/><D76/><U94/><E94/><V126/><F126/><W17/><G71/><T117/><D117/><U42/><E42/><V110/><F110/><W58/><G65/><AGARI ba="1,2" hai="15,18,20,24,28,32,63,65,69,89,90" m="42570" machi="65" ten="30,1000,0" yaku="14,1" doraHai="41" who="0" fromWho="3" sc="315,33,327,0,114,0,224,-13" /><INIT seed="3,0,0,1,1,28" ten="348,327,114,211" oya="3" hai0="88,45,103,63,5,68,124,113,114,3,80,34,125" hai1="36,130,96,106,56,78,98,64,14,102,109,47,108" hai2="104,17,0,37,115,110,94,79,38,100,85,107,25" hai3="60,66,39,12,74,35,126,95,93,49,26,82,40"/><W52/><G126/><N who="0" m="48747" /><D34/><U15/><E78/><V55/><F0/><W10/><G39/><T122/><D122/><U121/><E121/><V123/><F123/><W54/><G40/><T30/><D30/><U133/><E36/><V83/><F55/><W43/><G43/><T117/><D117/><U24/><E47/><V8/><F8/><W89/><G35/><T77/><D103/><U2/><E2/><V65/><F65/><W61/><G26/><T99/><D45/><U19/><E64/><V4/><F4/><N who="3" m="3143" /><G74/><N who="0" m="43063" /><D5/><U67/><E56/><V81/><F37/><W11/><G11/><T75/><D75/><U27/><E67/><V21/><F38/><W1/><G1/><T112/><D3/><U42/><E42/><V50/><F115/><W23/><G23/><T105/><D63/><N who="3" m="24137" /><G66/><T29/><D29/><U48/><E48/><V33/><F50/><W58/><G54/><T70/><D105/><U116/><E116/><V7/><F7/><W92/><G82/><T16/><D16/><U51/><E51/><V129/><F129/><W90/><AGARI ba="0,0" hai="49,52,58,89,90,92,93,95" m="24137,3143" machi="90" ten="30,3000,0" yaku="8,1,54,1" doraHai="28" who="3" fromWho="3" sc="348,-10,327,-10,114,-10,211,30" /><INIT seed="3,1,0,0,0,106" ten="338,317,104,241" oya="3" hai0="64,56,39,55,83,129,20,82,0,123,63,76,57" hai1="44,11,2,65,86,28,131,9,14,125,73,77,98" hai2="48,115,25,107,38,108,126,3,124,85,18,13,22" hai3="61,52,26,130,120,92,114,94,81,127,7,41,105"/><W119/><G114/><T135/><D123/><U16/><E125/><V78/><F38/><W53/><G119/><T103/><D0/><U89/><E131/><V5/><F107/><W72/><G120/><T128/><D39/><U24/><E65/><V32/><F48/><W75/><G105/><T102/><D135/><U27/><E73/><N who="3" m="28234" /><G81/><N who="0" m="30731" /><D76/><U35/><E77/><V33/><F85/><W46/><G46/><T71/><D71/><U134/><E134/><V66/><F66/><W100/><G26/><T99/><D99/><U117/><E117/><V4/><F78/><W50/><G50/><N who="0" m="30839" /><D20/><U112/><E112/><V49/><F49/><W97/><G61/><T67/><D67/><U59/><E59/><V29/><F115/><W90/><G7/><T51/><D51/><U79/><E79/><V74/><F74/><W93/><G41/><T110/><D63/><U36/><E98/><V88/><F88/><N who="3" m="55431" /><G53/><T17/><D64/><U101/><E101/><V54/><F54/><W87/><G52/><T80/><D57/><U121/><E121/><V31/><F108/><W116/><G116/><T70/><D110/><U60/><E60/><V91/><F91/><N who="3" m="53503" /><G127/><T21/><N who="0" m="30739" /><T113/><DORA hai="8" /><D70/><U69/><E69/><V1/><F124/><W40/><G40/><T96/><D113/><U42/><E24/><N who="2" m="18535" /><F126/><W132/><G132/><T58/><D58/><U109/><E109/><V23/><F33/><W10/><G130/><N who="0" m="50283" /><D96/><U12/><E2/><AGARI ba="1,0" hai="1,2,3,4,5,13,18,22,23,25,29" m="18535" machi="2" ten="30,12000,2" yaku="35,5,52,1" doraHai="106,8" who="2" fromWho="1" sc="338,0,317,-123,104,123,241,0" owari="338,43.8,194,-30.6,227,-17.3,241,4.1" /></mjloggm>