<mjloggm ver="2.3"><GO type="225" lobby="0"/><UN n0="%E3%81%A0%E3%81%8A" n1="%E8%A8%88%E7%AE%97%E6%A9%9F%E8%87%AA%E7%84%B6" n2="%E3%81%82%E3%82%93%E3%81%AA%E3%81%A4" n3="%70%68%65%6E%6F%6D%65" dan="16,17,16,16" rate="2031.05,2227.55,2116.84,2148.51" sx="M,M,M,M"/><TAIKYOKU oya="0"/><INIT seed="0,0,0,1,0,28" ten="250,250,250,250" oya="0" hai0="4,77,15,121,126,104,29,109,99,105,135,8,46" hai1="101,79,16,61,43,74,118,12,57,85,10,32,35" hai2="87,76,63,108,42,44,18,96,49,54,6,125,20" hai3="103,26,60,33,1,91,82,24,68,27,115,37,112"/><T13/><D121/><U25/><E118/><V23/><F108/><W66/><G37/><T7/><D109/><U122/><E122/><V97/><F125/><W70/><G1/><T113/><D113/><U45/><E74/><V62/><F6/><W5/><G5/><T9/><D126/><U132/><E132/><V21/><F18/><W127/><G127/><T106/><D135/><U102/><E79/><V75/><F75/><W84/><G70/><T92/><D77/><U39/><E85/><V38/><F63/><W41/><G41/><T65/><D29/><U51/><E39/><V117/><F117/><W19/><G103/><T11/><D11/><U128/><E128/><V0/><F0/><W72/><G72/><T22/><D22/><U110/><E110/><V50/><F62/><W124/><G124/><T59/><D46/><U116/><E116/><V78/><F38/><W86/><G19/><T67/><REACH who="0" step="1"/><D59/><REACH who="0" ten="240,250,250,250" step="2"/><U69/><E69/><V52/><F78/><W133/><G133/><T114/><D114/><U131/><E131/><V30/><F30/><W17/><G112/><T53/><D53/><U88/><E57/><N who="2" m="32911" /><F54/><W111/><G111/><T90/><AGARI ba="0,1" hai="4,7,8,9,13,15,65,67,90,92,99,104,105,106" machi="90" ten="30,6000,0" yaku="1,1,0,1,9,1,53,0" doraHai="28" doraHaiUra="14" who="0" fromWho="0" sc="240,70,250,-20,250,-20,250,-20" /><INIT seed="0,1,0,3,3,82" ten="310,230,230,230" oya="0" hai0="119,130,88,14,112,123,44,13,6,48,122,72,64" hai1="53,104,31,110,42,115,0,114,126,1,76,11,36" hai2="52,93,46,17,45,8,96,39,35,10,89,101,118" hai3="85,4,128,113,29,77,2,21,95,32,50,67,34"/><T97/><D112/><N who="1" m="43051" /><E104/><V9/><F35/><W79/><G113/><T58/><D119/><U27/><E110/><V7/><F118/><W94/><G128/><T102/><D72/><U61/><E126/><V41/><F17/><W57/><G21/><T71/><D130/><U74/><E74/><V103/><REACH who="2" step="1"/><F7/><REACH who="2" ten="310,230,220,230" step="2"/><W33/><G29/><T105/><D6/><U92/><E31/><V106/><F106/><W135/><G135/><T40/><D105/><U121/><E121/><V87/><F87/><W68/><G85/><T99/><D122/><U75/><E75/><V59/><F59/><W15/><G57/><T37/><D58/><U108/><E108/><V43/><F43/><W18/><G4/><T30/><D40/><U100/><E42/><V62/><F62/><W16/><G18/><T19/><D30/><U12/><E61/><V134/><F134/><W23/><G33/><T65/><D19/><U86/><E86/><V78/><F78/><W132/><G77/><T81/><D123/><U131/><E76/><V56/><F56/><W54/><G79/><T124/><D71/><U20/><E131/><V116/><F116/><W80/><G132/><T120/><D120/><U24/><E27/><V73/><F73/><W49/><G32/><T47/><D99/><U69/><E69/><V129/><F129/><W28/><G34/><T84/><D97/><U107/><E107/><V26/><F26/><W133/><G133/><T63/><D84/><U125/><E24/><V91/><F91/><W127/><G68/><N who="0" m="42015" /><D88/><U70/><E70/><V60/><F60/><W109/><G109/><RYUUKYOKU ba="1,1" sc="310,-10,230,-10,220,30,230,-10" hai2="8,9,10,39,41,45,46,52,89,93,96,101,103" /><INIT seed="1,2,1,1,5,98" ten="300,220,250,220" oya="1" hai0="6,96,94,112,75,109,128,86,21,108,25,90,99" hai1="74,71,97,82,54,83,18,129,40,131,48,47,104" hai2="77,72,81,45,119,117,50,118,111,33,107,41,91" hai3="14,31,79,44,80,113,126,134,32,11,49,12,42"/><U3/><E3/><V38/><F111/><N who="0" m="42570" /><D75/><U123/><E123/><V62/><F33/><W101/><G113/><T103/><D128/><N who="1" m="49227" /><E71/><V39/><F107/><W87/><G134/><T23/><D112/><U55/><E18/><V27/><F27/><W13/><G126/><T124/><D124/><U132/><E132/><V2/><F2/><W51/><G32/><T66/><D66/><U5/><E5/><V0/><F0/><W53/><G31/><N who="0" m="17839" /><D6/><U17/><E17/><V67/><REACH who="2" step="1"/><F91/><REACH who="2" ten="300,220,240,220" step="2"/><W127/><G127/><T9/><D90/><U114/><E114/><V70/><AGARI ba="2,2" hai="38,39,41,45,50,62,67,70,72,77,81,117,118,119" machi="70" ten="30,4000,0" yaku="1,1,2,1,0,1,53,0" doraHai="98" doraHaiUra="34" who="2" fromWho="2" sc="300,-12,220,-22,240,66,220,-12" /><INIT seed="2,0,0,3,3,42" ten="288,198,306,208" oya="2" hai0="73,70,103,53,131,107,48,115,2,15,35,89,119" hai1="59,8,63,39,71,111,77,37,91,49,98,4,84" hai2="60,57,90,47,100,76,26,123,67,85,72,101,38" hai3="6,30,16,120,105,41,54,43,55,83,79,11,86"/><V106/><F123/><W13/><G120/><T118/><D2/><U113/><E113/><V81/><F26/><W33/><G105/><T94/><D73/><U96/><E111/><V34/><F34/><W74/><G74/><T102/><D115/><U24/><E71/><V128/><F128/><W78/><G78/><T114/><D114/><U19/><E37/><V31/><F31/><W64/><G64/><T32/><D70/><U88/><E39/><V127/><F127/><W14/><G30/><T66/><D66/><N who="1" m="39295" /><E4/><V80/><REACH who="2" step="1"/><F106/><REACH who="2" ten="288,198,296,208" step="2"/><W110/><G33/><T23/><D107/><U95/><E24/><V12/><F12/><W69/><G110/><T17/><D131/><U50/><E77/><V132/><F132/><W92/><G13/><T65/><D32/><U40/><E40/><AGARI ba="0,1" hai="38,40,47,57,60,67,72,76,80,81,85,90,100,101" machi="40" ten="40,3900,0" yaku="1,1,52,1,53,0" doraHai="42" doraHaiUra="125" who="2" fromWho="1" sc="288,0,198,-39,296,49,208,0" /><INIT seed="2,1,0,2,1,98" ten="288,159,345,208" oya="2" hai0="105,17,91,78,62,16,18,74,87,41,11,118,29" hai1="94,13,77,1,72,81,4,63,53,3,65,109,110" hai2="32,71,22,8,31,127,89,104,49,60,37,28,125" hai3="7,124,103,58,35,129,128,126,99,66,42,9,93"/><V85/><F37/><W106/><G35/><T79/><D118/><U97/><E53/><V23/><F104/><W112/><G42/><T96/><D41/><U54/><E54/><V45/><F8/><W52/><G66/><T25/><D74/><U51/><E51/><V101/><F60/><N who="3" m="35911" /><G106/><T6/><D62/><U38/><E38/><V116/><F32/><W82/><G82/><T55/><D55/><U122/><E122/><V14/><F71/><W90/><G90/><T15/><D96/><U111/><E13/><V107/><F89/><W57/><G57/><T19/><N who="0" m="4096" /><DORA hai="27" /><T67/><D67/><U12/><E12/><V113/><F14/><N who="3" m="5439" /><G112/><T88/><D105/><U117/><E4/><V20/><F107/><W48/><G48/><T92/><REACH who="0" step="1"/><D91/><REACH who="0" ten="278,159,345,208" step="2"/><U43/><E43/><V56/><F116/><W133/><G133/><T39/><D39/><U34/><E117/><V108/><F113/><W73/><G73/><T75/><D75/><U10/><E63/><V134/><F134/><W33/><G33/><AGARI ba="1,1" hai="6,11,15,25,29,33,78,79,87,88,92" m="4096" machi="33" ten="50,8000,1" yaku="1,1,52,1,54,2,53,0" doraHai="98,27" doraHaiUra="40,121" who="0" fromWho="3" sc="278,93,159,0,345,0,208,-83" /><INIT seed="3,0,0,0,3,130" ten="371,159,345,125" oya="3" hai0="5,85,39,45,61,11,118,106,97,67,129,7,37" hai1="133,88,57,108,82,44,89,56,43,29,0,18,135" hai2="76,77,10,98,40,123,25,42,134,13,91,3,113" hai3="100,63,99,9,127,51,80,70,26,66,72,121,12"/><W75/><G121/><T96/><D118/><U1/><E29/><V104/><F3/><W112/><G112/><T55/><D85/><U109/><E18/><V27/><F113/><W73/><G127/><T17/><D17/><U95/><E82/><V94/><F104/><W74/><G51/><T62/><D55/><U132/><E0/><V60/><F60/><W93/><N who="3" m="18432" /><DORA hai="81" /><W120/><G80/><T103/><D45/><U90/><E1/><V53/><F53/><W46/><G120/><T36/><D129/><U21/><E21/><V8/><F13/><W111/><G46/><T20/><D20/><U105/><E105/><V110/><F91/><W28/><G111/><N who="1" m="42570" /><E95/><V59/><F98/><W30/><REACH who="3" step="1"/><G26/><REACH who="3" ten="371,159,345,115" step="2"/><T117/><D36/><AGARI ba="0,1" hai="36,43,44,56,57,88,89,90,132,133,135" m="42570" machi="36" ten="40,12000,2" yaku="20,1,14,1,52,3,54,1" doraHai="130,81" who="1" fromWho="0" sc="371,-120,159,130,345,0,115,0" owari="251,-14.9,289,8.9,345,44.5,115,-38.5" /></mjloggm>