<mjloggm ver="2.3"><GO type="225" lobby="0"/><UN n0="%E3%81%82%E3%81%B9%E3%81%99%E3%81%91" n1="%4C%4F%4C%49%54%41" n2="%72%69%6F%75%63%68%61%6E" n3="%6E%69%63%6F%6E%74%6F" dan="16,16,17,17" rate="2153.59,2184.89,2139.83,2135.29" sx="M,F,M,M"/><TAIKYOKU oya="0"/><INIT seed="0,0,0,1,4,32" ten="250,250,250,250" oya="0" hai0="35,31,91,3,14,65,73,49,129,40,68,127,61" hai1="95,124,46,105,107,80,9,27,85,28,71,48,43" hai2="20,78,98,2,118,90,110,100,69,116,22,17,36" hai3="132,51,55,96,84,101,126,38,23,86,47,77,89"/><T56/><D73/><U82/><E71/><V70/><F110/><W10/><G132/><T25/><D129/><U117/><E117/><N who="2" m="45163" /><F36/><W58/><G126/><T39/><D127/><U93/><E124/><V16/><F78/><W59/><G77/><T115/><D115/><U121/><E121/><V4/><F90/><W24/><G10/><T60/><D3/><U133/><E133/><V130/><F130/><W21/><G21/><N who="2" m="8297" /><F69/><W75/><G75/><T123/><D91/><U106/><E9/><N who="2" m="2199" /><F70/><W108/><G108/><T113/><D68/><U29/><E82/><V88/><F88/><W13/><G38/><T135/><D39/><U53/><E80/><V41/><F41/><W102/><G86/><T44/><D135/><U79/><E43/><V26/><F26/><W134/><G134/><T5/><D61/><U34/><E79/><V45/><F45/><W99/><G47/><T131/><D131/><U92/><E85/><V1/><F1/><W8/><G59/><T50/><D50/><U0/><E0/><V119/><N who="2" m="45171" /><V62/><DORA hai="33" /><F62/><W94/><G102/><T67/><D67/><U66/><E66/><V122/><F122/><W11/><G101/><T125/><D123/><U37/><E37/><V76/><F76/><W19/><REACH who="3" step="1"/><G11/><REACH who="3" ten="250,250,250,240" step="2"/><N who="0" m="4463" /><D125/><U64/><E46/><V42/><F42/><W120/><G120/><T81/><D81/><U128/><E128/><V87/><F87/><W30/><AGARI ba="0,1" hai="8,13,19,23,24,30,51,55,58,84,89,94,96,99" machi="30" ten="20,5200,0" yaku="1,1,0,1,7,1,8,1,53,0" doraHai="32,33" doraHaiUra="63,72" who="3" fromWho="3" sc="250,-26,250,-13,250,-13,240,62" /><INIT seed="1,0,0,3,0,117" ten="224,237,237,302" oya="1" hai0="95,30,4,63,28,123,82,114,122,5,29,38,2" hai1="50,93,130,80,131,135,99,0,106,18,101,105,75" hai2="52,62,108,74,64,10,78,84,12,116,85,110,89" hai3="25,40,129,16,39,87,126,7,51,17,54,24,115"/><U53/><E0/><V86/><F116/><W41/><G115/><T13/><D114/><U43/><E43/><N who="3" m="16458" /><G39/><T79/><D38/><U83/><E135/><V1/><F1/><W112/><G112/><T46/><D2/><U109/><E18/><N who="3" m="7274" /><G7/><T57/><D46/><U26/><E26/><V65/><F74/><W111/><G111/><N who="2" m="42537" /><F78/><W15/><G15/><T121/><D95/><U100/><E109/><V90/><F64/><W61/><G61/><T88/><D13/><U91/><E75/><V60/><F52/><W49/><G49/><T133/><D133/><U66/><E66/><V19/><F60/><W22/><G22/><T68/><D79/><U107/><E50/><V120/><F120/><W102/><G102/><T58/><BYE who="1" /><D68/><AGARI ba="0,0" hai="10,12,19,62,65,68,84,85,86,89,90" m="42537" machi="68" ten="30,1000,0" yaku="14,1" doraHai="117" who="2" fromWho="0" sc="224,-10,237,0,237,10,302,0" /><UN n1="%4C%4F%4C%49%54%41" /><INIT seed="2,0,0,4,1,117" ten="214,237,247,302" oya="2" hai0="14,87,125,75,101,40,2,45,58,96,122,13,88" hai1="41,25,86,56,6,43,53,8,78,128,39,107,91" hai2="98,103,94,129,48,61,0,109,105,11,95,50,127" hai3="108,115,4,81,121,54,89,70,132,3,92,80,114"/><V24/><F127/><W15/><G121/><T59/><D125/><U21/><E128/><V32/><F129/><W35/><G35/><T126/><D126/><U110/><E110/><V27/><F109/><W99/><G108/><T28/><D122/><U124/><E107/><V26/><F32/><W29/><G132/><T83/><D75/><U90/><E39/><V77/><F77/><W44/><G29/><T47/><D2/><U100/><E100/><V116/><F116/><W102/><G70/><T52/><D28/><U65/><E65/><V79/><F79/><W106/><G3/><T131/><D131/><U20/><E78/><V17/><F61/><W93/><G15/><N who="0" m="5643" /><D59/><U36/><E36/><V123/><F123/><W55/><G4/><T64/><D64/><U76/><E76/><V111/><F17/><W37/><G55/><T30/><D40/><U12/><E91/><V62/><F111/><W5/><G5/><T67/><D67/><U57/><E57/><V104/><F104/><W120/><G120/><T7/><D7/><U130/><E130/><V1/><F1/><W97/><G54/><T119/><D30/><N who="1" m="17703" /><E21/><V22/><F22/><W118/><G118/><T9/><D9/><U69/><E69/><V68/><F11/><W23/><G23/><T66/><D66/><U74/><E74/><V82/><F0/><W112/><G106/><N who="0" m="63783" /><D119/><U113/><E113/><V19/><F19/><W46/><G46/><T73/><D73/><U10/><E124/><V42/><F68/><W51/><G37/><T33/><D33/><U84/><E8/><V63/><F105/><RYUUKYOKU ba="0,0" sc="214,15,237,-15,247,-15,302,15" hai0="45,47,52,58,83,87,88" hai3="44,51,80,81,89,92,93,97,99,102,112,114,115" /><INIT seed="3,1,0,1,2,82" ten="229,222,232,317" oya="3" hai0="15,38,22,112,88,76,129,54,27,124,1,106,21" hai1="133,68,122,7,0,101,32,2,28,111,48,132,71" hai2="87,53,19,46,61,45,127,30,98,84,64,128,69" hai3="80,77,103,79,44,16,12,24,62,108,50,90,43"/><W67/><G108/><T74/><D1/><U100/><E111/><V41/><F128/><W58/><G103/><N who="1" m="39498" /><E122/><V63/><F127/><W3/><G3/><N who="1" m="1066" /><E7/><V120/><F120/><W34/><G34/><T9/><D74/><U95/><E95/><V114/><F114/><W14/><G14/><T70/><D112/><U113/><E113/><V49/><F30/><W102/><G24/><T40/><D15/><U31/><E48/><V94/><F19/><W33/><G102/><T75/><D75/><U26/><BYE who="0" /><E31/><V115/><F115/><W11/><G33/><T131/><D131/><U47/><E47/><V92/><F63/><W17/><G17/><T107/><D107/><U73/><E73/><V97/><F94/><W25/><G25/><T93/><D93/><U123/><E123/><V85/><REACH who="2" step="1"/><F92/><REACH who="2" ten="229,222,222,317" step="2"/><W59/><G62/><UN n0="%E3%81%82%E3%81%B9%E3%81%99%E3%81%91" /><T5/><D129/><U6/><E6/><V66/><F66/><W55/><G67/><T18/><D5/><U109/><E109/><V36/><AGARI ba="1,1" hai="36,41,45,46,49,53,61,64,69,84,85,87,97,98" machi="36" ten="30,8000,1" yaku="1,1,0,1,52,3,53,0" doraHai="82" doraHaiUra="29" who="2" fromWho="2" sc="229,-21,222,-21,222,93,317,-41" owari="208,-19.2,201,-29.9,315,41.5,276,7.6" /></mjloggm>