<mjloggm ver="2.3"><GO type="225" lobby="0"/><UN n0="%E3%81%BF%E3%81%BF%E3%81%9A" n1="%E4%BA%95%E5%B8%AF" n2="%E3%83%97%E3%83%AC%E3%83%B4%E3%82%A1%E3%83%86%E3%82%A3" n3="%E3%81%99%E3%81%84%E3%81%BE%E3%81%9B%E3%83%BC%E3%82%93" dan="16,16,16,17" rate="2142.30,2072.39,2043.23,2221.81" sx="M,M,F,M"/><TAIKYOKU oya="0"/><INIT seed="0,0,0,2,4,58" ten="250,250,250,250" oya="0" hai0="70,36,42,129,56,110,133,130,94,117,66,96,105" hai1="61,77,49,11,5,22,18,128,45,88,69,62,99" hai2="16,25,41,95,34,116,84,87,131,113,98,54,19" hai3="57,0,81,6,10,17,46,43,51,9,29,102,104"/><T86/><D117/><U103/><E128/><N who="0" m="49257" /><D133/><U75/><E75/><V53/><F131/><W21/><G29/><T114/><D114/><U125/><E69/><V93/><F113/><W65/><G10/><T30/><D110/><U119/><E77/><V108/><F41/><W72/><G102/><N who="0" m="62663" /><D30/><U60/><E119/><V64/><F64/><W33/><G104/><T118/><D118/><U100/><E125/><V91/><F116/><W3/><G33/><T44/><D70/><U4/><E11/><V27/><F98/><W82/><G0/><T37/><D94/><N who="1" m="56775" /><E4/><V78/><F91/><W135/><G72/><T13/><D13/><N who="1" m="9551" /><E5/><V83/><F83/><W2/><G2/><T59/><D86/><U71/><E71/><V20/><F20/><W109/><G109/><T63/><D59/><U124/><E124/><V127/><F127/><W132/><G132/><T73/><D73/><U122/><E122/><V74/><F74/><W1/><G1/><T26/><D26/><U40/><AGARI ba="0,0" hai="40,45,49,60,61,62,100,103" m="9551,56775" machi="40" ten="30,8000,1" yaku="8,1,52,3,54,1" doraHai="58" who="1" fromWho="1" sc="250,-40,250,80,250,-20,250,-20" /><INIT seed="1,0,0,1,0,110" ten="210,330,230,230" oya="1" hai0="46,131,9,89,36,57,6,19,39,105,98,4,51" hai1="133,135,85,80,130,18,119,41,12,21,117,102,64" hai2="52,25,70,120,34,31,14,115,134,8,99,35,94" hai3="91,23,0,74,3,49,28,75,104,43,2,17,93"/><U79/><E130/><V123/><F70/><W121/><G121/><T88/><D131/><U116/><E64/><V125/><F125/><W69/><G104/><T87/><D36/><U83/><E102/><V92/><F134/><N who="1" m="51209" /><E41/><V37/><F37/><W86/><G28/><T113/><D113/><U10/><E80/><V114/><F35/><W128/><G69/><T108/><D108/><U96/><E96/><V55/><F94/><W26/><REACH who="3" step="1"/><G128/><REACH who="3" ten="210,330,230,220" step="2"/><T42/><D105/><U22/><AGARI ba="0,1" hai="10,12,18,21,22,79,83,85,116,117,119" m="51209" machi="22" ten="40,2100,0" yaku="20,1" doraHai="110" who="1" fromWho="1" sc="210,-7,330,31,230,-7,220,-7" /><INIT seed="1,1,0,1,1,114" ten="203,361,223,213" oya="1" hai0="108,110,73,111,19,77,57,32,34,86,68,87,31" hai1="76,123,46,33,27,84,48,49,14,88,35,117,72" hai2="69,127,105,22,67,124,85,5,100,79,30,131,38" hai3="70,50,126,63,41,112,82,103,90,18,4,10,129"/><U132/><E123/><V39/><F5/><W11/><G112/><T21/><D68/><U43/><E72/><V78/><F131/><W25/><G129/><T125/><D125/><N who="2" m="48202" /><F85/><N who="0" m="32266" /><D31/><U135/><E76/><N who="2" m="29227" /><F30/><W107/><G126/><T64/><D64/><U89/><E89/><V120/><F22/><W66/><G90/><T121/><D57/><U113/><E113/><V94/><F105/><W99/><G82/><N who="0" m="45359" /><D121/><U96/><E88/><V0/><F120/><W97/><G97/><T3/><D3/><U62/><E96/><N who="2" m="59415" /><F0/><W81/><G81/><T118/><D118/><U16/><E117/><V29/><F29/><W65/><G65/><T60/><D60/><AGARI ba="1,0" hai="38,39,60,67,69" m="59415,29227,48202" machi="60" ten="30,1000,0" yaku="18,1" doraHai="114" who="2" fromWho="0" sc="203,-13,361,0,223,13,213,0" /><INIT seed="2,0,0,2,0,100" ten="190,361,236,213" oya="2" hai0="114,56,27,17,37,97,90,118,113,88,126,121,102" hai1="92,30,110,119,42,67,112,120,63,131,66,60,57" hai2="123,58,81,4,41,127,7,80,104,106,51,135,13" hai3="33,24,128,70,18,49,122,16,84,85,74,86,29"/><V53/><F123/><W44/><G122/><T5/><D121/><U21/><E119/><V78/><F135/><W95/><G128/><T73/><D37/><U25/><E112/><V115/><F115/><W2/><G70/><T20/><D118/><U43/><E110/><V23/><F127/><W15/><G2/><T105/><D126/><U93/><E131/><V133/><F133/><W111/><G74/><T8/><D73/><U28/><E120/><V32/><F32/><W14/><G111/><T87/><D90/><U38/><E38/><V46/><F23/><W12/><REACH who="3" step="1"/><G95/><REACH who="3" ten="190,361,236,203" step="2"/><T10/><D56/><U55/><E93/><V61/><F80/><W50/><G50/><T107/><D107/><U35/><E92/><V59/><F59/><W91/><G91/><T47/><D47/><U3/><E57/><V65/><F65/><W132/><G132/><T77/><D77/><U34/><E3/><V101/><F101/><W99/><G99/><T54/><D54/><AGARI ba="0,1" hai="12,14,15,16,18,24,29,33,44,49,54,84,85,86" machi="54" ten="40,2600,0" yaku="1,1,54,1,53,0" doraHai="100" doraHaiUra="36" who="3" fromWho="0" sc="190,-26,361,0,236,0,203,36" /><INIT seed="3,0,0,0,2,49" ten="164,361,236,239" oya="3" hai0="38,82,107,46,63,85,102,33,34,95,112,121,20" hai1="6,105,58,123,24,75,113,48,109,57,15,39,103" hai2="90,36,108,98,79,27,134,122,26,133,10,55,68" hai3="45,21,18,19,32,132,4,9,31,37,91,126,14"/><W101/><G126/><T0/><D121/><U40/><E75/><V115/><F36/><W72/><G132/><N who="2" m="50793" /><F68/><W87/><G72/><T99/><D0/><U93/><E15/><V50/><F115/><W84/><G101/><T110/><D112/><U1/><E93/><N who="2" m="56631" /><F122/><W29/><G32/><T100/><D110/><U81/><E48/><V88/><F79/><W106/><G106/><T8/><D8/><U35/><E57/><N who="2" m="33015" /><F108/><W97/><G19/><T7/><D7/><U92/><E81/><V56/><F10/><W131/><G131/><T59/><D102/><U71/><E6/><V17/><F17/><W83/><G97/><T80/><D107/><U86/><E24/><V2/><F2/><W111/><G111/><T119/><D119/><U69/><E35/><V47/><F47/><W42/><REACH who="3" step="1"/><G84/><REACH who="3" ten="164,361,236,229" step="2"/><T25/><D34/><U128/><E86/><V67/><F26/><AGARI ba="0,1" hai="4,9,14,18,21,26,29,31,37,42,45,83,87,91" machi="26" ten="30,5800,0" yaku="1,1,2,1,7,1,53,0" doraHai="49" doraHaiUra="66" who="3" fromWho="2" sc="164,0,361,0,236,-58,229,68" /><INIT seed="3,1,0,1,3,67" ten="164,361,178,297" oya="3" hai0="20,115,40,28,13,107,19,35,61,37,8,31,22" hai1="79,23,121,75,51,128,87,62,58,88,99,81,7" hai2="92,12,84,109,29,2,116,76,11,45,47,46,14" hai3="132,97,104,4,68,52,118,59,44,106,38,130,70"/><W134/><G118/><T77/><D107/><N who="3" m="41001" /><G130/><T126/><D77/><U48/><E121/><V39/><F116/><W96/><G4/><T9/><D37/><U64/><E128/><V125/><F39/><W114/><G114/><T117/><D40/><U49/><E7/><N who="2" m="3199" /><F2/><W89/><G44/><T83/><D117/><U119/><E119/><V16/><F109/><W129/><G38/><T26/><D83/><U17/><E99/><N who="3" m="37962" /><G89/><T95/><D95/><U90/><E75/><V56/><F125/><W30/><G30/><N who="0" m="19927" /><D61/><U18/><E18/><V41/><F29/><N who="0" m="11338" /><D126/><U27/><AGARI ba="1,0" hai="17,23,27,48,49,51,58,62,64,79,81,87,88,90" machi="27" ten="30,4000,0" yaku="0,1,8,1,54,1" doraHai="67" who="1" fromWho="1" sc="164,-11,361,43,178,-11,297,-21" owari="153,-34.7,404,50.4,167,-23.3,276,7.6" /></mjloggm>