<mjloggm ver="2.3"><GO type="225" lobby="0"/><UN n0="%E4%BF%BA%E3%81%A8%E5%A6%96%E5%A4%A2" n1="%E3%80%93%E3%81%97%E3%83%BC%E3%82%89%E3%80%93" n2="%E6%A1%9C%E8%8A%B1%E9%96%83%E3%80%85" n3="%48%61%61%61%6C%61%6E%64" dan="17,16,16,18" rate="2206.07,2166.54,2104.20,2157.83" sx="F,M,M,M"/><TAIKYOKU oya="0"/><INIT seed="0,0,0,3,2,21" ten="250,250,250,250" oya="0" hai0="41,42,98,5,46,135,27,47,66,108,50,59,109" hai1="80,11,131,71,106,65,33,39,36,92,60,9,103" hai2="73,35,52,88,133,61,69,10,37,112,30,83,95" hai3="32,20,77,115,49,18,90,102,19,79,101,13,99"/><T62/><D5/><U91/><E131/><V56/><F112/><W100/><G115/><T2/><D2/><U121/><E121/><V107/><F107/><W55/><G32/><T81/><D81/><U96/><E33/><V84/><F133/><W123/><G123/><T134/><D98/><U70/><E70/><V85/><F37/><W129/><G129/><T97/><D97/><U111/><E111/><N who="0" m="42569" /><D27/><U48/><E80/><V74/><F69/><W104/><G104/><T125/><D125/><U63/><E63/><V31/><F10/><W29/><G29/><T120/><D120/><U68/><E68/><V128/><F128/><W118/><G118/><T113/><D113/><U82/><E82/><V7/><F7/><W124/><G124/><T51/><AGARI ba="0,0" hai="41,42,46,47,50,51,59,62,66,134,135" m="42569" machi="51" ten="30,11700,0" yaku="14,1,10,1,34,2" doraHai="21" who="0" fromWho="0" sc="250,117,250,-39,250,-39,250,-39" /><INIT seed="0,1,0,0,3,42" ten="367,211,211,211" oya="0" hai0="135,31,113,47,17,90,133,115,14,83,125,81,12" hai1="24,76,89,102,8,68,77,58,71,56,85,73,91" hai2="25,124,105,112,104,87,44,11,13,67,122,1,79" hai3="84,28,118,116,66,63,35,123,22,39,97,120,7"/><T59/><D125/><U16/><E102/><V52/><F122/><N who="3" m="46635" /><G35/><T130/><D31/><U74/><E85/><V70/><F112/><W29/><G39/><T106/><D106/><U86/><E86/><V26/><F1/><W20/><G7/><T48/><D59/><U103/><E103/><V75/><F75/><W41/><G41/><T98/><D98/><U55/><E55/><V57/><F70/><N who="3" m="42335" /><G97/><T95/><D130/><U45/><E16/><N who="2" m="8255" /><F105/><W114/><G114/><T18/><D95/><U129/><E8/><V60/><F124/><W96/><G96/><T0/><D90/><U27/><E129/><V53/><F104/><W110/><G110/><T88/><D88/><U9/><E9/><V15/><F15/><W46/><G84/><T21/><D0/><U69/><E71/><V80/><F53/><W37/><G20/><T5/><D5/><U34/><E34/><V101/><F101/><W72/><G22/><T23/><D48/><AGARI ba="1,0" hai="25,26,44,48,52,57,60,67,79,80,87" m="8255" machi="48" ten="30,7700,0" yaku="8,1,52,1,54,2" doraHai="42" who="2" fromWho="0" sc="367,-80,211,0,211,80,211,0" /><INIT seed="1,0,0,1,1,99" ten="287,211,291,211" oya="1" hai0="129,112,111,83,65,120,113,67,60,40,55,133,125" hai1="47,42,20,68,39,30,82,23,108,105,33,38,58" hai2="15,31,130,115,7,34,81,62,84,19,97,41,57" hai3="106,6,52,63,116,102,70,107,59,45,126,37,86"/><U92/><E68/><V56/><F130/><W96/><G126/><T94/><D129/><U88/><E105/><V104/><F115/><W132/><G132/><T77/><D125/><U28/><E82/><V74/><F74/><W123/><G123/><T117/><D117/><U128/><E128/><V36/><F7/><W10/><G116/><T124/><D124/><U79/><E79/><V121/><F121/><W64/><G86/><T13/><D120/><U14/><E108/><V25/><F36/><W71/><G107/><T24/><D111/><U93/><E58/><V11/><F41/><W95/><G106/><T80/><D133/><U103/><E103/><V91/><REACH who="2" step="1"/><F62/><REACH who="2" ten="287,211,281,211" step="2"/><W43/><REACH who="3" step="1"/><G64/><REACH who="3" ten="287,211,281,201" step="2"/><T4/><D65/><U8/><E39/><V72/><F72/><W16/><G16/><T135/><D67/><U9/><E38/><V50/><F50/><W119/><G119/><T66/><D66/><U109/><E109/><V29/><F29/><W0/><AGARI ba="0,2" hai="0,6,10,37,43,45,52,59,63,70,71,95,96,102" machi="0" ten="20,8000,1" yaku="1,1,0,1,7,1,52,1,54,1,53,0" doraHai="99" doraHaiUra="122" who="3" fromWho="3" sc="287,-20,211,-40,281,-20,201,100" /><INIT seed="2,0,0,1,3,130" ten="267,171,261,301" oya="2" hai0="83,25,2,133,64,62,52,109,126,1,106,113,79" hai1="50,40,125,107,108,131,74,70,129,15,60,26,6" hai2="67,132,123,61,76,89,28,5,75,115,63,54,135" hai3="22,10,77,127,35,81,47,90,32,29,114,18,66"/><V23/><F115/><W82/><G114/><T111/><D113/><U121/><E74/><V100/><F123/><W42/><G66/><T87/><D106/><U84/><E107/><V119/><F119/><W97/><G127/><T86/><D126/><U27/><E125/><V41/><F100/><W20/><G10/><T38/><D38/><U55/><E84/><V94/><F41/><W102/><G90/><T93/><D25/><U78/><E78/><V103/><F103/><W11/><G11/><T92/><D64/><N who="1" m="41223" /><E15/><V45/><F5/><W34/><G29/><T99/><D86/><U49/><E6/><V104/><F104/><W19/><G19/><T14/><D14/><U21/><E21/><V73/><F23/><W95/><G20/><T65/><D65/><U24/><E121/><V91/><F28/><W117/><G117/><T88/><D93/><U58/><E27/><V71/><F91/><W124/><G124/><T17/><D17/><U116/><E26/><V105/><F105/><W31/><G31/><T110/><D133/><N who="2" m="51274" /><F76/><W30/><G30/><T9/><D9/><U69/><E24/><V48/><F63/><W33/><G33/><T46/><D62/><U122/><E116/><V51/><F48/><AGARI ba="0,0" hai="1,2,46,48,52,79,83,87,88,92,99,109,110,111" machi="48" ten="40,5200,0" yaku="14,1,54,2" doraHai="130" who="0" fromWho="2" sc="267,52,171,0,261,-52,301,0" /><INIT seed="3,0,0,5,5,74" ten="319,171,209,301" oya="3" hai0="103,34,106,69,33,3,78,0,35,43,68,135,118" hai1="84,18,86,112,41,54,46,62,13,53,94,134,93" hai2="95,5,26,109,25,36,4,1,45,115,90,113,92" hai3="51,131,133,49,55,72,48,19,120,101,50,58,116"/><W110/><G116/><T81/><D118/><U63/><E112/><V10/><F109/><W6/><G120/><T17/><D17/><U60/><E134/><V11/><F36/><W42/><G72/><N who="0" m="43207" /><D43/><U47/><E18/><V20/><F45/><N who="1" m="16905" /><E13/><V29/><F95/><N who="1" m="36361" /><E41/><V88/><F26/><W96/><G42/><T82/><D82/><U124/><E124/><V8/><F90/><W125/><G133/><T105/><D135/><U44/><N who="1" m="16913" /><U66/><DORA hai="9" /><E66/><V77/><F77/><W99/><G125/><T24/><D24/><U114/><E114/><V39/><F39/><W107/><G19/><T108/><D108/><U21/><E21/><V76/><F76/><W12/><G110/><T121/><D121/><U100/><E100/><V7/><REACH who="2" step="1"/><F1/><REACH who="2" ten="319,171,199,301" step="2"/><N who="0" m="586" /><D103/><U132/><E132/><V52/><F52/><AGARI ba="0,1" hai="52,53,54,60,62,63,84,86" m="36361,16913" machi="52" ten="40,8000,1" yaku="28,2,8,1,54,1" doraHai="74,9" who="1" fromWho="2" sc="319,0,171,90,199,-80,301,0" owari="319,41.9,261,-13.9,119,-38.1,301,10.1" /></mjloggm>