<mjloggm ver="2.3"><GO type="225" lobby="0"/><UN n0="%E7%AD%89%E3%80%85%E5%8A%9B%E5%8A%87%E5%A0%B4" n1="%E3%81%99%E3%81%84%E3%81%BE%E3%81%9B%E3%83%BC%E3%82%93" n2="%72%69%6F%75%63%68%61%6E" n3="%E3%81%91%E3%83%BC%E3%81%9E%E3%81%88" dan="16,16,17,16" rate="2121.91,2065.67,2148.12,2171.62" sx="M,M,M,F"/><TAIKYOKU oya="0"/><INIT seed="0,0,0,2,2,74" ten="250,250,250,250" oya="0" hai0="105,125,91,114,17,104,62,65,69,103,118,93,58" hai1="108,45,27,127,55,115,43,38,129,25,130,39,52" hai2="23,14,119,32,135,26,109,85,49,68,54,89,117" hai3="6,107,16,128,12,61,76,120,102,24,36,95,22"/><T18/><D114/><U106/><E106/><V99/><F109/><W46/><G128/><N who="1" m="49258" /><E108/><V111/><F111/><W121/><G107/><T94/><D118/><N who="2" m="45066" /><F135/><W98/><G61/><T5/><D125/><U20/><E127/><V116/><N who="2" m="45074" /><V35/><DORA hai="0" /><F68/><W77/><G36/><N who="1" m="13866" /><E115/><V110/><F99/><W123/><G46/><T10/><D105/><U87/><E87/><V72/><F14/><W19/><G6/><T1/><D104/><U37/><E27/><V100/><F100/><W84/><G84/><T53/><D103/><U133/><E133/><V131/><F72/><W126/><G126/><T71/><D71/><U51/><N who="1" m="13874" /><U48/><DORA hai="57" /><E48/><V15/><F15/><W30/><G19/><AGARI ba="0,0" hai="19,20,25,43,45,51,52,55" m="13874,49258" machi="19" ten="40,2600,0" yaku="19,1,54,1" doraHai="74,0,57" who="1" fromWho="3" sc="250,0,250,26,250,0,250,-26" /><INIT seed="1,0,0,0,0,82" ten="250,276,250,224" oya="1" hai0="52,101,132,36,68,5,35,76,11,27,113,119,4" hai1="94,107,25,7,134,22,59,103,64,41,123,78,54" hai2="46,104,40,117,90,12,44,129,115,77,6,67,97" hai3="84,118,105,61,50,86,51,109,127,58,34,121,18"/><U71/><E123/><V43/><F117/><W19/><G121/><T56/><D113/><U95/><E134/><V65/><F115/><W122/><G122/><T57/><D68/><U3/><E41/><V126/><F126/><W131/><G105/><T99/><D119/><U74/><E107/><V108/><F108/><W23/><G118/><T88/><D36/><U111/><E111/><V83/><F129/><W30/><G131/><T70/><D70/><U110/><E110/><V80/><F6/><W112/><G127/><T66/><D132/><U114/><E103/><V38/><F12/><W20/><G34/><T53/><D76/><U96/><E96/><V9/><F9/><W48/><G112/><T106/><D66/><U87/><E74/><V133/><F133/><W39/><G39/><T55/><D5/><U62/><E7/><V100/><F90/><W135/><G135/><T33/><D33/><U0/><E3/><V125/><F83/><W79/><G79/><T16/><D88/><U93/><E0/><V32/><F32/><W75/><G75/><T24/><D35/><U2/><E2/><V102/><F102/><W89/><G89/><T37/><D37/><U21/><E114/><V49/><REACH who="2" step="1"/><F125/><REACH who="2" ten="250,276,240,224" step="2"/><W26/><G109/><T73/><D4/><U85/><E78/><V92/><F92/><W72/><G72/><AGARI ba="0,1" hai="38,40,43,44,46,49,65,67,72,77,80,97,100,104" machi="72" ten="30,2000,0" yaku="1,1,7,1,53,0" doraHai="82" doraHaiUra="28" who="2" fromWho="3" sc="250,0,276,0,240,30,224,-20" /><INIT seed="2,0,0,0,2,116" ten="250,276,270,204" oya="2" hai0="59,10,15,104,77,46,109,101,7,107,99,113,35" hai1="67,98,86,73,45,62,119,22,34,128,66,24,71" hai2="72,125,3,1,83,131,134,76,82,110,117,55,74" hai3="121,89,5,20,18,127,111,80,129,78,42,60,130"/><V114/><F114/><W43/><G111/><T29/><D113/><U58/><E73/><V31/><F117/><W103/><G127/><T95/><D109/><U14/><E119/><V57/><F110/><W100/><G89/><T106/><D77/><U49/><E128/><N who="3" m="49258" /><G5/><T105/><D35/><U16/><E98/><V102/><F131/><W13/><G60/><T2/><D29/><U69/><E67/><V122/><F122/><W21/><G21/><T40/><D59/><U37/><E37/><V12/><F134/><W123/><G43/><T65/><D65/><U27/><E86/><V61/><F125/><W112/><G42/><T44/><N who="0" m="26624" /><DORA hai="75" /><T135/><D135/><U97/><E97/><V50/><F102/><N who="3" m="38955" /><G112/><T94/><D94/><U85/><E34/><V52/><F31/><W133/><G133/><T108/><D108/><U47/><E22/><V126/><F126/><W39/><G39/><T91/><D101/><U25/><E62/><V92/><F92/><W63/><G63/><T9/><REACH who="0" step="1"/><D40/><REACH who="0" ten="240,276,270,204" step="2"/><U90/><E66/><V70/><F76/><W17/><G18/><AGARI ba="0,1" hai="2,7,9,10,15,18,44,46,91,95,99" m="26624" machi="18" ten="70,8000,1" yaku="1,1,2,1,53,1" doraHai="116,75" doraHaiUra="93,51" who="0" fromWho="3" sc="240,90,276,0,270,0,204,-80" /><INIT seed="3,0,0,4,4,100" ten="330,276,270,124" oya="3" hai0="2,123,90,101,134,81,71,74,64,7,102,84,42" hai1="57,112,61,135,96,20,95,83,52,122,53,28,98" hai2="116,126,9,89,92,30,78,105,5,11,54,110,58" hai3="130,23,80,25,48,17,32,63,43,47,117,91,115"/><W29/><G130/><T37/><D74/><U19/><E122/><V3/><F110/><W16/><G117/><T18/><D123/><U6/><E112/><V44/><F116/><W79/><G115/><T13/><D134/><U49/><E135/><V67/><F126/><W55/><G32/><T113/><D113/><U15/><E83/><V66/><F105/><W39/><G91/><T10/><D71/><U114/><E114/><V86/><F30/><W65/><G80/><T12/><D2/><U46/><E6/><V69/><F69/><W87/><G87/><T45/><D64/><U40/><E28/><V76/><F44/><W68/><REACH who="3" step="1"/><G79/><REACH who="3" ten="330,276,270,114" step="2"/><T27/><D90/><N who="1" m="55415" /><E98/><V118/><F118/><W36/><G36/><T50/><D37/><U107/><E107/><V93/><F93/><W73/><G73/><T4/><D84/><U22/><E22/><V109/><F78/><W26/><G26/><T85/><D27/><U41/><AGARI ba="0,1" hai="15,19,20,40,41,46,49,52,53,57,61" m="55415" machi="41" ten="30,2000,0" yaku="8,1,54,1" doraHai="100" who="1" fromWho="1" sc="330,-5,276,30,270,-5,114,-10" owari="325,42.5,306,10.6,265,-13.5,104,-39.6" /></mjloggm>