<mjloggm ver="2.3"><GO type="225" lobby="0"/><UN n0="%6C%61%6D%62" n1="%6D%75%75%6D%75%72%61" n2="%E3%83%A9%E3%82%B9%E7%8E%87%EF%BC%93%E5%89%B2" n3="%E9%B3%B3%E6%9D%B1%E3%81%AE%E3%81%86%E3%81%95%E3%81%8E%E3%81%95%E3%82%93" dan="16,16,16,16" rate="2137.44,2144.80,2110.69,2209.23" sx="M,F,F,M"/><TAIKYOKU oya="0"/><INIT seed="0,0,0,3,1,53" ten="250,250,250,250" oya="0" hai0="6,93,62,105,40,46,20,54,43,11,103,35,104" hai1="118,12,30,129,107,135,50,83,13,21,120,106,2" hai2="81,114,60,85,64,5,63,22,66,14,69,101,29" hai3="4,31,58,65,123,86,73,112,90,91,98,57,82"/><T87/><D35/><U25/><E118/><V122/><F122/><W18/><G112/><T128/><D128/><U36/><E120/><V77/><F114/><W56/><G123/><T15/><D20/><U94/><E36/><V7/><F101/><W61/><G73/><T74/><D74/><U34/><E2/><V97/><F97/><W126/><G126/><T16/><D105/><U71/><E129/><V38/><F38/><W32/><G4/><T131/><D104/><U19/><E71/><V26/><REACH who="2" step="1"/><F14/><REACH who="2" ten="250,250,240,250" step="2"/><W78/><G98/><N who="0" m="59855" /><D131/><U49/><E13/><V27/><F27/><W89/><REACH who="3" step="1"/><G18/><REACH who="3" ten="250,250,240,240" step="2"/><T130/><D130/><U17/><E17/><V28/><F28/><W39/><G39/><T76/><D6/><U67/><E19/><V0/><F0/><W110/><G110/><T48/><D15/><U75/><E12/><V24/><F24/><AGARI ba="0,2" hai="24,31,32,56,57,58,61,65,78,82,86,89,90,91" machi="24" ten="40,8000,1" yaku="1,1,52,3,53,1" doraHai="53" doraHaiUra="80" who="3" fromWho="2" sc="250,0,250,0,240,-80,240,100" /><INIT seed="1,0,0,1,0,16" ten="250,250,160,340" oya="1" hai0="52,113,102,82,41,99,81,63,9,57,87,6,115" hai1="107,100,39,91,54,88,77,64,23,25,43,127,123" hai2="38,108,122,133,128,4,69,28,53,46,120,18,97" hai3="49,80,13,95,72,33,61,114,47,78,86,111,31"/><U104/><E123/><V27/><F69/><W66/><G114/><T36/><D36/><U17/><E127/><V15/><F108/><W65/><G111/><T106/><D41/><U131/><E131/><V34/><F128/><W10/><G33/><T129/><D129/><U110/><E110/><V20/><F133/><W71/><G31/><T96/><D96/><U84/><E64/><V112/><F112/><W44/><G65/><T132/><D81/><U8/><E77/><V75/><F75/><W92/><G72/><T24/><D24/><U116/><E116/><V74/><F74/><W118/><G118/><T48/><D48/><U130/><E130/><V32/><F32/><W105/><G105/><T19/><D19/><U126/><E126/><V45/><F97/><W67/><G67/><T21/><D21/><U51/><E100/><V70/><F70/><W83/><G83/><T26/><D26/><U12/><E43/><V59/><F4/><N who="3" m="3271" /><G44/><T101/><D101/><U134/><E39/><V3/><F3/><W5/><G5/><T119/><D132/><U14/><E134/><V117/><F117/><W85/><G85/><T135/><D135/><U56/><E84/><V30/><F30/><W89/><G89/><T121/><D121/><N who="2" m="46698" /><F38/><W98/><G98/><T42/><D119/><U58/><E104/><V68/><F68/><W37/><G37/><T124/><D124/><U60/><E107/><V35/><F34/><W79/><G79/><N who="0" m="46559" /><D42/><AGARI ba="0,0" hai="42,47,49,61,66,71,78,80,86,92,95" m="3271" machi="42" ten="30,1000,0" yaku="25,1" doraHai="16" who="3" fromWho="0" sc="250,-10,250,0,160,0,340,10" /><INIT seed="2,0,0,0,0,14" ten="240,250,160,350" oya="2" hai0="42,83,104,6,134,52,63,15,59,4,93,54,117" hai1="12,124,13,21,113,129,94,115,8,123,130,101,74" hai2="79,24,31,34,85,39,90,7,56,100,32,105,80" hai3="89,69,116,0,58,120,73,122,11,70,128,2,53"/><V49/><F39/><W95/><G116/><T109/><D104/><U106/><E106/><V103/><F7/><W16/><G73/><T108/><D117/><U25/><E74/><V131/><F131/><N who="1" m="50185" /><E124/><V127/><F127/><W38/><G38/><T135/><D42/><U96/><E123/><V37/><F37/><W98/><G128/><T26/><D83/><U19/><E13/><V91/><F32/><W92/><G16/><AGARI ba="0,0" hai="8,12,16,19,21,25,94,96,101,113,115" m="50185" machi="16" ten="30,7700,0" yaku="19,1,52,2,54,1" doraHai="14" who="1" fromWho="3" sc="240,0,250,77,160,0,350,-77" /><INIT seed="3,0,0,1,5,84" ten="240,327,160,273" oya="3" hai0="69,1,80,108,16,119,15,4,121,43,21,129,5" hai1="120,133,24,54,42,124,52,23,40,62,93,8,28" hai2="123,113,30,132,12,117,104,56,50,107,114,0,101" hai3="32,27,106,135,76,17,10,7,71,85,11,57,67"/><W128/><G71/><T94/><D69/><U36/><E120/><V130/><F0/><W55/><G106/><T49/><D119/><U33/><E36/><V68/><F68/><W118/><G118/><T51/><D121/><U112/><E112/><V3/><F3/><W126/><G128/><T65/><D108/><U99/><E124/><V90/><F117/><W91/><G126/><T102/><D129/><U72/><E72/><V103/><F130/><W70/><G135/><T88/><D1/><U31/><E33/><V82/><F132/><W14/><G76/><T89/><D65/><U127/><E133/><V41/><F123/><W18/><G70/><T26/><D43/><N who="1" m="16427" /><E127/><V38/><F38/><W13/><G67/><T6/><D26/><U25/><E8/><V60/><F107/><W46/><G46/><T9/><D9/><U81/><E81/><V47/><F104/><W44/><G44/><T19/><D19/><N who="1" m="12415" /><E62/><V29/><F113/><W100/><G100/><T64/><D64/><U75/><E75/><V122/><F122/><W74/><G74/><T116/><D116/><U61/><E61/><V131/><F131/><W39/><G39/><T109/><D109/><U83/><E83/><V105/><F105/><W53/><G57/><T58/><D58/><U79/><E79/><V115/><F114/><W66/><G66/><T34/><D34/><U111/><E111/><V73/><F73/><W110/><G110/><T134/><D89/><N who="1" m="55727" /><E25/><V77/><F115/><W92/><G32/><T20/><D20/><AGARI ba="0,0" hai="7,10,11,13,14,17,18,20,27,53,55,85,91,92" machi="20" ten="40,3900,0" yaku="8,1,52,1" doraHai="84" who="3" fromWho="0" sc="240,-39,327,0,160,0,273,39" /><INIT seed="3,1,0,3,2,45" ten="201,327,160,312" oya="3" hai0="14,52,88,69,92,55,38,102,20,116,87,96,100" hai1="70,59,39,21,89,112,1,72,129,3,65,109,94" hai2="54,132,43,46,81,9,37,101,60,85,41,75,82" hai3="6,127,40,115,79,78,49,117,113,48,17,18,103"/><W31/><G117/><T32/><D32/><U56/><E112/><V131/><F131/><W53/><G127/><T57/><D69/><U5/><E72/><V122/><F132/><W135/><G135/><T44/><D116/><U111/><E129/><V27/><F122/><W36/><G36/><T67/><D38/><U83/><E83/><V118/><F118/><W29/><G6/><T130/><D130/><U51/><E39/><V126/><F126/><W26/><G40/><T28/><D44/><U4/><E21/><V66/><F101/><N who="0" m="39018" /><D96/><N who="1" m="57423" /><E70/><V25/><F43/><W110/><G103/><T86/><D86/><U24/><E24/><V2/><F54/><W62/><G53/><T84/><D84/><U120/><E120/><V124/><F124/><W30/><G30/><T119/><D119/><U93/><E93/><V33/><F33/><W23/><G23/><T11/><D20/><U47/><E59/><V133/><F133/><W10/><G26/><T63/><D28/><U42/><E3/><V76/><F82/><W98/><G98/><T8/><D8/><U134/><E134/><V104/><F85/><W13/><G10/><T0/><D0/><U71/><E71/><V22/><F22/><W114/><G114/><T15/><D15/><U123/><E123/><V7/><F104/><W90/><G13/><T128/><D128/><U108/><E1/><V80/><F80/><W19/><G113/><T73/><D73/><U77/><E77/><V68/><AGARI ba="1,0" hai="2,7,9,25,27,37,41,46,60,66,68,75,76,81" machi="68" ten="20,5200,0" yaku="0,1,7,1,25,2" doraHai="45" who="2" fromWho="2" sc="201,-14,327,-14,160,55,312,-27" owari="187,-31.3,313,41.3,215,-18.5,285,8.5" /></mjloggm>