<mjloggm ver="2.3"><GO type="225" lobby="0"/><UN n0="%E3%81%99%E3%81%84%E3%81%BE%E3%81%9B%E3%83%BC%E3%82%93" n1="%E3%81%B5%E3%81%98%E3%81%8B%E3%81%A4" n2="%E3%81%BF%E3%81%BF%E3%81%9A" n3="%72%69%6F%75%63%68%61%6E" dan="18,16,17,16" rate="2207.42,2169.37,2263.90,2139.41" sx="M,M,M,M"/><TAIKYOKU oya="0"/><INIT seed="0,0,0,0,2,41" ten="250,250,250,250" oya="0" hai0="11,120,117,61,102,12,99,111,14,39,0,55,93" hai1="5,27,71,17,50,51,124,125,32,121,52,54,68" hai2="64,44,6,67,3,114,132,122,134,133,73,2,116" hai3="78,38,103,100,13,83,30,10,115,90,43,105,47"/><T108/><D117/><U53/><E5/><V126/><F122/><W85/><G115/><T79/><D120/><U81/><E32/><V112/><F73/><W18/><G105/><T82/><D39/><U9/><E121/><V21/><F116/><W113/><G113/><N who="2" m="43625" /><F6/><W107/><G107/><T88/><D102/><U7/><E81/><V40/><F21/><W26/><REACH who="3" step="1"/><G78/><REACH who="3" ten="250,250,250,240" step="2"/><T57/><D0/><N who="2" m="42" /><F126/><N who="1" m="48745" /><E17/><V135/><N who="2" m="33792" /><DORA hai="8" /><V106/><F106/><W84/><G84/><T28/><D28/><U65/><E68/><V25/><F25/><W63/><G63/><T76/><D76/><U19/><E27/><V69/><F69/><W48/><G48/><AGARI ba="0,1" hai="40,44,48,64,67" m="33792,42,43625" machi="48" ten="60,3900,0" yaku="20,1,52,1" doraHai="41,8" who="2" fromWho="3" sc="250,0,250,0,250,49,240,-39" /><INIT seed="1,0,0,5,2,65" ten="250,250,299,201" oya="1" hai0="26,78,7,42,27,50,104,21,69,48,100,19,9" hai1="77,73,5,119,101,93,129,80,31,102,82,8,34" hai2="132,92,12,130,55,96,115,23,51,16,33,97,67" hai3="2,122,110,17,25,62,46,87,11,58,120,113,56"/><U37/><E119/><V54/><F130/><W133/><G110/><T44/><D69/><U60/><E129/><V52/><F132/><W94/><G133/><T135/><D135/><U72/><E37/><V70/><F115/><W99/><G113/><T98/><D78/><U22/><E34/><V71/><F33/><W118/><G118/><T125/><D125/><U41/><E41/><V47/><F96/><W114/><G114/><T95/><D27/><U18/><E31/><V68/><REACH who="2" step="1"/><F67/><REACH who="2" ten="250,250,289,201" step="2"/><W75/><G99/><T126/><D126/><U123/><E123/><V134/><F134/><W13/><G122/><T45/><D104/><U79/><E60/><V116/><F116/><W86/><G62/><T36/><REACH who="0" step="1"/><D45/><REACH who="0" ten="240,250,289,201" step="2"/><U4/><E72/><V0/><F0/><AGARI ba="0,2" hai="0,7,9,19,21,26,36,42,44,48,50,95,98,100" machi="0" ten="30,3900,0" yaku="1,1,2,1,7,1,53,0" doraHai="65" doraHaiUra="74" who="0" fromWho="2" sc="240,59,250,0,289,-39,201,0" /><INIT seed="2,0,0,5,3,78" ten="299,250,250,201" oya="2" hai0="36,55,124,44,109,6,86,52,15,2,46,26,125" hai1="42,129,121,93,58,11,23,104,19,123,7,20,128" hai2="106,95,126,16,119,0,80,70,82,35,43,110,37" hai3="88,12,21,100,47,91,72,97,38,132,94,131,81"/><V40/><F119/><W87/><G131/><N who="1" m="50250" /><E104/><V53/><F106/><W66/><G132/><T34/><D109/><U22/><E42/><N who="2" m="15915" /><F35/><W65/><G38/><T62/><D2/><N who="1" m="503" /><E93/><V71/><F0/><W122/><G122/><N who="1" m="46602" /><E58/><V5/><F5/><W92/><G47/><T4/><D46/><U17/><AGARI ba="0,0" hai="17,19,20,22,23" m="46602,503,50250" machi="17" ten="40,8000,1" yaku="19,1,13,1,34,2" doraHai="78" who="1" fromWho="1" sc="299,-20,250,80,250,-40,201,-20" /><INIT seed="3,0,0,5,2,56" ten="279,330,210,181" oya="3" hai0="60,21,128,121,49,24,102,52,63,57,89,83,86" hai1="20,122,76,42,108,55,120,109,17,41,131,11,133" hai2="10,61,13,54,39,59,35,95,115,62,77,91,73" hai3="106,110,97,29,105,74,25,116,104,75,7,64,125"/><W82/><G116/><T58/><D121/><N who="1" m="46699" /><E76/><V99/><F115/><W129/><G125/><T44/><D128/><U1/><E55/><V37/><F35/><W30/><G129/><T113/><D113/><U16/><E131/><V79/><F73/><W80/><G7/><T12/><D12/><N who="1" m="7199" /><E1/><V70/><F37/><W43/><G43/><T85/><D102/><U18/><E133/><V78/><F39/><W46/><G46/><T19/><D85/><U117/><E117/><V88/><F91/><W69/><G110/><N who="1" m="42602" /><E18/><N who="2" m="8503" /><F70/><W66/><G97/><T119/><D119/><U14/><AGARI ba="0,0" hai="14,17,20,41,42" m="42602,7199,46699" machi="14" ten="30,2000,0" yaku="14,1,54,1" doraHai="56" who="1" fromWho="1" sc="279,-5,330,20,210,-5,181,-10" owari="274,7.4,350,45.0,205,-19.5,171,-32.9" /></mjloggm>