<mjloggm ver="2.3"><GO type="225" lobby="0"/><UN n0="%30%2E%31%32%30" n1="%E3%81%BE%E3%81%A8%E3%81%9F" n2="%E3%83%B4%E3%83%A0%EF%BC%99%E3%81%A6" n3="%43%68%65" dan="16,16,17,16" rate="2110.03,2138.53,2242.10,2149.37" sx="M,M,M,M"/><TAIKYOKU oya="0"/><INIT seed="0,0,0,0,4,8" ten="250,250,250,250" oya="0" hai0="89,36,99,17,95,5,82,30,87,97,107,14,51" hai1="102,104,23,59,83,96,116,27,106,35,58,44,134" hai2="42,123,77,94,65,63,3,39,133,81,117,76,64" hai3="93,1,41,110,85,26,80,73,113,105,68,71,75"/><T120/><D36/><U119/><E134/><V33/><F123/><W84/><G113/><T34/><D120/><U103/><E35/><V111/><F33/><W50/><G1/><T43/><D5/><U37/><E83/><V45/><F133/><W115/><G105/><T60/><D107/><U49/><E37/><V70/><F76/><W108/><G115/><T109/><D109/><U56/><E103/><V16/><F111/><N who="3" m="42539" /><G26/><T9/><D60/><U7/><E7/><V98/><F3/><W90/><G50/><T28/><D34/><U40/><REACH who="1" step="1"/><E104/><REACH who="1" ten="250,240,250,250" step="2"/><V2/><F81/><W66/><G80/><T22/><D82/><U53/><E53/><V100/><F39/><W25/><G75/><T127/><D127/><U112/><E112/><V12/><F100/><W11/><G73/><T86/><D43/><U124/><E124/><V69/><F42/><W21/><G41/><T92/><D51/><U20/><E20/><V48/><F48/><W72/><G21/><T132/><D132/><U24/><E24/><V32/><F32/><W15/><G25/><N who="0" m="16439" /><D30/><AGARI ba="0,1" hai="23,27,30,40,44,49,56,58,59,96,102,106,116,119" machi="30" ten="40,8000,1" yaku="1,1,53,3" doraHai="8" doraHaiUra="54" who="1" fromWho="0" sc="250,-80,240,90,250,0,250,0" /><INIT seed="1,0,0,1,3,51" ten="170,330,250,250" oya="1" hai0="85,129,59,17,73,32,10,41,15,80,88,108,35" hai1="120,29,44,126,75,54,64,39,109,36,96,107,60" hai2="19,37,48,56,66,101,28,21,90,14,69,130,16" hai3="22,8,57,78,49,102,25,0,1,13,70,128,2"/><U112/><E75/><V18/><F37/><N who="1" m="14409" /><E96/><V106/><F130/><W45/><G70/><T105/><D108/><U89/><E89/><V127/><F127/><W131/><G57/><T23/><D129/><N who="3" m="49737" /><G78/><T104/><D73/><U86/><E29/><V122/><F122/><W47/><G102/><T12/><D41/><U67/><E86/><V118/><F118/><W114/><G114/><T38/><D38/><U84/><E84/><V11/><F69/><W81/><G81/><T133/><D133/><U33/><E33/><V83/><F101/><W74/><G74/><T7/><REACH who="0" step="1"/><D59/><REACH who="0" ten="160,330,250,250" step="2"/><U117/><E109/><V3/><F56/><W134/><G134/><T40/><D40/><U68/><E68/><V121/><F121/><W92/><G47/><T30/><D30/><U27/><E44/><V61/><F28/><W93/><G45/><T63/><D63/><U79/><E60/><V43/><F61/><W116/><G116/><T53/><D53/><U110/><E54/><V99/><F43/><W94/><G49/><T91/><D91/><U24/><E117/><V87/><F48/><W20/><G25/><T115/><D115/><U50/><E24/><V82/><F90/><W77/><G77/><T113/><D113/><U125/><E110/><V71/><F71/><W46/><G46/><T9/><D9/><U132/><E112/><V26/><F11/><W111/><G111/><T97/><D97/><U42/><E120/><V76/><F99/><W52/><G52/><T6/><D6/><AGARI ba="0,1" hai="0,1,2,6,8,13,20,22,92,93,94" m="49737" machi="6" ten="40,1300,0" yaku="19,1" doraHai="51" who="3" fromWho="0" sc="160,-13,330,0,250,0,250,23" /><INIT seed="2,0,0,0,2,99" ten="147,330,250,273" oya="2" hai0="90,5,122,61,38,118,39,106,76,3,126,63,36" hai1="100,11,77,81,133,47,69,101,75,108,37,45,13" hai2="2,125,89,67,10,111,41,112,64,132,58,35,107" hai3="9,79,20,0,110,96,18,70,131,105,29,1,93"/><V8/><F112/><W85/><G70/><T87/><D126/><U80/><E69/><V40/><F35/><W127/><G127/><T91/><D122/><U26/><E108/><V135/><F125/><W53/><G110/><T83/><D118/><U72/><E26/><V84/><F111/><W31/><G131/><T103/><D3/><U34/><E34/><V120/><F107/><W30/><G9/><T121/><D5/><U65/><E65/><V94/><F120/><W57/><G105/><T12/><D12/><U14/><E37/><V24/><F24/><W51/><G79/><T21/><D21/><U116/><E77/><V50/><F50/><W28/><N who="3" m="7168" /><DORA hai="7" /><W88/><REACH who="3" step="1"/><G96/><REACH who="3" ten="147,330,250,263" step="2"/><T117/><D117/><U114/><E11/><N who="2" m="4139" /><F2/><W19/><G19/><T22/><D121/><U71/><E71/><V66/><F58/><W68/><G68/><T32/><D32/><U134/><E116/><V60/><F60/><W78/><G78/><T82/><D22/><U55/><E114/><V15/><F15/><AGARI ba="0,1" hai="0,1,15,18,20,51,53,57,85,88,93" m="7168" machi="15" ten="50,16000,3" yaku="1,1,25,2,54,1,53,4" doraHai="99,7" doraHaiUra="97,25" who="3" fromWho="2" sc="147,0,330,0,250,-160,263,170" /><INIT seed="3,0,0,2,3,76" ten="147,330,90,433" oya="3" hai0="41,95,104,113,100,46,97,89,75,63,128,33,7" hai1="4,73,9,15,53,123,13,42,11,52,45,135,21" hai2="24,70,72,17,62,90,69,40,86,66,59,126,35" hai3="23,12,102,110,80,60,109,112,125,1,56,88,20"/><W57/><G112/><T84/><D33/><U50/><E123/><V31/><F72/><W39/><G1/><T83/><D113/><U111/><E111/><N who="3" m="42506" /><G125/><T74/><D128/><U121/><E135/><V92/><F126/><W119/><G119/><T16/><D7/><U122/><E73/><V34/><F34/><W47/><G102/><T103/><D103/><U2/><E122/><V0/><F0/><W38/><G57/><T71/><D16/><U61/><E121/><V58/><F40/><N who="3" m="22935" /><G12/><T118/><D118/><U54/><E21/><V32/><F32/><W108/><G39/><T106/><D106/><U87/><E87/><V10/><F10/><W82/><G108/><T77/><D71/><U94/><E94/><V115/><F115/><W51/><G51/><T120/><D63/><U96/><E96/><V18/><F59/><W49/><G49/><N who="0" m="26831" /><D120/><U55/><N who="1" m="13312" /><DORA hai="19" /><U78/><E61/><V3/><F3/><W27/><G27/><T48/><D48/><U127/><E127/><V37/><F37/><W8/><G8/><T133/><D74/><U22/><E2/><V117/><F117/><W116/><G116/><T134/><AGARI ba="0,0" hai="75,77,83,84,89,95,97,100,104,133,134" m="26831" machi="134" ten="30,2000,0" yaku="24,1,52,1" doraHai="76,19" who="0" fromWho="0" sc="147,20,330,-5,90,-5,433,-10" owari="167,-23.3,325,12.5,85,-41.5,423,52.3" /></mjloggm>