<mjloggm ver="2.3"><GO type="225" lobby="0"/><UN n0="%77%72%77%72%77%72%77%72" n1="%E4%BA%95%E5%B8%AF" n2="%E5%8D%A0%E3%81%84%E5%B8%AB%E8%A3%8F%E3%81%AA%E3%81%84%E3%81%97" n3="%E5%84%AA%40%41%42%43" dan="16,16,16,17" rate="2227.71,2046.29,2174.26,2142.24" sx="M,M,M,M"/><TAIKYOKU oya="0"/><INIT seed="0,0,0,4,3,129" ten="250,250,250,250" oya="0" hai0="14,32,95,38,59,1,57,65,62,10,112,47,19" hai1="116,127,31,118,51,42,17,87,100,133,82,90,111" hai2="39,93,20,76,130,26,35,64,66,70,83,30,108" hai3="16,106,71,18,28,86,92,24,15,33,60,101,110"/><T115/><D32/><U54/><E111/><V91/><F108/><W121/><G110/><T117/><D117/><U77/><E127/><V132/><F130/><W34/><G121/><T96/><D1/><U75/><E42/><V12/><F39/><W29/><G29/><T113/><D47/><U63/><E63/><V3/><F70/><W0/><G0/><T22/><D38/><U5/><E31/><V88/><F3/><W99/><G33/><T46/><D46/><U40/><E5/><V23/><F35/><W68/><G68/><T128/><D128/><U103/><E40/><V13/><F132/><W104/><G104/><T126/><D126/><U97/><E17/><V48/><F48/><W36/><G36/><T102/><REACH who="0" step="1"/><D57/><REACH who="0" ten="240,250,250,250" step="2"/><U78/><E118/><V79/><F30/><W43/><G43/><T6/><D6/><U109/><E116/><V2/><F2/><W94/><G18/><T122/><D122/><U81/><E109/><V85/><F26/><W55/><G71/><T114/><N who="0" m="28672" /><DORA hai="89" /><T72/><D72/><U123/><E123/><V11/><F12/><W8/><G24/><T50/><D50/><U44/><E133/><V120/><F120/><W73/><G28/><T56/><D56/><U125/><E125/><V124/><F124/><W134/><G73/><T52/><D52/><U25/><E25/><V74/><F74/><W98/><G134/><T21/><AGARI ba="0,1" hai="10,14,19,21,22,59,62,65,95,96,102" m="28672" machi="21" ten="60,11700,0" yaku="1,1,0,1,52,1,53,0" doraHai="129,89" doraHaiUra="45,105" who="0" fromWho="0" sc="240,127,250,-39,250,-39,250,-39" /><INIT seed="0,1,0,5,3,81" ten="367,211,211,211" oya="0" hai0="98,25,120,13,44,133,92,31,131,130,75,8,134" hai1="43,82,24,132,99,71,54,121,19,70,42,127,72" hai2="100,124,96,30,55,36,57,2,20,17,73,53,108" hai3="111,123,27,51,87,85,56,12,67,33,11,18,128"/><T48/><D75/><U112/><E121/><V94/><F108/><W26/><G111/><T16/><D120/><U49/><E99/><V40/><F73/><W93/><G123/><T28/><D48/><U117/><E19/><V1/><F124/><W122/><G122/><T125/><D44/><U118/><E24/><N who="3" m="9258" /><G33/><T46/><D46/><U95/><E95/><V104/><F40/><N who="1" m="15401" /><E82/><V113/><F36/><W59/><G128/><N who="0" m="49195" /><D125/><U65/><E72/><V68/><F113/><W22/><G22/><N who="0" m="15415" /><D31/><U41/><E127/><V5/><F30/><W83/><G93/><T119/><D119/><U116/><E112/><V35/><F94/><W91/><G67/><T64/><D64/><U34/><E34/><V89/><F35/><W6/><G51/><T62/><D62/><N who="1" m="40247" /><E41/><V126/><F126/><W88/><G18/><T110/><D110/><U58/><E71/><V7/><F68/><W115/><G115/><T84/><D98/><U50/><E49/><V107/><F17/><W102/><G102/><T114/><D114/><U66/><E66/><V38/><F100/><W21/><G21/><T76/><D92/><U129/><E129/><V106/><F20/><W77/><G87/><T60/><D60/><U9/><E9/><V15/><F106/><W74/><G74/><T32/><D32/><U39/><E39/><V101/><F107/><W52/><G52/><N who="2" m="20041" /><F38/><W23/><G23/><T97/><D97/><U105/><E105/><V0/><F15/><W37/><G37/><T3/><D3/><U103/><E103/><V135/><F101/><W45/><G45/><T29/><D29/><RYUUKYOKU ba="1,0" sc="367,10,211,10,211,-30,211,10" hai0="8,13,16,76,84,133,134" hai1="50,54,58,116,117,118,132" hai3="6,11,12,56,59,77,83,85,88,91" /><INIT seed="0,2,0,2,2,89" ten="377,221,181,221" oya="0" hai0="131,9,69,15,44,8,88,97,35,109,7,114,76" hai1="22,95,54,56,122,62,118,60,66,119,115,17,70" hai2="0,2,72,100,40,83,102,73,25,96,129,63,38" hai3="80,24,32,113,108,31,47,23,104,121,75,28,45"/><T92/><D114/><U65/><E122/><V6/><F129/><W52/><G113/><T37/><D131/><U12/><E115/><V86/><F72/><W130/><G130/><T46/><D69/><U107/><E107/><V33/><F73/><W127/><G104/><T59/><D35/><U101/><REACH who="1" step="1"/><E66/><REACH who="1" ten="377,211,181,221" step="2"/><V51/><F0/><W132/><G121/><T125/><D109/><U10/><E10/><V13/><F2/><W82/><G108/><T79/><D9/><U27/><E27/><V98/><F25/><W48/><G24/><T55/><D125/><U36/><E36/><V50/><F38/><W111/><G127/><T16/><D37/><U124/><E124/><V126/><F126/><W39/><G39/><T116/><D116/><U110/><E110/><V64/><F64/><W81/><G111/><T53/><D8/><U26/><E26/><V120/><F120/><W103/><G31/><T133/><D133/><U135/><E135/><V61/><F33/><W134/><G32/><T78/><D15/><U11/><E11/><V84/><F13/><W3/><G3/><T1/><D1/><U90/><E90/><V42/><F6/><W34/><G34/><T29/><D7/><U105/><E105/><V71/><F71/><W58/><G103/><T87/><D29/><U77/><E77/><V94/><F83/><W41/><G75/><T43/><D76/><U14/><E14/><V85/><F85/><W123/><G123/><T57/><D78/><U106/><E106/><V19/><F19/><W49/><G82/><N who="0" m="47583" /><D16/><U18/><E18/><V68/><F68/><RYUUKYOKU ba="2,1" sc="377,-15,211,15,181,15,221,-15" hai1="12,17,22,54,56,60,62,65,70,95,101,118,119" hai2="40,42,50,51,61,63,84,86,94,96,98,100,102" /><INIT seed="1,3,1,0,3,16" ten="362,226,196,206" oya="1" hai0="9,68,56,22,34,31,63,47,117,29,124,126,98" hai1="57,102,20,10,105,45,44,96,33,78,12,116,87" hai2="94,66,81,100,121,85,0,119,26,46,80,50,99" hai3="62,112,24,95,118,43,6,59,38,106,4,113,101"/><U120/><E33/><V71/><F119/><W103/><G118/><T35/><D117/><U90/><E120/><V39/><F121/><W82/><G106/><T79/><D68/><U55/><E78/><V86/><F39/><W91/><G38/><T19/><D9/><U7/><E116/><V92/><F0/><W70/><G43/><T53/><D79/><U133/><E133/><V77/><F71/><W40/><G40/><T11/><D11/><U128/><E128/><V134/><F66/><W65/><G70/><T122/><D122/><U61/><REACH who="1" step="1"/><E20/><REACH who="1" ten="362,216,196,206" step="2"/><V17/><F134/><W13/><G113/><T32/><D32/><U123/><E123/><V67/><F77/><W41/><G112/><T73/><D34/><U37/><E37/><V3/><F3/><W75/><G75/><T88/><D35/><U5/><E5/><V111/><F111/><W69/><G4/><T54/><D73/><U132/><E132/><V27/><F85/><W18/><G6/><T76/><D76/><U52/><E52/><V2/><F86/><W25/><G65/><T64/><D64/><U21/><E21/><N who="2" m="13615" /><F2/><W1/><G1/><T97/><D53/><U114/><E114/><V115/><F67/><W109/><G109/><T74/><D54/><U36/><E36/><V23/><F115/><W108/><G108/><T14/><D74/><U125/><E125/><V83/><F23/><W89/><G41/><T28/><D126/><U129/><E129/><V131/><F131/><W72/><G72/><T42/><D124/><U51/><E51/><V60/><F50/><W49/><G49/><RYUUKYOKU ba="3,2" sc="362,-10,216,30,196,-10,206,-10" hai1="7,10,12,44,45,55,57,61,87,90,96,102,105" /><INIT seed="1,4,2,1,4,132" ten="352,246,186,196" oya="1" hai0="54,103,18,101,97,72,5,71,38,88,47,134,102" hai1="51,106,67,115,28,98,36,64,30,42,25,125,68" hai2="108,83,60,3,20,129,130,48,41,124,31,123,0" hai3="50,84,29,35,49,78,110,37,46,105,131,2,126"/><U91/><E115/><V57/><F123/><W55/><G105/><T89/><D71/><U53/><E30/><V17/><F108/><W94/><G2/><T7/><D72/><U111/><E111/><V33/><F31/><W112/><G112/><T107/><D134/><U109/><E109/><V99/><F33/><W93/><G37/><T45/><D107/><U59/><E91/><N who="0" m="34889" /><D38/><U81/><E81/><V27/><F124/><W100/><G131/><N who="2" m="50185" /><F99/><W26/><G110/><T113/><D113/><U21/><E125/><V56/><F83/><W117/><G117/><T9/><D97/><U14/><E14/><V40/><F57/><W85/><G126/><T12/><D54/><U90/><E68/><V128/><N who="2" m="50193" /><V133/><DORA hai="24" /><F133/><W116/><G116/><T10/><D10/><U32/><E32/><V43/><F48/><W92/><G100/><T11/><D11/><U23/><E23/><V86/><F86/><W19/><G78/><T74/><D74/><U114/><E114/><V79/><F79/><W77/><G77/><T73/><D73/><U1/><E1/><V127/><F127/><W120/><G120/><T104/><D104/><U44/><REACH who="1" step="1"/><E106/><REACH who="1" ten="352,236,186,196" step="2"/><V63/><F63/><W8/><REACH who="3" step="1"/><G49/><REACH who="3" ten="352,236,186,186" step="2"/><T70/><D103/><U4/><E4/><V66/><AGARI ba="4,4" hai="0,3,17,20,27,40,41,43,56,60,66" m="50193" machi="66" ten="50,1600,0" yaku="19,1" doraHai="132,24" who="2" fromWho="2" sc="352,-8,236,-12,186,68,186,-8" /><INIT seed="2,0,0,1,0,75" ten="344,224,254,178" oya="2" hai0="123,44,110,102,13,35,56,87,4,57,0,77,83" hai1="88,20,17,10,58,116,64,128,9,39,1,122,91" hai2="37,89,36,53,22,130,71,2,51,46,15,101,12" hai3="19,108,127,74,76,52,93,129,50,68,24,133,7"/><V85/><F2/><W86/><G68/><T42/><D35/><U98/><E116/><V82/><F130/><W119/><G119/><T25/><D123/><U33/><E33/><V14/><F71/><W63/><G129/><T100/><D0/><U90/><E39/><V117/><F117/><W70/><G7/><T99/><D25/><U97/><E122/><V21/><F101/><N who="0" m="39018" /><D99/><N who="1" m="37899" /><E1/><V59/><F37/><W47/><G127/><T45/><D45/><U94/><E94/><V73/><F73/><W114/><G114/><T105/><D13/><N who="1" m="9263" /><E128/><V96/><F96/><W125/><G125/><T109/><D4/><U43/><E43/><N who="2" m="25055" /><F36/><W65/><G74/><T55/><D55/><U67/><E58/><V134/><F134/><W120/><G133/><T32/><D32/><U81/><E81/><V61/><AGARI ba="0,0" hai="12,14,15,21,22,53,59,61,82,85,89" m="25055" machi="61" ten="30,1500,0" yaku="8,1" doraHai="75" who="2" fromWho="2" sc="344,-5,224,-5,254,15,178,-5" /><INIT seed="2,1,0,5,4,44" ten="339,219,269,173" oya="2" hai0="90,114,81,47,72,57,1,130,103,70,46,118,102" hai1="49,0,55,40,124,126,98,131,4,123,74,65,66" hai2="18,2,62,112,43,135,34,39,15,93,28,50,106" hai3="75,32,104,51,68,79,3,8,53,122,117,134,45"/><V31/><F39/><W16/><G117/><T59/><D70/><U107/><E74/><V73/><F112/><W125/><G122/><T119/><D1/><U96/><E131/><V110/><F106/><W13/><G32/><T9/><D114/><U17/><E17/><V108/><F2/><W128/><G104/><T88/><D130/><U33/><E33/><V60/><F73/><W109/><G128/><T12/><D72/><U67/><E40/><V92/><F135/><W129/><G129/><T10/><D12/><U11/><E123/><V69/><F92/><W7/><G134/><T133/><D81/><U132/><E132/><AGARI ba="1,0" hai="9,10,46,47,57,59,88,90,102,103,118,119,132,133" machi="132" ten="25,3200,0" yaku="22,2,54,1" doraHai="44" who="0" fromWho="1" sc="339,35,219,-35,269,0,173,0" /><INIT seed="3,0,0,2,5,81" ten="374,184,269,173" oya="3" hai0="130,49,98,9,50,32,117,11,124,89,134,122,51" hai1="75,26,125,41,85,95,111,38,21,67,66,135,70" hai2="112,30,123,14,62,16,13,113,63,20,74,10,73" hai3="7,96,86,102,71,19,1,3,101,65,25,24,68"/><W93/><G65/><T109/><D122/><U94/><E75/><V36/><F36/><W97/><G7/><T118/><D32/><U114/><E114/><V33/><F74/><W87/><G93/><T110/><D130/><U23/><E70/><V17/><F73/><W76/><G19/><T37/><D37/><U128/><E38/><V60/><F123/><W42/><G76/><T83/><D134/><U48/><E135/><V55/><F55/><W31/><G31/><T34/><D34/><U90/><E128/><V47/><F33/><W72/><G72/><T99/><D124/><U53/><E125/><V131/><F131/><W92/><G92/><N who="0" m="56591" /><D99/><U40/><E95/><V104/><F30/><W115/><G42/><N who="1" m="16490" /><E111/><N who="0" m="42505" /><D83/><U77/><E77/><V106/><F47/><W35/><G35/><T27/><D27/><U45/><E21/><V18/><F20/><W56/><G56/><T44/><D44/><U80/><E80/><V88/><F10/><AGARI ba="0,0" hai="9,10,11,49,50,51,117,118" m="42505,56591" machi="10" ten="30,1000,0" yaku="14,1" doraHai="81" who="0" fromWho="2" sc="374,10,184,0,269,-10,173,0" owari="384,48.4,184,-21.6,259,5.9,173,-32.7" /></mjloggm>