<mjloggm ver="2.3"><GO type="225" lobby="0"/><UN n0="%6D%75%75%6D%75%72%61" n1="%E3%83%B4%E3%83%A0%EF%BC%99%E3%81%A6" n2="%E6%97%A5%E6%9B%9C%E6%97%A5%E3%82%88%E3%82%8A%E3%81%AE%E4%BD%BF%E8%80%85" n3="%E6%80%AA%E3%81%97%E3%81%99%E3%81%8E%E3%82%8B%E3%83%81%E3%83%BC" dan="16,17,17,16" rate="2188.94,2201.06,2181.19,2113.10" sx="F,M,M,M"/><TAIKYOKU oya="0"/><INIT seed="0,0,0,0,4,80" ten="250,250,250,250" oya="0" hai0="100,51,6,84,25,55,87,104,27,54,112,88,115" hai1="17,78,106,76,108,135,119,1,86,68,18,28,126" hai2="7,114,120,95,82,69,38,71,125,58,53,129,29" hai3="19,64,132,118,128,0,102,44,91,94,123,65,57"/><T37/><D37/><U77/><E119/><V73/><F114/><W35/><G118/><T33/><D6/><U48/><E106/><V14/><F120/><W50/><G35/><T133/><D133/><U52/><E135/><V122/><F122/><W70/><G0/><T36/><D36/><U134/><E134/><V59/><F38/><W97/><G70/><T116/><D116/><U74/><E74/><V23/><F73/><W22/><G128/><T109/><D109/><U10/><E68/><V111/><F82/><W43/><G123/><T32/><D104/><U93/><E126/><V24/><F95/><N who="3" m="58687" /><G57/><T110/><D110/><U56/><E108/><V113/><F113/><W75/><G75/><T12/><D12/><N who="1" m="7319" /><E1/><V13/><F59/><W11/><G11/><T81/><D100/><U124/><E124/><V83/><F125/><W107/><G107/><T90/><D81/><N who="1" m="47399" /><E28/><V26/><F111/><W42/><G132/><T16/><REACH who="0" step="1"/><D51/><REACH who="0" ten="240,250,250,250" step="2"/><U3/><E3/><V39/><F39/><W5/><G5/><T49/><D49/><U4/><E4/><V131/><F7/><W41/><G43/><T8/><D8/><U61/><E48/><N who="2" m="31015" /><F83/><W96/><G42/><T9/><D9/><U46/><E46/><V62/><F13/><AGARI ba="0,1" hai="13,19,22,41,44,50,64,65,91,94,96" m="58687" machi="13" ten="30,1000,0" yaku="8,1" doraHai="80" who="3" fromWho="2" sc="240,0,250,0,250,-10,250,20" /><INIT seed="1,0,0,3,3,70" ten="240,250,240,270" oya="1" hai0="15,10,120,108,28,21,133,83,69,50,68,106,42" hai1="62,61,85,23,124,60,96,34,81,132,37,59,99" hai2="16,3,54,127,45,94,27,122,6,44,84,58,92" hai3="110,97,73,79,88,77,91,11,20,22,8,51,55"/><U102/><E34/><V0/><F122/><W109/><G51/><T63/><D108/><N who="3" m="41577" /><G55/><T125/><D133/><U131/><E132/><V129/><F127/><W80/><G97/><T31/><D125/><U43/><E124/><V7/><F129/><W76/><G73/><T90/><D106/><U89/><E131/><V117/><F117/><W33/><G33/><T56/><D120/><U75/><E75/><V52/><F27/><W103/><G103/><T126/><D126/><U128/><E128/><V48/><F84/><N who="3" m="50183" /><G91/><T123/><D123/><U19/><E102/><V12/><F0/><W64/><G64/><T1/><D1/><U49/><E49/><N who="2" m="28711" /><F3/><W72/><G72/><T18/><D50/><U41/><E41/><N who="2" m="24623" /><F94/><W74/><G74/><T130/><D42/><U113/><E43/><V114/><F92/><W98/><G98/><T93/><D130/><U57/><E96/><V107/><F107/><W118/><G118/><T14/><D14/><BYE who="0" /><U32/><E99/><V30/><F114/><W87/><G87/><T71/><D71/><U116/><E113/><V26/><F54/><UN n0="%6D%75%75%6D%75%72%61" /><W9/><AGARI ba="0,0" hai="8,9,11,20,22,76,77,79" m="50183,41577" machi="9" ten="40,2700,0" yaku="14,1,54,1" doraHai="70" who="3" fromWho="3" sc="240,-7,250,-13,240,-7,270,27" /><INIT seed="2,0,0,1,1,99" ten="233,237,233,297" oya="2" hai0="133,8,70,67,105,127,28,22,3,68,60,100,32" hai1="93,2,110,71,119,18,132,84,53,81,16,108,62" hai2="130,95,73,135,9,34,118,36,25,30,20,33,109" hai3="66,126,111,96,128,92,102,10,63,45,88,91,124"/><V80/><F36/><W75/><G75/><T113/><D113/><U43/><E119/><V106/><F106/><W35/><G35/><T85/><D127/><N who="3" m="48681" /><G111/><N who="1" m="42538" /><E2/><V122/><F118/><W104/><G128/><T123/><D123/><U116/><E116/><V61/><F109/><W86/><G91/><T23/><D133/><U0/><E0/><V89/><F130/><W27/><G45/><T15/><D70/><U13/><E132/><V48/><F135/><W55/><G55/><T134/><D3/><U117/><E43/><V64/><F122/><W121/><G27/><N who="0" m="18463" /><D134/><U69/><E117/><V107/><F107/><W41/><G41/><T74/><D74/><U19/><E93/><V40/><F73/><W46/><G46/><T12/><D85/><U49/><E62/><V56/><F80/><W58/><G10/><T11/><D11/><U24/><E24/><V29/><F9/><W83/><G121/><T120/><D120/><U54/><E13/><N who="0" m="5193" /><D8/><U79/><E53/><V94/><F94/><AGARI ba="0,0" hai="58,63,66,83,86,88,92,94,96,102,104" m="48681" machi="94" ten="30,3900,0" yaku="18,1,52,1,54,1" doraHai="99" who="3" fromWho="2" sc="233,0,237,0,233,-39,297,39" /><INIT seed="3,0,0,4,4,49" ten="233,237,194,336" oya="3" hai0="104,73,48,130,14,52,44,61,20,82,117,115,133" hai1="132,121,40,96,134,125,29,30,97,13,89,24,6" hai2="63,26,5,90,72,81,36,129,4,42,39,51,21" hai3="123,95,131,60,58,46,75,64,103,12,9,33,15"/><W19/><G33/><T127/><D117/><U128/><E121/><V126/><F126/><W91/><G75/><T37/><D104/><U55/><E125/><V17/><F129/><W11/><G131/><T10/><D127/><U78/><E128/><V43/><F39/><W54/><G103/><T77/><D130/><U79/><E40/><V34/><F34/><W98/><G123/><T118/><D133/><N who="1" m="51307" /><E55/><V31/><F36/><W41/><G64/><T120/><D118/><U67/><E67/><V99/><F72/><W23/><G15/><T94/><D20/><U100/><E89/><V83/><F63/><W80/><G80/><T0/><D0/><U65/><E29/><V32/><F32/><W38/><AGARI ba="0,0" hai="9,11,12,19,23,38,41,46,54,58,60,91,95,98" machi="38" ten="20,3900,0" yaku="0,1,7,1,52,1" doraHai="49" who="3" fromWho="3" sc="233,-13,237,-13,194,-13,336,39" owari="220,-18.0,224,2.4,181,-31.9,375,47.5" /></mjloggm>