<mjloggm ver="2.3"><GO type="225" lobby="0"/><UN n0="%77%72%77%72%77%72%77%72" n1="%E3%81%8B%E3%82%8F%E3%81%A1%E3%82%83%E3%82%93%35%38" n2="%33%74%72%65%65" n3="%E3%81%BF%E3%81%BF%E3%81%9A" dan="17,16,16,17" rate="2169.67,2143.16,2101.50,2326.54" sx="M,M,F,M"/><TAIKYOKU oya="0"/><INIT seed="0,0,0,0,3,71" ten="250,250,250,250" oya="0" hai0="117,47,90,54,96,124,86,55,10,84,36,119,25" hai1="95,133,3,50,51,18,7,38,106,79,52,93,122" hai2="21,126,80,135,29,102,43,67,60,53,58,34,76" hai3="104,22,6,100,83,128,123,9,116,111,134,121,4"/><T28/><D124/><U98/><E133/><V17/><F126/><W103/><G116/><T115/><D115/><U12/><E122/><N who="3" m="46602" /><G134/><T19/><D96/><U70/><E70/><V45/><F135/><W99/><G111/><T110/><D86/><U59/><E106/><V114/><F114/><W16/><G128/><T56/><D110/><U108/><E108/><V87/><F102/><N who="3" m="62559" /><G83/><T65/><D65/><U113/><E113/><V24/><F67/><W30/><G30/><T40/><D19/><U107/><E107/><V77/><F77/><W75/><G75/><T61/><D10/><U74/><E38/><V91/><F76/><W23/><G23/><T44/><D54/><U132/><E132/><V11/><F11/><W130/><G130/><T66/><D47/><U35/><E35/><V39/><F34/><W32/><G32/><T85/><D85/><U1/><E7/><N who="3" m="2602" /><G9/><T89/><D66/><U41/><E79/><V92/><REACH who="2" step="1"/><F29/><REACH who="2" ten="250,250,240,250" step="2"/><W101/><G101/><T78/><D78/><U27/><E74/><V118/><F118/><W97/><G97/><T0/><D0/><U81/><E1/><V64/><F64/><W48/><G48/><T109/><D109/><U72/><E3/><V31/><F31/><W37/><G37/><T120/><D120/><U82/><E72/><V42/><F42/><W14/><AGARI ba="0,1" hai="14,16,22,100,103" m="2602,62559,46602" machi="14" ten="30,2000,0" yaku="13,1,54,1" doraHai="71" who="3" fromWho="3" sc="250,-10,250,-5,240,-5,250,30" /><INIT seed="1,0,0,3,4,30" ten="240,245,235,280" oya="1" hai0="120,79,77,113,7,72,35,31,47,119,38,42,28" hai1="25,19,24,66,85,43,107,50,36,121,60,23,104" hai2="45,98,111,126,48,65,115,86,8,91,52,41,94" hai3="103,9,74,110,134,6,133,90,33,18,55,97,62"/><U37/><E121/><V26/><F111/><W80/><G110/><T54/><D113/><U123/><E123/><V109/><F109/><W58/><G18/><T89/><D119/><U100/><E85/><V87/><F115/><W12/><G33/><T22/><D120/><U53/><E25/><V88/><F126/><W0/><G0/><T59/><D7/><U15/><E43/><V125/><F125/><W1/><G1/><T34/><D89/><U49/><E49/><V39/><F65/><W132/><G90/><T16/><D31/><U2/><E2/><V83/><F8/><W92/><G80/><T105/><D105/><U101/><E107/><V118/><F26/><W117/><REACH who="3" step="1"/><G74/><REACH who="3" ten="240,245,235,270" step="2"/><T64/><D28/><U96/><E100/><V17/><F17/><W102/><G102/><T124/><D124/><U78/><E78/><V127/><F127/><W21/><G21/><T71/><D72/><U32/><E32/><V70/><F118/><AGARI ba="0,1" hai="6,9,12,55,58,62,92,97,103,117,118,132,133,134" machi="118" ten="50,3200,0" yaku="1,1,20,1,53,0" doraHai="30" doraHaiUra="116" who="3" fromWho="2" sc="240,0,245,0,235,-32,270,42" /><INIT seed="2,0,0,1,3,131" ten="240,245,203,312" oya="2" hai0="52,94,104,56,49,36,76,115,26,16,96,87,22" hai1="98,17,30,83,2,72,117,19,106,77,62,80,9" hai2="13,58,34,31,66,6,1,53,125,107,27,15,89" hai3="44,105,109,32,67,132,92,84,42,37,64,57,48"/><V41/><F125/><W51/><G105/><T103/><D115/><U45/><E117/><V14/><F107/><W114/><G32/><T5/><D36/><U65/><E30/><V70/><F41/><W85/><G114/><T24/><D5/><U100/><E45/><V111/><F111/><W71/><G109/><T127/><D127/><U93/><E80/><V7/><F1/><W39/><G92/><T25/><D104/><U20/><E20/><V86/><F66/><W60/><G85/><T21/><D21/><U118/><E118/><V133/><F70/><N who="3" m="42247" /><G84/><T74/><D74/><U38/><E38/><V128/><F128/><W129/><G132/><T120/><D120/><U99/><E9/><V3/><F3/><W69/><G129/><T46/><D46/><U12/><E12/><V126/><F133/><W122/><G122/><T55/><D55/><U33/><E33/><V10/><F6/><W82/><G82/><AGARI ba="0,0" hai="16,22,24,25,26,49,52,56,76,82,87,94,96,103" machi="82" ten="40,5200,0" yaku="8,1,54,2" doraHai="131" who="0" fromWho="3" sc="240,52,245,0,203,0,312,-52" /><INIT seed="3,0,0,0,0,25" ten="292,245,203,260" oya="3" hai0="120,9,40,49,75,82,135,43,7,111,30,65,97" hai1="2,85,36,61,83,114,56,34,21,84,116,67,63" hai2="103,131,46,32,69,123,70,14,73,39,72,81,5" hai3="57,101,53,41,112,17,134,44,20,106,86,15,12"/><W91/><G112/><T108/><D120/><U29/><E114/><V87/><F131/><W89/><G134/><T109/><D135/><U22/><E36/><V54/><F123/><W117/><G117/><T115/><D115/><U130/><E2/><V27/><F103/><W24/><G106/><T50/><D30/><U107/><E107/><V88/><F72/><W129/><G101/><T98/><D65/><U121/><E121/><V126/><F126/><W31/><G129/><T19/><D19/><U124/><E130/><V100/><F100/><W93/><G91/><T104/><D82/><U66/><E116/><V113/><F113/><W132/><G132/><T45/><D75/><U92/><E124/><V95/><F5/><W28/><G12/><N who="0" m="5183" /><D104/><U51/><E51/><N who="0" m="19465" /><D40/><U128/><E128/><V122/><F122/><W11/><G44/><T64/><D64/><U125/><E125/><V10/><F54/><W133/><G41/><T119/><D119/><U105/><E105/><V118/><F118/><W74/><G74/><T0/><D0/><U4/><E4/><V79/><F46/><W55/><G133/><T23/><D23/><N who="1" m="8715" /><E92/><V52/><F39/><AGARI ba="0,0" hai="39,43,45,97,98,108,109,111" m="19465,5183" machi="39" ten="30,1000,0" yaku="14,1" doraHai="25" who="0" fromWho="2" sc="292,10,245,0,203,-10,260,0" owari="302,40.2,245,-15.5,193,-30.7,260,6.0" /></mjloggm>