<mjloggm ver="2.3"><GO type="225" lobby="0"/><UN n0="%4D%50%43%32%38%30%30" n1="%E6%97%A5%E6%9B%9C%E6%97%A5%E3%82%88%E3%82%8A%E3%81%AE%E4%BD%BF%E8%80%85" n2="%E3%81%B7%E3%82%8A%E3%82%93%E8%81%96%E4%BA%BA" n3="%6D%75%75%6D%75%72%61" dan="16,17,16,16" rate="2193.07,2153.12,2154.89,2099.24" sx="M,M,M,F"/><TAIKYOKU oya="0"/><INIT seed="0,0,0,2,1,26" ten="250,250,250,250" oya="0" hai0="59,112,113,0,49,111,17,128,86,47,88,9,28" hai1="129,34,73,102,117,75,124,37,60,45,96,2,42" hai2="121,123,52,25,85,53,31,30,8,62,80,29,46" hai3="15,68,94,14,100,125,55,41,82,74,72,93,134"/><T77/><D128/><U79/><E117/><V110/><F121/><W104/><G68/><T87/><D111/><U97/><E124/><V84/><F110/><W51/><G125/><T27/><D59/><U126/><E126/><V43/><F123/><W39/><G134/><T4/><D17/><U63/><E129/><V35/><F8/><W69/><G69/><T106/><D106/><U23/><E34/><V18/><F84/><W3/><G3/><T127/><D87/><U120/><E120/><V56/><F53/><W67/><G67/><T89/><D77/><U36/><E36/><V32/><F18/><W118/><G118/><T81/><D89/><U119/><E119/><V65/><F65/><W103/><G39/><T58/><D58/><U105/><E97/><V107/><F107/><W50/><G104/><T10/><D10/><U11/><E23/><V33/><F33/><W70/><G70/><T57/><D57/><U13/><E75/><V109/><F109/><W83/><REACH who="3" step="1"/><G55/><REACH who="3" ten="250,250,250,240" step="2"/><T61/><D127/><U108/><E108/><V19/><F35/><W64/><G64/><T16/><D61/><U54/><E54/><V91/><F19/><W95/><G95/><T114/><D16/><N who="1" m="8255" /><E2/><V20/><F32/><W92/><G92/><T133/><D133/><U135/><E135/><V21/><F21/><W40/><AGARI ba="0,1" hai="14,15,40,41,50,51,72,74,82,83,93,94,100,103" machi="40" ten="25,12000,2" yaku="1,1,0,1,22,2,53,2" doraHai="26" doraHaiUra="38" who="3" fromWho="3" sc="250,-60,250,-30,250,-30,240,130" /><INIT seed="1,0,0,5,0,103" ten="190,220,220,370" oya="1" hai0="53,16,34,69,61,104,27,0,67,118,30,114,20" hai1="87,48,122,25,37,51,43,39,133,59,100,32,54" hai2="130,21,125,132,65,107,4,63,15,7,105,99,47" hai3="10,44,72,14,109,31,76,52,12,98,134,121,45"/><U26/><E122/><V119/><F119/><W101/><G121/><T57/><D118/><U8/><E133/><V42/><F132/><W112/><G134/><T77/><D77/><U35/><E100/><V135/><F135/><W94/><G112/><T3/><D114/><U80/><E8/><V36/><F130/><W89/><G109/><T23/><D34/><U90/><E32/><V46/><F46/><W49/><G31/><T70/><D104/><U60/><E35/><V123/><F99/><W127/><G127/><T95/><D95/><U28/><E28/><V115/><F115/><W22/><G101/><T13/><REACH who="0" step="1"/><D70/><REACH who="0" ten="180,220,220,370" step="2"/><U110/><E110/><V75/><F123/><W71/><G71/><T17/><D17/><U64/><E39/><V108/><F108/><W38/><G76/><T111/><D111/><U58/><E37/><V85/><F125/><W5/><G38/><T74/><D74/><U116/><E116/><V96/><F75/><W124/><G72/><T40/><D40/><U97/><E97/><V33/><F96/><W113/><G113/><T86/><D86/><U83/><E83/><V62/><F33/><W2/><G124/><T11/><D11/><U56/><E43/><V120/><F120/><W66/><G98/><T29/><D29/><U91/><E91/><V93/><F93/><W50/><G94/><T19/><D19/><U106/><E106/><N who="2" m="40459" /><F85/><W92/><G92/><T73/><D73/><U84/><E84/><V24/><F4/><N who="3" m="1303" /><G89/><T78/><D78/><U41/><E41/><V131/><F131/><W102/><G102/><T79/><D79/><RYUUKYOKU ba="0,1" sc="180,15,220,15,220,-15,370,-15" hai0="0,3,13,16,20,23,27,30,53,57,61,67,69" hai1="25,26,48,51,54,56,58,59,60,64,80,87,90" /><INIT seed="1,1,1,0,3,87" ten="195,235,205,355" oya="1" hai0="30,55,116,21,9,41,4,70,109,84,123,15,51" hai1="3,36,59,102,57,77,44,78,25,101,89,54,65" hai2="37,5,8,81,60,24,56,40,111,16,58,83,90" hai3="93,39,74,112,61,63,47,92,98,120,28,43,99"/><U14/><E3/><V128/><F111/><W26/><G112/><T133/><D116/><U108/><E108/><V72/><F128/><W27/><G74/><T132/><D109/><U34/><E34/><V122/><F122/><W2/><G2/><T20/><D70/><U10/><E25/><V113/><F113/><W32/><G120/><T23/><D123/><U0/><E0/><V110/><F110/><W86/><G86/><T11/><D41/><U103/><E36/><V135/><F135/><N who="0" m="51786" /><D84/><U82/><E65/><V67/><F58/><W45/><G45/><N who="0" m="28143" /><D11/><U69/><E69/><V117/><F117/><W12/><G47/><T29/><AGARI ba="1,1" hai="4,9,15,20,21,23,29,30" m="28143,51786" machi="29" ten="40,1500,0" yaku="20,1" doraHai="87" who="0" fromWho="0" sc="195,28,235,-8,205,-5,355,-5" /><INIT seed="2,0,0,1,5,68" ten="223,227,200,350" oya="2" hai0="23,121,73,89,72,2,3,88,47,41,21,52,75" hai1="58,90,114,62,119,19,46,118,113,120,83,124,20" hai2="79,87,14,128,84,106,53,112,82,105,44,122,28" hai3="80,65,111,59,74,27,104,9,96,61,103,35,127"/><V76/><F122/><W71/><G111/><T4/><D121/><U8/><E120/><V70/><F70/><W50/><G127/><T107/><D107/><U29/><E124/><V78/><F112/><W43/><G9/><T26/><D23/><U6/><E29/><V10/><F28/><N who="3" m="19871" /><G80/><T12/><D12/><U125/><E125/><V55/><F128/><W67/><G67/><T25/><D25/><U132/><E132/><V131/><F131/><W54/><G43/><T130/><D130/><U51/><E114/><V134/><F134/><W16/><G16/><T38/><D52/><N who="2" m="20042" /><F105/><W42/><G42/><T86/><D4/><U56/><E6/><N who="2" m="3415" /><F106/><W39/><G74/><T31/><REACH who="0" step="1"/><D89/><REACH who="0" ten="213,227,200,350" step="2"/><U85/><E113/><V64/><F64/><W49/><G65/><T81/><AGARI ba="0,1" hai="2,3,21,26,31,38,41,47,72,73,75,81,86,88" machi="81" ten="30,8000,1" yaku="1,1,2,1,0,1,52,1,54,1,53,0" doraHai="68" doraHaiUra="123" who="0" fromWho="0" sc="213,90,227,-20,200,-40,350,-20" /><INIT seed="3,0,0,3,3,118" ten="303,207,160,330" oya="3" hai0="39,80,119,8,16,7,20,1,62,18,26,83,13" hai1="128,70,46,17,75,32,78,49,64,85,63,109,29" hai2="121,23,73,129,71,61,9,58,4,5,15,89,116" hai3="65,66,41,3,107,52,81,99,51,68,30,72,101"/><W22/><G3/><T104/><D119/><U125/><E75/><V127/><F73/><W86/><G72/><T55/><D104/><U47/><E32/><V44/><F71/><W117/><G68/><T50/><D39/><U98/><E29/><V76/><F116/><W45/><G117/><T88/><D62/><U24/><E98/><V114/><F114/><W33/><G33/><T108/><D108/><U103/><E103/><V82/><F129/><W93/><G107/><T12/><D1/><U105/><E105/><V79/><F5/><W69/><G69/><T132/><D132/><U131/><E109/><V96/><F127/><W87/><G87/><N who="0" m="50279" /><D83/><N who="1" m="47351" /><E49/><V122/><F44/><W134/><G134/><T95/><D95/><U130/><E125/><V111/><F111/><W31/><G41/><T48/><D55/><U27/><E17/><V11/><F11/><AGARI ba="0,0" hai="7,8,11,12,13,16,18,20,26,48,50" m="50279" machi="11" ten="30,3900,0" yaku="8,1,54,2" doraHai="118" who="0" fromWho="2" sc="303,39,207,0,160,-39,330,0" owari="342,44.2,207,-19.3,121,-37.9,330,13.0" /></mjloggm>