<mjloggm ver="2.3"><GO type="225" lobby="0"/><UN n0="%E3%81%BF%E3%81%BF%E3%81%9A" n1="%E3%83%A9%E3%83%BC%E3%83%A1%E3%83%B3%E4%BA%94%E9%83%8E" n2="%E3%80%93%E3%81%97%E3%83%BC%E3%82%89%E3%80%93" n3="%E3%81%B5%E3%81%98%E3%81%8B%E3%81%A4" dan="16,16,16,16" rate="2178.91,2055.36,2069.46,2204.97" sx="M,M,M,M"/><TAIKYOKU oya="0"/><INIT seed="0,0,0,1,4,63" ten="250,250,250,250" oya="0" hai0="29,86,108,21,125,33,102,52,31,49,101,43,79" hai1="38,110,57,121,119,71,58,129,39,60,81,72,47" hai2="4,27,82,94,35,88,124,48,120,55,53,56,3" hai3="90,84,93,66,134,98,14,7,37,23,6,95,111"/><T135/><D33/><U122/><E119/><V74/><F120/><W123/><G123/><T15/><D43/><U131/><E81/><V80/><F124/><W62/><G134/><T69/><D69/><U24/><E24/><V104/><F104/><W54/><G111/><T20/><D125/><U9/><E9/><V83/><F3/><W61/><G37/><N who="1" m="13834" /><E72/><V18/><F4/><W13/><G54/><T115/><D115/><U78/><E78/><V89/><F74/><W59/><G61/><T109/><D135/><U11/><E11/><V25/><F35/><W17/><REACH who="3" step="1"/><G13/><REACH who="3" ten="250,250,250,240" step="2"/><T40/><D40/><U1/><E110/><N who="0" m="42601" /><D15/><U107/><E121/><V112/><F112/><W113/><G113/><T97/><D29/><U30/><E30/><V70/><F55/><W36/><G36/><T85/><D31/><U28/><E122/><V117/><F53/><W41/><G41/><T45/><D102/><AGARI ba="0,1" hai="6,7,14,17,23,59,62,66,84,90,93,95,98,102" machi="102" ten="30,7700,0" yaku="1,1,7,1,8,1,52,1,53,0" doraHai="63" doraHaiUra="65" who="3" fromWho="0" sc="250,-77,250,0,250,0,240,87" /><INIT seed="1,0,0,2,0,49" ten="173,250,250,327" oya="1" hai0="16,123,103,90,31,20,120,115,124,72,69,25,111" hai1="112,2,130,98,97,87,84,88,57,50,24,109,29" hai2="85,107,122,127,102,4,78,117,125,129,116,96,80" hai3="39,53,118,34,76,67,132,5,58,104,51,126,18"/><U99/><E112/><V91/><F4/><W36/><G104/><T108/><D72/><U77/><E2/><V19/><F19/><W40/><G34/><T12/><D103/><U106/><E130/><V42/><F42/><W0/><G76/><T110/><D69/><U9/><E106/><V64/><F64/><W13/><G126/><N who="2" m="48137" /><F129/><W15/><G132/><T114/><D90/><U47/><E109/><V81/><F122/><N who="0" m="46634" /><D124/><U63/><E9/><AGARI ba="0,0" hai="9,12,16,20,25,31,108,110,111,114,115" m="46634" machi="9" ten="40,8000,1" yaku="14,1,13,1,34,2,54,1" doraHai="49" who="0" fromWho="1" sc="173,80,250,-80,250,0,327,0" /><INIT seed="2,0,0,1,5,13" ten="253,170,250,327" oya="2" hai0="47,64,53,66,118,15,106,77,4,78,49,85,108" hai1="114,111,14,120,129,32,92,26,86,76,58,103,88" hai2="7,84,43,95,55,117,50,116,98,9,123,56,33" hai3="102,107,133,46,0,28,79,110,135,68,112,70,134"/><V115/><F33/><W57/><G0/><T99/><D108/><U125/><E114/><V72/><F72/><W8/><G112/><T6/><D118/><U91/><E111/><V40/><F115/><W80/><G110/><T124/><D124/><U21/><E125/><V54/><F123/><W63/><G46/><T126/><D126/><U31/><E120/><V11/><F117/><W25/><G8/><N who="2" m="3145" /><F116/><W89/><G89/><T132/><D132/><U36/><E129/><V81/><F55/><N who="3" m="34239" /><G102/><T109/><D109/><U104/><E36/><V51/><F51/><W97/><G97/><T35/><D35/><U130/><E130/><V83/><F7/><W34/><G107/><T45/><D99/><U100/><E104/><V105/><F105/><W90/><G90/><T18/><D106/><U71/><E76/><N who="0" m="29289" /><D85/><AGARI ba="0,0" hai="25,28,34,68,70,79,80,85,133,134,135" m="34239" machi="85" ten="30,1000,0" yaku="20,1" doraHai="13" who="3" fromWho="0" sc="253,-10,170,0,250,0,327,10" /><INIT seed="3,0,0,3,1,70" ten="243,170,250,337" oya="3" hai0="87,0,126,37,2,83,81,63,123,94,102,41,27" hai1="16,121,135,97,124,39,43,49,1,47,38,19,129" hai2="15,127,73,57,79,89,53,99,36,96,46,132,98" hai3="58,104,29,108,51,106,23,107,112,131,105,34,42"/><W48/><G112/><T100/><D123/><U35/><E121/><V78/><F127/><W20/><G34/><T7/><D63/><U82/><E35/><V75/><F132/><W64/><G107/><T4/><D27/><U12/><E1/><V11/><F89/><W14/><G131/><T32/><D32/><U114/><E114/><V18/><F75/><W68/><G68/><T13/><D13/><U86/><E124/><V61/><REACH who="2" step="1"/><F73/><REACH who="2" ten="243,170,240,337" step="2"/><W44/><G108/><T113/><D126/><U24/><E135/><V59/><F59/><W6/><G58/><T10/><D113/><U55/><E129/><V88/><F88/><W71/><G71/><T69/><D69/><U25/><E97/><V9/><F9/><W28/><G44/><T134/><D134/><U90/><E19/><V117/><F117/><W80/><G6/><T77/><D83/><U93/><E82/><V92/><F92/><W76/><G80/><T66/><D94/><U95/><E95/><V72/><F72/><W3/><G105/><T45/><D66/><U67/><E67/><V54/><F54/><W56/><G64/><T40/><D40/><AGARI ba="0,1" hai="11,15,18,36,40,46,53,57,61,78,79,96,98,99" machi="40" ten="40,2600,0" yaku="1,1,52,1,53,0" doraHai="70" doraHaiUra="31" who="2" fromWho="0" sc="243,-26,170,0,240,36,337,0" owari="217,-18.3,170,-33.0,276,7.6,337,43.7" /></mjloggm>