<mjloggm ver="2.3"><GO type="225" lobby="0"/><UN n0="%E7%89%B9%E6%9D%B1%E5%96%B0%E8%B5%A4%E9%80%9F" n1="%E3%83%B4%E3%82%A3%E3%83%AF%E3%82%B3%E3%82%B0%E3%83%8B" n2="%6D%75%75%73%61%6E%6D%75" n3="%E9%B3%B3%E6%9D%B1%E3%81%AE%E3%81%86%E3%81%95%E3%81%8E%E3%81%95%E3%82%93" dan="16,16,17,17" rate="2063.15,2207.98,2163.49,2233.00" sx="M,M,F,M"/><TAIKYOKU oya="0"/><INIT seed="0,0,0,1,4,2" ten="250,250,250,250" oya="0" hai0="54,109,106,92,129,39,41,120,27,34,62,31,19" hai1="89,78,20,66,91,94,118,71,122,17,59,23,50" hai2="115,81,43,52,110,87,128,0,100,90,53,123,132" hai3="82,85,6,44,8,119,70,99,98,45,36,24,58"/><T121/><D106/><U26/><E118/><V107/><F123/><W105/><G70/><T64/><D129/><U3/><E122/><V10/><F115/><W22/><G119/><T102/><D109/><U5/><E71/><V65/><F110/><W130/><G130/><T134/><D134/><U117/><E117/><V35/><F128/><W1/><G58/><T57/><D19/><U131/><E131/><V60/><F35/><W29/><G36/><T75/><D75/><U40/><E78/><V72/><F43/><W97/><REACH who="3" step="1"/><G105/><REACH who="3" ten="250,250,250,240" step="2"/><T55/><D120/><U77/><E59/><V101/><F132/><W12/><G12/><T63/><D121/><U133/><E133/><V95/><F107/><W48/><G48/><T4/><D62/><U11/><E50/><V69/><F0/><W46/><G46/><T13/><D39/><U16/><E3/><V125/><F125/><W28/><G28/><T79/><D57/><U56/><E56/><V113/><F113/><W86/><G86/><T51/><D63/><U30/><E30/><V49/><F49/><W9/><G9/><N who="0" m="4263" /><D64/><U124/><E66/><V25/><F10/><W127/><G127/><T33/><D41/><U32/><E40/><V37/><F37/><W83/><G83/><T7/><D51/><U84/><E11/><V47/><F47/><W21/><G21/><N who="1" m="8266" /><E124/><V15/><F15/><W61/><G61/><T96/><D33/><U80/><E32/><V42/><F42/><W116/><G116/><T104/><D104/><U74/><E80/><V103/><F25/><W38/><G38/><T93/><D34/><RYUUKYOKU ba="0,1" sc="250,-15,250,-15,250,15,240,15" hai2="52,53,60,65,69,72,81,87,90,95,100,101,103" hai3="1,6,8,22,24,29,44,45,82,85,97,98,99" /><INIT seed="1,1,1,2,5,61" ten="235,235,265,255" oya="1" hai0="107,101,12,111,14,81,82,89,48,120,117,113,131" hai1="90,32,69,86,80,50,39,22,64,129,21,134,98" hai2="31,72,13,9,73,7,102,132,124,100,105,1,33" hai3="112,35,103,16,3,104,52,99,109,41,126,77,57"/><U40/><E32/><V25/><F124/><W62/><G112/><T23/><D117/><U60/><E134/><V55/><F132/><W15/><G126/><T123/><D113/><U125/><E125/><V28/><F28/><W85/><G3/><T75/><D111/><U76/><E39/><V8/><F55/><W53/><G109/><T5/><D5/><U29/><E129/><V24/><F24/><W10/><G35/><T36/><D36/><U122/><E122/><N who="0" m="46633" /><D131/><U20/><E29/><V74/><REACH who="2" step="1"/><F105/><REACH who="2" ten="235,235,255,255" step="2"/><W87/><G41/><T47/><D107/><U119/><E119/><V51/><F51/><W97/><G53/><T0/><D0/><U11/><E40/><V106/><F106/><W127/><G127/><T133/><D133/><U78/><E50/><V58/><F58/><W121/><G121/><T46/><D48/><U115/><E115/><V38/><F38/><W26/><G26/><T45/><D12/><U118/><E118/><V59/><F59/><W135/><G135/><T88/><D101/><U27/><E27/><V34/><F34/><W56/><G56/><T128/><D128/><U93/><REACH who="1" step="1"/><E11/><REACH who="1" ten="235,225,255,255" step="2"/><V91/><F91/><AGARI ba="1,3" hai="20,21,22,60,64,69,76,78,80,86,90,91,93,98" machi="91" ten="40,18000,2" yaku="1,1,2,1,52,1,53,3" doraHai="61" doraHaiUra="19" who="1" fromWho="2" sc="235,0,225,213,255,-183,255,0" /><INIT seed="1,2,0,5,4,109" ten="235,438,72,255" oya="1" hai0="85,19,37,8,40,117,130,90,17,102,64,116,28" hai1="68,33,2,91,12,52,56,5,35,133,27,77,119" hai2="69,122,53,75,114,118,62,51,46,82,96,105,110" hai3="73,135,128,44,24,10,81,66,101,115,58,41,74"/><U43/><E119/><V1/><F118/><W113/><G101/><T48/><D37/><U16/><E68/><V111/><F122/><W121/><G121/><T93/><D130/><U18/><E133/><V6/><F105/><W106/><G106/><T88/><D102/><U13/><E43/><V9/><F96/><W107/><G107/><T127/><D127/><U103/><E103/><V98/><F98/><W86/><G128/><T50/><D28/><U83/><E2/><V67/><F110/><W45/><G135/><T36/><D36/><U123/><E5/><V39/><F111/><W0/><G24/><T84/><D64/><U60/><E91/><V31/><F31/><W65/><G86/><T132/><D40/><U134/><E27/><V126/><F126/><W94/><G94/><T80/><D132/><U79/><E123/><V78/><REACH who="2" step="1"/><F39/><REACH who="2" ten="235,438,62,255" step="2"/><W72/><G115/><AGARI ba="2,1" hai="1,6,9,46,51,53,62,67,69,75,78,82,114,115" machi="115" ten="40,8000,1" yaku="1,1,2,1,52,2,53,1" doraHai="109" doraHaiUra="76" who="2" fromWho="3" sc="235,0,438,0,62,96,255,-86" /><INIT seed="2,0,0,3,4,101" ten="235,438,158,169" oya="2" hai0="104,1,15,84,57,36,53,60,73,116,80,110,16" hai1="50,123,12,10,66,82,75,117,130,71,6,40,99" hai2="100,91,95,55,2,107,4,45,105,18,46,128,22" hai3="135,111,93,109,27,122,20,26,44,77,87,126,72"/><V0/><F128/><W115/><G122/><T37/><D110/><N who="3" m="41993" /><G135/><T124/><D124/><U38/><E123/><V39/><F100/><W8/><G126/><T49/><D1/><U92/><E71/><V24/><F2/><W127/><G127/><T29/><D73/><U94/><E38/><V131/><F131/><W43/><G115/><T120/><D120/><U21/><E66/><V88/><F91/><N who="3" m="53503" /><G8/><T47/><D104/><U9/><E9/><V76/><F76/><W14/><G14/><T3/><D29/><U134/><E117/><V56/><F0/><W118/><G118/><T28/><D28/><U113/><E6/><V125/><F4/><W129/><G129/><T11/><D3/><U41/><E82/><V90/><F90/><W54/><G54/><N who="0" m="33847" /><D116/><U58/><E113/><V86/><F125/><W114/><G114/><T5/><D5/><U79/><E10/><V34/><F34/><W97/><G97/><T81/><D81/><U63/><E134/><V59/><F59/><W19/><G77/><T13/><D13/><U121/><E12/><V132/><F132/><W68/><G27/><T70/><D70/><U83/><E75/><V85/><F85/><W48/><G68/><T103/><D103/><U106/><E130/><V108/><F108/><W69/><G69/><T23/><D84/><U98/><E79/><V112/><F112/><W31/><G31/><T65/><D80/><U74/><E74/><AGARI ba="0,0" hai="19,20,26,43,44,48,72,74" m="53503,41993" machi="74" ten="30,1000,0" yaku="14,1" doraHai="101" who="3" fromWho="1" sc="235,0,438,-10,158,0,169,10" /><INIT seed="3,0,0,4,0,7" ten="235,428,158,179" oya="3" hai0="34,117,108,48,33,81,26,27,35,133,90,32,29" hai1="61,45,113,53,5,42,101,84,109,16,74,127,110" hai2="60,96,54,68,47,118,124,116,94,51,78,10,20" hai3="104,99,85,131,66,123,12,8,24,44,25,3,49"/><W77/><G123/><T121/><D121/><U52/><E74/><V76/><F124/><W56/><G3/><T100/><D108/><N who="1" m="41579" /><E5/><V19/><F116/><W95/><G131/><T23/><D100/><U31/><E31/><V93/><F118/><W55/><G104/><T97/><D48/><N who="1" m="28687" /><E101/><V92/><F96/><W39/><G77/><N who="2" m="29801" /><F68/><W30/><G85/><T98/><D97/><U72/><E72/><V115/><F115/><W11/><G39/><T38/><D38/><U28/><E61/><V6/><F6/><W64/><G12/><T107/><D26/><N who="3" m="10345" /><G30/><T103/><D117/><U91/><E113/><V135/><F135/><W41/><G41/><T15/><D133/><U134/><E134/><V65/><F60/><N who="3" m="37895" /><G66/><T1/><D1/><U82/><E42/><V69/><F69/><W13/><G13/><T125/><D15/><U50/><E28/><V40/><F65/><W43/><G43/><T129/><D129/><U9/><E127/><V46/><F40/><W21/><G21/><T17/><D125/><U73/><E73/><V14/><F47/><W86/><G86/><N who="0" m="50511" /><D33/><U111/><E111/><V87/><F87/><W89/><AGARI ba="0,0" hai="8,11,44,49,55,89,95,99" m="37895,10345" machi="89" ten="30,6000,0" yaku="8,1,52,2" doraHai="7" who="3" fromWho="3" sc="235,-20,428,-20,158,-20,179,60" /><INIT seed="3,1,0,3,2,93" ten="215,408,138,239" oya="3" hai0="73,103,10,131,55,6,123,7,52,54,49,71,60" hai1="26,85,57,27,43,21,117,9,62,2,47,80,105" hai2="102,20,127,90,124,59,88,81,132,31,44,104,18" hai3="109,79,111,96,56,23,45,135,95,24,94,112,42"/><W41/><G112/><T78/><D123/><U61/><E105/><V115/><F115/><W11/><G135/><T120/><D120/><U106/><E106/><V108/><F132/><W75/><G56/><T86/><D73/><U1/><E117/><V83/><F31/><W12/><G79/><T13/><D131/><U87/><E26/><V70/><F70/><W69/><G75/><T32/><D32/><U28/><E61/><V128/><F44/><W51/><G69/><T74/><D103/><U118/><E118/><V17/><F128/><W92/><G42/><T119/><D74/><U107/><E107/><V33/><F33/><W39/><G39/><T133/><D6/><U30/><E30/><V8/><F8/><W35/><G35/><T76/><D133/><U16/><E28/><V97/><F59/><W130/><G130/><T34/><D34/><U66/><E9/><V67/><F67/><W126/><G126/><T91/><D49/><U5/><E5/><V110/><F20/><W0/><G0/><T99/><D119/><U46/><E46/><V53/><F53/><W89/><G24/><T72/><D60/><U50/><E87/><V68/><F68/><W48/><G51/><T121/><D71/><U65/><E65/><V101/><F104/><W134/><G23/><T40/><D40/><U22/><E21/><V4/><F4/><N who="3" m="3175" /><G134/><T98/><D121/><U63/><E63/><V84/><F84/><W58/><G58/><T64/><D64/><U36/><E50/><V122/><F122/><W29/><G48/><T19/><D72/><U116/><E116/><RYUUKYOKU ba="1,0" sc="215,-15,408,15,138,15,239,-15" hai1="1,2,16,22,27,36,43,47,57,62,66,80,85" hai2="17,18,81,83,88,90,97,101,102,108,110,124,127" owari="200,-20.0,423,52.3,153,-34.7,224,2.4" /></mjloggm>