<mjloggm ver="2.3"><GO type="225" lobby="0"/><UN n0="%E3%80%93%E3%81%97%E3%83%BC%E3%82%89%E3%80%93" n1="%41%6F%54" n2="%E6%A1%9C%E8%8A%B1%E9%96%83%E3%80%85" n3="%E3%81%A4%E3%81%A3%E3%81%B1%E3%82%8A%E3%83%9D%E3%83%BC%E3%83%AB" dan="16,16,16,17" rate="2180.86,2064.82,2195.26,2226.09" sx="M,M,M,M"/><TAIKYOKU oya="0"/><INIT seed="0,0,0,3,0,117" ten="250,250,250,250" oya="0" hai0="75,98,36,118,66,116,102,125,91,0,73,43,107" hai1="119,132,80,65,14,131,46,62,94,114,106,19,126" hai2="81,35,21,25,30,22,60,71,57,48,96,70,6" hai3="89,56,68,31,84,95,26,135,51,76,128,109,9"/><T34/><D0/><U104/><E119/><N who="0" m="45609" /><D66/><U79/><E114/><V28/><F6/><W17/><G135/><T93/><D34/><U5/><E132/><V11/><F11/><W40/><G128/><T97/><D43/><U99/><E131/><V86/><F48/><W85/><G109/><T113/><D36/><U50/><E126/><V92/><F35/><W103/><G68/><T10/><D10/><U105/><E5/><V100/><F21/><N who="3" m="15823" /><G103/><N who="0" m="62959" /><D113/><U42/><E94/><V2/><F30/><W15/><G40/><T108/><D125/><U69/><E99/><V122/><F122/><W38/><G38/><T124/><D124/><U123/><E123/><V120/><F2/><W33/><G33/><T127/><D127/><U64/><E64/><N who="2" m="38927" /><F120/><W16/><G17/><T20/><D20/><U134/><E134/><V55/><F55/><N who="3" m="31871" /><G76/><AGARI ba="0,0" hai="22,25,28,70,71,76,81,86,92,96,100" m="38927" machi="76" ten="30,1000,0" yaku="25,1" doraHai="117" who="2" fromWho="3" sc="250,0,250,0,250,10,250,-10" /><INIT seed="1,0,0,2,1,61" ten="250,250,260,240" oya="1" hai0="55,83,0,100,17,105,28,48,4,1,95,58,123" hai1="36,108,42,53,122,23,64,94,113,33,32,24,67" hai2="21,75,20,35,47,91,15,103,132,54,97,40,92" hai3="66,79,131,7,6,2,26,43,121,13,16,81,74"/><U30/><E113/><V59/><F35/><W41/><G121/><T134/><D123/><U34/><E122/><V119/><F119/><W98/><G131/><T124/><D124/><U22/><E108/><V72/><F132/><W85/><G2/><T38/><D38/><U31/><E53/><V5/><F75/><W93/><G26/><T99/><D134/><U78/><E78/><V82/><F72/><W80/><G66/><T25/><D17/><U117/><E117/><V89/><F5/><N who="3" m="1547" /><G81/><T109/><D109/><U90/><E42/><V135/><F15/><W37/><G37/><T101/><D4/><U87/><E36/><V60/><F135/><W77/><G77/><T57/><D83/><U39/><E39/><V52/><F40/><W11/><G74/><T63/><D100/><AGARI ba="0,0" hai="11,13,16,41,43,79,80,85,93,98,100" m="1547" machi="100" ten="30,2000,0" yaku="8,1,54,1" doraHai="61" who="3" fromWho="0" sc="250,-20,250,0,260,0,240,20" /><INIT seed="2,0,0,4,0,47" ten="230,250,260,260" oya="2" hai0="30,49,66,12,123,46,4,90,31,20,77,119,11" hai1="68,118,44,63,35,69,127,34,115,124,135,26,23" hai2="36,41,5,61,106,93,21,59,42,39,14,1,22" hai3="99,0,64,40,52,51,113,91,18,112,83,27,126"/><V130/><F106/><W75/><G0/><T100/><D123/><U111/><E118/><V57/><F1/><W72/><G126/><N who="1" m="48170" /><E115/><N who="3" m="44106" /><G40/><N who="2" m="15465" /><F130/><W54/><G64/><T88/><D119/><U29/><E111/><V45/><F39/><W105/><G54/><N who="0" m="30007" /><D66/><N who="1" m="41055" /><E69/><V84/><F45/><N who="3" m="27759" /><G105/><T104/><D104/><U9/><E44/><V65/><F36/><W16/><G27/><N who="0" m="16743" /><D100/><U55/><E55/><V33/><F33/><N who="1" m="12297" /><E9/><N who="2" m="4399" /><F59/><W95/><G75/><T129/><D129/><U7/><E7/><V48/><F48/><W134/><G134/><AGARI ba="0,0" hai="23,26,29,134,135" m="12297,41055,48170" machi="134" ten="40,1300,0" yaku="18,1" doraHai="47" who="1" fromWho="3" sc="230,0,250,13,260,0,260,-13" /><INIT seed="3,0,0,0,4,123" ten="230,263,260,247" oya="3" hai0="1,41,101,71,54,49,110,103,47,78,126,111,122" hai1="16,55,98,13,61,64,94,112,73,118,80,2,82" hai2="116,42,44,130,124,79,45,15,121,51,88,3,132" hai3="28,89,70,134,53,22,75,133,129,8,56,95,43"/><W14/><G70/><T17/><D122/><U117/><E112/><V100/><F3/><W102/><G75/><T4/><D71/><U24/><E2/><V81/><F116/><N who="1" m="44649" /><E24/><V33/><F33/><W40/><G102/><T84/><D126/><U29/><E29/><V10/><F121/><W57/><G129/><T131/><D131/><U68/><E55/><V48/><F132/><N who="3" m="50795" /><G22/><T66/><D66/><U18/><E73/><V63/><F63/><N who="3" m="36239" /><G57/><T35/><D35/><U60/><E60/><V38/><F100/><W91/><G28/><T127/><D127/><U86/><E86/><N who="2" m="50255" /><F124/><W105/><G105/><T25/><D54/><U50/><E50/><V39/><F39/><W37/><G37/><T92/><D78/><U96/><E18/><N who="2" m="8567" /><F38/><W23/><G91/><N who="0" m="53351" /><D1/><U69/><E69/><V104/><F104/><W93/><G43/><T135/><D135/><U31/><E31/><V27/><F130/><W7/><G40/><T120/><D120/><U106/><E106/><V113/><F79/><W46/><G89/><T125/><D125/><U21/><E98/><V5/><F5/><W36/><G36/><T58/><D4/><U115/><E115/><V72/><F72/><W77/><G77/><T90/><D90/><AGARI ba="0,0" hai="13,16,21,61,64,68,80,82,90,94,96" m="44649" machi="90" ten="30,2000,0" yaku="12,1,54,1" doraHai="123" who="1" fromWho="0" sc="230,-20,263,20,260,0,247,0" /><INIT seed="4,0,0,3,5,61" ten="210,283,260,247" oya="0" hai0="50,69,92,120,100,121,72,93,32,71,58,64,5" hai1="41,108,20,84,9,16,52,82,124,7,34,123,134" hai2="112,117,46,97,30,114,22,87,62,126,70,55,51" hai3="14,127,40,96,0,113,81,99,122,83,21,1,115"/><T103/><D32/><U53/><E108/><V27/><F126/><W37/><G127/><T118/><D72/><U56/><E124/><V18/><F117/><W86/><G122/><T107/><D5/><U25/><E123/><V36/><F87/><W6/><G40/><T89/><D107/><U13/><E134/><V106/><F36/><W132/><G37/><T54/><D118/><U60/><E41/><V88/><F18/><N who="3" m="10455" /><G132/><T4/><D4/><U38/><E38/><V31/><F31/><W17/><G17/><T91/><D54/><N who="1" m="33815" /><E34/><V65/><REACH who="2" step="1"/><F88/><AGARI ba="0,0" hai="7,9,13,16,20,25,52,53,82,84,88" m="33815" machi="88" ten="30,7700,0" yaku="8,1,54,3" doraHai="61" who="1" fromWho="2" sc="210,0,283,77,260,-77,247,0" owari="210,-19.0,360,46.0,183,-31.7,247,4.7" /></mjloggm>