<mjloggm ver="2.3"><GO type="225" lobby="0"/><UN n0="%E3%82%B9%E3%83%9E%E3%83%9B%E3%81%82%E3%81%96%E3%82%89%E3%81%97" n1="%E3%81%8B%E3%82%8F%E3%81%A1%E3%82%83%E3%82%93%35%38" n2="%E6%B0%B7%E5%B7%9D%E9%87%8C%E5%A5%88" n3="%E3%81%B5%E3%81%98%E3%81%8B%E3%81%A4" dan="16,16,16,16" rate="2091.28,2148.27,2089.13,2160.04" sx="M,M,F,M"/><TAIKYOKU oya="0"/><INIT seed="0,0,0,3,4,25" ten="250,250,250,250" oya="0" hai0="59,55,72,99,78,102,23,124,122,71,134,76,112" hai1="83,94,17,93,15,74,65,115,105,4,135,7,98" hai2="38,73,21,114,53,108,110,120,49,22,75,1,109" hai3="32,82,24,130,97,119,28,132,84,5,20,33,57"/><T61/><D112/><U3/><E3/><V62/><F114/><W36/><G119/><T27/><D122/><U69/><E115/><V47/><F120/><W45/><G132/><T11/><D134/><U50/><E105/><V10/><F38/><W96/><G130/><T0/><D124/><U19/><E69/><V123/><F123/><W31/><G5/><T77/><D71/><U42/><E65/><V51/><F62/><W116/><G116/><T54/><D72/><N who="2" m="27722" /><F51/><W128/><G128/><T58/><D11/><U34/><E34/><V52/><F53/><W30/><G33/><T43/><D43/><U37/><E50/><V88/><F88/><N who="3" m="51223" /><G32/><T80/><D80/><U125/><E42/><V9/><F9/><W129/><G36/><T29/><D0/><U107/><E37/><V131/><F131/><W103/><G129/><T68/><D68/><U63/><E63/><V117/><F117/><W13/><G13/><T67/><REACH who="0" step="1"/><D58/><REACH who="0" ten="240,250,250,250" step="2"/><U92/><E135/><V100/><F100/><W41/><G57/><T121/><D121/><U85/><E74/><V56/><F56/><W44/><G103/><T26/><D26/><U111/><E19/><V64/><F64/><W90/><G41/><T101/><D101/><N who="1" m="62903" /><E125/><V14/><F1/><W70/><G70/><T89/><D89/><N who="1" m="51391" /><E111/><V48/><F48/><W66/><G66/><T118/><D118/><U16/><E17/><AGARI ba="0,1" hai="10,14,17,21,22,47,49,52,108,109,110" m="27722" machi="17" ten="40,2600,0" yaku="14,1,54,1" doraHai="25" who="2" fromWho="1" sc="240,0,250,-26,250,36,250,0" /><INIT seed="1,0,0,1,0,28" ten="240,224,286,250" oya="1" hai0="83,31,80,42,87,56,133,68,7,90,124,62,8" hai1="2,71,18,27,53,36,82,6,109,126,16,110,22" hai2="128,85,52,131,119,60,102,70,50,3,76,21,134" hai3="81,121,104,44,37,69,116,94,117,47,118,96,127"/><U73/><E71/><V79/><F119/><W23/><G121/><T132/><D68/><U107/><E107/><V120/><F120/><W29/><G127/><T84/><D42/><U113/><E113/><V130/><F3/><W97/><G69/><T14/><D31/><N who="1" m="17911" /><E36/><V9/><F134/><W89/><G81/><T75/><D75/><U12/><E126/><V5/><F102/><W115/><G115/><T11/><D11/><N who="1" m="2519" /><E53/><V43/><F21/><W92/><G104/><T78/><REACH who="0" step="1"/><D124/><REACH who="0" ten="230,224,286,250" step="2"/><U88/><E73/><V100/><F43/><W59/><G37/><T103/><D103/><U86/><E12/><N who="2" m="5167" /><F100/><N who="3" m="60423" /><G59/><T95/><D95/><U38/><E38/><V114/><F114/><W105/><G105/><T15/><D15/><U30/><E30/><V13/><F13/><W111/><G29/><T4/><D4/><U67/><E67/><AGARI ba="0,1" hai="7,8,14,56,62,67,78,80,83,84,87,90,132,133" machi="67" ten="40,1300,0" yaku="1,1,53,0" doraHai="28" doraHaiUra="33" who="0" fromWho="1" sc="230,23,224,-13,286,0,250,0" /><INIT seed="2,0,0,0,2,46" ten="253,211,286,250" oya="2" hai0="121,77,92,54,90,97,14,98,133,34,13,43,3" hai1="36,132,116,19,113,39,85,23,27,69,21,111,22" hai2="128,78,45,4,61,122,49,89,29,33,63,101,112" hai3="134,88,41,107,75,106,70,104,124,131,37,118,17"/><V60/><F112/><W44/><G118/><T66/><D121/><U80/><E113/><V56/><F122/><W94/><G124/><T81/><D3/><U62/><E116/><V76/><F128/><W20/><G131/><T38/><D34/><U120/><E120/><V83/><F101/><W55/><G134/><T58/><D66/><U5/><E132/><V72/><F4/><W123/><G123/><T12/><D133/><U126/><E126/><V96/><F56/><W100/><G70/><T119/><D119/><U102/><E111/><V125/><F125/><W93/><G75/><T42/><D97/><U99/><E5/><V53/><F72/><W32/><G32/><T108/><D38/><U73/><E73/><V110/><F110/><W40/><G40/><T7/><D7/><U86/><E86/><N who="2" m="50399" /><F33/><W71/><G71/><T84/><REACH who="0" step="1"/><D108/><REACH who="0" ten="243,211,286,250" step="2"/><U30/><E39/><V1/><F1/><W68/><G37/><T64/><D64/><U52/><E36/><V91/><F29/><W35/><G35/><T31/><D31/><U105/><E30/><V135/><F135/><W9/><G68/><T74/><D74/><U115/><E115/><V10/><F96/><W26/><G107/><T65/><D65/><N who="1" m="41143" /><E52/><V28/><F28/><W114/><G55/><T8/><D8/><U117/><E117/><V59/><F53/><W48/><G9/><T15/><N who="0" m="3072" /><DORA hai="109" /><T51/><AGARI ba="0,1" hai="42,43,51,54,58,77,81,84,90,92,98" m="3072" machi="51" ten="40,12000,2" yaku="1,1,4,1,0,1,8,1,52,1,53,1" doraHai="46,109" doraHaiUra="24,82" who="0" fromWho="0" sc="243,130,211,-30,286,-60,250,-30" /><INIT seed="3,0,0,5,3,72" ten="373,181,226,220" oya="3" hai0="51,5,129,74,115,102,54,23,101,20,73,67,81" hai1="71,123,113,18,62,111,53,61,14,56,79,86,31" hai2="122,44,24,21,126,76,10,63,52,109,8,69,37" hai3="58,22,119,41,120,1,7,40,97,11,19,6,88"/><W125/><G120/><T36/><D36/><U27/><E113/><V33/><F33/><W32/><G32/><T80/><D67/><U59/><E123/><V105/><F122/><W26/><G119/><T93/><D5/><U99/><E111/><V131/><F105/><W77/><G125/><T60/><D93/><U38/><E38/><V130/><F109/><W34/><G7/><T78/><D51/><U103/><E71/><V9/><F126/><W124/><G124/><T127/><D60/><U85/><E27/><V106/><F106/><W47/><G34/><T91/><D54/><U66/><E31/><V57/><F69/><W48/><G58/><T16/><D91/><U17/><E79/><V107/><F107/><W112/><G112/><T110/><D78/><U0/><E0/><V98/><F98/><W92/><REACH who="3" step="1"/><G77/><REACH who="3" ten="373,181,226,210" step="2"/><N who="0" m="44079" /><D127/><U30/><E30/><V108/><F76/><W89/><G89/><T15/><D115/><U45/><E45/><V118/><F118/><W68/><G68/><T128/><D110/><U3/><E3/><V13/><F108/><W50/><G50/><T117/><D117/><U100/><E17/><N who="2" m="12335" /><F44/><W75/><G75/><T132/><D74/><U104/><REACH who="1" step="1"/><E103/><REACH who="1" ten="373,171,226,210" step="2"/><V70/><F70/><W29/><G29/><T55/><D101/><U135/><E135/><V28/><F28/><W114/><G114/><T95/><D102/><U133/><E133/><V42/><F37/><W94/><G94/><T43/><D95/><U96/><E96/><V90/><F90/><W2/><G2/><T49/><D132/><U83/><E83/><V4/><F4/><RYUUKYOKU ba="0,2" sc="373,-15,171,15,226,-15,210,15" hai1="14,18,53,56,59,61,62,66,85,86,99,100,104" hai3="1,6,11,19,22,26,40,41,47,48,88,92,97" /><INIT seed="3,1,2,4,3,103" ten="358,186,211,225" oya="3" hai0="43,104,46,100,109,67,26,126,132,52,92,32,13" hai1="125,73,94,95,118,12,47,31,133,15,101,64,34" hai2="53,111,44,0,35,135,102,105,121,99,48,120,37" hai3="18,10,3,82,108,63,78,19,50,7,65,25,71"/><W116/><G116/><T110/><D104/><U86/><E73/><V83/><F111/><N who="0" m="42506" /><D132/><U119/><E133/><V14/><F135/><W72/><G108/><T131/><D131/><U68/><E125/><V85/><F0/><W24/><REACH who="3" step="1"/><G50/><REACH who="3" ten="358,186,211,215" step="2"/><T1/><D126/><U2/><E119/><V5/><F48/><W42/><G42/><T40/><D1/><U45/><E2/><V107/><F120/><W98/><G98/><N who="0" m="59463" /><D67/><U128/><E118/><V59/><F121/><W9/><G9/><T129/><D129/><U69/><E64/><V20/><F99/><W54/><G54/><T49/><D13/><U79/><E128/><V114/><F53/><W62/><G62/><T122/><D122/><U16/><E12/><V113/><F14/><W61/><G61/><T8/><D8/><U84/><E15/><V124/><F124/><W106/><G106/><T28/><AGARI ba="1,3" hai="26,28,32,40,43,46,49,52" m="59463,42506" machi="28" ten="30,2000,0" yaku="14,1,54,1" doraHai="103" who="0" fromWho="0" sc="358,53,186,-6,211,-6,215,-11" owari="411,51.1,180,-32.0,205,0.5,204,-19.6" /></mjloggm>