<mjloggm ver="2.3"><GO type="225" lobby="0"/><UN n0="%E3%81%B5%E3%81%98%E3%81%8B%E3%81%A4" n1="%E3%81%BF%E3%81%BF%E3%81%9A" n2="%E3%83%81%E3%83%AF%E3%83%AF%E9%9A%8A%E9%95%B7" n3="%E3%82%BC%E3%83%AB%E3%83%80%E3%81%AE%E4%BC%9D%E8%AA%AC" dan="17,18,16,17" rate="2220.45,2254.24,2117.12,2222.11" sx="M,M,M,M"/><TAIKYOKU oya="0"/><INIT seed="0,0,0,4,0,64" ten="250,250,250,250" oya="0" hai0="50,63,61,27,118,2,82,103,72,105,57,87,85" hai1="34,26,94,17,126,3,9,8,106,116,45,101,42" hai2="52,78,108,76,70,21,81,35,135,59,75,47,84" hai3="134,83,99,60,30,4,38,66,129,13,86,68,20"/><T15/><D118/><U113/><E116/><V80/><F35/><W14/><G38/><T100/><D2/><U49/><E106/><V107/><F107/><W109/><G109/><T69/><D50/><U56/><E126/><V114/><F114/><W112/><G112/><T54/><D15/><U37/><E113/><V48/><F108/><W32/><G134/><T122/><D122/><U110/><E110/><V102/><F135/><W125/><G125/><T28/><D72/><U127/><E127/><V133/><F133/><W104/><G129/><T31/><D31/><U98/><E3/><V36/><F102/><N who="3" m="62559" /><G20/><T40/><D40/><U7/><E7/><V55/><F70/><W96/><G96/><T10/><D10/><U132/><E132/><V25/><F36/><W97/><G97/><N who="0" m="61583" /><D103/><U1/><E1/><V71/><F71/><W111/><G4/><T18/><D18/><U120/><E120/><V92/><F92/><W95/><G95/><T44/><D82/><U6/><E6/><V90/><F90/><N who="3" m="51551" /><G111/><T73/><D73/><U74/><E74/><V22/><REACH who="2" step="1"/><F25/><AGARI ba="0,0" hai="13,14,25,30,32,60,66,68" m="51551,62559" machi="25" ten="30,2000,0" yaku="25,1,52,1" doraHai="64" who="3" fromWho="2" sc="250,0,250,0,250,-20,250,20" /><INIT seed="1,0,0,4,2,5" ten="250,250,230,270" oya="1" hai0="42,113,111,93,92,98,50,63,97,23,76,18,22" hai1="3,14,28,9,66,2,129,77,46,84,64,57,52" hai2="16,95,120,85,59,7,58,102,56,61,0,131,65" hai3="116,13,103,67,108,101,62,40,69,118,90,32,41"/><U26/><E129/><V109/><F120/><W4/><G108/><T86/><D111/><U20/><E46/><V82/><F109/><W94/><G32/><T21/><D113/><U43/><E43/><N who="3" m="16458" /><G4/><T105/><D105/><U114/><E114/><V48/><F131/><W75/><G13/><T128/><D63/><N who="1" m="36263" /><E3/><V110/><F110/><W55/><G55/><T91/><D128/><U83/><E2/><V71/><F48/><W130/><G75/><T1/><D1/><U133/><E133/><V123/><F123/><W51/><G51/><T33/><D33/><U19/><AGARI ba="0,0" hai="9,14,19,20,26,28,64,66,77,83,84" m="36263" machi="19" ten="30,6000,0" yaku="8,1,52,1,54,1" doraHai="5" who="1" fromWho="1" sc="250,-20,250,60,230,-20,270,-20" /><INIT seed="1,1,0,1,0,129" ten="230,310,210,250" oya="1" hai0="24,99,47,44,60,48,83,41,112,21,62,117,73" hai1="68,124,135,51,37,70,96,101,54,89,43,31,42" hai2="113,82,14,97,84,25,53,127,2,71,81,77,40" hai3="10,5,22,67,17,79,131,38,50,106,36,57,114"/><U52/><E124/><V3/><F71/><W7/><G114/><T26/><D117/><U66/><E31/><V87/><F113/><W72/><G106/><T6/><D112/><U19/><E89/><V12/><F127/><W102/><G102/><T105/><D6/><U122/><E122/><V120/><F120/><W29/><G29/><T109/><D109/><U93/><E135/><V119/><F119/><W74/><G131/><T94/><D105/><U88/><E37/><V108/><F108/><W69/><G69/><T61/><D47/><U64/><E68/><V103/><F40/><N who="1" m="15401" /><E70/><V104/><F25/><W90/><G90/><T45/><D45/><N who="1" m="27759" /><E54/><V33/><F33/><W20/><G38/><T18/><D73/><U65/><E19/><V126/><F126/><W56/><G17/><T35/><D83/><U4/><E101/><V0/><REACH who="2" step="1"/><F53/><REACH who="2" ten="230,310,200,250" step="2"/><W107/><G36/><T116/><D116/><U39/><E39/><V118/><F118/><W92/><G74/><T125/><D125/><U63/><E63/><V128/><F128/><W76/><G72/><T15/><REACH who="0" step="1"/><D35/><REACH who="0" ten="220,310,200,250" step="2"/><U130/><E130/><V16/><F16/><W121/><G121/><T46/><D46/><U80/><E4/><V132/><F132/><W111/><G5/><T59/><D59/><U8/><E80/><V55/><F55/><W100/><G57/><T30/><D30/><U9/><AGARI ba="1,2" hai="8,9,64,65,66,88,93,96" m="27759,15401" machi="9" ten="30,6000,0" yaku="8,1,54,2" doraHai="129" who="1" fromWho="1" sc="220,-21,310,83,200,-21,250,-21" /><INIT seed="1,2,0,5,0,44" ten="199,393,179,229" oya="1" hai0="129,20,71,35,84,81,37,10,7,8,58,79,4" hai1="65,126,77,121,60,120,64,92,117,97,113,69,5" hai2="19,27,86,59,48,66,54,43,104,135,40,11,28" hai3="106,127,98,6,89,96,17,50,62,32,73,119,67"/><U22/><E113/><V25/><F104/><W49/><G73/><T131/><D71/><U34/><E117/><V24/><F135/><W3/><G119/><T55/><D37/><U80/><E34/><V112/><F112/><W101/><G127/><T99/><D35/><U111/><E126/><V56/><F28/><W103/><G89/><T0/><D20/><U124/><E124/><V21/><F11/><W68/><G32/><T16/><D99/><U132/><E132/><V76/><F66/><W109/><G109/><T46/><D46/><U61/><E111/><V83/><REACH who="2" step="1"/><F56/><REACH who="2" ten="199,393,169,229" step="2"/><W78/><G67/><T95/><D10/><U29/><E29/><V70/><F70/><W133/><G68/><T128/><D8/><U30/><E30/><V110/><F110/><W85/><G133/><T63/><D0/><U18/><E5/><V125/><F125/><W2/><G6/><T75/><D7/><U52/><E65/><V1/><F1/><W26/><G3/><T87/><D4/><U13/><E120/><V107/><F107/><W38/><G106/><T88/><D16/><U15/><E121/><V47/><F47/><W53/><G2/><T51/><D75/><U114/><E114/><V122/><F122/><W36/><G17/><T93/><D93/><U82/><E69/><V72/><F72/><W115/><G115/><T90/><D79/><U91/><E77/><V45/><F45/><W14/><G78/><T130/><D130/><U39/><E92/><V31/><F31/><W134/><G134/><T9/><D9/><U41/><E18/><V123/><F123/><RYUUKYOKU ba="2,1" sc="199,15,393,-15,169,15,229,-15" hai0="51,55,58,63,81,84,87,88,90,95,128,129,131" hai2="19,21,24,25,27,40,43,48,54,59,76,83,86" /><INIT seed="2,3,1,0,0,119" ten="214,378,184,214" oya="2" hai0="12,93,127,54,25,118,71,75,103,35,5,83,52" hai1="58,8,3,86,18,2,73,50,110,114,87,121,27" hai2="65,11,97,72,55,94,128,74,90,9,47,107,108" hai3="84,19,122,7,109,112,101,0,78,48,38,69,60"/><V45/><F128/><W49/><G38/><T81/><D71/><U135/><E73/><V31/><F108/><W53/><G122/><T34/><D118/><U39/><E39/><V33/><F72/><W88/><G109/><T28/><D127/><U17/><E110/><V116/><F116/><W129/><G129/><T42/><D42/><U79/><E114/><V99/><F74/><W41/><G78/><T130/><D130/><U77/><E58/><V66/><F33/><W96/><G112/><T132/><D132/><U13/><E50/><N who="2" m="29135" /><F31/><W124/><G124/><T113/><D113/><U23/><E135/><V57/><F107/><W51/><G41/><T100/><D75/><U111/><E111/><V29/><F29/><W89/><G19/><T56/><D35/><U68/><E68/><V70/><F70/><W106/><G84/><T4/><D4/><U85/><E121/><V46/><F97/><W131/><G131/><T61/><D5/><U104/><REACH who="1" step="1"/><E104/><REACH who="1" ten="214,368,184,214" step="2"/><V1/><F57/><W125/><G125/><T120/><D56/><U59/><E59/><V126/><F126/><W102/><G106/><T91/><D120/><U134/><E134/><V98/><F47/><W26/><G69/><T62/><D62/><U20/><E20/><V15/><F46/><W43/><G60/><T67/><D61/><U24/><E24/><V133/><F133/><W105/><G26/><T6/><D25/><U14/><E14/><V44/><F44/><W115/><G115/><T40/><D12/><U95/><E95/><V80/><F15/><W36/><G105/><T76/><D93/><RYUUKYOKU ba="3,2" sc="214,-10,368,30,184,-10,214,-10" hai1="2,3,8,13,17,18,23,27,77,79,85,86,87" /><INIT seed="3,4,2,2,3,98" ten="204,398,174,204" oya="3" hai0="92,18,120,84,105,43,91,23,19,82,41,88,56" hai1="122,134,33,5,129,106,55,119,121,81,102,116,44" hai2="73,4,28,16,10,52,94,47,86,38,59,110,131" hai3="29,8,127,85,51,104,60,49,26,76,93,48,132"/><W128/><G104/><T135/><D105/><U78/><E33/><V95/><F73/><W125/><G132/><T24/><D135/><U99/><E134/><V133/><F133/><W101/><G128/><T35/><D35/><U72/><E129/><V108/><F131/><W58/><G8/><T111/><D111/><N who="2" m="42538" /><F28/><W3/><G3/><T70/><D70/><U13/><E13/><N who="2" m="7223" /><F4/><W57/><G76/><T39/><D18/><U9/><E55/><V109/><N who="2" m="42546" /><V2/><DORA hai="97" /><F2/><W46/><G46/><T25/><D25/><U27/><E27/><V37/><F47/><W71/><G71/><T126/><D120/><U103/><E103/><V12/><F12/><W65/><G58/><T67/><D56/><U20/><E20/><V74/><F74/><W69/><G69/><T83/><D23/><U123/><E44/><V113/><F113/><W87/><G101/><T6/><D6/><U1/><AGARI ba="4,2" hai="1,5,9,72,78,81,99,102,106,116,119,121,122,123" machi="1" ten="40,8000,1" yaku="0,1,23,2,52,2" doraHai="98,97" who="1" fromWho="1" sc="204,-24,398,112,174,-24,204,-44" owari="180,-2.0,510,61.0,150,-35.0,160,-24.0" /></mjloggm>