<mjloggm ver="2.3"><GO type="225" lobby="0"/><UN n0="%45%6C%79%73%69%75%6D" n1="%E5%AF%82%E5%AF%9E%E3%82%AE%E3%83%8D%E3%82%B9%E3%83%93%E3%83%BC%E3%83%AB" n2="%4B%2E%32%2E%4B%2E" n3="%E5%B0%8F%E9%B3%A5%E9%81%8A%E7%B7%B4%E7%84%A1%32%31%E6%AD%B3" dan="17,16,16,16" rate="2080.34,2146.60,2071.63,2118.84" sx="F,M,M,F"/><TAIKYOKU oya="0"/><INIT seed="0,0,0,5,4,50" ten="250,250,250,250" oya="0" hai0="101,29,131,53,115,126,130,63,22,31,64,94,91" hai1="20,66,7,83,121,23,65,42,54,106,60,124,123" hai2="44,117,13,46,70,116,32,102,135,107,122,55,82" hai3="109,68,69,97,58,8,52,49,86,9,18,89,72"/><T118/><D115/><U1/><E106/><V41/><F122/><W4/><G72/><T36/><D118/><N who="2" m="45674" /><F70/><W75/><G75/><T40/><D101/><U77/><E124/><V125/><F125/><W43/><G109/><T132/><D126/><U48/><E42/><V105/><F135/><W19/><G43/><T119/><D119/><U57/><E66/><V27/><F13/><W110/><G97/><T61/><D132/><U134/><E134/><V98/><F107/><W39/><G39/><T33/><D33/><U67/><E67/><V81/><F55/><W5/><G110/><T2/><D2/><U12/><E1/><V87/><F87/><W99/><G99/><T45/><D63/><U25/><E123/><V35/><F46/><W80/><G69/><T127/><D127/><U100/><E121/><V129/><F129/><N who="0" m="49162" /><D22/><U108/><E23/><V21/><F35/><W59/><G59/><N who="0" m="35055" /><D64/><U96/><E108/><V62/><F62/><W0/><G68/><T85/><AGARI ba="0,0" hai="29,31,36,40,45,85,91,94" m="35055,49162" machi="85" ten="30,3000,0" yaku="19,1,52,1" doraHai="50" who="0" fromWho="0" sc="250,30,250,-10,250,-10,250,-10" /><INIT seed="0,1,0,2,3,58" ten="280,240,240,240" oya="0" hai0="63,15,3,51,6,13,34,5,59,19,133,120,50" hai1="90,56,64,17,89,67,35,78,16,113,42,122,8" hai2="100,57,9,130,28,69,21,14,26,62,1,118,25" hai3="135,127,46,109,68,94,36,111,101,11,40,110,132"/><T116/><D120/><U20/><E35/><V82/><F69/><W99/><G68/><T102/><D116/><U117/><E117/><V77/><F118/><W80/><G127/><T98/><D34/><U48/><E122/><V53/><F130/><W123/><G123/><T85/><D133/><U22/><E78/><V95/><F1/><W2/><REACH who="3" step="1"/><G80/><REACH who="3" ten="280,240,240,230" step="2"/><T96/><D3/><U107/><E113/><V38/><F38/><W93/><G93/><T121/><D121/><U41/><E107/><V83/><F83/><W54/><G54/><T43/><D43/><U86/><E42/><V37/><F37/><W128/><G128/><T114/><D114/><U47/><E67/><V32/><F53/><W76/><G76/><T27/><D85/><U131/><E131/><V125/><F82/><W79/><G79/><T92/><D98/><U4/><E86/><V49/><F77/><W30/><G30/><T10/><D27/><U18/><E64/><V70/><F25/><W23/><G23/><N who="1" m="8746" /><E56/><V87/><F32/><W29/><G29/><T7/><REACH who="0" step="1"/><D15/><AGARI ba="1,1" hai="4,8,15,16,17,18,41,47,48,89,90" m="8746" machi="15" ten="30,2000,0" yaku="8,1,54,1" doraHai="58" who="1" fromWho="0" sc="280,-23,240,33,240,0,230,0" /><INIT seed="1,0,0,5,4,94" ten="257,273,240,230" oya="1" hai0="108,93,63,127,129,96,69,4,133,30,42,56,71" hai1="70,125,83,38,116,124,103,20,48,0,106,34,5" hai2="32,110,102,19,22,112,67,98,95,73,99,6,76" hai3="55,31,43,46,40,105,8,128,123,16,119,64,77"/><U120/><E70/><V81/><F110/><W92/><G105/><T36/><D108/><U18/><E38/><V44/><F112/><W7/><G123/><T86/><D129/><U84/><E120/><V37/><F32/><W113/><G113/><T91/><D133/><U39/><E39/><V1/><F67/><W14/><G128/><T88/><D127/><U33/><E116/><V51/><F37/><W107/><G107/><T131/><D131/><U59/><E5/><V57/><F57/><W109/><G109/><T12/><D30/><U65/><E0/><V25/><F98/><W41/><G64/><T15/><D36/><U130/><E130/><V132/><F132/><W53/><G119/><T49/><D69/><U97/><E48/><V13/><F1/><W135/><G135/><T35/><D35/><U2/><E2/><V28/><F6/><W45/><G31/><T3/><D71/><U114/><E59/><V90/><F102/><W24/><G77/><T68/><D68/><U17/><E65/><V117/><F117/><W74/><G74/><T11/><D49/><U101/><E101/><V121/><F121/><W60/><G60/><T78/><D42/><U100/><E100/><V26/><REACH who="2" step="1"/><F28/><REACH who="2" ten="257,273,230,230" step="2"/><W9/><G45/><T75/><D3/><U66/><E66/><V126/><F126/><N who="1" m="48745" /><E114/><V50/><F50/><W104/><G7/><T58/><D58/><U115/><E115/><V80/><F80/><W27/><G46/><T62/><D56/><U134/><E134/><V10/><F10/><W85/><G8/><T72/><D11/><U47/><E47/><RYUUKYOKU ba="0,1" sc="257,-10,273,-10,230,30,230,-10" hai2="13,19,22,25,26,44,51,73,76,81,90,95,99" /><INIT seed="2,1,1,0,5,69" ten="247,263,260,220" oya="2" hai0="15,121,26,29,17,74,44,46,94,110,0,95,67" hai1="101,124,41,13,27,35,2,4,30,129,80,32,28" hai2="130,127,111,47,120,62,118,96,83,37,5,73,59" hai3="88,122,56,117,133,53,103,79,82,99,72,85,114"/><V71/><F118/><W115/><G122/><T132/><D0/><U86/><E124/><V109/><F120/><W89/><G117/><T39/><D121/><U90/><E129/><V51/><F127/><W42/><G133/><T20/><D132/><U131/><E131/><V40/><F130/><W48/><G42/><T52/><D74/><U8/><E101/><V113/><F113/><W57/><G57/><T14/><D67/><U60/><E41/><V78/><F96/><W65/><G65/><T25/><D110/><N who="2" m="41994" /><F5/><W7/><G7/><T19/><D39/><U105/><E105/><V34/><F34/><W49/><G49/><N who="0" m="28711" /><D46/><U119/><E119/><V123/><F123/><W55/><G55/><T11/><D29/><U112/><E112/><N who="3" m="43050" /><G72/><T75/><D75/><U92/><E60/><V9/><F9/><W6/><G6/><T100/><D100/><U107/><E107/><AGARI ba="1,1" hai="48,53,56,79,82,85,88,89,99,103,107" m="43050" machi="107" ten="30,2000,0" yaku="11,1,54,1" doraHai="69" who="3" fromWho="1" sc="247,0,263,-23,260,0,220,33" /><INIT seed="3,0,0,0,5,36" ten="247,240,260,253" oya="3" hai0="72,20,41,63,46,15,68,104,109,22,4,124,117" hai1="114,56,76,37,94,49,32,6,95,14,86,121,130" hai2="10,31,126,131,42,113,19,65,47,123,2,21,129" hai3="82,83,5,77,90,39,51,127,80,26,135,40,60"/><W44/><G135/><T7/><D117/><U50/><E37/><V9/><F113/><W78/><G127/><T120/><D120/><U102/><E32/><V0/><F31/><W33/><G5/><T66/><D124/><U85/><E114/><V101/><F126/><W99/><G39/><T122/><D122/><U58/><E130/><N who="2" m="49675" /><F123/><W73/><G60/><T29/><D109/><U133/><E133/><V89/><F101/><W69/><G69/><T16/><D104/><U48/><E121/><V119/><F65/><W116/><G116/><T53/><D72/><U110/><E110/><V132/><F89/><W115/><G115/><T107/><D107/><U23/><E102/><V18/><F119/><W134/><G134/><T3/><D53/><U111/><E111/><V87/><F87/><N who="1" m="33289" /><E76/><V17/><F21/><W81/><G77/><T112/><D112/><U105/><E105/><V93/><F93/><N who="1" m="35337" /><E23/><V11/><F132/><W128/><G128/><T55/><D22/><U71/><E71/><V52/><F52/><W34/><G99/><T106/><D106/><U92/><N who="1" m="35345" /><U24/><DORA hai="45" /><E24/><V96/><F96/><W38/><G90/><T98/><D55/><U8/><AGARI ba="0,0" hai="6,8,14,48,49,50,56,58" m="35345,33289" machi="8" ten="40,8000,1" yaku="8,1,52,3" doraHai="36,45" who="1" fromWho="1" sc="247,-20,240,80,260,-20,253,-40" owari="227,-17.3,320,42.0,240,4.0,213,-28.7" /></mjloggm>