<mjloggm ver="2.3"><GO type="225" lobby="0"/><UN n0="%E6%A0%B9%E5%85%83%E3%81%8B%E3%82%89%E5%90%B9%E3%81%A3%E9%A3%9B%E3%81%B6" n1="%E3%82%BC%E3%83%AB%E3%83%80%E3%81%AE%E4%BC%9D%E8%AA%AC" n2="%E3%81%93%E3%81%91%E6%A4%8D%E7%89%A9" n3="%E4%BF%BA%E3%81%A8%E5%A6%96%E5%A4%A2" dan="17,18,16,17" rate="2152.19,2208.92,2151.26,2147.71" sx="F,M,M,F"/><TAIKYOKU oya="0"/><INIT seed="0,0,0,5,4,78" ten="250,250,250,250" oya="0" hai0="70,108,112,79,111,52,132,35,13,93,41,25,38" hai1="122,43,46,37,106,65,82,86,44,23,125,24,19" hai2="94,80,21,92,6,124,56,116,98,33,74,20,11" hai3="109,110,0,121,91,22,66,10,57,54,40,69,42"/><T18/><D112/><U85/><E122/><V95/><F33/><W61/><G121/><T59/><D70/><U47/><E106/><V62/><F124/><W36/><G22/><N who="2" m="8809" /><F116/><W81/><G0/><T7/><D7/><U53/><E125/><V32/><F32/><W96/><G10/><N who="0" m="6455" /><D41/><U114/><E114/><V28/><F28/><W133/><G96/><T89/><D38/><U8/><E65/><N who="2" m="39111" /><F80/><W76/><G91/><T71/><D79/><U127/><E127/><V63/><F63/><W105/><G105/><T27/><D71/><U39/><E8/><V129/><F74/><W131/><G131/><T26/><D35/><U97/><E97/><V115/><F129/><W72/><G133/><T12/><D132/><U99/><E99/><V64/><F64/><W1/><G1/><T77/><D77/><U49/><E82/><V45/><F45/><W15/><G15/><T134/><D12/><U135/><E135/><V100/><F115/><W2/><G2/><T101/><D134/><U30/><E30/><V3/><F3/><W34/><G34/><T130/><D130/><U126/><E126/><V88/><F11/><W103/><G103/><T60/><D101/><U17/><E17/><V87/><F6/><W90/><G90/><T83/><D83/><U68/><E68/><V5/><F5/><W29/><G29/><T104/><D104/><U128/><E128/><V123/><F123/><W55/><G36/><T9/><D9/><U120/><E120/><V51/><F51/><N who="3" m="30943" /><G55/><T73/><D73/><U4/><E4/><V117/><F117/><W75/><G75/><RYUUKYOKU ba="0,0" sc="250,0,250,0,250,0,250,0" hai0="25,26,27,52,59,60,89,93,108,111" hai1="19,23,24,37,39,43,44,46,47,49,53,85,86" hai2="87,88,92,94,95,98,100" hai3="40,42,61,66,69,72,76,81,109,110" /><INIT seed="0,1,0,3,1,35" ten="250,250,250,250" oya="0" hai0="74,79,31,67,76,72,109,106,83,66,95,80,116" hai1="122,52,124,28,128,126,87,99,115,26,22,108,62" hai2="19,92,16,114,120,8,129,133,93,88,101,94,1" hai3="21,6,14,45,125,104,90,34,10,85,51,13,3"/><T57/><D116/><U82/><E122/><V23/><F120/><W100/><G34/><T9/><D106/><U112/><E108/><V77/><F114/><N who="1" m="43561" /><E99/><V132/><F77/><W135/><G135/><N who="2" m="51785" /><F129/><W59/><G125/><N who="1" m="48234" /><E128/><V54/><F54/><W56/><G100/><T42/><D109/><U97/><E97/><N who="2" m="59559" /><F23/><W43/><G104/><T40/><D31/><U118/><E118/><V113/><F94/><W7/><G21/><T24/><D95/><U117/><E117/><V81/><F81/><W69/><G69/><T33/><D9/><U134/><E134/><V71/><F71/><W111/><G111/><T103/><D103/><U63/><E52/><V89/><F113/><W78/><G78/><AGARI ba="1,0" hai="22,26,28,62,63,78,82,87" m="48234,43561" machi="78" ten="30,2000,0" yaku="11,1,18,1" doraHai="35" who="1" fromWho="3" sc="250,0,250,23,250,0,250,-23" /><INIT seed="1,0,0,2,3,52" ten="250,273,250,227" oya="1" hai0="23,66,56,28,69,35,4,95,15,43,32,103,8" hai1="74,131,71,31,0,45,117,44,34,76,125,100,91" hai2="87,127,120,9,133,59,82,1,18,25,126,3,132" hai3="93,60,135,68,26,130,17,98,24,101,41,112,53"/><U36/><E71/><V16/><F120/><W72/><G112/><T30/><D43/><U37/><E100/><V67/><F67/><W123/><G123/><T7/><D69/><U38/><E117/><V21/><F59/><N who="3" m="34927" /><G68/><T97/><D4/><U92/><E0/><N who="2" m="75" /><F87/><W63/><G72/><T5/><D7/><U78/><E125/><N who="2" m="47627" /><F82/><W99/><G135/><N who="2" m="51785" /><F9/><W122/><G122/><T42/><D42/><U85/><E74/><V77/><F77/><W107/><G107/><T47/><D47/><U62/><E76/><V84/><F84/><W46/><G63/><T51/><D51/><U108/><E78/><V111/><F111/><W105/><G105/><T128/><D66/><U88/><E62/><V109/><F109/><W80/><G98/><T65/><D65/><U94/><E108/><V64/><F64/><W39/><G80/><T86/><D56/><U27/><E44/><V54/><F54/><W48/><G39/><T22/><D86/><N who="1" m="52247" /><E45/><V110/><F110/><W40/><G40/><T115/><D97/><U55/><E55/><V113/><F113/><W124/><G124/><T33/><D115/><U49/><E49/><V134/><N who="2" m="51793" /><V81/><DORA hai="6" /><F81/><W29/><G41/><T13/><D95/><U11/><E11/><V118/><F118/><W114/><G114/><T70/><D70/><U102/><E102/><V19/><AGARI ba="0,0" hai="16,18,19,21,25" m="51793,47627,75" machi="19" ten="50,8000,1" yaku="18,1,20,1,34,2,54,1" doraHai="52,6" who="2" fromWho="2" sc="250,-20,273,-40,250,80,227,-20" /><INIT seed="2,0,0,3,3,15" ten="230,233,330,207" oya="2" hai0="113,100,44,20,39,77,94,36,84,92,19,133,126" hai1="45,101,58,32,76,90,63,73,132,49,23,82,38" hai2="34,80,129,0,131,48,115,123,6,3,85,16,99" hai3="96,7,110,83,68,128,18,57,71,70,2,29,27"/><V122/><F34/><W107/><G110/><T116/><D113/><U89/><E32/><V47/><F99/><W30/><G128/><N who="2" m="49225" /><F6/><W22/><G57/><T54/><D126/><U37/><E132/><V12/><F115/><W119/><G119/><T78/><D133/><U65/><E101/><V25/><F25/><W13/><G83/><T42/><D116/><U112/><E112/><V95/><F95/><W111/><G111/><T130/><D36/><U104/><E104/><V125/><F125/><W62/><G30/><T53/><D130/><U28/><E28/><V120/><F48/><W56/><G107/><T103/><D92/><U64/><E49/><V9/><F47/><W26/><G96/><T52/><D100/><U24/><E45/><V8/><F8/><W31/><G31/><T17/><D84/><U81/><E24/><V106/><F106/><W108/><G108/><T51/><D39/><U21/><E37/><V93/><F93/><W4/><G2/><T59/><D20/><N who="1" m="7755" /><E38/><V35/><F35/><W135/><G135/><T43/><D103/><U46/><E46/><V74/><F74/><W127/><G127/><T117/><D94/><U79/><E81/><V5/><F5/><N who="3" m="2123" /><G29/><T134/><D134/><U50/><E50/><V97/><F97/><W61/><G27/><T86/><D117/><U98/><E98/><V67/><F67/><N who="3" m="39335" /><G26/><T105/><D105/><U121/><E65/><V87/><F87/><W109/><G109/><T60/><D86/><U10/><E10/><V41/><F41/><N who="0" m="15370" /><D54/><U14/><E73/><V75/><F75/><W114/><G114/><RYUUKYOKU ba="0,0" sc="230,10,233,-30,330,10,207,10" hai0="17,19,44,51,52,53,59,60,77,78" hai2="0,3,9,12,16,80,85,120,122,123" hai3="13,18,22,62,68,70,71" /><INIT seed="2,1,0,1,2,111" ten="240,203,340,217" oya="2" hai0="53,15,3,87,35,131,122,83,118,93,21,51,68" hai1="28,18,25,59,31,117,126,58,89,17,67,2,91" hai2="52,108,94,106,90,16,74,71,12,47,46,44,37" hai3="1,9,121,7,14,42,48,10,13,54,27,123,92"/><V5/><F106/><W30/><G42/><T0/><D122/><U4/><E117/><V50/><F74/><W110/><G110/><T63/><D131/><U135/><E2/><V95/><F71/><W125/><G125/><T33/><D0/><U72/><E72/><V11/><F108/><W22/><G92/><N who="2" m="35369" /><F37/><W112/><G112/><T85/><D3/><U78/><E126/><V99/><F99/><W107/><G107/><T128/><D128/><U39/><E39/><V49/><F90/><W26/><G26/><T34/><D118/><U38/><E38/><V88/><F88/><N who="1" m="33865" /><E135/><V84/><F84/><W82/><G82/><T116/><D93/><U70/><E70/><V55/><F5/><W36/><G36/><T65/><D116/><U60/><E4/><V103/><F103/><W109/><G109/><T134/><D134/><U96/><E96/><V73/><F73/><W6/><REACH who="3" step="1"/><G1/><REACH who="3" ten="240,203,340,207" step="2"/><T113/><D83/><U105/><E105/><V81/><F81/><W76/><G76/><T102/><D113/><U62/><E78/><V86/><F86/><W19/><G19/><N who="1" m="7178" /><E25/><V66/><F66/><AGARI ba="1,1" hai="28,31,58,59,60,62,66,67" m="7178,33865" machi="66" ten="30,2000,0" yaku="8,1,54,1" doraHai="111" who="1" fromWho="2" sc="240,0,203,33,340,-23,207,0" /><INIT seed="3,0,0,5,5,35" ten="240,236,317,207" oya="3" hai0="76,54,132,9,56,119,112,28,29,125,80,45,102" hai1="126,6,99,59,79,107,78,128,130,16,111,81,4" hai2="36,115,96,92,5,62,15,61,72,53,68,73,127" hai3="122,133,118,24,64,70,41,23,8,44,131,113,12"/><W93/><G113/><T38/><D119/><U67/><E111/><V104/><F36/><W101/><G118/><T33/><D33/><U39/><E39/><V65/><F127/><W30/><G122/><T66/><D132/><U83/><E126/><V74/><F104/><W105/><G105/><T21/><D102/><N who="1" m="62943" /><E16/><V116/><F115/><W52/><G133/><T87/><D112/><U134/><E134/><V103/><F116/><W88/><G101/><T48/><D9/><U40/><E40/><V123/><F123/><W84/><G131/><N who="1" m="50218" /><E59/><V51/><F62/><W85/><G70/><T26/><D125/><U10/><E67/><V90/><F90/><W37/><G64/><T108/><D108/><U91/><E91/><V18/><F5/><N who="1" m="2153" /><E10/><V14/><F18/><W124/><G124/><T50/><D38/><U13/><E13/><V75/><REACH who="2" step="1"/><F72/><REACH who="2" ten="240,236,307,207" step="2"/><W98/><G52/><N who="0" m="29711" /><D66/><U46/><E78/><V58/><AGARI ba="0,1" hai="14,15,51,53,58,61,65,68,73,74,75,92,96,103" machi="58" ten="30,2000,0" yaku="1,1,0,1,53,0" doraHai="35" doraHaiUra="100" who="2" fromWho="2" sc="240,-5,236,-5,307,30,207,-10" owari="235,3.5,231,-16.9,337,43.7,197,-30.3" /></mjloggm>