<mjloggm ver="2.3"><GO type="225" lobby="0"/><UN n0="%72%69%6F%75%63%68%61%6E" n1="%6D%75%75%6D%75%72%61" n2="%E9%80%9F%E6%B0%B4%E5%87%9B%E9%A6%99" n3="%33%74%72%65%65" dan="17,17,16,17" rate="2280.28,2162.35,2054.80,2146.36" sx="M,F,F,F"/><TAIKYOKU oya="0"/><INIT seed="0,0,0,3,3,130" ten="250,250,250,250" oya="0" hai0="72,116,90,31,19,129,18,49,65,86,33,39,4" hai1="110,121,100,59,41,85,125,40,63,123,20,128,58" hai2="108,111,30,117,99,5,96,77,92,76,16,0,43" hai3="68,70,17,29,55,52,118,88,26,114,66,135,12"/><T105/><D116/><U46/><E110/><N who="2" m="42027" /><F117/><W93/><G118/><T27/><D129/><U84/><E128/><V53/><F30/><W8/><G114/><T25/><D39/><U47/><E125/><V80/><F43/><W132/><G66/><T75/><D105/><U127/><E127/><V6/><F0/><W102/><G102/><T13/><D65/><U15/><E100/><N who="2" m="60423" /><F99/><N who="3" m="57767" /><G68/><T34/><D49/><U91/><E91/><V122/><F122/><W36/><G36/><T131/><D131/><U44/><E44/><V1/><F1/><W7/><G7/><T24/><D4/><U69/><E69/><V9/><F53/><W87/><G87/><T104/><D104/><U133/><E63/><V82/><F82/><W10/><G10/><T48/><D48/><U11/><E11/><V101/><F101/><W67/><G67/><T115/><D115/><U37/><E37/><V103/><F103/><W81/><G81/><T107/><D107/><U42/><E42/><V35/><F35/><N who="3" m="20919" /><G70/><T62/><D34/><U119/><E119/><V78/><F80/><W126/><G126/><T106/><D106/><U21/><REACH who="1" step="1"/><E15/><AGARI ba="0,0" hai="5,6,9,15,16,76,77,78" m="60423,42027" machi="15" ten="30,2000,0" yaku="14,1,54,1" doraHai="130" who="2" fromWho="1" sc="250,0,250,-20,250,20,250,0" /><INIT seed="1,0,0,2,2,51" ten="250,230,270,250" oya="1" hai0="60,13,2,26,80,91,49,31,39,94,63,46,73" hai1="108,16,5,85,78,102,32,104,135,79,54,23,109" hai2="14,101,48,24,62,127,37,111,59,131,83,9,22" hai3="0,99,55,133,7,84,117,70,72,114,33,68,105"/><U19/><E32/><V89/><F37/><W110/><RYUUKYOKU type="yao9" ba="0,0" sc="250,0,230,0,270,0,250,0" hai3="0,7,33,55,68,70,72,84,99,105,110,114,117,133" /><INIT seed="1,1,0,1,3,36" ten="250,230,270,250" oya="1" hai0="21,105,135,16,44,85,102,115,64,3,86,67,76" hai1="109,96,58,84,51,133,129,111,57,7,117,112,12" hai2="79,5,54,32,108,53,74,107,25,33,66,130,100" hai3="119,56,17,22,27,89,30,29,14,116,24,63,38"/><U75/><E112/><V47/><F108/><N who="1" m="41545" /><E75/><V92/><F130/><W81/><G38/><T87/><D135/><U13/><E117/><N who="3" m="45130" /><G81/><T126/><D126/><U113/><E113/><V114/><F107/><W34/><G89/><T45/><D3/><U35/><E133/><V41/><F114/><W97/><G97/><T49/><D115/><U37/><E37/><V99/><F5/><W69/><G69/><T80/><D102/><U125/><E125/><V101/><F66/><N who="0" m="25130" /><D105/><U31/><E129/><V9/><F9/><N who="3" m="6351" /><G56/><N who="1" m="21610" /><E96/><V104/><F99/><W94/><G94/><T91/><D91/><U68/><E68/><V122/><F92/><W62/><AGARI ba="1,0" hai="22,24,27,29,30,34,62,63" m="6351,45130" machi="62" ten="30,1100,0" yaku="12,1" doraHai="36" who="3" fromWho="3" sc="250,-4,230,-6,270,-4,250,14" /><INIT seed="2,0,0,4,0,89" ten="246,224,266,264" oya="2" hai0="30,92,42,22,130,100,20,3,45,15,4,49,112" hai1="121,33,113,36,38,16,5,79,31,76,54,125,85" hai2="106,63,114,23,61,25,55,77,21,134,72,11,53" hai3="84,56,109,6,58,116,103,14,102,78,17,87,123"/><V2/><F106/><W27/><G116/><T96/><D130/><U101/><E113/><V99/><F114/><W70/><G70/><T65/><D112/><U51/><E125/><V81/><F134/><W46/><G123/><T73/><D73/><U94/><E121/><V0/><F99/><W88/><G109/><T75/><D75/><U24/><E5/><V122/><F122/><W26/><G6/><T95/><D3/><U52/><E38/><V133/><F133/><W48/><G78/><T37/><D65/><U57/><E36/><V74/><F11/><N who="3" m="6367" /><G84/><T34/><D37/><U115/><E115/><V35/><F81/><N who="3" m="49263" /><G58/><T59/><D59/><U105/><E105/><V50/><F50/><W118/><G56/><T29/><D95/><U10/><E54/><V90/><F90/><W86/><G86/><T1/><D1/><U40/><E40/><V7/><F7/><W9/><G9/><N who="0" m="4519" /><D34/><U93/><E85/><V131/><F35/><W110/><G110/><T129/><D129/><U8/><E8/><V104/><F104/><W124/><G124/><T111/><D111/><U13/><REACH who="1" step="1"/><E93/><REACH who="1" ten="246,214,266,264" step="2"/><V28/><F131/><W18/><G118/><T80/><D80/><U12/><E12/><V43/><F43/><N who="3" m="24671" /><G27/><T83/><D83/><U128/><E128/><V66/><F25/><W108/><G108/><T119/><D119/><U60/><E60/><V68/><F63/><W82/><G82/><T39/><D39/><U135/><E135/><V32/><F61/><W62/><G62/><T69/><D69/><U41/><E41/><V98/><F68/><W19/><G26/><RYUUKYOKU ba="0,1" sc="246,10,214,10,266,-30,264,10" hai0="20,22,29,30,42,45,49,92,96,100" hai1="10,13,16,24,31,33,51,52,57,76,79,94,101" hai3="18,19,102,103" /><INIT seed="3,1,1,5,0,9" ten="256,224,236,274" oya="3" hai0="59,32,54,84,14,25,117,129,71,13,34,50,42" hai1="76,102,23,74,33,125,46,128,98,41,73,40,56" hai2="37,24,15,126,63,133,94,110,43,10,65,29,35" hai3="109,12,112,135,67,16,49,79,127,105,116,52,36"/><W38/><G112/><T81/><D117/><U119/><E33/><V82/><F110/><W132/><G116/><T131/><D71/><U90/><E119/><V61/><F133/><N who="3" m="51275" /><G109/><T44/><D25/><U21/><E125/><V101/><F126/><W106/><G127/><T91/><D32/><U124/><E124/><V107/><F63/><W95/><G79/><T45/><D34/><U121/><E121/><V60/><F60/><W118/><G95/><T5/><D5/><U26/><E128/><N who="0" m="49225" /><D45/><U114/><E114/><V62/><F62/><AGARI ba="1,1" hai="13,14,42,44,50,54,59,62,81,84,91" m="49225" machi="62" ten="30,3900,0" yaku="19,1,52,2" doraHai="9" who="0" fromWho="2" sc="256,52,224,0,236,-42,274,0" owari="308,40.8,224,-17.6,194,-30.6,274,7.4" /></mjloggm>