<mjloggm ver="2.3"><GO type="225" lobby="0"/><UN n0="%E3%81%A8%E3%82%93%E3%81%A8%E3%81%93%E3%81%A8%E3%82%93" n1="%72%69%6F%75%63%68%61%6E" n2="%33%74%72%65%65" n3="%E3%83%B4%E3%82%A3%E3%83%AF%E3%82%B3%E3%82%B0%E3%83%8B" dan="16,16,16,16" rate="2125.87,2221.49,2130.00,2173.12" sx="F,M,F,M"/><TAIKYOKU oya="0"/><INIT seed="0,0,0,5,1,9" ten="250,250,250,250" oya="0" hai0="19,75,121,33,77,41,115,58,15,61,93,106,28" hai1="1,84,127,22,114,105,59,116,57,27,38,119,23" hai2="97,34,47,111,99,101,82,90,104,56,88,135,94" hai3="110,50,125,8,103,10,53,2,14,132,109,31,134"/><T66/><D106/><U80/><E1/><V13/><F111/><N who="3" m="42507" /><G103/><T64/><D115/><U81/><E38/><V26/><F135/><N who="3" m="51755" /><G125/><T131/><D121/><U42/><E105/><V73/><F47/><N who="3" m="27871" /><G2/><T79/><D131/><U52/><E127/><V95/><F56/><W87/><G31/><T44/><D75/><U40/><E114/><V71/><F71/><W54/><G87/><T4/><D28/><U74/><E74/><V48/><F34/><W129/><G129/><T35/><D33/><U46/><E46/><V92/><F26/><W69/><G69/><T30/><D30/><U3/><E3/><V130/><F130/><W37/><G37/><T6/><D35/><U98/><E84/><V21/><F99/><W72/><G72/><T91/><D64/><U123/><E98/><V18/><REACH who="2" step="1"/><F48/><REACH who="2" ten="250,250,240,250" step="2"/><W128/><G128/><T86/><D44/><U24/><REACH who="1" step="1"/><E52/><REACH who="1" ten="250,240,240,250" step="2"/><V68/><F68/><W70/><G70/><T16/><D41/><U117/><E117/><V32/><F32/><W63/><G54/><T133/><D133/><U11/><E11/><V25/><F25/><W108/><G108/><T65/><D66/><U36/><E36/><V124/><F124/><W122/><G122/><AGARI ba="0,2" hai="22,23,24,27,40,42,57,59,80,81,116,119,122,123" machi="122" ten="25,3200,0" yaku="1,1,22,2,53,0" doraHai="9" doraHaiUra="83" who="1" fromWho="3" sc="250,0,240,52,240,0,250,-32" /><INIT seed="1,0,0,3,4,70" ten="250,292,240,218" oya="1" hai0="74,49,93,28,97,121,101,0,21,10,78,64,57" hai1="104,42,6,68,114,124,13,24,66,11,84,83,31" hai2="58,8,14,120,112,107,87,37,92,106,94,36,125" hai3="130,105,85,131,44,7,5,54,63,81,27,22,52"/><U98/><E114/><V86/><F120/><W2/><G105/><T89/><D121/><U108/><E124/><V126/><F58/><W48/><G2/><T34/><D34/><U100/><E108/><V41/><F41/><W113/><G113/><T110/><D110/><U118/><E118/><V99/><F112/><W67/><G54/><T12/><D0/><U40/><E68/><V35/><F35/><W61/><G131/><T119/><D119/><U82/><E66/><V32/><F32/><W25/><G130/><T134/><D134/><U90/><REACH who="1" step="1"/><E82/><REACH who="1" ten="250,282,240,218" step="2"/><V88/><F126/><W55/><G67/><T91/><D64/><U116/><E116/><V15/><F125/><W128/><G128/><T4/><D74/><U117/><E117/><V80/><F107/><W43/><G81/><T123/><D123/><U16/><E16/><V39/><F106/><W23/><G85/><T47/><D57/><U51/><E51/><V9/><F86/><W56/><G63/><T102/><D78/><U60/><E60/><V50/><F50/><W18/><G55/><N who="0" m="30143" /><D102/><U96/><E96/><V71/><F71/><W95/><G95/><T109/><D109/><U26/><E26/><AGARI ba="0,1" hai="4,10,12,21,26,28,89,91,93,97,101" m="30143" machi="26" ten="30,1000,0" yaku="8,1" doraHai="70" who="0" fromWho="1" sc="250,20,282,-10,240,0,218,0" /><INIT seed="2,0,0,3,2,40" ten="270,272,240,218" oya="2" hai0="79,93,68,44,51,69,58,86,49,119,23,71,41" hai1="99,76,118,132,60,70,135,1,5,32,90,114,8" hai2="110,87,74,31,106,19,112,14,33,17,4,73,75" hai3="20,36,65,89,126,105,100,66,127,28,48,77,47"/><V63/><F112/><W111/><G36/><T130/><D119/><U25/><E118/><V18/><F106/><W45/><G77/><T67/><D130/><U3/><E114/><V57/><F110/><W13/><G111/><T35/><D35/><U29/><E76/><V64/><F4/><W92/><G100/><T97/><D23/><U26/><E90/><V2/><F2/><W72/><G72/><T81/><D67/><N who="3" m="25609" /><G105/><T78/><D79/><U123/><E99/><V133/><F133/><N who="1" m="51273" /><E60/><V117/><F117/><W46/><G127/><T6/><D6/><U61/><E61/><V24/><REACH who="2" step="1"/><F87/><REACH who="2" ten="270,272,230,218" step="2"/><N who="3" m="52287" /><G126/><T103/><D71/><U124/><E70/><V121/><F121/><W107/><G107/><T38/><D69/><U94/><E124/><V27/><F27/><N who="3" m="16487" /><G13/><AGARI ba="0,1" hai="13,14,17,18,19,24,31,33,57,63,64,73,74,75" machi="13" ten="50,2400,0" yaku="1,1,53,0" doraHai="40" doraHaiUra="82" who="2" fromWho="3" sc="270,0,272,0,230,34,218,-24" /><INIT seed="2,1,0,1,0,120" ten="270,272,264,194" oya="2" hai0="51,40,134,115,113,14,11,99,58,72,135,47,74" hai1="97,86,42,24,100,15,127,122,37,92,75,26,102" hai2="9,98,114,76,13,81,16,5,43,125,33,17,41" hai3="62,78,50,10,35,87,83,133,39,1,23,112,46"/><V19/><F114/><W84/><G112/><T109/><D99/><U73/><E127/><V25/><F125/><W129/><G133/><N who="0" m="50699" /><D58/><U130/><E130/><V79/><F98/><W52/><G129/><T68/><D68/><U64/><E122/><V126/><F126/><W69/><G35/><T116/><D116/><U20/><E102/><V107/><F107/><W94/><G39/><T8/><D109/><U29/><E64/><V67/><F67/><W7/><G23/><T59/><D59/><U103/><E100/><V96/><F96/><W54/><G69/><T55/><D113/><U4/><E26/><V56/><F56/><W34/><G34/><T27/><D115/><U60/><E60/><V118/><F118/><W108/><G62/><T124/><D124/><U90/><E4/><V101/><F101/><W132/><G132/><T21/><D40/><U49/><E15/><V85/><REACH who="2" step="1"/><F76/><REACH who="2" ten="270,272,254,194" step="2"/><W70/><G70/><T12/><D72/><U31/><E75/><V48/><F48/><W111/><REACH who="3" step="1"/><G54/><REACH who="3" ten="270,272,254,184" step="2"/><T106/><D106/><U104/><E37/><V45/><F45/><W53/><G53/><T88/><D55/><U71/><E71/><V128/><F128/><W110/><G110/><T57/><D57/><U44/><E73/><V66/><F66/><W3/><G3/><T95/><D74/><U65/><E65/><V38/><F38/><W30/><G30/><AGARI ba="1,2" hai="20,24,29,30,31,42,44,49,86,90,92,97,103,104" machi="30" ten="30,1000,0" yaku="7,1" doraHai="120" who="1" fromWho="3" sc="270,0,272,33,254,0,184,-13" /><AGARI ba="1,0" hai="5,9,13,16,17,19,25,30,33,41,43,79,81,85" machi="30" ten="40,7700,0" yaku="1,1,54,1,53,1" doraHai="120" doraHaiUra="6" who="2" fromWho="3" sc="270,0,305,0,254,77,171,-77" /><INIT seed="2,2,0,0,2,26" ten="270,305,331,94" oya="2" hai0="102,114,7,14,101,53,130,83,65,60,95,121,111" hai1="80,9,91,45,34,86,16,84,88,112,116,40,68" hai2="128,76,1,133,72,59,103,117,61,39,120,129,123" hai3="44,98,24,58,66,41,71,115,73,57,100,43,99"/><V2/><F117/><W18/><G73/><T30/><D121/><U31/><E112/><V55/><F39/><W47/><G115/><T92/><D114/><U118/><E68/><V12/><F133/><W36/><G18/><T42/><D111/><U4/><E16/><V46/><F46/><W93/><G24/><T134/><D134/><U17/><E17/><V124/><F124/><W89/><G71/><T63/><D130/><N who="2" m="50282" /><F103/><W110/><G66/><T81/><D42/><U64/><E64/><V3/><F12/><W28/><G110/><T15/><D65/><U74/><E74/><V96/><F96/><W122/><G122/><T21/><D7/><U77/><E34/><V48/><F61/><W104/><REACH who="3" step="1"/><G28/><REACH who="3" ten="270,305,331,84" step="2"/><T8/><D30/><U5/><E31/><V113/><F113/><W27/><G27/><T49/><D53/><U135/><E135/><V38/><F120/><W11/><G11/><T29/><D8/><U105/><E4/><V107/><F72/><W90/><G90/><T108/><D108/><U125/><E91/><V94/><F123/><W25/><G25/><T119/><D29/><U37/><E125/><V0/><F76/><W87/><G87/><T126/><D126/><U67/><E67/><V13/><F1/><W32/><G32/><T78/><D78/><U97/><E5/><V22/><F2/><W54/><G54/><T52/><D52/><U85/><E9/><V79/><F0/><W109/><G109/><T82/><D119/><N who="1" m="45611" /><E88/><V131/><F79/><W62/><G62/><T33/><D33/><U50/><E37/><AGARI ba="2,1" hai="36,37,41,43,44,47,57,58,89,93,98,99,100,104" machi="37" ten="30,3900,0" yaku="1,1,7,1,9,1,53,0" doraHai="26" doraHaiUra="75" who="3" fromWho="1" sc="270,0,305,-45,331,0,84,55" /><INIT seed="3,0,0,3,4,19" ten="270,260,331,139" oya="3" hai0="65,107,109,46,42,68,8,27,50,101,100,117,1" hai1="118,57,13,127,85,36,112,21,34,97,129,134,103" hai2="98,104,88,30,114,54,2,80,52,11,102,108,95" hai3="121,76,24,35,94,59,53,66,96,49,93,22,43"/><W126/><G126/><T0/><D117/><U119/><E112/><V125/><F114/><W82/><G121/><T99/><D109/><U130/><E34/><V41/><F108/><W40/><G35/><T33/><D101/><U5/><E36/><V45/><F30/><W7/><G7/><T23/><D8/><N who="1" m="4239" /><E127/><V78/><F11/><W73/><G66/><T69/><D33/><U17/><E134/><V58/><F58/><W106/><G106/><T83/><D83/><U70/><E85/><N who="2" m="52623" /><F2/><W64/><G64/><T26/><D26/><N who="1" m="14639" /><E57/><V133/><F133/><W77/><G77/><T74/><D74/><U122/><E70/><V16/><F16/><W71/><G71/><T55/><D69/><U38/><E38/><N who="2" m="21687" /><F125/><W131/><G131/><N who="1" m="50186" /><E122/><V81/><F81/><W9/><G9/><T10/><D10/><U48/><E48/><V15/><F15/><W84/><G73/><AGARI ba="0,0" hai="52,54,73,78,80,98,102,104" m="21687,52623" machi="73" ten="30,3900,0" yaku="24,1,54,2" doraHai="19" who="2" fromWho="3" sc="270,0,260,0,331,39,139,-39" owari="270,7.0,260,-14.0,370,47.0,100,-40.0" /></mjloggm>