<mjloggm ver="2.3"><GO type="225" lobby="0"/><UN n0="%E3%81%B5%E3%81%98%E3%81%8B%E3%81%A4" n1="%E3%81%BF%E3%81%BF%E3%81%9A" n2="%48%61%61%61%6C%61%6E%64" n3="%E4%BA%95%E5%B8%AF" dan="16,16,18,16" rate="2214.74,2147.94,2277.33,2084.85" sx="M,M,M,M"/><TAIKYOKU oya="0"/><INIT seed="0,0,0,1,3,118" ten="250,250,250,250" oya="0" hai0="23,35,39,76,72,97,21,95,90,34,4,129,108" hai1="43,115,46,11,110,37,27,14,105,20,59,70,94" hai2="122,71,12,49,17,91,52,61,55,7,120,135,103" hai3="125,133,93,18,58,62,0,38,53,2,3,89,119"/><T81/><D129/><U130/><E105/><V24/><F135/><W36/><G119/><T98/><D39/><U73/><E70/><V54/><F103/><W6/><G133/><T5/><D108/><U66/><E73/><V107/><F107/><W128/><G128/><T28/><D98/><U77/><E77/><V75/><F75/><W45/><G6/><T32/><REACH who="0" step="1"/><D28/><REACH who="0" ten="240,250,250,250" step="2"/><U127/><E130/><V60/><F120/><W80/><G125/><T40/><D40/><U123/><E110/><V101/><F122/><W82/><G36/><T42/><D42/><U114/><E123/><V117/><F117/><W26/><G38/><T102/><D102/><U86/><E127/><V13/><F101/><W10/><G45/><T16/><D16/><U131/><E131/><V30/><F17/><W96/><REACH who="3" step="1"/><G10/><REACH who="3" ten="240,250,250,240" step="2"/><T83/><D83/><U126/><E126/><V104/><F7/><AGARI ba="0,2" hai="4,5,7,21,23,32,34,35,72,76,81,90,95,97" machi="7" ten="40,2000,0" yaku="1,1,53,0" doraHai="118" doraHaiUra="109" who="0" fromWho="2" sc="240,40,250,0,250,-20,240,0" /><INIT seed="0,1,0,1,2,43" ten="280,250,230,240" oya="0" hai0="67,84,36,35,96,121,33,129,108,118,113,9,15" hai1="16,7,95,100,49,132,88,3,109,77,47,134,82" hai2="20,27,83,92,57,75,111,44,80,106,56,42,19" hai3="97,126,32,120,59,115,5,66,34,119,31,63,14"/><T104/><D118/><U65/><E65/><V76/><F106/><W81/><G115/><T8/><D121/><U46/><E109/><V4/><F111/><W124/><G119/><T51/><D113/><U73/><E100/><V28/><F4/><W107/><G81/><T110/><D36/><U68/><E68/><V1/><F1/><W52/><G31/><T61/><D129/><U103/><E103/><V102/><F83/><W89/><G120/><T29/><D84/><N who="1" m="52615" /><E49/><V71/><F71/><W125/><G66/><T24/><D35/><U0/><E16/><V122/><F122/><W94/><REACH who="3" step="1"/><G107/><REACH who="3" ten="280,250,230,230" step="2"/><T48/><D110/><U10/><E0/><V79/><F79/><W85/><G85/><T128/><D108/><U135/><AGARI ba="1,1" hai="3,7,10,46,47,73,77,82,132,134,135" m="52615" machi="135" ten="30,7900,0" yaku="20,1,52,2,54,1" doraHai="43" who="1" fromWho="1" sc="280,-40,250,92,230,-21,230,-21" /><INIT seed="1,0,0,1,0,24" ten="240,342,209,209" oya="1" hai0="72,122,25,104,114,29,67,135,65,45,119,89,17" hai1="23,62,121,128,99,97,68,90,13,4,125,74,32" hai2="40,47,106,77,19,41,134,75,58,85,37,27,53" hai3="7,73,96,46,110,48,60,18,107,15,20,21,22"/><U131/><E121/><V59/><F106/><W84/><G73/><T120/><D119/><U66/><E32/><V116/><F116/><W10/><G110/><T2/><D114/><U124/><E74/><V9/><F75/><W118/><G118/><T6/><D17/><N who="1" m="10671" /><E4/><V8/><F40/><W111/><G111/><T64/><D104/><U123/><E123/><N who="0" m="47145" /><D72/><U108/><E108/><V51/><F134/><W52/><G84/><T49/><D135/><U33/><E33/><V39/><F39/><W88/><G7/><T16/><D89/><U95/><E99/><V56/><F8/><W101/><G60/><T87/><D87/><U129/><AGARI ba="0,0" hai="62,66,68,90,95,97,124,125,128,129,131" m="10671" machi="129" ten="40,2100,0" yaku="19,1" doraHai="24" who="1" fromWho="1" sc="240,-7,342,21,209,-7,209,-7" /><INIT seed="1,1,0,0,3,1" ten="233,363,202,202" oya="1" hai0="113,11,100,128,31,103,94,102,105,109,27,124,10" hai1="52,85,9,5,73,61,108,82,25,56,114,28,50" hai2="54,20,89,88,68,64,76,74,65,36,126,35,38" hai3="72,23,95,104,6,26,86,92,14,70,117,96,80"/><U29/><E114/><V120/><F35/><W4/><G117/><T110/><D113/><U118/><E73/><V33/><F33/><W112/><G112/><T7/><D124/><U37/><E37/><V119/><F119/><W99/><G70/><T59/><D128/><U48/><E118/><V17/><F120/><W58/><G72/><T71/><D71/><U21/><E28/><V67/><F68/><W122/><G58/><T49/><D105/><U40/><E40/><V30/><F30/><N who="3" m="17759" /><G14/><N who="0" m="5471" /><D11/><U75/><E75/><V63/><F126/><W125/><G104/><T66/><D66/><U15/><E108/><N who="0" m="41577" /><D94/><N who="3" m="35881" /><G122/><T3/><D3/><U91/><AGARI ba="1,0" hai="5,9,15,21,25,29,48,50,52,56,61,82,85,91" machi="91" ten="20,12000,1" yaku="0,1,7,1,8,1,52,1,54,1" doraHai="1" who="1" fromWho="1" sc="233,-41,363,123,202,-41,202,-41" /><INIT seed="1,2,0,3,1,125" ten="192,486,161,161" oya="1" hai0="127,7,83,15,37,39,128,67,3,116,42,126,118" hai1="75,131,18,48,86,64,30,117,53,99,121,120,47" hai2="80,89,21,9,34,91,56,102,62,79,12,133,45" hai3="32,26,14,122,78,11,19,74,129,81,29,70,73"/><U1/><E75/><V20/><F34/><W65/><G122/><T107/><D107/><U77/><E117/><N who="0" m="45161" /><D15/><U123/><E1/><V40/><F102/><W114/><G114/><T58/><D7/><U24/><E64/><V52/><F133/><W93/><G74/><T16/><D83/><U22/><E99/><V100/><F100/><W82/><G82/><T46/><D16/><U71/><E71/><V2/><F2/><W88/><G65/><T35/><D35/><U10/><E86/><N who="2" m="48415" /><F45/><W23/><G70/><T36/><D3/><U105/><E77/><V132/><F40/><W51/><G51/><N who="0" m="27095" /><D128/><U31/><E105/><V85/><F132/><W108/><G108/><T113/><D113/><U50/><E131/><V43/><F43/><W119/><G119/><T25/><D25/><U8/><E50/><V134/><F134/><W38/><G38/><T49/><D67/><U76/><E76/><V6/><F91/><W135/><G129/><T66/><D66/><U115/><REACH who="1" step="1"/><E115/><REACH who="1" ten="192,476,161,161" step="2"/><V98/><F98/><W60/><G135/><T72/><D72/><U101/><E101/><V109/><F109/><W54/><G73/><T96/><D96/><U27/><E27/><V92/><AGARI ba="2,1" hai="6,9,12,20,21,52,56,62,85,89,92" m="48415" machi="92" ten="30,2000,0" yaku="8,1,54,1" doraHai="125" who="2" fromWho="2" sc="192,-7,476,-12,161,36,161,-7" /><INIT seed="2,0,0,4,1,45" ten="185,464,197,154" oya="2" hai0="60,132,88,31,23,76,21,32,18,54,14,8,94" hai1="93,63,22,47,16,90,30,69,61,103,119,83,84" hai2="71,42,53,104,81,36,51,111,20,38,4,1,33" hai3="48,108,65,89,15,44,70,43,130,106,87,125,67"/><V6/><F33/><W25/><G108/><T24/><D132/><U50/><E119/><V85/><F111/><W122/><G122/><T9/><D76/><U78/><E30/><V68/><F104/><W117/><G117/><T57/><REACH who="0" step="1"/><D32/><REACH who="0" ten="175,464,197,154" step="2"/><U10/><E69/><V55/><F71/><W49/><G70/><T91/><D91/><U3/><E103/><V127/><F68/><W134/><G125/><T95/><D95/><U100/><E100/><V74/><F127/><W77/><G134/><T82/><D82/><U99/><E3/><V28/><F1/><W37/><G106/><T131/><D131/><U59/><E10/><V86/><F81/><N who="3" m="47535" /><G130/><T39/><D39/><U92/><E92/><V13/><F38/><W12/><G37/><T35/><D35/><U113/><E113/><V5/><F36/><W72/><G89/><T129/><D129/><U115/><E115/><V79/><F79/><W66/><G72/><T58/><D58/><U19/><E59/><V64/><F74/><W102/><G102/><T133/><D133/><U80/><E80/><V123/><F123/><W121/><G121/><T34/><D34/><U116/><E116/><V41/><F86/><AGARI ba="0,1" hai="8,9,14,18,21,23,24,31,54,57,60,86,88,94" machi="86" ten="30,8000,1" yaku="1,1,7,1,8,1,54,1,53,1" doraHai="45" doraHaiUra="11" who="0" fromWho="2" sc="175,90,464,0,197,-80,154,0" /><INIT seed="3,0,0,0,0,59" ten="265,464,117,154" oya="3" hai0="20,37,90,135,3,60,52,120,86,125,31,41,127" hai1="113,32,103,82,92,50,130,49,91,126,132,87,11" hai2="88,105,12,21,0,46,54,19,99,43,112,29,25" hai3="80,76,14,119,61,109,58,122,72,51,33,110,117"/><W42/><G122/><T9/><D120/><U114/><E32/><V124/><F112/><W75/><G33/><T115/><D135/><U4/><E132/><V81/><F124/><N who="0" m="47690" /><D115/><U7/><E126/><V27/><F0/><W121/><G51/><T68/><D3/><U100/><E130/><V8/><F105/><W101/><G14/><T16/><D31/><U106/><E114/><V134/><F134/><W96/><G42/><T13/><D68/><U62/><E106/><V84/><F99/><W47/><G47/><N who="0" m="23983" /><D52/><U56/><E113/><V48/><F27/><W116/><G75/><T40/><D60/><U22/><E22/><V107/><F107/><W26/><G26/><T131/><D40/><AGARI ba="0,0" hai="8,12,19,21,25,29,40,43,46,48,54,81,84,88" machi="40" ten="40,8000,1" yaku="25,2,8,1,54,1" doraHai="59" who="2" fromWho="0" sc="265,-80,464,0,117,80,154,0" owari="185,-21.5,464,56.4,197,-0.3,154,-34.6" /></mjloggm>