<mjloggm ver="2.3"><GO type="225" lobby="0"/><UN n0="%E4%B8%AD%E5%B9%B4%E3%81%AE%E5%8D%B1%E6%A9%9F" n1="%E5%8D%8D%E6%B1%A0%E8%A2%8B%E6%9C%80%E5%BC%B7%E5%8D%8D" n2="%E7%89%B9%E6%9D%B1%E3%81%AF%E4%B8%96%E7%95%8C%E3%82%92%E6%95%91%E3%81%86" n3="%E3%83%A9%E3%83%BC%E3%83%A1%E3%83%B3%E4%BA%94%E9%83%8E" dan="16,16,16,16" rate="2129.52,2150.89,2152.73,2114.29" sx="M,M,M,M"/><TAIKYOKU oya="0"/><INIT seed="0,0,0,1,2,13" ten="250,250,250,250" oya="0" hai0="55,21,76,102,89,59,28,4,50,33,56,14,24" hai1="68,39,0,44,108,58,10,130,45,100,63,34,99" hai2="97,124,41,60,74,78,113,77,128,107,118,5,40" hai3="38,6,72,134,91,15,48,96,135,16,125,29,104"/><T26/><D76/><U126/><E126/><V42/><F113/><W83/><G38/><T101/><D89/><U95/><E108/><V36/><F36/><W64/><G125/><T51/><D14/><U22/><E34/><V66/><F124/><W23/><G64/><T127/><D4/><U119/><E130/><V47/><F128/><W35/><G48/><T20/><D33/><U129/><E129/><V120/><F120/><W82/><G6/><T37/><D37/><U7/><E68/><V105/><F47/><W54/><G54/><N who="0" m="31831" /><D127/><U112/><E112/><V75/><F5/><W70/><G70/><T80/><D80/><U103/><E103/><V117/><F60/><W85/><G72/><N who="2" m="27689" /><F97/><W90/><G104/><N who="2" m="40009" /><F66/><W116/><G96/><T67/><D67/><U31/><E119/><AGARI ba="0,0" hai="40,41,42,77,78,117,118,119" m="40009,27689" machi="119" ten="40,5200,0" yaku="28,2,12,1" doraHai="13" who="2" fromWho="1" sc="250,0,250,-52,250,52,250,0" /><INIT seed="1,0,0,2,3,94" ten="250,198,302,250" oya="1" hai0="63,36,26,68,117,83,88,97,67,74,5,82,49" hai1="132,33,86,34,89,48,75,98,8,50,13,58,106" hai2="102,87,60,6,54,25,43,3,61,134,22,53,72" hai3="41,109,38,70,14,42,92,77,127,66,19,116,130"/><U121/><E75/><V20/><F72/><W119/><G109/><T80/><D36/><U131/><E131/><V71/><F134/><W113/><G113/><T126/><D117/><N who="3" m="45129" /><G127/><T17/><D5/><U107/><E121/><V99/><F43/><N who="3" m="16395" /><G38/><T37/><D37/><U90/><E90/><V84/><F3/><W51/><G130/><T128/><D126/><U129/><E129/><V111/><F84/><W27/><G77/><T10/><D128/><U110/><E132/><V69/><F20/><N who="3" m="11383" /><G51/><T59/><D74/><U73/><E73/><V91/><F22/><W124/><G124/><T100/><D26/><U46/><E50/><V40/><F25/><W35/><G92/><N who="0" m="58407" /><D68/><U79/><E58/><V57/><F57/><W125/><G125/><T55/><D49/><U135/><E135/><V24/><F69/><W4/><G4/><T32/><D32/><U85/><E79/><V7/><F111/><W11/><G11/><T108/><D108/><U44/><E110/><V118/><F7/><W23/><G35/><T29/><D67/><U56/><E34/><V12/><F6/><W45/><G45/><N who="1" m="17514" /><E33/><V133/><F118/><W31/><G70/><T15/><D29/><U30/><E30/><V105/><F71/><W62/><G66/><T16/><D17/><N who="1" m="8359" /><E107/><V64/><F105/><W123/><G62/><T115/><D115/><U28/><E28/><V96/><F61/><W76/><G76/><T95/><D82/><U122/><E122/><AGARI ba="0,0" hai="23,27,31,122,123" m="11383,16395,45129" machi="122" ten="30,1000,0" yaku="12,1" doraHai="94" who="3" fromWho="1" sc="250,0,198,-10,302,0,250,10" /><INIT seed="2,0,0,5,2,111" ten="250,188,302,260" oya="2" hai0="5,133,56,108,52,98,20,45,70,36,78,29,86" hai1="102,131,4,92,84,49,79,113,63,13,42,34,27" hai2="10,117,82,112,94,132,11,6,37,25,85,26,119" hai3="68,128,105,104,103,75,21,58,32,66,121,88,55"/><V35/><F37/><W99/><G121/><T72/><D72/><U64/><E131/><V47/><F132/><W59/><G32/><T120/><D120/><U23/><E34/><V19/><F47/><W67/><G75/><T3/><D70/><U90/><E102/><V134/><F134/><W77/><G77/><T93/><D133/><U127/><E127/><V135/><F135/><W2/><G2/><T107/><D108/><U96/><E79/><V106/><F106/><W43/><G68/><T24/><D107/><U30/><E113/><V31/><F94/><W110/><G128/><T76/><D86/><U51/><E42/><V53/><F53/><W126/><G126/><T97/><D97/><U9/><REACH who="1" step="1"/><E96/><REACH who="1" ten="250,178,302,260" step="2"/><V40/><F40/><W0/><G43/><T33/><D33/><U38/><E38/><V22/><F112/><W8/><G99/><T50/><D36/><U74/><E74/><V116/><F116/><W122/><G103/><T129/><D129/><U15/><E15/><V71/><F119/><W28/><G110/><T39/><D39/><U109/><E109/><V114/><F114/><W41/><G41/><T54/><D3/><U125/><E125/><V18/><F117/><W46/><G0/><T80/><D76/><U14/><E14/><V44/><F35/><W87/><G122/><T73/><D98/><U62/><E62/><V101/><F101/><W65/><G105/><T61/><D5/><U124/><E124/><V118/><F6/><W115/><G104/><T16/><D73/><U48/><E48/><V100/><F118/><W83/><G115/><RYUUKYOKU ba="0,1" sc="250,-10,178,30,302,-10,260,-10" hai1="4,9,13,23,27,30,49,51,63,64,84,90,92" /><INIT seed="3,1,1,0,4,93" ten="240,208,292,250" oya="3" hai0="4,78,118,56,47,25,92,11,100,129,125,14,79" hai1="94,70,86,1,59,16,77,54,123,71,17,87,60" hai2="38,104,15,22,114,23,50,75,36,112,57,96,108" hai3="95,128,58,69,10,3,44,19,109,99,27,110,83"/><W117/><G117/><T42/><D118/><U46/><E1/><V28/><F75/><W64/><G128/><T68/><D68/><U91/><E123/><V48/><F104/><W18/><G69/><T24/><D129/><U29/><E70/><V106/><F106/><W39/><G83/><T51/><D56/><U67/><E29/><V52/><F96/><W121/><G121/><T43/><D43/><U126/><E126/><V135/><F108/><N who="3" m="41579" /><G39/><T35/><D125/><U89/><E77/><N who="0" m="29193" /><D35/><U63/><REACH who="1" step="1"/><E46/><REACH who="1" ten="240,198,292,250" step="2"/><V116/><F116/><W105/><G44/><T82/><D82/><AGARI ba="1,2" hai="16,17,54,59,60,63,67,71,82,86,87,89,91,94" machi="82" ten="30,7700,0" yaku="1,1,2,1,7,1,54,1,53,0" doraHai="93" doraHaiUra="74" who="1" fromWho="0" sc="240,-80,198,100,292,0,250,0" /><INIT seed="4,0,0,1,3,20" ten="160,298,292,250" oya="0" hai0="45,71,32,96,31,68,98,0,65,107,41,12,67" hai1="87,2,126,63,124,131,111,129,105,134,115,62,133" hai2="94,97,99,74,90,79,56,34,60,61,112,42,58" hai3="49,106,28,10,116,120,82,19,119,66,25,86,37"/><T36/><D12/><U4/><E105/><V59/><F34/><W15/><G37/><T128/><D0/><U50/><E111/><V21/><F112/><W7/><G106/><T81/><D128/><N who="1" m="49227" /><E115/><V104/><F42/><W102/><G120/><T51/><D81/><U57/><E4/><V29/><F74/><W18/><G102/><N who="0" m="62919" /><D98/><U26/><E26/><N who="2" m="16591" /><F104/><W117/><G66/><T80/><D80/><U69/><E87/><N who="2" m="52575" /><F79/><W132/><G49/><T100/><D100/><U103/><E103/><V8/><F8/><W14/><G15/><T40/><D67/><N who="1" m="41207" /><E50/><V5/><F5/><W125/><G116/><T47/><D51/><U23/><E23/><V6/><F6/><W109/><G117/><T75/><D75/><U9/><E9/><V33/><F33/><W78/><G119/><T22/><D22/><U64/><E2/><V84/><F84/><W118/><G118/><T39/><D65/><U76/><E76/><V3/><F3/><W11/><G109/><T52/><D52/><U113/><E113/><V77/><F77/><W70/><G70/><T48/><D48/><U53/><E64/><N who="2" m="38919" /><F59/><W92/><G78/><T13/><D13/><U38/><E38/><V108/><F108/><W43/><G14/><T17/><D17/><U95/><E95/><V44/><F44/><W83/><G18/><T89/><D89/><U27/><E27/><AGARI ba="0,0" hai="27,31,32,36,39,40,41,45,47,68,71" m="62919" machi="27" ten="30,5800,0" yaku="33,2,52,1" doraHai="20" who="0" fromWho="1" sc="160,58,298,-58,292,0,250,0" /><INIT seed="4,1,0,5,0,48" ten="218,240,292,250" oya="0" hai0="33,14,91,56,43,88,101,130,84,18,135,45,37" hai1="57,81,85,128,60,22,28,72,7,131,23,12,24" hai2="109,20,21,132,11,92,73,63,112,53,104,115,61" hai3="122,113,95,71,116,40,96,82,100,32,110,127,87"/><T111/><D33/><U26/><E72/><V106/><F109/><W46/><G110/><T31/><D111/><U94/><E94/><V49/><F73/><W129/><G116/><T16/><D31/><U68/><E68/><V30/><F11/><W29/><G71/><T74/><D74/><U36/><E36/><V35/><F35/><W77/><G113/><N who="2" m="43593" /><F92/><W58/><G127/><T117/><D117/><U62/><E12/><V15/><F132/><W75/><G129/><N who="1" m="49738" /><E7/><V39/><F39/><W121/><G75/><T93/><D130/><U118/><E57/><N who="2" m="32943" /><F21/><W119/><G119/><T54/><D135/><U79/><E118/><V76/><F15/><W38/><G58/><T1/><D1/><U25/><E25/><N who="2" m="16679" /><F76/><W134/><G134/><T67/><D67/><U89/><E79/><V52/><F52/><W66/><G66/><T9/><D91/><U6/><E6/><V4/><F4/><W34/><G34/><T8/><D101/><U105/><E105/><AGARI ba="1,0" hai="61,63,104,105,106" m="16679,32943,43593" machi="105" ten="30,2000,0" yaku="15,1,52,1" doraHai="48" who="2" fromWho="1" sc="218,0,240,-23,292,23,250,0" owari="218,-18.2,217,-28.3,315,41.5,250,5.0" /></mjloggm>