<mjloggm ver="2.3"><GO type="225" lobby="0"/><UN n0="%E9%B3%B3%E6%9D%B1%E3%81%AE%E3%81%86%E3%81%95%E3%81%8E%E3%81%95%E3%82%93" n1="%6A%70%74%77%61%32" n2="%E8%A8%88%E7%AE%97%E6%A9%9F%E8%87%AA%E7%84%B6" n3="%6E%69%63%6F%6E%74%6F" dan="16,16,17,17" rate="2256.12,2056.03,2243.28,2133.79" sx="M,M,M,M"/><TAIKYOKU oya="0"/><INIT seed="0,0,0,5,5,50" ten="250,250,250,250" oya="0" hai0="52,27,80,56,134,85,53,2,42,16,3,1,65" hai1="33,112,0,76,40,63,90,84,109,111,78,128,35" hai2="77,116,83,59,45,30,113,100,71,103,96,18,69" hai3="106,68,36,82,67,7,55,11,93,14,29,110,37"/><T130/><D130/><U58/><E128/><V97/><F113/><W6/><G110/><N who="1" m="41994" /><E112/><V21/><F116/><W75/><G106/><T23/><D134/><U119/><E0/><V51/><F59/><W92/><G68/><T125/><D125/><U12/><E119/><V28/><F69/><W88/><G67/><T61/><REACH who="0" step="1"/><D42/><REACH who="0" ten="240,250,250,250" step="2"/><U101/><E40/><V120/><F120/><W123/><G123/><T64/><D64/><U81/><E33/><V70/><F71/><W72/><G37/><T60/><D60/><U87/><E35/><V32/><F70/><W118/><G36/><T79/><AGARI ba="0,1" hai="1,2,3,16,23,27,52,53,56,61,65,79,80,85" machi="79" ten="30,24000,3" yaku="1,1,0,1,52,2,54,2,53,3" doraHai="50" doraHaiUra="34" who="0" fromWho="0" sc="240,250,250,-80,250,-80,250,-80" /><INIT seed="0,1,0,3,5,59" ten="490,170,170,170" oya="0" hai0="52,58,4,120,6,73,95,26,10,9,121,51,24" hai1="72,45,112,107,125,129,35,123,28,99,88,105,86" hai2="12,65,62,2,111,106,135,90,19,33,127,22,104" hai3="37,20,98,15,8,114,60,108,40,77,101,42,64"/><T113/><D113/><U131/><E123/><V0/><F33/><W89/><G108/><T84/><D73/><U118/><E118/><V76/><F111/><W14/><G114/><T87/><D95/><U39/><E72/><V3/><F127/><W80/><G89/><T49/><REACH who="0" step="1"/><D58/><REACH who="0" ten="480,170,170,170" step="2"/><U92/><E112/><V119/><F119/><W115/><G115/><T124/><D124/><U48/><E125/><V109/><F109/><W116/><G116/><T67/><D67/><U29/><E92/><V30/><F104/><W103/><G80/><T130/><D130/><U82/><E107/><V13/><F106/><W69/><G69/><T93/><D93/><U85/><E105/><V128/><F128/><W79/><G103/><T21/><D21/><U55/><E131/><V44/><F22/><W25/><G101/><T47/><D47/><U31/><E129/><V5/><F44/><W110/><G20/><T41/><D41/><U75/><E75/><V66/><F65/><W68/><G42/><T81/><D81/><U91/><E35/><V126/><F66/><W7/><G40/><T53/><AGARI ba="1,1" hai="4,6,9,10,24,26,49,51,52,53,84,87,120,121" machi="53" ten="25,18000,2" yaku="1,1,0,1,22,2,54,1,53,2" doraHai="59" doraHaiUra="117" who="0" fromWho="0" sc="480,193,170,-61,170,-61,170,-61" /><INIT seed="0,2,0,1,5,69" ten="673,109,109,109" oya="0" hai0="18,89,64,109,123,103,91,33,22,114,32,49,20" hai1="85,86,67,26,40,60,122,10,94,42,15,76,38" hai2="23,127,111,0,70,53,43,11,113,128,4,126,121" hai3="74,37,102,71,73,101,41,28,24,88,92,3,56"/><T2/><D114/><U25/><E122/><V105/><F121/><W108/><G71/><T39/><D123/><U117/><E117/><V8/><F113/><W83/><G3/><T48/><D2/><U30/><E85/><V119/><F105/><W110/><G56/><T98/><D109/><N who="3" m="42089" /><G41/><N who="1" m="15978" /><E38/><V14/><F111/><W21/><G37/><T80/><D39/><U131/><E30/><V63/><F43/><W68/><G68/><T99/><D103/><N who="3" m="39433" /><G83/><T47/><D80/><N who="1" m="47367" /><E94/><V106/><F106/><W29/><G29/><T81/><D81/><U5/><E131/><V27/><F128/><W55/><G55/><T61/><D47/><U97/><E97/><AGARI ba="2,0" hai="21,24,28,73,74,88,92,97" m="39433,42089" machi="97" ten="30,2000,0" yaku="14,1,54,1" doraHai="69" who="3" fromWho="1" sc="673,0,109,-26,109,0,109,26" /><INIT seed="1,0,0,5,1,93" ten="673,83,109,135" oya="1" hai0="133,91,113,90,120,7,107,14,4,64,73,12,88" hai1="63,108,45,119,74,13,80,123,76,104,118,44,19" hai2="43,94,53,75,68,83,2,26,135,117,55,15,125" hai3="129,84,11,92,24,28,102,18,124,42,110,39,17"/><U130/><E123/><V41/><F2/><W8/><G39/><T112/><D107/><U116/><E130/><V121/><F117/><W40/><G84/><T65/><D120/><U36/><E104/><V5/><F68/><W20/><G92/><T71/><D71/><U111/><E63/><V0/><F0/><W31/><G102/><T25/><D25/><U57/><E57/><V56/><F121/><W46/><G46/><T52/><D52/><N who="2" m="20042" /><F75/><W49/><G49/><T70/><D70/><U106/><E106/><V86/><F125/><W34/><G42/><N who="2" m="15881" /><F135/><W114/><G40/><T10/><D73/><U21/><REACH who="1" step="1"/><E36/><REACH who="1" ten="673,73,109,135" step="2"/><V98/><F56/><W97/><G129/><T38/><D38/><U115/><E115/><V126/><F126/><W32/><G114/><T61/><D61/><U67/><E67/><V128/><F128/><W6/><G124/><T3/><D65/><U96/><E96/><V37/><F37/><W72/><G97/><T82/><D64/><U132/><E132/><V99/><F94/><W48/><G48/><T29/><D133/><U30/><E30/><V109/><F109/><AGARI ba="0,1" hai="13,19,21,44,45,74,76,80,108,109,111,116,118,119" machi="109" ten="50,9600,0" yaku="1,1,14,1,10,1,53,0" doraHai="93" doraHaiUra="51" who="1" fromWho="2" sc="673,0,73,106,109,-96,135,0" /><INIT seed="1,1,0,5,5,101" ten="673,179,13,135" oya="1" hai0="47,115,69,88,80,75,83,70,117,28,56,118,19" hai1="33,97,134,120,11,90,126,123,61,102,103,63,10" hai2="107,106,92,6,100,45,66,60,79,42,72,9,65" hai3="54,122,108,3,59,91,7,116,23,129,46,0,98"/><U124/><E33/><V38/><F92/><N who="3" m="56607" /><G122/><N who="1" m="46634" /><E90/><V25/><F25/><W104/><G104/><N who="2" m="39977" /><F60/><N who="1" m="23113" /><E97/><V105/><N who="2" m="39985" /><V114/><DORA hai="41" /><F100/><N who="1" m="38441" /><E134/><V44/><F44/><W85/><G3/><T99/><D115/><U81/><E81/><N who="2" m="45287" /><F114/><W110/><G0/><AGARI ba="1,0" hai="0,6,9,38,42,45,65,66" m="45287,39985" machi="0" ten="40,12000,2" yaku="25,1,52,5" doraHai="101,41" who="2" fromWho="3" sc="673,0,179,0,13,123,135,-123" /><INIT seed="2,0,0,0,0,114" ten="673,179,136,12" oya="2" hai0="87,54,58,80,133,5,90,47,50,57,112,19,71" hai1="108,9,116,16,8,86,99,101,68,82,123,22,135" hai2="21,1,118,15,93,75,33,4,128,124,29,64,132" hai3="98,6,104,13,119,73,28,107,76,23,65,74,125"/><V102/><F75/><W97/><G65/><T91/><D112/><U134/><E108/><V60/><F128/><W95/><G28/><T52/><D71/><U126/><E68/><V20/><F124/><W79/><G23/><T24/><D133/><N who="1" m="50699" /><E126/><V127/><F127/><W129/><G125/><T46/><D5/><U35/><E35/><V113/><F113/><W41/><G13/><T43/><D24/><N who="1" m="14407" /><E123/><V18/><F20/><W77/><G6/><T92/><D19/><U0/><E0/><V3/><F132/><W2/><G41/><T130/><D130/><U83/><E116/><V100/><F118/><W89/><G2/><T84/><D54/><U63/><E63/><V53/><F53/><W122/><G122/><T67/><D67/><U38/><E38/><AGARI ba="0,0" hai="38,43,46,47,50,52,57,58,80,84,87,90,91,92" machi="38" ten="30,2000,0" yaku="7,1,54,1" doraHai="114" who="0" fromWho="1" sc="673,20,179,-20,136,0,12,0" /><INIT seed="3,0,0,2,5,0" ten="693,159,136,12" oya="3" hai0="2,22,28,94,19,88,5,61,44,102,20,58,72" hai1="53,135,50,126,16,130,63,120,36,57,118,42,107" hai2="27,73,39,43,17,24,56,95,1,8,123,104,33" hai3="128,98,12,62,112,90,122,119,59,80,52,77,121"/><W131/><G112/><T66/><D72/><U87/><E107/><V92/><F104/><W40/><G119/><T7/><D102/><U38/><E87/><V79/><F56/><W85/><G12/><N who="0" m="9319" /><D2/><U4/><E16/><V6/><F123/><W31/><G31/><T3/><D3/><U32/><E4/><V134/><F134/><W97/><G40/><T76/><D76/><U103/><E32/><V91/><F17/><W113/><G113/><T89/><D44/><U11/><E103/><V67/><F67/><W41/><G41/><T71/><D71/><U37/><E126/><V45/><F33/><W21/><G21/><T83/><D83/><U13/><E130/><N who="3" m="49706" /><G77/><T69/><D69/><U14/><E118/><V51/><F51/><W129/><N who="3" m="49714" /><W75/><DORA hai="132" /><G75/><T48/><D48/><U15/><E50/><V84/><F95/><W109/><G109/><T124/><D124/><U9/><E135/><V114/><F114/><W101/><G98/><N who="0" m="57671" /><D89/><U47/><E120/><V125/><F125/><W133/><G133/><T110/><D110/><U111/><E111/><V49/><F49/><W82/><G82/><AGARI ba="0,0" hai="1,6,8,24,27,39,43,45,73,79,82,84,91,92" machi="82" ten="40,5200,0" yaku="25,2,52,1" doraHai="0,132" who="2" fromWho="3" sc="693,0,159,0,136,52,12,-52" owari="693,79.3,159,-24.1,188,-1.2,-40,-54.0" /></mjloggm>