<mjloggm ver="2.3"><GO type="225" lobby="0"/><UN n0="%E3%81%AA%E3%82%81%E3%81%93%E9%9B%80%E5%A3%AB" n1="%E9%98%BF%E9%83%A8%E5%AF%9B%EF%BC%A0%E9%B3%B3%E5%8D%93" n2="%72%69%6F%75%63%68%61%6E" n3="%E9%B3%B3%E6%9D%B1%E3%81%AE%E3%81%BF%E3%81%91%E3%81%AB%E3%82%83%E3%82%93" dan="16,16,17,17" rate="2065.00,2105.46,2250.49,2143.21" sx="M,F,M,F"/><TAIKYOKU oya="0"/><INIT seed="0,0,0,4,5,23" ten="250,250,250,250" oya="0" hai0="40,8,42,55,21,25,93,94,80,51,18,1,11" hai1="46,110,74,87,78,59,134,33,37,45,104,16,69" hai2="109,127,38,126,89,129,66,132,70,63,113,96,2" hai3="5,50,119,100,20,133,35,27,7,47,92,118,88"/><T95/><D1/><U26/><E69/><V48/><F113/><W71/><G71/><T17/><D80/><U122/><E122/><V85/><F2/><W43/><G35/><T14/><REACH who="0" step="1"/><D11/><REACH who="0" ten="240,250,250,250" step="2"/><U86/><E134/><V97/><F132/><W68/><G133/><T116/><D116/><U75/><E110/><V103/><F109/><W56/><G118/><T44/><AGARI ba="0,1" hai="8,14,17,18,21,25,40,42,44,51,55,93,94,95" machi="44" ten="30,11700,0" yaku="1,1,0,1,8,1,52,1,53,0" doraHai="23" doraHaiUra="117" who="0" fromWho="0" sc="240,127,250,-39,250,-39,250,-39" /><INIT seed="0,1,0,3,1,109" ten="367,211,211,211" oya="0" hai0="89,25,13,91,70,82,113,56,90,35,95,131,67" hai1="65,121,12,112,111,69,134,36,108,32,66,116,72" hai2="14,124,133,104,61,51,34,37,55,78,63,132,22" hai3="1,6,84,58,43,7,28,8,114,19,46,41,79"/><T87/><D70/><U49/><RYUUKYOKU type="yao9" ba="1,0" sc="367,0,211,0,211,0,211,0" hai1="12,32,36,49,65,66,69,72,108,111,112,116,121,134" /><INIT seed="0,2,0,3,5,71" ten="367,211,211,211" oya="0" hai0="86,119,2,118,14,26,47,92,97,117,50,20,83" hai1="42,88,135,33,95,23,103,77,5,74,129,127,130" hai2="44,102,56,45,112,105,76,96,125,80,70,90,25" hai3="62,16,63,32,60,18,94,66,124,93,22,9,13"/><T69/><D2/><U89/><E33/><V68/><F112/><W37/><G124/><T53/><D69/><U115/><E5/><V46/><F125/><W3/><G32/><T27/><D14/><U91/><E23/><V104/><F105/><W123/><G123/><T38/><D38/><U79/><E42/><V108/><F108/><W55/><G55/><T48/><D48/><U128/><E127/><V81/><F56/><W57/><G37/><T65/><D65/><U133/><E115/><V107/><F107/><W132/><G132/><N who="1" m="50762" /><E74/><V6/><F90/><W35/><G35/><T54/><D54/><U111/><E111/><V17/><F81/><W41/><G41/><T98/><D98/><AGARI ba="2,0" hai="77,79,88,89,91,95,98,103,128,129,130" m="50762" machi="98" ten="40,8000,1" yaku="19,1,20,1,34,2,54,1" doraHai="71" who="1" fromWho="0" sc="367,-86,211,86,211,0,211,0" /><INIT seed="1,0,0,1,0,24" ten="281,297,211,211" oya="1" hai0="35,80,118,70,87,123,94,44,21,102,81,28,54" hai1="126,131,73,7,85,42,56,97,106,93,39,6,26" hai2="133,88,19,29,79,71,14,67,84,9,25,15,61" hai3="32,107,18,49,100,68,91,113,95,30,109,11,111"/><U13/><E73/><V62/><F133/><W135/><G113/><T76/><D70/><U51/><E39/><V36/><F36/><W17/><G68/><T3/><D35/><U129/><E106/><V78/><F61/><W134/><G49/><N who="0" m="28967" /><D3/><U10/><E126/><V74/><F15/><N who="3" m="7423" /><G100/><T64/><D118/><U75/><E75/><V121/><F74/><W52/><G107/><T103/><D81/><U2/><E2/><V120/><F121/><W119/><G18/><T115/><D115/><U132/><E6/><V124/><F124/><W104/><G104/><T31/><D64/><U53/><E132/><N who="3" m="50730" /><G52/><T58/><D58/><U72/><E56/><V5/><F120/><W0/><G0/><T46/><D46/><U37/><E53/><V47/><F47/><W43/><G43/><T125/><D125/><U41/><E42/><V57/><F71/><W90/><G119/><T130/><D130/><U117/><E41/><V122/><F19/><W83/><G83/><T40/><D40/><U22/><E117/><V50/><F50/><W45/><G45/><T16/><D123/><U66/><E51/><V60/><F62/><W4/><G4/><T48/><D48/><U59/><E129/><V38/><F38/><W63/><G63/><T77/><D77/><U86/><E37/><V89/><F122/><W105/><G105/><T33/><D33/><U65/><E131/><V110/><F79/><W114/><G114/><T27/><D103/><U69/><E69/><V23/><F110/><N who="3" m="41995" /><G95/><T1/><D1/><N who="1" m="367" /><E65/><V55/><F67/><W127/><G127/><T34/><D34/><RYUUKYOKU ba="0,0" sc="281,10,297,-30,211,10,211,10" hai0="16,21,27,28,31,76,80,87,94,102" hai2="5,9,14,23,25,29,55,57,60,78,84,88,89" hai3="30,32,90,91" /><INIT seed="2,1,0,3,4,116" ten="291,267,221,221" oya="2" hai0="92,117,91,37,28,43,10,122,30,12,7,100,36" hai1="13,33,90,55,118,89,15,54,27,99,8,121,11" hai2="69,124,75,105,48,52,4,21,104,79,106,126,32" hai3="61,65,41,110,77,58,123,93,87,107,128,95,109"/><V39/><F32/><W134/><G107/><T125/><D122/><U135/><E33/><V6/><F39/><W25/><G134/><T56/><D117/><U88/><E118/><V67/><F21/><W20/><G128/><T9/><D100/><U18/><E135/><V114/><F114/><W2/><G2/><T34/><D34/><U17/><E121/><V24/><F24/><W19/><G41/><T85/><D125/><N who="2" m="48234" /><F67/><W49/><G49/><T101/><D101/><U57/><E27/><V83/><F69/><W38/><G38/><T111/><D111/><N who="3" m="42505" /><G123/><T103/><D103/><U42/><E42/><V64/><F64/><W130/><G130/><T26/><D37/><U53/><REACH who="1" step="1"/><E99/><REACH who="1" ten="291,257,221,221" step="2"/><V82/><F82/><AGARI ba="1,1" hai="19,20,25,58,61,65,77,82,87,93,95" m="42505" machi="82" ten="30,1000,0" yaku="14,1" doraHai="116" who="3" fromWho="2" sc="291,0,257,0,221,-13,221,23" /><INIT seed="3,0,0,1,2,43" ten="291,257,208,244" oya="3" hai0="62,44,60,22,17,107,45,104,102,49,8,89,123" hai1="130,13,20,50,32,27,53,9,77,108,80,100,55" hai2="72,51,131,25,4,52,121,29,84,37,91,67,117" hai3="120,48,28,132,74,14,78,106,68,127,103,24,11"/><W76/><G120/><T113/><D44/><U0/><E108/><V16/><F117/><W85/><G74/><T59/><D123/><U46/><E130/><V116/><F116/><W81/><G132/><T112/><D8/><U75/><E100/><V64/><F121/><W87/><G127/><T88/><D102/><U114/><E114/><N who="0" m="44137" /><D59/><U3/><E32/><V97/><F72/><W96/><G68/><T41/><D62/><U39/><E39/><V118/><F37/><W99/><G99/><T6/><D6/><U126/><E126/><V30/><F118/><W56/><G56/><T35/><D35/><U119/><E119/><V133/><F131/><W26/><G48/><T36/><D60/><U94/><E94/><N who="2" m="56543" /><F133/><W92/><G28/><N who="2" m="10857" /><F4/><W31/><G31/><T101/><D36/><U54/><E0/><V5/><F5/><W18/><G106/><N who="0" m="40491" /><D101/><U86/><E3/><V124/><F124/><W93/><G93/><T125/><D125/><U42/><E75/><V71/><F71/><W98/><G98/><T61/><D61/><U95/><E95/><V66/><F84/><W57/><G57/><T65/><D65/><N who="2" m="16642" /><V128/><DORA hai="38" /><F128/><W34/><G34/><T7/><D7/><N who="1" m="3263" /><E20/><N who="2" m="13447" /><F51/><W122/><G122/><T15/><AGARI ba="0,0" hai="15,17,22,41,45,49,88,89" m="40491,44137" machi="15" ten="30,7900,0" yaku="11,1,52,2,54,1" doraHai="43,38" who="0" fromWho="0" sc="291,79,257,-20,208,-20,244,-39" owari="370,47.0,237,3.7,188,-31.2,205,-19.5" /></mjloggm>