<mjloggm ver="2.3"><GO type="225" lobby="0"/><UN n0="%E7%89%B9%E6%9D%B1%E3%81%AF%E4%B8%96%E7%95%8C%E3%82%92%E6%95%91%E3%81%86" n1="%77%72%77%72%77%72%77%72" n2="%4B%2E%32%2E%4B%2E" n3="%E6%98%93%E5%88%A9%E8%96%A9%E4%BC%AF" dan="16,17,16,16" rate="2183.21,2222.03,2111.91,2098.74" sx="M,M,M,F"/><TAIKYOKU oya="0"/><INIT seed="0,0,0,5,2,134" ten="250,250,250,250" oya="0" hai0="9,63,47,54,128,68,123,103,27,112,109,88,117" hai1="48,57,84,83,116,125,25,65,16,105,14,80,132" hai2="23,79,95,38,6,58,102,114,40,90,98,26,2" hai3="7,135,15,20,121,67,101,56,77,124,107,110,70"/><T3/><D112/><U50/><E116/><V5/><F114/><W87/><G70/><T108/><D117/><U85/><E105/><V92/><F2/><W62/><G110/><N who="0" m="42603" /><D123/><U17/><E132/><V82/><F38/><W30/><G135/><T75/><D75/><U64/><E125/><V0/><F0/><W1/><G124/><T127/><D127/><U46/><E25/><V66/><F40/><W19/><G30/><T37/><D103/><U115/><E115/><V13/><F13/><W129/><G129/><T33/><D128/><U36/><E36/><V118/><F82/><W126/><G121/><T55/><D68/><U100/><E100/><V61/><F79/><W49/><G49/><T12/><D63/><U69/><E69/><V91/><F102/><W11/><G126/><T8/><D3/><U111/><E111/><V51/><F51/><W71/><G71/><T97/><D37/><U43/><E57/><V74/><F74/><W122/><G122/><T41/><D41/><U24/><E24/><V45/><F45/><W119/><G119/><T113/><D113/><U93/><E46/><V52/><F118/><W86/><REACH who="3" step="1"/><G77/><REACH who="3" ten="250,250,250,240" step="2"/><T28/><D28/><U131/><E131/><V10/><F66/><W44/><G44/><T73/><D47/><U22/><E43/><V18/><F10/><W31/><G31/><T32/><D9/><U104/><E64/><V60/><F61/><W81/><G81/><T89/><D8/><U42/><E65/><V21/><F21/><W35/><G35/><T76/><D33/><U59/><E42/><V96/><AGARI ba="0,1" hai="5,6,18,23,26,52,58,60,90,91,92,95,96,98" machi="96" ten="20,16000,3" yaku="5,1,0,1,7,1,9,1,25,2,8,1,54,1" doraHai="134" who="2" fromWho="2" sc="250,-80,250,-40,250,170,240,-40" /><INIT seed="1,0,0,3,4,118" ten="170,210,420,200" oya="1" hai0="4,104,38,111,54,91,134,35,83,84,126,73,24" hai1="52,131,0,28,56,116,125,107,55,20,65,102,66" hai2="34,122,30,17,82,72,76,100,3,11,41,99,98" hai3="129,61,27,68,48,8,9,7,59,105,32,40,69"/><U23/><E116/><V1/><F122/><W71/><G105/><T46/><D111/><U10/><E131/><V93/><F41/><W19/><G129/><T5/><D134/><U49/><E125/><V58/><F34/><W109/><G109/><T113/><D113/><U25/><E20/><V39/><F30/><W31/><G19/><T64/><D126/><U128/><E128/><V44/><F44/><W117/><G117/><T37/><D104/><U124/><E124/><V14/><F39/><W85/><G85/><T50/><D64/><U77/><E77/><V121/><F121/><W2/><G9/><T70/><D70/><U97/><REACH who="1" step="1"/><E55/><REACH who="1" ten="170,200,420,200" step="2"/><V15/><F76/><W45/><REACH who="3" step="1"/><G71/><REACH who="3" ten="170,200,420,190" step="2"/><T13/><D73/><U80/><E80/><V6/><F82/><W94/><G94/><T106/><D106/><U22/><E22/><V92/><F72/><W36/><G36/><T90/><D37/><U115/><E115/><V86/><F92/><W53/><AGARI ba="0,2" hai="2,7,8,27,31,32,40,45,48,53,59,61,68,69" machi="53" ten="20,5200,0" yaku="1,1,0,1,7,1,53,1" doraHai="118" doraHaiUra="57" who="3" fromWho="3" sc="170,-13,200,-26,420,-13,190,72" /><INIT seed="2,0,0,2,5,86" ten="157,174,407,262" oya="2" hai0="99,103,89,100,11,76,10,53,15,3,125,69,34" hai1="47,50,106,66,111,128,65,105,97,7,117,23,61" hai2="33,90,82,35,57,126,18,120,0,95,134,113,6" hai3="64,101,52,37,67,114,81,21,62,45,71,108,119"/><V17/><F120/><W36/><G119/><T133/><D69/><U31/><E117/><V93/><F113/><W28/><G108/><T85/><D34/><U63/><E111/><V58/><F126/><W14/><G67/><T124/><D133/><U130/><E7/><V118/><F118/><W32/><G101/><T51/><D76/><U98/><E23/><V122/><F6/><W84/><G32/><T110/><D110/><U13/><E13/><V121/><F82/><W80/><G80/><N who="0" m="49319" /><D99/><U74/><E74/><V75/><F0/><W96/><G96/><T79/><D79/><U19/><E19/><V78/><F78/><W42/><G37/><T127/><D3/><U132/><E50/><V73/><REACH who="2" step="1"/><F90/><REACH who="2" ten="157,174,397,262" step="2"/><W16/><G114/><T41/><D127/><U1/><E1/><V30/><F30/><W5/><G28/><T72/><D124/><U59/><E31/><V116/><F116/><W43/><G5/><T38/><D125/><U131/><E132/><AGARI ba="0,1" hai="17,18,33,35,57,58,73,75,93,95,121,122,132,134" machi="132" ten="25,12000,1" yaku="1,1,22,2,53,2" doraHai="86" doraHaiUra="55" who="2" fromWho="1" sc="157,0,174,-120,397,130,262,0" /><INIT seed="2,1,0,2,3,104" ten="157,54,527,262" oya="2" hai0="83,9,30,117,42,132,54,129,123,131,86,7,41" hai1="29,82,81,16,105,20,2,27,14,39,58,34,85" hai2="52,108,114,10,95,46,75,115,12,49,77,67,111" hai3="60,134,59,68,133,124,113,21,15,1,93,4,43"/><V126/><F126/><W80/><G68/><T89/><D123/><U92/><E105/><V18/><F67/><W109/><G109/><N who="2" m="42057" /><F95/><W61/><G124/><T97/><D132/><U107/><E107/><V127/><F127/><W45/><G93/><T47/><D30/><U84/><E39/><V110/><F110/><W23/><G113/><T32/><D32/><U125/><E125/><V64/><F64/><W5/><G61/><T121/><D117/><U98/><E2/><V19/><F19/><W8/><G1/><T99/><D54/><U90/><E85/><V53/><F53/><W26/><G60/><T71/><D71/><U0/><E0/><V101/><F101/><W66/><G66/><T118/><D42/><U130/><E130/><N who="0" m="49673" /><D121/><U128/><E128/><V36/><F36/><W11/><G43/><T31/><D31/><U72/><E72/><V87/><F87/><W6/><G134/><T24/><D24/><U70/><E70/><V103/><F103/><W3/><G26/><T116/><D116/><U48/><E98/><V135/><F135/><W17/><G3/><N who="0" m="255" /><D118/><U57/><E57/><V44/><F46/><W94/><G45/><T122/><D122/><U50/><E50/><AGARI ba="1,0" hai="41,47,50,83,86,89,97,99" m="255,49673" machi="50" ten="30,1000,0" yaku="19,1" doraHai="104" who="0" fromWho="1" sc="157,13,54,-13,527,0,262,0" /><INIT seed="3,0,0,3,5,125" ten="170,41,527,262" oya="3" hai0="7,18,83,26,116,20,31,134,132,97,29,101,12" hai1="13,130,120,71,89,68,4,84,106,74,112,53,117" hai2="113,131,129,23,124,76,39,45,32,37,22,9,73" hai3="54,27,102,107,64,75,72,96,5,100,105,43,59"/><W88/><G43/><T77/><D116/><U114/><E13/><V108/><F32/><W57/><G5/><T78/><D7/><U48/><E4/><V17/><F124/><W104/><G64/><T41/><D41/><U123/><E84/><V60/><F60/><W0/><G0/><T82/><D82/><U70/><E89/><V62/><F62/><W92/><G27/><T86/><D78/><U40/><E74/><V10/><F113/><W126/><G126/><T127/><D127/><U66/><E106/><V55/><F55/><W93/><G59/><T2/><D2/><U30/><E30/><V46/><F17/><W38/><G38/><T11/><D29/><U80/><E80/><V65/><F65/><W33/><G33/><T58/><D58/><U122/><E40/><V24/><F24/><W42/><G42/><T63/><D63/><U109/><E66/><V19/><F19/><W67/><G67/><T95/><AGARI ba="0,0" hai="11,12,18,20,26,31,77,83,86,95,97,101,132,134" machi="95" ten="30,1100,0" yaku="0,1" doraHai="125" who="0" fromWho="0" sc="170,11,41,-3,527,-3,262,-5" owari="181,-21.9,38,-46.2,524,62.4,257,5.7" /></mjloggm>