<mjloggm ver="2.3"><GO type="225" lobby="0"/><UN n0="%E6%BC%AB%E6%89%8D%E9%BA%BB%E5%B0%86%E5%91%86%E5%91%86" n1="%E7%AD%89%E3%80%85%E5%8A%9B%E5%8A%87%E5%A0%B4" n2="%E3%81%BF%E3%81%BF%E3%81%9A" n3="%E3%83%B4%E3%82%A3%E3%83%AF%E3%82%B3%E3%82%B0%E3%83%8B" dan="16,16,17,16" rate="2074.48,2177.30,2187.94,2127.12" sx="F,M,M,M"/><TAIKYOKU oya="0"/><INIT seed="0,0,0,0,1,126" ten="250,250,250,250" oya="0" hai0="131,120,18,41,1,45,65,8,69,19,89,125,12" hai1="68,77,93,111,112,5,106,71,50,14,88,73,103" hai2="21,39,96,99,38,59,66,2,61,48,110,108,4" hai3="134,91,129,52,10,80,86,100,23,128,44,13,60"/><T81/><D120/><U102/><E111/><N who="2" m="42539" /><F21/><W115/><G134/><T119/><D119/><U17/><E112/><V33/><F33/><W124/><G115/><T42/><D125/><U130/><E5/><V26/><F26/><W31/><G124/><T30/><D30/><U9/><E106/><V135/><F135/><W95/><G31/><T74/><D1/><U67/><E130/><N who="3" m="50282" /><G23/><T117/><D117/><U49/><E73/><V35/><F35/><W118/><G118/><T36/><D42/><U113/><E77/><V20/><F20/><W63/><G44/><T70/><D131/><U127/><E113/><V104/><F104/><W133/><G52/><T84/><D65/><U92/><E67/><V0/><F48/><W46/><G46/><T62/><D62/><N who="3" m="23593" /><G133/><T57/><D57/><U11/><E127/><V43/><F43/><W56/><G56/><T16/><REACH who="0" step="1"/><D74/><REACH who="0" ten="240,250,250,250" step="2"/><U51/><E51/><V7/><F39/><W55/><G55/><T76/><D76/><U47/><E50/><V78/><F38/><W83/><G100/><T34/><D34/><U25/><E103/><V87/><F59/><W6/><AGARI ba="0,1" hai="6,10,13,80,83,86,91,95" m="23593,50282" machi="6" ten="30,7900,0" yaku="19,1,52,3" doraHai="126" who="3" fromWho="3" sc="240,-39,250,-20,250,-20,250,89" /><INIT seed="1,0,0,2,2,11" ten="201,230,230,339" oya="1" hai0="53,93,133,113,76,29,3,84,127,135,57,71,24" hai1="42,65,104,48,112,9,15,105,54,12,27,8,91" hai2="22,21,99,96,32,31,134,94,88,41,5,106,35" hai3="110,64,55,1,37,2,6,26,47,89,50,98,129"/><U82/><E112/><V30/><F41/><W56/><G110/><T25/><D113/><U13/><E105/><V132/><F5/><W14/><G129/><T18/><D3/><U66/><E104/><V52/><F106/><W49/><G37/><T131/><D71/><U101/><E101/><V109/><F109/><W103/><G89/><T81/><D131/><U108/><E42/><V86/><F86/><W40/><G64/><N who="1" m="24682" /><E108/><V63/><F63/><W33/><G6/><T128/><D128/><U123/><E123/><V85/><F85/><W58/><G58/><T102/><D127/><U28/><E82/><V117/><F117/><W20/><G14/><T70/><D70/><U130/><E130/><V126/><F126/><W62/><G33/><T95/><D102/><U90/><E28/><V115/><F115/><W119/><G62/><T79/><D76/><U118/><E27/><V0/><F0/><W77/><G77/><T39/><D39/><U114/><E118/><V87/><F87/><W17/><G119/><T67/><D67/><U78/><E78/><V97/><F97/><W60/><G60/><T34/><D24/><U38/><E38/><V4/><F88/><N who="1" m="33833" /><E114/><V7/><REACH who="2" step="1"/><F52/><REACH who="2" ten="201,230,220,339" step="2"/><W43/><G43/><T69/><D69/><U59/><AGARI ba="0,1" hai="8,9,12,13,15,48,54,59" m="33833,24682" machi="59" ten="30,12000,1" yaku="8,1,52,3,54,1" doraHai="11" who="1" fromWho="1" sc="201,-40,230,130,220,-40,339,-40" /><INIT seed="1,1,0,0,5,27" ten="161,360,180,299" oya="1" hai0="83,102,109,54,31,82,70,51,88,28,108,1,25" hai1="42,99,67,89,73,8,92,52,45,90,132,131,5" hai2="30,21,66,80,77,68,98,107,111,43,6,85,16" hai3="46,118,55,122,125,101,7,3,12,47,50,20,103"/><U0/><E132/><V29/><F111/><N who="0" m="42570" /><D1/><U78/><E131/><V129/><F129/><W104/><G122/><T34/><D70/><U4/><E67/><V23/><F6/><W64/><G125/><T121/><D121/><U93/><E5/><V65/><F43/><W75/><G75/><T37/><D37/><U110/><E110/><V86/><F107/><W100/><G118/><T40/><D40/><U58/><E78/><V38/><F38/><W53/><G64/><N who="2" m="24681" /><F68/><W112/><G112/><T76/><D102/><U2/><E73/><V134/><F134/><W18/><G104/><T32/><D32/><U63/><E0/><V56/><F98/><W81/><G81/><T116/><D116/><U106/><E106/><V36/><F36/><W127/><G127/><T117/><D117/><U44/><REACH who="1" step="1"/><E42/><REACH who="1" ten="161,350,180,299" step="2"/><V124/><F124/><W49/><G3/><T13/><D76/><U14/><E14/><N who="2" m="9367" /><F86/><AGARI ba="1,1" hai="2,4,8,44,45,52,58,63,86,89,90,92,93,99" machi="86" ten="30,5800,0" yaku="1,1,7,1,54,1,53,0" doraHai="27" doraHaiUra="126" who="1" fromWho="2" sc="161,0,350,71,180,-61,299,0" /><INIT seed="1,2,0,5,1,84" ten="161,421,119,299" oya="1" hai0="15,72,106,85,68,65,100,32,125,91,129,134,81" hai1="89,29,79,122,112,76,74,73,133,67,127,51,63" hai2="110,59,107,83,71,20,128,104,69,0,49,55,131" hai3="130,117,50,2,113,3,132,19,45,16,102,37,123"/><U126/><E29/><V97/><F0/><W124/><G37/><T119/><D119/><U21/><E21/><V121/><F121/><W13/><G123/><T35/><D129/><N who="2" m="49738" /><F110/><W40/><G113/><T12/><D134/><U101/><E122/><V10/><F10/><W52/><G130/><T8/><D125/><N who="1" m="47627" /><E112/><V115/><F115/><W11/><G124/><T80/><D15/><U60/><E101/><N who="2" m="62511" /><F107/><W98/><G132/><T103/><D32/><U57/><E133/><V56/><F83/><W62/><G19/><T26/><D80/><U135/><E135/><V23/><F59/><W46/><G117/><T42/><D103/><U78/><E51/><V54/><F55/><W18/><G18/><T25/><D100/><U47/><E47/><V118/><F118/><W31/><G31/><T14/><D106/><U39/><E39/><V41/><F41/><W28/><G28/><T75/><D42/><U120/><E120/><V66/><F66/><W58/><REACH who="3" step="1"/><G46/><REACH who="3" ten="161,421,119,289" step="2"/><T111/><D35/><U24/><E73/><V70/><AGARI ba="2,1" hai="20,23,49,54,56,69,70,71" m="62511,49738" machi="70" ten="40,1500,0" yaku="19,1" doraHai="84" who="2" fromWho="2" sc="161,-6,421,-9,119,31,289,-6" /><INIT seed="2,0,0,5,3,34" ten="155,412,150,283" oya="2" hai0="117,48,106,86,104,93,67,96,57,13,131,29,95" hai1="69,118,73,49,82,10,78,22,115,74,19,26,111" hai2="125,58,38,77,18,12,79,41,54,20,128,68,37" hai3="25,132,64,23,110,46,90,84,109,5,102,16,130"/><V107/><F107/><W98/><G130/><T40/><D131/><U123/><E115/><V44/><F128/><W55/><G132/><T94/><D117/><U1/><E118/><V99/><F125/><W35/><G64/><T0/><D0/><U53/><E69/><V122/><F122/><W129/><G129/><T101/><D104/><U24/><E111/><N who="3" m="42506" /><G35/><T133/><D133/><U72/><E123/><V92/><F38/><W52/><G5/><T7/><D29/><U51/><E51/><V45/><F68/><W11/><G11/><N who="0" m="4351" /><D106/><U61/><E61/><V14/><F45/><W91/><G46/><N who="0" m="25671" /><D86/><U2/><E26/><V103/><REACH who="2" step="1"/><F12/><REACH who="2" ten="155,412,140,283" step="2"/><W47/><G47/><T15/><D15/><U75/><E1/><V121/><F121/><W50/><G50/><AGARI ba="0,1" hai="14,18,20,37,41,44,50,54,58,77,79,92,99,103" machi="50" ten="30,2900,0" yaku="1,1,7,1,53,0" doraHai="34" doraHaiUra="4" who="2" fromWho="3" sc="155,0,412,0,140,39,283,-29" /><INIT seed="2,1,0,3,4,89" ten="155,412,179,254" oya="2" hai0="51,66,0,34,39,44,9,73,4,96,117,29,21" hai1="56,131,52,102,59,64,125,63,10,90,19,33,91" hai2="97,38,115,82,114,132,106,80,42,78,67,98,49" hai3="101,118,126,48,72,15,103,88,86,122,135,120,95"/><V25/><F49/><W93/><G118/><T71/><D117/><U112/><E112/><V100/><F67/><W84/><G126/><T109/><D21/><U17/><E33/><V23/><F132/><W28/><G135/><T85/><D109/><U6/><E131/><V58/><F58/><W47/><G72/><T61/><D85/><U32/><E32/><V12/><F12/><W26/><G120/><T127/><D127/><U20/><E125/><V128/><F128/><W37/><G37/><T8/><D8/><U55/><E102/><V11/><F11/><W18/><G122/><T36/><D96/><BYE who="0" /><U94/><E64/><V2/><F2/><W57/><G57/><T31/><D31/><U22/><E10/><UN n0="%E6%BC%AB%E6%89%8D%E9%BA%BB%E5%B0%86%E5%91%86%E5%91%86" /><V5/><F98/><N who="3" m="59615" /><G103/><T83/><D51/><U134/><E6/><V92/><F5/><W104/><G104/><T76/><REACH who="0" step="1"/><D44/><REACH who="0" ten="145,412,179,254" step="2"/><U111/><E111/><V77/><F106/><W27/><G28/><T65/><D65/><U46/><E46/><V108/><F108/><W105/><G105/><T116/><D116/><U62/><E134/><V43/><F38/><W107/><G107/><T79/><D79/><N who="2" m="30218" /><F115/><W50/><G84/><T7/><D7/><U110/><E110/><V129/><F114/><W74/><G48/><T14/><D14/><U75/><E75/><V54/><F129/><W68/><G74/><T87/><D87/><U53/><E22/><V45/><F45/><W70/><G47/><T13/><D13/><U69/><E20/><V1/><F54/><W113/><G50/><T30/><D30/><U99/><E53/><V16/><F1/><RYUUKYOKU ba="1,1" sc="145,15,412,-15,179,15,254,-15" hai0="0,4,9,29,34,36,39,61,66,71,73,76,83" hai2="16,23,25,42,43,80,82,92,97,100" /><INIT seed="2,2,1,3,4,25" ten="160,397,194,239" oya="2" hai0="67,101,51,36,102,122,60,83,12,107,29,109,54" hai1="7,90,21,105,2,53,76,119,18,49,47,96,31" hai2="72,50,100,27,52,6,23,56,124,24,32,30,42" hai3="98,117,88,74,135,69,16,44,13,87,80,59,55"/><V130/><F130/><W8/><G117/><T108/><D122/><U11/><E119/><V39/><F124/><W91/><G69/><T35/><D36/><U106/><E76/><V41/><F72/><W61/><G135/><T68/><D83/><U40/><E31/><V33/><F39/><W0/><G74/><T15/><D15/><U81/><E53/><V71/><F71/><W111/><G111/><N who="0" m="42571" /><D12/><U48/><E48/><V89/><F100/><W104/><G0/><T121/><D121/><U45/><E45/><V128/><F128/><W99/><G104/><T113/><D113/><U62/><E62/><V125/><F125/><W93/><G44/><N who="0" m="28007" /><D107/><U37/><E37/><V118/><F118/><W38/><G38/><T64/><D67/><U92/><E81/><V78/><F78/><W10/><G99/><T4/><D4/><U112/><E112/><V63/><F6/><W5/><G5/><T134/><D134/><U22/><E106/><V26/><F33/><W77/><G8/><T85/><D85/><U34/><E34/><V70/><F32/><W17/><G17/><T57/><D68/><U110/><E110/><V1/><F1/><W97/><G97/><T103/><D35/><U115/><E115/><V46/><F70/><W28/><G28/><AGARI ba="2,1" hai="28,29,57,60,64,101,102,103" m="28007,42571" machi="28" ten="30,3900,0" yaku="14,1,52,2" doraHai="25" who="0" fromWho="3" sc="160,55,397,0,194,0,239,-45" /><INIT seed="3,0,0,5,3,62" ten="215,397,194,194" oya="3" hai0="39,76,14,3,97,91,35,75,63,40,128,110,38" hai1="34,69,132,13,50,4,117,26,6,107,111,68,47" hai2="1,123,30,18,70,64,41,125,36,84,115,108,44" hai3="89,42,129,60,66,82,52,73,90,101,104,121,126"/><W88/><G121/><T5/><D110/><U20/><E107/><V9/><F115/><W106/><G129/><T99/><D128/><U130/><E34/><V21/><F108/><W87/><G73/><T24/><D14/><U83/><E111/><V48/><F123/><W31/><G126/><T71/><D91/><U74/><E130/><V33/><F125/><W67/><G31/><N who="0" m="19943" /><D97/><U55/><E132/><V116/><F116/><W49/><G104/><T98/><D98/><U17/><E117/><V103/><F103/><W85/><G106/><T122/><D99/><U7/><E26/><V79/><F33/><W53/><G101/><T134/><D134/><U119/><E119/><V100/><F100/><W118/><G118/><T15/><D15/><U2/><E2/><V105/><F105/><W0/><G0/><T65/><D40/><U94/><E94/><V72/><F30/><W124/><G124/><T114/><D114/><U58/><E83/><V32/><F32/><W19/><G19/><T57/><D57/><U77/><E77/><V61/><F1/><W46/><G67/><T95/><D95/><U22/><E74/><V56/><F72/><W11/><G11/><N who="0" m="2495" /><D122/><U80/><E80/><AGARI ba="0,0" hai="38,39,63,65,71,75,76,80" m="2495,19943" machi="80" ten="30,3900,0" yaku="33,2,52,1" doraHai="62" who="0" fromWho="1" sc="215,39,397,-39,194,0,194,0" owari="254,5.4,358,45.8,194,-20.6,194,-30.6" /></mjloggm>