<mjloggm ver="2.3"><GO type="225" lobby="0"/><UN n0="%6D%75%75%6D%75%72%61" n1="%E6%98%93%E5%88%A9%E8%96%A9%E4%BC%AF" n2="%E3%81%AF%E3%82%88%E3%81%8A%E3%81%98%E3%81%95%E3%82%93" n3="%4E%55%44%41" dan="17,16,16,17" rate="2178.86,2094.99,2142.07,2187.46" sx="F,F,M,M"/><TAIKYOKU oya="0"/><INIT seed="0,0,0,5,4,24" ten="250,250,250,250" oya="0" hai0="60,57,95,80,111,16,134,102,27,10,93,6,107" hai1="73,83,22,8,41,50,119,124,56,118,75,26,64" hai2="108,116,114,78,110,74,52,34,128,14,127,69,94" hai3="105,117,66,30,82,97,1,71,54,109,51,43,46"/><T120/><D120/><U92/><E124/><V104/><RYUUKYOKU type="yao9" ba="0,0" sc="250,0,250,0,250,0,250,0" hai2="14,34,52,69,74,78,94,104,108,110,114,116,127,128" /><INIT seed="0,1,0,1,2,24" ten="250,250,250,250" oya="0" hai0="3,123,122,72,118,134,104,65,61,100,64,131,52" hai1="80,47,77,82,111,44,88,50,67,81,58,85,30" hai2="89,40,33,86,91,70,57,37,4,101,68,63,126" hai3="94,93,14,114,120,116,49,26,12,15,41,103,102"/><T51/><D118/><U19/><E111/><V73/><F73/><W38/><G116/><T45/><D3/><U46/><E30/><V133/><F33/><W110/><G38/><T18/><D72/><U28/><E28/><V121/><F121/><W71/><G71/><T27/><D131/><U117/><E117/><V99/><F126/><W54/><G114/><T76/><D76/><U29/><E29/><V62/><F133/><W119/><G119/><T128/><D128/><U108/><E108/><V34/><F34/><W8/><G110/><T0/><D0/><U39/><E39/><V96/><F4/><W90/><G120/><T74/><D74/><U95/><E19/><V2/><F2/><W36/><G36/><T59/><D134/><U129/><E129/><V124/><F99/><W66/><G41/><T56/><D100/><U125/><E125/><V83/><F89/><W97/><G66/><T105/><D122/><U115/><E115/><V53/><F63/><W113/><G113/><T87/><D87/><U78/><REACH who="1" step="1"/><E67/><REACH who="1" ten="250,240,250,250" step="2"/><V35/><F124/><W9/><G26/><T42/><D123/><U98/><E98/><V48/><F37/><W69/><G69/><T11/><D65/><U132/><E132/><V112/><F112/><W21/><G21/><T23/><REACH who="0" step="1"/><D11/><REACH who="0" ten="240,240,250,250" step="2"/><N who="3" m="4169" /><G94/><T5/><D5/><U16/><E16/><V127/><F127/><W55/><G55/><AGARI ba="1,2" hai="44,46,47,50,55,58,77,78,80,81,82,85,88,95" machi="55" ten="40,8000,1" yaku="1,1,8,1,54,1,53,1" doraHai="24" doraHaiUra="84" who="1" fromWho="3" sc="240,0,240,103,250,0,250,-83" /><INIT seed="1,0,0,3,4,76" ten="240,343,250,167" oya="1" hai0="113,105,63,14,17,29,128,120,49,129,95,135,33" hai1="67,122,121,109,47,66,37,31,19,93,21,48,72" hai2="73,92,91,117,36,32,22,125,20,132,42,55,61" hai3="4,89,130,77,97,80,26,82,110,43,85,58,41"/><U84/><E72/><V28/><F117/><W50/><G110/><T119/><D105/><U70/><E37/><V3/><F73/><W78/><G130/><T126/><D119/><U27/><E109/><V87/><F3/><W44/><G4/><T52/><D113/><U54/><E70/><V114/><F114/><W96/><G41/><T34/><D126/><U39/><E39/><V115/><F115/><W16/><G58/><T65/><D135/><U111/><E111/><V53/><F132/><W104/><G104/><T30/><D120/><U112/><E112/><V11/><F125/><W8/><G89/><T46/><D95/><U2/><E2/><V79/><F79/><W10/><G10/><T107/><D107/><U64/><REACH who="1" step="1"/><E31/><REACH who="1" ten="240,333,250,167" step="2"/><V1/><F28/><W99/><G8/><N who="0" m="6343" /><D29/><U13/><E13/><V9/><F11/><W100/><G100/><T108/><D30/><U18/><E18/><V57/><F9/><W133/><G133/><T35/><D108/><U71/><E71/><V51/><F1/><W75/><REACH who="3" step="1"/><G26/><REACH who="3" ten="240,333,250,157" step="2"/><T24/><D24/><U25/><E25/><V69/><F69/><W56/><G56/><N who="0" m="37095" /><D129/><U62/><E62/><V101/><F101/><W124/><G124/><T68/><D128/><U60/><E60/><V134/><F134/><W74/><G74/><T118/><D68/><U6/><E6/><V45/><F61/><W90/><G90/><AGARI ba="0,2" hai="19,21,27,47,48,54,64,66,67,84,90,93,121,122" machi="90" ten="40,3900,0" yaku="1,1,53,1" doraHai="76" doraHaiUra="86" who="1" fromWho="3" sc="240,0,333,59,250,0,157,-39" /><INIT seed="1,1,0,0,2,19" ten="240,392,250,118" oya="1" hai0="120,37,2,13,77,101,115,3,79,121,5,57,42" hai1="17,9,6,130,78,63,95,133,52,30,105,47,100" hai2="56,96,36,40,128,45,51,83,23,35,98,69,102" hai3="88,38,110,25,103,129,22,7,70,109,24,72,32"/><U26/><E130/><V125/><F35/><W126/><G72/><T66/><D115/><U1/><E133/><V59/><F69/><W111/><G129/><T104/><D37/><U123/><E123/><N who="0" m="47177" /><D42/><U48/><E78/><N who="0" m="29705" /><D104/><U10/><E105/><V89/><F128/><W81/><G126/><T112/><D101/><U97/><E63/><V54/><F125/><W65/><G38/><T116/><D112/><U132/><E132/><V106/><F59/><W14/><G103/><T28/><D28/><U20/><REACH who="1" step="1"/><E10/><REACH who="1" ten="240,382,250,118" step="2"/><V82/><F106/><W50/><G109/><T73/><D116/><U74/><E74/><V86/><F102/><W87/><G110/><T122/><D73/><U34/><E34/><V8/><F8/><W75/><G75/><T18/><D122/><U127/><E127/><V21/><F83/><W39/><G111/><T118/><D118/><U90/><E90/><V67/><F67/><W80/><G32/><T11/><D5/><U60/><E60/><AGARI ba="1,1" hai="2,3,11,13,18,57,60,66" m="29705,47177" machi="60" ten="30,1000,0" yaku="13,1" doraHai="19" who="0" fromWho="1" sc="240,23,382,-13,250,0,118,0" /><INIT seed="2,0,0,1,1,83" ten="263,369,250,118" oya="2" hai0="79,43,14,22,99,21,66,70,107,59,60,5,91" hai1="104,81,61,133,102,85,123,75,98,45,92,106,55" hai2="50,122,64,40,54,49,0,16,116,108,112,46,8" hai3="125,120,69,111,78,25,62,130,93,20,105,126,63"/><V114/><F116/><W35/><G120/><T129/><D129/><U30/><E75/><V96/><F122/><W57/><G105/><T100/><D79/><U135/><E123/><V3/><F64/><N who="3" m="41111" /><G35/><T73/><D73/><U87/><E30/><V26/><F108/><W12/><G111/><T1/><D1/><U4/><E4/><V115/><F96/><W71/><G71/><T101/><D43/><U19/><E19/><V80/><F80/><W128/><G12/><T134/><D134/><N who="1" m="51211" /><E81/><V31/><F16/><N who="3" m="12423" /><G93/><T131/><D70/><U121/><E121/><V42/><F8/><W18/><G18/><T37/><D21/><U97/><E106/><V94/><F94/><W82/><G57/><T110/><D22/><U88/><E45/><V56/><REACH who="2" step="1"/><F42/><REACH who="2" ten="263,369,240,118" step="2"/><W9/><G9/><T53/><D110/><U132/><E132/><V29/><F29/><W58/><G82/><T72/><D66/><U127/><E127/><N who="3" m="48650" /><G78/><T6/><D107/><U13/><E13/><V95/><F95/><W67/><AGARI ba="0,1" hai="58,63,67,128,130" m="48650,12423,41111" machi="67" ten="30,2000,0" yaku="18,1,54,1" doraHai="83" who="3" fromWho="3" sc="263,-5,369,-5,240,-10,118,30" /><INIT seed="3,0,0,5,2,106" ten="258,364,230,148" oya="3" hai0="33,37,131,64,108,68,1,30,113,76,100,49,111" hai1="117,120,75,39,105,99,66,31,67,78,119,94,62" hai2="54,83,28,101,86,123,93,114,82,2,12,132,124" hai3="17,121,5,36,42,58,56,133,128,29,89,19,16"/><W22/><G121/><T69/><D37/><U79/><E39/><V122/><F2/><W95/><G133/><T8/><D131/><U26/><E105/><V109/><F114/><W70/><G70/><T135/><D135/><U103/><E67/><V32/><F132/><W130/><G5/><T44/><D100/><U63/><E63/><V55/><F109/><W71/><G71/><T9/><D113/><U102/><E102/><V74/><F124/><W20/><G42/><T48/><D76/><U77/><E75/><V25/><F12/><W88/><G36/><T35/><D44/><U13/><E13/><V51/><F74/><W52/><G29/><T61/><D61/><U3/><E3/><V59/><F55/><W7/><G7/><T57/><D1/><U127/><E127/><V115/><F115/><W87/><G89/><T107/><D107/><U116/><E120/><N who="2" m="46123" /><F101/><W46/><G46/><T38/><D38/><U4/><E4/><V41/><F41/><W50/><REACH who="3" step="1"/><G58/><REACH who="3" ten="258,364,230,138" step="2"/><T112/><D57/><N who="1" m="37199" /><E31/><V81/><F28/><W47/><G47/><T98/><D30/><U129/><E129/><AGARI ba="0,1" hai="16,17,19,20,22,50,52,56,87,88,95,128,129,130" machi="129" ten="40,24000,3" yaku="1,1,19,1,54,3,53,3" doraHai="106" doraHaiUra="15" who="3" fromWho="1" sc="258,0,364,-240,230,0,138,250" owari="258,5.8,124,-37.6,230,-17.0,388,48.8" /></mjloggm>