<mjloggm ver="2.3"><GO type="225" lobby="0"/><UN n0="%E6%97%A5%E6%9B%9C%E6%97%A5%E3%82%88%E3%82%8A%E3%81%AE%E4%BD%BF%E8%80%85" n1="%31%50%E3%81%9F%E3%81%9D" n2="%6D%75%75%6D%75%72%61" n3="%4C%4F%4C%49%54%41" dan="17,16,16,16" rate="2186.34,2129.35,2122.67,2191.31" sx="M,F,F,F"/><TAIKYOKU oya="0"/><INIT seed="0,0,0,4,0,57" ten="250,250,250,250" oya="0" hai0="131,68,103,37,93,122,70,129,14,91,107,33,133" hai1="118,77,108,78,134,67,100,75,89,125,59,53,113" hai2="26,32,99,56,81,60,124,115,38,47,52,15,39" hai3="72,97,65,66,79,130,45,29,28,49,8,104,90"/><T24/><D37/><U94/><E118/><V40/><F115/><W82/><G130/><N who="0" m="49675" /><D122/><U83/><E108/><V1/><F1/><W35/><G90/><T102/><D107/><U74/><E125/><V12/><F124/><W87/><G72/><T22/><D14/><U30/><E134/><V117/><F38/><W71/><G8/><T54/><D54/><U61/><E113/><V16/><F117/><W128/><G128/><T27/><D33/><U51/><E30/><V55/><F81/><W31/><G35/><T0/><D0/><U50/><E100/><N who="0" m="38441" /><D133/><U48/><E78/><V109/><F109/><W46/><G104/><T123/><D123/><U116/><E75/><V106/><F32/><W4/><G4/><T98/><D27/><U105/><E105/><V34/><F34/><W3/><G3/><T112/><D112/><U41/><E41/><V7/><F55/><W111/><G111/><T5/><D5/><U18/><E18/><AGARI ba="0,0" hai="18,22,24,68,70,91,93,98" m="38441,49675" machi="18" ten="30,1500,0" yaku="19,1" doraHai="57" who="0" fromWho="1" sc="250,15,250,-15,250,0,250,0" /><INIT seed="0,1,0,3,5,115" ten="265,235,250,250" oya="0" hai0="50,11,24,21,116,134,113,82,128,15,39,2,94" hai1="118,97,89,35,109,36,132,64,16,103,67,66,56" hai2="53,72,87,95,52,20,18,26,19,102,105,62,111" hai3="130,73,30,127,48,75,106,41,45,125,76,110,100"/><T101/><D39/><U120/><E120/><V55/><F72/><W12/><G110/><T121/><D82/><U80/><E109/><V5/><F111/><W123/><G130/><T40/><D40/><U49/><E36/><V17/><F105/><W119/><G123/><T86/><D50/><U114/><E114/><V126/><F126/><N who="3" m="48139" /><G30/><N who="0" m="17679" /><D86/><U107/><E35/><V1/><F62/><W22/><G76/><T46/><D46/><U91/><E132/><V28/><F1/><W7/><G119/><T38/><D94/><U70/><E118/><V13/><F5/><W124/><N who="3" m="48147" /><W34/><DORA hai="58" /><G34/><T61/><D38/><U104/><E70/><V85/><REACH who="2" step="1"/><F13/><REACH who="2" ten="265,235,240,250" step="2"/><W8/><G106/><T88/><D2/><U42/><E107/><V54/><N who="2" m="13312" /><DORA hai="44" /><V51/><F51/><W69/><G12/><T63/><D15/><U90/><E56/><V14/><F14/><W47/><G73/><T135/><D63/><U60/><E60/><V65/><F65/><W27/><G75/><T33/><D61/><U29/><E66/><V6/><F6/><W37/><G7/><T43/><D135/><U99/><E64/><V98/><AGARI ba="1,1" hai="17,18,19,20,26,28,85,87,95,98,102" m="13312" machi="98" ten="50,8000,1" yaku="1,1,0,1,8,1,54,1,53,0" doraHai="115,58,44" doraHaiUra="79,117,68" who="2" fromWho="2" sc="265,-41,235,-21,240,93,250,-21" /><INIT seed="1,0,0,0,5,103" ten="224,214,333,229" oya="1" hai0="67,80,94,63,98,53,49,101,122,64,57,100,92" hai1="26,107,93,55,76,86,50,90,0,39,116,73,27" hai2="34,33,5,31,22,37,14,132,120,18,79,29,44" hai3="106,54,87,40,8,69,74,66,89,32,115,10,84"/><U129/><E116/><V127/><F120/><W4/><G115/><T21/><D122/><U77/><E0/><V133/><F79/><W38/><G32/><N who="2" m="12393" /><F44/><W52/><G74/><T97/><D80/><U91/><E39/><V114/><F37/><W82/><G106/><T59/><REACH who="0" step="1"/><D21/><REACH who="0" ten="214,214,333,229" step="2"/><U71/><E129/><V41/><F22/><W75/><G82/><T99/><D99/><N who="1" m="57783" /><E73/><V121/><F121/><W134/><G75/><T85/><D85/><U46/><E71/><V128/><F128/><W113/><G69/><T60/><D60/><U78/><E107/><V96/><F96/><W117/><G87/><T15/><D15/><U119/><E119/><V83/><F14/><W104/><G84/><T45/><D45/><U125/><E125/><V124/><F127/><W19/><G117/><T58/><D58/><U51/><E51/><V48/><F124/><W135/><G38/><T47/><D47/><U70/><E70/><V131/><F48/><W72/><G72/><T25/><D25/><U62/><E62/><V9/><F131/><W24/><G24/><T13/><D13/><U111/><E111/><V17/><F83/><AGARI ba="0,1" hai="26,27,46,50,55,76,77,78,83,86,91" m="57783" machi="83" ten="30,1500,0" yaku="8,1" doraHai="103" who="1" fromWho="2" sc="214,0,214,25,333,-15,229,0" /><INIT seed="1,1,0,5,5,121" ten="214,239,318,229" oya="1" hai0="129,69,24,95,107,31,23,38,26,77,73,14,53" hai1="10,58,37,64,94,92,42,66,16,99,2,41,104" hai2="15,22,0,76,100,81,133,54,30,47,125,55,7" hai3="40,75,62,13,9,5,45,84,4,80,110,79,131"/><U111/><E111/><V71/><F71/><W106/><G106/><T102/><D38/><U119/><E37/><V68/><F68/><W117/><G131/><T93/><D129/><U122/><E122/><V113/><F0/><W32/><G32/><T103/><D69/><U108/><E119/><V6/><F125/><W115/><G115/><T128/><D128/><U82/><E104/><V12/><F113/><W105/><G105/><T8/><D73/><U109/><E2/><V3/><F100/><N who="0" m="38442" /><D107/><U20/><E10/><V18/><F133/><W98/><G98/><T85/><D26/><N who="1" m="14599" /><E82/><V11/><F3/><W114/><G114/><T59/><D77/><U97/><E97/><V72/><F6/><W86/><G117/><T36/><D85/><U27/><E27/><V91/><F30/><W28/><G28/><T48/><D36/><U70/><E70/><V29/><F29/><W120/><G120/><T101/><N who="0" m="38450" /><T90/><DORA hai="25" /><D90/><N who="1" m="55703" /><E94/><V65/><F91/><W112/><G112/><T50/><D50/><U87/><E87/><V44/><F72/><W118/><G118/><T67/><D67/><U83/><E66/><V134/><F65/><W39/><G75/><T74/><D74/><U130/><E130/><V89/><F76/><W19/><G86/><T1/><D1/><U116/><E116/><V34/><F34/><W78/><G78/><T21/><D21/><U17/><E83/><V33/><F33/><W63/><G110/><N who="1" m="42602" /><E17/><AGARI ba="1,0" hai="8,14,17,23,24,31,48,53,59,93,95" m="38450" machi="17" ten="30,2000,0" yaku="8,1,52,1" doraHai="121,25" who="0" fromWho="1" sc="214,23,239,-23,318,0,229,0" /><INIT seed="2,0,0,3,2,120" ten="237,216,318,229" oya="2" hai0="44,37,26,63,117,14,9,90,34,101,105,0,73" hai1="118,80,54,62,4,78,41,84,27,45,91,19,125" hai2="95,23,100,28,48,121,94,99,52,128,115,68,12" hai3="51,127,56,82,21,132,66,131,111,102,83,109,18"/><V7/><F121/><W92/><G131/><T133/><D73/><U85/><E118/><V123/><F123/><W76/><G127/><T33/><D0/><U74/><E74/><V107/><F68/><W130/><G130/><T8/><D101/><U75/><E125/><V50/><F115/><W96/><G132/><T49/><D105/><U46/><E4/><V2/><F2/><W79/><G51/><T104/><D104/><U88/><E75/><V113/><F113/><W17/><G56/><T86/><D37/><U55/><E62/><V87/><F48/><W134/><G66/><T65/><D133/><U43/><E19/><N who="3" m="7178" /><G21/><T22/><D34/><U38/><E27/><V72/><F12/><W58/><G58/><N who="0" m="37111" /><D33/><U47/><E78/><N who="3" m="29738" /><G134/><T31/><D14/><U106/><E106/><V40/><F107/><W60/><G60/><T3/><D3/><U129/><E129/><V42/><F72/><W98/><G98/><T119/><D119/><U13/><E13/><V71/><F71/><W61/><G61/><T70/><D70/><U5/><E5/><V59/><F7/><W6/><G6/><T69/><D69/><U124/><E124/><V25/><F128/><W11/><G11/><T114/><D114/><U16/><E16/><V30/><F28/><W64/><G64/><T122/><D122/><U39/><E46/><V103/><F87/><W110/><AGARI ba="0,0" hai="82,83,92,96,102,109,110,111" m="29738,7178" machi="110" ten="40,8000,1" yaku="14,1,52,3" doraHai="120" who="3" fromWho="3" sc="237,-20,216,-20,318,-40,229,80" /><INIT seed="3,0,0,4,3,32" ten="217,196,278,309" oya="3" hai0="42,100,5,101,102,8,31,46,52,43,36,112,128" hai1="16,27,77,0,69,92,18,4,114,94,51,110,122" hai2="48,59,85,87,2,21,40,23,49,56,38,45,78" hai3="108,20,53,57,9,62,86,130,111,13,10,25,33"/><W117/><G117/><T95/><D128/><U109/><E114/><V134/><F134/><W105/><G33/><T79/><D112/><U106/><E69/><V17/><F2/><W120/><G120/><T127/><D127/><U118/><E106/><V74/><F74/><W123/><G123/><T75/><D31/><U90/><E122/><V97/><F97/><W29/><G130/><T98/><D43/><U80/><E118/><V64/><F38/><W68/><G105/><T70/><D70/><U41/><E41/><V22/><F17/><N who="1" m="6761" /><E51/><V84/><F48/><N who="3" m="30887" /><G86/><N who="2" m="33385" /><F64/><N who="3" m="40983" /><G13/><T39/><D39/><U91/><E27/><V125/><F125/><W24/><G25/><T115/><D115/><U26/><E26/><V83/><AGARI ba="0,0" hai="21,22,23,40,45,49,56,59,78,83,87" m="33385" machi="83" ten="30,1100,0" yaku="8,1" doraHai="32" who="2" fromWho="2" sc="217,-3,196,-3,278,11,309,-5" owari="214,-18.6,193,-30.7,289,8.9,304,40.4" /></mjloggm>