<mjloggm ver="2.3"><GO type="225" lobby="0"/><UN n0="%6D%75%75%6D%75%72%61" n1="%E6%80%AA%E3%81%97%E3%81%99%E3%81%8E%E3%82%8B%E3%83%81%E3%83%BC" n2="%E9%89%A2%E5%B7%BB%E3%82%AC%E3%83%96" n3="%72%61%6B%33" dan="16,16,16,18" rate="2175.00,2132.32,2127.63,2272.96" sx="F,M,M,M"/><TAIKYOKU oya="0"/><BYE who="1" /><INIT seed="0,0,0,1,1,113" ten="250,250,250,250" oya="0" hai0="17,93,91,66,15,8,7,130,45,10,44,129,41" hai1="70,65,54,64,77,37,43,107,89,116,0,112,31" hai2="36,110,18,115,33,96,119,73,22,32,105,79,1" hai3="53,88,131,60,34,56,26,126,85,103,5,75,132"/><T83/><D66/><U9/><E9/><V40/><F115/><W74/><G126/><T102/><D102/><U69/><E69/><V28/><F1/><W49/><G131/><N who="0" m="50187" /><D83/><U6/><E6/><V50/><F110/><W109/><G109/><T134/><D134/><U80/><E80/><V98/><F79/><W86/><G132/><T82/><D82/><U123/><E123/><V61/><F73/><W133/><G133/><T122/><D122/><U2/><E2/><V94/><F36/><W23/><G34/><T29/><D29/><U52/><E52/><V35/><F28/><W92/><G5/><T106/><D106/><U20/><E20/><V51/><F33/><W58/><G103/><T97/><D41/><U120/><E120/><V4/><F40/><W68/><G68/><T14/><AGARI ba="0,0" hai="7,8,10,14,15,17,44,45,91,93,97" m="50187" machi="14" ten="30,1500,0" yaku="19,1" doraHai="113" who="0" fromWho="0" sc="250,15,250,-5,250,-5,250,-5" /><INIT seed="0,1,0,2,5,23" ten="265,245,245,245" oya="0" hai0="40,45,6,48,33,74,55,60,7,70,58,96,100" hai1="104,84,8,122,76,67,13,94,57,47,91,97,32" hai2="27,21,30,22,83,54,15,106,89,93,81,123,25" hai3="102,77,90,121,5,130,16,133,118,36,78,107,46"/><T117/><D117/><U34/><E34/><V73/><F123/><W2/><G118/><T114/><D114/><UN n1="%E6%80%AA%E3%81%97%E3%81%99%E3%81%8E%E3%82%8B%E3%83%81%E3%83%BC" /><U92/><E122/><V82/><F106/><W41/><G130/><T19/><D74/><U120/><E120/><V1/><F1/><W131/><G131/><T124/><D124/><U4/><E32/><V66/><F15/><W98/><G133/><T35/><D35/><U127/><E127/><V87/><F66/><W12/><G121/><T37/><D33/><U52/><E104/><V111/><F111/><W128/><G128/><T85/><D85/><U14/><E47/><V80/><F54/><W101/><G101/><T61/><D19/><U20/><E67/><V134/><F134/><W135/><G135/><T29/><D29/><U64/><E64/><V110/><F110/><W99/><G2/><T24/><D24/><U17/><E76/><V72/><N who="2" m="20480" /><DORA hai="63" /><V119/><REACH who="2" step="1"/><F119/><REACH who="2" ten="265,245,235,245" step="2"/><W49/><G78/><T18/><D70/><U108/><E108/><V113/><F113/><W86/><G77/><T105/><D61/><U69/><E69/><V79/><F79/><W68/><G68/><T43/><D60/><N who="1" m="35879" /><E94/><V95/><F95/><W132/><G132/><T115/><D115/><U11/><E11/><V75/><F75/><W51/><G107/><T56/><D105/><U88/><E91/><V59/><F59/><W71/><G90/><T31/><D58/><U103/><E103/><V0/><F0/><W65/><G102/><T3/><D56/><U50/><E97/><N who="3" m="36874" /><G71/><T126/><D3/><U125/><E125/><V112/><F112/><W129/><G129/><RYUUKYOKU ba="1,1" sc="265,-15,245,15,235,15,245,-15" hai1="4,8,13,14,17,20,50,84,88,92" hai2="21,22,25,27,30,72,73,87,89,93" /><INIT seed="1,2,1,5,5,71" ten="250,260,250,230" oya="1" hai0="48,88,8,99,89,62,37,42,25,97,101,108,123" hai1="66,49,2,111,77,91,7,40,98,100,58,72,3" hai2="57,115,107,94,31,35,116,109,114,24,82,134,50" hai3="44,63,127,80,106,13,53,85,4,112,76,28,135"/><U131/><E131/><V61/><F116/><W39/><G112/><N who="2" m="43049" /><F107/><W9/><G127/><T92/><D108/><U104/><E111/><V95/><F109/><W103/><G135/><T33/><D123/><U125/><E125/><V128/><F128/><W78/><G28/><T69/><D48/><U130/><E130/><V126/><F126/><W41/><G78/><T83/><D8/><U60/><E7/><V14/><F134/><W6/><G6/><T129/><D129/><U96/><E77/><V32/><F32/><W46/><G46/><T70/><D83/><U79/><E79/><V86/><F14/><W56/><G106/><T73/><D73/><U43/><E72/><V11/><F11/><W18/><G103/><T65/><D70/><U74/><E74/><V10/><F10/><W54/><REACH who="3" step="1"/><G4/><REACH who="3" ten="250,260,250,220" step="2"/><T17/><D101/><U47/><REACH who="1" step="1"/><E43/><REACH who="1" ten="250,250,250,220" step="2"/><V23/><F35/><W120/><G120/><T110/><D110/><U113/><E113/><V20/><F20/><W118/><G118/><T132/><D132/><U34/><E34/><V29/><F29/><W30/><G30/><T5/><D33/><U27/><E27/><V16/><F31/><W84/><G84/><T133/><D133/><U67/><E67/><AGARI ba="2,3" hai="9,13,18,39,41,44,53,54,56,63,67,76,80,85" machi="67" ten="30,3900,0" yaku="1,1,7,1,52,1,53,0" doraHai="71" doraHaiUra="21" who="3" fromWho="1" sc="250,0,250,-45,250,0,220,75" /><INIT seed="2,0,0,4,5,124" ten="250,205,250,295" oya="2" hai0="100,99,31,41,52,73,34,78,26,134,72,90,94" hai1="102,110,121,2,1,27,91,92,69,61,88,60,127" hai2="7,38,44,95,119,8,96,63,66,106,30,11,56" hai3="29,35,4,120,28,117,118,18,131,46,0,103,83"/><V57/><F119/><W25/><G103/><T36/><D134/><U133/><E127/><V37/><F106/><W62/><G62/><T125/><D125/><U5/><E133/><V53/><F30/><W3/><G83/><T108/><D108/><U48/><E110/><V21/><F21/><W24/><G46/><T87/><D36/><U65/><E121/><V17/><F17/><W70/><G70/><T59/><D41/><U74/><E74/><V98/><F98/><W79/><G79/><T9/><D9/><U55/><E60/><V14/><F11/><W10/><G120/><T43/><D43/><U126/><E126/><V16/><F7/><W19/><G131/><T15/><D15/><U54/><E27/><V89/><REACH who="2" step="1"/><F44/><REACH who="2" ten="250,205,240,295" step="2"/><W135/><G135/><T32/><D32/><U39/><E5/><V45/><F45/><W115/><G10/><T6/><D6/><U76/><E2/><V113/><F113/><W82/><G4/><T86/><D34/><U81/><E1/><V75/><F75/><W111/><G115/><T132/><D132/><U50/><E39/><V77/><F77/><W33/><G33/><N who="0" m="20727" /><D78/><U12/><E76/><V101/><F101/><W49/><G111/><T122/><D122/><U71/><E102/><V22/><F22/><W42/><G35/><T107/><D86/><U130/><E91/><V93/><F93/><W58/><G42/><T80/><D107/><U112/><E92/><V64/><F64/><W51/><G49/><AGARI ba="0,1" hai="8,14,16,37,38,49,53,56,57,63,66,89,95,96" machi="49" ten="30,5800,0" yaku="1,1,7,1,54,1,53,0" doraHai="124" doraHaiUra="40" who="2" fromWho="3" sc="250,0,205,0,240,68,295,-58" /><BYE who="3" /><INIT seed="2,1,0,4,0,126" ten="250,205,308,237" oya="2" hai0="134,2,113,45,52,112,67,20,3,21,129,39,110" hai1="31,98,53,43,97,116,104,68,10,27,93,47,54" hai2="119,57,101,69,30,128,73,36,131,14,76,46,18" hai3="96,124,37,4,75,132,62,17,133,61,115,78,60"/><V32/><F119/><W89/><G89/><T33/><D110/><U65/><E116/><V13/><F69/><W85/><G85/><T72/><D33/><U1/><E1/><V56/><F101/><W34/><G34/><T107/><D134/><U88/><E10/><V48/><F36/><W0/><G0/><T106/><D72/><U70/><E104/><V74/><F30/><W130/><G130/><N who="2" m="49705" /><F32/><W121/><G121/><T12/><D129/><U90/><E70/><V50/><F13/><W135/><G135/><T22/><D12/><U87/><E68/><V49/><F46/><W81/><G81/><T83/><D83/><U103/><E103/><V41/><F41/><W40/><G40/><T71/><D2/><U26/><E31/><V114/><F114/><W66/><G66/><T120/><D3/><U123/><E65/><V28/><F28/><W100/><G100/><T127/><D113/><U15/><E15/><V64/><F64/><W55/><G55/><N who="1" m="21002" /><E43/><V95/><F95/><W108/><G108/><T77/><D112/><U109/><E47/><V6/><F6/><W111/><G111/><T11/><D67/><U9/><E109/><V8/><F76/><W92/><G92/><T118/><D71/><U5/><E90/><V35/><F35/><W58/><G58/><AGARI ba="1,0" hai="8,14,18,48,49,50,56,57,58,73,74" m="49705" machi="58" ten="30,11600,0" yaku="19,1,52,3" doraHai="126" who="2" fromWho="3" sc="250,0,205,0,308,119,237,-119" /><INIT seed="2,2,0,4,2,130" ten="250,205,427,118" oya="2" hai0="69,96,127,24,75,2,55,30,54,14,131,119,124" hai1="38,33,21,107,20,56,118,8,17,78,88,5,18" hai2="83,16,112,11,67,80,1,57,47,113,123,84,52" hai3="46,106,32,9,73,93,25,31,35,62,7,74,39"/><V27/><F123/><W115/><G115/><T42/><D2/><U100/><E33/><V58/><F1/><W12/><G12/><T40/><D131/><U103/><E38/><V81/><F11/><W10/><G10/><T90/><D69/><U95/><E107/><V109/><F109/><W121/><G121/><T44/><D75/><U87/><E118/><V26/><F84/><W50/><G50/><N who="0" m="28999" /><D119/><UN n3="%72%61%6B%33" /><U6/><E78/><V34/><F47/><W111/><G106/><T110/><D110/><U117/><E117/><V61/><F34/><W63/><G111/><T79/><D79/><U68/><E56/><V4/><F4/><N who="1" m="1641" /><E68/><V45/><F45/><W91/><G35/><T125/><D55/><U120/><E8/><V48/><REACH who="2" step="1"/><F27/><REACH who="2" ten="250,205,417,118" step="2"/><W64/><G46/><T66/><D24/><N who="1" m="14351" /><E120/><V76/><F76/><W89/><G32/><T116/><D116/><U37/><E37/><V43/><F43/><W13/><G39/><T94/><D40/><U29/><E87/><V92/><F92/><W19/><G93/><T102/><D42/><U59/><E95/><V23/><AGARI ba="2,1" hai="16,23,26,48,52,57,58,61,67,80,81,83,112,113" machi="23" ten="30,11700,0" yaku="1,1,0,1,54,2,53,0" doraHai="130" doraHaiUra="97" who="2" fromWho="2" sc="250,-41,205,-41,417,133,118,-41" /><INIT seed="2,3,0,3,5,62" ten="209,164,550,77" oya="2" hai0="25,7,91,101,38,1,116,9,100,8,18,2,119" hai1="6,83,108,52,49,125,64,45,127,51,36,68,105" hai2="131,5,11,63,90,129,31,124,57,60,67,41,30" hai3="65,20,103,28,126,76,43,92,134,12,69,96,110"/><V10/><F41/><W55/><G110/><T22/><D38/><U42/><E105/><V81/><F90/><W71/><G126/><N who="1" m="48138" /><E6/><V29/><F81/><W102/><G134/><T123/><D123/><U16/><E16/><V48/><F48/><N who="1" m="18505" /><E83/><V19/><F19/><W37/><G76/><T113/><D113/><U85/><E85/><V26/><F26/><W77/><G77/><T95/><D8/><U89/><E89/><V0/><F11/><W80/><G80/><T46/><D1/><U21/><E21/><V86/><F86/><W27/><G12/><T135/><D135/><U109/><E52/><V93/><F93/><W79/><G79/><T40/><D91/><U104/><E104/><V72/><F72/><W54/><G102/><T53/><D53/><U88/><E88/><V115/><F124/><W78/><G78/><T132/><D132/><U3/><E3/><V128/><F30/><W107/><G107/><T4/><D7/><U130/><E130/><V35/><F31/><W111/><G55/><T84/><D84/><U99/><E99/><V82/><F82/><W112/><G54/><T75/><D75/><U33/><E33/><V39/><F129/><W59/><G28/><T121/><D121/><U58/><E68/><V23/><F131/><W56/><G71/><T73/><D73/><U98/><E98/><V50/><F128/><W117/><G69/><T97/><D101/><U13/><E13/><V34/><F0/><W106/><G103/><T87/><D87/><U15/><E15/><V61/><F5/><W120/><G106/><T44/><D2/><RYUUKYOKU ba="3,0" sc="209,-10,164,30,550,-10,77,-10" hai1="36,42,45,58,64,108,109" /><INIT seed="3,4,0,3,4,45" ten="199,194,540,67" oya="3" hai0="31,64,17,87,115,132,49,117,70,36,9,22,10" hai1="56,97,37,32,58,38,96,12,129,84,0,108,30" hai2="75,95,24,48,107,40,122,4,114,18,83,33,15" hai3="29,80,125,41,89,118,101,76,71,120,74,3,85"/><W109/><G118/><T135/><D36/><U124/><E0/><V26/><F107/><W59/><G120/><T14/><D117/><U102/><E108/><V126/><F4/><W35/><G71/><T106/><D106/><U69/><E124/><V16/><F18/><W25/><G125/><T13/><D115/><U98/><E84/><V82/><F33/><W44/><G109/><T134/><D31/><U67/><E129/><V93/><F93/><W21/><G59/><T104/><D104/><N who="1" m="63559" /><E12/><N who="0" m="4713" /><D87/><U116/><E116/><V68/><F68/><W121/><G121/><T19/><D49/><U43/><E56/><V6/><F82/><W81/><G101/><T47/><D47/><N who="1" m="24047" /><E38/><V113/><F113/><W1/><REACH who="3" step="1"/><G21/><REACH who="3" ten="199,194,540,57" step="2"/><T72/><D22/><U130/><E58/><V54/><F126/><W11/><G11/><N who="0" m="4107" /><D72/><U66/><E69/><V28/><F75/><W133/><G133/><T55/><D70/><U62/><E32/><V78/><F122/><W8/><G8/><T86/><D132/><U73/><E73/><V119/><F119/><W27/><G27/><T131/><D135/><U79/><E67/><V111/><F24/><W39/><AGARI ba="4,1" hai="1,3,25,29,35,39,41,44,74,76,80,81,85,89" machi="39" ten="20,3900,0" yaku="1,1,0,1,7,1,53,0" doraHai="45" doraHaiUra="128" who="3" fromWho="3" sc="199,-17,194,-17,540,-17,57,61" /><INIT seed="3,5,0,4,4,27" ten="182,177,523,118" oya="3" hai0="2,124,95,40,44,68,88,114,63,131,126,71,104" hai1="106,125,19,55,30,41,78,64,46,92,83,91,123" hai2="101,94,7,96,105,12,70,134,3,8,10,119,81" hai3="107,45,90,57,5,128,34,100,113,39,56,25,82"/><W13/><G113/><T98/><D114/><U60/><E123/><V26/><F119/><W112/><G112/><T93/><D131/><U28/><E106/><V54/><F70/><W59/><G128/><T51/><D104/><U103/><E125/><N who="0" m="48233" /><D2/><U129/><E129/><V65/><F65/><W6/><G107/><T117/><D117/><U61/><E103/><V21/><F81/><W110/><G100/><N who="0" m="60495" /><D63/><N who="1" m="24139" /><E41/><V135/><F94/><W47/><G110/><T79/><D79/><U115/><E64/><V85/><F85/><AGARI ba="5,0" hai="40,44,51,68,71,85,88,95" m="60495,48233" machi="85" ten="30,2000,0" yaku="18,1,54,1" doraHai="27" who="0" fromWho="2" sc="182,35,177,0,523,-35,118,0" owari="217,1.7,177,-22.3,488,58.8,118,-38.2" /></mjloggm>