<mjloggm ver="2.3"><GO type="225" lobby="0"/><UN n0="%E3%82%BC%E3%83%AB%E3%83%80%E3%81%AE%E4%BC%9D%E8%AA%AC" n1="%38%63%E3%81%AF%E3%81%A3%E3%81%97%E3%83%BC" n2="%E4%B8%AD%E5%B9%B4%E3%81%AE%E5%8D%B1%E6%A9%9F" n3="%E3%81%82%E3%81%B9%E3%81%99%E3%81%91" dan="16,16,17,16" rate="2188.33,2071.39,2264.08,2112.18" sx="M,M,M,M"/><TAIKYOKU oya="0"/><INIT seed="0,0,0,5,0,84" ten="250,250,250,250" oya="0" hai0="89,59,74,46,68,135,118,36,29,101,85,100,1" hai1="88,86,32,65,30,112,53,17,78,80,42,99,130" hai2="102,10,69,107,111,114,117,61,31,126,21,27,2" hai3="45,77,116,66,48,47,98,104,6,92,76,94,15"/><T4/><BYE who="2" /><D118/><UN n2="%E4%B8%AD%E5%B9%B4%E3%81%AE%E5%8D%B1%E6%A9%9F" /><U49/><E130/><V131/><F131/><W34/><G34/><T90/><D68/><U51/><E65/><N who="2" m="41135" /><F21/><W12/><G116/><T54/><D74/><U113/><E42/><V91/><F91/><N who="0" m="34826" /><D36/><U64/><E64/><V82/><F82/><W57/><G104/><T0/><D0/><U11/><E30/><V24/><F24/><W70/><G70/><T96/><D1/><U79/><E32/><N who="2" m="20607" /><F117/><W72/><G66/><T14/><D135/><U67/><E67/><V124/><F114/><N who="1" m="44137" /><E99/><N who="2" m="61919" /><F111/><W122/><G98/><T129/><D129/><U43/><E43/><V20/><F20/><W35/><G35/><T22/><D85/><U125/><E125/><V93/><F93/><W60/><G94/><N who="0" m="58391" /><D101/><U18/><E51/><V132/><F132/><W119/><G48/><N who="0" m="31175" /><D46/><N who="1" m="27831" /><E18/><V25/><F126/><W41/><G119/><T58/><D58/><U52/><E52/><V95/><F95/><W23/><G92/><T50/><D50/><U62/><E62/><V37/><F37/><W56/><G60/><T127/><D127/><U40/><E40/><V16/><F124/><W110/><G41/><T28/><D22/><U13/><AGARI ba="0,0" hai="11,13,17,78,79,80,86,88" m="27831,44137" machi="13" ten="30,7900,0" yaku="25,1,11,1,52,1,54,1" doraHai="84" who="1" fromWho="1" sc="250,-39,250,79,250,-20,250,-20" /><INIT seed="1,0,0,1,3,34" ten="211,329,230,230" oya="1" hai0="52,134,59,36,28,135,109,11,46,77,108,4,95" hai1="75,73,104,60,93,37,90,44,6,7,119,30,116" hai2="23,55,25,51,31,131,8,56,117,115,64,126,47" hai3="81,118,14,85,122,124,35,40,63,5,96,113,86"/><U26/><E104/><V57/><F117/><W32/><G122/><T67/><D28/><U39/><E60/><V98/><F115/><W121/><G113/><T78/><D95/><U43/><E39/><V101/><F126/><W74/><G121/><T50/><D78/><U129/><E129/><V33/><F131/><W103/><G74/><T22/><D22/><U0/><E119/><V42/><F64/><W102/><G40/><N who="0" m="22791" /><D77/><U24/><E24/><V61/><F57/><W3/><G14/><N who="0" m="5479" /><D67/><U18/><E18/><V66/><F8/><W91/><G63/><T88/><D88/><U80/><E80/><V68/><F33/><W70/><G70/><T71/><D71/><U92/><E92/><N who="2" m="58567" /><F68/><W15/><G118/><T1/><D1/><U94/><E94/><V100/><F42/><W110/><G86/><T72/><D72/><U125/><E125/><V83/><F83/><W69/><G69/><T29/><D29/><U16/><E30/><V2/><F100/><W19/><G103/><T107/><D107/><U79/><E116/><V132/><F2/><W89/><G89/><T87/><D87/><U130/><E130/><V120/><F120/><W76/><G91/><T53/><D53/><U20/><E0/><V106/><F106/><N who="3" m="63815" /><G124/><T13/><D13/><U105/><E105/><V38/><F38/><W133/><G35/><T62/><D62/><U12/><E79/><V10/><F10/><N who="3" m="6647" /><G32/><T58/><D58/><U41/><E41/><V112/><F112/><W111/><G133/><AGARI ba="0,0" hai="50,52,59,108,109,133,134,135" m="5479,22791" machi="133" ten="30,2000,0" yaku="20,1,54,1" doraHai="34" who="0" fromWho="3" sc="211,20,329,0,230,0,230,-20" /><AGARI ba="0,0" hai="23,25,31,47,51,55,56,61,66,132,133" m="58567" machi="133" ten="30,1000,0" yaku="25,1" doraHai="34" who="2" fromWho="3" sc="231,0,329,0,230,10,210,-10" /><INIT seed="2,0,0,2,5,29" ten="231,329,240,200" oya="2" hai0="114,40,88,68,135,48,4,21,50,44,76,120,117" hai1="59,27,52,87,84,105,77,99,89,109,102,53,127" hai2="49,119,10,61,132,91,25,32,39,7,26,121,54" hai3="43,17,18,58,75,22,41,116,16,0,20,82,83"/><V129/><F121/><W67/><G116/><T46/><D114/><U130/><E109/><V122/><F122/><W63/><G0/><T97/><D120/><U126/><E130/><V35/><F39/><W24/><G75/><T70/><D117/><U2/><E2/><V37/><F37/><W123/><G123/><T6/><D135/><U112/><E112/><V133/><F119/><W38/><G38/><T69/><D76/><U113/><E113/><V66/><F129/><W8/><G8/><T115/><D115/><U57/><E77/><V86/><F26/><W45/><G45/><T5/><D21/><U124/><E27/><V30/><F49/><W104/><G104/><T31/><D31/><U107/><E107/><V106/><F54/><N who="1" m="21097" /><E87/><V110/><F106/><W47/><G47/><T98/><D88/><U13/><E13/><V74/><F74/><W71/><G71/><T118/><D118/><U73/><E73/><V79/><F79/><W100/><G100/><T1/><D1/><U125/><E127/><V81/><F110/><W128/><G128/><T92/><D92/><AGARI ba="0,0" hai="57,59,84,89,92,99,102,105,124,125,126" m="21097" machi="92" ten="30,2000,0" yaku="18,1,54,1" doraHai="29" who="1" fromWho="0" sc="231,-20,329,20,240,0,200,0" /><INIT seed="3,0,0,3,4,36" ten="211,349,240,200" oya="3" hai0="91,108,31,56,23,83,22,130,96,112,13,81,35" hai1="73,42,18,70,4,93,52,45,19,53,116,104,98" hai2="11,97,9,68,109,76,134,118,114,61,7,44,8" hai3="57,131,29,15,10,72,40,123,87,46,64,125,74"/><W12/><G123/><T55/><D108/><U37/><E70/><V111/><F118/><W66/><G131/><T92/><D130/><U85/><E73/><V17/><F114/><W0/><G0/><T126/><D126/><U27/><E4/><V79/><F7/><W2/><G125/><T24/><D112/><U102/><E116/><V6/><F6/><W71/><G2/><T50/><D35/><U99/><E85/><V26/><F97/><W95/><G71/><T39/><D39/><U124/><E124/><V82/><F134/><W54/><G74/><T25/><D13/><N who="3" m="5193" /><G29/><AGARI ba="0,0" hai="22,23,24,25,29,31,50,55,56,81,83,91,92,96" machi="29" ten="30,3900,0" yaku="7,1,9,1,8,1" doraHai="36" who="0" fromWho="3" sc="211,39,349,0,240,0,200,-39" owari="250,5.0,349,44.9,240,-16.0,161,-33.9" /></mjloggm>