<mjloggm ver="2.3"><GO type="225" lobby="0"/><UN n0="%E7%B4%94%E6%BD%94%E3%83%94%E3%83%A9%E3%83%8B%E3%82%A2" n1="%E6%98%93%E5%88%A9%E8%96%A9%E4%BC%AF" n2="%6C%61%6D%62" n3="%6D%75%75%73%61%6E%6D%75" dan="17,16,16,16" rate="2221.45,2162.41,2200.03,2071.55" sx="M,F,M,F"/><TAIKYOKU oya="0"/><INIT seed="0,0,0,3,1,101" ten="250,250,250,250" oya="0" hai0="78,118,108,24,37,127,92,5,106,31,128,113,84" hai1="107,109,69,43,86,70,102,14,21,88,100,59,94" hai2="105,67,16,23,95,73,110,22,54,15,111,25,34" hai3="1,75,53,36,89,93,38,131,134,40,48,46,0"/><T58/><D24/><U66/><E109/><N who="2" m="41483" /><F73/><W135/><G75/><T103/><D58/><U74/><E74/><V96/><F67/><W130/><G89/><T18/><D18/><U28/><E43/><V120/><F120/><W97/><G97/><T81/><D31/><U82/><E107/><V65/><F65/><W2/><G93/><T132/><D5/><U90/><E70/><V68/><F68/><W6/><G6/><T52/><D52/><U98/><E69/><V114/><F114/><W85/><G85/><T35/><D92/><U119/><E119/><V19/><F54/><W133/><REACH who="3" step="1"/><G53/><REACH who="3" ten="250,250,250,240" step="2"/><T47/><D84/><U125/><E90/><N who="2" m="55415" /><F34/><W99/><G99/><T56/><D35/><U126/><E98/><V44/><F44/><W27/><G27/><T104/><D47/><U26/><E26/><V55/><F55/><W30/><G30/><T45/><D45/><U115/><E28/><V72/><F72/><W71/><G71/><T49/><D108/><U33/><E86/><V117/><F117/><W77/><G77/><T80/><D78/><U61/><E94/><V42/><F42/><W112/><G112/><T50/><D113/><U51/><E115/><V17/><F17/><W12/><G12/><T87/><D87/><U20/><E14/><V9/><F9/><W63/><G63/><T129/><D118/><U8/><E61/><V76/><F76/><W32/><G32/><T13/><D13/><U41/><E8/><V79/><F79/><W62/><G62/><T122/><D56/><U39/><E59/><V116/><F116/><W11/><G11/><RYUUKYOKU ba="0,1" sc="250,-15,250,-15,250,15,240,15" hai2="15,16,19,22,23,25,105" hai3="0,1,2,36,38,40,46,48,130,131,133,134,135" /><INIT seed="1,1,1,3,2,135" ten="235,235,265,255" oya="1" hai0="87,4,77,2,75,41,98,83,26,19,73,95,102" hai1="70,56,85,42,18,134,113,51,9,37,14,20,11" hai2="7,126,115,106,105,123,127,101,3,112,78,60,46" hai3="114,120,94,88,93,50,90,79,84,76,104,1,12"/><U72/><E113/><N who="2" m="43595" /><F123/><W25/><G1/><T33/><D41/><U68/><E72/><V109/><F109/><W8/><G104/><N who="2" m="40041" /><F101/><W96/><G120/><T99/><D99/><U10/><E134/><V62/><F78/><W6/><G114/><T132/><D132/><U21/><E21/><V44/><F7/><W81/><G50/><T71/><D71/><U118/><E118/><V40/><F3/><W91/><REACH who="3" step="1"/><G25/><REACH who="3" ten="235,235,265,245" step="2"/><T58/><D26/><U23/><E37/><N who="2" m="21519" /><F46/><W89/><G89/><T130/><D2/><U128/><E51/><V67/><F60/><W117/><G117/><T82/><D102/><U28/><E128/><V13/><F13/><W55/><G55/><T43/><D43/><U107/><E42/><V116/><F116/><W38/><G38/><T45/><D45/><U97/><E107/><V65/><F65/><W121/><G121/><T30/><D130/><U124/><E14/><V66/><F66/><W63/><G63/><T17/><D77/><U5/><E5/><V39/><F39/><W133/><G133/><T36/><D36/><U53/><E53/><V31/><F31/><W22/><G22/><T0/><D30/><U131/><E23/><V129/><F129/><W103/><G103/><T110/><D4/><U108/><E20/><V47/><F47/><W24/><G24/><T69/><D0/><U35/><E28/><V27/><F27/><W61/><G61/><T57/><D17/><U16/><E131/><V125/><F125/><W111/><G111/><T29/><D19/><U86/><E124/><V92/><F92/><W49/><G49/><RYUUKYOKU ba="1,2" sc="235,-15,235,-15,265,15,245,15" hai2="62,67,126,127" hai3="6,8,12,76,79,81,84,88,90,91,93,94,96" /><INIT seed="2,2,2,4,4,2" ten="220,220,280,260" oya="2" hai0="122,14,97,66,110,17,131,82,127,11,115,70,35" hai1="86,7,26,113,74,65,27,126,57,112,61,34,51" hai2="18,89,32,16,92,19,81,132,9,84,5,108,42" hai3="76,121,13,68,47,87,10,130,102,12,54,6,98"/><V29/><F132/><W128/><G121/><T105/><D115/><U103/><E74/><V83/><F108/><W80/><G68/><T77/><D122/><U8/><E126/><V43/><F29/><W52/><G13/><T95/><D110/><U23/><E34/><V45/><F32/><W56/><G47/><T75/><D35/><U0/><E103/><V62/><F62/><W79/><G79/><T31/><D31/><U78/><E51/><V49/><REACH who="2" step="1"/><F43/><REACH who="2" ten="220,220,270,260" step="2"/><W38/><G38/><T21/><D127/><U114/><REACH who="1" step="1"/><E23/><REACH who="1" ten="220,210,270,260" step="2"/><V119/><F119/><W93/><G56/><T37/><D37/><U46/><E46/><V28/><F28/><W41/><G41/><T100/><D21/><U53/><E53/><V39/><F39/><W3/><G52/><T111/><D111/><U73/><E73/><V91/><F91/><W1/><G54/><T88/><D70/><U48/><E48/><V135/><F135/><W15/><G128/><T106/><D131/><U133/><E133/><V85/><F85/><W109/><G130/><T64/><D100/><U129/><E129/><V118/><F118/><W104/><G109/><T24/><D66/><U94/><E94/><V107/><F107/><W90/><G104/><T22/><D64/><U117/><E117/><V44/><F44/><W125/><G102/><T30/><AGARI ba="2,4" hai="11,14,17,22,24,30,75,77,82,88,95,97,105,106" machi="30" ten="20,2700,0" yaku="0,1,7,1,54,1" doraHai="2" who="0" fromWho="0" sc="220,73,210,-9,270,-15,260,-9" /><INIT seed="3,0,0,2,2,96" ten="293,201,255,251" oya="3" hai0="99,121,75,134,66,100,46,73,20,98,10,82,112" hai1="6,84,4,92,35,80,53,54,133,89,3,49,36" hai2="97,68,62,51,124,32,2,102,56,91,23,118,29" hai3="74,111,119,120,18,1,17,69,67,130,60,16,41"/><W132/><G119/><T135/><D121/><U63/><E133/><N who="0" m="50697" /><D112/><U108/><E36/><V26/><F118/><W128/><G132/><T129/><D129/><N who="3" m="49769" /><G120/><T52/><D66/><U9/><E108/><V7/><F68/><W83/><G111/><T19/><D10/><U47/><E35/><V57/><F91/><W21/><G1/><T13/><D82/><U125/><E125/><V104/><F124/><W81/><G41/><T44/><D98/><U88/><E6/><V127/><F127/><W122/><G122/><T107/><D52/><U58/><REACH who="1" step="1"/><E92/><REACH who="1" ten="293,191,255,251" step="2"/><V106/><F32/><W115/><G115/><T40/><D46/><U8/><E8/><V59/><F104/><W95/><G21/><T76/><D76/><AGARI ba="0,1" hai="3,4,9,47,49,53,54,58,63,76,80,84,88,89" machi="76" ten="30,3900,0" yaku="1,1,7,1,54,1,53,0" doraHai="96" doraHaiUra="93" who="1" fromWho="0" sc="293,-39,191,49,255,0,251,0" /><INIT seed="4,0,0,2,2,82" ten="254,240,255,251" oya="0" hai0="43,79,70,104,25,41,100,128,94,0,109,97,75" hai1="124,120,129,132,101,71,69,52,38,50,102,134,32" hai2="95,28,126,24,99,81,51,60,61,9,49,88,31" hai3="33,77,48,110,12,19,80,62,83,123,46,1,58"/><T130/><D70/><N who="1" m="26635" /><E32/><V6/><F126/><W34/><G1/><T26/><D0/><U5/><E5/><V78/><F60/><W98/><G110/><T114/><D109/><U54/><E120/><V113/><F61/><W56/><G123/><T106/><D114/><U7/><E7/><V59/><F113/><W66/><G98/><T111/><D111/><U67/><E124/><V87/><F59/><W85/><G58/><T20/><D79/><U105/><E105/><V4/><F4/><W39/><G80/><T2/><D2/><U84/><E84/><V122/><F122/><W89/><G39/><T14/><D75/><U131/><E67/><V64/><F64/><W27/><G27/><T45/><D14/><U90/><E90/><V42/><F42/><W93/><G93/><T3/><D3/><U73/><E73/><V22/><F31/><W15/><G15/><AGARI ba="0,0" hai="6,9,15,22,24,28,49,51,78,81,87,88,95,99" machi="15" ten="30,7700,0" yaku="7,1,8,1,52,1,54,1" doraHai="82" who="2" fromWho="3" sc="254,0,240,0,255,77,251,-77" owari="254,5.4,240,-16.0,332,43.2,174,-32.6" /></mjloggm>