<mjloggm ver="2.3"><GO type="225" lobby="0"/><UN n0="%E3%83%AD%E3%83%83%E3%83%86%E9%9B%80%E7%90%83" n1="%E3%81%B8%E3%82%80%E3%81%B8%E3%82%80%EF%BC%92%E5%8F%B7" n2="%73%6C%69%63%6B%33%31%39" n3="%E6%97%A5%E6%9B%9C%E6%97%A5%E3%82%88%E3%82%8A%E3%81%AE%E4%BD%BF%E8%80%85" dan="17,17,16,17" rate="2167.83,2213.15,2181.96,2166.02" sx="M,M,M,M"/><TAIKYOKU oya="0"/><INIT seed="0,0,0,5,3,88" ten="250,250,250,250" oya="0" hai0="86,79,87,104,102,37,83,69,45,47,39,15,23" hai1="81,124,66,32,14,25,64,92,128,59,107,91,1" hai2="22,131,68,2,33,38,12,133,106,0,100,4,9" hai3="13,89,60,115,67,125,109,21,123,8,31,101,30"/><T77/><D69/><U116/><E116/><V98/><F38/><W62/><G115/><T82/><D102/><U95/><E1/><V34/><F68/><W108/><G125/><T96/><D96/><U135/><E107/><V6/><F133/><W7/><G123/><T41/><D104/><U11/><E124/><V16/><REACH who="2" step="1"/><F131/><REACH who="2" ten="250,250,240,250" step="2"/><W58/><G109/><T130/><D130/><U74/><E128/><V42/><F42/><W111/><G108/><T20/><D15/><U80/><E135/><V75/><F75/><W73/><G73/><T114/><D114/><U57/><E74/><V71/><F71/><W105/><G111/><T40/><AGARI ba="0,1" hai="20,23,37,39,40,41,45,47,77,79,82,83,86,87" machi="40" ten="30,11700,0" yaku="0,1,32,3" doraHai="88" who="0" fromWho="0" sc="250,127,250,-39,240,-39,250,-39" /><INIT seed="0,1,0,3,3,73" ten="377,211,201,211" oya="0" hai0="34,65,13,91,129,71,1,116,55,31,121,133,9" hai1="98,88,16,0,105,134,77,87,97,112,89,21,93" hai2="26,109,12,37,66,102,6,57,51,120,41,70,86" hai3="107,96,23,128,14,33,100,95,52,94,119,45,30"/><T78/><D1/><U76/><E134/><V46/><F120/><W32/><G119/><T83/><D129/><U90/><E0/><V122/><F122/><W35/><G128/><T15/><D116/><U117/><E117/><V61/><F109/><W58/><G45/><T124/><D124/><U63/><E112/><V44/><F102/><W69/><G69/><T3/><D91/><N who="1" m="34827" /><E63/><V42/><F26/><W64/><G64/><T17/><D55/><U5/><E5/><V81/><F12/><W50/><REACH who="3" step="1"/><G14/><REACH who="3" ten="377,211,201,201" step="2"/><T114/><D15/><N who="1" m="9375" /><E105/><V118/><F118/><W85/><G85/><T75/><D71/><U60/><E60/><V43/><F6/><W10/><G10/><T80/><D9/><U49/><E49/><V123/><F123/><W104/><G104/><T106/><D106/><U47/><E47/><V110/><F110/><W111/><G111/><T82/><D121/><U2/><E2/><V22/><F37/><W103/><G103/><T126/><D3/><U59/><E59/><V108/><F70/><W11/><G11/><T67/><D13/><U20/><E20/><V28/><F108/><W113/><G113/><T39/><D114/><U36/><E36/><V79/><F46/><W7/><G7/><T19/><D39/><U38/><E38/><V53/><F22/><W72/><G72/><T92/><D75/><U101/><E101/><V132/><F132/><W25/><AGARI ba="1,1" hai="23,25,30,32,33,35,50,52,58,94,95,96,100,107" machi="25" ten="40,5200,0" yaku="1,1,0,1,54,1,53,0" doraHai="73" doraHaiUra="84" who="3" fromWho="3" sc="377,-27,211,-14,201,-14,201,65" /><INIT seed="1,0,0,3,5,68" ten="350,197,187,266" oya="1" hai0="22,1,112,42,105,7,72,61,130,28,16,85,6" hai1="27,37,20,89,63,103,38,74,3,79,54,97,128" hai2="127,126,24,86,114,96,116,47,58,102,108,91,107" hai3="53,123,67,95,70,41,83,29,40,35,117,82,131"/><U31/><E3/><V13/><F116/><W26/><G123/><T59/><D72/><U121/><E121/><V76/><F108/><W2/><G2/><T110/><D105/><U99/><E128/><V18/><F114/><W81/><G131/><T56/><D112/><U44/><E89/><V23/><F76/><W111/><G111/><T39/><D110/><U104/><E99/><V71/><F71/><W14/><G117/><T134/><D28/><U109/><E109/><V80/><F58/><W64/><G14/><T12/><D134/><U90/><E90/><V124/><REACH who="2" step="1"/><F47/><REACH who="2" ten="350,197,177,266" step="2"/><W34/><G70/><T0/><D59/><U135/><E135/><V17/><F17/><W98/><G67/><T19/><D19/><U30/><E30/><V36/><F36/><W122/><G64/><T93/><D16/><U60/><E79/><V125/><N who="2" m="31744" /><DORA hai="132" /><V8/><F8/><W5/><G122/><T43/><D39/><U33/><E74/><V133/><F133/><W45/><G45/><T9/><D56/><U88/><E37/><V65/><F65/><W52/><G29/><T69/><D9/><U25/><E38/><V84/><F84/><W21/><G35/><T87/><D85/><U62/><E44/><V55/><F55/><W100/><G34/><T77/><D87/><U66/><E66/><V101/><F101/><W92/><G53/><T129/><D77/><U32/><E54/><V50/><F50/><W94/><G52/><T10/><D69/><U11/><E33/><V119/><F119/><W57/><G57/><T49/><D130/><U46/><E32/><RYUUKYOKU ba="0,1" sc="350,-10,197,-10,177,30,266,-10" hai2="13,18,23,24,80,86,91,96,102,107" /><INIT seed="2,1,1,2,3,51" ten="340,187,207,256" oya="2" hai0="38,68,115,53,2,27,81,104,88,123,90,83,35" hai1="23,8,29,112,105,25,58,7,116,121,10,12,49" hai2="14,91,114,19,72,73,95,18,89,131,66,34,129" hai3="71,15,133,67,86,63,21,9,96,119,57,20,113"/><V39/><F114/><W77/><G119/><T69/><D2/><U100/><E112/><V108/><F39/><W17/><G113/><T125/><D38/><U6/><E121/><V52/><F66/><W107/><G133/><T130/><D104/><U78/><E116/><V56/><F34/><W128/><G128/><N who="2" m="49225" /><F108/><W62/><G107/><T54/><D125/><U65/><E105/><V98/><F91/><W36/><G36/><T75/><D130/><U76/><E100/><V24/><F24/><W55/><G96/><T47/><D75/><N who="2" m="28746" /><F14/><W59/><G71/><T5/><D27/><U28/><E28/><V132/><F132/><W134/><G134/><T135/><D35/><U42/><E65/><V92/><F92/><W70/><G70/><T126/><D90/><U1/><REACH who="1" step="1"/><E42/><REACH who="1" ten="340,177,207,256" step="2"/><V93/><F93/><W118/><G118/><T45/><D115/><U22/><E22/><V16/><F19/><W84/><G21/><T74/><D135/><U124/><E124/><V48/><AGARI ba="1,2" hai="16,18,48,52,56,89,95,98" m="28746,49225" machi="48" ten="30,11700,0" yaku="19,1,52,1,54,2" doraHai="51" who="2" fromWho="2" sc="340,-40,177,-40,207,140,256,-40" /><INIT seed="2,2,0,3,2,18" ten="300,137,347,216" oya="2" hai0="15,119,65,25,106,3,130,100,85,72,35,55,61" hai1="97,14,59,11,30,131,77,93,102,12,70,47,53" hai2="135,9,40,129,51,117,23,89,99,32,103,81,94" hai3="125,24,96,22,104,44,109,31,126,95,27,10,43"/><V33/><F117/><W29/><G104/><T133/><D15/><U107/><E131/><V114/><F114/><W123/><G10/><T112/><D55/><U26/><E70/><V122/><F122/><W54/><G54/><T21/><D85/><U20/><E77/><V56/><F129/><W17/><G123/><T134/><D130/><U63/><E47/><V28/><F135/><N who="0" m="51722" /><D72/><U84/><E107/><V49/><F32/><W46/><G109/><T0/><D35/><U127/><E127/><N who="3" m="48650" /><G43/><T98/><D112/><U7/><REACH who="1" step="1"/><E84/><REACH who="1" ten="300,127,347,216" step="2"/><V58/><F40/><W69/><G69/><N who="0" m="42159" /><D119/><U68/><E68/><V115/><F115/><W87/><G87/><T132/><D132/><U19/><E19/><AGARI ba="2,1" hai="0,3,19,21,25,98,100,106" m="42159,51722" machi="19" ten="30,2000,0" yaku="20,1,52,1" doraHai="18" who="0" fromWho="1" sc="300,36,127,-26,347,0,216,0" /><INIT seed="3,0,0,0,2,15" ten="336,101,347,216" oya="3" hai0="107,9,21,108,51,110,19,90,106,93,24,56,133" hai1="34,94,126,50,109,8,83,44,39,68,89,43,49" hai2="18,33,48,63,20,29,38,74,85,87,70,111,61" hai3="86,118,92,115,119,35,127,69,17,16,1,30,12"/><W131/><G69/><T10/><D133/><U3/><E109/><N who="0" m="42089" /><D56/><U132/><E126/><V75/><F38/><W96/><G115/><T28/><D51/><U25/><E132/><V113/><F113/><W41/><G127/><T130/><D130/><U99/><E68/><V65/><F111/><W53/><G1/><T76/><D76/><U134/><E134/><V71/><F33/><W79/><G41/><T124/><D124/><U120/><E120/><V102/><F29/><W58/><G131/><T27/><D9/><U67/><E67/><V91/><F102/><W42/><G42/><T78/><D78/><U95/><E83/><V37/><F37/><W36/><G36/><T31/><D10/><U122/><E122/><V66/><F48/><W129/><G129/><T114/><D114/><U22/><E34/><V116/><F116/><W105/><G105/><N who="0" m="39947" /><D27/><U81/><E81/><V52/><F52/><W100/><G30/><T11/><D11/><U88/><E8/><V13/><F87/><AGARI ba="0,0" hai="19,21,24,28,31,87,90,93" m="39947,42089" machi="87" ten="30,2000,0" yaku="14,1,52,1" doraHai="15" who="0" fromWho="2" sc="336,20,101,0,347,-20,216,0" owari="356,45.6,101,-39.9,327,12.7,216,-18.4" /></mjloggm>