<mjloggm ver="2.3"><GO type="225" lobby="0"/><UN n0="%61%6D%65%6B%69" n1="%E8%83%83%E3%81%A8%E8%85%B8" n2="%E7%99%BD%E9%9B%AA%E4%B9%83%E6%84%9B" n3="%E7%99%BD%E6%97%A5%E9%9B%AA%E8%8F%9C" dan="16,16,16,16" rate="2094.48,2207.95,2100.85,2146.26" sx="M,M,F,M"/><TAIKYOKU oya="0"/><INIT seed="0,0,0,0,2,84" ten="250,250,250,250" oya="0" hai0="71,5,109,60,101,110,97,119,117,52,93,46,134" hai1="132,21,133,4,18,59,82,129,67,25,45,26,48" hai2="30,94,70,86,44,126,49,50,98,115,106,74,36" hai3="32,123,131,124,73,104,79,108,3,43,100,12,111"/><T2/><D134/><N who="1" m="51819" /><E129/><V16/><F115/><W72/><G131/><T23/><D2/><U78/><E4/><V122/><F122/><W76/><G3/><T47/><D5/><U68/><E68/><V92/><F74/><N who="3" m="28779" /><G32/><T116/><D23/><U75/><E59/><V41/><F70/><W81/><G43/><T102/><D102/><U127/><E67/><V77/><F30/><W7/><G123/><T87/><D87/><U35/><E127/><V80/><F126/><W56/><G124/><T22/><D22/><U13/><E35/><V24/><F94/><W57/><G76/><T31/><D31/><U28/><E28/><V113/><F106/><W40/><G40/><AGARI ba="0,0" hai="13,18,21,25,26,40,45,48,75,78,82" m="51819" machi="40" ten="30,1000,0" yaku="20,1" doraHai="84" who="1" fromWho="3" sc="250,0,250,10,250,0,250,-10" /><INIT seed="1,0,0,2,1,67" ten="250,260,250,240" oya="1" hai0="5,71,114,60,99,32,69,2,34,50,75,40,86" hai1="56,4,132,116,7,131,9,85,102,123,24,105,58" hai2="44,77,129,120,38,49,20,76,55,95,17,106,133" hai3="122,39,117,47,127,94,28,31,108,80,90,29,8"/><U115/><E115/><V135/><F106/><W128/><G122/><T111/><D75/><U109/><E123/><V64/><F120/><W134/><G108/><T54/><D114/><U62/><E116/><V18/><F129/><W36/><G128/><T43/><D111/><U98/><E109/><V74/><F38/><W112/><G112/><T121/><D121/><U96/><E131/><V110/><F110/><W48/><G117/><T23/><D23/><U3/><E132/><N who="2" m="50763" /><F64/><W42/><G134/><T103/><D86/><U100/><E85/><V52/><F74/><W126/><G80/><T21/><D21/><U118/><E118/><V27/><F95/><W35/><G35/><T53/><D5/><U13/><E24/><V6/><F6/><W79/><G79/><N who="2" m="30281" /><F55/><W57/><G8/><T59/><D2/><U12/><E4/><V66/><F66/><W93/><G93/><T1/><D1/><U78/><E78/><V19/><AGARI ba="0,0" hai="17,18,19,20,27,44,49,52" m="30281,50763" machi="19" ten="30,2000,0" yaku="20,1,54,1" doraHai="67" who="2" fromWho="2" sc="250,-5,260,-10,250,20,240,-5" /><INIT seed="2,0,0,2,2,95" ten="245,250,270,235" oya="2" hai0="28,67,103,72,54,7,73,2,38,120,6,8,102" hai1="129,48,112,18,66,17,15,59,16,30,53,57,27" hai2="68,65,80,135,119,41,61,123,40,92,86,79,52" hai3="23,128,75,34,109,56,71,14,117,63,125,116,134"/><V62/><F119/><W26/><G75/><T42/><D120/><U5/><E112/><V60/><F123/><W105/><G109/><T3/><D28/><U13/><E129/><V44/><F135/><W76/><G76/><T96/><D67/><U94/><E5/><V0/><F0/><W11/><G128/><T24/><D24/><U99/><E59/><V37/><F41/><W111/><G111/><T20/><D20/><N who="1" m="15719" /><E66/><V70/><F70/><W98/><G134/><T39/><D42/><U12/><E12/><V126/><F126/><W43/><G125/><T9/><REACH who="0" step="1"/><D54/><REACH who="0" ten="235,250,270,235" step="2"/><U4/><E4/><V81/><BYE who="1" /><F52/><W50/><G43/><UN n1="%E8%83%83%E3%81%A8%E8%85%B8" /><T113/><D113/><U121/><E121/><V104/><F65/><W51/><G71/><T107/><D107/><U29/><E29/><V55/><F104/><W110/><G110/><T101/><D101/><AGARI ba="0,1" hai="13,15,16,17,18,48,53,57,94,99,101" m="15719" machi="101" ten="30,3900,0" yaku="8,1,52,1,54,1" doraHai="95" who="1" fromWho="0" sc="235,-39,250,49,270,0,235,0" /><INIT seed="3,0,0,2,5,94" ten="196,299,270,235" oya="3" hai0="11,33,28,86,107,117,59,2,82,20,87,46,24" hai1="70,1,71,19,13,119,95,90,52,83,122,84,18" hai2="30,131,64,8,98,5,135,67,130,16,21,91,34" hai3="36,40,88,66,80,101,123,73,6,63,105,85,12"/><W69/><G123/><T77/><D117/><U26/><E1/><V25/><F135/><W100/><G73/><T38/><D107/><U55/><E122/><V44/><F44/><W61/><G61/><T39/><D59/><U116/><E26/><V45/><F45/><W92/><G36/><T126/><D126/><U9/><E19/><V0/><F91/><W53/><G40/><T128/><D128/><N who="2" m="49194" /><F98/><W41/><G41/><T43/><D39/><U96/><E71/><V37/><F37/><W112/><G112/><T17/><D17/><U89/><E70/><V32/><F32/><W7/><G53/><T57/><D57/><U133/><E133/><V60/><F60/><W118/><G118/><AGARI ba="0,0" hai="9,13,18,52,55,83,84,89,90,95,96,116,118,119" machi="118" ten="40,5200,0" yaku="12,1,52,1,54,1" doraHai="94" who="1" fromWho="3" sc="196,0,299,52,270,0,235,-52" owari="196,-20.4,351,45.1,270,7.0,183,-31.7" /></mjloggm>