<mjloggm ver="2.3"><GO type="225" lobby="0"/><UN n0="%E3%83%96%E3%83%A9%E3%82%B6%E3%83%BC" n1="%E9%B3%B3%E6%9D%B1%E3%81%AE%E3%81%86%E3%81%95%E3%81%8E%E3%81%95%E3%82%93" n2="%E3%83%B4%E3%83%A0%EF%BC%99%E3%81%A6" n3="%65%6B%61%72%75%74%65" dan="16,17,17,16" rate="2085.92,2250.51,2199.28,2132.04" sx="M,M,M,M"/><TAIKYOKU oya="0"/><INIT seed="0,0,0,1,0,25" ten="250,250,250,250" oya="0" hai0="94,17,77,81,39,135,104,111,86,36,47,50,89" hai1="114,10,5,105,74,41,87,37,40,127,34,42,112" hai2="96,92,90,101,128,83,99,45,82,7,56,8,31" hai3="97,30,23,65,58,44,107,28,49,35,24,113,71"/><T79/><D104/><U84/><E37/><V106/><F128/><W115/><G71/><T16/><D135/><U43/><E74/><V70/><F70/><W125/><G125/><T121/><D121/><U73/><E73/><V0/><F45/><W76/><G76/><T110/><D39/><U119/><E119/><V60/><REACH who="2" step="1"/><F31/><REACH who="2" ten="250,250,240,250" step="2"/><W15/><G30/><T66/><D36/><U53/><E127/><V48/><F48/><W75/><G28/><T123/><D123/><U46/><E46/><V100/><F100/><W18/><G49/><T9/><D50/><U131/><E131/><V51/><F51/><W102/><G44/><T4/><D47/><U133/><E42/><V1/><F1/><W108/><G102/><T69/><D69/><U103/><E103/><V20/><F20/><W11/><G23/><T122/><D122/><U72/><E41/><V117/><F117/><W55/><G113/><T63/><D110/><U32/><E114/><V68/><F68/><W21/><G21/><T6/><D111/><U59/><E112/><V134/><F134/><W78/><G115/><T91/><D63/><U52/><E133/><V80/><F80/><W62/><G62/><T22/><D22/><U130/><E130/><V109/><F109/><W93/><G108/><T124/><D124/><U98/><E40/><V13/><F13/><W85/><G15/><T95/><D81/><U67/><E43/><V132/><F132/><W29/><G29/><T126/><D126/><U64/><E32/><V12/><F12/><W38/><G35/><T129/><D129/><U57/><E34/><RYUUKYOKU ba="0,1" sc="250,-10,250,-10,240,30,250,-10" hai2="0,7,8,56,60,82,83,90,92,96,99,101,106" /><INIT seed="1,1,1,4,2,66" ten="240,240,270,240" oya="1" hai0="79,18,105,116,51,111,40,47,14,52,71,10,58" hai1="63,53,92,129,110,118,60,131,115,44,7,119,77" hai2="109,1,72,45,100,2,121,130,84,16,25,95,122" hai3="29,61,36,15,89,83,73,80,88,6,99,91,33"/><U37/><E77/><V41/><F72/><W46/><G33/><T70/><D116/><N who="1" m="44587" /><E92/><V74/><F74/><W78/><G29/><T11/><D111/><U76/><E76/><V132/><F109/><W113/><G113/><T93/><D105/><U54/><E110/><V28/><F28/><W22/><G61/><N who="1" m="23626" /><E7/><V124/><F1/><W24/><G24/><T112/><D112/><U8/><E8/><V23/><F2/><W102/><G46/><T12/><D93/><U90/><E90/><V96/><F121/><W32/><G36/><T9/><D79/><U68/><E68/><V117/><F84/><W81/><G32/><T48/><D10/><U31/><E31/><V120/><F117/><W38/><G38/><T20/><D9/><U123/><E115/><V21/><F95/><W114/><G114/><T67/><D67/><U82/><E82/><V126/><F120/><W64/><G64/><T98/><D98/><U86/><E86/><V50/><F96/><W56/><G6/><AGARI ba="1,1" hai="6,11,12,14,18,20,40,47,48,51,52,58,70,71" machi="6" ten="30,7700,0" yaku="7,1,52,2,54,1" doraHai="66" who="0" fromWho="3" sc="240,90,240,0,270,0,240,-80" /><INIT seed="2,0,0,3,1,70" ten="330,240,270,160" oya="2" hai0="104,79,39,128,11,45,134,109,75,55,108,111,14" hai1="120,133,77,31,12,38,100,98,3,78,25,6,80" hai2="73,105,110,10,88,115,86,130,69,127,29,63,59" hai3="131,121,4,13,5,58,50,124,68,42,57,33,7"/><V18/><F115/><W35/><G121/><T90/><D104/><U54/><E3/><V44/><F73/><W51/><G68/><T132/><D128/><U135/><E120/><V118/><F118/><W65/><G131/><T48/><D90/><U1/><E1/><V0/><F130/><W74/><G74/><T30/><D30/><U119/><E119/><V20/><F105/><W82/><G124/><T16/><D39/><U94/><E38/><V129/><F129/><W93/><G82/><AGARI ba="0,0" hai="11,14,16,45,48,55,75,79,82,108,109,111,132,134" machi="82" ten="50,3200,0" yaku="14,1,54,1" doraHai="70" who="0" fromWho="3" sc="330,32,240,0,270,0,160,-32" /><INIT seed="3,0,0,5,1,55" ten="362,240,270,128" oya="3" hai0="132,77,31,51,95,113,121,61,33,135,26,44,38" hai1="74,106,19,58,78,0,65,112,90,56,41,97,108" hai2="84,116,125,99,81,7,101,88,36,70,27,117,71" hai3="130,13,9,119,128,104,134,17,96,39,49,34,4"/><W23/><G39/><T100/><D121/><U129/><E112/><V92/><F36/><W15/><G119/><T25/><D113/><U28/><E0/><V30/><F125/><W43/><G134/><N who="0" m="51243" /><D77/><U47/><E108/><V1/><F1/><W5/><G34/><T3/><D3/><U73/><E28/><V91/><F7/><W37/><G37/><T57/><D38/><U123/><E123/><V94/><F70/><W109/><G109/><T8/><D8/><U80/><E74/><V93/><F71/><W83/><G83/><T24/><D95/><U69/><E129/><V86/><F93/><W124/><G124/><T122/><D100/><U10/><E47/><V14/><F14/><W64/><G64/><N who="0" m="38959" /><D122/><U98/><E41/><AGARI ba="0,0" hai="24,25,26,31,33,41,44,51" m="38959,51243" machi="41" ten="30,2000,0" yaku="20,1,52,1" doraHai="55" who="0" fromWho="1" sc="362,20,240,-20,270,0,128,0" owari="382,48.2,220,-18.0,270,7.0,128,-37.2" /></mjloggm>