<mjloggm ver="2.3"><GO type="225" lobby="0"/><UN n0="%4C%4F%4C%49%54%41" n1="%E3%81%9F%E3%81%8B%E3%80%82" n2="%E3%83%81%E3%83%AF%E3%83%AF%E9%9A%8A%E9%95%B7" n3="%E3%82%B7%E3%83%B3%E5%A4%AA%E6%9C%97" dan="16,16,17,16" rate="2200.97,2122.82,2191.65,2153.68" sx="F,M,M,M"/><TAIKYOKU oya="0"/><INIT seed="0,0,0,2,1,102" ten="250,250,250,250" oya="0" hai0="105,85,75,114,13,30,96,63,58,84,38,110,42" hai1="1,128,94,68,46,97,119,56,121,6,44,34,88" hai2="22,32,9,2,67,21,99,66,124,12,23,7,123" hai3="39,118,116,126,17,77,24,108,41,135,27,103,127"/><T109/><D114/><U134/><E121/><V48/><F123/><W53/><G108/><N who="0" m="41579" /><D75/><U73/><E119/><V65/><F32/><W19/><G77/><T64/><D30/><U79/><E68/><V104/><F124/><W61/><G103/><N who="0" m="62695" /><D13/><U125/><E34/><V43/><F104/><W115/><G53/><T11/><D11/><U111/><E111/><V47/><REACH who="2" step="1"/><F99/><REACH who="2" ten="250,250,240,250" step="2"/><W15/><G126/><T82/><D82/><U71/><E125/><V74/><F74/><W36/><G127/><T5/><D5/><U72/><E73/><V70/><F70/><W14/><G115/><T60/><D60/><U62/><E71/><V93/><F93/><W106/><G61/><T25/><D25/><U20/><E72/><V89/><F89/><W133/><G106/><T80/><D80/><U8/><E88/><V101/><F101/><W10/><G41/><T90/><D90/><U132/><E94/><V51/><F51/><W98/><REACH who="3" step="1"/><G98/><REACH who="3" ten="250,250,240,240" step="2"/><T31/><D42/><U49/><E97/><V91/><F91/><W33/><G33/><T29/><D63/><U52/><E62/><V45/><F45/><W55/><G55/><T117/><D117/><U40/><E46/><V131/><F131/><W35/><G35/><T0/><D84/><U18/><E128/><V76/><F76/><W100/><G100/><T78/><D85/><U130/><E79/><V122/><F122/><W112/><G112/><T129/><D78/><U4/><E130/><V83/><F83/><W57/><G57/><T3/><D129/><U69/><E56/><V120/><F120/><W113/><G113/><RYUUKYOKU ba="0,2" sc="250,-15,250,-15,240,15,240,15" hai2="2,7,9,12,21,22,23,43,47,48,65,66,67" hai3="10,14,15,17,19,24,27,36,39,116,118,133,135" /><INIT seed="1,1,2,5,5,58" ten="235,235,255,255" oya="1" hai0="1,95,134,105,38,41,46,79,16,57,30,125,31" hai1="14,8,104,128,23,72,13,35,9,48,54,27,20" hai2="82,56,117,102,17,6,3,34,121,78,103,18,51" hai3="44,7,71,98,101,119,66,129,28,92,106,109,62"/><U89/><E72/><V59/><F117/><W114/><G119/><T124/><D105/><U43/><E104/><V65/><F121/><W115/><G109/><T12/><D1/><U116/><E116/><V110/><F34/><W107/><G129/><T49/><D134/><U73/><E73/><V83/><F110/><W112/><G7/><T70/><D70/><U36/><E36/><V135/><F135/><W0/><G0/><T84/><D49/><U60/><E128/><V99/><F3/><W61/><G28/><T45/><D45/><N who="1" m="25663" /><E35/><V25/><F6/><W91/><G44/><T75/><D57/><N who="2" m="22090" /><F65/><W53/><G53/><T24/><D75/><U21/><E89/><V87/><F99/><W81/><REACH who="3" step="1"/><G61/><REACH who="3" ten="235,235,255,245" step="2"/><T29/><D29/><N who="1" m="17639" /><E54/><V11/><F17/><W127/><G127/><T88/><D124/><U85/><E60/><V33/><F18/><W118/><G118/><T69/><D125/><U130/><E130/><V26/><F33/><W55/><G55/><T52/><D52/><U123/><E123/><V74/><F25/><W4/><G4/><T80/><D24/><U42/><E42/><V131/><F26/><W68/><G68/><T22/><REACH who="0" step="1"/><D69/><REACH who="0" ten="225,235,255,245" step="2"/><U76/><E14/><V10/><F131/><W39/><G39/><T67/><D67/><U77/><E13/><V40/><F40/><W32/><G32/><T2/><D2/><U47/><E47/><V132/><F132/><W86/><AGARI ba="1,4" hai="62,66,71,81,86,91,92,98,101,106,107,112,114,115" machi="86" ten="40,5200,0" yaku="1,1,0,1,52,1,53,0" doraHai="58" doraHaiUra="120" who="3" fromWho="3" sc="225,-14,235,-27,255,-14,245,95" /><INIT seed="2,0,0,2,2,52" ten="211,208,241,340" oya="2" hai0="38,111,50,3,18,16,127,102,101,5,125,66,30" hai1="120,116,27,90,0,76,6,1,95,124,68,39,128" hai2="115,13,130,61,72,58,82,134,22,129,67,44,86" hai3="11,60,42,119,19,69,74,100,8,112,40,85,48"/><V105/><F72/><W10/><G74/><T135/><D38/><U94/><E39/><V32/><F32/><W104/><G119/><T51/><D111/><U126/><E68/><V31/><F115/><W23/><G112/><T46/><D135/><U56/><E116/><V92/><F105/><W84/><G104/><T41/><D30/><U49/><E120/><V81/><F134/><W121/><G121/><T33/><D33/><U97/><E76/><V26/><F44/><W109/><G100/><N who="0" m="38507" /><D66/><U75/><E75/><V64/><F64/><W93/><G109/><T73/><D50/><U24/><E95/><V20/><F92/><W9/><G9/><N who="0" m="2239" /><D73/><U83/><E128/><N who="2" m="49259" /><F86/><W106/><G106/><T17/><D51/><U21/><E83/><V99/><F99/><W55/><G69/><T36/><D36/><U96/><E97/><V132/><F132/><W117/><G60/><T25/><D46/><U89/><E90/><V29/><F29/><W63/><G63/><T43/><D25/><U88/><E89/><V113/><F113/><W110/><G117/><T37/><D37/><U57/><E24/><V71/><F71/><W98/><G110/><T70/><D70/><U14/><E49/><V28/><F28/><W59/><G85/><T78/><D78/><U53/><E1/><V103/><F103/><N who="3" m="60879" /><G84/><T54/><D54/><U34/><E53/><V77/><F77/><W114/><G114/><T15/><D15/><AGARI ba="0,0" hai="8,10,11,15,19,23,40,42,48,55,59" m="60879" machi="15" ten="30,2000,0" yaku="8,1,52,1" doraHai="52" who="3" fromWho="0" sc="211,-20,208,0,241,0,340,20" /><INIT seed="3,0,0,0,1,50" ten="191,208,241,360" oya="3" hai0="53,63,48,57,39,102,80,0,20,101,33,103,25" hai1="27,71,130,114,118,40,54,43,119,82,67,9,111" hai2="49,31,41,2,100,36,122,4,60,127,89,32,74" hai3="90,72,109,124,128,7,19,126,94,46,29,70,22"/><W28/><G128/><T92/><D39/><U98/><E114/><V68/><F74/><W35/><G70/><T65/><D33/><U131/><E111/><V56/><F122/><W64/><G72/><T107/><D0/><U106/><E82/><V87/><F127/><N who="3" m="48683" /><G7/><T18/><D107/><U95/><E106/><V6/><F2/><W121/><G121/><T10/><D80/><U78/><E78/><V44/><F100/><W88/><G35/><T51/><D10/><U76/><E9/><V45/><F68/><W16/><G64/><T96/><REACH who="0" step="1"/><D51/><REACH who="0" ten="181,208,241,360" step="2"/><U34/><E76/><V47/><F49/><W24/><G109/><T110/><D110/><U135/><E135/><V123/><F32/><W37/><G37/><T105/><D105/><U23/><E34/><V13/><F36/><W85/><G94/><T12/><D12/><U79/><E79/><V99/><F13/><W73/><G22/><T11/><D11/><U55/><E43/><V83/><F41/><W120/><G120/><T108/><D108/><U86/><E40/><V116/><F123/><W115/><G115/><T30/><D30/><N who="1" m="17791" /><E67/><V17/><F31/><W84/><G28/><T52/><D52/><N who="1" m="20011" /><E71/><AGARI ba="0,1" hai="18,20,25,48,53,57,63,65,71,92,96,101,102,103" machi="71" ten="30,3900,0" yaku="1,1,7,1,52,1,53,0" doraHai="50" doraHaiUra="5" who="0" fromWho="1" sc="181,49,208,-39,241,0,360,0" owari="230,-17.0,169,-33.1,241,4.1,360,46.0" /></mjloggm>