<mjloggm ver="2.3"><GO type="225" lobby="0"/><UN n0="%E5%B8%86%E7%AB%8B%E5%A4%8F%E8%A1%A3" n1="%E6%A1%9C%E8%8A%B1%E9%96%83%E3%80%85" n2="%E3%80%93%E3%81%97%E3%83%BC%E3%82%89%E3%80%93" n3="%E7%8B%82%E6%B0%97%E3%81%AE%E7%9E%B3" dan="17,17,17,16" rate="2224.46,2234.02,2137.90,2042.01" sx="M,M,M,F"/><TAIKYOKU oya="0"/><INIT seed="0,0,0,2,3,87" ten="250,250,250,250" oya="0" hai0="28,63,8,55,0,82,90,83,118,29,130,47,101" hai1="113,33,97,99,12,41,77,58,32,38,88,121,18" hai2="105,59,70,44,43,50,54,74,108,56,39,133,35" hai3="57,19,2,15,34,95,128,46,61,91,86,76,89"/><T51/><D118/><U123/><E77/><V71/><F74/><W62/><G2/><T114/><D114/><U126/><E113/><V14/><F105/><W103/><G34/><T109/><D130/><U81/><E126/><V84/><F35/><W31/><G128/><T9/><D101/><U98/><E33/><V48/><F133/><W107/><G31/><N who="0" m="11851" /><D0/><U112/><E32/><V124/><F124/><W93/><G107/><T21/><D109/><U115/><E115/><V52/><F108/><W135/><G135/><T64/><D21/><U20/><E112/><V1/><F1/><W60/><G46/><T111/><D111/><U24/><E24/><V75/><F75/><W96/><G76/><T110/><D110/><U92/><E58/><V68/><F14/><W132/><G132/><T106/><D106/><U94/><E81/><N who="0" m="30729" /><D90/><N who="3" m="34313" /><G93/><T27/><D27/><U53/><E94/><V119/><F84/><W36/><G86/><T85/><D85/><U4/><E98/><V30/><F30/><W72/><G72/><T45/><D47/><U49/><E99/><V117/><AGARI ba="0,0" hai="39,43,44,48,50,52,54,56,59,68,70,71,117,119" machi="117" ten="40,12000,2" yaku="0,1,9,1,34,3,54,1" doraHai="87" who="2" fromWho="2" sc="250,-60,250,-30,250,120,250,-30" /><INIT seed="1,0,0,2,3,88" ten="190,220,370,220" oya="1" hai0="128,33,57,91,114,12,46,25,122,21,126,52,42" hai1="44,67,36,43,29,105,102,79,81,120,39,134,108" hai2="20,49,32,129,17,83,1,6,78,99,107,10,11" hai3="18,56,31,106,135,111,77,58,123,15,118,92,50"/><U131/><E120/><V51/><F32/><W80/><G106/><T0/><D114/><U59/><E131/><V61/><F129/><W119/><G123/><T86/><D0/><U37/><E134/><V34/><F34/><W73/><G135/><T70/><D70/><U26/><E108/><V45/><F10/><N who="3" m="6519" /><G111/><T13/><D126/><U103/><E67/><V116/><F116/><N who="3" m="44587" /><G31/><T23/><D33/><N who="1" m="20663" /><E59/><N who="3" m="22570" /><G50/><N who="0" m="26967" /><D122/><U76/><E76/><V48/><F61/><W5/><G5/><T35/><D35/><U72/><E103/><V100/><F45/><W69/><G69/><T54/><D128/><U133/><E133/><V95/><F107/><W96/><G96/><AGARI ba="0,0" hai="36,37,39,43,44,72,79,81,96,102,105" m="20663" machi="96" ten="30,2900,0" yaku="33,2" doraHai="88" who="1" fromWho="3" sc="190,0,220,29,370,0,220,-29" /><INIT seed="1,1,0,2,2,99" ten="190,249,370,191" oya="1" hai0="91,51,75,21,31,78,80,73,11,106,100,70,103" hai1="76,132,110,43,26,57,25,112,40,97,28,39,124" hai2="3,23,49,13,44,20,63,104,48,72,129,24,35" hai3="120,58,65,33,87,67,17,54,133,109,71,126,117"/><U27/><E112/><V107/><F72/><W36/><G33/><T53/><D70/><U22/><E124/><V74/><F74/><W98/><G126/><T61/><D106/><U130/><E130/><V10/><F3/><W77/><G120/><T46/><D75/><U62/><E132/><V128/><F63/><W82/><G36/><T8/><D91/><U59/><E110/><V134/><F35/><W131/><G109/><T118/><D118/><U119/><E119/><V90/><F90/><W68/><G117/><T88/><D61/><U18/><E76/><V7/><F134/><W86/><G133/><T111/><D111/><U16/><E97/><V14/><F14/><W83/><G131/><N who="2" m="50249" /><F48/><N who="3" m="31047" /><G68/><T89/><D89/><U123/><E123/><V115/><F115/><W19/><G71/><T116/><D116/><U95/><E39/><V93/><F93/><W55/><G55/><T1/><D88/><U113/><E95/><V85/><F85/><N who="3" m="32267" /><G98/><T6/><REACH who="0" step="1"/><D11/><REACH who="0" ten="180,249,370,191" step="2"/><U9/><E9/><N who="2" m="4287" /><F107/><W108/><G108/><T60/><D60/><U0/><E62/><V64/><F10/><W52/><G77/><T69/><D69/><U5/><E113/><V127/><F104/><W2/><G83/><T96/><D96/><U135/><E135/><V41/><F127/><W105/><G82/><T38/><D38/><U81/><E81/><V121/><F121/><W29/><G105/><T47/><D47/><U12/><E59/><V32/><F64/><W15/><G65/><T114/><D114/><U94/><E57/><V37/><F37/><W34/><G67/><T42/><D42/><RYUUKYOKU ba="1,1" sc="180,15,249,-15,370,15,191,-15" hai0="1,6,8,21,31,46,51,53,73,78,80,100,103" hai2="20,23,24,32,41,44,49" /><INIT seed="2,2,1,3,5,9" ten="195,234,385,176" oya="2" hai0="36,30,69,108,127,7,126,45,28,13,90,26,85" hai1="133,78,37,129,132,111,67,59,75,98,77,17,12" hai2="112,15,122,123,23,53,61,86,119,118,41,117,101" hai3="125,3,29,94,44,124,1,89,76,11,18,93,102"/><V81/><F101/><W62/><G76/><T135/><D69/><U131/><E37/><V52/><F41/><W96/><G29/><T91/><D108/><U46/><E46/><V21/><F112/><W116/><G116/><T87/><D135/><N who="1" m="51787" /><E111/><V88/><F61/><W25/><G62/><T0/><D0/><U109/><E109/><V115/><F115/><W6/><G44/><T80/><D45/><U48/><E98/><V43/><F43/><W4/><G25/><T110/><D36/><U34/><E34/><V51/><F53/><W130/><G130/><N who="1" m="49674" /><E75/><V113/><F113/><W50/><G50/><T103/><D103/><U47/><E59/><V49/><F49/><W73/><G73/><T57/><D57/><U71/><E67/><V120/><F51/><W68/><G68/><T65/><D26/><U8/><E71/><V40/><F40/><AGARI ba="2,1" hai="8,12,17,40,47,48,77,78" m="49674,51787" machi="40" ten="30,3900,0" yaku="20,1,19,1,52,1" doraHai="9" who="1" fromWho="2" sc="195,0,234,55,385,-45,176,0" /><INIT seed="3,0,0,2,0,96" ten="195,289,340,176" oya="3" hai0="6,133,10,9,83,21,63,122,20,128,38,103,62" hai1="102,91,0,30,43,104,127,16,71,69,29,59,92" hai2="88,105,7,112,113,11,27,19,97,46,3,125,110" hai3="130,85,66,121,52,67,82,106,39,107,114,13,57"/><W40/><G121/><T61/><D38/><U117/><E0/><V90/><F46/><W25/><G114/><T86/><D122/><U120/><E120/><V65/><F65/><W44/><G130/><T68/><D68/><U81/><E127/><V1/><F110/><W2/><G2/><T18/><D133/><U5/><E5/><V14/><F125/><W108/><G108/><T47/><D47/><U22/><E104/><V73/><F73/><W34/><G66/><T41/><D41/><U31/><E43/><V23/><F1/><W48/><G13/><N who="0" m="5303" /><D103/><U126/><E126/><V109/><F109/><W123/><G123/><T76/><D128/><U55/><E81/><V94/><F105/><W124/><G124/><T131/><D131/><U50/><E102/><V98/><F3/><W49/><G67/><T4/><D4/><U132/><E117/><V119/><F119/><W100/><G39/><T60/><D60/><U80/><E80/><V37/><F37/><W45/><G100/><T32/><D32/><U134/><E134/><V77/><F77/><W54/><G34/><T42/><D42/><U95/><E132/><V75/><F75/><W58/><G25/><T51/><D51/><U78/><E78/><V79/><F79/><W84/><G40/><T87/><D87/><N who="1" m="52351" /><E95/><AGARI ba="0,0" hai="7,11,14,19,23,27,88,90,94,95,97,98,112,113" machi="95" ten="40,2600,0" yaku="9,1,54,1" doraHai="96" who="2" fromWho="1" sc="195,0,289,-26,340,26,176,0" owari="195,-20.5,263,6.3,366,46.6,176,-32.4" /></mjloggm>