<mjloggm ver="2.3"><GO type="225" lobby="0"/><UN n0="%E2%91%A3%E9%81%BF%E9%81%8A%E6%88%AF%E3%80%90%E6%9D%B1%E5%8D%97%E3%80%91" n1="%E5%84%AA%40%41%42%43" n2="%E3%81%82%E3%81%99%E3%81%AB%E3%82%83%E3%82%80" n3="%E3%81%9F%E3%81%8C%E3%82%84%E3%81%99" dan="16,17,16,16" rate="2142.40,2198.60,2024.79,2112.45" sx="M,M,F,M"/><TAIKYOKU oya="0"/><INIT seed="0,0,0,2,2,64" ten="250,250,250,250" oya="0" hai0="59,36,65,22,102,51,6,121,49,13,126,120,15" hai1="2,5,74,125,8,134,73,18,69,101,86,108,25" hai2="132,94,98,47,35,39,72,58,50,11,20,124,91" hai3="44,24,14,19,76,100,131,106,127,107,0,26,128"/><T84/><D36/><U117/><E117/><V62/><F35/><W23/><G0/><T27/><D121/><U109/><E134/><V55/><F132/><W81/><G44/><T122/><D120/><U70/><E125/><V66/><F124/><W89/><G89/><T21/><D122/><U87/><E87/><V67/><F72/><N who="1" m="27753" /><E86/><V45/><F11/><W32/><G127/><T42/><D126/><U116/><E116/><V33/><F33/><W56/><G56/><T133/><D133/><U63/><E63/><V112/><F112/><W4/><G4/><T37/><D37/><U115/><E115/><V129/><F129/><N who="3" m="49739" /><G100/><T95/><D22/><N who="1" m="13527" /><E101/><V123/><F123/><W54/><G54/><N who="0" m="32223" /><D65/><U103/><E103/><V53/><F39/><W1/><G1/><T7/><D42/><U77/><E77/><V85/><F47/><W57/><G57/><T79/><D49/><U78/><E78/><V60/><F60/><W68/><G68/><T105/><D105/><N who="3" m="39945" /><G32/><T38/><D38/><U104/><E104/><V16/><REACH who="2" step="1"/><F85/><AGARI ba="0,0" hai="14,19,23,24,26,76,81,85" m="39945,49739" machi="85" ten="30,1000,0" yaku="19,1" doraHai="64" who="3" fromWho="2" sc="250,0,250,0,250,-10,250,10" /><INIT seed="1,0,0,1,5,120" ten="250,250,240,260" oya="1" hai0="12,78,18,36,55,40,6,22,76,16,121,21,130" hai1="20,122,19,135,85,0,24,56,86,65,46,84,35" hai2="23,83,71,110,15,113,41,52,5,33,124,59,73" hai3="131,127,26,103,8,28,79,115,9,43,112,106,45"/><U1/><E122/><V60/><F33/><W3/><G79/><T48/><D121/><U51/><E135/><V118/><F118/><W27/><G103/><T25/><D130/><U14/><E65/><V108/><F113/><W54/><G106/><T82/><D6/><U96/><E56/><V7/><F124/><W4/><G127/><T87/><D36/><U129/><E129/><V58/><F41/><W102/><G102/><T42/><REACH who="0" step="1"/><D78/><REACH who="0" ten="240,250,240,260" step="2"/><U49/><E0/><V70/><F7/><W90/><G131/><T53/><D53/><U30/><E1/><V67/><F5/><W126/><G126/><T111/><D111/><N who="2" m="42538" /><F73/><W132/><G43/><T32/><D32/><U34/><E35/><V39/><F39/><W92/><G4/><T99/><D99/><U2/><E96/><V72/><F72/><W88/><G3/><T74/><D74/><U66/><E2/><V95/><F83/><W68/><G115/><T29/><D29/><U38/><E38/><V133/><F133/><W119/><G28/><T123/><D123/><U31/><E30/><V44/><F95/><W128/><G92/><T77/><D77/><U107/><E34/><V57/><F44/><AGARI ba="0,1" hai="12,16,18,21,22,25,40,42,44,48,55,76,82,87" machi="44" ten="30,7700,0" yaku="1,1,7,1,8,1,54,1,53,0" doraHai="120" doraHaiUra="109" who="0" fromWho="2" sc="240,87,250,0,240,-77,260,0" /><INIT seed="2,0,0,5,3,100" ten="327,250,163,260" oya="2" hai0="46,82,65,31,50,83,87,15,27,116,66,78,86" hai1="34,63,132,37,67,44,70,33,14,20,59,55,32" hai2="25,128,11,68,126,29,81,53,121,118,125,12,105" hai3="38,114,69,57,117,61,6,106,64,4,41,19,24"/><V35/><F118/><W60/><G38/><T76/><D15/><U98/><E132/><V102/><F68/><W119/><G41/><T5/><D5/><U49/><E98/><N who="2" m="61655" /><F121/><W18/><G114/><T97/><D97/><U104/><E104/><V108/><F128/><W94/><G106/><T51/><D116/><U13/><REACH who="1" step="1"/><E20/><REACH who="1" ten="327,240,163,260" step="2"/><V124/><F108/><W7/><G119/><T75/><D75/><U115/><E115/><V43/><F43/><AGARI ba="0,1" hai="13,14,32,33,34,37,43,44,49,55,59,63,67,70" machi="43" ten="40,12000,2" yaku="1,1,24,2,53,3" doraHai="100" doraHaiUra="28" who="1" fromWho="2" sc="327,0,240,130,163,-120,260,0" /><INIT seed="3,0,0,4,4,9" ten="327,370,43,260" oya="3" hai0="35,81,46,64,15,23,93,43,117,8,106,132,41" hai1="102,12,0,25,112,111,58,20,66,114,62,107,37" hai2="65,130,56,34,118,103,134,79,24,104,135,54,17" hai3="128,88,89,121,120,91,108,3,60,126,36,44,124"/><W68/><G3/><T109/><D106/><U113/><E0/><V6/><F118/><W75/><G75/><T47/><D117/><U21/><E37/><V49/><F130/><W22/><G128/><T53/><D35/><U98/><E111/><V2/><F79/><W83/><G108/><T72/><D109/><U38/><E38/><V31/><F65/><N who="3" m="40999" /><G83/><T99/><D64/><U50/><E12/><V11/><F103/><W67/><G67/><T71/><D71/><U74/><E74/><V70/><F70/><W115/><G115/><T76/><D23/><U97/><E97/><V55/><F104/><W48/><G22/><T131/><D131/><U26/><E50/><V82/><F82/><W90/><N who="3" m="22528" /><DORA hai="40" /><W18/><G18/><T127/><D93/><U123/><E123/><V92/><F92/><W105/><G36/><T94/><D99/><U1/><E1/><V77/><F77/><W57/><G57/><T101/><D94/><U110/><E110/><V13/><F55/><N who="3" m="30087" /><G105/><T45/><D101/><U95/><E107/><V116/><F116/><W52/><G52/><T73/><D53/><U119/><E119/><V122/><F122/><W96/><G96/><T133/><D73/><U86/><E86/><V100/><F100/><W32/><G32/><T27/><D27/><U87/><E87/><V69/><F69/><W7/><G7/><N who="0" m="3487" /><D127/><AGARI ba="0,0" hai="120,121,124,126,127" m="30087,22528,40999" machi="127" ten="40,7700,0" yaku="18,1,52,1,54,1" doraHai="9,40" who="3" fromWho="0" sc="327,-77,370,0,43,0,260,77" /><INIT seed="3,1,0,2,2,79" ten="250,370,43,337" oya="3" hai0="60,22,48,33,119,82,54,21,84,65,31,13,131" hai1="17,80,97,35,53,52,62,37,125,72,134,105,43" hai2="68,23,10,66,24,59,130,56,88,20,121,90,5" hai3="92,9,96,51,3,75,91,0,111,77,116,16,95"/><W63/><G0/><T38/><D119/><U27/><E134/><V64/><F130/><W123/><G116/><T87/><D87/><U107/><E125/><V109/><F68/><W112/><G112/><T32/><D38/><U89/><E37/><V76/><F76/><W94/><G123/><T30/><D33/><U103/><E43/><V120/><F109/><W101/><G111/><T99/><D32/><U25/><E107/><V41/><F41/><W67/><G51/><T117/><D99/><U1/><E1/><V122/><F10/><W132/><G132/><T55/><D131/><U2/><E2/><V73/><F5/><W42/><G42/><T8/><D31/><U19/><E27/><V7/><F7/><W74/><G3/><T40/><D54/><U58/><E53/><V113/><F24/><W110/><G110/><T93/><D93/><U78/><REACH who="1" step="1"/><E89/><REACH who="1" ten="250,360,43,337" step="2"/><V29/><F113/><W118/><G118/><T81/><D117/><U12/><E12/><V133/><F133/><W26/><G91/><N who="2" m="34857" /><F29/><AGARI ba="1,1" hai="17,19,25,29,35,52,58,62,72,78,80,97,103,105" machi="29" ten="40,5200,0" yaku="1,1,52,1,54,1,53,0" doraHai="79" doraHaiUra="124" who="1" fromWho="2" sc="250,0,360,65,43,-55,337,0" owari="250,-15.0,425,52.5,-12,-51.2,337,13.7" /></mjloggm>