<mjloggm ver="2.3"><GO type="225" lobby="0"/><UN n0="%E3%81%BF%E3%82%84%E3%81%93%E3%82%93%EF%BC%91%EF%BC%90%E6%AD%B3" n1="%E9%80%9F%E6%B0%B4%E5%87%9B%E9%A6%99" n2="%E5%B8%86%E7%AB%8B%E5%A4%8F%E8%A1%A3" n3="%72%69%6F%75%63%68%61%6E" dan="16,16,16,16" rate="2052.43,2135.05,2093.02,2204.65" sx="M,F,M,M"/><TAIKYOKU oya="0"/><INIT seed="0,0,0,4,2,38" ten="250,250,250,250" oya="0" hai0="63,40,45,20,117,36,107,26,17,90,9,68,118" hai1="80,51,34,18,87,85,0,133,86,1,109,115,3" hai2="98,44,130,78,57,67,106,4,108,28,96,104,127" hai3="69,103,37,8,35,70,74,113,29,101,105,10,5"/><T23/><D107/><U135/><E34/><V125/><F108/><W31/><G113/><T43/><D9/><N who="3" m="3689" /><G37/><T124/><D124/><N who="2" m="47690" /><F4/><W2/><G5/><T33/><D33/><U122/><E122/><V83/><F28/><N who="3" m="10827" /><G35/><T21/><D21/><U92/><E109/><V14/><F14/><W93/><G105/><N who="2" m="40553" /><F44/><W62/><G93/><T77/><D23/><U19/><E92/><V13/><F13/><W42/><G62/><T48/><D36/><U61/><E61/><N who="2" m="38319" /><F130/><W99/><G99/><T123/><D123/><U102/><E102/><N who="3" m="38922" /><G74/><AGARI ba="0,0" hai="74,78,83,96,98" m="38319,40553,47690" machi="74" ten="30,1000,0" yaku="18,1" doraHai="38" who="2" fromWho="3" sc="250,0,250,0,250,10,250,-10" /><INIT seed="1,0,0,3,0,38" ten="250,250,260,240" oya="1" hai0="50,111,97,75,119,133,78,16,79,84,19,53,120" hai1="33,42,128,54,20,40,117,135,31,44,56,82,60" hai2="27,134,52,108,90,91,26,103,63,59,9,2,123" hai3="86,14,74,89,125,131,67,124,121,114,62,61,73"/><U80/><E117/><V77/><F123/><W41/><G131/><T23/><D119/><U118/><E118/><V83/><F134/><W15/><G114/><T25/><D120/><U28/><E33/><V1/><F108/><W109/><G109/><T64/><D111/><U35/><E35/><V51/><F103/><W110/><G110/><T130/><D133/><U12/><E135/><V88/><F63/><W107/><G107/><T94/><D130/><U17/><E128/><V24/><REACH who="2" step="1"/><F9/><REACH who="2" ten="250,250,250,240" step="2"/><W39/><G61/><T102/><D64/><U10/><E10/><V81/><F81/><N who="1" m="31337" /><E44/><V13/><F13/><N who="3" m="4619" /><G121/><T126/><D75/><AGARI ba="0,1" hai="1,2,24,26,27,51,52,59,75,77,83,88,90,91" machi="75" ten="40,5200,0" yaku="1,1,54,2,53,0" doraHai="38" doraHaiUra="92" who="2" fromWho="0" sc="250,-52,250,0,250,62,240,0" /><INIT seed="2,0,0,3,3,72" ten="198,250,312,240" oya="2" hai0="49,43,75,45,38,50,119,2,124,14,48,9,130" hai1="83,123,78,108,117,3,118,18,134,107,65,47,97" hai2="6,91,101,16,34,77,112,54,39,109,33,100,103" hai3="44,11,4,7,51,1,15,106,71,126,92,94,35"/><V84/><F112/><W105/><G35/><T114/><D114/><U42/><E3/><V122/><F39/><W59/><G71/><T111/><D111/><U61/><E108/><V98/><F109/><W82/><G126/><T90/><D124/><U64/><E134/><V63/><F122/><W46/><G106/><T135/><D135/><U62/><E123/><V58/><F6/><W87/><G105/><T55/><D130/><U121/><E121/><V74/><F74/><W70/><G70/><T86/><D119/><U102/><E18/><V21/><F98/><W31/><G31/><T73/><D2/><U133/><E133/><V116/><F116/><W67/><G4/><T132/><D132/><U104/><E104/><V25/><REACH who="2" step="1"/><F77/><REACH who="2" ten="198,250,302,240" step="2"/><N who="3" m="46543" /><G1/><T22/><D75/><U36/><E118/><V128/><F128/><W0/><G0/><T99/><D73/><U20/><E117/><V19/><F19/><W52/><G67/><T69/><D99/><U89/><E64/><V56/><F56/><W95/><AGARI ba="0,1" hai="7,11,15,44,46,51,52,59,92,94,95" m="46543" machi="95" ten="30,4000,0" yaku="8,1,52,1,54,1" doraHai="72" who="3" fromWho="3" sc="198,-10,250,-10,302,-20,240,50" /><INIT seed="3,0,0,4,5,119" ten="188,240,282,290" oya="3" hai0="87,39,82,76,61,113,114,18,122,15,102,10,96" hai1="127,59,3,66,81,77,44,54,31,104,118,123,65" hai2="101,131,134,45,121,42,105,2,63,21,84,106,16" hai3="62,8,83,13,74,27,90,40,135,107,71,38,48"/><W28/><G38/><T6/><D39/><U75/><E3/><V95/><F2/><W34/><G107/><T109/><D109/><U0/><E0/><V52/><F121/><W57/><G135/><T110/><D110/><U53/><E123/><V20/><F134/><W120/><G120/><T100/><D122/><U86/><E104/><V22/><F131/><W130/><G130/><T85/><D61/><U97/><E127/><V51/><F106/><W132/><G132/><T72/><D18/><U115/><E115/><N who="0" m="44041" /><D102/><U11/><E75/><V78/><F105/><AGARI ba="0,0" hai="6,10,15,72,76,82,85,87,96,100,105" m="44041" machi="105" ten="30,1000,0" yaku="11,1" doraHai="119" who="0" fromWho="2" sc="188,10,240,0,282,-10,290,0" /><INIT seed="4,0,0,2,3,22" ten="198,240,272,290" oya="0" hai0="125,47,86,58,127,82,135,92,21,27,15,81,60" hai1="115,120,97,12,90,70,40,85,116,79,133,94,88" hai2="132,123,43,64,134,106,54,3,31,51,77,71,32" hai3="28,19,25,67,122,128,83,104,39,38,129,121,109"/><T74/><D135/><N who="2" m="51754" /><F3/><W26/><G109/><T6/><D74/><U49/><E70/><V1/><F1/><W105/><G67/><T57/><D47/><N who="1" m="25831" /><E120/><N who="3" m="46186" /><G83/><T33/><D92/><U2/><E2/><V11/><F123/><W80/><G80/><T91/><D82/><N who="1" m="47327" /><E116/><V95/><F106/><N who="3" m="41067" /><G19/><T50/><D50/><U101/><E115/><V113/><F113/><W66/><G25/><T112/><D33/><U78/><E78/><V59/><F77/><W103/><G66/><T36/><D36/><N who="3" m="13865" /><G103/><T56/><D60/><U131/><E133/><V35/><F64/><W24/><G24/><T100/><D100/><U89/><E131/><V117/><F71/><W72/><G72/><T65/><D65/><U29/><E29/><V13/><F31/><W84/><G84/><T69/><D69/><U98/><E98/><V17/><F117/><W0/><G0/><T75/><D75/><U55/><E12/><V44/><F95/><W34/><AGARI ba="0,0" hai="26,28,34,128,129" m="13865,41067,46186" machi="34" ten="40,5200,0" yaku="13,1,23,1,52,1" doraHai="22" who="3" fromWho="3" sc="198,-26,240,-13,272,-13,290,52" owari="172,-32.8,227,-17.3,259,5.9,342,44.2" /></mjloggm>