<mjloggm ver="2.3"><GO type="225" lobby="0"/><UN n0="%E9%80%86%E9%80%A3%E5%B8%AF%E3%81%AE%E9%AC%BC" n1="%E4%BA%95%E5%B8%AF" n2="%E6%B8%A9%E2%98%85%E6%83%85%E2%98%85%E6%8E%AA%E2%98%85%E7%BD%AE" n3="%6D%61%74%69%67%75%73%61" dan="16,16,17,17" rate="2129.82,2062.60,2191.78,2257.86" sx="M,M,M,M"/><TAIKYOKU oya="0"/><INIT seed="0,0,0,1,3,30" ten="250,250,250,250" oya="0" hai0="70,53,82,41,58,21,90,28,135,126,40,101,124" hai1="13,84,87,127,71,9,99,117,57,89,116,24,97" hai2="69,51,17,67,1,44,100,45,43,39,25,3,119" hai3="105,118,81,113,79,2,12,96,54,32,115,98,22"/><T36/><D135/><U111/><E71/><V78/><F119/><W104/><G2/><T31/><D70/><U42/><E111/><V60/><F78/><W33/><G54/><T63/><D101/><U107/><E127/><N who="0" m="48681" /><D36/><U80/><E42/><N who="0" m="16489" /><D21/><U102/><E99/><V129/><F129/><W108/><G22/><T0/><D0/><U92/><E57/><V64/><F100/><W11/><G118/><T26/><D26/><U103/><E24/><V5/><F25/><W85/><G108/><T48/><D48/><U66/><E103/><V14/><F51/><W4/><G98/><T16/><D16/><U122/><E122/><V49/><F1/><W50/><G50/><T8/><D8/><U83/><E117/><V120/><F120/><W72/><G96/><T133/><D133/><U46/><E116/><V73/><F49/><W88/><G105/><T86/><AGARI ba="0,0" hai="28,31,53,58,63,82,86,90" m="16489,48681" machi="86" ten="30,1500,0" yaku="18,1" doraHai="30" who="0" fromWho="0" sc="250,15,250,-5,250,-5,250,-5" /><INIT seed="0,1,0,4,4,47" ten="265,245,245,245" oya="0" hai0="115,57,2,39,96,54,8,52,20,1,4,94,11" hai1="45,73,81,0,124,118,119,110,89,7,19,14,113" hai2="67,40,38,74,88,36,9,48,25,125,15,91,6" hai3="65,103,108,16,46,80,93,100,5,70,49,10,35"/><T17/><D115/><U84/><E110/><V128/><F74/><W131/><G108/><T68/><D68/><U102/><E124/><V126/><F128/><W30/><G131/><T51/><D39/><N who="2" m="14890" /><F67/><W133/><G133/><T71/><D71/><U111/><E113/><V135/><F25/><W116/><G116/><T44/><D1/><U114/><E111/><V37/><F37/><W82/><G30/><T63/><D4/><U97/><E114/><V66/><F66/><W78/><G35/><T76/><D76/><U122/><E73/><V112/><F112/><W127/><G127/><N who="2" m="48649" /><F135/><W132/><G132/><T34/><D2/><U75/><E75/><V107/><F107/><W79/><G65/><T22/><D34/><U64/><E64/><V59/><F40/><W77/><G70/><T86/><D86/><U121/><E119/><V104/><F104/><W129/><G129/><T92/><D92/><U87/><E118/><V23/><F23/><N who="0" m="8746" /><D17/><U99/><E19/><V106/><F106/><W58/><G16/><T29/><D29/><U32/><E87/><V117/><F117/><W12/><G93/><T41/><D41/><U98/><E84/><V123/><F123/><W109/><G109/><T69/><D69/><U21/><E122/><V56/><F56/><W53/><REACH who="3" step="1"/><G46/><REACH who="3" ten="265,245,245,235" step="2"/><T24/><D24/><U50/><E45/><V134/><F134/><W130/><G130/><T3/><D3/><U27/><E0/><V85/><F85/><W83/><AGARI ba="1,1" hai="5,10,12,49,53,58,77,78,79,80,82,83,100,103" machi="83" ten="30,8000,1" yaku="1,1,0,1,8,1,52,1,53,1" doraHai="47" doraHaiUra="55" who="3" fromWho="3" sc="265,-41,245,-21,245,-21,235,93" /><INIT seed="1,0,0,0,2,111" ten="224,224,224,328" oya="1" hai0="59,101,109,16,90,122,71,18,55,50,102,78,105" hai1="12,118,129,73,125,45,94,17,3,54,97,110,115" hai2="81,127,14,60,46,132,26,19,51,7,8,100,0" hai3="128,135,62,53,108,86,67,131,89,107,27,56,1"/><U68/><E118/><V49/><F132/><W34/><G107/><T41/><D109/><U119/><E119/><V31/><F127/><W25/><G108/><T69/><D122/><U95/><E110/><V104/><F60/><W84/><G1/><T48/><D78/><U35/><E68/><V33/><F81/><W61/><G135/><T85/><D71/><U126/><E35/><V123/><F123/><W117/><G117/><T79/><D69/><U37/><E3/><V77/><F77/><W96/><G96/><T83/><D79/><U24/><E73/><V21/><REACH who="2" step="1"/><F46/><REACH who="2" ten="224,224,214,328" step="2"/><W9/><G62/><T40/><D105/><U42/><E45/><V13/><F13/><W91/><G61/><T130/><D130/><U5/><E12/><V121/><F121/><W106/><G131/><T11/><D11/><U2/><E126/><V30/><F30/><W76/><G106/><T75/><D75/><U36/><E125/><V23/><F23/><W28/><G28/><T63/><D63/><U87/><E2/><V99/><AGARI ba="0,1" hai="0,7,8,14,19,21,26,31,33,49,51,99,100,104" machi="99" ten="30,7900,0" yaku="1,1,0,1,24,2,53,0" doraHai="111" doraHaiUra="82" who="2" fromWho="2" sc="224,-20,224,-39,214,89,328,-20" /><INIT seed="2,0,0,5,0,100" ten="204,185,303,308" oya="2" hai0="92,131,22,123,20,1,27,118,85,69,75,101,46" hai1="135,119,72,74,89,77,42,124,105,106,4,84,24" hai2="6,78,109,93,0,47,94,2,52,133,108,110,19" hai3="86,12,43,25,103,132,32,114,65,28,80,79,83"/><V66/><F133/><W5/><G132/><T39/><D75/><U21/><E135/><V126/><F126/><W9/><G114/><T54/><D123/><U130/><E119/><V88/><F78/><W14/><G65/><T26/><D69/><U95/><E124/><V64/><F19/><W35/><G35/><T55/><D1/><N who="2" m="618" /><F6/><W70/><G70/><T56/><D131/><U17/><E4/><V15/><F15/><W16/><G43/><T50/><D118/><U112/><E112/><V61/><F94/><W120/><G120/><T104/><D39/><U97/><E130/><V48/><F61/><W81/><REACH who="3" step="1"/><G103/><REACH who="3" ten="204,185,303,298" step="2"/><T40/><D101/><U71/><E42/><V116/><F116/><W117/><G117/><T31/><D40/><U60/><E71/><V33/><F33/><W34/><G34/><T37/><D37/><U53/><E74/><V91/><F91/><W36/><G36/><T58/><D55/><U76/><E72/><V68/><F68/><W51/><G51/><T73/><D73/><U99/><E76/><V11/><F11/><AGARI ba="0,1" hai="5,9,11,12,14,16,25,28,32,79,80,81,83,86" machi="11" ten="30,7700,0" yaku="1,1,7,1,54,1,53,1" doraHai="100" doraHaiUra="30" who="3" fromWho="2" sc="204,0,185,0,303,-77,298,87" /><INIT seed="3,0,0,5,4,78" ten="204,185,226,385" oya="3" hai0="53,34,24,5,4,54,97,118,79,36,40,47,108" hai1="21,59,87,12,15,92,26,2,95,62,6,57,77" hai2="110,33,72,51,73,75,50,31,70,82,37,100,66" hai3="120,49,44,104,131,39,14,132,115,93,99,35,18"/><W52/><G115/><T98/><D118/><U76/><E2/><V90/><F37/><W0/><G120/><T41/><D108/><U96/><E95/><V32/><F110/><W16/><G0/><T114/><D114/><U17/><E59/><V111/><F111/><W30/><G132/><T22/><D34/><U10/><E15/><V102/><F90/><W101/><G131/><T133/><D133/><U83/><E77/><V56/><F56/><W121/><G121/><T48/><D79/><U74/><E74/><V109/><F109/><W28/><G39/><T130/><D130/><U129/><E129/><V25/><F32/><W86/><G18/><T91/><D54/><N who="1" m="34103" /><E92/><V113/><F113/><W88/><G35/><T126/><D126/><U29/><E96/><V1/><F1/><W3/><G3/><T80/><D98/><U60/><E60/><N who="2" m="40263" /><F73/><W119/><G119/><T7/><D36/><U125/><E125/><V128/><F75/><W45/><G45/><T81/><D97/><U61/><E61/><V65/><F128/><W116/><G116/><T13/><D13/><U64/><E64/><V55/><F65/><W127/><G127/><T105/><D105/><U63/><E63/><V42/><F72/><W85/><G85/><N who="0" m="50599" /><D81/><U71/><E71/><V68/><F82/><W117/><G117/><T94/><D94/><U46/><E46/><N who="2" m="25943" /><F68/><W11/><AGARI ba="0,0" hai="11,14,16,28,30,44,49,52,86,88,93,99,101,104" machi="11" ten="20,12000,1" yaku="0,1,7,1,54,3" doraHai="78" who="3" fromWho="3" sc="204,-40,185,-40,226,-40,385,120" owari="164,-23.6,145,-35.5,186,-1.4,505,60.5" /></mjloggm>