<mjloggm ver="2.3"><GO type="225" lobby="0"/><UN n0="%E5%8D%A0%E3%81%84%E5%B8%AB%E8%A3%8F%E3%81%AA%E3%81%84%E3%81%97" n1="%6D%75%75%6D%75%72%61" n2="%E6%98%93%E5%88%A9%E8%96%A9%E4%BC%AF" n3="%E3%81%86%E3%83%BC%E3%81%B1%E3%83%BC" dan="16,17,16,16" rate="2122.88,2172.26,2079.85,2140.76" sx="M,F,F,F"/><TAIKYOKU oya="0"/><INIT seed="0,0,0,3,1,73" ten="250,250,250,250" oya="0" hai0="49,76,30,54,99,55,28,37,36,96,80,98,33" hai1="17,93,135,85,86,24,78,75,29,97,58,63,18" hai2="51,9,127,128,41,27,87,0,50,46,34,81,64" hai3="3,77,59,90,4,88,125,60,116,7,52,16,100"/><T129/><D129/><U108/><E108/><V25/><F128/><W92/><G116/><T126/><D126/><U31/><E75/><V61/><F34/><W66/><G125/><T118/><D118/><U120/><E120/><V131/><F131/><W115/><G115/><T53/><D49/><U123/><E123/><V121/><F121/><W107/><G107/><T43/><D43/><U6/><E6/><N who="3" m="2090" /><G3/><T21/><D33/><U69/><E69/><V113/><F0/><W109/><G109/><T110/><D110/><U39/><E39/><V8/><F113/><W23/><G77/><T94/><D94/><U67/><E135/><V48/><F127/><W5/><N who="3" m="2098" /><W119/><DORA hai="68" /><G119/><T83/><D21/><U65/><E65/><V70/><F9/><W15/><G66/><T95/><D95/><U111/><E111/><V45/><F8/><W91/><G100/><T40/><D40/><U72/><E72/><V133/><F133/><W19/><G19/><T26/><D26/><U35/><E29/><N who="0" m="11369" /><D76/><U20/><E17/><V132/><F132/><W74/><G74/><T122/><D122/><U32/><E78/><V42/><REACH who="2" step="1"/><F51/><REACH who="2" ten="250,250,240,250" step="2"/><W84/><AGARI ba="0,1" hai="15,16,23,52,59,60,84,88,90,91,92" m="2098" machi="84" ten="30,7900,0" yaku="8,1,54,3" doraHai="73,68" who="3" fromWho="3" sc="250,-39,250,-20,240,-20,250,89" /><INIT seed="1,0,0,1,4,74" ten="211,230,220,339" oya="1" hai0="30,34,93,115,73,96,55,79,40,85,120,105,84" hai1="77,11,58,25,31,106,95,36,101,125,122,92,121" hai2="53,44,117,78,113,27,83,29,18,46,98,48,4" hai3="41,54,135,112,1,111,0,124,61,123,91,17,116"/><U52/><E36/><V14/><F117/><W90/><G123/><T13/><D115/><U69/><E106/><V108/><F108/><W67/><G112/><T28/><D120/><U24/><E69/><V42/><F113/><W118/><G54/><T38/><D105/><U59/><E125/><V126/><F98/><W21/><G111/><T80/><D38/><U103/><E11/><V134/><F134/><W60/><G41/><T128/><D40/><U9/><E9/><V87/><F4/><W12/><G61/><T8/><D128/><U43/><E43/><V75/><F75/><W131/><G135/><T100/><D34/><U76/><E52/><V86/><F86/><W114/><G131/><T99/><D99/><U62/><REACH who="1" step="1"/><E31/><REACH who="1" ten="211,220,220,339" step="2"/><V107/><F107/><W56/><G124/><T110/><D110/><U5/><E5/><V109/><F109/><W82/><G114/><T6/><D30/><U65/><E65/><V64/><F64/><W50/><G50/><T104/><D28/><U32/><E32/><V129/><F129/><W33/><G33/><T119/><D119/><U23/><E23/><V15/><F126/><W45/><G118/><T68/><D68/><U63/><AGARI ba="0,1" hai="24,25,58,59,62,63,76,77,92,95,101,103,121,122" machi="63" ten="25,18000,2" yaku="1,1,0,1,22,2,52,2,53,0" doraHai="74" doraHaiUra="66" who="1" fromWho="1" sc="211,-60,220,190,220,-60,339,-60" /><INIT seed="1,1,0,5,1,12" ten="151,410,160,279" oya="1" hai0="56,65,52,6,20,131,79,47,132,129,40,61,46" hai1="104,53,13,62,16,2,50,135,17,86,85,73,112" hai2="30,42,134,74,82,69,71,75,24,126,76,124,26" hai3="109,97,103,78,90,123,5,66,113,105,111,1,98"/><U31/><E112/><V87/><F134/><W36/><G113/><T41/><D132/><U94/><E73/><V77/><F42/><N who="0" m="16490" /><D6/><U27/><E104/><V88/><F76/><W39/><G123/><T67/><D20/><N who="1" m="15847" /><E2/><V120/><F26/><W64/><G78/><T54/><D79/><U35/><E35/><V100/><F100/><W133/><G133/><T80/><D80/><U118/><E135/><V33/><F120/><W11/><G90/><T106/><D106/><U3/><E3/><V84/><F84/><N who="1" m="32361" /><E118/><V45/><F45/><N who="0" m="16906" /><D54/><U81/><E13/><V110/><F110/><N who="3" m="41995" /><G98/><T101/><D101/><U59/><E81/><V14/><F14/><W34/><G34/><T95/><D95/><U8/><E8/><V44/><F44/><W18/><G97/><T70/><D70/><U0/><E0/><V130/><F75/><W96/><G96/><T72/><D72/><U43/><E43/><V117/><F117/><W21/><G103/><T68/><D68/><U63/><E94/><N who="2" m="54559" /><F71/><W25/><G105/><T89/><D89/><U7/><E7/><V102/><F102/><W32/><G32/><T121/><D121/><U108/><E108/><V29/><F69/><W83/><G83/><T93/><D93/><U28/><E28/><V58/><F30/><W119/><G119/><T60/><D60/><AGARI ba="1,0" hai="16,17,50,53,59,60,62,63" m="32361,15847" machi="60" ten="30,11600,0" yaku="8,1,52,2,54,1" doraHai="12" who="1" fromWho="0" sc="151,-119,410,119,160,0,279,0" /><INIT seed="1,2,0,3,5,11" ten="32,529,160,279" oya="1" hai0="121,60,46,132,100,65,20,89,61,131,48,57,129" hai1="50,105,59,126,37,124,95,44,127,9,7,51,83" hai2="39,66,69,109,70,108,133,110,67,79,85,18,42" hai3="87,55,106,128,73,16,24,38,6,56,47,130,8"/><U32/><E105/><V123/><F79/><W84/><G73/><T88/><D100/><U21/><E32/><V58/><F85/><W35/><G106/><T90/><D132/><U30/><E37/><V117/><F18/><W27/><G47/><T77/><D77/><U62/><E83/><V122/><F117/><W68/><G38/><T28/><D121/><N who="2" m="46090" /><F133/><W120/><G68/><N who="2" m="26217" /><F58/><W78/><G27/><T15/><D60/><U92/><E30/><V103/><F103/><W49/><G120/><T12/><D28/><U115/><E115/><V97/><F97/><W3/><G78/><T33/><D33/><U63/><E63/><V101/><F101/><W53/><G35/><T64/><D64/><U2/><E21/><V99/><F99/><W111/><G84/><T14/><REACH who="0" step="1"/><D20/><REACH who="0" ten="22,529,160,279" step="2"/><U72/><E62/><V52/><F67/><W91/><G91/><T116/><D116/><U125/><E125/><V93/><F66/><W104/><G104/><T29/><D29/><U94/><E124/><V102/><F102/><W119/><G119/><T26/><D26/><U19/><E126/><V10/><F109/><W71/><G111/><T76/><D76/><U112/><E127/><V31/><F31/><W13/><G24/><T135/><D135/><U114/><E114/><V81/><F110/><W36/><G128/><T54/><AGARI ba="2,1" hai="12,14,15,46,48,54,57,61,65,88,89,90,129,131" machi="54" ten="40,12000,2" yaku="1,1,0,1,52,3,54,1,53,0" doraHai="11" doraHaiUra="80" who="0" fromWho="0" sc="22,136,529,-62,160,-32,279,-32" /><INIT seed="2,0,0,0,5,46" ten="158,467,128,247" oya="2" hai0="40,74,65,125,48,114,12,70,28,116,33,120,128" hai1="1,61,18,54,88,57,30,13,6,55,80,81,4" hai2="71,53,69,16,83,123,99,47,131,106,26,2,11" hai3="8,64,45,15,63,100,117,94,66,101,60,68,132"/><V90/><F123/><W111/><G117/><T108/><RYUUKYOKU type="yao9" ba="0,0" sc="158,0,467,0,128,0,247,0" hai0="12,28,33,40,48,65,70,74,108,114,116,120,125,128" /><INIT seed="2,1,0,4,0,11" ten="158,467,128,247" oya="2" hai0="21,10,28,73,24,85,97,27,94,124,31,57,17" hai1="101,100,91,130,79,98,8,20,53,37,23,4,47" hai2="131,9,18,70,1,112,75,30,36,25,16,118,109" hai3="110,56,133,119,120,90,99,67,106,103,48,69,117"/><V102/><F112/><W68/><G120/><T65/><D73/><U88/><E79/><V7/><F70/><W62/><G110/><T54/><D124/><U51/><E37/><V125/><F36/><W41/><G133/><T63/><D85/><U71/><E71/><V96/><F118/><W84/><G69/><T66/><D10/><U29/><E130/><V33/><F75/><W76/><G76/><T135/><D135/><U89/><E29/><N who="0" m="11337" /><D24/><U86/><E86/><V95/><F125/><W128/><G128/><T113/><D113/><U134/><E134/><V81/><F131/><W104/><G106/><T52/><D54/><U74/><E74/><V105/><F81/><W114/><G114/><T12/><D27/><U80/><E80/><V111/><REACH who="2" step="1"/><F105/><REACH who="2" ten="158,467,118,247" step="2"/><W32/><G68/><T35/><D35/><U14/><REACH who="1" step="1"/><E101/><AGARI ba="1,1" hai="12,17,21,52,57,63,65,66,94,97,101" m="11337" machi="101" ten="30,3900,0" yaku="8,1,52,1,54,1" doraHai="11" who="0" fromWho="1" sc="158,52,467,-42,118,0,247,0" /><INIT seed="3,0,0,3,1,18" ten="210,425,118,247" oya="3" hai0="4,99,37,130,89,59,112,68,129,54,82,84,87" hai1="94,14,15,56,61,101,114,134,39,60,32,97,103" hai2="73,93,19,43,20,96,120,125,92,72,104,90,25" hai3="3,1,9,121,131,58,70,12,91,100,127,116,33"/><W135/><G121/><T107/><D68/><U45/><E114/><V109/><F120/><W11/><G70/><T78/><D112/><U62/><E32/><V113/><F113/><W67/><G33/><T26/><D37/><U41/><E134/><V79/><F109/><W128/><G100/><N who="0" m="62879" /><D4/><U69/><E69/><V50/><F125/><W81/><G127/><T47/><D26/><U123/><E123/><V31/><F104/><W83/><G135/><T108/><D47/><U76/><E101/><V77/><F73/><W10/><G12/><T133/><D133/><U52/><E76/><V21/><F72/><W49/><G116/><T7/><D7/><U64/><E64/><V110/><F110/><W55/><G67/><T74/><D108/><U111/><E111/><V38/><F38/><W88/><G3/><T115/><D115/><U119/><E119/><V102/><F50/><W36/><G1/><T6/><D6/><U85/><E85/><V30/><F43/><W124/><G36/><T23/><D87/><U63/><AGARI ba="0,0" hai="14,15,39,41,45,52,56,60,61,62,63,94,97,103" machi="63" ten="30,2000,0" yaku="0,1,54,1" doraHai="18" who="1" fromWho="1" sc="210,-5,425,20,118,-5,247,-10" owari="205,-19.5,445,54.5,113,-38.7,237,3.7" /></mjloggm>