<mjloggm ver="2.3"><GO type="225" lobby="0"/><UN n0="%E6%A1%9C%E8%8A%B1%E9%96%83%E3%80%85" n1="%E3%81%B2%E3%81%AA%E3%81%AE%E3%82%8A%E3%81%8F" n2="%E3%83%A9%E3%83%BC%E3%83%A1%E3%83%B3%E4%BA%94%E9%83%8E" n3="%E5%AE%AE%E4%BF%9D%E9%B6%8F%E8%82%89" dan="18,17,16,16" rate="2259.36,2181.80,2094.55,2139.78" sx="M,M,M,M"/><TAIKYOKU oya="0"/><INIT seed="0,0,0,0,4,2" ten="250,250,250,250" oya="0" hai0="134,90,66,61,64,94,133,7,35,121,45,1,91" hai1="87,18,113,80,81,118,112,116,82,96,59,51,95" hai2="5,83,54,124,55,129,65,84,93,10,25,36,21" hai3="71,104,6,60,12,23,117,102,86,24,85,126,78"/><T101/><D121/><U16/><E87/><V38/><F124/><W130/><G117/><N who="1" m="45162" /><E59/><V127/><F127/><W125/><G130/><T13/><D1/><U72/><E51/><V28/><F129/><W15/><G104/><T97/><D35/><U69/><E69/><V75/><F65/><N who="0" m="25194" /><D61/><U41/><E41/><V57/><F93/><W109/><G102/><T47/><D134/><U49/><E49/><V77/><F75/><W119/><G119/><T32/><D32/><U50/><E50/><V67/><F67/><W88/><G71/><T108/><D108/><U31/><E31/><V100/><F100/><W128/><G60/><T122/><D122/><U74/><E95/><V44/><F44/><N who="0" m="16970" /><D133/><U3/><E96/><V11/><F54/><W131/><G109/><T20/><D20/><U9/><E9/><AGARI ba="0,0" hai="7,9,13,90,91,94,97,101" m="16970,25194" machi="9" ten="30,2900,0" yaku="8,1,52,1" doraHai="2" who="0" fromWho="1" sc="250,29,250,-29,250,0,250,0" /><INIT seed="0,1,0,3,3,18" ten="279,221,250,250" oya="0" hai0="95,98,111,71,82,28,90,69,44,78,35,16,6" hai1="126,127,107,5,1,14,43,101,11,130,88,84,132" hai2="60,29,121,42,73,76,118,54,75,97,59,135,104" hai3="45,85,58,93,50,68,17,109,3,105,47,123,55"/><T30/><D6/><U94/><E132/><V114/><F121/><W40/><G105/><T99/><D111/><U15/><E43/><V10/><F114/><W53/><G68/><T56/><D44/><U24/><E130/><V120/><F120/><W8/><G109/><T9/><D98/><N who="1" m="61879" /><E24/><V65/><F135/><W81/><G123/><T91/><D91/><U77/><E77/><V64/><F118/><W129/><G129/><T122/><D122/><U46/><E46/><V7/><F42/><W102/><G3/><T131/><D131/><U67/><E67/><V52/><F29/><W128/><G128/><T115/><D115/><U36/><E36/><V103/><F65/><W2/><G2/><T12/><D56/><U61/><E61/><V51/><F76/><W33/><G33/><T89/><D89/><U38/><E38/><V48/><F48/><W57/><G102/><T116/><D116/><U62/><E62/><V134/><F134/><W31/><G31/><T74/><REACH who="0" step="1"/><D30/><REACH who="0" ten="269,221,250,250" step="2"/><U22/><E5/><V106/><F7/><W21/><G57/><T79/><D79/><U41/><E1/><V72/><F59/><W96/><G47/><T66/><D66/><U70/><E41/><V63/><F54/><W23/><G55/><T100/><D100/><U86/><E70/><V25/><F64/><W39/><G96/><T34/><D34/><U119/><E119/><V125/><F97/><W124/><G39/><T113/><D113/><U37/><E37/><V112/><F103/><W0/><G40/><T20/><D20/><U13/><E22/><V27/><F112/><RYUUKYOKU ba="1,1" sc="269,30,221,-10,250,-10,250,-10" hai0="9,12,16,28,35,69,71,74,78,82,90,95,99" /><INIT seed="0,2,1,4,0,25" ten="299,211,240,240" oya="0" hai0="129,18,71,0,95,126,15,35,75,110,134,53,89" hai1="42,37,128,30,6,46,13,116,51,40,94,93,66" hai2="124,36,48,109,7,121,41,27,67,84,68,96,72" hai3="92,12,57,49,83,52,105,91,76,58,132,97,104"/><T114/><RYUUKYOKU type="yao9" ba="2,1" sc="299,0,211,0,240,0,240,0" hai0="0,15,18,35,53,71,75,89,95,110,114,126,129,134" /><INIT seed="0,3,1,5,3,102" ten="299,211,240,240" oya="0" hai0="93,18,35,108,83,120,78,24,57,66,27,76,130" hai1="89,123,4,77,48,30,22,112,119,3,85,7,106" hai2="44,116,45,52,46,127,58,129,95,2,56,49,94" hai3="100,131,72,88,65,73,6,41,60,75,135,91,133"/><T50/><D120/><U25/><E123/><V9/><F129/><W71/><G131/><T125/><D130/><U11/><E119/><V113/><F113/><W28/><G6/><T92/><D125/><U124/><E124/><V53/><F127/><W111/><G111/><T36/><D36/><U19/><E112/><V47/><F116/><W42/><G28/><T90/><D92/><U82/><E106/><V33/><N who="2" m="11264" /><DORA hai="37" /><V21/><F33/><W117/><G100/><T55/><D108/><U34/><E48/><N who="2" m="30727" /><F2/><W20/><G20/><T109/><D109/><U96/><E7/><V32/><F32/><W8/><G8/><T39/><D66/><U81/><E96/><V69/><F69/><W17/><G17/><T62/><D62/><U103/><E103/><V99/><F21/><W0/><G0/><T79/><D35/><U64/><E64/><V104/><F104/><W43/><G117/><T26/><D39/><U84/><REACH who="1" step="1"/><E34/><REACH who="1" ten="299,201,240,240" step="2"/><V114/><F114/><W16/><REACH who="3" step="1"/><G16/><AGARI ba="3,2" hai="3,4,11,16,19,22,25,30,77,81,82,84,85,89" machi="16" ten="40,5200,0" yaku="1,1,2,1,54,1,53,0" doraHai="102,37" doraHaiUra="110,61" who="1" fromWho="3" sc="299,0,201,81,240,0,240,-61" /><INIT seed="1,0,0,1,4,40" ten="299,282,240,179" oya="1" hai0="2,57,115,17,109,85,110,97,133,51,26,30,117" hai1="59,101,124,62,120,12,84,125,47,123,135,76,118" hai2="34,108,37,116,72,13,53,79,111,56,44,54,91" hai3="50,3,105,113,58,10,49,71,1,80,81,89,112"/><U18/><E118/><V45/><F116/><W21/><G21/><T73/><D117/><U99/><E135/><V66/><F34/><W119/><G119/><T23/><D73/><U130/><E130/><V128/><F128/><W25/><G58/><T36/><D36/><U86/><E120/><V126/><F126/><N who="1" m="48745" /><E76/><V61/><F91/><W14/><G89/><T38/><D38/><U102/><E47/><N who="2" m="17995" /><F37/><W46/><G46/><T127/><D115/><U70/><E70/><V20/><F79/><W41/><G14/><T9/><D133/><U129/><E123/><V32/><F32/><W65/><G10/><T83/><D97/><U42/><E42/><V48/><F48/><W64/><G41/><T90/><D127/><U16/><E129/><V68/><F72/><W8/><G8/><T95/><D2/><U55/><E102/><V29/><F68/><W121/><G71/><T106/><D106/><N who="1" m="63807" /><E18/><N who="2" m="10319" /><F29/><W6/><G121/><T132/><D132/><U103/><E103/><V19/><F19/><W69/><G69/><T43/><D43/><U27/><E27/><V107/><F107/><W52/><G105/><T0/><D30/><U134/><E134/><V74/><F74/><W92/><G25/><T88/><D0/><U15/><E15/><V4/><F4/><W114/><G114/><T39/><D39/><U31/><E31/><V7/><F7/><W82/><G6/><T11/><D26/><U94/><E12/><V131/><F131/><W63/><G1/><T28/><D28/><U93/><E16/><V122/><F122/><W77/><G3/><T98/><D17/><RYUUKYOKU ba="0,0" sc="299,-15,282,15,240,15,179,-15" hai1="55,59,62,84,86,93,94" hai2="53,54,56,61,66,108,111" /><INIT seed="1,1,0,3,3,30" ten="284,297,255,164" oya="1" hai0="82,92,85,2,63,103,43,40,32,22,130,28,56" hai1="8,71,97,23,44,135,98,47,128,113,110,104,55" hai2="15,20,117,100,83,46,51,34,124,123,121,69,57" hai3="59,53,19,24,61,3,42,127,118,36,90,133,60"/><U25/><E113/><V33/><F117/><W10/><G118/><T11/><D130/><U91/><E71/><V26/><F69/><W49/><G133/><T88/><D32/><U31/><E128/><V39/><F124/><W116/><G127/><T65/><D2/><U58/><E104/><V14/><F100/><W81/><G116/><T107/><D11/><U131/><E131/><V108/><F39/><W77/><G90/><T16/><D28/><U50/><E135/><V99/><F99/><N who="1" m="37897" /><E110/><V9/><F57/><W87/><G24/><N who="0" m="14407" /><D107/><U115/><E115/><V64/><F108/><W37/><G19/><T27/><D27/><U21/><E21/><V84/><F64/><W112/><G112/><T4/><D4/><U86/><E8/><V45/><F9/><W126/><G126/><T54/><D65/><U0/><E0/><V41/><F121/><W72/><G87/><N who="0" m="52255" /><D103/><U70/><E70/><V119/><F123/><W102/><G102/><T134/><D134/><U129/><E129/><V35/><F119/><W96/><G96/><T125/><D125/><U132/><E132/><V62/><F20/><W89/><G37/><T75/><D75/><U18/><E31/><V80/><F33/><W13/><G89/><AGARI ba="1,0" hai="40,43,54,56,63,82,85,89" m="52255,14407" machi="89" ten="30,3900,0" yaku="8,1,54,2" doraHai="30" who="0" fromWho="3" sc="284,42,297,0,255,0,164,-42" /><INIT seed="2,0,0,3,3,91" ten="326,297,255,122" oya="2" hai0="1,90,77,87,85,134,52,133,10,15,63,84,129" hai1="2,89,21,100,95,26,98,121,105,132,56,38,39" hai2="79,20,125,14,78,71,76,122,99,66,128,43,117" hai3="93,45,57,118,108,41,135,19,69,50,11,109,126"/><V35/><F117/><W16/><G118/><T120/><D120/><U96/><E2/><V54/><F122/><W29/><G69/><T4/><D129/><U70/><E70/><V44/><F128/><W82/><G135/><N who="0" m="51723" /><D77/><U37/><E132/><V114/><F114/><W60/><G126/><T72/><D72/><U119/><E119/><V7/><F35/><W75/><G29/><T80/><D1/><U55/><E121/><V12/><F125/><W42/><G41/><T74/><D74/><U106/><E106/><V46/><F54/><W47/><G45/><T58/><AGARI ba="0,0" hai="4,10,15,52,58,63,80,84,85,87,90" m="51723" machi="58" ten="30,2000,0" yaku="20,1,54,1" doraHai="91" who="0" fromWho="0" sc="326,20,297,-5,255,-10,122,-5" /><INIT seed="3,0,0,4,4,55" ten="346,292,245,117" oya="3" hai0="73,131,66,69,107,58,82,63,103,33,89,129,126" hai1="13,2,133,118,5,91,61,127,100,110,30,70,14" hai2="68,112,59,9,86,39,130,93,113,57,15,51,6" hai3="84,80,54,46,125,53,45,87,28,50,11,20,124"/><W60/><G11/><T56/><D33/><U47/><E30/><V92/><F39/><W17/><G28/><T132/><D132/><U102/><E110/><V116/><F116/><W43/><G60/><T12/><D126/><U22/><E2/><V42/><F68/><W81/><G50/><T85/><D73/><U27/><E127/><V111/><F111/><W119/><G17/><T134/><D134/><U90/><E47/><N who="2" m="26103" /><F130/><N who="0" m="49674" /><D12/><U35/><E35/><V25/><F113/><W65/><G43/><T104/><D103/><U94/><E70/><V78/><F25/><W122/><G65/><T41/><D41/><U7/><E27/><V105/><F105/><AGARI ba="0,0" hai="56,58,63,66,69,82,85,89,104,105,107" m="49674" machi="105" ten="30,3900,0" yaku="19,1,52,2" doraHai="55" who="0" fromWho="2" sc="346,39,292,0,245,-39,117,0" owari="385,48.5,292,9.2,206,-19.4,117,-38.3" /></mjloggm>