<mjloggm ver="2.3"><GO type="225" lobby="0"/><UN n0="%E6%A0%B9%E5%85%83%E3%81%8B%E3%82%89%E5%90%B9%E3%81%A3%E9%A3%9B%E3%81%B6" n1="%6D%75%75%6D%75%72%61" n2="%E7%89%B9%E6%9D%B1%E3%81%AF%E4%B8%96%E7%95%8C%E3%82%92%E6%95%91%E3%81%86" n3="%72%69%6F%75%63%68%61%6E" dan="16,17,16,17" rate="2182.06,2213.33,2160.66,2251.37" sx="F,F,M,M"/><TAIKYOKU oya="0"/><INIT seed="0,0,0,2,3,43" ten="250,250,250,250" oya="0" hai0="9,40,75,78,127,84,122,115,124,45,34,68,20" hai1="44,15,87,55,112,90,66,100,29,69,5,59,10" hai2="50,116,129,97,30,76,53,22,52,93,102,99,120" hai3="48,135,89,130,46,24,58,74,77,19,132,88,82"/><T91/><D115/><U108/><E112/><V39/><F39/><W101/><G130/><T109/><D34/><U1/><E108/><V60/><F120/><W56/><G101/><T96/><D68/><U121/><E121/><V28/><F129/><W111/><G111/><T0/><D122/><U113/><E113/><V31/><F116/><W119/><G119/><T6/><D96/><U134/><E134/><N who="3" m="51242" /><G24/><T98/><D98/><U85/><E100/><V13/><F76/><W61/><G19/><T70/><D70/><U133/><E133/><V37/><F37/><W83/><G83/><N who="0" m="45535" /><D20/><U71/><E29/><V72/><F72/><W18/><G18/><T57/><D57/><N who="3" m="22121" /><G61/><T16/><D16/><U51/><E71/><V92/><F60/><W7/><G7/><T86/><D109/><U104/><E69/><V63/><F63/><W12/><G12/><T94/><D94/><U8/><E104/><V79/><F79/><W103/><G103/><T73/><D73/><U41/><E66/><V35/><F35/><W105/><G105/><T114/><D91/><U107/><E90/><N who="2" m="55447" /><F50/><W123/><G123/><T81/><D81/><U80/><E107/><V64/><F64/><W27/><G27/><T67/><D67/><U49/><REACH who="1" step="1"/><E80/><REACH who="1" ten="250,240,250,250" step="2"/><V106/><F106/><W3/><G3/><N who="0" m="223" /><D114/><U42/><E42/><AGARI ba="0,1" hai="42,46,48,74,77,82,88,89" m="22121,51242" machi="42" ten="30,3900,0" yaku="20,1,52,1,54,1" doraHai="43" who="3" fromWho="1" sc="250,0,240,-39,250,0,250,49" /><INIT seed="1,0,0,4,4,120" ten="250,201,250,299" oya="1" hai0="63,64,33,46,14,81,12,50,38,76,89,3,60" hai1="82,18,118,70,10,23,128,91,101,35,61,26,121" hai2="99,113,17,19,6,58,132,41,59,129,95,8,106" hai3="53,93,56,125,117,133,119,83,13,5,112,115,126"/><U40/><E118/><N who="3" m="45066" /><G93/><T48/><D33/><U42/><E121/><V84/><F106/><W4/><G83/><T7/><D89/><U27/><E128/><V73/><F73/><W22/><G133/><T52/><D38/><U75/><E101/><V122/><F122/><W65/><G65/><T90/><D90/><U15/><E35/><V66/><F129/><W96/><G96/><T111/><D48/><U21/><E70/><V71/><F132/><W45/><G45/><T114/><D114/><N who="3" m="43561" /><G22/><T32/><D32/><U47/><E61/><V44/><F84/><W67/><G67/><T108/><D63/><U102/><E102/><V31/><F66/><W54/><G13/><T29/><D14/><U55/><E75/><V131/><F71/><W79/><G79/><T43/><D12/><U24/><E55/><N who="3" m="21002" /><G56/><N who="0" m="36871" /><D81/><U69/><E69/><V124/><F44/><W127/><AGARI ba="0,0" hai="4,5,125,126,127" m="21002,43561,45066" machi="127" ten="40,8000,1" yaku="28,2,18,1,12,1" doraHai="120" who="3" fromWho="3" sc="250,-20,201,-40,250,-20,299,80" /><INIT seed="2,0,0,1,3,67" ten="230,161,230,379" oya="2" hai0="111,93,79,51,52,120,82,35,131,102,107,44,128" hai1="45,32,7,27,15,37,55,17,87,80,84,135,16" hai2="130,125,83,103,49,73,65,23,57,96,88,14,124" hai3="1,133,21,89,71,26,66,39,116,30,22,70,3"/><V86/><F73/><W8/><G116/><T20/><D120/><U132/><E7/><V2/><F2/><W42/><G66/><T13/><D111/><U129/><E129/><N who="0" m="49737" /><D35/><U77/><E87/><V115/><F130/><W95/><G133/><T69/><D107/><U72/><E72/><V99/><F115/><W31/><G39/><T59/><D93/><U114/><E114/><V119/><F119/><W24/><G42/><T34/><D34/><U18/><E15/><V92/><F99/><W106/><G106/><T25/><D13/><U38/><E55/><V36/><F36/><W19/><G19/><N who="0" m="12447" /><D102/><U91/><E91/><V97/><F97/><W85/><G1/><T104/><D104/><U109/><E109/><V12/><F23/><W123/><G123/><T40/><D69/><U46/><E38/><V9/><F49/><W90/><REACH who="3" step="1"/><G89/><REACH who="3" ten="230,161,230,369" step="2"/><T62/><D40/><U6/><E37/><V64/><F64/><W11/><G11/><T117/><D117/><U63/><E6/><AGARI ba="0,1" hai="3,6,8,21,22,24,26,30,31,70,71,85,90,95" machi="6" ten="40,8000,1" yaku="1,1,9,1,52,2,53,0" doraHai="67" doraHaiUra="94" who="3" fromWho="1" sc="230,0,161,-80,230,0,369,90" /><INIT seed="3,0,0,3,5,85" ten="230,81,230,459" oya="3" hai0="42,79,128,104,116,54,47,118,81,28,46,25,1" hai1="111,11,131,115,59,55,80,67,92,130,70,5,18" hai2="33,119,44,38,108,87,0,27,63,86,83,19,39" hai3="35,22,26,112,100,73,66,29,43,77,60,96,48"/><W64/><G112/><T40/><D54/><U53/><E115/><V23/><F119/><W99/><G35/><T76/><D1/><U2/><E111/><V20/><F33/><W68/><G64/><T90/><D104/><U93/><E70/><V75/><F75/><W114/><G114/><T14/><D14/><U122/><E122/><V95/><F0/><W134/><G134/><T4/><D4/><U121/><E121/><V82/><F108/><W107/><G96/><T49/><D128/><U78/><E67/><V71/><F95/><W117/><G117/><T126/><D126/><U21/><E130/><V113/><F113/><W125/><G125/><T34/><D90/><U127/><E127/><V31/><F44/><W16/><G73/><T129/><D79/><U124/><E124/><V132/><F132/><W32/><G77/><T56/><D56/><U17/><E131/><V123/><F123/><W91/><G91/><T12/><D12/><U103/><E103/><V52/><F87/><W98/><G98/><T7/><D7/><U84/><E53/><V8/><F8/><W36/><G36/><T133/><D133/><U106/><E106/><V97/><F97/><W101/><G101/><T62/><D62/><U58/><E58/><N who="2" m="35271" /><F71/><W50/><G43/><T15/><D15/><AGARI ba="0,0" hai="15,16,22,26,29,32,48,50,60,66,68,99,100,107" machi="15" ten="30,11600,0" yaku="7,1,25,2,54,1" doraHai="85" who="3" fromWho="0" sc="230,-116,81,0,230,0,459,116" owari="114,-28.6,81,-41.9,230,3.0,575,67.5" /></mjloggm>