<mjloggm ver="2.3"><GO type="225" lobby="0"/><UN n0="%E5%8F%AF%E5%85%90%E9%82%A3%E7%94%B1%E5%A4%9A" n1="%E8%B6%85%E7%B4%9A%E9%B3%B3%E5%87%B0" n2="%68%6F%72%69%30%39%30%31" n3="%6C%61%6D%62" dan="17,16,16,16" rate="2189.34,2112.69,2169.73,2134.96" sx="F,M,M,M"/><TAIKYOKU oya="0"/><INIT seed="0,0,0,5,0,69" ten="250,250,250,250" oya="0" hai0="115,63,24,42,33,34,101,102,88,50,19,29,15" hai1="119,108,78,17,116,105,72,114,131,37,107,135,93" hai2="87,134,67,81,13,106,6,98,132,58,60,75,4" hai3="16,84,14,38,41,46,80,2,22,85,128,111,126"/><T120/><D115/><U133/><E114/><V95/><F75/><W52/><G111/><T36/><D120/><U91/><E37/><V39/><F106/><N who="1" m="40457" /><E17/><V130/><F130/><W99/><G128/><T74/><D34/><U43/><E43/><V96/><F39/><W49/><G126/><T9/><D74/><U12/><E12/><V127/><F127/><W121/><G121/><T10/><D50/><U21/><E21/><V73/><F73/><W56/><G2/><T103/><D63/><U125/><E131/><V55/><F95/><W90/><G99/><N who="2" m="37929" /><F13/><W109/><G85/><T35/><D35/><U51/><E51/><V27/><F27/><W30/><G30/><T57/><D57/><U68/><E68/><V61/><F61/><W89/><G109/><T32/><D32/><U26/><E26/><V71/><F71/><W82/><G90/><T45/><REACH who="0" step="1"/><D88/><REACH who="0" ten="240,250,250,250" step="2"/><U97/><E108/><V65/><F132/><N who="1" m="50761" /><E125/><V20/><F134/><W7/><G7/><N who="2" m="2601" /><F20/><AGARI ba="0,1" hai="9,10,15,19,20,24,29,33,36,42,45,101,102,103" machi="20" ten="40,3900,0" yaku="1,1,52,1,53,0" doraHai="69" doraHaiUra="76" who="0" fromWho="2" sc="240,49,250,0,250,-39,250,0" /><INIT seed="0,1,0,0,3,72" ten="289,250,211,250" oya="0" hai0="45,70,50,103,2,29,129,7,58,78,5,91,37" hai1="66,44,86,40,12,43,77,61,90,135,83,64,94" hai2="38,79,114,36,93,14,102,119,18,71,6,1,99" hai3="87,51,62,9,24,13,97,106,132,69,81,30,128"/><T55/><D70/><U111/><E111/><V60/><F119/><W49/><G128/><T96/><D129/><U101/><E135/><V20/><F114/><W54/><G132/><T112/><D112/><U124/><E124/><V35/><F35/><W68/><G106/><T123/><D123/><U84/><E101/><V65/><F1/><W33/><G97/><T41/><D91/><U57/><E66/><V21/><F6/><W108/><G62/><T127/><D127/><U28/><E28/><V133/><F133/><W34/><G34/><T17/><D29/><U48/><REACH who="1" step="1"/><E12/><REACH who="1" ten="289,240,211,250" step="2"/><V74/><REACH who="2" step="1"/><F21/><REACH who="2" ten="289,240,201,250" step="2"/><W11/><G33/><T89/><D2/><U104/><E104/><V117/><F117/><W122/><G122/><T125/><D125/><U131/><E131/><V8/><F8/><W95/><G11/><T56/><D5/><U3/><E3/><V0/><F0/><W130/><G130/><T121/><D7/><U110/><E110/><V63/><F63/><W52/><G9/><T92/><D121/><U100/><E100/><V76/><F76/><W32/><G108/><T80/><D103/><U15/><E15/><V31/><F31/><W16/><G13/><T107/><D107/><U85/><E85/><V73/><F73/><W47/><G30/><T39/><D17/><U126/><E126/><V27/><F27/><W10/><G32/><T46/><D78/><U23/><E23/><V113/><F113/><W115/><G115/><T19/><D19/><U116/><E116/><V75/><F75/><W98/><G16/><T134/><D134/><U59/><E59/><RYUUKYOKU ba="1,2" sc="289,-15,240,15,201,15,250,-15" hai1="40,43,44,48,57,61,64,77,83,84,86,90,94" hai2="14,18,20,36,38,60,65,71,74,79,93,99,102" /><INIT seed="1,2,2,5,2,78" ten="274,255,216,235" oya="1" hai0="43,116,121,114,8,14,88,36,102,62,125,126,111" hai1="60,27,44,20,35,119,4,73,65,63,90,112,71" hai2="110,49,89,59,131,41,56,82,46,69,120,25,87" hai3="134,132,118,38,96,16,9,75,104,95,26,76,97"/><U98/><E112/><V84/><F120/><W39/><G104/><T72/><D114/><U92/><E119/><V80/><F69/><W85/><G75/><T45/><D116/><U122/><E122/><V70/><F110/><W61/><G118/><T40/><D121/><U23/><E73/><V106/><F131/><W109/><G109/><T17/><D111/><U0/><E44/><V37/><F70/><W47/><G61/><T22/><D72/><U24/><E60/><V127/><F106/><W51/><G85/><T81/><D102/><U124/><E124/><N who="0" m="47721" /><D43/><U18/><E35/><V32/><F37/><W79/><G39/><T5/><D62/><U33/><E33/><V48/><F48/><W52/><G96/><T66/><D66/><U103/><E103/><V53/><F41/><W15/><G26/><N who="0" m="14671" /><D88/><U117/><E117/><V107/><F107/><W3/><G38/><T91/><D91/><U64/><E64/><V135/><F127/><W12/><G3/><T101/><D101/><U133/><E133/><N who="3" m="51306" /><G12/><T94/><D94/><U7/><REACH who="1" step="1"/><E0/><REACH who="1" ten="274,245,216,235" step="2"/><V29/><F135/><W42/><G42/><T68/><D68/><U128/><E128/><V13/><F13/><W83/><G15/><T67/><D67/><U130/><E130/><V74/><F74/><W10/><G52/><T113/><D113/><U105/><E105/><V50/><REACH who="2" step="1"/><F50/><REACH who="2" ten="274,245,206,235" step="2"/><W77/><G51/><T123/><D123/><U129/><E129/><V86/><F86/><W108/><G108/><T58/><D58/><U28/><AGARI ba="2,4" hai="4,7,18,20,23,24,27,28,63,65,71,90,92,98" machi="28" ten="20,3900,0" yaku="1,1,0,1,7,1,53,0" doraHai="78" doraHaiUra="6" who="1" fromWho="1" sc="274,-15,245,85,206,-15,235,-15" /><INIT seed="1,3,0,5,3,93" ten="259,330,191,220" oya="1" hai0="20,64,15,12,7,115,16,35,81,129,18,10,104" hai1="23,90,24,1,5,114,80,92,55,58,29,51,128" hai2="135,113,45,76,111,77,0,36,38,63,98,48,27" hai3="2,52,130,8,56,37,95,121,42,34,103,112,88"/><U60/><E114/><V106/><F0/><W86/><G112/><T133/><D115/><U91/><E128/><V94/><F113/><W6/><G121/><T3/><D104/><U119/><E119/><V50/><F106/><W131/><G34/><T118/><D64/><U125/><E125/><V78/><F111/><W73/><G73/><T57/><D57/><U4/><E1/><V117/><F117/><W53/><G103/><T107/><D107/><U67/><E80/><V47/><F135/><W82/><G82/><T14/><D118/><U59/><REACH who="1" step="1"/><E90/><REACH who="1" ten="259,320,191,220" step="2"/><V39/><F76/><W40/><G130/><T9/><D129/><U75/><E75/><V22/><F77/><W108/><G131/><T54/><D81/><U28/><E28/><V43/><F78/><W71/><G108/><T89/><D89/><U96/><AGARI ba="3,1" hai="4,5,23,24,29,51,55,58,59,60,67,91,92,96" machi="96" ten="20,18000,2" yaku="1,1,0,1,7,1,8,1,52,1,53,1" doraHai="93" doraHaiUra="61" who="1" fromWho="1" sc="259,-63,320,199,191,-63,220,-63" /><INIT seed="1,4,0,5,0,34" ten="196,519,128,157" oya="1" hai0="82,99,87,63,28,80,97,21,42,107,54,59,3" hai1="105,10,103,14,49,134,114,60,24,20,116,7,57" hai2="91,130,12,52,8,122,94,76,115,70,132,29,13" hai3="11,5,33,120,126,101,44,128,96,4,47,90,98"/><U71/><E114/><V46/><F70/><W133/><G120/><T113/><D113/><U23/><E116/><V111/><F122/><W95/><G33/><T39/><D3/><U92/><E134/><V35/><F76/><W127/><G133/><T1/><D1/><U135/><E135/><V73/><F115/><W69/><G69/><T81/><D39/><U112/><E112/><V15/><F73/><W2/><G5/><T61/><D42/><U27/><E71/><V121/><F121/><W75/><G75/><T72/><D72/><U16/><E105/><V84/><F130/><W79/><G79/><T37/><D37/><U30/><E49/><N who="2" m="28727" /><F35/><W50/><G128/><T109/><D109/><U62/><REACH who="1" step="1"/><E57/><REACH who="1" ten="196,509,128,157" step="2"/><V78/><F132/><W86/><G50/><T64/><D107/><U9/><E9/><V26/><F111/><W66/><G11/><T67/><D59/><U31/><E31/><V48/><F48/><W45/><G126/><T65/><D28/><U117/><E117/><V56/><F56/><W89/><G127/><T131/><D131/><U118/><E118/><V123/><F123/><W85/><G45/><T119/><D119/><U51/><E51/><V17/><F29/><W38/><G44/><T40/><D40/><U88/><E88/><V41/><F41/><W6/><G89/><T125/><D125/><U77/><E77/><V104/><F104/><W83/><G47/><T0/><D63/><U100/><E100/><V108/><F108/><W129/><G129/><T106/><D61/><U25/><E25/><V124/><F124/><W19/><G38/><RYUUKYOKU ba="4,1" sc="196,-10,509,30,128,-10,157,-10" hai1="7,10,14,16,20,23,24,27,30,60,62,92,103" /><INIT seed="1,5,1,4,4,88" ten="186,539,118,147" oya="1" hai0="96,24,128,135,38,130,100,46,116,35,9,132,134" hai1="91,95,115,34,86,111,74,118,57,53,117,26,56" hai2="6,119,13,19,106,109,4,39,8,60,7,40,93" hai3="61,20,51,58,131,54,110,11,83,49,18,62,121"/><U16/><E115/><V21/><F106/><W72/><G121/><T50/><D116/><U27/><E74/><V66/><F119/><W48/><G110/><T15/><D38/><U30/><E111/><V120/><F120/><W47/><G131/><T94/><D24/><U97/><E86/><V22/><F109/><W59/><G11/><T68/><D68/><U52/><E57/><V37/><F37/><W84/><G72/><T103/><D103/><U75/><E75/><V79/><F79/><W44/><G20/><T5/><REACH who="0" step="1"/><D35/><REACH who="0" ten="176,539,118,147" step="2"/><U28/><E53/><AGARI ba="5,2" hai="5,9,15,46,50,53,94,96,100,128,130,132,134,135" machi="53" ten="40,8000,1" yaku="1,1,2,1,20,1,52,1,53,0" doraHai="88" doraHaiUra="31" who="0" fromWho="1" sc="176,115,539,-95,118,0,147,0" /><INIT seed="2,0,0,0,3,106" ten="291,444,118,147" oya="2" hai0="52,115,32,30,114,5,113,31,76,8,100,69,102" hai1="89,10,123,22,54,47,3,15,72,19,70,90,92" hai2="82,2,116,79,107,59,109,25,108,1,68,97,62" hai3="112,9,120,87,7,105,27,24,84,64,65,124,34"/><V36/><F116/><W118/><G105/><T131/><D69/><U119/><E119/><V134/><F36/><W67/><G118/><T26/><D131/><U83/><E70/><V14/><F68/><W126/><G120/><T56/><D31/><U0/><E123/><V135/><F25/><N who="3" m="9803" /><G34/><T99/><D76/><U40/><E54/><V93/><F107/><W111/><G111/><N who="2" m="42569" /><F14/><N who="3" m="5439" /><G112/><T63/><REACH who="0" step="1"/><D99/><REACH who="0" ten="281,444,118,147" step="2"/><U28/><E72/><N who="2" m="43367" /><F134/><W81/><G81/><T60/><D60/><U20/><E83/><V110/><N who="2" m="42577" /><V77/><DORA hai="74" /><F77/><W17/><G126/><T129/><D129/><U98/><E28/><V12/><F135/><W21/><G124/><T11/><D11/><U37/><E10/><V122/><F122/><W44/><G44/><T35/><D35/><U38/><E47/><V75/><F75/><W51/><G51/><T128/><D128/><U29/><E98/><V57/><F62/><W50/><G50/><T41/><D41/><U46/><E40/><V101/><F12/><AGARI ba="0,1" hai="12,17,21,64,65,67,84,87" m="5439,9803" machi="12" ten="30,1000,0" yaku="8,1" doraHai="106,74" who="3" fromWho="2" sc="281,0,444,0,118,-10,147,20" /><AGARI ba="0,0" hai="5,8,12,26,30,32,52,56,63,100,102,113,114,115" machi="12" ten="40,2600,0" yaku="1,1,54,1,53,0" doraHai="106,74" doraHaiUra="45,66" who="0" fromWho="2" sc="281,26,444,0,108,-26,167,0" /><INIT seed="3,0,0,3,2,84" ten="307,444,82,167" oya="3" hai0="35,29,67,41,133,96,71,109,87,95,39,112,93" hai1="33,44,126,73,0,77,64,65,94,129,120,49,54" hai2="4,40,76,43,13,90,6,26,111,62,86,119,101" hai3="110,118,134,81,48,38,80,22,56,12,8,10,115"/><W27/><G115/><T92/><D112/><U57/><E120/><V127/><F119/><W66/><G38/><T69/><D109/><U2/><E33/><V130/><F111/><W55/><G110/><T103/><D133/><U114/><E114/><V7/><F127/><W5/><G118/><T30/><D30/><U68/><E126/><V36/><F130/><W79/><G134/><T42/><D71/><U1/><E129/><V132/><F132/><W11/><G66/><T107/><D39/><U97/><E68/><V128/><F128/><W72/><G80/><T122/><D122/><U59/><E73/><V100/><F36/><W135/><G135/><T14/><D14/><U99/><E77/><V125/><F125/><W98/><G98/><T15/><D15/><U51/><E97/><V105/><F62/><W53/><G53/><T20/><D20/><U91/><REACH who="1" step="1"/><E59/><REACH who="1" ten="307,434,82,167" step="2"/><V106/><F76/><W60/><G56/><T50/><D50/><U124/><E124/><V19/><F105/><W47/><G60/><T131/><D131/><U24/><E24/><V16/><F106/><W28/><AGARI ba="0,1" hai="5,8,10,11,12,22,27,28,47,48,55,72,79,81" machi="28" ten="20,2100,0" yaku="0,1,7,1" doraHai="84" who="3" fromWho="3" sc="307,-7,434,-7,82,-7,167,31" /><INIT seed="3,1,0,0,0,131" ten="300,427,75,198" oya="3" hai0="82,34,7,18,115,56,16,55,74,60,134,10,130" hai1="106,11,96,27,42,23,40,26,109,93,8,13,59" hai2="47,57,1,20,107,63,38,125,121,25,29,48,49" hai3="22,66,98,14,31,24,37,126,35,92,116,113,85"/><W6/><G113/><T111/><D34/><U41/><E109/><V80/><F107/><W102/><G116/><T12/><D111/><U94/><E106/><V46/><F1/><W105/><G37/><T73/><D130/><U70/><E70/><V97/><F121/><W9/><G126/><T62/><D115/><U77/><E77/><V119/><F119/><W3/><G66/><T118/><D118/><U0/><E0/><V117/><F117/><W64/><G64/><T30/><D30/><U67/><E23/><V72/><F125/><W36/><G36/><T32/><D32/><U39/><E39/><V78/><F38/><W17/><G85/><T33/><D33/><U75/><E75/><V89/><F48/><W53/><G53/><T52/><D134/><U91/><E93/><AGARI ba="1,0" hai="3,6,9,14,17,22,24,31,35,92,93,98,102,105" machi="93" ten="40,3900,0" yaku="24,2" doraHai="131" who="3" fromWho="1" sc="300,0,427,-42,75,0,198,42" /><INIT seed="3,2,0,0,3,106" ten="300,385,75,240" oya="3" hai0="43,95,48,36,80,51,127,59,71,39,81,100,98" hai1="11,94,4,12,70,61,119,62,55,30,56,123,1" hai2="72,27,16,35,104,121,120,0,18,116,105,14,87" hai3="53,54,113,84,126,103,67,90,37,29,3,34,49"/><W2/><G113/><T134/><D71/><U83/><E123/><N who="2" m="47179" /><F0/><W114/><G114/><T23/><D134/><U129/><E129/><V40/><F40/><W93/><G126/><T73/><D127/><U21/><E119/><V112/><F112/><W97/><G37/><T33/><D33/><U41/><E41/><V91/><F35/><W22/><G34/><T57/><D43/><U75/><E94/><N who="2" m="54655" /><F27/><W122/><G122/><T24/><D36/><U8/><E70/><V38/><F16/><W96/><G96/><T110/><D110/><U26/><E62/><V6/><F18/><W25/><G67/><T15/><D15/><U74/><E83/><N who="0" m="31817" /><D73/><U99/><E99/><V77/><F14/><W44/><G54/><T31/><D39/><U47/><E47/><V118/><F6/><AGARI ba="2,0" hai="1,4,6,8,11,12,21,26,30,55,56,61,74,75" machi="6" ten="30,3900,0" yaku="7,1,52,2" doraHai="106" who="1" fromWho="2" sc="300,0,385,45,75,-45,240,0" owari="300,10.0,430,53.0,30,-47.0,240,-16.0" /></mjloggm>