<mjloggm ver="2.3"><GO type="225" lobby="0"/><UN n0="%E5%B0%8F%E9%B3%A5%E9%81%8A%E7%B7%B4%E7%84%A1%32%31%E6%AD%B3" n1="%4C%4F%4C%49%54%41" n2="%63%68%78%62%64" n3="%72%61%6B%33" dan="16,16,16,16" rate="2150.95,2170.78,2168.53,2061.26" sx="F,F,M,M"/><TAIKYOKU oya="0"/><INIT seed="0,0,0,5,0,51" ten="250,250,250,250" oya="0" hai0="50,6,100,122,99,110,3,27,65,29,104,49,101" hai1="30,21,108,119,5,48,56,131,128,115,40,83,97" hai2="74,103,98,71,2,116,85,4,111,90,54,9,72" hai3="106,31,130,46,92,129,39,117,62,52,73,55,120"/><T124/><D122/><U20/><E119/><V25/><F116/><W78/><G117/><T58/><D124/><U77/><E108/><V75/><F71/><W109/><G120/><T114/><D100/><U34/><E115/><V7/><F111/><W94/><G109/><T70/><D114/><U44/><E5/><V91/><F7/><W35/><G106/><T80/><D80/><U1/><E1/><V28/><F54/><N who="3" m="20523" /><G62/><N who="0" m="40247" /><D58/><U67/><E97/><V38/><F85/><W23/><G35/><N who="0" m="20927" /><D110/><U53/><E67/><V11/><F38/><W135/><G135/><T13/><D3/><U45/><E34/><V95/><F11/><AGARI ba="0,0" hai="6,11,13,49,50,99,101,104" m="20927,40247" machi="11" ten="30,1500,0" yaku="25,1" doraHai="51" who="0" fromWho="2" sc="250,15,250,0,250,-15,250,0" /><INIT seed="0,1,0,5,5,107" ten="265,250,235,250" oya="0" hai0="5,20,37,58,19,100,21,25,63,7,52,15,98" hai1="122,22,115,85,70,45,133,76,72,17,84,62,108" hai2="128,49,29,31,8,10,74,79,117,67,106,132,14" hai3="59,26,39,23,99,86,111,6,129,89,94,53,80"/><T120/><D37/><U78/><E122/><V24/><F106/><W36/><G111/><T4/><D120/><U60/><E108/><V27/><F132/><W110/><G129/><T82/><D82/><U38/><E133/><V91/><F128/><W41/><G6/><T134/><D134/><U46/><E115/><V135/><F135/><W1/><G1/><T88/><D100/><U104/><E104/><V28/><F117/><W131/><G41/><T71/><D71/><U42/><E46/><V127/><F127/><W118/><G118/><T35/><D35/><U126/><E126/><V65/><F91/><W95/><G110/><T97/><REACH who="0" step="1"/><D88/><REACH who="0" ten="255,250,235,250" step="2"/><U87/><E70/><V75/><F79/><W90/><G80/><T55/><D55/><U92/><E76/><V34/><F34/><W114/><G131/><T105/><D105/><U96/><E78/><V3/><F3/><W119/><G119/><T73/><D73/><U40/><E72/><N who="2" m="27691" /><F49/><W50/><REACH who="3" step="1"/><G114/><REACH who="3" ten="255,250,235,240" step="2"/><T81/><D81/><U12/><E42/><V57/><F67/><W9/><G9/><T56/><D56/><U103/><AGARI ba="1,2" hai="12,17,22,38,40,45,60,62,84,85,87,92,96,103" machi="103" ten="30,1100,0" yaku="0,1" doraHai="107" who="1" fromWho="1" sc="255,-6,250,34,235,-4,240,-4" /><INIT seed="1,0,0,3,1,39" ten="249,284,231,236" oya="1" hai0="121,114,18,42,30,83,89,36,19,58,124,2,117" hai1="40,24,12,99,90,95,96,41,38,9,129,108,62" hai2="27,102,50,78,80,10,8,4,22,32,128,71,92" hai3="116,52,110,46,55,33,115,5,0,91,112,88,126"/><U15/><E38/><V125/><F71/><W72/><G33/><T134/><D30/><U59/><E129/><V29/><F128/><W57/><G72/><T56/><D2/><U7/><E108/><V53/><F125/><W1/><G110/><T54/><D117/><U132/><E132/><V63/><F63/><W44/><G57/><T85/><D114/><U66/><E24/><V31/><F92/><W107/><G5/><T101/><D124/><U34/><E34/><V14/><F102/><W74/><G74/><T17/><D101/><U25/><E25/><V23/><F10/><W35/><G35/><T49/><D134/><U45/><E45/><V16/><F31/><W68/><G126/><T20/><D121/><U105/><E105/><V47/><REACH who="2" step="1"/><F4/><REACH who="2" ten="249,284,221,236" step="2"/><W43/><G68/><T67/><D67/><U119/><E119/><V103/><F103/><W48/><G116/><T65/><D65/><U113/><E113/><V81/><F81/><W51/><G107/><T131/><D131/><U109/><E109/><V111/><F111/><W79/><G79/><T127/><D127/><U64/><E66/><V77/><F77/><W11/><G11/><T123/><D123/><U133/><E133/><V13/><F13/><W120/><G120/><T135/><D135/><U82/><E82/><V87/><AGARI ba="0,1" hai="8,14,16,22,23,27,29,32,47,50,53,78,80,87" machi="87" ten="20,5200,0" yaku="1,1,0,1,7,1,54,1,53,0" doraHai="39" doraHaiUra="94" who="2" fromWho="2" sc="249,-13,284,-26,221,62,236,-13" /><INIT seed="2,0,0,4,0,37" ten="236,258,283,223" oya="2" hai0="64,35,34,81,60,86,92,25,88,133,132,39,9" hai1="125,99,26,0,50,6,51,105,23,118,113,5,102" hai2="19,66,38,3,82,32,107,54,72,101,127,135,14" hai3="41,76,124,20,75,61,42,120,58,13,77,69,89"/><V106/><F135/><N who="0" m="51786" /><D39/><U121/><E113/><V8/><F127/><W93/><G124/><T62/><D9/><U123/><E125/><V21/><F32/><N who="0" m="12330" /><D25/><U45/><E118/><V28/><F66/><W71/><G120/><N who="1" m="46154" /><E0/><V1/><F38/><W22/><G69/><N who="0" m="42119" /><D62/><U85/><E85/><V53/><F8/><W70/><G71/><T94/><AGARI ba="0,0" hai="81,86,88,92,94" m="42119,12330,51786" machi="94" ten="40,2700,0" yaku="20,1,54,1" doraHai="37" who="0" fromWho="0" sc="236,27,258,-7,283,-13,223,-7" /><INIT seed="3,0,0,0,0,122" ten="263,251,270,216" oya="3" hai0="1,28,10,84,41,31,73,9,35,57,53,65,114" hai1="95,88,30,91,81,60,100,37,18,97,123,126,42" hai2="11,80,117,67,105,5,87,66,38,50,109,104,54" hai3="82,7,14,25,15,64,110,79,74,76,19,40,94"/><W103/><G79/><T58/><D73/><U59/><E123/><V107/><F38/><W48/><G64/><T29/><D35/><U49/><E126/><V22/><F109/><W125/><G125/><T101/><D41/><U92/><E37/><V23/><F66/><W113/><G113/><T39/><D39/><U69/><E69/><V102/><F67/><W4/><G25/><T124/><D124/><U6/><E6/><V78/><F102/><W132/><G132/><T83/><D101/><U99/><E30/><V133/><F133/><W21/><G110/><T2/><D114/><U134/><E134/><V13/><REACH who="2" step="1"/><F117/><REACH who="2" ten="263,251,260,216" step="2"/><W106/><G106/><T135/><D135/><U89/><E100/><V46/><AGARI ba="0,1" hai="5,11,13,22,23,46,50,54,78,80,87,104,105,107" machi="46" ten="30,7900,0" yaku="1,1,2,1,0,1,53,1" doraHai="122" doraHaiUra="75" who="2" fromWho="2" sc="263,-20,251,-20,260,89,216,-39" owari="243,4.3,231,-16.9,349,44.9,177,-32.3" /></mjloggm>