<mjloggm ver="2.3"><GO type="225" lobby="0"/><UN n0="%45%6C%79%73%69%75%6D" n1="%E6%9A%87%E4%BA%BA%EF%BC%A0%E9%85%8D%E4%BF%A1%E5%9E%A2" n2="%E7%99%BD%E6%97%A5%E9%9B%AA%E8%8F%9C" n3="%E5%A4%8F%E9%88%B4%E9%88%B4%E5%A4%8F" dan="17,17,16,16" rate="2112.39,2196.63,2153.37,2126.11" sx="F,M,M,M"/><TAIKYOKU oya="0"/><INIT seed="0,0,0,0,1,122" ten="250,250,250,250" oya="0" hai0="16,1,47,133,8,102,15,24,28,107,89,71,5" hai1="55,62,119,31,53,51,112,91,129,135,42,126,134" hai2="19,6,22,49,32,60,63,113,118,57,95,115,11" hai3="18,96,85,80,36,43,94,106,121,74,99,77,120"/><T81/><D133/><N who="1" m="50699" /><E91/><V84/><F32/><W13/><G43/><T88/><D71/><U37/><E31/><V9/><F118/><W124/><G36/><T132/><D132/><U78/><E78/><V111/><F49/><W12/><G12/><T64/><D64/><U67/><E119/><V72/><F72/><W117/><G117/><T104/><D47/><N who="1" m="24015" /><E126/><V27/><F63/><W116/><G116/><T76/><D104/><U87/><E87/><V39/><F39/><W82/><G124/><T123/><D123/><N who="3" m="47177" /><G106/><T23/><D102/><U125/><E125/><V75/><F75/><W86/><G13/><T45/><D45/><N who="1" m="27887" /><E129/><V65/><F9/><W105/><G18/><T56/><D107/><U58/><E112/><V54/><F115/><W130/><G130/><T10/><REACH who="0" step="1"/><D56/><REACH who="0" ten="240,250,250,250" step="2"/><U100/><E100/><V66/><F113/><W127/><G127/><T4/><D4/><U33/><E33/><V29/><F57/><W103/><G82/><T131/><D131/><U108/><E108/><V97/><F111/><W48/><G105/><T59/><D59/><U90/><E90/><V41/><F6/><W25/><G103/><T26/><D26/><U44/><E44/><V38/><F27/><W20/><G25/><T83/><D83/><U101/><E101/><V14/><F95/><W68/><G94/><T17/><D17/><U92/><E92/><V35/><F19/><W40/><G80/><T30/><D30/><U110/><E110/><V69/><F29/><W93/><G93/><T7/><D7/><U73/><E67/><V2/><F66/><W109/><G109/><RYUUKYOKU ba="0,1" sc="240,15,250,15,250,-15,250,-15" hai0="1,5,8,10,15,16,23,24,28,76,81,88,89" hai1="55,58,62,73" /><INIT seed="0,1,1,3,5,121" ten="255,265,235,235" oya="0" hai0="118,11,98,99,21,4,2,8,56,10,33,100,6" hai1="110,49,58,74,24,18,117,97,67,135,30,12,41" hai2="71,31,14,61,85,44,38,25,109,125,35,52,87" hai3="42,104,62,83,0,131,40,89,28,23,66,15,45"/><T129/><D118/><U107/><E117/><V119/><F125/><W124/><G0/><T69/><D69/><U114/><E74/><V22/><F119/><W91/><G104/><T113/><D113/><U80/><E114/><V70/><F109/><W111/><G124/><T36/><D33/><U51/><E80/><V13/><F71/><W88/><G131/><T93/><D129/><U63/><E135/><V72/><F72/><W48/><G111/><T27/><D36/><U95/><E107/><V5/><F35/><W115/><G115/><T20/><D56/><U112/><E110/><V79/><F79/><W43/><G83/><T19/><D2/><U133/><E41/><V46/><F38/><W77/><G77/><T60/><D60/><U116/><E116/><V78/><F78/><W57/><REACH who="3" step="1"/><G15/><REACH who="3" ten="255,265,235,225" step="2"/><T65/><D65/><U123/><E112/><V3/><F14/><W102/><G102/><T84/><D100/><U105/><E105/><V9/><F3/><W128/><G128/><T106/><D106/><U134/><E134/><V92/><F92/><W130/><G130/><T55/><D93/><U103/><E133/><V122/><F122/><W132/><G132/><T127/><D127/><U94/><E94/><V16/><F13/><W59/><G59/><T7/><D27/><AGARI ba="1,2" hai="23,27,28,40,42,43,45,48,57,62,66,88,89,91" machi="27" ten="40,8000,1" yaku="1,1,8,1,54,1,53,1" doraHai="121" doraHaiUra="47" who="3" fromWho="0" sc="255,-83,265,0,235,0,225,103" /><INIT seed="1,0,0,0,3,31" ten="172,265,235,328" oya="1" hai0="64,27,53,134,132,73,119,4,122,96,127,101,89" hai1="131,46,57,7,91,111,34,81,36,107,99,45,11" hai2="50,60,135,84,106,90,17,104,116,28,103,124,69" hai3="68,29,42,2,51,80,43,66,117,39,97,44,75"/><U115/><E115/><V10/><F116/><W102/><G117/><T47/><D119/><U40/><E131/><V63/><F124/><W77/><G2/><T67/><D127/><U22/><E22/><V41/><F135/><N who="0" m="51754" /><D73/><U6/><E34/><V92/><F28/><W18/><G29/><T88/><D122/><U3/><E111/><V71/><F41/><W8/><G66/><N who="0" m="25131" /><D4/><U16/><E6/><V128/><F128/><W78/><G78/><T109/><D109/><U23/><E57/><V79/><F79/><W120/><G120/><T110/><D110/><U54/><E107/><V94/><F106/><W26/><G68/><T74/><D74/><U87/><E99/><V93/><F104/><W24/><G42/><T86/><D86/><U65/><E65/><V56/><F71/><W49/><G24/><T85/><D85/><U5/><E5/><V118/><F118/><W100/><G100/><T33/><D53/><U108/><E108/><V20/><F103/><W95/><G26/><T37/><D47/><U0/><E0/><V55/><F69/><W19/><G19/><T48/><D48/><N who="3" m="18505" /><G18/><T62/><D62/><N who="2" m="23594" /><F10/><W13/><G8/><T32/><D37/><U82/><E46/><V125/><F125/><W72/><G72/><T113/><D113/><U133/><E133/><V114/><F114/><W105/><G105/><N who="0" m="63655" /><D27/><AGARI ba="0,0" hai="17,20,27,50,55,56,84,90,92,93,94" m="23594" machi="27" ten="30,1000,0" yaku="8,1" doraHai="31" who="2" fromWho="0" sc="172,-10,265,0,235,10,328,0" /><INIT seed="2,0,0,2,3,92" ten="162,265,245,328" oya="2" hai0="51,39,95,5,100,2,89,18,41,66,40,135,81" hai1="45,90,83,86,28,73,42,35,33,19,58,121,46" hai2="31,67,118,82,126,11,55,49,125,15,78,27,64" hai3="62,37,108,48,43,106,47,131,105,44,8,85,69"/><V71/><F118/><W38/><G108/><T94/><D135/><U113/><E113/><V101/><F101/><W9/><G131/><T119/><D119/><U123/><E73/><V98/><F98/><W74/><G74/><T129/><D39/><U61/><E19/><V50/><F71/><W29/><G29/><T107/><D129/><U0/><E0/><V93/><F93/><W4/><G85/><T3/><D66/><N who="1" m="39223" /><E28/><V88/><F49/><W10/><G4/><T6/><D107/><U99/><E99/><V32/><F67/><W109/><G109/><T14/><D100/><U65/><E65/><V128/><F64/><W60/><G69/><T112/><D112/><U72/><E72/><V96/><F128/><W56/><G37/><T76/><D3/><U115/><E115/><V16/><F78/><W124/><G124/><N who="2" m="47721" /><F96/><W21/><G106/><T22/><D95/><U57/><E57/><N who="2" m="33015" /><F82/><W130/><G105/><T84/><D2/><U36/><E45/><V20/><F88/><W127/><G127/><T117/><D117/><U102/><E102/><V80/><F80/><W91/><G56/><T53/><D41/><U13/><E13/><V87/><F87/><W79/><G91/><T116/><D40/><U120/><AGARI ba="0,0" hai="33,35,36,42,46,83,86,90,120,121,123" m="39223" machi="120" ten="30,1100,0" yaku="13,1" doraHai="92" who="1" fromWho="1" sc="162,-3,265,11,245,-5,328,-3" /><INIT seed="3,0,0,0,0,85" ten="159,276,240,325" oya="3" hai0="2,67,103,99,114,48,52,5,111,43,56,129,96" hai1="74,80,28,105,93,130,109,30,12,91,70,86,113" hai2="72,118,60,25,112,92,132,54,14,117,1,73,131" hai3="55,42,9,66,95,39,76,59,84,75,58,19,36"/><W63/><G75/><T97/><D111/><U90/><E109/><V78/><F1/><W22/><G42/><T10/><D129/><U34/><E130/><V26/><F131/><W41/><G41/><T106/><D114/><U45/><E113/><V61/><F112/><W116/><G9/><T31/><D31/><U40/><E105/><V38/><F92/><W35/><G35/><T16/><D67/><U125/><E70/><V23/><F23/><W4/><G4/><T44/><REACH who="0" step="1"/><D16/><REACH who="0" ten="149,276,240,325" step="2"/><U69/><E30/><V7/><F7/><W98/><G19/><T115/><D115/><U3/><E28/><V104/><F118/><W32/><G66/><T123/><D123/><U81/><E34/><V122/><F117/><W49/><G32/><T24/><D24/><U102/><E69/><V128/><F122/><W88/><G116/><T11/><D11/><U120/><E120/><V33/><F128/><W133/><G22/><T110/><D110/><U27/><E27/><V46/><F26/><W79/><G36/><AGARI ba="0,1" hai="2,5,10,36,43,44,48,52,56,96,97,99,103,106" machi="36" ten="30,7700,0" yaku="1,1,7,1,54,1,53,1" doraHai="85" doraHaiUra="68" who="0" fromWho="3" sc="149,87,276,0,240,0,325,-77" /><INIT seed="4,0,0,3,5,52" ten="236,276,240,248" oya="0" hai0="92,120,93,135,62,128,99,132,57,85,41,0,95" hai1="69,81,130,86,5,77,76,122,78,39,35,73,18" hai2="49,119,15,4,23,56,108,33,51,79,1,22,45" hai3="34,13,14,28,70,63,118,38,103,82,66,60,29"/><T58/><D120/><U26/><E122/><V114/><F108/><W43/><G118/><T71/><D0/><U106/><E69/><V19/><F33/><W97/><G82/><T10/><D128/><U101/><E39/><V68/><F68/><W9/><G60/><T11/><D41/><U36/><E36/><V131/><F119/><W102/><G102/><T96/><D85/><U12/><E130/><V6/><F131/><W65/><G65/><T83/><D83/><U104/><E5/><N who="2" m="2155" /><F1/><W20/><G20/><T30/><D30/><U125/><E125/><V107/><F107/><N who="3" m="63983" /><G9/><N who="0" m="3083" /><D71/><U116/><E116/><V48/><F79/><W80/><G80/><T21/><D21/><U123/><E123/><V75/><F75/><W50/><G29/><T47/><D47/><U16/><E73/><V87/><F45/><N who="3" m="25919" /><G38/><T100/><D62/><U113/><E106/><V31/><F31/><W90/><G90/><N who="0" m="55319" /><D95/><U17/><E104/><V55/><F23/><W42/><G42/><T129/><D129/><U59/><E76/><V72/><F72/><W61/><G63/><T24/><D24/><AGARI ba="0,0" hai="13,14,24,28,34,61,66,70" m="25919,63983" machi="24" ten="30,1000,0" yaku="25,1" doraHai="52" who="3" fromWho="0" sc="236,-10,276,0,240,0,248,10" /><INIT seed="5,0,0,2,2,26" ten="226,276,240,258" oya="1" hai0="120,94,29,73,61,101,53,35,19,129,31,3,91" hai1="121,131,71,83,66,69,48,20,46,119,52,44,78" hai2="96,9,7,80,59,87,62,104,30,128,89,114,18" hai3="106,58,105,122,86,84,126,45,64,22,123,82,63"/><U92/><E121/><V127/><F127/><W97/><G126/><T100/><D3/><U85/><E119/><V81/><F128/><W14/><G84/><N who="0" m="52583" /><D73/><U57/><E131/><V32/><F114/><W27/><G14/><T41/><D35/><U124/><E124/><V5/><F80/><W118/><G45/><T113/><D113/><U43/><E44/><V23/><F32/><W107/><G97/><T12/><D41/><U90/><E20/><V49/><F49/><W116/><G122/><T93/><D120/><U76/><E66/><V33/><F33/><W37/><G37/><T11/><D129/><U75/><E78/><V47/><F47/><W0/><G0/><T77/><D77/><U13/><E13/><V67/><F9/><W88/><REACH who="3" step="1"/><G123/><REACH who="3" ten="226,276,240,248" step="2"/><T125/><D125/><U17/><E17/><AGARI ba="0,1" hai="17,22,27,58,63,64,82,86,88,105,106,107,116,118" machi="17" ten="40,8000,1" yaku="1,1,2,1,54,1,53,1" doraHai="26" doraHaiUra="54" who="3" fromWho="1" sc="226,0,276,-80,240,0,248,90" owari="226,-17.4,196,-30.4,240,4.0,338,43.8" /></mjloggm>