<mjloggm ver="2.3"><GO type="225" lobby="0"/><UN n0="%E3%81%B8%E3%82%80%E3%81%B8%E3%82%80%EF%BC%92%E5%8F%B7" n1="%E3%81%A1%E3%82%85%E3%81%86%E3%81%A9%E3%81%8F%E8%B1%A1%E3%81%95%E3%82%93" n2="%E3%81%86%E3%81%A3%E3%81%97%E3%83%BC%30%30" n3="%73%61%6E%64%69%72%69%73" dan="17,16,16,16" rate="2156.63,2095.32,2138.18,2134.90" sx="M,M,M,M"/><TAIKYOKU oya="0"/><INIT seed="0,0,0,4,2,105" ten="250,250,250,250" oya="0" hai0="110,18,132,93,116,73,121,12,6,106,5,2,31" hai1="23,126,37,40,44,71,130,120,97,32,54,102,47" hai2="108,122,76,13,70,38,84,48,61,112,46,60,75" hai3="91,33,26,35,89,111,52,96,119,109,53,113,51"/><T118/><D106/><U29/><E120/><V15/><F122/><W81/><G113/><T74/><D121/><U101/><E130/><V10/><F38/><W95/><G119/><T21/><D93/><U41/><E71/><V128/><F75/><W14/><G14/><T62/><D62/><U25/><E126/><V133/><F15/><W115/><G115/><T127/><D127/><U63/><E32/><V45/><F45/><W27/><G81/><T94/><D94/><U49/><E63/><V24/><F24/><N who="3" m="9259" /><G91/><T107/><D107/><U125/><E125/><V57/><F84/><W28/><G28/><T80/><D80/><U56/><REACH who="1" step="1"/><E97/><REACH who="1" ten="250,240,250,250" step="2"/><V135/><F70/><W87/><G96/><T82/><D116/><U0/><E0/><V64/><F60/><W100/><G33/><T68/><D68/><U99/><E99/><V79/><F61/><W7/><G35/><T65/><D118/><U43/><E43/><V55/><F128/><W34/><G34/><T104/><D2/><U123/><E123/><V36/><F64/><W30/><G111/><T114/><D65/><U134/><E134/><V90/><F108/><W103/><G109/><T39/><D110/><U88/><E88/><V92/><F133/><W42/><G42/><T67/><D67/><U129/><E129/><V3/><F3/><W50/><G89/><T83/><D132/><U98/><E98/><V86/><F135/><W1/><G1/><T117/><D117/><U19/><E19/><V78/><F90/><N who="3" m="53727" /><G30/><T11/><D31/><U85/><E85/><V77/><F86/><W8/><G7/><RYUUKYOKU ba="0,1" sc="250,-10,240,30,250,-10,250,-10" hai1="23,25,29,37,40,41,44,47,49,54,56,101,102" /><INIT seed="1,1,1,5,2,111" ten="240,270,240,240" oya="1" hai0="41,39,24,103,82,53,115,67,125,70,60,98,66" hai1="123,101,63,23,116,71,94,106,90,12,122,100,59" hai2="40,4,33,109,124,73,83,56,105,99,113,89,32" hai3="79,17,19,5,10,48,57,121,74,76,128,96,110"/><U44/><E116/><V132/><F4/><W64/><G121/><T133/><D133/><U1/><E1/><V81/><F40/><W131/><G110/><T117/><D117/><U28/><E71/><V22/><F22/><W86/><G74/><T50/><D125/><U135/><E44/><V72/><F56/><W92/><G128/><T47/><D66/><U75/><E75/><V52/><F52/><N who="3" m="31879" /><G64/><T30/><D82/><U38/><E38/><V68/><F83/><N who="3" m="47463" /><G79/><T20/><D115/><U127/><E127/><V77/><F81/><W129/><G129/><T58/><D98/><U61/><E135/><V62/><F99/><W85/><G85/><T80/><D80/><U18/><E122/><V97/><F77/><W87/><G87/><T7/><D7/><U118/><E123/><V2/><F73/><W130/><G130/><T0/><REACH who="0" step="1"/><D103/><REACH who="0" ten="230,270,240,240" step="2"/><U84/><E118/><V107/><F124/><W9/><G131/><T102/><D102/><U104/><E101/><V35/><F132/><W13/><G10/><T49/><D49/><U29/><E100/><AGARI ba="1,2" hai="5,9,13,17,19,92,96,100" m="47463,31879" machi="100" ten="30,2000,0" yaku="8,1,54,1" doraHai="111" who="3" fromWho="1" sc="230,0,270,-23,240,0,240,43" /><INIT seed="2,0,0,1,1,68" ten="230,247,240,283" oya="2" hai0="109,130,78,40,115,58,25,126,84,74,129,34,60" hai1="69,93,59,120,65,76,61,113,10,56,77,123,95" hai2="88,47,57,1,2,98,108,7,102,51,21,24,92" hai3="11,80,5,71,45,79,128,0,132,122,94,3,41"/><V81/><F108/><W72/><G122/><N who="1" m="46634" /><E113/><V33/><F33/><W53/><G132/><T103/><D109/><U55/><E10/><V82/><F57/><N who="1" m="22089" /><E55/><V36/><F36/><N who="3" m="21671" /><G128/><N who="0" m="49259" /><D126/><U133/><E133/><V135/><F135/><W83/><G53/><N who="0" m="33871" /><D115/><U89/><E93/><V66/><F66/><W54/><G54/><T23/><D103/><U12/><E12/><V35/><F35/><W124/><G124/><T96/><D96/><AGARI ba="0,0" hai="61,65,69,76,77,89,95,96" m="22089,46634" machi="96" ten="30,1000,0" yaku="13,1" doraHai="68" who="1" fromWho="0" sc="230,-10,247,10,240,0,283,0" /><INIT seed="3,0,0,3,0,92" ten="220,257,240,283" oya="3" hai0="113,132,102,8,66,4,44,15,91,65,67,11,14" hai1="30,116,70,96,128,126,26,49,79,73,42,46,17" hai2="1,127,10,74,9,99,43,125,50,28,123,111,37" hai3="27,122,6,121,60,112,100,135,82,86,19,33,130"/><W71/><G112/><T16/><D132/><U114/><E114/><V24/><F74/><W117/><G117/><T69/><D113/><U32/><E70/><V51/><F111/><W45/><G135/><T53/><D102/><U93/><E116/><V13/><F123/><W88/><G130/><T95/><D69/><U18/><E128/><V129/><F129/><W35/><G6/><T77/><D77/><U106/><E106/><V58/><F1/><W40/><G100/><T25/><D25/><U3/><E3/><V62/><F37/><W83/><G83/><T101/><D101/><U90/><REACH who="1" step="1"/><E126/><REACH who="1" ten="220,247,240,283" step="2"/><V47/><F127/><W134/><G71/><T54/><REACH who="0" step="1"/><D44/><REACH who="0" ten="210,247,240,283" step="2"/><U75/><E75/><V63/><F47/><W23/><G45/><T7/><D7/><U72/><E72/><V115/><F125/><W107/><G134/><T29/><D29/><U103/><E103/><V48/><F28/><W52/><G122/><T81/><D81/><AGARI ba="0,2" hai="17,18,26,30,32,42,46,49,73,79,81,90,93,96" machi="81" ten="40,2600,0" yaku="1,1,52,1,53,0" doraHai="92" doraHaiUra="57" who="1" fromWho="0" sc="210,-26,247,46,240,0,283,0" /><INIT seed="4,0,0,4,2,72" ten="184,293,240,283" oya="0" hai0="3,99,127,51,40,81,134,17,69,77,60,130,94" hai1="64,45,73,96,103,95,104,14,44,58,121,78,32" hai2="98,91,59,37,25,68,56,62,12,50,29,70,118" hai3="23,117,89,43,11,110,18,80,102,108,122,87,129"/><T74/><D127/><U0/><E121/><V8/><F37/><W27/><G117/><T24/><D130/><U83/><E0/><V90/><F118/><W61/><G129/><T75/><D134/><U125/><E32/><V112/><F112/><W84/><G122/><T76/><D3/><U46/><E125/><V120/><F120/><W13/><G43/><T93/><D69/><U63/><REACH who="1" step="1"/><E14/><REACH who="1" ten="184,283,240,283" step="2"/><V79/><F12/><W65/><G13/><T10/><D60/><U107/><AGARI ba="0,1" hai="44,45,46,58,63,64,73,78,83,95,96,103,104,107" machi="107" ten="30,7900,0" yaku="1,1,2,1,0,1,52,1,53,0" doraHai="72" doraHaiUra="132" who="1" fromWho="1" sc="184,-39,283,89,240,-20,283,-20" owari="145,-35.5,372,47.2,220,-18.0,263,6.3" /></mjloggm>