<mjloggm ver="2.3"><GO type="225" lobby="0"/><UN n0="%6D%75%75%6D%75%72%61" n1="%E7%BD%AA%E5%88%91%E6%B3%95%E5%AE%9A%E4%B8%BB%E7%BE%A9" n2="%E8%81%B7%E6%A5%AD%E3%80%81%E9%A2%A8%32" n3="%E6%A0%B9%E5%85%83%E3%81%8B%E3%82%89%E5%90%B9%E3%81%A3%E9%A3%9B%E3%81%B6" dan="16,16,16,17" rate="2080.25,2167.11,2110.80,2189.40" sx="F,M,M,F"/><TAIKYOKU oya="0"/><INIT seed="0,0,0,2,1,29" ten="250,250,250,250" oya="0" hai0="95,26,62,36,132,19,28,135,101,89,117,4,15" hai1="51,23,11,105,25,3,84,34,119,74,6,33,49" hai2="55,20,75,14,5,109,54,76,120,27,110,129,10" hai3="48,42,98,8,38,70,2,131,21,96,18,53,71"/><T82/><D36/><U40/><E74/><V133/><F120/><W115/><G115/><T127/><D117/><U122/><E122/><V80/><F129/><W100/><G131/><T87/><D127/><U72/><E72/><V111/><REACH who="2" step="1"/><F133/><REACH who="2" ten="250,250,240,250" step="2"/><W52/><G71/><T24/><D132/><U92/><E119/><V73/><F73/><W16/><G70/><T108/><D135/><U61/><E105/><V64/><F64/><W112/><G112/><T41/><D108/><U106/><E106/><V94/><F94/><W103/><G38/><T63/><D95/><U58/><E92/><V86/><F86/><W69/><G98/><T57/><D87/><U107/><E84/><V67/><F67/><W7/><G96/><T35/><D82/><U113/><E107/><V134/><F134/><W43/><G103/><T123/><D101/><U37/><E113/><V60/><F60/><W22/><G100/><T126/><D123/><U124/><E124/><V83/><F83/><W39/><G69/><T130/><D126/><U56/><E61/><V125/><F125/><W13/><G39/><T118/><D130/><U30/><E37/><V93/><F93/><W90/><G48/><T65/><D118/><U97/><E97/><V85/><F85/><W31/><G90/><T1/><D89/><U102/><E102/><V66/><F66/><W9/><G31/><AGARI ba="0,1" hai="5,10,14,20,27,31,54,55,75,76,80,109,110,111" machi="31" ten="40,2600,0" yaku="1,1,14,1,53,0" doraHai="29" doraHaiUra="88" who="2" fromWho="3" sc="250,0,250,0,240,36,250,-26" /><INIT seed="1,0,0,5,0,104" ten="250,250,276,224" oya="1" hai0="27,105,131,67,71,117,20,52,134,59,110,82,36" hai1="80,6,101,31,21,119,51,46,54,13,122,107,5" hai2="66,23,4,114,108,65,133,118,17,35,56,78,0" hai3="44,34,128,40,77,94,9,124,91,69,16,47,72"/><U26/><E119/><V103/><F108/><W24/><G69/><T98/><D117/><U88/><E122/><V14/><F118/><W127/><G128/><T49/><D110/><U123/><E123/><V96/><F114/><W79/><G34/><T18/><D131/><U90/><E80/><V42/><F133/><W3/><G3/><T93/><D134/><U92/><E107/><V53/><F42/><W43/><G24/><T100/><D36/><U87/><E101/><V62/><F35/><W75/><G94/><T106/><REACH who="0" step="1"/><D82/><REACH who="0" ten="240,250,276,224" step="2"/><U70/><E70/><V64/><F78/><W120/><G120/><T99/><D99/><N who="1" m="57751" /><E13/><V39/><F39/><W60/><G9/><T50/><D50/><U121/><E121/><V61/><F0/><W38/><G38/><T95/><D95/><N who="1" m="54687" /><E5/><V109/><F109/><W83/><G83/><T7/><D7/><U68/><E6/><V37/><F37/><W116/><G116/><T32/><D32/><U10/><E68/><V135/><F4/><W125/><G125/><T115/><D115/><U129/><E129/><V11/><F135/><W112/><G112/><T19/><D19/><U2/><E2/><V97/><F97/><W111/><G111/><T57/><D57/><U41/><E10/><V1/><F1/><W25/><G16/><T102/><D102/><U84/><E84/><V22/><F96/><W8/><G8/><T132/><D132/><U58/><E58/><N who="2" m="35023" /><F103/><W12/><G124/><T113/><D113/><U45/><E45/><V89/><F11/><W126/><G126/><T86/><D86/><U81/><E81/><RYUUKYOKU ba="0,1" sc="240,15,250,15,276,-15,224,-15" hai0="18,20,27,49,52,59,67,71,93,98,100,105,106" hai1="21,26,31,41,46,51,54" /><INIT seed="1,1,1,2,3,74" ten="255,265,261,209" oya="1" hai0="109,13,32,85,106,99,60,63,54,88,53,67,121" hai1="16,0,132,29,93,4,78,10,90,22,105,9,1" hai2="72,62,83,38,128,34,135,52,49,23,73,94,17" hai3="117,107,103,89,45,96,116,31,110,75,129,100,114"/><U37/><E105/><V51/><F38/><W68/><G110/><T131/><D109/><U122/><E122/><V57/><F34/><W24/><G114/><T2/><D121/><U104/><E104/><V30/><F128/><W87/><G129/><T21/><D2/><U133/><E37/><V42/><F135/><N who="1" m="51785" /><E29/><V15/><F73/><W41/><G68/><T39/><D32/><U86/><E78/><V69/><F72/><W61/><G75/><T58/><D39/><U14/><E10/><N who="2" m="6391" /><F83/><N who="3" m="49407" /><G61/><T26/><D131/><U79/><E79/><V84/><F69/><W56/><G56/><T126/><D126/><U44/><E44/><N who="2" m="25751" /><F30/><W19/><G19/><T112/><D112/><U55/><E55/><N who="2" m="34111" /><F84/><W59/><G59/><T25/><D53/><U111/><E111/><V81/><F81/><W91/><G107/><T124/><D124/><U113/><E113/><V43/><F94/><N who="3" m="56415" /><G45/><T20/><D106/><U40/><E40/><V127/><F43/><W48/><G48/><T47/><D47/><U50/><E50/><V92/><F51/><W76/><G41/><T64/><D63/><U97/><E97/><V95/><F127/><W125/><G125/><T77/><D99/><U65/><E65/><V123/><F123/><W120/><G120/><T70/><D70/><U33/><E33/><V66/><F66/><W82/><G82/><N who="0" m="49207" /><D67/><U7/><E7/><V12/><F52/><W115/><G115/><T80/><D64/><U46/><E46/><V35/><F35/><N who="3" m="20967" /><G76/><T5/><D77/><U119/><E119/><AGARI ba="1,1" hai="100,103,116,117,119" m="20967,56415,49407" machi="119" ten="30,1000,0" yaku="12,1" doraHai="74" who="3" fromWho="1" sc="255,0,265,-13,261,0,209,23" /><INIT seed="2,0,0,4,5,62" ten="255,252,261,232" oya="2" hai0="105,27,60,114,107,71,64,112,108,96,78,109,11" hai1="39,120,125,81,53,91,21,40,128,73,131,127,134" hai2="37,59,31,32,79,95,126,47,119,29,33,17,50" hai3="115,104,22,72,101,51,26,35,44,16,123,118,135"/><V130/><F119/><W2/><G118/><T70/><D78/><N who="1" m="44239" /><E120/><V65/><F37/><W121/><G135/><T124/><D124/><N who="1" m="47691" /><E91/><V97/><F126/><W75/><G115/><N who="0" m="44075" /><D70/><U10/><E10/><V3/><F3/><W19/><G2/><T63/><D63/><U69/><E69/><V4/><F4/><W82/><G35/><T20/><D11/><U25/><E53/><V106/><F32/><W14/><G75/><T111/><D96/><U129/><E40/><V30/><F33/><W94/><G72/><T23/><D23/><U45/><E45/><V100/><F79/><W98/><G82/><T41/><D41/><U86/><E86/><V84/><F47/><W8/><REACH who="3" step="1"/><G94/><REACH who="3" ten="255,252,261,222" step="2"/><T1/><D1/><U56/><E39/><V85/><F95/><W133/><G133/><T57/><D71/><U52/><E134/><V43/><F106/><W113/><G113/><T90/><D90/><U89/><E89/><V122/><F122/><W61/><G61/><T67/><D105/><U24/><E21/><V5/><F100/><W68/><G68/><T18/><D107/><U54/><E54/><AGARI ba="0,1" hai="8,14,16,19,22,26,44,51,54,98,101,104,121,123" machi="54" ten="30,3900,0" yaku="1,1,7,1,54,1,53,0" doraHai="62" doraHaiUra="66" who="3" fromWho="1" sc="255,0,252,-39,261,0,222,49" /><AGARI ba="0,0" hai="18,20,27,54,57,60,64,67,108,109,111" m="44075" machi="54" ten="40,5200,0" yaku="14,1,52,2" doraHai="62" who="0" fromWho="1" sc="255,52,213,-52,261,0,271,0" /><INIT seed="3,0,0,4,3,82" ten="307,161,261,271" oya="3" hai0="3,65,47,68,9,45,117,8,78,46,128,105,58" hai1="48,24,106,26,85,114,119,101,91,51,120,87,77" hai2="25,88,12,99,133,20,42,0,35,69,56,2,129" hai3="97,115,123,54,96,94,40,109,67,31,60,57,72"/><W113/><G123/><T4/><D117/><U43/><E120/><V61/><F69/><W22/><G72/><T132/><D105/><U29/><E114/><V10/><F35/><W124/><G124/><T70/><D128/><U131/><E131/><V34/><F34/><W71/><G40/><T50/><D132/><U121/><E121/><V89/><F133/><W37/><G37/><T102/><D102/><U23/><E119/><V33/><F33/><W27/><G109/><T16/><D78/><U80/><E43/><V84/><F42/><W21/><G21/><T7/><D16/><U5/><E5/><V44/><F44/><W36/><G36/><T75/><D75/><U59/><E59/><V74/><F89/><W28/><G28/><T103/><D103/><U6/><E6/><V66/><F99/><W92/><G54/><T98/><D98/><U111/><E111/><V79/><F79/><W53/><G53/><T76/><D76/><U19/><E101/><V135/><F74/><W134/><G134/><T116/><D116/><U100/><E100/><V81/><F129/><W30/><G30/><T108/><D108/><U107/><E106/><V93/><F93/><N who="3" m="35947" /><G71/><T11/><D11/><U64/><E64/><V62/><F135/><W73/><G73/><T1/><D65/><U122/><E107/><V41/><F41/><W125/><G125/><T52/><AGARI ba="0,0" hai="1,3,4,7,8,9,45,46,47,50,52,58,68,70" machi="52" ten="30,4000,0" yaku="0,1,9,1,54,1" doraHai="82" who="0" fromWho="0" sc="307,40,161,-10,261,-10,271,-20" owari="347,44.7,151,-34.9,251,5.1,251,-14.9" /></mjloggm>