<mjloggm ver="2.3"><GO type="225" lobby="0"/><UN n0="%E6%B4%BE%E9%81%A3%E3%81%AE%E3%82%B8%E3%83%A3%E3%83%83%E3%82%AF" n1="%E3%81%86%E3%83%BC%E3%81%B1%E3%83%BC" n2="%E3%83%A9%E3%83%BC%E3%83%A1%E3%83%B3%E4%BA%94%E9%83%8E" n3="%E3%82%BC%E3%83%AB%E3%83%80%E3%81%AE%E4%BC%9D%E8%AA%AC" dan="16,16,16,16" rate="2160.56,2156.48,2064.63,2187.37" sx="M,F,M,M"/><TAIKYOKU oya="0"/><INIT seed="0,0,0,5,2,128" ten="250,250,250,250" oya="0" hai0="23,22,5,40,70,122,65,96,102,11,117,108,132" hai1="36,19,53,68,112,51,43,131,115,26,89,82,72" hai2="25,34,107,38,39,33,35,29,28,71,94,135,124" hai3="52,105,93,15,86,63,126,10,125,113,85,45,91"/><T133/><D117/><U88/><E68/><V30/><F107/><W106/><G113/><N who="1" m="43594" /><E43/><V56/><F71/><W47/><G86/><T27/><D122/><U50/><E36/><V8/><F124/><N who="3" m="47723" /><G47/><T120/><D120/><U21/><E131/><V87/><F8/><W116/><G116/><T31/><D40/><U83/><E51/><V92/><F25/><W73/><G73/><T127/><D127/><U98/><E98/><V111/><F111/><W129/><G129/><T13/><D108/><U123/><E123/><V134/><F56/><N who="3" m="35207" /><G45/><T6/><D6/><AGARI ba="0,0" hai="6,10,15,85,91,93,105,106" m="35207,47723" machi="6" ten="30,2000,0" yaku="18,1,54,1" doraHai="128" who="3" fromWho="0" sc="250,-20,250,0,250,0,250,20" /><INIT seed="1,0,0,4,3,59" ten="230,250,250,270" oya="1" hai0="87,74,85,132,117,21,49,41,24,111,121,135,44" hai1="101,105,95,133,68,130,2,77,110,96,29,58,5" hai2="18,120,52,92,11,66,94,112,124,48,79,39,34" hai3="84,28,26,35,37,78,17,40,108,93,3,91,98"/><U45/><E68/><V51/><F120/><W60/><G3/><T7/><D121/><U53/><E130/><V90/><F39/><W36/><G108/><T88/><D111/><U82/><E110/><V64/><F34/><W32/><G32/><T106/><D74/><U62/><E133/><N who="0" m="51273" /><D106/><U1/><E29/><V69/><F124/><W107/><G40/><T6/><D85/><U97/><E45/><V47/><F112/><W116/><G116/><T19/><D117/><U30/><E30/><V100/><F79/><W76/><G17/><T12/><D24/><U14/><E14/><N who="2" m="7519" /><F69/><W71/><G76/><T43/><D43/><U8/><E2/><V131/><F131/><W50/><G50/><T42/><D42/><U15/><E1/><V123/><F123/><W109/><G109/><T46/><D46/><U104/><REACH who="1" step="1"/><E97/><REACH who="1" ten="230,240,250,270" step="2"/><N who="2" m="59431" /><F48/><W9/><G36/><T0/><D0/><U38/><E38/><V119/><F119/><W126/><G37/><T89/><D89/><U67/><E67/><V10/><F10/><W54/><G9/><T122/><D122/><U114/><E114/><V127/><F127/><W23/><G126/><T55/><D41/><U4/><E4/><V13/><F13/><W129/><G129/><T61/><D6/><U25/><E25/><V65/><F64/><W56/><G71/><T103/><D7/><U125/><E125/><V81/><F65/><W33/><G78/><T73/><D44/><U102/><E102/><V63/><F66/><W22/><G35/><T115/><D103/><U134/><E134/><V113/><F113/><W80/><G107/><RYUUKYOKU ba="0,1" sc="230,-15,240,15,250,-15,270,15" hai1="5,8,15,53,58,62,77,82,95,96,101,104,105" hai3="22,23,26,28,33,54,56,60,80,84,91,93,98" /><INIT seed="1,1,1,1,5,91" ten="215,255,235,285" oya="1" hai0="30,109,39,118,69,19,15,0,68,37,121,103,90" hai1="21,86,99,114,113,75,9,102,40,129,127,47,34" hai2="22,70,58,89,12,72,60,132,18,27,100,61,42" hai3="48,62,8,3,13,45,63,120,57,82,96,36,4"/><U106/><E34/><V95/><F72/><W126/><G120/><T133/><D0/><U65/><E75/><V97/><F132/><W116/><G126/><T88/><D118/><U24/><E127/><V54/><F42/><W80/><G116/><T7/><D7/><U74/><E74/><V81/><F70/><W112/><G112/><T20/><D103/><U25/><E129/><V115/><F115/><W79/><G36/><T2/><D2/><U135/><E25/><V134/><F134/><W108/><G108/><T10/><D109/><U119/><E119/><V128/><F128/><W125/><G125/><T107/><D107/><U1/><E86/><N who="2" m="50383" /><F27/><W78/><G3/><T104/><D104/><U66/><E135/><V46/><F46/><W31/><G31/><T123/><D133/><U29/><E114/><V124/><F124/><W93/><G80/><T59/><D59/><U32/><E32/><V130/><F130/><W41/><G82/><T73/><D73/><U28/><E28/><V76/><F76/><N who="3" m="29227" /><G57/><T105/><D105/><U44/><E113/><V23/><F23/><W14/><G14/><T49/><D37/><U67/><REACH who="1" step="1"/><E40/><REACH who="1" ten="215,245,235,285" step="2"/><V55/><F55/><W117/><G117/><T17/><D30/><U77/><E77/><V64/><F64/><W85/><G85/><T33/><D33/><U26/><E26/><V101/><F101/><AGARI ba="1,2" hai="4,8,13,41,45,48,62,63,93,96,101" m="29227" machi="101" ten="30,2000,0" yaku="8,1,52,1" doraHai="91" who="3" fromWho="2" sc="215,0,245,0,235,-23,285,43" /><INIT seed="2,0,0,5,4,2" ten="215,245,212,328" oya="2" hai0="92,96,53,100,86,62,134,112,72,68,74,47,57" hai1="22,24,10,106,5,55,120,44,119,59,36,69,40" hai2="128,41,20,121,101,65,25,102,90,45,8,13,3" hai3="30,122,52,17,132,42,48,51,89,14,38,99,87"/><V124/><F121/><W85/><G122/><T37/><D112/><U23/><E119/><V107/><F3/><W31/><G38/><T111/><D111/><U28/><E106/><V97/><F124/><W118/><G118/><T98/><D134/><U58/><E120/><V26/><F128/><W105/><G132/><T33/><D33/><U79/><E69/><V9/><F65/><W63/><G105/><T70/><D96/><U82/><E55/><V29/><F26/><W93/><G63/><T76/><D86/><N who="3" m="32777" /><G42/><T125/><D125/><U84/><REACH who="1" step="1"/><E23/><REACH who="1" ten="215,235,212,328" step="2"/><V61/><F107/><W66/><G66/><T108/><D68/><U6/><E6/><V103/><F8/><N who="3" m="6343" /><G48/><T83/><D70/><U135/><E135/><V77/><F61/><W12/><G12/><AGARI ba="0,1" hai="5,10,12,22,24,28,36,40,44,58,59,79,82,84" machi="12" ten="30,3900,0" yaku="1,1,7,1,52,1,53,0" doraHai="2" doraHaiUra="35" who="1" fromWho="3" sc="215,0,235,49,212,0,328,-39" /><INIT seed="3,0,0,0,0,85" ten="215,284,212,289" oya="3" hai0="19,3,53,95,15,46,28,27,132,17,18,54,7" hai1="4,62,71,111,13,100,58,29,11,30,134,89,45" hai2="77,0,96,49,104,101,47,21,68,120,119,10,122" hai3="5,59,127,106,118,110,125,56,83,72,61,51,82"/><W94/><G118/><T109/><D109/><U74/><E71/><V55/><F119/><W98/><G110/><T114/><D132/><U78/><E111/><V67/><F77/><W135/><G106/><T43/><D3/><U41/><E100/><V6/><F21/><W107/><G107/><T20/><D114/><U105/><E105/><V92/><F104/><W116/><G116/><T79/><D79/><U121/><E134/><V117/><F117/><W23/><G135/><T90/><D7/><U76/><E74/><V39/><F39/><W50/><G5/><T126/><D126/><N who="3" m="48137" /><G23/><T102/><D102/><U87/><E78/><V9/><REACH who="2" step="1"/><F10/><REACH who="2" ten="215,284,202,289" step="2"/><W75/><G75/><T80/><D80/><N who="1" m="49383" /><E76/><V99/><F99/><W123/><G72/><T8/><D8/><U42/><E121/><V91/><F91/><W34/><G34/><T88/><D15/><U1/><E1/><V115/><F115/><W128/><G123/><T37/><REACH who="0" step="1"/><D90/><REACH who="0" ten="205,284,202,289" step="2"/><U31/><E45/><V57/><F57/><W36/><G59/><T108/><D108/><U40/><E58/><V38/><F38/><W12/><G36/><T63/><D63/><AGARI ba="0,2" hai="4,11,13,29,30,31,40,41,42,62,63" m="49383" machi="63" ten="30,2000,0" yaku="8,1,52,1" doraHai="85" who="1" fromWho="0" sc="205,-20,284,40,202,0,289,0" /><AGARI ba="0,0" hai="0,6,9,47,49,55,63,67,68,92,96,101,120,122" machi="63" ten="40,2600,0" yaku="1,1,53,1" doraHai="85" doraHaiUra="66" who="2" fromWho="0" sc="185,-26,324,0,202,26,289,0" owari="159,-34.1,324,42.4,228,-17.2,289,8.9" /></mjloggm>