<mjloggm ver="2.3"><GO type="225" lobby="0"/><UN n0="%6D%75%75%6D%75%72%61" n1="%E8%81%B7%E6%A5%AD%E3%80%81%E9%A2%A8%32" n2="%E5%AE%AE%E4%BF%9D%E9%B6%8F%E8%82%89" n3="%E3%83%9F%E3%83%AA%E3%83%80%E3%81%97%E3%82%88" dan="16,16,16,16" rate="2094.86,2128.59,2125.66,2063.27" sx="F,M,M,M"/><TAIKYOKU oya="0"/><INIT seed="0,0,0,0,4,55" ten="250,250,250,250" oya="0" hai0="0,64,2,127,77,73,86,87,7,114,117,84,43" hai1="41,71,118,22,116,125,122,37,50,108,93,24,74" hai2="36,49,5,40,92,23,102,95,115,62,68,63,99" hai3="83,94,69,30,32,57,19,91,21,56,104,98,58"/><T48/><D114/><U29/><E108/><V113/><F36/><W13/><G69/><T121/><D117/><U81/><E122/><V20/><F5/><W17/><G104/><T131/><D121/><U61/><E125/><V16/><F20/><N who="3" m="11311" /><G32/><T60/><D127/><U111/><E111/><V35/><F35/><W124/><G124/><T80/><D131/><U78/><E37/><V106/><F106/><W89/><G30/><T82/><D82/><U105/><E105/><V119/><F119/><W42/><G42/><T25/><D25/><U135/><E135/><V31/><F31/><W67/><G67/><T4/><D4/><U1/><E1/><V70/><F70/><W90/><G83/><T88/><D88/><U18/><E93/><V3/><F3/><W12/><AGARI ba="0,0" hai="12,19,21,56,57,58,89,90,91,94,98" m="11311" machi="12" ten="30,7900,0" yaku="8,1,52,3" doraHai="55" who="3" fromWho="3" sc="250,-39,250,-20,250,-20,250,79" /><INIT seed="1,0,0,1,2,98" ten="211,230,230,329" oya="1" hai0="57,21,62,127,47,5,71,90,117,6,68,125,92" hai1="82,80,135,1,128,19,95,96,123,84,29,11,99" hai2="48,79,74,73,110,69,46,126,93,35,32,42,8" hai3="34,76,45,12,88,43,78,94,0,107,4,85,50"/><U22/><E128/><V44/><F69/><W55/><G107/><T133/><D117/><U97/><E123/><V116/><F116/><W38/><G34/><T61/><D133/><U130/><E130/><V54/><F110/><W37/><G0/><T102/><D47/><U111/><E135/><V103/><F126/><N who="0" m="48138" /><D21/><U65/><E111/><V108/><F108/><W3/><G3/><T16/><D16/><U87/><E1/><V121/><F121/><W77/><G38/><T31/><D31/><U56/><E11/><V114/><F114/><W105/><G105/><T129/><D129/><U53/><E65/><V67/><F67/><W15/><REACH who="3" step="1"/><G4/><REACH who="3" ten="211,230,230,319" step="2"/><T101/><D5/><U59/><E29/><V9/><F32/><W63/><G63/><T120/><D6/><U122/><E122/><V2/><F35/><W86/><G86/><N who="0" m="52311" /><D120/><U83/><E87/><V24/><F2/><W132/><G132/><T106/><D106/><U91/><REACH who="1" step="1"/><E53/><REACH who="1" ten="211,220,230,319" step="2"/><V89/><F54/><W72/><G72/><T28/><D28/><U115/><E115/><V17/><F74/><W124/><G124/><T113/><D113/><U81/><N who="1" m="20480" /><DORA hai="30" /><U109/><E109/><V104/><F73/><W41/><G41/><T51/><D61/><U23/><E23/><V64/><F42/><W75/><G75/><T49/><D62/><U39/><E39/><V36/><F36/><W60/><G60/><T18/><D68/><U26/><AGARI ba="0,2" hai="19,22,26,56,59,84,91,95,96,97,99" m="20480" machi="26" ten="50,9600,0" yaku="1,1,0,1,8,1,53,0" doraHai="98,30" doraHaiUra="10,112" who="1" fromWho="1" sc="211,-32,220,116,230,-32,319,-32" /><INIT seed="1,1,0,3,2,6" ten="179,336,198,287" oya="1" hai0="20,106,1,62,35,68,11,100,105,64,18,82,72" hai1="27,17,131,24,89,50,59,75,60,14,12,81,110" hai2="61,51,34,119,15,116,73,52,7,46,111,127,115" hai3="101,79,96,124,129,134,47,66,31,91,41,44,67"/><U22/><E131/><V25/><F73/><W39/><G124/><T78/><D35/><U10/><E110/><V37/><F111/><W5/><G129/><T49/><D49/><U45/><E75/><V122/><F122/><W43/><G134/><T33/><D33/><U87/><E59/><V28/><F127/><W117/><G117/><T118/><D118/><U132/><E60/><V109/><F109/><W114/><G114/><T65/><D65/><U13/><E13/><V8/><F115/><W3/><G79/><T76/><D76/><U58/><E58/><V90/><F61/><W113/><G113/><T103/><D106/><U83/><E83/><V88/><F90/><W92/><G31/><T128/><D128/><U2/><E2/><V121/><F121/><W86/><G5/><T32/><D32/><U135/><E132/><V95/><F37/><W77/><G3/><T4/><REACH who="0" step="1"/><D105/><REACH who="0" ten="169,336,198,287" step="2"/><U42/><REACH who="1" step="1"/><E135/><REACH who="1" ten="169,326,198,287" step="2"/><V19/><REACH who="2" step="1"/><F7/><AGARI ba="1,2" hai="7,10,12,14,17,22,24,27,42,45,50,81,87,89" machi="7" ten="30,18000,2" yaku="1,1,2,1,7,1,8,1,52,1,53,1" doraHai="6" doraHaiUra="80" who="1" fromWho="2" sc="169,0,326,203,198,-183,287,0" /><INIT seed="1,2,0,5,4,20" ten="169,529,15,287" oya="1" hai0="0,19,7,129,134,74,76,24,73,126,55,5,3" hai1="21,60,44,83,71,46,104,50,68,58,115,118,128" hai2="6,41,70,92,39,62,124,57,131,117,102,23,113" hai3="32,48,18,110,29,59,61,13,16,37,53,54,63"/><U105/><E115/><V91/><F117/><W135/><G37/><T56/><D126/><U120/><E118/><V82/><F124/><W130/><G110/><T34/><D129/><U11/><E128/><V109/><F131/><W112/><G112/><T8/><D134/><U108/><E120/><V2/><F113/><W127/><G127/><T10/><D76/><U30/><E46/><V1/><F70/><W123/><G123/><T22/><D34/><U45/><E44/><V72/><F109/><W51/><G135/><T42/><D42/><U99/><E104/><V121/><F121/><W101/><G101/><T88/><D88/><U111/><E68/><V116/><F116/><W66/><G66/><T38/><D38/><U12/><E71/><V90/><F102/><W100/><G100/><T84/><D84/><U15/><E99/><V87/><F6/><W85/><G85/><T75/><D75/><U114/><E83/><V33/><F33/><W47/><G18/><T81/><D81/><U86/><E86/><V97/><F72/><W103/><G103/><T132/><D132/><U80/><E80/><V27/><F41/><W17/><G17/><T122/><D122/><U25/><E15/><V96/><F96/><W40/><G40/><T67/><D67/><N who="1" m="39319" /><E105/><V52/><REACH who="2" step="1"/><F39/><REACH who="2" ten="169,529,5,287" step="2"/><W78/><G130/><T106/><D106/><U35/><E35/><V98/><F98/><W65/><G32/><T64/><D74/><U95/><E114/><V43/><F43/><W31/><G65/><T107/><D73/><U49/><E111/><V125/><F125/><W93/><G78/><RYUUKYOKU ba="2,1" sc="169,-10,529,-10,5,30,287,-10" hai2="1,2,23,27,52,57,62,82,87,90,91,92,97" /><INIT seed="2,3,1,2,5,18" ten="159,519,35,277" oya="2" hai0="53,82,109,36,52,88,42,25,33,30,55,123,95" hai1="67,8,21,135,28,120,35,51,45,37,92,64,124" hai2="43,23,13,84,26,12,114,38,77,5,57,130,39" hai3="34,22,20,29,59,125,104,3,32,4,98,46,75"/><V50/><F114/><W41/><G75/><T105/><D123/><U16/><E37/><V83/><F130/><W66/><G125/><T91/><D105/><U85/><E135/><V49/><F39/><W102/><G3/><T127/><D109/><U48/><E124/><V103/><F103/><W100/><G4/><T1/><D1/><U78/><E35/><V70/><F70/><W97/><G66/><T62/><D127/><U58/><E28/><V99/><F99/><W74/><G59/><T134/><D134/><U0/><E8/><V7/><F7/><W108/><G108/><T117/><D117/><U19/><E19/><V68/><F68/><W96/><G96/><T69/><D82/><N who="1" m="47319" /><E0/><V80/><F80/><W87/><G87/><T24/><D24/><N who="1" m="14375" /><E92/><V31/><F5/><W17/><G74/><T44/><REACH who="0" step="1"/><D95/><REACH who="0" ten="149,519,35,277" step="2"/><U61/><E120/><V106/><F106/><W110/><G104/><T71/><D71/><U15/><E15/><V72/><F72/><W119/><G110/><T2/><D2/><U131/><E131/><V129/><F129/><W94/><G119/><T6/><D6/><U89/><E89/><V81/><F81/><W126/><G94/><T27/><D27/><U112/><E112/><V79/><F79/><W54/><G126/><T86/><D86/><U121/><E121/><V60/><F38/><W65/><G102/><T132/><D132/><U113/><E113/><V47/><REACH who="2" step="1"/><F49/><REACH who="2" ten="149,519,25,277" step="2"/><W115/><G100/><T56/><D56/><U116/><E51/><V107/><F107/><W10/><G115/><T90/><D90/><U14/><E48/><RYUUKYOKU ba="3,3" sc="149,15,519,-15,25,15,277,-15" hai0="25,30,33,36,42,44,52,53,55,62,69,88,91" hai2="12,13,23,26,31,43,47,50,57,60,77,83,84" /><INIT seed="2,4,3,2,5,128" ten="164,504,40,262" oya="2" hai0="16,32,135,59,20,89,53,18,44,24,68,86,51" hai1="129,6,80,126,101,98,0,134,122,34,45,100,26" hai2="39,95,119,127,72,62,90,82,31,83,35,116,2" hai3="49,50,21,14,105,78,121,25,112,81,109,63,65"/><V84/><F127/><W114/><G121/><T66/><D68/><U23/><E126/><V118/><F2/><W111/><G105/><T8/><D32/><U76/><E34/><V58/><F39/><W15/><G15/><N who="0" m="7271" /><D135/><U117/><E134/><V77/><F35/><W28/><G14/><T123/><D123/><U64/><E64/><V10/><F31/><W102/><G102/><T110/><D110/><N who="3" m="41993" /><G49/><T5/><D5/><U131/><E6/><V75/><F10/><W40/><G50/><T19/><D19/><U113/><E113/><V99/><REACH who="2" step="1"/><F83/><REACH who="2" ten="164,504,30,262" step="2"/><W7/><G81/><N who="0" m="49359" /><D66/><AGARI ba="4,4" hai="58,62,66,72,75,77,82,84,90,95,99,116,118,119" machi="66" ten="40,2000,0" yaku="1,1,53,0" doraHai="128" doraHaiUra="38" who="2" fromWho="0" sc="164,-32,504,0,30,72,262,0" /><INIT seed="2,5,0,5,2,58" ten="132,504,102,262" oya="2" hai0="18,32,94,102,11,45,50,35,69,55,110,34,68" hai1="80,2,36,47,76,9,101,83,62,129,108,100,39" hai2="72,119,122,86,5,28,74,75,3,1,43,12,103" hai3="44,60,106,23,26,0,115,61,112,116,93,51,54"/><V19/><F119/><W105/><G116/><T95/><D110/><U52/><E108/><V91/><F122/><W79/><G0/><T59/><D102/><U88/><E129/><V82/><F28/><N who="3" m="17503" /><G93/><T21/><D11/><U104/><E104/><N who="3" m="40042" /><G79/><T84/><D45/><U127/><E39/><V48/><F103/><W98/><G98/><T30/><D30/><U13/><E2/><V53/><F5/><W6/><G6/><T70/><REACH who="0" step="1"/><D84/><REACH who="0" ten="122,504,102,262" step="2"/><N who="1" m="50183" /><E47/><V67/><F43/><W109/><G109/><T123/><D123/><U64/><E9/><V131/><F131/><W33/><G33/><T99/><D99/><U77/><E100/><V96/><F96/><W120/><G120/><T111/><D111/><U73/><E101/><V29/><F29/><W24/><G24/><AGARI ba="5,1" hai="18,21,24,32,34,35,50,55,59,68,69,70,94,95" machi="24" ten="50,1600,0" yaku="1,1,53,0" doraHai="58" doraHaiUra="57" who="0" fromWho="3" sc="122,41,504,0,102,0,262,-31" /><INIT seed="3,0,0,1,1,126" ten="163,504,102,231" oya="3" hai0="73,105,43,0,19,58,59,33,66,134,37,77,81" hai1="74,70,39,131,22,41,97,91,10,114,12,45,83" hai2="72,56,123,30,75,21,101,129,103,17,84,61,120" hai3="90,93,42,29,85,57,13,36,55,124,65,104,47"/><W135/><G104/><T32/><D105/><U11/><E70/><V34/><F34/><W64/><G29/><T122/><D122/><N who="2" m="46634" /><F30/><W28/><G28/><T119/><D119/><U23/><E114/><V2/><F2/><W108/><G124/><T100/><D100/><N who="2" m="38474" /><F56/><W94/><G94/><T118/><D118/><U68/><E68/><V113/><F61/><W31/><G31/><T132/><D0/><U106/><E11/><V67/><F67/><W53/><G53/><T50/><D37/><U130/><E106/><V128/><F113/><W125/><G125/><T48/><D19/><U62/><E62/><V38/><F38/><W117/><G117/><T87/><D58/><U109/><E109/><V18/><F84/><W51/><G108/><T116/><D87/><N who="1" m="50687" /><E97/><V5/><F5/><W102/><G102/><T24/><D116/><U8/><E8/><V98/><F98/><W40/><G40/><T76/><D24/><U63/><E63/><V27/><F17/><W86/><G86/><T133/><D33/><U115/><E74/><V96/><F96/><W107/><G13/><T111/><D32/><U71/><E71/><V25/><F25/><W127/><G127/><T14/><D14/><U6/><E115/><V52/><F52/><W16/><G16/><T35/><D35/><U112/><E112/><V15/><F15/><W78/><G64/><T49/><D111/><U69/><E69/><V20/><F20/><W79/><G65/><T46/><D66/><U99/><E99/><V1/><F1/><W54/><G36/><N who="0" m="21863" /><D59/><U82/><E82/><V121/><F121/><RYUUKYOKU ba="0,0" sc="163,10,504,10,102,10,231,-30" hai0="48,49,50,73,76,77,81,132,133,134" hai1="6,10,12,22,23,39,41,45,130,131" hai2="18,21,27,72,75,128,129" owari="173,-22.7,514,61.4,112,-38.8,201,0.1" /></mjloggm>