<mjloggm ver="2.3"><GO type="225" lobby="0"/><UN n0="%6D%61%74%69%67%75%73%61" n1="%E3%81%AF%E3%82%88%E3%81%8A%E3%81%98%E3%81%95%E3%82%93" n2="%E3%81%BF%E3%81%BF%E3%81%9A" n3="%E3%81%B5%E3%81%98%E3%81%8B%E3%81%A4" dan="17,17,16,16" rate="2245.71,2171.65,2155.86,2133.53" sx="M,M,M,M"/><TAIKYOKU oya="0"/><INIT seed="0,0,0,4,4,111" ten="250,250,250,250" oya="0" hai0="128,58,32,97,71,45,77,29,2,15,106,112,55" hai1="90,78,114,119,120,117,33,81,60,23,105,22,48" hai2="121,113,93,31,8,95,84,39,122,99,74,50,63" hai3="44,49,27,80,72,132,64,91,69,135,53,19,26"/><T98/><D2/><U104/><E33/><V56/><F39/><W126/><G126/><T125/><D71/><U123/><E48/><V94/><F74/><W67/><G72/><T11/><D77/><U25/><E60/><V59/><F113/><W16/><G80/><T107/><D45/><U38/><E38/><V83/><F31/><W36/><G36/><T14/><D128/><U42/><E42/><V109/><F109/><W6/><G6/><T52/><D29/><U62/><E62/><V43/><F122/><N who="1" m="46633" /><E22/><V21/><F21/><W115/><G91/><T12/><D11/><U88/><E25/><N who="3" m="9226" /><G115/><T24/><D24/><U110/><E23/><V66/><F121/><W86/><G86/><T108/><D112/><U103/><E110/><V9/><F99/><N who="0" m="37898" /><D108/><U89/><E103/><V7/><F7/><W28/><G28/><T130/><D130/><U13/><E13/><V87/><F87/><W18/><G69/><T131/><D131/><U92/><E92/><V0/><F0/><W4/><G4/><T57/><D32/><U65/><E65/><V3/><F3/><W61/><G61/><T10/><D10/><U68/><E68/><V75/><F75/><W134/><AGARI ba="0,0" hai="16,18,19,44,49,53,64,67,132,134,135" m="9226" machi="134" ten="40,2700,0" yaku="20,1,54,1" doraHai="111" who="3" fromWho="3" sc="250,-13,250,-7,250,-7,250,27" /><INIT seed="1,0,0,3,5,135" ten="237,243,243,277" oya="1" hai0="51,12,109,7,116,36,101,24,52,65,54,5,94" hai1="60,29,39,10,96,71,72,47,70,14,105,129,90" hai2="95,102,62,1,75,110,18,80,92,6,76,79,73" hai3="3,19,124,93,108,69,63,61,104,31,8,103,97"/><U25/><E129/><V2/><F18/><W68/><G108/><T120/><D36/><U106/><E72/><V4/><F62/><W89/><G31/><T45/><D109/><U91/><E39/><V50/><F110/><W128/><G128/><T11/><D116/><U27/><E47/><V88/><F50/><W66/><G124/><T34/><D120/><U20/><E25/><V78/><F102/><W100/><G19/><T58/><D65/><U123/><E123/><V113/><F79/><W126/><G126/><T56/><D5/><U35/><E20/><V67/><F67/><W118/><G118/><T13/><D13/><U74/><E74/><V111/><F111/><W55/><G55/><T84/><D34/><U42/><E42/><V40/><F80/><W85/><G103/><T98/><D24/><U30/><E30/><V33/><F113/><W37/><G37/><T43/><D84/><U49/><E49/><V77/><F77/><W17/><G17/><T32/><D32/><U99/><E99/><V21/><F21/><W82/><G63/><T53/><AGARI ba="0,0" hai="7,11,12,43,45,51,52,53,54,56,58,94,98,101" machi="53" ten="30,4000,0" yaku="0,1,8,1,54,1" doraHai="135" who="0" fromWho="0" sc="237,40,243,-20,243,-10,277,-10" /><INIT seed="2,0,0,2,0,63" ten="277,223,233,267" oya="2" hai0="38,42,52,71,45,67,53,101,134,37,94,14,73" hai1="43,16,113,122,84,129,85,106,22,100,135,33,123" hai2="98,109,91,26,99,68,15,3,7,111,21,1,11" hai3="51,66,9,31,80,81,93,120,116,107,56,75,65"/><V10/><F68/><W39/><G107/><T130/><D73/><U44/><E33/><V87/><F99/><W128/><G39/><T69/><D14/><U88/><E113/><V2/><F98/><W58/><G75/><T30/><D94/><U40/><E84/><V5/><F91/><W125/><G120/><N who="1" m="46122" /><E129/><V47/><F47/><W77/><G116/><T57/><D30/><U20/><E20/><V0/><REACH who="2" step="1"/><F87/><REACH who="2" ten="277,223,223,267" step="2"/><W117/><G117/><T105/><D45/><U90/><E90/><V92/><F92/><W112/><G128/><T60/><D69/><U59/><E59/><V35/><F35/><W46/><G112/><T24/><D57/><U64/><E44/><V13/><F13/><W17/><G93/><T96/><D96/><N who="1" m="61703" /><E135/><V74/><F74/><W124/><G58/><T121/><D134/><U55/><E55/><V4/><F4/><W23/><G56/><T25/><D53/><U36/><E36/><V6/><F6/><W103/><G103/><T82/><D101/><U114/><E114/><V27/><F27/><N who="3" m="16895" /><G77/><T86/><D37/><U119/><E119/><V102/><F102/><W115/><G115/><T95/><D38/><U127/><E43/><V12/><F12/><N who="3" m="7311" /><G81/><T133/><D82/><U89/><E40/><V78/><F78/><W32/><G32/><T19/><D42/><U8/><E89/><V48/><F48/><W118/><G80/><T79/><D121/><U54/><E88/><V131/><F131/><W18/><G118/><T70/><D130/><U61/><E85/><V108/><F108/><W76/><G76/><T72/><D133/><RYUUKYOKU ba="0,1" sc="277,-10,223,-10,223,30,267,-10" hai2="0,1,2,3,5,7,10,11,15,21,26,109,111" /><INIT seed="2,1,1,1,0,22" ten="267,213,253,257" oya="2" hai0="72,33,93,101,98,30,46,96,41,121,63,79,87" hai1="90,0,53,64,127,111,8,95,105,25,39,44,6" hai2="26,13,135,18,82,49,3,123,66,58,31,62,94" hai3="110,61,134,91,80,55,107,108,122,10,99,75,27"/><V17/><F123/><W116/><G122/><T81/><D121/><U35/><E105/><V100/><F3/><W67/><G116/><T97/><D63/><U131/><E111/><N who="3" m="42538" /><G134/><T1/><D1/><U85/><E127/><V32/><F135/><W56/><G107/><T19/><D19/><U106/><E106/><V47/><F82/><W36/><G36/><T103/><D30/><U28/><E131/><V86/><F13/><W83/><G10/><T118/><D33/><U88/><E64/><V57/><F58/><N who="3" m="37303" /><G75/><T104/><D118/><U34/><E90/><V113/><F113/><W5/><G5/><T92/><D46/><U77/><E77/><V84/><F84/><W4/><G4/><T2/><D41/><U43/><REACH who="1" step="1"/><E53/><REACH who="1" ten="267,203,253,257" step="2"/><V89/><F100/><W65/><G65/><T69/><D104/><U24/><E24/><V109/><F109/><W40/><G27/><T60/><D101/><U71/><E71/><V7/><REACH who="2" step="1"/><F7/><REACH who="2" ten="267,203,243,257" step="2"/><W37/><G91/><T119/><D103/><U124/><E124/><V132/><F132/><W23/><G83/><T76/><D81/><U129/><E129/><V59/><F59/><W15/><G80/><T42/><D119/><U51/><E51/><V112/><F112/><W45/><G56/><T11/><D69/><U74/><E74/><V16/><F16/><N who="3" m="10655" /><G55/><AGARI ba="1,3" hai="17,18,26,31,32,47,49,55,57,62,66,86,89,94" machi="55" ten="30,11600,0" yaku="1,1,7,1,52,1,53,1" doraHai="22" doraHaiUra="21" who="2" fromWho="3" sc="267,0,203,0,243,149,257,-119" /><INIT seed="2,2,0,0,5,7" ten="267,203,392,138" oya="2" hai0="134,55,79,63,14,123,100,52,39,31,42,1,4" hai1="60,84,88,112,13,111,12,38,35,93,81,23,51" hai2="25,27,21,83,71,104,10,97,132,36,78,127,29" hai3="115,109,69,40,70,101,72,2,106,82,19,114,62"/><V89/><F36/><W124/><G124/><T116/><D1/><U34/><E112/><N who="3" m="43050" /><G2/><T20/><D123/><U90/><E38/><V75/><F127/><W99/><G40/><T126/><D134/><U74/><E111/><V33/><F132/><W121/><G121/><T61/><D100/><U103/><E103/><V54/><F71/><W68/><G109/><T66/><D116/><U95/><E60/><V49/><F104/><W129/><G19/><T3/><D3/><U128/><E128/><V26/><F33/><W30/><G30/><T0/><D0/><U65/><E65/><V94/><REACH who="2" step="1"/><F10/><REACH who="2" ten="267,203,382,138" step="2"/><W98/><G129/><T96/><D39/><U135/><E135/><V50/><F50/><W92/><G62/><T110/><D63/><U32/><E51/><V28/><F28/><W17/><G70/><T76/><D126/><U58/><E34/><V15/><F15/><W102/><G69/><T131/><D14/><U91/><E12/><V80/><F80/><W117/><G117/><T77/><D61/><U108/><E108/><V125/><F125/><W107/><G68/><T8/><D110/><U22/><E13/><V44/><AGARI ba="2,1" hai="21,25,26,27,29,44,49,54,75,78,83,89,94,97" machi="44" ten="20,3900,0" yaku="1,1,0,1,7,1,53,0" doraHai="7" doraHaiUra="59" who="2" fromWho="2" sc="267,-15,203,-15,382,55,138,-15" /><INIT seed="2,3,0,0,4,112" ten="252,188,437,123" oya="2" hai0="89,107,38,76,73,8,106,104,74,98,60,67,70" hai1="77,75,56,113,12,39,17,110,79,99,126,131,65" hai2="6,69,48,62,20,129,82,53,55,16,85,124,91" hai3="95,80,135,40,2,23,28,123,118,86,11,57,50"/><V102/><F124/><W116/><G123/><T130/><D130/><U115/><E39/><V96/><F129/><W128/><G128/><T108/><D108/><U84/><E131/><V29/><F29/><W88/><G135/><T0/><D89/><U81/><E110/><V31/><F31/><W49/><G2/><T114/><D114/><U47/><E126/><V90/><F6/><W33/><G33/><T87/><D87/><U64/><E47/><V45/><F69/><W72/><G11/><T63/><D63/><U133/><E133/><V43/><F62/><W1/><G1/><T119/><D119/><U134/><E134/><V68/><F68/><W5/><G5/><N who="0" m="1063" /><D98/><U22/><E99/><V52/><F91/><W121/><G121/><T51/><D51/><U4/><E4/><V97/><F102/><W66/><G66/><T109/><D109/><U122/><E122/><V54/><N who="2" m="13312" /><DORA hai="15" /><V71/><F71/><W58/><G72/><N who="0" m="27755" /><D76/><U46/><E64/><V34/><F34/><W94/><G28/><T61/><D61/><N who="1" m="38055" /><E75/><V120/><F120/><W7/><G7/><T125/><D125/><U44/><E77/><V27/><AGARI ba="3,0" hai="16,20,27,43,45,48,82,85,90,96,97" m="13312" machi="27" ten="40,12000,1" yaku="0,1,8,1,52,1,54,2" doraHai="112,15" who="2" fromWho="2" sc="252,-43,188,-43,437,129,123,-43" /><INIT seed="2,4,0,3,5,48" ten="209,145,566,80" oya="2" hai0="67,20,119,114,37,104,52,49,130,95,57,40,97" hai1="72,109,26,75,116,31,64,81,113,134,11,46,98" hai2="126,3,34,89,129,86,106,10,29,30,24,70,17" hai3="94,15,23,44,65,128,92,108,87,53,18,25,59"/><V132/><F70/><W83/><G108/><T80/><D114/><U112/><E116/><V99/><F126/><W102/><G128/><T6/><D104/><U124/><E109/><V91/><F129/><W62/><G102/><T16/><D130/><U135/><E124/><V82/><F132/><N who="1" m="50729" /><E64/><V19/><F29/><W36/><G36/><T127/><D127/><U79/><E72/><V76/><F3/><W121/><G121/><T96/><D119/><U60/><E60/><V71/><F71/><W13/><G13/><T0/><D67/><U63/><E63/><V38/><F38/><W42/><G42/><T77/><D37/><U85/><E75/><V54/><F10/><W131/><G131/><T8/><D40/><U9/><E46/><V84/><F54/><W28/><G44/><T50/><D50/><U55/><E55/><V32/><F32/><W51/><G51/><T2/><D95/><U111/><E111/><V74/><F89/><W117/><G117/><T66/><D66/><U88/><E98/><V115/><F84/><W12/><G12/><T47/><D47/><U39/><E79/><V1/><F1/><W5/><G65/><T118/><D0/><U93/><E93/><V78/><F115/><N who="1" m="44105" /><E39/><V73/><F78/><N who="3" m="46583" /><G5/><T120/><D118/><U122/><E122/><V33/><F73/><W123/><G123/><T90/><D120/><U22/><AGARI ba="4,0" hai="9,11,22,26,31,81,85,88" m="44105,50729" machi="22" ten="30,2000,0" yaku="20,1,54,1" doraHai="48" who="1" fromWho="1" sc="209,-9,145,32,566,-14,80,-9" /><INIT seed="3,0,0,1,3,27" ten="200,177,552,71" oya="3" hai0="44,115,59,11,16,100,55,38,37,81,64,131,15" hai1="14,56,32,10,51,24,47,41,48,109,45,9,13" hai2="133,78,0,94,3,96,21,84,25,91,66,33,101" hai3="90,83,57,108,23,40,119,53,39,19,89,126,110"/><W111/><G119/><T22/><D100/><U62/><E109/><V88/><F33/><W35/><G126/><T113/><D131/><U7/><E24/><V2/><F133/><W120/><G120/><T29/><D64/><U103/><E32/><V86/><F66/><W82/><G35/><T36/><D81/><U61/><E56/><V6/><F6/><W68/><G68/><T107/><D107/><U93/><E93/><V121/><F121/><W49/><G39/><T26/><REACH who="0" step="1"/><D44/><REACH who="0" ten="190,177,552,71" step="2"/><U124/><E103/><V4/><F4/><W95/><G40/><T46/><D46/><U30/><E124/><V77/><F86/><N who="3" m="52695" /><G89/><T74/><D74/><U76/><E76/><V65/><F91/><W20/><G20/><T67/><D67/><U71/><E71/><V92/><REACH who="2" step="1"/><F65/><REACH who="2" ten="190,177,542,71" step="2"/><W104/><G104/><T60/><AGARI ba="0,2" hai="11,15,16,22,26,29,36,37,38,55,59,60,113,115" machi="60" ten="40,8000,1" yaku="1,1,0,1,52,1,54,1,53,0" doraHai="27" doraHaiUra="123" who="0" fromWho="0" sc="190,100,177,-20,542,-20,71,-40" owari="290,9.0,157,-24.3,522,62.2,31,-46.9" /></mjloggm>