<mjloggm ver="2.3"><GO type="225" lobby="0"/><UN n0="%6D%75%75%73%61%6E%6D%75" n1="%E3%80%90%E3%83%88%E3%83%AA%E3%83%A5%E3%83%95%E3%80%91" n2="%E3%80%93%E3%81%97%E3%83%BC%E3%82%89%E3%80%93" n3="%E3%81%95%E3%81%8D%E3%81%9F%E3%81%BE%E6%9E%97%E6%AA%8E" dan="17,16,17,16" rate="2151.75,2076.13,2120.14,2081.55" sx="F,M,M,M"/><TAIKYOKU oya="0"/><INIT seed="0,0,0,3,0,5" ten="250,250,250,250" oya="0" hai0="85,77,64,2,44,14,105,39,26,102,19,93,84" hai1="134,56,69,130,53,70,48,103,27,119,122,61,97" hai2="35,49,15,109,72,38,59,76,28,45,78,36,4" hai3="89,135,104,96,11,40,1,31,117,32,75,17,3"/><T6/><D105/><U50/><E119/><V121/><F121/><W125/><G75/><T81/><D64/><U42/><E122/><V128/><F128/><W94/><G117/><T110/><D110/><U52/><E130/><V116/><F116/><W33/><G40/><T87/><D2/><U68/><E27/><V98/><F109/><W83/><G3/><T92/><D39/><U114/><E97/><V90/><F28/><W65/><G65/><T12/><D44/><N who="1" m="25623" /><E134/><V131/><F35/><W9/><G135/><T80/><D26/><U126/><E103/><V107/><F131/><W129/><G129/><T60/><D60/><U66/><E126/><V99/><F59/><W82/><G1/><T34/><D34/><U43/><E114/><V57/><F57/><W101/><G33/><T54/><D54/><U30/><E30/><V7/><F107/><W106/><G106/><T133/><D102/><U127/><E127/><V100/><F100/><W120/><G120/><T74/><D133/><U0/><E0/><V46/><F49/><W58/><G58/><T132/><D132/><U22/><E22/><V24/><F24/><W18/><G125/><T71/><D71/><U62/><E43/><V16/><F72/><W95/><G104/><T55/><D74/><U113/><E113/><V91/><F15/><N who="3" m="7407" /><G31/><T124/><D124/><U112/><E112/><V108/><F108/><W63/><G63/><T41/><D41/><U37/><E37/><V21/><F21/><W25/><G32/><T8/><D14/><U10/><E70/><V123/><F123/><W73/><G25/><RYUUKYOKU ba="0,0" sc="250,-10,250,-10,250,30,250,-10" hai2="4,7,16,36,38,45,46,76,78,90,91,98,99" /><INIT seed="1,1,0,2,2,85" ten="240,240,280,240" oya="1" hai0="14,128,126,34,111,122,54,58,65,23,60,110,41" hai1="120,73,134,80,18,25,38,20,55,76,24,84,87" hai2="4,17,113,11,118,40,107,97,33,100,66,132,62" hai3="21,129,37,7,69,70,29,19,74,53,112,101,52"/><U10/><E120/><V50/><F33/><W36/><G112/><T117/><D34/><U135/><E38/><V90/><F113/><W48/><G74/><T8/><D117/><U124/><E124/><V121/><F118/><W72/><G72/><T115/><D126/><U5/><E25/><V63/><F121/><W2/><G29/><T61/><D122/><U6/><E55/><V94/><F132/><N who="1" m="50729" /><E5/><V28/><F28/><W1/><G101/><T119/><D119/><U106/><E106/><V0/><F17/><W81/><G81/><T12/><D115/><U102/><E102/><V93/><F107/><W35/><G35/><T114/><D114/><U57/><E57/><V88/><F66/><W46/><G129/><T79/><D128/><U43/><E43/><V71/><F71/><W51/><G70/><T16/><D41/><U123/><E123/><V64/><F64/><W15/><G69/><T116/><D116/><U86/><E6/><V77/><F77/><W89/><G7/><N who="0" m="3103" /><D79/><U130/><E130/><V83/><F83/><W49/><G49/><N who="0" m="31055" /><D65/><U78/><E78/><V67/><F67/><W92/><G37/><T104/><D104/><U75/><E75/><V9/><F9/><AGARI ba="1,0" hai="9,10,18,20,24,73,76,80,84,86,87" m="50729" machi="9" ten="30,1500,0" yaku="20,1" doraHai="85" who="1" fromWho="2" sc="240,0,240,18,280,-18,240,0" /><INIT seed="1,2,0,5,1,31" ten="240,258,262,240" oya="1" hai0="123,118,84,39,64,90,10,29,2,48,94,44,101" hai1="25,120,37,71,91,115,1,54,119,59,51,83,4" hai2="95,60,113,110,6,72,41,69,34,45,79,5,78" hai3="108,96,88,128,104,114,11,23,56,7,58,33,30"/><U93/><E115/><V131/><F113/><W85/><G114/><T65/><D118/><U55/><E119/><V111/><F131/><W126/><G128/><T50/><D123/><U124/><E120/><V21/><F95/><W17/><G126/><T49/><D29/><U74/><E124/><V43/><F21/><W16/><G108/><N who="2" m="41513" /><F34/><W117/><G117/><T0/><D101/><U73/><E71/><V14/><F72/><W22/><G104/><T52/><D52/><U75/><E37/><N who="2" m="21679" /><F43/><W122/><G122/><T20/><D39/><U130/><E130/><V112/><F112/><W12/><G96/><T100/><D44/><U82/><E25/><V133/><F133/><W125/><G33/><T92/><D20/><N who="3" m="7721" /><G30/><T98/><REACH who="0" step="1"/><D10/><REACH who="0" ten="230,258,262,240" step="2"/><U97/><REACH who="1" step="1"/><E55/><REACH who="1" ten="230,248,262,240" step="2"/><V46/><F46/><W38/><G38/><T62/><D62/><U68/><E68/><V132/><F69/><W15/><G125/><T107/><D107/><U26/><E26/><V57/><F132/><W9/><G7/><T61/><D61/><U28/><E28/><V66/><F5/><W89/><G89/><T134/><D134/><U102/><E102/><V76/><F6/><W67/><G67/><AGARI ba="2,2" hai="0,2,48,49,50,64,65,67,84,90,92,94,98,100" machi="67" ten="40,1300,0" yaku="1,1,53,0" doraHai="31" doraHaiUra="19" who="0" fromWho="3" sc="230,39,248,0,262,0,240,-19" /><INIT seed="2,0,0,1,2,57" ten="269,248,262,221" oya="2" hai0="6,5,114,48,99,37,63,72,101,69,35,31,66" hai1="103,20,9,113,29,21,102,23,30,100,79,3,16" hai2="109,44,135,105,14,120,24,85,71,75,90,127,93" hai3="95,47,27,56,126,52,28,1,18,123,49,80,87"/><V15/><F71/><W84/><G123/><T36/><D114/><U34/><E113/><V97/><F120/><W50/><G126/><T81/><D48/><U68/><E68/><V111/><F75/><W0/><G18/><T117/><D117/><U89/><E79/><V59/><F127/><W43/><G95/><T39/><D81/><U13/><E89/><V60/><F135/><W33/><REACH who="3" step="1"/><G87/><REACH who="3" ten="269,248,262,211" step="2"/><T133/><D72/><U64/><E30/><V132/><F132/><W134/><G134/><T53/><D133/><U70/><E29/><V124/><F124/><W17/><G17/><T121/><D121/><U115/><E115/><V129/><F85/><W67/><G67/><T76/><D66/><U55/><E64/><V108/><F93/><W82/><G82/><T77/><D31/><U92/><E92/><V8/><F109/><W11/><G11/><T45/><D69/><U74/><E70/><V4/><F108/><W122/><G122/><T58/><D35/><U62/><E34/><V42/><F111/><W40/><G40/><T19/><D19/><N who="1" m="8623" /><E74/><V110/><F110/><W32/><G32/><T112/><D112/><U98/><E3/><V41/><F8/><W128/><G128/><T25/><D6/><U78/><E16/><V2/><F4/><W119/><G119/><T86/><D5/><U26/><E26/><V94/><F24/><W116/><G116/><T7/><D25/><U104/><E23/><V73/><F2/><W91/><AGARI ba="0,1" hai="0,1,27,28,33,43,47,49,50,52,56,80,84,91" machi="91" ten="20,5200,0" yaku="1,1,0,1,7,1,54,1,53,0" doraHai="57" doraHaiUra="65" who="3" fromWho="3" sc="269,-13,248,-13,262,-26,211,62" /><INIT seed="3,0,0,4,1,42" ten="256,235,236,273" oya="3" hai0="106,32,26,129,121,88,113,38,17,79,23,8,90" hai1="94,49,9,115,24,71,123,81,6,78,73,118,52" hai2="127,80,58,66,120,134,133,112,125,64,61,2,77" hai3="111,44,4,130,33,11,47,85,39,62,27,98,91"/><W35/><G39/><T25/><D121/><U131/><E115/><V84/><F2/><W105/><G35/><T16/><D106/><U56/><E123/><V68/><F120/><W76/><G105/><T117/><D117/><U63/><E118/><V86/><F112/><W67/><G130/><T122/><D113/><U50/><E131/><V104/><F104/><W74/><G74/><T96/><D122/><U116/><E116/><V135/><F86/><W21/><G33/><T114/><D114/><U36/><E36/><V70/><REACH who="2" step="1"/><F66/><REACH who="2" ten="256,235,226,273" step="2"/><W46/><G85/><T0/><D0/><U7/><E24/><V45/><F45/><W99/><G76/><T87/><D79/><U108/><E108/><V110/><F110/><W59/><G111/><T20/><D129/><U60/><E94/><V69/><AGARI ba="0,1" hai="58,61,64,68,69,70,77,80,84,125,127,133,134,135" machi="69" ten="40,8000,1" yaku="1,1,0,1,20,1,53,1" doraHai="42" doraHaiUra="57" who="2" fromWho="2" sc="256,-20,235,-20,226,90,273,-40" owari="236,3.6,215,-28.5,316,41.6,233,-16.7" /></mjloggm>