<mjloggm ver="2.3"><GO type="225" lobby="0"/><UN n0="%E8%B6%85%E7%B4%9A%E9%B3%B3%E5%87%B0" n1="%72%69%6F%75%63%68%61%6E" n2="%E3%81%B5%E3%81%98%E3%81%8B%E3%81%A4" n3="%E3%82%BC%E3%83%AB%E3%83%80%E3%81%AE%E4%BC%9D%E8%AA%AC" dan="17,17,16,18" rate="2170.68,2239.28,2164.31,2170.65" sx="F,M,M,M"/><TAIKYOKU oya="0"/><INIT seed="0,0,0,5,0,69" ten="250,250,250,250" oya="0" hai0="25,102,5,129,85,53,58,48,112,15,108,38,120" hai1="106,31,80,64,116,43,40,130,51,122,29,104,41" hai2="54,45,30,131,132,3,23,119,49,35,1,126,52" hai3="14,125,95,100,101,98,70,26,21,67,135,94,4"/><T37/><D112/><U107/><E116/><V81/><F119/><W78/><G125/><T60/><D120/><U13/><E122/><V83/><F126/><W63/><G135/><T118/><D118/><U8/><E130/><V115/><F131/><W44/><G78/><T56/><D129/><U46/><E64/><V127/><F127/><W96/><G44/><T124/><D124/><U79/><E29/><V134/><F115/><W109/><G109/><T2/><D2/><N who="2" m="522" /><F35/><W36/><G36/><T19/><D108/><U50/><E31/><V66/><F66/><W91/><G91/><T88/><D5/><U99/><E99/><V110/><F54/><W113/><G113/><T18/><D102/><U121/><E121/><V28/><F28/><W65/><G65/><T73/><D73/><U74/><REACH who="1" step="1"/><E46/><REACH who="1" ten="250,240,250,250" step="2"/><V97/><F97/><W76/><G67/><T68/><D68/><U133/><E133/><N who="2" m="51307" /><F110/><W114/><G70/><T6/><D58/><U105/><N who="1" m="26624" /><DORA hai="16" /><U12/><E12/><V42/><F42/><W32/><G14/><T89/><D15/><U34/><E34/><V72/><F72/><W17/><G32/><T93/><D56/><U71/><E71/><V75/><F75/><W92/><G114/><T62/><D85/><U123/><E123/><V59/><F59/><W103/><G96/><T57/><D57/><U7/><AGARI ba="0,1" hai="7,8,13,40,41,43,50,51,74,79,80" m="26624" machi="7" ten="60,4000,0" yaku="1,1,0,1,53,0" doraHai="69,16" doraHaiUra="24,128" who="1" fromWho="1" sc="250,-20,240,50,250,-10,250,-10" /><INIT seed="1,0,0,5,0,10" ten="230,290,240,240" oya="1" hai0="18,35,115,1,92,45,91,12,79,19,84,50,57" hai1="76,41,58,4,131,96,16,33,80,101,73,129,111" hai2="88,68,127,74,106,114,60,39,40,7,26,133,25" hai3="44,36,27,24,30,42,28,53,94,48,82,108,69"/><U98/><E33/><V20/><F127/><W128/><G108/><T77/><D115/><U118/><E118/><V63/><F114/><W97/><G128/><N who="1" m="49226" /><E111/><V56/><F106/><W112/><G112/><T9/><D35/><U75/><E4/><V120/><F120/><W89/><G69/><T13/><D1/><U72/><E41/><V21/><F74/><N who="1" m="28777" /><E58/><V113/><F113/><W86/><G36/><T87/><D57/><U62/><E62/><V130/><F7/><W23/><G42/><T102/><D102/><U54/><E54/><V71/><F130/><W0/><G0/><T78/><D87/><U99/><E16/><N who="0" m="6185" /><D9/><U70/><E70/><V83/><F39/><W8/><G8/><T31/><D31/><N who="3" m="11817" /><G23/><T17/><N who="0" m="6193" /><T123/><DORA hai="5" /><D123/><U6/><E6/><V122/><F20/><W110/><G110/><T29/><D29/><U43/><E43/><AGARI ba="0,0" hai="12,13,43,45,50,77,78,79,84,91,92" m="6193" machi="43" ten="40,8000,1" yaku="8,1,52,2,54,1" doraHai="10,5" who="0" fromWho="1" sc="230,80,290,-80,240,0,240,0" /><INIT seed="2,0,0,1,3,35" ten="310,210,240,240" oya="2" hai0="68,119,31,124,69,57,133,128,70,92,45,72,81" hai1="18,55,87,117,34,56,2,129,80,111,120,1,76" hai2="75,114,32,36,103,17,102,8,135,131,100,4,24" hai3="43,27,23,38,44,89,46,26,14,90,60,30,33"/><V37/><F114/><W49/><G14/><T82/><D128/><U106/><E117/><V29/><F131/><W53/><REACH who="3" step="1"/><G60/><REACH who="3" ten="310,210,240,230" step="2"/><T88/><D119/><U40/><E129/><V123/><F123/><W5/><G5/><T105/><D124/><U73/><E120/><V96/><F135/><W109/><G109/><T86/><D133/><U48/><E111/><V104/><F75/><W83/><G83/><T110/><D72/><U112/><E112/><V74/><F74/><W71/><G71/><T12/><D12/><U3/><E73/><V62/><F62/><W130/><G130/><T9/><D68/><U47/><E106/><V125/><F125/><W101/><G101/><T134/><D69/><U64/><E34/><V25/><F103/><W91/><G91/><T67/><D70/><U94/><E94/><V84/><F102/><W65/><G65/><T13/><D13/><U50/><E64/><V77/><F104/><W21/><G21/><T97/><D67/><U6/><REACH who="1" step="1"/><E18/><AGARI ba="0,1" hai="18,23,26,27,30,33,38,43,44,46,49,53,89,90" machi="18" ten="30,3900,0" yaku="1,1,7,1,53,1" doraHai="35" doraHaiUra="39" who="3" fromWho="1" sc="310,0,210,-39,240,0,230,49" /><INIT seed="3,0,0,0,4,33" ten="310,171,240,279" oya="3" hai0="104,100,25,64,93,58,84,85,4,108,0,32,60" hai1="2,128,112,52,119,121,45,17,28,57,34,88,22" hai2="116,103,72,117,59,105,79,35,67,125,54,40,65" hai3="38,130,20,19,77,43,23,91,51,81,126,12,120"/><W55/><G120/><T18/><D108/><U127/><E121/><V41/><F35/><W36/><G126/><T95/><D104/><U44/><E112/><V123/><F123/><W29/><G130/><T89/><D100/><U68/><E68/><V122/><F122/><W96/><G43/><T76/><D76/><U132/><E127/><V66/><F125/><W47/><G29/><T99/><D95/><U115/><E115/><V69/><F79/><W37/><G96/><T80/><D80/><U75/><E75/><V14/><F14/><W56/><G56/><T24/><D32/><U83/><E128/><V53/><F103/><W50/><G50/><T135/><D135/><U111/><E132/><V113/><F105/><W1/><G1/><T70/><D70/><U6/><E111/><V62/><F113/><W10/><G77/><T109/><D109/><U90/><E119/><N who="2" m="45643" /><F72/><W86/><AGARI ba="0,0" hai="10,12,19,20,23,36,37,38,47,51,55,81,86,91" machi="86" ten="40,7800,0" yaku="0,1,25,2" doraHai="33" who="3" fromWho="3" sc="310,-26,171,-26,240,-26,279,78" owari="284,8.4,145,-35.5,214,-18.6,357,45.7" /></mjloggm>