<mjloggm ver="2.3"><GO type="225" lobby="0"/><UN n0="%28%EF%BF%A3%E2%96%BD%EF%BF%A3%29%CE%B4%E2%8C%92%E3%83%BB" n1="%72%69%6F%75%63%68%61%6E" n2="%61%74%73%75%74%6F%64%6F" n3="%33%74%72%65%65" dan="16,16,16,16" rate="2107.66,2245.88,2081.80,2199.75" sx="M,M,M,F"/><TAIKYOKU oya="0"/><INIT seed="0,0,0,3,4,55" ten="250,250,250,250" oya="0" hai0="52,6,117,94,103,110,69,73,108,63,45,16,84" hai1="43,90,91,120,95,29,22,79,65,44,96,20,134" hai2="74,39,5,32,50,56,114,121,80,93,47,17,116" hai3="64,60,28,4,66,30,127,53,48,38,1,83,2"/><T81/><D73/><U7/><E134/><V100/><F114/><W0/><G38/><T126/><D117/><U25/><E120/><V97/><F121/><W86/><G127/><T105/><D105/><U78/><E7/><V99/><F32/><W102/><G102/><T8/><D126/><U88/><E65/><V92/><F39/><W128/><G128/><T57/><D69/><U131/><E131/><V70/><F70/><W112/><G112/><T130/><D130/><U89/><REACH who="1" step="1"/><E20/><REACH who="1" ten="250,240,250,250" step="2"/><V34/><F5/><W37/><G4/><T123/><D123/><U76/><E76/><V104/><F34/><W62/><G66/><T35/><D35/><U111/><E111/><V115/><F115/><W21/><G21/><T49/><D110/><U11/><E11/><V67/><F67/><W118/><G118/><T14/><D108/><U82/><E82/><V27/><F80/><W13/><G83/><T87/><D6/><U106/><E106/><V107/><F116/><W71/><G64/><N who="0" m="39023" /><D81/><U12/><E12/><V68/><F68/><W132/><G1/><T54/><D54/><U58/><E58/><V72/><F56/><W18/><G53/><T24/><D24/><U129/><E129/><V85/><F107/><W77/><G0/><T3/><D3/><U31/><E31/><V109/><F104/><W41/><G2/><T135/><D135/><U51/><AGARI ba="0,1" hai="22,25,29,43,44,51,78,79,88,89,90,91,95,96" machi="51" ten="30,7900,0" yaku="1,1,0,1,8,1,54,1,53,0" doraHai="55" doraHaiUra="59" who="1" fromWho="1" sc="250,-39,240,89,250,-20,250,-20" /><INIT seed="1,0,0,3,4,60" ten="211,329,230,230" oya="1" hai0="126,117,44,75,98,81,38,130,0,89,77,37,69" hai1="101,78,29,87,41,20,132,91,80,49,105,26,68" hai2="90,43,124,129,59,51,50,66,52,62,25,79,102" hai3="104,56,93,9,1,85,24,5,17,46,127,19,95"/><U10/><E132/><V100/><F124/><W113/><G113/><T71/><D117/><U108/><E108/><V92/><F129/><W112/><G112/><T58/><D130/><U70/><E10/><V118/><F79/><W83/><G104/><T53/><D126/><U22/><E22/><V119/><F119/><W133/><G127/><T99/><D0/><U28/><E29/><V110/><F110/><W57/><G133/><T55/><D37/><U39/><E39/><V14/><F25/><W67/><G46/><T13/><D13/><U40/><E41/><V42/><F14/><N who="3" m="5423" /><G56/><T122/><D122/><U8/><E8/><V106/><F106/><W64/><G1/><T86/><D55/><U11/><E11/><V88/><F90/><N who="3" m="51519" /><G57/><T109/><D109/><U115/><E115/><V123/><F123/><W121/><G121/><T131/><D131/><U82/><E101/><N who="2" m="39019" /><F118/><W63/><G63/><T134/><D134/><U45/><REACH who="1" step="1"/><E105/><REACH who="1" ten="211,319,230,230" step="2"/><V54/><F42/><W94/><G24/><T31/><D38/><U97/><E97/><N who="2" m="57479" /><F43/><W107/><G107/><T135/><D135/><U23/><E23/><V21/><F21/><W30/><G30/><T125/><D31/><U6/><E6/><V116/><F116/><W120/><G120/><T16/><D125/><U72/><AGARI ba="0,1" hai="20,26,28,40,45,49,68,70,72,78,80,82,87,91" machi="72" ten="20,12000,1" yaku="1,1,0,1,7,1,53,2" doraHai="60" doraHaiUra="65" who="1" fromWho="1" sc="211,-40,319,130,230,-40,230,-40" /><INIT seed="1,1,0,0,4,44" ten="171,449,190,190" oya="1" hai0="113,134,117,126,111,87,14,95,21,36,41,48,10" hai1="24,104,119,133,59,4,99,132,116,17,9,102,72" hai2="30,120,12,33,5,39,52,18,15,8,125,76,3" hai3="78,85,112,105,53,6,123,23,58,43,97,45,62"/><U57/><E72/><V51/><F39/><W118/><G123/><T101/><D113/><U129/><E129/><V107/><F107/><W28/><G112/><T90/><D117/><U135/><E17/><V71/><F71/><W122/><G122/><T89/><D111/><U16/><E57/><V49/><F120/><W92/><G118/><T27/><D36/><U54/><E24/><N who="2" m="18631" /><F12/><W22/><G6/><N who="0" m="3415" /><D134/><U94/><E104/><V13/><F15/><W35/><G105/><T88/><D126/><U61/><REACH who="1" step="1"/><E16/><REACH who="1" ten="171,439,190,190" step="2"/><V86/><F125/><W42/><G58/><T55/><D41/><U80/><E80/><N who="2" m="47367" /><F52/><W91/><G53/><T77/><D77/><U115/><E115/><V106/><F106/><W103/><G78/><T100/><D95/><U0/><AGARI ba="1,1" hai="0,4,9,54,59,61,94,99,102,116,119,132,133,135" machi="0" ten="30,6000,0" yaku="1,1,0,1,20,1,53,0" doraHai="44" doraHaiUra="82" who="1" fromWho="1" sc="171,-21,439,73,190,-21,190,-21" /><INIT seed="1,2,0,2,4,87" ten="150,512,169,169" oya="1" hai0="129,23,24,127,72,119,58,70,0,120,45,113,102" hai1="133,130,28,68,57,85,126,92,65,44,2,77,43" hai2="66,38,128,64,97,3,36,71,103,80,101,63,135" hai3="74,9,108,88,111,54,27,67,40,19,73,7,13"/><U60/><E126/><V10/><F135/><W61/><G40/><T62/><D72/><U112/><E130/><V69/><F128/><W53/><G73/><T83/><D0/><U81/><E133/><V42/><F80/><W1/><G74/><T34/><D34/><U14/><E2/><V125/><F103/><W39/><G39/><T47/><D70/><U115/><E28/><V31/><F31/><W122/><G122/><T33/><D33/><U5/><E68/><V91/><F91/><W50/><G27/><T89/><D129/><U94/><E115/><V124/><F42/><W4/><G50/><T78/><D78/><U98/><E112/><V11/><F3/><W52/><G88/><T41/><D127/><N who="2" m="48714" /><F10/><W16/><G19/><N who="0" m="12415" /><D119/><U116/><E116/><V22/><F11/><W12/><G1/><T90/><D113/><U6/><E14/><V37/><F22/><W117/><G117/><T84/><D120/><U25/><E25/><V121/><F121/><W35/><G35/><T30/><D30/><U134/><E134/><V15/><F15/><W109/><G12/><T20/><D20/><U114/><E114/><V110/><F110/><W49/><G49/><N who="0" m="26799" /><D102/><U48/><E98/><V118/><F118/><W51/><G51/><T95/><D47/><U59/><REACH who="1" step="1"/><E57/><AGARI ba="2,0" hai="4,7,9,13,16,52,53,54,57,61,67,108,109,111" machi="57" ten="50,6400,0" yaku="14,1,54,2" doraHai="87" who="3" fromWho="1" sc="150,0,512,-70,169,0,169,70" /><INIT seed="2,0,0,4,0,80" ten="150,442,169,239" oya="2" hai0="133,35,15,94,21,117,68,59,127,29,13,41,22" hai1="79,33,100,120,70,65,85,23,71,19,67,55,18" hai2="126,49,95,97,124,42,128,26,6,60,101,118,64" hai3="96,92,76,4,125,52,1,57,99,93,116,7,24"/><V38/><F118/><W66/><G116/><T47/><D68/><U45/><E33/><V75/><F75/><W63/><G125/><N who="2" m="48233" /><F128/><W111/><G111/><T112/><D117/><U73/><E73/><V131/><F131/><W31/><G76/><T88/><D127/><U16/><E71/><N who="2" m="42375" /><F6/><W89/><G66/><N who="1" m="25098" /><E120/><V90/><F26/><W82/><G82/><T17/><D112/><U110/><E110/><V2/><F2/><W3/><G3/><T132/><D59/><U135/><E135/><N who="0" m="51785" /><D35/><U28/><E70/><V78/><F78/><W14/><G14/><N who="0" m="5131" /><D29/><U46/><E100/><V122/><F122/><W134/><G1/><T39/><D17/><N who="1" m="6763" /><E28/><V114/><F114/><W34/><G134/><T20/><D20/><U58/><N who="1" m="6771" /><U98/><DORA hai="62" /><E23/><V8/><F8/><W69/><G69/><T119/><D119/><U91/><E79/><V105/><F38/><W32/><G32/><T40/><D40/><U12/><E12/><V83/><F105/><W44/><G34/><T123/><D123/><U106/><E106/><V43/><F43/><W74/><G74/><T72/><D72/><U56/><E98/><AGARI ba="0,0" hai="21,22,39,41,47,88,94,98" m="5131,51785" machi="98" ten="30,2000,0" yaku="20,1,54,1" doraHai="80,62" who="0" fromWho="1" sc="150,20,442,-20,169,0,239,0" /><INIT seed="3,0,0,2,5,80" ten="170,422,169,239" oya="3" hai0="82,89,35,97,55,111,94,79,132,23,123,72,38" hai1="99,40,6,64,126,59,2,100,4,44,84,115,52" hai2="7,112,91,106,47,61,63,95,42,15,128,31,19" hai3="75,60,109,3,69,105,18,0,108,121,122,85,50"/><W58/><G75/><T118/><D35/><U1/><E64/><V114/><F106/><W49/><G105/><T68/><D38/><U21/><E115/><V14/><F114/><W74/><G74/><T129/><D68/><U120/><E1/><V11/><F128/><W127/><G69/><T39/><D39/><U57/><E2/><V51/><F31/><W78/><G18/><T102/><D129/><U37/><E57/><V29/><F29/><W87/><G78/><T25/><D118/><U9/><E9/><N who="2" m="6607" /><F112/><W70/><G70/><T16/><D132/><U92/><E126/><V66/><F66/><N who="3" m="39191" /><G3/><T32/><D32/><U22/><E120/><V12/><F12/><W56/><G0/><T107/><D123/><U130/><E130/><V8/><F8/><W36/><G36/><T48/><D111/><N who="3" m="42569" /><G127/><T45/><REACH who="0" step="1"/><D107/><REACH who="0" ten="160,422,169,239" step="2"/><U53/><E37/><V104/><F104/><W24/><G122/><T20/><D20/><U117/><E4/><V26/><F26/><W133/><G121/><T131/><D131/><U30/><E53/><V86/><AGARI ba="0,1" hai="7,11,15,42,47,51,61,63,86,91,95" m="6607" machi="86" ten="30,2000,0" yaku="8,1,52,1" doraHai="80" who="2" fromWho="2" sc="160,-5,422,-5,169,30,239,-10" owari="155,-34.5,417,51.7,199,-20.1,229,2.9" /></mjloggm>