<mjloggm ver="2.3"><GO type="225" lobby="0"/><UN n0="%E4%BA%BA%E9%96%93%E3%83%81%E3%83%A3%E3%83%BC%E3%83%8F%E3%83%B3" n1="%E5%B8%86%E7%AB%8B%E5%A4%8F%E8%A1%A3" n2="%E3%82%BC%E3%83%AB%E3%83%80%E3%81%AE%E4%BC%9D%E8%AA%AC" n3="%E3%83%81%E3%83%AF%E3%83%AF%E9%9A%8A%E9%95%B7" dan="16,16,17,16" rate="2118.39,2135.56,2231.25,2115.39" sx="M,M,M,M"/><TAIKYOKU oya="0"/><INIT seed="0,0,0,4,5,79" ten="250,250,250,250" oya="0" hai0="122,65,11,13,23,119,30,96,21,44,89,70,95" hai1="42,10,6,134,102,86,106,28,78,12,101,51,19" hai2="99,130,36,76,58,80,26,97,61,43,45,100,116" hai3="52,85,33,104,114,22,53,34,27,4,14,131,47"/><T120/><D119/><U128/><E106/><V105/><F130/><W54/><G114/><T111/><D111/><U123/><E123/><V110/><F110/><W57/><G104/><T15/><D44/><N who="1" m="26007" /><E134/><V29/><F116/><W94/><G131/><T84/><D70/><U90/><E28/><V37/><F97/><W38/><G33/><T55/><D65/><U40/><E40/><V125/><F125/><W41/><G34/><T107/><D55/><U75/><E75/><V98/><F98/><W16/><G57/><T117/><D117/><U59/><E128/><V2/><F2/><W126/><G126/><T48/><D48/><U81/><E59/><V31/><F26/><W135/><G135/><T66/><D66/><U39/><E39/><V124/><F37/><W87/><REACH who="3" step="1"/><G94/><REACH who="3" ten="250,250,250,240" step="2"/><N who="0" m="54567" /><D107/><U67/><E67/><V35/><F35/><W91/><G91/><N who="0" m="55423" /><D122/><U83/><E102/><V68/><F124/><W32/><G32/><T118/><D120/><U73/><E101/><V112/><F112/><W88/><G88/><T18/><D118/><U74/><E90/><V46/><F68/><W7/><G7/><N who="0" m="3327" /><D30/><U24/><E83/><V50/><F31/><W93/><G93/><T56/><D56/><U72/><E81/><V133/><F29/><W20/><G20/><AGARI ba="0,1" hai="15,18,20,21,23" m="3327,55423,54567" machi="20" ten="30,1500,0" yaku="8,1" doraHai="79" who="0" fromWho="3" sc="250,25,250,0,250,0,240,-15" /><INIT seed="0,1,0,5,0,61" ten="275,250,250,225" oya="0" hai0="114,80,71,37,104,33,133,91,29,42,88,123,116" hai1="92,32,78,115,101,129,2,65,72,109,31,102,85" hai2="108,118,39,10,19,134,100,30,8,68,107,46,26" hai3="74,16,18,67,60,112,93,90,106,36,75,63,132"/><T135/><D114/><U89/><E2/><V1/><F108/><W14/><G112/><T5/><D116/><U69/><E115/><V13/><F118/><W130/><G106/><T54/><D123/><U27/><E129/><V21/><F68/><W97/><G36/><T128/><D104/><U17/><E109/><V47/><F39/><W7/><G130/><T82/><D128/><U12/><E69/><V84/><F134/><N who="0" m="51210" /><D71/><U55/><E65/><V56/><F107/><W94/><G132/><T25/><D5/><U79/><E55/><V127/><F127/><W113/><G113/><T98/><D54/><U44/><E44/><V126/><F126/><W131/><G131/><T45/><D98/><U34/><E34/><V66/><F100/><W58/><G60/><T57/><D57/><U41/><E41/><V117/><F117/><W99/><G7/><T62/><D62/><U110/><E110/><V86/><F56/><W22/><REACH who="3" step="1"/><G18/><REACH who="3" ten="275,250,250,215" step="2"/><T40/><D40/><U11/><E17/><V70/><F19/><W0/><G0/><T24/><D24/><U52/><E27/><V53/><F1/><W64/><G64/><T87/><D80/><U121/><E121/><V23/><F66/><W49/><G49/><T119/><D119/><U76/><E12/><V105/><F13/><W3/><G3/><T38/><D37/><U48/><E48/><V83/><F26/><W125/><G125/><T6/><D6/><U51/><E51/><V15/><F15/><W95/><G95/><T50/><D50/><U20/><E92/><V124/><F124/><W81/><G81/><RYUUKYOKU ba="1,1" sc="275,15,250,-15,250,-15,215,15" hai0="25,29,33,38,42,45,82,87,88,91" hai3="14,16,22,58,63,67,74,75,90,93,94,97,99" /><INIT seed="0,2,1,2,3,3" ten="290,235,235,230" oya="0" hai0="96,72,22,131,58,45,112,82,46,78,62,103,9" hai1="33,59,135,48,63,120,66,86,61,123,64,52,122" hai2="101,85,31,44,21,5,55,41,126,117,115,129,102" hai3="76,67,97,20,124,13,6,1,0,88,93,79,32"/><T37/><D112/><U65/><E33/><V12/><F115/><W60/><G32/><T50/><D131/><U19/><E19/><V56/><F129/><W15/><G124/><T105/><D37/><U75/><E75/><V73/><F73/><W51/><G0/><T94/><D22/><U14/><E14/><V108/><F108/><W38/><G38/><T127/><D127/><U69/><E86/><V83/><F126/><W40/><G1/><T26/><D26/><U29/><E29/><V36/><F117/><W95/><G15/><T81/><D81/><U119/><E119/><V16/><F5/><W132/><G132/><T23/><D23/><U74/><E74/><V25/><F56/><N who="3" m="37255" /><G93/><T4/><D50/><U125/><E125/><V68/><F55/><W24/><G51/><T98/><D98/><U7/><E7/><V107/><F68/><W70/><G40/><T92/><D92/><U49/><E135/><V57/><F57/><W110/><G70/><T99/><D99/><U84/><E84/><V2/><F2/><W30/><G110/><T91/><D58/><N who="1" m="33031" /><E49/><N who="2" m="26767" /><F107/><W43/><G43/><T53/><D62/><U34/><E34/><V118/><F118/><W28/><G28/><T100/><D105/><U11/><E11/><AGARI ba="2,1" hai="6,11,13,20,24,30,76,79,88,95,97" m="37255" machi="11" ten="30,3900,0" yaku="8,1,52,1,54,1" doraHai="3" who="3" fromWho="1" sc="290,0,235,-45,235,0,230,55" /><INIT seed="1,0,0,4,2,114" ten="290,190,235,285" oya="1" hai0="8,45,112,42,99,134,91,122,3,116,124,132,129" hai1="98,50,60,135,88,108,123,81,97,75,109,67,37" hai2="106,69,54,49,27,7,26,2,12,73,107,95,38" hai3="102,14,33,29,35,119,17,57,31,48,100,39,76"/><U15/><E37/><V58/><F2/><W130/><G39/><T43/><D112/><U51/><E123/><V87/><F73/><W53/><G130/><T46/><D129/><U55/><E135/><N who="0" m="51753" /><D122/><U127/><E127/><V92/><F69/><W120/><G120/><T115/><D115/><U101/><E75/><V62/><F38/><W128/><G128/><T79/><D79/><U85/><E15/><V19/><F106/><W78/><G33/><T72/><D72/><U126/><E126/><V18/><F107/><W80/><G119/><T90/><D116/><U93/><E98/><V77/><F7/><W52/><G53/><T83/><D83/><U4/><E4/><V47/><F77/><N who="3" m="29803" /><G80/><T25/><D124/><U111/><E55/><V9/><F19/><W56/><G56/><AGARI ba="0,0" hai="50,51,56,60,67,81,85,88,93,97,101,108,109,111" machi="56" ten="40,7700,0" yaku="14,1,10,1,54,1" doraHai="114" who="1" fromWho="3" sc="290,0,190,77,235,0,285,-77" /><INIT seed="1,1,0,5,0,22" ten="290,267,235,208" oya="1" hai0="133,121,72,109,77,28,16,17,114,32,50,6,85" hai1="52,107,62,87,21,74,69,35,117,100,38,86,46" hai2="131,81,12,41,82,126,48,47,19,132,129,59,42" hai3="33,118,65,25,104,108,51,128,31,125,30,23,0"/><U55/><E117/><V88/><F126/><W130/><G104/><T135/><D114/><U45/><E74/><V44/><F132/><N who="0" m="50762" /><D72/><U18/><E35/><V96/><F59/><W76/><G0/><T64/><D109/><U70/><E107/><V113/><F113/><W98/><G108/><T95/><D121/><U53/><E100/><V14/><F96/><W119/><G125/><T54/><D64/><U102/><E102/><V27/><F27/><N who="3" m="16767" /><G76/><T3/><D3/><U9/><E9/><V57/><F57/><W97/><G65/><T111/><D6/><U89/><E86/><V75/><F75/><W40/><G97/><T11/><D11/><U8/><E8/><V34/><F34/><W105/><G98/><T115/><D111/><U56/><E70/><V123/><F123/><W124/><G105/><T110/><D110/><U43/><E69/><V68/><F68/><W24/><G124/><T5/><D5/><U101/><E101/><V71/><F71/><W78/><G78/><T116/><D116/><N who="3" m="44585" /><G24/><N who="0" m="18439" /><D115/><U1/><E1/><V67/><F67/><W103/><G103/><T63/><D63/><U60/><E60/><V26/><F26/><W61/><G61/><T127/><D127/><U106/><E106/><V58/><F88/><W84/><G84/><T134/><N who="0" m="50770" /><T73/><DORA hai="39" /><D73/><U99/><E99/><V90/><F90/><W79/><G79/><T122/><D122/><U93/><E46/><AGARI ba="1,0" hai="25,31,33,40,46,51,128,130" m="44585,16767" machi="46" ten="30,7700,0" yaku="12,1,52,3" doraHai="22,39" who="3" fromWho="1" sc="290,0,267,-80,235,0,208,80" /><INIT seed="2,0,0,0,1,114" ten="290,187,235,288" oya="2" hai0="129,18,72,121,118,59,26,70,117,132,65,87,46" hai1="127,68,85,135,10,88,58,54,2,76,78,130,102" hai2="110,107,17,103,80,21,101,38,69,37,5,124,42" hai3="82,47,19,63,83,8,96,98,134,13,25,57,116"/><V126/><F69/><W3/><G134/><T99/><D121/><U23/><E135/><V55/><F5/><W75/><G3/><T29/><D132/><U95/><E68/><V120/><F120/><W16/><G116/><N who="0" m="44651" /><D72/><U43/><E130/><V77/><F55/><W9/><G47/><T67/><D129/><U20/><E127/><N who="2" m="48683" /><F110/><W34/><G34/><N who="0" m="20791" /><D70/><U100/><E43/><V62/><F62/><W86/><G75/><T31/><D31/><U39/><E39/><N who="2" m="14859" /><F42/><W40/><G40/><T133/><D133/><U113/><E113/><V109/><F107/><W91/><G82/><T119/><N who="0" m="44659" /><T108/><DORA hai="35" /><D108/><U79/><E23/><V36/><N who="2" m="14867" /><V71/><DORA hai="12" /><F71/><W74/><G74/><T6/><D6/><U111/><E20/><V73/><F109/><W92/><G83/><T122/><D122/><U1/><E111/><V94/><F94/><W7/><G7/><T22/><D46/><U131/><E131/><V115/><F115/><W44/><G44/><T45/><D45/><U0/><REACH who="1" step="1"/><E10/><REACH who="1" ten="290,177,235,288" step="2"/><V89/><F89/><W53/><G8/><T60/><D22/><AGARI ba="0,1" hai="9,13,16,19,22,25,53,57,63,86,91,92,96,98" machi="22" ten="40,8000,1" yaku="8,1,52,2,54,1" doraHai="114,35,12" who="3" fromWho="0" sc="290,-80,177,0,235,0,288,90" /><INIT seed="3,0,0,3,2,14" ten="210,177,235,378" oya="3" hai0="29,52,55,2,10,31,30,80,104,65,45,58,120" hai1="17,35,82,28,57,3,25,23,81,72,125,83,95" hai2="103,63,22,34,37,41,112,101,27,51,130,90,4" hai3="24,61,13,119,47,134,98,70,84,46,97,26,43"/><W105/><G119/><T118/><D118/><U71/><E71/><V132/><F51/><W126/><G134/><T133/><D120/><U110/><E110/><V129/><F34/><W108/><G126/><T88/><D104/><U53/><E125/><V87/><F4/><W78/><G108/><T100/><D133/><U75/><E3/><V42/><F63/><W67/><G105/><T92/><D2/><U32/><E95/><V39/><F132/><W62/><G62/><N who="0" m="38103" /><D10/><U106/><E106/><V127/><F127/><W117/><G46/><T113/><D113/><U68/><E68/><V107/><F107/><W135/><G13/><T96/><D45/><U93/><E93/><V48/><F39/><W5/><G97/><T131/><D131/><U128/><E128/><V123/><F37/><W18/><G117/><T9/><D9/><U40/><E40/><V15/><F15/><W109/><G109/><T38/><D38/><U7/><E7/><V60/><F41/><W99/><G43/><T49/><D49/><U73/><REACH who="1" step="1"/><E28/><REACH who="1" ten="210,167,235,378" step="2"/><V122/><F42/><W77/><G70/><T36/><D36/><U116/><E116/><V12/><F129/><W115/><G135/><T85/><AGARI ba="0,1" hai="29,30,31,52,55,80,85,88,92,96,100" m="38103" machi="85" ten="30,4000,0" yaku="8,1,54,2" doraHai="14" who="0" fromWho="0" sc="210,50,167,-10,235,-10,378,-20" owari="260,6.0,157,-34.3,225,-17.5,358,45.8" /></mjloggm>