<mjloggm ver="2.3"><GO type="225" lobby="0"/><UN n0="%E5%8D%A0%E3%81%84%E5%B8%AB%E8%A3%8F%E3%81%AA%E3%81%84%E3%81%97" n1="%E4%BE%BF%E6%89%80" n2="%E3%81%A8%E3%82%93%E3%81%A8%E3%81%93%E3%81%A8%E3%82%93" n3="%72%69%6F%75%63%68%61%6E" dan="16,16,16,17" rate="2153.77,2076.14,2101.63,2240.04" sx="M,M,M,M"/><TAIKYOKU oya="0"/><INIT seed="0,0,0,4,0,0" ten="250,250,250,250" oya="0" hai0="115,96,107,35,92,61,32,82,112,41,83,133,72" hai1="12,84,46,97,126,111,80,5,68,69,113,108,89" hai2="43,7,24,116,88,16,42,95,23,10,14,22,118" hai3="19,94,49,2,28,78,101,123,56,74,3,45,102"/><T48/><D133/><U93/><E126/><V130/><F130/><W132/><G132/><T104/><D72/><U117/><E117/><N who="2" m="45163" /><F23/><W75/><G123/><T99/><D48/><U53/><E113/><V106/><F106/><W44/><G28/><T79/><D92/><U86/><E53/><V8/><F10/><W57/><G19/><T52/><D41/><U90/><E46/><N who="3" m="18026" /><G94/><T21/><D21/><U129/><E97/><AGARI ba="0,0" hai="7,8,14,16,22,24,42,43,88,95,97" m="45163" machi="97" ten="30,7700,0" yaku="12,1,52,1,54,2" doraHai="0" who="2" fromWho="1" sc="250,0,250,-77,250,77,250,0" /><INIT seed="1,0,0,4,5,9" ten="250,173,327,250" oya="1" hai0="50,113,45,33,103,64,81,29,35,92,57,55,109" hai1="93,122,135,37,19,115,0,104,100,70,87,24,47" hai2="51,66,6,106,43,12,82,120,105,38,94,63,77" hai3="102,3,125,8,1,123,7,75,84,41,59,52,110"/><U78/><E115/><V49/><F120/><W85/><G123/><T132/><D113/><U42/><E122/><V27/><F38/><W20/><G75/><T28/><D109/><U25/><E0/><V74/><F94/><W14/><G110/><T26/><D132/><U131/><E135/><V73/><F73/><W117/><G125/><T96/><D81/><U108/><E70/><V22/><F106/><W71/><G71/><T10/><D10/><U95/><E108/><V79/><F105/><W56/><G117/><T31/><D33/><U129/><E104/><V121/><F77/><W15/><G41/><T46/><D46/><U16/><E25/><V107/><F107/><W127/><G127/><T111/><D111/><U130/><E24/><V114/><F43/><W124/><G124/><T48/><REACH who="0" step="1"/><D64/><REACH who="0" ten="240,173,327,250" step="2"/><U88/><REACH who="1" step="1"/><E78/><REACH who="1" ten="240,163,327,250" step="2"/><V11/><F114/><W91/><G1/><T58/><D58/><U62/><E62/><V83/><F121/><W21/><G56/><T89/><D89/><U101/><E101/><V86/><F63/><N who="3" m="36327" /><G3/><T116/><D116/><U67/><E67/><V40/><F66/><W18/><G102/><T65/><D65/><U76/><E76/><V80/><F79/><W118/><G118/><T54/><AGARI ba="0,2" hai="26,28,29,31,35,45,48,50,54,55,57,92,96,103" machi="54" ten="20,2700,0" yaku="1,1,0,1,7,1,53,0" doraHai="9" doraHaiUra="68" who="0" fromWho="0" sc="240,47,163,-13,327,-7,250,-7" /><INIT seed="2,0,0,2,2,9" ten="287,150,320,243" oya="2" hai0="0,104,13,114,23,22,97,76,128,8,127,102,121" hai1="69,83,94,109,30,14,87,53,7,51,77,125,20" hai2="108,132,38,61,116,31,119,71,93,100,47,26,41" hai3="27,62,60,28,4,59,111,81,43,1,110,58,18"/><V24/><F132/><W11/><G43/><T75/><D121/><U55/><E69/><V66/><F108/><N who="3" m="41515" /><G18/><T68/><D0/><U5/><E109/><V129/><F129/><W21/><G81/><T103/><D114/><U44/><E125/><V63/><F24/><W45/><G45/><T37/><D128/><U112/><E112/><V33/><REACH who="2" step="1"/><F61/><AGARI ba="0,0" hai="1,4,11,21,27,28,58,59,60,61,62" m="41515" machi="61" ten="30,1000,0" yaku="14,1" doraHai="9" who="3" fromWho="2" sc="287,0,150,0,320,-10,243,10" /><INIT seed="3,0,0,0,0,23" ten="287,150,310,253" oya="3" hai0="34,22,86,128,133,76,42,55,108,119,73,116,19" hai1="46,43,31,102,0,96,80,56,97,122,52,126,40" hai2="82,134,24,61,45,131,62,74,65,121,90,103,4" hai3="66,72,88,64,27,135,120,33,125,12,28,130,109"/><W54/><G120/><T113/><D108/><U81/><E122/><V37/><F121/><W70/><G72/><T48/><D34/><U71/><E71/><V94/><F131/><W75/><G75/><T112/><D128/><U5/><E126/><V106/><F134/><W107/><G130/><T53/><D42/><U26/><E5/><V104/><F4/><W95/><G107/><T105/><D105/><U2/><E2/><V78/><F103/><W111/><G135/><T132/><D73/><U29/><E0/><V124/><F61/><W32/><G125/><T98/><D98/><U57/><E46/><V89/><F89/><W83/><G83/><N who="0" m="47463" /><D53/><U25/><E52/><V123/><F124/><W110/><G70/><T87/><D87/><U92/><E92/><V11/><F123/><W93/><G32/><T114/><D55/><U13/><E13/><V115/><F115/><W30/><G30/><T67/><D67/><N who="3" m="25641" /><G88/><T49/><D132/><U58/><E58/><V1/><F106/><W44/><G12/><N who="0" m="9575" /><D133/><U9/><E9/><V50/><F104/><W127/><G127/><T91/><D91/><U100/><AGARI ba="0,0" hai="25,26,29,31,40,43,56,57,80,81,96,97,100,102" machi="100" ten="25,12000,2" yaku="0,1,22,2,8,1,52,2" doraHai="23" who="1" fromWho="1" sc="287,-30,150,120,310,-30,253,-60" /><INIT seed="4,0,0,2,2,38" ten="257,270,280,193" oya="0" hai0="119,33,135,109,1,59,46,76,23,29,103,110,111" hai1="66,130,10,8,123,37,118,3,35,25,19,28,81" hai2="32,6,69,79,75,57,105,90,80,92,74,133,42" hai3="31,2,124,5,78,121,87,62,54,89,63,108,64"/><T85/><D119/><U102/><E118/><V53/><F69/><W88/><G108/><T67/><D33/><U131/><E123/><V70/><F70/><W24/><G121/><T99/><D1/><U48/><E37/><V17/><F32/><W65/><G124/><T51/><D135/><U82/><E66/><V91/><F105/><W34/><G54/><T50/><D85/><U30/><E102/><V15/><F133/><W115/><G115/><T112/><D76/><U45/><E28/><V9/><F74/><W97/><G97/><T84/><D84/><U96/><E96/><V120/><F120/><W107/><G107/><T101/><D112/><U27/><E27/><V20/><F42/><W4/><G78/><T73/><D73/><U22/><E35/><V104/><F92/><W49/><G49/><T114/><D114/><U12/><E8/><V39/><F104/><W26/><G2/><T77/><D77/><U43/><REACH who="1" step="1"/><E3/><REACH who="1" ten="257,260,280,193" step="2"/><V44/><F39/><W61/><G24/><N who="0" m="16543" /><D67/><U95/><E95/><V98/><F98/><W94/><G65/><T126/><D99/><U127/><E127/><V47/><F9/><W83/><G64/><T7/><D126/><U41/><E41/><V134/><F134/><W113/><G113/><T55/><D7/><U106/><E106/><V116/><F6/><W128/><G128/><AGARI ba="0,1" hai="10,12,19,22,25,30,43,45,48,81,82,128,130,131" machi="128" ten="40,5200,0" yaku="1,1,19,1,52,1,53,0" doraHai="38" doraHaiUra="132" who="1" fromWho="3" sc="257,0,260,62,280,0,193,-52" owari="257,-14.3,322,42.2,280,8.0,141,-35.9" /></mjloggm>