<mjloggm ver="2.3"><GO type="225" lobby="0"/><UN n0="%E3%81%82%E3%81%84%E3%81%82%E3%81%8A%E3%81%84" n1="%E5%A4%8F%E9%88%B4%E9%88%B4%E5%A4%8F" n2="%E5%B8%86%E7%AB%8B%E5%A4%8F%E8%A1%A3" n3="%E9%80%86%E9%80%A3%E5%B8%AF%E3%81%AE%E9%AC%BC" dan="18,16,17,16" rate="2181.08,2124.03,2158.80,2160.89" sx="M,M,M,M"/><TAIKYOKU oya="0"/><INIT seed="0,0,0,3,2,32" ten="250,250,250,250" oya="0" hai0="2,42,105,5,107,87,60,9,84,63,130,94,10" hai1="83,34,86,57,16,114,30,22,65,106,91,100,117" hai2="116,69,118,4,49,11,62,97,47,48,126,81,135" hai3="101,29,104,26,72,71,108,77,58,120,96,68,17"/><T43/><D130/><U28/><E117/><N who="2" m="45163" /><F135/><W73/><G120/><T50/><D50/><U134/><E134/><V132/><F132/><W19/><G108/><T56/><D56/><U95/><E106/><V128/><F128/><W121/><G121/><T124/><D94/><U45/><E34/><V55/><F126/><W41/><G41/><T70/><D5/><U27/><E114/><V102/><F81/><W20/><G58/><T74/><D74/><U78/><E100/><V113/><F49/><W1/><G1/><T61/><D61/><U21/><E45/><V54/><F113/><W75/><REACH who="3" step="1"/><G77/><REACH who="3" ten="250,250,250,240" step="2"/><T133/><D133/><U52/><E65/><N who="2" m="41143" /><F47/><W125/><G125/><T90/><D124/><U82/><E78/><V123/><F123/><W99/><G99/><T111/><D111/><U76/><E76/><V53/><F48/><W23/><G23/><T122/><D122/><U110/><E110/><V131/><F131/><W112/><G112/><T7/><D70/><AGARI ba="0,1" hai="17,19,20,26,29,68,70,71,72,73,75,96,101,104" machi="70" ten="50,1600,0" yaku="1,1,53,0" doraHai="32" doraHaiUra="37" who="3" fromWho="0" sc="250,-16,250,0,250,0,240,26" /><INIT seed="1,0,0,0,0,105" ten="234,250,250,266" oya="1" hai0="70,123,94,124,88,15,49,63,12,58,4,125,28" hai1="130,22,120,1,31,122,18,107,112,39,73,118,40" hai2="33,119,67,50,82,95,66,103,80,85,5,20,13" hai3="127,102,32,45,108,3,114,60,135,46,93,57,16"/><U19/><E107/><V34/><F119/><W75/><G114/><T116/><D116/><U8/><E40/><V10/><F34/><W25/><G3/><T26/><D70/><U30/><E39/><V61/><F33/><W69/><G135/><T17/><D49/><U113/><E118/><V47/><F20/><W97/><G108/><T41/><D4/><N who="1" m="1039" /><E73/><V106/><F106/><W89/><G127/><N who="0" m="48715" /><D41/><U9/><E130/><V56/><F67/><W77/><G69/><T72/><D72/><U99/><E99/><V115/><F115/><N who="1" m="44105" /><E9/><V121/><F121/><N who="1" m="46697" /><E18/><V87/><F103/><W84/><G75/><T55/><D17/><U11/><E11/><V96/><F96/><W52/><G77/><T81/><D81/><U91/><E91/><N who="2" m="53743" /><F87/><W92/><REACH who="3" step="1"/><G16/><REACH who="3" ten="234,250,250,256" step="2"/><T132/><D123/><U0/><E0/><V133/><F133/><W53/><G53/><AGARI ba="0,1" hai="5,10,13,47,50,53,56,61,66,80,82" m="53743" machi="53" ten="30,1000,0" yaku="8,1" doraHai="105" who="2" fromWho="3" sc="234,0,250,0,250,20,256,-10" /><INIT seed="2,0,0,2,0,103" ten="234,250,270,246" oya="2" hai0="15,3,93,23,101,68,40,94,9,84,90,67,5" hai1="95,108,32,85,99,104,36,58,87,98,6,42,39" hai2="97,48,128,16,20,50,62,57,75,25,35,74,80" hai3="53,92,116,17,51,86,126,2,47,83,21,11,135"/><V118/><F118/><W114/><G135/><T1/><D40/><U70/><E70/><V127/><F127/><W45/><G126/><T123/><D123/><U44/><E32/><V7/><F128/><W13/><G114/><T19/><D67/><U43/><E108/><V72/><F80/><W56/><G116/><T61/><D61/><U79/><E6/><V129/><F129/><W30/><G92/><T88/><D101/><U106/><E58/><V38/><F38/><W52/><G53/><T113/><D68/><U65/><E65/><V124/><F124/><W133/><G133/><T22/><D113/><U73/><E73/><V102/><F7/><W41/><G41/><T69/><D69/><U34/><E34/><V27/><F27/><W76/><G2/><T0/><REACH who="0" step="1"/><D22/><REACH who="0" ten="224,250,270,246" step="2"/><U89/><E42/><V26/><F35/><W66/><G66/><T130/><D130/><U12/><E36/><V49/><F62/><W131/><G131/><T115/><D115/><U81/><REACH who="1" step="1"/><E12/><REACH who="1" ten="224,240,270,246" step="2"/><V117/><F117/><W91/><G13/><T24/><D24/><U64/><E64/><V100/><F26/><W29/><G52/><T14/><D14/><U105/><AGARI ba="0,2" hai="39,43,44,79,81,85,87,89,95,98,99,104,105,106" machi="105" ten="30,8000,1" yaku="1,1,0,1,52,3,53,0" doraHai="103" doraHaiUra="31" who="1" fromWho="1" sc="224,-20,240,100,270,-40,246,-20" /><INIT seed="3,0,0,5,2,15" ten="204,340,230,226" oya="3" hai0="64,73,59,106,17,98,26,39,128,40,70,75,134" hai1="6,1,72,20,100,23,129,114,3,65,45,67,79" hai2="86,10,66,87,126,122,7,80,38,52,61,62,120" hai3="53,131,9,29,13,125,33,43,133,111,90,5,99"/><W21/><G133/><T74/><D134/><U51/><E100/><V95/><F38/><W123/><G123/><N who="2" m="47145" /><F126/><W112/><G125/><T78/><D70/><U113/><E51/><V102/><F52/><W130/><G112/><T103/><D128/><U49/><E20/><V108/><F108/><W4/><G111/><T117/><D117/><U22/><E1/><N who="2" m="367" /><F80/><W16/><G43/><T85/><D85/><N who="2" m="32266" /><F66/><W82/><G53/><T84/><D84/><U124/><E72/><V127/><F127/><W96/><G131/><T18/><D26/><U89/><E89/><V12/><F12/><W30/><G4/><T104/><D104/><U81/><E22/><V119/><F119/><W44/><G130/><T48/><D78/><U107/><E107/><V34/><F34/><W97/><G33/><T71/><D71/><U110/><E110/><V76/><F76/><W2/><G82/><T115/><D115/><U118/><E45/><V94/><F95/><W77/><G77/><T28/><D28/><U8/><E81/><V11/><F11/><W0/><G0/><T56/><D39/><U57/><E79/><V47/><F47/><W69/><G69/><T50/><D64/><U91/><E67/><V25/><F25/><W83/><G44/><N who="0" m="25607" /><D59/><U109/><E109/><V31/><F31/><W19/><G19/><N who="0" m="7179" /><D56/><U63/><E114/><V105/><F105/><W24/><G2/><T93/><D106/><U54/><E3/><V68/><F68/><W37/><G37/><T41/><D41/><U101/><E113/><V92/><F92/><N who="3" m="56343" /><G83/><T60/><D50/><N who="1" m="30935" /><E124/><V14/><F14/><RYUUKYOKU ba="0,0" sc="204,10,340,-30,230,10,226,10" hai0="60,73,74,75,93,98,103" hai2="61,62,94,102" hai3="5,9,13,16,21,24,29,30,97,99" /><INIT seed="3,1,0,4,5,75" ten="214,310,240,236" oya="3" hai0="43,104,96,8,124,71,89,55,77,106,73,110,85" hai1="120,34,61,116,68,111,22,21,57,45,132,121,10" hai2="115,126,14,54,80,122,118,82,60,7,94,3,18" hai3="97,103,17,13,79,92,78,129,100,12,135,28,2"/><W74/><G2/><T41/><D71/><U53/><E34/><V38/><F115/><W84/><G74/><T87/><D110/><U46/><E21/><V102/><F118/><W86/><G135/><T131/><D124/><U15/><E22/><V81/><F126/><W95/><G129/><T130/><D55/><U23/><E23/><V24/><F38/><W49/><G49/><T20/><D20/><U44/><E15/><V133/><F133/><W134/><G134/><T107/><D8/><U16/><E16/><V125/><F125/><W4/><G28/><T127/><D127/><U30/><E10/><N who="2" m="6487" /><F24/><W31/><G31/><T47/><D96/><U76/><E53/><V27/><F27/><W39/><G39/><T119/><D119/><U64/><E57/><N who="2" m="34871" /><F3/><W112/><G112/><T98/><D98/><U40/><E46/><V63/><F122/><W33/><G33/><T108/><D108/><U69/><E61/><V36/><F36/><W19/><G97/><T114/><D114/><U91/><E91/><V67/><F7/><AGARI ba="1,0" hai="4,7,12,13,17,19,78,79,84,86,92,95,100,103" machi="7" ten="25,12000,1" yaku="22,2,8,1,52,2" doraHai="75" who="3" fromWho="2" sc="214,0,310,0,240,-123,236,123" owari="214,-18.6,310,11.0,117,-38.3,359,45.9" /></mjloggm>