<mjloggm ver="2.3"><GO type="225" lobby="0"/><UN n0="%E3%83%B4%E3%82%A3%E3%83%AF%E3%82%B3%E3%82%B0%E3%83%8B" n1="%77%72%77%72%77%72%77%72" n2="%E3%83%97%E3%83%AC%E3%83%B4%E3%82%A1%E3%83%86%E3%82%A3" n3="%E7%B4%94%E6%BD%94%E3%83%94%E3%83%A9%E3%83%8B%E3%82%A2" dan="16,16,16,16" rate="2159.84,2165.47,2134.64,2147.22" sx="M,M,F,M"/><TAIKYOKU oya="0"/><INIT seed="0,0,0,1,0,86" ten="250,250,250,250" oya="0" hai0="102,133,77,36,134,13,112,93,123,57,100,59,121" hai1="71,58,29,130,27,70,107,0,9,95,30,48,65" hai2="54,21,15,105,66,1,41,43,3,126,44,119,46" hai3="14,32,109,75,62,28,51,52,94,91,106,72,53"/><T73/><D36/><U84/><E107/><V80/><F105/><W120/><G106/><T127/><D13/><U135/><E130/><V74/><F126/><W33/><G109/><T122/><D127/><U117/><E117/><V2/><F119/><W97/><G120/><T38/><D38/><U63/><E135/><N who="0" m="51721" /><D112/><U115/><E115/><V82/><F74/><W19/><G75/><T20/><D20/><U85/><E29/><V60/><F54/><W125/><G72/><T31/><D31/><U118/><E118/><V22/><F15/><W11/><G125/><T25/><D25/><U37/><E37/><V16/><F1/><W61/><G53/><T17/><D17/><U79/><E79/><V128/><F60/><W76/><G76/><T50/><D50/><U116/><E116/><V78/><F78/><W34/><REACH who="3" step="1"/><G28/><REACH who="3" ten="250,250,250,240" step="2"/><T103/><D93/><U114/><E95/><V99/><F128/><W88/><G88/><T132/><D132/><U108/><E114/><V110/><F110/><W68/><G68/><T113/><D113/><U8/><E71/><V45/><F45/><AGARI ba="0,1" hai="11,14,19,32,33,34,45,51,52,61,62,91,94,97" machi="45" ten="40,5200,0" yaku="1,1,52,1,54,1,53,0" doraHai="86" doraHaiUra="26" who="3" fromWho="2" sc="250,0,250,0,250,-52,240,62" /><INIT seed="1,0,0,4,1,36" ten="250,250,198,302" oya="1" hai0="14,117,104,12,76,10,56,118,15,82,9,70,86" hai1="24,91,77,130,106,98,102,72,99,97,65,116,109" hai2="110,34,78,1,40,84,28,95,55,122,123,120,7" hai3="19,111,75,89,18,44,31,66,5,57,85,127,50"/><U81/><E65/><V87/><F110/><W27/><G75/><T13/><D70/><U101/><E24/><V46/><F34/><W42/><G111/><T73/><D104/><N who="1" m="63535" /><E109/><V37/><F28/><W48/><G5/><N who="0" m="3119" /><D73/><U59/><E59/><V88/><F55/><N who="3" m="31975" /><G127/><T39/><D39/><U126/><E126/><V17/><F17/><W22/><G66/><T16/><D118/><U26/><E26/><V83/><REACH who="2" step="1"/><F1/><REACH who="2" ten="250,250,188,302" step="2"/><W62/><G62/><T129/><D117/><U114/><E116/><V54/><F54/><W69/><G69/><T49/><D129/><U92/><E114/><V121/><N who="2" m="30720" /><DORA hai="135" /><V43/><F43/><W93/><AGARI ba="0,1" hai="18,19,22,27,31,42,44,50,85,89,93" m="31975" machi="93" ten="30,2000,0" yaku="8,1,52,1" doraHai="36,135" who="3" fromWho="3" sc="250,-5,250,-10,188,-5,302,30" /><INIT seed="2,0,0,5,2,68" ten="245,240,183,332" oya="2" hai0="23,35,13,71,114,9,5,43,124,59,102,89,73" hai1="128,105,12,92,1,53,54,65,85,7,36,34,44" hai2="45,91,83,123,126,18,63,118,57,87,129,74,58" hai3="115,38,21,29,75,93,134,135,113,78,8,101,72"/><V2/><F123/><W28/><G38/><T76/><D71/><U49/><E105/><V41/><F118/><W56/><G56/><T70/><D70/><U104/><E104/><V86/><F2/><W30/><G21/><T98/><D114/><N who="3" m="43529" /><G8/><T79/><D73/><N who="3" m="28233" /><G78/><T131/><D23/><U31/><E1/><V130/><F74/><W10/><G10/><T109/><D59/><U112/><E36/><V122/><F122/><W108/><G108/><T133/><D109/><U61/><E128/><N who="2" m="49259" /><F126/><W116/><G116/><T125/><D76/><U50/><E112/><V60/><F18/><W99/><AGARI ba="0,0" hai="28,29,30,93,99,101,134,135" m="28233,43529" machi="99" ten="40,1500,0" yaku="11,1" doraHai="68" who="3" fromWho="3" sc="245,-4,240,-4,183,-7,332,15" /><INIT seed="3,0,0,4,5,17" ten="241,236,176,347" oya="3" hai0="130,42,2,3,118,32,69,66,106,63,12,14,28" hai1="60,101,76,54,35,124,95,122,25,20,134,79,73" hai2="57,9,107,89,92,123,19,48,1,44,127,53,68" hai3="31,72,15,37,78,116,47,115,26,59,65,86,111"/><W18/><G72/><T56/><D118/><U71/><E122/><V7/><F107/><W125/><G125/><T58/><D42/><U112/><E112/><V22/><F68/><W75/><G75/><T8/><D14/><U102/><E35/><V67/><F127/><W81/><G115/><T0/><D130/><U90/><E134/><V120/><F67/><W91/><G111/><T100/><D12/><U6/><E6/><V98/><REACH who="2" step="1"/><F44/><REACH who="2" ten="241,236,166,347" step="2"/><W103/><G47/><T23/><D69/><U43/><E124/><V29/><F29/><W97/><G31/><T128/><D66/><U135/><E71/><V131/><F131/><W132/><G65/><T113/><D28/><N who="1" m="17447" /><E135/><V94/><F94/><W117/><G132/><T119/><D106/><U114/><E114/><V74/><F74/><W129/><G129/><T52/><D128/><U82/><E73/><V49/><F49/><W85/><G37/><T109/><D113/><U16/><E95/><V38/><F38/><W27/><G117/><T126/><D119/><U34/><E60/><V108/><F108/><W80/><G116/><T62/><D109/><U10/><E82/><V30/><F30/><W13/><G81/><T70/><D70/><U96/><E34/><V121/><F121/><W4/><G80/><T84/><D32/><U33/><E33/><V110/><F110/><W40/><G40/><T88/><D62/><U105/><E43/><V5/><F5/><W51/><G4/><T41/><D41/><U36/><E36/><V46/><F46/><W104/><G104/><T61/><D126/><U99/><E105/><RYUUKYOKU ba="0,1" sc="241,-10,236,-10,166,30,347,-10" hai2="1,7,9,19,22,48,53,57,89,92,98,120,123" owari="231,3.1,226,-17.4,196,-30.4,347,44.7" /></mjloggm>