<mjloggm ver="2.3"><GO type="225" lobby="0"/><UN n0="%E3%82%BC%E3%83%AB%E3%83%80%E3%81%AE%E4%BC%9D%E8%AA%AC" n1="%E3%83%B4%E3%83%A0%EF%BC%99%E3%81%A6" n2="%E4%BF%BA%E3%81%A8%E5%A6%96%E5%A4%A2" n3="%E3%81%8B%E3%82%8F%E3%81%A1%E3%82%83%E3%82%93%35%38" dan="18,16,17,17" rate="2202.30,2113.26,2158.46,2258.00" sx="M,M,F,M"/><TAIKYOKU oya="0"/><INIT seed="0,0,0,4,5,49" ten="250,250,250,250" oya="0" hai0="35,76,83,63,106,79,67,135,129,65,70,82,89" hai1="50,18,15,132,20,105,4,37,30,101,116,117,99" hai2="43,7,109,124,5,71,108,2,31,122,51,64,125" hai3="126,86,54,62,52,56,58,36,128,55,19,28,27"/><T33/><D106/><U42/><E132/><V110/><F122/><W84/><G36/><T45/><D135/><U44/><E4/><V78/><F64/><W57/><G128/><T53/><D129/><U68/><E68/><V38/><F38/><W9/><G126/><N who="2" m="48745" /><F71/><W115/><G115/><T22/><D89/><U80/><E37/><V111/><N who="2" m="27648" /><DORA hai="104" /><V131/><F131/><W69/><G69/><T29/><D22/><U130/><E130/><V97/><F2/><W94/><G62/><T85/><D29/><U10/><REACH who="1" step="1"/><E80/><REACH who="1" ten="250,240,250,250" step="2"/><V1/><F5/><W23/><G94/><T98/><D82/><U72/><E72/><V26/><F7/><W77/><G77/><T133/><D79/><U17/><E17/><V123/><F123/><W25/><REACH who="3" step="1"/><G9/><REACH who="3" ten="250,240,250,240" step="2"/><T21/><D76/><U40/><E40/><V100/><F78/><W87/><G87/><T0/><D85/><U24/><AGARI ba="0,2" hai="10,15,18,20,24,30,42,44,50,99,101,105,116,117" machi="24" ten="30,4000,0" yaku="1,1,0,1,53,1" doraHai="49,104" doraHaiUra="3,13" who="1" fromWho="1" sc="250,-20,240,60,250,-10,240,-10" /><INIT seed="1,0,0,3,5,44" ten="230,300,240,230" oya="1" hai0="65,67,97,86,37,30,79,87,121,91,73,55,34" hai1="85,100,11,82,72,94,111,6,46,104,45,68,10" hai2="23,31,88,75,9,90,57,26,119,54,135,3,114" hai3="7,5,103,113,35,122,24,105,125,66,130,48,47"/><U58/><E68/><V116/><F119/><W8/><G113/><T27/><D37/><U118/><E118/><V29/><F116/><W77/><G122/><T41/><D41/><U109/><E104/><V28/><F75/><W4/><G125/><T120/><D73/><U80/><E72/><V60/><F114/><W93/><G105/><T2/><D2/><U53/><E94/><V20/><F135/><W43/><G77/><T115/><D115/><U123/><E100/><V76/><F76/><W21/><G130/><T18/><D18/><U110/><E123/><N who="0" m="47177" /><D55/><U102/><E102/><V117/><F117/><W106/><G35/><T95/><D79/><N who="1" m="46239" /><E82/><V33/><F33/><W134/><G66/><AGARI ba="0,0" hai="27,30,34,65,66,67,86,87,91,95,97" m="47177" machi="66" ten="30,1000,0" yaku="13,1" doraHai="44" who="0" fromWho="3" sc="230,10,300,0,240,0,230,-10" /><INIT seed="2,0,0,3,5,9" ten="240,300,240,220" oya="2" hai0="7,1,114,85,59,118,111,99,78,131,92,16,18" hai1="113,65,108,124,13,126,61,27,36,73,52,30,83" hai2="135,25,20,8,116,117,88,32,38,69,29,129,11" hai3="28,123,97,50,60,76,6,112,86,103,107,37,55"/><V110/><F69/><W62/><G37/><T15/><D114/><U19/><E113/><V33/><F38/><W105/><G112/><T47/><D111/><U77/><E36/><V21/><F110/><W23/><G123/><T48/><D1/><U127/><E108/><V75/><F75/><W31/><G107/><T128/><D59/><N who="1" m="35047" /><E65/><V2/><F88/><W24/><G28/><T74/><D74/><U3/><E3/><V49/><F49/><W0/><G0/><T35/><D35/><N who="2" m="13386" /><F135/><W94/><G6/><T93/><D118/><N who="2" m="45674" /><F129/><N who="0" m="49738" /><D78/><U132/><E132/><V98/><F98/><W68/><G68/><T106/><D85/><U10/><E27/><N who="2" m="16615" /><F2/><W102/><G102/><N who="0" m="60775" /><D93/><U84/><E30/><AGARI ba="0,0" hai="8,11,21,25,30" m="16615,45674,13386" machi="30" ten="30,2900,0" yaku="34,2" doraHai="9" who="2" fromWho="1" sc="240,0,300,-29,240,29,220,0" /><INIT seed="2,1,0,5,2,65" ten="240,271,269,220" oya="2" hai0="38,116,47,50,40,36,7,91,81,132,22,121,57" hai1="10,67,19,69,42,103,34,107,115,72,53,90,43" hai2="6,51,15,80,123,95,124,106,66,111,118,97,101" hai3="93,27,35,26,127,75,64,133,89,112,33,117,62"/><V13/><F118/><W125/><G75/><T52/><D121/><U71/><E72/><V56/><F123/><W87/><G117/><T17/><D132/><U54/><E115/><V12/><F124/><N who="3" m="47691" /><G133/><T1/><D116/><U46/><E34/><N who="3" m="12810" /><G112/><T114/><D114/><U24/><E90/><V25/><F111/><W131/><G131/><T119/><D119/><U94/><E94/><V60/><F106/><W82/><G93/><T4/><D38/><U11/><E67/><V16/><F80/><W129/><G129/><T68/><D68/><AGARI ba="1,0" hai="26,27,62,64,68,82,87,89" m="12810,47691" machi="68" ten="30,2000,0" yaku="18,1,52,1" doraHai="65" who="3" fromWho="0" sc="240,-23,271,0,269,0,220,23" /><INIT seed="3,0,0,3,0,11" ten="217,271,269,243" oya="3" hai0="27,74,81,68,43,40,83,126,130,67,42,73,59" hai1="50,124,62,24,127,34,104,3,78,86,101,121,77" hai2="117,8,106,134,23,84,71,30,94,107,36,53,18" hai3="102,39,85,82,70,108,99,92,28,79,41,14,112"/><W5/><G70/><T69/><D27/><U54/><E3/><V93/><F117/><W91/><G112/><T89/><D59/><U111/><E121/><V122/><F71/><N who="0" m="27210" /><D89/><U98/><E62/><V21/><F8/><N who="3" m="4367" /><G39/><T58/><D58/><N who="1" m="33111" /><E86/><V20/><F30/><W80/><G41/><N who="0" m="10499" /><T9/><DORA hai="114" /><D9/><U109/><E78/><V100/><F53/><W66/><G66/><T47/><D67/><U125/><E77/><V64/><F64/><W1/><G1/><T119/><D47/><U55/><E55/><V75/><F84/><N who="3" m="48159" /><G108/><T116/><D126/><U12/><E12/><V61/><F94/><N who="3" m="58743" /><G28/><AGARI ba="0,0" hai="24,28,34,98,101,104,109,111,124,125,127" m="33111" machi="28" ten="40,1300,0" yaku="18,1" doraHai="11,114" who="1" fromWho="3" sc="217,0,271,13,269,0,243,-13" /><INIT seed="4,0,0,5,1,43" ten="217,284,269,230" oya="0" hai0="8,76,96,30,39,28,71,44,40,105,11,64,98" hai1="117,134,38,47,114,95,41,56,24,13,0,42,78" hai2="72,119,25,129,77,135,112,26,94,109,127,48,20" hai3="29,7,123,57,93,84,104,60,51,69,128,111,46"/><T99/><D105/><U126/><E0/><V19/><F109/><W37/><G104/><T115/><D115/><U27/><E117/><V118/><F112/><W34/><G111/><T4/><D76/><U63/><E114/><V125/><F135/><W82/><G37/><T121/><D121/><U87/><E134/><V21/><F94/><W54/><G128/><T58/><D71/><U116/><E116/><N who="2" m="44587" /><F48/><W36/><G123/><T62/><REACH who="0" step="1"/><D11/><REACH who="0" ten="207,284,269,230" step="2"/><U80/><E78/><V59/><F77/><W75/><G69/><T70/><D70/><U15/><E126/><V32/><F129/><W74/><G74/><T16/><D16/><U92/><E38/><V2/><F72/><W31/><G75/><T133/><D133/><U17/><E17/><V120/><F120/><W91/><G36/><T83/><D83/><U85/><E80/><V66/><F127/><W113/><G113/><T18/><D18/><U108/><E108/><V102/><F125/><W23/><G7/><T90/><D90/><U1/><E92/><V110/><F110/><W33/><G82/><T131/><D131/><U53/><E95/><V55/><F25/><N who="3" m="16575" /><G31/><T81/><D81/><U65/><E24/><V14/><F26/><W86/><G86/><T101/><D101/><U35/><E87/><V50/><F102/><W107/><G107/><T10/><D10/><U22/><E85/><V67/><F19/><W103/><G103/><T79/><D79/><U122/><E27/><V6/><F6/><W45/><G45/><T3/><AGARI ba="0,1" hai="3,4,8,28,30,39,40,44,58,62,64,96,98,99" machi="3" ten="30,11700,0" yaku="1,1,0,1,52,1,53,1" doraHai="43" doraHaiUra="61" who="0" fromWho="0" sc="207,127,284,-39,269,-39,230,-39" owari="334,43.4,245,4.5,230,-17.0,191,-30.9" /></mjloggm>