<mjloggm ver="2.3"><GO type="225" lobby="0"/><UN n0="%E7%99%BD%E9%9B%AA%E4%B9%83%E6%84%9B" n1="%E5%AF%82%E5%AF%9E%E3%82%AE%E3%83%8D%E3%82%B9%E3%83%93%E3%83%BC%E3%83%AB" n2="%33%74%72%65%65" n3="%E7%AD%89%E3%80%85%E5%8A%9B%E5%8A%87%E5%A0%B4" dan="16,16,16,16" rate="2066.70,2123.11,2149.50,2131.14" sx="F,M,F,M"/><TAIKYOKU oya="0"/><INIT seed="0,0,0,4,0,8" ten="250,250,250,250" oya="0" hai0="29,0,128,80,76,52,1,15,122,41,25,75,81" hai1="24,6,36,130,114,17,34,111,60,98,110,22,95" hai2="37,42,2,53,69,51,31,68,62,13,4,83,57" hai3="93,56,49,82,108,94,66,23,101,84,7,19,18"/><T127/><D122/><U32/><E36/><V45/><F2/><W3/><G108/><N who="1" m="41514" /><E130/><V10/><F31/><W90/><G3/><T119/><D119/><U71/><E6/><V33/><F33/><W118/><G7/><T105/><D105/><U61/><E114/><V126/><F126/><W46/><G118/><T131/><D41/><U134/><E134/><V132/><F132/><W115/><G115/><T78/><D127/><U54/><E71/><V43/><F43/><W116/><G116/><T106/><D106/><U88/><E61/><V109/><F109/><W113/><G113/><T72/><D0/><U5/><E5/><V79/><REACH who="2" step="1"/><F37/><REACH who="2" ten="250,250,240,250" step="2"/><W100/><G100/><T87/><D1/><U12/><E24/><V20/><F20/><W97/><G23/><T27/><D29/><U121/><E121/><V67/><F67/><W55/><G66/><T89/><D25/><U58/><AGARI ba="0,1" hai="12,17,22,32,34,54,58,60,88,95,98" m="41514" machi="58" ten="30,4000,0" yaku="14,1,52,1,54,1" doraHai="8" who="1" fromWho="1" sc="250,-20,250,50,240,-10,250,-10" /><INIT seed="1,0,0,1,3,67" ten="230,300,230,240" oya="1" hai0="74,76,36,99,19,21,32,12,58,128,4,122,102" hai1="130,80,109,65,115,111,47,90,107,16,100,120,23" hai2="77,94,50,134,28,123,26,29,46,43,34,18,38" hai3="129,33,30,127,17,27,59,37,75,66,93,73,118"/><U60/><E115/><V25/><F123/><W105/><G105/><T63/><D122/><U124/><E120/><V39/><F134/><W15/><G37/><T106/><D128/><U98/><E130/><V64/><F77/><W103/><G129/><T57/><D36/><U133/><E133/><V35/><F18/><W110/><G110/><N who="1" m="41994" /><E47/><V0/><F0/><W9/><G127/><T62/><D32/><U7/><E7/><V53/><F64/><W97/><G118/><T131/><D131/><U68/><E124/><V86/><REACH who="2" step="1"/><F43/><REACH who="2" ten="230,300,220,240" step="2"/><W125/><G125/><T52/><D4/><U48/><E48/><V45/><F45/><W121/><G121/><T40/><D40/><U104/><E104/><V8/><F8/><W3/><G3/><T78/><REACH who="0" step="1"/><D74/><REACH who="0" ten="220,300,220,240" step="2"/><U83/><E90/><AGARI ba="0,2" hai="25,26,28,29,34,35,38,39,46,50,53,86,90,94" machi="90" ten="40,2600,0" yaku="1,1,9,1,53,0" doraHai="67" doraHaiUra="1" who="2" fromWho="1" sc="220,0,300,-26,220,46,240,0" /><INIT seed="2,0,0,2,0,131" ten="220,274,266,240" oya="2" hai0="1,130,133,99,21,91,60,100,92,66,69,6,79" hai1="89,93,77,2,74,18,42,107,37,8,114,94,71" hai2="126,22,90,112,70,44,67,56,98,103,64,16,95" hai3="40,35,117,68,96,41,62,55,0,135,59,39,51"/><V33/><F112/><W25/><G0/><T75/><D130/><U63/><E107/><V28/><F126/><W58/><G96/><T17/><D1/><U86/><E18/><V15/><F70/><W113/><G35/><T65/><D6/><N who="1" m="1111" /><E114/><V45/><F90/><W57/><G25/><T76/><D75/><U87/><E63/><N who="2" m="37991" /><F33/><W78/><G78/><T23/><D23/><U52/><E71/><V54/><F67/><N who="3" m="41079" /><G113/><T105/><D66/><U124/><E124/><V12/><F12/><W82/><G82/><T125/><D125/><U38/><E38/><V119/><F119/><W116/><G39/><T27/><REACH who="0" step="1"/><D133/><REACH who="0" ten="210,274,266,240" step="2"/><U88/><E74/><V31/><F54/><W121/><G135/><T127/><D127/><U4/><E52/><V26/><F28/><W132/><G132/><T85/><AGARI ba="0,1" hai="17,21,27,60,65,69,76,79,85,91,92,99,100,105" machi="85" ten="20,2700,0" yaku="1,1,0,1,7,1,53,0" doraHai="131" doraHaiUra="46" who="0" fromWho="0" sc="210,37,274,-7,266,-13,240,-7" /><INIT seed="3,0,0,4,2,109" ten="247,267,253,233" oya="3" hai0="54,19,70,23,21,51,131,102,17,113,55,65,4" hai1="1,7,104,59,80,99,132,115,129,101,64,106,44" hai2="63,126,92,87,22,26,20,33,125,28,91,85,128" hai3="86,50,82,135,29,130,111,11,36,41,5,122,117"/><W118/><G122/><T40/><D131/><U47/><E115/><V13/><F128/><W107/><G130/><T35/><D35/><U18/><E129/><V9/><F63/><W10/><G107/><T68/><D4/><U134/><E106/><V56/><F56/><W67/><G36/><T116/><D116/><U73/><E18/><V30/><F85/><W105/><G105/><T38/><D102/><U81/><E59/><V62/><F62/><W103/><G103/><T39/><D51/><U12/><E64/><V31/><F33/><W32/><G67/><T2/><D65/><U14/><E1/><V100/><F100/><W84/><G111/><T48/><D48/><U66/><E66/><V77/><F77/><W16/><G135/><N who="1" m="51754" /><E7/><V112/><F112/><W25/><G5/><T76/><D76/><N who="1" m="44047" /><E81/><V98/><F31/><W57/><G82/><T133/><D133/><U15/><AGARI ba="0,0" hai="12,14,15,44,47,99,101,104" m="44047,51754" machi="15" ten="30,1100,0" yaku="20,1" doraHai="109" who="1" fromWho="1" sc="247,-3,267,11,253,-3,233,-5" /><INIT seed="4,0,0,0,1,71" ten="244,278,250,228" oya="0" hai0="16,62,55,0,104,64,20,38,114,116,15,54,3" hai1="78,115,120,121,134,19,80,34,103,118,129,29,65" hai2="22,98,119,91,63,17,43,41,85,131,124,70,76" hai3="101,23,51,24,79,81,77,92,6,130,57,44,111"/><T59/><D116/><U53/><E118/><V30/><F119/><W117/><G117/><RYUUKYOKU type="kaze4" ba="0,0" sc="244,0,278,0,250,0,228,0" /><INIT seed="4,1,0,5,4,107" ten="244,278,250,228" oya="0" hai0="45,132,37,83,135,58,32,16,28,85,131,49,123" hai1="67,92,13,108,66,91,70,35,78,52,119,106,10" hai2="124,36,109,128,39,41,99,51,75,23,114,56,74" hai3="105,40,93,127,9,81,65,116,72,38,104,48,57"/><T84/><D123/><U63/><E108/><V102/><F109/><W73/><G116/><T4/><D4/><U82/><E106/><N who="2" m="63839" /><F23/><W101/><G38/><T89/><D131/><U26/><E119/><V115/><F128/><W59/><G105/><T113/><D113/><N who="2" m="43018" /><F124/><W68/><G104/><T11/><D37/><N who="2" m="14410" /><F56/><W12/><G68/><T69/><D69/><U33/><E26/><V25/><F25/><W47/><G127/><T2/><D58/><N who="1" m="35271" /><E70/><V118/><F118/><W88/><G101/><T133/><D85/><N who="1" m="48343" /><E33/><V53/><F53/><W5/><G81/><T96/><D32/><U100/><E100/><V18/><F18/><W22/><G22/><T111/><D111/><U50/><E50/><V79/><F79/><W121/><G121/><T129/><D129/><U14/><E35/><V64/><F64/><N who="1" m="24617" /><E10/><V117/><F117/><W94/><G94/><T6/><D49/><U1/><E1/><V17/><F17/><W95/><G95/><N who="0" m="56431" /><D16/><U98/><AGARI ba="1,0" hai="13,14,91,92,98" m="24617,48343,35271" machi="98" ten="30,2000,0" yaku="8,1,54,1" doraHai="107" who="1" fromWho="1" sc="244,-11,278,23,250,-6,228,-6" owari="233,-16.7,301,40.1,244,4.4,222,-27.8" /></mjloggm>