<mjloggm ver="2.3"><GO type="225" lobby="0"/><UN n0="%E3%83%97%E3%83%AC%E3%83%B4%E3%82%A1%E3%83%86%E3%82%A3" n1="%E3%82%BF%E3%83%BC%E3%83%90%E3%83%B3%E9%87%8E%E5%8F%A3" n2="%73%6C%69%63%6B%33%31%39" n3="%E3%81%A0%E3%81%8A" dan="16,16,16,16" rate="2077.64,2143.66,2049.97,2044.42" sx="F,M,M,M"/><TAIKYOKU oya="0"/><INIT seed="0,0,0,3,5,33" ten="250,250,250,250" oya="0" hai0="8,103,37,74,2,115,6,82,91,78,63,111,10" hai1="102,69,128,55,71,118,57,52,112,81,107,31,41" hai2="130,26,96,126,15,54,22,27,51,89,104,46,127" hai3="133,122,19,88,17,7,35,84,60,85,12,24,5"/><T68/><D115/><U101/><E118/><V113/><F113/><W94/><G133/><T92/><D111/><U100/><E112/><V99/><F130/><W65/><G122/><T119/><D119/><U48/><E128/><V20/><F15/><W42/><G42/><T66/><D37/><U45/><E107/><V121/><F121/><W59/><G85/><T86/><D10/><U9/><E31/><V72/><F72/><W13/><G24/><T108/><D108/><U70/><E81/><V79/><F79/><W58/><G58/><T120/><D120/><U90/><E90/><V38/><F38/><W11/><REACH who="3" step="1"/><G35/><REACH who="3" ten="250,250,250,240" step="2"/><T93/><REACH who="0" step="1"/><D103/><REACH who="0" ten="240,250,250,240" step="2"/><U34/><E34/><V50/><F127/><W131/><G131/><T61/><D61/><U77/><E77/><V97/><F126/><W29/><G29/><T98/><D98/><U36/><E9/><AGARI ba="0,2" hai="5,7,9,11,12,13,17,19,59,60,65,84,88,94" machi="9" ten="30,12000,2" yaku="1,1,7,1,9,1,8,1,54,1,53,2" doraHai="33" doraHaiUra="4" who="3" fromWho="1" sc="240,0,250,-120,250,0,240,140" /><INIT seed="1,0,0,3,3,68" ten="240,130,250,380" oya="1" hai0="135,40,14,53,57,22,8,55,38,54,25,93,21" hai1="37,105,6,91,109,42,130,95,60,80,35,62,103" hai2="56,28,129,10,76,88,65,15,45,16,47,121,114" hai3="58,72,77,116,112,125,104,66,49,92,46,12,123"/><U100/><E130/><V43/><F121/><W2/><G104/><T64/><D135/><U69/><E35/><V75/><F129/><W0/><G123/><T59/><D93/><U20/><E105/><V34/><F75/><W4/><G112/><T9/><D64/><U61/><E69/><V87/><F114/><W97/><G125/><T94/><D94/><U89/><E109/><V96/><F34/><W74/><G12/><T99/><D99/><N who="1" m="57839" /><E37/><V131/><F131/><W63/><G4/><T19/><D40/><U52/><E42/><V119/><F119/><W71/><G71/><T30/><D38/><U98/><E6/><V133/><F28/><W81/><G74/><T70/><D70/><U108/><E108/><V44/><F133/><W23/><G23/><T107/><D107/><U79/><E79/><V11/><F11/><AGARI ba="0,0" hai="8,9,11,14,19,21,22,25,30,53,54,55,57,59" machi="11" ten="40,1300,0" yaku="8,1" doraHai="68" who="0" fromWho="2" sc="240,13,130,0,250,-13,380,0" /><INIT seed="2,0,0,1,3,40" ten="253,130,237,380" oya="2" hai0="135,108,55,81,128,78,86,121,100,98,99,5,104" hai1="27,112,12,51,50,126,73,114,49,102,67,125,131" hai2="115,18,3,19,130,17,36,124,92,64,65,2,80" hai3="129,39,79,61,94,9,120,38,77,6,54,70,101"/><V66/><F115/><N who="1" m="44073" /><E73/><V16/><F36/><W91/><G101/><T47/><D121/><U83/><E83/><V32/><F32/><W28/><G28/><T4/><D108/><U134/><E102/><V23/><F130/><W69/><G69/><T43/><D128/><U25/><E12/><V123/><F123/><W74/><G74/><T82/><D135/><U133/><E67/><V107/><F107/><W96/><G129/><T68/><D68/><U52/><E131/><V95/><F124/><N who="1" m="47721" /><E25/><V118/><F118/><W22/><G120/><T13/><D98/><U111/><E27/><V46/><F46/><W11/><G96/><T37/><D82/><U31/><E31/><V44/><F44/><W10/><G79/><T53/><REACH who="0" step="1"/><D13/><REACH who="0" ten="243,130,237,380" step="2"/><U75/><E111/><V113/><F113/><W87/><G70/><T117/><D117/><U57/><E75/><V30/><F80/><W42/><G77/><T110/><D110/><U15/><E15/><V35/><F2/><W103/><G87/><T58/><D58/><U48/><AGARI ba="0,1" hai="48,49,50,51,52,57,133,134" m="47721,44073" machi="48" ten="40,8000,1" yaku="18,1,34,2,54,1" doraHai="40" who="1" fromWho="1" sc="243,-20,130,90,237,-40,380,-20" /><INIT seed="3,0,0,0,0,59" ten="223,220,197,360" oya="3" hai0="109,24,73,114,85,7,132,42,123,29,54,57,33" hai1="26,74,84,78,79,70,81,104,47,107,67,95,88" hai2="0,86,119,58,25,69,100,120,11,19,50,82,76" hai3="14,45,103,125,105,77,112,20,61,2,16,130,23"/><W83/><G112/><T62/><D73/><N who="1" m="43215" /><E26/><V36/><F119/><W122/><G45/><T41/><D123/><U32/><E47/><V66/><F36/><W72/><G103/><T133/><D114/><U52/><E67/><V90/><F120/><W27/><G20/><T101/><D109/><U65/><E65/><V46/><F69/><W17/><G23/><T4/><D101/><U40/><E40/><N who="0" m="15465" /><D85/><N who="1" m="52623" /><E70/><V116/><F116/><W124/><G17/><T134/><AGARI ba="0,0" hai="4,7,24,29,33,54,57,62,132,133,134" m="15465" machi="134" ten="40,2700,0" yaku="20,1,52,1" doraHai="59" who="0" fromWho="0" sc="223,27,220,-7,197,-7,360,-13" owari="250,5.0,213,-18.7,190,-31.0,347,44.7" /></mjloggm>