<mjloggm ver="2.3"><GO type="225" lobby="0"/><UN n0="%E3%81%B2%E3%81%BE%E3%81%A4%E3%81%B6%E3%81%97" n1="%45%6C%79%73%69%75%6D" n2="%E5%8D%A0%E3%81%84%E5%B8%AB%E8%A3%8F%E3%81%AA%E3%81%84%E3%81%97" n3="%E7%99%BD%E5%92%B2%E8%8A%B1%E3%81%A1%E3%82%83%E3%82%93" dan="17,17,16,16" rate="2170.33,2124.29,2116.35,2095.16" sx="M,F,M,F"/><TAIKYOKU oya="0"/><INIT seed="0,0,0,5,4,78" ten="250,250,250,250" oya="0" hai0="27,64,77,68,89,18,39,106,9,38,111,31,37" hai1="83,120,99,82,66,5,13,114,75,60,90,51,59" hai2="62,94,19,76,87,107,28,86,96,1,130,85,15" hai3="92,135,128,40,53,108,121,57,115,98,70,73,49"/><T63/><D106/><U10/><E120/><V14/><F1/><W16/><G115/><T52/><D111/><U8/><E114/><V104/><F130/><W88/><G121/><T71/><D71/><U126/><E126/><V74/><F28/><W123/><G123/><T61/><D89/><U41/><E75/><V43/><F43/><W127/><G127/><T26/><D77/><U30/><E30/><V56/><F74/><W17/><G108/><T80/><D80/><N who="1" m="30763" /><E10/><V133/><F133/><W34/><G73/><T124/><D124/><U20/><E20/><V25/><F76/><W118/><G118/><T93/><D93/><N who="1" m="56759" /><E41/><V45/><F107/><W23/><G128/><T131/><D131/><U46/><E51/><V91/><F104/><W129/><G129/><T122/><D122/><U55/><E46/><V112/><F45/><N who="3" m="25767" /><G34/><T79/><D79/><U81/><N who="1" m="30771" /><U11/><DORA hai="132" /><E11/><V58/><F112/><W54/><G70/><T48/><D63/><U97/><E97/><V4/><F62/><N who="3" m="36143" /><G135/><T32/><D32/><U21/><E21/><V50/><F50/><W113/><G113/><T105/><D105/><U47/><E47/><V103/><F96/><W2/><G2/><T67/><D31/><U116/><E116/><V36/><F86/><W110/><G110/><T117/><D117/><U29/><E29/><V134/><F85/><W44/><G23/><T12/><D68/><U7/><E7/><V119/><F4/><W6/><G6/><T35/><D35/><U3/><E3/><V24/><F134/><W33/><G33/><T84/><D39/><RYUUKYOKU ba="0,0" sc="250,-15,250,15,250,-15,250,15" hai1="5,8,13,55,59,60,66" hai3="16,17,44,54,88,92,98" /><INIT seed="1,1,0,3,3,82" ten="235,265,235,265" oya="1" hai0="47,4,72,113,88,81,94,135,116,64,127,37,7" hai1="95,46,29,84,104,73,78,110,119,51,90,131,76" hai2="12,10,52,66,21,69,108,18,114,0,17,20,65" hai3="99,75,101,45,122,132,8,23,106,86,58,92,53"/><U103/><E119/><V126/><F108/><W133/><G122/><T28/><D116/><U83/><E110/><V36/><F36/><W27/><G45/><T14/><D113/><U118/><E118/><V60/><F114/><W128/><G128/><T79/><D127/><U39/><E39/><V31/><F126/><W32/><G32/><T89/><D135/><U11/><E131/><V91/><F0/><W85/><G75/><T130/><D130/><U30/><E11/><V49/><F31/><N who="3" m="17919" /><G8/><T134/><D134/><N who="3" m="51817" /><G106/><T63/><D28/><U107/><E76/><V44/><F65/><W42/><G42/><T1/><D1/><U56/><E56/><V19/><REACH who="2" step="1"/><F91/><REACH who="2" ten="235,265,225,265" step="2"/><W97/><G97/><T129/><D89/><U71/><E29/><V22/><AGARI ba="1,1" hai="10,12,17,18,19,20,21,22,44,49,52,60,66,69" machi="22" ten="30,7900,0" yaku="1,1,2,1,0,1,54,1,53,0" doraHai="82" doraHaiUra="3" who="2" fromWho="2" sc="235,-21,265,-40,225,92,265,-21" /><INIT seed="2,0,0,4,2,110" ten="214,225,317,244" oya="2" hai0="112,91,44,56,32,97,58,88,25,107,40,114,6" hai1="64,103,95,18,8,31,89,38,45,5,71,3,22" hai2="7,74,86,73,30,51,52,108,17,81,43,35,123" hai3="66,2,65,122,106,70,24,54,79,61,124,121,128"/><V72/><F123/><W27/><G106/><T134/><D6/><U80/><E31/><V104/><F104/><W105/><G105/><T36/><D134/><U120/><E120/><V33/><F108/><W118/><G118/><T67/><D32/><U90/><E64/><V62/><F30/><W125/><G2/><T131/><D25/><U100/><E71/><V20/><F7/><W11/><G54/><T50/><D131/><U21/><E80/><V41/><F62/><W93/><G93/><T9/><D9/><U15/><E22/><V29/><F29/><W87/><G11/><T48/><D36/><U10/><E10/><V4/><F4/><W85/><G61/><T117/><D117/><U98/><REACH who="1" step="1"/><E103/><REACH who="1" ten="214,215,317,244" step="2"/><V76/><F33/><W13/><G70/><T135/><D135/><U132/><E132/><V39/><F35/><W42/><G121/><T28/><D28/><U26/><E26/><V49/><F81/><W46/><G122/><T53/><D107/><U83/><E83/><V16/><F20/><W126/><G24/><T63/><REACH who="0" step="1"/><D97/><REACH who="0" ten="204,215,317,244" step="2"/><U99/><E99/><V19/><F19/><W129/><G27/><T133/><D133/><U47/><E47/><V119/><F17/><W82/><G46/><T113/><AGARI ba="0,2" hai="40,44,48,50,53,56,58,63,67,88,91,112,113,114" machi="113" ten="30,12000,2" yaku="1,1,0,1,52,3,54,1,53,0" doraHai="110" doraHaiUra="69" who="0" fromWho="0" sc="204,140,215,-30,317,-60,244,-30" /><INIT seed="3,0,0,2,2,96" ten="344,185,257,214" oya="3" hai0="33,116,28,63,49,74,32,36,118,50,26,134,84" hai1="60,131,17,61,121,41,70,95,48,90,123,76,79" hai2="35,40,109,57,2,0,29,54,86,52,75,7,129" hai3="56,13,58,66,82,105,68,85,132,51,53,127,20"/><W89/><G127/><T113/><D74/><U18/><E131/><V31/><F75/><W115/><G132/><T5/><D134/><U99/><E121/><V8/><F0/><W100/><G115/><T64/><D36/><U94/><E123/><V77/><F109/><W122/><G122/><T110/><D110/><U119/><E119/><V97/><F40/><W62/><G68/><T6/><D84/><U101/><E70/><V14/><F35/><W111/><G111/><T125/><D125/><U37/><E37/><V38/><F38/><W30/><G13/><T107/><D107/><U72/><E72/><V43/><F43/><W22/><REACH who="3" step="1"/><G30/><REACH who="3" ten="344,185,257,204" step="2"/><T120/><D113/><U88/><E17/><V34/><F29/><W4/><G4/><T27/><D28/><U11/><E18/><V87/><F31/><W46/><G46/><T59/><D120/><U23/><E11/><V55/><F14/><W106/><G106/><T83/><D6/><U130/><E130/><V69/><F129/><W24/><G24/><T1/><D5/><U124/><E124/><V12/><F12/><W73/><G73/><T19/><D27/><U103/><E23/><V108/><F69/><W21/><G21/><T67/><D26/><U45/><E60/><V133/><F108/><W44/><G44/><T114/><D63/><U16/><E61/><V112/><F112/><W104/><G104/><T71/><D114/><U117/><E16/><V81/><F133/><W15/><G15/><T39/><D19/><U80/><E117/><V98/><F7/><W3/><G3/><T47/><D118/><RYUUKYOKU ba="0,1" sc="344,-10,185,-10,257,-10,204,30" hai3="20,22,51,53,56,58,62,66,82,85,89,100,105" /><INIT seed="3,1,1,2,3,118" ten="334,175,247,234" oya="3" hai0="30,40,100,70,51,133,3,6,124,81,63,126,68" hai1="16,130,42,0,85,86,36,69,91,129,75,76,43" hai2="54,47,106,44,41,127,134,53,65,120,99,19,73" hai3="64,95,109,79,88,119,111,123,60,58,104,112,110"/><W24/><G119/><T74/><D133/><U11/><E69/><V52/><F73/><W117/><G117/><T77/><D100/><U32/><E32/><V18/><F134/><W114/><G104/><T26/><D3/><U1/><E75/><V55/><F65/><W80/><G24/><T7/><D51/><U66/><E66/><V83/><F127/><N who="0" m="48682" /><D40/><U93/><E36/><V94/><F106/><W5/><G5/><N who="0" m="1547" /><D63/><U92/><E11/><V87/><F44/><W59/><G123/><T48/><D48/><U20/><E20/><AGARI ba="1,1" hai="20,26,30,68,70,74,77,81" m="1547,48682" machi="20" ten="30,1000,0" yaku="18,1" doraHai="118" who="0" fromWho="1" sc="334,23,175,-13,247,0,234,0" owari="357,45.7,162,-33.8,247,4.7,234,-16.6" /></mjloggm>