<mjloggm ver="2.3"><GO type="225" lobby="0"/><UN n0="%72%69%6F%75%63%68%61%6E" n1="%E3%81%8B%E3%82%8F%E3%81%A1%E3%82%83%E3%82%93%35%38" n2="%E3%81%A9%E3%82%93%E3%82%88%E3%81%8F%4D%6B%2E%32" n3="%E3%83%AD%E3%83%83%E3%83%86%E9%9B%80%E7%90%83" dan="16,16,16,17" rate="2101.29,2100.28,2182.02,2190.55" sx="M,M,M,M"/><TAIKYOKU oya="0"/><INIT seed="0,0,0,0,1,30" ten="250,250,250,250" oya="0" hai0="134,135,102,95,72,1,132,133,69,118,65,116,7" hai1="46,73,87,13,115,66,2,127,60,18,93,27,31" hai2="33,34,70,120,47,79,10,76,82,67,88,100,108" hai3="41,37,68,8,114,50,15,90,51,98,107,113,71"/><T91/><N who="0" m="33792" /><DORA hai="24" /><T12/><D72/><U40/><E2/><V35/><F120/><W55/><G37/><T21/><D1/><U4/><E4/><V124/><F100/><W97/><G41/><T78/><D78/><U48/><E73/><V128/><F10/><W111/><G111/><T85/><D102/><U54/><E127/><V45/><F108/><W101/><G51/><T0/><D0/><U32/><E115/><V20/><F124/><W52/><G55/><T129/><D129/><U104/><E104/><V43/><F128/><W28/><G28/><T77/><D77/><U44/><E87/><V89/><F79/><W83/><G71/><T9/><REACH who="0" step="1"/><D21/><REACH who="0" ten="240,250,250,250" step="2"/><U38/><E93/><V17/><F76/><W64/><G114/><T58/><D58/><U86/><E86/><V121/><F121/><W123/><G113/><T19/><D19/><U117/><E117/><V109/><F109/><W80/><G123/><T11/><D11/><U6/><E6/><V84/><F89/><W14/><G90/><T3/><D3/><U74/><E74/><V75/><F75/><W125/><G8/><T94/><D94/><U131/><E131/><V23/><F17/><W42/><G125/><T110/><D110/><U126/><E126/><V112/><F112/><W106/><G101/><T39/><D39/><U36/><E36/><V105/><F20/><W63/><G107/><T92/><D92/><U119/><E119/><V57/><F23/><W25/><G106/><T61/><AGARI ba="0,1" hai="7,9,12,61,65,69,85,91,95,116,118" m="33792" machi="61" ten="60,12000,1" yaku="1,1,0,1,20,1,53,1" doraHai="30,24" doraHaiUra="81,16" who="0" fromWho="0" sc="240,130,250,-40,250,-40,250,-40" /><INIT seed="0,1,0,0,3,116" ten="370,210,210,210" oya="0" hai0="26,95,54,0,20,19,40,117,24,131,105,62,80" hai1="114,67,121,45,103,38,7,126,30,101,132,27,51" hai2="130,8,108,11,47,92,21,72,10,98,94,3,81" hai3="86,58,96,23,33,15,43,75,61,85,12,50,127"/><T4/><D117/><U123/><E38/><V128/><F3/><W63/><G127/><T9/><D131/><N who="2" m="50218" /><F108/><W65/><G33/><T93/><D105/><U66/><E7/><V91/><F21/><W49/><G75/><T124/><D124/><U112/><E126/><V79/><F92/><W113/><G113/><N who="1" m="43626" /><E132/><V73/><F47/><N who="3" m="25855" /><G63/><T97/><D40/><N who="1" m="24999" /><E101/><V31/><F31/><W68/><G68/><T70/><D80/><U52/><E103/><V25/><F25/><W134/><G134/><T64/><D54/><U74/><E74/><AGARI ba="1,0" hai="8,10,11,72,73,74,79,81,91,94,98" m="50218" machi="74" ten="30,1000,0" yaku="19,1" doraHai="116" who="2" fromWho="1" sc="370,0,210,-13,210,13,210,0" /><INIT seed="1,0,0,3,4,2" ten="370,197,223,210" oya="1" hai0="22,65,100,49,105,135,42,66,129,56,96,39,50" hai1="89,121,75,12,122,104,85,18,87,101,78,97,7" hai2="1,48,6,51,124,45,16,38,99,79,55,40,72" hai3="94,90,52,30,123,5,47,73,102,13,67,27,109"/><U35/><E35/><V26/><F124/><W68/><G123/><T3/><D3/><U43/><E43/><V95/><F72/><W93/><G73/><T88/><D129/><U23/><E87/><V17/><F79/><W133/><G109/><T117/><D117/><U53/><E53/><V32/><F38/><W31/><G133/><T63/><D135/><U14/><E78/><V41/><F41/><W54/><G68/><T110/><D110/><U34/><E75/><V21/><F32/><W91/><G102/><T60/><D22/><U29/><E34/><V25/><F1/><W44/><G67/><T131/><D131/><U98/><E98/><V46/><F6/><W81/><G81/><T112/><D112/><U36/><E29/><V74/><F74/><W130/><G130/><T128/><D128/><U61/><E61/><V116/><F116/><W134/><G134/><T119/><D119/><U83/><REACH who="1" step="1"/><E36/><REACH who="1" ten="370,187,223,210" step="2"/><V125/><F125/><W80/><G31/><T127/><D127/><U9/><AGARI ba="0,1" hai="7,9,12,14,18,23,83,85,89,97,101,104,121,122" machi="9" ten="30,12000,1" yaku="1,1,2,1,0,1,52,1,53,1" doraHai="2" doraHaiUra="77" who="1" fromWho="1" sc="370,-40,187,130,223,-40,210,-40" /><INIT seed="1,1,0,3,1,115" ten="330,317,183,170" oya="1" hai0="39,32,23,122,45,27,56,19,99,98,133,72,64" hai1="11,71,41,4,67,6,1,65,96,131,109,108,103" hai2="86,100,129,54,42,90,24,106,50,36,63,10,88" hai3="97,12,78,73,21,14,22,43,7,9,37,68,8"/><U35/><E35/><V25/><F129/><W77/><G68/><T117/><D117/><U135/><E131/><V20/><F36/><W66/><G66/><T55/><D133/><U44/><E6/><V84/><F42/><W93/><G37/><T119/><D119/><U120/><E120/><V113/><F113/><W101/><G43/><T94/><D122/><U40/><E135/><V127/><F63/><W47/><G47/><T121/><D121/><U102/><E41/><V91/><F127/><W46/><G46/><T130/><D130/><U80/><E80/><V59/><F10/><W118/><G118/><T48/><D72/><U3/><E3/><V57/><F57/><W5/><REACH who="3" step="1"/><G73/><REACH who="3" ten="330,317,183,160" step="2"/><T75/><D75/><U34/><E67/><V126/><F126/><W74/><G74/><T53/><D64/><U83/><E65/><V18/><REACH who="2" step="1"/><F25/><REACH who="2" ten="330,317,173,160" step="2"/><W112/><G112/><T33/><D39/><U104/><E40/><V124/><F124/><W30/><G30/><T49/><D27/><U125/><E125/><V60/><F60/><W85/><G85/><T123/><D123/><U107/><E44/><V69/><F69/><W132/><G132/><T79/><D45/><U76/><E71/><V87/><F87/><W61/><G61/><T89/><D49/><U29/><E29/><V134/><F134/><W15/><G15/><T82/><D48/><U62/><E62/><V2/><F2/><W105/><G105/><T38/><D38/><U116/><E116/><V26/><F26/><W0/><G0/><T114/><D114/><U128/><E1/><V13/><F13/><RYUUKYOKU ba="1,2" sc="330,-15,317,-15,173,15,160,15" hai2="18,20,24,50,54,59,84,86,88,90,91,100,106" hai3="5,7,8,9,12,14,21,22,77,78,93,97,101" /><INIT seed="2,2,2,5,1,44" ten="315,302,188,175" oya="2" hai0="70,69,65,33,93,49,32,95,78,74,110,77,50" hai1="122,59,45,123,113,125,71,135,41,42,118,124,80" hai2="34,18,9,66,105,37,63,38,48,25,1,119,62" hai3="114,56,72,87,24,22,13,67,109,39,61,11,52"/><V55/><F119/><W10/><G109/><T128/><D65/><U14/><E118/><V20/><F105/><W15/><G72/><T130/><REACH who="0" step="1"/><D74/><REACH who="0" ten="305,302,188,175" step="2"/><U36/><E71/><V0/><F34/><W94/><G114/><T107/><D107/><U23/><E113/><V17/><F66/><W99/><G67/><T86/><D86/><U108/><E108/><AGARI ba="2,3" hai="32,33,49,50,69,70,77,78,93,95,108,110,128,130" machi="108" ten="25,8000,1" yaku="1,1,22,2,52,2,53,0" doraHai="44" doraHaiUra="81" who="0" fromWho="1" sc="305,116,302,-86,188,0,175,0" /><INIT seed="3,0,0,4,0,0" ten="421,216,188,175" oya="3" hai0="94,71,30,45,38,132,3,76,84,106,66,10,62" hai1="133,47,102,119,32,92,91,120,27,56,55,46,40" hai2="100,67,8,121,20,117,7,134,96,97,107,75,127" hai3="74,58,124,50,49,28,19,42,85,35,31,78,88"/><W80/><G124/><T116/><D106/><U93/><E120/><V110/><F117/><W130/><G130/><T126/><D116/><U77/><E77/><V86/><F75/><W34/><G34/><T59/><D126/><U64/><E119/><V104/><F127/><W16/><G35/><T24/><D71/><U18/><E64/><V6/><F121/><W52/><G74/><T33/><D132/><U69/><E69/><V109/><F67/><W87/><G42/><T108/><D108/><N who="2" m="41578" /><F134/><W5/><G5/><N who="2" m="1545" /><F8/><W14/><G50/><T65/><D3/><U70/><E133/><V15/><F86/><W81/><G19/><T105/><D10/><AGARI ba="0,0" hai="10,14,16,28,31,49,52,58,78,80,81,85,87,88" machi="10" ten="30,12000,1" yaku="7,1,8,1,54,3" doraHai="0" who="3" fromWho="0" sc="421,-120,216,0,188,0,175,120" /><INIT seed="3,1,0,1,2,61" ten="301,216,188,295" oya="3" hai0="126,2,93,108,33,120,90,54,67,104,43,78,20" hai1="35,105,41,89,40,49,65,39,63,91,125,109,123" hai2="81,9,122,75,15,112,24,106,71,99,37,53,135" hai3="18,101,103,92,133,25,34,38,32,12,6,10,118"/><W56/><G118/><T46/><D120/><U74/><E123/><V14/><F122/><W76/><G38/><T132/><D33/><U134/><E39/><V116/><F116/><W26/><G133/><T82/><D104/><U30/><E74/><V84/><F112/><W23/><G34/><T111/><D2/><U97/><E134/><V16/><F75/><W58/><G76/><T121/><D67/><U69/><E109/><N who="0" m="42057" /><D126/><U13/><E13/><V3/><F135/><W124/><G124/><T19/><D132/><U110/><E110/><V50/><F37/><W94/><G32/><T7/><D54/><U114/><E114/><V51/><F71/><W8/><G26/><N who="0" m="14623" /><D7/><U127/><E127/><V52/><F3/><W47/><G47/><T113/><D113/><U59/><E125/><V100/><F24/><W55/><G10/><T66/><D66/><U73/><E73/><V88/><F53/><W107/><G107/><T5/><D5/><U128/><E128/><V11/><F52/><W45/><G45/><T22/><D22/><U117/><E117/><V86/><F86/><W131/><G131/><T4/><D4/><AGARI ba="1,0" hai="4,9,11,14,15,16,50,51,81,84,88,99,100,106" machi="4" ten="30,3900,0" yaku="7,1,54,2" doraHai="61" who="2" fromWho="0" sc="301,-42,216,0,188,42,295,0" /><INIT seed="4,0,0,2,2,19" ten="259,216,230,295" oya="0" hai0="24,109,2,98,126,30,36,20,88,104,59,90,48" hai1="5,61,84,42,11,18,66,122,111,102,97,29,134" hai2="27,75,44,70,105,46,25,31,10,71,69,40,16" hai3="6,118,3,115,114,9,7,107,72,80,41,123,13"/><T100/><D36/><U51/><E111/><V12/><F75/><W76/><G118/><T49/><D2/><U54/><E122/><V79/><F79/><W62/><G123/><T119/><D119/><U37/><E134/><V117/><F117/><W128/><G128/><T120/><D120/><U87/><E29/><V96/><F105/><W133/><G133/><T86/><D109/><U0/><E42/><V23/><F96/><W64/><G107/><T125/><D59/><U56/><E37/><V94/><F94/><W39/><G13/><T52/><D90/><U108/><E108/><V83/><F83/><W26/><G26/><T8/><D8/><U121/><E121/><V38/><F46/><N who="3" m="23871" /><G7/><T33/><D33/><U77/><E77/><V17/><REACH who="2" step="1"/><F71/><AGARI ba="0,0" hai="3,6,9,62,64,71,72,76,80,114,115" m="23871" machi="71" ten="30,2000,0" yaku="25,1,23,1" doraHai="19" who="3" fromWho="2" sc="259,0,216,0,230,-20,295,20" owari="259,5.9,216,-18.4,210,-29.0,315,41.5" /></mjloggm>