<mjloggm ver="2.3"><GO type="225" lobby="0"/><UN n0="%73%73%6B%5F%66%72%65%65" n1="%E7%89%B9%E6%9D%B1%E3%81%AF%E4%B8%96%E7%95%8C%E3%82%92%E6%95%91%E3%81%86" n2="%E8%90%BD%E6%97%A5" n3="%E6%A1%9C%E8%8A%B1%E9%96%83%E3%80%85" dan="16,16,16,16" rate="2190.81,2133.08,2186.11,2181.43" sx="M,M,F,M"/><TAIKYOKU oya="0"/><INIT seed="0,0,0,0,1,12" ten="250,250,250,250" oya="0" hai0="134,62,133,107,51,99,88,64,79,59,130,115,36" hai1="38,5,77,91,123,126,3,28,109,69,41,10,66" hai2="118,39,111,121,120,1,74,30,87,27,70,0,17" hai3="96,31,33,131,113,68,55,73,14,76,82,23,37"/><T11/><D115/><U58/><E123/><V21/><F87/><W4/><G113/><T135/><D130/><U49/><E109/><V100/><F100/><W72/><G131/><T44/><D36/><U35/><E126/><V32/><F74/><W98/><G68/><T71/><D79/><U92/><E77/><V86/><F86/><W78/><G37/><T101/><D11/><U46/><E28/><V94/><F94/><W63/><G33/><T89/><REACH who="0" step="1"/><D71/><REACH who="0" ten="240,250,250,250" step="2"/><U54/><E35/><V125/><F70/><W20/><G76/><T114/><D114/><U67/><REACH who="1" step="1"/><E69/><REACH who="1" ten="240,240,250,250" step="2"/><V108/><F125/><W90/><G73/><T9/><D9/><U56/><E56/><V95/><F111/><W132/><G78/><T122/><D122/><U18/><E18/><V53/><F108/><W119/><G72/><T104/><D104/><U52/><E52/><AGARI ba="0,2" hai="44,51,52,59,62,64,88,89,99,101,107,133,134,135" machi="52" ten="40,12000,1" yaku="1,1,20,1,54,2,53,0" doraHai="12" doraHaiUra="24" who="0" fromWho="1" sc="240,140,240,-120,250,0,250,0" /><INIT seed="0,1,0,3,0,100" ten="380,120,250,250" oya="0" hai0="128,16,21,9,41,127,30,93,33,7,56,77,61" hai1="19,109,99,37,66,80,43,12,96,89,42,32,15" hai2="103,0,65,2,72,117,84,120,35,17,132,87,108" hai3="85,20,29,10,114,102,112,134,51,39,115,82,131"/><T50/><D128/><U62/><E32/><V36/><F103/><W70/><G39/><T88/><D127/><U60/><E109/><V45/><F65/><W23/><G131/><T116/><D77/><U118/><E118/><V135/><F17/><W129/><G129/><T25/><D116/><U13/><E19/><V5/><F5/><W68/><G134/><T78/><D78/><U28/><E28/><V94/><F94/><W3/><G51/><T55/><D41/><U107/><E37/><V24/><F45/><W26/><G23/><T4/><D61/><U52/><E13/><V101/><F101/><W122/><G122/><T58/><D58/><U111/><E89/><V38/><F108/><W91/><G102/><T27/><D9/><U125/><E111/><V124/><F24/><W90/><G90/><T49/><D49/><U48/><E48/><V76/><F76/><W1/><REACH who="3" step="1"/><G10/><REACH who="3" ten="380,120,250,240" step="2"/><T83/><REACH who="0" step="1"/><D83/><REACH who="0" ten="370,120,250,240" step="2"/><U47/><E80/><V126/><F120/><W8/><G8/><T97/><AGARI ba="1,2" hai="4,7,16,21,25,27,30,33,50,55,56,88,93,97" machi="97" ten="20,18000,2" yaku="1,1,2,1,0,1,7,1,54,2,53,0" doraHai="100" doraHaiUra="34" who="0" fromWho="0" sc="370,203,120,-61,250,-61,240,-61" /><INIT seed="0,2,0,2,0,99" ten="573,59,189,179" oya="0" hai0="100,113,22,61,73,64,29,85,109,115,108,59,16" hai1="2,76,117,20,132,83,1,126,31,80,106,116,81" hai2="45,89,77,33,93,41,40,130,79,52,135,129,71" hai3="4,56,95,28,55,47,90,104,35,119,118,125,44"/><T48/><D73/><U75/><E132/><V8/><F71/><W127/><G104/><T10/><D10/><U21/><E126/><N who="3" m="48138" /><G4/><T5/><D5/><U72/><E106/><V114/><F33/><W96/><G28/><T70/><D29/><U123/><E31/><V74/><F114/><W0/><G0/><T98/><D85/><U27/><E27/><V50/><F135/><W46/><G35/><T63/><D48/><AGARI ba="2,0" hai="44,46,47,48,55,56,90,95,96,118,119" m="48138" machi="48" ten="30,1000,0" yaku="18,1" doraHai="99" who="3" fromWho="0" sc="573,-16,59,0,189,0,179,16" /><INIT seed="1,0,0,2,1,131" ten="557,59,189,195" oya="1" hai0="52,15,121,126,8,19,127,103,0,116,87,6,28" hai1="57,36,71,113,94,129,20,24,85,33,60,48,101" hai2="134,40,80,128,14,50,45,62,90,135,49,82,12" hai3="53,79,106,83,115,97,11,114,26,27,55,108,43"/><U4/><E129/><V69/><F128/><W119/><G43/><T56/><D116/><U63/><E113/><V34/><F34/><W2/><G119/><T125/><D121/><U93/><E36/><V89/><F62/><W7/><G108/><T124/><D124/><U39/><E39/><V112/><F69/><W72/><G55/><T95/><D28/><N who="1" m="17415" /><E33/><V68/><F68/><W120/><G120/><T65/><D65/><U76/><E4/><V84/><F112/><W104/><G104/><T46/><D46/><U58/><E71/><V109/><F109/><W130/><G130/><T18/><D0/><U66/><E48/><V10/><F50/><W64/><G64/><T1/><D1/><U99/><E76/><V123/><F123/><W41/><G41/><T9/><D9/><U110/><E110/><V32/><F32/><W102/><G27/><T47/><D47/><U37/><E37/><V67/><F67/><W30/><G53/><T122/><D122/><U73/><E73/><V3/><F3/><W118/><G118/><T105/><D105/><U107/><E107/><V78/><F14/><W98/><G98/><N who="0" m="59871" /><D87/><U35/><E35/><AGARI ba="0,0" hai="2,7,11,26,30,35,72,79,83,97,102,106,114,115" machi="35" ten="30,3900,0" yaku="7,1,23,2" doraHai="131" who="3" fromWho="1" sc="557,0,59,-39,189,0,195,39" /><INIT seed="2,0,0,0,1,100" ten="557,20,189,234" oya="2" hai0="132,121,124,65,5,61,10,115,19,43,89,101,62" hai1="126,16,117,46,79,58,129,81,2,68,87,127,103" hai2="119,76,31,109,97,53,112,57,33,98,131,90,27" hai3="92,15,130,122,6,24,95,74,63,1,111,94,77"/><V69/><F112/><W96/><G122/><T20/><D121/><U36/><E117/><V85/><F119/><W55/><G1/><T56/><D115/><U42/><E68/><V123/><F123/><W18/><G111/><T105/><D43/><U73/><E129/><V3/><F131/><W67/><G130/><T60/><D89/><U54/><E2/><V37/><F69/><W41/><G41/><T25/><D124/><U9/><E73/><V128/><F128/><W134/><G134/><T13/><D132/><U28/><E28/><V12/><F3/><W40/><G40/><T83/><D83/><U7/><E7/><V11/><F76/><W38/><G55/><T35/><D35/><U108/><E108/><V70/><F70/><W110/><G24/><T72/><D72/><U133/><E133/><V113/><F37/><W75/><G6/><T80/><D80/><U104/><E9/><V4/><F113/><W66/><G38/><T71/><D71/><U106/><E16/><V52/><F53/><W125/><G125/><N who="1" m="47626" /><E103/><V29/><F31/><W120/><G75/><T49/><D49/><U84/><E87/><V14/><F12/><W48/><G15/><T102/><D102/><U88/><E79/><V22/><F33/><W32/><G32/><T114/><D114/><U44/><E44/><V45/><F45/><W91/><G77/><T93/><D25/><U30/><E30/><V118/><F118/><W135/><G110/><T107/><D13/><U82/><E82/><N who="2" m="49463" /><F109/><W50/><G120/><T64/><D5/><U39/><E39/><V51/><AGARI ba="0,0" hai="4,11,14,22,27,29,51,52,57,97,98" m="49463" machi="51" ten="30,6000,0" yaku="5,1,8,1,54,1" doraHai="100" who="2" fromWho="2" sc="557,-20,20,-20,189,60,234,-20" /><INIT seed="2,1,0,4,4,23" ten="537,0,249,214" oya="2" hai0="14,93,113,30,70,133,112,24,54,1,13,53,80" hai1="67,27,134,124,111,56,86,6,101,35,100,37,72" hai2="92,26,95,47,51,2,110,45,107,44,10,60,135" hai3="129,18,9,105,114,29,58,52,48,121,94,89,73"/><V77/><F107/><W40/><G121/><T43/><D1/><U61/><E72/><V7/><F135/><W127/><G105/><T76/><D70/><U50/><E37/><V59/><F110/><W106/><G106/><T79/><D43/><U49/><E134/><V15/><F77/><W91/><G73/><T8/><D93/><N who="2" m="35914" /><F2/><W87/><G127/><T39/><D39/><U81/><E111/><V63/><F26/><W97/><G129/><T16/><D133/><U119/><E119/><V71/><F71/><W21/><G114/><T3/><D3/><U96/><E124/><V64/><F63/><W108/><G108/><T55/><D14/><U69/><E6/><V82/><F82/><W131/><G131/><T20/><D79/><U42/><E69/><V83/><F83/><N who="3" m="49407" /><G40/><AGARI ba="1,0" hai="7,10,15,40,44,45,47,51,59,60,64" m="35914" machi="40" ten="30,1500,0" yaku="8,1" doraHai="23" who="2" fromWho="3" sc="537,0,0,0,249,18,214,-18" /><INIT seed="2,2,0,4,0,59" ten="537,0,267,196" oya="2" hai0="5,45,104,41,17,81,83,51,120,130,118,75,125" hai1="100,87,127,38,72,99,31,123,91,106,80,117,25" hai2="43,96,112,126,85,88,58,101,1,71,28,63,35" hai3="114,92,18,21,52,89,9,46,86,103,16,54,34"/><V102/><F112/><W122/><G122/><T55/><D120/><U90/><E38/><V40/><F1/><W13/><G34/><T65/><D130/><U7/><E123/><V53/><F126/><W60/><G114/><T0/><D104/><U10/><E127/><V93/><F102/><W67/><G103/><T73/><D118/><U135/><E135/><V44/><F71/><W68/><G46/><T27/><D65/><U57/><E72/><V23/><F35/><W50/><G50/><T20/><D125/><U113/><E113/><V56/><F44/><W74/><G74/><T33/><D33/><U107/><E117/><V97/><F97/><W109/><G109/><T64/><D64/><U82/><E57/><V61/><F28/><W105/><G105/><T69/><D69/><U78/><E107/><V129/><F23/><W94/><G94/><T36/><D73/><U62/><E62/><V134/><F129/><W12/><AGARI ba="2,0" hai="9,12,13,16,18,21,52,54,60,67,68,86,89,92" machi="12" ten="20,8000,1" yaku="0,1,7,1,52,1,54,2" doraHai="59" who="3" fromWho="3" sc="537,-22,0,-22,267,-42,196,86" owari="515,61.5,-22,-52.2,225,-17.5,282,8.2" /></mjloggm>