<mjloggm ver="2.3"><GO type="225" lobby="0"/><UN n0="%E3%83%96%E3%83%A9%E3%82%B6%E3%83%BC" n1="%E3%81%9F%E3%81%A3%E3%81%A1%E3%82%87" n2="%73%69%72%6F%75%74" n3="%E3%81%A1%E3%82%85%E3%81%86%E3%81%A9%E3%81%8F%E8%B1%A1%E3%81%95%E3%82%93" dan="16,16,16,16" rate="2098.72,2091.97,2096.52,2086.63" sx="M,M,M,M"/><TAIKYOKU oya="0"/><INIT seed="0,0,0,3,0,15" ten="250,250,250,250" oya="0" hai0="114,133,101,113,18,76,50,27,61,129,93,92,98" hai1="7,19,91,29,87,65,84,96,31,20,128,35,63" hai2="112,99,21,107,118,1,103,88,55,126,115,94,40" hai3="135,72,36,108,110,82,66,49,60,5,116,132,58"/><T106/><D133/><N who="3" m="51273" /><G5/><T73/><D129/><U37/><E128/><V134/><F1/><W2/><G2/><T10/><D113/><U105/><E37/><V46/><F134/><W30/><G30/><T74/><D114/><U14/><E7/><V56/><F126/><W54/><G82/><T11/><D11/><U102/><E35/><V122/><F122/><W33/><G72/><T44/><D61/><U0/><E0/><V26/><F118/><W48/><G33/><T51/><D51/><N who="3" m="19529" /><G116/><T77/><D73/><U38/><E38/><V79/><F40/><W64/><G36/><T71/><D74/><U89/><E87/><V100/><F46/><W34/><G34/><T86/><D106/><U52/><E89/><V47/><F47/><W104/><G104/><T125/><D10/><U70/><REACH who="1" step="1"/><E52/><REACH who="1" ten="250,240,250,250" step="2"/><V22/><F115/><W23/><G23/><T16/><D86/><U121/><E121/><V81/><F112/><W9/><G9/><T43/><D76/><U69/><E69/><V120/><F120/><W78/><G78/><T123/><D71/><U131/><E131/><V68/><F68/><W130/><G130/><T41/><D77/><U109/><E109/><AGARI ba="0,1" hai="54,58,60,64,66,108,109,110" m="19529,51273" machi="109" ten="30,7700,0" yaku="14,1,20,1,34,2" doraHai="15" who="3" fromWho="1" sc="250,0,240,-77,250,0,250,87" /><INIT seed="1,0,0,3,3,123" ten="250,163,250,337" oya="1" hai0="86,117,99,23,55,54,113,2,128,111,95,76,93" hai1="47,105,131,52,79,18,85,89,97,41,120,135,7" hai2="133,3,19,107,103,74,70,73,22,8,77,109,96" hai3="124,42,61,27,24,26,6,17,122,80,13,36,134"/><U51/><E120/><V30/><F109/><W110/><G122/><T38/><D113/><U101/><E131/><V69/><F133/><W60/><G6/><T57/><D2/><U92/><E135/><V4/><F30/><W84/><G124/><T64/><D117/><U32/><E32/><V0/><F0/><W106/><G106/><T34/><D34/><U81/><E7/><V72/><REACH who="2" step="1"/><F77/><REACH who="2" ten="250,163,240,337" step="2"/><W20/><G134/><T43/><D76/><U78/><E18/><V108/><F108/><W116/><G110/><T11/><D111/><U29/><E29/><V49/><F49/><W40/><G17/><T87/><D128/><U25/><E25/><AGARI ba="0,1" hai="3,4,8,19,22,25,69,70,72,73,74,96,103,107" machi="25" ten="40,8000,1" yaku="1,1,53,3" doraHai="123" doraHaiUra="104" who="2" fromWho="1" sc="250,0,163,-80,240,90,337,0" /><INIT seed="2,0,0,0,2,43" ten="250,83,330,337" oya="2" hai0="90,0,17,89,134,107,28,92,101,74,25,122,29" hai1="123,102,13,14,53,105,75,4,62,109,116,132,46" hai2="112,59,12,103,110,70,117,87,10,93,8,72,65" hai3="49,64,66,51,82,6,21,118,67,130,20,125,19"/><V9/><F112/><W44/><G118/><T126/><D122/><U96/><E116/><V54/><F72/><W127/><G130/><T38/><D38/><U124/><E123/><V135/><F117/><W2/><G82/><T71/><D71/><U41/><E109/><V40/><F135/><W36/><G36/><T47/><D74/><U45/><E124/><N who="3" m="47690" /><G49/><T78/><D0/><U128/><E132/><V121/><F121/><W3/><G6/><T108/><D78/><U48/><E128/><V57/><F40/><N who="3" m="24967" /><G20/><T113/><D107/><U68/><E75/><V76/><F110/><W83/><G83/><T88/><D108/><U24/><E4/><V81/><F70/><W1/><G1/><T95/><D113/><U42/><E24/><AGARI ba="0,0" hai="2,3,19,21,24,64,66,67" m="24967,47690" machi="24" ten="30,2000,0" yaku="18,1,52,1" doraHai="43" who="3" fromWho="1" sc="250,0,83,-20,330,0,337,20" /><INIT seed="3,0,0,5,1,30" ten="250,63,330,357" oya="3" hai0="96,119,80,21,110,56,66,41,29,107,111,50,120" hai1="59,128,74,38,87,0,86,6,76,31,93,51,33" hai2="46,91,108,5,7,99,4,134,24,112,131,11,1" hai3="113,124,64,44,71,45,17,49,82,48,85,36,73"/><W98/><G113/><T72/><D119/><U67/><E51/><V105/><F112/><W104/><G73/><T79/><D120/><U90/><E59/><V127/><F108/><W88/><G124/><T83/><D41/><U132/><E67/><V102/><F127/><W121/><G121/><T61/><D80/><U15/><E86/><V63/><F134/><W65/><G17/><T123/><D123/><U60/><E87/><V69/><F131/><W101/><G36/><T125/><D125/><U126/><E90/><V133/><F133/><W62/><REACH who="3" step="1"/><G65/><REACH who="3" ten="250,63,330,347" step="2"/><T34/><D50/><AGARI ba="0,1" hai="44,45,48,49,50,62,64,71,82,85,88,98,101,104" machi="50" ten="40,7700,0" yaku="1,1,2,1,54,1,53,0" doraHai="30" doraHaiUra="109" who="3" fromWho="0" sc="250,-77,63,0,330,0,347,87" owari="173,-22.7,63,-43.7,330,13.0,434,53.4" /></mjloggm>