<mjloggm ver="2.3"><GO type="225" lobby="0"/><UN n0="%E3%81%9F%E3%81%8C%E3%82%84%E3%81%99" n1="%54%4F%52" n2="%6D%75%75%6D%75%72%61" n3="%E9%BB%92%E9%89%84%E7%8F%A0%E9%9B%AB" dan="16,17,17,16" rate="2119.64,2275.38,2206.67,2177.62" sx="M,M,F,M"/><TAIKYOKU oya="0"/><INIT seed="0,0,0,5,4,110" ten="250,250,250,250" oya="0" hai0="56,54,5,124,97,62,91,14,60,8,133,127,3" hai1="10,71,9,93,125,115,19,24,129,22,119,72,44" hai2="30,123,113,109,0,86,50,52,39,73,114,65,108" hai3="37,7,87,33,43,131,74,23,107,90,21,104,57"/><T83/><D3/><U69/><E119/><V55/><F39/><W100/><G33/><T63/><D133/><U116/><E116/><V122/><F73/><W27/><G74/><T13/><D13/><U20/><E72/><V28/><F0/><W6/><G131/><T41/><D41/><U15/><E129/><V134/><F86/><W82/><G23/><T31/><D31/><N who="2" m="11818" /><F65/><W120/><G120/><N who="2" m="46121" /><F134/><W96/><G104/><T25/><D25/><U132/><E132/><V48/><F48/><W75/><G57/><T111/><D111/><N who="2" m="42570" /><F55/><W105/><G105/><T26/><D26/><U59/><E24/><V117/><F117/><W12/><G75/><T78/><D78/><U95/><E59/><AGARI ba="0,0" hai="50,52,59,113,114" m="42570,46121,11818" machi="59" ten="30,7700,0" yaku="14,1,52,2,54,1" doraHai="110" who="2" fromWho="1" sc="250,0,250,-77,250,77,250,0" /><INIT seed="1,0,0,3,0,129" ten="250,173,327,250" oya="1" hai0="97,109,26,10,61,6,100,76,112,42,115,12,124" hai1="27,54,21,43,58,2,99,9,59,95,46,64,5" hai2="94,84,120,11,24,87,28,117,66,102,132,92,93" hai3="41,7,47,53,32,60,67,119,101,72,35,45,128"/><U25/><E64/><V103/><F117/><W23/><G72/><T113/><D42/><U89/><E27/><V86/><F120/><W73/><G73/><T130/><D76/><U18/><REACH who="1" step="1"/><E54/><REACH who="1" ten="250,163,327,250" step="2"/><V50/><F66/><W75/><G53/><T98/><D26/><U83/><E83/><V36/><F24/><W74/><G67/><T57/><D115/><U91/><E91/><V116/><F102/><W16/><G101/><T85/><D113/><U0/><E0/><V110/><F103/><W131/><G119/><T49/><D112/><U69/><E69/><V106/><F116/><W82/><G82/><T63/><D100/><U111/><E111/><V37/><F110/><W105/><G105/><T65/><D109/><U1/><E1/><V56/><F106/><W104/><G104/><T62/><D65/><U123/><E123/><V52/><F52/><W55/><G55/><T70/><D70/><U80/><E80/><V108/><F108/><W126/><G128/><T96/><D130/><U118/><E118/><V20/><F93/><W30/><G131/><T68/><D68/><U4/><E4/><V40/><F94/><W17/><G7/><T3/><D3/><U13/><E13/><V71/><F71/><W121/><G121/><T51/><D57/><U44/><E44/><V29/><F56/><W31/><G47/><T88/><D124/><U78/><E78/><V79/><F79/><W125/><G45/><T19/><D6/><U39/><AGARI ba="0,1" hai="2,5,9,18,21,25,39,43,46,58,59,89,95,99" machi="39" ten="20,7800,0" yaku="1,1,0,1,7,1,53,1" doraHai="129" doraHaiUra="90" who="1" fromWho="1" sc="250,-26,163,88,327,-26,250,-26" /><INIT seed="1,1,0,2,1,124" ten="224,251,301,224" oya="1" hai0="106,53,9,131,1,127,17,116,45,30,6,107,43" hai1="112,22,68,26,78,24,71,121,123,62,2,101,8" hai2="66,19,82,34,122,130,52,117,0,118,80,65,104" hai3="83,14,3,69,20,133,4,90,18,86,27,48,58"/><U12/><E112/><V77/><F122/><W110/><G69/><T134/><D30/><U119/><E119/><V73/><F104/><W35/><G110/><T16/><D116/><U79/><E2/><V97/><F34/><W28/><G133/><T49/><D127/><U91/><E101/><V44/><F0/><W67/><G67/><T99/><D134/><U70/><E62/><V113/><F97/><W74/><G74/><T93/><D131/><U75/><E91/><V29/><F29/><W102/><G102/><T61/><D107/><U32/><E32/><V94/><F130/><W76/><G58/><T85/><D85/><U81/><E79/><V108/><F108/><W89/><REACH who="3" step="1"/><G48/><REACH who="3" ten="224,251,301,214" step="2"/><T55/><D106/><U92/><E70/><V13/><F66/><W132/><G132/><T109/><D109/><U31/><E68/><V135/><F65/><W46/><G46/><T11/><D61/><U96/><E71/><V115/><F135/><W36/><G36/><T64/><D64/><U41/><E123/><V84/><F73/><W111/><G111/><T125/><D125/><U47/><E121/><V87/><F44/><W120/><G120/><T51/><D51/><U21/><E47/><V88/><F117/><W39/><G39/><T10/><D53/><U59/><E59/><V103/><F118/><W54/><G54/><T42/><D55/><U56/><E56/><V57/><F57/><W114/><G114/><T98/><D45/><U40/><E75/><V126/><F52/><W105/><G105/><T128/><D49/><U50/><E50/><V100/><F126/><RYUUKYOKU ba="1,1" sc="224,-10,251,-10,301,-10,214,30" hai3="3,4,14,18,20,27,28,35,76,83,86,89,90" /><INIT seed="2,2,1,4,2,5" ten="214,241,291,244" oya="2" hai0="32,39,30,71,44,122,41,70,75,26,129,8,99" hai1="7,42,91,66,85,128,34,18,53,62,113,57,110" hai2="51,11,13,20,31,37,14,81,50,115,109,93,121" hai3="87,27,22,79,117,1,24,16,76,65,100,64,10"/><V56/><F115/><W78/><G117/><T36/><D75/><U127/><E113/><V77/><F37/><W83/><G100/><T126/><D122/><U35/><E110/><V72/><F121/><W4/><REACH who="3" step="1"/><G27/><REACH who="3" ten="214,241,291,234" step="2"/><T19/><D26/><U15/><E128/><V45/><F109/><W97/><G97/><T33/><D99/><U101/><E101/><V69/><F31/><W118/><G118/><T54/><D30/><U104/><E127/><V38/><F14/><W3/><G3/><T134/><D126/><U123/><E15/><V29/><F13/><W73/><G73/><T130/><D130/><U82/><E123/><V95/><F72/><W106/><G106/><T131/><D131/><U2/><E104/><V60/><F29/><W68/><G68/><T124/><D70/><U25/><E25/><V12/><F69/><W86/><G86/><T23/><D71/><U112/><E85/><V17/><F12/><W116/><G116/><T102/><D102/><U6/><E2/><V132/><F17/><W120/><G120/><T89/><D19/><U28/><E18/><V96/><F96/><W135/><G135/><T61/><D134/><U133/><E28/><V111/><F132/><W74/><G74/><T92/><D124/><U52/><E133/><V105/><F105/><W59/><G59/><T80/><D129/><U114/><E57/><V125/><F125/><W88/><AGARI ba="2,2" hai="1,4,10,16,22,24,64,65,76,78,79,83,87,88" machi="88" ten="30,8000,1" yaku="1,1,0,1,52,1,54,2,53,0" doraHai="5" doraHaiUra="46" who="3" fromWho="3" sc="214,-22,241,-22,291,-42,234,106" /><INIT seed="3,0,0,0,3,124" ten="192,219,249,340" oya="3" hai0="101,24,87,2,18,92,62,113,17,99,47,98,114" hai1="70,35,44,64,49,51,37,21,1,117,129,77,85" hai2="134,79,83,73,90,56,46,8,57,94,71,103,20" hai3="59,6,128,60,116,69,39,81,72,93,119,12,123"/><W91/><G123/><T110/><D2/><U97/><E35/><V108/><F71/><W9/><G39/><T19/><D110/><U82/><E1/><V3/><F134/><W109/><G69/><T52/><D87/><U5/><E117/><V132/><F132/><W67/><G109/><T25/><D99/><U68/><E37/><V105/><F46/><W95/><G95/><T33/><D33/><U63/><E70/><V125/><F125/><W88/><G128/><T127/><D127/><U28/><E5/><N who="2" m="1087" /><F20/><W27/><G27/><T115/><D62/><U7/><E7/><V11/><F11/><W100/><G100/><T34/><D34/><U86/><E97/><N who="2" m="61679" /><F108/><W31/><G31/><T122/><D122/><U50/><E44/><V61/><F61/><W135/><G135/><T42/><D42/><U112/><E112/><V26/><F26/><W48/><G48/><AGARI ba="0,0" hai="17,18,19,24,25,47,48,52,92,98,101,113,114,115" machi="48" ten="50,3200,0" yaku="11,1,54,1" doraHai="124" who="0" fromWho="3" sc="192,32,219,0,249,0,340,-32" owari="224,-17.6,219,-28.1,249,4.9,308,40.8" /></mjloggm>