<mjloggm ver="2.3"><GO type="225" lobby="0"/><UN n0="%E3%82%BC%E3%83%AB%E3%83%80%E3%81%AE%E4%BC%9D%E8%AA%AC" n1="%E7%99%BD%E6%97%A5%E9%9B%AA%E8%8F%9C" n2="%E5%B8%86%E7%AB%8B%E5%A4%8F%E8%A1%A3" n3="%E7%89%B9%E6%9D%B1%E3%81%AF%E4%B8%96%E7%95%8C%E3%82%92%E6%95%91%E3%81%86" dan="18,17,16,16" rate="2256.96,2184.85,2173.12,2141.89" sx="M,F,M,M"/><TAIKYOKU oya="0"/><INIT seed="0,0,0,4,5,45" ten="250,250,250,250" oya="0" hai0="0,66,3,101,82,40,119,115,51,5,29,71,93" hai1="36,69,26,28,18,27,78,74,47,96,100,111,63" hai2="37,20,34,123,64,67,19,17,109,6,77,113,112" hai3="2,126,122,85,12,88,130,84,120,30,103,121,46"/><T104/><D115/><U62/><E111/><V114/><F34/><W75/><G130/><T98/><D119/><U43/><E18/><V8/><F123/><W32/><G126/><T95/><D82/><U116/><E116/><V131/><F131/><W4/><G75/><T99/><D29/><U129/><E129/><V60/><F109/><W57/><G2/><T92/><D98/><U31/><E78/><V81/><F37/><W105/><G57/><T13/><D66/><U42/><E74/><V44/><F44/><W65/><G65/><T80/><D71/><U134/><E42/><V16/><F20/><W79/><G79/><T106/><D106/><U133/><E31/><V21/><F21/><W1/><G1/><T90/><D40/><U49/><E36/><V107/><F60/><N who="1" m="23081" /><E28/><V91/><F91/><W128/><G128/><T132/><D3/><U33/><E33/><V25/><F25/><W87/><G30/><T55/><D0/><U10/><E10/><V94/><F107/><W110/><G32/><T97/><D80/><U22/><E22/><V53/><F94/><N who="3" m="54535" /><G110/><T24/><D24/><U89/><E69/><V9/><F9/><N who="3" m="4135" /><G105/><T48/><D104/><N who="1" m="63495" /><E89/><V50/><F8/><W61/><G103/><T52/><D101/><U127/><E127/><V102/><F102/><W23/><G122/><T83/><D90/><U38/><E38/><V124/><F124/><W14/><G121/><T7/><D95/><U86/><E86/><N who="2" m="48431" /><F6/><W41/><G120/><T68/><D83/><U59/><E59/><N who="2" m="33207" /><F114/><W108/><G108/><T117/><D68/><U56/><E56/><RYUUKYOKU ba="0,0" sc="250,-15,250,15,250,15,250,-15" hai1="26,27,43,47,49,133,134" hai2="16,17,19,64,67,112,113" /><INIT seed="1,1,0,4,0,121" ten="235,265,265,235" oya="1" hai0="8,111,63,75,85,117,100,103,34,133,36,79,130" hai1="84,110,39,47,104,93,122,107,105,26,0,135,42" hai2="109,60,24,31,50,70,33,76,73,91,6,54,2" hai3="108,17,106,114,94,30,10,46,29,120,125,127,41"/><U101/><E122/><V14/><F109/><W83/><G106/><T82/><D34/><U126/><E0/><V112/><F112/><W132/><G120/><T49/><D36/><U88/><E126/><N who="3" m="48138" /><G114/><T57/><D117/><U53/><E135/><V25/><F73/><W74/><G132/><T37/><D37/><U48/><E26/><V15/><F76/><N who="3" m="44439" /><G94/><T95/><D133/><U43/><E43/><V64/><F25/><W66/><G66/><T97/><D130/><U69/><E69/><V87/><F6/><W98/><G98/><T124/><D124/><U16/><E110/><V92/><REACH who="2" step="1"/><F2/><REACH who="2" ten="235,265,255,235" step="2"/><W56/><G108/><T22/><D111/><U58/><REACH who="1" step="1"/><E16/><REACH who="1" ten="235,255,255,235" step="2"/><V89/><F89/><W19/><G19/><T99/><D79/><U59/><E59/><AGARI ba="1,2" hai="14,15,24,31,33,50,54,59,60,64,70,87,91,92" machi="59" ten="30,3900,0" yaku="1,1,7,1,53,1" doraHai="121" doraHaiUra="81" who="2" fromWho="1" sc="235,0,255,-42,255,62,235,0" /><INIT seed="2,0,0,2,0,83" ten="235,213,317,235" oya="2" hai0="21,46,91,37,123,69,122,101,77,43,51,107,30" hai1="12,54,15,1,82,6,97,127,103,116,17,25,106" hai2="100,118,55,45,16,62,47,75,120,57,86,19,23" hai3="14,32,134,42,18,128,125,131,73,64,0,104,59"/><V38/><F75/><W121/><G121/><T74/><D69/><U96/><E116/><V92/><F118/><W60/><G73/><T7/><D51/><U11/><E127/><V98/><F120/><W110/><G0/><T33/><D21/><U66/><E66/><V8/><F38/><W40/><G125/><T26/><D91/><U114/><E114/><V119/><F119/><W132/><G104/><T93/><D93/><U129/><E129/><N who="3" m="49738" /><G32/><T13/><D13/><U133/><E133/><N who="3" m="51306" /><G110/><T115/><D7/><U108/><E108/><V117/><F117/><W63/><G63/><T35/><D35/><U112/><E112/><V29/><F29/><W61/><G61/><T34/><D34/><U52/><E1/><V84/><F19/><W68/><G68/><T126/><D115/><U10/><E25/><N who="2" m="14567" /><F8/><AGARI ba="0,0" hai="8,14,18,40,42,59,60,64" m="51306,49738" machi="8" ten="30,2000,0" yaku="19,1,20,1" doraHai="83" who="3" fromWho="2" sc="235,0,213,0,317,-20,235,20" /><INIT seed="3,0,0,5,1,126" ten="235,213,297,255" oya="3" hai0="54,34,102,85,82,5,18,28,133,70,119,33,53" hai1="135,26,45,13,31,24,103,129,32,55,56,49,88" hai2="2,23,111,59,116,27,131,14,61,77,95,12,121" hai3="20,78,89,42,50,122,108,47,10,114,71,36,19"/><W15/><G114/><T52/><D119/><U8/><E103/><V80/><F131/><W57/><G122/><T91/><D70/><U97/><E135/><V127/><F127/><W120/><G120/><T130/><D133/><U0/><E0/><V132/><F111/><W86/><G71/><T93/><D130/><U115/><E115/><V48/><F2/><W101/><G101/><T22/><D28/><U62/><E129/><V29/><F116/><W90/><G108/><T99/><REACH who="0" step="1"/><D5/><REACH who="0" ten="225,213,297,255" step="2"/><N who="1" m="3215" /><E31/><V128/><F128/><W134/><G134/><T3/><D3/><U75/><E32/><V21/><F132/><W98/><G19/><T107/><D107/><U43/><E75/><V87/><F121/><W46/><G36/><T58/><D58/><U63/><E63/><V38/><F38/><W125/><G57/><T4/><D4/><U64/><E64/><N who="2" m="38975" /><F48/><W117/><G50/><T40/><D40/><U67/><E67/><V110/><F110/><W16/><G42/><T44/><D44/><U41/><E43/><V92/><F12/><AGARI ba="0,1" hai="12,18,22,33,34,52,53,54,82,85,91,93,99,102" machi="12" ten="40,5200,0" yaku="1,1,54,1,53,1" doraHai="126" doraHaiUra="11" who="0" fromWho="2" sc="225,62,213,0,297,-52,255,0" /><INIT seed="4,0,0,4,4,133" ten="287,213,245,255" oya="0" hai0="24,4,119,44,86,68,95,101,39,130,78,29,53" hai1="41,124,100,80,76,61,47,85,64,50,43,81,120" hai2="28,122,112,9,128,35,67,69,52,14,18,5,31" hai3="33,45,121,89,129,22,23,88,79,48,131,3,115"/><T94/><D119/><U110/><E110/><V17/><F112/><W66/><G33/><T91/><D68/><U97/><E120/><V21/><F122/><W107/><G121/><T90/><D130/><N who="3" m="49673" /><G115/><T13/><D39/><U6/><E6/><V70/><F128/><W65/><G107/><T19/><D4/><U10/><E10/><V96/><F70/><W73/><G3/><T27/><D101/><U72/><E124/><V2/><F69/><W132/><G132/><T102/><D78/><U8/><E8/><V37/><F37/><W32/><G32/><T55/><D102/><U51/><E80/><V7/><F67/><N who="3" m="25611" /><G79/><T15/><D44/><U108/><E108/><V82/><F5/><W60/><G60/><T75/><D75/><U92/><E72/><V109/><F109/><W87/><G73/><T98/><D15/><U84/><E84/><V113/><F113/><W34/><G34/><T126/><D126/><U93/><E93/><V57/><F82/><N who="3" m="49271" /><G89/><T20/><D27/><U38/><REACH who="1" step="1"/><E43/><AGARI ba="0,0" hai="22,23,43,45,48" m="49271,25611,49673" machi="43" ten="30,2000,0" yaku="19,1,54,1" doraHai="133" who="3" fromWho="1" sc="287,0,213,-20,245,0,255,20" /><INIT seed="5,0,0,3,5,45" ten="287,193,245,275" oya="1" hai0="99,49,69,85,17,3,100,30,5,66,47,112,102" hai1="42,131,82,123,105,104,35,52,135,2,64,90,73" hai2="24,109,14,25,94,53,110,93,16,108,119,37,83" hai3="107,88,70,58,91,44,98,43,59,27,74,129,22"/><U21/><E123/><V51/><F37/><W32/><G70/><T4/><D3/><U125/><E35/><V134/><F119/><W20/><G74/><T115/><D30/><U40/><E2/><V103/><F134/><W6/><G32/><T124/><D124/><U96/><E135/><V71/><F71/><W114/><G6/><T56/><D69/><U95/><E125/><V33/><F83/><W10/><G10/><T126/><D126/><U46/><E64/><V77/><F77/><W54/><G20/><T29/><D29/><U63/><E131/><V11/><F103/><W13/><G13/><T23/><D85/><U133/><E133/><V57/><REACH who="2" step="1"/><F33/><REACH who="2" ten="287,193,235,275" step="2"/><W92/><G129/><T50/><D102/><U89/><E104/><V28/><F28/><N who="3" m="17527" /><G107/><T61/><D112/><U34/><E105/><V72/><F72/><W116/><G114/><T78/><D78/><U79/><E34/><V65/><F65/><W12/><G116/><T86/><D115/><U118/><E118/><V8/><F8/><W80/><G80/><T19/><D100/><U117/><E117/><V128/><F128/><W1/><G91/><T130/><D130/><U120/><E120/><V9/><F9/><W81/><G81/><T41/><D66/><U127/><E127/><V62/><F62/><W7/><G88/><T55/><D61/><U76/><E76/><V87/><F87/><W31/><G98/><T111/><D86/><U132/><E132/><V67/><F67/><W38/><G31/><T97/><D97/><N who="1" m="57583" /><E21/><V48/><F48/><W75/><G38/><T0/><D23/><RYUUKYOKU ba="0,1" sc="287,-10,193,-10,235,30,275,-10" hai2="11,14,16,24,25,51,53,57,93,94,108,109,110" /><INIT seed="6,1,1,4,1,86" ten="277,183,265,265" oya="2" hai0="19,105,48,66,117,79,89,134,90,80,40,98,128" hai1="93,74,63,58,103,114,3,104,7,45,69,24,130" hai2="83,121,39,59,116,2,135,76,84,111,64,118,77" hai3="101,131,126,70,29,119,34,44,102,96,71,35,94"/><V6/><F121/><W26/><G119/><T129/><D66/><U9/><E114/><V57/><F39/><W22/><G131/><N who="0" m="50251" /><D134/><U99/><E130/><V67/><F135/><W33/><G126/><T81/><D117/><U43/><E74/><V97/><F111/><W100/><REACH who="3" step="1"/><G44/><REACH who="3" ten="277,183,265,255" step="2"/><N who="0" m="25607" /><D19/><U53/><E69/><AGARI ba="1,2" hai="22,26,29,33,34,35,69,70,71,94,96,100,101,102" machi="69" ten="50,1600,0" yaku="1,1,53,0" doraHai="86" doraHaiUra="14" who="3" fromWho="1" sc="277,0,183,-19,265,0,255,39" /><INIT seed="7,0,0,5,0,4" ten="277,164,265,294" oya="3" hai0="23,131,38,123,25,91,96,107,62,61,130,17,26" hai1="54,64,118,121,43,18,41,21,29,76,74,32,128" hai2="116,67,95,15,133,48,60,135,49,89,93,119,84" hai3="103,50,80,1,8,68,5,20,111,57,94,52,14"/><W51/><G68/><T83/><D123/><U53/><E121/><V100/><F119/><W2/><G111/><T63/><D38/><U82/><E118/><V126/><F126/><W42/><G80/><T86/><REACH who="0" step="1"/><D26/><REACH who="0" ten="267,164,265,294" step="2"/><U6/><E128/><V110/><F116/><W37/><G37/><T34/><D34/><U81/><E64/><V70/><F110/><W11/><G20/><T66/><D66/><U45/><E32/><V75/><F75/><W55/><G42/><T39/><D39/><U104/><E29/><V102/><F15/><W122/><G122/><T87/><D87/><U35/><E35/><V36/><F36/><W19/><G2/><T65/><D65/><U78/><E104/><V108/><F108/><W22/><G22/><T24/><D24/><U105/><E105/><V9/><F9/><W98/><G55/><T134/><D134/><N who="2" m="51210" /><F95/><W56/><G56/><T59/><D59/><U113/><E113/><V31/><F31/><W117/><G117/><T124/><D124/><U10/><E41/><V3/><F3/><W129/><G129/><T33/><D33/><U72/><E21/><V109/><F109/><W7/><G7/><T71/><D71/><U114/><E114/><V101/><AGARI ba="0,1" hai="48,49,60,67,70,84,89,93,100,101,102" m="51210" machi="101" ten="30,1100,0" yaku="20,1" doraHai="4" who="2" fromWho="2" sc="267,-3,164,-3,265,21,294,-5" owari="264,-13.6,161,-33.9,286,8.6,289,38.9" /></mjloggm>