<mjloggm ver="2.3"><GO type="225" lobby="0"/><UN n0="%E3%82%BC%E3%83%AB%E3%83%80%E3%81%AE%E4%BC%9D%E8%AA%AC" n1="%4C%4F%4C%49%54%41" n2="%E3%81%86%E3%83%BC%E3%81%B1%E3%83%BC" n3="%E9%B3%B3%E6%9D%B1%E3%81%AE%E3%81%86%E3%81%95%E3%81%8E%E3%81%95%E3%82%93" dan="17,16,17,17" rate="2226.06,2165.97,2168.23,2202.47" sx="M,F,M,M"/><TAIKYOKU oya="0"/><INIT seed="0,0,0,1,2,46" ten="250,250,250,250" oya="0" hai0="36,102,83,67,89,115,66,124,9,81,127,106,28" hai1="13,3,25,0,113,22,57,68,53,94,105,39,111" hai2="120,69,77,129,64,78,6,75,48,80,8,90,65" hai3="117,112,14,133,119,12,59,135,76,114,108,38,7"/><T47/><D115/><N who="3" m="44073" /><G38/><T85/><D28/><U95/><E113/><V34/><F120/><W45/><G76/><T19/><D83/><U17/><E68/><V123/><F123/><W132/><G45/><T87/><D87/><U131/><E39/><V30/><F129/><W126/><G59/><T97/><D19/><U122/><E122/><V98/><F69/><W32/><G108/><T21/><D21/><U5/><E105/><V10/><F77/><W128/><G128/><T62/><D9/><U92/><E131/><V2/><F10/><N who="3" m="4191" /><G126/><N who="0" m="48171" /><D62/><U60/><E111/><V84/><F98/><W24/><G14/><T73/><D73/><U96/><E0/><V50/><F65/><W54/><G54/><T27/><D27/><U23/><E3/><V26/><REACH who="2" step="1"/><F64/><REACH who="2" ten="250,250,240,250" step="2"/><W4/><G4/><T104/><D106/><U41/><E5/><V74/><F74/><W61/><G61/><T99/><D97/><U125/><E125/><V118/><F118/><W42/><G42/><AGARI ba="0,1" hai="36,42,47,66,67,81,85,89,99,102,104" m="48171" machi="42" ten="30,1500,0" yaku="18,1" doraHai="46" who="0" fromWho="3" sc="250,25,250,0,240,0,250,-15" /><INIT seed="0,1,0,0,3,83" ten="275,250,240,235" oya="0" hai0="86,66,127,68,97,36,124,78,20,122,92,18,125" hai1="62,70,56,117,94,87,118,126,46,67,54,14,48" hai2="101,23,107,28,49,131,41,79,63,57,104,9,133" hai3="27,44,112,91,51,116,105,1,4,95,98,121,29"/><T110/><D122/><U128/><E126/><V60/><F131/><W30/><G112/><T61/><D110/><U10/><E128/><V17/><F133/><W3/><G116/><T64/><D64/><U93/><E93/><V99/><F107/><W77/><G121/><T106/><D36/><U2/><E2/><V100/><F100/><W15/><G105/><T119/><D119/><U42/><E94/><V53/><F41/><W115/><G115/><T113/><D113/><U114/><E87/><V130/><F130/><W74/><G74/><T34/><D34/><U32/><E32/><V8/><F79/><W0/><G77/><T12/><D106/><U80/><E80/><V52/><F28/><W50/><G44/><T13/><D78/><U37/><REACH who="1" step="1"/><E114/><REACH who="1" ten="275,240,240,235" step="2"/><V5/><F5/><AGARI ba="1,1" hai="5,10,14,37,42,46,48,54,56,62,67,70,117,118" machi="5" ten="30,8000,1" yaku="1,1,2,1,7,1,24,2,53,0" doraHai="83" doraHaiUra="16" who="1" fromWho="2" sc="275,0,240,93,240,-83,235,0" /><INIT seed="1,0,0,1,5,56" ten="275,333,157,235" oya="1" hai0="19,32,16,124,106,112,86,89,0,82,35,92,88" hai1="74,4,120,123,53,76,131,37,135,1,10,66,27" hai2="67,22,73,107,14,96,134,12,59,84,75,40,45" hai3="23,48,69,98,52,105,125,65,104,57,117,58,44"/><U49/><E37/><V70/><F70/><W94/><G125/><T15/><D112/><U132/><E131/><V41/><F134/><N who="1" m="51241" /><E66/><V7/><F84/><W127/><G127/><T121/><D124/><U11/><E27/><V95/><F107/><W39/><G117/><T100/><D0/><U133/><N who="1" m="51249" /><U80/><DORA hai="20" /><E10/><N who="2" m="4191" /><F73/><W103/><G23/><T6/><D121/><U25/><E25/><V128/><F75/><W129/><G58/><AGARI ba="0,0" hai="1,4,11,49,53,58,74,76,80,120,123" m="51249" machi="58" ten="40,2000,0" yaku="20,1" doraHai="56,20" who="1" fromWho="3" sc="275,0,333,20,157,0,235,-20" /><INIT seed="1,1,0,3,0,48" ten="275,353,157,215" oya="1" hai0="129,13,47,120,40,104,22,93,28,19,38,96,0" hai1="68,24,77,16,39,23,26,116,107,135,49,133,121" hai2="10,72,134,44,81,4,111,85,84,74,60,127,76" hai3="65,92,88,27,58,112,17,115,6,37,73,33,119"/><U31/><E116/><V29/><F111/><W101/><G37/><T50/><D0/><U67/><E39/><V30/><F134/><N who="1" m="51209" /><E107/><V105/><F105/><W118/><G101/><T46/><D129/><U12/><E121/><V21/><F127/><W3/><G73/><T41/><D104/><U25/><E77/><V55/><F74/><W45/><G45/><T11/><D120/><U53/><E67/><V86/><F21/><N who="3" m="13743" /><G33/><T79/><D79/><U130/><E68/><V109/><F109/><W91/><G6/><T89/><REACH who="0" step="1"/><D28/><REACH who="0" ten="265,353,157,215" step="2"/><U123/><E130/><V80/><F80/><W126/><G3/><T7/><D7/><U52/><E123/><V82/><F82/><W69/><G115/><T99/><D99/><U71/><E71/><V35/><F35/><W34/><G34/><T98/><D98/><U5/><E5/><V63/><F30/><W57/><G112/><T90/><D90/><U36/><E36/><V9/><F29/><W94/><G91/><T20/><AGARI ba="1,1" hai="11,13,19,20,22,38,40,41,46,47,50,89,93,96" machi="20" ten="30,4000,0" yaku="1,1,0,1,53,1" doraHai="48" doraHaiUra="15" who="0" fromWho="0" sc="265,53,353,-21,157,-11,215,-11" /><INIT seed="2,0,0,2,4,2" ten="318,332,146,204" oya="2" hai0="5,110,57,12,95,105,29,74,32,126,8,75,26" hai1="90,73,76,99,45,54,59,33,42,116,41,109,102" hai2="47,111,38,133,89,64,18,88,52,86,129,66,55" hai3="46,1,48,84,134,27,104,128,21,30,19,28,22"/><V78/><F129/><W20/><G128/><T106/><D110/><U113/><E116/><V23/><F111/><W79/><G104/><T82/><D126/><U108/><E33/><V132/><F78/><W94/><G1/><T13/><D95/><U58/><E113/><V40/><F66/><W98/><G134/><N who="2" m="51817" /><F64/><W123/><G123/><T67/><D13/><U24/><E90/><N who="2" m="34923" /><F86/><W15/><G84/><T118/><D118/><U101/><E76/><V92/><F92/><W61/><G79/><T4/><D82/><U120/><E120/><V31/><F31/><W9/><G30/><T37/><D105/><U72/><E99/><V50/><F38/><W63/><G94/><T121/><D121/><U43/><E108/><V80/><F80/><W69/><G98/><T100/><D37/><U96/><E109/><V6/><F6/><W56/><G69/><T131/><D5/><U117/><E117/><V81/><F81/><W122/><G122/><T85/><D85/><U11/><E96/><V77/><F77/><W127/><G127/><T35/><D131/><U115/><E115/><V114/><F114/><W97/><G97/><T62/><D106/><U130/><E130/><V103/><F103/><W25/><G28/><T125/><D100/><U14/><E102/><V135/><N who="2" m="51825" /><V112/><DORA hai="83" /><F112/><W7/><G7/><T10/><D125/><U71/><E101/><V51/><F51/><W70/><G70/><T91/><D91/><U87/><E71/><V34/><F34/><W3/><G48/><T36/><D36/><N who="1" m="21671" /><E87/><V44/><F44/><W65/><G46/><RYUUKYOKU ba="0,0" sc="318,-10,332,-10,146,30,204,-10" hai2="18,23,40,47,50,52,55" /><INIT seed="2,1,0,4,0,122" ten="308,322,176,194" oya="2" hai0="23,104,40,62,94,120,68,50,26,133,89,35,83" hai1="47,108,16,119,130,18,117,77,75,57,64,60,127" hai2="32,46,38,90,112,63,110,5,39,107,0,51,20" hai3="123,13,67,78,87,95,42,102,129,27,135,34,9"/><V70/><F112/><W1/><G123/><T80/><D120/><U25/><E75/><V24/><F107/><W100/><G1/><T29/><D104/><U114/><E114/><V58/><F32/><W2/><G2/><T92/><D35/><U132/><E77/><V125/><F125/><W103/><G129/><T98/><D133/><U66/><E108/><V99/><F70/><W4/><G135/><T76/><D68/><U121/><E132/><V54/><F110/><W82/><G67/><T86/><D62/><U59/><E121/><V88/><F5/><W97/><REACH who="3" step="1"/><G42/><REACH who="3" ten="308,322,176,184" step="2"/><T44/><D76/><U52/><E130/><V22/><F0/><W111/><G111/><T134/><D134/><U14/><E66/><V65/><F20/><W85/><G85/><T116/><REACH who="0" step="1"/><D116/><REACH who="0" ten="298,322,176,184" step="2"/><U73/><E119/><V126/><F126/><W72/><G72/><T8/><D8/><U56/><E73/><V106/><F106/><W74/><G74/><T55/><D55/><U3/><E117/><V6/><F6/><W128/><G128/><T81/><D81/><U91/><E52/><V12/><F54/><W124/><G124/><T19/><D19/><U45/><E18/><V17/><F17/><W96/><G96/><T131/><D131/><U53/><E16/><N who="2" m="10503" /><F99/><W118/><G118/><T115/><D115/><U71/><E127/><V15/><F65/><W37/><G37/><T69/><D69/><U43/><E71/><V113/><F39/><W36/><G36/><T48/><D48/><U28/><E64/><N who="2" m="39031" /><F38/><W61/><G61/><T49/><D49/><N who="1" m="26815" /><E60/><V33/><F113/><RYUUKYOKU ba="1,2" sc="298,15,322,-15,176,-15,184,15" hai0="23,26,29,40,44,50,80,83,86,89,92,94,98" hai3="4,9,13,27,34,78,82,87,95,97,100,102,103" /><INIT seed="3,2,2,0,2,104" ten="313,307,161,199" oya="3" hai0="52,70,65,117,72,99,60,10,88,96,62,97,76" hai1="43,91,9,50,39,58,28,92,21,94,106,32,115" hai2="119,120,17,64,7,34,66,69,63,11,128,85,114" hai3="130,113,79,101,95,26,3,98,57,135,121,23,31"/><W20/><G113/><T13/><D117/><U68/><E115/><V2/><F114/><W102/><G121/><T77/><D72/><U125/><E68/><V29/><F119/><W14/><G3/><T45/><D88/><U61/><E106/><V44/><F120/><W33/><G130/><T122/><D122/><U111/><E39/><V25/><F128/><W5/><G135/><T103/><D103/><U55/><E32/><V67/><F44/><W48/><G79/><N who="0" m="30283" /><D70/><U127/><E111/><V74/><F74/><W116/><G116/><T6/><D65/><N who="1" m="39095" /><E43/><V22/><REACH who="2" step="1"/><F85/><REACH who="2" ten="313,307,151,199" step="2"/><W126/><G126/><T15/><D15/><AGARI ba="2,3" hai="2,7,11,15,17,22,25,29,34,63,64,66,67,69" machi="15" ten="30,8000,1" yaku="1,1,2,1,7,1,24,2,53,0" doraHai="104" doraHaiUra="124" who="2" fromWho="0" sc="313,-86,307,0,151,116,199,0" owari="227,-17.3,307,40.7,267,6.7,199,-30.1" /></mjloggm>