<mjloggm ver="2.3"><GO type="225" lobby="0"/><UN n0="%73%6C%69%63%6B%33%31%39" n1="%E3%83%A9%E3%83%BC%E3%83%A1%E3%83%B3%E4%BA%94%E9%83%8E" n2="%E5%84%AA%40%41%42%43" n3="%E6%A1%9C%E8%8A%B1%E9%96%83%E3%80%85" dan="16,16,17,18" rate="2192.13,2065.47,2260.37,2210.23" sx="M,M,M,M"/><TAIKYOKU oya="0"/><INIT seed="0,0,0,3,3,123" ten="250,250,250,250" oya="0" hai0="50,79,105,77,42,119,54,86,14,121,134,37,29" hai1="72,21,122,7,90,20,102,2,39,61,5,19,128" hai2="81,35,45,120,107,28,4,6,3,16,8,98,135" hai3="125,113,15,66,103,78,75,18,109,40,23,27,104"/><T96/><D119/><U111/><E122/><V116/><F120/><W115/><G125/><T47/><D121/><U73/><E39/><V106/><F116/><W41/><G66/><T46/><D134/><U26/><E128/><V76/><F135/><W34/><G75/><T58/><D29/><U117/><E117/><V12/><F6/><W80/><G104/><T59/><D14/><U118/><E118/><V62/><F98/><W57/><G103/><T11/><D11/><U87/><E102/><V69/><F45/><W89/><G89/><T13/><D13/><U94/><E61/><V9/><F62/><W127/><G57/><T0/><D0/><U31/><E111/><V24/><REACH who="2" step="1"/><F69/><REACH who="2" ten="250,250,240,250" step="2"/><W124/><G124/><T99/><D99/><U70/><E70/><V60/><F60/><W52/><G127/><T25/><D96/><U22/><E7/><V33/><F33/><W93/><G34/><T129/><D47/><U10/><REACH who="1" step="1"/><E21/><REACH who="1" ten="250,240,240,250" step="2"/><V112/><F112/><W38/><G113/><T71/><D71/><U132/><E132/><V126/><F126/><W83/><G23/><T68/><D68/><U55/><E55/><V74/><AGARI ba="0,2" hai="3,4,8,9,12,16,24,28,35,74,76,81,106,107" machi="74" ten="20,5200,0" yaku="1,1,0,1,7,1,54,1,53,0" doraHai="123" doraHaiUra="64" who="2" fromWho="2" sc="250,-26,240,-13,240,72,250,-13" /><INIT seed="1,0,0,1,1,116" ten="224,227,312,237" oya="1" hai0="96,4,52,38,44,64,61,95,39,34,10,51,14" hai1="70,47,121,11,19,48,135,93,1,24,92,131,80" hai2="20,81,8,128,54,105,117,12,124,86,45,65,90" hai3="94,13,71,18,68,99,41,123,31,26,63,72,89"/><U104/><E104/><V33/><F117/><W30/><G72/><T106/><D34/><U7/><E70/><V37/><F33/><W114/><G114/><T103/><REACH who="0" step="1"/><D106/><REACH who="0" ten="214,227,312,237" step="2"/><U125/><E125/><V23/><F105/><W101/><G71/><AGARI ba="0,1" hai="4,10,14,38,39,44,51,52,61,64,71,95,96,103" machi="71" ten="30,7700,0" yaku="1,1,2,1,7,1,54,1,53,0" doraHai="116" doraHaiUra="79" who="0" fromWho="3" sc="214,87,227,0,312,0,237,-77" /><INIT seed="2,0,0,3,0,55" ten="301,227,312,160" oya="2" hai0="131,9,75,128,40,19,82,60,51,112,48,133,43" hai1="61,8,76,7,77,65,1,120,35,17,129,12,5" hai2="132,37,53,10,111,24,32,36,113,57,115,71,63" hai3="28,29,118,73,80,86,25,22,68,45,6,107,31"/><V85/><F32/><W117/><G73/><T125/><D112/><N who="2" m="43082" /><F24/><W130/><G107/><T83/><D125/><U62/><E129/><N who="0" m="49737" /><D133/><U13/><E120/><V39/><F10/><W14/><G130/><T101/><D101/><U34/><E5/><V47/><F85/><W15/><G68/><T109/><D109/><U97/><E1/><V105/><F105/><W44/><G117/><T94/><D94/><U96/><E34/><V81/><F81/><N who="0" m="30730" /><D60/><N who="1" m="23147" /><E65/><N who="2" m="41407" /><F132/><W27/><G118/><T124/><D124/><U69/><E69/><V30/><F30/><W41/><G29/><T4/><D19/><U84/><E35/><V110/><F47/><W74/><G74/><T98/><D98/><N who="1" m="37995" /><E84/><V127/><F127/><W103/><G103/><T16/><D75/><U2/><E2/><V88/><F88/><W42/><G80/><T108/><D16/><U70/><E70/><V78/><F78/><W114/><G114/><T46/><D108/><N who="2" m="41514" /><F36/><W126/><G126/><T64/><D46/><U18/><E7/><V95/><F95/><W87/><REACH who="3" step="1"/><G6/><REACH who="3" ten="301,227,312,150" step="2"/><T52/><D4/><U54/><E17/><V38/><F38/><W99/><G99/><T119/><D119/><U79/><E13/><V0/><F0/><W50/><G50/><AGARI ba="0,1" hai="37,39,50,53,57" m="41514,41407,43082" machi="50" ten="30,12000,1" yaku="14,1,10,1,34,2,52,1" doraHai="55" who="2" fromWho="3" sc="301,0,227,0,312,130,150,-120" /><INIT seed="2,1,0,4,2,8" ten="301,227,442,30" oya="2" hai0="31,9,114,42,17,101,105,111,68,132,16,39,127" hai1="33,52,86,49,25,85,118,3,91,15,112,19,20" hai2="120,84,1,108,89,71,78,129,126,135,44,11,90" hai3="97,21,63,75,128,77,29,116,113,70,88,73,99"/><V45/><F71/><W26/><G116/><T96/><D114/><U123/><E112/><V106/><F106/><W93/><G113/><T74/><D68/><U130/><E118/><V121/><F1/><W124/><G124/><T72/><D127/><U35/><E130/><V30/><F11/><W4/><G128/><T54/><D111/><U7/><E123/><V37/><F78/><W34/><G4/><T87/><D132/><U83/><E3/><V110/><F30/><W38/><G38/><T92/><D31/><U36/><E36/><V133/><F129/><W56/><G70/><T117/><D117/><U104/><E104/><V102/><F102/><W67/><G34/><T134/><D134/><N who="2" m="51210" /><F126/><W119/><G119/><T13/><D17/><U32/><E7/><V47/><F37/><W43/><G43/><T57/><D87/><U103/><E103/><V79/><F79/><W76/><G75/><T107/><D105/><U80/><E33/><V66/><F66/><W115/><G115/><T53/><D107/><U69/><E69/><V58/><F58/><W24/><G73/><T55/><REACH who="0" step="1"/><D57/><REACH who="0" ten="291,227,442,30" step="2"/><N who="1" m="32911" /><E32/><V40/><F121/><W65/><G99/><T131/><D131/><U81/><E35/><V109/><F120/><W122/><G122/><T82/><D82/><N who="1" m="31851" /><E85/><V22/><F84/><W61/><G56/><T14/><D14/><AGARI ba="1,1" hai="14,15,19,20,25,83,86,91" m="31851,32911" machi="14" ten="30,7700,0" yaku="8,1,52,2,54,1" doraHai="8" who="1" fromWho="0" sc="291,-80,227,90,442,0,30,0" /><INIT seed="3,0,0,1,4,18" ten="211,317,442,30" oya="3" hai0="77,108,115,75,66,20,135,19,72,71,106,31,84" hai1="81,54,33,85,39,16,109,50,103,117,86,11,21" hai2="95,97,125,76,4,100,69,131,112,70,119,133,118" hai3="120,34,92,5,60,59,23,22,114,10,124,128,56"/><W40/><G114/><T8/><D115/><U102/><E39/><V29/><F4/><W6/><G120/><T30/><D106/><U99/><E33/><V52/><F76/><W49/><G34/><T96/><D108/><U36/><E36/><V62/><F29/><W123/><G123/><T94/><D135/><U93/><E109/><V27/><F27/><W122/><G122/><T88/><D8/><U45/><E117/><V134/><F131/><W42/><G128/><T89/><D71/><U2/><E103/><V7/><F7/><N who="3" m="2571" /><G124/><T83/><D66/><U111/><E2/><V73/><F73/><W129/><G129/><T116/><D116/><N who="2" m="44586" /><F125/><W87/><G10/><T64/><D64/><U67/><E11/><V91/><F112/><W25/><G49/><T15/><D75/><U104/><E111/><V47/><F70/><W98/><G87/><N who="1" m="33290" /><E104/><V58/><F69/><W110/><G110/><T63/><D63/><U41/><E67/><V82/><F134/><W46/><G60/><T113/><D113/><U65/><E65/><V1/><F1/><W68/><G68/><T55/><D55/><U3/><E3/><V44/><F133/><W132/><G132/><T26/><D15/><N who="1" m="9375" /><E81/><AGARI ba="0,0" hai="19,20,26,30,31,72,77,81,83,84,88,89,94,96" machi="81" ten="30,3900,0" yaku="7,1,52,1,54,1" doraHai="18" who="0" fromWho="1" sc="211,39,317,-39,442,0,30,0" owari="250,-15.0,278,7.8,442,54.2,30,-47.0" /></mjloggm>