<mjloggm ver="2.3"><GO type="225" lobby="0"/><UN n0="%E6%B1%9D%E6%9C%89%E4%BD%95%E7%96%91" n1="%E6%97%A5%E6%9B%9C%E6%97%A5%E3%82%88%E3%82%8A%E3%81%AE%E4%BD%BF%E8%80%85" n2="%E3%82%A2%E3%83%9E%E3%83%9D%EF%BD%9E%EF%BD%9E%E3%83%A9" n3="%77%72%77%72%77%72%77%72" dan="16,17,17,16" rate="2093.83,2141.53,2210.28,2092.60" sx="M,M,M,M"/><TAIKYOKU oya="0"/><INIT seed="0,0,0,3,2,87" ten="250,250,250,250" oya="0" hai0="23,104,114,51,125,15,126,111,127,44,21,117,93" hai1="10,7,118,108,110,52,26,58,43,134,50,73,48" hai2="1,19,17,53,24,16,13,115,25,57,62,135,29" hai3="34,90,71,68,85,103,122,35,130,79,56,66,55"/><T2/><D117/><U9/><E118/><V112/><F135/><W94/><G130/><T80/><D114/><U65/><E73/><V64/><F1/><W72/><G122/><T60/><D2/><U74/><E74/><V129/><F129/><W132/><G132/><T133/><D133/><U105/><E105/><V98/><F13/><W69/><G66/><T22/><D104/><U0/><E134/><V84/><F25/><W120/><G120/><T18/><D111/><N who="1" m="42539" /><E65/><V131/><F131/><W28/><G103/><T39/><D39/><U37/><E10/><V11/><F11/><W4/><G4/><T97/><D80/><U81/><E81/><V86/><F98/><W128/><G128/><T42/><REACH who="0" step="1"/><D60/><REACH who="0" ten="240,250,250,250" step="2"/><U91/><E37/><V116/><F116/><W99/><G72/><T32/><D32/><U31/><E0/><V102/><F115/><W82/><REACH who="3" step="1"/><G28/><REACH who="3" ten="240,250,250,240" step="2"/><T40/><D40/><U27/><E43/><V106/><F112/><W119/><G119/><T30/><D30/><U75/><E31/><V107/><F29/><W89/><G89/><AGARI ba="0,2" hai="15,18,21,22,23,42,44,51,89,93,97,125,126,127" machi="89" ten="40,12000,1" yaku="1,1,18,1,52,1,53,1" doraHai="87" doraHaiUra="8" who="0" fromWho="3" sc="240,140,250,0,250,0,240,-120" /><INIT seed="0,1,0,0,2,76" ten="380,250,250,120" oya="0" hai0="123,114,125,44,70,86,132,80,55,72,89,33,50" hai1="35,62,38,13,68,16,39,51,102,6,107,42,66" hai2="119,27,23,60,81,105,128,75,74,135,98,82,56" hai3="67,85,108,26,37,97,5,2,83,4,120,87,84"/><T58/><D123/><U18/><E35/><V25/><F128/><W110/><G37/><T1/><D114/><U122/><E122/><V65/><F135/><W109/><G120/><T117/><D117/><U9/><E51/><V88/><F119/><W113/><G67/><T19/><D70/><U96/><E42/><V121/><F121/><W41/><G41/><T111/><D132/><U73/><E73/><V78/><F105/><W54/><G54/><T69/><D69/><U34/><REACH who="1" step="1"/><E34/><REACH who="1" ten="380,240,250,120" step="2"/><V30/><F75/><W8/><G113/><T127/><D33/><U94/><E94/><N who="2" m="56647" /><F74/><W48/><G48/><T24/><D72/><U7/><E7/><V112/><F112/><W22/><G5/><T15/><D50/><U126/><E126/><V77/><F77/><N who="3" m="46191" /><G97/><T45/><D127/><U21/><E21/><N who="2" m="15663" /><F78/><W12/><G2/><T93/><D1/><U47/><E47/><V133/><F133/><W52/><G108/><T90/><D111/><U53/><E53/><V106/><F106/><W0/><G110/><T11/><D125/><U95/><E95/><V100/><F100/><W28/><G0/><T79/><D79/><U14/><E14/><V101/><F101/><W103/><G109/><T10/><D45/><U124/><E124/><V116/><F116/><W91/><G103/><T43/><D44/><U57/><E57/><V20/><F20/><W59/><G91/><T29/><D58/><U40/><E40/><V104/><F104/><W118/><G118/><T17/><D43/><U129/><E129/><V3/><F3/><W36/><G36/><AGARI ba="1,1" hai="6,9,13,16,18,36,38,39,62,66,68,96,102,107" machi="36" ten="40,8000,1" yaku="1,1,54,1,53,3" doraHai="76" doraHaiUra="71" who="1" fromWho="3" sc="380,0,240,93,250,0,120,-83" /><INIT seed="1,0,0,4,2,58" ten="380,333,250,37" oya="1" hai0="88,111,62,19,87,48,25,39,92,31,57,96,0" hai1="18,34,43,65,46,86,56,75,13,52,26,106,130" hai2="134,60,67,135,5,8,110,17,90,40,116,118,97" hai3="14,41,28,11,7,82,127,32,113,114,45,91,72"/><U73/><E106/><V104/><F40/><W1/><G127/><T122/><D39/><U70/><E130/><V103/><F17/><W94/><G14/><T29/><D0/><U107/><E107/><V71/><F90/><W108/><G108/><T4/><D111/><U63/><E86/><V98/><F97/><W33/><G91/><N who="0" m="55327" /><D48/><N who="1" m="30727" /><E26/><V59/><F59/><W23/><G23/><N who="0" m="13567" /><D4/><U50/><E50/><V35/><F35/><W133/><G94/><N who="0" m="54559" /><D122/><U132/><E34/><N who="3" m="13418" /><G28/><T16/><D16/><U131/><E131/><V76/><F76/><N who="3" m="44295" /><G133/><N who="2" m="50697" /><F110/><W109/><G109/><T119/><D119/><U38/><E132/><V117/><F117/><W15/><G15/><AGARI ba="0,0" hai="5,8,15,60,67,71,98,103,104,116,118" m="50697" machi="15" ten="30,2000,0" yaku="20,1,52,1" doraHai="58" who="2" fromWho="3" sc="380,0,333,0,250,20,37,-20" /><INIT seed="2,0,0,3,2,7" ten="380,333,270,17" oya="2" hai0="125,92,95,71,129,62,88,63,4,56,85,72,93" hai1="38,60,81,42,52,21,131,66,101,17,28,128,23" hai2="43,84,105,77,41,34,90,134,116,11,132,33,122" hai3="83,102,108,3,113,6,64,57,25,10,69,82,73"/><V75/><F116/><W44/><G69/><T1/><D72/><U39/><E101/><V59/><F105/><W118/><G118/><T100/><D125/><U127/><E127/><V49/><F122/><W119/><G119/><T97/><D129/><N who="1" m="49739" /><E42/><N who="2" m="15883" /><F77/><W91/><G108/><T96/><D71/><N who="1" m="42439" /><E81/><N who="2" m="49423" /><F75/><W130/><G130/><T37/><D37/><U9/><E52/><N who="2" m="32143" /><F11/><W65/><G113/><T86/><D62/><U55/><E55/><V98/><F98/><W78/><G44/><T2/><D2/><U121/><E121/><V18/><F18/><W36/><G36/><N who="1" m="13866" /><E28/><V5/><F5/><W51/><G65/><N who="0" m="39143" /><D4/><U15/><AGARI ba="0,0" hai="9,15,17,21,23" m="13866,42439,49739" machi="15" ten="40,2700,0" yaku="19,1,52,1" doraHai="7" who="1" fromWho="1" sc="380,-7,333,27,270,-13,17,-7" /><INIT seed="3,0,0,3,2,128" ten="373,360,257,10" oya="3" hai0="67,43,72,1,120,13,60,82,57,17,110,58,26" hai1="114,93,77,35,94,129,97,27,40,9,125,134,49" hai2="3,117,124,8,98,24,132,32,87,71,28,48,50" hai3="133,126,22,69,53,119,70,83,2,23,10,91,5"/><W75/><G119/><T112/><D120/><U33/><E114/><V73/><F73/><W63/><G126/><T18/><D1/><U76/><E129/><V15/><F117/><W14/><G133/><T86/><D72/><U116/><E134/><V121/><F71/><W44/><G2/><T122/><D110/><U96/><E116/><V51/><F124/><W102/><G102/><T55/><D43/><U131/><E131/><V66/><F66/><W130/><G130/><T52/><D122/><U61/><E125/><V11/><F121/><W103/><G103/><T118/><D112/><U62/><E9/><V41/><F98/><N who="1" m="37993" /><E27/><V104/><F104/><W30/><G75/><T78/><D118/><U106/><E106/><V39/><F8/><W21/><G30/><T56/><D26/><U84/><E33/><V59/><F39/><W54/><G44/><T12/><D67/><U42/><E35/><V135/><F41/><N who="1" m="15977" /><E49/><V16/><F59/><N who="0" m="22602" /><D55/><U31/><E31/><V6/><REACH who="2" step="1"/><F87/><REACH who="2" ten="373,360,247,10" step="2"/><W47/><G47/><T92/><D92/><N who="1" m="35435" /><E84/><V29/><F29/><W107/><G107/><T99/><D99/><U34/><E34/><V0/><F0/><W109/><G109/><T115/><D115/><U81/><E81/><V89/><F89/><W20/><N who="3" m="5120" /><DORA hai="85" /><W4/><G4/><T46/><D46/><U105/><E105/><V64/><F64/><W100/><G100/><T80/><D80/><U113/><E113/><V25/><F25/><W7/><G7/><T123/><D123/><U90/><E90/><V101/><F101/><W79/><G91/><T36/><D36/><RYUUKYOKU ba="0,1" sc="373,10,360,10,247,10,10,-30" hai0="12,13,17,18,52,58,60,78,82,86" hai1="61,62,76,77" hai2="3,6,11,15,16,24,28,32,48,50,51,132,135" owari="393,49.3,370,17.0,257,-14.3,-20,-52.0" /></mjloggm>