<mjloggm ver="2.3"><GO type="225" lobby="0"/><UN n0="%E3%81%82%E3%81%99%E3%81%AB%E3%82%83%E3%82%80" n1="%E6%B0%B7%E5%B7%9D%E9%87%8C%E5%A5%88" n2="%E3%81%BF%E3%81%BF%E3%81%9A" n3="%E7%B4%94%E6%BD%94%E3%83%94%E3%83%A9%E3%83%8B%E3%82%A2" dan="16,16,17,17" rate="2121.90,2055.29,2313.94,2209.09" sx="F,F,M,M"/><TAIKYOKU oya="0"/><INIT seed="0,0,0,0,3,28" ten="250,250,250,250" oya="0" hai0="129,135,17,38,124,100,73,127,104,60,101,21,95" hai1="67,36,79,81,97,50,122,23,7,52,117,103,116" hai2="113,123,99,74,51,59,37,65,125,64,75,63,11" hai3="85,90,32,114,15,42,120,44,48,57,93,16,2"/><T29/><D38/><U27/><E122/><V5/><F123/><W20/><G2/><T35/><D104/><U102/><E36/><V106/><F113/><W132/><G114/><T77/><D135/><U128/><E128/><V84/><F37/><W134/><G120/><T49/><D129/><U4/><E67/><V58/><F125/><N who="0" m="48202" /><D60/><U6/><E116/><V87/><F106/><W62/><REACH who="3" step="1"/><G32/><REACH who="3" ten="250,250,250,240" step="2"/><T24/><D49/><U109/><E117/><V0/><F51/><W126/><G126/><T70/><D70/><U39/><E39/><V110/><F0/><W53/><AGARI ba="0,1" hai="15,16,20,42,44,48,53,57,62,85,90,93,132,134" machi="53" ten="30,7900,0" yaku="1,1,0,1,54,1,53,1" doraHai="28" doraHaiUra="9" who="3" fromWho="3" sc="250,-39,250,-20,250,-20,240,89" /><INIT seed="1,0,0,5,3,16" ten="211,230,230,329" oya="1" hai0="81,79,74,134,11,105,54,45,69,75,127,126,14" hai1="122,120,96,82,34,17,118,101,91,4,39,60,84" hai2="20,65,129,49,19,57,33,18,64,85,13,67,107" hai3="131,31,63,88,42,108,23,51,56,50,37,98,68"/><U62/><E118/><V40/><F107/><W28/><G68/><T48/><D105/><U24/><E39/><V114/><F129/><W92/><G131/><T124/><D69/><U22/><E4/><V21/><F33/><W125/><G108/><T135/><REACH who="0" step="1"/><D74/><REACH who="0" ten="201,230,230,329" step="2"/><U110/><E110/><V55/><F114/><W128/><G128/><T117/><D117/><U87/><E34/><V130/><F130/><W27/><G125/><T35/><D35/><U111/><E111/><V15/><F40/><W90/><G42/><T80/><D80/><U132/><E132/><V99/><F99/><W44/><G37/><T77/><D77/><U30/><E84/><AGARI ba="0,1" hai="13,15,18,19,20,21,49,55,57,64,65,67,84,85" machi="84" ten="40,8000,1" yaku="9,1,8,1,52,2" doraHai="16" who="2" fromWho="1" sc="201,0,230,-80,230,90,329,0" /><INIT seed="2,0,0,5,0,82" ten="201,150,320,329" oya="2" hai0="75,113,127,76,6,46,48,26,102,34,91,101,4" hai1="43,61,81,92,93,112,79,30,40,98,21,132,18" hai2="28,14,11,16,125,39,58,67,50,120,123,7,35" hai3="53,42,88,32,17,3,44,71,57,96,74,77,24"/><V27/><F39/><W1/><G71/><T135/><D113/><U90/><E112/><V70/><F125/><W124/><G74/><T41/><D127/><U52/><E132/><V107/><F107/><W128/><G77/><T118/><D135/><U122/><E122/><V19/><F70/><W95/><G128/><T8/><D34/><U94/><E30/><V72/><F72/><W33/><G124/><T105/><D105/><U37/><E37/><V47/><F58/><W109/><G109/><T22/><D118/><U97/><E79/><V115/><F67/><W20/><G3/><T2/><D4/><U59/><E81/><V10/><F115/><W38/><G1/><T104/><D104/><U25/><REACH who="1" step="1"/><E97/><REACH who="1" ten="201,140,320,329" step="2"/><V83/><F83/><W63/><AGARI ba="0,1" hai="17,20,24,32,33,38,42,44,53,57,63,88,95,96" machi="63" ten="20,8000,1" yaku="0,1,7,1,25,2,54,1" doraHai="82" who="3" fromWho="3" sc="201,-20,140,-20,320,-40,329,90" /><INIT seed="3,0,0,4,5,44" ten="181,120,280,419" oya="3" hai0="83,42,59,27,25,60,53,129,15,108,16,50,92" hai1="101,11,2,67,109,63,107,64,105,1,29,57,110" hai2="128,127,81,18,10,26,133,130,24,94,132,56,88" hai3="87,5,104,79,8,134,131,78,124,0,14,46,54"/><W12/><G104/><T70/><D108/><U30/><E57/><V71/><F71/><W119/><G119/><T4/><D129/><N who="2" m="49770" /><F81/><W35/><G35/><T116/><D116/><U91/><E11/><V122/><F10/><W3/><G46/><N who="0" m="25943" /><D70/><U95/><E63/><V106/><F18/><W22/><G14/><T76/><D4/><U93/><REACH who="1" step="1"/><E91/><REACH who="1" ten="181,110,280,419" step="2"/><V61/><F122/><W82/><G8/><N who="0" m="6247" /><D92/><U121/><E121/><V125/><F106/><W103/><G5/><T84/><AGARI ba="0,1" hai="25,27,53,59,60,76,83,84" m="6247,25943" machi="84" ten="30,4000,0" yaku="8,1,52,1,54,1" doraHai="44" who="0" fromWho="0" sc="181,50,110,-10,280,-10,419,-20" owari="231,-16.9,100,-40.0,270,7.0,399,49.9" /></mjloggm>