<mjloggm ver="2.3"><GO type="225" lobby="0"/><UN n0="%E7%89%B9%E6%9D%B1%E3%81%AF%E4%B8%96%E7%95%8C%E3%82%92%E6%95%91%E3%81%86" n1="%E3%81%A1%E3%82%85%E3%81%86%E3%81%A9%E3%81%8F%E8%B1%A1%E3%81%95%E3%82%93" n2="%E3%81%B8%E3%82%80%E3%81%B8%E3%82%80%EF%BC%92%E5%8F%B7" n3="%73%6C%69%63%6B%33%31%39" dan="16,16,17,16" rate="2151.39,2170.55,2211.75,2181.86" sx="M,M,M,M"/><TAIKYOKU oya="0"/><INIT seed="0,0,0,0,3,80" ten="250,250,250,250" oya="0" hai0="114,66,112,90,76,124,86,79,9,53,98,8,42" hai1="118,62,96,129,15,25,26,37,16,57,13,1,59" hai2="2,36,22,110,43,128,132,21,133,83,67,71,97" hai3="58,135,89,11,103,77,56,29,3,95,12,88,131"/><T46/><D124/><U65/><E118/><V122/><F122/><W17/><G135/><N who="2" m="51785" /><F2/><W134/><G131/><T51/><D66/><U82/><E1/><V35/><F35/><W99/><G134/><T68/><D68/><U85/><E37/><V44/><F128/><W126/><G126/><T38/><D98/><U107/><E129/><V87/><F97/><W31/><G3/><T6/><D114/><U0/><E0/><V119/><F110/><W93/><G77/><T55/><D112/><U70/><E13/><V20/><F119/><W47/><G47/><T120/><D120/><U101/><E25/><V105/><F105/><W4/><G17/><T30/><D30/><N who="3" m="11273" /><G103/><T94/><D6/><U121/><E26/><V61/><F21/><W74/><G74/><T19/><D9/><U63/><E121/><V40/><F40/><W127/><G127/><T78/><REACH who="0" step="1"/><D38/><REACH who="0" ten="240,250,250,250" step="2"/><U28/><E28/><V39/><F39/><W33/><G33/><T92/><D92/><U48/><E70/><V41/><F41/><W5/><G5/><T27/><D27/><U23/><E48/><V52/><F52/><W54/><G54/><T75/><D75/><U14/><E14/><AGARI ba="0,1" hai="8,14,19,42,46,51,53,55,76,78,79,86,90,94" machi="14" ten="40,18000,2" yaku="1,1,8,1,52,1,53,3" doraHai="80" doraHaiUra="73" who="0" fromWho="1" sc="240,190,250,-180,250,0,250,0" /><INIT seed="0,1,0,0,1,14" ten="430,70,250,250" oya="0" hai0="83,133,25,4,99,129,78,51,117,110,3,9,135" hai1="38,98,28,100,19,0,80,35,124,11,105,88,20" hai2="127,111,43,12,17,64,33,37,24,121,87,48,18" hai3="112,126,114,21,120,116,1,85,108,86,102,27,15"/><T122/><D117/><U2/><E38/><V56/><F121/><W7/><G116/><T30/><D122/><U55/><E124/><V69/><F127/><W77/><G126/><T44/><D129/><U109/><E109/><V67/><F111/><W92/><G108/><T82/><D99/><U84/><E11/><V90/><F37/><W40/><G120/><T68/><D68/><U52/><E28/><V45/><F69/><W58/><G1/><T79/><D82/><U73/><E35/><V76/><F76/><W63/><G40/><T47/><D110/><U36/><E36/><V70/><F70/><W8/><G112/><T23/><D79/><U32/><E32/><V10/><F56/><W26/><G26/><T5/><D5/><U62/><E73/><V134/><F134/><W96/><G77/><T89/><D89/><U74/><E74/><V103/><F103/><W41/><G41/><T118/><D118/><U107/><E107/><V131/><F131/><W119/><G114/><T22/><D22/><U81/><E81/><N who="2" m="49519" /><F33/><W130/><G130/><T128/><D128/><U6/><E6/><N who="2" m="3159" /><F24/><W61/><G61/><T39/><D39/><U57/><REACH who="1" step="1"/><E55/><REACH who="1" ten="430,60,250,250" step="2"/><V94/><F94/><W60/><G119/><T13/><D135/><U65/><E65/><AGARI ba="1,1" hai="17,18,43,45,48,64,65,67" m="3159,49519" machi="65" ten="30,3900,0" yaku="8,1,52,2" doraHai="14" who="2" fromWho="1" sc="430,0,60,-42,250,52,250,0" /><INIT seed="1,0,0,3,1,77" ten="430,18,302,250" oya="1" hai0="83,32,114,103,73,119,26,74,3,17,102,34,37" hai1="126,9,64,0,108,107,84,128,88,31,72,106,90" hai2="129,98,79,115,91,116,55,111,14,6,112,71,18" hai3="2,48,135,1,65,27,59,99,63,13,121,127,33"/><U93/><E126/><V67/><F116/><W92/><G121/><T118/><D3/><U57/><E72/><N who="0" m="27753" /><D17/><U8/><E128/><V105/><F129/><W69/><G127/><T124/><D124/><U94/><E108/><V104/><F111/><W100/><G135/><T36/><D26/><U29/><E64/><V41/><F41/><W20/><G33/><N who="0" m="12907" /><D83/><U86/><REACH who="1" step="1"/><E57/><REACH who="1" ten="430,8,302,250" step="2"/><V52/><F67/><W117/><G117/><N who="0" m="44555" /><D114/><U38/><E38/><AGARI ba="0,1" hai="36,37,38,102,103" m="44555,12907,27753" machi="38" ten="40,2600,0" yaku="28,2" doraHai="77" who="0" fromWho="1" sc="430,36,8,-26,302,0,250,0" owari="466,56.6,-18,-51.8,302,10.2,250,-15.0" /></mjloggm>