<mjloggm ver="2.3"><GO type="225" lobby="0"/><UN n0="%E3%81%B2%E3%81%AA%E3%81%AE%E3%82%8A%E3%81%8F" n1="%E3%83%AB%E3%83%9B%E3%83%B3%E3%83%87%E3%82%A3%E3%82%A8" n2="%E3%81%BF%E3%81%BF%E3%81%9A" n3="%E3%83%97%E3%83%AC%E3%83%B4%E3%82%A1%E3%83%86%E3%82%A3" dan="17,17,16,16" rate="2236.49,2186.91,2166.87,2085.93" sx="M,M,M,F"/><TAIKYOKU oya="0"/><INIT seed="0,0,0,1,2,29" ten="250,250,250,250" oya="0" hai0="62,71,49,69,102,6,92,48,44,128,103,53,42" hai1="23,57,55,39,109,27,121,133,83,111,20,90,127" hai2="125,12,13,114,94,118,24,131,80,3,17,134,101" hai3="14,89,135,122,32,74,76,50,70,2,130,87,58"/><T84/><D128/><U46/><E121/><V110/><F3/><W85/><G122/><T16/><D6/><U52/><E127/><V41/><F114/><W79/><G2/><T26/><D62/><U119/><E119/><V59/><F118/><W45/><G70/><T91/><D71/><U88/><E133/><V124/><F134/><W35/><G135/><T4/><D4/><U117/><E117/><V73/><F41/><W72/><G130/><T97/><D69/><U123/><E123/><V15/><F131/><W5/><G58/><T100/><D26/><U126/><E126/><N who="2" m="48747" /><F110/><N who="1" m="41993" /><E83/><V67/><F101/><W93/><G74/><T64/><D64/><U25/><E39/><V33/><F94/><W7/><G72/><T77/><D77/><U78/><E78/><N who="2" m="44111" /><F59/><W95/><G14/><T116/><D116/><U108/><E108/><V61/><F61/><W132/><G132/><T106/><D106/><U115/><E115/><V107/><F67/><W65/><G65/><T43/><D42/><U40/><E40/><V120/><F107/><W66/><G66/><T28/><D100/><U11/><E46/><V0/><F0/><W60/><G60/><T54/><D103/><U112/><E112/><V10/><F120/><W99/><G45/><T18/><D43/><U75/><E75/><V68/><F68/><W34/><G50/><T51/><D49/><N who="1" m="30863" /><E55/><V47/><F47/><W129/><G129/><T98/><D44/><U19/><E11/><V105/><F105/><W22/><G79/><T37/><D54/><U104/><E104/><V82/><F82/><W63/><G76/><RYUUKYOKU ba="0,0" sc="250,-15,250,15,250,15,250,-15" hai1="19,20,23,25,27,88,90" hai2="10,12,13,15,17,24,33" /><INIT seed="1,1,0,4,3,109" ten="235,265,265,235" oya="1" hai0="9,21,122,115,135,0,112,75,59,99,102,90,79" hai1="67,26,40,39,4,119,134,13,52,103,37,71,124" hai2="50,86,91,15,35,78,72,69,68,104,88,8,54" hai3="87,111,73,80,121,1,49,97,129,22,101,83,92"/><U127/><E119/><V130/><F35/><W98/><G1/><T45/><D135/><U32/><E103/><V20/><F104/><W64/><G64/><T17/><D122/><U76/><E76/><V30/><F72/><W41/><G121/><T126/><D126/><N who="1" m="48171" /><E13/><V2/><F130/><W24/><G129/><T29/><D29/><N who="1" m="19511" /><E4/><V132/><F132/><W116/><G116/><T117/><D117/><U96/><E96/><V28/><F2/><W5/><G5/><T53/><D90/><N who="2" m="34346" /><F68/><W34/><G34/><T77/><D0/><U18/><E18/><N who="2" m="8551" /><F69/><W118/><G118/><T63/><D9/><U43/><E134/><V27/><F86/><W16/><G73/><T48/><D75/><U128/><E128/><V107/><F107/><W105/><G111/><T62/><D77/><U110/><E110/><V95/><F78/><W70/><G70/><T84/><D79/><U60/><E37/><V46/><F95/><W131/><G87/><T12/><D84/><U120/><E120/><V7/><F7/><W10/><G131/><T94/><REACH who="0" step="1"/><D63/><REACH who="0" ten="225,265,265,235" step="2"/><N who="1" m="40447" /><E39/><V14/><F14/><W123/><G123/><T61/><D61/><U38/><E38/><V100/><F100/><W3/><G3/><T65/><AGARI ba="1,1" hai="12,17,21,45,48,53,59,62,65,94,99,102,112,115" machi="65" ten="20,8000,1" yaku="1,1,0,1,7,1,52,2,53,0" doraHai="109" doraHaiUra="25" who="0" fromWho="0" sc="225,93,265,-41,265,-21,235,-21" /><INIT seed="2,0,0,1,1,117" ten="318,224,244,214" oya="2" hai0="132,52,1,73,116,4,12,93,101,10,94,40,105" hai1="135,31,74,125,129,27,41,21,79,77,43,0,96" hai2="104,90,107,68,75,39,37,120,108,70,66,3,6" hai3="123,131,36,133,87,115,122,124,35,54,80,69,9"/><V109/><F120/><N who="3" m="46123" /><G54/><T20/><D73/><U46/><E43/><V30/><F30/><W130/><G36/><N who="2" m="13897" /><F90/><W83/><G69/><N who="2" m="26729" /><F66/><W44/><G44/><T23/><D40/><U128/><E0/><V126/><F126/><W63/><G63/><T92/><D105/><N who="2" m="40522" /><F75/><W72/><G35/><T62/><D101/><U84/><E125/><V61/><F61/><W32/><G32/><T119/><D23/><U55/><E74/><V106/><N who="2" m="40530" /><V2/><DORA hai="22" /><F6/><W24/><G9/><T103/><D103/><U8/><E8/><V29/><F29/><W18/><G124/><T82/><D93/><U89/><E55/><V57/><F57/><W16/><G115/><T134/><D92/><U100/><E77/><V17/><F17/><N who="3" m="6763" /><G72/><T25/><D62/><U99/><E79/><V85/><F85/><W59/><G87/><T88/><D4/><U7/><E7/><V34/><F34/><W48/><G59/><T11/><D11/><U28/><E28/><V60/><F60/><W95/><G95/><T65/><D10/><U58/><E58/><V121/><F121/><W51/><G24/><T111/><D25/><U56/><E56/><V64/><F64/><W49/><G133/><T71/><D65/><U47/><E135/><V97/><F97/><N who="1" m="37449" /><E100/><V102/><F102/><W38/><G38/><T118/><D132/><U13/><E31/><V98/><F98/><W26/><G26/><T67/><D134/><U33/><E27/><V19/><F19/><W50/><N who="3" m="12288" /><DORA hai="53" /><W113/><G113/><T76/><D67/><U127/><E33/><V42/><F42/><RYUUKYOKU ba="0,0" sc="318,-15,224,-15,244,15,214,15" hai2="2,3,108,109" hai3="80,83,130,131" /><INIT seed="2,1,0,3,4,59" ten="303,209,259,229" oya="2" hai0="70,126,96,101,135,36,109,23,9,86,20,37,49" hai1="127,130,106,105,48,98,62,91,6,65,7,69,25" hai2="68,63,39,0,8,74,15,107,108,45,112,121,32" hai3="51,123,16,4,14,81,52,11,92,47,67,71,78"/><V118/><RYUUKYOKU type="yao9" ba="1,0" sc="303,0,209,0,259,0,229,0" hai2="0,8,15,32,39,45,63,68,74,107,108,112,118,121" /><INIT seed="2,2,0,0,2,94" ten="303,209,259,229" oya="2" hai0="85,116,127,108,5,23,74,18,19,126,107,80,32" hai1="103,113,50,88,9,58,3,114,28,55,40,47,132" hai2="37,76,25,31,98,2,89,73,117,57,0,38,10" hai3="24,29,26,13,61,119,59,48,109,129,36,92,43"/><V22/><F117/><W111/><G119/><T65/><D32/><U87/><E132/><V49/><F73/><W27/><G36/><T39/><D74/><U7/><E28/><V46/><F76/><W96/><G129/><T70/><D39/><U99/><E87/><V60/><F38/><W122/><G122/><T82/><D116/><U83/><E83/><V62/><F37/><W52/><G13/><T105/><D5/><U115/><E88/><V97/><F0/><W95/><G95/><T51/><D108/><N who="3" m="41545" /><G43/><T93/><D93/><U54/><REACH who="1" step="1"/><E58/><REACH who="1" ten="303,199,259,229" step="2"/><V112/><F89/><N who="3" m="55311" /><G48/><T20/><D51/><U75/><E75/><V106/><F57/><W104/><G104/><AGARI ba="2,1" hai="3,7,9,40,47,50,54,55,99,103,104,113,114,115" machi="104" ten="40,2600,0" yaku="1,1,52,1,53,0" doraHai="94" doraHaiUra="68" who="1" fromWho="3" sc="303,0,199,42,259,0,229,-32" /><INIT seed="3,0,0,5,2,39" ten="303,241,259,197" oya="3" hai0="4,121,110,23,73,18,93,26,98,22,13,60,115" hai1="49,61,53,129,96,127,104,79,65,46,122,87,113" hai2="100,20,102,130,33,5,92,77,7,63,52,131,83" hai3="89,24,62,50,31,28,25,64,85,15,72,134,128"/><W126/><G72/><T17/><D121/><U58/><E113/><V30/><F33/><W38/><G38/><T107/><D73/><U120/><E127/><V55/><F30/><W132/><G15/><T34/><D115/><U124/><E124/><V118/><F20/><W116/><G126/><T95/><D34/><U12/><E129/><N who="2" m="49163" /><F118/><W105/><G128/><T86/><D110/><U45/><E12/><V2/><F92/><W106/><G116/><T90/><D107/><N who="3" m="40969" /><G50/><T112/><D112/><U0/><E0/><V99/><F99/><W10/><G10/><T84/><D60/><U133/><E87/><N who="2" m="48623" /><F7/><W117/><G117/><T42/><D4/><U111/><E79/><V56/><F55/><W80/><G31/><T97/><D42/><U19/><E49/><V51/><F63/><W54/><G54/><T69/><D69/><U16/><E53/><V125/><F125/><W36/><G36/><T71/><D71/><U114/><E114/><V123/><F123/><W1/><G1/><T37/><D37/><U27/><E45/><V14/><F2/><W48/><G48/><T3/><D3/><U57/><E46/><V119/><F119/><W81/><G81/><T76/><D76/><U70/><E70/><V11/><AGARI ba="0,0" hai="5,11,14,51,52,56,100,102" m="48623,49163" machi="11" ten="30,2000,0" yaku="19,1,54,1" doraHai="39" who="2" fromWho="2" sc="303,-5,241,-5,259,20,197,-10" /><INIT seed="4,0,0,3,0,133" ten="298,236,279,187" oya="0" hai0="60,107,95,105,135,64,76,131,118,12,10,83,111" hai1="23,82,49,116,128,34,22,87,127,5,45,77,0" hai2="78,38,65,75,70,8,80,79,51,3,52,63,110" hai3="9,104,96,50,69,115,18,17,114,113,93,108,61"/><T126/><D118/><U117/><E34/><V57/><F110/><W19/><G108/><T56/><D111/><U125/><E128/><V26/><F79/><W123/><G123/><T74/><D135/><U41/><E116/><V24/><REACH who="2" step="1"/><F38/><REACH who="2" ten="298,236,269,187" step="2"/><W86/><G50/><T6/><D131/><U130/><E130/><V112/><F112/><W47/><G47/><T102/><D126/><N who="1" m="48139" /><E117/><V91/><F91/><W129/><G129/><T11/><REACH who="0" step="1"/><D10/><AGARI ba="0,1" hai="0,5,10,22,23,41,45,49,77,82,87" m="48139" machi="10" ten="30,7700,0" yaku="18,1,52,3" doraHai="133" who="1" fromWho="0" sc="298,-77,236,87,269,0,187,0" owari="221,-17.9,323,42.3,269,6.9,187,-31.3" /></mjloggm>