<mjloggm ver="2.3"><GO type="225" lobby="0"/><UN n0="%E3%81%82%E3%81%99%E3%81%AB%E3%82%83%E3%82%80" n1="%E9%B3%B3%E6%9D%B1%E3%81%AE%E3%81%86%E3%81%95%E3%81%8E%E3%81%95%E3%82%93" n2="%E9%BB%92%E7%8A%AC%40%E3%81%A6%E3%82%93%E3%81%BB%E3%83%BC" n3="%6D%75%75%6D%75%72%61" dan="16,16,17,17" rate="2081.40,2167.43,2197.52,2185.54" sx="F,M,M,F"/><TAIKYOKU oya="0"/><INIT seed="0,0,0,3,2,25" ten="250,250,250,250" oya="0" hai0="103,63,74,122,38,127,13,0,87,52,80,82,72" hai1="66,5,96,51,93,112,26,133,132,67,71,53,17" hai2="102,106,117,78,124,64,92,14,130,83,109,3,99" hai3="76,57,58,56,49,6,10,98,32,50,134,107,2"/><T120/><D0/><U123/><E123/><V89/><F3/><W24/><G134/><N who="1" m="51818" /><E112/><V42/><F64/><N who="1" m="24617" /><E5/><V88/><F14/><W85/><G76/><T15/><D38/><U70/><E17/><V118/><F42/><W54/><G85/><T28/><D103/><N who="1" m="60815" /><E26/><V77/><F109/><W30/><REACH who="3" step="1"/><G54/><REACH who="3" ten="250,250,250,240" step="2"/><T7/><D87/><U23/><E23/><V119/><F130/><W61/><G61/><T37/><D63/><U108/><E108/><V46/><F124/><W90/><G90/><N who="2" m="34921" /><F46/><AGARI ba="0,1" hai="46,51,53,70,71" m="60815,24617,51818" machi="46" ten="30,1000,0" yaku="20,1" doraHai="25" who="1" fromWho="2" sc="250,0,250,20,250,-10,240,0" /><INIT seed="1,0,0,0,3,34" ten="250,270,240,240" oya="1" hai0="11,43,131,122,46,106,17,113,9,102,63,44,33" hai1="4,35,68,75,65,74,118,72,66,91,79,36,114" hai2="80,115,101,97,88,50,133,119,52,98,13,107,83" hai3="8,128,117,45,132,134,24,41,37,109,25,14,6"/><U103/><E114/><V47/><F119/><W89/><G117/><T123/><D113/><U82/><E118/><V99/><F133/><N who="3" m="51307" /><G109/><T40/><D33/><U105/><E36/><V124/><F124/><W135/><N who="3" m="51315" /><W130/><DORA hai="84" /><G89/><T70/><D131/><AGARI ba="0,0" hai="6,8,14,24,25,37,41,45,128,130,131" m="51315" machi="131" ten="40,2600,0" yaku="19,1,20,1" doraHai="34,84" who="3" fromWho="0" sc="250,-26,270,0,240,0,240,26" /><INIT seed="2,0,0,1,0,69" ten="224,270,240,266" oya="2" hai0="23,128,122,59,53,54,103,76,130,80,34,96,52" hai1="5,114,106,87,3,46,77,121,97,129,14,49,102" hai2="127,82,126,131,32,61,41,120,124,67,101,15,117" hai3="78,74,88,8,70,72,71,62,35,45,85,17,109"/><V37/><F32/><W89/><G35/><T11/><D34/><U16/><E114/><V51/><F117/><W31/><G109/><T134/><D122/><U98/><E121/><V40/><F101/><W0/><G31/><T60/><D134/><U12/><E129/><N who="0" m="49769" /><D23/><U56/><E56/><V33/><F33/><W6/><G89/><T50/><D11/><N who="1" m="4207" /><E106/><V7/><F120/><W28/><G28/><T24/><D24/><U55/><E3/><V29/><F29/><W9/><G45/><T2/><D50/><U83/><E102/><V65/><F51/><W86/><G17/><T47/><D47/><U26/><E26/><V27/><F27/><W1/><G9/><AGARI ba="0,0" hai="9,14,16,46,49,55,77,83,87,97,98" m="4207" machi="9" ten="30,2000,0" yaku="8,1,54,1" doraHai="69" who="1" fromWho="3" sc="224,0,270,20,240,0,266,-20" /><INIT seed="3,0,0,5,4,93" ten="224,290,240,246" oya="3" hai0="41,16,113,102,58,57,78,115,47,79,85,23,100" hai1="117,109,99,126,28,6,107,18,45,36,34,38,83" hai2="2,97,89,7,127,124,17,120,106,5,81,11,104" hai3="52,48,9,26,55,72,88,56,65,37,71,61,119"/><W13/><G72/><T122/><D122/><U35/><E18/><V84/><F120/><W73/><G73/><T63/><D100/><N who="1" m="62879" /><E83/><V54/><F54/><W39/><G119/><T22/><D102/><U50/><E50/><V131/><F131/><W32/><G55/><T64/><D57/><U53/><E53/><V12/><F7/><W132/><G132/><T46/><D23/><U66/><E109/><V44/><F44/><W94/><G26/><T15/><D85/><U91/><E91/><V112/><F112/><N who="0" m="43082" /><D46/><U129/><E45/><V20/><REACH who="2" step="1"/><F97/><REACH who="2" ten="224,290,230,246" step="2"/><W92/><G52/><T68/><D58/><U98/><E129/><V31/><F31/><W134/><G56/><T123/><D123/><U108/><E28/><V27/><F27/><W43/><G65/><T80/><D80/><U21/><E66/><V14/><F14/><W0/><G13/><T70/><D70/><U87/><E98/><V95/><F95/><W75/><G71/><T8/><D8/><U110/><E110/><V51/><F51/><AGARI ba="0,1" hai="15,16,22,41,47,51,63,64,68,78,79" m="43082" machi="51" ten="30,2000,0" yaku="11,1,54,1" doraHai="93" who="0" fromWho="2" sc="224,30,290,0,230,-20,246,0" /><INIT seed="4,0,0,2,5,30" ten="254,290,210,246" oya="0" hai0="96,105,27,94,111,93,114,61,134,124,100,62,95" hai1="119,60,8,54,121,66,38,51,29,82,50,47,35" hai2="84,112,101,79,63,86,125,133,76,53,56,70,81" hai3="89,64,83,31,10,88,80,39,2,102,104,26,123"/><T23/><D114/><U24/><E119/><V0/><F0/><W52/><G39/><T78/><D134/><U4/><E121/><V91/><F133/><W11/><G123/><T6/><D124/><U34/><E82/><V72/><F112/><W49/><G64/><T74/><D6/><U69/><E38/><V122/><F122/><W131/><G131/><T97/><D111/><U1/><E51/><V25/><F125/><W55/><G104/><T20/><D74/><U77/><E77/><V120/><F120/><W33/><G102/><T19/><D78/><U15/><E15/><V71/><F101/><W85/><G2/><T108/><D108/><U18/><E18/><V22/><F72/><W110/><G110/><T43/><D43/><U57/><REACH who="1" step="1"/><E34/><REACH who="1" ten="254,280,210,246" step="2"/><V127/><F127/><W68/><G83/><T73/><D73/><U75/><E75/><V109/><F109/><W128/><G80/><T98/><D23/><U132/><E132/><V113/><F113/><W118/><G49/><T12/><D12/><U45/><AGARI ba="0,1" hai="1,4,8,24,29,35,45,47,50,54,57,60,66,69" machi="45" ten="30,4000,0" yaku="1,1,0,1,52,1,53,0" doraHai="30" doraHaiUra="129" who="1" fromWho="1" sc="254,-20,280,50,210,-10,246,-10" owari="234,-16.6,330,43.0,200,-30.0,236,3.6" /></mjloggm>