<mjloggm ver="2.3"><GO type="225" lobby="0"/><UN n0="%72%65%6E%6B%75%6E" n1="%E3%81%B5%E3%81%98%E3%81%8B%E3%81%A4" n2="%E5%A4%8F%E9%88%B4%E9%88%B4%E5%A4%8F" n3="%E3%81%BE%E3%81%A8%E3%81%9F" dan="17,16,16,16" rate="2213.74,2120.65,2114.68,2116.97" sx="M,M,M,M"/><TAIKYOKU oya="0"/><INIT seed="0,0,0,1,5,135" ten="250,250,250,250" oya="0" hai0="43,73,119,35,41,60,134,92,33,7,32,25,30" hai1="116,85,6,131,120,47,21,110,52,54,9,95,91" hai2="84,20,75,28,130,102,115,76,13,67,27,1,108" hai3="104,4,132,64,57,123,59,70,128,40,89,109,106"/><T65/><D119/><U72/><E120/><V81/><F1/><W125/><G123/><T11/><D73/><U78/><E116/><V107/><F115/><W96/><G132/><T103/><D134/><U36/><E131/><V31/><F130/><W98/><G128/><T68/><D103/><U61/><E110/><V55/><F108/><W66/><G109/><T82/><D82/><U90/><E61/><V18/><F67/><W26/><G70/><T23/><REACH who="0" step="1"/><D92/><REACH who="0" ten="240,250,250,250" step="2"/><U45/><E72/><V29/><F75/><W101/><G101/><T10/><D10/><U105/><E105/><V42/><F107/><W46/><G104/><T71/><D71/><U118/><E118/><V38/><F102/><W39/><G106/><T34/><N who="0" m="8192" /><DORA hai="50" /><T124/><D124/><U63/><E95/><V86/><F81/><W74/><G125/><T24/><D24/><U5/><E9/><V113/><F27/><W94/><G26/><T2/><AGARI ba="0,1" hai="2,7,11,23,25,30,41,43,60,65,68" m="8192" machi="2" ten="60,6000,0" yaku="1,1,0,1,53,0" doraHai="135,50" doraHaiUra="126,51" who="0" fromWho="0" sc="240,70,250,-20,250,-20,250,-20" /><INIT seed="0,1,0,3,2,6" ten="310,230,230,230" oya="0" hai0="130,16,123,51,19,37,24,119,35,100,31,17,93" hai1="98,99,34,128,10,21,2,135,50,66,94,22,121" hai2="87,126,117,96,84,59,43,82,45,26,67,8,13" hai3="102,3,127,70,78,36,58,42,132,91,65,28,49"/><T4/><D37/><U75/><E121/><V23/><F126/><W18/><G127/><T122/><D119/><U44/><E135/><V52/><F67/><W0/><G102/><T25/><D130/><U83/><E34/><V9/><F117/><W63/><G78/><T20/><D51/><U61/><E128/><V1/><F1/><W90/><G28/><N who="0" m="17415" /><D93/><U29/><E75/><V79/><F87/><W107/><G107/><T53/><D53/><U71/><E83/><V57/><F96/><W80/><G132/><T101/><D101/><U129/><E99/><V133/><F133/><W33/><G33/><T115/><D100/><U105/><E105/><V134/><F134/><W111/><G111/><T81/><D81/><U103/><E29/><N who="2" m="17631" /><F43/><W120/><G120/><N who="0" m="46123" /><D4/><U124/><E124/><V118/><F118/><W69/><G80/><T108/><D115/><U76/><E76/><V74/><F74/><W92/><G70/><T60/><D60/><U15/><E2/><V106/><F106/><W14/><G0/><T64/><D64/><U125/><E129/><V5/><F45/><N who="3" m="23751" /><G92/><T109/><AGARI ba="1,0" hai="16,17,19,25,31,35,108,109" m="46123,17415" machi="109" ten="40,7800,0" yaku="34,2,54,1" doraHai="6" who="0" fromWho="0" sc="310,81,230,-27,230,-27,230,-27" /><INIT seed="0,2,0,5,3,107" ten="391,203,203,203" oya="0" hai0="117,58,68,47,110,92,90,20,135,130,14,59,31" hai1="104,67,87,38,115,133,1,74,28,62,121,27,88" hai2="99,55,81,82,40,21,89,50,29,98,4,33,44" hai3="96,48,12,16,132,75,17,118,9,105,56,43,106"/><T111/><D117/><U73/><E121/><V23/><F33/><W127/><G118/><T103/><D68/><U26/><E1/><V71/><F71/><W128/><G127/><T85/><D135/><U53/><E38/><V19/><F4/><W94/><G132/><T134/><D134/><U125/><E104/><V41/><F29/><W64/><G128/><T109/><D130/><U45/><E125/><V32/><F32/><W8/><G75/><T120/><D120/><U126/><E126/><V0/><F0/><W131/><G131/><T114/><D114/><U10/><E10/><V112/><F112/><W123/><G106/><T35/><D103/><U30/><E133/><V63/><F23/><W77/><G105/><T78/><D78/><U83/><E30/><V119/><F119/><W116/><G77/><T11/><D47/><U129/><E129/><V7/><F7/><W22/><G123/><T97/><D97/><N who="2" m="36874" /><F63/><N who="3" m="37991" /><G17/><N who="0" m="8415" /><D35/><U25/><E28/><V39/><F39/><W37/><G37/><T108/><N who="0" m="27648" /><DORA hai="34" /><T102/><D102/><U42/><E115/><V60/><F89/><N who="3" m="55375" /><G116/><T66/><D66/><U54/><E54/><V51/><F41/><W18/><G18/><T124/><D124/><U46/><E42/><V80/><F19/><W13/><G13/><T57/><D31/><U65/><E65/><V76/><F76/><W91/><G91/><N who="0" m="53359" /><D20/><U24/><N who="1" m="6144" /><DORA hai="100" /><U69/><REACH who="1" step="1"/><E45/><AGARI ba="2,0" hai="8,9,12,16,22,43,45,48" m="55375,37991" machi="45" ten="30,2000,0" yaku="8,1,54,1" doraHai="107,34,100" who="3" fromWho="1" sc="391,0,203,-26,203,0,203,26" /><INIT seed="1,0,0,3,3,127" ten="391,177,203,229" oya="1" hai0="35,90,84,2,128,18,8,73,5,3,23,15,124" hai1="41,7,112,126,120,74,80,45,16,66,68,99,93" hai2="116,42,89,98,12,55,30,10,132,26,121,70,105" hai3="31,118,11,113,88,20,101,37,25,102,125,47,29"/><U115/><E120/><V40/><F116/><W103/><G113/><T34/><D73/><U107/><E126/><V104/><F121/><W75/><G75/><T51/><D124/><U95/><E107/><V38/><F70/><W111/><G118/><T122/><D122/><U77/><E95/><N who="2" m="56687" /><F38/><W49/><G37/><T91/><D2/><U92/><E92/><V72/><F72/><W27/><G11/><T53/><D128/><U63/><E7/><V21/><F104/><W17/><G111/><T32/><REACH who="0" step="1"/><D84/><REACH who="0" ten="381,177,203,229" step="2"/><U130/><E130/><V96/><F132/><W24/><G125/><T134/><D134/><U69/><E69/><V61/><F96/><W1/><G1/><T64/><D64/><U81/><E81/><V94/><F105/><W65/><G65/><T133/><D133/><U67/><E67/><V52/><F94/><W135/><G135/><T62/><D62/><U28/><E115/><V0/><F0/><W85/><G31/><T86/><D86/><U131/><E131/><V58/><F55/><N who="3" m="30143" /><G29/><T46/><AGARI ba="0,1" hai="3,5,8,15,18,23,32,34,35,46,51,53,90,91" machi="46" ten="30,2000,0" yaku="1,1,0,1,53,0" doraHai="127" doraHaiUra="59" who="0" fromWho="0" sc="381,30,177,-10,203,-5,229,-5" /><INIT seed="2,0,0,2,0,24" ten="411,167,198,224" oya="2" hai0="127,125,6,56,5,60,112,15,59,131,106,61,83" hai1="86,134,72,31,62,123,110,57,46,51,17,39,89" hai2="47,126,122,18,80,128,129,92,87,65,27,16,55" hai3="104,109,25,94,68,132,82,71,70,0,101,10,111"/><V93/><F122/><W37/><G104/><T4/><D106/><U58/><E123/><V50/><F65/><W130/><G130/><N who="2" m="50281" /><F126/><N who="0" m="48138" /><D131/><U30/><E72/><V116/><F116/><W42/><G132/><T14/><D112/><U28/><E134/><V108/><F108/><W73/><G25/><T35/><D35/><U13/><E110/><V2/><F2/><W120/><G120/><T100/><D100/><U78/><E78/><N who="2" m="46487" /><F27/><W20/><G94/><AGARI ba="0,0" hai="16,18,47,50,55,92,93,94" m="46487,50281" machi="94" ten="30,2900,0" yaku="19,1,54,1" doraHai="24" who="2" fromWho="3" sc="411,0,167,0,198,29,224,-29" /><INIT seed="2,1,0,4,1,52" ten="411,167,227,195" oya="2" hai0="33,114,56,126,93,55,43,101,48,107,80,27,12" hai1="77,39,9,103,4,59,122,74,47,115,92,54,95" hai2="5,117,37,26,13,24,87,86,89,111,116,123,82" hai3="36,69,64,97,10,6,112,130,31,108,127,50,30"/><V41/><F123/><W7/><G36/><T25/><D114/><U1/><E115/><V132/><F132/><W63/><G112/><T2/><D2/><U14/><E122/><V67/><F41/><W16/><G108/><T72/><D107/><U15/><E103/><V110/><F37/><W131/><G127/><T19/><D126/><U70/><E70/><V90/><F67/><W35/><G7/><T99/><D33/><U85/><E15/><V84/><F13/><N who="3" m="7223" /><G6/><T81/><D43/><N who="1" m="23039" /><E14/><V105/><F5/><W3/><G3/><T96/><D96/><U73/><E85/><V71/><F71/><W118/><G35/><T124/><D124/><U29/><E29/><V32/><F32/><W91/><G50/><T44/><D44/><U102/><E102/><V121/><F121/><W100/><G91/><N who="2" m="34825" /><F105/><N who="3" m="63631" /><G118/><N who="2" m="45673" /><F82/><N who="0" m="31850" /><D72/><U129/><E73/><V18/><F18/><W11/><G11/><AGARI ba="1,0" hai="11,12,19,25,27,48,55,56,93,99,101" m="31850" machi="11" ten="30,2000,0" yaku="8,1,52,1" doraHai="52" who="0" fromWho="3" sc="411,23,167,0,227,0,195,-23" /><INIT seed="3,0,0,1,2,115" ten="434,167,227,172" oya="3" hai0="34,72,32,95,102,14,61,64,75,59,106,25,19" hai1="41,133,5,130,99,86,20,74,101,124,3,78,126" hai2="128,68,105,57,125,88,110,112,114,120,47,36,79" hai3="70,43,4,103,77,108,123,132,33,134,54,8,111"/><W2/><G123/><T67/><D67/><U45/><E20/><V17/><F105/><W107/><G33/><T113/><D113/><U13/><E13/><V104/><F104/><W46/><G54/><T44/><D106/><N who="1" m="63807" /><E86/><V85/><F128/><W135/><G77/><T24/><D34/><U66/><E66/><V21/><F125/><N who="1" m="48233" /><E130/><V116/><F85/><W119/><G70/><T51/><D72/><U76/><E133/><V26/><F21/><W63/><G63/><T30/><D75/><U42/><E74/><V80/><F68/><W52/><G52/><N who="0" m="29799" /><D30/><U37/><E42/><V69/><F69/><W39/><G119/><T23/><D32/><U31/><E31/><V84/><F116/><W94/><G94/><T10/><D10/><AGARI ba="0,0" hai="3,5,10,37,41,45,76,78" m="48233,63807" machi="10" ten="30,1000,0" yaku="18,1" doraHai="115" who="1" fromWho="0" sc="434,-10,167,10,227,0,172,0" owari="424,52.4,177,-22.3,227,2.7,172,-32.8" /></mjloggm>