<mjloggm ver="2.3"><GO type="225" lobby="0"/><UN n0="%E3%81%8B%E3%82%8F%E3%81%A1%E3%82%83%E3%82%93%35%38" n1="%E3%81%B5%E3%81%98%E3%81%8B%E3%81%A4" n2="%E5%A4%9C%E3%81%AE%E3%82%AC%E3%82%B9%E3%83%91%E3%83%BC%E3%83%AB" n3="%70%6E%64%73%6E%67" dan="16,16,16,16" rate="2154.28,2101.52,2107.10,2092.96" sx="M,M,M,M"/><TAIKYOKU oya="0"/><INIT seed="0,0,0,2,3,57" ten="250,250,250,250" oya="0" hai0="2,18,64,0,95,105,55,52,16,15,100,81,135" hai1="110,98,116,37,96,23,21,46,74,66,117,83,7" hai2="86,54,60,48,36,61,109,119,113,72,120,31,68" hai3="3,62,121,28,25,103,130,4,75,91,53,118,27"/><T104/><D64/><U51/><E7/><V129/><F72/><W33/><G118/><T47/><D135/><U13/><E37/><V30/><F113/><W63/><G75/><T65/><D65/><U59/><E74/><V99/><F120/><W93/><G121/><T12/><D95/><U88/><E117/><V76/><F68/><W77/><G77/><T70/><D47/><U9/><E110/><V132/><F36/><W114/><G114/><T124/><D100/><U14/><E14/><N who="0" m="5161" /><D81/><U5/><E98/><V58/><F109/><W123/><G103/><T128/><D70/><U17/><E5/><V41/><F129/><W134/><G130/><T69/><D69/><U8/><E8/><V133/><F119/><W1/><G134/><N who="2" m="51817" /><F41/><W87/><G123/><T131/><D131/><U78/><E78/><V34/><F99/><W89/><G89/><T85/><D85/><N who="1" m="50239" /><E96/><V84/><F76/><W19/><G53/><N who="0" m="20555" /><D128/><U50/><E116/><V125/><F125/><W126/><G126/><T40/><D40/><N who="1" m="24903" /><E51/><V80/><F80/><W42/><G42/><T44/><D44/><U20/><E9/><V45/><F45/><W39/><G39/><T38/><D124/><U49/><E49/><V122/><F122/><W26/><G87/><N who="2" m="33321" /><F34/><W97/><G33/><T10/><D38/><U107/><E107/><N who="0" m="41033" /><D10/><U127/><E127/><V6/><F6/><W92/><G4/><T22/><D22/><U32/><E32/><V115/><F115/><W35/><G35/><T111/><D111/><U94/><E94/><V112/><F112/><W73/><G93/><T101/><D101/><RYUUKYOKU ba="0,0" sc="250,10,250,10,250,10,250,-30" hai0="0,2,16,18" hai1="13,17,20,21,23,59,66" hai2="30,31,48,54,58,60,61" /><INIT seed="0,1,0,3,0,128" ten="260,260,260,220" oya="0" hai0="12,16,29,79,30,33,52,92,56,96,62,85,110" hai1="25,84,27,57,74,131,98,118,5,99,103,100,80" hai2="10,105,132,8,68,35,91,89,34,45,112,134,0" hai3="124,6,72,48,61,108,135,76,17,28,66,20,87"/><T123/><D33/><N who="2" m="12298" /><F68/><W55/><G72/><T93/><D110/><U26/><E118/><V116/><F116/><W42/><G108/><T102/><D123/><U86/><E131/><V81/><F112/><W9/><G124/><T53/><D53/><U63/><E74/><V18/><F105/><W94/><G28/><T133/><D133/><N who="2" m="51306" /><F0/><W50/><G42/><T31/><D79/><N who="1" m="46111" /><E5/><V11/><F81/><W47/><G50/><T67/><D67/><N who="1" m="39407" /><E86/><V77/><F77/><W121/><G121/><T49/><D62/><U39/><E39/><V19/><F45/><W122/><G122/><T15/><REACH who="0" step="1"/><D16/><AGARI ba="1,0" hai="8,10,11,16,18,19,89,91" m="51306,12298" machi="16" ten="40,12000,2" yaku="28,2,20,1,52,3,54,1" doraHai="128" who="2" fromWho="0" sc="260,-123,260,0,260,123,220,0" /><INIT seed="1,0,0,1,1,92" ten="137,260,383,220" oya="1" hai0="112,87,121,70,56,133,65,43,55,106,84,24,95" hai1="3,7,20,68,116,104,126,69,85,93,86,81,1" hai2="102,57,22,135,103,25,108,32,34,107,89,16,50" hai3="30,122,59,2,40,78,33,27,29,5,123,130,64"/><U97/><E116/><V35/><F108/><W82/><G130/><T48/><D106/><U42/><E126/><V53/><F135/><W79/><G30/><T13/><D112/><U12/><E104/><V80/><F107/><W11/><G78/><T44/><D133/><U36/><E36/><V15/><F80/><W115/><G115/><T114/><D114/><U26/><E42/><V110/><F110/><W83/><G83/><T98/><D121/><U99/><E69/><V45/><F89/><W8/><G8/><T66/><D24/><U131/><E131/><V49/><REACH who="2" step="1"/><F25/><REACH who="2" ten="137,260,373,220" step="2"/><W120/><G120/><T37/><D13/><U17/><E1/><V100/><F100/><W91/><G91/><T111/><D111/><U129/><E3/><V67/><F67/><W109/><G109/><T96/><D66/><U127/><E129/><V6/><F6/><W58/><G64/><T88/><REACH who="0" step="1"/><D87/><REACH who="0" ten="127,260,373,220" step="2"/><U31/><E86/><V39/><F39/><W21/><G122/><T101/><D101/><U132/><E132/><V9/><F9/><W125/><G123/><T23/><D23/><N who="1" m="15839" /><E127/><V51/><F51/><W4/><G125/><T46/><D46/><U77/><E68/><V71/><F71/><W74/><G21/><T118/><D118/><U75/><E75/><V117/><F117/><W10/><REACH who="3" step="1"/><G40/><AGARI ba="0,2" hai="15,16,22,32,34,35,40,45,49,50,53,57,102,103" machi="40" ten="40,2600,0" yaku="1,1,54,1,53,0" doraHai="92" doraHaiUra="73" who="2" fromWho="3" sc="127,0,260,0,373,46,220,-26" /><INIT seed="2,0,0,4,5,4" ten="127,260,419,194" oya="2" hai0="65,61,16,75,104,98,37,102,125,54,95,71,11" hai1="43,56,50,121,124,33,132,30,32,93,67,108,84" hai2="105,68,14,73,1,39,111,82,26,85,114,74,122" hai3="119,45,103,66,0,113,53,51,60,76,41,81,80"/><V135/><RYUUKYOKU type="yao9" ba="0,0" sc="127,0,260,0,419,0,194,0" hai2="1,14,26,39,68,73,74,82,85,105,111,114,122,135" /><INIT seed="2,1,0,0,2,53" ten="127,260,419,194" oya="2" hai0="21,69,133,60,18,126,28,79,38,87,88,14,57" hai1="61,54,50,39,59,56,101,10,81,68,127,76,27" hai2="134,110,100,85,104,77,90,63,17,45,52,84,94" hai3="108,40,121,66,135,32,103,33,44,31,65,35,107"/><V48/><F134/><W34/><G121/><T22/><D133/><U82/><E39/><V113/><F113/><W8/><G135/><T95/><D126/><U109/><E68/><V0/><F0/><W99/><G108/><T9/><D38/><U55/><E127/><V124/><F124/><W131/><G131/><T98/><D69/><U83/><E109/><V123/><F110/><W16/><N who="3" m="8192" /><DORA hai="42" /><W62/><G31/><T93/><D28/><U102/><E76/><V78/><F123/><W4/><G62/><T97/><D79/><U2/><E2/><V13/><F85/><W128/><G128/><T73/><D73/><U86/><E10/><V114/><F100/><N who="1" m="38505" /><E27/><V116/><F104/><W7/><G16/><N who="0" m="8271" /><D95/><U64/><E86/><V36/><F36/><W92/><G107/><T119/><D119/><U1/><E1/><V19/><F116/><W112/><G112/><T25/><D21/><U122/><E122/><V15/><F15/><W5/><REACH who="3" step="1"/><G8/><REACH who="3" ten="127,260,419,184" step="2"/><T105/><D105/><U23/><E23/><V58/><F114/><W49/><AGARI ba="1,1" hai="4,5,7,40,44,49,65,66,92,99,103" m="8192" machi="49" ten="60,16000,3" yaku="1,1,2,1,0,1,52,1,53,4" doraHai="53,42" doraHaiUra="29,72" who="3" fromWho="3" sc="127,-41,260,-41,419,-81,184,173" /><INIT seed="3,0,0,4,4,52" ten="86,219,338,357" oya="3" hai0="119,96,84,50,112,108,79,32,90,66,44,82,68" hai1="34,29,49,45,93,99,109,133,114,117,21,76,25" hai2="111,98,26,69,0,95,135,80,71,28,107,81,6" hai3="40,132,67,14,127,20,8,125,130,38,72,12,36"/><W24/><G72/><T58/><D32/><U94/><E114/><V9/><F107/><W78/><G130/><T3/><D96/><U122/><E122/><V65/><F111/><W18/><G132/><T64/><D90/><U48/><E109/><V91/><F135/><W105/><G78/><T124/><D84/><U121/><E121/><V83/><REACH who="2" step="1"/><F65/><REACH who="2" ten="86,219,328,357" step="2"/><N who="0" m="25194" /><D82/><U35/><E76/><V70/><F70/><W97/><G67/><T1/><D79/><U106/><E93/><V59/><F59/><W116/><G116/><T123/><D1/><U23/><E23/><AGARI ba="0,1" hai="0,6,9,23,26,28,69,71,80,81,83,91,95,98" machi="23" ten="40,1300,0" yaku="1,1,53,0" doraHai="52" doraHaiUra="74" who="2" fromWho="1" sc="86,0,219,-13,328,23,357,0" owari="86,-41.4,206,-19.4,351,15.1,357,45.7" /></mjloggm>