<mjloggm ver="2.3"><GO type="225" lobby="0"/><UN n0="%6D%75%75%6D%75%72%61" n1="%E5%AF%82%E5%AF%9E%E3%82%AE%E3%83%8D%E3%82%B9%E3%83%93%E3%83%BC%E3%83%AB" n2="%E3%81%9F%E3%81%A3%E3%81%A1%E3%82%87" n3="%E6%97%A5%E6%9B%9C%E6%97%A5%E3%82%88%E3%82%8A%E3%81%AE%E4%BD%BF%E8%80%85" dan="16,16,16,17" rate="2139.58,2159.19,2062.73,2146.34" sx="F,M,M,M"/><TAIKYOKU oya="0"/><INIT seed="0,0,0,4,3,12" ten="250,250,250,250" oya="0" hai0="56,79,75,45,53,59,77,98,32,2,121,89,67" hai1="16,15,38,115,22,19,34,124,129,134,126,83,18" hai2="118,103,80,68,74,81,84,63,122,66,111,112,41" hai3="40,87,120,108,82,71,76,114,17,104,95,107,5"/><T93/><D121/><U25/><E38/><V37/><F112/><W135/><G71/><T97/><D2/><U50/><E115/><V105/><F122/><W92/><G114/><T106/><D32/><U13/><E134/><V21/><F81/><W29/><G120/><T119/><D119/><U113/><E113/><V101/><F118/><W131/><G29/><T26/><D26/><U73/><E34/><V1/><F21/><W58/><G5/><T8/><D8/><U3/><E3/><V61/><F61/><W65/><G40/><T96/><D106/><U85/><E73/><V43/><F43/><W31/><G31/><T24/><D75/><U94/><E94/><V128/><F84/><W70/><G70/><T125/><D125/><N who="1" m="48235" /><E50/><V57/><F105/><W7/><G7/><T10/><D10/><U123/><E123/><V117/><F117/><W132/><G131/><T78/><D24/><U4/><E129/><V9/><F128/><W86/><G108/><T42/><D67/><U110/><E110/><V44/><F111/><W47/><G65/><T27/><D27/><U133/><E133/><V91/><F68/><W33/><G33/><T48/><REACH who="0" step="1"/><D59/><REACH who="0" ten="240,250,250,250" step="2"/><U109/><E109/><V64/><F74/><N who="3" m="43287" /><G58/><T90/><D90/><N who="1" m="51519" /><E4/><N who="2" m="1167" /><F66/><W100/><G135/><T102/><D102/><U51/><E51/><AGARI ba="0,1" hai="42,45,48,51,53,56,77,78,79,89,93,96,97,98" machi="51" ten="40,12000,1" yaku="1,1,8,1,53,2" doraHai="12" doraHaiUra="46" who="0" fromWho="1" sc="240,130,250,-120,250,0,250,0" /><INIT seed="0,1,0,3,4,115" ten="370,130,250,250" oya="0" hai0="106,66,0,56,71,17,79,119,51,22,24,54,125" hai1="10,27,67,13,120,123,14,113,90,32,69,117,65" hai2="87,61,86,50,47,130,9,25,41,110,83,3,68" hai3="39,11,49,38,105,55,104,33,44,46,64,107,75"/><T7/><D119/><U43/><E43/><V74/><F110/><W70/><G33/><T57/><D125/><U85/><E113/><V99/><F130/><W15/><G75/><T53/><D106/><U48/><E69/><V134/><F134/><W108/><G108/><T60/><D79/><U30/><E14/><V89/><F25/><W12/><G12/><T19/><D0/><U102/><E102/><V73/><F99/><W131/><G131/><T128/><D128/><U35/><E35/><V82/><F68/><W109/><G109/><T59/><D7/><U101/><E101/><V72/><F61/><W135/><G135/><T116/><D116/><U2/><E2/><V36/><F9/><W45/><G64/><T93/><D93/><U126/><E126/><V124/><F3/><W127/><G70/><T20/><REACH who="0" step="1"/><D54/><REACH who="0" ten="360,130,250,250" step="2"/><U81/><E117/><V132/><F124/><W114/><G127/><T77/><D77/><U40/><E123/><V52/><F132/><W78/><G78/><T18/><D18/><U98/><E120/><V58/><F72/><W88/><G114/><T6/><D6/><U91/><E81/><V1/><F1/><W80/><G80/><T29/><D29/><U42/><E30/><V103/><F103/><W100/><G100/><T76/><D76/><AGARI ba="1,1" hai="36,41,47,50,52,58,73,74,76,82,83,86,87,89" machi="76" ten="30,2000,0" yaku="7,1,54,1" doraHai="115" who="2" fromWho="0" sc="360,-23,130,0,250,33,250,0" /><INIT seed="1,0,0,4,4,38" ten="337,130,283,250" oya="1" hai0="124,3,100,0,47,53,104,81,80,21,117,12,20" hai1="77,78,91,4,30,116,37,112,102,25,51,7,85" hai2="23,129,59,58,120,69,83,67,48,103,109,123,110" hai3="64,92,60,62,34,128,94,36,50,11,1,98,95"/><U22/><E112/><V97/><F129/><W18/><G36/><T71/><D117/><U24/><E37/><V76/><F23/><W113/><G113/><T56/><D71/><U45/><E116/><V70/><F48/><W40/><G34/><T121/><D121/><N who="2" m="46666" /><F67/><W73/><G73/><T118/><D118/><U6/><E102/><V90/><F90/><W8/><G128/><T87/><D124/><U2/><E25/><V31/><F31/><W93/><G1/><T9/><D47/><U126/><E2/><V96/><F58/><N who="3" m="36887" /><G62/><T74/><D74/><U127/><E127/><V66/><F59/><W17/><G8/><T107/><D9/><U61/><E61/><N who="2" m="40143" /><F70/><W35/><G11/><T82/><D21/><U134/><E126/><V10/><F10/><W106/><G35/><T115/><D115/><U63/><E63/><V84/><F103/><N who="3" m="60871" /><G106/><T39/><D39/><U119/><E119/><V28/><F28/><W89/><G89/><T43/><D107/><U79/><E134/><V105/><F105/><W41/><G50/><T49/><D104/><U125/><E125/><V122/><F122/><W54/><G54/><T135/><D135/><U16/><E30/><V111/><AGARI ba="0,0" hai="76,83,84,96,97,109,110,111" m="40143,46666" machi="111" ten="40,1500,0" yaku="14,1" doraHai="38" who="2" fromWho="2" sc="337,-4,130,-7,283,15,250,-4" /><INIT seed="2,0,0,3,4,44" ten="333,123,298,246" oya="2" hai0="88,9,97,63,45,103,90,126,28,4,32,24,82" hai1="21,85,66,89,46,40,56,95,36,119,116,93,112" hai2="17,34,121,52,74,130,35,134,16,128,57,20,76" hai3="54,132,22,96,107,58,77,101,30,48,102,53,98"/><V113/><F121/><W41/><G132/><T81/><D126/><U125/><E112/><V0/><F134/><W59/><G77/><T68/><D81/><U29/><E125/><V83/><F0/><W100/><G41/><T65/><D45/><U94/><E119/><V80/><F80/><W111/><G111/><T31/><D31/><U1/><E1/><V43/><F43/><W51/><G107/><N who="0" m="63983" /><D82/><U64/><E116/><V25/><F17/><W37/><G37/><T79/><D79/><U7/><E7/><V49/><REACH who="2" step="1"/><F113/><REACH who="2" ten="333,123,288,246" step="2"/><W120/><G120/><T104/><D104/><U50/><E36/><V99/><F99/><W27/><AGARI ba="0,1" hai="22,27,30,48,51,53,54,58,59,96,98,100,101,102" machi="27" ten="30,8000,1" yaku="0,1,9,1,8,1,52,2" doraHai="44" who="3" fromWho="3" sc="333,-20,123,-20,288,-40,246,90" /><INIT seed="3,0,0,5,3,10" ten="313,103,248,336" oya="3" hai0="47,28,82,134,103,5,15,49,114,128,125,60,102" hai1="115,22,116,45,80,124,61,63,117,127,104,94,107" hai2="121,100,87,36,18,34,56,21,26,119,132,24,11" hai3="8,79,111,73,77,131,29,74,17,59,23,66,39"/><W129/><G39/><T72/><D128/><N who="3" m="49225" /><G111/><T41/><D134/><U2/><E2/><V46/><F87/><W57/><G29/><T81/><D125/><U31/><E31/><V6/><F56/><N who="3" m="21579" /><G66/><T95/><D114/><U112/><E22/><N who="2" m="13399" /><F100/><W20/><G8/><N who="0" m="4495" /><D72/><N who="3" m="27753" /><G23/><T85/><D60/><U62/><E94/><V120/><F46/><W118/><G118/><N who="1" m="45674" /><E80/><N who="0" m="30825" /><D28/><U13/><E45/><V67/><F36/><W37/><G37/><T122/><D122/><N who="2" m="47210" /><F67/><W83/><G83/><T109/><D109/><U113/><E13/><AGARI ba="0,0" hai="13,17,20,77,79" m="27753,21579,49225" machi="13" ten="30,2900,0" yaku="19,1,52,1" doraHai="10" who="3" fromWho="1" sc="313,0,103,-29,248,0,336,29" owari="313,11.3,74,-42.6,248,-15.2,365,46.5" /></mjloggm>