<mjloggm ver="2.3"><GO type="225" lobby="0"/><UN n0="%72%61%6B%33" n1="%E5%A4%96%E5%B7%9D%E7%AB%9C%E6%88%90" n2="%72%69%6F%75%63%68%61%6E" n3="%54%4F%52" dan="18,16,17,17" rate="2247.40,2233.81,2186.04,2225.56" sx="M,M,M,M"/><TAIKYOKU oya="0"/><INIT seed="0,0,0,1,1,87" ten="250,250,250,250" oya="0" hai0="22,94,91,38,0,74,128,23,6,101,135,68,83" hai1="103,20,134,73,105,64,52,58,75,78,12,108,122" hai2="123,110,29,99,79,57,33,19,14,2,72,44,129" hai3="24,48,104,9,21,11,88,81,124,119,31,61,45"/><T67/><D128/><U95/><E122/><V102/><F123/><W130/><G119/><T63/><D135/><U98/><E134/><V17/><F110/><W50/><G130/><T28/><D38/><U106/><E64/><V127/><F129/><W100/><G124/><T51/><D101/><U7/><E108/><V66/><F127/><W5/><G104/><T90/><D51/><U126/><E126/><V96/><F2/><W36/><G100/><T41/><D41/><U25/><E12/><V59/><F44/><W132/><G132/><T71/><D71/><U114/><E7/><V26/><F17/><W55/><G36/><T116/><D116/><U89/><E114/><V49/><F49/><W111/><G111/><T56/><D68/><U3/><E3/><V125/><F125/><W82/><G61/><T37/><D37/><U92/><E106/><V118/><F118/><W69/><G69/><T4/><D0/><U113/><E78/><V112/><F112/><W117/><G117/><T133/><D133/><U13/><E13/><V84/><F72/><W53/><G5/><N who="0" m="2155" /><D74/><U86/><E105/><V85/><F102/><W80/><REACH who="3" step="1"/><G88/><REACH who="3" ten="250,250,250,240" step="2"/><N who="0" m="33835" /><D94/><U27/><E113/><V30/><F79/><W10/><G10/><T60/><D83/><U76/><E76/><V32/><F99/><W97/><G97/><T40/><D60/><U93/><E93/><V43/><F96/><W35/><G35/><T34/><D34/><U18/><REACH who="1" step="1"/><E27/><REACH who="1" ten="250,240,250,240" step="2"/><V115/><F26/><W16/><G16/><T120/><D120/><U77/><E77/><V65/><F19/><W54/><G54/><RYUUKYOKU ba="0,2" sc="250,-15,240,15,250,-15,240,15" hai1="18,20,25,52,58,73,75,86,89,92,95,98,103" hai3="9,11,21,24,31,45,48,50,53,55,80,81,82" /><INIT seed="1,1,2,0,4,64" ten="235,255,235,255" oya="1" hai0="48,111,53,60,65,19,133,87,41,85,74,107,0" hai1="123,80,12,91,59,8,110,33,93,37,46,56,51" hai2="94,122,10,76,115,117,130,44,71,6,86,82,34" hai3="84,14,22,109,32,61,105,23,126,43,116,106,69"/><U63/><E123/><V55/><F117/><W103/><G32/><T100/><D74/><U121/><E121/><V124/><F122/><W21/><G116/><T13/><D0/><U129/><E33/><V102/><F124/><W4/><G126/><T42/><D111/><U104/><E104/><V77/><F130/><W89/><G109/><T3/><D3/><U25/><E37/><V50/><F115/><W7/><G43/><T90/><D133/><U108/><E80/><V113/><F113/><W132/><G132/><T57/><D100/><U11/><E11/><V54/><F34/><W118/><G118/><T75/><D75/><U49/><E25/><V5/><F71/><W28/><G28/><T39/><D107/><U20/><E20/><V95/><F102/><W81/><G106/><T70/><D39/><U35/><E35/><V78/><F54/><W58/><G69/><T68/><D68/><U135/><E135/><V9/><F9/><W17/><G103/><T27/><D27/><U36/><E129/><V79/><REACH who="2" step="1"/><F5/><REACH who="2" ten="235,255,225,255" step="2"/><N who="3" m="2123" /><G105/><T24/><D70/><U131/><E8/><V29/><F29/><W128/><G128/><T67/><D67/><AGARI ba="1,3" hai="14,17,21,22,23,58,61,67,81,84,89" m="2123" machi="67" ten="30,1000,0" yaku="8,1" doraHai="64" who="3" fromWho="0" sc="235,-13,255,0,225,0,255,43" /><INIT seed="2,0,0,4,1,56" ten="222,255,225,298" oya="2" hai0="79,64,129,82,17,31,118,111,1,102,60,117,32" hai1="51,89,33,34,57,85,20,45,55,114,106,13,10" hai2="133,95,108,107,87,38,92,30,26,113,37,19,112" hai3="63,70,131,46,66,83,41,27,67,0,42,134,6"/><V94/><F107/><W77/><G134/><T7/><D111/><U14/><E114/><V15/><F133/><W4/><G131/><T126/><D129/><U35/><E106/><V119/><F119/><W9/><G6/><T75/><D126/><U124/><E124/><V61/><F108/><W24/><G67/><T50/><D17/><U29/><E57/><V115/><F87/><W110/><G110/><T93/><D50/><U69/><E69/><V122/><F122/><W128/><G128/><T52/><D93/><U98/><E98/><V101/><F101/><W135/><G135/><T76/><D76/><U43/><E43/><V84/><F84/><W12/><G42/><T3/><D102/><U25/><REACH who="1" step="1"/><E10/><REACH who="1" ten="222,245,225,298" step="2"/><V123/><F123/><W58/><G70/><T22/><D118/><U105/><E105/><V81/><F115/><W53/><G41/><T100/><D117/><U23/><E23/><V96/><F96/><W80/><G58/><T130/><D22/><U59/><E59/><V86/><F113/><W90/><G9/><T36/><D130/><U104/><E104/><V28/><F112/><W88/><G46/><T103/><D64/><U49/><E49/><V48/><F48/><W73/><G66/><T125/><D125/><U11/><E11/><N who="2" m="6655" /><F61/><W72/><G63/><T2/><D60/><U39/><E39/><N who="2" m="14859" /><F26/><W18/><G24/><T97/><D36/><U8/><E8/><V65/><F65/><W71/><G27/><T16/><D97/><U21/><E21/><V68/><F68/><W54/><G71/><T120/><D120/><U62/><E62/><RYUUKYOKU ba="0,1" sc="222,-15,245,15,225,15,298,-15" hai1="13,14,20,25,29,33,34,35,45,51,55,85,89" hai2="28,30,81,86,92,94,95" /><INIT seed="2,1,1,2,5,91" ten="207,260,240,283" oya="2" hai0="40,119,78,86,11,1,21,48,122,55,79,130,64" hai1="25,72,49,116,26,30,70,121,24,76,99,38,16" hai2="62,106,22,50,15,52,39,129,37,0,102,19,128" hai3="135,71,29,80,27,8,41,93,126,83,97,42,36"/><V105/><F0/><W63/><G135/><T94/><D122/><U3/><E116/><V54/><F62/><W69/><G126/><T56/><D130/><N who="2" m="50282" /><F54/><W111/><G111/><T133/><D133/><U20/><E38/><N who="2" m="14347" /><F102/><W85/><G8/><T98/><D119/><U23/><E3/><V100/><F100/><W67/><G71/><T18/><D40/><U132/><E70/><V31/><F31/><W46/><G42/><T44/><D11/><U14/><E132/><V59/><AGARI ba="1,1" hai="15,19,22,50,52,59,105,106" m="14347,50282" machi="59" ten="30,3000,0" yaku="19,1,54,1" doraHai="91" who="2" fromWho="2" sc="207,-11,260,-11,240,43,283,-11" /><INIT seed="2,2,0,3,2,127" ten="196,249,283,272" oya="2" hai0="50,99,19,29,118,101,47,117,111,64,16,132,53" hai1="11,75,81,94,128,28,119,89,42,26,79,48,32" hai2="69,31,35,65,98,104,40,114,72,115,121,113,92" hai3="70,123,10,126,131,36,109,37,33,56,46,43,30"/><V110/><F121/><W76/><G123/><T34/><D64/><U18/><E119/><V38/><F72/><W122/><G122/><T91/><D111/><U58/><E42/><V135/><F92/><W41/><G109/><T23/><D132/><U4/><E18/><V130/><F130/><W7/><G56/><T86/><D34/><U125/><E125/><V52/><F110/><W1/><G126/><T85/><D29/><U62/><E48/><V51/><F135/><W95/><G95/><T82/><D85/><U3/><E128/><V2/><F2/><W103/><G131/><T5/><D5/><U22/><E32/><V80/><F80/><W8/><G8/><T12/><REACH who="0" step="1"/><D19/><REACH who="0" ten="186,249,283,272" step="2"/><U112/><E112/><V73/><F31/><W63/><G30/><T88/><D88/><U100/><E100/><N who="2" m="62487" /><F35/><W78/><G103/><T74/><D74/><U61/><E58/><N who="2" m="33055" /><F73/><W15/><G33/><T39/><D39/><U134/><E134/><V106/><F113/><W60/><G36/><T108/><D108/><U54/><E54/><V24/><F114/><W59/><G37/><T68/><D68/><U133/><E133/><V129/><F115/><W83/><G70/><T0/><D0/><U20/><E28/><V116/><F129/><W25/><G59/><T55/><D55/><U97/><E75/><V93/><F38/><W105/><G43/><T124/><D124/><U9/><E89/><V45/><F40/><W102/><G41/><T49/><D49/><U96/><E3/><V14/><F69/><W17/><G1/><T6/><D6/><U27/><E4/><RYUUKYOKU ba="2,1" sc="186,30,249,-10,283,-10,272,-10" hai0="12,16,23,47,50,53,82,86,91,99,101,117,118" /><INIT seed="3,3,1,4,4,133" ten="216,239,273,262" oya="3" hai0="58,76,25,40,131,10,20,134,124,22,81,77,45" hai1="130,66,99,49,29,61,126,8,34,42,7,108,4" hai2="128,51,94,84,127,78,91,122,109,24,17,21,44" hai3="87,117,95,74,57,36,135,65,56,26,9,63,79"/><W110/><G117/><T39/><D134/><U69/><E108/><V60/><F127/><W19/><G135/><T59/><D131/><U71/><E71/><V96/><F109/><W52/><G110/><T68/><D68/><U97/><E130/><V15/><F128/><W62/><G36/><T0/><D124/><U1/><E126/><V73/><F122/><W11/><G74/><T23/><D25/><U92/><E7/><V32/><F73/><W41/><G41/><T100/><D100/><U121/><E121/><V132/><F132/><W106/><G106/><T89/><D89/><U16/><E29/><N who="2" m="17551" /><F32/><W80/><G95/><T111/><D111/><U50/><E34/><V31/><F60/><W102/><G102/><T75/><REACH who="0" step="1"/><D77/><REACH who="0" ten="206,239,273,262" step="2"/><U54/><E69/><V105/><F78/><W14/><G26/><T55/><D55/><U125/><E54/><N who="2" m="30055" /><F105/><W118/><G118/><T64/><D64/><U116/><E66/><V47/><F31/><W18/><G18/><T46/><D46/><U115/><E16/><V13/><F47/><W6/><G6/><AGARI ba="3,2" hai="0,6,10,20,22,23,39,40,45,58,59,75,76,81" machi="6" ten="40,5200,0" yaku="1,1,25,2,53,0" doraHai="133" doraHaiUra="90" who="0" fromWho="3" sc="206,81,239,0,273,0,262,-61" /><INIT seed="4,0,0,3,5,1" ten="287,239,273,201" oya="0" hai0="0,59,67,26,101,16,117,12,134,42,97,66,92" hai1="11,27,46,89,38,126,107,20,8,81,87,91,58" hai2="53,2,71,113,85,41,4,131,79,127,99,9,83" hai3="55,69,75,76,78,104,100,45,72,30,64,50,123"/><T120/><D0/><U23/><E107/><V3/><F113/><W105/><G123/><T47/><D120/><U63/><E126/><V112/><F112/><W61/><G30/><T77/><D117/><U74/><E74/><V128/><F71/><W65/><G65/><T28/><D77/><U88/><E46/><V115/><F115/><W96/><REACH who="3" step="1"/><G105/><REACH who="3" ten="287,239,273,191" step="2"/><T51/><D134/><U93/><E38/><V17/><F127/><W24/><G24/><T15/><D28/><N who="1" m="17511" /><E23/><V48/><F131/><W111/><G111/><T14/><D59/><U95/><E8/><V10/><F128/><W129/><G129/><T22/><AGARI ba="0,1" hai="12,14,15,16,22,26,42,47,51,66,67,92,97,101" machi="22" ten="30,6000,0" yaku="0,1,8,1,54,1" doraHai="1" who="0" fromWho="0" sc="287,70,239,-20,273,-20,191,-20" owari="357,45.7,219,-18.1,253,5.3,171,-32.9" /></mjloggm>