<mjloggm ver="2.3"><GO type="225" lobby="0"/><UN n0="%72%69%6F%75%63%68%61%6E" n1="%E3%82%B2%E3%82%B9%E8%8C%82%E5%8B%9D" n2="%E9%B3%B3%E6%9D%B1%E3%81%AE%E3%81%86%E3%81%95%E3%81%8E%E3%81%95%E3%82%93" n3="%E3%83%97%E3%83%AC%E3%83%B4%E3%82%A1%E3%83%86%E3%82%A3" dan="16,16,17,16" rate="2160.09,2122.39,2247.70,2055.16" sx="M,F,M,F"/><TAIKYOKU oya="0"/><INIT seed="0,0,0,0,0,18" ten="250,250,250,250" oya="0" hai0="108,46,121,53,32,31,65,92,64,16,79,63,61" hai1="48,38,77,68,97,88,37,99,112,133,110,50,8" hai2="4,74,44,125,128,113,111,96,93,95,85,66,67" hai3="43,87,19,82,106,12,27,81,55,21,7,73,115"/><T51/><D121/><U10/><E77/><V100/><F113/><W14/><G115/><T117/><D117/><U23/><E112/><V17/><F74/><W134/><G106/><T107/><D107/><U40/><E40/><V83/><F111/><W114/><G114/><T120/><D120/><U58/><E58/><V105/><F128/><W109/><G109/><T127/><D108/><U78/><E78/><V104/><F104/><W123/><G123/><T124/><D79/><U45/><E110/><V26/><F125/><N who="0" m="48202" /><D92/><U80/><E45/><V119/><F119/><W69/><G69/><N who="0" m="42127" /><D31/><U116/><E116/><V11/><F44/><W56/><G134/><T76/><D76/><U13/><E133/><V103/><F83/><N who="3" m="31755" /><G73/><T54/><D32/><U5/><E80/><V2/><F105/><W71/><G71/><N who="0" m="42431" /><D16/><U75/><E75/><V47/><F100/><W34/><G87/><T129/><D129/><U22/><E68/><V70/><F70/><W36/><G34/><T35/><D35/><U1/><E5/><V131/><F85/><W132/><G132/><T33/><D33/><U42/><E13/><V91/><F131/><W30/><G7/><T57/><D57/><U98/><E98/><V41/><F93/><W126/><G126/><T62/><D62/><U102/><E102/><V29/><F103/><W39/><G12/><T3/><D3/><U84/><E84/><V72/><F72/><W15/><G14/><T9/><D9/><U25/><E1/><V60/><F2/><W86/><G86/><T52/><AGARI ba="0,0" hai="46,51,52,53,54" m="42431,42127,48202" machi="52" ten="30,11700,0" yaku="18,1,34,2,54,1" doraHai="18" who="0" fromWho="0" sc="250,117,250,-39,250,-39,250,-39" /><INIT seed="0,1,0,4,3,41" ten="367,211,211,211" oya="0" hai0="61,31,131,82,91,2,98,79,71,130,80,40,21" hai1="101,83,35,26,105,116,43,1,106,45,17,88,100" hai2="18,48,22,39,14,132,97,89,60,68,69,103,95" hai3="110,54,133,4,47,64,108,38,119,115,77,51,58"/><T99/><D2/><U56/><E116/><V78/><F39/><W75/><G4/><T32/><D32/><U20/><E1/><V37/><F37/><W46/><G77/><T118/><D118/><U128/><E128/><V94/><F132/><W12/><G75/><T117/><D117/><U55/><E35/><V15/><F78/><W125/><G119/><T62/><D40/><U44/><E105/><V5/><F60/><N who="3" m="37911" /><G12/><T90/><D21/><U112/><E112/><V135/><F135/><W0/><G0/><T3/><D3/><U74/><E74/><V127/><F127/><W109/><G133/><T23/><D79/><U27/><E27/><V50/><F69/><W76/><G76/><T66/><D23/><U33/><E33/><V93/><F68/><W34/><G34/><T8/><D71/><U63/><E43/><V73/><F73/><W28/><G28/><T96/><D31/><U13/><E26/><V102/><F102/><N who="1" m="39529" /><E106/><V19/><F5/><W10/><G10/><T134/><D134/><U87/><AGARI ba="1,0" hai="13,17,20,44,45,55,56,63,83,87,88" m="39529" machi="87" ten="30,7900,0" yaku="8,1,52,2,54,1" doraHai="41" who="1" fromWho="1" sc="367,-40,211,82,211,-21,211,-21" /><INIT seed="1,0,0,4,3,110" ten="327,293,190,190" oya="1" hai0="32,97,108,116,93,103,55,0,113,83,123,67,20" hai1="129,80,17,35,82,98,90,84,31,2,70,19,41" hai2="100,85,42,74,28,69,49,4,43,8,23,29,44" hai3="122,107,125,109,127,76,6,86,117,5,95,71,104"/><U79/><E129/><V88/><F74/><W131/><G71/><T10/><D113/><U77/><E70/><V36/><F69/><W119/><G109/><T16/><D116/><N who="3" m="44617" /><G122/><T94/><D108/><U62/><E2/><V39/><F100/><W58/><G58/><T135/><D135/><U99/><E41/><V128/><F128/><W63/><G63/><T26/><D123/><U15/><E62/><V56/><F23/><W106/><G131/><T133/><D133/><U18/><E15/><V3/><F56/><W14/><G14/><T111/><D111/><U72/><REACH who="1" step="1"/><E79/><REACH who="1" ten="327,283,190,190" step="2"/><V37/><REACH who="2" step="1"/><F42/><REACH who="2" ten="327,283,180,190" step="2"/><W75/><G5/><T132/><D132/><U45/><E45/><V105/><F105/><W91/><G6/><T64/><D64/><U9/><E9/><V61/><F61/><W1/><G1/><T102/><D67/><U96/><E96/><V53/><F53/><W7/><G7/><T115/><D55/><U130/><E130/><V73/><F73/><W52/><G52/><T27/><D0/><U54/><E54/><V112/><F112/><W11/><G11/><T60/><D115/><U34/><E34/><V120/><F120/><W51/><G51/><T65/><D10/><U121/><E121/><V48/><F48/><W50/><G50/><T66/><D60/><U118/><E118/><V59/><F59/><W101/><G101/><T30/><D65/><U25/><AGARI ba="0,2" hai="17,18,19,25,31,35,72,77,80,82,84,90,98,99" machi="25" ten="30,6000,0" yaku="1,1,0,1,53,1" doraHai="110" doraHaiUra="21" who="1" fromWho="1" sc="327,-20,283,80,180,-20,190,-20" /><INIT seed="1,1,0,4,1,12" ten="307,363,160,170" oya="1" hai0="134,16,36,89,28,73,74,113,35,90,6,0,40" hai1="42,66,2,25,112,69,75,108,100,96,79,129,99" hai2="116,95,61,115,105,131,23,9,130,86,55,77,60" hai3="82,17,87,24,47,94,57,37,68,59,21,27,85"/><U70/><E112/><V14/><F105/><W56/><G68/><T119/><D113/><U44/><E129/><N who="2" m="49163" /><F116/><W52/><G37/><T135/><D119/><U41/><E2/><V20/><F115/><W81/><G27/><N who="0" m="18847" /><D40/><U48/><E41/><V58/><F61/><W53/><G94/><T102/><D36/><U76/><E108/><V62/><F62/><W8/><G8/><N who="0" m="2119" /><D102/><U106/><E96/><V65/><F55/><N who="3" m="21067" /><G47/><T31/><D31/><U80/><E76/><V126/><F126/><W123/><G123/><T43/><D43/><U64/><E69/><V22/><F95/><W29/><G29/><T83/><D83/><AGARI ba="1,0" hai="17,21,24,56,57,59,81,82,83,85,87" m="21067" machi="83" ten="30,3900,0" yaku="8,1,52,1,54,1" doraHai="12" who="3" fromWho="0" sc="307,-42,363,0,160,0,170,42" /><INIT seed="2,0,0,3,5,26" ten="265,363,160,212" oya="2" hai0="131,25,40,127,38,17,29,117,27,24,76,111,75" hai1="110,91,124,97,121,96,47,55,106,37,8,77,78" hai2="14,23,64,118,93,22,21,101,132,85,58,7,2" hai3="65,87,39,33,126,70,9,57,42,125,4,109,43"/><V51/><F118/><W67/><G33/><T107/><D117/><U84/><E110/><V1/><F132/><W74/><G74/><T48/><D38/><U62/><E124/><N who="3" m="47722" /><G87/><T130/><D127/><U95/><E121/><V68/><F68/><W116/><G116/><T82/><D111/><U134/><E134/><V86/><F1/><N who="3" m="143" /><G109/><T35/><D107/><U114/><E114/><V81/><F2/><W120/><G120/><T119/><D119/><U83/><E8/><N who="2" m="4383" /><F81/><W59/><G70/><T18/><D25/><U13/><E13/><V99/><F64/><N who="3" m="24651" /><G39/><T135/><D135/><U28/><E28/><V69/><F69/><W30/><G30/><N who="0" m="19911" /><D48/><U60/><E77/><V44/><F58/><AGARI ba="0,0" hai="42,43,57,58,59" m="24651,143,47722" machi="58" ten="30,1000,0" yaku="18,1" doraHai="26" who="3" fromWho="2" sc="265,0,363,0,160,-10,212,10" /><INIT seed="3,0,0,1,4,4" ten="265,363,150,222" oya="3" hai0="32,41,54,74,18,61,38,115,111,66,126,112,81" hai1="132,102,127,8,34,31,94,120,49,113,133,62,27" hai2="91,72,78,116,30,107,37,88,55,24,129,70,60" hai3="123,82,117,79,83,135,104,98,131,93,9,84,57"/><W114/><G123/><T80/><D111/><U101/><E120/><V20/><F116/><W36/><G36/><T121/><D126/><U52/><E127/><V48/><F107/><W11/><G117/><T5/><D121/><U85/><E113/><N who="0" m="43593" /><D32/><U106/><E62/><V96/><F37/><W110/><G114/><T108/><D108/><U71/><E71/><V67/><F129/><W28/><G110/><T73/><D5/><U56/><E106/><V42/><F42/><W21/><G104/><T35/><D35/><U95/><E85/><V68/><F68/><W25/><G131/><T14/><D54/><U77/><E77/><V76/><F96/><W15/><G135/><N who="1" m="51786" /><E8/><N who="3" m="3146" /><G82/><N who="0" m="31851" /><D41/><U124/><E124/><V7/><F7/><W75/><G75/><T22/><D38/><U100/><AGARI ba="0,0" hai="27,31,34,49,52,56,94,95,100,101,102" m="51786" machi="100" ten="30,2000,0" yaku="20,1,54,1" doraHai="4" who="1" fromWho="1" sc="265,-5,363,20,150,-5,222,-10" owari="260,6.0,383,48.3,145,-35.5,212,-18.8" /></mjloggm>