<mjloggm ver="2.3"><GO type="225" lobby="0"/><UN n0="%6D%75%75%6D%75%72%61" n1="%E3%82%BF%E3%83%BC%E3%83%90%E3%83%B3%E9%87%8E%E5%8F%A3" n2="%E8%B6%85%E7%B4%9A%E9%B3%B3%E5%87%B0" n3="%E3%81%BF%E3%81%BF%E3%81%9A" dan="16,16,16,16" rate="2132.93,2143.97,2114.50,2151.81" sx="F,M,M,M"/><TAIKYOKU oya="0"/><INIT seed="0,0,0,4,5,103" ten="250,250,250,250" oya="0" hai0="15,73,76,84,131,16,59,124,72,77,1,71,88" hai1="122,126,101,108,107,70,40,121,117,19,9,106,0" hai2="104,32,111,78,85,75,82,90,110,97,8,58,69" hai3="37,28,80,105,67,34,25,43,116,79,35,66,65"/><T57/><D71/><U38/><E19/><V96/><F69/><W49/><G116/><T68/><D68/><U41/><E101/><N who="2" m="62503" /><F32/><W27/><G37/><T98/><D131/><U21/><E21/><V93/><F58/><W51/><G105/><N who="1" m="39946" /><E40/><V115/><F8/><W29/><REACH who="3" step="1"/><G43/><REACH who="3" ten="250,250,250,240" step="2"/><T12/><D124/><U42/><E42/><V99/><F115/><W18/><G18/><T125/><D125/><U95/><E117/><V132/><F132/><W87/><AGARI ba="0,1" hai="25,27,28,29,34,35,49,51,65,66,67,79,80,87" machi="87" ten="30,4000,0" yaku="1,1,0,1,9,1,53,0" doraHai="103" doraHaiUra="114" who="3" fromWho="3" sc="250,-20,250,-10,250,-10,240,50" /><INIT seed="1,0,0,4,5,5" ten="230,240,240,290" oya="1" hai0="20,4,31,56,10,25,8,122,72,132,78,50,7" hai1="34,124,116,104,98,105,125,41,119,1,42,29,109" hai2="131,48,6,80,17,13,53,96,44,70,126,37,79" hai3="74,63,66,114,85,19,111,135,21,83,18,26,121"/><U117/><E1/><V69/><F131/><W81/><G121/><T32/><D122/><U43/><E34/><V24/><F126/><N who="1" m="48745" /><E29/><V110/><F110/><W92/><G114/><T51/><D132/><U90/><E90/><V88/><F6/><W97/><G111/><T39/><D39/><U47/><E109/><V77/><F24/><W16/><G135/><T82/><D32/><U127/><N who="1" m="48753" /><U71/><DORA hai="76" /><E71/><V57/><F37/><W27/><G74/><T55/><D4/><U100/><E104/><V73/><F79/><W130/><G130/><T68/><D68/><U35/><E35/><V115/><F115/><W33/><G85/><T133/><D133/><U91/><E91/><V128/><F128/><W58/><G33/><T134/><D134/><U12/><E12/><V84/><F96/><W52/><G66/><T2/><REACH who="0" step="1"/><D8/><REACH who="0" ten="220,240,240,290" step="2"/><U94/><E105/><V61/><F69/><W30/><G27/><T36/><D36/><AGARI ba="0,1" hai="36,41,42,43,47,94,98,100,116,117,119" m="48753" machi="36" ten="50,2400,0" yaku="18,1" doraHai="5,76" who="1" fromWho="0" sc="220,-24,240,34,240,0,290,0" /><INIT seed="1,1,0,2,1,36" ten="196,274,240,290" oya="1" hai0="17,52,126,51,100,121,125,14,86,95,92,13,124" hai1="89,18,15,22,47,87,127,44,78,81,2,99,39" hai2="107,31,93,74,117,110,68,23,12,49,96,62,88" hai3="67,32,77,79,123,101,69,54,73,9,40,20,64"/><U130/><E2/><V50/><F117/><W4/><G123/><T129/><D121/><U57/><E127/><V134/><F74/><W122/><G122/><T108/><D108/><U114/><E114/><V132/><F110/><W58/><G32/><T10/><D129/><U115/><E115/><V72/><F72/><W116/><G116/><T5/><D100/><U76/><E130/><V6/><F107/><W118/><G118/><T7/><D86/><U19/><E39/><V113/><F113/><W63/><G101/><T75/><D75/><U55/><E99/><V59/><F68/><W56/><G73/><T133/><D133/><N who="2" m="51306" /><F6/><W43/><G69/><T128/><D128/><U28/><E28/><V91/><F91/><W106/><G20/><T105/><D105/><U41/><E19/><N who="2" m="10727" /><F31/><W29/><G106/><T103/><D103/><U33/><E89/><V102/><F102/><W53/><G29/><T30/><D30/><U70/><E70/><V119/><F119/><W104/><G104/><T26/><D26/><U38/><E76/><N who="3" m="29258" /><G9/><T25/><D25/><U34/><REACH who="1" step="1"/><E47/><REACH who="1" ten="196,264,240,290" step="2"/><V1/><F1/><W94/><G4/><T71/><D71/><U65/><E65/><AGARI ba="1,1" hai="49,50,59,62,65,88,93,96" m="10727,51306" machi="65" ten="30,2000,0" yaku="20,1,54,1" doraHai="36" who="2" fromWho="1" sc="196,0,264,-23,240,33,290,0" /><INIT seed="2,0,0,2,0,61" ten="196,241,273,290" oya="2" hai0="18,112,47,80,41,122,118,106,103,23,73,108,17" hai1="46,53,50,54,35,114,3,24,38,124,125,15,11" hai2="102,116,90,128,78,64,133,104,95,1,28,2,126" hai3="130,33,115,129,32,7,62,74,81,76,111,69,14"/><V12/><F116/><W101/><G101/><T86/><D122/><U57/><E114/><V77/><F128/><N who="3" m="49259" /><G115/><T99/><D112/><U82/><E3/><V55/><F126/><N who="1" m="48745" /><E82/><V72/><F133/><W20/><G111/><T40/><D108/><U21/><E35/><V66/><F28/><W121/><G121/><T117/><D73/><U91/><E91/><V16/><F55/><W109/><G109/><T42/><D47/><U134/><E38/><V87/><F1/><W85/><G74/><T127/><D127/><U22/><E24/><V9/><F2/><W39/><G39/><T56/><D56/><U5/><E134/><V105/><F105/><W83/><G83/><T31/><D31/><U63/><AGARI ba="0,0" hai="5,11,15,21,22,46,50,53,54,57,63" m="48745" machi="63" ten="30,1100,0" yaku="18,1" doraHai="61" who="1" fromWho="1" sc="196,-3,241,11,273,-5,290,-3" /><INIT seed="3,0,0,4,5,130" ten="193,252,268,287" oya="3" hai0="87,62,110,16,15,73,134,25,38,90,45,36,55" hai1="14,13,7,33,10,99,60,107,43,126,108,80,42" hai2="81,94,68,132,127,135,89,113,11,39,88,5,19" hai3="119,118,17,47,115,85,54,27,111,96,44,57,95"/><W3/><G115/><T114/><D73/><U75/><E108/><V1/><F113/><W12/><G3/><T122/><D114/><U101/><E126/><V121/><F39/><W120/><G120/><T28/><D122/><U72/><E33/><V48/><F127/><W129/><G129/><T117/><D117/><U84/><E60/><V61/><F121/><W23/><G111/><T2/><D2/><U56/><E56/><V58/><F19/><W26/><G85/><T92/><D110/><U82/><E14/><V83/><F68/><W0/><G0/><T133/><D62/><U69/><E69/><V103/><F48/><N who="3" m="30919" /><G119/><T131/><D131/><U71/><E71/><V67/><F103/><N who="3" m="60831" /><G118/><T65/><D65/><U34/><E34/><V35/><F35/><W105/><G105/><T51/><D38/><U53/><E84/><N who="2" m="52519" /><F88/><W125/><G125/><T63/><D63/><U41/><E72/><V128/><F128/><W86/><G86/><T77/><D36/><U9/><E75/><V50/><F50/><W106/><G106/><T79/><D79/><U64/><E64/><V116/><F116/><W91/><G91/><T21/><REACH who="0" step="1"/><D77/><REACH who="0" ten="183,252,268,287" step="2"/><U100/><E107/><V59/><F67/><W32/><G32/><AGARI ba="0,1" hai="15,16,21,25,28,32,45,51,55,87,90,92,133,134" machi="32" ten="40,12000,2" yaku="1,1,2,1,52,2,54,1,53,1" doraHai="130" doraHaiUra="22" who="0" fromWho="3" sc="183,130,252,0,268,0,287,-120" owari="313,41.3,252,-14.8,268,6.8,167,-33.3" /></mjloggm>