<mjloggm ver="2.3"><GO type="225" lobby="0"/><UN n0="%74%61%6B%75%61%6B%61" n1="%72%61%6B%33" n2="%E3%81%A9%E3%82%8F%E3%82%93%E3%81%94" n3="%E6%9C%AA%E6%9D%A5%E5%B0%91%E5%B9%B4" dan="17,16,16,16" rate="2215.94,2164.65,2134.81,2182.89" sx="M,M,M,M"/><TAIKYOKU oya="0"/><INIT seed="0,0,0,3,3,127" ten="250,250,250,250" oya="0" hai0="93,60,81,88,123,20,111,134,33,31,99,52,75" hai1="1,25,84,17,109,45,67,112,85,97,86,19,83" hai2="38,94,95,26,132,9,14,40,27,74,35,124,64" hai3="59,104,3,36,16,5,118,90,102,131,73,87,55"/><T129/><D123/><U4/><E109/><V54/><F74/><W80/><G118/><T18/><D134/><U28/><E112/><V122/><F132/><W37/><G73/><T128/><D111/><U32/><E83/><V30/><F64/><W58/><G58/><N who="0" m="34887" /><D31/><U50/><E67/><V110/><F40/><W47/><G47/><T120/><D33/><U12/><E97/><V70/><F70/><W115/><G115/><T113/><D120/><U68/><E68/><V44/><F38/><W57/><G57/><T103/><D103/><U114/><E114/><V46/><F30/><W15/><G5/><T101/><D101/><U100/><E100/><V6/><F35/><W121/><G3/><T105/><D105/><U49/><E1/><V82/><F124/><W41/><G121/><T8/><D8/><U7/><E50/><N who="2" m="28999" /><F110/><W119/><G41/><T71/><D71/><U51/><E49/><V89/><F46/><W126/><G126/><T96/><D96/><U53/><REACH who="1" step="1"/><E17/><REACH who="1" ten="250,240,250,250" step="2"/><V11/><F122/><W130/><G102/><T135/><D135/><U72/><E72/><V2/><F2/><W62/><G104/><T34/><D113/><U77/><E77/><V108/><F108/><W43/><G119/><T65/><D65/><U98/><E98/><N who="2" m="57679" /><F82/><W66/><G66/><T116/><D116/><U91/><E91/><V0/><F95/><W133/><G133/><T63/><D81/><U48/><E48/><V125/><F125/><W78/><G78/><T106/><D75/><U13/><E13/><V23/><F0/><W76/><G76/><T22/><D93/><RYUUKYOKU ba="0,1" sc="250,-10,240,30,250,-10,250,-10" hai1="4,7,12,19,25,28,32,45,51,53,84,85,86" /><INIT seed="1,1,1,5,2,110" ten="240,270,240,240" oya="1" hai0="103,14,104,75,128,30,126,73,72,15,7,94,16" hai1="60,131,76,116,123,34,44,52,49,100,39,113,63" hai2="105,111,98,38,83,129,90,68,24,107,54,58,109" hai3="115,130,78,117,79,28,66,133,84,85,81,20,106"/><U4/><E34/><V26/><F68/><W8/><G115/><T0/><D126/><U13/><E113/><V33/><F38/><W101/><G130/><T31/><D104/><U1/><E116/><V36/><F36/><W108/><G108/><N who="2" m="41545" /><F129/><W61/><G117/><T121/><D128/><U65/><E123/><V3/><F3/><W71/><G133/><T18/><D0/><U27/><E1/><V32/><F83/><W88/><G8/><T95/><D7/><U70/><E131/><V62/><F90/><W51/><G51/><T12/><D121/><U119/><E63/><V46/><F46/><W114/><G114/><T41/><D41/><U80/><E119/><V2/><F2/><W29/><G20/><T47/><D47/><U21/><E39/><V53/><F53/><W25/><G79/><T86/><D86/><U132/><E132/><V50/><F50/><W55/><G55/><T10/><D103/><U125/><E100/><N who="2" m="62615" /><F107/><W135/><G135/><T87/><D87/><U59/><E70/><V112/><F112/><W23/><G106/><T69/><D69/><U82/><E76/><V127/><F127/><W57/><G71/><T6/><D6/><U22/><E125/><V99/><F99/><W43/><G101/><T35/><D35/><AGARI ba="1,1" hai="24,26,32,33,35,54,58,62" m="62615,41545" machi="35" ten="30,1000,0" yaku="14,1" doraHai="110" who="2" fromWho="0" sc="240,-13,270,0,240,23,240,0" /><INIT seed="2,0,0,4,2,99" ten="227,270,263,240" oya="2" hai0="19,10,12,35,106,61,32,74,17,15,41,62,96" hai1="93,54,69,109,78,98,53,28,111,40,49,60,72" hai2="43,131,13,79,90,122,85,52,94,116,124,103,92" hai3="83,113,82,65,75,66,135,8,100,134,130,123,16"/><V31/><F124/><W115/><G123/><T7/><D74/><U0/><E0/><V51/><F131/><W128/><G100/><T76/><D76/><U59/><E28/><V110/><F116/><W81/><G75/><T133/><D133/><N who="3" m="50697" /><G8/><T26/><D41/><U64/><E40/><V46/><F122/><W108/><G108/><T104/><D7/><U56/><E78/><V44/><F110/><N who="1" m="41993" /><E72/><V68/><F68/><W58/><G16/><T18/><D18/><U118/><E118/><V1/><F1/><W73/><G73/><T57/><D26/><U132/><E132/><V77/><F31/><W23/><G23/><T101/><D106/><U95/><E98/><N who="2" m="59863" /><F13/><W22/><G22/><T89/><D89/><U38/><E38/><V14/><F14/><W88/><G88/><T2/><D2/><U6/><E6/><V121/><F121/><W107/><G58/><T119/><D119/><U129/><E129/><N who="3" m="49770" /><G107/><T11/><REACH who="0" step="1"/><D61/><AGARI ba="0,0" hai="49,53,54,56,59,60,61,64,69,93,95" m="41993" machi="61" ten="30,1000,0" yaku="14,1" doraHai="99" who="1" fromWho="0" sc="227,-10,270,10,263,0,240,0" /><INIT seed="3,0,0,4,3,45" ten="217,280,263,240" oya="3" hai0="66,135,48,112,132,129,133,84,96,6,85,51,69" hai1="9,28,86,116,67,126,101,82,88,120,118,20,41" hai2="10,24,109,73,65,31,25,114,70,134,131,23,99" hai3="94,44,130,3,55,100,11,52,29,102,115,37,4"/><W5/><G115/><T113/><D6/><U42/><E120/><V64/><F114/><N who="0" m="44138" /><D129/><U12/><E126/><V103/><F73/><W32/><G130/><T105/><D66/><U19/><E101/><V43/><F131/><W60/><G5/><T91/><D69/><U40/><E67/><V50/><F109/><W81/><G81/><N who="0" m="49551" /><D85/><U78/><E78/><V57/><F134/><N who="0" m="34306" /><T7/><DORA hai="90" /><D7/><U2/><E2/><V62/><F10/><W22/><G11/><T53/><D53/><U17/><REACH who="1" step="1"/><E28/><REACH who="1" ten="217,270,263,240" step="2"/><V14/><F31/><W30/><G29/><T119/><D119/><U49/><E49/><V15/><F65/><W33/><G30/><T13/><D13/><AGARI ba="0,1" hai="9,12,13,17,19,20,40,41,42,82,86,88,116,118" machi="13" ten="40,2600,0" yaku="1,1,54,1,53,0" doraHai="45,90" doraHaiUra="127,59" who="1" fromWho="0" sc="217,-26,270,36,263,0,240,0" owari="191,-30.9,306,40.6,263,6.3,240,-16.0" /></mjloggm>