<mjloggm ver="2.3"><GO type="225" lobby="0"/><UN n0="%E3%81%A4%E3%81%A3%E3%81%B1%E3%82%8A%E3%83%9D%E3%83%BC%E3%83%AB" n1="%E3%81%B2%E3%81%AA%E3%81%AE%E3%82%8A%E3%81%8F" n2="%4B%2E%32%2E%4B%2E" n3="%E3%82%A2%E3%83%A1%E3%82%A2%E3%83%A9%E3%83%AC" dan="16,17,16,16" rate="2092.88,2162.37,2129.35,2093.58" sx="M,M,M,M"/><TAIKYOKU oya="0"/><INIT seed="0,0,0,3,4,74" ten="250,250,250,250" oya="0" hai0="14,118,91,54,106,80,104,90,65,0,85,87,33" hai1="84,131,1,62,8,53,67,122,57,77,98,43,83" hai2="58,9,72,37,113,129,130,114,11,116,123,68,59" hai3="60,24,4,120,52,117,135,109,75,79,94,82,125"/><T99/><D118/><U42/><E122/><V38/><F72/><W30/><G109/><T133/><D0/><U95/><E131/><N who="2" m="50187" /><F68/><W89/><G117/><T88/><D33/><U107/><E107/><N who="0" m="41001" /><D54/><U128/><E128/><V20/><F20/><W81/><G135/><T69/><D14/><U26/><E26/><V17/><F17/><W25/><G125/><T28/><D65/><U93/><E93/><V18/><F18/><W71/><G120/><T15/><D15/><U46/><E67/><V3/><F3/><W126/><G126/><T70/><D28/><U66/><E66/><V51/><F51/><W34/><G4/><T31/><D31/><U40/><E8/><N who="2" m="3147" /><F123/><W16/><G71/><T112/><D70/><U110/><E110/><V105/><F105/><W78/><G16/><T55/><D69/><U41/><E1/><V22/><F22/><W56/><G24/><T102/><D55/><U121/><E121/><V132/><F132/><W6/><G6/><T12/><D12/><U61/><E61/><V48/><F48/><W96/><REACH who="3" step="1"/><G75/><REACH who="3" ten="250,250,250,240" step="2"/><T45/><D133/><U119/><E119/><V2/><F116/><W36/><G36/><N who="2" m="13929" /><F2/><W49/><G49/><T13/><D13/><U27/><E27/><V10/><F10/><W63/><G63/><T111/><D111/><U29/><E29/><V73/><F73/><W124/><G124/><T97/><D112/><AGARI ba="0,1" hai="58,59,112,113,114" m="13929,3147,50187" machi="112" ten="40,5200,0" yaku="28,2,19,1" doraHai="74" who="2" fromWho="0" sc="250,-52,250,0,250,62,240,0" /><INIT seed="1,0,0,1,0,76" ten="198,250,312,240" oya="1" hai0="69,94,86,84,133,74,35,82,87,109,27,42,55" hai1="23,12,43,105,83,127,39,10,119,101,128,126,0" hai2="68,51,6,116,17,62,49,53,61,78,9,112,15" hai3="58,65,24,38,108,134,92,54,36,130,7,16,77"/><U41/><E119/><V46/><F116/><W90/><G108/><T21/><D69/><U115/><E115/><V93/><F112/><W32/><G134/><T111/><D133/><U48/><E39/><V125/><F125/><N who="1" m="47625" /><E0/><V121/><F121/><W103/><G130/><T26/><D42/><U118/><E118/><V91/><F68/><W18/><G65/><T52/><D94/><U80/><E23/><V81/><F6/><W19/><G103/><T30/><D35/><U37/><E37/><V60/><F49/><W29/><G77/><N who="0" m="44343" /><D27/><U59/><E128/><V40/><F40/><N who="1" m="15433" /><E101/><V122/><F122/><W88/><G7/><T11/><D11/><U4/><E105/><V104/><F104/><W70/><G70/><T63/><D63/><U5/><E5/><V123/><F123/><W66/><G66/><T2/><D2/><U31/><E31/><V1/><F1/><W14/><G14/><T33/><D33/><U28/><E28/><V99/><REACH who="2" step="1"/><F62/><REACH who="2" ten="198,250,302,240" step="2"/><W8/><G38/><T97/><D111/><U100/><E100/><V110/><F110/><W72/><G36/><T96/><D109/><U50/><E50/><V85/><AGARI ba="0,1" hai="9,15,17,46,51,53,60,61,78,81,85,91,93,99" machi="85" ten="20,12000,2" yaku="1,1,0,1,7,1,8,1,52,1,53,2" doraHai="76" doraHaiUra="56" who="2" fromWho="2" sc="198,-30,250,-60,302,130,240,-30" /><INIT seed="2,0,0,0,4,8" ten="168,190,432,210" oya="2" hai0="54,97,60,41,35,128,94,84,20,99,24,131,66" hai1="124,103,69,127,120,121,71,125,122,10,90,17,13" hai2="117,93,109,96,82,106,73,78,29,91,107,113,22" hai3="40,55,15,34,23,44,36,4,51,46,38,101,68"/><V116/><F29/><W18/><G34/><T81/><D35/><U9/><E103/><V129/><F22/><W100/><G68/><T65/><D41/><U133/><E133/><V37/><F37/><W28/><G28/><T89/><D54/><U30/><E30/><V119/><F113/><W115/><G115/><T83/><D83/><U43/><E43/><V88/><F129/><W123/><G36/><T53/><D53/><U11/><E90/><N who="2" m="34347" /><F109/><W85/><G123/><T61/><D131/><U39/><E39/><V74/><F74/><W102/><G85/><T21/><D128/><U76/><E76/><V3/><F3/><W49/><G38/><T80/><D80/><U64/><E64/><V86/><F86/><W75/><G75/><T52/><D99/><U25/><E25/><V31/><F31/><W130/><G130/><T104/><D104/><U114/><E114/><V0/><F0/><W42/><G42/><T48/><D21/><AGARI ba="0,0" hai="9,10,11,13,17,21,69,71,120,121,122,124,125,127" machi="21" ten="50,8000,1" yaku="29,2,13,1,18,1,52,1" doraHai="8" who="1" fromWho="0" sc="168,-80,190,80,432,0,210,0" /><INIT seed="3,0,0,0,5,112" ten="88,270,432,210" oya="3" hai0="134,130,40,119,102,33,13,82,31,20,32,68,81" hai1="105,75,111,96,80,3,4,79,83,107,128,88,22" hai2="66,10,59,21,14,41,54,2,97,35,125,115,16" hai3="24,5,69,101,8,85,17,36,44,1,93,63,104"/><W0/><G0/><T99/><D68/><U123/><E3/><V6/><F115/><W23/><G104/><N who="1" m="40010" /><E22/><V38/><F125/><W70/><G63/><T108/><D40/><U98/><E4/><V120/><F120/><W65/><G65/><T56/><D56/><U50/><E50/><V89/><F35/><W19/><G85/><T51/><D51/><U49/><E49/><V114/><F114/><W127/><G127/><T55/><D20/><U76/><E111/><V12/><F66/><W73/><G73/><T110/><D31/><U71/><E71/><V109/><F109/><W72/><G72/><T121/><D13/><U103/><E128/><V45/><F97/><N who="1" m="37481" /><E103/><V132/><F12/><W61/><G61/><T116/><D99/><U27/><E27/><V122/><F38/><W113/><G113/><T18/><D55/><U28/><E28/><V117/><F54/><W25/><G101/><T64/><D102/><U34/><E34/><V52/><F14/><W118/><G23/><T58/><D64/><U30/><E30/><V100/><F100/><W37/><G1/><T53/><D53/><U39/><E39/><V67/><F52/><W9/><G5/><T91/><D58/><U77/><E123/><V129/><F122/><W47/><G93/><T15/><D15/><U29/><E29/><V95/><F6/><W57/><G57/><T131/><D121/><U26/><E26/><V46/><F59/><W126/><G126/><T42/><D42/><U48/><E75/><V78/><F21/><W43/><G43/><T94/><D130/><U135/><E76/><RYUUKYOKU ba="0,0" sc="88,-10,270,-10,432,-10,210,30" hai3="8,9,17,19,24,25,36,37,44,47,69,70,118" /><INIT seed="3,1,0,3,4,37" ten="78,260,422,240" oya="3" hai0="103,18,134,100,27,12,5,42,86,71,24,96,64" hai1="130,131,22,44,101,70,40,83,108,94,62,61,36" hai2="56,7,74,127,81,10,126,104,49,84,15,19,20" hai3="67,95,16,26,72,110,66,77,91,33,109,128,88"/><W21/><G128/><T43/><D134/><U53/><E108/><N who="3" m="41578" /><G33/><T65/><D71/><U87/><E22/><V6/><F104/><W46/><G46/><T58/><D5/><U34/><E34/><V51/><F6/><W117/><G117/><T2/><D2/><U25/><E25/><V48/><F74/><W39/><G39/><T52/><D86/><U98/><E70/><V4/><F4/><W41/><G41/><N who="0" m="15371" /><D27/><U8/><E8/><V113/><F113/><W29/><G29/><T99/><D24/><U54/><E54/><V50/><F7/><W68/><G68/><T97/><D103/><U47/><E47/><V93/><F126/><W106/><G106/><T129/><D100/><U123/><E123/><V105/><F127/><W132/><G132/><T3/><D3/><U63/><REACH who="1" step="1"/><E53/><REACH who="1" ten="78,250,422,240" step="2"/><V111/><F111/><W35/><G35/><T78/><D78/><AGARI ba="1,1" hai="36,40,44,61,62,63,78,83,87,94,98,101,130,131" machi="78" ten="40,5200,0" yaku="1,1,2,1,52,1,53,0" doraHai="37" doraHaiUra="45" who="1" fromWho="0" sc="78,-55,250,65,422,0,240,0" owari="23,-47.7,315,11.5,422,52.2,240,-16.0" /></mjloggm>