<mjloggm ver="2.3"><GO type="225" lobby="0"/><UN n0="%72%61%6B%33" n1="%E6%B8%A9%E2%98%85%E6%83%85%E2%98%85%E6%8E%AA%E2%98%85%E7%BD%AE" n2="%E4%B8%AD%E5%B9%B4%E3%81%AE%E5%8D%B1%E6%A9%9F" n3="%E8%A8%88%E7%AE%97%E6%A9%9F%E8%87%AA%E7%84%B6" dan="17,16,17,17" rate="2174.06,2162.44,2197.01,2197.49" sx="M,M,M,M"/><TAIKYOKU oya="0"/><INIT seed="0,0,0,5,3,129" ten="250,250,250,250" oya="0" hai0="131,130,118,75,126,14,13,43,1,28,52,85,9" hai1="63,68,3,8,80,22,12,57,82,92,64,115,99" hai2="124,21,16,39,105,49,107,95,65,7,4,20,17" hai3="36,133,40,81,23,94,71,122,109,134,113,24,53"/><T135/><D75/><U101/><E115/><V51/><F95/><W76/><G113/><T121/><D118/><U119/><E119/><V83/><F65/><W78/><G71/><T0/><D43/><U35/><E35/><V114/><F114/><W42/><G109/><T44/><D121/><U59/><E3/><V110/><F83/><W72/><G76/><T47/><D28/><U70/><E70/><V50/><F39/><W31/><G122/><T18/><D126/><U30/><E59/><V79/><F79/><W6/><G6/><N who="2" m="2089" /><F110/><W73/><G73/><T41/><D41/><U55/><E68/><V112/><F112/><W103/><G53/><T26/><D26/><N who="1" m="16727" /><E55/><V5/><N who="2" m="2097" /><AGARI ba="0,0" hai="5,8,12,57,63,64,80,82,92,99,101" m="16727" machi="5" ten="30,3900,0" yaku="3,1,25,1,8,1" doraHai="129" who="1" fromWho="2" sc="250,0,250,39,250,-39,250,0" /><INIT seed="1,0,0,2,4,37" ten="250,289,211,250" oya="1" hai0="5,125,71,94,6,75,26,20,101,24,56,33,98" hai1="116,70,108,129,74,15,69,85,3,115,50,13,18" hai2="133,23,36,105,86,54,22,60,30,111,122,78,97" hai3="4,120,42,88,12,113,2,43,123,130,66,119,16"/><U32/><E115/><V95/><F122/><W106/><G106/><T73/><D71/><U46/><E74/><V28/><F36/><W49/><G113/><T99/><D56/><U92/><E116/><V9/><F133/><W103/><G103/><T14/><D14/><U25/><E3/><V61/><F105/><W79/><G79/><T117/><D20/><N who="2" m="7722" /><F9/><N who="3" m="2199" /><G49/><T100/><D94/><U34/><E34/><V51/><F111/><W77/><G77/><T62/><D62/><N who="2" m="24170" /><F78/><W45/><G66/><T91/><D33/><U89/><E108/><V53/><F86/><W41/><G120/><T39/><D39/><U72/><E72/><V68/><F68/><W29/><G29/><N who="2" m="11369" /><F51/><W131/><G123/><T83/><D117/><U52/><E70/><V19/><F19/><W10/><G119/><T107/><D107/><U40/><E69/><V48/><F48/><N who="3" m="26671" /><G88/><AGARI ba="0,0" hai="53,54,88,95,97" m="11369,24170,7722" machi="88" ten="30,2000,0" yaku="8,1,54,1" doraHai="37" who="2" fromWho="3" sc="250,0,289,0,211,20,250,-20" /><INIT seed="2,0,0,4,2,69" ten="250,289,231,230" oya="2" hai0="98,119,72,103,38,47,130,107,75,89,133,46,101" hai1="105,56,67,64,63,132,134,0,71,74,87,65,80" hai2="48,22,70,109,91,1,120,95,51,15,97,27,124" hai3="114,115,135,96,102,90,2,104,4,30,10,17,50"/><V131/><F120/><W8/><G30/><T94/><D130/><U9/><E105/><V26/><F1/><W44/><G135/><N who="1" m="51754" /><E74/><V55/><F70/><W23/><G10/><T113/><D113/><U19/><E71/><V118/><F118/><W82/><G90/><T126/><D126/><U92/><E92/><V106/><F131/><W31/><G31/><T117/><D133/><U129/><E129/><V127/><F106/><W61/><G61/><T85/><D103/><U77/><E19/><N who="2" m="10623" /><F109/><W41/><REACH who="3" step="1"/><G82/><REACH who="3" ten="250,289,231,220" step="2"/><T7/><D89/><U76/><E76/><V25/><F127/><W36/><G36/><T111/><D38/><U108/><E108/><V39/><F39/><W11/><G11/><T33/><D111/><U6/><AGARI ba="0,1" hai="0,6,9,56,63,64,65,67,77,80,87" m="51754" machi="6" ten="30,1100,0" yaku="20,1" doraHai="69" who="1" fromWho="1" sc="250,-3,289,21,231,-5,220,-3" /><INIT seed="3,0,0,1,1,93" ten="247,310,226,217" oya="3" hai0="129,27,62,98,92,104,91,107,10,12,77,23,43" hai1="132,15,1,52,119,65,135,109,130,96,113,88,117" hai2="60,71,54,41,2,14,64,63,51,118,110,11,128" hai3="105,69,78,6,18,48,55,16,123,13,33,97,103"/><W38/><G123/><T24/><D129/><U28/><E1/><V114/><F118/><N who="1" m="45065" /><E113/><V94/><F114/><W102/><G38/><T116/><D116/><U61/><E109/><V17/><F110/><W111/><G111/><T22/><D43/><U4/><E130/><V122/><F128/><W120/><G120/><T72/><D72/><U30/><E52/><V45/><F122/><W67/><G33/><T40/><D77/><U95/><E15/><V124/><F2/><W126/><G126/><T131/><D40/><U3/><E4/><V37/><F63/><W57/><G102/><T0/><D0/><U36/><E3/><V108/><F108/><W5/><G78/><T83/><D83/><U46/><E46/><V9/><F124/><W29/><G29/><N who="1" m="11370" /><E36/><V90/><F54/><W56/><G56/><AGARI ba="0,0" hai="56,61,65,88,95,96,132,135" m="11370,45065" machi="56" ten="30,3900,0" yaku="12,1,52,1,54,1" doraHai="93" who="1" fromWho="3" sc="247,0,310,39,226,0,217,-39" owari="247,4.7,349,44.9,226,-17.4,178,-32.2" /></mjloggm>