<mjloggm ver="2.3"><GO type="225" lobby="0"/><UN n0="%72%69%6F%75%63%68%61%6E" n1="%E5%A4%9C%E3%81%AE%E3%82%AC%E3%82%B9%E3%83%91%E3%83%BC%E3%83%AB" n2="%E3%81%BF%E3%81%BF%E3%81%9A" n3="%72%65%6E%6B%75%6E" dan="16,16,17,17" rate="2155.55,2136.57,2259.29,2222.65" sx="M,M,M,M"/><TAIKYOKU oya="0"/><INIT seed="0,0,0,4,1,84" ten="250,250,250,250" oya="0" hai0="18,48,37,92,102,24,35,127,38,64,99,3,29" hai1="132,130,47,45,8,50,113,55,105,53,70,118,78" hai2="98,39,6,62,126,66,109,83,116,73,14,4,61" hai3="88,135,96,134,122,117,13,23,85,125,36,108,60"/><T121/><D127/><U94/><E118/><V54/><F126/><W95/><G36/><T65/><D121/><U42/><E105/><V21/><F39/><W81/><G125/><T74/><D74/><U115/><E130/><V52/><F116/><W72/><G117/><T107/><D3/><U26/><E132/><N who="3" m="50730" /><G122/><T90/><D48/><U104/><E104/><V67/><F109/><W111/><G72/><T34/><D34/><U41/><E70/><V69/><F73/><W1/><G1/><T46/><D18/><U51/><E78/><V71/><F83/><W28/><G60/><T103/><D103/><U40/><E8/><V57/><F98/><W20/><G13/><T133/><D133/><U89/><REACH who="1" step="1"/><E26/><REACH who="1" ten="250,240,250,250" step="2"/><V68/><F71/><W86/><G86/><AGARI ba="0,1" hai="40,41,42,45,47,50,51,53,55,86,89,94,113,115" machi="86" ten="40,8000,1" yaku="1,1,2,1,9,1,52,1,53,0" doraHai="84" doraHaiUra="25" who="1" fromWho="3" sc="250,0,240,90,250,0,250,-80" /><INIT seed="1,0,0,3,2,114" ten="250,330,250,170" oya="1" hai0="24,116,59,61,84,41,117,132,82,13,35,96,28" hai1="10,133,15,7,91,86,25,104,90,45,103,118,33" hai2="22,98,100,111,130,122,27,40,37,99,63,92,32" hai3="34,85,110,101,78,4,105,94,70,43,68,119,55"/><U52/><E118/><V39/><F122/><W50/><G34/><T123/><D123/><U79/><E133/><V69/><F111/><W30/><G110/><T75/><D75/><U97/><E33/><V88/><F130/><W64/><G30/><T36/><D132/><U71/><E71/><V57/><F40/><W109/><G43/><T129/><D129/><U107/><E25/><V49/><F49/><W54/><G109/><T58/><D59/><U126/><E126/><V87/><F69/><W65/><G4/><T23/><D96/><U95/><E79/><V83/><F99/><W16/><G105/><T112/><D112/><U5/><E107/><V14/><F14/><W19/><G101/><T18/><D36/><U38/><E38/><V42/><F42/><W66/><G119/><T62/><D41/><U108/><E108/><V134/><F32/><W3/><G3/><T125/><D61/><U20/><E20/><V17/><REACH who="2" step="1"/><F134/><REACH who="2" ten="250,330,240,170" step="2"/><W106/><G106/><T48/><D48/><U120/><E120/><V47/><F47/><N who="3" m="27999" /><G70/><T115/><D115/><U29/><E45/><V73/><F73/><W127/><G68/><T131/><D131/><U44/><E44/><V46/><F46/><W80/><G127/><T2/><D125/><U124/><E124/><V121/><F121/><W12/><G12/><T60/><D60/><U102/><E15/><V11/><F11/><W89/><G55/><AGARI ba="0,1" hai="17,22,27,37,39,55,57,63,83,87,88,92,98,100" machi="55" ten="30,3900,0" yaku="1,1,7,1,54,1,53,0" doraHai="114" doraHaiUra="9" who="2" fromWho="3" sc="250,0,330,0,240,49,170,-39" /><INIT seed="2,0,0,1,5,43" ten="250,330,289,131" oya="2" hai0="15,39,57,50,77,70,100,33,106,41,76,59,69" hai1="112,58,120,79,99,45,55,48,121,133,110,66,0" hai2="127,14,52,95,53,90,134,97,116,8,81,101,56" hai3="31,92,128,98,132,117,60,6,102,67,38,40,18"/><V75/><F116/><W26/><G117/><T19/><D33/><U12/><E0/><V108/><F134/><W25/><G132/><T28/><D28/><U32/><E133/><V85/><F127/><W44/><G128/><T29/><D29/><U23/><E32/><V88/><F108/><W65/><G6/><T37/><D106/><U124/><E112/><V13/><F75/><W103/><G103/><T7/><D100/><U71/><E110/><V10/><F101/><W111/><G111/><T123/><D7/><U74/><E124/><V89/><F89/><W17/><G65/><T68/><D123/><U104/><E71/><V72/><F72/><W84/><G84/><T4/><D4/><U113/><E113/><V115/><F115/><W91/><G91/><T61/><D50/><U73/><E79/><V22/><F53/><W126/><G126/><T49/><D49/><U86/><E86/><V64/><F64/><W118/><G118/><T30/><D30/><U83/><E83/><V20/><F13/><W135/><G135/><T125/><D125/><U9/><E99/><V94/><F81/><W3/><G3/><T107/><D107/><U27/><E104/><V21/><F14/><W131/><G131/><T62/><D41/><U130/><E130/><V122/><F122/><N who="1" m="47209" /><E12/><V24/><F24/><W11/><G11/><N who="0" m="6655" /><D77/><U119/><E9/><V1/><F1/><W129/><G129/><T82/><D82/><U54/><E119/><V36/><F36/><N who="0" m="13898" /><D76/><U51/><E66/><V105/><F105/><W78/><G78/><T109/><D109/><U34/><E34/><RYUUKYOKU ba="0,0" sc="250,10,330,10,289,10,131,-30" hai0="57,59,61,62,68,69,70" hai1="23,27,45,48,51,54,55,58,73,74" hai2="8,10,20,21,22,52,56,85,88,90,94,95,97" /><INIT seed="2,1,0,4,0,0" ten="260,340,299,101" oya="2" hai0="47,61,64,83,112,127,91,6,135,19,4,81,128" hai1="37,95,69,70,107,113,67,41,7,110,57,56,133" hai2="125,63,10,92,22,99,20,50,34,97,42,8,53" hai3="9,77,51,115,11,106,96,89,80,75,86,103,88"/><V16/><F34/><W132/><G132/><T129/><D112/><U85/><E107/><V66/><F125/><W104/><G115/><T134/><D127/><U1/><E113/><V124/><F124/><W44/><G106/><T25/><D47/><U82/><E133/><N who="0" m="50697" /><D19/><U87/><E110/><V40/><F22/><W35/><G35/><T15/><D25/><U122/><E122/><V102/><F63/><W30/><G30/><T62/><D15/><U126/><E126/><V46/><F66/><W13/><G75/><T26/><D26/><U60/><E70/><V31/><F31/><W109/><G109/><T72/><D61/><U98/><E41/><N who="2" m="15979" /><F99/><W105/><G105/><T14/><D14/><AGARI ba="1,0" hai="8,10,14,16,20,46,50,53,92,97,102" m="15979" machi="14" ten="30,2900,0" yaku="8,1,54,1" doraHai="0" who="2" fromWho="0" sc="260,-32,340,0,299,32,101,0" /><INIT seed="2,2,0,1,5,6" ten="228,340,331,101" oya="2" hai0="112,24,57,99,38,125,2,31,41,83,91,59,86" hai1="77,48,3,84,119,17,63,105,60,98,46,102,92" hai2="47,28,35,49,25,27,1,72,106,11,117,21,132" hai3="111,134,130,61,87,103,14,5,108,51,44,58,30"/><V128/><F117/><W85/><G134/><T43/><D112/><U118/><E3/><V50/><F132/><W22/><G130/><T124/><D2/><U67/><E17/><V73/><F106/><W88/><G103/><T110/><D110/><U68/><E63/><V29/><F128/><W122/><G122/><T79/><D99/><U54/><E105/><V0/><F50/><W13/><G85/><T133/><D133/><U95/><E92/><V89/><F89/><W104/><G104/><T26/><D79/><U135/><E135/><V36/><F36/><W78/><G78/><T93/><D93/><U71/><REACH who="1" step="1"/><E68/><REACH who="1" ten="228,330,331,101" step="2"/><V34/><F0/><W37/><G111/><T23/><D24/><U100/><E100/><V123/><F123/><W64/><G108/><T114/><D114/><U107/><E107/><V56/><F56/><W40/><G5/><T8/><D57/><U116/><E116/><V75/><F21/><W42/><G37/><T76/><D38/><U97/><E97/><V82/><F82/><AGARI ba="2,1" hai="46,48,54,60,67,71,77,82,84,95,98,102,118,119" machi="82" ten="40,1300,0" yaku="1,1,53,0" doraHai="6" doraHaiUra="33" who="1" fromWho="2" sc="228,0,330,29,331,-19,101,0" /><INIT seed="3,0,0,0,3,23" ten="228,359,312,101" oya="3" hai0="63,131,64,37,123,59,81,14,16,98,95,46,34" hai1="92,29,122,55,129,133,38,69,80,68,127,31,57" hai2="96,128,24,100,120,73,113,101,94,13,126,48,30" hai3="89,79,56,85,115,111,87,18,8,104,121,78,15"/><W125/><G115/><T124/><D123/><U82/><E122/><V12/><F120/><W42/><G121/><T10/><D124/><U66/><E38/><V106/><F113/><W1/><G104/><T76/><D131/><U60/><E129/><V3/><F128/><W33/><G33/><T9/><D34/><U135/><E127/><V35/><F3/><W6/><G125/><T108/><D108/><U5/><E5/><V110/><F126/><W26/><G111/><T132/><D132/><N who="1" m="50763" /><E92/><V61/><F110/><W93/><G42/><T40/><D9/><U107/><E69/><V99/><F73/><W19/><G56/><T27/><D27/><U102/><E102/><V65/><REACH who="2" step="1"/><F48/><REACH who="2" ten="228,359,302,101" step="2"/><W36/><G36/><T105/><D105/><U58/><E107/><V83/><F83/><N who="1" m="31785" /><E68/><AGARI ba="0,1" hai="12,13,24,30,35,61,65,68,94,96,99,100,101,106" machi="68" ten="30,8000,1" yaku="1,1,7,1,25,2,52,1,53,0" doraHai="23" doraHaiUra="114" who="2" fromWho="1" sc="228,0,359,-80,302,90,101,0" owari="228,-17.2,279,7.9,392,49.2,101,-39.9" /></mjloggm>