<mjloggm ver="2.3"><GO type="225" lobby="0"/><UN n0="%E6%A1%9C%E8%8A%B1%E9%96%83%E3%80%85" n1="%E7%89%B9%E6%9D%B1%E3%81%AF%E4%B8%96%E7%95%8C%E3%82%92%E6%95%91%E3%81%86" n2="%E3%82%B3%E3%83%90%E3%83%AC%E3%82%A4" n3="%E8%90%BD%E6%97%A5" dan="16,16,16,16" rate="2210.41,2034.03,2125.30,2110.12" sx="M,M,M,F"/><TAIKYOKU oya="0"/><INIT seed="0,0,0,0,1,85" ten="250,250,250,250" oya="0" hai0="15,68,61,31,39,14,134,10,94,89,52,97,118" hai1="48,92,116,104,80,49,45,65,99,25,51,18,66" hai2="20,81,126,57,132,83,86,73,114,37,78,110,108" hai3="0,19,5,1,22,117,41,56,131,2,55,42,74"/><T67/><D118/><U60/><E116/><V100/><F37/><W72/><G117/><T64/><D134/><U35/><E104/><V115/><F57/><W120/><G131/><T96/><D39/><U130/><E130/><V101/><F20/><W63/><G5/><T21/><D96/><U54/><E80/><V91/><F132/><W123/><G55/><T9/><D31/><U36/><E36/><V24/><F24/><W30/><G30/><T109/><D109/><N who="2" m="42090" /><F126/><W4/><G4/><N who="0" m="3367" /><D21/><N who="1" m="13495" /><E35/><V102/><AGARI ba="0,0" hai="73,78,81,83,86,91,100,101,102,114,115" m="42090" machi="102" ten="30,7900,0" yaku="14,1,34,2,52,1" doraHai="85" who="2" fromWho="2" sc="250,-39,250,-20,250,79,250,-20" /><INIT seed="1,0,0,0,0,29" ten="211,230,329,230" oya="1" hai0="18,35,53,111,60,110,92,132,57,11,62,58,46" hai1="81,12,95,15,82,24,118,124,87,129,23,84,39" hai2="109,96,64,19,13,80,40,42,108,89,28,121,99" hai3="70,61,47,52,21,120,126,116,17,122,45,73,0"/><U75/><E118/><V69/><F28/><W98/><G73/><T33/><D132/><U97/><E75/><V49/><F121/><W22/><G116/><T25/><D46/><U31/><E39/><V103/><F64/><W32/><G32/><N who="0" m="12363" /><D92/><U127/><E129/><V113/><F69/><W102/><G0/><T34/><N who="0" m="12371" /><T71/><DORA hai="38" /><D71/><U128/><E128/><V43/><F49/><W55/><G98/><T36/><D36/><U2/><E2/><V59/><F59/><N who="0" m="22538" /><D53/><U3/><E3/><V68/><F68/><W50/><G70/><T135/><D135/><U105/><E105/><V91/><F113/><W14/><G61/><N who="0" m="23659" /><D11/><U123/><E123/><V16/><F80/><N who="1" m="30825" /><E84/><V106/><F19/><W115/><G115/><T119/><D119/><U72/><E87/><V100/><F103/><W76/><G102/><T93/><D93/><U4/><E72/><V27/><F27/><W56/><G56/><T5/><D5/><U8/><E4/><V85/><F85/><W130/><G130/><T54/><D54/><U44/><E44/><V78/><F99/><W7/><G7/><T37/><D37/><U88/><E8/><V10/><F78/><W26/><G76/><T83/><D83/><U74/><E74/><V41/><N who="2" m="10240" /><DORA hai="1" /><V30/><REACH who="2" step="1"/><F30/><REACH who="2" ten="211,230,319,230" step="2"/><N who="3" m="17743" /><G122/><T20/><D25/><U48/><E48/><V79/><F79/><W65/><G120/><T101/><D101/><U86/><E86/><V131/><F131/><W51/><G65/><T112/><D112/><U134/><E134/><V94/><F94/><W67/><G67/><T125/><D125/><AGARI ba="0,1" hai="12,15,23,24,31,88,95,97,124,125,127" m="30825" machi="125" ten="30,5800,0" yaku="6,1,18,1,54,1" doraHai="29,38,1" who="1" fromWho="0" sc="211,-58,230,68,319,0,230,0" /><AGARI ba="0,0" hai="14,17,22,45,47,50,51,52,55,125,126" m="17743" machi="125" ten="30,2000,0" yaku="6,1,54,1" doraHai="29,38,1" who="3" fromWho="0" sc="153,-20,298,0,319,0,230,20" /><INIT seed="1,1,0,2,4,29" ten="133,298,319,250" oya="1" hai0="66,75,6,123,61,86,26,3,22,7,48,31,49" hai1="65,103,79,17,74,27,38,18,127,112,116,114,69" hai2="64,133,1,100,45,33,16,71,81,41,84,90,23" hai3="2,134,125,50,59,35,55,8,78,10,82,98,101"/><U99/><E116/><V52/><F1/><W94/><G125/><T80/><D75/><U135/><E38/><V13/><F133/><W122/><G122/><T89/><D123/><U32/><E135/><V37/><F33/><W14/><G134/><T46/><D3/><U92/><E127/><V85/><F100/><W115/><G115/><T19/><D19/><U109/><E109/><V39/><F39/><W24/><G2/><T93/><D80/><U118/><E118/><V54/><F64/><W34/><G24/><T63/><D49/><U21/><E32/><V97/><F71/><W42/><G10/><T88/><D89/><U36/><E36/><V131/><F131/><W126/><G42/><T76/><D76/><U106/><E92/><V56/><F97/><W119/><G126/><T108/><D108/><U30/><E18/><V11/><F56/><W111/><G119/><T67/><D67/><U113/><E17/><V102/><F102/><W28/><G28/><T87/><D87/><U128/><E128/><V5/><F85/><W68/><G68/><T0/><D0/><U129/><E129/><V132/><F132/><W72/><REACH who="3" step="1"/><G111/><REACH who="3" ten="133,298,319,240" step="2"/><T95/><D26/><U83/><E69/><V96/><F11/><W104/><G104/><T40/><D31/><U51/><E113/><V110/><F110/><W70/><G70/><N who="0" m="42319" /><D22/><U25/><E25/><V105/><F105/><W4/><AGARI ba="1,1" hai="4,8,14,34,35,50,55,59,72,78,82,94,98,101" machi="4" ten="20,8000,1" yaku="1,1,0,1,7,1,52,2,53,0" doraHai="29" doraHaiUra="130" who="3" fromWho="3" sc="133,-21,298,-41,319,-21,240,93" /><INIT seed="2,0,0,2,5,19" ten="112,257,298,333" oya="2" hai0="37,110,55,26,72,86,11,120,60,76,40,2,90" hai1="112,75,122,38,78,91,29,16,129,84,121,109,12" hai2="99,85,69,30,131,49,44,56,4,132,80,14,97" hai3="9,65,101,116,23,59,104,41,45,34,28,18,134"/><V115/><F69/><W5/><G116/><T0/><D120/><N who="1" m="46187" /><E112/><V105/><F115/><W114/><G114/><T43/><D110/><U113/><E113/><V47/><F132/><W24/><G134/><T127/><D127/><U31/><E38/><V1/><F1/><W39/><G101/><T82/><D55/><U117/><E117/><V64/><F105/><W106/><G59/><T35/><D60/><U95/><E129/><V125/><F125/><W70/><G65/><T73/><D73/><U62/><E109/><V52/><F30/><W83/><G83/><T126/><D126/><U15/><E62/><N who="2" m="37959" /><F47/><W51/><G39/><T22/><D35/><U118/><E118/><V107/><F107/><W103/><G103/><T63/><D63/><U42/><E42/><V93/><F93/><W25/><REACH who="3" step="1"/><G70/><REACH who="3" ten="112,257,298,323" step="2"/><T27/><D37/><U108/><E108/><V10/><F131/><W17/><G17/><T68/><D68/><U32/><E16/><V130/><F130/><W8/><G8/><T123/><D11/><U58/><E58/><V6/><F4/><W48/><G48/><T74/><D123/><U128/><E128/><V111/><F111/><W119/><G119/><T61/><D61/><U88/><E31/><V92/><F92/><W79/><G79/><AGARI ba="0,1" hai="6,10,14,44,49,52,79,80,85,97,99" m="37959" machi="79" ten="30,2900,0" yaku="8,1,54,1" doraHai="19" who="2" fromWho="3" sc="112,0,257,0,298,39,323,-29" /><INIT seed="2,1,0,4,1,48" ten="112,257,337,294" oya="2" hai0="51,114,97,43,86,88,85,96,25,59,36,15,62" hai1="125,8,83,82,78,132,118,52,42,11,6,77,127" hai2="23,26,81,24,54,57,74,116,109,16,92,123,98" hai3="106,45,9,33,72,89,87,65,70,110,100,108,91"/><V47/><F116/><W53/><G33/><T60/><D114/><U50/><E118/><V99/><F123/><W90/><G72/><T80/><D36/><U20/><E42/><V1/><F1/><W18/><G106/><T103/><D25/><U49/><E20/><V5/><F5/><W31/><G100/><T13/><D86/><U126/><E132/><V94/><F81/><N who="1" m="30729" /><E50/><N who="2" m="30935" /><F74/><W111/><G31/><T19/><D62/><U124/><E124/><V28/><F47/><W29/><G29/><T35/><D35/><U12/><E11/><V46/><F46/><AGARI ba="1,0" hai="6,8,12,46,49,52,77,78,125,126,127" m="30729" machi="46" ten="30,3900,0" yaku="18,1,52,1,54,1" doraHai="48" who="1" fromWho="2" sc="112,0,257,42,337,-42,294,0" /><INIT seed="3,0,0,4,1,112" ten="112,299,295,294" oya="3" hai0="40,41,17,76,116,88,8,111,0,12,92,71,86" hai1="19,31,90,34,61,81,83,127,74,107,132,93,130" hai2="6,80,96,69,22,44,82,55,85,99,43,72,50" hai3="94,131,106,79,100,46,53,117,121,114,113,134,66"/><W73/><G121/><T58/><D116/><U108/><E107/><V95/><F69/><W118/><G66/><T2/><D71/><U16/><E31/><V48/><F72/><W123/><G123/><T91/><D111/><U60/><E34/><V101/><F6/><W3/><G53/><T70/><D70/><U20/><E108/><V77/><F22/><W24/><G24/><T109/><D109/><U64/><E74/><V67/><F67/><W30/><G30/><T115/><D115/><N who="3" m="44041" /><G46/><T125/><D125/><U39/><E39/><V57/><F82/><N who="1" m="31241" /><E127/><V133/><F133/><W75/><G3/><T35/><D35/><U28/><E130/><V102/><F99/><N who="3" m="61727" /><G131/><T49/><D76/><U87/><E132/><V21/><F21/><W47/><G47/><T62/><D91/><AGARI ba="0,0" hai="43,44,48,50,55,57,77,80,85,91,95,96,101,102" machi="91" ten="30,2000,0" yaku="7,1,8,1" doraHai="112" who="2" fromWho="0" sc="112,-20,299,0,295,20,294,0" owari="92,-40.8,299,9.9,315,41.5,294,-10.6" /></mjloggm>