<mjloggm ver="2.3"><GO type="225" lobby="0"/><UN n0="%E6%B4%BE%E9%81%A3%E3%81%AE%E3%82%B8%E3%83%A3%E3%83%83%E3%82%AF" n1="%E6%97%A5%E6%9B%9C%E6%97%A5%E3%82%88%E3%82%8A%E3%81%AE%E4%BD%BF%E8%80%85" n2="%E3%82%A2%E3%83%A1%E3%82%A2%E3%83%A9%E3%83%AC" n3="%6D%75%75%73%61%6E%6D%75" dan="17,16,16,16" rate="2194.59,2086.79,2186.47,2147.92" sx="M,M,M,F"/><TAIKYOKU oya="0"/><INIT seed="0,0,0,0,4,47" ten="250,250,250,250" oya="0" hai0="58,33,96,102,121,26,20,83,60,42,135,6,126" hai1="99,69,7,16,51,85,31,8,14,101,117,53,128" hai2="125,70,86,115,0,123,94,40,114,132,3,133,92" hai3="34,104,84,100,130,111,91,37,79,12,9,120,45"/><T25/><D121/><U106/><E117/><V41/><F86/><W112/><G112/><N who="2" m="43049" /><F70/><W134/><G34/><T24/><D33/><U90/><E128/><V103/><F103/><W29/><G130/><T67/><D126/><U28/><E69/><V17/><F17/><W118/><G29/><T13/><D135/><N who="2" m="51786" /><F123/><W98/><G134/><T116/><D116/><U77/><E77/><V80/><F80/><W82/><G118/><T105/><D42/><N who="2" m="16490" /><F125/><W2/><G120/><T93/><D105/><U23/><E85/><V61/><F61/><W39/><G111/><T44/><D83/><U36/><E90/><V113/><N who="2" m="43057" /><V87/><DORA hai="19" /><F87/><W43/><G2/><AGARI ba="0,0" hai="0,2,3,92,94" m="16490,51786,43057" machi="2" ten="50,6400,0" yaku="28,2,20,1" doraHai="47,19" who="2" fromWho="3" sc="250,0,250,0,250,64,250,-64" /><INIT seed="1,0,0,5,5,105" ten="250,250,314,186" oya="1" hai0="3,43,130,73,121,95,6,76,111,103,83,71,79" hai1="135,44,16,107,116,38,0,119,88,42,26,27,70" hai2="47,69,4,31,78,64,63,112,36,127,28,97,77" hai3="60,24,102,80,128,89,15,52,75,2,48,122,66"/><U133/><E107/><V51/><F127/><W12/><G2/><T25/><D71/><U53/><E70/><V13/><F112/><W85/><G122/><T19/><D111/><U72/><E0/><V56/><F97/><W124/><G124/><T93/><D130/><U17/><E53/><V10/><F31/><W118/><G128/><T65/><D65/><U100/><E100/><V114/><F28/><W59/><G118/><N who="1" m="45098" /><E88/><V113/><F36/><W81/><G24/><N who="1" m="9258" /><E72/><V86/><F69/><W120/><G102/><T33/><D121/><U117/><N who="1" m="45106" /><U11/><DORA hai="98" /><E11/><V115/><F86/><W91/><G120/><T61/><D43/><AGARI ba="0,0" hai="4,10,13,43,47,51,56,63,64,77,78,113,114,115" machi="43" ten="40,1300,0" yaku="11,1" doraHai="105,98" who="2" fromWho="0" sc="250,-13,250,0,314,13,186,0" /><INIT seed="2,0,0,0,3,46" ten="237,250,327,186" oya="2" hai0="90,96,109,111,94,66,19,85,29,116,106,40,131" hai1="102,54,50,79,38,60,81,58,55,28,117,95,125" hai2="124,16,15,127,51,31,78,107,13,56,8,104,83" hai3="103,9,12,36,48,27,73,108,93,89,121,52,62"/><V0/><F0/><W32/><G121/><T5/><D5/><U33/><E117/><V70/><F70/><W113/><G36/><T53/><D29/><U69/><E125/><N who="2" m="48203" /><F31/><W76/><G108/><T80/><D66/><U68/><E38/><V86/><F15/><W132/><G132/><T4/><D40/><U115/><E115/><V105/><F105/><W43/><G113/><T34/><D34/><U37/><E37/><V57/><F57/><W20/><G32/><T128/><D19/><U41/><E41/><V18/><F18/><W61/><G103/><N who="0" m="62823" /><D4/><U71/><E28/><V24/><F24/><W64/><G76/><N who="0" m="46215" /><D53/><AGARI ba="0,0" hai="8,13,16,51,53,56,78,83,86,104,107" m="48203" machi="53" ten="30,5800,0" yaku="18,1,52,1,54,1" doraHai="46" who="2" fromWho="0" sc="237,-58,250,0,327,58,186,0" /><INIT seed="2,1,0,3,5,12" ten="179,250,385,186" oya="2" hai0="17,81,56,75,18,89,130,45,70,108,22,134,86" hai1="52,61,65,26,104,124,79,51,19,88,1,101,116" hai2="128,122,63,40,31,41,4,87,110,2,90,6,67" hai3="96,36,29,93,126,117,129,16,91,105,121,59,107"/><V24/><F122/><W82/><G121/><T97/><D70/><U39/><E1/><V133/><F133/><W76/><G117/><T115/><D115/><U72/><E39/><V38/><F128/><W35/><G36/><T3/><D3/><U25/><E116/><V123/><F123/><W68/><G68/><T135/><D75/><U78/><E72/><V37/><F37/><W30/><G129/><T32/><D32/><U21/><E104/><V95/><F110/><W53/><G126/><T5/><D5/><U44/><E101/><V109/><F109/><W10/><G107/><T23/><D45/><U66/><E124/><V11/><F4/><W34/><G105/><T120/><D108/><U77/><E61/><V85/><F85/><N who="3" m="48327" /><G34/><T83/><D130/><U55/><E55/><V7/><F7/><W127/><G35/><T49/><D120/><U8/><E8/><V111/><F38/><W54/><G127/><T27/><D83/><U9/><E9/><V74/><F74/><W94/><G94/><T64/><D97/><U48/><E48/><V20/><F111/><W98/><G98/><T100/><D100/><U73/><E73/><V119/><F119/><W50/><G53/><N who="0" m="31791" /><D64/><U113/><E113/><V0/><F2/><W71/><G71/><AGARI ba="1,0" hai="0,6,11,20,24,31,40,41,63,67,71,87,90,95" machi="71" ten="30,1500,0" yaku="7,1" doraHai="12" who="2" fromWho="3" sc="179,0,250,0,385,18,186,-18" /><INIT seed="2,2,0,3,5,42" ten="179,250,403,168" oya="2" hai0="21,101,131,65,96,73,51,94,102,15,87,52,98" hai1="24,110,29,49,90,106,34,88,92,134,31,59,7" hai2="20,114,123,25,107,64,115,86,41,111,55,50,58" hai3="9,37,76,100,39,8,3,19,46,132,32,47,99"/><V63/><F107/><W54/><G32/><T118/><D73/><U28/><E106/><V75/><F75/><W126/><G76/><T79/><D131/><U18/><E110/><V13/><F13/><W35/><G35/><T116/><D65/><U45/><E134/><V53/><F86/><W48/><G132/><T84/><D79/><U1/><E1/><V85/><F85/><W95/><G126/><T44/><D118/><U130/><E130/><V43/><F20/><W78/><G78/><T16/><D116/><U80/><E7/><V60/><F25/><W89/><G89/><T113/><D113/><N who="2" m="43018" /><F123/><W120/><G120/><T27/><D27/><U135/><E135/><V10/><F10/><W83/><G83/><T82/><D82/><U91/><E80/><V57/><F111/><W66/><G66/><T62/><D62/><U69/><E34/><V67/><F67/><W122/><G122/><T26/><D26/><U0/><E0/><V22/><F22/><W56/><G8/><T133/><D133/><U17/><E24/><V11/><F11/><W6/><REACH who="3" step="1"/><G19/><REACH who="3" ten="179,250,403,158" step="2"/><T81/><D81/><U108/><E17/><V125/><F125/><W40/><G40/><T97/><D97/><U14/><E18/><V109/><F109/><W112/><G112/><T2/><D2/><U38/><E91/><V4/><F4/><W104/><G104/><AGARI ba="2,1" hai="15,16,21,44,51,52,84,87,94,96,98,101,102,104" machi="104" ten="30,7700,0" yaku="7,1,52,1,54,2" doraHai="42" who="0" fromWho="3" sc="179,93,250,0,403,0,158,-83" /><INIT seed="3,0,0,4,4,73" ten="272,250,403,75" oya="3" hai0="97,133,74,41,12,16,40,116,55,93,126,75,127" hai1="99,32,76,14,53,68,62,107,135,96,89,39,22" hai2="105,94,110,25,13,35,100,43,48,78,17,37,15" hai3="83,10,103,23,84,51,86,57,60,52,7,71,34"/><W101/><G34/><T3/><D116/><U6/><E32/><V118/><F105/><W70/><G23/><N who="0" m="11655" /><D3/><U19/><E39/><V134/><F37/><W92/><G92/><T91/><D133/><U0/><E135/><V113/><F35/><W87/><G83/><T45/><D55/><U1/><E1/><V122/><F25/><W38/><G38/><N who="0" m="21655" /><D41/><U95/><E0/><V36/><F113/><W56/><G71/><T28/><D28/><U117/><E117/><V61/><F110/><W85/><N who="3" m="21504" /><DORA hai="123" /><W24/><G24/><T21/><D21/><U111/><E111/><V90/><F94/><W65/><REACH who="3" step="1"/><G70/><REACH who="3" ten="272,250,403,65" step="2"/><T8/><D8/><U26/><E26/><V44/><F36/><W72/><G72/><T27/><D27/><U114/><E68/><V120/><F134/><W9/><G9/><T33/><D33/><U67/><E95/><V79/><F118/><W47/><G47/><T20/><D20/><U131/><E131/><V125/><F44/><W81/><G81/><T5/><D74/><U98/><E22/><V29/><F122/><W2/><AGARI ba="0,1" hai="2,7,10,51,52,56,57,60,65,101,103" m="21504" machi="2" ten="40,7800,0" yaku="1,1,0,1,54,1,53,0" doraHai="73,123" doraHaiUra="129,124" who="3" fromWho="3" sc="272,-26,250,-26,403,-26,65,88" /><INIT seed="3,1,0,3,0,114" ten="246,224,377,153" oya="3" hai0="90,124,57,39,15,25,126,107,80,88,5,71,43" hai1="48,37,0,34,91,63,102,82,4,73,26,76,55" hai2="23,47,14,42,93,35,116,52,77,6,96,12,29" hai3="123,33,134,62,20,125,38,83,92,49,32,1,45"/><W78/><G123/><T3/><D107/><U22/><E37/><V67/><F116/><W75/><G125/><N who="0" m="48235" /><D71/><U10/><E34/><V51/><F35/><W117/><G134/><T9/><D57/><U66/><E102/><N who="2" m="60687" /><F67/><W41/><G1/><T89/><D25/><U54/><E48/><N who="2" m="26743" /><F77/><W113/><G113/><T50/><D50/><U128/><E128/><V112/><F6/><W46/><G117/><T8/><D80/><U133/><E91/><V115/><F115/><W104/><G104/><T95/><D43/><U131/><E131/><V87/><F87/><W111/><G111/><T69/><D69/><U129/><E129/><V61/><F61/><W81/><G62/><T99/><D39/><U120/><E120/><V58/><F112/><W44/><G81/><T31/><D31/><U79/><E79/><V86/><F86/><W19/><G92/><T101/><D9/><U130/><E130/><V65/><F65/><W68/><G68/><T72/><D72/><U132/><E66/><V94/><F94/><W74/><G74/><T27/><D27/><AGARI ba="1,0" hai="12,14,23,27,29,51,52,58" m="26743,60687" machi="27" ten="30,2000,0" yaku="8,1,54,1" doraHai="114" who="2" fromWho="0" sc="246,-23,224,0,377,23,153,0" owari="223,-17.7,224,2.4,400,50.0,153,-34.7" /></mjloggm>