<mjloggm ver="2.3"><GO type="225" lobby="0"/><UN n0="%73%61%6E%64%69%72%69%73" n1="%E5%8F%AF%E5%85%90%E9%82%A3%E7%94%B1%E5%A4%9A" n2="%E4%B8%AD%E5%B9%B4%E3%81%AE%E5%8D%B1%E6%A9%9F" n3="%E7%9C%9F%E4%B8%80" dan="16,16,17,17" rate="2136.42,2200.64,2199.05,2153.31" sx="M,F,M,M"/><TAIKYOKU oya="0"/><INIT seed="0,0,0,1,3,20" ten="250,250,250,250" oya="0" hai0="15,87,45,46,27,91,78,67,113,80,84,55,107" hai1="3,16,6,10,135,30,123,12,114,74,128,69,131" hai2="1,33,77,54,94,53,18,112,109,4,97,102,72" hai3="82,119,92,61,22,32,89,51,65,48,106,134,98"/><T5/><D107/><U34/><E69/><V132/><F112/><W121/><G119/><T79/><D113/><U99/><E74/><V57/><F109/><W8/><G32/><T101/><D101/><U83/><E83/><V9/><F132/><W105/><G134/><T14/><D67/><U81/><E81/><V58/><F72/><W50/><G121/><T75/><D75/><U28/><E135/><V120/><F120/><W76/><G8/><T70/><D70/><U23/><E114/><V13/><F77/><W37/><G37/><T43/><D55/><N who="2" m="21002" /><F33/><W0/><G0/><T127/><D127/><U126/><E123/><V110/><F1/><W133/><G133/><T44/><D43/><U111/><E99/><V7/><F110/><W11/><G11/><T62/><D62/><U125/><E111/><V122/><F122/><W31/><G31/><N who="1" m="11818" /><E34/><V64/><F64/><W36/><G22/><T71/><D71/><U129/><AGARI ba="0,0" hai="3,6,10,12,16,23,125,126,128,129,131" m="11818" machi="129" ten="40,8000,1" yaku="19,1,34,2,54,1" doraHai="20" who="1" fromWho="1" sc="250,-40,250,80,250,-20,250,-20" /><INIT seed="1,0,0,5,5,66" ten="210,330,230,230" oya="1" hai0="19,101,72,90,103,116,86,3,92,49,109,50,126" hai1="118,41,108,132,57,38,52,25,81,28,15,82,96" hai2="120,13,10,20,62,124,27,9,88,99,37,113,89" hai3="68,73,125,43,80,64,106,45,122,35,51,55,32"/><U94/><E118/><V17/><F120/><W0/><G122/><T110/><D3/><U8/><E132/><V60/><F37/><W26/><G106/><T58/><D116/><U131/><E131/><V14/><F113/><W29/><G125/><T69/><D72/><U24/><E108/><N who="0" m="41577" /><D126/><U91/><E41/><V16/><F124/><W135/><G135/><T123/><D123/><U61/><E38/><V105/><F105/><W59/><G0/><T6/><D6/><U2/><E2/><V76/><F76/><W134/><G134/><T107/><D107/><U42/><E42/><V117/><F117/><W83/><G35/><T31/><D31/><U44/><E44/><V40/><F40/><W21/><G32/><T102/><D58/><U84/><E28/><V78/><F78/><W130/><G73/><T7/><D7/><N who="1" m="3487" /><E82/><V98/><F20/><W22/><G22/><T71/><D19/><U63/><E61/><V70/><F27/><W48/><REACH who="3" step="1"/><G130/><REACH who="3" ten="210,330,230,220" step="2"/><T129/><D129/><U18/><E18/><V100/><REACH who="2" step="1"/><F70/><AGARI ba="0,1" hai="49,50,69,70,71,86,90,92,101,102,103" m="41577" machi="70" ten="40,8000,1" yaku="14,1,52,3" doraHai="66" who="0" fromWho="2" sc="210,90,330,0,230,-80,220,0" /><INIT seed="2,0,0,0,1,16" ten="300,330,150,220" oya="2" hai0="42,65,121,39,108,113,87,43,31,117,13,44,19" hai1="114,12,56,88,2,84,104,61,97,8,131,76,105" hai2="74,48,122,130,50,55,94,53,98,70,78,83,132" hai3="82,38,17,5,45,0,119,77,79,107,63,96,115"/><V116/><F122/><W118/><G115/><T28/><D113/><U90/><E114/><V112/><F112/><W124/><G17/><T54/><D121/><U60/><E2/><V25/><F116/><W99/><G77/><T72/><D72/><U73/><E73/><V64/><F132/><W68/><G124/><T91/><D117/><U125/><E125/><V110/><F130/><W86/><G99/><T59/><D108/><U135/><E135/><V33/><F110/><W3/><G3/><T129/><D65/><U75/><E75/><V47/><F70/><W111/><G111/><T57/><D43/><U93/><E76/><V109/><F109/><W100/><G63/><T35/><D35/><U1/><E1/><V51/><F64/><W120/><G68/><T80/><D59/><U4/><E131/><V66/><F66/><W10/><G120/><T26/><D26/><U106/><REACH who="1" step="1"/><E56/><REACH who="1" ten="300,320,150,220" step="2"/><V127/><F127/><W133/><G133/><T11/><REACH who="0" step="1"/><D129/><REACH who="0" ten="290,320,150,220" step="2"/><U101/><E101/><V95/><F47/><W92/><G45/><T126/><D126/><U32/><E32/><V30/><REACH who="2" step="1"/><F95/><AGARI ba="0,2" hai="4,8,12,60,61,84,88,90,93,95,97,104,105,106" machi="95" ten="40,2600,0" yaku="1,1,54,1,53,0" doraHai="16" doraHaiUra="21" who="1" fromWho="2" sc="290,0,320,46,150,-26,220,0" /><INIT seed="3,0,0,1,0,36" ten="290,366,124,220" oya="3" hai0="48,132,42,55,12,130,103,81,117,67,41,99,23" hai1="50,125,22,79,127,76,84,5,30,89,112,7,85" hai2="111,100,63,17,96,3,95,78,75,105,131,86,43" hai3="13,33,59,38,128,118,2,51,64,47,108,87,49"/><W80/><G2/><T0/><D0/><U121/><E112/><V24/><F3/><W60/><G118/><T26/><D117/><U62/><E121/><V71/><F111/><W58/><G33/><T129/><D67/><U102/><E102/><V35/><F131/><N who="0" m="50186" /><D12/><U66/><E50/><V65/><F17/><W61/><G108/><T32/><D81/><U114/><E114/><V126/><F126/><N who="1" m="48137" /><E22/><V37/><F95/><W135/><G135/><T21/><D32/><U91/><E30/><N who="2" m="19911" /><F86/><N who="1" m="33385" /><E91/><V53/><F53/><W19/><G38/><T56/><D132/><U133/><E89/><V122/><F78/><N who="1" m="29737" /><E133/><V119/><F119/><W14/><G128/><T54/><D54/><U106/><E106/><V92/><F92/><W116/><G116/><T34/><D34/><U104/><E104/><V52/><F52/><N who="3" m="29759" /><G51/><T69/><D69/><AGARI ba="0,0" hai="5,7,62,66,69" m="29737,33385,48137" machi="69" ten="30,1000,0" yaku="18,1" doraHai="36" who="1" fromWho="0" sc="290,-10,366,10,124,0,220,0" owari="280,8.0,376,47.6,124,-37.6,220,-18.0" /></mjloggm>