<mjloggm ver="2.3"><GO type="225" lobby="0"/><UN n0="%E3%82%BF%E3%83%BC%E3%83%90%E3%83%B3%E9%87%8E%E5%8F%A3" n1="%E3%81%BF%E3%81%BF%E3%81%9A" n2="%72%61%6B%33" n3="%4B%2E%32%2E%4B%2E" dan="16,16,16,17" rate="2110.88,2160.94,2096.97,2186.30" sx="M,M,M,M"/><TAIKYOKU oya="0"/><INIT seed="0,0,0,4,5,45" ten="250,250,250,250" oya="0" hai0="22,82,98,88,3,18,32,115,14,56,84,127,133" hai1="71,21,63,2,6,16,39,53,107,120,73,119,59" hai2="50,130,83,134,66,17,112,61,103,131,34,86,5" hai3="85,33,79,74,44,46,49,69,67,123,19,54,122"/><T43/><D115/><U58/><E119/><V77/><F112/><W108/><G33/><T41/><D3/><U78/><E120/><N who="3" m="46122" /><G74/><T104/><D133/><U76/><E107/><V116/><F134/><W65/><G19/><T13/><D32/><U81/><E39/><V117/><F34/><W30/><G30/><T36/><D127/><U51/><E71/><V0/><F103/><W60/><G85/><T48/><D36/><U29/><E29/><V1/><F17/><W89/><G89/><T97/><D13/><U94/><E94/><V90/><F90/><W111/><G79/><T62/><D104/><U110/><E78/><V4/><F5/><W75/><G75/><T113/><D113/><U40/><E40/><N who="0" m="15433" /><D48/><U102/><E102/><V109/><F1/><W80/><G80/><T135/><D135/><U106/><E106/><V126/><F0/><W38/><G67/><AGARI ba="0,0" hai="14,18,22,56,62,67,82,84,88,97,98" m="15433" machi="67" ten="30,2900,0" yaku="8,1,54,1" doraHai="45" who="0" fromWho="3" sc="250,29,250,0,250,0,250,-29" /><INIT seed="0,1,0,1,1,29" ten="279,250,250,221" oya="0" hai0="89,45,49,40,13,83,14,78,8,92,67,133,34" hai1="51,16,70,84,85,56,19,100,108,17,131,33,10" hai2="119,97,9,23,128,2,48,52,71,121,47,120,73" hai3="36,5,122,112,115,63,123,42,129,124,79,32,27"/><T15/><D133/><U90/><E70/><V106/><F73/><W26/><G79/><T0/><D67/><U127/><E33/><V135/><F135/><W94/><G63/><T44/><D34/><U43/><E108/><V66/><F128/><W74/><G74/><T99/><D44/><N who="1" m="26015" /><E131/><V113/><F113/><N who="3" m="43595" /><G94/><T116/><D116/><U109/><E109/><V62/><F119/><W69/><G69/><T95/><D95/><N who="1" m="54727" /><E127/><V96/><F23/><W55/><G55/><T134/><D0/><U111/><E111/><V88/><F106/><W105/><G105/><T65/><D65/><U82/><E100/><V118/><F118/><W110/><G110/><T81/><D134/><U93/><E93/><V18/><F88/><W25/><G129/><T126/><D126/><U87/><E56/><V11/><F2/><W22/><G124/><T107/><D107/><U132/><E132/><V57/><F71/><W7/><G32/><T125/><D125/><U72/><E72/><V77/><F77/><W1/><G1/><T39/><D39/><U28/><E28/><V21/><F97/><W37/><G42/><T31/><D31/><U38/><E38/><N who="3" m="14954" /><G22/><T101/><D101/><U3/><E82/><N who="0" m="31241" /><D78/><U60/><E60/><V68/><F68/><W75/><G75/><T103/><D103/><U61/><E61/><V80/><F80/><W91/><G91/><T30/><D30/><U12/><E3/><V104/><F104/><W130/><G130/><T59/><D59/><U58/><E58/><V98/><F66/><W53/><G53/><T50/><D50/><U4/><AGARI ba="1,0" hai="4,10,12,16,17,19,85,87" m="54727,26015" machi="4" ten="30,4000,0" yaku="5,1,8,1,54,1" doraHai="29" who="1" fromWho="1" sc="279,-21,250,43,250,-11,221,-11" /><INIT seed="1,0,0,3,0,1" ten="258,293,239,210" oya="1" hai0="77,135,99,6,126,38,91,23,55,128,79,125,97" hai1="81,66,8,49,68,95,26,24,60,19,61,63,109" hai2="11,46,2,76,20,102,15,31,114,70,52,10,3" hai3="131,115,43,64,107,34,40,9,56,62,92,108,101"/><U106/><E106/><V37/><F70/><W82/><G107/><T117/><D38/><U100/><E109/><V13/><F114/><W16/><G115/><T120/><D117/><U124/><E124/><N who="0" m="47721" /><D135/><U36/><E36/><V72/><F102/><W118/><G34/><T44/><D128/><U5/><E81/><V53/><F20/><W90/><G131/><T84/><D23/><U129/><E129/><V87/><F87/><W89/><G108/><T12/><D44/><U51/><E68/><V112/><F46/><W88/><G118/><T59/><D12/><N who="1" m="5135" /><E66/><V83/><F37/><W94/><G82/><N who="0" m="49559" /><D6/><U4/><E4/><V0/><F112/><W50/><G50/><N who="1" m="18954" /><E19/><V18/><REACH who="2" step="1"/><F31/><REACH who="2" ten="258,293,229,210" step="2"/><W86/><G101/><T75/><D120/><U58/><E58/><V123/><F123/><W133/><G133/><T65/><D75/><U48/><E48/><V105/><F105/><W130/><G130/><T96/><D96/><AGARI ba="0,1" hai="24,26,60,61,63,95,96,100" m="18954,5135" machi="96" ten="30,2900,0" yaku="8,1,52,1" doraHai="1" who="1" fromWho="0" sc="258,-29,293,39,229,0,210,0" /><INIT seed="1,1,0,3,2,51" ten="229,332,229,210" oya="1" hai0="93,35,53,124,125,135,130,83,1,89,132,85,22" hai1="18,27,108,123,56,98,15,116,126,13,44,66,70" hai2="62,11,60,107,33,21,94,63,8,86,74,120,111" hai3="95,30,80,3,39,78,77,106,101,103,29,41,19"/><U46/><E116/><V131/><F33/><W122/><G3/><T64/><D35/><U43/><E123/><V67/><F74/><W6/><G106/><T87/><D1/><U47/><E70/><V114/><F107/><W127/><G6/><T2/><D2/><U32/><E108/><V76/><F120/><W12/><G122/><T121/><D64/><U17/><E126/><N who="0" m="48745" /><D22/><U4/><E32/><V112/><F131/><W5/><G5/><T37/><D37/><U81/><E43/><V133/><F111/><W58/><G41/><T118/><D53/><U61/><E4/><V7/><F67/><W14/><G39/><T31/><D31/><U23/><E98/><V128/><F128/><W110/><G30/><T102/><D121/><U91/><E17/><V72/><F7/><W119/><G29/><T24/><D24/><U79/><REACH who="1" step="1"/><E91/><REACH who="1" ten="229,322,229,210" step="2"/><V96/><F96/><W16/><G110/><T36/><D118/><U109/><E109/><V88/><F88/><W92/><G127/><T129/><D102/><U25/><E25/><V71/><F71/><W65/><G119/><T50/><D36/><U57/><E57/><V82/><F114/><W26/><G26/><T34/><D34/><U117/><E117/><V84/><F112/><W100/><G100/><T55/><D130/><U73/><AGARI ba="1,1" hai="13,15,18,23,27,44,46,47,56,61,66,73,79,81" machi="73" ten="30,3000,0" yaku="1,1,0,1,53,0" doraHai="51" doraHaiUra="49" who="1" fromWho="1" sc="229,-11,322,43,229,-11,210,-11" /><INIT seed="1,2,0,5,4,101" ten="218,365,218,199" oya="1" hai0="20,40,76,113,93,124,74,79,88,98,13,61,56" hai1="114,89,97,118,23,123,99,25,9,102,27,131,84" hai2="129,80,105,51,120,55,15,119,37,90,28,52,22" hai3="128,87,6,67,12,106,35,26,30,69,33,112,60"/><U17/><E17/><V62/><F37/><W38/><G112/><T24/><D113/><U34/><E34/><BYE who="1" /><V125/><F105/><W83/><G38/><T72/><D124/><U32/><E32/><V122/><F125/><W42/><G42/><T31/><D40/><U46/><E46/><V18/><F129/><W95/><G33/><T94/><D74/><U48/><E48/><V92/><F119/><W50/><G50/><T16/><D72/><U64/><E64/><V65/><F80/><W91/><G128/><T81/><D81/><U116/><E116/><V66/><F28/><W49/><G49/><T133/><D133/><U109/><E109/><V47/><F55/><W36/><G36/><T11/><REACH who="0" step="1"/><D94/><REACH who="0" ten="208,365,218,199" step="2"/><U104/><E104/><V111/><F111/><W54/><G106/><T8/><D8/><U100/><E100/><V107/><F107/><W134/><G134/><T58/><D58/><U126/><E126/><V78/><F92/><W53/><REACH who="3" step="1"/><G83/><REACH who="3" ten="208,365,218,189" step="2"/><T19/><D19/><U63/><E63/><V4/><F62/><W85/><G85/><T43/><D43/><U2/><E2/><V75/><F18/><W115/><G115/><T21/><D21/><U0/><E0/><V45/><F22/><W68/><G68/><T86/><D86/><U29/><E29/><V71/><F71/><W110/><G110/><T39/><D39/><U96/><E96/><V130/><F75/><W132/><G132/><T7/><D7/><U14/><E14/><V5/><F15/><W3/><G3/><T70/><D70/><U41/><E41/><N who="2" m="25007" /><F4/><W44/><G44/><RYUUKYOKU ba="2,2" sc="208,15,365,-15,218,-15,189,15" hai0="11,13,16,20,24,31,56,61,76,79,88,93,98" hai3="6,12,26,30,35,53,54,60,67,69,87,91,95" /><INIT seed="2,3,2,4,3,32" ten="223,350,203,204" oya="2" hai0="92,25,96,10,31,17,20,97,83,16,119,129,73" hai1="71,124,29,114,6,66,75,30,14,76,122,128,15" hai2="88,21,7,110,74,2,3,9,84,82,123,87,125" hai3="104,78,50,108,115,38,106,1,13,101,107,18,52"/><V64/><F123/><W55/><G38/><T8/><D129/><U47/><E47/><V93/><F74/><W26/><G108/><T89/><D119/><U43/><E43/><V69/><F110/><W42/><G115/><T68/><D68/><U90/><E90/><V121/><F121/><W79/><G101/><T51/><D73/><U40/><E40/><V62/><F125/><W70/><G70/><T81/><D51/><U77/><E77/><V0/><REACH who="2" step="1"/><F21/><REACH who="2" ten="223,350,193,204" step="2"/><W63/><G104/><T117/><D117/><U99/><E99/><V33/><F33/><W134/><G106/><T39/><D97/><U44/><E44/><V67/><F67/><W59/><G107/><T19/><D39/><U57/><E57/><V65/><F65/><W91/><G59/><T4/><REACH who="0" step="1"/><D8/><REACH who="0" ten="213,350,193,204" step="2"/><U28/><E28/><V36/><F36/><W58/><G134/><T118/><D118/><U120/><E120/><V113/><F113/><W11/><G11/><T5/><D5/><U109/><E109/><V111/><F111/><W24/><G58/><T61/><D61/><U60/><E60/><V12/><F12/><AGARI ba="3,4" hai="4,10,12,16,17,19,20,25,31,81,83,89,92,96" machi="12" ten="40,5200,0" yaku="1,1,8,1,54,1,53,0" doraHai="32" doraHaiUra="105" who="0" fromWho="2" sc="213,101,350,0,193,-61,204,0" /><INIT seed="3,0,0,1,5,61" ten="314,350,132,204" oya="3" hai0="66,100,60,22,15,128,76,122,27,124,13,130,69" hai1="39,52,93,7,111,91,114,89,107,26,51,85,123" hai2="108,87,3,24,97,12,70,5,34,82,121,72,16" hai3="117,112,2,56,37,109,41,131,126,4,40,103,36"/><W113/><G103/><T68/><D122/><U14/><E14/><V58/><F70/><W62/><G2/><T106/><D76/><U134/><E134/><V79/><F121/><W19/><G4/><T67/><D100/><U74/><E74/><V54/><F108/><W110/><G19/><N who="0" m="12767" /><D106/><U127/><E127/><V64/><F97/><W104/><G104/><T35/><D35/><U80/><E80/><V83/><F3/><W44/><G117/><T133/><D133/><U120/><E120/><V23/><F34/><W135/><G135/><T6/><D124/><U84/><E84/><V50/><F72/><W129/><G126/><T33/><D33/><U47/><E47/><V18/><F82/><W45/><G62/><N who="0" m="40023" /><D6/><U25/><E25/><V105/><F105/><W11/><G11/><T49/><D49/><U95/><E95/><V102/><F102/><W115/><G115/><T43/><D43/><U88/><E88/><V53/><F5/><W0/><G0/><T71/><D71/><U20/><E20/><N who="2" m="11335" /><F54/><W119/><G119/><T98/><D98/><U90/><E90/><V38/><F38/><W28/><G28/><T63/><D63/><U29/><E29/><V30/><F30/><W31/><G31/><T92/><D92/><U1/><E1/><V118/><F118/><W8/><G8/><T77/><D77/><U59/><E59/><AGARI ba="0,0" hai="36,37,40,41,44,45,56,59,109,110,112,113,129,131" machi="59" ten="25,12000,1" yaku="22,2,34,3" doraHai="61" who="3" fromWho="1" sc="314,0,350,-120,132,0,204,120" owari="314,11.4,230,-17.0,132,-36.8,324,42.4" /></mjloggm>