<mjloggm ver="2.3"><GO type="225" lobby="0"/><UN n0="%73%69%72%6F%75%74" n1="%72%69%6F%75%63%68%61%6E" n2="%E9%A2%A8%E3%81%A7%E9%B3%B4%E3%81%8F" n3="%E6%B8%A9%E2%98%85%E6%83%85%E2%98%85%E6%8E%AA%E2%98%85%E7%BD%AE" dan="16,17,16,17" rate="2073.57,2260.08,2130.32,2122.09" sx="M,M,M,M"/><TAIKYOKU oya="0"/><INIT seed="0,0,0,0,2,124" ten="250,250,250,250" oya="0" hai0="81,71,99,56,125,53,107,133,27,42,82,84,118" hai1="19,15,90,117,37,92,62,10,104,85,76,21,86" hai2="80,44,33,127,91,18,108,7,89,70,119,4,46" hai3="77,66,52,112,8,64,135,61,83,45,57,6,123"/><T97/><D71/><U73/><E117/><V36/><F70/><W114/><G135/><T55/><D118/><U11/><E37/><V88/><F33/><W111/><G111/><T22/><D125/><U41/><E41/><V95/><F108/><W5/><G123/><T116/><D116/><U72/><E104/><V43/><F119/><W31/><G31/><T59/><D133/><U74/><REACH who="1" step="1"/><E62/><REACH who="1" ten="250,240,250,250" step="2"/><V128/><F127/><W24/><G114/><T69/><D42/><U65/><E65/><V79/><F36/><W34/><G66/><T13/><D107/><U78/><E78/><V102/><F43/><W122/><G112/><T105/><D105/><U51/><E51/><V101/><F79/><W110/><G122/><T126/><D126/><U60/><E60/><V28/><F95/><W29/><G110/><T63/><D81/><AGARI ba="0,1" hai="10,11,15,19,21,72,73,74,76,81,85,86,90,92" machi="81" ten="40,1300,0" yaku="1,1,53,0" doraHai="124" doraHaiUra="115" who="1" fromWho="0" sc="250,-13,240,23,250,0,250,0" /><INIT seed="1,0,0,3,1,87" ten="237,263,250,250" oya="1" hai0="135,72,0,63,93,99,45,88,61,11,57,94,121" hai1="28,128,1,24,79,74,30,60,75,111,119,107,80" hai2="47,67,62,55,114,78,100,83,36,38,113,105,84" hai3="27,120,103,106,117,6,116,48,118,31,21,132,64"/><U42/><E119/><V73/><F73/><W53/><G120/><T16/><D72/><U130/><E107/><V109/><F109/><W81/><G132/><T37/><D135/><U23/><E111/><V50/><F100/><W58/><G6/><T4/><D121/><U46/><E1/><V13/><F13/><W29/><G64/><T54/><D16/><N who="1" m="12391" /><E60/><V71/><REACH who="2" step="1"/><F105/><REACH who="2" ten="237,263,240,250" step="2"/><W49/><G103/><T126/><D126/><U112/><E74/><V125/><F125/><W76/><G106/><T41/><D94/><U85/><E75/><V59/><F59/><W2/><G2/><T90/><D63/><U69/><E69/><V9/><F9/><W12/><G12/><T68/><D68/><U102/><E102/><AGARI ba="0,1" hai="0,4,11,37,41,45,54,57,61,88,90,93,99,102" machi="102" ten="30,7700,0" yaku="7,1,52,2,54,1" doraHai="87" who="0" fromWho="1" sc="237,87,263,-77,240,0,250,0" /><INIT seed="2,0,0,2,5,115" ten="324,186,240,250" oya="2" hai0="58,78,125,107,121,127,42,66,37,10,94,52,22" hai1="93,131,120,48,90,122,80,60,33,92,82,29,55" hai2="113,103,112,21,132,68,30,104,49,40,101,100,116" hai3="56,57,36,95,16,27,76,63,118,91,12,54,111"/><V26/><F104/><W129/><G111/><T4/><D107/><U123/><E131/><V110/><F68/><W89/><G129/><T96/><D121/><N who="1" m="30979" /><U130/><DORA hai="44" /><E130/><V88/><F110/><W62/><G36/><T5/><D66/><U14/><E60/><V124/><F116/><W3/><G118/><T41/><D78/><U117/><E117/><V32/><F124/><N who="0" m="47690" /><D22/><U34/><E14/><V98/><F132/><W114/><G3/><N who="0" m="287" /><D5/><U133/><E133/><V35/><F35/><N who="1" m="13321" /><E29/><V84/><F32/><W79/><G27/><T75/><D75/><U38/><E38/><V67/><F67/><N who="3" m="39367" /><G114/><T19/><D19/><U28/><E28/><V23/><F113/><W47/><G16/><T15/><D15/><U71/><E71/><V45/><F112/><W24/><G12/><T31/><D31/><U53/><E53/><V39/><F39/><W46/><G24/><T99/><D99/><N who="1" m="57751" /><E93/><N who="2" m="58447" /><F21/><W6/><G95/><AGARI ba="0,0" hai="23,26,30,40,45,49,84,88,95,101,103" m="58447" machi="95" ten="30,5800,0" yaku="8,1,52,1,54,1" doraHai="115,44" who="2" fromWho="3" sc="324,0,186,0,240,58,250,-58" /><INIT seed="2,1,0,4,2,1" ten="324,186,298,192" oya="2" hai0="82,83,35,18,87,41,65,0,58,27,21,31,102" hai1="96,26,95,126,135,64,128,109,70,73,80,120,115" hai2="12,131,13,103,43,17,39,56,57,104,84,22,114" hai3="94,67,25,45,121,53,125,62,75,72,85,105,3"/><V51/><F114/><W106/><G121/><T4/><D41/><U11/><E115/><V119/><F119/><W90/><G3/><T60/><D102/><U113/><E113/><V112/><F39/><W88/><G125/><T74/><D74/><U42/><E126/><V9/><F112/><W79/><G79/><T47/><D47/><U30/><E120/><V117/><F117/><W89/><G75/><T29/><D83/><U14/><E109/><V48/><F104/><W61/><G72/><T134/><D134/><U86/><E73/><V122/><F103/><W54/><G106/><T38/><D38/><U34/><E135/><V7/><F122/><W99/><G105/><T63/><D63/><N who="3" m="24073" /><G67/><T16/><D31/><U37/><E70/><V32/><F32/><W23/><G45/><T110/><D110/><U24/><E64/><V124/><F131/><W107/><G107/><T19/><D35/><U123/><E128/><V59/><F124/><W10/><G10/><T92/><D92/><U129/><E129/><V127/><F127/><W15/><G15/><T8/><D29/><U2/><E123/><V20/><F43/><W44/><G44/><T46/><D46/><N who="1" m="23887" /><E2/><V69/><F69/><W133/><G133/><T66/><D65/><U91/><E30/><V132/><F132/><W6/><G6/><T76/><AGARI ba="1,0" hai="0,4,8,16,18,19,21,27,58,60,66,76,82,87" machi="76" ten="20,5200,0" yaku="0,1,7,1,52,1,54,1" doraHai="1" who="0" fromWho="0" sc="324,55,186,-14,298,-27,192,-14" /><INIT seed="3,0,0,1,4,37" ten="379,172,271,178" oya="3" hai0="87,90,58,99,114,76,74,73,29,47,15,113,129" hai1="18,118,48,80,26,14,75,66,64,63,30,106,132" hai2="12,81,97,88,43,92,35,107,109,98,89,83,16" hai3="39,20,42,120,84,110,50,68,13,10,51,116,105"/><W5/><G116/><T52/><D29/><U126/><E106/><V33/><F109/><W8/><G120/><T96/><D47/><U127/><E118/><V11/><F107/><W111/><G68/><T3/><D3/><U65/><E132/><V94/><F35/><W24/><G105/><T119/><D119/><U100/><E100/><V23/><F33/><W123/><G123/><T28/><D28/><U53/><E63/><V38/><F38/><W69/><G69/><T102/><D15/><U46/><E75/><V71/><F71/><W78/><G10/><T108/><D108/><N who="3" m="41513" /><G84/><T40/><D129/><U57/><E80/><V130/><F130/><W91/><G91/><T59/><D87/><U70/><E70/><V1/><F1/><W95/><G78/><T0/><D90/><U101/><E101/><V133/><F133/><W93/><G39/><T34/><D76/><U21/><REACH who="1" step="1"/><E57/><REACH who="1" ten="379,162,271,178" step="2"/><V124/><F92/><N who="3" m="35403" /><G42/><T27/><D102/><U121/><E121/><V17/><F94/><W72/><G72/><T4/><D74/><U54/><E54/><V112/><F43/><W67/><G67/><T7/><D40/><U32/><AGARI ba="0,1" hai="14,18,21,26,30,32,46,48,53,64,65,66,126,127" machi="32" ten="30,8000,1" yaku="1,1,0,1,53,3" doraHai="37" doraHaiUra="61" who="1" fromWho="1" sc="379,-20,162,90,271,-20,178,-40" owari="359,45.9,252,5.2,251,-14.9,138,-36.2" /></mjloggm>