<mjloggm ver="2.3"><GO type="225" lobby="0"/><UN n0="%E6%B8%A9%E2%98%85%E6%83%85%E2%98%85%E6%8E%AA%E2%98%85%E7%BD%AE" n1="%E5%91%89%E5%AF%8C%E6%98%A5" n2="%E5%A4%9C%E3%81%AE%E3%82%AC%E3%82%B9%E3%83%91%E3%83%BC%E3%83%AB" n3="%6D%61%74%69%67%75%73%61" dan="17,16,16,17" rate="2219.82,2115.03,2114.73,2214.74" sx="M,M,M,M"/><TAIKYOKU oya="0"/><INIT seed="0,0,0,5,3,85" ten="250,250,250,250" oya="0" hai0="132,107,35,63,121,82,37,118,46,34,93,42,20" hai1="83,12,116,96,30,81,57,17,71,87,49,119,1" hai2="76,22,72,115,2,55,129,94,11,66,101,92,59" hai3="123,112,18,131,74,25,29,135,21,114,113,100,78"/><T9/><D118/><U8/><E71/><V27/><F115/><W0/><G100/><T133/><D121/><U5/><E30/><V44/><F129/><W126/><G78/><T102/><D107/><U54/><E96/><V48/><F101/><W38/><G38/><T98/><D20/><U108/><E108/><V97/><F72/><W77/><G77/><T4/><D63/><U53/><E53/><V73/><F73/><W105/><G74/><T80/><D35/><U47/><E57/><V124/><F76/><W65/><G135/><N who="0" m="51787" /><D34/><U39/><E39/><V89/><F124/><W6/><G21/><T117/><D117/><U62/><E62/><V40/><F66/><W64/><G64/><T61/><D61/><U90/><REACH who="1" step="1"/><E83/><REACH who="1" ten="250,240,250,250" step="2"/><V19/><F59/><W43/><G65/><T50/><D37/><U14/><E14/><AGARI ba="0,1" hai="4,9,14,42,46,50,80,82,93,98,102" m="51787" machi="14" ten="30,1500,0" yaku="20,1" doraHai="85" who="0" fromWho="1" sc="250,25,240,-15,250,0,250,0" /><INIT seed="0,1,0,3,2,102" ten="275,225,250,250" oya="0" hai0="132,3,25,27,58,68,55,63,114,62,44,19,46" hai1="52,124,5,71,70,129,75,45,24,74,90,111,47" hai2="49,50,79,54,77,14,32,134,37,133,56,122,101" hai3="98,113,110,38,92,107,10,104,87,65,108,67,66"/><T83/><D114/><U89/><E124/><V16/><F37/><W22/><G113/><T109/><D3/><U2/><E111/><N who="3" m="42538" /><G38/><T84/><D109/><U115/><E115/><V72/><F122/><W73/><G73/><T35/><D132/><N who="2" m="50794" /><F32/><W53/><G87/><T4/><D4/><U15/><E2/><V95/><F50/><W48/><G22/><T94/><D94/><U51/><E129/><V116/><F72/><W64/><N who="3" m="16384" /><DORA hai="85" /><W9/><G9/><T42/><D68/><U106/><E106/><V6/><F6/><W18/><G18/><T8/><D8/><N who="1" m="4495" /><E74/><V39/><F39/><W43/><G43/><T125/><D19/><U0/><E0/><V60/><F116/><W128/><G10/><T69/><D42/><N who="1" m="25015" /><E75/><V20/><F49/><W82/><G128/><T99/><D69/><U119/><E119/><V131/><F131/><W96/><G82/><T126/><D83/><U105/><E105/><N who="3" m="40522" /><G92/><T118/><D118/><U31/><E70/><V12/><F12/><W21/><G21/><T127/><D127/><U76/><E71/><V23/><F23/><W123/><G123/><T130/><D130/><U1/><E1/><V29/><F95/><W11/><G11/><T78/><D126/><U13/><E13/><V86/><F14/><W34/><G34/><T80/><D35/><U30/><E76/><V61/><F79/><W97/><G97/><T135/><D125/><U112/><E112/><V36/><F36/><W88/><G88/><N who="1" m="33898" /><E24/><N who="0" m="9289" /><D135/><U17/><E17/><V57/><F16/><W59/><AGARI ba="1,0" hai="48,53,59,96,98" m="40522,16384,42538" machi="59" ten="50,8000,1" yaku="14,1,52,3" doraHai="102,85" who="3" fromWho="3" sc="275,-41,225,-21,250,-21,250,83" /><INIT seed="1,0,0,0,5,23" ten="234,204,229,333" oya="1" hai0="79,122,103,60,69,80,96,125,5,54,99,102,0" hai1="126,22,110,91,74,82,119,14,38,81,95,52,100" hai2="133,93,127,123,84,87,43,56,12,114,17,8,90" hai3="21,31,28,97,42,68,35,109,53,107,4,49,85"/><U86/><E119/><V1/><F123/><W46/><G68/><T61/><D122/><U55/><E38/><V25/><F127/><W134/><G109/><T124/><D5/><U37/><E37/><V30/><F133/><W59/><G35/><T111/><D0/><U29/><E126/><N who="0" m="48745" /><D111/><U26/><E110/><V34/><F114/><W116/><G134/><T36/><D36/><U58/><E74/><V117/><F43/><W20/><G85/><N who="0" m="48287" /><D54/><N who="1" m="20523" /><E58/><V51/><F56/><W18/><G4/><T88/><D69/><U44/><E44/><V67/><F67/><W105/><G59/><T33/><D33/><U135/><E135/><V71/><F71/><W3/><G46/><T104/><D88/><U75/><E75/><V120/><F120/><W129/><G3/><T66/><D66/><U50/><E50/><V40/><F1/><W63/><G49/><T7/><D7/><U32/><E32/><V64/><F64/><W65/><G65/><T108/><D108/><U72/><E72/><V98/><REACH who="2" step="1"/><F117/><REACH who="2" ten="234,204,219,333" step="2"/><W131/><G116/><T45/><D45/><AGARI ba="0,1" hai="8,12,17,25,30,34,40,45,51,84,87,90,93,98" machi="45" ten="40,5200,0" yaku="1,1,2,1,52,1,53,0" doraHai="23" doraHaiUra="115" who="2" fromWho="0" sc="234,-52,204,0,219,62,333,0" /><INIT seed="2,0,0,0,2,9" ten="182,204,281,333" oya="2" hai0="42,37,71,60,39,6,59,122,16,64,131,125,70" hai1="43,36,67,53,13,96,31,55,57,0,85,17,110" hai2="84,108,135,19,107,106,89,78,69,124,27,86,99" hai3="52,75,109,111,118,65,103,112,128,104,120,94,26"/><V117/><F69/><N who="0" m="26122" /><D6/><U35/><E0/><V47/><F117/><W45/><G45/><N who="0" m="23759" /><D16/><U14/><E110/><V46/><F108/><W72/><G128/><T82/><D82/><U33/><E36/><V7/><F124/><W15/><G120/><T97/><D97/><U56/><E43/><V127/><F127/><W44/><G112/><T129/><D125/><U18/><E96/><V5/><F135/><W20/><G94/><T77/><D77/><U98/><E98/><V30/><F19/><W28/><G20/><T10/><D10/><U68/><E68/><V61/><F61/><W83/><G83/><T29/><D29/><U51/><E67/><V66/><F66/><W8/><G65/><T133/><D122/><U80/><E31/><V95/><F78/><W90/><G104/><T24/><D24/><U130/><E130/><N who="0" m="49673" /><D39/><U25/><E25/><V132/><F7/><W1/><G26/><T119/><D119/><U126/><E126/><V49/><F5/><W102/><G28/><T4/><D4/><U73/><E73/><V11/><F11/><W41/><G8/><T116/><D116/><U32/><E18/><V88/><F106/><W134/><G72/><T101/><D101/><U74/><E17/><V63/><F107/><W114/><G103/><T113/><D113/><U87/><E74/><V22/><F89/><W115/><G90/><T93/><D93/><U12/><E80/><V40/><F99/><W123/><G114/><T91/><D133/><U34/><N who="1" m="8192" /><DORA hai="100" /><U105/><E105/><V2/><F132/><W50/><G134/><T121/><D121/><RYUUKYOKU ba="0,0" sc="182,15,204,15,281,-15,333,-15" hai0="59,60,64,91" hai1="12,13,14,51,53,55,56,57,85,87" /><INIT seed="3,1,0,5,4,69" ten="197,219,266,318" oya="3" hai0="43,38,104,98,50,116,30,120,5,115,52,81,108" hai1="31,73,3,49,55,128,33,53,117,23,47,101,100" hai2="48,22,11,122,65,7,42,72,60,36,66,113,21" hai3="124,54,129,82,18,39,118,105,10,2,71,131,4"/><W9/><G105/><T34/><D116/><U63/><E73/><V17/><F113/><W56/><G71/><T61/><D120/><U19/><E3/><V20/><F72/><W102/><G102/><T67/><D115/><U59/><E117/><V91/><F122/><W119/><G39/><T86/><D5/><U133/><E133/><V121/><F36/><W75/><G124/><T111/><D30/><U77/><E128/><N who="3" m="49226" /><G18/><T87/><D34/><U83/><E33/><V97/><F121/><W68/><G10/><T132/><D132/><U90/><E31/><V109/><F109/><N who="0" m="42058" /><D43/><U8/><E8/><V130/><F130/><W85/><G68/><N who="0" m="42095" /><D38/><U110/><E110/><V32/><F32/><W70/><G70/><T92/><D81/><U134/><E134/><V41/><F17/><W126/><G126/><T99/><D99/><U112/><E112/><V13/><F42/><W25/><G25/><T89/><D104/><U114/><E114/><V107/><F60/><N who="3" m="35863" /><G75/><T46/><AGARI ba="1,0" hai="46,50,52,86,87,89,92,98" m="42095,42058" machi="46" ten="30,2000,0" yaku="14,1,54,1" doraHai="69" who="0" fromWho="0" sc="197,23,219,-6,266,-6,318,-11" owari="220,-18.0,213,-28.7,260,6.0,307,40.7" /></mjloggm>