<mjloggm ver="2.3"><GO type="225" lobby="0"/><UN n0="%6B%65%6E%6E%64%69" n1="%E5%8F%AF%E5%85%90%E9%82%A3%E7%94%B1%E5%A4%9A" n2="%E3%81%86%E3%83%BC%E3%81%B1%E3%83%BC" n3="%E3%82%BC%E3%83%AB%E3%83%80%E3%81%AE%E4%BC%9D%E8%AA%AC" dan="16,16,17,17" rate="2196.85,2194.75,2175.20,2214.43" sx="M,F,F,M"/><TAIKYOKU oya="0"/><INIT seed="0,0,0,3,2,14" ten="250,250,250,250" oya="0" hai0="69,122,79,102,129,131,56,110,82,84,67,89,58" hai1="35,12,54,9,95,8,101,73,108,91,118,47,15" hai2="130,44,21,45,90,32,107,31,51,93,65,48,20" hai3="78,75,49,104,37,10,94,59,135,46,85,64,88"/><T127/><D122/><U92/><E118/><V83/><F107/><W43/><G135/><T99/><D69/><U71/><E35/><V7/><F130/><N who="0" m="49674" /><D127/><U26/><E108/><V74/><F65/><W120/><G120/><T55/><D67/><U4/><E71/><V114/><F7/><W11/><G104/><N who="0" m="63583" /><D110/><U98/><E73/><V112/><F32/><W70/><G75/><N who="0" m="43391" /><D55/><U113/><E113/><V28/><F112/><W61/><G78/><T5/><D5/><U39/><E26/><V62/><F114/><W41/><G41/><T103/><D103/><U134/><E134/><V50/><F74/><W72/><G72/><T87/><D87/><U23/><E39/><V126/><F126/><W100/><G100/><T17/><D17/><N who="1" m="10687" /><E4/><V133/><F133/><W19/><G19/><T13/><D13/><U128/><E12/><V117/><F31/><W53/><AGARI ba="0,0" hai="10,11,37,43,46,49,53,59,61,64,70,85,88,94" machi="53" ten="30,7900,0" yaku="0,1,24,2,54,1" doraHai="14" who="3" fromWho="3" sc="250,-39,250,-20,250,-20,250,79" /><INIT seed="1,0,0,4,5,33" ten="211,230,230,329" oya="1" hai0="46,12,85,89,3,15,120,112,92,127,40,68,6" hai1="1,7,10,62,106,119,77,125,11,65,135,41,71" hai2="88,23,96,19,61,18,52,36,16,55,56,81,32" hai3="116,83,84,126,45,20,124,104,64,35,9,102,86"/><U49/><E119/><V132/><F32/><W37/><G35/><T133/><D112/><U31/><E135/><V98/><F36/><W2/><G116/><T93/><D68/><U105/><E125/><N who="3" m="48234" /><G64/><T13/><D127/><U131/><E131/><V74/><F132/><W69/><G69/><T110/><D133/><U29/><E77/><V87/><F74/><W22/><G102/><T4/><D110/><U34/><E11/><V39/><F39/><W24/><G104/><T63/><D120/><U129/><E129/><V53/><REACH who="2" step="1"/><F23/><REACH who="2" ten="211,230,220,329" step="2"/><W0/><G22/><T59/><D3/><N who="3" m="1065" /><G9/><T30/><D30/><U111/><E111/><V67/><AGARI ba="0,1" hai="16,18,19,52,53,55,56,61,67,81,87,88,96,98" machi="67" ten="30,12000,2" yaku="1,1,0,1,8,1,54,3,53,1" doraHai="33" doraHaiUra="78" who="2" fromWho="2" sc="211,-30,230,-60,220,130,329,-30" /><INIT seed="2,0,0,3,1,73" ten="181,170,350,299" oya="2" hai0="128,36,43,129,80,75,15,119,123,64,30,100,70" hai1="28,25,110,18,121,122,5,1,71,93,130,114,8" hai2="134,41,19,39,50,113,53,95,112,87,2,74,20" hai3="85,0,40,21,62,107,99,82,103,125,38,79,111"/><V9/><F134/><W35/><G35/><T42/><D123/><N who="1" m="47115" /><E71/><V78/><F41/><W12/><G0/><T76/><D119/><U90/><E114/><V14/><F39/><W22/><G111/><T63/><D100/><U118/><E118/><V3/><F2/><W6/><G125/><T72/><D72/><U81/><E81/><N who="2" m="45271" /><F9/><W131/><G131/><N who="0" m="50251" /><D36/><U120/><N who="1" m="47123" /><U51/><DORA hai="101" /><E130/><V88/><F3/><W45/><REACH who="3" step="1"/><G62/><REACH who="3" ten="181,170,350,289" step="2"/><T49/><D49/><U132/><E51/><V27/><F27/><W44/><G44/><T31/><D15/><U116/><E110/><V83/><F83/><W7/><G7/><T135/><D135/><U23/><E116/><V32/><F32/><W67/><G67/><T13/><D13/><U126/><E132/><V108/><F108/><W29/><G29/><AGARI ba="0,1" hai="29,30,31,42,43,63,64,70,75,76,80" m="50251" machi="29" ten="30,2000,0" yaku="19,1,52,1" doraHai="73,101" who="0" fromWho="3" sc="181,30,170,0,350,0,289,-20" /><INIT seed="3,0,0,5,1,40" ten="211,170,350,269" oya="3" hai0="117,44,133,70,68,113,124,78,32,9,128,65,47" hai1="118,92,126,83,108,111,75,110,81,87,115,91,105" hai2="7,19,11,33,49,12,130,27,97,24,26,25,77" hai3="80,119,10,39,123,29,55,95,76,72,14,94,71"/><W104/><G119/><T42/><D117/><U38/><E38/><V48/><F130/><W98/><G123/><T122/><D122/><U6/><E6/><V58/><F77/><W46/><G71/><T135/><D124/><U23/><E118/><V93/><F33/><W31/><G104/><T84/><D32/><U129/><E23/><N who="2" m="13439" /><F58/><W0/><G95/><T89/><D128/><U125/><E129/><V59/><F59/><W28/><G0/><T45/><D78/><N who="1" m="44255" /><E105/><V107/><F107/><W114/><G114/><T41/><D113/><U85/><E115/><V100/><AGARI ba="0,0" hai="7,11,12,25,26,27,48,49,93,97,100" m="13439" machi="100" ten="30,1100,0" yaku="8,1" doraHai="40" who="2" fromWho="2" sc="211,-3,170,-3,350,11,269,-5" owari="208,-19.2,167,-33.3,361,46.1,264,6.4" /></mjloggm>