<mjloggm ver="2.3"><GO type="225" lobby="0"/><UN n0="%E6%80%AA%E3%81%97%E3%81%99%E3%81%8E%E3%82%8B%E3%83%81%E3%83%BC" n1="%E3%81%AF%E3%82%88%E3%81%8A%E3%81%98%E3%81%95%E3%82%93" n2="%4B%2E%32%2E%4B%2E" n3="%6D%75%75%6D%75%72%61" dan="16,17,16,16" rate="2132.90,2203.03,2084.14,2213.66" sx="M,M,M,F"/><TAIKYOKU oya="0"/><INIT seed="0,0,0,0,4,11" ten="250,250,250,250" oya="0" hai0="51,113,58,12,20,79,132,39,102,9,89,86,21" hai1="90,6,118,54,8,50,78,75,1,32,128,31,108" hai2="48,47,49,13,134,76,29,27,30,117,84,123,72" hai3="74,38,77,101,98,106,93,105,60,5,41,111,100"/><T99/><D113/><U43/><E118/><V37/><F123/><W26/><G111/><T55/><D39/><U28/><E108/><V104/><F72/><W110/><G110/><T70/><D70/><U124/><E124/><V87/><F104/><W115/><G115/><T17/><D79/><U112/><E112/><V25/><F117/><W15/><G26/><T66/><D66/><U62/><E128/><V63/><F134/><W68/><G68/><T96/><D132/><U45/><E32/><V88/><F37/><W61/><G74/><T4/><D102/><U122/><E122/><V18/><F63/><W107/><G77/><T14/><REACH who="0" step="1"/><D20/><REACH who="0" ten="240,250,250,250" step="2"/><U0/><E78/><V109/><F76/><W116/><G101/><T83/><AGARI ba="0,1" hai="4,9,12,14,17,21,51,55,58,83,86,89,96,99" machi="83" ten="20,18000,2" yaku="1,1,2,1,0,1,7,1,8,1,52,2,53,0" doraHai="11" doraHaiUra="67" who="0" fromWho="0" sc="240,190,250,-60,250,-60,250,-60" /><INIT seed="0,1,0,5,0,25" ten="430,190,190,190" oya="0" hai0="40,18,87,12,34,77,59,22,84,43,102,107,103" hai1="125,108,83,30,27,120,51,60,8,19,111,7,42" hai2="2,130,94,92,96,78,114,47,16,115,20,58,131" hai3="17,35,9,13,5,109,100,132,79,14,69,53,80"/><T134/><D34/><U119/><E119/><V127/><F127/><W99/><G109/><N who="1" m="42058" /><E120/><V85/><F2/><W37/><G132/><T66/><D134/><U126/><E19/><V129/><F58/><W0/><G69/><T135/><D135/><U41/><E83/><N who="2" m="47351" /><F47/><W28/><G37/><T1/><D1/><N who="1" m="111" /><E60/><V24/><F96/><W38/><G38/><T105/><D107/><U3/><E3/><V86/><F86/><N who="0" m="32810" /><D105/><U67/><E67/><V46/><F46/><W44/><G0/><T104/><D104/><U36/><E51/><V124/><F124/><N who="1" m="47721" /><E36/><V65/><F65/><W64/><G64/><T93/><D77/><U21/><AGARI ba="1,0" hai="21,27,30,41,42" m="47721,111,42058" machi="21" ten="30,4000,0" yaku="14,1,18,1,52,1" doraHai="25" who="1" fromWho="1" sc="430,-21,190,43,190,-11,190,-11" /><INIT seed="1,0,0,3,5,81" ten="409,233,179,179" oya="1" hai0="135,9,85,44,70,93,126,105,30,72,4,129,43" hai1="60,69,92,130,59,22,79,133,111,15,37,24,1" hai2="13,0,115,121,107,48,95,89,100,40,6,75,46" hai3="88,122,71,110,86,17,29,94,56,58,125,97,119"/><U65/><E1/><V120/><F0/><W36/><G122/><T66/><D72/><U96/><E37/><V19/><F75/><W35/><G71/><T61/><D105/><U47/><E130/><V62/><F6/><W64/><G36/><T28/><D129/><U131/><E131/><V3/><F3/><W74/><G74/><T103/><D126/><U34/><E133/><V82/><F115/><W114/><G114/><T5/><D135/><U113/><E113/><V54/><F107/><W106/><G125/><T39/><D103/><U104/><E104/><V108/><F108/><W117/><G110/><T16/><D5/><U109/><E79/><V99/><F62/><W14/><G64/><T25/><D4/><U128/><E128/><V112/><F112/><W123/><G123/><T42/><D42/><U116/><E116/><N who="3" m="44618" /><G29/><T102/><D102/><U12/><E69/><V55/><F120/><W134/><G35/><T45/><D45/><U32/><E47/><V132/><F132/><W23/><G134/><T26/><D28/><N who="1" m="17431" /><E111/><V84/><REACH who="2" step="1"/><F121/><REACH who="2" ten="409,233,169,179" step="2"/><W80/><G106/><T49/><D61/><U41/><E109/><V90/><F90/><AGARI ba="0,1" hai="14,17,23,56,58,80,86,88,90,94,97" m="44618" machi="90" ten="30,3900,0" yaku="12,1,52,1,54,1" doraHai="81" who="3" fromWho="2" sc="409,0,233,0,169,-39,179,49" /><INIT seed="2,0,0,3,1,118" ten="409,233,130,228" oya="2" hai0="64,51,99,30,54,87,110,89,15,88,48,4,41" hai1="56,8,113,128,67,27,102,82,6,55,26,62,73" hai2="122,33,52,47,36,18,101,13,98,43,90,130,77" hai3="114,31,59,19,83,29,107,14,112,124,42,69,45"/><V35/><F130/><W68/><G69/><T75/><D75/><U58/><E113/><N who="3" m="43626" /><G107/><T91/><D110/><U17/><E128/><V129/><F129/><W5/><G68/><T44/><D64/><U105/><E105/><V25/><F122/><W65/><G124/><T74/><D74/><U132/><E132/><V76/><F90/><W72/><G5/><T135/><D30/><U79/><E17/><V119/><F119/><W61/><G83/><T104/><D104/><U123/><E102/><V10/><F52/><W66/><G72/><T24/><D24/><U116/><E123/><V37/><F37/><N who="3" m="21711" /><G66/><T20/><D99/><U103/><E103/><V7/><F35/><W117/><G117/><T57/><D135/><U9/><E9/><AGARI ba="0,0" hai="9,14,19,29,31,59,61,65" m="21711,43626" machi="9" ten="30,1000,0" yaku="11,1" doraHai="118" who="3" fromWho="1" sc="409,0,233,-10,130,0,228,10" /><INIT seed="3,0,0,0,5,116" ten="409,223,130,238" oya="3" hai0="39,65,126,63,44,38,3,80,22,96,98,46,57" hai1="34,102,130,94,67,82,105,26,64,23,71,85,104" hai2="41,45,115,79,77,48,66,40,37,121,52,111,78" hai3="109,108,87,73,25,56,118,14,18,100,127,60,68"/><W88/><G73/><T106/><D3/><U75/><E34/><V132/><F115/><W103/><G118/><T113/><D126/><U2/><E2/><V112/><F112/><W117/><G68/><T6/><D113/><U84/><E75/><V110/><F132/><W83/><G25/><T99/><D6/><U92/><E130/><V74/><F74/><W119/><G119/><T27/><D80/><U20/><E71/><V62/><F121/><W43/><G43/><T33/><D33/><U70/><E70/><V1/><F1/><W55/><G127/><T120/><D120/><U89/><E104/><V31/><F31/><W7/><G7/><T29/><REACH who="0" step="1"/><D106/><REACH who="0" ten="399,223,130,238" step="2"/><U51/><E105/><V124/><F124/><W5/><G5/><T16/><D16/><N who="1" m="12551" /><E23/><V95/><F95/><W32/><G32/><T36/><AGARI ba="0,1" hai="22,27,29,36,38,39,44,46,57,63,65,96,98,99" machi="36" ten="40,5200,0" yaku="1,1,0,1,53,1" doraHai="116" doraHaiUra="61" who="0" fromWho="0" sc="399,62,223,-13,130,-13,238,-26" owari="461,56.1,210,-19.0,117,-38.3,212,1.2" /></mjloggm>