<mjloggm ver="2.3"><GO type="225" lobby="0"/><UN n0="%E6%9D%B1%E9%A2%A8%E3%81%AE%E3%81%8D%E3%82%83%E3%81%B7%E3%81%95%E3%82%93" n1="%E3%83%97%E3%83%AC%E3%83%B4%E3%82%A1%E3%83%86%E3%82%A3" n2="%E3%81%AF%E3%83%BC%E3%81%A1%E3%82%83%E3%82%93" n3="%4C%4F%4C%49%54%41" dan="16,16,16,16" rate="2150.88,2095.04,2100.43,2181.82" sx="M,F,F,F"/><TAIKYOKU oya="0"/><INIT seed="0,0,0,0,2,57" ten="250,250,250,250" oya="0" hai0="51,124,86,30,17,113,2,85,109,103,88,25,42" hai1="108,129,38,55,66,81,98,37,104,54,15,122,78" hai2="74,4,46,10,83,26,106,135,105,31,132,14,82" hai3="60,118,97,95,5,125,77,23,92,64,43,100,35"/><T3/><D113/><U53/><E122/><V9/><F46/><W16/><G118/><T12/><D124/><U115/><E115/><V7/><F74/><W56/><G35/><T110/><D103/><U101/><E108/><N who="0" m="41577" /><D42/><U19/><E129/><V90/><F90/><W62/><G125/><T111/><N who="0" m="41585" /><T41/><DORA hai="36" /><D85/><U67/><E37/><V68/><F68/><W96/><G5/><T133/><D133/><N who="2" m="51274" /><F82/><W13/><G77/><T112/><D112/><U119/><E38/><V127/><F83/><W87/><G87/><T33/><D51/><U18/><E119/><V22/><F127/><W0/><G0/><AGARI ba="0,0" hai="0,4,7,9,10,14,22,26,31,105,106" m="51274" machi="0" ten="30,1000,0" yaku="20,1" doraHai="57,36" who="2" fromWho="3" sc="250,0,250,0,250,10,250,-10" /><INIT seed="1,0,0,2,3,31" ten="250,250,260,240" oya="1" hai0="6,29,74,25,1,119,120,48,15,37,46,69,26" hai1="17,130,72,2,116,38,109,96,93,14,70,33,94" hai2="88,101,128,16,110,87,75,50,100,125,126,117,13" hai3="92,30,79,122,11,108,103,44,106,40,39,65,124"/><U43/><E116/><V104/><F75/><W32/><G122/><T52/><D69/><U66/><E2/><V71/><F117/><W102/><G108/><T80/><D120/><U82/><E109/><V51/><F71/><W54/><G124/><N who="2" m="47721" /><F128/><W55/><G106/><T57/><D1/><U41/><E130/><V8/><F110/><W58/><G79/><T47/><D119/><U89/><E38/><V112/><F112/><W105/><G105/><T23/><D26/><U132/><E132/><V85/><F85/><W18/><G65/><T53/><D37/><U118/><E118/><V77/><F77/><W115/><G115/><T123/><D123/><U10/><E72/><V133/><F133/><W99/><G103/><N who="2" m="39497" /><F104/><W95/><G95/><AGARI ba="0,0" hai="8,13,16,50,51,87,88,95" m="39497,47721" machi="95" ten="30,3900,0" yaku="18,1,54,2" doraHai="31" who="2" fromWho="3" sc="250,0,250,0,260,39,240,-39" /><INIT seed="2,0,0,3,0,17" ten="250,250,299,201" oya="2" hai0="114,55,8,126,37,113,105,39,51,9,4,5,116" hai1="25,20,64,24,117,81,109,112,0,26,124,79,91" hai2="16,21,134,63,53,77,72,84,80,57,32,62,14" hai3="31,73,30,93,43,10,19,123,88,102,33,36,75"/><V127/><F134/><W42/><G123/><T48/><D105/><U61/><E117/><V49/><F32/><W59/><G102/><T54/><REACH who="0" step="1"/><D126/><REACH who="0" ten="240,250,299,201" step="2"/><U3/><E124/><V6/><F127/><W27/><G31/><T65/><D65/><U69/><E112/><V78/><F6/><W28/><G30/><T106/><D106/><U133/><E133/><V100/><F100/><W67/><G67/><T90/><D90/><U97/><E109/><V108/><F108/><W131/><G131/><T13/><D13/><U52/><E0/><V76/><F72/><W12/><G59/><T98/><D98/><U56/><E3/><V50/><F63/><W1/><G1/><T11/><D11/><U22/><E64/><V125/><F125/><W15/><G15/><T7/><D7/><U130/><E69/><V89/><AGARI ba="0,1" hai="14,16,21,49,50,53,57,62,76,77,78,80,84,89" machi="89" ten="30,11700,0" yaku="0,1,8,1,52,1,54,1" doraHai="17" who="2" fromWho="2" sc="240,-39,250,-39,299,127,201,-39" /><INIT seed="2,1,0,5,3,96" ten="201,211,426,162" oya="2" hai0="17,135,16,55,91,1,119,108,132,83,18,49,43" hai1="47,92,115,56,89,95,125,85,80,32,123,77,88" hai2="130,14,23,5,105,98,27,40,31,73,0,51,66" hai3="99,29,61,124,20,62,75,78,87,38,103,42,97"/><V58/><F130/><W21/><G75/><T9/><D43/><U60/><E32/><V4/><F73/><W102/><G124/><T63/><D63/><N who="3" m="24073" /><G38/><T8/><D1/><U116/><E125/><V84/><F0/><W46/><G46/><T15/><D108/><U19/><E115/><V126/><F126/><W6/><G6/><T127/><D127/><U134/><E116/><V104/><F66/><W118/><G42/><T111/><D111/><U65/><E134/><N who="0" m="51241" /><D119/><U76/><E123/><V120/><F120/><W33/><G33/><T3/><D3/><U86/><E47/><V57/><F105/><W122/><G118/><T101/><D9/><U93/><E19/><N who="0" m="7241" /><D91/><U11/><REACH who="1" step="1"/><E11/><REACH who="1" ten="201,201,426,162" step="2"/><V69/><F4/><W12/><G122/><T39/><D8/><U110/><E110/><V28/><F5/><W30/><G21/><T106/><D18/><U2/><E2/><V74/><F23/><W64/><G20/><T37/><D15/><U26/><E26/><V129/><F27/><W67/><G12/><T109/><D109/><U50/><E50/><V22/><F51/><W79/><G29/><T71/><D49/><U90/><E90/><V36/><F28/><W114/><G30/><T45/><D45/><U68/><E68/><V34/><F69/><W81/><G114/><T131/><D71/><U72/><E72/><V70/><F31/><W94/><G79/><AGARI ba="1,1" hai="56,60,65,76,77,79,80,85,86,88,89,92,93,95" machi="79" ten="40,8000,1" yaku="1,1,8,1,54,1,53,1" doraHai="96" doraHaiUra="52" who="1" fromWho="3" sc="201,0,201,93,426,0,162,-83" /><INIT seed="3,0,0,2,3,73" ten="201,294,426,79" oya="3" hai0="59,98,135,56,38,9,34,115,37,110,125,60,82" hai1="0,88,90,64,15,128,101,33,134,25,100,40,57" hai2="119,126,28,12,76,27,69,84,106,93,49,31,36" hai3="42,122,96,4,133,13,17,92,78,11,22,20,116"/><W41/><G116/><T129/><D129/><U8/><E0/><V91/><F36/><W29/><G122/><T63/><D110/><U68/><E128/><V72/><F126/><W30/><G133/><T2/><D135/><U54/><E134/><V45/><F69/><W5/><G22/><T130/><D34/><U24/><E40/><V83/><F106/><W113/><G113/><T114/><D82/><U99/><E68/><V77/><F77/><W65/><G65/><T43/><D98/><U14/><E64/><V3/><F3/><W46/><G78/><T95/><D95/><U97/><E33/><V109/><F109/><W118/><G118/><T10/><D130/><U85/><E85/><V111/><F111/><W21/><G21/><T123/><D2/><U19/><E57/><V75/><F119/><W89/><G4/><T62/><D123/><U26/><E54/><V50/><F50/><W61/><G61/><T23/><D23/><U107/><REACH who="1" step="1"/><E15/><REACH who="1" ten="201,284,426,79" step="2"/><V58/><F12/><W52/><G52/><T120/><D120/><U103/><E103/><V66/><F58/><W108/><G108/><T44/><D37/><U94/><AGARI ba="0,1" hai="8,14,19,24,25,26,88,90,94,97,99,100,101,107" machi="94" ten="30,8000,1" yaku="1,1,0,1,54,1,53,2" doraHai="73" doraHaiUra="87" who="1" fromWho="1" sc="201,-20,284,90,426,-20,79,-40" owari="181,-21.9,374,17.4,406,50.6,39,-46.1" /></mjloggm>