<mjloggm ver="2.3"><GO type="225" lobby="0"/><UN n0="%2D%E8%B1%8A%E5%8F%A3%E3%82%81%E3%81%90%E3%81%BF%2D" n1="%E6%A1%9C%E8%8A%B1%E9%96%83%E3%80%85" n2="%E3%81%BF%E3%81%BF%E3%81%9A" n3="%E3%83%AD%E3%83%83%E3%83%86%E9%9B%80%E7%90%83" dan="17,16,18,16" rate="2201.23,2149.47,2240.12,2179.57" sx="F,M,M,M"/><TAIKYOKU oya="0"/><INIT seed="0,0,0,2,3,121" ten="250,250,250,250" oya="0" hai0="8,10,35,28,32,72,79,91,4,85,89,92,126" hai1="125,76,134,21,16,81,46,118,36,19,119,47,42" hai2="60,109,122,77,2,65,74,116,99,111,37,24,124" hai3="18,44,53,131,63,95,20,14,33,127,117,56,54"/><T68/><D68/><U78/><E134/><V6/><F122/><W71/><G127/><T105/><D126/><U120/><E125/><V93/><F124/><W102/><G131/><T115/><D115/><U11/><E120/><V61/><F37/><W34/><G117/><T96/><D28/><U39/><E11/><N who="2" m="2519" /><F116/><W133/><G133/><T12/><D91/><U30/><E30/><V86/><F86/><W128/><G71/><T130/><D130/><U40/><E21/><V90/><F24/><W114/><G114/><T110/><D110/><N who="2" m="41994" /><F65/><W106/><G128/><T31/><D31/><U123/><E123/><V112/><F112/><W17/><G20/><T41/><D41/><U55/><E81/><AGARI ba="0,0" hai="60,61,74,77,81,90,93,99" m="41994,2519" machi="81" ten="30,7700,0" yaku="14,1,52,3" doraHai="121" who="2" fromWho="1" sc="250,0,250,-77,250,77,250,0" /><INIT seed="1,0,0,0,5,41" ten="250,173,327,250" oya="1" hai0="27,11,78,105,75,118,122,114,103,91,93,128,113" hai1="62,134,81,34,56,112,79,124,21,84,17,130,42" hai2="32,33,70,86,28,85,95,94,7,129,76,9,67" hai3="50,8,88,0,45,51,40,13,15,126,109,131,16"/><U102/><E112/><V61/><F129/><W63/><G131/><T119/><D27/><U19/><E130/><V20/><F20/><N who="3" m="11279" /><G0/><T72/><D11/><U37/><E34/><V99/><F28/><W44/><G109/><T52/><D52/><U38/><E134/><V1/><F86/><W120/><G120/><T23/><D23/><U12/><E124/><V82/><F94/><W35/><G35/><T43/><D43/><U46/><E102/><AGARI ba="0,0" hai="1,7,9,32,33,61,67,70,76,82,85,95,99,102" machi="102" ten="30,1000,0" yaku="7,1" doraHai="41" who="2" fromWho="1" sc="250,0,173,-10,327,10,250,0" /><INIT seed="2,0,0,2,4,61" ten="250,163,337,250" oya="2" hai0="78,94,0,87,73,51,117,8,124,14,13,22,53" hai1="115,20,126,21,42,68,29,71,122,107,9,66,1" hai2="82,135,64,123,85,62,111,99,48,128,37,17,75" hai3="100,36,52,35,90,116,54,95,74,49,86,26,5"/><V91/><F123/><W45/><G116/><T27/><D117/><U58/><E115/><V32/><F37/><W55/><G74/><T127/><D73/><U76/><E122/><V110/><F32/><W25/><G36/><T40/><D40/><U24/><E126/><N who="0" m="48169" /><D0/><U102/><E42/><V23/><F135/><W70/><G70/><T65/><D65/><U44/><E44/><V98/><F48/><W72/><G72/><T28/><D8/><U120/><E120/><V19/><F128/><W3/><G35/><T4/><D4/><U131/><E131/><V16/><F23/><W103/><G5/><T83/><D94/><U93/><E107/><V60/><F60/><W92/><G3/><T39/><D39/><U112/><E112/><V119/><F75/><W80/><G95/><T47/><AGARI ba="0,0" hai="13,14,22,27,28,47,51,53,78,83,87" m="48169" machi="47" ten="30,1100,0" yaku="18,1" doraHai="61" who="0" fromWho="0" sc="250,11,163,-3,337,-5,250,-3" /><INIT seed="3,0,0,5,3,100" ten="261,160,332,247" oya="3" hai0="64,54,83,16,24,103,130,108,90,123,31,25,51" hai1="26,15,97,4,77,38,63,95,40,126,32,69,21" hai2="131,52,70,23,84,55,34,14,129,82,50,56,118" hai3="127,115,6,117,9,104,11,1,62,132,57,121,110"/><W19/><G117/><T7/><D123/><U73/><E126/><V71/><F34/><W119/><G119/><T29/><D7/><U125/><E125/><V87/><F118/><W135/><G121/><T49/><D64/><U109/><E109/><V113/><F113/><W98/><G115/><T80/><D103/><U114/><E114/><V8/><F23/><W79/><G79/><T101/><D101/><U92/><E32/><V28/><F55/><W20/><G11/><T107/><D107/><U89/><E38/><V58/><F58/><W59/><G127/><T10/><D108/><U81/><E40/><V48/><F48/><W120/><G120/><T33/><D130/><N who="2" m="49674" /><F28/><W36/><G36/><T65/><D65/><U93/><E69/><N who="2" m="26123" /><F82/><W18/><G110/><T22/><D10/><U43/><E43/><V46/><F56/><W47/><G47/><T72/><D31/><U106/><E63/><V12/><F12/><W0/><G0/><T45/><D72/><U44/><E44/><V94/><F94/><W61/><G59/><T41/><D90/><U78/><E106/><V76/><F76/><W39/><G39/><T13/><D13/><U42/><E42/><V74/><F74/><W88/><G62/><T134/><D134/><N who="3" m="51241" /><G20/><T67/><D67/><U86/><E78/><V105/><F105/><W27/><G27/><T111/><D111/><U102/><E93/><V122/><F122/><W37/><G37/><T30/><D30/><N who="1" m="17743" /><E15/><V91/><F91/><W128/><G128/><T112/><D112/><U68/><E68/><V3/><F3/><W60/><G1/><RYUUKYOKU ba="0,0" sc="261,10,160,10,332,10,247,-30" hai0="16,22,24,25,29,33,41,45,49,51,54,80,83" hai1="4,73,77,81,86,89,92,95,97,102" hai2="8,14,46,50,52,84,87" owari="271,7.1,170,-33.0,342,44.2,217,-18.3" /></mjloggm>