<mjloggm ver="2.3"><GO type="225" lobby="0"/><UN n0="%E6%A1%9C%E8%8A%B1%E9%96%83%E3%80%85" n1="%6E%69%63%6B%6C%6F%77" n2="%E7%B4%94%E6%BD%94%E3%83%94%E3%83%A9%E3%83%8B%E3%82%A2" n3="%E4%B8%AD%E5%B9%B4%E3%81%AE%E5%8D%B1%E6%A9%9F" dan="18,16,17,17" rate="2180.92,2114.45,2209.72,2196.36" sx="M,M,M,M"/><TAIKYOKU oya="0"/><INIT seed="0,0,0,0,0,69" ten="250,250,250,250" oya="0" hai0="38,39,115,0,50,135,30,96,22,12,107,105,26" hai1="85,29,92,76,104,97,87,18,103,49,127,78,56" hai2="58,8,129,35,80,74,59,114,51,43,65,28,79" hai3="109,134,63,133,3,61,83,101,44,82,42,14,108"/><T72/><D115/><U57/><E57/><V15/><F114/><W111/><G3/><T10/><D72/><U118/><E29/><V2/><F2/><W19/><G101/><T24/><D0/><U128/><E118/><V60/><F129/><W7/><G7/><T132/><D50/><U116/><E56/><V46/><F58/><W33/><G33/><T27/><D22/><U130/><E18/><V48/><F35/><W106/><G106/><N who="0" m="40459" /><D96/><N who="1" m="61543" /><E49/><V11/><F28/><W71/><G83/><T110/><D30/><U31/><E31/><V93/><F48/><W120/><G82/><T66/><D66/><U17/><E17/><V75/><F93/><W102/><G102/><T126/><D126/><U131/><E116/><V68/><F11/><W122/><G14/><T64/><D64/><U73/><E127/><V4/><REACH who="2" step="1"/><F68/><REACH who="2" ten="250,250,240,250" step="2"/><W99/><G71/><T21/><D21/><U37/><E73/><AGARI ba="0,1" hai="4,8,15,43,46,51,59,60,65,73,74,75,79,80" machi="73" ten="30,7700,0" yaku="1,1,2,1,7,1,53,1" doraHai="69" doraHaiUra="1" who="2" fromWho="1" sc="250,0,250,-77,240,87,250,0" /><INIT seed="1,0,0,0,1,31" ten="250,173,327,250" oya="1" hai0="59,91,109,63,28,38,49,101,114,130,54,24,27" hai1="10,34,105,125,53,99,128,12,129,30,111,0,73" hai2="76,131,85,92,86,47,97,48,29,100,17,62,13" hai3="11,21,55,108,118,5,115,58,71,106,94,74,79"/><U107/><E73/><V90/><F131/><N who="1" m="50249" /><E0/><V40/><F29/><W134/><G106/><T16/><D130/><U70/><E70/><V7/><F7/><W50/><G71/><T135/><D38/><U43/><E43/><V72/><F72/><W35/><G115/><T110/><D114/><U75/><E75/><V39/><F39/><W42/><G108/><N who="0" m="41579" /><D135/><U20/><E111/><V113/><F113/><W119/><G134/><T18/><D101/><N who="1" m="62655" /><E107/><V37/><F37/><W33/><G21/><N who="0" m="15471" /><D24/><N who="1" m="18759" /><E125/><V22/><F76/><W133/><G133/><T6/><D6/><U123/><E123/><V80/><F86/><W26/><G26/><T1/><D1/><U14/><E10/><V117/><F117/><N who="3" m="44555" /><G42/><T45/><D91/><U57/><E20/><V69/><F69/><W87/><G74/><T51/><D51/><AGARI ba="0,0" hai="12,14,51,53,57" m="18759,62655,50249" machi="51" ten="30,2900,0" yaku="19,1,52,1" doraHai="31" who="1" fromWho="0" sc="250,-29,173,29,327,0,250,0" /><INIT seed="1,1,0,4,4,94" ten="221,202,327,250" oya="1" hai0="64,23,42,21,129,36,48,123,88,109,100,43,57" hai1="37,30,50,125,44,120,86,133,51,101,114,96,134" hai2="22,83,14,103,72,56,124,53,35,82,118,4,93" hai3="97,28,79,135,25,46,132,81,75,65,32,108,55"/><U0/><E114/><V131/><F35/><W68/><G108/><T60/><D109/><U58/><E120/><V106/><F106/><W5/><G5/><T26/><D123/><U61/><E0/><V73/><F118/><W117/><G117/><T89/><D129/><U12/><E30/><V95/><F131/><W69/><G55/><T126/><D126/><U16/><E125/><V63/><F124/><W77/><G77/><T67/><D36/><U102/><E86/><V121/><F121/><W92/><G46/><N who="0" m="25687" /><D43/><U10/><E102/><V90/><F73/><W7/><G7/><T66/><D100/><U52/><E37/><V115/><F72/><W104/><G92/><T85/><D21/><U33/><E33/><V107/><F107/><W38/><G38/><T2/><D2/><U105/><REACH who="1" step="1"/><E51/><REACH who="1" ten="221,192,327,250" step="2"/><V19/><F115/><W122/><G122/><T59/><D85/><U39/><E39/><V84/><F4/><W27/><G32/><T130/><D130/><U128/><E128/><V18/><F19/><W99/><G104/><T62/><D66/><AGARI ba="1,1" hai="10,12,16,44,50,52,58,61,66,96,101,105,133,134" machi="66" ten="40,12000,1" yaku="1,1,52,1,54,2,53,1" doraHai="94" doraHaiUra="15" who="1" fromWho="0" sc="221,-123,192,133,327,0,250,0" /><INIT seed="1,2,0,3,3,0" ten="98,325,327,250" oya="1" hai0="73,102,32,5,27,25,89,98,80,8,116,79,45" hai1="128,82,119,14,21,114,11,30,101,64,35,94,97" hai2="60,120,129,108,42,57,95,90,50,100,3,68,122" hai3="49,115,38,105,106,18,33,47,99,117,39,7,109"/><U93/><E114/><V41/><F108/><W74/><G18/><T46/><D116/><U111/><E119/><V131/><F100/><W110/><G117/><T13/><D89/><U63/><E128/><N who="2" m="49227" /><F3/><W51/><G33/><T16/><D27/><U28/><E111/><N who="3" m="42506" /><G74/><T130/><D130/><U125/><E125/><V15/><F15/><W37/><G115/><T53/><D53/><U12/><E35/><V43/><F50/><N who="3" m="18955" /><G99/><T48/><D48/><U55/><E93/><V126/><F68/><W67/><G67/><T92/><REACH who="0" step="1"/><D32/><REACH who="0" ten="88,325,327,250" step="2"/><U72/><E55/><N who="2" m="33855" /><F126/><W87/><G47/><T107/><D107/><N who="3" m="40969" /><G87/><AGARI ba="2,1" hai="41,42,43,87,90,95,120,122" m="33855,49227" machi="87" ten="30,1000,0" yaku="19,1" doraHai="0" who="2" fromWho="3" sc="88,0,325,0,327,26,250,-16" /><INIT seed="2,0,0,2,2,90" ten="88,325,353,234" oya="2" hai0="5,58,59,44,117,41,69,102,100,47,35,105,82" hai1="22,73,124,33,115,30,48,52,8,43,57,87,68" hai2="92,106,51,88,84,121,7,9,103,96,63,40,17" hai3="2,123,53,31,15,55,21,134,23,113,37,4,126"/><V114/><F121/><W91/><G37/><T128/><D69/><U107/><E115/><V27/><F114/><W49/><G113/><T28/><D128/><U26/><E73/><V62/><F17/><W24/><G123/><T130/><D130/><U125/><E68/><V12/><F27/><W14/><G126/><N who="1" m="48746" /><E107/><V50/><F40/><W119/><G119/><T98/><D117/><U129/><E129/><V111/><F111/><W81/><G134/><T39/><D5/><U94/><E43/><V127/><F127/><W93/><G81/><T132/><D132/><U80/><E8/><V116/><F116/><W101/><G101/><T83/><D102/><U70/><E70/><V122/><F122/><W66/><G66/><T64/><D47/><U76/><E94/><V46/><F46/><W75/><G75/><T71/><D59/><U54/><E54/><V108/><F108/><W97/><G2/><T95/><D58/><U60/><E48/><V112/><F112/><W11/><G49/><T89/><D64/><U135/><E135/><V99/><F50/><W118/><G118/><T29/><D71/><U133/><E133/><V72/><F51/><W85/><G97/><T65/><D65/><U67/><E67/><V38/><F38/><W6/><G6/><T34/><D83/><U20/><AGARI ba="0,0" hai="20,22,26,30,33,52,57,60,76,80,87" m="48746" machi="20" ten="30,2000,0" yaku="18,1,54,1" doraHai="90" who="1" fromWho="1" sc="88,-5,325,20,353,-10,234,-5" /><INIT seed="3,0,0,1,4,106" ten="83,345,343,229" oya="3" hai0="31,24,18,19,22,29,103,6,102,38,80,43,3" hai1="25,58,0,109,16,40,90,84,5,51,10,57,23" hai2="63,134,65,9,11,76,125,83,47,114,119,15,49" hai3="8,129,56,68,12,21,115,130,70,94,101,88,52"/><W54/><G115/><T121/><D102/><U27/><E109/><V85/><F114/><W104/><G104/><T61/><D103/><U53/><E40/><V45/><F119/><W118/><G101/><T120/><D61/><U113/><E113/><V30/><F125/><W91/><G118/><T42/><D42/><U93/><E27/><V128/><F134/><W33/><G33/><T112/><D112/><U131/><E131/><N who="3" m="50186" /><G21/><T122/><D80/><U92/><E92/><V111/><F111/><W98/><G91/><T79/><D79/><U123/><E123/><V96/><F128/><W100/><G100/><T48/><D48/><U14/><E0/><V13/><F30/><W39/><G39/><T20/><D43/><U71/><E71/><N who="3" m="27178" /><G56/><AGARI ba="0,0" hai="5,10,14,16,23,25,51,53,56,57,58,84,90,93" machi="56" ten="30,3900,0" yaku="7,1,8,1,54,1" doraHai="106" who="1" fromWho="3" sc="83,0,345,39,343,0,229,-39" owari="83,-41.7,384,48.4,343,14.3,190,-21.0" /></mjloggm>