<mjloggm ver="2.3"><GO type="225" lobby="0"/><UN n0="%E8%B6%85%E7%B4%9A%E9%B3%B3%E5%87%B0" n1="%73%6C%69%63%6B%33%31%39" n2="%E5%A4%8F%E9%88%B4%E9%88%B4%E5%A4%8F" n3="%E7%99%BD%E6%97%A5%E9%9B%AA%E8%8F%9C" dan="16,16,16,16" rate="2127.04,2120.64,2133.70,2152.86" sx="M,M,M,M"/><TAIKYOKU oya="0"/><INIT seed="0,0,0,0,4,59" ten="250,250,250,250" oya="0" hai0="103,119,39,44,47,118,41,75,70,78,64,60,17" hai1="131,117,132,90,73,67,53,37,111,85,18,4,76" hai2="91,16,62,115,0,133,48,66,92,114,12,68,110" hai3="134,30,107,32,87,28,88,74,33,40,57,83,129"/><T56/><D103/><U96/><E117/><N who="0" m="44553" /><D17/><U100/><E37/><V21/><F110/><W89/><G107/><T26/><D26/><U94/><E67/><V97/><F133/><W86/><G74/><T25/><D25/><U113/><E111/><V104/><F0/><W98/><G134/><T63/><D78/><U106/><E132/><V49/><REACH who="2" step="1"/><F104/><REACH who="2" ten="250,250,240,250" step="2"/><W112/><G112/><AGARI ba="0,1" hai="12,16,21,48,49,62,66,68,91,92,97,112,114,115" machi="112" ten="40,8000,1" yaku="1,1,2,1,52,1,54,1,53,0" doraHai="59" doraHaiUra="36" who="2" fromWho="3" sc="250,0,250,0,240,90,250,-80" /><INIT seed="1,0,0,3,2,96" ten="250,250,330,170" oya="1" hai0="23,41,78,94,34,85,46,10,72,64,127,102,113" hai1="54,26,123,118,42,95,43,38,12,2,56,104,21" hai2="14,109,107,20,63,57,71,128,8,101,100,61,106" hai3="62,49,9,18,112,25,4,111,77,33,24,82,50"/><U7/><E118/><V90/><F109/><W39/><G112/><T130/><D113/><U117/><E104/><V74/><F74/><W44/><G111/><T36/><D34/><U76/><E123/><V69/><F128/><W11/><G62/><T22/><D130/><U124/><E38/><V40/><F40/><W116/><G116/><T98/><D127/><U70/><E70/><V30/><F106/><W105/><G105/><T58/><D72/><U135/><E76/><V75/><F75/><W37/><G33/><T92/><D10/><N who="1" m="4191" /><E2/><V73/><F73/><W126/><G4/><T47/><D47/><U89/><E135/><V67/><F90/><W79/><G18/><T108/><D108/><U120/><E120/><V80/><F80/><W129/><G44/><T19/><D19/><N who="1" m="12607" /><E124/><V88/><F88/><W86/><G126/><T55/><D64/><U3/><E3/><V48/><F48/><W6/><G129/><T83/><REACH who="0" step="1"/><D94/><REACH who="0" ten="240,250,330,170" step="2"/><U53/><E117/><V87/><F107/><W28/><G82/><T99/><D99/><N who="1" m="57839" /><E54/><V35/><F67/><W27/><G28/><T0/><D0/><U132/><E132/><V81/><F30/><W52/><G52/><T29/><D29/><U115/><E115/><V93/><F93/><W97/><G97/><T133/><D133/><U91/><E42/><V84/><F8/><W125/><G11/><T32/><D32/><U59/><E43/><V45/><F35/><W103/><G9/><T31/><D31/><U51/><E53/><V134/><F134/><W60/><G125/><T68/><D68/><N who="2" m="26186" /><F45/><W131/><G131/><RYUUKYOKU ba="0,1" sc="240,30,250,-10,330,-10,170,-10" hai0="22,23,36,41,46,55,58,78,83,85,92,98,102" /><INIT seed="2,1,1,5,0,123" ten="270,240,320,160" oya="2" hai0="64,134,36,15,10,107,82,90,66,26,83,84,32" hai1="39,41,118,116,113,69,43,111,127,18,81,87,100" hai2="99,121,68,126,13,120,40,79,70,128,62,101,117" hai3="74,29,4,46,38,22,34,16,60,59,58,2,124"/><V129/><F117/><W45/><G74/><T89/><D36/><U115/><E69/><N who="2" m="26731" /><F126/><W21/><G124/><T92/><D107/><U37/><E127/><V88/><F62/><W132/><G132/><T80/><D134/><U47/><E100/><V42/><F13/><W20/><G38/><N who="1" m="14346" /><E18/><V28/><F79/><W61/><G34/><T54/><D54/><U23/><E23/><V125/><F28/><W63/><G29/><T104/><D104/><U19/><E19/><V52/><F52/><W94/><G94/><T114/><D114/><N who="1" m="43531" /><E87/><V109/><F88/><W135/><G135/><T73/><D73/><U103/><E81/><V1/><F1/><W31/><G31/><T44/><D89/><U33/><E103/><V49/><F125/><W75/><G75/><T48/><D26/><U71/><E71/><V72/><F72/><W53/><G16/><N who="0" m="8311" /><D32/><U76/><E76/><V108/><F121/><W5/><G2/><T93/><D93/><U7/><E7/><N who="3" m="2634" /><G53/><T6/><D6/><U51/><E33/><V56/><F120/><W65/><G65/><T3/><D3/><U35/><E35/><V67/><F67/><W96/><G96/><T24/><D24/><U98/><E98/><V30/><F30/><W133/><G133/><T106/><D106/><U91/><E41/><N who="2" m="15979" /><F99/><W110/><G110/><N who="2" m="42601" /><F101/><W27/><G27/><T9/><D64/><U130/><E111/><V78/><F78/><W131/><G131/><T55/><D66/><U12/><E130/><V25/><F25/><W77/><G77/><T0/><D0/><U86/><E12/><V17/><F17/><RYUUKYOKU ba="1,1" sc="270,0,240,0,320,0,160,0" hai0="9,44,48,55,80,82,83,84,90,92" hai1="43,47,51,86,91,116,118" hai2="49,56,128,129" hai3="20,21,22,45,46,58,59,60,61,63" /><INIT seed="2,2,1,5,1,31" ten="270,240,320,160" oya="2" hai0="60,50,79,9,81,24,125,86,113,13,28,71,116" hai1="89,14,29,69,55,105,5,36,74,111,130,46,119" hai2="104,107,8,57,59,83,108,99,53,91,40,92,80" hai3="131,68,84,58,82,134,93,22,16,127,115,25,37"/><V12/><F108/><W10/><G68/><T39/><D113/><U102/><E119/><V48/><F40/><W30/><G37/><T85/><D39/><U94/><E69/><V20/><F104/><W6/><G115/><T75/><D116/><U64/><E64/><V26/><F57/><W90/><G127/><T34/><D125/><U98/><E111/><V27/><F107/><W110/><G110/><T52/><D60/><U43/><E130/><V61/><F48/><W42/><G131/><T2/><D2/><U1/><E1/><V87/><F20/><W0/><G134/><T4/><REACH who="0" step="1"/><D71/><REACH who="0" ten="260,240,320,160" step="2"/><U117/><E36/><V106/><F106/><W122/><G122/><T32/><D32/><U17/><E117/><V67/><F67/><W96/><G42/><T21/><D21/><U124/><E43/><V11/><F11/><W70/><G70/><T38/><D38/><U33/><E33/><V49/><F61/><W72/><G58/><AGARI ba="2,2" hai="4,9,13,24,28,34,50,52,58,75,79,81,85,86" machi="58" ten="30,7700,0" yaku="1,1,7,1,52,1,54,1,53,0" doraHai="31" doraHaiUra="88" who="0" fromWho="3" sc="260,103,240,0,320,0,160,-83" /><INIT seed="3,0,0,3,1,102" ten="363,240,320,77" oya="3" hai0="13,22,31,25,72,46,77,96,29,69,76,26,101" hai1="131,39,34,125,115,111,116,4,48,126,63,1,79" hai2="112,81,65,89,108,67,117,37,28,71,30,122,95" hai3="99,6,132,62,11,52,98,60,94,118,21,56,61"/><W20/><G132/><T53/><D69/><U88/><E39/><V5/><F37/><W12/><G118/><T8/><D72/><U82/><E34/><V64/><F71/><W38/><G38/><T47/><D53/><U87/><E115/><V124/><F112/><W73/><G73/><T134/><D134/><U114/><E114/><V110/><F117/><W14/><G99/><T75/><D75/><U57/><E131/><V86/><F124/><W104/><G104/><T90/><D90/><U106/><E106/><V43/><F43/><W49/><REACH who="3" step="1"/><G14/><REACH who="3" ten="363,240,320,67" step="2"/><T119/><D119/><U70/><E116/><V17/><F122/><W32/><G32/><T15/><D96/><U97/><E97/><V35/><F35/><W16/><G16/><T84/><D13/><U58/><E126/><V80/><F17/><W7/><G7/><T127/><D15/><U100/><E125/><V23/><F5/><W42/><G42/><T93/><D127/><U91/><E4/><V109/><REACH who="2" step="1"/><F30/><REACH who="2" ten="363,240,310,67" step="2"/><W55/><G55/><T24/><D29/><U74/><E1/><V78/><F78/><W121/><G121/><T40/><D76/><U68/><E74/><V105/><F105/><W45/><G45/><T83/><D47/><U133/><E133/><V2/><F2/><W123/><G123/><T113/><D113/><U85/><E79/><V130/><F130/><W54/><G54/><T103/><D31/><U51/><E87/><V129/><F129/><W9/><G9/><T107/><D107/><U3/><E3/><V135/><F135/><W41/><G41/><T120/><D120/><RYUUKYOKU ba="0,2" sc="363,-15,240,-15,310,15,67,15" hai2="23,28,64,65,67,80,81,86,89,95,108,109,110" hai3="6,11,12,20,21,49,52,56,60,61,62,94,98" /><INIT seed="3,1,2,5,5,99" ten="348,225,325,82" oya="3" hai0="94,5,124,64,93,102,11,16,110,47,57,130,85" hai1="86,97,21,134,29,98,6,78,63,39,7,77,116" hai2="112,48,73,127,108,80,74,31,132,104,90,119,43" hai3="96,17,44,135,92,126,20,81,3,83,123,120,79"/><W25/><G3/><T129/><D110/><U30/><E39/><V49/><F31/><N who="1" m="11785" /><E134/><V100/><F49/><W111/><G135/><T22/><D124/><U23/><E63/><V67/><F67/><W133/><G133/><T9/><D47/><U14/><E116/><V41/><F132/><W42/><G126/><T106/><D106/><U76/><E86/><V61/><F61/><W69/><G69/><T89/><D64/><U38/><E38/><V84/><F127/><W117/><G117/><T8/><D57/><U105/><E105/><V54/><F119/><W87/><G81/><T33/><D33/><U121/><E121/><V2/><F2/><W36/><REACH who="3" step="1"/><G111/><REACH who="3" ten="348,225,325,72" step="2"/><T1/><D129/><U58/><E77/><V101/><F108/><W55/><G55/><T122/><D130/><U50/><E76/><V40/><F112/><W35/><G35/><T65/><D122/><U68/><E78/><V37/><F37/><W15/><G15/><T113/><D113/><U24/><E68/><V88/><F74/><W95/><G95/><T56/><D1/><U66/><E14/><V125/><F125/><W45/><G45/><T10/><D94/><U114/><E114/><V34/><F73/><W118/><G118/><T115/><D115/><U103/><E66/><V26/><F104/><W27/><G27/><T18/><D65/><U128/><E128/><V12/><F12/><W0/><G0/><T28/><D93/><U75/><E75/><V107/><F107/><W46/><G46/><T32/><N who="0" m="2048" /><DORA hai="53" /><T60/><D32/><U70/><E70/><V52/><F34/><RYUUKYOKU ba="1,3" sc="348,-10,225,-10,325,-10,72,30" hai3="17,20,25,36,42,44,79,83,87,92,96,120,123" /><INIT seed="3,2,3,4,5,133" ten="338,215,315,102" oya="3" hai0="132,74,53,15,57,126,113,71,115,43,95,69,104" hai1="40,83,27,121,37,106,45,99,62,118,92,122,73" hai2="64,30,117,120,14,46,76,94,0,125,90,6,102" hai3="7,111,130,8,34,24,109,110,20,51,86,128,4"/><W33/><G86/><T13/><D126/><U96/><E118/><V114/><F114/><N who="0" m="43530" /><D104/><U25/><E106/><V47/><F117/><W48/><G48/><N who="0" m="30887" /><D74/><U134/><E134/><V32/><F0/><N who="3" m="7" /><G51/><T116/><D116/><U77/><E96/><N who="2" m="59671" /><F32/><N who="3" m="12395" /><G7/><T80/><D132/><U12/><E12/><N who="0" m="4681" /><D43/><U123/><REACH who="1" step="1"/><E62/><REACH who="1" ten="338,205,315,102" step="2"/><V44/><F120/><W56/><G56/><T97/><D80/><U85/><E85/><V28/><F46/><W22/><G22/><T100/><AGARI ba="2,4" hai="69,71,95,97,100" m="4681,30887,43530" machi="100" ten="30,1100,0" yaku="11,1" doraHai="133" who="0" fromWho="0" sc="338,57,205,-5,315,-5,102,-7" owari="395,49.5,200,-20.0,310,11.0,95,-40.5" /></mjloggm>