<mjloggm ver="2.3"><GO type="225" lobby="0"/><UN n0="%65%6B%61%72%75%74%65" n1="%4C%4F%4C%49%54%41" n2="%E3%81%B8%E3%82%80%E3%81%B8%E3%82%80%EF%BC%92%E5%8F%B7" n3="%E9%9B%B2%E9%9B%80%E4%B8%98%E7%94%B1%E8%B2%B4" dan="16,16,16,16" rate="2173.28,2158.90,2089.99,2128.22" sx="M,F,M,F"/><TAIKYOKU oya="0"/><INIT seed="0,0,0,3,0,9" ten="250,250,250,250" oya="0" hai0="71,39,41,131,129,50,92,79,121,44,57,104,76" hai1="13,75,100,107,54,74,105,49,1,113,21,119,35" hai2="110,17,123,122,0,93,32,3,103,126,118,56,67" hai3="111,48,18,40,102,24,25,14,43,59,20,88,101"/><T134/><D121/><U31/><E119/><V38/><F38/><W37/><G37/><T72/><D104/><U84/><E1/><V8/><F32/><W68/><G68/><T11/><D134/><U30/><E35/><V109/><F126/><W27/><G111/><N who="2" m="42505" /><F118/><W133/><G133/><T70/><D92/><U19/><E113/><V112/><F112/><W7/><G7/><T130/><D11/><U91/><E74/><V2/><F103/><W66/><G88/><T58/><D58/><U5/><E75/><V53/><F67/><W78/><G78/><N who="0" m="29739" /><D72/><U12/><E100/><V99/><F17/><W52/><G66/><T46/><D57/><N who="1" m="32975" /><E107/><V117/><F8/><W95/><REACH who="3" step="1"/><G101/><REACH who="3" ten="250,250,250,240" step="2"/><T34/><D34/><U124/><E5/><V64/><F64/><W82/><G82/><T4/><D4/><U83/><E91/><N who="2" m="55743" /><F117/><W45/><G45/><T80/><D80/><U128/><E83/><V42/><F42/><AGARI ba="0,1" hai="39,41,42,44,46,50,70,71,129,130,131" m="29739" machi="42" ten="40,2000,0" yaku="19,1" doraHai="9" who="0" fromWho="2" sc="250,30,250,0,250,-20,240,0" /><INIT seed="0,1,0,2,4,97" ten="280,250,230,240" oya="0" hai0="35,123,58,48,8,54,117,11,80,17,79,66,55" hai1="57,101,47,73,24,45,26,120,78,37,43,119,60" hai2="46,84,125,110,34,16,51,122,116,29,100,90,134" hai3="126,114,20,133,109,3,86,7,94,30,128,67,28"/><T12/><D117/><U105/><E119/><V70/><F116/><W135/><G67/><T85/><D123/><U23/><E120/><V39/><F122/><W112/><G86/><T71/><D35/><U5/><E5/><V62/><F110/><W44/><G44/><T81/><D71/><U38/><E73/><V65/><F125/><W61/><G61/><T22/><D66/><U0/><E0/><V83/><F134/><N who="3" m="51211" /><G94/><T106/><D106/><U49/><E78/><V77/><F100/><W72/><G72/><T27/><D81/><U13/><E13/><V64/><F64/><W95/><G95/><T130/><D130/><U121/><E26/><V96/><F39/><W32/><G109/><T9/><REACH who="0" step="1"/><D54/><REACH who="0" ten="270,250,230,240" step="2"/><U36/><E121/><V87/><F34/><W52/><G52/><T2/><D2/><U56/><E105/><V69/><F69/><W103/><G128/><T19/><AGARI ba="1,1" hai="8,9,11,12,17,19,22,27,48,55,58,79,80,85" machi="19" ten="20,12000,1" yaku="1,1,0,1,7,1,8,1,53,1" doraHai="97" doraHaiUra="74" who="0" fromWho="0" sc="270,133,250,-41,230,-41,240,-41" /><INIT seed="0,2,0,1,5,45" ten="403,209,189,199" oya="0" hai0="107,53,40,134,99,31,67,101,117,70,60,35,126" hai1="69,48,95,27,130,105,16,98,21,52,76,90,26" hai2="102,132,81,65,64,103,87,82,3,19,112,91,8" hai3="77,110,6,51,46,86,125,23,124,32,74,83,54"/><T22/><D117/><U47/><E69/><V50/><F112/><W129/><G32/><T80/><D126/><N who="3" m="48745" /><G110/><T97/><D134/><U75/><E105/><V118/><F118/><W66/><G129/><T9/><D40/><U14/><REACH who="1" step="1"/><E130/><REACH who="1" ten="403,199,189,199" step="2"/><V111/><F132/><W61/><G6/><T0/><D70/><U25/><E25/><V37/><F111/><W18/><G74/><T57/><D107/><U89/><E89/><V94/><F91/><W131/><G131/><T113/><D113/><U122/><E122/><V116/><F116/><W120/><G120/><T92/><D101/><U4/><E4/><V2/><F103/><W71/><G71/><T34/><D34/><U121/><E121/><V12/><F102/><W36/><G36/><T128/><D35/><U29/><E29/><V13/><F37/><W119/><G119/><T10/><D31/><U133/><E133/><V93/><F19/><W73/><G73/><T58/><D128/><U43/><E43/><V78/><F78/><W123/><G123/><T44/><D99/><U38/><E38/><V108/><F108/><W20/><G18/><T5/><D97/><U62/><E62/><V15/><F87/><W72/><G72/><T11/><D60/><U68/><E68/><V17/><F17/><W56/><AGARI ba="2,1" hai="20,23,46,51,54,56,61,66,77,83,86" m="48745" machi="56" ten="30,2000,0" yaku="18,1,52,1" doraHai="45" who="3" fromWho="3" sc="403,-12,199,-7,189,-7,199,36" /><INIT seed="1,0,0,4,4,17" ten="391,192,182,235" oya="1" hai0="83,70,134,4,77,46,94,12,9,98,1,133,10" hai1="84,90,48,89,32,78,111,130,28,57,102,8,54" hai2="52,45,106,126,87,51,96,129,74,120,6,69,119" hai3="30,88,135,56,80,20,47,31,0,25,34,53,21"/><U63/><E130/><V103/><F119/><W132/><G0/><T100/><D70/><U13/><E32/><V92/><F120/><W2/><G2/><T36/><D46/><U128/><E128/><V68/><F129/><W60/><G47/><T118/><D36/><U15/><E28/><V122/><F122/><W27/><G34/><T19/><REACH who="0" step="1"/><D118/><REACH who="0" ten="381,192,182,235" step="2"/><U33/><E57/><V55/><F126/><W131/><G131/><T125/><D125/><U95/><E111/><V81/><F68/><W5/><G5/><T109/><D109/><U107/><E48/><V91/><F6/><W62/><G62/><T66/><D66/><U108/><E63/><V99/><F69/><W35/><G35/><T26/><D26/><U49/><E49/><V7/><F7/><W121/><G121/><T65/><D65/><U104/><E33/><V124/><F124/><W72/><G72/><AGARI ba="0,1" hai="1,4,9,10,12,19,72,77,83,94,98,100,133,134" machi="72" ten="40,1300,0" yaku="1,1,53,0" doraHai="17" doraHaiUra="110" who="0" fromWho="3" sc="381,23,192,0,182,0,235,-13" /><INIT seed="2,0,0,5,2,87" ten="404,192,182,222" oya="2" hai0="50,125,4,19,132,56,79,51,12,72,122,60,23" hai1="64,6,34,71,120,21,18,66,80,22,81,43,111" hai2="44,105,127,24,100,126,134,86,39,10,112,82,85" hai3="99,8,11,42,78,26,67,2,101,76,57,15,89"/><V135/><F112/><W16/><G42/><T13/><D122/><U0/><E34/><V38/><F10/><W117/><G117/><T68/><D68/><U74/><E111/><V25/><F100/><W123/><G123/><T107/><D107/><U84/><E120/><V116/><F105/><W45/><G45/><T47/><D72/><U61/><E43/><V110/><F116/><W52/><G67/><T131/><D79/><U88/><E66/><V29/><F110/><W3/><G26/><N who="2" m="10345" /><F29/><W98/><G2/><T133/><D125/><N who="2" m="47626" /><F44/><W128/><G128/><T77/><D47/><U20/><E74/><V40/><F40/><W32/><G32/><T106/><D106/><U83/><REACH who="1" step="1"/><E18/><REACH who="1" ten="404,182,182,222" step="2"/><V41/><F41/><W124/><G124/><T104/><D19/><U91/><E91/><N who="2" m="51639" /><F86/><W33/><G33/><T9/><D131/><U121/><E121/><V58/><F58/><W65/><G57/><T5/><D56/><U54/><E54/><V55/><F55/><W130/><G52/><T53/><D53/><U90/><E90/><V95/><F95/><N who="3" m="56687" /><G65/><T96/><D104/><U49/><E49/><V14/><F14/><W63/><G15/><T102/><D51/><U31/><E31/><V27/><N who="2" m="10353" /><V62/><DORA hai="97" /><F62/><W46/><G63/><T108/><D50/><U93/><E93/><V129/><F129/><W103/><G130/><T36/><D60/><U118/><E118/><V69/><F69/><W92/><G92/><T70/><D70/><U75/><E75/><V17/><F17/><W94/><G16/><T114/><D13/><U73/><E73/><RYUUKYOKU ba="0,1" sc="404,-15,182,15,182,15,222,-15" hai1="0,6,20,21,22,61,64,71,80,81,83,84,88" hai2="38,39,134,135" /><INIT seed="2,1,1,1,2,100" ten="389,197,197,207" oya="2" hai0="27,31,44,38,45,119,97,23,120,30,111,75,55" hai1="132,8,34,116,11,125,36,78,63,14,56,22,107" hai2="21,131,39,88,81,74,61,135,109,4,32,108,130" hai3="73,54,68,103,83,96,58,19,70,3,106,26,2"/><V80/><F32/><W5/><G68/><T67/><D75/><U102/><E116/><V92/><F39/><W28/><G70/><T117/><D120/><U89/><E34/><V15/><F61/><W123/><G123/><T105/><D111/><N who="2" m="42570" /><F135/><W9/><G19/><T77/><D77/><U126/><E36/><V62/><F62/><W94/><G83/><N who="2" m="31817" /><F74/><W121/><G73/><T86/><D67/><U52/><E78/><V35/><F35/><W46/><G121/><T128/><D128/><N who="2" m="49194" /><F21/><W60/><G46/><T122/><D44/><U113/><E132/><V69/><F69/><W112/><G112/><T42/><D45/><U41/><E113/><V7/><F15/><W115/><G115/><T1/><D23/><U118/><E22/><V101/><F101/><W53/><G3/><T84/><D38/><U24/><E118/><V0/><F0/><W99/><G2/><T51/><D1/><U124/><E14/><V33/><F33/><W29/><G103/><T25/><D119/><U133/><E133/><V129/><N who="2" m="49202" /><V65/><DORA hai="40" /><F65/><W20/><G20/><T48/><D117/><U10/><E24/><V82/><N who="2" m="31825" /><V90/><DORA hai="66" /><F90/><W104/><G26/><T17/><D25/><U134/><E134/><V47/><F47/><W49/><G60/><T16/><D27/><U91/><E41/><V18/><F18/><W95/><G29/><T71/><D16/><U114/><E114/><V57/><F57/><W59/><G28/><T37/><D30/><U85/><E102/><V13/><F13/><W43/><G58/><T6/><D17/><RYUUKYOKU ba="1,1" sc="389,-10,197,-10,197,30,207,-10" hai2="4,7,88,92" /><INIT seed="2,2,1,2,2,77" ten="379,187,227,197" oya="2" hai0="97,50,74,106,58,36,104,1,93,18,131,85,64" hai1="135,121,56,111,76,62,55,120,46,87,70,16,26" hai2="90,11,95,113,125,59,24,83,15,98,82,39,27" hai3="37,7,88,0,28,10,63,105,3,53,86,42,100"/><V20/><F113/><W49/><G28/><T35/><D1/><U96/><E111/><V67/><F39/><W32/><G32/><T133/><D36/><U124/><E135/><V34/><F34/><W132/><G132/><T38/><D38/><U115/><E115/><V68/><F68/><W43/><G37/><T75/><D35/><U80/><E124/><V103/><F125/><W118/><G118/><T54/><D64/><U102/><E70/><V60/><F90/><W65/><G3/><T25/><D85/><U122/><E46/><V78/><F78/><W101/><G105/><T12/><D25/><N who="2" m="9802" /><F20/><W89/><G89/><T8/><D75/><U91/><E76/><V19/><AGARI ba="2,1" hai="11,15,19,59,60,67,82,83,95,98,103" m="9802" machi="19" ten="30,6000,0" yaku="8,1,52,2" doraHai="77" who="2" fromWho="2" sc="379,-22,187,-22,227,76,197,-22" /><INIT seed="2,3,0,0,0,74" ten="357,165,303,175" oya="2" hai0="53,81,77,62,24,26,135,134,37,133,66,78,23" hai1="43,57,101,31,47,25,82,10,100,60,79,108,44" hai2="123,116,115,96,112,106,39,58,92,20,19,35,30" hai3="49,76,111,118,64,55,80,89,113,4,107,117,56"/><V63/><F39/><W105/><G111/><T91/><D37/><U110/><E10/><V97/><F116/><W65/><G113/><T11/><D53/><U46/><E43/><V45/><F123/><W93/><G4/><T68/><D11/><U83/><E108/><V128/><F128/><W73/><G118/><T129/><D129/><U114/><E114/><V71/><F45/><W72/><G72/><T42/><D42/><U3/><E3/><V109/><F109/><W15/><G117/><T85/><D26/><U95/><E110/><V125/><F71/><W119/><G119/><T1/><D1/><U29/><E95/><V70/><F70/><W21/><G107/><T2/><D2/><U99/><E99/><V102/><F125/><W48/><G48/><T61/><D62/><U7/><E7/><V120/><F120/><W84/><G105/><T98/><D98/><U27/><E27/><V54/><F35/><W33/><G33/><T0/><D0/><U126/><E83/><V51/><F51/><W69/><G69/><T52/><D52/><N who="1" m="33831" /><E126/><V13/><REACH who="2" step="1"/><F30/><AGARI ba="3,0" hai="23,24,30,61,66,68,77,78,81,85,91,133,134,135" machi="30" ten="40,5200,0" yaku="20,1,52,2" doraHai="74" who="0" fromWho="2" sc="357,61,165,0,303,-61,175,0" /><INIT seed="3,0,0,4,5,37" ten="418,165,242,175" oya="3" hai0="3,87,39,103,17,117,80,129,88,119,120,125,32" hai1="27,96,49,95,5,104,53,54,50,90,6,92,101" hai2="4,7,11,124,102,110,84,126,47,64,52,33,131" hai3="9,89,132,118,71,111,46,0,42,74,63,98,62"/><W78/><G118/><T26/><D39/><U40/><E40/><V109/><F33/><W85/><G132/><T45/><D3/><U122/><E122/><V116/><F116/><W76/><G74/><T106/><D45/><N who="1" m="27823" /><E27/><V72/><F64/><W61/><G71/><T100/><D88/><U97/><E104/><V67/><F67/><W83/><G111/><N who="2" m="42505" /><F72/><W123/><G123/><T48/><D87/><U107/><E107/><V10/><F102/><W15/><G98/><T16/><D80/><U23/><E23/><V38/><F84/><W36/><REACH who="3" step="1"/><G0/><REACH who="3" ten="418,165,242,165" step="2"/><T59/><D119/><U44/><AGARI ba="0,1" hai="5,6,44,50,54,90,92,95,96,97,101" m="27823" machi="44" ten="30,1100,0" yaku="8,1" doraHai="37" who="1" fromWho="1" sc="418,-3,165,21,242,-3,165,-5" owari="415,51.5,186,-21.4,239,3.9,160,-34.0" /></mjloggm>