<mjloggm ver="2.3"><GO type="225" lobby="0"/><UN n0="%E5%A4%9C%E5%85%89%E5%A4%A9%E6%A5%BC" n1="%E3%81%B5%E3%81%98%E3%81%8B%E3%81%A4" n2="%E7%99%BD%E6%97%A5%E9%9B%AA%E8%8F%9C" n3="%E8%BE%9B%E5%8F%A3%E3%82%AB%E3%83%AC%E3%83%BC%E3%83%A9%E3%82%A4%E3%82%B9" dan="17,17,17,17" rate="2174.42,2218.84,2213.49,2252.83" sx="M,M,M,M"/><TAIKYOKU oya="0"/><INIT seed="0,0,0,4,3,91" ten="250,250,250,250" oya="0" hai0="25,126,57,48,63,127,111,28,12,125,129,78,86" hai1="76,37,81,119,11,55,90,95,100,84,0,62,51" hai2="7,14,16,45,8,132,120,122,133,60,64,61,104" hai3="102,135,93,38,106,121,114,42,108,23,40,74,9"/><T99/><D129/><U89/><E119/><V6/><F104/><W83/><G114/><T128/><D128/><U85/><E37/><V66/><F45/><W110/><G106/><T29/><D48/><U80/><E62/><V10/><REACH who="2" step="1"/><F14/><REACH who="2" ten="250,250,240,250" step="2"/><W59/><G110/><T13/><D111/><U131/><E131/><V98/><F98/><W5/><G108/><T79/><D99/><N who="1" m="59519" /><E0/><V43/><F43/><W109/><G42/><T101/><D12/><U27/><E27/><V47/><F47/><W103/><G40/><T53/><D13/><U46/><E11/><V113/><F113/><W82/><G9/><T33/><D101/><U68/><E68/><V32/><F32/><W70/><G103/><T2/><D2/><U20/><E20/><V31/><F31/><W21/><G21/><T116/><D29/><U56/><E46/><V30/><F30/><W115/><G23/><T124/><D124/><U72/><E72/><V1/><F1/><W41/><G74/><T34/><D34/><U50/><E51/><V3/><F3/><W77/><G70/><T58/><D116/><U94/><E76/><V97/><F97/><W24/><G77/><N who="0" m="29195" /><D86/><U92/><AGARI ba="0,1" hai="50,55,56,80,81,84,85,89,90,92,94" m="59519" machi="92" ten="30,7900,0" yaku="8,1,52,3" doraHai="91" who="1" fromWho="1" sc="250,-39,250,89,240,-20,250,-20" /><INIT seed="1,0,0,0,5,126" ten="211,339,220,230" oya="1" hai0="85,99,96,129,74,9,92,70,63,36,21,71,84" hai1="28,2,20,113,135,119,60,95,26,79,15,10,81" hai2="75,16,104,7,45,77,37,130,128,19,97,23,86" hai3="110,108,89,73,53,22,102,93,121,18,32,134,51"/><U105/><E113/><V14/><F75/><W25/><G121/><T101/><D74/><U116/><E119/><V115/><F115/><W122/><G122/><T39/><D21/><U40/><E135/><V44/><F7/><W59/><G73/><T98/><D63/><U46/><E105/><V76/><F37/><N who="0" m="14410" /><D92/><U6/><E60/><V0/><F0/><W30/><G102/><T43/><D43/><U57/><E57/><V120/><F120/><W50/><G50/><T31/><D31/><U112/><E112/><V64/><F64/><W42/><G42/><T8/><D101/><U35/><E95/><V106/><F97/><W87/><REACH who="3" step="1"/><G134/><REACH who="3" ten="211,339,220,220" step="2"/><T82/><D82/><U13/><E116/><V17/><F106/><W69/><G69/><N who="0" m="26123" /><D129/><N who="2" m="49770" /><F104/><W12/><AGARI ba="0,1" hai="12,18,22,25,30,32,51,53,59,87,89,93,108,110" machi="12" ten="30,7900,0" yaku="1,1,0,1,25,2,53,0" doraHai="126" doraHaiUra="124" who="3" fromWho="3" sc="211,-20,339,-39,220,-20,220,89" /><INIT seed="2,0,0,4,2,94" ten="191,300,200,309" oya="2" hai0="78,23,96,89,3,129,132,90,21,103,134,33,61" hai1="126,125,67,34,20,22,91,119,12,62,43,2,13" hai2="86,114,71,16,111,18,83,92,106,99,14,98,8" hai3="58,112,64,73,57,53,124,80,82,133,0,128,7"/><V72/><F114/><W56/><G128/><T9/><D33/><U1/><E119/><V5/><F71/><W38/><G38/><T75/><D129/><U44/><E91/><N who="0" m="34825" /><D3/><N who="1" m="1035" /><E22/><V52/><F72/><W66/><G73/><T26/><D9/><U93/><E20/><V40/><F40/><W97/><G0/><T59/><D78/><U107/><E93/><V54/><F106/><W11/><G11/><T100/><D100/><U30/><E107/><V104/><F104/><W55/><G7/><T51/><D51/><U117/><E117/><V17/><F111/><W76/><G76/><T113/><D113/><U118/><E30/><V95/><F95/><W109/><G109/><T127/><D75/><U29/><E29/><V123/><F123/><W46/><G112/><T84/><D84/><U63/><E34/><V32/><F32/><W88/><G88/><T48/><D48/><N who="1" m="26655" /><E63/><V121/><F121/><W6/><G6/><T19/><D23/><U102/><E102/><N who="2" m="60743" /><F99/><W28/><G97/><T50/><D96/><U45/><E118/><V105/><F105/><W4/><G82/><T39/><D103/><U41/><E41/><V77/><AGARI ba="0,0" hai="5,8,14,16,17,18,52,54,77,83,86" m="60743" machi="77" ten="30,11700,0" yaku="8,1,52,1,54,2" doraHai="94" who="2" fromWho="2" sc="191,-39,300,-39,200,117,309,-39" /><INIT seed="2,1,0,5,0,81" ten="152,261,317,270" oya="2" hai0="16,82,115,101,26,84,44,11,53,12,118,57,4" hai1="93,25,86,114,47,0,54,88,18,56,119,132,127" hai2="71,28,105,41,121,89,94,5,70,17,35,100,37" hai3="83,75,23,42,67,43,63,78,13,108,58,6,69"/><V27/><F121/><W46/><G108/><T60/><D115/><U36/><E114/><V112/><F112/><W29/><G29/><T7/><D118/><U73/><E119/><V61/><F5/><W80/><G69/><T14/><D101/><U109/><E0/><V38/><F41/><W19/><G6/><T95/><D95/><U3/><E3/><V87/><F17/><W2/><G2/><T106/><D106/><U74/><E109/><V22/><F22/><W72/><REACH who="3" step="1"/><G46/><REACH who="3" ten="152,261,317,260" step="2"/><T76/><D26/><U48/><E127/><V133/><F71/><W32/><G32/><T52/><D14/><U34/><E34/><V97/><F133/><W59/><G59/><T24/><D24/><U129/><E132/><V90/><F90/><W1/><G1/><T135/><D135/><U31/><E31/><V123/><F123/><W49/><G49/><AGARI ba="1,1" hai="4,7,11,12,16,44,49,52,53,57,60,76,82,84" machi="49" ten="40,8000,1" yaku="8,1,52,1,54,2" doraHai="81" who="0" fromWho="3" sc="152,93,261,0,317,0,260,-83" /><INIT seed="3,0,0,5,1,8" ten="245,261,317,177" oya="3" hai0="24,106,92,126,85,3,17,42,49,83,123,124,118" hai1="0,37,135,7,26,99,66,101,55,78,74,82,32" hai2="18,57,112,130,110,12,67,98,60,81,65,91,86" hai3="131,62,50,34,88,76,119,56,45,22,120,87,105"/><W19/><G119/><T29/><D118/><U25/><E135/><V36/><F112/><W73/><G120/><T53/><D106/><U108/><E108/><V96/><F36/><W52/><G105/><T90/><D3/><U111/><E111/><V125/><F125/><N who="0" m="48234" /><D42/><U23/><E66/><N who="2" m="25099" /><F130/><W134/><G34/><T21/><D123/><U79/><E79/><V10/><F110/><W41/><G134/><T129/><D129/><U122/><E55/><AGARI ba="0,0" hai="10,12,18,55,57,60,81,86,91,96,98" m="25099" machi="55" ten="30,2000,0" yaku="8,1,52,1" doraHai="8" who="2" fromWho="1" sc="245,0,261,-20,317,20,177,0" owari="245,4.5,241,-15.9,337,43.7,177,-32.3" /></mjloggm>