<mjloggm ver="2.3"><GO type="225" lobby="0"/><UN n0="%E6%A0%B9%E5%85%83%E3%81%8B%E3%82%89%E5%90%B9%E3%81%A3%E9%A3%9B%E3%81%B6" n1="%E5%AE%AE%E4%BF%9D%E9%B6%8F%E8%82%89" n2="%72%69%6F%75%63%68%61%6E" n3="%E8%91%89%E5%B1%B1%E9%99%BD%E5%92%8C" dan="16,16,17,16" rate="2176.28,2107.17,2264.47,2088.45" sx="F,M,M,F"/><TAIKYOKU oya="0"/><INIT seed="0,0,0,3,3,58" ten="250,250,250,250" oya="0" hai0="127,119,57,44,84,88,16,93,54,89,120,105,101" hai1="1,77,135,107,15,22,131,99,41,62,113,47,29" hai2="27,39,13,130,8,78,116,19,6,9,52,33,100" hai3="83,35,10,106,60,97,104,0,91,117,56,92,115"/><T86/><D119/><U108/><E1/><V14/><F116/><W112/><G117/><T51/><D120/><U126/><E108/><V34/><F39/><W4/><G35/><T55/><D127/><U66/><E126/><V98/><F130/><W38/><G38/><T46/><D105/><U110/><E110/><V23/><F78/><W49/><G49/><T53/><D101/><U42/><E77/><V68/><F68/><W129/><G83/><T20/><D54/><U69/><E135/><V114/><F114/><W36/><G36/><T109/><D53/><U81/><E81/><V3/><F52/><W90/><G90/><T31/><D31/><U70/><E70/><V65/><F65/><W18/><G18/><T40/><D40/><U122/><E131/><V73/><F73/><W118/><G129/><T17/><D17/><U67/><E67/><V43/><F43/><W123/><G123/><T71/><D71/><U79/><E79/><V2/><F98/><W76/><G76/><T82/><D109/><U24/><E122/><V128/><F100/><W37/><G37/><T95/><D82/><U28/><E113/><N who="3" m="43594" /><G118/><T75/><D75/><U74/><E74/><V21/><F128/><W94/><G94/><T25/><AGARI ba="0,0" hai="16,20,25,44,46,51,55,57,84,86,88,89,93,95" machi="25" ten="20,18000,2" yaku="0,1,7,1,9,1,8,1,54,2" doraHai="58" who="0" fromWho="0" sc="250,180,250,-60,250,-60,250,-60" /><INIT seed="0,1,0,5,0,115" ten="430,190,190,190" oya="0" hai0="80,99,33,14,66,70,35,82,40,132,73,56,85" hai1="92,107,38,20,53,17,45,19,59,108,77,43,15" hai2="50,102,37,62,48,118,32,31,41,64,126,111,114" hai3="134,36,44,16,2,124,49,130,83,10,39,47,1"/><T117/><D117/><U22/><E108/><V11/><F114/><W100/><G134/><T129/><D129/><U122/><E122/><V101/><F111/><W110/><G110/><T81/><D73/><U71/><E107/><V63/><F126/><W28/><G130/><T0/><D0/><U93/><E71/><V29/><F11/><W105/><G124/><T18/><D70/><U60/><REACH who="1" step="1"/><E77/><REACH who="1" ten="430,180,190,190" step="2"/><V58/><F118/><W57/><G105/><T51/><D132/><U65/><E65/><V127/><F127/><W34/><G1/><T21/><D66/><U123/><E123/><V24/><F29/><W6/><G28/><T69/><D69/><U135/><E135/><V84/><F63/><W74/><G2/><T4/><D33/><U68/><E68/><V119/><F119/><W12/><G34/><T121/><D35/><U72/><E72/><V91/><F37/><W3/><G36/><T90/><D121/><U8/><E8/><V128/><F128/><W55/><G39/><T125/><D125/><U96/><E96/><V94/><REACH who="2" step="1"/><F50/><REACH who="2" ten="430,180,180,190" step="2"/><W46/><G3/><T7/><D51/><U104/><E104/><V87/><F87/><W112/><G112/><T23/><D85/><U79/><E79/><V116/><F116/><W25/><G74/><T78/><D78/><U61/><E61/><V13/><F13/><AGARI ba="1,2" hai="13,15,17,19,20,22,38,43,45,53,59,60,92,93" machi="13" ten="30,3900,0" yaku="1,1,7,1,9,1,53,0" doraHai="115" doraHaiUra="103" who="1" fromWho="2" sc="430,0,180,62,180,-42,190,0" /><INIT seed="1,0,0,1,0,124" ten="430,242,138,190" oya="1" hai0="73,42,57,116,28,67,133,105,15,115,118,60,109" hai1="52,100,45,83,69,135,34,53,101,121,1,130,102" hai2="79,66,120,89,0,88,7,44,32,128,129,98,37" hai3="16,81,96,26,11,10,122,72,68,103,9,18,33"/><U35/><E121/><V51/><F120/><W24/><G68/><T31/><D105/><U80/><E69/><V21/><F32/><W84/><G72/><T25/><D73/><U119/><E1/><V94/><F37/><W41/><G41/><T75/><D75/><U27/><E119/><V29/><F79/><W43/><G43/><T65/><D115/><U86/><E135/><V93/><F66/><W76/><G122/><T71/><D133/><U112/><E112/><V14/><F0/><W78/><G78/><T64/><D42/><U23/><E130/><N who="2" m="50283" /><F29/><W46/><G46/><T63/><D67/><U111/><E111/><V19/><F7/><W85/><G85/><T104/><D109/><U13/><E45/><V125/><F125/><W39/><G39/><T12/><D104/><U95/><E13/><V132/><F132/><W92/><REACH who="3" step="1"/><G33/><REACH who="3" ten="430,242,138,180" step="2"/><T114/><D114/><U59/><E34/><V56/><F56/><W30/><G30/><T131/><D131/><U4/><E35/><V8/><F21/><W127/><G127/><T62/><D31/><U2/><E59/><V5/><F19/><AGARI ba="0,1" hai="9,10,11,16,18,19,24,26,76,81,84,92,96,103" machi="19" ten="40,5200,0" yaku="1,1,8,1,54,1,53,0" doraHai="124" doraHaiUra="55" who="3" fromWho="2" sc="430,0,242,0,138,-52,180,62" /><INIT seed="2,0,0,1,0,21" ten="430,242,86,242" oya="2" hai0="57,109,60,106,112,134,7,85,89,33,24,87,54" hai1="46,1,93,114,62,71,30,115,65,132,13,68,55" hai2="120,0,116,135,101,53,17,108,36,81,79,44,99" hai3="117,39,90,8,35,56,50,41,29,51,27,131,15"/><V107/><F116/><W45/><G117/><T49/><D112/><U64/><E1/><V96/><F120/><W23/><G131/><T58/><D106/><U31/><E132/><V77/><F135/><W12/><G90/><T74/><D74/><U86/><E13/><V104/><F0/><W72/><G72/><T10/><D109/><U121/><E121/><V119/><F119/><W83/><G83/><T11/><D134/><U105/><E105/><V76/><F108/><W70/><G70/><T25/><D33/><U128/><E128/><V59/><F17/><W80/><G80/><N who="0" m="49319" /><D87/><U129/><E129/><V124/><F124/><W20/><G12/><N who="0" m="5215" /><D11/><U82/><E93/><V9/><F9/><W102/><G39/><T28/><D28/><U69/><E30/><V88/><F99/><W34/><G34/><T92/><D92/><U4/><E31/><V40/><F107/><W95/><G95/><T19/><D19/><U118/><E4/><V2/><F2/><W103/><G23/><T75/><D75/><U133/><E133/><V84/><REACH who="2" step="1"/><F76/><REACH who="2" ten="430,242,76,242" step="2"/><W3/><G3/><T26/><D60/><AGARI ba="0,1" hai="36,40,44,53,59,60,77,79,81,84,88,96,101,104" machi="60" ten="30,12000,1" yaku="1,1,2,1,7,1,54,1,53,1" doraHai="21" doraHaiUra="37" who="2" fromWho="0" sc="430,-120,242,0,76,130,242,0" /><INIT seed="2,1,0,4,3,108" ten="310,242,206,242" oya="2" hai0="103,19,64,135,121,94,78,20,37,104,75,106,41" hai1="105,38,59,80,86,24,102,31,74,112,9,34,120" hai2="72,91,5,42,40,3,73,69,107,101,96,45,125" hai3="131,118,39,84,98,32,51,65,44,47,89,81,49"/><V60/><F125/><W57/><G118/><T55/><D121/><U117/><E117/><V11/><F91/><W127/><G127/><T113/><D113/><U18/><E38/><V22/><F22/><W15/><G32/><T133/><D64/><U27/><E112/><V2/><F2/><W111/><G111/><T114/><D55/><U33/><E74/><V130/><F130/><W79/><G131/><T16/><D41/><U126/><E126/><V54/><F40/><W70/><G39/><T62/><D62/><U10/><E120/><V50/><REACH who="2" step="1"/><F54/><REACH who="2" ten="310,242,196,242" step="2"/><W93/><G89/><T7/><D20/><U14/><E34/><V13/><F13/><W87/><G15/><T28/><D114/><U8/><E14/><V63/><F63/><W90/><G90/><T52/><D135/><U76/><E33/><V36/><F36/><W26/><G26/><T67/><D52/><U119/><E27/><V88/><F88/><W56/><G51/><T29/><D133/><U110/><E110/><V46/><F46/><W53/><G44/><T58/><D37/><U123/><E119/><V1/><F1/><W0/><G0/><T122/><D122/><U83/><E123/><V128/><F128/><W77/><G47/><T115/><D115/><U48/><E24/><V6/><F6/><W109/><G109/><T71/><D7/><U82/><E8/><V21/><F21/><W124/><G124/><T43/><D43/><U68/><E9/><V23/><F23/><W92/><G49/><T17/><D17/><U134/><E18/><V100/><F100/><N who="3" m="60487" /><G53/><T66/><D103/><RYUUKYOKU ba="1,1" sc="310,-10,242,-10,196,30,242,-10" hai2="3,5,11,42,45,50,60,69,72,73,96,101,107" /><INIT seed="2,2,1,2,0,39" ten="300,232,226,232" oya="2" hai0="84,102,75,4,106,101,42,134,131,114,18,59,69" hai1="92,20,99,49,98,70,68,122,51,14,16,87,29" hai2="94,37,133,127,62,125,128,5,96,56,27,97,22" hai3="65,8,117,82,73,9,48,7,66,90,119,61,88"/><V50/><F37/><W15/><G66/><T77/><D114/><U38/><E38/><V129/><F5/><W3/><G48/><N who="1" m="18506" /><E68/><V115/><F115/><W79/><G117/><T26/><D69/><U25/><E70/><V76/><F76/><W100/><G100/><T104/><D75/><U19/><E122/><V23/><F50/><W35/><G35/><T81/><D4/><U36/><E36/><V55/><F133/><W71/><REACH who="3" step="1"/><G119/><REACH who="3" ten="300,232,226,222" step="2"/><T85/><D101/><U67/><E67/><V53/><F53/><W41/><G41/><T105/><D42/><U123/><E123/><V116/><F116/><W52/><G52/><T58/><D102/><U132/><E132/><V108/><F108/><W46/><G46/><T10/><D134/><U6/><E6/><AGARI ba="2,2" hai="3,6,7,8,9,15,61,65,71,73,79,82,88,90" machi="6" ten="30,3900,0" yaku="1,1,7,1,54,1,53,0" doraHai="39" doraHaiUra="91" who="3" fromWho="1" sc="300,0,232,-45,226,0,222,65" /><INIT seed="3,0,0,2,5,96" ten="300,187,226,287" oya="3" hai0="87,117,88,71,131,91,134,59,108,73,11,7,4" hai1="77,29,24,9,69,104,56,97,27,99,0,54,119" hai2="53,13,92,61,67,100,30,105,12,132,115,109,129" hai3="118,116,57,10,37,110,78,18,83,123,94,36,6"/><W135/><G123/><T85/><D117/><U127/><E69/><V128/><F115/><W121/><G121/><T42/><D71/><U106/><E119/><V33/><F109/><W21/><G110/><T32/><D32/><U75/><E127/><V65/><F132/><W79/><G135/><T40/><D73/><U120/><E120/><V111/><F111/><W84/><G79/><T72/><D72/><U107/><E99/><N who="2" m="61599" /><F53/><W25/><G94/><N who="0" m="54543" /><D131/><N who="2" m="50250" /><F92/><W35/><G35/><T64/><D108/><U130/><E130/><V41/><F41/><N who="0" m="15978" /><D11/><U81/><E97/><V66/><F61/><W55/><G116/><T16/><D16/><U44/><E44/><V80/><F80/><W74/><G74/><T101/><D101/><U86/><E75/><V48/><F48/><W2/><G118/><T93/><D134/><U51/><REACH who="1" step="1"/><E29/><REACH who="1" ten="300,177,226,287" step="2"/><V63/><F63/><AGARI ba="0,1" hai="2,6,10,18,21,25,36,37,55,57,63,78,83,84" machi="63" ten="30,1500,0" yaku="7,1" doraHai="96" who="3" fromWho="2" sc="300,0,177,0,226,-15,287,25" /><AGARI ba="0,0" hai="4,7,59,63,64,87,91,93" m="15978,54543" machi="63" ten="30,2000,0" yaku="8,1,54,1" doraHai="96" who="0" fromWho="2" sc="300,20,177,0,211,-20,312,0" /><INIT seed="3,1,0,4,0,61" ten="320,177,191,312" oya="3" hai0="13,93,114,87,10,55,79,100,94,69,4,84,2" hai1="39,129,76,21,29,62,103,66,50,5,132,99,75" hai2="16,49,106,65,71,68,36,134,89,95,77,112,70" hai3="53,41,73,33,108,7,3,28,45,52,107,9,63"/><W119/><G119/><T74/><D69/><U130/><E39/><V126/><F112/><W111/><G107/><T115/><D2/><U117/><E132/><V32/><F106/><W60/><G73/><T57/><D74/><U44/><E5/><V97/><F36/><N who="3" m="21671" /><G60/><N who="0" m="35903" /><D79/><U127/><E117/><V104/><F126/><W81/><G81/><T110/><D110/><N who="3" m="42025" /><G63/><T67/><D67/><U88/><E127/><V90/><F65/><W72/><G72/><T133/><D133/><U24/><E88/><V80/><F89/><W14/><G3/><T78/><D100/><U20/><E20/><V101/><F104/><W37/><G37/><T23/><D23/><U30/><E30/><V26/><F134/><W118/><G118/><T86/><D78/><U27/><E27/><AGARI ba="1,0" hai="7,9,14,27,28,33,52,53" m="42025,21671" machi="27" ten="30,5800,0" yaku="14,1,10,1,54,1" doraHai="61" who="3" fromWho="1" sc="320,0,177,-61,191,0,312,61" owari="320,12.0,116,-38.4,191,-20.9,373,47.3" /></mjloggm>