<mjloggm ver="2.3"><GO type="225" lobby="0"/><UN n0="%E3%81%86%E3%82%8C%E3%81%9F%E3%82%93%E6%9E%95" n1="%30%2E%31%32%30" n2="%4B%2E%32%2E%4B%2E" n3="%E5%86%B7%E5%87%8D%E3%82%AE%E3%83%A7%E3%83%BC%E3%82%B6" dan="16,16,17,16" rate="2096.92,2125.35,2186.31,2123.68" sx="F,M,M,M"/><TAIKYOKU oya="0"/><INIT seed="0,0,0,3,3,9" ten="250,250,250,250" oya="0" hai0="12,72,93,117,10,11,73,91,103,89,1,114,116" hai1="90,42,49,107,100,121,20,60,38,99,135,94,53" hai2="35,31,69,13,104,112,29,102,109,58,36,30,19" hai3="52,26,65,24,123,34,85,71,57,44,28,106,101"/><T43/><D114/><U133/><E121/><V98/><F112/><W125/><G125/><T37/><D103/><U97/><E60/><V120/><F120/><W124/><G124/><T131/><D131/><U40/><E38/><V70/><F35/><W119/><G119/><T54/><D1/><U130/><E130/><V45/><F109/><W7/><G123/><T96/><D43/><U14/><E42/><V32/><F32/><W27/><G7/><T39/><D54/><U108/><E40/><V92/><F36/><W33/><G44/><T47/><D93/><U16/><REACH who="1" step="1"/><E108/><REACH who="1" ten="250,240,250,250" step="2"/><V84/><F70/><W68/><G68/><T75/><D47/><AGARI ba="0,1" hai="14,16,20,47,49,53,90,94,97,99,100,107,133,135" machi="47" ten="40,8000,1" yaku="1,1,2,1,52,1,54,1,53,0" doraHai="9" doraHaiUra="5" who="1" fromWho="0" sc="250,-80,240,90,250,0,250,0" /><INIT seed="1,0,0,2,5,114" ten="170,330,250,250" oya="1" hai0="53,120,104,34,80,17,28,13,94,8,101,37,1" hai1="29,123,50,36,41,96,19,25,71,60,54,83,111" hai2="33,9,55,84,58,75,108,126,5,51,131,105,88" hai3="73,93,10,95,43,21,27,3,103,124,31,49,82"/><U115/><E123/><V81/><F108/><W99/><G124/><T47/><D120/><U45/><E115/><V69/><F126/><W130/><G130/><T128/><D128/><U30/><E111/><V26/><F131/><W74/><G82/><T42/><D104/><U23/><E83/><V64/><F105/><W44/><G3/><T0/><D80/><U56/><REACH who="1" step="1"/><E96/><REACH who="1" ten="170,320,250,250" step="2"/><V66/><F75/><W12/><REACH who="3" step="1"/><G95/><REACH who="3" ten="170,320,250,240" step="2"/><T77/><D94/><U113/><E113/><V110/><F110/><W78/><G78/><T91/><D77/><U24/><E24/><V112/><F112/><W132/><G132/><T65/><D0/><U121/><E121/><V40/><F26/><W100/><G100/><T86/><D1/><U32/><E32/><V122/><F33/><W18/><AGARI ba="0,2" hai="10,12,18,21,27,31,43,44,49,73,74,93,99,103" machi="18" ten="20,5200,0" yaku="1,1,0,1,7,1,53,1" doraHai="114" doraHaiUra="11" who="3" fromWho="3" sc="170,-13,320,-26,250,-13,240,72" /><INIT seed="2,0,0,5,4,65" ten="157,294,237,312" oya="2" hai0="28,29,92,33,120,51,103,126,107,80,119,96,89" hai1="35,109,108,111,52,32,14,50,91,4,27,79,20" hai2="117,40,59,99,13,72,48,25,41,102,85,121,114" hai3="26,34,46,106,22,57,5,131,43,93,1,94,6"/><V23/><F72/><W116/><G116/><T77/><D119/><U17/><E79/><V75/><F75/><W101/><G34/><T124/><D120/><U104/><E104/><V63/><F117/><W133/><G131/><T90/><D51/><U18/><E4/><V134/><F114/><W78/><G78/><T87/><D89/><U127/><E91/><V97/><F121/><W60/><G106/><T132/><D132/><U110/><E127/><V61/><F13/><W31/><G1/><T81/><D33/><U19/><N who="1" m="27648" /><DORA hai="12" /><U130/><E130/><V8/><F8/><W84/><G84/><T38/><D38/><U88/><E88/><V66/><F85/><W54/><G133/><T125/><REACH who="0" step="1"/><D80/><REACH who="0" ten="147,294,237,312" step="2"/><U53/><E50/><V67/><F48/><N who="3" m="26719" /><G101/><T15/><D15/><U74/><E14/><V47/><F134/><W37/><G37/><T55/><D55/><N who="1" m="21067" /><E74/><AGARI ba="0,1" hai="28,29,74,77,81,87,90,92,96,103,107,124,125,126" machi="74" ten="40,8000,1" yaku="1,1,24,2,18,1,53,1" doraHai="65,12" doraHaiUra="95,10" who="0" fromWho="1" sc="147,90,294,-80,237,0,312,0" /><INIT seed="3,0,0,4,2,113" ten="237,214,237,312" oya="3" hai0="33,37,115,5,63,27,22,106,121,26,95,74,90" hai1="7,86,38,120,71,110,83,47,80,123,9,131,126" hai2="102,57,17,133,56,70,107,11,67,68,13,59,14" hai3="29,99,87,81,1,61,88,79,85,92,8,28,12"/><W77/><G1/><T40/><D121/><U72/><E71/><V97/><F133/><W73/><G61/><T114/><D74/><U76/><E126/><V58/><N who="2" m="14336" /><DORA hai="55" /><V6/><REACH who="2" step="1"/><F67/><REACH who="2" ten="237,214,227,312" step="2"/><W116/><G116/><T42/><D114/><U48/><E110/><V101/><F101/><W65/><G65/><T108/><D115/><U109/><E109/><V96/><F96/><W104/><G99/><T112/><D108/><U43/><E131/><V135/><F135/><W64/><G64/><T45/><D112/><U98/><E98/><V41/><F41/><W105/><G105/><T66/><D106/><U0/><REACH who="1" step="1"/><E48/><REACH who="1" ten="237,204,227,312" step="2"/><V39/><F39/><W122/><G122/><T34/><D37/><U30/><E30/><V31/><F31/><W134/><G134/><T130/><D66/><U118/><E118/><V16/><F16/><W51/><G51/><T132/><D132/><U32/><E32/><V23/><AGARI ba="0,2" hai="6,11,13,14,17,23,68,70,97,102,107" m="14336" machi="23" ten="40,16000,3" yaku="1,1,0,1,52,4,53,4" doraHai="113,55" doraHaiUra="89,53" who="2" fromWho="2" sc="237,-40,204,-40,227,180,312,-80" owari="197,-20.3,164,-33.6,407,50.7,232,3.2" /></mjloggm>