<mjloggm ver="2.3"><GO type="225" lobby="0"/><UN n0="%E3%83%AB%E3%83%9B%E3%83%B3%E3%83%87%E3%82%A3%E3%82%A8" n1="%72%65%6E%6B%75%6E" n2="%E3%83%AC%E3%82%A4%E3%83%88%E3%83%B3%E5%87%86%E6%95%99%E6%8E%88" n3="%E3%83%97%E3%83%92" dan="17,17,19,16" rate="2196.90,2205.44,2278.92,2164.17" sx="M,M,M,M"/><TAIKYOKU oya="0"/><INIT seed="0,0,0,5,3,73" ten="250,250,250,250" oya="0" hai0="112,50,115,7,85,131,107,45,110,128,122,52,124" hai1="58,1,90,22,13,10,123,97,36,46,28,0,75" hai2="78,98,30,23,55,11,100,76,84,114,130,83,129" hai3="111,104,48,92,72,16,81,86,74,35,101,47,77"/><T41/><D122/><U57/><E75/><V29/><F114/><N who="0" m="43562" /><D107/><U66/><E123/><V42/><F42/><W24/><G111/><T26/><D7/><U126/><E36/><V80/><F11/><W118/><G118/><T60/><D26/><N who="1" m="16471" /><E66/><V113/><F55/><W20/><G35/><T133/><D85/><U91/><E1/><V44/><F44/><W103/><G104/><T38/><D110/><U96/><E46/><V82/><F113/><W94/><G94/><T27/><D27/><U135/><E96/><V21/><F82/><W63/><G63/><T3/><D3/><U108/><E97/><V99/><REACH who="2" step="1"/><F84/><REACH who="2" ten="250,250,240,250" step="2"/><W15/><G74/><T4/><D4/><U62/><E10/><V56/><F56/><W18/><G72/><T65/><D133/><U59/><E135/><V33/><F33/><W14/><G92/><T87/><D87/><U49/><E0/><V69/><F69/><W120/><G120/><T31/><D124/><U17/><E108/><V32/><F32/><W119/><G119/><T70/><D31/><U125/><E62/><V88/><F88/><N who="1" m="33833" /><E49/><V61/><F61/><W39/><G39/><T25/><D25/><U127/><E57/><AGARI ba="0,1" hai="38,41,45,50,52,57,60,65,70,128,131" m="43562" machi="57" ten="30,11600,0" yaku="24,1,34,2,54,1" doraHai="73" who="0" fromWho="1" sc="250,126,250,-116,240,0,250,0" /><INIT seed="0,1,0,1,3,82" ten="376,134,240,250" oya="0" hai0="5,33,107,42,17,43,35,81,80,34,40,128,61" hai1="25,11,9,99,31,122,45,72,37,28,127,36,21" hai2="1,110,23,54,100,106,51,66,114,95,68,124,131" hai3="24,102,3,77,2,90,16,13,56,83,133,78,105"/><T18/><D107/><U38/><E72/><V74/><F114/><W85/><G133/><T4/><D61/><U121/><E127/><V134/><F124/><W111/><G111/><T86/><D128/><U0/><E31/><V130/><F110/><W60/><G24/><T113/><D113/><U123/><E0/><V26/><F74/><W62/><G2/><T92/><D92/><U55/><E55/><V88/><F1/><W126/><G3/><T132/><D132/><U10/><E45/><V116/><F134/><W30/><G30/><T20/><D81/><U96/><AGARI ba="1,0" hai="9,10,11,21,25,28,36,37,38,96,99,121,122,123" machi="96" ten="50,6400,0" yaku="0,1,29,2" doraHai="82" who="1" fromWho="1" sc="376,-33,134,67,240,-17,250,-17" /><INIT seed="1,0,0,3,3,54" ten="343,201,223,233" oya="1" hai0="23,119,5,40,2,57,7,127,94,90,9,82,19" hai1="51,61,42,109,95,37,46,105,4,6,29,55,0" hai2="64,117,110,89,79,114,24,93,77,126,115,58,113" hai3="121,34,122,25,100,87,104,12,3,60,41,31,85"/><U43/><E105/><V132/><F117/><W73/><G3/><T59/><D119/><U18/><E109/><V80/><F110/><W8/><G73/><T81/><D40/><N who="1" m="15403" /><E37/><V107/><F107/><W111/><G111/><T47/><D47/><U103/><E0/><V66/><F132/><W88/><G41/><T118/><D118/><U102/><E29/><V48/><F126/><W27/><G25/><T97/><D127/><U56/><E18/><V78/><F80/><N who="0" m="30826" /><D2/><U96/><E102/><V84/><F24/><W28/><G28/><T134/><D134/><U17/><E17/><V98/><F98/><W133/><G133/><T99/><D99/><U116/><E116/><V83/><F83/><W10/><G100/><T67/><D67/><AGARI ba="0,0" hai="4,6,46,51,55,56,61,67,95,96,103" m="15403" machi="67" ten="30,2900,0" yaku="8,1,52,1" doraHai="54" who="1" fromWho="0" sc="343,-29,201,29,223,0,233,0" /><INIT seed="1,1,0,1,2,76" ten="314,230,223,233" oya="1" hai0="100,23,43,56,132,38,62,9,84,127,96,115,39" hai1="65,110,53,3,75,29,71,89,15,98,57,11,91" hai2="122,119,19,134,123,124,28,44,128,22,30,8,49" hai3="105,126,95,130,34,18,81,69,77,36,66,12,58"/><U16/><E75/><V13/><F119/><W133/><G105/><T61/><D115/><U106/><E29/><V93/><F124/><W7/><G69/><T51/><D9/><U1/><E110/><V86/><F128/><W129/><G36/><T121/><D121/><U26/><E26/><V87/><F134/><W101/><G34/><T80/><D62/><U118/><E118/><V112/><F112/><W116/><G7/><T45/><D23/><U109/><E109/><V24/><F30/><W114/><G114/><T70/><D70/><U21/><E65/><V33/><F33/><W88/><G101/><T50/><D50/><U107/><E71/><V55/><REACH who="2" step="1"/><F93/><REACH who="2" ten="314,230,213,233" step="2"/><W25/><G126/><T94/><D132/><U111/><E111/><V10/><F10/><W42/><G133/><T82/><D127/><U47/><E106/><V46/><F46/><W78/><G116/><T27/><D45/><U117/><E47/><V35/><F35/><W131/><G95/><T74/><D94/><U108/><E117/><V73/><F73/><W20/><G129/><T72/><D74/><U92/><E107/><V67/><F67/><W83/><G66/><T14/><D72/><U59/><E108/><V52/><F52/><W31/><G130/><T17/><D43/><U68/><E11/><V113/><F113/><W103/><G42/><T64/><D64/><U32/><E32/><V79/><F79/><W63/><G77/><T54/><D54/><U48/><E68/><V90/><F90/><N who="1" m="34313" /><E57/><V2/><F2/><W120/><G58/><T40/><D56/><U125/><E125/><RYUUKYOKU ba="1,1" sc="314,-15,230,15,213,15,233,-15" hai1="1,3,15,16,21,48,53,59,92,98" hai2="8,13,19,22,24,28,44,49,55,86,87,122,123" /><INIT seed="1,2,1,3,5,67" ten="299,245,228,218" oya="1" hai0="126,87,11,50,41,24,37,27,2,22,31,61,110" hai1="114,12,95,73,3,74,63,85,104,129,106,123,38" hai2="76,57,66,52,100,94,124,125,88,112,113,134,78" hai3="99,75,119,98,34,48,4,21,103,33,18,47,86"/><U120/><E12/><V117/><F100/><W93/><G75/><N who="1" m="28682" /><E63/><N who="2" m="36263" /><F117/><W69/><G119/><T44/><D110/><U7/><E7/><V122/><F122/><N who="1" m="46633" /><E38/><V13/><F66/><W71/><G4/><T130/><D130/><U84/><E3/><V105/><F105/><N who="1" m="40553" /><E129/><V72/><F13/><W64/><G33/><T35/><D2/><U5/><E5/><V49/><F49/><W107/><G34/><T70/><D37/><U58/><E58/><V25/><F25/><W28/><G28/><T45/><D45/><U102/><E114/><N who="2" m="44139" /><F72/><W16/><G64/><T118/><D44/><U40/><E40/><V26/><F26/><W65/><G65/><T79/><D24/><U83/><E83/><V131/><F131/><W133/><G48/><T132/><D27/><U54/><E54/><V6/><F6/><W56/><G47/><T17/><D41/><U32/><E32/><V111/><F111/><W51/><G51/><T128/><D50/><U101/><E101/><V30/><F30/><W92/><G56/><T14/><D31/><U15/><E15/><V62/><F62/><W19/><G21/><T82/><D14/><U96/><AGARI ba="2,1" hai="84,85,95,96,102" m="40553,46633,28682" machi="96" ten="40,3900,0" yaku="34,2" doraHai="67" who="1" fromWho="1" sc="299,-15,245,55,228,-15,218,-15" /><INIT seed="1,3,0,5,0,129" ten="284,300,213,203" oya="1" hai0="95,117,2,12,54,67,16,43,24,125,119,109,13" hai1="89,121,5,120,124,1,40,78,48,10,114,135,45" hai2="6,11,20,39,110,103,85,68,91,115,46,104,29" hai3="108,33,28,38,99,55,49,82,70,26,131,107,100"/><U31/><E114/><V3/><F110/><W75/><G131/><T80/><D2/><U59/><E124/><V132/><F115/><W22/><G108/><T8/><D109/><U73/><E31/><V65/><F103/><W60/><G38/><T27/><D125/><U130/><E130/><V52/><F104/><W57/><G22/><T64/><D43/><U112/><E112/><V51/><F39/><W84/><G75/><T122/><D122/><U15/><E89/><V14/><F68/><W21/><G21/><N who="0" m="11399" /><D117/><U134/><E59/><V94/><F65/><N who="0" m="25162" /><D54/><U128/><E128/><V102/><F102/><W88/><REACH who="3" step="1"/><G70/><REACH who="3" ten="284,300,213,193" step="2"/><T101/><D119/><U25/><E25/><V71/><F71/><W69/><G69/><T123/><D123/><U53/><E120/><V56/><F20/><W30/><G30/><T66/><D24/><U7/><E121/><V4/><F29/><W97/><G97/><T35/><D27/><U50/><E73/><V61/><F11/><W92/><G92/><T17/><D35/><U111/><E111/><V34/><F34/><W98/><G98/><N who="0" m="59615" /><D80/><U126/><E126/><V0/><F94/><W74/><G74/><T72/><D72/><U83/><E83/><V47/><F85/><W62/><AGARI ba="3,1" hai="26,28,33,49,55,57,60,62,82,84,88,99,100,107" machi="62" ten="30,7900,0" yaku="1,1,0,1,54,1,53,1" doraHai="129" doraHaiUra="86" who="3" fromWho="3" sc="284,-23,300,-42,213,-23,193,98" /><INIT seed="2,0,0,1,3,60" ten="261,258,190,291" oya="2" hai0="97,68,64,25,117,61,6,108,14,7,18,128,83" hai1="66,34,29,76,20,105,38,100,28,3,85,19,75" hai2="49,47,91,50,31,104,110,96,87,39,90,63,116" hai3="42,107,131,5,95,134,119,121,114,122,109,45,13"/><V112/><F112/><W101/><G114/><T8/><D108/><U99/><E3/><V69/><F116/><W133/><G119/><T123/><D123/><U33/><E38/><V89/><F110/><W11/><G109/><T82/><D128/><U56/><E75/><V103/><F31/><W92/><G107/><T93/><D117/><U32/><E76/><V51/><F39/><N who="3" m="21727" /><G131/><T17/><D17/><U73/><E73/><V27/><F27/><W48/><G48/><T106/><D106/><U129/><E85/><V12/><F12/><W81/><G81/><T111/><D111/><U1/><E1/><V24/><F24/><W21/><G21/><T37/><D37/><U125/><E125/><V15/><F15/><W67/><G67/><T127/><D127/><U35/><E129/><V132/><F132/><N who="3" m="50795" /><G101/><T78/><D25/><U62/><N who="1" m="8192" /><DORA hai="16" /><U4/><REACH who="1" step="1"/><E4/><REACH who="1" ten="261,248,190,291" step="2"/><V53/><REACH who="2" step="1"/><F87/><REACH who="2" ten="261,248,180,291" step="2"/><W84/><G84/><T40/><D6/><U88/><E88/><V54/><F54/><W36/><G36/><T74/><D7/><U9/><E9/><V10/><F10/><W102/><G121/><T98/><D8/><U46/><E46/><V80/><F80/><W135/><G122/><T70/><D83/><U59/><E59/><V23/><F23/><W43/><G135/><T71/><D82/><U94/><E94/><V0/><F0/><W124/><G124/><T41/><D93/><N who="3" m="35913" /><G43/><T26/><D40/><U58/><E58/><V30/><F30/><W118/><G118/><T126/><D41/><U77/><E77/><V72/><F72/><W55/><G102/><RYUUKYOKU ba="0,2" sc="261,-30,248,10,180,10,291,10" hai1="19,20,28,29,56,62,66,99,100,105" hai2="47,49,50,51,53,63,69,89,90,91,96,103,104" hai3="5,11,13,55" /><INIT seed="2,1,2,5,1,1" ten="231,258,190,301" oya="2" hai0="102,118,113,29,79,48,116,50,111,88,5,71,125" hai1="105,127,69,112,58,57,106,40,66,120,13,93,3" hai2="11,135,126,25,8,21,90,78,61,52,16,121,133" hai3="99,96,33,54,36,76,65,46,53,123,83,6,10"/><V59/><F126/><W77/><G123/><T109/><D71/><U19/><E3/><V89/><F121/><W108/><G108/><N who="0" m="41547" /><D113/><U63/><E120/><V97/><F78/><W43/><G65/><T68/><D68/><U64/><E112/><V9/><REACH who="2" step="1"/><F97/><REACH who="2" ten="231,258,180,301" step="2"/><W85/><G76/><T115/><D79/><U132/><E127/><V47/><F47/><W12/><G96/><T49/><D125/><U31/><E132/><AGARI ba="1,3" hai="8,9,11,16,21,25,52,59,61,89,90,132,133,135" machi="132" ten="40,12000,1" yaku="1,1,20,1,54,2,53,1" doraHai="1" doraHaiUra="23" who="2" fromWho="1" sc="231,0,258,-123,180,153,301,0" /><INIT seed="2,2,0,2,4,107" ten="231,135,333,301" oya="2" hai0="82,56,38,47,45,17,108,11,27,103,53,129,18" hai1="118,57,134,99,9,5,24,12,74,44,34,121,87" hai2="54,71,35,100,125,131,128,73,90,88,66,8,75" hai3="119,120,20,111,15,86,78,21,110,102,1,63,52"/><V32/><F125/><W0/><G119/><T28/><D108/><N who="3" m="41513" /><G120/><T46/><D129/><N who="2" m="49738" /><F100/><W31/><G102/><T4/><D38/><U91/><E118/><V132/><F132/><W97/><G97/><T124/><D124/><U43/><E121/><V109/><F109/><W98/><G98/><T16/><D103/><U106/><E106/><V67/><F54/><W62/><G1/><T39/><D39/><U94/><E57/><V55/><F55/><W76/><G0/><T6/><D82/><U7/><E99/><V14/><F35/><W72/><G86/><T13/><D4/><U2/><E134/><V104/><F32/><W60/><G52/><T83/><D83/><U117/><E117/><V59/><F59/><W114/><G114/><T133/><D133/><U122/><E122/><V36/><F36/><W126/><G126/><T19/><N who="0" m="4096" /><DORA hai="3" /><T112/><D112/><U115/><E115/><V93/><F90/><W81/><G78/><T105/><D105/><U25/><E34/><V58/><F58/><W135/><G135/><T101/><D101/><U84/><E84/><N who="2" m="52359" /><F104/><W49/><G49/><T64/><D64/><N who="2" m="24618" /><F71/><W10/><G31/><T22/><D45/><U50/><REACH who="1" step="1"/><E74/><REACH who="1" ten="231,125,333,301" step="2"/><V48/><F75/><W127/><G127/><T40/><D40/><U85/><E85/><V37/><F73/><W29/><G72/><T116/><D116/><U42/><E42/><V95/><F95/><W77/><G81/><T33/><D33/><U113/><E113/><V23/><F23/><W41/><G21/><T89/><D89/><U70/><E70/><V123/><F123/><RYUUKYOKU ba="2,1" sc="231,15,125,15,333,-15,301,-15" hai0="6,11,13,22,27,28,46,47,53,56" hai1="2,5,7,9,12,24,25,43,44,50,87,91,94" /><INIT seed="3,3,1,3,3,120" ten="246,140,318,286" oya="3" hai0="83,121,126,97,60,49,58,116,48,7,15,30,85" hai1="78,29,134,0,62,50,98,76,110,67,79,42,122" hai2="43,11,41,89,61,24,26,111,56,66,20,51,101" hai3="133,105,135,71,92,57,81,22,36,40,39,1,132"/><W65/><G105/><T73/><D73/><U90/><E0/><V35/><F35/><W124/><G1/><T112/><D121/><U117/><E122/><V33/><F33/><W131/><G124/><T125/><D116/><U104/><E117/><V46/><F101/><W17/><G71/><T127/><D30/><U64/><E134/><V94/><F111/><W96/><G81/><T118/><D118/><U53/><E29/><N who="2" m="17543" /><F26/><N who="3" m="14671" /><G40/><T113/><D97/><U52/><E110/><V23/><F23/><W59/><G131/><T109/><D15/><U80/><E104/><V34/><F34/><W91/><G65/><N who="0" m="39063" /><D7/><U70/><E64/><V68/><F68/><W69/><G69/><T103/><D103/><U72/><E72/><V47/><F11/><W130/><G130/><T115/><D109/><U37/><E37/><AGARI ba="3,1" hai="36,37,39,57,59,91,92,96,132,133,135" m="14671" machi="37" ten="40,2000,0" yaku="20,1" doraHai="120" who="3" fromWho="1" sc="246,0,140,-29,318,0,286,39" owari="246,-15.4,111,-38.9,318,11.8,325,42.5" /></mjloggm>