<mjloggm ver="2.3"><GO type="225" lobby="0"/><UN n0="%E3%81%86%E3%82%8B%E3%81%8A%E3%81%A1%E3%82%83" n1="%E3%81%9F%E3%81%A3%E3%81%A1%E3%82%87" n2="%E8%B7%AF%E9%9C%B8" n3="%74%61%6B%75%61%6B%61" dan="16,16,17,16" rate="2078.46,2059.72,2200.52,2157.50" sx="F,M,M,M"/><TAIKYOKU oya="0"/><INIT seed="0,0,0,2,5,105" ten="250,250,250,250" oya="0" hai0="49,37,98,30,109,14,11,4,134,66,20,28,56" hai1="120,25,16,133,43,104,68,81,82,95,34,18,101" hai2="131,2,84,15,58,112,61,102,88,116,92,75,53" hai3="67,72,70,90,103,54,51,108,50,17,126,19,89"/><T39/><D134/><U40/><E120/><V59/><F2/><W74/><G108/><T69/><D109/><U132/><E104/><V96/><F116/><W48/><G54/><N who="0" m="31823" /><D69/><U42/><E68/><V79/><F112/><W128/><G128/><T87/><D39/><U9/><E101/><V127/><F131/><W33/><G33/><T12/><D37/><U35/><E95/><V6/><F127/><W73/><G103/><T115/><D98/><U36/><E36/><V47/><F47/><W94/><G126/><T86/><D66/><U121/><E121/><V119/><F119/><W13/><G94/><T10/><D115/><U106/><E9/><N who="2" m="4535" /><F75/><W62/><REACH who="3" step="1"/><G19/><REACH who="3" ten="250,250,250,240" step="2"/><N who="1" m="7210" /><E106/><V45/><F102/><W65/><G65/><T117/><D117/><U55/><E34/><V0/><F0/><W135/><G135/><N who="1" m="51786" /><E55/><V110/><F110/><W114/><G114/><T7/><D30/><AGARI ba="0,1" hai="25,30,35,40,42,43,81,82" m="51786,7210" machi="30" ten="40,2600,0" yaku="20,1,54,1" doraHai="105" who="1" fromWho="0" sc="250,-26,250,36,250,0,240,0" /><INIT seed="1,0,0,5,2,17" ten="224,286,250,240" oya="1" hai0="81,120,67,98,126,119,121,100,74,69,104,29,70" hai1="13,46,129,21,95,60,123,3,130,87,78,48,92" hai2="7,75,61,26,86,90,40,89,20,50,28,58,22" hai3="127,131,88,114,43,32,16,30,27,56,79,54,45"/><U132/><E123/><N who="0" m="47177" /><D119/><U73/><E3/><V62/><F75/><W133/><G127/><T117/><D117/><U11/><E132/><V24/><F7/><W6/><G133/><T94/><D126/><U85/><E73/><V101/><F101/><W99/><G131/><N who="1" m="50186" /><E60/><V82/><F90/><W115/><G79/><N who="0" m="44279" /><D67/><U118/><E118/><V25/><F40/><W38/><G6/><T35/><D94/><N who="1" m="35883" /><E78/><V44/><F44/><W107/><G88/><T113/><D113/><U34/><E34/><V33/><F33/><W112/><G99/><T59/><D59/><U23/><E85/><V103/><F103/><W0/><G107/><T36/><D36/><U96/><E87/><V12/><F50/><W72/><G72/><T116/><D116/><U18/><E96/><V5/><F61/><W106/><G106/><T134/><D134/><U122/><E122/><V80/><F80/><W102/><G102/><T84/><D84/><U2/><E2/><V4/><F12/><W93/><G0/><T53/><D53/><AGARI ba="0,0" hai="11,13,18,21,23,46,48,53" m="35883,50186" machi="53" ten="30,5800,0" yaku="19,1,52,2" doraHai="17" who="1" fromWho="0" sc="224,-58,286,58,250,0,240,0" /><INIT seed="1,1,0,2,3,89" ten="166,344,250,240" oya="1" hai0="111,25,20,4,123,47,18,130,96,62,31,104,117" hai1="26,17,125,14,91,93,79,106,60,12,124,126,36" hai2="27,58,109,78,22,5,86,113,35,0,61,134,135" hai3="64,98,90,54,72,13,68,49,103,59,33,92,37"/><U116/><E106/><V94/><F35/><W115/><G115/><T102/><D117/><U121/><E36/><V29/><F113/><W32/><G72/><T118/><D118/><U38/><E38/><V44/><F109/><W97/><G37/><T105/><D111/><U84/><E121/><V65/><F44/><W1/><G1/><T52/><D130/><U128/><E128/><V132/><F78/><W9/><G68/><T112/><D112/><U16/><E60/><V57/><F57/><W40/><G40/><T67/><D4/><U99/><E116/><V75/><F75/><W122/><G64/><T51/><D123/><U42/><E42/><V28/><F5/><W3/><G3/><T133/><D133/><U2/><E2/><V41/><F0/><W23/><G23/><T34/><D105/><U88/><E79/><V73/><F73/><W95/><REACH who="3" step="1"/><G122/><REACH who="3" ten="166,344,250,230" step="2"/><T110/><D110/><U129/><E129/><V69/><F41/><W81/><G81/><T85/><D85/><U76/><E84/><V7/><F69/><W80/><G80/><T119/><D119/><U107/><E124/><V82/><F82/><W50/><G50/><T53/><D53/><U83/><E83/><V30/><F7/><AGARI ba="1,1" hai="7,9,13,32,33,49,54,59,90,92,95,97,98,103" machi="7" ten="30,7700,0" yaku="1,1,7,1,52,2,53,0" doraHai="89" doraHaiUra="39" who="3" fromWho="2" sc="166,0,344,0,250,-80,230,90" /><INIT seed="2,0,0,2,4,9" ten="166,344,170,320" oya="2" hai0="61,12,108,77,13,103,89,15,79,8,10,114,96" hai1="104,24,1,7,58,101,92,124,45,44,109,28,73" hai2="122,39,3,131,29,125,91,27,4,116,71,30,56" hai3="95,33,38,60,76,105,134,68,78,100,85,111,64"/><V102/><F122/><W47/><G111/><T14/><D114/><U63/><E73/><V83/><F116/><W36/><G134/><T54/><D108/><U22/><E109/><V55/><F71/><W81/><G33/><T135/><D135/><U26/><E104/><V6/><F131/><W35/><G35/><T5/><D89/><U98/><E124/><V69/><F69/><W0/><G0/><T97/><D10/><N who="1" m="2415" /><E24/><V62/><F39/><W117/><G117/><T11/><D11/><U90/><E90/><V113/><F113/><W57/><G68/><T52/><D96/><U31/><E31/><V66/><F125/><W115/><G115/><T65/><D65/><AGARI ba="0,0" hai="22,26,28,44,45,58,63,65,92,98,101" m="2415" machi="65" ten="30,1000,0" yaku="25,1" doraHai="9" who="1" fromWho="0" sc="166,-10,344,10,170,0,320,0" /><INIT seed="3,0,0,5,0,125" ten="156,354,170,320" oya="3" hai0="96,26,29,23,12,52,127,57,133,24,95,39,17" hai1="19,110,36,134,56,115,112,35,118,79,28,131,72" hai2="53,117,126,69,2,63,42,94,31,65,10,85,46" hai3="61,20,119,114,109,51,88,77,34,76,33,4,98"/><W120/><G120/><T116/><D39/><U60/><E79/><N who="3" m="30282" /><G33/><T30/><D116/><U113/><E36/><V22/><F117/><W73/><G34/><T97/><D133/><U90/><E90/><V91/><F126/><W87/><G73/><T99/><D127/><U7/><E72/><V86/><F2/><W13/><G119/><T62/><D95/><U45/><E118/><V67/><F10/><N who="3" m="4295" /><G114/><T74/><D74/><U89/><E134/><V11/><F11/><W37/><G37/><T108/><D108/><U81/><E35/><V105/><F105/><W25/><G109/><T93/><D93/><U58/><E110/><V104/><F104/><W54/><G61/><T27/><AGARI ba="0,0" hai="12,17,23,24,26,27,29,30,52,57,62,96,97,99" machi="27" ten="30,4000,0" yaku="0,1,8,1,54,1" doraHai="125" who="0" fromWho="0" sc="156,40,354,-10,170,-10,320,-20" owari="196,-20.4,344,44.4,160,-34.0,300,10.0" /></mjloggm>