<mjloggm ver="2.3"><GO type="225" lobby="0"/><UN n0="%E3%81%86%E3%81%A9%E3%82%93%E3%81%93" n1="%63%68%78%62%64" n2="%48%61%61%61%6C%61%6E%64" n3="%E3%81%BF%E3%81%BF%E3%81%9A" dan="16,16,18,16" rate="2189.00,2146.48,2307.64,2241.03" sx="M,M,M,M"/><TAIKYOKU oya="0"/><INIT seed="0,0,0,0,3,51" ten="250,250,250,250" oya="0" hai0="75,88,121,98,105,66,52,42,85,33,101,128,68" hai1="7,97,116,78,131,28,132,110,10,43,95,4,58" hai2="104,63,11,36,134,106,108,29,67,26,13,60,115" hai3="111,2,120,35,117,83,6,44,37,80,39,18,19"/><T30/><D121/><U84/><E116/><V72/><F115/><W87/><G117/><T32/><D42/><U38/><E110/><V20/><F108/><W45/><G120/><T57/><D128/><U70/><E70/><V109/><F109/><W93/><G111/><T53/><D75/><U62/><E131/><V69/><F134/><W50/><G35/><T119/><D119/><U24/><E132/><V48/><F36/><W61/><G61/><N who="0" m="40015" /><D33/><U34/><E38/><V130/><F72/><W99/><G2/><T74/><D57/><U41/><E84/><V92/><F130/><W77/><G6/><T113/><D74/><U133/><E78/><V107/><F60/><W79/><G93/><N who="0" m="54415" /><D113/><U71/><E4/><V96/><F48/><W112/><G50/><T76/><D76/><U1/><E71/><V25/><F25/><AGARI ba="0,0" hai="25,30,32,52,53,98,101,105" m="54415,40015" machi="25" ten="30,12000,1" yaku="25,1,52,2,54,2" doraHai="51" who="0" fromWho="2" sc="250,120,250,0,250,-120,250,0" /><INIT seed="0,1,0,4,2,82" ten="370,250,130,250" oya="0" hai0="58,60,52,86,106,97,88,16,67,55,41,76,46" hai1="35,47,45,72,127,119,21,69,63,6,40,43,100" hai2="123,61,71,78,24,13,26,56,18,44,50,113,128" hai3="42,48,37,12,85,79,0,3,62,2,5,130,111"/><T15/><D76/><U135/><E35/><V132/><F123/><W68/><G37/><T104/><D104/><U109/><E72/><V83/><F71/><W17/><G111/><T49/><D97/><U31/><E119/><V19/><F128/><W38/><G38/><T11/><D106/><U112/><E100/><V107/><F107/><W10/><G130/><T29/><D29/><U94/><E6/><V116/><F132/><W115/><G115/><T90/><D90/><U92/><E135/><V99/><F99/><W84/><G79/><T108/><D108/><U7/><E7/><V59/><F116/><W65/><REACH who="3" step="1"/><G5/><REACH who="3" ten="370,250,130,240" step="2"/><T27/><D27/><U14/><E109/><V93/><F113/><W98/><G98/><T53/><REACH who="0" step="1"/><D41/><REACH who="0" ten="360,250,130,240" step="2"/><U122/><E40/><V91/><F26/><W133/><G133/><T117/><D117/><U22/><E43/><V131/><F24/><W103/><G103/><T96/><D96/><U20/><E112/><V30/><F78/><W57/><G57/><T34/><D34/><U74/><E69/><V75/><F56/><W124/><G124/><T39/><D39/><U25/><E127/><V54/><F59/><W9/><G9/><T1/><D1/><U120/><E25/><V32/><F32/><W73/><G73/><T4/><D4/><U129/><E74/><V102/><F75/><W95/><G95/><AGARI ba="1,2" hai="11,15,16,46,49,52,53,55,58,60,67,86,88,95" machi="95" ten="30,24000,3" yaku="1,1,7,1,8,1,52,1,54,3,53,3" doraHai="82" doraHaiUra="51" who="0" fromWho="3" sc="360,263,250,0,130,0,240,-243" owari="623,72.3,250,5.0,130,-27.0,-3,-50.3" /></mjloggm>