<mjloggm ver="2.3"><GO type="225" lobby="0"/><UN n0="%E3%83%97%E3%83%AC%E3%83%B4%E3%82%A1%E3%83%86%E3%82%A3" n1="%E3%81%86%E3%81%A9%E3%82%93%E3%81%93" n2="%E3%81%A8%E3%82%93%E3%81%A8%E3%81%93%E3%81%A8%E3%82%93" n3="%E3%81%BE%E3%81%A8%E3%81%9F" dan="16,16,16,16" rate="2127.07,2159.48,2156.83,2086.17" sx="F,M,F,M"/><TAIKYOKU oya="0"/><BYE who="2" /><UN n2="%E3%81%A8%E3%82%93%E3%81%A8%E3%81%93%E3%81%A8%E3%82%93" /><INIT seed="0,0,0,0,5,15" ten="250,250,250,250" oya="0" hai0="92,5,51,3,19,95,85,64,48,29,130,75,70" hai1="40,134,100,58,49,107,77,18,129,101,9,8,21" hai2="10,68,127,31,74,76,25,42,52,91,33,22,69" hai3="125,57,39,126,116,67,60,114,122,38,55,105,84"/><T135/><D135/><U104/><BYE who="0" /><BYE who="2" /><E129/><UN n0="%E3%83%97%E3%83%AC%E3%83%B4%E3%82%A1%E3%83%86%E3%82%A3" /><UN n2="%E3%81%A8%E3%82%93%E3%81%A8%E3%81%93%E3%81%A8%E3%82%93" /><V62/><F127/><N who="3" m="48651" /><G105/><T78/><D130/><U97/><E134/><V103/><F103/><W72/><G72/><T54/><D29/><U44/><E77/><V71/><F42/><W109/><G84/><T96/><D3/><U102/><E58/><V121/><F121/><W28/><G28/><T17/><D5/><U24/><REACH who="1" step="1"/><E101/><REACH who="1" ten="250,240,250,250" step="2"/><V86/><F71/><N who="3" m="42471" /><G122/><T110/><D110/><U82/><E82/><V46/><F69/><W12/><G109/><T123/><D123/><U113/><E113/><V27/><F68/><W80/><G80/><N who="0" m="47255" /><D75/><U89/><E89/><V16/><F74/><W11/><G114/><T47/><D70/><U79/><E79/><V115/><F115/><W73/><G73/><T45/><D64/><U119/><E119/><V32/><F76/><W133/><G116/><T106/><D106/><U36/><E36/><V20/><F46/><W117/><G117/><T34/><D34/><U83/><E83/><N who="2" m="49631" /><F32/><W7/><G133/><T93/><D96/><AGARI ba="0,1" hai="8,9,18,21,24,40,44,49,96,97,100,102,104,107" machi="96" ten="40,8000,1" yaku="1,1,9,1,52,1,53,1" doraHai="15" doraHaiUra="41" who="1" fromWho="0" sc="250,-80,240,90,250,0,250,0" /><INIT seed="1,0,0,5,3,56" ten="170,330,250,250" oya="1" hai0="71,9,6,45,10,22,67,3,2,119,51,70,81" hai1="50,124,49,101,77,89,91,25,54,80,118,35,52" hai2="134,62,68,116,11,64,20,115,103,26,105,43,73" hai3="76,110,57,128,109,83,92,48,88,5,72,132,100"/><U40/><E118/><V82/><F116/><W106/><G5/><T59/><D119/><U87/><E124/><V36/><F134/><W113/><G132/><T129/><D129/><U53/><E101/><V111/><F111/><N who="3" m="42507" /><G48/><T44/><D22/><U122/><E122/><V104/><F115/><W84/><G57/><T126/><D126/><U90/><REACH who="1" step="1"/><E40/><REACH who="1" ten="170,320,250,250" step="2"/><V121/><F103/><W16/><G128/><T95/><D6/><U78/><E78/><V37/><F121/><W79/><G79/><T108/><D108/><U19/><E19/><V94/><F43/><W28/><G28/><AGARI ba="0,1" hai="25,28,35,49,50,52,53,54,77,80,87,89,90,91" machi="28" ten="40,3900,0" yaku="1,1,54,1,53,0" doraHai="56" doraHaiUra="120" who="1" fromWho="3" sc="170,0,320,49,250,0,250,-39" /><INIT seed="1,1,0,5,5,97" ten="170,369,250,211" oya="1" hai0="78,6,13,12,93,103,128,72,41,45,95,104,48" hai1="53,51,89,24,25,15,115,2,63,121,122,37,57" hai2="71,120,124,75,132,7,98,117,47,19,106,114,76" hai3="11,21,65,77,86,100,18,40,33,14,83,133,17"/><U56/><E37/><V35/><RYUUKYOKU type="yao9" ba="1,0" sc="170,0,369,0,250,0,211,0" hai2="7,19,35,47,71,75,76,98,106,114,117,120,124,132" /><INIT seed="1,2,0,2,3,36" ten="170,369,250,211" oya="1" hai0="113,76,129,99,66,42,110,126,60,59,33,132,63" hai1="102,73,77,111,17,58,47,124,0,46,31,83,98" hai2="7,91,55,6,119,96,32,37,106,43,1,88,89" hai3="75,67,8,86,72,9,118,92,16,56,64,26,100"/><U105/><E0/><V97/><F119/><W103/><G118/><T27/><D113/><U57/><E124/><V81/><F32/><W13/><G75/><T24/><D126/><U101/><E101/><V135/><F135/><W109/><G72/><T2/><D132/><U38/><E31/><V30/><F30/><W34/><G109/><T25/><D110/><U11/><E111/><V85/><F55/><W93/><G34/><T107/><D2/><U121/><E121/><V62/><F62/><W130/><G130/><T5/><D5/><U50/><E46/><V125/><F125/><W74/><G74/><T14/><D129/><U104/><E104/><V44/><F106/><W128/><G26/><T78/><D33/><U90/><E38/><V84/><F91/><W94/><G86/><T95/><D107/><U4/><E90/><V20/><F20/><W3/><G128/><T82/><D82/><U51/><E51/><V112/><F112/><W22/><G3/><T52/><D14/><U15/><REACH who="1" step="1"/><E4/><REACH who="1" ten="170,359,250,211" step="2"/><V18/><F18/><W28/><G28/><T123/><D123/><U40/><AGARI ba="2,1" hai="11,15,17,40,47,50,57,58,73,77,83,98,102,105" machi="40" ten="20,12000,1" yaku="1,1,2,1,0,1,7,1,52,1,53,0" doraHai="36" doraHaiUra="68" who="1" fromWho="1" sc="170,-42,359,136,250,-42,211,-42" /><INIT seed="1,3,0,1,2,75" ten="128,495,208,169" oya="1" hai0="118,135,79,129,111,6,29,84,110,61,73,128,53" hai1="112,27,124,99,122,108,104,107,64,15,52,10,21" hai2="36,71,46,57,4,31,22,59,50,72,126,55,121" hai3="16,123,93,43,85,63,54,67,38,26,56,19,80"/><U65/><E112/><V92/><F121/><W86/><G123/><T45/><D6/><U70/><E122/><V94/><F71/><W88/><G38/><T87/><D29/><U24/><E124/><V14/><F72/><W3/><G3/><T109/><D45/><U32/><E32/><V20/><F126/><W81/><G43/><T74/><D53/><U8/><E8/><N who="2" m="4359" /><F36/><W48/><G26/><T116/><D61/><U66/><E70/><V127/><F127/><W9/><G9/><T125/><D125/><U25/><E21/><N who="2" m="8299" /><F31/><W120/><G93/><AGARI ba="3,0" hai="46,50,55,57,59,92,93,94" m="8299,4359" machi="93" ten="30,1000,0" yaku="8,1" doraHai="75" who="2" fromWho="3" sc="128,0,495,0,208,19,169,-19" /><INIT seed="2,0,0,2,2,23" ten="128,495,227,150" oya="2" hai0="91,82,126,88,127,97,19,115,87,65,61,53,21" hai1="43,31,90,102,38,67,39,99,128,70,45,121,85" hai2="72,83,22,66,124,117,37,59,80,109,100,51,62" hai3="28,101,133,6,52,10,125,11,71,17,131,26,46"/><V120/><F37/><W50/><G125/><T89/><D115/><U29/><E39/><V32/><F32/><W15/><G131/><T112/><D112/><U1/><E1/><V86/><F117/><W56/><G71/><T84/><D53/><U9/><E128/><V119/><F120/><W114/><G114/><T49/><D49/><U105/><E121/><V81/><F72/><W103/><G133/><T8/><D8/><U73/><E73/><V92/><F119/><W25/><G46/><T55/><D55/><U7/><E70/><V118/><F118/><W58/><G58/><T108/><D108/><U13/><E67/><V42/><F124/><N who="0" m="47658" /><D97/><U64/><E64/><V2/><F2/><W107/><G107/><T79/><D65/><U0/><E0/><V44/><F109/><W33/><G26/><N who="0" m="14655" /><D61/><U130/><E130/><V106/><F106/><W116/><G116/><T30/><D30/><U36/><E36/><V95/><F100/><W69/><G69/><T74/><AGARI ba="0,0" hai="74,79,82,84,87,88,89,91" m="14655,47658" machi="74" ten="30,4000,0" yaku="18,1,52,1,54,1" doraHai="23" who="0" fromWho="0" sc="128,40,495,-10,227,-20,150,-10" /><INIT seed="3,0,0,3,5,98" ten="168,485,207,140" oya="3" hai0="14,27,37,68,74,40,1,92,99,59,63,49,29" hai1="18,107,24,91,79,42,133,82,65,44,15,45,83" hai2="21,129,51,102,132,89,7,30,103,121,43,62,128" hai3="126,26,3,5,53,101,41,25,97,66,134,96,105"/><W58/><G134/><T69/><D74/><U86/><E107/><V8/><F132/><W115/><G115/><T22/><D1/><U33/><E133/><V130/><F121/><W23/><G126/><T125/><D125/><U119/><E119/><V57/><F89/><W31/><G41/><T109/><D109/><U112/><E112/><V106/><F106/><W80/><G96/><T95/><D37/><U20/><E65/><N who="2" m="39119" /><F30/><W124/><G124/><T54/><D92/><U72/><E42/><V48/><F21/><W9/><G66/><T135/><D135/><U81/><E81/><V61/><F61/><W0/><G80/><T17/><D40/><U55/><E55/><V110/><F110/><W46/><G25/><T73/><D73/><U117/><E117/><V120/><F120/><W50/><REACH who="3" step="1"/><G0/><REACH who="3" ten="168,485,207,130" step="2"/><T34/><REACH who="0" step="1"/><D63/><REACH who="0" ten="158,485,207,130" step="2"/><U4/><E83/><V118/><F118/><W85/><G85/><T67/><D67/><U116/><E116/><V90/><F43/><W32/><G32/><T94/><D94/><U114/><E24/><V39/><F39/><W88/><G88/><AGARI ba="0,2" hai="14,17,22,27,29,34,49,54,59,68,69,88,95,99" machi="88" ten="30,7700,0" yaku="1,1,7,1,54,1,53,1" doraHai="98" doraHaiUra="10" who="0" fromWho="3" sc="158,97,485,0,207,0,130,-77" owari="255,5.5,485,58.5,207,-19.3,53,-44.7" /></mjloggm>