<mjloggm ver="2.3"><GO type="225" lobby="0"/><UN n0="%E3%81%A9%E3%82%8F%E3%82%93%E3%81%94" n1="%73%6C%69%63%6B%33%31%39" n2="%E6%9D%B1%E9%A2%A8%E3%81%AE%E3%81%8D%E3%82%83%E3%81%B7%E3%81%95%E3%82%93" n3="%E5%A4%9C%E3%81%AE%E3%82%AC%E3%82%B9%E3%83%91%E3%83%BC%E3%83%AB" dan="16,16,16,16" rate="2113.67,2117.93,2204.35,2124.18" sx="M,M,M,M"/><TAIKYOKU oya="0"/><INIT seed="0,0,0,2,3,129" ten="250,250,250,250" oya="0" hai0="97,57,8,58,21,43,123,108,95,87,84,45,74" hai1="36,42,86,91,5,28,76,98,47,72,128,126,99" hai2="13,25,0,82,6,106,116,49,46,34,31,102,10" hai3="22,59,112,19,9,48,130,133,124,111,104,78,118"/><T80/><D123/><U65/><E128/><V33/><F116/><W135/><G130/><T85/><D8/><U100/><E126/><V35/><F102/><W73/><G118/><T69/><D69/><U52/><E65/><V62/><F106/><W66/><G112/><T122/><D122/><U67/><E67/><V7/><F62/><W79/><G104/><T68/><D68/><U60/><E28/><V1/><F82/><W93/><G124/><T88/><D108/><U30/><E30/><V4/><F49/><W37/><G37/><T110/><D110/><U23/><E23/><N who="2" m="15807" /><F46/><W55/><G111/><T134/><D134/><N who="3" m="51209" /><G73/><T50/><REACH who="0" step="1"/><D21/><REACH who="0" ten="240,250,250,250" step="2"/><U14/><E5/><AGARI ba="0,1" hai="0,1,4,5,6,7,10,13,33,34,35" m="15807" machi="5" ten="40,8000,1" yaku="35,5" doraHai="129" who="2" fromWho="1" sc="240,0,250,-80,250,90,250,0" /><INIT seed="1,0,0,4,5,2" ten="240,170,340,250" oya="1" hai0="90,23,133,114,97,104,65,40,28,89,86,33,73" hai1="20,24,72,57,14,46,103,128,127,50,55,11,32" hai2="84,52,98,78,92,82,27,116,99,123,36,66,6" hai3="39,122,3,83,118,126,75,125,69,105,15,61,42"/><U25/><E72/><V121/><F36/><W48/><G122/><T21/><D73/><U62/><E128/><V124/><F124/><W60/><G3/><T93/><D114/><U71/><E127/><N who="3" m="48650" /><G39/><T111/><D111/><U79/><E71/><V134/><F66/><W7/><G105/><T37/><D133/><U29/><E103/><V58/><F116/><W77/><G69/><T49/><D37/><U13/><E79/><V80/><F134/><W76/><G76/><T74/><D65/><U85/><E85/><V88/><F27/><W56/><G118/><T9/><D74/><U115/><E115/><V107/><F80/><W0/><G0/><T4/><D104/><U119/><E119/><V108/><F108/><W67/><G61/><T100/><D100/><U91/><E91/><V132/><F132/><W101/><G101/><T17/><D90/><U87/><E87/><V109/><F109/><W22/><G22/><T43/><D86/><U54/><REACH who="1" step="1"/><E11/><REACH who="1" ten="240,160,340,250" step="2"/><V16/><F78/><W53/><G75/><T113/><D113/><U110/><E110/><V26/><F84/><W35/><G77/><T18/><D89/><U34/><E34/><V117/><F88/><W59/><G83/><T106/><D33/><U131/><E131/><V30/><F117/><W31/><G35/><T41/><D9/><U70/><E70/><V129/><F129/><W12/><G31/><AGARI ba="0,1" hai="13,14,20,24,25,29,31,32,46,50,54,55,57,62" machi="31" ten="30,2900,0" yaku="1,1,7,1,53,0" doraHai="2" doraHaiUra="96" who="1" fromWho="3" sc="240,0,160,39,340,0,250,-29" /><INIT seed="1,1,0,3,2,42" ten="240,199,340,221" oya="1" hai0="70,5,63,0,16,10,101,65,4,131,89,114,59" hai1="107,56,11,86,135,75,30,64,55,50,110,77,115" hai2="96,43,134,125,18,45,33,49,130,19,74,121,39" hai3="108,27,53,36,8,97,61,118,85,54,113,84,57"/><U62/><E115/><V41/><F74/><W82/><G113/><T78/><D114/><U95/><E107/><V9/><F33/><W67/><G108/><T35/><D35/><U46/><E135/><V117/><F125/><W66/><G118/><T44/><D78/><U24/><E110/><V119/><F130/><W79/><G36/><T93/><D131/><U26/><E75/><V58/><F121/><W71/><G71/><T12/><D0/><U90/><E77/><V92/><F134/><W91/><G97/><T100/><D70/><U68/><E11/><V81/><F81/><W6/><G27/><T60/><D60/><U22/><REACH who="1" step="1"/><E24/><REACH who="1" ten="240,189,340,221" step="2"/><V80/><F9/><W51/><G8/><T94/><D5/><U40/><E40/><V73/><F41/><W3/><G6/><T2/><D4/><U20/><E20/><V132/><F132/><W13/><G3/><T69/><D2/><U21/><E21/><V83/><F73/><W48/><G13/><T109/><D109/><U126/><E126/><V105/><F105/><W32/><G32/><T28/><D10/><U15/><E15/><V112/><F119/><W123/><G123/><T1/><D12/><U127/><E127/><V17/><F117/><W29/><G79/><T111/><D1/><U34/><E34/><V103/><F112/><W52/><G29/><T98/><D28/><U37/><E37/><V31/><F31/><W128/><G128/><T122/><D111/><U102/><E102/><V133/><F133/><W120/><G120/><T72/><D122/><U7/><E7/><V23/><F23/><RYUUKYOKU ba="1,1" sc="240,-15,189,15,340,15,221,-15" hai1="22,26,30,46,50,55,56,62,64,68,86,90,95" hai2="17,18,19,39,43,45,49,58,80,83,92,96,103" /><INIT seed="1,2,1,2,2,38" ten="225,204,355,206" oya="1" hai0="47,86,131,20,87,32,80,50,68,43,55,9,36" hai1="78,41,22,53,72,130,95,26,88,29,104,125,100" hai2="0,113,28,60,70,107,96,23,94,30,92,10,133" hai3="99,39,54,91,121,76,71,83,82,116,77,42,124"/><U44/><E130/><V111/><F111/><W109/><G121/><T90/><D32/><U31/><E125/><V63/><F133/><W103/><G71/><T24/><D131/><U81/><E53/><V123/><F123/><W46/><G109/><T101/><D68/><U15/><E15/><V58/><F113/><W66/><G66/><T122/><D122/><U2/><E2/><V114/><F114/><W89/><G124/><T19/><D101/><U34/><E104/><V73/><F73/><W51/><G116/><T79/><D9/><U27/><E100/><V129/><F129/><W4/><G4/><T74/><REACH who="0" step="1"/><D90/><REACH who="0" ten="215,204,355,206" step="2"/><U17/><E34/><V135/><F70/><W126/><G126/><T40/><D40/><U21/><E41/><V13/><F10/><W12/><G91/><T98/><D98/><U132/><E132/><V97/><F97/><W7/><G89/><T105/><D105/><U64/><E22/><V6/><F23/><W127/><G127/><T52/><D52/><U84/><E64/><V119/><F96/><W112/><G112/><T61/><D61/><U8/><E8/><V49/><F60/><W1/><G99/><T56/><AGARI ba="2,2" hai="19,20,24,36,43,47,50,55,56,74,79,80,86,87" machi="56" ten="20,5200,0" yaku="1,1,0,1,7,1,52,1,53,0" doraHai="38" doraHaiUra="33" who="0" fromWho="0" sc="215,78,204,-28,355,-15,206,-15" /><INIT seed="2,0,0,0,2,104" ten="293,176,340,191" oya="2" hai0="86,97,23,17,15,125,62,60,123,64,113,91,80" hai1="114,71,90,81,33,51,48,96,134,75,68,49,14" hai2="109,25,10,85,12,35,3,43,56,6,20,132,58" hai3="29,46,67,65,106,13,59,95,61,118,129,66,105"/><V87/><F132/><W130/><G118/><T11/><D125/><U77/><E114/><V72/><F43/><W19/><G29/><T27/><D113/><U63/><E33/><V28/><F109/><W41/><G95/><T0/><D0/><U31/><E31/><V70/><F70/><W26/><G26/><T54/><D123/><U116/><E116/><V22/><F72/><W120/><G120/><T119/><D119/><U9/><E134/><V117/><F117/><W34/><G34/><T131/><D131/><N who="3" m="50185" /><G106/><T76/><D64/><U69/><E96/><V84/><F20/><N who="3" m="11375" /><G105/><T79/><D97/><U42/><E90/><V112/><F112/><W55/><G67/><T2/><D2/><U88/><E88/><V127/><F127/><W47/><G47/><T32/><D32/><U21/><E21/><V5/><F5/><W100/><G100/><T44/><D44/><U126/><E126/><V94/><F94/><W36/><AGARI ba="0,0" hai="36,41,46,55,59,61,65,66" m="11375,50185" machi="36" ten="30,1100,0" yaku="19,1" doraHai="104" who="3" fromWho="3" sc="293,-3,176,-3,340,-5,191,11" /><INIT seed="3,0,0,1,3,15" ten="290,173,335,202" oya="3" hai0="65,50,73,16,119,25,55,81,88,6,64,32,97" hai1="106,135,126,60,48,63,133,0,87,62,49,74,47" hai2="108,13,103,18,102,3,38,125,10,31,14,61,124" hai3="11,111,54,117,45,52,85,128,23,95,17,46,114"/><W43/><G114/><T9/><D119/><U24/><E126/><N who="2" m="48747" /><F38/><W30/><G117/><T130/><D130/><U40/><E74/><V20/><F108/><W35/><G35/><T36/><D36/><U78/><E106/><V71/><F3/><W94/><G128/><T39/><D39/><U69/><E0/><V90/><F90/><N who="3" m="53583" /><G111/><T118/><D118/><U123/><E123/><V7/><F31/><W83/><G83/><T131/><D131/><U84/><E69/><V8/><F8/><W21/><G95/><N who="0" m="56551" /><D73/><U2/><E2/><V22/><F22/><N who="3" m="8203" /><G30/><T115/><D32/><U58/><E78/><V27/><F27/><W75/><G75/><T134/><D134/><U79/><E79/><V110/><F110/><W66/><G66/><AGARI ba="0,0" hai="7,10,13,14,18,20,61,66,71,102,103" m="48747" machi="66" ten="30,2000,0" yaku="18,1,52,1" doraHai="15" who="2" fromWho="3" sc="290,0,173,0,335,20,202,-20" owari="290,9.0,173,-32.7,355,45.5,182,-21.8" /></mjloggm>