<mjloggm ver="2.3"><GO type="225" lobby="0"/><UN n0="%E3%83%97%E3%83%AC%E3%83%B4%E3%82%A1%E3%83%86%E3%82%A3" n1="%E4%BA%95%E5%B8%AF" n2="%E5%BC%93%E6%9C%A8%E3%81%AA%E3%81%8A" n3="%47%68%6F%73%74%55%30" dan="16,16,16,17" rate="2085.69,2060.90,2137.04,2253.55" sx="F,M,M,M"/><TAIKYOKU oya="0"/><INIT seed="0,0,0,0,3,64" ten="250,250,250,250" oya="0" hai0="52,87,100,78,48,24,27,41,130,44,80,89,93" hai1="94,60,67,18,120,90,42,68,40,129,59,112,83" hai2="135,61,25,35,6,72,43,99,9,21,51,74,2" hai3="12,63,14,71,28,113,3,98,34,39,65,105,58"/><T7/><D130/><U1/><E129/><V47/><F135/><W110/><G113/><T20/><D7/><U75/><E120/><V55/><F99/><W5/><G39/><T106/><D20/><U114/><E1/><V85/><F85/><W97/><G97/><T96/><REACH who="0" step="1"/><D41/><REACH who="0" ten="240,250,250,250" step="2"/><U84/><E42/><V91/><F35/><W133/><G5/><T121/><D121/><U101/><E40/><V134/><F134/><W88/><G133/><T19/><D19/><U70/><E18/><V38/><F43/><W0/><G34/><T107/><D107/><U22/><E22/><V45/><F21/><W111/><G105/><T82/><D82/><U16/><E16/><V115/><F6/><W62/><G0/><T122/><D122/><U132/><E132/><V126/><F2/><W123/><G3/><T66/><D66/><U109/><E114/><V103/><F115/><W131/><G123/><T49/><D49/><U23/><E23/><V117/><F51/><W30/><G131/><T92/><D92/><U53/><E112/><V104/><F104/><W11/><G12/><T37/><D37/><U69/><E109/><N who="3" m="41482" /><G14/><T46/><D46/><U125/><E67/><V8/><F38/><W76/><G11/><T77/><D77/><U54/><E83/><V33/><F9/><W4/><G4/><T32/><D32/><U95/><E95/><V124/><F8/><W17/><G76/><T26/><D26/><U86/><E94/><V118/><F33/><W36/><G36/><T50/><D50/><U13/><E13/><V15/><F45/><W116/><G17/><RYUUKYOKU ba="0,1" sc="240,30,250,-10,250,-10,250,-10" hai0="24,27,44,48,52,78,80,87,89,93,96,100,106" /><INIT seed="0,1,1,1,1,111" ten="270,240,240,240" oya="0" hai0="61,22,68,19,6,125,80,130,40,132,128,91,112" hai1="72,113,129,34,48,14,114,15,76,0,79,66,74" hai2="29,69,67,126,50,49,42,10,23,109,120,99,27" hai3="92,116,21,75,100,87,47,98,118,1,11,83,124"/><T78/><D40/><U57/><E0/><V96/><F109/><W26/><G124/><T7/><D125/><U127/><E127/><V55/><F126/><W110/><G110/><T84/><D132/><U25/><E34/><V8/><F120/><W38/><G75/><T105/><D105/><U119/><E25/><V107/><F69/><W41/><G11/><T12/><D112/><N who="1" m="43115" /><E129/><N who="0" m="49769" /><D78/><N who="1" m="29739" /><E119/><V4/><F67/><AGARI ba="1,1" hai="6,7,12,19,22,61,67,68,80,84,91" m="49769" machi="67" ten="30,1500,0" yaku="19,1" doraHai="111" who="0" fromWho="2" sc="270,28,240,0,240,-18,240,0" /><INIT seed="0,2,0,5,4,39" ten="298,240,222,240" oya="0" hai0="5,81,96,83,95,55,130,109,19,133,100,66,35" hai1="0,88,115,93,32,70,26,74,15,13,101,105,68" hai2="132,121,59,91,42,53,106,128,37,17,61,22,12" hai3="111,43,29,99,40,28,72,131,21,119,79,82,125"/><T46/><D35/><U50/><E115/><V51/><F121/><W73/><G119/><T8/><D130/><U120/><E120/><V108/><F128/><W65/><G131/><T117/><D117/><U67/><E0/><V41/><F108/><W75/><G111/><T7/><D109/><U16/><E74/><V57/><F37/><W71/><G125/><T86/><D66/><U44/><E15/><V63/><F106/><W102/><G65/><T31/><D31/><U122/><E101/><V129/><F129/><W127/><G71/><T110/><D110/><U62/><E105/><V25/><F132/><W92/><G127/><T24/><D133/><U90/><E70/><V85/><F25/><W104/><G104/><T89/><D83/><U23/><E122/><V103/><F103/><W84/><REACH who="3" step="1"/><G21/><REACH who="3" ten="298,240,222,230" step="2"/><N who="0" m="13375" /><D8/><U6/><E32/><V64/><REACH who="2" step="1"/><F63/><REACH who="2" ten="298,240,212,230" step="2"/><W87/><G87/><T49/><AGARI ba="2,2" hai="5,7,46,49,55,81,86,89,95,96,100" m="13375" machi="49" ten="30,1500,0" yaku="8,1" doraHai="39" who="0" fromWho="0" sc="298,41,240,-7,212,-7,230,-7" /><INIT seed="0,3,0,4,5,39" ten="339,233,205,223" oya="0" hai0="119,80,107,15,61,123,71,28,21,27,88,128,75" hai1="18,3,11,95,63,1,127,51,42,122,84,12,34" hai2="25,126,106,96,59,56,109,36,23,103,92,125,100" hai3="0,91,40,101,79,6,81,24,108,73,77,50,55"/><T114/><D114/><U22/><E122/><V17/><F36/><W54/><G108/><T120/><D119/><U117/><E34/><V60/><F109/><W131/><G131/><T115/><D115/><U64/><E127/><N who="2" m="48651" /><F60/><W5/><G101/><N who="2" m="38985" /><F106/><W20/><G0/><T26/><D107/><U110/><E110/><V13/><F25/><W44/><G77/><T130/><D75/><U70/><E117/><V116/><F116/><W2/><G91/><AGARI ba="3,0" hai="13,17,23,56,59,91,92,96" m="38985,48651" machi="91" ten="30,1000,0" yaku="18,1" doraHai="39" who="2" fromWho="3" sc="339,0,233,0,205,19,223,-19" /><INIT seed="1,0,0,5,5,98" ten="339,233,224,204" oya="1" hai0="91,12,95,53,68,38,130,104,115,74,71,62,100" hai1="125,116,16,47,67,65,49,84,128,79,7,19,77" hai2="43,82,106,18,114,94,105,85,103,45,72,101,48" hai3="129,126,5,9,131,46,39,64,108,37,89,70,102"/><U86/><E116/><V26/><F114/><W118/><G118/><T58/><D115/><U32/><E32/><V34/><F72/><W44/><G108/><T29/><D74/><U25/><E7/><V111/><F111/><W96/><G126/><T41/><D130/><N who="3" m="49673" /><G89/><T23/><D38/><N who="3" m="14345" /><G70/><T22/><D41/><U40/><E128/><V61/><F61/><W2/><G64/><N who="1" m="24650" /><E125/><V121/><F121/><W83/><G83/><T3/><D3/><U135/><E135/><V57/><F57/><W127/><G127/><T87/><D12/><U81/><E25/><V31/><F18/><N who="1" m="6697" /><E86/><V92/><F106/><AGARI ba="0,0" hai="2,5,9,44,46,96,102,106" m="14345,49673" machi="106" ten="30,2000,0" yaku="19,1,52,1" doraHai="98" who="3" fromWho="2" sc="339,0,233,0,224,-20,204,20" /><INIT seed="2,0,0,0,0,53" ten="339,233,204,224" oya="2" hai0="91,60,117,46,6,61,5,27,121,97,16,116,28" hai1="105,135,112,69,83,73,67,87,126,3,44,24,45" hai2="99,50,14,62,51,90,35,48,98,42,122,38,33" hai3="104,100,131,57,2,108,84,58,36,111,34,12,4"/><V31/><F122/><W107/><G131/><T78/><D121/><U124/><E112/><V17/><F38/><W88/><G2/><T49/><D78/><U133/><E73/><V40/><F62/><N who="0" m="24170" /><D28/><U32/><E3/><V47/><F40/><W41/><G34/><T92/><D117/><U130/><E105/><N who="3" m="40522" /><G100/><T7/><D116/><U43/><E67/><V8/><F31/><W109/><G4/><T1/><D1/><U93/><E93/><V19/><F19/><W13/><G13/><T72/><D72/><U10/><E69/><V71/><F71/><W22/><G12/><T20/><D5/><U85/><E10/><V65/><F65/><W30/><G41/><AGARI ba="0,0" hai="6,7,16,20,27,41,46,49,91,92,97" m="24170" machi="41" ten="30,2000,0" yaku="8,1,54,1" doraHai="53" who="0" fromWho="3" sc="339,20,233,0,204,0,224,-20" /><INIT seed="3,0,0,5,5,111" ten="359,233,204,204" oya="3" hai0="70,88,91,11,101,57,67,110,10,42,72,134,130" hai1="47,1,2,24,49,117,33,84,66,53,103,61,75" hai2="31,22,113,79,99,46,122,92,83,81,102,44,121" hai3="15,12,23,107,78,14,58,126,7,62,45,105,73"/><W39/><G126/><T60/><D110/><U74/><E117/><V77/><F113/><W135/><G135/><T17/><D72/><U125/><E125/><V55/><F31/><W50/><G39/><T64/><D134/><U93/><E2/><V37/><F22/><W20/><G7/><T21/><D130/><U76/><E1/><V112/><F112/><W118/><G118/><T34/><D34/><U128/><E128/><V19/><F19/><W26/><G78/><N who="2" m="29705" /><F37/><W108/><G73/><T87/><D42/><U8/><E53/><V119/><F119/><W104/><G108/><T18/><D101/><U96/><E49/><V52/><F122/><W27/><G23/><T120/><D120/><U30/><E47/><N who="2" m="17963" /><F121/><W68/><G68/><T59/><D70/><U13/><E84/><V115/><F115/><W5/><G5/><T69/><D69/><U106/><E76/><V3/><F3/><W127/><G127/><T124/><D124/><U48/><E48/><V4/><F4/><W133/><G133/><T132/><D132/><U94/><E75/><V25/><F25/><W6/><G6/><T85/><D21/><U16/><E74/><V86/><F86/><W51/><G45/><T82/><D60/><U71/><AGARI ba="0,0" hai="8,13,16,24,30,33,61,66,71,93,94,96,103,106" machi="71" ten="20,8000,1" yaku="0,1,7,1,25,2,54,1" doraHai="111" who="1" fromWho="1" sc="359,-20,233,80,204,-20,204,-40" owari="339,43.9,313,11.3,184,-21.6,164,-33.6" /></mjloggm>