<mjloggm ver="2.3"><GO type="225" lobby="0"/><UN n0="%77%72%77%72%77%72%77%72" n1="%E8%81%B7%E6%A5%AD%E3%80%81%E9%A2%A8%32" n2="%E3%81%AF%E3%82%88%E3%81%8A%E3%81%98%E3%81%95%E3%82%93" n3="%E3%83%AD%E3%83%83%E3%83%86%E9%9B%80%E7%90%83" dan="16,16,16,17" rate="2112.76,2105.49,2146.26,2264.00" sx="M,M,M,M"/><TAIKYOKU oya="0"/><INIT seed="0,0,0,3,3,89" ten="250,250,250,250" oya="0" hai0="13,35,101,120,123,51,109,2,91,79,7,56,119" hai1="134,27,78,40,54,84,73,41,114,127,19,112,106" hai2="90,100,53,11,55,66,33,96,23,37,15,50,105" hai3="46,122,117,132,125,0,16,64,71,18,38,25,99"/><T42/><D119/><U62/><E106/><V103/><F37/><W81/><G117/><T87/><D35/><U14/><E127/><V4/><F33/><W5/><G125/><T104/><D2/><U67/><E134/><V49/><F66/><W21/><G132/><T10/><D109/><U36/><E73/><V17/><F103/><W86/><G122/><T60/><D79/><U135/><E135/><V130/><F130/><W93/><G5/><T102/><D104/><U45/><E41/><V94/><F49/><W111/><G0/><T126/><D126/><U44/><E27/><V121/><F121/><W8/><G111/><T110/><D110/><U118/><E118/><V52/><F50/><W124/><G124/><T107/><D107/><U116/><E45/><V74/><F74/><W108/><G108/><T69/><D69/><U32/><E32/><V82/><F82/><W83/><G64/><N who="0" m="38919" /><D123/><U34/><E34/><V98/><REACH who="2" step="1"/><F55/><REACH who="2" ten="250,250,240,250" step="2"/><W68/><G38/><T115/><D120/><U20/><E54/><V3/><AGARI ba="0,1" hai="3,4,11,15,17,23,52,53,90,94,96,98,100,105" machi="3" ten="20,12000,2" yaku="1,1,2,1,0,1,7,1,52,1,54,1,53,1" doraHai="89" doraHaiUra="6" who="2" fromWho="2" sc="250,-60,250,-30,240,130,250,-30" /><INIT seed="1,0,0,5,2,125" ten="190,220,370,220" oya="1" hai0="15,112,10,55,95,14,22,1,129,79,84,115,51" hai1="94,47,118,28,26,116,130,126,3,77,6,100,18" hai2="56,92,122,50,46,113,63,107,8,88,75,36,105" hai3="49,67,17,74,31,57,42,5,13,98,29,33,24"/><U44/><E126/><V78/><F122/><W27/><G74/><T83/><D1/><U64/><E64/><V2/><F36/><W108/><G108/><T12/><D10/><U120/><E120/><V54/><F113/><W97/><G5/><T90/><D129/><U21/><E77/><V0/><F75/><W69/><G69/><T80/><D80/><U70/><E70/><V76/><F107/><W109/><G109/><T19/><D115/><U96/><E130/><V121/><F105/><W128/><G128/><T52/><D112/><U117/><E6/><V59/><F121/><W37/><G37/><T66/><D66/><U9/><E3/><V7/><F59/><W127/><G127/><T87/><REACH who="0" step="1"/><D55/><REACH who="0" ten="180,220,370,220" step="2"/><U132/><E9/><V103/><F0/><W25/><G67/><T62/><D62/><U45/><E132/><V81/><F81/><W134/><G134/><T38/><D38/><U91/><E28/><V99/><F103/><W30/><G33/><T40/><D40/><AGARI ba="0,1" hai="2,7,8,40,46,50,54,56,63,76,78,88,92,99" machi="40" ten="30,2000,0" yaku="7,1,54,1" doraHai="125" who="2" fromWho="0" sc="180,-20,220,0,370,30,220,0" /><INIT seed="2,0,0,0,2,71" ten="160,220,400,220" oya="2" hai0="64,48,73,94,6,26,92,30,40,112,16,28,33" hai1="44,106,0,69,110,57,116,25,2,13,5,125,53" hai2="72,42,113,17,59,47,36,7,80,85,127,65,122" hai3="77,55,32,99,131,83,129,56,120,128,119,60,8"/><V51/><F113/><W46/><G120/><T78/><D112/><U89/><E69/><V23/><F122/><W124/><G124/><T103/><D6/><U84/><E106/><V98/><F72/><W21/><G119/><T27/><D64/><U12/><E110/><V121/><F121/><W50/><G32/><T70/><D70/><U22/><E125/><V75/><F75/><W93/><G21/><T34/><D103/><U3/><E116/><V45/><F7/><W29/><G29/><T61/><D61/><U1/><E44/><V35/><F98/><W14/><G83/><T96/><D96/><U41/><E41/><V79/><F35/><W63/><G77/><T107/><D107/><U39/><E39/><V102/><F102/><W31/><G31/><T87/><D73/><U132/><E132/><V105/><F105/><W117/><G46/><T104/><D104/><U82/><E5/><V11/><F11/><W123/><G123/><T135/><D135/><U109/><E109/><V67/><F59/><W38/><G38/><T18/><D48/><U62/><N who="1" m="0" /><DORA hai="115" /><U20/><REACH who="1" step="1"/><E20/><REACH who="1" ten="160,210,400,220" step="2"/><V126/><F127/><W24/><G117/><T37/><D40/><U133/><E133/><V66/><F126/><W9/><G131/><T81/><REACH who="0" step="1"/><D37/><REACH who="0" ten="150,210,400,220" step="2"/><U95/><E95/><AGARI ba="0,2" hai="16,18,26,27,28,30,33,34,78,81,87,92,94,95" machi="95" ten="40,8000,1" yaku="1,1,2,1,9,1,54,1,53,0" doraHai="71,115" doraHaiUra="19,114" who="0" fromWho="1" sc="150,100,210,-80,400,0,220,0" /><INIT seed="3,0,0,3,0,16" ten="250,130,400,220" oya="3" hai0="14,132,8,110,45,70,135,46,75,10,101,89,133" hai1="31,113,56,118,24,102,60,33,81,61,129,117,38" hai2="115,50,94,69,126,48,103,2,86,112,7,87,128" hai3="25,66,123,42,99,67,4,78,116,12,108,54,96"/><W76/><G116/><T80/><D110/><U95/><E113/><V51/><F69/><W125/><G123/><T97/><D70/><U53/><E38/><V79/><F126/><W22/><G125/><T19/><D10/><U55/><E129/><V127/><F127/><W88/><G108/><T109/><D109/><U68/><E68/><V130/><F7/><W58/><G42/><T29/><D29/><U104/><E104/><V23/><F2/><W100/><G12/><T20/><D8/><U84/><E95/><V36/><F36/><W17/><G4/><T41/><D41/><U6/><E102/><V1/><F1/><W59/><G100/><T57/><D57/><U83/><E6/><V27/><F79/><N who="3" m="30251" /><G59/><T111/><D111/><U121/><E121/><V105/><F105/><W13/><G13/><T5/><D5/><U114/><E114/><V134/><F115/><W131/><G99/><T40/><D40/><U74/><E74/><V21/><F112/><W43/><G43/><T63/><D75/><U124/><E124/><V28/><F103/><W26/><G26/><T64/><D101/><U9/><E9/><V107/><F107/><W30/><G30/><T85/><D97/><U73/><E73/><V37/><F37/><W92/><G131/><N who="2" m="50217" /><F27/><W35/><G35/><T11/><D11/><U47/><E83/><V93/><F28/><W3/><G3/><T82/><D82/><U119/><E61/><AGARI ba="0,0" hai="17,22,25,54,58,61,66,67,88,92,96" m="30251" machi="61" ten="30,11600,0" yaku="25,1,8,1,52,1,54,1" doraHai="16" who="3" fromWho="1" sc="250,0,130,-116,400,0,220,116" /><INIT seed="3,1,0,1,2,33" ten="250,14,400,336" oya="3" hai0="44,108,78,106,64,30,58,80,125,63,71,135,57" hai1="101,45,53,88,36,72,52,116,15,26,37,122,10" hai2="76,124,0,25,28,51,105,93,131,62,61,79,118" hai3="31,55,113,129,109,49,95,99,24,85,48,29,9"/><W6/><G113/><T90/><D108/><U69/><E72/><V119/><F105/><W19/><G129/><T39/><D90/><U59/><E122/><V100/><F0/><W11/><G109/><T23/><D23/><U5/><E69/><V40/><F131/><W41/><G41/><T81/><D81/><U20/><E116/><V89/><F100/><W43/><G43/><T127/><D30/><U87/><E101/><V117/><F124/><W94/><G85/><T27/><D27/><U50/><E59/><V130/><F130/><W74/><G74/><T128/><D106/><U42/><E37/><V73/><F73/><W133/><G133/><T14/><D14/><U22/><E22/><V47/><F76/><W121/><G121/><T21/><D21/><U46/><E46/><V60/><F79/><W54/><G24/><T83/><D83/><U120/><E36/><V8/><F8/><W104/><G104/><T3/><D135/><U66/><E66/><V91/><REACH who="2" step="1"/><F93/><REACH who="2" ten="250,14,390,336" step="2"/><W92/><G92/><T35/><D58/><U86/><E120/><V18/><F18/><W84/><G19/><T77/><D57/><U114/><E114/><V115/><F115/><W38/><G38/><T103/><D39/><U134/><E134/><V98/><F98/><W102/><G102/><T111/><D103/><U65/><E65/><V96/><F96/><W126/><G99/><T2/><D128/><U7/><E7/><V70/><F70/><W67/><G67/><T56/><D64/><U107/><E107/><V110/><F110/><W82/><G6/><T75/><D111/><RYUUKYOKU ba="1,1" sc="250,-10,14,-10,390,30,336,-10" hai2="25,28,40,47,51,60,61,62,89,91,117,118,119" owari="240,-16.0,4,-49.6,430,53.0,326,12.6" /></mjloggm>