<mjloggm ver="2.3"><GO type="225" lobby="0"/><UN n0="%E3%83%A2%E3%83%B3%E3%82%AD%E3%83%BC%E3%83%88%E3%83%AA%E3%83%83%E3%82%AF" n1="%E6%B4%BE%E9%81%A3%E3%81%AE%E3%82%B8%E3%83%A3%E3%83%83%E3%82%AF" n2="%E6%9D%B1%E9%A2%A8%E3%81%AE%E3%81%8D%E3%82%83%E3%81%B7%E3%81%95%E3%82%93" n3="%79%75%72%69%6D%6F%67" dan="16,17,17,17" rate="2207.12,2189.79,2207.19,2159.02" sx="M,M,M,F"/><TAIKYOKU oya="0"/><INIT seed="0,0,0,2,3,101" ten="250,250,250,250" oya="0" hai0="92,45,62,77,109,28,84,129,105,97,44,104,88" hai1="13,34,0,75,23,24,94,12,1,120,38,113,16" hai2="19,130,31,11,134,22,103,126,20,14,26,100,122" hai3="121,59,58,68,127,37,65,73,93,112,91,78,4"/><T102/><D129/><U107/><E38/><V83/><F126/><W47/><G112/><T6/><D6/><U41/><E41/><V125/><F134/><W40/><G68/><T5/><D5/><U116/><E75/><V106/><F122/><W131/><G65/><T89/><D28/><N who="1" m="19719" /><E94/><V76/><F130/><W99/><G131/><T17/><D109/><U61/><E61/><V46/><F125/><W48/><G127/><T49/><D77/><U133/><E107/><V51/><F11/><W55/><G4/><T79/><D79/><U117/><E120/><V71/><F106/><W90/><G78/><T15/><D62/><U72/><E72/><V110/><F71/><W18/><G73/><T21/><D89/><U80/><E80/><V123/><F110/><W7/><G7/><T135/><D135/><U54/><E54/><V43/><REACH who="2" step="1"/><F123/><REACH who="2" ten="250,250,240,250" step="2"/><W27/><G121/><T95/><REACH who="0" step="1"/><D44/><REACH who="0" ten="240,250,240,250" step="2"/><U60/><E133/><V53/><F53/><AGARI ba="0,2" hai="15,17,21,45,49,53,84,88,92,95,97,102,104,105" machi="53" ten="30,18000,2" yaku="1,1,2,1,7,1,52,2,54,1,53,0" doraHai="101" doraHaiUra="25" who="0" fromWho="2" sc="240,200,250,0,240,-180,250,0" /><INIT seed="0,1,0,0,4,101" ten="440,250,60,250" oya="0" hai0="57,119,14,77,75,24,96,115,120,18,106,53,25" hai1="80,40,61,56,64,7,92,27,110,79,5,6,31" hai2="87,48,107,97,133,37,30,28,127,17,59,84,86" hai3="35,51,100,73,91,36,90,130,50,23,108,60,71"/><T98/><D106/><U67/><E110/><V135/><F37/><W47/><G35/><T41/><D119/><U70/><E40/><V34/><F17/><W113/><G73/><T11/><D120/><U54/><E92/><V9/><F9/><W42/><G113/><T19/><D115/><U78/><E70/><V4/><F4/><W3/><G3/><T49/><D75/><U129/><E129/><V52/><F127/><W15/><G130/><T65/><D77/><U134/><E134/><N who="2" m="51211" /><F34/><W63/><G36/><T39/><D39/><U43/><E43/><V102/><AGARI ba="1,0" hai="28,30,48,52,59,84,86,87,97,102,107" m="51211" machi="102" ten="40,5200,0" yaku="20,1,52,1,54,1" doraHai="101" who="2" fromWho="2" sc="440,-27,250,-14,60,55,250,-14" /><INIT seed="1,0,0,3,4,126" ten="413,236,115,236" oya="1" hai0="82,12,20,51,27,8,50,64,63,16,48,107,21" hai1="17,95,100,106,35,94,36,78,119,32,113,19,18" hai2="115,52,2,5,39,88,55,53,108,3,87,74,11" hai3="83,70,40,10,56,89,90,44,47,69,14,38,15"/><U46/><E113/><V33/><F33/><W123/><G123/><T80/><D107/><U79/><E119/><V22/><F74/><W58/><G83/><T129/><D129/><U105/><E46/><V112/><F39/><W132/><G132/><T1/><D1/><U9/><E9/><V102/><F102/><W30/><G30/><T134/><D21/><U76/><E36/><V25/><F2/><W71/><G47/><T45/><D45/><U23/><E23/><V103/><F103/><W117/><G117/><T73/><D73/><U93/><E100/><V99/><F99/><W85/><G85/><T98/><D98/><U42/><E42/><V128/><F108/><W41/><G41/><T6/><REACH who="0" step="1"/><D134/><REACH who="0" ten="403,236,115,236" step="2"/><U31/><E31/><V59/><F128/><W91/><REACH who="3" step="1"/><G15/><REACH who="3" ten="403,236,115,226" step="2"/><T43/><D43/><U0/><E0/><V104/><F104/><AGARI ba="0,2" hai="17,18,19,32,35,76,78,79,93,94,95,104,105,106" machi="104" ten="50,12000,1" yaku="29,2,28,2" doraHai="126" who="1" fromWho="2" sc="403,0,236,140,115,-120,226,0" owari="403,50.3,376,17.6,-5,-50.5,226,-17.4" /></mjloggm>