<mjloggm ver="2.3"><GO type="225" lobby="0"/><UN n0="%E5%B8%86%E7%AB%8B%E5%A4%8F%E8%A1%A3" n1="%E5%80%89%E6%A9%8B%EF%BC%A0%E4%BA%8B%E5%8B%99" n2="%E9%80%9F%E6%B0%B4%E5%87%9B%E9%A6%99" n3="%E3%81%95%E3%81%8D%E3%81%9F%E3%81%BE%E6%9E%97%E6%AA%8E" dan="17,16,16,16" rate="2150.81,2123.41,2178.18,2187.18" sx="M,M,F,M"/><TAIKYOKU oya="0"/><INIT seed="0,0,0,0,2,4" ten="250,250,250,250" oya="0" hai0="79,50,5,36,35,133,128,24,53,13,97,104,75" hai1="55,56,88,83,23,32,90,47,51,68,127,82,8" hai2="115,66,87,18,92,33,109,7,101,124,20,98,93" hai3="26,58,119,0,63,134,11,10,84,31,64,81,72"/><T65/><D128/><U38/><E68/><V108/><F115/><W122/><G119/><T118/><D133/><U14/><E32/><V49/><F33/><W130/><G72/><T45/><D118/><U73/><E127/><V95/><F124/><W61/><G0/><T12/><D75/><U25/><E38/><V89/><F66/><W132/><G130/><T59/><D79/><U86/><E56/><V60/><F60/><W54/><G122/><T19/><D5/><N who="1" m="3343" /><E73/><V39/><F39/><W62/><G62/><T17/><D35/><U48/><E48/><V135/><F7/><W125/><G125/><T28/><D28/><N who="1" m="17471" /><E83/><V29/><F29/><W46/><G26/><T129/><D129/><U71/><E71/><V52/><F135/><N who="3" m="51755" /><G31/><T110/><D24/><U42/><E55/><V80/><F109/><W113/><G113/><T94/><D110/><U102/><E102/><V70/><F70/><N who="3" m="42255" /><G46/><T3/><D45/><U96/><E96/><V78/><F78/><AGARI ba="0,0" hai="10,11,54,58,63,78,81,84" m="42255,51755" machi="78" ten="30,3900,0" yaku="20,1,52,2" doraHai="4" who="3" fromWho="2" sc="250,0,250,0,250,-39,250,39" /><AGARI ba="0,0" hai="42,47,51,78,82,86,88,90" m="17471,3343" machi="78" ten="30,7700,0" yaku="25,1,8,1,52,1,54,1" doraHai="4" who="1" fromWho="2" sc="250,0,250,77,211,-77,289,0" /><INIT seed="1,0,0,5,2,126" ten="250,327,134,289" oya="1" hai0="56,70,53,3,33,72,123,79,0,89,92,41,69" hai1="16,131,50,60,47,75,26,13,49,129,27,78,6" hai2="116,125,10,20,61,83,87,85,8,90,113,55,86" hai3="106,67,118,1,95,12,5,59,135,73,28,121,97"/><U37/><E6/><V66/><F116/><W21/><G121/><T34/><D123/><U124/><E124/><V88/><F125/><W77/><G106/><T117/><D117/><U22/><E37/><V105/><F113/><W30/><G135/><T24/><D41/><U81/><E60/><V64/><F105/><W29/><G1/><T115/><D115/><U71/><E71/><V103/><F103/><W109/><G109/><T62/><D70/><U19/><E49/><V134/><F134/><W84/><G73/><T38/><D38/><U111/><E111/><V7/><F20/><W76/><G118/><T51/><D34/><U48/><E50/><V36/><F36/><W74/><G74/><T54/><D72/><U132/><E132/><V102/><F102/><W42/><G42/><T45/><D79/><U98/><E98/><V96/><F96/><W25/><G84/><T52/><D69/><U40/><REACH who="1" step="1"/><E27/><REACH who="1" ten="250,317,134,289" step="2"/><V63/><F7/><W2/><G2/><T68/><D68/><U122/><E122/><V43/><F43/><W99/><G99/><N who="0" m="57743" /><D3/><U9/><AGARI ba="0,1" hai="9,13,16,19,22,26,40,47,48,75,78,81,129,131" machi="9" ten="30,12000,1" yaku="1,1,0,1,52,2,54,1,53,0" doraHai="126" doraHaiUra="110" who="1" fromWho="1" sc="250,-40,317,130,134,-40,289,-40" /><INIT seed="1,1,0,2,3,55" ten="210,447,94,249" oya="1" hai0="108,78,128,96,132,127,82,26,105,134,123,109,6" hai1="74,34,28,90,83,17,64,29,31,56,107,32,129" hai2="119,102,20,41,135,9,48,113,103,93,57,91,72" hai3="121,89,85,131,19,45,61,97,80,46,23,37,54"/><U24/><E107/><V39/><F119/><W124/><G121/><T87/><D6/><U69/><E69/><V71/><F72/><W16/><G131/><T76/><D26/><U67/><E129/><V101/><F135/><N who="0" m="51754" /><D128/><U126/><E126/><V47/><F71/><W118/><G118/><T70/><D70/><U94/><E74/><V77/><F113/><W114/><G124/><T110/><D127/><U51/><E83/><V42/><F77/><W3/><G3/><T75/><D123/><U63/><E67/><V104/><F104/><W2/><G2/><T4/><D4/><U62/><E62/><V8/><F20/><W84/><G114/><T10/><D10/><U117/><E117/><V40/><F39/><W122/><G122/><T68/><D68/><U59/><E17/><V79/><F79/><W11/><G11/><N who="2" m="4169" /><F57/><N who="3" m="34999" /><G37/><T33/><D33/><U14/><E32/><V49/><F47/><N who="3" m="17931" /><G19/><T120/><D120/><U27/><E34/><V100/><N who="2" m="25600" /><DORA hai="115" /><V25/><F25/><N who="3" m="14567" /><G80/><N who="0" m="47495" /><D105/><U66/><E14/><V95/><F95/><AGARI ba="1,0" hai="84,85,89,95,97" m="14567,17931,34999" machi="95" ten="30,7700,0" yaku="25,1,8,1,52,1,54,1" doraHai="55,115" who="3" fromWho="2" sc="210,0,447,0,94,-80,249,80" /><INIT seed="2,0,0,3,5,17" ten="210,447,14,329" oya="2" hai0="76,79,7,43,128,48,51,46,85,39,23,105,27" hai1="66,33,127,101,84,40,8,42,132,52,106,72,123" hai2="134,120,114,130,24,80,107,9,50,96,45,108,1" hai3="56,74,21,133,122,116,100,98,32,34,16,73,90"/><V41/><F120/><W70/><G116/><T75/><D128/><U78/><E72/><V28/><F114/><W121/><G70/><T60/><D105/><U131/><E33/><V65/><F130/><W12/><G133/><T44/><D75/><U30/><E66/><V54/><F134/><W103/><G74/><T63/><D39/><U86/><E132/><V14/><F1/><W47/><G73/><T13/><D7/><U94/><E106/><V25/><F65/><W71/><G71/><T67/><D13/><U87/><E131/><V109/><F80/><W113/><G113/><T53/><D85/><U58/><E127/><V117/><F117/><W92/><G34/><T20/><D63/><U57/><E30/><V104/><F41/><W2/><G2/><T102/><D102/><U124/><E124/><V26/><F28/><W61/><G32/><T5/><D5/><U135/><E57/><V89/><F89/><W77/><G77/><N who="0" m="29771" /><D27/><U97/><E135/><V69/><F69/><W4/><G4/><T129/><D129/><U99/><E123/><V81/><F81/><W111/><G111/><N who="2" m="42569" /><F96/><W126/><G126/><T62/><D67/><U37/><E78/><V29/><F29/><W95/><G122/><T115/><D115/><U10/><E97/><V31/><F31/><W110/><G110/><T88/><D88/><U3/><E3/><V38/><F38/><W125/><G125/><T0/><D0/><U35/><E37/><V83/><F83/><W112/><G121/><T59/><D43/><N who="1" m="16427" /><E35/><V49/><F49/><AGARI ba="0,0" hai="8,10,49,52,58,84,86,87,94,99,101" m="16427" machi="49" ten="30,2000,0" yaku="8,1,54,1" doraHai="17" who="1" fromWho="2" sc="210,0,447,20,14,-20,329,0" owari="210,-19.0,467,56.7,-6,-50.6,329,12.9" /></mjloggm>