<mjloggm ver="2.3"><GO type="225" lobby="0"/><UN n0="%E3%81%AF%E3%82%88%E3%81%8A%E3%81%98%E3%81%95%E3%82%93" n1="%E3%82%A2%E3%83%BC%E3%83%A2%E3%83%AD%E3%83%BC%E3%83%B4%E3%82%A1" n2="%E5%A4%9C%E5%85%89%E5%A4%A9%E6%A5%BC" n3="%72%69%6F%75%63%68%61%6E" dan="17,16,17,16" rate="2177.84,2095.97,2141.18,2245.87" sx="M,M,M,M"/><TAIKYOKU oya="0"/><INIT seed="0,0,0,1,0,25" ten="250,250,250,250" oya="0" hai0="75,121,94,6,79,7,127,82,72,119,76,96,122" hai1="74,101,88,125,68,16,78,97,34,107,128,129,86" hai2="59,31,84,24,2,17,90,58,100,53,54,111,63" hai3="9,57,126,135,41,85,1,131,92,105,123,89,21"/><T37/><D37/><U12/><E68/><V87/><F111/><W62/><G105/><T22/><D119/><U110/><E34/><V28/><F2/><W13/><G126/><T20/><D127/><U98/><E125/><V5/><F5/><W11/><G131/><N who="1" m="50250" /><E110/><V40/><F40/><W48/><G135/><T50/><D50/><U133/><E133/><V18/><F100/><W19/><G123/><T14/><D94/><N who="1" m="56519" /><E74/><V51/><F87/><W15/><G1/><T64/><D96/><U8/><E86/><V91/><F91/><W104/><G104/><T114/><D64/><U66/><E78/><V132/><F132/><W39/><G39/><T69/><D69/><U61/><E61/><V43/><F43/><W116/><G116/><T81/><REACH who="0" step="1"/><D14/><REACH who="0" ten="240,250,250,250" step="2"/><U117/><E117/><V46/><F46/><N who="3" m="25679" /><G13/><T27/><D27/><U32/><E32/><V30/><F24/><W83/><G92/><AGARI ba="0,1" hai="17,18,28,30,31,51,53,54,58,59,63,84,90,92" machi="92" ten="40,8000,1" yaku="8,1,52,3" doraHai="25" who="2" fromWho="3" sc="240,0,250,0,250,90,250,-80" /><INIT seed="1,0,0,5,1,90" ten="240,250,340,170" oya="1" hai0="43,134,124,82,107,22,2,87,74,18,46,126,3" hai1="99,84,45,93,66,38,37,58,54,95,70,55,97" hai2="89,114,32,120,113,102,123,13,128,115,41,104,4" hai3="80,81,11,5,127,68,135,53,122,1,8,77,62"/><U101/><E84/><V116/><F116/><W79/><G122/><T83/><D107/><U39/><E70/><V85/><F32/><W19/><G127/><N who="0" m="48683" /><D74/><U0/><E0/><N who="0" m="41" /><D134/><U35/><E35/><V57/><F104/><W110/><G110/><T14/><D87/><U7/><E7/><V17/><F4/><W100/><G135/><T28/><D28/><U88/><REACH who="1" step="1"/><E45/><REACH who="1" ten="240,240,340,170" step="2"/><V33/><F85/><W65/><G77/><T27/><D14/><U50/><E50/><AGARI ba="0,1" hai="18,22,27,43,46,50,82,83" m="41,48683" machi="50" ten="30,1000,0" yaku="18,1" doraHai="90" who="0" fromWho="1" sc="240,20,240,-10,340,0,170,0" /><INIT seed="2,0,0,3,4,6" ten="260,230,340,170" oya="2" hai0="83,12,58,68,119,126,7,34,130,23,42,124,100" hai1="105,64,70,20,41,112,46,33,125,84,75,25,2" hai2="3,106,66,19,95,132,45,59,39,52,32,43,87" hai3="51,47,123,82,63,81,8,86,11,22,67,30,71"/><V26/><F106/><W85/><G123/><T118/><D68/><U92/><E112/><V16/><F3/><W28/><G30/><T17/><D34/><U113/><E113/><V10/><F132/><W38/><G38/><T127/><D130/><U55/><E75/><V135/><F135/><W94/><G94/><T104/><D42/><U18/><E2/><V131/><F131/><W80/><G28/><T128/><D128/><U49/><E33/><V111/><F32/><W108/><G108/><T96/><D7/><U116/><E116/><N who="0" m="44585" /><D58/><U79/><E105/><V91/><F66/><W35/><G35/><T57/><D57/><U99/><E125/><V129/><F129/><W50/><G22/><T120/><D83/><N who="1" m="47231" /><E64/><V36/><F111/><W73/><G73/><T54/><D54/><U44/><E70/><V40/><F40/><W109/><G109/><T15/><D15/><U88/><E41/><V0/><F39/><W76/><G82/><T69/><D69/><U97/><E44/><V121/><F26/><W72/><G72/><T14/><D14/><U53/><E55/><V122/><F122/><AGARI ba="0,0" hai="12,17,23,96,100,104,120,122,124,126,127" m="44585" machi="122" ten="40,2600,0" yaku="18,1,12,1" doraHai="6" who="0" fromWho="2" sc="260,26,230,0,340,-26,170,0" /><INIT seed="3,0,0,1,0,32" ten="286,230,314,170" oya="3" hai0="132,108,95,15,94,89,41,124,19,73,119,110,30" hai1="5,45,2,58,105,47,107,109,96,8,42,117,98" hai2="90,101,116,36,3,28,79,56,10,100,50,115,120" hai3="60,85,121,7,122,91,39,77,18,63,130,35,12"/><W53/><G35/><T16/><D119/><U97/><E109/><N who="0" m="42089" /><D73/><U62/><E117/><V88/><F36/><W67/><G39/><T87/><D124/><U55/><REACH who="1" step="1"/><E47/><REACH who="1" ten="286,220,314,170" step="2"/><V9/><F116/><W22/><G130/><T78/><D132/><U1/><E1/><V11/><F3/><W127/><G127/><T86/><D41/><U102/><E102/><V112/><F101/><W68/><G77/><T13/><D30/><U104/><E104/><V80/><F28/><W33/><G33/><T71/><D71/><U59/><E59/><V131/><F56/><W34/><G34/><T134/><D134/><U40/><E40/><V49/><F100/><W125/><G125/><T43/><D43/><U93/><E93/><V69/><F69/><W17/><G7/><T133/><D133/><U51/><AGARI ba="0,1" hai="2,5,8,42,45,51,55,58,62,96,97,98,105,107" machi="51" ten="30,4000,0" yaku="1,1,0,1,52,1,53,0" doraHai="32" doraHaiUra="126" who="1" fromWho="1" sc="286,-10,220,50,314,-10,170,-20" owari="276,7.6,270,-13.0,304,40.4,150,-35.0" /></mjloggm>