<mjloggm ver="2.3"><GO type="225" lobby="0"/><UN n0="%E9%87%8E%E3%80%85%E5%AE%AE%E8%97%8D" n1="%E3%83%9F%E3%82%B9%E3%82%BF%E3%83%BC%E3%83%89%E3%83%BC%E3%83%8A%E3%83%84" n2="%E5%8F%AF%E5%85%90%E9%82%A3%E7%94%B1%E5%A4%9A" n3="%E9%A2%A8%E3%81%A7%E9%B3%B4%E3%81%8F" dan="16,16,17,16" rate="2140.91,2072.78,2194.26,2188.97" sx="F,M,F,M"/><TAIKYOKU oya="0"/><INIT seed="0,0,0,2,1,112" ten="250,250,250,250" oya="0" hai0="62,2,47,116,52,107,75,24,53,77,61,27,89" hai1="135,8,96,11,29,1,22,117,59,10,55,97,76" hai2="66,126,56,105,123,74,5,4,63,60,113,28,42" hai3="19,127,115,92,51,21,95,108,6,15,88,119,25"/><T35/><D116/><U133/><E1/><V85/><F74/><W46/><G115/><T37/><D107/><U38/><E38/><V20/><F105/><W57/><G108/><T83/><D89/><U14/><E76/><V33/><F33/><W16/><G119/><T41/><D2/><U49/><E117/><V67/><F113/><W30/><G57/><T17/><D24/><N who="1" m="16535" /><E14/><V130/><F123/><W65/><G65/><T129/><D129/><U64/><E64/><V23/><F130/><W98/><G92/><T3/><D3/><U102/><E102/><V94/><F42/><W12/><G127/><T0/><D0/><U70/><E70/><V99/><F85/><W39/><G39/><T45/><D45/><U81/><E81/><V40/><F40/><N who="3" m="25031" /><G15/><T78/><D78/><U7/><E7/><V114/><F126/><W68/><G68/><T79/><D79/><U32/><E32/><V100/><F114/><W131/><G131/><T84/><D75/><U69/><E69/><V122/><F122/><W106/><G106/><T48/><D35/><U132/><AGARI ba="0,0" hai="8,10,11,49,55,59,96,97,132,133,135" m="16535" machi="132" ten="40,1500,0" yaku="20,1" doraHai="112" who="1" fromWho="1" sc="250,-7,250,15,250,-4,250,-4" /><INIT seed="1,0,0,2,1,45" ten="243,265,246,246" oya="1" hai0="127,43,89,106,114,130,96,115,83,120,113,69,13" hai1="29,82,110,65,31,3,90,70,61,95,117,81,98" hai2="0,41,49,93,99,18,16,78,68,126,59,112,133" hai3="73,23,36,97,60,108,24,124,92,62,116,40,21"/><U79/><E117/><V1/><F68/><W109/><G73/><T28/><D69/><U94/><E3/><V27/><F133/><W74/><G74/><T37/><D43/><U119/><E119/><V39/><F126/><W67/><G116/><T91/><D37/><U111/><E95/><V52/><F112/><W8/><G124/><T129/><D127/><U9/><E9/><V84/><F39/><W33/><G8/><T26/><D13/><U54/><E54/><V7/><F0/><W48/><G36/><T32/><D120/><U121/><E82/><N who="2" m="47191" /><F1/><W5/><G5/><T19/><D19/><N who="2" m="7210" /><F41/><W80/><G80/><T56/><D83/><U118/><E121/><V51/><F27/><W46/><G33/><T102/><REACH who="0" step="1"/><D56/><REACH who="0" ten="233,265,246,246" step="2"/><U103/><E118/><V10/><F7/><W132/><G24/><T57/><D57/><U104/><E110/><V4/><F4/><W6/><G6/><T25/><D25/><U38/><E38/><V55/><F10/><W75/><G75/><T20/><D20/><N who="3" m="7753" /><G132/><T87/><D87/><N who="1" m="52575" /><E111/><N who="3" m="42570" /><G67/><T86/><D86/><U101/><E65/><V88/><F55/><W107/><G107/><T34/><D34/><U71/><E81/><V17/><F17/><W100/><AGARI ba="0,1" hai="40,46,48,60,62,92,97,100" m="42570,7753" machi="100" ten="30,2000,0" yaku="14,1,52,1" doraHai="45" who="3" fromWho="3" sc="233,-5,265,-10,246,-5,246,30" /><INIT seed="2,0,0,3,1,103" ten="228,255,241,276" oya="2" hai0="55,53,24,18,51,75,99,85,89,78,12,125,104" hai1="63,2,132,134,81,116,19,36,42,7,0,38,54" hai2="34,108,129,128,68,50,93,52,115,8,61,20,16" hai3="29,90,46,100,48,37,22,120,126,72,110,67,31"/><V133/><F115/><W57/><G37/><T28/><D125/><U105/><E116/><V111/><F34/><W74/><G120/><T94/><D75/><U44/><E38/><V114/><F114/><W14/><G126/><T30/><D24/><U15/><E105/><V3/><F133/><N who="1" m="51305" /><E81/><V101/><F3/><W123/><G100/><T1/><D1/><U41/><E41/><V95/><F8/><W77/><G90/><T43/><D43/><U97/><E97/><N who="2" m="59567" /><F95/><W5/><G123/><T58/><D55/><U9/><E2/><V113/><F113/><W71/><G71/><T131/><D131/><N who="2" m="50250" /><F61/><W69/><G69/><T45/><D104/><U79/><E79/><V27/><F68/><W109/><G77/><T107/><D107/><U84/><E84/><V40/><F40/><W92/><G92/><T64/><D78/><U98/><E98/><V91/><F91/><W76/><G76/><T122/><D99/><U70/><E70/><V127/><F127/><W4/><G72/><T73/><D73/><U112/><E112/><V10/><F10/><N who="3" m="4423" /><G5/><T83/><D94/><U47/><E63/><V82/><F82/><W11/><G74/><T88/><D89/><U65/><E0/><V87/><F87/><W66/><G11/><N who="0" m="6431" /><D122/><U102/><E102/><V135/><F135/><W17/><G67/><T21/><D21/><U119/><E119/><V6/><F6/><W39/><G39/><T32/><D32/><U117/><E117/><V56/><AGARI ba="0,0" hai="16,20,27,50,52,56,108,111" m="50250,59567" machi="56" ten="30,6000,0" yaku="19,1,54,2" doraHai="103" who="2" fromWho="2" sc="228,-20,255,-20,241,60,276,-20" /><INIT seed="2,1,0,1,3,101" ten="208,235,301,256" oya="2" hai0="84,115,15,49,121,65,3,114,17,109,107,104,47" hai1="128,29,82,53,126,86,2,110,72,83,106,78,94" hai2="105,88,97,90,100,127,70,102,30,80,96,33,119" hai3="35,76,95,85,43,10,54,8,74,135,41,81,52"/><V63/><F119/><W71/><G35/><T112/><D121/><U37/><E2/><V18/><F127/><W131/><G71/><T45/><D3/><U59/><E37/><V118/><F118/><W4/><G135/><T75/><D75/><U48/><E126/><V5/><F18/><W28/><G28/><T58/><D109/><U89/><E110/><V12/><F80/><W51/><G54/><T67/><D84/><U133/><E133/><V6/><F12/><W7/><G131/><T61/><D67/><U111/><E111/><V21/><F21/><W20/><G20/><T0/><D0/><U66/><E128/><V129/><F129/><W103/><G74/><T69/><D69/><U24/><E66/><N who="2" m="41311" /><F6/><N who="3" m="2091" /><G95/><T57/><D57/><U50/><E106/><N who="2" m="63751" /><F5/><W108/><G103/><T40/><REACH who="0" step="1"/><D47/><REACH who="0" ten="198,235,301,256" step="2"/><U91/><E59/><V27/><AGARI ba="1,1" hai="27,30,33,88,90,97,102,105" m="63751,41311" machi="27" ten="30,11700,0" yaku="25,1,52,2,54,1" doraHai="101" who="2" fromWho="2" sc="198,-40,235,-40,301,130,256,-40" /><INIT seed="2,2,0,0,1,124" ten="158,195,431,216" oya="2" hai0="133,35,63,97,125,0,21,110,119,74,94,56,47" hai1="41,96,90,73,3,39,118,9,30,93,116,92,87" hai2="112,62,69,24,107,16,55,60,105,78,2,115,4" hai3="102,84,13,17,59,99,129,48,88,76,15,67,66"/><V7/><F78/><W26/><G76/><T8/><D35/><U6/><E73/><V11/><F4/><W38/><G38/><T23/><D74/><U86/><E30/><V40/><F40/><W71/><G71/><T54/><D125/><U25/><E25/><V104/><F69/><W20/><G129/><T127/><D127/><U46/><REACH who="1" step="1"/><E87/><REACH who="1" ten="158,185,431,216" step="2"/><V45/><F24/><W51/><G26/><T103/><D110/><U113/><E113/><V117/><F115/><W36/><G36/><T52/><D119/><U109/><E109/><V83/><F112/><W106/><G13/><T89/><D133/><U101/><AGARI ba="2,1" hai="3,6,9,39,41,46,86,90,92,93,96,101,116,118" machi="101" ten="20,2700,0" yaku="1,1,0,1,7,1,53,0" doraHai="124" doraHaiUra="31" who="1" fromWho="1" sc="158,-9,185,43,431,-15,216,-9" /><INIT seed="3,0,0,3,3,16" ten="149,228,416,207" oya="3" hai0="98,83,130,27,40,85,60,8,68,119,34,59,4" hai1="42,113,105,106,26,47,134,74,135,129,18,24,75" hai2="79,9,87,127,118,58,96,7,67,56,80,19,121" hai3="120,39,108,21,3,41,109,100,49,73,131,33,99"/><W32/><G73/><N who="1" m="27658" /><E113/><V37/><F118/><W95/><G3/><T76/><D119/><U94/><E94/><V23/><F37/><W132/><G39/><T45/><D68/><U11/><E129/><V2/><F127/><W12/><G120/><T124/><D124/><U102/><E11/><V13/><F121/><W72/><G72/><T15/><D130/><U25/><E18/><V101/><F67/><W0/><G0/><T114/><D114/><U84/><E84/><V70/><F70/><W93/><G131/><T55/><D98/><U107/><E102/><V112/><F112/><W126/><G126/><T65/><D34/><U86/><E86/><V111/><F111/><N who="3" m="42571" /><G132/><N who="1" m="50730" /><E107/><AGARI ba="0,0" hai="2,7,9,13,19,23,56,58,79,80,87,96,101,107" machi="107" ten="30,2000,0" yaku="7,1,52,1" doraHai="16" who="2" fromWho="1" sc="149,0,228,-20,416,20,207,0" owari="149,-35.1,208,0.8,436,53.6,207,-19.3" /></mjloggm>