<mjloggm ver="2.3"><GO type="225" lobby="0"/><UN n0="%E6%B0%B7%E5%B7%9D%E9%87%8C%E5%A5%88" n1="%73%61%6E%64%69%72%69%73" n2="%6B%65%6E%6E%64%69" n3="%68%6F%72%69%30%39%30%31" dan="16,16,16,16" rate="2098.06,2144.40,2200.88,2053.74" sx="F,M,M,M"/><TAIKYOKU oya="0"/><INIT seed="0,0,0,4,4,12" ten="250,250,250,250" oya="0" hai0="65,85,57,53,18,82,134,2,76,24,46,22,0" hai1="8,54,23,72,110,125,92,96,68,118,63,48,55" hai2="119,81,27,106,128,123,122,40,87,102,131,10,58" hai3="90,6,71,117,105,36,80,113,104,37,62,50,109"/><T124/><D124/><U33/><E33/><V114/><F58/><W93/><G117/><T49/><D134/><U14/><E118/><V41/><F119/><W32/><G113/><T83/><D65/><U78/><E110/><V25/><F10/><W3/><G109/><T21/><D46/><U11/><E125/><V29/><F102/><W52/><G32/><T44/><D44/><U13/><E72/><V66/><F66/><W101/><G71/><T42/><D42/><N who="2" m="16490" /><F106/><W121/><G62/><T38/><D38/><U98/><E78/><V20/><F27/><W35/><G35/><T91/><REACH who="0" step="1"/><D22/><REACH who="0" ten="240,250,250,250" step="2"/><U129/><E23/><V84/><F114/><W28/><G37/><T47/><D47/><U88/><E129/><N who="2" m="49739" /><F87/><AGARI ba="0,1" hai="0,2,18,21,24,49,53,57,76,82,83,85,87,91" machi="87" ten="30,11600,0" yaku="1,1,7,1,52,1,53,1" doraHai="12" doraHaiUra="15" who="0" fromWho="2" sc="240,126,250,0,250,-116,250,0" /><INIT seed="0,1,0,3,4,102" ten="366,250,134,250" oya="0" hai0="40,89,29,1,115,26,38,118,55,28,46,117,59" hai1="134,20,78,119,135,53,37,80,114,109,66,70,48" hai2="31,113,132,76,23,127,32,103,8,88,19,44,131" hai3="124,128,74,106,72,43,51,110,96,65,9,10,98"/><T27/><D115/><U122/><E122/><V95/><F113/><W111/><G65/><T71/><D1/><U18/><E37/><V79/><F131/><W104/><G51/><T62/><D89/><U90/><E119/><V6/><F132/><W47/><G47/><T97/><D97/><U60/><E109/><V120/><F127/><W81/><G124/><T30/><REACH who="0" step="1"/><D71/><REACH who="0" ten="356,250,134,250" step="2"/><U5/><E90/><V61/><F88/><W82/><REACH who="3" step="1"/><G43/><REACH who="3" ten="356,250,134,240" step="2"/><T14/><D14/><U126/><E126/><V0/><F0/><W33/><G33/><T17/><D17/><U94/><E18/><V92/><F32/><W68/><G68/><T15/><D15/><U116/><E70/><V87/><F19/><W64/><G64/><T99/><D99/><U129/><E66/><V4/><F4/><W67/><G67/><T45/><D45/><U130/><E5/><V133/><F44/><W112/><G112/><T24/><AGARI ba="1,2" hai="24,26,27,28,29,30,38,40,46,55,59,62,117,118" machi="24" ten="30,6000,0" yaku="1,1,0,1,53,1" doraHai="102" doraHaiUra="52" who="0" fromWho="0" sc="356,83,250,-21,134,-21,240,-21" /><INIT seed="0,2,0,0,0,123" ten="439,229,113,219" oya="0" hai0="21,23,92,82,5,66,71,22,107,38,63,89,8" hai1="29,44,12,120,105,104,30,11,17,56,79,36,130" hai2="77,101,91,20,128,0,32,83,6,118,54,132,78" hai3="59,65,26,48,95,111,15,114,45,93,126,2,68"/><T39/><D107/><U46/><E120/><V119/><F32/><W84/><G114/><T73/><D82/><U47/><E36/><V9/><F128/><W52/><G2/><T64/><D73/><U102/><E130/><V55/><F132/><W18/><G126/><T19/><D19/><U127/><E127/><V16/><F101/><W88/><G68/><T37/><D64/><U121/><E121/><V10/><F91/><W33/><G33/><T125/><D125/><U13/><E79/><V110/><F10/><W129/><G129/><T4/><REACH who="0" step="1"/><D8/><REACH who="0" ten="429,229,113,219" step="2"/><U27/><E104/><V131/><F131/><W90/><G65/><T60/><D60/><U67/><E105/><V133/><F133/><W86/><G26/><T81/><D81/><U42/><E27/><V115/><F83/><W113/><G113/><T31/><D31/><U117/><E30/><V34/><F115/><W103/><G103/><T97/><AGARI ba="2,1" hai="4,5,21,22,23,37,38,39,63,66,71,89,92,97" machi="97" ten="40,7800,0" yaku="1,1,0,1,53,1" doraHai="123" doraHaiUra="87" who="0" fromWho="0" sc="429,94,229,-28,113,-28,219,-28" /><INIT seed="0,3,0,4,4,127" ten="523,201,85,191" oya="0" hai0="61,134,58,116,10,112,33,67,115,3,13,6,99" hai1="26,64,77,92,56,70,7,100,18,65,23,104,42" hai2="73,11,78,128,118,4,107,98,131,94,12,90,60" hai3="133,75,15,85,66,135,72,126,8,83,122,96,109"/><T80/><D116/><U62/><E77/><V50/><F118/><W87/><G126/><T84/><D33/><U47/><E7/><V20/><F107/><W79/><G66/><T9/><D134/><N who="3" m="51209" /><G109/><T103/><D3/><U71/><E104/><V51/><F60/><W14/><G122/><T63/><D10/><U108/><E108/><V39/><F39/><W95/><G85/><T130/><D63/><U28/><E65/><V0/><F78/><W1/><G1/><T97/><D97/><N who="1" m="59431" /><E18/><V105/><F105/><W132/><N who="3" m="51217" /><W38/><DORA hai="123" /><G38/><AGARI ba="3,0" hai="23,26,28,38,42,47,56,62,64,70,71" m="59431" machi="38" ten="30,1000,0" yaku="25,1" doraHai="127,123" who="1" fromWho="3" sc="523,0,201,19,85,0,191,-19" /><INIT seed="1,0,0,0,0,31" ten="523,220,85,172" oya="1" hai0="122,54,73,42,32,115,71,16,88,68,99,46,65" hai1="36,43,96,128,74,104,1,91,92,105,87,133,83" hai2="107,5,131,93,28,66,58,29,33,102,44,76,109" hai3="15,78,89,59,81,110,130,98,6,8,132,129,77"/><U75/><E1/><V64/><F107/><N who="1" m="41033" /><E43/><V108/><F131/><N who="3" m="50187" /><G110/><T38/><D54/><U9/><E9/><V55/><F76/><W134/><G59/><T124/><D65/><U11/><E11/><V79/><F79/><N who="3" m="30219" /><G98/><T51/><D51/><U85/><E36/><V114/><F5/><W35/><G35/><T37/><D37/><U47/><E47/><V56/><F93/><W80/><G89/><T63/><D63/><U111/><E128/><V125/><F102/><W82/><AGARI ba="0,0" hai="6,8,15,80,81,82,132,134" m="30219,50187" machi="82" ten="40,1500,0" yaku="19,1" doraHai="31" who="3" fromWho="3" sc="523,-4,220,-7,85,-4,172,15" /><INIT seed="2,0,0,3,5,54" ten="519,213,81,187" oya="2" hai0="8,61,78,66,60,110,58,63,107,75,89,82,132" hai1="100,79,90,46,33,104,29,108,9,44,121,120,112" hai2="117,125,11,41,86,102,37,21,128,65,56,39,91" hai3="68,134,99,36,67,32,80,111,2,92,81,6,105"/><V24/><F117/><W27/><G36/><T122/><D122/><U131/><E112/><V114/><F114/><W84/><G105/><T0/><D107/><U95/><E108/><V42/><F128/><W7/><G111/><T52/><D110/><U77/><E9/><V28/><F125/><W34/><G80/><T22/><D132/><U133/><E29/><V51/><F102/><W49/><G49/><T124/><D124/><U23/><E23/><V101/><F101/><W1/><G67/><T3/><D22/><U13/><E13/><V62/><F11/><W30/><G68/><T5/><D0/><U14/><E14/><V126/><F126/><W115/><G34/><T10/><D10/><U48/><E33/><V47/><REACH who="2" step="1"/><F41/><REACH who="2" ten="519,213,71,187" step="2"/><W130/><G115/><T85/><D66/><U129/><E100/><V96/><F96/><W93/><G99/><T71/><D71/><U118/><E118/><V50/><F50/><W113/><G130/><T98/><D98/><U38/><E131/><V106/><F106/><W43/><G113/><T70/><D70/><U12/><E104/><V57/><F57/><W16/><G43/><T123/><D123/><U109/><E129/><V53/><F53/><W73/><G134/><T25/><D52/><U59/><E133/><V88/><F88/><N who="3" m="51215" /><G1/><T94/><D58/><U116/><E59/><V119/><F119/><W127/><G2/><T97/><D97/><U40/><E116/><V103/><F103/><W35/><G127/><T17/><D63/><U135/><E135/><V31/><F31/><W4/><G30/><T45/><D61/><RYUUKYOKU ba="0,1" sc="519,-10,213,-10,71,30,187,-10" hai2="21,24,28,37,39,42,47,51,56,62,65,86,91" /><INIT seed="2,1,1,4,0,121" ten="509,203,101,177" oya="2" hai0="110,77,22,92,49,14,134,123,101,100,21,27,96" hai1="19,135,35,88,109,63,37,38,8,30,102,46,12" hai2="9,57,50,0,71,20,113,82,23,97,13,126,7" hai3="55,116,73,43,72,130,104,33,67,105,54,53,26"/><V125/><F71/><W93/><G116/><T107/><D123/><U44/><E135/><V80/><F113/><W16/><G67/><T87/><D134/><U132/><E132/><V117/><F117/><W31/><G43/><T25/><D110/><U83/><E109/><V18/><F23/><W4/><G4/><T99/><D49/><U5/><E102/><V86/><F97/><W24/><G130/><T32/><D32/><U70/><E30/><V89/><REACH who="2" step="1"/><F82/><REACH who="2" ten="509,203,91,177" step="2"/><W68/><G68/><T74/><D22/><U36/><E35/><V52/><AGARI ba="1,2" hai="0,7,9,13,18,20,50,52,57,80,86,89,125,126" machi="52" ten="30,11700,0" yaku="1,1,2,1,0,1,54,1,53,0" doraHai="121" doraHaiUra="114" who="2" fromWho="2" sc="509,-40,203,-40,91,140,177,-40" /><INIT seed="2,2,0,4,4,68" ten="469,163,231,137" oya="2" hai0="53,129,126,88,72,83,62,84,13,124,0,5,24" hai1="54,92,4,119,67,60,42,114,77,52,63,113,110" hai2="38,32,23,116,22,16,11,103,10,20,112,17,46" hai3="79,125,50,69,106,105,86,25,118,40,2,33,95"/><V75/><F75/><W107/><G69/><T115/><D115/><U31/><E119/><V134/><F112/><W122/><G118/><T93/><D129/><U127/><E77/><V120/><F116/><W98/><G2/><T64/><D0/><U85/><E4/><V18/><F103/><W58/><G122/><T41/><D41/><U89/><E110/><V15/><F46/><W45/><G125/><N who="0" m="48235" /><D53/><U59/><E127/><V117/><F38/><W19/><G58/><N who="0" m="36951" /><D24/><U97/><E42/><V73/><F73/><W82/><G95/><T123/><D123/><U49/><E31/><V66/><F66/><W128/><G128/><T8/><D72/><U27/><E27/><N who="2" m="14735" /><F117/><W3/><G3/><T109/><D109/><U99/><E113/><V14/><F120/><W7/><G7/><T101/><D101/><U21/><E21/><N who="2" m="7691" /><F134/><W39/><G19/><T71/><D71/><U36/><E36/><V1/><F1/><W12/><G12/><T78/><D93/><U44/><E114/><V108/><F108/><W35/><G25/><T81/><D81/><U57/><AGARI ba="2,0" hai="44,49,52,54,57,59,60,63,67,85,89,92,97,99" machi="57" ten="20,5200,0" yaku="0,1,7,1,8,1,54,1" doraHai="68" who="1" fromWho="1" sc="469,-15,163,58,231,-28,137,-15" /><INIT seed="3,0,0,0,5,79" ten="454,221,203,122" oya="3" hai0="8,18,26,11,39,47,20,17,53,28,43,115,66" hai1="94,70,16,7,50,127,93,1,49,57,133,135,38" hai2="40,44,113,74,68,72,89,87,76,98,128,121,130" hai3="10,69,110,120,101,106,6,24,36,125,111,134,86"/><W0/><G120/><T65/><D115/><U80/><E38/><V22/><F113/><W105/><G69/><T51/><D39/><U82/><E70/><V21/><F68/><W119/><G119/><T5/><D43/><U61/><E127/><V19/><F98/><W81/><G36/><T25/><D5/><U59/><E16/><N who="0" m="6249" /><D26/><U132/><E7/><V102/><F102/><W78/><G125/><T95/><D95/><N who="1" m="36363" /><E1/><V73/><F76/><W4/><G4/><T97/><D97/><U90/><E90/><V64/><F64/><AGARI ba="0,0" hai="8,11,20,25,28,47,51,53,64,65,66" m="6249" machi="64" ten="30,2000,0" yaku="8,1,54,1" doraHai="79" who="0" fromWho="2" sc="454,20,221,0,203,-20,122,0" owari="474,57.4,221,2.1,183,-21.7,122,-37.8" /></mjloggm>