<mjloggm ver="2.3"><GO type="225" lobby="0"/><UN n0="%4B%2E%32%2E%4B%2E" n1="%E3%81%AF%E3%82%88%E3%81%8A%E3%81%98%E3%81%95%E3%82%93" n2="%31%38%63%6D%E7%AB%8B%E7%9B%B4%E6%A3%92" n3="%E6%9A%87%E4%BA%BA%EF%BC%A0%E9%85%8D%E4%BF%A1%E5%9E%A2" dan="16,17,16,17" rate="2206.78,2220.16,2112.53,2155.74" sx="M,M,M,F"/><TAIKYOKU oya="0"/><INIT seed="0,0,0,2,0,95" ten="250,250,250,250" oya="0" hai0="130,88,115,0,131,15,63,42,9,20,58,118,90" hai1="6,7,14,99,112,62,66,17,12,119,84,81,39" hai2="53,30,49,37,129,127,25,96,47,31,132,36,22" hai3="40,93,51,108,77,103,55,101,78,107,135,91,92"/><T33/><D115/><U61/><E119/><V116/><F116/><W102/><G108/><T126/><D118/><U54/><E39/><V52/><F127/><W65/><G135/><T75/><D33/><U56/><E112/><V32/><F129/><N who="0" m="49162" /><D126/><U5/><E99/><V89/><F132/><W110/><G110/><T44/><D75/><U100/><E100/><N who="3" m="38506" /><G51/><N who="0" m="27031" /><D20/><U18/><E14/><V69/><F69/><W10/><G55/><N who="0" m="34271" /><D0/><U105/><E105/><V94/><REACH who="2" step="1"/><F53/><REACH who="2" ten="250,250,240,250" step="2"/><W41/><G65/><T111/><D111/><U71/><REACH who="1" step="1"/><E12/><REACH who="1" ten="250,240,240,250" step="2"/><V72/><F72/><W120/><G107/><T76/><D76/><AGARI ba="0,2" hai="5,6,7,17,18,54,56,61,62,66,71,76,81,84" machi="76" ten="40,2600,0" yaku="1,1,2,1,53,0" doraHai="95" doraHaiUra="46" who="1" fromWho="0" sc="250,-26,240,46,240,0,250,0" /><INIT seed="1,0,0,1,1,37" ten="224,286,240,250" oya="1" hai0="6,124,95,26,78,34,51,15,83,8,40,44,16" hai1="9,59,116,92,2,90,53,118,5,50,99,22,89" hai2="76,21,38,54,70,10,49,133,48,71,73,84,130" hai3="107,114,74,113,88,11,52,120,25,79,129,31,18"/><U122/><E122/><V125/><F133/><W67/><G120/><T27/><D124/><U121/><E121/><V13/><F125/><W119/><G107/><T23/><D95/><U24/><REACH who="1" step="1"/><E90/><REACH who="1" ten="224,276,240,250" step="2"/><V96/><F130/><W36/><G129/><T45/><D45/><U82/><E82/><V33/><F76/><W117/><G114/><T81/><REACH who="0" step="1"/><D78/><REACH who="0" ten="214,276,240,250" step="2"/><U65/><E65/><V56/><F71/><W98/><G113/><T102/><D102/><U41/><E41/><V100/><F70/><W32/><G79/><T103/><D103/><U68/><E68/><V111/><F100/><W112/><G112/><T42/><D42/><U85/><E85/><V87/><F84/><W105/><G88/><T60/><D60/><U30/><AGARI ba="0,2" hai="2,5,9,22,24,30,50,53,59,89,92,99,116,118" machi="30" ten="20,3900,0" yaku="1,1,0,1,7,1,53,0" doraHai="37" doraHaiUra="69" who="1" fromWho="1" sc="214,-13,276,59,240,-13,250,-13" /><INIT seed="1,1,0,3,2,17" ten="201,335,227,237" oya="1" hai0="56,49,97,31,38,87,113,10,115,83,41,47,51" hai1="118,45,67,70,64,91,85,0,82,96,23,116,106" hai2="101,33,14,86,68,65,20,29,78,98,43,81,104" hai3="62,2,32,16,57,103,34,119,55,44,4,132,94"/><U75/><E0/><V5/><F43/><W74/><G74/><T100/><D31/><U133/><E133/><V63/><F14/><W89/><G132/><T46/><D10/><U25/><E75/><V69/><F5/><W58/><G119/><T126/><D126/><U123/><E123/><V60/><F20/><W124/><G124/><T21/><D56/><U3/><E3/><V8/><F8/><W7/><G103/><T52/><D21/><U72/><E72/><V54/><F54/><W129/><G129/><T76/><REACH who="0" step="1"/><D38/><REACH who="0" ten="191,335,227,237" step="2"/><U9/><E9/><V35/><REACH who="2" step="1"/><F29/><REACH who="2" ten="191,335,217,237" step="2"/><W110/><G4/><T1/><D1/><U135/><E23/><V99/><F99/><W93/><G7/><T28/><D28/><U18/><E96/><V19/><F19/><W66/><G16/><T111/><D111/><U27/><E18/><V84/><F84/><W40/><G110/><T50/><D50/><U53/><E85/><V24/><F24/><W114/><G2/><T131/><D131/><U102/><E25/><V13/><F13/><W39/><G39/><T88/><D88/><U128/><E91/><V80/><F80/><W121/><G89/><T109/><D109/><U11/><E82/><V59/><F59/><W130/><G58/><T120/><D120/><U79/><E27/><V112/><F112/><W127/><G121/><T105/><AGARI ba="1,2" hai="41,46,47,49,51,52,76,83,87,97,100,105,113,115" machi="105" ten="20,5200,0" yaku="1,1,0,1,7,1,54,1,53,0" doraHai="17" doraHaiUra="30" who="0" fromWho="0" sc="191,75,335,-27,217,-14,237,-14" /><INIT seed="2,0,0,1,0,53" ten="266,308,203,223" oya="2" hai0="92,1,31,80,24,43,49,134,7,15,54,75,8" hai1="42,16,38,87,89,133,124,108,91,84,122,56,99" hai2="50,13,100,115,5,107,61,34,57,27,48,85,110" hai3="95,69,18,103,11,25,109,9,52,45,117,76,36"/><V65/><F115/><W21/><G117/><T73/><D134/><U62/><E133/><V113/><F113/><W29/><G69/><T118/><D118/><U114/><E114/><V64/><F64/><W55/><G76/><T28/><D43/><U106/><E108/><V72/><F72/><BYE who="2" /><W59/><G109/><T0/><D31/><U33/><E33/><V112/><F112/><W74/><G74/><UN n2="%31%38%63%6D%E7%AB%8B%E7%9B%B4%E6%A3%92" /><T126/><D126/><U77/><E124/><V71/><F110/><W123/><G123/><T111/><D111/><U105/><E77/><V83/><F13/><W67/><G36/><T4/><D92/><U19/><E42/><V128/><F5/><W10/><G18/><T101/><D101/><U96/><E38/><V68/><F68/><W121/><G45/><T93/><D93/><U82/><E106/><V44/><F128/><W70/><G70/><T120/><D120/><U26/><E105/><V130/><F130/><W40/><G40/><T20/><D80/><N who="1" m="49287" /><E122/><V119/><F119/><W60/><G60/><T127/><D127/><U97/><E26/><V131/><F131/><W6/><G6/><T12/><D0/><U51/><E51/><V17/><F44/><W129/><G121/><T63/><D1/><U22/><E22/><N who="2" m="13775" /><F34/><W116/><G116/><T79/><D79/><U135/><E135/><V104/><F71/><W102/><G129/><T30/><D30/><U90/><E91/><N who="2" m="51647" /><F107/><W35/><G35/><T66/><D7/><U14/><E14/><V81/><F81/><W3/><G3/><T23/><D15/><U47/><E47/><V132/><F132/><RYUUKYOKU ba="0,0" sc="266,-15,308,15,203,15,223,-15" hai1="16,19,56,62,82,87,90,96,97,99" hai2="48,50,57,61,65,100,104" /><INIT seed="2,1,0,0,1,59" ten="251,323,218,208" oya="2" hai0="10,86,33,58,113,21,93,31,60,35,6,90,118" hai1="23,68,106,102,32,92,103,55,115,62,41,16,18" hai2="135,126,46,42,53,83,99,3,39,108,101,4,51" hai3="127,100,132,80,71,63,54,134,13,45,74,0,44"/><V133/><F108/><W111/><G0/><T123/><D113/><U27/><E115/><V9/><F126/><W89/><G111/><T112/><D112/><U82/><E106/><V109/><F109/><W129/><G127/><T36/><D36/><U130/><E130/><V117/><F117/><W67/><G129/><T88/><D123/><U12/><E32/><V114/><F114/><W119/><G119/><T121/><D121/><U50/><E82/><V5/><F5/><W52/><G100/><T131/><D131/><U69/><E41/><V66/><F66/><W15/><G45/><T7/><D118/><U107/><E107/><V56/><REACH who="2" step="1"/><F83/><REACH who="2" ten="251,323,208,208" step="2"/><W94/><G80/><T104/><D6/><U98/><E69/><V26/><F26/><W40/><G132/><T96/><D7/><U124/><E124/><V1/><F1/><W22/><G134/><T76/><D76/><U38/><E68/><V2/><F2/><W85/><G74/><T29/><D33/><U28/><E27/><V25/><F25/><W61/><G15/><T128/><D35/><U49/><E12/><V30/><F30/><W17/><REACH who="3" step="1"/><G63/><REACH who="3" ten="251,323,208,198" step="2"/><T11/><D60/><U24/><E62/><V48/><F48/><AGARI ba="1,2" hai="13,17,22,40,44,48,52,54,61,67,71,85,89,94" machi="48" ten="30,8000,1" yaku="1,1,2,1,7,1,52,1,54,1,53,0" doraHai="59" doraHaiUra="73" who="3" fromWho="2" sc="251,0,323,0,208,-83,198,103" /><INIT seed="3,0,0,4,2,36" ten="251,323,125,301" oya="3" hai0="119,29,109,71,24,78,73,52,123,20,70,26,63" hai1="54,92,10,18,41,99,81,1,30,90,114,34,72" hai2="113,16,77,35,121,55,134,74,43,6,62,33,126" hai3="50,32,79,17,131,80,84,105,60,48,117,97,130"/><W101/><G117/><T83/><D109/><U67/><E114/><V47/><F113/><W103/><G32/><T4/><D119/><U46/><E67/><V15/><F126/><W39/><G39/><T116/><D116/><U3/><E54/><V112/><F134/><W7/><G7/><T89/><D123/><U82/><E30/><V87/><F112/><W102/><G60/><T122/><D122/><U21/><E34/><V98/><F121/><W8/><G101/><T57/><D24/><U53/><E53/><V125/><F6/><W69/><G102/><T108/><D108/><U49/><E72/><V58/><F125/><W61/><G61/><T94/><REACH who="0" step="1"/><D4/><REACH who="0" ten="241,323,125,301" step="2"/><U95/><E1/><V0/><F0/><W115/><G115/><T88/><D88/><N who="1" m="55687" /><E3/><V135/><F135/><W129/><G69/><T110/><D110/><U100/><E100/><V2/><F2/><W68/><G68/><T12/><D12/><AGARI ba="0,1" hai="8,12,17,48,50,79,80,84,97,103,105,129,130,131" machi="12" ten="40,2000,0" yaku="19,1" doraHai="36" who="3" fromWho="0" sc="241,-20,323,0,125,0,301,30" owari="221,-17.9,323,12.3,125,-37.5,331,43.1" /></mjloggm>