<mjloggm ver="2.3"><GO type="225" lobby="0"/><UN n0="%E7%AB%8B%E8%8A%B1%E9%9F%BF" n1="%53%E3%81%BB%E3%81%84%E3%81%BB%E3%81%84" n2="%E3%83%A9%E3%82%A4%E3%83%B3%E3%81%AE%E8%99%8E" n3="%E4%BF%BA%E3%81%A8%E5%A6%96%E5%A4%A2" dan="17,17,16,16" rate="2167.70,2149.49,2107.58,2112.59" sx="F,M,M,F"/><TAIKYOKU oya="0"/><INIT seed="0,0,0,5,2,53" ten="250,250,250,250" oya="0" hai0="79,99,46,44,92,90,122,33,81,21,68,82,14" hai1="30,8,66,100,78,42,26,27,6,128,17,98,50" hai2="106,109,110,22,104,60,131,135,10,102,41,111,58" hai3="40,88,56,96,129,77,63,70,45,24,2,35,76"/><T83/><D33/><U12/><E128/><V51/><F131/><W39/><G70/><T97/><D68/><U9/><E66/><V38/><F38/><W11/><G129/><T13/><D122/><U125/><E125/><V1/><F135/><W74/><G74/><T91/><D79/><U5/><E78/><V95/><F22/><W65/><G2/><T116/><D116/><U117/><E117/><V124/><F124/><W115/><G11/><T113/><D113/><U34/><E27/><V64/><F102/><W93/><REACH who="3" step="1"/><G115/><REACH who="3" ten="250,250,250,240" step="2"/><T47/><D21/><U73/><E73/><V16/><F1/><W57/><G57/><T86/><REACH who="0" step="1"/><D99/><REACH who="0" ten="240,250,250,240" step="2"/><U36/><E9/><V25/><F10/><W130/><G130/><T55/><D55/><U23/><E23/><V4/><F110/><W94/><G94/><AGARI ba="0,2" hai="13,14,44,46,47,81,82,83,86,90,91,92,94,97" machi="94" ten="40,12000,1" yaku="1,1,8,1,53,2" doraHai="53" doraHaiUra="84" who="0" fromWho="3" sc="240,140,250,0,250,0,240,-120" /><INIT seed="0,1,0,1,4,31" ten="380,250,250,120" oya="0" hai0="28,43,89,102,124,113,47,117,109,6,73,17,25" hai1="38,67,12,44,32,87,71,75,120,91,115,11,104" hai2="16,61,131,5,15,107,74,133,53,111,118,108,116" hai3="130,135,4,98,33,110,96,81,14,3,101,46,57"/><T48/><D113/><U55/><E75/><V94/><F107/><W39/><G3/><T7/><D117/><N who="2" m="45162" /><F74/><W49/><G110/><N who="2" m="42025" /><F131/><W72/><G57/><T121/><D121/><U22/><E115/><V79/><F79/><W126/><G39/><T84/><D124/><U45/><E120/><V119/><F119/><W105/><G96/><T82/><D109/><U51/><E104/><V85/><F5/><W66/><G66/><T134/><D134/><U69/><E67/><V103/><F133/><W95/><G126/><T92/><D17/><U99/><E22/><N who="2" m="11551" /><F103/><W86/><G135/><T30/><D30/><U68/><E99/><V1/><F1/><W77/><G130/><T97/><REACH who="0" step="1"/><D73/><REACH who="0" ten="370,250,250,120" step="2"/><U65/><E71/><V62/><F53/><W35/><G72/><T123/><D123/><U10/><E69/><V127/><F127/><W63/><G105/><T58/><D58/><U88/><E68/><V78/><F78/><W56/><G56/><T132/><D132/><U80/><E55/><V20/><F20/><AGARI ba="1,1" hai="6,7,20,25,28,43,47,48,82,84,89,92,97,102" machi="20" ten="30,11600,0" yaku="1,1,7,1,8,1,53,1" doraHai="31" doraHaiUra="18" who="0" fromWho="2" sc="370,129,250,0,250,-119,120,0" /><INIT seed="0,2,0,3,4,97" ten="499,250,131,120" oya="0" hai0="76,103,67,127,33,110,78,53,73,69,27,11,129" hai1="98,108,86,32,41,83,94,130,3,15,113,119,116" hai2="104,10,133,64,115,112,4,28,101,131,102,124,79" hai3="48,46,118,89,72,22,20,65,75,16,132,61,8"/><T63/><D129/><U91/><E3/><V51/><F131/><W96/><G118/><T55/><D127/><U7/><E32/><V50/><F124/><W13/><G132/><T77/><D73/><U14/><E130/><V44/><F133/><W1/><G75/><T120/><D120/><U12/><E7/><V95/><F79/><W81/><G72/><T68/><D68/><U47/><E108/><V35/><F64/><W0/><G0/><T6/><D110/><U39/><REACH who="1" step="1"/><E113/><REACH who="1" ten="499,240,131,120" step="2"/><V57/><F112/><W74/><G1/><T19/><D33/><U37/><E37/><V62/><F115/><W109/><G109/><T58/><D69/><U100/><AGARI ba="2,1" hai="12,14,15,39,41,47,83,86,91,94,98,100,116,119" machi="100" ten="30,4000,0" yaku="1,1,0,1,52,1,53,0" doraHai="97" doraHaiUra="122" who="1" fromWho="1" sc="499,-22,240,56,131,-12,120,-12" /><INIT seed="1,0,0,4,0,107" ten="477,296,119,108" oya="1" hai0="80,103,87,28,73,37,79,129,94,60,59,102,49" hai1="11,105,2,57,52,131,123,124,5,120,15,68,14" hai2="72,9,100,33,86,89,24,35,41,97,20,104,46" hai3="63,106,67,26,0,54,31,83,108,27,55,32,66"/><U78/><E68/><V85/><F85/><W82/><G106/><T56/><D37/><U122/><E105/><V98/><F98/><W64/><G0/><T12/><D129/><U1/><E131/><V76/><F9/><W34/><G108/><T47/><D28/><U29/><E124/><V77/><F77/><W18/><G63/><T58/><D12/><U48/><E29/><V127/><F127/><W7/><G7/><T130/><D130/><U42/><E42/><V88/><F89/><W110/><G110/><T93/><D60/><U51/><E51/><V40/><F40/><W133/><G18/><T128/><D128/><U25/><E25/><N who="3" m="9226" /><G31/><T99/><D73/><U69/><E69/><V116/><F116/><W101/><G101/><N who="0" m="38411" /><D99/><U62/><E62/><V23/><F23/><W111/><G111/><T96/><D96/><U84/><REACH who="1" step="1"/><E1/><REACH who="1" ten="477,286,119,108" step="2"/><V121/><F41/><AGARI ba="0,1" hai="41,47,49,56,58,59,79,80,87,93,94" m="38411" machi="41" ten="30,1000,0" yaku="8,1" doraHai="107" who="0" fromWho="2" sc="477,20,286,0,119,-10,108,0" /><INIT seed="2,0,0,4,1,55" ten="497,286,109,108" oya="2" hai0="107,109,53,33,121,41,51,103,1,76,6,71,2" hai1="25,59,104,66,45,95,46,57,101,116,27,28,73" hai2="77,81,108,80,22,119,97,129,128,125,82,35,42" hai3="126,3,9,54,72,68,98,23,99,11,120,122,124"/><V86/><F35/><W85/><G68/><T44/><D121/><N who="3" m="46697" /><G72/><T14/><D109/><U52/><E73/><V74/><F42/><W90/><G23/><T111/><D111/><U135/><E104/><V70/><F70/><W62/><G3/><T5/><D33/><U30/><E116/><V15/><F108/><W36/><G36/><T89/><D76/><U117/><E117/><V49/><F119/><W96/><G54/><T114/><D114/><U134/><E52/><V79/><F49/><W4/><G4/><T106/><D71/><U10/><E10/><N who="3" m="3594" /><G62/><T92/><D14/><U75/><E75/><N who="2" m="43071" /><F15/><W123/><N who="3" m="46705" /><W18/><DORA hai="38" /><G18/><T56/><D1/><U40/><E95/><V26/><F22/><W39/><G39/><T29/><D29/><U84/><E84/><V93/><F26/><W118/><G118/><T58/><D2/><U47/><E40/><V60/><F60/><W61/><G61/><T17/><D17/><U63/><E101/><N who="2" m="60591" /><F125/><N who="3" m="48235" /><G85/><T19/><D19/><U115/><E115/><V112/><F112/><W105/><G105/><T24/><D107/><U7/><E7/><N who="0" m="2569" /><D24/><U78/><E59/><V69/><F69/><W65/><G65/><T13/><D13/><U110/><E110/><V32/><F32/><W83/><G83/><T133/><D58/><U132/><E78/><AGARI ba="0,0" hai="74,78,79,81,82,86,128,129" m="60591,43071" machi="78" ten="30,2900,0" yaku="34,2" doraHai="55,38" who="2" fromWho="1" sc="497,0,286,-29,109,29,108,0" /><INIT seed="2,1,0,0,3,93" ten="497,257,138,108" oya="2" hai0="59,64,100,15,56,7,75,57,11,84,2,30,32" hai1="62,69,135,81,114,98,40,54,123,73,116,108,22" hai2="74,126,68,99,33,34,51,131,113,130,112,50,23" hai3="65,80,25,118,72,96,14,52,36,24,10,128,92"/><V20/><F74/><W133/><G118/><T4/><D75/><U37/><E116/><V107/><F68/><W63/><G36/><T109/><D109/><U61/><E108/><V119/><F119/><W8/><G133/><T0/><D64/><U45/><E135/><V47/><F47/><W106/><G106/><T117/><D117/><U26/><E114/><N who="2" m="44139" /><F107/><W111/><G111/><T70/><D70/><U21/><E123/><V38/><F38/><W12/><G80/><T42/><D42/><U121/><E121/><V87/><F87/><W129/><G72/><T120/><D84/><U41/><E41/><V5/><F5/><N who="3" m="3087" /><G65/><T67/><D67/><U39/><E39/><V110/><F110/><W35/><G35/><N who="2" m="13321" /><F99/><W89/><G129/><N who="2" m="49161" /><F126/><W105/><G128/><T48/><D7/><U29/><E69/><V79/><F79/><W95/><G105/><T43/><D4/><U66/><E66/><V49/><AGARI ba="1,0" hai="20,23,49,50,51" m="49161,13321,44139" machi="49" ten="40,7800,0" yaku="28,2,19,1" doraHai="93" who="2" fromWho="2" sc="497,-27,257,-27,138,81,108,-27" /><INIT seed="2,2,0,1,4,24" ten="470,230,219,81" oya="2" hai0="49,112,27,126,101,71,115,60,48,54,124,29,34" hai1="130,133,66,78,33,120,86,59,106,72,93,95,88" hai2="69,39,121,110,38,107,64,108,47,53,67,80,74" hai3="5,19,22,113,3,43,90,50,89,31,61,98,30"/><V117/><F107/><W122/><G122/><T13/><D101/><U44/><E120/><V119/><F80/><W7/><G113/><T92/><D92/><U77/><E130/><V56/><F74/><W76/><G76/><T23/><D48/><U25/><E133/><V111/><F121/><W62/><G3/><T1/><D1/><U41/><E106/><V132/><F132/><W102/><G50/><T127/><D13/><U32/><E95/><V125/><F125/><W21/><G43/><T6/><D6/><N who="3" m="2057" /><G102/><T79/><D79/><U75/><E78/><V118/><F69/><W52/><G98/><T96/><D96/><U55/><E66/><N who="2" m="25131" /><F47/><W18/><G62/><AGARI ba="2,0" hai="38,39,53,56,62,108,110,111,117,118,119" m="25131" machi="62" ten="40,12000,1" yaku="14,1,10,1,34,2" doraHai="24" who="2" fromWho="3" sc="470,0,230,0,219,126,81,-126" owari="470,57.0,230,-17.0,345,14.5,-45,-54.5" /></mjloggm>