<mjloggm ver="2.3"><GO type="225" lobby="0"/><UN n0="%E6%97%A5%E6%9B%9C%E6%97%A5%E3%82%88%E3%82%8A%E3%81%AE%E4%BD%BF%E8%80%85" n1="%48%61%61%61%6C%61%6E%64" n2="%28%EF%BF%A3%E2%96%BD%EF%BF%A3%29%CE%B4%E2%8C%92%E3%83%BB" n3="%72%69%6F%75%63%68%61%6E" dan="17,18,16,17" rate="2101.93,2191.24,2169.93,2213.91" sx="M,M,M,M"/><TAIKYOKU oya="0"/><INIT seed="0,0,0,2,3,34" ten="250,250,250,250" oya="0" hai0="66,109,130,83,8,100,63,120,6,51,131,119,60" hai1="97,112,11,122,31,50,33,77,88,73,86,76,30" hai2="118,16,40,2,27,18,111,35,58,75,134,102,89" hai3="22,108,121,82,128,13,107,114,24,26,95,91,4"/><T117/><D120/><U103/><E122/><V10/><F75/><W36/><G114/><T67/><D100/><U53/><E112/><V123/><F102/><W80/><G121/><T110/><D83/><N who="3" m="31785" /><G107/><T78/><D78/><U42/><E42/><V23/><F40/><W15/><G36/><T74/><D51/><U104/><E73/><V79/><F79/><W101/><G101/><T92/><D74/><U132/><E132/><V70/><F70/><W5/><G108/><N who="0" m="41579" /><D92/><U85/><E76/><V57/><F123/><W39/><G39/><T55/><D55/><U87/><E77/><V0/><F111/><W45/><G128/><N who="0" m="49195" /><D63/><U12/><E88/><V124/><F89/><W69/><G69/><N who="0" m="42183" /><D67/><U133/><E53/><V59/><F58/><W49/><G95/><T7/><D7/><N who="3" m="2633" /><G91/><T21/><D21/><U9/><E103/><V115/><F59/><W3/><G22/><T56/><D56/><U125/><E104/><V105/><F57/><W20/><G20/><T94/><D94/><U72/><E72/><V62/><F23/><W54/><G54/><T14/><AGARI ba="0,0" hai="6,8,14,117,119" m="42183,49195,41579" machi="14" ten="30,6000,0" yaku="14,1,10,1,19,1" doraHai="34" who="0" fromWho="0" sc="250,60,250,-20,250,-20,250,-20" /><INIT seed="0,1,0,4,2,39" ten="310,230,230,230" oya="0" hai0="48,130,1,81,100,134,65,17,9,75,117,51,10" hai1="46,35,87,18,36,55,14,127,11,67,111,105,4" hai2="114,37,119,118,54,90,128,83,76,70,129,110,23" hai3="98,116,78,103,60,126,91,89,69,79,12,59,112"/><T64/><D117/><N who="2" m="44554" /><F70/><W42/><G116/><T123/><D123/><U72/><E72/><N who="2" m="43399" /><F37/><W38/><G112/><T30/><D1/><U21/><E105/><V0/><F0/><W124/><G69/><T96/><D30/><U125/><E35/><V26/><F114/><W77/><G12/><T25/><D81/><U49/><E111/><V13/><F13/><W16/><G16/><T113/><D75/><U74/><E74/><V19/><F110/><W27/><G27/><T132/><D25/><U135/><E135/><V108/><F108/><W101/><G42/><T33/><D33/><U62/><E36/><V6/><F6/><W99/><G38/><T66/><D17/><U71/><REACH who="1" step="1"/><E87/><REACH who="1" ten="310,220,230,230" step="2"/><V68/><F129/><W121/><G121/><T5/><D130/><U43/><E43/><V31/><F128/><W22/><G126/><T94/><D113/><U84/><E84/><V58/><F26/><AGARI ba="1,1" hai="4,11,14,18,21,26,46,49,55,62,67,71,125,127" machi="26" ten="40,1300,0" yaku="1,1,53,0" doraHai="39" doraHaiUra="95" who="1" fromWho="2" sc="310,0,220,26,230,-16,230,0" /><INIT seed="1,0,0,5,1,13" ten="310,246,214,230" oya="1" hai0="106,60,132,64,78,30,112,88,113,48,25,66,102" hai1="12,42,133,105,125,115,72,122,11,61,4,101,43" hai2="29,127,33,96,126,10,71,41,34,53,109,57,85" hai3="7,108,80,56,50,5,68,35,99,118,129,79,28"/><U20/><E115/><V70/><F109/><W114/><G114/><T15/><D78/><U107/><E122/><V84/><F41/><W82/><G68/><N who="2" m="26153" /><F96/><W103/><G108/><T120/><D102/><U6/><E72/><V93/><F10/><W18/><G129/><T14/><D106/><U83/><E42/><V92/><F57/><W131/><G131/><T40/><D132/><U32/><E133/><V100/><F53/><N who="3" m="31799" /><G35/><N who="2" m="13321" /><F100/><W130/><G130/><T3/><D120/><U55/><E32/><V121/><F29/><W59/><G118/><T110/><D30/><U81/><E43/><V22/><F22/><W135/><G135/><T24/><D40/><U44/><E101/><V19/><F19/><W1/><G1/><T128/><D3/><U91/><E20/><V46/><F46/><W16/><G28/><T117/><D128/><U49/><E44/><V123/><F123/><W67/><G67/><T37/><D110/><U69/><E69/><V26/><F26/><W76/><G59/><T62/><D64/><U90/><E55/><V2/><F2/><W94/><G79/><T0/><D66/><U27/><E27/><V75/><F75/><W86/><G82/><T21/><D0/><U58/><E58/><V97/><F121/><W45/><G45/><T63/><D112/><U73/><E73/><V74/><F74/><W54/><G54/><T119/><D113/><U111/><E111/><V77/><F77/><W47/><G47/><T51/><D25/><U38/><E81/><V95/><F97/><W8/><G8/><T23/><D24/><U17/><E83/><RYUUKYOKU ba="0,0" sc="310,-15,246,-15,214,15,230,15" hai2="84,85,92,93,95,126,127" hai3="5,7,16,18,76,80,86,94,99,103" /><INIT seed="2,1,0,5,3,12" ten="295,231,229,245" oya="2" hai0="24,97,1,110,15,87,36,96,132,39,119,111,82" hai1="75,35,42,53,73,8,117,22,125,91,61,76,63" hai2="34,13,74,109,93,49,90,72,121,131,11,98,84" hai3="94,26,55,105,20,126,48,6,124,41,23,69,57"/><V107/><F121/><W21/><G105/><T4/><D1/><U123/><E35/><V133/><F34/><W116/><G116/><T33/><D4/><U71/><E117/><V86/><F133/><W81/><G69/><T92/><D119/><U30/><E123/><V14/><F14/><W9/><G81/><T83/><D15/><U50/><E42/><V114/><F114/><W104/><G104/><T46/><D132/><U135/><E135/><V16/><F131/><W67/><G67/><T77/><D83/><U31/><E125/><N who="3" m="48234" /><G94/><T112/><D112/><U2/><E76/><V80/><F109/><N who="0" m="41482" /><D46/><U134/><E134/><V95/><F107/><W29/><G41/><T60/><D60/><U79/><E61/><V89/><REACH who="2" step="1"/><F49/><REACH who="2" ten="295,231,219,245" step="2"/><W62/><G48/><T5/><D5/><U85/><E50/><V10/><F10/><W47/><G47/><T18/><D33/><U32/><E32/><V64/><F64/><W19/><G29/><T38/><D92/><U68/><E30/><V100/><AGARI ba="1,1" hai="11,13,16,72,74,80,84,86,89,90,93,95,98,100" machi="100" ten="20,18000,2" yaku="1,1,0,1,7,1,52,1,54,1,53,1" doraHai="12" doraHaiUra="99" who="2" fromWho="2" sc="295,-61,231,-61,219,193,245,-61" /><INIT seed="2,2,0,3,5,24" ten="234,170,412,184" oya="2" hai0="122,81,66,63,114,128,47,58,0,111,109,61,71" hai1="134,9,39,27,93,121,125,95,52,116,130,64,2" hai2="74,50,127,105,65,42,54,89,69,115,113,41,48" hai3="75,12,97,44,35,7,68,90,102,91,30,103,135"/><V73/><F105/><W94/><G68/><T6/><D6/><U67/><E116/><V132/><F89/><W126/><G75/><T5/><D5/><N who="1" m="1207" /><E39/><V70/><F54/><W53/><G126/><T92/><D0/><U79/><E79/><V16/><F65/><N who="1" m="25161" /><E125/><V107/><F107/><W98/><G135/><T8/><D8/><U106/><E106/><V84/><F127/><W31/><G35/><T11/><D11/><U59/><E27/><V80/><F80/><W131/><G131/><T23/><D81/><U88/><E88/><N who="3" m="33834" /><G12/><T99/><D66/><U43/><E43/><V108/><F132/><W40/><G7/><T36/><D71/><U119/><E119/><V104/><F104/><W46/><G40/><T10/><D36/><U29/><E134/><V82/><F82/><W129/><G129/><T57/><D128/><U17/><E130/><V56/><F70/><W3/><G3/><T118/><D118/><U133/><E133/><V85/><F69/><W33/><G33/><T20/><D114/><U34/><E121/><V62/><F42/><W51/><G46/><T13/><D47/><U60/><E93/><AGARI ba="2,0" hai="30,31,44,51,53,93,94,97,98,102,103" m="33834" machi="93" ten="30,7700,0" yaku="8,1,52,2,54,1" doraHai="24" who="3" fromWho="1" sc="234,0,170,-83,412,0,184,83" /><INIT seed="3,0,0,5,1,25" ten="234,87,412,267" oya="3" hai0="97,19,111,82,60,79,98,71,2,28,32,44,14" hai1="103,36,11,41,100,124,135,125,43,59,95,18,65" hai2="10,53,122,29,35,116,51,24,5,96,117,62,101" hai3="113,87,67,86,131,118,37,3,81,66,119,102,13"/><W129/><G113/><T70/><D2/><U49/><E95/><V34/><F34/><W6/><G3/><T68/><D111/><U23/><E11/><V21/><F35/><W57/><G37/><T54/><D44/><U85/><E85/><V40/><F40/><W4/><G102/><T46/><D46/><U63/><E23/><V8/><F62/><W104/><G57/><T127/><D127/><U107/><E107/><V110/><F110/><W69/><G69/><T74/><D54/><U126/><E18/><V89/><F89/><W27/><G27/><T114/><D60/><U99/><E99/><V76/><F122/><W92/><G92/><T115/><D19/><U42/><E100/><V39/><F76/><W50/><G50/><T128/><D14/><U88/><E88/><V15/><F39/><W33/><G33/><T16/><D16/><U108/><E103/><V109/><F109/><W73/><G73/><T123/><D123/><U26/><E26/><V31/><F10/><W78/><G13/><T12/><D12/><U72/><E72/><V7/><F7/><N who="3" m="2603" /><G104/><T90/><D114/><U64/><E108/><V105/><F29/><W9/><G9/><T48/><D115/><U0/><E36/><V20/><F20/><W94/><G94/><T132/><D74/><U1/><E1/><V120/><F120/><W22/><G22/><T75/><D75/><U130/><E0/><V47/><AGARI ba="0,0" hai="5,8,15,21,24,31,47,51,53,96,101,105,116,117" machi="47" ten="20,2700,0" yaku="0,1,7,1,52,1" doraHai="25" who="2" fromWho="2" sc="234,-7,87,-7,412,27,267,-13" owari="227,-17.3,80,-42.0,439,53.9,254,5.4" /></mjloggm>