<mjloggm ver="2.3"><GO type="225" lobby="0"/><UN n0="%E3%81%B5%E3%81%98%E3%81%8B%E3%81%A4" n1="%E8%B1%86%59%E5%A4%AA%E9%83%8E" n2="%6D%61%74%69%67%75%73%61" n3="%72%65%6E%6B%75%6E" dan="16,16,17,17" rate="2191.32,2089.83,2153.01,2211.30" sx="M,M,M,M"/><TAIKYOKU oya="0"/><INIT seed="0,0,0,5,4,64" ten="250,250,250,250" oya="0" hai0="59,104,66,61,40,88,84,7,101,49,99,100,21" hai1="87,19,105,62,30,134,78,116,32,112,5,131,83" hai2="111,20,110,132,72,35,128,4,38,121,29,10,63" hai3="109,53,115,43,122,3,65,51,60,118,97,90,2"/><T79/><D100/><U0/><E116/><V114/><F72/><W18/><G115/><T125/><D125/><U74/><E134/><V94/><F38/><W46/><G118/><T25/><D7/><U69/><E87/><V73/><F73/><W15/><G109/><N who="2" m="41481" /><F94/><N who="3" m="56535" /><G2/><T26/><D79/><U130/><E19/><V68/><F128/><W13/><G3/><T133/><D133/><U42/><E105/><V50/><F50/><N who="3" m="26975" /><G122/><T47/><REACH who="0" step="1"/><D21/><REACH who="0" ten="240,250,250,250" step="2"/><U22/><E22/><V58/><F20/><W86/><G86/><T27/><D27/><N who="1" m="18527" /><E42/><V31/><F132/><W36/><G36/><T98/><D98/><U14/><E112/><V75/><F114/><W12/><G65/><T45/><D45/><U41/><E41/><V76/><F76/><W135/><G135/><T37/><D37/><U120/><E120/><V107/><F121/><W54/><G18/><T81/><AGARI ba="0,1" hai="25,26,40,47,49,59,61,66,81,84,88,99,101,104" machi="81" ten="20,12000,1" yaku="1,1,0,1,7,1,54,1,53,1" doraHai="64" doraHaiUra="56" who="0" fromWho="0" sc="240,130,250,-40,250,-40,250,-40" /><INIT seed="0,1,0,2,3,81" ten="370,210,210,210" oya="0" hai0="31,12,76,28,59,93,130,52,21,97,60,92,94" hai1="96,1,0,123,19,71,80,87,57,15,77,22,90" hai2="7,89,9,69,86,85,84,51,6,56,40,70,104" hai3="33,74,103,122,26,18,65,119,13,112,54,82,111"/><T50/><D130/><U134/><E71/><V53/><F104/><W110/><G112/><T125/><D125/><U55/><E123/><V10/><F40/><W64/><G119/><T101/><D76/><U127/><E134/><V131/><F131/><W78/><G122/><T17/><REACH who="0" step="1"/><D60/><REACH who="0" ten="360,210,210,210" step="2"/><U121/><E127/><V75/><F75/><W63/><G103/><T32/><D32/><U66/><E121/><V79/><F79/><W99/><G33/><T67/><D67/><U109/><E66/><V126/><F126/><W58/><G26/><T68/><D68/><U108/><E109/><N who="3" m="41482" /><G99/><T95/><AGARI ba="1,1" hai="12,17,21,28,31,50,52,59,92,93,94,95,97,101" machi="95" ten="30,11700,0" yaku="1,1,0,1,8,1,54,1,53,0" doraHai="81" doraHaiUra="129" who="0" fromWho="0" sc="360,130,210,-40,210,-40,210,-40" /><INIT seed="0,2,0,5,1,16" ten="490,170,170,170" oya="0" hai0="85,129,54,75,63,130,64,9,45,116,96,114,77" hai1="104,78,62,32,133,67,52,97,59,120,119,115,14" hai2="70,42,122,25,134,0,29,60,107,51,39,22,118" hai3="58,65,55,11,35,91,24,46,102,47,34,23,95"/><T105/><D116/><U76/><E32/><V128/><F122/><W89/><G11/><T18/><D114/><U131/><E120/><V73/><F73/><W88/><G65/><T93/><D45/><N who="3" m="16905" /><G34/><T10/><D54/><U111/><E119/><V3/><F134/><W4/><G35/><T98/><D75/><U79/><E133/><V125/><F128/><N who="0" m="49258" /><D105/><U6/><E111/><V83/><F125/><W123/><G123/><T28/><D28/><U66/><E115/><V26/><F39/><W100/><G4/><T12/><D77/><U99/><E104/><V87/><F107/><W15/><G15/><N who="0" m="7535" /><D85/><U86/><E86/><V37/><F37/><W50/><G95/><T56/><D93/><U68/><E131/><V80/><F118/><W103/><G24/><T84/><D84/><U43/><E43/><V53/><F42/><W69/><G69/><T82/><D82/><U121/><E121/><V117/><F83/><W27/><G91/><T36/><D36/><U1/><E1/><V135/><F135/><W71/><G71/><T41/><D41/><U7/><E7/><AGARI ba="2,0" hai="7,10,12,56,63,64,96,98" m="7535,49258" machi="7" ten="30,1500,0" yaku="19,1" doraHai="16" who="0" fromWho="1" sc="490,21,170,-21,170,0,170,0" /><INIT seed="0,3,0,5,5,41" ten="511,149,170,170" oya="0" hai0="21,28,66,7,62,8,110,83,96,80,45,14,31" hai1="9,91,117,92,123,46,61,4,55,11,112,86,47" hai2="23,87,90,10,106,43,118,128,116,94,127,120,0" hai3="17,78,97,39,35,1,99,111,15,73,89,49,58"/><T32/><D32/><U102/><E117/><N who="2" m="45163" /><F23/><W121/><G1/><T70/><D110/><U134/><E123/><V77/><F10/><N who="1" m="3593" /><E134/><V19/><F19/><W6/><G6/><T98/><D45/><N who="1" m="16907" /><E112/><V36/><F43/><W33/><G39/><T68/><D68/><U88/><E4/><V95/><F128/><W114/><G78/><T37/><D37/><U93/><E102/><V100/><F127/><W79/><G79/><T129/><D129/><U65/><E65/><V75/><F0/><W74/><G89/><N who="1" m="34378" /><E86/><V57/><F87/><W135/><G135/><T22/><D66/><U3/><E3/><V27/><F100/><W125/><G125/><T72/><D7/><U115/><E115/><V2/><F2/><W13/><G114/><T85/><D70/><U109/><E109/><V119/><F119/><W53/><G111/><T69/><D85/><U105/><E105/><V81/><F106/><W113/><G113/><T26/><D69/><U82/><E82/><V29/><F120/><W16/><G121/><T107/><D80/><U30/><E30/><V54/><F36/><W64/><G64/><T130/><D83/><U50/><E61/><V108/><F108/><W63/><G63/><T38/><D62/><U12/><E12/><N who="3" m="4682" /><G33/><T24/><D31/><U103/><E103/><V5/><F5/><W126/><G35/><T71/><D28/><U101/><E101/><V42/><F90/><W44/><G126/><T122/><D107/><U48/><E55/><V34/><F42/><N who="3" m="24727" /><G74/><T18/><D72/><U67/><E67/><V51/><AGARI ba="3,0" hai="27,29,34,51,54,57,75,77,81,94,95" m="45163" machi="51" ten="30,1100,0" yaku="12,1" doraHai="41" who="2" fromWho="2" sc="511,-8,149,-6,170,20,170,-6" /><INIT seed="1,0,0,0,1,39" ten="503,143,190,164" oya="1" hai0="99,107,38,87,8,32,22,19,113,37,76,60,71" hai1="55,33,112,17,133,78,120,104,4,61,129,82,18" hai2="92,70,72,90,98,35,111,29,54,25,0,105,83" hai3="62,84,52,95,106,1,79,63,121,20,14,6,15"/><U100/><E120/><V101/><F111/><W97/><G121/><T128/><D113/><U16/><E33/><V66/><F54/><W49/><G106/><T56/><D32/><U114/><E129/><V80/><F0/><W11/><G79/><T73/><D71/><U13/><E133/><V122/><F122/><W42/><G84/><T27/><D128/><U85/><E61/><N who="2" m="40271" /><F72/><W130/><G130/><T118/><D73/><U134/><E55/><V26/><F26/><W50/><G50/><T30/><D118/><U45/><E45/><V57/><F57/><N who="3" m="32911" /><G1/><T88/><D76/><U116/><E116/><V102/><F102/><N who="3" m="60735" /><G42/><T135/><D107/><U125/><E134/><V59/><F59/><W3/><G3/><T77/><D77/><U51/><E51/><V89/><F89/><W7/><G7/><T36/><D99/><AGARI ba="0,0" hai="25,29,35,80,83,90,92,98,99,101,105" m="40271" machi="99" ten="30,1000,0" yaku="25,1" doraHai="39" who="2" fromWho="0" sc="503,-10,143,0,190,10,164,0" /><INIT seed="2,0,0,2,3,55" ten="493,143,200,164" oya="2" hai0="90,113,6,100,119,130,57,91,124,86,134,47,72" hai1="48,97,18,0,36,41,51,126,10,129,37,73,13" hai2="106,84,22,123,127,93,26,103,39,115,63,77,35" hai3="71,40,89,76,30,14,56,112,66,58,34,117,50"/><V12/><F115/><W111/><G117/><T121/><D72/><U133/><E73/><V107/><F123/><W105/><G112/><T5/><D47/><U1/><E97/><V61/><F39/><W33/><G76/><T82/><D57/><N who="3" m="22121" /><G33/><T65/><D124/><U49/><E126/><V46/><F35/><W95/><G14/><T96/><D134/><U125/><E125/><V45/><F12/><W70/><G50/><T102/><D130/><U20/><E133/><V67/><F107/><W128/><G40/><T15/><D65/><U38/><E129/><V68/><F106/><W85/><G128/><T109/><D109/><U79/><E79/><V104/><F77/><W59/><G105/><T98/><D15/><U110/><E110/><V42/><F42/><W31/><G34/><T114/><D6/><U62/><E41/><V16/><F104/><W7/><G71/><T122/><D5/><U53/><E53/><V4/><F4/><W78/><G70/><T21/><D21/><U52/><E52/><V29/><F22/><W11/><G111/><T118/><D86/><U43/><E43/><V87/><F84/><N who="3" m="52647" /><G11/><T83/><AGARI ba="0,0" hai="82,83,90,91,96,98,100,102,113,114,118,119,121,122" machi="83" ten="25,12000,2" yaku="0,1,22,2,34,3" doraHai="55" who="0" fromWho="0" sc="493,120,143,-30,200,-60,164,-30" /><INIT seed="3,0,0,3,0,91" ten="613,113,140,134" oya="3" hai0="26,117,76,79,0,95,24,80,16,127,92,22,61" hai1="29,37,51,94,5,14,47,65,46,60,108,73,67" hai2="1,123,31,82,77,114,129,84,90,107,52,54,121" hai3="110,66,42,99,13,20,122,132,124,36,119,97,112"/><W64/><G112/><T57/><D127/><U53/><E73/><V75/><F114/><W120/><G119/><T63/><D117/><U45/><E29/><V55/><F1/><W8/><G124/><T78/><D0/><U40/><E94/><N who="0" m="35881" /><D80/><U130/><E14/><V50/><F129/><W2/><G2/><T10/><D10/><U113/><E5/><V105/><F31/><W32/><G32/><T87/><D87/><U17/><E17/><V15/><F15/><W104/><G20/><N who="0" m="13319" /><D57/><N who="1" m="34863" /><E113/><V71/><F71/><W58/><G104/><T28/><AGARI ba="0,0" hai="22,26,28,61,63,76,78,79" m="13319,35881" machi="28" ten="30,8000,1" yaku="8,1,52,3,54,1" doraHai="91" who="0" fromWho="0" sc="613,80,113,-20,140,-20,134,-40" owari="693,79.3,93,-40.7,120,-8.0,94,-30.6" /></mjloggm>