<mjloggm ver="2.3"><GO type="225" lobby="0"/><UN n0="%E3%81%95%E3%81%8D%E3%81%9F%E3%81%BE%E6%9E%97%E6%AA%8E" n1="%E3%83%81%E3%83%83%E3%82%BF%E3%82%BD%E3%83%BC" n2="%E5%81%BD%E5%96%84%E8%80%85%E9%AB%98%E6%A9%8B%E3%81%BF%E3%81%AA%E3%81%BF" n3="%E3%81%8B%E3%82%8F%E3%81%A1%E3%82%83%E3%82%93%35%38" dan="16,17,18,16" rate="2070.10,2201.21,2201.70,2108.29" sx="M,F,F,M"/><TAIKYOKU oya="0"/><INIT seed="0,0,0,5,5,39" ten="250,250,250,250" oya="0" hai0="5,106,130,119,23,0,63,22,128,72,65,3,121" hai1="95,60,6,103,15,14,99,25,69,133,51,52,53" hai2="11,107,125,101,98,81,32,112,134,24,83,30,17" hai3="82,61,132,129,89,10,57,70,73,102,122,54,41"/><T27/><D119/><U13/><E133/><V16/><F112/><W66/><G132/><T75/><D106/><U111/><E111/><V2/><F134/><W105/><G129/><N who="0" m="49771" /><D121/><U91/><E25/><V1/><F125/><W77/><G122/><T123/><D123/><U40/><E6/><V44/><F44/><W21/><G105/><T59/><D23/><U114/><E114/><V71/><F71/><W135/><G135/><T33/><D33/><U88/><E69/><V42/><F42/><W18/><G102/><T47/><D47/><N who="1" m="26087" /><E60/><V67/><F67/><W38/><G10/><N who="0" m="2343" /><D3/><U97/><E97/><V4/><REACH who="2" step="1"/><F2/><REACH who="2" ten="250,250,240,250" step="2"/><W80/><G70/><T93/><D93/><U117/><E117/><V109/><F109/><W113/><G113/><T68/><D68/><U100/><E100/><V126/><F126/><W110/><G110/><T56/><D56/><U8/><E8/><V78/><F78/><W46/><G77/><T50/><D50/><U96/><E96/><V31/><F31/><AGARI ba="0,1" hai="22,27,31,59,63,65,72,75" m="2343,49771" machi="31" ten="30,1500,0" yaku="19,1" doraHai="39" who="0" fromWho="2" sc="250,25,250,0,240,-15,250,0" /><INIT seed="0,1,0,3,3,55" ten="275,250,225,250" oya="0" hai0="83,87,120,51,63,26,62,27,126,33,77,72,7" hai1="61,38,35,79,0,58,48,30,39,65,98,113,121" hai2="74,66,18,34,127,131,12,17,93,23,2,129,53" hai3="105,99,116,123,78,119,107,104,94,45,14,28,19"/><T10/><D120/><U43/><E121/><V37/><F74/><W32/><G123/><T49/><D126/><U31/><E0/><V64/><F37/><W73/><G45/><T115/><D115/><U67/><E113/><V36/><F36/><W13/><G13/><N who="0" m="5343" /><D72/><U88/><E79/><V82/><F34/><W8/><G32/><T22/><D33/><U24/><E30/><V9/><F127/><W118/><G28/><N who="0" m="17495" /><D27/><U3/><E3/><V132/><F132/><W85/><G73/><T103/><D103/><U124/><E124/><V70/><F82/><W15/><G15/><T80/><D83/><U112/><E112/><V130/><F70/><W90/><REACH who="3" step="1"/><G78/><REACH who="3" ten="275,250,225,240" step="2"/><T5/><D5/><U1/><E1/><V57/><F2/><W20/><G20/><T133/><D133/><U68/><E35/><V108/><F131/><W128/><G128/><T95/><D95/><U52/><E31/><V111/><F93/><W97/><AGARI ba="1,1" hai="8,14,19,85,90,94,97,99,104,105,107,116,118,119" machi="97" ten="40,2700,0" yaku="1,1,0,1,53,0" doraHai="55" doraHaiUra="21" who="3" fromWho="3" sc="275,-14,250,-8,225,-8,240,40" /><INIT seed="1,0,0,2,2,134" ten="261,242,217,280" oya="1" hai0="57,103,115,119,65,63,122,126,3,42,60,123,130" hai1="16,68,55,110,95,102,45,54,43,97,76,13,78" hai2="0,73,81,86,84,132,22,28,120,31,37,23,87" hai3="109,93,1,30,44,20,79,25,121,15,106,50,21"/><U59/><E68/><V6/><F37/><W92/><G121/><N who="0" m="46091" /><D3/><U90/><E110/><V38/><F120/><W46/><G1/><T112/><D103/><U128/><E128/><V91/><F38/><W101/><G106/><T61/><D119/><U26/><E26/><V12/><F0/><W131/><G131/><T67/><D130/><U117/><E117/><V9/><F132/><W105/><G105/><T77/><D77/><U8/><E102/><V24/><F73/><W64/><G64/><N who="0" m="24651" /><D126/><U5/><E5/><V4/><F4/><W75/><G79/><T7/><D7/><U14/><E14/><V40/><F40/><W41/><G75/><T111/><D111/><U27/><E27/><AGARI ba="0,0" hai="6,9,12,22,23,24,27,28,31,81,84,86,87,91" machi="27" ten="40,2600,0" yaku="9,1,8,1" doraHai="134" who="2" fromWho="1" sc="261,0,242,-26,217,26,280,0" /><INIT seed="2,0,0,4,0,97" ten="261,216,243,280" oya="2" hai0="93,89,81,43,21,27,1,11,131,72,68,125,50" hai1="32,110,10,101,9,35,78,124,12,117,114,84,64" hai2="5,73,65,0,48,128,22,59,46,30,69,63,118" hai3="42,2,76,60,26,134,34,77,71,6,105,95,87"/><V53/><F118/><W86/><G105/><T113/><D68/><U103/><E117/><V98/><F128/><W127/><G42/><T92/><D131/><U94/><E114/><V111/><F73/><W45/><G45/><N who="0" m="25919" /><D1/><U132/><E32/><V14/><F111/><W83/><G127/><T47/><D72/><U40/><E35/><V28/><F0/><W36/><G36/><T80/><D113/><U112/><E112/><V61/><F98/><W7/><G134/><T16/><D125/><U130/><E130/><V66/><REACH who="2" step="1"/><F22/><REACH who="2" ten="261,216,233,280" step="2"/><W109/><G2/><T121/><D121/><U70/><E124/><V56/><F56/><W33/><G109/><T37/><D47/><U44/><E110/><V55/><F55/><W126/><G126/><T41/><D41/><U106/><E132/><V39/><F39/><W3/><G3/><T135/><D135/><U67/><E70/><V4/><F4/><W115/><G115/><T18/><D37/><U29/><E44/><V62/><F62/><W99/><G60/><T31/><D31/><U25/><E40/><V75/><F75/><W85/><G71/><T116/><D116/><U79/><E29/><V23/><F23/><W17/><G33/><T120/><D120/><U102/><E64/><V133/><F133/><W57/><G57/><T129/><D129/><U96/><E67/><V104/><F104/><W119/><G119/><T19/><D21/><U107/><E106/><V24/><F24/><W123/><G123/><T108/><D108/><U90/><E25/><V100/><F100/><N who="1" m="38505" /><E12/><V91/><F91/><N who="3" m="55807" /><G34/><T49/><D27/><RYUUKYOKU ba="0,1" sc="261,-15,216,15,233,15,280,-15" hai1="9,10,78,79,84,90,94,96,103,107" hai2="5,14,28,30,46,48,53,59,61,63,65,66,69" /><INIT seed="2,1,1,1,0,101" ten="246,231,248,265" oya="2" hai0="66,57,68,75,63,42,7,127,44,27,11,39,17" hai1="76,23,91,93,105,125,21,1,107,46,72,29,77" hai2="82,121,33,10,28,56,40,102,84,89,80,0,113" hai3="112,81,115,34,106,108,128,24,129,123,90,73,126"/><V18/><F113/><N who="3" m="43595" /><G123/><T97/><D127/><U32/><E1/><V22/><F121/><W49/><G126/><T134/><D134/><U35/><E125/><V104/><F40/><W60/><G108/><T71/><D75/><U62/><E62/><V36/><F36/><W118/><G118/><T2/><REACH who="0" step="1"/><D97/><REACH who="0" ten="236,231,248,265" step="2"/><U109/><E72/><V120/><F120/><W130/><G73/><T92/><D92/><U87/><E109/><V132/><F132/><W135/><G135/><T19/><D19/><U20/><E29/><V74/><F18/><W100/><G129/><T117/><D117/><U14/><E14/><V59/><F28/><W8/><G130/><T116/><D116/><U45/><E105/><V25/><F104/><W88/><G128/><T69/><D69/><U83/><E107/><V96/><F96/><W95/><G95/><T15/><D15/><U26/><E93/><V4/><F74/><W85/><G106/><T122/><D122/><U52/><E26/><V70/><F70/><W133/><G133/><T51/><D51/><U124/><E124/><V13/><F13/><W131/><G49/><T103/><D103/><U53/><E83/><V37/><F102/><W16/><G100/><T94/><D94/><U54/><E87/><N who="2" m="50407" /><F37/><W86/><G131/><T111/><D111/><U67/><E67/><V79/><F82/><W78/><G86/><T41/><D41/><U58/><E58/><N who="2" m="22059" /><F84/><W99/><G99/><T65/><D65/><U38/><E38/><V55/><F0/><W119/><G119/><T48/><D48/><U43/><E43/><V9/><F25/><RYUUKYOKU ba="1,2" sc="236,30,231,-10,248,-10,265,-10" hai0="2,7,11,17,27,39,42,44,57,63,66,68,71" /><INIT seed="3,2,2,3,0,22" ten="266,221,238,255" oya="3" hai0="35,14,31,124,76,34,126,58,75,65,130,18,36" hai1="121,44,16,132,20,79,84,10,74,100,37,52,66" hai2="87,41,88,89,38,49,104,102,131,98,47,103,99" hai3="93,125,56,119,17,95,109,115,60,69,15,72,28"/><W9/><G115/><T32/><D130/><U111/><E74/><V122/><F131/><W134/><G119/><T4/><D36/><U120/><E111/><V106/><F122/><W26/><G72/><T90/><D4/><U30/><E30/><V70/><F70/><W2/><G69/><T23/><D90/><U128/><E128/><V107/><F107/><W112/><G112/><T73/><D76/><U135/><E10/><V80/><F38/><W3/><G125/><N who="0" m="48235" /><D31/><U46/><E66/><V48/><F48/><W116/><G116/><T67/><D67/><U91/><E79/><AGARI ba="2,2" hai="41,47,49,79,80,87,88,89,98,99,102,103,104,106" machi="79" ten="30,3900,0" yaku="7,1,9,1,54,1" doraHai="22" who="2" fromWho="1" sc="266,0,221,-45,238,65,255,0" owari="266,6.6,176,-32.4,303,40.3,255,-14.5" /></mjloggm>