<mjloggm ver="2.3"><GO type="225" lobby="0"/><UN n0="%E5%B3%B6%E7%94%B0%E7%9C%9F%E5%A4%A2" n1="%E9%9B%80%E6%A5%B5%E3%81%AE%E3%81%B8" n2="%E8%BE%9B%E5%8F%A3%E3%82%AB%E3%83%AC%E3%83%BC%E3%83%A9%E3%82%A4%E3%82%B9" n3="%E3%81%99%E3%81%84%E3%81%BE%E3%81%9B%E3%83%BC%E3%82%93" dan="16,16,17,18" rate="2102.87,2143.82,2269.69,2189.07" sx="F,M,M,M"/><TAIKYOKU oya="0"/><INIT seed="0,0,0,1,3,119" ten="250,250,250,250" oya="0" hai0="64,95,53,21,131,126,86,124,125,92,41,129,27" hai1="118,28,9,121,49,128,12,1,78,63,89,15,66" hai2="48,81,79,91,59,47,77,73,90,30,56,111,65" hai3="19,107,26,34,52,117,38,62,103,42,127,20,70"/><T33/><D33/><U96/><E118/><V109/><F30/><W43/><G117/><T130/><D41/><U29/><E1/><V132/><F132/><W67/><G127/><T85/><D64/><U25/><E128/><V94/><F79/><W44/><G34/><T97/><D53/><U58/><E121/><V74/><F74/><W80/><G80/><T101/><REACH who="0" step="1"/><D95/><REACH who="0" ten="240,250,250,250" step="2"/><U24/><E66/><V31/><F65/><W72/><G43/><T61/><D61/><U35/><E63/><V112/><F94/><W69/><G52/><T55/><D55/><U39/><E35/><V4/><F112/><W22/><G62/><T108/><D108/><U100/><E49/><V13/><F48/><W84/><G67/><T83/><D83/><U17/><E39/><V93/><F93/><W54/><G54/><T10/><D10/><U105/><E105/><V11/><F109/><W40/><G40/><T36/><D36/><U115/><E115/><V122/><F111/><W102/><G107/><T7/><D7/><U57/><E58/><V135/><F56/><W6/><G6/><T45/><D45/><U104/><E57/><V32/><F59/><W14/><G44/><T82/><D82/><U76/><E9/><V120/><F47/><W123/><G42/><T110/><D110/><U8/><E8/><V133/><F133/><W3/><G38/><T0/><D0/><U71/><E104/><V113/><F135/><W87/><G3/><T5/><D5/><U106/><E106/><V98/><F113/><W68/><G68/><T51/><D51/><U2/><E71/><RYUUKYOKU ba="0,1" sc="240,30,250,-10,250,-10,250,-10" hai0="21,27,85,86,92,97,101,124,125,126,129,130,131" /><INIT seed="0,1,1,5,3,40" ten="270,240,240,240" oya="0" hai0="44,135,15,106,10,121,52,53,18,49,86,21,64" hai1="65,37,45,25,82,100,68,130,125,29,32,108,6" hai2="61,89,105,112,70,56,81,117,2,20,57,4,76" hai3="41,111,34,90,74,107,42,113,28,104,46,92,67"/><T69/><D106/><U129/><E6/><V93/><F112/><W75/><G113/><T33/><D33/><U17/><E17/><V97/><F117/><W35/><G111/><T54/><D121/><U110/><E82/><V133/><F133/><W3/><G3/><T50/><D135/><U59/><E59/><V24/><F105/><W19/><G67/><T51/><D86/><U88/><E100/><V79/><F2/><W23/><G107/><T73/><D73/><U13/><E13/><V31/><F4/><W134/><G104/><T58/><D69/><U55/><E88/><N who="2" m="55463" /><F70/><W94/><G134/><T14/><D64/><U5/><E5/><V78/><F61/><W39/><G42/><T126/><D126/><U132/><E125/><V119/><F119/><W71/><G71/><T114/><D114/><U122/><E122/><V80/><F80/><W1/><G1/><T8/><D15/><U96/><E132/><V120/><F120/><W9/><G9/><T22/><D10/><U85/><E37/><V12/><F12/><W101/><G94/><T84/><D84/><AGARI ba="1,1" hai="20,24,31,56,57,76,78,79,81,84,89" m="55463" machi="84" ten="30,2000,0" yaku="8,1,54,1" doraHai="40" who="2" fromWho="0" sc="270,-23,240,0,240,33,240,0" /><INIT seed="1,0,0,0,0,126" ten="247,240,273,240" oya="1" hai0="135,48,96,70,82,36,46,53,45,115,83,19,104" hai1="117,27,72,9,97,16,100,91,12,74,52,65,42" hai2="131,99,25,41,129,66,35,134,1,78,58,106,113" hai3="107,128,68,15,0,103,94,92,76,44,114,86,3"/><U124/><E124/><V120/><F120/><W4/><G114/><T89/><D115/><U47/><E117/><V122/><F122/><W23/><G68/><T34/><D70/><U77/><E65/><V125/><F113/><W110/><G110/><T57/><D34/><U33/><E91/><V51/><F125/><W85/><G107/><T90/><D135/><U54/><E33/><V79/><F1/><W50/><G76/><T37/><D104/><U71/><E71/><V28/><F134/><W61/><G61/><T11/><D96/><U121/><E121/><V21/><F35/><W93/><G103/><T109/><D109/><U111/><E27/><V80/><F66/><W101/><G101/><T40/><D37/><U20/><E9/><V73/><F79/><W133/><G133/><T102/><D102/><U8/><E8/><V7/><F7/><W60/><G60/><T118/><D118/><U24/><E24/><V119/><F119/><W108/><G108/><T26/><D46/><U32/><E32/><V63/><F99/><W130/><G4/><T123/><D123/><U112/><E112/><V64/><REACH who="2" step="1"/><F106/><REACH who="2" ten="247,240,263,240" step="2"/><W84/><G3/><T22/><D36/><N who="1" m="21959" /><E111/><V14/><F14/><W5/><G0/><T49/><D11/><U98/><E98/><V75/><F75/><N who="1" m="28713" /><E77/><V105/><F105/><W95/><N who="3" m="23552" /><DORA hai="69" /><W132/><G132/><T2/><D2/><U18/><E97/><V43/><F43/><N who="3" m="24863" /><G5/><T67/><D67/><U88/><E12/><V62/><F62/><W39/><G39/><T10/><D10/><U31/><E100/><V55/><F55/><RYUUKYOKU ba="0,1" sc="247,10,240,-30,263,10,240,10" hai0="19,22,26,40,45,48,49,53,57,82,83,89,90" hai2="21,25,28,41,51,58,63,64,73,78,80,129,131" hai3="15,23,84,85,86,128,130" /><INIT seed="2,1,1,2,2,110" ten="257,210,273,250" oya="2" hai0="35,13,24,125,80,39,26,7,130,127,83,73,70" hai1="47,99,49,29,5,103,71,4,108,25,132,123,135" hai2="68,79,95,1,43,61,112,105,86,75,122,18,124" hai3="37,119,23,85,106,41,92,9,90,6,109,131,118"/><V34/><F112/><W120/><G120/><T81/><D39/><U87/><E71/><V129/><F122/><W2/><G109/><T121/><D121/><U46/><E123/><V94/><F105/><W115/><G106/><T3/><D70/><U59/><E108/><V126/><F34/><W78/><G131/><T88/><D73/><U114/><E59/><V40/><F1/><W77/><G23/><T100/><D100/><U11/><E87/><V91/><F129/><W82/><G78/><T76/><D76/><U14/><E5/><V117/><F117/><W62/><G62/><T22/><D3/><U98/><E114/><V38/><F95/><W20/><G20/><T17/><D130/><U102/><E47/><V50/><F38/><W84/><G115/><T65/><D65/><U69/><E69/><V64/><F18/><W67/><G67/><T10/><D35/><U28/><E102/><V51/><F50/><W57/><G57/><T8/><D24/><U19/><E4/><V16/><F16/><W33/><G33/><T133/><D8/><U66/><E66/><V56/><F68/><W52/><G52/><T27/><D27/><U0/><E0/><V31/><F31/><N who="1" m="11849" /><E25/><V21/><F75/><W74/><G85/><T107/><D107/><N who="1" m="63991" /><E99/><V36/><F86/><W97/><G84/><T42/><D42/><N who="1" m="24791" /><E135/><V134/><F134/><W72/><G72/><T32/><D32/><U63/><E132/><V15/><F43/><W12/><G12/><T128/><D133/><U48/><E63/><V101/><F61/><W89/><G89/><T44/><D128/><RYUUKYOKU ba="1,1" sc="257,-15,210,15,273,-15,250,15" hai1="11,14,19,48" hai3="2,6,9,37,41,74,77,82,90,92,97,118,119" /><INIT seed="3,2,1,0,2,64" ten="242,225,258,265" oya="3" hai0="74,61,135,17,53,44,9,32,131,69,5,65,98" hai1="97,59,94,39,37,134,101,1,117,110,88,76,123" hai2="96,105,41,18,93,119,11,45,24,130,102,14,21" hai3="10,127,73,106,90,109,43,57,111,46,48,85,103"/><W13/><G73/><T26/><D74/><U75/><E1/><V108/><F108/><N who="3" m="41547" /><G127/><T79/><D79/><U20/><E110/><V100/><F130/><W115/><G115/><T33/><D135/><U47/><E134/><V116/><F102/><W2/><G2/><T7/><D7/><U52/><E123/><V35/><F35/><W51/><G103/><T50/><D98/><U56/><E117/><V3/><F105/><W8/><G106/><T80/><D80/><U66/><E75/><V63/><F63/><W132/><G132/><T25/><D131/><U58/><E76/><V0/><F0/><W30/><G30/><T126/><D126/><U29/><E66/><V92/><F92/><N who="3" m="54351" /><G13/><T122/><D122/><U31/><E101/><V113/><F113/><W83/><G83/><T72/><D72/><U15/><E39/><V77/><F77/><W19/><G19/><T84/><D84/><U81/><E81/><V54/><F3/><W71/><G71/><T22/><D26/><U55/><E37/><V6/><F116/><W133/><G133/><T49/><D25/><U12/><E12/><V121/><F119/><W114/><G114/><T34/><D17/><N who="1" m="10303" /><E55/><AGARI ba="2,1" hai="8,10,43,46,48,51,55,57" m="54351,41547" machi="55" ten="30,2900,0" yaku="14,1,10,1" doraHai="64" who="3" fromWho="1" sc="242,0,225,-35,258,0,265,45" owari="242,-15.8,190,-31.0,258,5.8,310,41.0" /></mjloggm>