<mjloggm ver="2.3"><GO type="225" lobby="0"/><UN n0="%73%75%7A%75%6D%65%33" n1="%E5%86%B7%E5%87%8D%E3%82%AE%E3%83%A7%E3%83%BC%E3%82%B6" n2="%E3%81%AF%E3%82%88%E3%81%8A%E3%81%98%E3%81%95%E3%82%93" n3="%E4%BF%BA%E3%81%A8%E5%A6%96%E5%A4%A2" dan="17,17,17,17" rate="2172.74,2192.68,2215.09,2227.47" sx="M,M,M,F"/><TAIKYOKU oya="0"/><INIT seed="0,0,0,2,0,4" ten="250,250,250,250" oya="0" hai0="81,40,56,5,133,46,67,125,21,54,1,29,115" hai1="131,111,113,132,97,23,85,64,78,35,93,100,47" hai2="73,30,130,42,134,88,89,10,61,91,128,109,36" hai3="76,50,74,27,70,3,8,121,66,17,14,102,71"/><T18/><D115/><U41/><E35/><V75/><F109/><W39/><G39/><T6/><D133/><U79/><E113/><V16/><F134/><W25/><G121/><T106/><D125/><U62/><E132/><V101/><F30/><W108/><G108/><T119/><D106/><U22/><E111/><V103/><F61/><W117/><G117/><T34/><D67/><U53/><E53/><V112/><F112/><W48/><G3/><T69/><D69/><U126/><E131/><N who="2" m="50219" /><F42/><W99/><G76/><T0/><D119/><U96/><E96/><V44/><F44/><W58/><G74/><N who="2" m="28169" /><F36/><W92/><G71/><T98/><D98/><U2/><E2/><V55/><F55/><W135/><G70/><T60/><D81/><N who="1" m="47287" /><E79/><V110/><F110/><W13/><G135/><T26/><D0/><U51/><E126/><V43/><F43/><W94/><G66/><T15/><REACH who="0" step="1"/><D1/><REACH who="0" ten="240,250,250,250" step="2"/><U95/><E95/><V116/><F116/><W31/><G92/><T120/><D120/><U32/><E32/><V68/><F68/><W104/><G104/><T65/><D65/><U114/><E114/><V105/><F105/><W37/><G94/><T77/><D77/><U87/><E87/><V84/><F84/><W107/><G107/><T83/><D83/><U11/><E64/><V82/><F82/><W24/><G99/><T9/><D9/><U80/><E11/><V127/><F127/><W122/><G122/><T63/><D63/><U7/><E80/><V19/><F10/><W49/><G8/><T52/><D52/><U20/><E62/><V12/><F12/><RYUUKYOKU ba="0,1" sc="240,10,250,10,250,10,250,-30" hai0="5,6,15,18,21,26,29,34,40,46,54,56,60" hai1="7,20,22,23,41,47,51,93,97,100" hai2="16,19,88,89,91,101,103" /><INIT seed="0,1,1,3,3,103" ten="250,260,260,220" oya="0" hai0="83,71,18,99,48,24,41,64,42,81,70,85,19" hai1="38,9,119,20,2,50,32,102,46,90,27,1,65" hai2="86,124,128,82,57,63,74,109,100,23,125,7,129" hai3="104,122,73,76,69,39,25,110,94,121,21,116,126"/><T51/><D99/><U96/><E119/><V60/><F109/><W67/><G116/><T114/><D85/><U58/><E32/><V55/><F74/><W113/><G113/><T120/><D120/><N who="3" m="46185" /><G110/><T31/><D114/><U80/><E9/><V11/><F100/><W105/><G39/><T15/><D15/><U4/><E4/><V72/><F72/><W17/><G126/><N who="2" m="48745" /><F63/><N who="3" m="40191" /><G94/><T87/><D87/><U107/><E38/><V44/><F44/><W52/><G52/><T54/><D54/><U0/><E80/><AGARI ba="1,1" hai="17,21,25,73,76,80,104,105" m="40191,46185" machi="80" ten="30,3900,0" yaku="13,1,52,2" doraHai="103" who="3" fromWho="1" sc="250,0,260,-42,260,0,220,52" /><INIT seed="1,0,0,3,3,131" ten="250,218,260,272" oya="1" hai0="113,7,53,100,104,20,31,15,9,66,67,52,44" hai1="70,109,82,123,75,40,48,42,59,115,51,38,81" hai2="64,16,28,56,41,36,57,39,116,32,19,6,60" hai3="3,83,22,30,50,27,95,93,79,117,122,96,108"/><U43/><E115/><V135/><F116/><W91/><G122/><T11/><D113/><U63/><E123/><V46/><F39/><W5/><G117/><T69/><D69/><U29/><E38/><V74/><F74/><W120/><G120/><T8/><D104/><U26/><E70/><V111/><F111/><W130/><G130/><T18/><D100/><U94/><E94/><V0/><F135/><W65/><G65/><N who="0" m="24587" /><D31/><U49/><E75/><V21/><F32/><W17/><G108/><T107/><D107/><U80/><E109/><V110/><F110/><W97/><G5/><T87/><D87/><U34/><REACH who="1" step="1"/><E63/><REACH who="1" ten="250,208,260,272" step="2"/><V77/><F60/><W58/><G93/><T114/><D114/><U47/><E47/><V102/><F46/><W133/><G95/><T68/><D68/><U127/><E127/><V98/><F36/><W1/><G58/><AGARI ba="0,1" hai="26,29,34,40,42,43,48,49,51,58,59,80,81,82" machi="58" ten="50,9600,0" yaku="1,1,29,2,53,0" doraHai="131" doraHaiUra="112" who="1" fromWho="3" sc="250,0,208,106,260,0,272,-96" /><INIT seed="1,1,0,1,2,111" ten="250,314,260,176" oya="1" hai0="88,61,11,129,50,34,97,101,3,126,87,94,107" hai1="89,49,120,8,81,51,36,127,124,98,100,102,135" hai2="29,68,93,25,53,103,74,69,26,114,116,67,90" hai3="2,21,66,122,115,132,134,112,75,91,95,35,56"/><U117/><E120/><V15/><F116/><W57/><G122/><T59/><D129/><U47/><E117/><V16/><F74/><W7/><G35/><T60/><D126/><N who="1" m="48171" /><E135/><N who="3" m="51754" /><G75/><T58/><D34/><U92/><E8/><V37/><F37/><W30/><G7/><T22/><D3/><U71/><E71/><V64/><F103/><N who="1" m="39465" /><E81/><V42/><F42/><AGARI ba="1,0" hai="36,42,47,49,51,89,92,98" m="39465,48171" machi="42" ten="30,1500,0" yaku="18,1" doraHai="111" who="1" fromWho="2" sc="250,0,314,18,260,-18,176,0" /><INIT seed="1,2,0,4,4,6" ten="250,332,242,176" oya="1" hai0="98,100,63,112,46,74,32,15,21,95,83,105,106" hai1="127,93,56,3,110,78,16,64,81,109,79,39,14" hai2="42,103,26,72,92,2,96,118,76,90,24,65,31" hai3="94,91,68,87,69,57,54,47,55,111,99,5,25"/><U9/><E127/><V51/><F118/><W88/><G111/><N who="1" m="42506" /><E39/><V131/><F2/><W70/><G47/><T44/><D112/><U114/><E114/><V97/><F131/><W12/><G25/><T116/><D32/><U11/><E93/><V10/><F72/><W59/><G59/><T20/><D116/><U85/><E78/><V86/><F65/><W67/><G67/><T40/><D44/><U77/><E77/><V49/><F42/><W27/><G27/><T58/><D74/><U4/><E64/><V38/><F38/><W107/><G57/><AGARI ba="2,0" hai="3,4,9,11,14,16,56,57,79,81,85" m="42506" machi="57" ten="30,12000,1" yaku="14,1,10,1,52,2,54,1" doraHai="6" who="1" fromWho="3" sc="250,0,332,126,242,0,176,-126" /><INIT seed="1,3,0,1,2,135" ten="250,458,242,50" oya="1" hai0="71,5,69,112,46,82,17,14,94,134,123,35,68" hai1="44,116,45,8,111,96,53,43,78,10,107,103,73" hai2="101,49,106,86,113,70,105,20,21,48,29,42,81" hai3="4,33,92,102,133,93,127,2,7,87,13,75,110"/><U47/><E116/><V77/><F70/><W0/><G133/><T91/><D112/><U26/><E111/><V125/><F113/><W126/><G75/><T3/><D35/><U9/><E53/><V72/><F125/><N who="3" m="47627" /><G33/><T65/><D134/><U19/><E78/><V56/><F72/><W28/><G28/><T95/><D65/><U109/><E73/><V30/><F105/><W34/><G34/><T27/><D27/><U38/><E109/><V41/><F106/><W124/><N who="3" m="47635" /><W80/><DORA hai="99" /><G110/><T88/><D3/><N who="3" m="1065" /><G13/><T51/><D5/><N who="3" m="2121" /><G102/><T11/><D123/><U18/><E18/><V85/><F101/><W55/><G55/><T90/><REACH who="0" step="1"/><D82/><REACH who="0" ten="240,458,242,50" step="2"/><U108/><E108/><V131/><F81/><W62/><G62/><T60/><D60/><U59/><E26/><V1/><F1/><W50/><G50/><T89/><N who="0" m="22528" /><DORA hai="118" /><T22/><D22/><U119/><E119/><V54/><F49/><W114/><G114/><T61/><D61/><U84/><E38/><V67/><F20/><W25/><G25/><T66/><D66/><U104/><E8/><V16/><F67/><W64/><G64/><T15/><D15/><U122/><E9/><V120/><F21/><W12/><G12/><T83/><D83/><U97/><E10/><V40/><F29/><W24/><G24/><T79/><D79/><AGARI ba="3,1" hai="79,80,87,92,93" m="2121,1065,47635" machi="79" ten="50,8000,1" yaku="18,1,52,4" doraHai="135,99,118" who="3" fromWho="0" sc="240,-89,458,0,242,0,50,99" /><INIT seed="2,0,0,5,3,61" ten="151,458,242,149" oya="2" hai0="125,77,80,59,43,70,104,41,53,89,56,78,116" hai1="83,27,60,130,135,15,81,26,25,76,133,64,58" hai2="29,2,120,87,74,38,108,30,101,110,44,21,4" hai3="18,103,97,100,96,11,35,118,113,109,54,32,112"/><V42/><F74/><W114/><G118/><T115/><D115/><U14/><E130/><V71/><F120/><W129/><G129/><T40/><D70/><U52/><E83/><V17/><F71/><W48/><G11/><T3/><D3/><U19/><E52/><V127/><F127/><W9/><G9/><T69/><D69/><U68/><E68/><V13/><F101/><N who="3" m="38987" /><G18/><T132/><D104/><U79/><E79/><N who="0" m="30217" /><D116/><U45/><E45/><V95/><F4/><W12/><G12/><T111/><D125/><U8/><REACH who="1" step="1"/><E14/><REACH who="1" ten="151,448,242,149" step="2"/><V20/><F2/><W34/><G109/><T107/><D111/><U93/><E93/><V23/><F108/><W117/><G117/><T50/><D107/><U131/><E131/><V119/><F119/><W122/><G122/><T86/><D132/><U99/><E99/><V124/><F124/><W121/><G121/><T105/><D105/><U28/><E28/><V126/><F126/><W88/><G88/><T24/><D24/><U51/><E51/><V55/><F110/><W90/><G90/><T85/><D85/><AGARI ba="0,1" hai="8,15,19,25,26,27,58,60,64,76,81,85,133,135" machi="85" ten="40,2600,0" yaku="1,1,52,1,53,0" doraHai="61" doraHaiUra="16" who="1" fromWho="0" sc="151,-26,448,36,242,0,149,0" /><INIT seed="3,0,0,0,2,48" ten="125,484,242,149" oya="3" hai0="108,85,21,56,81,74,5,22,67,102,61,96,104" hai1="86,44,24,123,36,3,65,47,133,18,69,92,53" hai2="28,38,15,115,130,34,94,134,32,111,17,131,95" hai3="82,57,88,120,126,2,119,35,13,9,83,10,52"/><W25/><G119/><T72/><D108/><U4/><E123/><V73/><F111/><W41/><G120/><T49/><D5/><U58/><E133/><V64/><F73/><W122/><G122/><T23/><REACH who="0" step="1"/><D49/><REACH who="0" ten="115,484,242,149" step="2"/><U20/><E36/><V7/><F7/><W1/><G126/><T78/><AGARI ba="0,1" hai="21,22,23,56,61,67,72,74,78,81,85,96,102,104" machi="78" ten="30,4000,0" yaku="1,1,2,1,0,1,53,0" doraHai="48" doraHaiUra="14" who="0" fromWho="0" sc="115,50,484,-10,242,-10,149,-20" owari="165,-23.5,474,57.4,232,3.2,129,-37.1" /></mjloggm>