<mjloggm ver="2.3"><GO type="225" lobby="0"/><UN n0="%E5%86%B7%E5%87%8D%E3%82%AE%E3%83%A7%E3%83%BC%E3%82%B6" n1="%E3%82%BC%E3%83%AB%E3%83%80%E3%81%AE%E4%BC%9D%E8%AA%AC" n2="%E3%81%8B%E3%82%8F%E3%81%A1%E3%82%83%E3%82%93%35%38" n3="%33%74%72%65%65" dan="16,17,17,16" rate="2129.01,2243.98,2140.59,2153.51" sx="M,M,M,F"/><TAIKYOKU oya="0"/><INIT seed="0,0,0,3,5,51" ten="250,250,250,250" oya="0" hai0="73,38,132,99,8,5,85,10,48,54,94,12,60" hai1="123,25,90,59,108,100,68,87,79,72,53,101,80" hai2="49,58,16,105,46,6,31,122,104,44,120,82,109" hai3="9,114,7,98,4,92,45,93,126,20,70,130,124"/><T62/><D73/><U134/><E108/><V129/><F31/><W65/><G114/><T75/><D75/><U127/><E123/><V0/><F6/><W13/><G130/><T27/><D38/><U131/><E131/><V17/><F129/><W3/><G45/><T33/><D132/><U76/><E127/><N who="3" m="48682" /><G92/><T28/><D85/><U128/><E128/><V1/><F49/><W71/><G65/><T34/><D10/><U26/><E68/><N who="3" m="26154" /><G20/><T95/><D34/><U67/><E67/><V57/><REACH who="2" step="1"/><F82/><REACH who="2" ten="250,250,240,250" step="2"/><W30/><G30/><T61/><REACH who="0" step="1"/><D99/><REACH who="0" ten="240,250,240,250" step="2"/><U81/><E134/><V86/><F86/><W119/><G98/><T2/><D2/><U41/><E87/><V64/><F64/><W110/><G3/><T135/><D135/><U88/><E72/><V97/><F97/><W55/><G110/><AGARI ba="0,2" hai="0,1,16,17,44,46,57,58,104,105,109,110,120,122" machi="110" ten="25,6400,0" yaku="1,1,22,2,54,1,53,0" doraHai="51" doraHaiUra="24" who="2" fromWho="3" sc="240,0,250,0,240,84,250,-64" /><INIT seed="1,0,0,3,5,29" ten="240,250,324,186" oya="1" hai0="76,131,41,84,71,8,13,132,95,6,114,79,133" hai1="27,111,134,98,130,25,102,55,122,80,87,121,91" hai2="110,34,9,47,46,127,117,75,60,59,123,64,52" hai3="14,30,118,53,68,85,101,26,100,108,11,66,31"/><U54/><E134/><N who="0" m="51817" /><D114/><U89/><E130/><V10/><F117/><W36/><G36/><T63/><D131/><U2/><E2/><V40/><F123/><W7/><G118/><T126/><D126/><U22/><E111/><V96/><F75/><W37/><G108/><T113/><D41/><U103/><E22/><V119/><F119/><W16/><G37/><T3/><D3/><U12/><E87/><V69/><F110/><W90/><G53/><T44/><D44/><U125/><E12/><V17/><F34/><W45/><G45/><T48/><D48/><U116/><E116/><V129/><F129/><W81/><G7/><T78/><D113/><U61/><E80/><V106/><F46/><W115/><G115/><T1/><D1/><U19/><E19/><V83/><F83/><W99/><G99/><T24/><D24/><U58/><E58/><V42/><F17/><W15/><G15/><T50/><D50/><U5/><E98/><V77/><F42/><W82/><G82/><N who="0" m="47175" /><D95/><U128/><E128/><V0/><F0/><W62/><REACH who="3" step="1"/><G31/><REACH who="3" ten="240,250,324,176" step="2"/><T135/><D135/><U32/><E5/><V120/><F47/><W88/><G88/><T33/><D13/><U70/><E89/><V107/><F40/><W18/><G18/><T104/><D6/><U124/><E91/><V92/><F96/><W97/><G97/><T4/><D4/><U94/><E55/><V51/><F52/><W49/><G49/><T67/><D79/><U23/><E54/><V73/><F51/><W38/><G38/><T43/><D78/><U72/><E121/><V21/><F120/><RYUUKYOKU ba="0,1" sc="240,-10,250,-10,324,-10,176,30" hai3="11,14,16,26,30,62,66,68,81,85,90,100,101" /><INIT seed="2,1,1,2,3,12" ten="230,240,314,206" oya="2" hai0="27,24,63,96,104,9,128,112,22,28,133,18,47" hai1="111,53,132,89,66,72,3,105,38,33,64,109,50" hai2="48,67,14,78,13,129,11,122,92,36,52,10,116" hai3="23,61,71,95,34,119,102,114,4,40,121,75,91"/><V19/><F36/><W49/><G119/><T101/><D112/><U44/><E132/><V103/><F116/><W51/><G121/><T0/><D128/><U43/><E105/><V57/><F122/><W115/><G34/><T21/><D133/><U46/><E33/><V42/><F129/><W39/><G75/><T127/><D127/><U56/><E3/><V74/><F74/><W85/><G4/><T35/><D47/><N who="1" m="24055" /><E89/><V108/><F108/><N who="1" m="41545" /><E72/><V25/><F78/><W130/><G130/><T55/><D0/><U117/><E117/><V93/><F25/><W15/><G102/><T58/><REACH who="0" step="1"/><D9/><REACH who="0" ten="220,240,314,206" step="2"/><U26/><E26/><V32/><F10/><W70/><G115/><T123/><D123/><U99/><E99/><V98/><F98/><W131/><G131/><T118/><D118/><U37/><E46/><V107/><F11/><W83/><G114/><T16/><D16/><U60/><E37/><V20/><F19/><N who="3" m="10751" /><G39/><T1/><D1/><U84/><E84/><V5/><F5/><W77/><G85/><T31/><D31/><U134/><E134/><V94/><F14/><W54/><G40/><AGARI ba="1,2" hai="40,44,50,53,56,60,64,66" m="41545,24055" machi="40" ten="30,3900,0" yaku="14,1,34,2" doraHai="12" who="1" fromWho="3" sc="220,0,240,62,314,0,206,-42" /><INIT seed="3,0,0,0,3,117" ten="220,302,314,164" oya="3" hai0="77,98,32,67,70,26,29,87,42,13,104,22,97" hai1="84,39,28,105,64,38,126,133,89,114,127,50,11" hai2="66,91,25,0,41,46,6,53,118,125,109,85,120" hai3="74,51,93,116,110,44,130,30,12,57,15,123,27"/><W8/><G116/><T100/><D97/><U52/><E114/><V36/><F118/><W101/><G130/><T62/><D42/><U107/><E133/><V122/><F109/><W106/><G106/><N who="1" m="40458" /><E28/><V119/><F119/><W96/><G74/><T128/><D128/><U132/><E11/><N who="2" m="2503" /><F66/><W5/><G110/><T58/><D58/><N who="1" m="33047" /><E64/><V79/><F79/><W56/><G15/><T124/><D124/><N who="1" m="47659" /><E132/><V88/><F125/><W75/><G75/><T45/><D45/><U92/><AGARI ba="0,0" hai="38,39,84,89,92" m="47659,33047,40458" machi="92" ten="30,2000,0" yaku="18,1,54,1" doraHai="117" who="1" fromWho="1" sc="220,-5,302,20,314,-5,164,-10" owari="215,-18.5,322,42.2,309,10.9,154,-34.6" /></mjloggm>