<mjloggm ver="2.3"><GO type="225" lobby="0"/><UN n0="%E3%81%82%E3%81%84%E3%81%82%E3%81%8A%E3%81%84" n1="%6D%75%75%6D%75%72%61" n2="%E3%81%AF%E3%82%88%E3%81%8A%E3%81%98%E3%81%95%E3%82%93" n3="%E3%82%82%E3%81%90%E3%82%89" dan="18,16,16,16" rate="2237.24,2147.24,2095.75,2211.22" sx="M,F,M,M"/><TAIKYOKU oya="0"/><INIT seed="0,0,0,1,1,102" ten="250,250,250,250" oya="0" hai0="57,92,31,72,60,54,95,39,34,77,88,16,118" hai1="87,131,78,115,105,84,99,75,44,18,47,124,45" hai2="109,4,82,130,113,25,0,65,96,100,40,64,35" hai3="116,20,89,81,48,76,52,63,15,24,55,83,122"/><T103/><D118/><U42/><E131/><V7/><F113/><W50/><G116/><T9/><D39/><U119/><E119/><V80/><F130/><W110/><G110/><T68/><D68/><U121/><E121/><V5/><F109/><W134/><G134/><T8/><D72/><U67/><E115/><V11/><F40/><W133/><G133/><T53/><D77/><U32/><E32/><V59/><F0/><W14/><G122/><T126/><D126/><U2/><E2/><V51/><F11/><W135/><G89/><T107/><D107/><U128/><E128/><V111/><F111/><W12/><G135/><T106/><D106/><U36/><E124/><V1/><F1/><W30/><G63/><T21/><D54/><U104/><E67/><N who="2" m="25675" /><F35/><W23/><G23/><T46/><D46/><U93/><E75/><V120/><F25/><W6/><G6/><T90/><D103/><U41/><E18/><V29/><F29/><W58/><REACH who="3" step="1"/><G76/><REACH who="3" ten="250,250,250,240" step="2"/><T37/><D34/><U69/><E78/><V94/><F120/><W91/><G91/><T129/><D129/><U112/><E69/><V86/><F4/><W125/><G125/><T79/><D79/><U108/><E108/><V123/><F123/><W43/><G43/><T101/><D90/><U71/><E71/><V85/><F5/><W13/><N who="3" m="3072" /><DORA hai="117" /><W73/><G73/><T61/><D88/><N who="1" m="55719" /><E112/><V22/><F7/><W56/><AGARI ba="0,1" hai="20,24,30,48,50,52,55,56,58,81,83" m="3072" machi="56" ten="40,8000,1" yaku="1,1,0,1,9,1,8,1,54,1,53,0" doraHai="102,117" doraHaiUra="66,38" who="3" fromWho="3" sc="250,-40,250,-20,250,-20,240,90" /><INIT seed="1,0,0,0,1,89" ten="210,230,230,330" oya="1" hai0="38,93,104,36,106,10,85,44,25,60,30,61,88" hai1="66,123,19,124,52,132,0,99,108,130,24,63,115" hai2="113,58,62,125,133,14,81,75,70,7,56,84,128" hai3="23,118,12,15,53,1,86,16,48,72,102,127,119"/><U59/><E115/><V76/><F113/><W13/><G72/><T5/><D104/><U8/><E123/><V69/><F125/><W90/><G1/><T40/><D106/><U110/><E124/><V47/><F128/><W103/><G127/><T111/><D38/><U96/><E130/><V57/><F133/><W46/><G119/><T65/><D65/><U91/><E132/><V4/><F75/><W45/><G45/><T55/><D55/><U129/><E129/><V95/><F47/><W39/><G39/><T83/><D83/><U67/><E24/><V134/><F134/><W33/><G33/><T82/><D82/><U109/><E19/><V32/><F32/><W120/><G120/><T117/><D117/><U28/><E28/><V34/><F34/><W37/><G37/><T116/><D116/><U21/><E21/><V73/><F62/><W121/><G121/><T26/><D111/><U79/><E79/><V35/><F35/><W74/><G74/><T54/><D30/><U92/><E99/><V18/><F70/><W50/><G50/><T77/><D77/><U29/><E29/><V41/><F69/><W49/><G49/><T68/><D61/><U97/><E97/><V105/><F41/><W126/><G126/><T107/><D107/><U22/><E22/><N who="2" m="11607" /><F105/><W114/><G114/><T3/><REACH who="0" step="1"/><D68/><REACH who="0" ten="200,230,230,330" step="2"/><U135/><E135/><V131/><F131/><W20/><G118/><T80/><D80/><U64/><E67/><V43/><F43/><W51/><G51/><T27/><D27/><U101/><E66/><V78/><F76/><W17/><G13/><RYUUKYOKU ba="0,1" sc="200,10,230,-30,230,10,330,10" hai0="3,5,10,25,26,36,40,44,54,60,85,88,93" hai2="4,7,56,57,58,73,78,81,84,95" hai3="12,15,16,17,20,23,46,48,53,86,90,102,103" /><INIT seed="2,1,1,1,5,135" ten="210,200,240,340" oya="2" hai0="76,123,0,5,119,12,91,134,60,65,84,25,104" hai1="124,121,3,75,69,102,45,97,73,94,53,115,132" hai2="106,79,128,33,47,15,42,126,66,118,7,92,107" hai3="6,72,38,122,28,40,36,110,58,56,101,49,71"/><V18/><F118/><W68/><G72/><T11/><D123/><U57/><E115/><V32/><F7/><W20/><G6/><T54/><D134/><U78/><E132/><V26/><F128/><W109/><G28/><T120/><D120/><U111/><E121/><V86/><F66/><W88/><G101/><T133/><D133/><U21/><E69/><N who="3" m="26698" /><G20/><T81/><D104/><U29/><E111/><N who="3" m="42506" /><G88/><T63/><D119/><U82/><E3/><V9/><F106/><W113/><G113/><T105/><D105/><U67/><E67/><V48/><F107/><W61/><G122/><T43/><D65/><U44/><E75/><V62/><F62/><W17/><G17/><T127/><D63/><U4/><E124/><V24/><F126/><W30/><G30/><T89/><D127/><U1/><E4/><V74/><F74/><W8/><G8/><T103/><D103/><U51/><REACH who="1" step="1"/><E1/><REACH who="1" ten="210,190,240,340" step="2"/><V41/><F32/><W100/><G100/><T90/><D0/><U116/><E116/><V85/><F33/><W131/><G131/><T130/><D130/><U95/><E95/><V112/><F112/><W64/><G40/><T55/><D43/><U93/><E93/><V23/><F42/><W34/><G34/><T108/><D108/><U125/><E125/><V22/><F92/><W98/><G98/><T59/><D55/><AGARI ba="1,2" hai="36,38,49,55,56,58,61,64" m="42506,26698" machi="55" ten="30,3900,0" yaku="14,1,34,2" doraHai="135" who="3" fromWho="0" sc="210,-42,190,0,240,0,340,62" /><INIT seed="3,0,0,0,4,19" ten="168,190,240,402" oya="3" hai0="29,62,40,44,10,64,66,131,69,128,84,26,37" hai1="24,90,88,117,113,5,96,53,124,120,12,11,93" hai2="34,111,107,46,106,99,104,25,2,57,108,45,135" hai3="6,115,100,71,77,67,103,85,49,3,130,28,82"/><W60/><G115/><T22/><D66/><U9/><E113/><V121/><F2/><W134/><G130/><T102/><D102/><U33/><E120/><V32/><F135/><W43/><G134/><T132/><D132/><U114/><E114/><V35/><F57/><W74/><G28/><T41/><D41/><U112/><E112/><V39/><F25/><W119/><G74/><T105/><D105/><U56/><E124/><V23/><F23/><W14/><G3/><T8/><REACH who="0" step="1"/><D84/><REACH who="0" ten="158,190,240,402" step="2"/><U38/><E117/><V59/><F106/><W94/><G119/><T118/><D118/><U27/><E38/><V127/><F107/><W61/><G103/><T133/><D133/><U51/><E33/><V13/><F39/><W58/><G67/><T125/><D125/><U110/><E110/><V65/><F65/><W123/><G43/><T50/><D50/><U79/><E79/><V0/><F104/><W7/><G85/><T98/><D98/><U18/><E90/><V116/><F34/><W72/><G49/><T1/><D1/><AGARI ba="0,1" hai="1,5,9,11,12,18,24,27,51,53,56,88,93,96" machi="1" ten="30,2000,0" yaku="7,1,54,1" doraHai="19" who="1" fromWho="0" sc="158,-20,190,30,240,0,402,0" owari="138,-36.2,220,-18.0,240,4.0,402,50.2" /></mjloggm>