<mjloggm ver="2.3"><GO type="225" lobby="0"/><UN n0="%E6%B4%BE%E9%81%A3%E3%81%AE%E3%82%B8%E3%83%A3%E3%83%83%E3%82%AF" n1="%E8%81%B7%E6%A5%AD%E3%80%81%E9%A2%A8%32" n2="%E3%82%BC%E3%83%AB%E3%83%80%E3%81%AE%E4%BC%9D%E8%AA%AC" n3="%E6%A0%B9%E5%85%83%E3%81%8B%E3%82%89%E5%90%B9%E3%81%A3%E9%A3%9B%E3%81%B6" dan="16,16,16,17" rate="2154.07,2144.88,2149.87,2195.65" sx="M,M,M,F"/><TAIKYOKU oya="0"/><INIT seed="0,0,0,5,2,113" ten="250,250,250,250" oya="0" hai0="69,35,28,8,39,15,128,49,126,12,37,40,57" hai1="129,101,93,81,96,124,50,75,115,26,3,68,78" hai2="20,31,109,97,114,32,38,18,46,130,99,52,87" hai3="74,1,54,61,34,105,118,91,76,13,135,25,16"/><T120/><D69/><U71/><E3/><V121/><F114/><W24/><G1/><T4/><D120/><U98/><E115/><V133/><F121/><W58/><G135/><T66/><D126/><U11/><E129/><V83/><F130/><W22/><G105/><T100/><D128/><U132/><E124/><V122/><F122/><W2/><G2/><T21/><D35/><U108/><E132/><V48/><F133/><W44/><G74/><T111/><D111/><U41/><E108/><V27/><F38/><W80/><G34/><T125/><D125/><U33/><E11/><V116/><F116/><W51/><G118/><T112/><D112/><U103/><E41/><V82/><F109/><W53/><REACH who="3" step="1"/><G91/><REACH who="3" ten="250,250,250,240" step="2"/><T102/><D102/><U7/><E33/><V60/><F60/><W84/><AGARI ba="0,1" hai="13,16,22,24,25,44,51,53,54,58,61,76,80,84" machi="84" ten="20,12000,2" yaku="1,1,2,1,0,1,7,1,8,1,54,1,53,1" doraHai="113" doraHaiUra="14" who="3" fromWho="3" sc="250,-60,250,-30,250,-30,240,130" /><INIT seed="1,0,0,5,3,100" ten="190,220,220,370" oya="1" hai0="21,32,74,7,116,108,54,61,39,127,117,13,18" hai1="23,79,20,101,19,71,91,81,67,4,37,123,119" hai2="87,29,132,38,102,66,9,51,8,57,0,69,36" hai3="68,129,120,46,96,121,75,80,28,70,3,2,43"/><U45/><E123/><N who="3" m="47178" /><G96/><T134/><D74/><U131/><E119/><V135/><F29/><W89/><G89/><T25/><D39/><U52/><E131/><V90/><F69/><N who="3" m="26731" /><G28/><T126/><D54/><U64/><E4/><V125/><F125/><N who="0" m="47626" /><D61/><U1/><E1/><V77/><F77/><W31/><G31/><N who="0" m="19567" /><D108/><U11/><E101/><V93/><F102/><W83/><G83/><T16/><D134/><N who="2" m="51242" /><F51/><W59/><G59/><T12/><D7/><U92/><E71/><V10/><F0/><W15/><G15/><T47/><D47/><U22/><E37/><V48/><F48/><W78/><G129/><T112/><D112/><U118/><E118/><V35/><F35/><W82/><G82/><T17/><D17/><U27/><E81/><V44/><F44/><W26/><G26/><T104/><D104/><U122/><E27/><V53/><F53/><W111/><G111/><T133/><D133/><U62/><E122/><V40/><F40/><W65/><G65/><T105/><D105/><U86/><E45/><V14/><F14/><W60/><G60/><AGARI ba="0,0" hai="8,9,10,36,38,57,60,66,87,90,93" m="51242" machi="60" ten="30,1000,0" yaku="20,1" doraHai="100" who="2" fromWho="3" sc="190,0,220,0,220,10,370,-10" /><INIT seed="2,0,0,3,2,121" ten="190,220,230,360" oya="2" hai0="134,70,101,87,103,128,4,68,62,60,16,94,107" hai1="132,21,90,99,108,57,49,97,91,133,23,28,15" hai2="104,85,76,66,92,93,18,118,69,20,40,73,30" hai3="88,17,6,14,82,25,39,35,34,95,119,64,56"/><V89/><F118/><W32/><G39/><T50/><D4/><U27/><E57/><V26/><F104/><W84/><G119/><T48/><D128/><U42/><E42/><V51/><F73/><W116/><G116/><T109/><D134/><N who="1" m="51819" /><E49/><V13/><F76/><W36/><G36/><T47/><D107/><U63/><E63/><V100/><F69/><W46/><G46/><T115/><D115/><U3/><E3/><V124/><F124/><W55/><G64/><T31/><D31/><U58/><E58/><V81/><F66/><W105/><G105/><T7/><D7/><U24/><E15/><V11/><REACH who="2" step="1"/><F100/><REACH who="2" ten="190,220,220,360" step="2"/><W9/><G34/><T53/><D70/><U106/><E106/><V72/><F72/><W45/><G35/><T1/><D68/><U67/><E67/><V127/><F127/><W0/><G32/><T22/><D101/><U61/><E91/><V78/><F78/><W59/><G88/><N who="0" m="53535" /><D103/><U77/><E90/><V83/><F83/><W122/><G82/><T71/><D71/><U19/><E77/><V12/><F12/><W110/><G14/><N who="0" m="9495" /><D1/><U98/><E24/><V126/><F126/><W111/><G25/><T114/><D114/><U37/><E27/><V74/><F74/><W130/><G0/><T10/><D10/><U112/><E23/><V125/><F125/><W38/><G9/><T8/><D8/><U75/><E21/><V102/><F102/><W41/><G122/><T2/><D2/><U43/><E75/><V135/><F135/><W86/><G130/><T29/><D29/><U52/><E28/><V33/><F33/><RYUUKYOKU ba="0,1" sc="190,-10,220,-10,220,30,360,-10" hai2="11,13,18,20,26,30,40,51,81,85,89,92,93" /><INIT seed="2,1,1,5,3,101" ten="180,210,250,350" oya="2" hai0="71,82,97,73,120,34,86,6,135,107,36,67,37" hai1="68,50,38,85,53,47,41,102,95,76,54,87,72" hai2="106,5,66,61,84,43,31,17,19,49,105,110,94" hai3="40,64,42,125,9,29,77,99,132,23,111,74,100"/><V119/><F119/><W59/><G111/><T0/><D86/><U83/><E68/><V123/><F123/><W133/><G125/><T128/><D120/><U103/><E54/><V88/><F110/><W109/><G109/><T117/><D117/><U12/><E12/><V131/><F5/><W90/><G90/><T112/><D112/><U2/><E2/><V79/><F31/><W8/><G77/><N who="0" m="44335" /><D128/><U35/><E35/><V92/><F131/><W80/><G80/><T4/><D4/><U30/><E30/><V122/><F122/><W1/><G74/><T124/><D124/><U129/><E129/><V78/><F92/><N who="3" m="58471" /><G1/><T121/><D121/><U10/><E10/><V25/><F78/><W60/><G40/><T48/><D48/><U118/><E118/><V28/><F79/><W33/><G33/><T24/><D135/><U63/><E63/><V98/><F49/><W91/><G91/><T62/><D6/><U27/><E27/><V65/><F43/><W55/><G55/><T130/><D0/><U44/><E72/><V16/><F84/><W11/><G42/><T81/><D81/><U46/><E46/><V126/><F126/><W134/><G133/><T113/><D113/><U18/><E18/><V75/><F75/><W108/><G108/><T89/><D130/><U57/><E47/><V56/><REACH who="2" step="1"/><F66/><REACH who="2" ten="180,210,240,350" step="2"/><W45/><G134/><T3/><D3/><U69/><E87/><V7/><F7/><W14/><G132/><T96/><D96/><U21/><E85/><V93/><F93/><W114/><G114/><T32/><D67/><U104/><E95/><RYUUKYOKU ba="1,2" sc="180,-10,210,-10,240,30,350,-10" hai2="16,17,19,25,28,56,61,65,88,94,98,105,106" /><INIT seed="2,2,2,3,5,43" ten="170,200,270,340" oya="2" hai0="101,3,89,52,30,104,20,68,84,22,29,97,95" hai1="6,135,19,116,24,98,91,83,118,93,27,66,49" hai2="55,109,46,57,119,113,36,107,110,81,37,128,122" hai3="64,134,8,112,10,32,130,33,16,90,38,70,88"/><V86/><F107/><W133/><G38/><T54/><D3/><U96/><E135/><N who="3" m="51722" /><G130/><T87/><D68/><U74/><E66/><V78/><F113/><W92/><G112/><T26/><REACH who="0" step="1"/><D87/><REACH who="0" ten="160,200,270,340" step="2"/><U124/><E74/><V60/><F128/><W40/><G70/><T51/><D51/><U56/><E124/><V42/><F122/><W106/><G33/><T73/><D73/><U61/><E118/><V111/><F119/><W47/><G32/><T45/><D45/><U125/><E125/><V12/><F12/><W108/><G47/><T28/><D28/><U76/><E49/><AGARI ba="2,3" hai="36,37,42,46,49,55,57,60,78,81,86,109,110,111" machi="49" ten="40,7700,0" yaku="14,1,10,1,52,1" doraHai="43" who="2" fromWho="1" sc="160,0,200,-83,270,113,340,0" /><INIT seed="2,3,0,3,5,56" ten="160,117,383,340" oya="2" hai0="93,41,76,118,45,37,108,102,30,19,83,131,38" hai1="122,39,110,25,130,49,0,60,119,72,28,54,103" hai2="43,26,62,15,115,33,86,125,59,27,32,61,97" hai3="127,112,106,50,92,34,82,85,13,132,88,104,69"/><V94/><F115/><W78/><G34/><T7/><D108/><U116/><E110/><V114/><F114/><W79/><G69/><T107/><D131/><U126/><E39/><V100/><F125/><W124/><G50/><T98/><D118/><U51/><E130/><V5/><F32/><W10/><G112/><T66/><D19/><U91/><E72/><V133/><F133/><W123/><G123/><T99/><D30/><U128/><E128/><V35/><F35/><W12/><G12/><T65/><D38/><U17/><E0/><V105/><F33/><W96/><G132/><T46/><D46/><U2/><E2/><V8/><F43/><W58/><G58/><T21/><D21/><N who="1" m="13487" /><E126/><N who="3" m="48170" /><G13/><T64/><D7/><U1/><E1/><V52/><REACH who="2" step="1"/><F62/><REACH who="2" ten="160,117,373,340" step="2"/><W63/><G63/><T80/><REACH who="0" step="1"/><D76/><REACH who="0" ten="150,117,373,340" step="2"/><U47/><E122/><V71/><F71/><W44/><G78/><T40/><D40/><U90/><E119/><V109/><F109/><W134/><G134/><T101/><AGARI ba="3,2" hai="37,41,45,64,65,66,80,83,93,98,99,101,102,107" machi="101" ten="30,2000,0" yaku="1,1,0,1,53,0" doraHai="56" doraHaiUra="129" who="0" fromWho="0" sc="150,49,117,-8,373,-13,340,-8" /><INIT seed="3,0,0,2,5,76" ten="199,109,360,332" oya="3" hai0="80,85,109,38,19,44,48,49,24,126,130,55,35" hai1="90,26,30,53,115,1,64,101,5,84,71,6,9" hai2="102,16,113,7,91,58,100,12,3,28,82,95,114" hai3="61,33,74,62,8,57,69,25,112,86,94,31,23"/><W122/><G112/><T2/><D2/><U129/><E129/><V96/><F3/><W65/><G122/><T119/><D119/><U116/><E116/><V135/><F135/><W93/><G74/><T117/><D117/><U97/><E115/><V43/><F114/><W63/><G8/><T60/><D38/><U68/><E64/><V78/><F113/><W75/><G75/><T42/><D109/><U22/><E6/><V41/><F28/><W51/><G33/><T46/><D126/><U20/><E53/><V59/><F7/><W125/><G125/><T34/><D130/><U27/><E97/><V14/><F14/><W104/><G104/><T13/><D60/><N who="3" m="23145" /><G69/><T99/><D99/><U123/><E101/><N who="2" m="39019" /><F78/><W111/><G111/><T127/><D24/><U131/><E123/><V56/><F82/><W67/><G67/><T108/><D108/><U54/><E131/><V92/><F92/><N who="3" m="35435" /><G51/><T40/><D127/><U66/><E66/><V134/><F134/><W88/><G86/><T106/><D106/><U50/><E50/><V120/><F120/><W39/><G39/><T124/><D124/><U98/><E98/><V81/><F81/><W79/><G79/><N who="0" m="46239" /><D55/><U110/><E54/><V32/><F32/><W118/><G118/><T107/><D107/><U37/><E37/><V103/><N who="2" m="39027" /><V21/><AGARI ba="0,0" hai="12,16,21,41,43,56,58,59,91,95,96" m="39027" machi="21" ten="40,5200,0" yaku="4,1,8,1,54,1" doraHai="76" who="2" fromWho="2" sc="199,-13,109,-13,360,52,332,-26" owari="186,-21.4,96,-40.4,412,51.2,306,10.6" /></mjloggm>