<mjloggm ver="2.3"><GO type="225" lobby="0"/><UN n0="%E6%9D%B1%E9%A2%A8%E3%81%AE%E3%81%8D%E3%82%83%E3%81%B7%E3%81%95%E3%82%93" n1="%72%69%6F%75%63%68%61%6E" n2="%E6%B8%A9%E2%98%85%E6%83%85%E2%98%85%E6%8E%AA%E2%98%85%E7%BD%AE" n3="%E3%81%99%E3%81%84%E3%81%BE%E3%81%9B%E3%83%BC%E3%82%93" dan="16,16,17,18" rate="2157.12,2198.77,2136.42,2185.92" sx="M,M,M,M"/><TAIKYOKU oya="0"/><INIT seed="0,0,0,5,3,8" ten="250,250,250,250" oya="0" hai0="80,115,68,41,135,1,4,56,31,78,121,5,0" hai1="104,101,83,50,6,60,133,62,34,30,100,96,51" hai2="131,15,128,107,28,26,14,113,35,17,114,11,52" hai3="48,33,129,108,54,132,64,58,102,42,20,70,134"/><T39/><D121/><U89/><E133/><N who="3" m="51306" /><G33/><T24/><D56/><U32/><E101/><V7/><F107/><W119/><G102/><T40/><D135/><U94/><E6/><V73/><F73/><W112/><G20/><T125/><D115/><N who="2" m="44042" /><F52/><N who="3" m="32007" /><G112/><T47/><D125/><U18/><E83/><V126/><F126/><W29/><G29/><T66/><D40/><U79/><E79/><V43/><F43/><W116/><G129/><N who="2" m="49737" /><F17/><W74/><G74/><N who="0" m="43095" /><D5/><U63/><E18/><V25/><F25/><W118/><G54/><T93/><D93/><U106/><E104/><V45/><F45/><W9/><G9/><N who="0" m="2183" /><D1/><AGARI ba="0,0" hai="1,7,11,14,15,26,28,35" m="49737,44042" machi="1" ten="30,8000,1" yaku="19,1,34,2,52,2" doraHai="8" who="2" fromWho="0" sc="250,-80,250,0,250,80,250,0" /><INIT seed="1,0,0,2,2,118" ten="170,250,330,250" oya="1" hai0="35,47,48,34,24,55,60,32,93,97,134,14,76" hai1="51,45,102,18,122,82,125,64,13,1,120,135,4" hai2="44,26,31,40,116,77,101,43,106,130,107,92,74" hai3="20,19,7,114,10,23,6,104,25,83,53,121,42"/><U38/><E125/><V117/><F130/><W87/><G114/><T8/><D134/><U58/><E135/><V0/><F0/><W119/><G119/><T15/><D76/><U73/><E102/><V105/><F92/><W70/><G104/><T67/><D24/><U22/><E64/><V54/><F54/><W2/><G121/><T94/><D15/><U108/><E58/><V62/><F62/><W79/><G70/><T50/><D50/><U100/><E108/><V56/><F56/><W129/><G129/><T5/><REACH who="0" step="1"/><D97/><REACH who="0" ten="160,250,330,250" step="2"/><U46/><E51/><V36/><F117/><W111/><G25/><T68/><AGARI ba="0,1" hai="5,8,14,32,34,35,47,48,55,60,67,68,93,94" machi="68" ten="30,4000,0" yaku="1,1,2,1,0,1,53,0" doraHai="118" doraHaiUra="126" who="0" fromWho="0" sc="160,50,250,-20,330,-10,250,-10" /><INIT seed="2,0,0,3,4,133" ten="210,230,320,240" oya="2" hai0="103,75,81,54,112,126,74,92,132,88,7,102,23" hai1="1,45,76,4,53,59,109,9,19,15,50,100,116" hai2="8,111,3,5,128,31,107,84,27,25,67,117,22" hai3="35,32,97,62,41,108,124,55,61,80,6,73,21"/><V44/><F117/><W83/><G108/><T95/><D7/><U130/><E109/><V70/><F111/><W65/><G6/><T98/><D23/><U68/><E68/><V79/><F107/><W56/><G41/><T66/><D66/><U125/><E125/><V90/><F128/><W57/><G124/><T121/><D54/><U104/><E130/><V33/><F79/><W39/><G39/><T105/><D126/><U69/><E69/><V38/><F44/><W82/><G73/><N who="0" m="27659" /><D132/><U119/><E76/><V85/><F38/><W114/><G114/><T93/><D121/><U58/><E104/><V120/><F90/><W71/><G71/><T13/><D13/><U16/><E100/><V17/><REACH who="2" step="1"/><F120/><REACH who="2" ten="210,230,310,240" step="2"/><W0/><G0/><T49/><D112/><U99/><E119/><V37/><F37/><W29/><G97/><N who="0" m="61647" /><D49/><U113/><E116/><V52/><F52/><W10/><G55/><T43/><D43/><U127/><E127/><V12/><F12/><W28/><G62/><AGARI ba="0,1" hai="3,5,8,17,22,25,27,31,33,62,67,70,84,85" machi="62" ten="40,2000,0" yaku="1,1,53,0" doraHai="133" doraHaiUra="118" who="2" fromWho="3" sc="210,0,230,0,310,30,240,-20" /><INIT seed="2,1,0,1,5,92" ten="210,230,340,220" oya="2" hai0="100,39,98,86,122,88,101,46,73,55,78,8,47" hai1="57,31,67,28,106,5,21,80,66,107,3,135,40" hai2="43,112,13,53,44,117,34,61,102,29,38,128,64" hai3="45,74,42,127,77,108,130,36,124,120,6,126,90"/><V114/><F117/><W72/><G120/><T35/><D35/><U116/><E116/><V14/><F128/><W133/><G130/><T19/><D122/><U50/><E135/><V121/><F121/><W1/><G133/><T131/><D131/><U17/><E80/><V119/><F119/><W51/><G108/><T32/><D32/><U18/><E18/><V109/><F109/><W111/><G111/><T22/><D8/><U33/><E33/><V134/><F134/><W70/><G70/><T103/><D39/><U118/><E118/><V71/><F53/><W11/><G77/><T7/><D7/><U68/><E68/><V125/><F125/><W15/><G1/><T20/><D73/><N who="3" m="28265" /><G90/><T0/><D0/><U30/><E5/><V27/><REACH who="2" step="1"/><F102/><REACH who="2" ten="210,230,330,220" step="2"/><W25/><G25/><T95/><D55/><U96/><E67/><V2/><F2/><W75/><N who="3" m="28273" /><W52/><DORA hai="104" /><G52/><T89/><D78/><U37/><E66/><V48/><F48/><AGARI ba="1,1" hai="6,11,15,36,42,45,48,51,124,126,127" m="28273" machi="48" ten="50,8000,1" yaku="18,1,52,4" doraHai="92,104" who="3" fromWho="2" sc="210,0,230,0,330,-83,220,93" /><INIT seed="3,0,0,5,2,111" ten="210,230,247,313" oya="3" hai0="55,60,71,30,108,98,51,119,94,135,26,36,90" hai1="40,15,105,23,109,79,96,3,24,118,57,43,58" hai2="83,47,35,121,104,84,8,62,25,74,127,4,72" hai3="45,38,6,78,69,93,21,97,86,14,68,107,48"/><W41/><G38/><T132/><D108/><U20/><E3/><V42/><F104/><W101/><G107/><T130/><D36/><U80/><E109/><V114/><F114/><W89/><G69/><T7/><D7/><U81/><E118/><V5/><F5/><W11/><G68/><T65/><D119/><U134/><E134/><V9/><F9/><W16/><G78/><T117/><D117/><U52/><E105/><V33/><F62/><W77/><G77/><T73/><D73/><U53/><E96/><V110/><F110/><W18/><G21/><T99/><D99/><U19/><E58/><V88/><F127/><W95/><AGARI ba="0,0" hai="6,11,14,16,18,41,45,48,86,89,93,95,97,101" machi="95" ten="20,7800,0" yaku="0,1,7,1,8,1,54,1" doraHai="111" who="3" fromWho="3" sc="210,-26,230,-26,247,-26,313,78" owari="184,-31.6,204,-19.6,221,2.1,391,49.1" /></mjloggm>