<mjloggm ver="2.3"><GO type="225" lobby="0"/><UN n0="%E3%80%93%E3%81%97%E3%83%BC%E3%82%89%E3%80%93" n1="%E4%BF%BA%E3%81%A8%E5%A6%96%E5%A4%A2" n2="%E3%81%86%E3%81%A9%E3%82%93%E3%81%93" n3="%E4%BA%BA%E9%96%93%E3%83%81%E3%83%A3%E3%83%BC%E3%83%8F%E3%83%B3" dan="16,17,16,16" rate="2161.12,2172.40,2151.86,2082.60" sx="M,F,M,M"/><TAIKYOKU oya="0"/><INIT seed="0,0,0,4,0,88" ten="250,250,250,250" oya="0" hai0="12,5,129,26,17,113,27,57,109,84,1,60,25" hai1="22,93,46,19,58,9,37,104,134,48,128,106,116" hai2="50,90,122,29,126,100,135,7,101,130,108,98,4" hai3="53,91,81,102,28,79,67,115,70,30,41,71,75"/><T92/><D129/><U87/><E116/><V103/><F122/><W32/><G115/><T10/><D113/><U39/><E128/><V49/><F130/><W74/><G74/><T13/><D109/><U21/><E134/><V73/><F108/><W97/><G41/><T63/><D1/><U114/><E114/><V45/><F73/><W47/><G67/><T3/><D3/><U85/><E9/><V131/><F131/><W8/><G8/><T96/><D84/><U51/><E58/><V89/><F29/><W80/><G80/><T44/><D44/><U123/><E46/><V54/><F135/><W120/><G120/><T52/><D60/><U40/><E123/><V132/><F126/><W86/><G53/><T62/><D62/><U61/><E61/><V24/><F24/><N who="3" m="18439" /><G47/><T110/><D110/><U94/><E19/><V69/><F69/><W66/><G30/><T36/><D36/><U20/><E20/><V0/><F0/><W64/><G64/><T65/><D65/><U77/><E77/><V119/><F119/><W133/><G133/><T14/><D17/><U99/><E99/><V121/><F121/><W82/><G66/><T31/><D31/><U111/><E111/><V18/><F132/><W68/><G68/><T76/><D76/><U127/><E127/><V59/><F18/><W34/><G34/><T56/><D56/><U83/><E83/><V72/><F72/><W42/><G42/><AGARI ba="0,0" hai="21,22,37,39,40,42,48,51,85,87,93,94,104,106" machi="42" ten="25,6400,0" yaku="22,2,52,2" doraHai="88" who="1" fromWho="3" sc="250,0,250,64,250,0,250,-64" /><INIT seed="1,0,0,1,3,32" ten="250,314,250,186" oya="1" hai0="88,78,1,104,36,112,95,68,45,109,120,71,42" hai1="82,91,77,29,61,113,38,93,52,105,20,115,131" hai2="51,103,26,128,96,53,55,14,86,122,40,50,72" hai3="99,65,4,97,102,54,34,62,90,2,37,101,23"/><U59/><E105/><V16/><F72/><W81/><G34/><T5/><D112/><U13/><E38/><V7/><F122/><W94/><G37/><T129/><D104/><U21/><E131/><V121/><F121/><W85/><G23/><T111/><D120/><U133/><E133/><V33/><F128/><W92/><G54/><T119/><D78/><U12/><E113/><V19/><F40/><W49/><G49/><T83/><D83/><U31/><E115/><V127/><F86/><W46/><G46/><T79/><D79/><U135/><E135/><V89/><F89/><W108/><G108/><N who="0" m="41547" /><D119/><U60/><E60/><V132/><F127/><W63/><REACH who="3" step="1"/><G65/><REACH who="3" ten="250,314,250,176" step="2"/><T116/><D129/><U3/><E21/><N who="2" m="13607" /><F33/><W15/><G15/><T126/><D116/><U8/><E20/><N who="2" m="11383" /><F132/><W64/><G64/><T58/><D126/><U98/><E13/><V100/><F55/><W110/><G110/><T6/><D42/><U84/><REACH who="1" step="1"/><E3/><REACH who="1" ten="250,304,250,176" step="2"/><V39/><F39/><W47/><G47/><T0/><D45/><U134/><E134/><V44/><F44/><W117/><G117/><T24/><D36/><U22/><E22/><V76/><F51/><W11/><AGARI ba="0,2" hai="2,4,11,62,63,81,85,90,92,94,97,99,101,102" machi="11" ten="30,7900,0" yaku="1,1,0,1,9,1,52,1,53,0" doraHai="32" doraHaiUra="130" who="3" fromWho="3" sc="250,-20,304,-39,250,-20,176,99" /><INIT seed="2,0,0,3,1,14" ten="230,265,230,275" oya="2" hai0="71,61,64,43,36,134,104,3,45,47,48,91,57" hai1="66,133,75,117,27,65,17,80,55,39,28,125,119" hai2="49,13,22,54,122,67,73,94,132,51,58,128,15" hai3="96,9,126,83,72,2,42,25,68,99,93,95,41"/><V116/><F116/><W111/><G68/><T38/><D3/><U23/><E39/><V26/><F122/><W56/><G111/><T87/><D104/><U135/><E55/><V103/><F73/><W11/><G126/><T112/><D112/><U97/><E125/><V32/><F32/><W30/><G56/><T114/><D114/><U21/><E97/><N who="3" m="37450" /><G72/><T69/><D134/><N who="1" m="51211" /><E80/><V113/><F113/><W105/><G2/><T98/><D98/><U90/><E90/><V129/><F132/><W60/><G105/><T16/><D36/><U0/><E0/><V12/><F94/><N who="3" m="35851" /><G60/><T8/><D91/><U107/><E75/><V70/><F103/><W79/><G83/><T53/><REACH who="0" step="1"/><D87/><REACH who="0" ten="220,265,230,275" step="2"/><U37/><E107/><V62/><REACH who="2" step="1"/><F51/><REACH who="2" ten="220,265,220,275" step="2"/><W33/><G79/><T5/><D5/><U89/><E37/><V106/><F106/><W46/><G9/><T88/><D88/><U18/><E89/><V74/><F74/><W109/><G11/><T44/><D44/><U10/><E117/><V7/><F7/><W29/><G46/><T77/><D77/><U85/><E119/><V24/><F24/><W120/><G25/><T121/><D121/><U1/><E1/><V59/><F59/><W131/><G120/><T81/><D81/><U92/><E85/><V84/><F84/><W76/><G76/><T118/><D118/><U19/><E92/><V6/><F6/><W63/><G109/><T100/><D100/><U40/><E10/><V101/><F101/><W108/><G108/><T20/><D20/><U86/><E21/><V78/><F78/><W52/><G33/><RYUUKYOKU ba="0,2" sc="220,15,265,-15,220,15,275,-15" hai0="8,16,38,43,45,47,48,53,57,61,64,69,71" hai2="12,13,15,22,26,49,54,58,62,67,70,128,129" /><INIT seed="2,1,2,0,3,125" ten="235,250,235,260" oya="2" hai0="96,54,68,111,44,120,77,83,16,2,27,72,23" hai1="93,88,59,69,26,65,20,106,135,128,63,98,8" hai2="42,67,7,132,126,43,49,108,53,91,70,25,100" hai3="117,17,31,78,29,109,4,116,90,105,107,22,13"/><V60/><F126/><W14/><G78/><T123/><D111/><U121/><E135/><V127/><F127/><W48/><G109/><T133/><D133/><U94/><E121/><V5/><F132/><W129/><G129/><T12/><D2/><U58/><E106/><N who="3" m="40458" /><G48/><T45/><D68/><U134/><E134/><V1/><F108/><W52/><G90/><T101/><D45/><U6/><E94/><V56/><F100/><W64/><G64/><T30/><D54/><U61/><E61/><V84/><F25/><W19/><G22/><T10/><REACH who="0" step="1"/><D44/><REACH who="0" ten="225,250,235,260" step="2"/><U74/><E128/><V79/><F1/><W76/><G52/><T15/><D15/><N who="3" m="5641" /><G4/><T36/><D36/><U66/><E65/><V38/><F42/><W37/><G37/><T97/><D97/><U86/><E98/><V82/><F79/><W21/><G76/><T0/><D0/><U46/><E46/><AGARI ba="1,3" hai="5,7,38,43,46,49,53,56,60,67,70,82,84,91" machi="46" ten="40,3900,0" yaku="24,2" doraHai="125" who="2" fromWho="1" sc="225,0,250,-42,235,72,260,0" /><INIT seed="2,2,0,2,4,20" ten="225,208,307,260" oya="2" hai0="108,70,8,95,123,82,26,135,86,38,62,11,58" hai1="92,72,106,12,14,107,1,81,101,34,105,15,119" hai2="32,22,127,41,33,47,134,29,44,129,9,100,21" hai3="68,87,45,104,118,60,39,52,64,65,126,73,90"/><V113/><F113/><W35/><G118/><T128/><D38/><U96/><E119/><V77/><F100/><W42/><G73/><T19/><D70/><U109/><E1/><V132/><F77/><W16/><G104/><T133/><D123/><U66/><E109/><V110/><F110/><W76/><G35/><T103/><D108/><U61/><E34/><N who="2" m="13419" /><F129/><W13/><G76/><N who="0" m="46407" /><D128/><U5/><E72/><V63/><F127/><W97/><G126/><T69/><D69/><U75/><E75/><V121/><F121/><W40/><G97/><N who="0" m="59839" /><D26/><U84/><E5/><V3/><F63/><W31/><G31/><T79/><D19/><U131/><E131/><V2/><F9/><N who="3" m="6191" /><G39/><T55/><D79/><U115/><E115/><V18/><F29/><W36/><G36/><T71/><D71/><U111/><E111/><V124/><F124/><W88/><G90/><T10/><D135/><N who="2" m="51754" /><F22/><W49/><G65/><T0/><D0/><N who="2" m="42" /><F41/><W51/><G51/><T6/><D133/><U99/><E107/><V130/><F130/><W28/><G28/><T53/><D6/><U74/><E74/><V91/><F91/><W37/><G37/><T94/><D94/><U56/><REACH who="1" step="1"/><E96/><REACH who="1" ten="225,198,307,260" step="2"/><V83/><F83/><W102/><G102/><T98/><D98/><U24/><E24/><AGARI ba="2,1" hai="18,21,24,44,47" m="42,51754,13419" machi="24" ten="40,3900,0" yaku="20,1,52,1" doraHai="20" who="2" fromWho="1" sc="225,0,198,-45,307,55,260,0" /><INIT seed="2,3,0,2,5,31" ten="225,153,362,260" oya="2" hai0="104,117,11,66,134,59,67,129,101,77,5,87,19" hai1="12,130,39,21,122,63,79,32,61,119,128,13,96" hai2="131,45,2,82,58,8,46,3,126,123,23,47,94" hai3="92,113,43,53,127,83,78,40,14,1,7,90,93"/><V52/><F123/><W48/><G1/><T65/><D129/><N who="1" m="49771" /><E119/><V68/><F68/><W84/><G127/><T69/><D134/><U81/><E39/><V60/><F126/><W70/><G70/><T38/><D38/><U118/><E118/><V99/><F131/><W106/><G106/><T85/><D69/><U55/><E122/><V121/><F121/><W133/><G133/><T6/><D117/><U25/><E96/><V74/><F8/><N who="3" m="4383" /><G93/><T41/><D104/><U10/><E55/><V111/><F111/><W24/><G24/><T91/><D101/><U100/><E100/><V102/><REACH who="2" step="1"/><F23/><REACH who="2" ten="225,153,352,260" step="2"/><W109/><G109/><T120/><D120/><U95/><E21/><V72/><F72/><W34/><G34/><T22/><D11/><U49/><E10/><V33/><F33/><W36/><G113/><T75/><D75/><U37/><E32/><V9/><F9/><W50/><G36/><T110/><D110/><U56/><E37/><V26/><F26/><W80/><G80/><N who="0" m="47247" /><D5/><U71/><E71/><V42/><F42/><N who="3" m="15915" /><G53/><T76/><D41/><U103/><E81/><V62/><F62/><W27/><G27/><T73/><D6/><U108/><E108/><V114/><F114/><W16/><G16/><T29/><D19/><U116/><E116/><V135/><F135/><W86/><AGARI ba="3,1" hai="48,50,78,83,84,86,90,92" m="15915,4383" machi="86" ten="30,1100,0" yaku="8,1" doraHai="31" who="3" fromWho="3" sc="225,-6,153,-6,352,-8,260,30" /><INIT seed="3,0,0,5,4,6" ten="219,147,344,290" oya="3" hai0="133,131,103,43,36,90,63,19,75,119,126,89,11" hai1="104,113,105,51,24,7,0,12,93,83,128,29,16" hai2="60,101,121,116,91,56,68,13,69,9,44,8,31" hai3="57,1,109,18,81,112,125,94,30,76,40,71,64"/><W53/><G112/><T84/><D75/><U45/><E113/><V35/><F116/><W66/><G1/><T23/><D119/><U52/><E128/><V61/><F101/><W123/><G123/><T14/><D131/><U62/><E93/><V79/><F79/><W86/><G125/><T39/><D133/><U72/><E62/><V55/><F121/><W10/><G109/><T73/><D73/><U102/><E102/><V124/><F124/><W111/><G111/><T5/><D126/><U118/><E118/><V46/><F8/><W34/><G71/><T107/><D90/><U130/><E130/><V127/><F127/><W41/><G94/><T87/><D87/><U132/><E132/><V3/><F3/><W42/><G30/><T59/><D43/><U58/><E45/><V95/><F68/><W4/><G34/><T47/><D47/><N who="2" m="17962" /><F35/><W97/><G97/><T70/><D70/><U106/><E106/><V38/><F38/><W32/><G32/><T100/><D107/><U98/><E98/><N who="2" m="57727" /><F69/><W67/><G4/><T78/><D78/><U82/><E82/><V135/><F135/><W114/><G114/><T74/><D74/><U22/><E83/><V99/><F99/><W129/><G129/><T15/><D39/><U54/><E72/><V77/><F77/><W26/><G41/><T37/><D36/><U134/><E134/><V108/><F108/><W33/><G33/><T49/><D37/><U48/><E29/><V28/><F61/><N who="3" m="36015" /><G26/><T50/><D100/><U80/><E24/><V92/><F92/><W85/><G85/><T96/><D84/><RYUUKYOKU ba="0,0" sc="219,-15,147,-15,344,15,290,15" hai2="9,13,28,31,55,56,60" hai3="10,18,40,42,64,66,67,76,81,86" /><INIT seed="3,1,0,2,3,19" ten="204,132,359,305" oya="3" hai0="52,109,38,79,71,42,60,23,102,56,32,84,105" hai1="95,132,81,46,6,55,24,118,51,16,117,64,59" hai2="28,20,100,37,63,66,98,12,61,113,128,120,31" hai3="45,70,68,22,94,35,75,99,25,67,122,34,131"/><W93/><G122/><T10/><D32/><N who="3" m="12329" /><G99/><T14/><D109/><U83/><E132/><V13/><F113/><W119/><G45/><T111/><D111/><U103/><E6/><V41/><F120/><W125/><G67/><T77/><D71/><N who="3" m="27177" /><G75/><T110/><D110/><U80/><E103/><V76/><F76/><W43/><G43/><T53/><D42/><U130/><E130/><V3/><F3/><W8/><G8/><T4/><D38/><U5/><E5/><V33/><F33/><W0/><G0/><T50/><D105/><U127/><E127/><V92/><F128/><W29/><G131/><T17/><D84/><U40/><E95/><N who="3" m="36362" /><G25/><N who="0" m="14575" /><D102/><U15/><E64/><V114/><F114/><W47/><G47/><AGARI ba="1,0" hai="4,10,14,47,50,52,53,56,60,77,79" m="14575" machi="47" ten="30,3900,0" yaku="8,1,52,1,54,1" doraHai="19" who="0" fromWho="3" sc="204,42,132,0,359,0,305,-42" owari="246,-15.4,132,-36.8,359,45.9,263,6.3" /></mjloggm>