<mjloggm ver="2.3"><GO type="225" lobby="0"/><UN n0="%E7%AD%89%E3%80%85%E5%8A%9B%E5%8A%87%E5%A0%B4" n1="%E3%82%A2%E3%82%A4%E3%82%B9%E3%83%86%E3%82%A3%E3%83%BC%E3%81%82%E3%81%B9" n2="%72%69%6F%75%63%68%61%6E" n3="%72%61%6B%33" dan="16,16,16,18" rate="2136.35,2094.89,2135.48,2222.15" sx="M,M,M,M"/><TAIKYOKU oya="0"/><INIT seed="0,0,0,4,5,121" ten="250,250,250,250" oya="0" hai0="35,109,49,83,96,81,48,14,110,125,86,101,111" hai1="17,72,112,94,19,89,25,76,31,74,18,20,115" hai2="2,67,28,37,51,84,91,85,26,103,24,33,118" hai3="134,0,29,131,8,63,53,47,117,39,98,93,15"/><T77/><D35/><U55/><E55/><V4/><F37/><W56/><G117/><T23/><D125/><U9/><E9/><V64/><F118/><W10/><G131/><T102/><D83/><U45/><E45/><V100/><F85/><W71/><G134/><T99/><D99/><U13/><E13/><V44/><F26/><W46/><G29/><T60/><D60/><U27/><E25/><V132/><F132/><W116/><G116/><T11/><D23/><U36/><E36/><V41/><F100/><N who="0" m="38506" /><D96/><N who="1" m="57423" /><E76/><V106/><F103/><W34/><G34/><T128/><D128/><U52/><E52/><V92/><REACH who="2" step="1"/><F106/><REACH who="2" ten="250,250,240,250" step="2"/><W3/><G98/><T78/><D77/><U6/><E74/><V22/><F22/><W61/><G39/><T16/><AGARI ba="0,1" hai="11,14,16,48,49,78,81,86,109,110,111" m="38506" machi="16" ten="40,18000,2" yaku="14,1,10,1,52,3,54,1" doraHai="121" who="0" fromWho="0" sc="250,190,250,-60,240,-60,250,-60" /><INIT seed="0,1,0,5,5,70" ten="440,190,180,190" oya="0" hai0="115,123,113,112,82,51,101,118,102,5,116,49,105" hai1="59,77,106,97,87,109,12,16,132,7,30,85,64" hai2="95,91,23,121,127,71,72,75,3,15,86,69,13" hai3="131,130,38,103,47,26,135,63,125,52,57,20,14"/><T28/><D82/><U76/><E109/><V36/><F121/><W67/><G125/><T53/><D5/><U42/><E7/><V0/><F127/><W114/><G114/><T129/><D28/><U89/><E132/><V94/><F23/><W108/><G135/><T24/><D24/><U48/><E30/><V84/><REACH who="2" step="1"/><F91/><REACH who="2" ten="440,190,170,190" step="2"/><W92/><G108/><T11/><D123/><U19/><E89/><V22/><F22/><W58/><G20/><T93/><D113/><U107/><E76/><V27/><F27/><W79/><G26/><T134/><D115/><U81/><E77/><V8/><F8/><W2/><G79/><T33/><D11/><U31/><E31/><V119/><F119/><W65/><G131/><T122/><D112/><U126/><E126/><V120/><F120/><W74/><G130/><T10/><D129/><U133/><E133/><V41/><F41/><W21/><G21/><T124/><D10/><U35/><E42/><V50/><F50/><W90/><G90/><T54/><D124/><U73/><E48/><V4/><F4/><W1/><G1/><T88/><D134/><U18/><E18/><V40/><F40/><W110/><G2/><T39/><D122/><U68/><E16/><V111/><F111/><W83/><G110/><T17/><D17/><U43/><E19/><V96/><F96/><W37/><G14/><T98/><D118/><U60/><E97/><V45/><F45/><W128/><G47/><T62/><D116/><U25/><E12/><V117/><F117/><W46/><G128/><T100/><D88/><U9/><E25/><RYUUKYOKU ba="1,1" sc="440,-10,190,-10,170,30,190,-10" hai2="0,3,13,15,36,69,71,72,75,84,86,94,95" /><INIT seed="1,2,1,0,5,17" ten="430,180,200,180" oya="1" hai0="107,131,16,40,128,127,123,119,25,64,50,133,18" hai1="24,74,112,78,108,31,5,118,56,80,12,10,100" hai2="79,70,86,20,3,4,44,120,129,68,71,85,110" hai3="126,121,73,77,82,59,13,32,58,88,115,8,53"/><U116/><E112/><V34/><F120/><W75/><G115/><T106/><D119/><U33/><E108/><V101/><F34/><W55/><G121/><T90/><D123/><U54/><REACH who="1" step="1"/><E100/><REACH who="1" ten="430,170,200,180" step="2"/><V45/><F101/><W11/><G126/><T117/><D127/><U97/><E97/><V93/><F110/><W135/><G135/><T67/><D133/><U51/><AGARI ba="2,2" hai="5,10,12,24,31,33,51,54,56,74,78,80,116,118" machi="51" ten="20,7800,0" yaku="1,1,0,1,7,1,53,1" doraHai="17" doraHaiUra="0" who="1" fromWho="1" sc="430,-28,170,104,200,-28,180,-28" /><INIT seed="1,3,0,4,2,24" ten="402,274,172,152" oya="1" hai0="8,118,133,83,14,82,30,12,74,22,130,60,87" hai1="11,52,0,29,107,19,124,121,131,18,134,85,31" hai2="106,93,5,70,72,46,116,61,57,80,67,27,15" hai3="66,113,117,42,49,65,26,88,32,84,7,63,6"/><U135/><E107/><V20/><F116/><W58/><G113/><T50/><D118/><U53/><E121/><V28/><F106/><W105/><G105/><T120/><D133/><N who="1" m="50699" /><E124/><V109/><F109/><W16/><G117/><T94/><D130/><U55/><E131/><V100/><F70/><W36/><G36/><T23/><D120/><U68/><E68/><V76/><F46/><N who="3" m="25815" /><G32/><T91/><D74/><U95/><E0/><V90/><F100/><W56/><G56/><T71/><D71/><U9/><E19/><V86/><F15/><W38/><G66/><T13/><D8/><N who="1" m="3147" /><E18/><V62/><REACH who="2" step="1"/><F61/><REACH who="2" ten="402,274,162,152" step="2"/><W114/><G114/><T45/><D60/><U3/><E3/><V96/><F96/><W40/><G38/><T41/><D12/><U81/><E95/><V34/><F34/><W92/><G40/><T111/><D41/><U33/><E33/><V37/><F37/><W129/><G129/><T123/><D13/><U101/><E101/><V112/><F112/><W126/><G126/><T73/><D14/><U99/><E99/><V75/><F75/><W125/><G125/><T17/><D73/><U21/><E21/><AGARI ba="3,1" hai="6,7,16,21,26,58,63,65,84,88,92" m="25815" machi="21" ten="30,3900,0" yaku="8,1,54,2" doraHai="24" who="3" fromWho="1" sc="402,0,274,-48,162,0,152,58" /><INIT seed="2,0,0,2,0,87" ten="402,226,162,210" oya="2" hai0="47,45,85,129,104,1,102,96,16,99,114,123,116" hai1="75,63,113,81,64,94,125,121,43,53,59,32,62" hai2="25,33,9,50,128,105,107,46,42,58,13,35,118" hai3="135,27,55,57,54,12,0,78,7,22,21,119,111"/><V86/><F118/><W70/><G70/><T93/><D123/><U28/><E121/><V67/><F128/><W127/><G119/><T34/><D116/><U48/><E125/><V51/><F25/><W29/><G127/><T4/><D114/><U14/><E43/><V36/><F36/><W60/><G111/><T130/><D34/><U69/><E113/><V77/><F33/><W84/><G135/><T98/><D1/><U2/><E2/><V134/><F35/><W15/><G0/><T26/><D4/><U132/><E94/><V31/><F31/><W83/><G21/><N who="0" m="13607" /><D85/><U39/><E39/><V95/><F134/><W88/><G7/><T52/><D98/><U115/><E14/><N who="3" m="5162" /><G55/><T126/><D126/><U76/><E115/><V100/><F107/><W6/><G6/><T82/><D52/><U49/><REACH who="1" step="1"/><E132/><REACH who="1" ten="402,216,162,210" step="2"/><V110/><F105/><W41/><G41/><T79/><D104/><U73/><E73/><V74/><F74/><W30/><G30/><T10/><D130/><U122/><E122/><V97/><F110/><W19/><G29/><T8/><D129/><U65/><E65/><V108/><F108/><W91/><AGARI ba="0,1" hai="19,22,27,54,57,60,78,83,84,88,91" m="5162" machi="91" ten="30,7900,0" yaku="8,1,52,2,54,1" doraHai="87" who="3" fromWho="3" sc="402,-20,216,-20,162,-39,210,89" /><INIT seed="3,0,0,4,1,1" ten="382,196,123,299" oya="3" hai0="75,119,50,99,46,7,39,24,108,13,20,73,27" hai1="109,101,71,48,67,94,12,115,25,135,55,5,97" hai2="16,116,118,92,110,62,79,112,84,90,36,57,107" hai3="51,28,44,134,127,89,41,69,77,19,52,10,15"/><W47/><G127/><T125/><D119/><U117/><E117/><V133/><F112/><W114/><G114/><T18/><D39/><U91/><E109/><V64/><F133/><W85/><G134/><T132/><D132/><U129/><E135/><V26/><F110/><W74/><G69/><T122/><D108/><U130/><E115/><V123/><F123/><W9/><G74/><T100/><D122/><U81/><E25/><V53/><F107/><W58/><G77/><T40/><D125/><U43/><E43/><V63/><F36/><W106/><G106/><T93/><D27/><U111/><E111/><V105/><F105/><W131/><G131/><N who="1" m="50186" /><E67/><V0/><F0/><W32/><G32/><T14/><D14/><U31/><E31/><V2/><F2/><W4/><G28/><T80/><D80/><U21/><E71/><V33/><F33/><W88/><G47/><T66/><D66/><U22/><E5/><V96/><F79/><W95/><G89/><T124/><D124/><U42/><E12/><V103/><F84/><W104/><G104/><T30/><D7/><U59/><E42/><V76/><F103/><W126/><G126/><T82/><D82/><U6/><E6/><V98/><F98/><W83/><G83/><T45/><D46/><U56/><E56/><V86/><F86/><AGARI ba="0,0" hai="21,22,48,55,59,81,86,91,94,97,101" m="50186" machi="86" ten="30,1000,0" yaku="19,1" doraHai="1" who="1" fromWho="2" sc="382,0,196,10,123,-10,299,0" owari="382,48.2,206,-19.4,113,-38.7,299,9.9" /></mjloggm>