<mjloggm ver="2.3"><GO type="225" lobby="0"/><UN n0="%61%6D%65%6B%69" n1="%33%74%72%65%65" n2="%E5%B0%8F%E9%B3%A5%E9%81%8A%E7%B7%B4%E7%84%A1%32%31%E6%AD%B3" n3="%E3%82%B7%E3%83%B3%E5%A4%AA%E6%9C%97" dan="16,16,16,16" rate="2105.92,2119.61,2173.53,2160.00" sx="M,F,F,M"/><TAIKYOKU oya="0"/><INIT seed="0,0,0,2,2,90" ten="250,250,250,250" oya="0" hai0="26,76,50,44,109,20,40,14,24,33,64,86,117" hai1="110,27,126,120,88,11,63,94,122,111,70,25,46" hai2="12,32,116,97,81,37,77,106,30,135,61,103,104" hai3="48,73,62,131,29,134,108,34,9,52,55,75,87"/><T56/><D117/><U10/><E46/><V91/><F135/><W18/><G131/><T85/><D109/><N who="1" m="41483" /><E126/><V100/><F37/><W95/><G134/><T38/><D33/><U36/><E36/><V129/><F12/><W5/><G108/><T22/><D38/><U101/><E101/><V113/><F113/><W130/><G130/><T74/><D74/><U68/><E11/><V78/><F61/><W41/><G41/><T102/><D102/><N who="2" m="38954" /><F30/><W49/><G62/><N who="0" m="37959" /><D76/><N who="2" m="29290" /><F32/><W125/><G125/><T96/><D14/><U45/><E10/><V42/><F42/><W60/><G60/><T128/><D128/><U82/><E63/><V1/><F1/><W3/><G34/><T66/><D66/><U7/><E122/><V67/><F67/><W65/><G65/><T51/><D51/><U8/><E120/><V28/><F28/><W84/><G29/><N who="0" m="17543" /><D96/><N who="1" m="57415" /><E68/><V23/><F129/><W115/><G115/><T72/><D72/><U98/><E70/><V93/><F116/><W89/><G18/><AGARI ba="0,0" hai="18,22,26,40,44,50,85,86" m="17543,37959" machi="18" ten="30,1500,0" yaku="8,1" doraHai="90" who="0" fromWho="3" sc="250,15,250,0,250,0,250,-15" /><INIT seed="0,1,0,2,1,57" ten="265,250,250,235" oya="0" hai0="69,20,48,103,101,44,46,120,115,86,104,8,35" hai1="68,73,26,40,70,129,32,90,74,106,97,131,126" hai2="37,0,42,30,108,52,84,133,10,56,124,14,102" hai3="50,51,63,6,135,81,15,27,21,3,98,77,19"/><T116/><D69/><N who="1" m="26731" /><E90/><V119/><F108/><W105/><G135/><T23/><D35/><U28/><E40/><V118/><F0/><W111/><G111/><T114/><D120/><U130/><E126/><V83/><F133/><W76/><G3/><T18/><D116/><U91/><E91/><V94/><F30/><W25/><G77/><T45/><D48/><U89/><E89/><V59/><F124/><W78/><G76/><T121/><D121/><U107/><E97/><V134/><F56/><W96/><G27/><T117/><D117/><N who="2" m="44554" /><F134/><W53/><G50/><T92/><D8/><U79/><E79/><V65/><F42/><W54/><G105/><AGARI ba="1,0" hai="26,28,32,73,74,105,106,107,129,130,131" m="26731" machi="105" ten="40,2600,0" yaku="19,1,23,1" doraHai="57" who="1" fromWho="3" sc="265,0,250,29,250,0,235,-29" /><INIT seed="1,0,0,5,4,125" ten="265,279,250,206" oya="1" hai0="132,26,51,9,106,22,118,109,133,37,124,110,18" hai1="91,23,34,24,69,50,108,54,101,60,88,119,68" hai2="46,82,40,99,6,19,42,5,25,105,41,52,53" hai3="56,48,49,78,95,55,61,90,93,38,39,72,20"/><U65/><E119/><V135/><F135/><N who="0" m="51786" /><D37/><U120/><E120/><V76/><F105/><W1/><G1/><T71/><D71/><U89/><E108/><N who="0" m="41577" /><D106/><U45/><E101/><V15/><F99/><W80/><G95/><T7/><D51/><U27/><E34/><V58/><F25/><W128/><G128/><T112/><D124/><U96/><E96/><V77/><F46/><W21/><G48/><T30/><D112/><U64/><REACH who="1" step="1"/><E23/><REACH who="1" ten="265,269,250,206" step="2"/><V0/><F0/><W2/><G2/><N who="0" m="247" /><D118/><U107/><E107/><V43/><F43/><W94/><G21/><T84/><D84/><U115/><E115/><V75/><F76/><W103/><G20/><T116/><D116/><U111/><E111/><V57/><F41/><W10/><G103/><T122/><D122/><U36/><E36/><V73/><F40/><W67/><G10/><T16/><AGARI ba="0,1" hai="16,18,22,26,30" m="247,41577,51786" machi="16" ten="40,8000,1" yaku="20,1,14,1,34,2,54,1" doraHai="125" who="0" fromWho="0" sc="265,90,269,-40,250,-20,206,-20" /><INIT seed="2,0,0,4,4,1" ten="355,229,230,186" oya="2" hai0="27,9,99,72,92,106,58,65,42,46,98,128,69" hai1="122,36,77,49,88,10,59,31,43,82,68,103,22" hai2="33,91,14,135,51,100,78,35,4,89,41,20,3" hai3="12,2,39,48,61,26,8,50,115,114,71,5,120"/><V38/><F135/><W94/><G39/><T37/><D72/><U57/><E68/><V11/><F100/><W66/><G120/><T23/><D128/><U130/><E130/><V132/><F132/><W113/><G26/><T21/><D69/><U121/><E103/><V134/><F134/><W86/><REACH who="3" step="1"/><G2/><REACH who="3" ten="355,229,230,176" step="2"/><T25/><D25/><N who="1" m="16823" /><E121/><V55/><F38/><W64/><G64/><T97/><D27/><U119/><E36/><V6/><F35/><W60/><G60/><T45/><D65/><U7/><E122/><V133/><F33/><W67/><G67/><T110/><D37/><U47/><E119/><V109/><F133/><W112/><N who="3" m="28672" /><DORA hai="52" /><W17/><G17/><T30/><D30/><U83/><E77/><V44/><F78/><W96/><G96/><T70/><D99/><U93/><E7/><N who="2" m="3455" /><F3/><W85/><G85/><T34/><D98/><N who="1" m="57639" /><E10/><V126/><F4/><W84/><G84/><T108/><D9/><U81/><AGARI ba="0,1" hai="43,47,49,57,59,81,82,83" m="57639,16823" machi="81" ten="30,7900,0" yaku="8,1,52,2,54,1" doraHai="1,52" who="1" fromWho="1" sc="355,-20,229,89,230,-39,176,-20" /><INIT seed="3,0,0,3,4,134" ten="335,318,191,156" oya="3" hai0="0,26,48,52,67,16,21,20,129,97,115,77,29" hai1="23,6,5,82,133,125,12,107,113,44,103,36,25" hai2="34,56,31,42,126,87,79,95,127,135,106,121,72" hai3="122,105,111,85,58,114,132,57,37,61,59,54,18"/><W88/><G132/><T41/><D0/><U17/><E133/><V27/><F135/><W11/><G122/><T99/><D129/><U2/><E113/><V4/><F106/><W112/><G37/><T92/><D115/><U73/><E2/><V70/><F70/><W9/><G111/><T128/><D128/><U118/><E118/><V46/><F72/><W119/><G105/><T120/><D120/><U100/><E125/><N who="2" m="47627" /><F56/><W8/><G119/><T123/><D41/><U74/><E74/><V7/><F121/><W62/><G18/><T49/><D49/><U86/><E73/><V69/><F69/><W33/><G33/><T40/><D40/><U110/><E110/><V10/><F10/><W91/><G58/><N who="0" m="33031" /><D123/><U76/><E107/><V117/><F117/><W84/><G11/><T131/><D131/><U35/><E44/><V130/><F130/><W47/><G54/><T89/><D77/><U22/><E76/><V63/><F63/><W24/><G24/><N who="0" m="16519" /><D67/><U32/><E25/><V19/><F19/><W38/><REACH who="3" step="1"/><G38/><REACH who="3" ten="335,318,191,146" step="2"/><T30/><D16/><U83/><E36/><N who="2" m="21831" /><F95/><W15/><G15/><T104/><D104/><U68/><E12/><V66/><F66/><W1/><G1/><T65/><D65/><U98/><E17/><V90/><F4/><W64/><G64/><T124/><D124/><U96/><E5/><V14/><F14/><W39/><G39/><T101/><D26/><U102/><E6/><V75/><F7/><W108/><G108/><T78/><D30/><U93/><E68/><V81/><F75/><W50/><G50/><T71/><D71/><RYUUKYOKU ba="0,1" sc="335,-15,318,-15,191,15,146,15" hai2="27,31,34,79,81,87,90" hai3="8,9,47,57,59,61,62,84,85,88,91,112,114" /><INIT seed="3,1,1,1,5,1" ten="320,303,206,161" oya="3" hai0="11,103,12,127,124,89,78,135,96,129,69,90,54" hai1="105,21,0,48,34,106,20,40,84,38,87,55,134" hai2="115,27,7,128,30,32,41,63,31,56,113,5,15" hai3="108,100,16,83,68,37,64,62,29,95,26,47,118"/><W82/><G118/><T88/><D69/><U112/><E112/><N who="2" m="43083" /><F41/><W6/><G108/><T43/><D43/><U104/><E34/><N who="2" m="20831" /><F56/><W28/><G28/><T18/><D129/><U19/><E0/><V73/><F63/><W2/><G100/><T101/><D135/><U71/><E134/><V75/><F73/><W10/><G95/><T102/><D78/><U77/><E71/><V131/><F15/><W45/><G45/><T4/><D54/><U99/><E40/><V111/><F75/><W85/><G82/><T110/><D110/><U109/><E38/><V122/><F111/><W97/><G97/><T59/><D59/><U17/><E99/><V114/><F114/><W3/><G37/><T91/><D18/><U123/><E109/><V25/><F122/><W13/><G47/><T36/><D36/><U39/><E123/><V51/><F51/><W53/><G53/><T14/><D14/><U8/><E39/><V125/><F125/><N who="0" m="48202" /><D91/><U67/><E67/><V61/><F61/><W46/><G46/><T126/><D126/><U65/><E65/><V60/><F60/><W35/><REACH who="3" step="1"/><G16/><REACH who="3" ten="320,303,206,151" step="2"/><T44/><D44/><N who="1" m="28039" /><E17/><V130/><AGARI ba="1,2" hai="5,7,25,31,32,128,130,131" m="20831,43083" machi="130" ten="40,8000,1" yaku="19,1,34,2,52,2" doraHai="1" who="2" fromWho="2" sc="320,-21,303,-21,206,103,151,-41" owari="299,9.9,282,-11.8,309,40.9,110,-39.0" /></mjloggm>