<mjloggm ver="2.3"><GO type="225" lobby="0"/><UN n0="%33%74%72%65%65" n1="%E3%83%81%E3%83%AF%E3%83%AF%E9%9A%8A%E9%95%B7" n2="%E3%82%A2%E3%83%A1%E3%82%A2%E3%83%A9%E3%83%AC" n3="%E6%A1%9C%E8%8A%B1%E9%96%83%E3%80%85" dan="16,17,16,16" rate="2138.60,2135.81,2155.69,2194.94" sx="F,M,M,M"/><TAIKYOKU oya="0"/><INIT seed="0,0,0,2,3,58" ten="250,250,250,250" oya="0" hai0="56,67,112,84,55,101,27,82,130,26,121,114,51" hai1="64,124,100,38,65,43,69,125,99,93,22,77,83" hai2="48,123,79,17,116,50,81,98,4,78,6,95,60" hai3="85,63,10,119,32,66,30,68,45,106,40,62,2"/><T16/><D121/><U0/><E0/><V7/><F123/><W131/><G119/><T41/><D130/><U126/><E69/><V94/><F116/><W127/><G131/><T73/><D73/><U76/><E76/><V134/><F134/><W80/><G106/><T87/><D101/><U103/><E103/><V89/><F79/><W42/><G127/><T135/><D135/><U46/><REACH who="1" step="1"/><E22/><REACH who="1" ten="250,240,250,250" step="2"/><V88/><F78/><W113/><G2/><T20/><D114/><U105/><E105/><V59/><F81/><W23/><G23/><N who="0" m="13671" /><D112/><U28/><E28/><V52/><REACH who="2" step="1"/><F17/><REACH who="2" ten="250,240,240,250" step="2"/><W104/><G80/><T29/><D82/><U118/><E118/><V25/><F25/><W13/><G113/><T110/><D27/><U5/><E5/><V102/><F102/><W109/><G30/><T15/><D29/><U74/><AGARI ba="0,2" hai="38,43,46,64,65,74,77,83,93,99,100,124,125,126" machi="74" ten="30,7900,0" yaku="1,1,0,1,18,1,53,1" doraHai="58" doraHaiUra="36" who="1" fromWho="1" sc="250,-39,240,99,240,-20,250,-20" /><INIT seed="1,0,0,5,3,1" ten="211,339,220,230" oya="1" hai0="81,120,68,44,121,109,77,115,64,57,85,70,134" hai1="14,119,80,107,97,16,18,84,90,50,58,56,133" hai2="41,87,82,34,26,98,7,123,17,9,36,55,38" hai3="31,129,63,94,78,33,6,29,2,49,86,52,67"/><U11/><E119/><V104/><F123/><N who="0" m="47178" /><D115/><U76/><E133/><V35/><F104/><W101/><G129/><T66/><D134/><U122/><E122/><V43/><F98/><N who="3" m="59607" /><G33/><T113/><D113/><U72/><E18/><V54/><F17/><W46/><G2/><T135/><D135/><U131/><E131/><V20/><F20/><W37/><G37/><T102/><D109/><U75/><E75/><V116/><F9/><W48/><G48/><T3/><D3/><U40/><E40/><V0/><F0/><W114/><G114/><T62/><D102/><N who="1" m="62927" /><E50/><V69/><F26/><W132/><G132/><T51/><D66/><U99/><E99/><V105/><F105/><W5/><G63/><T79/><D79/><U32/><E32/><V125/><F41/><AGARI ba="0,0" hai="41,44,51,57,62,64,68,70,77,81,85" m="47178" machi="41" ten="30,1000,0" yaku="13,1" doraHai="1" who="0" fromWho="2" sc="211,10,339,0,220,-10,230,0" /><INIT seed="2,0,0,4,4,121" ten="221,339,210,230" oya="2" hai0="92,48,52,79,54,75,109,67,18,103,41,71,99" hai1="19,35,117,13,46,47,33,65,100,26,118,27,64" hai2="110,73,70,97,98,82,119,78,28,126,58,86,72" hai3="133,20,106,57,10,104,24,16,91,38,62,68,60"/><V59/><F119/><W3/><G38/><T124/><D109/><U120/><E100/><V53/><F70/><W9/><G133/><T66/><D124/><U63/><E120/><V90/><F126/><W30/><G68/><T23/><D75/><U105/><E13/><V125/><F125/><W89/><G62/><T116/><D116/><U55/><E63/><V128/><F128/><W56/><G56/><T95/><D79/><U44/><E19/><V101/><F110/><W39/><G39/><T127/><D127/><U93/><E93/><V94/><F28/><W96/><G3/><T130/><D92/><U111/><E111/><V5/><F5/><W45/><G45/><N who="0" m="25647" /><D71/><U74/><E44/><V129/><F59/><W36/><G36/><T50/><D130/><U29/><E29/><V21/><F21/><N who="3" m="15631" /><G104/><T135/><D135/><U0/><E105/><V115/><F129/><W15/><G106/><T51/><D50/><U88/><E0/><V34/><F34/><W61/><G61/><T43/><D43/><U14/><E14/><V25/><F25/><N who="3" m="14471" /><G96/><T77/><D51/><U37/><E37/><V80/><F58/><W11/><G15/><N who="0" m="9695" /><D67/><AGARI ba="0,0" hai="9,10,11,57,60,67,89,91" m="14471,15631" machi="67" ten="30,2000,0" yaku="8,1,54,1" doraHai="121" who="3" fromWho="0" sc="221,-20,339,0,210,0,230,20" /><INIT seed="3,0,0,5,5,77" ten="201,339,210,250" oya="3" hai0="131,107,125,53,34,89,47,64,49,7,88,16,86" hai1="83,32,87,4,13,67,46,71,11,17,117,134,84" hai2="54,103,75,78,80,91,99,44,35,2,26,28,66" hai3="51,130,52,98,102,41,48,69,42,118,109,1,132"/><W37/><G1/><T19/><D107/><U105/><E32/><V133/><F2/><W5/><G5/><T61/><D34/><U81/><E105/><V23/><F133/><W18/><G118/><T90/><D131/><U60/><E134/><V110/><F110/><W100/><G37/><T72/><D72/><U56/><E117/><V95/><F66/><W112/><G112/><T121/><D121/><U50/><E71/><V63/><F35/><W12/><G69/><T135/><D135/><U101/><E101/><V119/><F119/><W55/><G130/><T108/><D108/><U73/><E4/><V8/><F8/><W116/><G116/><T93/><D7/><U65/><E65/><V25/><F25/><W24/><G24/><T128/><D128/><U38/><E38/><V124/><F124/><W14/><G98/><N who="0" m="57639" /><D125/><U104/><E104/><V113/><F113/><W40/><G109/><T92/><D90/><U21/><E73/><V97/><F44/><N who="3" m="27751" /><G132/><T114/><D114/><U58/><E58/><AGARI ba="0,0" hai="16,19,47,49,53,58,61,64,86,89,92" m="57639" machi="58" ten="30,3900,0" yaku="8,1,54,2" doraHai="77" who="0" fromWho="1" sc="201,39,339,-39,210,0,250,0" owari="240,-16.0,300,40.0,210,-29.0,250,5.0" /></mjloggm>