<mjloggm ver="2.3"><GO type="225" lobby="0"/><UN n0="%E5%AE%AE%E4%BF%9D%E9%B6%8F%E8%82%89" n1="%E3%81%86%E3%82%8C%E3%81%9F%E3%82%93%E6%9E%95" n2="%E3%81%B2%E3%81%AA%E3%81%AE%E3%82%8A%E3%81%8F" n3="%4C%4F%4C%49%54%41" dan="16,16,16,16" rate="2127.11,2116.26,2191.69,2198.91" sx="M,F,M,F"/><TAIKYOKU oya="0"/><INIT seed="0,0,0,3,1,113" ten="250,250,250,250" oya="0" hai0="9,81,117,129,127,80,108,84,50,92,115,51,78" hai1="130,82,100,126,1,56,54,65,46,124,29,48,40" hai2="73,8,88,121,2,60,74,16,4,110,90,116,11" hai3="98,0,89,18,55,63,66,135,3,102,36,7,21"/><T76/><D115/><U32/><E1/><V58/><F121/><W17/><G36/><T71/><D129/><U6/><E6/><V61/><F110/><W25/><G135/><T27/><D127/><N who="1" m="48683" /><E100/><V106/><F106/><W52/><G89/><T104/><D104/><U62/><E82/><V44/><F44/><W72/><G72/><T128/><D128/><U94/><E94/><V15/><F116/><W70/><G17/><T118/><D71/><N who="1" m="42423" /><E29/><V45/><F45/><W12/><G0/><T26/><D92/><U33/><E130/><V112/><F112/><W105/><REACH who="3" step="1"/><G25/><REACH who="3" ten="250,250,250,240" step="2"/><T95/><D108/><U87/><E87/><V42/><F73/><W119/><G119/><T47/><D84/><U77/><E77/><V5/><F74/><W23/><G23/><T39/><D39/><AGARI ba="0,1" hai="32,33,39,40,46,48,54,56" m="42423,48683" machi="39" ten="30,2000,0" yaku="24,1,18,1" doraHai="113" who="1" fromWho="0" sc="250,-20,250,30,250,0,240,0" /><INIT seed="1,0,0,3,1,52" ten="230,280,250,240" oya="1" hai0="63,15,95,132,103,104,73,116,101,108,16,46,23" hai1="126,8,38,62,134,10,67,40,53,17,34,22,100" hai2="107,79,74,13,58,30,55,12,25,20,71,68,5" hai3="70,45,69,76,75,94,28,84,66,86,47,3,24"/><U91/><E34/><V78/><F107/><W57/><G3/><T36/><D116/><U27/><E126/><V21/><F71/><W2/><G2/><T48/><D36/><U93/><E134/><V19/><F68/><W51/><G75/><T54/><D73/><U44/><E100/><V42/><F42/><W99/><G69/><T88/><D104/><U50/><E67/><V112/><F112/><W123/><G70/><T106/><D106/><U117/><E117/><V31/><F31/><W64/><G123/><T7/><D108/><U127/><E127/><V85/><F74/><W125/><G47/><T11/><D63/><U9/><E62/><N who="2" m="36191" /><F85/><W102/><G86/><T110/><D110/><U87/><REACH who="1" step="1"/><E38/><REACH who="1" ten="230,270,250,240" step="2"/><V90/><F90/><W65/><G125/><T113/><D132/><U97/><E97/><V37/><F37/><W33/><G76/><T105/><D113/><U56/><E56/><V61/><F61/><W98/><G99/><N who="0" m="57831" /><D105/><U80/><E80/><V6/><F6/><W82/><G82/><T129/><D129/><U115/><E115/><V111/><F111/><W120/><G120/><T122/><D122/><U43/><AGARI ba="0,1" hai="8,9,10,17,22,27,40,43,44,50,53,87,91,93" machi="43" ten="30,6000,0" yaku="1,1,0,1,8,1,53,0" doraHai="52" doraHaiUra="26" who="1" fromWho="1" sc="230,-20,270,70,250,-20,240,-20" /><INIT seed="1,1,0,4,1,67" ten="210,340,230,220" oya="1" hai0="22,115,107,34,11,32,49,42,79,63,124,112,8" hai1="88,12,94,50,4,1,101,16,120,44,81,122,55" hai2="119,62,37,23,118,130,132,131,116,57,51,90,45" hai3="82,54,89,36,47,41,73,123,64,75,7,108,65"/><U15/><E15/><V59/><BYE who="1" /><F90/><W61/><G123/><T70/><D107/><U103/><E103/><V29/><F29/><UN n1="%E3%81%86%E3%82%8C%E3%81%9F%E3%82%93%E6%9E%95" /><W20/><G108/><T9/><D124/><U2/><E101/><V69/><F23/><W71/><G64/><T84/><D22/><U128/><E128/><N who="2" m="49195" /><F37/><W48/><G7/><T19/><D19/><U39/><E39/><V31/><F31/><W33/><G33/><T97/><D97/><U74/><E74/><V0/><F0/><W133/><G133/><T135/><D135/><U17/><E81/><V26/><F26/><W58/><G20/><T100/><D100/><U46/><E1/><V60/><F132/><W76/><G89/><T134/><D134/><U91/><E2/><V95/><F95/><W18/><G18/><T102/><D102/><U5/><E17/><V110/><F110/><W93/><G93/><T80/><D32/><U92/><E91/><V14/><F14/><W6/><G6/><N who="1" m="2666" /><E92/><V113/><F113/><W96/><G96/><T3/><D3/><U30/><E30/><V66/><F62/><W106/><G106/><T72/><D34/><U38/><E38/><V129/><N who="2" m="49203" /><V28/><DORA hai="25" /><F28/><W77/><G77/><T13/><D13/><U98/><E122/><V43/><AGARI ba="1,0" hai="43,45,51,57,59,60,66,69,116,118,119" m="49203" machi="43" ten="50,8000,1" yaku="19,1,34,2,52,1" doraHai="67,25" who="2" fromWho="2" sc="210,-21,340,-41,230,83,220,-21" /><INIT seed="2,0,0,3,5,109" ten="189,299,313,199" oya="2" hai0="51,61,84,113,46,13,63,43,67,75,135,83,92" hai1="117,14,101,30,108,66,68,73,132,32,47,27,5" hai2="62,122,35,4,40,2,90,64,130,42,80,114,118" hai3="74,103,6,134,97,21,96,89,3,82,70,9,77"/><V36/><F118/><W128/><G70/><T94/><D75/><U102/><E117/><V39/><F35/><W31/><G128/><T49/><D113/><U10/><E108/><V111/><F122/><W25/><G134/><T100/><D135/><U12/><E132/><V11/><F111/><W48/><G103/><T112/><D112/><U37/><E73/><V81/><F114/><W44/><REACH who="3" step="1"/><G89/><REACH who="3" ten="189,299,313,189" step="2"/><N who="0" m="51359" /><D100/><U22/><E68/><V58/><F90/><W127/><G127/><T7/><D51/><U60/><E101/><V17/><F130/><W129/><G129/><T98/><D98/><U8/><E102/><V53/><F39/><W93/><G93/><N who="0" m="35947" /><D67/><U16/><E37/><V126/><F36/><W28/><G28/><T26/><D26/><U23/><E66/><V52/><F126/><W65/><G65/><T19/><D7/><U15/><E60/><V55/><REACH who="2" step="1"/><F17/><REACH who="2" ten="189,299,303,189" step="2"/><W116/><G116/><T86/><D86/><U99/><E16/><V29/><F29/><W78/><G78/><T76/><D76/><U121/><E30/><V105/><F105/><W69/><G69/><T115/><D115/><U1/><E121/><V20/><F20/><AGARI ba="0,2" hai="13,19,20,43,46,49,61,63" m="35947,51359" machi="20" ten="30,1000,0" yaku="8,1" doraHai="109" who="0" fromWho="2" sc="189,30,299,0,303,-10,189,0" /><INIT seed="3,0,0,0,3,129" ten="219,299,293,189" oya="3" hai0="38,36,93,135,118,39,62,84,97,1,17,10,101" hai1="20,112,77,124,98,117,66,115,43,127,54,30,57" hai2="60,74,56,25,79,61,24,130,134,65,70,59,133" hai3="123,109,75,22,46,94,107,44,6,99,119,81,26"/><W80/><G119/><T111/><D118/><U27/><E117/><V64/><F130/><W72/><G123/><T51/><D111/><U95/><E77/><V83/><F70/><W28/><G107/><T13/><D1/><U23/><E43/><V88/><F88/><W35/><G109/><T8/><D51/><U132/><E132/><AGARI ba="0,0" hai="24,25,56,59,60,61,64,65,74,79,83,132,133,134" machi="132" ten="40,8000,1" yaku="9,1,20,1,52,3" doraHai="129" who="2" fromWho="1" sc="219,0,299,-80,293,80,189,0" owari="219,1.9,219,-18.1,373,47.3,189,-31.1" /></mjloggm>