<mjloggm ver="2.3"><GO type="225" lobby="0"/><UN n0="%E6%B8%A9%E2%98%85%E6%83%85%E2%98%85%E6%8E%AA%E2%98%85%E7%BD%AE" n1="%E7%99%BD%E6%97%A5%E9%9B%AA%E8%8F%9C" n2="%45%6C%79%73%69%75%6D" n3="%E9%B3%B3%E6%9D%B1%E3%81%AE%E3%81%86%E3%81%95%E3%81%8E%E3%81%95%E3%82%93" dan="17,17,16,17" rate="2230.45,2233.02,2087.06,2268.37" sx="M,M,F,M"/><TAIKYOKU oya="0"/><INIT seed="0,0,0,1,2,133" ten="250,250,250,250" oya="0" hai0="67,35,30,111,97,14,17,51,76,27,11,98,56" hai1="116,105,52,69,115,71,73,2,32,68,87,5,39" hai2="134,44,95,41,81,20,92,40,101,107,79,74,132" hai3="54,8,75,91,38,114,128,23,26,22,57,110,84"/><T10/><D111/><U24/><E116/><V55/><F107/><W109/><G114/><T65/><D76/><U117/><E117/><V6/><F55/><W85/><G75/><T99/><REACH who="0" step="1"/><D11/><REACH who="0" ten="240,250,250,250" step="2"/><U63/><E115/><V43/><F79/><W78/><G8/><T29/><D29/><U108/><E108/><V129/><F132/><W31/><G78/><T90/><D90/><U16/><E73/><V0/><F134/><W86/><G91/><T33/><D33/><U123/><E32/><V102/><F102/><W37/><G110/><T77/><D77/><U46/><E123/><V45/><F101/><W121/><G109/><T62/><D62/><U89/><E63/><V61/><F61/><W9/><G9/><T28/><D28/><U124/><E89/><V64/><F74/><W100/><G121/><T34/><D34/><U96/><E124/><V94/><F20/><W59/><G22/><T106/><D106/><U80/><E105/><V25/><F0/><W130/><G100/><T120/><D120/><U131/><E131/><V4/><F129/><W53/><G130/><T48/><D48/><U7/><E2/><V112/><F112/><W126/><G126/><T70/><D70/><U58/><E71/><V19/><F4/><W82/><G128/><T42/><D42/><N who="1" m="22879" /><E69/><V72/><F6/><W119/><G119/><T135/><D135/><U15/><E68/><V83/><F41/><W88/><G86/><T93/><D93/><U60/><E87/><V3/><F72/><W1/><G85/><T66/><D66/><U49/><E5/><V36/><F64/><RYUUKYOKU ba="0,1" sc="240,30,250,-10,250,-10,250,-10" hai0="10,14,17,27,30,35,51,56,65,67,97,98,99" /><INIT seed="0,1,1,3,2,71" ten="270,240,240,240" oya="0" hai0="16,14,125,33,49,7,61,114,95,67,82,91,113" hai1="25,58,10,26,62,79,110,28,13,90,126,69,105" hai2="130,20,77,47,35,38,106,6,89,96,99,70,101" hai3="2,87,22,0,83,131,39,115,12,107,17,37,135"/><T111/><D125/><U84/><E105/><V54/><F35/><W18/><G115/><T57/><D33/><U121/><E121/><V94/><F130/><W86/><G131/><T64/><D111/><U24/><E110/><V46/><F70/><W122/><G122/><T40/><D7/><U29/><E69/><V8/><F77/><W117/><G117/><T48/><D67/><U124/><E79/><V30/><F54/><W104/><G22/><T80/><D114/><U4/><E124/><V43/><F47/><W93/><G93/><T134/><D134/><U21/><E29/><V65/><F65/><W19/><G12/><T27/><D27/><U56/><E58/><V103/><F20/><W1/><G135/><T5/><D5/><U129/><E129/><V78/><F78/><W132/><G132/><T116/><D116/><U76/><E76/><V3/><REACH who="2" step="1"/><F30/><REACH who="2" ten="270,240,230,240" step="2"/><W63/><G63/><T108/><D108/><U42/><E126/><V45/><F45/><W72/><G72/><T92/><D113/><U34/><E34/><V109/><F109/><W11/><G11/><N who="0" m="6239" /><D40/><U123/><E42/><V41/><F41/><W52/><G52/><T44/><D44/><U118/><E123/><V66/><F66/><W32/><G32/><T31/><D31/><U9/><E118/><V68/><F68/><W119/><G119/><T100/><D61/><U50/><E10/><V120/><F120/><W51/><G51/><N who="0" m="19531" /><D64/><N who="1" m="38983" /><E50/><V133/><F133/><W36/><G83/><AGARI ba="1,2" hai="4,9,13,21,24,25,26,28,83,84,90" m="38983" machi="83" ten="30,1000,0" yaku="8,1" doraHai="71" who="1" fromWho="3" sc="270,0,240,33,230,0,240,-13" /><INIT seed="1,0,0,5,4,127" ten="270,273,230,227" oya="1" hai0="12,36,123,32,99,16,89,117,2,52,98,129,109" hai1="66,105,87,97,25,118,130,30,53,85,50,21,114" hai2="81,13,101,64,26,29,133,111,113,107,76,134,0" hai3="41,54,121,61,6,1,33,103,70,39,125,14,68"/><U48/><E114/><V135/><F0/><W63/><G1/><T60/><D117/><U62/><E118/><V79/><F113/><W22/><G33/><T20/><D36/><U9/><E130/><V131/><F111/><W73/><G121/><T18/><D32/><U59/><E48/><V49/><F131/><W95/><G73/><T10/><D129/><U119/><E119/><V115/><F115/><W17/><G125/><T126/><D126/><U51/><E51/><V128/><F128/><W108/><G108/><T82/><D109/><U86/><E9/><V15/><F64/><W28/><G6/><T40/><D40/><U23/><E105/><V45/><F101/><W106/><G106/><T132/><D132/><U116/><E97/><V43/><F107/><W4/><G4/><T3/><D3/><U74/><E74/><N who="2" m="43159" /><F79/><W67/><G28/><T47/><D123/><U72/><E72/><V65/><F65/><W120/><G120/><T8/><D2/><U24/><E116/><V27/><F27/><W37/><G41/><T38/><D38/><U11/><E11/><N who="0" m="4137" /><D18/><N who="1" m="12343" /><E66/><V5/><F5/><W7/><G7/><T110/><D110/><U83/><E62/><V56/><F56/><N who="3" m="34967" /><G68/><T34/><D34/><AGARI ba="0,0" hai="13,15,26,29,34,43,45,49,133,134,135" m="43159" machi="34" ten="30,1000,0" yaku="20,1" doraHai="127" who="2" fromWho="0" sc="270,-10,273,0,230,10,227,0" /><INIT seed="2,0,0,4,0,37" ten="260,273,240,227" oya="2" hai0="9,123,132,74,99,121,130,113,60,42,32,86,49" hai1="0,133,103,92,35,21,104,26,47,52,102,50,126" hai2="127,81,59,69,97,20,109,58,64,84,73,79,31" hai3="98,1,10,11,108,25,106,105,61,44,118,57,135"/><V90/><F127/><W63/><G118/><T5/><D113/><U13/><E0/><V75/><F109/><W70/><G108/><T78/><D74/><U115/><E115/><V30/><F97/><W110/><G110/><T41/><D32/><U122/><E126/><V80/><F75/><W66/><G135/><T100/><D60/><U94/><E133/><V19/><F69/><W18/><G1/><T46/><D132/><U125/><E125/><V2/><F2/><W85/><G85/><T39/><D130/><U43/><E122/><V48/><F59/><W111/><G111/><T4/><D4/><U67/><E67/><V93/><F80/><W124/><G124/><T131/><D131/><U77/><E77/><V95/><F95/><N who="1" m="36393" /><E35/><V17/><F17/><W76/><G76/><T72/><D72/><U71/><E71/><V8/><F8/><W22/><G44/><N who="0" m="25751" /><D99/><U12/><E104/><V120/><F120/><W89/><G89/><T65/><D65/><U101/><E52/><N who="2" m="32007" /><F64/><W112/><G112/><T27/><D123/><U16/><AGARI ba="0,0" hai="12,13,16,21,26,43,47,50,101,102,103" m="36393" machi="16" ten="30,4000,0" yaku="8,1,52,1,54,1" doraHai="37" who="1" fromWho="1" sc="260,-10,273,40,240,-20,227,-10" /><INIT seed="3,0,0,0,3,40" ten="250,313,220,217" oya="3" hai0="135,25,99,111,31,83,11,118,119,114,14,6,58" hai1="0,8,72,9,115,44,22,110,116,81,120,91,63" hai2="46,98,39,48,64,61,35,15,57,105,85,132,59" hai3="112,30,4,134,87,128,96,82,13,37,60,42,74"/><W34/><G112/><T7/><D114/><U89/><E115/><V127/><F35/><W12/><G74/><T50/><D111/><U104/><E120/><V133/><F39/><W33/><G128/><T19/><D135/><N who="2" m="51786" /><F127/><W27/><G134/><T62/><D50/><U26/><E104/><V95/><F105/><W78/><G33/><T100/><D83/><U20/><E63/><V77/><F15/><W41/><G4/><T55/><D119/><U97/><E22/><V67/><F85/><W126/><G126/><T68/><D68/><U2/><E91/><N who="2" m="55679" /><F77/><W36/><G96/><T73/><D73/><U10/><E97/><V109/><F109/><W65/><G37/><T1/><D1/><U38/><E110/><V5/><F5/><W3/><G3/><T70/><D70/><U71/><E71/><N who="2" m="42383" /><F67/><W108/><G108/><T123/><D118/><U52/><E116/><V75/><F75/><W66/><G66/><T129/><D123/><U121/><E121/><V107/><F107/><W101/><G101/><T23/><D129/><U32/><E32/><V53/><AGARI ba="0,0" hai="46,48,53,57,59" m="42383,55679,51786" machi="53" ten="30,2000,0" yaku="20,1,52,1" doraHai="40" who="2" fromWho="2" sc="250,-5,313,-5,220,20,217,-10" owari="245,4.5,308,40.8,240,-16.0,207,-29.3" /></mjloggm>