<mjloggm ver="2.3"><GO type="225" lobby="0"/><UN n0="%72%69%6F%75%63%68%61%6E" n1="%E3%83%AD%E3%83%83%E3%83%86%E9%9B%80%E7%90%83" n2="%E6%A1%9C%E8%8A%B1%E9%96%83%E3%80%85" n3="%E3%83%B4%E3%83%A0%EF%BC%99%E3%81%A6" dan="17,16,16,17" rate="2231.98,2156.07,2137.05,2107.27" sx="M,M,M,M"/><TAIKYOKU oya="0"/><INIT seed="0,0,0,5,5,131" ten="250,250,250,250" oya="0" hai0="118,126,11,78,64,34,114,18,32,36,79,89,90" hai1="100,27,120,132,51,19,125,103,33,24,62,48,20" hai2="135,9,42,58,83,93,44,0,73,108,88,106,40" hai3="105,65,17,112,130,74,55,16,128,49,99,121,133"/><T94/><D114/><U70/><E120/><V109/><F106/><W12/><G112/><T107/><D118/><U129/><E129/><N who="3" m="49770" /><G121/><T76/><D107/><U46/><E125/><V29/><F29/><W4/><G74/><T68/><D126/><U57/><E132/><V28/><F28/><W97/><G65/><T95/><D36/><U69/><E33/><N who="0" m="12905" /><D64/><U92/><E27/><V26/><F135/><W122/><G122/><T102/><D11/><U2/><E2/><V82/><F58/><N who="3" m="33135" /><G133/><T116/><D116/><U61/><E61/><V123/><F26/><W127/><G127/><T67/><D67/><U115/><E115/><V56/><F56/><W41/><G41/><N who="2" m="15977" /><F44/><W134/><G134/><T72/><D72/><U87/><E70/><V30/><F30/><W80/><G80/><T75/><D75/><U119/><E119/><V37/><F37/><W25/><G25/><T5/><D68/><U52/><E69/><V84/><F73/><W104/><G104/><T111/><D111/><N who="2" m="42570" /><F123/><W91/><G105/><T53/><D53/><N who="1" m="29847" /><E62/><V77/><F77/><W10/><G97/><T14/><D78/><U23/><E23/><V63/><F63/><W3/><G3/><T60/><D60/><U31/><E31/><V124/><F124/><W39/><G39/><T81/><D76/><U22/><E22/><V59/><F59/><W43/><G43/><T15/><D79/><U110/><E110/><V21/><F21/><W13/><G12/><T117/><D14/><U85/><E85/><V113/><F113/><W35/><G35/><T47/><D117/><U66/><E66/><RYUUKYOKU ba="0,0" sc="250,-30,250,10,250,10,250,10" hai1="19,20,24,51,52,57,87,92,100,103" hai2="0,9,82,83,84,88,93" hai3="4,10,13,16,17,91,99" /><INIT seed="1,1,0,5,5,48" ten="220,260,260,260" oya="1" hai0="53,133,82,60,19,6,99,52,9,97,98,89,8" hai1="134,40,109,11,44,41,90,88,123,50,27,29,77" hai2="36,5,38,58,108,120,10,69,43,127,55,101,25" hai3="24,59,93,105,49,83,61,111,23,112,91,20,106"/><U30/><E123/><V81/><F120/><W26/><G112/><T64/><D133/><U125/><E125/><V107/><F69/><W92/><G111/><T65/><D19/><U96/><E134/><V128/><F108/><W122/><G122/><T126/><D126/><U71/><E71/><V113/><F127/><W63/><G83/><T2/><D9/><U76/><E109/><V46/><F128/><W56/><G49/><T57/><REACH who="0" step="1"/><D65/><REACH who="0" ten="210,260,260,260" step="2"/><U94/><E11/><V18/><F18/><W14/><G14/><T124/><D124/><U47/><E90/><AGARI ba="1,1" hai="20,23,24,26,56,59,61,63,90,91,92,93,105,106" machi="90" ten="25,1600,0" yaku="22,2" doraHai="48" who="3" fromWho="1" sc="210,0,260,-19,260,0,260,29" /><INIT seed="2,0,0,5,0,8" ten="210,241,260,289" oya="2" hai0="88,11,10,39,27,5,20,126,33,86,34,108,14" hai1="92,90,130,128,64,18,36,120,99,60,87,109,48" hai2="97,62,129,26,40,31,96,103,28,132,23,73,68" hai3="82,93,80,69,32,13,75,22,19,98,42,55,74"/><V81/><F132/><W16/><G69/><T100/><D39/><U24/><E36/><V71/><F129/><N who="1" m="49769" /><E109/><V127/><F127/><W119/><G119/><T85/><D126/><U122/><E48/><V15/><F40/><W123/><G123/><N who="1" m="47146" /><E24/><V121/><F121/><W104/><G104/><T101/><D108/><U84/><E18/><V63/><F31/><W3/><G32/><T95/><D85/><U91/><E60/><V51/><F51/><W6/><G42/><T70/><D70/><U118/><E64/><V56/><F63/><W9/><G55/><T94/><D33/><U49/><E49/><V77/><F15/><W59/><G59/><T53/><D34/><U76/><E118/><V115/><F115/><W37/><G37/><T30/><D95/><N who="1" m="54751" /><E76/><V1/><F1/><W65/><G19/><T78/><D78/><U83/><E99/><V131/><F96/><W112/><G65/><T105/><D10/><U89/><E89/><V2/><F2/><W45/><G3/><T72/><D53/><U41/><E41/><V21/><F21/><W29/><G9/><T111/><D111/><U44/><E44/><V57/><F57/><W135/><G45/><T124/><D124/><U67/><E67/><N who="2" m="39367" /><F131/><W43/><G43/><T25/><D25/><U133/><E133/><V17/><F17/><W107/><G135/><T134/><D134/><U58/><E58/><V46/><F46/><W106/><G22/><T116/><D116/><U50/><E50/><V102/><F97/><W61/><G61/><T52/><D20/><U110/><E110/><V114/><F23/><RYUUKYOKU ba="0,0" sc="210,-10,241,30,260,-10,289,-10" hai1="83,84,91,92" /><INIT seed="3,1,0,5,2,55" ten="200,271,250,279" oya="3" hai0="81,113,116,66,112,132,134,12,49,8,2,135,13" hai1="21,46,92,35,126,33,45,7,63,14,89,47,27" hai2="117,67,84,28,108,68,50,32,97,94,103,80,56" hai3="119,86,90,133,115,122,129,95,10,22,82,34,11"/><W76/><G119/><T6/><D81/><U30/><E126/><V107/><F117/><W54/><G122/><T3/><D66/><U57/><E7/><V52/><F108/><W61/><G34/><T75/><D75/><U104/><E104/><V42/><F42/><W62/><G115/><N who="0" m="44107" /><D49/><U91/><E14/><N who="0" m="5737" /><D116/><U16/><E30/><V121/><F121/><W53/><G129/><T102/><D102/><U128/><E128/><V74/><F74/><W64/><G133/><N who="0" m="34051" /><T70/><DORA hai="111" /><D70/><U60/><E60/><V105/><F68/><W72/><G22/><T24/><D24/><U18/><E21/><V118/><F67/><W48/><G61/><T88/><D2/><U23/><E27/><V26/><F118/><W43/><G43/><T41/><D41/><U38/><E63/><V131/><F131/><W123/><G123/><T15/><N who="0" m="5745" /><T25/><DORA hai="44" /><D25/><U114/><E114/><V51/><F51/><W79/><G79/><AGARI ba="1,0" hai="26,28,32,50,52,56,79,80,84,94,97,103,105,107" machi="79" ten="30,7700,0" yaku="7,1,52,2,54,1" doraHai="55,111,44" who="2" fromWho="3" sc="200,0,271,0,250,80,279,-80" owari="200,-20.0,271,7.1,330,43.0,199,-30.1" /></mjloggm>