<mjloggm ver="2.3"><GO type="225" lobby="0"/><UN n0="%E3%83%97%E3%83%AC%E3%83%B4%E3%82%A1%E3%83%86%E3%82%A3" n1="%E3%81%A8%E3%82%89%E3%81%84%E3%81%A1" n2="%E3%81%82%E3%81%99%E3%81%AB%E3%82%83%E3%82%80" n3="%70%61%77%61" dan="16,16,16,19" rate="2108.86,2114.64,2131.05,2286.79" sx="F,M,F,M"/><TAIKYOKU oya="0"/><INIT seed="0,0,0,1,4,60" ten="250,250,250,250" oya="0" hai0="81,121,18,35,88,104,40,107,62,19,135,15,119" hai1="64,50,39,55,78,23,85,53,112,10,37,79,111" hai2="123,127,131,122,61,9,84,80,102,125,46,117,42" hai3="0,124,90,86,33,77,14,63,25,58,52,57,34"/><T132/><D121/><U101/><E111/><V93/><F9/><W59/><G0/><T87/><D35/><U129/><E129/><V110/><F110/><W45/><G124/><N who="2" m="47689" /><F131/><W92/><G77/><T30/><D30/><U41/><E112/><V133/><F133/><N who="0" m="51274" /><D119/><U98/><E23/><V2/><F2/><W49/><G25/><T99/><D40/><U43/><E10/><V73/><F61/><W12/><G34/><T24/><D24/><U109/><E41/><V1/><F1/><W56/><REACH who="3" step="1"/><G33/><REACH who="3" ten="250,250,250,240" step="2"/><T51/><D15/><U72/><E79/><V17/><F123/><W31/><G31/><T68/><D18/><U32/><E78/><V108/><F17/><W28/><G28/><T114/><D19/><U20/><E109/><V106/><F108/><W74/><G74/><T115/><D51/><U44/><E72/><V66/><F122/><W16/><G16/><T100/><D62/><U3/><E50/><V67/><F73/><W126/><G126/><T120/><D120/><U91/><E32/><V38/><F117/><W13/><G13/><T21/><D21/><U103/><E3/><V65/><F106/><N who="0" m="40490" /><D68/><U4/><E20/><V95/><F102/><W22/><G22/><T105/><AGARI ba="0,1" hai="81,87,88,99,100,105,114,115" m="40490,51274" machi="105" ten="30,11700,0" yaku="20,1,34,2,54,1" doraHai="60" who="0" fromWho="0" sc="250,127,250,-39,250,-39,240,-39" /><INIT seed="0,1,0,1,0,3" ten="377,211,211,201" oya="0" hai0="111,67,17,58,116,83,73,134,2,29,22,70,26" hai1="53,94,114,69,56,7,61,122,10,31,71,101,105" hai2="93,121,119,102,63,84,112,135,97,50,16,82,34" hai3="24,12,36,23,92,64,59,52,106,13,74,54,104"/><T9/><D116/><U43/><E122/><V60/><F112/><W89/><G36/><T48/><D134/><U40/><E114/><V75/><F34/><W6/><G74/><T81/><D73/><U115/><E115/><V5/><F135/><W47/><G106/><T8/><D111/><U27/><E105/><V127/><F75/><W15/><G104/><T57/><D70/><U86/><E69/><V20/><F127/><W90/><G6/><T14/><D67/><U129/><E71/><V107/><F107/><W49/><G64/><T19/><D48/><U37/><E37/><V96/><F96/><W79/><G79/><T123/><D123/><U0/><E129/><V35/><F35/><W55/><G92/><T18/><D2/><U62/><E62/><N who="2" m="23595" /><F50/><W95/><G59/><N who="0" m="22539" /><D9/><U46/><E46/><V130/><F130/><W118/><G118/><T39/><D39/><U98/><REACH who="1" step="1"/><E86/><REACH who="1" ten="377,201,211,201" step="2"/><V85/><F85/><N who="3" m="52655" /><G90/><T124/><D124/><U77/><E77/><V32/><F121/><W1/><G1/><T45/><D45/><U125/><E125/><V99/><F84/><W21/><G21/><AGARI ba="1,1" hai="0,7,10,21,27,31,40,43,53,56,61,94,98,101" machi="21" ten="30,3900,0" yaku="1,1,7,1,52,1,53,0" doraHai="3" doraHaiUra="128" who="1" fromWho="3" sc="377,0,201,52,211,0,201,-42" /><INIT seed="1,0,0,1,2,40" ten="377,253,211,159" oya="1" hai0="107,103,23,120,81,4,25,125,132,134,7,51,31" hai1="72,122,112,108,94,69,11,100,44,117,21,131,91" hai2="77,37,50,111,123,118,97,105,52,130,84,92,53" hai3="19,73,2,93,61,98,6,127,88,109,56,33,17"/><U124/><E69/><V113/><F118/><W126/><G73/><T66/><D120/><U87/><E21/><V24/><F123/><W46/><G33/><T135/><D125/><N who="3" m="47625" /><G6/><T104/><D66/><U12/><E12/><V34/><F37/><W26/><G2/><T22/><D23/><U38/><E11/><V63/><F111/><W41/><G26/><T116/><D116/><U32/><E32/><V30/><F130/><W83/><G83/><T28/><D28/><U20/><E20/><V89/><F113/><W0/><G0/><T1/><D1/><U58/><E58/><V80/><F63/><W75/><G75/><T10/><D10/><U133/><E38/><V60/><F60/><W39/><G109/><T54/><D81/><U67/><E67/><AGARI ba="0,0" hai="17,19,39,41,46,56,61,67,88,93,98" m="47625" machi="67" ten="30,3900,0" yaku="18,1,52,1,54,1" doraHai="40" who="3" fromWho="1" sc="377,0,253,-39,211,0,159,39" /><INIT seed="2,0,0,5,2,67" ten="377,214,211,198" oya="2" hai0="45,130,63,128,46,14,84,95,4,35,123,124,54" hai1="30,71,135,68,100,8,62,47,61,12,116,10,58" hai2="94,107,118,102,19,115,117,24,20,113,110,119,29" hai3="126,18,64,42,85,65,121,38,76,86,96,74,109"/><V93/><F110/><W39/><G121/><T106/><D123/><U134/><E116/><V114/><REACH who="2" step="1"/><F29/><REACH who="2" ten="377,214,201,198" step="2"/><W32/><G109/><T15/><D124/><U0/><E30/><V88/><F88/><W99/><G126/><T90/><D106/><U3/><E100/><V48/><F48/><W40/><G32/><T52/><D35/><U89/><E89/><V34/><F34/><W44/><G76/><T23/><D63/><U103/><E103/><V101/><F101/><W108/><G108/><T43/><D128/><U87/><E134/><V11/><F11/><W17/><REACH who="3" step="1"/><G44/><REACH who="3" ten="377,214,201,188" step="2"/><T80/><D130/><U7/><E135/><V59/><F59/><W72/><AGARI ba="0,2" hai="17,18,38,39,40,42,64,65,72,74,85,86,96,99" machi="72" ten="25,8000,1" yaku="1,1,2,1,0,1,22,2,53,0" doraHai="67" doraHaiUra="16" who="3" fromWho="3" sc="377,-20,214,-20,201,-40,188,100" /><INIT seed="3,0,0,0,3,62" ten="357,194,161,288" oya="3" hai0="94,124,70,122,67,14,96,1,126,63,56,2,61" hai1="41,4,101,73,48,31,87,59,32,18,71,58,133" hai2="110,21,52,68,104,45,75,23,127,88,40,131,47" hai3="125,64,25,99,46,123,84,39,102,128,103,33,16"/><W132/><G123/><T30/><D122/><U82/><E71/><V29/><F104/><W69/><G125/><N who="0" m="48235" /><D14/><U117/><E73/><V17/><F75/><W27/><G128/><T116/><D116/><U35/><E133/><V60/><F127/><W120/><G120/><T80/><D80/><U22/><E117/><V0/><F0/><W129/><G129/><T78/><D78/><U92/><E4/><V113/><F113/><W37/><G132/><T26/><D63/><U121/><E31/><V19/><F131/><W42/><G39/><T105/><D105/><U86/><E35/><V93/><F110/><W111/><G111/><T50/><D50/><U91/><E32/><V107/><F107/><W112/><G112/><T100/><D70/><U5/><E5/><V57/><F68/><W81/><G33/><AGARI ba="0,0" hai="1,2,26,30,33,56,61,67,94,96,100" m="48235" machi="33" ten="30,2000,0" yaku="18,1,52,1" doraHai="62" who="0" fromWho="3" sc="357,20,194,0,161,0,288,-20" owari="377,47.7,194,-20.6,161,-33.9,268,6.8" /></mjloggm>