<mjloggm ver="2.3"><GO type="225" lobby="0"/><UN n0="%E5%AE%AE%E4%BF%9D%E9%B6%8F%E8%82%89" n1="%E9%A1%94%E7%9C%9F%E5%8D%BF" n2="%E3%81%8F%E3%82%8A%E3%83%94%E3%83%BC" n3="%E3%81%A1%E3%82%85%E3%81%86%E3%81%A9%E3%81%8F%E8%B1%A1%E3%81%95%E3%82%93" dan="16,16,16,17" rate="2109.36,2108.49,2123.39,2177.53" sx="M,M,M,M"/><TAIKYOKU oya="0"/><INIT seed="0,0,0,5,4,33" ten="250,250,250,250" oya="0" hai0="108,49,6,61,74,55,102,90,93,16,97,125,114" hai1="43,20,28,60,0,78,44,72,48,87,35,14,5" hai2="56,64,23,84,101,79,24,46,57,70,113,123,25" hai3="133,98,50,22,10,37,66,32,36,110,76,124,17"/><T26/><D114/><U111/><E72/><V27/><F123/><W71/><G32/><T1/><D74/><U3/><E111/><V107/><F113/><W109/><G76/><T12/><D108/><N who="3" m="41577" /><G133/><T7/><D125/><U15/><E35/><V29/><F70/><W127/><G10/><T91/><D1/><U34/><E34/><V30/><F107/><W86/><G86/><T53/><D26/><N who="2" m="10346" /><F101/><W40/><G98/><T94/><D61/><U4/><E28/><V59/><F46/><N who="3" m="25927" /><G17/><T134/><D53/><U120/><E60/><N who="2" m="37895" /><F30/><W132/><G22/><N who="0" m="11527" /><D134/><U130/><E120/><V96/><F96/><W75/><G75/><T38/><D38/><N who="3" m="14953" /><G132/><T92/><D102/><U99/><E99/><V83/><AGARI ba="0,0" hai="23,27,29,57,59,79,83,84" m="37895,10346" machi="83" ten="30,1100,0" yaku="8,1" doraHai="33" who="2" fromWho="2" sc="250,-5,250,-3,250,11,250,-3" /><INIT seed="1,0,0,1,5,10" ten="245,247,261,247" oya="1" hai0="19,48,134,43,111,18,84,55,46,31,21,80,99" hai1="67,54,132,44,58,101,124,126,59,115,36,49,61" hai2="94,45,27,70,76,2,105,64,69,3,96,123,131" hai3="13,37,26,117,88,7,0,33,98,107,1,17,114"/><U71/><E101/><V24/><F123/><W68/><G114/><T116/><D111/><U100/><E100/><V95/><F131/><W32/><G68/><T39/><D116/><U40/><E115/><V14/><F14/><W53/><G37/><T6/><D6/><U103/><E103/><V66/><F45/><W63/><G107/><T23/><D99/><U25/><E25/><V102/><F102/><W35/><G117/><T38/><D134/><U50/><E132/><V51/><F96/><W75/><G75/><T127/><D127/><U52/><AGARI ba="0,0" hai="36,40,44,49,50,52,54,58,59,61,67,71,124,126" machi="52" ten="30,24000,3" yaku="0,1,9,1,24,2,34,3,54,1" doraHai="10" who="1" fromWho="1" sc="245,-80,247,240,261,-80,247,-80" /><INIT seed="1,1,0,1,5,74" ten="165,487,181,167" oya="1" hai0="117,81,25,110,60,2,100,8,39,87,78,89,35" hai1="5,67,135,124,121,16,64,80,42,113,69,30,134" hai2="33,106,125,84,45,18,41,128,17,46,65,44,55" hai3="76,19,61,13,122,72,104,123,34,66,68,14,62"/><U108/><E121/><V12/><F33/><W93/><G104/><T85/><D117/><U63/><E113/><V102/><F128/><W50/><G34/><T131/><D39/><U75/><E124/><V71/><F125/><W95/><G14/><T99/><D131/><U1/><E42/><V52/><F41/><W49/><G61/><T28/><D110/><U15/><E30/><V31/><F31/><W24/><G24/><T129/><D129/><U21/><E67/><V111/><F111/><W37/><G37/><T53/><D2/><U127/><E108/><V118/><F118/><W51/><G95/><T10/><D60/><U105/><E105/><V126/><F71/><W98/><G76/><T83/><REACH who="0" step="1"/><D53/><REACH who="0" ten="155,487,181,167" step="2"/><U133/><E127/><V77/><F55/><W96/><G123/><T115/><D115/><U86/><E1/><V120/><F52/><W103/><G122/><T54/><D54/><U114/><E114/><V92/><F120/><W6/><G49/><T4/><D4/><U47/><E5/><V32/><F126/><W43/><G6/><T58/><D58/><U79/><E47/><V26/><F44/><W91/><G43/><T57/><D57/><U9/><E133/><V29/><F45/><W82/><G82/><T94/><AGARI ba="1,1" hai="8,10,25,28,35,78,81,83,85,87,89,94,99,100" machi="94" ten="20,5200,0" yaku="1,1,0,1,7,1,52,1,53,0" doraHai="74" doraHaiUra="59" who="0" fromWho="0" sc="155,65,487,-27,181,-14,167,-14" /><INIT seed="2,0,0,5,5,28" ten="220,460,167,153" oya="2" hai0="29,32,107,47,14,16,44,59,76,30,63,93,7" hai1="57,99,108,70,13,55,68,61,106,103,82,111,36" hai2="34,25,46,117,129,64,19,121,83,78,3,18,114" hai3="101,39,22,104,92,71,120,65,26,53,37,85,11"/><V91/><F114/><W42/><G120/><T66/><D107/><U41/><E13/><V56/><F117/><W24/><G104/><T52/><D7/><U17/><E17/><V20/><F3/><W73/><G73/><T86/><D32/><U112/><E112/><V10/><F121/><W102/><G24/><T27/><D27/><U128/><E128/><V4/><F129/><W72/><G72/><T60/><D29/><U134/><E134/><V6/><F34/><W12/><G53/><T135/><D30/><U123/><E123/><V15/><F91/><W74/><G74/><T98/><D76/><U58/><E58/><V131/><F46/><N who="0" m="17450" /><D86/><U97/><E36/><V40/><F40/><W96/><G42/><T100/><D135/><U0/><E41/><V88/><F78/><W79/><G102/><T122/><D122/><U45/><E108/><V124/><F124/><W80/><G65/><T75/><D75/><U50/><E111/><V62/><REACH who="2" step="1"/><F131/><REACH who="2" ten="220,460,157,153" step="2"/><W67/><G67/><T77/><D77/><U69/><E0/><V43/><F43/><W116/><G116/><T110/><D110/><U38/><E38/><V81/><F81/><W132/><G132/><T126/><D126/><U8/><E82/><V31/><F31/><N who="3" m="17879" /><G37/><T35/><D35/><U49/><E103/><V21/><F21/><W5/><G39/><T9/><D66/><U87/><E45/><V133/><F133/><W115/><G115/><T118/><D118/><U1/><E1/><V23/><F23/><W94/><G71/><T90/><D100/><U48/><E69/><V127/><F127/><RYUUKYOKU ba="0,1" sc="220,10,460,-30,157,10,153,10" hai0="9,14,16,52,59,60,63,90,93,98" hai2="4,6,10,15,18,19,20,25,56,62,64,83,88" hai3="5,11,12,79,80,85,92,94,96,101" /><INIT seed="2,1,1,4,5,91" ten="230,430,167,163" oya="2" hai0="43,12,89,66,57,64,73,60,31,99,112,95,93" hai1="38,122,111,77,59,114,20,86,98,4,22,13,104" hai2="132,109,17,79,42,116,83,45,49,82,62,7,0" hai3="69,103,27,106,46,78,135,125,35,5,131,34,126"/><V134/><F116/><W72/><G135/><N who="2" m="51753" /><F109/><W8/><G131/><T115/><D73/><U133/><E114/><V128/><F128/><W25/><G69/><T120/><D120/><U80/><E133/><V61/><F17/><W124/><G46/><T85/><D43/><U44/><E111/><V54/><F83/><N who="3" m="45511" /><G103/><T53/><D31/><U118/><E80/><V101/><F101/><W33/><G106/><T70/><D12/><AGARI ba="1,1" hai="5,8,12,25,27,33,34,35,124,125,126" m="45511" machi="12" ten="40,1300,0" yaku="18,1" doraHai="91" who="3" fromWho="0" sc="230,-16,430,0,167,0,163,26" /><INIT seed="3,0,0,2,2,97" ten="214,430,167,189" oya="3" hai0="31,13,18,0,48,123,104,132,72,34,22,128,44" hai1="78,95,51,81,80,16,67,35,82,92,119,25,29" hai2="126,21,85,86,2,41,127,14,60,130,9,50,111" hai3="32,125,46,83,42,45,8,84,19,109,53,122,58"/><W90/><G122/><T118/><D72/><U74/><E67/><V64/><F2/><W65/><G125/><T116/><D104/><U89/><E119/><V3/><F3/><W47/><G32/><T15/><D123/><U105/><E105/><V113/><F113/><W36/><G65/><T75/><D75/><U52/><E16/><N who="2" m="8271" /><F21/><W79/><G109/><T63/><D132/><U121/><E92/><V133/><F133/><W57/><G57/><T12/><D128/><U71/><E71/><N who="2" m="42375" /><F130/><W114/><G114/><T88/><D0/><U10/><E10/><V66/><F66/><W108/><G108/><T135/><D135/><U110/><E51/><V124/><F111/><W55/><G55/><T40/><D22/><U102/><E82/><V37/><F37/><W107/><G107/><T68/><D118/><U91/><E29/><V38/><F38/><W28/><G28/><T49/><D31/><U94/><E25/><V5/><F5/><W99/><G99/><T39/><D116/><U56/><E52/><V61/><F61/><N who="3" m="36047" /><G79/><T98/><D63/><U27/><E121/><V69/><F69/><W73/><G73/><T103/><D68/><U6/><E110/><V59/><F59/><W117/><G117/><T115/><D115/><U129/><E56/><V100/><F100/><W30/><G30/><T93/><D34/><U7/><E102/><V4/><F4/><W76/><G76/><T101/><D18/><U11/><E35/><V77/><F77/><W24/><G24/><T17/><D17/><U120/><E27/><V26/><F26/><W43/><G36/><RYUUKYOKU ba="0,0" sc="214,10,430,-30,167,10,189,10" hai0="12,13,15,39,40,44,48,49,88,93,98,101,103" hai2="41,50,85,86,124,126,127" hai3="8,19,42,43,45,46,47,83,84,90" /><INIT seed="3,1,0,1,2,18" ten="224,400,177,199" oya="3" hai0="93,112,103,126,69,34,83,115,42,68,121,94,59" hai1="54,134,14,63,123,40,85,70,7,5,110,135,12" hai2="101,113,102,120,56,108,88,21,107,77,23,15,99" hai3="51,50,82,20,96,26,52,87,17,45,131,48,117"/><W36/><G117/><T9/><D121/><U80/><E123/><V38/><F113/><N who="0" m="43594" /><D126/><U44/><E110/><V37/><F120/><W72/><G131/><T2/><D34/><U111/><E111/><V92/><F108/><W55/><G72/><T3/><D42/><U24/><E24/><V79/><F37/><W27/><G96/><N who="0" m="59791" /><D83/><U91/><E54/><N who="3" m="20522" /><G36/><T31/><D31/><U22/><E63/><V46/><F38/><W84/><G45/><T64/><D94/><U90/><E70/><N who="0" m="27241" /><D9/><U125/><E7/><V86/><F46/><W124/><G124/><T19/><D19/><U106/><E12/><V29/><F56/><W95/><G95/><T97/><D97/><U16/><E106/><V109/><F109/><W11/><G11/><T71/><D71/><U76/><E125/><V81/><F107/><W129/><G129/><T67/><D59/><U127/><E5/><V119/><F119/><W13/><G82/><T30/><D30/><U39/><E127/><V89/><F102/><W33/><G33/><T60/><D60/><U10/><E10/><V62/><F62/><W41/><G41/><T47/><D47/><U28/><E28/><V8/><F101/><W130/><G130/><T53/><D53/><U57/><E57/><V58/><F58/><W0/><G0/><AGARI ba="1,0" hai="0,2,3,64,67" m="27241,59791,43594" machi="0" ten="40,1300,0" yaku="11,1" doraHai="18" who="0" fromWho="3" sc="224,16,400,0,177,0,199,-16" owari="240,4.0,400,50.0,177,-32.3,183,-21.7" /></mjloggm>