<mjloggm ver="2.3"><GO type="225" lobby="0"/><UN n0="%E3%82%B7%E3%83%B3%E5%A4%AA%E6%9C%97" n1="%E3%81%A8%E3%82%93%E3%81%A8%E3%81%93%E3%81%A8%E3%82%93" n2="%E5%B8%86%E7%AB%8B%E5%A4%8F%E8%A1%A3" n3="%63%68%78%62%64" dan="16,16,16,16" rate="2153.07,2117.21,2136.63,2144.06" sx="M,F,M,M"/><TAIKYOKU oya="0"/><INIT seed="0,0,0,2,2,133" ten="250,250,250,250" oya="0" hai0="98,75,96,81,35,72,106,26,44,57,61,2,52" hai1="87,15,0,54,121,128,42,129,76,40,117,103,109" hai2="86,118,91,107,60,122,73,48,9,85,37,124,47" hai3="90,49,11,46,29,83,58,33,125,10,27,34,3"/><T12/><D2/><U134/><E0/><V80/><F122/><W38/><G125/><T89/><D12/><U100/><E117/><V21/><F118/><W110/><G110/><T126/><D126/><U97/><E121/><V69/><F124/><W79/><G90/><T19/><D44/><U101/><E134/><V95/><F107/><W120/><G120/><T66/><D66/><U28/><E109/><V64/><F37/><W71/><G71/><T22/><D35/><U92/><E28/><V74/><F21/><W51/><G34/><T105/><D81/><N who="1" m="47527" /><E54/><V39/><F39/><W127/><G127/><T5/><D5/><U23/><E128/><V119/><F9/><W116/><G116/><T6/><D6/><U77/><E77/><V16/><F119/><W104/><G104/><N who="0" m="40043" /><D98/><U99/><E129/><V62/><F62/><W13/><G3/><T63/><D61/><U115/><E99/><V31/><F31/><W113/><G10/><T135/><D135/><U102/><E115/><V24/><F16/><AGARI ba="0,0" hai="15,16,23,40,42,92,97,100,101,102,103" m="47527" machi="16" ten="30,2000,0" yaku="8,1,54,1" doraHai="133" who="1" fromWho="2" sc="250,0,250,20,250,-20,250,0" /><INIT seed="1,0,0,2,3,92" ten="250,270,230,250" oya="1" hai0="83,67,74,17,128,35,104,22,77,115,105,127,62" hai1="39,19,99,25,132,8,18,109,96,27,130,97,44" hai2="123,24,59,47,108,60,11,40,64,88,120,73,116" hai3="135,32,110,13,61,101,58,82,6,72,133,42,0"/><U66/><E130/><V71/><F73/><W43/><G0/><T125/><D128/><U20/><E132/><N who="3" m="50762" /><G32/><T5/><D5/><U93/><E109/><V63/><F11/><N who="3" m="4343" /><G110/><T106/><D35/><U76/><E76/><V84/><F108/><W46/><G46/><T41/><D41/><U15/><E66/><V57/><F24/><N who="1" m="9289" /><E39/><V30/><F30/><W129/><G129/><T113/><D17/><U7/><E44/><V81/><F116/><W124/><G124/><N who="0" m="47691" /><D22/><U70/><E70/><AGARI ba="0,0" hai="62,67,70,74,77,83,104,105,106,113,115" m="47691" machi="70" ten="40,2600,0" yaku="18,1,23,1" doraHai="92" who="0" fromWho="1" sc="250,26,270,-26,230,0,250,0" /><INIT seed="2,0,0,3,5,48" ten="276,244,230,250" oya="2" hai0="121,46,35,4,85,25,40,103,108,19,86,44,82" hai1="95,2,50,78,106,45,67,14,77,69,32,100,72" hai2="115,13,38,76,54,112,94,28,105,21,20,5,47" hai3="63,11,56,75,64,60,110,132,122,23,93,118,62"/><V7/><F105/><W33/><G122/><T90/><D121/><U6/><E2/><V43/><F76/><W61/><G33/><T22/><D108/><U0/><E0/><V59/><F115/><W91/><G118/><T128/><D128/><U87/><E32/><V51/><F112/><W3/><G75/><T125/><D125/><U65/><E72/><V37/><F37/><W120/><G110/><T83/><D35/><U49/><E69/><V131/><F131/><W10/><G132/><T80/><D4/><U26/><E26/><V8/><F5/><W58/><G3/><T15/><D103/><U130/><E106/><V113/><F113/><W126/><G126/><T18/><D40/><U116/><E50/><V89/><REACH who="2" step="1"/><F28/><REACH who="2" ten="276,244,220,250" step="2"/><W101/><G120/><T70/><D19/><U92/><E130/><V98/><AGARI ba="0,1" hai="7,8,13,20,21,38,43,47,51,54,59,89,94,98" machi="98" ten="20,12000,1" yaku="1,1,2,1,0,1,7,1,52,1,53,0" doraHai="48" doraHaiUra="24" who="2" fromWho="2" sc="276,-40,244,-40,220,130,250,-40" /><INIT seed="2,1,0,4,3,70" ten="236,204,350,210" oya="2" hai0="96,133,48,51,116,43,44,134,91,123,77,84,73" hai1="108,118,21,82,107,3,17,56,11,75,110,40,69" hai2="122,47,4,97,10,24,55,61,58,125,129,81,92" hai3="16,98,86,80,41,115,6,106,119,38,64,79,29"/><V128/><F122/><W13/><G119/><T59/><D123/><U72/><E69/><V66/><F125/><W25/><G115/><T100/><D116/><U36/><E107/><V130/><F81/><W120/><G6/><T65/><D77/><N who="1" m="44327" /><E75/><V126/><F126/><W74/><G64/><T31/><D31/><U135/><E56/><V57/><F47/><W2/><G2/><T102/><D73/><U8/><E135/><N who="0" m="51721" /><D96/><U117/><E118/><V94/><F24/><W71/><G71/><T101/><D65/><U52/><E52/><N who="2" m="33959" /><F97/><W62/><G62/><T35/><D35/><U95/><E95/><V68/><F68/><W23/><G120/><T32/><D32/><U37/><E117/><V112/><F112/><W22/><G74/><T42/><D59/><U109/><E40/><N who="0" m="15401" /><D44/><U111/><N who="1" m="27648" /><DORA hai="114" /><U30/><E30/><V28/><F28/><W127/><G127/><T45/><D45/><U33/><E33/><V85/><F66/><W7/><G41/><T103/><N who="0" m="25600" /><DORA hai="46" /><T87/><D87/><U121/><E121/><V90/><F58/><W76/><G106/><T34/><D34/><U104/><E104/><V93/><F55/><W14/><G98/><T26/><D26/><N who="1" m="14639" /><E3/><AGARI ba="1,0" hai="3,4,10,85,90,92,93,94,128,129,130" m="33959" machi="3" ten="30,2900,0" yaku="19,1,54,1" doraHai="70,114,46" who="2" fromWho="1" sc="236,0,204,-32,350,32,210,0" /><INIT seed="2,2,0,4,2,121" ten="236,172,382,210" oya="2" hai0="15,114,34,18,66,123,57,45,71,27,87,83,33" hai1="115,36,11,96,126,95,105,77,93,54,80,43,62" hai2="101,127,118,84,125,108,70,102,63,110,12,20,0" hai3="117,6,7,32,8,86,120,76,23,58,4,98,94"/><V67/><F0/><W55/><G32/><T28/><D123/><U48/><E115/><V29/><F118/><W109/><G120/><T2/><D114/><U124/><E105/><V38/><F38/><W131/><G131/><T103/><D2/><U13/><E62/><V25/><F12/><W129/><G129/><T60/><D103/><N who="2" m="39434" /><F84/><W16/><G117/><T128/><D128/><U81/><E43/><V44/><F44/><W47/><G47/><T88/><D45/><U5/><E36/><V130/><F130/><W30/><G109/><AGARI ba="2,0" hai="20,25,29,63,67,70,108,109,110,125,127" m="39434" machi="109" ten="30,12000,1" yaku="14,1,10,1,52,3" doraHai="121" who="2" fromWho="3" sc="236,0,172,0,382,126,210,-126" /><INIT seed="2,3,0,2,5,127" ten="236,172,508,84" oya="2" hai0="11,99,82,124,111,110,104,79,123,26,95,50,69" hai1="31,61,77,70,103,75,62,44,129,65,94,58,96" hai2="119,89,121,30,113,90,13,126,66,73,22,56,76" hai3="24,4,101,86,60,132,118,18,97,88,59,1,105"/><V71/><F71/><W42/><G118/><T14/><D123/><U93/><E31/><V63/><F113/><W80/><G132/><T20/><D104/><U87/><E75/><V83/><F119/><W33/><G42/><T49/><D69/><U2/><E2/><V98/><F121/><W106/><G33/><T107/><D107/><U12/><E129/><V52/><F126/><W78/><G105/><T7/><D124/><U68/><E44/><V45/><F98/><W6/><G1/><T112/><D112/><U25/><E25/><V19/><F30/><W23/><REACH who="3" step="1"/><G78/><REACH who="3" ten="236,172,508,74" step="2"/><T130/><D110/><U125/><E125/><V41/><REACH who="2" step="1"/><F66/><AGARI ba="3,1" hai="4,6,18,23,24,59,60,66,80,86,88,97,101,106" machi="66" ten="30,12000,2" yaku="1,1,2,1,7,1,54,1,53,2" doraHai="127" doraHaiUra="3" who="3" fromWho="2" sc="236,0,172,0,508,-129,74,139" /><INIT seed="3,0,0,2,0,44" ten="236,172,379,213" oya="3" hai0="45,19,32,99,69,128,84,7,28,104,112,93,89" hai1="39,73,27,115,62,29,108,35,110,22,47,58,25" hai2="5,59,24,67,122,113,60,57,81,125,133,55,48" hai3="95,87,46,23,82,135,90,85,9,41,2,1,75"/><W109/><G135/><T130/><D69/><U92/><E115/><V54/><F133/><W121/><G121/><T98/><D7/><U70/><E70/><V3/><F113/><W21/><G109/><T56/><D112/><U40/><E92/><V50/><F125/><W16/><G75/><T18/><D56/><U117/><E117/><V91/><F122/><W97/><G85/><T96/><D104/><U131/><E131/><N who="0" m="50217" /><D45/><U124/><E124/><V43/><F43/><W0/><G9/><T105/><D105/><U53/><REACH who="1" step="1"/><E73/><REACH who="1" ten="236,162,379,213" step="2"/><V33/><F3/><W20/><G16/><AGARI ba="0,1" hai="16,22,25,27,29,35,39,40,47,53,58,62,108,110" machi="16" ten="40,5200,0" yaku="1,1,2,1,54,1,53,0" doraHai="44" doraHaiUra="106" who="1" fromWho="3" sc="236,0,162,62,379,0,213,-52" owari="236,3.6,224,-17.6,379,47.9,161,-33.9" /></mjloggm>