<mjloggm ver="2.3"><GO type="225" lobby="0"/><UN n0="%E4%BF%BA%E3%81%A8%E5%A6%96%E5%A4%A2" n1="%E3%81%AF%E3%82%88%E3%81%8A%E3%81%98%E3%81%95%E3%82%93" n2="%E6%9D%B1%E9%A2%A8%E3%81%AE%E3%81%8D%E3%82%83%E3%81%B7%E3%81%95%E3%82%93" n3="%E5%8D%A0%E3%81%84%E5%B8%AB%E8%A3%8F%E3%81%AA%E3%81%84%E3%81%97" dan="17,17,17,17" rate="2172.57,2184.73,2213.72,2154.28" sx="F,M,M,M"/><TAIKYOKU oya="0"/><INIT seed="0,0,0,1,5,16" ten="250,250,250,250" oya="0" hai0="38,85,52,57,124,63,58,73,22,5,23,131,75" hai1="114,31,97,10,92,86,102,96,93,4,126,116,87" hai2="45,112,108,117,119,17,130,1,56,43,41,115,27" hai3="15,20,135,105,121,49,29,84,35,127,39,109,104"/><T74/><D38/><U37/><E116/><N who="2" m="44619" /><F1/><W110/><G39/><T129/><D124/><U3/><E126/><V95/><F95/><W7/><G127/><T34/><D34/><U122/><E122/><V128/><F17/><N who="3" m="10303" /><G7/><T133/><D133/><U99/><E37/><N who="2" m="21679" /><F27/><N who="3" m="18879" /><G135/><T72/><N who="0" m="18432" /><DORA hai="88" /><T6/><D85/><U123/><E123/><V0/><F43/><W70/><G70/><T65/><D5/><U47/><E47/><V106/><F0/><W55/><G84/><T8/><D8/><U125/><E125/><V113/><F106/><W19/><G19/><T54/><D6/><U48/><E48/><V89/><F89/><W28/><G28/><T90/><D90/><U64/><E114/><V71/><F71/><W111/><G121/><T42/><D42/><U78/><E31/><V53/><F108/><N who="3" m="27651" /><W134/><DORA hai="77" /><G134/><T14/><D14/><U120/><E120/><V51/><AGARI ba="0,0" hai="51,53,56,112,113,115,128,130" m="21679,44619" machi="51" ten="40,5200,0" yaku="12,1,34,2" doraHai="16,88,77" who="2" fromWho="2" sc="250,-26,250,-13,250,52,250,-13" /><INIT seed="1,0,0,4,0,125" ten="224,237,302,237" oya="1" hai0="106,77,51,132,89,79,22,112,86,14,119,120,29" hai1="129,13,109,114,118,127,123,117,0,49,99,85,133" hai2="74,130,94,42,32,27,92,15,26,126,62,96,107" hai3="11,6,104,17,28,97,84,12,116,43,95,33,65"/><U87/><E0/><V80/><F126/><W90/><G116/><T66/><D119/><N who="1" m="45579" /><E13/><V39/><F107/><W75/><G75/><T110/><D112/><U44/><E49/><V4/><F62/><W10/><G43/><T93/><D106/><U9/><E44/><V16/><F4/><W57/><G33/><T46/><D132/><U103/><E9/><V55/><F55/><W54/><G104/><T56/><D110/><U91/><E127/><V7/><F7/><W100/><G28/><T47/><D120/><U135/><E123/><V88/><F42/><W121/><G121/><T35/><D35/><U58/><E58/><V113/><F39/><W41/><G41/><N who="0" m="25039" /><D47/><U37/><E37/><V122/><F32/><W40/><G40/><T8/><D22/><U105/><E114/><V53/><F113/><W115/><G115/><T72/><D72/><U52/><E52/><V3/><F74/><W82/><G65/><T61/><D29/><U81/><E109/><V67/><F3/><W68/><G68/><T18/><AGARI ba="0,0" hai="8,14,18,56,61,66,77,79,86,89,93" m="25039" machi="18" ten="30,1100,0" yaku="8,1" doraHai="125" who="0" fromWho="0" sc="224,11,237,-5,302,-3,237,-3" /><INIT seed="2,0,0,1,1,108" ten="235,232,299,234" oya="2" hai0="129,27,33,102,125,130,87,77,110,78,120,66,90" hai1="92,74,132,71,109,64,134,9,98,93,43,59,41" hai2="80,12,105,48,7,75,114,83,122,8,52,131,82" hai3="28,128,113,62,6,118,126,29,79,73,81,26,44"/><V63/><F105/><W38/><G118/><T11/><D120/><U119/><E119/><V85/><F75/><W112/><G126/><T20/><D33/><U68/><E74/><V18/><F114/><N who="3" m="44139" /><G128/><N who="0" m="49259" /><D110/><U49/><E109/><V121/><F131/><W97/><G6/><T4/><D102/><U50/><E9/><V32/><F32/><N who="3" m="20503" /><G62/><T10/><D66/><U25/><E25/><V19/><F63/><W104/><G29/><N who="0" m="17639" /><D125/><U96/><E59/><N who="2" m="33159" /><F122/><W76/><G76/><N who="0" m="29291" /><D4/><U3/><REACH who="1" step="1"/><E64/><REACH who="1" ten="235,222,299,234" step="2"/><V23/><F121/><W107/><G97/><T58/><D58/><U65/><E65/><V34/><F34/><W37/><G37/><T15/><D15/><U115/><E115/><V124/><F124/><W101/><G101/><T36/><D36/><U30/><E30/><V40/><F7/><W0/><G0/><AGARI ba="0,1" hai="0,3,41,43,49,50,68,71,92,93,96,98,132,134" machi="0" ten="25,3200,0" yaku="1,1,22,2,53,0" doraHai="108" doraHaiUra="100" who="1" fromWho="3" sc="235,0,222,42,299,0,234,-32" /><INIT seed="3,0,0,2,5,55" ten="235,264,299,202" oya="3" hai0="73,26,2,129,33,79,5,42,130,19,44,40,20" hai1="110,65,75,47,120,69,97,126,87,92,68,35,84" hai2="62,132,59,11,107,45,63,54,38,96,104,122,131" hai3="12,114,27,50,36,95,56,39,0,123,10,28,41"/><W29/><G114/><T117/><D117/><U17/><E75/><V61/><F11/><W77/><G123/><T119/><D119/><U105/><E35/><V70/><F122/><W58/><G0/><T46/><D33/><U106/><E120/><V23/><F23/><N who="3" m="15487" /><G39/><T133/><D5/><U109/><E47/><N who="0" m="17961" /><D2/><U124/><E17/><V21/><F132/><W66/><G36/><T52/><D133/><U25/><E25/><V78/><F131/><N who="0" m="50186" /><D52/><U74/><E65/><V24/><F70/><W89/><G77/><T53/><D53/><U15/><E68/><V99/><F78/><W7/><G66/><T14/><D14/><U3/><E69/><V51/><F38/><W81/><G81/><AGARI ba="0,0" hai="19,20,26,40,42,73,79,81" m="50186,17961" machi="81" ten="30,1000,0" yaku="19,1" doraHai="55" who="0" fromWho="3" sc="235,10,264,0,299,0,202,-10" /><INIT seed="4,0,0,5,0,115" ten="245,264,299,192" oya="0" hai0="73,105,67,35,127,118,58,131,41,11,123,43,117" hai1="12,14,102,52,26,39,23,3,95,98,93,120,125" hai2="6,79,69,74,90,122,109,87,100,72,9,57,96" hai3="19,68,21,80,47,128,63,33,38,75,50,46,31"/><T129/><D73/><U126/><E120/><V2/><F69/><W1/><G128/><N who="0" m="49227" /><D123/><U44/><E3/><V37/><F122/><W62/><G1/><T113/><D113/><U111/><E111/><V51/><F37/><W42/><G68/><T101/><D35/><U99/><E39/><V64/><F79/><W36/><G33/><T76/><D76/><U135/><E135/><V121/><F109/><W30/><G75/><T65/><D127/><U24/><E24/><V4/><F4/><W70/><G80/><T48/><D11/><U54/><E125/><V61/><F51/><W10/><G10/><T89/><D89/><U8/><E126/><V114/><F114/><W40/><G50/><T83/><D83/><U82/><E82/><V45/><F45/><W104/><G104/><T130/><D130/><U116/><E116/><N who="0" m="44649" /><D48/><U97/><E8/><V84/><F121/><W25/><REACH who="3" step="1"/><G70/><REACH who="3" ten="245,264,299,182" step="2"/><T17/><D105/><U0/><E0/><V78/><F72/><W18/><G18/><T53/><D17/><U108/><E108/><V71/><F71/><W119/><G119/><T22/><D22/><U55/><E44/><V92/><F74/><W94/><G94/><T13/><D41/><U106/><E106/><V34/><F34/><W134/><G134/><T77/><D43/><U15/><E95/><N who="2" m="58399" /><F78/><W29/><AGARI ba="0,1" hai="19,21,25,29,30,31,36,38,40,42,46,47,62,63" machi="29" ten="30,4000,0" yaku="1,1,0,1,9,1,53,0" doraHai="115" doraHaiUra="132" who="3" fromWho="3" sc="245,-20,264,-10,299,-10,182,50" /><INIT seed="5,0,0,4,3,99" ten="225,254,289,232" oya="1" hai0="76,11,95,77,35,15,18,93,41,38,124,7,61" hai1="21,120,128,43,31,84,102,87,20,27,44,129,14" hai2="68,111,74,98,57,62,30,122,13,131,50,88,112" hai3="32,105,47,82,42,126,86,119,72,94,79,0,2"/><U69/><E120/><V67/><F111/><W123/><G123/><T106/><D106/><U55/><E69/><V36/><F74/><W12/><G126/><T19/><D124/><U52/><E102/><V8/><F36/><W92/><G32/><T58/><D35/><U54/><E20/><V81/><F30/><W115/><G115/><T64/><D41/><U73/><E14/><V66/><F131/><N who="1" m="50249" /><E73/><V5/><F112/><W70/><G12/><T89/><D38/><AGARI ba="0,0" hai="21,27,31,38,43,44,52,54,55,84,87" m="50249" machi="38" ten="30,2900,0" yaku="19,1,54,1" doraHai="99" who="1" fromWho="0" sc="225,-29,254,29,289,0,232,0" /><INIT seed="5,1,0,4,2,30" ten="196,283,289,232" oya="1" hai0="7,41,105,95,42,38,69,61,39,102,112,2,36" hai1="111,94,118,107,131,29,129,99,28,59,103,35,26" hai2="65,109,67,9,62,101,50,47,5,128,3,127,86" hai3="93,114,16,6,133,1,8,82,25,34,45,132,104"/><U32/><E118/><V134/><F134/><N who="3" m="51819" /><G104/><T13/><D95/><U18/><E111/><V64/><F127/><W4/><G45/><T40/><D13/><U70/><E70/><V71/><F128/><N who="1" m="49225" /><E59/><V23/><F109/><W43/><G43/><T24/><D112/><U49/><E49/><V90/><F23/><N who="3" m="13543" /><G82/><T53/><D24/><N who="1" m="18439" /><E18/><V124/><F101/><W73/><G114/><T19/><D19/><U55/><E55/><V44/><F124/><W15/><G93/><AGARI ba="1,0" hai="26,29,35,93,94,99,103,107" m="18439,49225" machi="93" ten="30,5800,0" yaku="19,1,52,2" doraHai="30" who="1" fromWho="3" sc="196,0,283,61,289,0,232,-61" owari="196,-20.4,344,44.4,289,8.9,171,-32.9" /></mjloggm>