<mjloggm ver="2.3"><GO type="225" lobby="0"/><UN n0="%E3%81%AF%E3%82%88%E3%81%8A%E3%81%98%E3%81%95%E3%82%93" n1="%38%63%E3%81%AF%E3%81%A3%E3%81%97%E3%83%BC" n2="%E8%BE%9B%E5%8F%A3%E3%82%AB%E3%83%AC%E3%83%BC%E3%83%A9%E3%82%A4%E3%82%B9" n3="%6D%75%75%6D%75%72%61" dan="17,16,16,16" rate="2196.88,2112.24,2203.92,2154.18" sx="M,M,M,F"/><TAIKYOKU oya="0"/><INIT seed="0,0,0,0,0,15" ten="250,250,250,250" oya="0" hai0="120,111,85,61,43,68,105,58,86,134,9,132,108" hai1="60,33,91,57,110,45,26,107,124,100,40,114,52" hai2="42,92,79,72,99,14,50,76,109,117,69,1,130" hai3="54,65,16,119,3,2,123,55,35,89,88,116,67"/><T81/><D120/><U5/><E110/><N who="0" m="42025" /><D105/><U34/><E124/><V70/><F109/><W13/><G35/><T56/><D43/><U7/><E114/><V78/><F1/><W96/><G123/><T59/><D9/><U71/><E100/><V25/><F72/><W93/><G2/><T0/><D0/><U30/><E107/><V125/><F125/><W128/><G3/><T97/><D97/><U17/><E34/><V51/><F130/><W74/><G74/><T64/><D85/><U29/><E29/><V48/><F117/><W27/><G128/><T84/><D86/><U122/><E122/><V135/><F135/><N who="0" m="51754" /><D68/><U10/><E71/><V23/><F42/><W133/><G133/><T22/><D22/><U37/><E91/><AGARI ba="0,0" hai="56,58,59,61,64,81,84,91" m="51754,42025" machi="91" ten="30,5800,0" yaku="14,1,10,1,20,1" doraHai="15" who="0" fromWho="1" sc="250,58,250,-58,250,0,250,0" /><INIT seed="0,1,0,3,5,77" ten="308,192,250,250" oya="0" hai0="129,130,116,35,42,62,9,5,123,133,26,113,52" hai1="11,97,18,56,107,96,3,53,27,60,54,72,90" hai2="33,10,40,45,88,38,84,106,127,30,109,25,70" hai3="12,120,85,28,19,61,128,74,126,6,83,131,71"/><T110/><D113/><U103/><E72/><V65/><F109/><W44/><G126/><T57/><D116/><U50/><E3/><V118/><F127/><W94/><G74/><T91/><D123/><U21/><E11/><V13/><F118/><W78/><G120/><T41/><D110/><U16/><E18/><V58/><F106/><W114/><G114/><T80/><D133/><U125/><E125/><V4/><F70/><W24/><G6/><T92/><D35/><U2/><E2/><V100/><F100/><W98/><G44/><T75/><D26/><U111/><E111/><V121/><F121/><W29/><G61/><T95/><D95/><U87/><E97/><V51/><F65/><W112/><G71/><T43/><D75/><U66/><REACH who="1" step="1"/><E50/><REACH who="1" ten="308,182,250,250" step="2"/><V55/><F84/><W59/><G112/><T104/><D9/><U37/><E37/><V49/><F38/><W48/><G128/><T23/><D5/><U20/><E20/><V46/><F46/><W135/><G131/><T73/><D23/><U34/><E34/><V68/><F68/><W14/><G135/><T119/><D119/><U69/><E69/><V102/><F102/><N who="3" m="60759" /><G24/><T122/><D122/><U79/><E79/><V115/><F115/><W1/><G1/><T117/><D117/><U82/><AGARI ba="1,1" hai="16,21,27,53,54,56,60,66,82,87,90,96,103,107" machi="82" ten="20,12000,2" yaku="1,1,0,1,7,1,52,1,54,1,53,1" doraHai="77" doraHaiUra="93" who="1" fromWho="1" sc="308,-61,182,133,250,-31,250,-31" /><INIT seed="1,0,0,5,5,126" ten="247,315,219,219" oya="1" hai0="46,87,43,70,52,62,54,97,90,15,63,119,102" hai1="45,81,13,74,86,5,11,95,89,84,32,12,68" hai2="1,56,66,124,69,98,88,21,93,39,83,106,92" hai3="123,61,29,94,120,17,73,14,36,22,82,42,26"/><U24/><E68/><V132/><F124/><W16/><G94/><T130/><D119/><U51/><E74/><V109/><F109/><W28/><G61/><T118/><D118/><U101/><E32/><V38/><F132/><W133/><G133/><T103/><D130/><U47/><E24/><V53/><F106/><W125/><G125/><T2/><D2/><U31/><E31/><V127/><F127/><W75/><G29/><T115/><D115/><U114/><E114/><V129/><F1/><W67/><G67/><T10/><D70/><U99/><E51/><V59/><F129/><W128/><G128/><T113/><D113/><U41/><E41/><V50/><F69/><W34/><G17/><T25/><D25/><U107/><REACH who="1" step="1"/><E13/><REACH who="1" ten="247,305,219,219" step="2"/><V6/><F39/><W122/><REACH who="3" step="1"/><G82/><REACH who="3" ten="247,305,219,209" step="2"/><T9/><D62/><U57/><E57/><V108/><F83/><W27/><G27/><T35/><D63/><U0/><E0/><V44/><F59/><W58/><G58/><T71/><D71/><U20/><E20/><V4/><F21/><W19/><G19/><T135/><D135/><U76/><AGARI ba="0,2" hai="5,11,12,45,47,76,81,84,86,89,95,99,101,107" machi="76" ten="20,7800,0" yaku="1,1,0,1,7,1,53,1" doraHai="126" doraHaiUra="91" who="1" fromWho="1" sc="247,-26,305,98,219,-26,209,-26" /><INIT seed="1,1,0,2,0,51" ten="221,403,193,183" oya="1" hai0="97,134,56,38,7,88,74,55,59,99,44,79,116" hai1="26,8,28,132,6,57,91,73,9,41,126,42,75" hai2="81,13,95,67,129,19,10,111,124,27,66,80,61" hai3="101,11,85,53,82,122,23,49,77,121,37,18,17"/><U109/><E126/><V71/><F111/><W5/><G37/><T25/><D116/><U94/><E132/><V96/><F129/><W45/><G101/><T128/><D128/><U76/><E9/><V2/><F124/><W105/><G105/><T40/><D134/><U107/><E107/><V60/><F2/><W125/><G125/><T33/><D7/><U30/><E30/><V89/><REACH who="2" step="1"/><F27/><REACH who="2" ten="221,403,183,183" step="2"/><W21/><G18/><T54/><D25/><U92/><E109/><V29/><F29/><W69/><G69/><AGARI ba="1,1" hai="10,13,19,60,61,66,67,69,71,80,81,89,95,96" machi="69" ten="30,3900,0" yaku="1,1,7,1,9,1,53,0" doraHai="51" doraHaiUra="123" who="2" fromWho="3" sc="221,0,403,0,183,52,183,-42" /><INIT seed="2,0,0,2,1,62" ten="221,403,235,141" oya="2" hai0="29,84,123,101,36,73,102,85,46,19,135,88,39" hai1="108,43,13,130,33,45,3,50,35,23,115,96,7" hai2="52,38,80,82,127,109,55,105,57,34,24,0,17" hai3="54,117,37,31,30,134,11,75,99,113,53,94,104"/><V64/><F105/><W131/><G117/><T6/><D73/><U21/><E115/><V86/><F38/><W5/><G113/><T68/><D123/><U69/><E3/><V106/><F106/><W92/><G131/><T76/><D68/><U121/><E130/><V95/><F0/><W9/><G134/><T119/><D135/><U98/><E69/><V87/><F127/><W28/><G104/><T49/><D119/><U122/><E108/><V41/><F41/><W126/><G126/><T114/><D114/><U18/><E7/><V25/><F34/><N who="1" m="12809" /><E23/><N who="2" m="13423" /><F25/><W61/><G75/><T132/><D132/><U79/><E79/><N who="2" m="46367" /><F95/><W112/><G37/><T103/><D29/><U83/><E83/><V10/><F10/><W16/><G112/><T47/><D36/><U72/><E72/><V81/><F81/><W74/><G74/><T12/><D39/><U48/><E50/><V42/><F42/><W70/><G94/><N who="0" m="54535" /><D49/><U2/><E2/><V116/><F116/><W111/><G111/><T110/><D6/><U60/><E60/><N who="2" m="37903" /><F109/><W100/><G70/><T14/><D110/><U32/><E32/><V8/><F8/><W97/><G61/><T51/><D51/><U1/><E1/><V89/><AGARI ba="0,0" hai="52,55,82,87,89" m="37903,46367,13423" machi="89" ten="30,6000,0" yaku="8,1,52,1,54,1" doraHai="62" who="2" fromWho="2" sc="221,-20,403,-20,235,60,141,-20" /><INIT seed="2,1,0,4,1,127" ten="201,383,295,121" oya="2" hai0="79,33,96,116,16,45,70,107,6,17,20,81,25" hai1="28,128,93,42,114,4,78,10,18,27,99,94,14" hai2="23,123,120,104,122,63,56,100,9,132,124,89,83" hai3="55,75,43,125,15,91,65,35,76,53,24,3,7"/><V40/><F124/><W111/><G3/><T2/><D70/><U108/><E114/><V59/><F132/><W68/><G125/><T66/><D66/><U117/><E117/><V38/><F104/><W86/><G111/><T84/><D33/><U30/><E108/><V46/><F100/><W129/><G75/><T49/><D116/><U54/><E42/><V102/><F102/><W71/><G43/><T101/><D2/><U110/><E78/><V98/><F9/><W29/><G76/><T50/><D6/><U133/><E133/><V51/><F23/><W41/><G41/><T87/><D45/><U8/><E93/><V60/><F98/><W97/><G97/><T106/><D107/><U1/><E54/><N who="2" m="33815" /><F89/><W11/><G129/><T74/><D17/><U77/><E128/><V119/><F83/><W103/><G103/><T69/><D69/><U19/><E77/><V26/><F26/><W118/><G118/><T32/><D32/><U0/><E0/><V22/><F22/><W52/><REACH who="3" step="1"/><G65/><REACH who="3" ten="201,383,295,111" step="2"/><T88/><D87/><U121/><E110/><V112/><F119/><W58/><G58/><T135/><D135/><U130/><E130/><V90/><F112/><W113/><G113/><T105/><D106/><U115/><E115/><V57/><F90/><W134/><G134/><T36/><D36/><U126/><E126/><V72/><F72/><W73/><G73/><T92/><AGARI ba="1,1" hai="16,20,25,49,50,74,79,81,84,88,92,96,101,105" machi="92" ten="20,12000,2" yaku="0,1,7,1,24,2,54,2" doraHai="127" who="0" fromWho="0" sc="201,133,383,-31,295,-61,111,-31" /><INIT seed="3,0,0,2,5,15" ten="334,352,234,80" oya="3" hai0="128,96,67,124,65,13,123,64,9,11,47,31,92" hai1="85,56,17,91,98,10,106,101,125,102,42,83,109" hai2="119,116,49,70,7,66,107,117,78,63,57,126,34" hai3="90,30,86,0,115,69,26,46,121,118,112,59,87"/><W82/><G118/><T24/><D123/><U3/><E109/><V36/><F107/><W32/><G69/><T43/><D124/><U110/><E110/><V54/><F34/><W68/><G68/><T97/><D128/><U75/><E125/><V93/><F126/><W108/><G121/><T105/><D105/><U120/><E120/><V21/><F78/><W131/><G108/><T88/><D97/><U127/><E127/><V95/><F7/><W8/><G131/><T122/><D122/><U4/><E102/><V77/><F77/><W62/><G46/><T84/><D96/><U44/><E56/><V134/><F134/><W100/><G100/><T94/><D92/><U89/><E17/><V35/><F35/><W80/><G0/><T129/><D129/><U114/><E75/><V12/><F36/><W73/><G73/><T130/><D130/><U55/><E55/><V6/><REACH who="2" step="1"/><F21/><REACH who="2" ten="334,352,224,80" step="2"/><W76/><REACH who="3" step="1"/><G8/><AGARI ba="0,1" hai="6,8,12,49,54,57,63,66,70,93,95,116,117,119" machi="8" ten="40,2600,0" yaku="1,1,2,1,53,0" doraHai="15" doraHaiUra="79" who="2" fromWho="3" sc="334,0,352,0,224,36,80,-26" owari="334,13.4,352,45.2,260,-14.0,54,-44.6" /></mjloggm>