<mjloggm ver="2.3"><GO type="225" lobby="0"/><UN n0="%47%68%6F%73%74%55%30" n1="%E3%83%81%E3%83%83%E3%82%BF%E3%82%BD%E3%83%BC" n2="%74%2E%6F%2E%6F%2E%73" n3="%72%65%6E%6B%75%6E" dan="17,17,18,17" rate="2135.03,2191.67,2156.15,2249.79" sx="F,F,M,M"/><TAIKYOKU oya="0"/><INIT seed="0,0,0,2,0,31" ten="250,250,250,250" oya="0" hai0="46,93,43,48,0,123,82,2,116,16,74,5,7" hai1="21,72,99,121,14,128,84,44,19,29,36,8,106" hai2="103,73,131,113,83,101,38,54,37,129,17,109,114" hai3="88,59,62,90,118,49,9,58,63,68,71,13,104"/><T28/><D116/><U60/><E128/><N who="2" m="49227" /><F17/><W111/><G104/><T108/><D123/><U10/><E121/><V52/><F73/><W95/><G118/><T86/><D108/><U107/><E72/><V115/><F83/><W53/><G111/><T135/><D135/><U3/><E84/><V57/><F109/><W25/><G25/><T40/><D28/><U133/><E133/><V6/><F6/><N who="0" m="2058" /><D0/><U42/><E99/><V91/><F91/><W1/><G1/><T92/><D2/><U119/><E119/><V12/><F12/><W65/><G62/><T124/><D124/><U132/><E132/><V98/><F57/><W4/><REACH who="3" step="1"/><G90/><REACH who="3" ten="250,250,250,240" step="2"/><N who="0" m="51543" /><D74/><U78/><E3/><V66/><F103/><W24/><G24/><T100/><D100/><U110/><E110/><V126/><F126/><W117/><G117/><T55/><D16/><U105/><E29/><V41/><F113/><W11/><G11/><T120/><D120/><U134/><E134/><V70/><F114/><W81/><G81/><T22/><D22/><U76/><E60/><V35/><F115/><W87/><AGARI ba="0,1" hai="4,9,13,49,53,58,59,63,65,68,71,87,88,95" machi="87" ten="20,5200,0" yaku="1,1,0,1,7,1,54,1,53,0" doraHai="31" doraHaiUra="130" who="3" fromWho="3" sc="250,-26,250,-13,250,-13,240,62" /><INIT seed="1,0,0,3,3,101" ten="224,237,237,302" oya="1" hai0="0,33,45,35,73,108,127,109,13,70,110,21,41" hai1="49,89,93,118,99,58,111,74,112,120,113,7,30" hai2="106,61,132,16,25,67,14,43,117,69,24,126,83" hai3="92,27,26,103,38,66,95,36,52,19,102,133,79"/><U47/><E118/><V130/><F117/><W63/><G133/><T34/><D70/><U105/><E120/><V2/><F132/><W39/><G79/><T31/><D73/><U46/><E74/><V114/><F2/><W48/><G103/><T123/><D0/><U131/><E131/><V134/><F134/><W98/><G95/><T23/><D123/><U91/><E7/><V18/><F130/><W85/><G85/><T97/><D127/><U11/><E11/><V128/><F128/><W54/><G19/><N who="0" m="10479" /><D97/><U8/><E8/><V72/><F126/><W124/><G124/><T32/><D23/><U42/><E30/><V104/><F114/><W3/><G3/><T1/><D1/><U55/><E46/><V129/><F43/><W116/><G116/><T57/><D57/><U10/><E10/><V51/><F51/><W125/><G125/><T100/><D100/><U81/><E111/><N who="0" m="28417" /><T86/><DORA hai="75" /><D86/><U80/><E112/><V20/><F129/><W71/><REACH who="3" step="1"/><G54/><REACH who="3" ten="224,237,237,292" step="2"/><T60/><D34/><U9/><E113/><V135/><F135/><W12/><G12/><T78/><D78/><U28/><E55/><V90/><F25/><W6/><G6/><T56/><D32/><U119/><E119/><V94/><F72/><W4/><G4/><T115/><D115/><U5/><E5/><V77/><F77/><W121/><G121/><T68/><D31/><U107/><E28/><V17/><F83/><W62/><G62/><T53/><D68/><U22/><E80/><V44/><F14/><W65/><G65/><T82/><D82/><U88/><E81/><RYUUKYOKU ba="0,1" sc="224,15,237,-15,237,-15,292,15" hai0="33,35,41,45,53,56,60" hai3="26,27,36,38,39,48,52,63,66,71,92,98,102" /><INIT seed="2,1,1,2,4,130" ten="239,222,222,307" oya="2" hai0="109,114,71,52,41,83,42,35,74,43,91,65,78" hai1="7,70,21,44,132,131,86,37,23,88,51,108,60" hai2="81,119,75,72,10,100,57,115,68,15,69,107,32" hai3="128,80,22,127,98,9,110,25,38,58,126,27,135"/><V95/><F32/><W103/><G38/><T36/><D114/><U101/><E108/><V40/><F115/><W129/><G110/><T94/><D109/><U87/><E131/><N who="3" m="50250" /><G80/><T29/><D65/><U18/><E37/><V111/><F111/><W125/><G9/><T59/><D71/><U105/><E7/><V1/><F1/><W84/><G84/><T13/><D36/><U120/><E120/><V34/><F107/><N who="3" m="63991" /><G135/><T19/><D94/><U134/><E86/><V116/><F95/><W16/><G58/><T124/><D91/><U5/><E5/><V62/><F81/><W30/><G25/><T2/><D2/><U85/><E85/><V0/><F0/><W48/><G48/><T96/><D96/><U47/><E101/><V89/><F100/><W61/><G61/><T6/><D6/><U104/><E60/><V8/><F62/><W118/><G118/><T67/><D67/><U102/><E70/><V53/><F57/><W50/><G50/><N who="0" m="31127" /><D124/><U122/><E122/><V3/><F3/><W121/><G121/><T93/><D93/><N who="1" m="54431" /><E44/><V17/><F116/><W31/><AGARI ba="1,1" hai="16,22,27,30,31,125,126,127" m="63991,50250" machi="31" ten="40,5200,0" yaku="18,1,19,1,54,1" doraHai="130" who="3" fromWho="3" sc="239,-14,222,-14,222,-27,307,65" /><INIT seed="3,0,0,2,5,37" ten="225,208,195,372" oya="3" hai0="53,135,82,2,134,104,110,116,43,25,27,72,108" hai1="4,73,87,42,126,103,105,57,122,48,50,124,32" hai2="3,45,19,96,66,97,34,67,52,59,100,115,101" hai3="70,109,10,120,64,28,46,36,40,9,132,26,61"/><W128/><G120/><T86/><D116/><U58/><E73/><V112/><F3/><W22/><G132/><N who="0" m="50731" /><D2/><U107/><E122/><V102/><F34/><W39/><G128/><T125/><D125/><N who="1" m="48235" /><E32/><V114/><F45/><W35/><G109/><N who="0" m="42091" /><D104/><N who="1" m="40011" /><E103/><V127/><F127/><W47/><G35/><T16/><D72/><U55/><E4/><V12/><F96/><W31/><G31/><T51/><D16/><U71/><E71/><V24/><F97/><W68/><G68/><T5/><D5/><U30/><E87/><V15/><F24/><W69/><G69/><T129/><D43/><AGARI ba="0,0" hai="9,10,22,26,28,36,39,40,43,46,47,61,64,70" machi="43" ten="40,7700,0" yaku="9,1,52,2" doraHai="37" who="3" fromWho="0" sc="225,-77,208,0,195,0,372,77" owari="148,-35.2,208,0.8,195,-20.5,449,54.9" /></mjloggm>