<mjloggm ver="2.3"><GO type="225" lobby="0"/><UN n0="%E3%82%B2%E3%82%B9%E8%8C%82%E5%8B%9D" n1="%E5%B0%8F%37%34" n2="%E8%AB%B8%E8%91%9B%E4%BA%AE" n3="%E3%81%BE%E3%81%A8%E3%81%9F" dan="16,16,16,16" rate="2095.74,2131.09,2134.30,2103.37" sx="F,M,M,M"/><TAIKYOKU oya="0"/><INIT seed="0,0,0,3,2,103" ten="250,250,250,250" oya="0" hai0="75,13,17,80,3,85,100,73,117,129,29,131,113" hai1="21,114,15,9,91,63,69,71,41,86,59,7,14" hai2="40,123,93,118,130,106,125,107,78,31,51,12,4" hai3="124,49,64,44,62,109,120,83,23,128,76,50,6"/><T54/><D117/><U47/><E114/><V0/><F123/><W115/><G120/><T97/><D113/><U57/><E21/><V28/><F0/><W58/><G128/><N who="0" m="49227" /><D3/><U90/><E15/><V8/><F125/><W10/><G115/><T35/><D54/><U111/><E111/><V108/><F130/><W126/><G109/><T56/><D56/><U132/><E132/><V81/><F108/><W65/><G65/><T42/><D42/><U16/><E7/><V116/><F93/><W45/><G23/><N who="0" m="11695" /><D29/><U98/><E57/><V77/><F77/><W67/><G67/><T27/><D27/><U60/><E60/><V19/><F19/><W101/><G62/><T96/><D96/><U82/><E98/><V84/><F31/><W122/><G58/><T37/><D37/><U55/><REACH who="1" step="1"/><E91/><REACH who="1" ten="250,240,250,250" step="2"/><V104/><F28/><W26/><G122/><T102/><D35/><U66/><E66/><V105/><N who="2" m="26624" /><DORA hai="38" /><V79/><F78/><W112/><G112/><T68/><D68/><U61/><E61/><V121/><F121/><W88/><G124/><T5/><D5/><U52/><E52/><V2/><F2/><W39/><G6/><T48/><D97/><U134/><E134/><V135/><F135/><W11/><G126/><T18/><D18/><U70/><E70/><V33/><F33/><W1/><G1/><T89/><D89/><U24/><E24/><V30/><F30/><W94/><G26/><T43/><D100/><U99/><E99/><V22/><F22/><W74/><G101/><T20/><D102/><U92/><E92/><V72/><F72/><RYUUKYOKU ba="0,1" sc="250,-15,240,15,250,15,250,-15" hai1="9,14,16,41,47,55,59,63,69,71,82,86,90" hai2="4,8,12,40,51,79,81,84,116,118" /><INIT seed="1,1,1,2,5,46" ten="235,255,265,235" oya="1" hai0="74,28,25,8,110,55,70,80,53,69,24,130,52" hai1="50,100,87,5,124,66,92,77,14,68,112,117,86" hai2="67,101,0,9,3,127,2,37,21,81,63,118,103" hai3="116,65,20,96,10,7,11,32,30,29,40,120,72"/><U132/><E117/><V47/><F118/><W125/><G116/><T84/><D110/><U121/><E112/><V4/><F127/><W6/><G72/><T1/><D74/><U105/><E121/><V27/><F81/><W97/><G65/><T34/><D130/><U93/><E124/><V64/><F47/><W26/><G125/><T76/><REACH who="0" step="1"/><D24/><REACH who="0" ten="225,255,265,235" step="2"/><U94/><E132/><V79/><F27/><W98/><G120/><T131/><D131/><U41/><E68/><V57/><F37/><W51/><G32/><T123/><D123/><U58/><E105/><V91/><F0/><W16/><G7/><AGARI ba="1,2" hai="1,7,8,25,28,34,52,53,55,69,70,76,80,84" machi="7" ten="40,5200,0" yaku="1,1,54,1,53,1" doraHai="46" doraHaiUra="22" who="0" fromWho="3" sc="225,75,255,0,265,0,235,-55" /><INIT seed="2,0,0,5,2,111" ten="300,255,265,180" oya="2" hai0="10,128,105,6,97,44,50,15,54,45,75,93,56" hai1="29,52,99,18,5,7,121,134,1,86,16,31,27" hai2="49,135,110,129,63,61,24,0,126,60,107,109,32" hai3="2,68,130,74,84,28,30,103,42,118,132,72,133"/><V69/><F0/><W19/><G118/><T47/><D128/><U25/><E99/><V36/><F36/><W123/><G123/><T46/><D75/><U48/><E121/><V91/><F107/><W55/><G2/><T114/><D105/><U20/><E134/><V23/><F32/><W101/><G68/><T76/><D76/><U22/><E86/><V115/><F135/><W26/><G19/><T34/><D34/><U120/><E120/><V108/><F129/><W119/><G26/><T53/><D114/><U83/><E83/><V125/><F69/><W35/><G35/><T33/><D33/><U94/><E94/><V124/><F49/><W38/><G84/><T65/><D65/><U41/><E41/><V14/><F91/><W9/><G9/><T82/><D82/><U92/><E92/><V21/><F14/><W37/><G130/><T77/><D77/><U66/><E66/><V78/><F78/><W43/><REACH who="3" step="1"/><G119/><REACH who="3" ten="300,255,265,170" step="2"/><T131/><D131/><U104/><E1/><V95/><F24/><W11/><G11/><T96/><REACH who="0" step="1"/><D93/><REACH who="0" ten="290,255,265,170" step="2"/><U80/><E104/><V102/><F95/><W3/><G3/><T59/><D59/><N who="1" m="33159" /><E80/><V4/><F110/><W116/><G116/><T17/><D17/><AGARI ba="0,2" hai="5,7,16,17,18,20,22,25,27,29,31" m="33159" machi="17" ten="30,3900,0" yaku="8,1,54,2" doraHai="111" who="1" fromWho="0" sc="290,-39,255,59,265,0,170,0" /><INIT seed="3,0,0,0,0,0" ten="251,314,265,170" oya="3" hai0="26,135,106,35,97,90,124,55,56,109,82,101,3" hai1="29,91,115,93,17,16,57,43,111,48,132,25,50" hai2="18,66,102,33,73,38,72,40,71,67,116,4,58" hai3="84,22,2,104,60,78,107,120,98,112,54,108,44"/><W118/><G112/><T74/><D109/><U47/><E115/><V114/><F116/><W121/><G118/><T133/><D124/><U8/><E111/><V128/><F33/><W30/><G108/><T117/><D117/><U96/><E132/><N who="0" m="50761" /><D3/><U20/><E8/><V46/><F114/><W89/><G2/><T92/><D26/><U19/><E57/><V77/><F128/><W6/><G78/><N who="0" m="44375" /><D35/><U79/><REACH who="1" step="1"/><E79/><REACH who="1" ten="251,304,265,170" step="2"/><V113/><F77/><W45/><G98/><N who="0" m="57623" /><D56/><U5/><E5/><V68/><F4/><W70/><G6/><T83/><D55/><U37/><AGARI ba="0,1" hai="16,17,19,20,25,29,37,43,47,48,50,91,93,96" machi="37" ten="30,4000,0" yaku="1,1,0,1,54,1,53,0" doraHai="0" doraHaiUra="10" who="1" fromWho="1" sc="251,-10,304,50,265,-10,170,-20" owari="241,-15.9,354,45.4,255,5.5,150,-35.0" /></mjloggm>