<mjloggm ver="2.3"><GO type="225" lobby="0"/><UN n0="%E5%84%AA%40%41%42%43" n1="%E3%82%BC%E3%83%AB%E3%83%80%E3%81%AE%E4%BC%9D%E8%AA%AC" n2="%E8%A8%88%E7%AE%97%E6%A9%9F%E8%87%AA%E7%84%B6" n3="%E7%B4%94%E6%BD%94%E3%83%94%E3%83%A9%E3%83%8B%E3%82%A2" dan="17,16,17,16" rate="2257.36,2157.24,2242.14,2177.06" sx="M,M,M,M"/><TAIKYOKU oya="0"/><INIT seed="0,0,0,0,2,53" ten="250,250,250,250" oya="0" hai0="79,68,82,0,35,65,10,118,135,83,31,112,38" hai1="104,58,45,71,78,103,32,51,96,88,131,72,120" hai2="115,19,30,123,33,111,16,54,11,2,61,113,27" hai3="90,21,94,84,64,5,129,60,87,34,108,99,62"/><T41/><D112/><N who="2" m="43082" /><F54/><W95/><G34/><T127/><D118/><U1/><E71/><V100/><F61/><W56/><G108/><T109/><D83/><U8/><E120/><V76/><F100/><W26/><G129/><T4/><D135/><U102/><E131/><V9/><F76/><W57/><G5/><T40/><D40/><U98/><E32/><V92/><F92/><W6/><G6/><T7/><D4/><U43/><E1/><V59/><F59/><N who="3" m="36895" /><G62/><T46/><D109/><U77/><E8/><N who="2" m="3147" /><F111/><W93/><G87/><T107/><D127/><U18/><E72/><V86/><F86/><W132/><G132/><T42/><D42/><U125/><E125/><V13/><F123/><W116/><G116/><T124/><D124/><U101/><E18/><N who="2" m="6699" /><F13/><W63/><G63/><T110/><D110/><U134/><E134/><V28/><F28/><N who="3" m="17487" /><G93/><T106/><D65/><U23/><E104/><V14/><F14/><W119/><G119/><T67/><D67/><U75/><E75/><V105/><F105/><W89/><AGARI ba="0,0" hai="56,57,84,89,90,94,95,99" m="17487,36895" machi="89" ten="30,7900,0" yaku="8,1,52,3" doraHai="53" who="3" fromWho="3" sc="250,-39,250,-20,250,-20,250,79" /><INIT seed="1,0,0,1,1,97" ten="211,230,230,329" oya="1" hai0="132,86,1,61,54,17,116,102,40,33,67,71,55" hai1="48,4,121,105,7,65,120,66,106,78,100,129,90" hai2="107,123,11,133,42,60,113,53,110,50,82,57,89" hai3="16,26,112,45,88,62,44,8,79,28,27,73,39"/><U104/><E78/><V69/><F123/><N who="1" m="47177" /><E48/><V15/><F110/><W84/><G112/><T68/><D116/><U47/><E90/><V46/><F133/><W2/><G2/><T101/><D33/><U30/><E47/><N who="3" m="17994" /><G28/><T114/><D1/><U58/><E58/><V43/><F113/><W6/><G6/><N who="1" m="2090" /><E30/><V119/><F107/><W56/><G39/><T29/><D114/><U36/><E36/><V14/><F119/><W76/><G73/><T21/><D29/><U127/><E127/><V25/><F69/><W99/><G99/><T51/><D71/><U20/><E20/><V131/><F42/><W118/><G118/><T75/><D75/><U12/><E12/><V96/><F15/><N who="3" m="7271" /><G79/><T80/><D40/><U117/><E117/><V85/><F96/><W108/><G76/><N who="0" m="46343" /><D68/><U19/><E19/><N who="2" m="8671" /><F43/><W124/><G124/><T92/><D132/><U93/><E129/><V3/><F131/><W35/><G56/><N who="0" m="37287" /><D92/><U122/><E122/><V10/><F3/><W87/><G62/><T41/><D41/><U59/><E59/><V34/><F57/><W31/><G31/><T130/><D130/><U18/><E18/><V81/><F60/><W0/><G0/><T91/><D91/><U115/><E115/><V70/><F70/><W72/><G88/><T52/><D51/><U74/><E74/><V5/><F89/><W111/><G72/><T37/><D37/><U94/><E94/><V83/><F85/><W109/><G84/><T103/><D17/><U77/><E77/><V134/><F46/><W32/><G87/><T125/><D125/><U126/><E126/><RYUUKYOKU ba="0,0" sc="211,10,230,10,230,-30,329,10" hai0="21,52,54,55,101,102,103" hai1="65,66,93,100,104,105,106" hai3="26,27,32,35,108,109,111" /><INIT seed="1,1,0,4,0,72" ten="221,240,200,339" oya="1" hai0="28,34,29,114,80,31,71,110,24,55,121,87,97" hai1="79,127,135,37,129,86,0,44,64,117,102,88,116" hai2="12,13,39,51,26,106,5,65,32,60,57,45,2" hai3="119,70,42,85,63,35,48,22,33,100,111,118,132"/><U3/><E102/><V90/><F106/><W19/><G111/><T131/><D114/><U10/><E64/><V130/><F130/><W77/><G132/><T103/><D110/><U92/><E135/><V40/><F2/><W23/><G23/><T68/><D131/><U94/><E129/><V36/><F90/><W27/><G100/><T58/><D121/><U73/><E94/><V8/><REACH who="2" step="1"/><F12/><REACH who="2" ten="221,240,190,339" step="2"/><N who="3" m="9575" /><G119/><T91/><D71/><U78/><E127/><V66/><F66/><W113/><G118/><T99/><D68/><U115/><E115/><V7/><F7/><W52/><G70/><T6/><D99/><U9/><E0/><V25/><F25/><W47/><G27/><T11/><D97/><U134/><E134/><V82/><F82/><N who="3" m="47311" /><G113/><T59/><D103/><U96/><E3/><V54/><F54/><W98/><G98/><T61/><D24/><U93/><E117/><V133/><F133/><W49/><G35/><T76/><D34/><U38/><E116/><V20/><F20/><W126/><G33/><T4/><D91/><U84/><E96/><V53/><F53/><W62/><G126/><T124/><D124/><U74/><E88/><V21/><F21/><W1/><G1/><T105/><D105/><U30/><E30/><AGARI ba="1,1" hai="5,8,13,26,30,32,36,39,40,45,51,57,60,65" machi="30" ten="40,2600,0" yaku="1,1,53,1" doraHai="72" doraHaiUra="56" who="2" fromWho="1" sc="221,0,240,-29,190,39,339,0" /><INIT seed="2,0,0,5,5,112" ten="221,211,229,339" oya="2" hai0="60,132,95,36,0,128,15,125,107,131,10,62,18" hai1="117,46,111,98,1,93,48,50,26,53,25,73,120" hai2="75,79,96,17,118,24,64,130,123,12,59,78,6" hai3="127,102,23,101,116,119,45,106,86,105,87,41,69"/><V80/><F123/><W82/><G69/><T71/><D107/><N who="3" m="40969" /><G45/><T32/><D36/><U65/><E120/><V97/><F130/><N who="0" m="49706" /><D32/><U81/><E1/><V34/><F118/><N who="3" m="45099" /><G41/><T42/><D132/><U39/><E117/><V135/><F78/><N who="3" m="46423" /><G23/><T126/><D42/><U5/><E39/><V44/><F135/><W100/><G87/><T85/><D0/><U7/><E65/><V58/><F6/><W8/><G8/><T57/><D71/><U134/><E134/><V28/><F44/><W92/><G127/><N who="0" m="48651" /><D57/><U83/><E46/><V56/><REACH who="2" step="1"/><F64/><REACH who="2" ten="221,211,219,339" step="2"/><W22/><G22/><AGARI ba="0,1" hai="12,17,22,24,28,34,56,58,59,75,79,80,96,97" machi="22" ten="40,3900,0" yaku="1,1,2,1,53,0" doraHai="112" doraHaiUra="4" who="2" fromWho="3" sc="221,0,211,0,219,49,339,-39" /><INIT seed="2,1,0,0,2,69" ten="221,211,268,300" oya="2" hai0="91,97,102,120,23,60,110,53,47,74,33,11,112" hai1="49,81,108,79,104,34,36,25,99,88,30,80,67" hai2="100,123,114,8,62,85,101,18,57,58,24,107,45" hai3="106,28,35,10,48,116,9,42,7,117,127,111,133"/><V6/><F114/><W86/><G106/><T3/><D33/><U89/><E36/><V78/><F123/><W43/><G86/><T109/><D120/><U2/><E108/><N who="0" m="41577" /><D74/><U122/><E122/><V1/><F107/><W125/><G48/><N who="0" m="28831" /><D112/><U66/><E2/><V94/><F57/><W16/><G111/><T126/><D126/><N who="3" m="48137" /><G133/><T76/><D76/><U54/><E104/><V40/><F18/><W83/><G83/><T46/><D23/><U124/><E124/><V12/><F1/><N who="3" m="239" /><G43/><T4/><D91/><U70/><E81/><N who="2" m="47287" /><F24/><N who="3" m="18823" /><G42/><T103/><D97/><U65/><E99/><V61/><F94/><W55/><G55/><T93/><D93/><U37/><E70/><V82/><F82/><W105/><G105/><T21/><D60/><N who="2" m="23146" /><F58/><W26/><G26/><T95/><D95/><U134/><E134/><V77/><F77/><W128/><G128/><T41/><D102/><U98/><E98/><V135/><F135/><W130/><G130/><T118/><D103/><U72/><REACH who="1" step="1"/><E37/><REACH who="1" ten="221,201,268,300" step="2"/><V71/><F71/><W121/><G121/><T84/><D84/><U90/><E90/><V63/><F63/><W113/><G113/><T0/><D0/><U52/><E52/><V75/><F75/><W38/><G38/><T39/><D39/><U129/><E129/><V32/><F100/><W29/><G29/><T31/><D41/><U22/><E22/><V119/><F101/><W15/><AGARI ba="1,1" hai="10,15,16,116,117" m="18823,239,48137" machi="15" ten="30,7900,0" yaku="18,1,34,2,54,1" doraHai="69" who="3" fromWho="3" sc="221,-21,201,-21,268,-40,300,92" /><INIT seed="3,0,0,5,0,95" ten="200,180,228,392" oya="3" hai0="12,86,69,45,110,128,99,2,107,83,39,29,118" hai1="31,114,87,35,65,44,43,63,116,68,24,42,121" hai2="109,59,76,123,19,21,25,33,106,51,36,16,11" hai3="126,46,134,127,49,48,135,55,41,119,14,102,115"/><W28/><G28/><T40/><D118/><U91/><E121/><V103/><F36/><W85/><G119/><T96/><D2/><U60/><E116/><V89/><F33/><W78/><G102/><T98/><D69/><U80/><E114/><V133/><F76/><W113/><G14/><T32/><D110/><U17/><E17/><V124/><F109/><W105/><G105/><T0/><D0/><U18/><E18/><V112/><F112/><N who="3" m="43083" /><G85/><T5/><D128/><U3/><E3/><V53/><F124/><N who="3" m="47659" /><G78/><T75/><D29/><U130/><E130/><V37/><F89/><W20/><G20/><T47/><D32/><U64/><REACH who="1" step="1"/><E44/><AGARI ba="0,0" hai="41,44,46,48,49,55,134,135" m="47659,43083" machi="44" ten="40,7700,0" yaku="18,1,34,2" doraHai="95" who="3" fromWho="1" sc="200,0,180,-77,228,0,392,77" owari="200,-20.0,103,-39.7,228,2.8,469,56.9" /></mjloggm>