<mjloggm ver="2.3"><GO type="225" lobby="0"/><UN n0="%4E%49%4A%49%49%52%4F" n1="%E6%80%AA%E3%81%97%E3%81%99%E3%81%8E%E3%82%8B%E3%83%81%E3%83%BC" n2="%E4%B8%89%E5%86%A0%E7%8E%8B%E3%83%BB%E5%B1%B1%E7%94%B0%E5%93%B2%E4%BA%BA" n3="%72%69%6F%75%63%68%61%6E" dan="16,16,16,17" rate="2194.50,2191.41,2176.01,2267.05" sx="M,M,M,M"/><TAIKYOKU oya="0"/><INIT seed="0,0,0,4,0,98" ten="250,250,250,250" oya="0" hai0="67,89,120,11,85,60,111,23,100,25,22,126,19" hai1="29,102,133,110,32,114,130,49,97,66,77,79,53" hai2="21,14,113,93,88,68,75,34,33,58,99,103,115" hai3="26,52,42,70,2,78,46,82,39,87,37,10,92"/><T132/><D120/><U13/><E110/><V123/><F68/><W91/><G70/><T76/><D132/><U61/><E133/><V74/><F123/><W108/><G108/><T50/><D126/><U90/><E130/><V135/><F135/><W127/><G127/><T51/><D111/><U73/><E90/><V119/><F119/><W117/><G117/><T9/><D76/><U62/><E13/><V1/><F1/><W36/><G26/><T104/><D22/><U41/><E41/><V72/><F58/><W63/><G63/><T96/><D9/><U48/><E48/><V129/><F129/><W109/><G109/><T20/><D11/><U83/><E79/><V27/><F14/><W12/><G52/><T45/><D23/><U31/><E114/><V44/><F44/><W80/><G2/><T131/><D131/><U65/><E32/><V64/><F64/><W112/><G112/><T101/><D101/><U35/><E35/><V95/><F115/><W4/><REACH who="3" step="1"/><G82/><REACH who="3" ten="250,250,250,240" step="2"/><T86/><D45/><N who="1" m="27823" /><E61/><V84/><REACH who="2" step="1"/><F113/><REACH who="2" ten="250,250,240,240" step="2"/><W15/><G15/><T7/><D67/><U121/><E65/><V134/><F134/><W59/><G59/><T118/><D118/><U125/><E125/><V71/><F71/><W17/><G17/><AGARI ba="0,2" hai="17,21,27,33,34,72,74,75,84,88,93,95,99,103" machi="17" ten="40,12000,2" yaku="1,1,52,1,54,1,53,3" doraHai="98" doraHaiUra="107" who="2" fromWho="3" sc="250,0,250,0,240,140,240,-120" /><INIT seed="1,0,0,5,4,6" ten="250,250,380,120" oya="1" hai0="49,77,19,100,116,2,17,106,11,5,101,102,125" hai1="113,30,91,14,0,92,107,3,37,1,43,78,46" hai2="4,109,65,105,40,60,38,23,135,28,47,128,129" hai3="79,112,87,88,75,54,99,89,34,67,69,41,124"/><U63/><E107/><V81/><F109/><W29/><G112/><T115/><D116/><U26/><E113/><V33/><F135/><W104/><G124/><T25/><D115/><U108/><E108/><V103/><F23/><W56/><G41/><T96/><D125/><U31/><E78/><V13/><F81/><W32/><G69/><T9/><D77/><U126/><E126/><V12/><F4/><W118/><G67/><T15/><D49/><U61/><E14/><V133/><F12/><W94/><G118/><T66/><D66/><U86/><REACH who="1" step="1"/><E30/><REACH who="1" ten="250,240,380,120" step="2"/><V51/><F13/><W10/><G29/><T114/><D114/><U27/><E27/><V73/><F105/><W42/><G104/><T72/><D72/><U122/><E122/><V21/><F28/><W127/><G127/><T24/><REACH who="0" step="1"/><D25/><REACH who="0" ten="240,240,380,120" step="2"/><U8/><E8/><V58/><F73/><W62/><G79/><T76/><D76/><U22/><AGARI ba="0,2" hai="0,1,3,22,26,31,37,43,46,61,63,86,91,92" machi="22" ten="30,6000,0" yaku="1,1,0,1,53,1" doraHai="6" doraHaiUra="71" who="1" fromWho="1" sc="240,-20,240,80,380,-20,120,-20" /><INIT seed="1,1,0,1,1,98" ten="220,320,360,100" oya="1" hai0="6,9,95,35,109,16,47,100,92,106,80,125,108" hai1="122,12,93,94,31,120,60,44,36,64,90,110,115" hai2="10,135,62,24,2,76,3,52,89,68,50,127,43" hai3="20,126,77,81,5,21,45,66,134,99,48,86,88"/><U133/><E115/><V18/><F76/><W85/><G134/><T29/><D125/><U104/><E133/><V71/><F43/><W49/><G126/><T11/><D106/><U28/><E104/><V103/><F127/><W112/><G112/><T0/><D47/><U78/><E78/><V53/><F53/><W123/><G123/><T117/><D117/><U82/><E12/><V70/><F62/><W17/><G5/><T129/><D129/><U1/><E1/><V59/><F89/><W128/><G128/><T97/><D80/><U30/><E82/><V96/><F135/><W132/><G132/><T72/><D72/><U74/><E110/><N who="0" m="42601" /><D29/><U14/><E14/><V13/><REACH who="2" step="1"/><F24/><REACH who="2" ten="220,320,350,100" step="2"/><W130/><G130/><T91/><D35/><U23/><E90/><V15/><F15/><W65/><G48/><T83/><D91/><U26/><E60/><V57/><F57/><W27/><G99/><T61/><D61/><U102/><E26/><V87/><F87/><W111/><G111/><T63/><D63/><U101/><E74/><V121/><F121/><W107/><G86/><T33/><D33/><U46/><E120/><V124/><F124/><W55/><G77/><T32/><D32/><U73/><E73/><V37/><F37/><W114/><G114/><T38/><D38/><U116/><E36/><V131/><F131/><W119/><G119/><T75/><D75/><U34/><E116/><V39/><F39/><W22/><REACH who="3" step="1"/><G107/><AGARI ba="1,1" hai="2,3,10,13,18,50,52,59,68,70,71,96,103,107" machi="107" ten="40,5200,0" yaku="1,1,52,1,54,1,53,0" doraHai="98" doraHaiUra="56" who="2" fromWho="3" sc="220,0,320,0,350,65,100,-55" /><INIT seed="2,0,0,2,3,107" ten="220,320,415,45" oya="2" hai0="18,53,97,52,45,51,73,24,133,135,64,101,59" hai1="103,80,66,108,71,111,90,8,96,61,3,76,39" hai2="29,99,16,63,56,58,104,87,31,106,28,78,13" hai3="72,65,81,75,127,25,109,93,129,7,118,57,60"/><V68/><F68/><W23/><G118/><T126/><D126/><U32/><E90/><V44/><F58/><W85/><G109/><T40/><D73/><N who="1" m="43023" /><E32/><V1/><F1/><W105/><G129/><T84/><D84/><U46/><E96/><V119/><F44/><W130/><G130/><T70/><D24/><U0/><E103/><V74/><F99/><W79/><G127/><T11/><D18/><U88/><E88/><V4/><F4/><W117/><G105/><T36/><D11/><U19/><E19/><V83/><F87/><W128/><G117/><T124/><D124/><U55/><E55/><V121/><F121/><W95/><G128/><T20/><D20/><U48/><E48/><V69/><F69/><W102/><G7/><T94/><D53/><U110/><E8/><V114/><F114/><W22/><G22/><T30/><D30/><U2/><E46/><V122/><F122/><W82/><G102/><T42/><D42/><U17/><E17/><V21/><REACH who="2" step="1"/><F119/><REACH who="2" ten="220,320,405,45" step="2"/><W14/><G14/><T113/><D113/><U125/><E125/><V12/><F12/><W37/><G37/><AGARI ba="0,1" hai="0,2,3,37,39,61,66,71,108,110,111" m="43023" machi="37" ten="40,5200,0" yaku="14,1,23,1,52,1" doraHai="107" who="1" fromWho="3" sc="220,0,320,62,405,0,45,-52" owari="220,-18.0,382,18.2,405,50.5,-7,-50.7" /></mjloggm>