<mjloggm ver="2.3"><GO type="225" lobby="0"/><UN n0="%E3%82%B7%E3%83%B3%E5%A4%AA%E6%9C%97" n1="%E2%91%A3%E9%81%BF%E9%81%8A%E6%88%AF%E3%80%90%E6%9D%B1%E5%8D%97%E3%80%91" n2="%28%EF%BF%A3%E2%96%BD%EF%BF%A3%29%CE%B4%E2%8C%92%E3%83%BB" n3="%E3%81%A9%E3%82%8F%E3%82%93%E3%81%94" dan="16,16,16,16" rate="2158.63,2051.98,2076.99,2069.72" sx="M,M,M,M"/><TAIKYOKU oya="0"/><INIT seed="0,0,0,0,5,106" ten="250,250,250,250" oya="0" hai0="90,30,34,128,35,115,1,66,112,96,17,6,98" hai1="89,105,77,134,39,121,19,94,32,62,70,133,64" hai2="92,99,113,72,49,95,15,52,53,43,65,123,42" hai3="82,79,44,78,85,84,22,83,116,24,23,5,73"/><T12/><D66/><U130/><E105/><V97/><F65/><W20/><G116/><T40/><D40/><U109/><E121/><V10/><F123/><W38/><G5/><T111/><D111/><U28/><E109/><V9/><F113/><W135/><G135/><T33/><D128/><U86/><E39/><V31/><F31/><W104/><G104/><T87/><D30/><U36/><E36/><V119/><F119/><W129/><G129/><T131/><D131/><U122/><E130/><V71/><F71/><W37/><G73/><T117/><D117/><U50/><E122/><V126/><F126/><W125/><G125/><T21/><D6/><U56/><E32/><V75/><F49/><W47/><G24/><T45/><D45/><AGARI ba="0,0" hai="20,22,23,37,38,44,45,47,78,79,82,83,84,85" machi="45" ten="40,1300,0" yaku="9,1" doraHai="106" who="3" fromWho="0" sc="250,-13,250,0,250,0,250,13" /><INIT seed="1,0,0,2,4,123" ten="237,250,250,263" oya="1" hai0="117,120,75,5,31,110,48,111,66,44,71,73,96" hai1="114,40,121,79,104,88,29,46,37,85,15,63,60" hai2="19,135,91,56,53,41,58,3,50,17,82,81,24" hai3="133,0,127,87,39,7,126,86,65,36,26,102,116"/><U25/><E121/><V72/><F3/><W99/><G116/><T33/><D120/><U74/><E104/><V12/><F135/><W32/><G133/><T57/><D117/><U4/><E114/><V118/><F118/><W119/><G119/><T92/><D71/><U70/><E70/><V20/><F72/><W67/><G0/><T18/><D5/><U77/><E74/><V22/><F41/><W13/><G32/><T27/><D18/><U34/><E4/><V106/><F106/><W11/><G26/><T54/><D66/><N who="3" m="25097" /><G86/><T16/><D16/><U103/><E15/><V59/><REACH who="2" step="1"/><F91/><REACH who="2" ten="237,250,240,263" step="2"/><W23/><G127/><T51/><D75/><U38/><E103/><V90/><F90/><W115/><G126/><T122/><D73/><U42/><E79/><V47/><AGARI ba="0,1" hai="12,17,19,20,22,24,47,50,53,56,58,59,81,82" machi="47" ten="30,4000,0" yaku="1,1,0,1,8,1,53,0" doraHai="123" doraHaiUra="124" who="2" fromWho="2" sc="237,-10,250,-20,240,50,263,-10" /><INIT seed="2,0,0,5,1,75" ten="227,230,290,253" oya="2" hai0="88,65,49,106,51,50,74,48,100,91,53,5,79" hai1="9,80,20,29,125,40,81,95,104,118,32,112,105" hai2="89,30,68,31,127,47,10,59,13,16,52,113,130" hai3="94,3,35,99,70,61,132,42,24,34,96,116,58"/><V37/><F68/><W23/><G116/><T131/><D131/><U55/><E118/><V76/><F113/><W17/><G132/><T84/><D65/><U86/><E112/><V64/><F130/><W45/><G70/><T46/><D5/><U115/><E115/><V54/><F127/><W36/><G3/><T122/><D122/><U56/><E32/><V102/><F102/><W83/><G83/><T119/><D119/><U114/><E114/><V129/><F129/><W4/><G4/><T110/><D110/><U44/><E125/><V2/><F2/><W1/><G99/><T111/><D111/><U85/><E95/><V21/><F37/><W62/><G62/><T90/><D74/><U0/><E86/><V26/><F31/><W7/><G7/><T33/><D33/><U28/><E81/><V93/><F47/><W103/><REACH who="3" step="1"/><G1/><REACH who="3" ten="227,230,290,243" step="2"/><T87/><REACH who="0" step="1"/><D79/><REACH who="0" ten="217,230,290,243" step="2"/><U27/><E0/><V134/><F76/><W78/><G78/><T71/><D71/><U73/><E73/><V121/><F121/><W60/><G60/><T57/><D57/><U126/><E56/><V18/><F134/><W109/><G109/><T41/><D41/><U6/><E40/><V14/><F59/><W107/><G107/><T133/><D133/><U19/><E105/><V8/><REACH who="2" step="1"/><F64/><AGARI ba="0,2" hai="17,23,24,34,35,36,42,45,58,61,64,94,96,103" machi="64" ten="30,2000,0" yaku="1,1,7,1,53,0" doraHai="75" doraHaiUra="77" who="3" fromWho="2" sc="217,0,230,0,290,-20,243,40" /><INIT seed="3,0,0,3,0,27" ten="217,230,270,283" oya="3" hai0="66,43,1,107,48,105,89,73,104,42,58,81,86" hai1="26,16,97,125,69,11,72,14,65,34,23,87,78" hai2="100,3,75,80,4,88,93,51,24,108,50,40,53" hai3="39,41,0,35,38,127,106,62,98,17,25,22,85"/><W60/><G0/><T84/><D73/><U92/><E125/><V134/><F134/><W29/><G127/><T19/><D1/><U49/><E34/><V55/><F108/><W7/><G7/><T8/><D8/><U64/><E72/><V96/><F3/><W54/><G85/><T116/><D116/><U94/><E69/><V124/><F4/><W30/><G106/><T91/><D19/><U110/><E110/><V109/><F109/><W133/><G133/><T6/><D6/><U37/><E37/><V126/><F40/><W70/><G98/><T131/><D131/><U123/><E123/><V9/><F9/><W77/><G77/><T2/><D2/><U111/><E111/><V45/><F24/><W118/><G118/><T122/><D122/><U112/><E49/><V102/><F126/><W5/><G5/><T90/><D66/><N who="1" m="25707" /><E97/><V115/><F124/><W95/><G70/><T68/><D68/><U130/><E112/><V114/><F75/><W10/><G39/><T59/><D48/><U52/><E52/><V132/><F132/><W120/><G54/><T63/><D63/><N who="3" m="24105" /><G120/><T31/><D31/><N who="3" m="11785" /><G35/><T128/><D128/><U103/><E103/><N who="2" m="39467" /><F115/><W32/><G32/><T76/><REACH who="0" step="1"/><D84/><REACH who="0" ten="207,230,270,283" step="2"/><U83/><E130/><V71/><F114/><W13/><G38/><T47/><D47/><U113/><E113/><V67/><F71/><W20/><G41/><AGARI ba="0,1" hai="41,42,43,58,59,76,81,86,89,90,91,104,105,107" machi="41" ten="50,1600,0" yaku="1,1,53,0" doraHai="27" doraHaiUra="119" who="0" fromWho="3" sc="207,26,230,0,270,0,283,-16" /><INIT seed="4,0,0,1,2,120" ten="233,230,270,267" oya="0" hai0="84,33,89,25,133,17,1,32,79,27,19,130,115" hai1="95,122,60,75,106,40,110,65,74,85,12,93,99" hai2="128,72,56,66,97,4,83,109,129,18,28,64,117" hai3="104,23,11,3,107,68,57,6,45,114,119,38,86"/><T22/><D115/><U8/><E122/><V125/><F125/><W90/><G114/><T37/><D37/><U35/><E35/><V71/><F71/><W82/><G68/><T76/><D130/><N who="2" m="50282" /><F28/><W59/><G119/><T63/><D133/><U69/><E106/><V36/><F36/><W21/><G107/><T81/><D1/><U102/><E40/><V134/><F4/><W67/><G104/><T112/><D112/><U16/><E110/><V14/><F134/><W52/><G67/><N who="2" m="25641" /><F56/><W54/><G45/><T42/><D63/><U13/><E93/><V98/><F117/><W51/><G38/><T131/><D131/><U94/><E95/><V9/><F109/><W116/><G116/><T44/><D44/><U31/><E31/><V48/><F48/><AGARI ba="0,0" hai="3,6,11,21,23,48,51,52,54,57,59,82,86,90" machi="48" ten="30,3900,0" yaku="7,1,9,1,54,1" doraHai="120" who="3" fromWho="2" sc="233,0,230,0,270,-39,267,39" owari="233,3.3,230,-27.0,231,-16.9,306,40.6" /></mjloggm>