<mjloggm ver="2.3"><GO type="225" lobby="0"/><UN n0="%73%6C%69%63%6B%33%31%39" n1="%6E%69%63%6F%6E%74%6F" n2="%E3%81%A1%E3%82%85%E3%81%86%E3%81%A9%E3%81%8F%E8%B1%A1%E3%81%95%E3%82%93" n3="%E5%B8%86%E7%AB%8B%E5%A4%8F%E8%A1%A3" dan="17,17,17,17" rate="2210.99,2182.35,2183.98,2172.12" sx="M,M,M,M"/><TAIKYOKU oya="0"/><INIT seed="0,0,0,3,5,83" ten="250,250,250,250" oya="0" hai0="62,84,56,53,116,106,131,94,11,18,23,75,1" hai1="28,47,14,133,46,90,125,96,77,86,81,12,58" hai2="114,2,20,132,78,61,41,109,112,42,123,40,51" hai3="108,85,59,66,49,87,26,63,13,57,73,4,25"/><T127/><D116/><U119/><E119/><V64/><F2/><W105/><G105/><T103/><D75/><U5/><E133/><V24/><F123/><W129/><G108/><T36/><D36/><U10/><E125/><V121/><F121/><W17/><G129/><T72/><D72/><U115/><E115/><V98/><F109/><W43/><G4/><T6/><D127/><U33/><E33/><V52/><F132/><W91/><G73/><T71/><D131/><U122/><E28/><V54/><F78/><W118/><G118/><T100/><D106/><U34/><E34/><V89/><F114/><W107/><G107/><T15/><REACH who="0" step="1"/><D71/><REACH who="0" ten="240,250,250,250" step="2"/><U27/><E122/><V134/><F112/><W16/><G43/><T117/><D117/><U8/><E58/><N who="2" m="36919" /><F134/><W68/><G68/><T65/><D65/><U97/><E27/><V32/><F40/><W79/><G26/><T111/><D111/><U29/><E47/><N who="2" m="26095" /><F42/><W76/><G25/><T7/><D7/><U82/><E46/><V60/><F32/><W128/><G128/><T45/><D45/><U92/><E5/><V22/><F24/><W30/><G59/><T93/><D93/><U35/><E29/><V102/><F54/><W104/><G104/><T135/><D135/><U3/><E35/><V95/><F102/><W88/><G30/><T31/><D31/><U44/><E44/><V39/><F39/><W19/><G13/><T67/><D67/><U50/><E12/><V126/><F126/><W37/><G37/><T110/><D110/><U70/><E14/><V9/><F9/><N who="1" m="3689" /><E70/><V55/><F55/><RYUUKYOKU ba="0,1" sc="240,15,250,-15,250,15,250,-15" hai0="1,6,11,15,18,23,53,56,62,84,94,100,103" hai2="20,22,52,60,89,95,98" /><INIT seed="0,1,1,4,5,31" ten="255,235,265,235" oya="0" hai0="75,127,4,49,11,118,103,20,104,68,84,98,78" hai1="40,3,119,112,77,129,41,57,99,65,107,70,24" hai2="115,6,128,85,110,2,133,111,69,37,61,51,0" hai3="72,43,15,60,30,105,131,39,13,100,122,130,117"/><T32/><D118/><U116/><E3/><V74/><F115/><W47/><G117/><T48/><D68/><U126/><E77/><V64/><F74/><W134/><G134/><T80/><D127/><U132/><E24/><V38/><F133/><W18/><G122/><T34/><D20/><U120/><E99/><V87/><F128/><N who="3" m="49195" /><G72/><T33/><REACH who="0" step="1"/><D75/><REACH who="0" ten="245,235,265,235" step="2"/><U135/><E70/><V83/><F69/><W17/><G30/><T10/><D10/><U97/><E132/><V35/><F110/><W55/><G18/><T82/><D82/><U19/><E126/><V26/><F83/><W21/><G17/><T63/><D63/><U56/><E135/><V79/><F61/><W96/><G21/><T66/><D66/><U90/><E65/><V62/><F64/><W125/><G125/><T101/><D101/><U73/><E73/><V14/><F62/><W93/><G105/><T124/><D124/><U113/><E107/><V71/><F71/><W95/><G95/><T28/><D28/><U1/><E116/><V123/><F111/><W121/><G121/><T46/><D46/><U9/><E119/><V42/><F123/><W94/><G94/><T36/><D36/><U54/><E120/><V106/><F38/><W81/><G81/><T53/><D53/><U58/><E54/><V12/><F37/><W23/><G23/><T59/><D59/><AGARI ba="1,2" hai="13,15,39,43,47,55,59,60,93,96,100" m="49195" machi="59" ten="30,1000,0" yaku="19,1" doraHai="31" who="3" fromWho="0" sc="245,-13,235,0,265,0,235,33" /><INIT seed="1,0,0,3,1,37" ten="232,235,265,268" oya="1" hai0="106,128,129,66,85,5,103,93,2,124,132,102,45" hai1="41,88,121,111,8,95,10,78,131,4,48,46,23" hai2="32,33,13,112,54,74,17,11,89,104,27,51,80" hai3="72,6,114,61,101,43,82,3,79,19,127,119,47"/><U77/><E121/><V35/><F104/><W50/><G114/><T87/><D66/><U21/><E131/><N who="0" m="50249" /><D2/><U91/><E111/><V115/><F27/><W122/><G122/><T0/><D0/><U120/><E120/><V109/><F109/><W126/><G119/><T16/><D5/><U118/><E118/><V14/><F14/><W76/><G76/><N who="1" m="29290" /><E91/><V42/><F42/><W29/><G29/><T71/><D71/><U30/><E4/><V63/><F63/><W110/><G110/><T116/><D116/><U1/><E1/><V81/><F74/><W44/><G44/><T99/><D45/><U96/><E30/><V113/><F89/><W12/><G101/><N who="0" m="62783" /><D16/><U65/><E65/><V75/><F75/><W57/><G3/><T28/><D28/><U15/><E15/><V40/><F40/><W36/><G6/><T84/><D124/><U18/><E18/><V67/><F67/><W60/><G36/><T24/><D24/><U130/><E130/><V9/><F11/><AGARI ba="0,0" hai="8,10,11,21,23,41,46,48,88,95,96" m="29290" machi="11" ten="30,5800,0" yaku="8,1,52,1,54,1" doraHai="37" who="1" fromWho="2" sc="232,0,235,58,265,-58,268,0" /><INIT seed="1,1,0,1,5,34" ten="232,293,207,268" oya="1" hai0="24,35,70,95,74,44,79,99,71,57,93,7,59" hai1="54,118,62,51,108,0,112,111,4,37,63,23,131" hai2="53,39,90,124,100,14,73,128,65,49,134,12,3" hai3="94,97,25,13,132,88,107,55,66,68,56,45,2"/><U78/><E112/><V33/><F39/><W64/><G132/><T123/><D123/><U72/><E118/><V109/><F33/><W117/><G117/><T38/><D74/><U17/><E37/><V104/><F73/><W101/><G2/><T30/><D79/><U31/><E31/><V84/><F134/><W127/><G127/><T16/><D7/><U41/><E41/><V9/><F124/><W130/><G130/><T98/><D44/><U86/><E72/><V85/><F128/><W50/><G25/><T81/><D81/><U48/><E86/><V76/><F65/><W11/><G68/><T87/><D87/><U67/><E78/><V113/><F113/><W58/><G107/><T120/><D120/><U40/><E40/><V27/><F27/><W106/><G106/><T105/><D105/><U20/><E20/><V28/><F28/><W89/><G64/><T52/><D16/><U6/><E6/><V18/><F109/><N who="1" m="42057" /><E54/><V8/><F84/><W42/><G66/><T80/><D80/><U5/><E5/><V61/><F76/><W47/><G42/><T135/><D38/><U32/><E32/><V83/><F3/><W125/><G125/><T91/><D135/><U110/><E131/><V92/><F53/><W29/><G29/><T96/><D52/><U114/><E114/><V102/><F83/><W103/><G47/><T19/><D19/><U116/><E116/><V82/><F82/><W129/><G129/><T60/><D35/><U126/><E126/><V75/><F75/><W26/><G45/><T21/><D30/><U69/><E110/><RYUUKYOKU ba="1,0" sc="232,0,293,0,207,0,268,0" /><INIT seed="2,2,0,2,2,29" ten="232,293,207,268" oya="2" hai0="7,90,23,104,84,100,86,109,49,128,65,4,99" hai1="71,24,103,8,35,40,55,125,96,6,57,15,78" hai2="80,36,62,28,123,41,38,87,11,70,81,46,26" hai3="64,112,115,74,79,59,119,88,47,130,58,17,13"/><V44/><F123/><W20/><G119/><T106/><D109/><U75/><E125/><V61/><F11/><W0/><G0/><T113/><D113/><N who="3" m="43593" /><G64/><T33/><D33/><U97/><E71/><V1/><F1/><W105/><G105/><T116/><D116/><U9/><E40/><V108/><F108/><W45/><G130/><T85/><D128/><U114/><E9/><V60/><F70/><W93/><G79/><T54/><D65/><U102/><E75/><V34/><REACH who="2" step="1"/><F87/><REACH who="2" ten="232,293,197,268" step="2"/><N who="3" m="52383" /><G74/><T98/><D86/><U129/><E114/><V73/><F73/><W89/><G89/><T120/><D85/><U18/><E129/><V76/><F76/><W77/><G77/><T16/><D120/><U43/><E78/><V94/><F94/><W56/><AGARI ba="2,1" hai="13,17,20,45,47,56,58,59" m="52383,43593" machi="56" ten="30,2000,0" yaku="11,1,54,1" doraHai="29" who="3" fromWho="3" sc="232,-7,293,-7,197,-12,268,36" /><INIT seed="3,0,0,5,2,93" ten="225,286,185,304" oya="3" hai0="59,35,17,70,107,19,81,21,114,105,58,80,106" hai1="71,14,53,6,113,117,101,116,74,99,37,97,38" hai2="64,104,96,23,12,126,7,85,34,88,3,112,92" hai3="87,132,24,26,16,82,47,43,36,77,79,134,49"/><W91/><G36/><N who="1" m="13930" /><E74/><V60/><F112/><W18/><G134/><T54/><D70/><U55/><E113/><V40/><F34/><W123/><G123/><T44/><D35/><U29/><E29/><V52/><F3/><W89/><G132/><T50/><D114/><U20/><E71/><V95/><F104/><W42/><G42/><T4/><D4/><U100/><E100/><N who="2" m="60423" /><F126/><W30/><G89/><T13/><D81/><U68/><E68/><V31/><F40/><W45/><G45/><T115/><D115/><U94/><E99/><V33/><F33/><W46/><G46/><T11/><REACH who="0" step="1"/><D80/><REACH who="0" ten="215,286,185,304" step="2"/><U120/><E120/><V63/><F64/><W121/><G121/><T122/><D122/><U25/><E6/><V32/><F32/><W135/><G135/><T22/><D22/><U27/><E14/><AGARI ba="0,1" hai="11,13,14,17,19,21,44,50,54,58,59,105,106,107" machi="14" ten="40,1300,0" yaku="1,1,53,0" doraHai="93" doraHaiUra="65" who="0" fromWho="1" sc="215,23,286,-13,185,0,304,0" owari="238,-16.2,273,7.3,185,-31.5,304,40.4" /></mjloggm>