<mjloggm ver="2.3"><GO type="225" lobby="0"/><UN n0="%E5%A4%8F%E9%88%B4%E9%88%B4%E5%A4%8F" n1="%6B%65%6E%6E%64%69" n2="%4B%2E%32%2E%4B%2E" n3="%E3%81%A9%E3%82%8F%E3%82%93%E3%81%94" dan="16,16,16,16" rate="2111.53,2167.14,2135.82,2131.00" sx="M,M,M,M"/><TAIKYOKU oya="0"/><INIT seed="0,0,0,4,1,34" ten="250,250,250,250" oya="0" hai0="35,75,17,51,78,26,39,86,106,110,30,24,118" hai1="21,119,63,44,66,59,131,96,48,7,16,95,25" hai2="0,18,70,99,12,46,135,120,92,9,117,61,91" hai3="101,93,69,2,47,125,100,102,123,97,109,65,6"/><T67/><D39/><U50/><E131/><V89/><F120/><W57/><G123/><T113/><D113/><U10/><E119/><V84/><F135/><W85/><G109/><T81/><D118/><U60/><E60/><V20/><F117/><W49/><G69/><T105/><D110/><U107/><E107/><V132/><F132/><W31/><G31/><T5/><D67/><U83/><E83/><V38/><F61/><W1/><G85/><T14/><D24/><U33/><E33/><V111/><F70/><W28/><G125/><T36/><D36/><U128/><E44/><V94/><F111/><W56/><G28/><T129/><D129/><U4/><E128/><V13/><F0/><W62/><G56/><T77/><D5/><U71/><E4/><V112/><F112/><W121/><G121/><T37/><D37/><U76/><E76/><V134/><F134/><W87/><G87/><T115/><D115/><U55/><E66/><V3/><F3/><W32/><G32/><T116/><D116/><U43/><E43/><V80/><F46/><W40/><REACH who="3" step="1"/><G6/><REACH who="3" ten="250,250,250,240" step="2"/><T90/><D75/><U79/><E71/><V54/><F84/><W98/><G98/><T45/><D78/><U88/><REACH who="1" step="1"/><E79/><REACH who="1" ten="250,240,250,240" step="2"/><V126/><F126/><W114/><G114/><T74/><D77/><U27/><E27/><V73/><F73/><W133/><G133/><T104/><D74/><U19/><E19/><V15/><F18/><W53/><G53/><N who="0" m="29935" /><D17/><U127/><E127/><V68/><F68/><W103/><AGARI ba="0,2" hai="1,2,40,47,49,57,62,65,93,97,100,101,102,103" machi="103" ten="30,8000,1" yaku="1,1,0,1,52,2,53,1" doraHai="34" doraHaiUra="58" who="3" fromWho="3" sc="250,-40,240,-20,250,-20,240,100" /><INIT seed="1,0,0,1,1,99" ten="210,220,230,340" oya="1" hai0="98,104,26,135,42,44,132,123,48,87,80,33,68" hai1="121,17,15,79,93,46,21,13,83,127,64,2,92" hai2="106,57,72,7,40,63,16,94,23,19,60,66,89" hai3="37,4,103,122,14,76,86,115,78,39,6,102,74"/><U120/><E2/><V119/><F106/><W90/><G74/><T8/><D68/><U27/><E127/><V10/><F119/><W67/><G122/><T18/><D123/><U24/><E64/><V36/><F72/><W61/><G115/><T62/><D62/><U111/><E111/><V126/><F126/><W81/><G39/><T30/><D18/><U56/><E56/><V70/><F40/><W49/><G37/><T55/><D8/><U1/><E1/><V71/><F36/><W134/><G134/><N who="0" m="51243" /><D42/><U25/><E121/><V113/><F113/><W35/><G35/><T85/><D80/><U128/><E128/><V82/><F82/><W31/><G31/><T29/><D30/><U131/><E131/><V53/><F23/><W9/><G6/><T130/><D130/><U84/><E120/><V112/><F71/><W50/><G61/><T22/><D33/><U116/><E116/><V97/><REACH who="2" step="1"/><F112/><REACH who="2" ten="210,220,220,340" step="2"/><W114/><G114/><T34/><D34/><U54/><E13/><AGARI ba="0,1" hai="7,10,13,16,19,53,57,60,63,66,70,89,94,97" machi="13" ten="30,8000,1" yaku="1,1,2,1,7,1,54,1,53,1" doraHai="99" doraHaiUra="91" who="2" fromWho="1" sc="210,0,220,-80,220,90,340,0" /><INIT seed="2,0,0,2,0,15" ten="210,140,310,340" oya="2" hai0="122,20,66,37,130,55,41,106,3,63,127,33,65" hai1="93,107,117,12,71,31,58,134,126,121,62,84,95" hai2="103,45,92,128,46,114,98,22,83,120,89,67,32" hai3="7,73,74,42,16,101,6,123,40,9,135,85,116"/><V53/><F32/><W44/><G123/><T35/><D3/><U131/><E117/><V13/><F114/><W81/><G116/><T86/><D106/><U64/><E131/><V59/><F120/><W48/><G135/><T97/><D66/><U24/><E121/><V52/><F128/><W94/><G74/><T30/><D55/><U1/><E1/><V69/><F69/><W104/><G73/><T115/><D115/><U8/><E126/><V90/><F67/><W76/><G42/><T129/><D122/><U4/><E134/><V108/><F108/><W61/><G61/><T124/><D86/><U47/><E47/><N who="2" m="17931" /><F83/><W70/><G70/><N who="0" m="42303" /><D41/><U34/><E58/><V57/><F57/><W132/><G104/><T109/><D37/><U2/><E84/><V79/><F79/><W49/><G49/><T29/><D35/><U10/><REACH who="1" step="1"/><E107/><REACH who="1" ten="210,130,310,340" step="2"/><V56/><F59/><W26/><G132/><T38/><D129/><U68/><E68/><V27/><F56/><W105/><G105/><T18/><D130/><U25/><E25/><V112/><F112/><W111/><G111/><T77/><D109/><U110/><E110/><V17/><F27/><W11/><G26/><N who="0" m="14615" /><D127/><U54/><E54/><AGARI ba="0,1" hai="13,17,22,52,53,54,89,90,92,98,103" m="17931" machi="54" ten="30,5800,0" yaku="8,1,52,1,54,1" doraHai="15" who="2" fromWho="1" sc="210,0,130,-58,310,68,340,0" /><INIT seed="2,1,0,2,0,16" ten="210,72,378,340" oya="2" hai0="1,8,78,39,109,135,93,73,82,80,56,117,120" hai1="19,34,13,123,25,32,28,105,131,14,38,129,64" hai2="91,96,125,88,20,17,126,35,9,102,69,36,41" hai3="24,97,70,103,101,66,57,115,108,116,75,15,85"/><V7/><F69/><W58/><G116/><T29/><D120/><U49/><E38/><V132/><F35/><N who="1" m="13353" /><E49/><V128/><F128/><N who="1" m="49225" /><E64/><V87/><F132/><W119/><G75/><T45/><D93/><U30/><E105/><N who="2" m="63687" /><F41/><W27/><G15/><N who="1" m="5642" /><E123/><V100/><F36/><W60/><G85/><T26/><D82/><U95/><E95/><V99/><F87/><W48/><G58/><T40/><D56/><U5/><E5/><V61/><F61/><W31/><G48/><T67/><D40/><U81/><E81/><V104/><F7/><W106/><G101/><T90/><D80/><U59/><E59/><V18/><F100/><W77/><G57/><T124/><D45/><U118/><E118/><V74/><F104/><W6/><G103/><T10/><D67/><U127/><E127/><V23/><F125/><W121/><G60/><T44/><D44/><U22/><AGARI ba="1,0" hai="19,22,25,28,30" m="5642,49225,13353" machi="22" ten="40,8000,1" yaku="19,1,34,2,52,1" doraHai="16" who="1" fromWho="1" sc="210,-21,72,83,378,-41,340,-21" /><INIT seed="3,0,0,4,4,56" ten="189,155,337,319" oya="3" hai0="127,13,98,132,47,117,70,40,97,35,110,29,77" hai1="119,4,73,33,0,78,104,112,120,126,44,94,48" hai2="89,21,19,58,122,51,76,91,99,15,134,37,42" hai3="74,3,68,22,31,84,5,102,128,26,75,17,38"/><W53/><G68/><T72/><D117/><U103/><E103/><V12/><BYE who="1" /><F37/><W92/><G38/><T114/><D70/><U69/><E69/><V129/><F129/><W49/><G128/><T18/><D110/><U83/><E83/><V116/><F116/><W39/><G39/><N who="0" m="21919" /><D77/><U54/><E54/><N who="2" m="32095" /><F134/><W131/><G131/><T67/><D72/><U111/><E111/><V1/><F1/><W8/><G84/><T57/><D57/><U63/><E63/><V80/><F42/><W46/><REACH who="3" step="1"/><G31/><REACH who="3" ten="189,155,337,309" step="2"/><T64/><D29/><U105/><E105/><V7/><F122/><UN n1="%6B%65%6E%6E%64%69" /><W115/><G115/><T25/><D114/><U55/><E112/><V36/><F36/><W45/><G45/><T108/><D108/><U106/><E120/><V133/><F133/><W85/><G85/><T66/><D132/><U61/><E119/><V101/><F76/><W121/><G121/><T65/><D98/><AGARI ba="0,1" hai="3,5,8,17,22,26,46,49,53,74,75,92,98,102" machi="98" ten="40,3900,0" yaku="1,1,53,1" doraHai="56" doraHaiUra="6" who="3" fromWho="0" sc="189,-39,155,0,337,0,309,49" owari="150,-35.0,155,-24.5,337,13.7,358,45.8" /></mjloggm>