<mjloggm ver="2.3"><GO type="225" lobby="0"/><UN n0="%E3%83%96%E3%83%A9%E3%82%B6%E3%83%BC" n1="%E3%81%82%E3%81%99%E3%81%AB%E3%82%83%E3%82%80" n2="%6D%75%75%6D%75%72%61" n3="%E3%81%9F%E3%81%A3%E3%81%A1%E3%82%87" dan="16,16,16,16" rate="2111.89,2053.72,2154.76,2047.80" sx="M,F,F,M"/><TAIKYOKU oya="0"/><INIT seed="0,0,0,4,1,87" ten="250,250,250,250" oya="0" hai0="117,99,84,24,122,86,82,60,31,104,8,18,58" hai1="40,66,25,28,23,53,49,50,72,2,4,12,61" hai2="132,126,93,42,109,120,38,44,121,130,94,119,27" hai3="114,80,17,1,95,10,5,131,55,33,135,89,91"/><T124/><D117/><U98/><E72/><V123/><F119/><W128/><G114/><T37/><D122/><U22/><E2/><V111/><F126/><W71/><G71/><T129/><D37/><U134/><E134/><V13/><F132/><W88/><G135/><T79/><D124/><U63/><E40/><V57/><F130/><N who="3" m="49707" /><G33/><T52/><D129/><U133/><E133/><V15/><F27/><W34/><G34/><T67/><D99/><U16/><E4/><V110/><F57/><W73/><G55/><T96/><D96/><U112/><E112/><V78/><F78/><N who="3" m="44111" /><G17/><T29/><D104/><U51/><E98/><AGARI ba="0,0" hai="1,5,10,88,89,91,95,98" m="44111,49707" machi="98" ten="30,8000,1" yaku="19,1,52,3,54,1" doraHai="87" who="3" fromWho="1" sc="250,0,250,-80,250,0,250,80" /><INIT seed="1,0,0,5,3,18" ten="250,170,250,330" oya="1" hai0="4,121,34,117,68,109,120,58,64,56,13,132,20" hai1="128,94,82,127,74,21,63,62,129,93,48,47,91" hai2="112,42,116,134,88,8,59,124,43,38,133,119,106" hai3="76,135,86,100,98,2,80,30,15,113,99,22,122"/><U0/><E0/><V25/><F106/><W3/><G113/><T83/><D117/><U16/><E127/><V55/><F124/><W101/><G122/><N who="0" m="47211" /><D34/><U29/><E29/><V89/><F8/><W49/><G135/><N who="2" m="51721" /><F25/><W10/><G49/><T14/><D109/><U35/><E35/><V36/><F112/><W52/><G52/><T114/><D114/><U61/><E74/><V27/><F27/><N who="3" m="16759" /><G2/><T72/><D64/><U60/><N who="1" m="15360" /><DORA hai="1" /><U5/><E5/><V75/><F75/><W111/><G3/><T39/><D39/><N who="2" m="14890" /><F55/><W78/><G111/><T44/><D44/><U24/><E82/><V69/><F59/><W33/><G76/><T11/><D68/><U130/><REACH who="1" step="1"/><E91/><REACH who="1" ten="250,160,250,330" step="2"/><N who="2" m="34891" /><F69/><W23/><G33/><T81/><D132/><U71/><E71/><V73/><F73/><W46/><G80/><T26/><D72/><U54/><AGARI ba="0,1" hai="16,21,24,47,48,54,93,94,128,129,130" m="15360" machi="54" ten="50,18000,2" yaku="1,1,0,1,19,1,52,1,54,1,53,1" doraHai="18,1" doraHaiUra="77,45" who="1" fromWho="1" sc="250,-60,160,190,250,-60,330,-60" /><INIT seed="1,1,0,1,4,80" ten="190,350,190,270" oya="1" hai0="115,0,50,128,83,107,89,61,9,77,100,67,85" hai1="74,3,103,23,72,33,93,116,92,58,69,122,24" hai2="43,71,46,88,76,1,16,29,109,13,42,48,34" hai3="110,15,75,37,49,25,12,104,120,32,31,20,91"/><U19/><E69/><V35/><F71/><W123/><G37/><T65/><D115/><U81/><E116/><V108/><F76/><W8/><G104/><T130/><D107/><U79/><E122/><V94/><F1/><W57/><G75/><T7/><D100/><U101/><E3/><V21/><F43/><W22/><G91/><T56/><D50/><U55/><E72/><V129/><F129/><N who="0" m="49770" /><D67/><U135/><E135/><V52/><F42/><W87/><G57/><T131/><N who="0" m="49778" /><T95/><DORA hai="70" /><D95/><U127/><E127/><V68/><F68/><W17/><G87/><T44/><D44/><U134/><E134/><V64/><F64/><W4/><G49/><T63/><D63/><U105/><E33/><V27/><REACH who="2" step="1"/><F35/><REACH who="2" ten="190,350,180,270" step="2"/><W113/><G113/><T36/><D36/><U30/><E79/><AGARI ba="1,1" hai="0,7,9,56,61,65,77,79,83,85,89" m="49778" machi="79" ten="40,2600,0" yaku="19,1,52,1" doraHai="80,70" who="0" fromWho="1" sc="190,39,350,-29,180,0,270,0" /><INIT seed="2,0,0,2,0,116" ten="229,321,180,270" oya="2" hai0="51,8,78,69,60,98,64,70,33,12,81,123,62" hai1="7,44,86,109,99,85,26,114,108,129,127,28,107" hai2="45,21,106,18,22,36,30,132,5,14,89,68,76" hai3="134,93,34,87,126,61,101,57,75,20,40,119,24"/><V97/><F132/><W15/><G119/><T47/><D33/><U71/><E114/><V3/><F68/><W128/><G75/><T88/><D123/><U48/><E71/><V35/><F76/><W59/><G126/><T39/><D39/><U23/><E127/><V55/><F22/><W100/><G34/><T131/><D131/><U91/><E7/><V50/><F36/><W117/><G117/><T118/><D118/><U67/><E67/><V16/><F18/><W110/><G110/><N who="1" m="42602" /><E129/><V84/><F106/><W17/><G128/><T73/><D62/><U46/><E46/><V80/><F97/><W112/><G40/><T56/><D88/><U38/><E38/><V124/><F124/><W53/><G57/><T133/><D98/><U96/><E96/><V9/><REACH who="2" step="1"/><F35/><REACH who="2" ten="229,321,170,270" step="2"/><W125/><G125/><T94/><D133/><U105/><E105/><V95/><F95/><W25/><G134/><T0/><D94/><N who="1" m="56799" /><E107/><V49/><F49/><W130/><G130/><T13/><D69/><U102/><E102/><V74/><F74/><W41/><G100/><T121/><D8/><U58/><E85/><V6/><F6/><W103/><G101/><T52/><D70/><U66/><E86/><V122/><F122/><W1/><G103/><T104/><D121/><U82/><E82/><V32/><F32/><W29/><G87/><T120/><D120/><U27/><E23/><V4/><F4/><W115/><G93/><T79/><D104/><U111/><E111/><V2/><F2/><W10/><G1/><T65/><D0/><U54/><E28/><AGARI ba="0,1" hai="3,5,9,14,16,21,28,30,45,50,55,80,84,89" machi="28" ten="40,3900,0" yaku="1,1,54,1,53,0" doraHai="116" doraHaiUra="113" who="2" fromWho="1" sc="229,0,321,-39,170,49,270,0" /><INIT seed="2,1,0,4,1,75" ten="229,282,219,270" oya="2" hai0="31,97,56,27,15,129,13,130,109,14,22,135,20" hai1="132,83,114,40,115,113,34,3,23,104,93,79,42" hai2="131,134,117,36,78,91,87,118,119,4,7,43,54" hai3="12,101,112,30,29,8,25,122,26,41,70,82,68"/><V49/><F131/><N who="0" m="50186" /><D109/><U99/><E34/><V46/><F134/><W18/><G122/><T11/><D97/><U108/><E108/><V48/><F78/><W90/><G112/><T124/><D56/><U127/><E3/><V76/><F76/><W63/><G41/><T62/><D62/><U64/><E64/><V21/><F21/><W50/><G50/><T47/><D47/><U32/><E32/><V61/><F61/><W0/><G0/><T35/><D124/><U92/><E23/><N who="0" m="8745" /><D135/><U81/><E127/><V9/><F54/><W121/><G121/><T58/><D58/><U51/><E132/><V59/><F59/><W84/><G101/><T44/><D44/><U5/><E51/><V53/><F53/><W77/><G90/><T105/><D105/><U74/><E42/><V19/><F49/><W37/><G37/><T88/><D88/><U133/><E40/><V107/><F36/><W28/><REACH who="3" step="1"/><G63/><REACH who="3" ten="229,282,219,260" step="2"/><T57/><D57/><U6/><E133/><V126/><F126/><W123/><G123/><T116/><D116/><U60/><E60/><V69/><F107/><W65/><G65/><T102/><D102/><U24/><E104/><V103/><F103/><W52/><G52/><T1/><D1/><U128/><E128/><V100/><F100/><W89/><G89/><T110/><D110/><U10/><E115/><V80/><F69/><AGARI ba="1,1" hai="8,12,18,25,26,28,29,30,68,69,70,77,82,84" machi="69" ten="40,2600,0" yaku="1,1,52,1,53,0" doraHai="75" doraHaiUra="17" who="3" fromWho="2" sc="229,0,282,0,219,-29,260,39" /><INIT seed="3,0,0,0,5,54" ten="229,282,190,299" oya="3" hai0="87,39,36,25,46,114,61,120,47,129,60,29,1" hai1="41,104,88,70,13,42,35,107,109,83,133,64,94" hai2="9,86,24,45,93,30,121,131,0,130,34,134,28" hai3="77,19,119,15,96,21,98,110,135,22,111,108,112"/><W23/><G112/><T55/><D120/><U75/><E35/><V56/><F134/><W78/><G135/><T2/><D55/><U101/><E133/><V33/><F121/><W132/><G119/><T118/><D87/><U99/><E13/><V17/><F45/><W76/><G132/><T50/><D25/><U58/><E70/><V62/><F30/><W3/><G3/><T32/><D50/><U20/><E20/><AGARI ba="0,0" hai="15,19,20,21,22,23,76,77,78,96,98,108,110,111" machi="20" ten="50,12000,1" yaku="29,2,14,1,10,1" doraHai="54" who="3" fromWho="1" sc="229,0,282,-120,190,0,299,120" owari="229,2.9,162,-33.8,190,-21.0,419,51.9" /></mjloggm>