<mjloggm ver="2.3"><GO type="225" lobby="0"/><UN n0="%E2%91%A3%E9%81%BF%E9%81%8A%E6%88%AF%E3%80%90%E6%9D%B1%E5%8D%97%E3%80%91" n1="%E3%81%99%E3%81%84%E3%81%BE%E3%81%9B%E3%83%BC%E3%82%93" n2="%E5%AE%AE%E4%BF%9D%E9%B6%8F%E8%82%89" n3="%E3%81%A1%E3%82%85%E3%81%86%E3%81%A9%E3%81%8F%E8%B1%A1%E3%81%95%E3%82%93" dan="16,16,16,17" rate="2026.27,2121.24,2141.03,2168.93" sx="M,M,M,M"/><TAIKYOKU oya="0"/><INIT seed="0,0,0,3,3,3" ten="250,250,250,250" oya="0" hai0="15,110,121,65,114,106,105,54,70,0,81,116,135" hai1="45,113,125,10,33,78,96,127,68,112,28,80,134" hai2="79,49,88,1,103,46,53,60,63,99,117,5,89" hai3="91,77,56,25,69,35,20,107,48,4,37,115,124"/><T18/><D121/><U130/><E68/><V123/><F123/><W13/><G115/><N who="1" m="44106" /><E134/><V97/><F117/><W64/><G37/><T39/><D114/><U30/><E130/><V11/><F79/><W85/><G107/><T102/><D116/><U86/><E33/><V51/><F51/><W34/><G69/><T100/><D0/><U120/><E120/><V2/><F2/><W22/><G77/><T109/><D135/><U44/><E10/><V122/><F122/><W92/><G124/><N who="1" m="47690" /><E96/><V84/><F97/><W108/><G108/><N who="0" m="41579" /><D39/><U67/><E67/><V111/><F111/><W66/><G66/><T118/><D118/><U38/><E45/><V24/><F24/><W32/><G64/><T126/><D126/><U131/><E131/><V43/><F43/><AGARI ba="0,0" hai="28,30,38,43,44,78,80,86" m="47690,44106" machi="43" ten="30,2000,0" yaku="11,1,18,1" doraHai="3" who="1" fromWho="2" sc="250,0,250,20,250,-20,250,0" /><INIT seed="1,0,0,5,2,120" ten="250,270,230,250" oya="1" hai0="23,127,20,0,45,48,99,104,55,83,132,114,93" hai1="108,69,72,12,42,88,52,4,90,107,79,119,10" hai2="97,50,131,26,95,89,115,124,73,65,40,68,43" hai3="29,44,3,123,5,9,33,85,21,32,22,34,70"/><U118/><E69/><V36/><F73/><W59/><G70/><T74/><D114/><U53/><E107/><V25/><F36/><W71/><G71/><T63/><D104/><U81/><E108/><V96/><F115/><W60/><G123/><T28/><D0/><U100/><E100/><V134/><F134/><W102/><G102/><T113/><D132/><U129/><E129/><V125/><F68/><W112/><G112/><T49/><D113/><U8/><E42/><V87/><F65/><W103/><G103/><T76/><D127/><N who="2" m="48714" /><F131/><W17/><G44/><T2/><D2/><U122/><E122/><V128/><F128/><W105/><G105/><T19/><D28/><U39/><E39/><V30/><F25/><N who="3" m="16559" /><G85/><T18/><D23/><U106/><E106/><V98/><F50/><W11/><G59/><T84/><D74/><U94/><E10/><V31/><F31/><W24/><G60/><T111/><D111/><U133/><E133/><V109/><F109/><W135/><G135/><T57/><D45/><U51/><E53/><V117/><F117/><W46/><G46/><T121/><D121/><U6/><E6/><V77/><F77/><W80/><G80/><T82/><D83/><U62/><E62/><V75/><F75/><W14/><G9/><T86/><D86/><U47/><E90/><V41/><F43/><W35/><G35/><AGARI ba="0,0" hai="26,30,35,40,41,87,89,95,96,97,98" m="48714" machi="35" ten="30,1000,0" yaku="18,1" doraHai="120" who="2" fromWho="3" sc="250,0,270,0,230,10,250,-10" /><INIT seed="2,0,0,0,0,131" ten="250,270,240,240" oya="2" hai0="40,95,46,34,67,111,134,42,14,102,51,119,112" hai1="130,80,89,86,103,19,82,91,25,104,108,73,0" hai2="105,93,32,125,20,12,30,99,45,126,96,69,85" hai3="29,68,33,16,55,74,2,10,9,50,124,57,48"/><V87/><F69/><W132/><G74/><T117/><D112/><U101/><E0/><V118/><F118/><W59/><G68/><T97/><D34/><U71/><E71/><V72/><F72/><W94/><G124/><N who="2" m="47721" /><F32/><W62/><G132/><T109/><D67/><U35/><E130/><V77/><F105/><W127/><G127/><T115/><D14/><U21/><E35/><V13/><F99/><W31/><G33/><T6/><D6/><U129/><E129/><V7/><F45/><W92/><G2/><T78/><D78/><U84/><E108/><N who="0" m="41545" /><D115/><U63/><E104/><V83/><F85/><W41/><G41/><N who="0" m="25039" /><D134/><U38/><E38/><V47/><F47/><W122/><G122/><T52/><D52/><U90/><E73/><V135/><F7/><W28/><G48/><T26/><D26/><U53/><E89/><N who="2" m="55343" /><F135/><W4/><G4/><T3/><D3/><U5/><E5/><V100/><F100/><W11/><REACH who="3" step="1"/><G16/><REACH who="3" ten="250,270,240,230" step="2"/><T76/><D119/><U60/><E60/><V22/><F30/><W113/><G113/><T123/><D117/><U8/><E8/><V120/><F120/><W121/><G121/><T36/><D123/><U65/><E65/><AGARI ba="0,1" hai="9,10,11,28,29,31,50,55,57,59,62,65,92,94" machi="65" ten="40,5200,0" yaku="1,1,8,1,53,1" doraHai="131" doraHaiUra="58" who="3" fromWho="1" sc="250,0,270,-52,240,0,230,62" /><INIT seed="3,0,0,3,5,78" ten="250,218,240,292" oya="3" hai0="63,2,62,83,35,102,128,122,113,11,32,60,117" hai1="129,104,71,103,94,61,41,9,109,68,107,134,66" hai2="124,7,118,4,69,34,8,29,49,70,17,0,89" hai3="115,42,81,87,44,27,133,40,15,18,23,91,46"/><W20/><G115/><T38/><D113/><U131/><E109/><V132/><F118/><W30/><G133/><T82/><D122/><U45/><E134/><V93/><F132/><W64/><G64/><T100/><D117/><U59/><E9/><V105/><F105/><N who="1" m="40521" /><E94/><V10/><F124/><W76/><G76/><T97/><D38/><N who="1" m="21687" /><E103/><V12/><F34/><W96/><G96/><T121/><D121/><U1/><E1/><V65/><F29/><W47/><AGARI ba="0,0" hai="15,18,20,23,27,30,40,42,44,46,47,81,87,91" machi="47" ten="30,6000,0" yaku="0,1,8,1,52,1" doraHai="78" who="3" fromWho="3" sc="250,-20,218,-20,240,-20,292,60" owari="230,3.0,198,-30.2,220,-18.0,352,45.2" /></mjloggm>