<mjloggm ver="2.3"><GO type="225" lobby="0"/><UN n0="%E5%B8%86%E7%AB%8B%E5%A4%8F%E8%A1%A3" n1="%E3%81%AA%E3%81%A1%30%39%32%37" n2="%72%69%6F%75%63%68%61%6E" n3="%E3%81%86%E3%83%BC%E3%81%B1%E3%83%BC" dan="16,16,16,17" rate="2082.28,2068.17,2221.55,2179.20" sx="M,M,M,F"/><TAIKYOKU oya="0"/><INIT seed="0,0,0,4,2,0" ten="250,250,250,250" oya="0" hai0="108,16,100,67,39,103,124,41,48,86,85,99,109" hai1="104,62,6,32,21,24,76,110,33,8,121,58,65" hai2="123,80,81,118,131,129,23,47,36,22,50,56,135" hai3="42,29,120,113,88,69,34,125,57,95,130,25,83"/><T79/><D124/><U1/><E110/><N who="0" m="42601" /><D39/><U40/><E121/><V53/><F135/><W97/><G113/><T2/><D2/><U49/><E104/><V101/><F123/><W12/><G120/><T126/><D126/><U60/><E76/><V132/><F132/><W13/><G69/><T92/><D67/><U54/><E40/><N who="2" m="22919" /><F101/><W68/><G68/><T72/><D103/><U94/><E94/><V15/><F118/><W116/><G116/><T52/><D41/><U90/><E90/><V128/><F15/><W98/><G125/><T7/><D7/><U19/><REACH who="1" step="1"/><E60/><REACH who="1" ten="250,240,250,250" step="2"/><V114/><F114/><W89/><G42/><T9/><D79/><U133/><E133/><V14/><F80/><W74/><G74/><T51/><D72/><U78/><E78/><V64/><F81/><W55/><G130/><T11/><D51/><U134/><E134/><V10/><F64/><W70/><G70/><AGARI ba="0,1" hai="1,6,8,19,21,24,32,33,49,54,58,62,65,70" machi="70" ten="30,3900,0" yaku="1,1,7,1,52,1,53,0" doraHai="0" doraHaiUra="105" who="1" fromWho="3" sc="250,0,240,49,250,0,250,-39" /><INIT seed="1,0,0,4,3,74" ten="250,289,250,211" oya="1" hai0="67,104,63,126,66,119,59,112,41,15,135,4,73" hai1="22,65,91,52,37,56,84,1,23,108,6,105,106" hai2="124,20,113,58,92,21,43,78,118,99,3,42,61" hai3="72,10,114,103,68,121,18,26,132,28,117,94,29"/><U131/><E131/><V97/><F118/><W55/><G121/><T5/><D112/><U45/><E108/><V128/><F124/><W40/><G114/><T98/><D119/><U0/><E65/><V82/><F128/><W35/><G29/><T134/><D126/><U39/><E106/><V14/><F3/><W34/><G34/><T13/><D41/><U77/><E105/><V44/><F113/><W54/><G68/><T32/><D32/><U81/><E91/><V110/><F110/><W93/><G117/><T16/><D67/><U38/><E45/><V133/><F133/><N who="0" m="50698" /><D15/><U88/><E88/><N who="2" m="55431" /><F99/><W30/><G30/><T7/><D73/><U90/><E90/><V51/><F42/><W76/><G40/><T122/><D122/><U96/><E96/><V125/><F125/><W109/><G109/><T129/><D129/><U62/><REACH who="1" step="1"/><E0/><REACH who="1" ten="250,279,250,211" step="2"/><V60/><F58/><W127/><G132/><T11/><D98/><U24/><E24/><V47/><F44/><W48/><G127/><T79/><D104/><U46/><E46/><V87/><F14/><N who="3" m="7511" /><G94/><T130/><D130/><U100/><E100/><V120/><F120/><W8/><G93/><T69/><D69/><U27/><E27/><V53/><F53/><W89/><G89/><T25/><D25/><U57/><E57/><V107/><F107/><W85/><G103/><T71/><D71/><U123/><E123/><V12/><F12/><W102/><G102/><T17/><D17/><U80/><E80/><V111/><F111/><W31/><G55/><T19/><D19/><U75/><E75/><V50/><F43/><RYUUKYOKU ba="0,1" sc="250,15,279,15,250,-15,211,-15" hai0="4,5,7,11,13,16,59,63,66,79" hai1="1,6,22,23,37,38,39,52,56,62,77,81,84" /><INIT seed="1,1,1,4,5,117" ten="265,294,235,196" oya="1" hai0="34,104,114,92,55,121,120,46,44,71,57,110,23" hai1="79,5,31,60,9,91,11,72,42,127,68,47,81" hai2="73,7,125,54,116,119,88,51,1,126,66,118,10" hai3="6,82,132,8,103,14,4,15,25,134,87,22,40"/><U13/><E127/><N who="2" m="48651" /><F73/><W102/><G40/><T63/><D104/><U131/><E131/><V56/><F66/><W129/><G129/><T86/><D34/><U24/><E68/><V27/><F27/><W122/><G122/><N who="0" m="47211" /><D23/><U106/><E60/><V39/><F88/><N who="3" m="51319" /><G4/><T70/><D86/><U17/><E91/><V135/><F39/><W52/><G15/><T19/><D92/><U101/><E101/><V3/><F135/><N who="3" m="51755" /><G52/><N who="0" m="34215" /><D19/><AGARI ba="1,1" hai="6,8,14,19,22,25,102,103" m="51755,51319" machi="19" ten="30,2000,0" yaku="20,1,54,1" doraHai="117" who="3" fromWho="0" sc="265,-23,294,0,235,0,196,33" /><INIT seed="2,0,0,0,3,34" ten="242,294,235,229" oya="2" hai0="2,16,124,104,32,110,23,74,43,127,97,41,52" hai1="92,48,0,126,24,87,9,128,51,56,94,107,135" hai2="39,14,67,55,62,83,125,131,111,122,96,28,91" hai3="114,5,21,53,72,19,12,22,18,69,98,66,59"/><V118/><F118/><W58/><G72/><T45/><D74/><U60/><E107/><V76/><F122/><W30/><G114/><T40/><D32/><U8/><E135/><V82/><F39/><W3/><G30/><T130/><D130/><U17/><E128/><V132/><F131/><W10/><G98/><T64/><D64/><U73/><E73/><V79/><F132/><W31/><G31/><T37/><D110/><U75/><E75/><V105/><F111/><W77/><G77/><N who="2" m="29769" /><F105/><W99/><G99/><T85/><D85/><U36/><E36/><V93/><F125/><N who="0" m="48202" /><D2/><U27/><E0/><V90/><F28/><W44/><G69/><T101/><D52/><N who="1" m="33799" /><E126/><V88/><F67/><W117/><G66/><T33/><D33/><U115/><E115/><V106/><F106/><W116/><G44/><T109/><D109/><U46/><E51/><V119/><F119/><W26/><G58/><T89/><D89/><N who="2" m="34410" /><F14/><AGARI ba="0,0" hai="14,16,23,37,40,41,43,45,97,101,104" m="48202" machi="14" ten="30,2000,0" yaku="18,1,54,1" doraHai="34" who="0" fromWho="2" sc="242,20,294,0,235,-20,229,0" /><INIT seed="3,0,0,0,5,72" ten="262,294,215,229" oya="3" hai0="133,34,15,93,3,96,109,113,54,126,124,32,116" hai1="13,1,44,103,41,42,65,52,61,84,27,45,94" hai2="130,38,55,121,129,58,107,46,105,35,17,67,49" hai3="33,14,110,51,37,25,0,101,83,114,134,91,82"/><W48/><G114/><T112/><D54/><U22/><E1/><V12/><F121/><W64/><G0/><T123/><D123/><U39/><E13/><V78/><F35/><N who="0" m="13354" /><D3/><U115/><E115/><N who="0" m="44105" /><D116/><U104/><E104/><V30/><F30/><W108/><G64/><T6/><D109/><U7/><E7/><V43/><F78/><W47/><G14/><T74/><D74/><U71/><E52/><V117/><F117/><W98/><G134/><T76/><D76/><U18/><E84/><V80/><F80/><W79/><G25/><T29/><D29/><U2/><E2/><V16/><F17/><W119/><G33/><T23/><D133/><U9/><E9/><V120/><F120/><W8/><G8/><N who="0" m="4503" /><D23/><U50/><E94/><V20/><REACH who="2" step="1"/><F67/><REACH who="2" ten="262,294,205,229" step="2"/><W77/><G119/><T75/><D75/><U100/><AGARI ba="0,1" hai="18,22,27,39,41,42,44,45,50,61,65,71,100,103" machi="100" ten="30,1100,0" yaku="0,1" doraHai="72" who="1" fromWho="1" sc="262,-3,294,21,205,-3,229,-5" owari="259,5.9,315,41.5,202,-29.8,224,-17.6" /></mjloggm>