<mjloggm ver="2.3"><GO type="225" lobby="0"/><UN n0="%6D%75%75%6D%75%72%61" n1="%4C%4F%4C%49%54%41" n2="%E3%82%A2%E3%82%A4%E3%82%B9%E3%83%86%E3%82%A3%E3%83%BC%E3%81%82%E3%81%B9" n3="%72%61%6B%33" dan="16,16,16,17" rate="2166.42,2139.31,2091.56,2217.19" sx="F,F,M,M"/><TAIKYOKU oya="0"/><INIT seed="0,0,0,2,5,98" ten="250,250,250,250" oya="0" hai0="125,106,15,48,118,99,80,92,41,32,103,60,81" hai1="133,42,123,25,18,38,26,58,100,89,21,1,115" hai2="129,8,19,111,11,78,104,7,74,37,105,91,110" hai3="17,44,51,35,54,112,96,107,63,39,33,62,71"/><T95/><D118/><U126/><E123/><V127/><F37/><W23/><G112/><T93/><D32/><U24/><E1/><V83/><F127/><W113/><G113/><T76/><D125/><U4/><E115/><V119/><F119/><W50/><G39/><T124/><D124/><U134/><E126/><V85/><F129/><W121/><G121/><T57/><D15/><N who="1" m="9439" /><E4/><V47/><F47/><W56/><G63/><T16/><D16/><U22/><E89/><V87/><F19/><W88/><G71/><T65/><REACH who="0" step="1"/><D76/><REACH who="0" ten="240,250,250,250" step="2"/><U29/><E25/><V6/><F78/><W55/><G33/><T128/><D128/><U40/><E26/><V108/><F74/><W46/><G35/><T131/><D131/><U130/><E130/><V135/><F135/><W75/><G75/><T120/><D120/><U97/><E134/><V52/><F7/><W72/><G72/><T122/><D122/><U13/><E13/><V5/><F6/><W61/><G17/><T49/><D49/><U20/><E133/><V68/><F5/><W27/><G27/><T28/><D28/><U79/><E79/><V69/><F111/><W3/><G50/><T117/><D117/><U101/><E38/><V34/><F34/><W14/><G51/><T2/><D2/><U73/><E73/><V43/><F110/><W70/><G3/><T9/><D9/><U45/><E29/><V114/><F108/><W53/><G14/><T59/><D59/><U36/><E36/><V30/><F30/><W102/><G56/><T94/><N who="0" m="23552" /><DORA hai="109" /><T116/><D116/><U12/><E58/><RYUUKYOKU ba="0,1" sc="240,30,250,-10,250,-10,250,-10" hai0="41,48,57,60,65,80,81,99,103,106" /><INIT seed="0,1,1,1,2,61" ten="270,240,240,240" oya="0" hai0="62,89,12,0,94,10,18,13,65,76,78,23,103" hai1="70,8,74,5,84,128,121,106,47,60,45,36,9" hai2="57,111,107,32,6,34,119,20,44,124,86,67,72" hai3="35,92,91,49,55,132,3,39,19,71,48,24,59"/><T66/><D0/><U109/><E121/><V51/><F111/><W130/><G39/><T115/><D103/><U133/><E74/><V40/><F72/><W87/><G3/><T63/><D115/><U90/><E106/><V52/><F124/><W129/><G71/><T99/><D62/><U7/><E109/><V73/><F73/><W64/><G132/><T2/><D2/><U41/><E128/><V28/><F107/><W42/><G64/><N who="0" m="24683" /><D63/><U96/><E60/><V95/><F67/><W53/><G42/><T54/><D54/><U75/><E41/><V50/><F6/><AGARI ba="1,1" hai="6,10,12,13,18,23,76,78,89,94,99" m="24683" machi="6" ten="30,11600,0" yaku="8,1,52,3" doraHai="61" who="0" fromWho="2" sc="270,129,240,0,240,-119,240,0" /><INIT seed="0,2,0,3,0,39" ten="399,240,121,240" oya="0" hai0="62,128,77,68,35,124,105,32,56,27,22,36,53" hai1="25,67,78,132,72,122,7,49,118,24,45,81,93" hai2="104,52,19,75,6,90,2,74,103,85,82,20,4" hai3="17,95,113,33,30,63,127,106,84,111,54,9,86"/><T73/><D128/><U50/><E118/><V43/><F104/><W1/><G106/><T44/><D124/><U34/><E122/><V5/><F103/><W89/><G111/><T91/><D68/><U112/><E132/><V21/><F2/><W31/><G113/><T15/><D105/><U76/><E34/><V18/><F75/><W109/><G109/><T46/><D15/><U98/><E112/><V79/><F74/><W101/><G127/><T26/><D91/><U125/><E125/><V121/><F79/><W64/><G54/><T8/><D8/><U13/><E76/><V59/><F121/><W133/><G33/><T14/><D14/><U60/><E7/><V71/><F71/><W126/><G133/><T100/><D100/><U97/><E13/><V102/><F102/><W61/><G61/><T129/><D129/><U94/><E50/><V110/><F110/><W42/><G42/><T0/><D0/><U135/><E94/><V131/><F131/><W108/><G108/><T55/><D36/><U23/><E93/><V99/><F99/><W87/><G101/><T47/><D55/><N who="1" m="30127" /><E25/><V51/><REACH who="2" step="1"/><F43/><REACH who="2" ten="399,240,111,240" step="2"/><W69/><G126/><T65/><D77/><U10/><E135/><V41/><F41/><W70/><G70/><T29/><D73/><U116/><E98/><V58/><F58/><W38/><G1/><T57/><D57/><N who="1" m="37263" /><E97/><V120/><F120/><W40/><G38/><T123/><D123/><U134/><E134/><V96/><F96/><N who="3" m="57455" /><G40/><T12/><D56/><U37/><E37/><V11/><F11/><W130/><G130/><T28/><D47/><RYUUKYOKU ba="2,1" sc="399,-15,240,-15,111,15,240,15" hai2="4,5,6,18,19,20,21,51,52,59,82,85,90" hai3="9,17,30,31,63,64,69,84,86,87" /><INIT seed="1,3,1,2,5,22" ten="384,225,126,255" oya="1" hai0="118,23,125,102,116,117,121,4,134,27,93,110,80" hai1="127,132,10,13,72,75,87,106,53,88,37,130,74" hai2="69,16,32,41,91,71,95,48,25,29,67,73,20" hai3="85,81,63,84,56,124,21,30,18,108,34,49,82"/><U119/><E119/><V133/><F133/><W24/><G108/><T83/><D110/><U61/><E37/><V52/><F41/><W76/><G124/><T113/><D125/><U58/><E127/><V111/><F73/><W19/><G49/><T86/><D113/><U36/><E36/><V12/><F67/><W31/><G31/><T99/><D134/><U115/><E132/><V45/><REACH who="2" step="1"/><F111/><REACH who="2" ten="384,225,116,255" step="2"/><W17/><G34/><T135/><D135/><U6/><E115/><V51/><F51/><W54/><REACH who="3" step="1"/><G30/><REACH who="3" ten="384,225,116,245" step="2"/><T101/><D117/><U98/><E130/><V62/><F62/><W112/><G112/><T35/><D116/><U131/><E131/><V59/><F59/><W104/><G104/><T39/><D118/><U64/><E106/><V14/><F14/><W15/><G15/><T5/><D35/><U123/><E13/><V3/><F3/><W0/><G0/><T90/><D39/><U8/><E58/><V43/><F43/><W114/><G114/><T79/><D121/><U26/><E123/><V40/><F40/><W46/><G46/><T89/><D4/><U55/><E6/><V60/><F60/><W100/><G100/><T47/><D5/><U122/><E122/><V77/><F77/><AGARI ba="3,3" hai="17,18,19,21,24,54,56,63,76,77,81,82,84,85" machi="77" ten="30,8000,1" yaku="1,1,7,1,9,1,8,1,52,1,53,0" doraHai="22" doraHaiUra="42" who="3" fromWho="2" sc="384,0,225,0,116,-89,245,119" /><INIT seed="2,0,0,5,5,88" ten="384,225,27,364" oya="2" hai0="15,27,119,49,132,52,62,60,54,55,40,36,124" hai1="73,22,29,1,13,17,104,6,56,5,74,11,16" hai2="72,46,127,34,108,135,87,9,118,101,112,53,95" hai3="105,115,69,71,85,75,43,48,57,84,41,3,98"/><V82/><F118/><W78/><G3/><T76/><D119/><U70/><E70/><V28/><F112/><W47/><G115/><T97/><D124/><U130/><E104/><V63/><F127/><W93/><G43/><T7/><D132/><U21/><E130/><V14/><F72/><W50/><G105/><T32/><D36/><U102/><E56/><V38/><F135/><W31/><G31/><T12/><D76/><U123/><E102/><V110/><F28/><W18/><G75/><T129/><D129/><U103/><E103/><V94/><F34/><W8/><G69/><T125/><D125/><U25/><E74/><V106/><F101/><N who="3" m="60623" /><G71/><T100/><D32/><N who="1" m="20527" /><E73/><V35/><F106/><W2/><G2/><T120/><D27/><N who="1" m="14767" /><E123/><V33/><F33/><W67/><G78/><T66/><D120/><U10/><E6/><N who="2" m="3383" /><F35/><W83/><G83/><T19/><D7/><U81/><E81/><V107/><F107/><W122/><G122/><T131/><D131/><U134/><E134/><V20/><F20/><W23/><G8/><T111/><D19/><U92/><E92/><N who="2" m="35371" /><F38/><W86/><G86/><T65/><D100/><U128/><E128/><V99/><F99/><W45/><G85/><T90/><D97/><U113/><E11/><V89/><F63/><N who="3" m="38383" /><G84/><T58/><D62/><U39/><E39/><V0/><F0/><W24/><G23/><T133/><D133/><U30/><E30/><V64/><F64/><W44/><G18/><T51/><D65/><U61/><E61/><V42/><F42/><N who="3" m="24599" /><G24/><T26/><D26/><U59/><E113/><V126/><F126/><RYUUKYOKU ba="0,0" sc="384,-30,225,10,27,10,364,10" hai1="1,5,10,13,16,22,59" hai2="46,53,82,87,89,108,110" hai3="41,45,47,50" /><INIT seed="2,1,0,4,5,94" ten="354,235,37,374" oya="2" hai0="26,102,122,77,84,29,48,125,11,22,132,115,30" hai1="18,108,57,121,24,40,69,62,25,12,111,52,10" hai2="73,86,66,96,28,37,50,82,129,81,15,34,99" hai3="105,98,118,133,31,83,38,13,0,46,95,56,91"/><V7/><F37/><W130/><G0/><T63/><D115/><U114/><E114/><V110/><F34/><W67/><G118/><T4/><D122/><U71/><E121/><V88/><F28/><W78/><G130/><T64/><D125/><U134/><E134/><V97/><F129/><W42/><G133/><T70/><D132/><U103/><E40/><V116/><F116/><W14/><G105/><T112/><D112/><U53/><E103/><V55/><F66/><W45/><G45/><T106/><D30/><U101/><E101/><V41/><F41/><W51/><G31/><T59/><D77/><U54/><E25/><V47/><F110/><N who="1" m="42025" /><E24/><V65/><F65/><AGARI ba="1,0" hai="10,12,18,52,53,54,57,62,65,69,71" m="42025" machi="65" ten="30,2000,0" yaku="14,1,54,1" doraHai="94" who="1" fromWho="2" sc="354,0,235,23,37,-23,374,0" /><INIT seed="3,0,0,2,1,73" ten="354,258,14,374" oya="3" hai0="4,35,26,91,29,74,14,21,114,76,72,58,3" hai1="109,47,108,50,43,95,23,87,32,9,96,110,129" hai2="84,54,65,5,48,80,42,53,121,55,18,104,28" hai3="100,52,49,118,134,46,40,24,79,99,133,124,7"/><W103/><G118/><T19/><D114/><U62/><E32/><V64/><F28/><W135/><G124/><T119/><D119/><U81/><E129/><V10/><F18/><W1/><G79/><T68/><D68/><U97/><E9/><V36/><F36/><W98/><G24/><T59/><D91/><U27/><E62/><V90/><F104/><W20/><G20/><T70/><D70/><U12/><E12/><V107/><F107/><W111/><G111/><T17/><D17/><U126/><E95/><V102/><F102/><N who="3" m="38955" /><G40/><T41/><D41/><U94/><E94/><V15/><F121/><W69/><G69/><T39/><D39/><U0/><E0/><V66/><F42/><W132/><G132/><T106/><D106/><U115/><E126/><V57/><F48/><W131/><G131/><T88/><D88/><U67/><E67/><V125/><F125/><W117/><G117/><T75/><D76/><U30/><REACH who="1" step="1"/><E115/><REACH who="1" ten="354,248,14,374" step="2"/><V123/><F123/><W122/><G122/><T13/><D13/><U86/><E86/><V93/><REACH who="2" step="1"/><F57/><REACH who="2" ten="354,248,4,374" step="2"/><W105/><G105/><T71/><D71/><U37/><E37/><V78/><F78/><AGARI ba="0,2" hai="23,27,30,43,47,50,78,81,87,96,97,108,109,110" machi="78" ten="40,5200,0" yaku="1,1,14,1,52,1,53,0" doraHai="73" doraHaiUra="112" who="1" fromWho="2" sc="354,0,248,72,4,-52,374,0" owari="354,15.4,320,-8.0,-48,-54.8,374,47.4" /></mjloggm>