<mjloggm ver="2.3"><GO type="225" lobby="0"/><UN n0="%E3%81%90%E3%81%A1%E3%82%84%E3%81%BE" n1="%E4%B8%89%E5%88%86%E5%B0%8F%E5%83%A7" n2="%E3%81%BD%E3%81%A1%E3%81%9F%E3%81%93%E3%82%84" n3="%E3%82%8C%E3%81%99%E3%81%93" dan="16,16,17,17" rate="2121.33,2072.05,2196.13,2192.67" sx="M,M,M,F"/><TAIKYOKU oya="0"/><INIT seed="0,0,0,5,0,126" ten="250,250,250,250" oya="0" hai0="77,8,3,59,98,71,49,84,31,131,73,19,112" hai1="26,119,118,16,67,12,56,55,117,100,74,132,47" hai2="20,21,62,60,76,124,120,104,81,85,42,22,88" hai3="65,4,38,111,69,87,110,35,23,93,41,32,43"/><T1/><D112/><U125/><E125/><V99/><F124/><W34/><G4/><T122/><D71/><U14/><E132/><V72/><F120/><W133/><G133/><T130/><D122/><U80/><E100/><N who="2" m="62495" /><F42/><W2/><G2/><T83/><D31/><U45/><E67/><V11/><F11/><W79/><G38/><T30/><D30/><U27/><E74/><V51/><F51/><W92/><G23/><T105/><D73/><U24/><E80/><V61/><F60/><N who="3" m="40103" /><G92/><AGARI ba="0,0" hai="20,21,22,61,62,72,76,81,85,88,92" m="62495" machi="92" ten="30,2000,0" yaku="24,1,54,1" doraHai="126" who="2" fromWho="3" sc="250,0,250,0,250,20,250,-20" /><INIT seed="1,0,0,4,0,133" ten="250,250,270,230" oya="1" hai0="36,132,63,108,20,120,33,18,119,112,31,27,88" hai1="75,95,58,92,40,107,5,24,35,55,97,73,48" hai2="37,15,90,103,54,78,109,100,66,7,102,67,104" hai3="89,128,46,49,41,43,121,123,39,71,11,106,118"/><U34/><E5/><V98/><F109/><W14/><G106/><T0/><D112/><U23/><E40/><V96/><F37/><W80/><G71/><T38/><D119/><U47/><E107/><V65/><F78/><W19/><G128/><T1/><D132/><U84/><E84/><V17/><F7/><W9/><G118/><T125/><D108/><U74/><E47/><V51/><F104/><W72/><G41/><T85/><D125/><U87/><E87/><V12/><F90/><W64/><G64/><T122/><D63/><U16/><REACH who="1" step="1"/><E95/><REACH who="1" ten="250,240,270,230" step="2"/><V83/><F83/><W82/><G82/><T79/><D79/><U13/><E13/><V57/><REACH who="2" step="1"/><F12/><REACH who="2" ten="250,240,260,230" step="2"/><W60/><G80/><T3/><D38/><U2/><E2/><V99/><F99/><W4/><G39/><T56/><D36/><U124/><E124/><V69/><F69/><W6/><G14/><N who="0" m="9303" /><D3/><U116/><E116/><V113/><F113/><W86/><G123/><T131/><D1/><U32/><E32/><V81/><F81/><W91/><G121/><T111/><D0/><U93/><E93/><V22/><AGARI ba="0,2" hai="15,17,22,51,54,57,65,66,67,96,98,100,102,103" machi="22" ten="30,4000,0" yaku="1,1,0,1,8,1,53,0" doraHai="133" doraHaiUra="130" who="2" fromWho="2" sc="250,-10,240,-20,260,60,230,-10" /><INIT seed="2,0,0,2,3,109" ten="240,220,320,220" oya="2" hai0="54,0,107,82,96,45,67,77,122,79,112,126,66" hai1="24,40,70,81,43,116,58,37,85,61,119,100,62" hai2="121,95,86,59,1,49,76,31,44,83,23,46,18" hai3="117,111,80,60,15,74,75,113,103,89,132,25,32"/><V93/><F1/><W50/><G117/><T41/><D0/><U19/><E100/><V16/><F121/><W128/><G111/><T127/><D122/><U131/><E131/><V47/><F31/><W90/><G128/><T57/><D112/><U73/><E73/><V51/><F18/><W129/><G129/><T94/><D107/><U118/><E70/><V71/><F71/><W115/><G132/><T87/><D79/><U27/><E62/><V92/><REACH who="2" step="1"/><F59/><REACH who="2" ten="240,220,310,220" step="2"/><W8/><G115/><T97/><D57/><U21/><E27/><AGARI ba="0,1" hai="16,23,27,44,46,47,49,51,76,83,86,92,93,95" machi="27" ten="40,12000,1" yaku="1,1,2,1,8,1,54,1,53,0" doraHai="109" doraHaiUra="69" who="2" fromWho="1" sc="240,0,220,-120,310,130,220,0" /><INIT seed="2,1,0,0,4,91" ten="240,100,440,220" oya="2" hai0="118,132,96,54,101,38,30,125,51,109,50,24,105" hai1="73,60,44,22,66,21,133,76,59,7,103,72,33" hai2="113,64,128,70,134,78,11,46,23,112,129,130,41" hai3="90,87,37,106,28,126,117,84,122,120,71,42,85"/><V39/><F23/><W89/><G71/><T14/><D38/><U4/><E33/><V63/><F78/><W82/><G28/><T77/><D109/><U5/><E133/><V61/><F134/><W27/><G27/><T16/><D132/><U127/><E127/><V92/><F92/><N who="3" m="54311" /><G42/><T3/><D3/><U9/><E103/><V43/><F43/><W107/><G37/><T12/><D125/><U97/><E9/><V100/><F100/><W121/><G126/><T57/><D118/><U45/><E97/><V10/><F10/><W81/><G117/><T58/><D77/><AGARI ba="1,0" hai="77,81,82,85,87,90,106,107,120,121,122" m="54311" machi="77" ten="30,3900,0" yaku="34,2,52,1" doraHai="91" who="3" fromWho="0" sc="240,-42,100,0,440,0,220,42" /><INIT seed="3,0,0,0,1,129" ten="198,100,440,262" oya="3" hai0="126,63,127,1,26,82,69,32,96,86,78,107,108" hai1="84,83,90,101,131,99,45,27,87,11,98,43,123" hai2="109,7,121,33,95,134,35,85,5,56,46,19,72" hai3="31,21,50,91,118,30,60,74,37,59,92,8,122"/><W62/><G37/><T29/><D1/><U66/><E131/><V18/><F72/><W68/><G74/><T17/><D17/><U124/><E124/><V0/><F56/><W94/><G118/><T54/><D108/><U102/><E123/><V104/><F104/><W39/><G39/><T40/><D40/><U117/><E117/><V49/><F109/><W55/><G122/><T2/><D2/><U110/><E110/><V36/><F33/><W114/><G114/><T119/><D119/><U14/><E66/><V48/><F35/><W52/><G8/><T112/><D112/><U88/><E27/><V106/><F106/><W73/><G73/><T13/><D13/><U4/><E102/><V47/><F0/><W25/><G68/><T93/><D54/><U9/><E101/><V135/><F36/><W12/><G12/><T24/><D24/><U120/><E11/><V23/><F85/><W15/><G15/><T34/><D34/><U61/><E61/><N who="3" m="23658" /><G55/><T28/><D69/><U42/><E120/><V58/><F121/><W57/><G94/><T116/><D107/><U133/><E133/><N who="2" m="50699" /><F95/><W65/><G65/><T100/><D116/><U115/><E115/><V10/><F58/><W53/><G92/><T64/><D64/><U128/><E128/><V89/><F10/><W132/><G59/><T70/><D70/><U3/><E3/><V125/><F47/><W105/><G57/><T130/><D130/><U44/><E44/><V16/><F46/><W76/><G105/><T77/><D127/><U6/><E6/><N who="2" m="2059" /><F125/><W79/><G132/><T111/><D126/><RYUUKYOKU ba="0,0" sc="198,0,100,0,440,0,262,0" owari="198,-20.2,100,-40.0,440,54.0,262,6.2" /></mjloggm>