<mjloggm ver="2.3"><GO type="225" lobby="0"/><UN n0="%E7%99%BD%E6%97%A5%E9%9B%AA%E8%8F%9C" n1="%72%69%6F%75%63%68%61%6E" n2="%E7%99%BD%E9%9B%AA%E4%B9%83%E6%84%9B" n3="%E5%8F%AF%E5%85%90%E9%82%A3%E7%94%B1%E5%A4%9A" dan="16,17,16,17" rate="2195.14,2212.10,2065.22,2188.36" sx="M,M,F,F"/><TAIKYOKU oya="0"/><INIT seed="0,0,0,3,0,61" ten="250,250,250,250" oya="0" hai0="81,31,7,56,73,13,64,30,133,115,63,130,113" hai1="8,38,21,60,25,89,116,36,15,98,126,111,59" hai2="112,100,57,93,69,45,3,37,86,40,2,128,66" hai3="127,47,49,122,94,109,16,103,55,96,132,105,46"/><T44/><D130/><U24/><E111/><V0/><F112/><W84/><G109/><T107/><D107/><U120/><E116/><V135/><F128/><W104/><G127/><T43/><D133/><U26/><E120/><V53/><F135/><W102/><G132/><T34/><D7/><U62/><E126/><V9/><F9/><W121/><G47/><T88/><D13/><U14/><E21/><V90/><F100/><W20/><G84/><T33/><D30/><U131/><E131/><V76/><F76/><W12/><REACH who="3" step="1"/><G103/><REACH who="3" ten="250,250,250,240" step="2"/><T110/><D110/><U91/><E98/><V95/><F95/><W27/><G27/><T17/><D44/><U67/><E25/><V79/><F79/><W134/><G134/><T32/><D115/><U41/><E24/><V22/><F22/><W54/><G54/><T51/><D113/><U48/><E26/><V92/><F92/><W78/><G78/><T10/><D34/><U80/><E80/><V39/><F39/><W125/><G125/><T65/><D33/><U72/><E36/><V87/><F87/><W101/><G101/><T29/><D32/><U19/><E38/><V23/><F23/><W106/><AGARI ba="0,1" hai="12,16,20,46,49,55,94,96,102,104,105,106,121,122" machi="106" ten="40,5200,0" yaku="1,1,0,1,54,1,53,0" doraHai="61" doraHaiUra="82" who="3" fromWho="3" sc="250,-26,250,-13,250,-13,240,62" /><INIT seed="1,0,0,4,3,13" ten="224,237,237,302" oya="1" hai0="111,55,41,85,37,33,94,56,116,100,108,34,35" hai1="64,81,133,89,104,11,8,29,43,75,87,50,106" hai2="15,114,9,5,88,76,103,102,126,52,113,96,71" hai3="74,44,28,45,73,58,66,51,62,120,101,49,82"/><U6/><E133/><V132/><F71/><W22/><G120/><T24/><D116/><U20/><E75/><V53/><F132/><W59/><G101/><N who="2" m="38409" /><F76/><W78/><G73/><T7/><D7/><U68/><E11/><V0/><F0/><W134/><G134/><T95/><D37/><U90/><E90/><V93/><F126/><W127/><G127/><T46/><D100/><U92/><E92/><V130/><F130/><W18/><G28/><T70/><D70/><U98/><E98/><V107/><F107/><W32/><G32/><T117/><D117/><U123/><E123/><V118/><F118/><W65/><G51/><N who="0" m="27087" /><D85/><U27/><E50/><V67/><F67/><W31/><G31/><T10/><D10/><U39/><E43/><V57/><F57/><W119/><G119/><T21/><D21/><U3/><REACH who="1" step="1"/><E39/><REACH who="1" ten="224,227,237,302" step="2"/><V36/><F36/><W129/><G49/><N who="0" m="30831" /><D95/><U121/><E121/><V99/><F99/><W115/><G74/><T105/><D94/><U124/><E124/><V54/><F114/><W110/><G78/><T40/><D40/><U128/><E128/><V86/><F113/><W23/><G129/><T60/><D105/><U83/><E83/><V42/><F96/><W80/><G115/><T14/><D111/><U61/><AGARI ba="0,1" hai="3,6,8,20,27,29,61,64,68,81,87,89,104,106" machi="61" ten="30,3000,0" yaku="1,1,0,1,53,0" doraHai="13" doraHaiUra="135" who="1" fromWho="1" sc="224,-10,227,40,237,-10,302,-10" /><INIT seed="1,1,0,1,4,89" ten="214,267,227,292" oya="1" hai0="55,88,18,66,108,10,100,78,14,15,134,129,123" hai1="54,109,122,133,86,127,61,120,48,36,102,46,25" hai2="124,91,114,83,43,31,42,24,87,2,84,23,8" hai3="27,22,29,30,33,79,121,111,1,16,60,17,20"/><U7/><E127/><V93/><F124/><W99/><G121/><T13/><D123/><U6/><E133/><V4/><REACH who="2" step="1"/><F114/><REACH who="2" ten="214,267,217,292" step="2"/><W50/><G111/><T76/><D108/><U64/><E122/><V118/><F118/><W34/><G1/><T96/><D134/><U53/><E120/><V26/><F26/><W74/><G27/><T95/><D129/><U119/><E119/><V71/><F71/><W51/><G74/><T69/><D14/><U0/><E0/><V130/><F130/><W67/><G79/><AGARI ba="1,1" hai="2,4,8,23,24,31,42,43,79,83,84,87,91,93" machi="79" ten="30,7700,0" yaku="1,1,7,1,52,1,53,1" doraHai="89" doraHaiUra="35" who="2" fromWho="3" sc="214,0,267,0,217,90,292,-80" /><INIT seed="2,0,0,5,2,114" ten="214,267,307,212" oya="2" hai0="120,72,56,62,38,110,36,32,33,112,103,35,26" hai1="111,80,99,42,13,51,55,49,90,21,3,118,85" hai2="97,28,16,107,88,86,76,74,95,2,101,98,77" hai3="104,93,39,53,127,24,54,130,70,131,92,50,14"/><V34/><F2/><W132/><G104/><T108/><D112/><U82/><E118/><V124/><F124/><W119/><G119/><T123/><D72/><U134/><E111/><N who="0" m="42537" /><D103/><U25/><E134/><V40/><F40/><W47/><G132/><T71/><D26/><U69/><E69/><V122/><F122/><N who="0" m="46634" /><D71/><U31/><E3/><V19/><F97/><W29/><G70/><T87/><D87/><U58/><E99/><V5/><F5/><W105/><G105/><T78/><D78/><U128/><E128/><N who="3" m="49194" /><G127/><T75/><D75/><U84/><E13/><V15/><F15/><W94/><G39/><T0/><D0/><U30/><E42/><V115/><F115/><W109/><G109/><T8/><D8/><U133/><E133/><V89/><F89/><W1/><G1/><T48/><D48/><U64/><E64/><AGARI ba="0,0" hai="32,33,35,36,38,56,62,64" m="46634,42537" machi="64" ten="40,1300,0" yaku="14,1" doraHai="114" who="0" fromWho="1" sc="214,13,267,-13,307,0,212,0" /><INIT seed="3,0,0,5,4,88" ten="227,254,307,212" oya="3" hai0="32,92,126,28,8,16,134,54,60,97,64,42,10" hai1="118,129,132,130,24,45,101,31,52,67,43,38,68" hai2="44,3,0,109,17,104,72,120,105,69,18,71,106" hai3="90,70,128,29,25,124,49,133,65,66,117,5,34"/><W83/><G117/><T30/><D42/><U107/><E132/><V86/><F72/><W100/><G133/><T4/><D134/><U59/><E118/><V39/><F86/><W99/><G128/><N who="1" m="49258" /><E67/><V77/><F77/><W75/><G124/><T102/><D54/><U80/><E68/><N who="2" m="26187" /><F109/><W96/><G5/><T112/><D126/><U113/><E113/><V74/><F74/><W27/><G27/><T110/><D110/><U127/><E127/><V63/><F63/><W62/><G66/><T6/><D112/><U123/><E123/><V11/><F11/><N who="0" m="4138" /><D32/><U116/><E116/><V82/><F82/><W125/><G125/><T58/><D16/><N who="2" m="6250" /><F44/><W81/><G75/><T23/><D30/><U108/><E108/><V48/><F48/><W111/><G49/><T131/><D131/><U20/><E80/><V50/><F50/><W22/><G111/><T61/><D61/><N who="1" m="36071" /><E101/><V7/><F120/><W36/><G36/><T115/><D115/><U114/><E114/><V84/><F39/><W89/><G34/><T40/><D40/><U2/><E107/><V47/><F47/><W46/><G46/><T87/><D87/><U93/><E93/><V26/><F84/><N who="3" m="50319" /><G100/><T57/><D57/><U53/><E53/><V135/><F135/><W98/><G83/><T1/><D1/><AGARI ba="0,0" hai="1,2,20,24,31,38,43,45" m="36071,49258" machi="1" ten="30,2000,0" yaku="19,1,54,1" doraHai="88" who="1" fromWho="0" sc="227,-20,254,20,307,0,212,0" owari="207,-29.3,274,7.4,307,40.7,212,-18.8" /></mjloggm>