<mjloggm ver="2.3"><GO type="225" lobby="0"/><UN n0="%E7%99%BD%E6%97%A5%E9%9B%AA%E8%8F%9C" n1="%72%69%6F%75%63%68%61%6E" n2="%E3%83%97%E3%83%92" n3="%E8%B6%85%E7%B4%9A%E9%B3%B3%E5%87%B0" dan="16,16,16,16" rate="2206.75,2175.22,2154.51,2156.63" sx="M,M,M,M"/><TAIKYOKU oya="0"/><INIT seed="0,0,0,4,5,18" ten="250,250,250,250" oya="0" hai0="25,46,77,84,108,95,83,10,122,91,75,119,71" hai1="48,101,64,55,103,74,63,67,0,66,118,50,1" hai2="39,41,135,52,14,113,128,102,85,81,120,51,58" hai3="121,100,133,99,94,20,40,114,33,110,134,31,111"/><T112/><D112/><U2/><E118/><V3/><F113/><W68/><G114/><T125/><D119/><U19/><E74/><V124/><F120/><W37/><G68/><T22/><D122/><U11/><E63/><V4/><F3/><W87/><G121/><T126/><D71/><U15/><REACH who="1" step="1"/><E48/><REACH who="1" ten="250,240,250,250" step="2"/><V42/><F51/><W17/><G111/><T32/><D108/><U98/><E98/><V70/><F39/><W5/><G110/><T57/><D32/><U106/><E106/><V117/><F117/><W21/><G33/><T109/><D109/><U127/><E127/><V69/><F124/><W132/><G37/><T9/><D125/><U123/><E123/><V29/><F70/><W78/><G99/><T76/><D126/><U45/><AGARI ba="0,1" hai="0,1,2,11,15,19,45,50,55,64,66,67,101,103" machi="45" ten="40,2700,0" yaku="1,1,0,1,53,0" doraHai="18" doraHaiUra="92" who="1" fromWho="1" sc="250,-13,240,37,250,-7,250,-7" /><INIT seed="1,0,0,1,0,133" ten="237,277,243,243" oya="1" hai0="132,70,90,134,17,127,5,121,107,18,115,40,47" hai1="58,65,51,44,118,86,84,1,41,63,124,25,52" hai2="69,7,111,11,62,74,102,98,38,57,131,26,135" hai3="53,101,49,95,72,46,55,80,76,33,64,123,122"/><U100/><E124/><V73/><F135/><N who="0" m="51754" /><D115/><U60/><E118/><V114/><F114/><W112/><G112/><T104/><D70/><U83/><E1/><V21/><F69/><W39/><G33/><T29/><D121/><U2/><E2/><V120/><F38/><W116/><G116/><T23/><D5/><U128/><E128/><V88/><F131/><W61/><G39/><N who="0" m="21919" /><D127/><U19/><E100/><V99/><F111/><W20/><G20/><T43/><D43/><U68/><REACH who="1" step="1"/><E83/><REACH who="1" ten="237,267,243,243" step="2"/><V119/><F119/><W3/><G3/><T91/><D107/><U117/><E117/><V13/><F102/><W82/><G82/><T79/><D104/><U16/><E16/><N who="2" m="12583" /><F120/><W35/><G122/><T125/><D125/><U22/><AGARI ba="0,1" hai="19,22,25,41,44,51,52,58,60,63,65,68,84,86" machi="22" ten="30,11700,0" yaku="1,1,0,1,54,1,53,1" doraHai="133" doraHaiUra="50" who="1" fromWho="1" sc="237,-39,267,127,243,-39,243,-39" /><INIT seed="1,1,0,3,5,115" ten="198,394,204,204" oya="1" hai0="56,70,51,27,17,103,19,62,71,89,34,129,125" hai1="81,77,130,92,134,55,42,13,23,61,4,33,76" hai2="83,118,122,101,131,47,94,124,97,95,117,96,6" hai3="22,8,99,107,28,74,31,84,29,135,73,2,38"/><U111/><E33/><V0/><F122/><W45/><G135/><T87/><D125/><U90/><E134/><V108/><F124/><W67/><G22/><T40/><D129/><U44/><E130/><V78/><F131/><W114/><G114/><T52/><D103/><U100/><E111/><V64/><F64/><W20/><G20/><T30/><D71/><U18/><E100/><V123/><F123/><W16/><G67/><T43/><D70/><U109/><E109/><V32/><F32/><W24/><G84/><T12/><D62/><U66/><E55/><V3/><F108/><W9/><G24/><T132/><D132/><U91/><E4/><V116/><F47/><W104/><G2/><T112/><D112/><U80/><E80/><V93/><F6/><W102/><G107/><T63/><D63/><U126/><E126/><V26/><F26/><W35/><G35/><T120/><D120/><U119/><E119/><V128/><F128/><W1/><G1/><T14/><D19/><U58/><E81/><V11/><F11/><W133/><G133/><T48/><D48/><N who="1" m="26647" /><E91/><N who="2" m="55359" /><F0/><W68/><G68/><T36/><D36/><U21/><E23/><V46/><F46/><W79/><G8/><T59/><D59/><U41/><E41/><N who="0" m="15945" /><D17/><U110/><E110/><V37/><F37/><W60/><G38/><T72/><D72/><U65/><E66/><V49/><F3/><W10/><G73/><T86/><D89/><U85/><AGARI ba="1,0" hai="13,18,21,58,61,65,76,77,85,90,92" m="26647" machi="85" ten="30,1500,0" yaku="8,1" doraHai="115" who="1" fromWho="1" sc="198,-6,394,18,204,-6,204,-6" /><INIT seed="1,2,0,2,2,14" ten="192,412,198,198" oya="1" hai0="40,25,128,7,106,19,74,47,22,107,126,71,2" hai1="103,86,70,52,77,98,97,28,54,80,127,45,105" hai2="10,118,30,113,34,57,44,99,116,117,91,56,81" hai3="73,82,6,130,51,102,92,104,24,65,123,90,42"/><U48/><E127/><V9/><F113/><W29/><G123/><T1/><D71/><U17/><E70/><V63/><F44/><W110/><G110/><T13/><D74/><U95/><E28/><V41/><F41/><W69/><G130/><T88/><D126/><U50/><E17/><V124/><F124/><W85/><G6/><T4/><D128/><U96/><REACH who="1" step="1"/><E105/><REACH who="1" ten="192,402,198,198" step="2"/><V131/><F131/><W59/><G69/><T111/><D111/><U129/><E129/><V64/><F30/><W33/><G104/><T93/><D107/><U46/><AGARI ba="2,1" hai="45,46,48,50,52,54,77,80,86,95,96,97,98,103" machi="46" ten="20,18000,2" yaku="1,1,0,1,7,1,9,1,8,1,54,1,53,0" doraHai="14" doraHaiUra="58" who="1" fromWho="1" sc="192,-62,402,196,198,-62,198,-62" /><INIT seed="1,3,0,3,3,29" ten="130,598,136,136" oya="1" hai0="121,52,13,104,88,75,38,107,101,23,70,111,113" hai1="53,18,65,134,84,71,116,93,133,2,28,44,39" hai2="127,27,103,54,110,117,98,1,123,114,72,24,25" hai3="95,20,36,19,115,56,83,102,41,122,87,85,42"/><U61/><E116/><V21/><F117/><W49/><G122/><T106/><D113/><U9/><E28/><V120/><F114/><W128/><G115/><T66/><D38/><U90/><E18/><V125/><F72/><W16/><G128/><T17/><D75/><U81/><E81/><V14/><F54/><N who="3" m="31823" /><G36/><T119/><D119/><U80/><E80/><V7/><F110/><W47/><G19/><T96/><D111/><U112/><E112/><V57/><F57/><W91/><G47/><T108/><D108/><U99/><E99/><V64/><F64/><W10/><G10/><T132/><D132/><U63/><E63/><V118/><F118/><W131/><G131/><T86/><D121/><N who="2" m="46666" /><F103/><W67/><G67/><T51/><D66/><U68/><E71/><V69/><F98/><N who="3" m="59743" /><G87/><T37/><D37/><U135/><E53/><V35/><F69/><W60/><G60/><T82/><D70/><U46/><REACH who="1" step="1"/><E39/><REACH who="1" ten="130,588,136,136" step="2"/><V73/><F73/><W62/><G62/><T100/><D101/><U11/><E11/><N who="2" m="2543" /><F35/><W43/><G41/><T30/><D30/><U79/><E79/><V12/><F21/><W92/><G83/><T4/><D4/><AGARI ba="3,1" hai="2,4,9,44,46,61,65,68,84,90,93,133,134,135" machi="4" ten="40,7700,0" yaku="1,1,20,1,53,1" doraHai="29" doraHaiUra="0" who="1" fromWho="0" sc="130,-86,588,96,136,0,136,0" /><INIT seed="1,4,0,0,2,122" ten="44,684,136,136" oya="1" hai0="104,56,21,76,59,9,32,134,129,99,48,90,89" hai1="8,10,64,82,125,78,0,119,100,113,49,128,41" hai2="36,54,81,38,124,66,42,61,77,18,22,74,17" hai3="110,51,109,44,135,105,133,45,111,46,57,35,127"/><U72/><E113/><V73/><F124/><W106/><G35/><T118/><D118/><U116/><E125/><V6/><F74/><W19/><G127/><T2/><D32/><U7/><E128/><V47/><F36/><W88/><G19/><T15/><D129/><U97/><E64/><V69/><F6/><W101/><G88/><T39/><D39/><U4/><E49/><V13/><F18/><W131/><G131/><T53/><D134/><N who="3" m="51209" /><G101/><T58/><D76/><U24/><E41/><V83/><F83/><W103/><G103/><T96/><D2/><U91/><E91/><V20/><REACH who="2" step="1"/><F54/><AGARI ba="4,0" hai="44,45,46,51,54,57,105,106,109,110,111" m="51209" machi="54" ten="40,8000,1" yaku="14,1,20,1,52,3" doraHai="122" who="3" fromWho="2" sc="44,0,684,0,136,-92,136,92" /><INIT seed="2,0,0,3,3,67" ten="44,684,44,228" oya="2" hai0="51,105,131,70,120,76,109,79,124,1,60,22,134" hai1="17,31,98,69,73,117,86,5,132,38,110,62,47" hai2="39,111,87,133,88,90,66,56,64,71,49,48,26" hai3="74,121,126,115,50,14,91,123,58,75,9,113,104"/><V85/><F39/><W43/><G104/><T68/><D120/><N who="3" m="46153" /><G126/><T101/><D124/><U30/><E73/><V92/><F133/><W107/><G107/><T41/><D1/><U19/><E117/><V54/><F111/><W15/><G91/><T65/><D109/><U116/><E116/><V128/><F128/><W18/><G14/><T57/><D134/><U2/><E110/><V40/><F71/><W108/><G108/><T106/><D131/><U118/><E118/><V37/><F37/><W94/><G94/><T59/><D106/><U33/><E132/><V8/><F26/><W20/><G20/><T6/><D6/><U29/><E33/><V99/><F8/><W16/><G18/><T102/><D22/><U72/><E72/><V11/><F11/><W32/><G32/><T127/><D127/><U97/><E2/><V4/><F4/><W45/><G58/><T46/><D59/><U55/><E5/><V129/><F129/><W7/><G7/><T63/><D70/><U103/><E69/><V12/><F12/><W80/><G80/><T83/><D105/><U42/><E86/><N who="2" m="32779" /><F90/><W100/><G100/><N who="0" m="38507" /><D83/><U119/><E119/><V35/><F35/><W25/><G25/><T44/><D68/><U135/><E135/><V13/><F13/><W130/><G130/><T112/><D112/><AGARI ba="0,0" hai="9,15,16,43,45,50,74,75,112,113,115" m="46153" machi="112" ten="30,2000,0" yaku="11,1,54,1" doraHai="67" who="3" fromWho="0" sc="44,-20,684,0,44,0,228,20" /><INIT seed="3,0,0,4,5,102" ten="24,684,44,248" oya="3" hai0="101,89,0,46,12,122,86,74,49,93,43,95,54" hai1="100,19,130,92,78,77,32,96,121,29,62,87,1" hai2="50,70,81,79,57,52,94,97,90,67,88,72,98" hai3="75,9,13,35,114,80,106,83,115,135,22,111,16"/><W60/><G35/><T47/><D0/><U116/><E1/><V112/><F112/><W10/><G135/><T51/><D122/><U103/><E121/><V110/><F110/><W26/><G111/><T61/><D74/><U128/><E116/><V131/><F131/><N who="1" m="50217" /><E103/><V133/><F133/><W58/><G106/><T6/><D61/><U3/><E3/><V123/><F123/><W53/><G9/><T76/><D76/><U8/><E62/><V45/><F70/><W91/><G80/><T118/><D118/><U129/><E129/><V124/><F124/><W30/><REACH who="3" step="1"/><G91/><REACH who="3" ten="24,684,44,238" step="2"/><T132/><D132/><U109/><E8/><V44/><F67/><W69/><G69/><T73/><D73/><U41/><E109/><V55/><F55/><W59/><G59/><T48/><D101/><U27/><E41/><V127/><F127/><W17/><G17/><T108/><D108/><U65/><E65/><V34/><F90/><W36/><G36/><T63/><D95/><N who="1" m="58399" /><E19/><V107/><F107/><W85/><G85/><T99/><D86/><U64/><E64/><V20/><F88/><AGARI ba="0,1" hai="27,29,32,77,78,87,88,92" m="58399,50217" machi="88" ten="30,2000,0" yaku="19,1,54,1" doraHai="102" who="1" fromWho="2" sc="24,0,684,30,44,-20,238,0" owari="24,-37.6,714,81.4,24,-47.6,238,3.8" /></mjloggm>