<mjloggm ver="2.3"><GO type="225" lobby="0"/><UN n0="%E3%81%BF%E3%82%84%E3%81%93%E3%82%93%EF%BC%91%EF%BC%90%E6%AD%B3" n1="%E3%81%B2%E3%81%AA%E3%81%AE%E3%82%8A%E3%81%8F" n2="%E3%81%9D%E3%81%8A%E3%81%9D%E3%81%9D" n3="%72%61%6B%33" dan="16,17,16,17" rate="2067.35,2206.81,2080.06,2220.25" sx="M,M,M,M"/><TAIKYOKU oya="0"/><INIT seed="0,0,0,2,4,95" ten="250,250,250,250" oya="0" hai0="28,32,103,4,77,37,73,23,133,119,9,122,84" hai1="33,102,72,123,24,132,130,74,8,124,36,70,30" hai2="67,96,109,13,78,86,97,49,115,11,131,44,91" hai3="75,129,21,65,41,89,20,2,83,43,71,26,106"/><T93/><D122/><U62/><E123/><V121/><F115/><W19/><G2/><T6/><D119/><U54/><E36/><V127/><F121/><W64/><G129/><T128/><D32/><U47/><E130/><V29/><F131/><W57/><G106/><T68/><D68/><U59/><E132/><V7/><F127/><W0/><G0/><T56/><D128/><U135/><E135/><V14/><F78/><W31/><G71/><T76/><D37/><U53/><E124/><V12/><F67/><W85/><G75/><T112/><D112/><U55/><E70/><V120/><F29/><W114/><G114/><T39/><D39/><U35/><E35/><V69/><F69/><W107/><G107/><T22/><D73/><U90/><E90/><V110/><F120/><W92/><G83/><T16/><D133/><U118/><E118/><V88/><F110/><W52/><G64/><T111/><D111/><U100/><E47/><V42/><F109/><W134/><G65/><T3/><D4/><U104/><E8/><V50/><F50/><N who="3" m="30871" /><G134/><T108/><D56/><U113/><E113/><V87/><F87/><W40/><G40/><T99/><D108/><U101/><REACH who="1" step="1"/><E104/><REACH who="1" ten="250,240,250,250" step="2"/><V117/><F117/><W34/><G34/><T66/><D9/><U27/><E27/><AGARI ba="0,1" hai="19,20,21,26,27,31,41,43,85,89,92" m="30871" machi="27" ten="30,2000,0" yaku="8,1,54,1" doraHai="95" who="3" fromWho="1" sc="250,0,240,-20,250,0,250,30" /><INIT seed="1,0,0,4,2,47" ten="250,220,250,280" oya="1" hai0="44,41,110,59,119,109,37,84,29,97,32,70,24" hai1="28,8,51,129,58,106,19,92,45,94,68,18,16" hai2="126,90,48,66,49,23,74,9,89,124,101,122,21" hai3="34,85,128,71,30,120,10,50,2,4,38,17,40"/><U52/><E106/><V72/><F9/><W20/><G71/><T127/><D119/><U67/><E68/><V69/><F69/><W131/><G38/><T135/><D70/><U121/><E121/><V54/><F54/><W108/><G120/><T64/><D127/><N who="2" m="48682" /><F101/><W35/><G85/><T5/><D135/><U133/><E133/><V100/><F100/><W118/><G118/><T78/><D97/><U11/><E129/><N who="3" m="49738" /><G108/><T123/><D5/><U77/><E77/><V55/><F55/><W27/><G40/><T63/><D123/><U86/><E28/><V56/><F56/><W98/><G98/><T76/><D84/><U60/><E94/><V12/><F66/><W83/><G83/><T96/><D96/><U111/><E111/><AGARI ba="0,0" hai="24,29,32,37,41,44,59,63,64,76,78,109,110,111" machi="111" ten="40,1300,0" yaku="14,1" doraHai="47" who="0" fromWho="1" sc="250,13,220,-13,250,0,280,0" /><INIT seed="2,0,0,3,3,71" ten="263,207,250,280" oya="2" hai0="111,6,24,118,99,95,113,56,63,37,116,67,25" hai1="69,31,49,42,129,89,93,83,28,94,76,132,0" hai2="104,75,130,30,4,14,64,23,55,72,68,16,54" hai3="5,97,117,108,125,92,105,127,81,22,78,114,123"/><V45/><F104/><W112/><G22/><T26/><D113/><N who="3" m="43625" /><G5/><T115/><D115/><U35/><E69/><V36/><F30/><W124/><G108/><T19/><D111/><U20/><E35/><V40/><F130/><W135/><G135/><T107/><D107/><U73/><E132/><V8/><F64/><W122/><G105/><T60/><D6/><U86/><E0/><V66/><F66/><W121/><G117/><N who="0" m="45163" /><D60/><U12/><E129/><V53/><REACH who="2" step="1"/><F68/><REACH who="2" ten="263,207,240,280" step="2"/><W43/><G122/><T48/><D19/><U103/><E31/><V51/><F51/><W87/><G43/><T58/><D48/><U44/><E28/><V27/><AGARI ba="0,1" hai="4,8,14,16,23,27,36,40,45,53,54,55,72,75" machi="27" ten="30,12000,1" yaku="1,1,0,1,52,1,54,1,53,1" doraHai="71" doraHaiUra="2" who="2" fromWho="2" sc="263,-40,207,-40,240,130,280,-40" /><INIT seed="2,1,0,5,4,102" ten="223,167,370,240" oya="2" hai0="78,84,76,71,92,112,125,42,79,43,23,118,58" hai1="15,75,109,91,5,18,21,80,4,16,134,50,49" hai2="97,26,126,99,39,36,89,30,7,45,95,100,108" hai3="81,3,132,66,60,77,61,10,19,22,85,104,70"/><V41/><F126/><W6/><G132/><T29/><D71/><U114/><E114/><V0/><F108/><W129/><G61/><T37/><D112/><U38/><E134/><V72/><F72/><W127/><G129/><T53/><D125/><U124/><E124/><V2/><F39/><W55/><G127/><T135/><D135/><U103/><E38/><V12/><F12/><W59/><G104/><T115/><D115/><U68/><E68/><V133/><F7/><W93/><G93/><T35/><D35/><U111/><E103/><V13/><F13/><W9/><G9/><T33/><D33/><U48/><E18/><V69/><F69/><W54/><G70/><T82/><D118/><U117/><E117/><V47/><F45/><W120/><G120/><T131/><D92/><U88/><E91/><V34/><REACH who="2" step="1"/><F133/><REACH who="2" ten="223,167,360,240" step="2"/><W121/><G121/><T56/><D37/><U32/><E75/><V64/><F64/><W31/><G66/><T40/><D131/><U46/><E46/><V63/><F63/><W122/><G122/><T17/><D56/><U90/><E111/><V25/><F25/><W94/><G59/><T28/><D58/><U130/><E130/><V1/><F1/><W8/><G60/><T110/><D110/><U20/><E109/><V106/><AGARI ba="1,1" hai="0,2,26,30,34,36,41,47,89,95,97,99,100,106" machi="106" ten="20,7800,0" yaku="1,1,0,1,7,1,52,1,53,0" doraHai="102" doraHaiUra="116" who="2" fromWho="2" sc="223,-27,167,-27,360,91,240,-27" /><INIT seed="2,2,0,2,0,6" ten="196,140,451,213" oya="2" hai0="29,21,8,33,87,111,82,76,44,113,89,56,45" hai1="108,78,18,119,31,20,60,58,2,0,11,22,40" hai2="133,23,34,48,77,85,57,46,107,68,59,32,110" hai3="90,38,130,129,124,30,39,24,5,97,62,115,118"/><V98/><F68/><W69/><G118/><T13/><D113/><U66/><E119/><V3/><F3/><W14/><G115/><T70/><D70/><U19/><E108/><V26/><F110/><W36/><G124/><T109/><D33/><U100/><E31/><V9/><F9/><N who="3" m="4399" /><G90/><T73/><D111/><U12/><E78/><V105/><F85/><W125/><G97/><T51/><D109/><U55/><E40/><V75/><F98/><W93/><G93/><T101/><D101/><U135/><E135/><V17/><F57/><W25/><G125/><T99/><D99/><U84/><E84/><V104/><F59/><W116/><G116/><T72/><D72/><U123/><E123/><V81/><REACH who="2" step="1"/><F133/><REACH who="2" ten="196,140,441,213" step="2"/><W47/><G69/><T35/><D73/><U131/><E2/><V134/><F134/><W96/><G96/><T49/><D56/><U128/><E0/><V7/><F7/><W10/><G10/><T103/><D8/><U88/><E11/><V63/><F63/><W28/><G62/><T65/><D103/><U91/><E100/><V53/><AGARI ba="2,1" hai="17,23,26,32,34,46,48,53,75,77,81,104,105,107" machi="53" ten="30,6000,0" yaku="1,1,0,1,53,1" doraHai="6" doraHaiUra="106" who="2" fromWho="2" sc="196,-22,140,-22,441,76,213,-22" /><INIT seed="2,3,0,1,2,128" ten="174,118,517,191" oya="2" hai0="60,6,114,95,44,119,71,116,56,113,30,21,107" hai1="85,96,133,117,72,23,104,132,62,75,40,31,38" hai2="121,65,16,66,115,126,53,91,88,61,36,83,52" hai3="86,25,99,7,89,64,127,84,2,24,22,58,87"/><V135/><F121/><W1/><G127/><T19/><D107/><U20/><E117/><N who="0" m="45129" /><D71/><U124/><E124/><V43/><F126/><W102/><G24/><N who="0" m="16655" /><D6/><U68/><E38/><V129/><F115/><W59/><G89/><T92/><D44/><U42/><E85/><V105/><F66/><W81/><G81/><T11/><D11/><U3/><E3/><V111/><F83/><W78/><G78/><T4/><D4/><U97/><E31/><V49/><F61/><W67/><G7/><T28/><D28/><U55/><E62/><V37/><F49/><W26/><G64/><N who="0" m="38919" /><D19/><U8/><E8/><V17/><F16/><W9/><G9/><T79/><D79/><U82/><E82/><V27/><F17/><W110/><G59/><T48/><D48/><U41/><E41/><V118/><F105/><W47/><G47/><T98/><D92/><U76/><E76/><V33/><F27/><W94/><G26/><T108/><D108/><U39/><E104/><V90/><F90/><AGARI ba="3,0" hai="90,95,98,113,114" m="38919,16655,45129" machi="90" ten="30,1000,0" yaku="12,1" doraHai="128" who="0" fromWho="2" sc="174,19,118,0,517,-19,191,0" /><INIT seed="3,0,0,4,5,132" ten="193,118,498,191" oya="3" hai0="44,113,25,21,6,94,75,10,9,51,68,114,93" hai1="84,106,26,123,16,67,2,98,36,133,31,50,40" hai2="48,42,30,71,112,105,12,76,20,32,100,66,17" hai3="107,24,73,54,55,121,116,102,88,58,27,4,135"/><W23/><G116/><T91/><D68/><U90/><E123/><V11/><F112/><N who="0" m="43114" /><D75/><U85/><E133/><V59/><F32/><W86/><G135/><T120/><D120/><U118/><E118/><V119/><F71/><W103/><G121/><T43/><D91/><U34/><E2/><V41/><F76/><W129/><G73/><T122/><D122/><U62/><E36/><V5/><F30/><W83/><G129/><T87/><D87/><U18/><E50/><V46/><F100/><W97/><G103/><T72/><D72/><U89/><E40/><N who="2" m="24647" /><F105/><W45/><G4/><T81/><D81/><U19/><E106/><V47/><F47/><W110/><G110/><T52/><D43/><U78/><E78/><V64/><F119/><W57/><G45/><T35/><D35/><U56/><REACH who="1" step="1"/><E89/><REACH who="1" ten="193,108,498,191" step="2"/><V63/><F64/><W111/><G111/><T92/><D6/><U101/><E101/><V79/><F79/><W124/><G107/><T13/><D51/><U15/><E15/><AGARI ba="0,1" hai="5,11,12,15,17,20,41,42,59,63,66" m="24647" machi="15" ten="30,1000,0" yaku="8,1" doraHai="132" who="2" fromWho="1" sc="193,0,108,-10,498,20,191,0" owari="193,-0.7,98,-40.2,518,61.8,191,-20.9" /></mjloggm>