<mjloggm ver="2.3"><GO type="225" lobby="0"/><UN n0="%E3%81%99%E3%81%84%E3%81%BE%E3%81%9B%E3%83%BC%E3%82%93" n1="%E3%82%A2%E3%83%BC%E3%83%A2%E3%83%AD%E3%83%BC%E3%83%B4%E3%82%A1" n2="%31%50%E3%81%9F%E3%81%9D" n3="%E5%8D%A0%E3%81%84%E5%B8%AB%E8%A3%8F%E3%81%AA%E3%81%84%E3%81%97" dan="17,16,16,16" rate="2246.22,2140.85,2135.45,2157.04" sx="M,M,F,M"/><TAIKYOKU oya="0"/><INIT seed="0,0,0,1,0,131" ten="250,250,250,250" oya="0" hai0="68,42,120,128,38,84,55,1,99,97,119,19,6" hai1="91,33,130,86,28,110,7,43,15,39,118,124,54" hai2="47,10,77,116,13,114,88,109,107,92,98,60,89" hai3="90,5,49,126,62,24,23,100,36,16,0,80,85"/><T71/><D119/><U112/><E118/><V53/><F114/><W104/><G36/><T61/><D120/><U127/><E130/><V70/><F116/><W69/><G126/><N who="1" m="48170" /><E110/><V135/><F109/><W25/><G0/><T103/><D128/><U3/><E112/><V115/><F107/><W94/><G104/><T63/><D19/><U96/><E54/><V72/><F115/><W83/><G5/><T58/><D84/><U65/><E65/><V34/><F34/><W73/><G73/><T56/><D6/><U101/><E33/><V31/><F31/><W35/><G100/><T129/><D1/><U111/><E28/><V125/><F125/><W132/><G132/><T26/><D26/><U122/><E122/><V108/><F108/><W82/><G49/><T51/><D129/><U95/><E3/><V78/><F72/><W2/><G2/><T9/><D9/><N who="1" m="4543" /><E111/><V48/><F89/><W40/><G40/><T37/><D103/><U20/><E20/><V27/><F27/><W74/><G25/><T79/><D79/><U123/><E123/><V102/><F102/><W22/><G22/><T41/><D55/><U46/><E101/><V64/><F135/><W14/><G24/><T106/><D106/><U113/><E113/><V134/><F134/><W50/><G35/><T121/><D121/><U52/><E52/><V81/><F81/><W67/><G74/><T57/><D57/><U18/><E18/><AGARI ba="0,0" hai="10,13,18,47,48,53,60,64,70,77,78,88,92,98" machi="18" ten="30,2000,0" yaku="7,1,54,1" doraHai="131" who="2" fromWho="1" sc="250,0,250,-20,250,20,250,0" /><INIT seed="1,0,0,5,4,118" ten="250,230,270,250" oya="1" hai0="105,16,41,125,65,127,15,111,61,56,69,60,55" hai1="22,36,4,53,49,10,12,109,46,131,103,112,113" hai2="24,28,57,99,80,30,129,76,110,18,50,106,67" hai3="128,47,100,59,104,92,70,102,17,44,9,58,75"/><U32/><E32/><V0/><F0/><W89/><G70/><T62/><D111/><U33/><E33/><V72/><F110/><W42/><G75/><T132/><D132/><U40/><E131/><V11/><F129/><W90/><G104/><T45/><D105/><U116/><E116/><V94/><F106/><W71/><G71/><T20/><REACH who="0" step="1"/><D62/><REACH who="0" ten="240,230,270,250" step="2"/><U117/><E117/><V51/><F30/><W79/><G128/><T122/><D122/><U82/><E109/><V81/><F28/><W130/><G130/><T124/><D124/><U86/><E103/><V1/><F1/><W77/><G102/><T48/><AGARI ba="0,1" hai="15,16,20,41,45,48,55,56,60,61,65,69,125,127" machi="48" ten="30,8000,1" yaku="1,1,0,1,54,1,53,2" doraHai="118" doraHaiUra="135" who="0" fromWho="0" sc="240,90,230,-40,270,-20,250,-20" /><INIT seed="2,0,0,4,2,4" ten="330,190,250,230" oya="2" hai0="18,72,133,102,63,64,81,95,56,103,45,106,40" hai1="41,44,38,99,129,119,29,3,68,17,57,59,101" hai2="87,7,117,15,120,74,122,121,124,108,130,104,62" hai3="28,52,30,48,27,91,16,69,60,12,132,0,21"/><V134/><F87/><W98/><G0/><T76/><D133/><U31/><E119/><V47/><F62/><W14/><G132/><T70/><D106/><U86/><E129/><V53/><F53/><W131/><G131/><T19/><D70/><U96/><E68/><V24/><F47/><W123/><G123/><T67/><D67/><U5/><E17/><V107/><F24/><W77/><G77/><T118/><D118/><U34/><E86/><V125/><F74/><W88/><G69/><T25/><D95/><U111/><E111/><V97/><F117/><W112/><G112/><T115/><D115/><U65/><E96/><V1/><F1/><W51/><G51/><T128/><D128/><U61/><E34/><V100/><F134/><W109/><G109/><T33/><D18/><U90/><E90/><N who="3" m="34346" /><G60/><T36/><D33/><U73/><E57/><V105/><F130/><W8/><G98/><T66/><D66/><U113/><E73/><V116/><F116/><W39/><G39/><T85/><D72/><U55/><E65/><V26/><F108/><W79/><G79/><T93/><D93/><U11/><REACH who="1" step="1"/><E113/><REACH who="1" ten="330,180,250,230" step="2"/><V89/><F89/><W92/><G28/><T35/><D35/><U2/><E2/><V54/><F121/><W50/><G30/><T32/><D32/><U80/><E80/><V114/><F120/><W49/><G16/><T6/><D19/><U22/><E22/><V13/><F114/><W9/><G21/><T20/><D20/><U78/><E78/><V75/><F122/><W82/><G82/><T37/><D81/><U43/><E43/><RYUUKYOKU ba="0,1" sc="330,-10,180,30,250,-10,230,-10" hai1="3,5,11,29,31,38,41,44,55,59,61,99,101" /><INIT seed="3,1,1,0,5,121" ten="320,210,240,220" oya="3" hai0="12,62,14,4,58,119,2,41,88,130,67,35,120" hai1="114,110,24,3,93,104,52,101,60,40,37,44,91" hai2="97,100,13,78,126,10,70,68,36,86,98,128,19" hai3="108,103,59,26,23,129,79,16,72,113,131,112,34"/><W74/><G103/><T55/><D120/><U63/><E114/><N who="3" m="44138" /><G79/><T21/><D119/><U18/><E3/><V33/><F36/><W116/><G116/><T125/><D35/><U135/><E135/><V118/><F33/><W84/><G84/><T45/><D2/><U53/><E110/><V65/><F118/><W133/><G133/><T77/><D77/><U76/><E76/><V9/><F97/><W1/><G1/><T90/><D4/><U0/><E0/><V6/><F65/><W73/><G34/><T132/><D67/><U25/><E104/><V117/><F117/><W123/><G123/><T95/><D132/><U5/><E5/><V39/><F39/><W20/><G59/><T31/><D90/><U122/><E101/><V27/><F27/><W80/><G80/><T46/><D88/><U48/><E122/><V127/><F86/><W43/><G43/><T81/><D81/><U51/><E37/><V57/><F57/><W109/><G23/><T71/><D21/><N who="1" m="13367" /><E25/><V8/><F78/><W42/><G42/><T22/><D41/><U94/><E40/><V92/><F128/><AGARI ba="1,1" hai="16,20,26,72,73,74,108,109,128,129,131" m="44138" machi="128" ten="40,12000,1" yaku="19,1,52,2,54,1" doraHai="121" who="3" fromWho="2" sc="320,0,210,0,240,-123,220,133" owari="320,12.0,210,-19.0,117,-38.3,353,45.3" /></mjloggm>