<mjloggm ver="2.3"><GO type="225" lobby="0"/><UN n0="%E3%81%9F%E3%81%93%E2%98%86%E7%84%BC%E3%81%8D" n1="%72%69%6F%75%63%68%61%6E" n2="%E9%80%86%E9%80%A3%E5%B8%AF%E3%81%AE%E9%AC%BC" n3="%E3%81%8B%E3%82%8F%E3%81%A1%E3%82%83%E3%82%93%35%38" dan="16,16,16,16" rate="2096.93,2187.30,2157.85,2134.60" sx="M,M,M,M"/><TAIKYOKU oya="0"/><INIT seed="0,0,0,0,4,79" ten="250,250,250,250" oya="0" hai0="123,89,87,56,101,106,70,125,54,42,49,132,108" hai1="4,109,20,0,77,102,31,86,118,55,127,100,19" hai2="25,11,76,121,7,71,112,6,3,92,45,18,115" hai3="10,105,30,60,53,8,59,24,128,103,52,126,17"/><T13/><D123/><U113/><E118/><V62/><F121/><W96/><G126/><T129/><D70/><U68/><E109/><V95/><F7/><W15/><G128/><T57/><D125/><U75/><E127/><V117/><F117/><W81/><G81/><T72/><D72/><U107/><E113/><V67/><F76/><W110/><G110/><T26/><D129/><U48/><E75/><V29/><F18/><W73/><G73/><T69/><D69/><U38/><E38/><V63/><F63/><W36/><G36/><T74/><D74/><U40/><E68/><V9/><F9/><W51/><G8/><T37/><D13/><U84/><E40/><V47/><F47/><W111/><G111/><T50/><D26/><U64/><E64/><V32/><REACH who="2" step="1"/><F45/><REACH who="2" ten="250,250,240,250" step="2"/><W34/><REACH who="3" step="1"/><G51/><REACH who="3" ten="250,250,240,240" step="2"/><T97/><D108/><U90/><E77/><V16/><F16/><W80/><G80/><T61/><D49/><U2/><E48/><V78/><F78/><W91/><G91/><T23/><D89/><U104/><E90/><V82/><F82/><W58/><G58/><T46/><D56/><U41/><E19/><V116/><F116/><W43/><G43/><T39/><D50/><U124/><E41/><V33/><F33/><W98/><G98/><T35/><D39/><U120/><E124/><V66/><F66/><AGARI ba="0,2" hai="10,15,17,24,30,34,52,53,59,60,66,96,103,105" machi="66" ten="30,7700,0" yaku="1,1,7,1,54,1,53,1" doraHai="79" doraHaiUra="93" who="3" fromWho="2" sc="250,0,250,0,240,-77,240,97" /><INIT seed="1,0,0,4,1,92" ten="250,250,163,337" oya="1" hai0="124,53,72,32,68,90,18,117,100,131,109,59,106" hai1="38,89,118,103,112,76,21,27,94,129,75,113,122" hai2="28,42,51,80,79,30,128,93,107,43,12,81,1" hai3="7,57,48,52,6,67,13,62,41,3,33,130,111"/><U73/><E118/><V126/><F1/><W99/><G3/><T70/><D109/><U83/><E122/><V85/><F107/><W116/><G33/><T102/><D72/><U11/><E38/><V19/><F128/><W101/><G111/><T17/><D32/><U110/><E110/><V25/><F126/><W135/><G130/><T63/><D124/><U77/><E129/><V64/><F64/><W29/><G29/><T55/><D102/><U16/><E103/><V125/><F125/><W98/><G135/><T120/><D120/><U60/><E60/><V97/><F81/><W24/><G24/><T66/><D70/><U15/><E76/><V105/><F105/><W22/><G116/><T26/><D90/><U31/><REACH who="1" step="1"/><E73/><REACH who="1" ten="250,240,163,337" step="2"/><V86/><F51/><W37/><G101/><T14/><D100/><U2/><E2/><V91/><F85/><AGARI ba="0,1" hai="11,15,16,21,27,31,75,77,83,85,89,94,112,113" machi="85" ten="30,11600,0" yaku="1,1,7,1,54,1,53,1" doraHai="92" doraHaiUra="23" who="1" fromWho="2" sc="250,0,240,126,163,-116,337,0" /><INIT seed="1,1,0,2,4,9" ten="250,366,47,337" oya="1" hai0="64,52,3,24,16,83,104,50,39,23,5,92,31" hai1="15,69,66,90,107,46,17,91,41,8,76,97,108" hai2="30,43,111,51,53,2,86,32,123,122,56,13,34" hai3="28,6,101,118,102,80,81,4,96,94,72,54,18"/><U19/><E108/><V61/><F2/><W88/><G118/><T98/><D39/><U42/><E76/><V67/><F111/><W120/><G120/><T25/><D104/><U0/><E0/><V128/><F128/><W59/><G28/><T131/><D64/><U125/><E125/><V112/><F112/><W79/><G18/><T82/><D3/><U38/><E41/><V106/><F106/><W114/><G114/><T127/><D5/><U116/><E116/><V36/><F86/><W10/><G81/><T29/><D29/><U119/><E119/><V126/><F126/><W78/><G78/><T124/><D131/><U65/><E65/><V89/><F89/><W57/><G57/><T11/><D127/><U87/><E87/><V27/><F34/><W115/><G115/><T22/><D11/><U109/><E109/><V85/><F85/><W60/><G4/><T26/><D26/><U33/><E33/><V103/><F103/><W55/><G55/><T105/><D105/><U113/><E113/><V77/><F77/><W12/><AGARI ba="1,0" hai="6,10,12,54,59,60,72,79,80,88,94,96,101,102" machi="12" ten="20,5200,0" yaku="0,1,7,1,52,1,54,1" doraHai="9" who="3" fromWho="3" sc="250,-14,366,-27,47,-14,337,55" /><INIT seed="2,0,0,4,5,80" ten="236,339,33,392" oya="2" hai0="118,94,35,89,39,123,25,95,51,85,67,133,71" hai1="119,86,72,106,10,57,56,113,82,102,8,132,24" hai2="101,69,27,131,97,32,1,11,117,7,36,66,87" hai3="125,116,49,42,83,6,37,62,81,34,30,105,61"/><V14/><F131/><W77/><G116/><T76/><D123/><U63/><E132/><V59/><F117/><W18/><G37/><T4/><D39/><U29/><E113/><V128/><F128/><W126/><G105/><T47/><D4/><U78/><E119/><V31/><F59/><W84/><G6/><T91/><D76/><U58/><E63/><V22/><F36/><W99/><G30/><T2/><D2/><U88/><E102/><V110/><F110/><W53/><G34/><T50/><D50/><U74/><E106/><V124/><F124/><N who="3" m="47723" /><G42/><T52/><D133/><U12/><E78/><V26/><F69/><W111/><G111/><T115/><D115/><U65/><E65/><V112/><F66/><W38/><G38/><T41/><D118/><U93/><E93/><V135/><F135/><W23/><G99/><T44/><D44/><U109/><E109/><V114/><F87/><W96/><G83/><T54/><D35/><U108/><E108/><V21/><F97/><W129/><G96/><T121/><D25/><U33/><REACH who="1" step="1"/><E8/><REACH who="1" ten="236,329,33,392" step="2"/><V130/><F101/><W60/><G129/><T5/><D121/><U15/><E15/><V3/><F130/><W134/><G134/><T0/><D0/><U92/><E92/><V120/><F120/><W20/><G61/><T64/><D71/><U40/><E40/><V55/><F55/><N who="0" m="21034" /><D5/><AGARI ba="0,1" hai="5,10,12,24,29,33,56,57,58,72,74,82,86,88" machi="5" ten="40,8000,1" yaku="1,1,52,1,54,1,53,2" doraHai="80" doraHaiUra="107" who="1" fromWho="0" sc="236,-80,329,90,33,0,392,0" /><INIT seed="3,0,0,2,5,83" ten="156,419,33,392" oya="3" hai0="104,36,82,111,10,48,69,95,59,61,66,11,77" hai1="97,43,121,72,70,62,56,26,74,64,54,51,68" hai2="19,27,71,35,21,29,17,119,18,65,23,102,135" hai3="120,107,53,84,6,115,75,128,134,85,7,109,132"/><W40/><G115/><T126/><D36/><U46/><E121/><V12/><F102/><W38/><G120/><T42/><D104/><U99/><E26/><V125/><F65/><W114/><G114/><T113/><D111/><U76/><E68/><V110/><F71/><W73/><G107/><T87/><D126/><U60/><REACH who="1" step="1"/><E76/><REACH who="1" ten="156,409,33,392" step="2"/><V127/><F110/><W117/><G117/><T88/><D113/><U28/><E28/><V37/><F119/><W92/><G109/><T112/><D112/><U9/><E9/><V105/><F37/><W2/><G128/><T118/><D118/><U8/><E8/><V101/><F105/><W93/><G38/><T20/><D20/><U14/><E14/><V67/><F67/><W15/><G15/><T16/><D69/><U50/><E50/><V41/><F101/><W39/><G39/><T133/><D133/><N who="3" m="51305" /><G40/><T24/><D48/><U57/><E57/><V45/><F135/><W63/><G63/><T13/><D42/><U79/><E79/><V47/><F41/><W78/><G53/><T80/><D24/><U122/><E122/><V32/><F12/><W98/><G78/><T103/><D103/><U131/><E131/><V22/><F27/><W86/><G93/><T91/><D10/><U55/><E55/><V106/><F29/><W52/><G52/><T123/><D77/><U90/><E90/><V49/><F106/><W30/><G30/><T129/><D129/><U34/><E34/><V25/><F49/><W81/><G81/><N who="0" m="49263" /><D123/><U94/><E94/><V5/><F25/><W58/><G92/><T116/><D116/><RYUUKYOKU ba="0,1" sc="156,15,409,15,33,-15,392,-15" hai0="11,13,16,59,61,66,80,82,91,95" hai1="43,46,51,54,56,60,62,64,70,72,74,97,99" owari="171,-22.9,434,53.4,18,-48.2,377,17.7" /></mjloggm>