<mjloggm ver="2.3"><GO type="225" lobby="0"/><UN n0="%E5%8D%A0%E3%81%84%E5%B8%AB%E8%A3%8F%E3%81%AA%E3%81%84%E3%81%97" n1="%E3%82%B2%E3%82%B9%E8%8C%82%E5%8B%9D" n2="%72%69%6F%75%63%68%61%6E" n3="%28%EF%BF%A3%E2%96%BD%EF%BF%A3%29%CE%B4%E2%8C%92%E3%83%BB" dan="16,16,17,16" rate="2131.58,2050.18,2142.73,2117.37" sx="M,F,M,M"/><TAIKYOKU oya="0"/><INIT seed="0,0,0,3,0,67" ten="250,250,250,250" oya="0" hai0="26,73,77,47,81,53,3,105,119,87,83,70,88" hai1="84,57,101,4,89,123,51,131,71,36,74,39,65" hai2="98,62,46,38,102,82,80,129,130,31,29,42,93" hai3="111,112,76,50,124,126,95,72,128,75,0,17,92"/><T48/><D119/><U106/><E123/><V24/><F29/><W117/><G0/><T5/><D105/><U9/><E131/><N who="2" m="50187" /><F62/><W63/><G128/><T120/><D120/><U134/><E74/><N who="3" m="28202" /><G50/><T12/><D3/><U104/><E134/><V69/><F69/><W97/><G17/><T60/><D26/><U40/><E101/><V125/><F125/><N who="3" m="48235" /><G63/><T54/><D12/><U56/><E56/><V115/><F115/><W132/><G117/><T7/><REACH who="0" step="1"/><D53/><REACH who="0" ten="240,250,250,250" step="2"/><U28/><E104/><V32/><AGARI ba="0,1" hai="24,31,32,38,42,46,80,82,93,98,102" m="50187" machi="32" ten="30,1100,0" yaku="19,1" doraHai="67" who="2" fromWho="2" sc="240,-5,250,-3,250,21,250,-3" /><INIT seed="1,0,0,1,0,48" ten="235,247,271,247" oya="1" hai0="116,130,64,98,91,74,39,42,68,50,7,23,96" hai1="28,53,72,37,41,43,118,113,109,22,119,33,8" hai2="5,16,12,76,9,114,111,94,18,105,117,13,93" hai3="66,3,128,135,88,78,27,55,52,133,32,20,38"/><U56/><E113/><V19/><F117/><W30/><G38/><T126/><D116/><U123/><E123/><V26/><F105/><W44/><G3/><T115/><D115/><U122/><E122/><V62/><F114/><W75/><G44/><T69/><D39/><U35/><E72/><V2/><F111/><W95/><G128/><T59/><D74/><U58/><E8/><V85/><F62/><W132/><G66/><T24/><D130/><U131/><E22/><V73/><F73/><W86/><G32/><T34/><D34/><U84/><E84/><V49/><F26/><W10/><G10/><T101/><D7/><U29/><E37/><V106/><F106/><W112/><G112/><T81/><D126/><U121/><E121/><V120/><F120/><W102/><G102/><T70/><D42/><U61/><E131/><V57/><F2/><W31/><G31/><T110/><D110/><U87/><E87/><V100/><F13/><W125/><G125/><T104/><D81/><AGARI ba="0,0" hai="20,27,30,52,55,75,78,81,86,88,95,132,133,135" machi="81" ten="40,8000,1" yaku="20,1,52,2,54,2" doraHai="48" who="3" fromWho="0" sc="235,-80,247,0,271,0,247,80" /><INIT seed="2,0,0,4,4,88" ten="155,247,271,327" oya="2" hai0="59,8,65,124,17,37,105,52,2,49,83,106,60" hai1="109,5,97,79,73,92,110,51,24,115,47,69,72" hai2="99,32,63,43,135,20,76,126,71,54,125,27,128" hai3="48,55,113,89,57,93,10,64,129,80,12,42,121"/><V44/><F128/><W108/><G129/><T90/><D124/><N who="2" m="47722" /><F32/><W111/><G121/><T74/><D37/><U67/><E115/><V3/><F3/><W101/><G113/><T39/><D39/><U133/><E133/><V62/><F71/><W70/><G42/><T107/><D74/><U112/><E112/><V11/><F135/><W35/><G35/><T120/><D120/><U4/><E24/><V127/><N who="2" m="47730" /><V40/><DORA hai="14" /><F11/><W0/><G101/><T81/><D90/><U21/><E21/><V22/><F76/><W19/><G0/><T58/><REACH who="0" step="1"/><D17/><REACH who="0" ten="145,247,271,327" step="2"/><U78/><E72/><V68/><F99/><W131/><G131/><T86/><D86/><U9/><E73/><V66/><F20/><W53/><G89/><T28/><D28/><U117/><E79/><V130/><F130/><W56/><G19/><T116/><D116/><U41/><E117/><V26/><F22/><W1/><G111/><T16/><D16/><U77/><E78/><V114/><F114/><W123/><G108/><T102/><D102/><N who="1" m="60711" /><E77/><V87/><F87/><W45/><G123/><T95/><D95/><U18/><E109/><V98/><F98/><W46/><G93/><T6/><AGARI ba="0,1" hai="2,6,8,49,52,58,59,60,65,81,83,105,106,107" machi="6" ten="40,8000,1" yaku="1,1,0,1,54,1,53,1" doraHai="88,14" doraHaiUra="7,30" who="0" fromWho="0" sc="145,90,247,-20,271,-40,327,-20" /><INIT seed="3,0,0,2,4,7" ten="235,227,231,307" oya="3" hai0="80,58,44,21,75,41,23,1,38,69,67,26,123" hai1="61,105,134,129,2,60,18,98,132,99,113,73,68" hai2="24,31,8,76,62,48,11,35,66,17,100,81,40" hai3="5,55,83,122,28,19,78,117,14,54,37,109,39"/><W110/><G28/><T135/><D123/><U124/><E113/><V49/><F100/><W74/><G5/><T84/><D69/><U36/><E36/><N who="3" m="13898" /><G117/><T92/><D135/><N who="1" m="51755" /><E124/><V101/><F101/><W59/><G59/><T114/><D114/><U128/><E73/><V20/><F49/><W112/><G122/><T57/><D75/><U51/><E2/><V0/><F0/><W107/><G107/><T88/><D1/><U118/><E118/><V27/><F48/><W3/><G3/><T85/><D58/><U43/><E18/><V97/><F97/><N who="1" m="36873" /><E105/><V42/><F40/><W90/><G90/><T65/><D41/><U126/><E126/><V50/><F50/><W34/><G34/><T121/><D121/><U106/><E106/><V86/><REACH who="2" step="1"/><F42/><REACH who="2" ten="235,227,221,307" step="2"/><W116/><G112/><T82/><D38/><U25/><E43/><V29/><F29/><W91/><G116/><T45/><D45/><U94/><E51/><V70/><AGARI ba="0,1" hai="8,11,17,20,24,27,31,35,62,66,70,76,81,86" machi="70" ten="20,8000,1" yaku="1,1,0,1,7,1,52,2,53,0" doraHai="7" doraHaiUra="52" who="2" fromWho="2" sc="235,-20,227,-20,221,90,307,-40" owari="215,-18.5,207,-29.3,311,41.1,267,6.7" /></mjloggm>