<mjloggm ver="2.3"><GO type="225" lobby="0"/><UN n0="%E6%A0%B9%E5%85%83%E3%81%8B%E3%82%89%E5%90%B9%E3%81%A3%E9%A3%9B%E3%81%B6" n1="%E5%AF%82%E5%AF%9E%E3%82%AE%E3%83%8D%E3%82%B9%E3%83%93%E3%83%BC%E3%83%AB" n2="%E3%81%BF%E3%81%BF%E3%81%9A" n3="%E3%83%A9%E3%83%96%E3%83%AC%E3%83%BC" dan="17,16,17,18" rate="2194.52,2150.32,2198.92,2245.62" sx="F,M,M,M"/><TAIKYOKU oya="0"/><INIT seed="0,0,0,4,2,77" ten="250,250,250,250" oya="0" hai0="98,8,34,54,20,32,99,45,132,4,35,7,52" hai1="69,74,26,29,134,120,33,106,88,95,124,38,0" hai2="57,71,119,87,40,92,18,39,107,15,121,47,79" hai3="118,5,31,78,83,116,133,111,108,11,76,122,46"/><T59/><D132/><U126/><RYUUKYOKU type="yao9" ba="0,0" sc="250,0,250,0,250,0,250,0" hai1="0,26,29,33,38,69,74,88,95,106,120,124,126,134" /><INIT seed="0,1,0,2,1,22" ten="250,250,250,250" oya="0" hai0="36,11,117,83,87,48,130,68,65,116,64,81,19" hai1="107,21,125,28,109,86,121,58,39,66,20,110,54" hai2="8,59,18,51,3,70,80,105,42,73,88,5,41" hai3="15,119,24,84,77,115,71,61,76,120,124,102,97"/><T25/><D36/><U69/><E121/><V47/><F70/><W46/><G115/><T111/><D130/><U122/><E122/><V10/><F105/><W4/><G119/><T94/><D111/><N who="1" m="42507" /><E107/><V108/><F108/><W23/><G124/><T27/><D68/><U89/><E39/><V95/><F59/><W26/><G46/><T55/><D117/><U40/><E40/><V35/><F35/><W129/><G129/><T14/><D94/><N who="1" m="54583" /><E125/><V123/><F123/><W52/><G71/><T57/><D116/><U34/><E66/><N who="0" m="25705" /><D83/><U82/><E82/><V67/><F67/><W78/><G84/><T43/><D43/><U106/><E106/><V93/><F41/><W9/><G120/><T91/><AGARI ba="1,0" hai="11,14,19,25,27,48,55,57,81,87,91" m="25705" machi="91" ten="30,6000,0" yaku="8,1,52,2" doraHai="22" who="0" fromWho="0" sc="250,63,250,-21,250,-21,250,-21" /><INIT seed="0,2,0,5,1,94" ten="313,229,229,229" oya="0" hai0="46,71,113,81,1,31,74,123,85,13,115,66,129" hai1="110,48,47,73,112,35,117,0,6,42,53,60,18" hai2="51,121,45,34,108,134,102,52,62,38,2,29,23" hai3="27,88,22,93,118,128,111,135,116,9,39,131,4"/><T122/><D1/><U105/><E117/><V76/><F121/><W36/><G111/><T104/><D74/><U24/><E110/><V90/><F108/><W11/><G135/><T19/><D104/><U56/><E73/><V89/><F2/><W12/><G11/><T95/><D31/><U28/><E105/><V125/><F34/><W68/><G68/><T75/><D46/><U32/><E18/><V37/><F76/><W10/><G10/><T77/><D66/><U119/><E119/><V14/><F134/><W80/><G80/><N who="0" m="45119" /><D19/><U65/><E6/><V64/><F125/><W114/><G114/><N who="0" m="43531" /><D13/><U67/><E0/><V70/><F102/><W7/><G7/><T16/><D16/><U83/><E112/><V130/><F130/><N who="3" m="49707" /><G118/><T50/><D50/><U44/><E35/><V82/><F14/><W49/><G49/><T91/><D71/><U8/><E8/><V87/><REACH who="2" step="1"/><F89/><REACH who="2" ten="313,229,219,229" step="2"/><W132/><G116/><T63/><D129/><U33/><E32/><V20/><F20/><W57/><G132/><T101/><D63/><U107/><E60/><V15/><F15/><W69/><G22/><T5/><D5/><U59/><E33/><V79/><F79/><W96/><G27/><AGARI ba="2,1" hai="23,27,29,37,38,45,51,52,62,64,70,82,87,90" machi="27" ten="40,5200,0" yaku="1,1,54,1,53,1" doraHai="94" doraHaiUra="43" who="2" fromWho="3" sc="313,0,229,0,219,68,229,-58" /><INIT seed="1,0,0,2,0,111" ten="313,229,287,171" oya="1" hai0="35,115,95,120,112,113,44,22,96,63,58,21,90" hai1="81,78,109,76,74,105,71,108,5,56,18,123,10" hai2="14,17,103,70,2,127,118,67,43,106,134,31,60" hai3="59,42,126,94,104,88,20,26,28,3,121,15,84"/><U116/><E71/><V72/><F2/><W124/><G121/><T36/><D120/><U135/><E123/><V122/><F122/><W130/><G104/><T33/><D36/><U101/><E116/><V47/><F118/><W30/><G3/><T54/><REACH who="0" step="1"/><D44/><REACH who="0" ten="303,229,287,171" step="2"/><U9/><E109/><V89/><F47/><W55/><G130/><T11/><D11/><U29/><E10/><V48/><F134/><W13/><G42/><T69/><D69/><U99/><E135/><V91/><F70/><W6/><G6/><T75/><D75/><U1/><E108/><V114/><F72/><W110/><G110/><T46/><D46/><U52/><E78/><V37/><F43/><W97/><G126/><T98/><D98/><U40/><E40/><V53/><F127/><W49/><G124/><T50/><D50/><U117/><E117/><V38/><F48/><W66/><G66/><T27/><D27/><U128/><E128/><V80/><F67/><W125/><G125/><T23/><AGARI ba="0,1" hai="21,22,23,33,35,54,58,63,90,95,96,112,113,115" machi="23" ten="40,12000,2" yaku="1,1,0,1,52,3,53,1" doraHai="111" doraHaiUra="86" who="0" fromWho="0" sc="303,130,229,-60,287,-30,171,-30" /><INIT seed="2,0,0,0,4,4" ten="433,169,257,141" oya="2" hai0="67,16,100,84,98,89,97,64,113,94,99,27,0" hai1="30,96,20,122,48,125,13,44,112,42,12,106,26" hai2="101,25,104,15,83,6,88,52,40,134,109,22,129" hai3="57,53,80,43,17,46,87,95,115,14,90,63,128"/><V85/><F40/><W127/><G128/><T78/><D0/><U29/><E112/><V19/><F129/><W77/><G115/><T126/><D126/><U3/><E125/><V2/><F134/><W133/><G127/><T108/><D108/><U68/><E68/><V32/><F109/><W28/><G133/><T123/><D123/><U66/><E3/><V131/><F131/><W9/><G28/><T70/><D78/><U79/><E122/><V36/><F36/><W75/><G75/><T49/><D49/><U59/><E79/><V18/><F104/><W61/><G61/><T132/><D113/><U47/><E30/><V56/><F101/><W5/><G17/><T8/><D100/><U11/><E106/><V45/><F45/><W24/><G24/><T7/><D70/><U71/><E96/><V116/><F116/><W105/><G105/><T119/><D119/><U69/><E47/><V37/><F37/><W124/><G124/><T10/><D7/><U135/><E13/><V110/><F110/><W54/><G54/><T58/><D67/><U117/><E135/><V23/><F32/><W31/><G31/><T86/><D86/><U1/><E1/><V93/><F6/><W33/><G33/><T39/><D39/><U74/><E74/><V103/><F2/><W34/><G34/><T121/><D121/><U114/><E114/><V41/><F41/><W72/><REACH who="3" step="1"/><G46/><REACH who="3" ten="433,169,257,131" step="2"/><T91/><D27/><U50/><E117/><V130/><F130/><W73/><G73/><T35/><D16/><N who="1" m="8223" /><E66/><V120/><F19/><W111/><G111/><T118/><D132/><RYUUKYOKU ba="0,1" sc="433,-15,169,15,257,-15,131,15" hai1="20,26,29,42,44,48,50,59,69,71" hai3="5,9,14,43,53,57,63,72,77,80,87,90,95" /><INIT seed="3,1,1,0,5,95" ten="418,184,242,146" oya="3" hai0="24,30,98,111,53,35,65,128,0,116,39,43,74" hai1="20,41,27,40,9,3,77,25,26,135,21,99,83" hai2="49,97,110,67,125,17,23,115,106,108,121,33,133" hai3="12,19,88,107,120,86,119,58,113,71,63,31,96"/><W131/><G119/><T105/><D0/><U93/><E135/><V94/><F33/><W84/><G120/><T72/><D116/><U70/><E70/><V79/><F115/><W6/><G113/><T76/><D76/><U48/><E3/><V73/><F106/><W57/><G131/><T60/><D53/><U11/><E83/><N who="2" m="45551" /><F67/><W118/><G118/><T100/><D111/><N who="2" m="42538" /><F125/><W28/><G6/><T36/><D128/><U2/><E77/><V90/><F49/><W56/><G71/><N who="0" m="42407" /><D43/><N who="1" m="16459" /><E48/><V38/><F38/><AGARI ba="1,1" hai="24,30,35,36,38,39,72,74,98,100,105" m="42407" machi="38" ten="30,7700,0" yaku="25,1,33,2,52,1" doraHai="95" who="0" fromWho="2" sc="418,90,184,0,242,-80,146,0" owari="508,60.8,184,-1.6,162,-23.8,146,-35.4" /></mjloggm>