<mjloggm ver="2.3"><GO type="225" lobby="0"/><UN n0="%E3%82%BC%E3%83%AB%E3%83%80%E3%81%AE%E4%BC%9D%E8%AA%AC" n1="%E3%83%97%E3%83%AC%E3%83%B4%E3%82%A1%E3%83%86%E3%82%A3" n2="%E3%83%B4%E3%82%A3%E3%83%AF%E3%82%B3%E3%82%B0%E3%83%8B" n3="%E5%86%B7%E5%87%8D%E3%82%AE%E3%83%A7%E3%83%BC%E3%82%B6" dan="17,16,16,16" rate="2149.25,2130.64,2136.45,2172.06" sx="M,F,M,M"/><TAIKYOKU oya="0"/><INIT seed="0,0,0,4,4,33" ten="250,250,250,250" oya="0" hai0="133,27,82,113,66,93,47,81,4,74,120,5,49" hai1="98,58,24,121,135,64,23,37,85,55,101,62,17" hai2="65,42,14,11,122,102,128,123,103,86,116,83,87" hai3="50,126,79,7,91,119,12,129,115,110,53,130,97"/><T100/><D113/><U88/><E121/><V26/><F128/><N who="3" m="49259" /><G115/><T56/><D120/><U18/><E37/><V45/><F116/><W107/><G119/><T2/><D133/><U43/><E135/><V36/><F123/><W76/><G110/><T38/><D38/><U31/><E43/><V72/><F122/><W32/><G32/><T46/><D74/><U54/><E54/><V30/><F65/><W6/><G126/><T89/><D100/><U44/><E44/><V67/><F67/><W127/><G127/><T13/><D2/><U20/><E55/><V134/><F86/><W105/><G91/><T77/><D27/><U61/><E61/><V75/><F134/><W94/><G94/><T60/><D46/><U29/><E29/><V22/><F72/><W118/><G118/><T15/><D15/><U99/><E23/><V51/><F75/><W108/><G108/><T57/><D57/><U111/><E111/><V63/><F63/><W41/><G41/><N who="0" m="24815" /><D77/><N who="3" m="29769" /><G12/><T19/><D81/><U132/><E132/><V16/><REACH who="2" step="1"/><F36/><REACH who="2" ten="250,250,240,250" step="2"/><W35/><G97/><N who="0" m="57519" /><D82/><U1/><E99/><V95/><F95/><W39/><G39/><T117/><D117/><U125/><E125/><V96/><F96/><W70/><G70/><T59/><D59/><U52/><E64/><V78/><AGARI ba="0,1" hai="11,14,16,22,26,30,42,45,51,78,83,87,102,103" machi="78" ten="20,8000,1" yaku="1,1,0,1,7,1,8,1,54,1,53,0" doraHai="33" doraHaiUra="109" who="2" fromWho="2" sc="250,-40,250,-20,240,90,250,-20" /><INIT seed="1,0,0,1,0,99" ten="210,230,330,230" oya="1" hai0="69,107,24,33,122,49,89,111,100,23,109,25,28" hai1="32,50,85,2,52,78,38,113,53,76,19,30,46" hai2="57,62,88,124,70,20,110,120,128,80,1,59,133" hai3="104,40,94,47,22,81,10,130,96,90,12,118,43"/><U64/><E113/><V115/><F1/><W14/><G130/><T77/><D122/><U54/><E2/><V55/><F110/><N who="0" m="41994" /><D69/><U83/><E38/><V9/><F120/><W35/><G35/><T123/><D123/><U11/><E64/><V119/><F119/><W112/><G112/><T71/><D71/><U60/><E32/><V7/><F124/><W87/><G104/><T63/><D77/><U121/><E30/><V16/><F133/><W8/><G22/><T114/><D63/><U18/><E121/><V6/><F70/><W106/><G106/><T15/><D15/><U103/><E103/><V108/><F9/><W39/><G118/><T102/><D107/><U84/><E60/><N who="2" m="35903" /><F128/><W45/><G8/><T29/><D114/><U48/><E11/><V101/><F101/><N who="0" m="39018" /><D89/><U131/><E131/><V21/><F115/><W79/><G10/><T116/><D49/><AGARI ba="0,0" hai="12,14,39,40,43,45,47,49,79,81,87,90,94,96" machi="49" ten="30,1000,0" yaku="7,1" doraHai="99" who="3" fromWho="0" sc="210,-10,230,0,330,0,230,10" /><INIT seed="2,0,0,0,3,127" ten="200,230,330,240" oya="2" hai0="111,71,56,89,8,21,134,68,45,106,108,7,97" hai1="32,18,59,84,50,41,117,90,34,129,62,30,46" hai2="82,120,55,58,33,27,20,85,103,61,3,31,22" hai3="80,87,121,131,4,16,19,107,122,83,6,51,123"/><V119/><F119/><W25/><G107/><T115/><D115/><U110/><E117/><V133/><F120/><W38/><G38/><T75/><D75/><U113/><E113/><V93/><F3/><W1/><G51/><T26/><D134/><U15/><E110/><N who="0" m="42025" /><D45/><U13/><E129/><V37/><F37/><W42/><G42/><T65/><D65/><U130/><E130/><V43/><F133/><W52/><G131/><T0/><D56/><U124/><E124/><V5/><F5/><W74/><G1/><T2/><D2/><U72/><E72/><V114/><F114/><W23/><G19/><N who="0" m="12607" /><D89/><U76/><E76/><V35/><F43/><W64/><G64/><T70/><D97/><U53/><E30/><V132/><F132/><W39/><G39/><T28/><D28/><U67/><E13/><V95/><F33/><W11/><G74/><T99/><D99/><U77/><E77/><V109/><F109/><W24/><G87/><T69/><N who="0" m="17408" /><DORA hai="88" /><T44/><D44/><U86/><E86/><V116/><F116/><W92/><G122/><T73/><D73/><U47/><E47/><V12/><F103/><W10/><G121/><T118/><D118/><U126/><E126/><V9/><F35/><W57/><G123/><T48/><D48/><U14/><E14/><V112/><F112/><W49/><G25/><T63/><D106/><U100/><E100/><V40/><F40/><W81/><G92/><T94/><D63/><U91/><E91/><N who="2" m="51639" /><F9/><AGARI ba="0,0" hai="4,6,9,10,11,16,23,24,49,52,57,80,81,83" machi="9" ten="40,5200,0" yaku="8,1,54,2" doraHai="127,88" who="3" fromWho="2" sc="200,0,230,0,330,-52,240,52" /><INIT seed="3,0,0,4,0,67" ten="200,230,278,292" oya="3" hai0="38,51,6,126,21,128,106,9,100,121,107,85,131" hai1="77,62,12,4,69,97,16,72,81,122,25,36,79" hai2="89,78,124,95,82,117,98,50,29,129,7,20,57" hai3="113,84,58,68,43,23,17,92,108,91,70,42,14"/><W135/><G113/><T116/><D38/><U125/><E122/><V27/><F129/><N who="0" m="49738" /><D126/><U11/><E36/><V60/><F124/><W22/><G135/><T104/><D116/><U109/><E125/><V55/><F117/><W86/><G108/><T127/><D127/><U112/><E112/><V54/><F7/><W28/><G68/><T48/><D121/><U123/><E123/><V18/><F29/><W26/><G70/><T59/><D100/><U3/><E109/><V35/><F35/><W2/><G2/><N who="0" m="215" /><D59/><U99/><E79/><V130/><F130/><W49/><G84/><T134/><D134/><U40/><E25/><V1/><F1/><W119/><G119/><T110/><D110/><U34/><E34/><V32/><F32/><W19/><G28/><T64/><D64/><U61/><E40/><V80/><F78/><W87/><G87/><T73/><D73/><U37/><E37/><V44/><AGARI ba="0,0" hai="18,20,27,44,50,54,55,57,60,80,82,89,95,98" machi="44" ten="20,8000,1" yaku="0,1,7,1,25,2,8,1" doraHai="67" who="2" fromWho="2" sc="200,-20,230,-20,278,80,292,-40" owari="180,-32.0,210,-19.0,358,45.8,252,5.2" /></mjloggm>