<mjloggm ver="2.3"><GO type="225" lobby="0"/><UN n0="%E3%82%BC%E3%83%AB%E3%83%80%E3%81%AE%E4%BC%9D%E8%AA%AC" n1="%E4%BF%BA%E3%81%A8%E5%A6%96%E5%A4%A2" n2="%6B%69%72%61%64%6F%6B%69" n3="%E3%81%B2%E3%81%BE%E3%81%A4%E3%81%B6%E3%81%97" dan="17,17,16,17" rate="2165.01,2250.24,2035.31,2193.69" sx="M,F,M,M"/><TAIKYOKU oya="0"/><INIT seed="0,0,0,2,0,91" ten="250,250,250,250" oya="0" hai0="58,71,38,49,126,101,75,12,113,131,37,30,112" hai1="8,95,44,29,122,85,121,28,17,26,65,78,130" hai2="10,83,87,36,97,89,50,67,47,18,7,73,100" hai3="52,66,81,115,88,59,25,133,56,74,119,108,92"/><T9/><D75/><U24/><E130/><V1/><F67/><W21/><G115/><T46/><D30/><U53/><E65/><V99/><F36/><W6/><G119/><T94/><D58/><U96/><E85/><V129/><F129/><W86/><G133/><T116/><D71/><U42/><E53/><V124/><F124/><W72/><G108/><T20/><D20/><U55/><E55/><V93/><F18/><W3/><G3/><T48/><D131/><U51/><E78/><V16/><F73/><W34/><G34/><T62/><D62/><U105/><E105/><V80/><F16/><N who="3" m="12455" /><G74/><T31/><D31/><N who="1" m="11851" /><E122/><V109/><F109/><W120/><G72/><T4/><D116/><U15/><E121/><V13/><F1/><W19/><G120/><T2/><D126/><U125/><E125/><V135/><F135/><W82/><G6/><T69/><D69/><U35/><E35/><V57/><F57/><W134/><G134/><T0/><D38/><U11/><E11/><V117/><F117/><W43/><G43/><T40/><D112/><U111/><E111/><V104/><REACH who="2" step="1"/><F87/><REACH who="2" ten="250,250,240,250" step="2"/><W63/><G19/><T79/><D113/><U110/><E110/><V61/><F61/><AGARI ba="0,1" hai="52,56,59,61,63,66,81,82,86,88,92" m="12455" machi="61" ten="30,8000,1" yaku="8,1,52,1,54,3" doraHai="91" who="3" fromWho="2" sc="250,0,250,0,240,-80,250,90" /><INIT seed="1,0,0,2,0,47" ten="250,250,160,340" oya="1" hai0="26,87,113,12,18,1,22,15,30,124,42,84,5" hai1="16,85,120,37,62,38,71,90,24,31,105,86,54" hai2="45,108,129,94,128,106,115,66,70,32,99,23,112" hai3="79,17,122,133,21,75,91,53,52,101,33,39,13"/><U63/><E120/><V6/><F23/><W0/><G122/><T65/><D113/><N who="2" m="43594" /><F6/><W3/><G133/><T107/><D107/><U14/><E105/><V27/><F45/><W132/><G132/><T100/><D124/><U72/><E72/><V82/><F66/><W103/><G39/><T73/><D73/><U116/><E116/><V102/><F70/><W121/><G33/><T4/><D100/><N who="3" m="38473" /><G3/><T49/><D65/><U44/><E71/><V29/><F94/><W40/><G0/><T59/><D1/><U48/><E85/><N who="0" m="32841" /><D15/><U89/><E89/><V25/><F25/><W9/><G75/><T7/><D42/><U28/><E38/><V78/><F108/><W41/><G79/><T114/><D114/><U88/><E90/><V83/><F78/><W123/><G91/><T118/><D118/><U117/><E37/><V127/><F127/><W97/><G123/><T68/><D68/><U104/><E104/><V130/><AGARI ba="0,0" hai="27,29,32,82,83,99,102,106,128,129,130" m="43594" machi="130" ten="40,2700,0" yaku="19,1,11,1" doraHai="47" who="2" fromWho="2" sc="250,-7,250,-13,160,27,340,-7" /><INIT seed="2,0,0,5,4,5" ten="243,237,187,333" oya="2" hai0="108,132,31,100,103,43,12,69,111,27,41,18,116" hai1="86,17,99,87,125,85,30,2,92,72,60,65,135" hai2="55,26,115,45,13,44,118,119,134,104,70,97,24" hai3="89,105,114,109,53,48,122,64,54,42,51,102,80"/><V7/><F115/><W14/><G114/><T107/><D69/><U3/><E135/><V74/><F74/><W29/><G122/><T38/><D132/><U124/><E17/><V62/><F134/><W121/><G121/><T33/><D116/><U15/><E15/><V1/><F1/><W40/><G109/><N who="0" m="42059" /><D107/><U28/><E72/><V73/><F73/><W94/><G64/><T130/><D130/><U57/><E3/><V77/><F77/><W9/><G29/><T25/><D25/><N who="2" m="9834" /><F70/><W128/><G128/><T32/><D32/><U110/><E2/><V36/><F36/><W95/><G80/><T46/><D43/><N who="3" m="16425" /><G105/><T59/><D59/><U0/><E0/><V58/><F104/><W98/><G51/><T56/><D56/><U10/><E10/><AGARI ba="0,0" hai="10,12,18,27,31,33,38,41,46,100,103" m="42059" machi="10" ten="30,2000,0" yaku="14,1,52,1" doraHai="5" who="0" fromWho="1" sc="243,20,237,-20,187,0,333,0" /><INIT seed="3,0,0,3,1,93" ten="263,217,187,333" oya="3" hai0="135,75,127,45,8,78,14,125,19,109,105,68,59" hai1="87,20,85,42,90,107,36,7,63,51,130,133,50" hai2="15,129,71,9,88,115,56,60,0,113,120,103,99" hai3="28,86,108,132,53,111,24,48,121,21,39,54,92"/><W57/><G121/><T104/><D68/><U66/><E107/><V1/><F120/><W96/><G132/><T44/><D59/><U128/><E133/><V55/><F129/><N who="1" m="49769" /><E7/><V134/><F134/><W4/><G4/><T62/><D62/><U106/><E106/><V16/><F71/><W22/><G39/><T84/><D84/><N who="1" m="32331" /><E90/><V77/><F77/><W27/><G86/><T82/><D135/><U126/><E20/><N who="3" m="7786" /><G53/><T80/><D80/><U123/><E123/><V119/><F119/><W46/><G46/><T34/><D34/><U38/><E126/><V52/><F55/><W5/><G5/><T11/><D105/><U94/><E94/><V40/><F40/><W25/><G28/><T74/><D104/><U31/><E31/><V6/><F103/><N who="3" m="60807" /><G111/><T131/><D109/><U70/><E42/><V118/><F118/><W89/><G108/><T18/><D125/><U83/><E83/><V43/><F43/><W26/><G26/><T17/><D82/><U32/><E32/><V101/><F88/><AGARI ba="0,0" hai="24,25,27,48,54,57,88,89" m="60807,7786" machi="88" ten="30,5800,0" yaku="8,1,52,1,54,1" doraHai="93" who="3" fromWho="2" sc="263,0,217,0,187,-58,333,58" owari="263,6.3,217,-18.3,129,-37.1,391,49.1" /></mjloggm>