<mjloggm ver="2.3"><GO type="225" lobby="0"/><UN n0="%33%74%72%65%65" n1="%E3%81%86%E3%83%BC%E3%81%B1%E3%83%BC" n2="%E6%A1%9C%E8%8A%B1%E9%96%83%E3%80%85" n3="%E6%B4%BE%E9%81%A3%E3%81%AE%E3%82%B8%E3%83%A3%E3%83%83%E3%82%AF" dan="16,16,17,16" rate="2155.57,2188.41,2131.77,2160.69" sx="F,F,M,M"/><TAIKYOKU oya="0"/><INIT seed="0,0,0,3,1,81" ten="250,250,250,250" oya="0" hai0="116,42,8,106,27,98,135,49,48,119,86,90,38" hai1="64,117,111,68,65,84,69,124,128,51,52,29,100" hai2="7,130,40,0,103,16,6,93,9,75,44,129,59" hai3="2,26,14,32,18,43,57,96,1,102,22,132,121"/><T74/><D74/><U78/><E117/><V45/><F75/><W66/><G43/><T77/><D135/><U76/><E111/><V104/><F104/><W36/><G36/><T39/><D39/><U47/><E124/><V131/><F59/><W92/><G132/><T125/><D125/><U110/><E110/><V28/><F28/><W94/><G121/><T35/><D38/><U54/><E128/><V123/><F123/><W19/><G92/><T88/><D8/><U25/><E100/><V97/><F7/><W58/><G32/><T126/><D126/><U67/><E76/><V113/><F113/><W33/><G33/><T13/><D13/><U105/><E105/><V15/><REACH who="2" step="1"/><F40/><REACH who="2" ten="250,250,240,250" step="2"/><W101/><G57/><T107/><D107/><U5/><E5/><V3/><F3/><W89/><G1/><T12/><D106/><U133/><E133/><V4/><F4/><W99/><G2/><T23/><D42/><U50/><E68/><V10/><AGARI ba="0,1" hai="0,6,9,10,15,16,44,45,93,97,103,129,130,131" machi="10" ten="40,8000,1" yaku="1,1,0,1,19,1,54,1,53,0" doraHai="81" doraHaiUra="37" who="2" fromWho="2" sc="250,-40,250,-20,240,90,250,-20" /><INIT seed="1,0,0,0,0,41" ten="210,230,330,230" oya="1" hai0="22,103,43,81,105,82,36,60,69,102,63,24,17" hai1="85,109,133,99,27,128,93,39,57,38,62,48,65" hai2="0,70,132,3,95,110,112,121,119,5,108,35,31" hai3="42,21,9,26,131,130,72,33,67,58,37,8,59"/><U84/><E128/><N who="3" m="49194" /><G33/><T44/><D105/><U40/><E133/><V11/><F119/><W6/><G72/><T92/><D60/><U123/><E123/><V125/><F121/><W46/><G67/><T68/><D63/><U129/><E129/><V12/><F70/><W87/><G87/><T29/><D68/><U50/><E39/><V104/><F95/><W19/><G8/><T34/><D69/><U2/><E2/><AGARI ba="0,0" hai="2,6,9,19,21,26,37,42,46,58,59" m="49194" machi="2" ten="30,2000,0" yaku="19,1,52,1" doraHai="41" who="3" fromWho="1" sc="210,0,230,-20,330,0,230,20" /><INIT seed="2,0,0,0,2,98" ten="210,210,330,250" oya="2" hai0="40,105,19,59,125,113,126,97,4,94,106,48,30" hai1="25,41,26,81,61,96,67,76,54,101,52,122,37" hai2="109,1,90,46,89,135,116,111,11,27,110,92,134" hai3="60,83,128,39,71,55,131,108,35,16,13,69,68"/><V130/><F116/><W121/><G121/><T88/><D113/><U87/><E122/><V82/><F27/><W62/><G39/><T57/><D30/><U47/><E26/><V14/><F1/><W99/><G35/><T93/><D4/><U114/><E114/><V95/><F46/><W5/><G108/><T2/><D2/><U63/><E25/><V120/><F120/><W17/><G83/><T117/><D117/><U51/><E37/><V119/><F119/><W78/><G78/><T75/><D75/><U72/><E72/><V21/><F21/><W43/><G43/><T9/><D40/><U65/><E63/><N who="3" m="24106" /><G55/><N who="1" m="21034" /><E61/><V31/><F31/><W45/><G45/><T132/><D48/><U12/><E12/><V124/><F14/><W0/><G0/><T18/><D9/><U86/><E86/><N who="2" m="50391" /><F11/><N who="3" m="4335" /><G99/><T23/><D97/><U64/><E96/><V53/><F53/><W127/><G127/><T24/><D24/><U28/><E28/><V104/><F124/><W8/><G8/><T102/><D23/><U118/><E118/><V73/><F73/><W80/><G80/><T38/><D38/><U91/><E76/><V70/><F70/><W85/><G85/><T33/><D33/><U44/><E44/><V103/><F104/><W20/><G20/><T115/><D115/><U3/><E3/><V133/><F92/><W123/><G123/><T74/><D74/><U42/><E42/><V66/><F110/><W84/><G84/><T34/><D34/><U50/><E50/><V29/><F111/><W79/><G79/><T56/><D126/><U22/><E22/><RYUUKYOKU ba="0,0" sc="210,-15,210,15,330,-15,250,15" hai1="41,47,51,64,65,67,81,87,91,101" hai3="16,17,68,69,71,128,131" /><INIT seed="3,1,0,2,1,27" ten="195,225,315,265" oya="3" hai0="18,68,86,121,105,71,36,22,100,108,110,126,131" hai1="7,54,16,39,112,69,40,30,120,14,55,93,10" hai2="107,74,96,103,116,35,62,41,117,124,56,70,130" hai3="46,94,45,135,53,61,122,84,113,51,82,128,97"/><W64/><G113/><T123/><D36/><U50/><E112/><V73/><F124/><W38/><G122/><N who="0" m="46603" /><D86/><U95/><E120/><V4/><F130/><W2/><G2/><T26/><D100/><U92/><E69/><N who="0" m="26697" /><D105/><U91/><E39/><V59/><F35/><W60/><G128/><T127/><D131/><U29/><E91/><V81/><F41/><W125/><G125/><N who="0" m="47627" /><D18/><U11/><E40/><V76/><F107/><W20/><G20/><T1/><D1/><U34/><E34/><V129/><F103/><W63/><G84/><T102/><D102/><U78/><E78/><V12/><F129/><W99/><G99/><T89/><D89/><U83/><E83/><V57/><F96/><W85/><G85/><T31/><D22/><U80/><E80/><V49/><F81/><W5/><G97/><T43/><D43/><U66/><E66/><V87/><F87/><W15/><G82/><T13/><D13/><N who="1" m="5343" /><E55/><V109/><F76/><W21/><G21/><T6/><D6/><U98/><E98/><V33/><F4/><W106/><G106/><T58/><D58/><AGARI ba="1,0" hai="11,14,16,29,30,50,54,58,92,93,95" m="5343" machi="58" ten="30,7700,0" yaku="8,1,52,2,54,1" doraHai="27" who="1" fromWho="0" sc="195,-80,225,80,315,0,265,0" owari="115,-38.5,305,10.5,315,41.5,265,-13.5" /></mjloggm>