<mjloggm ver="2.3"><GO type="225" lobby="0"/><UN n0="%E5%B0%8F%E5%AE%AE%E3%81%9F%E3%81%9A%E3%81%8D" n1="%4C%4F%4C%49%54%41" n2="%E3%80%90%E3%83%88%E3%83%AA%E3%83%A5%E3%83%95%E3%80%91" n3="%E9%BB%99%E8%81%B4%E3%81%AE%E3%81%99%E3%82%9D%E3%82%81" dan="16,16,16,16" rate="2133.15,2190.30,2120.57,2160.45" sx="F,F,M,M"/><TAIKYOKU oya="0"/><INIT seed="0,0,0,0,2,13" ten="250,250,250,250" oya="0" hai0="32,77,87,117,121,55,74,34,7,108,44,100,98" hai1="114,12,1,3,25,2,76,47,23,29,39,84,85" hai2="5,22,59,46,127,21,91,38,65,52,54,79,15" hai3="81,92,120,101,130,18,111,131,133,37,41,8,107"/><T132/><D117/><U20/><E114/><V58/><F127/><W48/><G37/><T56/><D121/><U93/><E76/><V128/><F128/><W17/><G107/><T118/><D118/><U40/><REACH who="1" step="1"/><E93/><REACH who="1" ten="250,240,250,250" step="2"/><V60/><F79/><W36/><G92/><T16/><D77/><U97/><E97/><V82/><F82/><W67/><G81/><T103/><D98/><U122/><E122/><V96/><F96/><W134/><G120/><T102/><D102/><U126/><E126/><V109/><F91/><W33/><G101/><T106/><D103/><U19/><AGARI ba="0,1" hai="1,2,3,12,19,20,23,25,29,39,40,47,84,85" machi="19" ten="40,5200,0" yaku="1,1,0,1,52,1,53,0" doraHai="13" doraHaiUra="78" who="1" fromWho="1" sc="250,-26,240,62,250,-13,250,-13" /><INIT seed="1,0,0,0,2,41" ten="224,302,237,237" oya="1" hai0="63,72,19,39,119,56,132,74,88,118,93,73,87" hai1="35,60,37,43,31,99,29,66,47,49,13,104,77" hai2="111,113,23,130,95,2,96,81,131,105,92,90,11" hai3="6,50,75,121,110,62,26,129,69,85,123,76,14"/><U28/><E77/><V127/><F23/><W117/><G75/><T9/><D39/><U36/><E35/><V27/><F27/><W52/><G110/><T125/><D125/><U120/><E120/><V135/><F11/><W98/><G129/><N who="2" m="49161" /><F2/><W65/><G117/><T124/><D124/><U12/><E36/><V134/><F127/><W38/><G38/><T4/><D19/><U103/><REACH who="1" step="1"/><E37/><REACH who="1" ten="224,292,237,237" step="2"/><V17/><F111/><W16/><G76/><T107/><D132/><U100/><E100/><N who="2" m="60423" /><F134/><W86/><G123/><T46/><D119/><U116/><E116/><V101/><F135/><W126/><G121/><T79/><D118/><U97/><E97/><N who="2" m="61615" /><F113/><W114/><G114/><T7/><D79/><U30/><N who="1" m="7168" /><DORA hai="3" /><U20/><E20/><V48/><F17/><W102/><G126/><T91/><D91/><U54/><E54/><V15/><F90/><W108/><G108/><T33/><D33/><U122/><E122/><V40/><F40/><W32/><G32/><T18/><D18/><U0/><E0/><V84/><F15/><W53/><G53/><T106/><D9/><U89/><E89/><N who="2" m="51343" /><F48/><W51/><G51/><T34/><D34/><U61/><E61/><V109/><F109/><W71/><G16/><T25/><D25/><U58/><AGARI ba="0,1" hai="12,13,43,47,49,58,60,66,99,103,104" m="7168" machi="58" ten="40,12000,1" yaku="1,1,0,1,52,1,53,1" doraHai="41,3" doraHaiUra="112,94" who="1" fromWho="1" sc="224,-40,292,130,237,-40,237,-40" /><INIT seed="1,1,0,5,3,10" ten="184,422,197,197" oya="1" hai0="6,109,133,31,75,111,32,38,118,96,119,28,122" hai1="9,62,45,81,88,108,97,42,135,116,129,41,103" hai2="19,99,58,35,12,8,15,70,72,112,51,101,48" hai3="60,21,76,92,125,78,71,4,94,123,54,3,2"/><U87/><E116/><N who="0" m="44585" /><D75/><U113/><E113/><V132/><F112/><W79/><G123/><T82/><D38/><U74/><E129/><V120/><F120/><W24/><G125/><T128/><D122/><U0/><E135/><V85/><F132/><W53/><G2/><T29/><D133/><U33/><E33/><V26/><F72/><W130/><G130/><T84/><D128/><U126/><E126/><V47/><F70/><W93/><G3/><T64/><D64/><U100/><E108/><N who="0" m="41545" /><D96/><U46/><E74/><V40/><F85/><W20/><G4/><T91/><D6/><U90/><E62/><V105/><F35/><AGARI ba="1,0" hai="28,29,31,32,35,82,84,91" m="41545,44585" machi="35" ten="40,1300,0" yaku="14,1" doraHai="10" who="0" fromWho="2" sc="184,16,422,0,197,-16,197,0" /><INIT seed="2,0,0,5,3,18" ten="200,422,181,197" oya="2" hai0="83,96,125,132,61,124,108,31,25,47,35,44,111" hai1="72,100,122,4,134,78,10,6,54,113,0,63,76" hai2="81,22,12,20,93,116,80,107,16,11,104,30,58" hai3="7,42,34,21,110,53,27,40,82,56,129,39,43"/><V73/><F116/><W68/><G68/><T15/><D132/><U28/><E113/><V131/><F73/><W135/><G34/><T26/><D15/><U62/><E134/><V37/><F37/><W59/><G135/><T133/><D133/><U92/><E28/><V1/><F131/><W88/><G110/><N who="0" m="42027" /><D26/><U102/><E122/><V36/><F36/><W84/><G129/><T9/><D9/><U117/><E117/><V17/><F1/><W75/><G7/><T14/><D14/><U32/><E32/><V48/><F104/><W8/><G8/><T123/><D123/><U109/><E109/><V70/><F70/><W103/><G103/><T51/><D96/><U57/><E6/><N who="2" m="3191" /><F107/><W89/><G75/><T45/><D61/><U65/><E72/><V112/><F93/><W90/><G39/><T91/><D83/><N who="2" m="31818" /><F112/><W114/><G114/><T97/><D97/><U67/><E92/><V23/><F30/><N who="3" m="17775" /><G53/><AGARI ba="0,0" hai="16,17,20,22,23,48,53,58" m="31818,3191" machi="53" ten="30,12000,1" yaku="8,1,52,3,54,1" doraHai="18" who="2" fromWho="3" sc="200,0,422,0,181,120,197,-120" /><INIT seed="2,1,0,5,2,37" ten="200,422,301,77" oya="2" hai0="47,65,121,104,83,1,59,134,40,124,49,41,62" hai1="99,85,6,131,109,51,120,117,108,90,3,20,127" hai2="22,30,11,92,26,50,82,115,54,10,33,116,12" hai3="14,81,71,129,68,35,119,105,60,70,125,67,102"/><V86/><F115/><W122/><G119/><T128/><D104/><U28/><E117/><V58/><F116/><W57/><G122/><T18/><D1/><U111/><E127/><V130/><F130/><W48/><G129/><T66/><D128/><U98/><E131/><V55/><F55/><W74/><G125/><T87/><D124/><U53/><E120/><V42/><F42/><N who="0" m="16490" /><D121/><U78/><E78/><V95/><F33/><W132/><G132/><T73/><D73/><U13/><E3/><V23/><F23/><W29/><G14/><T9/><D134/><U113/><E113/><V15/><F15/><W112/><G112/><T32/><D32/><U56/><E28/><V101/><F101/><W91/><G48/><T46/><D66/><U63/><E63/><V61/><F61/><W44/><G44/><N who="0" m="16939" /><D49/><U100/><E51/><V36/><F36/><W45/><G45/><T24/><D9/><U80/><E109/><V75/><F75/><W89/><G57/><T94/><D94/><N who="2" m="35882" /><F12/><W19/><G71/><T17/><D24/><U7/><E111/><V106/><F106/><W118/><G70/><T39/><D39/><U107/><E108/><V8/><F10/><W133/><G133/><T0/><D0/><U97/><E13/><V103/><F103/><W110/><G110/><T76/><AGARI ba="1,0" hai="17,18,59,62,65,76,83,87" m="16939,16490" machi="76" ten="30,7900,0" yaku="8,1,52,3" doraHai="37" who="0" fromWho="0" sc="200,82,422,-21,301,-40,77,-21" /><INIT seed="3,0,0,5,5,115" ten="282,401,261,56" oya="3" hai0="105,7,48,25,122,59,104,50,6,30,71,28,23" hai1="3,33,125,113,129,93,80,37,109,92,121,24,12" hai2="29,35,52,14,82,87,83,53,74,107,0,64,101" hai3="19,16,123,42,131,102,38,26,88,127,111,81,21"/><W116/><G123/><T9/><D71/><U70/><RYUUKYOKU type="yao9" ba="0,0" sc="282,0,401,0,261,0,56,0" hai1="3,12,24,33,37,70,80,92,93,109,113,121,125,129" /><INIT seed="3,1,0,0,3,101" ten="282,401,261,56" oya="3" hai0="27,127,116,83,61,46,91,64,4,54,92,24,43" hai1="113,62,1,95,123,22,33,6,39,13,121,88,93" hai2="86,68,35,126,34,15,105,14,133,25,75,7,103" hai3="65,109,104,52,17,98,132,70,124,115,63,9,112"/><W106/><G124/><T41/><D116/><U48/><E39/><V56/><F68/><W0/><G132/><T85/><D127/><U37/><E37/><V97/><F75/><W53/><G109/><T77/><D54/><U111/><E113/><V117/><F117/><W42/><G42/><T134/><D134/><U36/><E36/><V76/><F56/><W102/><G106/><T82/><D82/><U16/><E111/><V128/><F128/><W50/><G53/><T114/><D114/><U11/><E48/><V58/><F58/><W45/><REACH who="3" step="1"/><G17/><REACH who="3" ten="282,401,261,46" step="2"/><T84/><D43/><U110/><E110/><V44/><F105/><W60/><G60/><T80/><D61/><U73/><E62/><V125/><F133/><W23/><G23/><T78/><D64/><U131/><E22/><V47/><F126/><W31/><G31/><T18/><D18/><U29/><E29/><V28/><F125/><W135/><G135/><T8/><D41/><U30/><E30/><V119/><F119/><W118/><G118/><T3/><REACH who="0" step="1"/><D46/><REACH who="0" ten="272,401,261,46" step="2"/><U74/><E16/><V129/><F47/><W99/><G99/><AGARI ba="1,2" hai="3,4,8,24,27,77,78,80,83,84,85,91,92,99" machi="99" ten="30,7700,0" yaku="1,1,2,1,7,1,9,1,53,0" doraHai="101" doraHaiUra="40" who="0" fromWho="3" sc="272,100,401,0,261,0,46,-80" owari="372,17.2,401,50.1,261,-13.9,-34,-53.4" /></mjloggm>