<mjloggm ver="2.3"><GO type="225" lobby="0"/><UN n0="%E8%90%BD%E6%97%A5" n1="%72%69%6F%75%63%68%61%6E" n2="%E7%89%B9%E6%9D%B1%E3%81%AF%E4%B8%96%E7%95%8C%E3%82%92%E6%95%91%E3%81%86" n3="%E3%81%BF%E3%81%BF%E3%81%9A" dan="16,17,16,18" rate="2193.54,2270.57,2059.73,2257.00" sx="F,M,M,M"/><TAIKYOKU oya="0"/><INIT seed="0,0,0,1,0,79" ten="250,250,250,250" oya="0" hai0="42,119,76,12,16,18,81,6,84,61,40,1,70" hai1="110,83,10,4,126,24,86,17,71,0,35,69,39" hai2="118,77,8,111,72,97,26,27,60,132,62,51,102" hai3="80,94,106,46,64,29,74,9,121,123,44,66,99"/><T22/><D119/><U33/><E110/><V52/><F111/><W2/><G106/><T98/><D1/><U127/><E39/><V95/><F132/><W122/><G29/><T116/><D116/><U13/><E69/><V11/><F118/><W124/><G124/><N who="1" m="47658" /><E71/><V23/><F77/><N who="3" m="44087" /><G9/><N who="2" m="3657" /><F72/><W115/><G2/><T78/><D6/><U68/><E68/><V65/><F65/><N who="3" m="25195" /><G115/><T63/><D70/><U88/><E0/><V96/><F96/><W133/><G133/><T112/><D112/><U28/><E33/><V53/><F53/><W43/><G43/><N who="0" m="16427" /><D78/><U125/><N who="1" m="47666" /><U48/><DORA hai="128" /><E48/><V107/><F107/><W135/><G135/><T92/><D18/><AGARI ba="0,0" hai="4,10,13,17,18,24,28,35,83,86,88" m="47666" machi="18" ten="40,5200,0" yaku="18,1,52,1,54,1" doraHai="79,128" who="1" fromWho="0" sc="250,-52,250,52,250,0,250,0" /><INIT seed="1,0,0,4,5,74" ten="198,302,250,250" oya="1" hai0="132,63,43,40,20,134,117,131,107,58,10,99,118" hai1="21,126,64,91,14,103,120,29,1,50,52,37,82" hai2="32,73,11,56,35,60,18,23,39,31,27,135,84" hai3="77,7,8,6,130,24,109,129,33,119,57,70,16"/><U80/><E120/><V55/><F73/><W47/><G70/><T113/><D20/><U41/><E1/><V44/><F135/><N who="0" m="51754" /><D10/><U62/><E126/><V122/><F122/><W5/><G109/><T15/><D15/><U51/><E103/><V30/><F84/><W59/><G119/><N who="0" m="45579" /><D99/><U48/><E37/><V12/><F30/><W115/><G115/><T42/><D107/><U65/><E41/><N who="0" m="10497" /><T38/><DORA hai="121" /><D113/><U49/><E91/><V75/><F39/><W106/><G106/><T101/><D101/><U111/><E111/><V46/><REACH who="2" step="1"/><F75/><REACH who="2" ten="198,302,240,250" step="2"/><W71/><G130/><T25/><D38/><U110/><E110/><V85/><F85/><W72/><G129/><T34/><D34/><AGARI ba="0,1" hai="11,12,18,23,27,31,32,34,35,44,46,55,56,60" machi="34" ten="40,2600,0" yaku="1,1,53,1" doraHai="74,121" doraHaiUra="17,68" who="2" fromWho="0" sc="198,-26,302,0,240,36,250,0" /><INIT seed="2,0,0,3,1,0" ten="172,302,276,250" oya="2" hai0="1,123,10,110,119,95,39,102,61,84,41,59,89" hai1="45,14,112,82,111,15,86,126,26,79,98,105,92" hai2="114,38,132,20,63,19,69,134,27,75,70,101,36" hai3="11,80,32,120,87,24,96,4,99,122,5,108,124"/><V29/><F114/><W42/><G42/><T30/><D123/><U117/><E112/><V97/><F75/><W131/><G108/><T12/><D110/><U47/><E117/><V74/><F74/><W109/><G109/><T91/><D119/><U28/><E111/><V55/><F19/><W7/><G11/><T116/><D116/><U62/><E105/><V68/><F63/><W46/><G46/><T16/><D39/><U71/><E126/><V51/><F38/><W135/><G124/><T50/><D30/><U43/><E71/><V22/><F22/><W8/><G8/><T106/><D1/><U49/><E47/><V48/><F36/><W113/><G113/><T129/><D129/><U78/><E78/><V88/><F88/><W35/><G131/><T2/><D2/><U52/><E43/><V54/><F48/><W104/><G135/><N who="2" m="51753" /><F51/><W3/><G3/><T53/><D41/><U9/><E62/><V133/><N who="2" m="51761" /><V130/><DORA hai="6" /><F130/><W17/><G17/><T58/><D106/><AGARI ba="0,0" hai="20,27,29,54,55,68,69,70,97,101,106" m="51761" machi="106" ten="50,2400,0" yaku="20,1" doraHai="0,6" who="2" fromWho="0" sc="172,-24,302,0,276,24,250,0" /><INIT seed="2,1,0,4,4,131" ten="148,302,300,250" oya="2" hai0="11,35,30,92,73,65,97,24,123,76,9,102,125" hai1="71,96,36,10,128,84,4,34,101,1,16,113,120" hai2="98,38,50,75,14,74,7,18,13,53,52,79,12" hai3="21,45,63,134,19,87,132,124,127,78,62,3,86"/><V70/><F38/><W25/><G3/><T88/><D123/><U72/><E113/><V26/><F70/><W59/><G45/><T108/><D108/><U28/><E72/><V0/><F0/><W57/><G78/><T17/><D125/><N who="3" m="48201" /><G59/><T6/><D17/><U85/><E128/><V67/><F67/><N who="3" m="39375" /><G63/><T64/><D11/><U95/><E120/><V55/><F7/><W42/><G42/><T82/><REACH who="0" step="1"/><D102/><REACH who="0" ten="138,302,300,250" step="2"/><U93/><E16/><V43/><F18/><W129/><G129/><T121/><D121/><U27/><E71/><V133/><F26/><W118/><G118/><T105/><D105/><U49/><E36/><V77/><F75/><W89/><G86/><T31/><D31/><U117/><E117/><V22/><F74/><W94/><AGARI ba="1,1" hai="19,21,25,87,89,94,132,134" m="39375,48201" machi="94" ten="30,4000,0" yaku="18,1,52,2" doraHai="131" who="3" fromWho="3" sc="138,-11,302,-11,300,-21,250,53" /><INIT seed="3,0,0,2,3,104" ten="127,291,279,303" oya="3" hai0="54,67,37,92,102,95,57,74,99,6,5,17,69" hai1="73,97,126,100,119,34,135,41,19,55,0,22,9" hai2="130,78,84,7,15,134,43,96,8,90,110,33,125" hai3="18,121,1,111,63,87,123,36,86,107,75,101,45"/><W52/><G75/><T59/><D37/><U47/><E34/><V98/><F33/><W88/><G1/><T13/><D69/><U46/><E126/><V50/><F125/><W131/><G86/><T20/><D74/><U115/><E115/><V112/><F112/><W79/><G79/><T113/><D113/><U28/><E135/><V42/><F134/><W14/><G131/><T26/><D67/><U94/><E119/><V105/><F110/><W89/><G89/><T32/><D59/><U91/><E73/><V71/><F71/><W68/><G68/><T58/><D57/><U48/><E28/><V25/><F130/><W77/><G77/><T35/><D35/><U10/><E100/><V132/><F78/><W27/><G27/><T129/><D129/><U124/><E124/><V65/><F132/><W2/><G2/><T103/><D32/><U11/><E0/><V53/><F25/><W120/><G63/><T4/><D26/><U116/><E116/><V72/><F72/><W106/><G101/><T114/><D114/><U127/><E127/><V81/><F65/><W30/><G30/><T85/><D102/><U82/><E82/><V49/><F105/><W108/><G107/><T31/><D31/><U61/><E61/><V51/><REACH who="2" step="1"/><F53/><REACH who="2" ten="127,291,269,303" step="2"/><W16/><G106/><T23/><D23/><U60/><E60/><V29/><F29/><W117/><G117/><T3/><D3/><U118/><E118/><V24/><F24/><W56/><G111/><T40/><D40/><AGARI ba="0,1" hai="7,8,15,40,42,43,49,50,51,81,84,90,96,98" machi="40" ten="40,8000,1" yaku="1,1,8,1,53,3" doraHai="104" doraHaiUra="38" who="2" fromWho="0" sc="127,-80,291,0,269,90,303,0" owari="47,-45.3,291,-10.9,359,45.9,303,10.3" /></mjloggm>