<mjloggm ver="2.3"><GO type="225" lobby="0"/><UN n0="%E3%83%97%E3%83%92" n1="%E5%8D%A0%E3%81%84%E5%B8%AB%E8%A3%8F%E3%81%AA%E3%81%84%E3%81%97" n2="%E5%B0%8F%E9%B3%A5%E9%81%8A%E7%B7%B4%E7%84%A1%32%31%E6%AD%B3" n3="%E7%B4%94%E6%BD%94%E3%83%94%E3%83%A9%E3%83%8B%E3%82%A2" dan="17,16,16,16" rate="2174.65,2150.36,2151.22,2138.76" sx="M,M,F,M"/><TAIKYOKU oya="0"/><INIT seed="0,0,0,2,5,128" ten="250,250,250,250" oya="0" hai0="85,71,132,12,104,93,4,77,101,56,9,39,14" hai1="63,44,13,97,34,68,131,59,133,81,20,113,64" hai2="0,57,100,3,73,58,96,41,79,42,121,111,114" hai3="127,43,31,88,74,36,65,92,35,126,16,119,70"/><T27/><D71/><U118/><E118/><V46/><F114/><W98/><G74/><T25/><D39/><U109/><E131/><V112/><F112/><W78/><G78/><T21/><D104/><U69/><E113/><V5/><F121/><W135/><G119/><T125/><D125/><N who="3" m="47625" /><G31/><T52/><D132/><U130/><E34/><V54/><F111/><W134/><G35/><T50/><D101/><U28/><E109/><V122/><F122/><W94/><G65/><T53/><D53/><U60/><E130/><V40/><F46/><N who="3" m="23911" /><G70/><T55/><D55/><U106/><E68/><V33/><F33/><W86/><G16/><N who="0" m="10391" /><D77/><U80/><E44/><V115/><F115/><W29/><G29/><T67/><D67/><U23/><E28/><V117/><F117/><W7/><G7/><T19/><D4/><U82/><E133/><V30/><F30/><W1/><G1/><T110/><D110/><U90/><E13/><V66/><F79/><W105/><G105/><T129/><D129/><U37/><E37/><V108/><F73/><W103/><AGARI ba="0,0" hai="86,88,92,94,98,103,134,135" m="23911,47625" machi="103" ten="30,7900,0" yaku="18,1,52,2,54,1" doraHai="128" who="3" fromWho="3" sc="250,-39,250,-20,250,-20,250,79" /><INIT seed="1,0,0,2,1,117" ten="211,230,230,329" oya="1" hai0="71,85,118,135,15,107,21,67,29,95,68,134,51" hai1="52,73,28,62,69,63,65,35,84,110,5,59,81" hai2="113,30,36,3,26,17,42,109,24,78,93,60,9" hai3="98,12,41,96,101,86,70,82,90,130,53,102,1"/><U6/><E73/><V49/><F113/><W83/><G1/><T14/><D118/><U100/><E100/><V91/><F109/><W72/><G70/><T47/><D107/><U125/><E110/><V76/><F36/><W105/><G41/><T57/><D57/><U50/><E125/><V58/><F3/><W64/><G53/><T55/><D14/><U133/><E133/><N who="0" m="50697" /><D67/><U44/><E28/><V2/><F2/><W25/><G12/><T106/><D106/><U88/><REACH who="1" step="1"/><E35/><REACH who="1" ten="211,220,230,329" step="2"/><V77/><F30/><W61/><G72/><T121/><D29/><U23/><E23/><V80/><F9/><W38/><G101/><T19/><D121/><U11/><E11/><V27/><F17/><W56/><G102/><T20/><D21/><U120/><E120/><V129/><F129/><W22/><G22/><T116/><D116/><U39/><E39/><V108/><F108/><W33/><G38/><T43/><D43/><AGARI ba="0,1" hai="5,6,43,44,50,52,59,62,63,65,69,81,84,88" machi="43" ten="30,12000,1" yaku="1,1,7,1,54,2,53,1" doraHai="117" doraHaiUra="46" who="1" fromWho="0" sc="211,-120,220,130,230,0,329,0" /><INIT seed="1,1,0,1,0,108" ten="91,350,230,329" oya="1" hai0="45,48,116,16,68,133,52,79,126,72,41,1,47" hai1="97,10,128,54,115,14,103,19,88,26,23,99,29" hai2="119,53,50,102,107,81,27,73,17,30,40,36,43" hai3="28,15,33,67,120,106,2,7,25,20,80,113,96"/><U71/><E71/><V123/><F119/><W78/><G120/><T114/><D116/><U44/><E128/><V85/><F73/><W131/><G131/><T4/><D133/><U66/><E66/><V56/><F17/><N who="3" m="10303" /><G67/><T105/><D105/><U61/><E115/><V109/><F36/><W90/><G90/><T130/><D130/><U58/><E44/><V21/><F109/><W24/><G24/><T74/><D126/><U86/><REACH who="1" step="1"/><E103/><REACH who="1" ten="91,340,230,329" step="2"/><V132/><F123/><W69/><G69/><T125/><D68/><U95/><AGARI ba="1,1" hai="10,14,19,23,26,29,54,58,61,86,88,95,97,99" machi="95" ten="20,18000,2" yaku="1,1,2,1,0,1,7,1,8,1,54,1,53,0" doraHai="108" doraHaiUra="63" who="1" fromWho="1" sc="91,-61,340,193,230,-61,329,-61" /><INIT seed="1,2,0,3,2,79" ten="30,533,169,268" oya="1" hai0="7,54,65,44,105,12,82,36,14,16,101,39,116" hai1="124,103,106,87,113,134,104,63,68,13,129,133,71" hai2="3,123,40,78,81,115,131,6,11,25,9,88,92" hai3="15,23,21,93,56,19,85,96,74,114,100,34,55"/><U61/><E113/><V77/><F123/><W127/><G34/><T43/><D116/><U62/><E124/><V119/><F119/><W112/><G74/><T45/><D65/><U118/><E118/><V5/><F131/><W27/><G127/><T26/><D105/><N who="1" m="40555" /><E103/><V110/><F110/><W59/><G59/><T86/><D101/><U98/><E98/><V117/><F117/><W48/><G85/><T67/><D67/><U111/><E13/><V121/><F121/><W89/><G100/><T17/><D26/><U24/><E24/><V90/><F40/><W97/><G96/><T64/><D64/><U53/><E53/><V69/><F69/><N who="1" m="26697" /><E87/><V29/><F115/><W122/><G122/><T60/><D36/><U47/><E47/><V126/><F126/><W2/><G2/><T38/><D39/><U8/><E8/><V4/><F11/><W46/><G46/><T42/><D42/><U28/><E28/><AGARI ba="2,0" hai="15,19,21,23,27,28,48,55,56,89,93,97,112,114" machi="28" ten="30,1000,0" yaku="7,1" doraHai="79" who="3" fromWho="1" sc="30,0,533,-16,169,0,268,16" /><INIT seed="2,0,0,3,2,87" ten="30,517,169,284" oya="2" hai0="5,21,135,72,114,2,40,79,93,116,66,92,75" hai1="103,101,4,107,10,33,43,129,126,58,96,19,85" hai2="98,74,17,61,104,20,6,124,122,45,102,15,16" hai3="97,89,59,52,53,115,22,46,34,88,110,41,54"/><V62/><F122/><W127/><G34/><T70/><D114/><U11/><E33/><V134/><F74/><W108/><G115/><T7/><D135/><U120/><E126/><V35/><F35/><W80/><G127/><T3/><D40/><U31/><E31/><V117/><F117/><W77/><G59/><T63/><D21/><U48/><E129/><V26/><F6/><W0/><G0/><T29/><D29/><U94/><E107/><V123/><F123/><W25/><G97/><T64/><D63/><U30/><E30/><V12/><F124/><W106/><G106/><T132/><D70/><U73/><E73/><V36/><F26/><W133/><G133/><T1/><D132/><U131/><E131/><V99/><F99/><W55/><N who="3" m="13312" /><DORA hai="18" /><W69/><G69/><T14/><D14/><U125/><E58/><V38/><F134/><W27/><G77/><T65/><D116/><U121/><E96/><V56/><F45/><W112/><G80/><T42/><D42/><U49/><E43/><V23/><REACH who="2" step="1"/><F56/><REACH who="2" ten="30,517,159,284" step="2"/><W90/><G25/><T84/><D84/><U105/><E85/><V111/><F111/><W57/><G57/><T9/><D72/><U13/><E125/><V67/><F67/><W95/><G112/><T78/><D75/><U86/><E86/><V8/><F8/><W44/><G44/><T100/><D9/><U68/><E11/><V91/><F91/><W60/><G110/><T32/><D32/><U109/><E121/><V47/><F47/><W130/><G108/><T119/><D119/><U118/><E120/><V50/><F50/><RYUUKYOKU ba="0,1" sc="30,-10,517,-10,159,30,284,-10" hai2="12,15,16,17,20,23,36,38,61,62,98,102,104" /><INIT seed="2,1,1,5,5,62" ten="20,507,189,274" oya="2" hai0="16,50,57,52,43,24,53,112,124,63,117,135,12" hai1="91,29,105,101,66,17,99,35,70,133,48,90,128" hai2="127,81,76,102,104,78,1,42,7,116,9,37,39" hai3="110,23,4,88,130,33,96,68,125,77,79,73,0"/><V31/><F116/><W30/><G68/><T132/><D117/><U45/><E133/><N who="0" m="51273" /><D112/><U67/><E128/><V106/><F76/><W40/><G33/><T115/><D115/><U20/><E67/><V111/><F127/><W114/><G73/><T55/><D124/><U13/><E70/><V118/><F118/><W15/><G0/><T92/><D24/><U131/><E66/><V103/><F31/><W5/><G30/><T14/><D92/><N who="1" m="58599" /><E35/><V80/><F80/><W28/><G28/><T83/><D83/><U49/><E105/><V75/><F111/><W11/><G77/><T74/><D74/><U10/><E131/><V109/><F109/><W95/><G79/><T22/><D14/><N who="1" m="9271" /><E48/><V113/><F113/><W27/><G114/><T51/><D43/><N who="1" m="24767" /><E29/><V25/><F25/><W72/><G27/><T134/><N who="0" m="51281" /><T18/><DORA hai="108" /><D18/><AGARI ba="1,1" hai="10,13,18,90,91" m="24767,9271,58599" machi="18" ten="30,1000,0" yaku="8,1" doraHai="62,108" who="1" fromWho="0" sc="20,-13,507,23,189,0,274,0" /><INIT seed="3,0,0,5,4,41" ten="7,530,189,274" oya="3" hai0="118,106,18,40,120,100,132,84,15,43,51,129,27" hai1="104,4,91,33,6,101,123,79,134,70,83,50,21" hai2="96,105,103,7,110,102,44,20,8,36,30,56,19" hai3="45,63,88,87,124,37,46,127,22,32,130,131,48"/><W95/><G32/><T73/><D84/><U75/><E21/><V31/><F110/><W107/><G107/><T66/><D100/><U62/><E123/><V38/><F103/><W29/><G37/><T114/><D73/><U72/><E72/><V57/><F36/><W52/><G63/><T92/><D92/><U2/><E2/><V65/><F65/><W82/><G46/><T64/><D106/><U76/><E76/><V117/><F117/><W89/><G22/><T23/><D118/><U133/><E33/><V85/><F85/><N who="3" m="52655" /><G29/><T12/><D120/><U86/><E50/><V34/><F34/><W1/><G1/><T111/><D111/><U81/><E62/><V17/><F17/><W69/><G69/><T26/><D132/><N who="1" m="50795" /><E70/><V121/><F121/><W68/><G68/><T58/><D129/><AGARI ba="0,0" hai="45,48,52,82,87,88,124,127,129,130,131" m="52655" machi="129" ten="30,11600,0" yaku="19,1,52,1,54,2" doraHai="41" who="3" fromWho="0" sc="7,-116,530,0,189,0,274,116" owari="-109,-60.9,530,63.0,189,-21.1,390,19.0" /></mjloggm>