<mjloggm ver="2.3"><GO type="225" lobby="0"/><UN n0="%6D%75%75%6D%75%72%61" n1="%E9%80%9F%E6%B0%B4%E5%87%9B%E9%A6%99" n2="%E3%81%BE%E3%81%8B%E3%81%B7%E3%82%93" n3="%E3%82%BC%E3%83%AB%E3%83%80%E3%81%AE%E4%BC%9D%E8%AA%AC" dan="16,16,16,16" rate="2154.10,2084.46,2096.31,2181.07" sx="F,F,M,M"/><TAIKYOKU oya="0"/><INIT seed="0,0,0,5,0,95" ten="250,250,250,250" oya="0" hai0="7,65,36,24,68,87,86,46,106,135,78,31,38" hai1="109,112,50,59,54,108,32,1,34,23,133,116,15" hai2="129,80,123,99,118,90,62,104,115,35,20,17,66" hai3="40,83,58,107,92,67,113,117,71,121,27,64,103"/><T57/><D106/><U2/><E116/><V131/><F115/><W19/><G113/><T125/><D68/><U9/><E112/><V94/><F123/><W119/><G121/><T114/><D114/><U43/><E23/><V5/><F35/><N who="1" m="13353" /><E43/><V30/><F30/><W21/><G107/><T130/><D130/><N who="2" m="49674" /><F118/><W120/><G120/><T85/><D135/><U51/><E51/><V97/><F5/><W100/><G71/><T98/><D78/><U14/><E14/><N who="2" m="9271" /><F80/><W74/><G40/><T81/><D7/><N who="1" m="3519" /><E133/><V127/><F127/><W63/><G119/><T93/><D125/><U55/><E55/><V29/><F29/><W26/><G117/><T45/><D81/><U105/><E105/><V82/><F82/><W101/><G64/><T39/><D65/><U60/><E60/><V70/><F104/><W102/><G83/><T124/><D124/><U25/><E25/><V56/><F70/><W3/><G3/><T28/><D57/><U84/><E84/><AGARI ba="0,0" hai="56,62,66,84,90,94,97,99" m="9271,49674" machi="84" ten="30,3900,0" yaku="19,1,52,2" doraHai="95" who="2" fromWho="1" sc="250,0,250,-39,250,39,250,0" /><INIT seed="1,0,0,1,1,126" ten="250,211,289,250" oya="1" hai0="7,98,8,86,67,1,69,41,112,121,70,124,34" hai1="14,48,62,100,57,93,10,24,125,114,108,106,94" hai2="104,111,5,134,47,109,127,82,102,42,78,28,45" hai3="18,32,66,113,87,26,88,72,59,49,64,25,0"/><U120/><E114/><V20/><F127/><W44/><G113/><T132/><D112/><U130/><E120/><V74/><F134/><W79/><G0/><T27/><D124/><U12/><E125/><V117/><F117/><W21/><G72/><T119/><D119/><U68/><E68/><V36/><F5/><W23/><G79/><T19/><D132/><U17/><E48/><V16/><F45/><W128/><G128/><T71/><D121/><U56/><E56/><V92/><F28/><W60/><G32/><T97/><D67/><U101/><E108/><N who="2" m="41547" /><F92/><N who="1" m="35433" /><E106/><V105/><F102/><W85/><G66/><T39/><D86/><U73/><E73/><V103/><F103/><W35/><G35/><T95/><D95/><U3/><E3/><V29/><F29/><N who="3" m="17583" /><G88/><T30/><REACH who="0" step="1"/><D19/><REACH who="0" ten="240,211,289,250" step="2"/><N who="1" m="8599" /><E130/><V84/><F74/><W31/><G18/><T77/><D77/><U58/><E100/><V4/><F4/><W22/><G87/><T13/><D13/><AGARI ba="0,1" hai="13,16,20,36,42,47,78,82,84,104,105" m="41547" machi="13" ten="30,2000,0" yaku="14,1,54,1" doraHai="126" who="2" fromWho="0" sc="240,-20,211,0,289,30,250,0" /><INIT seed="2,0,0,5,5,93" ten="220,211,319,250" oya="2" hai0="133,104,69,5,115,107,11,116,128,8,102,42,57" hai1="18,130,2,91,15,35,101,24,85,4,86,90,98" hai2="74,131,21,92,10,118,13,110,51,14,95,71,29" hai3="34,50,22,99,41,88,61,38,72,94,122,64,16"/><V17/><F118/><W113/><G122/><T27/><D69/><U46/><E130/><V52/><F74/><W65/><G34/><T78/><D115/><U3/><E3/><V20/><F71/><W37/><G72/><T36/><D128/><U32/><E32/><V62/><F131/><W75/><G75/><T47/><D116/><U76/><E4/><N who="2" m="3271" /><F110/><W77/><G113/><T48/><D133/><U7/><E7/><V112/><F62/><W53/><G77/><T9/><D78/><U33/><E2/><V58/><F112/><W120/><G120/><T132/><D132/><U97/><E76/><V1/><F1/><W45/><G41/><T100/><D5/><U55/><E24/><AGARI ba="0,0" hai="14,17,20,21,24,29,51,52,58,92,95" m="3271" machi="24" ten="30,2900,0" yaku="8,1,54,1" doraHai="93" who="2" fromWho="1" sc="220,0,211,-29,319,29,250,0" /><INIT seed="2,1,0,0,1,113" ten="220,182,348,250" oya="2" hai0="62,114,91,46,89,120,127,32,79,75,19,13,8" hai1="29,107,106,76,100,97,64,83,84,20,7,68,117" hai2="102,121,93,67,92,99,63,1,36,135,103,123,44" hai3="96,16,43,5,104,108,66,134,71,30,10,25,49"/><V129/><F129/><W39/><G108/><T31/><D114/><U125/><E117/><V58/><F135/><W65/><G134/><T78/><D120/><U22/><E125/><V56/><F1/><W116/><G39/><T0/><D127/><U128/><E128/><V111/><F111/><W82/><G116/><T40/><D0/><U80/><E7/><V86/><F56/><W60/><G66/><T45/><D32/><U12/><E107/><V57/><F57/><W24/><G82/><T15/><D31/><U74/><E29/><V42/><REACH who="2" step="1"/><F86/><REACH who="2" ten="220,182,338,250" step="2"/><W52/><G71/><T55/><D75/><U126/><E126/><V98/><AGARI ba="1,1" hai="36,42,44,58,63,67,92,93,98,99,102,103,121,123" machi="98" ten="30,11700,0" yaku="1,1,2,1,0,1,9,1,53,0" doraHai="113" doraHaiUra="21" who="2" fromWho="2" sc="220,-40,182,-40,338,130,250,-40" /><INIT seed="2,2,0,0,2,71" ten="180,142,468,210" oya="2" hai0="130,20,113,77,56,59,64,3,53,16,105,18,7" hai1="96,66,42,80,109,54,46,102,69,2,75,128,37" hai2="57,73,132,36,129,25,108,48,6,35,107,23,43" hai3="58,112,81,31,34,88,38,120,26,121,99,5,104"/><V84/><F73/><W118/><G118/><T47/><D113/><U52/><E2/><V82/><F107/><W61/><G112/><T33/><D105/><U41/><E109/><V22/><F35/><W115/><G115/><T124/><D33/><U87/><E128/><V106/><F6/><W1/><G38/><T86/><D130/><U63/><E75/><V68/><F68/><W133/><G133/><T19/><D124/><U91/><REACH who="1" step="1"/><E42/><REACH who="1" ten="180,132,468,210" step="2"/><V24/><F43/><W15/><G1/><T14/><D3/><U40/><E40/><V45/><F108/><W29/><G121/><T30/><D14/><U92/><AGARI ba="2,1" hai="37,41,46,52,54,63,66,69,80,87,91,92,96,102" machi="92" ten="20,12000,2" yaku="1,1,0,1,7,1,52,1,54,1,53,1" doraHai="71" doraHaiUra="65" who="1" fromWho="1" sc="180,-32,132,136,468,-62,210,-32" /><INIT seed="3,0,0,4,5,74" ten="148,268,406,178" oya="3" hai0="22,30,103,3,1,47,104,55,28,127,39,57,123" hai1="98,83,120,75,90,108,81,34,38,91,25,129,113" hai2="96,67,102,19,112,79,105,95,94,45,134,84,36" hai3="20,97,43,100,41,33,40,62,107,65,15,86,63"/><W23/><G33/><T118/><D118/><U21/><E38/><V9/><F112/><W42/><N who="3" m="10240" /><DORA hai="116" /><W122/><G122/><T125/><D39/><U85/><E34/><V58/><F36/><W109/><G109/><T48/><D104/><U78/><E113/><V114/><F114/><W82/><G15/><T2/><D103/><U119/><E119/><V111/><F111/><W52/><G52/><N who="0" m="29727" /><D22/><U68/><E68/><V24/><F45/><W54/><G54/><T73/><D73/><U76/><E108/><V117/><F134/><W89/><REACH who="3" step="1"/><G63/><REACH who="3" ten="148,268,406,168" step="2"/><N who="0" m="36287" /><D123/><U101/><E120/><V135/><F117/><W46/><G46/><T10/><D10/><U4/><E129/><V77/><F9/><W44/><G44/><T106/><D106/><U29/><E4/><V13/><F105/><AGARI ba="0,1" hai="21,25,29,75,76,78,81,83,85,90,91,98,101,105" machi="105" ten="30,3900,0" yaku="7,1,52,2" doraHai="74,116" who="1" fromWho="2" sc="148,0,268,49,406,-39,168,0" owari="148,-35.2,317,11.7,367,46.7,168,-23.2" /></mjloggm>