<mjloggm ver="2.3"><GO type="225" lobby="0"/><UN n0="%E3%81%A1%E3%82%85%E3%81%86%E3%81%A9%E3%81%8F%E8%B1%A1%E3%81%95%E3%82%93" n1="%72%65%6E%6B%75%6E" n2="%E3%81%86%E3%81%A1%E3%83%BC" n3="%4C%4F%4C%49%54%41" dan="17,17,17,16" rate="2171.69,2242.03,2177.81,2126.91" sx="M,M,M,F"/><TAIKYOKU oya="0"/><INIT seed="0,0,0,2,1,58" ten="250,250,250,250" oya="0" hai0="44,24,21,16,41,28,31,127,80,5,0,108,106" hai1="40,120,49,32,88,20,57,65,112,72,39,115,104" hai2="86,19,2,119,15,8,70,94,85,29,125,107,110" hai3="36,56,95,97,103,17,3,123,100,74,114,34,83"/><T129/><D106/><U126/><E32/><V118/><F110/><W18/><G114/><N who="1" m="43562" /><E72/><V7/><F107/><W35/><G36/><T10/><D129/><U45/><E104/><V63/><F29/><W117/><G117/><N who="2" m="44553" /><F94/><W91/><G3/><T82/><D127/><U96/><E126/><V11/><F125/><W76/><G123/><T47/><D108/><U12/><E120/><V37/><F37/><W14/><G18/><T48/><D44/><U23/><E12/><V116/><N who="2" m="44561" /><V46/><DORA hai="130" /><F46/><W53/><G35/><T124/><REACH who="0" step="1"/><D124/><REACH who="0" ten="240,250,250,250" step="2"/><U62/><E39/><V30/><F30/><AGARI ba="0,1" hai="0,5,10,16,21,24,28,30,31,41,47,48,80,82" machi="30" ten="40,12000,1" yaku="1,1,2,1,54,1,53,2" doraHai="58,130" doraHaiUra="131,79" who="0" fromWho="2" sc="240,130,250,0,250,-120,250,0" /><INIT seed="0,1,0,1,2,57" ten="370,250,130,250" oya="0" hai0="107,69,12,19,99,10,91,125,6,89,98,78,46" hai1="27,102,133,134,118,94,43,40,121,84,64,37,16" hai2="87,49,135,35,50,61,96,82,100,26,66,1,72" hai3="67,29,112,13,109,8,54,97,45,122,74,73,30"/><T132/><D69/><U53/><E118/><V111/><F1/><W20/><G112/><T18/><D125/><U23/><E121/><V77/><F111/><W81/><G109/><T2/><D132/><N who="1" m="50795" /><E37/><V113/><F135/><W47/><G122/><T117/><D117/><U56/><E64/><V88/><F113/><W120/><G120/><T106/><D78/><U110/><E110/><V24/><F24/><W129/><G129/><T55/><D18/><U41/><E102/><V7/><F7/><W128/><G128/><T63/><D99/><U92/><E84/><V104/><F26/><W22/><G67/><T21/><D46/><U114/><E114/><V42/><F35/><W9/><G54/><T95/><D91/><U115/><E115/><V93/><REACH who="2" step="1"/><F42/><REACH who="2" ten="370,250,120,250" step="2"/><W126/><G13/><T28/><D28/><U70/><E70/><AGARI ba="1,1" hai="49,50,61,66,70,72,77,82,87,88,93,96,100,104" machi="70" ten="30,12000,2" yaku="1,1,2,1,7,1,24,2,52,1,54,1,53,0" doraHai="57" doraHaiUra="5" who="2" fromWho="1" sc="370,0,250,-123,120,133,250,0" /><INIT seed="1,0,0,3,0,16" ten="370,127,253,250" oya="1" hai0="44,10,15,124,97,3,36,22,8,46,56,37,40" hai1="26,55,71,53,109,49,25,51,82,123,122,115,33" hai2="103,86,54,107,110,47,18,106,60,102,111,42,127" hai3="6,87,90,108,98,34,32,79,125,105,75,78,50"/><U76/><E71/><V29/><F29/><W121/><G121/><T9/><D124/><U133/><E115/><V27/><F86/><W126/><G108/><N who="2" m="41513" /><F127/><N who="3" m="48651" /><G6/><T30/><D56/><U59/><E109/><V135/><F54/><W83/><G50/><T21/><D97/><U23/><E33/><N who="3" m="12906" /><G75/><T35/><D3/><U74/><E133/><V52/><F60/><W94/><G105/><N who="2" m="39945" /><F52/><W11/><G11/><T117/><D117/><U45/><REACH who="1" step="1"/><E25/><REACH who="1" ten="370,117,253,250" step="2"/><V128/><F135/><W88/><AGARI ba="0,1" hai="78,79,83,87,88,90,94,98" m="12906,48651" machi="88" ten="30,2000,0" yaku="18,1,54,1" doraHai="16" who="3" fromWho="3" sc="370,-5,117,-10,253,-5,250,30" /><INIT seed="2,0,0,4,3,5" ten="365,107,248,280" oya="2" hai0="9,47,19,129,84,51,135,102,18,14,11,78,83" hai1="77,62,55,90,92,120,2,41,4,121,103,45,124" hai2="81,109,58,10,6,34,12,56,86,37,96,42,73" hai3="20,123,107,16,31,63,36,119,94,17,105,44,53"/><V71/><F71/><W117/><G123/><T114/><D114/><U57/><E103/><V1/><F34/><W85/><G31/><T26/><D135/><U27/><E124/><V23/><F96/><W87/><G36/><T33/><D129/><U126/><E126/><V130/><F130/><W64/><G44/><T28/><D102/><U35/><E77/><V54/><F73/><W89/><G53/><T52/><D11/><U8/><E35/><V21/><F56/><W15/><G87/><T32/><D32/><U110/><E110/><V74/><F1/><W67/><G67/><T75/><D75/><U98/><REACH who="1" step="1"/><E27/><REACH who="1" ten="365,97,248,280" step="2"/><V61/><F109/><W29/><G117/><T115/><D115/><U79/><E79/><V50/><F74/><W49/><G119/><T100/><D100/><U43/><E43/><V13/><F42/><W72/><G72/><T69/><D78/><U39/><AGARI ba="0,1" hai="2,4,8,39,41,45,55,57,62,90,92,98,120,121" machi="39" ten="30,4000,0" yaku="1,1,0,1,52,1,53,0" doraHai="5" doraHaiUra="131" who="1" fromWho="1" sc="365,-10,97,50,248,-20,280,-10" /><INIT seed="3,0,0,3,1,49" ten="355,147,228,270" oya="3" hai0="84,32,102,104,76,111,109,19,12,75,97,125,133" hai1="85,101,58,87,86,64,74,120,134,132,88,5,95" hai2="70,107,108,57,60,14,4,17,22,78,15,24,42" hai3="71,29,41,11,131,94,99,13,115,114,91,112,23"/><W18/><G71/><T80/><D125/><U44/><E5/><V48/><F107/><W25/><REACH who="3" step="1"/><G41/><REACH who="3" ten="355,147,228,260" step="2"/><T36/><D133/><N who="1" m="51307" /><E44/><V63/><F42/><W122/><G122/><T9/><D36/><U39/><E39/><V26/><F70/><W135/><G135/><T46/><D46/><U129/><E64/><V66/><F66/><W130/><AGARI ba="0,1" hai="11,13,18,23,25,29,91,94,99,112,114,115,130,131" machi="130" ten="40,3900,0" yaku="1,1,0,1,53,0" doraHai="49" doraHaiUra="96" who="3" fromWho="3" sc="355,-13,147,-13,228,-13,260,49" /><INIT seed="3,1,0,4,5,29" ten="342,134,215,309" oya="3" hai0="71,121,77,111,64,27,37,130,70,23,34,85,101" hai1="106,11,114,81,89,129,46,76,82,99,49,44,120" hai2="45,74,35,6,91,56,109,116,24,63,61,100,5" hai3="42,2,126,8,16,21,131,83,86,108,17,107,123"/><W73/><G123/><T15/><D121/><U124/><E120/><V128/><F74/><W66/><G107/><T75/><D37/><U0/><E114/><V50/><F116/><W38/><G126/><T105/><D75/><U28/><E124/><V134/><F109/><W135/><G131/><T133/><D34/><U127/><E127/><V117/><F117/><W33/><G135/><T40/><D40/><U59/><E129/><V32/><F128/><W13/><G33/><T93/><D130/><U118/><E118/><V39/><F100/><W57/><G73/><T62/><D111/><U58/><E106/><V9/><F39/><W3/><G42/><T94/><D133/><U67/><E28/><V95/><F24/><W25/><G38/><T41/><D41/><U52/><E0/><V65/><F5/><W87/><G108/><T48/><D15/><U51/><E11/><V12/><F63/><W122/><G122/><T113/><D48/><U125/><E125/><V60/><F61/><N who="3" m="38191" /><G2/><T79/><D105/><U4/><E4/><V20/><F20/><N who="3" m="13455" /><G3/><T53/><D113/><U102/><E102/><V26/><F26/><N who="3" m="14631" /><G83/><N who="0" m="47343" /><D70/><U88/><E99/><V54/><REACH who="2" step="1"/><F134/><REACH who="2" ten="342,134,205,309" step="2"/><W69/><G69/><T96/><D71/><U103/><E103/><V18/><F18/><AGARI ba="1,1" hai="8,13,18,86,87" m="14631,13455,38191" machi="18" ten="30,2900,0" yaku="8,1,54,1" doraHai="29" who="3" fromWho="2" sc="342,0,134,0,205,-32,309,42" owari="342,14.2,134,-36.6,173,-22.7,351,45.1" /></mjloggm>