<mjloggm ver="2.3"><GO type="225" lobby="0"/><UN n0="%E3%82%BC%E3%83%AB%E3%83%80%E3%81%AE%E4%BC%9D%E8%AA%AC" n1="%77%72%77%72%77%72%77%72" n2="%E3%82%B2%E3%82%B9%E8%8C%82%E5%8B%9D" n3="%E3%81%8D%E3%82%83%E3%83%BC%E3%82%8D%E3%82%93" dan="18,17,16,16" rate="2208.44,2238.47,2083.72,2061.22" sx="M,M,F,M"/><TAIKYOKU oya="0"/><INIT seed="0,0,0,0,1,66" ten="250,250,250,250" oya="0" hai0="80,0,50,68,108,11,38,131,92,135,85,109,74" hai1="28,42,65,5,79,121,52,67,47,113,106,40,16" hai2="112,122,43,118,44,88,124,53,123,127,98,83,102" hai3="55,104,24,22,9,114,34,18,54,14,90,117,62"/><T78/><D38/><U99/><E121/><V7/><F112/><W3/><G117/><T2/><D135/><U45/><E113/><V17/><F7/><N who="3" m="1279" /><G104/><T61/><D131/><U94/><E106/><V32/><F32/><W8/><G114/><T133/><D133/><U36/><E28/><V103/><F118/><W19/><G90/><N who="0" m="53327" /><D50/><U20/><E79/><V111/><F111/><N who="0" m="42570" /><D11/><U48/><E5/><V82/><F53/><W76/><G76/><T100/><D100/><U49/><E36/><V110/><F110/><W60/><G55/><T70/><D61/><U33/><E33/><V91/><F43/><W56/><G60/><T75/><D75/><U23/><E23/><V84/><F122/><W128/><G128/><T1/><AGARI ba="0,0" hai="0,1,2,68,70,74,78,80" m="42570,53327" machi="1" ten="40,12000,1" yaku="14,1,10,1,52,2" doraHai="66" who="0" fromWho="0" sc="250,120,250,-40,250,-40,250,-40" /><INIT seed="0,1,0,5,1,11" ten="370,210,210,210" oya="0" hai0="126,134,10,102,55,66,6,65,70,122,108,84,81" hai1="116,4,79,74,60,129,111,30,88,77,35,19,73" hai2="29,109,104,67,83,38,56,96,15,63,45,26,124" hai3="132,24,7,78,123,71,49,48,128,53,12,87,42"/><T85/><D122/><U127/><E116/><V133/><F109/><W5/><G71/><T25/><D108/><U69/><E111/><V101/><F124/><W113/><G113/><T57/><D126/><U52/><E127/><V37/><F133/><W43/><G132/><T75/><D134/><U20/><E129/><V95/><F83/><N who="3" m="47607" /><G128/><T51/><D102/><U105/><E105/><V80/><F80/><W120/><G24/><T115/><D115/><U27/><E4/><V62/><F104/><W33/><G33/><T8/><D8/><U3/><E3/><V36/><F62/><W9/><G7/><T0/><D25/><U99/><E73/><V46/><REACH who="2" step="1"/><F15/><REACH who="2" ten="370,210,200,210" step="2"/><W100/><G123/><T28/><D81/><U22/><E74/><V58/><F58/><N who="3" m="33063" /><G120/><T131/><D57/><N who="1" m="34855" /><E69/><V72/><F72/><W114/><G114/><T98/><D75/><U94/><E35/><AGARI ba="1,1" hai="26,29,35,36,37,38,45,46,56,63,67,95,96,101" machi="35" ten="40,1300,0" yaku="1,1,53,0" doraHai="11" doraHaiUra="117" who="2" fromWho="1" sc="370,0,210,-16,200,26,210,0" /><INIT seed="1,0,0,1,1,36" ten="370,194,226,210" oya="1" hai0="49,94,26,101,27,127,17,108,106,45,114,118,90" hai1="135,25,12,44,10,76,84,4,80,28,134,3,95" hai2="20,91,5,133,58,71,68,33,60,66,24,70,132" hai3="48,128,39,73,34,6,50,54,122,99,9,11,72"/><U111/><E111/><V119/><F119/><W38/><G122/><T93/><D114/><U98/><E3/><V86/><F5/><W117/><G34/><T79/><D118/><U14/><E14/><V82/><REACH who="2" step="1"/><F33/><REACH who="2" ten="370,194,216,210" step="2"/><W59/><G6/><T15/><D108/><U77/><E77/><V88/><F88/><W18/><G117/><T7/><D7/><U55/><E135/><V37/><F37/><W21/><G39/><T89/><D89/><U56/><E134/><V29/><AGARI ba="0,1" hai="20,24,29,58,60,66,68,70,71,82,86,91,132,133" machi="29" ten="40,2700,0" yaku="1,1,0,1,53,0" doraHai="36" doraHaiUra="41" who="2" fromWho="2" sc="370,-7,194,-13,216,37,210,-7" /><INIT seed="2,0,0,4,1,42" ten="363,181,253,203" oya="2" hai0="85,63,7,78,117,127,134,36,120,10,54,72,0" hai1="48,75,106,47,83,93,86,84,135,82,89,41,73" hai2="34,60,3,38,55,40,15,97,71,96,30,69,50" hai3="39,92,121,9,23,31,59,51,25,44,132,11,70"/><V123/><F123/><W1/><G121/><T119/><D120/><U77/><E135/><V80/><F3/><W24/><G70/><T52/><D134/><U21/><E106/><V128/><F128/><W33/><G132/><T74/><D36/><U100/><E100/><V17/><F80/><W35/><G39/><T95/><D127/><U110/><E110/><V124/><F124/><W76/><G76/><T8/><D8/><U130/><E130/><V125/><F125/><W19/><G59/><N who="0" m="35303" /><D54/><U62/><E62/><V115/><F115/><W16/><G92/><T32/><D32/><N who="3" m="12361" /><G44/><T18/><D18/><N who="3" m="6697" /><G51/><T26/><D26/><U67/><E21/><V118/><F38/><W5/><G25/><T91/><D78/><U122/><E122/><V99/><F40/><W27/><G27/><T66/><D66/><U102/><REACH who="1" step="1"/><E67/><REACH who="1" ten="363,171,253,203" step="2"/><V90/><F60/><W113/><G113/><T105/><D105/><U129/><E129/><V45/><F34/><W12/><G11/><T37/><D10/><U22/><E22/><V101/><F101/><W49/><G49/><T61/><D61/><U14/><E14/><AGARI ba="0,1" hai="1,5,9,12,14,23,24,31" m="6697,12361" machi="14" ten="30,12000,2" yaku="35,5,54,1" doraHai="42" who="3" fromWho="1" sc="363,0,171,-120,253,0,203,130" /><INIT seed="3,0,0,0,3,78" ten="363,51,253,333" oya="3" hai0="31,96,46,94,83,98,2,43,26,102,59,4,87" hai1="120,85,124,62,90,28,133,129,14,5,61,115,73" hai2="113,39,67,132,63,13,105,110,121,74,107,47,114" hai3="97,21,42,72,37,44,77,18,100,22,68,79,101"/><W134/><G68/><T125/><D125/><U64/><E124/><V12/><F110/><W34/><G34/><T119/><D119/><U35/><E115/><V70/><F13/><W86/><G134/><T118/><D118/><U24/><E120/><V130/><F12/><W3/><G3/><T30/><D59/><U17/><E133/><V6/><F6/><W52/><G72/><T11/><D96/><U10/><E129/><V40/><F132/><W45/><G22/><T49/><D26/><U48/><E73/><V104/><F130/><W58/><G45/><T56/><D56/><U95/><E64/><V15/><F15/><W9/><G9/><T135/><D135/><U53/><E5/><V41/><F121/><W50/><G100/><T103/><D103/><U91/><E91/><AGARI ba="0,0" hai="2,4,11,30,31,43,46,49,83,87,91,94,98,102" machi="91" ten="30,2000,0" yaku="7,1,52,1" doraHai="78" who="0" fromWho="1" sc="363,20,51,-20,253,0,333,0" owari="383,48.3,31,-46.9,253,-14.7,333,13.3" /></mjloggm>