<mjloggm ver="2.3"><GO type="225" lobby="0"/><UN n0="%E8%90%BD%E6%97%A5" n1="%E6%A1%9C%E8%8A%B1%E9%96%83%E3%80%85" n2="%E6%9D%B1%E9%A2%A8%E3%81%AE%E3%81%8D%E3%82%83%E3%81%B7%E3%81%95%E3%82%93" n3="%E3%81%8B%E3%81%9F%32%36%E3%82%8A" dan="16,16,17,16" rate="2156.05,2211.68,2197.45,2113.94" sx="F,M,M,M"/><TAIKYOKU oya="0"/><INIT seed="0,0,0,3,1,111" ten="250,250,250,250" oya="0" hai0="101,72,131,34,3,113,130,47,80,62,5,64,70" hai1="36,92,23,120,2,53,31,122,61,68,88,54,26" hai2="95,94,24,132,74,46,20,107,105,0,41,102,45" hai3="65,93,39,114,37,44,119,19,110,16,15,51,86"/><T1/><D101/><U104/><E104/><V7/><F74/><W67/><G119/><T29/><D47/><U79/><E2/><N who="0" m="521" /><D5/><U85/><E36/><V96/><F132/><W97/><G110/><T60/><D60/><U123/><REACH who="1" step="1"/><E79/><REACH who="1" ten="250,240,250,250" step="2"/><V35/><F107/><W100/><G37/><T55/><D55/><U112/><E112/><V135/><F105/><W11/><G39/><T89/><D113/><U103/><E103/><V12/><F0/><W71/><G114/><T66/><D89/><U38/><E38/><V116/><F135/><W98/><G71/><T90/><D90/><U77/><E77/><V108/><F116/><W52/><G86/><T33/><D66/><AGARI ba="0,1" hai="23,26,31,53,54,61,66,68,85,88,92,120,122,123" machi="66" ten="40,2600,0" yaku="1,1,54,1,53,0" doraHai="111" doraHaiUra="78" who="1" fromWho="0" sc="250,-26,240,36,250,0,250,0" /><INIT seed="1,0,0,0,2,80" ten="224,276,250,250" oya="1" hai0="101,30,52,11,56,33,51,82,127,4,29,28,85" hai1="6,18,119,108,60,106,126,16,12,35,25,105,50" hai2="53,54,121,74,13,131,64,10,26,87,72,47,8" hai3="103,34,122,98,9,19,69,118,77,58,113,83,24"/><U31/><E119/><V49/><F121/><W45/><G69/><T117/><D117/><U37/><E37/><V46/><F131/><W96/><G118/><T135/><D127/><U73/><E73/><V102/><F64/><W93/><G122/><T57/><D135/><U21/><E126/><V20/><F102/><W65/><G113/><T90/><D101/><U111/><E60/><V7/><F8/><W38/><G34/><T27/><REACH who="0" step="1"/><D57/><REACH who="0" ten="214,276,250,250" step="2"/><U84/><E106/><V39/><F87/><W89/><G45/><T75/><D75/><U76/><E105/><V92/><F92/><N who="3" m="58759" /><G38/><T109/><D109/><U95/><E95/><V91/><F91/><W125/><G125/><T67/><D67/><U107/><E107/><V66/><F66/><W61/><G24/><T132/><D132/><U63/><E84/><V40/><REACH who="2" step="1"/><F54/><REACH who="2" ten="214,276,240,250" step="2"/><W100/><G100/><T41/><D41/><U86/><E86/><V15/><F15/><AGARI ba="0,2" hai="4,11,15,27,28,29,30,33,51,52,56,82,85,90" machi="15" ten="30,7700,0" yaku="1,1,7,1,52,1,54,1,53,0" doraHai="80" doraHaiUra="128" who="0" fromWho="2" sc="214,97,276,0,240,-77,250,0" /><INIT seed="2,0,0,0,1,126" ten="311,276,163,250" oya="2" hai0="59,68,127,112,66,46,15,55,51,110,14,8,23" hai1="105,2,57,96,27,76,132,16,74,69,42,6,104" hai2="101,109,78,54,83,130,58,36,99,37,24,21,25" hai3="72,89,114,86,102,4,88,117,48,124,19,125,133"/><V90/><F109/><W87/><G117/><T29/><D112/><U95/><E69/><V93/><F101/><W50/><G133/><T106/><D106/><U98/><E42/><V62/><F130/><W79/><G4/><T28/><D127/><N who="3" m="48713" /><G114/><T39/><D110/><U113/><E113/><V91/><F91/><N who="3" m="34891" /><G102/><T38/><D68/><U92/><E57/><V9/><F9/><W61/><G61/><N who="0" m="38207" /><D39/><U107/><E16/><V82/><F82/><N who="3" m="45415" /><G19/><N who="0" m="10743" /><D38/><U3/><E6/><AGARI ba="0,0" hai="6,8,15,28,29,46,51,55" m="10743,38207" machi="6" ten="30,1000,0" yaku="8,1" doraHai="126" who="0" fromWho="1" sc="311,10,276,-10,163,0,250,0" /><INIT seed="3,0,0,1,2,91" ten="321,266,163,250" oya="3" hai0="80,45,33,105,87,130,78,53,47,42,117,51,8" hai1="98,62,56,77,50,121,74,73,58,0,70,64,54" hai2="27,12,135,10,97,69,43,89,52,90,109,79,125" hai3="48,102,57,32,41,4,19,85,96,106,88,2,59"/><W110/><G32/><T134/><D117/><U132/><E0/><V31/><F69/><W119/><G119/><T55/><D105/><U1/><E1/><V22/><F135/><W83/><G110/><T6/><D134/><U25/><E132/><V84/><F109/><W93/><G2/><T86/><D130/><U118/><E118/><V115/><F115/><W24/><G4/><T66/><D33/><U95/><E121/><V101/><F125/><W82/><G106/><T28/><D28/><U61/><E25/><V3/><F43/><W37/><G37/><T38/><D66/><U17/><E17/><V107/><F3/><W63/><G82/><T49/><D8/><U131/><E77/><V113/><F113/><W60/><G41/><T36/><D6/><U128/><E50/><V103/><F103/><W122/><G122/><T133/><D133/><U23/><E23/><V124/><F124/><W11/><G48/><T40/><D86/><U129/><REACH who="1" step="1"/><E70/><REACH who="1" ten="321,256,163,250" step="2"/><V92/><F79/><W9/><G60/><T18/><D18/><U108/><E108/><V34/><F34/><W76/><G76/><T29/><D29/><U72/><E72/><V5/><REACH who="2" step="1"/><F90/><AGARI ba="0,1" hai="54,56,58,61,62,64,73,74,90,95,98,128,129,131" machi="90" ten="40,5200,0" yaku="1,1,19,1,52,1,53,0" doraHai="91" doraHaiUra="100" who="1" fromWho="2" sc="321,0,256,62,163,-52,250,0" owari="321,42.1,318,11.8,111,-38.9,250,-15.0" /></mjloggm>