<mjloggm ver="2.3"><GO type="225" lobby="0"/><UN n0="%61%67%65%48%61" n1="%E3%82%B0%E3%83%AA%E3%82%B0%E3%83%AA%E6%A3%92" n2="%E3%81%99%E3%81%84%E3%81%BE%E3%81%9B%E3%83%BC%E3%82%93" n3="%E4%B8%AD%E5%B9%B4%E3%81%AE%E5%8D%B1%E6%A9%9F" dan="16,16,16,17" rate="2041.63,2121.59,2086.06,2220.94" sx="M,M,M,M"/><TAIKYOKU oya="0"/><INIT seed="0,0,0,3,2,51" ten="250,250,250,250" oya="0" hai0="16,69,128,1,77,85,125,98,12,18,10,40,68" hai1="75,93,28,80,39,44,45,36,115,124,53,111,17" hai2="2,14,34,131,0,103,126,64,21,8,47,92,118" hai3="97,122,113,19,30,22,130,63,112,33,89,105,120"/><T123/><D123/><N who="3" m="47145" /><G30/><T48/><D1/><U81/><E28/><V78/><F34/><W27/><G33/><T114/><D114/><U67/><E67/><V119/><F126/><W133/><G133/><T66/><D125/><U109/><E124/><V60/><F131/><W88/><G130/><T82/><D128/><U29/><E29/><V65/><F78/><W135/><G135/><T6/><D66/><U15/><E93/><V35/><F21/><W101/><G63/><T46/><REACH who="0" step="1"/><D98/><REACH who="0" ten="240,250,250,250" step="2"/><U52/><E115/><AGARI ba="0,1" hai="19,22,27,88,89,97,101,105,112,113,115" m="47145" machi="115" ten="30,2000,0" yaku="13,1,54,1" doraHai="51" who="3" fromWho="1" sc="240,0,250,-20,250,0,250,30" /><INIT seed="1,0,0,1,1,48" ten="240,230,250,280" oya="1" hai0="11,32,115,105,93,75,17,56,99,111,80,87,29" hai1="126,69,112,119,122,44,22,98,79,66,64,62,34" hai2="28,27,7,54,19,107,38,70,31,77,121,6,15" hai3="89,37,109,106,49,42,14,127,134,2,12,3,120"/><U26/><E119/><V33/><F107/><W65/><G37/><T116/><D116/><U16/><E122/><V43/><F70/><W81/><G120/><T91/><D115/><U72/><E112/><V50/><F121/><W10/><G106/><T51/><D111/><U20/><E126/><V78/><F28/><W132/><G109/><T131/><D131/><U13/><E34/><V97/><F97/><W52/><G65/><T74/><D105/><U113/><E113/><V129/><F129/><W123/><G42/><T61/><D29/><U8/><E66/><V92/><F92/><W94/><G81/><T57/><D32/><U128/><E128/><V59/><F43/><W35/><G35/><T18/><D51/><U1/><E1/><V71/><F38/><W86/><G127/><T23/><D11/><U45/><E98/><V95/><F95/><W41/><G41/><T85/><D87/><U125/><E22/><V21/><REACH who="2" step="1"/><F71/><REACH who="2" ten="240,230,240,280" step="2"/><W53/><G123/><T25/><D18/><U0/><E125/><V135/><F135/><N who="3" m="51755" /><G2/><T83/><D83/><U63/><E0/><V76/><AGARI ba="0,1" hai="6,7,15,19,21,27,31,33,50,54,59,76,77,78" machi="76" ten="30,4000,0" yaku="1,1,0,1,52,1,53,0" doraHai="48" doraHaiUra="124" who="2" fromWho="2" sc="240,-10,230,-20,240,50,280,-10" /><INIT seed="2,0,0,5,4,116" ten="230,210,290,270" oya="2" hai0="12,9,39,81,1,17,44,104,127,57,63,53,65" hai1="102,19,55,14,21,48,22,132,85,115,134,125,42" hai2="69,114,35,5,130,70,101,29,92,129,133,106,46" hai3="3,131,78,108,124,51,86,6,37,62,83,59,93"/><V26/><F114/><W84/><G37/><T95/><D104/><U90/><E115/><V15/><F106/><W119/><G119/><T40/><D127/><U64/><E125/><V112/><F112/><W118/><G118/><T100/><D81/><U0/><E0/><V128/><F133/><W36/><G36/><T97/><REACH who="0" step="1"/><D1/><REACH who="0" ten="220,210,290,270" step="2"/><U43/><E64/><AGARI ba="0,1" hai="9,12,17,39,40,44,53,57,63,64,65,95,97,100" machi="64" ten="40,5200,0" yaku="1,1,2,1,53,1" doraHai="116" doraHaiUra="68" who="0" fromWho="1" sc="220,62,210,-52,290,0,270,0" /><INIT seed="3,0,0,4,5,16" ten="282,158,290,270" oya="3" hai0="85,71,4,107,7,34,26,11,76,47,67,13,113" hai1="15,119,2,53,20,127,116,134,74,49,122,0,40" hai2="46,28,63,88,73,108,65,18,24,14,112,54,117" hai3="41,104,87,121,37,33,62,31,30,3,109,97,94"/><W32/><G3/><T98/><D113/><U118/><E74/><V25/><F112/><W56/><G121/><T6/><D47/><U55/><E122/><V123/><F117/><W120/><G120/><T106/><D76/><U43/><E127/><V103/><F73/><W45/><G104/><T100/><D106/><U115/><E115/><V126/><F103/><W48/><G37/><T5/><D85/><U111/><E111/><V58/><F108/><W91/><G109/><T9/><D9/><U102/><E102/><V61/><F126/><W81/><G32/><T21/><D34/><U135/><E15/><V114/><F114/><W99/><G33/><T77/><D77/><U95/><E95/><V42/><F28/><W125/><G125/><T17/><D67/><U51/><E119/><V39/><F88/><N who="3" m="55495" /><G99/><T44/><D44/><U59/><REACH who="1" step="1"/><E59/><REACH who="1" ten="282,148,290,270" step="2"/><V38/><F123/><W68/><G68/><T19/><D19/><U128/><E128/><V133/><F18/><W86/><G86/><T52/><D71/><U130/><E130/><V129/><F129/><W50/><G50/><T84/><D13/><U90/><E90/><V35/><F14/><W92/><G92/><T83/><D107/><U72/><E72/><V101/><F39/><W124/><G124/><T78/><D100/><U70/><E70/><V66/><F101/><W8/><G8/><T96/><D11/><U64/><E64/><AGARI ba="0,1" hai="30,31,41,45,48,56,62,64,81,87,91" m="55495" machi="64" ten="30,2900,0" yaku="8,1,54,1" doraHai="16" who="3" fromWho="1" sc="282,0,148,-29,290,0,270,39" owari="282,-11.8,119,-38.1,290,9.0,309,40.9" /></mjloggm>