<mjloggm ver="2.3"><GO type="225" lobby="0"/><UN n0="%72%65%6E%6B%75%6E" n1="%E9%B3%B3%E6%9D%B1%E3%81%AE%E3%81%86%E3%81%95%E3%81%8E%E3%81%95%E3%82%93" n2="%E3%81%B5%E3%81%98%E3%81%8B%E3%81%A4" n3="%E3%81%86%E3%81%A9%E3%82%93%E3%81%93" dan="17,17,16,16" rate="2224.03,2281.47,2187.95,2184.91" sx="M,M,M,M"/><TAIKYOKU oya="0"/><BYE who="1" /><UN n1="%E9%B3%B3%E6%9D%B1%E3%81%AE%E3%81%86%E3%81%95%E3%81%8E%E3%81%95%E3%82%93" /><INIT seed="0,0,0,3,3,67" ten="250,250,250,250" oya="0" hai0="75,18,107,59,93,94,128,89,21,117,31,3,84" hai1="78,131,77,12,53,46,48,40,69,65,14,57,30" hai2="62,13,104,23,83,123,118,36,111,63,106,35,4" hai3="56,15,129,96,70,115,33,125,124,10,79,110,73"/><T26/><D117/><U8/><E131/><V25/><F123/><W68/><G115/><T58/><D128/><U9/><E30/><V66/><F36/><W119/><G119/><T7/><D107/><U98/><E98/><V99/><F118/><W80/><G129/><T101/><D75/><U45/><E65/><V24/><F111/><W134/><G110/><T116/><D116/><U32/><E32/><V5/><F83/><W34/><G134/><T71/><D71/><N who="3" m="27177" /><G56/><N who="0" m="21547" /><D3/><U20/><E20/><V17/><F63/><W113/><G96/><N who="0" m="59543" /><D7/><N who="1" m="3103" /><E69/><V64/><F62/><W88/><G88/><T28/><AGARI ba="0,0" hai="18,21,26,28,31,84,89,93" m="59543,21547" machi="28" ten="30,1500,0" yaku="8,1" doraHai="67" who="0" fromWho="0" sc="250,15,250,-5,250,-5,250,-5" /><INIT seed="0,1,0,0,4,84" ten="265,245,245,245" oya="0" hai0="21,124,86,123,71,10,77,7,20,6,118,35,14" hai1="69,41,9,56,43,61,79,38,33,32,47,60,78" hai2="80,87,120,115,127,100,15,91,17,42,36,76,134" hai3="52,119,106,4,23,81,8,82,88,89,5,54,74"/><T92/><D35/><U133/><E133/><V101/><F115/><W66/><G119/><T95/><D71/><U62/><E32/><V128/><F120/><W31/><G106/><T3/><D123/><U97/><E33/><V131/><F36/><W108/><G108/><T58/><D118/><U13/><E69/><V107/><F42/><W39/><G39/><T114/><D114/><U57/><E41/><V113/><F113/><W44/><G66/><T63/><D124/><U117/><E117/><V96/><F134/><W99/><G74/><T12/><D3/><U126/><E126/><V109/><F127/><W24/><G54/><T90/><D77/><U83/><E97/><N who="2" m="61871" /><F15/><N who="3" m="5511" /><G5/><N who="0" m="3151" /><D92/><U30/><E30/><V1/><F17/><W111/><G111/><T55/><D20/><U19/><REACH who="1" step="1"/><E78/><REACH who="1" ten="265,235,245,245" step="2"/><V59/><F109/><W27/><G27/><T53/><D53/><U37/><E37/><V75/><F59/><W34/><G34/><T49/><D63/><U85/><AGARI ba="1,1" hai="9,13,19,38,43,47,56,57,60,61,62,79,83,85" machi="85" ten="30,2000,0" yaku="1,1,0,1,53,0" doraHai="84" doraHaiUra="98" who="1" fromWho="1" sc="265,-11,235,33,245,-6,245,-6" /><INIT seed="1,0,0,0,1,27" ten="254,268,239,239" oya="1" hai0="1,5,49,65,84,47,43,134,76,80,20,83,25" hai1="69,110,119,12,11,120,8,67,70,18,52,89,118" hai2="98,45,36,55,112,132,31,54,81,109,94,86,60" hai3="97,30,56,121,64,9,15,39,129,26,107,108,90"/><U74/><E120/><V104/><F104/><W122/><G108/><T38/><D134/><U91/><E74/><V135/><F109/><W72/><G72/><T14/><D65/><U99/><E110/><V41/><F112/><W68/><G68/><T95/><D1/><U113/><E113/><V115/><F115/><W85/><G39/><T93/><D38/><U58/><E67/><V59/><F55/><W62/><G129/><T125/><D80/><U48/><E11/><V126/><F126/><W7/><G97/><T75/><D75/><U130/><E130/><V103/><REACH who="2" step="1"/><F31/><REACH who="2" ten="254,268,229,239" step="2"/><W71/><G107/><T116/><D125/><U29/><E29/><V22/><F22/><W124/><G124/><T40/><D40/><U87/><E119/><V3/><F3/><W114/><G114/><T101/><D116/><U10/><E118/><V77/><AGARI ba="0,1" hai="36,41,45,54,59,60,77,81,86,94,98,103,132,135" machi="77" ten="30,2000,0" yaku="1,1,0,1,53,0" doraHai="27" doraHaiUra="23" who="2" fromWho="2" sc="254,-5,268,-10,229,30,239,-5" /><INIT seed="2,0,0,5,4,114" ten="249,258,259,234" oya="2" hai0="111,76,74,86,67,57,117,110,21,127,82,2,122" hai1="93,63,102,7,96,60,113,81,131,30,78,133,40" hai2="41,47,10,107,69,94,14,15,91,48,109,98,64" hai3="37,97,112,9,56,101,62,16,84,8,24,119,99"/><V83/><F107/><W53/><G112/><T43/><D122/><U4/><E113/><V32/><F32/><W38/><G119/><T80/><D2/><U59/><E131/><V26/><F109/><N who="0" m="41482" /><D43/><U72/><E133/><V79/><F26/><W39/><G84/><T70/><D70/><U116/><E116/><V50/><F69/><W132/><G132/><T29/><D117/><U123/><E123/><V130/><F130/><W27/><G99/><T134/><D134/><U103/><E103/><V58/><F64/><W118/><G118/><T85/><D127/><U51/><E30/><V68/><F68/><W54/><G54/><T129/><D129/><U18/><E18/><V121/><F121/><W120/><G120/><T90/><D57/><U42/><E60/><V28/><F28/><W92/><REACH who="3" step="1"/><G27/><REACH who="3" ten="249,258,259,224" step="2"/><N who="0" m="16623" /><D67/><N who="1" m="39423" /><E72/><AGARI ba="0,1" hai="72,74,76,80,82,85,86,90" m="16623,41482" machi="72" ten="30,1000,0" yaku="14,1" doraHai="114" who="0" fromWho="1" sc="249,20,258,-10,259,0,224,0" /><INIT seed="3,0,0,4,0,11" ten="269,248,259,224" oya="3" hai0="51,81,5,59,0,91,36,15,115,74,22,133,126" hai1="124,128,117,60,20,108,17,58,90,103,50,102,88" hai2="101,114,94,135,84,96,28,83,104,67,73,39,21" hai3="47,48,55,111,38,27,79,3,65,113,123,52,72"/><W14/><G3/><T2/><D36/><U57/><E108/><V107/><F114/><W86/><G123/><T77/><D115/><U32/><E128/><V35/><F35/><W54/><G72/><T69/><D69/><U16/><E124/><V63/><F39/><W37/><G113/><T131/><D126/><U8/><E32/><V82/><F135/><W121/><G111/><T64/><D131/><U68/><E117/><V7/><F7/><W80/><G121/><T85/><D133/><U75/><E75/><V62/><F62/><W41/><G65/><T70/><D70/><U33/><E33/><V44/><F44/><W30/><REACH who="3" step="1"/><G14/><REACH who="3" ten="269,248,259,214" step="2"/><T18/><D64/><N who="1" m="38927" /><E68/><V53/><F67/><W95/><G95/><N who="0" m="54767" /><D5/><U24/><E103/><V118/><F118/><W1/><G1/><T26/><D26/><U25/><E102/><V66/><F66/><W40/><G40/><T132/><D132/><U110/><E110/><V71/><F73/><W89/><G89/><N who="1" m="34410" /><E24/><N who="2" m="16399" /><F107/><W120/><G120/><T12/><D12/><U127/><E127/><V76/><F71/><W98/><G98/><T43/><D43/><U4/><E4/><V105/><F105/><W99/><G99/><T100/><D100/><U9/><E17/><V34/><F104/><W6/><G6/><T23/><D0/><U29/><E16/><V119/><F119/><W49/><G49/><T45/><D2/><U31/><E31/><V125/><F125/><W130/><G130/><T46/><D18/><U87/><E87/><V42/><F84/><W122/><G122/><T61/><D74/><U93/><E93/><RYUUKYOKU ba="0,1" sc="269,-15,248,15,259,-15,214,15" hai1="8,9,20,25,29,50,58" hai3="27,30,37,38,41,47,48,52,54,55,79,80,86" /><INIT seed="3,1,1,0,2,22" ten="254,263,244,229" oya="3" hai0="96,102,128,53,26,79,105,31,109,103,121,47,133" hai1="132,38,58,23,86,54,90,21,25,83,16,59,17" hai2="1,20,69,122,11,72,108,111,129,65,24,130,125" hai3="67,8,131,71,40,55,101,84,135,74,107,33,43"/><W45/><G74/><T81/><D121/><U12/><E132/><V9/><F72/><W36/><G135/><T98/><D133/><U68/><E68/><V50/><F69/><W112/><G112/><T42/><D109/><N who="2" m="42058" /><F65/><W115/><G115/><T60/><D128/><N who="2" m="49258" /><F50/><W46/><G131/><T97/><D53/><U18/><E38/><V78/><F78/><W64/><G33/><T39/><D60/><N who="1" m="35927" /><E59/><V4/><F122/><W94/><G55/><T29/><D29/><AGARI ba="1,1" hai="12,16,17,18,21,23,25,29,83,86,90" m="35927" machi="29" ten="30,3900,0" yaku="8,1,52,1,54,1" doraHai="22" who="1" fromWho="0" sc="254,-42,263,52,244,0,229,0" owari="212,-28.8,315,41.5,244,4.4,229,-17.1" /></mjloggm>