<mjloggm ver="2.3"><GO type="225" lobby="0"/><UN n0="%4B%2E%32%2E%4B%2E" n1="%E3%81%86%E3%83%BC%E3%81%B1%E3%83%BC" n2="%6E%69%63%6B%6C%6F%77" n3="%E5%AE%AE%E4%BF%9D%E9%B6%8F%E8%82%89" dan="16,16,16,16" rate="2068.11,2147.60,2126.79,2117.63" sx="M,F,F,M"/><TAIKYOKU oya="0"/><INIT seed="0,0,0,2,5,5" ten="250,250,250,250" oya="0" hai0="116,30,121,79,110,131,124,37,85,97,44,57,48" hai1="104,77,95,92,112,4,109,13,2,96,111,19,80" hai2="115,129,83,7,125,128,99,107,20,42,33,90,18" hai3="11,21,73,75,67,3,17,9,32,114,59,69,31"/><T101/><D116/><U93/><E112/><V66/><F115/><W117/><G114/><T52/><D121/><U60/><E60/><V24/><F66/><W41/><G69/><T23/><D124/><U63/><E63/><V0/><F125/><W94/><G41/><T74/><D131/><U120/><E120/><V56/><F56/><W126/><G126/><T45/><D74/><U135/><E135/><V82/><F42/><W122/><G117/><T50/><D37/><U12/><E2/><V10/><F33/><W28/><G122/><T118/><D118/><U47/><E47/><V49/><F49/><W130/><G3/><T43/><D110/><N who="1" m="41995" /><E4/><V39/><F39/><W84/><G32/><T119/><D119/><U61/><E61/><V72/><F72/><W102/><G73/><T89/><D79/><U106/><E12/><V113/><F113/><W76/><G75/><T46/><D23/><N who="1" m="11759" /><E96/><V36/><F36/><W38/><G38/><T134/><D30/><N who="3" m="11305" /><G67/><T81/><REACH who="0" step="1"/><D134/><REACH who="0" ten="240,250,250,250" step="2"/><U26/><E26/><V14/><F129/><W8/><G130/><T108/><D108/><U70/><E70/><V103/><F128/><W1/><G76/><T123/><D123/><U15/><E15/><V53/><F0/><W51/><G1/><T64/><D64/><U86/><AGARI ba="0,1" hai="77,80,86,92,93,95,104,106" m="11759,41995" machi="86" ten="30,1100,0" yaku="14,1" doraHai="5" who="1" fromWho="1" sc="240,-5,250,21,250,-3,250,-3" /><INIT seed="1,0,0,2,3,3" ten="235,271,247,247" oya="1" hai0="102,39,73,124,31,6,21,72,44,2,60,97,92" hai1="64,32,12,15,123,13,84,16,49,130,82,68,26" hai2="113,127,14,109,56,126,95,28,27,83,79,89,76" hai3="45,57,107,40,121,53,24,55,81,128,85,48,101"/><U116/><E123/><V78/><F56/><W58/><G121/><T135/><D135/><U106/><E106/><V133/><F133/><W91/><G128/><T131/><D131/><U88/><E116/><V1/><F1/><W38/><G107/><T20/><D124/><N who="2" m="47658" /><F109/><W23/><G101/><T112/><D112/><U17/><E130/><V117/><F117/><W8/><G8/><T29/><D60/><U36/><E36/><V90/><F14/><W19/><G53/><T134/><D134/><U100/><E100/><V99/><F27/><W42/><G42/><T75/><D39/><U34/><E49/><V66/><F66/><W110/><G110/><T105/><D44/><AGARI ba="0,0" hai="19,23,24,38,40,44,45,48,55,57,58,81,85,91" machi="44" ten="30,1000,0" yaku="7,1" doraHai="3" who="3" fromWho="0" sc="235,-10,271,0,247,0,247,10" /><INIT seed="2,0,0,3,0,72" ten="225,271,247,257" oya="2" hai0="12,74,11,126,78,107,99,14,48,117,111,58,127" hai1="96,3,93,83,85,15,114,104,32,102,28,52,9" hai2="90,120,131,5,123,25,54,115,135,75,26,95,89" hai3="34,43,121,29,91,24,0,92,50,46,79,67,71"/><V38/><F115/><W113/><G121/><T20/><D111/><U60/><E3/><V133/><F75/><W65/><G113/><T112/><D112/><U98/><E114/><V94/><F54/><W68/><G0/><T16/><D117/><U8/><E32/><V108/><F38/><W101/><G101/><N who="0" m="62911" /><D58/><N who="1" m="34887" /><E104/><V57/><F57/><W40/><G40/><T109/><D48/><U103/><E28/><V33/><F33/><W7/><G7/><N who="0" m="3199" /><D74/><U134/><E134/><N who="2" m="51211" /><F5/><W2/><G2/><T129/><D109/><U37/><E37/><V47/><F47/><W49/><G49/><T128/><D78/><N who="1" m="46327" /><E8/><V39/><F131/><AGARI ba="0,0" hai="14,16,20,126,127,128,129,131" m="3199,62911" machi="131" ten="30,2000,0" yaku="19,1,54,1" doraHai="72" who="0" fromWho="2" sc="225,20,271,0,247,-20,257,0" /><INIT seed="3,0,0,0,0,84" ten="245,271,227,257" oya="3" hai0="117,12,33,53,28,98,69,13,10,85,97,59,81" hai1="110,133,4,61,67,1,96,135,111,73,21,45,114" hai2="44,14,63,23,103,31,48,29,6,36,108,130,131" hai3="129,113,102,15,64,68,20,119,42,99,50,41,132"/><W46/><G113/><T71/><D117/><U87/><E73/><V47/><F108/><N who="1" m="41513" /><E114/><V24/><F103/><W35/><G119/><T9/><D28/><U125/><E125/><V116/><F116/><W75/><G35/><T77/><D33/><U66/><E96/><V3/><F31/><W86/><G75/><T112/><D112/><U80/><E21/><V121/><F121/><W128/><G132/><N who="1" m="50762" /><E45/><V118/><F118/><W17/><G99/><T123/><D123/><U122/><E122/><V76/><F76/><W94/><G46/><T62/><D97/><U55/><E55/><V11/><F36/><W104/><G20/><T89/><D98/><U8/><E61/><V120/><F120/><W107/><G107/><T43/><D43/><U52/><E52/><V106/><F106/><W126/><G42/><T124/><D124/><U56/><E56/><V32/><F63/><W0/><G41/><T100/><D71/><U91/><AGARI ba="0,0" hai="1,4,8,66,67,80,87,91" m="50762,41513" machi="91" ten="30,4000,0" yaku="14,1,20,1,52,1" doraHai="84" who="1" fromWho="1" sc="245,-10,271,40,227,-10,257,-20" owari="235,-16.5,311,41.1,217,-28.3,237,3.7" /></mjloggm>