<mjloggm ver="2.3"><GO type="225" lobby="0"/><UN n0="%E3%81%AA%E3%82%81%E3%81%93%E9%9B%80%E5%A3%AB" n1="%E4%BA%BA%E9%96%93%E3%83%81%E3%83%A3%E3%83%BC%E3%83%8F%E3%83%B3" n2="%E6%B8%A1%E5%A4%A9%E8%97%8D" n3="%E5%8D%A0%E3%81%84%E5%B8%AB%E8%A3%8F%E3%81%AA%E3%81%84%E3%81%97" dan="16,16,16,17" rate="2027.84,2128.74,2103.25,2166.24" sx="M,M,M,M"/><TAIKYOKU oya="0"/><INIT seed="0,0,0,0,2,99" ten="250,250,250,250" oya="0" hai0="103,106,61,97,112,22,16,84,65,66,77,130,107" hai1="2,10,67,79,72,95,83,13,31,109,128,113,11" hai2="78,54,60,15,105,69,35,133,42,9,37,131,52" hai3="100,33,114,20,98,49,82,120,104,48,80,51,45"/><T92/><D112/><U44/><E113/><V108/><F35/><W88/><G114/><T68/><D130/><U4/><E128/><V41/><F131/><W28/><G33/><T23/><D23/><U115/><E115/><V58/><F69/><W47/><G120/><T102/><D66/><U122/><E122/><V94/><F105/><W129/><G129/><T64/><D64/><U85/><E109/><V87/><F108/><W96/><G80/><T18/><D103/><U63/><E31/><V40/><F133/><W127/><G127/><T53/><D53/><U86/><E44/><V27/><F27/><W39/><G39/><T57/><D68/><U76/><E95/><V14/><F37/><W125/><G125/><T7/><D7/><U36/><E36/><V46/><F9/><W55/><G55/><T8/><D8/><U89/><E89/><N who="2" m="53567" /><F78/><W1/><G1/><T124/><D124/><U17/><REACH who="1" step="1"/><E76/><REACH who="1" ten="250,240,250,250" step="2"/><V43/><F43/><W93/><REACH who="3" step="1"/><G82/><REACH who="3" ten="250,240,250,240" step="2"/><T30/><D77/><U118/><E118/><V116/><F116/><W34/><G34/><T123/><D123/><U74/><E74/><V117/><F117/><W0/><G0/><T21/><D84/><U32/><E32/><V75/><F75/><W12/><G12/><N who="0" m="9351" /><D18/><U56/><AGARI ba="0,2" hai="2,4,10,11,13,17,56,63,67,72,79,83,85,86" machi="56" ten="20,8000,1" yaku="1,1,0,1,7,1,53,2" doraHai="99" doraHaiUra="81" who="1" fromWho="1" sc="250,-40,240,100,250,-20,240,-20" /><INIT seed="1,0,0,5,5,40" ten="210,340,230,220" oya="1" hai0="80,90,57,128,88,29,89,111,55,35,8,27,130" hai1="126,18,41,49,87,64,96,67,122,25,121,23,4" hai2="42,63,109,22,14,105,103,5,52,123,135,134,113" hai3="86,73,38,76,120,70,44,133,117,6,85,99,61"/><U79/><E126/><V81/><F123/><W106/><G120/><T98/><D111/><U94/><E121/><V15/><F109/><W9/><G133/><N who="2" m="50697" /><F113/><W104/><G117/><T30/><D30/><U65/><E122/><V82/><F42/><N who="3" m="22615" /><G85/><T75/><D8/><U36/><E36/><V62/><F62/><W131/><G86/><T58/><D98/><U93/><E4/><V1/><F1/><N who="3" m="207" /><G99/><T74/><D74/><U46/><REACH who="1" step="1"/><E96/><REACH who="1" ten="210,330,230,220" step="2"/><V114/><F5/><W32/><G131/><N who="0" m="50219" /><D55/><U3/><E3/><V59/><F114/><W21/><G32/><T100/><D100/><U43/><E43/><V84/><F103/><W92/><G92/><T132/><D132/><U53/><E53/><V91/><F105/><W39/><G39/><T19/><D19/><U127/><E127/><V13/><F22/><W33/><G21/><T54/><D54/><U101/><E101/><V66/><F66/><N who="3" m="41295" /><G33/><T118/><D118/><U108/><E108/><V11/><F82/><AGARI ba="0,1" hai="73,76,82,104,106" m="41295,207,22615" machi="82" ten="30,7700,0" yaku="25,1,33,2,52,1" doraHai="40" who="3" fromWho="2" sc="210,0,330,0,230,-77,220,87" /><AGARI ba="0,0" hai="18,23,25,41,46,49,64,65,67,79,82,87,93,94" machi="82" ten="40,7700,0" yaku="1,1,8,1,52,1,53,0" doraHai="40" doraHaiUra="24" who="1" fromWho="2" sc="210,0,330,77,153,-77,307,0" /><INIT seed="1,1,0,2,0,4" ten="210,407,76,307" oya="1" hai0="69,45,48,66,41,2,133,92,94,29,82,121,116" hai1="110,87,43,57,113,128,98,120,61,38,36,44,109" hai2="72,22,125,15,76,102,16,65,5,81,127,90,62" hai3="47,68,70,21,23,59,64,100,104,67,30,79,105"/><U134/><E120/><V37/><F37/><N who="1" m="14441" /><E87/><V26/><F102/><W132/><G100/><T55/><D133/><U12/><E12/><V53/><F53/><W123/><G132/><T49/><D116/><U130/><E98/><V88/><F5/><W33/><G123/><T14/><D2/><U114/><E134/><V131/><F131/><N who="1" m="50217" /><E44/><V40/><F40/><W50/><G47/><T112/><D45/><U56/><E43/><V108/><F26/><W91/><G79/><T80/><D14/><U20/><E20/><V46/><F46/><W11/><G33/><T86/><D86/><U115/><E57/><V34/><F108/><W10/><G59/><T111/><D111/><U52/><AGARI ba="1,0" hai="52,56,61,109,110,113,114,115" m="50217,14441" machi="52" ten="50,12000,1" yaku="19,1,34,2,54,1" doraHai="4" who="1" fromWho="1" sc="210,-41,407,123,76,-41,307,-41" /><INIT seed="1,2,0,0,5,132" ten="169,530,35,266" oya="1" hai0="12,102,42,72,0,37,98,17,32,114,123,96,91" hai1="11,130,103,125,56,79,78,109,111,105,68,82,108" hai2="53,99,44,113,45,29,134,7,16,40,3,38,28" hai3="121,1,126,116,54,118,87,133,110,92,60,71,51"/><U5/><E68/><V8/><F134/><W131/><G121/><T81/><D114/><U77/><E125/><V80/><F113/><W25/><G1/><T112/><D32/><U66/><E130/><V64/><F64/><N who="3" m="41351" /><G25/><T119/><D0/><U128/><E128/><V55/><F99/><W83/><G131/><T48/><D37/><U75/><E56/><V95/><F95/><W86/><G92/><T39/><D39/><U107/><E66/><V135/><F135/><W74/><G74/><T127/><D119/><N who="3" m="45609" /><G110/><T49/><D98/><N who="1" m="61687" /><E107/><V14/><F80/><W90/><G86/><T13/><D81/><U117/><E117/><V43/><F29/><W61/><G61/><T30/><D30/><U24/><E24/><V104/><F28/><W34/><G34/><T36/><D96/><U21/><E21/><V9/><REACH who="2" step="1"/><F104/><REACH who="2" ten="169,530,25,266" step="2"/><W35/><G133/><T22/><D112/><U10/><E10/><V129/><F129/><W115/><G115/><T89/><D123/><U73/><E73/><V46/><F46/><N who="3" m="28023" /><G35/><T120/><D72/><U67/><E108/><V26/><F26/><W23/><G23/><T84/><D22/><U4/><E109/><V19/><F19/><W33/><G33/><T27/><D17/><U6/><E11/><V65/><F65/><W70/><G70/><T52/><D27/><U100/><E111/><V124/><F124/><W106/><G106/><T20/><D20/><U62/><E67/><V58/><F58/><W122/><G122/><T50/><D120/><U2/><E2/><V76/><F76/><W41/><G126/><T15/><D127/><RYUUKYOKU ba="2,1" sc="169,-15,530,-15,25,15,266,15" hai2="3,7,8,9,14,16,38,40,43,44,45,53,55" hai3="41,83,87,90" /><INIT seed="2,3,1,2,2,97" ten="154,515,40,281" oya="2" hai0="92,11,14,23,131,22,8,127,67,74,59,103,70" hai1="37,110,95,118,115,106,75,94,16,40,85,45,112" hai2="32,25,101,82,111,49,98,19,119,27,20,78,15" hai3="54,135,10,46,99,65,57,39,47,83,133,0,24"/><V73/><F119/><W69/><G83/><T3/><D74/><U117/><E75/><V30/><F111/><W21/><G0/><T81/><D70/><U64/><E106/><V60/><F49/><W79/><G79/><T87/><D3/><U130/><E64/><V38/><F60/><N who="3" m="40103" /><G10/><T42/><D42/><U96/><E130/><V105/><REACH who="2" step="1"/><F25/><REACH who="2" ten="154,515,30,281" step="2"/><W134/><G39/><AGARI ba="3,2" hai="15,19,20,27,30,32,38,39,73,78,82,98,101,105" machi="39" ten="40,12000,1" yaku="1,1,2,1,52,1,53,1" doraHai="97" doraHaiUra="9" who="2" fromWho="3" sc="154,0,515,0,30,149,281,-129" /><INIT seed="2,4,0,3,3,81" ten="154,515,179,152" oya="2" hai0="53,108,22,78,9,123,11,118,61,36,102,23,15" hai1="72,77,99,116,12,14,3,34,0,94,69,74,68" hai2="106,82,5,55,52,6,132,39,49,24,50,18,91" hai3="83,121,7,62,4,120,105,32,33,40,117,47,112"/><V46/><F106/><W60/><G105/><T133/><D123/><U111/><E34/><V80/><F39/><W100/><G112/><T79/><D108/><U122/><E77/><V65/><F65/><W101/><G83/><N who="2" m="31785" /><F132/><W107/><G107/><T27/><D36/><U63/><E74/><V73/><F73/><W125/><G125/><T31/><D102/><U43/><E72/><V128/><F128/><W84/><G47/><T17/><D118/><U104/><E104/><V35/><F35/><W113/><G113/><T58/><D133/><U89/><E68/><V70/><F70/><W109/><G109/><T2/><D2/><U30/><E69/><V131/><F131/><W10/><G10/><AGARI ba="4,0" hai="9,10,11,15,17,22,23,27,31,53,58,61,78,79" machi="10" ten="40,1300,0" yaku="8,1" doraHai="81" who="0" fromWho="3" sc="154,25,515,0,179,0,152,-25" /><INIT seed="3,0,0,5,5,135" ten="179,515,179,127" oya="3" hai0="8,129,85,123,0,88,91,39,107,78,87,131,45" hai1="58,115,67,111,132,124,54,46,18,32,92,125,2" hai2="79,108,86,84,81,48,109,89,24,22,10,52,13" hai3="35,65,42,50,40,127,53,21,23,41,19,55,5"/><W69/><G35/><T113/><D123/><U11/><E32/><V93/><F24/><W114/><G114/><T133/><D107/><U64/><E115/><V6/><REACH who="2" step="1"/><F22/><REACH who="2" ten="179,515,169,127" step="2"/><W1/><G1/><T72/><D113/><U112/><E112/><V43/><F43/><W14/><G5/><T70/><D0/><U90/><E58/><AGARI ba="0,1" hai="6,10,13,48,52,58,79,81,84,86,89,93,108,109" machi="58" ten="40,5200,0" yaku="1,1,54,1,53,1" doraHai="135" doraHaiUra="74" who="2" fromWho="1" sc="179,0,515,-52,169,62,127,0" owari="179,-22.1,463,56.3,231,3.1,127,-37.3" /></mjloggm>