<mjloggm ver="2.3"><GO type="225" lobby="0"/><UN n0="%45%6C%79%73%69%75%6D" n1="%E9%9B%80%E6%A5%B5%E3%81%AE%E3%81%B8" n2="%E8%83%83%E3%81%A8%E8%85%B8" n3="%E3%82%B2%E3%82%B9%E8%8C%82%E5%8B%9D" dan="17,16,17,16" rate="2118.35,2136.48,2217.77,2055.32" sx="F,M,M,F"/><TAIKYOKU oya="0"/><INIT seed="0,0,0,5,1,42" ten="250,250,250,250" oya="0" hai0="97,70,56,69,76,98,58,110,52,57,48,107,34" hai1="101,94,90,62,41,65,118,113,80,53,85,4,7" hai2="130,66,31,127,16,79,114,134,84,6,93,87,32" hai3="0,104,23,43,78,100,45,38,12,116,125,55,109"/><T8/><D34/><U25/><E118/><V96/><F114/><W126/><G116/><T11/><D110/><U5/><E113/><V67/><F127/><N who="3" m="48651" /><G0/><T33/><D33/><U21/><E41/><V120/><F120/><W19/><G78/><T40/><D40/><U14/><E53/><V132/><F6/><W68/><G68/><T99/><D107/><U111/><E111/><V61/><F130/><W74/><G74/><T131/><D131/><U22/><E14/><V20/><F31/><W122/><G109/><T135/><D135/><N who="2" m="51754" /><F32/><W47/><G122/><T82/><D70/><U77/><E101/><N who="2" m="60559" /><F79/><W15/><G15/><T75/><REACH who="0" step="1"/><D69/><REACH who="0" ten="240,250,250,250" step="2"/><U106/><E106/><V81/><F81/><W54/><G104/><T123/><D123/><U30/><E80/><V86/><F61/><W119/><G119/><T71/><D71/><U46/><E62/><V128/><F128/><W13/><G43/><T10/><AGARI ba="0,1" hai="8,10,11,48,52,56,57,58,75,76,82,97,98,99" machi="10" ten="30,6000,0" yaku="1,1,0,1,54,1,53,0" doraHai="42" doraHaiUra="59" who="0" fromWho="0" sc="240,70,250,-20,250,-20,250,-20" /><INIT seed="0,1,0,4,1,46" ten="310,230,230,230" oya="0" hai0="133,56,50,111,128,101,68,40,59,26,130,5,22" hai1="117,24,16,25,104,41,103,127,112,18,83,17,95" hai2="8,79,10,98,81,37,122,85,44,43,123,118,14" hai3="9,74,82,135,15,27,7,38,109,131,13,63,93"/><T84/><D68/><U32/><E117/><V116/><F98/><W94/><G109/><T23/><D111/><U39/><E104/><V99/><F99/><W89/><G38/><T73/><D73/><U21/><E127/><V4/><REACH who="2" step="1"/><F10/><REACH who="2" ten="310,230,220,230" step="2"/><W86/><G135/><T0/><D133/><U77/><E103/><V53/><F53/><W6/><G131/><T126/><D101/><U114/><E112/><V72/><F72/><W71/><G74/><T1/><D126/><U70/><E114/><V108/><F108/><W12/><G9/><T106/><D128/><U42/><E41/><V100/><F100/><W76/><G7/><T54/><D130/><U115/><E42/><V113/><F113/><W132/><G6/><T124/><D124/><U2/><E115/><V3/><F3/><W33/><G132/><T121/><D40/><U102/><E102/><V80/><F80/><W11/><G11/><T90/><D106/><U96/><E83/><V105/><F105/><W125/><G125/><T47/><D0/><U45/><E2/><V134/><F134/><W36/><G82/><N who="0" m="49431" /><D1/><U28/><E96/><V92/><F92/><W52/><G93/><T60/><D5/><U58/><E95/><V62/><F62/><W78/><G94/><T49/><D121/><AGARI ba="1,1" hai="4,8,14,37,43,44,79,81,85,116,118,121,122,123" machi="121" ten="40,1300,0" yaku="1,1,53,0" doraHai="46" doraHaiUra="64" who="2" fromWho="0" sc="310,-16,230,0,220,26,230,0" /><INIT seed="1,0,0,4,2,116" ten="294,230,246,230" oya="1" hai0="123,134,66,16,17,77,10,113,1,67,29,50,54" hai1="80,74,6,32,92,72,118,125,86,31,43,126,12" hai2="90,89,11,98,117,15,84,19,0,41,51,70,28" hai3="49,68,4,55,129,63,133,73,14,52,48,119,108"/><U103/><E32/><V96/><F117/><W97/><G73/><N who="1" m="28266" /><E31/><V30/><F70/><W33/><G119/><T3/><D113/><U75/><E12/><V120/><F120/><W13/><G33/><T56/><D134/><U35/><E6/><V59/><F0/><W94/><G133/><T18/><D29/><N who="2" m="11370" /><F89/><W79/><G79/><T39/><D39/><U107/><E43/><V61/><F51/><N who="3" m="19531" /><G68/><T71/><D77/><N who="1" m="44095" /><E35/><V65/><F41/><W110/><G129/><T100/><D71/><U111/><E118/><V101/><F101/><N who="3" m="60599" /><G55/><T95/><D1/><U44/><E44/><V130/><F130/><W37/><G37/><T82/><D3/><U88/><E111/><N who="3" m="42538" /><G4/><T26/><D66/><U104/><E103/><V106/><F106/><AGARI ba="0,0" hai="86,88,92,104,106,107,125,126" m="44095,28266" machi="106" ten="30,5800,0" yaku="34,2,54,1" doraHai="116" who="1" fromWho="2" sc="294,0,230,58,246,-58,230,0" /><INIT seed="1,1,0,4,2,123" ten="294,288,188,230" oya="1" hai0="100,82,79,87,24,128,131,98,127,92,29,12,11" hai1="5,69,54,1,107,49,88,84,57,114,20,91,27" hai2="48,28,23,97,90,76,3,125,6,50,116,4,96" hai3="130,35,62,99,52,66,80,64,132,85,41,22,68"/><U45/><E114/><V42/><F116/><W47/><G35/><T74/><D127/><U46/><E69/><V26/><F125/><W51/><G130/><T15/><D74/><U32/><E32/><V120/><F120/><W25/><G132/><T105/><D105/><U37/><E107/><V65/><F76/><W81/><G64/><T124/><D124/><U106/><E106/><V104/><F65/><W111/><G111/><T115/><D115/><U94/><E37/><V86/><F104/><W73/><G73/><T78/><D78/><U89/><E5/><N who="2" m="2155" /><F3/><W8/><G8/><T118/><D118/><U71/><E71/><V72/><F72/><W44/><G99/><N who="2" m="37961" /><F42/><W9/><G9/><T113/><D113/><U14/><E14/><V93/><AGARI ba="1,0" hai="23,26,28,48,50,86,90,93" m="37961,2155" machi="93" ten="30,1100,0" yaku="8,1" doraHai="123" who="2" fromWho="2" sc="294,-4,288,-6,188,14,230,-4" /><INIT seed="2,0,0,1,5,134" ten="290,282,202,226" oya="2" hai0="67,111,62,23,12,70,114,105,50,120,113,66,118" hai1="97,119,11,83,129,79,92,32,109,42,48,126,24" hai2="44,57,3,18,34,90,51,89,74,40,5,2,76" hai3="75,41,87,16,108,4,91,25,28,65,46,117,22"/><V29/><F18/><W103/><G108/><T43/><D120/><U39/><E39/><V95/><F89/><W27/><G117/><T61/><D105/><U125/><E119/><V68/><F68/><W101/><G75/><T132/><D111/><U86/><E129/><V9/><F3/><W59/><G4/><T14/><D118/><U56/><E109/><V49/><F29/><W15/><G59/><T100/><D100/><U78/><E78/><V121/><F34/><W102/><G65/><T58/><D132/><U60/><E11/><V99/><F121/><W116/><G116/><T26/><D12/><U72/><E72/><V10/><F10/><W93/><REACH who="3" step="1"/><G28/><REACH who="3" ten="290,282,202,216" step="2"/><T35/><D67/><U94/><E56/><V7/><F7/><W80/><G80/><T112/><D66/><U98/><E83/><N who="2" m="45463" /><F57/><W104/><G104/><T69/><D69/><U17/><E92/><V84/><F84/><W135/><G135/><T106/><D106/><U110/><E94/><V33/><F33/><W19/><G19/><T21/><D70/><U64/><E17/><V54/><F54/><W8/><G8/><T0/><D35/><U63/><E32/><V73/><F73/><W13/><G13/><T122/><D122/><U131/><E86/><V30/><F30/><W96/><G96/><T115/><D115/><U20/><E98/><V38/><AGARI ba="0,1" hai="2,5,9,38,40,44,49,51,90,95,99" m="45463" machi="38" ten="30,1500,0" yaku="25,1" doraHai="134" who="2" fromWho="2" sc="290,-5,282,-5,202,25,216,-5" /><INIT seed="2,1,0,2,1,33" ten="285,277,227,211" oya="2" hai0="41,52,22,95,35,14,18,128,46,92,26,57,118" hai1="123,69,106,53,9,3,117,110,21,32,88,23,125" hai2="126,39,72,76,119,132,27,8,20,85,87,100,60" hai3="31,6,67,75,28,74,79,121,54,25,133,24,124"/><V91/><F119/><W93/><G121/><T115/><D115/><U66/><E117/><V105/><F39/><W34/><G124/><T113/><D113/><U116/><E116/><V82/><F126/><W101/><G133/><T12/><D118/><U94/><E32/><V89/><F132/><W104/><G104/><T49/><D128/><U96/><E125/><V77/><F60/><W11/><G79/><T80/><D80/><U10/><E123/><V70/><F70/><W4/><G67/><T50/><D35/><U99/><E110/><V84/><F8/><W71/><G71/><T43/><D43/><U2/><E53/><V120/><F120/><W30/><G54/><T37/><D37/><U98/><E66/><V15/><F15/><AGARI ba="1,0" hai="12,14,15,18,22,26,41,46,49,50,52,57,92,95" machi="15" ten="40,2600,0" yaku="8,1,54,1" doraHai="33" who="0" fromWho="2" sc="285,29,277,0,227,-29,211,0" /><INIT seed="3,0,0,4,3,101" ten="314,277,198,211" oya="3" hai0="87,32,10,60,18,4,0,63,81,58,45,99,90" hai1="85,114,69,84,7,97,91,27,107,112,70,75,106" hai2="71,128,29,17,30,23,89,134,3,5,57,135,46" hai3="122,33,76,37,47,123,39,19,51,98,115,13,40"/><W9/><G115/><N who="1" m="44074" /><E27/><V109/><F71/><W22/><G33/><T119/><D32/><U82/><E7/><V94/><F46/><W14/><G76/><T21/><D119/><U116/><E69/><V105/><F57/><W113/><G113/><T43/><D99/><U102/><E70/><V131/><F105/><N who="1" m="39945" /><E116/><V80/><F80/><W59/><G98/><T41/><D58/><U129/><E129/><N who="2" m="49739" /><F109/><W120/><REACH who="3" step="1"/><G59/><REACH who="3" ten="314,277,198,201" step="2"/><T34/><D34/><U127/><E127/><V15/><F135/><W118/><G118/><T25/><D41/><U95/><E102/><V110/><F134/><W61/><G61/><T73/><D73/><U62/><E62/><V16/><F110/><W12/><G12/><T92/><D60/><U53/><E53/><V49/><F3/><W48/><G48/><T86/><D63/><U64/><E64/><V117/><F117/><W121/><N who="3" m="30720" /><DORA hai="108" /><W42/><G42/><T38/><D43/><U56/><E56/><V78/><F49/><W100/><G100/><T1/><D1/><U31/><E75/><V72/><F72/><W28/><G28/><T130/><D130/><U35/><E31/><V124/><F29/><W79/><G79/><T77/><D0/><U66/><E66/><V26/><F78/><W54/><G54/><T133/><D77/><N who="1" m="46159" /><E97/><N who="2" m="57551" /><F124/><W67/><G67/><T74/><D133/><U6/><E85/><V65/><F65/><W125/><G125/><T44/><D74/><U126/><E126/><V11/><AGARI ba="0,1" hai="5,11,15,16,17,23,26,30" m="57551,49739" machi="11" ten="30,2000,0" yaku="19,1,54,1" doraHai="101,108" who="2" fromWho="2" sc="314,-5,277,-5,198,30,201,-10" owari="309,40.9,272,7.2,228,-17.2,191,-30.9" /></mjloggm>