<mjloggm ver="2.3"><GO type="225" lobby="0"/><UN n0="%72%69%6F%75%63%68%61%6E" n1="%E9%B3%B3%E6%9D%B1%E3%81%AE%E3%81%86%E3%81%95%E3%81%8E%E3%81%95%E3%82%93" n2="%E3%83%8F%E3%82%AC%E3%82%BF%E3%82%AB%E3%81%AE%E3%81%88%E3%81%98%E3%81%8D" n3="%73%6C%69%63%6B%33%31%39" dan="17,17,16,16" rate="2178.87,2272.73,2177.28,2174.22" sx="M,M,M,M"/><TAIKYOKU oya="0"/><INIT seed="0,0,0,4,4,115" ten="250,250,250,250" oya="0" hai0="130,38,120,77,133,27,68,81,40,100,57,10,107" hai1="108,36,118,92,60,50,64,52,20,102,132,129,87" hai2="39,90,70,48,12,123,29,109,17,116,106,14,66" hai3="93,88,56,26,24,1,22,76,46,53,95,96,44"/><T62/><D130/><U112/><E129/><V6/><F39/><W71/><G71/><T74/><D133/><U113/><E108/><V67/><F109/><W103/><G1/><T51/><D120/><U13/><E36/><V69/><F106/><W19/><G76/><T131/><D131/><U91/><E132/><V49/><F123/><W89/><G24/><T43/><D38/><U78/><E102/><V54/><F29/><W9/><G9/><T41/><D10/><U25/><E78/><V110/><F6/><W101/><G103/><T63/><D68/><U83/><E83/><V75/><F75/><W98/><G101/><T18/><D51/><AGARI ba="0,0" hai="19,22,26,44,46,51,53,56,88,89,93,95,96,98" machi="51" ten="30,7700,0" yaku="7,1,9,1,8,1,54,1" doraHai="115" who="3" fromWho="0" sc="250,-77,250,0,250,0,250,77" /><INIT seed="1,0,0,3,3,16" ten="173,250,250,327" oya="1" hai0="86,70,108,92,4,29,89,107,99,118,62,14,116" hai1="67,73,90,8,85,21,119,113,54,135,97,18,98" hai2="72,75,104,53,15,30,65,111,39,87,121,117,37" hai3="105,127,28,1,91,122,59,9,46,11,100,33,44"/><U20/><E135/><V126/><F53/><W2/><G122/><T125/><D108/><U131/><E131/><V27/><F87/><W0/><G105/><T124/><D29/><U60/><E113/><V50/><F50/><W123/><G123/><T17/><D4/><U71/><E73/><V6/><F65/><W80/><G100/><N who="0" m="62879" /><D62/><U47/><E119/><N who="0" m="45609" /><D14/><U36/><E8/><V22/><F104/><W3/><G127/><N who="0" m="48715" /><D17/><U45/><E45/><V81/><F15/><W26/><G59/><T49/><D49/><U68/><E68/><V63/><F6/><W102/><G46/><T23/><D70/><U61/><E61/><V74/><F63/><W35/><G44/><T95/><D23/><U110/><E110/><V112/><F22/><W58/><G58/><T19/><D19/><U51/><E36/><V40/><F37/><W79/><G35/><T77/><D77/><U93/><REACH who="1" step="1"/><E21/><REACH who="1" ten="173,240,250,327" step="2"/><V109/><F39/><W115/><G9/><T38/><D38/><U94/><E94/><AGARI ba="0,1" hai="86,89,92,94,95" m="48715,45609,62879" machi="94" ten="30,3900,0" yaku="18,1,34,2" doraHai="16" who="0" fromWho="1" sc="173,49,240,-39,250,0,327,0" /><INIT seed="2,0,0,2,1,93" ten="222,201,250,327" oya="2" hai0="134,73,25,61,84,12,127,45,53,94,77,106,16" hai1="24,71,130,33,52,21,82,27,97,47,125,20,123" hai2="36,78,87,80,68,23,83,2,111,122,39,72,22" hai3="0,64,41,59,15,43,98,132,101,19,105,116,100"/><V60/><F122/><W86/><G0/><T67/><D106/><U131/><E123/><V102/><F2/><W48/><G116/><T117/><D127/><U50/><E71/><V37/><F111/><W126/><G126/><T89/><D134/><U66/><E66/><V4/><F4/><W76/><G132/><T28/><D117/><U63/><E125/><V44/><F44/><W13/><G101/><T51/><D73/><U55/><E82/><V135/><F135/><W49/><G64/><T74/><D74/><U57/><E33/><V118/><F118/><W9/><G76/><T128/><D128/><N who="1" m="49195" /><E97/><V8/><F8/><W114/><G86/><T69/><D77/><U62/><E62/><V91/><F68/><W129/><G114/><T7/><D7/><U99/><E99/><V115/><F115/><W31/><G31/><T110/><D110/><U109/><E109/><V108/><F108/><W96/><G96/><T30/><REACH who="0" step="1"/><D25/><AGARI ba="0,0" hai="20,21,24,25,27,47,50,52,55,57,63" m="49195" machi="25" ten="30,2000,0" yaku="19,1,54,1" doraHai="93" who="1" fromWho="0" sc="222,-20,201,20,250,0,327,0" /><INIT seed="3,0,0,5,0,110" ten="202,221,250,327" oya="3" hai0="26,62,91,101,13,132,94,86,117,80,50,81,56" hai1="95,79,92,116,65,125,38,60,64,52,33,32,30" hai2="96,119,83,10,70,76,43,93,124,123,115,74,129" hai3="85,51,111,57,97,5,40,134,28,112,11,103,72"/><W1/><G112/><T82/><D117/><U118/><E38/><V23/><F70/><W71/><G71/><T102/><D132/><U127/><E79/><V108/><F115/><W9/><G72/><T66/><D26/><U2/><E2/><V131/><F108/><W58/><G134/><T14/><REACH who="0" step="1"/><D50/><REACH who="0" ten="192,221,250,327" step="2"/><U114/><E114/><V104/><F119/><N who="1" m="45609" /><E30/><V29/><F29/><W22/><G51/><T126/><D126/><N who="1" m="48139" /><E52/><V121/><F124/><W45/><G28/><T46/><D46/><U100/><E64/><V113/><F113/><W19/><G45/><T27/><D27/><U59/><E100/><AGARI ba="0,1" hai="13,14,56,62,66,80,81,82,86,91,94,100,101,102" machi="100" ten="40,5200,0" yaku="1,1,8,1,53,1" doraHai="110" doraHaiUra="53" who="0" fromWho="1" sc="192,62,221,-52,250,0,327,0" owari="254,5.4,169,-33.1,250,-15.0,327,42.7" /></mjloggm>