<mjloggm ver="2.3"><GO type="225" lobby="0"/><UN n0="%E5%8D%A0%E3%81%84%E5%B8%AB%E8%A3%8F%E3%81%AA%E3%81%84%E3%81%97" n1="%E6%AB%BB%E4%BA%95%E5%A5%8F" n2="%E6%AF%9B%E8%8D%92%E3%82%8C%E3%83%BB%E3%82%B9%E3%83%9F%E3%82%B9" n3="%E3%83%8F%E3%82%BF%E3%83%A2%E3%83%88%E3%83%92%E3%83%AD" dan="16,17,16,16" rate="2122.08,2212.92,2025.17,2164.29" sx="M,M,F,M"/><TAIKYOKU oya="0"/><INIT seed="0,0,0,2,1,102" ten="250,250,250,250" oya="0" hai0="13,41,132,20,63,129,9,81,86,12,44,111,90" hai1="131,54,89,40,37,133,23,18,92,26,0,112,14" hai2="34,68,100,113,106,30,87,16,84,80,52,99,135" hai3="120,79,45,119,11,24,58,93,128,46,121,38,25"/><T70/><D132/><U74/><E0/><V101/><F113/><W1/><G119/><T56/><D70/><U33/><E133/><V50/><F135/><W103/><G79/><T83/><D129/><U69/><E74/><V36/><F36/><W64/><G128/><T28/><D111/><U2/><E2/><V60/><F101/><W42/><G46/><T118/><D118/><U130/><E69/><V4/><F4/><N who="3" m="1423" /><G64/><T110/><D110/><U59/><E112/><V108/><F108/><W107/><G93/><T88/><D28/><U48/><E37/><V27/><F16/><W115/><G58/><T17/><D44/><U53/><E40/><V22/><F22/><W65/><G65/><T15/><D41/><U117/><E117/><V43/><F43/><W82/><G82/><T96/><D9/><U125/><E125/><V39/><F39/><W127/><G127/><T94/><REACH who="0" step="1"/><D83/><REACH who="0" ten="240,250,250,250" step="2"/><U77/><E131/><V8/><F8/><W57/><G115/><T122/><D122/><N who="3" m="47209" /><G57/><T32/><D32/><U47/><E130/><V51/><F80/><W95/><G95/><T29/><D29/><U85/><E33/><V105/><F34/><W71/><G71/><T123/><D123/><U72/><E72/><V114/><F68/><W116/><G116/><T55/><AGARI ba="0,1" hai="12,13,15,17,20,55,56,63,81,86,88,90,94,96" machi="55" ten="20,12000,1" yaku="1,1,0,1,7,1,8,1,54,1,53,0" doraHai="102" doraHaiUra="5" who="0" fromWho="0" sc="240,130,250,-40,250,-40,250,-40" /><INIT seed="0,1,0,3,2,87" ten="370,210,210,210" oya="0" hai0="71,7,101,35,52,128,54,5,20,57,79,125,108" hai1="92,82,24,102,1,113,12,70,39,10,106,131,130" hai2="74,107,127,75,2,68,22,38,114,21,88,53,98" hai3="104,90,55,73,94,76,48,89,112,84,93,56,42"/><T23/><D35/><U51/><E39/><V50/><F114/><W100/><G112/><T14/><D71/><U41/><E70/><V81/><F38/><W49/><G104/><T135/><D135/><U18/><E113/><V133/><F2/><W116/><G116/><T95/><D125/><U30/><E106/><V31/><F68/><W29/><G100/><T16/><D128/><U65/><E65/><V62/><F62/><W103/><G103/><T99/><D79/><U124/><E124/><V61/><F61/><W85/><G29/><T25/><D108/><U121/><E121/><V126/><F133/><W3/><G3/><T115/><D115/><U9/><E82/><V91/><F31/><W63/><G42/><T37/><D37/><U36/><E36/><V60/><F60/><W59/><G56/><T45/><D45/><U0/><E51/><V83/><F107/><W119/><G119/><T122/><D122/><U110/><E41/><V26/><F98/><W86/><G73/><T17/><D54/><U47/><E47/><V40/><F40/><W111/><G111/><T34/><D34/><N who="1" m="20807" /><E110/><V134/><F134/><W118/><G118/><T129/><D129/><N who="1" m="49163" /><E9/><V43/><F43/><W32/><G32/><T109/><D109/><U64/><E64/><V97/><F50/><AGARI ba="1,0" hai="5,7,14,16,17,20,23,25,50,52,57,95,99,101" machi="50" ten="30,11600,0" yaku="7,1,8,1,54,2" doraHai="87" who="0" fromWho="2" sc="370,119,210,0,210,-119,210,0" /><INIT seed="0,2,0,2,1,70" ten="489,210,91,210" oya="0" hai0="66,13,83,27,104,117,41,67,20,11,59,58,50" hai1="114,1,85,23,19,92,87,38,115,97,33,37,131" hai2="46,129,31,82,17,88,28,34,73,74,8,127,53" hai3="122,45,69,112,96,100,62,121,123,39,43,132,56"/><T93/><D104/><U81/><E33/><V102/><F129/><W12/><G112/><N who="1" m="43050" /><E1/><V44/><F127/><W78/><G132/><T52/><D117/><U71/><E71/><V109/><F109/><W0/><G0/><T30/><D41/><U116/><E116/><V124/><F124/><W90/><G78/><T42/><D42/><U9/><E9/><V80/><F102/><W77/><G77/><T65/><D83/><N who="2" m="31786" /><F34/><W107/><G69/><T32/><D93/><U133/><E133/><V29/><F53/><W22/><G90/><T135/><D135/><U103/><E131/><V4/><F4/><W10/><G22/><T76/><D76/><N who="1" m="46247" /><E87/><V95/><F73/><W105/><G105/><T63/><REACH who="0" step="1"/><D32/><REACH who="0" ten="479,210,91,210" step="2"/><U35/><E35/><V86/><F74/><W40/><G40/><T72/><D72/><U130/><E130/><V99/><F86/><W61/><G107/><T57/><D57/><U25/><AGARI ba="2,1" hai="19,23,25,37,38,92,97,103" m="46247,43050" machi="25" ten="30,4000,0" yaku="11,1,52,2" doraHai="70" who="1" fromWho="1" sc="479,-22,210,56,91,-12,210,-12" /><INIT seed="1,0,0,2,4,64" ten="457,266,79,198" oya="1" hai0="127,92,135,6,123,17,9,119,10,3,75,100,77" hai1="24,83,69,14,71,130,120,91,134,102,22,5,48" hai2="2,59,41,35,128,12,78,72,25,18,57,60,122" hai3="63,129,23,36,67,37,56,94,51,99,7,16,113"/><U74/><E120/><V73/><F128/><W117/><G113/><T32/><D32/><U109/><E130/><V53/><F122/><W11/><G117/><T85/><D119/><U52/><E134/><V30/><F2/><W124/><G124/><T8/><D123/><U106/><E109/><V107/><F107/><W126/><G51/><T104/><D135/><U105/><E5/><V79/><F41/><W111/><G126/><T133/><D133/><U39/><E14/><V66/><F79/><W27/><G111/><T15/><D127/><U26/><E39/><V89/><F89/><W20/><G20/><T4/><D75/><U28/><E26/><V103/><F103/><W110/><G129/><T70/><D70/><U76/><E91/><V31/><F31/><W42/><G42/><T47/><D104/><U49/><E49/><V1/><F1/><W46/><G46/><T40/><D100/><U0/><E0/><V84/><F84/><W38/><G110/><T34/><D34/><U43/><E43/><V115/><F115/><W88/><REACH who="3" step="1"/><G37/><REACH who="3" ten="457,266,79,188" step="2"/><T44/><D40/><U62/><E62/><V98/><F78/><W50/><G50/><T112/><D77/><U96/><E105/><V101/><F53/><W114/><G114/><T95/><D112/><U21/><E22/><N who="2" m="11591" /><F59/><AGARI ba="0,1" hai="21,24,28,48,52,59,69,71,74,76,83,96,102,106" machi="59" ten="30,11600,0" yaku="7,1,52,2,54,1" doraHai="64" who="1" fromWho="2" sc="457,0,266,126,79,-116,188,0" owari="457,55.7,392,19.2,-37,-53.7,188,-21.2" /></mjloggm>