<mjloggm ver="2.3"><GO type="225" lobby="0"/><UN n0="%E3%81%A8%E3%82%93%E3%81%A8%E3%81%93%E3%81%A8%E3%82%93" n1="%E3%81%AA%E3%81%A1%30%39%32%37" n2="%E7%BD%AA%E5%88%91%E6%B3%95%E5%AE%9A%E4%B8%BB%E7%BE%A9" n3="%E5%8D%A0%E3%81%84%E5%B8%AB%E8%A3%8F%E3%81%AA%E3%81%84%E3%81%97" dan="16,16,16,16" rate="2082.32,2126.15,2172.15,2159.31" sx="M,M,M,M"/><TAIKYOKU oya="0"/><INIT seed="0,0,0,2,3,121" ten="250,250,250,250" oya="0" hai0="51,15,41,112,133,103,64,68,115,108,21,52,23" hai1="48,9,39,56,111,99,125,29,100,35,113,67,0" hai2="95,27,45,60,63,18,72,75,62,34,128,130,97" hai3="131,129,78,120,1,22,118,26,70,126,73,80,20"/><T96/><D133/><U82/><E48/><V24/><F45/><W28/><G118/><T43/><D68/><U7/><E56/><V77/><F18/><W105/><G120/><T127/><D64/><U81/><E67/><V91/><F77/><W16/><G70/><T50/><D127/><U122/><E122/><V85/><F85/><W84/><G105/><T57/><D15/><U46/><E125/><V92/><F92/><W71/><G71/><T69/><D69/><U132/><E132/><V110/><F110/><W5/><G126/><T42/><D108/><U83/><E113/><V61/><N who="2" m="15360" /><DORA hai="135" /><V106/><F106/><W31/><G5/><T134/><D134/><U8/><E8/><V49/><F49/><W89/><G1/><T124/><D124/><U58/><E58/><V116/><F116/><W12/><REACH who="3" step="1"/><G31/><REACH who="3" ten="250,250,250,240" step="2"/><T59/><D112/><U30/><E111/><V6/><F6/><W33/><G33/><T74/><D115/><U119/><E35/><V2/><F2/><W98/><G98/><T17/><D17/><U65/><E119/><V44/><F34/><W109/><G109/><T3/><D3/><U94/><REACH who="1" step="1"/><E65/><REACH who="1" ten="250,240,250,240" step="2"/><V123/><F123/><W11/><G11/><T47/><D74/><U19/><E19/><V10/><F10/><W76/><G76/><T87/><D21/><U66/><E66/><V38/><F75/><W86/><G86/><T25/><D87/><U90/><E90/><V13/><F72/><W93/><AGARI ba="0,2" hai="12,16,20,22,26,28,73,78,80,84,89,93,129,131" machi="93" ten="30,8000,1" yaku="1,1,0,1,54,1,53,2" doraHai="121,135" doraHaiUra="79,14" who="3" fromWho="3" sc="250,-40,240,-20,250,-20,240,100" /><INIT seed="1,0,0,4,2,113" ten="210,220,230,340" oya="1" hai0="21,76,60,19,28,10,15,89,83,127,77,84,20" hai1="133,124,74,8,66,46,105,115,37,86,82,100,71" hai2="112,62,120,26,57,22,131,70,103,12,32,53,135" hai3="29,5,39,125,54,42,78,85,119,56,73,95,102"/><U97/><E115/><V123/><F112/><W18/><G73/><T2/><D127/><U3/><E124/><V92/><F135/><W118/><G125/><T79/><D2/><U110/><E133/><V134/><F134/><W128/><G5/><T122/><D122/><U126/><E126/><V16/><F131/><W91/><G128/><T48/><D28/><U61/><E110/><V9/><F32/><W14/><G29/><T121/><D121/><U47/><E37/><V35/><F35/><W23/><G102/><T52/><REACH who="0" step="1"/><D60/><REACH who="0" ten="200,220,230,340" step="2"/><U13/><E3/><V72/><F123/><W117/><G78/><T25/><D25/><U114/><E114/><V50/><F120/><W99/><G39/><T108/><D108/><U36/><E36/><V11/><F26/><W111/><G111/><T104/><D104/><U44/><E74/><V55/><F72/><W51/><G42/><T107/><D107/><U24/><E24/><V81/><F62/><W132/><G132/><T116/><D116/><U93/><E105/><V96/><F12/><W0/><G0/><T4/><D4/><U67/><E61/><V75/><F75/><W101/><REACH who="3" step="1"/><G119/><REACH who="3" ten="200,220,230,330" step="2"/><T34/><D34/><U40/><E40/><V64/><F16/><W65/><G65/><T43/><D43/><U80/><E67/><V59/><F64/><W98/><G98/><T1/><D1/><U6/><E66/><V17/><F96/><W30/><G30/><T88/><D88/><N who="1" m="51287" /><E71/><V129/><F70/><W68/><G68/><T49/><D49/><U38/><E38/><V31/><F50/><W33/><G33/><RYUUKYOKU ba="0,2" sc="200,10,220,10,230,-30,330,10" hai0="10,15,19,20,21,48,52,76,77,79,83,84,89" hai1="6,8,13,44,46,47,80,93,97,100" hai3="14,18,23,51,54,56,85,91,95,99,101,117,118" /><INIT seed="1,1,2,2,5,50" ten="210,230,200,340" oya="1" hai0="103,120,112,123,62,124,118,12,35,27,94,29,58" hai1="129,108,36,122,26,51,119,25,83,57,48,99,67" hai2="84,64,114,109,61,60,3,14,100,132,13,63,22" hai3="110,23,42,88,82,91,4,75,92,102,56,130,125"/><U8/><E119/><V74/><F74/><W76/><G110/><T59/><D112/><U95/><E122/><N who="0" m="46633" /><D118/><U34/><E36/><V47/><F3/><W28/><G4/><T106/><D124/><U46/><E129/><V77/><F109/><W32/><G32/><T43/><D43/><U2/><E108/><V101/><F114/><W135/><G135/><T1/><D1/><U86/><E34/><V37/><F64/><W18/><G28/><T20/><D106/><U81/><E8/><V16/><F132/><W66/><G42/><T54/><D59/><U45/><E2/><V49/><F37/><W52/><G66/><T90/><D103/><N who="1" m="60927" /><E57/><V89/><F77/><W85/><G125/><T11/><D35/><U68/><E67/><V98/><F13/><N who="3" m="9679" /><G130/><T116/><D116/><U69/><E69/><V104/><F98/><N who="3" m="59719" /><G75/><T128/><D128/><U70/><E70/><V30/><F30/><W5/><G5/><N who="0" m="3183" /><D94/><U41/><E68/><V115/><F104/><W80/><G80/><N who="1" m="30794" /><E86/><V33/><F33/><W53/><G56/><T131/><D131/><U40/><AGARI ba="1,2" hai="25,26,40,41,45,46,48,51" m="30794,60927" machi="40" ten="30,1500,0" yaku="8,1" doraHai="50" who="1" fromWho="1" sc="210,-6,230,38,200,-6,340,-6" /><INIT seed="1,2,0,3,5,37" ten="204,268,194,334" oya="1" hai0="15,60,87,85,63,80,56,100,7,55,88,92,93" hai1="65,22,126,29,107,132,84,17,109,105,11,79,102" hai2="95,128,133,26,123,32,9,34,104,38,14,98,131" hai3="125,54,78,4,77,134,127,25,117,35,5,135,19"/><U115/><E115/><V31/><F123/><W51/><G117/><T48/><D100/><U20/><E65/><V119/><F104/><W121/><G121/><T106/><D106/><U116/><E102/><V12/><F119/><W70/><G70/><T0/><D0/><U89/><E116/><V82/><F38/><W69/><G69/><T86/><D93/><U44/><E79/><N who="3" m="30218" /><G19/><T58/><D80/><U42/><E126/><N who="3" m="48138" /><G25/><T49/><D7/><N who="3" m="2633" /><G35/><T68/><D68/><U64/><E11/><V21/><F82/><W13/><G13/><T74/><D15/><U81/><E29/><V72/><F14/><W23/><G23/><T66/><REACH who="0" step="1"/><D74/><REACH who="0" ten="194,268,194,334" step="2"/><U118/><E118/><V101/><F72/><W91/><G91/><T40/><D40/><U27/><E107/><V96/><F98/><AGARI ba="2,1" hai="48,49,55,56,58,60,63,66,85,86,87,88,92,98" machi="98" ten="40,5200,0" yaku="1,1,8,1,54,1,53,0" doraHai="37" doraHaiUra="6" who="0" fromWho="2" sc="194,68,268,0,194,-58,334,0" /><INIT seed="2,0,0,0,2,52" ten="262,268,136,334" oya="2" hai0="57,112,40,129,131,120,45,24,50,84,85,15,53" hai1="123,118,87,61,125,104,92,116,119,82,36,65,89" hai2="128,46,73,70,5,25,21,62,22,76,100,42,95" hai3="16,8,30,113,117,6,81,44,3,108,49,74,35"/><V28/><F128/><N who="0" m="49226" /><D112/><U135/><E36/><V4/><F73/><W12/><G117/><T11/><D24/><U0/><E0/><V7/><F76/><W79/><G113/><T19/><D120/><U54/><E123/><V14/><F70/><W103/><G103/><T1/><D1/><U41/><E41/><V69/><F69/><W43/><G108/><T72/><D72/><U71/><E104/><V93/><F62/><AGARI ba="0,0" hai="11,15,19,40,45,50,53,57,62,84,85" m="49226" machi="62" ten="30,2000,0" yaku="19,1,52,1" doraHai="52" who="0" fromWho="2" sc="262,20,268,0,136,-20,334,0" /><INIT seed="3,0,0,4,2,30" ten="282,268,116,334" oya="3" hai0="11,18,91,17,14,0,124,58,101,104,34,74,85" hai1="109,70,16,87,54,15,55,118,67,23,129,37,1" hai2="106,64,61,79,131,93,98,66,73,50,29,120,5" hai3="123,121,46,7,62,47,122,76,95,78,57,100,94"/><W63/><G122/><T33/><D74/><U44/><E1/><V22/><F120/><W119/><G57/><T59/><D0/><U116/><E109/><V24/><F131/><W31/><G31/><T69/><D69/><U105/><E105/><V56/><F106/><W3/><G3/><T103/><D104/><U13/><E129/><V60/><F73/><W107/><G107/><T89/><D85/><U68/><E87/><V112/><F112/><W12/><G12/><T99/><D99/><U128/><E128/><V28/><F5/><W72/><G72/><T39/><D39/><U26/><E26/><V114/><F114/><W27/><G27/><T65/><D65/><U82/><E82/><V81/><F50/><W125/><G7/><T80/><D80/><U111/><E111/><V97/><F29/><W110/><G110/><T40/><D40/><U96/><E96/><V19/><F19/><W36/><G36/><T8/><D14/><U126/><E13/><V77/><F81/><W88/><G119/><T35/><D34/><U49/><E37/><V9/><F9/><W53/><G95/><T102/><D101/><U135/><E49/><V92/><F92/><W83/><G100/><T130/><D130/><U4/><E4/><V32/><F32/><W10/><G94/><T25/><D25/><U134/><E16/><V43/><F43/><W86/><G83/><T117/><D124/><U20/><E126/><V132/><F132/><W6/><G121/><T84/><D84/><U38/><E135/><V52/><F98/><W133/><G123/><T113/><D113/><RYUUKYOKU ba="0,0" sc="282,30,268,-10,116,-10,334,-10" hai0="8,11,17,18,33,35,58,59,89,91,102,103,117" owari="312,11.2,258,-14.2,106,-39.4,324,42.4" /></mjloggm>