<mjloggm ver="2.3"><GO type="225" lobby="0"/><UN n0="%E5%AE%AE%E4%BF%9D%E9%B6%8F%E8%82%89" n1="%E9%A2%A8%E7%B8%AB" n2="%E3%81%A4%E3%81%A3%E3%81%B1%E3%82%8A%E3%83%9D%E3%83%BC%E3%83%AB" n3="%E3%81%86%E3%81%A9%E3%82%93%E3%81%93" dan="16,16,17,16" rate="2129.07,2138.57,2239.54,2123.08" sx="M,M,M,M"/><TAIKYOKU oya="0"/><INIT seed="0,0,0,2,5,33" ten="250,250,250,250" oya="0" hai0="66,49,43,117,116,72,26,115,15,120,102,77,79" hai1="55,47,48,2,51,111,105,28,80,121,30,114,129" hai2="58,89,93,125,17,60,5,96,124,14,78,84,35" hai3="12,23,25,39,132,123,46,73,134,24,36,107,16"/><T45/><D115/><U41/><E111/><V22/><F35/><W74/><G107/><T95/><D120/><U40/><E129/><V101/><F5/><W98/><G123/><T104/><D104/><U86/><E114/><V128/><F128/><W110/><G110/><T90/><D102/><U83/><E105/><V21/><F78/><W94/><G73/><T34/><D66/><U109/><E109/><V108/><F108/><W50/><G74/><T31/><D15/><U18/><E2/><V133/><F133/><N who="3" m="51307" /><G50/><T1/><D1/><U19/><E121/><V135/><F135/><W56/><G56/><T29/><D29/><U91/><E83/><V88/><F22/><W44/><G44/><T68/><D68/><U4/><E4/><V32/><F32/><W118/><G118/><T57/><D57/><N who="1" m="32999" /><E41/><V42/><F42/><N who="3" m="22855" /><G39/><T119/><REACH who="0" step="1"/><D72/><REACH who="0" ten="240,250,250,250" step="2"/><U52/><E30/><V13/><F13/><W122/><G122/><T69/><D69/><U112/><E28/><V62/><F101/><AGARI ba="0,1" hai="12,16,23,24,25,94,98,101" m="22855,51307" machi="101" ten="30,2000,0" yaku="20,1,54,1" doraHai="33" who="3" fromWho="2" sc="240,0,250,0,250,-20,250,30" /><INIT seed="1,0,0,3,4,107" ten="240,250,230,280" oya="1" hai0="102,43,36,114,44,2,12,8,78,80,63,125,31" hai1="131,100,41,108,121,61,109,26,37,21,124,134,27" hai2="28,94,86,42,55,128,53,0,24,84,57,122,87" hai3="48,116,98,25,112,20,130,7,119,45,89,133,5"/><U106/><E121/><V1/><F122/><W115/><G130/><T35/><D114/><U29/><E131/><V49/><F128/><W90/><G133/><T105/><D125/><U32/><E124/><V129/><F129/><W95/><G90/><T75/><D35/><U83/><E83/><V15/><F42/><W47/><G112/><T58/><D31/><U46/><E134/><V113/><F113/><W3/><G115/><T91/><D105/><U22/><E61/><V69/><F69/><W77/><G77/><T85/><D102/><U14/><E14/><V13/><F94/><W60/><G60/><T104/><D104/><U126/><E126/><V30/><F24/><W52/><G47/><T40/><D40/><U67/><E67/><V10/><F10/><W117/><REACH who="3" step="1"/><G3/><REACH who="3" ten="240,250,230,270" step="2"/><T11/><D2/><U51/><E37/><V110/><F1/><W99/><G99/><T39/><D39/><U82/><E100/><V88/><F88/><W68/><G68/><T73/><D91/><U96/><E96/><V59/><F0/><W70/><G70/><T62/><D62/><U19/><E106/><V65/><F65/><W101/><G101/><T132/><D132/><U111/><E82/><V123/><F123/><W66/><G66/><T4/><D8/><U118/><E32/><V76/><F76/><W93/><G93/><T103/><D103/><U64/><E64/><AGARI ba="0,1" hai="4,11,12,36,43,44,58,63,64,73,75,78,80,85" machi="64" ten="30,3900,0" yaku="7,1,52,2" doraHai="107" who="0" fromWho="1" sc="240,49,250,-39,230,0,270,0" /><INIT seed="2,0,0,2,5,45" ten="289,211,230,270" oya="2" hai0="111,4,114,5,51,0,41,10,98,126,3,33,58" hai1="44,83,70,36,71,130,55,100,107,8,20,86,81" hai2="121,134,66,59,74,37,117,84,77,12,43,135,89" hai3="78,24,97,7,118,85,94,119,52,99,1,9,49"/><V75/><F121/><W108/><G108/><T131/><D114/><U133/><E133/><N who="2" m="50699" /><F117/><W26/><G97/><T40/><D111/><U61/><E130/><V32/><F32/><W38/><G38/><T116/><D33/><U56/><E83/><N who="2" m="49311" /><F77/><W109/><G109/><T62/><D131/><U120/><E120/><V53/><F66/><W115/><G115/><T101/><D126/><U39/><E39/><V2/><F2/><W125/><G125/><T11/><D116/><U112/><E20/><V27/><F27/><W54/><G54/><T46/><D41/><U104/><E8/><V63/><F12/><W110/><G110/><T113/><D113/><U48/><E36/><V122/><F122/><W90/><G26/><T57/><REACH who="0" step="1"/><D62/><REACH who="0" ten="279,211,230,270" step="2"/><U67/><E112/><V50/><F63/><W60/><G60/><T73/><D73/><U18/><E18/><V64/><F64/><W79/><G119/><T19/><D19/><U6/><E6/><V15/><F43/><W95/><G118/><T69/><D69/><U88/><E71/><V124/><F124/><W14/><G1/><T76/><D76/><U92/><REACH who="1" step="1"/><E70/><REACH who="1" ten="279,201,230,270" step="2"/><V16/><F37/><W35/><G35/><T93/><AGARI ba="0,2" hai="0,3,4,5,10,11,40,46,51,57,58,93,98,101" machi="93" ten="20,8000,1" yaku="1,1,0,1,7,1,9,1,52,1,53,0" doraHai="45" doraHaiUra="31" who="0" fromWho="0" sc="279,100,201,-20,230,-40,270,-20" /><INIT seed="3,0,0,3,4,32" ten="379,181,190,250" oya="3" hai0="96,119,115,125,121,17,76,69,3,106,65,129,110" hai1="84,38,82,49,53,94,113,123,16,85,41,28,33" hai2="66,103,57,8,7,52,86,36,79,11,20,30,46" hai3="19,15,58,43,5,48,61,97,109,107,68,124,63"/><W34/><G124/><T44/><RYUUKYOKU type="yao9" ba="0,0" sc="379,0,181,0,190,0,250,0" hai0="3,17,44,65,69,76,96,106,110,115,119,121,125,129" /><INIT seed="3,1,0,5,5,126" ten="379,181,190,250" oya="3" hai0="69,14,20,22,76,131,24,8,36,118,23,50,53" hai1="10,111,120,87,40,97,43,27,90,48,98,64,108" hai2="32,28,93,42,2,132,78,73,107,83,45,112,35" hai3="105,17,29,122,1,80,3,74,110,44,25,54,123"/><W129/><G105/><T124/><D131/><U46/><E120/><V119/><F119/><W26/><G54/><T65/><D36/><U7/><E64/><V57/><F112/><W86/><G44/><T125/><D76/><U115/><E27/><V114/><F114/><W56/><G56/><N who="0" m="32823" /><D69/><U49/><E115/><V92/><F132/><W67/><G86/><T106/><D65/><U39/><E39/><N who="2" m="21727" /><F57/><W34/><G25/><T37/><D106/><U15/><E48/><V0/><F0/><W117/><G17/><N who="0" m="8391" /><D37/><U88/><E43/><V84/><F107/><W104/><G80/><T77/><D77/><U109/><E90/><V85/><F2/><W66/><G29/><T4/><D4/><U21/><E21/><V100/><F35/><W101/><G101/><T31/><D118/><U128/><E128/><V38/><F38/><W130/><G74/><T12/><D12/><U113/><E113/><V62/><F100/><W81/><G81/><AGARI ba="1,0" hai="7,10,15,40,46,49,81,87,88,97,98,108,109,111" machi="81" ten="40,2600,0" yaku="14,1,54,1" doraHai="126" who="1" fromWho="3" sc="379,0,181,29,190,0,250,-29" owari="379,47.9,210,-19.0,190,-31.0,221,2.1" /></mjloggm>