<mjloggm ver="2.3"><GO type="225" lobby="0"/><UN n0="%E3%81%B5%E3%81%98%E3%81%8B%E3%81%A4" n1="%72%69%6F%75%63%68%61%6E" n2="%E7%B4%94%E6%BD%94%E3%83%94%E3%83%A9%E3%83%8B%E3%82%A2" n3="%48%61%61%61%6C%61%6E%64" dan="16,16,16,18" rate="2181.69,2130.57,2149.50,2254.64" sx="M,M,M,M"/><TAIKYOKU oya="0"/><INIT seed="0,0,0,2,5,49" ten="250,250,250,250" oya="0" hai0="111,110,15,84,119,55,135,125,99,51,105,127,93" hai1="134,72,4,21,39,126,77,65,74,38,30,19,24" hai2="44,89,96,115,41,90,103,71,29,52,57,1,117" hai3="25,8,22,26,40,34,116,32,35,16,58,59,54"/><T46/><D119/><U73/><E126/><N who="0" m="48137" /><D135/><U83/><E134/><V0/><F115/><W79/><G116/><T86/><D105/><U12/><E4/><V121/><F71/><W66/><G40/><T60/><D60/><U48/><E65/><V10/><F29/><W7/><G79/><T42/><D42/><U31/><E30/><V37/><F121/><W47/><G66/><T70/><D15/><U82/><E48/><V50/><F117/><W92/><G92/><T122/><D70/><U130/><E130/><V128/><F128/><W124/><G124/><T68/><D68/><U108/><E108/><N who="0" m="41513" /><D122/><U45/><E83/><V97/><F97/><W133/><G133/><T78/><D78/><U61/><E61/><V63/><F37/><W94/><G94/><T17/><D17/><U102/><E38/><V28/><F28/><W91/><G16/><T13/><D13/><U123/><E123/><V64/><F64/><W112/><G112/><T98/><D98/><U23/><E39/><V67/><F67/><W85/><G7/><T118/><D118/><U120/><E120/><V76/><F76/><W87/><G25/><T109/><N who="0" m="41521" /><T129/><DORA hai="132" /><D129/><U27/><E12/><V95/><F0/><W9/><G26/><T62/><D62/><U36/><E36/><V75/><F1/><W104/><G104/><T131/><D131/><U101/><E73/><V106/><F75/><W14/><G14/><T20/><D20/><U69/><E72/><V81/><F106/><W11/><G22/><T114/><D114/><U53/><E69/><V3/><F63/><RYUUKYOKU ba="0,0" sc="250,15,250,15,250,-15,250,-15" hai0="46,51,55,84,86,93,99" hai1="19,21,23,24,27,31,45,53,74,77,82,101,102" /><INIT seed="0,1,0,4,0,105" ten="265,265,235,235" oya="0" hai0="81,74,20,96,124,43,122,75,102,7,42,67,117" hai1="129,79,104,83,106,135,70,73,11,18,63,100,60" hai2="119,13,19,87,68,114,108,51,16,76,72,71,94" hai3="77,58,33,12,23,99,0,132,35,133,118,134,34"/><T36/><D122/><U38/><E129/><V56/><F114/><W131/><G118/><T92/><D117/><U29/><E135/><V97/><F119/><W98/><G131/><T3/><D67/><U64/><E38/><V45/><F56/><W80/><G0/><T57/><D20/><U24/><E100/><V78/><F87/><W112/><G112/><T9/><D124/><U62/><E60/><V130/><F108/><W111/><G111/><T14/><D81/><U113/><E113/><V17/><F13/><W82/><G58/><T69/><D69/><U53/><E53/><V30/><F30/><W89/><G89/><T48/><D36/><U32/><REACH who="1" step="1"/><E62/><REACH who="1" ten="265,255,235,235" step="2"/><V26/><F130/><W47/><G47/><T115/><D115/><U37/><E37/><V86/><F71/><W28/><G133/><T46/><D3/><U61/><E61/><V25/><F68/><W5/><G132/><T127/><D127/><U123/><E123/><V55/><F72/><W66/><G134/><T95/><D42/><U109/><E109/><V103/><F86/><W10/><G99/><T85/><REACH who="0" step="1"/><D57/><REACH who="0" ten="255,255,235,235" step="2"/><U125/><E125/><V39/><F39/><W90/><G66/><T110/><D110/><U8/><E8/><V6/><F55/><W49/><G10/><T40/><D40/><U54/><E54/><V22/><F45/><W107/><G33/><T84/><D84/><U101/><E101/><V120/><F103/><N who="3" m="62967" /><G34/><T88/><AGARI ba="1,2" hai="7,9,14,43,46,48,74,75,85,88,92,95,96,102" machi="88" ten="30,12000,1" yaku="1,1,0,1,52,2,54,1,53,0" doraHai="105" doraHaiUra="121" who="0" fromWho="0" sc="255,143,255,-41,235,-41,235,-41" /><INIT seed="0,2,0,0,1,51" ten="398,214,194,194" oya="0" hai0="66,27,31,106,123,127,111,103,19,95,6,16,11" hai1="28,126,32,40,62,85,129,56,46,33,73,94,121" hai2="59,21,86,107,14,78,5,42,67,98,74,26,22" hai3="35,39,83,122,84,135,71,79,17,25,75,60,118"/><T110/><D123/><U72/><E121/><V114/><F74/><W58/><G122/><T119/><D119/><U47/><E126/><V44/><F114/><W134/><G118/><T125/><D106/><U52/><E129/><V104/><F98/><W69/><G39/><T82/><D82/><U1/><E1/><V70/><F70/><W88/><G69/><T3/><D66/><U116/><E116/><V10/><F22/><N who="3" m="13519" /><G35/><N who="0" m="20991" /><D95/><U76/><E46/><V57/><F67/><W99/><G99/><T128/><D103/><U4/><E4/><V77/><F107/><W91/><G71/><T61/><D61/><U38/><E28/><V64/><F104/><W41/><G41/><T15/><D128/><U132/><E132/><N who="3" m="50730" /><G75/><T0/><D0/><U65/><E73/><V53/><F64/><AGARI ba="2,0" hai="58,60,64,79,83,84,88,91" m="50730,13519" machi="64" ten="30,2000,0" yaku="20,1,54,1" doraHai="51" who="3" fromWho="2" sc="398,0,214,0,194,-26,194,26" /><INIT seed="1,0,0,2,2,18" ten="398,214,168,220" oya="1" hai0="97,125,115,64,135,113,69,53,28,47,83,24,42" hai1="107,37,45,66,68,80,76,40,32,35,118,54,75" hai2="46,0,41,4,109,116,29,114,70,38,92,48,73" hai3="8,99,81,89,126,51,7,104,27,96,98,30,93"/><U130/><E118/><V72/><F116/><W5/><G126/><T21/><D125/><U63/><E130/><V134/><F109/><W20/><G104/><T94/><D135/><U120/><E120/><V59/><F114/><W31/><G31/><T108/><D108/><U82/><E107/><V91/><F134/><W110/><G110/><T124/><D83/><U128/><E128/><V100/><F100/><W11/><G81/><T26/><D124/><U111/><E111/><V112/><F112/><W105/><G105/><T9/><D9/><N who="3" m="3657" /><G51/><T121/><D121/><U87/><REACH who="1" step="1"/><E54/><REACH who="1" ten="398,204,168,220" step="2"/><V61/><F4/><AGARI ba="0,1" hai="4,5,7,20,27,30,89,93,96,98,99" m="3657" machi="4" ten="30,2000,0" yaku="8,1,52,1" doraHai="18" who="3" fromWho="2" sc="398,0,204,0,168,-20,220,30" /><INIT seed="2,0,0,4,4,47" ten="398,204,148,250" oya="2" hai0="86,71,43,66,5,46,56,4,116,127,80,105,81" hai1="54,126,115,83,125,37,48,88,85,76,58,70,107" hai2="104,32,64,18,133,94,129,99,131,100,35,130,101" hai3="79,132,45,31,16,73,12,8,87,34,121,23,11"/><V123/><F123/><W65/><G121/><T95/><D105/><U49/><E115/><V82/><F133/><W26/><G132/><T36/><D71/><U106/><E37/><V98/><F64/><W38/><G73/><T60/><D127/><N who="1" m="48651" /><E70/><V96/><F96/><W108/><G65/><T89/><D116/><U120/><E120/><V13/><REACH who="2" step="1"/><F82/><REACH who="2" ten="398,204,138,250" step="2"/><W24/><G108/><T62/><D81/><N who="1" m="49199" /><E48/><V20/><AGARI ba="0,1" hai="13,18,20,32,35,94,98,99,100,101,104,129,130,131" machi="20" ten="30,11700,0" yaku="1,1,0,1,19,1,53,1" doraHai="47" doraHaiUra="90" who="2" fromWho="2" sc="398,-39,204,-39,138,127,250,-39" /><INIT seed="2,1,0,3,3,126" ten="359,165,265,211" oya="2" hai0="43,107,24,14,10,134,55,67,50,121,117,4,51" hai1="83,119,110,105,82,28,25,124,87,130,31,36,80" hai2="93,15,113,47,57,85,0,21,116,64,81,88,111" hai3="75,74,32,129,135,9,16,18,114,52,8,125,78"/><V69/><F113/><W30/><G125/><T34/><D121/><U37/><E119/><V108/><F116/><W61/><G114/><T86/><D107/><U29/><E124/><V100/><F0/><W60/><G135/><T98/><D117/><U84/><E110/><N who="2" m="42027" /><F47/><W5/><G129/><T112/><D134/><U45/><E105/><V20/><F69/><W49/><G30/><T92/><D67/><U103/><E103/><V123/><F123/><W3/><G32/><T122/><D122/><U127/><E127/><V33/><F33/><W101/><G101/><T6/><D6/><U99/><E130/><V89/><F100/><W22/><G9/><T66/><D66/><U70/><E70/><V91/><F15/><W120/><G120/><T76/><D34/><U128/><E128/><V11/><F11/><W2/><G2/><T48/><D24/><U104/><E25/><V40/><F40/><W73/><G78/><T62/><D43/><U26/><E26/><V96/><F89/><W59/><REACH who="3" step="1"/><G18/><REACH who="3" ten="359,165,265,201" step="2"/><N who="0" m="8535" /><D76/><U68/><E104/><V46/><F46/><W12/><AGARI ba="1,1" hai="3,5,8,12,16,22,49,52,59,60,61,73,74,75" machi="12" ten="30,12000,2" yaku="1,1,0,1,54,2,53,2" doraHai="126" doraHaiUra="56" who="3" fromWho="3" sc="359,-31,165,-31,265,-61,201,133" /><INIT seed="3,0,0,1,1,27" ten="328,134,204,334" oya="3" hai0="24,82,58,36,80,114,40,89,74,51,16,1,22" hai1="42,9,60,103,110,0,107,8,111,127,33,31,112" hai2="59,28,10,100,18,132,81,63,72,48,121,67,44" hai3="41,13,123,11,15,62,84,97,4,32,120,85,101"/><W133/><G32/><T35/><D35/><U5/><E42/><V70/><F132/><W53/><G133/><T23/><D1/><U73/><E73/><V130/><F130/><W57/><G41/><T21/><D36/><U3/><E112/><V126/><F126/><W49/><G15/><T56/><D74/><U91/><E91/><V19/><F121/><W96/><G120/><T20/><D114/><U87/><E87/><N who="3" m="33354" /><G123/><T29/><D89/><U6/><E60/><V78/><F59/><N who="0" m="22570" /><D29/><U131/><E131/><V26/><F28/><W98/><G101/><T64/><D64/><U116/><E127/><V119/><F44/><AGARI ba="0,0" hai="16,20,21,22,23,24,40,44,51,80,82" m="22570" machi="44" ten="30,2000,0" yaku="8,1,54,1" doraHai="27" who="0" fromWho="2" sc="328,20,134,0,204,-20,334,0" owari="348,44.8,134,-36.6,184,-21.6,334,13.4" /></mjloggm>