<mjloggm ver="2.3"><GO type="225" lobby="0"/><UN n0="%33%74%72%65%65" n1="%E5%AE%AE%E4%BF%9D%E9%B6%8F%E8%82%89" n2="%37%2F%32%E3%81%AB%E7%94%9F%E3%81%BE%E3%82%8C%E3%81%A6" n3="%E5%A4%9C%E3%81%AE%E3%82%AC%E3%82%B9%E3%83%91%E3%83%BC%E3%83%AB" dan="16,16,16,16" rate="2118.19,2102.93,2125.59,2123.62" sx="F,M,M,M"/><TAIKYOKU oya="0"/><INIT seed="0,0,0,4,0,118" ten="250,250,250,250" oya="0" hai0="53,3,21,71,91,8,120,11,39,1,16,77,134" hai1="119,90,135,75,83,60,46,96,33,40,52,133,44" hai2="67,89,37,103,93,104,34,12,102,110,128,69,31" hai3="72,20,130,78,92,35,114,54,58,132,4,73,28"/><T124/><D39/><U65/><E119/><V6/><F37/><W100/><G35/><T80/><D71/><U84/><E33/><V56/><F69/><W112/><G4/><T111/><D91/><U66/><E75/><V108/><F104/><W27/><G130/><T59/><D134/><N who="1" m="51211" /><E96/><V19/><F6/><W50/><G132/><T41/><D41/><U121/><E121/><V48/><F128/><W24/><G24/><T2/><D120/><U81/><E81/><V36/><F36/><W23/><G23/><T88/><D124/><U126/><E126/><V42/><F31/><W116/><G116/><T22/><D22/><U9/><E9/><V32/><F32/><W95/><G78/><T14/><D111/><N who="2" m="42538" /><F34/><W68/><G68/><T70/><D70/><U5/><E5/><V106/><F106/><W129/><G129/><T76/><D76/><U123/><E123/><V63/><F48/><W17/><G28/><T98/><D77/><U113/><E113/><V51/><F51/><W45/><G112/><T127/><D127/><U115/><E115/><V125/><F42/><N who="3" m="24887" /><G114/><T101/><D101/><U29/><E29/><V87/><F125/><W122/><G122/><T85/><REACH who="0" step="1"/><D98/><REACH who="0" ten="240,250,250,250" step="2"/><U107/><E40/><V26/><F26/><W30/><G100/><T86/><D86/><U94/><E84/><V57/><F102/><W10/><G73/><T43/><D43/><U55/><E90/><V62/><F103/><W49/><G72/><T105/><D105/><U13/><E107/><V38/><F38/><W74/><G74/><T79/><D79/><U25/><E83/><RYUUKYOKU ba="0,1" sc="240,15,250,-15,250,-15,250,15" hai0="1,2,3,8,11,14,16,21,53,59,80,85,88" hai3="10,17,20,27,30,49,54,58,92,95" /><INIT seed="0,1,1,5,5,72" ten="255,235,235,265" oya="0" hai0="79,99,132,73,112,5,32,56,18,86,101,21,46" hai1="52,76,113,106,38,1,27,63,4,53,12,48,68" hai2="80,6,22,19,85,41,134,93,60,49,116,130,88" hai3="127,61,84,30,64,34,118,67,104,128,81,20,35"/><T133/><D112/><U89/><E38/><V54/><F130/><W8/><G118/><T83/><D32/><U37/><E37/><V57/><F134/><N who="0" m="51818" /><D5/><U47/><E113/><V77/><F116/><W97/><G128/><T74/><D46/><U23/><E106/><V124/><F124/><W29/><G127/><T94/><D56/><N who="1" m="35207" /><E1/><V122/><F122/><W43/><G43/><T119/><D119/><U117/><E68/><V9/><F9/><W78/><G67/><T135/><N who="0" m="51826" /><T40/><DORA hai="44" /><D40/><U120/><E120/><V33/><F6/><W90/><G34/><T55/><D55/><U13/><E117/><V31/><F31/><W17/><G8/><T15/><AGARI ba="1,1" hai="15,18,21,73,74,79,83,86,94,99,101" m="51826" machi="15" ten="40,3900,0" yaku="20,1,52,1" doraHai="72,44" who="0" fromWho="0" sc="255,52,235,-14,235,-14,265,-14" /><INIT seed="0,2,0,4,2,68" ten="307,221,221,251" oya="0" hai0="72,127,60,57,21,106,33,16,102,100,25,69,94" hai1="23,71,104,115,114,62,79,49,121,75,45,6,42" hai2="119,29,87,14,116,95,30,35,109,48,53,9,86" hai3="124,107,134,131,83,129,5,84,18,118,15,39,11"/><T108/><D127/><U13/><E121/><V0/><F109/><W56/><G118/><N who="2" m="45097" /><F0/><W126/><G107/><T34/><D108/><U111/><E104/><V113/><F113/><N who="1" m="43017" /><E111/><V105/><F105/><W20/><G56/><T128/><D128/><N who="3" m="49225" /><G39/><T77/><D69/><U8/><E23/><V59/><F35/><W76/><G134/><T50/><D106/><U103/><E103/><V133/><F133/><W67/><G67/><T73/><D50/><U93/><E93/><V80/><F95/><W96/><G96/><T17/><D94/><U54/><E71/><V28/><F80/><W78/><G78/><T65/><D77/><U40/><E62/><V117/><N who="2" m="45105" /><V99/><DORA hai="97" /><F99/><W91/><G76/><T132/><D132/><U135/><E135/><V7/><AGARI ba="2,0" hai="7,9,14,28,29,30,48,53,59,86,87" m="45105" machi="7" ten="50,1600,0" yaku="12,1" doraHai="68,97" who="2" fromWho="2" sc="307,-10,221,-6,221,22,251,-6" /><INIT seed="1,0,0,5,2,71" ten="297,215,243,245" oya="1" hai0="104,23,18,26,54,48,106,30,84,62,129,123,93" hai1="91,83,103,94,132,5,4,114,51,20,16,115,120" hai2="3,7,100,13,66,85,55,74,27,105,109,97,78" hai3="80,0,1,118,39,25,52,36,22,117,113,128,11"/><U77/><E120/><V46/><F109/><W81/><G113/><T61/><D123/><U42/><E132/><V44/><F3/><N who="3" m="1099" /><G11/><T53/><D129/><U64/><E64/><V50/><F66/><W95/><G128/><T24/><D106/><U96/><E114/><V32/><F74/><W92/><G52/><N who="0" m="20075" /><D48/><U130/><E130/><V69/><F69/><W131/><G131/><T56/><D104/><U19/><E115/><V58/><F13/><W99/><G81/><T133/><D133/><U86/><E19/><V60/><F7/><W111/><G80/><T49/><D49/><U40/><E77/><V15/><F15/><W75/><G75/><T28/><D26/><N who="1" m="14599" /><E42/><V119/><F119/><N who="3" m="45579" /><G111/><T76/><D76/><U9/><E9/><V116/><F116/><W121/><G121/><T63/><D56/><U134/><E134/><V122/><F122/><W70/><G70/><T87/><D93/><N who="3" m="35913" /><G99/><T98/><D98/><U89/><E89/><V126/><F97/><W31/><AGARI ba="0,0" hai="22,25,31,36,39" m="35913,45579,1099" machi="31" ten="40,5200,0" yaku="12,1,52,2" doraHai="71" who="3" fromWho="3" sc="297,-13,215,-26,243,-13,245,52" /><INIT seed="2,0,0,3,1,51" ten="284,189,230,297" oya="2" hai0="49,60,40,68,28,124,115,64,27,90,15,59,135" hai1="89,81,72,92,54,105,79,108,61,6,25,133,107" hai2="18,70,130,4,35,110,13,23,112,65,85,29,20" hai3="39,120,57,43,48,47,119,26,109,21,80,0,86"/><V63/><F112/><W11/><G119/><T5/><D115/><U121/><E108/><V24/><F110/><W129/><G109/><T103/><D135/><U98/><E133/><V66/><F130/><W132/><G132/><T116/><D116/><U32/><E121/><V10/><F66/><W22/><G129/><T114/><D103/><U111/><E6/><V14/><REACH who="2" step="1"/><F85/><REACH who="2" ten="284,189,220,297" step="2"/><W127/><G86/><T1/><D64/><U118/><E111/><V52/><F52/><W58/><G120/><T36/><D114/><U94/><E118/><V87/><F87/><W41/><G41/><T16/><D40/><U125/><E125/><V9/><AGARI ba="0,1" hai="4,9,10,13,14,18,20,23,24,29,35,63,65,70" machi="9" ten="20,3900,0" yaku="1,1,0,1,7,1,53,0" doraHai="51" doraHaiUra="106" who="2" fromWho="2" sc="284,-13,189,-13,220,49,297,-13" /><INIT seed="2,1,0,1,4,68" ten="271,176,269,284" oya="2" hai0="27,100,80,104,24,55,133,7,114,130,5,86,57" hai1="127,2,60,121,76,99,44,107,78,74,58,6,92" hai2="83,120,25,69,52,40,59,1,67,70,48,112,98" hai3="135,56,11,22,15,29,113,10,85,131,26,71,102"/><V38/><F1/><W19/><G71/><T79/><D114/><U94/><E127/><V126/><F112/><W32/><G113/><T96/><D133/><U119/><E119/><V42/><F120/><W54/><G135/><T108/><D108/><U134/><E121/><V117/><F117/><W45/><G131/><T77/><D130/><U89/><E134/><V116/><F116/><W91/><G102/><T115/><D115/><U129/><E129/><V23/><F126/><W122/><G45/><T90/><D77/><U103/><E2/><V16/><F83/><W132/><G122/><T18/><D79/><U0/><E0/><V17/><F38/><W53/><G53/><T93/><D104/><U20/><E6/><N who="0" m="2057" /><D18/><U64/><E107/><V88/><F69/><W95/><REACH who="3" step="1"/><G132/><REACH who="3" ten="271,176,269,274" step="2"/><T3/><D3/><U47/><E74/><V73/><F73/><W50/><AGARI ba="1,1" hai="10,11,15,19,22,26,29,32,50,54,56,85,91,95" machi="50" ten="20,12000,2" yaku="1,1,2,1,0,1,7,1,25,2,53,0" doraHai="68" doraHaiUra="106" who="3" fromWho="3" sc="271,-31,176,-31,269,-61,274,133" /><INIT seed="3,0,0,5,0,15" ten="240,145,208,407" oya="3" hai0="91,82,59,20,23,50,10,22,24,98,58,96,9" hai1="114,34,1,30,101,122,18,109,115,119,87,68,44" hai2="127,73,80,112,108,90,124,45,57,13,49,55,104" hai3="70,3,103,94,54,4,46,11,92,97,71,61,105"/><W100/><G100/><T41/><D24/><N who="1" m="18759" /><E68/><V116/><F116/><W16/><G16/><T26/><D26/><U126/><E44/><V65/><F112/><N who="1" m="43049" /><E87/><V32/><F32/><W107/><G94/><N who="0" m="56415" /><D82/><U130/><E101/><V113/><F104/><W12/><G3/><T128/><D128/><U76/><E76/><V0/><F0/><W133/><G133/><T79/><D98/><U72/><E72/><V48/><F113/><W38/><G71/><T85/><D58/><U27/><E122/><V63/><F49/><W2/><G2/><T47/><D59/><U19/><E130/><V62/><F63/><W121/><G121/><T7/><D79/><U131/><E131/><V120/><F120/><W83/><G83/><T88/><D88/><U28/><E119/><V89/><F90/><W86/><G86/><T56/><D85/><U84/><E84/><V51/><F89/><W39/><G39/><T5/><D56/><U35/><E109/><V36/><F108/><W14/><G14/><T118/><D118/><U21/><E126/><V93/><F36/><W78/><G78/><T53/><D41/><U123/><E123/><V135/><F80/><W74/><G74/><T106/><D106/><U111/><E111/><V66/><F73/><W17/><G70/><T52/><D53/><U132/><E132/><V42/><F135/><W60/><G38/><T81/><D81/><U6/><E35/><V69/><F93/><W77/><G105/><T99/><D99/><U125/><E125/><N who="2" m="48203" /><F65/><W37/><G107/><T40/><D40/><U75/><E75/><V110/><F110/><RYUUKYOKU ba="0,0" sc="240,10,145,10,208,10,407,-30" hai0="5,7,9,10,20,22,23,47,50,52" hai1="1,6,18,19,21,27,28" hai2="13,42,45,48,51,55,57,62,66,69" owari="250,5.0,155,-34.5,218,-18.2,377,47.7" /></mjloggm>