<mjloggm ver="2.3"><GO type="225" lobby="0"/><UN n0="%72%69%6F%75%63%68%61%6E" n1="%6D%75%75%6D%75%72%61" n2="%E3%81%86%E3%81%A3%E3%81%97%E3%83%BC%30%30" n3="%E5%AE%AE%E4%BF%9D%E9%B6%8F%E8%82%89" dan="17,17,16,16" rate="2277.64,2121.98,2133.00,2107.31" sx="M,F,M,M"/><TAIKYOKU oya="0"/><INIT seed="0,0,0,1,0,61" ten="250,250,250,250" oya="0" hai0="85,58,10,3,97,0,96,122,103,101,72,131,5" hai1="84,98,28,94,14,112,51,121,111,106,21,117,120" hai2="17,33,60,89,75,49,95,100,23,9,105,134,11" hai3="19,119,34,92,110,56,36,128,74,78,57,1,65"/><T93/><D131/><U87/><E117/><V83/><F33/><W18/><G119/><T125/><D125/><U115/><E106/><V69/><F134/><W45/><G34/><T127/><D127/><U2/><E2/><V80/><F105/><W24/><G1/><T30/><D122/><U107/><E107/><V52/><F100/><W54/><G128/><T26/><D72/><U44/><E28/><V123/><F75/><W77/><G110/><T63/><D85/><N who="1" m="32843" /><E21/><V104/><F104/><W22/><G74/><T108/><D108/><U79/><E14/><V37/><F37/><W67/><G36/><T31/><D0/><U73/><E111/><V113/><F113/><N who="1" m="43593" /><E79/><N who="3" m="30218" /><G92/><T70/><D70/><U53/><E73/><V62/><F69/><W50/><G18/><T86/><D86/><U7/><E7/><V40/><F40/><W76/><N who="3" m="30226" /><W102/><DORA hai="38" /><G102/><AGARI ba="0,0" hai="44,51,53,94,98,102,120,121" m="43593,32843" machi="102" ten="30,1000,0" yaku="11,1" doraHai="61,38" who="1" fromWho="3" sc="250,0,250,10,250,0,250,-10" /><INIT seed="1,0,0,0,5,106" ten="250,260,250,240" oya="1" hai0="107,22,128,92,123,61,134,111,115,119,2,110,88" hai1="18,64,94,97,14,52,6,117,129,66,130,27,89" hai2="114,10,38,12,96,37,40,46,125,127,34,11,86" hai3="98,118,63,50,16,45,71,53,5,31,79,122,68"/><U65/><E117/><V3/><F114/><W73/><G122/><T41/><D115/><U102/><E6/><N who="2" m="1375" /><F34/><W15/><G118/><T126/><D119/><U57/><E89/><V21/><F21/><W109/><G109/><N who="0" m="41483" /><D107/><U17/><E27/><V23/><F23/><W35/><G5/><T91/><D2/><U9/><REACH who="1" step="1"/><E18/><REACH who="1" ten="250,250,250,240" step="2"/><V36/><F125/><W124/><G124/><T26/><D126/><U55/><E55/><V29/><F127/><W85/><G16/><N who="0" m="12615" /><D123/><U33/><E33/><V100/><F100/><W58/><G53/><T120/><D120/><U67/><N who="1" m="16384" /><DORA hai="25" /><U101/><E101/><V56/><F40/><W135/><G35/><T32/><D32/><U49/><AGARI ba="0,1" hai="9,14,17,49,52,57,94,97,102,129,130" m="16384" machi="49" ten="40,12000,1" yaku="1,1,0,1,54,1,53,1" doraHai="106,25" doraHaiUra="51,82" who="1" fromWho="1" sc="250,-40,250,130,250,-40,240,-40" /><INIT seed="1,1,0,1,1,17" ten="210,380,210,200" oya="1" hai0="99,91,66,131,44,100,84,10,74,2,64,40,87" hai1="95,106,59,50,128,121,19,97,68,52,107,118,38" hai2="28,94,119,72,33,22,71,12,26,3,24,132,14" hai3="122,4,123,78,126,55,32,37,96,114,30,76,117"/><U56/><E118/><V134/><F71/><W89/><G117/><T46/><D131/><U34/><E68/><V25/><F72/><W75/><G114/><T31/><D74/><U129/><E121/><V115/><F94/><W1/><G37/><T5/><D31/><U42/><E34/><V13/><F119/><W58/><G126/><T41/><D46/><U36/><E59/><V6/><F115/><W113/><G113/><T73/><D73/><U88/><E19/><N who="2" m="12383" /><F26/><W112/><G112/><T79/><D79/><U83/><E83/><V60/><F60/><W85/><G96/><T8/><D8/><AGARI ba="1,0" hai="3,6,8,12,13,14,25,28,33,132,134" m="12383" machi="8" ten="30,3900,0" yaku="34,2,52,1" doraHai="17" who="2" fromWho="0" sc="210,-42,380,0,210,42,200,0" /><INIT seed="2,0,0,0,0,84" ten="168,380,252,200" oya="2" hai0="67,103,135,46,110,50,31,15,129,44,18,39,66" hai1="92,41,53,7,12,88,111,35,124,25,16,79,130" hai2="125,86,29,131,89,22,9,59,54,11,77,19,13" hai3="36,94,27,56,114,20,90,43,30,118,95,100,60"/><V82/><F131/><W106/><G118/><T105/><D129/><U71/><E130/><V58/><F125/><W1/><G114/><T75/><D110/><U120/><E71/><V93/><F29/><W101/><G1/><T113/><D113/><U128/><E128/><V52/><F59/><W81/><G106/><T23/><D135/><U96/><E111/><V61/><REACH who="2" step="1"/><F54/><REACH who="2" ten="168,380,242,200" step="2"/><W73/><G56/><T32/><D31/><U2/><E124/><V98/><AGARI ba="0,1" hai="9,11,13,19,22,52,58,61,77,82,86,89,93,98" machi="98" ten="20,24000,3" yaku="1,1,2,1,0,1,7,1,8,1,52,1,54,1,53,2" doraHai="84" doraHaiUra="5" who="2" fromWho="2" sc="168,-80,380,-80,242,250,200,-80" /><INIT seed="2,1,0,5,4,117" ten="88,300,492,120" oya="2" hai0="62,59,29,79,67,123,125,34,44,31,47,88,111" hai1="7,70,20,72,83,57,58,126,135,98,63,19,130" hai2="27,134,50,24,101,69,2,43,21,1,65,120,133" hai3="122,91,40,0,16,77,48,105,52,73,6,3,36"/><V64/><F120/><W75/><G122/><T80/><D111/><U53/><E126/><V18/><F50/><W116/><G105/><T92/><D125/><U39/><E39/><V124/><F21/><W32/><G32/><T54/><D123/><U96/><E130/><V71/><F18/><W15/><G116/><T90/><D90/><U86/><E72/><V81/><F81/><W78/><G6/><T115/><D115/><U42/><E70/><V38/><F43/><W33/><G33/><T128/><D128/><U132/><E42/><V112/><F101/><W95/><G75/><T89/><D89/><U17/><E7/><V68/><F68/><W60/><G60/><T49/><D34/><U99/><E58/><V14/><F14/><W129/><G40/><T56/><D47/><U10/><E10/><V113/><F38/><W121/><G36/><T85/><REACH who="0" step="1"/><D56/><REACH who="0" ten="78,300,492,120" step="2"/><U102/><E102/><V114/><F113/><W22/><G121/><T37/><D37/><U103/><E103/><V106/><F124/><W119/><G129/><T97/><AGARI ba="1,1" hai="29,31,44,49,54,59,62,67,79,80,85,88,92,97" machi="97" ten="20,8000,1" yaku="1,1,0,1,7,1,8,1,54,1,53,0" doraHai="117" doraHaiUra="35" who="0" fromWho="0" sc="78,93,300,-21,492,-41,120,-21" /><INIT seed="3,0,0,5,2,98" ten="171,279,451,99" oya="3" hai0="106,12,30,100,134,23,47,116,69,15,22,109,60" hai1="129,20,132,125,10,41,72,103,101,90,85,76,55" hai2="124,53,80,110,42,99,94,118,79,78,121,117,122" hai3="70,13,81,43,48,102,92,35,84,126,33,6,68"/><W87/><G126/><T40/><D116/><U133/><E125/><V127/><F110/><W28/><G70/><T112/><D109/><U111/><E111/><V57/><F42/><W135/><G135/><N who="1" m="51786" /><E41/><V91/><F124/><W74/><G68/><T11/><D23/><U62/><E10/><V88/><F91/><W46/><G74/><T38/><D100/><U104/><E104/><V49/><F127/><W66/><G66/><T3/><D15/><U0/><E0/><V61/><F61/><W32/><G28/><T97/><D60/><U7/><E7/><V44/><F44/><W77/><G102/><T34/><D97/><U75/><E129/><V25/><F25/><W9/><REACH who="3" step="1"/><G92/><REACH who="3" ten="171,279,451,89" step="2"/><T54/><D69/><U16/><E75/><N who="2" m="43103" /><F94/><W31/><G31/><T108/><D30/><U4/><E72/><V50/><F117/><W2/><G2/><T58/><D3/><U107/><E107/><V128/><F118/><W26/><G26/><T83/><D106/><U24/><E101/><V96/><F121/><W36/><G36/><T65/><D38/><U114/><E103/><V89/><F122/><W52/><G52/><T123/><D54/><U86/><E55/><V131/><F53/><W67/><G67/><T113/><D65/><U51/><E62/><V119/><F131/><W95/><G95/><T8/><D134/><U14/><E51/><V64/><F50/><W82/><G82/><T21/><D83/><U63/><E63/><V45/><F49/><W37/><G37/><T120/><D123/><U59/><E24/><V18/><F128/><W93/><G93/><RYUUKYOKU ba="0,1" sc="171,-10,279,-10,451,-10,89,30" hai3="6,9,13,32,33,35,43,46,48,77,81,84,87" /><INIT seed="3,1,1,3,0,88" ten="161,269,441,119" oya="3" hai0="73,36,105,80,64,48,59,119,75,24,57,86,114" hai1="19,40,87,39,58,111,37,91,3,55,11,97,84" hai2="34,85,116,51,14,81,61,96,103,26,79,92,17" hai3="7,52,53,94,8,101,68,28,54,0,78,106,22"/><W120/><G120/><T99/><D36/><U50/><E111/><V110/><F110/><W109/><G109/><T107/><D119/><U117/><E117/><V20/><F116/><W16/><G68/><T44/><D114/><U63/><E97/><V93/><F61/><W130/><G130/><T72/><D24/><U31/><E31/><V135/><F135/><W83/><G106/><T133/><D133/><U98/><E98/><N who="2" m="59847" /><F51/><W90/><G101/><T123/><D123/><U131/><E131/><V32/><F32/><W23/><G28/><T132/><D132/><U49/><E87/><V46/><F46/><W66/><G66/><T10/><D10/><U4/><E19/><V18/><F34/><W124/><G124/><T6/><D6/><U126/><E50/><V45/><F45/><W12/><G23/><T125/><D125/><U74/><E74/><V25/><F18/><W82/><REACH who="3" step="1"/><G78/><REACH who="3" ten="161,269,441,109" step="2"/><N who="0" m="46359" /><D64/><U112/><E126/><V115/><F115/><W30/><G30/><T29/><D29/><U128/><E112/><V27/><F27/><W113/><G113/><T62/><D107/><U129/><E128/><V134/><F134/><W56/><G56/><T15/><D57/><U35/><E129/><V43/><F26/><W71/><G71/><T60/><D59/><U1/><E35/><V121/><F25/><W77/><G77/><T89/><D105/><U13/><E63/><V100/><F121/><W108/><G108/><T76/><D76/><U70/><E70/><V122/><F122/><W33/><G33/><T67/><D60/><U127/><E127/><V41/><AGARI ba="1,2" hai="14,17,20,41,43,79,81,85,93,96,100" m="59847" machi="41" ten="30,7900,0" yaku="5,1,8,1,52,2" doraHai="88" who="2" fromWho="2" sc="161,-21,269,-21,441,102,109,-40" owari="140,-26.0,248,4.8,543,64.3,69,-43.1" /></mjloggm>