<mjloggm ver="2.3"><GO type="225" lobby="0"/><UN n0="%4B%2E%32%2E%4B%2E" n1="%E3%81%A8%E3%82%93%E3%81%A8%E3%81%93%E3%81%A8%E3%82%93" n2="%E6%B8%A9%E2%98%85%E6%83%85%E2%98%85%E6%8E%AA%E2%98%85%E7%BD%AE" n3="%E3%81%BF%E3%81%BF%E3%81%9A" dan="16,16,17,17" rate="2120.59,2100.52,2223.06,2273.69" sx="M,F,M,M"/><TAIKYOKU oya="0"/><INIT seed="0,0,0,1,2,63" ten="250,250,250,250" oya="0" hai0="8,73,115,101,109,19,120,59,83,34,25,69,86" hai1="54,51,103,81,37,7,32,127,111,29,27,3,106" hai2="96,49,98,88,118,93,104,58,46,42,71,68,10" hai3="66,38,16,132,53,134,100,94,61,62,110,60,77"/><T117/><D115/><U21/><E37/><V39/><F118/><W107/><G110/><T65/><D117/><U84/><E111/><V14/><F104/><W15/><G38/><T82/><D120/><U135/><E135/><N who="3" m="51754" /><G77/><T91/><D109/><U17/><E127/><V11/><F11/><N who="3" m="6271" /><G53/><T129/><D129/><U57/><E103/><V31/><F31/><W4/><G4/><T64/><D69/><U36/><E36/><V123/><F123/><W102/><G107/><T76/><D101/><N who="3" m="39017" /><G94/><T78/><D78/><U72/><E72/><V108/><F108/><W122/><G122/><T90/><D90/><U45/><E106/><V0/><F0/><W105/><G105/><T22/><D8/><U56/><E3/><V9/><F9/><W74/><G74/><T40/><D40/><U126/><E126/><V67/><F98/><W41/><G41/><T12/><REACH who="0" step="1"/><D59/><AGARI ba="0,0" hai="59,60,61,62,66" m="39017,6271,51754" machi="59" ten="30,3900,0" yaku="20,1,52,1,54,1" doraHai="63" who="3" fromWho="0" sc="250,-39,250,0,250,0,250,39" /><INIT seed="1,0,0,4,3,40" ten="211,250,250,289" oya="1" hai0="102,84,80,3,42,63,52,103,11,55,69,85,122" hai1="73,39,5,17,30,32,6,90,101,28,59,67,26" hai2="2,13,113,116,107,24,50,56,112,93,124,0,31" hai3="71,91,127,114,33,60,51,53,120,66,65,125,36"/><U46/><E73/><V130/><F107/><W74/><G33/><T15/><D122/><U118/><E118/><V43/><F116/><W64/><G74/><T79/><D3/><U92/><E101/><V37/><F37/><W131/><G120/><T16/><D42/><U87/><E30/><V12/><F130/><W58/><G91/><T1/><D1/><N who="2" m="618" /><F93/><W96/><G96/><T82/><D69/><U128/><E128/><V9/><F9/><W134/><G131/><T115/><D115/><N who="2" m="44106" /><F124/><N who="3" m="47691" /><G114/><T99/><D63/><U57/><E17/><V100/><F100/><N who="0" m="38442" /><D99/><U61/><REACH who="1" step="1"/><E57/><REACH who="1" ten="211,240,250,289" step="2"/><V126/><F126/><W133/><G36/><T117/><D117/><U121/><E121/><V129/><F129/><W83/><G83/><T68/><D68/><U10/><E10/><V81/><F56/><W14/><G14/><T25/><D25/><U4/><E4/><V49/><F81/><W104/><G104/><T7/><D7/><U18/><E18/><V8/><F13/><W41/><G71/><T27/><D27/><U86/><E86/><V123/><F123/><W62/><G62/><T44/><D44/><AGARI ba="0,1" hai="41,44,51,53,58,60,64,65,66,133,134" m="47691" machi="44" ten="40,8000,1" yaku="18,1,34,2,52,1" doraHai="40" who="3" fromWho="0" sc="211,-80,240,0,250,0,289,90" /><INIT seed="2,0,0,3,0,10" ten="131,240,250,379" oya="2" hai0="97,130,96,75,56,67,73,76,19,129,112,128,116" hai1="17,110,120,122,71,61,66,102,127,47,26,51,91" hai2="33,39,59,82,14,92,1,89,90,7,49,2,114" hai3="68,36,123,107,11,46,84,20,63,57,34,35,119"/><V134/><F114/><W131/><G119/><T85/><D67/><U4/><E102/><V105/><F105/><W88/><G123/><T40/><D40/><U23/><E110/><V37/><F33/><W29/><G107/><T74/><D56/><U135/><E135/><V78/><F134/><W16/><G68/><T108/><D19/><U106/><E106/><V70/><F70/><W18/><G131/><T121/><D121/><U93/><E4/><V25/><F25/><W133/><G133/><T60/><D60/><U38/><E38/><V44/><F59/><W100/><G100/><T5/><D5/><U94/><E94/><V22/><F1/><W32/><G11/><T12/><D112/><U72/><E72/><V31/><F2/><W42/><G29/><T125/><D12/><U15/><E26/><V86/><F31/><W69/><G20/><T43/><D43/><U126/><E122/><V103/><F103/><W8/><G8/><T132/><D132/><U30/><E30/><V77/><F39/><W83/><REACH who="3" step="1"/><G69/><REACH who="3" ten="131,240,250,369" step="2"/><T21/><D116/><U101/><E101/><V50/><F22/><W9/><G9/><T111/><D21/><U45/><E120/><V24/><F7/><W98/><G98/><N who="0" m="37995" /><D125/><N who="1" m="47627" /><E51/><V80/><F49/><W65/><AGARI ba="0,1" hai="16,18,32,34,35,36,42,46,57,63,65,83,84,88" machi="65" ten="30,7900,0" yaku="1,1,0,1,54,2,53,0" doraHai="10" doraHaiUra="104" who="3" fromWho="3" sc="131,-20,240,-20,250,-39,369,89" /><INIT seed="3,0,0,5,2,47" ten="111,220,211,458" oya="3" hai0="3,35,78,22,61,16,24,0,96,112,94,135,109" hai1="54,127,122,49,63,9,2,65,58,104,30,70,48" hai2="15,62,29,33,64,20,44,98,125,99,55,107,73" hai3="43,123,36,17,14,72,53,23,106,101,10,32,31"/><W1/><G123/><T91/><D109/><U5/><E122/><V126/><F73/><W81/><G53/><T34/><D135/><U128/><E104/><V79/><F79/><N who="3" m="44263" /><G101/><T27/><D112/><U7/><E128/><V114/><F33/><W93/><G93/><T131/><D131/><U102/><E127/><N who="2" m="48651" /><F107/><W28/><G106/><T117/><D117/><U19/><E102/><V57/><F114/><W45/><G32/><T87/><D61/><U130/><E130/><V13/><F29/><W74/><G74/><T59/><D59/><U37/><E37/><V83/><F83/><W39/><G39/><T42/><D42/><U11/><E30/><V51/><F20/><W86/><G86/><T134/><D134/><U100/><E100/><V115/><F115/><W21/><G21/><T4/><D4/><AGARI ba="0,0" hai="1,4,10,14,17,23,28,31,36,43,45" m="44263" machi="4" ten="30,1500,0" yaku="25,1" doraHai="47" who="3" fromWho="0" sc="111,-15,220,0,211,0,458,15" owari="96,-40.4,220,2.0,211,-18.9,473,57.3" /></mjloggm>