<mjloggm ver="2.3"><GO type="225" lobby="0"/><UN n0="%E5%A4%9C%E3%81%AE%E3%82%AC%E3%82%B9%E3%83%91%E3%83%BC%E3%83%AB" n1="%E3%81%A4%E3%81%A3%E3%81%B1%E3%82%8A%E3%83%9D%E3%83%BC%E3%83%AB" n2="%4D%6F%6E%61%6E%61" n3="%44%2E%65%61%67%6C%65" dan="17,17,16,17" rate="2188.70,2189.21,2127.43,2140.46" sx="M,M,F,M"/><TAIKYOKU oya="0"/><INIT seed="0,0,0,0,5,65" ten="250,250,250,250" oya="0" hai0="33,62,83,42,134,85,129,59,80,17,119,82,94" hai1="126,77,103,20,120,66,16,28,96,87,130,63,21" hai2="81,133,41,118,8,128,106,56,70,53,14,9,67" hai3="135,95,110,105,57,25,71,90,64,30,100,6,86"/><T109/><D119/><U112/><E120/><V46/><F118/><W26/><G26/><T19/><D33/><U115/><E130/><V15/><F128/><W24/><G24/><T122/><D129/><U0/><E0/><V48/><F133/><W75/><G57/><T43/><D122/><U32/><E126/><V84/><F106/><W38/><G110/><T44/><D134/><U114/><E28/><V40/><F41/><W76/><G6/><T121/><D121/><U116/><E32/><V39/><F14/><W88/><G90/><N who="0" m="53583" /><D109/><U52/><E116/><V60/><REACH who="2" step="1"/><F15/><REACH who="2" ten="250,250,240,250" step="2"/><W3/><G135/><T34/><D43/><U58/><E114/><V7/><F7/><W45/><G3/><T4/><D4/><U47/><E115/><V54/><F54/><W99/><G38/><T37/><D37/><U101/><E112/><V92/><F92/><W2/><G2/><T78/><D42/><U74/><E52/><V12/><F12/><W1/><G1/><T131/><D131/><U51/><E74/><V124/><F124/><W18/><G75/><T13/><D13/><U11/><E11/><V117/><F117/><W69/><G25/><T97/><D83/><N who="1" m="47599" /><E21/><V123/><F123/><W104/><G104/><T73/><D34/><U91/><E20/><V125/><F125/><W79/><G105/><T113/><D113/><U72/><E72/><V111/><F111/><W23/><G23/><T127/><D127/><U93/><E16/><V29/><F29/><W108/><G18/><T61/><D19/><U50/><E47/><V55/><F55/><W5/><G108/><RYUUKYOKU ba="0,1" sc="250,-15,250,15,240,15,250,-15" hai1="50,51,58,63,66,91,93,96,101,103" hai2="8,9,39,40,46,48,53,56,60,67,70,81,84" /><INIT seed="1,1,1,3,0,107" ten="235,265,255,235" oya="1" hai0="15,25,108,59,66,0,98,84,41,128,119,44,57" hai1="68,58,90,17,83,48,123,54,135,70,1,117,105" hai2="9,132,47,36,74,87,93,56,112,46,69,82,37" hai3="111,63,76,8,127,19,88,124,53,62,102,114,103"/><U18/><E123/><V16/><F69/><W89/><G114/><T71/><D119/><U39/><E117/><V115/><F132/><W3/><G111/><T2/><D108/><U10/><E135/><V60/><F93/><W106/><G76/><T42/><D128/><U21/><E39/><V7/><F37/><W129/><G129/><T65/><D25/><U49/><E105/><V134/><F36/><W113/><G113/><N who="2" m="43593" /><F134/><W22/><G8/><T51/><D98/><U40/><E40/><V121/><F87/><W77/><G77/><T30/><D30/><U75/><E49/><V4/><F121/><W38/><G3/><T67/><D84/><U33/><E33/><V126/><F126/><N who="3" m="48171" /><G38/><T13/><D67/><U28/><E70/><V125/><F125/><W97/><G103/><T131/><D131/><U86/><E68/><V34/><F34/><W101/><G101/><T45/><D71/><U85/><E85/><V109/><F109/><W6/><G6/><N who="2" m="2089" /><F82/><W24/><G53/><T14/><D14/><N who="1" m="7383" /><E1/><V99/><F99/><W100/><G102/><T23/><D51/><U72/><E83/><V104/><F104/><W11/><G11/><T26/><D26/><U5/><E48/><V116/><F116/><W32/><G32/><T20/><AGARI ba="1,1" hai="0,2,13,15,20,23,41,42,44,45,57,59,65,66" machi="20" ten="25,3200,0" yaku="0,1,22,2" doraHai="107" who="0" fromWho="0" sc="235,45,265,-17,255,-9,235,-9" /><INIT seed="2,0,0,3,5,28" ten="280,248,246,226" oya="2" hai0="22,89,38,94,0,47,20,13,102,39,56,17,86" hai1="130,74,126,1,106,79,121,50,46,10,125,2,55" hai2="92,97,57,45,49,84,134,101,93,61,117,75,128" hai3="70,53,87,115,77,26,132,82,118,33,95,129,90"/><V119/><F75/><W54/><G118/><T36/><D0/><U9/><E106/><V44/><F134/><W81/><G70/><T7/><D7/><U123/><E130/><V72/><F72/><W80/><G132/><T37/><D102/><U76/><E74/><V65/><F128/><W32/><G129/><T96/><D22/><U6/><E10/><V35/><F35/><W18/><G77/><N who="1" m="29770" /><E1/><V116/><F45/><W69/><G69/><T34/><D34/><U59/><E46/><V43/><REACH who="2" step="1"/><F84/><REACH who="2" ten="280,248,236,226" step="2"/><W27/><G115/><T88/><D47/><U78/><E78/><V5/><F5/><W12/><G33/><T62/><D36/><U19/><E19/><V107/><AGARI ba="0,1" hai="43,44,49,57,61,65,92,93,97,101,107,116,117,119" machi="107" ten="30,3000,0" yaku="1,1,0,1,53,0" doraHai="28" doraHaiUra="31" who="2" fromWho="2" sc="280,-10,248,-10,236,40,226,-10" /><INIT seed="2,1,0,4,3,56" ten="270,238,276,216" oya="2" hai0="60,121,51,55,98,104,82,97,3,10,131,116,29" hai1="105,75,87,95,46,81,59,129,39,107,18,0,89" hai2="48,62,17,2,32,115,25,40,130,5,68,102,35" hai3="123,11,71,84,88,26,6,103,120,77,111,96,70"/><V64/><F115/><W1/><G111/><T33/><D121/><U119/><E119/><V92/><F130/><W66/><G77/><T132/><D131/><U45/><E129/><V47/><F2/><W14/><G71/><T20/><D33/><U16/><E0/><V44/><F5/><W117/><G117/><T9/><D116/><U122/><E122/><V86/><F47/><N who="1" m="17929" /><E107/><V13/><F25/><W114/><G114/><T79/><D132/><U93/><E105/><V106/><F106/><W63/><G26/><N who="0" m="16583" /><D104/><U52/><E75/><V49/><F49/><W118/><G118/><T108/><D51/><N who="1" m="31135" /><E39/><V19/><F19/><AGARI ba="1,0" hai="16,18,19,81,87,89,93,95" m="31135,17929" machi="19" ten="30,3900,0" yaku="8,1,54,2" doraHai="56" who="1" fromWho="2" sc="270,0,238,42,276,-42,216,0" /><INIT seed="3,0,0,4,4,64" ten="270,280,234,216" oya="3" hai0="76,96,93,86,118,130,68,18,84,121,48,40,127" hai1="47,20,44,23,54,34,70,38,49,75,59,89,46" hai2="100,4,101,109,43,98,12,92,5,117,88,24,16" hai3="21,106,51,9,61,13,31,123,126,94,15,133,115"/><W37/><G123/><T11/><D121/><U128/><E34/><V108/><F24/><W6/><G115/><T102/><D118/><U120/><E120/><V80/><F43/><W77/><G106/><T63/><D130/><U83/><E38/><V112/><F112/><W57/><G37/><T29/><D127/><U74/><E128/><V0/><F0/><W110/><G133/><T132/><D132/><U72/><REACH who="1" step="1"/><E70/><REACH who="1" ten="270,270,234,216" step="2"/><V42/><F117/><W107/><G126/><T3/><D68/><U66/><E66/><V85/><F108/><W7/><G110/><T19/><D3/><U62/><E62/><V55/><F109/><W58/><G51/><T53/><D63/><U33/><E33/><V45/><F55/><W2/><G61/><T41/><D53/><U95/><E95/><V82/><F82/><W35/><G107/><T125/><D48/><U26/><E26/><V60/><F60/><W10/><G94/><T87/><D125/><U119/><E119/><V30/><F42/><W79/><G35/><T91/><D41/><U113/><E113/><V27/><F80/><W56/><G2/><T131/><D40/><U99/><E99/><V36/><F36/><W78/><G31/><T81/><D131/><U25/><E25/><V17/><F98/><W39/><G39/><T22/><D29/><U90/><E90/><V105/><F30/><W103/><G103/><N who="2" m="39497" /><F105/><W129/><G129/><T32/><D32/><U8/><E8/><V52/><F27/><W28/><G28/><T124/><D124/><U111/><E111/><V67/><F92/><W71/><G71/><RYUUKYOKU ba="0,1" sc="270,-15,270,15,234,-15,216,15" hai1="20,23,44,46,47,49,54,59,72,74,75,83,89" hai3="6,7,9,10,13,15,21,56,57,58,77,78,79" /><INIT seed="3,1,1,0,5,53" ten="255,285,219,231" oya="3" hai0="25,72,62,51,21,41,39,29,134,104,78,20,77" hai1="105,66,91,23,122,12,126,26,49,33,47,129,130" hai2="1,115,119,125,34,42,123,108,65,101,120,99,74" hai3="63,7,80,69,121,40,109,103,30,50,94,46,2"/><W100/><G121/><N who="2" m="46665" /><F115/><W118/><G118/><T71/><D39/><U82/><E105/><V85/><F108/><W117/><G117/><T52/><D104/><U93/><E122/><V92/><F119/><W35/><G94/><T113/><D113/><U132/><E33/><V84/><F125/><W17/><G17/><T38/><D134/><U124/><E66/><V56/><F1/><W73/><G109/><T15/><D72/><U133/><E12/><V87/><F34/><W68/><G50/><T24/><D15/><U61/><E61/><N who="2" m="38055" /><F42/><W45/><G45/><N who="0" m="26031" /><D71/><U16/><E82/><V128/><F74/><W13/><G13/><T8/><D38/><U32/><E32/><V97/><F97/><W116/><G63/><T3/><D8/><U107/><E107/><V27/><F27/><N who="3" m="18911" /><G103/><T5/><D5/><U89/><E133/><V112/><F112/><W102/><G100/><T111/><D3/><U31/><E132/><V14/><F14/><W58/><G102/><T44/><D111/><U9/><E126/><V48/><F48/><N who="3" m="26695" /><G58/><N who="0" m="35143" /><D44/><U57/><E57/><V76/><F76/><N who="3" m="44047" /><G116/><T19/><AGARI ba="1,1" hai="19,20,21,24,25,29,77,78" m="35143,26031" machi="19" ten="30,4000,0" yaku="8,1,52,1,54,1" doraHai="53" who="0" fromWho="0" sc="255,53,285,-11,219,-11,231,-21" owari="308,40.8,274,7.4,208,-29.2,210,-19.0" /></mjloggm>