<mjloggm ver="2.3"><GO type="225" lobby="0"/><UN n0="%6D%75%75%6D%75%72%61" n1="%72%69%6F%75%63%68%61%6E" n2="%73%69%72%6F%75%74" n3="%E3%81%AF%E3%82%88%E3%81%8A%E3%81%98%E3%81%95%E3%82%93" dan="17,17,16,16" rate="2177.87,2239.02,2028.25,2139.17" sx="F,M,M,M"/><TAIKYOKU oya="0"/><INIT seed="0,0,0,2,1,46" ten="250,250,250,250" oya="0" hai0="50,135,128,80,62,132,51,94,60,129,3,47,105" hai1="87,127,133,78,34,25,59,115,116,111,2,57,10" hai2="108,134,81,101,109,31,102,93,13,43,100,42,85" hai3="125,68,32,56,95,91,69,65,49,38,16,36,4"/><T104/><D3/><U22/><E111/><N who="2" m="42571" /><F31/><W121/><G32/><T82/><D47/><U83/><E127/><V97/><F13/><W70/><G4/><T63/><D63/><U5/><E133/><V123/><F123/><W41/><G95/><AGARI ba="0,0" hai="50,51,60,62,80,82,94,95,104,105,128,129,132,135" machi="95" ten="25,9600,0" yaku="22,2,52,2" doraHai="46" who="0" fromWho="3" sc="250,96,250,0,250,0,250,-96" /><INIT seed="0,1,0,1,0,30" ten="346,250,250,154" oya="0" hai0="86,74,54,110,80,120,64,29,24,56,63,57,98" hai1="3,78,133,4,13,61,49,36,101,92,126,96,123" hai2="87,20,70,6,130,34,32,67,106,14,112,45,124" hai3="58,100,5,33,16,77,25,66,104,47,127,7,55"/><T82/><D120/><U71/><E123/><V102/><F112/><W0/><G127/><T60/><D110/><U65/><E133/><V12/><F124/><W26/><G77/><T105/><D74/><U119/><E126/><V69/><F87/><W113/><G113/><T91/><D105/><U107/><E119/><V38/><F102/><W15/><G66/><T44/><D44/><U128/><E128/><V134/><F130/><W121/><G121/><T68/><D98/><U135/><E135/><V114/><F134/><W129/><G129/><T85/><D68/><U53/><E3/><V99/><F114/><W52/><G0/><T122/><D122/><U11/><E36/><V48/><F38/><W95/><G104/><T8/><D8/><U84/><E107/><V43/><F99/><N who="3" m="59519" /><G33/><T23/><REACH who="0" step="1"/><D85/><REACH who="0" ten="336,250,250,154" step="2"/><U93/><E84/><V28/><F70/><W42/><G47/><T73/><D73/><U81/><E96/><V88/><F69/><W109/><G42/><T27/><D27/><N who="3" m="10249" /><G109/><T79/><D79/><U62/><E78/><V76/><F76/><W37/><G37/><T97/><D97/><U75/><E101/><V111/><F111/><W22/><G55/><T108/><D108/><U51/><E75/><V50/><F106/><W90/><G90/><T10/><D10/><U1/><E81/><AGARI ba="1,1" hai="23,24,29,54,56,57,60,63,64,80,81,82,86,91" machi="81" ten="30,5800,0" yaku="1,1,7,1,8,1,53,0" doraHai="30" doraHaiUra="41" who="0" fromWho="1" sc="336,71,250,-61,250,0,154,0" /><INIT seed="0,2,0,2,0,104" ten="407,189,250,154" oya="0" hai0="92,49,28,93,91,11,26,67,6,135,61,78,98" hai1="47,118,20,113,125,95,1,17,131,13,89,34,31" hai2="134,46,120,39,43,30,102,107,83,53,2,50,25" hai3="119,48,121,38,79,77,124,99,21,84,112,94,71"/><T129/><D129/><U68/><E118/><V29/><F134/><W70/><G38/><T59/><D135/><U62/><E125/><V122/><F2/><W14/><G112/><T123/><D123/><U69/><E131/><V24/><F102/><W63/><G119/><T36/><D36/><U8/><E113/><V90/><F107/><W45/><G124/><T18/><D92/><U97/><E47/><V15/><F15/><W7/><G121/><T101/><D49/><U82/><E62/><V108/><F108/><W115/><G115/><T22/><D78/><U80/><E80/><V106/><F106/><W54/><G63/><T81/><D81/><U4/><REACH who="1" step="1"/><E82/><REACH who="1" ten="407,179,250,154" step="2"/><V114/><F114/><W87/><G77/><T60/><D61/><U96/><E96/><V16/><F83/><W76/><G79/><T72/><D60/><U117/><E117/><V3/><F122/><W75/><G76/><T110/><D98/><U105/><E105/><V23/><F120/><W5/><G87/><T41/><D110/><U10/><E10/><V109/><F109/><W58/><G84/><T132/><D11/><U126/><E126/><V32/><F46/><W52/><G45/><T65/><D132/><U86/><E86/><V37/><F37/><W35/><G99/><T33/><D67/><U127/><E127/><V40/><F39/><W133/><G133/><T66/><D65/><U85/><E85/><V9/><F9/><N who="3" m="4399" /><G71/><T55/><D66/><U19/><E19/><V57/><F16/><W116/><G70/><T111/><D111/><U42/><E42/><V74/><F43/><RYUUKYOKU ba="2,1" sc="407,-10,179,30,250,-10,154,-10" hai1="1,4,8,13,17,20,31,34,68,69,89,95,97" /><INIT seed="1,3,1,1,4,110" ten="397,209,240,144" oya="1" hai0="6,116,98,25,68,13,99,60,130,101,117,33,49" hai1="132,106,108,100,91,84,104,34,23,7,64,83,131" hai2="20,22,26,1,43,53,55,18,66,69,45,122,47" hai3="52,11,31,16,35,105,95,29,92,30,114,56,102"/><U109/><E34/><V89/><F1/><W32/><G114/><T73/><D73/><U27/><E131/><V113/><F122/><W123/><G123/><T96/><D130/><U28/><E132/><V70/><F113/><W74/><G74/><T5/><D49/><U85/><E7/><V75/><F75/><W127/><G127/><T44/><D44/><U51/><E64/><V82/><F66/><W135/><G135/><T115/><D115/><U134/><E134/><V79/><F89/><W50/><G105/><N who="0" m="63655" /><D99/><U133/><E133/><V112/><F112/><W2/><G2/><T126/><D98/><U57/><E100/><V65/><F20/><W77/><G77/><T10/><D6/><U119/><E119/><V14/><F26/><W41/><G41/><T124/><D124/><U36/><E36/><V86/><F47/><W48/><G102/><T62/><D62/><U21/><E23/><V37/><REACH who="2" step="1"/><F65/><REACH who="2" ten="397,209,230,144" step="2"/><W17/><G35/><T42/><D126/><U40/><E109/><V39/><F39/><W54/><G32/><T128/><D128/><U80/><E108/><V97/><F97/><W63/><G11/><T3/><D3/><U107/><E57/><V67/><F67/><W93/><G63/><T71/><D33/><U129/><E129/><V12/><F12/><W72/><G72/><T103/><D117/><U76/><E51/><V87/><F87/><W46/><AGARI ba="3,2" hai="16,17,29,30,31,46,48,50,52,54,56,92,93,95" machi="46" ten="30,7900,0" yaku="0,1,8,1,54,2" doraHai="110" who="3" fromWho="3" sc="397,-23,209,-42,230,-23,144,108" /><INIT seed="2,0,0,2,2,89" ten="374,167,207,252" oya="2" hai0="39,26,93,108,51,135,85,126,109,131,121,115,92" hai1="12,14,133,20,61,63,78,96,104,60,1,114,127" hai2="11,36,107,28,65,3,19,44,100,77,105,23,73" hai3="125,8,87,33,42,4,112,86,2,124,25,99,15"/><V76/><F65/><W46/><G112/><T116/><D39/><U48/><E114/><V118/><F118/><W34/><G2/><T6/><D115/><U29/><E1/><V62/><F62/><N who="1" m="15873" /><U95/><DORA hai="68" /><E104/><V59/><F59/><W82/><G99/><T79/><D121/><U101/><E127/><N who="3" m="48714" /><G25/><T16/><D126/><U38/><E38/><V132/><F28/><W129/><G129/><T21/><D131/><U88/><E133/><V30/><F30/><W55/><G55/><T69/><D135/><U71/><E71/><V37/><F132/><W45/><G87/><T43/><D69/><U58/><E78/><V35/><F35/><N who="3" m="13323" /><G42/><T70/><D70/><U111/><E111/><N who="0" m="42569" /><D6/><U0/><E0/><V74/><F3/><W64/><G64/><T80/><D116/><U9/><E101/><V91/><F100/><W98/><G98/><T81/><D81/><U117/><E117/><V13/><F107/><W40/><G40/><T7/><D7/><N who="1" m="3135" /><E29/><V50/><F105/><W123/><G123/><T54/><D43/><U22/><E14/><V47/><F13/><W5/><G4/><T110/><D110/><U72/><E72/><V128/><F128/><W122/><G122/><T97/><D97/><U27/><E27/><V18/><F73/><W120/><G120/><T52/><D54/><AGARI ba="0,0" hai="20,22,48,54,58,88,95,96" m="3135,15873" machi="54" ten="30,3900,0" yaku="8,1,52,1,54,1" doraHai="89,68" who="1" fromWho="0" sc="374,-39,167,39,207,0,252,0" /><INIT seed="3,0,0,1,5,37" ten="335,206,207,252" oya="3" hai0="15,26,101,117,119,60,17,14,122,81,111,30,94" hai1="92,135,127,57,13,90,59,124,100,121,114,120,126" hai2="102,85,128,33,131,103,18,32,25,54,75,20,110" hai3="34,69,123,98,70,109,38,35,40,96,16,2,10"/><W68/><G123/><N who="1" m="47178" /><E114/><V112/><F75/><W6/><G109/><T3/><D111/><U22/><E135/><V28/><F112/><W95/><G96/><T31/><D81/><U62/><E100/><V93/><F110/><W86/><G86/><T44/><D60/><U97/><E62/><V47/><F33/><W50/><G38/><T66/><D44/><U79/><E79/><V29/><F103/><W125/><G125/><N who="1" m="32002" /><U76/><DORA hai="80" /><E76/><V9/><F9/><W67/><G67/><T83/><D30/><N who="2" m="11882" /><F32/><W99/><G35/><T113/><D26/><U36/><E36/><V52/><F47/><W27/><G34/><T4/><D17/><AGARI ba="0,0" hai="13,17,22,57,59,90,92,97" m="32002,47178" machi="17" ten="50,1600,0" yaku="18,1" doraHai="37,80" who="1" fromWho="0" sc="335,-16,206,16,207,0,252,0" owari="319,41.9,222,-17.8,207,-29.3,252,5.2" /></mjloggm>