<mjloggm ver="2.3"><GO type="225" lobby="0"/><UN n0="%E5%B8%86%E7%AB%8B%E5%A4%8F%E8%A1%A3" n1="%E3%81%AF%E3%82%88%E3%81%8A%E3%81%98%E3%81%95%E3%82%93" n2="%33%74%72%65%65" n3="%E3%81%A1%E3%82%85%E3%81%86%E3%81%A9%E3%81%8F%E8%B1%A1%E3%81%95%E3%82%93" dan="17,16,17,17" rate="2156.84,2154.21,2225.43,2178.76" sx="M,M,F,M"/><TAIKYOKU oya="0"/><BYE who="1" /><INIT seed="0,0,0,4,0,81" ten="250,250,250,250" oya="0" hai0="92,123,27,35,15,109,50,80,87,43,110,51,96" hai1="88,70,91,3,57,103,2,56,12,77,114,33,112" hai2="59,46,89,130,95,116,13,132,79,108,93,61,106" hai3="53,31,55,29,6,21,125,18,131,58,23,111,76"/><T4/><D123/><UN n1="%E3%81%AF%E3%82%88%E3%81%8A%E3%81%98%E3%81%95%E3%82%93" /><U40/><E70/><V73/><F116/><W60/><G111/><N who="0" m="42507" /><D43/><U39/><E33/><V115/><F108/><W68/><G68/><T54/><D54/><U36/><E12/><V41/><F106/><W129/><G76/><N who="0" m="46471" /><D4/><U69/><E69/><V97/><F41/><W0/><G125/><T63/><D63/><U124/><E40/><V64/><F61/><W135/><G135/><T86/><D15/><U11/><E77/><V9/><F13/><W8/><G55/><T127/><D127/><U65/><E124/><V67/><F132/><W113/><G113/><N who="1" m="43626" /><E103/><V19/><F115/><W22/><REACH who="3" step="1"/><G18/><REACH who="3" ten="250,250,250,240" step="2"/><T24/><D35/><U121/><E65/><V52/><F64/><W62/><G62/><T45/><D45/><U133/><E133/><V66/><F46/><W37/><G37/><T38/><D38/><U5/><E36/><V25/><F66/><W7/><G7/><T122/><D122/><U117/><E121/><V34/><F67/><W94/><G94/><T102/><D51/><U107/><E39/><V78/><F93/><W75/><G75/><T26/><D50/><U14/><E107/><V85/><F52/><W100/><G100/><T48/><D48/><U20/><E56/><V72/><F59/><W74/><G74/><T126/><D126/><U84/><E57/><V32/><F73/><W119/><G119/><T99/><D102/><U71/><E117/><V90/><F72/><W82/><G82/><T101/><D101/><U134/><E71/><V17/><F17/><W42/><G42/><T10/><D10/><N who="1" m="4431" /><E134/><V1/><F9/><RYUUKYOKU ba="0,1" sc="250,15,250,-15,250,-15,240,15" hai0="24,26,27,86,92,96,99" hai3="0,6,8,21,22,23,29,31,53,58,60,129,131" /><INIT seed="0,1,1,0,3,81" ten="265,235,235,255" oya="0" hai0="122,33,41,112,129,102,125,111,110,31,91,77,128" hai1="1,61,105,27,43,5,24,21,119,53,30,49,28" hai2="108,46,20,11,87,100,71,42,115,134,51,37,74" hai3="124,135,94,75,10,69,127,93,86,32,131,0,52"/><T130/><D41/><U47/><E119/><V9/><F115/><W35/><G75/><T22/><D112/><U18/><E105/><V82/><F108/><N who="0" m="41514" /><D122/><U90/><E1/><V79/><F134/><W95/><G69/><T117/><D117/><U57/><E5/><V12/><F71/><W4/><G135/><T107/><D125/><N who="3" m="48201" /><G131/><T78/><D91/><U84/><REACH who="1" step="1"/><E24/><REACH who="1" ten="265,225,235,255" step="2"/><V83/><F37/><W60/><G0/><T63/><D107/><U6/><E6/><V13/><F13/><W120/><G120/><T106/><D106/><U7/><E7/><V80/><F12/><W3/><G3/><T72/><D129/><U126/><E126/><V109/><F109/><W121/><G121/><T114/><D130/><U96/><E96/><V58/><F9/><W132/><G4/><T68/><D128/><U50/><E50/><V19/><F11/><W54/><G10/><T70/><D114/><U55/><E55/><N who="3" m="21034" /><G132/><T59/><D70/><U36/><E36/><V99/><F51/><W2/><G2/><T133/><D68/><U85/><E85/><V39/><F87/><W101/><G86/><T26/><D133/><U15/><E15/><V34/><F99/><N who="3" m="59631" /><G60/><T23/><D72/><U48/><E48/><V88/><F39/><W89/><G89/><T104/><D104/><U97/><E97/><V17/><F88/><W116/><G116/><T103/><D103/><U64/><E64/><V62/><F100/><W98/><G98/><T76/><D102/><U29/><E29/><V14/><F74/><W40/><G40/><T92/><D92/><AGARI ba="1,2" hai="18,21,27,28,30,43,47,49,53,57,61,84,90,92" machi="92" ten="30,8000,1" yaku="1,1,7,1,8,1,52,1,53,1" doraHai="81" doraHaiUra="45" who="1" fromWho="0" sc="265,-83,225,103,235,0,255,0" /><AGARI ba="1,0" hai="32,35,92,94,95" m="59631,21034,48201" machi="92" ten="30,2000,0" yaku="18,1,54,1" doraHai="81" who="3" fromWho="0" sc="182,-20,328,0,235,0,255,20" /><INIT seed="1,0,0,4,0,63" ten="162,328,235,275" oya="1" hai0="71,90,130,110,10,87,107,56,35,40,38,36,79" hai1="122,83,32,64,120,15,1,70,84,123,89,41,26" hai2="33,5,29,111,77,99,128,68,100,134,131,74,112" hai3="0,113,57,37,66,14,17,9,126,20,55,80,31"/><U62/><E1/><V93/><F111/><W94/><G113/><T51/><D110/><U65/><E41/><V72/><F112/><W106/><G37/><T117/><D130/><N who="2" m="49706" /><F134/><W46/><G106/><T16/><D117/><U34/><E26/><N who="2" m="18615" /><F77/><W12/><G126/><T58/><D107/><U60/><REACH who="1" step="1"/><E15/><REACH who="1" ten="162,318,235,275" step="2"/><V104/><F104/><W91/><G0/><T50/><D40/><U73/><E73/><V92/><F74/><W13/><G12/><T49/><D38/><U6/><E6/><V101/><F72/><W96/><G13/><T61/><D36/><U124/><E124/><V97/><F5/><W24/><G14/><T127/><D127/><U95/><E95/><V8/><F8/><W125/><G9/><T105/><D10/><U25/><E25/><V76/><F92/><W116/><G125/><T3/><D105/><U54/><E54/><V42/><F93/><W27/><G116/><T67/><D3/><U53/><E53/><V109/><F42/><W47/><G55/><T21/><D35/><U18/><E18/><V85/><F109/><W86/><G24/><T82/><REACH who="0" step="1"/><D79/><REACH who="0" ten="152,318,235,275" step="2"/><U69/><AGARI ba="0,2" hai="32,34,60,62,64,65,69,70,83,84,89,120,122,123" machi="69" ten="30,12000,1" yaku="1,1,0,1,9,1,52,2,53,0" doraHai="63" doraHaiUra="133" who="1" fromWho="1" sc="152,-40,318,140,235,-40,275,-40" /><INIT seed="1,1,0,0,5,58" ten="112,458,195,235" oya="1" hai0="46,81,6,77,52,54,17,108,35,23,82,0,16" hai1="98,100,27,67,70,13,87,128,45,49,31,89,83" hai2="113,34,3,42,132,7,43,12,135,116,101,44,96" hai3="5,84,85,62,105,115,106,8,123,68,51,53,14"/><U33/><E128/><V30/><F116/><W124/><G115/><T104/><D108/><U37/><E37/><V20/><F113/><W32/><G123/><T75/><D104/><U22/><E70/><V95/><F3/><W1/><G32/><T109/><D109/><U21/><E67/><V86/><F34/><W119/><G119/><T107/><D107/><U59/><E59/><V71/><F71/><W4/><G124/><T29/><D81/><U64/><E64/><V78/><F30/><W47/><G105/><T91/><D91/><U48/><E48/><N who="2" m="26647" /><F43/><W39/><G106/><T80/><D80/><U56/><E56/><V103/><F103/><W63/><G68/><T28/><D17/><N who="1" m="10415" /><E33/><V126/><F126/><W125/><G39/><T134/><D134/><U111/><E111/><V114/><F114/><W40/><G125/><T24/><D46/><U92/><E49/><V120/><F120/><W74/><G74/><T60/><D60/><N who="3" m="23081" /><G1/><T57/><D57/><U118/><E118/><V93/><F78/><W36/><G36/><T130/><D130/><U117/><E117/><V102/><F132/><W9/><G40/><T129/><D129/><U18/><E45/><V121/><F121/><W19/><G8/><N who="0" m="2119" /><D29/><AGARI ba="1,0" hai="18,22,27,29,31,83,87,89,92,98,100" m="10415" machi="29" ten="30,1500,0" yaku="8,1" doraHai="58" who="1" fromWho="0" sc="112,-18,458,18,195,0,235,0" /><INIT seed="1,2,0,2,2,75" ten="94,476,195,235" oya="1" hai0="73,22,105,6,36,45,76,42,135,38,123,0,87" hai1="82,66,77,35,53,52,127,61,33,108,32,84,86" hai2="128,133,46,78,112,65,71,124,51,103,15,29,97" hai3="10,64,21,113,90,28,63,50,27,85,99,80,54"/><U102/><E127/><V34/><F124/><W5/><G113/><T110/><D123/><U62/><E108/><V41/><F112/><W16/><G99/><T118/><D22/><U131/><E131/><V30/><F128/><W24/><G24/><T98/><D87/><U115/><E115/><V48/><F133/><W13/><G63/><T109/><D38/><U67/><E102/><V2/><F2/><W23/><G64/><T116/><D98/><U60/><E86/><V104/><F71/><W125/><G125/><T111/><D105/><U72/><E72/><V57/><F78/><W59/><REACH who="3" step="1"/><G5/><REACH who="3" ten="94,476,195,225" step="2"/><T1/><D135/><U126/><E126/><V88/><F65/><W17/><G17/><T93/><D93/><U134/><E134/><V114/><F114/><W69/><G69/><T74/><D74/><U106/><E106/><V37/><F97/><W9/><AGARI ba="2,1" hai="9,10,13,16,21,23,27,28,50,54,59,80,85,90" machi="9" ten="30,8000,1" yaku="1,1,0,1,8,1,54,1,53,1" doraHai="75" doraHaiUra="25" who="3" fromWho="3" sc="94,-22,476,-42,195,-22,225,96" /><INIT seed="2,0,0,1,4,81" ten="72,434,173,321" oya="2" hai0="133,43,77,8,127,80,112,58,14,47,126,7,13" hai1="114,27,108,99,78,131,103,24,28,40,87,68,35" hai2="104,121,16,90,3,36,117,91,6,111,64,42,61" hai3="95,49,88,67,52,115,110,66,123,18,59,39,11"/><V63/><F117/><W75/><G123/><T12/><D133/><U102/><E114/><V76/><F121/><W57/><G110/><T130/><D130/><U134/><E68/><V86/><F104/><W60/><G115/><T105/><D105/><U96/><E108/><V1/><F111/><W128/><G128/><T26/><D112/><U73/><E131/><V41/><F36/><W129/><G129/><T45/><D45/><U29/><E73/><V55/><F6/><W2/><G75/><T32/><D58/><U30/><E134/><V5/><F5/><W4/><G39/><T106/><D106/><U107/><E40/><V79/><F55/><W10/><G10/><T0/><D26/><N who="1" m="9771" /><E35/><V15/><F15/><W122/><G122/><T71/><D71/><U85/><E78/><V50/><F50/><W37/><G37/><T132/><D32/><U93/><E107/><V19/><REACH who="2" step="1"/><F86/><REACH who="2" ten="72,434,163,321" step="2"/><N who="1" m="32777" /><E96/><V97/><F97/><W9/><G4/><T34/><D132/><U92/><E93/><V124/><F124/><W62/><G2/><T53/><D127/><U23/><E103/><V116/><F116/><W33/><G33/><T46/><D34/><U22/><AGARI ba="0,1" hai="22,23,28,29,30,92,99,102" m="32777,9771" machi="22" ten="40,8000,1" yaku="8,1,52,3" doraHai="81" who="1" fromWho="1" sc="72,-20,434,90,163,-40,321,-20" /><INIT seed="3,0,0,5,4,103" ten="52,524,123,301" oya="3" hai0="0,16,53,112,19,1,81,109,117,15,29,39,56" hai1="67,21,113,77,23,97,20,18,99,129,68,116,89" hai2="47,65,49,55,9,52,43,134,44,7,102,11,107" hai3="28,58,24,122,126,51,5,108,121,36,57,119,135"/><W120/><G119/><T2/><D39/><U101/><E113/><V75/><F75/><W27/><G36/><T4/><D117/><U80/><E116/><V106/><F134/><W22/><G135/><T14/><D112/><U38/><E38/><V79/><F79/><W62/><G126/><T72/><D109/><U25/><E129/><V125/><F125/><W66/><G108/><T61/><D29/><U84/><E68/><V93/><F65/><W32/><G5/><T132/><D132/><U13/><E67/><V115/><F115/><W10/><G10/><T85/><D72/><U63/><E63/><V88/><F102/><W26/><REACH who="3" step="1"/><G32/><REACH who="3" ten="52,524,123,291" step="2"/><T94/><D4/><U6/><E6/><V128/><F11/><W123/><N who="3" m="30720" /><DORA hai="37" /><W40/><G40/><T124/><D124/><U114/><E114/><V127/><F127/><W34/><G34/><T50/><D61/><U45/><E20/><V118/><F118/><W3/><G3/><T74/><D74/><U8/><E21/><V60/><F9/><W133/><G133/><T98/><D15/><U30/><E8/><V90/><F7/><W91/><G91/><T73/><D14/><U130/><E89/><V31/><F90/><W46/><G46/><T87/><D73/><U54/><E45/><V82/><F47/><W105/><G105/><T48/><D48/><U111/><E111/><V69/><F49/><W78/><G78/><N who="0" m="46263" /><D87/><U59/><E84/><V76/><F76/><W110/><G110/><T42/><D42/><U17/><E77/><V83/><F43/><W33/><G33/><T35/><D35/><RYUUKYOKU ba="0,1" sc="52,15,524,-15,123,-15,291,15" hai0="0,1,2,16,19,50,53,56,94,98" hai3="22,24,26,27,28,51,57,58,62,66" /><INIT seed="3,1,1,4,1,110" ten="67,509,108,306" oya="3" hai0="41,52,62,127,70,114,6,66,82,122,92,75,76" hai1="103,132,11,42,35,113,53,61,21,56,112,2,120" hai2="106,131,26,10,134,130,118,1,43,32,69,60,101" hai3="128,51,97,121,18,73,24,98,108,23,77,16,58"/><W9/><G121/><T79/><D122/><U119/><E35/><V5/><F118/><W38/><G38/><T90/><D127/><U115/><E120/><V116/><F116/><W67/><G108/><T129/><D129/><N who="2" m="49162" /><F43/><W14/><G128/><T133/><D133/><U33/><E33/><V95/><F134/><W109/><G109/><T125/><D125/><U68/><E132/><V4/><F4/><W126/><G126/><T39/><D114/><U83/><E119/><V72/><F72/><W15/><G73/><T104/><D104/><U7/><E103/><V63/><F69/><W0/><G77/><T81/><D6/><U96/><E96/><N who="2" m="59551" /><F106/><W8/><G0/><T64/><D41/><U135/><E83/><N who="0" m="31753" /><D75/><U45/><E135/><V57/><F57/><W34/><G34/><T86/><D70/><U46/><E68/><V117/><F117/><W36/><G36/><T3/><D3/><U107/><E107/><V65/><F65/><N who="0" m="25194" /><D39/><U93/><E42/><V27/><F32/><W124/><G124/><T74/><D74/><U94/><E21/><V20/><F20/><W55/><REACH who="3" step="1"/><G67/><REACH who="3" ten="67,509,108,296" step="2"/><T47/><D47/><U19/><E45/><V87/><F1/><W28/><AGARI ba="1,2" hai="8,9,14,15,16,18,23,24,28,51,55,58,97,98" machi="28" ten="20,18000,2" yaku="1,1,2,1,0,1,7,1,9,1,8,1,54,1,53,0" doraHai="110" doraHaiUra="71" who="3" fromWho="3" sc="67,-61,509,-61,108,-61,296,203" owari="6,-49.4,448,24.8,47,-35.3,499,59.9" /></mjloggm>