<mjloggm ver="2.3"><GO type="225" lobby="0"/><UN n0="%73%73%6B%5F%66%72%65%65" n1="%E3%81%A4%E3%81%A3%E3%81%B1%E3%82%8A%E3%83%9D%E3%83%BC%E3%83%AB" n2="%6B%79%6F%6E%6B%6F%31%31" n3="%6C%61%6D%62" dan="16,17,16,16" rate="2207.23,2165.09,2143.29,2196.53" sx="M,M,M,M"/><TAIKYOKU oya="0"/><INIT seed="0,0,0,5,5,35" ten="250,250,250,250" oya="0" hai0="49,46,73,28,0,50,58,51,69,125,12,21,104" hai1="121,45,74,123,98,106,56,120,129,52,70,59,41" hai2="13,18,95,60,6,103,27,114,115,80,119,82,128" hai3="26,39,84,127,63,30,24,19,133,113,37,75,101"/><T117/><D117/><U40/><E74/><V134/><F119/><W47/><G75/><T14/><D69/><U105/><E98/><V126/><F126/><W90/><G113/><T67/><D104/><U8/><E8/><V32/><F6/><W132/><G101/><T7/><D73/><U34/><E34/><V15/><F60/><W55/><G127/><T116/><D116/><U111/><E106/><V76/><F13/><W93/><G19/><T77/><D77/><U118/><E105/><V107/><F107/><W38/><G47/><T102/><D102/><U43/><E118/><V16/><F18/><W9/><G9/><T71/><D71/><U96/><E96/><V57/><F95/><W11/><G11/><N who="0" m="4223" /><D0/><U122/><N who="1" m="30720" /><DORA hai="20" /><U108/><E70/><V2/><F103/><W112/><G112/><T17/><D28/><U100/><E100/><V87/><F2/><W85/><G85/><T135/><D135/><N who="3" m="51785" /><G30/><T36/><D36/><U33/><E33/><V94/><F32/><W42/><G42/><N who="1" m="10754" /><U130/><DORA hai="23" /><E45/><V48/><F134/><W92/><G92/><T10/><D125/><U25/><E25/><N who="3" m="9834" /><G55/><N who="0" m="30135" /><D10/><U44/><E44/><V83/><F114/><W88/><G63/><AGARI ba="0,0" hai="14,17,21,50,51,58,63,67" m="30135,4223" machi="63" ten="30,1500,0" yaku="8,1" doraHai="35,20,23" who="0" fromWho="3" sc="250,15,250,0,250,0,250,-15" /><INIT seed="0,1,0,2,1,115" ten="265,250,250,235" oya="0" hai0="30,66,35,127,50,71,11,0,41,34,54,20,122" hai1="65,60,58,84,3,5,134,45,29,111,9,93,62" hai2="92,121,128,37,113,55,4,95,44,76,24,125,96" hai3="90,40,81,38,99,56,53,126,64,133,25,119,15"/><T100/><D122/><U103/><E111/><V19/><F113/><W110/><G110/><T46/><D127/><U79/><E134/><V32/><F4/><W116/><G126/><T57/><D100/><U102/><E29/><V6/><F6/><W85/><G133/><T18/><D30/><U123/><E123/><V36/><F76/><W131/><G64/><T80/><D80/><U109/><E109/><V17/><F32/><W124/><G124/><T129/><D11/><U68/><E45/><V107/><F107/><W86/><G131/><T67/><D0/><BYE who="0" /><U74/><E74/><V8/><F95/><W63/><G99/><T14/><D14/><U39/><E39/><V117/><F8/><UN n0="%73%73%6B%5F%66%72%65%65" /><W89/><G25/><N who="0" m="14487" /><D71/><U77/><E77/><V27/><F37/><W59/><G59/><T108/><D108/><U52/><REACH who="1" step="1"/><E93/><REACH who="1" ten="265,240,250,235" step="2"/><V42/><F121/><W21/><G38/><T114/><D129/><U12/><E12/><V97/><F92/><W16/><G40/><T73/><D73/><U78/><E78/><V70/><F42/><W132/><G132/><T23/><D41/><U1/><E1/><V135/><F36/><W94/><AGARI ba="1,1" hai="15,16,21,53,56,63,81,85,86,89,90,94,116,119" machi="94" ten="20,8000,1" yaku="0,1,7,1,52,2,54,1" doraHai="115" who="3" fromWho="3" sc="265,-41,240,-21,250,-21,235,93" /><INIT seed="1,0,0,2,4,82" ten="224,219,229,328" oya="1" hai0="18,49,79,11,6,17,99,102,93,10,80,95,9" hai1="116,83,34,62,5,106,100,45,60,2,54,42,36" hai2="26,53,98,96,67,89,131,110,23,50,75,108,1" hai3="111,132,29,109,21,115,104,13,56,38,25,4,33"/><U84/><E116/><V40/><F1/><W73/><G73/><T59/><D6/><U85/><E34/><V135/><F75/><W68/><G68/><T0/><D0/><U114/><E114/><V57/><F131/><W28/><G104/><T61/><D49/><U22/><E22/><V94/><F135/><W55/><G38/><T41/><D41/><U127/><E127/><V78/><F78/><W107/><G107/><T43/><D95/><U105/><E105/><V52/><F67/><W119/><G115/><T121/><D43/><U113/><E113/><V91/><F40/><W129/><G129/><T14/><D18/><U46/><E46/><V126/><F126/><W97/><G97/><T81/><D81/><U27/><E27/><V48/><F91/><W51/><G132/><T86/><REACH who="0" step="1"/><D121/><REACH who="0" ten="214,219,229,328" step="2"/><U58/><E83/><V16/><REACH who="2" step="1"/><F98/><REACH who="2" ten="214,219,219,328" step="2"/><W65/><G119/><T37/><D37/><U70/><E2/><V39/><F39/><W76/><G76/><T35/><D35/><U30/><E42/><V123/><F123/><W130/><G130/><T3/><D3/><U44/><E36/><V112/><F112/><W124/><G33/><T64/><AGARI ba="0,2" hai="9,10,11,14,17,59,61,64,79,80,86,93,99,102" machi="64" ten="20,8000,1" yaku="1,1,0,1,7,1,8,1,52,1,53,0" doraHai="82" doraHaiUra="32" who="0" fromWho="0" sc="214,100,219,-40,219,-20,328,-20" /><INIT seed="2,0,0,3,0,6" ten="314,179,199,308" oya="2" hai0="103,130,15,129,122,124,10,128,99,7,91,60,48" hai1="13,69,92,78,118,106,0,131,27,81,26,11,45" hai2="44,75,111,94,53,50,23,36,83,74,1,86,98" hai3="49,127,63,54,77,25,97,2,121,116,104,115,132"/><V100/><F1/><W101/><G116/><T37/><D124/><U68/><E106/><V80/><F36/><W16/><G121/><T123/><D37/><U52/><E118/><V32/><F32/><W30/><G2/><T5/><D5/><N who="1" m="3311" /><E68/><V62/><F111/><W12/><G132/><T72/><D72/><U88/><E69/><V82/><F62/><W109/><G109/><T55/><D60/><U79/><E0/><V61/><F86/><W84/><G63/><T71/><D91/><U34/><E34/><V46/><F46/><W108/><G127/><T56/><D71/><U57/><E45/><V126/><F126/><W58/><G115/><T107/><AGARI ba="0,0" hai="7,10,15,48,55,56,99,103,107,122,123,128,129,130" machi="107" ten="30,4000,0" yaku="0,1,19,1,52,1" doraHai="6" who="0" fromWho="0" sc="314,40,179,-10,199,-20,308,-10" /><INIT seed="3,0,0,1,5,22" ten="354,169,179,298" oya="3" hai0="13,101,56,132,8,97,130,72,102,69,47,1,33" hai1="88,28,41,5,67,26,121,123,100,98,44,106,107" hai2="31,52,23,9,79,117,65,77,113,122,93,49,105" hai3="25,75,76,37,127,11,82,108,27,0,16,99,70"/><W116/><G116/><T104/><D69/><U110/><E110/><V54/><F105/><W4/><G108/><T85/><D102/><U14/><E107/><V2/><F113/><W7/><G70/><T64/><D72/><U96/><E67/><V78/><F65/><W58/><G127/><T57/><D33/><U128/><E128/><V42/><F117/><W86/><G7/><T129/><D1/><U74/><E74/><V90/><F9/><W55/><G86/><T10/><D10/><U119/><E119/><V45/><F2/><W59/><G59/><T20/><D20/><U83/><E14/><V111/><F111/><W24/><G99/><T134/><D47/><U60/><E60/><V53/><F122/><W32/><G37/><T38/><D38/><U18/><E18/><V43/><F43/><W12/><G32/><T51/><D85/><U6/><E123/><V63/><F63/><W17/><REACH who="3" step="1"/><G0/><REACH who="3" ten="354,169,179,288" step="2"/><T118/><D118/><U71/><E71/><V80/><F80/><W68/><G68/><T114/><D57/><U103/><E121/><V87/><F42/><W40/><G40/><T3/><D3/><U131/><E83/><V91/><F91/><W84/><G84/><T35/><D35/><N who="1" m="20887" /><E88/><V89/><F89/><W95/><G95/><T50/><D56/><U115/><E115/><V124/><F124/><W34/><G34/><T125/><D114/><U61/><E131/><N who="0" m="50185" /><D125/><U133/><E106/><V81/><F81/><W112/><G112/><T62/><D104/><U135/><E41/><V94/><F94/><W46/><G46/><T109/><D109/><RYUUKYOKU ba="0,1" sc="354,-15,169,-15,179,15,288,15" hai2="23,31,45,49,52,53,54,77,78,79,87,90,93" hai3="4,11,12,16,17,24,25,27,55,58,75,76,82" /><INIT seed="3,1,1,4,4,39" ten="339,154,194,303" oya="3" hai0="40,23,69,62,63,36,87,50,110,53,132,93,133" hai1="34,11,1,0,80,86,2,12,107,85,108,45,64" hai2="49,135,9,6,67,28,79,89,129,127,97,3,116" hai3="115,44,75,13,91,131,128,19,14,51,78,43,4"/><W95/><G115/><T100/><D110/><U118/><E108/><V120/><F116/><W124/><G124/><T7/><D7/><U109/><E109/><V42/><F127/><W84/><G4/><T119/><D119/><U46/><E118/><V123/><F135/><N who="0" m="51786" /><D69/><U125/><E125/><V26/><F67/><W18/><G75/><T58/><D23/><U134/><E107/><V72/><F129/><N who="3" m="49739" /><G78/><T117/><D117/><U68/><E34/><V76/><F72/><W10/><G14/><T25/><D25/><U71/><E134/><V21/><F89/><W105/><G19/><T41/><D36/><U57/><E57/><V121/><F97/><W65/><G65/><N who="0" m="39127" /><D63/><U15/><E2/><V104/><F104/><AGARI ba="1,1" hai="10,13,18,43,44,51,84,91,95,104,105" m="49739" machi="104" ten="30,2900,0" yaku="19,1,52,1" doraHai="39" who="3" fromWho="2" sc="339,0,154,0,194,-32,303,42" owari="339,13.9,154,-34.6,162,-23.8,345,44.5" /></mjloggm>