<mjloggm ver="2.3"><GO type="225" lobby="0"/><UN n0="%E6%97%A5%E6%9B%9C%E6%97%A5%E3%82%88%E3%82%8A%E3%81%AE%E4%BD%BF%E8%80%85" n1="%74%61%6B%75%61%6B%61" n2="%4B%2E%32%2E%4B%2E" n3="%E3%82%A2%E3%83%BC%E3%83%A2%E3%83%AD%E3%83%BC%E3%83%B4%E3%82%A1" dan="17,16,16,16" rate="2120.01,2148.72,2145.24,2150.40" sx="M,M,M,M"/><TAIKYOKU oya="0"/><INIT seed="0,0,0,1,5,15" ten="250,250,250,250" oya="0" hai0="53,68,117,111,134,105,57,132,99,85,47,62,2" hai1="94,74,11,20,128,119,39,29,26,90,127,56,100" hai2="5,9,114,84,31,43,135,40,71,49,22,129,82" hai3="4,54,106,112,37,79,55,107,122,1,17,58,30"/><T83/><D117/><U123/><E119/><V42/><F114/><W101/><G112/><T64/><D2/><U7/><E123/><V120/><F120/><W0/><G122/><T52/><D111/><U48/><E39/><V61/><F129/><W50/><G30/><T87/><D47/><U131/><E74/><V72/><F135/><N who="0" m="51754" /><D68/><U63/><E48/><V89/><F72/><W33/><G33/><T44/><D44/><U67/><E127/><V97/><F97/><W110/><G110/><T21/><D21/><U27/><E27/><N who="2" m="16887" /><F61/><W45/><G0/><T35/><D35/><U25/><E25/><V59/><F71/><W34/><G34/><T77/><D87/><U32/><E32/><V76/><F9/><W46/><G46/><T70/><D70/><U73/><E73/><V133/><F5/><W109/><G4/><T13/><D13/><U6/><E6/><V91/><F133/><W24/><G1/><T115/><D115/><U19/><E7/><V41/><F41/><W23/><G109/><T92/><D105/><U104/><E104/><V66/><F66/><W80/><G37/><T116/><D116/><U69/><E69/><V10/><F10/><W60/><REACH who="3" step="1"/><G101/><AGARI ba="0,0" hai="52,53,57,62,64,77,83,85,92,99,101" m="51754" machi="101" ten="30,2900,0" yaku="20,1,54,1" doraHai="15" who="0" fromWho="3" sc="250,29,250,0,250,0,250,-29" /><INIT seed="0,1,0,2,1,60" ten="279,250,250,221" oya="0" hai0="1,38,82,76,69,36,96,39,91,115,66,68,3" hai1="65,123,100,75,112,70,127,21,62,124,93,6,119" hai2="59,42,131,71,14,120,64,103,11,114,46,50,2" hai3="101,132,130,17,94,135,54,41,118,8,26,34,57"/><T117/><D115/><U67/><E123/><V121/><F114/><W129/><G41/><T25/><D117/><U5/><E112/><V24/><F71/><W40/><G40/><T15/><D15/><U125/><E119/><V23/><F2/><W107/><G107/><T116/><D116/><U58/><E75/><V13/><F131/><N who="3" m="50187" /><G118/><T128/><D128/><U99/><E21/><V29/><F103/><W63/><G34/><T78/><D25/><U20/><E20/><V18/><F14/><N who="3" m="7367" /><G26/><T51/><D51/><U44/><E44/><V122/><REACH who="2" step="1"/><F59/><REACH who="2" ten="279,250,240,221" step="2"/><W89/><G101/><T43/><D69/><U113/><E113/><V97/><F97/><AGARI ba="1,1" hai="54,57,63,89,94,97,132,135" m="7367,50187" machi="97" ten="30,1000,0" yaku="19,1" doraHai="60" who="3" fromWho="2" sc="279,0,250,0,240,-13,221,23" /><INIT seed="1,0,0,2,0,14" ten="279,250,227,244" oya="1" hai0="34,90,129,31,100,56,32,12,49,97,60,58,123" hai1="19,8,125,81,46,38,82,71,102,35,11,51,37" hai2="22,29,110,5,111,75,99,107,86,1,24,95,106" hai3="130,4,72,33,18,21,53,69,96,23,52,85,59"/><U77/><E71/><V124/><F75/><W105/><G72/><T68/><D129/><U40/><E35/><V134/><F134/><W20/><G69/><T121/><D90/><U135/><E135/><V98/><F86/><W65/><G33/><T83/><D83/><U62/><E125/><V114/><F124/><W63/><G4/><T25/><D34/><U103/><E62/><V91/><F114/><W2/><G2/><T101/><D101/><U26/><E8/><N who="2" m="2095" /><F99/><W17/><G130/><T42/><D12/><N who="1" m="7583" /><E37/><V127/><F127/><W113/><G113/><T88/><D68/><U87/><E38/><V45/><F45/><W27/><G23/><T9/><D9/><U57/><E26/><V28/><F28/><W89/><G96/><T67/><D100/><N who="1" m="38443" /><E81/><V112/><F112/><W118/><G118/><T6/><D6/><U48/><E48/><V104/><F104/><W116/><G116/><T122/><D49/><U70/><E70/><V13/><F106/><W44/><G105/><T84/><D123/><U94/><E57/><V43/><F43/><W3/><G3/><T117/><D42/><U76/><E94/><V50/><F50/><W79/><G44/><T39/><D117/><U55/><E40/><V132/><F132/><W10/><G10/><T108/><D39/><U61/><E61/><V41/><F41/><W126/><G126/><T115/><D115/><U36/><E36/><V119/><F119/><W15/><G79/><AGARI ba="0,0" hai="46,51,55,76,77,79,82,87" m="38443,7583" machi="79" ten="30,2900,0" yaku="8,1,52,1" doraHai="14" who="1" fromWho="3" sc="279,0,250,29,227,0,244,-29" /><INIT seed="1,1,0,3,1,30" ten="279,279,227,215" oya="1" hai0="41,2,63,50,96,9,80,94,105,31,58,129,51" hai1="115,43,72,92,34,66,81,128,64,53,122,60,100" hai2="85,4,13,114,42,19,24,49,120,62,118,59,26" hai3="134,102,54,113,73,116,18,101,110,8,22,89,103"/><U87/><E122/><V12/><F118/><W84/><G113/><T5/><D105/><U15/><E115/><V86/><F114/><W90/><G110/><T88/><D129/><U104/><E34/><V130/><F120/><W108/><G108/><T133/><D133/><U21/><BYE who="3" /><E104/><V0/><F0/><W28/><G28/><T95/><D31/><U121/><E43/><V93/><F130/><W98/><G98/><T61/><D80/><U70/><E121/><V79/><F4/><W109/><G109/><T39/><D39/><UN n3="%E3%82%A2%E3%83%BC%E3%83%A2%E3%83%AD%E3%83%BC%E3%83%B4%E3%82%A1" /><U37/><E37/><V132/><F132/><W20/><G73/><T67/><D41/><U35/><E35/><V68/><F68/><W7/><G116/><T32/><D32/><U77/><E128/><V69/><F69/><W123/><G123/><T65/><REACH who="0" step="1"/><D95/><REACH who="0" ten="269,279,227,215" step="2"/><U11/><E92/><V6/><F93/><W16/><G16/><T36/><BYE who="3" /><D36/><U17/><E81/><UN n3="%E3%82%A2%E3%83%BC%E3%83%A2%E3%83%AD%E3%83%BC%E3%83%B4%E3%82%A1" /><V97/><F19/><W47/><G18/><T125/><D125/><U107/><E17/><V44/><F42/><W48/><G134/><T119/><D119/><U29/><E29/><V3/><F26/><W38/><G38/><T40/><D40/><U46/><E107/><V1/><F24/><W76/><G76/><T135/><D135/><U75/><E77/><V111/><F111/><W55/><G20/><T71/><AGARI ba="1,1" hai="2,5,9,50,51,58,61,63,65,67,71,88,94,96" machi="71" ten="20,5200,0" yaku="1,1,0,1,7,1,54,1,53,0" doraHai="30" doraHaiUra="106" who="0" fromWho="0" sc="269,65,279,-27,227,-14,215,-14" /><INIT seed="2,0,0,4,2,32" ten="334,252,213,201" oya="2" hai0="53,94,57,117,22,126,35,120,46,128,17,110,73" hai1="27,52,127,30,123,88,81,20,65,33,74,91,38" hai2="69,102,106,130,75,103,42,28,72,66,40,21,56" hai3="109,58,16,97,98,86,41,85,55,31,45,43,125"/><V63/><F130/><W113/><G109/><T48/><D120/><U18/><E38/><V10/><F10/><W77/><G125/><T8/><D35/><U15/><E127/><V80/><F72/><W13/><G31/><T89/><D126/><U25/><E123/><V5/><F5/><W37/><G113/><T62/><D73/><U99/><E65/><V122/><F122/><W107/><G107/><T39/><D110/><U84/><E74/><V101/><F106/><W121/><G121/><T61/><D128/><U12/><E91/><V24/><REACH who="2" step="1"/><F69/><REACH who="2" ten="334,252,203,201" step="2"/><W1/><G1/><T105/><D8/><U79/><E79/><AGARI ba="0,1" hai="21,24,28,40,42,56,63,66,75,79,80,101,102,103" machi="79" ten="40,3900,0" yaku="1,1,2,1,53,0" doraHai="32" doraHaiUra="118" who="2" fromWho="1" sc="334,0,252,-39,203,49,201,0" /><INIT seed="2,1,0,2,0,29" ten="334,213,252,201" oya="2" hai0="32,114,30,93,111,89,47,129,45,124,18,105,120" hai1="94,127,103,11,116,63,7,71,40,74,97,86,37" hai2="80,54,24,52,66,115,20,22,75,119,1,50,134" hai3="44,34,12,130,41,46,56,21,99,49,102,95,35"/><V110/><F115/><W61/><G130/><T69/><D105/><U3/><E116/><V70/><F119/><W68/><G68/><T101/><D69/><U53/><E74/><V90/><F1/><W51/><G21/><T5/><D114/><U106/><E127/><V113/><F113/><W92/><G12/><T123/><D129/><U131/><E131/><V76/><F134/><W6/><G6/><T27/><D124/><U26/><E26/><V98/><F110/><W104/><G104/><T60/><D111/><U91/><E53/><V36/><F36/><W109/><G92/><T10/><D101/><U122/><E122/><V57/><F20/><W107/><G107/><T64/><D18/><U16/><E16/><V100/><F90/><W73/><G73/><T59/><D123/><U121/><E121/><V55/><F66/><W33/><G109/><T8/><D120/><U62/><REACH who="1" step="1"/><E71/><REACH who="1" ten="334,203,252,201" step="2"/><V118/><F70/><W108/><G108/><T9/><D5/><U4/><E4/><V88/><F118/><W132/><G132/><T2/><D2/><U72/><E72/><V78/><F55/><W31/><G31/><T87/><AGARI ba="1,1" hai="8,9,10,27,30,32,45,47,59,60,64,87,89,93" machi="87" ten="30,2000,0" yaku="0,1,52,1" doraHai="29" who="0" fromWho="0" sc="334,33,203,-6,252,-11,201,-6" /><INIT seed="3,0,0,2,3,8" ten="367,197,241,195" oya="3" hai0="32,124,5,55,0,68,2,125,4,114,81,62,76" hai1="57,116,6,63,108,112,46,90,17,110,66,126,27" hai2="20,43,15,78,80,135,40,84,111,38,10,47,71" hai3="18,104,49,58,67,73,120,98,60,75,31,92,65"/><W7/><G120/><T134/><D134/><U54/><E112/><V123/><F71/><W48/><G104/><T12/><D32/><U42/><E126/><N who="0" m="48745" /><D114/><U121/><E121/><V36/><F123/><W113/><G113/><T77/><D77/><U64/><E6/><N who="0" m="2665" /><D12/><U131/><E131/><V119/><F119/><W109/><G109/><T11/><D11/><U24/><E116/><V1/><F1/><W19/><G7/><T69/><D55/><U30/><E110/><V50/><F10/><W56/><G31/><T94/><D94/><U35/><E108/><V105/><F38/><W85/><G85/><N who="0" m="48295" /><D62/><U72/><E72/><V93/><F135/><W103/><G73/><T44/><D44/><U37/><E90/><V14/><F20/><W45/><G75/><T91/><D91/><U39/><E39/><V130/><F105/><W127/><G127/><T128/><D128/><U133/><E133/><V102/><F130/><W107/><G107/><T3/><AGARI ba="0,0" hai="0,2,3,68,69" m="48295,2665,48745" machi="3" ten="40,1500,0" yaku="18,1" doraHai="8" who="0" fromWho="0" sc="367,15,197,-4,241,-4,195,-7" owari="382,48.2,193,-20.7,237,3.7,188,-31.2" /></mjloggm>