<mjloggm ver="2.3"><GO type="225" lobby="0"/><UN n0="%E5%86%B7%E5%87%8D%E3%82%AE%E3%83%A7%E3%83%BC%E3%82%B6" n1="%E3%83%A9%E3%82%B9%E7%8E%87%EF%BC%93%E5%89%B2" n2="%6D%75%75%6D%75%72%61" n3="%E7%B4%94%E6%BD%94%E3%83%94%E3%83%A9%E3%83%8B%E3%82%A2" dan="16,16,17,17" rate="2139.04,2159.15,2151.87,2153.54" sx="M,F,F,M"/><TAIKYOKU oya="0"/><INIT seed="0,0,0,3,5,2" ten="250,250,250,250" oya="0" hai0="65,51,76,109,95,34,38,126,92,104,114,19,125" hai1="124,106,56,6,78,28,63,101,134,102,116,1,16" hai2="110,43,15,68,74,130,100,39,91,113,22,45,75" hai3="115,64,96,129,107,33,29,120,48,47,41,128,133"/><T37/><D114/><U5/><E116/><V58/><F113/><W18/><G115/><T23/><D34/><U31/><E1/><V94/><F68/><W42/><G120/><T67/><D104/><U49/><E134/><V53/><F110/><W61/><G133/><T17/><D51/><U93/><E124/><V32/><F32/><W44/><G18/><N who="0" m="6667" /><D23/><U103/><E106/><V112/><F112/><W52/><G29/><N who="1" m="11338" /><E78/><V122/><F122/><W69/><G33/><T7/><D76/><U46/><E93/><N who="0" m="35913" /><D7/><N who="1" m="2571" /><E16/><V0/><F0/><W79/><G79/><T66/><D109/><U40/><E103/><V55/><F100/><W20/><G20/><T30/><D30/><U97/><E97/><V71/><F22/><W8/><G8/><T62/><D62/><U73/><E73/><V117/><F74/><W14/><G14/><T99/><D99/><U123/><E123/><V60/><F75/><W36/><G96/><T54/><D54/><AGARI ba="0,0" hai="40,46,49,54,56,63,101,102" m="2571,11338" machi="54" ten="30,7700,0" yaku="8,1,52,3" doraHai="2" who="1" fromWho="0" sc="250,-77,250,77,250,0,250,0" /><INIT seed="1,0,0,0,0,29" ten="173,327,250,250" oya="1" hai0="112,23,31,128,120,0,66,9,54,13,106,90,88" hai1="111,36,47,94,132,6,53,34,127,5,91,113,44" hai2="87,50,70,57,78,14,121,74,99,26,73,77,72" hai3="105,124,110,16,79,93,60,32,89,85,27,30,8"/><U3/><E113/><V63/><F121/><W11/><G110/><T42/><D112/><U100/><E34/><V82/><F70/><W97/><G124/><T133/><D120/><U7/><E127/><V43/><F99/><W103/><G79/><T59/><D128/><U125/><E125/><V28/><F14/><W56/><REACH who="3" step="1"/><G16/><REACH who="3" ten="173,327,250,240" step="2"/><N who="0" m="8239" /><D0/><U81/><E3/><V48/><F77/><W55/><AGARI ba="0,1" hai="8,11,27,30,32,55,56,60,85,89,93,97,103,105" machi="55" ten="20,5200,0" yaku="1,1,0,1,7,1,52,1,53,0" doraHai="29" doraHaiUra="122" who="3" fromWho="3" sc="173,-13,327,-26,250,-13,240,62" /><INIT seed="2,0,0,2,0,28" ten="160,301,237,302" oya="2" hai0="106,94,0,84,64,70,19,43,128,5,131,103,52" hai1="25,30,15,20,45,58,37,124,67,27,123,42,1" hai2="33,59,11,95,134,135,132,87,82,81,3,105,21" hai3="120,129,32,51,46,121,107,86,97,112,57,62,53"/><V71/><F71/><W83/><G112/><T133/><D133/><U111/><E111/><V109/><F105/><W26/><G129/><N who="0" m="49739" /><D43/><U34/><E124/><V47/><F109/><W119/><G119/><T104/><D19/><U55/><E123/><V79/><F21/><W8/><G8/><N who="0" m="2087" /><D52/><U88/><E1/><V115/><F115/><W127/><G127/><T90/><D103/><U117/><E117/><V16/><F3/><W99/><G107/><T76/><D76/><U72/><E72/><V7/><F7/><W102/><G102/><T17/><D17/><U10/><E67/><V4/><F4/><W56/><G56/><T89/><D89/><U116/><E116/><V75/><F59/><W110/><G110/><T98/><D98/><U63/><E88/><N who="2" m="53663" /><F47/><W44/><G44/><T12/><D12/><U68/><E68/><V40/><F40/><W114/><G114/><T24/><D24/><U65/><E65/><V18/><F81/><W54/><G121/><T23/><D23/><U36/><E36/><V101/><F101/><W125/><G120/><T61/><AGARI ba="0,0" hai="61,64,70,84,90,94,104,106" m="2087,49739" machi="61" ten="30,1100,0" yaku="19,1" doraHai="28" who="0" fromWho="0" sc="160,11,301,-3,237,-5,302,-3" /><INIT seed="3,0,0,4,2,46" ten="171,298,232,299" oya="3" hai0="45,99,90,120,95,75,6,59,13,71,121,48,8" hai1="53,47,89,83,133,64,21,67,107,134,40,44,84" hai2="18,34,55,11,125,132,93,88,33,68,38,60,96" hai3="42,116,130,27,15,10,119,57,25,58,2,35,106"/><W36/><G106/><T51/><D71/><U131/><E107/><V41/><F125/><W14/><G36/><T61/><D75/><U112/><E112/><V26/><F132/><N who="1" m="50793" /><E131/><V73/><F73/><W104/><G104/><T103/><D103/><U28/><E53/><V126/><F126/><W20/><G42/><T65/><REACH who="0" step="1"/><D51/><REACH who="0" ten="161,298,232,299" step="2"/><N who="1" m="27015" /><E47/><V63/><F68/><W102/><G102/><T31/><D31/><U110/><E110/><V98/><F38/><W78/><G130/><T122/><D122/><U118/><E118/><V108/><F108/><W92/><G119/><T135/><D135/><U80/><E80/><V3/><F41/><AGARI ba="0,1" hai="6,8,13,41,45,48,59,61,65,90,95,99,120,121" machi="41" ten="30,3900,0" yaku="1,1,7,1,52,1,53,0" doraHai="46" doraHaiUra="74" who="0" fromWho="2" sc="161,49,298,0,232,-39,299,0" /><INIT seed="4,0,0,3,1,125" ten="210,298,193,299" oya="0" hai0="130,19,120,79,88,47,11,62,1,15,55,51,25" hai1="7,78,135,131,100,83,71,103,13,91,128,118,110" hai2="35,56,36,17,43,50,99,84,68,126,54,59,30" hai3="134,22,45,133,89,46,123,3,94,60,41,98,40"/><T129/><D120/><U122/><E122/><V61/><F126/><W67/><G123/><T12/><D1/><U2/><E110/><V8/><F84/><W75/><G75/><T27/><D79/><U93/><E118/><V90/><F35/><W82/><G82/><T66/><D88/><U32/><E71/><V16/><F30/><W0/><G22/><T119/><D15/><U127/><E135/><N who="3" m="51722" /><G46/><T108/><D119/><U28/><E2/><N who="3" m="554" /><G45/><T86/><D86/><N who="1" m="52471" /><E127/><V48/><F36/><W20/><G20/><T70/><REACH who="0" step="1"/><D108/><REACH who="0" ten="200,298,193,299" step="2"/><U42/><E13/><N who="2" m="7207" /><F90/><W24/><G24/><AGARI ba="0,1" hai="11,12,19,24,25,27,47,51,55,62,66,70,129,130" machi="24" ten="40,7700,0" yaku="1,1,52,2,53,0" doraHai="125" doraHaiUra="104" who="0" fromWho="3" sc="200,87,298,0,193,0,299,-77" /><INIT seed="4,1,0,4,4,98" ten="287,298,193,222" oya="0" hai0="72,103,116,29,9,23,30,122,92,125,35,19,61" hai1="128,87,111,22,6,45,94,37,101,57,112,36,50" hai2="74,82,71,16,13,75,21,5,68,26,14,63,90" hai3="86,59,17,24,132,33,69,85,81,53,121,64,44"/><T15/><D116/><U127/><E111/><V108/><F108/><W100/><G121/><T126/><D122/><U66/><E128/><V124/><F124/><N who="0" m="47722" /><D72/><U118/><E118/><V43/><F43/><W0/><G0/><T40/><D35/><U39/><E127/><V47/><F47/><W134/><G69/><T78/><D78/><U62/><E112/><V41/><F41/><W54/><G64/><T88/><D40/><U105/><E105/><V83/><F5/><W38/><G38/><T120/><D103/><U42/><E6/><V32/><F32/><W27/><G33/><T77/><D77/><U67/><E22/><V60/><F90/><W58/><G44/><T115/><D115/><U73/><E73/><V133/><F21/><W56/><G56/><T8/><D61/><U76/><E76/><V91/><F91/><W20/><G20/><T10/><D120/><U114/><E114/><V46/><F46/><W3/><G3/><T28/><D23/><U1/><E1/><V89/><F89/><W18/><G81/><T135/><D135/><U2/><E2/><V11/><F11/><W110/><G110/><T7/><D7/><U117/><E117/><V49/><F133/><W131/><G131/><T34/><D34/><U113/><E113/><V12/><F12/><W102/><AGARI ba="1,0" hai="17,18,24,27,53,54,58,59,85,86,100,102,132,134" machi="102" ten="25,8000,1" yaku="0,1,22,2,52,2" doraHai="98" who="3" fromWho="3" sc="287,-41,298,-21,193,-21,222,83" owari="246,-15.4,277,7.7,172,-32.8,305,40.5" /></mjloggm>