<mjloggm ver="2.3"><GO type="225" lobby="0"/><UN n0="%43%68%65" n1="%61%69%73%79%6F" n2="%38%63%E3%81%AF%E3%81%A3%E3%81%97%E3%83%BC" n3="%E3%83%B4%E3%83%A0%EF%BC%99%E3%81%A6" dan="16,17,16,17" rate="2179.90,2241.53,2139.00,2124.06" sx="M,M,M,M"/><TAIKYOKU oya="0"/><INIT seed="0,0,0,4,5,131" ten="250,250,250,250" oya="0" hai0="63,105,110,3,115,20,103,74,94,127,104,92,34" hai1="30,111,73,59,8,65,21,99,53,93,15,102,113" hai2="6,107,109,22,78,77,96,12,90,70,13,29,125" hai3="40,10,116,132,48,81,52,76,84,16,72,46,75"/><T36/><D34/><U134/><E111/><V62/><F109/><W121/><G116/><T86/><D36/><U18/><E73/><V130/><F130/><W68/><G68/><T83/><D3/><U97/><E113/><V24/><F125/><W49/><G121/><T5/><D115/><U11/><E134/><V106/><F90/><W118/><G118/><T51/><D110/><U129/><E129/><V7/><F62/><W25/><G132/><T19/><D5/><U119/><E119/><V9/><F70/><W100/><G100/><T66/><D74/><U87/><E65/><V98/><F22/><W1/><G1/><T124/><D51/><U0/><E0/><V85/><F85/><W17/><G17/><T45/><D45/><U133/><E30/><V64/><F9/><W4/><G4/><T58/><D94/><U41/><E41/><V37/><F24/><W69/><G69/><T80/><D92/><N who="1" m="58663" /><E87/><V61/><F29/><W14/><REACH who="3" step="1"/><G25/><REACH who="3" ten="250,250,250,240" step="2"/><N who="0" m="14495" /><D103/><N who="1" m="60911" /><E133/><V44/><F6/><W67/><G67/><T28/><D28/><U128/><E128/><V79/><F7/><W26/><G26/><T39/><D127/><U35/><E35/><V126/><F126/><W42/><G42/><T55/><D124/><U31/><E31/><V43/><F13/><W32/><G32/><T23/><D66/><U135/><E135/><V95/><F12/><W123/><G123/><T120/><D120/><U112/><E112/><V33/><F33/><W88/><G88/><T114/><D114/><U54/><E54/><V101/><F98/><W117/><G117/><T71/><D55/><RYUUKYOKU ba="0,1" sc="250,-30,250,10,250,10,240,10" hai1="8,11,15,18,21,53,59" hai2="37,43,44,61,64,77,78,79,95,96,101,106,107" hai3="10,14,16,40,46,48,49,52,72,75,76,81,84" /><INIT seed="1,1,1,3,3,23" ten="220,260,260,250" oya="1" hai0="100,90,18,11,50,17,32,60,40,130,114,12,34" hai1="88,99,96,119,48,101,41,74,63,103,109,67,46" hai2="120,78,125,68,8,6,85,71,47,4,29,20,56" hai3="66,72,129,54,116,25,89,31,97,95,106,102,22"/><U128/><E119/><V21/><F120/><W77/><G116/><T24/><D114/><U104/><E74/><V81/><F125/><W58/><G129/><T42/><D130/><U131/><E109/><V45/><F68/><W62/><G72/><T36/><D36/><U19/><E19/><V75/><F71/><W44/><G44/><T135/><D135/><U1/><E1/><V94/><F6/><W98/><REACH who="3" step="1"/><G77/><REACH who="3" ten="220,260,260,240" step="2"/><T117/><D117/><U91/><E131/><V55/><F75/><W134/><G134/><T51/><D42/><U107/><REACH who="1" step="1"/><E128/><REACH who="1" ten="220,250,260,240" step="2"/><V82/><F78/><W123/><G123/><T108/><D108/><U2/><E2/><V28/><F4/><W87/><G87/><T76/><D40/><U16/><E16/><V112/><F85/><W133/><G133/><T79/><D18/><U124/><E124/><V65/><F112/><W38/><G38/><T7/><D17/><U5/><E5/><V57/><F8/><W33/><G33/><T127/><D127/><U84/><E84/><V39/><F20/><W59/><G59/><AGARI ba="1,3" hai="41,46,48,59,63,67,88,91,96,99,101,103,104,107" machi="59" ten="30,11600,0" yaku="1,1,7,1,9,1,54,1,53,0" doraHai="23" doraHaiUra="27" who="1" fromWho="3" sc="220,0,250,149,260,0,240,-119" /><INIT seed="1,2,0,5,1,2" ten="220,399,260,121" oya="1" hai0="129,53,86,119,15,42,105,87,124,91,135,62,122" hai1="69,16,31,23,88,80,65,37,71,108,81,60,38" hai2="39,83,3,96,126,97,111,22,49,131,46,48,30" hai3="73,130,133,70,113,28,40,56,127,77,17,21,32"/><U61/><E31/><V33/><F33/><W68/><G77/><T66/><D119/><U67/><E108/><V19/><F30/><W34/><G73/><T103/><D124/><U45/><E45/><V117/><F39/><W59/><G40/><T72/><D72/><U90/><E23/><V8/><F117/><W123/><G28/><T14/><D129/><U79/><E16/><V58/><F83/><W24/><G17/><T27/><D42/><U118/><E118/><V101/><F58/><W47/><G47/><T116/><D53/><U106/><E106/><V89/><F48/><W7/><G7/><T128/><D116/><U4/><E4/><V10/><F22/><W44/><G44/><T29/><D87/><U1/><E1/><V20/><F20/><W64/><G64/><T132/><D128/><U35/><E79/><V82/><F19/><W12/><G12/><T18/><D122/><U121/><E35/><V125/><F10/><W26/><G26/><T74/><D74/><U57/><E57/><V134/><F8/><W55/><G123/><AGARI ba="2,0" hai="37,38,60,61,65,67,69,71,80,81,88,90,121,123" machi="123" ten="25,4800,0" yaku="22,2,54,1" doraHai="2" who="1" fromWho="3" sc="220,0,399,54,260,0,121,-54" /><INIT seed="1,3,0,4,0,17" ten="220,453,260,67" oya="1" hai0="116,91,56,29,102,110,71,83,128,59,40,70,124" hai1="45,35,46,100,108,52,86,89,20,107,111,121,114" hai2="82,19,77,67,74,12,109,81,22,135,42,47,133" hai3="13,28,41,24,6,97,79,123,34,44,68,14,33"/><U80/><E114/><V131/><F109/><N who="1" m="42057" /><E35/><V87/><F67/><W53/><G68/><T120/><D116/><U129/><E121/><V31/><F31/><W99/><G123/><T69/><D120/><U78/><E129/><V118/><F118/><W84/><G34/><T15/><D128/><U5/><E5/><V10/><F10/><W60/><G14/><T119/><D119/><U98/><E52/><V49/><REACH who="2" step="1"/><F131/><REACH who="2" ten="220,453,250,67" step="2"/><W58/><G6/><T66/><D66/><U112/><E112/><V18/><F18/><W126/><G126/><T54/><D29/><U9/><E9/><V88/><AGARI ba="3,1" hai="12,19,22,42,47,49,74,77,81,82,87,88,133,135" machi="88" ten="30,7900,0" yaku="1,1,0,1,52,1,54,1,53,0" doraHai="17" doraHaiUra="62" who="2" fromWho="2" sc="220,-23,453,-42,250,98,67,-23" /><INIT seed="2,0,0,1,0,13" ten="197,411,348,44" oya="2" hai0="8,19,126,68,51,105,17,133,130,124,63,118,107" hai1="79,131,44,123,77,47,98,115,119,83,16,2,5" hai2="31,103,35,1,24,116,92,127,54,88,73,117,111" hai3="49,23,29,120,15,25,30,101,93,129,58,78,134"/><V121/><F121/><W132/><G120/><T89/><D130/><U135/><E119/><V22/><F127/><N who="0" m="48682" /><D118/><U69/><E69/><V55/><F73/><W109/><G129/><T37/><D37/><U10/><E115/><V38/><F38/><W7/><G109/><T65/><D133/><U62/><E135/><V64/><F1/><W53/><G134/><T102/><D8/><U113/><E113/><V84/><F111/><W32/><G132/><T108/><D108/><U97/><E77/><V56/><F64/><W61/><G32/><T18/><D102/><U76/><E76/><V104/><F55/><W87/><G30/><T48/><D89/><U106/><E62/><V125/><F125/><W45/><G101/><T95/><D95/><U59/><E106/><AGARI ba="0,0" hai="17,18,19,48,51,63,65,68,105,106,107" m="48682" machi="106" ten="40,8000,1" yaku="18,1,52,3" doraHai="13" who="0" fromWho="1" sc="197,80,411,-80,348,0,44,0" /><INIT seed="3,0,0,0,3,17" ten="277,331,348,44" oya="3" hai0="73,93,97,41,39,126,57,70,11,1,107,77,85" hai1="29,87,7,27,36,45,133,19,64,69,122,40,24" hai2="129,46,135,132,38,91,76,68,118,22,12,33,113" hai3="96,124,25,5,105,2,20,82,130,4,66,88,104"/><W98/><G124/><T52/><D70/><U30/><E122/><V100/><F33/><W53/><G130/><T50/><D126/><U109/><E109/><V8/><F113/><W21/><G66/><T114/><D114/><U37/><E133/><N who="2" m="51275" /><F68/><W123/><G123/><T43/><D73/><U103/><E7/><V131/><F118/><W61/><G61/><T116/><D116/><U108/><E108/><V67/><F67/><W94/><G82/><T128/><D128/><U23/><E103/><V13/><F76/><W121/><G121/><T75/><D75/><U14/><E37/><V58/><F58/><W72/><G72/><T117/><D117/><U10/><E87/><V127/><F100/><W44/><G21/><T80/><D80/><U42/><E42/><N who="2" m="22871" /><F91/><W134/><G134/><T65/><D107/><U125/><E125/><V106/><F106/><W32/><G32/><T92/><D65/><U71/><E64/><V0/><F0/><W79/><G79/><T16/><D39/><U115/><E115/><V62/><F62/><W119/><G119/><T54/><D54/><U101/><E101/><V90/><F90/><W55/><G105/><T112/><D112/><U81/><E81/><V51/><F51/><N who="3" m="28903" /><G2/><T15/><D1/><U60/><E60/><V111/><F111/><W89/><G55/><T74/><D74/><U78/><E78/><V9/><F127/><W86/><G89/><N who="0" m="53295" /><D77/><U95/><E95/><V48/><F131/><W3/><G104/><T47/><D47/><U120/><E120/><V28/><F129/><W6/><G3/><T18/><D18/><AGARI ba="0,0" hai="4,5,6,18,20,25,86,88,94,96,98" m="28903" machi="18" ten="30,11600,0" yaku="6,1,8,1,52,1,54,1" doraHai="17" who="3" fromWho="0" sc="277,-116,331,0,348,0,44,116" /><INIT seed="3,1,0,1,0,8" ten="161,331,348,160" oya="3" hai0="119,112,50,88,81,2,47,52,120,118,129,86,135" hai1="89,73,6,69,83,115,19,97,7,23,79,4,49" hai2="26,46,82,39,85,90,80,13,76,9,43,71,59" hai3="110,122,101,125,128,132,3,30,33,77,42,0,134"/><W87/><G122/><T65/><D120/><U11/><E115/><V91/><F71/><W40/><G125/><T117/><D112/><U12/><E69/><V64/><F26/><N who="3" m="18647" /><G101/><T72/><D135/><N who="3" m="51753" /><G128/><T63/><D129/><U15/><E49/><V58/><F64/><W75/><G75/><T127/><D127/><U104/><E89/><V92/><F90/><W16/><G110/><T55/><D72/><U99/><REACH who="1" step="1"/><E97/><REACH who="1" ten="161,321,348,160" step="2"/><V5/><F80/><N who="3" m="47503" /><G16/><T14/><D119/><U1/><E1/><AGARI ba="1,1" hai="0,1,3,40,42" m="47503,51753,18647" machi="1" ten="30,1500,0" yaku="20,1" doraHai="8" who="3" fromWho="1" sc="161,0,321,-18,348,0,160,28" /><INIT seed="3,2,0,3,2,95" ten="161,303,348,188" oya="3" hai0="91,12,55,83,107,40,8,66,37,50,88,111,120" hai1="11,63,4,7,68,115,124,64,2,72,94,87,28" hai2="93,52,70,31,14,36,135,119,58,19,130,108,82" hai3="96,3,53,41,127,101,60,112,44,97,51,21,126"/><W17/><G112/><T38/><D120/><U73/><E115/><V65/><F119/><W104/><G3/><T71/><D111/><U67/><E124/><N who="3" m="47658" /><G101/><T32/><D32/><U89/><E28/><V98/><F36/><N who="3" m="21543" /><G60/><T133/><D133/><U0/><E64/><V45/><F45/><N who="3" m="27887" /><G104/><T59/><D107/><U128/><E128/><V47/><F47/><W13/><AGARI ba="2,0" hai="13,17,21,96,97" m="27887,21543,47658" machi="13" ten="30,6000,0" yaku="18,1,52,2" doraHai="95" who="3" fromWho="3" sc="161,-22,303,-22,348,-22,188,66" /><INIT seed="3,3,0,5,5,36" ten="139,281,326,254" oya="3" hai0="73,51,97,120,132,74,33,113,43,89,109,99,13" hai1="126,49,127,91,39,35,2,27,105,130,134,25,124" hai2="9,75,54,96,18,76,85,102,125,24,0,53,21" hai3="42,104,55,128,108,6,116,80,71,57,1,87,131"/><W115/><G116/><T12/><D120/><U30/><E39/><V44/><F75/><W111/><G115/><T114/><D33/><U101/><E2/><V32/><F32/><W100/><G71/><T83/><D51/><U133/><E27/><V7/><F125/><W123/><G123/><T4/><D83/><U19/><E19/><V22/><F44/><W69/><G69/><T15/><D4/><U3/><E3/><V29/><F85/><W122/><G122/><T84/><D84/><U81/><E91/><V110/><F110/><N who="3" m="42027" /><G42/><T98/><D89/><U31/><E31/><V106/><F76/><N who="3" m="46471" /><G104/><T10/><D10/><U40/><E81/><V82/><F82/><W46/><G46/><T135/><D109/><U59/><E130/><N who="3" m="49706" /><G6/><T93/><D93/><U14/><E40/><V64/><F64/><W16/><G16/><T63/><D43/><U103/><E105/><V17/><F17/><W48/><G1/><T66/><D66/><U8/><E49/><V77/><F77/><W61/><G100/><T86/><D86/><U129/><E129/><V72/><F72/><N who="0" m="27754" /><D63/><AGARI ba="3,0" hai="48,55,57,61,63" m="49706,46471,42027" machi="63" ten="30,5800,0" yaku="14,1,10,1,19,1" doraHai="36" who="3" fromWho="0" sc="139,-67,281,0,326,0,254,67" /><INIT seed="3,4,0,2,3,59" ten="72,281,326,321" oya="3" hai0="124,6,108,32,80,122,57,116,98,24,29,68,107" hai1="5,7,66,95,48,15,20,132,13,52,70,40,60" hai2="63,90,82,64,74,125,88,101,47,43,65,38,17" hai3="23,31,135,71,103,69,119,45,62,22,28,46,117"/><W10/><G135/><T113/><D116/><U120/><E120/><V8/><F125/><W121/><G121/><T19/><D122/><U73/><E73/><V112/><F112/><W27/><G10/><T87/><D68/><U44/><E132/><V111/><F111/><W114/><G103/><T123/><D123/><U14/><E20/><V93/><F64/><W2/><G2/><T61/><D108/><U83/><E83/><V51/><F38/><W67/><G114/><T1/><D113/><U18/><E18/><V4/><F17/><W76/><G76/><T109/><D109/><U33/><E33/><V26/><F26/><W104/><G104/><T37/><D37/><U133/><E133/><V79/><F101/><W11/><G11/><T25/><D124/><U42/><REACH who="1" step="1"/><E95/><REACH who="1" ten="72,271,326,321" step="2"/><V84/><F93/><W89/><G89/><T129/><D129/><U128/><E128/><V39/><F74/><W81/><G81/><T9/><D107/><U21/><E21/><V36/><F90/><W50/><G69/><T55/><D98/><U30/><E30/><V77/><F77/><W85/><G85/><T134/><D134/><U49/><E49/><V53/><F88/><W91/><G91/><T72/><D72/><U3/><E3/><V100/><F100/><W12/><G50/><T0/><D0/><U99/><E99/><V110/><F110/><W115/><G115/><T106/><D106/><U94/><E94/><V56/><F43/><AGARI ba="4,1" hai="5,7,13,14,15,40,42,43,44,48,52,60,66,70" machi="43" ten="40,5200,0" yaku="1,1,52,1,54,1,53,0" doraHai="59" doraHaiUra="118" who="1" fromWho="2" sc="72,0,271,74,326,-64,321,0" owari="72,-42.8,345,44.5,262,-13.8,321,12.1" /></mjloggm>