<mjloggm ver="2.3"><GO type="225" lobby="0"/><UN n0="%4B%2E%32%2E%4B%2E" n1="%E3%82%BC%E3%83%AB%E3%83%80%E3%81%AE%E4%BC%9D%E8%AA%AC" n2="%E3%83%AB%E3%83%9B%E3%83%B3%E3%83%87%E3%82%A3%E3%82%A8" n3="%E4%BF%BA%E3%81%A8%E5%A6%96%E5%A4%A2" dan="16,17,17,17" rate="2145.62,2232.79,2164.00,2164.07" sx="M,M,M,F"/><TAIKYOKU oya="0"/><INIT seed="0,0,0,0,2,88" ten="250,250,250,250" oya="0" hai0="41,19,12,129,115,135,56,44,71,87,110,65,125" hai1="55,104,120,79,4,51,45,3,119,30,105,74,100" hai2="31,85,27,50,68,24,59,53,69,16,81,25,98" hai3="107,48,60,0,99,95,22,84,37,17,66,64,114"/><T26/><D115/><U32/><E119/><V76/><F31/><W29/><G114/><T10/><D71/><U109/><E120/><V36/><F36/><W40/><G37/><T130/><D125/><U13/><E3/><V94/><F69/><W47/><G0/><T11/><D135/><U101/><E109/><V9/><F68/><W1/><G1/><T126/><D126/><U132/><E132/><V89/><REACH who="2" step="1"/><F9/><REACH who="2" ten="250,250,240,250" step="2"/><W21/><G29/><T112/><D10/><U103/><E30/><V34/><F34/><W117/><G117/><T57/><D112/><U2/><E32/><V131/><F131/><W86/><G22/><AGARI ba="0,1" hai="16,22,24,25,27,50,53,59,76,81,85,89,94,98" machi="22" ten="40,8000,1" yaku="1,1,8,1,52,1,54,1,53,0" doraHai="88" doraHaiUra="7" who="2" fromWho="3" sc="250,0,250,0,240,90,250,-80" /><INIT seed="1,0,0,1,0,47" ten="250,250,330,170" oya="1" hai0="62,84,118,97,30,76,125,4,135,133,128,32,27" hai1="31,7,17,93,49,48,21,110,50,60,68,72,6" hai2="55,105,109,34,120,129,78,24,74,127,2,3,87" hai3="134,116,19,45,18,36,112,115,132,12,66,108,122"/><U54/><E72/><V38/><RYUUKYOKU type="yao9" ba="0,0" sc="250,0,250,0,330,0,170,0" hai2="2,3,24,34,38,55,74,78,87,105,109,120,127,129" /><INIT seed="1,1,0,1,4,89" ten="250,250,330,170" oya="1" hai0="126,127,88,84,19,122,75,8,108,71,35,53,86" hai1="57,14,36,64,119,63,20,55,91,45,9,37,128" hai2="59,80,77,135,100,60,83,39,72,42,65,3,62" hai3="18,38,46,94,109,123,113,93,33,85,29,131,105"/><U70/><E119/><V120/><F100/><W4/><G123/><T96/><D75/><U97/><E128/><V74/><F3/><W23/><G113/><T24/><D71/><U11/><E20/><V118/><F39/><W28/><G105/><T58/><D122/><U41/><E37/><V112/><F42/><W102/><G131/><T54/><D108/><U30/><E30/><V130/><F118/><W1/><G109/><T104/><D35/><U117/><E117/><V98/><F98/><W133/><G133/><T56/><D104/><U27/><E27/><V25/><F120/><W129/><G129/><T121/><D96/><U99/><E91/><V92/><F92/><N who="3" m="35435" /><G33/><T107/><D107/><U2/><E9/><V7/><F74/><W31/><G38/><T134/><D134/><U22/><E22/><V15/><F72/><W51/><G1/><T5/><D5/><U61/><REACH who="1" step="1"/><E2/><REACH who="1" ten="250,240,330,170" step="2"/><V44/><F130/><W49/><G102/><T32/><D32/><U106/><E106/><V68/><F135/><W26/><G4/><AGARI ba="1,1" hai="4,11,14,36,41,45,55,57,61,63,64,70,97,99" machi="4" ten="30,2900,0" yaku="1,1,7,1,53,0" doraHai="89" doraHaiUra="116" who="1" fromWho="3" sc="250,0,240,42,330,0,170,-32" /><INIT seed="1,2,0,5,0,81" ten="250,282,330,138" oya="1" hai0="20,99,102,66,105,52,47,128,29,25,54,49,95" hai1="8,120,57,73,100,104,90,9,88,48,31,16,69" hai2="103,78,106,56,126,46,118,65,45,40,39,77,85" hai3="13,64,17,26,117,61,96,132,15,62,50,42,130"/><U76/><E69/><V112/><F106/><W125/><G132/><T116/><D128/><U18/><E120/><V33/><F33/><W12/><G130/><T83/><D116/><U79/><E104/><V94/><F118/><W23/><G117/><T22/><D66/><U92/><E31/><V108/><F108/><W30/><G125/><T107/><D54/><N who="1" m="31943" /><E100/><V113/><F46/><W60/><G96/><T75/><REACH who="0" step="1"/><D20/><REACH who="0" ten="240,282,330,138" step="2"/><U21/><E73/><V91/><F65/><W63/><G64/><T129/><D129/><U68/><E68/><V44/><F113/><W71/><G71/><T131/><D131/><U119/><E119/><V37/><F112/><W135/><G135/><T67/><D67/><U1/><E1/><V123/><F126/><W59/><N who="3" m="15360" /><DORA hai="74" /><W70/><G70/><T0/><D0/><U4/><E4/><V10/><F40/><W115/><G115/><T11/><D11/><N who="1" m="4171" /><E18/><V35/><F10/><W101/><G42/><T58/><D58/><U38/><E38/><V43/><F56/><W80/><G59/><T72/><D72/><U6/><E6/><V27/><F43/><W2/><G2/><T89/><D89/><N who="1" m="34411" /><E92/><V97/><F94/><W86/><G17/><T7/><D7/><U34/><E34/><V110/><F35/><W111/><G111/><T24/><D24/><AGARI ba="2,1" hai="16,21,24,76,79" m="34411,4171,31943" machi="24" ten="30,12000,1" yaku="8,1,52,2,54,2" doraHai="81,74" who="1" fromWho="0" sc="240,-126,282,136,330,0,138,0" /><INIT seed="1,3,0,4,2,75" ten="114,418,330,138" oya="1" hai0="70,127,128,34,71,23,22,40,16,123,53,104,32" hai1="89,122,118,52,130,69,0,78,25,58,18,120,49" hai2="132,103,2,46,8,62,3,38,83,117,24,66,101" hai3="73,35,33,124,51,113,45,43,47,99,36,121,87"/><U5/><E118/><V111/><F111/><W12/><G121/><T64/><D123/><U88/><E69/><V67/><F67/><W131/><G113/><T110/><D64/><U37/><E37/><V13/><F2/><W79/><G73/><T4/><D4/><U9/><E130/><V56/><F3/><W129/><G99/><T90/><D40/><U125/><E125/><V84/><F132/><W29/><G124/><T106/><D127/><U48/><E78/><V108/><F108/><W1/><G1/><T80/><D110/><U6/><E6/><V86/><F86/><W55/><G12/><T98/><D53/><U93/><E48/><V115/><F115/><W76/><G87/><T15/><D128/><N who="3" m="49225" /><G29/><T107/><D23/><U39/><E39/><V11/><F11/><W65/><G65/><T72/><D98/><U14/><E89/><V54/><F24/><W135/><G135/><T17/><D17/><U109/><E25/><V59/><F46/><W116/><G116/><T133/><D133/><U21/><E109/><V119/><F38/><W50/><G36/><T77/><REACH who="0" step="1"/><D90/><REACH who="0" ten="104,418,330,138" step="2"/><U31/><E31/><V91/><F119/><W26/><G26/><T19/><D19/><U28/><E28/><V82/><F117/><W102/><G102/><T68/><AGARI ba="3,1" hai="15,16,22,32,34,68,70,71,72,77,80,104,106,107" machi="68" ten="40,12000,2" yaku="1,1,0,1,52,1,54,1,53,2" doraHai="75" doraHaiUra="30" who="0" fromWho="0" sc="104,139,418,-63,330,-33,138,-33" /><INIT seed="2,0,0,2,2,74" ten="243,355,297,105" oya="2" hai0="1,95,109,7,82,114,47,134,128,19,52,30,35" hai1="33,115,76,99,116,107,61,46,57,16,110,11,26" hai2="34,124,21,25,23,50,94,14,86,87,20,118,67" hai3="103,6,18,12,51,39,100,29,22,70,37,75,10"/><V96/><F118/><W102/><G70/><T84/><D114/><U15/><E115/><V126/><F67/><W68/><G68/><T63/><D109/><U125/><E116/><V27/><F50/><W65/><G65/><T105/><D105/><U5/><E110/><V73/><F14/><W130/><G130/><T123/><D123/><U91/><E125/><N who="2" m="48235" /><F73/><W43/><G75/><T133/><D128/><U121/><E121/><V60/><F60/><W131/><G131/><T13/><D95/><N who="1" m="56831" /><E33/><V89/><F34/><W55/><G43/><T59/><D35/><U127/><E107/><V98/><F98/><W80/><G80/><T88/><D30/><U64/><E127/><V129/><F129/><W45/><REACH who="3" step="1"/><G29/><REACH who="3" ten="243,355,297,95" step="2"/><T56/><D82/><U101/><E64/><V83/><F87/><W119/><G119/><T108/><D84/><U53/><E53/><V112/><F112/><W135/><G135/><T106/><D52/><U2/><E61/><V69/><F69/><W54/><G54/><T58/><D63/><U24/><E57/><V90/><AGARI ba="0,1" hai="20,21,23,25,27,83,86,89,90,94,96" m="48235" machi="90" ten="30,1500,0" yaku="18,1" doraHai="74" who="2" fromWho="2" sc="243,-5,355,-5,297,25,95,-5" /><INIT seed="2,1,0,1,2,41" ten="238,350,322,90" oya="2" hai0="68,18,67,108,128,43,90,37,33,132,95,79,117" hai1="120,96,35,98,118,21,91,40,58,3,86,112,109" hai2="103,25,53,107,121,44,12,0,92,29,7,63,70" hai3="77,66,49,85,17,93,64,4,73,65,83,127,56"/><V69/><F121/><W124/><G4/><T20/><D108/><U32/><E118/><V114/><F114/><W110/><G110/><T23/><D33/><U101/><E109/><V27/><F107/><W24/><G73/><T45/><D128/><U36/><E112/><V126/><F0/><W105/><G105/><T14/><D132/><U50/><E3/><V46/><F70/><W57/><G93/><T125/><D125/><N who="3" m="48201" /><G49/><T2/><D117/><U72/><E72/><V100/><F69/><W26/><G17/><T119/><D119/><U80/><E96/><N who="2" m="59399" /><F103/><W88/><G77/><T61/><D2/><U34/><E120/><V59/><F126/><W122/><G122/><T1/><D1/><U62/><E36/><V9/><F29/><W48/><G48/><T55/><D79/><U47/><E21/><V75/><F75/><W130/><G130/><T111/><D111/><U71/><E71/><V6/><F6/><W51/><G51/><T82/><D23/><U78/><E78/><V81/><F81/><W99/><G99/><T134/><D95/><U28/><E28/><V84/><F84/><W15/><G15/><T97/><D97/><U129/><E129/><V106/><F106/><W116/><G116/><T38/><D14/><U89/><E89/><V52/><F53/><W87/><G87/><T39/><D55/><N who="1" m="34143" /><E98/><V31/><F31/><W13/><G13/><T19/><D19/><U54/><E54/><V42/><F42/><W5/><G5/><T102/><D18/><U133/><E101/><V8/><F8/><W22/><G22/><T60/><D20/><RYUUKYOKU ba="1,0" sc="238,-30,350,10,322,10,90,10" hai1="32,34,35,40,47,50,80,86,91,133" hai2="7,9,12,25,27,44,46,52,59,63" hai3="24,26,56,57,64,65,66,83,85,88" /><INIT seed="2,2,0,3,4,29" ten="208,360,332,100" oya="2" hai0="18,28,1,125,129,47,13,132,55,57,19,111,25" hai1="40,17,74,103,131,45,59,79,60,12,72,33,37" hai2="119,71,118,10,75,115,4,98,3,121,78,15,81" hai3="108,89,80,51,56,127,99,100,92,113,24,73,23"/><V124/><F115/><W67/><G113/><T102/><D1/><U20/><E33/><V91/><F121/><W50/><G108/><T5/><D111/><U9/><E131/><V104/><F71/><W65/><G127/><T94/><D125/><U135/><E135/><V123/><F123/><W106/><G106/><T30/><D129/><U46/><E79/><V2/><F2/><W52/><G50/><T84/><D132/><U53/><E103/><V61/><F61/><W116/><G116/><T101/><D47/><U8/><REACH who="1" step="1"/><E45/><REACH who="1" ten="208,350,332,100" step="2"/><V11/><F124/><W66/><G73/><AGARI ba="2,1" hai="8,9,12,17,20,37,40,46,53,59,60,72,73,74" machi="73" ten="40,2600,0" yaku="1,1,2,1,53,0" doraHai="29" doraHaiUra="130" who="1" fromWho="3" sc="208,0,350,42,332,0,100,-32" /><INIT seed="3,0,0,4,3,130" ten="208,392,332,68" oya="3" hai0="132,17,41,23,19,91,121,51,27,106,123,69,105" hai1="128,135,26,112,92,94,96,81,54,45,116,9,110" hai2="3,6,86,88,30,95,36,43,108,64,98,5,22" hai3="15,84,78,12,122,55,50,57,101,61,46,127,83"/><W97/><G122/><T35/><D69/><U63/><E112/><V75/><F108/><W2/><G2/><T42/><D35/><U129/><E110/><V111/><F75/><W79/><G79/><T53/><D132/><U7/><E135/><V25/><F111/><W62/><G62/><T80/><D106/><U85/><E116/><V119/><F119/><W34/><G34/><T11/><D105/><U113/><E113/><V52/><F3/><W126/><G126/><T47/><D42/><U68/><E26/><V38/><F64/><W76/><G76/><T58/><D91/><U87/><E45/><V102/><F43/><W18/><G18/><T33/><D80/><U40/><E40/><V60/><F38/><W115/><G127/><T109/><D33/><U100/><E92/><V82/><F36/><W31/><G31/><T120/><D109/><U20/><E20/><V114/><F114/><W90/><G78/><T65/><D65/><N who="1" m="41023" /><E54/><V16/><F30/><W0/><G0/><T73/><D73/><U107/><E81/><V44/><F44/><W13/><G13/><T21/><D11/><U74/><E107/><V99/><F99/><W4/><G4/><T24/><D120/><U117/><E74/><V39/><F39/><AGARI ba="0,0" hai="17,19,21,23,24,27,39,41,47,51,53,58,121,123" machi="39" ten="30,2000,0" yaku="7,1,9,1" doraHai="130" who="0" fromWho="2" sc="208,20,392,0,332,-20,68,0" owari="228,-17.2,392,49.2,312,11.2,68,-43.2" /></mjloggm>