<mjloggm ver="2.3"><GO type="225" lobby="0"/><UN n0="%72%61%6B%33" n1="%73%6C%69%63%6B%33%31%39" n2="%E3%82%BC%E3%83%AB%E3%83%80%E3%81%AE%E4%BC%9D%E8%AA%AC" n3="%E7%B4%94%E6%BD%94%E3%83%94%E3%83%A9%E3%83%8B%E3%82%A2" dan="17,16,17,17" rate="2159.42,2117.18,2250.29,2157.38" sx="M,M,M,M"/><TAIKYOKU oya="0"/><INIT seed="0,0,0,0,5,33" ten="250,250,250,250" oya="0" hai0="60,17,10,102,127,87,130,35,112,107,39,16,113" hai1="3,51,32,72,81,44,83,30,104,67,117,80,95" hai2="119,42,97,73,135,62,63,56,48,126,75,5,99" hai3="23,69,36,37,29,118,31,82,133,0,14,15,114"/><T91/><D39/><U109/><E104/><V86/><F126/><W76/><G69/><T85/><D35/><U84/><E117/><V58/><F119/><W13/><G118/><T116/><D116/><U98/><E109/><V24/><F135/><W4/><G133/><T9/><D127/><U11/><E67/><V8/><F86/><W52/><G114/><T88/><D60/><U6/><E72/><V70/><F70/><W7/><G23/><T18/><D107/><U110/><E110/><V132/><F24/><W92/><G92/><T77/><D77/><U12/><E30/><V106/><F132/><W122/><G122/><T45/><D45/><U93/><E32/><V125/><F125/><W74/><G4/><T96/><D96/><U38/><E38/><V27/><F27/><W79/><G79/><T41/><D41/><N who="1" m="24975" /><E95/><V21/><F106/><W61/><G36/><T71/><D71/><U121/><E3/><V65/><F21/><W28/><G37/><T20/><D20/><U25/><E25/><V2/><F75/><W94/><G94/><T47/><D47/><U50/><E50/><V101/><F73/><W66/><G66/><T64/><D64/><U53/><E53/><N who="2" m="34063" /><F101/><W54/><REACH who="3" step="1"/><G61/><REACH who="3" ten="250,250,250,240" step="2"/><T49/><D112/><U111/><E111/><V134/><F134/><W128/><G128/><T131/><D113/><U108/><E108/><V68/><F68/><W78/><G78/><T103/><D18/><U19/><E121/><V129/><F129/><W57/><G57/><T46/><D46/><U120/><E120/><V34/><F34/><W123/><G123/><RYUUKYOKU ba="0,1" sc="250,10,250,-30,250,10,240,10" hai0="9,10,16,17,49,85,87,88,91,102,103,130,131" hai2="2,5,8,42,48,58,63,65,97,99" hai3="0,7,13,14,15,28,29,31,52,54,74,76,82" /><INIT seed="0,1,1,2,5,49" ten="260,220,260,250" oya="0" hai0="129,18,28,66,113,108,87,130,105,91,79,2,20" hai1="96,11,58,67,77,42,36,84,116,64,81,0,8" hai2="34,38,14,27,93,74,43,50,73,15,37,52,70" hai3="109,106,121,125,53,103,25,31,4,75,89,65,95"/><T54/><D113/><U120/><E116/><V69/><F93/><W16/><G75/><T78/><D2/><U92/><E120/><V98/><F98/><W1/><G121/><T41/><D105/><U115/><E115/><V97/><F97/><W72/><G72/><T24/><D41/><U57/><E36/><V33/><F50/><W133/><G65/><N who="1" m="25162" /><E0/><V44/><F27/><W132/><G106/><T68/><D108/><U110/><E42/><V17/><F43/><W128/><G103/><T82/><D28/><U30/><E30/><V63/><F17/><W39/><G39/><T104/><D104/><U46/><E46/><V131/><F44/><W23/><G109/><T32/><D32/><U35/><E35/><V51/><F51/><W86/><G125/><T80/><D54/><U26/><E26/><V100/><F63/><W61/><G128/><N who="0" m="49259" /><D80/><U9/><E110/><V10/><F131/><W60/><G31/><T134/><D134/><N who="3" m="51817" /><G53/><T5/><D5/><U59/><E59/><V127/><F52/><W85/><G4/><T99/><D99/><U56/><E56/><V62/><F127/><W88/><G1/><T21/><D21/><U45/><E45/><V101/><F62/><AGARI ba="1,1" hai="18,20,24,62,66,68,78,79,82,87,91" m="49259" machi="62" ten="30,1500,0" yaku="19,1" doraHai="49" who="0" fromWho="2" sc="260,28,220,0,260,-18,250,0" /><INIT seed="0,2,0,5,2,5" ten="288,220,242,250" oya="0" hai0="19,4,115,63,114,71,6,0,24,69,90,45,35" hai1="66,22,39,131,64,111,88,82,75,94,15,132,101" hai2="37,116,119,65,59,95,26,84,77,55,107,96,97" hai3="62,129,18,49,112,130,60,52,124,127,43,93,12"/><T31/><D90/><U16/><E39/><V36/><F65/><N who="1" m="25193" /><E75/><V14/><F26/><W7/><G7/><T126/><D63/><N who="3" m="24105" /><G43/><T41/><D126/><N who="3" m="48169" /><G93/><T122/><D122/><U108/><E131/><V44/><F107/><W54/><G112/><T76/><D19/><U9/><E82/><V2/><F2/><W67/><G67/><T79/><D6/><U17/><E101/><V33/><F95/><W3/><G3/><T89/><D89/><U46/><E46/><V8/><F44/><N who="3" m="27687" /><G54/><T105/><D114/><U78/><E132/><V117/><F55/><W102/><G102/><T83/><D115/><U121/><E121/><V27/><F37/><W1/><G1/><T61/><D105/><U123/><E123/><V81/><F36/><W30/><G30/><T104/><D104/><U34/><E34/><V11/><F59/><W28/><G28/><T110/><D35/><U73/><E17/><V53/><F53/><W50/><G50/><T80/><D45/><U125/><E125/><V113/><F113/><W20/><AGARI ba="2,0" hai="12,18,20,129,130" m="27687,48169,24105" machi="20" ten="30,2000,0" yaku="18,1,54,1" doraHai="5" who="3" fromWho="3" sc="288,-12,220,-7,242,-7,250,26" /><INIT seed="1,0,0,3,4,116" ten="276,213,235,276" oya="1" hai0="3,69,95,31,65,121,79,53,104,9,78,37,88" hai1="89,124,133,117,0,35,22,76,8,27,67,29,74" hai2="34,10,25,113,118,94,38,131,17,6,16,107,64" hai3="126,48,39,4,84,44,26,23,85,127,112,98,125"/><U14/><E117/><V108/><F107/><W111/><G112/><T97/><D37/><U20/><E74/><V130/><F118/><W75/><G75/><T91/><D31/><U110/><E76/><V134/><F38/><W19/><G39/><T92/><D104/><U60/><E124/><V49/><F64/><W28/><G111/><T11/><D53/><U59/><E133/><V51/><F94/><W47/><G4/><T82/><D121/><U50/><E110/><V58/><F108/><W5/><G5/><T101/><D101/><U41/><E0/><N who="2" m="327" /><F58/><W33/><G98/><T45/><D45/><U57/><E89/><V93/><F93/><W123/><G123/><T80/><D3/><U46/><REACH who="1" step="1"/><E57/><REACH who="1" ten="276,203,235,276" step="2"/><V36/><F134/><W18/><G44/><T21/><D78/><U115/><E115/><V61/><F113/><W109/><G109/><T52/><D79/><U103/><E103/><V1/><F1/><W105/><G125/><T7/><D91/><U66/><E66/><V100/><F100/><W129/><G126/><T83/><D88/><U77/><E77/><V90/><F90/><W15/><G127/><T62/><D83/><U106/><E106/><V2/><F2/><W55/><G105/><T42/><D82/><U68/><E68/><V72/><F72/><W87/><G84/><T70/><D80/><U119/><E119/><V81/><F81/><W128/><G85/><T73/><D70/><U30/><E30/><V122/><F122/><W13/><G87/><T120/><D120/><U63/><E63/><V86/><F86/><W40/><G40/><RYUUKYOKU ba="0,1" sc="276,-15,203,15,235,-15,276,15" hai1="8,14,20,22,27,29,35,41,46,50,59,60,67" hai3="13,15,18,19,23,26,28,33,47,48,55,128,129" /><INIT seed="1,1,1,2,1,66" ten="261,218,220,291" oya="1" hai0="121,113,82,123,17,108,60,40,100,127,70,6,89" hai1="88,96,125,22,51,48,91,45,12,106,109,18,133" hai2="129,28,130,53,47,119,84,39,62,33,21,63,105" hai3="41,87,104,98,24,55,58,37,126,3,134,102,99"/><U78/><E125/><V110/><F119/><W64/><G126/><T132/><D113/><U85/><E133/><V44/><F33/><W135/><G3/><T1/><D127/><U69/><E109/><V77/><F105/><W7/><G7/><T27/><D108/><U50/><E69/><V90/><F77/><W114/><G114/><T16/><D132/><N who="3" m="50729" /><G64/><N who="0" m="41223" /><D100/><U13/><E78/><V118/><F118/><W97/><G87/><N who="0" m="50423" /><D40/><U10/><E106/><V15/><F110/><W101/><G24/><T46/><D46/><U56/><E56/><V73/><F73/><W122/><G122/><N who="0" m="46603" /><D27/><U112/><E112/><V2/><F44/><N who="3" m="23599" /><G101/><T20/><D20/><U57/><E57/><V36/><F21/><W81/><G81/><T120/><N who="0" m="46611" /><T34/><DORA hai="116" /><D34/><U32/><E32/><V67/><F47/><W5/><G102/><T61/><D61/><U92/><E45/><V0/><F62/><W94/><G104/><T35/><D35/><U11/><REACH who="1" step="1"/><E13/><REACH who="1" ten="261,208,220,291" step="2"/><V79/><F15/><W117/><G117/><T107/><D107/><U26/><E26/><V103/><F67/><W93/><G58/><T31/><D31/><U9/><E9/><AGARI ba="1,2" hai="1,6,9,16,17" m="46611,50423,41223" machi="9" ten="40,12000,2" yaku="13,1,52,5,54,1" doraHai="66,116" who="0" fromWho="1" sc="261,143,208,-123,220,0,291,0" /><INIT seed="2,0,0,4,4,93" ten="404,85,220,291" oya="2" hai0="17,44,28,128,29,85,45,103,54,115,70,100,125" hai1="6,37,51,132,5,106,15,67,135,99,30,60,110" hai2="35,73,33,31,57,84,68,83,59,39,80,119,95" hai3="56,50,104,71,49,74,16,107,75,87,105,98,113"/><V46/><F119/><W13/><G71/><T3/><D70/><N who="1" m="42343" /><E15/><V36/><F68/><W77/><G113/><T27/><D3/><U40/><E30/><V2/><F95/><W25/><G25/><T72/><D72/><U61/><E5/><V14/><F46/><W82/><G56/><T65/><D65/><U8/><E8/><V108/><F14/><W123/><G123/><T92/><D125/><U111/><E6/><V91/><F2/><W130/><G130/><T23/><D128/><U101/><E51/><V52/><F31/><N who="0" m="11850" /><D115/><U79/><E79/><V88/><F84/><W69/><G69/><T58/><D100/><U117/><E61/><V97/><F73/><W20/><G75/><T124/><D124/><U116/><E40/><V64/><F35/><W94/><REACH who="3" step="1"/><G74/><REACH who="3" ten="404,85,220,281" step="2"/><T90/><D103/><AGARI ba="0,1" hai="13,16,20,49,50,77,82,87,94,98,103,104,105,107" machi="103" ten="40,8000,1" yaku="1,1,2,1,52,1,54,1,53,0" doraHai="93" doraHaiUra="114" who="3" fromWho="0" sc="404,-80,85,0,220,0,281,90" /><INIT seed="3,0,0,5,2,39" ten="324,85,220,371" oya="3" hai0="133,70,127,50,13,14,135,99,59,68,44,79,16" hai1="124,19,33,134,45,85,20,2,86,95,30,61,11" hai2="125,123,40,93,117,75,4,31,91,102,25,26,24" hai3="66,90,1,17,12,100,77,92,130,0,120,57,47"/><W27/><G100/><T56/><D79/><U107/><E107/><V22/><F75/><W115/><G77/><T111/><D99/><U122/><E61/><V112/><F4/><W38/><G27/><T65/><D111/><U131/><E95/><V15/><F40/><W71/><G71/><N who="0" m="27179" /><D65/><U106/><E106/><V126/><F15/><W87/><G12/><T43/><D14/><U21/><E45/><V88/><F22/><W6/><G66/><T28/><D28/><U84/><E122/><V41/><F31/><W89/><G120/><T10/><D127/><U81/><E124/><V34/><F112/><W62/><G115/><T46/><D46/><U49/><E49/><V48/><F26/><W29/><G47/><T105/><D105/><U72/><E72/><V94/><F24/><W5/><G29/><T63/><D63/><U7/><E131/><V113/><F48/><W108/><G130/><T36/><D36/><U52/><E134/><N who="0" m="51209" /><D56/><U51/><E33/><V32/><F32/><W54/><G38/><T35/><D59/><U9/><E30/><V129/><F34/><W121/><G108/><T76/><D35/><U80/><E19/><V55/><F125/><W101/><G57/><T82/><D76/><U60/><E60/><V114/><F129/><W18/><G62/><T103/><D82/><U74/><E74/><V97/><F126/><W58/><G58/><T109/><D109/><U73/><E73/><V119/><F123/><W132/><G121/><T42/><D103/><U128/><E128/><V96/><F94/><N who="3" m="54591" /><G101/><T116/><D116/><U78/><E78/><RYUUKYOKU ba="0,0" sc="324,30,85,-10,220,-10,371,-10" hai0="10,13,16,42,43,44,50" owari="354,15.4,75,-42.5,210,-19.0,361,46.1" /></mjloggm>