<mjloggm ver="2.3"><GO type="225" lobby="0"/><UN n0="%E3%81%B8%E3%82%80%E3%81%B8%E3%82%80%EF%BC%92%E5%8F%B7" n1="%E6%80%AA%E3%81%97%E3%81%99%E3%81%8E%E3%82%8B%E3%83%81%E3%83%BC" n2="%72%69%6F%75%63%68%61%6E" n3="%61%69%73%79%6F" dan="17,17,17,17" rate="2183.71,2143.01,2244.53,2149.04" sx="M,M,M,M"/><TAIKYOKU oya="0"/><INIT seed="0,0,0,3,0,44" ten="250,250,250,250" oya="0" hai0="34,63,30,48,42,93,24,111,105,115,58,35,78" hai1="2,103,100,66,28,55,25,119,21,73,118,33,52" hai2="51,130,46,69,92,83,99,117,108,49,128,96,75" hai3="27,56,1,62,0,132,32,104,97,43,71,101,53"/><T57/><D105/><U65/><E73/><V41/><F108/><W22/><G132/><T94/><D115/><U107/><E2/><V64/><F117/><W19/><G43/><T90/><D111/><U50/><E33/><V102/><F64/><N who="1" m="24681" /><E107/><V39/><F69/><W110/><G110/><T18/><D78/><U85/><E118/><V88/><F75/><W106/><G71/><T16/><D34/><U82/><E119/><V122/><F122/><W72/><G72/><T80/><D80/><U123/><E123/><V9/><F9/><W91/><G104/><T133/><D133/><U109/><E109/><V4/><F4/><W124/><G124/><T95/><D90/><N who="1" m="51511" /><E55/><V125/><F125/><W113/><G113/><T6/><D6/><U23/><E21/><V129/><REACH who="2" step="1"/><F83/><REACH who="2" ten="250,250,240,250" step="2"/><W59/><G32/><T20/><D35/><U114/><E114/><V76/><F76/><W37/><G0/><T121/><D121/><U77/><E77/><V40/><F40/><W60/><G1/><T79/><D79/><U10/><E10/><V26/><F26/><W36/><G91/><T89/><D89/><U47/><AGARI ba="0,1" hai="23,25,28,47,50,52,100,103" m="51511,24681" machi="47" ten="30,4000,0" yaku="8,1,52,1,54,1" doraHai="44" who="1" fromWho="1" sc="250,-20,250,50,240,-10,250,-10" /><INIT seed="1,0,0,5,5,84" ten="230,300,230,240" oya="1" hai0="133,99,43,22,40,123,4,78,90,81,30,21,126" hai1="111,85,94,45,37,51,117,96,79,130,128,20,119" hai2="5,115,36,68,125,24,12,114,73,103,9,93,110" hai3="38,120,61,97,11,88,112,41,122,66,42,35,135"/><U2/><E37/><V44/><F68/><W104/><G112/><N who="2" m="43049" /><F73/><W32/><G135/><T102/><D133/><U55/><E2/><V56/><F103/><W65/><G11/><T127/><D4/><U19/><E111/><V53/><F110/><W23/><G23/><T107/><D90/><N who="1" m="55383" /><E85/><V16/><F125/><N who="0" m="47626" /><D123/><U34/><E79/><V39/><F93/><W1/><G104/><T27/><D21/><U70/><E70/><V67/><F67/><W10/><G10/><T75/><AGARI ba="0,0" hai="22,27,30,40,43,75,78,81,99,102,107" m="47626" machi="75" ten="30,1100,0" yaku="18,1" doraHai="84" who="0" fromWho="0" sc="230,11,300,-5,230,-3,240,-3" /><INIT seed="2,0,0,5,1,1" ten="241,295,227,237" oya="2" hai0="17,78,37,39,66,93,31,94,117,134,72,69,18" hai1="14,43,46,92,23,62,129,81,104,61,73,26,83" hai2="108,127,12,120,38,4,101,133,65,85,36,29,96" hai3="54,19,7,51,53,47,75,44,41,87,63,135,126"/><V100/><F120/><W50/><G75/><T27/><D117/><U6/><E104/><V21/><F127/><W11/><G135/><T45/><D134/><U80/><E129/><V3/><F133/><W33/><G126/><T115/><D115/><U49/><E73/><V99/><F108/><W68/><G33/><T119/><D119/><U0/><E0/><V107/><F65/><W24/><G87/><T60/><D78/><U97/><E6/><V98/><F85/><W109/><G109/><T77/><D77/><U74/><E14/><V15/><F3/><W30/><G19/><T130/><D72/><U111/><E111/><V13/><F4/><W103/><G103/><N who="2" m="39497" /><F107/><W52/><G68/><T57/><D69/><U110/><E74/><V76/><F76/><W89/><G63/><T90/><D94/><U64/><E64/><V59/><F59/><W32/><REACH who="3" step="1"/><G89/><REACH who="3" ten="241,295,227,227" step="2"/><T71/><D71/><U128/><E110/><V9/><F9/><W67/><G67/><T112/><D112/><U2/><E128/><V40/><F21/><W116/><G116/><T42/><D130/><U20/><E61/><V121/><F121/><W70/><G70/><T5/><D5/><U125/><E62/><V113/><F113/><W123/><G123/><T105/><D105/><U122/><E125/><V55/><F29/><W131/><G131/><T124/><D124/><U88/><E122/><V16/><F16/><W10/><G10/><T28/><D28/><N who="1" m="17479" /><E23/><V22/><F22/><W8/><G8/><T91/><D31/><U35/><E35/><V34/><F34/><W84/><G84/><RYUUKYOKU ba="0,1" sc="241,-15,295,15,227,-15,227,15" hai1="2,43,46,49,80,81,83,88,92,97" hai3="7,11,24,30,32,41,44,47,50,51,52,53,54" /><INIT seed="3,1,1,3,5,54" ten="226,310,212,242" oya="3" hai0="109,14,111,114,94,106,43,47,83,55,116,62,30" hai1="121,99,89,91,80,38,124,19,6,57,51,39,95" hai2="12,78,100,75,46,53,108,8,3,102,76,13,34" hai3="70,25,113,98,60,32,107,92,115,20,129,125,4"/><W85/><G129/><T134/><D116/><U128/><E121/><V10/><F34/><W122/><G122/><T28/><D106/><U69/><E69/><V63/><F3/><W22/><G125/><T97/><D134/><U90/><E128/><V7/><F108/><N who="0" m="41546" /><D114/><U0/><E124/><V24/><F24/><W33/><G4/><T126/><D126/><U21/><E38/><V118/><F118/><W104/><G85/><T23/><D83/><U49/><E39/><V81/><F78/><W65/><G32/><T1/><D1/><U119/><E6/><V15/><F63/><W132/><G132/><T52/><D14/><N who="1" m="9463" /><E0/><V26/><F26/><W58/><G70/><T35/><D35/><U72/><E72/><V68/><F68/><W127/><G22/><T74/><D74/><U61/><E80/><V2/><REACH who="2" step="1"/><F10/><REACH who="2" ten="226,310,202,242" step="2"/><W77/><G33/><T16/><D30/><U36/><E119/><V29/><F29/><N who="3" m="17575" /><G77/><T120/><D28/><U17/><E61/><V130/><F130/><W73/><G127/><T86/><D62/><U59/><E99/><V5/><F5/><W96/><G96/><T18/><D97/><U48/><E17/><N who="0" m="6761" /><D23/><U112/><E112/><N who="3" m="43082" /><G73/><T133/><D133/><U64/><E91/><V105/><F105/><W103/><AGARI ba="1,2" hai="58,60,65,92,98,103,104,107" m="43082,17575" machi="103" ten="30,3000,0" yaku="25,1,52,1" doraHai="54" who="3" fromWho="3" sc="226,-11,310,-11,202,-11,242,53" /><INIT seed="3,2,0,4,4,85" ten="215,299,191,295" oya="3" hai0="76,12,0,87,53,73,10,26,74,132,78,104,61" hai1="98,125,28,111,43,6,122,19,117,90,30,44,62" hai2="102,33,120,91,92,64,133,110,58,14,83,48,65" hai3="15,47,82,114,36,103,16,57,72,5,9,27,70"/><W99/><G70/><T126/><D104/><U130/><E122/><V127/><F33/><W123/><G114/><T56/><D0/><U118/><E111/><V31/><F110/><W131/><G131/><T29/><D126/><U121/><E121/><V88/><F120/><W34/><G57/><T109/><D132/><U32/><E130/><V18/><F127/><W2/><G123/><T39/><D39/><N who="1" m="21631" /><E6/><V17/><F133/><W95/><G27/><T97/><D109/><U105/><E90/><N who="2" m="34347" /><F31/><W134/><G34/><T116/><D97/><U129/><E129/><V7/><F83/><W94/><G94/><T135/><D135/><U13/><E62/><N who="2" m="37975" /><F65/><W1/><G134/><T46/><D46/><U63/><E125/><V25/><F48/><W22/><G82/><T54/><D54/><U21/><E32/><V38/><F38/><W101/><G72/><T89/><D116/><N who="1" m="44651" /><E63/><V108/><F108/><W100/><G1/><T75/><D76/><U128/><E128/><V66/><F66/><W96/><G96/><T69/><D78/><U77/><E77/><V55/><F55/><W112/><G112/><T50/><D61/><U93/><E105/><V3/><F3/><W84/><G84/><T20/><D69/><U59/><E30/><V11/><F25/><W35/><G35/><T23/><D26/><U60/><E28/><V71/><F71/><W67/><G67/><T40/><D29/><U24/><E24/><V52/><F52/><W68/><G68/><T41/><D41/><U80/><E60/><V81/><F81/><W37/><G37/><T45/><D40/><AGARI ba="2,0" hai="2,5,9,15,16,22,36,40,47,95,99,100,101,103" machi="40" ten="40,3900,0" yaku="6,1,54,1" doraHai="85" who="3" fromWho="0" sc="215,-45,299,0,191,0,295,45" owari="170,-33.0,299,9.9,191,-20.9,340,44.0" /></mjloggm>