<mjloggm ver="2.3"><GO type="225" lobby="0"/><UN n0="%73%75%7A%75%6D%65%33" n1="%E6%A1%9C%E8%8A%B1%E9%96%83%E3%80%85" n2="%61%69%73%79%6F" n3="%E6%97%A5%E6%9B%9C%E6%97%A5%E3%82%88%E3%82%8A%E3%81%AE%E4%BD%BF%E8%80%85" dan="17,18,17,17" rate="2189.53,2241.26,2164.41,2160.81" sx="M,M,M,M"/><TAIKYOKU oya="0"/><INIT seed="0,0,0,3,0,77" ten="250,250,250,250" oya="0" hai0="134,84,97,2,46,35,16,11,92,3,52,32,42" hai1="30,27,37,107,28,13,6,57,131,115,68,23,120" hai2="19,18,49,21,60,101,95,69,109,62,39,33,72" hai3="90,91,82,79,102,75,100,71,103,73,63,121,54"/><T14/><D134/><U114/><E68/><V40/><F39/><W83/><G54/><T8/><D32/><U104/><E37/><V124/><F33/><W22/><G22/><T128/><D35/><U26/><E57/><V59/><F124/><W65/><REACH who="3" step="1"/><G121/><REACH who="3" ten="250,250,250,240" step="2"/><T118/><D118/><U81/><E23/><V119/><F21/><W0/><G0/><T51/><D128/><U20/><E20/><V53/><F53/><W80/><G80/><T17/><D2/><U7/><E120/><V4/><F60/><W127/><G127/><T116/><D116/><U66/><E13/><V1/><F62/><W98/><G98/><T85/><D3/><U45/><E131/><V133/><F1/><W74/><G74/><T76/><D76/><AGARI ba="0,1" hai="63,65,71,73,75,76,79,82,83,90,91,100,102,103" machi="76" ten="40,12000,2" yaku="1,1,9,1,52,2,53,2" doraHai="77" doraHaiUra="105" who="3" fromWho="0" sc="250,-120,250,0,250,0,240,130" /><INIT seed="1,0,0,4,3,52" ten="130,250,250,370" oya="1" hai0="18,64,119,3,94,65,93,96,23,33,51,77,36" hai1="0,69,121,43,41,107,100,57,91,7,72,8,2" hai2="71,26,67,125,92,24,98,35,66,99,78,37,133" hai3="63,58,117,46,34,70,44,74,97,101,83,19,105"/><U90/><E121/><V73/><F37/><W49/><G117/><T32/><D36/><U50/><E69/><V12/><F133/><W84/><G74/><T110/><D110/><U124/><E72/><V27/><F125/><W15/><G34/><T85/><D119/><U95/><E0/><V127/><F127/><W126/><G70/><T38/><D38/><U40/><E124/><V116/><F116/><W4/><G4/><T9/><D51/><U61/><E107/><V17/><F35/><W108/><G108/><T115/><D115/><U109/><E109/><V112/><F112/><W21/><G126/><T62/><D65/><U104/><E104/><V106/><F106/><W128/><G49/><T122/><D122/><U13/><E2/><V132/><F98/><W54/><G128/><T5/><D77/><AGARI ba="0,0" hai="15,19,21,44,46,54,58,63,77,83,84,97,101,105" machi="77" ten="30,2000,0" yaku="7,1,52,1" doraHai="52" who="3" fromWho="0" sc="130,-20,250,0,250,0,370,20" /><INIT seed="2,0,0,2,1,83" ten="110,250,250,390" oya="2" hai0="28,63,79,64,29,71,123,49,43,126,31,27,33" hai1="89,17,61,14,76,91,93,85,25,94,114,100,2" hai2="109,84,10,50,87,77,99,127,47,16,86,131,57" hai3="134,44,51,12,135,30,75,133,90,73,39,7,53"/><V48/><F131/><W3/><G3/><T81/><D123/><U121/><E114/><V46/><F127/><W103/><G103/><T88/><D126/><U105/><E2/><V9/><F109/><W106/><G106/><T117/><D117/><U115/><E115/><V8/><F77/><W125/><G125/><T120/><D120/><U69/><E76/><V24/><F99/><W4/><G30/><T45/><REACH who="0" step="1"/><D79/><REACH who="0" ten="100,250,250,390" step="2"/><U96/><E121/><V59/><F24/><W111/><G111/><T80/><D80/><U107/><E25/><V110/><F110/><W78/><G78/><T55/><D55/><U66/><REACH who="1" step="1"/><E100/><REACH who="1" ten="100,240,250,390" step="2"/><V97/><F16/><W36/><G135/><T62/><D62/><U92/><E92/><V124/><F124/><W22/><G134/><T11/><D11/><AGARI ba="0,2" hai="11,14,17,61,66,69,85,89,91,93,94,96,105,107" machi="11" ten="30,3900,0" yaku="1,1,7,1,52,1,53,0" doraHai="83" doraHaiUra="119" who="1" fromWho="0" sc="100,-39,240,59,250,0,390,0" /><INIT seed="3,0,0,1,1,23" ten="61,299,250,390" oya="3" hai0="90,87,116,66,112,44,35,27,109,15,101,16,134" hai1="129,70,72,82,105,18,111,14,62,94,84,97,103" hai2="38,78,6,96,37,51,80,92,25,114,89,42,68" hai3="61,132,8,100,13,20,122,45,130,7,83,107,33"/><W98/><G122/><T59/><D109/><U131/><E70/><V17/><F114/><W3/><G130/><N who="1" m="49674" /><E62/><V110/><F110/><W0/><G33/><T85/><D134/><U121/><E111/><V102/><F68/><W88/><G132/><T125/><D116/><U86/><E121/><V41/><F6/><W120/><G120/><T73/><D73/><U117/><E117/><V10/><F38/><W1/><G61/><T30/><D125/><U123/><E123/><V26/><F37/><W113/><G113/><T127/><D127/><U93/><E72/><V4/><F17/><W24/><G45/><T53/><D112/><U11/><E86/><N who="2" m="48407" /><F89/><AGARI ba="0,0" hai="11,14,18,82,84,89,93,94,97,103,105" m="49674" machi="89" ten="30,1000,0" yaku="19,1" doraHai="23" who="1" fromWho="2" sc="61,0,299,10,250,-10,390,0" owari="61,-43.9,309,10.9,240,-16.0,390,49.0" /></mjloggm>