<mjloggm ver="2.3"><GO type="225" lobby="0"/><UN n0="%E9%98%BF%E9%83%A8%E5%AF%9B%EF%BC%A0%E9%B3%B3%E5%8D%93" n1="%6D%61%74%69%67%75%73%61" n2="%E5%A4%9C%E5%85%89%E5%A4%A9%E6%A5%BC" n3="%E7%89%B9%E6%9D%B1%E3%81%AF%E4%B8%96%E7%95%8C%E3%82%92%E6%95%91%E3%81%86" dan="16,17,17,16" rate="2090.31,2185.66,2142.74,2145.95" sx="F,M,M,M"/><TAIKYOKU oya="0"/><INIT seed="0,0,0,5,4,64" ten="250,250,250,250" oya="0" hai0="1,53,135,104,54,63,94,36,92,107,131,115,125" hai1="68,26,122,82,17,106,7,43,123,55,114,103,79" hai2="117,119,13,83,105,128,72,96,112,78,109,87,51" hai3="108,52,9,33,91,73,14,21,16,24,132,4,25"/><T44/><D115/><U66/><E7/><V80/><F112/><W18/><G73/><T130/><D1/><U62/><E114/><V29/><F29/><N who="3" m="19631" /><G91/><T110/><D135/><U12/><E43/><V89/><F13/><N who="3" m="5287" /><G52/><T19/><D19/><U74/><E26/><V32/><F32/><W116/><G116/><N who="2" m="44617" /><F51/><W31/><G132/><T45/><D63/><U22/><REACH who="1" step="1"/><E55/><REACH who="1" ten="250,240,250,250" step="2"/><V134/><F134/><W102/><G102/><T49/><D36/><U57/><E57/><V11/><F11/><N who="3" m="6239" /><G108/><T0/><D110/><U15/><E15/><V41/><F41/><W98/><G98/><AGARI ba="0,1" hai="12,17,22,62,66,68,74,79,82,98,103,106,122,123" machi="98" ten="40,5200,0" yaku="1,1,52,1,53,1" doraHai="64" doraHaiUra="93" who="1" fromWho="3" sc="250,0,240,62,250,0,250,-52" /><INIT seed="1,0,0,0,3,117" ten="250,302,250,198" oya="1" hai0="118,26,93,49,41,75,64,87,107,94,90,62,95" hai1="98,82,36,71,70,130,40,108,110,56,79,20,50" hai2="19,73,96,67,10,121,100,39,106,0,85,111,135" hai3="2,7,92,104,125,105,119,81,83,55,42,46,131"/><U128/><E98/><V54/><F73/><W15/><G119/><T3/><D3/><U34/><E34/><V80/><F39/><W52/><G2/><T127/><D118/><U84/><E36/><V113/><F111/><N who="1" m="42537" /><E20/><V132/><F113/><W102/><G131/><N who="1" m="50218" /><E56/><V8/><F85/><W45/><G105/><T1/><D107/><U35/><E35/><V51/><F96/><W120/><G104/><T91/><D75/><U76/><E79/><V77/><F77/><W57/><G57/><T27/><D127/><U123/><E123/><V18/><F106/><W58/><G120/><T30/><D87/><U38/><E38/><V25/><F121/><W6/><G125/><T32/><D32/><U109/><N who="1" m="42545" /><U78/><DORA hai="115" /><E78/><V124/><F124/><W133/><G58/><T5/><D90/><U22/><E22/><V9/><F100/><W24/><G102/><T59/><D91/><U12/><E12/><V74/><F0/><W60/><G15/><T14/><D1/><U89/><E89/><V88/><F88/><W21/><G21/><T47/><REACH who="0" step="1"/><D30/><REACH who="0" ten="240,302,250,198" step="2"/><U116/><E116/><V134/><F134/><W126/><G133/><T61/><D61/><U63/><E63/><V65/><F132/><W101/><G60/><T103/><D103/><U114/><E114/><V4/><F135/><W97/><G126/><T99/><D99/><U28/><E28/><V72/><F72/><W122/><G122/><T66/><D66/><U37/><E84/><V68/><F74/><W43/><G101/><T13/><D13/><U69/><E76/><V112/><F67/><RYUUKYOKU ba="0,1" sc="240,30,302,-10,250,-10,198,-10" hai0="5,14,26,27,41,47,49,59,62,64,93,94,95" /><INIT seed="2,1,1,2,0,61" ten="270,292,240,188" oya="2" hai0="45,40,41,48,81,84,13,77,92,63,1,15,126" hai1="116,57,30,112,70,72,109,91,17,0,97,87,122" hai2="62,33,123,113,74,8,75,93,34,111,130,23,52" hai3="51,64,114,108,18,98,11,132,44,14,94,67,88"/><V83/><F113/><W69/><G108/><T2/><D126/><U6/><E70/><V10/><F123/><W27/><G132/><T20/><D1/><U82/><E112/><V110/><F130/><W47/><G114/><T96/><D2/><U66/><E116/><V118/><F118/><W7/><G69/><T79/><D40/><U37/><E37/><V128/><F128/><W4/><G47/><T22/><D77/><U5/><E0/><V103/><F23/><N who="0" m="8746" /><D63/><N who="1" m="38255" /><E72/><V68/><F75/><W120/><G120/><T125/><D125/><U119/><E109/><N who="2" m="41483" /><F83/><W29/><G7/><T9/><D9/><N who="2" m="3690" /><F74/><W78/><G78/><T49/><D49/><U90/><E30/><V73/><F73/><W100/><G4/><T131/><D131/><U43/><E17/><V46/><F46/><W3/><G3/><T117/><D117/><U115/><E82/><V12/><F12/><W60/><G60/><T89/><AGARI ba="1,1" hai="13,15,41,45,48,79,81,84,89,92,96" m="8746" machi="89" ten="30,1100,0" yaku="8,1" doraHai="61" who="0" fromWho="0" sc="270,24,292,-4,240,-6,188,-4" /><INIT seed="3,0,0,0,3,90" ten="294,288,234,184" oya="3" hai0="86,79,73,10,117,0,42,71,87,72,13,134,96" hai1="11,40,21,54,41,94,78,52,101,133,129,32,82" hai2="48,1,44,131,84,26,4,8,130,89,76,92,111" hai3="49,120,55,39,19,61,74,56,132,43,16,63,18"/><W104/><G132/><T62/><D117/><U38/><E32/><V109/><F76/><W20/><G120/><T128/><D0/><U135/><E129/><V27/><F130/><W17/><G74/><T14/><D128/><U85/><E11/><V6/><F131/><W121/><G104/><T93/><D42/><N who="1" m="16491" /><E38/><V80/><F6/><W37/><G121/><T91/><D134/><N who="1" m="51211" /><E21/><V75/><F75/><W23/><G23/><T60/><D71/><U103/><E94/><V53/><REACH who="2" step="1"/><F80/><REACH who="2" ten="294,288,224,184" step="2"/><W65/><G43/><T22/><D79/><U126/><E126/><V70/><F70/><W122/><G122/><T68/><D68/><U112/><E112/><V28/><F28/><W127/><G127/><T97/><D73/><U64/><E64/><V7/><F7/><W57/><REACH who="3" step="1"/><G49/><REACH who="3" ten="294,288,224,174" step="2"/><T110/><D72/><U67/><E67/><V106/><F106/><W66/><G66/><T50/><D50/><U95/><E54/><V123/><F123/><W108/><G108/><AGARI ba="0,2" hai="1,4,8,26,27,44,48,53,84,89,92,108,109,111" machi="108" ten="40,5200,0" yaku="1,1,14,1,52,1,53,0" doraHai="90" doraHaiUra="98" who="2" fromWho="3" sc="294,0,288,0,224,72,174,-52" /><INIT seed="4,0,0,5,5,121" ten="294,288,296,122" oya="0" hai0="83,3,134,48,18,122,98,43,131,50,74,60,23" hai1="109,135,100,46,38,123,33,32,117,4,31,8,72" hai2="63,5,104,113,105,37,11,26,99,28,55,77,126" hai3="12,42,24,61,73,85,67,49,115,35,0,36,30"/><T20/><D122/><U120/><E100/><V102/><F37/><W14/><G73/><T78/><D131/><U84/><E84/><V91/><F113/><W69/><G0/><T25/><D134/><U124/><E117/><V41/><F41/><W10/><G115/><T97/><D3/><N who="1" m="31" /><E124/><V21/><F77/><W89/><G36/><T27/><D60/><U47/><E47/><V96/><F91/><W66/><G66/><T116/><D116/><U9/><E9/><V94/><F99/><W70/><G70/><T88/><D43/><N who="1" m="22903" /><E109/><V75/><F75/><W68/><G68/><T103/><D88/><U128/><E128/><V16/><F126/><W57/><G10/><T86/><D74/><U71/><E135/><V132/><F132/><W64/><G64/><T127/><D127/><U80/><E71/><V17/><F63/><W65/><G65/><T101/><D101/><U6/><E6/><V92/><F55/><W107/><G107/><T108/><D108/><U93/><E93/><V125/><F94/><W118/><G118/><T2/><D2/><U39/><E39/><V34/><F125/><W110/><G110/><T82/><D82/><U111/><E111/><V51/><F51/><N who="0" m="19498" /><D103/><U13/><E13/><N who="3" m="5226" /><G69/><T1/><D1/><U19/><E19/><AGARI ba="0,0" hai="18,19,20,23,25,27,78,83,86,97,98" m="19498" machi="19" ten="30,1500,0" yaku="8,1" doraHai="121" who="0" fromWho="1" sc="294,15,288,-15,296,0,122,0" owari="309,40.9,273,-12.7,296,9.6,122,-37.8" /></mjloggm>