<mjloggm ver="2.3"><GO type="225" lobby="0"/><UN n0="%E9%81%85%E5%88%BB%E3%81%AE%E3%83%97%E3%83%AA%E3%83%B3%E3%82%B9%E2%99%AA" n1="%E3%83%B4%E3%83%A0%EF%BC%99%E3%81%A6" n2="%45%6C%79%73%69%75%6D" n3="%72%69%6F%75%63%68%61%6E" dan="16,17,17,17" rate="2174.10,2194.50,2118.60,2236.42" sx="F,M,F,M"/><TAIKYOKU oya="0"/><INIT seed="0,0,0,2,0,36" ten="250,250,250,250" oya="0" hai0="78,5,9,51,70,129,114,82,113,121,46,132,73" hai1="110,120,30,88,119,67,84,55,66,116,77,100,97" hai2="107,57,59,43,19,106,20,13,48,101,11,31,42" hai3="0,90,39,76,86,111,63,3,91,62,122,75,80"/><T6/><D121/><U130/><E120/><V102/><F106/><W54/><G122/><T53/><D70/><U50/><E110/><V71/><F71/><W117/><G117/><T58/><D129/><U37/><E37/><V38/><F38/><W28/><G111/><T40/><D132/><U95/><E130/><V103/><F107/><W60/><G39/><T24/><D24/><U64/><E77/><V94/><F94/><W32/><G91/><T7/><REACH who="0" step="1"/><D9/><REACH who="0" ten="240,250,250,250" step="2"/><U49/><E116/><V18/><F31/><W108/><G108/><T92/><D92/><U25/><E119/><V83/><F83/><W61/><G28/><T45/><D45/><U87/><E25/><N who="2" m="14487" /><F59/><W35/><G32/><T89/><D89/><U16/><E30/><V22/><F11/><W29/><G29/><T134/><D134/><U74/><E88/><V1/><F1/><W14/><G35/><T125/><D125/><U21/><E95/><V12/><F12/><W131/><G131/><T23/><D23/><U68/><E21/><V98/><F98/><W2/><G14/><T127/><D127/><U72/><E97/><V79/><F79/><W123/><G123/><T10/><D10/><U133/><E68/><V81/><F81/><N who="3" m="49487" /><G0/><T8/><D8/><U4/><E133/><V69/><F69/><W65/><G65/><T93/><D93/><U96/><E67/><V126/><F126/><W34/><G34/><T105/><D105/><U135/><E66/><V104/><F104/><W118/><G118/><T26/><D26/><U41/><E64/><V112/><F112/><W56/><AGARI ba="0,1" hai="2,3,54,56,60,61,62,63,75,76,80" m="49487" machi="56" ten="30,1100,0" yaku="5,1" doraHai="36" who="3" fromWho="3" sc="240,-5,250,-3,250,-3,250,21" /><INIT seed="1,0,0,5,3,106" ten="235,247,247,271" oya="1" hai0="135,133,64,53,94,91,10,78,73,80,9,119,58" hai1="12,43,105,62,0,79,122,127,49,69,117,98,101" hai2="46,48,38,15,45,81,125,87,93,55,26,132,86" hai3="13,57,112,41,24,63,31,83,54,65,2,75,99"/><U71/><E117/><V39/><F132/><N who="0" m="50762" /><D64/><U51/><E122/><V109/><F109/><W25/><G112/><T47/><D47/><U120/><E120/><V114/><F114/><W108/><G108/><T118/><D118/><U116/><E116/><V19/><F125/><W92/><G2/><T82/><D82/><U66/><E0/><V6/><F26/><W67/><G41/><T100/><D100/><U4/><E43/><V104/><F104/><W11/><G25/><T95/><D119/><U33/><E127/><V96/><F6/><W35/><G75/><T89/><D95/><U37/><E37/><V1/><F1/><W17/><REACH who="3" step="1"/><G83/><REACH who="3" ten="235,247,247,261" step="2"/><T42/><D42/><U44/><E33/><V103/><F39/><W130/><G130/><T68/><D68/><U34/><E69/><V56/><F38/><W102/><AGARI ba="0,1" hai="11,13,17,24,31,35,54,57,63,65,67,92,99,102" machi="102" ten="20,5200,0" yaku="1,1,0,1,7,1,53,1" doraHai="106" doraHaiUra="21" who="3" fromWho="3" sc="235,-13,247,-26,247,-13,261,62" /><INIT seed="2,0,0,2,5,135" ten="222,221,234,323" oya="2" hai0="24,132,66,74,72,63,111,128,29,108,114,133,30" hai1="68,15,36,112,31,85,43,14,107,9,11,4,7" hai2="97,34,55,20,33,92,18,96,61,60,69,78,22" hai3="130,131,127,51,105,124,42,50,115,8,39,19,27"/><V1/><F1/><W53/><G105/><T119/><D114/><U118/><E112/><V83/><F69/><W100/><G100/><T113/><D113/><U121/><E118/><V93/><F55/><W103/><G103/><T67/><D128/><N who="3" m="49193" /><G115/><T79/><D119/><U91/><E121/><V52/><F52/><W32/><G39/><T73/><D79/><U94/><E107/><V81/><F18/><W23/><G32/><N who="0" m="20519" /><D30/><U38/><E68/><V45/><F45/><N who="3" m="25911" /><G8/><T109/><D67/><U41/><E31/><V95/><F95/><W62/><G62/><T21/><D21/><U134/><E134/><V48/><F48/><W102/><G102/><T28/><D28/><U12/><E38/><V70/><F70/><AGARI ba="0,0" hai="63,66,70,72,73,74,108,109,111,132,133" m="20519" machi="70" ten="40,2600,0" yaku="14,1,23,1" doraHai="135" who="0" fromWho="2" sc="222,26,221,0,234,-26,323,0" /><INIT seed="3,0,0,4,3,102" ten="248,221,208,323" oya="3" hai0="122,26,81,4,32,113,21,23,33,103,76,46,64" hai1="35,25,86,77,0,39,31,131,34,114,40,73,45" hai2="36,12,41,84,93,82,10,112,117,11,115,124,90" hai3="44,105,94,47,30,57,58,6,7,123,87,121,128"/><W68/><G30/><T129/><D122/><U98/><E114/><V61/><F117/><W85/><G68/><T24/><D4/><N who="3" m="1577" /><G105/><T65/><D113/><U43/><E43/><V92/><F124/><W67/><G128/><T66/><D103/><U5/><E86/><N who="3" m="32778" /><G67/><T55/><D129/><U71/><E98/><V119/><F119/><W22/><G94/><T19/><D55/><U63/><E131/><V20/><F61/><W8/><G8/><T133/><D46/><N who="3" m="17449" /><G22/><T29/><REACH who="0" step="1"/><D133/><REACH who="0" ten="238,221,208,323" step="2"/><U38/><E40/><V72/><F41/><W95/><G95/><T59/><D59/><AGARI ba="0,1" hai="57,58,59,121,123" m="17449,32778,1577" machi="59" ten="30,2900,0" yaku="28,2" doraHai="102" who="3" fromWho="0" sc="238,-29,221,0,208,0,323,39" owari="209,-19.1,221,2.1,208,-29.2,362,46.2" /></mjloggm>