<mjloggm ver="2.3"><GO type="225" lobby="0"/><UN n0="%E5%AF%82%E5%AF%9E%E3%82%AE%E3%83%8D%E3%82%B9%E3%83%93%E3%83%BC%E3%83%AB" n1="%33%74%72%65%65" n2="%E3%83%B4%E3%83%A0%EF%BC%99%E3%81%A6" n3="%E3%81%A1%E3%82%85%E3%81%86%E3%81%A9%E3%81%8F%E8%B1%A1%E3%81%95%E3%82%93" dan="16,17,17,16" rate="2151.50,2150.63,2207.72,2095.05" sx="M,F,M,M"/><TAIKYOKU oya="0"/><INIT seed="0,0,0,3,5,133" ten="250,250,250,250" oya="0" hai0="105,35,8,97,72,118,94,4,73,26,0,64,34" hai1="44,112,57,58,12,131,48,91,17,25,69,68,79" hai2="51,117,93,129,23,49,101,104,63,85,1,84,120" hai3="134,61,2,123,99,65,36,126,115,119,90,62,83"/><T96/><D118/><U124/><E131/><V98/><F120/><W135/><G115/><T43/><D43/><U95/><E112/><V70/><F129/><W111/><G2/><T5/><D5/><U33/><E69/><V6/><F117/><W3/><G119/><T45/><D45/><U92/><E68/><V87/><F104/><W14/><G3/><T122/><D122/><U86/><E124/><V21/><F1/><W39/><G123/><T130/><D130/><U32/><E79/><V10/><F70/><N who="3" m="42287" /><G62/><T46/><D46/><U127/><E127/><V30/><F63/><W50/><G50/><T18/><D64/><U59/><E95/><V121/><F121/><W106/><G14/><T109/><D109/><U53/><REACH who="1" step="1"/><E25/><REACH who="1" ten="250,240,250,250" step="2"/><V116/><F116/><W114/><G126/><T74/><D105/><U11/><AGARI ba="0,1" hai="11,12,17,32,33,44,48,53,57,58,59,86,91,92" machi="11" ten="30,4000,0" yaku="1,1,2,1,0,1,53,0" doraHai="133" doraHaiUra="102" who="1" fromWho="1" sc="250,-20,240,50,250,-10,250,-10" /><INIT seed="1,0,0,0,1,113" ten="230,290,240,240" oya="1" hai0="89,60,128,51,132,86,80,26,125,102,38,98,123" hai1="2,30,84,49,40,81,0,39,43,69,58,104,12" hai2="36,65,47,87,114,111,35,50,97,79,42,45,66" hai3="5,56,27,54,135,64,23,78,57,59,10,6,72"/><U76/><E104/><V110/><F35/><W99/><G135/><T92/><D38/><U32/><E69/><V106/><F79/><W70/><G72/><T14/><D132/><U127/><E127/><V4/><F4/><W129/><G78/><T8/><D125/><U48/><E39/><V34/><F34/><W13/><G129/><T133/><D128/><U73/><E73/><V119/><F87/><W41/><G41/><T109/><D109/><N who="2" m="41482" /><F114/><W33/><G33/><T75/><D123/><U37/><E37/><V117/><F97/><W1/><G99/><T115/><D115/><U7/><E32/><V94/><F94/><W22/><G54/><T18/><D133/><U61/><E0/><V112/><F106/><W74/><G74/><T67/><D75/><U21/><E2/><V46/><F46/><W130/><G130/><T31/><D51/><N who="1" m="19531" /><E7/><V101/><F101/><W77/><G77/><T116/><D116/><N who="2" m="44618" /><F112/><W63/><REACH who="3" step="1"/><G27/><REACH who="3" ten="230,290,240,230" step="2"/><T11/><D26/><U3/><E76/><V62/><F62/><W19/><G19/><T107/><D60/><U134/><E61/><V118/><F118/><W52/><G52/><AGARI ba="0,1" hai="36,42,45,47,50,52,65,66" m="44618,41482" machi="52" ten="30,12000,2" yaku="14,1,34,2,52,3,54,1" doraHai="113" who="2" fromWho="3" sc="230,0,290,0,240,130,230,-120" /><INIT seed="2,0,0,1,4,19" ten="230,290,370,110" oya="2" hai0="99,42,25,10,24,74,17,77,22,134,110,123,122" hai1="5,97,65,84,93,4,81,52,43,124,79,94,56" hai2="45,18,50,114,51,34,2,132,85,105,66,57,78" hai3="41,75,92,23,119,67,7,40,28,0,44,6,70"/><V104/><F114/><W55/><G119/><T109/><D42/><U83/><E124/><V47/><F34/><W88/><G75/><T39/><D39/><U11/><E43/><V63/><F2/><W60/><G55/><T48/><D48/><U107/><E107/><V89/><F78/><W38/><G41/><T12/><D99/><U36/><E36/><V95/><F132/><W16/><G28/><T59/><D59/><U87/><E65/><V131/><F131/><W15/><REACH who="3" step="1"/><G0/><REACH who="3" ten="230,290,370,100" step="2"/><T69/><D134/><U72/><E72/><V103/><F66/><W31/><G31/><T106/><D74/><U54/><E54/><V46/><F46/><W126/><G126/><T129/><D129/><U14/><E4/><V8/><F45/><W113/><G113/><T13/><D123/><U3/><E3/><V64/><F47/><W101/><G101/><T82/><D122/><U76/><E97/><AGARI ba="0,1" hai="6,7,15,16,23,38,40,44,60,67,70,88,92,97" machi="97" ten="30,8000,1" yaku="1,1,7,1,52,1,54,2,53,0" doraHai="19" doraHaiUra="127" who="3" fromWho="1" sc="230,0,290,-80,370,0,100,90" /><INIT seed="3,0,0,4,5,25" ten="230,210,370,190" oya="3" hai0="64,69,113,93,130,38,31,8,99,124,133,74,32" hai1="115,73,68,71,54,96,47,123,5,100,70,37,43" hai2="91,52,33,82,7,116,65,117,128,89,29,131,108" hai3="44,72,134,15,48,102,18,20,2,22,135,28,77"/><W55/><G2/><T46/><D74/><U1/><E123/><V51/><F108/><W105/><G72/><T4/><D124/><U50/><E73/><V35/><F65/><W14/><G77/><T10/><D133/><N who="3" m="50697" /><G105/><T76/><D76/><U45/><E115/><V26/><F7/><W98/><G14/><T59/><D69/><U120/><E120/><V66/><F66/><W61/><G61/><T127/><D127/><U39/><E39/><V106/><F106/><N who="3" m="63831" /><G20/><T90/><D64/><U119/><E119/><V17/><F33/><W122/><G122/><T132/><D32/><U0/><REACH who="1" step="1"/><E5/><REACH who="1" ten="230,200,370,190" step="2"/><V16/><F116/><W67/><G67/><T11/><D4/><U129/><E129/><V36/><F117/><W79/><G79/><T84/><D130/><U126/><E126/><V30/><F128/><W19/><G18/><T85/><D113/><U3/><E3/><V56/><F17/><W92/><G28/><T23/><D31/><U109/><E109/><V107/><F107/><AGARI ba="0,1" hai="0,1,37,43,45,47,50,54,68,70,71,96,100,107" machi="107" ten="40,1300,0" yaku="1,1,53,0" doraHai="25" doraHaiUra="114" who="1" fromWho="2" sc="230,0,200,23,370,-13,190,0" owari="230,3.0,223,-17.7,357,45.7,190,-31.0" /></mjloggm>