<mjloggm ver="2.3"><GO type="225" lobby="0"/><UN n0="%4E%6F%2E%30%30%30%31" n1="%E8%BE%9B%E5%8F%A3%E3%82%AB%E3%83%AC%E3%83%BC%E3%83%A9%E3%82%A4%E3%82%B9" n2="%E9%80%86%E9%80%A3%E5%B8%AF%E3%81%AE%E9%AC%BC" n3="%72%61%6B%33" dan="18,16,16,16" rate="2237.13,2144.47,2155.42,2230.99" sx="M,M,M,M"/><TAIKYOKU oya="0"/><INIT seed="0,0,0,2,4,73" ten="250,250,250,250" oya="0" hai0="51,40,86,65,33,84,8,16,109,6,107,2,7" hai1="27,125,110,130,53,72,108,32,13,24,82,132,94" hai2="126,122,39,81,131,116,18,120,83,9,69,114,75" hai3="128,28,118,21,43,22,63,52,66,61,70,47,134"/><T79/><D107/><U1/><E1/><V56/><F114/><W46/><G46/><N who="0" m="26055" /><D33/><U99/><E130/><V29/><F69/><W5/><G5/><BYE who="3" /><N who="0" m="1547" /><D2/><U101/><E125/><V115/><F39/><W112/><G112/><T45/><D65/><U91/><E132/><V93/><F131/><W117/><G117/><T100/><D100/><U85/><E32/><V97/><F126/><UN n3="%72%61%6B%33" /><W92/><G118/><T87/><D45/><U124/><E124/><V44/><F115/><W25/><G128/><T19/><D109/><N who="1" m="42091" /><E13/><V96/><F44/><W105/><G134/><T103/><D103/><U119/><E119/><V23/><F116/><W104/><G92/><T37/><D37/><U14/><E14/><V10/><F93/><W41/><G21/><T57/><D57/><U62/><E72/><V102/><F75/><W71/><G71/><T4/><N who="0" m="1555" /><T133/><DORA hai="11" /><D133/><U12/><E12/><V54/><F23/><W98/><G43/><T30/><D30/><U58/><AGARI ba="0,0" hai="24,27,53,58,62,82,85,91,94,99,101" m="42091" machi="58" ten="30,1100,0" yaku="14,1" doraHai="73,11" who="1" fromWho="1" sc="250,-5,250,11,250,-3,250,-3" /><INIT seed="1,0,0,1,5,74" ten="245,261,247,247" oya="1" hai0="84,58,106,35,121,12,46,60,130,93,24,48,29" hai1="10,79,26,96,42,117,14,135,103,7,81,122,30" hai2="52,109,38,129,63,100,23,66,80,31,82,133,6" hai3="43,41,99,95,131,85,67,118,108,71,44,64,88"/><U65/><E117/><V127/><F133/><W3/><G118/><T27/><D106/><U126/><E122/><V37/><F129/><W76/><G131/><T54/><D130/><U91/><E135/><V62/><F109/><W68/><G108/><T22/><D121/><U2/><E126/><V115/><F115/><W57/><G3/><T55/><D12/><U94/><E65/><V17/><F127/><W0/><G0/><T87/><REACH who="0" step="1"/><D93/><REACH who="0" ten="235,261,247,247" step="2"/><U123/><E123/><V28/><F82/><N who="3" m="47303" /><G68/><T53/><D53/><U50/><E2/><V8/><F80/><W13/><G71/><T1/><D1/><U97/><E42/><N who="3" m="15882" /><G44/><T104/><D104/><U15/><E15/><V78/><F52/><W92/><G57/><T113/><D113/><U61/><E14/><V120/><F120/><W49/><G49/><T45/><D45/><U19/><E50/><V83/><F38/><W5/><G95/><T32/><D32/><U112/><E94/><V101/><F37/><W11/><AGARI ba="0,1" hai="5,11,13,64,67,88,92,99" m="15882,47303" machi="11" ten="30,4000,0" yaku="8,1,52,1,54,1" doraHai="74" who="3" fromWho="3" sc="235,-10,261,-20,247,-10,247,50" /><INIT seed="2,0,0,0,4,13" ten="225,241,237,297" oya="2" hai0="113,67,106,0,119,89,62,17,8,66,40,121,105" hai1="109,132,52,44,30,79,6,12,126,32,122,75,36" hai2="33,27,11,128,72,9,23,47,53,80,68,100,63" hai3="5,16,83,111,26,14,129,94,39,102,71,112,1"/><V97/><F128/><W95/><G129/><T118/><D113/><U91/><E109/><V2/><F2/><W115/><G111/><T85/><D40/><U120/><E132/><V93/><F33/><W69/><G39/><T15/><D0/><U104/><E104/><V81/><F68/><W99/><G26/><T107/><D121/><N who="1" m="46699" /><E126/><V134/><F134/><W114/><G83/><T55/><D55/><U84/><E75/><V42/><F63/><W38/><G38/><T29/><D29/><U101/><E101/><V130/><F53/><W46/><G46/><T24/><D24/><N who="1" m="18503" /><E79/><V64/><F64/><W78/><G78/><T59/><REACH who="0" step="1"/><D67/><REACH who="0" ten="215,241,237,297" step="2"/><U96/><E36/><V76/><F130/><W58/><G114/><T45/><D45/><U57/><E44/><V41/><F41/><W61/><G115/><T108/><D108/><U18/><E52/><V65/><F65/><W51/><G112/><T3/><D3/><U48/><E48/><V7/><F47/><W4/><G51/><T35/><D35/><U92/><E57/><V133/><F42/><W90/><G1/><T60/><D60/><U98/><E6/><V124/><F133/><W86/><G71/><T87/><D87/><U110/><E110/><V74/><F7/><W10/><G69/><T73/><D73/><U28/><E28/><V31/><F124/><W43/><G43/><T50/><D50/><U25/><E25/><V116/><F116/><W22/><G61/><T21/><D21/><AGARI ba="0,1" hai="12,18,21,84,91,92,96,98" m="18503,46699" machi="21" ten="30,2000,0" yaku="13,1,52,1" doraHai="13" who="1" fromWho="0" sc="215,-20,241,30,237,0,297,0" /><INIT seed="3,0,0,4,0,82" ten="195,271,237,297" oya="3" hai0="57,20,48,91,119,13,63,33,2,73,54,114,87" hai1="64,112,68,77,0,130,40,35,27,46,45,117,71" hai2="56,44,93,4,81,37,8,69,102,92,34,70,121" hai3="26,101,31,15,105,25,60,109,126,118,80,42,43"/><W66/><G118/><T23/><D119/><U72/><E117/><V76/><F34/><W89/><G126/><T74/><D2/><U21/><E112/><V98/><F121/><W38/><G109/><T123/><D123/><U17/><E0/><V6/><F56/><N who="3" m="37127" /><G105/><T122/><D122/><U49/><E130/><V75/><F93/><W127/><G38/><T65/><D33/><U9/><E35/><V100/><F100/><W47/><G127/><T62/><D62/><U16/><E64/><V131/><F131/><W132/><G101/><T79/><D114/><U67/><E67/><V96/><F96/><W107/><G107/><T22/><D13/><U78/><E72/><V12/><REACH who="2" step="1"/><F4/><REACH who="2" ten="195,271,227,297" step="2"/><W59/><G59/><T10/><D79/><U88/><E68/><V50/><F50/><N who="3" m="26999" /><G132/><T3/><D3/><U99/><E71/><V19/><F19/><W32/><G32/><T108/><D108/><U53/><E17/><V55/><F55/><W29/><G43/><AGARI ba="0,1" hai="6,8,12,37,43,44,69,70,75,76,81,92,98,102" machi="43" ten="40,2600,0" yaku="1,1,53,1" doraHai="82" doraHaiUra="39" who="2" fromWho="3" sc="195,0,271,0,227,36,297,-26" /><INIT seed="4,0,0,1,1,44" ten="195,271,263,271" oya="0" hai0="7,42,88,128,111,35,31,75,125,65,90,104,82" hai1="106,84,73,110,60,4,107,56,39,45,131,47,68" hai2="97,50,67,63,38,71,10,118,1,66,20,5,6" hai3="46,99,24,89,58,108,135,91,69,112,27,2,95"/><T11/><D104/><U78/><E110/><V54/><F118/><W55/><G69/><T120/><D120/><U57/><E73/><V16/><F38/><W70/><G70/><T101/><D101/><U62/><E68/><V59/><F67/><W64/><G108/><T115/><D111/><U79/><E84/><V19/><F6/><W117/><G117/><T9/><D65/><U15/><E15/><V113/><F113/><W124/><G2/><N who="0" m="247" /><D11/><U100/><E4/><V52/><F97/><W36/><G112/><T72/><D115/><U51/><E39/><V53/><F19/><W126/><G64/><T130/><D42/><U32/><E100/><V105/><F105/><W37/><G91/><N who="0" m="34859" /><D82/><U133/><E32/><V34/><F34/><W17/><G24/><AGARI ba="0,0" hai="1,5,10,16,20,24,50,52,53,54,59,63,66,71" machi="24" ten="30,7700,0" yaku="7,1,52,1,54,2" doraHai="44" who="2" fromWho="3" sc="195,0,271,0,263,77,271,-77" owari="195,-20.5,271,7.1,340,44.0,194,-30.6" /></mjloggm>