<mjloggm ver="2.3"><GO type="225" lobby="0"/><UN n0="%E5%8F%AF%E5%85%90%E9%82%A3%E7%94%B1%E5%A4%9A" n1="%6A%79%75%6E%6F%68" n2="%E3%81%AF%E3%82%88%E3%81%8A%E3%81%98%E3%81%95%E3%82%93" n3="%E8%80%81%E6%A5%BD" dan="17,16,17,16" rate="2186.49,2125.63,2210.41,2078.16" sx="F,M,M,M"/><TAIKYOKU oya="0"/><INIT seed="0,0,0,0,4,39" ten="250,250,250,250" oya="0" hai0="79,69,104,88,55,49,45,27,81,58,125,77,51" hai1="48,83,71,82,131,63,122,0,28,115,57,62,10" hai2="33,21,66,96,8,32,43,118,103,102,94,74,97" hai3="121,64,133,106,61,46,18,41,24,40,98,59,89"/><T47/><D125/><U105/><E122/><V12/><F74/><W110/><G121/><T72/><D69/><U19/><E105/><V84/><F118/><W116/><G116/><T108/><D104/><U85/><E131/><V23/><F66/><W109/><G133/><T112/><D112/><U17/><E28/><V2/><F2/><W9/><G46/><T126/><D126/><U4/><E83/><V34/><F84/><W117/><G117/><T134/><D134/><U22/><E71/><V99/><F43/><N who="3" m="16459" /><G89/><T114/><D114/><U29/><E17/><V37/><F37/><W25/><G18/><T7/><D7/><U76/><E29/><V87/><F87/><W16/><G98/><T68/><D68/><U124/><E124/><V123/><F123/><W73/><G106/><T54/><D79/><U30/><E30/><V20/><F94/><W15/><G73/><T38/><D38/><U128/><E115/><V120/><F120/><W14/><G15/><T127/><D127/><U50/><E128/><V95/><F95/><W53/><G53/><T70/><D88/><U36/><E36/><V91/><F91/><W35/><G35/><T52/><D27/><U42/><E42/><V130/><F130/><W132/><G132/><T111/><D70/><U65/><E19/><AGARI ba="0,0" hai="8,12,19,20,21,23,32,33,34,96,97,99,102,103" machi="19" ten="50,3200,0" yaku="29,2" doraHai="39" who="2" fromWho="1" sc="250,0,250,-32,250,32,250,0" /><INIT seed="1,0,0,5,4,22" ten="250,218,282,250" oya="1" hai0="118,83,96,82,126,88,1,75,24,106,23,114,67" hai1="8,105,49,43,54,37,53,74,10,38,34,56,110" hai2="71,100,80,109,66,44,12,116,35,123,135,9,47" hai3="16,58,81,14,94,73,69,127,61,101,91,31,86"/><U57/><E74/><V3/><F116/><W46/><G127/><T125/><D118/><U18/><E105/><V2/><F123/><W79/><G69/><T130/><D1/><U108/><E34/><V119/><F119/><W120/><G120/><T42/><D114/><U99/><E99/><V65/><F35/><W4/><G31/><T98/><D130/><U32/><E32/><V70/><F80/><W33/><G33/><T117/><D117/><U60/><E18/><V55/><F55/><W6/><G46/><T107/><D42/><U113/><E113/><V20/><F20/><W52/><REACH who="3" step="1"/><G101/><REACH who="3" ten="250,218,282,240" step="2"/><T104/><D126/><U77/><E77/><V128/><F47/><W133/><G133/><T62/><D125/><U68/><E68/><V13/><F44/><W41/><G41/><T112/><D112/><U5/><E43/><V78/><F100/><W102/><G102/><T103/><D103/><U90/><E90/><V85/><F78/><W131/><G131/><T15/><D88/><U92/><E37/><V27/><F128/><W63/><G63/><T29/><D62/><U11/><E38/><V59/><F135/><W72/><G72/><T121/><D75/><U0/><REACH who="1" step="1"/><E92/><REACH who="1" ten="250,208,282,240" step="2"/><V39/><F39/><W40/><G40/><T64/><D121/><U17/><E17/><V124/><F124/><W7/><G7/><T50/><D106/><U95/><E95/><V84/><F70/><W26/><G26/><N who="0" m="16607" /><D107/><U19/><E19/><V111/><F71/><W87/><G87/><T97/><D104/><U132/><E132/><V30/><F85/><W76/><G76/><RYUUKYOKU ba="0,2" sc="250,-15,208,15,282,-15,240,15" hai1="0,5,8,10,11,49,53,54,56,57,60,108,110" hai3="4,6,14,16,52,58,61,73,79,81,86,91,94" /><INIT seed="1,1,2,2,1,47" ten="235,223,267,255" oya="1" hai0="25,133,3,128,117,44,6,62,27,65,104,116,100" hai1="77,118,74,95,96,72,38,2,103,54,111,22,61" hai2="30,122,113,67,79,16,15,123,71,53,98,83,8" hai3="7,126,49,36,108,28,42,134,78,127,26,39,76"/><U14/><E118/><V11/><F113/><W119/><G108/><T55/><D128/><U4/><E38/><V93/><F30/><W114/><G114/><T43/><D133/><U88/><E111/><V129/><F129/><W91/><G134/><T99/><D55/><U80/><E2/><V12/><F53/><W52/><G7/><T21/><D6/><U132/><E132/><V124/><F124/><N who="3" m="47659" /><G91/><T130/><D3/><U82/><E54/><V87/><F71/><W37/><G42/><T110/><D130/><U125/><E61/><V85/><F85/><W9/><G9/><T86/><D86/><U68/><E68/><V66/><F122/><W5/><G5/><T48/><D110/><U56/><E56/><V64/><F123/><W46/><G119/><T109/><D109/><U58/><E58/><V84/><F87/><W60/><G60/><T13/><D117/><U19/><E125/><V57/><F57/><W97/><G97/><T75/><D75/><U10/><E74/><V92/><F98/><W33/><AGARI ba="1,2" hai="26,28,33,36,37,39,46,49,52,76,78" m="47659" machi="33" ten="40,5200,0" yaku="18,1,52,1,54,1" doraHai="47" who="3" fromWho="3" sc="235,-14,223,-27,267,-14,255,75" /><INIT seed="2,0,0,3,5,22" ten="221,196,253,330" oya="2" hai0="57,124,80,60,19,133,55,14,67,112,132,93,105" hai1="9,49,50,10,61,37,66,56,23,27,2,38,64" hai2="116,4,127,74,110,102,88,71,70,24,89,95,87" hai3="107,59,85,81,128,53,75,130,131,39,125,98,106"/><V26/><F74/><W113/><G39/><T96/><D112/><U103/><E37/><V119/><F102/><W111/><G111/><T13/><D105/><U17/><E38/><V76/><F76/><W51/><G75/><T123/><D123/><U135/><E135/><N who="0" m="51785" /><D124/><U100/><E66/><V134/><F134/><W104/><G125/><T91/><D80/><U117/><E117/><V72/><F72/><W118/><G118/><T92/><D92/><U7/><REACH who="1" step="1"/><E9/><REACH who="1" ten="221,186,253,330" step="2"/><V47/><F127/><W129/><G129/><T0/><D0/><U20/><E20/><V15/><F116/><W77/><G113/><T29/><D29/><U3/><E3/><V58/><F119/><W8/><G8/><N who="0" m="6567" /><D14/><U1/><E1/><V41/><F15/><W35/><G35/><T30/><D30/><U126/><E126/><V6/><F110/><W45/><G131/><T33/><D33/><U109/><E109/><V101/><F70/><W79/><G130/><T122/><D122/><U43/><E43/><V11/><F71/><W62/><G128/><T114/><D114/><U5/><E5/><V99/><F6/><W12/><G12/><T68/><D68/><U34/><E34/><V83/><F11/><W28/><G28/><T108/><D108/><U69/><E69/><V97/><F4/><W32/><G32/><T63/><D67/><U46/><E46/><V120/><F120/><W16/><G45/><T65/><D65/><U52/><E52/><V84/><F47/><W121/><G53/><T36/><D36/><U54/><E54/><V31/><F31/><W25/><G121/><RYUUKYOKU ba="0,1" sc="221,15,186,15,253,-15,330,-15" hai0="55,57,60,63,91,93,96" hai1="2,7,10,17,23,27,49,50,56,61,64,100,103" /><INIT seed="3,1,1,2,5,14" ten="236,201,238,315" oya="3" hai0="27,33,50,126,75,85,124,118,72,89,103,46,96" hai1="29,51,62,48,7,84,12,24,10,119,6,105,63" hai2="120,30,18,4,132,91,1,78,17,131,100,47,45" hai3="95,44,104,99,116,40,87,97,34,3,39,11,58"/><W129/><G116/><T90/><D118/><U98/><E6/><V22/><F1/><W13/><G34/><T23/><D33/><U19/><E119/><V71/><F71/><W101/><G129/><T128/><D128/><U21/><E105/><V49/><F131/><W86/><G58/><T43/><D75/><U115/><E115/><V134/><F120/><W64/><G64/><T133/><D72/><U130/><E130/><V32/><F4/><W20/><G20/><T9/><D9/><U83/><E98/><V55/><F32/><W52/><G52/><T16/><D133/><U125/><E125/><N who="0" m="48233" /><D85/><U53/><E7/><V111/><F111/><W79/><G79/><T114/><D114/><U15/><E15/><V8/><F78/><W56/><G56/><T38/><D38/><U65/><E65/><V35/><F8/><W110/><G3/><T127/><N who="0" m="48241" /><T82/><DORA hai="37" /><D82/><U57/><E51/><V28/><F35/><W121/><G121/><T109/><D109/><U76/><AGARI ba="1,1" hai="10,12,19,21,24,29,48,53,57,62,63,76,83,84" machi="76" ten="20,5200,0" yaku="0,1,7,1,8,1,52,1" doraHai="14,37" who="1" fromWho="1" sc="236,-14,201,65,238,-14,315,-27" /><INIT seed="4,0,0,1,5,108" ten="222,266,224,288" oya="0" hai0="21,42,58,2,91,43,80,97,65,49,82,1,15" hai1="102,95,128,84,104,77,54,33,75,78,9,19,38" hai2="11,90,55,114,35,110,4,48,5,79,101,132,119" hai3="100,69,124,123,88,17,71,127,50,27,56,39,83"/><T106/><D1/><U94/><E33/><V12/><F110/><W60/><G39/><T115/><D2/><U86/><E38/><V92/><F35/><W30/><G100/><T126/><D126/><N who="3" m="48169" /><G50/><T8/><D21/><U99/><E54/><V34/><F34/><N who="3" m="20831" /><G17/><T46/><D43/><U36/><E36/><V51/><F51/><W41/><G41/><T120/><D120/><U81/><E9/><V76/><F101/><W23/><G23/><T121/><D121/><U57/><E57/><V103/><F103/><W44/><G44/><T72/><D72/><U105/><E19/><V59/><F59/><W98/><G123/><T67/><D106/><N who="1" m="41067" /><E128/><V28/><F48/><W29/><G29/><T118/><D118/><U26/><E26/><V45/><F45/><W111/><G111/><T32/><D32/><U40/><E40/><V68/><F119/><W107/><G107/><T16/><D115/><U112/><E112/><V63/><F28/><W47/><G47/><T61/><REACH who="0" step="1"/><D67/><REACH who="0" ten="212,266,224,288" step="2"/><U135/><E75/><V74/><F74/><W62/><G71/><T117/><D117/><U13/><E135/><V93/><F114/><W125/><G125/><T52/><D52/><U25/><E25/><V130/><F132/><W85/><G69/><T116/><D116/><U66/><E66/><N who="2" m="41055" /><F55/><W31/><G31/><T14/><D14/><U73/><E13/><V122/><F122/><W20/><G20/><T109/><D109/><U3/><E3/><V7/><F12/><W70/><G70/><T134/><D134/><U96/><E73/><V24/><F24/><W53/><G60/><RYUUKYOKU ba="0,1" sc="212,15,266,-15,224,-15,288,15" hai0="8,15,16,42,46,49,58,61,65,80,82,91,97" hai3="53,56,62,83,85,88,98" /><INIT seed="4,1,1,1,5,95" ten="227,251,209,303" oya="0" hai0="13,88,18,134,12,22,24,0,79,116,81,47,93" hai1="65,115,102,32,55,111,57,80,131,14,132,85,26" hai2="67,17,119,63,72,99,127,105,83,11,133,10,48" hai3="70,91,34,73,40,106,112,36,71,61,90,114,96"/><T25/><D116/><U49/><E111/><V41/><F119/><W23/><G34/><T126/><D0/><U8/><E131/><V58/><F127/><W110/><G73/><T21/><D126/><U3/><E3/><V53/><F133/><W4/><G110/><T130/><D130/><U7/><E132/><V27/><F41/><W33/><G33/><T62/><D134/><U123/><E123/><V16/><F72/><W94/><G4/><T44/><D62/><U68/><E102/><V89/><F105/><W9/><G9/><N who="2" m="3081" /><F27/><W84/><G23/><T78/><D81/><U39/><E39/><V15/><F15/><N who="0" m="5706" /><D47/><U107/><E107/><V75/><F75/><W128/><G128/><T2/><D44/><U129/><E129/><V109/><F109/><W104/><G104/><T20/><D2/><U74/><E74/><V59/><F83/><N who="3" m="49439" /><G61/><T92/><D92/><AGARI ba="1,1" hai="16,17,48,53,58,59,63,67,89,92,99" m="3081" machi="92" ten="30,3900,0" yaku="8,1,52,1,54,1" doraHai="95" who="2" fromWho="0" sc="227,-42,251,0,209,52,303,0" owari="185,-31.5,251,-14.9,261,6.1,303,40.3" /></mjloggm>