<mjloggm ver="2.3"><GO type="225" lobby="0"/><UN n0="%61%67%65%48%61" n1="%E9%B3%B3%E6%9D%B1%E3%81%AE%E3%81%86%E3%81%95%E3%81%8E%E3%81%95%E3%82%93" n2="%E6%A1%9C%E8%8A%B1%E9%96%83%E3%80%85" n3="%43%68%65" dan="16,16,18,16" rate="2048.55,2212.33,2267.42,2165.25" sx="M,M,M,M"/><TAIKYOKU oya="0"/><INIT seed="0,0,0,2,3,28" ten="250,250,250,250" oya="0" hai0="115,47,80,24,7,117,92,135,39,67,93,87,12" hai1="112,0,69,65,29,126,22,60,54,4,133,100,27" hai2="76,85,74,124,64,42,109,58,90,18,128,14,32" hai3="51,33,123,66,62,98,3,131,75,83,48,120,37"/><T122/><D115/><U97/><E133/><V78/><F109/><W35/><G37/><T6/><D67/><U71/><E126/><V114/><F74/><W25/><G3/><T129/><D135/><U2/><E112/><V111/><F114/><W134/><G134/><T81/><D117/><U8/><E54/><V82/><F124/><W118/><G118/><T107/><D107/><U57/><REACH who="1" step="1"/><E0/><REACH who="1" ten="250,240,250,250" step="2"/><V108/><F108/><W91/><G131/><T63/><D129/><U17/><E17/><V116/><F111/><W110/><G110/><T53/><D53/><U44/><E44/><V127/><F18/><W86/><G123/><T55/><D55/><U30/><E30/><V38/><F127/><W84/><G120/><T46/><D47/><U103/><E103/><V106/><F116/><W79/><G98/><T26/><D46/><U56/><E56/><V99/><F58/><W15/><G75/><T119/><D119/><U70/><E70/><V23/><F128/><W19/><G19/><T125/><D122/><U95/><AGARI ba="0,1" hai="2,4,8,22,27,29,57,60,65,69,71,95,97,100" machi="95" ten="20,8000,1" yaku="1,1,0,1,7,1,25,2,53,0" doraHai="28" doraHaiUra="113" who="1" fromWho="1" sc="250,-40,240,90,250,-20,250,-20" /><INIT seed="1,0,0,2,3,53" ten="210,330,230,230" oya="1" hai0="129,82,74,131,85,109,72,97,76,80,5,78,48" hai1="31,87,49,86,59,36,67,26,55,119,45,52,39" hai2="7,126,30,35,17,105,95,24,115,135,19,60,28" hai3="56,40,51,62,65,94,123,91,32,3,57,22,64"/><U125/><E119/><V47/><F105/><W9/><G32/><T79/><D5/><U70/><E125/><V37/><F126/><W121/><G3/><T98/><D48/><U10/><E10/><V43/><F135/><W68/><G9/><T38/><D38/><U61/><E36/><V14/><F115/><W27/><G123/><T130/><D109/><U21/><E55/><V1/><F1/><W63/><G121/><T100/><D100/><U4/><E4/><V66/><F30/><W34/><G34/><T8/><D8/><U42/><AGARI ba="0,0" hai="21,26,31,39,42,45,49,52,59,61,67,70,86,87" machi="42" ten="30,12000,1" yaku="0,1,24,2,52,1,54,1" doraHai="53" who="1" fromWho="1" sc="210,-40,330,120,230,-40,230,-40" /><INIT seed="1,1,0,5,2,103" ten="170,450,190,190" oya="1" hai0="130,14,121,115,35,12,40,71,38,2,47,50,15" hai1="127,23,72,7,99,119,48,27,96,46,65,81,113" hai2="100,90,33,98,87,52,131,104,42,86,60,91,31" hai3="13,88,75,16,102,117,44,76,108,107,32,129,8"/><U6/><E113/><V58/><F131/><W134/><G32/><T41/><D115/><U22/><E119/><V128/><F128/><W80/><G129/><T112/><D112/><U97/><E127/><V3/><F3/><W54/><G117/><T118/><D130/><U53/><E65/><V133/><F133/><W85/><G134/><T89/><D118/><U26/><E72/><V9/><F9/><W21/><G108/><T114/><D114/><U25/><REACH who="1" step="1"/><E81/><REACH who="1" ten="170,440,190,190" step="2"/><V77/><F42/><W61/><G75/><T45/><D121/><U66/><E66/><V69/><F69/><W83/><G83/><T17/><D71/><U101/><E101/><V18/><F100/><W11/><G102/><T132/><D132/><U43/><E43/><V1/><F52/><W29/><G54/><T122/><D122/><U135/><E135/><V10/><F104/><W79/><G107/><T93/><D2/><U78/><E78/><V36/><F77/><W0/><G79/><T126/><D126/><U95/><E95/><V51/><F90/><W28/><G76/><T111/><D111/><U92/><E92/><V125/><F91/><W19/><G0/><T49/><D38/><U120/><E120/><V73/><F1/><W20/><G88/><T5/><D5/><AGARI ba="1,1" hai="5,6,7,22,23,25,26,27,46,48,53,96,97,99" machi="5" ten="40,3900,0" yaku="1,1,8,1,53,0" doraHai="103" doraHaiUra="62" who="1" fromWho="0" sc="170,-42,440,52,190,0,190,0" /><INIT seed="1,2,0,4,1,128" ten="128,492,190,190" oya="1" hai0="57,39,107,14,88,111,78,118,10,104,87,18,20" hai1="114,49,13,102,9,126,96,11,6,129,31,64,132" hai2="86,16,65,4,74,34,27,51,68,72,37,108,119" hai3="42,99,70,135,60,80,73,66,45,92,8,48,90"/><U97/><E132/><V24/><F37/><W63/><G63/><T32/><D118/><U134/><E134/><V50/><F119/><W85/><G73/><T30/><D39/><U77/><E114/><V2/><F4/><W100/><G8/><T15/><D111/><U47/><E129/><V62/><F2/><W23/><G23/><T117/><D117/><U76/><E126/><V29/><F108/><W121/><REACH who="3" step="1"/><G135/><REACH who="3" ten="128,492,190,180" step="2"/><T94/><D32/><U56/><E9/><V131/><F131/><W41/><G41/><T106/><D30/><U91/><E31/><V69/><F69/><W75/><G75/><T84/><D57/><U54/><E56/><V52/><F51/><W71/><G71/><T25/><REACH who="0" step="1"/><D10/><REACH who="0" ten="118,492,190,180" step="2"/><U130/><E130/><V81/><F34/><W43/><G43/><T127/><D127/><U7/><E6/><V115/><F29/><W59/><G59/><T83/><AGARI ba="2,2" hai="14,15,18,20,25,78,83,84,87,88,94,104,106,107" machi="83" ten="40,5200,0" yaku="1,1,0,1,54,1,53,0" doraHai="128" doraHaiUra="53" who="0" fromWho="0" sc="118,78,492,-28,190,-15,180,-15" /><INIT seed="2,0,0,1,0,92" ten="196,464,175,165" oya="2" hai0="34,30,134,104,125,4,29,69,108,101,19,42,70" hai1="36,47,51,88,40,98,67,99,63,133,95,5,118" hai2="128,22,50,93,38,57,115,100,119,114,58,110,78" hai3="109,20,1,106,21,72,54,113,46,111,49,59,120"/><V65/><F119/><W37/><G120/><T10/><D42/><U16/><E118/><V103/><F38/><W44/><G72/><T55/><D55/><U66/><E133/><V64/><F78/><W24/><G1/><T74/><D19/><U23/><E5/><V26/><F128/><W32/><G113/><T11/><D11/><U129/><E129/><V96/><F110/><N who="3" m="41995" /><G106/><T127/><D29/><U122/><E122/><V52/><F103/><W84/><G84/><T82/><D108/><U90/><E36/><V85/><F85/><W116/><G116/><T80/><D80/><U126/><E126/><N who="0" m="48137" /><D134/><U28/><E28/><N who="2" m="17495" /><F115/><W6/><G6/><T83/><D83/><U112/><E112/><V102/><F114/><W75/><G75/><T14/><D30/><U71/><E67/><N who="2" m="25675" /><F102/><W15/><G37/><T123/><D34/><U0/><E0/><V77/><F77/><W107/><G32/><T9/><D123/><U33/><E33/><V61/><F58/><W117/><G117/><T68/><D101/><U45/><E45/><V132/><F132/><W31/><G107/><T48/><D104/><U76/><E76/><V89/><F100/><W73/><G73/><T13/><D74/><U7/><E7/><V62/><AGARI ba="0,0" hai="50,52,57,61,62,89,93,96" m="25675,17495" machi="62" ten="30,6000,0" yaku="8,1,52,1,54,1" doraHai="92" who="2" fromWho="2" sc="196,-20,464,-20,175,60,165,-20" /><INIT seed="2,1,0,1,5,93" ten="176,444,235,145" oya="2" hai0="37,72,99,134,33,61,31,80,58,70,79,32,43" hai1="131,105,10,125,126,52,83,44,86,45,98,13,38" hai2="71,101,76,15,22,85,53,5,117,50,77,1,7" hai3="57,103,17,26,68,4,100,128,12,35,114,19,96"/><V133/><F117/><W75/><G68/><T116/><D116/><U94/><E105/><V25/><F1/><W112/><G75/><T8/><D134/><U115/><E115/><N who="3" m="44074" /><G128/><T104/><D8/><U29/><E29/><V54/><F71/><W78/><G78/><T46/><D31/><U3/><E3/><V48/><F101/><W24/><G103/><N who="0" m="62591" /><D58/><U81/><E131/><V49/><F133/><W118/><G118/><T73/><D73/><U55/><E38/><V74/><F74/><W36/><G36/><T62/><D62/><U23/><E23/><V65/><F65/><AGARI ba="1,0" hai="32,33,37,43,46,61,65,70,72,79,80" m="62591" machi="65" ten="30,3900,0" yaku="33,2,52,1" doraHai="93" who="0" fromWho="2" sc="176,42,444,0,235,-42,145,0" /><INIT seed="3,0,0,0,3,78" ten="218,444,193,145" oya="3" hai0="6,87,92,53,5,17,49,88,133,4,70,38,61" hai1="123,113,3,12,18,85,8,119,58,105,48,132,97" hai2="134,69,129,55,54,50,23,110,95,15,114,80,62" hai3="117,35,30,7,90,120,86,103,63,124,108,24,13"/><W59/><G117/><T82/><D133/><U11/><E113/><V102/><F114/><W73/><G120/><T76/><D38/><U98/><E123/><V31/><F134/><W46/><G73/><T52/><D70/><U27/><E132/><V22/><F110/><W125/><G108/><T21/><D61/><U25/><E105/><V127/><F127/><W77/><G77/><T74/><D49/><U39/><E39/><V41/><F129/><W104/><G46/><T72/><REACH who="0" step="1"/><D74/><REACH who="0" ten="208,444,193,145" step="2"/><U47/><E48/><V29/><F62/><W131/><G131/><T91/><D91/><U10/><E10/><V106/><F69/><W9/><G103/><T1/><D1/><U34/><E27/><AGARI ba="0,1" hai="4,5,6,17,21,27,52,53,72,76,82,87,88,92" machi="27" ten="40,8000,1" yaku="1,1,52,1,54,2,53,1" doraHai="78" doraHaiUra="107" who="0" fromWho="1" sc="208,90,444,-80,193,0,145,0" owari="298,9.8,364,46.4,193,-20.7,145,-35.5" /></mjloggm>