<mjloggm ver="2.3"><GO type="225" lobby="0"/><UN n0="%E7%AB%8B%E8%8A%B1%E9%9F%BF" n1="%63%6C%75%74%63%68%37%33" n2="%48%61%61%61%6C%61%6E%64" n3="%E6%B8%A9%E2%98%85%E6%83%85%E2%98%85%E6%8E%AA%E2%98%85%E7%BD%AE" dan="17,18,18,17" rate="2130.02,2276.97,2219.73,2211.11" sx="F,M,M,M"/><TAIKYOKU oya="0"/><INIT seed="0,0,0,3,4,29" ten="250,250,250,250" oya="0" hai0="75,42,66,113,16,11,54,124,99,51,22,78,126" hai1="91,119,38,111,52,15,105,102,130,128,86,46,83" hai2="18,43,96,3,123,8,2,34,17,5,73,93,25" hai3="30,110,67,59,131,100,79,63,65,1,127,9,32"/><T103/><D113/><U106/><E119/><V28/><F123/><W26/><G110/><T57/><D11/><U72/><E111/><V92/><F73/><W74/><G131/><N who="1" m="50218" /><E72/><V45/><F2/><W120/><G120/><T19/><D66/><U40/><E102/><V81/><F81/><W70/><G127/><N who="0" m="48683" /><D42/><U134/><E134/><V68/><F68/><W13/><G100/><T56/><D56/><U21/><E52/><V101/><REACH who="2" step="1"/><F92/><REACH who="2" ten="250,250,240,250" step="2"/><W88/><G1/><T60/><D75/><U69/><E69/><V77/><F77/><W89/><G79/><T82/><D82/><U39/><E106/><V44/><F44/><W85/><G74/><T10/><D78/><U104/><E104/><V41/><F41/><W64/><G70/><T71/><D71/><U109/><E105/><V31/><F31/><W125/><G125/><T55/><D55/><U20/><E109/><V133/><F133/><W116/><G116/><T35/><D54/><U135/><E135/><V84/><F84/><W132/><G132/><T47/><D57/><U4/><E39/><AGARI ba="0,1" hai="3,5,8,17,18,25,28,34,39,43,45,93,96,101" machi="39" ten="30,7700,0" yaku="1,1,7,1,52,1,53,1" doraHai="29" doraHaiUra="94" who="2" fromWho="1" sc="250,0,250,-77,240,87,250,0" /><INIT seed="1,0,0,1,0,77" ten="250,173,327,250" oya="1" hai0="109,32,114,2,82,58,15,130,83,20,88,115,54" hai1="45,3,8,93,105,112,75,90,92,21,47,36,9" hai2="26,23,10,53,104,34,85,94,63,76,102,78,106" hai3="55,135,97,43,86,52,40,87,107,117,1,60,66"/><U121/><E121/><V110/><F34/><W37/><G1/><T4/><D32/><U5/><E105/><V84/><F110/><W7/><G7/><T39/><D39/><U67/><E112/><V18/><F104/><W25/><G135/><T96/><D109/><U126/><E126/><V19/><F106/><W27/><G117/><T68/><D68/><U118/><E118/><V69/><F69/><W56/><G107/><T119/><D119/><U108/><E108/><V124/><F124/><W0/><G0/><T35/><D35/><U123/><E123/><V44/><F102/><W42/><G97/><T28/><D130/><U33/><E33/><V12/><F85/><N who="3" m="32267" /><G37/><T100/><D115/><U127/><E127/><V80/><F94/><W6/><G6/><T29/><D114/><U17/><E9/><V70/><F70/><W51/><G66/><T30/><D2/><U116/><E116/><V120/><F120/><W49/><G49/><T31/><D100/><U113/><E113/><V14/><F78/><W89/><G89/><T16/><N who="0" m="7168" /><DORA hai="73" /><T111/><D4/><U79/><E67/><V13/><F63/><W11/><G11/><T103/><D103/><U24/><E90/><V59/><F10/><W50/><G60/><N who="0" m="35927" /><D111/><U48/><E48/><V64/><F64/><W122/><G122/><T74/><D74/><U98/><E98/><V71/><F71/><W72/><G72/><T65/><D65/><U95/><REACH who="1" step="1"/><E36/><REACH who="1" ten="250,163,327,250" step="2"/><V129/><F129/><W132/><G132/><T101/><D101/><U125/><E125/><V134/><F134/><W62/><G51/><RYUUKYOKU ba="0,1" sc="250,10,163,10,327,-30,250,10" hai0="15,16,20,82,83,88,96" hai1="3,5,8,17,21,24,45,47,75,79,92,93,95" hai3="25,27,40,42,43,50,52,55,56,62" /><INIT seed="1,1,1,5,3,75" ten="260,173,297,260" oya="1" hai0="60,57,55,25,90,92,54,113,133,66,76,103,121" hai1="26,64,72,10,126,48,31,53,102,124,134,1,135" hai2="84,88,43,125,59,94,68,37,42,24,2,16,132" hai3="98,119,33,107,22,15,56,50,129,89,17,39,65"/><U46/><E102/><V73/><F68/><W77/><G39/><T116/><D116/><U69/><E72/><V117/><F117/><W128/><G33/><T99/><D113/><U120/><E120/><V44/><F2/><W13/><G119/><T9/><D133/><N who="1" m="50699" /><E64/><V111/><F132/><W82/><G15/><T131/><D131/><N who="3" m="50249" /><G50/><T52/><D121/><U114/><E69/><V87/><F73/><N who="3" m="43311" /><G89/><T105/><D76/><U71/><E71/><V30/><F42/><W78/><G78/><T91/><D105/><U28/><E114/><V23/><F125/><N who="1" m="48233" /><E26/><V41/><F41/><W83/><G83/><T18/><D25/><U115/><E115/><V74/><F74/><W49/><G65/><T4/><REACH who="0" step="1"/><D18/><REACH who="0" ten="250,173,297,260" step="2"/><U35/><E35/><V97/><F16/><W14/><G17/><T36/><D36/><U112/><E112/><V100/><F24/><W34/><G34/><T67/><D67/><U32/><E32/><V38/><F38/><W6/><G107/><T29/><D29/><U101/><E101/><V40/><F100/><W118/><G118/><T62/><D62/><U130/><E130/><V108/><F30/><W110/><G49/><T8/><D8/><U96/><E31/><V127/><F127/><W81/><G22/><T104/><D104/><U5/><E28/><V61/><F23/><W19/><G19/><T27/><D27/><U12/><E1/><AGARI ba="1,2" hai="1,4,9,52,54,55,57,60,66,90,91,92,99,103" machi="1" ten="40,2600,0" yaku="1,1,54,1,53,0" doraHai="75" doraHaiUra="20" who="0" fromWho="1" sc="250,49,173,-29,297,0,260,0" /><INIT seed="2,0,0,0,4,52" ten="299,144,297,260" oya="2" hai0="124,53,44,50,108,5,32,30,84,63,107,90,39" hai1="37,69,87,55,97,1,68,115,120,34,29,64,98" hai2="91,78,17,95,132,88,31,133,126,102,24,28,6" hai3="117,57,134,54,81,33,41,22,58,70,48,26,46"/><V25/><F126/><W15/><G117/><T111/><D124/><U89/><E115/><V23/><F78/><W59/><G70/><T19/><D107/><U110/><E37/><V119/><F119/><W36/><G134/><N who="2" m="51817" /><F6/><W99/><G33/><T75/><D75/><U94/><E110/><N who="0" m="42025" /><D5/><U13/><E1/><V100/><F91/><W16/><G99/><T43/><D19/><U61/><E68/><V122/><F122/><W66/><G66/><T56/><D30/><N who="2" m="11306" /><F25/><W14/><REACH who="3" step="1"/><G81/><REACH who="3" ten="299,144,297,250" step="2"/><N who="0" m="49423" /><D32/><U127/><E127/><V10/><F10/><W83/><G83/><T18/><D18/><U86/><E120/><V49/><F17/><W72/><G72/><T9/><D9/><U85/><E98/><V104/><F23/><W93/><G93/><T109/><N who="0" m="42033" /><T0/><DORA hai="112" /><D0/><U12/><REACH who="1" step="1"/><E55/><REACH who="1" ten="299,134,297,250" step="2"/><V77/><F104/><W8/><G8/><T35/><D35/><U92/><E92/><V116/><F95/><W130/><G130/><T76/><D76/><U125/><E125/><V47/><F77/><W96/><G96/><T45/><D53/><U118/><E118/><V51/><F116/><W123/><G123/><T21/><D43/><U65/><E65/><V67/><F67/><W60/><G60/><T105/><D63/><U11/><E11/><V7/><F7/><W74/><G74/><T2/><D105/><U106/><E106/><V73/><F73/><W62/><G62/><T113/><D2/><U135/><E135/><V131/><F131/><W42/><G42/><T38/><D113/><U82/><E82/><V114/><F114/><W40/><G40/><RYUUKYOKU ba="0,2" sc="299,-15,134,15,297,-15,250,15" hai1="12,13,29,34,61,64,69,85,86,87,89,94,97" hai3="14,15,16,22,26,36,41,46,48,54,57,58,59" /><INIT seed="3,1,2,4,0,60" ten="284,149,282,265" oya="3" hai0="116,117,52,25,4,64,101,96,30,99,75,33,93" hai1="6,134,105,74,59,8,91,43,62,122,53,16,7" hai2="20,81,14,42,23,83,95,132,10,56,1,55,90" hai3="32,71,69,111,37,15,22,57,50,112,129,133,97"/><W127/><G112/><T73/><D64/><U123/><E134/><V19/><F42/><W80/><G32/><T124/><D124/><U131/><E131/><V34/><F34/><W106/><G37/><T67/><D67/><U86/><E74/><V89/><F132/><W76/><G133/><T48/><D4/><U87/><E105/><V3/><F3/><W115/><G115/><T17/><D17/><U40/><E123/><V114/><F114/><W82/><G127/><T77/><D99/><U130/><E130/><V84/><F1/><W12/><G82/><N who="2" m="31241" /><F90/><W61/><G50/><AGARI ba="1,2" hai="10,14,19,20,23,50,55,56,84,89,95" m="31241" machi="50" ten="30,1000,0" yaku="8,1" doraHai="60" who="2" fromWho="3" sc="284,0,149,0,282,33,265,-13" owari="284,8.4,149,-35.1,315,41.5,252,-14.8" /></mjloggm>