<mjloggm ver="2.3"><GO type="225" lobby="0"/><UN n0="%E6%B4%BE%E9%81%A3%E3%81%AE%E3%82%B8%E3%83%A3%E3%83%83%E3%82%AF" n1="%E3%82%BC%E3%83%AB%E3%83%80%E3%81%AE%E4%BC%9D%E8%AA%AC" n2="%72%69%6F%75%63%68%61%6E" n3="%70%65%6E%74%6F%6C%61" dan="17,18,17,16" rate="2213.79,2203.63,2215.69,2130.80" sx="M,M,M,M"/><TAIKYOKU oya="0"/><INIT seed="0,0,0,1,0,23" ten="250,250,250,250" oya="0" hai0="95,109,134,91,14,71,86,54,41,104,17,70,98" hai1="12,52,100,2,72,3,68,75,33,77,7,18,34" hai2="28,57,37,51,111,101,24,106,15,43,122,124,79" hai3="121,27,116,89,39,59,133,66,115,90,74,113,56"/><T110/><D134/><U107/><E68/><V9/><F122/><W35/><G39/><T11/><D41/><U117/><E117/><V125/><F111/><N who="0" m="42506" /><D54/><U99/><E7/><V19/><F79/><W55/><G74/><T31/><D31/><U4/><E4/><V49/><F106/><W127/><G55/><T48/><D48/><U46/><E33/><V84/><F101/><AGARI ba="0,0" hai="11,14,17,70,71,86,91,95,98,101,104" m="42506" machi="101" ten="30,2900,0" yaku="14,1,10,1" doraHai="23" who="0" fromWho="2" sc="250,29,250,0,250,-29,250,0" /><INIT seed="0,1,0,4,5,88" ten="279,250,221,250" oya="0" hai0="20,31,127,59,63,64,132,24,90,66,82,35,65" hai1="14,13,3,16,80,71,95,96,32,101,89,33,118" hai2="60,104,23,7,92,109,94,103,5,36,119,11,122" hai3="44,49,108,115,27,22,55,74,116,72,21,81,2"/><T117/><D117/><U30/><E3/><V98/><F122/><W75/><G115/><T58/><D127/><U129/><E118/><V102/><F119/><W4/><G108/><T124/><D124/><U51/><E71/><V120/><F120/><W113/><G113/><T123/><D123/><U91/><E129/><V15/><F109/><W6/><G116/><T84/><D132/><U29/><E33/><V25/><F36/><W53/><G81/><T105/><D105/><U12/><E51/><V135/><F135/><W111/><G111/><T0/><D0/><U77/><E32/><V67/><F5/><W1/><G1/><T45/><D35/><U112/><E112/><V8/><F8/><W73/><N who="3" m="18432" /><DORA hai="76" /><W97/><G97/><T54/><REACH who="0" step="1"/><D45/><REACH who="0" ten="269,250,221,250" step="2"/><U42/><E42/><V10/><F10/><W131/><G2/><T68/><D68/><U106/><E106/><V61/><F104/><W56/><G131/><T62/><AGARI ba="1,1" hai="20,24,31,54,58,59,62,63,64,65,66,82,84,90" machi="62" ten="20,18000,2" yaku="1,1,0,1,7,1,8,1,52,1,53,1" doraHai="88,76" doraHaiUra="114,18" who="0" fromWho="0" sc="269,193,250,-61,221,-61,250,-61" /><INIT seed="0,2,0,2,5,82" ten="462,189,160,189" oya="0" hai0="52,89,58,60,12,125,6,112,56,96,70,23,1" hai1="75,83,92,131,31,86,68,108,116,84,103,16,4" hai2="26,104,5,20,77,87,50,7,59,15,19,13,135" hai3="0,118,29,76,90,3,2,41,98,32,21,94,93"/><T37/><D112/><U44/><E68/><V129/><F104/><W36/><G118/><T123/><D37/><U111/><E116/><V69/><F69/><W99/><G76/><T61/><D123/><U46/><E31/><V25/><F129/><W42/><G32/><T71/><D125/><U107/><E4/><N who="2" m="1611" /><F135/><W65/><G65/><T53/><D1/><U39/><E131/><V102/><F102/><W114/><G114/><T128/><D128/><U132/><E132/><V78/><F13/><W105/><G105/><T30/><D30/><U115/><E115/><V22/><F87/><N who="1" m="33321" /><E39/><V109/><F109/><N who="1" m="42057" /><E107/><V40/><F59/><W51/><G36/><T27/><D71/><U9/><E9/><V110/><F110/><W81/><G3/><T97/><D70/><U11/><E11/><V133/><F133/><W62/><G2/><T10/><D10/><U100/><E16/><N who="2" m="10271" /><F77/><W124/><G124/><T38/><D38/><U24/><E24/><N who="2" m="14431" /><F78/><W57/><G0/><T127/><D127/><U33/><E33/><V119/><F119/><W72/><G21/><T79/><D79/><N who="1" m="44543" /><E100/><V14/><F14/><W8/><G8/><N who="0" m="4119" /><D27/><U85/><N who="1" m="33329" /><U95/><DORA hai="113" /><E103/><V28/><F28/><W74/><G74/><T101/><D101/><U34/><E34/><V45/><AGARI ba="2,0" hai="25,26,40,45,50" m="14431,10271,1611" machi="45" ten="30,2000,0" yaku="8,1,54,1" doraHai="82,113" who="2" fromWho="2" sc="462,-12,189,-7,160,26,189,-7" /><INIT seed="1,0,0,0,2,29" ten="450,182,186,182" oya="1" hai0="111,18,86,63,135,87,17,32,34,35,118,110,80" hai1="126,107,11,113,12,101,53,42,88,134,84,83,21" hai2="2,72,71,24,90,73,112,70,28,3,13,122,60" hai3="82,44,92,0,51,27,125,14,65,95,117,69,97"/><U62/><E113/><V102/><F122/><W129/><G0/><T99/><D118/><U77/><E126/><V91/><F112/><W66/><G117/><T40/><D40/><U121/><E121/><V105/><F13/><W98/><G125/><T123/><D123/><U4/><E134/><V93/><F90/><W20/><G14/><T26/><D135/><U31/><E42/><V10/><F93/><W15/><G15/><T38/><D38/><U115/><E115/><V1/><F91/><W127/><G82/><T108/><D63/><U103/><E107/><V81/><F10/><W57/><G57/><T106/><D26/><N who="1" m="16847" /><E77/><N who="2" m="44199" /><F73/><W76/><G76/><N who="0" m="46343" /><D87/><U19/><E19/><V6/><F6/><W61/><G66/><T59/><D59/><AGARI ba="0,0" hai="4,11,12,53,59,62,83,84,88,101,103" m="16847" machi="59" ten="30,2900,0" yaku="8,1,54,1" doraHai="29" who="1" fromWho="0" sc="450,-29,182,29,186,0,182,0" /><INIT seed="1,1,0,3,5,36" ten="421,211,186,182" oya="1" hai0="18,37,61,41,109,92,99,84,43,87,58,64,9" hai1="132,12,32,123,52,31,112,74,71,14,91,1,90" hai2="21,98,29,79,27,124,10,119,25,47,121,55,100" hai3="3,42,44,11,111,48,16,50,34,120,101,108,82"/><U80/><E112/><V107/><F119/><W22/><G34/><T81/><D109/><N who="3" m="42057" /><G101/><N who="0" m="60647" /><D37/><U129/><E1/><V19/><F121/><W60/><G60/><T118/><D118/><U68/><E129/><V13/><F124/><W96/><G96/><T73/><D73/><U116/><E132/><V7/><F79/><W103/><G103/><T51/><D51/><U77/><E123/><V33/><F55/><W23/><G120/><T117/><D117/><U76/><E116/><V102/><F100/><W134/><G134/><T104/><D104/><U127/><E127/><V114/><REACH who="2" step="1"/><F47/><REACH who="2" ten="421,211,176,182" step="2"/><N who="3" m="25719" /><G82/><T135/><D135/><U24/><E77/><V2/><F2/><W15/><G3/><T8/><D81/><U110/><E110/><V131/><F131/><W57/><G57/><T35/><D58/><U89/><REACH who="1" step="1"/><E52/><AGARI ba="1,1" hai="11,15,16,22,23,44,50,52" m="25719,42057" machi="52" ten="30,7700,0" yaku="14,1,52,1,54,2" doraHai="36" who="3" fromWho="1" sc="421,0,211,-80,176,0,182,90" /><INIT seed="2,0,0,5,4,43" ten="421,131,176,272" oya="2" hai0="110,105,24,61,84,47,121,11,83,4,131,60,32" hai1="21,13,5,20,79,108,58,40,104,125,122,96,82" hai2="6,119,46,52,28,57,27,81,67,91,72,89,117" hai3="109,54,114,31,51,55,39,73,102,135,29,25,42"/><V95/><F6/><W112/><G109/><T37/><D110/><U66/><E108/><V88/><F72/><W45/><G135/><T123/><D105/><U2/><E2/><V3/><F3/><W36/><G73/><T70/><D131/><U56/><E125/><V41/><F67/><W12/><G102/><T16/><D61/><U120/><E104/><V26/><F81/><W115/><G12/><T74/><D16/><N who="1" m="10255" /><E5/><V38/><F95/><W68/><G68/><T75/><D84/><N who="1" m="48223" /><E96/><V71/><F71/><W116/><G116/><T64/><D11/><U18/><E66/><V134/><F134/><W65/><G65/><T30/><D4/><U118/><E118/><V94/><F94/><W113/><G31/><T10/><D10/><U35/><E35/><V90/><N who="2" m="22528" /><DORA hai="92" /><V44/><F44/><W111/><G111/><T98/><D98/><U132/><E132/><V99/><F99/><W130/><G130/><T124/><D124/><U103/><E103/><V17/><F17/><W86/><G86/><T76/><D75/><U128/><E128/><V97/><F97/><W133/><G133/><T23/><D23/><U63/><E40/><AGARI ba="0,0" hai="24,30,32,37,40,47,60,64,70,74,76,83,121,123" machi="40" ten="40,5200,0" yaku="23,2,52,1" doraHai="43,92" who="0" fromWho="1" sc="421,52,131,-52,176,0,272,0" /><INIT seed="3,0,0,0,5,38" ten="473,79,176,272" oya="3" hai0="7,83,84,88,35,22,115,14,3,4,48,70,67" hai1="99,94,97,120,60,5,112,82,45,19,16,78,125" hai2="130,91,29,9,80,95,114,107,92,17,87,119,93" hai3="50,33,44,98,118,111,117,133,11,2,54,85,71"/><W25/><G133/><T101/><D35/><U8/><E125/><V57/><F119/><W21/><G33/><T134/><D3/><U64/><E112/><V51/><F107/><W123/><G123/><T103/><D134/><U105/><E120/><V47/><F114/><W42/><G71/><T96/><D67/><U1/><E105/><V75/><F130/><W63/><G111/><T30/><D70/><U6/><E6/><V62/><F29/><W110/><G110/><T0/><D0/><U102/><E99/><V23/><F75/><W86/><G98/><T74/><D74/><U124/><E124/><V116/><F116/><W109/><G109/><T40/><D115/><U58/><REACH who="1" step="1"/><E45/><REACH who="1" ten="473,69,176,272" step="2"/><V53/><F9/><W81/><G118/><T36/><D36/><U61/><E61/><V72/><F72/><AGARI ba="0,1" hai="1,5,8,16,19,58,60,64,72,78,82,94,97,102" machi="72" ten="30,3900,0" yaku="1,1,7,1,54,1,53,0" doraHai="38" doraHaiUra="100" who="1" fromWho="2" sc="473,0,69,49,176,-39,272,0" owari="473,57.3,118,-38.2,137,-26.3,272,7.2" /></mjloggm>