<mjloggm ver="2.3"><GO type="225" lobby="0"/><UN n0="%72%69%6F%75%63%68%61%6E" n1="%77%72%77%72%77%72%77%72" n2="%E7%89%B9%E6%9D%B1%E3%81%AF%E4%B8%96%E7%95%8C%E3%82%92%E6%95%91%E3%81%86" n3="%6D%75%75%6D%75%72%61" dan="16,16,16,16" rate="2190.86,2128.81,2094.22,2114.98" sx="M,M,M,F"/><TAIKYOKU oya="0"/><INIT seed="0,0,0,4,1,77" ten="250,250,250,250" oya="0" hai0="16,135,39,101,35,116,99,50,107,94,0,115,80" hai1="109,123,78,76,4,22,85,91,34,30,72,79,56" hai2="38,86,125,17,14,67,60,75,37,2,81,11,132" hai3="40,25,98,63,74,64,131,68,128,95,27,36,133"/><T19/><D115/><U15/><E123/><V108/><F108/><W7/><G74/><T45/><D116/><U52/><E109/><V46/><F132/><W53/><G133/><T88/><D135/><U124/><E124/><V90/><F125/><W54/><G7/><T112/><D112/><U18/><E4/><V20/><F75/><W65/><G65/><T121/><D121/><U73/><E34/><V10/><F2/><W47/><G53/><T28/><D0/><U120/><E120/><V41/><REACH who="2" step="1"/><F38/><REACH who="2" ten="250,250,240,250" step="2"/><W55/><G128/><T43/><D39/><U9/><E30/><V23/><F23/><W122/><G131/><T66/><D66/><U92/><REACH who="1" step="1"/><E9/><REACH who="1" ten="250,240,240,250" step="2"/><V62/><F62/><AGARI ba="0,2" hai="15,18,22,52,56,62,72,73,76,78,79,85,91,92" machi="62" ten="40,8000,1" yaku="1,1,2,1,54,1,53,1" doraHai="77" doraHaiUra="8" who="1" fromWho="2" sc="250,0,240,100,240,-80,250,0" /><INIT seed="1,0,0,0,1,68" ten="250,340,160,250" oya="1" hai0="4,29,65,122,50,25,131,76,75,7,10,101,40" hai1="81,33,17,42,47,87,74,115,130,52,21,60,13" hai2="99,109,16,113,86,59,73,44,84,54,132,111,121" hai3="41,108,83,77,43,26,32,37,64,119,70,89,120"/><U128/><E115/><V34/><F121/><W80/><G120/><T97/><D122/><U38/><E33/><V61/><F73/><W105/><G108/><T116/><D116/><U28/><E28/><V69/><F34/><W129/><G105/><T98/><D131/><N who="1" m="50219" /><E74/><V118/><F118/><W92/><G129/><T20/><D65/><U94/><E94/><V112/><F132/><W114/><G114/><N who="2" m="44137" /><F69/><W71/><G119/><T57/><D4/><U56/><E87/><N who="2" m="33323" /><F99/><W134/><G134/><T35/><D35/><U22/><E81/><V58/><F44/><W6/><G80/><T102/><D76/><U53/><E22/><V110/><F58/><W1/><G71/><T12/><D75/><U117/><E117/><V133/><F133/><W48/><G77/><T15/><D57/><U63/><E63/><V85/><N who="2" m="33331" /><V100/><DORA hai="18" /><F100/><N who="0" m="38506" /><D15/><U14/><E13/><V49/><F61/><W62/><G83/><T79/><D79/><U51/><E51/><V90/><F90/><W31/><G48/><T124/><D124/><U23/><E23/><V127/><F127/><W3/><G89/><T24/><D24/><U82/><E82/><V103/><F103/><W55/><G26/><T104/><D104/><U135/><E135/><V46/><F59/><W72/><G32/><T123/><D123/><U95/><E95/><V66/><F66/><AGARI ba="0,0" hai="14,17,21,38,42,47,52,53,56,60,66" m="50219" machi="66" ten="30,11600,0" yaku="19,1,52,2,54,1" doraHai="68,18" who="1" fromWho="2" sc="250,0,340,116,160,-116,250,0" /><INIT seed="1,1,0,3,5,111" ten="250,456,44,250" oya="1" hai0="65,113,77,14,74,10,128,107,49,28,120,69,84" hai1="114,6,55,11,34,86,95,33,83,80,30,48,102" hai2="87,116,93,131,130,135,73,53,2,94,5,103,21" hai3="121,100,109,118,134,89,12,43,35,101,54,41,47"/><U57/><E114/><V64/><F116/><W125/><G121/><T61/><D113/><U24/><E34/><V90/><F73/><W45/><G109/><T81/><D128/><U115/><E115/><V19/><F135/><W22/><G35/><T117/><D117/><U59/><E59/><V37/><F37/><W72/><G72/><T0/><D120/><U98/><REACH who="1" step="1"/><E86/><REACH who="1" ten="250,446,44,250" step="2"/><V56/><F131/><W91/><G118/><T112/><D112/><U71/><E71/><V13/><F130/><W76/><G134/><T97/><D84/><U66/><E66/><V40/><F64/><W9/><G45/><T25/><D69/><U122/><E122/><V96/><F40/><W126/><G47/><T32/><D65/><U60/><E60/><V63/><F2/><AGARI ba="1,1" hai="2,6,11,24,30,33,48,55,57,80,83,95,98,102" machi="2" ten="30,5800,0" yaku="1,1,7,1,53,1" doraHai="111" doraHaiUra="31" who="1" fromWho="2" sc="250,0,446,71,44,-61,250,0" owari="250,5.0,517,61.7,-17,-51.7,250,-15.0" /></mjloggm>