<mjloggm ver="2.3"><GO type="225" lobby="0"/><UN n0="%E6%81%A5%E6%99%92%E3%81%97" n1="%E4%BF%BA%E3%81%A8%E5%A6%96%E5%A4%A2" n2="%E6%9D%B1%E9%A2%A8%E3%81%AE%E3%81%8D%E3%82%83%E3%81%B7%E3%81%95%E3%82%93" n3="%E6%A1%9C%E8%8A%B1%E9%96%83%E3%80%85" dan="16,16,17,16" rate="2131.18,2123.11,2170.71,2185.63" sx="M,F,M,M"/><TAIKYOKU oya="0"/><INIT seed="0,0,0,5,3,100" ten="250,250,250,250" oya="0" hai0="27,132,80,64,60,36,128,14,86,26,89,0,67" hai1="35,21,1,49,118,43,91,73,53,3,2,115,110" hai2="88,8,124,55,15,123,70,32,108,125,51,98,37" hai3="16,50,71,10,117,30,95,97,48,85,84,129,34"/><T7/><D128/><U90/><E118/><V93/><F70/><W52/><G117/><T45/><D132/><U112/><E35/><V120/><F32/><W72/><G72/><T105/><D0/><U17/><E73/><V68/><F68/><W59/><G71/><T13/><D67/><U133/><E43/><V19/><F37/><W77/><G129/><T74/><D74/><U47/><E110/><V109/><F123/><W54/><G77/><T96/><D36/><U57/><E47/><V69/><F69/><W42/><G42/><T23/><D45/><U44/><E44/><N who="2" m="28135" /><F120/><W41/><G41/><T114/><D114/><N who="1" m="43563" /><E133/><V135/><F135/><W87/><G30/><T131/><D131/><U101/><E101/><V11/><F11/><W56/><G34/><T130/><D130/><U127/><E127/><AGARI ba="0,0" hai="8,15,19,88,93,98,108,109,124,125,127" m="28135" machi="127" ten="30,2000,0" yaku="18,1,54,1" doraHai="100" who="2" fromWho="1" sc="250,0,250,-20,250,20,250,0" /><INIT seed="1,0,0,4,5,109" ten="250,230,270,250" oya="1" hai0="17,113,116,79,40,81,120,56,1,24,43,134,10" hai1="70,98,114,54,13,130,37,42,32,73,127,92,22" hai2="131,83,87,15,38,11,128,53,112,124,119,36,67" hai3="108,63,72,49,31,122,110,61,0,58,102,121,9"/><U64/><E32/><V105/><F105/><W29/><G72/><T101/><D116/><U84/><E73/><V60/><F53/><N who="3" m="32047" /><G102/><T59/><D134/><U25/><E130/><N who="2" m="49707" /><F119/><W78/><G78/><T57/><D120/><N who="3" m="46185" /><G9/><T2/><D101/><U7/><E84/><V99/><F99/><W48/><G0/><T12/><D24/><U85/><E85/><V89/><F124/><W106/><G106/><T47/><D113/><U26/><E26/><V19/><F112/><W5/><G5/><T97/><D97/><U117/><E117/><V69/><AGARI ba="0,0" hai="11,15,19,36,38,60,67,69,83,87,89" m="49707" machi="69" ten="30,1100,0" yaku="19,1" doraHai="109" who="2" fromWho="2" sc="250,-3,230,-5,270,11,250,-3" /><INIT seed="2,0,0,1,2,131" ten="247,225,281,247" oya="2" hai0="111,6,100,0,108,72,61,16,117,58,64,54,126" hai1="81,78,118,105,23,7,82,36,31,59,113,1,13" hai2="102,75,135,133,60,120,43,19,76,122,28,32,104" hai3="79,51,69,85,66,37,129,86,55,91,56,127,26"/><V92/><F92/><W124/><G129/><T49/><D126/><N who="3" m="48169" /><G37/><T128/><D128/><U3/><E113/><V2/><F43/><W123/><G123/><N who="2" m="47145" /><F60/><N who="3" m="40135" /><G79/><T22/><D72/><U52/><E118/><V63/><F63/><W114/><G114/><T25/><D100/><U93/><E105/><V35/><F19/><W84/><G26/><T77/><D77/><U73/><E36/><V38/><F2/><W109/><G109/><N who="0" m="42059" /><D117/><U116/><E116/><V70/><F70/><W47/><G47/><N who="0" m="27967" /><D6/><U74/><E74/><V8/><F8/><W46/><G46/><T112/><D112/><U94/><E1/><AGARI ba="0,0" hai="0,1,16,22,25,58,61,64" m="27967,42059" machi="1" ten="30,2000,0" yaku="14,1,54,1" doraHai="131" who="0" fromWho="1" sc="247,20,225,-20,281,0,247,0" /><INIT seed="3,0,0,2,1,35" ten="267,205,281,247" oya="3" hai0="113,56,108,87,54,51,31,121,111,77,128,109,26" hai1="71,135,102,90,103,29,19,68,60,99,88,98,44" hai2="91,17,104,52,6,74,130,89,50,101,61,7,32" hai3="2,132,39,93,85,94,116,23,64,73,11,66,134"/><W115/><G115/><T105/><D121/><U107/><E135/><N who="3" m="51754" /><G116/><T83/><D113/><U9/><E29/><V33/><F74/><W14/><G73/><T12/><D128/><U53/><E71/><V42/><F130/><W131/><G39/><T86/><D12/><U28/><E28/><V117/><F117/><W30/><G131/><T43/><D43/><U27/><E68/><V45/><F33/><W123/><G123/><T0/><D105/><U125/><E125/><V10/><F32/><W65/><G85/><T92/><D0/><U59/><E44/><V133/><F133/><W79/><G79/><T22/><REACH who="0" step="1"/><D92/><REACH who="0" ten="257,205,281,247" step="2"/><U1/><E1/><V20/><F104/><W36/><G2/><T21/><D21/><U75/><E75/><AGARI ba="0,1" hai="22,26,31,51,54,56,75,77,83,86,87,108,109,111" machi="75" ten="40,2600,0" yaku="1,1,14,1,53,0" doraHai="35" doraHaiUra="4" who="0" fromWho="1" sc="257,36,205,-26,281,0,247,0" /><INIT seed="4,0,0,1,2,130" ten="293,179,281,247" oya="0" hai0="24,8,94,15,91,58,110,49,85,118,70,21,97" hai1="56,103,71,68,83,121,106,7,22,33,34,69,12" hai2="64,52,61,80,108,20,124,38,65,26,48,102,0" hai3="107,46,131,112,129,125,43,41,73,23,92,18,95"/><T88/><D118/><U105/><E121/><V78/><F38/><W74/><G107/><N who="1" m="40970" /><E103/><V3/><F108/><W72/><G125/><T55/><D70/><U96/><E96/><V90/><F124/><W25/><G112/><T11/><D15/><U134/><E56/><V37/><F37/><W42/><REACH who="3" step="1"/><G46/><REACH who="3" ten="293,179,281,237" step="2"/><T89/><D110/><U126/><E126/><V79/><F102/><W2/><G2/><T113/><D113/><U123/><E123/><V29/><F0/><W59/><G59/><T77/><D77/><U16/><E7/><V17/><F3/><W10/><G10/><N who="0" m="3627" /><D97/><U115/><E115/><V84/><F17/><AGARI ba="0,1" hai="17,21,24,49,55,58,85,88,89,91,94" m="3627" machi="17" ten="30,2900,0" yaku="8,1,54,1" doraHai="130" who="0" fromWho="2" sc="293,39,179,0,281,-29,237,0" owari="332,43.2,179,-32.1,252,5.2,237,-16.3" /></mjloggm>