<mjloggm ver="2.3"><GO type="225" lobby="0"/><UN n0="%E3%82%BC%E3%83%AB%E3%83%80%E3%81%AE%E4%BC%9D%E8%AA%AC" n1="%E7%89%B9%E6%9D%B1%E3%81%AF%E4%B8%96%E7%95%8C%E3%82%92%E6%95%91%E3%81%86" n2="%E5%8D%A0%E3%81%84%E5%B8%AB%E8%A3%8F%E3%81%AA%E3%81%84%E3%81%97" n3="%E8%B6%85%E7%B4%9A%E9%B3%B3%E5%87%B0" dan="18,16,17,16" rate="2212.54,2167.54,2157.74,2170.08" sx="M,M,M,F"/><TAIKYOKU oya="0"/><INIT seed="0,0,0,2,0,28" ten="250,250,250,250" oya="0" hai0="18,118,71,124,126,112,123,40,64,83,5,65,92" hai1="105,134,113,117,27,93,24,31,50,54,111,99,116" hai2="85,62,72,90,26,73,49,87,122,7,38,128,78" hai3="131,69,121,20,22,101,1,81,57,41,133,13,110"/><T45/><D112/><U70/><E113/><V88/><F122/><W84/><G101/><T80/><D118/><U100/><E111/><V68/><F38/><W107/><G69/><T34/><D123/><U63/><E134/><V96/><F7/><W47/><G1/><T17/><D5/><U48/><E93/><V0/><F0/><W67/><G107/><T39/><D92/><U15/><E15/><V51/><F26/><W4/><G121/><T94/><D94/><U37/><E37/><V58/><F58/><W35/><G35/><T119/><D119/><U44/><E48/><V89/><F78/><W30/><G30/><T61/><D65/><N who="1" m="41279" /><E24/><V46/><F68/><W115/><G115/><T19/><REACH who="0" step="1"/><D34/><AGARI ba="0,0" hai="27,31,34,44,50,54,99,100,105,116,117" m="41279" machi="34" ten="30,2000,0" yaku="25,1,52,1" doraHai="28" who="1" fromWho="0" sc="250,-20,250,20,250,0,250,0" /><INIT seed="1,0,0,0,5,104" ten="230,270,250,250" oya="1" hai0="28,50,73,122,95,9,11,44,131,22,68,0,55" hai1="57,54,91,43,7,5,127,60,84,34,76,53,121" hai2="117,21,116,63,65,17,69,134,115,105,79,120,125" hai3="52,100,47,45,98,27,39,1,31,26,40,78,59"/><U49/><E121/><V74/><F120/><W102/><G1/><T13/><D122/><U23/><E127/><V107/><F125/><W89/><G78/><T33/><D68/><U114/><E34/><V46/><F134/><W56/><G89/><T133/><D133/><U29/><E43/><V4/><F4/><W20/><G27/><T62/><D131/><U38/><E38/><V135/><F135/><W80/><G80/><T90/><D73/><U88/><E114/><V123/><F123/><W124/><G124/><T35/><D0/><U118/><E76/><V110/><F110/><W108/><G108/><T119/><D119/><U92/><E118/><V94/><F94/><W24/><G24/><T66/><D22/><U106/><E106/><V19/><F115/><W15/><G15/><T36/><D36/><U41/><E41/><V3/><F3/><W113/><G113/><T132/><D132/><U64/><E54/><V87/><F74/><W8/><G8/><T85/><D28/><U82/><E23/><V18/><F21/><W25/><G25/><T61/><D61/><U112/><E29/><V10/><F10/><W70/><G70/><N who="0" m="42327" /><D9/><U67/><E112/><V96/><F46/><W6/><G6/><N who="1" m="2058" /><E60/><V126/><F126/><W58/><REACH who="3" step="1"/><G98/><AGARI ba="0,0" hai="49,53,57,64,67,82,84,88,91,92,98" m="2058" machi="98" ten="30,2900,0" yaku="8,1,54,1" doraHai="104" who="1" fromWho="3" sc="230,0,270,29,250,0,250,-29" /><INIT seed="1,1,0,2,1,69" ten="230,299,250,221" oya="1" hai0="28,26,38,35,31,93,76,55,23,115,126,11,100" hai1="67,77,73,135,71,114,3,45,21,42,118,91,47" hai2="12,112,62,134,124,41,66,109,33,39,128,72,117" hai3="56,37,111,120,86,25,16,49,63,102,61,64,130"/><U103/><E114/><V2/><F12/><W79/><G120/><T70/><D115/><U85/><E118/><V57/><F57/><W123/><G123/><T131/><D70/><U36/><E103/><V13/><F13/><W18/><G111/><T32/><D76/><U46/><E135/><V99/><F62/><W40/><G130/><T105/><D105/><U108/><E108/><V84/><F66/><W97/><G49/><T129/><D126/><U52/><E3/><V24/><F24/><W54/><G25/><T98/><D38/><U78/><E73/><V7/><F7/><W27/><G27/><T96/><D31/><U29/><E21/><V44/><F44/><W122/><G122/><T53/><D11/><U132/><E29/><V8/><F41/><W50/><G40/><T30/><D30/><U43/><E132/><V5/><F8/><W92/><G37/><T34/><REACH who="0" step="1"/><D98/><REACH who="0" ten="220,299,250,221" step="2"/><U121/><E71/><V9/><F9/><W88/><G79/><T10/><D10/><U15/><E36/><V106/><F99/><W19/><REACH who="3" step="1"/><G64/><REACH who="3" ten="220,299,250,211" step="2"/><T101/><D101/><U75/><E67/><V110/><F5/><W125/><G125/><T127/><D127/><U133/><E121/><V104/><F110/><W22/><G22/><T94/><D94/><AGARI ba="1,2" hai="16,18,19,50,54,56,61,63,86,88,92,94,97,102" machi="94" ten="40,8000,1" yaku="1,1,8,1,54,2,53,0" doraHai="69" doraHaiUra="17" who="3" fromWho="0" sc="220,-83,299,0,250,0,211,103" /><INIT seed="2,0,0,5,5,85" ten="137,299,250,314" oya="2" hai0="90,102,99,29,48,127,60,120,95,76,108,25,74" hai1="106,115,44,47,116,119,72,6,36,59,1,11,103" hai2="51,45,130,32,97,0,49,109,124,33,58,113,24" hai3="133,15,31,123,56,132,77,19,46,10,94,68,54"/><V114/><F0/><W82/><G123/><T88/><D120/><U93/><E115/><V71/><F71/><W9/><G68/><T86/><D108/><U28/><E93/><V104/><F109/><W50/><G31/><T111/><D111/><U8/><E8/><V27/><F130/><W22/><G94/><T34/><D127/><U2/><E2/><V5/><F58/><W128/><G128/><T42/><D74/><U12/><E12/><V73/><F73/><W134/><REACH who="3" step="1"/><G56/><REACH who="3" ten="137,299,250,304" step="2"/><T13/><D60/><U52/><E28/><V63/><F113/><W65/><G65/><T43/><D13/><U69/><E59/><V57/><F57/><W26/><G26/><T112/><D112/><U81/><E69/><V61/><F114/><W131/><G131/><T70/><D70/><U67/><E67/><V39/><F24/><W66/><G66/><T89/><REACH who="0" step="1"/><D48/><REACH who="0" ten="127,299,250,304" step="2"/><U16/><E1/><V18/><F49/><W7/><G7/><T98/><D98/><U125/><E6/><V92/><F51/><W75/><AGARI ba="0,2" hai="9,10,15,19,22,46,50,54,75,77,82,132,133,134" machi="75" ten="30,4000,0" yaku="1,1,0,1,20,1,53,0" doraHai="85" doraHaiUra="20" who="3" fromWho="3" sc="127,-10,299,-10,250,-20,304,60" /><INIT seed="3,0,0,2,5,64" ten="117,289,230,364" oya="3" hai0="87,99,125,82,112,33,52,118,51,0,119,107,109" hai1="19,95,16,57,101,4,88,27,114,32,12,92,81" hai2="111,90,66,96,10,25,59,9,42,117,11,43,108" hai3="132,21,120,48,14,53,85,97,22,131,24,121,38"/><W29/><G38/><T41/><D0/><U18/><E114/><V94/><F117/><W49/><G97/><T126/><D33/><U69/><E69/><V3/><F3/><W31/><G85/><T74/><D74/><U113/><E113/><V104/><F104/><W72/><G72/><T105/><D112/><U115/><E115/><V46/><F25/><W30/><G131/><T70/><D99/><U13/><E101/><V37/><F43/><W26/><G30/><T124/><D87/><U86/><E57/><V5/><F5/><W60/><G14/><T123/><D82/><U79/><E4/><V65/><F59/><W76/><G76/><T23/><D23/><U7/><E7/><V39/><F37/><W34/><G34/><T55/><D123/><U84/><REACH who="1" step="1"/><E95/><REACH who="1" ten="117,279,230,364" step="2"/><V127/><F127/><N who="0" m="32514" /><T134/><DORA hai="47" /><D107/><U77/><E77/><V36/><REACH who="2" step="1"/><F36/><REACH who="2" ten="117,279,220,364" step="2"/><W67/><G121/><T106/><D106/><U98/><E98/><V91/><F91/><W44/><G120/><T135/><D105/><U61/><E61/><V133/><F133/><N who="0" m="50698" /><D109/><AGARI ba="0,2" hai="9,10,11,39,42,46,65,66,90,94,96,108,109,111" machi="109" ten="40,2600,0" yaku="1,1,14,1,53,0" doraHai="64,47" doraHaiUra="83,28" who="2" fromWho="0" sc="117,-26,279,0,220,46,364,0" owari="91,-40.9,279,7.9,266,-13.4,364,46.4" /></mjloggm>