<mjloggm ver="2.3"><GO type="225" lobby="0"/><UN n0="%E3%81%B5%E3%81%98%E3%81%8B%E3%81%A4" n1="%E3%81%A9%E3%82%8F%E3%82%93%E3%81%94" n2="%E3%81%8D%E3%82%85%E3%81%86" n3="%E6%9D%B1%E9%A2%A8%E3%81%AE%E3%81%8D%E3%82%83%E3%81%B7%E3%81%95%E3%82%93" dan="16,16,16,17" rate="2148.18,2101.36,2079.63,2253.99" sx="M,M,M,M"/><TAIKYOKU oya="0"/><INIT seed="0,0,0,1,3,59" ten="250,250,250,250" oya="0" hai0="6,41,25,120,32,17,4,68,84,53,89,96,65" hai1="101,73,79,95,3,22,35,12,63,24,38,36,127" hai2="78,113,15,114,42,124,58,34,18,90,28,33,19" hai3="87,55,8,82,23,26,64,31,103,10,125,27,49"/><T135/><D120/><U115/><E3/><V93/><F124/><W104/><G125/><T43/><D135/><U128/><E127/><V131/><F131/><W20/><G104/><T92/><D53/><U119/><E128/><V134/><F134/><W46/><G103/><T40/><D96/><U121/><E119/><V105/><F105/><W44/><G64/><T66/><D32/><U69/><E121/><V81/><F58/><W100/><G100/><T80/><D80/><U72/><E12/><V77/><F19/><W7/><G46/><T123/><D123/><U88/><E101/><V67/><F42/><W109/><G109/><T108/><D108/><U14/><E14/><V116/><F67/><N who="0" m="25610" /><D68/><U122/><E38/><V11/><F116/><W111/><G7/><N who="0" m="2603" /><D17/><U21/><E36/><V5/><F18/><W129/><G129/><T51/><D25/><U97/><E122/><V13/><F13/><W130/><G130/><T70/><D70/><U106/><E106/><V30/><F34/><W0/><G0/><T118/><D118/><U99/><E35/><V86/><F78/><W48/><G48/><AGARI ba="0,0" hai="40,41,43,48,51,84,89,92" m="2603,25610" machi="48" ten="30,1500,0" yaku="8,1" doraHai="59" who="0" fromWho="3" sc="250,15,250,0,250,0,250,-15" /><INIT seed="0,1,0,0,0,42" ten="265,250,250,235" oya="0" hai0="71,104,34,22,32,43,125,13,16,67,40,26,38" hai1="76,74,12,108,131,129,6,54,130,68,98,23,110" hai2="100,5,50,115,107,135,96,33,49,80,24,63,86" hai3="41,85,1,9,20,87,37,78,117,66,62,39,19"/><T31/><D125/><U111/><E68/><V83/><F115/><W103/><G117/><T89/><D104/><U91/><E54/><V56/><F135/><W7/><G103/><T119/><D119/><U112/><E23/><V73/><F5/><W114/><G114/><T61/><D89/><U52/><E112/><V17/><F73/><W95/><G78/><T106/><D106/><U47/><E76/><V77/><F83/><W58/><G95/><T123/><D123/><U28/><E28/><V134/><F134/><W81/><G81/><T35/><REACH who="0" step="1"/><D38/><REACH who="0" ten="255,250,250,235" step="2"/><U44/><E91/><V3/><F107/><W97/><G37/><T64/><D64/><U113/><E113/><V124/><F124/><W79/><G79/><T0/><D0/><U46/><E98/><V109/><F3/><W128/><G97/><T105/><D105/><U25/><E74/><V21/><F96/><W14/><REACH who="3" step="1"/><G128/><REACH who="3" ten="255,250,250,225" step="2"/><T55/><D55/><U59/><E131/><V53/><F100/><W88/><G88/><T101/><D101/><U102/><E102/><V94/><F77/><W133/><G133/><T69/><D69/><U99/><E99/><V11/><F86/><W120/><G120/><T70/><D70/><U57/><E130/><V82/><F80/><W15/><G15/><T84/><D84/><U75/><E129/><V65/><F82/><W45/><AGARI ba="1,2" hai="1,7,9,14,19,20,39,41,45,58,62,66,85,87" machi="45" ten="30,4000,0" yaku="1,1,0,1,52,1,53,0" doraHai="42" doraHaiUra="29" who="3" fromWho="3" sc="255,-21,250,-11,250,-11,225,63" /><INIT seed="1,0,0,3,0,9" ten="234,239,239,288" oya="1" hai0="93,95,72,51,60,7,74,50,124,5,132,57,75" hai1="70,1,82,85,125,97,105,44,54,121,4,123,91" hai2="122,90,22,40,100,61,19,89,109,115,113,133,134" hai3="84,83,16,62,69,45,34,78,23,126,111,33,43"/><U117/><E117/><V14/><F122/><W102/><G102/><T11/><D124/><U24/><E70/><V26/><F109/><W59/><G111/><T63/><D132/><N who="2" m="50794" /><F40/><W79/><G69/><T30/><D30/><U3/><E125/><V104/><F61/><W12/><G79/><T25/><D25/><U80/><E80/><V47/><F47/><W67/><REACH who="3" step="1"/><G126/><REACH who="3" ten="234,239,239,278" step="2"/><T53/><D74/><U66/><E123/><V55/><F100/><W87/><G87/><T65/><D75/><U108/><E121/><V10/><F104/><W76/><G76/><T28/><D72/><U29/><E108/><V6/><F55/><W49/><AGARI ba="0,1" hai="12,16,23,33,34,43,45,49,59,62,67,78,83,84" machi="49" ten="20,8000,1" yaku="1,1,0,1,7,1,52,1,54,1,53,0" doraHai="9" doraHaiUra="35" who="3" fromWho="3" sc="234,-20,239,-40,239,-20,278,90" /><INIT seed="2,0,0,4,1,92" ten="214,199,219,368" oya="2" hai0="68,113,55,22,42,64,134,26,35,49,86,131,11" hai1="56,104,61,21,66,89,84,19,80,93,116,7,127" hai2="53,126,59,30,70,108,123,18,10,20,124,57,132" hai3="25,90,29,74,88,1,94,76,44,15,48,105,75"/><V32/><F70/><W2/><G105/><T40/><D113/><U60/><E127/><N who="2" m="48683" /><F123/><W119/><G119/><T28/><D134/><U83/><E104/><V47/><F10/><W63/><G90/><T111/><D131/><U129/><E129/><V27/><F132/><W71/><G15/><T72/><D72/><U8/><E116/><V99/><F108/><W112/><G112/><T128/><D128/><U9/><E61/><V46/><F99/><W120/><G120/><T115/><D111/><U73/><E73/><V13/><F59/><W125/><G125/><T79/><D115/><U16/><E19/><V69/><F69/><W14/><G14/><T95/><D35/><U121/><E121/><V101/><F101/><W50/><G50/><AGARI ba="0,0" hai="13,18,20,27,30,32,46,47,50,53,57" m="48683" machi="50" ten="30,1500,0" yaku="18,1" doraHai="92" who="2" fromWho="3" sc="214,0,199,0,219,15,368,-15" /><INIT seed="2,1,0,0,5,60" ten="214,199,234,353" oya="2" hai0="81,26,114,125,116,47,25,49,118,108,46,33,123" hai1="129,75,121,97,44,13,28,100,74,127,40,16,89" hai2="70,6,4,104,34,36,54,105,109,45,9,119,56" hai3="29,30,86,48,130,39,126,112,110,85,98,71,24"/><V76/><F119/><N who="0" m="45610" /><D114/><U63/><E129/><V14/><F34/><W42/><G110/><T88/><D123/><U50/><E121/><V115/><F115/><W64/><G126/><T12/><D108/><U1/><E1/><V55/><F109/><W124/><G124/><T0/><D0/><U107/><E127/><V52/><F70/><W2/><G2/><T38/><D125/><U78/><E28/><V32/><F32/><W95/><G30/><T135/><D135/><U8/><E78/><V99/><F6/><W35/><G39/><T66/><D66/><U18/><E18/><V3/><F3/><W92/><G130/><T20/><D33/><U5/><E5/><V120/><F120/><W21/><G35/><T67/><D67/><U51/><E51/><V53/><F76/><W84/><G98/><T23/><D38/><U72/><E89/><V132/><F99/><W93/><G112/><T11/><D47/><U83/><E83/><V31/><F31/><W131/><G131/><T122/><D122/><U58/><REACH who="1" step="1"/><E74/><REACH who="1" ten="214,189,234,353" step="2"/><V7/><F7/><W57/><G86/><N who="0" m="50255" /><D23/><U103/><E103/><V59/><F132/><W73/><G73/><T134/><D20/><U68/><E68/><V90/><F90/><W17/><G71/><T61/><D134/><U82/><E82/><V96/><F36/><W106/><G29/><T117/><D117/><U27/><E27/><V62/><F4/><W22/><G85/><T101/><D101/><U43/><E43/><V37/><F37/><W69/><G84/><T65/><D26/><U87/><E87/><V77/><F59/><RYUUKYOKU ba="1,1" sc="214,-10,189,30,234,-10,353,-10" hai1="8,13,16,40,44,50,58,63,72,75,97,100,107" /><INIT seed="3,2,1,3,1,77" ten="204,219,224,343" oya="3" hai0="111,46,119,115,129,61,18,9,53,122,60,100,41" hai1="90,14,79,121,24,43,42,21,72,20,62,82,59" hai2="102,50,74,94,126,116,112,86,96,85,113,2,47" hai3="89,55,52,27,128,81,114,65,5,101,44,91,26"/><W120/><G65/><T124/><D119/><U35/><E35/><V110/><F116/><W58/><G101/><T23/><D122/><U93/><E121/><V36/><F2/><W131/><G5/><T29/><D111/><U66/><E14/><V49/><F74/><W92/><G114/><T97/><D115/><U15/><E15/><V39/><F110/><W16/><G120/><T68/><D68/><U130/><E130/><V57/><F126/><W11/><G44/><T33/><D33/><U63/><E63/><N who="0" m="24137" /><D129/><U70/><E70/><V28/><F28/><W69/><G91/><T135/><D124/><U64/><E20/><V54/><F113/><W109/><G26/><N who="0" m="16607" /><D135/><U75/><E75/><V51/><F51/><W4/><G55/><T13/><D41/><U123/><E123/><V25/><F112/><W30/><G92/><N who="0" m="58407" /><D53/><U87/><E66/><V99/><F25/><W10/><G58/><T103/><D103/><U67/><E64/><V133/><F133/><W98/><G27/><T84/><D84/><N who="2" m="32362" /><F99/><W8/><G98/><T40/><D40/><U48/><E48/><V132/><F132/><W134/><G134/><T118/><D118/><U76/><E79/><V6/><F6/><W56/><G109/><T12/><D12/><U22/><E22/><V17/><F17/><AGARI ba="2,1" hai="17,21,24,42,43,59,62,67,72,76,82,87,90,93" machi="17" ten="30,2000,0" yaku="7,1,52,1" doraHai="77" who="1" fromWho="2" sc="204,0,219,36,224,-26,343,0" owari="204,-19.6,255,5.5,198,-30.2,343,44.3" /></mjloggm>