<mjloggm ver="2.3"><GO type="225" lobby="0"/><UN n0="%E3%81%B5%E3%81%98%E3%81%8B%E3%81%A4" n1="%E5%BA%97%E9%95%B7%4D" n2="%E3%83%A1%E3%82%AC%E3%83%87%E3%82%B8" n3="%E3%83%94%E3%83%B3%E3%82%B5%E3%83%AD%E5%BA%97%E5%93%A1" dan="16,16,16,16" rate="2124.23,2120.21,2061.08,2143.86" sx="M,M,F,M"/><TAIKYOKU oya="0"/><INIT seed="0,0,0,4,5,106" ten="250,250,250,250" oya="0" hai0="43,9,63,120,119,28,83,42,109,39,75,37,114" hai1="34,113,10,48,0,62,27,110,129,47,79,35,115" hai2="60,32,111,53,112,76,133,77,98,88,38,128,102" hai3="97,6,40,124,13,31,107,64,3,50,94,55,96"/><T45/><D120/><U57/><E110/><V23/><F32/><W123/><G3/><T24/><D119/><U15/><E0/><V19/><F112/><N who="1" m="43081" /><E79/><V91/><F38/><W105/><G123/><T49/><D114/><U134/><E27/><V126/><F111/><W100/><G124/><T131/><D109/><U101/><E101/><V116/><F126/><W18/><G6/><T85/><D131/><U132/><E129/><V82/><F128/><W26/><G40/><T5/><D63/><U67/><E34/><V103/><F77/><W89/><G64/><T61/><D61/><U21/><E21/><V54/><F133/><W86/><G97/><T66/><D66/><U22/><E22/><V108/><F108/><W117/><G117/><T135/><D135/><U95/><E95/><N who="2" m="56679" /><F91/><W56/><G26/><T121/><D121/><U29/><E29/><V84/><F116/><W68/><G31/><T122/><D122/><U73/><E73/><V72/><F72/><W118/><G68/><T93/><D75/><U125/><E35/><V44/><F44/><W65/><G65/><T8/><D93/><U70/><E125/><V4/><F4/><W20/><REACH who="3" step="1"/><G118/><REACH who="3" ten="250,250,250,240" step="2"/><T16/><D5/><N who="1" m="3535" /><E70/><V12/><F60/><W52/><G52/><AGARI ba="0,1" hai="47,48,52,57,62,67,132,134" m="3535,43081" machi="52" ten="30,2000,0" yaku="11,1,54,1" doraHai="106" who="1" fromWho="3" sc="250,0,250,30,250,0,240,-20" /><AGARI ba="0,0" hai="12,19,23,52,53,54,76,82,84,102,103" m="56679" machi="52" ten="30,3900,0" yaku="8,1,54,2" doraHai="106" who="2" fromWho="3" sc="250,0,280,0,250,39,220,-39" /><INIT seed="1,0,0,5,5,79" ten="250,280,289,181" oya="1" hai0="62,16,76,60,61,127,68,14,34,26,33,69,123" hai1="117,40,131,17,49,100,1,75,12,35,30,70,27" hai2="52,45,2,116,80,63,90,22,51,107,108,7,64" hai3="15,50,25,88,24,89,59,73,122,4,55,86,124"/><U103/><E117/><V81/><F116/><W125/><G73/><T95/><D127/><N who="3" m="48713" /><G122/><T82/><D123/><U37/><E1/><V78/><F107/><W106/><G106/><T21/><D95/><U126/><E75/><V94/><F108/><W98/><G98/><T57/><D57/><U42/><E126/><V96/><F78/><W111/><G89/><T9/><D34/><U120/><E70/><V20/><F7/><W115/><G115/><T105/><D33/><U113/><E120/><V99/><F99/><W38/><G38/><T48/><D48/><U66/><E66/><V87/><F2/><W101/><G101/><T77/><D77/><U128/><E113/><V13/><F13/><W85/><G85/><T36/><D36/><U0/><E0/><V97/><F96/><W29/><G111/><T110/><D105/><U10/><E49/><V104/><F104/><W134/><G134/><T112/><D112/><U109/><E109/><V118/><F118/><W83/><G29/><T41/><D41/><N who="1" m="15979" /><E37/><V92/><F63/><W119/><G119/><T121/><D121/><U72/><E72/><V135/><F135/><W133/><G133/><T130/><D130/><AGARI ba="0,0" hai="10,12,17,27,30,35,100,103,128,130,131" m="15979" machi="130" ten="30,1500,0" yaku="19,1" doraHai="79" who="1" fromWho="0" sc="250,-15,280,15,289,0,181,0" /><INIT seed="1,1,0,1,1,114" ten="235,295,289,181" oya="1" hai0="67,106,131,12,93,61,44,101,63,91,3,84,0" hai1="48,2,69,56,134,83,73,111,80,7,66,59,37" hai2="128,6,5,76,11,99,9,52,102,43,103,24,18" hai3="104,70,96,97,77,116,39,45,8,35,20,98,130"/><U132/><E37/><V53/><F128/><W74/><G35/><T15/><D131/><U112/><E112/><V92/><F43/><W40/><G130/><T51/><D15/><U23/><E111/><V115/><F115/><W82/><G70/><T117/><D117/><U28/><E7/><N who="2" m="2571" /><F76/><W123/><G123/><T17/><D106/><U14/><E2/><V78/><F78/><W71/><G71/><T105/><D101/><U31/><E73/><V129/><F103/><W90/><G8/><N who="2" m="3145" /><F129/><W13/><G104/><T25/><D25/><N who="1" m="16447" /><E14/><V64/><F64/><W125/><G125/><T108/><D63/><N who="1" m="38247" /><E31/><V33/><F33/><W87/><G13/><T85/><D108/><U29/><E29/><V30/><F30/><W57/><G20/><AGARI ba="1,0" hai="18,20,24,52,53,92,99,102" m="3145,2571" machi="20" ten="30,2000,0" yaku="8,1,54,1" doraHai="114" who="2" fromWho="3" sc="235,0,295,0,289,23,181,-23" /><INIT seed="2,0,0,4,5,125" ten="235,295,312,158" oya="2" hai0="20,29,130,49,12,79,18,127,73,16,11,4,41" hai1="64,67,86,104,133,17,126,93,120,21,71,45,32" hai2="108,22,107,112,123,75,121,97,124,35,116,14,15" hai3="43,85,114,2,92,68,113,8,10,53,72,84,1"/><V37/><RYUUKYOKU type="yao9" ba="0,0" sc="235,0,295,0,312,0,158,0" hai2="14,15,22,35,37,75,97,107,108,112,116,121,123,124" /><INIT seed="2,1,0,0,2,31" ten="235,295,312,158" oya="2" hai0="82,94,24,35,53,83,21,92,105,115,15,7,81" hai1="18,66,134,29,128,51,95,129,37,68,22,5,120" hai2="116,14,27,135,4,13,43,121,79,60,119,63,72" hai3="101,23,113,64,8,41,76,55,75,34,127,130,124"/><V109/><F121/><W56/><G130/><N who="1" m="50282" /><E37/><V19/><F135/><W57/><G113/><T99/><D115/><U103/><E134/><V11/><F43/><W122/><G122/><T54/><D35/><U28/><E120/><V3/><F79/><W110/><G110/><T111/><D111/><U123/><E123/><V102/><F102/><W49/><G101/><N who="0" m="60663" /><D105/><U44/><E5/><V104/><F72/><W36/><G23/><T98/><D15/><N who="2" m="5642" /><F63/><N who="3" m="37999" /><G8/><T38/><D7/><U58/><E58/><V40/><F60/><W118/><G76/><T32/><D32/><U78/><E66/><V108/><F40/><W131/><G75/><T97/><D38/><U65/><E65/><V73/><F73/><W117/><G34/><T74/><D74/><U114/><E78/><V91/><F91/><W45/><G131/><T107/><D107/><U77/><E77/><V0/><F104/><W26/><G26/><T52/><D92/><U61/><E61/><V17/><F0/><W71/><G71/><T46/><D46/><U42/><E68/><V9/><F116/><AGARI ba="1,0" hai="36,41,45,49,55,56,116,117,118,124,127" m="37999" machi="116" ten="30,2000,0" yaku="34,2" doraHai="31" who="3" fromWho="2" sc="235,0,295,0,312,-23,158,23" /><INIT seed="3,0,0,1,0,29" ten="235,295,289,181" oya="3" hai0="62,80,84,2,38,13,120,89,58,26,12,41,102" hai1="92,135,35,76,20,69,134,126,34,93,59,46,99" hai2="127,108,105,32,87,79,103,7,101,107,28,37,56" hai3="86,30,27,61,74,75,115,114,10,21,40,39,98"/><W31/><G39/><T42/><D120/><U81/><E69/><V36/><F56/><W88/><G40/><N who="0" m="15467" /><D2/><U22/><E46/><V121/><F121/><W123/><G123/><T8/><D38/><U50/><E50/><V6/><F79/><W119/><G119/><T118/><D118/><U125/><E59/><V68/><F87/><W122/><G122/><T110/><D110/><U16/><E22/><V100/><F68/><W52/><G31/><T78/><D102/><N who="1" m="60775" /><E93/><V83/><F101/><W18/><G75/><T124/><D124/><N who="1" m="47723" /><E81/><V23/><F28/><W109/><G74/><T90/><D26/><N who="1" m="14599" /><E76/><V14/><F23/><W57/><G109/><T45/><D45/><U130/><E130/><V72/><F72/><W24/><G98/><T9/><D13/><U44/><E44/><V1/><F14/><W47/><G47/><T85/><D85/><U64/><E64/><V25/><F127/><W131/><G131/><T63/><D63/><U70/><E70/><V55/><F25/><W117/><G117/><T91/><D12/><U3/><E3/><V48/><F1/><W94/><G10/><T116/><D116/><U54/><E54/><AGARI ba="0,0" hai="8,9,54,58,62,78,80,84,89,90,91" m="15467" machi="54" ten="30,1000,0" yaku="8,1" doraHai="29" who="0" fromWho="1" sc="235,10,295,-10,289,0,181,0" /><INIT seed="4,0,0,5,4,38" ten="245,285,289,181" oya="0" hai0="54,93,1,46,42,111,71,0,29,53,98,81,134" hai1="30,60,132,103,4,19,22,92,91,94,122,76,47" hai2="55,82,126,18,108,121,49,61,83,34,131,100,3" hai3="80,39,17,86,85,124,118,9,84,127,66,101,52"/><T36/><D71/><U45/><E122/><V59/><F121/><W48/><G118/><T135/><D29/><U15/><E132/><N who="0" m="50729" /><D81/><U8/><E76/><V112/><F108/><W43/><G66/><T50/><D111/><U95/><E103/><V35/><F3/><N who="0" m="1098" /><D36/><U14/><E30/><V129/><F112/><W12/><G101/><AGARI ba="0,0" hai="42,46,50,53,54,93,98,101" m="1098,50729" machi="101" ten="30,2900,0" yaku="20,1,52,1" doraHai="38" who="0" fromWho="3" sc="245,29,285,0,289,0,181,-29" /><INIT seed="4,1,0,4,5,90" ten="274,285,289,152" oya="0" hai0="58,99,14,72,68,133,86,64,76,6,134,120,60" hai1="91,1,115,125,123,66,116,132,107,62,67,119,24" hai2="74,110,102,54,127,122,46,105,16,36,126,112,81" hai3="83,40,108,44,7,118,39,51,32,15,50,101,12"/><T38/><D120/><U69/><E107/><V23/><F110/><W48/><G108/><T18/><D38/><U13/><E1/><V35/><F35/><W47/><G118/><T52/><D6/><U53/><E123/><V98/><F122/><W117/><G117/><T71/><D72/><U88/><E67/><V34/><F34/><W79/><G32/><T65/><D99/><U87/><E115/><V114/><F81/><W70/><G70/><N who="0" m="26667" /><D86/><U42/><E42/><N who="2" m="22855" /><F54/><W103/><G47/><T135/><D76/><U9/><E91/><V4/><F4/><W49/><N who="3" m="12288" /><DORA hai="56" /><W0/><G0/><T10/><AGARI ba="1,0" hai="10,14,18,52,58,60,64,65,133,134,135" m="26667" machi="10" ten="40,7800,0" yaku="20,1,52,1,54,1" doraHai="90,56" who="0" fromWho="0" sc="274,81,285,-27,289,-27,152,-27" owari="355,45.5,258,-14.2,262,6.2,125,-37.5" /></mjloggm>