<mjloggm ver="2.3"><GO type="225" lobby="0"/><UN n0="%E8%B6%85%E7%B4%9A%E9%B3%B3%E5%87%B0" n1="%E3%82%BC%E3%83%AB%E3%83%80%E3%81%AE%E4%BC%9D%E8%AA%AC" n2="%E7%99%BD%E6%97%A5%E9%9B%AA%E8%8F%9C" n3="%E3%82%B2%E3%82%B9%E8%8C%82%E5%8B%9D" dan="16,17,16,16" rate="2124.26,2155.11,2144.81,2083.05" sx="M,M,M,F"/><TAIKYOKU oya="0"/><INIT seed="0,0,0,3,1,75" ten="250,250,250,250" oya="0" hai0="84,57,119,46,135,109,16,85,97,74,101,15,43" hai1="72,52,8,114,68,47,19,93,92,36,133,95,81" hai2="34,13,129,108,78,89,29,82,55,54,21,98,77" hai3="1,0,30,76,37,11,63,23,103,53,130,122,118"/><T64/><D119/><U5/><E68/><V124/><F108/><W83/><G118/><T26/><D74/><U106/><E106/><V121/><F121/><W110/><G110/><T10/><D109/><U67/><E67/><V62/><F34/><W102/><G37/><T132/><D26/><U113/><E133/><N who="0" m="51273" /><D57/><U115/><E19/><N who="2" m="10479" /><F29/><W126/><G122/><T88/><D64/><U73/><E81/><V71/><F71/><W39/><G39/><T105/><D88/><U27/><E27/><V32/><F32/><W127/><G130/><T60/><D60/><U40/><REACH who="1" step="1"/><E52/><REACH who="1" ten="250,240,250,250" step="2"/><V7/><F54/><W117/><G117/><T33/><D33/><U111/><E111/><V35/><F55/><W65/><G53/><T96/><D96/><U58/><E58/><V86/><F98/><W56/><G65/><T112/><D112/><U38/><E38/><AGARI ba="0,1" hai="10,15,16,38,43,46,84,85,97,101,105" m="51273" machi="38" ten="30,2900,0" yaku="20,1,54,1" doraHai="75" who="0" fromWho="1" sc="250,39,240,-29,250,0,250,0" /><INIT seed="0,1,0,0,3,63" ten="289,211,250,250" oya="0" hai0="38,109,6,34,122,99,103,77,0,118,24,123,100" hai1="1,21,97,32,54,117,59,79,11,125,89,30,8" hai2="4,13,105,9,68,82,37,19,114,66,16,134,104" hai3="61,93,64,17,44,121,73,50,40,15,120,132,135"/><T101/><D118/><U10/><E117/><V26/><F114/><W76/><G93/><T88/><D38/><U94/><E125/><V111/><F37/><W133/><G76/><T46/><D109/><U12/><E32/><V91/><F111/><W128/><G73/><T39/><D77/><U130/><E130/><V5/><F134/><W33/><G33/><T69/><D69/><U96/><E79/><V90/><F68/><N who="3" m="41999" /><G128/><T107/><D0/><U80/><E1/><V48/><F48/><W116/><G116/><T92/><D6/><U81/><E97/><V86/><F66/><W95/><G95/><T102/><D39/><U74/><E74/><V2/><F2/><W126/><G126/><T18/><D46/><U70/><E70/><V65/><F65/><W53/><G40/><T25/><D18/><N who="1" m="10439" /><E30/><V43/><F43/><W42/><G42/><T83/><D83/><U106/><E106/><V28/><F19/><W22/><AGARI ba="1,0" hai="15,17,22,44,50,53,120,121,132,133,135" m="41999" machi="22" ten="40,2700,0" yaku="20,1,52,1" doraHai="63" who="3" fromWho="3" sc="289,-14,211,-8,250,-8,250,30" /><INIT seed="1,0,0,2,2,63" ten="275,203,242,280" oya="1" hai0="60,37,15,14,112,40,12,29,0,97,133,129,70" hai1="113,108,134,5,34,83,64,86,67,69,38,57,77" hai2="85,80,81,55,103,123,73,24,23,48,90,50,121" hai3="100,4,56,43,111,42,74,96,131,54,99,88,13"/><U93/><E113/><V65/><F103/><W21/><G111/><T68/><D112/><U89/><E108/><V47/><F65/><N who="1" m="25161" /><E69/><V122/><F73/><W59/><G74/><T62/><D0/><U79/><E38/><V95/><REACH who="2" step="1"/><F50/><REACH who="2" ten="275,203,232,280" step="2"/><W3/><G131/><T71/><D129/><U31/><E134/><V8/><F8/><N who="3" m="4231" /><G3/><T104/><D133/><U39/><E39/><V82/><F82/><W102/><G100/><T116/><D37/><U120/><E120/><V115/><F115/><W105/><G102/><T51/><D51/><U101/><E34/><V125/><F125/><W9/><G105/><T130/><D104/><U66/><E5/><V98/><F98/><W32/><G32/><T16/><D130/><U44/><E31/><AGARI ba="0,1" hai="23,24,31,47,48,55,80,81,85,90,95,121,122,123" machi="31" ten="40,8000,1" yaku="1,1,53,3" doraHai="63" doraHaiUra="119" who="2" fromWho="1" sc="275,0,203,-80,232,90,280,0" /><INIT seed="2,0,0,3,0,87" ten="275,123,322,280" oya="2" hai0="69,16,131,39,89,94,88,70,83,84,51,55,23" hai1="86,21,91,31,135,48,121,133,93,81,46,126,68" hai2="20,97,117,43,47,12,122,5,60,41,63,120,115" hai3="45,59,109,112,80,82,99,62,57,17,73,104,36"/><V13/><F115/><W65/><G112/><T130/><D39/><U38/><E38/><V101/><F117/><W118/><G118/><T134/><D134/><U79/><E68/><V102/><F20/><W14/><G109/><T110/><D110/><U26/><E126/><V42/><F47/><W52/><G73/><T111/><D111/><U72/><REACH who="1" step="1"/><E121/><REACH who="1" ten="275,113,322,280" step="2"/><V129/><F122/><W75/><G36/><T61/><D69/><U0/><E0/><V58/><F120/><W92/><G104/><T54/><D70/><U19/><E19/><V10/><F129/><N who="0" m="49162" /><D51/><U85/><E85/><V78/><F5/><W125/><G125/><T64/><D61/><U123/><E123/><V7/><F63/><N who="3" m="36263" /><G75/><T96/><D64/><U32/><E32/><V77/><F60/><W119/><G119/><T34/><D34/><U113/><E113/><V49/><F7/><W53/><G65/><T132/><D132/><U4/><E4/><V67/><F67/><W114/><G114/><T40/><D40/><AGARI ba="0,1" hai="21,26,31,40,46,48,72,79,81,86,91,93,133,135" machi="40" ten="40,2600,0" yaku="1,1,52,1,53,0" doraHai="87" doraHaiUra="3" who="1" fromWho="0" sc="275,-26,113,36,322,0,280,0" /><INIT seed="3,0,0,3,0,42" ten="249,149,322,280" oya="3" hai0="27,135,34,65,20,12,10,122,21,104,59,129,77" hai1="39,120,53,92,0,7,124,132,3,5,33,125,112" hai2="131,36,83,106,40,99,113,58,85,19,17,117,102" hai3="51,114,100,11,94,56,91,89,110,6,32,4,41"/><W52/><G114/><T14/><D122/><U18/><E92/><V72/><F113/><W2/><G110/><T23/><D104/><U45/><E112/><V121/><F117/><W123/><G123/><T26/><D129/><U54/><E120/><V101/><F121/><W76/><G32/><T25/><D77/><U1/><E33/><V61/><F131/><W109/><G109/><T81/><D81/><U37/><E18/><V50/><F36/><W119/><G119/><T82/><D82/><U69/><E69/><V97/><F72/><W116/><G116/><T57/><D135/><U31/><E31/><V134/><F134/><W15/><G76/><T84/><D84/><U66/><E66/><N who="2" m="39223" /><F106/><W28/><G28/><N who="0" m="19727" /><D65/><U115/><E115/><V90/><F40/><W118/><G118/><T130/><D59/><U22/><E3/><V127/><F127/><W29/><G29/><N who="0" m="17607" /><D57/><U98/><E132/><V13/><F50/><W93/><G41/><T87/><D87/><U73/><E22/><N who="0" m="8201" /><D130/><U88/><E73/><V74/><F74/><W24/><G100/><T35/><D10/><U70/><E70/><V68/><F68/><W62/><G62/><T107/><D107/><U47/><E98/><V111/><F99/><W103/><G103/><T46/><D46/><U16/><E16/><V126/><F19/><W55/><G93/><T75/><D75/><U60/><E60/><V96/><F102/><W9/><G94/><T95/><D95/><U67/><E67/><V63/><F63/><W44/><G11/><T133/><D133/><U79/><E79/><V108/><F101/><RYUUKYOKU ba="0,0" sc="249,15,149,15,322,-15,280,-15" hai0="12,14,27,35" hai1="0,1,5,7,37,39,45,47,53,54,88,124,125" owari="264,-13.6,164,-33.6,307,40.7,265,6.5" /></mjloggm>