<mjloggm ver="2.3"><GO type="225" lobby="0"/><UN n0="%E3%81%BF%E3%81%BF%E3%81%9A" n1="%72%69%6F%75%63%68%61%6E" n2="%72%61%6B%33" n3="%6D%75%75%6D%75%72%61" dan="16,17,16,16" rate="2149.72,2219.79,2159.28,2136.63" sx="M,M,M,F"/><TAIKYOKU oya="0"/><INIT seed="0,0,0,5,5,32" ten="250,250,250,250" oya="0" hai0="73,19,119,68,88,39,17,116,84,128,129,13,51" hai1="47,117,31,48,28,21,96,106,50,6,25,120,26" hai2="11,112,16,86,118,61,24,40,97,36,5,33,79" hai3="67,27,133,58,65,93,110,122,75,14,101,74,123"/><T72/><D39/><U37/><E117/><N who="0" m="45129" /><D68/><U9/><E120/><N who="3" m="46122" /><G110/><T104/><D51/><U115/><E115/><V71/><F118/><W15/><G133/><T56/><D56/><U77/><E77/><V131/><F112/><W52/><G27/><T125/><D13/><N who="3" m="4617" /><G101/><T41/><D41/><U44/><E106/><V12/><F131/><N who="0" m="50250" /><D104/><U46/><E96/><V43/><F36/><W100/><G100/><T53/><D53/><U78/><E78/><V99/><F79/><W8/><G93/><N who="0" m="54407" /><D125/><U59/><E37/><V98/><F43/><W87/><G8/><T109/><D109/><U83/><E83/><V91/><F40/><W124/><G124/><T80/><D80/><U69/><E69/><V38/><F71/><W29/><G29/><T127/><D127/><U76/><E76/><V2/><F38/><W130/><G130/><T108/><D108/><U111/><E111/><V134/><F11/><W82/><G82/><T126/><D126/><U49/><E59/><V90/><F12/><W89/><G67/><T7/><D7/><U92/><E92/><V4/><F4/><W103/><G65/><T55/><D55/><U94/><E94/><V57/><F5/><W54/><G103/><T1/><D1/><N who="1" m="207" /><E47/><V102/><F102/><W105/><G105/><T20/><D20/><N who="1" m="15399" /><E44/><V42/><F57/><W22/><G54/><T64/><D64/><U95/><E95/><V35/><F98/><W121/><G121/><T63/><D63/><U23/><E21/><V132/><F97/><W18/><G89/><N who="2" m="33801" /><F99/><W66/><G66/><T60/><D60/><U45/><AGARI ba="0,0" hai="23,26,31,45,46,48,49,50" m="15399,207" machi="45" ten="30,2000,0" yaku="5,1,52,1" doraHai="32" who="1" fromWho="1" sc="250,-10,250,20,250,-5,250,-5" /><INIT seed="1,0,0,4,4,65" ten="240,270,245,245" oya="1" hai0="82,63,49,74,121,68,66,43,72,96,113,114,56" hai1="110,48,44,19,69,129,126,30,39,37,54,84,105" hai2="59,10,36,93,0,14,42,64,57,73,97,24,80" hai3="134,20,45,102,94,12,120,61,70,60,18,90,131"/><U3/><E126/><V132/><F132/><W58/><G120/><T128/><D121/><U28/><E129/><V35/><F64/><W11/><G131/><T98/><D128/><U52/><E105/><V87/><F73/><W123/><G123/><T130/><D130/><U135/><E135/><V53/><F0/><W78/><G134/><T77/><D74/><U62/><E3/><V33/><F42/><W38/><G102/><T89/><D89/><U117/><E117/><V122/><F36/><W111/><G111/><T79/><D79/><U34/><E110/><V100/><F122/><W83/><G70/><T86/><D72/><U108/><E108/><V103/><F103/><W91/><G78/><T119/><D119/><U16/><E84/><V41/><F41/><W7/><G83/><T125/><D125/><U6/><E6/><V85/><F24/><W133/><G133/><T25/><D25/><U17/><E34/><V1/><F1/><W106/><G106/><T127/><D127/><U4/><E4/><V8/><F87/><W116/><G116/><T124/><D124/><U32/><E32/><V27/><F27/><W21/><G7/><T46/><REACH who="0" step="1"/><D56/><REACH who="0" ten="230,270,245,245" step="2"/><N who="1" m="35079" /><E69/><V55/><F59/><W95/><G58/><T50/><D50/><N who="1" m="28999" /><E37/><V40/><F57/><W29/><G38/><T13/><D13/><U81/><E39/><V104/><F14/><W75/><G75/><T26/><D26/><U9/><E48/><V109/><F33/><W67/><G60/><T71/><D71/><U112/><E112/><AGARI ba="0,1" hai="43,46,49,63,66,68,77,82,86,96,98,112,113,114" machi="112" ten="40,2600,0" yaku="1,1,52,1,53,0" doraHai="65" doraHaiUra="31" who="0" fromWho="1" sc="230,36,270,-26,245,0,245,0" /><INIT seed="2,0,0,1,0,10" ten="266,244,245,245" oya="2" hai0="94,68,127,76,82,67,42,135,54,75,86,74,116" hai1="71,12,95,29,84,128,99,52,16,133,103,21,123" hai2="58,115,5,91,88,8,61,121,119,36,44,90,15" hai3="122,35,132,72,14,56,40,66,51,93,1,130,65"/><V32/><F119/><W79/><G122/><T62/><D116/><U81/><E71/><V48/><F121/><W27/><G1/><T34/><D34/><U57/><E123/><V110/><F32/><W100/><G130/><T23/><D127/><U28/><E128/><V69/><F115/><W7/><G132/><T120/><D120/><U102/><E102/><V17/><F110/><W18/><G72/><T37/><D135/><U13/><E13/><N who="2" m="5263" /><F69/><W59/><G79/><T26/><D54/><U78/><E133/><V2/><F2/><W53/><G40/><T104/><D104/><U19/><E19/><V9/><F36/><W113/><G113/><T50/><D37/><U64/><E64/><N who="3" m="24682" /><G35/><T106/><D106/><U55/><E55/><N who="2" m="34015" /><F91/><W114/><G114/><T41/><D75/><U73/><E73/><V77/><F77/><W70/><G70/><T109/><D109/><U117/><E117/><V118/><F118/><W43/><G43/><AGARI ba="0,0" hai="9,15,17,43,44,48,88,90" m="34015,5263" machi="43" ten="30,11600,0" yaku="8,1,52,2,54,1" doraHai="10" who="2" fromWho="3" sc="266,0,244,0,245,116,245,-116" /><INIT seed="2,1,0,3,2,38" ten="266,244,361,129" oya="2" hai0="6,68,54,83,52,101,64,67,41,29,26,10,18" hai1="11,118,95,58,125,91,9,42,74,107,134,4,61" hai2="81,135,72,69,49,75,63,16,22,94,57,8,102" hai3="23,17,103,66,20,130,96,85,116,27,37,105,60"/><V78/><F135/><W45/><G130/><T36/><D101/><U40/><E118/><V48/><F69/><W99/><G116/><T1/><D83/><U119/><E119/><V100/><F75/><W84/><G96/><T73/><D73/><U46/><E107/><V2/><F8/><W115/><G115/><T33/><D18/><U86/><E74/><V90/><F2/><W121/><G121/><T76/><D76/><U122/><E134/><V14/><F100/><W113/><G113/><T56/><D68/><U34/><E34/><V123/><F102/><W129/><G129/><T50/><REACH who="0" step="1"/><D54/><REACH who="0" ten="256,244,361,129" step="2"/><U88/><E122/><V62/><F123/><W82/><G82/><T98/><D98/><N who="1" m="57703" /><E125/><V133/><F133/><W21/><G85/><T55/><D55/><N who="1" m="34015" /><E46/><AGARI ba="1,1" hai="1,6,10,26,29,33,36,41,46,50,52,56,64,67" machi="46" ten="40,8000,1" yaku="1,1,52,1,54,1,53,1" doraHai="38" doraHaiUra="47" who="0" fromWho="1" sc="256,93,244,-83,361,0,129,0" /><INIT seed="3,0,0,0,2,96" ten="349,161,361,129" oya="3" hai0="88,79,72,54,83,124,10,27,105,43,50,13,94" hai1="93,20,5,35,118,70,2,132,129,68,92,104,77" hai2="74,111,65,135,36,130,39,64,53,40,84,42,38" hai3="67,51,112,121,89,29,45,99,108,128,28,78,115"/><W63/><G121/><T102/><D43/><N who="2" m="16426" /><F84/><W87/><G128/><T69/><D69/><U86/><E5/><V97/><F97/><W37/><G37/><T66/><D66/><N who="2" m="25706" /><F74/><W107/><G108/><T123/><D123/><U14/><E132/><V15/><F15/><W81/><G112/><T131/><D124/><U32/><E118/><V31/><F31/><W55/><G115/><T113/><D113/><U114/><E129/><V103/><F103/><W71/><REACH who="3" step="1"/><G78/><REACH who="3" ten="349,161,361,119" step="2"/><T44/><D131/><U60/><E114/><V119/><F130/><W52/><G52/><T30/><D54/><U4/><E77/><V134/><F111/><W6/><G6/><T25/><D79/><U98/><E4/><V49/><F119/><W21/><G21/><T17/><D10/><U82/><E20/><V57/><AGARI ba="0,1" hai="36,38,39,49,53,57,134,135" m="25706,16426" machi="57" ten="40,2700,0" yaku="34,2" doraHai="96" who="2" fromWho="2" sc="349,-7,161,-7,361,37,119,-13" owari="342,14.2,154,-24.6,398,49.8,106,-39.4" /></mjloggm>