<mjloggm ver="2.3"><GO type="225" lobby="0"/><UN n0="%E3%81%9F%E3%81%8B%E3%80%82" n1="%6D%75%75%73%61%6E%6D%75" n2="%E3%81%AE%E3%81%AA%E3%82%81%E3%83%BC%E3%82%93" n3="%E6%B4%BE%E9%81%A3%E3%81%AE%E3%82%B8%E3%83%A3%E3%83%83%E3%82%AF" dan="16,17,16,17" rate="2071.31,2165.43,2092.78,2197.39" sx="M,F,M,M"/><TAIKYOKU oya="0"/><INIT seed="0,0,0,3,1,98" ten="250,250,250,250" oya="0" hai0="129,64,134,117,132,36,109,14,96,127,78,48,57" hai1="50,10,27,43,102,63,39,29,116,97,25,91,111" hai2="7,54,118,131,74,17,55,95,73,42,80,9,59" hai3="92,58,49,6,115,51,5,24,15,107,121,66,28"/><T108/><D36/><U11/><E116/><V82/><F118/><W19/><G107/><T128/><D117/><U12/><E39/><V3/><F131/><N who="0" m="50250" /><D78/><U106/><E111/><N who="0" m="42569" /><D96/><U1/><E63/><V35/><F35/><W2/><G115/><T90/><D90/><U94/><E1/><V119/><F119/><W18/><G121/><T38/><D38/><U16/><E10/><V104/><F104/><W52/><G2/><T61/><D14/><U99/><REACH who="1" step="1"/><E29/><REACH who="1" ten="250,240,250,250" step="2"/><V122/><F3/><W135/><G28/><T26/><D26/><U71/><E71/><V45/><F122/><W47/><G24/><T93/><D93/><U21/><E21/><V20/><F95/><W101/><G15/><T76/><D76/><U105/><E105/><V53/><F20/><W67/><G92/><T89/><D89/><U56/><E56/><V113/><F59/><W72/><G58/><N who="0" m="36919" /><D127/><U81/><E81/><V13/><F82/><W68/><G68/><T83/><D83/><U88/><E88/><V30/><F80/><W40/><G72/><T126/><D126/><U125/><E125/><V23/><F74/><W32/><G32/><T77/><D77/><U75/><E75/><V87/><F73/><W8/><G8/><T130/><N who="0" m="50258" /><T112/><DORA hai="44" /><D112/><U100/><E100/><V70/><F9/><W31/><G101/><T4/><D4/><U85/><E85/><V0/><F7/><W41/><G5/><T37/><D37/><U133/><E133/><N who="0" m="51305" /><D57/><U86/><E86/><V22/><F113/><W110/><G135/><T84/><D84/><U120/><E120/><RYUUKYOKU ba="0,1" sc="250,15,240,15,250,-15,250,-15" hai0="48" hai1="11,12,16,25,27,43,50,91,94,97,99,102,106" /><INIT seed="0,1,1,5,4,2" ten="265,255,235,235" oya="0" hai0="61,43,67,87,84,100,22,85,127,72,113,77,65" hai1="13,8,121,71,88,30,12,103,52,50,122,23,58" hai2="57,45,97,80,46,9,60,76,73,108,129,120,56" hai3="82,125,34,39,7,25,29,134,40,31,33,18,124"/><T123/><D113/><U68/><E103/><V92/><F120/><W20/><G82/><T11/><D123/><U115/><E115/><V5/><F108/><W42/><G134/><T44/><D127/><N who="3" m="48713" /><G7/><T102/><D72/><U135/><E135/><V116/><F129/><W21/><G39/><T14/><D22/><N who="3" m="8809" /><G18/><T104/><D77/><U49/><E121/><V89/><F116/><W47/><G47/><T119/><D119/><U93/><E122/><V128/><F128/><W132/><G132/><T19/><D104/><U117/><E117/><V6/><F6/><W112/><G112/><T91/><D91/><U24/><E49/><V62/><F62/><W63/><G63/><T114/><D114/><U26/><E26/><AGARI ba="1,1" hai="25,26,29,31,33,34,40,42" m="8809,48713" machi="26" ten="30,1000,0" yaku="18,1" doraHai="2" who="3" fromWho="1" sc="265,0,255,-13,235,0,235,23" /><INIT seed="1,0,0,3,0,65" ten="265,242,235,258" oya="1" hai0="91,41,89,15,52,51,119,104,123,107,3,127,112" hai1="55,44,134,97,121,118,16,109,106,70,19,71,26" hai2="37,4,14,92,122,38,120,50,62,110,135,103,27" hai3="80,24,13,57,35,21,126,102,6,111,40,132,36"/><U76/><E118/><V12/><F110/><W8/><G111/><T39/><D119/><U5/><E109/><V67/><F135/><W78/><G132/><T29/><D3/><U30/><E134/><V88/><F103/><W84/><G126/><T28/><D127/><U23/><E121/><V129/><F129/><W98/><G35/><T99/><D112/><U124/><E124/><V9/><F14/><W113/><G113/><T20/><D123/><U2/><E76/><V115/><F115/><W60/><G36/><T86/><D91/><U1/><E106/><V58/><F27/><W101/><G40/><T61/><D39/><U68/><E97/><V73/><F73/><W83/><G83/><T77/><D77/><U131/><E131/><V66/><F66/><N who="3" m="39183" /><G98/><T74/><D74/><U32/><E5/><V59/><F122/><W33/><G33/><T64/><D41/><U96/><E96/><V90/><F90/><W94/><G94/><T43/><D43/><U108/><E108/><V34/><F34/><W93/><G93/><T81/><D99/><U17/><REACH who="1" step="1"/><E32/><REACH who="1" ten="265,232,235,258" step="2"/><V95/><F120/><W0/><G0/><T114/><D114/><U72/><E72/><V116/><F116/><W47/><G101/><T48/><D107/><U46/><E46/><V69/><F37/><W79/><G47/><T133/><D104/><U49/><AGARI ba="0,1" hai="1,2,16,17,19,23,26,30,44,49,55,68,70,71" machi="49" ten="40,18000,2" yaku="1,1,0,1,52,3,54,1,53,1" doraHai="65" doraHaiUra="25" who="1" fromWho="1" sc="265,-60,232,190,235,-60,258,-60" /><INIT seed="1,1,0,4,4,77" ten="205,422,175,198" oya="1" hai0="21,64,115,132,56,13,134,98,36,22,101,72,79" hai1="133,106,11,129,46,76,94,81,8,78,135,95,89" hai2="70,20,19,57,49,33,103,7,113,122,82,44,124" hai3="96,3,52,105,112,130,127,66,12,121,23,63,73"/><U54/><E106/><V80/><F122/><W43/><G121/><T35/><D36/><U84/><E129/><V48/><F70/><W38/><G3/><T83/><D35/><U10/><E46/><V71/><F71/><W1/><G1/><T31/><D115/><U97/><E54/><V15/><F33/><W111/><G112/><T28/><D13/><U65/><E65/><V93/><F124/><W0/><G0/><T126/><D126/><U117/><E117/><V27/><F113/><W45/><G73/><T16/><D22/><U114/><E114/><V17/><F7/><W125/><G111/><T131/><D131/><U4/><E95/><V42/><F57/><W59/><G130/><T102/><D102/><U67/><E67/><V87/><F49/><W75/><G75/><T5/><D5/><U91/><E4/><V110/><F110/><W68/><G96/><T51/><D134/><AGARI ba="1,0" hai="8,10,11,76,78,81,84,89,91,94,97,133,134,135" machi="134" ten="40,3900,0" yaku="20,1,52,1" doraHai="77" who="1" fromWho="0" sc="205,-42,422,42,175,0,198,0" /><INIT seed="1,2,0,4,1,90" ten="163,464,175,198" oya="1" hai0="74,111,7,61,40,89,34,114,43,127,91,57,30" hai1="53,23,48,102,128,22,110,79,126,131,50,88,82" hai2="15,104,11,117,21,93,55,118,77,96,14,97,130" hai3="109,33,75,100,27,38,85,121,72,106,51,84,115"/><U66/><E126/><V31/><F130/><N who="1" m="49705" /><E102/><V52/><F77/><W44/><G38/><T70/><D74/><N who="1" m="43383" /><E66/><V122/><F122/><W25/><G121/><T86/><D114/><U19/><E110/><V5/><F104/><W94/><G109/><T3/><D70/><U63/><E63/><V83/><F83/><W42/><G115/><T41/><D111/><U101/><E101/><V20/><F11/><W120/><G120/><T32/><D127/><U113/><E113/><V116/><F116/><W112/><G112/><T12/><D3/><U81/><E19/><V105/><F105/><W98/><G72/><T76/><D30/><U129/><E129/><V18/><F18/><W133/><G75/><T71/><D71/><U47/><E50/><V24/><F31/><W36/><G36/><T35/><D7/><U135/><E135/><V124/><F5/><W28/><G133/><T13/><D13/><U134/><E134/><V1/><F1/><W107/><G107/><T108/><D12/><U95/><E81/><V49/><F49/><W87/><G27/><T37/><D37/><U59/><E59/><V45/><F24/><W80/><REACH who="3" step="1"/><G106/><REACH who="3" ten="163,464,175,188" step="2"/><T78/><D108/><U125/><E125/><V73/><F73/><W64/><G64/><T92/><REACH who="0" step="1"/><D91/><AGARI ba="2,1" hai="25,28,33,42,44,51,80,84,85,87,91,94,98,100" machi="91" ten="30,3900,0" yaku="1,1,7,1,52,1,53,0" doraHai="90" doraHaiUra="16" who="3" fromWho="0" sc="163,-45,464,0,175,0,188,55" /><INIT seed="2,0,0,4,3,118" ten="118,464,175,243" oya="2" hai0="123,31,81,0,111,91,62,124,130,57,89,83,133" hai1="32,103,30,65,28,44,126,21,122,112,49,5,78" hai2="36,11,58,23,52,43,107,114,25,4,100,104,50" hai3="16,72,41,45,92,74,13,135,17,79,109,33,2"/><V77/><F114/><W59/><G2/><T22/><D0/><U39/><E112/><V55/><F77/><W12/><G33/><T7/><D7/><U88/><E39/><V93/><F36/><W24/><G109/><T47/><D111/><U3/><E32/><V53/><F43/><W110/><G110/><T90/><D130/><U120/><E78/><V115/><F115/><W105/><G105/><T56/><D133/><U64/><E126/><V98/><F104/><W131/><G24/><T18/><D124/><U101/><E5/><V121/><F121/><N who="1" m="46697" /><E3/><V134/><F107/><W40/><G131/><T71/><D31/><N who="1" m="11819" /><E88/><N who="0" m="22529" /><T19/><DORA hai="70" /><D47/><U27/><E21/><V94/><F134/><W117/><G45/><T54/><D71/><U119/><E27/><V125/><F125/><W60/><G79/><T69/><D69/><U106/><E119/><V102/><F23/><W51/><G117/><T99/><D123/><U128/><E128/><V84/><F25/><W76/><G76/><T85/><D22/><U75/><E75/><V46/><F46/><W20/><G135/><T129/><D129/><U38/><E38/><V87/><F4/><W86/><G20/><T97/><D83/><U80/><E80/><V113/><F113/><W63/><G12/><T34/><D34/><U116/><E116/><V1/><F1/><W42/><G13/><T14/><D14/><U48/><E106/><V29/><F29/><W26/><G26/><T73/><D73/><U82/><E82/><V68/><F68/><W8/><G72/><T127/><D127/><U37/><E37/><RYUUKYOKU ba="0,0" sc="118,0,464,0,175,0,243,0" /><INIT seed="3,1,0,3,3,86" ten="118,464,175,243" oya="3" hai0="91,88,21,131,16,37,110,99,71,13,53,127,29" hai1="40,123,103,57,27,74,55,126,125,36,132,64,25" hai2="48,58,38,129,5,78,7,15,83,54,72,80,42" hai3="111,118,20,93,85,104,77,79,24,52,8,63,47"/><W11/><G104/><T106/><D71/><U94/><E123/><V81/><F129/><W121/><G121/><T62/><D37/><U105/><E105/><V115/><F115/><W17/><G118/><T128/><D127/><N who="1" m="48651" /><E74/><V50/><F38/><W112/><G112/><T44/><D110/><U32/><E132/><V45/><F5/><W75/><G75/><T87/><D29/><U1/><E1/><V109/><F109/><W92/><G111/><T46/><D106/><U135/><E135/><V84/><F72/><W70/><G70/><T12/><D12/><U113/><E113/><V2/><F2/><W100/><G100/><T51/><D62/><N who="1" m="37967" /><E32/><V39/><F39/><W117/><G117/><T22/><D22/><U116/><E116/><V124/><F124/><W66/><G66/><T0/><D0/><U122/><E122/><V33/><F33/><W65/><G65/><T69/><D69/><U23/><E55/><V130/><F130/><N who="0" m="49706" /><D99/><N who="1" m="59895" /><E23/><V28/><F28/><W4/><G20/><T60/><D60/><U120/><E120/><V68/><F68/><W30/><G63/><T18/><D18/><U19/><E19/><V82/><F15/><W10/><G17/><T49/><D87/><U96/><E96/><V107/><F7/><W119/><G4/><T134/><D134/><U98/><E98/><V59/><F107/><W90/><G119/><T73/><D73/><U56/><E36/><V43/><F84/><N who="3" m="52295" /><G30/><T26/><D26/><N who="1" m="9739" /><E40/><AGARI ba="1,0" hai="13,16,21,40,44,46,49,51,53,88,91" m="49706" machi="40" ten="30,8000,1" yaku="19,1,52,2,54,2" doraHai="86" who="0" fromWho="1" sc="118,83,464,-83,175,0,243,0" owari="201,-19.9,381,48.1,175,-32.5,243,4.3" /></mjloggm>