<mjloggm ver="2.3"><GO type="225" lobby="0"/><UN n0="%70%65%6E%74%6F%6C%61" n1="%E7%89%B9%E6%9D%B1%E5%96%B0%E8%B5%A4%E9%80%9F" n2="%E5%8D%A0%E3%81%84%E5%B8%AB%E8%A3%8F%E3%81%AA%E3%81%84%E3%81%97" n3="%E5%86%B7%E5%87%8D%E3%82%AE%E3%83%A7%E3%83%BC%E3%82%B6" dan="16,16,17,17" rate="2157.01,2077.02,2205.12,2197.72" sx="M,M,M,M"/><TAIKYOKU oya="0"/><INIT seed="0,0,0,5,1,7" ten="250,250,250,250" oya="0" hai0="35,127,79,54,51,108,41,117,19,17,34,16,64" hai1="125,37,60,22,63,130,44,28,65,118,128,123,53" hai2="126,8,124,94,48,23,4,52,82,102,132,56,58" hai3="99,93,11,15,50,105,73,24,39,101,90,131,110"/><T87/><D117/><U66/><E118/><V116/><F132/><W47/><G110/><T13/><D127/><N who="2" m="48682" /><F116/><W31/><G39/><T18/><D41/><N who="1" m="22575" /><E28/><V103/><F82/><W45/><G73/><T106/><D106/><U84/><E22/><V76/><F76/><W27/><G131/><N who="1" m="50218" /><E125/><V69/><F69/><W59/><G59/><T25/><D64/><N who="1" m="24683" /><E84/><V75/><F75/><W92/><G105/><T6/><D108/><U1/><E1/><N who="2" m="15" /><F23/><W135/><G135/><T107/><D107/><U89/><E89/><V33/><F33/><W21/><G27/><T14/><D35/><U61/><E123/><V74/><F74/><W77/><G77/><T119/><D119/><U38/><E38/><V96/><F58/><AGARI ba="0,0" hai="53,58,60,61,63" m="24683,50218,22575" machi="58" ten="30,3900,0" yaku="19,1,34,2" doraHai="7" who="1" fromWho="2" sc="250,0,250,39,250,-39,250,0" /><INIT seed="1,0,0,4,2,17" ten="250,289,211,250" oya="1" hai0="57,13,120,69,66,27,15,36,25,40,62,129,5" hai1="12,126,121,30,97,68,116,107,21,88,90,123,135" hai2="119,96,87,122,51,133,63,32,75,46,108,100,44" hai3="111,6,80,35,20,47,48,89,99,127,110,59,28"/><U77/><E68/><V52/><F119/><W18/><G127/><T38/><D129/><U55/><E116/><V60/><F122/><W0/><G59/><T109/><D109/><N who="3" m="41481" /><G35/><T130/><D130/><U39/><E39/><V93/><F75/><W114/><G28/><T115/><D115/><U2/><E2/><V33/><F108/><W118/><G114/><T23/><D120/><U128/><E128/><V9/><F133/><W104/><G118/><T26/><D69/><U132/><E77/><V45/><F9/><N who="3" m="2247" /><G80/><T42/><D36/><U11/><E126/><V101/><F101/><N who="3" m="62527" /><G89/><T4/><D38/><U117/><E117/><V103/><F103/><W102/><G102/><T1/><D1/><U98/><E121/><V3/><F3/><W94/><G94/><T105/><D105/><U49/><E107/><V113/><F113/><W65/><G65/><T74/><D74/><U41/><E123/><V61/><REACH who="2" step="1"/><F87/><REACH who="2" ten="250,289,201,250" step="2"/><W106/><G106/><T24/><D5/><U85/><E85/><V56/><AGARI ba="0,1" hai="32,33,44,45,46,51,52,56,60,61,63,93,96,100" machi="56" ten="30,7900,0" yaku="1,1,2,1,0,1,54,1,53,0" doraHai="17" doraHaiUra="16" who="2" fromWho="2" sc="250,-20,289,-39,201,89,250,-20" /><INIT seed="2,0,0,5,3,1" ten="230,250,290,230" oya="2" hai0="125,26,83,35,76,77,120,75,71,128,92,122,121" hai1="49,66,127,15,86,2,7,78,27,73,124,53,126" hai2="28,87,93,104,8,96,43,85,0,25,70,135,113" hai3="133,67,48,63,82,107,12,18,91,130,45,24,56"/><V61/><F113/><W95/><G107/><T21/><D35/><U119/><E73/><V36/><F135/><W10/><G133/><T16/><D125/><U38/><E38/><V50/><F36/><W30/><G82/><T42/><D128/><U5/><E2/><V31/><F31/><W114/><G130/><T115/><D115/><U100/><E66/><V111/><F111/><W123/><G123/><T81/><D71/><U17/><E27/><V32/><F43/><W51/><G45/><T44/><D92/><U80/><E100/><N who="2" m="62471" /><F50/><W60/><G60/><T132/><D132/><U59/><E119/><V129/><F93/><W40/><G40/><T57/><D57/><U79/><E79/><V99/><F99/><W89/><G114/><T41/><REACH who="0" step="1"/><D44/><REACH who="0" ten="220,250,290,230" step="2"/><U74/><E74/><AGARI ba="0,1" hai="16,21,26,41,42,74,75,76,77,81,83,120,121,122" machi="74" ten="40,8000,1" yaku="1,1,2,1,9,1,54,1,53,0" doraHai="1" doraHaiUra="11" who="0" fromWho="1" sc="220,90,250,-80,290,0,230,0" /><INIT seed="3,0,0,2,1,68" ten="310,170,290,230" oya="3" hai0="9,19,36,27,14,46,120,56,48,11,112,96,73" hai1="52,32,65,22,121,123,81,82,110,66,93,20,54" hai2="119,71,39,60,8,128,50,30,51,13,16,131,41" hai3="127,109,97,79,88,130,80,3,104,126,55,6,75"/><W24/><G130/><N who="2" m="49705" /><F119/><W59/><G109/><T57/><D120/><U69/><E69/><V58/><F71/><W113/><G113/><T43/><D112/><U86/><E86/><V124/><F124/><N who="3" m="47659" /><G24/><T45/><D73/><U91/><E91/><V38/><F30/><W90/><G6/><T87/><D96/><U18/><E93/><V44/><F50/><N who="3" m="31223" /><G3/><T33/><D87/><U0/><E0/><V42/><F42/><W77/><G77/><T101/><D101/><AGARI ba="0,0" hai="75,79,80,88,90,97,101,104" m="31223,47659" machi="101" ten="30,2900,0" yaku="18,1,54,1" doraHai="68" who="3" fromWho="0" sc="310,-29,170,0,290,0,230,29" /><INIT seed="3,1,0,4,5,29" ten="281,170,290,259" oya="3" hai0="98,132,35,93,84,63,65,24,34,20,43,116,0" hai1="72,53,78,92,82,101,67,7,27,130,46,91,59" hai2="37,104,128,17,94,9,73,88,21,74,41,86,77" hai3="112,31,109,76,26,42,131,81,66,33,118,122,121"/><W38/><G112/><T16/><D116/><U32/><E130/><V75/><F128/><W102/><G118/><T103/><D0/><U135/><E135/><V13/><F104/><W6/><G131/><T28/><D132/><U124/><E124/><V8/><F77/><W68/><G6/><T108/><D108/><U3/><E101/><V126/><F126/><W110/><G102/><T15/><D43/><U114/><E114/><V96/><F96/><W39/><G66/><T111/><D84/><U64/><E46/><V125/><F125/><W127/><G68/><T56/><D111/><N who="3" m="42505" /><G127/><T5/><D5/><U62/><E7/><V1/><F1/><W12/><G12/><T106/><D106/><U36/><E36/><N who="3" m="13866" /><G42/><T51/><D51/><U14/><E14/><V119/><F119/><W117/><G117/><T105/><D105/><U85/><REACH who="1" step="1"/><E3/><REACH who="1" ten="281,160,290,259" step="2"/><V44/><AGARI ba="1,1" hai="8,9,13,17,21,37,41,44,73,74,75,86,88,94" machi="44" ten="40,2700,0" yaku="0,1,54,1" doraHai="29" who="2" fromWho="2" sc="281,-8,160,-8,290,40,259,-14" owari="273,7.3,152,-34.8,330,43.0,245,-15.5" /></mjloggm>