<mjloggm ver="2.3"><GO type="225" lobby="0"/><UN n0="%E3%81%8B%E3%82%8F%E3%81%A1%E3%82%83%E3%82%93%35%38" n1="%E3%82%BC%E3%83%AB%E3%83%80%E3%81%AE%E4%BC%9D%E8%AA%AC" n2="%6B%65%6E%6E%64%69" n3="%E3%81%AA%E3%81%A1%30%39%32%37" dan="16,17,16,16" rate="2148.86,2254.24,2186.67,2087.76" sx="M,M,M,M"/><TAIKYOKU oya="0"/><INIT seed="0,0,0,3,3,94" ten="250,250,250,250" oya="0" hai0="108,30,1,32,57,72,16,40,20,121,85,10,78" hai1="9,82,31,103,68,66,110,55,134,65,36,112,128" hai2="129,53,44,114,95,62,56,130,48,113,102,74,93" hai3="64,99,127,107,27,77,6,132,75,28,118,60,19"/><T37/><D121/><U14/><E36/><V51/><F74/><W123/><G118/><T109/><D72/><U84/><E110/><N who="0" m="42601" /><D37/><U54/><E134/><V71/><F93/><W70/><G132/><T73/><D40/><U0/><E0/><V90/><F102/><N who="3" m="62943" /><G127/><T39/><D39/><U81/><E128/><N who="2" m="49259" /><F90/><W38/><G38/><T96/><D73/><U97/><E112/><N who="2" m="43115" /><F95/><W100/><G100/><T80/><D57/><U7/><E31/><V88/><F88/><W63/><G19/><T119/><D119/><U12/><E68/><V45/><F71/><W105/><G6/><N who="0" m="1359" /><D32/><U52/><E14/><V116/><F116/><W4/><G4/><T50/><D50/><AGARI ba="0,0" hai="44,45,48,50,51,53,56,62" m="43115,49259" machi="50" ten="30,3900,0" yaku="19,1,34,2" doraHai="94" who="2" fromWho="0" sc="250,-39,250,0,250,39,250,0" /><INIT seed="1,0,0,3,4,18" ten="211,250,289,250" oya="1" hai0="68,32,132,58,91,43,86,118,79,93,7,101,121" hai1="84,63,24,1,85,109,19,65,67,4,99,120,127" hai2="14,10,111,49,5,81,88,133,23,15,135,83,59" hai3="115,46,103,73,8,56,29,11,25,62,87,6,129"/><U90/><E120/><V130/><F111/><W35/><G73/><T54/><D68/><U57/><E109/><V0/><F130/><W33/><G115/><T50/><D118/><U40/><E127/><V107/><F107/><W71/><G129/><T41/><D32/><U72/><E72/><V96/><F59/><W110/><G110/><T82/><D132/><N who="2" m="50762" /><F49/><W78/><G71/><T31/><D121/><U126/><E126/><V98/><F15/><W95/><G46/><T3/><D101/><U113/><E113/><V39/><F39/><W9/><G78/><T105/><D105/><U28/><E40/><V51/><F51/><W94/><G35/><T131/><D131/><U17/><E65/><V100/><F100/><W26/><G26/><T122/><D122/><U119/><E119/><V97/><F88/><W114/><G114/><T45/><D31/><U64/><E64/><V117/><F117/><W42/><G42/><T108/><D108/><U76/><E76/><V20/><F0/><W21/><G33/><T2/><D43/><U116/><E116/><V70/><F70/><W80/><G95/><T89/><D89/><U125/><E125/><V30/><F30/><W44/><G44/><T75/><REACH who="0" step="1"/><D7/><REACH who="0" ten="201,250,289,250" step="2"/><U92/><E4/><V55/><F55/><N who="3" m="34079" /><G6/><T34/><D34/><U134/><E134/><V22/><AGARI ba="0,1" hai="5,10,14,20,22,23,81,83,96,97,98" m="50762" machi="22" ten="40,8000,1" yaku="20,1,52,3" doraHai="18" who="2" fromWho="2" sc="201,-20,250,-40,289,90,250,-20" /><INIT seed="2,0,0,4,5,5" ten="181,210,379,230" oya="2" hai0="72,116,65,54,110,119,128,56,55,6,45,59,49" hai1="28,112,77,4,58,24,8,99,117,43,135,106,98" hai2="38,51,115,89,75,122,131,40,80,35,129,2,133" hai3="109,31,23,63,82,87,66,73,127,132,42,85,84"/><V29/><F115/><W108/><G132/><T68/><D72/><U92/><E117/><N who="0" m="45129" /><D6/><U91/><E112/><V60/><F122/><W11/><G127/><T121/><D121/><U93/><E135/><V70/><F133/><W15/><G42/><N who="0" m="24759" /><D110/><N who="3" m="42601" /><G73/><T81/><D81/><U34/><E106/><V3/><F51/><W90/><G23/><T102/><D102/><U88/><E43/><V118/><F118/><W17/><G31/><T69/><D65/><U57/><E77/><V7/><F60/><W67/><G67/><T22/><D22/><U94/><E94/><V61/><F61/><W14/><G14/><AGARI ba="0,0" hai="4,8,14,24,28,34,57,58,88,91,92,93,98,99" machi="14" ten="30,7700,0" yaku="7,1,9,1,52,1,54,1" doraHai="5" who="1" fromWho="3" sc="181,0,210,77,379,0,230,-77" /><INIT seed="3,0,0,0,4,82" ten="181,287,379,153" oya="3" hai0="122,10,13,114,56,81,127,71,15,92,107,32,27" hai1="52,31,128,43,117,41,5,101,11,47,79,46,94" hai2="59,75,125,109,118,49,111,123,133,131,44,78,86" hai3="113,8,85,130,42,55,106,100,105,70,104,36,90"/><W97/><G70/><T68/><D107/><N who="3" m="41033" /><G55/><T24/><D56/><U25/><E117/><V98/><F118/><W99/><G8/><T22/><D81/><U120/><E120/><V112/><F123/><W66/><G66/><T16/><D32/><U3/><E79/><V74/><F59/><W26/><G26/><T84/><D10/><U103/><E52/><V9/><F9/><W129/><G113/><T121/><D16/><U77/><E41/><V80/><F112/><W30/><G30/><T60/><D22/><U76/><E47/><V29/><F29/><W89/><G42/><T91/><D114/><U69/><E69/><V38/><F38/><W87/><G36/><T1/><D1/><U19/><E19/><V35/><F35/><W62/><G62/><T50/><D60/><U110/><E46/><V115/><F115/><W33/><G33/><T134/><D50/><U14/><E43/><V124/><F49/><W12/><G12/><T73/><D27/><U18/><E18/><V17/><F44/><W67/><G67/><T0/><D24/><U96/><E14/><V34/><F17/><W83/><G99/><T23/><D13/><U58/><E58/><V93/><F34/><W65/><G65/><T57/><D15/><U61/><E61/><V72/><F98/><W28/><G28/><T39/><D71/><U21/><E11/><V108/><F108/><W119/><G119/><T48/><D68/><U37/><E3/><V126/><F109/><W2/><G2/><T51/><D122/><U4/><E31/><V53/><F111/><W63/><G63/><RYUUKYOKU ba="0,0" sc="181,-10,287,-10,379,-10,153,30" hai3="83,85,87,89,90,97,100,106,129,130" /><INIT seed="3,1,0,0,3,74" ten="171,277,369,183" oya="3" hai0="81,23,101,63,36,82,18,112,117,40,69,46,119" hai1="98,132,84,34,32,100,80,33,92,38,39,54,16" hai2="85,125,9,8,126,15,90,42,48,0,95,122,52" hai3="113,43,116,76,97,66,7,78,64,59,70,31,134"/><W22/><G113/><T120/><D120/><U62/><E132/><V17/><F122/><W10/><G116/><T29/><D29/><U88/><E54/><V51/><F42/><W2/><G70/><T14/><D101/><U128/><E62/><V67/><F67/><N who="3" m="25643" /><G134/><T3/><D3/><U89/><E128/><V105/><F105/><W129/><G129/><T12/><D112/><U108/><E108/><V123/><F123/><W21/><G2/><T93/><D69/><U115/><E115/><V37/><F37/><W35/><G35/><T56/><D119/><U41/><E41/><V83/><F95/><W118/><G118/><T124/><D117/><U28/><E28/><V87/><F87/><W13/><G43/><T6/><D124/><N who="2" m="47722" /><F52/><W55/><G97/><T4/><D93/><U109/><E89/><V91/><F91/><W133/><G133/><T110/><D110/><U111/><E111/><V99/><F99/><W27/><G22/><T127/><D127/><U20/><REACH who="1" step="1"/><E109/><REACH who="1" ten="171,267,369,183" step="2"/><V73/><F73/><W11/><G11/><N who="2" m="4169" /><F0/><W135/><G135/><T49/><D36/><U60/><E60/><AGARI ba="1,1" hai="7,10,13,21,27,31,55,59,60,76,78" m="25643" machi="60" ten="30,5800,0" yaku="8,1,52,2" doraHai="74" who="3" fromWho="1" sc="171,0,267,-61,369,0,183,71" /><INIT seed="3,2,0,0,0,80" ten="171,206,369,254" oya="3" hai0="120,10,71,100,45,104,59,5,117,46,14,89,95" hai1="7,87,57,86,133,42,101,33,0,123,1,56,83" hai2="6,38,125,23,47,84,110,51,36,40,32,116,61" hai3="25,119,26,49,8,2,129,128,135,21,121,12,127"/><W54/><G119/><T48/><D117/><U4/><E123/><V60/><F32/><W131/><G121/><T88/><D71/><U73/><E83/><V74/><F74/><W70/><G70/><T124/><D120/><U17/><E17/><V28/><F116/><W79/><G79/><T69/><D69/><U13/><E13/><V97/><F110/><W91/><G127/><T112/><D104/><U78/><E78/><V24/><F125/><W85/><G2/><T31/><D124/><U19/><E19/><V82/><F6/><W114/><G114/><T53/><D112/><U94/><E94/><V96/><F38/><W11/><G135/><T30/><D100/><U34/><E42/><V130/><F36/><W39/><G39/><T64/><D89/><U99/><E99/><N who="2" m="37963" /><F130/><W102/><G102/><T103/><D103/><U107/><E101/><V62/><F62/><W93/><G11/><T105/><D105/><U81/><E81/><V132/><F132/><W55/><G55/><T72/><D72/><U75/><E107/><V37/><F37/><W92/><G92/><T41/><D64/><U29/><E29/><N who="0" m="10761" /><D41/><U115/><E115/><V109/><F109/><W9/><G131/><T50/><D50/><U118/><E118/><V77/><AGARI ba="2,0" hai="23,24,28,40,47,51,60,61,77,82,84" m="37963" machi="77" ten="30,2000,0" yaku="8,1,52,1" doraHai="80" who="2" fromWho="2" sc="171,-7,206,-7,369,26,254,-12" owari="164,-33.6,199,-20.1,395,49.5,242,4.2" /></mjloggm>