<mjloggm ver="2.3"><GO type="225" lobby="0"/><UN n0="%43%68%65" n1="%E8%81%B7%E6%A5%AD%E3%80%81%E9%A2%A8%32" n2="%E7%BD%AA%E5%88%91%E6%B3%95%E5%AE%9A%E4%B8%BB%E7%BE%A9" n3="%E8%A8%88%E7%AE%97%E6%A9%9F%E8%87%AA%E7%84%B6" dan="16,16,16,17" rate="2186.55,2130.74,2184.13,2227.75" sx="M,M,M,M"/><TAIKYOKU oya="0"/><INIT seed="0,0,0,2,1,21" ten="250,250,250,250" oya="0" hai0="86,9,56,4,131,125,31,26,129,35,79,20,82" hai1="42,78,113,49,25,94,93,60,50,30,84,108,57" hai2="76,51,90,103,74,112,135,107,2,64,17,111,121" hai3="134,115,104,83,48,45,0,120,127,106,128,38,110"/><T85/><D125/><U54/><E108/><V24/><F121/><W96/><G48/><T22/><D56/><U102/><E113/><V68/><F112/><W123/><G83/><T43/><D86/><U47/><E102/><V124/><F2/><W16/><G16/><T6/><D43/><U33/><E78/><V109/><F124/><W18/><G18/><T37/><D37/><U23/><E33/><V34/><F90/><W55/><G55/><T15/><REACH who="0" step="1"/><D6/><REACH who="0" ten="240,250,250,250" step="2"/><U40/><E84/><V3/><F111/><W19/><G38/><T118/><D118/><U39/><E39/><V114/><F109/><W32/><G127/><T1/><D1/><U126/><E126/><V101/><F3/><W67/><G0/><T28/><D28/><U99/><E99/><V92/><F114/><W27/><G96/><T95/><D95/><U70/><E70/><V81/><F92/><W53/><G110/><T97/><D97/><U41/><E42/><V46/><F68/><W63/><G115/><T132/><D132/><U5/><E5/><V7/><F135/><W52/><G134/><T98/><D98/><U88/><E88/><V44/><F7/><W119/><G119/><T116/><D116/><U10/><E41/><V130/><F103/><W14/><G120/><T69/><D69/><U100/><E40/><V65/><F101/><W87/><G123/><T105/><D105/><U75/><E100/><V71/><F107/><W62/><G104/><T72/><D72/><U80/><E75/><V91/><F74/><W73/><G73/><T13/><D13/><U8/><E94/><RYUUKYOKU ba="0,1" sc="240,30,250,-10,250,-10,250,-10" hai0="4,9,15,20,22,26,31,35,79,82,85,129,131" /><INIT seed="0,1,1,3,0,85" ten="270,240,240,240" oya="0" hai0="19,51,125,24,131,81,126,89,66,49,72,33,21" hai1="101,73,104,134,116,61,77,65,117,93,38,87,82" hai2="99,100,25,75,97,70,5,2,45,32,31,91,98" hai3="76,35,74,88,9,122,30,26,103,8,58,67,46"/><T107/><D107/><U14/><E38/><V83/><F70/><W127/><G103/><T129/><D66/><U41/><E41/><V52/><F5/><W50/><G127/><N who="0" m="48651" /><D33/><U115/><E115/><V68/><F2/><W42/><G122/><T105/><D105/><U92/><E134/><V6/><F68/><W95/><G76/><N who="0" m="44167" /><D89/><U17/><E104/><V62/><F6/><W94/><G94/><T132/><D132/><U44/><E44/><V64/><F64/><W110/><G74/><T119/><D119/><U1/><E1/><V22/><F32/><W37/><G110/><T28/><D19/><U16/><E17/><V27/><F75/><W3/><G3/><T18/><D18/><U84/><E93/><V112/><F112/><W47/><G67/><T55/><D51/><U4/><E4/><V36/><F36/><W124/><G124/><T79/><D79/><U108/><E108/><V7/><F7/><W48/><G37/><T53/><D53/><U121/><E121/><V111/><F111/><W102/><G102/><T90/><D90/><U113/><E113/><V86/><F100/><W56/><G8/><T109/><D109/><U54/><E54/><V20/><F62/><W29/><G9/><T118/><D118/><U39/><E39/><V78/><F78/><W10/><G10/><T57/><AGARI ba="1,1" hai="21,24,28,49,55,57,129,131" m="44167,48651" machi="57" ten="30,1500,0" yaku="18,1" doraHai="85" who="0" fromWho="0" sc="270,28,240,-6,240,-6,240,-6" /><INIT seed="0,2,0,3,0,122" ten="298,234,234,234" oya="0" hai0="88,36,64,33,9,75,102,90,50,104,68,83,66" hai1="27,133,38,48,77,24,81,132,130,42,65,59,87" hai2="8,28,97,95,93,73,22,113,11,118,92,89,20" hai3="43,100,30,123,103,72,35,4,134,99,120,52,6"/><T106/><D36/><U2/><E2/><V26/><F113/><W45/><G72/><T57/><D33/><U70/><E130/><V19/><F73/><W25/><G134/><T109/><D68/><U128/><E128/><V131/><F131/><W37/><G100/><T111/><D9/><N who="2" m="3658" /><F118/><W63/><G63/><T115/><D115/><U17/><E70/><V112/><F112/><W79/><G79/><T10/><D10/><U86/><E38/><V107/><F107/><W3/><G3/><T13/><D13/><AGARI ba="2,0" hai="13,19,20,22,26,28,89,92,93,95,97" m="3658" machi="13" ten="30,1000,0" yaku="8,1" doraHai="122" who="2" fromWho="0" sc="298,-16,234,0,234,16,234,0" /><INIT seed="1,0,0,1,1,37" ten="282,234,250,234" oya="1" hai0="35,33,112,98,12,87,59,123,7,119,43,15,106" hai1="9,101,85,34,113,44,39,36,57,94,128,20,81" hai2="108,103,135,23,49,19,5,38,95,88,71,96,22" hai3="32,8,80,133,91,42,13,50,61,25,40,110,64"/><U62/><E34/><V16/><F38/><W65/><G110/><T131/><D112/><U26/><E113/><V47/><F108/><W76/><G133/><T100/><D119/><U109/><E128/><V4/><F71/><W46/><G91/><T29/><D131/><U124/><E124/><V67/><F67/><W97/><G97/><T48/><D123/><U82/><E39/><V30/><F135/><W14/><G32/><T118/><D118/><U75/><E75/><V73/><F73/><W105/><G105/><T129/><D129/><U90/><E109/><V24/><F103/><W93/><G93/><T74/><D74/><U1/><E101/><V70/><F70/><W89/><G89/><T63/><D87/><U45/><E9/><V114/><F114/><W72/><G25/><T83/><D83/><N who="1" m="31755" /><E36/><V116/><F116/><W31/><G31/><T121/><D121/><U52/><E1/><V51/><F51/><W53/><G13/><T117/><D117/><U27/><E27/><N who="2" m="14815" /><F30/><AGARI ba="0,0" hai="20,26,30,44,45,52,57,62,85,90,94" m="31755" machi="30" ten="30,2900,0" yaku="8,1,54,1" doraHai="37" who="1" fromWho="2" sc="282,0,234,29,250,-29,234,0" /><INIT seed="1,1,0,5,1,9" ten="282,263,221,234" oya="1" hai0="70,80,34,24,15,95,123,38,76,65,48,28,73" hai1="81,1,44,105,108,64,42,68,20,103,31,35,10" hai2="25,93,119,83,37,77,86,113,22,82,102,107,99" hai3="127,131,109,78,101,63,57,52,74,111,129,23,32"/><U114/><E114/><V122/><F119/><W27/><G32/><T36/><D123/><U124/><E124/><V96/><F113/><W7/><G127/><T134/><D134/><U66/><E108/><N who="3" m="41546" /><G101/><T121/><D121/><U61/><E66/><V2/><F122/><W88/><G7/><T51/><D51/><U14/><E1/><V106/><F2/><W0/><G0/><T85/><D48/><U56/><E81/><V75/><F37/><W12/><G78/><T40/><D40/><U17/><E35/><V128/><F128/><N who="3" m="49227" /><G74/><T46/><D76/><U49/><E103/><N who="2" m="60815" /><F22/><W89/><G12/><T67/><D15/><N who="1" m="9279" /><E105/><N who="2" m="63711" /><F25/><W132/><G132/><T91/><D24/><U13/><E68/><V26/><F26/><W11/><G11/><T84/><D70/><U98/><E10/><V6/><F6/><W92/><G92/><T116/><D95/><U53/><E98/><V120/><F120/><W5/><G5/><T3/><D3/><U21/><E42/><V47/><F47/><W30/><AGARI ba="1,0" hai="23,27,30,52,57,63,88,89" m="49227,41546" machi="30" ten="30,7900,0" yaku="14,1,19,1,54,2" doraHai="9" who="3" fromWho="3" sc="282,-21,263,-40,221,-21,234,82" /><INIT seed="2,0,0,2,1,70" ten="261,223,200,316" oya="2" hai0="36,94,5,105,108,91,29,44,104,100,109,42,76" hai1="112,97,59,22,72,7,111,25,115,75,37,8,1" hai2="12,133,39,130,81,62,24,33,110,119,60,79,126" hai3="82,26,30,116,38,78,68,129,77,73,58,50,52"/><V99/><F119/><W92/><G116/><T103/><D76/><U67/><E111/><N who="0" m="42569" /><D29/><U31/><E37/><V107/><F110/><W117/><G117/><T69/><D5/><U66/><E66/><V90/><F126/><W16/><G129/><T10/><D10/><U88/><E67/><V11/><F130/><W14/><G68/><T34/><D34/><U0/><E0/><V106/><F133/><W71/><G71/><T3/><D3/><U132/><E59/><V32/><F39/><W27/><G38/><T128/><D69/><U47/><E47/><V63/><F90/><W98/><G30/><T65/><D65/><U6/><E6/><V28/><F99/><W123/><G123/><T13/><D13/><U45/><E45/><V89/><F89/><W113/><G113/><T86/><D128/><U80/><E132/><V74/><REACH who="2" step="1"/><F33/><REACH who="2" ten="261,223,190,316" step="2"/><W15/><G77/><T2/><D91/><U51/><E97/><V9/><F9/><W20/><G26/><T87/><D36/><U43/><E112/><V61/><N who="2" m="15360" /><DORA hai="120" /><V23/><F23/><W17/><G27/><T102/><D102/><U57/><E115/><V53/><F53/><W48/><G98/><T54/><D54/><U83/><E88/><V56/><F56/><W4/><G58/><T49/><D103/><U95/><E57/><V55/><F55/><W127/><G52/><T118/><D118/><U114/><E114/><V35/><F35/><W101/><G101/><T122/><D100/><U85/><E8/><V40/><F40/><W121/><G78/><T21/><D42/><U93/><E43/><RYUUKYOKU ba="0,1" sc="261,-10,223,-10,190,30,316,-10" hai2="11,12,24,28,32,74,79,81,106,107" /><INIT seed="2,1,1,2,5,2" ten="251,213,220,306" oya="2" hai0="64,98,111,81,70,130,19,48,116,105,88,129,6" hai1="50,133,65,68,134,9,22,7,76,83,26,57,27" hai2="67,122,117,1,89,14,100,11,118,107,44,127,120" hai3="23,106,60,35,90,54,77,126,73,78,69,79,37"/><V29/><F67/><W93/><G35/><T39/><D39/><U112/><E112/><V5/><F44/><W34/><G34/><T72/><D111/><U59/><E68/><V16/><F89/><W41/><G106/><T24/><D116/><N who="2" m="44650" /><F100/><W49/><G73/><T131/><D48/><U91/><E91/><V94/><F94/><W12/><G37/><T4/><D19/><U97/><E97/><V53/><F53/><W38/><G38/><T86/><D24/><U31/><E27/><V101/><F101/><W109/><G109/><T36/><D36/><U96/><E96/><V110/><F107/><W17/><G69/><T61/><D72/><U125/><E65/><V20/><F110/><W121/><G60/><T58/><D70/><U21/><E21/><N who="2" m="11415" /><F127/><W55/><G126/><T87/><D87/><U18/><E125/><V33/><F33/><W128/><G41/><T42/><D42/><U115/><E50/><V47/><F47/><W45/><G54/><T62/><D61/><U71/><E71/><V119/><N who="2" m="44658" /><V102/><DORA hai="8" /><F102/><AGARI ba="1,1" hai="4,6,58,62,64,81,86,88,98,102,105,129,130,131" machi="102" ten="40,8000,1" yaku="19,1,52,2,54,1" doraHai="2,8" who="0" fromWho="2" sc="251,93,213,0,220,-83,306,0" /><INIT seed="3,0,0,0,0,121" ten="344,213,137,306" oya="3" hai0="8,36,79,4,131,114,12,82,15,107,117,54,97" hai1="48,69,68,13,47,70,132,42,59,14,80,94,50" hai2="122,115,11,64,61,101,76,92,28,104,10,71,31" hai3="46,72,49,57,40,110,125,30,129,130,25,103,32"/><W17/><G72/><T118/><D36/><U113/><E113/><V37/><F115/><W108/><G125/><T27/><D114/><U105/><E105/><V24/><F122/><W91/><G103/><T41/><D131/><N who="3" m="50185" /><G91/><T75/><D41/><U111/><E80/><V45/><F31/><W7/><G7/><T53/><D27/><U60/><E94/><V77/><F92/><W67/><G17/><T56/><D53/><N who="1" m="33903" /><E14/><V135/><F135/><W38/><G67/><T88/><D15/><U102/><E13/><V87/><F87/><W100/><G100/><T39/><D39/><N who="1" m="21983" /><E102/><V19/><F19/><W44/><G57/><T95/><D107/><U116/><E132/><V0/><F0/><W2/><G2/><T120/><D120/><U26/><E26/><V16/><F45/><W85/><G85/><T73/><D75/><U58/><E116/><V134/><F37/><W55/><AGARI ba="0,0" hai="25,30,32,38,40,44,46,49,55,108,110" m="50185" machi="55" ten="30,6000,0" yaku="19,1,52,2" doraHai="121" who="3" fromWho="3" sc="344,-20,213,-20,137,-20,306,60" owari="324,12.4,193,-20.7,117,-38.3,366,46.6" /></mjloggm>