<mjloggm ver="2.3"><GO type="225" lobby="0"/><UN n0="%E3%81%B8%E3%82%80%E3%81%B8%E3%82%80%EF%BC%92%E5%8F%B7" n1="%E6%A1%9C%E8%8A%B1%E9%96%83%E3%80%85" n2="%73%6C%69%63%6B%33%31%39" n3="%E9%80%9F%E6%B0%B4%E5%87%9B%E9%A6%99" dan="17,18,16,16" rate="2192.57,2221.81,2184.94,2069.07" sx="M,M,M,F"/><TAIKYOKU oya="0"/><INIT seed="0,0,0,0,4,120" ten="250,250,250,250" oya="0" hai0="44,48,61,133,83,19,41,101,59,42,31,113,46" hai1="27,65,107,123,1,102,86,114,32,129,3,21,6" hai2="53,79,67,50,2,49,93,87,122,10,108,62,128" hai3="118,0,71,109,29,7,117,104,57,100,111,76,75"/><T112/><D101/><U52/><E123/><V25/><F122/><W99/><G71/><T18/><D31/><U60/><E129/><V20/><F128/><W45/><G29/><T119/><D119/><U74/><E74/><V78/><F108/><N who="3" m="41547" /><G57/><T121/><D121/><U96/><E114/><V84/><F10/><N who="3" m="2407" /><G45/><T17/><D133/><U9/><E32/><V36/><F36/><W91/><G91/><T80/><D112/><U40/><E102/><V125/><F2/><W14/><G14/><T51/><REACH who="0" step="1"/><D113/><REACH who="0" ten="240,250,250,250" step="2"/><U37/><E1/><V55/><F125/><W88/><G88/><T70/><D70/><U77/><E3/><V5/><F79/><W68/><G68/><T23/><D23/><U12/><E21/><V94/><F78/><W33/><G33/><T131/><D131/><U92/><E77/><V95/><F20/><W56/><G56/><T82/><D82/><AGARI ba="0,1" hai="75,76,82,99,100,104,117,118" m="2407,41547" machi="82" ten="30,8000,1" yaku="14,1,23,1,52,3" doraHai="120" who="3" fromWho="0" sc="240,-80,250,0,250,0,250,90" /><INIT seed="1,0,0,5,4,10" ten="160,250,250,340" oya="1" hai0="56,121,128,92,119,22,1,110,95,83,127,14,94" hai1="135,46,63,124,48,39,79,70,72,18,17,43,97" hai2="76,111,109,23,34,8,64,31,85,52,4,6,54" hai3="71,104,26,62,67,66,112,100,15,45,24,16,44"/><U11/><E124/><V133/><F34/><W84/><G112/><T12/><D119/><U41/><E135/><V129/><F133/><W25/><G67/><T125/><D121/><U93/><E72/><V60/><F129/><W68/><G68/><T73/><D1/><U42/><E79/><V33/><F33/><W61/><G61/><T65/><D110/><N who="2" m="41994" /><F31/><W47/><G84/><T87/><D73/><U108/><E108/><V101/><F23/><W59/><G71/><T82/><D128/><U27/><E39/><V51/><F101/><W50/><G104/><T19/><D65/><U7/><E63/><V3/><F4/><W5/><G5/><T77/><D56/><U49/><E49/><V55/><F85/><W96/><G96/><T116/><D116/><U106/><E106/><V30/><F30/><W58/><G100/><T123/><D123/><U90/><E70/><N who="2" m="42247" /><F76/><W115/><G115/><T0/><D0/><U75/><E75/><V29/><F29/><W20/><G59/><AGARI ba="0,0" hai="3,6,8,51,52,54,55,59" m="42247,41994" machi="59" ten="30,2000,0" yaku="14,1,54,1" doraHai="10" who="2" fromWho="3" sc="160,0,250,0,250,20,340,-20" /><INIT seed="2,0,0,0,5,87" ten="160,250,270,320" oya="2" hai0="32,68,24,19,75,17,67,48,101,104,114,51,70" hai1="111,89,23,16,58,22,29,121,81,83,109,96,42" hai2="44,115,72,63,128,4,52,134,92,13,90,108,57" hai3="46,28,98,60,54,127,131,69,99,47,110,25,132"/><V95/><F115/><W78/><G110/><N who="1" m="41994" /><E121/><V53/><F72/><W80/><G131/><T2/><D2/><U117/><E117/><V27/><F108/><W118/><G118/><T113/><D75/><U73/><E42/><V14/><F134/><W34/><G132/><T112/><D101/><U91/><E96/><N who="2" m="57367" /><F128/><W55/><G127/><T82/><D104/><U103/><E103/><V21/><F95/><W45/><G69/><T100/><D100/><U105/><E105/><V88/><F88/><N who="1" m="33865" /><E73/><V74/><F4/><W116/><G116/><T62/><D82/><N who="1" m="31243" /><E29/><N who="2" m="17647" /><F74/><W102/><G102/><T59/><D68/><U15/><E58/><N who="2" m="35279" /><F44/><W77/><G46/><T94/><D70/><U31/><E31/><V26/><F26/><W39/><G25/><T12/><D94/><U64/><E64/><V71/><F71/><W56/><G28/><T120/><D120/><U6/><E6/><V11/><F11/><AGARI ba="0,0" hai="11,15,16,22,23" m="31243,33865,41994" machi="11" ten="30,12000,2" yaku="14,1,52,3,54,2" doraHai="87" who="1" fromWho="2" sc="160,0,250,120,270,-120,320,0" /><INIT seed="3,0,0,3,4,75" ten="160,370,150,320" oya="3" hai0="63,84,82,48,28,12,62,5,20,3,72,96,119" hai1="65,124,19,53,102,33,46,122,117,110,52,105,10" hai2="125,116,93,17,24,9,34,59,0,129,1,29,99" hai3="32,26,103,104,64,98,45,36,2,11,80,51,40"/><W77/><G64/><T111/><D119/><U135/><E122/><V130/><F116/><W79/><G51/><T90/><D72/><U44/><E117/><V94/><F125/><W113/><G113/><T8/><D111/><U49/><E33/><V7/><F0/><W97/><G97/><T86/><D96/><U89/><E110/><V109/><F109/><W118/><G118/><T107/><D107/><U68/><E124/><V50/><F17/><W95/><G104/><T41/><D41/><U61/><E135/><V21/><F34/><W47/><G47/><T13/><D48/><U6/><E19/><V60/><F50/><W35/><G26/><N who="0" m="16455" /><D3/><U18/><E18/><V112/><F112/><W123/><G123/><T87/><D12/><U71/><E89/><V101/><REACH who="2" step="1"/><F94/><REACH who="2" ten="160,370,140,320" step="2"/><W66/><G66/><AGARI ba="0,1" hai="1,7,9,21,24,29,59,60,66,93,99,101,129,130" machi="66" ten="40,8000,1" yaku="1,1,2,1,25,2,53,0" doraHai="75" doraHaiUra="69" who="2" fromWho="3" sc="160,0,370,0,140,90,320,-80" owari="160,-34.0,370,47.0,230,-17.0,240,4.0" /></mjloggm>