<mjloggm ver="2.3"><GO type="225" lobby="0"/><UN n0="%E3%81%9F%E3%81%93%E2%98%86%E7%84%BC%E3%81%8D" n1="%74%61%6B%75%61%6B%61" n2="%E3%83%A9%E3%83%96%E3%83%AC%E3%83%BC" n3="%E3%82%82%E3%81%90%E3%82%89" dan="16,17,17,16" rate="2102.62,2230.36,2210.16,2183.75" sx="M,M,M,M"/><TAIKYOKU oya="0"/><INIT seed="0,0,0,5,5,24" ten="250,250,250,250" oya="0" hai0="12,14,48,27,86,113,40,35,57,53,44,120,121" hai1="25,129,65,5,58,89,71,66,22,42,56,93,69" hai2="99,125,135,104,90,59,50,41,8,10,16,74,36" hai3="62,134,103,2,31,51,80,98,47,79,55,128,108"/><T3/><D113/><U109/><E109/><V30/><F74/><W61/><G108/><T45/><D3/><U110/><E110/><V17/><F36/><W28/><G2/><T126/><D126/><U115/><E129/><V112/><F104/><W116/><G134/><T70/><D70/><U37/><E115/><V20/><F125/><W29/><G128/><T111/><D111/><U60/><E5/><V102/><F102/><W92/><REACH who="3" step="1"/><G116/><REACH who="3" ten="250,250,250,240" step="2"/><T96/><D121/><U100/><E71/><V7/><F135/><W18/><G18/><T117/><D120/><U43/><E69/><V63/><F17/><W13/><G13/><T124/><D12/><U131/><E131/><V1/><F1/><W94/><G94/><T68/><D14/><U52/><E93/><N who="2" m="56759" /><F7/><W101/><G101/><T23/><D68/><U19/><E100/><V77/><F112/><W97/><G97/><T88/><D124/><U133/><E19/><V67/><F16/><W85/><AGARI ba="0,1" hai="28,29,31,47,51,55,61,62,79,80,85,92,98,103" machi="85" ten="30,12000,2" yaku="1,1,0,1,8,1,52,3,53,1" doraHai="24" doraHaiUra="46" who="3" fromWho="3" sc="250,-60,250,-30,250,-30,240,130" /><INIT seed="1,0,0,3,1,127" ten="190,220,220,370" oya="1" hai0="22,53,129,29,47,25,9,121,36,0,80,35,41" hai1="134,2,43,61,56,124,78,68,38,55,15,87,16" hai2="126,40,1,95,90,84,51,111,100,18,45,58,6" hai3="60,50,91,118,8,131,17,75,116,14,30,37,19"/><U109/><E124/><V102/><F126/><W86/><G131/><T5/><D121/><U12/><E134/><V65/><F111/><W83/><G37/><T108/><D108/><U106/><E2/><V82/><F6/><W110/><G110/><T115/><D115/><U81/><E109/><V101/><F1/><W11/><G75/><T119/><D53/><U48/><E106/><V7/><F7/><W59/><G50/><T98/><D98/><U3/><E3/><V123/><F123/><W67/><G30/><T128/><D119/><N who="3" m="45609" /><G19/><T85/><REACH who="0" step="1"/><D35/><REACH who="0" ten="180,220,220,370" step="2"/><U130/><E130/><V57/><F65/><W69/><G69/><T42/><D42/><U107/><E68/><V117/><F117/><W103/><G103/><T34/><D34/><U49/><E43/><V27/><F102/><W120/><G120/><T74/><D74/><U64/><E55/><V10/><F101/><W54/><G54/><T28/><D28/><U72/><E72/><V89/><F100/><W79/><G67/><T77/><AGARI ba="0,1" hai="0,5,9,22,25,29,36,41,47,77,80,85,128,129" machi="77" ten="30,7900,0" yaku="1,1,0,1,52,2,53,0" doraHai="127" doraHaiUra="104" who="0" fromWho="0" sc="180,89,220,-39,220,-20,370,-20" /><INIT seed="2,0,0,3,2,87" ten="269,181,200,350" oya="2" hai0="8,123,126,112,85,13,7,75,63,15,134,60,22" hai1="118,97,14,29,54,128,57,47,11,90,34,88,32" hai2="39,55,74,94,16,100,132,10,51,91,122,4,0" hai3="130,115,46,78,19,56,30,43,28,17,20,101,65"/><V129/><F132/><W72/><G130/><T1/><D75/><U38/><E118/><V116/><F129/><W117/><G117/><T33/><D33/><U62/><E128/><V53/><F116/><W64/><G115/><T58/><D123/><U99/><E32/><V133/><F74/><W110/><G110/><T76/><D126/><U49/><E38/><V3/><F39/><W45/><G101/><T103/><D103/><U52/><E29/><V119/><F100/><W31/><G46/><T105/><D105/><U104/><E34/><V77/><F77/><W18/><G20/><T44/><D44/><U59/><E47/><V113/><F113/><W111/><G111/><T106/><D106/><U2/><E2/><V120/><F119/><W124/><G124/><T109/><D1/><U89/><E104/><V12/><F133/><W24/><G24/><T68/><D68/><U121/><E121/><V80/><F80/><W67/><G78/><T23/><D109/><U70/><E70/><V93/><F93/><W71/><G71/><T27/><D13/><U41/><E41/><V36/><F36/><W48/><G72/><T98/><D23/><U69/><E69/><V79/><F79/><W127/><G127/><T108/><D108/><U50/><E62/><AGARI ba="0,0" hai="17,18,19,28,30,31,43,45,48,56,62,64,65,67" machi="62" ten="40,1300,0" yaku="8,1" doraHai="87" who="3" fromWho="1" sc="269,0,181,-13,200,0,350,13" /><INIT seed="3,0,0,4,1,125" ten="269,168,200,363" oya="3" hai0="80,23,13,30,34,28,61,109,5,120,134,12,68" hai1="123,96,15,33,83,44,72,46,98,19,20,103,26" hai2="0,52,133,79,58,18,63,76,17,21,27,31,11" hai3="127,7,89,54,43,70,106,107,9,95,119,118,64"/><W108/><G107/><T35/><D68/><U3/><E3/><V85/><F133/><W117/><G106/><T22/><D61/><U53/><E123/><V81/><F0/><W135/><G127/><T45/><D45/><U122/><E122/><V6/><F6/><W14/><G135/><T62/><D62/><U110/><E110/><V25/><F11/><W131/><G64/><T114/><D80/><U41/><E72/><V36/><F36/><W102/><G102/><T105/><D105/><U39/><E83/><V77/><F18/><W42/><G108/><T38/><D38/><U121/><E121/><V2/><F2/><W59/><G70/><T129/><D5/><U101/><E101/><V56/><F58/><W92/><G92/><T100/><D100/><U99/><E103/><V50/><F63/><W116/><G116/><T74/><D74/><U16/><E33/><AGARI ba="0,0" hai="17,21,25,27,31,33,50,52,56,76,77,79,81,85" machi="33" ten="30,2000,0" yaku="7,1,54,1" doraHai="125" who="2" fromWho="1" sc="269,0,168,-20,200,20,363,0" owari="269,6.9,148,-35.2,220,-18.0,363,46.3" /></mjloggm>