<mjloggm ver="2.3"><GO type="225" lobby="0"/><UN n0="%73%6C%69%63%6B%33%31%39" n1="%E6%80%AA%E3%81%97%E3%81%99%E3%81%8E%E3%82%8B%E3%83%81%E3%83%BC" n2="%E3%81%82%E3%82%93%E3%81%AA%E3%81%A4" n3="%E6%97%A5%E6%9B%9C%E6%97%A5%E3%82%88%E3%82%8A%E3%81%AE%E4%BD%BF%E8%80%85" dan="16,16,17,18" rate="2194.52,2149.08,2174.11,2197.11" sx="M,M,M,M"/><TAIKYOKU oya="0"/><INIT seed="0,0,0,3,5,41" ten="250,250,250,250" oya="0" hai0="8,25,59,69,92,36,60,126,12,3,55,35,27" hai1="109,28,104,63,85,76,11,111,102,72,51,18,30" hai2="89,54,124,132,67,4,64,119,19,101,121,2,115" hai3="71,105,29,50,133,98,7,31,125,97,0,26,113"/><T75/><D36/><U120/><E120/><V93/><F121/><W16/><G113/><T22/><D75/><U56/><E72/><V100/><F115/><W86/><G71/><T74/><D74/><U33/><E51/><V1/><F124/><W39/><G39/><T45/><D69/><U103/><E104/><V87/><F132/><W78/><G0/><T49/><D3/><U88/><E76/><V46/><F1/><W114/><G7/><T43/><D126/><U130/><E130/><V116/><F2/><W108/><G105/><T80/><D80/><N who="1" m="49191" /><E33/><V15/><F4/><W5/><G78/><T94/><D35/><U135/><E135/><V14/><F14/><W123/><G50/><T107/><D107/><U9/><E18/><V13/><F13/><W82/><G5/><T21/><D12/><U17/><E17/><V106/><F106/><W77/><G125/><T134/><D8/><N who="1" m="3147" /><E111/><V84/><F116/><W47/><G108/><T99/><D134/><U65/><E109/><V57/><F87/><W117/><G117/><T32/><D32/><U52/><E65/><N who="2" m="25163" /><F119/><W68/><G68/><T127/><D127/><U128/><E128/><V70/><F70/><W110/><G110/><T79/><D79/><U10/><E10/><N who="2" m="6647" /><F57/><W90/><G133/><T96/><D25/><U40/><E40/><V42/><F42/><W20/><G123/><T131/><D131/><U95/><E95/><N who="0" m="36393" /><D21/><U73/><E73/><V83/><F93/><N who="3" m="56503" /><G114/><T118/><D118/><U129/><E129/><V24/><F24/><W66/><G26/><T23/><D23/><U38/><E38/><RYUUKYOKU ba="0,0" sc="250,10,250,10,250,10,250,-30" hai0="22,27,43,45,49,55,59,60,96,99" hai1="28,30,52,56,63,102,103" hai2="46,54,83,84,89,100,101" /><INIT seed="0,1,0,2,4,132" ten="260,260,260,220" oya="0" hai0="2,33,9,11,108,79,51,54,115,57,121,106,17" hai1="126,112,117,116,98,71,31,15,80,87,21,107,52" hai2="19,7,38,27,16,122,37,23,74,92,124,6,95" hai3="1,62,67,91,96,43,89,42,39,97,130,56,99"/><T68/><D115/><U131/><E112/><V113/><F74/><W32/><G32/><T64/><D121/><U22/><E71/><V111/><F113/><W119/><G119/><T133/><D106/><U34/><E131/><V134/><F122/><W35/><G35/><T3/><D33/><U127/><E52/><V129/><F129/><W14/><G1/><T81/><D133/><U125/><E34/><V55/><F134/><W63/><G130/><T36/><D36/><U60/><E60/><V70/><F70/><W101/><G101/><T93/><D108/><U10/><E98/><V78/><F78/><W30/><G30/><T58/><D68/><U45/><E45/><V41/><F111/><W128/><G128/><T114/><D114/><U53/><E53/><V84/><F55/><W109/><G109/><T105/><D105/><U28/><E107/><V123/><F123/><W20/><G63/><N who="0" m="37999" /><D2/><U118/><E28/><V61/><F61/><W66/><G66/><T65/><D3/><U76/><E31/><V13/><F84/><W94/><G39/><T85/><D65/><U18/><AGARI ba="1,0" hai="10,15,18,21,22,76,80,87,116,117,118,125,126,127" machi="18" ten="40,8000,1" yaku="0,1,18,1,52,3" doraHai="132" who="1" fromWho="1" sc="260,-41,260,83,260,-21,220,-21" /><INIT seed="1,0,0,0,3,88" ten="219,343,239,199" oya="1" hai0="10,115,24,53,1,112,60,83,36,27,25,32,20" hai1="45,90,96,84,73,14,124,106,122,117,125,39,100" hai2="95,8,104,79,86,50,80,44,135,57,19,62,69" hai3="38,71,72,66,63,16,129,33,13,98,31,22,65"/><U46/><E117/><V114/><F104/><W118/><G118/><T3/><D36/><U109/><E73/><V99/><F135/><W21/><G129/><T93/><D83/><U49/><E122/><V130/><F69/><W37/><G72/><T74/><D74/><U7/><E109/><V4/><F114/><W102/><G65/><T110/><D110/><U123/><E123/><V64/><F19/><W132/><G22/><T26/><D53/><U41/><E14/><V91/><F130/><W11/><G11/><T94/><D60/><U116/><E7/><V47/><REACH who="2" step="1"/><F50/><REACH who="2" ten="219,343,229,199" step="2"/><W55/><G132/><T128/><D128/><U105/><E116/><V121/><F121/><W40/><G40/><T103/><D32/><U131/><E106/><V2/><AGARI ba="0,1" hai="2,4,8,44,47,57,62,64,79,80,86,91,95,99" machi="2" ten="20,8000,1" yaku="1,1,0,1,7,1,52,1,53,1" doraHai="88" doraHaiUra="76" who="2" fromWho="2" sc="219,-20,343,-40,229,90,199,-20" /><INIT seed="2,0,0,0,2,108" ten="199,303,319,179" oya="2" hai0="79,39,9,123,115,111,76,61,77,122,47,29,106" hai1="64,81,101,55,36,98,4,85,124,16,119,100,116" hai2="78,48,66,40,57,19,73,95,46,135,134,50,113" hai3="126,17,102,59,121,32,83,80,53,33,22,120,84"/><V26/><F95/><W65/><G65/><T12/><D115/><U133/><E36/><V5/><F5/><W24/><G102/><T38/><D106/><U34/><E34/><V63/><F113/><W74/><G126/><T1/><D1/><U68/><E124/><V125/><F125/><W87/><G74/><T109/><D29/><U112/><E112/><V0/><F0/><W86/><G33/><T70/><D70/><U99/><E133/><N who="2" m="50699" /><F78/><W11/><G32/><T71/><D71/><U49/><E4/><V13/><F26/><W6/><G120/><N who="0" m="46123" /><D61/><U96/><E101/><V44/><F73/><W75/><G121/><T129/><D47/><N who="2" m="17962" /><F40/><W132/><G132/><T117/><D117/><U10/><E100/><V18/><F18/><W14/><REACH who="3" step="1"/><G75/><REACH who="3" ten="199,303,319,169" step="2"/><T62/><D111/><U23/><E116/><V118/><F118/><W72/><G72/><T103/><D109/><U130/><E119/><V69/><F69/><W60/><AGARI ba="0,1" hai="6,11,14,17,22,24,53,59,60,80,83,84,86,87" machi="60" ten="30,7900,0" yaku="1,1,0,1,8,1,53,1" doraHai="108" doraHaiUra="7" who="3" fromWho="3" sc="199,-20,303,-20,319,-39,169,89" /><INIT seed="3,0,0,1,5,76" ten="179,283,280,258" oya="3" hai0="39,62,64,19,8,74,4,60,0,107,101,80,92" hai1="99,125,57,50,29,128,61,59,95,2,109,110,134" hai2="27,48,113,10,94,32,78,85,69,130,15,81,49" hai3="100,129,16,118,68,23,102,121,120,124,43,11,42"/><W73/><G118/><T115/><D39/><U37/><E37/><V84/><F113/><W31/><G73/><T75/><D115/><U17/><E2/><V20/><F69/><W97/><G68/><T22/><D107/><U6/><E6/><N who="2" m="3543" /><F32/><W1/><G124/><T87/><D101/><U45/><E125/><V77/><F130/><W58/><G129/><T71/><D92/><U105/><E134/><V72/><F72/><W47/><G31/><T28/><D62/><U133/><E29/><N who="2" m="17639" /><F78/><W26/><G58/><T126/><D28/><U131/><E105/><V65/><F65/><W55/><G55/><T135/><D135/><U52/><E133/><V104/><F104/><W21/><G21/><T127/><D127/><U54/><E17/><V3/><F3/><W24/><G24/><T119/><D119/><U34/><E45/><V33/><F33/><W117/><G117/><T9/><D9/><U112/><E34/><V41/><F41/><W12/><G1/><T25/><REACH who="0" step="1"/><D126/><REACH who="0" ten="169,283,280,258" step="2"/><U35/><E112/><V40/><F94/><W63/><G63/><T7/><D7/><U14/><E128/><V90/><F49/><W86/><G102/><T123/><D123/><U56/><E131/><V106/><F106/><W111/><G121/><T91/><AGARI ba="0,1" hai="0,4,8,19,22,25,60,64,71,74,75,80,87,91" machi="91" ten="20,5200,0" yaku="1,1,0,1,7,1,52,1,53,0" doraHai="76" doraHaiUra="70" who="0" fromWho="0" sc="169,62,283,-13,280,-13,258,-26" /><INIT seed="4,0,0,3,5,56" ten="231,270,267,232" oya="0" hai0="10,65,68,55,121,114,15,19,21,24,131,44,36" hai1="120,73,132,110,130,102,94,17,37,6,11,29,34" hai2="32,20,72,88,87,46,7,51,96,127,70,103,123" hai3="50,76,91,105,133,113,48,75,61,125,119,12,41"/><T128/><D121/><U42/><E120/><V79/><F32/><W66/><G105/><T84/><D114/><U45/><E110/><V23/><F70/><W3/><G3/><T74/><D74/><U98/><E17/><V99/><F123/><W4/><G76/><T26/><D26/><U1/><E73/><V60/><F127/><W118/><G75/><T97/><D97/><U30/><E132/><V22/><F7/><W31/><G31/><T8/><D8/><U129/><REACH who="1" step="1"/><E34/><REACH who="1" ten="231,260,267,232" step="2"/><V117/><F72/><W2/><G133/><T27/><D84/><U78/><E78/><V134/><F79/><W59/><G119/><T69/><D27/><U54/><E54/><V9/><F134/><W38/><G118/><T89/><D55/><U14/><E14/><V82/><F117/><W77/><G77/><T28/><D65/><U93/><E93/><V80/><F82/><W106/><G12/><T95/><D128/><AGARI ba="0,1" hai="1,6,11,29,30,37,42,45,94,98,102,128,129,130" machi="128" ten="40,5200,0" yaku="1,1,19,1,53,1" doraHai="56" doraHaiUra="0" who="1" fromWho="0" sc="231,-52,260,62,267,0,232,0" owari="179,-32.1,322,42.2,267,6.7,232,-16.8" /></mjloggm>