<mjloggm ver="2.3"><GO type="225" lobby="0"/><UN n0="%E9%8A%80%E3%81%B0%E3%81%95%E3%81%BF" n1="%E3%82%BC%E3%83%AB%E3%83%80%E3%81%AE%E4%BC%9D%E8%AA%AC" n2="%E3%80%93%E3%81%97%E3%83%BC%E3%82%89%E3%80%93" n3="%E3%81%BF%E3%81%BF%E3%81%9A" dan="17,17,16,18" rate="2156.98,2225.53,2168.51,2267.15" sx="M,M,M,M"/><TAIKYOKU oya="0"/><INIT seed="0,0,0,1,0,131" ten="250,250,250,250" oya="0" hai0="129,77,92,43,14,86,128,50,25,40,0,91,1" hai1="93,58,104,3,63,30,9,53,114,38,13,119,57" hai2="2,111,116,68,108,33,39,123,41,66,32,112,125" hai3="5,132,107,109,29,36,18,35,45,100,54,98,64"/><T83/><D14/><U82/><E104/><V55/><RYUUKYOKU type="yao9" ba="0,0" sc="250,0,250,0,250,0,250,0" hai2="2,32,33,39,41,55,66,68,108,111,112,116,123,125" /><INIT seed="0,1,0,0,2,101" ten="250,250,250,250" oya="0" hai0="86,18,33,133,29,28,51,90,12,73,87,92,69" hai1="96,88,99,52,71,126,20,112,109,100,10,56,36" hai2="67,89,16,132,127,25,5,82,21,66,24,110,55" hai3="115,34,102,78,30,59,22,54,74,43,1,118,63"/><T105/><D73/><U75/><E75/><V42/><F127/><W124/><G115/><T15/><D69/><U37/><E71/><V6/><F132/><W31/><G118/><T3/><D3/><U113/><E126/><V128/><F110/><W27/><G124/><T8/><D133/><U106/><E109/><V9/><F128/><W117/><G117/><T50/><D105/><U32/><E32/><V2/><F6/><W57/><G1/><T26/><D29/><U60/><E10/><V77/><F89/><W122/><G122/><T62/><D62/><U111/><E111/><V81/><F25/><W39/><G102/><T72/><D72/><U97/><E20/><V65/><F77/><W91/><G91/><T19/><REACH who="0" step="1"/><D87/><REACH who="0" ten="240,250,250,250" step="2"/><U48/><E60/><V135/><F135/><W11/><G31/><T116/><D116/><U23/><E97/><V4/><F2/><W125/><G125/><T46/><D46/><U17/><E112/><V93/><F67/><W35/><G74/><T79/><D79/><U130/><E113/><V7/><F66/><W94/><G78/><T45/><D45/><U108/><E108/><V119/><F65/><W83/><G30/><T53/><D53/><U121/><E130/><V84/><F119/><W120/><G54/><T41/><D41/><U14/><REACH who="1" step="1"/><E121/><REACH who="1" ten="240,240,250,250" step="2"/><V40/><F42/><W49/><G120/><T44/><D44/><U80/><E80/><V61/><F40/><W131/><G83/><T47/><D47/><U38/><E38/><V64/><F82/><W103/><G39/><T123/><D123/><U129/><E129/><RYUUKYOKU ba="1,2" sc="240,15,240,15,250,-15,250,-15" hai0="8,12,15,18,19,26,28,33,50,51,86,90,92" hai1="14,17,23,36,37,48,52,56,88,96,99,100,106" /><INIT seed="0,2,2,3,0,57" ten="255,255,235,235" oya="0" hai0="40,86,120,115,26,35,25,7,18,69,60,96,108" hai1="121,34,126,135,113,118,23,80,110,105,44,88,74" hai2="17,103,31,106,127,55,61,54,97,84,89,2,42" hai3="20,130,117,38,43,93,133,78,56,37,116,109,39"/><T125/><D115/><U27/><RYUUKYOKU type="yao9" ba="2,2" sc="255,0,255,0,235,0,235,0" hai1="23,27,34,44,74,80,88,105,110,113,118,121,126,135" /><INIT seed="0,3,2,0,5,126" ten="255,255,235,235" oya="0" hai0="77,57,101,111,0,134,21,83,59,29,91,87,27" hai1="55,125,115,47,3,73,123,61,62,23,96,128,129" hai2="17,31,26,35,71,33,74,122,19,52,120,50,81" hai3="42,7,39,16,6,124,133,66,127,76,4,56,90"/><T48/><D0/><U53/><E123/><V65/><F35/><W114/><G114/><T107/><D134/><U41/><E73/><V135/><F135/><W116/><G116/><T15/><D111/><U79/><E3/><V117/><F117/><W44/><G133/><T99/><D48/><U130/><E125/><N who="3" m="48202" /><G76/><T95/><REACH who="0" step="1"/><D15/><REACH who="0" ten="245,255,235,235" step="2"/><U32/><E115/><V72/><F122/><W67/><G56/><T24/><D24/><U109/><E109/><V93/><F120/><W64/><G90/><T25/><D25/><U108/><E108/><V63/><F26/><W94/><G94/><T103/><D103/><U22/><E79/><V14/><F93/><W45/><G39/><T131/><D131/><U84/><E129/><V40/><F14/><W121/><G121/><T75/><AGARI ba="3,3" hai="21,27,29,57,59,75,77,83,87,91,95,99,101,107" machi="75" ten="20,12000,1" yaku="1,1,0,1,7,1,24,2,53,0" doraHai="126" doraHaiUra="11" who="0" fromWho="0" sc="245,159,255,-43,235,-43,235,-43" /><INIT seed="0,4,0,0,2,75" ten="404,212,192,192" oya="0" hai0="30,97,13,89,104,36,115,112,41,65,71,69,17" hai1="125,130,129,87,74,126,55,9,92,51,109,6,116" hai2="8,82,31,133,20,94,49,66,38,44,24,102,128" hai3="1,91,83,60,56,84,48,47,98,73,16,5,76"/><T21/><D30/><U81/><E51/><V0/><F128/><N who="1" m="49257" /><E55/><V135/><F38/><W117/><G117/><T37/><D37/><U103/><E9/><V77/><F66/><W19/><G1/><T39/><D39/><U72/><E6/><V18/><F94/><N who="3" m="56671" /><G73/><N who="1" m="28266" /><E116/><V68/><F102/><W113/><G113/><T79/><D36/><U40/><E40/><V80/><F68/><W127/><G127/><N who="1" m="48650" /><E109/><V43/><F0/><W22/><G5/><T7/><D41/><U14/><E14/><V29/><F8/><W59/><G60/><T32/><D7/><U101/><E92/><V28/><F28/><W96/><G19/><T11/><D17/><U107/><E107/><V67/><F31/><W3/><G3/><T90/><D13/><U123/><E123/><V27/><F29/><W119/><G119/><T134/><D104/><U35/><E35/><V46/><F27/><N who="3" m="14791" /><G96/><T33/><D97/><U15/><E15/><V114/><F18/><W131/><G131/><T100/><D33/><U88/><AGARI ba="4,0" hai="81,87,88,101,103" m="48650,28266,49257" machi="88" ten="40,8000,1" yaku="19,1,18,1,34,2,54,1" doraHai="75" who="1" fromWho="1" sc="404,-44,212,92,192,-24,192,-24" /><INIT seed="1,0,0,0,2,64" ten="360,304,168,168" oya="1" hai0="31,98,77,2,115,58,82,7,28,66,6,87,0" hai1="122,103,55,68,53,79,33,110,10,54,78,48,91" hai2="21,125,92,16,90,75,81,93,35,106,67,100,57" hai3="104,24,20,49,74,44,22,130,72,4,99,73,96"/><U83/><E122/><V71/><F71/><W70/><G130/><T62/><D115/><U127/><E33/><V37/><F35/><W105/><G4/><N who="0" m="1579" /><D2/><U46/><E127/><V47/><F125/><W114/><G114/><T23/><D0/><U128/><E128/><V86/><F37/><W15/><G15/><T12/><D98/><U108/><E10/><V126/><F126/><W117/><G117/><T118/><D118/><U11/><E11/><V39/><F39/><W38/><G38/><T60/><D60/><U133/><E133/><V42/><F75/><W63/><G63/><T95/><D95/><U116/><E116/><V45/><F106/><W18/><G70/><T107/><D107/><U132/><E103/><V109/><F109/><N who="1" m="42089" /><E68/><V69/><F69/><W27/><G104/><T25/><D12/><U101/><E101/><V52/><F100/><W97/><G105/><T51/><D51/><U76/><E132/><V8/><F8/><W9/><G9/><T102/><D102/><U85/><AGARI ba="0,0" hai="46,48,53,54,55,76,78,79,83,85,91" m="42089" machi="85" ten="40,3900,0" yaku="14,1,10,1" doraHai="64" who="1" fromWho="1" sc="360,-13,304,39,168,-13,168,-13" /><INIT seed="1,1,0,3,1,126" ten="347,343,155,155" oya="1" hai0="118,23,113,109,79,112,56,111,6,3,97,14,39" hai1="124,34,108,59,57,101,98,36,2,43,31,32,78" hai2="21,88,84,74,134,58,29,1,10,48,17,37,90" hai3="7,12,9,62,47,38,87,5,11,46,130,35,127"/><U67/><E124/><V114/><F74/><W104/><G127/><T80/><D118/><U52/><E2/><V49/><F37/><W19/><G104/><T76/><D39/><U28/><E78/><V33/><F134/><W129/><G35/><T45/><D3/><U102/><E36/><V123/><F123/><W40/><G62/><T26/><D45/><U25/><E43/><V27/><F114/><W64/><G64/><T70/><D70/><U92/><E108/><N who="0" m="41545" /><D56/><U93/><E67/><V83/><F58/><W75/><G75/><N who="0" m="43039" /><D97/><U91/><E59/><V4/><REACH who="2" step="1"/><F90/><REACH who="2" ten="347,343,145,155" step="2"/><W20/><G47/><T24/><D79/><U96/><E91/><V0/><F0/><W66/><G66/><T65/><D65/><U121/><E121/><V110/><F110/><W55/><G55/><T128/><D112/><U73/><E73/><V94/><F94/><W41/><G41/><T63/><D113/><U122/><E122/><V82/><F82/><W107/><G107/><T117/><D117/><U30/><E34/><V106/><F106/><W72/><G72/><T100/><D63/><AGARI ba="1,1" hai="25,28,30,31,32,52,57,63,92,93,96,98,101,102" machi="63" ten="30,5800,0" yaku="7,1,9,1,54,1" doraHai="126" who="1" fromWho="0" sc="347,-61,343,71,145,0,155,0" /><INIT seed="1,2,0,5,1,133" ten="286,414,145,155" oya="1" hai0="102,131,57,68,1,90,92,4,121,18,25,12,129" hai1="123,119,128,93,112,71,86,58,5,48,87,70,84" hai2="82,3,117,73,16,97,59,100,122,49,106,83,85" hai3="126,114,7,19,110,33,108,65,27,51,113,134,111"/><U67/><E123/><V40/><F3/><W75/><G75/><T91/><D68/><U21/><E112/><N who="3" m="43114" /><G65/><T81/><D121/><U109/><E119/><V8/><F122/><W99/><G134/><T26/><D1/><U66/><E5/><V60/><F117/><W34/><G51/><T36/><D36/><U55/><E109/><V95/><F73/><W101/><G7/><T130/><D4/><U64/><E93/><V39/><F39/><W104/><G126/><T56/><D102/><U42/><E42/><V0/><F106/><W20/><AGARI ba="2,0" hai="19,20,27,33,34,99,101,104,108,110,111" m="43114" machi="20" ten="40,1500,0" yaku="14,1" doraHai="133" who="3" fromWho="3" sc="286,-6,414,-9,145,-6,155,21" /><INIT seed="2,0,0,3,0,117" ten="280,405,139,176" oya="2" hai0="65,73,130,74,31,40,78,83,32,34,12,30,98" hai1="84,120,42,121,128,113,49,8,71,24,123,44,41" hai2="77,93,103,38,0,90,63,62,6,85,55,2,45" hai3="54,119,75,46,76,87,82,86,20,58,66,88,33"/><V14/><F0/><W134/><G33/><T51/><D130/><U43/><E128/><V114/><F2/><W9/><G119/><T80/><D65/><U112/><E71/><V19/><F114/><N who="1" m="44137" /><E84/><V109/><F109/><W127/><G134/><T116/><D116/><U97/><E8/><V101/><F6/><W11/><G127/><T21/><D98/><U10/><E10/><N who="2" m="6615" /><F38/><W110/><G110/><T131/><D131/><U1/><E1/><V129/><F129/><W7/><G75/><T36/><D36/><U95/><E24/><V29/><F29/><W13/><G46/><T5/><D5/><U52/><E43/><V94/><F77/><W100/><G100/><AGARI ba="0,0" hai="41,42,44,49,52,95,97,100,120,121,123" m="44137" machi="100" ten="40,8000,1" yaku="13,1,52,3,54,1" doraHai="117" who="1" fromWho="3" sc="280,0,405,80,139,0,176,-80" /><INIT seed="3,0,0,4,4,110" ten="280,485,139,96" oya="3" hai0="60,24,120,78,25,69,106,66,111,75,36,130,22" hai1="100,34,33,116,47,31,30,12,27,64,101,13,3" hai2="126,87,108,29,32,57,71,56,135,118,97,44,127" hai3="70,131,128,129,82,83,99,86,58,63,79,59,74"/><W40/><G40/><T39/><D106/><U48/><E3/><V117/><F71/><W16/><G99/><T85/><D120/><U119/><E64/><V41/><F108/><W77/><REACH who="3" step="1"/><G16/><REACH who="3" ten="280,485,139,86" step="2"/><T107/><D111/><U73/><E119/><V37/><F97/><W8/><G8/><T91/><D39/><U96/><E116/><N who="2" m="44651" /><F135/><W45/><G45/><T42/><D36/><U9/><E96/><V18/><F18/><W11/><G11/><T94/><D42/><U5/><E9/><V20/><F32/><W123/><G123/><T7/><D25/><U80/><E47/><V76/><F20/><W88/><G88/><T61/><D24/><U46/><E46/><V65/><F29/><W10/><G10/><T17/><D22/><U102/><E31/><V21/><F21/><W28/><G28/><T81/><D17/><U26/><E26/><V133/><F133/><W6/><G6/><T15/><D7/><U112/><E5/><V49/><F37/><W105/><G105/><T50/><D107/><U43/><E34/><V114/><F44/><W90/><G90/><T35/><D35/><U38/><E38/><V52/><F41/><W113/><G113/><T55/><D91/><U103/><E112/><V67/><F114/><W122/><G122/><T84/><D15/><U95/><E12/><V125/><F57/><W104/><G104/><T132/><D132/><U92/><E13/><V93/><F76/><W54/><G54/><T109/><D55/><U72/><E43/><V98/><F98/><W14/><G14/><T2/><D78/><N who="1" m="44103" /><E27/><V1/><F1/><RYUUKYOKU ba="0,1" sc="280,-15,485,-15,139,15,86,15" hai2="49,52,56,65,67,87,93,125,126,127" hai3="58,59,63,70,74,77,79,82,83,86,128,129,131" /><INIT seed="3,1,1,3,4,123" ten="265,470,154,101" oya="3" hai0="74,30,77,13,110,20,19,87,10,132,71,4,95" hai1="117,12,29,84,129,50,28,2,82,115,27,23,135" hai2="118,9,31,90,109,26,64,43,97,105,108,7,62" hai3="11,21,53,73,25,54,125,58,75,37,106,67,86"/><W121/><G121/><T114/><D71/><U22/><E2/><N who="2" m="247" /><F43/><W96/><G37/><T70/><D132/><U51/><E129/><V40/><F40/><W6/><G125/><T103/><D70/><U80/><E115/><V134/><F134/><W98/><G75/><T15/><D114/><U126/><E135/><V44/><F44/><W131/><G73/><T89/><D110/><N who="2" m="42602" /><F118/><W47/><G131/><T100/><REACH who="0" step="1"/><D30/><REACH who="0" ten="255,470,154,101" step="2"/><U120/><E29/><V130/><F130/><W119/><G119/><T133/><D133/><U81/><E28/><V116/><F116/><W49/><G67/><T0/><D0/><U18/><E117/><V104/><F97/><W93/><G106/><T24/><D24/><U113/><E27/><V69/><F90/><N who="3" m="53463" /><G25/><T38/><D38/><U41/><E41/><V66/><F66/><W102/><G102/><T91/><D91/><U76/><E113/><V127/><F127/><W16/><G98/><T63/><D63/><U35/><E126/><V42/><F42/><W68/><G96/><T88/><D88/><U45/><E120/><V46/><F46/><W14/><G68/><T112/><D112/><U124/><E45/><V32/><AGARI ba="1,2" hai="26,31,32,62,64,69,104,105" m="42602,247" machi="32" ten="30,8000,1" yaku="14,1,23,1,52,3" doraHai="123" who="2" fromWho="2" sc="255,-21,470,-21,154,103,101,-41" owari="234,-16.6,449,54.9,257,5.7,60,-44.0" /></mjloggm>