<mjloggm ver="2.3"><GO type="225" lobby="0"/><UN n0="%E5%A4%9C%E5%85%89%E5%A4%A9%E6%A5%BC" n1="%E3%83%9F%E3%83%83%E3%82%AD%E3%83%BC%E8%9B%87%E5%B1%B1" n2="%73%69%67%65%6E%6F%72%69" n3="%65%2D%73%65%70%65%6E%3B" dan="17,16,18,16" rate="2144.69,2033.14,2248.46,2116.29" sx="F,M,M,M"/><TAIKYOKU oya="0"/><INIT seed="0,0,0,2,5,31" ten="250,250,250,250" oya="0" hai0="71,107,108,86,14,40,66,118,49,95,59,3,6" hai1="89,120,41,8,99,64,116,12,10,70,11,112,133" hai2="73,109,28,83,67,121,17,51,130,85,46,35,18" hai3="115,5,52,21,34,36,19,61,110,119,55,76,48"/><T69/><D118/><U82/><E116/><V88/><F121/><W63/><G119/><T62/><D107/><U32/><E120/><V4/><F109/><W30/><G115/><T68/><D3/><U54/><E112/><V100/><F130/><W113/><G113/><T47/><D108/><U45/><E133/><V114/><F114/><W125/><G36/><T122/><D122/><U74/><E70/><V50/><F67/><W80/><G5/><T94/><REACH who="0" step="1"/><D86/><REACH who="0" ten="240,250,250,250" step="2"/><U90/><E74/><V9/><F73/><W16/><G110/><T102/><D102/><U131/><E131/><V1/><F100/><W75/><G125/><T39/><D39/><U124/><E124/><V129/><F129/><W38/><G38/><T2/><D2/><U105/><E105/><V13/><F1/><W98/><G75/><T87/><D87/><U78/><E78/><V58/><F50/><W123/><G48/><T72/><D72/><U84/><E84/><V23/><F51/><W106/><G76/><T92/><D92/><U104/><E104/><V25/><F85/><W57/><G106/><T103/><D103/><U128/><E128/><V22/><F83/><W132/><G123/><T93/><D93/><U77/><E77/><V101/><F101/><W43/><G80/><T81/><D81/><U20/><E82/><V135/><F88/><W134/><G134/><T111/><D111/><U117/><E90/><V60/><F135/><W24/><G132/><T79/><D79/><U53/><E89/><V15/><F4/><W127/><G127/><T0/><D0/><U96/><E117/><RYUUKYOKU ba="0,1" sc="240,30,250,-10,250,-10,250,-10" hai0="6,14,40,47,49,59,62,66,68,69,71,94,95" /><INIT seed="0,1,1,3,4,68" ten="270,240,240,240" oya="0" hai0="111,24,60,106,18,113,61,28,27,112,116,12,130" hai1="67,102,49,118,88,100,55,21,82,4,54,2,8" hai2="37,56,25,134,80,13,40,22,53,114,119,133,34" hai3="93,98,128,108,43,10,1,15,71,105,29,16,92"/><T99/><D116/><U90/><E118/><V30/><F119/><W31/><G71/><T14/><D130/><U57/><E67/><V59/><F114/><W50/><G1/><T11/><D27/><U121/><E121/><V85/><F13/><W9/><G128/><T47/><D47/><U109/><E109/><V66/><F34/><W75/><G75/><T32/><D111/><U125/><E125/><V126/><F126/><W33/><G108/><T89/><D112/><U58/><E21/><V26/><F26/><W20/><G33/><T76/><D113/><U78/><E102/><V84/><F66/><W63/><G105/><T73/><D14/><U70/><E100/><V7/><F7/><W45/><G63/><T131/><D106/><U103/><E103/><V48/><F59/><W69/><G69/><T52/><D131/><U72/><REACH who="1" step="1"/><E70/><REACH who="1" ten="270,230,240,240" step="2"/><V5/><F22/><W38/><G9/><T120/><D11/><U132/><E132/><V101/><F101/><W3/><G3/><T81/><D120/><U0/><E0/><V79/><F134/><W96/><G10/><T122/><D122/><U36/><E36/><V77/><F37/><W127/><G38/><T6/><D32/><U94/><E94/><N who="3" m="36458" /><G127/><T110/><D110/><U23/><E23/><V64/><F133/><W135/><G135/><T51/><D28/><AGARI ba="1,2" hai="15,16,20,28,29,31,43,45,50,96,98" m="36458" machi="28" ten="30,2000,0" yaku="8,1,54,1" doraHai="68" who="3" fromWho="0" sc="270,-23,230,0,240,0,240,43" /><INIT seed="1,0,0,5,0,5" ten="247,230,240,283" oya="1" hai0="20,124,99,2,130,53,13,48,135,97,24,82,50" hai1="105,3,100,59,75,15,76,94,93,64,56,122,117" hai2="108,31,95,34,116,38,114,83,47,86,61,32,118" hai3="7,18,51,74,16,21,87,9,129,72,112,54,8"/><U69/><E117/><V109/><F95/><W123/><G112/><T79/><D2/><U41/><E122/><V35/><F114/><W10/><G123/><T125/><D130/><U68/><E3/><V0/><F0/><W1/><G129/><T120/><D13/><U92/><E41/><N who="2" m="22967" /><F31/><W6/><G1/><T30/><D135/><U115/><E115/><V52/><F61/><W91/><G72/><T126/><D120/><U80/><E105/><V98/><F98/><N who="0" m="37386" /><D53/><U132/><E100/><V17/><F17/><N who="3" m="6763" /><G21/><T39/><D39/><U119/><E119/><V62/><F52/><W12/><G74/><AGARI ba="0,0" hai="20,24,30,48,50,74,79,82,124,125,126" m="37386" machi="74" ten="30,1000,0" yaku="18,1" doraHai="5" who="0" fromWho="3" sc="247,10,230,0,240,0,283,-10" /><INIT seed="2,0,0,3,2,86" ten="257,230,240,273" oya="2" hai0="87,99,26,115,69,82,120,114,100,123,109,134,1" hai1="75,24,103,132,25,36,15,16,20,89,59,63,10" hai2="122,8,37,9,22,64,55,47,65,58,48,45,91" hai3="50,43,13,127,98,112,125,93,30,12,49,56,27"/><V105/><F122/><N who="0" m="46634" /><D69/><U96/><E132/><V41/><F105/><W131/><G131/><T79/><D1/><U72/><E36/><V67/><F22/><N who="3" m="15735" /><G112/><N who="0" m="43051" /><D26/><U135/><E135/><V32/><F32/><W84/><G84/><T34/><D34/><U130/><E25/><V18/><F18/><W113/><G113/><T52/><D52/><N who="1" m="34279" /><E103/><V73/><F73/><W2/><G2/><T108/><D134/><U0/><E0/><V31/><F31/><W77/><G77/><T42/><D42/><U119/><E130/><V124/><F124/><N who="3" m="47691" /><G43/><T53/><D53/><U126/><E126/><V83/><F45/><W76/><G76/><T111/><D100/><U40/><E40/><V118/><F41/><W7/><G56/><T90/><D99/><U116/><E75/><V54/><F47/><W104/><G7/><T29/><D29/><U95/><E72/><V117/><F37/><W60/><G60/><T78/><AGARI ba="0,0" hai="78,79,82,87,90,108,109,111" m="43051,46634" machi="78" ten="40,8000,1" yaku="14,1,34,2,52,1" doraHai="86" who="0" fromWho="0" sc="257,80,230,-20,240,-40,273,-20" /><INIT seed="3,0,0,0,2,12" ten="337,210,200,253" oya="3" hai0="120,31,101,37,116,97,85,59,29,45,106,40,134" hai1="25,55,100,84,86,124,9,67,99,32,43,130,110" hai2="128,35,5,26,90,38,69,44,78,56,80,81,87" hai3="122,107,4,8,64,112,133,11,6,14,28,7,131"/><W135/><G107/><T98/><D116/><U57/><E110/><V76/><F69/><W126/><G64/><T83/><D120/><U51/><E130/><V115/><F115/><W19/><G112/><T60/><D98/><U119/><E124/><V41/><F128/><W79/><G79/><T58/><D58/><U27/><E119/><V48/><F5/><N who="3" m="2155" /><G131/><T113/><D134/><N who="3" m="51209" /><G122/><T30/><D113/><U63/><E43/><V77/><F35/><W125/><G28/><T92/><D106/><U91/><E32/><V129/><F129/><W52/><G52/><T18/><D31/><U36/><E36/><V95/><REACH who="2" step="1"/><F26/><REACH who="2" ten="337,210,190,253" step="2"/><W49/><G49/><T109/><D37/><U46/><E27/><V33/><F33/><W62/><G62/><T118/><D60/><U123/><E25/><V71/><F71/><W61/><G61/><T96/><D118/><U23/><E123/><V10/><F10/><W127/><G127/><T66/><D66/><U65/><E9/><V89/><F89/><W121/><G121/><T16/><D30/><U111/><E67/><V1/><F1/><AGARI ba="0,1" hai="1,7,8,11,14,19,125,126" m="51209,2155" machi="1" ten="30,11600,0" yaku="20,1,34,2,52,1" doraHai="12" who="3" fromWho="2" sc="337,0,210,0,190,-116,253,126" owari="337,13.7,210,-19.0,74,-42.6,379,47.9" /></mjloggm>