<mjloggm ver="2.3"><GO type="225" lobby="0"/><UN n0="%56%65%6E%75%73%53%61%79" n1="%E3%83%B4%E3%82%A3%E3%83%AF%E3%82%B3%E3%82%B0%E3%83%8B" n2="%E3%83%88%E3%83%A9%E3%83%9E%E3%83%AB" n3="%6B%65%6E%6E%64%69" dan="16,16,16,16" rate="2183.40,2176.11,2104.61,2159.23" sx="M,M,M,M"/><TAIKYOKU oya="0"/><INIT seed="0,0,0,0,1,93" ten="250,250,250,250" oya="0" hai0="109,133,71,61,89,40,100,135,65,92,80,25,106" hai1="1,13,82,3,23,112,66,107,18,16,53,39,117" hai2="27,118,105,64,45,77,57,46,96,33,10,68,73" hai3="111,24,67,121,113,132,37,127,125,72,17,103,101"/><T15/><D109/><U91/><E117/><V119/><F73/><W81/><G81/><T63/><BYE who="3" /><D40/><UN n3="%6B%65%6E%6E%64%69" /><U110/><E39/><V5/><F77/><W90/><G113/><T6/><D80/><U94/><E107/><V29/><F57/><W97/><G111/><T102/><D106/><U98/><E110/><V56/><F56/><W35/><G37/><T99/><D25/><U30/><E66/><V84/><F84/><W50/><G72/><T60/><D6/><U69/><E69/><V20/><F20/><W122/><G67/><T86/><D15/><U14/><E53/><V47/><F64/><W76/><G76/><T126/><D126/><N who="3" m="48137" /><G50/><T115/><D115/><U114/><E30/><V83/><F83/><W8/><G132/><N who="0" m="50763" /><D86/><U44/><E114/><V54/><F54/><W31/><G90/><T38/><D38/><U19/><E112/><V120/><F68/><W32/><G32/><T55/><D55/><U75/><E44/><V28/><F28/><W43/><G43/><T95/><D92/><U104/><E104/><V12/><REACH who="2" step="1"/><F120/><REACH who="2" ten="250,250,240,250" step="2"/><W58/><G122/><T62/><AGARI ba="0,1" hai="60,61,62,63,65,71,89,95,99,100,102" m="50763" machi="62" ten="40,3900,0" yaku="20,1,52,1" doraHai="93" who="0" fromWho="0" sc="250,49,250,-13,240,-13,250,-13" /><INIT seed="0,1,0,5,0,44" ten="299,237,227,237" oya="0" hai0="5,56,22,50,87,134,30,94,70,3,130,102,16" hai1="31,12,19,17,97,109,105,57,63,11,108,68,127" hai2="122,18,59,129,99,4,39,1,65,77,118,64,74" hai3="40,28,106,73,110,114,55,95,36,89,33,43,52"/><T123/><D123/><U101/><E68/><V100/><F122/><W81/><G114/><T103/><D70/><U88/><E127/><V104/><F39/><W83/><G106/><T67/><D134/><U23/><E31/><V82/><F129/><W90/><G110/><T71/><D130/><U58/><E88/><N who="3" m="33898" /><G95/><T116/><D116/><U38/><E38/><V119/><F1/><W41/><G73/><T79/><D71/><U21/><E11/><V86/><F4/><W72/><G72/><T84/><D30/><U26/><REACH who="1" step="1"/><E57/><REACH who="1" ten="299,227,227,237" step="2"/><V126/><F126/><W132/><G36/><T46/><D56/><U10/><E10/><V96/><F59/><W80/><G132/><T120/><D120/><U32/><E32/><V37/><F37/><W92/><G33/><T62/><D3/><U42/><E42/><V125/><F125/><W2/><G2/><T76/><D76/><U98/><E98/><V20/><F99/><W112/><G112/><T6/><D79/><U133/><E133/><V14/><REACH who="2" step="1"/><F74/><REACH who="2" ten="299,227,217,237" step="2"/><W27/><G28/><T29/><D29/><U66/><AGARI ba="1,2" hai="12,17,19,21,23,26,58,63,66,97,101,105,108,109" machi="66" ten="30,2000,0" yaku="1,1,0,1,53,0" doraHai="44" doraHaiUra="69" who="1" fromWho="1" sc="299,-11,227,43,217,-6,237,-6" /><INIT seed="1,0,0,4,2,52" ten="288,270,211,231" oya="1" hai0="64,11,95,5,99,93,7,86,40,32,108,79,23" hai1="19,121,112,70,106,82,114,43,30,120,78,133,90" hai2="62,135,60,27,54,109,56,46,107,39,73,96,131" hai3="55,123,77,104,0,26,34,102,57,3,71,126,88"/><U118/><E30/><V59/><F73/><W67/><G123/><N who="1" m="47178" /><E19/><V1/><F1/><W72/><G126/><T8/><D108/><U116/><E43/><V100/><F109/><W87/><G71/><T48/><D64/><U119/><E70/><V98/><F131/><W44/><G67/><T125/><D125/><U75/><E133/><V21/><F135/><W15/><G44/><N who="0" m="25607" /><D32/><U85/><E106/><V110/><F98/><W2/><G15/><N who="0" m="5519" /><D99/><U129/><E129/><V115/><F110/><W20/><G34/><T13/><D23/><U74/><E75/><V24/><F115/><W16/><G104/><T113/><D113/><U58/><E58/><V53/><F39/><W29/><G72/><T25/><D25/><U91/><E91/><V45/><F27/><W68/><G68/><T4/><D7/><U51/><E51/><V9/><F9/><W97/><G29/><AGARI ba="0,0" hai="21,24,29,45,46,53,54,56,59,60,62,96,100,107" machi="29" ten="30,7700,0" yaku="7,1,9,1,52,2" doraHai="52" who="2" fromWho="3" sc="288,0,270,0,211,77,231,-77" /><INIT seed="2,0,0,4,0,1" ten="288,270,288,154" oya="2" hai0="42,95,103,30,11,9,79,123,90,23,18,28,20" hai1="31,86,19,104,54,71,112,84,85,12,127,67,102" hai2="29,39,76,3,100,98,52,24,78,48,10,69,121" hai3="106,81,7,37,87,135,129,22,40,105,38,16,96"/><V133/><F121/><W114/><G129/><T113/><D113/><U122/><E112/><V35/><F39/><W33/><G114/><T62/><D123/><U13/><E122/><V97/><F69/><W57/><G33/><T56/><D79/><U110/><E110/><V70/><F70/><W93/><G135/><T49/><D103/><U73/><E73/><V15/><F3/><W43/><G38/><T130/><D130/><U65/><E31/><N who="0" m="11817" /><D49/><U80/><E80/><V119/><F98/><W88/><G57/><T14/><D9/><U4/><E127/><V27/><F27/><W115/><G115/><T131/><D42/><U125/><E125/><V107/><F119/><W17/><G17/><T32/><D32/><U75/><E75/><V45/><REACH who="2" step="1"/><F133/><REACH who="2" ten="288,270,278,154" step="2"/><W117/><G117/><T53/><D131/><U55/><E71/><V108/><F108/><W6/><G106/><T36/><D36/><U2/><E2/><V51/><F51/><W116/><G105/><T74/><D74/><U8/><E104/><V101/><F101/><N who="3" m="60559" /><G116/><T134/><D134/><U77/><E102/><V59/><F59/><W63/><G37/><T50/><D50/><U111/><E111/><V25/><F25/><N who="3" m="14535" /><G63/><T0/><D0/><U109/><E109/><V26/><F26/><W120/><G120/><T82/><D62/><U46/><E46/><V5/><AGARI ba="0,1" hai="5,10,15,24,29,35,45,48,52,76,78,97,100,107" machi="5" ten="20,18000,2" yaku="1,1,0,1,7,1,52,1,54,1,53,1" doraHai="1" doraHaiUra="92" who="2" fromWho="2" sc="288,-60,270,-60,278,190,154,-60" /><INIT seed="2,1,0,2,4,28" ten="228,210,468,94" oya="2" hai0="53,21,130,73,12,18,84,7,104,127,108,22,95" hai1="14,8,121,96,50,114,41,61,9,115,40,37,99" hai2="90,85,3,76,54,13,42,0,119,6,107,36,46" hai3="112,71,70,11,24,56,80,102,74,93,128,118,124"/><V62/><F107/><W35/><G118/><T111/><D104/><U65/><E37/><V27/><F119/><W52/><G128/><T88/><D130/><U48/><E14/><V15/><F76/><W58/><G124/><T79/><D127/><U68/><E61/><V32/><F15/><W59/><G112/><T20/><D7/><U49/><E65/><V105/><F105/><W103/><G11/><N who="1" m="4170" /><E68/><V92/><F13/><W47/><G74/><T122/><D122/><U38/><E38/><V97/><F6/><W81/><G93/><T101/><D101/><U19/><E19/><V86/><F86/><W63/><G71/><T1/><D1/><U16/><E16/><V132/><F132/><W129/><G129/><T113/><D113/><N who="1" m="43019" /><E121/><V30/><F85/><W5/><G5/><T94/><D95/><U72/><E72/><V55/><REACH who="2" step="1"/><F62/><REACH who="2" ten="228,210,458,94" step="2"/><W10/><G63/><T100/><D73/><U134/><E134/><V135/><F135/><W17/><G10/><T66/><D84/><U23/><E23/><V110/><F110/><W77/><G77/><T78/><D78/><U75/><E75/><V120/><F120/><W29/><G81/><T31/><D79/><U89/><E89/><V98/><F98/><AGARI ba="1,1" hai="40,41,48,49,50,96,98,99" m="43019,4170" machi="98" ten="40,2600,0" yaku="28,2" doraHai="28" who="1" fromWho="2" sc="228,0,210,39,458,-29,94,0" /><INIT seed="3,0,0,0,0,41" ten="228,249,429,94" oya="3" hai0="55,126,96,22,84,108,119,105,81,74,50,114,104" hai1="133,65,58,9,123,76,7,77,3,19,44,90,100" hai2="23,132,49,86,131,25,26,0,18,61,59,118,56" hai3="10,129,113,88,62,115,87,130,120,83,109,48,40"/><W103/><G120/><T20/><D119/><U39/><E123/><V106/><F0/><W46/><G103/><T112/><D74/><U82/><E133/><V95/><F106/><N who="0" m="41066" /><D96/><U97/><E19/><V31/><F132/><W4/><G62/><T110/><D126/><U127/><E127/><V1/><F1/><W15/><REACH who="3" step="1"/><G109/><REACH who="3" ten="228,249,429,84" step="2"/><N who="0" m="42091" /><D112/><AGARI ba="0,1" hai="4,10,15,40,46,48,83,87,88,112,113,115,129,130" machi="112" ten="40,7700,0" yaku="1,1,52,1,54,1,53,0" doraHai="41" doraHaiUra="53" who="3" fromWho="0" sc="228,-77,249,0,429,0,84,87" /><INIT seed="3,1,0,1,4,92" ten="151,249,429,171" oya="3" hai0="131,49,21,32,63,19,12,113,95,74,52,116,9" hai1="121,2,56,30,104,87,82,60,16,83,120,62,10" hai2="4,79,111,86,97,117,58,84,127,85,115,26,27" hai3="75,42,59,47,38,96,91,122,93,64,44,69,81"/><W99/><G122/><T40/><D116/><U43/><E104/><V6/><F115/><W17/><G69/><T31/><D113/><U88/><E30/><V28/><F117/><W20/><G47/><N who="0" m="25831" /><D74/><U51/><E62/><V33/><F127/><W135/><G135/><T132/><D32/><U55/><E82/><V125/><F125/><W71/><G71/><T130/><D132/><U102/><E102/><V119/><F79/><W15/><G64/><T80/><D80/><U73/><E73/><V5/><F111/><W1/><G1/><T94/><D31/><U48/><E48/><V61/><F27/><W39/><G59/><N who="0" m="35303" /><D21/><U50/><E50/><V11/><F119/><W114/><G114/><T133/><D133/><U67/><E43/><V72/><F72/><W24/><G39/><T57/><D57/><U100/><E2/><V78/><F97/><W110/><G110/><T23/><D23/><U129/><E121/><V68/><F78/><W90/><G75/><T34/><D34/><U8/><E120/><V29/><F29/><W46/><G46/><T66/><D66/><U98/><E67/><V106/><F106/><W109/><G109/><T103/><D103/><U22/><E60/><V14/><F68/><W41/><G41/><T118/><D118/><U35/><E35/><V53/><AGARI ba="1,0" hai="4,5,6,11,14,26,28,33,53,58,61,84,85,86" machi="53" ten="30,1100,0" yaku="0,1" doraHai="92" who="2" fromWho="2" sc="151,-4,249,-4,429,14,171,-6" owari="147,-35.3,245,4.5,443,54.3,165,-23.5" /></mjloggm>