<mjloggm ver="2.3"><GO type="225" lobby="0"/><UN n0="%30%2E%31%32%30" n1="%E5%A4%96%E5%B7%9D%E7%AB%9C%E6%88%90" n2="%E3%81%B2%E3%81%AA%E3%81%AE%E3%82%8A%E3%81%8F" n3="%E7%9C%9F%E4%B8%80" dan="16,16,16,17" rate="2118.25,2130.78,2147.66,2247.85" sx="M,M,M,M"/><TAIKYOKU oya="0"/><INIT seed="0,0,0,2,3,39" ten="250,250,250,250" oya="0" hai0="133,112,17,97,8,59,18,107,50,22,93,134,24" hai1="14,7,62,69,35,99,85,3,29,52,102,116,84" hai2="123,71,117,86,55,135,32,58,79,119,9,100,67" hai3="78,105,103,91,30,89,43,125,104,19,2,31,10"/><T82/><D112/><U16/><E7/><V64/><F32/><W120/><G120/><T0/><D107/><U92/><E3/><V124/><F123/><W34/><G125/><T20/><D82/><U40/><E116/><V54/><F100/><W121/><G121/><T74/><D74/><U44/><E29/><V33/><F33/><W66/><G66/><T23/><D8/><U129/><E35/><V27/><F27/><W80/><G103/><T101/><D0/><U95/><E129/><V128/><F86/><W46/><G91/><T75/><D75/><U108/><E108/><V122/><F9/><W65/><G65/><T88/><D101/><U36/><E95/><V4/><F4/><N who="3" m="1303" /><G19/><T61/><D50/><N who="1" m="26887" /><E69/><V26/><F71/><W49/><G89/><T13/><REACH who="0" step="1"/><D22/><REACH who="0" ten="240,250,250,250" step="2"/><N who="1" m="11543" /><E36/><V132/><F122/><W115/><G115/><T70/><D70/><U73/><E73/><V63/><F119/><W57/><G105/><T21/><D21/><U131/><E131/><V109/><F117/><W83/><G104/><T45/><D45/><U81/><E81/><V106/><F128/><W68/><G83/><T51/><D51/><U28/><E28/><N who="3" m="10794" /><G68/><T72/><D72/><U1/><E1/><V37/><F106/><W11/><G34/><T130/><D130/><U25/><E25/><V114/><F37/><W113/><G113/><T118/><D118/><U90/><E102/><V42/><F114/><W56/><G11/><T48/><D48/><U38/><E38/><V53/><F26/><W96/><G49/><T110/><D110/><U126/><E126/><V94/><F109/><RYUUKYOKU ba="0,1" sc="240,15,250,15,250,-15,250,-15" hai0="13,17,18,20,23,24,59,61,88,93,97,133,134" hai1="52,62,84,85,90,92,99" /><INIT seed="0,1,1,5,2,126" ten="255,265,235,235" oya="0" hai0="109,27,110,87,102,78,14,75,41,81,52,35,12" hai1="104,64,91,30,50,76,7,39,40,15,106,23,48" hai2="130,84,93,26,97,59,96,20,65,132,49,66,118" hai3="51,61,19,44,86,54,22,116,36,5,117,72,18"/><T55/><D102/><U73/><E64/><V17/><F132/><W45/><G72/><T11/><D41/><U58/><E39/><V125/><F125/><W89/><G5/><T119/><D119/><U100/><E91/><V121/><F121/><W70/><G18/><T67/><D67/><U103/><E76/><V95/><F118/><W28/><G28/><N who="0" m="19871" /><D14/><U37/><E37/><V16/><F84/><W10/><G70/><T31/><D31/><U107/><E73/><V85/><F85/><W79/><G79/><T88/><D78/><U43/><E43/><V128/><F49/><W57/><G36/><T123/><D123/><U34/><E34/><V47/><F47/><W113/><G44/><T33/><D33/><U1/><E40/><V124/><F124/><W62/><G62/><T4/><D75/><U25/><E48/><V3/><F3/><W69/><G69/><T71/><D71/><U114/><E1/><V80/><F80/><N who="3" m="49351" /><G22/><T24/><D24/><U9/><REACH who="1" step="1"/><E114/><REACH who="1" ten="255,255,235,235" step="2"/><V92/><F65/><N who="3" m="39087" /><G113/><T131/><D55/><AGARI ba="1,2" hai="7,9,15,23,25,30,50,55,58,100,103,104,106,107" machi="55" ten="40,2600,0" yaku="1,1,53,1" doraHai="126" doraHaiUra="53" who="1" fromWho="0" sc="255,-29,255,49,235,0,235,0" /><INIT seed="1,0,0,5,0,110" ten="226,304,235,235" oya="1" hai0="124,86,128,78,108,102,116,46,89,100,66,63,85" hai1="10,120,68,2,133,0,19,98,59,104,65,88,55" hai2="112,42,56,1,135,44,134,17,22,64,81,94,39" hai3="6,121,58,36,79,101,29,41,45,27,23,113,48"/><U28/><E120/><V49/><F1/><W32/><G121/><T76/><D116/><U43/><E133/><N who="2" m="50699" /><F81/><W38/><G113/><T119/><D119/><U106/><E28/><V123/><F123/><W109/><G109/><T31/><D108/><U105/><E43/><V80/><F80/><W50/><G32/><T33/><D124/><U130/><E130/><V93/><F112/><W8/><G79/><N who="0" m="30251" /><D33/><U9/><E65/><V71/><F71/><W12/><REACH who="3" step="1"/><G101/><REACH who="3" ten="226,304,235,225" step="2"/><T107/><D102/><U47/><E106/><V52/><F64/><W24/><G24/><AGARI ba="0,1" hai="17,22,24,39,42,44,49,52,56,93,94" m="50699" machi="24" ten="30,2000,0" yaku="20,1,54,1" doraHai="110" who="2" fromWho="3" sc="226,0,304,0,235,30,225,-20" /><INIT seed="2,0,0,0,4,12" ten="226,304,265,205" oya="2" hai0="64,28,54,35,97,27,90,127,3,82,85,130,70" hai1="63,2,66,31,117,135,56,44,7,79,77,111,36" hai2="23,43,1,40,81,74,129,123,0,87,100,92,78" hai3="30,110,33,6,46,106,103,94,45,93,73,69,112"/><V114/><F114/><W18/><G112/><T96/><D130/><U15/><E117/><V80/><F123/><W37/><G69/><T13/><D3/><U88/><E2/><V16/><F129/><W10/><G73/><T75/><D127/><U51/><E36/><V24/><F1/><W72/><G72/><T99/><D75/><U95/><E31/><V47/><F0/><W29/><G18/><T102/><D54/><N who="1" m="30055" /><E111/><V26/><F26/><W116/><G116/><T84/><D84/><N who="1" m="52615" /><E135/><V60/><F60/><W42/><G110/><T4/><D64/><U57/><E57/><V52/><F92/><W86/><G46/><T14/><D70/><U118/><E118/><V20/><F20/><W68/><G68/><T120/><D120/><U22/><E22/><V76/><REACH who="2" step="1"/><F100/><REACH who="2" ten="226,304,255,205" step="2"/><W71/><G103/><T58/><D102/><U108/><E108/><V125/><F125/><W65/><G94/><T133/><D133/><U49/><E49/><AGARI ba="0,1" hai="16,23,24,40,43,47,49,52,74,76,78,80,81,87" machi="49" ten="40,12000,1" yaku="1,1,52,1,54,2,53,0" doraHai="12" doraHaiUra="8" who="2" fromWho="1" sc="226,0,304,-120,255,130,205,0" /><INIT seed="2,1,0,4,4,3" ten="226,184,385,205" oya="2" hai0="98,16,39,73,84,12,69,116,25,78,133,127,53" hai1="65,54,30,19,126,36,124,56,11,103,77,41,119" hai2="95,76,61,129,58,27,4,128,89,66,82,59,22" hai3="130,72,93,120,122,15,44,96,46,17,94,123,43"/><V88/><F4/><W24/><G130/><N who="2" m="50281" /><F59/><W26/><G72/><T23/><D69/><U134/><E119/><V107/><F95/><W13/><G13/><T18/><D39/><U6/><E134/><V50/><F50/><W99/><G99/><T97/><D73/><U62/><E103/><V91/><F107/><W2/><G2/><T14/><D133/><U42/><E30/><N who="2" m="17783" /><F91/><W92/><G96/><N who="0" m="36971" /><D127/><N who="1" m="48683" /><E77/><V29/><F29/><W47/><REACH who="3" step="1"/><G43/><REACH who="3" ten="226,184,385,195" step="2"/><T117/><D117/><U51/><E36/><V37/><F37/><W55/><G55/><T64/><D116/><U1/><E19/><V80/><F80/><W57/><G57/><AGARI ba="1,1" hai="1,6,11,41,42,51,54,56,57,62,65" m="48683" machi="57" ten="30,2000,0" yaku="18,1,52,1" doraHai="3" who="1" fromWho="3" sc="226,0,184,33,385,0,195,-23" /><INIT seed="3,0,0,0,5,75" ten="226,217,385,172" oya="3" hai0="67,85,65,34,3,31,57,0,73,58,63,41,51" hai1="116,69,55,114,120,36,28,17,102,12,98,135,52" hai2="45,95,60,4,86,78,6,113,130,13,83,117,61" hai3="121,84,68,91,2,27,109,56,82,47,16,23,131"/><W100/><G121/><T118/><D73/><U64/><E36/><V126/><F113/><W49/><G68/><T1/><D118/><U124/><E28/><V133/><F117/><W38/><G131/><T99/><D99/><U119/><E119/><V35/><F35/><W104/><G2/><T129/><D129/><U128/><E116/><V92/><F126/><W74/><G74/><T110/><D110/><U101/><E128/><V9/><F6/><W111/><G38/><T46/><D85/><U79/><E120/><V39/><F133/><W115/><G56/><T53/><D58/><U43/><E43/><V88/><F95/><W33/><G33/><T122/><D122/><U37/><E37/><V94/><F94/><W80/><G80/><T108/><D108/><N who="3" m="41545" /><G115/><T22/><D34/><U72/><E135/><V25/><F25/><W20/><G20/><T40/><D67/><U42/><E64/><V97/><F130/><W26/><G100/><T127/><D127/><U134/><E69/><V105/><F105/><W77/><G104/><T24/><AGARI ba="0,0" hai="0,1,3,22,24,31,40,41,46,51,53,57,63,65" machi="24" ten="40,1500,0" yaku="0,1" doraHai="75" who="0" fromWho="0" sc="226,15,217,-4,385,-4,172,-7" owari="241,4.1,213,-18.7,381,48.1,165,-33.5" /></mjloggm>