<mjloggm ver="2.3"><GO type="225" lobby="0"/><UN n0="%72%61%6B%33" n1="%E5%84%AA%40%41%42%43" n2="%E6%A1%9C%E8%8A%B1%E9%96%83%E3%80%85" n3="%E3%82%A2%E3%83%BC%E3%83%A2%E3%83%AD%E3%83%BC%E3%83%B4%E3%82%A1" dan="16,17,16,16" rate="2055.60,2163.70,2064.57,2186.87" sx="M,M,M,M"/><TAIKYOKU oya="0"/><INIT seed="0,0,0,3,0,63" ten="250,250,250,250" oya="0" hai0="109,0,59,11,79,75,95,105,1,28,133,78,6" hai1="56,32,2,58,121,118,69,126,115,94,35,71,60" hai2="9,25,51,46,45,23,96,24,10,48,7,120,62" hai3="135,102,5,12,67,104,107,86,89,64,4,88,91"/><T30/><D105/><N who="3" m="40521" /><G12/><T27/><D133/><U93/><E121/><V43/><F120/><W116/><G86/><T99/><D0/><U124/><E2/><V128/><F128/><W111/><G135/><T19/><D109/><U87/><E60/><V54/><F96/><W38/><G111/><T90/><D30/><U49/><E87/><V61/><F25/><W16/><G16/><T114/><D114/><U119/><REACH who="1" step="1"/><E49/><REACH who="1" ten="250,240,250,250" step="2"/><V52/><F43/><W103/><G38/><T53/><D75/><U55/><E55/><V117/><F117/><W74/><G74/><T40/><D40/><U34/><E34/><V85/><F85/><W26/><G116/><T132/><D132/><U113/><AGARI ba="0,1" hai="32,35,56,58,69,71,93,94,113,115,118,119,124,126" machi="113" ten="25,6400,0" yaku="1,1,0,1,22,2,53,0" doraHai="63" doraHaiUra="8" who="1" fromWho="1" sc="250,-32,240,74,250,-16,250,-16" /><INIT seed="1,0,0,3,2,49" ten="218,314,234,234" oya="1" hai0="43,3,130,29,80,121,17,50,10,104,105,89,74" hai1="84,41,134,26,23,33,16,31,127,48,101,28,118" hai2="114,68,55,38,52,9,58,123,120,91,102,103,45" hai3="57,36,27,79,93,107,97,94,65,132,56,46,0"/><U8/><E118/><V88/><F68/><W60/><G0/><T128/><D29/><U126/><E134/><V116/><F116/><W124/><G132/><T92/><D121/><U122/><E122/><V72/><F72/><W115/><G115/><T113/><D113/><U135/><E135/><V78/><F114/><W125/><G79/><N who="0" m="44151" /><D17/><U87/><E101/><N who="2" m="38411" /><F38/><W44/><G107/><N who="0" m="41035" /><D10/><U18/><E8/><V83/><F120/><W62/><G27/><T71/><D50/><U106/><E106/><V66/><F123/><W64/><REACH who="3" step="1"/><G97/><REACH who="3" ten="218,314,234,224" step="2"/><T111/><D3/><U63/><E26/><V11/><F78/><W40/><G40/><T13/><D43/><U86/><E41/><V2/><F2/><W108/><G108/><T30/><D111/><U42/><E42/><V37/><F37/><AGARI ba="0,1" hai="36,37,44,46,56,57,60,62,64,65,93,94,124,125" machi="37" ten="25,3200,0" yaku="1,1,22,2,53,0" doraHai="49" doraHaiUra="5" who="3" fromWho="2" sc="218,0,314,0,234,-32,224,42" /><INIT seed="2,0,0,0,3,6" ten="218,314,202,266" oya="2" hai0="16,15,88,11,52,133,13,2,79,127,109,122,78" hai1="108,96,53,117,24,115,75,73,69,132,128,48,83" hai2="34,23,42,49,84,12,5,95,27,0,50,85,134" hai3="118,82,74,123,32,87,21,81,126,55,116,57,1"/><V98/><F134/><W31/><G123/><T114/><D122/><U111/><E115/><V9/><F34/><W46/><G32/><T38/><D114/><U26/><E117/><V44/><F0/><W100/><G1/><T14/><D38/><U20/><E69/><V39/><F50/><W59/><G100/><T77/><D133/><U80/><E132/><V66/><F66/><W10/><G10/><T65/><D109/><U63/><E63/><V92/><F39/><W60/><G46/><T120/><D120/><U125/><E96/><V121/><F121/><W67/><G126/><T99/><D127/><U40/><E40/><V94/><REACH who="2" step="1"/><F98/><REACH who="2" ten="218,314,192,266" step="2"/><W7/><G67/><T28/><D2/><U35/><E35/><V25/><F25/><W58/><G116/><T64/><D64/><U102/><E48/><V71/><F71/><W103/><G118/><T90/><D65/><U76/><E24/><V19/><AGARI ba="0,1" hai="5,9,12,19,23,27,42,44,49,84,85,92,94,95" machi="19" ten="30,12000,1" yaku="1,1,0,1,8,1,52,1,53,1" doraHai="6" doraHaiUra="36" who="2" fromWho="2" sc="218,-40,314,-40,192,130,266,-40" /><INIT seed="2,1,0,2,5,46" ten="178,274,322,226" oya="2" hai0="79,62,55,24,40,61,88,1,11,17,45,16,26" hai1="36,131,76,4,42,66,51,99,81,47,15,115,60" hai2="121,91,63,53,135,58,54,21,106,18,128,75,112" hai3="95,30,124,110,32,74,129,2,93,82,97,90,126"/><V67/><F121/><W86/><G2/><T87/><D79/><U44/><E115/><V9/><F112/><W83/><G30/><T5/><D24/><U107/><E131/><V77/><F135/><W132/><G32/><T125/><D125/><N who="3" m="48233" /><G129/><T8/><D55/><U50/><E99/><V113/><F113/><W96/><G132/><T94/><D17/><U12/><E107/><V127/><F127/><W133/><G133/><T20/><REACH who="0" step="1"/><D11/><REACH who="0" ten="168,274,322,226" step="2"/><U14/><E76/><V39/><F54/><W7/><G7/><T103/><D103/><U108/><E4/><V119/><F9/><W19/><G19/><T123/><D123/><U65/><E42/><V117/><F77/><N who="3" m="44343" /><G110/><T0/><D0/><U109/><E108/><V70/><F128/><W59/><G59/><T111/><D111/><U92/><E109/><V98/><F18/><W73/><G73/><T27/><D27/><U31/><E12/><V122/><F75/><W37/><G37/><AGARI ba="1,1" hai="1,5,8,16,20,26,37,40,45,61,62,87,88,94" machi="37" ten="30,8000,1" yaku="1,1,7,1,54,2,53,1" doraHai="46" doraHaiUra="6" who="0" fromWho="3" sc="168,93,274,0,322,0,226,-83" /><INIT seed="3,0,0,2,4,107" ten="261,274,322,143" oya="3" hai0="20,64,4,75,33,73,130,70,106,8,94,76,101" hai1="103,124,46,128,65,121,66,57,35,122,99,27,69" hai2="112,92,89,12,51,41,120,90,131,36,100,48,43" hai3="60,93,98,6,55,0,77,83,82,42,38,127,111"/><W63/><G127/><T23/><D33/><U32/><E124/><V87/><F112/><W16/><G83/><T81/><D106/><U13/><E128/><V113/><F113/><W21/><G55/><T133/><D130/><U45/><E13/><V117/><F131/><W19/><G111/><T18/><D133/><U58/><E99/><V78/><F117/><W59/><G0/><T135/><D135/><U47/><E27/><V74/><F120/><W11/><G38/><T104/><D104/><U44/><E44/><V1/><F1/><W110/><G42/><T86/><D70/><U62/><E103/><V40/><F100/><W30/><G110/><T54/><D64/><U22/><E22/><V114/><F36/><W49/><G49/><T67/><D67/><N who="1" m="25611" /><E62/><N who="3" m="23594" /><G59/><N who="1" m="22538" /><E69/><V80/><F114/><W105/><G105/><T9/><D54/><U5/><E5/><V14/><F51/><W7/><G30/><T37/><D37/><U134/><E134/><V29/><F29/><W102/><G11/><T96/><D8/><U72/><E72/><V97/><REACH who="2" step="1"/><F48/><REACH who="2" ten="261,274,312,143" step="2"/><W119/><G119/><T108/><D108/><U85/><E121/><V10/><F10/><W39/><G39/><T17/><D9/><U71/><E122/><V24/><F24/><N who="3" m="14375" /><G19/><T129/><D129/><U118/><E118/><V50/><F50/><W53/><G53/><T125/><D125/><U25/><E71/><V61/><F61/><W52/><G52/><T34/><D4/><U56/><E56/><V28/><F28/><W68/><G68/><T15/><D34/><N who="1" m="12843" /><E25/><AGARI ba="0,1" hai="15,17,18,20,23,25,73,75,76,81,86,94,96,101" machi="25" ten="30,3900,0" yaku="7,1,52,2" doraHai="107" who="0" fromWho="1" sc="261,49,274,-39,312,0,143,0" owari="310,11.0,235,-16.5,312,41.2,143,-35.7" /></mjloggm>