<mjloggm ver="2.3"><GO type="225" lobby="0"/><UN n0="%53%63%61%6E%64%61%6C" n1="%E3%83%96%E3%83%A9%E3%82%B6%E3%83%BC" n2="%E6%80%AA%E3%81%97%E3%81%99%E3%81%8E%E3%82%8B%E3%83%81%E3%83%BC" n3="%6D%75%75%6D%75%72%61" dan="16,16,17,16" rate="2060.22,2084.21,2172.32,2096.82" sx="M,M,M,F"/><TAIKYOKU oya="0"/><INIT seed="0,0,0,3,2,61" ten="250,250,250,250" oya="0" hai0="125,110,91,112,119,83,55,41,127,65,22,48,115" hai1="64,56,11,130,99,60,13,74,39,121,15,131,100" hai2="94,5,118,45,122,128,79,105,117,32,31,96,37" hai3="104,93,10,35,42,20,34,8,106,101,72,71,120"/><T14/><D119/><N who="2" m="45578" /><F122/><W4/><G72/><T113/><D41/><U33/><E121/><V19/><F128/><N who="1" m="49193" /><E74/><V114/><F114/><W73/><G120/><T85/><D110/><U95/><E33/><V29/><F105/><W98/><G73/><T68/><D68/><U108/><E108/><V27/><F79/><W25/><G42/><T132/><D132/><U70/><E39/><V1/><F29/><W54/><G54/><T46/><REACH who="0" step="1"/><D65/><REACH who="0" ten="240,250,250,250" step="2"/><U134/><E134/><V62/><F37/><W124/><G71/><T109/><D109/><U133/><E133/><V89/><F62/><W76/><G124/><T88/><D88/><U103/><E70/><V111/><F111/><W23/><G76/><T2/><D2/><U47/><E60/><V24/><F1/><W126/><G126/><T75/><D75/><U16/><E100/><V97/><F89/><W135/><G135/><T51/><D51/><U50/><E50/><V43/><F43/><W58/><G101/><T92/><D92/><U52/><E103/><V28/><F94/><W7/><G93/><T0/><D0/><U36/><E95/><V86/><F97/><W87/><G98/><T84/><D84/><U40/><E99/><V30/><F86/><W90/><G87/><T78/><D78/><U26/><E64/><V66/><F96/><W6/><G90/><T123/><D123/><U69/><E69/><V3/><F66/><W53/><G104/><T21/><D21/><N who="1" m="13607" /><E11/><N who="3" m="4138" /><G106/><T116/><D116/><U67/><E67/><V17/><F3/><W49/><G23/><T102/><D102/><U9/><E9/><RYUUKYOKU ba="0,1" sc="240,10,250,10,250,-30,250,10" hai0="14,22,46,48,55,83,85,91,112,113,115,125,127" hai1="13,15,36,40,47,52,56" hai3="4,6,7,20,25,34,35,49,53,58" /><INIT seed="0,1,1,4,3,14" ten="250,260,220,260" oya="0" hai0="36,21,78,125,51,33,9,103,20,94,70,8,44" hai1="84,100,59,19,50,117,128,135,86,97,40,90,131" hai2="52,35,23,110,3,127,87,98,26,34,85,102,83" hai3="43,4,123,37,64,112,114,1,91,6,72,15,92"/><T134/><D134/><U58/><E117/><V95/><F110/><W106/><G123/><T42/><D125/><U17/><E135/><V47/><F127/><W118/><G118/><T109/><D109/><U104/><E86/><V82/><F3/><W130/><G130/><N who="1" m="49706" /><E40/><V132/><F132/><W69/><G106/><T55/><D70/><U48/><E59/><V73/><F73/><W5/><G1/><T18/><D33/><U60/><E50/><N who="2" m="28767" /><F35/><W126/><G72/><T31/><D31/><U105/><E48/><V121/><F34/><W27/><G126/><T119/><D119/><U49/><E49/><V77/><F121/><W30/><G43/><T99/><D78/><U62/><E105/><V122/><F122/><W61/><G37/><T38/><D36/><U10/><E10/><V28/><F77/><W2/><G2/><T45/><REACH who="0" step="1"/><D21/><REACH who="0" ten="240,260,220,260" step="2"/><U124/><E124/><V13/><F23/><W41/><G114/><T116/><D116/><U81/><E62/><V107/><F28/><W57/><G112/><T129/><D129/><U56/><E56/><V24/><F24/><AGARI ba="1,2" hai="8,9,18,20,24,38,42,44,45,51,55,94,99,103" machi="24" ten="30,5800,0" yaku="1,1,7,1,52,1,53,0" doraHai="14" doraHaiUra="32" who="0" fromWho="2" sc="240,81,260,0,220,-61,260,0" /><INIT seed="0,2,0,2,1,83" ten="321,260,159,260" oya="0" hai0="71,68,133,129,24,21,60,113,29,88,17,57,4" hai1="44,14,134,75,8,78,0,97,91,48,49,103,131" hai2="53,58,126,105,81,127,32,2,112,128,74,3,5" hai3="106,119,66,92,111,12,89,11,28,118,73,43,65"/><T6/><D113/><U45/><E131/><V98/><F112/><W135/><G111/><T102/><D133/><U31/><E134/><V51/><F128/><W90/><G135/><T104/><D129/><U61/><E0/><V23/><F32/><W115/><G115/><T72/><D72/><U46/><E31/><V10/><F3/><W25/><G106/><T1/><D1/><U42/><E75/><V114/><F114/><W20/><G43/><T79/><D79/><U107/><E78/><V95/><F105/><W121/><G73/><T16/><D102/><U101/><E61/><V27/><F81/><W47/><G47/><T9/><D104/><U108/><E108/><V93/><F74/><W69/><G121/><T33/><D9/><U110/><E110/><V116/><F116/><W26/><G26/><T84/><D68/><U56/><E101/><V19/><REACH who="2" step="1"/><F98/><REACH who="2" ten="321,260,149,260" step="2"/><W59/><G118/><T22/><D33/><U109/><E109/><V67/><F67/><W124/><G66/><N who="0" m="39183" /><D71/><U132/><E132/><V39/><F39/><W70/><G70/><T40/><D40/><U94/><E107/><V34/><F34/><W15/><G69/><T85/><D29/><U30/><E30/><V86/><F86/><W37/><G28/><T100/><D84/><U82/><E42/><V76/><F76/><W99/><G37/><T7/><D85/><U52/><E97/><V80/><F80/><W38/><G38/><T55/><D55/><U96/><E82/><V64/><F64/><W123/><G99/><T117/><D117/><U77/><E96/><V122/><F122/><RYUUKYOKU ba="2,1" sc="321,-10,260,-10,149,30,260,-10" hai2="2,5,10,19,23,27,51,53,58,93,95,126,127" /><INIT seed="1,3,1,0,2,112" ten="311,250,179,250" oya="1" hai0="120,11,46,18,35,32,15,57,70,117,134,118,37" hai1="98,97,93,119,94,56,115,84,47,96,2,5,43" hai2="28,74,73,126,114,39,14,34,9,25,24,53,21" hai3="127,122,48,132,113,10,0,7,60,90,12,75,101"/><U40/><E119/><N who="0" m="45577" /><D70/><U86/><E115/><V61/><F126/><W129/><G129/><T50/><D57/><U71/><E71/><V100/><F114/><W45/><G132/><T6/><D37/><U133/><E133/><V105/><F39/><W58/><G122/><T38/><D38/><U108/><E108/><V33/><F100/><W67/><G113/><T72/><D72/><U4/><E47/><V95/><F105/><W131/><G127/><T102/><D102/><U130/><E56/><V135/><F135/><W29/><G131/><T17/><D50/><U103/><E130/><V69/><F95/><W52/><G75/><T1/><D46/><U87/><E2/><V76/><F53/><W128/><G128/><T30/><D134/><U31/><E31/><V19/><F76/><W13/><G101/><T121/><D18/><U8/><E8/><V81/><F81/><W62/><G62/><T55/><D55/><U88/><E97/><V80/><F80/><W41/><G41/><AGARI ba="3,1" hai="4,5,40,41,43,84,86,87,88,93,94,96,98,103" machi="41" ten="40,3900,0" yaku="8,1,54,1" doraHai="112" who="1" fromWho="3" sc="311,0,250,58,179,0,250,-48" /><INIT seed="1,4,0,3,2,73" ten="311,308,179,202" oya="1" hai0="68,82,59,135,33,14,124,88,18,26,112,27,108" hai1="109,126,44,39,22,47,71,51,105,7,13,111,0" hai2="79,57,46,21,54,103,50,133,8,17,37,35,55" hai3="101,16,61,100,11,131,115,41,107,19,28,130,12"/><U113/><E113/><V66/><F35/><W97/><G115/><T62/><D68/><U120/><E120/><V106/><F133/><W75/><G75/><T2/><D2/><U123/><E123/><V30/><F66/><W42/><G100/><T48/><D135/><U63/><E105/><V129/><F129/><N who="3" m="49163" /><G28/><T92/><D108/><N who="1" m="41547" /><E126/><V110/><F110/><W34/><G34/><T118/><D118/><U1/><E39/><V84/><F37/><W38/><G38/><T80/><D48/><U99/><E99/><V125/><F125/><W53/><G19/><T119/><D119/><U4/><E22/><V72/><F72/><W85/><G85/><N who="0" m="52239" /><D112/><U52/><E47/><V43/><F106/><W15/><G15/><T49/><D49/><U132/><E132/><V94/><F103/><W83/><G83/><N who="0" m="31787" /><D33/><U127/><E127/><V69/><F69/><W36/><G36/><T64/><D124/><U93/><E13/><V32/><F32/><W128/><N who="3" m="49171" /><W90/><DORA hai="87" /><G90/><T121/><D121/><U40/><E93/><V81/><F94/><W86/><G86/><T56/><D56/><AGARI ba="4,0" hai="11,12,16,41,42,53,56,61,97,101,107" m="49171" machi="56" ten="40,2600,0" yaku="19,1,54,1" doraHai="73,87" who="3" fromWho="0" sc="311,-38,308,0,179,0,202,38" /><INIT seed="2,0,0,2,4,16" ten="273,308,179,240" oya="2" hai0="50,34,88,58,121,74,42,3,104,83,45,85,35" hai1="105,68,77,116,70,133,103,8,114,15,106,33,112" hai2="41,46,9,107,72,10,27,78,53,40,115,62,32" hai3="59,134,135,129,2,94,95,102,31,128,47,109,81"/><V91/><F115/><W60/><G2/><T122/><D104/><U65/><E33/><V11/><F107/><W108/><G31/><T22/><D3/><U20/><E116/><V43/><F91/><W63/><G47/><T132/><D132/><N who="3" m="50729" /><G81/><T23/><D74/><U84/><E103/><V87/><F72/><W127/><G127/><T80/><D58/><U131/><E65/><V79/><F87/><W75/><G75/><T76/><D35/><U13/><E8/><V113/><F113/><W6/><G6/><T24/><D34/><U38/><E38/><V54/><F32/><W14/><G14/><T29/><REACH who="0" step="1"/><D22/><REACH who="0" ten="263,308,179,240" step="2"/><U82/><E20/><V99/><F27/><W100/><G59/><T12/><D12/><U5/><E13/><V61/><F99/><W117/><G117/><T52/><D52/><N who="2" m="20074" /><F46/><W123/><G128/><T126/><D126/><U25/><E131/><V26/><F26/><W101/><G129/><T92/><D92/><N who="3" m="35369" /><G123/><T111/><D111/><AGARI ba="0,1" hai="60,63,100,101,102,108,109,111" m="35369,50729" machi="111" ten="40,8000,1" yaku="28,2,14,1,20,1" doraHai="16" who="3" fromWho="0" sc="263,-80,308,0,179,0,240,90" /><INIT seed="3,0,0,2,3,47" ten="183,308,179,330" oya="3" hai0="63,32,85,99,106,107,79,53,73,100,83,50,67" hai1="97,76,112,117,134,31,98,120,29,33,65,61,28" hai2="51,18,55,35,75,92,40,30,88,14,127,113,64" hai3="126,39,110,42,56,81,8,84,24,45,49,23,78"/><W74/><G126/><T90/><D32/><U116/><E112/><V52/><F113/><W95/><G110/><T114/><D114/><U72/><E120/><V27/><F127/><W48/><G8/><T129/><D129/><U135/><E33/><V13/><F75/><W37/><G74/><T101/><D100/><U4/><E4/><V123/><F123/><W6/><G6/><T44/><D106/><U0/><E0/><V60/><F40/><W69/><G69/><T59/><REACH who="0" step="1"/><D73/><REACH who="0" ten="173,308,179,330" step="2"/><U89/><E72/><V71/><F18/><W128/><G128/><T94/><D94/><U122/><E122/><V43/><F43/><W130/><G95/><T96/><D96/><U36/><E97/><V119/><F119/><W111/><G42/><T7/><D7/><U34/><E34/><V125/><F125/><W25/><G130/><T22/><D22/><U20/><E20/><V102/><F102/><W17/><G23/><T118/><D118/><U133/><E116/><V105/><F105/><W82/><G17/><T62/><D62/><U121/><E117/><V124/><F124/><W80/><G111/><T109/><D109/><U108/><E108/><V70/><F70/><W10/><G84/><T58/><D58/><N who="1" m="37047" /><E121/><V104/><F104/><W16/><G56/><T46/><D46/><U1/><E98/><N who="2" m="57607" /><F55/><W41/><G37/><T3/><D3/><U12/><E36/><V54/><F54/><W21/><G21/><T91/><AGARI ba="0,1" hai="44,50,53,59,63,67,79,83,85,90,91,99,101,107" machi="91" ten="30,4000,0" yaku="1,1,0,1,52,1,53,0" doraHai="47" doraHaiUra="38" who="0" fromWho="0" sc="173,50,308,-10,179,-10,330,-20" owari="223,-17.7,298,9.8,169,-33.1,310,41.0" /></mjloggm>