<mjloggm ver="2.3"><GO type="225" lobby="0"/><UN n0="%E8%81%B7%E6%A5%AD%E3%80%81%E9%A2%A8%32" n1="%72%65%6E%6B%75%6E" n2="%E3%83%B4%E3%83%A0%EF%BC%99%E3%81%A6" n3="%6D%75%75%6D%75%72%61" dan="16,17,17,16" rate="2090.98,2309.91,2233.55,2139.62" sx="M,M,M,F"/><TAIKYOKU oya="0"/><INIT seed="0,0,0,0,1,32" ten="250,250,250,250" oya="0" hai0="86,60,3,126,91,90,84,79,69,53,49,88,116" hai1="63,112,30,10,12,134,121,135,99,76,106,100,34" hai2="38,87,56,77,85,117,98,75,92,110,122,129,95" hai3="17,70,14,108,48,52,81,42,57,78,11,26,55"/><T74/><D3/><U133/><E121/><V21/><F38/><W82/><G108/><T19/><D116/><U62/><E112/><V44/><F122/><W2/><G70/><T105/><D126/><U73/><E34/><V5/><F110/><W41/><G2/><T58/><D105/><U96/><E30/><V9/><F129/><W59/><G26/><T103/><D74/><U35/><E35/><V50/><F56/><W131/><G131/><T33/><D33/><U13/><E96/><V27/><F75/><W119/><G119/><T61/><D69/><U128/><E128/><V37/><F37/><W6/><G6/><T115/><D115/><U118/><E118/><V97/><F97/><W51/><REACH who="3" step="1"/><G81/><REACH who="3" ten="250,250,250,240" step="2"/><N who="0" m="47167" /><D103/><U22/><E12/><V124/><F27/><W8/><G8/><T104/><D104/><U80/><REACH who="1" step="1"/><E22/><REACH who="1" ten="250,240,250,240" step="2"/><V36/><F21/><W43/><G43/><T47/><D19/><AGARI ba="0,2" hai="10,13,19,62,63,73,76,80,99,100,106,133,134,135" machi="19" ten="40,8000,1" yaku="1,1,2,1,20,1,53,1" doraHai="32" doraHaiUra="7" who="1" fromWho="0" sc="250,-80,240,100,250,0,240,0" /><INIT seed="1,0,0,4,2,100" ten="170,340,250,240" oya="1" hai0="83,25,57,89,3,129,40,94,13,93,58,109,110" hai1="66,1,14,50,2,78,5,30,82,81,95,99,67" hai2="8,72,88,27,127,21,44,121,123,70,48,34,54" hai3="20,73,128,115,135,104,134,51,120,62,33,111,126"/><U29/><E2/><V108/><F72/><W133/><RYUUKYOKU type="yao9" ba="0,0" sc="170,0,340,0,250,0,240,0" hai3="20,33,51,62,73,104,111,115,120,126,128,133,134,135" /><INIT seed="1,1,0,4,5,0" ten="170,340,250,240" oya="1" hai0="19,6,16,78,109,70,92,46,44,100,82,129,134" hai1="35,13,57,38,67,42,118,69,54,127,76,47,5" hai2="49,48,86,81,93,20,1,30,72,56,8,101,97" hai3="14,60,77,59,112,12,133,114,32,108,65,111,83"/><U96/><E118/><V84/><F72/><W45/><G32/><T98/><D70/><U18/><E35/><V23/><F84/><W58/><G133/><T21/><D134/><U120/><E120/><V73/><F73/><W107/><G107/><T115/><D115/><U91/><E76/><V87/><F87/><W116/><G116/><T95/><D129/><U85/><E96/><V28/><F20/><W27/><G45/><T62/><D109/><N who="3" m="42057" /><G27/><N who="0" m="14759" /><D62/><U66/><E69/><V117/><F117/><W110/><N who="3" m="42065" /><W126/><DORA hai="10" /><G126/><T90/><D78/><U15/><E5/><V74/><F74/><N who="3" m="43447" /><G59/><T79/><D79/><U125/><E125/><V63/><F56/><W132/><G132/><T103/><D6/><U31/><E31/><V105/><F105/><W130/><G130/><T64/><D64/><U7/><E66/><V4/><F28/><W11/><G11/><T2/><D2/><U131/><E67/><V53/><F30/><W41/><G41/><T104/><D104/><U122/><E131/><V124/><F124/><W36/><G36/><T26/><D82/><U50/><E127/><V113/><F113/><AGARI ba="1,0" hai="12,14,58,60,65,112,113,114" m="43447,42065" machi="113" ten="40,5200,0" yaku="14,1,52,2" doraHai="0,10" who="3" fromWho="2" sc="170,0,340,0,250,-55,240,55" /><INIT seed="2,0,0,1,4,20" ten="170,340,195,295" oya="2" hai0="92,45,82,109,122,32,12,77,41,27,64,97,123" hai1="58,42,7,100,88,101,39,95,30,25,21,84,18" hai2="11,132,94,133,36,65,40,8,33,120,93,62,116" hai3="61,23,15,60,70,76,72,43,129,4,68,125,79"/><V81/><F116/><W3/><G3/><T1/><D1/><U48/><E7/><V56/><F120/><N who="0" m="46122" /><D109/><U54/><E39/><V28/><F81/><W135/><G135/><N who="2" m="51785" /><F36/><W71/><G129/><T13/><D64/><U6/><E42/><V63/><F40/><W34/><G125/><T51/><D82/><U105/><E105/><V113/><F113/><W118/><G118/><T22/><D77/><U57/><E6/><V67/><F28/><W52/><G4/><T98/><D32/><U0/><E0/><V91/><F33/><W107/><G34/><T16/><D98/><U24/><E57/><V9/><F91/><W55/><G43/><T126/><D126/><U47/><E58/><AGARI ba="0,0" hai="8,9,11,56,58,62,63,65,67,93,94" m="51785" machi="58" ten="30,1500,0" yaku="20,1" doraHai="20" who="2" fromWho="1" sc="170,0,340,-15,195,15,295,0" /><INIT seed="2,1,0,2,3,29" ten="170,325,210,295" oya="2" hai0="26,88,18,24,39,134,5,79,95,90,48,96,92" hai1="119,19,86,61,49,97,31,44,68,8,17,89,87" hai2="83,84,98,122,91,75,130,111,74,55,20,50,57" hai3="124,36,34,93,77,43,9,25,109,102,105,104,41"/><V78/><F122/><W115/><G109/><T52/><D39/><U133/><E119/><V11/><F111/><W108/><G108/><T120/><D120/><U65/><E133/><V62/><F130/><W64/><G124/><T114/><D114/><U85/><E31/><V42/><F11/><W69/><G115/><T58/><D134/><U127/><E127/><V123/><F123/><W63/><G77/><T30/><D79/><U15/><E97/><V14/><F98/><N who="3" m="61527" /><G105/><T54/><D5/><U47/><E47/><V53/><F42/><W94/><G9/><T116/><D116/><U82/><REACH who="1" step="1"/><E17/><REACH who="1" ten="170,315,210,295" step="2"/><N who="2" m="10295" /><F75/><W107/><G107/><T126/><D126/><U113/><E113/><V4/><F74/><W12/><G43/><AGARI ba="1,1" hai="8,15,19,43,44,49,61,65,68,82,85,86,87,89" machi="43" ten="30,2000,0" yaku="1,1,7,1,53,0" doraHai="29" doraHaiUra="106" who="1" fromWho="3" sc="170,0,315,33,210,0,295,-23" /><INIT seed="3,0,0,5,1,83" ten="170,348,210,272" oya="3" hai0="49,41,79,100,62,97,105,46,64,19,26,115,31" hai1="70,125,73,22,84,44,119,127,82,38,45,129,2" hai2="1,0,134,120,23,40,6,10,57,88,21,128,50" hai3="101,4,106,11,133,94,25,118,76,32,14,75,27"/><W123/><G118/><T28/><D115/><U9/><E70/><V54/><F0/><W36/><G106/><T30/><D79/><N who="1" m="44399" /><E119/><V72/><F72/><W111/><G123/><T117/><D117/><U55/><E129/><V107/><F128/><W34/><G75/><T110/><D110/><U52/><E84/><V37/><F134/><W92/><G76/><T81/><D81/><U3/><E22/><V124/><F124/><N who="1" m="47689" /><E9/><V104/><F120/><W85/><G36/><T51/><D51/><N who="1" m="28775" /><E55/><V121/><F6/><W24/><G133/><T93/><D19/><U63/><E63/><V90/><F1/><W16/><G111/><T47/><D47/><U15/><E15/><V43/><F104/><W33/><G85/><T77/><D77/><U126/><E126/><V12/><F90/><W17/><REACH who="3" step="1"/><G92/><REACH who="3" ten="170,348,210,262" step="2"/><T48/><D48/><U65/><E65/><V131/><F107/><W99/><AGARI ba="0,1" hai="4,11,14,16,17,24,25,27,32,33,34,94,99,101" machi="99" ten="40,12000,1" yaku="1,1,2,1,0,1,54,1,53,0" doraHai="83" doraHaiUra="53" who="3" fromWho="3" sc="170,-40,348,-40,210,-40,262,130" owari="130,-37.0,308,10.8,170,-23.0,392,49.2" /></mjloggm>