<mjloggm ver="2.3"><GO type="225" lobby="0"/><UN n0="%E3%82%AB%E3%83%AA%E3%82%A3%EF%BC%91%EF%BC%99" n1="%E3%82%B3%E3%83%90%E3%83%AC%E3%82%A4" n2="%E3%81%8B%E3%82%8F%E3%81%A1%E3%82%83%E3%82%93%35%38" n3="%E3%83%B4%E3%83%A0%EF%BC%99%E3%81%A6" dan="16,16,17,16" rate="2157.38,2064.05,2199.26,2131.63" sx="M,M,M,M"/><TAIKYOKU oya="0"/><INIT seed="0,0,0,0,0,58" ten="250,250,250,250" oya="0" hai0="92,78,86,55,49,71,91,130,10,53,25,50,84" hai1="35,85,24,104,103,19,108,13,102,60,65,127,76" hai2="31,90,28,46,119,66,21,43,7,134,100,3,41" hai3="122,123,56,34,83,107,95,44,117,109,0,87,113"/><T88/><D130/><U4/><E127/><V11/><F119/><W128/><G0/><T8/><D71/><U81/><E108/><V45/><F134/><W37/><G34/><T20/><D78/><U69/><E4/><V125/><F125/><W133/><G133/><T68/><D68/><U38/><E38/><V89/><F100/><W64/><G117/><T67/><D67/><U74/><E74/><V15/><F66/><W5/><G5/><T129/><D129/><U73/><E73/><V16/><F31/><W96/><G107/><T97/><D97/><U126/><E104/><V29/><F29/><W94/><G109/><T30/><D50/><U54/><E126/><V6/><F6/><W121/><G113/><T52/><D49/><U82/><E82/><AGARI ba="0,0" hai="8,10,20,25,30,52,53,55,82,84,86,88,91,92" machi="82" ten="40,7700,0" yaku="8,1,54,2" doraHai="58" who="0" fromWho="1" sc="250,77,250,-77,250,0,250,0" /><INIT seed="0,1,0,1,2,103" ten="327,173,250,250" oya="0" hai0="8,65,112,20,116,82,61,58,0,67,47,126,21" hai1="89,34,125,19,110,124,101,26,23,109,33,120,90" hai2="80,4,87,51,27,60,128,99,45,71,127,50,92" hai3="97,119,117,104,41,39,62,123,30,59,77,55,135"/><T70/><D116/><U36/><E36/><V93/><F128/><W43/><G135/><T95/><D112/><U53/><E90/><V40/><F127/><N who="1" m="48713" /><E101/><V81/><F4/><W52/><G77/><T10/><D126/><U18/><E89/><V83/><F71/><W54/><G30/><T86/><D95/><N who="2" m="36426" /><F60/><W11/><G11/><N who="0" m="4139" /><D0/><U14/><E53/><N who="3" m="20586" /><G97/><T130/><D130/><U12/><E120/><V122/><F122/><W49/><G104/><T24/><D67/><U42/><E42/><N who="3" m="15882" /><G123/><T76/><D47/><U6/><E6/><V57/><F99/><W108/><G108/><N who="1" m="41578" /><E19/><V56/><F51/><W102/><G102/><T69/><D69/><U31/><E14/><V113/><F87/><W111/><G111/><T132/><D70/><U115/><E115/><V5/><F113/><W32/><G32/><AGARI ba="1,0" hai="12,18,23,26,31,32,33,34" m="41578,48713" machi="32" ten="30,7700,0" yaku="18,1,14,1,34,2" doraHai="103" who="1" fromWho="3" sc="327,0,173,80,250,0,250,-80" /><INIT seed="1,0,0,2,5,106" ten="327,253,250,170" oya="1" hai0="96,21,50,109,134,65,123,108,70,23,78,99,15" hai1="126,25,127,133,37,33,46,72,4,6,51,67,26" hai2="97,41,125,8,54,28,66,113,101,49,35,94,128" hai3="121,36,98,14,57,116,117,75,86,103,17,30,7"/><U45/><E67/><V18/><F125/><N who="1" m="47625" /><E37/><V131/><F113/><W102/><G121/><T62/><D123/><U13/><E51/><V124/><F124/><W63/><G36/><T118/><D118/><U119/><E119/><V73/><F66/><W87/><G7/><N who="1" m="2602" /><E72/><V52/><F73/><W59/><G30/><T112/><D112/><U68/><E68/><V44/><F18/><W29/><G29/><T5/><D134/><U76/><E76/><V10/><F28/><W111/><G111/><T40/><D78/><U61/><E61/><V3/><F35/><W27/><G27/><N who="1" m="10250" /><E133/><V38/><F54/><W0/><G63/><T120/><D120/><U115/><E115/><V79/><F79/><W114/><G114/><T60/><D60/><U32/><E13/><V77/><F77/><W110/><G14/><T16/><D50/><U100/><E100/><V64/><F64/><W31/><G75/><T1/><D62/><U80/><E80/><V71/><F71/><W95/><G117/><T9/><D65/><U104/><E104/><V130/><REACH who="2" step="1"/><F3/><REACH who="2" ten="327,253,240,170" step="2"/><W74/><G0/><T53/><D70/><U58/><E58/><AGARI ba="0,1" hai="8,10,38,41,44,49,52,58,94,97,101,128,130,131" machi="58" ten="40,8000,1" yaku="1,1,2,1,19,1,54,1,53,0" doraHai="106" doraHaiUra="56" who="2" fromWho="1" sc="327,0,253,-80,240,90,170,0" /><INIT seed="2,0,0,0,0,49" ten="327,173,330,170" oya="2" hai0="119,35,120,56,40,62,77,36,90,37,20,83,123" hai1="65,130,27,131,25,53,45,0,104,103,26,21,8" hai2="17,82,122,55,111,2,16,73,98,133,3,94,60" hai3="80,14,30,34,129,41,28,85,125,54,97,105,43"/><V18/><F122/><W95/><G105/><T47/><D37/><U12/><E0/><V22/><F133/><W92/><G125/><T38/><D38/><U116/><E116/><V110/><F22/><W102/><G95/><T100/><D119/><U50/><E65/><V4/><F82/><W61/><G129/><T107/><D35/><U52/><E21/><V5/><F73/><W57/><G14/><T68/><D90/><U115/><E115/><V9/><F60/><W96/><G96/><N who="0" m="61831" /><D56/><U118/><E118/><V78/><F78/><W84/><G84/><T59/><D59/><U91/><E91/><V112/><F112/><W70/><G70/><T71/><D20/><U128/><E103/><V101/><F55/><W124/><G124/><T117/><D117/><U13/><E104/><V39/><F39/><W72/><G72/><N who="0" m="43431" /><D68/><U63/><E8/><AGARI ba="0,0" hai="2,3,4,5,8,9,16,17,18,94,98,101,110,111" machi="8" ten="40,3900,0" yaku="9,1,54,1" doraHai="49" who="2" fromWho="1" sc="327,0,173,-39,330,39,170,0" /><INIT seed="2,1,0,4,3,0" ten="327,134,369,170" oya="2" hai0="46,22,110,121,118,74,117,101,37,36,77,4,93" hai1="3,100,94,26,13,70,73,52,82,78,91,24,125" hai2="81,65,128,66,29,60,116,75,59,129,79,55,50" hai3="76,64,40,99,108,54,102,58,134,131,18,86,135"/><V98/><F116/><N who="0" m="44650" /><D121/><U33/><E3/><V84/><F29/><W105/><G64/><T56/><D110/><U67/><E125/><V104/><F66/><W32/><G32/><T85/><D74/><U31/><E100/><V92/><F104/><W103/><G40/><T38/><D22/><U106/><E106/><V43/><F43/><W68/><G68/><T12/><D56/><U126/><E126/><V49/><F75/><W127/><G127/><T90/><D101/><U2/><E2/><V14/><F14/><W83/><G108/><T9/><D77/><U51/><E26/><V15/><F15/><W45/><G45/><AGARI ba="1,0" hai="4,9,12,36,37,38,45,46,85,90,93" m="44650" machi="45" ten="40,2600,0" yaku="12,1,52,1" doraHai="0" who="0" fromWho="3" sc="327,29,134,0,369,0,170,-29" /><INIT seed="3,0,0,1,0,77" ten="356,134,369,141" oya="3" hai0="74,71,120,67,95,98,38,97,54,51,44,49,23" hai1="60,12,82,19,103,111,33,21,123,66,94,88,132" hai2="109,28,3,42,47,8,68,53,27,5,35,39,114" hai3="133,56,29,87,15,14,11,2,102,126,37,81,70"/><W55/><G70/><T105/><D120/><U130/><E123/><V43/><F114/><W7/><G37/><T48/><D74/><U61/><E33/><V26/><F68/><W108/><G126/><T62/><D38/><U9/><E130/><V79/><F109/><W127/><G127/><T31/><D105/><U18/><E132/><V25/><F43/><W0/><G133/><T4/><D4/><U135/><E135/><V34/><F34/><W93/><G29/><T40/><D40/><U121/><E121/><V110/><F110/><W124/><G124/><T46/><D46/><U76/><E103/><V84/><F53/><W45/><G45/><T65/><D65/><U73/><E66/><V32/><F32/><W22/><G108/><T80/><D80/><U101/><E101/><V85/><F85/><W30/><G0/><T116/><D116/><U117/><E111/><V83/><AGARI ba="0,0" hai="3,5,8,25,26,27,28,35,39,42,47,79,83,84" machi="83" ten="30,2000,0" yaku="0,1,52,1" doraHai="77" who="2" fromWho="2" sc="356,-5,134,-5,369,20,141,-10" owari="351,15.1,129,-37.1,389,48.9,131,-26.9" /></mjloggm>