<mjloggm ver="2.3"><GO type="225" lobby="0"/><UN n0="%E3%83%81%E3%83%AF%E3%83%AF%E9%9A%8A%E9%95%B7" n1="%2D%E8%B1%8A%E5%8F%A3%E3%82%81%E3%81%90%E3%81%BF%2D" n2="%77%72%77%72%77%72%77%72" n3="%E3%82%BC%E3%83%AB%E3%83%80%E3%81%AE%E4%BC%9D%E8%AA%AC" dan="16,16,17,17" rate="2085.18,2085.75,2200.05,2195.08" sx="M,F,M,M"/><TAIKYOKU oya="0"/><INIT seed="0,0,0,0,1,23" ten="250,250,250,250" oya="0" hai0="32,111,38,69,11,70,13,57,74,132,112,8,67" hai1="63,0,34,133,12,106,85,83,123,89,92,80,108" hai2="125,41,128,21,14,124,87,94,131,7,4,71,68" hai3="81,66,129,86,31,61,79,98,56,121,43,90,6"/><T48/><D38/><U84/><E0/><V107/><F107/><W39/><G129/><N who="2" m="49737" /><F41/><W93/><G121/><T24/><D74/><U117/><E117/><V54/><F54/><W126/><G126/><N who="2" m="48745" /><F21/><W27/><G6/><N who="2" m="2089" /><F14/><W33/><G43/><T102/><D13/><U127/><E12/><V110/><F110/><W52/><REACH who="3" step="1"/><G39/><REACH who="3" ten="250,250,250,240" step="2"/><T3/><D111/><U42/><E108/><V103/><F103/><W51/><G51/><T10/><D48/><U64/><E127/><V73/><F73/><W97/><G97/><T122/><D102/><U115/><E42/><V55/><F55/><AGARI ba="0,1" hai="27,31,33,52,55,56,61,66,79,81,86,90,93,98" machi="55" ten="40,8000,1" yaku="1,1,52,1,54,1,53,1" doraHai="23" doraHaiUra="30" who="3" fromWho="2" sc="250,0,250,0,250,-80,240,90" /><INIT seed="1,0,0,4,0,107" ten="250,250,170,330" oya="1" hai0="44,50,76,66,80,62,74,77,64,10,111,104,52" hai1="87,131,56,81,122,1,124,18,33,73,28,40,106" hai2="135,92,58,121,24,105,29,25,93,96,60,71,53" hai3="7,127,100,108,42,97,39,114,20,113,17,22,103"/><U26/><E122/><V35/><F121/><W94/><G108/><T16/><D104/><U133/><E124/><V110/><F110/><W85/><G127/><T12/><D111/><U129/><E133/><V95/><F135/><W126/><G126/><T83/><D62/><U72/><E106/><V11/><F105/><W134/><G134/><T61/><D61/><U65/><E1/><V15/><F24/><W89/><G7/><T6/><D6/><U67/><E40/><V14/><F71/><W59/><G22/><T116/><D116/><U84/><E18/><V45/><F14/><W69/><G69/><T46/><D46/><U57/><E57/><V43/><F15/><W31/><G31/><T55/><D55/><U119/><E87/><AGARI ba="0,0" hai="10,12,16,44,50,52,64,66,74,76,77,80,83,87" machi="87" ten="30,7700,0" yaku="7,1,52,1,54,2" doraHai="107" who="0" fromWho="1" sc="250,77,250,-77,170,0,330,0" /><INIT seed="2,0,0,3,4,29" ten="327,173,170,330" oya="2" hai0="69,35,4,49,13,102,81,51,53,115,107,55,82" hai1="79,71,17,23,66,56,76,31,19,45,28,88,114" hai2="109,105,126,12,108,22,54,124,43,3,60,11,73" hai3="1,96,39,0,92,106,2,103,65,72,134,6,101"/><V42/><F105/><W46/><G65/><T77/><D69/><U50/><E71/><V94/><F73/><W37/><G6/><T36/><D36/><U7/><E7/><V30/><F94/><W111/><G111/><N who="2" m="42569" /><F60/><W20/><G20/><T21/><D115/><U125/><E114/><V40/><F54/><W15/><G15/><T63/><D63/><N who="1" m="38247" /><E125/><N who="2" m="48235" /><F3/><W112/><G72/><T68/><D107/><U24/><E31/><V84/><F84/><W27/><G0/><T70/><D53/><N who="1" m="29903" /><E88/><V97/><F97/><W122/><G96/><T89/><D89/><U47/><E47/><V85/><F85/><W57/><G46/><T78/><D55/><U110/><E110/><V123/><F123/><W75/><G122/><T90/><D90/><U118/><E118/><V25/><F43/><W95/><G75/><T74/><D74/><U14/><E28/><V59/><F59/><W32/><G57/><T129/><D68/><U93/><E93/><V67/><F67/><W128/><G106/><T8/><D70/><U5/><E5/><AGARI ba="0,0" hai="5,11,12,22,25,30,40,42" m="48235,42569" machi="5" ten="30,5800,0" yaku="14,1,10,1,18,1" doraHai="29" who="2" fromWho="1" sc="327,0,173,-58,170,58,330,0" /><INIT seed="2,1,0,3,4,109" ten="327,115,228,330" oya="2" hai0="107,58,82,123,117,118,31,36,128,8,94,105,67" hai1="10,66,124,14,122,16,30,3,45,13,41,106,54" hai2="43,61,56,24,21,23,121,63,42,71,20,110,104" hai3="97,46,92,28,48,11,95,33,130,50,102,52,84"/><V120/><F104/><W135/><G135/><T86/><D36/><U129/><E124/><V59/><F71/><W112/><G130/><T19/><D123/><U132/><E129/><V65/><F110/><W88/><G112/><T93/><D128/><U126/><E126/><V108/><F108/><W90/><G33/><T35/><D107/><U111/><E111/><V44/><F24/><W76/><G76/><T5/><D105/><U1/><E132/><V37/><REACH who="2" step="1"/><F42/><REACH who="2" ten="327,115,218,330" step="2"/><W101/><G28/><T34/><D31/><U85/><E106/><V115/><F115/><W47/><G11/><T53/><D8/><U51/><E30/><V22/><N who="2" m="5120" /><DORA hai="96" /><V89/><F89/><W68/><G68/><T87/><D118/><U81/><E122/><V62/><F62/><W26/><G26/><T70/><D117/><U60/><E14/><V27/><F27/><W133/><G133/><T134/><D134/><U80/><E41/><AGARI ba="1,1" hai="41,46,47,48,50,52,84,88,90,92,95,97,101,102" machi="41" ten="30,12000,2" yaku="7,1,8,1,52,2,54,2" doraHai="109,96" who="3" fromWho="1" sc="327,0,115,-123,218,0,330,133" owari="327,12.7,-8,-50.8,218,-18.2,463,56.3" /></mjloggm>