<mjloggm ver="2.3"><GO type="225" lobby="0"/><UN n0="%E6%81%A5%E6%99%92%E3%81%97" n1="%E3%81%A4%E3%81%A3%E3%81%B1%E3%82%8A%E3%83%9D%E3%83%BC%E3%83%AB" n2="%E3%82%A2%E3%83%A1%E3%82%A2%E3%83%A9%E3%83%AC" n3="%E3%81%9F%E3%81%8B%E3%80%82" dan="16,17,16,16" rate="2066.54,2202.49,2183.47,2118.54" sx="M,M,M,M"/><TAIKYOKU oya="0"/><INIT seed="0,0,0,1,1,72" ten="250,250,250,250" oya="0" hai0="15,108,58,115,100,62,29,36,92,21,43,31,5" hai1="119,53,68,112,45,7,105,48,97,131,38,33,79" hai2="19,2,44,77,111,65,66,17,134,121,12,8,87" hai3="81,110,40,99,135,0,20,127,83,10,84,14,52"/><T71/><D115/><U122/><E112/><V63/><F111/><W86/><G110/><T64/><D108/><U39/><E119/><V93/><F121/><W133/><G127/><T74/><D74/><U69/><E122/><V54/><F2/><W16/><G99/><N who="0" m="59495" /><D71/><N who="1" m="27211" /><E97/><V80/><F134/><N who="3" m="51211" /><G40/><T125/><D125/><U49/><E7/><V37/><F37/><N who="1" m="13833" /><E79/><V116/><F116/><W23/><G0/><T123/><D123/><U50/><E33/><V85/><F19/><W22/><G52/><T70/><D70/><U76/><E76/><V78/><F93/><W98/><G98/><T47/><D31/><U120/><E105/><V35/><F35/><W109/><G109/><T1/><D1/><U91/><E91/><V126/><F126/><W117/><G117/><T90/><D90/><U11/><E11/><V104/><F104/><W103/><G103/><T27/><D15/><U51/><E120/><V114/><F114/><W55/><G55/><T118/><D118/><U96/><E96/><V82/><F63/><W94/><G94/><T25/><D25/><U42/><E131/><V129/><F129/><W9/><G9/><T3/><D3/><U106/><E106/><V128/><F128/><W26/><G26/><T32/><D32/><U130/><E130/><V30/><F30/><W18/><G18/><T124/><D124/><U57/><AGARI ba="0,0" hai="42,45,48,49,50,51,53,57" m="13833,27211" machi="57" ten="30,8000,1" yaku="35,5" doraHai="72" who="1" fromWho="1" sc="250,-40,250,80,250,-20,250,-20" /><INIT seed="1,0,0,2,5,29" ten="210,330,230,230" oya="1" hai0="41,58,95,59,12,102,72,1,93,119,89,46,18" hai1="87,111,88,14,135,0,69,45,120,101,107,39,118" hai2="38,37,49,73,71,3,36,105,114,132,91,15,28" hai3="50,57,113,51,44,6,83,19,9,32,67,123,25"/><U134/><E0/><V90/><F3/><W5/><G113/><T115/><D119/><U94/><E69/><V33/><F105/><W8/><G123/><T126/><D126/><U86/><E14/><V96/><F73/><W24/><G83/><T75/><D1/><U92/><E45/><V74/><F74/><W7/><G32/><T26/><D115/><U23/><E23/><V98/><F71/><W13/><G9/><T66/><D26/><U121/><E39/><V56/><F15/><W30/><G30/><T47/><D102/><U124/><E118/><V116/><F116/><W109/><G109/><T42/><D12/><U78/><E124/><V77/><F77/><W62/><REACH who="3" step="1"/><G50/><REACH who="3" ten="210,330,230,220" step="2"/><T10/><D10/><U52/><E111/><V79/><F49/><W64/><G64/><T55/><D66/><U35/><E35/><V61/><F38/><W129/><G129/><T63/><D18/><U103/><E120/><V108/><F37/><W99/><G99/><T40/><D40/><AGARI ba="0,1" hai="5,6,7,8,13,19,24,25,40,44,51,57,62,67" machi="40" ten="40,2600,0" yaku="1,1,8,1,53,0" doraHai="29" doraHaiUra="34" who="3" fromWho="0" sc="210,-26,330,0,230,0,220,36" /><INIT seed="2,0,0,2,0,0" ten="184,330,230,256" oya="2" hai0="60,56,77,93,126,78,76,90,95,48,86,28,130" hai1="110,27,53,39,111,38,58,68,35,4,26,40,36" hai2="70,134,29,52,102,83,7,64,87,66,45,67,100" hai3="85,135,30,57,33,128,2,42,133,3,103,124,14"/><V101/><F134/><N who="3" m="51211" /><G42/><T24/><D126/><U131/><E131/><V106/><F29/><W44/><G44/><T81/><D130/><U61/><E4/><V74/><F74/><W125/><G128/><T25/><D48/><U9/><E9/><V117/><F117/><W132/><G57/><T94/><REACH who="0" step="1"/><D28/><REACH who="0" ten="174,330,230,256" step="2"/><U98/><E39/><V89/><F70/><W51/><G51/><T84/><D84/><U72/><E38/><V10/><F106/><W50/><G50/><T105/><D105/><U96/><E36/><V23/><F45/><W107/><G85/><T20/><D20/><U54/><E68/><V118/><F118/><W18/><G132/><T123/><D123/><U122/><E122/><V6/><F10/><N who="3" m="6487" /><G30/><T21/><D21/><U109/><E109/><V15/><F52/><AGARI ba="0,1" hai="24,25,52,56,60,76,77,78,81,86,90,93,94,95" machi="52" ten="40,5200,0" yaku="1,1,8,1,54,1,53,0" doraHai="0" doraHaiUra="31" who="0" fromWho="2" sc="174,62,330,0,230,-52,256,0" /><INIT seed="3,0,0,2,5,72" ten="236,330,178,256" oya="3" hai0="29,68,69,67,49,16,1,63,44,13,21,40,37" hai1="73,135,80,87,115,41,104,39,85,23,102,28,105" hai2="32,6,131,66,120,8,27,51,122,17,22,118,53" hai3="84,75,111,99,54,31,126,50,35,42,130,98,2"/><W101/><G75/><T59/><D1/><U132/><E115/><V127/><F118/><W119/><G2/><T55/><REACH who="0" step="1"/><D29/><REACH who="0" ten="226,330,178,256" step="2"/><U36/><E28/><N who="2" m="19487" /><F66/><W92/><G119/><T106/><D106/><U3/><E105/><V123/><F51/><W20/><G31/><T134/><D134/><U81/><E104/><V86/><F53/><W14/><G54/><T109/><D109/><U83/><E3/><N who="2" m="95" /><F86/><W96/><G84/><T61/><D61/><U91/><E87/><V78/><F78/><W100/><G111/><T56/><AGARI ba="0,1" hai="13,16,21,37,40,44,49,55,56,59,63,67,68,69" machi="56" ten="20,5200,0" yaku="1,1,0,1,7,1,54,1,53,0" doraHai="72" doraHaiUra="82" who="0" fromWho="0" sc="226,62,330,-13,178,-13,256,-26" owari="288,8.8,317,41.7,165,-33.5,230,-17.0" /></mjloggm>