<mjloggm ver="2.3"><GO type="225" lobby="0"/><UN n0="%48%61%61%61%6C%61%6E%64" n1="%E7%99%BD%E9%9B%AA%E4%B9%83%E6%84%9B" n2="%72%61%6B%33" n3="%E3%81%AA%E3%81%A1%30%39%32%37" dan="18,16,17,16" rate="2219.51,2105.64,2155.95,2086.07" sx="M,F,M,M"/><TAIKYOKU oya="0"/><INIT seed="0,0,0,3,1,86" ten="250,250,250,250" oya="0" hai0="44,119,46,133,2,69,68,16,109,37,91,65,55" hai1="25,49,22,11,13,83,52,41,6,128,130,111,58" hai2="85,23,10,123,73,132,102,100,24,18,54,134,42" hai3="64,95,4,33,14,32,57,21,7,51,47,106,66"/><T89/><D119/><U1/><E111/><V61/><F73/><W90/><G106/><T8/><D109/><U82/><E1/><V127/><F123/><W124/><G124/><T117/><D117/><U31/><REACH who="1" step="1"/><E41/><REACH who="1" ten="250,240,250,250" step="2"/><V15/><F42/><N who="3" m="25079" /><G33/><T20/><D2/><U9/><E9/><V81/><F127/><W131/><G32/><T78/><D8/><U17/><E17/><V84/><F134/><W105/><G131/><AGARI ba="0,1" hai="6,11,13,22,25,31,49,52,58,82,83,128,130,131" machi="131" ten="40,5200,0" yaku="1,1,19,1,54,1,53,0" doraHai="86" doraHaiUra="87" who="1" fromWho="3" sc="250,0,240,62,250,0,250,-52" /><INIT seed="1,0,0,0,5,114" ten="250,302,250,198" oya="1" hai0="28,25,36,72,135,92,118,49,18,95,29,27,0" hai1="113,4,79,93,15,96,115,56,31,23,90,126,59" hai2="80,102,99,10,98,119,48,67,88,51,64,21,68" hai3="58,11,41,35,60,100,46,69,14,5,117,108,38"/><U44/><E126/><V133/><F133/><W76/><G108/><T131/><D36/><U8/><E79/><V26/><F119/><W120/><G120/><T89/><D0/><U111/><E115/><V121/><F121/><W124/><G124/><T9/><D72/><U20/><E113/><V65/><F68/><W54/><G35/><T30/><D118/><U39/><E111/><V130/><F10/><W97/><G76/><T3/><D135/><U104/><E104/><V82/><F130/><W61/><G117/><T62/><D131/><U53/><E39/><V109/><F109/><W19/><G69/><T94/><D62/><U7/><E7/><V123/><F123/><W87/><G87/><T6/><D18/><U103/><E103/><V112/><F112/><W127/><G127/><T47/><REACH who="0" step="1"/><D89/><REACH who="0" ten="240,302,250,198" step="2"/><U91/><E91/><V85/><F82/><W1/><G60/><T13/><D13/><U77/><E77/><V83/><F80/><W75/><G75/><T55/><AGARI ba="0,1" hai="3,6,9,25,27,28,29,30,47,49,55,92,94,95" machi="55" ten="30,2000,0" yaku="1,1,0,1,53,0" doraHai="114" doraHaiUra="134" who="0" fromWho="0" sc="240,30,302,-10,250,-5,198,-5" /><INIT seed="2,0,0,1,3,81" ten="270,292,245,193" oya="2" hai0="60,59,55,75,133,124,77,49,18,97,38,127,44" hai1="37,85,108,5,114,62,71,34,135,95,121,120,8" hai2="88,74,115,24,46,69,110,73,21,122,128,106,33" hai3="116,117,43,98,9,56,87,42,129,67,64,3,65"/><V23/><F115/><W68/><G3/><T126/><D133/><U54/><E114/><V57/><F122/><N who="1" m="47209" /><E108/><V104/><F69/><W92/><G129/><T47/><D38/><U11/><E135/><V30/><F128/><W2/><G68/><T45/><D75/><U13/><E37/><V66/><F110/><W27/><G56/><T36/><D36/><U63/><E34/><V113/><F113/><W131/><G131/><T111/><D111/><U14/><E71/><V6/><F6/><W83/><G27/><T123/><D77/><U16/><E54/><V79/><F46/><W35/><G35/><T99/><D123/><U25/><E25/><V32/><F79/><W91/><G117/><T41/><D18/><U17/><E17/><V48/><F66/><W119/><G119/><T70/><REACH who="0" step="1"/><D41/><REACH who="0" ten="260,292,245,193" step="2"/><U107/><E107/><V31/><F104/><W89/><REACH who="3" step="1"/><G116/><REACH who="3" ten="260,292,245,183" step="2"/><T26/><D26/><U15/><E15/><V58/><F24/><W40/><G40/><T72/><D72/><U20/><E11/><V100/><F74/><W50/><G50/><T51/><D51/><U19/><E5/><AGARI ba="0,2" hai="2,5,9,42,43,64,65,67,83,87,89,91,92,98" machi="5" ten="40,2600,0" yaku="1,1,52,1,53,0" doraHai="81" doraHaiUra="112" who="3" fromWho="1" sc="260,0,292,-26,245,0,183,46" /><INIT seed="3,0,0,5,4,37" ten="260,266,245,229" oya="3" hai0="84,69,18,132,93,20,51,100,73,53,128,59,49" hai1="58,78,16,35,13,104,114,89,102,131,47,2,96" hai2="33,4,135,109,111,7,127,14,44,134,117,55,6" hai3="36,45,62,21,23,8,61,64,103,57,121,32,90"/><W41/><G121/><T83/><D69/><U60/><E114/><V76/><F76/><W126/><G32/><T72/><D128/><U108/><E2/><V74/><F74/><W34/><G34/><T29/><D132/><N who="2" m="50730" /><F55/><W110/><G126/><T98/><D29/><U1/><E1/><V31/><F44/><W3/><G110/><N who="2" m="41993" /><F127/><W43/><G103/><T82/><D72/><U94/><E108/><V120/><F120/><W9/><G90/><T113/><D73/><U119/><E119/><V118/><F14/><W116/><G116/><N who="2" m="44649" /><F33/><W77/><G77/><T66/><D66/><U70/><E78/><V12/><F12/><W50/><G3/><T26/><D113/><U130/><E35/><V99/><F31/><W63/><G64/><T115/><D115/><U24/><E47/><V5/><F5/><W38/><G57/><T65/><D65/><U123/><E58/><V91/><F91/><W67/><G67/><T112/><D112/><U80/><E123/><V101/><F99/><W30/><G30/><T105/><D51/><U86/><E13/><V27/><F101/><W107/><G50/><T129/><D53/><U52/><E52/><V46/><F46/><W0/><G0/><T124/><D124/><U81/><E81/><V15/><F15/><W22/><G107/><T125/><D125/><U87/><E80/><N who="0" m="30761" /><D49/><U10/><E104/><V106/><F27/><W54/><G54/><T97/><D105/><AGARI ba="0,0" hai="4,6,7,105,106" m="44649,41993,50730" machi="105" ten="40,8000,1" yaku="28,2,20,1,14,1" doraHai="37" who="2" fromWho="0" sc="260,-80,266,0,245,80,229,0" owari="180,-32.0,266,6.6,325,42.5,229,-17.1" /></mjloggm>