<mjloggm ver="2.3"><GO type="225" lobby="0"/><UN n0="%E3%83%A9%E3%83%96%E3%83%AC%E3%83%BC" n1="%65%2D%73%65%70%65%6E%3B" n2="%E3%81%95%E3%81%8D%E3%81%9F%E3%81%BE%E6%9E%97%E6%AA%8E" n3="%6D%75%75%6D%75%72%61" dan="18,17,16,17" rate="2270.20,2152.07,2118.05,2185.07" sx="M,M,M,F"/><TAIKYOKU oya="0"/><INIT seed="0,0,0,1,1,55" ten="250,250,250,250" oya="0" hai0="90,15,118,88,56,65,111,25,44,45,92,98,18" hai1="107,43,102,64,130,93,54,63,26,120,112,100,113" hai2="27,28,30,57,4,49,74,10,119,134,78,22,60" hai3="71,66,94,38,46,116,20,11,135,14,36,51,84"/><T7/><D118/><U72/><E120/><V110/><F134/><W133/><G116/><T108/><D7/><U31/><E107/><V3/><F110/><N who="0" m="42026" /><D25/><U105/><E105/><V47/><F119/><W29/><G71/><T89/><D45/><U115/><E72/><V132/><F132/><N who="3" m="50763" /><G66/><T34/><D34/><U67/><E43/><V40/><F74/><W70/><G70/><T106/><D44/><U52/><E130/><V131/><F131/><W79/><G29/><T69/><D106/><U24/><E24/><V39/><F78/><W96/><G20/><N who="0" m="11359" /><D69/><N who="1" m="42143" /><E67/><V23/><F39/><W21/><G21/><T103/><D90/><U35/><E102/><V81/><F81/><N who="3" m="47167" /><G14/><T33/><D33/><U48/><E48/><V99/><F23/><W82/><G11/><T17/><D17/><U75/><E75/><V128/><F128/><W86/><G51/><T5/><D5/><U80/><E80/><V13/><F3/><W9/><G9/><T59/><D59/><U77/><E77/><V53/><REACH who="2" step="1"/><F99/><AGARI ba="0,0" hai="26,31,35,52,54,93,99,100,112,113,115" m="42143" machi="99" ten="30,2000,0" yaku="11,1,54,1" doraHai="55" who="1" fromWho="2" sc="250,0,250,20,250,-20,250,0" /><INIT seed="1,0,0,0,3,2" ten="250,270,230,250" oya="1" hai0="17,124,29,82,12,7,38,87,22,99,33,78,113" hai1="85,128,18,0,81,103,101,47,108,13,120,133,32" hai2="34,95,72,134,49,25,45,69,80,24,104,132,23" hai3="114,61,28,127,97,123,15,51,59,60,105,93,64"/><U115/><E115/><V53/><F104/><W8/><G114/><T21/><D113/><U70/><E120/><V14/><F69/><W43/><G123/><T119/><D119/><U31/><E70/><V96/><F34/><W50/><G127/><T88/><D38/><U121/><E121/><V79/><F14/><W26/><G105/><T94/><D124/><U66/><E66/><V27/><REACH who="2" step="1"/><F23/><REACH who="2" ten="250,270,220,250" step="2"/><N who="3" m="15455" /><G43/><T19/><D33/><U112/><E32/><V40/><F40/><W125/><G125/><T111/><D111/><U122/><E108/><V68/><F68/><W106/><G106/><T86/><D22/><U92/><E13/><V42/><F42/><W4/><G61/><T41/><D41/><U116/><E122/><V91/><AGARI ba="0,1" hai="24,25,27,45,49,53,72,79,80,91,95,96,132,134" machi="91" ten="30,2000,0" yaku="1,1,0,1,53,0" doraHai="2" doraHaiUra="36" who="2" fromWho="2" sc="250,-5,270,-10,220,30,250,-5" /><INIT seed="2,0,0,2,0,23" ten="245,260,250,245" oya="2" hai0="84,62,36,47,7,127,95,0,14,105,16,26,108" hai1="135,121,124,64,61,27,97,99,81,123,65,80,86" hai2="10,117,17,22,89,131,104,120,70,82,58,34,98" hai3="60,119,37,75,106,92,52,72,32,87,96,74,73"/><V101/><F117/><W24/><G119/><T29/><D105/><U30/><E124/><V114/><F114/><W66/><G37/><T79/><D127/><U42/><E135/><V18/><F120/><N who="1" m="46153" /><E42/><V8/><F131/><W69/><G87/><T48/><D36/><U44/><E44/><V33/><F70/><W51/><G74/><T129/><D129/><U45/><E45/><V57/><F82/><N who="1" m="31849" /><E86/><V49/><F89/><W112/><G112/><T2/><D108/><U122/><N who="1" m="46161" /><U50/><DORA hai="5" /><E50/><V77/><F77/><W100/><G92/><T54/><D79/><U110/><E110/><V39/><F39/><W133/><G133/><T130/><D130/><U93/><E93/><N who="2" m="58575" /><F33/><W113/><G113/><T132/><D132/><U78/><E78/><V90/><F34/><W1/><G1/><T67/><D0/><U83/><N who="1" m="31857" /><U88/><DORA hai="6" /><E88/><V4/><F104/><W68/><G68/><T63/><D95/><U111/><E111/><V35/><F35/><W15/><G73/><T9/><D84/><U20/><E65/><V125/><F125/><W115/><G115/><T134/><D67/><U116/><E116/><V31/><F90/><W85/><G85/><T126/><D126/><U12/><E12/><V118/><F118/><W13/><G72/><T55/><D134/><U3/><E3/><V94/><F94/><W102/><G75/><T71/><D71/><AGARI ba="0,0" hai="20,27,30,61,64,71,97,99" m="31857,46161" machi="71" ten="50,3200,0" yaku="13,1,52,1" doraHai="23,5,6" who="1" fromWho="0" sc="245,-32,260,32,250,0,245,0" /><INIT seed="3,0,0,1,5,134" ten="213,292,250,245" oya="3" hai0="26,127,125,16,104,70,44,121,13,58,12,29,23" hai1="49,4,118,86,63,90,40,103,11,129,65,35,79" hai2="50,83,46,87,72,110,95,34,84,85,8,73,114" hai3="76,18,131,2,64,130,37,67,41,19,111,68,71"/><W112/><G112/><T45/><D70/><N who="3" m="26665" /><G2/><T124/><D104/><U132/><E35/><V1/><F110/><W30/><G30/><T0/><D0/><U54/><E132/><V96/><F114/><W33/><G33/><N who="0" m="20663" /><D121/><U75/><E103/><V28/><F34/><W6/><G6/><T94/><D58/><U14/><E75/><V92/><F28/><W5/><G5/><T20/><D94/><U32/><E32/><V59/><F92/><W77/><G111/><T135/><D135/><U113/><E113/><V52/><F1/><W25/><G25/><T100/><D100/><U126/><E118/><V66/><F73/><W55/><G55/><T38/><D38/><U39/><E39/><V89/><F72/><W115/><G41/><T81/><D81/><N who="1" m="49487" /><E40/><V43/><F8/><W22/><G22/><T98/><D98/><U102/><E102/><V56/><F43/><W42/><G42/><T17/><AGARI ba="0,0" hai="12,13,16,17,20,23,44,45,124,125,127" m="20663" machi="17" ten="40,8000,1" yaku="18,1,52,3,54,1" doraHai="134" who="0" fromWho="0" sc="213,80,292,-20,250,-20,245,-40" /><INIT seed="4,0,0,4,3,92" ten="293,272,230,205" oya="0" hai0="80,48,61,30,120,42,96,105,12,34,71,40,6" hai1="47,123,89,112,53,124,20,50,77,126,98,103,100" hai2="82,102,131,17,44,75,18,99,76,104,22,33,117" hai3="73,65,24,29,93,5,72,122,25,51,68,8,1"/><T31/><D120/><U107/><E123/><V118/><F131/><W108/><G122/><T64/><D80/><U58/><E77/><V70/><F70/><W16/><G108/><T37/><D37/><U132/><E132/><V14/><F33/><W49/><G68/><T84/><D84/><U62/><E112/><V97/><F44/><W88/><G65/><T9/><D48/><U125/><E20/><V28/><F28/><W21/><G72/><T110/><D31/><U26/><E26/><V23/><REACH who="2" step="1"/><F97/><REACH who="2" ten="293,272,220,205" step="2"/><W74/><G74/><T121/><D121/><U134/><E134/><V54/><F54/><W46/><G73/><T94/><D110/><U116/><E116/><V90/><F90/><W111/><G111/><T38/><D30/><U41/><E107/><V36/><F36/><W78/><G78/><T13/><D105/><N who="1" m="63639" /><E89/><V79/><F79/><W91/><G46/><T81/><D38/><N who="1" m="21943" /><E103/><V63/><F63/><AGARI ba="0,1" hai="50,53,58,62,63,124,125,126" m="21943,63639" machi="63" ten="30,2000,0" yaku="18,1,52,1" doraHai="92" who="1" fromWho="2" sc="293,0,272,30,220,-20,205,0" owari="293,9.3,302,40.2,200,-30.0,205,-19.5" /></mjloggm>