<mjloggm ver="2.3"><GO type="225" lobby="0"/><UN n0="%4C%4F%4C%49%54%41" n1="%E3%82%B2%E3%82%B9%E8%8C%82%E5%8B%9D" n2="%E7%99%BD%E6%97%A5%E9%9B%AA%E8%8F%9C" n3="%E6%B8%A9%E2%98%85%E6%83%85%E2%98%85%E6%8E%AA%E2%98%85%E7%BD%AE" dan="16,16,16,17" rate="2149.41,2096.25,2207.72,2217.08" sx="F,F,M,M"/><TAIKYOKU oya="0"/><INIT seed="0,0,0,5,2,12" ten="250,250,250,250" oya="0" hai0="38,86,47,105,41,45,72,29,67,16,27,94,115" hai1="96,99,103,11,4,61,20,106,56,58,129,89,98" hai2="49,135,2,84,33,117,69,30,132,82,31,60,78" hai3="54,101,55,109,23,111,85,1,46,35,50,77,74"/><T64/><D115/><U22/><E129/><V62/><F2/><W6/><G35/><T88/><D72/><U32/><E32/><V25/><F117/><W128/><G128/><T51/><D105/><U121/><E121/><V120/><F120/><W0/><G101/><T91/><D91/><U18/><E56/><V87/><F31/><W71/><G71/><T133/><D133/><N who="2" m="51274" /><F69/><W19/><G74/><T14/><D27/><U110/><E110/><N who="3" m="41994" /><G55/><T79/><D79/><U26/><E22/><V116/><F116/><W44/><G44/><T34/><D29/><U102/><E89/><V24/><F24/><N who="3" m="14463" /><G6/><T114/><D114/><U59/><E59/><V100/><F100/><W39/><G39/><T75/><D75/><U7/><E102/><V80/><F49/><W83/><AGARI ba="0,0" hai="0,1,46,50,54,77,83,85" m="14463,41994" machi="83" ten="30,2000,0" yaku="14,1,52,1" doraHai="12" who="3" fromWho="3" sc="250,-10,250,-5,250,-5,250,20" /><INIT seed="1,0,0,1,0,48" ten="240,245,245,270" oya="1" hai0="13,101,40,24,86,123,28,77,32,62,7,83,57" hai1="87,130,97,41,35,73,2,124,9,60,112,118,135" hai2="38,105,114,79,68,71,58,42,134,27,22,81,109" hai3="91,107,85,39,116,76,117,65,93,45,19,12,26"/><U52/><E112/><V66/><F105/><W72/><G107/><T125/><D125/><U17/><E124/><V108/><F114/><W54/><G65/><T67/><D123/><U3/><E118/><N who="3" m="45674" /><G26/><T47/><D101/><U4/><E73/><V14/><F134/><W82/><G39/><T36/><D13/><U37/><E135/><V56/><F14/><W63/><G45/><T102/><D102/><U49/><E35/><V103/><F103/><W74/><G63/><T96/><D96/><U115/><E115/><V94/><F94/><W99/><G54/><T11/><D11/><AGARI ba="0,0" hai="11,12,19,72,74,76,82,85,91,93,99" m="45674" machi="11" ten="30,1000,0" yaku="12,1" doraHai="48" who="3" fromWho="0" sc="240,-10,245,0,245,0,270,10" /><INIT seed="2,0,0,0,5,86" ten="230,245,245,280" oya="2" hai0="116,129,67,73,51,92,49,54,132,38,111,18,61" hai1="110,97,50,126,58,30,112,44,83,106,53,123,103" hai2="87,105,89,6,7,57,27,69,14,134,22,31,66" hai3="60,12,62,102,80,91,34,82,5,117,85,113,39"/><V23/><F105/><W43/><G117/><T121/><D121/><U33/><E110/><V2/><F69/><W20/><G34/><T36/><D73/><U78/><E126/><V63/><F134/><W125/><G125/><T115/><D115/><U11/><E112/><V35/><F2/><W94/><G113/><T24/><D111/><U9/><E123/><V19/><REACH who="2" step="1"/><F35/><REACH who="2" ten="230,245,235,280" step="2"/><W59/><G39/><T120/><D132/><U1/><E1/><V25/><F25/><W13/><G13/><T118/><D120/><U37/><E33/><V128/><F128/><W76/><G12/><T93/><D129/><U133/><E133/><V10/><F10/><W90/><G20/><N who="0" m="13335" /><D36/><U79/><E9/><V88/><F88/><W95/><G90/><T48/><D38/><U75/><E11/><V114/><F114/><W21/><G91/><T77/><D77/><U70/><E78/><V127/><F127/><W64/><G76/><T26/><D26/><U104/><E70/><V107/><F107/><W135/><G21/><T45/><D116/><U28/><E106/><V109/><F109/><W100/><G135/><T4/><D118/><U119/><E119/><V65/><F65/><W96/><G64/><T16/><D67/><U8/><E8/><V81/><AGARI ba="0,1" hai="6,7,14,19,22,23,27,31,57,63,66,81,87,89" machi="81" ten="20,18000,2" yaku="1,1,0,1,7,1,8,1,52,1,53,2" doraHai="86" doraHaiUra="0" who="2" fromWho="2" sc="230,-60,245,-60,235,190,280,-60" /><INIT seed="2,1,0,3,5,42" ten="170,185,425,220" oya="2" hai0="19,110,117,130,49,16,97,127,45,90,132,121,108" hai1="7,20,123,114,112,27,135,26,94,125,103,48,37" hai2="17,113,61,64,52,55,8,104,105,25,134,1,5" hai3="106,24,128,124,11,15,126,116,115,51,31,77,62"/><V131/><F113/><W119/><G106/><T14/><D121/><U9/><E37/><V40/><F131/><W33/><G77/><T72/><D72/><U54/><E123/><V76/><F76/><W41/><G62/><T4/><D130/><U53/><E135/><V70/><F134/><W99/><G99/><T39/><D39/><U88/><E125/><N who="3" m="48234" /><G128/><T95/><D132/><U107/><E103/><V2/><F2/><W36/><G36/><T13/><D117/><U50/><E107/><V29/><F17/><N who="0" m="6730" /><D4/><U89/><E20/><V66/><F66/><W98/><G98/><T44/><D127/><U96/><E89/><V21/><F40/><W59/><G115/><T93/><D93/><U100/><E100/><V10/><F8/><W46/><G59/><T111/><D45/><N who="1" m="27791" /><E112/><V6/><F6/><AGARI ba="1,0" hai="6,11,15,24,31,33,41,46,51,116,119" m="48234" machi="6" ten="30,2000,0" yaku="18,1,52,1" doraHai="42" who="3" fromWho="2" sc="170,0,185,0,425,-23,220,23" /><INIT seed="3,0,0,3,3,0" ten="170,185,402,243" oya="3" hai0="55,48,61,133,134,123,103,49,120,119,24,76,131" hai1="104,40,91,111,51,73,41,132,65,107,96,93,92" hai2="35,97,1,130,45,79,117,101,80,70,28,87,21" hai3="54,77,26,12,74,38,20,37,27,52,99,105,15"/><W118/><G118/><T25/><D119/><U6/><E111/><V7/><F35/><W9/><G74/><T127/><D76/><U126/><E73/><V88/><F70/><W16/><G77/><T19/><D103/><U53/><E126/><V124/><F124/><W110/><G110/><T58/><D127/><U68/><E132/><N who="0" m="50793" /><D19/><U4/><E68/><V31/><F21/><W90/><G38/><T42/><D131/><U114/><E65/><V121/><F45/><W63/><G37/><T57/><D42/><N who="1" m="16491" /><E104/><V18/><F18/><W32/><G32/><T95/><D95/><U89/><E107/><V109/><F79/><W66/><G105/><T71/><D71/><U10/><E10/><V98/><F98/><W14/><G27/><N who="0" m="10315" /><D57/><N who="1" m="32959" /><E114/><V94/><F109/><W67/><G67/><T75/><D75/><U84/><AGARI ba="0,0" hai="4,6,84,89,91,92,93,96" m="32959,16491" machi="84" ten="30,4000,0" yaku="8,1,52,2" doraHai="0" who="1" fromWho="1" sc="170,-10,185,40,402,-10,243,-20" owari="160,-34.0,225,2.5,392,49.2,223,-17.7" /></mjloggm>