<mjloggm ver="2.3"><GO type="225" lobby="0"/><UN n0="%E3%81%A8%E3%82%93%E3%81%A8%E3%81%93%E3%81%A8%E3%82%93" n1="%E3%81%86%E3%81%A9%E3%82%93%E3%81%93" n2="%E6%B4%BE%E9%81%A3%E3%81%AE%E3%82%B8%E3%83%A3%E3%83%83%E3%82%AF" n3="%E3%83%97%E3%83%AC%E3%83%B4%E3%82%A1%E3%83%86%E3%82%A3" dan="16,16,17,16" rate="2154.71,2165.35,2174.27,2129.10" sx="F,M,M,F"/><TAIKYOKU oya="0"/><INIT seed="0,0,0,1,1,102" ten="250,250,250,250" oya="0" hai0="78,35,27,30,52,7,21,73,96,117,54,40,128" hai1="6,127,39,97,85,18,115,69,90,1,59,58,105" hai2="3,119,15,133,135,0,37,67,86,32,131,49,8" hai3="60,50,88,99,110,100,75,94,41,108,25,47,132"/><T107/><D117/><U74/><E74/><V4/><F37/><W16/><G75/><T95/><D128/><U87/><E69/><V125/><F67/><W56/><G132/><N who="2" m="50761" /><F131/><W51/><G51/><T13/><D40/><U106/><E39/><V48/><F125/><W116/><G116/><T29/><D29/><U64/><E127/><V101/><F119/><W134/><G134/><T2/><D73/><U92/><E115/><V55/><F32/><W34/><G34/><T22/><D78/><U70/><E70/><V111/><F111/><W81/><G81/><T123/><D123/><U26/><E87/><V103/><F86/><W93/><G93/><T121/><D121/><U36/><E36/><V14/><F49/><W5/><G5/><T12/><D12/><N who="2" m="4650" /><F3/><W43/><G43/><T89/><D2/><U126/><E126/><V38/><F38/><W84/><G84/><T10/><REACH who="0" step="1"/><D107/><REACH who="0" ten="240,250,250,250" step="2"/><U46/><E105/><V91/><F91/><W129/><G129/><T20/><AGARI ba="0,1" hai="7,10,13,20,21,22,27,30,35,52,54,89,95,96" machi="20" ten="30,11700,0" yaku="1,1,2,1,0,1,54,1,53,0" doraHai="102" doraHaiUra="72" who="0" fromWho="0" sc="240,127,250,-39,250,-39,250,-39" /><INIT seed="0,1,0,0,3,85" ten="367,211,211,211" oya="0" hai0="91,133,99,130,103,5,23,25,112,13,70,64,69" hai1="71,109,57,28,75,115,123,76,2,135,104,29,105" hai2="67,101,108,119,121,111,44,56,68,114,60,134,98" hai3="118,89,58,41,33,16,88,93,38,117,51,24,120"/><T79/><D112/><U10/><E57/><V126/><F114/><W36/><G33/><T0/><D0/><U12/><E12/><V127/><F121/><W61/><G120/><T15/><D79/><U19/><E19/><V27/><F27/><W116/><G51/><T81/><D130/><U43/><E10/><V37/><F134/><W113/><G113/><T110/><D133/><U30/><E43/><N who="2" m="22639" /><F119/><W4/><G4/><T63/><D70/><U59/><E29/><V129/><F129/><W102/><G41/><T3/><D3/><U39/><E30/><V54/><F98/><W78/><G78/><T49/><D5/><U82/><E28/><V50/><F101/><W31/><G31/><T90/><D49/><U17/><E17/><V52/><F54/><N who="3" m="34007" /><G102/><T84/><D110/><AGARI ba="1,0" hai="50,52,56,60,67,68,108,110,111,126,127" m="22639" machi="110" ten="30,8000,1" yaku="24,1,14,1,34,2,54,1" doraHai="85" who="2" fromWho="0" sc="367,-83,211,0,211,83,211,0" /><INIT seed="1,0,0,0,5,12" ten="284,211,294,211" oya="1" hai0="79,43,91,70,84,93,89,23,128,68,18,56,20" hai1="97,24,122,78,110,15,31,53,82,21,63,106,75" hai2="76,118,49,66,125,29,115,6,81,1,44,127,55" hai3="117,7,103,25,4,85,10,107,51,77,94,64,119"/><U16/><E122/><V14/><F118/><W59/><G107/><T121/><D128/><U37/><E37/><V80/><F115/><W26/><G103/><T0/><D0/><U38/><E38/><V132/><F132/><W120/><G120/><T50/><D121/><U105/><E110/><V11/><F29/><W3/><G7/><T48/><D79/><U33/><REACH who="1" step="1"/><E97/><REACH who="1" ten="284,201,294,211" step="2"/><V111/><F111/><W19/><G119/><T109/><D109/><U72/><E72/><V58/><F127/><W22/><G117/><T65/><D70/><U52/><E52/><V34/><F125/><W54/><G64/><T108/><D68/><U41/><E41/><V5/><F66/><W71/><G71/><T40/><D108/><U92/><E92/><V100/><F55/><W98/><G98/><T101/><D65/><U45/><E45/><V32/><F44/><W113/><G113/><T86/><D93/><U13/><E13/><V42/><F14/><N who="3" m="9591" /><G77/><T8/><D56/><AGARI ba="0,1" hai="15,16,21,24,31,33,53,56,63,75,78,82,105,106" machi="56" ten="40,7700,0" yaku="1,1,52,1,54,1,53,0" doraHai="12" doraHaiUra="133" who="1" fromWho="0" sc="284,-77,201,87,294,0,211,0" /><INIT seed="1,1,0,4,5,61" ten="207,288,294,211" oya="1" hai0="57,33,131,128,80,118,62,18,105,47,7,97,102" hai1="10,17,77,111,135,69,40,1,12,53,84,0,79" hai2="98,86,23,4,51,123,31,114,43,54,92,6,121" hai3="14,30,78,125,28,65,116,63,55,8,56,59,67"/><U64/><E135/><V42/><F114/><W93/><G125/><T46/><D118/><U2/><E40/><V107/><F107/><W89/><G116/><T25/><D7/><U70/><E70/><V88/><F121/><W90/><G78/><T35/><D80/><U21/><E111/><V94/><F123/><W71/><G71/><T41/><D18/><U15/><E53/><V130/><F130/><N who="0" m="49706" /><D25/><U52/><E84/><V81/><F92/><W76/><G76/><T109/><D109/><U26/><E15/><V104/><F104/><W5/><G90/><T19/><D19/><U37/><E37/><V48/><F48/><W24/><G56/><T58/><D57/><U13/><E13/><V85/><F85/><W91/><G91/><T9/><D9/><U119/><E119/><V27/><F4/><W112/><G112/><T36/><D47/><U83/><E83/><V129/><F6/><W134/><G134/><T103/><D102/><U20/><E20/><V16/><F31/><N who="3" m="11819" /><G24/><T108/><D108/><U38/><E38/><V95/><F129/><W49/><G49/><T106/><D105/><U127/><E127/><V22/><F22/><W39/><G39/><T133/><D133/><U99/><E79/><N who="2" m="46399" /><F95/><W82/><G82/><T32/><D35/><U44/><E77/><V101/><F101/><W96/><AGARI ba="1,0" hai="5,8,14,55,59,63,65,67,89,93,96" m="11819" machi="96" ten="30,4000,0" yaku="8,1,52,2" doraHai="61" who="3" fromWho="3" sc="207,-11,288,-21,294,-11,211,43" /><INIT seed="2,0,0,4,5,46" ten="196,267,283,254" oya="2" hai0="81,33,124,31,79,43,4,135,50,56,90,6,132" hai1="51,8,110,111,89,59,120,107,23,22,106,5,95" hai2="121,41,117,115,36,1,102,19,85,12,52,58,2" hai3="127,76,18,70,21,64,24,126,73,53,78,67,35"/><V105/><F115/><W66/><G70/><T7/><D124/><N who="3" m="47657" /><G73/><T16/><D90/><U114/><E114/><V28/><F117/><W61/><G35/><T57/><D31/><U39/><E39/><V65/><F121/><W98/><G98/><T97/><D33/><U103/><E103/><V116/><F116/><W10/><G10/><T62/><D97/><U87/><E120/><V69/><F85/><W72/><G72/><T42/><D16/><U32/><E32/><V94/><F28/><W17/><G17/><T104/><D104/><U45/><E59/><AGARI ba="0,0" hai="18,21,24,53,59,61,64,66,67,76,78" m="47657" machi="59" ten="30,1000,0" yaku="18,1" doraHai="46" who="3" fromWho="1" sc="196,0,267,-10,283,0,254,10" /><INIT seed="3,0,0,5,1,126" ten="196,257,283,264" oya="3" hai0="117,118,61,129,30,54,10,20,42,71,94,125,6" hai1="128,8,90,68,53,5,80,132,38,112,19,116,70" hai2="134,59,110,119,41,16,131,58,100,14,135,89,67" hai3="91,35,99,72,101,73,36,32,122,49,11,15,22"/><W18/><G36/><T93/><D42/><U133/><E112/><V47/><F131/><W111/><G122/><T81/><D81/><U60/><E38/><V69/><F119/><W52/><G111/><T57/><D71/><U83/><E19/><V104/><F110/><W24/><G91/><T23/><D125/><U114/><E114/><V103/><F89/><W121/><G121/><T124/><D124/><U123/><E123/><V13/><F13/><W79/><G79/><T3/><D129/><U63/><E116/><V43/><F69/><N who="1" m="26729" /><E53/><V109/><F109/><W88/><G88/><T12/><D117/><U21/><E21/><V75/><F75/><W1/><G1/><T56/><D118/><U31/><E31/><V102/><F104/><W87/><G87/><T65/><D3/><N who="1" m="63" /><E128/><V62/><F59/><W78/><G78/><T50/><REACH who="0" step="1"/><D20/><REACH who="0" ten="186,257,283,264" step="2"/><U7/><E83/><V29/><F43/><W66/><G35/><T86/><D86/><U95/><E80/><V115/><F115/><W55/><G32/><T84/><D84/><U28/><E132/><V127/><F127/><W120/><G120/><T44/><D44/><U64/><E133/><N who="2" m="50699" /><F47/><W40/><G73/><T46/><D46/><U107/><E107/><V85/><F85/><W9/><G72/><T82/><D82/><U25/><E95/><V97/><F41/><W92/><G40/><T74/><D74/><U76/><E76/><V27/><F97/><W0/><G99/><T4/><D4/><U105/><E7/><V34/><F103/><W96/><G101/><T48/><D48/><U37/><E105/><RYUUKYOKU ba="0,1" sc="186,15,257,-15,283,15,264,-15" hai0="6,10,12,23,30,50,54,56,57,61,65,93,94" hai2="14,16,27,29,34,58,62,67,100,102" /><INIT seed="4,1,1,2,4,8" ten="201,242,298,249" oya="0" hai0="57,97,16,120,13,77,25,29,17,113,1,69,26" hai1="88,116,20,118,125,100,62,114,126,51,86,76,135" hai2="74,11,58,127,44,53,111,18,19,91,78,112,48" hai3="27,42,79,28,21,92,75,102,31,39,12,84,82"/><T133/><D69/><U7/><E76/><V98/><F111/><W40/><G39/><T106/><D120/><U72/><E72/><V52/><F112/><W115/><G115/><T0/><D113/><U14/><E114/><V60/><F127/><N who="1" m="48649" /><E135/><V3/><F3/><N who="0" m="1098" /><D57/><U37/><E37/><V117/><F117/><W129/><G129/><T38/><D97/><U108/><E108/><V5/><F74/><W67/><G67/><T134/><D77/><U55/><E62/><V73/><F78/><W41/><G75/><T45/><D106/><U50/><E100/><V30/><F30/><W89/><G102/><T132/><D29/><U43/><E43/><V94/><F73/><W130/><G130/><T2/><N who="0" m="1106" /><T63/><DORA hai="34" /><D63/><U59/><E51/><V96/><F96/><N who="3" m="57359" /><G31/><T95/><D95/><N who="1" m="54679" /><E7/><V119/><F119/><W10/><G41/><N who="0" m="22711" /><D17/><AGARI ba="1,1" hai="14,17,20,50,55,59,116,118" m="54679,48649" machi="17" ten="30,7700,0" yaku="25,1,18,1,52,1,54,1" doraHai="8,34" who="1" fromWho="0" sc="201,-80,242,90,298,0,249,0" /><AGARI ba="1,0" hai="10,12,17,21,27,28,40,42,79,82,84" m="57359" machi="17" ten="30,2000,0" yaku="8,1,52,1" doraHai="8,34" who="3" fromWho="0" sc="121,-20,332,0,298,0,249,20" owari="101,-39.9,332,43.2,298,9.8,269,-13.1" /></mjloggm>