<mjloggm ver="2.3"><GO type="225" lobby="0"/><UN n0="%E3%81%BF%E3%81%BF%E3%81%9A" n1="%E6%B4%BE%E9%81%A3%E3%81%AE%E3%82%B8%E3%83%A3%E3%83%83%E3%82%AF" n2="%E9%A6%AC%E4%BA%86%E9%9A%94%E5%A3%81" n3="%E9%97%98%E5%B0%86%E3%81%A0%E3%82%93%E3%81%A7%E3%81%83" dan="17,17,18,16" rate="2308.31,2200.53,2226.97,2143.41" sx="M,M,M,M"/><TAIKYOKU oya="0"/><INIT seed="0,0,0,2,1,101" ten="250,250,250,250" oya="0" hai0="46,128,66,93,69,94,15,13,79,98,84,111,8" hai1="97,45,89,42,55,117,65,63,36,87,30,14,90" hai2="74,105,96,57,126,91,21,85,118,120,70,114,80" hai3="54,56,75,62,72,48,133,40,0,107,20,49,4"/><T88/><D128/><U73/><E117/><V78/><F70/><W5/><G133/><T131/><D131/><U77/><E30/><V37/><F37/><W71/><G107/><T83/><D111/><U123/><E123/><V67/><F120/><W32/><G32/><T110/><D110/><U134/><E134/><V135/><F135/><W10/><G5/><T50/><D69/><U2/><E2/><V104/><F114/><W106/><G106/><T130/><D66/><U34/><E34/><V47/><F47/><W58/><G71/><T24/><D130/><U112/><E112/><V11/><F11/><W12/><G49/><T108/><D108/><U100/><E73/><V125/><F21/><W23/><G40/><T64/><D64/><U86/><E14/><V44/><F44/><W52/><G23/><T102/><D24/><U38/><E55/><V103/><F105/><W116/><G116/><T22/><D22/><U132/><E132/><V18/><F18/><W33/><REACH who="3" step="1"/><G33/><REACH who="3" ten="250,250,250,240" step="2"/><T129/><D129/><U127/><E38/><V16/><F118/><W60/><G60/><T81/><D8/><U27/><E63/><N who="2" m="38383" /><F16/><AGARI ba="0,1" hai="0,4,10,12,16,20,48,52,54,56,58,62,72,75" machi="16" ten="40,5200,0" yaku="1,1,54,2,53,0" doraHai="101" doraHaiUra="109" who="3" fromWho="2" sc="250,0,250,0,250,-52,240,62" /><INIT seed="1,0,0,1,2,114" ten="250,250,198,302" oya="1" hai0="92,135,76,93,54,122,61,41,126,17,109,104,43" hai1="47,127,134,110,108,81,97,10,15,28,49,13,90" hai2="102,69,112,133,106,91,48,72,20,101,30,40,96" hai3="85,58,99,12,36,26,131,25,34,50,77,65,107"/><U75/><E134/><V83/><F69/><W68/><G36/><T9/><D104/><U37/><E28/><V123/><F123/><W125/><G77/><T19/><D135/><U100/><E37/><V7/><F133/><W128/><G85/><T27/><D122/><U42/><E127/><V80/><F112/><W113/><G113/><T132/><D76/><U89/><E75/><V105/><F7/><W88/><G88/><N who="1" m="33898" /><E10/><V120/><F120/><W121/><G121/><T129/><D126/><U45/><E45/><V64/><F64/><W95/><G107/><T39/><D132/><U79/><E81/><V74/><F91/><W84/><G84/><T62/><D39/><U130/><E79/><V1/><F30/><W53/><G34/><T16/><D129/><U111/><E130/><V2/><F20/><W73/><G73/><T8/><D109/><N who="1" m="27907" /><U82/><DORA hai="86" /><E82/><V87/><F87/><W117/><G125/><T31/><D8/><U60/><E60/><V55/><F48/><W5/><G50/><T46/><D9/><U33/><E33/><V115/><F115/><W3/><G128/><T38/><D62/><U56/><E56/><V103/><F96/><W57/><G99/><T22/><D38/><U4/><E4/><V0/><F106/><AGARI ba="0,0" hai="13,15,42,47,49,97,100,106" m="27907,33898" machi="106" ten="40,18000,2" yaku="14,1,10,1,52,3,54,1" doraHai="114,86" who="1" fromWho="2" sc="250,0,250,180,198,-180,302,0" /><INIT seed="1,1,0,1,2,99" ten="250,430,18,302" oya="1" hai0="37,112,28,81,12,22,31,63,17,79,36,15,82" hai1="97,128,127,133,8,119,66,47,46,13,83,105,117" hai2="115,93,51,16,65,33,108,85,35,109,26,135,67" hai3="111,95,72,134,80,106,130,1,100,122,60,14,53"/><U70/><E127/><V98/><F135/><W71/><G1/><T113/><D63/><U131/><E133/><V24/><F115/><W48/><G106/><T89/><D22/><U0/><E83/><V92/><F51/><W104/><G104/><T58/><D58/><U39/><E0/><V5/><F98/><N who="3" m="59487" /><G72/><T7/><D17/><U20/><E20/><V49/><F49/><W125/><G71/><T55/><D89/><U77/><E77/><V94/><F85/><W96/><G80/><T52/><REACH who="0" step="1"/><D79/><REACH who="0" ten="240,430,18,302" step="2"/><U61/><E61/><V110/><F5/><AGARI ba="1,1" hai="5,7,12,15,28,31,36,37,52,55,81,82,112,113" machi="5" ten="25,8000,1" yaku="1,1,2,1,22,2,54,1,53,0" doraHai="99" doraHaiUra="107" who="0" fromWho="2" sc="240,93,430,0,18,-83,302,0" owari="333,13.3,430,53.0,-65,-56.5,302,-9.8" /></mjloggm>