<mjloggm ver="2.3"><GO type="225" lobby="0"/><UN n0="%6D%75%75%6D%75%72%61" n1="%E3%81%A0%E3%81%8A" n2="%E5%AF%82%E5%AF%9E%E3%82%AE%E3%83%8D%E3%82%B9%E3%83%93%E3%83%BC%E3%83%AB" n3="%33%74%72%65%65" dan="16,16,16,16" rate="2164.26,2021.33,2178.30,2092.38" sx="F,M,M,F"/><TAIKYOKU oya="0"/><INIT seed="0,0,0,0,4,0" ten="250,250,250,250" oya="0" hai0="37,16,35,64,53,58,57,99,97,22,91,3,70" hai1="21,117,25,105,114,33,122,60,121,111,41,40,49" hai2="119,8,14,46,90,116,100,11,95,4,81,65,118" hai3="55,26,98,59,67,76,12,28,79,126,19,56,125"/><T24/><D37/><U103/><E33/><V135/><F135/><W32/><G67/><T62/><D3/><U109/><E117/><V31/><F65/><W15/><G98/><T51/><D35/><U18/><E114/><V42/><F31/><W115/><G115/><T73/><D73/><U1/><E1/><V82/><F100/><W129/><G129/><T89/><D70/><U78/><E78/><V110/><F11/><W93/><G93/><T120/><D120/><U92/><E105/><V27/><F27/><W130/><G130/><T20/><D20/><U61/><E92/><V63/><F63/><N who="1" m="24137" /><E103/><V2/><F110/><N who="1" m="41993" /><E49/><N who="2" m="26839" /><F2/><W54/><G32/><T13/><D24/><U74/><E74/><V34/><F34/><W88/><G26/><T94/><REACH who="0" step="1"/><D91/><REACH who="0" ten="240,250,250,250" step="2"/><U44/><E122/><V77/><F77/><W84/><G88/><T101/><D101/><U72/><E121/><V68/><F68/><W48/><G79/><T66/><D66/><U5/><E72/><V29/><F29/><W69/><G28/><T107/><D107/><U43/><E44/><V36/><F36/><W123/><G123/><T87/><AGARI ba="0,1" hai="13,16,22,51,53,57,58,62,64,87,89,94,97,99" machi="87" ten="20,18000,2" yaku="1,1,0,1,7,1,25,2,8,1,54,1,53,0" doraHai="0" doraHaiUra="75" who="0" fromWho="0" sc="240,190,250,-60,250,-60,250,-60" /><INIT seed="0,1,0,4,3,39" ten="430,190,190,190" oya="0" hai0="63,2,20,32,27,25,43,64,7,14,133,56,48" hai1="95,73,49,60,3,28,50,24,51,54,99,93,105" hai2="98,114,82,70,13,100,108,91,67,34,96,101,129" hai3="89,69,120,4,92,102,117,78,35,59,22,5,75"/><T12/><D133/><U131/><E131/><V81/><F34/><W0/><G35/><T116/><D116/><U76/><E3/><V57/><F70/><W1/><G69/><T37/><D37/><U77/><E105/><V86/><F114/><W46/><G117/><T107/><D107/><U112/><E112/><V52/><F67/><W15/><G120/><T135/><D135/><U104/><E104/><V88/><F108/><W58/><G102/><N who="2" m="39529" /><F13/><W61/><G0/><T123/><D123/><U126/><E126/><V31/><F31/><W33/><G33/><T90/><D2/><U36/><E36/><V16/><F16/><N who="3" m="10527" /><G75/><T94/><D7/><N who="3" m="2633" /><G1/><T119/><D119/><U62/><E73/><V42/><F129/><W26/><G78/><T127/><D127/><U40/><E77/><V17/><F17/><W21/><G46/><N who="0" m="25695" /><D32/><U110/><E76/><V134/><F134/><W38/><G61/><T132/><D132/><U10/><E62/><N who="2" m="36135" /><F42/><W6/><N who="3" m="2641" /><W115/><DORA hai="103" /><G38/><T85/><D25/><U29/><E60/><V118/><F118/><W53/><G53/><T87/><D27/><U8/><E54/><V124/><F124/><W30/><G115/><T19/><D12/><U130/><E110/><V83/><F91/><W125/><G125/><T106/><D106/><U41/><E130/><V23/><F23/><W65/><G65/><T80/><D14/><U45/><E45/><V71/><F71/><W79/><G79/><N who="0" m="46239" /><D19/><U122/><E122/><V9/><F9/><W55/><G55/><T121/><D121/><U111/><E111/><V109/><F109/><RYUUKYOKU ba="1,0" sc="430,10,190,-30,190,10,190,10" hai0="20,56,63,64,87,90,94" hai2="81,82,83,86,88,96,98" hai3="21,26,30,58,59,89,92" /><INIT seed="0,2,0,3,5,88" ten="440,160,200,200" oya="0" hai0="17,68,86,11,84,106,45,64,108,92,82,38,104" hai1="74,115,63,113,133,121,76,37,8,47,1,54,85" hai2="49,65,70,131,32,77,100,44,23,110,78,4,16" hai3="95,112,126,98,33,102,3,81,58,90,13,2,83"/><T25/><D108/><U117/><E74/><V40/><F32/><W39/><G112/><N who="1" m="43082" /><E117/><V0/><F110/><W71/><G71/><T57/><D68/><U36/><E121/><V9/><F131/><W67/><G126/><T31/><D38/><U119/><E119/><V15/><REACH who="2" step="1"/><F100/><REACH who="2" ten="440,160,190,200" step="2"/><W22/><G33/><T72/><D104/><U35/><E35/><V24/><F24/><W107/><G102/><T80/><D25/><U56/><E36/><V125/><F125/><W48/><G39/><T129/><D106/><U55/><E37/><V130/><F130/><W89/><G107/><T61/><D129/><U18/><E133/><V21/><F21/><W94/><G22/><T6/><D84/><U128/><E85/><V120/><F120/><W127/><G127/><T52/><D86/><U87/><E87/><V62/><AGARI ba="2,1" hai="0,4,9,15,16,23,40,44,49,62,65,70,77,78" machi="62" ten="30,7900,0" yaku="1,1,0,1,54,1,53,1" doraHai="88" doraHaiUra="19" who="2" fromWho="2" sc="440,-41,160,-22,190,95,200,-22" /><INIT seed="1,0,0,4,1,54" ten="399,138,285,178" oya="1" hai0="88,27,49,17,48,16,28,60,6,53,131,70,20" hai1="22,13,115,37,108,96,117,7,0,25,58,62,116" hai2="103,15,8,38,91,11,2,67,82,128,52,72,113" hai3="75,68,71,86,55,106,76,69,32,29,26,61,135"/><U74/><E115/><V4/><F113/><W56/><G135/><T47/><D131/><U18/><E0/><V83/><F128/><W42/><G106/><T19/><D6/><U21/><E74/><V80/><F38/><W100/><G100/><T110/><D110/><U118/><E37/><V126/><F67/><W39/><G75/><T57/><D70/><U97/><E108/><V95/><F126/><W35/><G35/><T23/><D88/><U105/><E105/><V99/><F52/><W1/><G1/><T24/><REACH who="0" step="1"/><D49/><REACH who="0" ten="389,138,285,178" step="2"/><U79/><E79/><V89/><REACH who="2" step="1"/><F72/><REACH who="2" ten="389,138,275,178" step="2"/><W73/><G73/><T130/><D130/><U65/><REACH who="1" step="1"/><E7/><AGARI ba="0,2" hai="2,4,7,8,11,15,80,82,83,89,91,95,99,103" machi="7" ten="40,2600,0" yaku="1,1,2,1,53,0" doraHai="54" doraHaiUra="104" who="2" fromWho="1" sc="389,0,138,-26,275,46,178,0" /><INIT seed="2,0,0,3,2,126" ten="389,112,321,178" oya="2" hai0="10,106,18,121,30,27,75,25,128,26,38,119,109" hai1="65,112,57,129,105,133,101,103,2,89,58,118,131" hai2="62,35,122,113,36,69,37,12,80,3,59,71,63" hai3="55,60,14,40,31,108,104,117,32,0,5,66,86"/><V24/><F3/><W132/><G117/><T82/><D121/><U28/><E112/><V76/><F113/><W53/><G40/><T91/><D106/><U50/><E118/><V102/><F122/><W20/><G104/><T74/><D119/><U64/><E2/><V115/><F102/><N who="1" m="38921" /><E105/><V11/><F115/><W90/><G0/><T9/><D109/><U85/><E133/><V1/><F1/><W13/><G108/><T120/><D128/><N who="1" m="49227" /><E28/><V45/><F24/><N who="3" m="16775" /><G32/><T99/><D27/><U116/><E116/><V88/><F35/><W49/><G132/><T61/><D61/><N who="1" m="37935" /><E50/><V77/><F63/><W98/><G49/><T78/><D30/><U42/><E42/><V16/><F37/><W39/><G39/><T130/><D38/><U43/><E43/><V96/><F36/><W34/><G60/><T15/><D26/><U110/><E110/><V107/><F107/><W79/><G14/><T7/><D25/><U73/><E73/><V83/><F62/><W124/><G13/><T95/><D74/><U94/><E58/><V44/><F59/><W29/><G29/><T47/><D130/><U92/><E65/><V67/><F67/><W135/><G66/><T48/><D75/><U6/><E6/><V93/><F45/><W41/><G41/><N who="0" m="24687" /><D7/><U17/><E17/><V81/><REACH who="2" step="1"/><F44/><REACH who="2" ten="389,112,311,178" step="2"/><W19/><G135/><T97/><D15/><U4/><E4/><V72/><F72/><W22/><G5/><T70/><D120/><U127/><E127/><V114/><F114/><W23/><G124/><T46/><D46/><U134/><E134/><V84/><F84/><RYUUKYOKU ba="0,1" sc="389,-15,112,15,311,15,178,-15" hai1="85,89,92,94" hai2="11,12,16,69,71,76,77,80,81,83,88,93,96" /><INIT seed="2,1,1,3,1,122" ten="374,127,326,163" oya="2" hai0="62,33,40,4,7,97,87,127,8,46,35,19,96" hai1="38,65,102,39,77,95,126,30,26,42,37,79,99" hai2="31,114,54,120,2,11,118,111,75,18,100,104,105" hai3="108,81,106,32,48,21,61,101,23,43,94,85,69"/><V88/><F114/><W17/><G32/><T22/><D127/><U73/><E126/><V47/><F120/><W41/><G106/><T0/><D7/><U13/><E73/><V34/><F75/><W3/><G3/><T135/><D135/><U67/><E42/><N who="3" m="15882" /><G69/><T89/><D62/><U9/><E79/><V78/><F78/><N who="3" m="46263" /><G108/><T103/><D33/><U98/><E98/><V74/><F100/><W117/><G117/><T44/><D35/><U115/><E115/><V86/><F74/><W91/><G101/><T59/><D59/><U16/><REACH who="1" step="1"/><E77/><REACH who="1" ten="374,117,326,163" step="2"/><V57/><F118/><W25/><G23/><AGARI ba="1,2" hai="9,13,16,23,26,30,37,38,39,65,67,95,99,102" machi="23" ten="40,5200,0" yaku="1,1,2,1,54,1,53,0" doraHai="122" doraHaiUra="113" who="1" fromWho="3" sc="374,0,117,75,326,0,163,-55" /><INIT seed="3,0,0,5,3,93" ten="374,192,326,108" oya="3" hai0="34,9,125,66,127,47,10,100,134,8,14,28,88" hai1="37,59,79,17,29,5,2,61,87,78,89,68,31" hai2="124,63,122,74,24,15,107,99,91,12,82,39,65" hai3="40,108,19,86,21,103,52,114,30,13,90,110,119"/><W69/><G114/><T77/><D134/><U22/><E37/><V35/><F39/><W123/><G123/><T104/><D77/><U38/><E38/><V113/><F113/><W135/><G119/><T43/><D66/><U83/><E68/><V106/><F122/><W95/><G135/><T85/><D100/><U102/><E102/><V46/><F46/><W27/><G69/><T41/><D104/><U80/><E5/><V49/><F49/><W44/><G103/><T117/><D117/><U3/><E3/><V50/><F50/><N who="3" m="28743" /><G40/><T45/><D14/><N who="1" m="9527" /><E2/><V132/><F132/><W109/><G13/><T18/><D47/><U130/><E130/><V73/><F107/><W129/><G129/><T26/><D18/><AGARI ba="0,0" hai="18,19,21,27,30,86,90,95,108,109,110" m="28743" machi="18" ten="30,5800,0" yaku="14,1,10,1,54,1" doraHai="93" who="3" fromWho="0" sc="374,-58,192,0,326,0,108,58" /><INIT seed="3,1,0,3,0,66" ten="316,192,326,166" oya="3" hai0="42,135,18,43,49,72,119,108,90,126,34,120,133" hai1="59,87,118,113,45,63,101,98,37,116,86,1,104" hai2="16,5,65,21,11,70,38,106,121,26,32,76,46" hai3="56,127,130,85,33,68,132,29,48,82,124,58,52"/><W95/><G132/><N who="0" m="50763" /><D119/><N who="1" m="45611" /><E1/><V83/><F106/><W62/><G130/><T123/><D108/><U54/><E113/><V0/><F121/><W67/><G95/><T35/><D126/><N who="3" m="48169" /><G33/><N who="0" m="12299" /><D72/><U57/><E57/><V99/><F32/><W91/><G29/><T110/><D110/><U129/><E129/><V19/><F99/><W105/><G105/><T23/><D90/><U96/><E98/><V122/><F122/><N who="0" m="46634" /><D49/><N who="1" m="28975" /><E37/><V64/><F19/><W71/><AGARI ba="1,0" hai="48,52,56,58,62,67,68,71,82,85,91" m="48169" machi="71" ten="30,11700,0" yaku="18,1,52,2,54,1" doraHai="66" who="3" fromWho="3" sc="316,-40,192,-40,326,-40,166,120" /><INIT seed="3,2,0,2,3,28" ten="276,152,286,286" oya="3" hai0="27,73,106,74,108,9,54,12,126,14,20,83,63" hai1="2,123,113,23,99,77,107,46,52,43,24,134,29" hai2="90,128,42,104,121,79,58,38,125,22,53,70,31" hai3="21,35,30,51,10,80,6,84,67,39,115,87,97"/><W86/><G115/><T130/><D106/><U37/><E134/><V118/><F118/><W76/><G39/><T68/><D108/><U48/><E123/><V92/><F104/><W109/><G109/><T88/><D126/><U135/><E135/><V101/><F101/><W96/><G21/><T119/><D119/><U85/><E113/><V57/><F70/><W8/><G67/><T49/><D130/><U103/><E2/><V93/><F79/><W40/><G35/><T62/><D68/><U11/><E11/><N who="3" m="4138" /><G30/><N who="0" m="17767" /><D74/><U122/><E122/><V98/><F128/><W110/><G6/><N who="0" m="3127" /><D14/><U131/><E131/><V1/><F1/><W61/><G61/><T45/><D73/><U44/><E77/><V71/><F71/><W59/><G110/><T55/><D55/><U133/><E133/><V0/><F0/><W7/><G7/><T50/><D50/><U82/><E82/><V17/><F31/><W94/><G40/><T13/><D13/><U60/><E60/><V129/><F129/><W16/><G16/><T4/><D4/><U95/><REACH who="1" step="1"/><E85/><AGARI ba="2,0" hai="45,49,54,62,63,83,85,88" m="3127,17767" machi="85" ten="30,2000,0" yaku="8,1,54,1" doraHai="28" who="0" fromWho="1" sc="276,26,152,-26,286,0,286,0" owari="302,40.2,126,-37.4,286,8.6,286,-11.4" /></mjloggm>