<mjloggm ver="2.3"><GO type="225" lobby="0"/><UN n0="%E3%81%AF%E3%82%88%E3%81%8A%E3%81%98%E3%81%95%E3%82%93" n1="%74%2E%6F%2E%6F%2E%73" n2="%4C%4F%4C%49%54%41" n3="%E3%81%93%E3%81%8F%E3%82%89%E3%82%AB%E3%83%90%E8%94%B5" dan="17,18,16,16" rate="2161.96,2162.58,2153.98,2037.16" sx="M,M,F,M"/><TAIKYOKU oya="0"/><INIT seed="0,0,0,0,5,135" ten="250,250,250,250" oya="0" hai0="70,109,0,5,129,22,72,88,1,14,41,23,65" hai1="94,45,111,107,71,73,36,7,117,16,95,80,39" hai2="126,21,30,108,121,40,110,119,132,114,81,2,127" hai3="27,46,68,10,26,90,29,24,20,84,48,123,74"/><T87/><D72/><U105/><E71/><V6/><F121/><W67/><G74/><T97/><D41/><U83/><E7/><V91/><F114/><W53/><G123/><T47/><D47/><U54/><E73/><V96/><F132/><W77/><G77/><T64/><D97/><U4/><E4/><V124/><F119/><W49/><G68/><T98/><D98/><U101/><E45/><V82/><F40/><W112/><G112/><T38/><D38/><U85/><E85/><V116/><F116/><W92/><G67/><T32/><D32/><U118/><E54/><V79/><F79/><W28/><G48/><T8/><D129/><U76/><E76/><V18/><F30/><N who="3" m="11883" /><G10/><T130/><D130/><U62/><E62/><V12/><F96/><W133/><G133/><T128/><D128/><U50/><E50/><V37/><F37/><W25/><G25/><T44/><D44/><U78/><E78/><V55/><F55/><W35/><G35/><T56/><D70/><U3/><E3/><N who="0" m="1097" /><D109/><N who="2" m="42090" /><F91/><W52/><G53/><T125/><D56/><U60/><E111/><V106/><F106/><W33/><G33/><T113/><D113/><U120/><E120/><V11/><AGARI ba="0,0" hai="2,6,11,12,18,21,81,82,124,126,127" m="42090" machi="11" ten="40,8000,1" yaku="18,1,14,1,52,3" doraHai="135" who="2" fromWho="2" sc="250,-40,250,-20,250,80,250,-20" /><INIT seed="1,0,0,5,0,85" ten="210,230,330,230" oya="1" hai0="1,98,12,52,129,29,49,84,121,17,8,109,19" hai1="21,118,61,101,78,57,7,55,115,122,20,103,34" hai2="108,36,58,28,43,82,63,41,9,14,47,13,105" hai3="87,72,54,25,66,120,116,92,35,97,5,15,127"/><U64/><E115/><V93/><F105/><W44/><G72/><T86/><D109/><U40/><E118/><V39/><F108/><W45/><G120/><T30/><D121/><U24/><E34/><V79/><F28/><N who="0" m="10858" /><D1/><U56/><E122/><V67/><F93/><W106/><G116/><T18/><D98/><U100/><E40/><V132/><F132/><W23/><G35/><T74/><D74/><U88/><E78/><V130/><F130/><W71/><G106/><T70/><D70/><U124/><E7/><V0/><F43/><W37/><G66/><T94/><D129/><U16/><E20/><V134/><F134/><W119/><G71/><T48/><D48/><N who="1" m="30823" /><E124/><V53/><F67/><W65/><G65/><T99/><D12/><U73/><E73/><N who="2" m="43375" /><F36/><W107/><G37/><T10/><D8/><U62/><E62/><V75/><F75/><W51/><G127/><T114/><D10/><U80/><E103/><V117/><F117/><W125/><G119/><T26/><D26/><U77/><E77/><V104/><F104/><W68/><G107/><T50/><D50/><U69/><E69/><V126/><F126/><W42/><G68/><T123/><D114/><U95/><E80/><V31/><F31/><W32/><G125/><T6/><D6/><AGARI ba="0,0" hai="0,6,9,13,14,39,41,47,53,58,63" m="43375" machi="6" ten="30,1000,0" yaku="25,1" doraHai="85" who="2" fromWho="0" sc="210,-10,230,0,330,10,230,0" /><INIT seed="2,0,0,4,0,63" ten="200,230,340,230" oya="2" hai0="50,77,74,36,6,11,78,10,25,109,65,80,117" hai1="108,32,23,49,13,24,121,15,95,29,102,85,90" hai2="61,22,0,35,39,101,106,73,105,99,135,91,3" hai3="88,97,58,1,57,128,48,123,60,19,2,116,76"/><V46/><F35/><W69/><G116/><T52/><D36/><U110/><E121/><V86/><F73/><W51/><G123/><T131/><D117/><U127/><E127/><V5/><F135/><W43/><G69/><T53/><D109/><N who="1" m="42091" /><E102/><V96/><F106/><W98/><G76/><T79/><D131/><U44/><E32/><V122/><F96/><W7/><G7/><T71/><D53/><AGARI ba="0,0" hai="13,15,23,24,29,44,49,53,85,90,95" m="42091" machi="53" ten="30,1000,0" yaku="14,1" doraHai="63" who="1" fromWho="0" sc="200,-10,230,10,340,0,230,0" /><INIT seed="3,0,0,2,4,4" ten="190,240,340,230" oya="3" hai0="59,43,74,70,17,111,105,82,47,129,104,40,101" hai1="87,76,35,130,41,120,133,99,23,5,69,15,11" hai2="31,89,44,77,67,90,85,115,106,13,38,78,121" hai3="2,65,64,61,39,60,79,33,88,86,14,3,75"/><W55/><G33/><T114/><D70/><U19/><E120/><V100/><F115/><W102/><G39/><T134/><D114/><U1/><E69/><V21/><F121/><W132/><G132/><T135/><D111/><U9/><E133/><N who="0" m="50697" /><D129/><U46/><E35/><V117/><F117/><W37/><G37/><N who="0" m="21903" /><D43/><U68/><E68/><V8/><F67/><W30/><G102/><T98/><D59/><U91/><E130/><V45/><F106/><W28/><G75/><T29/><D29/><U18/><E41/><V92/><F100/><W25/><G79/><N who="2" m="30217" /><F89/><W123/><G123/><T124/><D82/><U32/><E46/><V58/><F58/><W131/><G131/><T12/><D74/><U83/><E32/><V84/><F44/><W73/><G73/><T103/><D124/><U50/><E76/><V48/><F45/><W126/><G126/><T81/><D81/><U54/><E83/><V97/><F38/><W95/><G28/><T52/><D52/><U110/><E54/><V80/><F80/><W20/><G55/><T7/><D7/><U122/><E5/><N who="2" m="3215" /><F48/><W51/><G51/><T49/><D49/><U6/><E122/><V36/><F36/><W27/><G64/><T112/><D112/><U71/><E50/><V16/><F31/><W108/><G108/><T56/><D56/><U42/><E110/><V26/><AGARI ba="0,0" hai="16,21,26,84,85,90,92,97" m="3215,30217" machi="26" ten="30,4000,0" yaku="8,1,52,1,54,1" doraHai="4" who="2" fromWho="2" sc="190,-10,240,-10,340,40,230,-20" owari="180,-32.0,230,3.0,380,48.0,210,-19.0" /></mjloggm>