<mjloggm ver="2.3"><GO type="225" lobby="0"/><UN n0="%E3%81%95%E3%81%8D%E3%81%9F%E3%81%BE%E6%9E%97%E6%AA%8E" n1="%E3%81%9F%E3%81%93%E2%98%86%E7%84%BC%E3%81%8D" n2="%E7%BD%AA%E5%88%91%E6%B3%95%E5%AE%9A%E4%B8%BB%E7%BE%A9" n3="%E9%B3%B3%E6%9D%B1%E3%81%AE%E3%81%86%E3%81%95%E3%81%8E%E3%81%95%E3%82%93" dan="16,16,16,16" rate="2126.36,2138.41,2138.97,2158.87" sx="M,M,M,M"/><TAIKYOKU oya="0"/><INIT seed="0,0,0,1,1,129" ten="250,250,250,250" oya="0" hai0="110,60,54,52,76,115,19,10,42,63,119,86,26" hai1="34,12,0,50,4,91,48,106,87,27,81,127,130" hai2="69,46,133,8,53,65,20,44,61,124,14,66,128" hai3="89,35,16,94,114,30,100,102,25,29,97,111,5"/><T1/><D115/><U32/><E106/><V62/><F128/><W108/><G114/><T36/><D119/><U132/><E0/><V134/><F20/><N who="3" m="13447" /><G5/><T103/><D103/><N who="3" m="39465" /><G35/><T56/><D110/><AGARI ba="0,0" hai="29,30,89,94,97,108,110,111" m="39465,13447" machi="110" ten="30,2000,0" yaku="14,1,54,1" doraHai="129" who="3" fromWho="0" sc="250,-20,250,0,250,0,250,20" /><INIT seed="1,0,0,0,1,120" ten="230,250,250,270" oya="1" hai0="10,135,5,69,17,122,63,40,108,39,88,79,93" hai1="117,72,47,115,30,27,21,131,128,41,49,22,77" hai2="42,70,46,32,111,81,11,18,73,90,24,85,12" hai3="7,84,20,112,132,53,103,119,82,67,97,134,34"/><U92/><E115/><V29/><F70/><W86/><G34/><T129/><D129/><N who="1" m="49739" /><E117/><V35/><F73/><W104/><G112/><T68/><D135/><N who="3" m="51753" /><G119/><T125/><D125/><U64/><E64/><V96/><F96/><W13/><G67/><T59/><D122/><U107/><E107/><V60/><F60/><W89/><G53/><T65/><D79/><U121/><E121/><V33/><REACH who="2" step="1"/><F111/><REACH who="2" ten="230,250,240,270" step="2"/><W106/><G84/><T118/><D108/><U133/><E133/><V51/><AGARI ba="0,1" hai="11,12,18,24,29,32,33,35,42,46,51,81,85,90" machi="51" ten="20,5200,0" yaku="1,1,2,1,0,1,7,1,53,0" doraHai="120" doraHaiUra="114" who="2" fromWho="2" sc="230,-13,250,-26,240,62,270,-13" /><INIT seed="2,0,0,4,1,11" ten="217,224,302,257" oya="2" hai0="59,19,52,66,86,94,23,133,134,95,8,83,39" hai1="82,17,80,29,123,132,130,14,13,5,129,9,76" hai2="49,0,125,31,56,25,26,89,60,104,96,53,84" hai3="62,112,116,111,78,71,10,18,92,85,58,75,50"/><V46/><F125/><W110/><G116/><T6/><D39/><U32/><E80/><V69/><F0/><W41/><G75/><T107/><D107/><U15/><E82/><V64/><F31/><W61/><G112/><T27/><D66/><U131/><E76/><V43/><F96/><W38/><G38/><T51/><D134/><U68/><E68/><V100/><F100/><W36/><G36/><T48/><D48/><U2/><E132/><V24/><F104/><W34/><G34/><T55/><D55/><U47/><E47/><V7/><F7/><W114/><G71/><T121/><D121/><U90/><E90/><V126/><F126/><W45/><G114/><T120/><D120/><U101/><E101/><V40/><REACH who="2" step="1"/><F69/><REACH who="2" ten="217,224,292,257" step="2"/><W72/><G111/><T44/><D133/><U88/><E123/><V70/><F70/><W77/><G110/><T81/><D59/><U118/><E118/><V128/><F128/><W98/><G98/><T79/><REACH who="0" step="1"/><D81/><AGARI ba="0,1" hai="24,25,26,40,43,46,49,53,56,60,64,81,84,89" machi="81" ten="40,7700,0" yaku="1,1,8,1,53,1" doraHai="11" doraHaiUra="87" who="2" fromWho="0" sc="217,-77,224,0,292,87,257,0" /><INIT seed="2,1,0,3,3,7" ten="140,224,379,257" oya="2" hai0="122,77,12,112,58,47,69,50,74,88,98,85,110" hai1="134,107,39,90,11,9,109,80,125,117,49,118,62" hai2="15,19,93,91,23,120,132,70,73,97,78,103,95" hai3="65,34,4,57,75,20,116,61,41,56,35,82,30"/><V8/><F120/><W104/><G116/><T38/><D110/><U72/><E39/><V124/><F70/><W5/><G104/><T60/><D112/><U102/><E109/><V14/><F124/><W86/><G75/><T63/><D122/><U96/><E125/><V54/><F132/><W43/><G34/><T71/><D74/><U31/><E134/><V48/><F73/><W89/><G35/><T3/><D3/><U129/><E31/><V44/><F78/><W126/><G126/><T68/><D38/><U45/><E129/><V92/><F103/><W130/><G130/><T114/><D114/><U6/><E6/><AGARI ba="1,0" hai="6,8,14,15,19,23,44,48,54,91,92,93,95,97" machi="6" ten="30,5800,0" yaku="7,1,8,1,52,1" doraHai="7" who="2" fromWho="1" sc="140,0,224,-61,379,61,257,0" /><INIT seed="2,2,0,0,3,32" ten="140,163,440,257" oya="2" hai0="53,91,14,42,31,29,17,130,5,98,25,21,88" hai1="22,33,43,3,74,90,47,61,52,62,122,37,97" hai2="6,100,69,18,120,23,41,95,112,45,133,117,109" hai3="57,78,116,16,54,92,51,26,55,66,80,9,48"/><V101/><F112/><W131/><G116/><T96/><D130/><U118/><E33/><V2/><F120/><W46/><G131/><T99/><D42/><U64/><E74/><V7/><F117/><W24/><G66/><T108/><D108/><U111/><E111/><V67/><F109/><W106/><G106/><T129/><D129/><U104/><E122/><V50/><F133/><W30/><G30/><N who="0" m="11275" /><D53/><U127/><E22/><V89/><F69/><W103/><G103/><T87/><D87/><U13/><E13/><V110/><F67/><W28/><G92/><T10/><AGARI ba="2,0" hai="5,10,14,17,21,25,88,91,96,98,99" m="11275" machi="10" ten="30,2000,0" yaku="8,1,54,1" doraHai="32" who="0" fromWho="0" sc="140,26,163,-7,440,-12,257,-7" /><INIT seed="3,0,0,0,3,57" ten="166,156,428,250" oya="3" hai0="122,55,54,134,41,6,23,26,10,81,71,113,132" hai1="94,2,114,69,87,127,30,128,107,103,108,72,60" hai2="90,8,102,117,124,33,17,3,45,28,130,129,24" hai3="51,15,86,5,101,27,32,133,118,70,29,42,62"/><W36/><G118/><T46/><D122/><U48/><E114/><V98/><F117/><W89/><G36/><T105/><D105/><U16/><E2/><V39/><F90/><W135/><G101/><T110/><D110/><U4/><E72/><V38/><F124/><W9/><G42/><T121/><D71/><U76/><E4/><N who="2" m="1055" /><F17/><W31/><G31/><N who="0" m="17887" /><D121/><U75/><E48/><V43/><F39/><W7/><G51/><N who="0" m="27087" /><D81/><N who="1" m="45215" /><E30/><V22/><F22/><W12/><G12/><N who="0" m="5207" /><D113/><U77/><E127/><V25/><F25/><W34/><G34/><T66/><D66/><N who="1" m="41159" /><E77/><V79/><F79/><W99/><G5/><T109/><D109/><U65/><E65/><V88/><F88/><W52/><G70/><T93/><D93/><U96/><E108/><V63/><F63/><W92/><G86/><T14/><D14/><U0/><E0/><V84/><F84/><W1/><G1/><T13/><D13/><U126/><E126/><V95/><F95/><W119/><REACH who="3" step="1"/><G119/><REACH who="3" ten="166,156,428,240" step="2"/><T40/><D40/><U112/><E112/><V125/><F102/><W104/><G104/><T18/><D18/><U50/><E16/><V82/><F125/><W85/><G85/><T67/><D67/><U61/><E50/><V115/><F115/><W83/><G83/><T131/><D131/><N who="2" m="50186" /><F82/><W44/><G44/><T80/><D80/><U64/><E128/><V74/><F74/><W35/><G35/><T100/><D100/><U11/><E87/><V21/><F33/><W91/><G91/><T78/><D78/><U116/><E116/><V37/><F38/><W59/><AGARI ba="0,1" hai="7,9,15,27,29,32,52,59,62,89,92,99,133,135" machi="59" ten="30,11700,0" yaku="1,1,0,1,52,1,54,1,53,0" doraHai="57" doraHaiUra="111" who="3" fromWho="3" sc="166,-39,156,-39,428,-39,240,127" /><INIT seed="3,1,0,4,4,32" ten="127,117,389,367" oya="3" hai0="11,79,98,33,18,89,105,34,26,85,22,23,135" hai1="80,111,131,14,24,96,48,116,112,90,15,74,134" hai2="133,92,31,3,110,0,119,27,100,12,13,129,42" hai3="73,16,1,45,77,10,75,82,44,30,128,127,113"/><W123/><G123/><T47/><D135/><U63/><E112/><V88/><F119/><W103/><G113/><T104/><D79/><U86/><E134/><V115/><F115/><W64/><G128/><T108/><D108/><U43/><E111/><V2/><F110/><W66/><G75/><T51/><D11/><U68/><E131/><V126/><F133/><W54/><G127/><T101/><D23/><U61/><E68/><V28/><F129/><W114/><G114/><T41/><D104/><U93/><E74/><V91/><F126/><W83/><G30/><T39/><D39/><U55/><E43/><V7/><F42/><W130/><G130/><T94/><AGARI ba="1,0" hai="18,22,26,33,34,41,47,51,85,89,94,98,101,105" machi="94" ten="20,1500,0" yaku="0,1,7,1" doraHai="32" who="0" fromWho="0" sc="127,18,117,-5,389,-5,367,-8" owari="145,-25.5,112,-38.8,384,48.4,359,15.9" /></mjloggm>