<mjloggm ver="2.3"><GO type="225" lobby="0"/><UN n0="%6D%75%75%6D%75%72%61" n1="%E3%82%B8%E3%83%A3%E3%83%9E%E3%83%BC%E3%83%AB%E3%83%9E%E3%83%AC%E3%83%BC" n2="%E3%81%A9%E3%82%8F%E3%82%93%E3%81%94" n3="%E8%A8%88%E7%AE%97%E6%A9%9F%E8%87%AA%E7%84%B6" dan="16,17,16,17" rate="2185.45,2205.58,2161.39,2225.88" sx="F,M,M,M"/><TAIKYOKU oya="0"/><INIT seed="0,0,0,4,3,107" ten="250,250,250,250" oya="0" hai0="87,106,85,19,99,44,135,127,100,50,39,59,51" hai1="10,72,32,95,17,6,12,15,79,22,104,73,134" hai2="117,133,18,123,111,67,38,13,7,92,97,98,66" hai3="8,83,65,110,53,14,116,2,78,115,82,61,121"/><T93/><D127/><U55/><E104/><V62/><F123/><W113/><G116/><T90/><D135/><U80/><E134/><V42/><F133/><W52/><G2/><T43/><D87/><U57/><E95/><V74/><F117/><W84/><G110/><T34/><D34/><U24/><E32/><V26/><F111/><W16/><G121/><T3/><D3/><U37/><E37/><V33/><F7/><W114/><REACH who="3" step="1"/><G82/><REACH who="3" ten="250,250,250,240" step="2"/><T31/><D31/><U4/><E73/><V75/><F74/><W5/><G5/><T108/><D108/><U63/><REACH who="1" step="1"/><E6/><REACH who="1" ten="250,240,250,240" step="2"/><V94/><F75/><W60/><G60/><T105/><D105/><U46/><E46/><V101/><F62/><W122/><G122/><T112/><D112/><U23/><E23/><V47/><F33/><W1/><G1/><AGARI ba="0,2" hai="1,4,10,12,15,17,22,24,55,57,63,72,79,80" machi="1" ten="30,3900,0" yaku="1,1,7,1,52,1,53,0" doraHai="107" doraHaiUra="132" who="1" fromWho="3" sc="250,0,240,59,250,0,240,-39" /><INIT seed="1,0,0,3,2,61" ten="250,299,250,201" oya="1" hai0="130,20,29,52,39,123,72,103,71,90,17,19,46" hai1="41,88,49,0,135,106,102,37,14,33,28,12,115" hai2="131,101,30,98,96,54,51,127,62,118,8,34,93" hai3="111,26,107,58,16,48,121,81,32,78,113,86,64"/><U13/><E115/><V82/><F131/><W53/><G113/><T119/><D119/><U117/><E117/><V22/><F127/><W75/><G121/><T18/><D130/><U114/><E114/><V47/><F118/><W43/><G107/><T36/><D72/><U4/><E135/><V1/><F34/><W21/><G111/><T129/><D129/><U122/><E37/><V100/><F82/><W24/><G43/><T112/><D112/><U89/><E122/><V44/><F62/><N who="3" m="37975" /><G32/><T92/><D123/><U65/><E65/><V63/><F63/><W55/><G75/><T104/><D71/><U11/><E28/><V42/><F1/><W84/><G86/><T70/><D70/><U31/><E31/><V67/><F8/><W109/><G109/><T91/><D104/><U95/><E106/><V57/><F67/><W128/><G128/><T27/><D36/><U5/><E5/><V97/><F101/><W9/><G9/><T124/><D124/><U3/><E33/><V35/><F35/><W134/><G134/><T133/><D133/><U83/><E83/><V74/><F74/><W94/><G94/><T99/><D39/><U110/><E0/><V132/><F132/><W10/><G10/><T6/><D6/><U85/><E110/><V2/><F2/><W45/><G53/><T79/><D79/><U60/><E4/><V126/><F126/><W87/><G87/><T125/><D125/><U50/><E85/><V56/><F98/><W120/><G120/><T25/><D27/><AGARI ba="0,0" hai="16,21,24,26,27,45,48,55,78,81,84" m="37975" machi="27" ten="30,3900,0" yaku="8,1,52,1,54,1" doraHai="61" who="3" fromWho="0" sc="250,-39,299,0,250,0,201,39" /><INIT seed="2,0,0,0,1,134" ten="211,299,250,240" oya="2" hai0="95,2,68,89,87,27,18,102,113,21,122,44,83" hai1="121,80,82,11,0,14,127,117,96,49,22,86,119" hai2="7,47,84,43,77,34,31,98,75,32,55,118,5" hai3="123,29,1,63,23,125,12,114,57,13,6,24,73"/><V38/><F118/><W109/><G73/><T69/><D113/><U50/><E0/><V52/><F75/><W8/><G123/><T53/><D122/><U104/><E121/><V88/><F77/><W42/><G114/><T71/><D2/><U62/><E22/><V33/><F98/><W10/><G109/><T81/><REACH who="0" step="1"/><D102/><REACH who="0" ten="201,299,250,240" step="2"/><U16/><E117/><V126/><F126/><W51/><G125/><T74/><D74/><U72/><E119/><V3/><F3/><W111/><G111/><T130/><D130/><U133/><E127/><V59/><F31/><W115/><G115/><T30/><D30/><U135/><E72/><V66/><F66/><W15/><G1/><T25/><D25/><U85/><E135/><V78/><F78/><W65/><G6/><T17/><D17/><U37/><E16/><V41/><F7/><W100/><G100/><T61/><D61/><U108/><E62/><V94/><F5/><W76/><G76/><T93/><D93/><U116/><E133/><V60/><F43/><W54/><REACH who="3" step="1"/><G42/><REACH who="3" ten="201,299,250,230" step="2"/><T58/><D58/><AGARI ba="0,2" hai="8,10,12,13,15,23,24,29,51,54,57,58,63,65" machi="58" ten="40,5200,0" yaku="1,1,2,1,8,1,53,0" doraHai="134" doraHaiUra="40" who="3" fromWho="0" sc="201,-52,299,0,250,0,230,72" /><INIT seed="3,0,0,2,1,6" ten="149,299,250,302" oya="3" hai0="62,1,117,18,72,15,19,13,17,115,40,42,55" hai1="111,69,21,5,23,64,30,38,0,20,56,16,76" hai2="110,114,74,11,128,22,60,97,9,10,49,105,12" hai3="47,109,7,2,36,73,8,37,63,79,28,85,59"/><W57/><G109/><T32/><D117/><U51/><E38/><V26/><F114/><W53/><G73/><T45/><D115/><U54/><E111/><V104/><F74/><W68/><G68/><T50/><D72/><U101/><E76/><V106/><F110/><W39/><G28/><T88/><D32/><U94/><E30/><V92/><F128/><W108/><G108/><T90/><D1/><U70/><E5/><V121/><F121/><W25/><G25/><T119/><D119/><U14/><E0/><V58/><F49/><W75/><G85/><T133/><D133/><U124/><E124/><V103/><F12/><N who="0" m="4682" /><D62/><N who="1" m="37959" /><E69/><V67/><REACH who="2" step="1"/><F106/><REACH who="2" ten="149,299,240,302" step="2"/><W122/><G122/><T98/><D98/><N who="1" m="59607" /><E70/><V123/><F123/><W84/><G57/><AGARI ba="0,1" hai="14,16,20,21,23,51,54,57" m="59607,37959" machi="57" ten="30,2000,0" yaku="8,1,54,1" doraHai="6" who="1" fromWho="3" sc="149,0,299,30,240,0,302,-20" owari="149,-35.1,329,42.9,240,-16.0,282,8.2" /></mjloggm>