<mjloggm ver="2.3"><GO type="225" lobby="0"/><UN n0="%74%61%6B%65%2D%79%6F%75" n1="%73%6C%69%63%6B%33%31%39" n2="%6D%75%75%6D%75%72%61" n3="%43%68%65" dan="17,16,17,16" rate="2137.98,2188.57,2102.60,2157.26" sx="M,M,F,M"/><TAIKYOKU oya="0"/><INIT seed="0,0,0,5,1,104" ten="250,250,250,250" oya="0" hai0="56,110,12,109,3,49,117,100,2,9,81,50,20" hai1="34,7,18,24,119,90,86,118,96,30,32,0,87" hai2="129,62,84,128,122,38,66,61,46,45,135,72,97" hai3="94,112,37,41,59,10,113,89,27,107,132,133,65"/><T131/><D117/><U79/><E32/><V21/><F122/><W80/><G107/><T74/><D131/><N who="2" m="50250" /><F97/><W111/><G27/><T92/><D20/><U60/><E96/><V48/><F84/><W39/><G80/><T29/><D29/><U95/><E60/><V125/><F21/><W54/><G10/><T47/><D100/><U77/><E18/><V91/><F91/><W70/><G94/><T28/><D28/><U8/><REACH who="1" step="1"/><E87/><REACH who="1" ten="250,240,250,250" step="2"/><V53/><F62/><N who="3" m="40247" /><G111/><T22/><D109/><U5/><E5/><V67/><F61/><N who="3" m="36087" /><G89/><T15/><D110/><U19/><E19/><V42/><F67/><W69/><G69/><T130/><D130/><U82/><E82/><V64/><F66/><W31/><G31/><T108/><D81/><U106/><E106/><V33/><F64/><W23/><G23/><T76/><D22/><U35/><E35/><V44/><F33/><W93/><G93/><T25/><D92/><U101/><E101/><V71/><F71/><W1/><G1/><T88/><D2/><U58/><E58/><V116/><F116/><AGARI ba="0,1" hai="0,7,8,24,30,34,77,79,86,90,95,116,118,119" machi="116" ten="40,1300,0" yaku="1,1,53,0" doraHai="104" doraHaiUra="99" who="1" fromWho="2" sc="250,0,240,23,250,-13,250,0" /><INIT seed="1,0,0,5,5,58" ten="250,263,237,250" oya="1" hai0="65,44,77,135,46,32,106,134,41,4,129,54,16" hai1="110,73,52,56,10,117,5,84,36,88,26,96,15" hai2="114,45,104,102,23,105,78,42,49,93,34,67,124" hai3="100,6,80,82,62,131,30,122,55,37,109,71,43"/><U108/><E117/><V132/><F34/><W48/><G122/><T33/><D129/><U119/><E119/><V69/><F114/><W118/><G118/><T86/><D106/><U57/><E73/><V72/><F124/><W9/><G131/><T47/><D4/><U115/><E115/><V127/><F127/><W12/><G100/><T107/><D107/><U83/><E36/><V1/><F1/><W101/><G101/><T60/><D41/><U125/><E125/><V85/><F132/><N who="0" m="50730" /><D54/><U20/><E96/><V39/><F39/><W19/><G30/><T99/><D99/><U28/><REACH who="1" step="1"/><E57/><REACH who="1" ten="250,253,237,250" step="2"/><V11/><F72/><W75/><G37/><T68/><D68/><U51/><AGARI ba="0,1" hai="5,10,15,20,26,28,51,52,56,83,84,88,108,110" machi="51" ten="30,12000,1" yaku="1,1,2,1,0,1,54,2,53,0" doraHai="58" doraHaiUra="31" who="1" fromWho="1" sc="250,-40,253,130,237,-40,250,-40" /><INIT seed="1,1,0,5,3,9" ten="210,383,197,210" oya="1" hai0="56,47,123,52,90,77,72,104,12,125,2,61,121" hai1="3,28,64,102,6,84,78,65,40,130,115,119,113" hai2="38,106,50,32,105,1,53,36,110,25,133,81,43" hai3="26,73,49,4,13,88,93,51,86,114,48,91,58"/><U68/><E119/><V129/><F110/><W44/><G114/><T108/><D2/><U103/><E84/><V24/><F129/><W16/><G73/><T94/><D108/><U70/><E3/><V41/><F1/><W69/><G69/><T45/><D104/><U127/><E28/><V42/><F133/><W55/><G26/><T132/><D132/><U97/><E97/><V34/><F81/><N who="3" m="49615" /><G4/><T85/><D125/><U118/><E6/><V120/><F41/><W23/><G44/><T60/><D60/><U15/><E40/><V29/><F29/><W59/><G59/><T66/><D12/><U27/><E27/><V109/><F109/><W117/><G117/><T116/><D116/><U20/><E20/><V134/><F134/><W124/><G124/><T71/><D71/><U17/><E17/><V98/><F98/><AGARI ba="1,0" hai="13,16,23,48,49,51,55,58,88,93,98" m="49615" machi="98" ten="30,7700,0" yaku="8,1,52,1,54,2" doraHai="9" who="3" fromWho="2" sc="210,0,383,0,197,-80,210,80" /><INIT seed="2,0,0,0,1,31" ten="210,383,117,290" oya="2" hai0="57,72,61,89,37,131,23,112,56,108,55,65,8" hai1="47,40,88,75,104,62,43,102,134,124,11,90,30" hai2="79,100,36,125,96,129,68,2,126,59,115,93,73" hai3="50,53,42,109,48,49,44,113,9,14,85,16,66"/><V98/><F68/><W127/><G109/><T17/><D112/><U117/><E75/><V52/><F115/><W58/><G127/><T39/><D108/><U22/><E117/><V86/><F36/><W133/><G133/><T24/><D131/><U83/><E43/><V107/><F129/><W95/><G113/><T60/><D72/><U81/><E104/><V5/><F73/><W6/><G66/><T38/><D8/><U69/><E102/><V1/><F79/><W26/><G26/><T122/><D122/><U70/><E11/><V74/><F74/><W54/><G6/><T121/><D121/><U78/><E134/><V19/><F86/><W10/><G10/><T0/><D0/><U21/><E124/><N who="2" m="47723" /><F19/><W101/><G54/><T3/><D3/><U128/><E69/><V67/><F67/><W84/><G49/><T25/><REACH who="0" step="1"/><D89/><REACH who="0" ten="200,383,117,290" step="2"/><U35/><E90/><N who="2" m="55351" /><F5/><W29/><G29/><T114/><D114/><U82/><E30/><V87/><F87/><W51/><G85/><T103/><D103/><U46/><E88/><V45/><F45/><W41/><G84/><T64/><D64/><U13/><E47/><V76/><F76/><W116/><G101/><T106/><D106/><U4/><E78/><V99/><F99/><W80/><G44/><T15/><AGARI ba="0,1" hai="15,17,23,24,25,37,38,39,55,56,57,60,61,65" machi="15" ten="30,2000,0" yaku="1,1,0,1,53,0" doraHai="31" doraHaiUra="94" who="0" fromWho="0" sc="200,30,383,-5,117,-10,290,-5" /><INIT seed="3,0,0,2,1,118" ten="230,378,107,285" oya="3" hai0="19,62,73,38,61,111,132,29,83,33,109,100,91" hai1="58,128,129,31,79,45,77,78,105,124,5,4,131" hai2="59,53,39,32,1,117,107,10,74,68,51,102,104" hai3="70,43,26,81,36,46,27,92,50,135,94,134,122"/><W86/><G70/><T54/><D132/><N who="3" m="50729" /><G36/><T18/><D38/><U123/><E124/><V82/><F117/><W115/><G115/><T2/><D2/><U0/><E123/><V57/><F32/><W55/><G55/><T44/><D100/><U11/><E105/><V7/><F102/><W48/><G48/><N who="0" m="28935" /><D29/><U52/><E45/><V23/><F23/><W89/><G122/><T13/><D33/><U16/><E31/><V101/><F82/><W56/><G56/><T34/><D34/><U90/><E90/><V69/><F7/><W6/><G6/><T96/><D18/><U112/><E112/><V22/><F101/><W65/><G65/><T12/><D12/><N who="1" m="7199" /><E0/><V49/><F1/><W15/><G15/><T40/><D83/><U119/><E119/><V110/><F39/><W99/><G94/><N who="0" m="56415" /><D40/><U97/><E97/><V88/><F22/><W84/><G84/><T121/><D73/><U8/><E8/><V114/><F74/><W60/><G60/><AGARI ba="0,0" hai="4,5,52,58,60,77,78,79,128,129,131" m="7199" machi="60" ten="40,5200,0" yaku="19,1,54,2" doraHai="118" who="1" fromWho="3" sc="230,0,378,52,107,0,285,-52" owari="230,-17.0,430,53.0,107,-39.3,233,3.3" /></mjloggm>