<mjloggm ver="2.3"><GO type="225" lobby="0"/><UN n0="%E9%B3%B3%E6%9D%B1%E3%81%AE%E3%81%86%E3%81%95%E3%81%8E%E3%81%95%E3%82%93" n1="%E3%81%B5%E3%81%98%E3%81%8B%E3%81%A4" n2="%E7%99%BD%E6%97%A5%E9%9B%AA%E8%8F%9C" n3="%E3%81%BF%E3%81%BF%E3%81%9A" dan="17,16,17,17" rate="2289.62,2189.25,2230.17,2246.01" sx="M,M,M,M"/><TAIKYOKU oya="0"/><INIT seed="0,0,0,3,2,51" ten="250,250,250,250" oya="0" hai0="41,55,32,118,21,0,38,14,53,121,22,35,13" hai1="87,90,59,97,64,63,19,78,134,79,2,75,103" hai2="101,65,125,17,42,116,98,115,126,49,16,28,80" hai3="1,77,37,7,43,130,30,127,33,67,71,56,129"/><T120/><D41/><U39/><E134/><V50/><F115/><W68/><G127/><N who="2" m="48649" /><F28/><W114/><G114/><T100/><D100/><U91/><E2/><V69/><F116/><W15/><G1/><T44/><D0/><U60/><E39/><V104/><F80/><W24/><G77/><T102/><D102/><U124/><E124/><V132/><F132/><W70/><G15/><T82/><D82/><U123/><E123/><V117/><F117/><W105/><G7/><T34/><D34/><U12/><E75/><V84/><F84/><W72/><G72/><T10/><D10/><U40/><E40/><V107/><F107/><W86/><G86/><T61/><D61/><U18/><E103/><V88/><F88/><N who="1" m="33833" /><E97/><V27/><F27/><W94/><G105/><T45/><D118/><U112/><E112/><V122/><F122/><W93/><G43/><T119/><D119/><U23/><E87/><V47/><F50/><W48/><G37/><AGARI ba="0,0" hai="13,14,21,22,32,35,37,38,44,45,53,55,120,121" machi="37" ten="25,9600,0" yaku="22,2,52,2" doraHai="51" who="0" fromWho="3" sc="250,96,250,0,250,0,250,-96" /><INIT seed="0,1,0,2,0,46" ten="346,250,250,154" oya="0" hai0="60,100,113,29,124,115,86,96,97,75,92,90,103" hai1="62,132,82,34,91,66,98,78,128,64,0,8,11" hai2="123,25,22,58,126,37,55,6,106,101,134,23,50" hai3="95,74,43,3,99,87,17,77,72,32,120,18,56"/><T107/><D29/><U76/><E34/><V61/><F123/><W71/><G32/><T81/><D60/><U38/><E38/><V53/><F37/><W45/><G71/><T41/><D41/><U10/><E132/><V68/><F134/><W105/><G3/><T30/><D30/><U108/><E108/><V104/><F126/><W70/><G120/><T59/><D59/><U48/><E0/><V93/><F6/><W52/><G70/><T73/><D124/><U135/><E135/><V47/><F68/><W102/><G74/><AGARI ba="1,0" hai="73,74,75,81,86,90,92,96,97,100,103,107,113,115" machi="74" ten="40,7700,0" yaku="34,3" doraHai="46" who="0" fromWho="3" sc="346,80,250,0,250,0,154,-80" /><INIT seed="0,2,0,2,0,42" ten="426,250,250,74" oya="0" hai0="39,85,131,43,94,57,79,87,34,61,69,62,134" hai1="58,114,19,59,67,24,29,133,90,122,9,20,128" hai2="45,110,125,41,25,96,98,72,107,112,21,10,99" hai3="116,106,82,0,120,119,63,51,52,124,111,6,92"/><T86/><D34/><U27/><E122/><V104/><F112/><W130/><G106/><T64/><D131/><U5/><E114/><V49/><F72/><W105/><G105/><T88/><D134/><U76/><E133/><V93/><F110/><W91/><G111/><T121/><D121/><U15/><E76/><V80/><F125/><W117/><G120/><T109/><D109/><U55/><E128/><V126/><F80/><W44/><G130/><T108/><D108/><U36/><E36/><V53/><F126/><W77/><G124/><T38/><D79/><U33/><E67/><V73/><F73/><W13/><G0/><T68/><D68/><U132/><E132/><V23/><F10/><W74/><G63/><T8/><D8/><U60/><E59/><V100/><F21/><W2/><G13/><T115/><D115/><U70/><E90/><V66/><F66/><W127/><G127/><T95/><D95/><U83/><E83/><V4/><F4/><W75/><G74/><T28/><D28/><U56/><E56/><V14/><F14/><W123/><G123/><T18/><D18/><U101/><E101/><V129/><F129/><W3/><REACH who="3" step="1"/><G6/><REACH who="3" ten="426,250,250,64" step="2"/><T17/><D62/><U37/><E70/><V103/><F107/><W48/><G48/><T71/><D38/><U135/><E135/><V81/><F104/><W47/><G47/><N who="0" m="24063" /><D69/><U78/><E37/><V11/><F49/><W50/><G50/><T89/><D71/><U97/><E78/><V31/><F45/><W16/><G16/><T12/><D94/><U26/><E26/><V40/><F25/><RYUUKYOKU ba="2,1" sc="426,10,250,10,250,-30,64,10" hai0="12,17,57,61,64,85,86,87,88,89" hai1="5,9,15,19,20,24,27,29,33,55,58,60,97" hai3="2,3,44,51,52,75,77,82,91,92,116,117,119" /><INIT seed="0,3,1,2,2,51" ten="436,260,220,74" oya="0" hai0="61,128,75,5,30,64,14,24,22,66,27,117,94" hai1="65,9,33,28,45,46,96,81,84,2,3,70,54" hai2="1,34,43,73,53,87,91,68,97,47,135,95,133" hai3="80,17,69,79,112,12,72,39,74,58,124,13,11"/><T10/><D117/><U102/><E70/><V78/><F34/><W42/><G69/><T132/><D128/><U60/><E33/><V119/><F68/><W57/><G112/><T26/><D75/><U130/><E28/><V125/><F1/><W118/><G118/><T120/><D120/><U100/><E100/><V50/><F119/><W101/><G124/><T20/><D132/><N who="2" m="50762" /><F125/><W44/><G101/><T85/><D61/><U76/><E130/><V19/><F19/><W104/><G104/><T89/><REACH who="0" step="1"/><D26/><REACH who="0" ten="426,260,220,74" step="2"/><U114/><E114/><V77/><F73/><W16/><REACH who="3" step="1"/><G74/><REACH who="3" ten="426,260,220,64" step="2"/><T31/><AGARI ba="3,3" hai="5,10,14,20,22,24,27,30,31,64,66,85,89,94" machi="31" ten="20,18000,2" yaku="1,1,2,1,0,1,7,1,9,1,8,1,53,0" doraHai="51" doraHaiUra="103" who="0" fromWho="0" sc="426,219,260,-63,220,-63,64,-63" /><INIT seed="0,4,0,5,5,42" ten="645,197,157,1" oya="0" hai0="78,48,30,117,77,7,14,124,31,134,79,12,114" hai1="84,29,85,135,103,56,61,68,66,115,53,93,105" hai2="109,52,92,131,88,99,10,129,11,57,28,55,51" hai3="17,100,20,86,118,106,120,67,50,21,44,49,70"/><T98/><D114/><U35/><E135/><V107/><F109/><W76/><G118/><T87/><D117/><U81/><E115/><V127/><F127/><W110/><G106/><T43/><D124/><U89/><E105/><V123/><F123/><W96/><G70/><T46/><D134/><U116/><E116/><V13/><F28/><N who="0" m="10794" /><D98/><U126/><E126/><V36/><F36/><W23/><G67/><T91/><D7/><U38/><E38/><V94/><F107/><W60/><G60/><T4/><D4/><U25/><E103/><V15/><F94/><AGARI ba="4,0" hai="12,14,43,46,48,77,78,79,87,91,94" m="10794" machi="94" ten="30,2900,0" yaku="8,1,52,1" doraHai="42" who="0" fromWho="2" sc="645,41,197,0,157,-41,1,0" /><INIT seed="0,5,0,0,4,89" ten="686,197,116,1" oya="0" hai0="88,32,15,11,108,57,51,37,128,29,55,113,129" hai1="66,23,25,72,24,2,39,110,132,95,106,92,3" hai2="56,1,43,93,118,117,77,64,63,102,127,36,60" hai3="85,135,125,49,124,5,79,101,91,105,52,126,120"/><T73/><D113/><U122/><E122/><V6/><F77/><W19/><G135/><T35/><D73/><U22/><E106/><V69/><F127/><N who="3" m="32515" /><W10/><DORA hai="20" /><G120/><T133/><D133/><U28/><E72/><V61/><F1/><W62/><G79/><T100/><D37/><U34/><E132/><V112/><F6/><W31/><G62/><T107/><D108/><U8/><E39/><V94/><F112/><W115/><G115/><T97/><D88/><U26/><E110/><V71/><F102/><W86/><G19/><N who="0" m="8703" /><D29/><U27/><E66/><N who="2" m="41159" /><F43/><W65/><G65/><T17/><D17/><U0/><REACH who="1" step="1"/><E8/><REACH who="1" ten="686,187,116,1" step="2"/><V59/><F36/><W14/><G31/><T50/><D107/><U96/><E96/><V81/><F71/><W38/><G38/><T54/><D97/><U46/><E46/><V121/><F121/><W13/><G13/><T58/><D128/><U103/><E103/><V76/><F64/><W33/><G33/><T78/><D100/><U44/><E44/><V134/><F134/><W48/><G52/><T82/><D129/><U41/><E41/><V30/><F30/><W18/><G18/><T104/><D32/><U116/><E116/><N who="2" m="44651" /><F56/><W70/><G70/><T16/><D35/><U84/><E84/><N who="3" m="32362" /><G91/><T114/><D114/><U119/><E119/><V67/><F63/><W109/><G109/><T74/><D16/><U4/><E4/><V123/><F123/><W53/><G53/><T68/><D68/><U9/><E9/><V80/><F67/><W98/><AGARI ba="5,1" hai="5,10,14,48,49,98,101,105" m="32362,32515" machi="98" ten="50,1600,0" yaku="18,1" doraHai="89,20" who="3" fromWho="3" sc="686,-13,187,-9,116,-9,1,41" /><INIT seed="1,0,0,0,2,71" ten="673,178,107,42" oya="1" hai0="85,10,62,13,22,41,59,132,15,51,53,70,34" hai1="129,57,83,114,30,97,31,113,38,21,126,24,90" hai2="100,124,111,43,0,108,54,26,23,8,56,128,94" hai3="25,123,9,80,89,79,7,2,127,6,98,101,60"/><U118/><E118/><V48/><F128/><W1/><G123/><T46/><D34/><U73/><E129/><V18/><F124/><W27/><G127/><T88/><D132/><U3/><E126/><V112/><F112/><W115/><G115/><T63/><D22/><U99/><E3/><V17/><F43/><W20/><G89/><T11/><D70/><U133/><E133/><V67/><F67/><W104/><G60/><T37/><D13/><U105/><E105/><V64/><F64/><W72/><REACH who="3" step="1"/><G20/><REACH who="3" ten="673,178,107,32" step="2"/><T92/><REACH who="0" step="1"/><D11/><AGARI ba="0,1" hai="1,2,6,7,9,11,25,27,72,79,80,98,101,104" machi="11" ten="40,5200,0" yaku="1,1,2,1,9,1,53,0" doraHai="71" doraHaiUra="84" who="3" fromWho="0" sc="673,-52,178,0,107,0,32,62" /><INIT seed="2,0,0,5,3,133" ten="621,178,107,94" oya="2" hai0="118,76,127,12,37,17,96,74,52,107,75,134,78" hai1="115,18,38,57,49,132,100,62,130,73,31,88,8" hai2="108,40,50,9,103,35,126,22,67,0,70,6,89" hai3="29,113,68,21,11,30,101,135,71,93,60,16,79"/><V25/><F35/><W124/><G135/><T53/><D37/><U111/><E115/><V69/><F103/><W109/><G113/><T46/><D134/><U45/><E111/><V72/><F72/><W24/><G109/><T63/><D118/><U5/><E130/><V80/><F108/><W83/><G124/><T99/><D127/><U48/><E73/><V54/><F40/><W129/><G129/><T4/><D4/><U117/><E100/><V41/><F41/><W64/><G71/><T84/><D84/><U128/><E128/><V44/><F67/><W23/><G11/><T120/><D120/><U47/><E132/><V2/><F2/><W56/><G68/><T86/><D86/><U61/><E31/><V15/><F0/><W14/><G29/><T121/><D121/><U7/><E18/><N who="2" m="8559" /><F126/><W123/><G123/><T131/><D131/><U59/><E8/><V19/><F6/><W55/><G55/><T26/><D107/><U36/><E88/><V43/><F43/><W97/><G83/><T81/><D81/><U105/><E105/><V82/><F82/><W125/><G125/><T39/><D39/><U98/><E98/><V106/><F106/><W3/><G3/><T32/><D32/><U95/><E95/><V110/><F110/><W20/><G23/><T102/><D102/><U77/><E117/><V1/><F1/><W104/><G104/><T51/><D75/><U66/><E66/><V94/><F94/><W42/><G42/><T33/><D74/><U27/><E77/><AGARI ba="0,0" hai="14,16,20,21,24,30,56,60,64,77,79,93,97,101" machi="77" ten="40,8000,1" yaku="25,2,8,1,54,1" doraHai="133" who="3" fromWho="1" sc="621,0,178,-80,107,0,94,80" /><INIT seed="3,0,0,4,0,82" ten="621,98,107,174" oya="3" hai0="96,132,46,75,72,117,5,111,78,70,51,26,59" hai1="41,64,11,95,108,61,120,109,21,47,107,81,34" hai2="110,55,124,22,54,134,32,125,33,129,18,30,52" hai3="84,99,14,15,40,4,112,36,39,10,48,113,37"/><W49/><G99/><T80/><D117/><U101/><E120/><V53/><F110/><N who="1" m="42601" /><E34/><V105/><F105/><W24/><G24/><T25/><D70/><N who="1" m="42255" /><E107/><V2/><F2/><W100/><G100/><T86/><D111/><U1/><E21/><V97/><F129/><W50/><G40/><T58/><D132/><U119/><E119/><V71/><F134/><W104/><G104/><T114/><D114/><U87/><E1/><V44/><F71/><W19/><G19/><T93/><D5/><U42/><E11/><V85/><F97/><W0/><G0/><T126/><D126/><N who="2" m="48746" /><F30/><W62/><G62/><T7/><D7/><U66/><E66/><V79/><F79/><W102/><G102/><N who="0" m="60687" /><D75/><U29/><E29/><V133/><F133/><W60/><G4/><T31/><D72/><U115/><E115/><V56/><F85/><W94/><G84/><T128/><D128/><U74/><E74/><V12/><F44/><W13/><G10/><T88/><D78/><N who="1" m="46519" /><E47/><V83/><F83/><W103/><G103/><T35/><D35/><U16/><E16/><V73/><F73/><W131/><G131/><T38/><D38/><U135/><E135/><V17/><F18/><W90/><G113/><T20/><D25/><U43/><E101/><V8/><F22/><W130/><G112/><T98/><D98/><U69/><E69/><V3/><F3/><W68/><G130/><T127/><D127/><U121/><E121/><V23/><F23/><W63/><G68/><T122/><D122/><U28/><E28/><V6/><F17/><W77/><G36/><T27/><D27/><RYUUKYOKU ba="0,0" sc="621,10,98,10,107,10,174,-30" hai0="20,26,31,46,51,58,59,80,86,88" hai1="41,42,43,95" hai2="6,8,12,32,33,52,53,54,55,56" owari="631,73.1,108,-39.2,117,-28.3,144,-5.6" /></mjloggm>