<mjloggm ver="2.3"><GO type="225" lobby="0"/><UN n0="%33%74%72%65%65" n1="%47%68%6F%73%74%55%30" n2="%E3%81%B5%E3%81%98%E3%81%8B%E3%81%A4" n3="%E9%B3%B3%E6%9D%B1%E3%81%AE%E3%81%BF%E3%81%91%E3%81%AB%E3%82%83%E3%82%93" dan="16,17,16,17" rate="2166.59,2131.08,2139.17,2153.41" sx="F,M,M,F"/><TAIKYOKU oya="0"/><INIT seed="0,0,0,0,0,58" ten="250,250,250,250" oya="0" hai0="25,115,118,53,9,131,7,12,116,85,81,124,90" hai1="18,129,76,117,15,8,47,105,69,55,77,46,65" hai2="54,134,31,108,3,100,63,19,60,22,20,26,111" hai3="66,114,122,21,113,48,135,107,36,33,110,49,121"/><T84/><D115/><N who="3" m="44041" /><G21/><T34/><D131/><U132/><E117/><V72/><F72/><W35/><G107/><T130/><D130/><U79/><E129/><V75/><F75/><W23/><G23/><T2/><D124/><U123/><E123/><N who="3" m="47114" /><G36/><T128/><D128/><U17/><E105/><V112/><F134/><W13/><G13/><T74/><D74/><U37/><E132/><V127/><F127/><W94/><G94/><T120/><D120/><U95/><E37/><V78/><F112/><W109/><G66/><T11/><D85/><U91/><E55/><V62/><F3/><W44/><G44/><T42/><D42/><U92/><E92/><V5/><F5/><W80/><G80/><T32/><D53/><U96/><E18/><V64/><F54/><W39/><G39/><T29/><REACH who="0" step="1"/><D34/><REACH who="0" ten="240,250,250,250" step="2"/><N who="3" m="12809" /><G135/><T14/><D14/><U1/><E1/><V88/><F78/><W99/><G99/><T57/><D57/><U41/><E41/><V106/><F106/><W50/><AGARI ba="0,1" hai="48,49,50,109,110" m="12809,47114,44041" machi="50" ten="40,5200,0" yaku="28,2,13,1" doraHai="58" who="3" fromWho="3" sc="240,-26,250,-13,250,-13,250,62" /><INIT seed="1,0,0,0,0,61" ten="214,237,237,312" oya="1" hai0="68,25,119,102,60,63,50,32,53,49,5,48,62" hai1="99,111,64,22,93,21,8,113,57,47,85,26,17" hai2="97,126,67,58,23,87,98,55,38,4,77,54,117" hai3="123,106,80,128,112,65,34,52,76,45,43,109,134"/><U3/><E113/><V13/><F117/><W107/><G123/><T29/><D119/><U11/><E3/><V72/><F72/><W6/><G34/><T35/><D35/><U124/><E124/><V27/><F126/><W41/><G112/><T56/><D68/><U92/><E111/><V36/><F4/><W129/><G109/><T37/><D37/><U82/><E47/><V125/><F13/><W101/><G6/><T131/><D131/><N who="3" m="50249" /><G65/><T130/><D130/><U0/><E0/><V135/><F135/><W133/><G52/><N who="2" m="20009" /><F38/><N who="3" m="21687" /><G43/><T12/><REACH who="0" step="1"/><D102/><REACH who="0" ten="204,237,237,312" step="2"/><U33/><E33/><V83/><F36/><W7/><G101/><T31/><D31/><U42/><E42/><V89/><F125/><W88/><G133/><T20/><D20/><U75/><E22/><V30/><F89/><W2/><G134/><T90/><D90/><N who="1" m="51511" /><E75/><V15/><F15/><W28/><G28/><T120/><D120/><U115/><E115/><V95/><F95/><W118/><G118/><T19/><D19/><U70/><E70/><V74/><F74/><N who="3" m="43031" /><G88/><T116/><D116/><U14/><E14/><V121/><F121/><W51/><G51/><T18/><D18/><U81/><E93/><V84/><F84/><W69/><G69/><T127/><D127/><U40/><E40/><V96/><F96/><W94/><G94/><T10/><AGARI ba="0,1" hai="5,10,12,25,29,32,48,49,50,53,56,60,62,63" machi="10" ten="30,2000,0" yaku="1,1,0,1,53,0" doraHai="61" doraHaiUra="114" who="0" fromWho="0" sc="204,30,237,-10,237,-5,312,-5" /><INIT seed="2,0,0,1,5,71" ten="234,227,232,307" oya="2" hai0="81,103,43,61,51,46,33,87,113,4,96,30,2" hai1="20,1,86,26,54,44,18,107,132,114,12,53,106" hai2="67,35,23,14,111,40,131,8,98,65,88,3,72" hai3="83,73,17,120,68,24,95,94,112,27,128,134,69"/><V119/><F119/><W0/><G120/><T29/><D113/><U77/><E1/><V32/><F72/><W116/><G116/><T91/><D33/><U84/><E114/><V63/><F3/><W125/><G112/><T52/><D2/><U89/><E132/><V118/><F118/><W57/><G134/><T5/><D29/><U56/><E106/><V109/><F131/><W47/><G128/><T105/><D30/><U36/><E107/><V110/><F23/><W135/><G57/><T9/><D9/><U99/><E77/><V28/><F40/><W115/><G47/><T55/><REACH who="0" step="1"/><D61/><REACH who="0" ten="224,227,232,307" step="2"/><U121/><E121/><V58/><F28/><W108/><G115/><T34/><D34/><U39/><E20/><V11/><F11/><W41/><G0/><T80/><D80/><U82/><E82/><V78/><F35/><W15/><G83/><T38/><D38/><U7/><E36/><V45/><F32/><W70/><G135/><T93/><D93/><U85/><E39/><V49/><F78/><W76/><G95/><T102/><D102/><U31/><E31/><V59/><F63/><W117/><G94/><T92/><D92/><U50/><E89/><V25/><F88/><W79/><G76/><T104/><D104/><U42/><E99/><V101/><F98/><W16/><G79/><T123/><D123/><U60/><E60/><V48/><F101/><W130/><G117/><T66/><D66/><N who="2" m="25098" /><F49/><W64/><G64/><T133/><D133/><U19/><E50/><V124/><F48/><W22/><G130/><T13/><D13/><U122/><E12/><RYUUKYOKU ba="0,1" sc="224,30,227,-10,232,-10,307,-10" hai0="4,5,43,46,51,52,55,81,87,91,96,103,105" /><INIT seed="3,1,1,5,5,78" ten="254,217,222,297" oya="3" hai0="43,70,36,54,81,106,61,12,75,102,63,30,64" hai1="97,83,127,4,60,7,56,96,16,116,19,66,33" hai2="31,122,77,65,15,35,62,24,1,123,26,108,110" hai3="103,120,99,25,14,101,107,92,34,38,42,17,88"/><W37/><G120/><N who="2" m="46121" /><F77/><W55/><G42/><T73/><D30/><U76/><E33/><V93/><F93/><W2/><G2/><T118/><D118/><U6/><E116/><V72/><F72/><W53/><G37/><T105/><D81/><U115/><E115/><V113/><F62/><W68/><G38/><T129/><D36/><U48/><E127/><V50/><F50/><W44/><G68/><T3/><D70/><U45/><E96/><V71/><F65/><W95/><G107/><T84/><D64/><U67/><E97/><V23/><F71/><W119/><G119/><T32/><D105/><U121/><E67/><V85/><F85/><N who="3" m="52239" /><G34/><T128/><D75/><U40/><REACH who="1" step="1"/><E121/><REACH who="1" ten="254,207,222,297" step="2"/><V69/><F113/><W8/><G103/><T74/><D102/><U27/><E27/><N who="2" m="18943" /><F69/><W114/><G114/><T46/><D32/><U49/><E49/><V112/><F112/><W39/><G39/><T90/><D63/><U132/><E132/><V117/><F117/><W18/><G44/><T21/><D46/><U109/><E109/><N who="2" m="42091" /><F1/><W94/><G101/><T11/><D3/><U124/><E124/><V22/><F15/><W58/><G99/><T79/><D12/><U29/><E29/><V13/><F13/><W47/><G47/><T100/><D100/><U133/><E133/><V126/><F126/><W125/><G125/><T5/><D61/><U57/><E57/><V80/><F80/><W28/><G58/><T104/><D104/><U10/><E10/><V111/><F111/><W82/><G82/><N who="0" m="49431" /><D106/><U130/><E130/><V89/><F89/><W98/><G14/><RYUUKYOKU ba="1,2" sc="254,-15,207,15,222,15,297,-15" hai1="4,6,7,16,19,40,45,48,56,60,66,76,83" hai2="22,23,24,26" /><INIT seed="4,2,2,2,4,49" ten="239,222,237,282" oya="0" hai0="9,108,33,71,32,50,90,42,101,127,47,95,129" hai1="12,58,130,91,37,23,109,57,115,20,111,69,28" hai2="97,123,48,15,86,56,77,82,43,100,119,13,94" hai3="106,22,79,24,105,113,122,53,124,0,66,74,121"/><T59/><D71/><U85/><E69/><V27/><F123/><N who="3" m="47115" /><G113/><T135/><D135/><U52/><E37/><V116/><F27/><W68/><G124/><T30/><D127/><U73/><E73/><V34/><F34/><W44/><G0/><T80/><D129/><U60/><E130/><V10/><F15/><W81/><G44/><T45/><D108/><U126/><E126/><V35/><F35/><W84/><G53/><T107/><D47/><U96/><E115/><V5/><REACH who="2" step="1"/><F56/><REACH who="2" ten="239,222,227,282" step="2"/><W4/><G4/><T120/><D59/><N who="1" m="34919" /><E109/><V88/><F88/><W65/><G68/><T36/><D90/><U125/><E125/><V131/><F131/><W63/><G24/><T118/><D33/><U76/><E111/><V31/><F31/><W7/><G7/><T54/><D30/><U93/><E28/><V87/><F87/><W78/><G22/><N who="1" m="8234" /><E12/><V18/><F18/><W99/><G74/><T41/><D32/><U102/><E76/><V39/><F39/><W112/><G78/><T83/><D36/><U40/><E85/><V19/><F19/><W67/><G112/><T128/><D120/><U21/><N who="1" m="8242" /><U55/><DORA hai="104" /><E91/><V3/><F3/><W92/><G79/><T16/><D128/><U14/><E14/><V8/><F8/><W72/><G72/><T117/><D9/><U70/><E57/><V11/><F11/><W25/><G84/><T17/><D17/><U64/><E70/><V114/><F114/><W98/><G25/><T133/><D16/><U134/><E58/><V62/><F62/><W75/><G63/><T26/><D26/><RYUUKYOKU ba="2,3" sc="239,-10,222,-10,227,30,282,-10" hai2="5,10,13,43,48,77,82,86,94,97,100,116,119" /><INIT seed="5,3,3,3,1,87" ten="229,212,257,272" oya="1" hai0="99,88,28,100,81,30,22,92,12,130,117,76,54" hai1="40,109,16,126,94,7,9,23,93,102,123,42,89" hai2="38,104,65,51,85,114,69,61,91,59,96,52,98" hai3="8,36,35,101,0,49,78,74,79,63,83,68,55"/><U103/><E123/><V53/><F104/><W66/><G35/><T72/><D117/><U128/><E126/><V18/><F38/><W27/><G27/><T13/><D130/><U62/><E128/><V26/><F114/><W113/><G113/><T15/><D22/><U17/><E62/><V80/><F69/><W107/><G36/><T118/><D118/><U20/><E109/><V121/><F121/><W41/><G41/><N who="1" m="15978" /><E7/><V75/><F75/><W71/><G79/><T37/><D37/><U58/><E58/><N who="2" m="33055" /><F65/><W57/><G101/><N who="1" m="38410" /><E94/><V97/><F26/><W2/><G107/><T95/><REACH who="0" step="1"/><D54/><REACH who="0" ten="219,212,257,272" step="2"/><U34/><E34/><V105/><F105/><W132/><G55/><T64/><D64/><U48/><E9/><V70/><F70/><W73/><G8/><T6/><D6/><U60/><E20/><V110/><F110/><W134/><G68/><T127/><D127/><U32/><E32/><V125/><F125/><W31/><G71/><T3/><D3/><U19/><E23/><V43/><F43/><W14/><G0/><T10/><D10/><U50/><E60/><V39/><F39/><W45/><G2/><T115/><D115/><U84/><AGARI ba="3,4" hai="16,17,19,48,50,84,89,93" m="38410,15978" machi="84" ten="30,6000,0" yaku="8,1,52,1,54,1" doraHai="87" who="1" fromWho="1" sc="219,-23,212,109,257,-23,272,-23" owari="196,-30.4,321,42.1,234,-16.6,249,4.9" /></mjloggm>