<mjloggm ver="2.3"><GO type="225" lobby="0"/><UN n0="%E3%81%AF%E3%82%88%E3%81%8A%E3%81%98%E3%81%95%E3%82%93" n1="%6D%75%75%6D%75%72%61" n2="%E8%A8%88%E7%AE%97%E6%A9%9F%E8%87%AA%E7%84%B6" n3="%53%61%63%68%69%30%34" dan="16,16,17,16" rate="2191.99,2156.61,2224.37,2079.70" sx="M,F,M,M"/><TAIKYOKU oya="0"/><INIT seed="0,0,0,2,2,21" ten="250,250,250,250" oya="0" hai0="80,46,117,85,49,132,78,45,50,129,83,34,43" hai1="86,123,81,35,106,88,56,96,58,19,8,18,82" hai2="70,60,104,61,135,39,102,79,59,111,22,69,47" hai3="77,67,2,31,121,87,68,99,94,112,73,53,72"/><T108/><D117/><U124/><E123/><V38/><F79/><W13/><G2/><T131/><D34/><U3/><E124/><V122/><F102/><W54/><G112/><T52/><D132/><U89/><E35/><V90/><F104/><W9/><G121/><T24/><D108/><U126/><E126/><V125/><F125/><W17/><G73/><T66/><D66/><U114/><E114/><V76/><F76/><W127/><G72/><T98/><D98/><U27/><E3/><V7/><F7/><W133/><G133/><T41/><D24/><U120/><E120/><V134/><F22/><W101/><G127/><T42/><REACH who="0" step="1"/><D83/><REACH who="0" ten="240,250,250,250" step="2"/><U116/><E116/><V15/><F122/><W93/><G67/><T107/><D107/><U51/><E106/><V36/><F111/><W20/><G99/><T11/><D11/><U74/><E96/><V5/><F134/><W97/><G97/><T100/><D100/><U65/><E65/><V33/><F33/><W115/><G101/><T30/><D30/><U44/><E8/><V25/><F25/><W84/><G31/><T118/><D118/><U4/><E27/><V92/><F135/><W29/><G29/><T1/><D1/><U28/><E28/><V6/><F92/><W75/><G93/><T10/><D10/><U63/><E82/><V40/><F15/><W64/><G13/><T55/><AGARI ba="0,1" hai="41,42,43,45,46,49,50,52,55,78,80,85,129,131" machi="55" ten="30,11700,0" yaku="1,1,0,1,9,1,54,1,53,0" doraHai="21" doraHaiUra="119" who="0" fromWho="0" sc="240,127,250,-39,250,-39,250,-39" /><INIT seed="0,1,0,1,5,84" ten="367,211,211,211" oya="0" hai0="126,87,24,22,31,63,74,58,131,18,48,94,30" hai1="105,68,97,73,8,34,12,57,3,15,50,4,19" hai2="38,25,0,86,17,121,83,52,95,11,65,55,128" hai3="89,129,9,124,70,81,98,127,69,53,134,130,43"/><T67/><D74/><U33/><E68/><N who="3" m="26218" /><G9/><T10/><D126/><N who="3" m="48169" /><G43/><T114/><D114/><U51/><E73/><V76/><F121/><W56/><G81/><T77/><D131/><N who="3" m="50185" /><G98/><T106/><D106/><U26/><E12/><N who="2" m="7327" /><F38/><W59/><G89/><N who="0" m="53567" /><D77/><U27/><E27/><V21/><F0/><W104/><G104/><T7/><D48/><U112/><E50/><V107/><F107/><W110/><G110/><T41/><D41/><U71/><E112/><V91/><F128/><W133/><G53/><T115/><D115/><U42/><E34/><V108/><F108/><W5/><G5/><T16/><D7/><U35/><E33/><V54/><F65/><W85/><G85/><T64/><D67/><U101/><E71/><V37/><F37/><W36/><G36/><T23/><D10/><U62/><E3/><V47/><F47/><W60/><G60/><T119/><D119/><U117/><E117/><V32/><F32/><W93/><G93/><T99/><D99/><U61/><E4/><V49/><F49/><W28/><G28/><T111/><D111/><U14/><E14/><AGARI ba="1,0" hai="14,16,18,22,23,24,30,31,58,63,64" m="53567" machi="14" ten="30,5800,0" yaku="8,1,52,1,54,1" doraHai="84" who="0" fromWho="1" sc="367,61,211,-61,211,0,211,0" /><INIT seed="0,2,0,2,3,113" ten="428,150,211,211" oya="0" hai0="43,84,106,85,39,63,5,14,135,117,28,3,65" hai1="98,112,127,110,131,102,103,89,86,108,78,23,60" hai2="51,111,125,61,124,27,59,62,126,46,129,87,7" hai3="26,66,25,10,79,48,88,121,76,100,132,11,38"/><T41/><D106/><U123/><E60/><V118/><F7/><W13/><G38/><T68/><D3/><U56/><E56/><V83/><F111/><N who="1" m="42537" /><E23/><V6/><F129/><W101/><G132/><T74/><D74/><U32/><E32/><V50/><F6/><W37/><G37/><T97/><D28/><U29/><E29/><V81/><F27/><N who="3" m="10251" /><G121/><T95/><D135/><U1/><E1/><V57/><F118/><W15/><G66/><T12/><D117/><U45/><E45/><V34/><F34/><W0/><G0/><T19/><D5/><U122/><E112/><V130/><F130/><W70/><G70/><T4/><D4/><U109/><N who="1" m="42545" /><U69/><DORA hai="44" /><E69/><V18/><F18/><W24/><G88/><T64/><D65/><U75/><E131/><V16/><F16/><W53/><N who="3" m="10259" /><W107/><DORA hai="82" /><G107/><T128/><D12/><N who="3" m="4681" /><G100/><N who="1" m="38442" /><E98/><V96/><F96/><W73/><G101/><T80/><D128/><U21/><E21/><V36/><F36/><W55/><G73/><T94/><D97/><U114/><E114/><V54/><F61/><W67/><G67/><T58/><D68/><U40/><E40/><N who="2" m="24903" /><F62/><W72/><G72/><T99/><D39/><U91/><E75/><V115/><F115/><W90/><G55/><T2/><D2/><U105/><E105/><V49/><F54/><W116/><G53/><T77/><D99/><U31/><E31/><V134/><F57/><W35/><G35/><T52/><D64/><U92/><E127/><N who="2" m="48715" /><F59/><W8/><G10/><N who="0" m="6615" /><D43/><U33/><E33/><V119/><F126/><W104/><G8/><RYUUKYOKU ba="2,0" sc="428,0,150,0,211,0,211,0" /><INIT seed="1,3,0,5,1,67" ten="428,150,211,211" oya="1" hai0="56,113,41,2,129,112,36,110,48,97,69,71,105" hai1="10,35,5,119,114,53,94,43,37,96,93,135,95" hai2="49,131,7,14,108,81,18,99,59,87,11,52,45" hai3="51,38,65,82,130,0,100,127,126,31,46,68,21"/><U3/><E114/><V28/><F108/><W98/><G0/><T9/><D110/><U121/><E119/><V54/><F131/><W104/><G130/><T117/><D117/><U115/><E115/><V23/><F99/><W74/><G38/><T122/><D129/><U12/><E121/><V120/><F120/><W90/><G31/><T72/><D72/><U44/><E135/><V4/><F28/><W1/><G1/><T79/><D122/><U16/><E35/><V60/><REACH who="2" step="1"/><F23/><REACH who="2" ten="428,150,201,211" step="2"/><W70/><G21/><T84/><D97/><U76/><E76/><AGARI ba="3,1" hai="4,7,11,14,18,45,49,52,54,59,60,76,81,87" machi="76" ten="30,12000,2" yaku="1,1,2,1,7,1,8,1,54,1,53,1" doraHai="67" doraHaiUra="13" who="2" fromWho="1" sc="428,0,150,-129,201,139,211,0" /><INIT seed="2,0,0,3,1,95" ten="428,21,340,211" oya="2" hai0="4,57,0,65,35,14,48,113,99,107,119,129,135" hai1="19,42,17,100,25,116,22,46,78,64,120,133,56" hai2="70,53,89,45,90,106,30,67,2,98,41,38,32" hai3="37,96,87,43,105,12,123,50,55,84,18,11,114"/><V66/><F2/><W29/><G123/><T72/><D35/><U6/><E116/><V125/><F125/><W15/><G114/><T86/><D72/><U24/><E120/><V115/><F115/><W21/><G37/><T130/><D0/><U97/><E133/><V128/><F128/><N who="0" m="49258" /><D113/><U40/><E78/><V110/><F53/><W52/><G43/><T109/><D109/><U74/><E74/><V68/><F110/><W34/><G34/><T118/><D135/><U126/><E126/><V77/><F77/><W122/><G122/><T79/><D4/><U3/><E3/><V127/><F127/><W103/><G55/><N who="0" m="31975" /><D65/><U82/><E6/><V76/><F76/><W91/><G91/><T16/><D86/><U88/><E100/><N who="2" m="62743" /><F66/><W81/><G81/><T60/><D60/><N who="1" m="37895" /><E82/><V27/><F68/><W85/><G29/><T108/><D108/><U59/><E59/><V58/><F58/><W63/><G63/><AGARI ba="0,0" hai="27,30,32,38,41,45,63,67,70,89,90" m="62743" machi="63" ten="30,2900,0" yaku="25,1,52,1" doraHai="95" who="2" fromWho="3" sc="428,0,21,0,340,29,211,-29" /><INIT seed="2,1,0,2,2,34" ten="428,21,369,182" oya="2" hai0="1,74,101,19,129,48,117,61,115,45,76,110,107" hai1="112,81,90,67,120,9,121,130,22,54,50,84,99" hai2="32,56,10,82,95,83,133,41,92,85,68,69,93" hai3="102,73,55,39,46,27,29,52,88,114,128,98,127"/><V124/><F32/><W15/><G73/><T38/><D115/><U13/><E112/><V44/><F124/><W91/><G114/><T11/><D110/><U43/><E130/><V109/><F133/><W59/><G128/><T131/><D117/><U119/><E119/><V86/><F56/><W4/><G127/><T24/><D48/><U135/><E43/><V78/><F109/><W14/><G39/><T125/><D61/><U108/><E135/><V33/><F33/><W0/><G0/><T103/><D103/><U111/><E111/><V80/><F10/><W36/><G36/><T17/><D17/><U132/><E132/><V18/><F18/><W94/><G46/><T8/><D8/><U40/><E40/><V122/><F122/><W37/><G37/><T97/><D24/><U64/><E108/><V12/><F12/><N who="3" m="4651" /><G4/><N who="0" m="1423" /><D19/><U57/><E22/><V42/><F42/><W66/><G66/><T60/><D60/><U105/><E105/><V58/><F58/><W123/><G123/><T2/><D2/><U5/><E120/><V77/><REACH who="2" step="1"/><F82/><REACH who="2" ten="428,21,359,182" step="2"/><W6/><G6/><T134/><D125/><U89/><REACH who="1" step="1"/><E121/><REACH who="1" ten="428,11,359,182" step="2"/><V51/><AGARI ba="1,2" hai="41,44,51,68,69,77,78,80,83,85,86,92,93,95" machi="51" ten="30,11700,0" yaku="1,1,2,1,0,1,9,1,53,0" doraHai="34" doraHaiUra="49" who="2" fromWho="2" sc="428,-40,11,-40,359,140,182,-40" owari="388,18.8,-29,-52.9,499,59.9,142,-25.8" /></mjloggm>