<mjloggm ver="2.3"><GO type="225" lobby="0"/><UN n0="%E3%80%93%E3%81%97%E3%83%BC%E3%82%89%E3%80%93" n1="%E3%81%A4%E3%81%A3%E3%81%B1%E3%82%8A%E3%83%9D%E3%83%BC%E3%83%AB" n2="%E6%A1%9C%E8%8A%B1%E9%96%83%E3%80%85" n3="%E3%82%A2%E3%83%A1%E3%82%A2%E3%83%A9%E3%83%AC" dan="16,17,16,16" rate="2175.42,2230.80,2214.84,2165.32" sx="M,M,M,M"/><TAIKYOKU oya="0"/><INIT seed="0,0,0,4,4,77" ten="250,250,250,250" oya="0" hai0="100,110,29,19,88,22,14,79,17,57,10,128,2" hai1="92,48,113,5,115,59,98,65,131,123,121,7,12" hai2="104,32,28,46,114,3,126,132,64,60,105,62,56" hai3="61,52,35,30,119,37,94,63,133,33,24,112,99"/><T31/><D128/><U86/><E131/><V16/><F114/><N who="1" m="43529" /><E86/><V120/><F120/><N who="1" m="46153" /><E12/><V96/><F3/><W89/><G37/><T47/><D110/><U91/><E65/><V97/><F126/><W42/><G119/><T101/><D2/><U69/><E69/><V87/><F132/><W78/><G133/><T75/><D75/><U85/><E59/><V27/><F46/><W26/><G112/><T84/><D79/><U102/><E48/><V127/><F127/><W13/><G78/><T9/><D57/><U23/><E23/><V25/><F62/><W70/><G13/><N who="0" m="7343" /><D47/><U80/><AGARI ba="0,0" hai="5,7,80,85,91,92,98,102" m="46153,43529" machi="80" ten="30,2000,0" yaku="11,1,52,1" doraHai="77" who="1" fromWho="1" sc="250,-10,250,20,250,-5,250,-5" /><INIT seed="1,0,0,2,3,129" ten="240,270,245,245" oya="1" hai0="2,103,53,80,28,86,127,135,27,122,43,6,102" hai1="36,66,95,117,1,17,30,56,118,42,128,78,69" hai2="0,99,46,73,38,88,96,31,65,109,70,5,62" hai3="130,33,76,114,125,85,120,113,3,90,40,18,107"/><U39/><E1/><V89/><F109/><W22/><G120/><T51/><D122/><U67/><E30/><V24/><F73/><W14/><G33/><T32/><D43/><U23/><E95/><V54/><F5/><W94/><G3/><T63/><D127/><U72/><E78/><V82/><F0/><W29/><G130/><T26/><D63/><N who="1" m="40191" /><E17/><V115/><F115/><W97/><G125/><T49/><D49/><U105/><E23/><V101/><F82/><W10/><G40/><T75/><D75/><U106/><E106/><N who="2" m="63783" /><F99/><W44/><G44/><T133/><D27/><U52/><E105/><V21/><F21/><W91/><G76/><N who="0" m="46343" /><D6/><U34/><E34/><N who="2" m="20839" /><F38/><N who="1" m="14377" /><E72/><V119/><F119/><N who="1" m="45577" /><E42/><V112/><F112/><W93/><G107/><T83/><D83/><U45/><E128/><V116/><F116/><W71/><G29/><T60/><D2/><U92/><E92/><V77/><F77/><W58/><G113/><T16/><D16/><U87/><E87/><V12/><F12/><W20/><G114/><T108/><D102/><U132/><E45/><V35/><F35/><W134/><G22/><T8/><D103/><U110/><E66/><V57/><F46/><W41/><G20/><T104/><D104/><U47/><E47/><V50/><AGARI ba="0,0" hai="50,54,57,62,65,70,88,89" m="20839,63783" machi="50" ten="30,2000,0" yaku="25,1,54,1" doraHai="129" who="2" fromWho="2" sc="240,-5,270,-10,245,20,245,-5" /><INIT seed="2,0,0,3,0,100" ten="235,260,265,240" oya="2" hai0="70,61,119,57,129,41,11,84,52,72,117,106,46" hai1="15,5,12,2,69,28,19,113,110,34,65,43,30" hai2="13,108,132,83,10,109,25,18,97,112,99,58,62" hai3="79,3,126,26,55,135,122,131,38,48,77,95,73"/><V44/><F112/><W91/><G122/><T88/><D72/><U53/><E43/><V103/><F132/><W49/><G38/><N who="0" m="21815" /><D11/><N who="1" m="2487" /><E53/><V9/><F44/><W118/><G118/><N who="0" m="45067" /><D70/><U47/><E65/><V17/><F83/><W94/><G135/><T60/><D129/><U128/><E47/><V96/><F25/><W71/><G126/><T4/><D4/><U107/><E69/><V111/><F17/><W89/><G3/><T82/><D61/><U116/><E116/><V75/><F9/><W59/><G71/><T35/><D35/><U87/><E34/><V6/><F6/><W39/><G131/><T127/><D127/><U104/><E128/><V105/><F75/><W50/><G39/><T63/><D63/><U20/><E113/><V7/><F7/><W14/><G14/><T102/><D102/><U0/><E15/><V125/><F125/><W51/><G26/><T40/><D40/><U16/><E12/><V31/><F31/><W114/><G114/><T121/><D106/><N who="1" m="40491" /><E30/><V21/><F10/><W93/><REACH who="3" step="1"/><G73/><REACH who="3" ten="235,260,265,230" step="2"/><T76/><D121/><U32/><E0/><V85/><F85/><W37/><G37/><T98/><D98/><U120/><E87/><V36/><F36/><W29/><G29/><T80/><D76/><AGARI ba="0,1" hai="48,49,50,51,55,59,76,77,79,89,91,93,94,95" machi="76" ten="40,2600,0" yaku="1,1,8,1,53,0" doraHai="100" doraHaiUra="92" who="3" fromWho="0" sc="235,-26,260,0,265,0,230,36" /><INIT seed="3,0,0,1,2,126" ten="209,260,265,266" oya="3" hai0="20,6,81,9,52,63,83,38,133,25,75,123,2" hai1="111,113,114,36,87,34,27,54,119,66,117,55,14" hai2="42,3,101,4,78,104,44,28,39,100,43,61,16" hai3="129,15,50,1,7,76,10,88,128,11,77,0,82"/><W48/><G88/><T109/><D123/><U84/><E36/><V124/><F124/><W47/><G77/><T60/><D109/><U93/><E66/><V127/><F127/><W56/><G56/><T65/><D133/><U45/><E111/><V73/><F28/><W67/><G67/><T72/><D38/><U106/><E106/><V115/><F115/><N who="1" m="44041" /><E14/><V19/><F43/><N who="3" m="24703" /><G50/><T96/><D96/><U92/><E27/><V98/><F61/><W29/><G29/><T17/><D75/><U49/><E34/><V85/><F101/><W70/><G70/><T120/><D120/><U64/><E64/><V58/><F85/><N who="1" m="32841" /><E55/><V13/><F58/><W102/><G102/><T71/><REACH who="0" step="1"/><D72/><REACH who="0" ten="199,260,265,266" step="2"/><U122/><E122/><V99/><F99/><W37/><G37/><T74/><D74/><U59/><E45/><V91/><F73/><N who="3" m="43279" /><G10/><T68/><D68/><U62/><E119/><V40/><F39/><W22/><G22/><T21/><D21/><U131/><E117/><V30/><F98/><W110/><G110/><T97/><D97/><U121/><E121/><V8/><F8/><W46/><G46/><T118/><D118/><U12/><E59/><AGARI ba="0,1" hai="2,6,9,17,20,25,52,59,60,63,65,71,81,83" machi="59" ten="40,2600,0" yaku="1,1,54,1,53,0" doraHai="126" doraHaiUra="130" who="0" fromWho="1" sc="199,36,260,-26,265,0,266,0" /><INIT seed="4,0,0,4,0,118" ten="235,234,265,266" oya="0" hai0="82,19,92,26,22,63,27,11,29,67,43,61,125" hai1="104,72,77,44,9,87,106,119,33,52,45,15,3" hai2="46,127,128,59,93,96,60,95,24,74,10,1,55" hai3="101,53,31,116,6,91,40,18,120,36,110,0,123"/><T8/><D125/><U70/><E72/><V135/><F127/><W4/><G110/><T111/><D111/><U38/><E3/><V41/><F128/><W13/><G116/><T35/><D43/><U108/><E108/><V133/><F74/><W51/><G101/><T114/><D114/><U126/><E33/><V58/><F58/><W76/><G76/><T25/><D25/><U56/><E70/><V30/><F10/><W115/><G115/><T78/><D92/><U23/><E38/><N who="2" m="21815" /><F1/><W130/><G130/><T32/><D32/><U131/><E131/><V17/><F17/><W16/><G31/><T54/><D54/><U71/><E71/><V79/><F79/><W39/><G40/><T68/><REACH who="0" step="1"/><D63/><REACH who="0" ten="225,234,265,266" step="2"/><N who="1" m="36231" /><E126/><V100/><F24/><W2/><G53/><T81/><D81/><N who="1" m="47535" /><E106/><N who="2" m="63751" /><F30/><W20/><G39/><T113/><D113/><U85/><E104/><V21/><F95/><W14/><G36/><T117/><D117/><U83/><E119/><V107/><F93/><W84/><G51/><T12/><D12/><U124/><E124/><V28/><F107/><W90/><G20/><T48/><D48/><U88/><E23/><V65/><F55/><W62/><G62/><T134/><D134/><N who="2" m="51210" /><F28/><W64/><G64/><T105/><D105/><U112/><E112/><V80/><F21/><W50/><G50/><T42/><D42/><U89/><E15/><V122/><F80/><W75/><G14/><T109/><D109/><U98/><E9/><V132/><F132/><W37/><G13/><T129/><D129/><U57/><E57/><V34/><F34/><W103/><G0/><RYUUKYOKU ba="0,1" sc="225,10,234,10,265,10,266,-30" hai0="8,11,19,22,26,27,29,35,61,67,68,78,82" hai1="44,45,83,85,88,89,98" hai2="59,60,65,122" /><INIT seed="4,1,1,4,2,53" ten="235,244,275,236" oya="0" hai0="19,109,111,59,103,60,55,122,7,61,24,84,16" hai1="129,32,10,20,63,36,40,91,1,135,26,14,25" hai2="17,115,73,57,67,97,34,71,100,83,104,112,21" hai3="3,96,12,8,5,68,78,69,99,130,102,22,42"/><T52/><D122/><U0/><E91/><V48/><F34/><W88/><G130/><T46/><D7/><N who="1" m="3423" /><E63/><N who="2" m="38383" /><F48/><W76/><G42/><T44/><D103/><U50/><E50/><V66/><F66/><W49/><G49/><N who="0" m="28711" /><D46/><U86/><E86/><V6/><F6/><W94/><G3/><N who="1" m="1098" /><E40/><V110/><F110/><N who="0" m="41994" /><D61/><U133/><E36/><V82/><F71/><W123/><G123/><T62/><D62/><U108/><E108/><V105/><F73/><W128/><G128/><T41/><D41/><U127/><E127/><V64/><F105/><W75/><G22/><N who="0" m="13383" /><D19/><N who="1" m="12447" /><E129/><V45/><F45/><W134/><G102/><T37/><D84/><U120/><E120/><V23/><F64/><W2/><G69/><T85/><D85/><U43/><E43/><V101/><F101/><W9/><G68/><T28/><D37/><U72/><E72/><V30/><F100/><W95/><G75/><T56/><D56/><U27/><E27/><V51/><F51/><W87/><G87/><T18/><D18/><U4/><E4/><V54/><F17/><W77/><G99/><T93/><D93/><U98/><E98/><V131/><F131/><W116/><G95/><T117/><D117/><U92/><E92/><V74/><F97/><W11/><G116/><T70/><D70/><U90/><E90/><V132/><F54/><W29/><G88/><T47/><D47/><U119/><E119/><V124/><F83/><W113/><G94/><T79/><D79/><U39/><E39/><V13/><F82/><W35/><G96/><T65/><D65/><U31/><AGARI ba="1,1" hai="26,31,32,133,135" m="12447,1098,3423" machi="31" ten="30,2000,0" yaku="34,2" doraHai="53" who="1" fromWho="1" sc="235,-11,244,33,275,-6,236,-6" /><INIT seed="5,0,0,3,2,73" ten="224,277,269,230" oya="1" hai0="4,33,100,39,60,42,57,3,115,25,59,82,78" hai1="80,130,81,92,123,83,29,44,98,106,116,21,108" hai2="35,54,105,67,111,24,56,6,76,99,55,74,37" hai3="89,109,19,26,64,133,0,30,102,20,50,38,120"/><U75/><E123/><V101/><F111/><W15/><G109/><T17/><D115/><U94/><E108/><V43/><F6/><W132/><G38/><T95/><D100/><N who="1" m="62743" /><E44/><V2/><F2/><W86/><G120/><T8/><D95/><N who="1" m="36395" /><E21/><V45/><F35/><W125/><G125/><T119/><D119/><U62/><E62/><V117/><F117/><W90/><G102/><T7/><D7/><U18/><E18/><V128/><F128/><W77/><G64/><T16/><D33/><U68/><E29/><V10/><F10/><W131/><G131/><T36/><D59/><U79/><E68/><V127/><F24/><W72/><G72/><N who="0" m="43335" /><D36/><U51/><E51/><V65/><F127/><W63/><G63/><T1/><D25/><U114/><E130/><V23/><F23/><W31/><G50/><T22/><D22/><U129/><E129/><V124/><F124/><W103/><G0/><T61/><D3/><U118/><E114/><V70/><F70/><W135/><G31/><T97/><D97/><U12/><E12/><V112/><F112/><W85/><G26/><T53/><D61/><U27/><E27/><V84/><F74/><W52/><G30/><T58/><D58/><U121/><E121/><V93/><F55/><W91/><G52/><T14/><D14/><U40/><E40/><V46/><F56/><W11/><G20/><T134/><D134/><U113/><E113/><V96/><F54/><W13/><G15/><T69/><D69/><U87/><E75/><V122/><F122/><W88/><N who="3" m="22528" /><DORA hai="110" /><W107/><G133/><T47/><AGARI ba="0,0" hai="1,4,8,16,17,39,42,47,53,57,60" m="43335" machi="47" ten="30,7900,0" yaku="5,1,25,1,52,1,54,1" doraHai="73,110" who="0" fromWho="0" sc="224,79,277,-39,269,-20,230,-20" owari="303,40.3,238,-16.2,249,4.9,210,-29.0" /></mjloggm>