<mjloggm ver="2.3"><GO type="225" lobby="0"/><UN n0="%73%6C%69%63%6B%33%31%39" n1="%54%4F%52" n2="%E3%81%9F%E3%81%93%E2%98%86%E7%84%BC%E3%81%8D" n3="%E6%98%93%E5%88%A9%E8%96%A9%E4%BC%AF" dan="17,17,16,16" rate="2198.68,2224.33,2058.24,2103.37" sx="M,M,M,F"/><TAIKYOKU oya="0"/><INIT seed="0,0,0,3,5,77" ten="250,250,250,250" oya="0" hai0="15,58,91,51,19,66,53,21,54,82,130,37,117" hai1="100,134,98,87,24,23,33,84,85,111,118,96,29" hai2="11,75,101,7,113,27,8,67,106,71,116,88,109" hai3="41,32,49,55,1,13,10,64,72,16,6,92,14"/><T2/><D130/><U25/><E118/><V74/><F113/><W131/><G131/><T122/><D122/><U128/><E128/><V112/><F112/><W102/><G32/><T97/><D117/><U3/><E3/><V73/><F116/><W79/><G64/><T62/><D37/><U36/><E36/><V35/><F11/><W90/><G1/><T99/><D2/><U110/><E134/><V76/><F109/><W39/><G102/><T43/><D43/><U38/><E38/><V123/><F8/><W20/><G39/><T120/><D120/><U126/><E126/><V30/><F7/><W63/><G63/><T0/><D0/><U121/><E121/><V45/><F45/><W80/><G41/><T103/><D103/><U61/><E61/><N who="2" m="40431" /><F88/><W124/><G124/><T12/><D12/><U78/><E78/><V26/><F26/><W5/><G13/><T46/><REACH who="0" step="1"/><D66/><REACH who="0" ten="240,250,250,250" step="2"/><U89/><E100/><V28/><F123/><W4/><G10/><T105/><D105/><U57/><E110/><V94/><F101/><W115/><G115/><T119/><D119/><U17/><E111/><V70/><F106/><W9/><G9/><T22/><D22/><U31/><E23/><V68/><F35/><W95/><G95/><T114/><D114/><U69/><E33/><V93/><F94/><W42/><G42/><T108/><D108/><U48/><E25/><V56/><F93/><W65/><G65/><T132/><D132/><U127/><E24/><V125/><F27/><W50/><G55/><T60/><D60/><U34/><E127/><V40/><F125/><RYUUKYOKU ba="0,1" sc="240,15,250,-15,250,-15,250,15" hai0="15,19,21,46,51,53,54,58,62,82,91,97,99" hai3="4,5,6,14,16,20,49,50,72,79,80,90,92" /><INIT seed="0,1,1,2,3,100" ten="255,235,235,265" oya="0" hai0="73,2,122,81,45,115,107,102,130,23,33,5,59" hai1="4,60,93,12,109,83,16,128,112,6,133,76,9" hai2="119,126,39,28,104,51,53,80,20,111,22,35,125" hai3="1,13,96,8,88,58,48,29,34,87,129,98,110"/><T27/><D115/><U52/><E112/><V118/><F39/><W94/><G110/><T70/><D122/><U15/><E109/><V108/><F80/><W106/><G129/><T97/><D70/><U113/><E113/><V64/><F64/><W67/><G1/><T63/><D130/><U68/><E128/><V71/><F35/><W10/><G34/><T127/><D127/><U32/><E32/><V36/><F36/><W18/><G29/><T89/><D33/><U42/><E133/><V24/><F71/><W116/><G116/><N who="2" m="44585" /><F22/><W72/><G72/><T38/><D38/><U40/><E93/><V11/><F11/><W120/><G120/><T65/><D45/><U7/><E12/><V0/><F0/><W26/><G26/><T56/><D2/><U57/><REACH who="1" step="1"/><E68/><REACH who="1" ten="255,225,235,265" step="2"/><V37/><F111/><W105/><G10/><T31/><D27/><U3/><E3/><V92/><F108/><W69/><G69/><T21/><D23/><U82/><E82/><V44/><F92/><W17/><G8/><T99/><D81/><U14/><E14/><V43/><F104/><W61/><G13/><T114/><D114/><U50/><E50/><V131/><F131/><W54/><G105/><T75/><D21/><U30/><E30/><V55/><F51/><W90/><G106/><T124/><D31/><U132/><E132/><V47/><F126/><W86/><G48/><T84/><D124/><U121/><E121/><V117/><F125/><W25/><G94/><T103/><D107/><U134/><E134/><V62/><F117/><W123/><G123/><T135/><D135/><RYUUKYOKU ba="1,2" sc="255,-10,225,30,235,-10,265,-10" hai1="4,6,7,9,15,16,40,42,52,57,60,76,83" /><INIT seed="1,2,2,0,4,26" ten="245,255,225,255" oya="1" hai0="66,111,13,88,107,36,98,8,130,54,47,120,109" hai1="61,31,62,5,116,0,4,64,82,34,131,104,95" hai2="17,78,39,30,133,52,119,7,87,99,56,101,3" hai3="81,86,102,128,76,35,118,132,73,115,37,69,108"/><U113/><E113/><V135/><F39/><W48/><RYUUKYOKU type="yao9" ba="2,2" sc="245,0,255,0,225,0,255,0" hai3="35,37,48,69,73,76,81,86,102,108,115,118,128,132" /><INIT seed="1,3,2,2,5,7" ten="245,255,225,255" oya="1" hai0="103,67,53,99,122,104,50,29,128,88,69,106,82" hai1="93,48,113,96,74,89,20,13,5,91,30,72,121" hai2="118,95,81,123,125,71,25,109,83,111,130,65,51" hai3="58,56,120,59,6,60,112,85,131,133,126,127,105"/><U19/><E113/><V16/><F118/><W21/><G112/><T75/><D128/><U98/><E121/><V92/><F130/><W132/><G105/><T77/><D122/><U73/><E30/><V124/><F123/><W4/><G131/><T31/><D104/><U35/><E35/><V61/><F51/><W79/><G120/><T41/><D41/><U94/><E5/><N who="3" m="2154" /><G60/><T116/><D116/><U101/><REACH who="1" step="1"/><E48/><REACH who="1" ten="245,245,225,255" step="2"/><V45/><F125/><N who="3" m="47627" /><G21/><T97/><D29/><U68/><E68/><V86/><F124/><W115/><G115/><T40/><D31/><U47/><E47/><V52/><F45/><W117/><G117/><T90/><D69/><U134/><E134/><V23/><F71/><W11/><G11/><T108/><D50/><U70/><E70/><V8/><F8/><W22/><G22/><T0/><D67/><U42/><E42/><V2/><F65/><W27/><G27/><T135/><D40/><U18/><E18/><V12/><F25/><W15/><G15/><T64/><D64/><U46/><E46/><V24/><F24/><W66/><G66/><T36/><D135/><U44/><E44/><V9/><F9/><W26/><G26/><T62/><D62/><U63/><E63/><V55/><F61/><W10/><G10/><T78/><D36/><U119/><E119/><V3/><F23/><W33/><G33/><T54/><D54/><U57/><E57/><V87/><F12/><W84/><G133/><T1/><D53/><U76/><E76/><V80/><F16/><W14/><G132/><T28/><D78/><U17/><E17/><RYUUKYOKU ba="3,3" sc="245,-10,245,30,225,-10,255,-10" hai1="13,19,20,72,73,74,89,91,93,94,96,98,101" /><INIT seed="1,4,3,1,1,117" ten="235,275,215,245" oya="1" hai0="131,17,40,47,114,134,10,35,108,27,63,9,52" hai1="39,119,21,75,96,122,51,115,58,110,66,97,29" hai2="54,111,74,28,124,95,129,103,2,25,116,53,120" hai3="37,109,93,68,70,59,50,113,72,6,89,24,42"/><U77/><E119/><V43/><F2/><W99/><G113/><T65/><D114/><U46/><E115/><V123/><F74/><W88/><G109/><T23/><D108/><U1/><E110/><V31/><F116/><W30/><G72/><T128/><D35/><U14/><E1/><V19/><F111/><W85/><G6/><T22/><D134/><U83/><E122/><V118/><F43/><W3/><G3/><T76/><D76/><U86/><E75/><V106/><F106/><W44/><G59/><N who="0" m="35303" /><D65/><U16/><E39/><V64/><F64/><W92/><REACH who="3" step="1"/><G37/><REACH who="3" ten="235,275,215,235" step="2"/><T41/><D131/><U80/><E29/><V84/><F129/><W133/><G133/><T121/><D128/><U57/><E57/><V48/><F28/><W15/><G15/><N who="0" m="9535" /><D121/><U11/><E58/><V126/><F31/><W26/><G26/><T98/><D47/><U79/><E66/><V130/><F25/><W5/><G5/><T38/><D38/><U55/><E11/><N who="0" m="4105" /><D98/><N who="1" m="37995" /><E86/><V61/><F84/><W4/><G4/><T67/><D67/><U135/><E135/><V7/><F130/><W105/><G105/><T132/><D132/><U71/><E71/><V8/><F118/><W107/><G107/><T49/><D49/><U13/><E13/><V87/><F48/><W100/><G100/><T33/><D33/><AGARI ba="4,4" hai="24,30,33,42,44,50,68,70,85,88,89,92,93,99" machi="33" ten="30,8000,1" yaku="1,1,7,1,54,1,53,2" doraHai="117" doraHaiUra="91" who="3" fromWho="0" sc="235,-92,275,0,215,0,235,132" /><INIT seed="2,0,0,1,1,55" ten="143,275,215,367" oya="2" hai0="4,7,23,40,47,73,12,30,43,60,102,112,17" hai1="81,32,103,126,49,54,88,29,87,5,6,71,118" hai2="59,13,117,134,63,26,107,99,35,132,124,133,111" hai3="9,44,51,28,116,48,122,0,18,96,109,10,114"/><V33/><F117/><W72/><G72/><T22/><D112/><U120/><E118/><V61/><F124/><W14/><G116/><T125/><D125/><U100/><E126/><V86/><F86/><W77/><G77/><T113/><D73/><U92/><E120/><V84/><F84/><W62/><G28/><T131/><D131/><U58/><E71/><V85/><F85/><W80/><G80/><T46/><D113/><U50/><E32/><V82/><F82/><W64/><G109/><T31/><D102/><N who="1" m="38955" /><E29/><V66/><F99/><W15/><G0/><T70/><D70/><U42/><E92/><V8/><F26/><W127/><G96/><T38/><D60/><U128/><E128/><V75/><F107/><W119/><G122/><T98/><D98/><U106/><E106/><V129/><F111/><W3/><G3/><T19/><REACH who="0" step="1"/><D12/><REACH who="0" ten="133,275,215,367" step="2"/><U135/><E135/><V16/><F75/><W95/><G15/><T110/><D110/><U41/><E49/><V74/><F74/><W130/><G48/><T2/><D2/><U65/><E65/><N who="2" m="39103" /><F129/><W89/><G130/><T24/><D24/><U108/><E108/><V78/><F78/><W68/><G114/><T67/><D67/><U21/><E50/><V83/><F83/><W57/><G51/><T101/><D101/><U121/><E121/><V37/><F37/><AGARI ba="0,1" hai="4,7,17,19,22,23,30,31,37,38,40,43,46,47" machi="37" ten="25,3200,0" yaku="1,1,22,2,53,0" doraHai="55" doraHaiUra="104" who="0" fromWho="2" sc="133,42,275,0,215,-32,367,0" /><INIT seed="3,0,0,5,5,131" ten="175,275,183,367" oya="3" hai0="83,30,130,101,95,85,90,73,108,110,10,66,36" hai1="133,60,23,86,92,104,37,68,76,91,64,114,47" hai2="105,126,112,16,21,128,127,117,103,14,2,13,7" hai3="118,28,78,80,75,50,124,132,125,116,59,32,15"/><W134/><G15/><T34/><D130/><U102/><E114/><V51/><F128/><W42/><G59/><T70/><D36/><U129/><E129/><V120/><F105/><W39/><G50/><T4/><D34/><U96/><E23/><V20/><F103/><W53/><G53/><T65/><D30/><U77/><E133/><N who="3" m="51306" /><G42/><T82/><D101/><U12/><E12/><V122/><F51/><W55/><G55/><T61/><D66/><U79/><E47/><V24/><F112/><W94/><G94/><T38/><D38/><U11/><E11/><N who="2" m="2551" /><F117/><N who="3" m="45163" /><G39/><T8/><D8/><U17/><E37/><V62/><F62/><W18/><G18/><T58/><D58/><U99/><E17/><N who="2" m="12303" /><F13/><W6/><G6/><T72/><D83/><U1/><E1/><V71/><F71/><W54/><G54/><T121/><D121/><AGARI ba="0,0" hai="14,16,21,120,121,122,126,127" m="12303,2551" machi="121" ten="30,7700,0" yaku="13,1,34,2,54,1" doraHai="131" who="2" fromWho="0" sc="175,-77,275,0,183,77,367,0" owari="98,-40.2,275,7.5,260,-14.0,367,46.7" /></mjloggm>