<mjloggm ver="2.3"><GO type="225" lobby="0"/><UN n0="%E3%81%A1%E3%82%85%E3%81%86%E3%81%A9%E3%81%8F%E8%B1%A1%E3%81%95%E3%82%93" n1="%4C%4F%4C%49%54%41" n2="%E6%80%AA%E3%81%97%E3%81%99%E3%81%8E%E3%82%8B%E3%83%81%E3%83%BC" n3="%E6%A1%9C%E8%8A%B1%E9%96%83%E3%80%85" dan="16,16,17,18" rate="2093.64,2192.09,2141.72,2266.61" sx="M,F,M,M"/><TAIKYOKU oya="0"/><INIT seed="0,0,0,3,0,96" ten="250,250,250,250" oya="0" hai0="129,102,122,25,5,68,36,41,113,127,90,70,116" hai1="12,23,91,112,56,130,18,4,128,6,118,38,123" hai2="101,63,80,50,1,124,108,107,82,119,35,110,24" hai3="34,77,7,19,13,53,51,16,121,94,29,86,27"/><T69/><D116/><U3/><E38/><V22/><F1/><W55/><G121/><T20/><D122/><U58/><E123/><V54/><F35/><W114/><G114/><T26/><D113/><U48/><E118/><V43/><F119/><W57/><G55/><T120/><D120/><U92/><E112/><V89/><F63/><W71/><G71/><T93/><D129/><N who="1" m="49771" /><E3/><V67/><F67/><W37/><G37/><T106/><D5/><N who="1" m="2155" /><E48/><V87/><F43/><W0/><G0/><T104/><D127/><U64/><E64/><V33/><F33/><W73/><G73/><T74/><D74/><U15/><E12/><V49/><F124/><W98/><G86/><AGARI ba="0,0" hai="15,18,23,56,58,86,91,92" m="2155,49771" machi="86" ten="30,1000,0" yaku="19,1" doraHai="96" who="1" fromWho="3" sc="250,0,250,10,250,0,250,-10" /><INIT seed="1,0,0,2,4,129" ten="250,260,250,240" oya="1" hai0="103,106,15,13,7,102,31,37,24,6,69,114,123" hai1="80,16,65,53,51,2,94,86,108,44,32,40,21" hai2="25,34,46,18,71,39,99,30,48,63,49,55,122" hai3="36,5,87,88,125,9,135,93,8,64,79,96,23"/><U118/><E118/><V77/><F122/><W66/><G125/><T124/><D114/><U59/><E2/><V38/><F77/><W116/><G116/><T1/><D37/><U3/><E3/><V83/><F83/><N who="3" m="47615" /><G36/><T22/><D69/><U76/><E32/><V101/><F49/><W117/><G117/><T89/><D124/><U0/><E0/><V45/><F18/><W132/><G23/><T35/><D123/><U19/><E108/><V128/><F45/><W92/><G92/><T33/><D89/><U52/><E94/><V72/><F72/><W58/><G58/><T27/><D103/><U50/><E65/><N who="3" m="25194" /><G5/><N who="0" m="1547" /><D102/><U121/><E121/><V14/><F128/><W100/><G100/><T56/><D106/><U74/><E74/><V131/><F131/><W84/><G96/><T10/><D56/><N who="1" m="32823" /><E21/><V109/><F109/><W126/><G126/><T110/><D110/><U98/><E98/><V11/><F99/><W112/><G112/><T75/><D75/><U82/><E80/><V130/><F101/><W47/><G47/><T4/><D33/><U61/><AGARI ba="0,0" hai="16,19,40,44,51,52,59,61,76,82,86" m="32823" machi="61" ten="30,6000,0" yaku="8,1,54,2" doraHai="129" who="1" fromWho="1" sc="250,-20,260,60,250,-20,240,-20" /><INIT seed="1,1,0,1,0,135" ten="230,320,230,220" oya="1" hai0="61,95,50,133,30,119,72,87,10,68,110,70,116" hai1="73,129,85,77,88,113,29,63,16,58,54,2,7" hai2="32,108,59,46,26,111,83,38,18,124,9,40,62" hai3="103,99,90,109,125,64,78,94,86,19,15,82,76"/><U51/><E113/><V57/><F124/><W43/><G109/><N who="2" m="42057" /><F32/><W12/><G125/><T25/><D110/><U93/><E129/><V24/><F83/><W117/><G117/><T28/><D72/><U122/><E122/><V101/><F101/><W53/><G64/><T104/><D104/><U45/><E29/><V52/><F59/><W128/><G128/><T126/><D28/><U107/><E107/><V20/><F9/><W118/><G118/><T121/><D121/><U66/><E2/><V115/><F115/><W74/><G43/><T79/><D70/><U92/><E7/><V49/><F26/><W106/><G78/><T98/><D133/><U48/><E77/><V36/><AGARI ba="1,0" hai="18,20,24,36,38,40,46,49,52,57,62" m="42057" machi="36" ten="30,2000,0" yaku="14,1,54,1" doraHai="135" who="2" fromWho="2" sc="230,-6,320,-11,230,23,220,-6" /><INIT seed="2,0,0,1,3,59" ten="224,309,253,214" oya="2" hai0="102,94,118,68,28,101,133,96,66,35,72,116,85" hai1="109,91,19,129,5,113,127,53,78,43,14,26,123" hai2="75,74,92,80,128,84,69,126,89,44,104,27,48" hai3="62,42,38,24,17,70,13,54,56,90,124,63,120"/><V130/><F69/><W50/><G120/><T81/><D72/><U93/><E113/><V135/><F104/><W2/><G2/><T16/><D133/><U105/><E105/><V71/><F71/><W1/><G1/><T119/><D28/><U45/><E5/><V73/><F135/><W39/><G124/><T103/><D35/><U23/><E78/><V34/><F126/><W7/><G70/><T98/><D16/><U4/><E127/><V40/><REACH who="2" step="1"/><F80/><REACH who="2" ten="224,309,243,214" step="2"/><W10/><G39/><T8/><D68/><U6/><E123/><V12/><F12/><W67/><G67/><T20/><D66/><U107/><E107/><V57/><F57/><W95/><G38/><T88/><D81/><U49/><E14/><V58/><F58/><W32/><G42/><T82/><D82/><U25/><E43/><V61/><F61/><W18/><G7/><T11/><D118/><U37/><E37/><V15/><F15/><W0/><G0/><T36/><D36/><U97/><E4/><V65/><F65/><W112/><G112/><T100/><D116/><U117/><E117/><V83/><F83/><W76/><G62/><T108/><D119/><U22/><E6/><V41/><F41/><W79/><G63/><T122/><D122/><U106/><E106/><V30/><AGARI ba="0,1" hai="27,30,34,40,44,48,73,74,75,84,89,92,128,130" machi="30" ten="40,3900,0" yaku="1,1,0,1,53,0" doraHai="59" doraHaiUra="110" who="2" fromWho="2" sc="224,-13,309,-13,243,49,214,-13" /><INIT seed="2,1,0,2,5,3" ten="211,296,292,201" oya="2" hai0="20,34,96,60,35,16,104,84,98,76,32,105,6" hai1="107,129,59,40,119,62,29,128,83,87,72,97,75" hai2="0,111,54,90,79,102,68,81,45,86,15,52,101" hai3="11,23,47,110,131,125,88,44,7,121,124,120,43"/><V31/><F0/><N who="3" m="487" /><G23/><T80/><D6/><U112/><E112/><V14/><F68/><W64/><G64/><T71/><D71/><U134/><E119/><V61/><F111/><W122/><G110/><T115/><D115/><U48/><E134/><V24/><F90/><W49/><G47/><T66/><D98/><U5/><E29/><V94/><F54/><W95/><G131/><N who="1" m="50250" /><E5/><V99/><F101/><W12/><G12/><T42/><D42/><U69/><E69/><V85/><F85/><W70/><G70/><T57/><REACH who="0" step="1"/><D96/><REACH who="0" ten="201,296,292,201" step="2"/><U135/><E97/><V78/><F99/><N who="3" m="57831" /><G122/><T123/><D123/><U38/><E40/><V28/><F102/><W51/><G121/><T25/><AGARI ba="1,1" hai="16,20,25,32,34,35,57,60,66,76,80,84,104,105" machi="25" ten="30,8000,1" yaku="1,1,0,1,54,1,53,2" doraHai="3" doraHaiUra="103" who="0" fromWho="0" sc="201,93,296,-21,292,-41,201,-21" /><INIT seed="3,0,0,3,3,11" ten="294,275,251,180" oya="3" hai0="20,92,3,120,56,28,45,129,72,124,81,54,78" hai1="111,40,27,67,90,74,65,135,16,106,60,68,38" hai2="88,43,113,80,22,121,39,57,64,130,31,103,89" hai3="123,118,105,93,96,132,34,82,73,46,112,1,19"/><W18/><G112/><T58/><D120/><U66/><E74/><V0/><F113/><W125/><G123/><T33/><D3/><U52/><E106/><V32/><F0/><W6/><G118/><T108/><D33/><U9/><E111/><V10/><F32/><W131/><G105/><T23/><D108/><U63/><E135/><V29/><F103/><W4/><G34/><T102/><D129/><U79/><E38/><V98/><F130/><W115/><G115/><T85/><D124/><U126/><E68/><V84/><F43/><W116/><G116/><T127/><D127/><U21/><E126/><V100/><F39/><W134/><G125/><T35/><D35/><U24/><E79/><V75/><F75/><W109/><G109/><T55/><D45/><U83/><E40/><V99/><F10/><W128/><G1/><T42/><D42/><U44/><E24/><V107/><F22/><N who="0" m="8234" /><D28/><U133/><E9/><V26/><F26/><W97/><G73/><T13/><D13/><U101/><E101/><V41/><F41/><W12/><G131/><T94/><D72/><U49/><E133/><V122/><F99/><W5/><G128/><T25/><D25/><U17/><E17/><V71/><F89/><W37/><G37/><T95/><D102/><U2/><E2/><V70/><F57/><AGARI ba="0,0" hai="54,55,56,57,58,78,81,85,92,94,95" m="8234" machi="57" ten="30,3900,0" yaku="26,2,8,1" doraHai="11" who="0" fromWho="2" sc="294,39,275,0,251,-39,180,0" owari="333,43.3,275,7.5,212,-18.8,180,-32.0" /></mjloggm>