<mjloggm ver="2.3"><GO type="225" lobby="0"/><UN n0="%6D%75%75%6D%75%72%61" n1="%E3%83%A9%E3%83%BC%E3%83%A1%E3%83%B3%E4%BA%94%E9%83%8E" n2="%E3%81%99%E3%81%84%E3%81%BE%E3%81%9B%E3%83%BC%E3%82%93" n3="%E3%82%BC%E3%83%AB%E3%83%80%E3%81%AE%E4%BC%9D%E8%AA%AC" dan="16,16,16,16" rate="2217.30,2031.59,2120.46,2136.61" sx="F,M,M,M"/><TAIKYOKU oya="0"/><INIT seed="0,0,0,0,4,55" ten="250,250,250,250" oya="0" hai0="118,19,74,65,20,70,92,71,135,132,38,43,128" hai1="22,131,133,122,108,0,31,126,85,110,53,123,99" hai2="129,1,4,90,89,13,86,69,27,36,35,116,112" hai3="125,24,106,67,88,103,45,63,101,66,30,48,109"/><T78/><D118/><U102/><E0/><V111/><F112/><W42/><G109/><N who="1" m="42090" /><E126/><V28/><F111/><W83/><G125/><T10/><D128/><U9/><E131/><V58/><F69/><W17/><G17/><T21/><D74/><U49/><E9/><V121/><F121/><W37/><G37/><T79/><D92/><N who="1" m="58727" /><E133/><N who="0" m="51273" /><D10/><U16/><E85/><V119/><F36/><W98/><G103/><T115/><D115/><U87/><E87/><V107/><F107/><W56/><G83/><T39/><D39/><U61/><E61/><V34/><F129/><W130/><G130/><T40/><D38/><U18/><E31/><V96/><F1/><W51/><G51/><T117/><D117/><U77/><E77/><N who="0" m="29193" /><D19/><N who="1" m="7211" /><E22/><N who="0" m="8809" /><D65/><U54/><E54/><V62/><F119/><W127/><G127/><T33/><D33/><U23/><E23/><V25/><F35/><W84/><G67/><T120/><D120/><U8/><E8/><N who="2" m="4231" /><F116/><W11/><G11/><T76/><D76/><U32/><E32/><V47/><F34/><W81/><REACH who="3" step="1"/><G30/><REACH who="3" ten="250,250,250,240" step="2"/><T60/><D60/><U29/><E29/><V105/><F28/><W3/><G3/><T64/><D64/><U50/><E49/><V80/><F62/><W91/><G91/><T68/><AGARI ba="0,1" hai="40,43,68,70,71" m="8809,29193,51273" machi="68" ten="40,7800,0" yaku="28,2,20,1" doraHai="55" who="0" fromWho="0" sc="250,88,250,-26,250,-26,240,-26" /><INIT seed="0,1,0,4,3,39" ten="338,224,224,214" oya="0" hai0="79,63,128,121,35,57,45,131,68,92,104,82,106" hai1="5,0,21,26,108,134,23,64,11,118,123,48,101" hai2="71,65,100,78,31,3,33,81,98,125,126,53,9" hai3="109,84,19,49,103,1,66,91,29,22,32,133,85"/><T130/><D121/><U73/><E123/><V56/><F3/><W2/><G109/><T50/><D68/><U119/><E73/><V114/><F9/><W129/><G133/><T62/><D35/><U99/><E108/><V93/><F114/><W38/><G38/><T102/><D92/><U54/><E64/><V59/><F71/><W25/><G129/><T6/><D6/><U87/><E87/><V40/><F65/><W30/><G103/><T20/><D20/><U120/><E120/><V55/><F40/><W83/><G66/><T16/><D16/><U122/><E134/><V37/><F37/><W111/><G111/><T96/><D57/><N who="2" m="22090" /><F31/><W89/><G49/><T10/><D10/><U14/><E0/><V28/><F28/><W69/><G29/><T36/><D106/><U58/><E122/><V4/><F4/><W17/><G17/><T124/><D36/><U43/><E43/><V94/><F94/><W88/><G69/><T95/><D104/><U135/><E135/><V116/><F33/><W42/><G42/><N who="0" m="24887" /><D124/><N who="2" m="47722" /><F116/><W70/><G70/><T52/><D52/><U51/><E48/><V15/><F15/><W112/><G112/><T105/><D105/><N who="1" m="63679" /><E21/><V117/><F117/><W13/><REACH who="3" step="1"/><G84/><AGARI ba="1,0" hai="62,63,79,82,84,95,96,102,128,130,131" m="24887" machi="84" ten="30,2900,0" yaku="19,1,52,1" doraHai="39" who="0" fromWho="3" sc="338,32,224,0,224,0,214,-32" /><AGARI ba="1,0" hai="53,55,78,81,84,93,98,100" m="47722,22090" machi="84" ten="30,1000,0" yaku="18,1" doraHai="39" who="2" fromWho="3" sc="370,0,224,0,224,10,182,-10" /><INIT seed="0,2,0,2,2,85" ten="370,224,234,172" oya="0" hai0="88,14,79,51,115,38,60,50,72,134,57,109,58" hai1="33,135,77,15,69,52,98,90,96,124,10,133,56" hai2="80,121,120,132,20,40,28,59,94,29,131,55,23" hai3="61,119,116,82,41,24,35,100,27,7,30,103,65"/><T8/><D115/><U48/><E124/><V39/><F131/><W87/><G41/><T34/><D38/><U64/><E33/><V70/><F70/><W117/><G7/><T62/><D34/><U1/><E1/><V2/><F2/><W53/><G53/><T5/><D72/><U83/><E64/><V104/><F104/><W112/><G24/><T54/><D79/><U37/><E69/><V129/><F129/><W101/><G112/><T126/><D126/><U128/><E37/><V13/><F132/><N who="1" m="50761" /><E128/><V12/><F94/><W73/><G73/><T26/><D26/><U81/><E81/><V66/><F66/><W92/><G92/><T86/><D134/><U97/><E77/><V25/><F80/><W95/><G95/><N who="0" m="54679" /><D109/><U31/><E31/><V76/><F76/><W108/><G108/><T45/><D45/><U21/><E21/><V67/><F39/><W22/><G35/><T74/><D74/><U16/><E83/><V107/><F23/><W68/><REACH who="3" step="1"/><G117/><REACH who="3" ten="370,224,234,162" step="2"/><T99/><D99/><U113/><E113/><V6/><F25/><W105/><G105/><T114/><D114/><U118/><E118/><V11/><F107/><W123/><G123/><T75/><D75/><U91/><AGARI ba="2,1" hai="10,15,16,48,52,56,90,91,96,97,98" m="50761" machi="91" ten="40,8000,1" yaku="20,1,52,2,54,2" doraHai="85" who="1" fromWho="1" sc="370,-42,224,96,234,-22,162,-22" /><INIT seed="1,0,0,4,5,41" ten="328,320,212,140" oya="1" hai0="135,104,35,107,38,79,129,70,8,60,122,130,117" hai1="0,69,67,109,112,121,28,74,21,10,124,92,29" hai2="102,52,16,58,131,50,99,33,20,81,45,42,113" hai3="96,48,108,59,95,75,55,90,57,111,31,51,123"/><U53/><E112/><V39/><F131/><N who="0" m="50186" /><D117/><U82/><E121/><V12/><F33/><W36/><G123/><T80/><D122/><U15/><E124/><V94/><REACH who="2" step="1"/><F81/><REACH who="2" ten="328,320,202,140" step="2"/><W26/><G75/><T132/><D35/><U4/><E82/><V49/><F49/><W86/><G36/><T62/><D38/><U7/><E74/><V14/><F14/><W71/><G71/><T11/><D70/><U22/><E15/><V9/><F9/><W114/><G114/><AGARI ba="0,1" hai="12,16,20,39,42,45,50,52,58,94,99,102,113,114" machi="114" ten="40,8000,1" yaku="1,1,52,1,54,2,53,0" doraHai="41" doraHaiUra="100" who="2" fromWho="3" sc="328,0,320,0,202,90,140,-80" /><INIT seed="2,0,0,5,3,80" ten="328,320,292,60" oya="2" hai0="77,76,88,133,27,118,10,8,16,135,21,40,90" hai1="114,130,131,53,64,69,39,59,44,132,65,111,134" hai2="115,98,81,71,15,9,82,122,62,30,14,63,4" hai3="123,49,33,56,51,100,6,28,99,58,104,94,42"/><V66/><F115/><W109/><G109/><T2/><D40/><N who="1" m="22559" /><E114/><V95/><F122/><W67/><G123/><T112/><D112/><U57/><E111/><V32/><F15/><W37/><G6/><N who="0" m="1111" /><D10/><U127/><E127/><V48/><F48/><W22/><G33/><T31/><D31/><U0/><E0/><V36/><F36/><W47/><G104/><T126/><D126/><U35/><E35/><V34/><F34/><W50/><REACH who="3" step="1"/><G67/><REACH who="3" ten="328,320,292,50" step="2"/><T103/><D118/><U20/><E64/><V25/><REACH who="2" step="1"/><F63/><REACH who="2" ten="328,320,282,50" step="2"/><W73/><G73/><T117/><D117/><U23/><E132/><V102/><AGARI ba="0,2" hai="4,9,14,25,30,32,62,66,71,81,82,95,98,102" machi="102" ten="20,7800,0" yaku="1,1,2,1,0,1,7,1,53,0" doraHai="80" doraHaiUra="17" who="2" fromWho="2" sc="328,-26,320,-26,282,98,50,-26" /><INIT seed="2,1,0,0,3,4" ten="302,294,380,24" oya="2" hai0="85,41,121,111,125,122,82,72,123,55,34,75,92" hai1="29,56,97,58,129,21,103,2,16,73,109,87,110" hai2="127,48,50,46,132,120,57,96,11,79,100,130,43" hai3="49,3,9,126,30,32,133,78,86,35,7,64,76"/><V47/><F120/><W102/><G126/><T69/><D125/><U13/><E73/><V68/><F68/><W59/><G133/><T12/><D69/><U90/><E2/><V61/><F127/><W52/><G102/><T42/><D34/><U36/><E29/><V66/><F132/><W131/><G131/><T89/><D111/><N who="1" m="42507" /><E36/><V101/><F130/><W91/><G64/><T117/><D117/><U94/><E129/><V88/><F79/><W99/><G99/><T63/><D72/><U40/><E40/><N who="2" m="24647" /><F11/><W17/><G17/><T67/><D75/><U18/><E18/><V65/><F65/><W1/><G1/><T93/><D42/><U118/><E118/><V112/><F112/><W95/><REACH who="3" step="1"/><G35/><REACH who="3" ten="302,294,380,14" step="2"/><T104/><D67/><U25/><E25/><AGARI ba="1,1" hai="3,7,9,25,30,32,49,52,59,76,78,86,91,95" machi="25" ten="40,8000,1" yaku="1,1,2,1,52,1,54,1,53,0" doraHai="4" doraHaiUra="10" who="3" fromWho="1" sc="302,0,294,-83,380,0,14,93" /><INIT seed="3,0,0,4,2,43" ten="302,211,380,107" oya="3" hai0="3,48,58,57,134,131,21,97,33,90,46,52,39" hai1="70,17,99,120,96,105,20,28,83,72,37,111,51" hai2="15,42,62,118,60,86,16,31,122,87,77,89,1" hai3="79,82,98,53,126,117,107,36,76,101,119,91,0"/><W38/><G0/><T2/><D33/><U18/><E37/><V73/><F1/><W66/><G66/><T54/><D131/><U95/><E70/><V19/><F118/><W78/><G53/><T11/><D134/><U68/><E68/><V127/><F127/><W124/><G38/><T75/><D75/><U114/><E120/><V132/><F132/><W45/><G36/><T61/><D21/><U84/><E114/><V50/><F73/><W115/><G45/><T12/><D39/><U69/><E69/><V32/><F31/><W103/><G115/><T10/><D2/><U24/><E111/><V94/><F32/><W5/><G5/><T44/><D3/><U130/><E130/><V104/><F104/><W35/><G35/><T13/><D90/><N who="1" m="53703" /><E96/><V109/><F109/><W30/><G30/><T112/><D97/><U81/><E81/><N who="2" m="47407" /><F19/><W65/><G65/><T9/><D112/><U49/><E51/><V80/><F80/><W67/><G67/><T27/><D27/><U74/><E74/><V34/><F34/><W26/><G26/><T102/><D102/><N who="1" m="62687" /><E49/><V71/><F71/><W121/><G121/><T113/><D113/><U92/><E92/><V128/><F128/><W29/><G29/><T4/><D10/><U63/><E63/><V85/><F122/><W129/><G129/><T40/><D40/><U116/><E116/><N who="3" m="44618" /><G103/><T125/><D125/><N who="3" m="48233" /><G91/><T55/><D54/><U41/><E41/><V8/><F42/><W106/><G106/><T6/><AGARI ba="0,0" hai="4,6,9,11,12,13,44,46,48,52,55,57,58,61" machi="6" ten="20,12000,2" yaku="0,1,7,1,9,1,8,1,52,2,54,1" doraHai="43" who="0" fromWho="0" sc="302,120,211,-30,380,-30,107,-60" owari="422,52.2,181,-21.9,350,15.0,47,-45.3" /></mjloggm>