<mjloggm ver="2.3"><GO type="225" lobby="0"/><UN n0="%E3%83%97%E3%83%AC%E3%83%B4%E3%82%A1%E3%83%86%E3%82%A3" n1="%72%69%6F%75%63%68%61%6E" n2="%E5%8F%AF%E5%85%90%E9%82%A3%E7%94%B1%E5%A4%9A" n3="%E6%B0%B7%E5%B7%9D%E9%87%8C%E5%A5%88" dan="16,17,16,16" rate="2126.33,2253.55,2218.03,2133.56" sx="F,M,F,F"/><TAIKYOKU oya="0"/><INIT seed="0,0,0,5,2,43" ten="250,250,250,250" oya="0" hai0="119,96,33,57,60,81,102,12,99,106,9,114,31" hai1="121,47,124,92,90,17,112,48,45,29,11,3,129" hai2="115,25,23,19,107,108,68,77,128,123,5,126,63" hai3="64,21,53,87,89,101,55,135,85,95,4,51,26"/><T44/><D114/><U62/><E121/><V16/><F107/><W83/><G135/><T69/><D119/><U14/><E112/><V58/><F68/><W86/><G64/><T0/><D0/><U84/><E129/><V24/><F115/><W78/><G4/><T100/><D81/><U76/><E124/><V74/><F123/><W13/><G13/><T104/><D69/><U73/><E3/><V94/><F126/><W116/><G116/><T36/><D33/><U39/><E39/><V56/><F128/><W98/><G101/><T122/><D31/><U15/><E29/><V67/><F108/><W117/><G55/><T82/><D82/><N who="1" m="47175" /><E73/><V10/><F74/><W103/><G103/><T42/><D122/><U118/><E118/><V91/><F77/><W20/><G20/><T1/><D1/><U22/><E62/><V50/><F25/><W46/><REACH who="3" step="1"/><G117/><REACH who="3" ten="250,250,250,240" step="2"/><T32/><D32/><U79/><E79/><V59/><F5/><W93/><G93/><T40/><D40/><U105/><E105/><V37/><F23/><W8/><G8/><T113/><D113/><U2/><E2/><V61/><F10/><W38/><G38/><T110/><D110/><U66/><E66/><N who="2" m="39207" /><F37/><W71/><G71/><T41/><D41/><U125/><E125/><V130/><F130/><W6/><G6/><T49/><D36/><U80/><E92/><V52/><F24/><W133/><G133/><T7/><D60/><U88/><E80/><V109/><F109/><W127/><G127/><T35/><D35/><U132/><E132/><V97/><AGARI ba="0,1" hai="16,19,50,52,58,59,63,67,91,94,97" m="39207" machi="97" ten="30,4000,0" yaku="8,1,54,2" doraHai="43" who="2" fromWho="2" sc="250,-20,250,-10,250,50,240,-10" /><INIT seed="1,0,0,1,1,5" ten="230,240,300,230" oya="1" hai0="2,118,46,31,55,79,74,128,113,61,78,100,102" hai1="125,12,95,47,21,115,3,85,97,60,75,112,43" hai2="54,117,130,116,92,10,126,132,69,106,4,72,52" hai3="87,59,99,20,110,93,27,35,73,66,14,41,58"/><U53/><E3/><V38/><F106/><W119/><G73/><T15/><D113/><U127/><E75/><V39/><F72/><W9/><G35/><T121/><D2/><U124/><E85/><V64/><F126/><W70/><G110/><T45/><D118/><U103/><E53/><V40/><F130/><W13/><G119/><T80/><D128/><U36/><REACH who="1" step="1"/><E60/><REACH who="1" ten="230,230,300,230" step="2"/><V48/><F54/><W56/><G87/><T7/><D121/><U6/><E6/><V23/><F52/><W32/><G41/><T120/><D120/><U98/><E98/><V57/><F4/><W107/><G99/><T123/><D123/><U44/><E44/><V109/><F40/><W89/><G66/><T96/><D96/><U114/><E114/><V86/><F64/><W94/><G107/><T111/><D55/><U90/><E90/><V65/><F86/><W101/><G89/><T19/><D61/><U1/><E1/><V17/><F65/><W67/><G67/><T16/><D111/><U37/><E37/><V0/><F39/><W135/><G101/><T129/><D129/><U22/><E22/><V11/><F38/><W77/><G20/><T88/><D88/><U76/><E76/><V108/><F23/><W82/><G77/><T51/><D74/><U33/><E33/><V28/><F109/><W29/><G32/><T18/><D78/><U25/><E25/><V42/><F108/><W49/><G27/><T68/><D79/><U71/><E71/><V104/><F117/><W122/><G122/><T50/><D68/><U83/><E83/><V24/><F116/><RYUUKYOKU ba="0,1" sc="230,-10,230,30,300,-10,230,-10" hai1="12,21,36,43,47,95,97,103,112,115,124,125,127" /><INIT seed="1,1,1,4,1,77" ten="220,260,290,220" oya="1" hai0="131,105,46,31,87,97,118,130,75,51,13,61,5" hai1="100,34,8,53,117,72,126,30,133,38,12,70,26" hai2="15,123,73,23,54,132,93,99,111,135,67,115,28" hai3="80,4,66,18,121,7,33,52,35,59,19,89,104"/><U65/><E117/><V1/><F1/><W120/><G104/><T122/><D118/><U119/><E119/><V134/><F123/><W69/><G66/><T86/><D75/><U9/><E38/><V2/><F2/><W127/><G69/><T96/><D31/><U36/><E36/><V55/><F111/><W45/><G45/><T110/><D110/><U47/><E126/><V78/><F67/><W24/><G127/><T113/><D113/><U79/><E133/><V40/><F40/><W63/><G4/><T103/><D122/><U90/><E100/><N who="2" m="60527" /><F115/><W29/><G7/><T125/><D125/><U16/><E90/><V82/><F15/><W129/><G35/><T3/><D3/><U32/><E32/><V109/><F109/><W64/><G64/><T21/><D61/><U57/><E47/><V20/><F20/><W25/><G129/><N who="0" m="49163" /><D97/><U102/><E102/><V39/><F39/><W98/><G98/><T83/><D5/><U49/><E72/><V71/><F71/><W107/><G107/><T101/><D87/><U27/><E70/><V37/><F37/><W50/><G63/><T58/><D96/><U114/><E65/><V43/><F43/><W74/><G74/><T95/><D105/><U112/><E114/><V0/><F0/><W14/><G24/><AGARI ba="1,1" hai="23,24,28,54,55,73,78,82,132,134,135" m="60527" machi="24" ten="30,2000,0" yaku="20,1,52,1" doraHai="77" who="2" fromWho="3" sc="220,0,260,0,290,33,220,-23" /><INIT seed="2,0,0,4,1,30" ten="220,260,323,197" oya="2" hai0="79,17,91,15,1,98,35,27,119,84,31,20,97" hai1="115,128,46,113,2,66,124,26,48,107,122,89,131" hai2="41,43,96,10,36,13,22,118,54,86,70,135,71" hai3="60,40,101,56,123,87,120,18,116,58,94,129,52"/><V114/><F114/><W95/><G116/><T125/><D119/><U0/><E124/><V83/><F118/><W106/><G129/><N who="1" m="49738" /><E107/><V12/><F135/><W37/><G106/><T9/><D125/><U50/><E66/><V112/><F112/><N who="1" m="43081" /><E122/><V65/><F36/><W67/><G37/><T61/><D79/><U127/><E127/><V28/><F70/><W102/><G40/><T4/><REACH who="0" step="1"/><D61/><REACH who="0" ten="210,260,323,197" step="2"/><U78/><E78/><V90/><F71/><W75/><G75/><T38/><D38/><U92/><E48/><V6/><F65/><W63/><G18/><T74/><D74/><U111/><E111/><V99/><F54/><W11/><G67/><T5/><D5/><U88/><E26/><N who="2" m="16471" /><F43/><W81/><G52/><T51/><D51/><U44/><E50/><V34/><F41/><W25/><G25/><T49/><D49/><U47/><E89/><V68/><F68/><W64/><G64/><T130/><D130/><U59/><E59/><V21/><F90/><W121/><G58/><T109/><D109/><U93/><E88/><V69/><F69/><W55/><G60/><T29/><D29/><U85/><E85/><V77/><F77/><N who="3" m="46511" /><G102/><T16/><D16/><U24/><E24/><V3/><F86/><W57/><G57/><T100/><D100/><U110/><E110/><V33/><F6/><W73/><G73/><T39/><D39/><U104/><E44/><V32/><F83/><AGARI ba="0,1" hai="1,4,9,15,17,20,27,31,35,83,84,91,97,98" machi="83" ten="30,8000,1" yaku="1,1,7,1,24,2,52,1,53,0" doraHai="30" doraHaiUra="117" who="0" fromWho="2" sc="210,90,260,0,323,-80,197,0" /><INIT seed="3,0,0,0,1,16" ten="300,260,243,197" oya="3" hai0="51,131,19,57,24,116,46,107,8,30,3,56,71" hai1="104,88,23,47,99,81,108,133,120,43,75,126,11" hai2="109,13,49,48,61,102,40,134,70,44,37,54,15" hai3="68,135,18,110,118,114,5,33,119,76,87,2,21"/><W0/><G68/><T41/><D71/><U111/><E120/><V50/><F102/><W130/><G76/><T127/><D116/><N who="3" m="44585" /><G87/><T79/><D107/><U35/><E126/><V103/><F103/><W65/><G65/><T105/><D105/><U64/><E35/><V22/><F109/><N who="1" m="42057" /><E133/><V113/><F113/><W98/><G98/><T55/><D127/><U128/><E128/><V121/><F121/><W85/><G85/><T69/><D69/><U66/><E11/><V100/><F100/><W53/><G53/><T52/><D131/><U67/><E104/><V91/><F91/><W31/><G110/><T29/><D79/><N who="1" m="44287" /><E23/><V60/><F70/><W27/><G130/><T10/><D3/><N who="3" m="1065" /><G114/><T106/><D106/><U20/><E20/><V89/><F89/><W17/><G135/><T58/><D24/><U73/><E73/><V97/><F97/><W74/><G74/><T125/><D125/><U42/><E47/><N who="2" m="27999" /><F37/><W4/><G18/><T78/><D78/><U83/><E83/><V115/><F115/><W80/><G80/><T62/><D19/><U32/><E42/><V14/><F134/><W86/><G86/><T84/><D84/><U96/><E43/><V7/><F49/><W39/><G39/><T28/><D57/><U117/><E117/><V26/><F7/><W9/><G9/><T129/><D129/><U123/><E123/><V112/><F112/><W132/><G132/><T25/><D25/><AGARI ba="0,0" hai="4,5,17,21,25,27,31,33" m="1065,44585" machi="25" ten="30,5800,0" yaku="34,2,52,1" doraHai="16" who="3" fromWho="0" sc="300,-58,260,0,243,0,197,58" /><INIT seed="3,1,0,5,2,93" ten="242,260,243,255" oya="3" hai0="118,7,1,86,25,44,55,16,24,38,98,92,67" hai1="109,5,107,83,22,123,48,61,103,53,50,65,117" hai2="129,34,122,30,6,43,130,68,115,73,62,79,89" hai3="120,131,59,18,126,23,96,108,52,3,76,133,12"/><W49/><G120/><T70/><D118/><U74/><E123/><V121/><F115/><W66/><G3/><T9/><D86/><U106/><E117/><V20/><F20/><W82/><G126/><T80/><D80/><U72/><E109/><V132/><F132/><W101/><G131/><N who="2" m="50185" /><F89/><W37/><G37/><T78/><D78/><U77/><E72/><V110/><F110/><W125/><G125/><T21/><D70/><U57/><E5/><V47/><F6/><W11/><G108/><T51/><D38/><U128/><E128/><V26/><F79/><W27/><G133/><T4/><D4/><U39/><E39/><N who="2" m="22015" /><F73/><W94/><G66/><AGARI ba="1,0" hai="26,30,34,62,66,68,121,122" m="22015,50185" machi="66" ten="30,2000,0" yaku="19,1,23,1" doraHai="93" who="2" fromWho="3" sc="242,0,260,0,243,23,255,-23" /><INIT seed="4,0,0,3,2,14" ten="242,260,266,232" oya="0" hai0="86,55,109,133,73,102,103,31,81,30,91,97,77" hai1="21,129,107,41,27,80,87,22,101,96,123,125,121" hai2="35,85,7,40,44,17,34,9,68,8,124,43,78" hai3="119,37,36,98,51,19,0,64,33,62,6,75,11"/><T4/><D133/><U90/><E125/><V49/><F68/><W100/><G119/><T111/><D4/><U115/><E129/><V131/><F131/><W127/><G127/><T20/><D55/><U79/><E115/><V18/><F124/><W38/><G33/><T39/><D39/><U52/><E41/><V112/><F112/><W122/><G122/><T56/><D56/><U69/><E69/><V132/><F132/><W88/><G75/><T74/><D31/><U118/><E118/><V110/><F110/><N who="0" m="41994" /><D20/><U60/><E21/><V134/><F134/><W94/><G51/><T65/><D65/><U23/><E22/><V12/><F43/><W10/><G100/><N who="0" m="38443" /><D30/><U99/><E60/><V45/><F45/><W59/><REACH who="3" step="1"/><G37/><REACH who="3" ten="242,260,266,222" step="2"/><T3/><D3/><U61/><E123/><V82/><F34/><W32/><G32/><T48/><D48/><U15/><E121/><V72/><F35/><W67/><G67/><T93/><AGARI ba="0,1" hai="73,74,77,81,86,91,93,97" m="38443,41994" machi="93" ten="30,6000,0" yaku="10,1,34,2" doraHai="14" who="0" fromWho="0" sc="242,70,260,-20,266,-20,222,-20" owari="312,41.2,240,-16.0,246,4.6,202,-29.8" /></mjloggm>