<mjloggm ver="2.3"><GO type="225" lobby="0"/><UN n0="%E6%A0%B9%E5%85%83%E3%81%8B%E3%82%89%E5%90%B9%E3%81%A3%E9%A3%9B%E3%81%B6" n1="%E3%81%B5%E3%81%98%E3%81%8B%E3%81%A4" n2="%52%61%69%61%6E%2E" n3="%E8%B6%85%E7%B4%9A%E9%B3%B3%E5%87%B0" dan="17,16,16,16" rate="2141.01,2170.49,2050.04,2151.88" sx="F,M,M,F"/><TAIKYOKU oya="0"/><INIT seed="0,0,0,4,5,97" ten="250,250,250,250" oya="0" hai0="131,14,71,86,104,6,119,41,70,15,31,1,112" hai1="128,34,55,94,32,24,87,129,109,67,51,90,82" hai2="108,40,35,133,120,19,36,13,58,7,28,21,12" hai3="122,64,53,121,56,5,110,132,23,66,62,115,48"/><T83/><D112/><U84/><E67/><V95/><F120/><W65/><G5/><T54/><D119/><U124/><E124/><V105/><F105/><W61/><G23/><T29/><D104/><U77/><E109/><V114/><F114/><W107/><G107/><T17/><D131/><N who="1" m="50251" /><E24/><V101/><F108/><W0/><G0/><T72/><D72/><U106/><E106/><V116/><F116/><W60/><G110/><T88/><D1/><U127/><E127/><V117/><F117/><W46/><G115/><T85/><D41/><U22/><E22/><V99/><F133/><W16/><G16/><T57/><D71/><U9/><E9/><V2/><F12/><W27/><G27/><T42/><D15/><U79/><E79/><V118/><F118/><W44/><G132/><T8/><D6/><U45/><AGARI ba="0,0" hai="32,34,45,51,55,77,82,84,87,90,94" m="50251" machi="45" ten="30,1100,0" yaku="19,1" doraHai="97" who="1" fromWho="1" sc="250,-5,250,11,250,-3,250,-3" /><INIT seed="1,0,0,1,0,114" ten="245,261,247,247" oya="1" hai0="53,60,72,76,123,13,27,41,48,62,61,21,66" hai1="68,116,120,133,8,106,78,19,49,36,46,54,112" hai2="58,87,3,85,0,59,50,131,82,43,103,12,96" hai3="134,111,97,70,5,84,104,26,37,29,35,17,52"/><U20/><E106/><V102/><F131/><W101/><G70/><T108/><D72/><U129/><E112/><V121/><F121/><W6/><G37/><T7/><D76/><U122/><E78/><V79/><F0/><W98/><G111/><T99/><D123/><U105/><E105/><V113/><F3/><W11/><G134/><T56/><D108/><U100/><E100/><V64/><F113/><W83/><G98/><T71/><D41/><N who="1" m="22823" /><E8/><V109/><F109/><W124/><G124/><T28/><REACH who="0" step="1"/><D99/><REACH who="0" ten="235,261,247,247" step="2"/><U24/><E122/><V126/><F43/><W107/><G97/><T44/><D44/><U93/><E120/><V10/><F126/><W130/><G130/><T9/><AGARI ba="0,1" hai="7,9,13,21,27,28,48,53,56,60,61,62,66,71" machi="9" ten="30,2000,0" yaku="1,1,0,1,53,0" doraHai="114" doraHaiUra="75" who="0" fromWho="0" sc="235,30,261,-10,247,-5,247,-5" /><INIT seed="2,0,0,5,1,71" ten="265,251,242,242" oya="2" hai0="97,84,102,4,57,14,81,43,51,91,29,123,106" hai1="96,104,38,63,90,10,78,69,108,42,124,133,86" hai2="48,101,132,6,92,125,129,35,93,37,56,75,0" hai3="122,9,110,59,94,95,5,31,47,33,130,115,76"/><V128/><F75/><W131/><G122/><T12/><D123/><U127/><E78/><V60/><F35/><W21/><G110/><T107/><D107/><U70/><E108/><V64/><F125/><N who="1" m="48201" /><E63/><V82/><F132/><W89/><G115/><T23/><D4/><U3/><E86/><V41/><F48/><W88/><G33/><T28/><D57/><U85/><E85/><V15/><F0/><W52/><G76/><T17/><D14/><U53/><E53/><V98/><F82/><W105/><G105/><T65/><D65/><U34/><E90/><N who="3" m="34922" /><G47/><T80/><REACH who="0" step="1"/><D80/><REACH who="0" ten="255,251,242,242" step="2"/><U72/><E104/><V26/><F26/><W39/><G131/><N who="2" m="50249" /><F6/><W79/><G5/><T32/><D32/><U77/><E34/><V46/><F15/><W20/><G130/><T27/><D27/><U117/><E133/><V54/><F92/><W18/><G94/><T67/><D67/><AGARI ba="0,1" hai="37,41,46,54,56,60,64,67,93,98,101" m="50249" machi="67" ten="30,2900,0" yaku="19,1,52,1" doraHai="71" who="2" fromWho="0" sc="255,-29,251,0,242,39,242,0" /><INIT seed="2,1,0,2,0,109" ten="226,251,281,242" oya="2" hai0="64,78,1,49,94,41,47,8,50,39,76,70,112" hai1="36,20,101,115,81,121,75,2,52,6,29,24,67" hai2="85,23,117,27,114,33,42,99,73,57,119,105,116" hai3="3,123,91,118,113,100,104,59,88,58,15,31,130"/><V12/><F73/><W95/><G118/><T125/><D125/><U72/><E67/><V4/><F42/><W43/><G123/><T34/><D34/><U55/><E121/><V45/><F45/><W111/><G3/><T9/><D70/><U63/><E115/><V83/><F33/><W54/><G111/><T90/><D64/><U16/><E36/><V89/><F57/><W18/><G130/><T10/><D112/><U84/><E101/><V11/><F114/><W110/><G113/><T51/><REACH who="0" step="1"/><D1/><REACH who="0" ten="216,251,281,242" step="2"/><U107/><E2/><V40/><F40/><W61/><G43/><T48/><N who="0" m="12288" /><DORA hai="120" /><T30/><D30/><U19/><E29/><V92/><F105/><W26/><G104/><T0/><D0/><U86/><E107/><V60/><F60/><W82/><G31/><T68/><D68/><U124/><E63/><V35/><F35/><W103/><G61/><T14/><D14/><U44/><E124/><V5/><F116/><W69/><G15/><T132/><D132/><U102/><E55/><V77/><F5/><W7/><G7/><T108/><D108/><U134/><E6/><V46/><F46/><W22/><G110/><T126/><D126/><U25/><E134/><V97/><F117/><W106/><G69/><T133/><D133/><U65/><E65/><V38/><F119/><W56/><G106/><T122/><D122/><U17/><E44/><V79/><F38/><W62/><G58/><T28/><D28/><N who="1" m="17415" /><E52/><V87/><F4/><W66/><G59/><T135/><D135/><U71/><E71/><V98/><F12/><W96/><G66/><RYUUKYOKU ba="1,1" sc="216,15,251,-15,281,-15,242,15" hai0="8,9,10,39,41,47,76,78,90,94" hai3="18,22,26,54,56,62,82,88,91,95,96,100,103" /><INIT seed="3,2,1,2,3,129" ten="231,236,266,257" oya="3" hai0="5,68,112,83,18,88,7,45,39,124,35,80,71" hai1="66,78,133,44,95,27,43,10,98,131,86,76,97" hai2="67,8,125,36,79,101,15,93,110,92,33,102,4" hai3="51,109,17,119,118,41,75,85,13,99,114,81,3"/><W50/><G114/><T55/><D35/><U82/><E131/><V111/><F36/><W105/><G3/><T62/><D71/><U21/><E133/><V58/><F33/><W32/><G32/><T128/><D128/><U90/><E66/><V54/><F67/><W104/><G109/><N who="2" m="41481" /><F79/><W96/><G75/><T48/><D112/><U24/><E10/><V123/><F125/><W9/><G99/><T106/><D106/><U11/><E11/><V65/><F65/><W120/><G120/><T53/><D124/><U28/><E27/><V117/><F117/><W69/><G69/><T30/><D30/><U40/><E78/><V127/><F127/><W26/><G26/><T52/><D39/><U22/><E22/><V94/><F123/><W59/><G50/><AGARI ba="2,1" hai="4,8,15,50,54,58,92,93,94,101,102" m="41481" machi="50" ten="30,1000,0" yaku="14,1" doraHai="129" who="2" fromWho="3" sc="231,0,236,0,266,26,257,-16" /><INIT seed="4,0,0,5,1,51" ten="231,236,292,241" oya="0" hai0="13,132,123,128,28,71,3,113,116,107,124,78,23" hai1="127,56,2,80,98,85,54,64,134,70,35,118,105" hai2="36,52,39,112,60,115,96,119,22,49,12,101,83" hai3="82,15,95,53,31,42,24,92,33,47,88,10,17"/><T4/><RYUUKYOKU type="yao9" ba="0,0" sc="231,0,236,0,292,0,241,0" hai0="3,4,13,23,28,71,78,107,113,116,123,124,128,132" /><INIT seed="4,1,0,5,2,78" ten="231,236,292,241" oya="0" hai0="132,41,104,63,106,115,28,119,117,102,64,100,59" hai1="40,134,9,12,48,13,121,42,72,97,85,98,60" hai2="65,118,37,111,93,21,101,2,89,96,61,8,80" hai3="128,50,103,15,135,76,53,74,58,124,55,69,94"/><T129/><D115/><U79/><E72/><V127/><F111/><W70/><G128/><T90/><D129/><U27/><E13/><V4/><F37/><W67/><G124/><T92/><D41/><U20/><E42/><V38/><F38/><W35/><G35/><T99/><D132/><U30/><E60/><V51/><F127/><W107/><G135/><T123/><D123/><U122/><E134/><V114/><F114/><W34/><G34/><T24/><D102/><U0/><E0/><V18/><F51/><W7/><G107/><T105/><REACH who="0" step="1"/><D90/><REACH who="0" ten="221,236,292,241" step="2"/><U131/><E122/><V31/><F118/><W36/><G103/><T91/><D91/><U54/><E121/><V46/><F101/><W3/><G36/><T130/><D130/><U45/><E131/><V26/><F46/><W52/><G50/><T10/><D10/><U25/><E40/><V112/><F112/><W33/><G69/><T57/><D57/><U84/><E45/><V113/><F113/><W133/><G58/><T110/><D110/><U75/><E48/><V77/><F61/><W125/><G70/><T88/><D88/><U44/><E44/><V86/><REACH who="2" step="1"/><F65/><REACH who="2" ten="221,236,282,241" step="2"/><W116/><G67/><T22/><AGARI ba="1,2" hai="22,24,28,59,63,64,92,99,100,104,105,106,117,119" machi="22" ten="30,12000,1" yaku="1,1,0,1,25,2,53,1" doraHai="78" doraHaiUra="16" who="0" fromWho="0" sc="221,143,236,-41,282,-41,241,-41" owari="364,46.4,195,-30.5,241,4.1,200,-20.0" /></mjloggm>