<mjloggm ver="2.3"><GO type="225" lobby="0"/><UN n0="%E3%82%82%E3%81%90%E3%82%89" n1="%E6%A1%9C%E8%8A%B1%E9%96%83%E3%80%85" n2="%33%74%72%65%65" n3="%45%6C%79%73%69%75%6D" dan="17,17,17,18" rate="2166.50,2233.14,2188.78,2198.69" sx="M,M,F,F"/><TAIKYOKU oya="0"/><INIT seed="0,0,0,0,3,85" ten="250,250,250,250" oya="0" hai0="51,66,105,112,68,103,108,30,78,132,113,87,10" hai1="34,129,76,69,21,102,26,63,92,55,39,53,107" hai2="72,121,93,13,79,3,38,91,42,60,28,52,116" hai3="114,58,54,118,96,48,125,62,134,59,88,45,14"/><T56/><D132/><U135/><E135/><V17/><F121/><W71/><G118/><T117/><D117/><U73/><E107/><V97/><F116/><W0/><G0/><T110/><D30/><U23/><E39/><V106/><F3/><W75/><G134/><T86/><D68/><U43/><E43/><V133/><F133/><W36/><G75/><T33/><D33/><U24/><E34/><V77/><F106/><W74/><G74/><T37/><D37/><U81/><E129/><V126/><F72/><W131/><G114/><T89/><D78/><U65/><E21/><V111/><F111/><N who="0" m="42538" /><D10/><U128/><E128/><V57/><F126/><W16/><G125/><T15/><D15/><U100/><E26/><V32/><F32/><W2/><G2/><T67/><D87/><U120/><E120/><V98/><F28/><W31/><G31/><T95/><D67/><U6/><E24/><V5/><F98/><W20/><G36/><T83/><D105/><U19/><E76/><V44/><REACH who="2" step="1"/><F5/><REACH who="2" ten="250,250,240,250" step="2"/><W25/><G131/><T104/><D104/><U130/><E6/><V99/><F99/><W64/><REACH who="3" step="1"/><G25/><REACH who="3" ten="250,250,240,240" step="2"/><T115/><D115/><U90/><E130/><V70/><F70/><W9/><G9/><AGARI ba="0,2" hai="9,13,17,38,42,44,52,57,60,77,79,91,93,97" machi="9" ten="30,7700,0" yaku="1,1,7,1,52,1,54,1,53,0" doraHai="85" doraHaiUra="82" who="2" fromWho="3" sc="250,0,250,0,240,97,240,-77" /><INIT seed="1,0,0,3,1,69" ten="250,250,337,163" oya="1" hai0="113,80,83,90,24,41,7,105,63,48,116,74,59" hai1="5,65,32,19,9,112,33,120,6,34,94,102,104" hai2="12,87,123,66,101,128,134,28,127,84,121,107,71" hai3="98,56,97,52,64,8,85,45,100,23,67,89,77"/><U61/><E112/><V36/><F36/><W118/><G118/><T2/><D116/><U76/><E120/><V131/><F127/><W62/><G77/><T60/><D113/><U1/><E104/><V82/><F134/><W106/><G98/><T18/><D105/><U22/><E76/><V55/><F28/><W21/><G8/><T79/><D2/><U115/><E6/><V91/><F55/><W135/><G135/><T53/><D7/><U103/><E115/><V99/><F12/><W13/><G13/><T117/><D117/><U114/><E94/><N who="2" m="54631" /><F66/><W133/><G133/><T130/><D130/><N who="2" m="49706" /><F71/><W27/><G45/><T70/><D70/><U29/><E29/><V81/><F81/><W124/><G124/><T73/><D73/><U126/><E114/><V0/><F0/><W108/><G108/><T111/><D80/><U86/><E86/><V46/><F46/><W92/><REACH who="3" step="1"/><G21/><REACH who="3" ten="250,250,337,153" step="2"/><T10/><D10/><U96/><E96/><V11/><F11/><W93/><G93/><T132/><D83/><U40/><E126/><V95/><F95/><W15/><G15/><T42/><D132/><U88/><E22/><V16/><F82/><W54/><G54/><T39/><D79/><U125/><E125/><V43/><F99/><W57/><G57/><T49/><D111/><U14/><E14/><V50/><F107/><W51/><G51/><T44/><D44/><U38/><E9/><V122/><F50/><W3/><G3/><T31/><D49/><U37/><E1/><V25/><F122/><W20/><G20/><T26/><D48/><U47/><E47/><RYUUKYOKU ba="0,1" sc="250,-10,250,-10,337,-10,153,30" hai3="23,27,52,56,62,64,67,85,89,92,97,100,106" /><INIT seed="2,1,1,0,3,71" ten="240,240,327,183" oya="2" hai0="104,16,7,81,129,131,80,28,8,93,121,19,91" hai1="46,69,97,112,77,48,119,32,5,113,43,15,45" hai2="2,103,17,127,36,6,125,92,102,13,65,98,23" hai3="51,42,76,116,18,70,88,107,41,58,64,0,37"/><V117/><F117/><W59/><G107/><T101/><D121/><U85/><E119/><V9/><F65/><W82/><G116/><T99/><D28/><U50/><E69/><V128/><F128/><N who="0" m="49226" /><D81/><N who="1" m="47279" /><E32/><V79/><F79/><W4/><G18/><T90/><D80/><U53/><E97/><V1/><F1/><W124/><G124/><N who="2" m="47689" /><F102/><W47/><G70/><T52/><D52/><U96/><E96/><V63/><F63/><W14/><G64/><T57/><D57/><U100/><E100/><V95/><F95/><W78/><G0/><N who="0" m="103" /><D90/><U94/><E94/><V89/><F89/><W132/><G59/><T40/><D40/><U20/><E20/><V114/><F114/><W54/><G42/><T109/><D109/><U84/><E113/><V12/><F2/><W72/><G132/><T38/><D91/><U87/><E112/><V34/><F34/><W120/><G120/><T66/><D66/><U27/><E27/><V106/><F92/><W3/><G3/><T35/><D35/><U74/><E74/><V25/><F106/><W21/><G72/><T122/><D104/><U60/><E60/><V33/><F103/><W61/><G61/><T24/><D122/><U29/><E29/><N who="2" m="19631" /><F98/><W110/><G110/><T108/><D108/><U62/><E62/><V67/><F67/><W49/><G78/><T22/><D101/><U26/><E26/><V134/><F134/><W31/><G76/><T75/><D99/><U105/><E105/><V55/><F55/><W126/><G126/><T115/><D75/><U39/><E50/><V44/><F44/><W118/><G118/><RYUUKYOKU ba="1,1" sc="240,-15,240,15,327,15,183,-15" hai1="5,15,39,43,45,46,48,53,84,87" hai2="6,9,12,13,17,23,36" /><INIT seed="2,2,1,0,3,62" ten="225,255,342,168" oya="2" hai0="92,104,5,4,68,131,54,77,67,45,16,91,120" hai1="61,69,17,26,132,96,73,64,55,6,93,112,11" hai2="37,118,101,109,8,3,100,63,135,113,20,86,102" hai3="125,124,110,111,7,66,56,88,99,53,59,117,14"/><V27/><F113/><W0/><G0/><T108/><D120/><U31/><E112/><V33/><F118/><W79/><G79/><T10/><D104/><U12/><E132/><V72/><F72/><W25/><G117/><T76/><D131/><U1/><E73/><V103/><F135/><W46/><G25/><T52/><D108/><N who="3" m="41513" /><G7/><N who="0" m="2635" /><D68/><U114/><E55/><N who="0" m="21033" /><D67/><U50/><E50/><V134/><F3/><W121/><G14/><N who="0" m="7255" /><D45/><U18/><E114/><V41/><F134/><W85/><G121/><T47/><D47/><U126/><E1/><V29/><F109/><W28/><G46/><T116/><D116/><U123/><E123/><V30/><F37/><W34/><G34/><T35/><D35/><U40/><E40/><V75/><F41/><W24/><G24/><T115/><D115/><U127/><E127/><N who="3" m="48714" /><G28/><T9/><D9/><U94/><E126/><V106/><F27/><W74/><G74/><T98/><AGARI ba="2,1" hai="76,77,91,92,98" m="7255,21033,2635" machi="98" ten="30,4000,0" yaku="8,1,54,2" doraHai="62" who="0" fromWho="0" sc="225,56,255,-12,342,-22,168,-12" /><INIT seed="3,0,0,2,1,86" ten="281,243,320,156" oya="3" hai0="115,61,127,54,70,88,73,57,2,39,75,74,30" hai1="84,43,47,62,133,110,42,23,72,52,89,104,118" hai2="111,27,55,108,71,103,41,22,97,26,99,78,15" hai3="60,102,117,77,36,28,49,105,25,19,81,107,112"/><W93/><G36/><T85/><D2/><U10/><E72/><V64/><F41/><W35/><G112/><T128/><D115/><U126/><E110/><N who="2" m="42027" /><F78/><W121/><G117/><T38/><D128/><U135/><E118/><V134/><F134/><N who="1" m="51209" /><E104/><N who="2" m="63599" /><F99/><W65/><G121/><T130/><D130/><U31/><E126/><V116/><F116/><W98/><G49/><T34/><D127/><U16/><E10/><V100/><F100/><W124/><G19/><T40/><D70/><U113/><E31/><V1/><F1/><W6/><G6/><T63/><D63/><U109/><E113/><V106/><F106/><W56/><REACH who="3" step="1"/><G124/><REACH who="3" ten="281,243,320,146" step="2"/><T68/><D39/><U0/><E109/><V8/><F22/><W80/><G80/><T119/><D119/><U82/><E0/><V92/><F8/><W20/><G20/><T132/><D132/><U87/><E62/><V50/><F50/><W91/><G91/><T122/><D122/><U4/><E4/><V44/><F27/><W76/><G76/><T7/><D7/><U24/><E43/><V37/><F26/><W46/><G46/><T48/><D38/><U59/><E89/><V120/><F37/><W13/><G13/><T131/><D40/><U3/><E82/><V83/><F83/><W123/><G123/><T51/><D131/><U95/><E3/><V11/><F120/><W67/><G67/><N who="0" m="41071" /><D48/><N who="1" m="31111" /><E47/><V12/><F44/><W21/><G21/><T114/><D114/><U17/><E42/><V66/><F66/><W58/><G58/><T18/><D18/><U14/><E17/><N who="2" m="8351" /><F64/><W129/><G129/><T96/><D57/><RYUUKYOKU ba="0,1" sc="281,-10,243,-10,320,-10,146,30" hai3="25,28,35,56,60,65,77,81,93,98,102,105,107" /><INIT seed="3,1,1,4,4,45" ten="271,233,310,176" oya="3" hai0="49,106,109,7,10,5,114,66,54,34,20,118,70" hai1="69,119,84,79,88,44,97,52,113,22,116,4,31" hai2="67,123,95,108,55,125,6,81,24,26,68,8,33" hai3="50,131,57,103,0,110,120,73,62,36,56,121,17"/><W107/><G0/><T12/><D34/><U29/><E113/><V134/><F108/><W102/><G73/><T18/><D118/><N who="1" m="45099" /><E69/><V124/><F134/><W46/><G110/><T132/><D109/><U53/><E4/><V122/><F81/><W74/><G74/><T126/><D132/><U43/><E97/><V23/><F95/><W83/><G131/><T41/><D114/><U86/><E79/><V14/><F33/><W80/><G36/><T39/><D106/><U111/><E84/><V77/><F77/><W72/><G72/><T133/><D133/><U61/><E111/><V94/><F68/><W135/><G135/><T51/><D39/><N who="1" m="21631" /><E61/><V19/><F123/><W117/><G117/><T48/><D126/><U58/><E22/><V16/><F122/><W32/><G32/><T100/><D100/><U59/><E59/><N who="3" m="22602" /><G107/><T63/><D41/><U115/><E115/><V2/><F124/><W15/><G120/><T92/><D92/><N who="1" m="54295" /><E58/><V65/><F125/><W35/><G35/><T75/><D5/><U42/><E42/><V96/><F2/><W105/><G121/><T40/><D40/><U64/><E64/><V11/><F65/><W104/><G104/><T3/><D75/><U82/><E82/><N who="3" m="31274" /><G105/><T98/><D98/><U93/><E93/><V87/><F67/><W37/><G37/><T128/><D128/><U91/><E91/><V21/><F96/><W85/><G85/><T76/><D76/><U89/><E89/><N who="2" m="53567" /><F55/><AGARI ba="1,1" hai="29,31,52,53,55" m="54295,21631,45099" machi="55" ten="30,3900,0" yaku="12,1,54,2" doraHai="45" who="1" fromWho="2" sc="271,0,233,52,310,-42,176,0" /><INIT seed="4,0,0,0,1,108" ten="271,285,268,176" oya="0" hai0="8,134,83,105,7,118,3,60,74,24,93,5,78" hai1="0,71,113,48,77,75,65,82,34,43,42,58,37" hai2="98,44,102,29,88,31,124,96,72,133,21,128,115" hai3="59,107,89,111,39,114,87,30,109,33,117,76,54"/><T125/><D118/><U10/><E34/><V46/><F72/><W57/><G39/><T40/><D105/><U92/><E92/><N who="2" m="58631" /><F133/><W116/><G107/><T12/><D134/><U55/><E113/><V97/><F115/><W41/><G41/><T106/><D106/><U16/><E37/><V122/><F122/><W103/><G103/><T23/><D125/><U86/><E75/><V121/><F121/><W84/><G33/><T26/><D40/><U32/><E32/><V129/><F124/><W51/><G30/><N who="2" m="11273" /><F21/><W95/><G114/><T11/><D23/><U127/><E127/><V90/><F98/><W126/><G126/><T123/><D123/><U101/><E101/><V110/><F110/><W70/><G70/><T131/><D131/><N who="2" m="50250" /><F90/><W28/><G28/><T35/><D35/><U15/><E0/><V50/><F50/><W18/><G111/><T36/><D36/><U20/><E71/><V63/><F63/><W120/><G109/><T61/><REACH who="0" step="1"/><D93/><AGARI ba="0,0" hai="44,46,88,93,97" m="50250,11273,58631" machi="93" ten="30,2000,0" yaku="19,1,54,1" doraHai="108" who="2" fromWho="0" sc="271,-20,285,0,268,20,176,0" /><INIT seed="5,0,0,2,3,14" ten="251,285,288,176" oya="1" hai0="99,37,131,117,65,15,46,90,32,5,4,44,129" hai1="12,29,81,109,95,100,124,24,89,39,30,6,9" hai2="74,134,127,87,41,103,71,128,94,88,72,135,111" hai3="113,75,59,125,8,123,85,126,97,77,61,26,42"/><U35/><E124/><N who="3" m="47722" /><G123/><T57/><D32/><U86/><E109/><V54/><F127/><W13/><G113/><T130/><D117/><U112/><E112/><V2/><F111/><W55/><G42/><T27/><D37/><U49/><E39/><V56/><F128/><W96/><G26/><T73/><D73/><U19/><E49/><N who="2" m="30799" /><F71/><W91/><G77/><T116/><D116/><U51/><E51/><V63/><F2/><W78/><G78/><T20/><D99/><N who="1" m="59519" /><E35/><V0/><F0/><W110/><G75/><T38/><D90/><U17/><E24/><V92/><F41/><W53/><G53/><T50/><D38/><U33/><E33/><V102/><F74/><W40/><G40/><T69/><D69/><U133/><E133/><V36/><F72/><W114/><G114/><T31/><D15/><N who="1" m="7407" /><E6/><N who="0" m="2665" /><D65/><U132/><E132/><V7/><F7/><N who="3" m="3231" /><G110/><T119/><D119/><U83/><E83/><AGARI ba="0,0" hai="55,59,61,83,85,91,96,97" m="3231,47722" machi="83" ten="30,1000,0" yaku="18,1" doraHai="14" who="3" fromWho="1" sc="251,0,285,-10,288,0,176,10" /><INIT seed="6,0,0,3,1,94" ten="251,275,288,186" oya="2" hai0="15,87,36,113,55,21,20,115,108,79,2,80,57" hai1="123,96,47,89,105,3,43,30,128,46,25,99,41" hai2="98,0,106,65,27,101,45,72,31,13,102,28,109" hai3="44,54,35,53,134,104,117,63,82,52,121,135,50"/><V111/><F0/><W88/><G35/><T58/><D108/><N who="2" m="41546" /><F72/><W51/><G104/><T61/><D2/><U19/><E3/><V76/><F76/><W22/><G117/><T12/><D36/><U62/><E128/><V6/><F65/><W33/><G33/><T48/><D115/><U116/><E116/><V16/><F101/><W92/><G82/><T37/><D37/><U71/><E19/><V26/><F6/><W81/><G81/><T84/><D113/><U107/><E123/><V85/><F85/><W119/><G119/><T9/><D87/><U49/><E89/><V60/><F60/><W86/><G121/><T114/><D114/><U120/><E120/><V23/><F45/><W11/><G11/><T40/><D15/><U91/><E91/><V69/><F69/><W97/><G86/><T7/><REACH who="0" step="1"/><D58/><REACH who="0" ten="241,275,288,186" step="2"/><U124/><E71/><V18/><F13/><W133/><G22/><AGARI ba="0,1" hai="16,18,22,23,26,27,28,31,98,102,106" m="41546" machi="22" ten="30,5800,0" yaku="10,1,52,1,54,1" doraHai="94" who="2" fromWho="3" sc="241,0,275,0,288,68,186,-58" owari="241,-15.9,275,7.5,356,45.6,128,-37.2" /></mjloggm>