<mjloggm ver="2.3"><GO type="225" lobby="0"/><UN n0="%E7%8D%A3%E8%87%AD%E3%81%84%E8%82%89%E7%90%83" n1="%E8%BE%9B%E5%8F%A3%E3%82%AB%E3%83%AC%E3%83%BC%E3%83%A9%E3%82%A4%E3%82%B9" n2="%73%69%67%65%6E%6F%72%69" n3="%E5%B8%86%E7%AB%8B%E5%A4%8F%E8%A1%A3" dan="16,17,18,16" rate="2114.79,2234.30,2247.82,2212.33" sx="M,M,M,M"/><TAIKYOKU oya="0"/><INIT seed="0,0,0,3,5,73" ten="250,250,250,250" oya="0" hai0="35,37,112,41,1,92,62,13,47,78,43,0,89" hai1="104,119,16,50,121,48,26,118,24,59,103,44,113" hai2="51,68,64,52,15,124,101,116,71,97,65,66,14" hai3="6,126,106,19,72,96,23,128,79,10,60,114,87"/><T30/><D112/><U120/><E104/><V69/><F124/><W55/><G114/><T57/><D43/><U28/><E103/><V133/><F133/><W27/><G126/><T33/><D13/><U85/><E113/><V111/><F111/><W40/><G128/><T12/><D12/><U34/><E59/><V56/><REACH who="2" step="1"/><F116/><REACH who="2" ten="250,250,240,250" step="2"/><W46/><G106/><AGARI ba="0,1" hai="14,15,51,52,56,64,65,66,68,69,71,97,101,106" machi="106" ten="50,6400,0" yaku="1,1,2,1,54,1,53,0" doraHai="73" doraHaiUra="84" who="2" fromWho="3" sc="250,0,250,0,240,74,250,-64" /><INIT seed="1,0,0,0,4,15" ten="250,250,314,186" oya="1" hai0="95,90,110,76,34,77,44,114,22,35,31,57,55" hai1="129,28,38,79,67,26,128,64,108,62,73,60,100" hai2="13,123,83,24,115,80,3,113,92,68,43,0,112" hai3="25,6,134,12,99,7,78,20,97,93,101,5,69"/><U105/><E38/><V81/><F123/><W61/><G134/><T33/><D114/><U37/><E37/><V98/><F68/><W89/><G78/><T131/><D110/><U40/><E40/><V102/><F43/><W72/><G72/><T27/><D44/><U135/><E135/><V21/><REACH who="2" step="1"/><F13/><REACH who="2" ten="250,250,304,186" step="2"/><W23/><G12/><T41/><D41/><U16/><E128/><V117/><F117/><W122/><G122/><T85/><REACH who="0" step="1"/><D131/><REACH who="0" ten="240,250,304,186" step="2"/><U70/><E129/><V120/><F120/><W54/><G69/><T132/><D132/><U111/><E70/><V63/><F63/><AGARI ba="0,2" hai="22,27,31,33,34,35,55,57,63,76,77,85,90,95" machi="63" ten="40,1300,0" yaku="1,1,53,0" doraHai="15" doraHaiUra="14" who="0" fromWho="2" sc="240,33,250,0,304,-13,186,0" /><INIT seed="2,0,0,2,4,66" ten="273,250,291,186" oya="2" hai0="112,97,104,51,127,52,87,110,31,103,121,17,129" hai1="2,70,94,84,117,11,74,135,132,23,76,106,67" hai2="34,13,68,28,100,0,26,14,105,92,35,88,118" hai3="122,101,111,7,18,120,4,44,39,43,48,89,69"/><V116/><F0/><W57/><G101/><T114/><D121/><N who="3" m="46697" /><G89/><T3/><D110/><U95/><E106/><V15/><F35/><W25/><G25/><T54/><D129/><U64/><E117/><V77/><F77/><W73/><G18/><T40/><D127/><U93/><E74/><V83/><F83/><W9/><G9/><T36/><D3/><U47/><E47/><V59/><F68/><W79/><G7/><T75/><D75/><U60/><E67/><V125/><F125/><W109/><G4/><T19/><D31/><U134/><E23/><V41/><F41/><N who="3" m="22591" /><G79/><T133/><D133/><U30/><E30/><V27/><F27/><W37/><G73/><T29/><D29/><U45/><E45/><V53/><F105/><W131/><G131/><T49/><D87/><U119/><E119/><V8/><F100/><W10/><G10/><T107/><D103/><U20/><E20/><V91/><F91/><W63/><G37/><T42/><D36/><U55/><E11/><V102/><F102/><W81/><G81/><T21/><D21/><U33/><E33/><V16/><F118/><W96/><G96/><AGARI ba="0,0" hai="17,19,40,42,49,51,52,54,96,97,104,107,112,114" machi="96" ten="25,3200,0" yaku="22,2,54,1" doraHai="66" who="0" fromWho="3" sc="273,32,250,0,291,0,186,-32" /><INIT seed="3,0,0,5,5,18" ten="305,250,291,154" oya="3" hai0="89,109,97,26,57,61,92,51,56,5,96,81,90" hai1="70,29,126,77,31,19,7,13,27,83,58,113,54" hai2="110,37,98,15,38,94,36,34,53,103,35,86,20" hai3="125,119,133,91,87,107,45,28,85,108,88,69,101"/><W63/><G119/><T16/><D109/><U114/><E70/><V66/><F66/><W62/><G28/><T135/><D135/><U120/><E120/><V134/><F110/><W49/><G108/><T124/><D124/><U99/><E7/><V44/><F134/><W14/><G133/><T131/><D131/><U22/><E99/><V118/><F118/><W111/><G111/><T39/><D39/><U8/><E126/><V123/><F123/><W0/><G0/><T72/><D72/><U74/><REACH who="1" step="1"/><E31/><REACH who="1" ten="305,240,291,154" step="2"/><V95/><F98/><W121/><G121/><T82/><D5/><U112/><E112/><V93/><F103/><W84/><G125/><T17/><D97/><U25/><E25/><V3/><F3/><W40/><G101/><T79/><D26/><U21/><E21/><V60/><F20/><W48/><G107/><T116/><D116/><U42/><E42/><V33/><F15/><W52/><G69/><T11/><D11/><U80/><E80/><N who="0" m="30825" /><D79/><U105/><E105/><V30/><F30/><W9/><G14/><T68/><D68/><U117/><E117/><V1/><F1/><W55/><G9/><T115/><D115/><U32/><E32/><V10/><F10/><W50/><G40/><T71/><D71/><U41/><E41/><V106/><F106/><W6/><G6/><T67/><D89/><N who="3" m="34377" /><G45/><T23/><D23/><U47/><E47/><V4/><F4/><W2/><G2/><T102/><D102/><U127/><E127/><V65/><F44/><W76/><G76/><T12/><D12/><U132/><E132/><V64/><F86/><RYUUKYOKU ba="0,1" sc="305,0,240,0,291,0,154,0" hai0="16,17,51,56,57,61,67,90,92,96" hai1="8,13,19,22,27,29,54,58,74,77,83,113,114" hai2="33,34,35,36,37,38,53,60,64,65,93,94,95" hai3="48,49,50,52,55,62,63,84,85,87" /><INIT seed="3,1,1,2,0,101" ten="305,240,291,154" oya="3" hai0="46,91,60,50,135,61,130,65,24,64,20,63,6" hai1="106,122,98,68,2,126,67,47,5,112,107,40,92" hai2="22,7,18,132,134,16,117,42,103,96,19,0,27" hai3="11,128,100,116,109,104,78,93,12,70,121,110,25"/><W95/><G70/><T115/><D135/><N who="2" m="51754" /><F117/><W45/><G116/><T62/><D130/><U129/><E122/><V119/><F119/><W37/><G121/><T124/><D124/><U59/><E112/><V51/><F42/><N who="3" m="22735" /><G25/><T125/><D125/><U89/><E68/><V43/><F43/><W13/><G78/><T44/><D115/><U127/><E129/><V71/><F71/><W53/><G53/><N who="0" m="29895" /><D6/><U105/><E5/><V57/><F57/><W120/><G120/><T77/><D46/><U9/><E9/><N who="2" m="2279" /><F51/><W81/><G81/><T97/><D77/><U74/><E74/><V14/><F14/><N who="3" m="5739" /><G11/><T52/><D65/><U4/><E4/><V58/><F58/><W72/><G72/><T41/><D41/><U56/><E2/><V118/><F118/><W38/><G38/><T88/><D64/><U29/><E29/><V28/><F28/><W30/><G30/><N who="0" m="17671" /><D97/><U69/><E126/><V35/><F35/><W133/><G133/><T10/><D10/><U8/><E8/><V32/><F32/><W85/><G128/><T15/><D15/><U39/><REACH who="1" step="1"/><E127/><REACH who="1" ten="305,230,291,154" step="2"/><V114/><F114/><W26/><G85/><T75/><D75/><U36/><E36/><V21/><F21/><W76/><G76/><T108/><N who="0" m="15360" /><DORA hai="83" /><T31/><D31/><U1/><E1/><V102/><F18/><W123/><G123/><T82/><D52/><U87/><E87/><V54/><F19/><W113/><G113/><T55/><D55/><U73/><E73/><V48/><F96/><N who="3" m="61447" /><G26/><T17/><D17/><U23/><E23/><V33/><F33/><W90/><G90/><RYUUKYOKU ba="1,2" sc="305,-30,230,10,291,10,154,10" hai1="39,40,47,56,59,67,69,89,92,98,105,106,107" hai2="16,22,27,48,54,102,103" hai3="93,95,109,110" /><INIT seed="3,2,2,5,4,118" ten="275,240,301,164" oya="3" hai0="17,119,134,93,21,22,120,9,81,69,89,57,86" hai1="59,58,18,0,75,43,39,46,3,66,32,8,88" hai2="19,62,20,122,135,117,36,11,71,55,65,87,52" hai3="70,110,113,44,91,10,99,50,125,80,115,123,27"/><W35/><G70/><T111/><D119/><U64/><E32/><V45/><F117/><W92/><G125/><T108/><D69/><U90/><E75/><V94/><F122/><W83/><G123/><T23/><D120/><U114/><E114/><V5/><F135/><W127/><G127/><T77/><D134/><U97/><E3/><V54/><F87/><W72/><G110/><N who="0" m="42027" /><D57/><U2/><E2/><V100/><F100/><W84/><G10/><T73/><D9/><U98/><E98/><V101/><F94/><W56/><G56/><T96/><D96/><U42/><E42/><V82/><F101/><W106/><G35/><T85/><D85/><U129/><E129/><V124/><F82/><W95/><G27/><AGARI ba="2,2" hai="17,21,22,23,27,73,77,81,86,89,93" m="42027" machi="27" ten="30,1000,0" yaku="14,1" doraHai="118" who="0" fromWho="3" sc="275,36,240,0,301,0,164,-16" owari="311,41.1,240,-16.0,301,10.1,148,-35.2" /></mjloggm>