<mjloggm ver="2.3"><GO type="225" lobby="0"/><UN n0="%E8%B5%A4%E7%BE%BD%E3%81%AE%E7%8E%8B" n1="%E6%B8%A9%E2%98%85%E6%83%85%E2%98%85%E6%8E%AA%E2%98%85%E7%BD%AE" n2="%E3%81%BF%E3%81%BF%E3%81%9A" n3="%E3%81%82%E3%81%B9%E3%81%99%E3%81%91" dan="16,17,16,16" rate="2080.12,2214.42,2173.18,2086.67" sx="M,M,M,M"/><TAIKYOKU oya="0"/><INIT seed="0,0,0,0,4,106" ten="250,250,250,250" oya="0" hai0="64,109,77,65,91,28,54,95,80,116,27,21,8" hai1="48,40,61,34,17,41,23,129,133,24,16,32,110" hai2="99,1,113,53,101,97,18,100,76,104,127,86,131" hai3="73,90,68,9,45,56,62,37,117,118,111,70,82"/><T126/><D116/><N who="3" m="44649" /><G90/><T58/><D126/><U29/><E110/><V128/><F1/><W122/><G9/><T12/><D109/><U124/><E124/><V102/><F18/><W44/><G82/><T33/><D33/><U130/><E133/><V78/><F127/><W14/><G14/><T39/><D39/><U119/><E119/><V43/><F43/><N who="1" m="16457" /><E48/><V96/><F53/><N who="3" m="34063" /><G73/><T125/><D125/><U88/><E61/><V10/><F10/><W72/><G72/><T59/><D59/><U74/><E74/><V4/><F4/><W5/><G5/><T30/><D30/><U3/><E3/><V60/><F60/><W55/><G111/><T81/><D77/><N who="2" m="29802" /><F113/><W51/><G122/><T57/><D57/><U84/><E34/><V26/><F26/><W120/><G120/><T79/><D79/><U25/><E32/><V71/><F71/><N who="3" m="27179" /><G37/><T92/><D92/><N who="1" m="54279" /><E25/><V31/><F31/><W47/><AGARI ba="0,0" hai="44,45,47,51,55" m="27179,34063,44649" machi="47" ten="40,2700,0" yaku="34,2" doraHai="106" who="3" fromWho="3" sc="250,-13,250,-7,250,-7,250,27" /><INIT seed="1,0,0,3,4,121" ten="237,243,243,277" oya="1" hai0="21,129,14,107,99,82,71,109,53,50,42,68,87" hai1="16,67,119,75,8,37,104,79,131,43,51,24,52" hai2="91,118,95,20,89,46,27,25,100,61,74,130,113" hai3="124,134,110,45,66,76,55,39,59,86,132,126,125"/><U57/><E119/><V70/><F118/><W111/><G76/><T44/><D129/><U98/><E131/><V133/><F130/><W29/><G29/><T56/><D107/><U88/><E67/><V63/><F74/><W101/><G101/><T35/><D35/><U34/><E75/><V112/><F133/><N who="3" m="51307" /><G86/><T38/><D99/><U0/><E79/><V81/><F46/><W36/><G66/><T77/><D109/><N who="3" m="41481" /><G45/><T4/><D21/><N who="1" m="13351" /><E34/><V120/><F20/><W5/><G5/><T33/><D33/><U127/><E104/><V47/><F100/><W123/><G123/><T12/><D4/><U97/><E97/><V122/><F47/><W10/><G10/><T19/><D71/><U6/><E98/><V13/><F70/><W58/><G58/><T84/><D68/><U3/><E8/><V92/><F81/><W102/><G102/><T94/><D87/><U116/><E6/><V7/><F7/><W48/><AGARI ba="0,0" hai="36,39,48,55,59,124,125,126" m="41481,51307" machi="48" ten="40,16000,3" yaku="18,1,20,1,14,1,34,2,52,3" doraHai="121" who="3" fromWho="3" sc="237,-40,243,-80,243,-40,277,160" /><INIT seed="2,0,0,3,0,127" ten="197,163,203,437" oya="2" hai0="82,75,60,101,19,47,44,2,87,39,53,94,8" hai1="93,119,113,30,109,32,129,9,128,61,97,45,71" hai2="14,23,100,28,79,63,103,131,122,36,25,99,86" hai3="107,42,10,92,123,124,24,80,43,46,91,20,37"/><V62/><F122/><W56/><G123/><T90/><D75/><U132/><E119/><V116/><F36/><W111/><G107/><T58/><D39/><U57/><E113/><V121/><F116/><W69/><G69/><T27/><D2/><U72/><E72/><V67/><F121/><W50/><G43/><T21/><D8/><U33/><E71/><V85/><F131/><N who="1" m="50249" /><E109/><V81/><F99/><AGARI ba="0,0" hai="19,21,27,44,47,53,58,60,82,87,90,94,99,101" machi="99" ten="40,1300,0" yaku="8,1" doraHai="127" who="0" fromWho="2" sc="197,13,163,0,203,-13,437,0" /><INIT seed="3,0,0,1,1,49" ten="210,163,190,437" oya="3" hai0="98,129,23,28,87,48,13,61,106,71,47,135,79" hai1="60,5,43,100,38,131,128,14,27,85,18,6,59" hai2="7,102,30,105,55,66,119,108,111,72,67,63,96" hai3="124,20,113,31,78,44,2,127,56,76,57,53,19"/><W114/><G2/><T35/><D23/><U24/><E100/><V17/><F119/><W4/><G4/><N who="1" m="1642" /><E43/><V133/><F133/><W84/><G31/><T42/><D13/><U45/><E38/><V123/><F123/><W3/><G44/><T93/><D135/><U69/><E69/><V130/><F130/><N who="1" m="49705" /><E45/><V33/><F17/><W0/><G84/><T77/><D93/><U68/><E68/><V117/><F117/><W97/><G97/><T103/><D87/><U86/><E86/><V104/><F7/><W12/><G57/><T21/><D21/><N who="1" m="11479" /><E85/><V40/><F40/><W75/><G75/><T92/><D92/><U36/><E36/><V46/><F72/><W9/><G114/><T81/><D81/><U107/><E107/><V88/><F105/><W37/><G37/><T115/><D115/><U25/><E59/><N who="2" m="35327" /><F88/><W16/><G3/><T91/><D91/><U8/><E60/><V1/><F1/><W22/><G0/><T82/><D82/><U70/><E70/><V116/><F116/><W65/><G65/><N who="2" m="24585" /><F46/><W120/><G120/><T74/><D74/><U51/><E51/><V50/><F50/><N who="3" m="30775" /><G113/><T118/><D129/><U89/><E89/><V41/><F41/><W134/><G134/><T54/><D118/><U122/><E8/><V73/><F73/><W125/><G9/><T29/><D71/><U90/><E90/><V94/><F104/><W52/><G52/><T109/><D106/><U101/><E101/><V95/><F94/><W26/><AGARI ba="0,0" hai="12,16,19,20,22,26,76,78,124,125,127" m="30775" machi="26" ten="30,6000,0" yaku="18,1,52,1,54,1" doraHai="49" who="3" fromWho="3" sc="210,-20,163,-20,190,-20,437,60" owari="190,-1.0,143,-35.7,170,-23.0,497,59.7" /></mjloggm>