<mjloggm ver="2.3"><GO type="225" lobby="0"/><UN n0="%E6%A1%9C%E8%8A%B1%E9%96%83%E3%80%85" n1="%E4%B8%89%E5%88%86%E5%B0%8F%E5%83%A7" n2="%E3%81%BD%E3%81%A1%E3%81%9F%E3%81%93%E3%82%84" n3="%E7%9A%AE%E3%80%85" dan="17,16,17,16" rate="2205.48,2109.75,2183.86,2086.08" sx="M,M,M,M"/><TAIKYOKU oya="0"/><INIT seed="0,0,0,5,0,83" ten="250,250,250,250" oya="0" hai0="98,135,42,115,61,47,62,48,95,37,82,101,54" hai1="85,106,127,23,114,109,113,6,78,72,7,59,133" hai2="103,16,0,124,32,19,131,28,91,1,53,119,60" hai3="15,51,26,99,24,134,108,71,92,68,44,88,112"/><T94/><D115/><N who="1" m="44043" /><E109/><V67/><F131/><W65/><G112/><T69/><D135/><U96/><E72/><V102/><F124/><W14/><G108/><T58/><D82/><N who="1" m="47319" /><E127/><V10/><F119/><W76/><G134/><T117/><D117/><U110/><E110/><V81/><F53/><W18/><G76/><T70/><D62/><U20/><E133/><V77/><F91/><W41/><G14/><T34/><D34/><U75/><E75/><V29/><F81/><W11/><REACH who="3" step="1"/><G65/><REACH who="3" ten="250,250,250,240" step="2"/><N who="0" m="41135" /><D70/><AGARI ba="0,1" hai="11,15,18,24,26,41,44,51,68,70,71,88,92,99" machi="70" ten="40,2600,0" yaku="1,1,54,1,53,0" doraHai="83" doraHaiUra="122" who="3" fromWho="0" sc="250,-26,250,0,250,0,240,36" /><INIT seed="1,0,0,3,1,30" ten="224,250,250,276" oya="1" hai0="121,101,44,110,135,62,46,16,120,40,0,105,68" hai1="37,3,99,63,119,87,39,28,125,66,109,82,81" hai2="60,108,33,93,69,49,64,91,43,126,19,31,113" hai3="102,21,27,76,65,73,96,123,86,127,2,70,50"/><U74/><E119/><V129/><F108/><W130/><G123/><N who="0" m="47179" /><D110/><U116/><E116/><V124/><F129/><W100/><G130/><T18/><D0/><U92/><E109/><V132/><F132/><W6/><G73/><T10/><D135/><U25/><E3/><V103/><F103/><W106/><G102/><T53/><D10/><U29/><E29/><V22/><F113/><W41/><G127/><N who="2" m="48681" /><F31/><W94/><G6/><T54/><D46/><U84/><E74/><V107/><F107/><W12/><G2/><T24/><D68/><U61/><E125/><V32/><F49/><W38/><G38/><N who="0" m="21527" /><D62/><U47/><E47/><V45/><F45/><W11/><G70/><T5/><D5/><U134/><E134/><V88/><F43/><W15/><G41/><T117/><D117/><U90/><E63/><V67/><F64/><W85/><G65/><T80/><D80/><U131/><E82/><V122/><F122/><W4/><G50/><T98/><D24/><U133/><E131/><V112/><F112/><W9/><G27/><T128/><D128/><U13/><E133/><V52/><F52/><AGARI ba="0,0" hai="16,18,52,53,54,98,101,105" m="21527,47179" machi="52" ten="30,3900,0" yaku="13,1,54,2" doraHai="30" who="0" fromWho="2" sc="224,39,250,0,250,-39,276,0" /><INIT seed="2,0,0,3,0,4" ten="263,250,211,276" oya="2" hai0="41,77,3,62,100,60,51,50,86,12,33,91,105" hai1="90,82,94,64,47,58,15,42,73,134,63,120,54" hai2="17,30,28,122,65,29,79,121,124,36,88,38,135" hai3="48,45,118,23,39,31,71,78,113,107,53,34,108"/><V25/><F135/><W27/><G118/><T115/><D3/><U10/><E134/><V125/><F79/><W46/><G107/><T56/><D115/><U109/><E109/><V52/><F65/><W35/><G71/><T26/><D77/><U110/><E110/><V13/><F25/><W20/><G108/><T119/><D119/><U21/><E21/><V127/><F52/><W72/><G113/><T6/><D100/><U69/><E82/><V66/><F66/><W37/><G35/><T5/><D105/><U126/><E73/><V59/><F59/><W95/><G95/><T130/><D130/><U7/><E126/><V84/><F122/><W32/><G32/><T70/><D60/><U102/><E102/><V96/><F96/><W57/><G39/><T116/><D41/><U83/><E83/><N who="2" m="49183" /><F121/><W98/><G98/><T74/><D74/><U1/><E120/><V101/><F101/><W93/><G37/><T89/><D50/><U114/><E114/><V85/><F85/><W87/><G72/><T11/><D86/><N who="1" m="52567" /><E1/><V111/><F111/><W76/><G34/><T112/><D112/><U123/><E123/><V80/><F80/><W103/><G20/><AGARI ba="0,0" hai="13,17,20,28,29,30,36,38,124,125,127" m="49183" machi="20" ten="40,3900,0" yaku="18,1,54,1" doraHai="4" who="2" fromWho="3" sc="263,0,250,0,211,39,276,-39" /><INIT seed="2,1,0,4,4,13" ten="263,250,250,237" oya="2" hai0="25,24,94,127,97,64,92,105,7,34,37,23,58" hai1="53,76,85,124,45,17,47,79,14,77,5,93,121" hai2="88,38,89,114,33,90,117,68,44,108,10,118,3" hai3="100,107,72,99,42,65,56,84,106,4,30,15,86"/><V129/><F114/><W8/><G72/><T70/><D37/><U87/><E124/><V112/><F112/><W12/><G107/><T32/><D127/><U16/><E121/><V62/><F33/><W57/><G42/><T131/><D131/><U71/><E71/><V66/><F129/><W39/><G39/><T98/><D70/><U80/><E93/><V19/><F108/><W54/><G30/><T51/><D105/><U9/><E87/><V40/><REACH who="2" step="1"/><F19/><REACH who="2" ten="263,250,240,237" step="2"/><N who="1" m="7241" /><E53/><V26/><F26/><W78/><G54/><T29/><D25/><U74/><E74/><V0/><F0/><W22/><G15/><T20/><D34/><U122/><E122/><V18/><F18/><W49/><G12/><T60/><D32/><U1/><E1/><V95/><F95/><W102/><G106/><T82/><D94/><U43/><E43/><V2/><F2/><W111/><G22/><T28/><D92/><U36/><E36/><V113/><F113/><W91/><G8/><T128/><D128/><U50/><E50/><V130/><F130/><W75/><G49/><T115/><D115/><U31/><E31/><V6/><AGARI ba="1,1" hai="3,6,10,38,40,44,62,66,68,88,89,90,117,118" machi="6" ten="30,6000,0" yaku="1,1,0,1,54,1,53,0" doraHai="13" doraHaiUra="134" who="2" fromWho="2" sc="263,-21,250,-21,240,73,237,-21" /><INIT seed="2,2,0,2,4,32" ten="242,229,313,216" oya="2" hai0="94,54,62,124,1,82,109,126,91,83,0,55,39" hai1="35,118,18,135,116,8,96,51,128,63,30,119,84" hai2="81,95,3,113,61,114,134,42,111,31,45,46,90" hai3="120,129,5,78,89,77,121,34,49,20,87,75,125"/><V11/><F134/><W112/><G34/><T86/><D39/><U131/><E135/><V26/><F81/><N who="0" m="30730" /><D109/><U47/><E84/><V72/><F72/><W7/><G129/><N who="1" m="49738" /><E63/><V92/><F111/><W100/><G125/><N who="0" m="48235" /><D62/><U53/><E96/><V115/><F61/><W15/><G112/><T99/><D99/><U56/><E35/><V37/><F46/><W122/><G49/><T22/><D22/><U36/><E30/><V44/><F45/><W23/><G75/><T70/><D70/><U71/><E71/><V40/><F40/><W65/><G65/><T103/><D103/><U28/><E28/><V127/><F127/><W6/><G100/><T117/><D117/><U107/><E107/><V101/><F101/><W79/><G15/><T130/><D130/><U12/><E118/><V43/><F43/><AGARI ba="2,0" hai="8,12,18,36,43,47,51,53,56,116,119" m="49738" machi="43" ten="30,1000,0" yaku="19,1" doraHai="32" who="1" fromWho="2" sc="242,0,229,16,313,-16,216,0" /><INIT seed="3,0,0,3,0,90" ten="242,245,297,216" oya="3" hai0="88,121,107,99,78,67,116,92,43,115,23,127,124" hai1="128,40,48,38,72,118,25,112,6,39,64,133,50" hai2="113,69,86,104,87,108,73,15,65,70,85,132,13" hai3="119,84,14,62,28,5,122,1,56,74,111,8,54"/><W21/><G119/><T110/><D121/><U117/><E72/><V94/><F104/><W93/><G122/><T19/><D116/><N who="1" m="44651" /><E6/><V123/><F73/><W35/><G74/><T71/><D110/><U46/><E25/><V82/><F113/><W63/><G111/><T20/><D115/><U130/><E112/><V4/><F132/><W100/><G35/><T7/><D78/><U11/><E11/><V60/><F70/><W17/><G28/><T81/><D81/><U101/><E101/><V37/><F4/><W45/><G45/><T68/><D43/><U42/><E64/><V80/><F108/><W53/><G100/><N who="0" m="62879" /><D7/><U33/><E33/><V57/><F123/><W134/><G134/><T97/><D67/><U129/><E133/><V29/><F29/><W41/><G41/><N who="1" m="15978" /><E46/><V125/><F69/><N who="0" m="26698" /><D19/><U106/><E106/><V16/><F65/><W34/><G34/><T98/><D98/><U22/><E22/><V12/><F16/><W96/><G96/><T120/><D120/><U103/><E103/><V105/><F105/><W3/><G3/><T27/><D27/><U131/><E131/><V44/><F44/><W126/><G54/><T30/><D30/><U77/><E77/><V75/><F75/><W89/><G126/><AGARI ba="0,0" hai="20,23,88,92,97,124,126,127" m="26698,62879" machi="126" ten="30,3900,0" yaku="18,1,52,1,54,1" doraHai="90" who="0" fromWho="3" sc="242,39,245,0,297,0,216,-39" /><INIT seed="4,0,0,1,3,20" ten="281,245,297,177" oya="0" hai0="54,70,76,10,50,39,13,57,53,35,108,105,82" hai1="38,107,106,62,26,3,6,41,15,131,74,11,22" hai2="49,5,96,48,36,9,24,75,133,65,129,83,122" hai3="40,85,97,135,31,80,71,117,23,64,7,121,37"/><T93/><D105/><U92/><E74/><V77/><F122/><W113/><G117/><T88/><D35/><U58/><E131/><V127/><F129/><W46/><G121/><T59/><D70/><U123/><E123/><V109/><F109/><W44/><G113/><T79/><D39/><U120/><E120/><V115/><F115/><W95/><G135/><T56/><D108/><U110/><E110/><V124/><F36/><W29/><G7/><N who="0" m="3295" /><D82/><U119/><E119/><V126/><F133/><W60/><G46/><N who="0" m="27863" /><D54/><U78/><E3/><N who="2" m="191" /><F65/><W30/><G80/><T98/><AGARI ba="0,0" hai="56,57,59,76,79,88,93,98" m="27863,3295" machi="98" ten="30,3000,0" yaku="8,1,54,1" doraHai="20" who="0" fromWho="0" sc="281,30,245,-10,297,-10,177,-10" owari="311,41.1,235,-16.5,287,8.7,167,-33.3" /></mjloggm>