<mjloggm ver="2.3"><GO type="225" lobby="0"/><UN n0="%E3%83%97%E3%83%AC%E3%83%B4%E3%82%A1%E3%83%86%E3%82%A3" n1="%E7%99%BD%E6%97%A5%E9%9B%AA%E8%8F%9C" n2="%E3%82%B2%E3%82%B9%E8%8C%82%E5%8B%9D" n3="%E3%81%8B%E3%82%8F%E3%81%A1%E3%82%83%E3%82%93%35%38" dan="16,17,16,16" rate="2086.89,2248.10,2088.02,2174.00" sx="F,M,F,M"/><TAIKYOKU oya="0"/><INIT seed="0,0,0,5,3,108" ten="250,250,250,250" oya="0" hai0="25,68,11,16,126,77,121,29,7,8,44,90,2" hai1="88,3,27,52,125,49,119,135,79,55,76,92,17" hai2="129,132,35,20,118,114,102,63,18,5,43,120,9" hai3="64,95,62,71,85,72,24,127,112,19,123,115,78"/><T21/><D68/><U66/><E119/><V80/><F118/><W59/><G72/><T6/><D77/><U61/><E3/><V104/><F120/><W82/><G127/><T60/><D60/><U26/><E135/><V96/><F132/><W34/><G123/><T110/><D121/><U36/><E36/><V15/><F129/><W106/><G95/><T13/><D90/><U10/><E125/><V81/><F35/><W65/><G65/><T28/><D44/><U14/><E27/><V54/><F43/><W22/><G106/><T128/><D126/><U31/><E66/><V99/><F99/><W107/><G107/><T12/><D128/><U111/><E61/><V93/><F104/><W124/><G124/><T89/><D89/><U0/><E0/><V1/><F114/><W46/><G71/><T100/><D100/><U105/><E105/><V117/><F117/><W98/><G98/><T47/><D47/><N who="1" m="27711" /><E55/><V42/><F42/><W37/><REACH who="3" step="1"/><G34/><REACH who="3" ten="250,250,250,240" step="2"/><T75/><D75/><U73/><E73/><V39/><F39/><W30/><G30/><N who="0" m="11883" /><D110/><U33/><E111/><V53/><F53/><W23/><G23/><T40/><D40/><AGARI ba="0,1" hai="19,22,24,37,40,46,59,62,64,78,82,85,112,115" machi="40" ten="40,5200,0" yaku="1,1,52,2,53,0" doraHai="108" doraHaiUra="32" who="3" fromWho="0" sc="250,-52,250,0,250,0,240,62" /><INIT seed="1,0,0,1,4,44" ten="198,250,250,302" oya="1" hai0="123,24,119,74,38,29,26,32,17,18,40,53,78" hai1="15,98,95,90,47,46,13,19,58,49,115,101,56" hai2="87,61,118,79,127,54,122,4,60,45,2,69,135" hai3="34,66,65,117,121,31,28,103,16,14,112,51,75"/><U68/><E68/><V125/><F118/><W109/><G112/><T120/><D119/><U111/><E115/><V3/><F122/><N who="0" m="46634" /><D38/><U133/><E133/><V39/><F135/><W0/><G0/><T37/><D37/><U36/><E36/><V102/><F102/><W82/><G121/><T9/><D40/><U27/><E111/><V134/><F134/><W93/><G75/><T72/><D78/><U114/><E114/><V92/><F69/><W43/><G34/><T132/><D53/><U1/><E1/><V8/><F2/><W10/><G82/><T113/><D113/><U12/><E46/><V129/><F129/><W67/><G109/><T52/><D132/><U20/><REACH who="1" step="1"/><E101/><REACH who="1" ten="198,240,250,302" step="2"/><V124/><F39/><W7/><G117/><T21/><D74/><U80/><E80/><V6/><F45/><N who="3" m="26047" /><G7/><T108/><D72/><U33/><E33/><V22/><F4/><W81/><G81/><T106/><D108/><U62/><E62/><V96/><F61/><W23/><G23/><T128/><D128/><U100/><E100/><V130/><F22/><W131/><G131/><T107/><D9/><U11/><E11/><V89/><F130/><W86/><G103/><T110/><D110/><U64/><E64/><V63/><F54/><AGARI ba="0,1" hai="12,13,15,19,20,27,47,49,54,56,58,90,95,98" machi="54" ten="40,12000,1" yaku="1,1,8,1,52,1,53,1" doraHai="44" doraHaiUra="94" who="1" fromWho="2" sc="198,0,240,130,250,-120,302,0" /><INIT seed="1,1,0,4,1,54" ten="198,370,130,302" oya="1" hai0="48,89,19,63,67,76,51,127,31,90,35,126,33" hai1="61,118,32,111,66,50,119,82,36,133,105,27,132" hai2="68,124,30,41,101,120,29,108,26,6,109,117,69" hai3="83,1,40,34,71,115,99,53,5,62,91,129,3"/><U125/><E105/><V17/><F117/><N who="1" m="44553" /><E125/><N who="0" m="47625" /><D76/><U131/><E82/><V73/><F124/><W57/><G34/><N who="0" m="12811" /><D31/><U21/><E32/><V47/><F73/><W135/><G115/><T56/><D19/><U94/><E94/><V79/><F79/><W121/><G83/><T24/><D24/><U95/><E95/><V100/><F120/><W106/><G106/><T78/><D78/><U104/><E104/><V87/><F87/><W52/><G121/><T43/><D43/><U11/><E27/><V20/><F6/><W42/><G40/><T107/><D107/><U0/><E131/><V123/><F123/><W44/><G5/><T13/><D13/><U37/><E0/><V93/><F93/><W97/><G129/><T110/><D110/><N who="2" m="42602" /><F29/><W22/><G1/><T10/><D10/><U74/><E11/><V59/><F30/><W103/><G3/><T122/><D122/><U112/><E21/><V15/><F15/><W114/><G22/><T80/><D90/><U49/><E111/><V46/><F100/><W116/><G103/><T25/><D25/><U28/><E28/><V14/><F101/><W75/><G91/><T134/><D134/><N who="1" m="51819" /><E74/><V7/><F26/><W81/><G135/><T102/><D102/><U72/><E72/><V88/><F7/><W55/><G75/><T2/><D2/><U16/><E16/><V45/><F88/><W4/><G116/><T64/><D89/><U9/><E9/><V98/><F98/><W113/><G4/><T23/><D80/><U96/><E96/><V84/><F17/><W70/><G99/><T85/><D85/><RYUUKYOKU ba="1,0" sc="198,0,370,0,130,0,302,0" /><INIT seed="2,2,0,2,4,112" ten="198,370,130,302" oya="2" hai0="33,124,85,30,15,125,50,49,79,16,21,103,133" hai1="114,35,119,54,67,48,76,10,44,68,98,58,100" hai2="118,96,31,47,26,92,71,52,88,128,86,29,82" hai3="120,135,39,69,113,18,110,117,75,77,129,13,115"/><V38/><F128/><W122/><RYUUKYOKU type="yao9" ba="2,0" sc="198,0,370,0,130,0,302,0" hai3="13,18,39,69,75,77,110,113,115,117,120,122,129,135" /><INIT seed="2,3,0,1,2,70" ten="198,370,130,302" oya="2" hai0="31,81,111,65,91,17,21,96,135,13,4,11,54" hai1="90,39,119,131,82,134,121,74,104,3,30,97,48" hai2="102,120,130,114,50,40,101,94,10,5,25,26,67" hai3="27,12,58,129,66,122,71,19,89,118,115,112,29"/><V88/><F114/><N who="3" m="43563" /><G71/><T1/><D111/><U83/><E119/><V18/><F130/><W108/><G89/><T51/><D135/><U126/><E3/><V44/><F120/><W49/><G66/><T98/><D65/><U0/><E0/><V28/><F18/><W46/><G58/><T43/><D43/><U85/><E48/><V56/><F56/><W127/><G49/><T9/><D31/><U123/><E30/><V55/><F67/><W105/><G46/><T106/><D21/><U133/><E39/><V52/><F101/><W99/><G99/><T80/><D106/><U57/><E57/><V33/><F25/><W32/><G105/><T128/><D128/><U8/><E8/><V38/><F102/><W69/><G69/><T77/><D81/><U100/><E131/><V78/><F78/><W59/><G59/><T45/><REACH who="0" step="1"/><D91/><REACH who="0" ten="188,370,130,302" step="2"/><U34/><E133/><V23/><F23/><N who="3" m="11751" /><G129/><T86/><AGARI ba="3,1" hai="1,4,9,11,13,17,45,51,54,77,80,86,96,98" machi="86" ten="20,2700,0" yaku="1,1,0,1,7,1,53,0" doraHai="70" doraHaiUra="61" who="0" fromWho="0" sc="188,46,370,-10,130,-16,302,-10" /><INIT seed="3,0,0,3,1,122" ten="234,360,114,292" oya="3" hai0="101,115,0,43,132,110,28,30,38,75,20,63,4" hai1="45,98,13,113,73,105,125,47,58,18,81,131,44" hai2="108,90,100,68,15,25,96,109,27,17,69,107,16" hai3="77,12,124,51,95,3,9,91,60,53,94,127,23"/><W133/><G133/><T120/><D120/><U85/><E113/><V103/><F90/><W102/><G3/><T56/><D115/><U126/><E73/><V61/><F61/><W114/><G114/><T33/><D75/><U82/><E131/><V106/><REACH who="2" step="1"/><F15/><REACH who="2" ten="234,360,104,292" step="2"/><W93/><G91/><T34/><D132/><U14/><E14/><V112/><F112/><W46/><G12/><T83/><D0/><U29/><E13/><V26/><F26/><W1/><G60/><T116/><D63/><U128/><E128/><V71/><F71/><W10/><G1/><T59/><D101/><U119/><E119/><V6/><F6/><W24/><G102/><T21/><D4/><U64/><E126/><N who="3" m="48170" /><G77/><T118/><D83/><U39/><E82/><V32/><F32/><W42/><G42/><T123/><D123/><U7/><E81/><V11/><F11/><W74/><G74/><T67/><D43/><U70/><E70/><V40/><F40/><W121/><G121/><T50/><D67/><U37/><E64/><V31/><F31/><AGARI ba="0,1" hai="9,10,23,24,31,46,51,53,93,94,95" m="48170" machi="31" ten="30,1500,0" yaku="18,1" doraHai="122" who="3" fromWho="2" sc="234,0,360,0,104,-15,292,25" /><INIT seed="3,1,0,4,5,106" ten="234,360,89,317" oya="3" hai0="64,84,68,129,40,92,113,111,46,54,90,9,6" hai1="101,11,7,21,74,70,99,89,132,114,25,102,86" hai2="88,124,107,15,14,98,41,126,97,34,45,121,100" hai3="104,112,18,16,23,8,131,130,0,29,22,61,60"/><W10/><G104/><T56/><D111/><U31/><E114/><V79/><F34/><W53/><G29/><T3/><D113/><U43/><E74/><V78/><F121/><W82/><G112/><T12/><D129/><N who="3" m="49161" /><G82/><T108/><D108/><U20/><E70/><V69/><F69/><W73/><G73/><T135/><D135/><U66/><E66/><V32/><F32/><W116/><G116/><T67/><D3/><U57/><E132/><V91/><F107/><W49/><G22/><T96/><D68/><U50/><E21/><V110/><F110/><W13/><G0/><T80/><D56/><U120/><E120/><V26/><F26/><N who="3" m="14695" /><G8/><T36/><D54/><N who="1" m="31959" /><E43/><V1/><F1/><W134/><G134/><T47/><D47/><AGARI ba="1,0" hai="10,13,18,47,49,53,60,61" m="14695,49161" machi="47" ten="30,2900,0" yaku="19,1,54,1" doraHai="106" who="3" fromWho="0" sc="234,-32,360,0,89,0,317,32" /><INIT seed="3,2,0,0,2,61" ten="202,360,89,349" oya="3" hai0="44,32,53,90,38,30,57,11,72,110,47,37,64" hai1="0,59,93,49,77,26,81,65,126,18,9,97,2" hai2="41,130,5,117,12,46,68,119,105,43,14,63,122" hai3="20,27,55,16,51,60,22,17,131,124,103,69,99"/><W28/><G124/><T3/><D72/><U94/><E126/><V127/><F105/><W54/><G131/><T23/><D110/><U129/><E129/><V36/><F127/><W40/><G40/><T70/><D32/><U10/><E0/><V108/><F130/><W85/><G85/><T1/><D11/><N who="1" m="4107" /><E2/><V62/><F5/><W58/><G22/><T80/><D23/><N who="1" m="13687" /><E97/><V121/><F46/><W34/><G34/><T33/><D30/><U7/><E7/><V95/><F95/><N who="1" m="36361" /><E77/><V76/><F76/><W134/><G134/><T13/><D13/><U104/><E104/><V39/><REACH who="2" step="1"/><F68/><REACH who="2" ten="202,360,79,349" step="2"/><W83/><G69/><T31/><D70/><U133/><E133/><V92/><F92/><N who="3" m="58855" /><G83/><T50/><D80/><U4/><E81/><V79/><F79/><W112/><G112/><T71/><D71/><U100/><E4/><V73/><F73/><W56/><AGARI ba="2,1" hai="16,17,20,27,28,51,54,55,56,58,60" m="58855" machi="56" ten="30,3000,0" yaku="8,1,54,1" doraHai="61" who="3" fromWho="3" sc="202,-12,360,-12,79,-12,349,46" owari="190,-21.0,348,14.8,67,-43.3,395,49.5" /></mjloggm>