<mjloggm ver="2.3"><GO type="225" lobby="0"/><UN n0="%E6%A1%9C%E8%8A%B1%E9%96%83%E3%80%85" n1="%E3%81%99%E3%81%84%E3%81%BE%E3%81%9B%E3%83%BC%E3%82%93" n2="%72%69%6F%75%63%68%61%6E" n3="%E6%80%AA%E3%81%97%E3%81%99%E3%81%8E%E3%82%8B%E3%83%81%E3%83%BC" dan="17,16,17,16" rate="2239.71,2151.16,2247.31,2142.44" sx="M,M,M,M"/><TAIKYOKU oya="0"/><INIT seed="0,0,0,0,4,107" ten="250,250,250,250" oya="0" hai0="90,95,97,119,84,10,65,23,88,29,3,87,35" hai1="5,54,122,50,13,73,18,78,109,130,127,80,62" hai2="59,128,101,38,52,115,106,112,31,17,22,93,32" hai3="72,108,135,125,19,56,49,28,14,11,133,91,132"/><T26/><D119/><U121/><E109/><V21/><F106/><W63/><G108/><T117/><D117/><U6/><E127/><V2/><F128/><W7/><G125/><T126/><D126/><U16/><E130/><V64/><F38/><W111/><G111/><T47/><D65/><U86/><E62/><V105/><F105/><W74/><G28/><T100/><D35/><U46/><E86/><V36/><F36/><W129/><G49/><T55/><D3/><U51/><E51/><V77/><F2/><W98/><G7/><T4/><D10/><U116/><E116/><V134/><F134/><W48/><G48/><N who="0" m="29087" /><D4/><U24/><E5/><V124/><F124/><W75/><G129/><T42/><D42/><U37/><E37/><V39/><F39/><W12/><G12/><T70/><D70/><U85/><E73/><V0/><F0/><W81/><G98/><T43/><D43/><U113/><E113/><V60/><F32/><W15/><G15/><T114/><D114/><U9/><REACH who="1" step="1"/><E24/><REACH who="1" ten="250,240,250,250" step="2"/><N who="2" m="16783" /><F115/><W83/><G91/><AGARI ba="0,1" hai="23,26,29,84,87,88,90,91,95,97,100" m="29087" machi="91" ten="30,2900,0" yaku="8,1,54,1" doraHai="107" who="0" fromWho="3" sc="250,39,240,0,250,0,250,-29" /><INIT seed="0,1,0,4,2,18" ten="289,240,250,221" oya="0" hai0="8,68,65,42,60,30,113,12,31,105,37,1,45" hai1="24,15,63,131,99,70,97,0,7,51,29,33,49" hai2="59,90,14,66,86,21,117,128,101,17,55,67,3" hai3="119,78,10,64,123,39,23,36,4,118,44,46,35"/><T122/><D113/><U20/><E131/><V22/><F128/><W95/><G35/><T13/><D122/><U134/><E134/><V74/><F74/><W54/><G123/><T85/><D105/><U41/><E70/><V115/><F115/><W72/><G64/><N who="2" m="24617" /><F3/><W83/><G95/><T53/><D85/><U127/><E63/><N who="2" m="36351" /><F117/><W93/><G93/><T77/><D77/><U103/><E127/><V16/><F101/><W69/><G69/><T40/><D40/><U47/><E51/><V58/><F58/><W121/><G121/><T5/><REACH who="0" step="1"/><D53/><REACH who="0" ten="279,240,250,221" step="2"/><U27/><E41/><V98/><F98/><W82/><G54/><T112/><D112/><U34/><E99/><V111/><F111/><W62/><G78/><T129/><D129/><U56/><E97/><V71/><F71/><W89/><G118/><T125/><D125/><U52/><E52/><V43/><F43/><W2/><G119/><T102/><D102/><U116/><E103/><V94/><F17/><W133/><G72/><T91/><D91/><U132/><E116/><V61/><F61/><W73/><G89/><T84/><D84/><U106/><E106/><V87/><F86/><W6/><G73/><T126/><D126/><U135/><E56/><V80/><F80/><W120/><G82/><T76/><D76/><U32/><E29/><AGARI ba="1,1" hai="1,5,8,12,13,29,30,31,37,42,45,60,65,68" machi="29" ten="40,2000,0" yaku="1,1,53,0" doraHai="18" doraHaiUra="124" who="0" fromWho="1" sc="279,33,240,-23,250,0,221,0" /><INIT seed="0,2,0,2,5,113" ten="312,217,250,221" oya="0" hai0="22,57,125,18,55,128,77,126,122,85,114,119,4" hai1="118,88,56,35,2,15,132,10,8,97,116,28,105" hai2="58,65,37,102,32,51,92,40,104,31,73,29,81" hai3="96,115,52,38,53,75,109,66,130,44,117,93,87"/><T120/><D114/><U47/><E132/><V27/><F29/><W91/><G75/><T78/><D4/><U101/><E2/><V83/><F104/><W74/><G115/><T49/><D128/><U135/><E135/><V121/><F121/><N who="0" m="46698" /><D85/><U110/><E110/><V106/><F106/><W90/><G74/><T12/><D119/><U23/><E35/><V48/><F37/><W6/><G117/><T42/><D42/><U127/><E127/><AGARI ba="2,0" hai="12,18,22,49,55,57,77,78,125,126,127" m="46698" machi="127" ten="30,1500,0" yaku="18,1" doraHai="113" who="0" fromWho="1" sc="312,21,217,-21,250,0,221,0" /><INIT seed="0,3,0,4,2,99" ten="333,196,250,221" oya="0" hai0="65,31,84,125,90,1,41,7,20,78,64,108,80" hai1="18,119,79,129,42,121,103,72,19,132,37,69,118" hai2="12,81,60,49,5,30,73,34,94,44,4,122,58" hai3="51,10,115,9,97,107,62,105,89,86,88,114,77"/><T39/><D125/><U87/><E72/><V116/><F122/><W112/><G51/><T96/><D1/><U16/><E121/><V28/><F116/><W8/><G62/><T21/><D7/><U63/><E129/><V0/><F0/><W46/><G46/><T66/><D108/><U50/><E37/><V35/><F35/><W52/><G52/><T23/><D39/><U56/><E132/><V113/><F113/><W133/><G133/><T130/><D130/><U123/><E123/><V134/><F134/><W3/><G3/><T40/><REACH who="0" step="1"/><D31/><REACH who="0" ten="323,196,250,221" step="2"/><U67/><E119/><V93/><F28/><W95/><REACH who="3" step="1"/><G77/><REACH who="3" ten="323,196,250,211" step="2"/><T70/><D70/><U104/><E69/><V17/><F30/><W43/><G43/><T74/><D74/><U57/><E118/><V54/><F73/><W109/><G109/><T14/><D14/><U76/><E42/><V117/><F12/><W59/><G59/><T128/><D128/><U22/><E79/><V36/><F58/><W27/><G27/><T131/><D131/><U38/><E57/><V101/><F117/><W110/><G110/><T85/><D85/><U92/><E76/><V75/><F75/><W29/><G29/><T120/><D120/><U71/><E87/><V68/><F68/><W61/><G61/><T55/><D55/><N who="1" m="31863" /><E38/><V48/><F36/><W124/><G124/><T126/><D126/><U45/><E71/><V91/><F54/><W82/><AGARI ba="3,2" hai="8,9,10,82,86,88,89,95,97,105,107,112,114,115" machi="82" ten="40,5200,0" yaku="1,1,0,1,54,1,53,0" doraHai="99" doraHaiUra="32" who="3" fromWho="3" sc="323,-29,196,-16,250,-16,211,81" /><INIT seed="1,0,0,3,3,40" ten="294,180,234,292" oya="1" hai0="18,6,125,43,92,128,39,7,3,17,14,1,16" hai1="19,0,13,84,61,74,64,46,22,26,36,130,30" hai2="79,83,108,101,65,105,109,25,134,94,9,78,82" hai3="24,58,103,33,37,75,60,118,133,107,20,110,106"/><U123/><E74/><N who="2" m="43351" /><F65/><W120/><G120/><T32/><D92/><U12/><E123/><V66/><F66/><W71/><G37/><T119/><D43/><U121/><E121/><V102/><F25/><W122/><G75/><T47/><D47/><U15/><E0/><N who="0" m="73" /><D39/><U111/><E130/><V23/><F23/><W93/><G110/><N who="2" m="42601" /><F9/><W90/><G133/><T127/><D128/><U95/><E111/><V63/><F63/><W80/><G33/><T34/><D119/><U54/><E30/><V31/><F31/><W11/><G11/><N who="0" m="4479" /><D6/><U98/><E36/><V73/><F105/><W62/><G107/><T42/><D42/><U51/><E84/><V57/><F57/><W49/><G106/><T112/><D112/><U91/><REACH who="1" step="1"/><E12/><REACH who="1" ten="294,170,234,292" step="2"/><V27/><F134/><W28/><G122/><T113/><D113/><U10/><E10/><V89/><F27/><W8/><G24/><T87/><D87/><AGARI ba="0,1" hai="73,79,83,87,89,94,101,102" m="42601,43351" machi="87" ten="30,3900,0" yaku="14,1,34,2" doraHai="40" who="2" fromWho="0" sc="294,-39,170,0,234,49,292,0" /><INIT seed="2,0,0,4,3,84" ten="255,170,283,292" oya="2" hai0="38,16,10,14,121,97,128,67,33,6,51,64,111" hai1="3,131,85,59,78,76,45,40,107,12,105,50,124" hai2="47,32,39,61,123,46,34,77,44,94,1,42,71" hai3="108,36,57,0,102,87,22,7,120,90,75,95,25"/><V18/><F123/><W60/><G120/><T31/><D121/><U11/><E3/><V72/><F1/><W119/><G119/><T23/><D38/><U127/><E131/><V82/><F18/><W26/><G108/><T79/><D111/><U21/><E21/><V99/><F46/><W122/><G75/><T125/><D128/><U98/><E59/><V80/><F82/><W113/><G113/><T100/><D125/><U115/><E115/><V116/><F116/><W129/><G36/><T66/><D79/><U96/><E96/><V56/><F47/><W101/><G122/><T83/><D83/><N who="1" m="47335" /><E78/><V48/><F71/><W92/><G129/><T29/><D33/><U54/><E54/><V132/><F132/><W5/><G25/><T58/><D58/><U15/><E15/><V91/><REACH who="2" step="1"/><F39/><REACH who="2" ten="255,170,273,292" step="2"/><W93/><G0/><T41/><D31/><U70/><E70/><V43/><F43/><W49/><G7/><T89/><D29/><U24/><E127/><V104/><F104/><W134/><G5/><T65/><D41/><U130/><E130/><V4/><F4/><W13/><G134/><T109/><D109/><U103/><E124/><V81/><F81/><W27/><G93/><T133/><D133/><U69/><E69/><V112/><F112/><W2/><G95/><T118/><D118/><U74/><E74/><V8/><F8/><W17/><G92/><T37/><D10/><U62/><E107/><V86/><F86/><W63/><G87/><T110/><N who="0" m="16384" /><DORA hai="28" /><T9/><D37/><U52/><E11/><V117/><F117/><W35/><G2/><RYUUKYOKU ba="0,1" sc="255,-10,170,-10,273,30,292,-10" hai2="32,34,42,44,48,56,61,72,77,80,91,94,99" /><INIT seed="2,1,1,1,2,24" ten="245,160,303,282" oya="2" hai0="88,99,32,36,0,70,65,89,47,23,49,68,59" hai1="79,123,98,110,27,125,55,83,37,54,119,85,105" hai2="82,5,43,76,58,60,80,127,78,38,135,102,133" hai3="121,39,16,71,73,62,7,45,112,21,41,101,19"/><V118/><F118/><W61/><G121/><T57/><D32/><U94/><E119/><V30/><F127/><W87/><G112/><T124/><D124/><U90/><E125/><V46/><F102/><W12/><G73/><T75/><D0/><U15/><E123/><V29/><F5/><W33/><G33/><T11/><D75/><U2/><E2/><V14/><F14/><W3/><G71/><T1/><D36/><U116/><E116/><V20/><F20/><W42/><G42/><T56/><D23/><U50/><E37/><V107/><F107/><W95/><G19/><T106/><D106/><U8/><E110/><V69/><F69/><W52/><G52/><T109/><D99/><U113/><E113/><V25/><F25/><W120/><G120/><T35/><D35/><U63/><E63/><V53/><F82/><W96/><REACH who="3" step="1"/><G87/><REACH who="3" ten="245,160,303,272" step="2"/><T91/><D109/><U126/><E126/><V86/><REACH who="2" step="1"/><F76/><REACH who="2" ten="245,160,293,272" step="2"/><W74/><G74/><T84/><D68/><U132/><E79/><V34/><F34/><W18/><G18/><T134/><D70/><U81/><E105/><V128/><F128/><W4/><G4/><T22/><D22/><U17/><E17/><V44/><F44/><W100/><G100/><T104/><D47/><U67/><E8/><AGARI ba="1,3" hai="3,7,8,12,16,21,39,41,45,61,62,95,96,101" machi="8" ten="40,2600,0" yaku="1,1,54,1,53,0" doraHai="24" doraHaiUra="28" who="3" fromWho="1" sc="245,0,160,-29,293,0,272,59" /><INIT seed="3,0,0,3,3,51" ten="245,131,293,331" oya="3" hai0="43,40,119,48,86,19,58,96,120,90,81,47,59" hai1="111,99,74,3,29,72,98,25,92,77,76,35,38" hai2="110,50,122,105,57,46,33,89,78,114,112,37,6" hai3="103,21,31,12,14,49,67,109,11,94,127,128,97"/><W121/><G121/><T134/><D120/><U131/><E111/><V123/><F105/><W69/><G109/><T62/><D119/><U44/><E131/><V73/><F33/><W113/><G113/><N who="2" m="43625" /><F89/><W13/><G127/><T135/><D43/><U2/><E92/><V26/><F26/><N who="3" m="16847" /><G69/><T34/><D34/><U88/><E88/><V91/><F91/><W80/><G80/><T87/><D96/><U115/><E115/><V17/><F17/><N who="3" m="8351" /><G67/><T95/><D19/><U130/><E130/><V5/><F110/><W84/><G84/><T54/><D134/><U20/><E20/><V39/><F5/><W64/><G64/><T118/><D135/><U52/><E38/><N who="2" m="14347" /><F6/><W82/><G82/><T22/><D118/><U36/><E36/><V133/><F73/><W68/><G68/><T1/><D1/><U100/><E74/><V18/><F18/><W132/><G132/><T15/><D15/><U107/><E99/><V104/><F104/><W63/><G63/><T28/><D81/><U93/><E107/><V117/><F133/><W83/><G83/><T23/><D87/><U53/><E72/><V7/><F117/><W45/><G128/><T9/><D28/><U70/><E70/><V60/><F7/><W75/><G75/><T16/><D9/><U10/><E10/><V32/><F32/><W129/><G129/><T56/><D22/><U27/><E27/><V66/><F78/><W125/><G125/><T30/><D30/><U4/><E4/><V102/><F102/><W65/><G65/><T124/><D124/><U24/><E77/><V126/><F126/><RYUUKYOKU ba="0,0" sc="245,10,131,-30,293,10,331,10" hai0="16,23,40,47,48,54,56,58,59,62,86,90,95" hai2="46,50,57,60,66,122,123" hai3="13,14,45,49,94,97,103" owari="255,-14.5,101,-39.9,303,10.3,341,44.1" /></mjloggm>