<mjloggm ver="2.3"><GO type="225" lobby="0"/><UN n0="%E8%90%BD%E6%97%A5" n1="%E7%8D%A3%E8%87%AD%E3%81%84%E8%82%89%E7%90%83" n2="%E6%B4%BE%E9%81%A3%E3%81%AE%E3%82%B8%E3%83%A3%E3%83%83%E3%82%AF" n3="%30%2E%31%32%30" dan="17,16,17,16" rate="2229.24,2115.89,2194.66,2153.21" sx="F,M,M,M"/><TAIKYOKU oya="0"/><INIT seed="0,0,0,1,2,29" ten="250,250,250,250" oya="0" hai0="4,95,103,64,8,93,0,26,96,116,100,72,134" hai1="63,123,135,94,111,87,118,90,27,120,121,131,54" hai2="105,110,22,21,133,88,9,10,91,50,17,80,78" hai3="124,55,60,128,70,76,5,62,6,23,130,36,14"/><T67/><D116/><U1/><E1/><V49/><F110/><W97/><G36/><T46/><D134/><U47/><E118/><V104/><F78/><W11/><G124/><T65/><D72/><U51/><E135/><V85/><F133/><W82/><G97/><T112/><D112/><U126/><E111/><V102/><F102/><W77/><G23/><T13/><D0/><U59/><E126/><V44/><F44/><W56/><G6/><T99/><D46/><U98/><E131/><N who="3" m="50218" /><G82/><T7/><REACH who="0" step="1"/><D26/><REACH who="0" ten="240,250,250,250" step="2"/><U39/><E27/><V28/><F28/><W108/><G108/><T106/><D106/><U31/><E31/><V24/><F104/><W61/><G70/><T107/><D107/><U75/><E75/><V122/><F105/><W74/><G74/><T42/><D42/><U84/><REACH who="1" step="1"/><E39/><REACH who="1" ten="240,240,250,250" step="2"/><V89/><F122/><W57/><G57/><T15/><D15/><U25/><E25/><V3/><F3/><W83/><G14/><T101/><D101/><U33/><E33/><V19/><F24/><W48/><G56/><T92/><D92/><U18/><E18/><AGARI ba="0,2" hai="4,7,8,13,18,64,65,67,93,95,96,99,100,103" machi="18" ten="40,7700,0" yaku="1,1,9,1,8,1,53,0" doraHai="29" doraHaiUra="38" who="0" fromWho="1" sc="240,97,240,-77,250,0,250,0" /><INIT seed="0,1,0,4,3,10" ten="337,163,250,250" oya="0" hai0="21,40,5,84,53,50,118,65,69,7,24,102,6" hai1="49,70,80,87,97,125,121,78,128,60,131,124,31" hai2="66,135,47,29,95,54,46,113,83,73,72,22,93" hai3="77,19,20,25,28,32,98,126,58,15,114,34,51"/><T89/><D118/><U39/><E39/><V1/><F113/><W11/><G126/><N who="1" m="48746" /><E31/><V85/><F1/><W35/><G77/><T8/><D40/><U110/><E49/><V81/><F66/><W106/><G114/><T129/><D129/><N who="1" m="49739" /><E60/><V112/><F112/><W64/><G64/><T26/><D102/><U122/><E70/><V33/><F33/><W90/><G106/><T82/><D65/><U67/><E67/><V45/><F54/><W62/><G51/><T43/><D43/><U115/><E115/><V99/><F29/><W127/><G127/><T68/><D26/><U116/><E116/><V76/><F22/><W55/><G11/><T41/><D41/><U52/><E52/><V56/><F56/><W105/><G105/><T100/><D100/><U86/><E110/><V4/><F4/><W44/><G44/><T88/><D68/><U92/><E87/><V2/><F46/><W0/><G0/><T134/><D69/><U74/><E74/><V36/><F85/><W133/><G32/><T9/><D53/><U79/><E79/><V104/><F76/><W91/><G34/><T120/><D50/><U18/><E18/><V101/><F36/><W119/><G119/><T14/><D7/><U108/><E108/><V63/><F63/><W38/><G38/><T27/><D6/><U30/><E30/><V123/><F47/><W59/><G35/><T13/><D5/><U23/><E23/><V107/><F45/><W132/><G59/><T3/><D21/><U75/><E75/><V130/><F130/><W17/><G20/><T109/><D3/><RYUUKYOKU ba="1,0" sc="337,-10,163,30,250,-10,250,-10" hai1="78,80,86,92,97,121,122" /><INIT seed="1,2,0,4,4,20" ten="327,193,240,240" oya="1" hai0="101,23,66,22,68,52,39,119,48,0,92,47,94" hai1="67,93,117,8,88,1,34,40,25,98,85,120,112" hai2="124,78,81,71,2,83,134,91,61,63,121,108,125" hai3="130,50,9,16,82,44,13,114,95,86,103,128,35"/><U105/><E120/><V17/><F108/><W31/><G114/><T132/><D119/><U3/><E112/><V43/><F121/><W58/><G58/><T46/><D0/><U122/><E122/><V106/><F2/><W37/><G37/><T32/><D32/><U53/><E117/><V79/><F106/><W29/><G95/><T10/><D10/><U55/><E40/><V126/><F43/><W7/><G103/><T28/><D39/><U115/><E115/><V87/><F134/><W109/><G109/><T21/><D47/><U99/><E67/><N who="2" m="41471" /><F61/><W62/><G62/><T14/><D66/><U118/><E118/><V56/><F56/><W77/><G7/><T4/><D68/><U42/><E42/><V49/><F49/><W131/><G35/><T97/><D132/><U89/><E3/><V76/><F17/><W33/><G33/><T84/><D4/><U102/><E1/><V5/><F5/><W133/><G133/><T27/><D14/><U111/><E8/><V30/><F30/><W75/><G75/><AGARI ba="2,0" hai="75,76,78,79,81,83,87,91,124,125,126" m="41471" machi="75" ten="30,1000,0" yaku="18,1" doraHai="20" who="2" fromWho="3" sc="327,0,193,0,240,16,240,-16" /><INIT seed="2,0,0,2,3,91" ten="327,193,256,224" oya="2" hai0="8,66,17,31,68,1,122,133,34,105,24,61,53" hai1="92,131,41,16,58,48,71,56,45,57,15,43,5" hai2="59,4,14,95,98,35,19,30,26,50,75,100,111" hai3="60,18,7,85,104,69,94,13,54,63,42,77,97"/><V0/><F75/><W10/><G42/><T123/><D133/><U124/><E131/><V115/><F115/><W88/><G69/><T127/><D127/><U87/><E124/><V116/><F116/><W107/><G107/><T62/><D62/><N who="3" m="23593" /><G104/><T67/><D67/><U110/><E71/><V86/><F111/><W132/><G132/><T52/><D105/><U114/><E110/><V65/><F65/><W129/><G129/><T3/><D17/><U81/><E114/><V25/><F25/><W11/><G54/><T33/><D33/><U40/><E5/><V93/><F0/><W9/><G7/><T126/><D126/><U74/><E74/><V37/><F37/><W29/><G29/><T106/><D106/><U118/><E118/><V79/><F4/><W103/><G103/><T83/><D8/><N who="3" m="3177" /><G77/><T134/><D134/><U120/><E120/><V39/><F39/><W12/><G12/><T20/><D1/><U113/><E113/><V6/><F6/><W90/><G90/><T102/><D34/><U80/><E41/><V99/><F14/><W119/><G119/><T70/><D3/><U28/><E40/><V135/><F135/><W27/><G27/><T47/><D70/><U32/><E28/><V108/><F108/><W109/><G109/><T38/><D102/><U21/><E32/><V130/><F130/><W55/><G55/><N who="0" m="21067" /><D38/><U44/><E44/><V2/><F2/><W76/><G76/><T125/><D47/><U72/><E72/><V84/><F79/><W22/><N who="3" m="3185" /><W82/><DORA hai="96" /><G97/><T46/><D125/><U89/><AGARI ba="0,0" hai="15,16,21,43,45,48,56,57,58,80,81,87,89,92" machi="89" ten="30,8000,1" yaku="5,1,0,1,8,1,52,1,54,1" doraHai="91,96" who="1" fromWho="1" sc="327,-20,193,80,256,-40,224,-20" /><INIT seed="3,0,0,3,4,55" ten="307,273,216,204" oya="3" hai0="26,133,10,65,24,131,112,30,5,45,72,83,134" hai1="101,109,97,63,94,96,100,108,33,68,105,130,28" hai2="27,122,34,50,125,98,36,85,38,53,103,15,64" hai3="31,102,90,95,39,135,4,118,104,54,51,61,129"/><W110/><G118/><T11/><D131/><U80/><E130/><V60/><F125/><W119/><G119/><T21/><D112/><U35/><E80/><V58/><F15/><W9/><G129/><T107/><D107/><U82/><E82/><V14/><F14/><N who="3" m="5415" /><G39/><T77/><D65/><N who="1" m="41023" /><E33/><V127/><F127/><W18/><G104/><T132/><D5/><U74/><E74/><V44/><F122/><W114/><G114/><T52/><D26/><AGARI ba="0,0" hai="26,28,35,94,96,97,100,101,105,108,109" m="41023" machi="26" ten="30,1000,0" yaku="25,1" doraHai="55" who="1" fromWho="0" sc="307,-10,273,10,216,0,204,0" /><INIT seed="4,0,0,3,0,1" ten="297,283,216,204" oya="0" hai0="42,90,27,122,35,69,17,24,66,11,127,111,86" hai1="55,67,15,8,36,72,30,31,91,39,118,99,28" hai2="110,52,63,50,115,75,101,26,77,62,97,14,129" hai3="6,5,3,85,4,0,20,49,102,84,124,89,76"/><T95/><D122/><U94/><E118/><V119/><F110/><W7/><G124/><T32/><D127/><U83/><E67/><V13/><F115/><W128/><G128/><T96/><D111/><U78/><REACH who="1" step="1"/><E55/><REACH who="1" ten="297,273,216,204" step="2"/><V116/><F52/><W51/><N who="3" m="1024" /><DORA hai="59" /><W93/><G102/><T113/><D113/><U130/><E130/><V41/><F129/><W23/><G3/><T10/><D42/><U21/><E21/><N who="3" m="8266" /><G0/><T61/><D96/><U16/><AGARI ba="0,1" hai="8,15,16,28,30,31,36,39,72,78,83,91,94,99" machi="16" ten="30,4000,0" yaku="1,1,0,1,54,1,53,0" doraHai="1,59" doraHaiUra="114,120" who="1" fromWho="1" sc="297,-20,273,50,216,-10,204,-10" owari="277,7.7,323,42.3,206,-19.4,194,-30.6" /></mjloggm>