<mjloggm ver="2.3"><GO type="225" lobby="0"/><UN n0="%E3%83%AD%E3%83%83%E3%83%86%E9%9B%80%E7%90%83" n1="%73%69%72%6F%75%74" n2="%31%50%E3%81%9F%E3%81%9D" n3="%E3%81%AF%E3%82%88%E3%81%8A%E3%81%98%E3%81%95%E3%82%93" dan="17,16,16,16" rate="2249.20,2133.21,2111.89,2194.71" sx="M,M,F,M"/><TAIKYOKU oya="0"/><INIT seed="0,0,0,5,4,86" ten="250,250,250,250" oya="0" hai0="92,39,65,30,119,107,115,26,17,105,96,12,117" hai1="20,16,94,95,100,97,108,103,15,132,31,61,116" hai2="3,2,135,38,76,69,67,71,126,114,48,120,125" hai3="87,129,84,27,102,43,25,35,73,47,112,40,50"/><T70/><D115/><U109/><E116/><V124/><F120/><W11/><G112/><T29/><D39/><U134/><E31/><V62/><F114/><W14/><G73/><T118/><D65/><U0/><E0/><N who="2" m="43" /><F135/><N who="1" m="51753" /><E61/><V82/><F48/><W55/><G129/><T85/><D85/><N who="3" m="32841" /><G35/><T111/><D70/><N who="2" m="26634" /><F62/><W57/><G102/><T6/><D6/><U53/><E53/><V18/><F67/><W88/><G88/><T101/><D111/><N who="1" m="42571" /><E95/><V63/><F63/><N who="3" m="36287" /><G40/><T74/><D74/><U78/><E78/><V46/><F18/><AGARI ba="0,0" hai="11,14,18,25,27,43,47,50" m="36287,32841" machi="18" ten="30,1000,0" yaku="8,1" doraHai="86" who="3" fromWho="2" sc="250,0,250,0,250,-10,250,10" /><INIT seed="1,0,0,0,0,75" ten="250,250,240,260" oya="1" hai0="98,17,117,12,27,10,101,29,31,42,26,34,107" hai1="85,7,83,38,36,125,14,94,5,46,33,126,81" hai2="68,76,102,112,78,41,95,60,55,73,122,35,19" hai3="121,53,4,100,2,18,91,88,51,86,82,119,80"/><U108/><E33/><V37/><F112/><W84/><G121/><T104/><D117/><U39/><E46/><V47/><F122/><W66/><G119/><T135/><D135/><U52/><E108/><V87/><F73/><W72/><G72/><T65/><D42/><U40/><E40/><V20/><F35/><W44/><G100/><T118/><D118/><U103/><E52/><V6/><F6/><W133/><G133/><T89/><D89/><U70/><E70/><V25/><F55/><W64/><G18/><T92/><REACH who="0" step="1"/><D65/><REACH who="0" ten="240,250,240,260" step="2"/><U69/><E39/><V130/><F130/><W30/><G64/><T128/><D128/><U120/><E38/><V8/><F8/><W43/><G66/><T114/><D114/><U54/><E36/><V116/><F116/><W99/><G43/><T63/><D63/><U50/><E120/><V106/><F60/><W48/><G48/><T71/><D71/><U22/><E69/><V28/><F68/><W124/><G91/><T109/><D109/><U1/><E50/><V58/><F41/><W61/><G88/><T79/><D79/><U9/><E54/><V15/><F37/><W97/><G61/><T45/><D45/><U96/><E126/><V16/><F47/><W93/><G124/><T67/><D67/><U57/><E125/><V127/><F127/><W110/><G110/><T134/><D134/><U111/><E111/><V56/><F76/><W32/><G44/><T115/><D115/><U131/><E131/><V59/><F78/><W123/><G53/><T77/><D77/><U113/><E113/><V24/><F59/><RYUUKYOKU ba="0,1" sc="240,30,250,-10,240,-10,260,-10" hai0="10,12,17,26,27,29,31,34,92,98,101,104,107" /><INIT seed="2,1,1,5,0,46" ten="270,240,230,250" oya="2" hai0="85,62,104,57,105,81,28,70,125,90,45,114,106" hai1="60,93,108,100,73,74,2,102,16,120,42,89,19" hai2="82,91,43,121,132,128,50,6,21,68,34,11,113" hai3="39,135,63,117,38,25,35,15,52,67,92,14,0"/><V112/><F121/><W122/><G122/><T1/><D114/><U10/><E108/><V83/><F34/><W72/><G0/><T124/><D1/><U133/><E133/><V80/><F68/><W69/><G72/><T134/><D134/><U103/><E120/><V87/><F132/><W61/><G117/><T77/><D70/><U40/><E74/><V4/><F128/><W71/><G135/><T53/><D28/><U48/><E73/><V126/><F126/><N who="0" m="48746" /><D45/><N who="1" m="25639" /><E42/><V107/><F107/><W97/><G38/><T123/><D123/><U58/><E10/><V26/><F11/><W29/><G39/><T98/><D77/><U101/><N who="1" m="25600" /><DORA hai="5" /><U22/><E22/><V75/><F75/><W47/><G69/><T99/><AGARI ba="1,1" hai="53,57,62,81,85,90,98,99,104,105,106" m="48746" machi="99" ten="40,1500,0" yaku="18,1" doraHai="46,5" who="0" fromWho="0" sc="270,28,240,-5,230,-8,250,-5" /><INIT seed="3,0,0,1,2,18" ten="298,235,222,245" oya="3" hai0="119,78,67,10,52,37,47,24,20,125,82,30,88" hai1="133,49,128,77,58,66,86,96,28,38,84,75,98" hai2="68,5,81,59,21,129,102,124,65,109,57,42,43" hai3="12,91,27,15,121,97,4,9,51,33,107,80,131"/><W79/><G121/><T114/><D119/><U117/><E38/><V126/><F109/><W118/><G118/><T115/><D125/><N who="2" m="48234" /><F129/><W17/><G131/><T36/><D88/><U108/><E75/><V101/><F5/><W93/><G107/><T123/><D123/><U104/><E104/><V45/><F81/><W85/><G33/><T69/><D10/><U134/><E77/><V116/><F116/><W7/><G27/><T127/><D127/><U74/><E74/><V110/><F110/><W14/><G51/><N who="0" m="28799" /><D67/><U103/><E66/><V55/><F68/><W48/><G48/><T95/><D95/><U41/><E134/><V6/><F6/><AGARI ba="0,0" hai="4,6,7,9,12,14,15,17,79,80,85,91,93,97" machi="6" ten="40,2000,0" yaku="8,1" doraHai="18" who="3" fromWho="2" sc="298,0,235,0,222,-20,245,20" /><INIT seed="3,1,0,2,2,60" ten="298,235,202,265" oya="3" hai0="74,5,118,114,87,25,43,48,98,84,22,78,44" hai1="133,66,81,3,16,20,88,26,122,64,42,102,51" hai2="135,62,129,41,106,96,77,99,105,119,134,14,15" hai3="109,6,32,19,101,30,85,21,10,111,17,55,76"/><W112/><G112/><T49/><D118/><U82/><E3/><V90/><F119/><W0/><G101/><T117/><D117/><U93/><E122/><V65/><F129/><W39/><G39/><T46/><D114/><U69/><E69/><V120/><F41/><W72/><G72/><T107/><D5/><U34/><E34/><V123/><F77/><W12/><G55/><N who="0" m="30087" /><D107/><N who="2" m="40970" /><F14/><N who="3" m="9399" /><G85/><N who="0" m="32843" /><D74/><U108/><E102/><V94/><F15/><W13/><G76/><T67/><D78/><U92/><E88/><N who="2" m="55367" /><F99/><W80/><G80/><T45/><D98/><U36/><E82/><V124/><F124/><W1/><G12/><T52/><D67/><N who="1" m="25643" /><E81/><V58/><F90/><W73/><G73/><T75/><D75/><U37/><E37/><V125/><F125/><W2/><G6/><T115/><D115/><U7/><E7/><V79/><F79/><W131/><G131/><T100/><D100/><U47/><E36/><V18/><F18/><W11/><G10/><T127/><D127/><U59/><E42/><V27/><F27/><AGARI ba="1,0" hai="0,1,2,11,13,19,27,30,32,109,111" m="9399" machi="27" ten="40,3900,0" yaku="34,2" doraHai="60" who="3" fromWho="2" sc="298,0,235,0,202,-42,265,42" owari="298,9.8,235,-16.5,160,-34.0,307,40.7" /></mjloggm>