<mjloggm ver="2.3"><GO type="225" lobby="0"/><UN n0="%73%6C%69%63%6B%33%31%39" n1="%E3%81%AF%E3%82%88%E3%81%8A%E3%81%98%E3%81%95%E3%82%93" n2="%E2%98%86%E5%AD%AB%E7%87%95%E5%A7%BF%E2%98%86" n3="%4B%2E%32%2E%4B%2E" dan="16,17,16,16" rate="2076.38,2224.24,2163.27,2163.65" sx="M,M,M,M"/><TAIKYOKU oya="0"/><INIT seed="0,0,0,0,1,97" ten="250,250,250,250" oya="0" hai0="106,83,25,107,36,109,132,95,117,67,105,101,114" hai1="104,31,96,121,130,84,5,15,82,40,43,119,29" hai2="88,50,26,91,16,103,90,23,30,63,46,85,80" hai3="58,102,38,52,127,131,73,20,62,47,17,44,129"/><T71/><D36/><U115/><E119/><V42/><F103/><W135/><G73/><T122/><D117/><U86/><E121/><V87/><F63/><W37/><G135/><T99/><D71/><U9/><E130/><N who="3" m="49674" /><G127/><T93/><D67/><U49/><E86/><V79/><REACH who="2" step="1"/><F30/><REACH who="2" ten="250,250,240,250" step="2"/><W123/><G102/><T65/><D101/><U111/><E29/><V120/><F120/><W116/><G123/><T1/><D122/><U76/><E31/><V100/><F100/><W35/><G116/><T33/><D106/><U4/><E104/><V92/><AGARI ba="0,1" hai="16,23,26,42,46,50,79,80,85,87,88,90,91,92" machi="92" ten="20,12000,2" yaku="1,1,0,1,7,1,8,1,54,2,53,0" doraHai="97" doraHaiUra="8" who="2" fromWho="2" sc="250,-60,250,-30,240,130,250,-30" /><INIT seed="1,0,0,3,2,128" ten="190,220,370,220" oya="1" hai0="34,122,113,14,88,75,33,21,60,0,24,106,46" hai1="109,18,5,125,70,48,71,118,52,81,29,42,37" hai2="27,17,129,11,31,90,50,63,105,22,13,119,1" hai3="15,30,25,73,74,92,95,8,132,124,56,130,53"/><U44/><E29/><V28/><F105/><W61/><G130/><T112/><D75/><U85/><E118/><V47/><F129/><W117/><G117/><T115/><D0/><U77/><E125/><V94/><F119/><W126/><G74/><T78/><D78/><U83/><E109/><V38/><F38/><W7/><G132/><T84/><D106/><U32/><E32/><V2/><F63/><W16/><G73/><T69/><D14/><U58/><E5/><V55/><F28/><W99/><G7/><T96/><D96/><AGARI ba="0,0" hai="1,2,11,13,17,22,27,31,47,50,55,90,94,96" machi="96" ten="30,1000,0" yaku="7,1" doraHai="128" who="2" fromWho="0" sc="190,-10,220,0,370,10,220,0" /><INIT seed="2,0,0,1,4,54" ten="180,220,380,220" oya="2" hai0="55,21,49,50,44,20,79,90,19,47,81,133,80" hai1="134,12,2,16,29,110,38,98,57,39,13,35,66" hai2="63,65,22,86,36,75,28,94,112,42,34,70,17" hai3="127,74,24,10,100,60,114,26,124,128,45,18,116"/><V67/><F75/><W68/><G116/><T95/><D133/><U85/><E2/><V113/><F34/><W105/><G74/><T83/><D79/><U101/><E134/><V73/><F73/><W106/><G128/><T9/><D9/><U77/><E12/><V37/><F28/><W91/><G114/><T107/><D107/><U78/><E110/><V51/><F65/><N who="3" m="40999" /><G91/><T109/><D109/><U88/><E38/><V108/><F108/><W115/><G45/><T111/><D111/><U8/><E39/><V120/><F120/><W62/><G62/><T4/><D4/><U96/><E35/><V14/><F37/><W56/><G56/><T41/><REACH who="0" step="1"/><D19/><REACH who="0" ten="170,220,380,220" step="2"/><U126/><E16/><V6/><F6/><W129/><G115/><T97/><AGARI ba="0,1" hai="20,21,41,44,47,49,50,55,80,81,83,90,95,97" machi="97" ten="30,7900,0" yaku="1,1,2,1,0,1,8,1,53,0" doraHai="54" doraHaiUra="7" who="0" fromWho="0" sc="170,89,220,-20,380,-39,220,-20" /><INIT seed="3,0,0,3,1,130" ten="259,200,341,200" oya="3" hai0="8,9,123,74,125,63,121,69,128,114,110,32,115" hai1="96,83,95,50,111,124,18,30,70,54,39,1,62" hai2="10,82,98,47,135,12,28,66,88,127,6,19,132" hai3="13,46,56,52,0,126,93,116,36,112,107,101,53"/><W15/><G112/><N who="0" m="43051" /><D128/><U76/><E39/><V81/><F127/><W106/><G116/><T44/><D125/><U64/><E124/><V16/><F28/><W85/><G126/><T91/><D32/><U79/><E1/><V119/><F119/><W22/><G0/><T42/><D74/><U58/><E111/><V131/><F66/><W27/><G106/><T43/><D110/><U78/><E30/><V87/><F131/><W2/><G2/><T3/><D91/><U49/><E18/><V24/><F82/><W29/><G107/><T67/><D42/><U77/><E77/><V34/><F34/><W75/><G75/><T41/><D41/><U65/><E79/><V117/><F117/><W105/><G105/><T20/><D20/><U31/><E78/><V90/><F47/><W7/><G7/><N who="0" m="1151" /><D9/><U84/><E31/><V92/><F24/><W120/><G120/><T129/><D129/><U72/><E72/><V104/><F104/><W4/><G4/><T89/><D89/><U100/><E76/><V45/><F45/><W102/><G102/><T57/><D69/><U134/><E70/><V21/><F21/><W80/><G101/><T118/><D118/><U59/><E100/><V23/><F23/><W5/><G5/><T37/><AGARI ba="0,0" hai="37,43,44,57,63,67,121,123" m="1151,43051" machi="37" ten="30,1100,0" yaku="11,1" doraHai="130" who="0" fromWho="0" sc="259,11,200,-3,341,-3,200,-5" owari="270,7.0,197,-20.3,338,43.8,195,-30.5" /></mjloggm>