<mjloggm ver="2.3"><GO type="225" lobby="0"/><UN n0="%E3%81%82%E3%81%B9%E3%81%99%E3%81%91" n1="%E6%B4%BE%E9%81%A3%E3%81%AE%E3%82%B8%E3%83%A3%E3%83%83%E3%82%AF" n2="%E3%83%B4%E3%83%A0%EF%BC%99%E3%81%A6" n3="%E5%B8%86%E7%AB%8B%E5%A4%8F%E8%A1%A3" dan="16,17,16,17" rate="2038.36,2207.22,2121.73,2160.21" sx="M,M,M,M"/><TAIKYOKU oya="0"/><INIT seed="0,0,0,4,4,123" ten="250,250,250,250" oya="0" hai0="0,62,105,44,8,19,23,54,82,107,70,31,133" hai1="64,74,91,7,21,92,48,18,95,98,29,61,99" hai2="39,53,125,41,71,106,126,42,3,9,94,122,51" hai3="88,37,75,6,110,25,102,63,11,73,35,77,120"/><T128/><D133/><U40/><E74/><V109/><F106/><W83/><G120/><T4/><D128/><U12/><E7/><N who="2" m="1279" /><F122/><W129/><G102/><T116/><D31/><U130/><E130/><V124/><F71/><W80/><G129/><T10/><D116/><U84/><E29/><V121/><F121/><W65/><G37/><T119/><D10/><U81/><E40/><N who="2" m="15467" /><F94/><N who="1" m="35881" /><E48/><V55/><F39/><W96/><G35/><T85/><D119/><U103/><E103/><V49/><F49/><W114/><G114/><T30/><D30/><U117/><E117/><V104/><F104/><W33/><G33/><T79/><D70/><U89/><E89/><V45/><F55/><W127/><G88/><T5/><D5/><U132/><E132/><V47/><F47/><W90/><G90/><T60/><D44/><U68/><E68/><V16/><F16/><W56/><G6/><T36/><D36/><U26/><E26/><V27/><F27/><W72/><G25/><T38/><D38/><U46/><E46/><V50/><F50/><W22/><G75/><T76/><D107/><U14/><E14/><V118/><F118/><W1/><G73/><T59/><D105/><U135/><E135/><V2/><F2/><W111/><G1/><T69/><D69/><U108/><E61/><V112/><F112/><W134/><G134/><T67/><D62/><U28/><E28/><V13/><F13/><W20/><G72/><T115/><D115/><U58/><E18/><V15/><F15/><W66/><G63/><T86/><D60/><U113/><E113/><V97/><F97/><RYUUKYOKU ba="0,0" sc="250,-10,250,-10,250,30,250,-10" hai2="45,51,53,109,124,125,126" /><INIT seed="1,1,0,5,4,97" ten="240,240,280,240" oya="1" hai0="100,34,123,98,45,118,39,20,46,111,132,129,1" hai1="125,30,65,85,54,41,40,15,89,76,133,70,48" hai2="25,56,126,55,17,127,61,7,53,16,115,35,109" hai3="108,73,19,8,116,74,113,12,75,59,90,105,69"/><U52/><E125/><N who="2" m="47627" /><F109/><W6/><G69/><T4/><D111/><U51/><E133/><V104/><F104/><W134/><G108/><T44/><D118/><U128/><E76/><V102/><F102/><W80/><G134/><T11/><D132/><U101/><E30/><N who="2" m="19919" /><F115/><W84/><G116/><T94/><D34/><U33/><E33/><V120/><F120/><W107/><G113/><T63/><D123/><U110/><E110/><V13/><F53/><N who="1" m="20585" /><E128/><V68/><F68/><W28/><G28/><T60/><D129/><U114/><E70/><V57/><F57/><W5/><G59/><T36/><REACH who="0" step="1"/><D20/><REACH who="0" ten="230,240,280,240" step="2"/><U106/><E114/><V81/><F81/><W2/><REACH who="3" step="1"/><G6/><REACH who="3" ten="230,240,280,230" step="2"/><T122/><D122/><U88/><E65/><V91/><F7/><W27/><G27/><T131/><D131/><U121/><E121/><V99/><F13/><W47/><G47/><T18/><D18/><U38/><E15/><V130/><F130/><W10/><AGARI ba="1,2" hai="2,5,8,10,12,19,73,74,75,80,84,90,105,107" machi="10" ten="40,5200,0" yaku="1,1,0,1,53,1" doraHai="97" doraHaiUra="78" who="3" fromWho="3" sc="230,-14,240,-27,280,-14,230,75" /><INIT seed="2,0,0,2,2,35" ten="216,213,266,305" oya="2" hai0="123,114,47,40,105,108,1,72,117,107,56,9,111" hai1="31,132,109,3,26,92,70,24,48,32,39,17,4" hai2="134,113,84,38,88,45,135,82,128,68,44,0,102" hai3="89,50,57,93,100,122,25,20,81,103,61,54,22"/><V59/><F113/><W21/><G122/><T96/><D114/><U90/><E39/><V37/><F68/><W131/><G131/><T55/><D123/><U8/><E70/><V14/><F128/><W15/><G15/><T13/><D72/><U120/><E120/><V78/><F102/><W98/><G50/><T95/><D117/><U115/><E115/><V62/><F14/><W16/><G81/><T126/><D1/><U5/><E48/><V7/><F37/><W18/><G18/><T77/><D77/><U121/><E121/><V87/><F38/><W52/><G54/><T64/><D64/><U85/><E109/><N who="0" m="42057" /><D47/><U125/><E125/><V36/><F36/><W41/><G41/><T129/><D40/><U86/><E132/><N who="2" m="50731" /><F7/><W73/><G73/><T67/><D67/><U119/><E119/><V53/><F0/><W83/><G83/><AGARI ba="0,0" hai="44,45,53,59,62,78,82,83,84,87,88" m="50731" machi="83" ten="30,2900,0" yaku="20,1,54,1" doraHai="35" who="2" fromWho="3" sc="216,0,213,0,266,29,305,-29" /><INIT seed="2,1,0,5,0,71" ten="216,213,295,276" oya="2" hai0="132,128,9,93,127,45,22,43,40,67,94,131,36" hai1="25,55,109,48,110,60,31,66,69,15,54,16,77" hai2="13,39,135,32,64,42,6,21,126,44,130,23,58" hai3="117,102,120,74,125,92,104,112,84,107,70,72,81"/><V59/><F32/><W26/><G70/><T124/><D67/><U103/><E77/><V57/><F126/><N who="0" m="48170" /><D9/><N who="1" m="6255" /><E48/><V63/><F135/><W100/><G125/><T33/><D33/><N who="1" m="20719" /><E103/><N who="3" m="39466" /><G26/><T80/><D43/><U73/><E73/><N who="3" m="28266" /><G117/><T134/><D80/><U108/><AGARI ba="1,0" hai="54,55,60,66,69,108,109,110" m="20719,6255" machi="108" ten="30,2000,0" yaku="14,1,54,1" doraHai="71" who="1" fromWho="1" sc="216,-6,213,23,295,-11,276,-6" /><INIT seed="3,0,0,1,3,128" ten="210,236,284,270" oya="3" hai0="125,39,83,43,12,101,100,68,122,115,97,51,79" hai1="85,134,40,35,91,47,2,82,118,94,106,69,0" hai2="132,6,107,17,65,57,18,98,127,54,41,8,112" hai3="78,80,103,19,46,84,64,117,15,102,99,11,92"/><W5/><G117/><T32/><D122/><U55/><E106/><V66/><F112/><W70/><G70/><T37/><D125/><U126/><E69/><V60/><F127/><W73/><G64/><T31/><D115/><U133/><E126/><V72/><F72/><W114/><G114/><T93/><D68/><U111/><E35/><V27/><F41/><W23/><G46/><T105/><D101/><U113/><E113/><V21/><F132/><N who="1" m="50793" /><E111/><V129/><F129/><W48/><G48/><T87/><D12/><U95/><E55/><V71/><F18/><W131/><G131/><T62/><D62/><U52/><E52/><V33/><F33/><W22/><G73/><T53/><D43/><U67/><E67/><V90/><F107/><W56/><G56/><T108/><D108/><U42/><E42/><V3/><F71/><W24/><G23/><T76/><D31/><U20/><E20/><V89/><F89/><AGARI ba="0,0" hai="5,11,15,19,22,24,78,80,84,89,92,99,102,103" machi="89" ten="30,2900,0" yaku="7,1,8,1" doraHai="128" who="3" fromWho="2" sc="210,0,236,0,284,-29,270,29" /><INIT seed="3,1,0,4,1,85" ten="210,236,255,299" oya="3" hai0="133,3,46,39,77,86,56,87,44,76,30,118,17" hai1="98,57,79,81,55,62,42,11,5,128,113,78,10" hai2="83,121,84,88,95,16,67,32,101,7,52,120,59" hai3="1,19,119,50,134,65,6,61,14,53,29,21,64"/><W123/><G119/><T58/><D118/><U36/><E113/><V41/><F32/><W40/><G123/><N who="2" m="47177" /><F41/><W69/><G134/><T132/><D3/><U122/><E122/><V73/><F7/><W114/><G114/><T25/><D17/><U99/><E128/><V82/><F67/><W102/><G102/><T49/><D39/><U100/><E100/><V90/><F101/><W109/><G109/><T94/><D49/><U15/><E78/><N who="2" m="44367" /><F16/><W74/><G74/><T112/><D112/><U117/><E117/><V70/><F70/><W108/><G108/><T130/><D130/><U116/><E116/><V34/><F34/><W63/><G40/><T33/><D33/><U24/><E24/><V0/><F0/><W23/><G6/><T31/><REACH who="0" step="1"/><D25/><REACH who="0" ten="200,236,255,299" step="2"/><U131/><E131/><V20/><F20/><W127/><G1/><T66/><D66/><U80/><E11/><V96/><F59/><W60/><G65/><T92/><AGARI ba="1,1" hai="30,31,44,46,56,58,76,77,86,87,92,94,132,133" machi="92" ten="25,6400,0" yaku="1,1,0,1,22,2,53,0" doraHai="85" doraHaiUra="93" who="0" fromWho="0" sc="200,77,236,-17,255,-17,299,-33" /><INIT seed="4,0,0,2,4,27" ten="277,219,238,266" oya="0" hai0="107,9,135,41,68,75,47,18,116,96,106,66,30" hai1="53,132,17,0,32,56,15,37,92,65,95,88,120" hai2="36,134,118,84,72,117,48,4,105,91,103,73,28" hai3="97,113,80,52,64,33,102,104,62,7,5,99,57"/><T67/><D116/><N who="2" m="44650" /><F36/><W59/><G113/><T46/><D96/><U124/><E120/><V45/><F4/><W86/><G33/><T50/><D75/><N who="2" m="28746" /><F48/><W130/><G97/><T127/><D50/><U126/><E37/><V29/><F134/><W78/><G130/><T133/><D133/><U100/><E65/><V42/><F103/><W11/><G11/><T112/><D9/><U114/><E0/><V39/><F105/><W20/><G20/><T98/><D67/><U31/><E132/><V71/><F71/><W3/><G3/><T85/><D66/><U81/><E114/><V83/><AGARI ba="0,0" hai="28,29,39,42,45,83,84,91" m="28746,44650" machi="83" ten="30,4000,0" yaku="12,1,52,2" doraHai="27" who="2" fromWho="2" sc="277,-20,219,-10,238,40,266,-10" /><INIT seed="5,0,0,1,4,68" ten="257,209,278,256" oya="1" hai0="106,58,12,54,19,67,107,30,13,28,132,23,90" hai1="130,101,73,59,116,11,99,71,49,128,66,124,118" hai2="56,86,64,119,14,41,5,88,3,15,25,114,32" hai3="131,108,52,42,80,8,92,93,100,31,22,115,29"/><U111/><E73/><V57/><F119/><N who="1" m="45609" /><E11/><N who="2" m="4463" /><F3/><W69/><G69/><T24/><D132/><U17/><E17/><V27/><F32/><W47/><G80/><T74/><D74/><U50/><E101/><V94/><F114/><W109/><G115/><T48/><D67/><U60/><E99/><V103/><F41/><W45/><G8/><T95/><D107/><U43/><E124/><V9/><F103/><W81/><G81/><T61/><D106/><U98/><E98/><V122/><F122/><W44/><G44/><T91/><D91/><U96/><E96/><V65/><F65/><W75/><G100/><T37/><D90/><U2/><E2/><V63/><F57/><W34/><G42/><T120/><D58/><U10/><E10/><V6/><AGARI ba="0,0" hai="6,9,15,25,27,56,63,64,86,88,94" m="4463" machi="6" ten="30,2000,0" yaku="8,1,54,1" doraHai="68" who="2" fromWho="2" sc="257,-5,209,-10,278,20,256,-5" /><INIT seed="6,0,0,3,0,118" ten="252,199,298,251" oya="2" hai0="117,66,89,6,98,42,19,108,39,86,102,2,83" hai1="134,11,30,92,124,120,37,132,62,70,127,128,103" hai2="7,9,40,82,69,112,90,22,73,60,49,28,1" hai3="18,38,79,63,76,10,74,33,44,23,25,85,105"/><V56/><F112/><W35/><G105/><T26/><D108/><U3/><E37/><V80/><F69/><W100/><G100/><T116/><D66/><N who="1" m="41303" /><E30/><V84/><F40/><W119/><G119/><T122/><D6/><N who="1" m="1503" /><E128/><V101/><F101/><W75/><G63/><T15/><D15/><U32/><E32/><V99/><F99/><W97/><G97/><T12/><D12/><U0/><E0/><V71/><F49/><W27/><G10/><T68/><D39/><U55/><E55/><V104/><F104/><W59/><G59/><T67/><D2/><U47/><E47/><V65/><F71/><W58/><G58/><T16/><D68/><U81/><E81/><V54/><F65/><W130/><G130/><T61/><D67/><U52/><E52/><V110/><F110/><W93/><G44/><T109/><D117/><U8/><E8/><V111/><F111/><W14/><G38/><T77/><D109/><U43/><E43/><V129/><F129/><W64/><G64/><T46/><D42/><U36/><E36/><V5/><F9/><W72/><G35/><T135/><D46/><U126/><E120/><V31/><F1/><W107/><G33/><T41/><D122/><U4/><E4/><N who="2" m="1611" /><F22/><W48/><G48/><T50/><D50/><U17/><E17/><V114/><F114/><W45/><G45/><T131/><D19/><U96/><AGARI ba="0,0" hai="92,96,103,124,126,127,132,134" m="1503,41303" machi="96" ten="40,1500,0" yaku="18,1" doraHai="118" who="1" fromWho="1" sc="252,-4,199,15,298,-7,251,-4" /><INIT seed="7,0,0,3,1,18" ten="248,214,291,247" oya="3" hai0="106,62,115,57,28,105,120,130,0,113,44,5,33" hai1="47,1,36,65,94,31,34,117,88,23,83,76,55" hai2="37,79,22,98,86,121,78,8,134,112,42,35,2" hai3="40,81,59,46,114,61,52,48,51,128,101,99,87"/><W21/><G128/><T29/><D120/><U4/><E34/><V109/><F35/><W131/><G131/><T13/><D130/><U50/><E36/><V6/><F109/><W11/><G114/><N who="0" m="43531" /><D0/><U12/><E117/><V69/><F69/><W110/><G110/><T17/><D5/><U85/><E65/><V58/><F112/><W118/><G118/><T133/><D44/><U72/><E1/><V96/><F134/><W10/><G51/><T15/><D15/><U16/><E31/><N who="0" m="11849" /><D33/><U27/><REACH who="1" step="1"/><E4/><REACH who="1" ten="248,204,291,247" step="2"/><V84/><F37/><W60/><G60/><T43/><D133/><U132/><E132/><V32/><F6/><W126/><G126/><T63/><D63/><U124/><E124/><V100/><F2/><W64/><G64/><N who="0" m="38991" /><D43/><U107/><E107/><V129/><F42/><W24/><G40/><T56/><D56/><U97/><E97/><V19/><F58/><W75/><G59/><T74/><D74/><U92/><E92/><V66/><F96/><W116/><G75/><T122/><D122/><U89/><E89/><V135/><F98/><W111/><G61/><T7/><D7/><U49/><E49/><V73/><F121/><W20/><G116/><T80/><D80/><U71/><E71/><V30/><F73/><W119/><G119/><T95/><D95/><U103/><E103/><V9/><F100/><W25/><G111/><T93/><D93/><U70/><E70/><V108/><F129/><W77/><G101/><T3/><D3/><U127/><E127/><V123/><F108/><W90/><G90/><T53/><D106/><U125/><E125/><RYUUKYOKU ba="0,1" sc="248,-10,204,30,291,-10,247,-10" hai1="12,16,23,27,47,50,55,72,76,83,85,88,94" owari="238,3.8,234,-26.6,291,39.1,237,-16.3" /></mjloggm>