<mjloggm ver="2.3"><GO type="225" lobby="0"/><UN n0="%E3%83%94%E3%83%B3%E3%82%B5%E3%83%AD%E5%BA%97%E5%93%A1" n1="%6B%69%72%61%64%6F%6B%69" n2="%E7%99%BD%E6%97%A5%E9%9B%AA%E8%8F%9C" n3="%E3%81%82%E3%81%99%E3%81%AA%E3%82%8D%E3%83%A9%E3%82%A4%E3%83%80%E3%83%BC" dan="16,16,16,16" rate="2163.50,2071.21,2204.38,2162.76" sx="M,M,M,M"/><TAIKYOKU oya="0"/><INIT seed="0,0,0,3,1,48" ten="250,250,250,250" oya="0" hai0="35,74,110,71,18,30,81,96,118,111,69,100,49" hai1="120,44,41,119,106,85,13,98,17,29,90,1,43" hai2="63,42,67,59,23,37,10,116,3,56,127,5,2" hai3="89,14,76,102,32,86,95,66,107,104,38,40,27"/><T31/><D118/><U60/><E119/><V47/><F127/><W6/><G66/><T97/><D18/><U21/><E120/><V58/><F116/><W46/><G76/><N who="0" m="44183" /><D97/><U53/><E1/><V121/><F121/><W15/><G102/><T117/><D49/><N who="1" m="28839" /><E106/><V83/><F2/><W101/><G6/><T126/><D126/><U135/><E135/><V78/><REACH who="2" step="1"/><F23/><REACH who="2" ten="250,250,240,250" step="2"/><W77/><G32/><T0/><D0/><U113/><E113/><V7/><F7/><W45/><G107/><N who="0" m="63879" /><D117/><U19/><E29/><N who="0" m="10761" /><D35/><U16/><E21/><V39/><F39/><W64/><G38/><T99/><D99/><U92/><E98/><V36/><F36/><W130/><G104/><T22/><D22/><U34/><E34/><V109/><F109/><AGARI ba="0,1" hai="69,71,109,110,111" m="10761,63879,44183" machi="109" ten="30,2900,0" yaku="14,1,10,1" doraHai="48" who="0" fromWho="2" sc="250,39,250,0,240,-29,250,0" /><INIT seed="0,1,0,4,2,115" ten="289,250,211,250" oya="0" hai0="100,94,99,16,114,18,21,38,112,82,74,68,73" hai1="66,80,14,105,15,12,10,122,84,13,89,61,101" hai2="60,54,85,78,41,77,22,39,102,98,62,30,75" hai3="130,113,119,88,63,81,96,20,52,51,55,110,132"/><T133/><D68/><U42/><E122/><V45/><F75/><W3/><G113/><T103/><D38/><U109/><E109/><V128/><F128/><W86/><G110/><T40/><D40/><U24/><E42/><V87/><F77/><W129/><G130/><T106/><D133/><U33/><E105/><V43/><F43/><W117/><G129/><T11/><D11/><U134/><E134/><V49/><F30/><W70/><G132/><T127/><D127/><U48/><E48/><V56/><F22/><W8/><G20/><T26/><D18/><U120/><E101/><V123/><F123/><W116/><G96/><T90/><D103/><U64/><E120/><V34/><F34/><W29/><G29/><T69/><D69/><U4/><E33/><V35/><F35/><W27/><G27/><T19/><D19/><U92/><E24/><V46/><F78/><W17/><G51/><T59/><D59/><U108/><E108/><V131/><F131/><W111/><G111/><T2/><D2/><U125/><E125/><V32/><F32/><W67/><G17/><T7/><D7/><U107/><E107/><V57/><F46/><W118/><N who="3" m="29696" /><DORA hai="5" /><W9/><G3/><T126/><D126/><U6/><E4/><V104/><REACH who="2" step="1"/><F39/><REACH who="2" ten="289,250,201,250" step="2"/><W79/><G79/><N who="0" m="44399" /><D74/><U50/><E6/><V124/><F124/><W135/><G135/><T47/><D47/><U76/><E76/><V31/><F31/><W1/><G1/><T83/><D114/><U95/><N who="1" m="3072" /><DORA hai="25" /><U0/><E0/><V37/><F37/><W44/><G44/><T65/><D112/><RYUUKYOKU ba="1,1" sc="289,-15,250,-15,201,15,250,15" hai2="41,45,49,54,56,57,60,62,85,87,98,102,104" hai3="8,9,52,55,63,67,70,81,86,88" /><INIT seed="1,2,1,0,5,24" ten="274,235,216,265" oya="1" hai0="80,64,75,108,23,81,134,17,104,89,39,21,22" hai1="33,110,76,61,91,42,70,123,116,35,40,87,7" hai2="45,4,129,86,130,58,83,34,26,112,32,106,2" hai3="133,0,111,132,27,1,8,5,113,90,37,79,131"/><U20/><E116/><V103/><F112/><W94/><G113/><T97/><D39/><U85/><E123/><V69/><F69/><W16/><G131/><N who="2" m="50185" /><F58/><W66/><G111/><T88/><D108/><U115/><E115/><V78/><F45/><W46/><G66/><T36/><D36/><U119/><E119/><V62/><F62/><W59/><G79/><T57/><D134/><U95/><E7/><V96/><F26/><W29/><G59/><T77/><D17/><U63/><E63/><V68/><F68/><W101/><G101/><T60/><REACH who="0" step="1"/><D81/><REACH who="0" ten="264,235,216,265" step="2"/><U98/><E70/><V50/><F50/><W117/><G16/><T15/><D15/><U74/><E61/><V55/><F2/><W135/><G1/><T30/><D30/><U12/><E12/><V92/><F4/><W51/><G117/><T3/><D3/><U105/><E110/><V28/><F28/><W99/><G37/><T127/><D127/><U82/><E82/><V73/><F55/><N who="3" m="30199" /><G29/><T25/><D25/><AGARI ba="2,2" hai="0,5,8,25,27,90,94,99,132,133,135" m="30199" machi="25" ten="30,1000,0" yaku="20,1" doraHai="24" who="3" fromWho="0" sc="264,-16,235,0,216,0,265,36" /><INIT seed="2,0,0,1,0,99" ten="248,235,216,301" oya="2" hai0="92,78,82,51,8,31,116,5,129,21,54,84,59" hai1="2,61,128,58,131,134,81,52,69,130,26,39,71" hai2="62,70,102,101,126,104,44,6,90,28,60,132,91" hai3="88,89,7,9,38,55,118,3,34,57,75,24,74"/><V50/><F126/><W105/><G118/><T53/><D129/><U96/><E2/><V108/><F104/><W107/><G38/><T80/><D116/><U17/><E39/><V12/><F70/><W72/><G107/><T133/><D133/><U1/><E1/><V15/><F132/><W43/><G105/><T65/><D65/><U83/><E134/><V125/><F125/><W87/><G43/><T11/><D92/><U79/><E96/><V94/><F28/><W48/><REACH who="3" step="1"/><G87/><REACH who="3" ten="248,235,216,291" step="2"/><T25/><D5/><U122/><E122/><V120/><F120/><W112/><G112/><T19/><D82/><U13/><E81/><V110/><F6/><W10/><G10/><T124/><D124/><U4/><E4/><V135/><F135/><W23/><G23/><T103/><D11/><U32/><E83/><V106/><F106/><W68/><G68/><T49/><D8/><N who="1" m="6311" /><E79/><V30/><F94/><W14/><G14/><T56/><D80/><U121/><E121/><V47/><F50/><W22/><G22/><T86/><D51/><U85/><E85/><V73/><F30/><AGARI ba="0,1" hai="3,7,9,24,30,34,48,55,57,72,74,75,88,89" machi="30" ten="40,5200,0" yaku="1,1,54,1,53,1" doraHai="99" doraHaiUra="0" who="3" fromWho="2" sc="248,0,235,0,216,-52,291,62" /><AGARI ba="0,0" hai="26,30,32,52,58,61,69,71,128,130,131" m="6311" machi="30" ten="30,2000,0" yaku="19,1,54,1" doraHai="99" who="1" fromWho="2" sc="248,0,235,20,164,-20,353,0" /><INIT seed="3,0,0,0,1,25" ten="248,255,144,353" oya="3" hai0="81,54,59,32,52,21,79,57,128,115,113,121,51" hai1="118,4,22,74,80,135,104,64,13,78,14,1,12" hai2="53,112,18,124,75,86,132,82,50,85,6,19,3" hai3="117,0,96,134,110,41,103,116,133,24,119,130,129"/><W111/><G24/><T87/><D121/><U8/><E104/><V131/><F112/><W90/><G90/><T17/><D128/><N who="3" m="49257" /><G0/><T105/><D105/><U27/><E64/><V36/><F131/><W33/><G33/><T31/><D32/><U66/><E66/><V127/><F36/><W55/><G41/><T43/><D43/><U91/><E135/><N who="3" m="51722" /><G55/><T39/><D39/><U45/><E91/><V109/><F132/><W40/><G40/><T123/><D123/><U94/><E1/><V30/><F109/><W98/><G98/><T71/><D31/><U99/><E118/><V93/><F30/><W9/><G9/><T38/><D38/><U106/><E8/><V72/><F3/><W46/><G46/><T49/><D71/><U92/><E45/><V88/><F6/><W7/><G7/><T84/><D84/><U67/><E4/><V70/><F70/><W60/><G60/><T16/><D17/><U58/><E99/><V15/><F19/><W77/><G77/><T26/><AGARI ba="0,0" hai="16,21,26,49,51,52,54,57,59,79,81,87,113,115" machi="26" ten="30,7900,0" yaku="0,1,9,1,54,2" doraHai="25" who="0" fromWho="0" sc="248,79,255,-20,144,-20,353,-39" owari="327,42.7,235,-16.5,124,-37.6,314,11.4" /></mjloggm>