<mjloggm ver="2.3"><GO type="225" lobby="0"/><UN n0="%E3%81%95%E3%81%8D%E3%81%9F%E3%81%BE%E6%9E%97%E6%AA%8E" n1="%43%68%65" n2="%48%61%61%61%6C%61%6E%64" n3="%73%6C%69%63%6B%33%31%39" dan="16,16,17,17" rate="2129.75,2136.01,2158.67,2162.38" sx="M,M,M,M"/><TAIKYOKU oya="0"/><INIT seed="0,0,0,5,2,123" ten="250,250,250,250" oya="0" hai0="8,70,73,65,102,26,40,39,115,27,2,69,133" hai1="23,51,71,122,59,134,7,98,125,43,57,118,1" hai2="50,114,84,113,79,107,19,22,87,9,60,78,15" hai3="44,34,82,48,33,68,47,80,38,35,100,128,106"/><T52/><D115/><U131/><E71/><V32/><F32/><W24/><G68/><T67/><D73/><U96/><E122/><V90/><F107/><W16/><G128/><T29/><D70/><U36/><E36/><V21/><F60/><W77/><G38/><T120/><D120/><U4/><E1/><V13/><F50/><W64/><G64/><T30/><D102/><U41/><E23/><V75/><F75/><W117/><G117/><T130/><D130/><U99/><E51/><V119/><F119/><W94/><G106/><T103/><D103/><U42/><E118/><V129/><F129/><W49/><G94/><T127/><D40/><U20/><E131/><V76/><F87/><W28/><G16/><T17/><D17/><U5/><E125/><V37/><F37/><W91/><G100/><T101/><D101/><U89/><E134/><V10/><F113/><W83/><G91/><T58/><D133/><U121/><E121/><V85/><F114/><W108/><G77/><T104/><D127/><U81/><E20/><N who="2" m="7787" /><F90/><W86/><G86/><AGARI ba="0,0" hai="4,5,7,41,42,43,57,59,81,86,89,96,98,99" machi="86" ten="50,6400,0" yaku="29,2,8,1" doraHai="123" who="1" fromWho="3" sc="250,0,250,64,250,0,250,-64" /><INIT seed="1,0,0,4,4,37" ten="250,314,250,186" oya="1" hai0="44,112,66,45,114,35,54,23,118,86,32,64,52" hai1="123,53,18,5,60,30,98,83,128,117,16,84,1" hai2="90,89,85,48,20,127,80,100,103,125,99,8,58" hai3="41,63,46,19,113,25,55,95,107,111,43,56,93"/><U42/><E117/><V38/><F38/><W65/><G113/><T130/><D23/><U33/><E123/><V15/><F20/><N who="3" m="13471" /><G107/><T75/><D86/><U109/><E128/><V115/><F115/><W81/><G111/><T88/><D130/><U50/><E109/><V9/><F9/><W61/><G81/><T39/><D39/><U110/><E110/><V6/><F89/><W78/><G78/><T108/><D108/><U73/><E73/><V3/><F3/><W26/><G26/><T12/><D12/><U71/><E71/><V92/><REACH who="2" step="1"/><F103/><REACH who="2" ten="250,314,240,186" step="2"/><W74/><G74/><T70/><D75/><U69/><E1/><V14/><F14/><W24/><G24/><T106/><D118/><U62/><E5/><V132/><F132/><W133/><G133/><T13/><D13/><U119/><E119/><V116/><F116/><W0/><G0/><T47/><D35/><U59/><E33/><V40/><F40/><N who="3" m="15435" /><G63/><T97/><D32/><U120/><E62/><V126/><F126/><W7/><G7/><T77/><D112/><U67/><E60/><V131/><F131/><W22/><G22/><T82/><D114/><U96/><E120/><V17/><F17/><W34/><G34/><T87/><D82/><U31/><E83/><V28/><F28/><W29/><G29/><T135/><D135/><U21/><E31/><V121/><F121/><W104/><G104/><T91/><D106/><U49/><E30/><V72/><F72/><W36/><G36/><T76/><D76/><U57/><E18/><V122/><F122/><W68/><G68/><T94/><D70/><RYUUKYOKU ba="0,1" sc="250,-15,314,-15,240,15,186,15" hai2="6,8,15,48,58,80,85,90,92,99,100,125,127" hai3="46,55,56,61,65,93,95" /><INIT seed="2,1,1,0,1,46" ten="235,299,255,201" oya="2" hai0="13,125,53,74,51,16,69,72,104,52,78,29,124" hai1="89,8,1,17,120,133,42,126,3,49,5,116,12" hai2="39,68,32,96,48,106,61,14,60,26,77,88,59" hai3="107,122,101,20,84,24,11,110,15,114,65,57,41"/><V75/><F39/><W108/><G122/><T123/><D104/><U93/><E116/><V127/><F127/><N who="0" m="48714" /><D123/><U100/><E126/><V132/><F132/><W0/><G0/><T76/><D69/><U31/><E133/><V50/><F75/><N who="0" m="28714" /><D29/><U43/><E100/><V79/><F68/><W18/><G114/><T99/><D99/><U117/><E31/><V64/><F32/><W103/><G84/><T102/><D102/><U35/><E35/><V55/><F26/><W94/><G107/><T135/><D135/><U19/><E3/><V45/><F14/><W83/><G83/><T66/><D66/><U36/><E117/><V10/><F10/><W86/><G86/><T97/><D97/><U44/><E120/><V121/><F121/><W98/><G101/><T129/><D53/><N who="1" m="29863" /><E1/><V21/><F106/><W4/><REACH who="3" step="1"/><G41/><REACH who="3" ten="235,299,255,191" step="2"/><T67/><D129/><U62/><E43/><N who="2" m="24639" /><F96/><W105/><G105/><T82/><D82/><U92/><E42/><V27/><F79/><W56/><G56/><N who="0" m="32799" /><D67/><U47/><E93/><V34/><F64/><W25/><G25/><T70/><D70/><U37/><E92/><V23/><F27/><W91/><G91/><T130/><D130/><U22/><E89/><V119/><F119/><W112/><G112/><T118/><D118/><U54/><E54/><V90/><F77/><W28/><G28/><T2/><D2/><U113/><E113/><V134/><F134/><W63/><AGARI ba="1,2" hai="4,11,15,18,20,24,57,63,65,94,98,103,108,110" machi="63" ten="30,2000,0" yaku="1,1,0,1,53,0" doraHai="46" doraHaiUra="128" who="3" fromWho="3" sc="235,-6,299,-6,255,-11,191,43" /><INIT seed="3,0,0,2,3,111" ten="229,293,244,234" oya="3" hai0="33,107,9,129,105,134,2,58,119,89,135,97,0" hai1="72,91,60,82,12,31,18,42,75,85,1,64,40" hai2="62,20,41,90,69,112,77,27,17,46,127,87,45" hai3="73,28,68,109,29,122,54,44,19,15,132,121,79"/><W103/><G68/><T118/><D33/><U106/><E1/><N who="0" m="617" /><D9/><U3/><E3/><V39/><F127/><W22/><G109/><T104/><D58/><N who="1" m="36887" /><E106/><N who="0" m="41065" /><D89/><N who="1" m="51383" /><E75/><V37/><F90/><W36/><G73/><T99/><N who="0" m="41073" /><T4/><DORA hai="94" /><D4/><U78/><E72/><V5/><F5/><W130/><G79/><T6/><D6/><U86/><E31/><V24/><F77/><W100/><G28/><T11/><D11/><N who="1" m="6431" /><E78/><V53/><F69/><W83/><G29/><T67/><D67/><U88/><E88/><V23/><F87/><W7/><G7/><T30/><D30/><U102/><E102/><V61/><F17/><W80/><G100/><T101/><D101/><U98/><E98/><N who="0" m="37385" /><D129/><U34/><E34/><V48/><F20/><W32/><G103/><T65/><D65/><U113/><E113/><V66/><F112/><W128/><G32/><T114/><D114/><U117/><E91/><V43/><F66/><W123/><G128/><T47/><D47/><U108/><E86/><V71/><F71/><W92/><G130/><T56/><D56/><U116/><E108/><V25/><F23/><W126/><G22/><T95/><D95/><U10/><E10/><V124/><F45/><W13/><G44/><T96/><N who="0" m="37393" /><T115/><DORA hai="131" /><D115/><U133/><E42/><V52/><F43/><W74/><G92/><T35/><D35/><U26/><E40/><V70/><F70/><W38/><G74/><T55/><D55/><U57/><E57/><N who="2" m="34983" /><F53/><W125/><G54/><T50/><D50/><U8/><E8/><V51/><F51/><W49/><G49/><RYUUKYOKU ba="0,0" sc="229,30,293,-10,244,-10,234,-10" hai0="118,119,134,135" /><INIT seed="4,1,0,0,5,127" ten="259,283,234,224" oya="0" hai0="65,1,125,2,10,107,66,94,92,79,95,16,102" hai1="67,117,91,101,44,25,110,6,73,36,78,45,7" hai2="49,32,68,43,87,60,128,76,108,18,98,63,3" hai3="46,42,40,123,103,50,9,88,55,33,131,113,71"/><T30/><D125/><U126/><E117/><V72/><F108/><W22/><G33/><T61/><D79/><U86/><E126/><V12/><F3/><W74/><G74/><T109/><D66/><U38/><E110/><V89/><F32/><W69/><G71/><T26/><D109/><U118/><E118/><V58/><F68/><W82/><G69/><T121/><D121/><U48/><E67/><V14/><F72/><W8/><G123/><T29/><D29/><U77/><E101/><V75/><F75/><W41/><G113/><T62/><D62/><U130/><E25/><V115/><F115/><W31/><G103/><T21/><D107/><U64/><E64/><V129/><F98/><W70/><G70/><T124/><D102/><U84/><E73/><V116/><F76/><W51/><G51/><T133/><D133/><U37/><E37/><V57/><F116/><W97/><G131/><N who="2" m="50249" /><F43/><W28/><G97/><T39/><D39/><U24/><E78/><V132/><F132/><W19/><G31/><T53/><D124/><U47/><E77/><V122/><F122/><W20/><G28/><T135/><D135/><U134/><E134/><V83/><F49/><W96/><G96/><T81/><D2/><U104/><E48/><V5/><F5/><W35/><G35/><T90/><D1/><U17/><E130/><V34/><F34/><W119/><G119/><T15/><D15/><N who="2" m="5674" /><F18/><W4/><G4/><T120/><D120/><U99/><E7/><V85/><F85/><N who="1" m="32873" /><E6/><V100/><F100/><W80/><G19/><T105/><D16/><U93/><E104/><RYUUKYOKU ba="1,0" sc="259,-15,283,15,234,15,224,-15" hai1="17,24,36,38,44,45,47,91,93,99" hai2="57,58,60,63,83,87,89" /><INIT seed="5,2,0,0,1,50" ten="244,298,249,209" oya="1" hai0="7,131,103,99,85,122,120,17,57,73,37,94,63" hai1="92,69,13,6,89,101,41,96,58,111,4,44,95" hai2="129,32,28,33,112,83,39,3,23,117,133,70,47" hai3="119,49,72,61,102,90,100,2,71,12,115,38,88"/><U76/><E69/><V21/><F117/><W62/><G38/><T134/><D134/><U48/><E111/><V66/><F3/><W108/><G108/><T87/><D131/><U81/><E13/><V60/><F133/><W9/><G72/><T43/><D73/><U64/><E81/><V16/><F129/><W67/><G2/><T20/><D7/><N who="1" m="2603" /><E76/><V79/><F79/><W54/><G119/><T14/><D43/><U82/><E82/><V30/><F83/><W77/><G77/><T74/><D37/><U86/><E58/><V124/><F70/><W106/><G115/><T135/><D74/><U51/><E51/><V25/><F112/><W19/><G62/><T1/><D1/><U116/><E116/><V40/><F60/><W109/><G109/><T107/><D107/><U114/><E114/><V68/><F68/><W8/><G8/><T130/><D130/><U36/><E36/><V46/><F39/><W105/><G106/><T97/><D135/><U84/><E84/><V91/><F32/><W113/><G113/><T123/><D99/><U127/><E127/><V118/><F124/><W45/><REACH who="3" step="1"/><G105/><REACH who="3" ten="244,298,249,199" step="2"/><T34/><REACH who="0" step="1"/><D34/><REACH who="0" ten="234,298,249,199" step="2"/><U93/><E64/><AGARI ba="2,2" hai="14,17,20,57,63,64,85,87,94,97,103,120,122,123" machi="64" ten="40,5200,0" yaku="1,1,2,1,13,1,53,0" doraHai="50" doraHaiUra="110" who="0" fromWho="1" sc="234,78,298,-58,249,0,199,0" owari="312,41.2,240,-16.0,249,4.9,199,-30.1" /></mjloggm>