<mjloggm ver="2.3"><GO type="225" lobby="0"/><UN n0="%6D%75%75%73%61%6E%6D%75" n1="%30%2E%31%32%30" n2="%E6%B8%A9%E2%98%85%E6%83%85%E2%98%85%E6%8E%AA%E2%98%85%E7%BD%AE" n3="%E7%B4%94%E6%BD%94%E3%83%94%E3%83%A9%E3%83%8B%E3%82%A2" dan="16,16,17,17" rate="2113.95,2141.11,2151.71,2161.73" sx="F,M,M,M"/><TAIKYOKU oya="0"/><INIT seed="0,0,0,0,5,127" ten="250,250,250,250" oya="0" hai0="72,16,111,115,4,130,75,102,32,6,5,34,122" hai1="8,73,57,25,59,17,7,105,84,64,38,48,125" hai2="47,37,39,103,93,19,15,33,50,118,78,23,76" hai3="53,97,54,86,131,114,79,58,87,20,119,11,14"/><T62/><D115/><U44/><E73/><V29/><F118/><W24/><G119/><T116/><D116/><U36/><E105/><V124/><F124/><W77/><G114/><T51/><D122/><U49/><E125/><V123/><F123/><W128/><G97/><T10/><D111/><U69/><E69/><V133/><F133/><W83/><G86/><T100/><D130/><N who="3" m="49705" /><G77/><T61/><D51/><U109/><E109/><V9/><F33/><W107/><G107/><T70/><D70/><U126/><E126/><V40/><F39/><W66/><G66/><T68/><D68/><U35/><E38/><V106/><F37/><W65/><G65/><T99/><D99/><U135/><E64/><V71/><F71/><W108/><G108/><T90/><D6/><U120/><E36/><V98/><F106/><W91/><G79/><T18/><REACH who="0" step="1"/><D90/><REACH who="0" ten="240,250,250,250" step="2"/><U88/><E88/><V52/><F40/><W89/><G91/><T3/><D3/><U45/><E120/><V112/><F112/><W60/><G60/><T30/><D30/><U1/><E1/><V43/><F43/><W101/><G101/><T132/><D132/><U117/><E135/><V81/><F81/><W121/><G121/><T13/><D13/><U80/><E117/><V74/><F74/><W134/><G134/><T27/><D27/><AGARI ba="0,1" hai="9,15,19,23,27,29,47,50,52,76,78,93,98,103" machi="27" ten="40,2600,0" yaku="8,1,54,1" doraHai="127" who="2" fromWho="0" sc="240,-26,250,0,250,36,250,0" /><INIT seed="1,0,0,2,0,132" ten="214,250,286,250" oya="1" hai0="92,18,117,126,96,109,65,112,62,119,27,97,64" hai1="12,10,16,116,99,75,3,98,50,108,122,25,128" hai2="82,124,17,110,123,35,104,57,54,58,105,72,33" hai3="102,69,49,66,134,71,125,8,89,127,83,86,94"/><U15/><E116/><V74/><F123/><W70/><G134/><T39/><D112/><U48/><E122/><V23/><F110/><W52/><G66/><T113/><D113/><U21/><E108/><V31/><F31/><W45/><G8/><T80/><D109/><U47/><E75/><V29/><F29/><W79/><REACH who="3" step="1"/><G102/><REACH who="3" ten="214,250,286,240" step="2"/><T130/><D117/><U14/><E10/><V88/><F35/><W67/><G67/><T9/><D119/><U41/><E3/><V114/><F33/><W2/><G2/><T85/><D64/><U111/><E111/><V107/><F114/><W73/><AGARI ba="0,1" hai="45,49,52,69,70,71,73,79,83,86,89,94,125,127" machi="73" ten="40,8000,1" yaku="1,1,0,1,52,2,54,1,53,0" doraHai="132" doraHaiUra="6" who="3" fromWho="3" sc="214,-20,250,-40,286,-20,240,90" /><INIT seed="2,0,0,5,5,118" ten="194,210,266,330" oya="2" hai0="68,128,126,78,13,21,9,91,27,17,26,63,90" hai1="114,121,0,16,69,132,46,64,20,51,25,129,72" hai2="130,119,134,30,74,14,3,45,98,123,28,48,125" hai3="135,83,81,131,102,47,92,65,89,4,29,100,12"/><V24/><F3/><W43/><G131/><T55/><D128/><U8/><E129/><V11/><F74/><W53/><G135/><T88/><D126/><U36/><E132/><V38/><F38/><W103/><G65/><T59/><D68/><U56/><E114/><V70/><F70/><W15/><G29/><T117/><D117/><U35/><E72/><V40/><F130/><W99/><G43/><T107/><D107/><U94/><E36/><V71/><F71/><W127/><G127/><T19/><REACH who="0" step="1"/><D78/><REACH who="0" ten="184,210,266,330" step="2"/><U95/><E69/><V122/><F119/><W1/><G103/><T109/><D109/><U93/><E121/><V101/><F125/><W97/><G100/><T79/><D79/><U84/><E84/><V32/><F134/><W33/><G102/><T23/><D23/><U110/><E110/><V50/><F101/><W52/><G33/><T31/><D31/><U37/><E35/><V5/><F30/><W82/><G97/><T86/><D86/><U76/><E76/><V54/><F98/><W57/><G99/><T116/><D116/><U96/><E96/><V44/><AGARI ba="0,1" hai="5,11,14,24,28,32,40,44,45,48,50,54,122,123" machi="44" ten="20,7800,0" yaku="0,1,7,1,52,2" doraHai="118" who="2" fromWho="2" sc="184,-26,210,-26,266,88,330,-26" /><INIT seed="2,1,0,0,0,17" ten="158,184,354,304" oya="2" hai0="67,91,79,16,82,72,94,35,43,1,55,28,6" hai1="39,81,131,119,53,123,68,89,15,14,73,87,19" hai2="51,114,65,97,48,98,31,37,118,24,83,33,38" hai3="88,66,4,8,57,78,61,58,49,2,40,100,128"/><V59/><F114/><W36/><G128/><T52/><D67/><U60/><E119/><V45/><F118/><W121/><G121/><T106/><D106/><U108/><E131/><V80/><F38/><W120/><G120/><T125/><D125/><U113/><E123/><V90/><F37/><W75/><G100/><T20/><D43/><U101/><E113/><V47/><F65/><W18/><G18/><T50/><D35/><U54/><E39/><V132/><F59/><W63/><G49/><T30/><D6/><U112/><E112/><V105/><F105/><W29/><G29/><T71/><D1/><U34/><E34/><V116/><F132/><W44/><G88/><T85/><D71/><U124/><E124/><V42/><F116/><W74/><G78/><T0/><D0/><U13/><E73/><V10/><F10/><W99/><REACH who="3" step="1"/><G99/><REACH who="3" ten="158,184,354,294" step="2"/><T117/><D117/><U84/><E108/><V92/><F98/><W129/><G129/><T93/><D93/><U110/><E110/><V56/><F56/><W77/><G77/><T103/><D103/><U27/><E101/><V126/><F126/><W25/><G25/><T46/><D55/><AGARI ba="1,1" hai="24,31,33,42,45,47,48,51,55,80,83,90,92,97" machi="55" ten="30,1500,0" yaku="7,1" doraHai="17" who="2" fromWho="0" sc="158,-18,184,0,354,28,294,0" /><AGARI ba="1,0" hai="2,4,8,36,40,44,55,57,58,61,63,66,74,75" machi="55" ten="30,3900,0" yaku="1,1,7,1,53,1" doraHai="17" doraHaiUra="3" who="3" fromWho="0" sc="140,-39,184,0,382,0,294,39" /><INIT seed="2,2,0,1,0,1" ten="101,184,382,333" oya="2" hai0="7,58,116,13,53,118,15,24,90,94,80,113,50" hai1="100,26,126,81,62,111,65,29,110,17,77,14,122" hai2="106,46,22,47,54,39,28,105,56,134,117,61,66" hai3="41,36,86,19,127,91,25,109,44,18,89,128,92"/><V11/><F117/><W16/><G109/><N who="1" m="41482" /><E126/><V84/><F134/><W74/><G127/><T75/><D113/><U42/><E42/><V70/><F84/><W59/><G128/><T73/><D24/><U32/><E100/><V87/><F87/><W129/><G129/><T12/><D116/><U99/><E99/><V104/><F11/><W8/><G74/><T131/><D118/><U43/><E43/><V101/><F101/><W114/><G114/><T103/><D131/><U115/><E122/><V27/><REACH who="2" step="1"/><F39/><REACH who="2" ten="101,184,372,333" step="2"/><W93/><G8/><T5/><D103/><U95/><E115/><V30/><F30/><W31/><G89/><T20/><D20/><N who="1" m="11319" /><E81/><V10/><F10/><W37/><G36/><T57/><D57/><N who="1" m="37071" /><E77/><V38/><F38/><W83/><REACH who="3" step="1"/><G59/><REACH who="3" ten="101,184,372,323" step="2"/><T82/><D75/><U125/><E125/><V108/><F108/><W79/><G79/><T23/><D23/><AGARI ba="2,2" hai="16,18,19,23,25,31,37,41,44,83,86,91,92,93" machi="23" ten="40,2600,0" yaku="1,1,54,1,53,0" doraHai="1" doraHaiUra="121" who="3" fromWho="0" sc="101,-32,184,0,372,0,323,52" /><INIT seed="3,0,0,5,2,38" ten="69,184,372,375" oya="3" hai0="28,130,14,114,122,73,62,39,13,60,33,75,50" hai1="78,101,67,32,86,22,7,9,107,104,31,113,134" hai2="123,112,26,46,90,118,108,15,110,120,97,52,23" hai3="132,119,56,63,65,20,42,79,125,129,55,16,58"/><W17/><G119/><T106/><D39/><U85/><E32/><V115/><F15/><W93/><G132/><T8/><D106/><U10/><E134/><V45/><F118/><W87/><G129/><T66/><D122/><N who="2" m="46634" /><F90/><N who="3" m="53471" /><G125/><T127/><D130/><U2/><E113/><N who="2" m="43595" /><F97/><W41/><G79/><T6/><D114/><U131/><E131/><V4/><F4/><W54/><G54/><T18/><D127/><U44/><E7/><V74/><F74/><W53/><G55/><T51/><D33/><U100/><E78/><V12/><F12/><N who="3" m="9223" /><G17/><T19/><D18/><U0/><E31/><N who="2" m="17887" /><F52/><W34/><G34/><T128/><D128/><U1/><E1/><V126/><F126/><W47/><G47/><AGARI ba="0,0" hai="45,46,47,108,110" m="17887,43595,46634" machi="47" ten="40,1300,0" yaku="13,1" doraHai="38" who="2" fromWho="3" sc="69,0,184,0,372,13,375,-13" owari="69,-43.1,184,-21.6,385,48.5,362,16.2" /></mjloggm>