<mjloggm ver="2.3"><GO type="225" lobby="0"/><UN n0="%E8%83%83%E3%81%A8%E8%85%B8" n1="%E6%B8%A1%E5%A4%A9%E8%97%8D" n2="%45%6C%79%73%69%75%6D" n3="%E8%B6%85%E7%B4%9A%E9%B3%B3%E5%87%B0" dan="17,16,17,16" rate="2228.84,2109.16,2112.52,2152.93" sx="M,M,F,M"/><TAIKYOKU oya="0"/><INIT seed="0,0,0,3,1,76" ten="250,250,250,250" oya="0" hai0="30,124,104,96,36,97,88,53,0,21,34,18,78" hai1="90,48,127,44,62,71,10,24,118,100,134,47,26" hai2="9,79,98,109,52,129,23,119,99,131,83,93,72" hai3="133,74,126,33,65,68,135,81,80,55,46,128,20"/><T13/><D124/><U41/><E118/><V84/><F9/><W63/><G33/><T42/><D0/><U132/><E127/><V115/><F23/><W116/><G126/><T8/><D34/><U111/><E111/><V91/><F52/><W125/><G125/><T101/><D78/><U95/><E100/><N who="2" m="60495" /><F119/><W56/><G116/><T130/><D130/><N who="2" m="49674" /><F109/><W58/><G128/><T94/><D53/><U38/><E10/><V112/><F99/><W75/><G20/><T122/><D122/><U28/><E62/><V67/><F67/><W14/><G14/><T117/><D117/><U37/><E71/><V31/><F31/><W73/><G46/><T15/><D42/><U123/><E123/><V114/><F91/><W12/><G12/><T6/><REACH who="0" step="1"/><D30/><REACH who="0" ten="240,250,250,250" step="2"/><U107/><E28/><V121/><F121/><W66/><G66/><T49/><D49/><U17/><E48/><V110/><F110/><W40/><G40/><T5/><D5/><U77/><E41/><V2/><F2/><W7/><G7/><T64/><D64/><U92/><E38/><AGARI ba="0,1" hai="6,8,13,15,18,21,36,38,88,94,96,97,101,104" machi="38" ten="40,12000,1" yaku="1,1,54,1,53,2" doraHai="76" doraHaiUra="70" who="0" fromWho="1" sc="240,130,250,-120,250,0,250,0" /><INIT seed="0,1,0,2,3,5" ten="370,130,250,250" oya="0" hai0="24,6,125,69,121,130,94,115,87,103,98,93,13" hai1="126,128,78,16,60,42,71,122,82,85,17,52,112" hai2="63,65,135,50,29,55,109,35,76,47,23,4,46" hai3="56,41,58,30,12,95,70,92,119,114,3,124,19"/><T27/><D115/><U38/><E112/><V8/><F109/><W120/><G114/><T61/><D121/><U54/><E122/><V18/><F135/><W72/><G120/><T44/><D125/><U118/><E118/><V79/><F46/><W97/><G119/><T15/><D130/><U62/><E128/><V132/><F29/><W0/><G70/><T21/><D44/><U116/><E116/><V43/><F35/><W14/><G72/><T80/><D93/><U96/><E126/><V89/><F89/><W10/><G30/><T86/><D86/><U127/><E127/><V102/><F102/><W9/><G124/><T37/><D37/><U83/><E96/><V101/><F101/><W2/><G41/><T68/><D68/><U40/><E85/><V113/><F43/><W100/><REACH who="3" step="1"/><G95/><REACH who="3" ten="370,130,250,240" step="2"/><T26/><D69/><U99/><E71/><V36/><F113/><W31/><G31/><T67/><D94/><U74/><E74/><V39/><F132/><W77/><G77/><T53/><D80/><U64/><E78/><V20/><F79/><W59/><G59/><T75/><D75/><U34/><E34/><V22/><F76/><W108/><G108/><T107/><D107/><U66/><REACH who="1" step="1"/><E99/><REACH who="1" ten="370,120,250,240" step="2"/><V133/><F133/><W88/><G88/><T51/><D98/><U73/><E73/><V84/><F84/><W134/><G134/><T25/><D87/><U129/><E129/><V32/><F32/><W48/><G48/><T91/><D51/><U105/><E105/><V11/><F39/><AGARI ba="1,2" hai="16,17,38,39,40,42,52,54,60,62,64,66,82,83" machi="39" ten="25,8000,1" yaku="1,1,22,2,54,2,53,0" doraHai="5" doraHaiUra="28" who="1" fromWho="2" sc="370,0,120,103,250,-83,240,0" /><INIT seed="1,0,0,4,0,106" ten="370,223,167,240" oya="1" hai0="92,4,129,103,20,55,57,90,80,0,118,114,117" hai1="101,14,82,15,135,16,25,130,33,120,69,84,61" hai2="62,96,122,42,40,60,126,28,87,67,79,59,98" hai3="58,119,3,51,86,121,75,115,12,11,41,77,52"/><U19/><E120/><V5/><F122/><W2/><G121/><T45/><D114/><U71/><E130/><V34/><F126/><W37/><G115/><T74/><D129/><U30/><E135/><V132/><F132/><W66/><G119/><T31/><D103/><U8/><E101/><V91/><F79/><W32/><G32/><T23/><D45/><U116/><E61/><V48/><F5/><W35/><G35/><T107/><D107/><U13/><E116/><V22/><F34/><W112/><G112/><T127/><D127/><U76/><REACH who="1" step="1"/><E14/><REACH who="1" ten="370,213,167,240" step="2"/><V68/><F62/><W100/><G100/><T133/><D133/><U64/><E64/><V110/><F110/><W89/><G66/><T65/><D65/><U56/><E56/><V47/><F68/><W95/><G12/><T94/><D118/><U128/><E128/><V93/><REACH who="2" step="1"/><F42/><REACH who="2" ten="370,213,157,240" step="2"/><W17/><G41/><T1/><D117/><U111/><E111/><V113/><F113/><W109/><G109/><T24/><D1/><U123/><E123/><V97/><F97/><W73/><G2/><T134/><D134/><U18/><E18/><V72/><F72/><W54/><G3/><T83/><D74/><U88/><E88/><V9/><F9/><AGARI ba="0,2" hai="8,9,13,15,16,19,25,30,33,69,71,76,82,84" machi="9" ten="30,11600,0" yaku="1,1,7,1,9,1,54,1,53,0" doraHai="106" doraHaiUra="46" who="1" fromWho="2" sc="370,0,213,136,157,-116,240,0" /><INIT seed="1,1,0,3,5,118" ten="370,349,41,240" oya="1" hai0="55,45,112,65,97,77,31,110,114,27,100,115,125" hai1="116,123,23,5,72,95,68,29,102,30,117,67,133" hai2="113,28,128,120,64,119,33,25,37,106,44,36,76" hai3="71,4,96,7,51,2,26,11,122,91,81,35,1"/><U61/><E72/><V69/><F119/><W131/><G71/><T63/><D110/><U73/><E73/><V54/><F128/><W13/><G131/><T94/><D77/><U22/><E133/><V109/><F109/><W129/><G129/><T24/><D125/><U10/><E123/><V49/><F113/><W18/><G122/><T135/><D135/><U58/><E68/><V47/><F120/><W38/><G38/><T111/><D111/><U40/><E40/><V60/><F76/><W104/><G51/><T50/><REACH who="0" step="1"/><D31/><REACH who="0" ten="360,349,41,240" step="2"/><U87/><E116/><V80/><F80/><W3/><G81/><T8/><D8/><U134/><E117/><V19/><F19/><W48/><G18/><T82/><D82/><U15/><E134/><V93/><F93/><W101/><G11/><T124/><D124/><U121/><E30/><V17/><F17/><W52/><G104/><T34/><D34/><U86/><E29/><V0/><F0/><W16/><G35/><T32/><D32/><U42/><E22/><V105/><F105/><W107/><G1/><T83/><D83/><U85/><E23/><V79/><F79/><W6/><G2/><T98/><D98/><N who="1" m="59743" /><E121/><V70/><F106/><W66/><G107/><T90/><D90/><U9/><E9/><V56/><F36/><W20/><G91/><T21/><D21/><U41/><AGARI ba="1,1" hai="5,10,15,41,42,58,61,67,85,86,87" m="59743" machi="41" ten="30,1500,0" yaku="8,1" doraHai="118" who="1" fromWho="1" sc="360,-6,349,28,41,-6,240,-6" /><INIT seed="1,2,0,3,5,58" ten="354,377,35,234" oya="1" hai0="122,50,129,59,80,97,123,128,78,120,110,72,4" hai1="9,107,108,36,8,102,101,52,92,39,46,131,34" hai2="109,66,126,70,106,124,65,20,49,57,55,71,40" hai3="32,112,116,22,76,0,47,91,87,14,21,62,60"/><U64/><E34/><V13/><F106/><W11/><G112/><T100/><D4/><U63/><E107/><V75/><F75/><W83/><G32/><T23/><D23/><N who="3" m="8713" /><G0/><T113/><D113/><U69/><E36/><V29/><F13/><W19/><G116/><T5/><D5/><U115/><E115/><V118/><F20/><W121/><G121/><T95/><D110/><U1/><E108/><V77/><F77/><W38/><G38/><T25/><D25/><U73/><E73/><V94/><F29/><W82/><G47/><T2/><D2/><U125/><E1/><V86/><F86/><AGARI ba="2,0" hai="11,14,19,60,62,76,82,83,86,87,91" m="8713" machi="86" ten="30,3900,0" yaku="8,1,52,2" doraHai="58" who="3" fromWho="2" sc="354,0,377,0,35,-45,234,45" owari="354,15.4,377,47.7,-10,-51.0,279,-12.1" /></mjloggm>