<mjloggm ver="2.3"><GO type="225" lobby="0"/><UN n0="%E3%81%B5%E3%81%98%E3%81%8B%E3%81%A4" n1="%E3%83%8F%E3%83%B3%E3%83%89%E3%83%A9%E3%83%BC%E3%83%BB%E3%83%AF%E3%83%B3" n2="%E5%8D%A0%E3%81%84%E5%B8%AB%E8%A3%8F%E3%81%AA%E3%81%84%E3%81%97" n3="%E6%81%A5%E6%99%92%E3%81%97" dan="16,17,17,16" rate="2133.71,2232.33,2138.53,2150.50" sx="M,M,M,M"/><TAIKYOKU oya="0"/><INIT seed="0,0,0,3,4,51" ten="250,250,250,250" oya="0" hai0="1,129,115,49,30,36,41,13,16,106,81,70,53" hai1="91,114,104,78,37,97,39,94,92,20,71,32,10" hai2="101,33,3,9,79,120,119,5,96,80,50,68,123" hai3="27,118,88,111,65,128,59,21,54,127,60,35,85"/><T69/><D115/><U116/><E32/><V122/><F119/><W133/><G118/><T0/><D106/><U102/><E116/><V25/><F68/><W22/><G111/><T105/><D105/><U77/><E71/><V93/><F33/><W121/><G127/><T74/><D30/><U100/><E20/><V64/><F64/><W67/><G128/><T130/><D70/><U112/><E10/><V86/><F25/><W7/><G133/><T61/><D74/><U84/><E37/><V55/><REACH who="2" step="1"/><F120/><REACH who="2" ten="250,250,240,250" step="2"/><W95/><G121/><T135/><D135/><U117/><E117/><V125/><F125/><W109/><G109/><T103/><D69/><U4/><E114/><V19/><F19/><N who="3" m="12735" /><G35/><T57/><D130/><U38/><E112/><V18/><F18/><W14/><G7/><T8/><D129/><U98/><E4/><V87/><F87/><W24/><G14/><T131/><D131/><U45/><REACH who="1" step="1"/><E38/><REACH who="1" ten="250,240,240,250" step="2"/><V126/><F126/><W46/><G46/><AGARI ba="0,2" hai="3,5,9,46,50,55,79,80,86,93,96,101,122,123" machi="46" ten="30,3900,0" yaku="1,1,7,1,52,1,53,0" doraHai="51" doraHaiUra="107" who="2" fromWho="3" sc="250,0,240,0,240,59,250,-39" /><INIT seed="1,0,0,4,5,121" ten="250,240,299,211" oya="1" hai0="45,126,43,122,90,130,56,81,104,54,44,101,117" hai1="79,69,16,22,50,27,132,31,42,25,10,48,34" hai2="67,114,8,32,123,35,60,98,57,26,62,107,108" hai3="80,105,112,133,74,118,39,95,97,75,103,76,72"/><U1/><E69/><V129/><F123/><W61/><G112/><T73/><D122/><U46/><E132/><V13/><F114/><W111/><G133/><T23/><D117/><U134/><E134/><V58/><F129/><W110/><G39/><T41/><D130/><U15/><E79/><V0/><F0/><W37/><G37/><T99/><D126/><U33/><E1/><V125/><F125/><W68/><G118/><T78/><D44/><U89/><E89/><V66/><F26/><W115/><G115/><T82/><D23/><U84/><E84/><V24/><F24/><W85/><REACH who="3" step="1"/><G105/><REACH who="3" ten="250,240,299,201" step="2"/><T102/><D104/><U94/><E94/><V106/><F106/><W87/><G87/><N who="0" m="50551" /><D73/><U77/><E77/><V40/><F107/><W28/><G28/><T128/><D128/><U93/><E93/><V109/><F98/><W4/><G4/><T11/><D81/><U100/><E100/><V131/><F131/><W70/><G70/><T47/><D78/><U9/><E48/><V18/><REACH who="2" step="1"/><F40/><REACH who="2" ten="250,240,289,201" step="2"/><W52/><G52/><T135/><D43/><U55/><E42/><V120/><F120/><W49/><G49/><T6/><D135/><U30/><AGARI ba="0,2" hai="9,10,15,16,22,25,27,30,31,33,34,46,50,55" machi="30" ten="30,6000,0" yaku="0,1,9,1,54,1" doraHai="121" who="1" fromWho="1" sc="250,-20,240,80,289,-20,201,-20" /><INIT seed="1,1,0,0,2,105" ten="230,320,269,181" oya="1" hai0="63,74,55,4,23,60,58,101,47,126,93,16,66" hai1="2,15,29,38,8,130,54,84,75,26,31,110,28" hai2="116,72,36,62,13,98,88,121,53,51,71,69,134" hai3="81,3,73,113,25,34,102,0,118,122,87,12,22"/><U19/><E38/><V90/><F116/><W5/><G122/><T127/><D4/><U85/><E130/><V30/><F121/><W43/><G113/><T94/><D74/><U115/><E115/><V7/><F36/><W70/><G70/><T112/><D112/><U64/><E75/><V11/><F134/><W61/><G118/><T1/><D1/><U27/><E2/><V92/><F30/><W52/><G43/><T129/><D129/><U68/><E68/><V117/><F117/><W96/><G34/><T128/><D128/><U78/><E64/><V76/><F90/><W42/><G42/><T17/><D17/><U103/><E103/><V108/><F62/><W41/><G41/><T119/><D119/><U97/><E97/><V59/><REACH who="2" step="1"/><F108/><REACH who="2" ten="230,320,259,181" step="2"/><W124/><G61/><T80/><D63/><U135/><E110/><V40/><F40/><W21/><G0/><T107/><D66/><U44/><E135/><V79/><F79/><W82/><G3/><T33/><D60/><U49/><E78/><V91/><F91/><W86/><G52/><T37/><D55/><U104/><E104/><V45/><F45/><W109/><G109/><T123/><D47/><U83/><E29/><V24/><F24/><W18/><G25/><T9/><D107/><U14/><E28/><V106/><F106/><W39/><G39/><T120/><D37/><U57/><E31/><V6/><F6/><W77/><G5/><T125/><D123/><U56/><E27/><V100/><F100/><W48/><G102/><T114/><D101/><U131/><E26/><V50/><F50/><RYUUKYOKU ba="1,1" sc="230,-10,320,-10,259,30,181,-10" hai2="7,11,13,51,53,59,69,71,72,76,88,92,98" /><INIT seed="2,2,1,4,3,45" ten="220,310,289,171" oya="2" hai0="66,77,101,23,85,103,52,38,49,127,64,8,111" hai1="110,58,22,35,7,48,16,129,107,14,92,12,118" hai2="82,33,61,26,122,36,115,0,97,89,104,68,24" hai3="95,105,5,25,20,126,10,39,121,133,88,112,108"/><V28/><F115/><W19/><G121/><T99/><D38/><U128/><E107/><V134/><F122/><W34/><G112/><T2/><D111/><U135/><E35/><V71/><F134/><W73/><G108/><T70/><D127/><U119/><E110/><V1/><F26/><W114/><G114/><T72/><D72/><U83/><E135/><V87/><F36/><W9/><G105/><T6/><D23/><U65/><E92/><V51/><F51/><W37/><G133/><T57/><D70/><U46/><E83/><V56/><F68/><W3/><G126/><T69/><D69/><U123/><E123/><V4/><F4/><W43/><G73/><T79/><D103/><U102/><E102/><N who="2" m="62543" /><F56/><W80/><G80/><T132/><D132/><U54/><E7/><V11/><F11/><W86/><G43/><T100/><D100/><U55/><E12/><V94/><F94/><W124/><G124/><T47/><D85/><U31/><E31/><V63/><F63/><W29/><REACH who="3" step="1"/><G10/><REACH who="3" ten="220,310,289,161" step="2"/><T40/><D40/><U67/><E119/><V53/><F53/><W17/><G17/><T41/><D41/><U44/><E118/><V120/><F120/><W32/><G32/><T109/><D109/><U60/><E55/><V59/><F59/><W96/><G96/><T27/><D57/><U30/><E58/><V91/><F71/><W75/><G75/><T21/><D99/><U125/><E54/><V50/><F61/><W84/><G84/><T13/><D8/><U130/><E125/><V106/><F87/><W62/><G62/><T76/><D52/><RYUUKYOKU ba="2,2" sc="220,-10,310,-10,289,-10,161,30" hai3="3,5,9,19,20,25,29,34,37,39,86,88,95" /><INIT seed="3,3,2,0,1,6" ten="210,300,279,191" oya="3" hai0="133,31,86,48,52,3,76,53,122,70,93,128,38" hai1="40,97,77,96,102,109,112,9,91,57,116,35,121" hai2="34,32,23,87,62,63,60,11,4,0,125,59,22" hai3="64,17,88,25,54,7,113,19,13,123,5,108,37"/><W43/><G113/><T30/><D122/><U129/><E121/><V39/><F39/><W36/><G123/><T21/><D38/><U135/><E112/><V10/><F125/><W82/><G37/><T100/><D3/><U127/><E35/><V75/><F75/><W83/><G108/><T131/><D70/><U104/><E109/><V12/><F32/><W94/><G64/><T61/><D133/><U114/><E114/><V120/><F34/><W41/><G54/><T90/><D100/><U66/><E127/><V80/><F120/><W81/><G25/><T74/><D61/><N who="2" m="23658" /><F10/><N who="3" m="6327" /><G36/><T26/><D53/><U101/><E66/><N who="2" m="39295" /><F0/><W118/><G118/><T79/><D74/><U58/><E116/><V89/><AGARI ba="3,2" hai="4,11,12,22,23,80,87,89" m="39295,23658" machi="89" ten="30,2000,0" yaku="8,1,52,1" doraHai="6" who="2" fromWho="2" sc="210,-8,300,-8,279,49,191,-13" owari="202,-19.8,292,9.2,328,42.8,178,-32.2" /></mjloggm>