<mjloggm ver="2.3"><GO type="225" lobby="0"/><UN n0="%E7%B4%94%E6%BD%94%E3%83%94%E3%83%A9%E3%83%8B%E3%82%A2" n1="%6D%75%75%6D%75%72%61" n2="%72%69%6F%75%63%68%61%6E" n3="%77%72%77%72%77%72%77%72" dan="16,16,16,16" rate="2156.01,2143.25,2104.74,2215.45" sx="M,F,M,M"/><TAIKYOKU oya="0"/><INIT seed="0,0,0,3,2,112" ten="250,250,250,250" oya="0" hai0="6,97,5,131,68,8,17,39,116,7,40,81,42" hai1="33,96,126,86,99,18,71,125,93,117,14,122,105" hai2="107,94,24,92,75,70,83,56,34,124,30,64,89" hai3="36,87,115,91,127,111,9,108,98,101,3,104,38"/><T57/><D68/><U63/><E122/><V35/><F124/><N who="1" m="47721" /><E33/><V48/><F107/><W80/><G127/><T60/><D131/><U133/><E133/><V1/><F1/><W43/><G115/><T132/><D132/><U114/><E114/><V0/><F0/><W27/><G27/><T90/><D39/><U32/><E32/><V20/><F70/><W65/><G65/><T88/><D116/><U134/><E134/><V102/><F102/><W78/><G91/><N who="0" m="34859" /><D97/><U59/><E71/><V74/><F94/><W23/><G23/><T16/><D81/><U67/><E86/><V103/><F103/><W2/><G2/><T135/><D135/><U50/><E93/><V58/><F34/><W118/><G118/><T11/><D8/><N who="1" m="6471" /><E105/><V46/><F35/><W25/><G3/><T26/><D26/><U82/><E82/><V79/><F75/><W49/><G25/><T52/><D17/><U123/><E123/><V119/><F119/><W31/><G31/><T21/><D21/><U51/><E117/><V53/><REACH who="2" step="1"/><F64/><REACH who="2" ten="250,250,240,250" step="2"/><W15/><G104/><T110/><D110/><U54/><E67/><V4/><F4/><N who="3" m="3495" /><G111/><T128/><D128/><U61/><E99/><AGARI ba="0,1" hai="20,24,30,46,48,53,56,58,74,79,83,89,92,99" machi="99" ten="30,2000,0" yaku="1,1,7,1,53,0" doraHai="112" doraHaiUra="29" who="2" fromWho="1" sc="250,0,250,-20,240,30,250,0" /><INIT seed="1,0,0,2,5,96" ten="250,230,270,250" oya="1" hai0="2,49,119,126,95,104,57,118,5,116,11,38,16" hai1="40,100,35,6,31,0,68,99,18,79,20,34,3" hai2="12,97,74,14,41,19,82,103,76,88,33,93,123" hai3="13,27,81,32,71,25,10,26,133,110,84,44,106"/><U30/><E68/><V51/><F123/><W28/><G71/><T17/><D104/><U70/><E70/><V15/><F33/><W73/><G73/><T59/><D38/><U55/><E79/><V114/><F114/><W135/><G106/><T67/><D126/><U127/><E127/><V91/><REACH who="2" step="1"/><F19/><REACH who="2" ten="250,230,260,250" step="2"/><W102/><G32/><T75/><D16/><U1/><E35/><V7/><F7/><W58/><G28/><T92/><D17/><U122/><E31/><V111/><F111/><W86/><G110/><T78/><D5/><U46/><E122/><V66/><F66/><W107/><G135/><T124/><D124/><U77/><E30/><V131/><F131/><W105/><G133/><T36/><D67/><U80/><E34/><V128/><F128/><W45/><G27/><T61/><D119/><U21/><E6/><V39/><F39/><W62/><G26/><T24/><D24/><U56/><E18/><V23/><F23/><W134/><G25/><T50/><D36/><U63/><E21/><V8/><F8/><W115/><G10/><T109/><D11/><U98/><E20/><V47/><AGARI ba="0,1" hai="12,14,15,41,47,51,74,76,82,88,91,93,97,103" machi="47" ten="30,7900,0" yaku="1,1,0,1,52,1,54,1,53,0" doraHai="96" doraHaiUra="113" who="2" fromWho="2" sc="250,-20,230,-39,260,89,250,-20" /><INIT seed="2,0,0,2,3,6" ten="230,191,349,230" oya="2" hai0="100,17,112,87,129,114,101,12,121,91,70,127,29" hai1="20,33,48,42,26,28,90,74,23,78,34,66,31" hai2="96,0,1,122,54,93,134,56,67,51,8,97,77" hai3="2,84,124,99,79,63,117,21,109,5,82,47,25"/><V128/><F122/><W60/><G117/><T13/><D121/><U24/><E66/><V98/><F128/><W64/><G109/><T10/><D70/><U132/><E132/><V22/><F134/><W32/><G124/><T46/><D127/><U57/><E90/><V76/><F93/><W72/><G32/><T14/><D129/><U103/><E103/><V125/><F125/><W9/><G99/><T111/><D111/><U85/><E85/><V116/><F116/><W113/><G113/><T106/><D106/><U135/><E135/><V81/><F77/><W89/><G64/><T43/><D29/><U108/><E108/><V126/><F126/><W71/><G71/><T88/><D91/><U16/><E57/><V50/><F67/><W44/><G44/><T119/><D119/><U58/><E42/><V75/><F22/><W62/><G47/><T30/><D30/><U102/><E102/><N who="0" m="39529" /><D114/><U59/><E59/><V18/><REACH who="2" step="1"/><F51/><REACH who="2" ten="230,191,339,230" step="2"/><W92/><REACH who="3" step="1"/><G60/><REACH who="3" ten="230,191,339,220" step="2"/><T53/><D112/><U123/><E123/><V39/><F39/><W69/><G69/><T110/><D110/><U15/><E34/><V27/><F27/><W73/><G73/><T45/><D43/><U41/><E33/><V52/><F52/><W38/><G38/><T130/><D130/><U83/><E41/><V11/><F11/><W4/><G4/><T133/><D133/><U65/><E65/><V115/><F115/><W95/><G95/><N who="0" m="54687" /><D53/><N who="1" m="32039" /><E74/><V105/><F105/><W40/><G40/><T80/><D80/><U107/><E107/><V131/><F131/><W55/><G55/><T19/><D10/><RYUUKYOKU ba="0,2" sc="230,10,191,-30,339,10,220,10" hai0="12,13,14,17,19,45,46" hai2="0,1,8,18,50,54,56,75,76,81,96,97,98" hai3="2,5,9,21,25,62,63,72,79,82,84,89,92" /><INIT seed="2,1,2,5,2,35" ten="240,161,349,230" oya="2" hai0="5,52,90,63,85,70,29,19,88,121,46,14,98" hai1="18,50,54,58,128,3,81,67,26,31,87,117,109" hai2="21,53,133,56,60,25,123,48,73,47,101,66,1" hai3="61,15,51,41,97,119,135,129,79,125,64,33,11"/><V55/><F123/><W36/><G119/><T116/><D116/><U105/><E117/><V37/><F133/><W34/><G135/><T100/><D121/><U65/><E105/><V120/><F120/><W103/><G36/><T8/><D29/><U45/><E109/><V42/><F73/><W104/><G129/><T28/><D28/><U114/><E114/><V68/><F101/><W17/><G125/><T107/><D70/><U12/><E128/><V82/><F82/><W71/><REACH who="3" step="1"/><G79/><REACH who="3" ten="240,161,349,220" step="2"/><T113/><D113/><U92/><E92/><V122/><F122/><W74/><G74/><T49/><D63/><U94/><E94/><V83/><F83/><W22/><G22/><T95/><REACH who="0" step="1"/><D90/><REACH who="0" ten="230,161,349,220" step="2"/><U86/><E86/><V57/><F60/><W13/><G13/><T78/><D78/><U2/><E87/><V89/><F89/><W118/><G118/><T108/><D108/><U39/><E12/><V91/><F25/><W23/><G23/><T75/><D75/><U6/><E26/><V69/><F21/><W115/><G115/><T124/><D124/><U27/><E27/><V38/><F91/><W7/><G7/><AGARI ba="1,4" hai="5,7,8,14,19,46,49,52,85,88,95,98,100,107" machi="7" ten="40,5200,0" yaku="1,1,54,2,53,0" doraHai="35" doraHaiUra="76" who="0" fromWho="3" sc="230,95,161,0,349,0,220,-55" /><INIT seed="3,0,0,2,2,73" ten="325,161,349,165" oya="3" hai0="109,115,59,57,84,80,6,101,31,99,82,67,103" hai1="19,129,102,14,4,48,15,37,45,92,119,60,10" hai2="1,27,3,121,133,98,72,89,24,90,18,96,20" hai3="7,30,108,118,83,23,55,117,116,100,8,11,112"/><W120/><G112/><T58/><D115/><U47/><E37/><V61/><F72/><W79/><G120/><T71/><D109/><U52/><E129/><V2/><F121/><W76/><G108/><T32/><D6/><U51/><E119/><V28/><F133/><W94/><G55/><T97/><D32/><U78/><E78/><V130/><F130/><W62/><G62/><T65/><D71/><U126/><E126/><V35/><F61/><W104/><G104/><T95/><D31/><U110/><E110/><V36/><F36/><W63/><G63/><T74/><D74/><U125/><E125/><V88/><AGARI ba="0,0" hai="1,2,3,18,20,24,27,28,35,88,89,90,96,98" machi="88" ten="40,2700,0" yaku="0,1,54,1" doraHai="73" who="2" fromWho="2" sc="325,-7,161,-7,349,27,165,-13" owari="318,11.8,154,-24.6,376,47.6,152,-34.8" /></mjloggm>