<mjloggm ver="2.3"><GO type="225" lobby="0"/><UN n0="%E5%A4%9C%E5%85%89%E5%A4%A9%E6%A5%BC" n1="%E3%83%8F%E3%83%B3%E3%83%89%E3%83%A9%E3%83%BC%E3%83%BB%E3%83%AF%E3%83%B3" n2="%33%74%72%65%65" n3="%E3%81%AF%E3%82%88%E3%81%8A%E3%81%98%E3%81%95%E3%82%93" dan="17,17,16,17" rate="2198.55,2192.37,2205.99,2185.44" sx="M,M,F,M"/><TAIKYOKU oya="0"/><INIT seed="0,0,0,1,0,101" ten="250,250,250,250" oya="0" hai0="123,81,103,16,58,44,82,111,97,69,45,107,112" hai1="27,118,0,77,110,71,55,117,93,35,31,134,90" hai2="67,133,33,88,52,19,135,5,8,96,66,80,113" hai3="24,68,99,62,28,121,3,131,86,57,32,47,95"/><T30/><D112/><U91/><E0/><V18/><F113/><W14/><G3/><T70/><D123/><U109/><E71/><V64/><F33/><W85/><G131/><T75/><D69/><U40/><E134/><N who="2" m="51211" /><F5/><W76/><G121/><T125/><D70/><U132/><E132/><V83/><F83/><W46/><G68/><T50/><D30/><U94/><E77/><V59/><F8/><W78/><G14/><T23/><D125/><U43/><E55/><V13/><F13/><W56/><G56/><T22/><D111/><N who="1" m="42507" /><E93/><N who="2" m="56359" /><F80/><N who="0" m="30826" /><D23/><U54/><E54/><V39/><F39/><W127/><G127/><T17/><D107/><U119/><E91/><V102/><F102/><W84/><G78/><T48/><D75/><U21/><E35/><V12/><F12/><W108/><G76/><T38/><D38/><U63/><E63/><AGARI ba="0,0" hai="18,19,52,59,63,64,66,67" m="56359,51211" machi="63" ten="30,3900,0" yaku="20,1,54,2" doraHai="101" who="2" fromWho="1" sc="250,0,250,-39,250,39,250,0" /><INIT seed="1,0,0,4,5,122" ten="250,211,289,250" oya="1" hai0="71,30,124,116,88,115,79,65,97,94,69,63,43" hai1="117,98,33,58,53,104,14,12,121,90,96,93,118" hai2="50,64,17,85,16,40,77,5,92,45,48,86,44" hai3="114,24,113,22,80,46,8,19,49,13,120,70,57"/><U75/><E121/><V101/><F5/><W95/><G120/><T108/><D115/><U66/><E33/><V1/><F1/><W32/><G70/><T59/><D116/><U87/><E75/><V76/><F64/><W107/><G107/><T11/><D124/><U7/><E66/><V111/><F101/><W110/><G110/><T100/><D108/><U23/><E104/><V106/><F106/><W109/><G109/><T72/><D43/><U67/><E67/><V27/><F111/><W36/><G32/><T102/><D30/><U38/><E38/><V84/><F92/><W35/><G35/><T54/><D11/><N who="1" m="4223" /><E118/><V105/><F105/><W60/><G36/><T130/><D130/><U112/><E112/><V2/><F2/><W68/><G68/><T62/><REACH who="0" step="1"/><D71/><REACH who="0" ten="240,211,289,250" step="2"/><U39/><E117/><V37/><F40/><W28/><G114/><T47/><D47/><U31/><E39/><V74/><F37/><W9/><G113/><T91/><D91/><U83/><E31/><V52/><F44/><W129/><G129/><T73/><D73/><U55/><E58/><V34/><F74/><W99/><G8/><T26/><D26/><U81/><E23/><V15/><F27/><W4/><G28/><T127/><D127/><U78/><E78/><V42/><F34/><W135/><G46/><T10/><D10/><U56/><E56/><N who="2" m="32775" /><F77/><W103/><G57/><T25/><D25/><U29/><E29/><V20/><F76/><W3/><G24/><T119/><D119/><U51/><E90/><V6/><F6/><W21/><G4/><T133/><D133/><RYUUKYOKU ba="0,1" sc="240,15,211,-15,289,15,250,-15" hai0="54,59,62,63,65,69,72,79,88,94,97,100,102" hai2="15,16,17,20,42,45,50,84,85,86" /><INIT seed="2,1,1,5,0,30" ten="255,196,304,235" oya="2" hai0="39,43,11,83,32,20,27,13,109,70,85,132,26" hai1="79,68,128,74,37,91,124,101,99,1,80,52,87" hai2="12,108,97,29,114,90,82,78,71,14,94,115,16" hai3="116,120,65,77,103,8,64,60,134,22,75,0,47"/><V36/><F71/><W5/><G120/><T84/><D70/><U130/><E1/><V131/><F131/><N who="1" m="50217" /><E68/><V102/><F36/><W89/><G116/><T57/><D109/><U111/><E37/><V4/><F108/><W49/><G134/><T92/><D132/><U25/><E25/><V35/><F102/><W96/><G89/><N who="0" m="53295" /><D32/><U50/><E111/><V41/><F41/><W53/><G22/><T123/><D39/><U86/><E91/><V129/><F129/><W15/><G0/><T100/><D100/><U93/><E124/><V104/><F104/><W19/><G5/><T121/><D43/><U81/><E81/><V40/><F40/><W31/><G31/><N who="0" m="17863" /><D27/><U51/><E51/><V56/><F114/><W42/><G77/><T24/><D24/><U23/><E23/><V63/><F115/><W125/><G75/><T135/><D135/><U7/><E7/><V38/><F38/><W62/><G125/><T119/><D119/><U61/><E61/><N who="3" m="23658" /><G42/><T17/><D121/><U54/><E54/><V105/><F78/><W67/><G103/><T6/><D6/><U58/><AGARI ba="1,1" hai="50,52,58,74,79,80,86,87,93,99,101" m="50217" machi="58" ten="30,2000,0" yaku="19,1,54,1" doraHai="30" who="1" fromWho="1" sc="255,-6,196,33,304,-11,235,-6" /><INIT seed="3,0,0,1,5,70" ten="249,229,293,229" oya="3" hai0="61,40,125,116,88,95,91,105,43,77,82,86,10" hai1="79,62,102,72,1,131,64,53,15,71,52,50,46" hai2="118,47,36,78,85,122,87,29,103,8,80,59,127" hai3="20,45,18,6,16,115,123,26,13,19,133,14,113"/><W108/><G45/><T69/><D116/><U34/><E1/><V5/><F118/><W22/><G123/><T54/><D125/><U130/><E34/><V111/><F127/><W67/><G67/><T120/><D120/><U37/><E102/><V24/><F111/><W68/><G68/><T17/><D105/><U83/><E15/><V23/><F103/><W21/><G108/><T56/><D69/><U101/><E101/><V55/><F122/><W117/><G117/><T135/><D77/><U57/><E53/><V30/><F30/><W7/><G133/><T81/><D135/><U112/><E112/><AGARI ba="0,0" hai="6,7,13,14,16,18,19,20,21,22,26,112,113,115" machi="112" ten="40,12000,1" yaku="9,1,34,3,54,1" doraHai="70" who="3" fromWho="1" sc="249,0,229,-120,293,0,229,120" owari="249,-15.1,109,-39.1,293,9.3,349,44.9" /></mjloggm>