<mjloggm ver="2.3"><GO type="225" lobby="0"/><UN n0="%6D%75%75%6D%75%72%61" n1="%4E%6F%2E%30%30%30%31" n2="%E6%A1%9C%E8%8A%B1%E9%96%83%E3%80%85" n3="%48%61%61%61%6C%61%6E%64" dan="17,18,18,17" rate="2225.85,2237.31,2240.02,2198.74" sx="F,M,M,M"/><TAIKYOKU oya="0"/><INIT seed="0,0,0,2,0,40" ten="250,250,250,250" oya="0" hai0="96,124,84,20,65,4,128,130,54,77,99,133,82" hai1="26,44,115,37,119,111,75,131,129,64,1,39,59" hai2="108,16,120,21,5,98,104,25,71,51,101,116,80" hai3="41,19,45,110,27,55,81,32,14,69,23,105,62"/><T22/><D124/><U79/><E119/><V31/><F120/><W114/><G114/><T18/><D65/><U29/><E111/><V63/><F108/><W6/><G110/><T2/><D133/><U30/><E115/><V58/><F116/><W15/><G105/><T61/><D2/><U13/><E1/><V0/><F71/><W74/><G32/><T12/><D4/><U73/><E13/><V106/><F106/><W95/><G95/><T66/><D54/><U24/><E59/><V102/><F102/><W3/><G55/><T60/><D20/><U38/><E64/><V103/><F103/><W28/><G28/><N who="1" m="10858" /><E44/><V127/><F127/><W11/><G62/><T123/><D123/><U92/><E92/><V85/><F31/><W42/><G69/><T121/><D121/><U97/><E97/><V35/><F51/><W107/><G107/><T91/><D60/><U132/><E79/><V49/><F49/><W90/><G74/><N who="1" m="28170" /><E132/><V46/><F46/><W109/><G109/><T50/><D50/><U87/><E87/><V33/><F5/><W89/><G42/><T9/><D22/><U17/><E17/><V125/><F0/><W134/><G134/><T52/><D52/><U118/><E118/><V117/><F117/><W112/><G112/><T78/><D78/><U56/><E56/><V10/><F125/><W48/><G3/><T72/><D72/><U36/><N who="1" m="9216" /><DORA hai="83" /><U94/><E94/><V76/><F10/><N who="3" m="4439" /><G81/><T93/><REACH who="0" step="1"/><D96/><REACH who="0" ten="240,250,250,250" step="2"/><U135/><E135/><V67/><AGARI ba="0,1" hai="16,21,25,33,35,58,63,67,76,80,85,98,101,104" machi="67" ten="20,5200,0" yaku="0,1,7,1,52,1,54,1" doraHai="40,83" who="2" fromWho="2" sc="240,-26,250,-13,250,62,250,-13" /><INIT seed="1,0,0,0,4,24" ten="214,237,312,237" oya="1" hai0="65,130,67,75,108,66,121,116,32,48,35,5,30" hai1="45,106,74,29,60,3,117,55,59,79,80,97,132" hai2="85,9,18,23,87,21,109,135,122,99,49,120,73" hai3="134,41,25,123,11,63,96,31,19,20,104,88,22"/><U44/><E117/><V113/><F73/><W58/><G123/><T131/><D116/><U39/><E132/><V124/><F135/><W110/><G134/><T27/><D121/><U13/><E3/><V33/><F33/><W92/><G110/><T95/><D108/><U2/><E2/><V83/><F87/><W15/><G104/><T115/><D115/><U93/><E106/><V6/><F23/><W62/><G41/><T43/><D75/><U94/><E39/><V1/><F109/><W61/><REACH who="3" step="1"/><G11/><REACH who="3" ten="214,237,312,227" step="2"/><T102/><D43/><U68/><E68/><V112/><F120/><W105/><G105/><T4/><D130/><U36/><E36/><V7/><F122/><W50/><G50/><T28/><D131/><U40/><E40/><V119/><F49/><W101/><G101/><T71/><D48/><U128/><E128/><V38/><F38/><W72/><G72/><T42/><D42/><U57/><E74/><V56/><F119/><W114/><G114/><T107/><D107/><U53/><E60/><V127/><F112/><W12/><G12/><T77/><D71/><U10/><E13/><N who="2" m="9423" /><F113/><W129/><G129/><T17/><D102/><U8/><E8/><V34/><F9/><W14/><G14/><T103/><D103/><U69/><E10/><V0/><F1/><W125/><G125/><T16/><D4/><U81/><E69/><V86/><F0/><W64/><AGARI ba="0,1" hai="15,19,20,22,25,31,58,61,62,63,64,88,92,96" machi="64" ten="20,12000,2" yaku="1,1,0,1,7,1,8,1,52,1,54,1,53,0" doraHai="24" doraHaiUra="47" who="3" fromWho="3" sc="214,-30,237,-60,312,-30,227,130" /><INIT seed="2,0,0,3,0,39" ten="184,177,282,357" oya="2" hai0="67,95,24,101,78,27,29,2,99,66,42,121,61" hai1="55,115,10,30,114,108,54,36,74,43,31,49,14" hai2="113,68,103,32,28,127,70,123,53,11,98,90,65" hai3="120,72,107,73,117,40,59,76,4,0,26,35,64"/><V91/><F123/><W57/><G120/><T60/><D121/><U119/><E119/><V87/><F113/><W129/><G107/><T5/><D78/><U6/><E74/><V37/><F127/><W23/><G35/><T126/><D126/><U110/><E114/><V62/><F37/><W109/><G109/><N who="1" m="42090" /><E115/><V33/><F68/><W52/><G129/><T85/><D85/><U111/><N who="1" m="42098" /><U12/><DORA hai="44" /><E36/><V125/><F125/><W84/><G84/><T46/><D2/><U100/><E100/><V122/><F11/><W96/><G0/><T50/><D5/><U56/><E14/><V116/><F116/><W135/><G73/><T92/><D92/><U118/><E118/><V104/><F122/><W130/><G72/><T13/><D13/><U25/><E25/><N who="0" m="9801" /><D29/><N who="1" m="10763" /><E56/><V38/><F38/><W105/><G26/><T1/><D1/><U41/><E49/><V19/><F28/><W18/><G57/><T58/><D58/><U16/><E6/><V51/><F19/><W97/><G18/><T94/><D94/><U3/><E3/><V17/><F17/><W77/><G4/><T81/><D81/><U69/><E69/><V7/><F7/><W63/><G117/><T132/><D132/><U89/><E89/><V131/><F91/><W124/><G135/><T102/><D102/><U20/><E10/><V93/><REACH who="2" step="1"/><F131/><REACH who="2" ten="184,177,272,357" step="2"/><W75/><G130/><T128/><D128/><U45/><E45/><AGARI ba="0,1" hai="32,33,45,51,53,62,65,70,87,90,93,98,103,104" machi="45" ten="30,12000,1" yaku="1,1,2,1,7,1,52,1,53,1" doraHai="39,44" doraHaiUra="86,15" who="2" fromWho="1" sc="184,0,177,-120,272,130,357,0" /><INIT seed="2,1,0,1,2,97" ten="184,57,402,357" oya="2" hai0="111,65,24,95,2,42,74,126,104,120,128,45,72" hai1="90,87,25,122,91,39,132,43,70,15,23,135,100" hai2="54,106,40,121,110,38,75,59,102,105,56,55,29" hai3="17,28,50,124,33,79,26,49,66,131,37,129,101"/><V115/><F115/><W32/><G37/><T69/><D104/><U60/><E122/><V22/><F121/><W84/><G124/><T44/><D120/><U10/><E43/><V57/><F75/><W34/><G17/><T13/><D2/><U12/><E39/><V119/><F119/><W6/><G6/><T109/><D128/><N who="3" m="49225" /><G66/><T134/><D134/><U48/><E48/><N who="3" m="18538" /><G101/><T80/><D65/><U35/><E35/><V16/><F102/><W130/><N who="3" m="49233" /><W103/><DORA hai="88" /><G103/><T18/><D69/><U61/><E70/><V83/><F16/><W51/><N who="3" m="18546" /><W64/><DORA hai="19" /><G64/><T62/><D126/><U1/><E100/><V30/><F57/><W98/><G98/><T5/><D18/><U108/><E108/><V118/><F110/><W116/><G116/><T127/><D127/><U117/><E117/><V112/><F59/><W46/><G46/><T67/><D44/><U85/><E1/><V4/><F56/><W20/><G84/><T8/><D45/><U41/><E10/><V114/><F38/><W96/><G96/><T63/><D8/><U31/><E41/><V47/><F40/><W78/><AGARI ba="1,0" hai="20,26,28,32,33,34,78,79" m="18546,49233" machi="78" ten="60,4000,0" yaku="19,1,52,1" doraHai="97,88,19" who="3" fromWho="3" sc="184,-11,57,-11,402,-21,357,43" /><INIT seed="3,0,0,3,5,87" ten="173,46,381,400" oya="3" hai0="77,83,61,123,113,59,89,47,15,84,129,99,65" hai1="76,39,24,109,81,18,117,37,115,51,60,112,45" hai2="110,54,127,20,32,8,134,4,55,90,56,86,101" hai3="25,94,80,29,46,121,103,128,96,13,100,34,98"/><W53/><G121/><T48/><D129/><U108/><E18/><V62/><F32/><W49/><G128/><T106/><D113/><U36/><E24/><V38/><F110/><W122/><G122/><T5/><D106/><U22/><E22/><V21/><F127/><W125/><G125/><T58/><D123/><U114/><E81/><N who="2" m="49487" /><F38/><W71/><G71/><T82/><D58/><U70/><E76/><V27/><F134/><W63/><G63/><T12/><D5/><U91/><E91/><V11/><F101/><W93/><G13/><T75/><D99/><U78/><E78/><V17/><F4/><W9/><G9/><N who="2" m="3657" /><F21/><W1/><G80/><T42/><AGARI ba="0,0" hai="12,15,42,47,48,59,61,65,75,77,82,83,84,89" machi="42" ten="20,2700,0" yaku="0,1,7,1,52,1" doraHai="87" who="0" fromWho="0" sc="173,27,46,-7,381,-7,400,-13" owari="200,-20.0,39,-46.1,374,17.4,387,48.7" /></mjloggm>