<mjloggm ver="2.3"><GO type="225" lobby="0"/><UN n0="%E9%80%9F%E6%B0%B4%E5%87%9B%E9%A6%99" n1="%E2%91%A3%E9%81%BF%E9%81%8A%E6%88%AF%E3%80%90%E6%9D%B1%E5%8D%97%E3%80%91" n2="%33%74%72%65%65" n3="%E3%81%95%E3%81%8D%E3%81%9F%E3%81%BE%E6%9E%97%E6%AA%8E" dan="16,16,17,16" rate="2150.90,2130.83,2212.28,2162.71" sx="F,M,F,M"/><TAIKYOKU oya="0"/><INIT seed="0,0,0,3,5,10" ten="250,250,250,250" oya="0" hai0="2,59,16,52,126,42,80,8,17,34,118,124,127" hai1="90,119,82,91,47,67,23,120,108,72,111,79,135" hai2="98,56,38,1,40,61,4,50,7,106,69,33,110" hai3="92,99,134,21,0,11,95,125,81,26,107,13,113"/><T15/><D118/><U132/><E67/><V60/><F110/><N who="1" m="42025" /><E23/><V12/><F1/><W31/><G134/><N who="1" m="51242" /><E47/><V65/><F33/><W105/><G125/><T103/><D103/><U83/><E119/><V94/><F106/><W36/><G113/><T123/><D123/><U115/><E115/><V25/><F25/><W122/><G0/><T89/><D42/><U64/><E64/><V102/><F38/><W62/><G36/><T63/><D34/><U133/><N who="1" m="51250" /><U45/><DORA hai="27" /><E45/><N who="2" m="25895" /><F69/><W44/><G44/><T112/><D112/><U5/><E5/><V70/><F70/><W78/><G62/><T109/><D109/><U88/><E83/><V18/><F61/><W117/><G117/><T9/><D2/><U51/><E51/><V29/><F29/><W3/><G3/><T100/><D8/><AGARI ba="0,0" hai="4,7,8,12,18,56,60,65,94,98,102" m="25895" machi="8" ten="30,2000,0" yaku="8,1,52,1" doraHai="10,27" who="2" fromWho="0" sc="250,-20,250,0,250,20,250,0" /><INIT seed="1,0,0,4,4,127" ten="230,250,270,250" oya="1" hai0="122,107,35,46,5,128,69,94,120,90,101,132,121" hai1="45,103,1,60,4,112,117,131,116,92,6,59,97" hai2="125,61,58,95,111,37,119,70,114,53,75,84,55" hai3="11,16,3,82,98,96,123,20,28,91,126,15,62"/><U68/><E68/><V38/><F119/><W78/><G126/><T9/><D69/><U104/><E112/><V57/><F75/><W51/><G123/><T87/><D35/><U88/><E45/><V2/><F70/><W10/><G3/><T99/><D46/><U47/><E47/><V56/><F125/><W129/><G129/><T76/><D132/><U21/><E131/><V30/><F111/><W86/><G51/><T44/><D44/><U52/><E1/><V72/><F72/><W19/><G28/><T39/><D39/><U74/><E74/><V134/><F134/><W41/><G41/><T42/><D42/><U100/><E117/><V71/><F2/><W54/><G78/><T93/><D76/><U12/><E116/><V113/><F30/><W49/><G62/><T43/><D43/><U135/><E135/><V34/><F34/><W26/><G11/><T80/><REACH who="0" step="1"/><D128/><REACH who="0" ten="220,250,270,250" step="2"/><U108/><E108/><V66/><F38/><W77/><G77/><T109/><D109/><U7/><E104/><V115/><F37/><W13/><G26/><T36/><D36/><U23/><E12/><AGARI ba="0,1" hai="5,9,12,80,87,90,93,94,99,101,107,120,121,122" machi="12" ten="40,2600,0" yaku="1,1,13,1,53,0" doraHai="127" doraHaiUra="31" who="0" fromWho="1" sc="220,36,250,-26,270,0,250,0" /><INIT seed="2,0,0,3,5,87" ten="256,224,270,250" oya="2" hai0="124,100,99,10,88,15,118,52,33,91,80,77,126" hai1="67,93,14,31,71,98,19,127,65,119,9,113,23" hai2="35,94,114,72,95,76,61,97,39,3,55,107,46" hai3="4,111,30,34,47,122,92,20,45,40,120,11,51"/><V68/><F114/><W106/><G111/><T54/><D33/><U63/><E119/><V132/><F132/><W117/><G106/><T73/><D118/><U41/><E113/><V116/><F116/><W48/><G34/><T29/><D29/><U125/><E67/><V102/><F3/><W135/><G135/><T79/><D79/><U27/><REACH who="1" step="1"/><E41/><REACH who="1" ten="256,214,270,250" step="2"/><V57/><F68/><W129/><G117/><T105/><D54/><U130/><E130/><V38/><F35/><W56/><G129/><T43/><D52/><U83/><E83/><V86/><F72/><W75/><G75/><T109/><D43/><U59/><E59/><V128/><F128/><W60/><G122/><T69/><D69/><U103/><AGARI ba="0,1" hai="9,14,19,23,27,31,63,65,71,93,98,103,125,127" machi="103" ten="30,2000,0" yaku="1,1,0,1,53,0" doraHai="87" doraHaiUra="115" who="1" fromWho="1" sc="256,-5,214,30,270,-10,250,-5" /><INIT seed="3,0,0,4,5,40" ten="251,244,260,245" oya="3" hai0="11,87,48,93,41,90,60,32,23,95,99,62,25" hai1="38,126,120,35,94,4,79,73,92,28,132,21,16" hai2="131,64,119,44,68,82,55,0,124,103,8,106,71" hai3="37,36,2,66,14,81,69,80,5,91,49,54,29"/><W117/><G117/><T31/><D32/><U101/><E120/><V104/><F131/><W97/><G2/><T102/><D11/><U77/><E38/><V85/><F124/><W83/><G29/><T6/><D6/><U84/><E73/><V115/><F115/><W128/><G128/><T33/><D33/><U53/><E126/><V7/><F119/><W56/><G69/><T70/><D70/><U10/><E35/><V114/><F114/><W105/><G66/><T61/><D41/><U116/><E28/><V17/><F17/><W65/><G65/><T46/><D48/><U98/><E116/><V22/><F22/><W58/><G58/><T74/><D74/><U26/><E53/><V76/><F103/><W51/><G51/><T34/><D34/><U43/><E43/><V130/><F71/><W113/><G113/><T125/><D125/><U3/><E132/><V122/><F122/><W134/><G134/><T59/><D46/><U109/><E109/><V129/><F129/><W75/><G75/><T108/><D108/><U57/><E57/><AGARI ba="0,0" hai="23,25,31,57,59,60,61,62,87,90,93,95,99,102" machi="57" ten="40,1300,0" yaku="8,1" doraHai="40" who="0" fromWho="1" sc="251,13,244,-13,260,0,245,0" /><INIT seed="4,0,0,4,3,108" ten="264,231,260,245" oya="0" hai0="75,116,110,69,124,11,49,32,42,48,105,44,47" hai1="58,96,30,27,80,38,13,26,46,72,56,61,73" hai2="133,115,117,131,8,93,112,119,114,20,29,0,64" hai3="1,74,99,15,21,111,17,87,126,14,12,18,59"/><T121/><D105/><U7/><E26/><N who="2" m="16583" /><F131/><W76/><G111/><T130/><D32/><U35/><E58/><V52/><F133/><W125/><G1/><T43/><D75/><U100/><E80/><V63/><F52/><W85/><G99/><T31/><D31/><U135/><E135/><V83/><F93/><W57/><G74/><T132/><D132/><U107/><E13/><V60/><F83/><W5/><G5/><T70/><D110/><U134/><E7/><N who="2" m="1127" /><F60/><W2/><G2/><T67/><D121/><U123/><E123/><V4/><F4/><W102/><G102/><T78/><D78/><U50/><E38/><V36/><F36/><W24/><G76/><T109/><D109/><U127/><E127/><N who="3" m="48650" /><G87/><T90/><D124/><U84/><E84/><V33/><F33/><W79/><G79/><T3/><D130/><U55/><REACH who="1" step="1"/><E134/><REACH who="1" ten="264,221,260,245" step="2"/><V51/><F51/><W68/><G85/><T81/><D48/><U118/><E118/><V40/><F40/><AGARI ba="0,1" hai="27,30,35,40,46,50,55,56,61,72,73,96,100,107" machi="40" ten="30,2000,0" yaku="1,1,7,1,53,0" doraHai="108" doraHaiUra="6" who="1" fromWho="2" sc="264,0,221,30,260,-20,245,0" /><INIT seed="5,0,0,3,2,115" ten="264,251,240,245" oya="1" hai0="49,105,99,98,15,21,106,35,97,58,75,16,1" hai1="10,27,109,30,63,121,74,40,42,78,112,118,43" hai2="114,117,29,93,131,81,23,11,132,91,20,55,79" hai3="32,60,101,5,46,127,111,22,12,36,51,13,69"/><U66/><E121/><V107/><F107/><W80/><G111/><T104/><D75/><U92/><E112/><V72/><F114/><W52/><G32/><T76/><D76/><U134/><E109/><V64/><F131/><W65/><G127/><T67/><D1/><U95/><E10/><V110/><F110/><W37/><G101/><T54/><D35/><U31/><E31/><V62/><F132/><W77/><G13/><T19/><D67/><U18/><E18/><V94/><F117/><W2/><G2/><T25/><REACH who="0" step="1"/><D106/><REACH who="0" ten="254,251,240,245" step="2"/><U53/><E78/><V129/><F64/><W116/><G65/><T88/><D88/><U17/><E74/><V128/><F91/><W83/><G77/><T119/><D119/><U8/><E118/><V26/><F79/><W96/><G116/><T100/><D100/><U70/><E134/><V38/><F72/><W108/><G108/><T57/><D57/><U34/><E53/><V73/><F55/><W28/><G52/><T9/><AGARI ba="0,1" hai="9,15,16,19,21,25,49,54,58,97,98,99,104,105" machi="9" ten="30,4000,0" yaku="1,1,0,1,54,1,53,0" doraHai="115" doraHaiUra="68" who="0" fromWho="0" sc="254,50,251,-20,240,-10,245,-10" owari="304,40.4,231,-16.9,230,-27.0,235,3.5" /></mjloggm>