<mjloggm ver="2.3"><GO type="225" lobby="0"/><UN n0="%E3%82%A2%E3%82%A4%E3%82%B9%E3%83%86%E3%82%A3%E3%83%BC%E3%81%82%E3%81%B9" n1="%E5%86%B7%E5%87%8D%E3%82%AE%E3%83%A7%E3%83%BC%E3%82%B6" n2="%E7%B4%94%E6%BD%94%E3%83%94%E3%83%A9%E3%83%8B%E3%82%A2" n3="%E3%82%BC%E3%83%AB%E3%83%80%E3%81%AE%E4%BC%9D%E8%AA%AC" dan="16,16,18,16" rate="2092.54,2114.72,2238.85,2168.00" sx="M,M,M,M"/><TAIKYOKU oya="0"/><INIT seed="0,0,0,4,3,25" ten="250,250,250,250" oya="0" hai0="100,78,16,101,128,12,35,34,82,92,46,109,88" hai1="4,104,126,40,116,56,86,45,0,61,65,108,69" hai2="37,44,98,48,59,80,74,36,106,38,119,2,55" hai3="79,96,63,84,132,31,47,72,117,52,111,68,125"/><T107/><D107/><U29/><E116/><V87/><F2/><W95/><G117/><T50/><D128/><U26/><E108/><V54/><F119/><W15/><G111/><T113/><D109/><U103/><E126/><V134/><F134/><W7/><G72/><T42/><D113/><U33/><E86/><V133/><F133/><W3/><G3/><T77/><D35/><U93/><E93/><V30/><F74/><W62/><G68/><T28/><D28/><U60/><E4/><V20/><F98/><W110/><G125/><T121/><D34/><U130/><E0/><V32/><F32/><W17/><G7/><T14/><D14/><U1/><E1/><V123/><F106/><W76/><G31/><T120/><D121/><U102/><E104/><V105/><F105/><W124/><G124/><T53/><D42/><U70/><E130/><V41/><F123/><W22/><G132/><T8/><D120/><U99/><E99/><V131/><F131/><W75/><G75/><T27/><D27/><U67/><REACH who="1" step="1"/><E56/><REACH who="1" ten="250,240,250,250" step="2"/><V58/><F59/><W73/><G73/><T5/><D5/><U57/><E57/><V24/><REACH who="2" step="1"/><F58/><REACH who="2" ten="250,240,240,250" step="2"/><W39/><G110/><T23/><D8/><U118/><E118/><V18/><F18/><W89/><G96/><N who="0" m="57351" /><D82/><U127/><E127/><V11/><F11/><W85/><G85/><T94/><D94/><U115/><E115/><V83/><F83/><W129/><G129/><T122/><D122/><U71/><E71/><V97/><F97/><W43/><G62/><T112/><D112/><U6/><E6/><V114/><F114/><RYUUKYOKU ba="0,2" sc="250,0,240,0,240,0,250,0" hai0="12,16,23,46,50,53,77,78,100,101" hai1="26,29,33,40,45,60,61,65,67,69,70,102,103" hai2="20,24,30,36,37,38,41,44,48,54,55,80,87" hai3="15,17,22,39,43,47,52,63,76,79,84,89,95" /><INIT seed="0,1,2,1,5,13" ten="250,240,240,250" oya="0" hai0="35,4,125,73,89,114,77,3,32,122,92,56,47" hai1="38,62,83,28,84,67,11,9,95,68,24,40,88" hai2="118,33,76,15,105,104,90,58,12,98,116,26,48" hai3="2,51,34,59,0,19,86,121,17,132,29,70,113"/><T124/><D122/><U50/><E38/><V120/><F120/><W80/><G70/><T42/><D114/><U25/><E25/><V60/><F76/><W23/><G113/><T82/><D56/><U14/><E40/><V110/><F48/><W128/><G121/><T126/><D4/><U30/><E50/><V117/><F110/><W22/><G34/><T8/><D8/><U45/><E45/><V1/><F1/><W74/><G74/><T129/><D3/><U102/><E24/><V127/><F127/><W107/><G107/><N who="2" m="41033" /><F98/><W94/><G132/><T108/><D129/><U97/><REACH who="1" step="1"/><E9/><REACH who="1" ten="250,230,240,250" step="2"/><V31/><F90/><W115/><G115/><T54/><D108/><U93/><E93/><V130/><F130/><W65/><G128/><T61/><D61/><U66/><E66/><AGARI ba="1,3" hai="12,15,26,31,33,58,60,66,116,117,118" m="41033" machi="66" ten="40,1300,0" yaku="12,1" doraHai="13" who="2" fromWho="1" sc="250,0,230,-16,240,46,250,0" /><INIT seed="1,0,0,4,1,5" ten="250,214,286,250" oya="1" hai0="44,14,40,49,76,72,83,92,0,133,1,95,67" hai1="121,120,22,97,74,11,84,24,52,15,59,123,69" hai2="115,119,23,78,13,110,39,131,89,103,106,48,108" hai3="65,82,114,91,79,68,101,64,46,3,28,71,30"/><U21/><E74/><V90/><F39/><W99/><G114/><T63/><D133/><U66/><E84/><V61/><F115/><W88/><G3/><T132/><D132/><U85/><E85/><V58/><F119/><W31/><G46/><T118/><D118/><U18/><E97/><N who="2" m="61807" /><F48/><W42/><G42/><T126/><D126/><U116/><E116/><V10/><F23/><W56/><G68/><T17/><D0/><U50/><REACH who="1" step="1"/><E24/><REACH who="1" ten="250,204,286,250" step="2"/><V134/><F134/><W38/><G82/><T33/><D33/><U127/><E127/><V128/><F78/><W104/><G79/><T112/><D112/><U20/><E20/><V102/><F102/><W41/><G99/><T87/><D72/><U122/><N who="1" m="30720" /><DORA hai="93" /><U55/><E55/><N who="2" m="34015" /><F90/><W73/><G73/><T80/><D83/><U129/><E129/><N who="2" m="49739" /><F89/><W77/><G77/><T47/><D76/><U124/><E124/><V75/><F75/><W29/><G91/><T109/><D80/><U60/><AGARI ba="0,1" hai="11,15,18,21,22,50,52,59,60,66,69" m="30720" machi="60" ten="60,12000,1" yaku="1,1,0,1,52,1,54,1,53,0" doraHai="5,93" doraHaiUra="43,26" who="1" fromWho="1" sc="250,-40,204,130,286,-40,250,-40" /><INIT seed="1,1,0,3,3,117" ten="210,334,246,210" oya="1" hai0="109,47,11,35,94,1,50,127,80,34,2,6,84" hai1="45,10,21,126,25,78,62,28,61,74,81,130,123" hai2="64,55,43,7,90,33,48,15,101,20,73,14,133" hai3="120,41,24,46,131,38,9,114,27,19,116,135,75"/><U93/><E126/><V113/><F33/><W118/><G114/><T53/><D127/><U37/><E130/><V40/><F73/><W54/><G131/><T125/><D125/><U91/><E123/><V124/><F113/><W106/><G75/><T71/><D71/><U129/><E129/><V100/><F133/><W82/><G106/><T86/><D109/><U12/><E45/><V110/><F110/><W36/><G135/><T60/><D1/><U51/><E51/><V0/><F0/><W108/><G108/><T39/><D60/><U85/><REACH who="1" step="1"/><E37/><REACH who="1" ten="210,324,246,210" step="2"/><V58/><F48/><W42/><G120/><T77/><D39/><U83/><E83/><V16/><F124/><W5/><G82/><T22/><D47/><U44/><E44/><V68/><F40/><W63/><G41/><T49/><D50/><U115/><E115/><V69/><F43/><W112/><G38/><T23/><D49/><U31/><E31/><V105/><F105/><W88/><G112/><T17/><D80/><U95/><E95/><V89/><F7/><AGARI ba="1,1" hai="7,10,12,21,25,28,61,62,74,78,81,85,91,93" machi="7" ten="30,2900,0" yaku="1,1,7,1,53,0" doraHai="117" doraHaiUra="103" who="1" fromWho="2" sc="210,0,324,42,246,-32,210,0" /><INIT seed="1,2,0,1,0,83" ten="210,366,214,210" oya="1" hai0="31,78,118,128,116,20,98,5,132,67,111,32,17" hai1="77,27,76,104,88,72,54,14,22,99,45,55,86" hai2="51,79,61,121,34,94,35,95,123,12,2,19,9" hai3="53,80,85,129,6,4,37,68,73,69,93,114,29"/><U125/><E125/><V63/><F79/><N who="1" m="30281" /><E104/><V13/><F51/><W135/><G114/><T46/><D78/><U103/><E72/><V25/><F9/><W106/><G106/><T97/><D5/><U50/><E99/><V100/><F25/><W44/><G73/><T64/><D132/><U134/><E103/><V57/><F57/><W70/><G135/><T38/><D32/><U89/><E89/><V131/><F100/><W122/><G122/><T84/><D31/><N who="1" m="17911" /><E134/><V90/><F90/><N who="3" m="51495" /><G129/><T52/><D128/><U42/><E14/><V11/><F11/><W15/><G37/><T43/><D116/><U48/><E48/><V126/><F131/><W18/><G68/><T120/><D118/><U66/><E66/><V7/><F7/><W110/><G69/><T112/><D67/><U92/><AGARI ba="2,0" hai="42,45,50,54,55,86,88,92" m="17911,30281" machi="92" ten="30,6000,0" yaku="8,1,52,1,54,1" doraHai="83" who="1" fromWho="1" sc="210,-22,366,66,214,-22,210,-22" /><INIT seed="1,3,0,5,1,22" ten="188,432,192,188" oya="1" hai0="11,70,21,82,55,18,97,36,114,4,46,95,106" hai1="76,109,130,28,103,26,58,2,125,74,69,24,44" hai2="115,80,0,57,87,100,75,47,25,19,61,38,77" hai3="93,78,116,39,73,13,98,59,120,7,35,31,129"/><U72/><E69/><V65/><F115/><W99/><G120/><T60/><D106/><U102/><E2/><V86/><F0/><W128/><G39/><T92/><D114/><U30/><E58/><V29/><F19/><W3/><G3/><T67/><D82/><U52/><E52/><V119/><F119/><W40/><G40/><T71/><D70/><U16/><E16/><V6/><F6/><W32/><G116/><T135/><D135/><U121/><E130/><N who="3" m="50282" /><G59/><T49/><D36/><U132/><E76/><V96/><F47/><W14/><G98/><T104/><D104/><U105/><E105/><V122/><F38/><W53/><G53/><T84/><D84/><U42/><E44/><V23/><F122/><W43/><G43/><T83/><D83/><U54/><E42/><V41/><F41/><W34/><G31/><T12/><REACH who="0" step="1"/><D97/><REACH who="0" ten="178,432,192,188" step="2"/><U118/><E121/><V85/><REACH who="2" step="1"/><F75/><REACH who="2" ten="178,432,182,188" step="2"/><W110/><G73/><T63/><D63/><U134/><E74/><V94/><AGARI ba="3,2" hai="23,25,29,57,61,65,77,80,85,86,87,94,96,100" machi="94" ten="20,16000,3" yaku="1,1,2,1,0,1,7,1,25,2,8,1,52,1,53,0" doraHai="22" doraHaiUra="5" who="2" fromWho="2" sc="178,-43,432,-83,182,189,188,-43" /><INIT seed="2,0,0,1,3,127" ten="135,349,371,145" oya="2" hai0="134,66,29,92,4,112,24,42,65,121,7,101,95" hai1="23,122,48,36,6,75,128,5,16,50,30,32,73" hai2="117,12,2,107,120,13,90,125,38,8,0,106,67" hai3="82,52,11,108,111,131,126,114,63,94,17,49,47"/><V34/><F38/><W37/><G126/><T60/><D121/><U99/><E36/><V45/><F125/><W133/><G133/><T20/><D112/><U132/><E122/><V54/><F120/><W68/><G114/><T93/><D134/><U70/><E70/><V78/><F34/><W109/><G131/><T85/><D42/><U113/><E113/><V56/><F78/><W25/><G94/><T76/><D101/><U69/><E69/><V100/><F117/><W3/><G37/><T10/><D60/><U64/><E64/><N who="0" m="24681" /><D10/><U103/><E128/><V79/><F79/><W27/><G68/><T21/><D20/><U115/><E73/><V33/><F33/><W102/><G102/><T18/><D18/><U80/><E75/><V57/><F90/><W71/><G71/><T40/><D40/><U118/><E118/><V53/><F67/><W81/><G63/><T129/><D129/><U35/><E35/><V130/><F130/><W124/><G124/><T39/><D39/><U1/><E32/><V58/><F100/><W51/><G51/><T77/><D77/><U28/><E48/><V43/><F43/><W41/><G41/><T44/><D44/><U123/><E50/><V62/><F45/><W14/><G3/><N who="2" m="1065" /><F62/><W104/><G104/><N who="2" m="39977" /><F8/><W119/><G119/><T87/><D76/><U55/><E103/><V26/><F54/><W96/><G96/><T19/><D19/><U105/><E115/><V15/><F53/><W110/><N who="3" m="27648" /><DORA hai="116" /><W86/><G86/><AGARI ba="0,0" hai="4,7,21,24,29,85,86,87,92,93,95" m="24681" machi="86" ten="30,1000,0" yaku="8,1" doraHai="127,116" who="0" fromWho="3" sc="135,10,349,0,371,0,145,-10" /><INIT seed="3,0,0,3,3,47" ten="145,349,371,135" oya="3" hai0="92,61,109,12,34,107,13,90,0,132,22,88,68" hai1="23,84,2,111,79,89,19,35,43,6,116,101,112" hai2="31,83,85,102,58,110,118,120,48,119,21,114,45" hai3="81,106,72,95,127,122,96,11,7,14,123,32,51"/><W10/><G127/><T113/><D107/><U91/><E112/><V54/><F114/><W1/><G32/><T71/><D34/><U70/><E70/><V5/><F5/><W26/><G106/><T8/><D113/><U15/><E111/><V20/><F110/><W28/><G72/><T39/><D39/><U128/><E128/><V75/><F75/><W126/><G126/><T44/><D0/><U36/><E101/><V86/><F102/><W93/><G81/><T74/><D74/><U131/><E116/><V4/><F4/><W16/><G51/><T130/><D109/><U3/><E3/><V97/><F97/><W41/><G41/><T104/><D104/><U99/><E99/><V73/><F86/><W129/><G129/><T56/><D44/><U60/><E60/><V115/><F73/><W124/><G124/><T134/><D22/><N who="2" m="8810" /><F31/><W33/><REACH who="3" step="1"/><G93/><REACH who="3" ten="145,349,371,125" step="2"/><T105/><D92/><U77/><E35/><V27/><F115/><W117/><G117/><T133/><D105/><U67/><E131/><V82/><F82/><W69/><G69/><T17/><D130/><U29/><E43/><N who="2" m="24639" /><F118/><W62/><G62/><T64/><D71/><U52/><E36/><V38/><F38/><W55/><G55/><T135/><D133/><U65/><E52/><V125/><F119/><W63/><G63/><N who="0" m="39967" /><D13/><U66/><E2/><V18/><F125/><W76/><G76/><T40/><D40/><U100/><E77/><N who="2" m="46319" /><F54/><AGARI ba="0,1" hai="8,12,17,54,56,61,88,90,132,134,135" m="39967" machi="54" ten="30,2000,0" yaku="20,1,54,1" doraHai="47" who="0" fromWho="2" sc="145,30,349,0,371,-20,125,0" owari="175,-22.5,349,14.9,351,45.1,125,-37.5" /></mjloggm>