<mjloggm ver="2.3"><GO type="225" lobby="0"/><UN n0="%E7%99%BD%E9%9B%AA%E4%B9%83%E6%84%9B" n1="%E7%99%BD%E6%97%A5%E9%9B%AA%E8%8F%9C" n2="%E3%82%BC%E3%83%AB%E3%83%80%E3%81%AE%E4%BC%9D%E8%AA%AC" n3="%77%72%77%72%77%72%77%72" dan="16,16,17,16" rate="2067.63,2151.10,2153.66,2116.30" sx="F,M,M,M"/><TAIKYOKU oya="0"/><INIT seed="0,0,0,0,0,120" ten="250,250,250,250" oya="0" hai0="90,29,126,133,67,1,97,26,89,124,102,71,16" hai1="39,40,78,101,27,32,94,95,34,53,13,44,23" hai2="105,31,125,2,115,24,77,135,86,80,68,93,15" hai3="119,128,65,62,81,0,83,19,61,85,51,56,58"/><T111/><D1/><U87/><E13/><V98/><F2/><W92/><G119/><T113/><D113/><U123/><E123/><V36/><F115/><W60/><G128/><T45/><D133/><U6/><E6/><V74/><F135/><W59/><G0/><T112/><D112/><U14/><E14/><V96/><F36/><W106/><G106/><T82/><D45/><U132/><E132/><V9/><F68/><W11/><G51/><T103/><D67/><U25/><E53/><V49/><F125/><N who="0" m="48234" /><D71/><U72/><E72/><V63/><F63/><W33/><G33/><N who="0" m="20663" /><D82/><U35/><E44/><V121/><F121/><W70/><G83/><T84/><D84/><U3/><E87/><V88/><F49/><W5/><G92/><N who="0" m="58663" /><D103/><U38/><E101/><V50/><F50/><W117/><G117/><T10/><D111/><U7/><E3/><V75/><F75/><W130/><G130/><T127/><N who="0" m="48242" /><T30/><DORA hai="48" /><D30/><U17/><E39/><V20/><REACH who="2" step="1"/><F105/><REACH who="2" ten="250,250,240,250" step="2"/><W66/><G70/><T100/><D100/><U107/><E38/><V64/><F64/><W99/><G66/><T79/><D79/><U104/><E78/><V41/><F41/><W52/><G65/><T57/><D57/><U55/><E40/><V91/><F91/><N who="3" m="51631" /><G59/><T8/><D90/><U122/><E122/><V37/><F37/><W18/><G58/><T22/><D89/><U12/><E107/><V54/><F54/><W42/><G42/><T114/><D114/><U69/><E55/><V116/><F116/><W73/><G52/><T134/><D134/><U43/><E43/><RYUUKYOKU ba="0,1" sc="250,15,250,-15,240,15,250,-15" hai0="8,10,16,22" hai2="9,15,20,24,31,74,77,80,86,88,93,96,98" /><INIT seed="0,1,1,1,0,123" ten="265,235,255,235" oya="0" hai0="45,84,59,17,8,22,24,33,128,112,20,63,40" hai1="127,42,99,121,114,41,64,131,46,57,47,105,72" hai2="98,4,83,92,82,76,116,27,55,67,95,107,56" hai3="54,78,44,120,1,53,77,90,28,11,126,12,115"/><T100/><D112/><U113/><E72/><V104/><F67/><W14/><G115/><N who="1" m="44042" /><E121/><V10/><F116/><W52/><G120/><T35/><D128/><U88/><E131/><V7/><F27/><W3/><G126/><T65/><D100/><N who="1" m="62623" /><E127/><V48/><F7/><W31/><G90/><T5/><D22/><U134/><E134/><V108/><F108/><W117/><G44/><N who="1" m="16938" /><E88/><V119/><F119/><W94/><G117/><T43/><D84/><U96/><E96/><V87/><F83/><W62/><G94/><T124/><D124/><U97/><E97/><V18/><F95/><W71/><G78/><T50/><REACH who="0" step="1"/><D43/><REACH who="0" ten="255,235,255,235" step="2"/><U58/><E64/><V103/><REACH who="2" step="1"/><F18/><REACH who="2" ten="255,235,245,235" step="2"/><N who="3" m="8479" /><G28/><T111/><D111/><U25/><E25/><V85/><F85/><W91/><G31/><T68/><D68/><U36/><E36/><V132/><F132/><W32/><G71/><T135/><D135/><U9/><E42/><V23/><F23/><W26/><G26/><T29/><D29/><U6/><E41/><V118/><F118/><W49/><G32/><T102/><D102/><U30/><E30/><V80/><F80/><W16/><G16/><T66/><D66/><U81/><E81/><V0/><AGARI ba="1,3" hai="0,4,10,48,55,56,76,82,87,92,98,103,104,107" machi="0" ten="20,5200,0" yaku="1,1,0,1,7,1,53,1" doraHai="123" doraHaiUra="89" who="2" fromWho="2" sc="255,-27,235,-14,245,85,235,-14" /><INIT seed="1,0,0,3,2,42" ten="228,221,330,221" oya="1" hai0="84,37,4,26,40,48,112,51,75,72,8,126,107" hai1="70,85,94,59,16,74,35,111,17,86,15,100,113" hai2="91,108,32,3,115,38,123,60,87,30,78,131,109" hai3="135,73,129,56,92,9,39,13,71,41,66,83,125"/><U5/><E113/><V102/><F123/><W76/><G129/><T50/><D112/><U67/><E74/><V46/><F115/><W90/><G135/><T132/><D107/><U95/><E35/><V33/><F131/><W52/><G125/><T21/><D132/><U69/><E111/><N who="2" m="42571" /><F3/><W7/><G71/><T10/><D126/><U79/><E5/><V103/><F78/><W27/><G27/><T114/><D114/><U106/><E106/><V57/><F38/><W64/><G41/><T124/><D84/><U25/><E70/><V12/><F46/><W43/><G43/><T133/><D133/><U99/><E69/><V122/><F12/><W29/><G29/><T110/><D110/><U49/><E25/><N who="2" m="18511" /><F33/><W44/><G44/><T134/><D134/><U0/><E0/><V105/><F105/><W130/><G39/><T19/><D124/><U14/><E79/><V54/><F122/><W53/><G130/><T128/><D128/><U24/><E24/><V2/><F2/><W45/><G45/><T28/><D40/><U20/><E95/><AGARI ba="0,0" hai="54,57,60,87,91,95,102,103" m="18511,42571" machi="95" ten="30,1000,0" yaku="14,1" doraHai="42" who="2" fromWho="1" sc="228,0,221,-10,330,10,221,0" /><INIT seed="2,0,0,5,2,33" ten="228,211,340,221" oya="2" hai0="50,113,40,20,98,19,130,117,34,57,95,75,121" hai1="2,52,56,11,135,1,133,23,58,7,129,21,126" hai2="17,22,71,14,28,77,115,66,97,36,29,73,38" hai3="4,122,108,62,63,78,123,25,125,124,39,27,6"/><V30/><F115/><W12/><G39/><T44/><D113/><U89/><E126/><N who="3" m="48746" /><G78/><T80/><D121/><N who="3" m="46089" /><G12/><T104/><D34/><U106/><E106/><V18/><F77/><W72/><G72/><T70/><D130/><U90/><E129/><V118/><F73/><W26/><G108/><T114/><D114/><U9/><E7/><AGARI ba="0,0" hai="4,6,7,25,26,27,62,63" m="46089,48746" machi="7" ten="40,5200,0" yaku="28,2,18,1" doraHai="33" who="3" fromWho="1" sc="228,0,211,-52,340,0,221,52" /><INIT seed="3,0,0,0,2,25" ten="228,159,340,273" oya="3" hai0="14,31,112,28,53,0,12,84,115,45,55,3,54" hai1="22,62,48,29,83,63,88,135,95,20,133,2,10" hai2="75,103,40,68,114,42,70,122,107,105,97,57,35" hai3="108,38,51,52,92,16,109,46,11,89,113,50,129"/><W37/><G113/><N who="0" m="43595" /><D45/><U119/><E119/><V58/><F114/><W125/><G129/><T87/><D12/><U43/><E83/><V127/><F75/><W132/><G132/><T60/><D14/><U24/><E22/><V93/><F127/><W1/><G125/><T56/><D56/><U41/><E133/><V18/><F18/><W33/><G33/><T4/><D60/><U5/><E135/><V26/><F93/><W106/><G106/><T47/><D47/><U6/><E5/><V30/><F122/><W85/><G50/><T128/><D128/><U65/><E48/><V110/><F110/><N who="3" m="42603" /><G16/><T124/><D124/><U39/><E39/><V71/><REACH who="2" step="1"/><F107/><REACH who="2" ten="228,159,330,273" step="2"/><W59/><G46/><T23/><D4/><AGARI ba="0,1" hai="1,4,11,37,38,51,52,59,85,89,92" m="42603" machi="4" ten="30,5800,0" yaku="14,1,10,1,54,1" doraHai="25" who="3" fromWho="0" sc="228,-58,159,0,330,0,273,68" owari="170,-23.0,159,-34.1,330,13.0,341,44.1" /></mjloggm>