<mjloggm ver="2.3"><GO type="225" lobby="0"/><UN n0="%E9%80%9F%E6%B0%B4%E5%87%9B%E9%A6%99" n1="%E6%81%AC%E6%B7%A1%E5%AF%82%E5%AF%9E" n2="%E4%B8%AD%E5%B9%B4%E3%81%AE%E5%8D%B1%E6%A9%9F" n3="%33%74%72%65%65" dan="16,16,17,17" rate="2155.20,2115.36,2150.67,2197.69" sx="F,F,M,F"/><TAIKYOKU oya="0"/><INIT seed="0,0,0,2,5,70" ten="250,250,250,250" oya="0" hai0="69,66,3,134,68,89,19,93,51,63,73,29,87" hai1="46,105,108,36,94,127,72,43,18,27,2,102,24" hai2="55,31,56,114,98,109,84,13,50,112,5,80,1" hai3="54,124,135,92,57,14,48,38,121,132,82,33,20"/><T77/><D134/><N who="3" m="51241" /><G124/><T81/><D3/><U64/><E127/><V110/><F1/><W96/><G121/><T59/><D29/><U67/><E105/><V58/><F31/><W125/><G125/><T103/><D103/><U97/><E72/><V4/><F98/><W7/><G33/><T8/><D8/><U106/><E2/><V28/><F28/><W83/><G38/><T78/><D19/><U76/><E76/><V91/><F13/><W75/><G75/><T122/><D122/><U42/><E42/><V37/><F37/><W99/><G99/><T44/><REACH who="0" step="1"/><D78/><REACH who="0" ten="240,250,250,250" step="2"/><U61/><E18/><V65/><F5/><W0/><G0/><T16/><D16/><U113/><E102/><V71/><F4/><W88/><G20/><T104/><D104/><U101/><E106/><V107/><F107/><W30/><G30/><T49/><D49/><U129/><E36/><V22/><F22/><W21/><G21/><T52/><AGARI ba="0,1" hai="44,51,52,59,63,66,68,69,73,77,81,87,89,93" machi="52" ten="20,12000,1" yaku="1,1,0,1,7,1,54,1,53,1" doraHai="70" doraHaiUra="47" who="0" fromWho="0" sc="240,130,250,-40,250,-40,250,-40" /><INIT seed="0,1,0,4,4,72" ten="370,210,210,210" oya="0" hai0="60,108,69,36,103,104,84,7,16,123,81,96,79" hai1="124,28,63,55,134,83,6,131,120,116,95,112,75" hai2="45,115,11,9,105,82,122,88,121,114,14,49,64" hai3="94,92,33,66,91,110,35,15,129,73,25,128,59"/><T102/><D36/><U22/><E116/><V40/><F105/><W53/><G110/><T80/><D123/><U39/><E120/><V130/><F130/><N who="3" m="50283" /><G66/><T56/><D108/><U12/><E39/><V71/><F122/><W118/><G118/><T58/><D7/><U61/><E131/><V2/><F121/><W106/><G106/><T57/><D103/><U86/><E75/><V34/><F34/><N who="3" m="12811" /><G73/><T37/><D37/><U0/><E0/><V70/><F2/><W24/><G15/><T126/><D126/><U1/><E1/><V90/><F64/><W21/><G21/><T54/><D69/><U62/><E134/><V98/><F98/><N who="3" m="57631" /><G94/><T109/><D109/><U10/><E112/><V8/><F14/><W23/><G23/><T4/><D4/><U31/><E95/><V77/><F115/><W65/><G65/><T17/><D58/><N who="1" m="35039" /><E124/><V29/><F114/><W52/><G53/><T68/><D68/><U38/><E38/><V89/><REACH who="2" step="1"/><F29/><REACH who="2" ten="370,210,200,210" step="2"/><W26/><G26/><T5/><D104/><U18/><E31/><V30/><F30/><W117/><G117/><T99/><D99/><U74/><E28/><V67/><F67/><W20/><G20/><T48/><D96/><U51/><E22/><V100/><F100/><W97/><G97/><T32/><D102/><U27/><E27/><V133/><F133/><W78/><G24/><T87/><D32/><U111/><E111/><V13/><F13/><W50/><G25/><T19/><D5/><U101/><E6/><V46/><F46/><W113/><G113/><T47/><D47/><U125/><E101/><RYUUKYOKU ba="1,1" sc="370,-15,210,-15,200,15,210,15" hai2="8,9,11,40,45,49,70,71,77,82,88,89,90" hai3="50,52,59,78" /><INIT seed="1,2,1,0,3,74" ten="355,195,215,225" oya="1" hai0="47,13,15,91,113,106,95,22,120,58,135,31,27" hai1="99,82,78,103,129,11,49,18,87,39,34,121,127" hai2="1,3,109,38,60,65,64,62,117,44,92,52,88" hai3="0,63,79,48,112,51,89,115,77,107,26,37,123"/><U100/><E121/><V56/><F109/><W30/><G123/><T104/><D113/><U69/><E39/><V70/><F117/><W114/><G37/><T128/><D120/><U72/><E69/><V102/><F102/><W96/><G0/><T130/><D135/><U9/><E34/><V73/><F73/><W28/><G63/><T5/><D58/><U29/><E29/><V40/><REACH who="2" step="1"/><F64/><REACH who="2" ten="355,195,205,225" step="2"/><W116/><G116/><T68/><D130/><U93/><E129/><V108/><F108/><W94/><G115/><T33/><D128/><U119/><E119/><V59/><F59/><W35/><G114/><T61/><D68/><U53/><E72/><V45/><F45/><W83/><G112/><T12/><D47/><N who="1" m="27839" /><E127/><V86/><AGARI ba="2,2" hai="1,3,38,40,44,52,56,60,62,65,70,86,88,92" machi="86" ten="20,12000,2" yaku="1,1,0,1,7,1,54,2,53,1" doraHai="74" doraHaiUra="41" who="2" fromWho="2" sc="355,-32,195,-62,205,146,225,-32" /><INIT seed="2,0,0,3,4,65" ten="323,133,351,193" oya="2" hai0="134,126,58,70,128,119,3,0,87,68,14,89,111" hai1="79,76,104,69,77,22,78,112,8,44,121,16,20" hai2="60,12,18,38,66,24,67,31,94,103,2,74,13" hai3="86,81,106,124,116,25,114,101,100,120,50,41,47"/><V39/><F2/><W95/><G120/><T108/><D134/><U59/><N who="1" m="19456" /><DORA hai="99" /><U30/><E112/><V6/><F74/><W113/><G116/><T36/><D36/><U92/><E104/><V17/><F66/><W49/><G124/><T57/><D126/><U19/><E121/><V10/><F39/><W73/><G73/><T53/><D128/><U35/><E35/><V55/><F55/><W90/><G106/><T132/><D132/><U1/><E69/><N who="0" m="26729" /><D14/><U96/><E30/><V33/><F38/><W105/><G105/><T51/><D58/><U43/><E59/><V107/><F94/><W82/><G25/><T45/><D45/><U118/><E118/><V88/><F88/><W56/><G56/><T26/><D26/><U37/><E1/><V125/><F125/><W42/><G42/><T46/><D46/><U97/><E8/><V32/><F32/><W52/><G50/><T71/><D71/><U129/><E129/><V130/><F130/><W61/><G61/><T127/><D127/><U40/><E40/><V21/><F60/><W63/><G63/><T133/><D133/><U34/><E34/><V64/><REACH who="2" step="1"/><F6/><REACH who="2" ten="323,133,341,193" step="2"/><W122/><G122/><T117/><D117/><U11/><E92/><V131/><F131/><W102/><G41/><T23/><D119/><U75/><E75/><V54/><F54/><W4/><G4/><T48/><D0/><U80/><E37/><V84/><F84/><W29/><G29/><T93/><D3/><U7/><E7/><V62/><F62/><W109/><G109/><N who="0" m="42059" /><D51/><U27/><E43/><V85/><F85/><RYUUKYOKU ba="0,1" sc="323,10,133,-30,341,10,193,10" hai0="23,48,53,57,87,89,93" hai2="10,12,13,17,18,21,24,31,33,64,67,103,107" hai3="47,49,52,81,82,86,90,95,100,101,102,113,114" /><INIT seed="2,1,1,5,5,99" ten="333,103,351,203" oya="2" hai0="7,114,56,73,115,28,77,2,107,117,62,106,134" hai1="101,12,87,30,103,89,71,26,50,54,102,79,16" hai2="93,4,69,10,78,47,20,9,90,24,15,63,130" hai3="72,23,126,133,1,120,98,37,0,19,109,45,82"/><V29/><F130/><W53/><G120/><T94/><D77/><U36/><E71/><V42/><F78/><W74/><G109/><T22/><D73/><U60/><E36/><V64/><F10/><W119/><G119/><T91/><D7/><U105/><E105/><V124/><F124/><W108/><G108/><T14/><D2/><U121/><E60/><V96/><F47/><W61/><G133/><T116/><D134/><U131/><E79/><V65/><F64/><W48/><G82/><T35/><D35/><U86/><E131/><V75/><REACH who="2" step="1"/><F42/><REACH who="2" ten="333,103,341,203" step="2"/><W59/><G45/><T104/><D117/><U68/><E68/><V81/><F81/><W100/><G126/><T13/><D116/><U58/><E121/><V44/><F44/><W39/><G74/><AGARI ba="1,2" hai="4,9,15,20,24,29,63,65,69,74,75,90,93,96" machi="74" ten="40,3900,0" yaku="1,1,53,1" doraHai="99" doraHaiUra="8" who="2" fromWho="3" sc="333,0,103,0,341,62,203,-42" /><INIT seed="2,2,0,4,1,49" ten="333,103,403,161" oya="2" hai0="87,37,63,123,96,100,20,50,119,94,4,124,80" hai1="125,121,21,42,75,84,111,36,47,112,132,13,35" hai2="34,68,120,46,59,12,102,134,18,57,106,26,86" hai3="0,22,70,64,39,89,2,97,117,76,105,129,56"/><V61/><F120/><W115/><G117/><T110/><D37/><U16/><E112/><V73/><F73/><W45/><G115/><T25/><D123/><U78/><E121/><V107/><F134/><W27/><G70/><T82/><D110/><U3/><E111/><V92/><F68/><W66/><G76/><T23/><D124/><U88/><E35/><V103/><F46/><W19/><G129/><T72/><D72/><U116/><E3/><V69/><F69/><W10/><G10/><T17/><D4/><U133/><E116/><V79/><F59/><W81/><G66/><T44/><D63/><U51/><E125/><V83/><F34/><W127/><G127/><T1/><D1/><U15/><E15/><V65/><F26/><W24/><G24/><N who="0" m="14351" /><D87/><U118/><E118/><V8/><REACH who="2" step="1"/><F92/><REACH who="2" ten="333,103,393,161" step="2"/><W113/><G113/><T99/><D119/><U38/><E75/><V58/><F58/><W60/><G56/><T104/><D104/><AGARI ba="2,1" hai="8,12,18,57,61,65,79,83,86,102,103,104,106,107" machi="104" ten="40,2000,0" yaku="1,1,53,0" doraHai="49" doraHaiUra="67" who="2" fromWho="0" sc="333,-26,103,0,393,36,161,0" /><INIT seed="2,3,0,5,2,1" ten="307,103,429,161" oya="2" hai0="7,61,32,79,109,47,100,87,110,29,15,91,71" hai1="62,48,21,99,10,121,122,103,105,85,93,83,101" hai2="43,94,78,133,0,45,131,44,18,16,24,64,118" hai3="20,51,23,60,6,50,5,95,97,102,108,35,119"/><V76/><F118/><W3/><G119/><T34/><D100/><U66/><E48/><N who="3" m="18474" /><G3/><T31/><D79/><N who="2" m="30250" /><F0/><W75/><G75/><T96/><D96/><N who="1" m="61607" /><E21/><N who="3" m="8266" /><G35/><T89/><D47/><N who="2" m="17994" /><F133/><W68/><G68/><T59/><D71/><U127/><E66/><V130/><F43/><W82/><G108/><T104/><D104/><U46/><E46/><V25/><F64/><W28/><G28/><T111/><D29/><U70/><E70/><V74/><F74/><W128/><G128/><N who="2" m="49193" /><F94/><W84/><G60/><T40/><D61/><U65/><E62/><V129/><N who="2" m="49201" /><V126/><DORA hai="114" /><F126/><W73/><G73/><T13/><D40/><U72/><E65/><V12/><F12/><W120/><G120/><N who="1" m="46186" /><E72/><V106/><F106/><W19/><G19/><AGARI ba="3,0" hai="16,18,19,24,25" m="49201,17994,30250" machi="19" ten="50,12000,1" yaku="28,2,19,1,54,1" doraHai="1,114" who="2" fromWho="3" sc="307,0,103,0,429,129,161,-129" /><INIT seed="2,4,0,2,1,78" ten="307,103,558,32" oya="2" hai0="48,95,123,7,35,96,127,40,11,126,75,67,98" hai1="129,82,46,107,51,119,43,1,128,134,103,19,114" hai2="71,101,102,64,124,25,73,63,37,32,18,58,29" hai3="115,15,59,93,100,23,2,39,118,16,14,81,111"/><V88/><F124/><W69/><G118/><T5/><D35/><U20/><E114/><V70/><F73/><W110/><G69/><T45/><D75/><U121/><E1/><V91/><F37/><W41/><G2/><T112/><D112/><U3/><E3/><V36/><F36/><W122/><G122/><T108/><D108/><N who="3" m="41513" /><G115/><T42/><D67/><U106/><E119/><V89/><REACH who="2" step="1"/><F18/><REACH who="2" ten="307,103,548,32" step="2"/><W0/><G0/><T47/><D127/><U113/><E113/><V86/><F86/><W99/><G59/><T26/><D126/><U120/><E120/><V56/><F56/><W76/><G39/><T74/><D123/><U27/><E121/><V33/><F33/><W116/><G116/><T22/><D74/><U94/><E19/><V130/><F130/><W66/><G66/><T79/><D47/><U135/><E46/><V53/><F53/><W80/><G41/><T132/><D45/><U90/><E43/><V84/><F84/><N who="3" m="48135" /><G81/><T12/><D42/><U92/><E82/><V34/><F34/><W13/><AGARI ba="4,1" hai="13,14,15,16,23,93,99,100" m="48135,41513" machi="13" ten="30,4000,0" yaku="14,1,52,1,54,1" doraHai="78" who="3" fromWho="3" sc="307,-14,103,-14,548,-24,32,62" /><INIT seed="3,0,0,3,4,129" ten="293,89,524,94" oya="3" hai0="76,101,106,1,13,110,82,77,11,120,66,57,38" hai1="37,58,6,107,52,92,81,108,105,44,7,80,15" hai2="135,123,17,87,63,46,68,49,74,61,35,2,60" hai3="9,51,56,18,14,3,32,118,31,103,45,50,116"/><W121/><G121/><T128/><D38/><U29/><E107/><V21/><F60/><W72/><G72/><T132/><D120/><U100/><E105/><V117/><F61/><W115/><G115/><T16/><D1/><U102/><E37/><V54/><F63/><W22/><G103/><N who="1" m="39466" /><E108/><V64/><F49/><W25/><G56/><T71/><D132/><U85/><E29/><V104/><F135/><W23/><G51/><T67/><D13/><U19/><E44/><V75/><F46/><W133/><G133/><T99/><D16/><U47/><E47/><V12/><F54/><N who="3" m="30031" /><G23/><T65/><D82/><N who="1" m="31851" /><E92/><V125/><F21/><W42/><G42/><T70/><D99/><U86/><E85/><V8/><F64/><W126/><G126/><T26/><D26/><U55/><E86/><V69/><F104/><W0/><G0/><T134/><D77/><U36/><E36/><V10/><F35/><W27/><G27/><T53/><D57/><U83/><E83/><V119/><F125/><W97/><G97/><T59/><D59/><U95/><E95/><V34/><F34/><W4/><AGARI ba="0,0" hai="3,4,9,14,18,22,25,31,32,116,118" m="30031" machi="4" ten="30,1500,0" yaku="24,1" doraHai="129" who="3" fromWho="3" sc="293,-5,89,-5,524,-5,94,15" /><INIT seed="3,1,0,5,0,135" ten="288,84,519,109" oya="3" hai0="57,65,4,123,114,128,134,66,0,108,21,101,95" hai1="60,26,119,10,6,30,127,14,68,94,18,2,85" hai2="13,62,35,24,36,93,41,113,42,52,118,71,43" hai3="73,86,40,63,116,67,1,46,121,74,120,77,3"/><W133/><G116/><T53/><D123/><U115/><E115/><V27/><F52/><W9/><G133/><T84/><D108/><U12/><E119/><V109/><F93/><W49/><G86/><T107/><D128/><U88/><E127/><V111/><F13/><W117/><G117/><T99/><D134/><U78/><E78/><V103/><F35/><W125/><G125/><T106/><D114/><U83/><E94/><V5/><F5/><W79/><G79/><T47/><D47/><U7/><E14/><V80/><F80/><W82/><G73/><T19/><D4/><U76/><E76/><V28/><F103/><W20/><G20/><T38/><D38/><U37/><E37/><V51/><F36/><W39/><G49/><T72/><D0/><N who="3" m="73" /><G9/><T25/><D72/><U44/><E44/><V70/><F51/><W105/><G105/><T122/><D122/><U132/><E132/><V48/><F48/><W112/><G112/><T16/><D19/><U8/><E7/><V34/><F113/><W104/><G104/><T22/><D22/><U64/><REACH who="1" step="1"/><E30/><REACH who="1" ten="288,74,519,109" step="2"/><N who="2" m="19783" /><F118/><W33/><G33/><T129/><D84/><U69/><E69/><AGARI ba="1,1" hai="39,40,46,63,67,69,74,77,82,120,121" m="73" machi="69" ten="30,1500,0" yaku="23,1" doraHai="135" who="3" fromWho="1" sc="288,0,74,-18,519,0,109,28" /><INIT seed="3,2,0,4,0,78" ten="288,56,519,137" oya="3" hai0="105,58,84,25,124,107,56,53,34,62,11,73,109" hai1="77,81,14,60,91,19,71,89,39,82,97,8,104" hai2="128,102,10,32,51,6,66,100,92,135,16,41,64" hai3="118,26,119,98,7,80,68,1,125,27,48,83,54"/><W50/><G68/><T99/><D73/><U111/><E39/><V122/><F16/><W24/><G125/><T36/><D36/><U35/><E35/><V31/><F92/><W9/><G98/><T4/><D109/><U75/><E111/><V116/><F51/><W126/><G126/><T57/><D124/><U121/><E121/><V22/><F41/><W67/><G67/><T113/><D113/><U40/><E40/><V114/><F22/><W117/><REACH who="3" step="1"/><G48/><REACH who="3" ten="288,56,519,127" step="2"/><T18/><D99/><U112/><E112/><V12/><F66/><W127/><G127/><T3/><D62/><U37/><E37/><V96/><F64/><W94/><G94/><T42/><D107/><U101/><E71/><V52/><F96/><W59/><AGARI ba="2,1" hai="1,7,9,24,26,27,50,54,59,80,83,117,118,119" machi="59" ten="40,12000,1" yaku="1,1,0,1,52,2,53,0" doraHai="78" doraHaiUra="43" who="3" fromWho="3" sc="288,-42,56,-42,519,-42,127,136" /><INIT seed="3,3,0,4,0,32" ten="246,14,477,263" oya="3" hai0="86,12,46,67,38,94,114,23,115,71,49,41,45" hai1="108,51,104,15,22,36,103,34,64,79,69,128,133" hai2="18,66,27,19,78,20,33,125,60,85,1,65,91" hai3="11,44,111,119,25,37,81,53,122,118,106,54,47"/><W56/><G122/><T121/><D121/><U14/><E14/><V80/><F1/><W89/><G106/><T132/><D67/><U63/><E15/><V77/><F33/><W107/><G107/><T101/><D71/><U102/><E22/><V50/><F125/><W84/><G111/><T73/><D73/><U35/><E79/><N who="2" m="30219" /><F60/><W55/><G11/><T113/><D132/><U87/><E87/><V135/><F135/><W39/><G56/><T90/><D101/><U59/><E103/><V43/><F19/><W42/><REACH who="3" step="1"/><G25/><REACH who="3" ten="246,14,477,253" step="2"/><T134/><D134/><U2/><E59/><V48/><F27/><W74/><G74/><T70/><D70/><U76/><E64/><V112/><F66/><W57/><G57/><T123/><D123/><U17/><E63/><V9/><F65/><W58/><G58/><T21/><D12/><U95/><E51/><V93/><F50/><W127/><G127/><T68/><D68/><U40/><E40/><AGARI ba="3,1" hai="37,39,40,42,44,47,53,54,55,81,84,89,118,119" machi="40" ten="40,3900,0" yaku="1,1,9,1,53,0" doraHai="32" doraHaiUra="120" who="3" fromWho="1" sc="246,0,14,-48,477,0,253,58" /><AGARI ba="3,0" hai="21,23,38,40,41,45,46,49,86,90,94,113,114,115" machi="40" ten="40,1300,0" yaku="11,1" doraHai="32" who="0" fromWho="1" sc="246,13,-34,-13,477,0,311,0" owari="259,-14.1,-47,-54.7,477,57.7,311,11.1" /></mjloggm>