<mjloggm ver="2.3"><GO type="225" lobby="0"/><UN n0="%E5%B8%86%E7%AB%8B%E5%A4%8F%E8%A1%A3" n1="%E3%83%8F%E3%83%B3%E3%83%89%E3%83%A9%E3%83%BC%E3%83%BB%E3%83%AF%E3%83%B3" n2="%E5%91%A8%E6%9D%B1" n3="%E3%83%B4%E3%83%A0%EF%BC%99%E3%81%A6" dan="17,17,17,16" rate="2155.88,2209.52,2129.79,2121.90" sx="M,M,M,M"/><TAIKYOKU oya="0"/><INIT seed="0,0,0,4,0,102" ten="250,250,250,250" oya="0" hai0="31,60,51,130,42,26,70,24,74,32,45,47,87" hai1="104,113,73,54,67,17,22,36,128,116,72,119,65" hai2="82,52,64,39,90,112,127,98,3,7,9,111,14" hai3="66,68,49,88,40,81,110,103,0,134,109,89,79"/><T120/><D74/><U75/><E36/><V125/><F112/><W83/><G0/><T6/><D120/><U124/><E113/><V91/><F39/><W80/><G79/><T12/><D130/><U129/><E124/><N who="2" m="47691" /><F64/><N who="1" m="24649" /><E54/><V95/><F111/><N who="3" m="42507" /><G134/><T15/><D70/><U107/><E17/><V61/><F82/><W21/><G21/><T55/><D6/><U43/><E22/><V33/><F33/><W118/><G118/><N who="1" m="45098" /><E43/><V115/><F115/><W99/><G49/><T57/><D26/><U29/><E29/><V41/><F41/><W56/><G40/><T18/><D47/><U133/><E133/><V46/><F3/><W20/><G20/><T132/><D132/><U126/><E126/><V1/><F1/><W117/><G117/><T62/><D62/><U19/><E19/><V101/><F46/><W16/><G16/><T92/><D18/><U97/><E97/><V86/><F86/><W100/><G68/><T30/><D30/><U13/><E13/><V2/><F2/><W44/><G44/><T121/><D121/><U23/><E23/><V78/><F78/><W50/><G50/><T71/><D71/><U4/><E4/><V85/><F85/><W105/><G66/><T37/><D37/><U76/><E76/><V28/><F28/><W108/><G56/><AGARI ba="0,0" hai="7,9,14,52,56,61,90,91,95,98,101" m="47691" machi="56" ten="30,2000,0" yaku="18,1,54,1" doraHai="102" who="2" fromWho="3" sc="250,0,250,0,250,20,250,-20" /><INIT seed="1,0,0,1,0,4" ten="250,250,270,230" oya="1" hai0="116,97,87,7,108,21,18,40,53,130,8,111,16" hai1="31,124,103,32,59,89,128,96,99,43,125,121,3" hai2="42,61,98,49,83,106,76,94,101,51,15,114,77" hai3="9,52,67,47,84,129,27,35,25,126,41,71,29"/><U6/><E121/><V19/><F114/><W48/><G126/><T112/><BYE who="1" /><D116/><UN n1="%E3%83%8F%E3%83%B3%E3%83%89%E3%83%A9%E3%83%BC%E3%83%BB%E3%83%AF%E3%83%B3" /><U37/><E37/><V74/><BYE who="1" /><F42/><W120/><G120/><T12/><D112/><U17/><E17/><V131/><F131/><W23/><G129/><T92/><D130/><U75/><E75/><V86/><F61/><W80/><G71/><T100/><D40/><U24/><E24/><V2/><F2/><W95/><G67/><T81/><D53/><U119/><E119/><V28/><F28/><W123/><G123/><T33/><D33/><U79/><E79/><V107/><F107/><W91/><G9/><T104/><D104/><U69/><E69/><V68/><F68/><W109/><G109/><N who="0" m="42059" /><D21/><UN n1="%E3%83%8F%E3%83%B3%E3%83%89%E3%83%A9%E3%83%BC%E3%83%BB%E3%83%AF%E3%83%B3" /><U20/><E32/><V90/><REACH who="2" step="1"/><F77/><AGARI ba="0,0" hai="7,8,12,16,18,77,81,87,92,97,100" m="42059" machi="77" ten="30,3900,0" yaku="14,1,52,1,54,1" doraHai="4" who="0" fromWho="2" sc="250,39,250,0,270,-39,230,0" /><INIT seed="2,0,0,0,4,1" ten="289,250,231,230" oya="2" hai0="8,46,17,64,86,21,133,135,27,101,4,112,66" hai1="95,87,53,102,54,106,77,85,111,82,58,81,80" hai2="129,121,63,74,23,134,39,29,9,43,18,110,91" hai3="2,62,24,31,25,128,30,126,100,76,61,67,37"/><V96/><F121/><W132/><G37/><T34/><D112/><U68/><E68/><V84/><F74/><W83/><G126/><T116/><D116/><U36/><E36/><V113/><F113/><W115/><G115/><T33/><D101/><U127/><E106/><V122/><F122/><W123/><G123/><T109/><D46/><U119/><E119/><V124/><F124/><W70/><G128/><T103/><D103/><U22/><E127/><V93/><F129/><W71/><G132/><N who="0" m="50763" /><D86/><U51/><E111/><V105/><F110/><W42/><G42/><T130/><D109/><U13/><E54/><V104/><F134/><W38/><G38/><T55/><D55/><U44/><E44/><V47/><F63/><W114/><G114/><T3/><D130/><U41/><E41/><V50/><F39/><W117/><G117/><T11/><D11/><U108/><E108/><V97/><F105/><W59/><G100/><T7/><D7/><U89/><E102/><V65/><F65/><AGARI ba="0,0" hai="3,4,8,17,21,27,33,34,64,65,66" m="50763" machi="65" ten="30,2000,0" yaku="20,1,52,1" doraHai="1" who="0" fromWho="2" sc="289,20,250,0,231,-20,230,0" /><INIT seed="3,0,0,0,5,27" ten="309,250,211,230" oya="3" hai0="82,32,120,76,1,17,95,25,105,129,41,122,42" hai1="101,74,28,81,114,3,26,51,10,90,103,91,54" hai2="135,128,0,125,80,110,44,108,132,100,87,65,86" hai3="121,106,117,53,98,49,48,79,77,85,113,55,18"/><W8/><G117/><T93/><D105/><U11/><E114/><V12/><F0/><W62/><G113/><T102/><D1/><U29/><E74/><V124/><F65/><W36/><G36/><T78/><D129/><U68/><E68/><V40/><F12/><N who="3" m="7431" /><G106/><T50/><D32/><U118/><E118/><V94/><F40/><W58/><G121/><T69/><D69/><U59/><E3/><V126/><F44/><N who="3" m="27783" /><G98/><T88/><D50/><U13/><E10/><V60/><F60/><W37/><G37/><T134/><D134/><N who="2" m="51242" /><F128/><W34/><G34/><T7/><D42/><U115/><E115/><V64/><F64/><N who="3" m="38999" /><G85/><N who="2" m="32265" /><F80/><W72/><G72/><T89/><D82/><U109/><E81/><V43/><F43/><W35/><G35/><T47/><D41/><U6/><E13/><V96/><AGARI ba="0,0" hai="94,96,100,108,110,124,125,126" m="32265,51242" machi="96" ten="40,8000,1" yaku="18,1,20,1,34,2" doraHai="27" who="2" fromWho="2" sc="309,-20,250,-20,211,80,230,-40" /><INIT seed="4,0,0,5,4,130" ten="289,230,291,190" oya="0" hai0="43,76,38,17,133,14,46,53,67,121,109,12,78" hai1="114,119,31,124,66,7,97,63,91,9,30,40,48" hai2="10,13,4,102,75,29,107,86,88,56,112,122,74" hai3="110,5,19,81,132,25,57,36,47,131,105,123,113"/><T15/><D133/><U101/><E119/><V94/><F122/><W1/><G110/><T104/><D121/><U108/><E108/><V115/><F29/><W23/><G123/><T72/><D109/><U80/><E124/><V120/><F120/><W3/><G105/><T96/><D67/><U60/><E114/><N who="2" m="43563" /><F56/><W50/><G113/><T103/><D53/><U26/><E91/><V28/><F28/><W127/><G127/><T58/><D58/><U11/><E80/><V42/><F42/><W39/><G131/><T24/><D72/><N who="2" m="27690" /><F102/><W0/><G57/><T68/><D68/><U61/><E66/><V106/><AGARI ba="0,0" hai="4,10,13,86,88,94,106,107" m="27690,43563" machi="106" ten="40,2700,0" yaku="15,1,54,1" doraHai="130" who="2" fromWho="2" sc="289,-13,230,-7,291,27,190,-7" owari="276,7.6,223,-17.7,318,41.8,183,-31.7" /></mjloggm>