<mjloggm ver="2.3"><GO type="225" lobby="0"/><UN n0="%E5%A4%8F%E9%88%B4%E9%88%B4%E5%A4%8F" n1="%E3%81%B2%E3%81%AA%E3%81%AE%E3%82%8A%E3%81%8F" n2="%6D%75%75%6D%75%72%61" n3="%E3%83%B4%E3%82%A3%E3%83%AF%E3%82%B3%E3%82%B0%E3%83%8B" dan="16,17,17,16" rate="2111.57,2132.87,2241.46,2144.51" sx="M,M,F,M"/><TAIKYOKU oya="0"/><INIT seed="0,0,0,0,0,30" ten="250,250,250,250" oya="0" hai0="83,40,56,98,101,97,8,81,52,15,48,110,59" hai1="126,76,68,119,92,105,19,20,7,112,69,36,21" hai2="102,13,133,106,0,65,120,93,99,71,39,22,47" hai3="115,118,14,38,77,114,135,28,82,107,29,91,63"/><T131/><D131/><U88/><E119/><V85/><F0/><W55/><G118/><T128/><D128/><U89/><E105/><V78/><F120/><W108/><G38/><T26/><D110/><U37/><E7/><V31/><F133/><W18/><G107/><T57/><D40/><U10/><E76/><V4/><F71/><W73/><G135/><T51/><D26/><U12/><E126/><V27/><F65/><W5/><G5/><T11/><D101/><U32/><E112/><V33/><F106/><W100/><G91/><T2/><D2/><U34/><E92/><V61/><F61/><W113/><G100/><T132/><D132/><U72/><E12/><V129/><F129/><W80/><G80/><N who="0" m="30795" /><D15/><U75/><E19/><V62/><F62/><W86/><G73/><T130/><D130/><U25/><E25/><V117/><F117/><W42/><G42/><T58/><D48/><U134/><E134/><V54/><F78/><W94/><G94/><T41/><D41/><U104/><E104/><V127/><F127/><W103/><G103/><T23/><D23/><U17/><E17/><V60/><F39/><W125/><G108/><T95/><D95/><U70/><E70/><V96/><F102/><W50/><G63/><T123/><D123/><U87/><E87/><V64/><F4/><W9/><REACH who="3" step="1"/><G125/><REACH who="3" ten="250,250,250,240" step="2"/><T45/><N who="0" m="14336" /><DORA hai="124" /><T84/><D84/><U111/><E111/><V116/><F116/><W90/><G90/><T24/><D97/><U74/><E72/><V46/><F60/><W43/><G43/><T35/><D98/><U49/><E49/><RYUUKYOKU ba="0,1" sc="250,10,250,10,250,-30,240,10" hai0="8,11,24,35,45,51,52" hai1="10,20,21,32,34,36,37,68,69,74,75,88,89" hai3="9,14,18,28,29,50,55,77,82,86,113,114,115" /><INIT seed="0,1,1,3,3,120" ten="260,260,220,250" oya="0" hai0="97,105,31,47,14,134,74,84,40,41,93,89,85" hai1="113,87,70,32,46,0,96,13,116,44,33,118,82" hai2="108,129,17,24,83,91,12,20,8,112,78,62,42" hai3="104,86,110,131,23,53,119,100,75,81,95,124,37"/><T3/><D3/><U94/><E0/><V59/><F112/><W72/><G37/><T76/><D134/><U18/><E70/><V16/><F129/><W103/><G119/><T64/><D64/><U121/><E121/><V10/><F108/><W132/><G132/><T99/><D31/><U25/><E113/><V50/><F91/><W58/><G23/><T66/><D66/><U39/><E116/><V48/><F8/><W117/><G117/><T9/><D74/><U5/><E5/><V122/><F42/><N who="0" m="16490" /><D47/><U35/><E25/><V73/><REACH who="2" step="1"/><F122/><REACH who="2" ten="260,260,210,250" step="2"/><W60/><G110/><T21/><D9/><U38/><E118/><V54/><AGARI ba="1,2" hai="10,12,16,17,20,24,48,50,54,59,62,73,78,83" machi="54" ten="20,8000,1" yaku="1,1,2,1,0,1,7,1,54,1,53,0" doraHai="120" doraHaiUra="28" who="2" fromWho="2" sc="260,-41,260,-21,210,103,250,-21" /><INIT seed="1,0,0,3,3,74" ten="219,239,313,229" oya="1" hai0="29,108,42,26,10,133,112,38,44,12,104,34,66" hai1="14,123,5,86,40,101,71,52,106,131,17,81,125" hai2="113,127,21,3,51,78,48,105,102,130,84,76,96" hai3="122,128,65,87,80,121,95,111,118,117,24,0,62"/><U115/><E115/><V119/><F119/><N who="3" m="45579" /><G0/><T7/><D112/><U54/><E123/><V89/><F113/><W9/><G111/><T90/><D108/><U73/><E73/><V116/><F116/><W41/><G128/><T88/><D133/><U27/><E71/><V19/><F3/><W85/><G41/><T126/><D126/><U16/><E131/><V98/><F127/><W15/><G95/><T13/><D104/><U107/><E5/><V58/><F130/><W22/><G22/><T36/><D36/><U75/><E75/><V18/><F98/><W132/><G24/><T67/><REACH who="0" step="1"/><D13/><REACH who="0" ten="209,239,313,229" step="2"/><U134/><E134/><V60/><F105/><W30/><G132/><T32/><D32/><U103/><E125/><V50/><F21/><W97/><G122/><T129/><D129/><U83/><E107/><V99/><F102/><W28/><G15/><T46/><D46/><U109/><E106/><V61/><F19/><W72/><G121/><T43/><D43/><U39/><E109/><V45/><F18/><W77/><G9/><T120/><D120/><U93/><E17/><V25/><F45/><W70/><G97/><T55/><D55/><N who="1" m="21035" /><E40/><V79/><F99/><W63/><G63/><T49/><D49/><U92/><E39/><V33/><F96/><W8/><G8/><T56/><D56/><U59/><E59/><V20/><F33/><W6/><G6/><T91/><AGARI ba="0,1" hai="7,10,12,26,29,34,38,42,44,66,67,88,90,91" machi="91" ten="30,4000,0" yaku="1,1,0,1,54,1,53,0" doraHai="74" doraHaiUra="47" who="0" fromWho="0" sc="209,50,239,-20,313,-10,229,-10" /><INIT seed="2,0,0,5,1,59" ten="259,219,303,219" oya="2" hai0="23,5,29,6,120,93,30,10,96,51,112,64,45" hai1="126,56,134,132,110,35,116,123,57,125,75,79,129" hai2="94,71,61,77,81,40,97,58,114,13,38,21,133" hai3="69,105,127,24,76,89,108,15,50,90,53,26,115"/><V41/><F114/><W117/><G117/><T87/><D120/><U17/><E116/><V12/><F71/><W14/><G105/><T86/><D64/><U66/><E35/><V16/><F12/><N who="3" m="4651" /><G69/><T124/><D124/><N who="1" m="47723" /><E123/><V73/><F38/><W113/><G76/><T19/><D112/><N who="3" m="43081" /><G127/><T33/><D33/><U80/><E17/><V27/><F13/><W1/><G1/><T67/><D67/><U25/><E110/><V131/><F133/><N who="1" m="51305" /><E129/><V88/><F131/><W11/><G11/><T101/><D19/><U83/><E25/><N who="3" m="9834" /><G108/><T36/><D10/><U119/><E119/><V2/><F2/><W4/><G4/><T9/><D9/><U22/><E22/><V91/><F91/><N who="3" m="34827" /><G53/><AGARI ba="0,0" hai="16,21,27,40,41,53,58,61,73,77,81,88,94,97" machi="53" ten="30,18000,2" yaku="7,1,25,2,52,1,54,2" doraHai="59" who="2" fromWho="3" sc="259,0,219,0,303,180,219,-180" /><INIT seed="2,1,0,2,5,26" ten="259,219,483,39" oya="2" hai0="67,23,120,105,14,118,78,28,115,20,6,112,8" hai1="103,121,128,94,31,21,104,85,7,64,97,2,59" hai2="92,15,86,134,133,95,50,81,51,47,122,27,43" hai3="98,18,111,119,96,48,4,25,80,69,1,5,42"/><V73/><F122/><W0/><G119/><T24/><D105/><U56/><E121/><V32/><F73/><W129/><G69/><T109/><D78/><U49/><E2/><V13/><F51/><W17/><G48/><T57/><D120/><U135/><E7/><V19/><F95/><W84/><G25/><N who="0" m="16423" /><D57/><U123/><E123/><V41/><F92/><W131/><G111/><T11/><D67/><U83/><E135/><V3/><F43/><W63/><G42/><T116/><D11/><U61/><E128/><V132/><F3/><W127/><G127/><T70/><D70/><U30/><E104/><V108/><F108/><W44/><G84/><T39/><D39/><U100/><E100/><V34/><F27/><W10/><G10/><T37/><D37/><U62/><E21/><N who="2" m="11503" /><F15/><W117/><G117/><N who="0" m="45163" /><D109/><U53/><E49/><V90/><AGARI ba="1,0" hai="32,34,41,47,50,81,86,90,132,133,134" m="11503" machi="90" ten="30,1500,0" yaku="20,1" doraHai="26" who="2" fromWho="2" sc="259,-6,219,-6,483,18,39,-6" /><INIT seed="2,2,0,4,4,68" ten="253,213,501,33" oya="2" hai0="113,127,21,27,28,79,83,25,115,85,118,75,32" hai1="45,63,1,26,38,53,59,29,55,13,84,11,14" hai2="49,130,35,70,37,30,77,92,134,73,20,81,9" hai3="112,40,94,71,42,41,39,99,88,93,131,3,36"/><V122/><F122/><W87/><G71/><T105/><D105/><U12/><E1/><V123/><F70/><W5/><G131/><T61/><D127/><U50/><E84/><V117/><F123/><W90/><REACH who="3" step="1"/><G112/><REACH who="3" ten="253,213,501,23" step="2"/><T135/><D115/><U48/><E48/><V8/><F130/><W69/><G69/><T103/><D113/><U89/><E89/><V107/><F49/><W74/><G74/><T64/><D75/><U15/><E38/><V106/><F37/><W46/><G46/><T119/><D119/><U2/><E2/><V98/><F117/><W10/><AGARI ba="2,1" hai="3,5,10,36,39,40,41,42,87,88,90,93,94,99" machi="10" ten="30,8000,1" yaku="1,1,0,1,52,2,54,1,53,0" doraHai="68" doraHaiUra="65" who="3" fromWho="3" sc="253,-22,213,-22,501,-42,23,96" /><INIT seed="3,0,0,5,3,1" ten="231,191,459,119" oya="3" hai0="18,112,133,101,117,44,19,25,63,23,36,58,109" hai1="34,96,22,95,56,80,92,42,98,10,72,121,87" hai2="100,119,120,7,84,103,15,114,83,132,71,85,126" hai3="108,3,45,128,4,118,0,89,8,49,81,39,12"/><W17/><G128/><T99/><D117/><U113/><E34/><V94/><F114/><W46/><G118/><T76/><D76/><U116/><E116/><V62/><F119/><W59/><G108/><T74/><D74/><U70/><E70/><V40/><F71/><W79/><G89/><T29/><D109/><U122/><E72/><V55/><F126/><W123/><G123/><T134/><D112/><U21/><E113/><V16/><F40/><W135/><G135/><N who="0" m="51723" /><D44/><U6/><E42/><V35/><F35/><W26/><G39/><T54/><D36/><U77/><E56/><N who="2" m="35103" /><F120/><W75/><G59/><T20/><D23/><N who="1" m="8715" /><E122/><V111/><F111/><W47/><G26/><T43/><D43/><U50/><E50/><V11/><F132/><W106/><G106/><AGARI ba="0,0" hai="18,19,20,25,29,54,58,63,99,101,106" m="51723" machi="106" ten="30,1000,0" yaku="20,1" doraHai="1" who="0" fromWho="3" sc="231,10,191,0,459,0,119,-10" owari="241,4.1,191,-20.9,459,55.9,109,-39.1" /></mjloggm>