<mjloggm ver="2.3"><GO type="225" lobby="0"/><UN n0="%72%69%6F%75%63%68%61%6E" n1="%33%74%72%65%65" n2="%E3%82%B2%E3%82%B9%E8%8C%82%E5%8B%9D" n3="%E6%81%A5%E6%99%92%E3%81%97" dan="17,16,16,16" rate="2193.58,2130.42,2127.97,2152.89" sx="M,F,F,M"/><TAIKYOKU oya="0"/><INIT seed="0,0,0,4,2,105" ten="250,250,250,250" oya="0" hai0="86,72,102,44,65,28,83,80,54,60,45,69,117" hai1="17,2,111,84,97,19,98,13,41,123,89,112,75" hai2="109,106,21,90,18,47,130,40,134,62,15,16,36" hai3="121,55,82,113,25,39,115,6,129,100,22,48,135"/><T64/><D117/><U52/><E123/><V1/><F109/><W107/><G121/><T116/><D116/><U49/><E2/><V26/><F130/><W124/><G39/><T92/><D64/><U96/><E111/><V30/><F134/><W42/><G129/><T57/><D28/><U61/><E112/><V53/><F1/><W56/><G135/><T37/><D37/><U8/><E75/><V110/><F110/><W127/><G6/><T68/><D72/><U71/><E41/><V114/><F114/><W4/><G42/><T12/><D12/><U14/><E71/><V67/><F106/><W32/><G32/><T38/><D69/><U118/><E61/><V50/><F90/><W87/><G4/><T63/><D38/><U119/><E14/><V120/><F120/><W58/><G58/><T11/><D11/><U104/><E104/><V59/><REACH who="2" step="1"/><F15/><REACH who="2" ten="250,250,240,250" step="2"/><W43/><G113/><T51/><D102/><U7/><E119/><V24/><F24/><W66/><G100/><T35/><D35/><U131/><E131/><V93/><F93/><W3/><G3/><T20/><D92/><N who="1" m="54311" /><E118/><V128/><F128/><W31/><G115/><T73/><D83/><U10/><E10/><V91/><F91/><N who="3" m="51703" /><G107/><T101/><D101/><U70/><E70/><AGARI ba="0,1" hai="16,18,21,26,30,36,40,47,50,53,59,62,67,70" machi="70" ten="30,8000,1" yaku="1,1,7,1,24,2,54,1,53,0" doraHai="105" doraHaiUra="77" who="2" fromWho="1" sc="250,0,250,-80,240,90,250,0" /><INIT seed="1,0,0,1,3,131" ten="250,170,330,250" oya="1" hai0="64,12,75,4,16,13,72,57,5,20,113,50,8" hai1="63,62,24,104,111,40,114,46,97,133,52,129,94" hai2="93,21,49,32,66,98,33,65,1,44,3,101,108" hai3="15,18,17,117,81,125,67,48,19,128,74,92,82"/><U126/><E114/><V123/><F108/><W88/><G128/><T86/><D113/><U85/><E129/><V26/><F123/><W36/><G36/><T58/><D4/><U89/><E111/><V0/><F32/><W54/><G125/><T121/><D121/><U6/><E126/><V78/><F33/><W119/><G67/><T105/><D105/><U107/><E24/><V127/><F78/><W10/><G74/><T41/><D86/><U28/><E28/><V130/><F130/><W11/><G82/><T112/><D112/><U43/><E6/><V70/><F70/><W7/><G81/><T2/><D2/><U110/><E110/><V100/><F101/><W31/><G31/><T87/><D87/><U45/><E133/><V83/><F83/><W35/><G35/><T51/><D58/><N who="1" m="35143" /><E104/><V53/><REACH who="2" step="1"/><F127/><REACH who="2" ten="250,170,320,250" step="2"/><W42/><G117/><T37/><D75/><U34/><E34/><V102/><F102/><W91/><G119/><T103/><D72/><U120/><E120/><V38/><F38/><W99/><G91/><T122/><D103/><N who="1" m="60855" /><E107/><V109/><F109/><W14/><REACH who="3" step="1"/><G42/><REACH who="3" ten="250,170,320,240" step="2"/><T60/><REACH who="0" step="1"/><D122/><REACH who="0" ten="240,170,320,240" step="2"/><U56/><E43/><V77/><F77/><W90/><G90/><T95/><D95/><N who="1" m="54703" /><E40/><V79/><F79/><W22/><G22/><T71/><D71/><U39/><E39/><V29/><AGARI ba="0,3" hai="0,1,3,21,26,29,44,49,53,65,66,93,98,100" machi="29" ten="30,2000,0" yaku="1,1,0,1,53,0" doraHai="131" doraHaiUra="80" who="2" fromWho="2" sc="240,-5,170,-10,320,50,240,-5" /><INIT seed="2,0,0,4,3,23" ten="235,160,370,235" oya="2" hai0="43,2,135,58,87,41,49,34,69,115,134,119,19" hai1="70,93,130,114,21,10,51,20,122,11,131,116,35" hai2="64,8,48,14,103,75,9,1,91,56,67,66,6" hai3="22,106,77,84,92,104,80,79,94,52,111,118,89"/><V26/><F75/><W129/><G118/><T121/><D115/><U112/><E51/><V53/><F103/><W59/><G111/><T126/><D121/><U38/><E93/><N who="3" m="35946" /><G129/><N who="1" m="49162" /><E70/><V110/><F110/><W24/><G104/><T74/><D126/><U97/><E97/><V5/><F91/><W100/><G100/><T60/><D119/><U71/><E71/><V44/><REACH who="2" step="1"/><F26/><REACH who="2" ten="235,160,360,235" step="2"/><W101/><G101/><T27/><D74/><U17/><E116/><V4/><F4/><W61/><G106/><T98/><D27/><N who="1" m="14735" /><E114/><V68/><F68/><W46/><G46/><AGARI ba="0,1" hai="1,5,6,8,9,14,44,46,48,53,56,64,66,67" machi="46" ten="40,2000,0" yaku="1,1,53,0" doraHai="23" doraHaiUra="133" who="2" fromWho="3" sc="235,0,160,0,360,30,235,-20" /><INIT seed="2,1,0,3,2,33" ten="235,160,390,215" oya="2" hai0="106,13,9,65,135,100,120,96,112,97,61,105,42" hai1="95,111,19,25,98,109,107,57,30,116,85,29,46" hai2="127,0,102,58,94,59,121,123,36,37,82,43,119" hai3="20,12,70,124,71,40,103,22,27,110,7,132,2"/><V90/><F119/><W50/><G110/><T64/><D120/><U77/><E116/><V5/><F102/><W115/><G124/><T114/><D135/><U34/><E30/><V39/><F82/><W81/><G132/><T101/><D42/><U32/><E32/><V51/><F127/><W92/><G2/><T126/><D126/><U89/><E46/><V125/><F125/><W53/><G40/><T79/><D79/><U21/><E57/><V62/><F51/><W131/><G131/><T47/><D47/><U133/><E133/><V118/><F118/><W99/><G115/><T55/><D55/><U56/><E56/><V83/><F83/><W66/><G81/><T10/><D13/><U68/><E68/><V17/><F43/><W6/><G12/><T104/><D106/><U74/><E74/><V3/><F58/><N who="3" m="33079" /><G22/><T60/><AGARI ba="1,0" hai="9,10,60,61,64,65,96,97,100,101,104,105,112,114" machi="60" ten="25,3200,0" yaku="0,1,22,2" doraHai="33" who="0" fromWho="0" sc="235,35,160,-9,390,-17,215,-9" /><INIT seed="3,0,0,0,5,17" ten="270,151,373,206" oya="3" hai0="70,63,60,87,46,92,21,62,47,9,78,58,18" hai1="132,61,28,73,53,16,123,114,109,19,72,103,81" hai2="33,5,11,96,41,102,91,76,37,126,22,3,100" hai3="112,8,39,130,67,56,55,121,24,31,6,71,115"/><W120/><G39/><T101/><D70/><U36/><E123/><V68/><F33/><W40/><G40/><T85/><D9/><U10/><E114/><V105/><F126/><W45/><G6/><T38/><D58/><N who="1" m="35023" /><E73/><V27/><F68/><W94/><G94/><T107/><D107/><U14/><E72/><V134/><F134/><W44/><G8/><T42/><D78/><U131/><E36/><V113/><F113/><N who="3" m="43595" /><G24/><T20/><D46/><N who="3" m="18025" /><G31/><T64/><D64/><U110/><E132/><V50/><F37/><W35/><G35/><T0/><D0/><U86/><E28/><V108/><F41/><W26/><G26/><T65/><D65/><U30/><E30/><V25/><F3/><W69/><G67/><T84/><REACH who="0" step="1"/><D18/><REACH who="0" ten="260,151,373,206" step="2"/><N who="1" m="8535" /><E131/><V1/><F11/><W29/><G130/><T7/><D7/><U90/><E110/><V124/><F5/><W104/><G104/><T116/><D116/><U119/><E109/><V57/><F108/><W128/><G128/><T52/><D52/><U54/><E119/><V75/><F105/><W83/><G69/><T80/><D80/><U133/><E133/><V59/><F1/><W12/><G71/><T43/><D43/><U88/><E103/><V13/><F102/><W82/><G120/><T32/><D32/><U95/><E54/><V98/><F100/><W79/><G55/><T117/><D117/><U74/><E74/><V106/><F75/><W111/><G121/><T77/><D77/><U2/><E2/><V51/><F106/><W99/><G111/><T129/><D129/><U89/><E81/><V127/><F76/><RYUUKYOKU ba="0,1" sc="260,15,151,15,373,-15,206,-15" hai0="20,21,38,42,47,60,62,63,84,85,87,92,101" hai1="16,19,86,88,89,90,95" owari="275,7.5,166,-33.4,368,46.8,191,-20.9" /></mjloggm>