<mjloggm ver="2.3"><GO type="225" lobby="0"/><UN n0="%E3%80%93%E3%81%97%E3%83%BC%E3%82%89%E3%80%93" n1="%72%69%6F%75%63%68%61%6E" n2="%E3%81%BF%E3%81%BF%E3%81%9A" n3="%E3%81%B5%E3%81%98%E3%81%8B%E3%81%A4" dan="16,16,17,16" rate="2087.73,2135.70,2244.03,2185.62" sx="M,M,M,M"/><TAIKYOKU oya="0"/><INIT seed="0,0,0,0,5,109" ten="250,250,250,250" oya="0" hai0="40,28,30,88,4,18,110,7,33,116,25,24,59" hai1="42,3,10,26,104,13,37,45,82,90,36,133,83" hai2="89,76,98,60,20,111,132,67,11,5,66,62,99" hai3="120,85,113,35,68,27,6,123,17,126,65,93,95"/><T34/><D110/><U129/><E129/><V115/><F111/><W49/><G6/><T72/><D72/><U70/><E133/><V61/><F132/><W63/><G126/><T94/><D116/><U31/><E3/><V100/><F76/><W53/><G113/><T124/><D124/><U84/><E70/><V92/><F115/><W51/><G51/><T58/><D40/><U54/><E104/><V77/><F77/><W122/><G85/><T57/><REACH who="0" step="1"/><D18/><REACH who="0" ten="240,250,250,250" step="2"/><N who="1" m="8503" /><E42/><V105/><REACH who="2" step="1"/><F20/><REACH who="2" ten="240,250,240,250" step="2"/><N who="3" m="13711" /><G35/><T29/><D29/><U135/><E135/><V9/><F9/><W86/><G86/><AGARI ba="0,2" hai="4,7,24,25,28,30,33,34,57,58,59,86,88,94" machi="86" ten="40,7700,0" yaku="1,1,9,1,54,1,53,0" doraHai="109" doraHaiUra="41" who="0" fromWho="3" sc="240,97,250,0,240,0,250,-77" /><INIT seed="0,1,0,5,2,65" ten="337,250,240,173" oya="0" hai0="16,40,89,86,84,52,129,83,64,41,72,51,130" hai1="114,100,87,117,111,82,81,76,127,25,26,113,42" hai2="9,118,44,91,70,104,37,43,68,3,73,98,6" hai3="20,77,63,54,79,24,39,27,75,53,126,35,123"/><T135/><D72/><U78/><E117/><V121/><F121/><W107/><G123/><T128/><D135/><U90/><E111/><V93/><F118/><W15/><G107/><T108/><D108/><U56/><E127/><V18/><F104/><W122/><G126/><T105/><D105/><U80/><E42/><V11/><F18/><W62/><G122/><T96/><D96/><U1/><E1/><V31/><F11/><W97/><G75/><T36/><D36/><U112/><E56/><V55/><F31/><W59/><G39/><T58/><D64/><U8/><E8/><V2/><F2/><W134/><G134/><T50/><D50/><U49/><E49/><V29/><F55/><W19/><G97/><T124/><D124/><U103/><E90/><V38/><F38/><W32/><G15/><T125/><D125/><U132/><E132/><V61/><F61/><W74/><G74/><T12/><D86/><U10/><E10/><AGARI ba="1,0" hai="10,12,16,40,41,51,52,58,83,84,89,128,129,130" machi="10" ten="40,7700,0" yaku="19,1,54,2" doraHai="65" who="0" fromWho="1" sc="337,80,250,-80,240,0,173,0" /><INIT seed="0,2,0,5,1,62" ten="417,170,240,173" oya="0" hai0="4,31,15,3,116,34,40,70,23,96,119,130,120" hai1="44,12,59,92,93,108,21,113,128,22,122,131,102" hai2="38,20,81,67,17,80,10,53,103,18,82,47,85" hai3="94,9,104,30,60,13,110,65,97,0,75,14,64"/><T114/><D70/><U71/><E71/><V5/><F103/><W54/><G75/><T61/><D40/><U55/><E122/><V83/><F67/><N who="3" m="25675" /><G104/><T41/><D61/><N who="1" m="36095" /><E108/><V49/><F38/><W50/><G0/><T117/><D41/><U2/><E2/><V73/><F73/><W87/><G110/><T25/><D96/><N who="1" m="59655" /><E113/><V77/><REACH who="2" step="1"/><F20/><REACH who="2" ten="417,170,230,173" step="2"/><W11/><G60/><T63/><D63/><U98/><E22/><V99/><F99/><W26/><G87/><T29/><D120/><U32/><E21/><V74/><F74/><W37/><G37/><T66/><D66/><U42/><E128/><V123/><F123/><W56/><G26/><N who="0" m="18743" /><D130/><U88/><E131/><V86/><F86/><W135/><G135/><T109/><D109/><U111/><E111/><V33/><F33/><W36/><G36/><T76/><D119/><U24/><E32/><V45/><F45/><W125/><G125/><T1/><D117/><U129/><E129/><V89/><F89/><N who="3" m="55503" /><G30/><T90/><D31/><U72/><E72/><V134/><F134/><W107/><G107/><T112/><D116/><U105/><E105/><V124/><F124/><W132/><G132/><T126/><D126/><U19/><E24/><V39/><F39/><W69/><G69/><T51/><D25/><U57/><E44/><V79/><F79/><W95/><G95/><T91/><D76/><U101/><E88/><V43/><F43/><W84/><G84/><T35/><D91/><U52/><E42/><V106/><F106/><W48/><G48/><T121/><D90/><U133/><E133/><V27/><F27/><RYUUKYOKU ba="2,1" sc="417,-15,170,-15,230,15,173,15" hai2="5,10,17,18,47,49,53,77,80,81,82,83,85" hai3="9,11,13,14,50,54,56" /><INIT seed="1,3,1,2,1,87" ten="402,155,245,188" oya="1" hai0="105,13,63,128,115,85,41,52,59,65,110,32,125" hai1="27,92,118,116,6,101,34,37,126,19,38,67,16" hai2="36,50,9,100,102,31,22,47,78,17,72,123,75" hai3="5,113,77,11,71,69,91,54,103,79,95,82,58"/><U68/><E126/><V4/><F123/><W122/><G113/><T132/><D32/><U88/><E101/><V98/><F31/><W133/><G122/><T8/><D105/><U25/><E6/><V62/><F36/><N who="1" m="13929" /><E34/><V51/><F62/><W7/><G133/><T74/><D74/><U111/><E67/><V114/><F102/><W18/><G103/><T109/><D41/><U60/><E60/><V104/><F114/><W61/><G18/><N who="1" m="6698" /><E68/><V96/><F96/><W12/><G5/><T134/><D65/><U10/><E10/><V107/><F107/><W15/><G15/><T14/><D14/><U55/><E55/><V124/><F124/><W45/><G45/><T80/><D125/><U29/><E29/><V43/><F51/><W106/><G106/><T127/><D127/><U40/><E40/><V44/><F47/><W131/><G71/><T26/><D13/><U33/><E33/><V23/><F17/><W112/><G69/><T1/><D8/><U0/><E0/><N who="2" m="135" /><F75/><W99/><G112/><T24/><D63/><U66/><E66/><V3/><F3/><W117/><G117/><N who="1" m="45162" /><E111/><V93/><F104/><W120/><G120/><T121/><D110/><U30/><E30/><V108/><F108/><W49/><G61/><T42/><D109/><U94/><E88/><V70/><F70/><W86/><REACH who="3" step="1"/><G79/><REACH who="3" ten="402,155,245,178" step="2"/><N who="0" m="46239" /><D115/><U73/><E73/><V21/><F78/><W35/><G35/><T81/><D121/><U28/><E28/><V53/><F72/><W48/><G48/><T2/><D2/><U90/><E90/><V129/><F43/><W46/><G46/><RYUUKYOKU ba="3,2" sc="402,-30,155,10,245,10,178,10" hai1="25,27,92,94" hai2="21,22,23,44,50,53,93,98,100,129" hai3="7,11,12,49,54,58,77,82,86,91,95,99,131" /><INIT seed="1,4,2,4,4,105" ten="372,165,255,188" oya="1" hai0="77,62,117,70,4,107,30,75,50,44,59,39,21" hai1="25,113,87,125,134,17,66,48,131,22,38,64,71" hai2="84,118,23,102,82,41,40,122,19,104,45,130,49" hai3="129,92,89,56,2,86,91,73,80,51,67,65,132"/><U11/><E113/><V54/><F118/><W7/><G132/><T58/><D107/><U126/><E38/><V34/><F34/><W94/><G129/><T15/><D39/><U98/><E131/><V93/><F104/><W28/><G28/><T100/><D100/><U83/><E134/><V57/><F122/><W10/><G73/><T33/><D33/><U121/><E121/><V9/><F9/><W42/><G80/><T128/><D117/><U43/><E71/><V133/><F130/><W90/><G90/><T135/><D70/><U99/><E11/><V111/><F111/><W16/><G16/><T119/><D4/><U46/><E64/><V1/><F1/><W116/><G116/><T14/><D30/><U20/><E66/><V52/><F93/><W74/><G74/><T68/><D68/><U124/><REACH who="1" step="1"/><E22/><REACH who="1" ten="372,155,255,188" step="2"/><V63/><F133/><W8/><G8/><T12/><D21/><U95/><E95/><V31/><F102/><W108/><G108/><T26/><D128/><U5/><E5/><V109/><F109/><W0/><G10/><T112/><D135/><U103/><E103/><V78/><F31/><W127/><G7/><T76/><D112/><U72/><E72/><V6/><F6/><W53/><G0/><T32/><D75/><U69/><E69/><V29/><F29/><W3/><G3/><T47/><D32/><U79/><AGARI ba="4,3" hai="17,20,25,43,46,48,79,83,87,98,99,124,125,126" machi="79" ten="30,11700,0" yaku="1,1,0,1,18,1,53,1" doraHai="105" doraHaiUra="13" who="1" fromWho="1" sc="372,-43,155,159,255,-43,188,-43" /><INIT seed="1,5,0,4,5,60" ten="329,314,212,145" oya="1" hai0="90,93,31,61,86,122,117,67,85,32,127,33,111" hai1="95,14,80,42,73,7,88,57,84,121,78,44,8" hai2="39,58,75,113,28,48,55,130,125,29,109,0,18" hai3="11,52,68,118,35,30,94,40,2,89,124,106,96"/><U10/><E121/><V50/><F39/><W119/><G106/><T3/><D3/><U62/><E8/><V74/><F0/><W108/><G124/><T51/><D122/><U135/><E135/><V37/><F37/><W115/><G115/><T81/><D127/><U64/><E44/><V77/><F125/><W54/><G108/><T46/><D31/><U99/><REACH who="1" step="1"/><E42/><REACH who="1" ten="329,304,212,145" step="2"/><V72/><F113/><W79/><G40/><T9/><D9/><U123/><E123/><V98/><F109/><W71/><G11/><T47/><D47/><U49/><E49/><V69/><F50/><W92/><G2/><T21/><D111/><U131/><E131/><V6/><F130/><W45/><G45/><T128/><D128/><U65/><E65/><V134/><F134/><W107/><G119/><T110/><D110/><U23/><E23/><V102/><F48/><W15/><G118/><T82/><D21/><U83/><E83/><V91/><F55/><W100/><G35/><T41/><D41/><U43/><BYE who="0" /><E43/><V87/><F74/><AGARI ba="5,1" hai="7,10,14,57,62,64,73,74,78,80,84,88,95,99" machi="74" ten="40,7700,0" yaku="1,1,52,1,54,1,53,0" doraHai="60" doraHaiUra="13" who="1" fromWho="2" sc="329,0,304,102,212,-92,145,0" /><INIT seed="1,6,0,4,3,43" ten="329,406,120,145" oya="1" hai0="93,126,21,20,68,23,86,114,132,112,87,78,118" hai1="77,37,65,0,125,61,130,13,56,1,26,49,35" hai2="127,84,44,96,99,53,103,51,98,45,11,62,94" hai3="91,64,135,100,36,83,15,81,6,122,10,29,80"/><U110/><E37/><V109/><F109/><W2/><G122/><T134/><D134/><U71/><E110/><V59/><F127/><W113/><G135/><T58/><D58/><UN n0="%E3%80%93%E3%81%97%E3%83%BC%E3%82%89%E3%80%93" /><U33/><E125/><V123/><F123/><W22/><G113/><T63/><D126/><U38/><E38/><V57/><F11/><W16/><G36/><T66/><D132/><U40/><E130/><V32/><F32/><W129/><G129/><T101/><D118/><U55/><E77/><V107/><F84/><W3/><G100/><T116/><D116/><U89/><E40/><V88/><REACH who="2" step="1"/><F98/><REACH who="2" ten="329,406,110,145" step="2"/><W85/><G2/><T69/><D87/><U28/><E33/><V17/><F17/><W120/><G120/><T82/><D114/><U92/><E13/><V70/><F70/><W104/><G29/><T42/><D112/><U30/><E28/><V39/><F39/><W75/><G75/><T4/><D69/><U105/><E105/><V128/><F128/><W119/><G104/><T90/><D68/><U14/><E14/><V9/><F9/><W46/><G119/><T131/><D86/><AGARI ba="6,1" hai="0,1,26,30,35,49,55,56,61,65,71,86,89,92" machi="86" ten="30,1500,0" yaku="7,1" doraHai="43" who="1" fromWho="0" sc="329,-33,406,43,110,0,145,0" /><INIT seed="1,7,0,2,1,94" ten="296,449,110,145" oya="1" hai0="131,134,110,80,20,116,75,109,23,66,35,32,46" hai1="50,9,99,84,62,28,108,17,0,100,125,82,132" hai2="21,60,123,83,1,96,64,53,78,124,69,54,56" hai3="120,72,70,19,47,115,76,93,37,36,39,95,135"/><U113/><E113/><V8/><F123/><W67/><G120/><T31/><D116/><U77/><E125/><V38/><F124/><W11/><G115/><T127/><D127/><U10/><E132/><V122/><F122/><W58/><G135/><T130/><D134/><U43/><E108/><N who="0" m="41577" /><D66/><U52/><E28/><V105/><F38/><W42/><G70/><T45/><D80/><U97/><E0/><V112/><F112/><W40/><G72/><T111/><D75/><U16/><E62/><V25/><F8/><N who="1" m="3177" /><E43/><V71/><F1/><W13/><G76/><T128/><D31/><U4/><E4/><V51/><F54/><W92/><REACH who="3" step="1"/><G42/><REACH who="3" ten="296,449,110,135" step="2"/><T27/><D111/><U14/><E100/><V57/><F78/><W5/><G5/><T101/><D131/><U85/><E84/><V63/><F83/><W90/><G90/><T74/><D130/><U34/><E34/><V91/><F91/><W117/><G117/><T55/><D128/><U22/><E17/><V104/><F96/><W114/><G114/><T88/><D88/><U73/><E73/><V126/><F126/><W7/><G7/><T18/><D74/><U107/><E107/><V89/><F89/><W118/><G118/><T41/><D35/><U129/><E129/><V65/><REACH who="2" step="1"/><F71/><REACH who="2" ten="296,449,100,135" step="2"/><W49/><G49/><N who="0" m="29103" /><D41/><U102/><E102/><V6/><F6/><W30/><G30/><AGARI ba="7,2" hai="21,25,30,51,53,56,57,60,63,64,65,69,104,105" machi="30" ten="30,7700,0" yaku="1,1,7,1,53,2" doraHai="94" doraHaiUra="61" who="2" fromWho="3" sc="296,0,449,0,100,118,135,-98" /><INIT seed="2,0,0,5,1,68" ten="296,449,218,37" oya="2" hai0="49,76,21,72,19,4,5,95,59,57,74,15,84" hai1="46,26,30,108,126,39,45,89,1,110,117,50,65" hai2="12,100,93,41,101,79,62,131,20,35,23,71,51" hai3="64,31,24,120,52,121,135,13,114,10,80,53,29"/><V43/><F35/><W28/><G114/><T133/><D133/><U134/><E1/><V0/><F0/><W88/><G135/><T112/><D112/><U90/><E134/><V73/><F131/><W70/><G24/><T83/><D72/><U99/><E117/><V16/><F73/><W123/><G70/><T111/><D111/><N who="1" m="42539" /><E126/><V75/><F75/><W38/><G64/><T103/><D74/><U82/><E65/><V8/><F79/><W34/><G34/><T33/><D33/><N who="1" m="20695" /><E82/><V109/><F109/><W11/><G38/><T17/><D76/><U69/><E69/><V78/><F78/><W118/><G118/><T115/><D84/><U22/><E22/><V98/><F100/><W124/><G124/><T60/><D95/><N who="1" m="56815" /><E90/><V6/><F23/><W14/><G80/><T92/><D83/><U3/><E3/><V67/><F51/><W86/><G86/><T40/><D21/><U116/><E116/><V44/><F44/><N who="1" m="17001" /><E50/><V113/><REACH who="2" step="1"/><F113/><REACH who="2" ten="296,449,208,37" step="2"/><W122/><N who="3" m="30720" /><DORA hai="87" /><W18/><REACH who="3" step="1"/><G88/><REACH who="3" ten="296,449,208,27" step="2"/><T77/><D115/><U47/><E47/><V96/><F96/><W56/><G56/><T105/><D57/><U58/><E58/><V127/><F127/><W128/><G128/><T32/><D59/><U63/><E63/><V36/><F36/><AGARI ba="0,2" hai="36,39" m="17001,56815,20695,42539" machi="36" ten="30,7700,0" yaku="14,1,52,3" doraHai="68,87" who="1" fromWho="2" sc="296,0,449,97,208,-77,27,0" /><INIT seed="3,0,0,2,0,90" ten="296,546,131,27" oya="3" hai0="129,60,70,85,23,61,28,125,64,21,14,92,17" hai1="113,57,51,38,78,36,117,100,131,29,80,98,7" hai2="3,97,101,20,63,67,72,24,30,102,118,115,116" hai3="65,87,53,2,123,114,121,11,5,37,8,119,95"/><W75/><G119/><T42/><D125/><U6/><E113/><V93/><F115/><W84/><G114/><T0/><D0/><U79/><E117/><V88/><F72/><W127/><G127/><T104/><D104/><U134/><E131/><V44/><F3/><W106/><G106/><T89/><D129/><U120/><E120/><V41/><F102/><W107/><G107/><T81/><D42/><U25/><E134/><V133/><F133/><W18/><G75/><T132/><D132/><U47/><E57/><N who="2" m="37359" /><F88/><W111/><G37/><AGARI ba="0,0" hai="20,24,30,37,41,44,93,97,101,116,118" m="37359" machi="37" ten="30,2000,0" yaku="25,1,52,1" doraHai="90" who="2" fromWho="3" sc="296,0,546,0,131,20,27,-20" owari="296,9.6,546,64.6,151,-24.9,7,-49.3" /></mjloggm>