<mjloggm ver="2.3"><GO type="225" lobby="0"/><UN n0="%54%4F%52" n1="%6D%75%75%6D%75%72%61" n2="%53%63%61%6E%64%61%6C" n3="%E7%BD%AA%E5%88%91%E6%B3%95%E5%AE%9A%E4%B8%BB%E7%BE%A9" dan="17,16,16,16" rate="2265.24,2120.12,2148.70,2128.50" sx="M,F,M,M"/><TAIKYOKU oya="0"/><INIT seed="0,0,0,1,4,81" ten="250,250,250,250" oya="0" hai0="49,47,6,37,29,128,21,5,72,86,132,48,131" hai1="114,133,76,107,61,51,105,65,43,27,58,134,122" hai2="9,123,77,87,55,98,10,28,30,124,117,56,60" hai3="96,109,1,26,93,7,111,22,50,71,108,102,35"/><T53/><D72/><U99/><E122/><V112/><F123/><W18/><G71/><T129/><D132/><N who="1" m="50795" /><E114/><V34/><F112/><W82/><G35/><T89/><D37/><U17/><E76/><V80/><F117/><W23/><G50/><T25/><REACH who="0" step="1"/><D48/><REACH who="0" ten="240,250,250,250" step="2"/><U15/><E51/><V4/><F124/><W42/><G42/><T41/><D41/><U79/><E43/><V31/><F34/><W113/><G113/><T103/><D103/><U91/><E105/><V64/><F4/><W14/><G7/><T16/><D16/><U62/><E107/><V59/><REACH who="2" step="1"/><F98/><REACH who="2" ten="240,250,240,250" step="2"/><W69/><G96/><T44/><D44/><U67/><E99/><V36/><F36/><W20/><G111/><T75/><D75/><U84/><E17/><V101/><F101/><W90/><G102/><T45/><D45/><U125/><E125/><V39/><F39/><W92/><G109/><T135/><D135/><U88/><E84/><V40/><F40/><W13/><G108/><T63/><D63/><AGARI ba="0,2" hai="9,10,28,30,31,55,56,59,60,63,64,77,80,87" machi="63" ten="40,5200,0" yaku="1,1,8,1,52,1,53,0" doraHai="81" doraHaiUra="19" who="2" fromWho="0" sc="240,-52,250,0,240,72,250,0" /><INIT seed="1,0,0,2,0,35" ten="188,250,312,250" oya="1" hai0="7,90,128,20,107,127,15,64,14,78,89,104,130" hai1="27,32,76,87,53,12,13,70,49,30,86,82,116" hai2="60,45,41,6,129,4,24,75,0,109,118,2,37" hai3="96,8,105,26,119,50,51,131,23,52,55,111,46"/><U72/><E116/><V57/><F118/><W93/><G119/><T47/><D64/><U84/><REACH who="1" step="1"/><E70/><REACH who="1" ten="188,240,312,250" step="2"/><V18/><F129/><W28/><G131/><T133/><D128/><U25/><E25/><V135/><F135/><W5/><G111/><T110/><D130/><U83/><E83/><V112/><F112/><W79/><G105/><T100/><D104/><U102/><E102/><V62/><F109/><W71/><G71/><T106/><D100/><U85/><N who="1" m="21504" /><DORA hai="122" /><U33/><E33/><V81/><F81/><W97/><G79/><T21/><D133/><U117/><E117/><V126/><F75/><W123/><G123/><T98/><D78/><U29/><E29/><V94/><F94/><W59/><REACH who="3" step="1"/><G93/><REACH who="3" ten="188,240,312,240" step="2"/><T48/><D110/><U43/><E43/><V77/><F41/><W10/><G10/><T3/><D106/><U16/><E16/><V22/><F18/><W92/><G92/><T9/><D107/><U103/><E103/><V99/><F37/><W1/><AGARI ba="0,2" hai="1,5,8,23,26,28,46,50,51,52,55,59,96,97" machi="1" ten="20,8000,1" yaku="1,1,0,1,7,1,52,1,54,1,53,0" doraHai="35,122" doraHaiUra="65,69" who="3" fromWho="3" sc="188,-20,240,-40,312,-20,240,100" /><INIT seed="2,0,0,1,0,90" ten="168,200,292,340" oya="2" hai0="93,82,37,72,129,106,103,88,108,134,63,101,61" hai1="97,51,15,58,102,84,40,50,11,32,104,5,92" hai2="8,79,28,99,45,68,22,12,43,48,127,122,70" hai3="91,75,112,29,65,123,130,0,133,69,64,47,20"/><V31/><F122/><W94/><G123/><T55/><D37/><U87/><E32/><V114/><F114/><W121/><G121/><T120/><D120/><U38/><E38/><V54/><F127/><W25/><G75/><T26/><D108/><U89/><E40/><V73/><F73/><W24/><G112/><T100/><D106/><U107/><E107/><V53/><F79/><W85/><G133/><T10/><D134/><U86/><REACH who="1" step="1"/><E58/><REACH who="1" ten="168,190,292,340" step="2"/><V115/><F115/><W19/><G69/><T76/><D129/><U9/><E9/><V14/><F68/><W56/><G130/><T125/><D125/><U49/><AGARI ba="0,1" hai="5,11,15,49,50,51,84,86,87,89,92,97,102,104" machi="49" ten="30,12000,2" yaku="1,1,0,1,52,1,53,3" doraHai="90" doraHaiUra="46" who="1" fromWho="1" sc="168,-30,190,130,292,-60,340,-30" /><INIT seed="3,0,0,4,5,82" ten="138,320,232,310" oya="3" hai0="15,26,5,132,100,75,120,117,49,35,115,111,53" hai1="36,2,1,29,54,38,88,70,109,7,3,39,66" hai2="89,57,25,14,77,19,110,78,69,8,62,127,128" hai3="116,94,46,98,12,9,80,43,90,40,50,106,23"/><W37/><G116/><T32/><D117/><U125/><E109/><V84/><F128/><W0/><G106/><T67/><D120/><U71/><E125/><V108/><F69/><W68/><G68/><T112/><D111/><N who="2" m="42538" /><F127/><W18/><G37/><T97/><D75/><U81/><E7/><V131/><F25/><N who="3" m="14583" /><G0/><T86/><D132/><U55/><E29/><V96/><F96/><W47/><G80/><T95/><D67/><U33/><E33/><V56/><F131/><W135/><G135/><T52/><D53/><U42/><E42/><N who="3" m="15914" /><G50/><T20/><D35/><U93/><E81/><N who="2" m="49295" /><F57/><W10/><G10/><N who="0" m="4559" /><D32/><U113/><E71/><V103/><F103/><W87/><G98/><T45/><D115/><U4/><E113/><V123/><F123/><W105/><G105/><T121/><D121/><U30/><E30/><V21/><F8/><W133/><G133/><T74/><D74/><U72/><E72/><V122/><F122/><W22/><G22/><T124/><D124/><U92/><E92/><V118/><F118/><W99/><G99/><T126/><D112/><U130/><E130/><V31/><F31/><W129/><G129/><T79/><D126/><U83/><E83/><V11/><F11/><W73/><G73/><T58/><D79/><U104/><E104/><V91/><F91/><W16/><AGARI ba="0,0" hai="9,12,16,46,47,87,90,94" m="15914,14583" machi="16" ten="30,6000,0" yaku="8,1,52,1,54,1" doraHai="82" who="3" fromWho="3" sc="138,-20,320,-20,232,-20,310,60" owari="118,-38.2,300,10.0,212,-18.8,370,47.0" /></mjloggm>