<mjloggm ver="2.3"><GO type="225" lobby="0"/><UN n0="%50%65%74%65%72%50%61%6E" n1="%73%75%7A%75%6D%65%33" n2="%E3%82%A2%E3%82%A4%E3%82%B9%E3%83%86%E3%82%A3%E3%83%BC%E3%81%82%E3%81%B9" n3="%E7%99%BD%E6%97%A5%E9%9B%AA%E8%8F%9C" dan="16,18,16,16" rate="2181.98,2261.31,2086.96,2117.97" sx="M,M,M,M"/><TAIKYOKU oya="0"/><INIT seed="0,0,0,5,0,43" ten="250,250,250,250" oya="0" hai0="93,67,17,61,131,58,128,85,42,134,39,48,127" hai1="101,91,118,88,69,135,10,45,73,123,98,1,112" hai2="71,102,113,82,111,32,122,83,5,103,133,3,94" hai3="31,114,51,9,29,13,121,44,62,90,46,26,107"/><T97/><D85/><U53/><E118/><V7/><F111/><W89/><G114/><T56/><D127/><U8/><E123/><V108/><F108/><W104/><G121/><T70/><D17/><U33/><E33/><V100/><F122/><W28/><G26/><T72/><D72/><U50/><E69/><V59/><F71/><W0/><G0/><T52/><D134/><U21/><E135/><V14/><F32/><W55/><G62/><T86/><D86/><U87/><E73/><V106/><F106/><W115/><G115/><T132/><D132/><U117/><E117/><V125/><F125/><W16/><REACH who="3" step="1"/><G46/><REACH who="3" ten="250,250,250,240" step="2"/><N who="0" m="23903" /><D58/><U34/><E112/><V95/><F3/><W30/><N who="3" m="7168" /><DORA hai="49" /><W77/><G77/><T22/><D22/><U15/><E34/><V54/><F133/><W84/><G84/><T23/><D23/><U37/><E87/><V81/><F113/><W24/><G24/><T2/><D2/><U96/><E1/><V105/><F105/><AGARI ba="0,1" hai="9,13,16,44,51,55,89,90,104,105,107" m="7168" machi="105" ten="50,8000,1" yaku="1,1,52,2,54,1,53,0" doraHai="43,49" doraHaiUra="79,35" who="3" fromWho="2" sc="250,0,250,0,250,-80,240,90" /><INIT seed="1,0,0,0,4,69" ten="250,250,170,330" oya="1" hai0="88,118,5,21,29,109,122,99,30,22,20,25,44" hai1="111,135,39,80,72,87,33,55,95,68,74,134,64" hai2="60,16,28,119,81,36,17,93,4,48,117,125,23" hai3="27,8,40,15,110,77,43,63,42,89,34,19,90"/><U10/><E33/><V11/><F125/><W50/><G110/><T128/><D118/><U85/><E64/><V82/><F60/><W96/><G77/><T38/><D109/><U70/><E111/><V98/><F48/><W58/><G50/><T94/><D128/><U86/><E55/><V131/><F28/><W127/><G127/><T26/><D5/><U133/><E10/><V108/><F108/><W31/><REACH who="3" step="1"/><G96/><REACH who="3" ten="250,250,170,320" step="2"/><T100/><D122/><U32/><E135/><V24/><F98/><W51/><G51/><T37/><D44/><U76/><E134/><V71/><F119/><W102/><G102/><T57/><D57/><U116/><E133/><V124/><F117/><W2/><G2/><T121/><D121/><U79/><E116/><V129/><F124/><W123/><G123/><T75/><D75/><U114/><E72/><V97/><F71/><W132/><G132/><T0/><D0/><U106/><E74/><V12/><F36/><W62/><G62/><T35/><REACH who="0" step="1"/><D100/><REACH who="0" ten="240,250,170,320" step="2"/><U7/><E68/><V45/><F131/><W47/><G47/><T9/><D9/><U49/><E70/><V115/><F129/><W53/><AGARI ba="0,2" hai="8,15,19,27,31,34,40,42,43,53,58,63,89,90" machi="53" ten="30,2000,0" yaku="1,1,0,1,53,0" doraHai="69" doraHaiUra="1" who="3" fromWho="3" sc="240,-5,250,-10,170,-5,320,40" /><INIT seed="2,0,0,2,2,72" ten="235,240,165,360" oya="2" hai0="132,7,47,126,59,24,80,65,117,102,113,118,44" hai1="111,105,123,122,112,83,79,124,100,1,95,54,77" hai2="94,30,45,8,106,135,78,103,56,119,12,73,130" hai3="128,96,18,28,74,40,99,86,85,90,51,116,46"/><V16/><F119/><N who="0" m="45578" /><D113/><U39/><E112/><V120/><F120/><N who="1" m="46121" /><E1/><V31/><F106/><W35/><G74/><T114/><D114/><U68/><E68/><V37/><F135/><W133/><G128/><T108/><D108/><U15/><E39/><V29/><F130/><W84/><G133/><T14/><D132/><U115/><E115/><V38/><F56/><W34/><G116/><T41/><D126/><U53/><E111/><V22/><F45/><W27/><G35/><T88/><D102/><U67/><E67/><V131/><F131/><W89/><G18/><T75/><D24/><U134/><E134/><V104/><F104/><W17/><G17/><T36/><D44/><U110/><E110/><V107/><F107/><W58/><G58/><T76/><D59/><U121/><E105/><V97/><REACH who="2" step="1"/><F8/><REACH who="2" ten="235,240,155,360" step="2"/><W71/><G71/><T9/><D65/><U13/><E121/><V4/><F4/><W125/><G125/><T87/><D75/><U10/><E10/><V129/><F129/><W50/><G50/><T52/><D52/><U32/><E53/><V61/><F61/><W11/><G11/><T43/><D43/><U93/><E54/><V127/><F127/><W81/><G51/><T21/><D21/><U101/><E124/><V70/><F70/><W69/><G69/><T55/><D55/><U92/><E32/><V20/><F20/><W82/><G46/><T25/><D25/><U42/><E42/><V2/><F2/><W109/><G40/><T91/><AGARI ba="0,1" hai="7,9,14,36,41,47,76,80,87,88,91" m="45578" machi="91" ten="30,4000,0" yaku="12,1,52,1,54,1" doraHai="72" who="0" fromWho="0" sc="235,50,240,-10,155,-20,360,-10" /><INIT seed="3,0,0,2,0,25" ten="285,230,135,350" oya="3" hai0="23,111,18,116,35,68,113,88,98,122,16,58,21" hai1="20,64,102,24,112,28,10,22,89,71,121,86,67" hai2="60,75,44,94,108,100,34,110,118,131,5,63,2" hai3="95,87,31,66,132,82,26,32,93,91,53,97,13"/><W101/><G66/><T135/><D68/><U4/><E112/><V62/><F118/><W47/><G132/><T42/><D35/><U130/><E121/><V39/><F131/><W79/><G13/><T115/><D122/><U27/><E102/><V90/><F100/><W84/><G53/><T120/><D120/><U38/><E38/><V70/><F70/><W65/><G65/><T114/><D116/><U36/><E36/><V33/><F75/><W30/><G30/><T72/><D72/><U54/><E71/><V96/><F5/><W76/><G47/><T123/><D123/><U52/><E67/><V8/><F8/><W1/><G1/><T128/><D128/><U37/><E37/><V40/><F2/><W69/><G69/><T134/><D111/><U6/><E64/><V129/><F129/><W104/><G93/><N who="0" m="56615" /><D58/><U92/><E130/><V80/><F80/><W133/><G133/><N who="0" m="50699" /><D42/><U61/><E61/><V77/><F77/><AGARI ba="0,0" hai="26,31,32,76,77,79,82,84,87,91,95,97,101,104" machi="77" ten="30,2900,0" yaku="7,1,52,1" doraHai="25" who="3" fromWho="2" sc="285,0,230,0,135,-29,350,29" owari="285,8.5,230,-17.0,106,-39.4,379,47.9" /></mjloggm>