<mjloggm ver="2.3"><GO type="225" lobby="0"/><UN n0="%E3%81%8B%E3%82%8F%E3%81%A1%E3%82%83%E3%82%93%35%38" n1="%E3%82%BF%E3%83%BC%E3%83%90%E3%83%B3%E9%87%8E%E5%8F%A3" n2="%E7%BD%AA%E5%88%91%E6%B3%95%E5%AE%9A%E4%B8%BB%E7%BE%A9" n3="%E3%83%AC%E3%82%A4%E3%83%88%E3%83%B3%E5%87%86%E6%95%99%E6%8E%88" dan="17,16,16,19" rate="2188.39,2077.90,2185.61,2284.90" sx="M,M,M,M"/><TAIKYOKU oya="0"/><INIT seed="0,0,0,0,1,120" ten="250,250,250,250" oya="0" hai0="38,20,16,87,135,57,129,70,82,114,18,84,14" hai1="122,128,68,31,115,121,113,9,46,103,106,98,45" hai2="1,49,118,5,66,71,32,99,78,3,48,97,22" hai3="21,125,119,107,79,80,17,117,34,11,54,116,60"/><T96/><D114/><N who="1" m="43531" /><E68/><V127/><F32/><W30/><G125/><T93/><D70/><U123/><E128/><V88/><F78/><W26/><G107/><T44/><D129/><U77/><E77/><V29/><F127/><W69/><G11/><T130/><D130/><U73/><E73/><V85/><F118/><W0/><G0/><T100/><D135/><U131/><E131/><V64/><F3/><W39/><G39/><T63/><D38/><U13/><E31/><V43/><F5/><AGARI ba="0,0" hai="5,9,13,45,46,98,103,106,121,122,123" m="43531" machi="5" ten="40,1300,0" yaku="11,1" doraHai="120" who="1" fromWho="2" sc="250,0,250,13,250,-13,250,0" /><INIT seed="1,0,0,5,2,116" ten="250,263,237,250" oya="1" hai0="103,92,71,118,35,5,117,81,28,45,26,48,65" hai1="11,40,94,74,90,98,21,14,114,110,134,100,77" hai2="68,36,50,51,95,124,88,44,55,61,38,121,18" hai3="41,30,123,109,3,130,58,72,102,60,42,49,9"/><U125/><E114/><V17/><F124/><W15/><G109/><T115/><D115/><U113/><E113/><V86/><F121/><W31/><G3/><T37/><D37/><U66/><E125/><V63/><F51/><W25/><G72/><T53/><D5/><U84/><E134/><V99/><F68/><W93/><G123/><T1/><D1/><U69/><E40/><V91/><F38/><W85/><G130/><T57/><D81/><U52/><E21/><V2/><F2/><W7/><G49/><T128/><D128/><U107/><E110/><V108/><F36/><W19/><G7/><T73/><D73/><U47/><E66/><V126/><F108/><W27/><G27/><T127/><D127/><U89/><E89/><V39/><F39/><W101/><G85/><T112/><D112/><U56/><E47/><V83/><REACH who="2" step="1"/><F126/><REACH who="2" ten="250,263,227,250" step="2"/><W78/><G41/><T105/><D71/><U129/><E69/><V122/><F122/><W64/><G42/><T46/><D118/><U13/><E129/><V20/><F20/><N who="3" m="15655" /><G31/><T22/><D117/><U8/><E11/><V111/><F111/><W67/><G78/><T76/><D76/><U104/><E8/><V79/><F79/><W106/><G106/><T82/><D22/><U119/><E107/><V0/><F0/><W10/><G9/><T70/><D105/><U59/><E119/><V24/><F24/><W34/><G34/><T132/><D70/><U43/><E43/><V6/><F6/><W16/><G10/><T54/><D35/><U96/><E104/><V135/><F135/><W87/><G19/><AGARI ba="0,1" hai="17,18,19,44,50,55,61,63,83,86,88,91,95,99" machi="19" ten="40,12000,2" yaku="1,1,6,1,8,1,54,1,53,3" doraHai="116" doraHaiUra="12" who="2" fromWho="3" sc="250,0,263,0,227,130,250,-120" /><INIT seed="2,0,0,4,0,87" ten="250,263,357,130" oya="2" hai0="115,127,17,85,48,83,82,67,2,118,98,108,34" hai1="0,94,16,92,60,36,25,117,134,29,50,42,12" hai2="89,122,80,135,14,105,110,13,26,132,68,84,33" hai3="40,61,119,1,114,124,59,88,72,27,62,44,54"/><V128/><F122/><W86/><G119/><T120/><D115/><U10/><E117/><V30/><F68/><W35/><G114/><T51/><D120/><U20/><E134/><N who="2" m="51243" /><F105/><W37/><G124/><T109/><D118/><U49/><E60/><V4/><F128/><W129/><G129/><T8/><D34/><N who="1" m="20783" /><E36/><V31/><F31/><W111/><G111/><N who="0" m="42571" /><D127/><U125/><E125/><V78/><F110/><W71/><G72/><T103/><D67/><U11/><E11/><N who="2" m="4327" /><F14/><W106/><G1/><T22/><D8/><U65/><E65/><V121/><F121/><W56/><G71/><T9/><D9/><U97/><E42/><V107/><F107/><W79/><G106/><N who="0" m="63863" /><D2/><U90/><E92/><V43/><F43/><W76/><G35/><T73/><D73/><U77/><E77/><AGARI ba="0,0" hai="26,30,33,77,78,80,84,89" m="4327,51243" machi="77" ten="30,2900,0" yaku="20,1,52,1" doraHai="87" who="2" fromWho="1" sc="250,0,263,-29,357,29,130,0" /><INIT seed="2,1,0,4,4,9" ten="250,234,386,130" oya="2" hai0="86,25,93,13,109,119,111,97,77,116,117,21,98" hai1="20,96,50,22,27,120,78,34,106,64,66,79,51" hai2="76,69,73,47,105,110,59,29,10,71,57,126,99" hai3="112,31,80,18,28,45,90,114,74,131,134,81,72"/><V84/><F73/><W33/><G131/><T89/><D25/><U128/><E27/><V44/><F29/><W113/><G134/><T1/><D1/><U42/><E42/><V132/><F132/><W55/><G18/><N who="0" m="10447" /><D77/><U30/><E30/><N who="3" m="11306" /><G90/><T60/><D60/><U19/><E19/><V121/><F121/><W88/><G33/><T0/><D0/><U102/><E96/><AGARI ba="1,0" hai="86,89,93,96,97,98,109,111,116,117,119" m="10447" machi="96" ten="40,2600,0" yaku="12,1,52,1" doraHai="9" who="0" fromWho="1" sc="250,29,234,-29,386,0,130,0" /><INIT seed="3,0,0,2,5,72" ten="279,205,386,130" oya="3" hai0="133,135,122,36,88,3,54,76,27,93,33,105,91" hai1="9,81,67,94,52,59,25,118,49,121,62,53,48" hai2="58,98,78,109,129,20,71,74,130,42,68,125,77" hai3="24,50,85,86,73,39,111,106,37,11,116,47,114"/><W92/><G114/><T97/><D3/><U80/><E121/><V46/><F109/><W134/><G116/><T96/><D36/><U132/><E132/><N who="0" m="50761" /><D122/><U82/><E118/><V120/><F125/><W43/><G134/><T26/><D33/><U126/><E126/><V99/><F58/><W75/><G106/><T63/><D76/><N who="2" m="29290" /><F74/><W44/><G111/><T41/><D41/><U35/><E9/><V45/><F20/><W69/><G69/><N who="2" m="26697" /><F120/><W16/><G75/><T127/><D127/><U4/><E4/><V113/><F113/><W89/><G73/><T0/><D0/><U57/><E94/><V30/><F30/><W55/><G39/><T123/><D123/><U104/><E104/><V5/><F5/><W65/><G65/><T87/><D105/><U15/><E15/><V21/><F21/><W29/><G11/><T95/><D97/><N who="2" m="36874" /><F42/><W108/><G108/><T40/><D40/><U61/><E67/><V6/><F6/><W10/><G10/><T17/><D17/><U18/><E18/><V102/><F102/><W90/><G16/><T7/><D7/><U128/><E128/><AGARI ba="0,0" hai="45,46,128,129,130" m="36874,26697,29290" machi="128" ten="40,12000,2" yaku="28,2,19,1,52,3" doraHai="72" who="2" fromWho="1" sc="279,0,205,-120,386,120,130,0" owari="279,7.9,85,-41.5,506,60.6,130,-27.0" /></mjloggm>