<mjloggm ver="2.3"><GO type="225" lobby="0"/><UN n0="%E3%81%A1%E3%82%85%E3%81%86%E3%81%A9%E3%81%8F%E8%B1%A1%E3%81%95%E3%82%93" n1="%E3%81%AF%E3%82%88%E3%81%8A%E3%81%98%E3%81%95%E3%82%93" n2="%6C%61%6D%62" n3="%E6%80%AA%E3%81%97%E3%81%99%E3%81%8E%E3%82%8B%E3%83%81%E3%83%BC" dan="17,16,16,16" rate="2198.78,2167.85,2137.74,2146.63" sx="M,M,M,M"/><TAIKYOKU oya="0"/><INIT seed="0,0,0,1,5,84" ten="250,250,250,250" oya="0" hai0="68,117,16,114,95,25,41,88,106,43,85,78,109" hai1="77,21,118,72,50,102,90,79,123,108,100,131,132" hai2="23,3,122,70,81,33,99,10,12,42,56,107,53" hai3="75,14,66,57,135,91,19,116,74,6,97,0,69"/><T22/><D114/><U111/><E50/><V55/><F122/><W40/><G116/><T13/><D117/><U93/><E21/><V58/><F33/><W86/><G69/><T94/><D68/><U8/><E8/><V9/><F70/><W120/><G135/><T45/><D106/><U119/><E123/><V73/><F42/><W1/><G97/><T36/><D109/><N who="1" m="42059" /><E132/><V124/><F124/><W11/><G40/><T30/><D41/><U104/><E131/><V71/><F71/><W39/><G39/><T121/><D78/><N who="1" m="29707" /><E72/><V2/><F23/><W62/><G120/><T65/><D65/><U105/><E119/><V26/><F26/><W48/><G48/><T92/><REACH who="0" step="1"/><D121/><REACH who="0" ten="240,250,250,250" step="2"/><U67/><E67/><V133/><F133/><W96/><G75/><T27/><D27/><U89/><E118/><V15/><F73/><W24/><G74/><T31/><D31/><U134/><E134/><V17/><F107/><N who="1" m="41033" /><E89/><V4/><F2/><W5/><G24/><T80/><D80/><U83/><E83/><V47/><F3/><W52/><G66/><T18/><D18/><U82/><E82/><V7/><F81/><N who="3" m="49615" /><G1/><T130/><D130/><U46/><E46/><V76/><F76/><W127/><G0/><T87/><D87/><AGARI ba="0,1" hai="87,90,93,100,102" m="41033,29707,42059" machi="87" ten="30,7700,0" yaku="14,1,34,2,52,1" doraHai="84" who="1" fromWho="0" sc="240,-77,250,87,250,0,250,0" /><INIT seed="1,0,0,3,2,7" ten="163,337,250,250" oya="1" hai0="20,102,99,15,17,0,127,86,92,30,29,64,25" hai1="73,39,53,21,66,51,84,32,97,36,45,72,54" hai2="115,101,125,22,103,85,112,128,42,106,59,96,69" hai3="78,47,108,65,67,126,114,122,37,134,49,109,38"/><U63/><E32/><V129/><F69/><W100/><G78/><T90/><D127/><U98/><E53/><V50/><F22/><W23/><G23/><T74/><D74/><U77/><E84/><V18/><F18/><W89/><G89/><T83/><D0/><U48/><E48/><V58/><F42/><W9/><G9/><T60/><REACH who="0" step="1"/><D25/><REACH who="0" ten="153,337,250,250" step="2"/><U130/><E72/><V24/><F24/><W12/><G126/><T105/><D105/><U33/><E73/><V81/><F125/><W5/><G109/><T68/><AGARI ba="0,1" hai="15,17,20,29,30,60,64,68,83,86,90,92,99,102" machi="68" ten="20,2700,0" yaku="1,1,0,1,7,1,53,0" doraHai="7" doraHaiUra="6" who="0" fromWho="0" sc="153,37,337,-13,250,-7,250,-7" /><INIT seed="2,0,0,0,0,51" ten="190,324,243,243" oya="2" hai0="63,52,54,3,56,78,87,103,88,36,135,7,126" hai1="23,20,27,81,106,85,22,57,69,70,73,113,102" hai2="46,40,58,6,76,42,11,114,65,45,34,19,117" hai3="99,2,110,5,107,105,100,97,98,72,32,132,49"/><V84/><F114/><W109/><G72/><T55/><D36/><U86/><E113/><V41/><F117/><W122/><G122/><T33/><D33/><U10/><E27/><V24/><F76/><W108/><G32/><T13/><D3/><U130/><E130/><V18/><F84/><W30/><G30/><T94/><D126/><U95/><E106/><N who="3" m="40458" /><G49/><T75/><D135/><U39/><E39/><V50/><F34/><W35/><G35/><T8/><REACH who="0" step="1"/><D103/><REACH who="0" ten="180,324,243,243" step="2"/><U80/><E102/><V16/><F24/><W127/><G127/><T119/><D119/><U47/><E81/><AGARI ba="0,1" hai="7,8,13,52,54,55,56,63,75,78,81,87,88,94" machi="81" ten="40,12000,2" yaku="1,1,52,3,54,2,53,0" doraHai="51" doraHaiUra="66" who="0" fromWho="1" sc="180,130,324,-120,243,0,243,0" /><INIT seed="3,0,0,1,2,57" ten="310,204,243,243" oya="3" hai0="13,71,116,51,78,46,92,135,124,107,53,14,28" hai1="90,69,129,59,102,58,54,122,91,43,31,113,73" hai2="123,74,133,9,106,30,83,25,119,6,61,96,18" hai3="15,33,29,127,41,98,19,36,72,112,76,115,63"/><W70/><G127/><T49/><D107/><U50/><E113/><V126/><F119/><W110/><G110/><T103/><D116/><U67/><E122/><V48/><F126/><W60/><G98/><T62/><D124/><U130/><E73/><V10/><F123/><W68/><G29/><T1/><D78/><U3/><E3/><V42/><F61/><N who="3" m="23627" /><G33/><T86/><D28/><U23/><E69/><N who="3" m="26730" /><G15/><T114/><D13/><U132/><E43/><V52/><F42/><W5/><G19/><T2/><D14/><U81/><E132/><V111/><F106/><W65/><G5/><T80/><D135/><U20/><E102/><V26/><F96/><W94/><G94/><T88/><D103/><U22/><E31/><V21/><F111/><W109/><G109/><T84/><D114/><N who="3" m="43561" /><G76/><T35/><D35/><U45/><E59/><V47/><F133/><W12/><G12/><T117/><D117/><U7/><E7/><V27/><F6/><W134/><G72/><T97/><D97/><U16/><E16/><V87/><F74/><W0/><G134/><T37/><D1/><U40/><E67/><V4/><F4/><W99/><G0/><T55/><D2/><U11/><E11/><N who="2" m="4107" /><F30/><W104/><G65/><T105/><D105/><U93/><E81/><V108/><F108/><W95/><G104/><T128/><D71/><U85/><E91/><AGARI ba="0,0" hai="18,21,25,26,27,47,48,52,83,87,91" m="4107" machi="91" ten="30,2000,0" yaku="8,1,54,1" doraHai="57" who="2" fromWho="1" sc="310,0,204,-20,243,20,243,0" owari="310,41.0,184,-31.6,263,6.3,243,-15.7" /></mjloggm>