<mjloggm ver="2.3"><GO type="225" lobby="0"/><UN n0="%E5%A4%96%E5%B7%9D%E7%AB%9C%E6%88%90" n1="%4C%C3%97%57%C3%97%4C" n2="%6D%75%75%6D%75%72%61" n3="%E3%81%BF%E3%81%BF%E3%81%9A" dan="16,18,16,17" rate="2232.93,2143.16,2208.65,2184.02" sx="M,M,F,M"/><TAIKYOKU oya="0"/><INIT seed="0,0,0,0,2,27" ten="250,250,250,250" oya="0" hai0="85,128,100,31,123,108,83,118,4,127,103,64,20" hai1="44,6,117,32,78,50,37,40,8,0,57,34,119" hai2="13,38,39,18,2,135,122,96,23,67,55,113,129" hai3="61,106,90,95,97,62,33,115,74,70,109,72,101"/><T116/><D123/><U58/><E78/><V133/><F122/><W91/><G115/><T88/><D127/><U80/><E80/><V86/><F113/><W111/><G33/><T51/><D128/><U25/><E34/><V120/><F120/><W3/><G3/><T10/><D64/><U92/><E92/><V75/><F75/><N who="3" m="28715" /><G70/><T93/><D108/><N who="3" m="41545" /><G62/><T125/><D125/><U79/><E79/><V124/><F124/><W48/><G61/><T104/><D104/><U68/><E68/><V69/><F129/><W41/><G41/><T131/><D131/><U81/><E81/><V87/><F2/><W15/><G48/><T52/><D83/><U26/><E26/><V65/><F55/><W110/><N who="3" m="41553" /><W49/><DORA hai="60" /><G49/><T132/><D132/><N who="2" m="50762" /><F69/><W99/><G15/><N who="0" m="5575" /><D118/><U29/><REACH who="1" step="1"/><E50/><REACH who="1" ten="250,240,250,250" step="2"/><V114/><F114/><W47/><G47/><N who="0" m="27775" /><D116/><AGARI ba="0,1" hai="0,6,8,25,29,32,37,40,44,57,58,116,117,119" machi="116" ten="40,2600,0" yaku="1,1,52,1,53,0" doraHai="27,60" doraHaiUra="66,105" who="1" fromWho="0" sc="250,-26,240,36,250,0,250,0" /><INIT seed="1,0,0,4,0,74" ten="224,276,250,250" oya="1" hai0="23,78,34,115,61,99,76,135,65,64,18,81,114" hai1="123,94,9,87,46,128,71,42,22,30,17,77,131" hai2="117,24,120,7,40,52,60,90,35,73,11,5,124" hai3="104,133,108,47,50,126,12,44,27,49,6,29,48"/><U111/><E123/><V86/><F120/><W43/><G104/><T113/><D34/><U132/><E71/><V105/><F117/><W1/><G1/><T10/><D135/><U75/><E132/><V41/><F124/><W16/><G133/><T101/><D10/><U54/><E54/><V62/><F73/><W85/><G126/><T39/><D39/><U109/><E30/><V107/><F35/><W88/><G108/><N who="1" m="41546" /><E9/><V26/><F52/><N who="3" m="29703" /><G6/><T3/><D3/><U45/><E75/><V58/><F11/><N who="3" m="6175" /><G47/><N who="1" m="17930" /><E42/><V92/><F58/><W31/><G43/><T121/><D121/><U116/><E116/><V13/><F40/><W102/><G102/><T4/><D4/><U100/><E100/><V97/><F41/><W69/><G69/><T8/><D8/><U93/><E131/><V72/><F72/><W84/><G84/><T70/><D65/><U68/><E128/><V51/><F5/><W89/><G89/><T21/><D21/><U130/><E68/><V106/><F7/><W25/><G31/><T80/><D101/><U59/><E130/><V82/><F51/><N who="3" m="19467" /><G29/><T110/><D110/><U125/><E125/><V91/><F60/><W134/><G134/><T33/><D33/><U15/><E59/><V66/><F62/><W14/><G14/><N who="0" m="9687" /><D99/><U95/><E87/><V2/><F2/><W79/><G79/><AGARI ba="0,0" hai="15,17,22,77,79,93,94,95" m="17930,41546" machi="79" ten="40,12000,1" yaku="14,1,10,1,52,2" doraHai="74" who="1" fromWho="3" sc="224,0,276,120,250,0,250,-120" /><INIT seed="1,1,0,0,2,101" ten="224,396,250,130" oya="1" hai0="36,92,110,32,129,40,68,95,104,78,39,103,47" hai1="70,61,94,55,107,98,106,5,90,38,34,115,7" hai2="73,128,85,74,52,27,120,135,62,65,119,45,116" hai3="53,46,43,30,29,50,19,118,35,60,6,131,105"/><U81/><E38/><V67/><F120/><W113/><G113/><T42/><D32/><U37/><E37/><V132/><F27/><W75/><G75/><N who="2" m="28681" /><F85/><W58/><G131/><T83/><D68/><U79/><E34/><V25/><F25/><W59/><G118/><N who="2" m="45097" /><F128/><W16/><G6/><T96/><D129/><U112/><E112/><V82/><F82/><W18/><G35/><T48/><D110/><U8/><E115/><V3/><F3/><W102/><REACH who="3" step="1"/><G59/><REACH who="3" ten="224,396,250,120" step="2"/><T51/><D36/><U122/><E5/><V13/><F65/><W69/><G69/><T71/><D71/><U87/><E70/><V134/><F67/><W86/><G86/><T111/><D111/><U56/><E122/><V88/><F132/><W91/><G91/><T17/><D39/><U31/><REACH who="1" step="1"/><E31/><REACH who="1" ten="224,386,250,120" step="2"/><V108/><F108/><W26/><G26/><T114/><D114/><U14/><AGARI ba="1,2" hai="7,8,14,55,56,61,79,81,87,90,94,98,106,107" machi="14" ten="20,18000,2" yaku="1,1,2,1,0,1,7,1,52,2,53,1" doraHai="101" doraHaiUra="72" who="1" fromWho="1" sc="224,-61,386,203,250,-61,120,-61" /><INIT seed="1,2,0,1,1,83" ten="163,589,189,59" oya="1" hai0="19,7,95,116,3,51,61,0,129,98,93,12,4" hai1="66,69,26,53,106,94,43,97,48,113,114,32,102" hai2="75,133,115,67,58,65,56,31,44,63,40,119,59" hai3="108,54,121,128,86,118,80,18,122,89,50,103,90"/><U117/><E117/><V111/><F119/><W35/><G118/><T135/><D116/><RYUUKYOKU type="kaze4" ba="2,0" sc="163,0,589,0,189,0,59,0" /><INIT seed="1,3,0,5,3,30" ten="163,589,189,59" oya="1" hai0="24,99,114,39,46,26,120,41,54,47,117,33,7" hai1="119,65,104,14,73,40,102,4,42,23,134,22,111" hai2="91,21,75,80,90,45,126,110,100,68,133,115,94" hai3="67,1,74,88,62,121,13,116,37,93,6,118,106"/><U19/><E119/><N who="3" m="45610" /><G121/><T64/><D114/><U97/><E73/><V58/><F68/><N who="3" m="42103" /><G106/><T127/><D120/><U124/><E124/><V53/><F115/><W17/><G74/><T56/><D64/><U77/><E77/><V29/><F110/><W84/><G37/><T125/><D7/><U103/><E103/><V89/><F133/><W122/><G122/><T11/><D11/><U79/><E79/><V36/><F126/><N who="0" m="48138" /><D47/><U18/><E4/><V28/><F75/><W109/><G109/><T49/><D117/><U69/><E134/><V51/><F80/><W132/><G132/><T130/><D130/><U112/><E112/><V129/><F129/><W76/><G76/><T34/><D99/><U60/><REACH who="1" step="1"/><E111/><REACH who="1" ten="163,579,189,59" step="2"/><V85/><F100/><W81/><G6/><T8/><D8/><U128/><E128/><V43/><F90/><W10/><G1/><T12/><D12/><AGARI ba="3,1" hai="12,14,18,19,22,23,40,42,60,65,69,97,102,104" machi="12" ten="30,12000,1" yaku="1,1,7,1,9,1,53,2" doraHai="30" doraHaiUra="16" who="1" fromWho="0" sc="163,-129,579,139,189,0,59,0" /><INIT seed="1,4,0,4,4,32" ten="34,718,189,59" oya="1" hai0="129,64,12,3,106,95,77,45,91,5,70,73,21" hai1="56,107,115,117,29,97,62,79,134,100,98,94,11" hai2="23,124,93,39,67,135,131,90,125,132,9,75,15" hai3="118,34,126,36,57,61,83,76,88,130,53,87,108"/><U104/><E115/><V110/><F39/><W33/><G108/><T46/><D106/><U37/><E117/><V1/><F110/><W69/><G130/><T109/><D109/><U116/><E116/><V114/><F75/><W123/><G118/><T55/><D129/><U96/><E37/><V30/><F114/><W122/><G36/><T121/><D121/><U102/><E29/><V84/><F67/><W65/><G126/><N who="2" m="48745" /><F131/><W35/><REACH who="3" step="1"/><G76/><REACH who="3" ten="34,718,189,49" step="2"/><T41/><D77/><U105/><E79/><V6/><F135/><W68/><G68/><T25/><D70/><U111/><E111/><V18/><F132/><W54/><G54/><T42/><D55/><U8/><E134/><V10/><F30/><W92/><G92/><T22/><D95/><U128/><E128/><V47/><F47/><W113/><G113/><T17/><D46/><U52/><REACH who="1" step="1"/><E107/><REACH who="1" ten="34,708,189,49" step="2"/><V72/><F72/><W40/><G40/><T50/><D73/><U28/><E28/><V20/><AGARI ba="4,2" hai="1,6,9,10,15,18,20,23,84,90,93" m="48745" machi="20" ten="30,2000,0" yaku="18,1,52,1" doraHai="32" who="2" fromWho="2" sc="34,-9,708,-14,189,52,49,-9" /><INIT seed="2,0,0,0,5,72" ten="25,694,241,40" oya="2" hai0="121,99,130,134,12,46,44,30,13,73,129,132,111" hai1="57,104,93,83,98,135,48,0,115,70,75,77,45" hai2="40,35,61,85,27,69,68,37,9,5,67,82,62" hai3="120,133,119,53,29,122,39,14,55,38,43,124,28"/><V118/><F118/><W51/><G14/><N who="0" m="5739" /><D121/><U58/><E115/><V52/><F37/><W42/><G119/><T94/><D73/><U95/><E70/><V23/><F40/><W50/><G133/><N who="0" m="51307" /><D30/><U47/><E0/><V126/><F35/><W19/><G19/><T41/><D111/><U108/><E108/><V10/><F5/><W89/><G89/><N who="0" m="55759" /><D41/><U34/><E45/><AGARI ba="0,0" hai="44,45,46,129,130" m="55759,51307,5739" machi="45" ten="30,1000,0" yaku="20,1" doraHai="72" who="0" fromWho="1" sc="25,10,694,-10,241,0,40,0" /><INIT seed="3,0,0,4,4,5" ten="35,684,241,40" oya="3" hai0="32,39,113,33,133,2,134,53,29,83,63,93,3" hai1="128,58,14,135,64,127,16,45,6,75,28,62,85" hai2="43,119,102,59,103,54,19,77,9,48,95,71,99" hai3="92,4,52,50,104,79,120,97,42,12,115,37,129"/><W132/><G115/><T74/><D39/><U117/><E75/><V80/><F71/><W70/><G120/><T24/><D33/><U18/><E127/><V61/><F119/><W100/><G129/><T108/><D113/><U94/><E135/><N who="0" m="51721" /><D108/><U131/><E117/><V124/><F124/><W41/><G132/><T7/><D7/><U116/><E45/><N who="2" m="25663" /><F80/><W13/><G70/><T96/><D63/><U126/><E28/><V55/><F77/><W88/><G37/><T105/><D105/><U26/><E85/><V87/><F87/><W21/><G79/><N who="0" m="44535" /><D53/><U60/><E58/><V27/><F55/><W17/><G100/><AGARI ba="0,0" hai="2,3,24,29,32,93,96,100" m="44535,51721" machi="100" ten="30,1000,0" yaku="20,1" doraHai="5" who="0" fromWho="3" sc="35,10,684,0,241,0,40,-10" owari="45,-35.5,684,78.4,241,4.1,30,-47.0" /></mjloggm>