<mjloggm ver="2.3"><GO type="225" lobby="0"/><UN n0="%E3%82%BD%E3%83%AB%E3%83%88%E3%82%AF%E3%83%AA%E3%83%BC%E3%82%AF" n1="%E6%A1%9C%E8%8A%B1%E9%96%83%E3%80%85" n2="%E8%90%BD%E6%97%A5" n3="%E3%81%82%E3%81%99%E3%81%AB%E3%82%83%E3%82%80" dan="16,16,16,16" rate="2088.77,2148.06,2125.03,2147.18" sx="M,M,F,F"/><TAIKYOKU oya="0"/><INIT seed="0,0,0,0,1,3" ten="250,250,250,250" oya="0" hai0="25,39,108,62,5,83,30,31,109,125,105,26,35" hai1="74,4,47,130,40,99,131,114,115,73,63,102,22" hai2="135,118,85,127,123,84,17,59,1,128,60,98,28" hai3="87,18,68,86,96,65,111,9,32,23,89,56,36"/><T121/><D39/><U80/><E22/><V100/><F123/><W61/><G32/><N who="0" m="20559" /><D105/><N who="1" m="63711" /><E63/><V112/><F112/><N who="1" m="43049" /><E4/><V70/><F70/><W13/><G111/><N who="0" m="42571" /><D121/><U16/><E16/><V134/><F118/><W48/><G36/><T57/><D125/><U29/><E29/><V27/><F127/><W103/><G9/><T77/><D5/><U81/><E47/><V41/><F128/><N who="1" m="49193" /><E40/><V49/><F17/><W93/><G68/><T79/><D79/><U75/><AGARI ba="0,0" hai="73,74,75,80,81" m="49193,43049,63711" machi="75" ten="40,8000,1" yaku="11,1,19,1,34,2" doraHai="3" who="1" fromWho="1" sc="250,-40,250,80,250,-20,250,-20" /><INIT seed="1,0,0,2,3,126" ten="210,330,230,230" oya="1" hai0="66,87,50,116,132,51,93,134,18,83,92,71,80" hai1="21,49,113,103,3,10,81,56,108,41,111,12,57" hai2="131,28,99,84,120,100,31,16,58,110,73,4,22" hai3="39,89,35,70,55,119,19,15,45,115,25,135,129"/><U5/><E113/><V123/><F73/><W6/><G115/><T85/><D18/><N who="1" m="10439" /><E103/><V62/><F110/><N who="1" m="42025" /><E81/><N who="0" m="31305" /><D66/><U122/><E122/><V37/><F37/><W24/><G6/><T11/><D11/><U114/><E114/><V117/><F117/><W0/><G0/><T48/><D71/><U46/><AGARI ba="0,0" hai="3,5,10,41,46,49,56,57" m="42025,10439" machi="46" ten="30,3000,0" yaku="14,1,10,1" doraHai="126" who="1" fromWho="1" sc="210,-10,330,30,230,-10,230,-10" /><INIT seed="1,1,0,4,2,40" ten="200,360,220,220" oya="1" hai0="67,88,39,77,110,90,125,74,132,36,15,131,25" hai1="37,66,112,47,51,105,116,65,38,14,45,52,73" hai2="16,53,57,60,22,107,98,97,127,30,56,24,103" hai3="6,46,81,122,48,8,34,12,115,5,20,70,11"/><U50/><E105/><V96/><F127/><W41/><G70/><T1/><D1/><U83/><E14/><V80/><F80/><W54/><G34/><T17/><D74/><U126/><E126/><V69/><F69/><W58/><G122/><T113/><D113/><U72/><E112/><V71/><F71/><W130/><G130/><T84/><D125/><U82/><REACH who="1" step="1"/><E52/><REACH who="1" ten="200,350,220,220" step="2"/><V128/><F128/><W63/><G115/><T49/><D131/><U100/><E100/><V134/><F134/><W106/><G106/><T23/><D132/><U92/><E92/><V135/><F135/><W85/><G8/><T117/><D15/><U79/><E79/><V7/><F7/><N who="3" m="3199" /><G20/><T75/><D77/><AGARI ba="1,1" hai="5,6,41,46,48,54,58,63,77,81,85" m="3199" machi="77" ten="30,3900,0" yaku="25,1,8,1,52,1" doraHai="40" who="3" fromWho="0" sc="200,-42,350,0,220,0,220,52" /><INIT seed="2,0,0,1,3,6" ten="158,350,220,272" oya="2" hai0="61,117,85,4,59,88,96,19,18,38,74,108,54" hai1="33,2,44,51,50,82,27,68,133,71,126,106,81" hai2="118,42,46,60,34,37,90,100,80,83,58,45,76" hai3="43,0,63,67,25,17,36,127,122,123,128,1,78"/><V120/><F118/><W20/><G128/><T66/><D74/><U92/><E106/><V91/><F120/><W87/><G127/><T115/><D115/><U107/><E107/><V86/><F34/><W134/><G134/><T124/><D38/><U29/><E126/><V98/><F46/><W69/><G43/><T39/><D39/><U3/><E133/><V13/><F13/><W64/><G36/><T11/><D124/><U103/><E103/><V132/><F132/><W89/><G78/><T5/><D5/><U62/><E92/><V32/><F32/><W125/><G125/><T105/><D108/><U113/><E62/><V55/><REACH who="2" step="1"/><F80/><REACH who="2" ten="158,350,210,272" step="2"/><W53/><G123/><T41/><D41/><U23/><E33/><V73/><F73/><W121/><G122/><T93/><D117/><U56/><E82/><V31/><F31/><W9/><G121/><T130/><D130/><U131/><E81/><V21/><F21/><W110/><G0/><T70/><D105/><AGARI ba="0,1" hai="37,42,45,55,58,60,76,83,86,90,91,98,100,105" machi="105" ten="30,5800,0" yaku="1,1,7,1,53,1" doraHai="6" doraHaiUra="99" who="2" fromWho="0" sc="158,-58,350,0,210,68,272,0" /><INIT seed="2,1,0,5,4,15" ten="100,350,278,272" oya="2" hai0="128,44,29,13,116,18,94,51,5,131,98,14,2" hai1="102,124,22,48,49,1,81,10,69,43,80,57,121" hai2="123,65,46,23,99,56,40,68,91,17,36,58,34" hai3="55,66,64,112,135,126,74,79,106,100,92,132,47"/><V125/><F123/><W0/><G0/><T26/><D116/><U114/><E69/><V59/><F125/><W52/><G126/><T78/><D78/><U77/><E124/><V113/><F34/><W109/><G106/><T24/><D5/><U61/><E114/><V45/><F113/><W129/><G112/><T117/><D2/><U38/><E38/><V70/><F46/><W89/><G109/><T111/><D111/><U42/><E102/><V105/><F65/><N who="3" m="25195" /><G100/><N who="0" m="60503" /><D29/><U30/><E10/><V88/><F105/><W31/><G31/><T122/><D122/><U3/><E77/><V72/><F72/><W62/><G129/><N who="0" m="49739" /><D117/><U118/><E1/><V90/><REACH who="2" step="1"/><F99/><REACH who="2" ten="100,350,268,272" step="2"/><W85/><G74/><T133/><D133/><U8/><E121/><V75/><F75/><W127/><G127/><T96/><D96/><U110/><E118/><V107/><F107/><W33/><G33/><T37/><D37/><U101/><E110/><V50/><F50/><W41/><G135/><T82/><D82/><U119/><E49/><V28/><F28/><W6/><G132/><T76/><D76/><U87/><E48/><V83/><F83/><W53/><G79/><T103/><D103/><U134/><E101/><V60/><F60/><W32/><G32/><T84/><D84/><U73/><E134/><V16/><F16/><W39/><G62/><T108/><D108/><U54/><E73/><V11/><F11/><W19/><G19/><T130/><N who="0" m="49747" /><T4/><DORA hai="115" /><D4/><U67/><E8/><V71/><F71/><W25/><G6/><T7/><D7/><U93/><E87/><RYUUKYOKU ba="1,1" sc="100,-15,350,-15,268,15,272,15" hai2="17,23,36,40,45,56,58,59,68,70,88,90,91" hai3="25,39,41,47,52,53,55,85,89,92" /><INIT seed="2,2,1,0,0,67" ten="85,335,283,287" oya="2" hai0="98,17,96,55,109,81,118,105,28,21,132,77,7" hai1="92,94,87,70,22,114,103,119,95,99,63,46,10" hai2="25,111,120,65,93,68,11,126,123,37,16,127,86" hai3="100,31,117,84,18,74,32,64,35,57,135,29,50"/><V122/><F37/><W20/><G74/><T12/><D109/><U71/><E114/><V131/><F131/><W82/><G117/><T45/><D132/><U78/><E119/><V3/><F111/><W72/><G72/><T19/><D118/><U69/><E22/><V36/><F36/><W14/><G135/><T130/><D130/><U83/><E46/><V106/><F106/><W112/><G100/><T59/><D45/><U38/><E38/><V125/><F3/><W53/><G112/><T129/><D129/><U5/><REACH who="1" step="1"/><E63/><REACH who="1" ten="85,325,283,287" step="2"/><N who="2" m="39999" /><F11/><W4/><G32/><T41/><D41/><U1/><AGARI ba="2,2" hai="1,5,10,69,70,71,78,83,87,92,94,95,99,103" machi="1" ten="30,12000,2" yaku="1,1,0,1,52,3,53,1" doraHai="67" doraHaiUra="2" who="1" fromWho="1" sc="85,-32,325,146,283,-62,287,-32" /><INIT seed="3,0,0,4,5,41" ten="53,471,221,255" oya="3" hai0="110,85,33,65,24,78,83,0,95,37,126,39,125" hai1="133,1,88,54,35,52,58,77,7,127,121,15,70" hai2="128,16,113,87,104,63,2,14,61,53,91,96,66" hai3="108,119,9,75,80,92,114,99,73,45,124,22,109"/><W56/><G114/><T62/><D0/><U44/><E70/><V90/><F2/><W100/><G119/><T28/><D95/><U86/><E1/><V102/><F113/><W134/><G134/><T123/><D123/><U120/><E35/><V64/><F128/><W131/><G131/><T55/><D55/><U129/><E129/><V81/><F90/><W30/><G124/><T34/><D110/><N who="3" m="42601" /><G80/><T69/><D34/><U38/><E127/><AGARI ba="0,0" hai="24,28,33,37,39,62,65,69,78,83,85,125,126,127" machi="127" ten="40,1300,0" yaku="18,1" doraHai="41" who="0" fromWho="1" sc="53,13,471,-13,221,0,255,0" owari="66,-43.4,458,55.8,221,-17.9,255,5.5" /></mjloggm>