<mjloggm ver="2.3"><GO type="225" lobby="0"/><UN n0="%61%69%73%79%6F" n1="%E9%80%86%E9%80%A3%E5%B8%AF%E3%81%AE%E9%AC%BC" n2="%E3%81%A1%E3%82%85%E3%81%86%E3%81%A9%E3%81%8F%E8%B1%A1%E3%81%95%E3%82%93" n3="%43%68%65" dan="17,16,16,16" rate="2155.49,2110.87,2079.12,2179.06" sx="M,M,M,M"/><TAIKYOKU oya="0"/><INIT seed="0,0,0,1,2,133" ten="250,250,250,250" oya="0" hai0="135,43,14,31,56,22,114,24,131,48,6,30,106" hai1="40,100,79,78,66,54,2,124,67,53,90,12,7" hai2="37,60,75,51,122,108,62,110,116,118,107,120,117" hai3="32,134,76,64,127,121,0,130,29,16,113,126,69"/><T52/><D114/><U42/><E2/><V11/><F75/><W115/><G130/><T94/><D135/><U5/><E90/><V10/><F107/><W26/><G134/><T36/><D106/><U45/><E45/><V20/><F20/><W61/><G121/><N who="2" m="46697" /><F51/><W77/><G0/><T23/><D131/><U33/><E33/><V57/><F37/><W71/><G71/><T21/><D36/><U70/><E12/><V46/><F46/><W119/><G16/><N who="0" m="10519" /><D43/><U44/><E44/><V3/><F3/><W111/><G111/><N who="2" m="42537" /><F57/><W34/><G34/><T82/><D6/><U96/><E70/><V91/><F91/><W49/><G49/><T88/><D82/><U72/><E72/><V27/><F27/><W95/><G95/><T105/><D105/><U47/><E47/><V9/><AGARI ba="0,0" hai="9,10,11,60,62,116,117,118" m="42537,46697" machi="9" ten="50,8000,1" yaku="28,2,12,1,14,1" doraHai="133" who="2" fromWho="2" sc="250,-40,250,-20,250,80,250,-20" /><INIT seed="1,0,0,3,0,134" ten="210,230,330,230" oya="1" hai0="107,84,29,16,115,54,111,87,124,92,100,38,80" hai1="26,2,121,129,0,20,85,76,105,48,56,33,43" hai2="96,89,82,101,52,47,116,94,14,51,23,118,108" hai3="75,22,83,106,45,27,36,62,86,68,95,13,132"/><U97/><E121/><V50/><F108/><W109/><G106/><T91/><D115/><U125/><E129/><V28/><F50/><W133/><G109/><T5/><D111/><U126/><E33/><V127/><F127/><N who="1" m="48649" /><E76/><V24/><F14/><W1/><G13/><T93/><D38/><U10/><E85/><V32/><F32/><W98/><G86/><T46/><D5/><U81/><E81/><V69/><F69/><W42/><G1/><T39/><D124/><U66/><E10/><V112/><F112/><W11/><G11/><T72/><D72/><U40/><E97/><V64/><F64/><W12/><G98/><T117/><D87/><U130/><E105/><V103/><F82/><W74/><G83/><T7/><D107/><U55/><E66/><V3/><F3/><N who="1" m="1065" /><E130/><V9/><F9/><W110/><G110/><T41/><D80/><U59/><E59/><V114/><F114/><W104/><G104/><T8/><D93/><U21/><E21/><V63/><F94/><W71/><G95/><T31/><D100/><U18/><AGARI ba="0,0" hai="18,20,26,40,43,48,55,56" m="1065,48649" machi="18" ten="30,11700,0" yaku="18,1,52,3" doraHai="134" who="1" fromWho="1" sc="210,-39,230,117,330,-39,230,-39" /><INIT seed="1,1,0,2,1,97" ten="171,347,291,191" oya="1" hai0="120,21,88,70,39,7,45,42,81,106,28,75,99" hai1="115,122,38,73,114,63,49,133,59,109,24,6,18" hai2="129,34,17,58,11,48,95,127,57,26,3,54,8" hai3="43,37,46,44,29,83,131,62,69,1,50,25,110"/><U130/><E122/><V0/><F129/><W105/><G131/><T93/><D120/><U113/><E38/><V134/><F134/><W98/><G1/><T51/><D70/><U84/><E73/><V119/><F119/><W14/><G110/><T80/><D7/><U78/><E133/><V101/><F127/><W128/><G128/><T22/><D106/><U71/><E109/><V41/><F41/><W96/><G14/><T85/><D28/><U100/><E130/><V56/><F34/><W10/><G10/><T2/><D2/><U77/><E6/><V31/><F31/><W32/><G83/><T79/><REACH who="0" step="1"/><D39/><REACH who="0" ten="161,347,291,191" step="2"/><U125/><E71/><V61/><F0/><W94/><G105/><T74/><D74/><U76/><E114/><V67/><F3/><W13/><G37/><T4/><D4/><U16/><E115/><V55/><F17/><W68/><G68/><T36/><D36/><U126/><E18/><V112/><F112/><W107/><G107/><T90/><AGARI ba="1,1" hai="21,22,42,45,51,75,79,80,81,85,88,90,93,99" machi="90" ten="20,5200,0" yaku="1,1,0,1,7,1,54,1,53,0" doraHai="97" doraHaiUra="102" who="0" fromWho="0" sc="161,65,347,-27,291,-14,191,-14" /><INIT seed="2,0,0,4,1,20" ten="226,320,277,177" oya="2" hai0="74,30,37,31,89,54,102,41,81,38,62,108,58" hai1="104,128,36,51,19,4,123,129,72,78,8,115,12" hai2="119,90,69,27,43,57,66,59,33,117,82,1,14" hai3="35,87,28,86,110,131,77,135,68,17,13,52,76"/><V40/><F1/><W49/><G68/><T100/><D108/><U60/><E36/><V67/><F69/><W24/><G110/><T114/><D114/><U106/><E115/><V79/><F90/><W112/><G131/><T64/><D38/><U127/><E127/><V124/><F14/><W32/><G32/><T73/><D37/><U25/><E123/><V34/><F82/><W0/><G0/><T118/><D41/><U7/><E60/><V113/><F113/><W53/><G135/><T2/><D2/><U85/><E72/><V26/><F79/><W29/><G29/><T45/><D45/><U96/><E51/><V101/><F101/><W134/><G53/><T107/><D54/><U75/><E75/><V120/><F120/><W92/><G134/><T10/><D102/><U121/><E121/><V109/><F109/><W6/><G6/><T71/><D71/><U65/><E65/><V111/><F111/><W23/><G112/><T46/><D100/><U122/><E122/><V116/><REACH who="2" step="1"/><F117/><REACH who="2" ten="226,320,267,177" step="2"/><W126/><G126/><AGARI ba="0,1" hai="26,27,33,34,40,43,57,59,66,67,116,119,124,126" machi="126" ten="25,24000,3" yaku="1,1,2,1,22,2,52,2,53,2" doraHai="20" doraHaiUra="39" who="2" fromWho="3" sc="226,0,320,0,267,250,177,-240" owari="226,-17.4,320,12.0,517,61.7,-63,-56.3" /></mjloggm>