<mjloggm ver="2.3"><GO type="225" lobby="0"/><UN n0="%33%74%72%65%65" n1="%E9%80%9F%E6%B0%B4%E5%87%9B%E9%A6%99" n2="%E3%81%9F%E3%81%93%E2%98%86%E7%84%BC%E3%81%8D" n3="%E3%83%B4%E3%83%A0%EF%BC%99%E3%81%A6" dan="17,16,16,17" rate="2240.43,2135.91,2058.33,2204.07" sx="F,F,M,M"/><TAIKYOKU oya="0"/><INIT seed="0,0,0,0,4,86" ten="250,250,250,250" oya="0" hai0="24,40,114,118,3,70,84,22,72,7,123,26,41" hai1="79,28,73,93,98,110,116,6,48,12,106,19,43" hai2="81,117,59,55,135,47,46,77,17,37,18,76,21" hai3="127,85,25,83,125,78,0,8,109,90,58,121,49"/><T120/><D72/><U66/><E116/><V20/><F135/><W82/><G109/><T13/><D114/><U112/><E106/><V99/><F37/><W94/><G121/><T34/><D70/><U105/><E105/><V65/><F65/><W42/><G83/><T129/><D118/><U108/><E112/><V4/><F4/><W134/><G134/><T11/><D129/><U29/><E66/><V128/><F128/><W68/><G68/><T96/><D40/><U74/><E6/><V95/><F20/><W44/><G25/><T80/><D41/><U126/><E126/><N who="3" m="48138" /><G58/><T10/><D96/><U36/><E98/><V63/><F17/><W39/><G8/><T15/><D34/><U115/><E115/><V56/><F56/><W54/><G0/><T31/><D24/><U30/><E110/><V14/><F117/><W16/><G16/><T104/><D3/><U88/><E19/><V64/><F64/><W122/><G122/><T75/><D75/><U2/><E74/><V71/><F71/><W92/><G78/><N who="2" m="30313" /><F81/><W113/><G113/><T132/><D132/><U89/><E73/><V124/><F124/><W133/><G133/><T100/><D123/><U69/><E2/><V32/><F32/><W38/><G38/><T53/><D120/><U97/><E36/><V130/><F130/><W27/><G27/><T51/><D80/><U67/><E108/><V103/><AGARI ba="0,0" hai="14,18,21,46,47,55,59,63,95,99,103" m="30313" machi="103" ten="30,1100,0" yaku="8,1" doraHai="86" who="2" fromWho="2" sc="250,-5,250,-3,250,11,250,-3" /><INIT seed="1,0,0,2,5,109" ten="245,247,261,247" oya="1" hai0="110,81,60,90,128,25,24,111,100,106,19,92,69" hai1="14,46,72,4,6,91,68,80,2,127,41,12,50" hai2="63,45,71,70,87,11,48,95,112,1,79,52,99" hai3="17,73,134,125,31,3,8,119,131,18,120,102,42"/><U44/><E68/><V83/><F63/><W9/><G73/><T27/><D128/><U67/><E127/><V26/><F112/><W40/><G102/><T132/><D132/><U20/><E72/><V116/><F116/><W30/><G125/><T78/><D19/><U16/><E67/><V77/><F79/><W105/><G105/><T58/><D69/><U5/><E2/><V13/><F26/><W37/><G3/><T101/><D106/><U108/><E108/><N who="0" m="41513" /><D81/><U122/><E122/><V107/><F1/><W118/><G134/><T51/><D51/><U34/><E34/><V62/><F62/><W23/><G37/><T22/><D22/><U103/><E103/><V84/><F87/><W88/><G23/><T15/><D15/><U94/><E46/><V64/><F64/><W76/><G76/><T28/><D28/><U97/><REACH who="1" step="1"/><E80/><REACH who="1" ten="245,237,261,247" step="2"/><V114/><F114/><W89/><G120/><T56/><D101/><U121/><E121/><V39/><F71/><W49/><G131/><T54/><D100/><U113/><E113/><V129/><F70/><W104/><G104/><T117/><D58/><U61/><E61/><V66/><F107/><W32/><G32/><T7/><D60/><U21/><E21/><V98/><F66/><W130/><G130/><T74/><D74/><U82/><E82/><V96/><F129/><W53/><G118/><T47/><D117/><U29/><E29/><V43/><F95/><W135/><G119/><T59/><D47/><U86/><E86/><V10/><F83/><W57/><G30/><T126/><D126/><U65/><E65/><RYUUKYOKU ba="0,1" sc="245,-10,237,30,261,-10,247,-10" hai1="4,5,6,12,14,16,20,41,44,50,91,94,97" /><INIT seed="1,1,1,5,1,53" ten="235,267,251,237" oya="1" hai0="50,7,84,60,111,104,46,135,88,109,15,80,49" hai1="90,102,47,36,29,61,12,131,23,100,16,124,13" hai2="101,54,73,1,34,0,65,106,66,2,55,99,52" hai3="83,44,33,97,95,25,6,129,119,35,81,31,32"/><U116/><E116/><V3/><N who="2" m="0" /><DORA hai="48" /><V85/><F34/><W51/><G6/><T115/><D115/><U24/><E131/><V64/><REACH who="2" step="1"/><F85/><REACH who="2" ten="235,267,241,237" step="2"/><W45/><G129/><T94/><D84/><U75/><E124/><V122/><F122/><W38/><G119/><T18/><D111/><U107/><E75/><AGARI ba="1,2" hai="52,54,55,64,65,66,73,75,99,101,106" m="0" machi="75" ten="80,12000,2" yaku="1,1,29,2,52,3,54,1,53,0" doraHai="53,48" doraHaiUra="39,91" who="2" fromWho="1" sc="235,0,267,-123,241,143,237,0" /><INIT seed="2,0,0,0,5,90" ten="235,144,384,237" oya="2" hai0="120,45,54,121,8,62,15,16,31,70,88,96,107" hai1="40,128,94,127,64,103,35,26,19,43,13,63,116" hai2="89,75,39,125,36,10,32,46,133,134,69,111,79" hai3="48,80,56,58,118,122,21,41,24,57,28,86,47"/><V115/><F115/><W27/><G122/><T112/><D112/><U60/><E116/><V12/><F69/><W78/><G118/><T109/><D109/><U85/><E128/><V50/><F32/><W53/><REACH who="3" step="1"/><G24/><REACH who="3" ten="235,144,384,227" step="2"/><T2/><D120/><U119/><E119/><V37/><F111/><W98/><G98/><T51/><D121/><U33/><E127/><V101/><F125/><W129/><G129/><T22/><D107/><U9/><E26/><V76/><F75/><W91/><G91/><T97/><D88/><N who="1" m="53519" /><E33/><V11/><F89/><W5/><G5/><T4/><REACH who="0" step="1"/><D31/><REACH who="0" ten="225,144,384,227" step="2"/><U93/><E35/><V95/><F133/><W52/><AGARI ba="0,2" hai="21,27,28,41,47,48,52,53,56,57,58,78,80,86" machi="52" ten="30,7900,0" yaku="1,1,0,1,8,1,54,1,53,0" doraHai="90" doraHaiUra="117" who="3" fromWho="3" sc="225,-20,144,-20,384,-39,227,99" /><INIT seed="3,0,0,4,4,73" ten="205,124,345,326" oya="3" hai0="22,33,132,110,31,77,48,49,83,82,68,120,5" hai1="12,55,85,8,13,71,65,111,108,25,50,126,91" hai2="81,121,114,94,51,35,10,43,63,32,103,133,21" hai3="106,69,131,64,117,26,36,70,23,61,76,9,97"/><W118/><G36/><T125/><D120/><U59/><E126/><V100/><F114/><W46/><G131/><T95/><D33/><U45/><E25/><V18/><F133/><W101/><G69/><T107/><D107/><U56/><E13/><V15/><F35/><W84/><G46/><T80/><D68/><U122/><E122/><V28/><F32/><W129/><G129/><T58/><D110/><U30/><E30/><V2/><F2/><W0/><G0/><T66/><D132/><U115/><E115/><V27/><F121/><W89/><G9/><T109/><D109/><U102/><E102/><V88/><F63/><W92/><REACH who="3" step="1"/><G76/><REACH who="3" ten="205,124,345,316" step="2"/><T78/><D77/><U19/><E71/><V38/><F38/><W105/><G105/><T53/><D78/><U3/><E3/><V16/><F81/><W93/><G93/><T17/><D95/><U104/><E104/><V119/><F119/><W1/><G1/><T6/><D82/><U44/><E44/><N who="2" m="26015" /><F103/><W86/><G86/><T62/><D83/><U34/><E34/><V135/><F100/><W24/><G24/><N who="0" m="16791" /><D80/><N who="1" m="49575" /><E111/><V40/><F135/><W60/><G60/><T67/><D62/><N who="1" m="38087" /><E108/><V75/><F75/><W39/><G39/><T7/><D125/><U123/><E123/><V11/><F11/><W41/><G41/><T128/><D128/><U87/><E87/><N who="2" m="52511" /><F40/><W20/><G20/><T52/><D49/><U14/><E14/><V74/><F74/><W98/><G98/><T79/><D48/><U130/><E130/><V37/><F37/><W127/><G127/><T42/><D42/><U113/><E113/><RYUUKYOKU ba="0,1" sc="205,-30,124,10,345,10,316,10" hai1="8,12,19,45,50,55,59" hai2="10,15,16,18,21,27,28" hai3="23,26,61,64,70,84,89,92,97,101,106,117,118" /><INIT seed="3,1,1,2,0,92" ten="175,134,355,326" oya="3" hai0="85,105,116,19,9,28,76,102,47,46,65,10,112" hai1="70,93,121,128,11,79,119,60,25,115,120,31,55" hai2="81,53,108,6,129,12,99,132,106,56,24,33,52" hai3="118,74,13,26,4,58,21,17,90,50,68,57,109"/><W30/><G118/><T82/><D116/><U3/><E119/><V51/><F108/><W89/><G68/><T1/><D112/><U97/><E115/><V62/><F129/><W18/><G74/><T38/><D28/><U5/><E79/><V66/><F132/><W111/><G111/><T42/><D1/><U114/><E128/><V67/><F81/><W133/><G133/><T84/><D65/><U43/><E43/><V134/><F134/><W15/><G4/><T103/><D105/><U95/><E95/><V71/><F24/><W14/><G109/><T135/><D135/><U54/><E114/><V127/><F33/><W61/><G50/><N who="0" m="26967" /><D47/><U83/><E83/><V20/><F127/><W64/><G57/><T69/><D69/><U130/><E130/><V107/><F67/><W91/><AGARI ba="1,1" hai="13,14,15,17,18,21,26,30,58,61,64,89,90,91" machi="91" ten="30,3000,0" yaku="0,1,8,1" doraHai="92" who="3" fromWho="3" sc="175,-11,134,-11,355,-11,326,43" owari="164,-23.6,123,-37.7,344,14.4,369,46.9" /></mjloggm>