<mjloggm ver="2.3"><GO type="225" lobby="0"/><UN n0="%6D%75%75%6D%75%72%61" n1="%E3%81%95%E3%81%8D%E3%81%9F%E3%81%BE%E6%9E%97%E6%AA%8E" n2="%33%74%72%65%65" n3="%E2%91%A3%E9%81%BF%E9%81%8A%E6%88%AF%E3%80%90%E6%9D%B1%E5%8D%97%E3%80%91" dan="16,16,17,16" rate="2157.25,2053.81,2255.16,2050.22" sx="F,M,F,M"/><TAIKYOKU oya="0"/><INIT seed="0,0,0,2,2,130" ten="250,250,250,250" oya="0" hai0="88,35,30,14,46,89,1,100,121,49,52,10,106" hai1="24,40,59,80,15,124,43,128,68,48,29,69,2" hai2="36,78,74,5,75,65,135,55,60,104,13,112,127" hai3="96,92,37,44,42,103,67,21,12,26,133,105,63"/><T0/><D121/><U53/><E128/><V3/><F112/><W71/><G12/><T51/><D35/><U19/><E2/><V7/><F36/><W73/><G92/><T33/><D33/><U117/><E117/><V113/><F104/><W82/><G21/><T116/><D116/><U20/><E124/><V58/><F13/><W38/><G26/><T95/><D0/><U56/><E56/><V114/><F127/><W109/><G109/><T72/><D72/><U86/><E69/><V66/><F78/><W4/><G4/><T125/><D106/><U102/><E102/><V23/><F23/><W25/><G25/><T84/><D1/><U34/><REACH who="1" step="1"/><E68/><REACH who="1" ten="250,240,250,250" step="2"/><V16/><F3/><W118/><G118/><T115/><D125/><U64/><E64/><V99/><F65/><W110/><G110/><T54/><D115/><U70/><E70/><V45/><F66/><W90/><G90/><AGARI ba="0,1" hai="15,19,20,24,29,34,40,43,48,53,59,80,86,90" machi="90" ten="30,2000,0" yaku="1,1,7,1,53,0" doraHai="130" doraHaiUra="98" who="1" fromWho="3" sc="250,0,240,30,250,0,250,-20" /><INIT seed="1,0,0,4,4,131" ten="250,270,250,230" oya="1" hai0="77,96,14,121,41,21,26,74,27,93,123,110,66" hai1="49,84,117,35,46,45,81,126,22,83,88,13,52" hai2="122,33,7,39,73,69,111,87,105,75,109,20,53" hai3="18,2,91,31,115,129,8,104,100,90,119,10,58"/><U43/><E117/><V51/><F33/><W64/><G119/><T38/><D110/><N who="2" m="41994" /><F122/><N who="0" m="46602" /><D66/><U128/><E126/><V89/><F105/><W55/><G129/><T24/><D38/><U92/><E35/><V61/><F39/><W108/><G108/><T63/><D63/><U54/><E128/><V82/><F7/><W3/><G115/><T60/><D60/><U120/><E120/><V80/><F20/><W125/><G64/><T30/><D41/><U36/><REACH who="1" step="1"/><E54/><REACH who="1" ten="250,260,250,230" step="2"/><V16/><F53/><W94/><G125/><T59/><D30/><U116/><E116/><V48/><F69/><W56/><G31/><T42/><D42/><U103/><E103/><V47/><F75/><W68/><G55/><T19/><D74/><U32/><E32/><V34/><F34/><W23/><G100/><T101/><D59/><U97/><E97/><V76/><F73/><W50/><G68/><T85/><D85/><U6/><E6/><V4/><F4/><W44/><G44/><T67/><D67/><U78/><E78/><AGARI ba="0,1" hai="14,19,21,24,26,27,77,78,93,96,101" m="46602" machi="78" ten="30,1000,0" yaku="13,1" doraHai="131" who="0" fromWho="1" sc="250,20,260,-10,250,0,230,0" /><INIT seed="2,0,0,2,4,10" ten="270,250,250,230" oya="2" hai0="19,11,62,55,13,129,3,26,59,92,60,67,9" hai1="15,31,127,124,77,16,27,72,106,73,49,88,17" hai2="117,38,4,80,40,50,64,103,63,111,46,41,71" hai3="123,115,24,1,51,45,20,28,85,128,120,66,70"/><V39/><F103/><W112/><G1/><T119/><D129/><U42/><E106/><V132/><F80/><W125/><G70/><T110/><D110/><U98/><E42/><N who="2" m="24919" /><F4/><W12/><G66/><T116/><D92/><N who="1" m="56583" /><E77/><V58/><F117/><N who="0" m="45130" /><D26/><U30/><E27/><V43/><F111/><W102/><G102/><T108/><D108/><U133/><E133/><V101/><F101/><W22/><G85/><T5/><D67/><U37/><E37/><N who="2" m="13835" /><F132/><W65/><G65/><T14/><D62/><U2/><E2/><AGARI ba="0,0" hai="2,3,5,9,11,13,14,19,55,59,60" m="45130" machi="2" ten="30,3900,0" yaku="12,1,52,2" doraHai="10" who="0" fromWho="1" sc="270,39,250,-39,250,0,230,0" /><INIT seed="3,0,0,5,0,25" ten="309,211,250,230" oya="3" hai0="108,3,80,28,2,91,90,111,117,63,13,57,109" hai1="124,11,68,131,93,27,14,31,20,62,79,87,128" hai2="16,134,15,102,71,50,129,106,103,47,120,72,1" hai3="23,77,7,34,66,41,74,18,21,8,133,118,82"/><W54/><G118/><T130/><D117/><U112/><E124/><V64/><F129/><N who="1" m="49737" /><E112/><V105/><F134/><W52/><G133/><T96/><D130/><U5/><E68/><V119/><F119/><W73/><G34/><T67/><D28/><U135/><E135/><V69/><F72/><W36/><G73/><T39/><D39/><U48/><E48/><V84/><F1/><N who="0" m="10" /><D80/><N who="1" m="47519" /><E93/><V26/><F71/><W4/><G66/><T70/><D70/><U38/><E62/><V113/><F113/><W9/><G36/><AGARI ba="0,0" hai="5,11,14,20,27,31,36,38" m="47519,49737" machi="36" ten="30,2000,0" yaku="19,1,52,1" doraHai="25" who="1" fromWho="3" sc="309,0,211,20,250,0,230,-20" owari="309,40.9,231,-16.9,250,5.0,210,-29.0" /></mjloggm>