<mjloggm ver="2.3"><GO type="225" lobby="0"/><UN n0="%E3%81%BF%E3%81%BF%E3%81%9A" n1="%E8%BE%9B%E5%8F%A3%E3%82%AB%E3%83%AC%E3%83%BC%E3%83%A9%E3%82%A4%E3%82%B9" n2="%E3%83%8F%E3%83%B3%E3%83%89%E3%83%A9%E3%83%BC%E3%83%BB%E3%83%AF%E3%83%B3" n3="%28%EF%BF%A3%E2%96%BD%EF%BF%A3%29%CE%B4%E2%8C%92%E3%83%BB" dan="18,17,17,16" rate="2216.54,2272.38,2177.60,2110.58" sx="M,M,M,M"/><TAIKYOKU oya="0"/><INIT seed="0,0,0,3,2,40" ten="250,250,250,250" oya="0" hai0="102,76,99,109,89,6,77,75,134,87,27,49,67" hai1="79,60,107,26,103,90,43,22,58,82,66,78,111" hai2="36,106,7,4,71,117,95,3,98,84,130,118,97" hai3="13,19,16,11,15,55,28,129,50,34,46,47,57"/><T131/><D67/><U100/><E111/><V38/><F71/><W8/><REACH who="3" step="1"/><G129/><REACH who="3" ten="250,250,250,240" step="2"/><T65/><D131/><U61/><E107/><V68/><F106/><W54/><G54/><T119/><D109/><U93/><E43/><V133/><F130/><W30/><G30/><T20/><D119/><U80/><E79/><V52/><F118/><W110/><G110/><T53/><D76/><U96/><E61/><V83/><F52/><W115/><G115/><T72/><D77/><U113/><E113/><V44/><F117/><W17/><G17/><T23/><D53/><U126/><E126/><V105/><F105/><W114/><G114/><T120/><D120/><U51/><E78/><V29/><F133/><W2/><G2/><T112/><D134/><U1/><E1/><V135/><F3/><W0/><G0/><T31/><D112/><U62/><E62/><V42/><F135/><W25/><AGARI ba="0,1" hai="8,11,13,15,16,19,25,28,34,46,47,50,55,57" machi="25" ten="30,12000,2" yaku="21,2,0,1,9,1,52,2,54,1,53,0" doraHai="40" doraHaiUra="70" who="3" fromWho="3" sc="250,-60,250,-30,250,-30,240,130" /><INIT seed="1,0,0,1,4,103" ten="190,220,220,370" oya="1" hai0="135,70,53,125,72,20,81,54,46,43,14,114,41" hai1="120,16,65,68,36,51,108,4,105,26,25,59,3" hai2="129,102,74,91,67,60,119,37,49,2,131,88,127" hai3="118,78,50,86,47,31,132,0,73,92,27,33,57"/><U109/><E120/><V75/><F37/><W128/><G0/><T95/><D114/><U98/><E36/><V99/><F119/><W117/><G128/><N who="2" m="49225" /><F2/><W6/><G132/><T100/><D70/><U1/><E68/><N who="2" m="42087" /><F49/><W122/><G6/><T52/><D135/><U11/><E1/><V40/><F40/><N who="0" m="15434" /><D72/><N who="2" m="27690" /><F127/><W121/><G73/><T34/><D34/><U124/><E124/><V116/><F116/><N who="3" m="44651" /><G57/><T21/><D125/><U126/><E126/><V8/><F8/><W62/><G62/><T69/><D69/><U84/><E51/><V115/><F115/><W123/><G92/><AGARI ba="0,0" hai="88,91,92,99,102" m="27690,42087,49225" machi="92" ten="30,2000,0" yaku="19,1,54,1" doraHai="103" who="2" fromWho="3" sc="190,0,220,0,220,20,370,-20" /><INIT seed="2,0,0,5,5,115" ten="190,220,240,350" oya="2" hai0="64,108,118,116,63,27,49,73,23,80,2,28,69" hai1="54,14,43,58,48,55,53,94,72,16,77,56,112" hai2="41,82,95,39,103,87,19,3,106,127,40,117,47" hai3="20,129,66,30,113,102,81,42,88,5,107,121,128"/><V68/><F68/><W1/><G113/><T4/><D108/><U10/><E112/><V21/><F3/><W24/><G121/><T37/><D37/><U22/><E72/><V71/><F71/><W62/><G42/><T13/><D49/><U50/><E77/><V9/><F9/><W31/><G5/><T120/><D120/><U52/><E43/><V25/><F106/><W132/><G1/><T126/><D126/><U92/><E92/><V15/><F41/><W6/><G6/><T34/><D13/><N who="1" m="9487" /><E94/><V111/><F127/><W75/><G132/><T74/><D23/><U51/><N who="1" m="13312" /><DORA hai="110" /><U18/><AGARI ba="0,0" hai="10,14,18,48,50,51,56,58" m="13312,9487" machi="18" ten="50,8000,1" yaku="4,1,8,1,54,2" doraHai="115,110" who="1" fromWho="1" sc="190,-20,220,80,240,-40,350,-20" /><INIT seed="3,0,0,0,4,25" ten="170,300,200,330" oya="3" hai0="20,27,106,51,43,40,57,54,108,133,134,125,72" hai1="87,70,16,135,15,14,66,55,58,81,113,12,88" hai2="75,100,74,79,76,65,95,90,21,101,23,94,41" hai3="85,132,111,0,30,67,115,71,60,112,7,78,36"/><W19/><G36/><T3/><D3/><U38/><E113/><V104/><F65/><W84/><G111/><T24/><D108/><U96/><E135/><V116/><F90/><W118/><G118/><T39/><D72/><U97/><E38/><V29/><F41/><W42/><G42/><T129/><D106/><U102/><E66/><V105/><F29/><W123/><G30/><N who="0" m="17671" /><D39/><U62/><E70/><V59/><F59/><W28/><G28/><T46/><D129/><U110/><E110/><V9/><F9/><W121/><G132/><N who="0" m="50795" /><D125/><U64/><E64/><V63/><F63/><W48/><G60/><N who="0" m="35895" /><D27/><U114/><E114/><V130/><F130/><W31/><G0/><T98/><D98/><N who="1" m="37995" /><E102/><V99/><F99/><W10/><G115/><T124/><D124/><U103/><E103/><V82/><F116/><W69/><G112/><T45/><D45/><U92/><E92/><V1/><F1/><W44/><G44/><T77/><D77/><U32/><E32/><V83/><AGARI ba="0,0" hai="21,23,74,75,76,79,82,83,94,95,100,101,104,105" machi="83" ten="25,3200,0" yaku="0,1,22,2" doraHai="25" who="2" fromWho="2" sc="170,-8,300,-8,200,32,330,-16" owari="162,-33.8,292,9.2,232,-16.8,314,41.4" /></mjloggm>