<mjloggm ver="2.3"><GO type="225" lobby="0"/><UN n0="%E9%80%9F%E6%B0%B4%E5%87%9B%E9%A6%99" n1="%E3%82%82%E3%81%90%E3%82%89" n2="%E3%83%B4%E3%83%A0%EF%BC%99%E3%81%A6" n3="%E3%82%AF%E3%82%A3%E3%82%A6" dan="17,16,16,16" rate="2220.89,2204.21,2148.87,2108.75" sx="F,M,M,M"/><TAIKYOKU oya="0"/><INIT seed="0,0,0,3,4,128" ten="250,250,250,250" oya="0" hai0="2,123,91,84,82,21,94,110,126,68,18,105,19" hai1="14,116,83,46,73,38,15,26,20,96,107,65,92" hai2="28,39,86,133,33,36,43,5,7,115,40,100,102" hai3="31,71,76,24,93,90,54,89,106,85,111,27,44"/><T30/><D123/><U61/><E116/><V12/><F115/><W109/><G106/><T134/><D105/><U124/><E107/><V108/><F28/><W62/><G76/><T32/><D2/><U78/><E124/><V22/><F33/><W132/><G90/><T47/><D68/><U80/><E80/><V52/><F108/><N who="3" m="41547" /><G44/><T122/><D110/><U42/><E26/><N who="3" m="9770" /><G31/><T63/><D122/><U35/><E20/><V98/><F22/><W51/><G51/><T8/><D30/><U117/><E35/><V37/><F37/><W77/><G77/><T125/><D47/><U75/><E75/><V67/><F86/><W112/><G112/><T11/><D84/><U57/><REACH who="1" step="1"/><E117/><REACH who="1" ten="250,240,250,250" step="2"/><V0/><F39/><W9/><G9/><T127/><D8/><U72/><E72/><V74/><F36/><W16/><G16/><T104/><D11/><U58/><E58/><V114/><F74/><W34/><G34/><T48/><D32/><U41/><E41/><V4/><F43/><W99/><G71/><T121/><D18/><U23/><E23/><V53/><F40/><W59/><G132/><T49/><D19/><U81/><E81/><V60/><F133/><W13/><G13/><T129/><D134/><U25/><E25/><V69/><F12/><W87/><AGARI ba="0,1" hai="54,59,62,85,87,89,93,99" m="9770,41547" machi="87" ten="30,1100,0" yaku="14,1" doraHai="128" who="3" fromWho="3" sc="250,-5,240,-3,250,-3,250,21" /><INIT seed="1,0,0,5,5,73" ten="245,237,247,271" oya="1" hai0="117,67,25,120,81,96,108,65,131,12,98,22,89" hai1="133,18,43,42,103,129,102,58,55,45,14,17,127" hai2="36,76,50,48,70,64,72,2,9,6,124,112,95" hai3="83,92,46,26,119,4,82,135,114,13,47,51,94"/><U19/><E129/><V66/><F36/><W97/><G114/><T39/><D117/><U7/><E133/><V44/><F112/><W132/><G119/><T56/><D39/><U33/><E33/><V32/><F32/><W93/><G97/><T20/><D108/><U115/><E127/><V74/><F124/><W79/><G26/><T68/><D68/><U53/><E115/><V88/><F48/><W111/><G111/><T31/><D131/><U116/><E116/><V40/><F70/><W105/><G105/><T130/><D130/><U123/><E123/><V90/><F90/><W1/><G1/><T84/><D120/><U61/><E55/><V0/><F0/><W5/><G13/><T109/><D109/><U85/><E85/><V60/><F76/><W52/><G47/><T106/><D106/><U35/><E35/><V54/><F54/><W37/><G83/><T100/><D100/><N who="1" m="38443" /><E45/><V118/><F118/><W11/><G37/><T86/><D86/><U101/><N who="1" m="38451" /><U104/><DORA hai="3" /><E104/><V16/><F16/><N who="1" m="6249" /><E7/><V71/><REACH who="2" step="1"/><F64/><REACH who="2" ten="245,237,237,271" step="2"/><W62/><G52/><T10/><D65/><U110/><E110/><V63/><F63/><W30/><G62/><N who="0" m="38343" /><D20/><AGARI ba="0,1" hai="14,19,20,42,43,53,58,61" m="6249,38451" machi="20" ten="30,2900,0" yaku="8,1,54,1" doraHai="73,3" who="1" fromWho="0" sc="245,-29,237,39,237,0,271,0" /><INIT seed="1,1,0,0,1,95" ten="216,276,237,271" oya="1" hai0="79,73,103,109,74,31,9,39,84,20,133,19,123" hai1="28,40,23,11,64,83,97,59,102,114,106,38,14" hai2="91,118,29,72,46,13,115,43,3,24,51,47,6" hai3="35,111,71,87,21,16,135,125,119,54,94,69,12"/><U33/><E33/><V7/><F118/><W128/><G111/><T134/><D39/><U61/><E114/><V66/><F3/><W1/><G1/><T17/><D109/><U67/><E83/><V89/><F115/><W22/><G119/><T58/><D9/><U98/><E38/><V4/><F72/><W81/><G125/><T44/><D44/><U80/><E40/><V113/><F113/><W99/><G128/><T50/><D31/><U110/><E110/><V90/><F66/><N who="1" m="25129" /><E106/><V101/><F101/><W26/><G35/><T93/><D103/><U45/><E45/><V41/><F24/><W10/><G135/><T56/><D123/><U57/><E80/><V70/><F70/><W2/><G2/><T65/><D73/><U105/><E105/><V78/><F78/><N who="3" m="46519" /><G71/><T107/><D79/><U117/><E102/><V122/><F122/><W62/><G69/><T132/><D74/><U76/><E76/><V15/><REACH who="2" step="1"/><F29/><REACH who="2" ten="216,276,227,271" step="2"/><W30/><G30/><T5/><D132/><U0/><E0/><V63/><F63/><W60/><G62/><T120/><D133/><U53/><E117/><V116/><F116/><W126/><G60/><T96/><D134/><U88/><E28/><V25/><F25/><W34/><G26/><T104/><D120/><U112/><E112/><V100/><F100/><W55/><G34/><T127/><D65/><N who="1" m="39087" /><E88/><V8/><F8/><W68/><G10/><T124/><D124/><U130/><E23/><N who="3" m="8714" /><G126/><T85/><D127/><U77/><E77/><V37/><AGARI ba="1,1" hai="4,6,7,13,15,37,41,43,46,47,51,89,90,91" machi="37" ten="30,2000,0" yaku="1,1,0,1,53,0" doraHai="95" doraHaiUra="49" who="2" fromWho="2" sc="216,-6,276,-11,227,33,271,-6" /><INIT seed="2,0,0,0,0,41" ten="210,265,260,265" oya="2" hai0="96,89,129,66,48,15,130,99,27,49,82,47,91" hai1="122,24,119,100,38,131,116,51,65,67,132,52,59" hai2="79,121,87,133,8,102,124,86,29,128,54,101,77" hai3="127,68,72,6,83,42,81,84,58,93,107,71,98"/><V21/><F121/><W13/><G127/><T28/><D66/><N who="1" m="25099" /><E100/><N who="2" m="38507" /><F124/><W69/><G107/><T30/><D15/><U0/><E0/><V43/><F133/><W26/><G26/><T11/><D11/><U118/><E24/><N who="2" m="16527" /><F43/><W18/><G42/><T105/><D27/><U94/><E94/><V9/><F128/><W23/><G72/><T117/><D82/><U56/><E132/><V73/><F73/><W90/><G58/><N who="1" m="22058" /><E131/><V20/><F20/><W25/><REACH who="3" step="1"/><G84/><REACH who="3" ten="210,265,260,255" step="2"/><T80/><D105/><U95/><E122/><V120/><F120/><W109/><G109/><T2/><D129/><U4/><E119/><V37/><F86/><W115/><G115/><T85/><D130/><U88/><E118/><V45/><F87/><W5/><G5/><T34/><D117/><U63/><E116/><V7/><F7/><W10/><AGARI ba="0,1" hai="6,10,13,18,23,25,68,69,71,81,83,90,93,98" machi="10" ten="40,2700,0" yaku="1,1,0,1,53,0" doraHai="41" doraHaiUra="50" who="3" fromWho="3" sc="210,-7,265,-7,260,-13,255,37" /><INIT seed="3,0,0,1,4,48" ten="203,258,247,292" oya="3" hai0="10,52,45,12,46,43,92,95,13,124,1,113,91" hai1="61,110,44,19,4,50,109,131,15,135,108,28,130" hai2="83,79,134,69,57,8,122,121,76,96,123,47,128" hai3="74,120,17,111,21,129,68,112,106,75,99,64,49"/><W114/><G120/><T115/><D124/><U25/><E135/><V30/><F69/><W97/><G49/><N who="0" m="28719" /><D1/><U0/><E61/><V127/><F134/><W132/><G132/><T107/><D107/><U40/><E4/><V90/><F127/><W70/><G21/><T77/><D77/><U41/><E0/><V125/><F30/><W53/><G17/><N who="0" m="8343" /><D13/><U94/><E94/><V87/><F79/><W59/><G59/><T102/><D102/><U119/><E119/><V3/><F57/><W93/><G106/><T72/><D72/><U29/><E41/><V116/><F125/><W84/><G75/><T126/><D126/><U38/><E38/><V20/><F116/><W2/><G2/><T81/><D46/><U118/><E118/><V18/><F47/><W9/><G74/><T63/><D43/><U33/><REACH who="1" step="1"/><E29/><REACH who="1" ten="203,248,247,292" step="2"/><V7/><F121/><W26/><G112/><N who="0" m="43083" /><D63/><U67/><E67/><V32/><F122/><W86/><G114/><T39/><D39/><U85/><E85/><AGARI ba="0,1" hai="81,85,91,92,95" m="43083,8343,28719" machi="85" ten="30,7700,0" yaku="25,1,11,1,52,1,54,1" doraHai="48" who="0" fromWho="1" sc="203,87,248,-77,247,0,292,0" /><INIT seed="4,0,0,1,0,19" ten="290,171,247,292" oya="0" hai0="47,36,13,110,74,24,111,91,4,108,129,2,134" hai1="65,11,58,0,10,53,54,81,3,57,93,1,121" hai2="103,77,55,60,104,29,102,133,113,51,119,56,28" hai3="23,42,122,115,106,41,40,27,116,9,82,125,35"/><T135/><D74/><U21/><E121/><V69/><F113/><W94/><G116/><T76/><D76/><U20/><E65/><V89/><F119/><W124/><G115/><T73/><D73/><U8/><E93/><V79/><F133/><W63/><G106/><T39/><D2/><U75/><E75/><V22/><F28/><W83/><G122/><T64/><D64/><U109/><E81/><N who="3" m="30730" /><G35/><T105/><D105/><U87/><E87/><V127/><F89/><W26/><G23/><N who="1" m="8778" /><E109/><V5/><F104/><W95/><G63/><T38/><D24/><N who="3" m="9257" /><G9/><N who="0" m="4263" /><D129/><U85/><E85/><V37/><F37/><N who="0" m="14442" /><D91/><U43/><E43/><AGARI ba="0,0" hai="39,43,47,108,110,111,134,135" m="14442,4263" machi="43" ten="40,2000,0" yaku="10,1" doraHai="19" who="0" fromWho="1" sc="290,20,171,-20,247,0,292,0" owari="310,41.0,151,-34.9,247,-15.3,292,9.2" /></mjloggm>