<mjloggm ver="2.3"><GO type="225" lobby="0"/><UN n0="%E5%A4%9C%E5%85%89%E5%A4%A9%E6%A5%BC" n1="%E3%81%AF%E3%82%88%E3%81%8A%E3%81%98%E3%81%95%E3%82%93" n2="%33%74%72%65%65" n3="%E5%B8%86%E7%AB%8B%E5%A4%8F%E8%A1%A3" dan="17,17,16,16" rate="2172.13,2185.56,2207.19,2171.56" sx="M,M,F,M"/><TAIKYOKU oya="0"/><INIT seed="0,0,0,4,2,58" ten="250,250,250,250" oya="0" hai0="116,79,12,27,30,75,23,9,93,0,11,87,48" hai1="4,51,39,32,103,69,122,29,20,90,78,119,65" hai2="124,127,68,33,115,64,134,19,31,7,120,121,129" hai3="52,108,112,126,74,70,71,38,37,132,106,111,62"/><T22/><D116/><U56/><E39/><N who="3" m="14858" /><G74/><T50/><D75/><U60/><E122/><V130/><F115/><W3/><G3/><T89/><D79/><U94/><E119/><V113/><F113/><W59/><G106/><T84/><D0/><U133/><E133/><V54/><F134/><W117/><G117/><T98/><D23/><U96/><E32/><V26/><F54/><N who="3" m="34167" /><G112/><T107/><D11/><U131/><E131/><N who="2" m="50187" /><F64/><W16/><G16/><N who="0" m="8207" /><D107/><U86/><E4/><V76/><F68/><N who="3" m="26155" /><G132/><T1/><D1/><U42/><E78/><V5/><F76/><W66/><G126/><N who="2" m="48169" /><F19/><W128/><G128/><T72/><D72/><U6/><E6/><AGARI ba="0,0" hai="5,6,7,26,31,33,120,121" m="48169,50187" machi="6" ten="30,7700,0" yaku="19,1,18,1,34,2" doraHai="58" who="2" fromWho="1" sc="250,0,250,-77,250,77,250,0" /><INIT seed="1,0,0,3,2,126" ten="250,173,327,250" oya="1" hai0="114,122,74,117,135,22,50,17,37,20,9,72,28" hai1="121,127,134,106,86,10,116,31,101,23,51,56,129" hai2="75,48,76,103,128,0,110,99,65,1,80,19,43" hai3="96,78,73,125,12,27,97,55,119,107,24,82,87"/><U7/><E116/><V39/><F110/><W58/><G125/><T16/><D117/><U92/><E121/><V102/><F102/><W15/><G119/><T83/><D114/><U53/><E127/><V45/><F128/><W33/><G73/><T44/><D122/><U14/><E134/><V35/><F35/><W100/><G97/><T69/><D135/><U113/><E113/><V70/><F48/><W61/><G33/><T57/><D69/><U112/><E112/><V18/><F19/><W111/><G111/><T49/><D37/><U123/><E123/><V79/><F79/><W41/><G41/><T47/><D83/><U63/><E106/><N who="2" m="63871" /><F18/><W52/><REACH who="3" step="1"/><G55/><REACH who="3" ten="250,173,327,240" step="2"/><T132/><D132/><U5/><E129/><V38/><F38/><W36/><G36/><T26/><D74/><U32/><E32/><V95/><F75/><W71/><G71/><T46/><D72/><U34/><E34/><V91/><F70/><W93/><G93/><T67/><D9/><U54/><E101/><V42/><F95/><W94/><G94/><T118/><D118/><U84/><E92/><V29/><F43/><W68/><G68/><T64/><D64/><U85/><E5/><V77/><F65/><W115/><G115/><T104/><D104/><U66/><REACH who="1" step="1"/><E51/><REACH who="1" ten="250,163,327,240" step="2"/><V131/><F39/><W13/><AGARI ba="0,2" hai="12,13,15,24,27,52,58,61,78,82,87,96,100,107" machi="13" ten="30,4000,0" yaku="1,1,0,1,54,1,53,0" doraHai="126" doraHaiUra="62" who="3" fromWho="3" sc="250,-10,163,-20,327,-10,240,60" /><INIT seed="2,0,0,3,2,36" ten="240,143,317,300" oya="2" hai0="63,92,75,97,47,49,32,31,78,43,117,5,16" hai1="127,91,6,17,93,66,79,118,0,44,103,119,105" hai2="82,104,22,30,18,126,58,100,64,73,87,70,101" hai3="128,33,61,15,77,98,69,50,123,35,67,130,1"/><V45/><F126/><W19/><G1/><T41/><D117/><U11/><E127/><V42/><F70/><W8/><G123/><T113/><D113/><U76/><E66/><V48/><F73/><W65/><G65/><T80/><D5/><U28/><E28/><V46/><F30/><W90/><G77/><T95/><D43/><U134/><E134/><V26/><F104/><W84/><G98/><T10/><D63/><U74/><E76/><N who="2" m="46535" /><F46/><W13/><G13/><T89/><D31/><U23/><E103/><V132/><F132/><W29/><G50/><T3/><D32/><U2/><E105/><V108/><F108/><W129/><G29/><T135/><D135/><U12/><E0/><V68/><F68/><W7/><G7/><T121/><D121/><U39/><E79/><V34/><F34/><W38/><G38/><T114/><D3/><U60/><E60/><AGARI ba="0,0" hai="18,22,26,42,45,48,58,60,64,100,101" m="46535" machi="60" ten="30,2900,0" yaku="8,1,52,1" doraHai="36" who="2" fromWho="1" sc="240,0,143,-29,317,29,300,0" /><INIT seed="2,1,0,0,2,44" ten="240,114,346,300" oya="2" hai0="99,42,110,68,119,80,27,23,113,25,39,37,38" hai1="66,106,48,41,101,29,34,24,56,84,10,33,63" hai2="93,76,52,43,0,69,18,58,83,79,47,9,111" hai3="17,103,19,72,102,11,130,126,97,129,115,105,125"/><V16/><F69/><W81/><G115/><T104/><D113/><U128/><E128/><N who="3" m="49258" /><G103/><T20/><D68/><U121/><E121/><V127/><F127/><N who="3" m="48651" /><G11/><T89/><D104/><U118/><E118/><V62/><F111/><W100/><G100/><T15/><D110/><U77/><E10/><V45/><F93/><W12/><G12/><T59/><D15/><U28/><E84/><V124/><F124/><W8/><G8/><T116/><D116/><U85/><E85/><V22/><F47/><W78/><AGARI ba="1,0" hai="17,19,72,78,81,97,102,105" m="48651,49258" machi="78" ten="40,2700,0" yaku="19,1,18,1" doraHai="44" who="3" fromWho="3" sc="240,-8,114,-8,346,-14,300,30" /><INIT seed="3,0,0,0,0,68" ten="232,106,332,330" oya="3" hai0="72,124,19,98,91,17,54,70,18,76,24,116,31" hai1="50,41,100,126,59,90,8,74,16,109,57,67,111" hai2="39,62,119,30,52,123,0,7,20,75,106,40,78" hai3="105,33,108,64,71,3,103,97,43,46,55,51,10"/><W79/><G33/><T129/><D70/><U86/><E74/><V42/><F119/><W61/><G108/><T32/><D116/><U101/><E126/><V44/><F42/><W83/><G3/><T58/><D124/><U14/><E109/><V82/><F106/><W6/><G10/><T104/><D129/><U27/><E111/><V48/><F123/><W94/><G6/><T47/><D76/><U135/><E135/><V121/><F121/><W28/><G28/><T99/><D72/><U21/><E57/><V1/><F62/><W25/><G25/><T69/><D69/><U4/><E41/><V118/><F118/><W120/><G120/><T115/><D104/><U49/><E49/><V85/><F85/><W112/><G112/><T34/><D34/><U11/><E8/><N who="2" m="2151" /><F1/><W29/><G29/><T96/><D47/><U87/><E87/><V36/><F36/><W107/><G43/><T37/><D91/><U122/><E122/><V63/><F63/><W56/><G71/><T130/><D130/><U65/><E65/><V127/><F127/><W26/><G26/><T92/><D92/><U5/><E4/><V80/><F80/><W23/><G23/><T95/><D95/><U125/><E125/><V117/><F117/><W22/><G22/><T81/><D81/><U102/><E102/><V15/><F30/><W134/><G134/><T133/><D133/><U45/><E45/><N who="2" m="27663" /><F20/><W128/><G128/><T12/><D115/><U53/><REACH who="1" step="1"/><E67/><REACH who="1" ten="232,96,332,330" step="2"/><V131/><F131/><W132/><G132/><T9/><D9/><U77/><E77/><V114/><F114/><RYUUKYOKU ba="0,1" sc="232,-30,96,10,332,10,330,10" hai1="5,11,14,16,21,27,50,53,59,86,90,100,101" hai2="15,39,40,44,75,78,82" hai3="46,51,55,56,61,64,79,83,94,97,103,105,107" /><INIT seed="3,1,1,3,1,127" ten="202,106,342,340" oya="3" hai0="32,52,31,16,8,65,103,15,37,6,29,44,20" hai1="55,87,1,81,12,14,100,105,121,90,95,128,0" hai2="93,123,77,13,28,80,57,38,97,118,135,42,89" hai3="18,22,107,24,3,119,66,51,34,109,69,9,61"/><W117/><G107/><T58/><D103/><U124/><E121/><V133/><F118/><W108/><G51/><T60/><D32/><U86/><E124/><V102/><F123/><W25/><G9/><T50/><REACH who="0" step="1"/><D37/><REACH who="0" ten="192,106,342,340" step="2"/><U64/><E105/><V104/><F38/><W75/><G119/><T26/><AGARI ba="1,2" hai="6,8,15,16,20,26,29,31,44,50,52,58,60,65" machi="26" ten="20,16000,3" yaku="1,1,2,1,0,1,7,1,8,1,54,2,53,1" doraHai="127" doraHaiUra="54" who="0" fromWho="0" sc="192,183,106,-41,342,-41,340,-81" owari="375,47.5,65,-43.5,301,10.1,259,-14.1" /></mjloggm>