<mjloggm ver="2.3"><GO type="225" lobby="0"/><UN n0="%E3%81%AA%E3%81%A1%30%39%32%37" n1="%E3%82%BC%E3%83%AB%E3%83%80%E3%81%AE%E4%BC%9D%E8%AA%AC" n2="%E4%BE%BF%E6%89%80" n3="%E7%AD%89%E3%80%85%E5%8A%9B%E5%8A%87%E5%A0%B4" dan="16,17,16,16" rate="2116.70,2228.90,2035.47,2081.08" sx="M,M,M,M"/><TAIKYOKU oya="0"/><INIT seed="0,0,0,0,1,3" ten="250,250,250,250" oya="0" hai0="45,57,65,17,27,60,80,58,22,95,122,119,102" hai1="20,96,68,101,105,93,127,111,73,106,115,128,47" hai2="104,77,79,0,9,32,110,42,94,34,44,107,134" hai3="18,24,19,92,40,52,50,132,51,6,14,88,4"/><T11/><D119/><U69/><E73/><V108/><F94/><W23/><G132/><T54/><D122/><U26/><E111/><N who="2" m="42539" /><F134/><W28/><G40/><T59/><D80/><U38/><E127/><V81/><F9/><N who="3" m="6479" /><G28/><T120/><D120/><U129/><E115/><V33/><F0/><W84/><G51/><T1/><D45/><AGARI ba="0,0" hai="4,6,19,23,24,45,50,52,84,88,92" m="6479" machi="45" ten="30,8000,1" yaku="8,1,52,2,54,2" doraHai="3" who="3" fromWho="0" sc="250,-80,250,0,250,0,250,80" /><INIT seed="1,0,0,1,0,6" ten="170,250,250,330" oya="1" hai0="109,30,111,98,33,130,71,59,47,74,117,132,21" hai1="49,58,134,123,118,135,12,70,35,129,24,93,85" hai2="90,36,62,31,87,110,5,55,3,52,83,104,75" hai3="82,45,34,54,122,17,50,25,29,116,8,9,26"/><U13/><E70/><V108/><F104/><W120/><G116/><T102/><D71/><U48/><E118/><V114/><F36/><W73/><G25/><T76/><D117/><U124/><E123/><V79/><F31/><W2/><G17/><T119/><D119/><U27/><E93/><V115/><F5/><W20/><G34/><T103/><D33/><U63/><E85/><V101/><F3/><W107/><G107/><T64/><D74/><U32/><E58/><N who="2" m="35143" /><F55/><W78/><REACH who="3" step="1"/><G2/><REACH who="3" ten="170,250,250,320" step="2"/><T61/><D111/><N who="2" m="42538" /><F101/><W95/><G95/><AGARI ba="0,1" hai="75,79,83,87,90,95,114,115" m="42538,35143" machi="95" ten="30,2000,0" yaku="14,1,54,1" doraHai="6" who="2" fromWho="3" sc="170,0,250,0,250,30,320,-20" /><INIT seed="2,0,0,2,1,90" ten="170,250,280,300" oya="2" hai0="83,36,35,59,47,68,80,38,63,4,62,110,43" hai1="45,87,51,78,69,105,94,111,24,103,2,97,25" hai2="93,55,13,91,14,27,114,79,28,67,81,50,123" hai3="106,12,107,125,92,48,58,41,75,86,20,31,60"/><V21/><F114/><W37/><G75/><T1/><D35/><U85/><E111/><V53/><F123/><W30/><G37/><T135/><D110/><U101/><E69/><V15/><F67/><W71/><G71/><T82/><D135/><U9/><E103/><V11/><F11/><W112/><G125/><T54/><D36/><U40/><E105/><V121/><F121/><W70/><G70/><T44/><D44/><U84/><REACH who="1" step="1"/><E78/><REACH who="1" ten="170,240,280,300" step="2"/><V56/><F79/><W88/><G107/><T124/><D124/><U29/><E29/><V116/><F116/><W8/><G106/><T122/><D122/><U77/><E77/><V0/><F0/><W104/><G104/><T108/><D108/><U128/><E128/><V74/><F74/><W96/><G31/><T61/><REACH who="0" step="1"/><D68/><REACH who="0" ten="160,240,280,300" step="2"/><U34/><E34/><V16/><F28/><W129/><G30/><T126/><D126/><U49/><E49/><V17/><F50/><W32/><G48/><T26/><D26/><U19/><E19/><V89/><F17/><W118/><G32/><T100/><D100/><U42/><E42/><V130/><F130/><W33/><G41/><T134/><D134/><U22/><E22/><V46/><F27/><W23/><G20/><T18/><D18/><U76/><E76/><V131/><F131/><W52/><G23/><T72/><D72/><U127/><E127/><V65/><F21/><W73/><G33/><T7/><D7/><AGARI ba="0,2" hai="2,7,9,24,25,40,45,51,84,85,87,94,97,101" machi="7" ten="40,5200,0" yaku="1,1,52,1,53,1" doraHai="90" doraHaiUra="6" who="1" fromWho="0" sc="160,-52,240,72,280,0,300,0" /><INIT seed="3,0,0,3,0,2" ten="108,312,280,300" oya="3" hai0="57,0,61,64,121,45,115,68,74,135,125,128,102" hai1="66,46,123,44,130,120,98,47,104,126,54,88,116" hai2="40,1,5,31,90,129,28,84,131,56,95,105,21" hai3="132,43,16,19,113,30,65,36,114,25,124,127,49"/><W76/><G36/><T72/><D121/><U51/><E126/><N who="3" m="48170" /><G132/><T118/><D118/><U20/><E116/><V67/><F105/><W37/><G37/><T85/><D125/><U58/><E130/><N who="2" m="49675" /><F40/><W117/><G117/><T119/><D119/><U10/><E104/><V103/><F103/><W60/><G76/><T111/><D128/><U89/><E123/><V38/><F38/><W42/><G42/><T75/><D135/><U81/><E120/><V77/><F77/><W79/><G79/><T78/><D111/><U32/><E32/><V94/><F94/><W15/><G49/><T71/><D115/><N who="3" m="44041" /><G15/><T97/><D0/><U39/><E39/><V9/><F21/><N who="3" m="15663" /><G43/><T63/><D63/><AGARI ba="0,0" hai="1,5,9,28,31,56,63,67,84,90,95" m="49675" machi="63" ten="30,2000,0" yaku="19,1,52,1" doraHai="2" who="2" fromWho="0" sc="108,-20,312,0,280,20,300,0" owari="88,-41.2,312,41.2,300,10.0,300,-10.0" /></mjloggm>