<mjloggm ver="2.3"><GO type="225" lobby="0"/><UN n0="%E3%83%97%E3%83%AC%E3%83%B4%E3%82%A1%E3%83%86%E3%82%A3" n1="%E3%81%B5%E3%81%98%E3%81%8B%E3%81%A4" n2="%E3%83%B4%E3%82%A3%E3%83%AF%E3%82%B3%E3%82%B0%E3%83%8B" n3="%E4%BA%95%E5%B8%AF" dan="16,16,16,16" rate="2061.01,2063.40,2160.31,2044.08" sx="F,M,M,M"/><TAIKYOKU oya="0"/><INIT seed="0,0,0,1,4,95" ten="250,250,250,250" oya="0" hai0="79,81,0,86,88,114,29,25,56,69,42,20,63" hai1="33,10,85,5,101,104,117,120,106,38,75,87,96" hai2="21,78,72,39,103,108,31,57,112,2,66,64,84" hai3="15,119,46,45,93,99,49,18,34,37,122,77,44"/><T132/><D69/><U74/><E120/><V19/><F2/><W133/><G133/><T55/><D0/><U92/><E117/><V60/><F39/><W73/><G119/><T130/><D132/><U68/><E38/><V17/><F108/><W9/><G34/><T16/><D130/><U109/><E33/><V6/><F72/><N who="1" m="27689" /><E10/><V58/><F112/><W82/><G37/><T13/><D114/><U94/><E5/><V107/><F107/><N who="1" m="41001" /><E109/><V53/><F103/><W22/><G9/><T14/><D42/><U59/><E59/><V110/><F110/><W40/><REACH who="3" step="1"/><G122/><REACH who="3" ten="250,250,250,240" step="2"/><T30/><D79/><U71/><E71/><V105/><F78/><W28/><G28/><AGARI ba="0,1" hai="13,14,16,20,25,28,29,30,55,56,63,81,86,88" machi="28" ten="40,7700,0" yaku="8,1,54,2" doraHai="95" who="0" fromWho="3" sc="250,87,250,0,250,0,240,-77" /><INIT seed="0,1,0,4,3,91" ten="337,250,250,163" oya="0" hai0="28,78,33,36,131,2,35,105,104,57,7,76,133" hai1="77,82,118,34,46,53,50,14,126,66,21,5,94" hai2="10,72,45,93,6,9,8,110,65,20,113,44,62" hai3="27,41,12,129,132,61,114,0,13,48,96,87,25"/><T58/><D36/><U125/><E118/><V29/><F110/><W30/><G114/><T81/><D131/><U23/><E34/><V115/><F72/><W88/><G0/><T90/><D2/><U54/><E66/><V56/><F6/><W135/><G96/><T26/><D7/><U116/><E116/><V55/><F115/><W134/><G61/><T83/><D90/><U127/><E54/><V111/><F111/><W101/><G101/><T119/><D119/><U63/><E63/><V121/><F121/><W99/><G99/><T43/><D43/><U16/><E5/><V98/><F113/><W69/><G69/><T37/><D37/><U92/><REACH who="1" step="1"/><E23/><REACH who="1" ten="337,240,250,163" step="2"/><V86/><F65/><W75/><G129/><T102/><D35/><U24/><E24/><N who="2" m="16519" /><F86/><AGARI ba="1,1" hai="14,16,21,46,50,53,77,82,86,92,94,125,126,127" machi="86" ten="40,12000,2" yaku="1,1,18,1,52,2,54,1,53,1" doraHai="91" doraHaiUra="49" who="1" fromWho="2" sc="337,0,240,133,250,-123,163,0" /><INIT seed="1,0,0,4,1,33" ten="337,373,127,163" oya="1" hai0="113,1,105,17,104,30,29,10,52,129,47,115,19" hai1="63,41,123,57,62,14,99,121,27,15,131,89,8" hai2="7,55,97,43,13,5,50,4,71,92,127,54,122" hai3="39,117,42,65,94,134,81,36,74,0,118,51,135"/><U68/><E131/><V70/><F122/><W133/><G94/><T88/><D129/><U53/><E41/><V101/><F127/><W28/><G28/><T114/><D88/><U106/><E27/><V110/><F110/><W84/><G74/><T34/><D34/><U40/><E40/><V20/><F71/><W58/><G0/><T18/><D47/><U116/><E116/><N who="3" m="44650" /><G84/><T35/><D35/><U100/><E89/><V72/><F72/><W128/><G81/><T66/><D52/><U60/><E15/><V79/><F70/><W86/><G86/><T21/><D66/><U44/><E44/><N who="2" m="25887" /><F79/><W56/><G128/><T46/><D46/><U130/><E130/><V6/><N who="2" m="1024" /><DORA hai="32" /><V49/><F49/><W31/><G31/><N who="0" m="11787" /><D21/><U64/><E63/><V11/><F11/><W78/><G78/><T96/><D96/><U85/><E85/><V48/><F48/><W90/><G90/><T38/><D10/><U26/><E123/><V109/><F109/><W24/><G24/><T98/><D98/><U119/><E26/><V9/><F9/><W45/><G65/><T132/><D38/><AGARI ba="0,0" hai="36,38,39,42,45,51,56,58,133,134,135" m="44650" machi="38" ten="40,8000,1" yaku="20,1,12,1,34,2" doraHai="33,32" who="3" fromWho="0" sc="337,-80,373,0,127,0,163,80" /><INIT seed="2,0,0,2,3,80" ten="257,373,127,243" oya="2" hai0="15,71,123,98,88,25,135,111,8,21,3,100,18" hai1="130,48,84,27,37,103,42,12,7,50,2,5,9" hai2="43,24,93,35,32,112,120,22,89,30,65,95,127" hai3="0,11,121,76,45,124,92,104,38,19,16,23,67"/><V74/><F127/><W52/><G104/><T85/><D71/><U66/><E130/><V46/><F112/><W61/><G121/><T20/><D123/><U132/><E66/><V126/><F126/><W64/><G76/><T63/><D111/><U128/><E132/><V82/><F120/><W44/><G38/><T69/><D135/><U49/><E103/><V31/><F65/><W81/><G81/><T28/><D69/><U39/><E128/><V29/><F32/><W113/><G113/><T115/><D115/><U101/><E101/><V102/><F102/><W107/><G107/><T106/><D63/><U59/><E27/><V109/><F109/><W13/><G0/><T90/><D90/><U117/><E117/><V96/><F93/><W91/><G45/><T75/><D75/><U57/><E2/><V1/><F1/><W118/><G118/><T119/><D3/><U17/><E37/><V110/><F35/><W79/><G79/><T70/><D70/><U56/><E39/><V6/><F6/><W54/><G54/><T34/><REACH who="0" step="1"/><D119/><REACH who="0" ten="247,373,127,243" step="2"/><U41/><E42/><V26/><F110/><W134/><G134/><T97/><D97/><U10/><E41/><V77/><REACH who="2" step="1"/><F24/><REACH who="2" ten="247,373,117,243" step="2"/><N who="3" m="14439" /><G124/><T105/><D105/><U58/><E50/><AGARI ba="0,2" hai="22,26,29,30,31,43,46,50,74,77,82,89,95,96" machi="50" ten="30,2900,0" yaku="1,1,7,1,53,0" doraHai="80" doraHaiUra="131" who="2" fromWho="1" sc="247,0,373,-29,117,49,243,0" /><INIT seed="2,1,0,5,0,51" ten="247,344,166,243" oya="2" hai0="30,44,36,49,52,23,66,56,126,39,83,68,96" hai1="48,14,57,130,10,92,18,21,45,26,120,38,94" hai2="8,13,134,98,25,79,74,73,40,16,87,53,29" hai3="70,115,5,91,54,100,43,27,103,2,6,9,123"/><V11/><F134/><W77/><G123/><T37/><D83/><U20/><E130/><V50/><F40/><W119/><G119/><T97/><D30/><N who="1" m="17735" /><E38/><N who="0" m="14953" /><D23/><U28/><E120/><V105/><F8/><W127/><G77/><T32/><D97/><U112/><E57/><V65/><F65/><W34/><G70/><T114/><D96/><U102/><E102/><V17/><F17/><W125/><G43/><N who="0" m="22655" /><D32/><U85/><E85/><V78/><F105/><W46/><G115/><T129/><D114/><U108/><E108/><V4/><F98/><W76/><G76/><T84/><D84/><U104/><E104/><V12/><F12/><W131/><G91/><T135/><D126/><N who="3" m="48137" /><G6/><T82/><D82/><U80/><E80/><V113/><F113/><W121/><G131/><T81/><D81/><U42/><E112/><V132/><F4/><W106/><G121/><T67/><D129/><U15/><E28/><V58/><F87/><W118/><G118/><T63/><D135/><U69/><E69/><V31/><F132/><W61/><G106/><T19/><D19/><AGARI ba="1,0" hai="10,14,15,18,19,21,42,45,48,92,94" m="17735" machi="19" ten="30,1000,0" yaku="8,1" doraHai="51" who="1" fromWho="0" sc="247,-13,344,13,166,0,243,0" /><INIT seed="3,0,0,3,5,20" ten="234,357,166,243" oya="3" hai0="1,98,72,71,43,80,46,96,60,112,102,82,21" hai1="35,125,134,109,76,73,117,133,57,27,130,75,93" hai2="16,122,45,50,128,105,10,31,103,67,63,123,24" hai3="135,51,88,124,79,32,101,114,110,55,30,87,0"/><W38/><G38/><T118/><D1/><U66/><E117/><V107/><F128/><W18/><G114/><T56/><D118/><U126/><E93/><V17/><F103/><W104/><G0/><T26/><D71/><U127/><E76/><V106/><F10/><W52/><G79/><T90/><D72/><U36/><E36/><V40/><F122/><W54/><G124/><T37/><D112/><U62/><E109/><V58/><REACH who="2" step="1"/><F123/><REACH who="2" ten="234,357,156,243" step="2"/><W77/><G101/><T61/><D102/><U97/><E130/><V49/><F49/><W7/><G51/><T44/><D37/><U9/><E9/><V23/><AGARI ba="0,1" hai="16,17,23,24,31,40,45,50,58,63,67,105,106,107" machi="23" ten="30,12000,2" yaku="1,1,0,1,52,1,54,1,53,3" doraHai="20" doraHaiUra="100" who="2" fromWho="2" sc="234,-30,357,-30,156,130,243,-60" owari="204,-19.6,327,42.7,286,8.6,183,-31.7" /></mjloggm>