<mjloggm ver="2.3"><GO type="225" lobby="0"/><UN n0="%E3%81%8B%E3%82%8F%E3%81%A1%E3%82%83%E3%82%93%35%38" n1="%E3%81%A9%E3%82%8F%E3%82%93%E3%81%94" n2="%E6%B8%A9%E2%98%85%E6%83%85%E2%98%85%E6%8E%AA%E2%98%85%E7%BD%AE" n3="%72%65%6E%6B%75%6E" dan="16,16,17,17" rate="2141.83,2106.86,2253.31,2222.49" sx="M,M,M,M"/><TAIKYOKU oya="0"/><INIT seed="0,0,0,4,0,115" ten="250,250,250,250" oya="0" hai0="80,65,74,49,79,40,26,45,28,81,67,126,71" hai1="127,103,48,94,120,91,96,93,44,128,87,76,19" hai2="11,16,14,99,129,113,59,69,109,60,1,39,13" hai3="106,8,23,89,27,3,133,20,46,68,63,33,88"/><T73/><D126/><U7/><E127/><V72/><F113/><W55/><G106/><T52/><D71/><U15/><E128/><V92/><F129/><W51/><G133/><T90/><D40/><U135/><E135/><V57/><F109/><W108/><G33/><T112/><D112/><U35/><E35/><V62/><F1/><W116/><G108/><T43/><D43/><U24/><E120/><V118/><F72/><W34/><G34/><T97/><D97/><U77/><E24/><V83/><F39/><W47/><G47/><T75/><D90/><U58/><E58/><N who="2" m="22027" /><F83/><W100/><G20/><T22/><REACH who="0" step="1"/><D74/><REACH who="0" ten="240,250,250,250" step="2"/><U30/><E77/><AGARI ba="0,1" hai="22,26,28,45,49,52,65,67,73,75,77,79,80,81" machi="77" ten="40,12000,1" yaku="1,1,2,1,9,1,54,1,53,0" doraHai="115" doraHaiUra="12" who="0" fromWho="1" sc="240,130,250,-120,250,0,250,0" /><INIT seed="0,1,0,1,0,112" ten="370,130,250,250" oya="0" hai0="43,73,110,122,135,63,95,99,111,121,133,34,32" hai1="59,41,21,92,15,51,104,134,127,53,80,72,55" hai2="39,4,45,97,70,62,48,88,5,128,30,20,79" hai3="25,91,83,89,31,126,8,36,19,81,9,90,14"/><T49/><D63/><U29/><E104/><V38/><F128/><W123/><G126/><T6/><D49/><U58/><E127/><V113/><F113/><W12/><G123/><T0/><D43/><U117/><E134/><N who="0" m="51209" /><D73/><U42/><E117/><V82/><F39/><W7/><REACH who="3" step="1"/><G36/><REACH who="3" ten="370,130,250,240" step="2"/><T130/><D130/><U74/><E74/><V86/><F38/><W116/><G116/><T16/><D122/><U98/><E72/><V96/><F70/><W17/><G17/><T84/><D121/><U68/><E68/><V40/><F62/><W67/><G67/><T107/><D16/><N who="1" m="10399" /><E29/><V115/><F115/><W44/><G44/><T69/><D69/><U1/><E1/><V106/><F106/><W33/><AGARI ba="1,1" hai="7,8,9,12,14,19,25,31,33,81,83,89,90,91" machi="33" ten="30,2000,0" yaku="1,1,0,1,53,0" doraHai="112" doraHaiUra="105" who="3" fromWho="3" sc="370,-11,130,-6,250,-6,240,33" /><INIT seed="1,0,0,1,3,29" ten="359,124,244,273" oya="1" hai0="85,121,31,45,129,107,59,80,124,56,88,79,39" hai1="86,23,53,87,105,114,70,42,130,96,20,57,0" hai2="50,125,82,37,43,81,47,83,38,24,14,35,44" hai3="92,17,91,19,5,132,30,115,9,109,110,95,33"/><U135/><E114/><V112/><F125/><W118/><G115/><T116/><D116/><U113/><E113/><V65/><F112/><W1/><G118/><T77/><D107/><U117/><E70/><V73/><F73/><W97/><G132/><T75/><D79/><U76/><E0/><V84/><F65/><W34/><G30/><T48/><D39/><U90/><E117/><V21/><F14/><W28/><G28/><T11/><D124/><U67/><E135/><V131/><F131/><W71/><G71/><T26/><D129/><U103/><E67/><V36/><F35/><N who="3" m="13323" /><G92/><T74/><D74/><U99/><E42/><V54/><REACH who="2" step="1"/><F84/><REACH who="2" ten="359,124,234,273" step="2"/><W25/><G25/><T100/><D75/><U122/><E130/><V8/><F8/><W89/><G91/><T16/><D77/><U55/><E122/><V93/><F93/><W106/><G106/><T2/><D121/><U68/><E68/><V133/><F133/><W94/><G94/><T60/><D2/><U61/><E76/><V104/><F104/><W69/><G69/><T64/><D88/><U111/><E111/><AGARI ba="0,1" hai="1,5,9,17,19,89,95,97,109,110,111" m="13323" machi="111" ten="30,7700,0" yaku="14,1,52,3" doraHai="29" who="3" fromWho="1" sc="359,0,124,-77,234,0,273,87" /><INIT seed="2,0,0,2,1,57" ten="359,47,234,360" oya="2" hai0="128,28,49,90,131,1,110,76,0,91,72,79,77" hai1="29,103,14,135,23,38,20,122,71,63,5,45,118" hai2="7,26,12,17,86,133,39,69,84,73,6,101,8" hai3="11,60,93,92,40,50,120,121,58,65,16,107,85"/><V48/><F133/><W81/><G107/><T34/><D72/><U111/><E118/><V75/><F39/><W96/><G121/><T83/><D83/><U130/><E122/><V80/><F69/><W68/><G120/><T22/><D22/><U115/><E135/><V105/><F86/><W99/><G68/><T116/><D49/><U108/><E115/><V134/><F134/><W31/><G31/><T132/><D132/><U35/><E103/><V88/><F105/><W106/><G106/><T109/><D28/><U64/><E130/><N who="0" m="49705" /><D34/><U66/><E66/><V15/><F101/><W89/><G50/><T102/><D102/><U37/><E35/><V32/><F32/><W56/><G40/><T30/><D30/><U95/><E95/><N who="3" m="36426" /><G56/><T123/><D123/><U43/><E38/><V36/><F36/><W27/><G27/><T51/><D51/><U41/><E41/><V47/><F26/><W113/><G113/><T94/><D94/><U46/><E46/><V19/><F75/><W117/><G117/><T62/><D116/><U44/><E44/><V3/><F3/><N who="0" m="1098" /><D62/><U74/><E74/><V25/><F25/><W104/><G104/><T126/><D126/><U87/><E29/><V78/><F78/><N who="0" m="19970" /><T82/><DORA hai="4" /><D82/><U10/><REACH who="1" step="1"/><E87/><REACH who="1" ten="359,37,234,360" step="2"/><V70/><F73/><W98/><G99/><T54/><D54/><U42/><E42/><N who="2" m="24695" /><F70/><W9/><G98/><T114/><D114/><U124/><E124/><V127/><F127/><W61/><G96/><T112/><D112/><U119/><E119/><V52/><F52/><W18/><G61/><T100/><D100/><RYUUKYOKU ba="0,1" sc="359,0,37,0,234,0,360,0" hai0="90,91,109,110" hai1="5,10,14,20,23,37,43,45,63,64,71,108,111" hai2="6,7,8,12,15,17,19,80,84,88" hai3="9,11,16,18,58,60,65,81,85,89" /><INIT seed="2,1,1,4,0,34" ten="359,37,234,360" oya="2" hai0="65,20,67,56,98,112,13,21,3,135,116,35,106" hai1="81,62,75,124,51,8,32,120,74,113,126,94,53" hai2="88,82,60,24,85,132,54,89,9,73,58,5,109" hai3="71,45,50,46,16,79,104,78,102,57,10,129,90"/><V99/><F132/><W33/><G71/><T68/><D35/><U117/><E32/><V14/><F109/><W125/><G33/><T115/><D68/><U19/><E19/><V40/><F73/><W122/><G122/><T86/><D3/><U39/><E8/><V70/><F70/><W69/><G69/><T101/><D86/><U23/><E23/><V25/><REACH who="2" step="1"/><F40/><REACH who="2" ten="359,37,224,360" step="2"/><W47/><G129/><T59/><D135/><U105/><E120/><V27/><F27/><W49/><G125/><T96/><D116/><U130/><E117/><V22/><F22/><W95/><G46/><T92/><D20/><U63/><E130/><V6/><F6/><W131/><G45/><T17/><D115/><U15/><E113/><V110/><F110/><W52/><G47/><T37/><D112/><U11/><E75/><V80/><F80/><W41/><G41/><T2/><D37/><U64/><E39/><V43/><F43/><W29/><G131/><T103/><REACH who="0" step="1"/><D2/><REACH who="0" ten="349,37,224,360" step="2"/><U7/><E126/><V0/><F0/><W108/><G108/><T76/><D76/><U4/><E124/><V97/><F97/><W127/><G79/><T121/><D121/><U91/><E11/><V114/><F114/><W1/><G78/><T36/><D36/><U18/><E81/><V38/><F38/><W26/><G1/><T61/><D61/><U31/><E63/><V128/><F128/><W42/><G127/><T48/><D48/><U118/><E62/><V107/><F107/><W123/><G50/><T119/><D119/><U12/><E105/><V133/><F133/><W100/><G49/><RYUUKYOKU ba="1,3" sc="349,15,37,-15,224,15,360,-15" hai0="13,17,21,56,59,65,67,92,96,98,101,103,106" hai2="5,9,14,24,25,54,58,60,82,85,88,89,99" /><INIT seed="2,2,3,0,1,71" ten="364,22,239,345" oya="2" hai0="28,70,87,66,129,106,123,27,131,103,83,51,125" hai1="43,8,93,86,130,133,89,74,38,135,88,102,132" hai2="2,32,6,48,85,11,121,41,73,111,113,3,90" hai3="29,33,25,108,10,44,36,63,82,72,119,69,127"/><V64/><F121/><W39/><G119/><T67/><D123/><U118/><E118/><V47/><F113/><W34/><G108/><T76/><D125/><U116/><E116/><V16/><F111/><W114/><G114/><T21/><D70/><U17/><E74/><V95/><F32/><N who="3" m="20527" /><G10/><T53/><D103/><U42/><E102/><V1/><F73/><W92/><G92/><T110/><D106/><U107/><E107/><V26/><REACH who="2" step="1"/><F64/><REACH who="2" ten="364,22,229,345" step="2"/><N who="3" m="41119" /><G127/><T81/><D110/><U40/><E130/><N who="0" m="49673" /><D83/><U77/><E77/><V117/><F117/><W128/><G128/><T78/><D78/><U52/><E52/><V55/><F55/><W30/><G82/><T122/><D122/><U104/><E104/><V37/><F37/><W120/><G72/><T80/><D80/><U45/><REACH who="1" step="1"/><E89/><REACH who="1" ten="364,12,229,345" step="2"/><V84/><F84/><W18/><G120/><T22/><D67/><U59/><E59/><V58/><F58/><W98/><G44/><N who="0" m="27879" /><D66/><U7/><E7/><V68/><F68/><W46/><G46/><T61/><D87/><U112/><E112/><V94/><F94/><W75/><G75/><T20/><D81/><U79/><E79/><V91/><F91/><W35/><G98/><T5/><D76/><U134/><N who="1" m="33792" /><DORA hai="56" /><U31/><E31/><V23/><AGARI ba="2,5" hai="1,2,3,6,11,16,23,26,41,47,48,85,90,95" machi="23" ten="30,6000,0" yaku="1,1,0,1,54,1,53,0" doraHai="71,56" doraHaiUra="57,65" who="2" fromWho="2" sc="364,-22,12,-22,229,116,345,-22" owari="342,14.2,-10,-51.0,345,44.5,323,-7.7" /></mjloggm>