<mjloggm ver="2.3"><GO type="225" lobby="0"/><UN n0="%E6%A1%9C%E8%8A%B1%E9%96%83%E3%80%85" n1="%E3%82%A2%E3%83%A1%E3%82%A2%E3%83%A9%E3%83%AC" n2="%E3%83%94%E3%83%B3%E3%82%B5%E3%83%AD%E5%BA%97%E5%93%A1" n3="%E3%81%BF%E3%81%BF%E3%81%9A" dan="16,16,17,18" rate="2228.91,2138.75,2194.26,2232.17" sx="M,M,M,M"/><TAIKYOKU oya="0"/><INIT seed="0,0,0,5,1,92" ten="250,250,250,250" oya="0" hai0="24,127,99,10,30,6,56,85,37,120,11,103,112" hai1="116,97,125,8,33,88,72,46,15,93,80,76,7" hai2="4,73,14,71,26,18,115,39,114,21,5,94,69" hai3="48,113,75,108,27,111,54,49,61,107,16,43,86"/><T65/><D112/><U119/><E125/><V84/><F73/><W50/><G75/><T45/><D120/><U3/><E33/><V66/><F39/><W60/><G113/><T128/><D128/><U29/><E29/><V79/><F115/><W67/><G107/><T87/><D127/><U22/><REACH who="1" step="1"/><E46/><REACH who="1" ten="250,240,250,250" step="2"/><V106/><F114/><W105/><G111/><T122/><D45/><U102/><E102/><V32/><F32/><W133/><G108/><T55/><D122/><U131/><E131/><V101/><F101/><W35/><G35/><T40/><D30/><U34/><E34/><V95/><F71/><W130/><G130/><T31/><D31/><U13/><E13/><V81/><F69/><W28/><G28/><T90/><D24/><U91/><E91/><V36/><F26/><W64/><G27/><T123/><D90/><U38/><E38/><V0/><F36/><W23/><G133/><T53/><D123/><U96/><E96/><V63/><F14/><W77/><G77/><T2/><D99/><U19/><AGARI ba="0,1" hai="3,7,8,15,19,22,72,76,80,88,93,97,116,119" machi="19" ten="30,8000,1" yaku="1,1,0,1,52,1,54,1,53,1" doraHai="92" doraHaiUra="78" who="1" fromWho="1" sc="250,-40,240,90,250,-20,250,-20" /><INIT seed="1,0,0,1,0,116" ten="210,330,230,230" oya="1" hai0="106,86,17,98,118,59,111,119,85,79,49,129,87" hai1="20,39,51,66,19,121,23,10,112,8,9,37,15" hai2="113,52,133,56,22,18,84,82,38,53,14,55,124" hai3="101,80,125,69,100,72,77,64,109,1,108,40,114"/><U128/><E112/><V25/><F133/><W57/><G114/><T94/><D111/><N who="3" m="42569" /><G125/><T134/><D134/><U41/><E128/><V33/><F113/><W76/><G1/><T36/><D36/><U122/><E66/><V6/><F38/><W107/><G107/><T43/><D129/><U97/><E39/><V61/><F124/><W2/><G40/><T81/><D17/><U123/><E37/><V73/><F73/><W78/><G2/><T126/><D126/><U34/><E34/><V31/><REACH who="2" step="1"/><F6/><REACH who="2" ten="210,330,220,230" step="2"/><W110/><G110/><T11/><D118/><U28/><E122/><V115/><F115/><W30/><G69/><T58/><D119/><U24/><REACH who="1" step="1"/><E97/><REACH who="1" ten="210,320,220,230" step="2"/><V131/><F131/><W75/><G75/><T71/><D98/><U27/><E27/><V63/><F63/><N who="3" m="37999" /><G30/><T21/><D71/><U91/><E91/><AGARI ba="0,2" hai="14,18,22,25,31,33,52,53,55,56,61,82,84,91" machi="91" ten="30,3900,0" yaku="1,1,7,1,54,1,53,0" doraHai="116" doraHaiUra="47" who="2" fromWho="1" sc="210,0,320,-39,220,59,230,0" /><INIT seed="2,0,0,2,2,38" ten="210,281,279,230" oya="2" hai0="43,117,102,119,53,26,58,124,73,44,24,12,128" hai1="77,115,52,65,91,27,74,110,116,29,86,87,112" hai2="54,22,45,134,90,28,71,33,32,7,101,125,79" hai3="70,85,92,11,109,61,82,126,21,49,123,133,48"/><V76/><F71/><W67/><G123/><T129/><D73/><U39/><E116/><N who="0" m="44617" /><D102/><U83/><E110/><V69/><F69/><W57/><G109/><T41/><D12/><U42/><E65/><V97/><F134/><W132/><G126/><T81/><D81/><U122/><E122/><V120/><F120/><W104/><G104/><T10/><D10/><U5/><E5/><V78/><F125/><W118/><G118/><T50/><D124/><U2/><E2/><V13/><F90/><W100/><G11/><T84/><D84/><U130/><E130/><N who="0" m="50281" /><D41/><U95/><E74/><V51/><F7/><W94/><G21/><T35/><D35/><U63/><E42/><V75/><F75/><W107/><G107/><T55/><D55/><U15/><E15/><V17/><REACH who="2" step="1"/><F28/><REACH who="2" ten="210,281,269,230" step="2"/><W0/><G132/><T121/><D121/><U80/><E91/><V9/><F9/><W114/><G133/><T1/><D1/><U20/><E29/><V8/><F8/><W62/><G0/><T30/><D30/><U6/><E6/><V88/><F88/><W40/><G100/><T113/><D113/><U68/><E112/><V89/><F89/><N who="3" m="51383" /><G114/><T56/><D56/><U16/><E115/><V127/><F127/><W59/><G70/><T111/><D111/><U60/><E68/><V47/><F47/><W23/><G23/><T36/><AGARI ba="0,1" hai="24,26,36,43,44,50,53,58" m="50281,44617" machi="36" ten="30,4000,0" yaku="12,1,19,1,52,1" doraHai="38" who="0" fromWho="0" sc="210,50,281,-10,269,-20,230,-10" /><INIT seed="3,0,0,4,0,59" ten="260,271,249,220" oya="3" hai0="7,109,21,106,102,64,10,100,103,101,89,110,26" hai1="131,46,127,37,14,133,62,57,3,56,122,114,20" hai2="31,35,45,72,79,48,65,95,88,24,42,104,11" hai3="53,50,134,90,73,1,107,86,92,34,41,9,84"/><W36/><G34/><T118/><D118/><U97/><E3/><V71/><F104/><W113/><G113/><T38/><D38/><U32/><E32/><V5/><F79/><W130/><G73/><T117/><D117/><U66/><E122/><V2/><F72/><W58/><G107/><T6/><D89/><U54/><E133/><V39/><F71/><W99/><G134/><T108/><D64/><U22/><E131/><V85/><REACH who="2" step="1"/><F65/><REACH who="2" ten="260,271,239,220" step="2"/><W128/><G130/><T19/><N who="0" m="25600" /><DORA hai="13" /><T132/><D132/><U55/><E66/><V78/><F78/><W12/><G128/><T115/><D106/><U27/><E114/><V8/><F8/><W135/><G135/><T82/><D115/><U125/><E125/><V121/><F121/><W44/><REACH who="3" step="1"/><G1/><REACH who="3" ten="260,271,239,210" step="2"/><T63/><D109/><U94/><E127/><V98/><F98/><W81/><G81/><T69/><D82/><U28/><E97/><V77/><F77/><W52/><G52/><T51/><D110/><U111/><E111/><V29/><F29/><W112/><G112/><T91/><D108/><U68/><E28/><V96/><F96/><W119/><G119/><T0/><D0/><U30/><E30/><V18/><F18/><AGARI ba="0,2" hai="9,12,18,36,41,44,50,53,58,84,86,90,92,99" machi="18" ten="30,11600,0" yaku="1,1,7,1,52,1,53,1" doraHai="59,13" doraHaiUra="40,33" who="3" fromWho="2" sc="260,0,271,0,239,-116,210,136" owari="260,-14.0,271,7.1,123,-37.7,346,44.6" /></mjloggm>