<mjloggm ver="2.3"><GO type="225" lobby="0"/><UN n0="%E3%81%B5%E3%81%98%E3%81%8B%E3%81%A4" n1="%E3%82%B9%E3%83%9E%E3%83%9B%E3%81%82%E3%81%96%E3%82%89%E3%81%97" n2="%E6%B0%B7%E5%B7%9D%E9%87%8C%E5%A5%88" n3="%E6%B8%A9%E2%98%85%E6%83%85%E2%98%85%E6%8E%AA%E2%98%85%E7%BD%AE" dan="16,16,16,18" rate="2162.11,2097.02,2082.80,2246.48" sx="M,M,F,M"/><TAIKYOKU oya="0"/><INIT seed="0,0,0,0,3,66" ten="250,250,250,250" oya="0" hai0="135,85,87,13,109,27,128,20,19,105,47,52,51" hai1="67,125,1,132,70,59,58,101,96,80,22,29,49" hai2="60,18,26,68,133,94,61,82,53,75,9,54,43" hai3="35,6,126,98,102,34,24,2,123,25,50,31,92"/><T88/><D128/><U10/><E132/><V117/><F43/><W23/><G126/><T46/><D135/><U62/><E80/><V37/><F133/><W76/><G123/><T113/><D105/><U134/><E125/><V115/><F115/><W120/><G120/><T30/><D113/><U130/><E130/><V4/><F37/><W48/><G76/><T118/><D118/><U21/><E21/><V86/><F117/><W114/><G114/><T122/><D122/><U121/><E121/><V127/><F75/><W104/><G104/><T33/><D109/><U64/><E49/><V99/><F127/><W0/><G35/><T11/><D33/><U71/><E58/><V91/><F4/><W103/><G103/><T36/><D36/><U41/><E41/><V28/><F28/><W12/><G12/><T38/><D38/><U77/><E77/><V42/><F42/><W44/><G6/><T63/><D63/><N who="2" m="24138" /><F68/><W56/><G56/><N who="0" m="32799" /><D85/><U119/><E119/><V79/><F26/><W131/><G131/><T111/><D111/><U116/><E64/><V89/><F79/><W39/><G39/><T106/><D106/><U93/><E116/><V74/><F74/><W110/><G110/><T69/><D69/><N who="1" m="26123" /><E134/><V107/><F107/><W17/><REACH who="3" step="1"/><G44/><REACH who="3" ten="250,250,250,240" step="2"/><T124/><D124/><U8/><E1/><AGARI ba="0,1" hai="0,1,2,17,23,24,25,31,34,48,50,92,98,102" machi="1" ten="40,2600,0" yaku="1,1,2,1,53,0" doraHai="66" doraHaiUra="72" who="3" fromWho="1" sc="250,0,250,-26,250,0,240,36" /><INIT seed="1,0,0,1,0,115" ten="250,224,250,276" oya="1" hai0="57,109,47,128,43,27,4,124,23,63,101,60,133" hai1="6,8,135,54,122,49,108,45,34,56,64,93,53" hai2="113,36,76,107,129,118,84,33,112,90,21,79,50" hai3="71,1,40,55,119,100,20,104,77,48,91,72,110"/><U99/><E122/><V92/><F36/><W38/><G1/><T18/><D109/><U82/><E34/><V114/><F33/><W31/><G71/><T66/><D124/><U98/><E135/><V117/><F50/><W28/><G110/><T9/><D133/><U41/><E108/><V73/><F107/><W2/><G2/><T80/><D128/><U32/><E32/><V62/><F129/><W35/><G35/><T126/><D126/><U70/><E82/><V7/><F7/><W59/><G20/><T74/><D101/><U97/><E70/><V68/><F21/><W19/><G19/><T3/><D63/><U26/><E26/><V24/><F24/><W44/><G91/><T87/><D74/><U65/><E93/><V111/><F111/><W103/><G119/><N who="2" m="45577" /><F73/><W17/><G17/><T42/><REACH who="0" step="1"/><D47/><REACH who="0" ten="240,224,250,276" step="2"/><U58/><E45/><V132/><F132/><W22/><G100/><T125/><D125/><U29/><E29/><V81/><F92/><W46/><G46/><T30/><D30/><U116/><E116/><V102/><F102/><W0/><G103/><T94/><D94/><U78/><E41/><V67/><AGARI ba="0,1" hai="62,67,68,76,79,81,84,90,112,113,114" m="45577" machi="67" ten="40,8000,1" yaku="11,1,52,3" doraHai="115" who="2" fromWho="2" sc="240,-20,224,-40,250,90,276,-20" /><INIT seed="2,0,0,1,5,129" ten="220,184,340,256" oya="2" hai0="38,65,9,49,85,15,95,6,24,37,13,99,17" hai1="126,47,57,0,92,21,134,2,4,48,113,120,34" hai2="22,71,97,135,43,23,93,130,132,27,1,53,30" hai3="62,61,106,63,3,124,90,86,36,84,89,110,66"/><V91/><F1/><W109/><G124/><T118/><D118/><U5/><E113/><V35/><F130/><W33/><G3/><T67/><D85/><N who="3" m="32873" /><G106/><T54/><D24/><U32/><E126/><V112/><F112/><W94/><G36/><T8/><D38/><U77/><E77/><V12/><F71/><W74/><G33/><T39/><D39/><U108/><E92/><V100/><F43/><W125/><G125/><T60/><D37/><U68/><E68/><V78/><F78/><W25/><G74/><T81/><D81/><U75/><E75/><V51/><F100/><W70/><G25/><T117/><D60/><N who="3" m="23145" /><G94/><T128/><D128/><U56/><E0/><V52/><F53/><W28/><G28/><T11/><D11/><U26/><E2/><V116/><F116/><W59/><G70/><T121/><D121/><U133/><E26/><V31/><F35/><W19/><G19/><T72/><D72/><U7/><E32/><V14/><F31/><W88/><G110/><T107/><D107/><U101/><E108/><V73/><F73/><W64/><G109/><T76/><D76/><U80/><E34/><V46/><F23/><W42/><G42/><T55/><D117/><U29/><E21/><V103/><F103/><W105/><G105/><T98/><D98/><U44/><E101/><V40/><F40/><W123/><G123/><T96/><D96/><U104/><E120/><V79/><F79/><W16/><G16/><T18/><D18/><U45/><E104/><V122/><F122/><W58/><N who="3" m="23153" /><W115/><DORA hai="10" /><G115/><T69/><D69/><RYUUKYOKU ba="0,0" sc="220,-15,184,-15,340,15,256,15" hai2="12,14,22,27,30,46,51,52,91,93,97,132,135" hai3="58,59,64,66,88,89,90" /><INIT seed="2,1,0,3,1,24" ten="205,169,355,271" oya="2" hai0="87,42,15,55,112,17,132,80,18,135,73,14,90" hai1="45,1,85,37,47,10,119,63,125,31,121,82,13" hai2="46,12,111,127,129,16,98,71,30,122,25,26,79" hai3="113,53,33,61,56,29,95,28,64,19,103,74,40"/><V32/><F122/><W43/><G74/><T116/><D112/><U59/><E119/><V89/><F71/><W68/><G113/><T120/><D120/><U97/><E121/><V88/><F127/><W67/><G33/><T134/><D116/><U110/><E110/><V52/><F129/><W124/><G124/><T36/><D73/><U49/><E125/><V77/><F111/><W70/><G70/><T7/><D7/><U34/><E1/><V5/><F5/><W9/><G9/><T0/><D0/><U38/><E97/><V123/><F26/><W109/><G19/><T69/><D69/><U93/><E93/><V48/><F123/><W75/><G75/><T66/><D66/><N who="3" m="25129" /><G68/><T130/><D130/><U133/><E133/><V72/><F72/><W99/><G109/><T41/><D55/><U84/><E34/><V35/><F35/><W92/><G92/><T101/><D101/><U23/><E23/><N who="2" m="15679" /><F98/><W8/><G8/><T83/><D36/><U2/><E2/><V106/><F32/><W128/><G128/><T39/><D39/><U108/><E108/><V11/><F106/><W44/><G44/><T115/><D115/><U107/><E107/><V20/><F11/><W105/><G105/><T4/><D4/><U21/><E10/><V118/><F118/><W3/><G3/><T60/><D80/><U114/><E82/><V104/><F104/><W50/><G61/><T91/><D60/><U27/><E63/><V62/><F62/><W96/><G96/><T86/><D134/><U100/><E114/><V6/><F6/><W22/><G22/><RYUUKYOKU ba="1,0" sc="205,10,169,-30,355,10,271,10" hai0="14,15,17,18,41,42,83,86,87,90,91,132,135" hai2="12,16,20,46,48,52,77,79,88,89" hai3="28,29,40,43,50,53,56,95,99,103" /><INIT seed="2,2,0,0,0,93" ten="215,139,365,281" oya="2" hai0="121,31,120,119,75,59,30,100,83,72,29,20,127" hai1="89,114,38,4,95,134,23,13,42,124,79,54,50" hai2="2,34,63,14,61,67,51,112,62,73,103,55,60" hai3="80,98,111,43,11,33,78,113,96,52,109,116,64"/><V70/><F2/><W125/><G116/><T82/><D119/><U12/><E114/><V91/><F73/><W40/><G33/><T129/><D59/><U108/><E108/><N who="3" m="41546" /><G113/><T135/><D20/><U66/><E134/><V0/><F0/><W105/><G125/><T21/><D21/><U48/><E124/><V5/><F112/><W122/><G122/><T19/><D19/><U16/><E38/><V99/><F34/><W45/><G64/><T115/><D127/><U84/><E66/><V8/><F91/><W22/><G105/><T76/><D115/><U92/><E79/><V9/><F9/><W68/><G68/><T128/><D100/><U65/><E65/><V6/><F6/><W53/><G11/><T132/><D76/><U69/><E69/><V1/><F1/><W10/><G10/><T131/><D120/><U117/><E117/><V86/><F86/><N who="3" m="48407" /><G43/><T18/><D121/><U85/><E4/><V107/><F62/><W110/><G22/><T24/><D24/><N who="1" m="14439" /><E42/><V36/><F36/><N who="3" m="21639" /><G110/><T87/><D18/><U81/><E92/><V32/><F32/><W7/><G7/><T102/><D102/><U74/><E74/><N who="0" m="28201" /><D87/><U3/><E3/><V101/><F101/><W37/><G37/><T104/><D104/><U41/><E41/><V58/><AGARI ba="2,0" hai="5,8,14,51,55,58,60,61,63,67,70,99,103,107" machi="58" ten="20,3900,0" yaku="0,1,7,1,52,1" doraHai="93" who="2" fromWho="2" sc="215,-15,139,-15,365,45,281,-15" /><INIT seed="2,3,0,4,4,3" ten="200,124,410,266" oya="2" hai0="110,58,130,86,91,37,56,102,35,2,34,106,46" hai1="87,107,129,9,114,47,67,45,29,121,7,18,27" hai2="55,88,41,21,70,1,92,65,44,26,69,104,60" hai3="98,126,64,100,124,125,12,84,22,119,89,11,66"/><V0/><F104/><N who="3" m="63511" /><G22/><T42/><D110/><U38/><E114/><V90/><F70/><W8/><G119/><T23/><D130/><U135/><E107/><V25/><F55/><W68/><G68/><T17/><D2/><U105/><E105/><V101/><F25/><W108/><G108/><T49/><D106/><U63/><E129/><V115/><F115/><W36/><G36/><T76/><D102/><U109/><E109/><V20/><F20/><W6/><G11/><T132/><D76/><U94/><E135/><V50/><F101/><W85/><G85/><T103/><D103/><U33/><E18/><V62/><F90/><W111/><G111/><T134/><D58/><U128/><E128/><V72/><F60/><W73/><G73/><T16/><D17/><U83/><E94/><AGARI ba="3,0" hai="6,8,12,64,66,84,89,94,124,125,126" m="63511" machi="94" ten="30,2000,0" yaku="18,1,52,1" doraHai="3" who="3" fromWho="1" sc="200,0,124,-29,410,0,266,29" /><INIT seed="3,0,0,0,0,29" ten="200,95,410,295" oya="3" hai0="115,65,16,102,31,32,135,112,71,63,133,89,50" hai1="33,5,113,9,10,36,53,56,81,104,26,88,129" hai2="127,3,91,17,45,67,128,34,23,84,47,58,44" hai3="78,40,59,82,86,55,90,0,120,51,109,61,118"/><W74/><G118/><T46/><D102/><U125/><E113/><N who="0" m="43593" /><D89/><U105/><E125/><V11/><F34/><W21/><G120/><T122/><D122/><U95/><E129/><V117/><F117/><W28/><G109/><T14/><D31/><U100/><E36/><V124/><F128/><W77/><G0/><T73/><D73/><U92/><E81/><V43/><F43/><W110/><G110/><T62/><D62/><U12/><E100/><V1/><F67/><W52/><G40/><T48/><D32/><U101/><E101/><V96/><F96/><W38/><G38/><T132/><D14/><U37/><E37/><V64/><F11/><W98/><G98/><T97/><D97/><U75/><E75/><V8/><F8/><W70/><G74/><T130/><D16/><U68/><E68/><V103/><F103/><W49/><G70/><T114/><N who="0" m="43601" /><T111/><DORA hai="123" /><D111/><U2/><E92/><N who="2" m="54375" /><F58/><W116/><G116/><T99/><D99/><U30/><E95/><V42/><F64/><W54/><G51/><N who="0" m="19499" /><D130/><U93/><E93/><V39/><F3/><W83/><G83/><T22/><D22/><U13/><E88/><V66/><F1/><W69/><G69/><T25/><D25/><U79/><E79/><N who="3" m="30218" /><G49/><T18/><D18/><U57/><E2/><V80/><F80/><W107/><G61/><T41/><D41/><U121/><E121/><V94/><F94/><W119/><G82/><T15/><D15/><U76/><E76/><V72/><F72/><W24/><G119/><T106/><D106/><N who="1" m="41067" /><E53/><V85/><F42/><W6/><G107/><RYUUKYOKU ba="0,0" sc="200,15,95,15,410,-15,295,-15" hai0="46,63,65,71,132,133,135" hai1="5,9,10,12,13,26,30,33,56,57" owari="215,-18.5,110,-39.0,395,49.5,280,8.0" /></mjloggm>