<mjloggm ver="2.3"><GO type="225" lobby="0"/><UN n0="%E9%BB%99%E8%81%B4%E3%81%AE%E3%81%99%E3%82%9D%E3%82%81" n1="%E3%81%AA%E3%81%BE%E3%81%91%E8%80%85" n2="%E6%98%93%E5%88%A9%E8%96%A9%E4%BC%AF" n3="%E8%A8%88%E7%AE%97%E6%A9%9F%E8%87%AA%E7%84%B6" dan="16,16,16,17" rate="2140.19,2139.52,2118.30,2188.44" sx="M,M,F,M"/><TAIKYOKU oya="0"/><INIT seed="0,0,0,4,0,68" ten="250,250,250,250" oya="0" hai0="6,46,116,85,22,125,27,100,110,0,105,88,94" hai1="84,61,50,112,31,9,114,129,70,62,123,38,44" hai2="82,96,128,37,58,118,12,89,56,92,126,81,95" hai3="86,55,20,106,71,26,115,113,102,53,63,111,41"/><T121/><D116/><U59/><E31/><V11/><F118/><W98/><G111/><T1/><D121/><U90/><E123/><V33/><F33/><W72/><G72/><T119/><D119/><U108/><E108/><V101/><F128/><W4/><G4/><T97/><D125/><U69/><E129/><V39/><F126/><W87/><G41/><T29/><D110/><U131/><E9/><V15/><F101/><W74/><G74/><T23/><D6/><U117/><E62/><V24/><F24/><W124/><G124/><T8/><D8/><U7/><E7/><V109/><F109/><W43/><G43/><T78/><D78/><U17/><E17/><V77/><F11/><W10/><G10/><T21/><REACH who="0" step="1"/><D46/><REACH who="0" ten="240,250,250,250" step="2"/><U32/><E44/><V52/><F77/><W35/><G115/><T133/><D133/><U28/><E117/><V130/><F130/><W93/><G113/><T47/><D47/><U16/><E131/><V51/><F58/><W134/><G134/><T120/><D120/><U14/><E59/><V49/><F49/><W66/><G35/><AGARI ba="0,1" hai="0,1,21,22,23,27,29,35,85,88,94,97,100,105" machi="35" ten="40,3900,0" yaku="1,1,54,1,53,0" doraHai="68" doraHaiUra="54" who="0" fromWho="3" sc="240,49,250,0,250,0,250,-39" /><INIT seed="0,1,0,2,4,64" ten="289,250,250,211" oya="0" hai0="34,114,71,126,56,55,15,49,35,16,108,83,89" hai1="128,107,85,10,81,118,38,135,127,29,93,97,101" hai2="74,122,37,46,63,8,65,115,134,4,119,3,121" hai3="32,72,87,113,95,82,88,59,76,54,110,84,124"/><T0/><D114/><U1/><E118/><V133/><F74/><W62/><G113/><T58/><D0/><U103/><E38/><V75/><F115/><W2/><G2/><T30/><D71/><U98/><E29/><V111/><F111/><W79/><G110/><T25/><D108/><U14/><E1/><V105/><F105/><W27/><G124/><T90/><D126/><U104/><E127/><V19/><F119/><W99/><REACH who="3" step="1"/><G76/><REACH who="3" ten="289,250,250,201" step="2"/><T21/><D35/><U47/><E128/><V92/><F3/><W18/><G18/><T5/><D5/><U7/><E135/><V102/><F19/><W28/><AGARI ba="1,1" hai="27,28,32,54,59,62,72,79,82,84,87,88,95,99" machi="28" ten="30,4000,0" yaku="1,1,0,1,54,1,53,0" doraHai="64" doraHaiUra="116" who="3" fromWho="3" sc="289,-21,250,-11,250,-11,201,53" /><INIT seed="1,0,0,3,0,81" ten="268,239,239,254" oya="1" hai0="17,21,84,58,111,12,94,101,7,103,133,109,19" hai1="56,2,37,98,27,71,64,68,50,70,65,124,40" hai2="77,0,110,43,22,52,30,78,6,47,51,5,34" hai3="108,132,128,42,41,95,62,113,93,82,85,4,9"/><U23/><E2/><V38/><F34/><W117/><G113/><T14/><D7/><U20/><E37/><V102/><F110/><N who="0" m="41994" /><D133/><U129/><E129/><V59/><F102/><W80/><G108/><T91/><D58/><U26/><E124/><V45/><F45/><W53/><G132/><T88/><D91/><U134/><E134/><V115/><F115/><W3/><G128/><T61/><D61/><U33/><E33/><V63/><F38/><W76/><G117/><T11/><AGARI ba="0,0" hai="11,12,14,17,19,21,84,88,94,101,103" m="41994" machi="11" ten="30,4000,0" yaku="14,1,52,1,54,1" doraHai="81" who="0" fromWho="0" sc="268,40,239,-20,239,-10,254,-10" /><INIT seed="2,0,0,0,4,85" ten="308,219,229,244" oya="2" hai0="87,21,66,120,117,48,2,135,108,22,35,23,131" hai1="126,50,76,51,109,43,89,58,12,83,75,44,64" hai2="19,81,41,67,133,42,31,24,36,115,26,116,99" hai3="46,53,37,61,94,59,5,78,56,72,86,82,107"/><V114/><F116/><W40/><G107/><T32/><D120/><U1/><E1/><V70/><F133/><W0/><G56/><T127/><D2/><U29/><E109/><V95/><F70/><W106/><G106/><T10/><D108/><U55/><E126/><V34/><F67/><W63/><G86/><T73/><D73/><U80/><E29/><V93/><F81/><W62/><REACH who="3" step="1"/><G94/><REACH who="3" ten="308,219,229,234" step="2"/><T65/><D87/><U88/><E80/><V52/><F95/><W113/><G113/><T132/><D127/><U47/><E64/><V6/><F115/><W122/><G122/><T98/><D66/><U54/><E12/><V125/><F114/><W102/><G102/><T30/><D65/><U16/><E16/><V57/><F125/><W74/><G74/><T25/><D132/><U27/><E27/><V134/><F134/><W104/><G104/><T69/><D25/><U68/><E68/><V129/><F26/><W118/><G118/><T123/><D117/><U18/><E18/><V111/><F111/><W128/><G128/><T38/><D131/><U119/><E119/><V33/><F129/><W130/><G130/><T97/><D123/><U45/><E45/><V13/><F34/><W124/><G124/><T9/><D135/><U103/><E103/><N who="2" m="60911" /><F19/><W60/><G60/><AGARI ba="0,1" hai="43,44,47,50,51,54,55,58,60,75,76,83,88,89" machi="60" ten="30,7700,0" yaku="7,1,52,2,54,1" doraHai="85" who="1" fromWho="3" sc="308,0,219,87,229,0,234,-77" /><INIT seed="3,0,0,0,4,107" ten="308,306,229,157" oya="3" hai0="73,15,62,86,8,46,85,71,76,133,88,125,77" hai1="26,60,50,97,75,25,64,106,5,54,112,47,4" hai2="84,36,80,135,30,94,17,126,91,28,32,22,41" hai3="119,2,14,3,79,109,20,21,105,120,65,29,92"/><W34/><G105/><T69/><D133/><U12/><E112/><V7/><F135/><W96/><G119/><T118/><D118/><U72/><E106/><V6/><F126/><W70/><G120/><T124/><D46/><U131/><E97/><N who="2" m="57567" /><F36/><W53/><G79/><N who="0" m="30283" /><D73/><U90/><E90/><N who="2" m="51463" /><F41/><W129/><G129/><T45/><D45/><U42/><E131/><V59/><F32/><W74/><G74/><T13/><D62/><U18/><E75/><V56/><F59/><W11/><G34/><T44/><D44/><U110/><E110/><V116/><F116/><W19/><G53/><T87/><D88/><U37/><E72/><V57/><F57/><W122/><G122/><T130/><D130/><U63/><E37/><V93/><F56/><W35/><G35/><T89/><D89/><U132/><E132/><V82/><F82/><W0/><G109/><T67/><D67/><U121/><E121/><V111/><F93/><W16/><G29/><N who="2" m="11369" /><F111/><W9/><G70/><N who="0" m="26635" /><D8/><N who="1" m="6407" /><E42/><V39/><F39/><W40/><G65/><T55/><D55/><U95/><E95/><V68/><F68/><W52/><G40/><T38/><D38/><U1/><E1/><V117/><F117/><W98/><G52/><T83/><D83/><U103/><E103/><V51/><F51/><W23/><REACH who="3" step="1"/><G92/><REACH who="3" ten="308,306,229,147" step="2"/><T48/><D125/><U134/><E134/><V128/><F128/><W115/><G115/><T81/><D124/><U66/><E66/><V33/><F33/><W127/><G127/><T43/><D81/><U104/><E104/><V27/><AGARI ba="0,1" hai="6,7,17,22,27" m="11369,51463,57567" machi="27" ten="30,1100,0" yaku="8,1" doraHai="107" who="2" fromWho="2" sc="308,-3,306,-3,229,21,147,-5" owari="305,40.5,303,10.3,250,-15.0,142,-35.8" /></mjloggm>