<mjloggm ver="2.3"><GO type="225" lobby="0"/><UN n0="%E5%AE%AE%E4%BF%9D%E9%B6%8F%E8%82%89" n1="%E3%81%94%E3%81%BE%E3%81%A1%E3%82%83%E3%82%93%36%36" n2="%E3%81%AF%E3%82%88%E3%81%8A%E3%81%98%E3%81%95%E3%82%93" n3="%E5%AF%82%E5%AF%9E%E3%82%AE%E3%83%8D%E3%82%B9%E3%83%93%E3%83%BC%E3%83%AB" dan="16,17,16,16" rate="2131.24,2162.25,2214.64,2161.59" sx="M,M,M,M"/><TAIKYOKU oya="0"/><INIT seed="0,0,0,2,3,52" ten="250,250,250,250" oya="0" hai0="13,50,119,9,49,54,44,67,110,115,106,61,91" hai1="100,21,15,134,108,64,81,34,121,66,86,41,118" hai2="48,116,62,29,55,94,46,11,32,30,45,122,65" hai3="51,76,84,53,14,135,23,101,19,105,2,40,120"/><T68/><D115/><U87/><E121/><V36/><F122/><W96/><G120/><T114/><D119/><U8/><E34/><V128/><F116/><W131/><G135/><T97/><D114/><U26/><E134/><V85/><F128/><W102/><G131/><T10/><D110/><U109/><E118/><V130/><F130/><W60/><G2/><T35/><D35/><U98/><E41/><V80/><F94/><W78/><G102/><T7/><D9/><U1/><E1/><V24/><F30/><W20/><G20/><T16/><D50/><U112/><E112/><V92/><F92/><W3/><G3/><T58/><D91/><U99/><E108/><V129/><F129/><W43/><G60/><T75/><D75/><U18/><E109/><V93/><F93/><W104/><G105/><T103/><REACH who="0" step="1"/><D7/><REACH who="0" ten="240,250,250,250" step="2"/><U4/><E100/><V6/><F36/><W25/><G76/><T133/><D133/><U132/><E132/><V5/><F11/><W82/><REACH who="3" step="1"/><G25/><REACH who="3" ten="240,250,250,240" step="2"/><T111/><D111/><U74/><E26/><V39/><F24/><W72/><G72/><T125/><D125/><U56/><E74/><V71/><F32/><W47/><AGARI ba="0,2" hai="14,19,23,40,43,47,51,53,78,82,84,96,101,104" machi="47" ten="20,2700,0" yaku="1,1,0,1,7,1,53,0" doraHai="52" doraHaiUra="107" who="3" fromWho="3" sc="240,-13,250,-7,250,-7,240,47" /><INIT seed="1,0,0,4,2,126" ten="227,243,243,287" oya="1" hai0="72,41,133,128,31,8,22,103,9,86,52,26,20" hai1="71,132,24,69,23,29,62,85,64,80,59,113,0" hai2="116,25,28,66,46,12,97,127,104,67,4,105,91" hai3="76,3,129,33,11,74,93,58,82,119,117,92,54"/><U53/><E113/><V37/><F116/><N who="3" m="44619" /><G33/><T118/><D118/><U15/><E0/><V122/><F122/><W134/><G134/><T55/><D133/><U110/><E132/><V63/><F127/><W73/><G73/><T96/><D72/><U48/><E110/><V112/><F112/><W43/><G43/><T135/><D135/><U130/><E130/><V78/><F78/><W47/><G47/><T98/><D128/><U38/><E38/><V106/><F12/><W111/><G111/><T56/><D41/><U19/><E69/><V114/><F4/><N who="3" m="1439" /><G129/><T100/><D86/><U5/><E5/><V39/><F67/><W102/><G102/><N who="0" m="38955" /><D22/><U75/><E75/><V121/><F46/><W115/><G115/><T107/><D107/><U7/><E7/><V30/><F121/><W45/><G45/><T101/><D55/><U40/><E40/><V42/><F42/><W65/><G65/><T44/><D44/><U35/><E35/><V68/><F114/><W79/><G79/><T21/><D21/><U10/><E10/><N who="0" m="4201" /><D101/><U27/><REACH who="1" step="1"/><E29/><REACH who="1" ten="227,233,243,287" step="2"/><V123/><F30/><W89/><G74/><T108/><D108/><U61/><E61/><AGARI ba="0,1" hai="20,26,31,52,56,61,96,98" m="4201,38955" machi="61" ten="30,2000,0" yaku="8,1,54,1" doraHai="126" who="0" fromWho="1" sc="227,30,233,-20,243,0,287,0" /><INIT seed="2,0,0,4,4,122" ten="257,213,243,287" oya="2" hai0="14,113,109,38,28,74,52,34,116,31,103,98,58" hai1="112,16,20,92,125,53,63,89,57,88,83,134,5" hai2="133,70,87,131,30,100,71,2,32,124,17,36,64" hai3="55,41,132,46,84,7,68,99,56,61,37,67,27"/><V135/><F36/><W1/><G132/><N who="2" m="50761" /><F2/><W127/><G127/><T121/><D121/><U11/><E134/><V49/><F124/><W73/><G84/><T26/><D113/><U81/><E125/><V117/><F117/><W110/><G27/><T60/><D74/><U15/><E112/><V79/><F131/><W120/><G99/><T19/><D116/><U123/><E123/><V66/><F100/><W107/><G107/><T50/><D38/><U76/><E76/><V80/><F17/><W96/><G96/><T35/><D109/><U94/><E94/><V6/><F6/><W3/><G120/><T126/><D126/><U42/><E42/><V62/><F49/><N who="3" m="30831" /><G7/><T90/><D90/><N who="1" m="34923" /><E92/><V8/><F8/><W51/><G110/><T95/><D31/><U102/><E102/><V59/><F64/><W43/><G73/><T54/><D34/><U69/><E69/><N who="2" m="26123" /><F30/><W108/><G108/><T13/><REACH who="0" step="1"/><D19/><REACH who="0" ten="247,213,243,287" step="2"/><U39/><E39/><V29/><F29/><W105/><G37/><T106/><D106/><U104/><E104/><V9/><F32/><W33/><G33/><T47/><AGARI ba="0,1" hai="13,14,26,28,35,47,50,52,54,58,60,95,98,103" machi="47" ten="20,5200,0" yaku="1,1,0,1,7,1,54,1,53,0" doraHai="122" doraHaiUra="4" who="0" fromWho="0" sc="247,62,213,-13,243,-26,287,-13" /><INIT seed="3,0,0,3,4,36" ten="309,200,217,274" oya="3" hai0="11,86,98,55,14,105,42,10,54,79,103,114,90" hai1="120,39,91,133,99,52,62,97,72,106,116,58,27" hai2="5,92,117,35,0,65,53,111,59,16,115,102,124" hai3="78,22,123,4,49,41,48,70,61,46,7,69,88"/><W20/><G123/><T104/><D104/><U121/><E72/><V126/><F117/><W100/><G78/><T47/><D79/><U29/><E116/><V21/><F35/><W128/><G100/><T125/><D10/><U56/><E39/><V109/><F65/><W74/><G74/><T82/><D125/><N who="2" m="48234" /><F115/><W77/><G77/><T57/><D57/><U2/><E2/><V33/><F33/><W43/><G88/><T31/><D31/><U9/><E133/><V18/><F5/><W66/><G128/><T50/><D114/><U28/><E9/><V122/><F0/><W113/><G113/><T85/><D85/><U84/><E58/><V8/><F122/><W101/><G101/><T110/><D110/><N who="2" m="41994" /><F8/><W119/><G119/><T37/><D37/><U64/><E64/><V83/><F83/><W13/><G70/><T34/><D34/><U135/><E135/><V71/><F71/><W107/><G107/><T19/><AGARI ba="0,0" hai="11,14,19,42,47,50,54,55,82,86,90,98,103,105" machi="19" ten="20,2700,0" yaku="0,1,7,1,52,1" doraHai="36" who="0" fromWho="0" sc="309,27,200,-7,217,-7,274,-13" owari="336,43.6,193,-30.7,210,-19.0,261,6.1" /></mjloggm>