<mjloggm ver="2.3"><GO type="225" lobby="0"/><UN n0="%47%32%E9%BE%8D%E9%96%80" n1="%E3%81%AF%E3%82%88%E3%81%8A%E3%81%98%E3%81%95%E3%82%93" n2="%6D%75%75%6D%75%72%61" n3="%E2%91%A3%E9%81%BF%E9%81%8A%E6%88%AF%E3%80%90%E6%9D%B1%E5%8D%97%E3%80%91" dan="16,16,17,16" rate="2096.12,2137.99,2187.24,2140.69" sx="M,M,F,M"/><TAIKYOKU oya="0"/><INIT seed="0,0,0,3,1,41" ten="250,250,250,250" oya="0" hai0="10,54,132,3,118,89,18,25,131,133,69,39,58" hai1="104,129,87,92,101,72,83,108,43,50,40,112,59" hai2="55,52,33,81,91,76,45,75,107,11,44,7,16" hai3="94,120,134,123,135,14,64,4,63,115,84,102,78"/><T73/><D118/><U109/><E129/><V85/><F33/><W122/><G4/><T111/><D69/><U0/><E0/><V32/><F32/><W119/><G14/><T5/><D73/><U31/><E31/><V13/><F107/><W98/><G63/><T71/><D71/><U127/><E127/><V6/><F75/><W21/><G64/><T93/><D39/><U126/><E126/><V74/><F74/><W77/><G21/><T35/><D131/><U61/><E112/><V67/><F67/><W79/><G119/><T62/><D111/><N who="1" m="42571" /><E104/><V128/><F76/><N who="3" m="29291" /><G115/><T24/><D35/><U22/><E22/><V82/><F82/><AGARI ba="0,0" hai="79,82,84,94,98,102,120,122,123,134,135" m="29291" machi="82" ten="40,5200,0" yaku="13,1,34,2" doraHai="41" who="3" fromWho="2" sc="250,0,250,0,250,-52,250,52" /><INIT seed="1,0,0,2,2,126" ten="250,250,198,302" oya="1" hai0="54,15,111,60,94,89,40,106,77,70,120,43,16" hai1="74,41,92,48,34,122,80,10,84,135,62,132,56" hai2="78,97,86,59,81,72,107,37,22,38,105,47,128" hai3="29,50,33,27,127,23,39,96,42,118,5,121,101"/><U66/><E122/><V75/><F107/><W28/><G121/><T110/><D106/><U64/><E34/><V116/><F116/><W90/><G118/><T82/><D120/><U131/><E10/><V46/><F75/><W35/><G127/><T0/><D0/><U113/><E113/><V18/><F59/><W130/><G90/><T26/><D26/><U55/><E92/><V25/><F72/><W21/><G5/><T13/><D54/><U20/><E20/><V88/><F128/><W30/><G39/><T115/><D13/><U8/><E8/><V71/><F71/><W65/><G130/><T14/><D14/><U117/><E74/><V79/><F79/><W7/><G7/><T32/><D32/><U67/><E117/><V87/><F37/><W31/><G65/><T53/><D53/><U91/><E131/><V124/><F38/><W51/><G42/><T123/><D115/><U11/><E11/><V125/><F125/><W108/><G35/><T100/><D100/><U24/><E24/><V109/><F109/><N who="0" m="41482" /><D123/><U36/><E36/><V93/><REACH who="2" step="1"/><F124/><REACH who="2" ten="250,250,188,302" step="2"/><W129/><G129/><T104/><D104/><U102/><E135/><V85/><F85/><W68/><G68/><T1/><D77/><U63/><E132/><V44/><F44/><W19/><G108/><T3/><D70/><U98/><E63/><V6/><F6/><W57/><G57/><T17/><D60/><U133/><E133/><V45/><F45/><W119/><G119/><T103/><D1/><U76/><E76/><V69/><F69/><W4/><G4/><T95/><D3/><RYUUKYOKU ba="0,1" sc="250,-10,250,-10,188,30,302,-10" hai2="18,22,25,46,47,78,81,86,87,88,93,97,105" /><INIT seed="2,1,1,0,4,106" ten="240,240,218,292" oya="2" hai0="40,91,102,53,101,133,74,69,64,58,89,2,128" hai1="61,37,116,46,33,48,105,100,36,14,10,92,119" hai2="11,66,77,68,7,27,5,55,123,35,50,96,111" hai3="115,83,34,109,118,135,104,41,63,97,42,93,17"/><V73/><F123/><W108/><G118/><T79/><D2/><U6/><E105/><V76/><F111/><W86/><G104/><T122/><D122/><U52/><E33/><V80/><F77/><W88/><G34/><T121/><D121/><U8/><E61/><V98/><F68/><W124/><G115/><T29/><D128/><U112/><E112/><V26/><F66/><W45/><G124/><T54/><D133/><U9/><E9/><V90/><F5/><W117/><G135/><T113/><D40/><U126/><E126/><V57/><F90/><W95/><G117/><T3/><D3/><U70/><E70/><V99/><REACH who="2" step="1"/><F35/><REACH who="2" ten="240,240,208,292" step="2"/><W130/><G108/><T12/><D69/><U25/><E119/><V13/><AGARI ba="1,2" hai="7,11,13,26,27,50,55,57,73,76,80,96,98,99" machi="13" ten="30,11700,0" yaku="1,1,2,1,0,1,52,1,53,0" doraHai="106" doraHaiUra="59" who="2" fromWho="2" sc="240,-40,240,-40,208,140,292,-40" /><INIT seed="2,2,0,1,5,55" ten="200,200,348,252" oya="2" hai0="77,108,119,26,76,27,65,9,87,120,80,1,95" hai1="42,39,13,62,106,67,103,128,29,38,74,40,28" hai2="66,88,5,116,57,54,37,44,63,59,58,3,71" hai3="82,75,31,135,97,99,18,10,20,117,89,81,98"/><V23/><F116/><W41/><G117/><T69/><D119/><U35/><E74/><V93/><F23/><W111/><G111/><T96/><D120/><U56/><E128/><V11/><F37/><W47/><G135/><T53/><D108/><U73/><E73/><V50/><REACH who="2" step="1"/><F71/><REACH who="2" ten="200,200,338,252" step="2"/><W102/><G102/><T52/><D69/><U90/><E39/><V105/><F105/><W127/><G127/><T123/><D123/><U132/><E38/><V25/><F25/><W12/><G75/><T34/><D26/><U122/><E122/><V100/><F100/><W0/><G31/><T125/><D27/><U30/><E35/><V46/><F46/><W2/><G47/><T92/><D34/><U110/><E110/><V112/><F112/><W49/><G20/><T45/><D45/><U14/><E132/><V22/><F22/><W78/><G41/><N who="1" m="15978" /><E106/><V48/><F48/><W68/><G49/><T101/><D125/><U107/><E107/><V36/><F36/><W32/><G68/><T24/><D24/><U91/><E103/><V109/><F109/><W129/><G32/><T21/><D21/><U17/><E30/><V6/><F6/><W79/><G129/><T124/><D124/><U104/><E104/><V8/><F8/><W121/><G121/><T61/><D9/><U86/><E17/><V4/><F4/><W70/><G70/><T83/><D101/><U64/><E29/><V118/><F118/><W130/><G130/><T131/><D131/><U16/><E28/><V113/><F113/><W72/><G10/><T84/><D61/><N who="1" m="37927" /><E16/><V60/><F60/><RYUUKYOKU ba="2,1" sc="200,-10,200,-10,338,30,252,-10" hai2="3,5,11,44,50,54,57,58,59,63,66,88,93" /><INIT seed="2,3,1,5,1,63" ten="190,190,368,242" oya="2" hai0="97,109,99,73,112,117,7,65,45,115,27,17,110" hai1="61,19,104,85,101,62,129,125,64,82,81,93,28" hai2="47,132,40,120,67,111,123,103,71,116,76,80,135" hai3="36,108,92,48,14,86,84,57,38,33,100,74,16"/><V20/><F116/><W106/><G74/><T1/><D73/><U69/><E125/><V0/><F0/><W79/><G33/><T133/><D45/><U52/><E129/><V126/><F126/><W113/><G113/><N who="0" m="43595" /><D65/><U55/><E28/><V54/><F103/><W26/><G106/><T107/><D107/><U13/><E104/><V12/><F54/><W32/><G57/><T131/><D131/><U58/><E55/><V53/><F53/><W78/><G48/><T5/><D117/><U56/><E69/><V21/><F12/><W121/><G121/><T43/><D43/><U46/><E46/><V59/><F59/><W87/><G108/><N who="0" m="41579" /><D133/><U98/><REACH who="1" step="1"/><E85/><REACH who="1" ten="190,180,368,242" step="2"/><V51/><F111/><W75/><G86/><T29/><D29/><U68/><E68/><V114/><F114/><W41/><G87/><T37/><D37/><U118/><E118/><V50/><F123/><W72/><G84/><T8/><D7/><U10/><AGARI ba="3,2" hai="10,13,19,52,56,58,61,62,64,81,82,93,98,101" machi="10" ten="20,12000,2" yaku="1,1,0,1,7,1,8,1,52,1,54,1,53,0" doraHai="63" doraHaiUra="18" who="1" fromWho="1" sc="190,-33,180,149,368,-63,242,-33" /><INIT seed="3,0,0,1,4,30" ten="157,329,305,209" oya="3" hai0="0,127,23,32,105,10,98,16,74,43,15,45,85" hai1="42,91,131,27,101,18,125,121,63,102,132,68,129" hai2="38,109,103,117,84,51,83,78,20,13,79,50,70" hai3="14,114,73,130,75,65,90,96,54,82,52,57,25"/><W48/><G114/><T19/><D127/><U88/><E121/><V133/><F38/><W3/><G3/><T81/><D74/><U67/><E125/><V40/><F70/><W61/><G130/><N who="1" m="49674" /><E132/><V37/><F117/><W115/><G115/><T113/><D113/><U53/><E42/><V92/><F109/><W26/><G54/><T119/><D119/><U59/><E18/><V33/><F133/><W34/><G34/><T39/><D0/><U29/><E101/><V24/><F79/><W44/><G75/><T76/><D32/><N who="1" m="20543" /><E102/><V135/><F135/><W31/><G31/><T28/><D28/><U5/><E5/><V9/><F33/><W95/><G73/><T22/><REACH who="0" step="1"/><D19/><REACH who="0" ten="147,329,305,209" step="2"/><U97/><E97/><V47/><F103/><AGARI ba="0,1" hai="10,15,16,22,23,39,43,45,76,81,85,98,103,105" machi="103" ten="40,8000,1" yaku="1,1,2,1,54,1,53,2" doraHai="30" doraHaiUra="17" who="0" fromWho="2" sc="147,90,329,0,305,-80,209,0" owari="237,3.7,329,42.9,225,-17.5,209,-29.1" /></mjloggm>