<mjloggm ver="2.3"><GO type="225" lobby="0"/><UN n0="%E3%82%B2%E3%82%B9%E8%8C%82%E5%8B%9D" n1="%E3%81%A8%E3%82%93%E3%81%A8%E3%81%93%E3%81%A8%E3%82%93" n2="%E5%8F%AF%E5%85%90%E9%82%A3%E7%94%B1%E5%A4%9A" n3="%E5%B0%8F%E9%B3%A5%E9%81%8A%E7%B7%B4%E7%84%A1%32%31%E6%AD%B3" dan="16,16,17,16" rate="2044.02,2145.45,2240.55,2162.27" sx="F,M,F,F"/><TAIKYOKU oya="0"/><INIT seed="0,0,0,0,3,97" ten="250,250,250,250" oya="0" hai0="51,60,135,105,129,103,24,126,47,106,81,134,29" hai1="15,40,63,128,133,71,109,22,61,23,83,119,117" hai2="44,13,68,42,18,78,12,120,82,89,19,43,16" hai3="80,116,73,121,55,6,67,92,45,108,77,107,91"/><T99/><D126/><U28/><E109/><V49/><F120/><W84/><G116/><T21/><D129/><U54/><E128/><V50/><F68/><W27/><G108/><T123/><D123/><U25/><E133/><N who="0" m="50697" /><D60/><U112/><E40/><V41/><F89/><W130/><G130/><T4/><D81/><U96/><E112/><V3/><F3/><W93/><G121/><T102/><D4/><U122/><E122/><V70/><F70/><W11/><G67/><T52/><D99/><U36/><E96/><V46/><REACH who="2" step="1"/><F43/><REACH who="2" ten="250,250,240,250" step="2"/><W56/><G91/><T72/><D72/><AGARI ba="0,1" hai="12,13,16,18,19,41,42,44,46,49,50,72,78,82" machi="72" ten="40,8000,1" yaku="1,1,2,1,9,1,54,1,53,0" doraHai="97" doraHaiUra="131" who="2" fromWho="0" sc="250,-80,250,0,240,90,250,0" /><INIT seed="1,0,0,3,5,126" ten="170,250,330,250" oya="1" hai0="41,63,22,58,12,6,10,86,74,127,111,92,90" hai1="40,95,64,23,18,73,122,31,131,103,109,29,82" hai2="21,124,70,32,0,101,30,104,94,83,66,118,106" hai3="27,50,19,98,26,11,1,24,59,62,56,52,108"/><U36/><E122/><V53/><F118/><W97/><G108/><T46/><D111/><U17/><E109/><V99/><F124/><W15/><REACH who="3" step="1"/><G1/><REACH who="3" ten="170,250,330,240" step="2"/><T71/><D127/><U89/><E131/><V76/><F0/><W120/><G120/><T33/><D33/><U44/><E103/><V123/><F32/><W80/><G80/><T117/><D117/><U116/><E116/><V91/><F123/><W81/><G81/><T43/><D74/><U69/><E82/><V48/><F101/><W84/><G84/><T105/><D105/><U72/><E73/><V67/><F83/><W16/><G16/><T134/><D134/><U28/><E72/><V87/><F87/><W78/><G78/><T102/><D102/><U100/><E100/><V112/><F76/><W5/><G5/><T128/><D128/><U121/><E121/><V47/><F104/><W35/><G35/><T110/><D110/><U77/><E77/><V55/><F106/><W54/><AGARI ba="0,1" hai="11,15,19,24,26,27,50,52,54,56,59,62,97,98" machi="54" ten="30,12000,2" yaku="1,1,0,1,8,1,54,1,53,2" doraHai="126" doraHaiUra="93" who="3" fromWho="3" sc="170,-30,250,-60,330,-30,240,130" /><INIT seed="2,0,0,4,3,134" ten="140,190,300,370" oya="2" hai0="0,78,8,4,57,73,63,92,102,12,98,85,19" hai1="39,87,50,94,5,77,68,29,89,14,52,88,47" hai2="117,27,103,108,17,120,122,111,125,64,1,41,91" hai3="86,112,6,104,99,61,70,44,30,18,67,69,118"/><V24/><F117/><W23/><G118/><T106/><D73/><U60/><E39/><V58/><F103/><W62/><G6/><T22/><D78/><U110/><E110/><N who="2" m="42027" /><F1/><W76/><G30/><T2/><D85/><N who="1" m="52495" /><E68/><V51/><F125/><W43/><G112/><T36/><D36/><U95/><E29/><V59/><F91/><W48/><G104/><T75/><D75/><U127/><E127/><V35/><F35/><W32/><G99/><T38/><D38/><U126/><E126/><V123/><F17/><W13/><G32/><T65/><REACH who="0" step="1"/><D106/><REACH who="0" ten="130,190,300,370" step="2"/><U131/><E131/><V37/><F37/><W124/><G124/><T96/><D96/><U105/><E105/><V97/><F97/><W3/><G76/><T116/><D116/><U16/><E77/><V129/><F129/><W71/><G86/><T135/><D135/><U74/><E74/><V107/><F107/><W100/><G3/><AGARI ba="0,1" hai="0,2,3,4,8,12,19,22,57,63,65,92,98,102" machi="3" ten="30,2000,0" yaku="1,1,7,1,53,0" doraHai="134" doraHaiUra="119" who="0" fromWho="3" sc="130,30,190,0,300,0,370,-20" /><INIT seed="3,0,0,3,1,15" ten="160,190,300,350" oya="3" hai0="120,43,104,35,121,81,19,42,3,20,66,117,22" hai1="134,135,91,78,130,80,93,40,0,23,13,46,71" hai2="105,7,31,5,86,90,53,63,118,99,131,83,27" hai3="94,25,8,34,16,84,132,125,2,4,61,76,12"/><W103/><G132/><N who="1" m="50730" /><E0/><V47/><F118/><W32/><G125/><T59/><D104/><U85/><E71/><V28/><F131/><W127/><G127/><T126/><D126/><U123/><E123/><V129/><F129/><W97/><G61/><T21/><D35/><U100/><E100/><V133/><F133/><W50/><G50/><T95/><D3/><U69/><E69/><V108/><F108/><W30/><G84/><T17/><D117/><U70/><E70/><V6/><F105/><W26/><G76/><T39/><D39/><N who="1" m="21791" /><E130/><V77/><F27/><W68/><G68/><T114/><D114/><U65/><E65/><V14/><F14/><W75/><G75/><T110/><D110/><U1/><E1/><V112/><F112/><W29/><G2/><T55/><D66/><U74/><E13/><V122/><F122/><W9/><G9/><T98/><D120/><U73/><E23/><V62/><F62/><W44/><G44/><T11/><D121/><U36/><E36/><V37/><F37/><W57/><G57/><T49/><D81/><U119/><E119/><V51/><REACH who="2" step="1"/><F63/><REACH who="2" ten="160,190,290,350" step="2"/><W24/><G26/><T124/><D124/><U82/><E73/><V52/><F52/><W111/><G111/><T54/><D55/><U109/><E109/><V116/><F116/><W72/><G25/><T64/><D64/><U88/><E74/><V107/><F107/><W56/><G72/><T18/><D11/><U60/><E60/><V45/><F45/><W115/><G24/><T89/><AGARI ba="0,1" hai="17,18,19,20,21,22,42,43,49,54,59,89,95,98" machi="89" ten="30,8000,1" yaku="0,1,8,1,52,3" doraHai="15" who="0" fromWho="0" sc="160,90,190,-20,290,-20,350,-40" owari="250,-15.0,170,-33.0,270,7.0,310,41.0" /></mjloggm>