<mjloggm ver="2.3"><GO type="225" lobby="0"/><UN n0="%E3%82%B7%E3%83%B3%E5%A4%AA%E6%9C%97" n1="%E6%A1%9C%E8%8A%B1%E9%96%83%E3%80%85" n2="%E3%81%82%E3%81%99%E3%81%AB%E3%82%83%E3%82%80" n3="%E5%8D%A0%E3%81%84%E5%B8%AB%E8%A3%8F%E3%81%AA%E3%81%84%E3%81%97" dan="16,16,16,17" rate="2145.14,2159.80,2149.09,2160.30" sx="M,M,F,M"/><TAIKYOKU oya="0"/><INIT seed="0,0,0,2,5,120" ten="250,250,250,250" oya="0" hai0="8,58,3,41,93,46,17,127,69,86,15,98,84" hai1="88,24,96,100,115,94,5,20,105,113,102,114,4" hai2="97,12,128,99,50,70,2,60,42,106,116,130,71" hai3="132,16,27,103,123,54,59,48,78,18,29,55,7"/><T9/><D69/><N who="2" m="26122" /><F2/><W38/><G38/><T43/><D127/><U37/><E37/><V126/><F126/><W19/><G132/><T89/><D41/><U32/><E32/><V64/><F12/><W52/><G123/><T75/><D75/><U47/><E47/><N who="2" m="25975" /><F106/><W129/><G129/><N who="2" m="49769" /><F116/><W121/><G121/><T10/><D58/><AGARI ba="0,0" hai="58,60,64,97,99" m="49769,25975,26122" machi="58" ten="30,1000,0" yaku="19,1" doraHai="120" who="2" fromWho="0" sc="250,-10,250,0,250,10,250,0" /><INIT seed="1,0,0,2,5,79" ten="240,250,260,250" oya="1" hai0="101,45,51,98,25,40,133,11,76,134,117,3,66" hai1="27,102,43,135,16,44,108,95,100,24,97,46,65" hai2="10,59,122,125,83,84,49,104,35,7,5,23,103" hai3="87,39,19,37,50,106,38,90,2,26,34,116,105"/><U88/><E135/><N who="0" m="51721" /><D117/><U114/><E114/><V48/><F35/><W109/><G116/><T78/><D66/><U0/><E0/><V86/><F122/><W20/><G109/><T54/><D25/><U118/><E118/><V64/><F125/><W130/><G130/><T81/><D3/><U21/><E108/><V92/><F104/><W41/><G2/><T75/><D78/><U74/><E74/><V30/><F7/><W68/><G68/><T89/><D11/><U63/><E27/><N who="2" m="16767" /><F10/><W53/><G41/><T119/><D89/><U127/><E127/><V121/><F5/><W52/><G34/><T36/><D119/><U120/><E120/><V55/><F64/><W77/><G77/><T14/><D14/><U72/><E72/><V129/><F129/><W58/><REACH who="3" step="1"/><G53/><REACH who="3" ten="240,250,260,240" step="2"/><T107/><D54/><U4/><E4/><V9/><F55/><W8/><G8/><T132/><N who="0" m="51729" /><T80/><DORA hai="126" /><D80/><AGARI ba="0,1" hai="19,20,26,37,38,39,50,52,58,80,87,90,105,106" machi="80" ten="40,12000,2" yaku="1,1,52,1,54,1,53,3" doraHai="79,126" doraHaiUra="60,69" who="3" fromWho="0" sc="240,-120,250,0,260,0,240,130" /><INIT seed="2,0,0,3,3,47" ten="120,250,260,370" oya="2" hai0="23,46,80,95,38,124,35,107,6,19,111,32,24" hai1="25,17,29,3,79,50,97,48,58,89,127,109,133" hai2="26,5,87,31,39,113,125,106,76,85,22,57,40" hai3="11,118,61,7,36,100,83,119,55,20,67,82,41"/><V77/><F113/><W66/><G36/><T4/><D107/><U108/><E127/><V112/><F106/><W65/><G41/><T114/><D124/><U93/><E133/><V86/><F112/><W52/><G100/><T63/><D114/><U122/><E122/><V2/><F125/><W74/><G118/><T116/><D111/><N who="1" m="42571" /><E3/><V78/><F39/><W59/><G119/><T120/><D116/><U34/><E58/><V33/><F40/><W91/><G74/><T84/><D120/><U105/><E79/><V134/><F134/><W1/><G20/><T37/><D95/><U73/><E73/><V88/><F33/><W126/><G126/><T129/><D129/><U43/><E43/><V92/><REACH who="2" step="1"/><F57/><REACH who="2" ten="120,250,250,370" step="2"/><W18/><G59/><T12/><D38/><U54/><E105/><V104/><F104/><W121/><G121/><T30/><D35/><U15/><E54/><V62/><F62/><W14/><G61/><T10/><D63/><U132/><E132/><V99/><F99/><W16/><G55/><T90/><D37/><U102/><E102/><V123/><F123/><W44/><G52/><T8/><D46/><U42/><E42/><V0/><F0/><W21/><G44/><T60/><D60/><U94/><E94/><V9/><AGARI ba="0,1" hai="2,5,9,22,26,31,76,77,78,85,86,87,88,92" machi="9" ten="30,6000,0" yaku="1,1,0,1,54,1,53,0" doraHai="47" doraHaiUra="131" who="2" fromWho="2" sc="120,-20,250,-20,250,70,370,-20" /><INIT seed="2,1,0,2,1,68" ten="100,230,320,350" oya="2" hai0="33,28,31,118,20,44,66,88,67,46,7,101,83" hai1="62,42,133,104,92,13,17,86,4,120,61,97,59" hai2="117,0,58,103,57,41,90,12,134,70,8,45,116" hai3="99,112,29,37,11,38,49,27,2,55,15,131,48"/><V129/><F70/><W23/><G2/><T18/><D118/><U36/><E133/><V75/><F0/><W102/><G131/><T91/><D101/><U126/><E126/><V115/><F115/><W81/><G112/><T30/><D33/><U63/><E104/><V16/><F75/><W77/><G49/><T105/><D105/><U106/><E106/><V14/><F134/><W76/><G99/><T78/><D7/><U47/><E120/><V3/><F3/><W56/><G102/><T85/><D44/><U74/><E74/><V95/><F103/><W110/><G110/><T72/><D46/><U130/><E86/><V69/><F69/><W119/><G119/><T113/><D113/><U10/><E130/><V135/><F135/><W108/><G108/><T39/><D39/><U93/><E17/><V123/><F123/><W51/><G51/><T79/><D72/><U53/><E93/><V35/><F35/><W25/><G25/><T5/><D5/><U107/><E107/><V64/><F129/><W87/><REACH who="3" step="1"/><G76/><REACH who="3" ten="100,230,320,340" step="2"/><T34/><D34/><U82/><REACH who="1" step="1"/><E82/><REACH who="1" ten="100,220,320,340" step="2"/><V124/><F117/><W80/><G80/><T32/><D32/><U9/><E9/><V100/><F8/><W111/><G111/><T89/><REACH who="0" step="1"/><D79/><REACH who="0" ten="90,220,320,340" step="2"/><U71/><E71/><V54/><F116/><W1/><G1/><T84/><D84/><U6/><E6/><AGARI ba="1,3" hai="6,11,15,23,27,29,37,38,48,55,56,77,81,87" machi="6" ten="30,8000,1" yaku="1,1,7,1,52,2,53,1" doraHai="68" doraHaiUra="52" who="3" fromWho="1" sc="90,0,220,-83,320,0,340,113" /><INIT seed="3,0,0,2,2,83" ten="90,137,320,453" oya="3" hai0="58,105,73,78,113,29,135,72,70,35,96,81,30" hai1="23,44,123,94,107,110,87,112,118,13,100,124,75" hai2="59,37,125,50,134,39,9,132,97,55,133,84,99" hai3="38,90,21,42,131,46,8,12,53,120,0,60,47"/><W11/><G120/><T93/><D135/><U22/><E112/><V62/><F125/><W116/><G116/><T101/><D113/><U36/><E75/><V129/><F129/><W92/><G0/><T128/><D128/><U108/><E123/><V69/><F9/><W24/><G131/><T61/><D70/><U56/><E124/><V40/><F99/><N who="3" m="57751" /><G12/><T111/><D111/><N who="1" m="42539" /><E118/><V95/><F97/><W7/><G7/><T2/><D2/><U122/><E122/><V114/><F114/><W65/><G65/><T77/><D35/><U27/><E107/><V51/><F95/><W68/><G68/><T126/><D126/><U104/><E104/><V115/><F115/><W130/><G46/><T16/><D105/><U121/><E13/><V43/><F84/><W52/><G53/><T67/><REACH who="0" step="1"/><D16/><REACH who="0" ten="80,137,320,453" step="2"/><U64/><E121/><V71/><F69/><W88/><G130/><T119/><D119/><U74/><E22/><V54/><F71/><W91/><G8/><T17/><D17/><U1/><E23/><V63/><F134/><W28/><G11/><T89/><D89/><U15/><E1/><V6/><F6/><W80/><G80/><AGARI ba="0,1" hai="29,30,58,61,67,72,73,77,78,80,81,93,96,101" machi="80" ten="40,2600,0" yaku="1,1,9,1,53,0" doraHai="83" doraHaiUra="31" who="0" fromWho="3" sc="80,36,137,0,320,0,453,-26" owari="116,-38.4,137,-26.3,320,12.0,427,52.7" /></mjloggm>