<mjloggm ver="2.3"><GO type="225" lobby="0"/><UN n0="%E3%81%BF%E3%81%BF%E3%81%9A" n1="%6D%75%75%6D%75%72%61" n2="%E3%81%95%E3%81%8D%E3%81%9F%E3%81%BE%E6%9E%97%E6%AA%8E" n3="%E3%81%86%E3%82%8C%E3%81%9F%E3%82%93%E6%9E%95" dan="17,16,16,16" rate="2247.87,2143.80,2124.68,2173.49" sx="M,F,M,F"/><TAIKYOKU oya="0"/><INIT seed="0,0,0,2,3,68" ten="250,250,250,250" oya="0" hai0="114,90,4,16,7,88,101,50,71,120,55,99,0" hai1="65,59,104,73,72,42,1,11,66,53,67,51,113" hai2="10,49,80,19,44,118,43,91,102,45,74,93,24" hai3="105,27,8,112,85,48,121,100,131,62,15,13,92"/><T122/><D114/><U26/><E113/><V82/><F118/><W81/><G112/><T52/><D71/><U111/><E111/><V86/><F74/><W119/><G119/><T23/><D122/><U116/><E116/><V108/><F108/><W115/><G131/><T124/><D124/><U9/><E104/><V28/><F102/><W39/><G105/><T25/><D120/><U34/><E42/><V134/><F134/><W35/><G62/><T76/><D76/><U2/><E34/><V117/><F117/><W18/><G48/><T106/><D55/><U17/><E26/><V54/><F10/><W31/><G121/><T6/><REACH who="0" step="1"/><D0/><REACH who="0" ten="240,250,250,250" step="2"/><U33/><E2/><V98/><F54/><W36/><G115/><T130/><D130/><U57/><E53/><V22/><F28/><W123/><G123/><T64/><D64/><U30/><E67/><V128/><F128/><W20/><G100/><T83/><D83/><U61/><E66/><V21/><F82/><W38/><G92/><T127/><D127/><U41/><E41/><BYE who="1" /><UN n1="%6D%75%75%6D%75%72%61" /><V110/><F110/><W60/><G60/><T89/><D89/><U103/><E61/><V14/><F43/><W133/><G133/><T84/><D84/><U46/><E65/><V78/><F49/><W94/><G94/><T107/><D107/><U125/><E51/><V63/><F63/><W79/><REACH who="3" step="1"/><G39/><REACH who="3" ten="240,250,250,240" step="2"/><T40/><D40/><U37/><E125/><V109/><F109/><W29/><G29/><T70/><D70/><U32/><E30/><V56/><F56/><AGARI ba="0,2" hai="4,6,7,16,23,25,50,52,56,88,90,99,101,106" machi="56" ten="40,12000,1" yaku="1,1,54,3,53,0" doraHai="68" doraHaiUra="5" who="0" fromWho="2" sc="240,140,250,0,250,-120,240,0" /><INIT seed="0,1,0,1,2,94" ten="380,250,130,240" oya="0" hai0="76,69,23,9,91,47,134,26,5,43,10,39,135" hai1="74,35,81,3,70,115,42,107,124,105,122,125,19" hai2="11,90,129,40,1,75,126,7,53,44,121,8,132" hai3="36,16,79,102,28,57,65,116,84,38,29,33,88"/><T37/><D69/><U85/><E122/><V87/><F121/><W45/><G116/><T130/><D130/><U117/><E117/><V51/><F129/><W14/><G102/><T61/><D76/><U120/><E120/><V12/><F132/><N who="0" m="50730" /><D61/><U48/><E74/><V98/><F126/><W41/><G79/><T109/><D109/><U54/><E70/><V32/><F32/><W15/><G36/><N who="0" m="21991" /><D91/><U63/><E63/><V34/><F34/><W101/><G101/><T99/><D99/><U119/><E35/><V123/><F123/><W59/><G65/><T55/><D55/><U31/><E54/><V27/><F75/><W100/><G100/><T127/><D127/><U4/><E85/><V68/><F68/><W62/><G62/><T80/><D80/><U6/><E81/><V93/><F87/><W71/><G71/><T64/><D64/><U86/><E86/><V113/><F113/><W118/><G118/><T110/><D110/><U112/><E119/><V60/><F60/><W66/><G66/><T108/><D108/><U73/><E73/><V56/><F40/><W95/><G33/><T128/><D128/><U25/><E42/><V21/><F44/><W82/><G82/><T13/><D10/><U2/><E115/><V104/><F104/><W111/><G111/><T106/><D106/><U78/><E112/><V89/><F89/><W17/><G59/><T92/><D92/><U131/><E124/><V24/><F11/><N who="3" m="6239" /><G57/><T49/><D49/><U96/><E125/><V22/><F1/><N who="1" m="9" /><E131/><V0/><F0/><W58/><G58/><T103/><D103/><RYUUKYOKU ba="1,0" sc="380,10,250,-30,130,10,240,10" hai0="5,9,13,23,26,37,39" hai2="7,8,12,21,22,24,27,51,53,56,90,93,98" hai3="15,17,28,29,38,41,45,84,88,95" /><INIT seed="0,2,0,1,3,112" ten="390,220,140,250" oya="0" hai0="18,48,22,10,53,26,94,28,44,38,90,79,56" hai1="34,96,14,74,12,115,8,16,127,54,39,99,110" hai2="120,65,134,25,92,135,105,78,95,87,70,42,46" hai3="35,62,36,47,114,31,122,80,133,52,13,76,72"/><T107/><D107/><U98/><E34/><V40/><F105/><W116/><G114/><T111/><D111/><U0/><E115/><V82/><F120/><W106/><G116/><T81/><D38/><U49/><E39/><V51/><F42/><W23/><G106/><T86/><D10/><U117/><E127/><V121/><F121/><W60/><G133/><N who="2" m="50697" /><F25/><W109/><G109/><T1/><D1/><U73/><E117/><V69/><F65/><W93/><G122/><T88/><D28/><U50/><E0/><V108/><F108/><W84/><G35/><T119/><D119/><U5/><E110/><V126/><F126/><W20/><G36/><T6/><D6/><U91/><E91/><V64/><F64/><W75/><G31/><T24/><D24/><U45/><REACH who="1" step="1"/><E50/><REACH who="1" ten="390,210,140,250" step="2"/><V102/><F102/><W15/><G62/><T123/><D123/><U33/><E33/><V89/><F92/><W63/><G93/><T17/><D17/><U3/><E3/><V9/><F9/><AGARI ba="2,1" hai="5,8,9,12,14,16,45,49,54,73,74,96,98,99" machi="9" ten="40,2600,0" yaku="1,1,54,1,53,0" doraHai="112" doraHaiUra="55" who="1" fromWho="2" sc="390,0,210,42,140,-32,250,0" /><INIT seed="1,0,0,2,1,92" ten="390,252,108,250" oya="1" hai0="62,54,123,35,22,70,116,37,124,107,12,4,117" hai1="131,72,27,59,43,77,65,68,44,1,9,100,108" hai2="135,28,111,0,114,42,127,118,113,67,48,66,30" hai3="11,71,17,96,98,86,130,90,122,93,121,31,110"/><U83/><E131/><V49/><F0/><W8/><G71/><T24/><D123/><U129/><E129/><V3/><F3/><W120/><G130/><T36/><D107/><U10/><E68/><V33/><F33/><W21/><G110/><T46/><D35/><U38/><E10/><V95/><F118/><W134/><G134/><T82/><D82/><U7/><E108/><V125/><F42/><W5/><G31/><N who="2" m="11817" /><F111/><W99/><REACH who="3" step="1"/><G5/><REACH who="3" ten="390,252,108,240" step="2"/><T81/><D70/><U39/><E7/><V25/><F135/><W126/><G126/><N who="2" m="48137" /><F25/><AGARI ba="0,1" hai="8,11,17,21,25,86,90,93,96,98,99,120,121,122" machi="25" ten="50,8000,1" yaku="1,1,52,3,53,1" doraHai="92" doraHaiUra="84" who="3" fromWho="2" sc="390,0,252,0,108,-80,240,90" /><INIT seed="2,0,0,5,1,105" ten="390,252,28,330" oya="2" hai0="14,94,135,95,37,21,43,127,102,18,75,117,54" hai1="98,79,82,7,99,41,2,28,93,61,8,24,66" hai2="20,53,90,115,132,118,33,81,72,84,32,30,91" hai3="107,76,130,4,57,114,16,3,129,48,44,29,100"/><V60/><F115/><W51/><G114/><T96/><D127/><U67/><E41/><V126/><F118/><W83/><G29/><T15/><D117/><U89/><E99/><V85/><F126/><W5/><G100/><T40/><D135/><U113/><E113/><V38/><F132/><W77/><G107/><T58/><D75/><U11/><E11/><V39/><F20/><W36/><G36/><T108/><D108/><U121/><E121/><V134/><F134/><W71/><G71/><T119/><D119/><U103/><E89/><V80/><F30/><W73/><G77/><T9/><D95/><U68/><E61/><V52/><REACH who="2" step="1"/><F60/><REACH who="2" ten="390,252,18,330" step="2"/><W111/><G111/><T110/><D110/><U1/><E28/><V62/><F62/><W104/><G130/><T125/><D125/><U17/><E68/><V19/><F19/><W87/><G129/><T88/><D37/><U27/><E17/><V74/><AGARI ba="0,1" hai="32,33,38,39,52,53,72,74,80,81,84,85,90,91" machi="74" ten="25,18000,2" yaku="1,1,0,1,22,2,52,2,54,1,53,0" doraHai="105" doraHaiUra="22" who="2" fromWho="2" sc="390,-60,252,-60,18,190,330,-60" /><INIT seed="2,1,0,2,0,5" ten="330,192,208,270" oya="2" hai0="20,24,57,62,130,83,18,32,22,85,117,101,105" hai1="118,126,12,102,23,10,89,72,13,97,73,25,71" hai2="84,132,50,26,106,78,75,8,121,65,76,56,52" hai3="60,70,91,39,30,123,17,44,15,51,87,82,36"/><V49/><F121/><W120/><G123/><T14/><D32/><U90/><E118/><V100/><F75/><W61/><G120/><T92/><D130/><U88/><E71/><V103/><F106/><W112/><G112/><T46/><D117/><U6/><E13/><V28/><F132/><W48/><G30/><T99/><D46/><U9/><E9/><V135/><F135/><W69/><G69/><T41/><D41/><U59/><E59/><V98/><F65/><W114/><G114/><T66/><D105/><U104/><REACH who="1" step="1"/><E126/><REACH who="1" ten="330,182,208,270" step="2"/><V54/><F8/><W111/><G70/><T134/><D134/><U2/><E2/><V96/><F26/><W124/><G124/><T29/><D14/><U115/><E115/><V7/><F7/><W67/><G15/><T109/><D109/><U81/><E81/><V45/><F28/><AGARI ba="1,1" hai="6,10,12,23,25,28,72,73,88,89,90,97,102,104" machi="28" ten="40,5200,0" yaku="1,1,52,1,54,1,53,0" doraHai="5" doraHaiUra="35" who="1" fromWho="2" sc="330,0,182,65,208,-55,270,0" /><INIT seed="3,0,0,4,2,105" ten="330,247,153,270" oya="3" hai0="102,53,38,92,27,95,82,135,115,40,87,116,113" hai1="89,58,7,110,91,3,18,31,124,50,11,70,49" hai2="77,130,41,45,86,30,56,84,97,5,33,131,88" hai3="59,127,46,125,119,37,24,96,1,120,132,35,47"/><W112/><G119/><T104/><D116/><U68/><E110/><V66/><F5/><W43/><G120/><T98/><D135/><U10/><E31/><V6/><F6/><W65/><G1/><T85/><D53/><U73/><E124/><V100/><F33/><W9/><G9/><T122/><D122/><U54/><E49/><V20/><F77/><W106/><G96/><T39/><D27/><U23/><E11/><V19/><F30/><W72/><G112/><N who="0" m="43083" /><D85/><U8/><E8/><V75/><F75/><W90/><G106/><T48/><D48/><U79/><E79/><V62/><F86/><W103/><G90/><N who="0" m="51575" /><D40/><U51/><E51/><V76/><F76/><W74/><G24/><T32/><D32/><U118/><E73/><V12/><F97/><W29/><G35/><T52/><D52/><U55/><E55/><V101/><F131/><W117/><G117/><T64/><D64/><U133/><E118/><V13/><F130/><W107/><G132/><T123/><D123/><U22/><E70/><V28/><F28/><W4/><G29/><T80/><D80/><U34/><E68/><V2/><F2/><W78/><G47/><T36/><AGARI ba="0,0" hai="36,38,39,92,95,98,102,104" m="51575,43083" machi="36" ten="40,1500,0" yaku="11,1" doraHai="105" who="0" fromWho="0" sc="330,15,247,-4,153,-4,270,-7" owari="345,44.5,243,-15.7,149,-35.1,263,6.3" /></mjloggm>