<mjloggm ver="2.3"><GO type="225" lobby="0"/><UN n0="%E3%83%A9%E3%82%A4%E3%83%B3%E3%81%AE%E8%99%8E" n1="%E5%8D%A0%E3%81%84%E5%B8%AB%E8%A3%8F%E3%81%AA%E3%81%84%E3%81%97" n2="%6D%75%75%73%61%6E%6D%75" n3="%E5%91%A8%E6%9D%B1" dan="16,17,16,17" rate="2133.45,2181.55,2078.33,2157.75" sx="M,M,F,M"/><TAIKYOKU oya="0"/><INIT seed="0,0,0,0,3,120" ten="250,250,250,250" oya="0" hai0="89,92,15,91,60,93,113,86,117,9,58,28,131" hai1="121,109,99,13,133,78,104,36,118,74,75,37,24" hai2="45,64,23,6,69,130,56,94,25,65,116,39,52" hai3="119,1,127,50,20,11,128,112,101,71,42,30,5"/><T126/><D126/><U17/><E121/><V7/><F130/><W53/><G127/><T107/><D131/><U55/><E118/><V21/><F69/><W84/><G128/><T114/><D107/><U16/><E133/><V110/><F116/><W54/><G119/><T134/><D134/><U77/><E24/><V88/><F110/><W83/><G71/><T49/><D49/><U108/><E55/><V0/><F0/><W70/><G70/><T105/><D105/><U79/><E104/><V57/><F39/><N who="1" m="14921" /><E99/><N who="2" m="57799" /><F45/><W47/><G112/><T73/><D73/><N who="1" m="27659" /><E13/><V111/><F111/><AGARI ba="0,0" hai="16,17,77,78,79,108,109,111" m="27659,14921" machi="111" ten="40,12000,2" yaku="28,2,14,1,52,3,54,1" doraHai="120" who="1" fromWho="2" sc="250,0,250,120,250,-120,250,0" /><INIT seed="1,0,0,1,2,18" ten="250,370,130,250" oya="1" hai0="24,131,1,61,117,120,49,103,121,123,15,96,33" hai1="42,68,67,101,2,28,86,106,74,36,111,82,64" hai2="98,46,53,97,88,59,79,132,45,76,81,48,92" hai3="135,58,37,0,7,122,100,8,70,20,66,118,26"/><U87/><E2/><V13/><F132/><W134/><G122/><T112/><D112/><U129/><E74/><V104/><F104/><W9/><G37/><T124/><D117/><U19/><E129/><V41/><F98/><W72/><G72/><T91/><D1/><U38/><E28/><V71/><F71/><W6/><G118/><T126/><D131/><U52/><E101/><V99/><F99/><W5/><G70/><T47/><D91/><U133/><E106/><V127/><F127/><W63/><G100/><T90/><D90/><U35/><E35/><V40/><F81/><W109/><G109/><T125/><D61/><U89/><E133/><N who="3" m="50698" /><G0/><T12/><D33/><U21/><E111/><V16/><F41/><W27/><G27/><T94/><REACH who="0" step="1"/><D24/><REACH who="0" ten="240,370,130,250" step="2"/><U108/><E108/><V119/><F119/><W95/><G95/><T54/><AGARI ba="0,1" hai="12,15,47,49,54,94,96,103,120,121,123,124,125,126" machi="54" ten="40,8000,1" yaku="1,1,2,1,0,1,13,1,18,1,53,0" doraHai="18" doraHaiUra="75" who="0" fromWho="0" sc="240,90,370,-40,130,-20,250,-20" /><INIT seed="2,0,0,2,0,119" ten="330,330,110,230" oya="2" hai0="45,7,68,94,134,91,123,128,22,44,42,84,12" hai1="59,103,56,20,125,104,23,36,110,106,5,65,48" hai2="41,21,80,11,72,117,89,102,4,93,49,111,50" hai3="61,30,109,116,83,86,3,92,135,52,78,69,132"/><V98/><F117/><W131/><G116/><T95/><D68/><U64/><E36/><V70/><F70/><W74/><G3/><T130/><D134/><N who="3" m="51241" /><G30/><T18/><D7/><U47/><E5/><V53/><F111/><W25/><G25/><T51/><D123/><U8/><E48/><V67/><F67/><N who="3" m="41199" /><G109/><T57/><D57/><U82/><E47/><V81/><F72/><W75/><G131/><N who="0" m="50219" /><D45/><U126/><E110/><V29/><F41/><W112/><G112/><T108/><D108/><U114/><E82/><AGARI ba="0,0" hai="12,18,22,42,44,51,82,84,91,94,95" m="50219" machi="82" ten="30,1000,0" yaku="19,1" doraHai="119" who="0" fromWho="1" sc="330,10,330,-10,110,0,230,0" /><INIT seed="3,0,0,1,0,108" ten="340,320,110,230" oya="3" hai0="42,62,70,101,97,26,32,79,56,8,83,65,15" hai1="16,134,19,122,29,130,94,31,74,59,104,14,45" hai2="103,109,5,110,75,35,30,46,127,107,12,113,133" hai3="135,72,88,50,37,9,69,90,92,17,131,124,84"/><W114/><G37/><T98/><D42/><U128/><E104/><V58/><F75/><W10/><G72/><T63/><D32/><U125/><E122/><V34/><F107/><W25/><G114/><T51/><D51/><U132/><E74/><V123/><F103/><W89/><G69/><T20/><D101/><U121/><E121/><V4/><F46/><W119/><G119/><T78/><D70/><U85/><E45/><V13/><F58/><W44/><G124/><T28/><D63/><U80/><E125/><V47/><F47/><W41/><G131/><N who="1" m="50218" /><E94/><V1/><F123/><W0/><G135/><N who="1" m="51754" /><E59/><V77/><F133/><W49/><G49/><T11/><D11/><N who="3" m="4105" /><G0/><T96/><D83/><U71/><E71/><V48/><F48/><W57/><G57/><T38/><D38/><U60/><E60/><V81/><F81/><W52/><G41/><T112/><D112/><U36/><E36/><V120/><F120/><W61/><G61/><T6/><AGARI ba="0,0" hai="6,8,15,20,26,28,56,62,65,78,79,96,97,98" machi="6" ten="30,2000,0" yaku="0,1,8,1" doraHai="108" who="0" fromWho="0" sc="340,20,320,-5,110,-5,230,-10" owari="360,46.0,315,11.5,105,-39.5,220,-18.0" /></mjloggm>