<mjloggm ver="2.3"><GO type="225" lobby="0"/><UN n0="%6D%75%75%73%61%6E%6D%75" n1="%41%6F%54" n2="%E3%82%A2%E3%83%A1%E3%82%A2%E3%83%A9%E3%83%AC" n3="%33%74%72%65%65" dan="17,16,16,16" rate="2156.04,2062.70,2150.20,2123.62" sx="F,M,M,F"/><TAIKYOKU oya="0"/><INIT seed="0,0,0,3,3,14" ten="250,250,250,250" oya="0" hai0="51,58,132,66,31,121,6,63,35,110,56,4,96" hai1="71,134,46,24,43,28,106,91,20,103,119,82,64" hai2="104,99,26,3,111,128,18,102,101,124,93,135,68" hai3="2,129,116,39,53,120,126,85,8,84,83,90,72"/><T22/><D121/><U97/><E119/><V41/><F111/><W15/><G116/><T47/><D110/><U131/><E131/><V50/><F68/><W45/><G129/><T87/><D35/><U73/><E134/><V100/><F3/><W33/><G120/><T98/><D132/><U79/><E71/><V130/><F135/><W78/><G126/><T27/><D58/><U123/><E123/><V109/><F109/><W12/><G33/><T5/><REACH who="0" step="1"/><D87/><REACH who="0" ten="240,250,250,250" step="2"/><U61/><E73/><V55/><F128/><W13/><G84/><T54/><AGARI ba="0,1" hai="4,5,6,22,27,31,47,51,54,56,63,66,96,98" machi="54" ten="30,11700,0" yaku="1,1,2,1,0,1,8,1,53,0" doraHai="14" doraHaiUra="74" who="0" fromWho="0" sc="240,127,250,-39,250,-39,250,-39" /><INIT seed="0,1,0,4,3,31" ten="367,211,211,211" oya="0" hai0="22,10,124,68,104,118,42,61,35,127,55,1,8" hai1="0,3,85,2,30,111,44,19,115,114,26,99,102" hai2="74,60,11,89,69,100,63,16,97,106,96,5,130" hai3="27,18,52,101,23,120,75,105,36,25,82,32,71"/><T41/><D118/><U87/><E111/><V80/><F130/><W98/><G120/><T125/><D104/><U46/><E19/><V112/><F69/><W39/><G71/><T58/><D68/><U4/><E4/><V48/><F112/><N who="1" m="43049" /><E85/><V133/><F133/><W9/><G9/><N who="0" m="3691" /><D22/><N who="1" m="15703" /><E87/><V70/><F70/><W76/><REACH who="3" step="1"/><G52/><REACH who="3" ten="367,211,211,201" step="2"/><N who="0" m="33991" /><D1/><U65/><E65/><V72/><F63/><W135/><G135/><T40/><D55/><U37/><E37/><V113/><F60/><W109/><G109/><T21/><D21/><U38/><E38/><V47/><F113/><W86/><G86/><T33/><AGARI ba="1,1" hai="33,35,40,41,42,124,125,127" m="33991,3691" machi="33" ten="40,12000,1" yaku="18,1,52,2,54,1" doraHai="31" who="0" fromWho="0" sc="367,133,211,-41,211,-41,201,-41" /><INIT seed="0,2,0,5,0,94" ten="500,170,170,160" oya="0" hai0="79,61,90,78,85,118,43,91,7,131,99,12,57" hai1="97,14,18,10,2,9,68,40,107,110,35,16,83" hai2="112,19,25,41,47,49,98,88,67,53,58,76,134" hai3="126,5,135,45,117,111,73,74,103,84,17,69,95"/><T119/><D131/><U120/><E120/><V113/><F134/><W89/><G69/><T92/><D43/><U121/><E121/><V4/><F76/><W6/><G117/><T59/><D118/><U22/><E35/><V87/><F4/><W86/><G135/><T28/><D28/><U54/><E110/><V20/><F67/><W106/><G111/><T80/><D119/><U70/><E40/><V42/><F42/><W108/><G108/><T11/><D59/><U34/><E34/><V114/><F98/><W26/><G45/><T21/><D21/><U102/><E83/><V64/><F64/><AGARI ba="2,0" hai="7,11,12,57,61,64,78,79,80,85,90,91,92,99" machi="64" ten="30,5800,0" yaku="7,1,8,1,52,1" doraHai="94" who="0" fromWho="2" sc="500,64,170,0,170,-64,160,0" /><INIT seed="0,3,0,1,3,35" ten="564,170,106,160" oya="0" hai0="34,72,133,83,82,49,15,28,123,12,4,41,92" hai1="105,24,9,103,84,5,106,126,87,94,116,30,110" hai2="70,71,130,0,62,76,1,55,48,109,29,102,85" hai3="21,90,80,33,134,99,57,13,43,37,122,20,10"/><T17/><D123/><U60/><E116/><V8/><F29/><W118/><G118/><T61/><D133/><U27/><E110/><V100/><F109/><W39/><G33/><T16/><D72/><U77/><E126/><V54/><F130/><W38/><G134/><T11/><D34/><U95/><E60/><V67/><F71/><W119/><G119/><T14/><D28/><U66/><E66/><V47/><F55/><W115/><G115/><T104/><D104/><U6/><E9/><V135/><F135/><W50/><G122/><T79/><D61/><U131/><E30/><V129/><F129/><W53/><G43/><T96/><D41/><U93/><E93/><V52/><F54/><W78/><G99/><T2/><D49/><U86/><E86/><V68/><F68/><W97/><G97/><T64/><D64/><U69/><E69/><V32/><F32/><W75/><REACH who="3" step="1"/><G90/><REACH who="3" ten="564,170,106,150" step="2"/><T88/><REACH who="0" step="1"/><D79/><REACH who="0" ten="554,170,106,150" step="2"/><U121/><E77/><V19/><F76/><W107/><G107/><T128/><D128/><U98/><E131/><V91/><F102/><W117/><G117/><T59/><D59/><U22/><E121/><V58/><F100/><W18/><AGARI ba="3,2" hai="10,13,18,20,21,37,38,39,50,53,57,75,78,80" machi="18" ten="30,2000,0" yaku="1,1,0,1,53,0" doraHai="35" doraHaiUra="127" who="3" fromWho="3" sc="554,-13,170,-8,106,-8,150,49" /><INIT seed="1,0,0,0,1,22" ten="541,162,98,199" oya="1" hai0="75,4,84,122,49,25,62,120,11,129,71,130,44" hai1="32,106,0,70,31,27,13,67,69,116,88,33,107" hai2="17,101,72,48,125,28,76,10,21,97,100,42,3" hai3="113,73,80,60,134,117,82,52,87,92,61,127,2"/><U57/><E116/><V119/><F119/><W95/><G117/><T108/><D75/><U30/><E0/><V29/><F125/><W64/><G113/><T26/><D108/><U40/><E40/><V81/><F101/><W85/><G73/><T19/><D84/><U65/><E13/><V86/><F72/><W7/><G134/><T41/><D71/><U103/><E57/><V115/><F115/><W16/><G7/><T12/><D62/><U37/><E103/><V8/><F42/><W123/><G2/><T89/><D89/><U58/><E58/><V131/><F48/><W121/><G64/><T124/><D124/><U93/><E93/><N who="2" m="58415" /><F3/><W110/><G127/><T114/><D114/><U74/><E74/><V79/><F79/><W53/><G110/><T99/><D99/><U111/><E111/><V6/><F6/><W34/><G34/><T78/><D78/><U38/><REACH who="1" step="1"/><E88/><REACH who="1" ten="541,152,98,199" step="2"/><N who="2" m="51279" /><F131/><N who="0" m="50186" /><D4/><U14/><E14/><N who="2" m="9399" /><F76/><W128/><G128/><T45/><D45/><U83/><E83/><V56/><F56/><W50/><G82/><T36/><D36/><U66/><E66/><V94/><F94/><W51/><G80/><T105/><D105/><U132/><E132/><V68/><F68/><W47/><G47/><T35/><D44/><U133/><E133/><V102/><F102/><W63/><G63/><T46/><D41/><U135/><E135/><V18/><F8/><W9/><G9/><T91/><D12/><AGARI ba="0,1" hai="10,12,18,28,29" m="9399,51279,58415" machi="12" ten="30,2000,0" yaku="8,1,54,1" doraHai="22" who="2" fromWho="0" sc="541,-20,152,0,98,30,199,0" /><INIT seed="2,0,0,3,3,95" ten="521,152,128,199" oya="2" hai0="8,1,75,77,9,67,111,97,54,31,12,122,76" hai1="34,30,103,84,110,42,28,93,7,26,63,121,51" hai2="64,98,58,37,78,116,131,50,65,112,82,5,39" hai3="11,14,46,108,45,59,87,86,25,118,2,94,80"/><V104/><F112/><W19/><G118/><T130/><D122/><U16/><E121/><V83/><F116/><W128/><G108/><T125/><D111/><U13/><E110/><V73/><F131/><W66/><G128/><T55/><D130/><U133/><E133/><V56/><F5/><W4/><G94/><T101/><D125/><U61/><E7/><V85/><F39/><W129/><G86/><T106/><D1/><U15/><E15/><V123/><F37/><W21/><G2/><T74/><D67/><U20/><E30/><V81/><F123/><W90/><G129/><T88/><D31/><U17/><E17/><V53/><F58/><W68/><G68/><T57/><D88/><N who="1" m="53383" /><E103/><V35/><F35/><W60/><AGARI ba="0,0" hai="4,11,14,19,21,25,45,46,59,60,66,80,87,90" machi="60" ten="30,2000,0" yaku="0,1,8,1" doraHai="95" who="3" fromWho="3" sc="521,-5,152,-5,128,-10,199,20" /><INIT seed="3,0,0,1,2,134" ten="516,147,118,219" oya="3" hai0="34,112,12,109,51,94,55,84,131,58,95,76,14" hai1="7,19,4,16,77,92,71,59,126,129,49,45,122" hai2="69,3,30,120,52,15,61,108,26,73,21,74,91" hai3="86,17,18,102,87,103,50,10,70,9,81,44,83"/><W46/><REACH who="3" step="1"/><G50/><REACH who="3" ten="516,147,118,209" step="2"/><T97/><D51/><U56/><E49/><V106/><F120/><W63/><G63/><T32/><D32/><U24/><E122/><V66/><F61/><W28/><G28/><T42/><D34/><U132/><E132/><V128/><F30/><W31/><G31/><T130/><D112/><U43/><E45/><V121/><F121/><W6/><G6/><T53/><D130/><U72/><E4/><V101/><F128/><W88/><G88/><T93/><D131/><U96/><E7/><V100/><F91/><W115/><G115/><T127/><D53/><U67/><E129/><V65/><F52/><W62/><G62/><T85/><D55/><U47/><E47/><V80/><F66/><W25/><G25/><T104/><D42/><U114/><E24/><V37/><F26/><W29/><G29/><T57/><D57/><U33/><E43/><V78/><F65/><W118/><G118/><T79/><D58/><U75/><E33/><V1/><F37/><W111/><G111/><T40/><D109/><U82/><E67/><V38/><F38/><W133/><G133/><T105/><D40/><U64/><E114/><V99/><F108/><W22/><G22/><T20/><D20/><U8/><E59/><V123/><F21/><W13/><G13/><T23/><D23/><U125/><E56/><V41/><F15/><W124/><G124/><T11/><D127/><U116/><E126/><V89/><F123/><W119/><G119/><T36/><D36/><U90/><E125/><V110/><F41/><W27/><G27/><T0/><D12/><RYUUKYOKU ba="0,1" sc="516,-10,147,-10,118,-10,209,30" hai3="9,10,17,18,44,46,70,81,83,86,87,102,103" /><INIT seed="3,1,1,4,4,123" ten="506,137,108,239" oya="3" hai0="85,20,108,12,83,102,129,100,14,32,27,46,92" hai1="1,119,79,36,7,133,44,21,57,95,24,117,69" hai2="22,39,0,34,134,127,96,26,70,50,113,42,29" hai3="103,99,52,93,94,51,101,30,48,131,82,87,49"/><W71/><G131/><T116/><D116/><N who="1" m="44619" /><E69/><V90/><F113/><W55/><G71/><T126/><D32/><U9/><E133/><V110/><F70/><W72/><G72/><T135/><D129/><U43/><E79/><V61/><F134/><W67/><G67/><T112/><D14/><U125/><E125/><V78/><F127/><W54/><G30/><T16/><D102/><U109/><E109/><V38/><F0/><W73/><G73/><T13/><D108/><U53/><E95/><N who="2" m="56439" /><F39/><W28/><G28/><T62/><D62/><N who="1" m="36143" /><E21/><V59/><F38/><W122/><G122/><T5/><D5/><U31/><E31/><V74/><F74/><W132/><G132/><T84/><D135/><U121/><E121/><V6/><F34/><W63/><G63/><T35/><D35/><U88/><E88/><V81/><F110/><W60/><G60/><T25/><D112/><U86/><E86/><N who="2" m="48439" /><F6/><W15/><G15/><T107/><D13/><U75/><E75/><V118/><F118/><W18/><G18/><T77/><D16/><U58/><E24/><V56/><F61/><W91/><G48/><T111/><D12/><U4/><E4/><V37/><F37/><W41/><G41/><T65/><D65/><U45/><E58/><V40/><F40/><W33/><G33/><T120/><D120/><U115/><E115/><V66/><F66/><W8/><G8/><T104/><D126/><U124/><E124/><V98/><F98/><AGARI ba="1,1" hai="49,51,52,54,55,82,87,91,93,94,98,99,101,103" machi="98" ten="40,7700,0" yaku="9,1,8,1,54,1" doraHai="123" who="3" fromWho="2" sc="506,0,137,0,108,-80,239,90" /><INIT seed="3,2,0,3,5,42" ten="506,137,28,329" oya="3" hai0="79,3,27,101,86,54,110,91,15,121,1,135,115" hai1="11,44,96,59,72,48,22,36,75,18,71,0,20" hai2="111,32,90,100,45,28,55,128,80,17,7,117,97" hai3="127,67,46,2,102,95,16,113,78,19,120,130,25"/><W132/><G113/><T123/><D115/><U41/><E71/><V108/><F128/><W60/><G120/><T105/><D79/><U68/><E68/><V134/><F117/><W38/><G130/><T83/><D110/><U92/><E22/><V51/><F134/><W131/><G131/><T52/><D135/><U50/><E11/><V53/><F7/><W118/><G118/><T133/><D133/><U47/><E0/><V99/><F32/><W129/><G129/><T39/><D39/><U89/><E59/><V49/><F28/><W126/><G132/><T122/><D27/><U5/><E36/><V87/><F17/><W21/><G78/><T9/><D101/><U31/><E5/><V70/><F70/><W6/><G19/><T57/><D105/><U114/><E114/><V10/><F10/><W30/><G30/><T124/><D124/><N who="3" m="47657" /><G6/><T88/><D91/><U81/><E31/><V74/><F74/><W94/><G2/><T65/><D3/><U58/><E58/><V43/><F43/><N who="3" m="22903" /><G102/><T109/><D1/><U77/><E75/><V26/><F26/><W12/><G25/><T103/><D103/><U4/><E4/><V93/><REACH who="2" step="1"/><F99/><REACH who="2" ten="506,137,18,329" step="2"/><W98/><G98/><T34/><D34/><U62/><E96/><V66/><F66/><W119/><G119/><T84/><D84/><U69/><E72/><V33/><F33/><W107/><G107/><T63/><D109/><U40/><E69/><AGARI ba="2,1" hai="12,16,21,60,67,69,94,95" m="22903,47657" machi="69" ten="30,5800,0" yaku="18,1,52,1,54,1" doraHai="42" who="3" fromWho="1" sc="506,0,137,-64,18,0,329,74" /><INIT seed="3,3,0,3,5,5" ten="506,73,18,403" oya="3" hai0="91,12,86,41,128,83,45,18,55,65,94,134,67" hai1="15,96,127,38,44,132,104,7,31,42,34,116,59" hai2="25,24,69,71,114,3,26,113,54,126,130,8,76" hai3="62,2,111,109,32,88,107,68,123,100,72,27,14"/><W22/><G123/><T37/><D128/><U64/><E132/><V53/><F76/><W20/><G72/><T82/><D134/><U11/><E127/><V120/><F130/><W77/><G77/><T99/><D55/><N who="2" m="21002" /><F3/><W90/><G2/><T66/><REACH who="0" step="1"/><D86/><REACH who="0" ten="496,73,18,403" step="2"/><U92/><E116/><V19/><F126/><W79/><G79/><T81/><D81/><U98/><E98/><V131/><F131/><W121/><G121/><T101/><D101/><U74/><E96/><V87/><F87/><W40/><G100/><T39/><D39/><U84/><E38/><V102/><F102/><W29/><G107/><T52/><D52/><U108/><E84/><V58/><F120/><W30/><G40/><T118/><D118/><U13/><E42/><V89/><F89/><N who="3" m="34411" /><G30/><T70/><D70/><N who="2" m="26634" /><F58/><W9/><G68/><T17/><D17/><U75/><E59/><V110/><F19/><N who="3" m="8655" /><G62/><T63/><D63/><U117/><E75/><V6/><F6/><W0/><G0/><T10/><AGARI ba="3,1" hai="10,12,18,37,41,45,65,66,67,82,83,91,94,99" machi="10" ten="30,4000,0" yaku="1,1,0,1,52,1,53,0" doraHai="5" doraHaiUra="80" who="0" fromWho="0" sc="496,59,73,-13,18,-13,403,-23" owari="555,65.5,60,-34.0,5,-49.5,380,18.0" /></mjloggm>