<mjloggm ver="2.3"><GO type="225" lobby="0"/><UN n0="%E3%81%8F%E3%82%8A%E3%83%94%E3%83%BC" n1="%E5%80%89%E6%A9%8B%EF%BC%A0%E4%BA%8B%E5%8B%99" n2="%E5%B8%86%E7%AB%8B%E5%A4%8F%E8%A1%A3" n3="%72%61%6B%33" dan="16,16,17,16" rate="2103.75,2104.78,2187.98,2208.17" sx="M,M,M,M"/><TAIKYOKU oya="0"/><INIT seed="0,0,0,5,1,127" ten="250,250,250,250" oya="0" hai0="108,114,4,32,7,68,120,56,30,23,34,16,131" hai1="53,70,102,22,129,74,124,37,97,116,88,134,76" hai2="106,15,107,0,69,110,98,44,83,73,11,118,65" hai3="113,125,1,93,117,126,9,96,115,82,35,52,66"/><T80/><D68/><U24/><E116/><V20/><F118/><W27/><G117/><T112/><D80/><U2/><E70/><V25/><F110/><W41/><G66/><T67/><D56/><U135/><E37/><V122/><F122/><W31/><G41/><T78/><D78/><U48/><E2/><V60/><F0/><W36/><G82/><T13/><D67/><U121/><E121/><V103/><F44/><W43/><G52/><T95/><D95/><N who="1" m="56551" /><E124/><N who="3" m="47722" /><G9/><N who="0" m="6191" /><D131/><U3/><E3/><V99/><F83/><W63/><G1/><T91/><D91/><U85/><E102/><V38/><F38/><W123/><G63/><T90/><D90/><U89/><E76/><V84/><F84/><W45/><G123/><T33/><D108/><U111/><E74/><V19/><F73/><W59/><G59/><T17/><D30/><N who="1" m="17687" /><E111/><V42/><F42/><W54/><G54/><T21/><D21/><U109/><E109/><V6/><REACH who="2" step="1"/><F99/><REACH who="2" ten="250,250,240,250" step="2"/><W132/><G96/><T51/><D120/><U5/><E85/><V133/><F133/><W81/><G132/><T49/><D114/><U79/><E135/><V119/><F119/><W128/><G81/><T71/><D112/><U92/><E134/><V8/><F8/><W101/><G115/><T10/><D10/><U64/><E5/><V18/><F18/><W105/><G113/><T86/><D86/><U40/><E40/><V46/><F46/><W87/><G87/><T29/><D4/><U26/><E79/><V77/><F77/><W62/><G43/><T47/><D7/><U100/><E26/><V39/><F39/><RYUUKYOKU ba="0,1" sc="250,-10,250,-10,240,30,250,-10" hai2="6,11,15,19,20,25,60,65,69,98,103,106,107" /><INIT seed="1,1,1,4,2,34" ten="240,240,270,240" oya="1" hai0="17,112,116,58,11,27,63,97,66,110,70,41,46" hai1="18,84,93,43,53,120,39,7,15,79,126,24,51" hai2="103,33,72,82,134,108,92,16,130,95,132,86,71" hai3="30,69,8,85,50,107,42,129,90,13,91,76,6"/><U81/><E120/><V61/><F33/><W1/><G129/><T121/><D116/><U106/><E106/><V131/><F71/><W87/><G107/><T68/><D112/><U4/><E126/><V48/><F61/><W28/><G69/><T128/><D110/><U44/><E24/><V22/><F48/><W114/><G114/><T9/><D128/><N who="2" m="49194" /><F72/><W23/><G1/><T25/><D121/><U111/><E111/><V102/><F108/><W80/><G23/><T40/><D40/><U49/><E93/><N who="2" m="35915" /><F22/><W65/><G65/><T67/><D97/><U31/><E39/><V47/><F47/><N who="3" m="25975" /><G87/><T14/><D9/><N who="1" m="6511" /><E31/><AGARI ba="1,1" hai="6,8,13,28,30,31,76,80,85,90,91" m="25975" machi="31" ten="30,2000,0" yaku="25,1,8,1" doraHai="34" who="3" fromWho="1" sc="240,0,240,-23,270,0,240,33" /><INIT seed="2,0,0,1,3,127" ten="240,217,270,273" oya="2" hai0="135,102,13,130,59,78,58,107,22,72,79,14,47" hai1="129,28,116,63,119,97,35,11,48,55,110,71,131" hai2="0,33,9,8,98,82,104,94,74,61,56,87,80" hai3="85,17,24,95,10,34,26,62,77,121,18,70,109"/><V105/><F33/><W90/><G109/><T23/><D135/><U111/><E97/><V6/><F74/><W65/><G121/><T37/><D107/><U36/><E11/><V44/><F44/><W60/><G60/><T73/><D47/><N who="1" m="28063" /><E28/><V67/><F82/><W46/><G77/><T133/><D102/><U7/><E7/><V91/><REACH who="2" step="1"/><F9/><REACH who="2" ten="240,217,260,273" step="2"/><W103/><G34/><T25/><D73/><U99/><E35/><V51/><F51/><W15/><G46/><T53/><D72/><U123/><E123/><V112/><F112/><W49/><G49/><T21/><D21/><U86/><E36/><V29/><F29/><W115/><G115/><T2/><D23/><U76/><E116/><V122/><F122/><W20/><G103/><AGARI ba="0,1" hai="0,6,8,56,61,67,80,87,91,94,98,103,104,105" machi="103" ten="30,5800,0" yaku="1,1,7,1,53,1" doraHai="127" doraHaiUra="93" who="2" fromWho="3" sc="240,0,217,0,260,68,273,-58" /><INIT seed="2,1,0,4,5,40" ten="240,217,328,215" oya="2" hai0="69,58,2,92,134,103,63,85,117,127,51,0,88" hai1="19,131,11,38,104,20,102,94,55,28,22,39,121" hai2="18,72,135,105,84,4,30,108,71,25,123,7,68" hai3="6,17,130,93,52,67,91,60,36,62,132,27,120"/><V56/><F123/><W106/><G106/><T12/><D127/><U23/><E104/><V77/><F135/><W54/><G120/><T115/><D115/><U100/><E131/><V66/><F72/><W9/><G36/><T61/><D134/><U86/><E121/><V116/><F105/><W82/><G82/><T99/><D117/><U112/><E112/><V65/><F116/><W70/><G130/><T81/><D12/><U119/><E119/><V24/><F108/><W13/><G132/><T83/><D83/><U73/><E73/><V8/><F84/><W98/><REACH who="3" step="1"/><G62/><REACH who="3" ten="240,217,328,205" step="2"/><T95/><D81/><U29/><E38/><V129/><F129/><W90/><G90/><T110/><D61/><U126/><E39/><V41/><F77/><W111/><G111/><T16/><D110/><U15/><E126/><V26/><F71/><W14/><G14/><T118/><D118/><U79/><E15/><V43/><F68/><W125/><G125/><T80/><D80/><U122/><E122/><V1/><F1/><W133/><G133/><T47/><D69/><U31/><E79/><V37/><F37/><W113/><G113/><T101/><D0/><U42/><E102/><V97/><F4/><W33/><G33/><T75/><D2/><U49/><E100/><V45/><F7/><W35/><G35/><T114/><D114/><U74/><E94/><V10/><F10/><W32/><G32/><T48/><D103/><U76/><E11/><V87/><F8/><W57/><G57/><T5/><D101/><U44/><E74/><V46/><F56/><W96/><G96/><RYUUKYOKU ba="1,1" sc="240,-10,217,-10,328,-10,205,30" hai3="6,9,13,17,27,52,54,60,67,70,91,93,98" /><INIT seed="3,2,1,1,2,82" ten="230,207,318,235" oya="3" hai0="48,58,27,22,80,49,60,19,97,119,38,99,55" hai1="56,71,85,116,59,40,16,103,86,109,88,128,79" hai2="129,102,111,69,93,43,72,106,32,24,95,68,126" hai3="14,133,92,115,21,67,54,42,83,114,37,96,117"/><W120/><G117/><T100/><D38/><U70/><E116/><V90/><F72/><W108/><G120/><T11/><D119/><U18/><E103/><V65/><F43/><W12/><G133/><T5/><D80/><N who="1" m="47263" /><E71/><V53/><F111/><W73/><G108/><T104/><D99/><U113/><E70/><V84/><F126/><W112/><G67/><T118/><D118/><U78/><E113/><V121/><F129/><W76/><G54/><T62/><D62/><U28/><E109/><V13/><F53/><W26/><G42/><T89/><D89/><U125/><E78/><V130/><F130/><W41/><G41/><T46/><D46/><U10/><E28/><V29/><F121/><W35/><G35/><T7/><D7/><U25/><E128/><V20/><F106/><W77/><G77/><T17/><D17/><N who="1" m="6763" /><E125/><V8/><F32/><W105/><G105/><T81/><D81/><N who="1" m="49231" /><E40/><V39/><F39/><W131/><G37/><T47/><D47/><U123/><E123/><V45/><F45/><W134/><G131/><T64/><D55/><U36/><E36/><V75/><F75/><W135/><G135/><T107/><D104/><U3/><E25/><V15/><F69/><W52/><G134/><T44/><D44/><U61/><E61/><V57/><F68/><W87/><G73/><T127/><D127/><U33/><E33/><V63/><F102/><N who="3" m="60679" /><G52/><T74/><D74/><U51/><E51/><V9/><F95/><W101/><G101/><T132/><D132/><U1/><E1/><AGARI ba="2,1" hai="1,5,11,19,22,27,48,49,58,60,64,97,100,107" machi="1" ten="30,1000,0" yaku="7,1" doraHai="82" who="0" fromWho="1" sc="230,26,207,-16,318,0,235,0" owari="256,5.6,191,-30.9,318,41.8,235,-16.5" /></mjloggm>