<mjloggm ver="2.3"><GO type="225" lobby="0"/><UN n0="%45%6C%79%73%69%75%6D" n1="%73%75%7A%75%72%61%6E%65" n2="%E9%A2%A8%E3%81%A7%E9%B3%B4%E3%81%8F" n3="%E6%A1%9C%E8%8A%B1%E9%96%83%E3%80%85" dan="17,16,16,18" rate="2130.01,2049.36,2128.10,2251.48" sx="F,M,M,M"/><TAIKYOKU oya="0"/><INIT seed="0,0,0,2,2,87" ten="250,250,250,250" oya="0" hai0="120,113,68,56,52,106,71,28,79,134,23,48,2" hai1="26,11,77,16,129,54,123,116,63,8,60,15,20" hai2="118,97,21,29,39,84,132,78,18,61,126,81,135" hai3="36,24,1,25,114,44,3,5,37,108,102,75,127"/><T121/><D106/><U13/><E116/><V51/><F39/><W91/><G114/><T4/><D113/><U22/><E123/><V128/><F118/><W66/><G102/><T58/><D134/><U41/><E129/><V34/><F34/><W131/><G66/><T69/><D79/><U9/><E41/><V96/><F29/><W57/><G57/><T70/><N who="0" m="17408" /><DORA hai="99" /><T124/><D124/><U53/><E77/><V95/><F61/><N who="1" m="23625" /><E15/><V80/><F126/><W14/><G14/><T10/><REACH who="0" step="1"/><D58/><REACH who="0" ten="240,250,250,250" step="2"/><U94/><E94/><V17/><F95/><W33/><G127/><T12/><D12/><U74/><E74/><V130/><F132/><W125/><G75/><T83/><D83/><U122/><E122/><V73/><F135/><W93/><G125/><T55/><D55/><U85/><E54/><V104/><F104/><W101/><G93/><T27/><AGARI ba="0,1" hai="2,4,10,23,27,28,48,52,56,120,121" m="17408" machi="27" ten="60,18000,2" yaku="1,1,0,1,54,1,53,4" doraHai="87,99" doraHaiUra="105,64" who="0" fromWho="0" sc="240,190,250,-60,250,-60,250,-60" /><INIT seed="0,1,0,2,4,20" ten="430,190,190,190" oya="0" hai0="98,54,5,43,94,127,6,69,58,11,12,9,89" hai1="19,8,105,83,44,129,85,115,27,72,38,65,42" hai2="46,93,18,51,122,26,90,135,1,62,45,23,41" hai3="79,126,117,3,114,47,71,96,13,48,110,50,104"/><T14/><D69/><U70/><E129/><V0/><F122/><W84/><G3/><T4/><D127/><U52/><E105/><V124/><F124/><W34/><G126/><T21/><D43/><U86/><E115/><V101/><F101/><W100/><G114/><T130/><D130/><U103/><E103/><V119/><F135/><W97/><G117/><T22/><REACH who="0" step="1"/><D4/><REACH who="0" ten="420,190,190,190" step="2"/><U53/><E70/><V64/><F46/><W59/><G71/><T121/><D121/><U109/><E109/><V123/><F123/><W60/><G47/><T29/><D29/><U78/><E42/><V17/><F17/><W108/><G110/><T133/><D133/><U111/><E111/><V92/><F119/><W125/><G108/><T68/><D68/><U30/><E44/><V15/><F45/><W24/><G125/><T91/><D91/><U2/><E38/><V32/><F90/><W87/><G100/><T25/><D25/><U40/><E40/><V116/><F41/><W39/><G24/><T132/><D132/><U107/><E19/><V99/><F26/><W102/><G39/><T63/><AGARI ba="1,1" hai="5,6,9,11,12,14,21,22,54,58,63,89,94,98" machi="63" ten="20,12000,1" yaku="1,1,0,1,7,1,9,1,8,1,53,0" doraHai="20" doraHaiUra="61" who="0" fromWho="0" sc="420,133,190,-41,190,-41,190,-41" /><INIT seed="0,2,0,0,1,102" ten="553,149,149,149" oya="0" hai0="104,121,25,27,37,39,2,20,81,78,108,60,41" hai1="62,45,87,0,28,114,88,113,119,117,69,4,16" hai2="98,31,59,130,57,6,58,64,70,133,23,127,100" hai3="85,63,18,99,82,48,35,101,10,56,90,126,118"/><T75/><D2/><U76/><E28/><V124/><F6/><W26/><G118/><T132/><D121/><U84/><E0/><V55/><F130/><W21/><G126/><N who="2" m="48169" /><F133/><W79/><G35/><T17/><D132/><U29/><E29/><V97/><F97/><W80/><G48/><T72/><D108/><U12/><E4/><V42/><F42/><W1/><G10/><T71/><D72/><U7/><E7/><V19/><F31/><W52/><G1/><T38/><D27/><U128/><E128/><V111/><F70/><W73/><G73/><T135/><D135/><U14/><E45/><V134/><F111/><W92/><REACH who="3" step="1"/><G79/><REACH who="3" ten="553,149,149,139" step="2"/><T110/><D110/><U120/><E76/><V49/><F134/><W8/><G8/><T103/><D41/><U86/><E119/><V11/><F11/><W51/><G51/><T50/><D50/><U22/><E117/><V24/><F64/><W116/><G116/><T109/><D109/><U131/><E131/><V53/><F49/><W33/><G33/><T93/><D78/><U9/><E9/><V107/><AGARI ba="2,1" hai="19,23,24,53,55,57,58,59,98,100,107" m="48169" machi="107" ten="30,2000,0" yaku="18,1,52,1" doraHai="102" who="2" fromWho="2" sc="553,-12,149,-7,149,36,139,-7" /><INIT seed="1,0,0,3,4,116" ten="541,142,185,132" oya="1" hai0="51,90,68,4,87,61,99,57,60,49,118,26,6" hai1="67,16,108,52,19,128,110,106,79,64,22,12,7" hai2="125,43,14,78,41,32,114,123,82,40,53,94,73" hai3="113,37,35,105,1,5,103,88,47,76,107,120,31"/><U28/><E106/><V44/><F32/><W66/><G113/><T85/><D26/><N who="1" m="16471" /><E79/><V80/><F123/><W132/><G66/><N who="1" m="25130" /><E128/><V126/><F114/><W92/><G103/><T30/><D30/><U89/><E89/><V0/><F0/><W69/><G69/><T45/><D90/><U20/><E7/><V135/><F135/><W11/><G132/><T101/><D4/><U15/><E20/><V46/><F80/><W96/><G120/><T97/><D6/><U33/><E33/><V34/><F34/><W25/><REACH who="3" step="1"/><G76/><REACH who="3" ten="541,142,185,122" step="2"/><T75/><D68/><U111/><E52/><V81/><F53/><W65/><G65/><T36/><D75/><U18/><AGARI ba="0,1" hai="12,15,16,18,19,108,110,111" m="25130,16471" machi="18" ten="40,7800,0" yaku="14,1,10,1,54,1" doraHai="116" who="1" fromWho="1" sc="541,-26,142,88,185,-26,122,-26" /><INIT seed="1,1,0,4,5,73" ten="515,230,159,96" oya="1" hai0="64,97,42,104,94,72,133,86,24,39,16,130,123" hai1="100,93,65,76,49,18,14,116,128,9,109,37,89" hai2="55,22,88,98,75,54,48,96,15,11,28,66,125" hai3="81,83,4,40,61,51,6,85,117,1,35,0,126"/><U87/><E116/><V53/><F75/><W41/><G35/><T108/><D108/><U95/><E37/><V20/><F125/><W32/><G32/><T112/><D112/><U34/><E34/><V59/><F22/><W58/><G126/><T103/><D130/><U115/><E115/><V19/><F66/><W69/><G69/><T70/><D133/><U45/><E128/><V44/><F59/><W33/><G33/><T131/><D131/><U102/><E65/><V114/><F114/><W110/><G110/><T71/><D72/><U56/><E56/><V31/><F96/><W118/><G58/><T27/><D123/><U84/><E109/><V30/><F11/><W13/><G51/><T17/><D42/><N who="1" m="24759" /><E95/><AGARI ba="1,0" hai="15,19,20,28,30,31,44,48,53,54,55,88,95,98" machi="95" ten="40,2600,0" yaku="8,1,54,1" doraHai="73" who="2" fromWho="1" sc="515,0,230,-29,159,29,96,0" /><INIT seed="2,0,0,1,1,76" ten="515,201,188,96" oya="2" hai0="20,131,83,55,103,30,127,36,133,32,16,93,23" hai1="118,121,82,97,90,119,34,50,117,98,1,57,33" hai2="25,28,75,35,113,123,84,96,31,13,22,68,88" hai3="52,11,7,95,81,42,41,40,100,3,105,128,110"/><V86/><F68/><W135/><G110/><T130/><D36/><U45/><E1/><V102/><F75/><W59/><G135/><T134/><D55/><U48/><E121/><V53/><F113/><W24/><G128/><N who="0" m="49195" /><D83/><U38/><E38/><V99/><F123/><W106/><G24/><N who="0" m="18503" /><D127/><U91/><E57/><V69/><F31/><W114/><G114/><T67/><D67/><U101/><E101/><V126/><F69/><W80/><G95/><T116/><D23/><U107/><E119/><V104/><F126/><W43/><N who="3" m="10240" /><DORA hai="44" /><W4/><G4/><T64/><D64/><U49/><E49/><V72/><F72/><W5/><G5/><T111/><D111/><U62/><E45/><V21/><F35/><W108/><G108/><T125/><D125/><U9/><E107/><V61/><F96/><W54/><G100/><T8/><D103/><U79/><E118/><V71/><F71/><W19/><G19/><T37/><D16/><U14/><E117/><V70/><F70/><W15/><G3/><T78/><D37/><U0/><E0/><V109/><F109/><W60/><REACH who="3" step="1"/><G54/><REACH who="3" ten="515,201,188,86" step="2"/><T115/><D115/><U66/><E66/><V63/><F53/><W10/><G10/><T29/><D8/><U120/><E9/><V122/><F122/><W112/><G112/><T92/><D116/><U26/><E120/><V56/><F102/><W77/><G77/><T6/><D78/><U124/><E79/><V47/><F104/><AGARI ba="0,1" hai="7,11,15,52,59,60,80,81,104,105,106" m="10240" machi="104" ten="50,8000,1" yaku="1,1,52,2,54,1,53,0" doraHai="76,44" doraHaiUra="65,94" who="3" fromWho="2" sc="515,0,201,0,188,-80,86,90" /><INIT seed="3,0,0,1,4,28" ten="515,201,108,176" oya="3" hai0="16,129,15,52,88,64,56,49,46,86,70,96,30" hai1="36,20,76,83,95,19,38,66,54,41,3,33,5" hai2="34,11,2,93,62,53,8,131,39,26,37,73,79" hai3="21,104,55,113,14,78,65,101,135,124,48,106,116"/><W25/><G116/><T18/><D129/><U45/><E33/><V75/><F93/><W117/><G117/><T7/><D70/><U4/><E66/><V67/><F53/><W109/><G113/><T35/><D96/><U103/><E38/><V80/><F131/><W81/><G124/><T122/><D122/><U42/><E42/><V68/><F73/><W118/><G118/><T130/><D130/><U27/><E54/><V31/><F11/><W12/><G65/><T111/><D111/><U108/><E3/><V112/><F112/><W0/><G0/><T24/><D7/><AGARI ba="0,0" hai="2,7,8,26,31,34,37,39,62,67,68,75,79,80" machi="7" ten="40,8000,1" yaku="33,3,52,1" doraHai="28" who="2" fromWho="0" sc="515,-80,201,0,108,80,176,0" owari="435,53.5,201,0.1,188,-21.2,176,-32.4" /></mjloggm>