<mjloggm ver="2.3"><GO type="225" lobby="0"/><UN n0="%E3%81%BF%E3%81%BF%E3%81%9A" n1="%E6%9D%B1%E9%A2%A8%E3%81%AE%E3%81%8D%E3%82%83%E3%81%B7%E3%81%95%E3%82%93" n2="%E4%BF%BA%E3%81%A8%E5%A6%96%E5%A4%A2" n3="%E4%BA%BA%E9%96%93%E3%83%81%E3%83%A3%E3%83%BC%E3%83%8F%E3%83%B3" dan="18,17,17,16" rate="2237.92,2209.09,2175.93,2094.39" sx="M,M,F,M"/><TAIKYOKU oya="0"/><INIT seed="0,0,0,4,0,31" ten="250,250,250,250" oya="0" hai0="1,3,46,12,75,95,6,77,9,97,50,132,14" hai1="19,10,123,5,117,62,88,24,116,13,55,17,107" hai2="115,126,83,57,26,79,94,72,82,32,127,81,104" hai3="129,121,120,76,130,11,99,112,49,18,128,0,39"/><T87/><D132/><U106/><E123/><N who="3" m="47178" /><G49/><T134/><D75/><U78/><E78/><V54/><F115/><W56/><G56/><T89/><D134/><U90/><E62/><V65/><F65/><W33/><G39/><T42/><REACH who="0" step="1"/><D14/><REACH who="0" ten="240,250,250,250" step="2"/><U93/><E13/><V102/><F72/><W4/><G112/><T27/><D27/><U86/><E24/><V44/><F26/><W118/><G118/><T21/><D21/><U61/><E117/><V85/><F127/><W67/><G33/><T109/><D109/><U110/><E110/><V105/><F32/><W15/><G76/><T125/><D125/><U34/><E34/><V40/><F126/><W51/><G128/><T113/><D113/><U96/><E116/><V60/><F79/><W100/><G129/><T53/><D53/><U91/><E55/><V92/><F54/><W133/><G130/><T25/><D25/><U64/><E64/><V131/><F131/><W7/><G67/><T70/><D70/><U119/><E119/><V8/><F8/><N who="3" m="6503" /><G133/><T103/><D103/><U101/><E10/><V22/><F102/><W74/><G74/><T41/><D41/><U122/><E122/><V23/><F40/><W69/><G69/><T80/><AGARI ba="0,1" hai="1,3,6,9,12,42,46,50,77,80,87,89,95,97" machi="80" ten="30,12000,1" yaku="1,1,0,1,25,2,53,1" doraHai="31" doraHaiUra="73" who="0" fromWho="0" sc="240,130,250,-40,250,-40,250,-40" /><INIT seed="0,1,0,3,5,35" ten="370,210,210,210" oya="0" hai0="72,86,9,29,95,131,30,44,132,68,3,90,39" hai1="5,133,78,33,134,63,121,74,12,82,59,4,129" hai2="17,61,123,47,92,83,117,120,89,22,53,88,98" hai3="118,62,105,102,25,97,51,67,27,109,15,11,94"/><T112/><D112/><U96/><E121/><V100/><F117/><W20/><G109/><T119/><D119/><U128/><E96/><V6/><F6/><W66/><G118/><T0/><D68/><U46/><E46/><V8/><F8/><W122/><G122/><T91/><D72/><U101/><E101/><V1/><F1/><W69/><G51/><T34/><D131/><N who="1" m="50251" /><E33/><V56/><F47/><W115/><G115/><T49/><D39/><U104/><E104/><V113/><F113/><W87/><G66/><T124/><D124/><U58/><E12/><V80/><F123/><W60/><G60/><T76/><D76/><U41/><E41/><V70/><F70/><W77/><G20/><T107/><D107/><U52/><E59/><V21/><F120/><W127/><G127/><T135/><D91/><N who="2" m="34890" /><F22/><W99/><G99/><T130/><D130/><U54/><E54/><V125/><F125/><W10/><G105/><T18/><D34/><U28/><E28/><N who="0" m="10857" /><D18/><U81/><E81/><V24/><AGARI ba="1,0" hai="17,21,24,53,56,61,80,83,92,98,100" m="34890" machi="24" ten="30,2000,0" yaku="8,1,54,1" doraHai="35" who="2" fromWho="2" sc="370,-11,210,-6,210,23,210,-6" /><INIT seed="1,0,0,3,4,22" ten="359,204,233,204" oya="1" hai0="2,30,42,121,124,85,55,35,134,31,53,48,63" hai1="38,96,1,126,84,112,47,40,92,95,97,93,103" hai2="36,39,43,71,77,78,80,12,111,41,11,89,21" hai3="33,26,57,17,69,59,104,45,100,50,28,44,79"/><U56/><E112/><V82/><F21/><W120/><G120/><T132/><D2/><U67/><E126/><V106/><F89/><W108/><G69/><T73/><D73/><U10/><E84/><V58/><F71/><W72/><G108/><T125/><D121/><U109/><E109/><V107/><F111/><W76/><G17/><T8/><D8/><U6/><REACH who="1" step="1"/><E103/><REACH who="1" ten="359,194,233,204" step="2"/><V123/><F123/><W20/><G72/><T116/><D85/><U122/><E122/><V74/><F74/><W68/><G100/><T29/><D116/><U105/><E105/><V133/><F106/><W24/><G104/><T49/><D125/><U118/><E118/><V131/><F107/><W88/><G76/><T98/><D124/><U81/><E81/><V18/><F82/><W4/><G79/><T23/><D132/><U90/><E90/><V54/><F133/><W101/><G101/><T102/><D134/><U52/><E52/><V70/><F78/><W128/><G88/><T113/><D113/><U119/><E119/><V15/><F80/><W127/><G127/><T115/><D115/><U99/><E99/><V110/><F77/><W14/><G128/><T0/><D98/><U9/><E9/><V91/><F91/><W13/><G68/><T135/><D102/><U16/><E16/><N who="2" m="8223" /><F70/><W75/><G75/><T94/><D55/><U5/><E5/><V117/><F117/><W114/><G114/><T34/><D53/><U60/><AGARI ba="0,1" hai="1,6,10,38,40,47,56,60,67,92,93,95,96,97" machi="60" ten="30,3000,0" yaku="1,1,0,1,53,0" doraHai="22" doraHaiUra="130" who="1" fromWho="1" sc="359,-10,194,40,233,-10,204,-10" /><INIT seed="1,1,0,4,0,40" ten="349,234,223,194" oya="1" hai0="70,32,69,118,113,131,20,23,4,11,119,92,72" hai1="107,2,26,109,120,96,90,28,43,41,111,95,115" hai2="135,53,54,121,97,110,84,63,39,130,5,64,12" hai3="117,44,71,68,45,34,7,82,104,132,6,52,85"/><U122/><E2/><V75/><F121/><N who="1" m="46697" /><E107/><V14/><F75/><W59/><G104/><T46/><D32/><N who="1" m="20503" /><E115/><V89/><F97/><W36/><G34/><T128/><D113/><U24/><E24/><V51/><F135/><W86/><G132/><T29/><D72/><U38/><E38/><V60/><F130/><N who="0" m="49706" /><D92/><U108/><AGARI ba="1,0" hai="41,43,90,95,96,108,109,111" m="20503,46697" machi="108" ten="40,3900,0" yaku="14,1,10,1" doraHai="40" who="1" fromWho="1" sc="349,-14,234,42,223,-14,194,-14" /><INIT seed="1,2,0,2,1,133" ten="335,276,209,180" oya="1" hai0="40,92,55,69,131,134,6,3,120,110,56,36,124" hai1="26,18,22,115,126,113,59,64,1,106,10,87,5" hai2="97,41,98,125,86,23,49,80,111,107,82,94,83" hai3="71,95,91,112,7,78,99,45,34,103,42,104,72"/><U47/><E106/><V38/><F38/><W15/><G71/><T61/><D134/><U84/><E47/><V114/><F41/><W12/><G34/><T43/><D110/><U105/><E105/><V8/><F49/><W29/><G29/><T100/><D131/><U52/><E64/><V35/><F35/><W117/><G112/><T128/><D128/><U24/><E24/><V102/><F111/><W32/><G32/><T123/><D69/><U116/><E116/><V58/><F58/><W21/><G117/><T44/><D40/><U76/><E126/><V96/><F23/><W118/><G118/><T33/><D33/><U101/><E101/><N who="2" m="62887" /><F8/><W11/><G21/><T109/><D124/><U28/><E28/><V127/><F114/><W73/><G12/><T62/><D109/><U17/><E17/><V79/><F98/><W16/><G7/><T93/><D62/><U119/><E119/><V67/><F67/><W57/><G57/><T30/><D30/><U48/><REACH who="1" step="1"/><E87/><REACH who="1" ten="335,266,209,180" step="2"/><N who="2" m="48543" /><F82/><AGARI ba="2,1" hai="1,5,10,18,22,26,48,52,59,76,82,84,113,115" machi="82" ten="40,3900,0" yaku="1,1,54,1,53,0" doraHai="133" doraHaiUra="27" who="1" fromWho="2" sc="335,0,266,55,209,-45,180,0" /><INIT seed="1,3,0,5,2,116" ten="335,321,164,180" oya="1" hai0="68,91,57,127,75,16,109,81,110,67,126,130,15" hai1="66,63,35,1,49,11,104,125,18,24,33,29,31" hai2="55,134,98,3,83,6,46,36,34,60,2,112,77" hai3="93,135,43,69,8,26,74,76,65,89,56,59,9"/><U118/><E118/><V28/><F134/><W14/><G135/><T41/><D41/><U50/><E125/><N who="0" m="47625" /><D68/><U86/><E104/><V108/><F108/><N who="0" m="41578" /><D130/><U54/><E86/><V48/><F112/><W25/><G43/><T47/><D47/><U52/><E1/><V51/><F36/><W79/><G69/><T122/><D122/><U97/><E97/><V64/><F98/><W85/><G74/><T70/><D70/><U92/><E92/><V107/><F48/><W40/><G40/><T84/><D75/><U128/><E128/><V61/><F107/><W99/><G59/><T88/><D67/><U44/><E11/><V32/><F6/><N who="3" m="3351" /><G9/><N who="0" m="6255" /><D57/><U4/><E4/><V102/><F64/><W129/><G56/><T45/><D45/><U114/><E114/><V23/><F61/><W101/><G65/><T37/><D37/><U105/><E105/><V73/><F60/><W120/><G120/><T27/><D27/><N who="3" m="10249" /><G129/><T111/><N who="0" m="41586" /><T94/><DORA hai="71" /><D94/><AGARI ba="3,0" hai="76,79,85,89,93,94,99,101" m="10249,3351" machi="94" ten="30,1000,0" yaku="8,1" doraHai="116,71" who="3" fromWho="0" sc="335,-19,321,0,164,0,180,19" /><INIT seed="2,0,0,2,4,60" ten="316,321,164,199" oya="2" hai0="124,44,43,102,6,70,81,101,67,122,64,31,51" hai1="50,135,49,37,7,22,73,20,25,96,104,99,98" hai2="54,100,24,59,127,115,11,36,105,85,15,71,89" hai3="92,14,29,106,134,130,8,117,12,119,45,69,4"/><V97/><F115/><W16/><G106/><T128/><D122/><U66/><E37/><V56/><F71/><W23/><G69/><T18/><D124/><U133/><E73/><V129/><F127/><W65/><G130/><T21/><D128/><U39/><E39/><V2/><F129/><W118/><G134/><N who="1" m="51210" /><E7/><V108/><F2/><W79/><G79/><T35/><D6/><U95/><E104/><V88/><F36/><W131/><G131/><T116/><D116/><U41/><E66/><N who="0" m="25129" /><D35/><U13/><E41/><V103/><F108/><W112/><G112/><T27/><D70/><U5/><E95/><N who="2" m="56551" /><F105/><W83/><G65/><T74/><D74/><U80/><E80/><N who="2" m="49319" /><F24/><W34/><G83/><T120/><D120/><U90/><E90/><V63/><F59/><W48/><G92/><T28/><D81/><U109/><E109/><V40/><F40/><W125/><G125/><T91/><D91/><U132/><E132/><V47/><F47/><W78/><G78/><T55/><D43/><U33/><E33/><V84/><F84/><W46/><REACH who="3" step="1"/><G48/><REACH who="3" ten="316,321,164,189" step="2"/><N who="1" m="18538" /><E25/><AGARI ba="0,1" hai="4,8,12,14,16,23,25,29,34,45,46,117,118,119" machi="25" ten="40,2600,0" yaku="1,1,54,1,53,0" doraHai="60" doraHaiUra="126" who="3" fromWho="1" sc="316,0,321,-26,164,0,189,36" /><INIT seed="3,0,0,5,5,84" ten="316,295,164,225" oya="3" hai0="87,43,7,74,96,72,128,93,76,12,39,85,1" hai1="11,48,108,92,122,14,37,53,68,101,121,80,99" hai2="58,127,67,20,25,42,46,86,126,131,65,55,106" hai3="78,60,22,64,112,95,5,109,71,90,28,16,103"/><W70/><G112/><T113/><D12/><U54/><E68/><V124/><F106/><W24/><G103/><T129/><D113/><U77/><E37/><V79/><F131/><N who="0" m="50250" /><D43/><U134/><E108/><V130/><F130/><W123/><G123/><T69/><D69/><U89/><E134/><V132/><F132/><W47/><G70/><T100/><D39/><U40/><E101/><V45/><F79/><W9/><G109/><T62/><D62/><U34/><E34/><V83/><F65/><W30/><G78/><T105/><D105/><U3/><E3/><V107/><F67/><W0/><REACH who="3" step="1"/><G47/><REACH who="3" ten="316,295,164,215" step="2"/><T19/><D76/><U82/><E122/><V49/><F107/><W110/><G110/><T116/><D116/><U44/><E121/><V10/><F10/><W56/><G56/><T29/><D100/><U120/><E120/><V6/><F6/><W98/><AGARI ba="0,1" hai="0,5,9,16,22,24,28,30,60,64,71,90,95,98" machi="98" ten="20,12000,1" yaku="1,1,0,1,7,1,52,1,54,1,53,0" doraHai="84" doraHaiUra="51" who="3" fromWho="3" sc="316,-40,295,-40,164,-40,215,130" owari="276,7.6,255,-14.5,124,-37.6,345,44.5" /></mjloggm>