<mjloggm ver="2.3"><GO type="225" lobby="0"/><UN n0="%E3%81%8F%E3%82%8A%E3%83%94%E3%83%BC" n1="%E6%97%A5%E6%9B%9C%E6%97%A5%E3%82%88%E3%82%8A%E3%81%AE%E4%BD%BF%E8%80%85" n2="%74%61%6B%75%61%6B%61" n3="%E7%9C%9F%E4%B8%80" dan="16,17,16,17" rate="2107.20,2168.74,2169.23,2249.73" sx="M,M,M,M"/><TAIKYOKU oya="0"/><INIT seed="0,0,0,3,3,126" ten="250,250,250,250" oya="0" hai0="57,55,14,15,102,65,112,17,72,98,74,56,101" hai1="23,67,87,85,6,96,58,108,122,5,76,37,0" hai2="10,114,20,64,82,86,34,53,109,47,95,93,80" hai3="52,54,22,79,120,83,111,68,39,28,42,29,8"/><T27/><D112/><U50/><E37/><V132/><F34/><W100/><G68/><T104/><D14/><U84/><E122/><V26/><F114/><W16/><G111/><T4/><D4/><N who="1" m="1643" /><E0/><V11/><F109/><W106/><G120/><T69/><D69/><U44/><E108/><V130/><F132/><W127/><G127/><T103/><D27/><U24/><E96/><V60/><F130/><W45/><G8/><N who="2" m="3113" /><F64/><W38/><G38/><T1/><D1/><U41/><E76/><N who="2" m="46343" /><F82/><W18/><G18/><T71/><D71/><U113/><E113/><V124/><F124/><W75/><G106/><T91/><D104/><U118/><E118/><V121/><F121/><W66/><G100/><T88/><D98/><U131/><E131/><V70/><F70/><W9/><G9/><N who="0" m="6383" /><D74/><U13/><E13/><V119/><F119/><W40/><G66/><T46/><D72/><U97/><E97/><V12/><F12/><W32/><G32/><T2/><D2/><U62/><E87/><V89/><F89/><N who="0" m="34378" /><D65/><U35/><E35/><V117/><F117/><W135/><G135/><T51/><AGARI ba="0,0" hai="46,51,55,56,57,101,102,103" m="34378,6383" machi="51" ten="30,3000,0" yaku="8,1,54,1" doraHai="126" who="0" fromWho="0" sc="250,30,250,-10,250,-10,250,-10" /><INIT seed="0,1,0,0,0,46" ten="280,240,240,240" oya="0" hai0="82,101,54,127,11,31,27,78,94,1,66,0,5" hai1="16,22,88,132,10,99,90,117,30,134,91,41,110" hai2="62,73,43,107,40,70,44,130,108,79,112,68,125" hai3="93,106,84,45,103,86,92,25,17,56,96,122,126"/><T4/><D127/><U51/><E117/><V26/><F112/><W24/><G126/><T8/><D66/><U109/><E30/><V32/><F125/><W53/><G122/><T121/><D121/><U34/><E34/><V49/><F107/><W76/><G45/><T98/><D54/><U102/><E10/><V69/><F108/><N who="1" m="41577" /><E41/><V28/><F130/><W50/><G76/><T131/><D131/><U100/><E51/><V95/><F95/><W12/><G106/><T2/><D2/><U97/><E97/><V3/><F3/><W35/><G35/><T60/><D60/><U115/><E115/><V75/><F40/><W58/><G58/><T18/><D18/><U80/><E80/><V38/><F49/><W72/><G72/><T83/><REACH who="0" step="1"/><D78/><REACH who="0" ten="270,240,240,240" step="2"/><U7/><E7/><V87/><F62/><W36/><G36/><T42/><D42/><U120/><E120/><V81/><AGARI ba="1,1" hai="26,28,32,38,43,44,68,69,70,73,75,79,81,87" machi="81" ten="40,1500,0" yaku="0,1" doraHai="46" who="2" fromWho="2" sc="270,-8,240,-5,240,28,240,-5" /><INIT seed="1,0,0,2,0,83" ten="262,235,268,235" oya="1" hai0="16,128,33,122,43,97,135,72,31,62,19,94,64" hai1="132,109,96,12,126,107,35,120,84,47,114,77,27" hai2="9,14,74,55,102,106,134,129,51,123,90,54,25" hai3="118,15,59,26,87,11,23,133,115,44,49,69,99"/><U73/><E114/><V32/><F123/><W117/><G69/><T82/><D122/><U98/><E120/><V36/><F36/><W116/><G115/><T7/><D7/><U30/><E73/><V81/><F129/><W52/><G133/><T110/><D43/><U3/><E3/><V124/><F124/><W121/><G121/><T111/><D135/><U22/><E107/><V1/><F1/><W104/><G59/><T17/><D128/><U57/><E132/><V103/><F134/><W40/><G40/><T108/><D31/><U92/><E126/><V67/><F67/><W70/><G70/><T101/><D33/><U50/><E109/><V8/><F106/><W18/><G104/><T60/><REACH who="0" step="1"/><D64/><REACH who="0" ten="252,235,268,235" step="2"/><U21/><E35/><V100/><F32/><W6/><G99/><T5/><D5/><U39/><E39/><V58/><F55/><W48/><G48/><T24/><D24/><U65/><E98/><V78/><F25/><W10/><G10/><T4/><D4/><U68/><E96/><V42/><F42/><W20/><G20/><T66/><D66/><U37/><E37/><V2/><F8/><W0/><G0/><T29/><D29/><U41/><E68/><V91/><REACH who="2" step="1"/><F2/><REACH who="2" ten="252,235,258,235" step="2"/><W71/><G71/><T125/><D125/><U13/><E65/><V95/><F95/><W112/><G112/><T63/><D63/><U86/><E92/><V127/><F127/><W45/><G118/><T130/><D130/><U34/><E34/><V53/><F53/><W76/><G117/><T85/><D85/><N who="1" m="32875" /><E27/><V80/><F80/><N who="3" m="47495" /><G116/><T56/><D56/><RYUUKYOKU ba="0,2" sc="252,10,235,-30,258,10,235,10" hai0="16,17,19,60,62,72,82,94,97,101,108,110,111" hai2="9,14,51,54,58,74,78,81,90,91,100,102,103" hai3="6,11,15,18,23,26,44,45,49,52" /><INIT seed="2,1,2,5,1,126" ten="262,205,268,245" oya="2" hai0="1,31,97,85,109,44,121,72,34,48,66,124,70" hai1="73,20,69,27,79,107,58,28,135,112,38,129,100" hai2="101,125,22,2,26,117,68,105,56,108,94,110,59" hai3="23,93,19,132,8,51,7,76,77,9,133,17,118"/><V71/><F117/><W24/><G118/><T123/><D72/><U87/><E112/><V84/><F105/><W21/><G51/><T40/><D1/><U99/><E69/><N who="2" m="26699" /><F2/><W47/><G47/><T64/><D124/><U115/><E115/><V13/><F13/><W10/><G93/><T42/><D109/><N who="2" m="42090" /><F125/><W14/><REACH who="3" step="1"/><G7/><REACH who="3" ten="262,205,268,235" step="2"/><T45/><D48/><U3/><E107/><V18/><F101/><W95/><G95/><T120/><D45/><U37/><E100/><V88/><AGARI ba="1,3" hai="18,22,26,56,59,84,88,94" m="42090,26699" machi="88" ten="40,7800,0" yaku="14,1,10,1,54,1" doraHai="126" who="2" fromWho="2" sc="262,-27,205,-27,268,111,235,-27" /><INIT seed="2,2,0,4,4,76" ten="235,178,379,208" oya="2" hai0="85,15,39,117,78,107,2,31,16,10,42,80,120" hai1="105,13,94,33,29,63,6,66,108,49,0,121,1" hai2="134,14,4,109,64,83,110,11,73,87,82,9,77" hai3="112,43,75,60,130,116,37,52,61,72,84,28,54"/><V118/><F118/><W128/><G116/><T50/><D120/><U100/><E94/><V8/><F134/><W96/><G28/><T111/><D107/><U114/><E49/><V122/><F122/><W135/><G135/><T56/><D117/><U30/><E114/><V41/><F64/><W23/><G112/><T7/><D111/><N who="2" m="42506" /><F41/><W131/><G23/><T132/><D132/><U68/><E30/><V20/><F20/><W35/><G35/><T74/><D31/><U55/><E55/><N who="3" m="21034" /><G96/><T115/><D115/><U89/><E108/><V123/><F123/><W58/><G84/><T38/><D74/><N who="3" m="28201" /><G58/><T113/><D113/><U62/><E121/><V67/><F67/><W71/><G71/><T106/><D106/><U81/><E105/><V125/><F125/><W34/><G34/><T48/><D48/><U40/><E33/><V32/><F32/><W5/><G5/><T86/><D86/><N who="1" m="50383" /><E66/><V88/><AGARI ba="2,0" hai="4,8,9,11,14,73,77,82,83,87,88" m="42506" machi="88" ten="30,12000,1" yaku="14,1,10,1,52,2,54,1" doraHai="76" who="2" fromWho="2" sc="235,-42,178,-42,379,126,208,-42" /><INIT seed="2,3,0,3,3,93" ten="193,136,505,166" oya="2" hai0="107,103,1,98,91,75,123,129,40,92,74,108,24" hai1="65,7,18,116,23,72,76,54,15,94,88,17,111" hai2="109,105,89,32,14,124,100,122,112,2,10,132,115" hai3="97,84,131,86,49,60,134,12,9,80,125,21,6"/><V20/><F105/><W90/><G134/><T46/><D123/><U110/><E116/><V70/><F100/><W78/><G131/><T45/><D129/><U77/><E65/><V99/><F99/><W113/><G113/><T47/><D1/><U4/><E54/><V127/><F89/><W62/><G125/><N who="2" m="48201" /><F70/><W37/><G37/><T82/><D108/><N who="1" m="41515" /><E18/><N who="2" m="10327" /><F109/><W51/><G21/><T121/><D121/><U29/><E29/><V59/><F59/><W3/><G3/><T5/><D5/><N who="1" m="2123" /><E72/><V25/><F122/><W69/><G97/><AGARI ba="3,0" hai="15,17,23,76,77,88,94,97" m="2123,41515" machi="97" ten="30,3900,0" yaku="14,1,52,1,54,1" doraHai="93" who="1" fromWho="3" sc="193,0,136,48,505,0,166,-48" /><INIT seed="3,0,0,1,4,8" ten="193,184,505,118" oya="3" hai0="59,85,72,66,63,99,10,123,135,120,108,19,76" hai1="49,89,80,86,56,9,26,35,118,42,114,70,27" hai2="71,44,132,20,11,64,104,33,4,40,62,121,109" hai3="87,12,112,75,94,98,65,55,83,58,37,79,101"/><W16/><G112/><T78/><D72/><U54/><E114/><V100/><F109/><W14/><G37/><T25/><D108/><U2/><E70/><V82/><F132/><W3/><G3/><T51/><D135/><U30/><E118/><V13/><F121/><W52/><G75/><T34/><D78/><U117/><E117/><V29/><F20/><N who="3" m="11271" /><G14/><T41/><D99/><U1/><E9/><V60/><F82/><W84/><G87/><T39/><D85/><U53/><E42/><V17/><F4/><W115/><G115/><T0/><D34/><U57/><E27/><V107/><F60/><AGARI ba="0,0" hai="52,55,58,60,65,79,83,84,94,98,101" m="11271" machi="60" ten="30,11600,0" yaku="8,1,52,1,54,2" doraHai="8" who="3" fromWho="2" sc="193,0,184,0,505,-116,118,116" /><AGARI ba="0,0" hai="1,2,26,30,35,49,53,54,56,57,60,80,86,89" machi="60" ten="30,1000,0" yaku="7,1" doraHai="8" who="1" fromWho="2" sc="193,0,184,10,389,-10,234,0" /><INIT seed="3,1,0,5,3,47" ten="193,194,379,234" oya="3" hai0="42,46,102,127,29,115,1,82,101,56,103,12,7" hai1="88,27,63,128,123,84,90,87,96,111,94,131,64" hai2="14,68,21,16,89,22,34,24,121,11,122,40,120" hai3="66,129,49,71,35,110,55,52,124,33,28,97,116"/><W20/><G116/><T65/><D1/><U13/><E123/><V70/><F40/><W83/><G71/><N who="2" m="27177" /><F89/><W31/><G66/><T36/><D127/><U132/><E111/><V17/><F34/><W75/><G97/><T38/><D115/><U114/><E132/><V44/><F44/><W62/><G75/><T78/><D29/><U6/><E114/><V61/><F61/><W39/><G39/><T104/><D104/><U74/><E74/><V130/><F130/><N who="1" m="49705" /><E27/><V109/><F109/><W26/><G83/><T80/><D38/><U51/><E51/><V133/><F133/><W73/><G73/><T69/><D69/><N who="1" m="42143" /><E90/><V77/><F77/><W126/><G110/><T25/><D25/><U10/><AGARI ba="1,0" hai="6,10,13,84,87,88,94,96" m="42143,49705" machi="10" ten="30,2000,0" yaku="19,1,54,1" doraHai="47" who="1" fromWho="1" sc="193,-6,194,23,379,-6,234,-11" owari="187,-31.3,217,-18.3,373,47.3,223,2.3" /></mjloggm>