<mjloggm ver="2.3"><GO type="225" lobby="0"/><UN n0="%E7%B4%94%E6%BD%94%E3%83%94%E3%83%A9%E3%83%8B%E3%82%A2" n1="%73%75%7A%75%6D%65%33" n2="%E3%81%82%E3%81%99%E3%81%AB%E3%82%83%E3%82%80" n3="%72%69%6F%75%63%68%61%6E" dan="18,18,16,17" rate="2286.00,2246.59,2159.37,2150.79" sx="M,M,F,M"/><TAIKYOKU oya="0"/><INIT seed="0,0,0,2,2,103" ten="250,250,250,250" oya="0" hai0="49,94,23,52,56,1,107,122,24,61,106,121,7" hai1="16,50,46,84,117,37,114,83,92,105,118,25,48" hai2="64,77,65,14,40,5,19,6,4,98,58,96,38" hai3="85,97,93,30,11,70,80,44,89,132,45,26,2"/><T18/><D1/><U101/><E37/><V81/><F38/><W36/><G132/><T34/><D7/><U78/><E114/><V0/><F0/><W125/><G125/><T109/><D34/><U27/><E50/><V47/><F40/><W111/><G111/><T12/><D109/><U17/><E118/><V95/><F47/><W57/><G70/><T88/><D12/><U135/><E105/><N who="0" m="39945" /><D49/><U43/><E135/><V29/><F29/><W32/><G36/><T62/><D62/><U87/><E117/><V119/><F58/><W60/><G11/><T100/><D100/><U42/><E42/><V134/><F134/><W73/><G73/><T72/><D72/><U28/><E101/><V116/><F119/><W22/><G2/><T91/><D91/><N who="1" m="53375" /><E28/><V82/><F116/><W130/><G32/><T123/><D123/><U104/><E104/><V3/><F3/><W129/><G44/><T124/><D124/><U39/><E39/><V54/><F4/><W131/><G45/><T71/><D71/><U68/><E68/><V90/><F90/><W67/><REACH who="3" step="1"/><G129/><REACH who="3" ten="250,250,250,240" step="2"/><T35/><D35/><U127/><E127/><V69/><F69/><W86/><G86/><T41/><D41/><U21/><E46/><V128/><F128/><W113/><G113/><T55/><D55/><U63/><E43/><V102/><F54/><W9/><G9/><T126/><D126/><U13/><E21/><V31/><F5/><W79/><AGARI ba="0,1" hai="22,26,30,57,60,67,79,80,85,89,93,97,130,131" machi="79" ten="30,2000,0" yaku="1,1,0,1,53,0" doraHai="103" doraHaiUra="99" who="3" fromWho="3" sc="250,-10,250,-5,250,-5,240,30" /><INIT seed="1,0,0,5,4,105" ten="240,245,245,270" oya="1" hai0="107,84,65,106,43,93,50,4,91,89,68,64,109" hai1="134,111,115,121,56,21,112,0,69,42,30,131,29" hai2="15,102,119,31,113,63,67,37,118,117,103,120,125" hai3="78,96,57,92,35,130,22,123,60,17,87,18,76"/><U28/><E69/><V59/><F120/><W99/><G130/><T46/><D109/><U10/><E42/><V83/><F125/><W40/><G123/><T72/><D107/><U79/><E121/><V108/><F108/><W97/><G35/><T51/><D106/><U110/><E56/><V12/><F37/><W94/><G40/><T135/><D135/><U16/><E79/><N who="3" m="30250" /><G87/><T82/><D72/><U100/><E100/><V129/><F129/><W71/><G71/><T8/><D51/><U6/><E131/><V132/><F132/><W127/><G127/><T73/><D73/><U104/><E104/><V55/><F31/><W53/><G17/><T7/><D68/><U1/><E134/><V19/><F113/><N who="1" m="43593" /><E1/><V52/><F83/><W124/><G124/><T95/><D82/><U98/><E98/><N who="3" m="25090" /><W45/><DORA hai="23" /><G45/><T36/><D36/><U54/><E54/><V85/><F85/><W27/><AGARI ba="0,0" hai="18,22,27,53,57,60,92,94" m="25090,30250" machi="27" ten="40,2700,0" yaku="8,1,52,1" doraHai="105,23" who="3" fromWho="3" sc="240,-7,245,-13,245,-7,270,27" /><INIT seed="2,0,0,0,5,51" ten="233,232,238,297" oya="2" hai0="126,132,110,121,4,57,113,35,53,71,1,118,102" hai1="31,78,130,84,120,82,64,46,8,30,129,81,13" hai2="85,109,22,117,62,63,91,80,106,124,134,122,16" hai3="70,6,28,37,93,36,60,23,98,24,49,115,96"/><V47/><F117/><W11/><G115/><T100/><RYUUKYOKU type="yao9" ba="0,0" sc="233,0,232,0,238,0,297,0" hai0="1,4,35,53,57,71,100,102,110,113,118,121,126,132" /><INIT seed="2,1,0,4,4,108" ten="233,232,238,297" oya="2" hai0="117,43,129,57,59,23,102,126,133,76,96,16,8" hai1="47,105,58,75,7,3,31,19,115,99,131,123,9" hai2="87,32,95,5,2,124,36,86,83,45,118,42,132" hai3="122,13,134,44,84,29,72,104,79,90,116,65,63"/><V49/><F118/><W91/><G116/><T17/><D117/><U62/><E75/><V11/><F132/><W112/><G122/><T40/><D133/><U107/><E123/><V10/><F124/><W51/><G134/><T114/><D126/><U89/><E31/><V128/><F128/><W109/><G109/><T119/><D129/><U110/><E110/><V100/><F32/><W111/><G111/><T130/><D130/><U74/><E74/><V24/><F24/><W25/><G104/><T4/><D76/><U92/><E131/><V70/><F70/><W68/><G72/><T82/><D82/><U80/><E80/><V88/><F11/><W106/><G106/><T28/><D28/><U1/><E1/><V125/><F125/><W34/><G112/><T77/><D77/><U103/><E115/><V18/><F18/><W38/><G38/><T48/><D114/><U6/><E6/><V66/><F66/><W93/><G13/><N who="0" m="5255" /><D17/><U61/><E61/><V113/><F113/><W14/><G14/><N who="0" m="9623" /><D119/><U71/><E71/><V37/><REACH who="2" step="1"/><F100/><REACH who="2" ten="233,232,228,297" step="2"/><W41/><G68/><T94/><D57/><U121/><E121/><V15/><F15/><W81/><G34/><T22/><D22/><U53/><E103/><V135/><F135/><W55/><G25/><T56/><D59/><U78/><E19/><V64/><F64/><W27/><G65/><T60/><D60/><U67/><E78/><AGARI ba="1,1" hai="2,5,10,36,37,42,45,49,78,83,86,87,88,95" machi="78" ten="30,11600,0" yaku="1,1,7,1,54,1,53,1" doraHai="108" doraHaiUra="85" who="2" fromWho="1" sc="233,0,232,-119,228,129,297,0" /><INIT seed="2,2,0,1,1,134" ten="233,113,357,297" oya="2" hai0="40,8,111,51,56,42,96,46,110,64,102,79,19" hai1="107,1,97,55,30,88,43,120,118,109,22,45,65" hai2="39,37,130,21,3,13,35,115,86,16,93,84,54" hai3="53,105,70,29,11,78,27,57,75,103,32,99,91"/><V2/><F115/><W108/><G108/><N who="0" m="41515" /><D79/><U15/><E109/><V17/><F35/><W9/><G70/><T114/><D114/><U24/><E118/><V61/><F130/><W41/><G41/><N who="0" m="25039" /><D19/><U44/><E120/><V34/><F34/><W10/><G91/><T26/><D26/><U66/><E1/><V116/><F116/><W71/><G71/><T5/><D56/><U20/><E107/><V100/><F84/><W68/><G68/><T58/><D58/><U94/><E55/><V113/><F113/><W4/><G78/><T98/><D64/><U23/><E44/><V48/><F61/><W82/><G82/><T77/><D77/><U0/><E0/><V92/><F92/><W135/><G135/><T125/><D98/><U128/><E128/><V25/><F39/><W90/><G90/><T12/><D125/><U101/><E101/><V49/><F37/><W124/><G124/><T47/><D47/><U85/><E97/><V28/><F49/><W7/><REACH who="3" step="1"/><G75/><REACH who="3" ten="233,113,357,287" step="2"/><T133/><D133/><U76/><E76/><V80/><F100/><W33/><G33/><T62/><D62/><AGARI ba="2,1" hai="4,7,9,10,11,27,29,32,53,57,62,99,103,105" machi="62" ten="40,2600,0" yaku="1,1,53,1" doraHai="134" doraHaiUra="59" who="3" fromWho="0" sc="233,-32,113,0,357,0,287,42" /><INIT seed="3,0,0,3,3,124" ten="201,113,357,329" oya="3" hai0="57,135,108,72,47,113,103,65,25,107,68,23,83" hai1="69,67,102,9,5,85,96,116,54,125,11,118,98" hai2="17,51,111,7,84,82,28,70,105,29,14,110,49" hai3="121,74,101,37,87,90,1,100,52,112,122,26,132"/><W91/><G112/><T109/><D113/><U46/><E125/><V71/><F7/><W2/><G74/><T36/><D68/><U4/><E69/><N who="2" m="26123" /><F105/><W120/><G37/><T50/><D135/><U16/><E67/><V34/><F34/><W18/><G132/><T32/><D32/><U22/><E85/><V43/><F43/><W78/><G78/><T63/><D36/><U126/><E126/><V66/><F66/><W56/><G100/><T21/><D83/><U27/><E118/><V117/><F117/><W20/><G101/><T89/><D89/><U55/><E116/><V41/><F41/><W0/><REACH who="3" step="1"/><G87/><REACH who="3" ten="201,113,357,319" step="2"/><T8/><D103/><U58/><E46/><V73/><F73/><W123/><N who="3" m="30720" /><DORA hai="94" /><W106/><G106/><T77/><D107/><U35/><E35/><V13/><F84/><W134/><G134/><T24/><D77/><U15/><E102/><V86/><F86/><W12/><G12/><T79/><D79/><U39/><E39/><V31/><F13/><W127/><G127/><T48/><D72/><U80/><E80/><V75/><F82/><W3/><N who="3" m="0" /><DORA hai="128" /><W131/><G131/><T104/><D104/><U10/><E15/><V95/><F75/><W88/><G88/><T76/><D76/><U60/><REACH who="1" step="1"/><E55/><REACH who="1" ten="201,103,357,319" step="2"/><V64/><F14/><W92/><G92/><T33/><D47/><U129/><E129/><V42/><F95/><W97/><G97/><AGARI ba="0,2" hai="4,5,9,10,11,16,22,27,54,58,60,96,97,98" machi="97" ten="40,12000,2" yaku="1,1,8,1,52,3,54,1,53,0" doraHai="124,94,128" doraHaiUra="62,81,130" who="1" fromWho="3" sc="201,0,103,140,357,0,319,-120" owari="201,-19.9,243,4.3,357,45.7,199,-30.1" /></mjloggm>