<mjloggm ver="2.3"><GO type="225" lobby="0"/><UN n0="%E5%8D%A0%E3%81%84%E5%B8%AB%E8%A3%8F%E3%81%AA%E3%81%84%E3%81%97" n1="%E4%BA%95%E5%B8%AF" n2="%E6%B8%A9%E2%98%85%E6%83%85%E2%98%85%E6%8E%AA%E2%98%85%E7%BD%AE" n3="%E3%81%BF%E3%81%BF%E3%81%9A" dan="17,16,18,18" rate="2192.11,2029.06,2189.49,2231.12" sx="M,M,M,M"/><TAIKYOKU oya="0"/><INIT seed="0,0,0,4,4,91" ten="250,250,250,250" oya="0" hai0="52,8,11,13,10,107,7,82,1,132,33,51,129" hai1="62,120,3,45,57,89,65,71,16,134,127,9,14" hai2="35,60,100,81,116,126,108,76,20,123,94,21,85" hai3="5,70,122,114,135,46,130,84,17,59,6,133,42"/><T74/><D107/><U105/><E120/><V12/><F123/><W43/><G70/><T90/><D33/><U102/><E127/><V68/><F35/><W93/><G114/><T40/><D132/><N who="3" m="50761" /><G122/><T115/><D115/><U49/><E134/><V44/><F126/><W23/><G130/><T83/><D129/><U29/><E3/><V78/><F108/><W4/><G59/><T66/><D66/><U79/><E79/><V63/><F68/><W109/><G109/><T67/><D67/><U27/><E89/><V38/><F116/><W112/><G112/><T98/><D40/><N who="3" m="15401" /><G46/><N who="0" m="27767" /><D74/><U2/><E2/><V73/><F44/><W95/><G84/><T34/><D34/><U36/><E36/><V15/><F38/><W86/><G86/><T39/><D39/><U53/><E71/><V111/><F111/><W124/><G124/><T72/><D72/><U101/><REACH who="1" step="1"/><E105/><REACH who="1" ten="250,240,250,250" step="2"/><V99/><F73/><W22/><G22/><AGARI ba="0,1" hai="9,14,16,22,27,29,45,49,53,57,62,65,101,102" machi="22" ten="30,8000,1" yaku="1,1,2,1,7,1,8,1,54,1,53,0" doraHai="91" doraHaiUra="121" who="1" fromWho="3" sc="250,0,240,90,250,0,250,-80" /><INIT seed="1,0,0,3,0,133" ten="250,330,250,170" oya="1" hai0="41,28,89,120,56,19,109,6,75,93,94,87,110" hai1="135,14,35,30,59,117,68,20,121,132,97,52,27" hai2="119,43,44,108,124,105,64,11,111,65,33,84,76" hai3="83,106,74,42,88,12,4,34,71,125,102,78,3"/><U17/><E121/><V81/><F119/><W61/><G12/><T9/><D75/><U107/><E68/><V55/><F105/><W131/><G131/><T99/><D120/><U13/><E117/><V66/><F33/><W67/><G42/><T62/><D28/><U29/><E29/><V45/><F11/><W26/><G88/><T77/><D77/><U23/><E97/><V85/><F85/><W128/><G128/><T113/><D19/><U53/><E107/><V69/><F69/><W38/><G38/><T116/><D41/><U48/><E53/><V50/><REACH who="2" step="1"/><F124/><REACH who="2" ten="250,330,240,170" step="2"/><W130/><G125/><T39/><D116/><U5/><E35/><V21/><F21/><W118/><G130/><T24/><D9/><U122/><E122/><V72/><F72/><W49/><G118/><T114/><D87/><U60/><E135/><V115/><F115/><W96/><G49/><AGARI ba="0,1" hai="43,44,45,49,50,55,64,65,66,76,81,84,108,111" machi="49" ten="40,1300,0" yaku="1,1,53,0" doraHai="133" doraHaiUra="31" who="2" fromWho="3" sc="250,0,330,0,240,23,170,-13" /><INIT seed="2,0,0,3,3,16" ten="250,330,263,157" oya="2" hai0="30,5,107,23,79,58,120,93,12,84,38,49,128" hai1="15,113,96,111,74,90,82,50,117,116,36,67,69" hai2="28,26,129,66,119,31,122,83,75,35,2,46,1" hai3="45,92,11,21,40,124,76,54,29,51,131,102,91"/><V85/><F122/><W39/><G124/><T133/><D120/><U101/><E36/><V108/><F119/><W115/><G131/><T70/><D70/><U68/><E113/><V19/><F129/><W132/><G132/><T135/><D38/><U37/><E111/><V64/><F75/><W13/><G115/><T14/><D107/><U8/><E37/><V27/><F19/><W59/><G76/><T71/><D71/><U80/><E80/><V88/><F108/><W18/><G102/><T125/><D125/><U7/><E50/><V56/><F46/><W41/><G41/><T112/><D112/><U57/><E57/><V55/><F1/><W104/><G104/><T72/><D72/><U81/><E81/><V22/><REACH who="2" step="1"/><F2/><REACH who="2" ten="250,330,253,157" step="2"/><W43/><G43/><T61/><D128/><U4/><E74/><V24/><F24/><W130/><G130/><T62/><D133/><U44/><E44/><V9/><F9/><W106/><G106/><T20/><D135/><U134/><E8/><V97/><F97/><W0/><G0/><T48/><D5/><U52/><E96/><V47/><F47/><W103/><G103/><T65/><D30/><U89/><E7/><V126/><F126/><W78/><G29/><T121/><D121/><U110/><E4/><V109/><F109/><W118/><G118/><T95/><D12/><U87/><E15/><V77/><F77/><W99/><REACH who="3" step="1"/><G78/><REACH who="3" ten="250,330,253,147" step="2"/><T60/><D79/><U17/><E117/><V86/><F86/><W34/><G34/><T127/><D84/><N who="1" m="50327" /><E116/><V32/><F32/><W105/><G105/><T53/><D127/><RYUUKYOKU ba="0,2" sc="250,-15,330,-15,253,15,147,15" hai2="22,26,27,28,31,35,55,56,64,66,83,85,88" hai3="11,13,18,21,39,40,45,51,54,59,91,92,99" /><INIT seed="2,1,2,1,3,115" ten="235,315,268,162" oya="2" hai0="27,21,109,54,92,116,35,101,102,130,64,121,15" hai1="98,84,62,127,106,100,88,112,36,17,39,118,3" hai2="97,89,82,123,6,134,117,135,103,33,96,43,78" hai3="94,58,114,8,86,76,108,31,99,124,129,38,67"/><V57/><F33/><W79/><G38/><T65/><D121/><U119/><E112/><V41/><F123/><W128/><G114/><T4/><D109/><U85/><E127/><V111/><F6/><W44/><G124/><T74/><D74/><U59/><E3/><V23/><F111/><W14/><G108/><T32/><D130/><U132/><E132/><N who="2" m="50731" /><F23/><W80/><G31/><T37/><D37/><U72/><E72/><N who="2" m="43335" /><F117/><W126/><G126/><T13/><D116/><U55/><E36/><V56/><F89/><W131/><G44/><T75/><D75/><U90/><E39/><V81/><F81/><W60/><G76/><T28/><D32/><U26/><E26/><V83/><F83/><W77/><G79/><T11/><D35/><U61/><E119/><V29/><F29/><W45/><G45/><T87/><D13/><U40/><E118/><V25/><F25/><W105/><G105/><T0/><D0/><U48/><E88/><V120/><F97/><W53/><G67/><N who="0" m="25675" /><D54/><U5/><E55/><V95/><F120/><W20/><G20/><T63/><D63/><U46/><E62/><V49/><F49/><W1/><G1/><T2/><D2/><U18/><E48/><V7/><F7/><W19/><REACH who="3" step="1"/><G129/><REACH who="3" ten="235,315,268,152" step="2"/><T42/><D42/><AGARI ba="1,3" hai="41,42,43,56,57,95,96,103" m="43335,50731" machi="42" ten="30,1500,0" yaku="20,1" doraHai="115" who="2" fromWho="0" sc="235,-18,315,0,268,48,152,0" /><INIT seed="2,2,0,0,3,78" ten="217,315,316,152" oya="2" hai0="133,57,51,98,101,54,65,121,110,113,69,2,9" hai1="72,106,42,76,99,127,83,43,50,36,87,1,134" hai2="35,32,10,31,112,125,96,77,117,22,8,38,19" hai3="94,49,45,62,37,47,126,61,122,115,131,15,67"/><V118/><F38/><W100/><G122/><T103/><D121/><U114/><E114/><V29/><F77/><W68/><G15/><T7/><D113/><U52/><E127/><V64/><F64/><N who="3" m="40975" /><G94/><T63/><D110/><U128/><E128/><V55/><F55/><N who="3" m="30127" /><G100/><T48/><D133/><U59/><E36/><V75/><F96/><W26/><G26/><T40/><D48/><U120/><E134/><V23/><F75/><W104/><G104/><T89/><D40/><U34/><E34/><V30/><F112/><W86/><G86/><T28/><D28/><U73/><E1/><V119/><F125/><W90/><G90/><T25/><D25/><U39/><E39/><V46/><F46/><W11/><G11/><N who="2" m="4137" /><F19/><W4/><G4/><T14/><D2/><U17/><E120/><V74/><F74/><W95/><G95/><T3/><D3/><U92/><E73/><V56/><F56/><N who="3" m="37319" /><G115/><T129/><D129/><U24/><E106/><V88/><F88/><W108/><G126/><T44/><D69/><U53/><E72/><V105/><F105/><W71/><G108/><T102/><REACH who="0" step="1"/><D89/><REACH who="0" ten="207,315,316,152" step="2"/><U82/><E24/><V111/><F111/><W66/><G131/><T20/><D20/><AGARI ba="2,1" hai="20,22,23,29,30,31,32,35,117,118,119" m="4137" machi="20" ten="40,12000,1" yaku="28,2,34,2" doraHai="78" who="2" fromWho="0" sc="207,-126,315,0,316,136,152,0" /><INIT seed="2,3,0,0,3,108" ten="81,315,452,152" oya="2" hai0="134,111,84,69,43,88,77,124,14,60,90,99,20" hai1="24,40,27,117,38,41,110,46,29,107,78,133,85" hai2="81,87,89,96,18,116,36,129,63,1,66,61,48" hai3="47,97,123,34,112,39,52,74,16,30,33,32,113"/><V122/><F116/><W68/><G123/><T53/><D111/><U57/><E117/><V59/><F36/><W92/><G74/><T22/><D124/><U101/><E110/><V4/><F122/><W12/><G68/><T103/><D134/><U115/><E115/><N who="3" m="44106" /><G30/><T75/><D43/><U11/><E11/><V102/><F129/><W106/><G106/><T37/><D37/><U93/><E57/><V17/><F4/><W28/><G28/><T86/><D75/><U7/><E7/><V25/><F1/><W51/><G39/><T100/><D77/><U0/><E78/><V118/><F118/><W35/><N who="3" m="8192" /><DORA hai="71" /><W94/><G97/><T121/><D121/><U130/><E29/><V95/><F18/><W55/><G55/><T45/><D69/><U21/><E0/><V83/><F66/><W109/><G109/><T3/><D3/><U135/><E41/><V76/><F17/><W54/><G54/><T114/><D114/><U104/><E40/><V91/><F96/><W105/><G105/><T80/><D99/><U67/><E104/><V65/><F65/><W6/><G6/><T119/><D119/><U70/><E67/><V56/><F102/><N who="0" m="38954" /><D14/><U10/><E107/><V82/><F25/><W62/><G62/><T26/><D26/><U64/><E27/><V50/><F63/><W23/><AGARI ba="3,0" hai="12,16,23,47,51,52,92,94" m="8192,44106" machi="23" ten="60,12000,2" yaku="11,1,52,3,54,2" doraHai="108,71" who="3" fromWho="3" sc="81,-33,315,-33,452,-63,152,129" /><INIT seed="3,0,0,1,3,67" ten="48,282,389,281" oya="3" hai0="104,97,91,86,19,27,38,39,63,116,105,14,30" hai1="109,81,55,118,33,41,0,75,117,129,60,10,74" hai2="57,21,96,80,121,119,43,132,12,31,25,64,26" hai3="115,45,78,46,113,58,59,48,89,24,85,32,61"/><W77/><G32/><T130/><D130/><U82/><E129/><V76/><F119/><N who="1" m="45577" /><E33/><V6/><F132/><W108/><G108/><T100/><D116/><U18/><E41/><V72/><F121/><W29/><G29/><T122/><D122/><U42/><E42/><V79/><F79/><W34/><G34/><T8/><D105/><U66/><E55/><V114/><F43/><W135/><G135/><T87/><D87/><U106/><E106/><V68/><F68/><W125/><G125/><T83/><D27/><U131/><E109/><V112/><F96/><W133/><G133/><T28/><D28/><U98/><E98/><V47/><F47/><N who="3" m="17931" /><G24/><T111/><D30/><U65/><E131/><V56/><F26/><W13/><G13/><T90/><D111/><U92/><E92/><V127/><F127/><W49/><G115/><T126/><D126/><U99/><E99/><V123/><F123/><W40/><G113/><T37/><D63/><U103/><E103/><V15/><F114/><W20/><G20/><T1/><D1/><U107/><E107/><V52/><F112/><W62/><G40/><T128/><D128/><U17/><E66/><V3/><F3/><W84/><G61/><T73/><D73/><N who="1" m="27659" /><E0/><V22/><F15/><W54/><G85/><T53/><D53/><U95/><E95/><V70/><F12/><W50/><G58/><T71/><D71/><N who="1" m="42407" /><E10/><V16/><F6/><W36/><G36/><T7/><D7/><U5/><E5/><V93/><F57/><W124/><G124/><T4/><D4/><U102/><E102/><V94/><F56/><RYUUKYOKU ba="0,0" sc="48,10,282,10,389,-30,281,10" hai0="8,14,19,37,38,39,83,86,90,91,97,100,104" hai1="17,18,81,82" hai3="48,49,50,54,59,62,77,78,84,89" /><INIT seed="3,1,0,1,4,65" ten="58,292,359,291" oya="3" hai0="119,11,77,89,88,13,66,92,132,72,17,27,133" hai1="7,46,79,84,70,114,111,12,36,53,30,115,69" hai2="128,101,94,113,98,95,105,49,25,38,57,34,80" hai3="48,10,82,0,18,76,23,15,108,44,127,3,126"/><W8/><G48/><T81/><D119/><U31/><E111/><V122/><F113/><W134/><G44/><T131/><D131/><U130/><E130/><V32/><F38/><W97/><G97/><T58/><D27/><U22/><E84/><V63/><F128/><W68/><G68/><T106/><D106/><U123/><E79/><V26/><F122/><W120/><G120/><T50/><D89/><U121/><E7/><V33/><F49/><W60/><G60/><T28/><D28/><U124/><E12/><V19/><F80/><W135/><G108/><T40/><D66/><U93/><E22/><V83/><F83/><W56/><G56/><T52/><D40/><U62/><E46/><V96/><F19/><W125/><G82/><T6/><D6/><U116/><E93/><V129/><F129/><W100/><G100/><T86/><D11/><N who="3" m="4137" /><G76/><T78/><D78/><U90/><E90/><V16/><F105/><W61/><G61/><T118/><D118/><U29/><E62/><V20/><F57/><W54/><G54/><T39/><D39/><U2/><E36/><V85/><F63/><W117/><G117/><T104/><D104/><U35/><E116/><V102/><F85/><W47/><G47/><T4/><D4/><U67/><E53/><V55/><F55/><W14/><G14/><AGARI ba="1,0" hai="14,16,20,25,26,32,33,34,94,95,96,98,101,102" machi="14" ten="40,2600,0" yaku="9,1,54,1" doraHai="65" who="2" fromWho="3" sc="58,0,292,0,359,29,291,-29" owari="58,-44.2,292,9.2,388,48.8,262,-13.8" /></mjloggm>