<mjloggm ver="2.3"><GO type="225" lobby="0"/><UN n0="%E3%81%AF%E3%82%88%E3%81%8A%E3%81%98%E3%81%95%E3%82%93" n1="%73%61%6E%64%69%72%69%73" n2="%E3%81%A6%E3%81%A4%EF%BC%A3" n3="%72%61%6B%33" dan="16,16,16,17" rate="2173.20,2134.98,2064.86,2247.14" sx="M,M,M,M"/><TAIKYOKU oya="0"/><INIT seed="0,0,0,5,2,2" ten="250,250,250,250" oya="0" hai0="109,107,73,44,57,26,135,78,64,13,41,75,24" hai1="132,47,80,81,108,11,23,52,51,86,68,32,97" hai2="110,79,38,134,3,65,71,104,112,125,84,89,120" hai3="67,10,28,37,123,98,16,48,91,43,124,6,21"/><T46/><D107/><U131/><E32/><V87/><RYUUKYOKU type="yao9" ba="0,0" sc="250,0,250,0,250,0,250,0" hai2="3,38,65,71,79,84,87,89,104,110,112,120,125,134" /><INIT seed="0,1,0,0,3,64" ten="250,250,250,250" oya="0" hai0="115,48,126,117,78,6,42,100,75,132,88,135,124" hai1="87,22,25,4,86,7,79,0,85,12,113,36,13" hai2="96,129,109,59,37,120,18,73,92,95,8,20,60" hai3="130,21,112,62,134,9,5,30,65,111,32,3,89"/><T55/><D115/><U76/><E36/><V31/><F120/><W19/><G112/><T67/><D117/><U108/><E113/><V74/><F109/><W28/><G111/><T68/><D100/><U49/><E108/><V45/><F129/><W127/><G130/><T119/><D119/><U94/><E0/><V122/><F122/><W82/><G127/><N who="0" m="48683" /><D6/><N who="1" m="2091" /><E94/><V53/><F8/><W81/><G134/><N who="0" m="51243" /><D42/><U26/><E49/><V16/><F31/><W33/><G28/><T43/><D43/><U77/><E22/><V54/><F37/><W24/><G89/><T133/><N who="0" m="51251" /><T99/><DORA hai="118" /><D78/><U104/><E104/><V98/><F45/><W15/><REACH who="3" step="1"/><G32/><REACH who="3" ten="250,250,250,240" step="2"/><T105/><D88/><U61/><E61/><V125/><F125/><W110/><G110/><T50/><D99/><U44/><E44/><V128/><F128/><W80/><G80/><T11/><D105/><U103/><E103/><V46/><F98/><W39/><G39/><T83/><D83/><U90/><E90/><V66/><F96/><W52/><G52/><T47/><D50/><U29/><E29/><V63/><F46/><W116/><G116/><T35/><D35/><U131/><E131/><V58/><F66/><W14/><G14/><AGARI ba="1,1" hai="12,13,14,25,26,76,77,79,85,86,87" m="2091" machi="14" ten="40,5200,0" yaku="28,2,8,1" doraHai="64,118" who="1" fromWho="3" sc="250,0,250,65,250,0,240,-55" /><INIT seed="1,0,0,1,3,16" ten="250,315,250,185" oya="1" hai0="4,25,79,19,59,135,54,92,45,43,91,50,2" hai1="120,18,60,100,101,109,44,22,75,40,49,8,127" hai2="90,56,111,11,5,126,36,67,88,113,29,65,108" hai3="95,20,76,81,62,121,106,82,68,87,1,72,129"/><U80/><E120/><V14/><F36/><W3/><G121/><T7/><D135/><U102/><E127/><V42/><F126/><W123/><G123/><T116/><D116/><U71/><E109/><N who="2" m="42059" /><F113/><W23/><G106/><T74/><D2/><U96/><E8/><V105/><F105/><W55/><G129/><T78/><D74/><U21/><E18/><V93/><F42/><W6/><G95/><T38/><D79/><U97/><E75/><V133/><F133/><W114/><G114/><T86/><D78/><U33/><E33/><V112/><F112/><W24/><G3/><T89/><D91/><N who="2" m="34858" /><F93/><W66/><G55/><T125/><D125/><U35/><E35/><V51/><F29/><W53/><G53/><AGARI ba="0,0" hai="5,11,14,51,53,56,65,67" m="34858,42059" machi="53" ten="30,2000,0" yaku="14,1,54,1" doraHai="16" who="2" fromWho="3" sc="250,0,315,0,250,20,185,-20" /><INIT seed="2,0,0,4,1,103" ten="250,315,270,165" oya="2" hai0="72,33,27,81,44,116,61,74,29,48,82,100,117" hai1="110,71,75,95,90,92,65,134,4,109,135,1,5" hai2="7,133,73,36,3,24,83,128,76,112,58,32,21" hai3="68,87,19,46,34,104,13,2,12,43,45,70,22"/><V11/><F112/><W122/><G122/><T14/><D100/><U10/><E75/><N who="0" m="28713" /><D14/><U105/><E105/><V84/><F133/><N who="1" m="50697" /><E5/><V131/><F36/><W8/><G34/><T49/><D61/><N who="1" m="40367" /><E92/><V55/><F32/><W118/><G118/><N who="0" m="45675" /><D48/><U78/><E78/><V20/><F73/><W97/><G2/><T96/><D96/><AGARI ba="0,0" hai="1,4,10,90,95,96,109,110" m="40367,50697" machi="96" ten="30,1000,0" yaku="20,1" doraHai="103" who="1" fromWho="0" sc="250,-10,315,10,270,0,165,0" /><INIT seed="3,0,0,0,4,101" ten="240,325,270,165" oya="3" hai0="17,69,115,1,36,72,91,131,80,119,37,48,33" hai1="61,89,56,88,21,57,100,9,84,67,93,124,11" hai2="77,71,13,107,86,83,70,44,102,63,123,73,35" hai3="49,55,19,62,92,39,133,126,103,68,118,105,31"/><W26/><G118/><T6/><D119/><U104/><E124/><V130/><F130/><W41/><G126/><T110/><D69/><U121/><E121/><V112/><F123/><W114/><G133/><T65/><D33/><U81/><E104/><V78/><F112/><W38/><G114/><T116/><D115/><U58/><E100/><V14/><F35/><W23/><G92/><T66/><D116/><U74/><E74/><V15/><F44/><W34/><G41/><T54/><D131/><U0/><E21/><V90/><F77/><W59/><G68/><T96/><D110/><U30/><E30/><V76/><F78/><W97/><REACH who="3" step="1"/><G62/><REACH who="3" ten="240,325,270,155" step="2"/><T99/><D37/><U87/><E0/><V85/><F63/><W113/><G113/><T20/><D36/><U47/><E47/><V22/><F70/><W32/><G32/><T2/><D48/><U111/><E111/><V46/><F71/><W109/><G109/><T18/><D1/><U135/><E135/><V82/><F107/><W16/><G16/><T50/><D17/><U122/><E122/><V24/><F102/><W43/><G43/><T128/><D128/><U51/><E51/><V60/><F60/><W3/><G3/><T106/><D106/><U64/><E58/><V10/><F10/><N who="1" m="3593" /><E57/><V120/><F120/><W40/><G40/><T42/><D42/><U127/><E127/><V8/><F8/><W75/><G75/><T134/><D2/><U98/><E67/><N who="0" m="25609" /><D72/><U29/><E29/><N who="2" m="17559" /><F73/><W53/><G53/><T94/><D54/><U27/><E61/><V28/><F28/><W25/><AGARI ba="0,1" hai="19,23,25,26,31,34,38,39,49,55,59,97,103,105" machi="25" ten="20,12000,1" yaku="1,1,5,1,0,1,7,1,52,1,53,0" doraHai="101" doraHaiUra="79" who="3" fromWho="3" sc="240,-40,325,-40,270,-40,155,130" /><INIT seed="3,1,0,5,5,99" ten="200,285,230,285" oya="3" hai0="29,67,9,82,63,14,95,80,35,39,76,112,19" hai1="16,113,32,61,88,65,6,70,123,122,21,129,96" hai2="116,135,13,97,132,50,115,107,47,100,5,71,104" hai3="3,27,8,130,111,84,118,10,114,56,72,18,59"/><W117/><G72/><T69/><D39/><U17/><E32/><V131/><F115/><W31/><G114/><T46/><D112/><U4/><E113/><V98/><F116/><W105/><G105/><T53/><D35/><U66/><E129/><V37/><F131/><W0/><G130/><T36/><D29/><U133/><E133/><N who="2" m="51275" /><F37/><W54/><G84/><T25/><D25/><U15/><E66/><V1/><F71/><W42/><G42/><T85/><D36/><U91/><E17/><V57/><F57/><W78/><G78/><T94/><REACH who="0" step="1"/><D82/><REACH who="0" ten="190,285,230,285" step="2"/><U121/><E121/><V23/><F1/><W40/><G31/><T7/><D7/><U134/><E123/><V30/><F30/><W79/><G27/><T38/><D38/><U24/><E122/><V106/><F5/><W11/><G0/><T20/><D20/><U110/><E134/><V51/><F23/><W93/><G3/><T73/><D73/><U28/><E4/><V109/><F109/><W77/><G118/><T48/><AGARI ba="1,1" hai="9,14,19,46,48,53,63,67,69,76,80,85,94,95" machi="48" ten="30,4000,0" yaku="1,1,0,1,53,1" doraHai="99" doraHaiUra="81" who="0" fromWho="0" sc="190,53,285,-11,230,-11,285,-21" /><INIT seed="4,0,0,3,0,18" ten="243,274,219,264" oya="0" hai0="5,97,57,0,105,15,33,75,90,135,46,74,77" hai1="14,109,70,42,78,116,7,12,13,119,73,82,35" hai2="10,107,27,39,99,2,122,55,133,69,37,112,84" hai3="88,32,87,21,23,91,98,40,22,9,115,17,49"/><T34/><D0/><U61/><E109/><V71/><F112/><W111/><G32/><T43/><D135/><U47/><E35/><V94/><F133/><W26/><G111/><T67/><D33/><U25/><E7/><V51/><F122/><W59/><G115/><T126/><D34/><U68/><E25/><V76/><F107/><W72/><G72/><T131/><D126/><U38/><REACH who="1" step="1"/><E61/><REACH who="1" ten="243,264,219,264" step="2"/><V24/><F24/><W85/><G26/><T95/><D5/><U132/><E132/><V96/><F27/><W110/><G110/><T66/><D15/><U36/><E36/><V104/><F37/><W63/><G63/><T58/><D131/><U65/><E65/><V62/><F39/><W54/><G17/><T45/><D66/><U60/><E60/><V81/><F62/><W19/><G19/><T31/><D67/><U6/><E6/><V48/><F2/><W41/><G49/><T4/><D4/><U118/><AGARI ba="0,1" hai="12,13,14,38,42,47,68,70,73,78,82,116,118,119" machi="118" ten="40,2700,0" yaku="1,1,0,1,53,0" doraHai="18" doraHaiUra="108" who="1" fromWho="1" sc="243,-13,264,37,219,-7,264,-7" owari="230,-17.0,301,40.1,212,-28.8,257,5.7" /></mjloggm>