<mjloggm ver="2.3"><GO type="225" lobby="0"/><UN n0="%E3%83%89%E3%83%A9%E3%81%8F%E3%82%8C" n1="%4C%4F%4C%49%54%41" n2="%E3%81%B5%E3%81%98%E3%81%8B%E3%81%A4" n3="%E9%A6%AC%E4%BA%86%E9%9A%94%E5%A3%81" dan="16,16,16,18" rate="2190.89,2157.63,2179.56,2226.64" sx="M,F,M,M"/><TAIKYOKU oya="0"/><INIT seed="0,0,0,4,3,98" ten="250,250,250,250" oya="0" hai0="75,123,11,5,131,67,114,16,10,33,29,68,40" hai1="116,35,118,120,48,104,55,70,80,119,31,1,37" hai2="126,50,42,86,103,14,46,23,117,39,0,8,45" hai3="90,82,111,110,84,51,54,2,135,7,4,76,25"/><T58/><D123/><U128/><E120/><V6/><F126/><W91/><G135/><T78/><D114/><U3/><E37/><V56/><F117/><W134/><G134/><T125/><D125/><U34/><E70/><V57/><F86/><W60/><G60/><T83/><D131/><U87/><E104/><V52/><REACH who="2" step="1"/><F103/><REACH who="2" ten="250,250,240,250" step="2"/><W65/><G84/><T26/><D75/><U97/><E128/><V63/><F63/><W129/><G129/><T28/><D78/><U69/><E97/><V9/><F9/><W49/><G76/><T92/><D11/><U93/><E119/><V44/><F44/><W100/><G100/><T130/><D10/><U81/><E118/><V105/><F105/><W64/><G111/><T36/><D130/><U12/><E87/><V20/><F20/><W89/><G110/><T77/><D77/><U61/><E116/><V121/><F121/><W38/><G90/><T72/><D72/><U30/><E61/><V112/><F112/><W21/><G21/><T107/><D107/><U18/><E35/><V122/><F122/><W108/><G108/><T85/><D33/><U47/><E34/><V73/><F73/><W53/><G91/><T124/><D124/><U106/><E106/><V19/><AGARI ba="0,1" hai="0,6,8,14,19,23,39,42,45,46,50,52,56,57" machi="19" ten="30,8000,1" yaku="1,1,0,1,54,1,53,2" doraHai="98" doraHaiUra="41" who="2" fromWho="2" sc="250,-40,250,-20,240,90,250,-20" /><INIT seed="1,0,0,1,3,77" ten="210,230,330,230" oya="1" hai0="14,105,128,40,83,23,21,7,110,29,36,4,127" hai1="61,11,95,10,57,41,119,53,82,135,2,51,26" hai2="24,118,74,98,20,121,107,86,47,109,60,112,49" hai3="69,64,38,87,32,101,106,102,115,67,111,133,73"/><U3/><E119/><V129/><F118/><W12/><G12/><T59/><D105/><U90/><E135/><V31/><F121/><W117/><G87/><T15/><D110/><U50/><E26/><V113/><F74/><W8/><G8/><T80/><D128/><U130/><E130/><V16/><F109/><W70/><G117/><T68/><D68/><U81/><E2/><V30/><F60/><W79/><G106/><T52/><D127/><U108/><E108/><V62/><F62/><W84/><G84/><T54/><D36/><U100/><E100/><N who="2" m="62871" /><F86/><W94/><G73/><T75/><D75/><U116/><E116/><V123/><F123/><W42/><G79/><T18/><D40/><U78/><E78/><V28/><F28/><W132/><G42/><T46/><D46/><N who="1" m="25935" /><E61/><V126/><F126/><W0/><G111/><T120/><D120/><U92/><E92/><V22/><F129/><W13/><G94/><T114/><D114/><N who="2" m="44138" /><F22/><W103/><G115/><T104/><D104/><U124/><E124/><V63/><F63/><W45/><G0/><T17/><D59/><U131/><E3/><V34/><F34/><W65/><G32/><T134/><D29/><U37/><E131/><V35/><F35/><W125/><G125/><T76/><D76/><U39/><E39/><V55/><AGARI ba="0,0" hai="16,20,24,30,31,47,49,55" m="44138,62871" machi="55" ten="30,2000,0" yaku="11,1,54,1" doraHai="77" who="2" fromWho="2" sc="210,-5,230,-10,330,20,230,-5" /><INIT seed="2,0,0,3,1,14" ten="205,220,350,225" oya="2" hai0="50,64,133,110,25,30,87,40,124,54,51,11,18" hai1="13,63,134,20,4,83,101,33,52,58,86,57,121" hai2="71,34,123,0,5,67,42,56,22,126,127,73,75" hai3="23,130,118,1,99,114,82,19,70,103,61,104,59"/><V26/><F123/><W122/><G118/><T28/><D110/><U116/><E116/><V9/><F42/><W125/><G122/><T15/><D133/><U49/><E33/><V105/><F56/><W37/><G70/><T92/><D124/><U27/><E134/><V98/><F127/><W16/><G125/><T77/><D64/><U117/><E121/><V112/><F112/><W132/><G132/><T41/><D51/><U94/><E117/><V108/><F108/><W102/><G37/><T88/><D77/><U93/><E101/><V109/><F109/><W95/><G1/><T97/><D97/><U113/><E13/><V47/><F47/><W36/><G36/><T29/><REACH who="0" step="1"/><D25/><REACH who="0" ten="195,220,350,225" step="2"/><U39/><E39/><V100/><F126/><W46/><G114/><T66/><D66/><N who="1" m="39279" /><E113/><V74/><F67/><W62/><G62/><T85/><D85/><U115/><E115/><V107/><F71/><W96/><G130/><T89/><D89/><N who="1" m="51423" /><E4/><V31/><F74/><W68/><G68/><T129/><D129/><U8/><E8/><V44/><F75/><W48/><G48/><T90/><D90/><U12/><E12/><V120/><F73/><W135/><G135/><T55/><D55/><U45/><E45/><AGARI ba="0,1" hai="11,15,18,28,29,30,40,41,45,50,54,87,88,92" machi="45" ten="40,12000,2" yaku="1,1,8,1,52,1,54,1,53,2" doraHai="14" doraHaiUra="38" who="0" fromWho="1" sc="195,130,220,-120,350,0,225,0" /><INIT seed="3,0,0,4,1,112" ten="325,100,350,225" oya="3" hai0="90,89,68,7,122,133,28,73,38,108,64,79,88" hai1="62,4,99,131,56,45,77,49,35,130,26,117,128" hai2="30,72,114,116,51,0,52,50,46,18,109,11,25" hai3="65,121,100,15,27,6,84,125,13,94,105,129,39"/><W69/><G121/><T63/><D122/><U33/><E4/><V1/><F114/><W101/><G39/><T42/><D108/><U14/><E14/><V123/><F116/><W32/><G129/><T124/><D133/><U95/><E77/><V134/><F109/><W53/><G125/><T86/><D124/><U66/><E26/><V55/><F72/><W41/><G41/><T31/><D73/><U61/><E33/><V76/><F76/><W59/><G105/><T92/><D7/><U16/><E35/><V78/><F78/><W75/><G75/><T54/><D54/><U60/><E16/><V58/><F134/><W44/><G44/><T87/><D79/><U103/><E95/><V85/><F85/><W40/><G40/><T20/><D20/><U71/><E99/><V12/><F123/><W48/><G84/><T37/><D90/><U3/><E103/><V113/><F113/><W21/><G32/><AGARI ba="0,0" hai="0,1,11,12,18,25,30,32,46,50,51,52,55,58" machi="32" ten="30,2000,0" yaku="7,1,54,1" doraHai="112" who="2" fromWho="3" sc="325,0,100,0,350,20,225,-20" owari="325,12.5,100,-40.0,370,47.0,205,-19.5" /></mjloggm>