<mjloggm ver="2.3"><GO type="225" lobby="0"/><UN n0="%E3%81%9F%E3%81%A3%E3%81%A1%E3%82%87" n1="%4D%50%43%32%38%30%30" n2="%72%69%6F%75%63%68%61%6E" n3="%33%74%72%65%65" dan="16,16,17,17" rate="2104.83,2155.89,2248.04,2148.04" sx="M,M,M,F"/><TAIKYOKU oya="0"/><INIT seed="0,0,0,2,4,30" ten="250,250,250,250" oya="0" hai0="70,24,127,37,83,59,17,10,82,23,16,65,7" hai1="94,44,31,14,115,104,45,32,133,15,128,106,77" hai2="46,90,13,112,26,80,100,134,62,85,109,29,89" hai3="21,126,125,3,33,88,40,101,63,61,18,0,130"/><T2/><D127/><N who="3" m="48649" /><G101/><T108/><D37/><U92/><E128/><V12/><F109/><W52/><G40/><T107/><D70/><U121/><E77/><V60/><F134/><W72/><G72/><T99/><D108/><U56/><E56/><V35/><F112/><W51/><G130/><T114/><D114/><U34/><E31/><V20/><F100/><W67/><G33/><T49/><D107/><U124/><E115/><V39/><F90/><W54/><G88/><T129/><D129/><U28/><E28/><V58/><F60/><N who="3" m="23115" /><G67/><T42/><D65/><U25/><E25/><V43/><REACH who="2" step="1"/><F20/><REACH who="2" ten="250,250,240,250" step="2"/><W98/><G98/><T110/><D99/><U71/><E124/><V97/><F97/><W55/><G51/><T78/><D110/><U91/><E133/><V93/><F93/><W47/><G47/><T66/><D49/><U131/><E91/><V73/><F73/><W103/><G103/><T132/><D132/><U5/><E131/><V41/><F41/><W22/><G22/><N who="0" m="13383" /><D42/><U69/><E121/><V75/><F75/><W122/><G122/><T117/><D117/><U1/><E1/><V48/><F48/><W6/><G0/><T113/><D2/><U36/><E36/><V118/><F118/><W11/><G21/><T119/><D113/><U8/><E8/><V95/><F95/><W86/><G86/><N who="0" m="48471" /><D119/><U79/><E79/><V53/><AGARI ba="0,1" hai="12,13,26,29,35,39,43,46,53,58,62,80,85,89" machi="53" ten="20,8000,1" yaku="1,1,0,1,7,1,52,1,53,1" doraHai="30" doraHaiUra="38" who="2" fromWho="2" sc="250,-40,250,-20,240,90,250,-20" /><INIT seed="1,0,0,0,2,104" ten="210,230,330,230" oya="1" hai0="10,16,44,29,115,46,30,34,85,5,111,25,97" hai1="102,0,39,123,109,112,98,78,15,53,128,69,118" hai2="77,58,105,101,57,103,28,133,124,65,62,130,6" hai3="55,60,67,37,4,19,36,119,107,88,129,1,7"/><U54/><E0/><V93/><F130/><W106/><G106/><T131/><D115/><U21/><E112/><V47/><F124/><W89/><G107/><T90/><D111/><U22/><E118/><V17/><F133/><W75/><G75/><T120/><D131/><U94/><E128/><V48/><F105/><W134/><G129/><T79/><D120/><U24/><E123/><V61/><F28/><W11/><G134/><T41/><D97/><U18/><E69/><V126/><F126/><W72/><G72/><T92/><D79/><U84/><E39/><V96/><F6/><W52/><G119/><T135/><D135/><U20/><E109/><V114/><F114/><W40/><G40/><T116/><D116/><U50/><E54/><N who="3" m="20522" /><G37/><T9/><D30/><U66/><E66/><N who="2" m="39215" /><F77/><W71/><G71/><T108/><D108/><U35/><E35/><V121/><F121/><W8/><G36/><T76/><D41/><U80/><REACH who="1" step="1"/><E24/><REACH who="1" ten="210,220,330,230" step="2"/><V113/><F113/><W2/><G2/><T100/><D34/><U70/><E70/><V81/><F65/><W117/><G117/><T3/><D25/><U99/><E99/><V127/><F96/><W43/><G1/><T95/><D3/><U73/><E73/><V125/><F127/><W12/><G43/><T42/><D42/><U31/><E31/><V91/><F125/><W13/><G67/><T132/><D132/><U27/><E27/><V56/><F62/><W49/><G60/><T26/><D29/><U45/><AGARI ba="0,1" hai="15,18,20,21,22,45,50,53,78,80,84,94,98,102" machi="45" ten="20,7800,0" yaku="1,1,0,1,7,1,8,1,53,0" doraHai="104" doraHaiUra="33" who="1" fromWho="1" sc="210,-26,220,88,330,-26,230,-26" /><INIT seed="1,1,0,3,3,4" ten="184,308,304,204" oya="1" hai0="13,130,76,64,124,99,78,88,39,63,82,122,38" hai1="53,135,55,131,42,106,11,1,100,62,6,69,127" hai2="9,48,68,7,117,61,129,28,34,47,119,116,79" hai3="25,110,36,128,20,77,16,26,126,107,37,33,93"/><U15/><E135/><V60/><F129/><W108/><G107/><T134/><D130/><U54/><E131/><V87/><F68/><W112/><G128/><T97/><D134/><U19/><E127/><V5/><F5/><W43/><G126/><T41/><D124/><U90/><E42/><V123/><F123/><W102/><G112/><T104/><D122/><U75/><E75/><V74/><F74/><W120/><G120/><T101/><D76/><U111/><E111/><N who="3" m="42538" /><G77/><T23/><D41/><U24/><E24/><V30/><F30/><N who="3" m="19663" /><G43/><T91/><D97/><AGARI ba="1,0" hai="16,20,26,36,37,93,97,102" m="19663,42538" machi="97" ten="30,2000,0" yaku="14,1,54,1" doraHai="4" who="3" fromWho="0" sc="184,-23,308,0,304,0,204,23" /><INIT seed="2,0,0,4,5,130" ten="161,308,304,227" oya="2" hai0="0,105,116,8,114,28,63,119,120,64,79,121,80" hai1="7,86,62,45,127,101,132,14,49,23,128,112,46" hai2="74,53,106,134,27,51,85,11,108,82,15,81,18" hai3="40,24,52,91,135,107,124,125,58,75,41,48,19"/><V42/><F134/><W6/><G107/><T43/><D114/><U104/><E112/><V68/><F108/><W31/><G75/><N who="0" m="43135" /><D28/><U34/><E34/><V71/><F106/><W54/><G6/><N who="0" m="1095" /><D105/><U87/><E128/><V78/><F42/><W129/><G129/><T76/><D76/><U9/><E104/><V69/><F27/><W117/><G135/><T89/><D89/><U92/><E127/><V60/><F60/><W59/><G19/><T50/><D50/><U77/><E132/><V123/><F123/><W4/><G4/><T118/><D43/><N who="1" m="24767" /><E46/><V122/><F122/><W1/><G91/><T115/><D115/><U100/><E23/><V21/><F21/><W95/><G125/><T96/><D96/><U2/><E2/><V13/><F13/><W10/><G1/><T111/><D111/><U126/><E126/><V88/><REACH who="2" step="1"/><F69/><AGARI ba="0,0" hai="63,64,69,116,118,119,120,121" m="1095,43135" machi="69" ten="30,2000,0" yaku="12,1,23,1" doraHai="130" who="0" fromWho="2" sc="161,20,308,0,304,-20,227,0" /><INIT seed="3,0,0,3,3,129" ten="181,308,284,227" oya="3" hai0="58,91,102,36,116,8,80,15,125,95,59,20,118" hai1="3,17,38,50,73,24,10,51,109,126,16,18,70" hai2="71,42,104,120,46,111,61,105,11,90,108,7,44" hai3="64,9,19,87,106,86,130,123,55,93,113,81,101"/><W62/><G113/><T60/><D36/><U54/><E38/><V41/><F120/><W133/><G123/><T77/><D125/><U56/><E73/><V84/><F71/><W100/><G106/><N who="2" m="41065" /><F61/><W66/><G130/><T5/><D102/><U40/><E109/><N who="2" m="42059" /><F44/><W98/><G100/><T131/><D131/><U68/><E126/><V31/><F46/><W28/><G28/><T69/><D20/><U4/><E40/><V57/><F57/><W0/><G55/><T135/><D69/><U124/><E124/><V72/><F72/><W76/><G66/><T79/><D58/><U83/><E51/><V63/><F63/><W107/><G62/><T12/><D12/><U122/><E122/><V45/><F45/><W37/><G64/><T127/><D127/><U132/><E83/><N who="2" m="49439" /><F31/><W32/><G32/><T49/><D49/><U21/><E132/><V96/><F96/><W35/><G35/><T14/><D135/><U112/><E112/><V25/><F25/><W115/><G115/><T114/><D114/><U94/><E94/><V75/><F75/><W67/><G0/><AGARI ba="0,0" hai="0,7,11,41,42" m="49439,42059,41065" machi="0" ten="30,1000,0" yaku="14,1" doraHai="129" who="2" fromWho="3" sc="181,0,308,0,284,10,227,-10" owari="181,-31.9,308,40.8,294,9.4,217,-18.3" /></mjloggm>