<mjloggm ver="2.3"><GO type="225" lobby="0"/><UN n0="%47%48%4F%53%54" n1="%E5%A4%96%E5%B7%9D%E7%AB%9C%E6%88%90" n2="%72%69%6F%75%63%68%61%6E" n3="%E7%99%BD%E9%9B%AA%E4%B9%83%E6%84%9B" dan="17,16,17,16" rate="2267.42,2189.93,2217.96,2059.97" sx="M,M,M,F"/><TAIKYOKU oya="0"/><INIT seed="0,0,0,1,2,86" ten="250,250,250,250" oya="0" hai0="107,69,42,0,120,130,114,91,31,3,29,129,117" hai1="46,74,65,102,94,71,92,55,50,66,1,24,82" hai2="134,63,33,37,32,57,133,14,100,110,48,23,105" hai3="35,27,4,51,61,25,81,13,18,99,12,11,56"/><T88/><D114/><U116/><E116/><V28/><F37/><W62/><G35/><T41/><D107/><U60/><E1/><N who="0" m="585" /><D69/><U64/><E24/><N who="2" m="16415" /><F110/><W39/><G39/><T127/><D127/><U16/><E94/><V123/><F123/><W128/><G128/><N who="0" m="49259" /><D120/><U97/><REACH who="1" step="1"/><E16/><REACH who="1" ten="250,240,250,250" step="2"/><V103/><F105/><W95/><G81/><T93/><D117/><U80/><E80/><V112/><F112/><W17/><G27/><T87/><D91/><U113/><E113/><V67/><F100/><W59/><G25/><T9/><D9/><U124/><E124/><V132/><F103/><W15/><G18/><T85/><D85/><U36/><E36/><V6/><F134/><W78/><G17/><T111/><D111/><U47/><E47/><V8/><F133/><W75/><G75/><T7/><D7/><U43/><E43/><AGARI ba="0,1" hai="29,31,41,42,43,87,88,93" m="49259,585" machi="43" ten="30,5800,0" yaku="19,1,52,1,54,1" doraHai="86" who="0" fromWho="1" sc="250,68,240,-58,250,0,250,0" /><INIT seed="0,1,0,1,0,4" ten="318,182,250,250" oya="0" hai0="104,54,112,67,48,77,124,33,25,75,127,80,62" hai1="114,98,55,57,65,126,133,38,97,102,53,41,0" hai2="52,12,87,39,89,30,56,120,108,103,44,24,81" hai3="28,13,117,95,18,66,119,99,6,135,70,131,85"/><T35/><D112/><U78/><E114/><V14/><F108/><W8/><G131/><T9/><D104/><U107/><E126/><N who="0" m="48169" /><D25/><U32/><E32/><V113/><F120/><W36/><G135/><T130/><D130/><U110/><E110/><V106/><F113/><W123/><G36/><T16/><D54/><U21/><E0/><V15/><F106/><W128/><G123/><T118/><D48/><U1/><E1/><V27/><F103/><W129/><G85/><T82/><D82/><U88/><E133/><V40/><REACH who="2" step="1"/><F30/><REACH who="2" ten="318,182,240,250" step="2"/><W105/><G28/><T46/><D118/><U29/><E29/><V47/><F47/><W61/><G105/><T45/><D46/><U72/><E107/><V122/><F122/><W96/><G129/><T31/><D45/><U91/><E102/><V125/><F125/><W79/><G128/><T60/><D31/><U49/><E72/><V64/><F64/><W109/><G109/><T92/><D67/><U76/><E65/><V20/><F20/><W7/><G119/><T115/><D115/><U74/><E21/><V121/><F121/><W132/><G117/><T37/><D35/><U94/><E74/><V100/><F100/><W43/><G132/><T19/><D33/><U134/><E134/><V42/><F42/><W71/><G43/><T68/><D75/><U116/><E116/><V51/><AGARI ba="1,1" hai="12,14,15,24,27,39,40,44,51,52,56,81,87,89" machi="51" ten="30,4000,0" yaku="1,1,0,1,54,1,53,0" doraHai="4" doraHaiUra="17" who="2" fromWho="2" sc="318,-21,182,-11,240,53,250,-11" /><INIT seed="1,0,0,1,3,9" ten="297,171,293,239" oya="1" hai0="38,1,105,13,82,76,23,113,12,41,21,85,118" hai1="110,116,7,33,80,3,6,34,130,29,98,74,37" hai2="53,131,50,72,88,104,106,35,17,65,59,62,10" hai3="57,128,125,87,94,114,45,112,108,54,30,69,124"/><U109/><E116/><V16/><F35/><W133/><G30/><T93/><D113/><N who="3" m="43625" /><G94/><T2/><D118/><U55/><E37/><V96/><F72/><W31/><G87/><T84/><D105/><U99/><E130/><V86/><F131/><W51/><G31/><T132/><D38/><U28/><E74/><V97/><F106/><W18/><G18/><N who="2" m="7273" /><F10/><W58/><G128/><T40/><D132/><U122/><E80/><N who="2" m="49223" /><F104/><W134/><G69/><T90/><D2/><U119/><E119/><V81/><F81/><W32/><G32/><T26/><D1/><U71/><E3/><V0/><F0/><W43/><G108/><T117/><D117/><U11/><E11/><V25/><F25/><W120/><G120/><T135/><D135/><N who="3" m="51721" /><G57/><AGARI ba="0,0" hai="50,53,57,59,62,65,96,97" m="49223,7273" machi="57" ten="30,3900,0" yaku="8,1,54,2" doraHai="9" who="2" fromWho="3" sc="297,0,171,0,293,39,239,-39" /><INIT seed="2,0,0,0,4,69" ten="297,171,332,200" oya="2" hai0="120,25,43,40,62,18,101,24,118,4,27,113,99" hai1="17,59,1,55,54,20,61,3,131,44,15,77,79" hai2="135,57,33,19,64,36,50,104,31,93,39,68,7" hai3="108,2,35,107,90,53,12,121,119,95,117,63,84"/><V0/><F104/><W48/><G121/><T88/><D113/><U52/><E131/><V71/><F135/><W34/><G2/><T123/><D118/><U96/><E1/><V72/><F19/><W8/><G107/><T111/><D111/><U29/><E3/><V98/><F72/><W134/><G108/><T125/><D125/><U97/><E29/><V116/><F116/><W47/><G134/><T42/><D4/><U11/><E20/><V112/><F112/><W102/><G119/><T106/><D18/><U14/><E14/><V122/><F122/><W94/><G117/><T5/><D5/><U22/><E22/><V60/><F68/><W38/><G38/><T66/><REACH who="0" step="1"/><D88/><REACH who="0" ten="287,171,332,200" step="2"/><U70/><E79/><V76/><F76/><W100/><G100/><T80/><D80/><U37/><E77/><V83/><F83/><W28/><G28/><T51/><D51/><U114/><E114/><V110/><F110/><W49/><G49/><T10/><D10/><U58/><E37/><V78/><F78/><W41/><G102/><T132/><D132/><U67/><REACH who="1" step="1"/><E44/><REACH who="1" ten="287,161,332,200" step="2"/><V87/><F0/><W46/><G46/><T75/><D75/><U103/><E103/><V6/><F36/><W91/><G91/><T56/><AGARI ba="0,2" hai="24,25,27,40,42,43,56,62,66,99,101,106,120,123" machi="56" ten="30,2000,0" yaku="1,1,0,1,53,0" doraHai="69" doraHaiUra="124" who="0" fromWho="0" sc="287,40,161,-5,332,-10,200,-5" /><INIT seed="3,0,0,5,4,125" ten="327,156,322,195" oya="3" hai0="130,19,37,132,129,69,57,120,12,75,25,73,5" hai1="135,131,50,64,56,105,17,98,109,41,110,62,71" hai2="92,39,46,121,97,67,40,66,26,96,68,15,90" hai3="119,86,36,102,43,114,9,89,21,30,65,44,95"/><W27/><G114/><T42/><D120/><U61/><E105/><V35/><F68/><W58/><G119/><T111/><D69/><U32/><E32/><V85/><F121/><W124/><G124/><T54/><D111/><N who="1" m="42507" /><E98/><V33/><F15/><W23/><G102/><T101/><D101/><U126/><E126/><V51/><F39/><W94/><G9/><T128/><D132/><U16/><E135/><V106/><F33/><W116/><G116/><T20/><D42/><U134/><E134/><V104/><F106/><W52/><G65/><N who="2" m="24585" /><F35/><W10/><G10/><N who="0" m="4175" /><D37/><U53/><E131/><V59/><F104/><W34/><REACH who="3" step="1"/><G95/><REACH who="3" ten="327,156,322,185" step="2"/><T6/><D6/><U122/><E122/><V82/><F92/><W72/><G72/><T28/><D28/><U74/><E74/><V60/><F26/><W112/><G112/><T2/><D2/><U47/><AGARI ba="0,1" hai="16,17,41,47,50,53,56,61,62,64,71" m="42507" machi="47" ten="30,2000,0" yaku="14,1,54,1" doraHai="125" who="1" fromWho="1" sc="327,-5,156,30,322,-5,185,-10" owari="322,42.2,186,-21.4,317,11.7,175,-32.5" /></mjloggm>