<mjloggm ver="2.3"><GO type="225" lobby="0"/><UN n0="%73%61%6E%64%69%72%69%73" n1="%E7%AD%89%E3%80%85%E5%8A%9B%E5%8A%87%E5%A0%B4" n2="%72%61%6B%33" n3="%4C%4F%4C%49%54%41" dan="16,16,17,16" rate="2149.17,2065.74,2138.30,2171.16" sx="M,M,M,F"/><TAIKYOKU oya="0"/><INIT seed="0,0,0,0,3,55" ten="250,250,250,250" oya="0" hai0="1,47,132,122,89,133,92,18,13,96,107,48,49" hai1="70,76,40,27,114,104,75,123,77,115,36,44,74" hai2="106,11,128,19,131,7,6,88,38,24,72,130,100" hai3="52,0,62,116,30,71,86,53,22,16,12,83,95"/><T32/><D122/><U3/><E123/><V91/><F72/><W58/><G116/><T134/><D1/><U60/><E104/><V94/><F38/><W43/><G0/><T127/><D127/><U99/><E3/><V82/><F82/><W98/><G71/><T101/><D32/><U112/><E99/><N who="2" m="61727" /><F24/><W21/><G43/><T135/><N who="0" m="33792" /><DORA hai="108" /><T28/><D28/><U57/><E70/><V110/><F110/><W120/><G120/><T121/><D121/><U73/><REACH who="1" step="1"/><E27/><REACH who="1" ten="250,240,250,250" step="2"/><V14/><F91/><N who="3" m="55679" /><G30/><T80/><D107/><U63/><E63/><V69/><F69/><W42/><G42/><T105/><D105/><U41/><E41/><V93/><F93/><W50/><G22/><T109/><D109/><U46/><E46/><V129/><N who="2" m="32768" /><DORA hai="33" /><V81/><F81/><W17/><G21/><N who="0" m="11471" /><D47/><U103/><E103/><V5/><F94/><W67/><G83/><T9/><D80/><U39/><E39/><V35/><F88/><W25/><G25/><T118/><D89/><U87/><E87/><V29/><F35/><W119/><G86/><T23/><D23/><U66/><AGARI ba="0,1" hai="36,40,44,57,60,66,73,74,75,76,77,112,114,115" machi="66" ten="40,16000,3" yaku="1,1,0,1,11,1,52,4,53,1" doraHai="55,108,33" doraHaiUra="10,31,54" who="1" fromWho="1" sc="250,-80,240,170,250,-40,250,-40" /><INIT seed="1,0,0,5,0,114" ten="170,410,210,210" oya="1" hai0="82,118,77,35,107,36,57,125,78,71,24,58,135" hai1="56,42,65,106,117,48,31,69,88,27,120,10,124" hai2="102,2,30,9,76,6,53,131,4,63,123,134,14" hai3="39,122,7,0,74,5,61,13,83,68,26,64,28"/><U94/><E120/><V8/><F123/><W87/><G122/><T70/><D36/><U101/><E69/><V18/><F131/><W15/><G74/><T29/><D107/><U104/><E124/><V98/><F134/><W133/><G39/><T67/><D135/><U17/><E117/><V54/><F76/><W22/><G133/><T103/><D125/><U129/><E129/><V115/><F115/><W109/><G109/><T60/><D118/><U96/><E65/><V46/><F30/><W21/><G0/><T47/><D47/><U75/><E75/><V41/><F63/><W121/><G121/><T1/><D1/><U132/><E132/><V19/><F19/><W116/><G116/><T16/><D103/><U25/><E106/><V43/><F18/><W79/><G22/><T37/><D37/><U23/><E10/><V72/><F72/><W112/><G112/><T50/><D78/><U97/><E42/><V73/><F73/><W105/><G105/><T126/><D126/><U119/><E119/><V93/><F43/><W66/><G64/><T81/><D81/><U99/><E104/><V128/><F128/><W34/><G34/><T108/><D108/><U55/><REACH who="1" step="1"/><E101/><REACH who="1" ten="170,400,210,210" step="2"/><V59/><F41/><W62/><G68/><T51/><D71/><U52/><E52/><V20/><F54/><W38/><G66/><T45/><D70/><U80/><E80/><V95/><F53/><W84/><G83/><T33/><D82/><U130/><E130/><V100/><F102/><W92/><G79/><T11/><D77/><U3/><E3/><N who="2" m="31" /><F100/><W49/><G92/><RYUUKYOKU ba="0,1" sc="170,-10,400,30,210,-10,210,-10" hai1="17,23,25,27,31,48,55,56,88,94,96,97,99" /><INIT seed="1,1,1,3,4,103" ten="160,430,200,200" oya="1" hai0="48,42,21,14,121,87,40,132,32,30,75,80,23" hai1="0,70,49,110,96,65,44,53,117,129,4,16,126" hai2="39,133,69,29,109,12,108,106,94,128,118,54,58" hai3="43,59,81,112,28,62,15,22,101,31,63,47,77"/><U86/><E117/><V50/><F118/><W41/><G112/><T113/><D113/><U36/><E129/><V74/><F74/><W72/><G101/><T82/><D132/><U34/><E34/><V114/><F133/><W27/><G15/><T5/><D121/><U46/><E126/><V120/><F114/><W38/><G43/><T8/><D32/><U90/><E110/><V57/><F69/><W124/><G124/><T119/><D119/><U95/><E0/><V10/><F120/><W6/><G6/><T3/><D3/><U73/><E73/><V61/><F39/><W107/><G107/><T102/><D102/><U76/><E4/><V20/><F106/><W88/><G88/><N who="0" m="51303" /><D75/><U45/><E36/><V122/><F128/><W64/><REACH who="3" step="1"/><G63/><REACH who="3" ten="160,430,200,190" step="2"/><T17/><D5/><U25/><E90/><V13/><F122/><W1/><G1/><T116/><D116/><U91/><E91/><V89/><F89/><W68/><G68/><T115/><D115/><U125/><E70/><V26/><F94/><W98/><G98/><T35/><D82/><U56/><E96/><V123/><F123/><W79/><G79/><T55/><D35/><U60/><E76/><V104/><F104/><W93/><G93/><T92/><D92/><U100/><E95/><V99/><F99/><W84/><G84/><T19/><D8/><U131/><E86/><V24/><F10/><W9/><G9/><T37/><D37/><U85/><E85/><V105/><F105/><W111/><G111/><T51/><D14/><N who="2" m="5738" /><F24/><W11/><G11/><T71/><D71/><N who="1" m="42407" /><E125/><V130/><F130/><RYUUKYOKU ba="1,2" sc="160,-15,430,-15,200,15,190,15" hai2="20,26,29,50,54,57,58,61,108,109" hai3="22,27,28,31,38,41,47,59,62,64,72,77,81" /><INIT seed="2,2,2,1,0,44" ten="145,415,215,205" oya="2" hai0="134,49,123,32,83,116,73,13,23,54,58,51,39" hai1="34,87,105,53,130,36,76,50,3,14,59,70,124" hai2="90,115,38,98,40,86,104,126,96,133,26,118,113" hai3="92,103,7,62,37,52,101,63,67,29,89,25,85"/><V77/><F40/><W97/><G37/><T11/><D123/><U43/><E3/><V88/><F38/><W107/><G7/><T45/><D32/><U114/><E105/><V127/><F26/><W106/><G101/><T8/><D39/><U112/><E34/><V75/><F118/><W48/><G67/><T82/><D134/><U57/><E70/><V122/><F133/><W28/><G107/><T15/><D116/><U4/><E130/><V109/><F122/><W9/><G9/><N who="0" m="3659" /><D73/><U56/><E124/><N who="2" m="47659" /><F109/><W135/><G135/><T46/><D58/><N who="1" m="22635" /><E114/><N who="2" m="43531" /><F75/><W111/><G111/><T64/><D64/><U99/><E112/><V120/><F120/><W121/><G121/><T41/><D23/><U21/><E36/><V81/><F98/><W12/><G12/><AGARI ba="2,2" hai="12,13,15,41,45,46,49,51,54,82,83" m="3659" machi="12" ten="30,3900,0" yaku="8,1,52,2" doraHai="44" who="0" fromWho="3" sc="145,65,415,0,215,0,205,-45" /><INIT seed="3,0,0,5,2,24" ten="210,415,215,160" oya="3" hai0="82,103,121,37,36,135,129,59,3,115,14,41,63" hai1="17,45,119,120,15,19,92,73,128,105,20,39,1" hai2="107,60,64,85,68,132,86,90,110,77,2,130,127" hai3="87,101,21,18,65,76,84,71,25,58,111,97,49"/><W74/><G71/><T108/><D3/><U51/><E105/><V133/><F107/><W4/><G4/><T124/><D121/><U46/><E120/><V89/><F110/><W9/><G111/><T91/><D108/><U112/><E112/><V131/><F2/><W67/><G74/><T93/><D41/><U116/><E1/><V125/><F77/><W99/><G9/><T27/><D135/><N who="2" m="51786" /><F86/><W34/><G34/><T11/><D129/><N who="2" m="49162" /><F85/><N who="3" m="32843" /><G76/><T114/><D82/><U50/><E39/><V7/><F7/><W75/><G75/><T29/><D103/><U117/><E73/><V118/><F118/><W44/><G58/><T98/><D114/><U113/><E113/><V81/><F81/><W8/><G8/><T123/><D123/><U52/><E128/><V47/><F47/><W43/><G101/><T83/><D83/><U10/><E92/><V13/><F13/><W102/><G102/><T53/><D115/><U126/><E15/><V35/><F35/><W109/><G109/><T16/><D124/><AGARI ba="0,0" hai="60,64,68,89,90,124,125,127" m="49162,51786" machi="124" ten="40,32000,5" yakuman="39" doraHai="24" who="2" fromWho="0" sc="210,-320,415,0,215,320,160,0" owari="-110,-61.0,415,21.5,535,63.5,160,-24.0" /></mjloggm>