<mjloggm ver="2.3"><GO type="225" lobby="0"/><UN n0="%E6%80%AA%E3%81%97%E3%81%99%E3%81%8E%E3%82%8B%E3%83%81%E3%83%BC" n1="%73%6C%69%63%6B%33%31%39" n2="%E7%BD%AA%E5%88%91%E6%B3%95%E5%AE%9A%E4%B8%BB%E7%BE%A9" n3="%4D%50%43%32%38%30%30" dan="16,17,16,16" rate="2113.46,2165.34,2138.09,2110.15" sx="M,M,M,M"/><TAIKYOKU oya="0"/><INIT seed="0,0,0,2,3,13" ten="250,250,250,250" oya="0" hai0="96,95,19,114,53,117,112,88,109,131,59,108,78" hai1="64,7,27,15,72,76,118,20,30,87,85,25,126" hai2="84,16,107,71,34,67,52,93,31,128,6,119,74" hai3="89,48,2,120,29,122,56,86,39,132,57,5,90"/><T37/><D117/><U99/><E118/><V8/><F119/><W98/><G39/><T54/><D131/><U46/><E126/><V55/><F107/><W82/><G29/><T113/><D37/><U1/><E1/><V43/><F74/><W51/><G132/><T125/><D125/><U123/><E123/><N who="3" m="47146" /><G2/><T24/><D78/><U58/><E72/><V26/><F43/><W44/><G5/><T0/><D0/><U106/><E106/><V3/><F128/><W49/><G44/><T41/><D41/><U36/><E36/><V28/><F67/><W14/><G14/><T32/><D32/><U134/><E134/><V42/><F71/><W79/><G90/><T18/><D54/><U60/><E46/><V63/><F42/><W133/><G133/><T135/><D135/><U4/><E99/><V65/><F65/><W115/><G115/><T80/><D80/><N who="1" m="47239" /><E25/><V21/><F63/><W9/><G9/><T105/><D105/><U12/><E87/><V17/><F31/><W45/><G45/><T68/><D68/><U66/><E66/><V130/><F130/><W23/><G23/><N who="0" m="13431" /><D19/><N who="1" m="10343" /><E15/><N who="2" m="9375" /><F17/><W124/><G124/><T35/><D35/><U73/><E73/><V101/><F84/><N who="3" m="48223" /><G98/><AGARI ba="0,0" hai="3,6,8,26,28,34,52,55,93,98,101" m="9375" machi="98" ten="30,7700,0" yaku="24,1,52,1,54,2" doraHai="13" who="2" fromWho="3" sc="250,0,250,0,250,77,250,-77" /><INIT seed="1,0,0,2,0,97" ten="250,250,327,173" oya="1" hai0="121,111,122,23,1,27,50,33,73,105,94,40,107" hai1="59,61,41,34,2,113,114,84,38,49,13,120,7" hai2="100,39,46,42,86,53,32,102,98,82,131,135,83" hai3="37,60,130,77,6,119,19,112,66,12,123,57,30"/><U134/><E120/><N who="0" m="46185" /><D111/><U115/><E34/><V35/><F135/><W63/><G123/><T109/><D109/><U28/><E28/><V20/><F131/><W79/><G37/><T15/><D1/><U75/><E75/><V43/><F20/><W44/><G112/><T92/><D73/><U24/><E24/><V5/><F5/><W90/><G130/><T22/><D15/><U118/><E118/><V65/><F65/><W4/><G30/><N who="0" m="19679" /><D50/><U10/><E38/><V45/><F53/><W103/><G44/><T133/><D40/><U18/><E84/><V110/><F39/><W9/><G119/><T108/><D133/><U31/><E31/><V25/><F86/><W56/><G90/><T55/><D55/><U0/><E134/><V74/><F110/><W3/><G3/><T127/><D127/><U70/><E41/><V51/><F25/><W26/><G103/><T69/><D69/><U93/><E49/><V89/><F74/><W29/><G6/><T58/><D58/><U96/><E70/><V129/><F51/><W106/><G106/><N who="0" m="40459" /><D108/><U71/><E71/><V99/><F129/><W72/><G4/><T87/><D94/><U91/><REACH who="1" step="1"/><E7/><REACH who="1" ten="250,240,327,173" step="2"/><V117/><F117/><W116/><G116/><T126/><D126/><U85/><E85/><V78/><F78/><W132/><G132/><T16/><D16/><U17/><E17/><V62/><F62/><W36/><G36/><T104/><D87/><U128/><E128/><V54/><F32/><N who="3" m="20535" /><G72/><T81/><D81/><U125/><E125/><V95/><F35/><W8/><G8/><T101/><D104/><RYUUKYOKU ba="0,1" sc="250,10,240,10,327,-30,173,10" hai0="22,23,92,101" hai1="0,2,10,13,18,59,61,91,93,96,113,114,115" hai3="9,12,19,56,57,60,63,66,77,79" /><INIT seed="1,1,1,4,0,72" ten="260,250,297,183" oya="1" hai0="135,54,125,108,27,121,38,92,25,18,90,114,60" hai1="41,1,107,74,100,40,43,8,11,49,113,34,46" hai2="20,101,2,66,87,57,96,116,85,37,42,36,82" hai3="7,69,10,58,17,117,3,119,28,131,102,95,55"/><U51/><E113/><V23/><F2/><W120/><G120/><T86/><D114/><U64/><E34/><V76/><F116/><N who="3" m="44619" /><G69/><T104/><D108/><U93/><E107/><V4/><F4/><W61/><G28/><T16/><D121/><U79/><E64/><V124/><F124/><W89/><G102/><T30/><D38/><U115/><E115/><V47/><F37/><W98/><G17/><N who="0" m="6763" /><D104/><U73/><E1/><V112/><F112/><W106/><G106/><T103/><D135/><U50/><E46/><V59/><F87/><W9/><G9/><T94/><D125/><U83/><REACH who="1" step="1"/><E73/><REACH who="1" ten="260,240,297,183" step="2"/><V15/><F15/><N who="3" m="5599" /><G131/><T19/><D27/><U91/><E91/><V77/><F66/><W81/><G3/><T75/><D25/><U128/><E128/><V129/><F129/><W12/><G12/><T133/><D75/><U118/><E118/><V97/><F47/><W111/><G111/><T134/><D90/><U126/><E126/><V21/><F101/><W122/><G122/><T130/><D103/><U33/><E33/><V132/><F132/><W71/><G71/><T56/><D130/><U80/><E80/><AGARI ba="1,2" hai="55,58,61,80,81,89,95,98" m="5599,44619" machi="80" ten="30,1000,0" yaku="12,1" doraHai="72" who="3" fromWho="1" sc="260,0,240,-13,297,0,183,33" /><INIT seed="2,0,0,4,1,107" ten="260,227,297,216" oya="2" hai0="38,37,96,70,125,67,84,9,47,52,16,41,66" hai1="90,128,23,79,83,110,49,26,4,43,91,48,129" hai2="45,77,57,95,106,127,55,33,24,113,19,54,27" hai3="130,73,34,101,104,18,8,35,17,31,80,0,3"/><V60/><F113/><W21/><G104/><T87/><D125/><U109/><E4/><V30/><F106/><W58/><G101/><T20/><D38/><U117/><E117/><V88/><F127/><W36/><G36/><T10/><D96/><U12/><E12/><V120/><F120/><W74/><G80/><T2/><D52/><U100/><E100/><V62/><F77/><W105/><G105/><T78/><D78/><U121/><E121/><V28/><F19/><W85/><G85/><T131/><D131/><N who="1" m="50251" /><E90/><V39/><F39/><W115/><G130/><T69/><D10/><U64/><E64/><V92/><F88/><W44/><G115/><T25/><D67/><U14/><E14/><V114/><F114/><W102/><G102/><T22/><D22/><U29/><E91/><V133/><F133/><W40/><G58/><T89/><D66/><U112/><E112/><V56/><REACH who="2" step="1"/><F45/><REACH who="2" ten="260,227,287,216" step="2"/><W72/><G18/><T132/><D132/><U99/><E99/><V119/><F119/><W103/><G103/><T118/><D118/><U75/><E48/><V6/><F6/><W50/><G31/><T7/><D87/><U134/><E134/><V68/><F68/><W86/><G86/><T94/><AGARI ba="0,1" hai="2,7,9,16,20,25,37,41,47,69,70,84,89,94" machi="94" ten="20,2700,0" yaku="0,1,7,1,54,1" doraHai="107" who="0" fromWho="0" sc="260,37,227,-7,287,-13,216,-7" /><INIT seed="3,0,0,1,4,62" ten="297,220,274,209" oya="3" hai0="0,89,87,135,113,132,30,128,13,12,31,83,4" hai1="45,34,98,51,25,97,68,18,23,133,116,123,90" hai2="131,55,115,8,94,99,125,32,78,22,9,64,38" hai3="124,69,110,95,37,81,71,48,39,56,121,103,122"/><W41/><G124/><T88/><D128/><U77/><E68/><V19/><F32/><W112/><G112/><T130/><D130/><U80/><E123/><V11/><F131/><W117/><G117/><T6/><D113/><U52/><E116/><V85/><F115/><W21/><G81/><T49/><D49/><U63/><E133/><N who="0" m="51273" /><D89/><U47/><E34/><V60/><F38/><N who="3" m="14347" /><G103/><T111/><D111/><U24/><E63/><V120/><F120/><N who="3" m="46187" /><G95/><T104/><D104/><U127/><E127/><V82/><F125/><W129/><G21/><T26/><D30/><U108/><E108/><V102/><F55/><N who="3" m="31847" /><G129/><T54/><D54/><U92/><E47/><V28/><F28/><W5/><G5/><N who="0" m="2155" /><D0/><U134/><E134/><V67/><F60/><W114/><G114/><T109/><D109/><U91/><E91/><V20/><F20/><AGARI ba="0,0" hai="12,13,20,26,31,83,87,88" m="2155,51273" machi="20" ten="30,2000,0" yaku="20,1,54,1" doraHai="62" who="0" fromWho="2" sc="297,20,220,0,274,-20,209,0" owari="317,41.7,220,-18.0,254,5.4,209,-29.1" /></mjloggm>