<mjloggm ver="2.3"><GO type="225" lobby="0"/><UN n0="%4B%2E%32%2E%4B%2E" n1="%E3%81%90%E3%81%A1%E3%82%84%E3%81%BE" n2="%E3%81%AC%E3%81%AC%E3%81%84%E3%81%AC" n3="%E5%8D%A0%E3%81%84%E5%B8%AB%E8%A3%8F%E3%81%AA%E3%81%84%E3%81%97" dan="17,16,16,17" rate="2188.45,2108.78,2073.80,2186.61" sx="M,M,M,M"/><TAIKYOKU oya="0"/><INIT seed="0,0,0,0,5,11" ten="250,250,250,250" oya="0" hai0="55,89,122,127,112,94,124,49,67,128,119,108,54" hai1="116,76,125,22,44,28,107,14,57,71,51,117,3" hai2="85,82,87,99,0,97,50,25,16,132,10,74,19" hai3="68,83,106,100,61,131,20,41,30,115,45,70,75"/><T6/><D112/><U37/><E107/><V92/><F132/><W38/><G115/><T35/><D119/><N who="1" m="45643" /><E76/><V9/><F74/><W53/><G131/><T40/><D122/><U47/><E3/><V102/><F0/><W8/><G100/><T15/><D35/><U31/><E31/><V118/><F118/><W96/><G106/><T110/><D128/><U42/><E28/><V29/><F85/><W17/><G96/><N who="0" m="57423" /><D67/><U39/><E22/><V126/><F126/><N who="0" m="48170" /><D40/><N who="1" m="22543" /><E14/><N who="2" m="7247" /><F97/><W4/><G30/><T24/><D24/><U80/><E80/><V7/><F50/><W88/><G61/><T66/><D66/><U69/><E125/><V26/><F7/><W59/><G75/><T105/><D105/><U13/><E13/><N who="2" m="7607" /><F29/><W104/><G4/><T33/><D33/><U23/><E23/><V114/><F114/><W58/><G20/><T120/><D120/><U129/><E129/><V12/><F12/><N who="3" m="7303" /><G104/><T77/><D15/><U1/><E1/><V62/><F62/><W56/><G38/><T95/><D6/><U27/><E27/><V60/><F60/><W81/><G81/><T91/><D77/><AGARI ba="0,0" hai="25,26,77,82,87,92,99,102" m="7607,7247" machi="77" ten="30,7700,0" yaku="8,1,52,2,54,1" doraHai="11" who="2" fromWho="0" sc="250,-77,250,0,250,77,250,0" /><INIT seed="1,0,0,2,0,4" ten="173,250,327,250" oya="1" hai0="53,16,27,117,69,10,75,23,94,51,85,52,56" hai1="122,43,11,60,130,67,76,3,74,80,113,45,64" hai2="55,105,28,39,133,61,114,77,123,128,19,132,36" hai3="108,68,95,110,82,124,98,33,42,72,102,8,103"/><U18/><E113/><V65/><F128/><W13/><G33/><T106/><D106/><U66/><E122/><V31/><F123/><W1/><G68/><T9/><D75/><U116/><E116/><V62/><F114/><W81/><G124/><T129/><D117/><U54/><E130/><V6/><F105/><W47/><G102/><T131/><D69/><U91/><E91/><V30/><F6/><N who="3" m="1103" /><G13/><T88/><D129/><U0/><E54/><V7/><F7/><W20/><G20/><T22/><D131/><U58/><E0/><V86/><F19/><W96/><G98/><T99/><D85/><U50/><REACH who="1" step="1"/><E3/><REACH who="1" ten="173,240,327,250" step="2"/><V73/><F55/><W100/><G100/><T37/><D37/><U15/><AGARI ba="0,1" hai="11,15,18,43,45,50,58,60,64,66,67,74,76,80" machi="15" ten="30,11700,0" yaku="1,1,2,1,0,1,52,1,53,0" doraHai="4" doraHaiUra="127" who="1" fromWho="1" sc="173,-39,240,127,327,-39,250,-39" /><INIT seed="1,1,0,3,3,99" ten="134,367,288,211" oya="1" hai0="21,55,105,127,41,101,25,121,109,69,36,27,102" hai1="60,48,11,65,74,68,100,12,40,10,32,132,128" hai2="131,82,37,1,97,53,106,31,71,81,45,94,92" hai3="116,67,5,2,89,111,83,90,28,38,47,125,110"/><U64/><E74/><V85/><F71/><W135/><G135/><T20/><D105/><U54/><E32/><V80/><F1/><W23/><G125/><T91/><D69/><N who="1" m="42119" /><E100/><N who="0" m="38505" /><D36/><U122/><E12/><V16/><F106/><W62/><G116/><T96/><D41/><U22/><E22/><N who="0" m="8809" /><D127/><U24/><E24/><N who="0" m="9289" /><D109/><U79/><E79/><V14/><F31/><W15/><G28/><T103/><D121/><U42/><E42/><V133/><F37/><W84/><G38/><T66/><N who="0" m="38513" /><T104/><DORA hai="70" /><D104/><U93/><E40/><V108/><F108/><W33/><G111/><T126/><D126/><U49/><E68/><V61/><F133/><W63/><G110/><T119/><D119/><U72/><E122/><V43/><F43/><W75/><G2/><T129/><D129/><U86/><E128/><V4/><F131/><W50/><G75/><T34/><D34/><U115/><E72/><V57/><F85/><W17/><G84/><T3/><D3/><U52/><E86/><V114/><F114/><W0/><G0/><T59/><D66/><U35/><E65/><V56/><F97/><W124/><G67/><T95/><D59/><U18/><E35/><V77/><F57/><W44/><G33/><T134/><D134/><U6/><E132/><V88/><F56/><W30/><G124/><T87/><D55/><U8/><E52/><V76/><F53/><W117/><G117/><T120/><D120/><U98/><E54/><V112/><F112/><W9/><G63/><T58/><D58/><U130/><E115/><V13/><F61/><W123/><G62/><RYUUKYOKU ba="1,0" sc="134,30,367,-10,288,-10,211,-10" hai0="87,91,95,96" /><INIT seed="2,2,0,3,0,111" ten="164,357,278,201" oya="2" hai0="95,41,119,127,132,16,57,135,76,90,93,33,70" hai1="63,83,48,110,29,97,134,69,72,112,64,91,19" hai2="73,79,2,35,130,108,87,4,42,8,82,3,81" hai3="104,62,7,34,6,125,77,128,27,120,94,126,75"/><V123/><F123/><W98/><G120/><T20/><D70/><U5/><E112/><V117/><F117/><W0/><G104/><T89/><D33/><U47/><E5/><V92/><F108/><W46/><G128/><T118/><D127/><N who="3" m="48649" /><G0/><T52/><D41/><U49/><E110/><V60/><F35/><W65/><G46/><T39/><D39/><U15/><E29/><V58/><F130/><W31/><G77/><T43/><D43/><U55/><E134/><N who="0" m="51241" /><D76/><U61/><E61/><V106/><F106/><W122/><G75/><T131/><D95/><U28/><E28/><V86/><F42/><W99/><G99/><BYE who="3" /><N who="0" m="57775" /><D90/><U24/><E72/><UN n3="%E5%8D%A0%E3%81%84%E5%B8%AB%E8%A3%8F%E3%81%AA%E3%81%84%E3%81%97" /><V116/><F116/><W26/><G26/><N who="0" m="14599" /><D131/><U22/><E97/><V66/><F92/><W25/><G25/><T80/><D80/><U59/><E91/><V21/><F81/><W133/><G133/><T10/><D10/><U84/><E83/><V36/><F36/><W18/><G18/><T51/><AGARI ba="2,0" hai="51,52,57,118,119" m="14599,57775,51241" machi="51" ten="30,4000,0" yaku="20,1,54,2" doraHai="111" who="0" fromWho="0" sc="164,46,357,-12,278,-22,201,-12" /><INIT seed="3,0,0,4,5,77" ten="210,345,256,189" oya="3" hai0="28,52,36,82,4,32,2,44,80,72,85,130,18" hai1="55,71,6,14,103,119,125,120,0,24,70,15,101" hai2="53,106,19,131,68,23,118,83,104,128,62,42,1" hai3="43,110,88,98,63,61,115,113,108,79,26,50,84"/><W11/><G79/><T73/><D130/><N who="2" m="49706" /><F118/><W95/><G26/><T112/><D112/><N who="3" m="43081" /><G11/><T16/><D32/><U45/><E71/><V3/><F42/><W46/><G98/><T13/><D28/><U37/><E55/><V51/><F68/><W74/><G74/><T41/><D52/><U132/><E45/><N who="2" m="27887" /><F62/><W8/><G8/><N who="0" m="2071" /><D73/><U38/><E15/><N who="2" m="9727" /><F83/><W134/><G134/><T97/><D97/><U58/><E101/><V9/><F9/><W91/><G91/><N who="0" m="51623" /><D13/><U66/><E14/><V78/><F78/><AGARI ba="0,0" hai="16,18,36,41,44,72,78,82" m="51623,2071" machi="78" ten="30,7700,0" yaku="25,1,52,2,54,1" doraHai="77" who="0" fromWho="2" sc="210,77,345,0,256,-77,189,0" owari="287,8.7,345,44.5,179,-32.1,189,-21.1" /></mjloggm>