<mjloggm ver="2.3"><GO type="225" lobby="0"/><UN n0="%E3%81%86%E3%83%BC%E3%81%B1%E3%83%BC" n1="%6D%75%75%6D%75%72%61" n2="%E3%81%AF%E3%82%88%E3%81%8A%E3%81%98%E3%81%95%E3%82%93" n3="%E6%B0%B7%E5%B7%9D%E9%87%8C%E5%A5%88" dan="17,17,17,16" rate="2168.64,2158.35,2190.50,2133.13" sx="F,F,M,F"/><TAIKYOKU oya="0"/><INIT seed="0,0,0,1,5,11" ten="250,250,250,250" oya="0" hai0="61,106,81,129,86,10,113,15,63,135,73,78,89" hai1="37,27,25,24,115,125,43,62,132,23,32,77,99" hai2="12,59,56,91,67,80,55,64,42,22,112,21,121" hai3="110,40,72,69,28,53,39,116,65,120,96,114,52"/><T13/><D113/><U5/><E115/><V87/><F121/><W111/><G72/><T117/><D117/><U30/><E125/><V84/><F112/><W17/><G114/><T6/><D129/><U14/><E132/><V126/><F126/><W118/><G28/><T31/><D135/><U4/><E77/><V130/><F130/><W44/><G96/><T8/><D106/><U48/><E37/><V29/><F42/><W58/><G17/><T101/><D101/><U51/><E32/><V68/><F68/><W1/><G1/><T100/><D100/><U71/><E30/><V92/><F59/><W83/><G83/><T124/><D31/><U82/><E82/><V98/><F87/><W9/><G9/><T127/><D127/><U60/><E99/><V105/><F105/><W41/><G41/><T104/><D104/><U123/><E71/><V50/><F22/><W35/><G35/><T103/><D103/><U133/><E123/><V76/><F29/><W19/><G19/><AGARI ba="0,0" hai="12,19,21,50,55,56,64,67,76,80,84,91,92,98" machi="19" ten="40,2600,0" yaku="8,1,52,1" doraHai="11" who="2" fromWho="3" sc="250,0,250,0,250,26,250,-26" /><INIT seed="1,0,0,4,1,50" ten="250,250,276,224" oya="1" hai0="37,92,117,32,28,111,135,18,38,77,126,94,53" hai1="20,129,69,81,46,130,114,39,54,123,121,125,36" hai2="11,110,44,56,5,41,95,74,23,47,100,122,82" hai3="132,57,2,131,119,34,49,66,62,64,43,13,27"/><U128/><E81/><V90/><F122/><N who="1" m="46601" /><E20/><V105/><F110/><W14/><G2/><T3/><D111/><U89/><E89/><V9/><F105/><W79/><G132/><T12/><D135/><U42/><E114/><V48/><F100/><W78/><G131/><T98/><D117/><U33/><E33/><V29/><F74/><W68/><G119/><T96/><D126/><U116/><E116/><V61/><F47/><W31/><G66/><T112/><D77/><U124/><E69/><V52/><F82/><W16/><G13/><T108/><D3/><U88/><E36/><V0/><F0/><W134/><G134/><T76/><D76/><U30/><E30/><V72/><F72/><W17/><G17/><T99/><D108/><U51/><E88/><V120/><F120/><W101/><G101/><T70/><D70/><U58/><AGARI ba="0,0" hai="39,42,46,51,54,58,124,125,128,129,130" m="46601" machi="58" ten="40,12000,1" yaku="19,1,34,2,52,1" doraHai="50" who="1" fromWho="1" sc="250,-40,250,120,276,-40,224,-40" /><INIT seed="1,1,0,2,3,5" ten="210,370,236,184" oya="1" hai0="102,68,56,113,83,119,127,101,46,15,85,6,9" hai1="99,88,107,72,120,117,124,41,97,1,130,121,98" hai2="76,3,73,74,67,95,27,40,36,111,109,34,59" hai3="86,21,84,57,23,129,116,90,26,87,114,123,79"/><U10/><E117/><V118/><F118/><W65/><G116/><T132/><D68/><U55/><E72/><V131/><F3/><W112/><G123/><T4/><D113/><U62/><E130/><V110/><F131/><W33/><G129/><T2/><D119/><U47/><E107/><V66/><F95/><W29/><G79/><T92/><D127/><U25/><E124/><V133/><F133/><W106/><G106/><T82/><D132/><U105/><E105/><V64/><F59/><W39/><G39/><T71/><D71/><U75/><E75/><V108/><F76/><W13/><G90/><N who="0" m="53327" /><D2/><U30/><E62/><V18/><N who="2" m="27648" /><DORA hai="37" /><V135/><F135/><W51/><G33/><T16/><D46/><U69/><E69/><V28/><REACH who="2" step="1"/><F18/><REACH who="2" ten="210,370,226,184" step="2"/><W77/><G77/><T32/><D56/><U70/><E70/><V7/><F7/><W128/><G128/><T31/><D4/><U96/><E120/><V24/><F24/><W58/><G58/><T81/><D6/><U122/><E121/><V61/><F61/><N who="3" m="38063" /><G114/><T53/><D81/><U54/><E122/><V125/><F125/><W80/><G112/><T49/><D82/><U42/><E25/><V63/><F63/><W134/><G134/><T11/><D83/><U104/><E104/><V14/><F14/><W48/><G80/><T50/><D15/><U44/><E1/><V100/><F100/><N who="0" m="38506" /><D16/><AGARI ba="1,1" hai="13,16,21,23,26,29,48,51,84,86,87" m="38063" machi="16" ten="30,2000,0" yaku="8,1,54,1" doraHai="5,37" who="3" fromWho="0" sc="210,-23,370,0,226,0,184,33" /><INIT seed="2,0,0,1,0,134" ten="187,370,226,217" oya="2" hai0="107,132,12,60,73,52,61,31,130,118,82,102,92" hai1="109,125,0,59,36,95,120,126,87,81,57,99,106" hai2="39,74,112,23,29,71,6,8,9,67,46,26,78" hai3="4,96,91,85,103,75,80,34,123,56,89,83,72"/><V65/><F112/><W105/><G34/><T1/><D1/><U79/><E106/><V25/><F71/><W40/><G40/><T66/><D107/><U38/><E0/><V21/><F74/><N who="3" m="28203" /><G56/><N who="1" m="21578" /><E109/><V27/><F78/><N who="3" m="46231" /><G4/><T111/><D52/><U33/><E33/><V100/><F100/><W5/><G5/><T121/><D102/><N who="1" m="60799" /><E120/><V76/><F76/><W13/><G13/><T19/><D12/><U58/><E58/><V86/><F39/><W48/><G48/><T116/><D121/><U49/><E49/><V113/><F113/><W108/><G123/><T47/><D61/><U54/><E54/><V97/><F46/><W7/><G7/><T11/><D60/><U41/><E41/><V55/><F55/><W124/><G108/><T16/><D111/><U53/><E53/><V50/><F50/><W3/><G3/><T84/><D47/><U2/><E2/><V22/><F29/><W20/><G20/><T127/><D31/><U64/><E64/><V37/><F37/><W28/><G28/><T15/><D66/><U128/><E128/><V44/><F44/><W88/><G124/><AGARI ba="0,0" hai="36,38,79,81,87,124,125,126" m="60799,21578" machi="124" ten="30,7700,0" yaku="18,1,52,3" doraHai="134" who="1" fromWho="3" sc="187,0,370,77,226,0,217,-77" /><INIT seed="3,0,0,0,2,35" ten="187,447,226,140" oya="3" hai0="131,97,52,92,65,86,82,114,83,112,25,48,12" hai1="63,122,111,107,21,79,4,68,119,66,54,126,74" hai2="115,0,118,8,53,46,76,16,28,89,19,113,45" hai3="91,42,17,109,29,40,6,72,61,47,70,24,20"/><W90/><G72/><T67/><D131/><U77/><E122/><V117/><F28/><W43/><G109/><T51/><D25/><U22/><E111/><V120/><F120/><W123/><G123/><T56/><D48/><U108/><E107/><V81/><F89/><W110/><G110/><T73/><D73/><U101/><E126/><V49/><F46/><W58/><G70/><T31/><D31/><U34/><E34/><V71/><F71/><W133/><G133/><T100/><D12/><U15/><E119/><V135/><F135/><W37/><G6/><T1/><D1/><U10/><E101/><V102/><F102/><W23/><G37/><T121/><D82/><U62/><E74/><V85/><F117/><W57/><G47/><T103/><D103/><U5/><E5/><V7/><REACH who="2" step="1"/><F118/><REACH who="2" ten="187,447,216,140" step="2"/><W104/><G104/><T124/><D121/><U132/><E21/><V13/><F13/><W130/><G130/><T84/><D124/><U93/><E93/><V87/><F87/><N who="0" m="33322" /><D83/><U33/><E33/><V44/><F44/><W78/><G78/><T75/><D75/><U14/><E62/><V99/><F99/><W39/><G39/><T80/><D80/><U30/><E66/><V96/><F96/><W41/><N who="3" m="10240" /><DORA hai="116" /><W11/><G11/><T98/><D98/><U106/><E108/><V60/><F60/><W9/><G9/><T134/><D134/><U36/><E132/><V127/><F127/><W27/><REACH who="3" step="1"/><G58/><REACH who="3" ten="187,447,216,130" step="2"/><T64/><D64/><AGARI ba="0,2" hai="17,20,23,24,27,29,57,61,64,90,91" m="10240" machi="64" ten="50,18000,2" yaku="1,1,2,1,8,1,53,3" doraHai="35,116" doraHaiUra="18,59" who="3" fromWho="0" sc="187,-180,447,0,216,0,130,200" /><INIT seed="3,1,0,4,0,53" ten="7,447,216,330" oya="3" hai0="114,127,84,2,38,0,92,52,30,8,135,119,9" hai1="58,87,104,100,19,59,51,82,12,121,65,64,105" hai2="44,124,107,14,86,130,47,85,42,48,77,90,122" hai3="71,10,109,134,4,26,132,91,41,39,89,21,5"/><W106/><G71/><T88/><D119/><U31/><E121/><V79/><F107/><W34/><G106/><T45/><D114/><U69/><E69/><V97/><F122/><W32/><G41/><T98/><D135/><N who="3" m="51753" /><G39/><T93/><D127/><U27/><E104/><V103/><F124/><W17/><G91/><T1/><D30/><U72/><E72/><V43/><F130/><W67/><G89/><T129/><D129/><U96/><E51/><V54/><F103/><W83/><G83/><T115/><D115/><U66/><E87/><V56/><F97/><W18/><G67/><T112/><D112/><U36/><E36/><V78/><F14/><N who="3" m="7383" /><G109/><T7/><D7/><U20/><REACH who="1" step="1"/><E82/><REACH who="1" ten="7,437,216,330" step="2"/><V11/><F11/><AGARI ba="1,1" hai="11,12,19,20,27,31,58,59,64,65,66,96,100,105" machi="11" ten="40,8000,1" yaku="1,1,2,1,52,2,53,1" doraHai="53" doraHaiUra="94" who="1" fromWho="2" sc="7,0,437,93,216,-83,330,0" owari="7,-49.3,530,63.0,133,-26.7,330,13.0" /></mjloggm>