<mjloggm ver="2.3"><GO type="225" lobby="0"/><UN n0="%72%69%6F%75%63%68%61%6E" n1="%E4%BF%BA%E3%81%A8%E5%A6%96%E5%A4%A2" n2="%E6%80%AA%E3%81%97%E3%81%99%E3%81%8E%E3%82%8B%E3%83%81%E3%83%BC" n3="%4D%50%43%32%38%30%30" dan="16,17,16,16" rate="2163.40,2199.05,2046.60,2131.18" sx="M,F,M,M"/><TAIKYOKU oya="0"/><INIT seed="0,0,0,0,4,109" ten="250,250,250,250" oya="0" hai0="127,16,123,40,124,117,55,121,1,114,71,32,51" hai1="26,7,60,54,62,78,120,10,30,12,43,110,24" hai2="126,14,67,2,66,63,112,45,35,104,20,73,72" hai3="50,77,27,18,59,28,105,116,79,68,119,65,6"/><T125/><D1/><U11/><E120/><N who="0" m="46153" /><D32/><U98/><E110/><V131/><F112/><W0/><G105/><T87/><D117/><U97/><E43/><V8/><F35/><W92/><G18/><T29/><D29/><U52/><E78/><V74/><F104/><W101/><G68/><T57/><D87/><U15/><E30/><V75/><F131/><W93/><G93/><T3/><D3/><U44/><E44/><V36/><F126/><W86/><G6/><AGARI ba="0,0" hai="6,7,10,11,12,15,24,26,52,54,60,62,97,98" machi="6" ten="25,6400,0" yaku="22,2,8,1,54,1" doraHai="109" who="1" fromWho="3" sc="250,0,250,64,250,0,250,-64" /><INIT seed="1,0,0,5,5,57" ten="250,314,250,186" oya="1" hai0="101,99,88,132,35,61,68,46,135,41,73,126,40" hai1="32,107,121,27,54,24,111,39,7,30,48,9,38" hai2="17,85,71,93,33,129,97,51,65,90,16,0,125" hai3="114,123,21,29,105,14,31,50,22,43,10,127,87"/><U89/><E121/><V98/><F33/><W55/><G123/><T2/><D126/><U4/><E107/><V134/><F0/><W96/><G114/><T86/><D73/><U8/><E111/><V34/><F34/><W23/><G127/><T103/><D2/><U12/><E27/><V28/><F125/><W102/><G43/><T75/><D75/><U119/><E89/><V20/><F134/><N who="0" m="51242" /><D35/><U1/><REACH who="1" step="1"/><E119/><REACH who="1" ten="250,304,250,186" step="2"/><V120/><F90/><W49/><G31/><T60/><D103/><U69/><E69/><V63/><F71/><W113/><G29/><T122/><D68/><U118/><E118/><V117/><F28/><W81/><G113/><T13/><D122/><U44/><AGARI ba="0,1" hai="1,4,7,8,9,12,24,30,32,38,39,44,48,54" machi="44" ten="20,3900,0" yaku="1,1,0,1,7,1,53,0" doraHai="57" doraHaiUra="18" who="1" fromWho="1" sc="250,-13,304,49,250,-13,186,-13" /><INIT seed="1,1,0,0,5,42" ten="237,353,237,173" oya="1" hai0="26,85,11,114,47,131,106,135,6,71,81,18,0" hai1="86,93,49,3,61,128,7,125,100,30,63,107,12" hai2="14,109,105,39,74,44,22,88,83,46,66,101,91" hai3="130,13,32,36,59,134,132,104,17,43,52,19,45"/><U112/><E112/><V116/><F116/><W31/><G104/><T21/><D131/><U58/><E128/><V102/><F109/><W51/><G130/><T8/><D135/><N who="3" m="51753" /><G13/><T50/><D114/><U38/><E38/><V123/><F123/><W54/><G54/><T15/><D71/><U108/><E3/><V133/><F133/><W96/><G96/><T120/><D106/><U98/><E108/><V57/><F39/><W48/><G48/><T16/><D120/><U35/><E49/><V27/><F14/><W110/><G110/><T124/><D124/><U2/><E125/><V126/><F126/><W111/><G111/><T77/><REACH who="0" step="1"/><D50/><REACH who="0" ten="227,353,237,173" step="2"/><U4/><E107/><V92/><F105/><W75/><G75/><T90/><D90/><N who="2" m="34346" /><F74/><W79/><G79/><T40/><D40/><U84/><E100/><N who="2" m="38507" /><F92/><W53/><G53/><T41/><D41/><U129/><E93/><V56/><F83/><W37/><G37/><T78/><D78/><U89/><E129/><V72/><F72/><W24/><AGARI ba="1,1" hai="17,19,24,31,32,36,43,45,51,52,59" m="51753" machi="24" ten="30,4000,0" yaku="20,1,52,1,54,1" doraHai="42" who="3" fromWho="3" sc="227,-11,353,-21,237,-11,173,53" /><INIT seed="2,0,0,4,0,50" ten="216,332,226,226" oya="2" hai0="38,124,110,72,46,93,69,68,125,105,51,84,94" hai1="34,118,21,65,27,16,17,107,114,55,10,5,106" hai2="8,23,126,43,7,30,40,25,120,56,122,77,26" hai3="91,132,89,61,58,18,14,74,71,81,57,60,134"/><V76/><F126/><N who="0" m="48746" /><D105/><U59/><E114/><V47/><F56/><W85/><G74/><T108/><D72/><U78/><E118/><V53/><F120/><W101/><G101/><T95/><D38/><U117/><E117/><V83/><F122/><W99/><G99/><T67/><D84/><U66/><E78/><N who="2" m="30315" /><F83/><W6/><G6/><T129/><D129/><U52/><E34/><V82/><F82/><W28/><G28/><T29/><D29/><N who="1" m="17647" /><E107/><V24/><F23/><W100/><G100/><T15/><D15/><N who="1" m="5583" /><E106/><V109/><F30/><W12/><G71/><N who="0" m="27211" /><D67/><N who="1" m="25611" /><E55/><AGARI ba="0,0" hai="46,51,55,93,94,95,108,110" m="27211,48746" machi="55" ten="40,2600,0" yaku="18,1,52,1" doraHai="50" who="0" fromWho="1" sc="216,26,332,-26,226,0,226,0" /><INIT seed="3,0,0,1,5,63" ten="242,306,226,226" oya="3" hai0="129,2,50,47,32,79,111,13,69,15,10,114,27" hai1="21,6,60,99,105,46,65,85,34,104,54,52,81" hai2="90,92,40,122,74,77,14,120,9,121,41,23,67" hai3="66,107,64,16,116,8,110,5,12,22,1,91,18"/><W106/><G116/><T26/><D69/><U58/><E34/><V130/><F130/><W7/><G110/><T0/><D111/><U100/><E105/><V76/><F67/><N who="3" m="25643" /><G107/><T97/><D32/><U61/><E6/><N who="3" m="2058" /><G106/><T95/><D129/><U78/><E60/><V133/><F133/><W43/><G1/><T31/><D79/><N who="2" m="30282" /><F23/><W11/><G43/><T128/><D128/><U48/><E21/><V44/><F74/><W4/><N who="3" m="2066" /><W101/><DORA hai="119" /><G101/><T89/><D114/><U94/><E104/><V112/><F112/><W57/><G57/><T96/><D2/><U56/><E54/><V127/><F127/><W59/><G59/><AGARI ba="0,0" hai="46,48,52,56,58,59,61,65,78,81,85,94,99,100" machi="59" ten="30,7700,0" yaku="7,1,8,1,52,1,54,1" doraHai="63,119" who="1" fromWho="3" sc="242,0,306,77,226,0,226,-77" owari="242,4.2,383,48.3,226,-17.4,149,-35.1" /></mjloggm>