<mjloggm ver="2.3"><GO type="225" lobby="0"/><UN n0="%E6%97%A5%E6%9B%9C%E6%97%A5%E3%82%88%E3%82%8A%E3%81%AE%E4%BD%BF%E8%80%85" n1="%E4%B8%89%E5%88%86%E5%B0%8F%E5%83%A7" n2="%E3%80%90%E3%83%88%E3%83%AA%E3%83%A5%E3%83%95%E3%80%91" n3="%E5%BA%97%E9%95%B7%4D" dan="16,16,16,16" rate="2174.17,2087.05,2079.51,2089.83" sx="M,M,M,M"/><TAIKYOKU oya="0"/><INIT seed="0,0,0,0,1,7" ten="250,250,250,250" oya="0" hai0="81,48,128,62,80,93,70,103,27,65,83,30,95" hai1="98,131,57,39,20,32,42,115,21,97,74,4,73" hai2="17,75,9,12,35,134,126,111,44,102,49,72,82" hai3="135,114,77,33,31,85,130,90,10,61,107,24,108"/><T94/><D128/><U23/><E23/><V29/><F111/><W15/><G114/><T69/><D48/><U45/><E45/><V99/><BYE who="1" /><F134/><W52/><G107/><T105/><D70/><U117/><E117/><V118/><F126/><W47/><G135/><T50/><D50/><U100/><E100/><V125/><F125/><W92/><G130/><T51/><D51/><U63/><E63/><V106/><F82/><W104/><G104/><T112/><D112/><U46/><E46/><V110/><F110/><W132/><G132/><T78/><D78/><U71/><E71/><V34/><F118/><W89/><G108/><T116/><D116/><U120/><E120/><V2/><F2/><W0/><G0/><T76/><D76/><U123/><E123/><V26/><REACH who="2" step="1"/><F35/><REACH who="2" ten="250,250,240,250" step="2"/><W66/><G77/><T119/><D119/><U122/><E122/><V129/><F129/><W133/><G133/><T121/><D121/><U36/><E36/><V88/><F88/><W84/><G47/><T13/><D83/><U8/><E8/><V91/><F91/><W68/><G89/><T28/><D81/><U18/><E18/><V5/><F5/><W22/><G33/><T25/><D80/><U64/><E64/><V41/><AGARI ba="0,1" hai="9,12,17,26,29,34,41,44,49,72,75,99,102,106" machi="41" ten="20,5200,0" yaku="1,1,0,1,7,1,52,1,53,0" doraHai="7" doraHaiUra="67" who="2" fromWho="2" sc="250,-26,250,-13,240,62,250,-13" /><INIT seed="1,0,0,1,2,121" ten="224,237,302,237" oya="1" hai0="41,29,63,57,8,51,100,66,110,119,84,55,28" hai1="46,56,9,79,135,62,40,132,103,87,75,122,81" hai2="18,24,61,38,120,123,97,16,134,32,113,93,17" hai3="95,67,83,64,14,43,44,118,125,89,126,128,101"/><U53/><E53/><V127/><F134/><W114/><G114/><T52/><D119/><U33/><E33/><V65/><F127/><N who="3" m="48651" /><G118/><T31/><D110/><U130/><E130/><V3/><F3/><W73/><G128/><T104/><D104/><U91/><E91/><V105/><F38/><N who="3" m="21623" /><G101/><T82/><D100/><U102/><E102/><V70/><F113/><W1/><G1/><T34/><D34/><U129/><E129/><V49/><F49/><W76/><G14/><T68/><D8/><U116/><E116/><V117/><F117/><W88/><G89/><N who="0" m="51351" /><D68/><U60/><E60/><V21/><F32/><W48/><G48/><T106/><D106/><U45/><E45/><AGARI ba="0,0" hai="28,29,31,41,45,51,52,55,57,63,66" m="51351" machi="45" ten="30,2000,0" yaku="8,1,54,1" doraHai="121" who="0" fromWho="1" sc="224,20,237,-20,302,0,237,0" /><INIT seed="2,0,0,1,2,51" ten="244,217,302,237" oya="2" hai0="19,111,2,28,113,98,29,43,25,57,45,81,13" hai1="116,32,124,80,115,121,71,122,79,118,5,21,46" hai2="93,23,120,18,58,42,75,133,103,123,69,33,15" hai3="125,59,101,119,130,70,99,0,65,56,11,44,94"/><V30/><F75/><W90/><G119/><T63/><D2/><U53/><E53/><V95/><F69/><W82/><G125/><T104/><D113/><U4/><E4/><V38/><F133/><W86/><G130/><T131/><D131/><U83/><E83/><V107/><F58/><W97/><G70/><T72/><D111/><U78/><E78/><V105/><F95/><W47/><G99/><T1/><D1/><U60/><E60/><V8/><F33/><W61/><REACH who="3" step="1"/><G59/><REACH who="3" ten="244,217,302,227" step="2"/><T22/><D98/><U31/><E31/><V134/><F30/><W109/><G109/><T100/><D29/><U110/><E110/><V74/><F120/><W14/><G14/><T17/><D13/><U135/><E135/><V41/><F134/><W49/><G49/><T16/><D28/><U127/><E127/><V89/><F123/><W39/><G39/><T129/><D129/><U24/><E24/><N who="2" m="14455" /><F38/><W36/><G36/><T7/><D25/><U64/><E64/><V114/><F114/><W20/><G20/><T52/><D22/><U66/><E66/><V34/><F15/><W106/><G106/><T126/><D104/><U128/><E128/><V50/><F50/><W9/><G9/><T96/><D126/><U77/><E77/><V84/><F8/><W108/><G108/><T40/><D96/><U117/><E117/><V10/><F10/><W88/><G88/><T62/><D57/><U92/><E92/><V67/><F107/><W12/><G12/><T91/><D91/><U37/><E37/><V87/><F105/><W73/><G73/><T27/><D72/><RYUUKYOKU ba="0,1" sc="244,-10,217,-10,302,-10,227,30" hai3="0,11,44,47,56,61,65,82,86,90,94,97,101" /><INIT seed="3,1,1,1,0,9" ten="234,207,292,257" oya="3" hai0="39,34,51,1,62,29,129,48,100,28,25,126,108" hai1="30,96,74,59,107,123,117,58,22,24,54,63,109" hai2="112,45,130,104,3,10,78,87,27,67,105,17,18" hai3="101,122,114,84,5,106,14,76,92,98,52,102,55"/><W86/><G114/><T35/><D39/><U50/><E50/><V97/><F112/><W20/><G122/><T42/><D1/><U19/><E19/><V94/><F130/><W133/><G133/><T43/><D108/><U8/><E8/><V4/><F18/><N who="3" m="10327" /><G106/><T134/><D100/><N who="3" m="38505" /><G5/><T111/><D111/><U95/><E95/><V103/><F105/><W32/><G32/><T15/><D35/><U36/><E36/><V79/><F104/><W69/><G69/><T71/><D71/><U85/><E85/><N who="3" m="32874" /><G76/><T93/><D34/><U65/><E65/><V6/><F67/><W12/><G12/><T53/><D15/><U80/><E80/><N who="2" m="47511" /><F3/><W88/><AGARI ba="1,1" hai="52,55,88,92,98" m="32874,38505,10327" machi="88" ten="30,11700,0" yaku="8,1,52,1,54,2" doraHai="9" who="3" fromWho="3" sc="234,-40,207,-40,292,-40,257,130" owari="194,-20.6,167,-33.3,252,5.2,387,48.7" /></mjloggm>