<mjloggm ver="2.3"><GO type="225" lobby="0"/><UN n0="%6D%75%75%6D%75%72%61" n1="%E7%88%86%E8%A3%82%E9%83%BD%E5%B8%82%EF%BD%9E" n2="%72%69%6F%75%63%68%61%6E" n3="%4E%6F%2E%30%30%30%31" dan="16,16,16,18" rate="2113.14,2102.82,2162.75,2196.22" sx="F,M,M,F"/><TAIKYOKU oya="0"/><INIT seed="0,0,0,0,1,57" ten="250,250,250,250" oya="0" hai0="115,26,106,61,105,13,93,108,110,53,60,64,32" hai1="133,24,22,35,79,121,94,92,130,0,116,103,2" hai2="45,40,18,127,3,46,8,86,38,1,65,44,51" hai3="114,82,52,72,33,28,125,23,66,34,55,47,112"/><T70/><D115/><U89/><E116/><V42/><F127/><W100/><G125/><T128/><D128/><U123/><E35/><V69/><F44/><W117/><G117/><T73/><D73/><U96/><E130/><V81/><F18/><W91/><G100/><T50/><D93/><U104/><E133/><V14/><F69/><W71/><G23/><T4/><D4/><U77/><E2/><V30/><F65/><W21/><G21/><T87/><D87/><N who="1" m="52287" /><E0/><V63/><F63/><N who="0" m="24138" /><D64/><U118/><E22/><V95/><F30/><W11/><G66/><T119/><D119/><U109/><E24/><V16/><REACH who="2" step="1"/><F95/><REACH who="2" ten="250,250,240,250" step="2"/><W67/><G67/><T39/><D70/><U17/><E118/><V54/><F54/><W12/><G28/><T135/><D135/><U78/><E17/><V75/><F75/><W132/><G71/><T97/><D39/><U59/><E59/><V124/><F124/><W43/><G132/><T9/><D105/><U48/><E104/><V58/><F58/><W29/><G72/><T84/><D53/><N who="3" m="20553" /><G29/><N who="0" m="19511" /><D50/><U76/><E48/><V120/><F120/><W25/><G114/><T74/><D74/><U36/><E36/><V56/><F56/><W49/><G112/><T83/><D106/><U98/><N who="1" m="19456" /><DORA hai="80" /><U6/><E121/><V27/><F27/><W107/><G25/><T7/><D83/><U126/><E126/><V99/><F99/><W129/><G107/><T20/><D97/><U37/><E98/><V5/><F5/><N who="3" m="3183" /><G129/><T62/><D62/><U41/><E123/><V113/><F113/><W101/><G101/><T90/><D20/><RYUUKYOKU ba="0,1" sc="250,10,250,-30,240,10,250,10" hai0="7,9,13,84,90,108,110" hai2="1,3,8,14,16,38,40,42,45,46,51,81,86" hai3="33,34,43,47,49,82,91" /><INIT seed="0,1,1,1,0,98" ten="260,220,250,260" oya="0" hai0="79,112,110,1,118,77,31,64,90,93,14,67,8" hai1="61,34,63,78,44,7,133,130,120,3,115,111,131" hai2="33,58,97,21,107,76,87,39,41,59,94,27,12" hai3="17,117,13,100,65,122,89,126,43,84,0,108,128"/><T74/><D112/><U104/><E120/><V16/><F107/><W114/><G0/><T36/><D118/><U75/><E115/><V26/><F39/><W70/><G114/><T22/><D36/><U35/><E111/><V2/><F2/><W72/><G117/><T51/><D110/><U56/><E44/><V73/><F73/><W52/><G108/><T5/><D51/><U91/><E133/><V54/><F41/><W6/><G72/><T11/><D31/><U60/><E56/><V134/><F134/><W50/><G128/><N who="1" m="49194" /><E104/><V55/><F33/><N who="1" m="12297" /><E91/><V28/><F58/><W53/><G70/><T23/><D64/><U86/><E75/><V24/><F28/><W68/><G68/><T48/><D67/><U123/><E123/><V102/><F59/><W113/><G65/><T10/><D48/><U132/><E132/><V83/><AGARI ba="1,1" hai="12,16,21,24,26,27,54,55,76,83,87,94,97,102" machi="83" ten="30,7900,0" yaku="0,1,8,1,52,1,54,1" doraHai="98" who="2" fromWho="2" sc="260,-40,220,-21,250,92,260,-21" /><INIT seed="1,0,0,2,4,75" ten="220,199,342,239" oya="1" hai0="77,133,48,126,64,124,71,7,6,97,3,105,70" hai1="30,134,81,120,53,121,128,95,18,113,16,32,15" hai2="59,80,52,5,57,56,60,2,86,62,89,42,66" hai3="65,93,49,109,44,116,4,11,96,50,87,0,47"/><U112/><E95/><V100/><F100/><W72/><G72/><T135/><D77/><U36/><E36/><V85/><F42/><W131/><G109/><T92/><D105/><U8/><E53/><V107/><F107/><W74/><G74/><T88/><D48/><U54/><E54/><V130/><F130/><W117/><G131/><T115/><D115/><N who="1" m="44107" /><E128/><V38/><F5/><N who="0" m="1546" /><D3/><U91/><E91/><V34/><F2/><W108/><G108/><T10/><D64/><U39/><E81/><V132/><F34/><W31/><G65/><T82/><D82/><U24/><E39/><V129/><F132/><N who="0" m="50762" /><D10/><N who="1" m="6263" /><E134/><V45/><F129/><W101/><G93/><T25/><D25/><N who="1" m="18511" /><E8/><V110/><F110/><W37/><G37/><T20/><D20/><AGARI ba="0,0" hai="18,20,24,120,121" m="18511,6263,44107" machi="20" ten="30,5800,0" yaku="34,2,54,1" doraHai="75" who="1" fromWho="0" sc="220,-58,199,58,342,0,239,0" /><INIT seed="1,1,0,5,1,105" ten="162,257,342,239" oya="1" hai0="14,36,110,81,46,109,49,90,23,71,33,132,123" hai1="8,15,32,40,57,39,131,63,59,89,118,61,82" hai2="4,115,29,68,7,72,78,42,93,35,74,2,70" hai3="10,6,12,30,54,26,67,0,38,17,45,103,125"/><U28/><E118/><V18/><F18/><W77/><G125/><T112/><D33/><U19/><E131/><V99/><F42/><W60/><G103/><T25/><D112/><U76/><E89/><V50/><F78/><W114/><G114/><T135/><D36/><U116/><E116/><V20/><F115/><W16/><G77/><T108/><D71/><U121/><E121/><V133/><F35/><W3/><G17/><T102/><D102/><U11/><E32/><V119/><F119/><W58/><G6/><T65/><D65/><U122/><E28/><V80/><F80/><W43/><REACH who="3" step="1"/><G67/><REACH who="3" ten="162,257,342,229" step="2"/><T66/><D66/><U130/><E122/><V96/><F4/><W62/><G62/><T87/><D123/><U24/><E63/><V88/><F7/><W128/><G128/><T127/><D127/><U97/><E61/><V92/><F133/><W117/><G117/><T47/><D14/><U85/><E130/><V31/><F2/><W73/><G73/><T98/><D132/><U83/><E24/><V64/><F64/><W120/><G120/><T104/><D135/><U94/><E15/><V75/><F50/><W1/><G1/><T101/><REACH who="0" step="1"/><D49/><REACH who="0" ten="152,257,342,229" step="2"/><U34/><E39/><V113/><F113/><W134/><G134/><T51/><D51/><U126/><E126/><V21/><F74/><W106/><G106/><T41/><D41/><U27/><E40/><V56/><F56/><W86/><G86/><T124/><D124/><U79/><E59/><V55/><F55/><W9/><G9/><T95/><D95/><U37/><E11/><V22/><F93/><RYUUKYOKU ba="1,2" sc="152,15,257,-15,342,-15,229,15" hai0="23,25,46,47,81,87,90,98,101,104,108,109,110" hai3="0,3,10,12,16,26,30,38,43,45,54,58,60" /><INIT seed="2,2,2,0,5,34" ten="167,242,327,244" oya="2" hai0="71,119,98,130,21,9,97,38,20,80,66,43,14" hai1="104,55,110,122,12,69,120,76,27,125,133,47,67" hai2="118,85,95,10,111,59,105,78,96,22,0,82,83" hai3="103,31,75,129,8,50,32,94,29,61,116,60,51"/><V127/><F118/><W11/><G116/><T39/><D119/><U100/><E110/><V48/><F111/><W112/><G75/><T107/><D130/><U102/><E125/><V101/><F127/><W81/><G81/><T63/><D80/><U91/><E76/><V40/><F22/><W106/><G106/><T24/><D21/><U1/><E12/><V89/><F59/><W4/><G129/><T3/><D43/><U42/><E27/><V49/><F40/><W79/><G79/><T109/><D109/><U113/><E113/><V46/><F46/><W54/><G112/><T65/><D65/><U84/><E133/><V93/><F83/><W128/><G128/><T68/><D68/><U131/><E131/><V30/><F30/><N who="3" m="11275" /><G50/><T23/><D23/><U135/><E135/><V115/><F115/><W18/><G4/><T64/><D64/><U13/><E104/><V37/><F37/><W117/><G32/><T114/><D114/><U28/><E67/><V52/><F52/><W2/><G2/><T132/><D132/><U17/><E69/><V36/><F36/><W6/><G6/><T77/><D77/><U86/><E55/><V90/><F90/><W88/><G103/><T57/><D71/><U99/><E1/><V26/><F26/><W123/><G117/><T16/><D3/><U134/><E42/><V35/><F35/><W87/><G123/><T72/><D72/><U25/><E122/><V62/><F62/><N who="3" m="24171" /><G18/><T45/><D45/><AGARI ba="2,2" hai="8,11,45,51,54,87,88,94" m="24171,11275" machi="45" ten="30,2000,0" yaku="8,1,54,1" doraHai="34" who="3" fromWho="0" sc="167,-26,242,0,327,0,244,46" /><INIT seed="3,0,0,0,3,37" ten="141,242,327,290" oya="3" hai0="122,22,30,98,34,2,99,13,90,83,17,85,27" hai1="114,131,120,133,97,8,71,33,108,5,105,128,82" hai2="106,66,87,118,42,48,110,103,125,109,40,91,53" hai3="84,57,68,29,49,7,25,96,86,92,107,113,26"/><W4/><G68/><T38/><D122/><U32/><E114/><V52/><F125/><W70/><G70/><T80/><D2/><N who="1" m="55" /><E120/><V35/><F118/><W75/><G75/><T119/><D38/><U36/><E82/><N who="2" m="49655" /><F35/><W50/><G107/><T20/><D34/><U132/><E71/><V74/><F74/><W56/><G113/><T124/><D119/><U89/><E89/><V14/><F66/><W47/><G96/><T76/><D124/><U59/><E59/><N who="2" m="33159" /><F106/><W130/><G130/><N who="1" m="49706" /><E36/><V72/><F72/><W23/><G92/><T9/><D9/><U101/><E108/><N who="2" m="41579" /><F103/><W135/><G135/><AGARI ba="0,0" hai="32,33,97,101,105,132,133,135" m="49706,55" machi="135" ten="30,3900,0" yaku="20,1,19,1,23,1" doraHai="37" who="1" fromWho="3" sc="141,0,242,39,327,0,290,-39" owari="141,-35.9,281,8.1,327,42.7,251,-14.9" /></mjloggm>