<mjloggm ver="2.3"><GO type="225" lobby="0"/><UN n0="%E5%BF%83%E6%B5%81" n1="%E8%BE%9B%E5%8F%A3%E3%82%AB%E3%83%AC%E3%83%BC%E3%83%A9%E3%82%A4%E3%82%B9" n2="%E5%8F%AF%E5%85%90%E9%82%A3%E7%94%B1%E5%A4%9A" n3="%72%61%6B%33" dan="16,16,16,17" rate="2082.00,2211.27,2199.25,2224.52" sx="F,M,F,M"/><TAIKYOKU oya="0"/><INIT seed="0,0,0,0,5,78" ten="250,250,250,250" oya="0" hai0="134,121,17,32,11,54,28,59,43,79,66,1,44" hai1="75,65,13,93,52,114,72,118,56,45,38,39,92" hai2="3,62,63,12,64,77,115,135,109,84,24,86,82" hai3="21,36,31,55,113,50,26,69,20,108,112,128,49"/><T104/><D121/><U19/><E118/><V119/><F115/><W14/><G14/><BYE who="3" /><T46/><D104/><U40/><E114/><V111/><F3/><W96/><G96/><T15/><D134/><U57/><E39/><V117/><F135/><W23/><G23/><T0/><D66/><U41/><E41/><V76/><F12/><W124/><G124/><T95/><D44/><U103/><E65/><V132/><F132/><W102/><G102/><T89/><D79/><U68/><E68/><V88/><F24/><W58/><G58/><T33/><D28/><U116/><E57/><V74/><F74/><W101/><G101/><T133/><D1/><U9/><E116/><N who="2" m="44619" /><F77/><W48/><G48/><T70/><D0/><U60/><REACH who="1" step="1"/><E103/><REACH who="1" ten="250,240,250,250" step="2"/><V30/><F64/><W73/><G73/><AGARI ba="0,1" hai="9,13,19,38,40,45,52,56,60,72,73,75,92,93" machi="73" ten="40,5200,0" yaku="1,1,2,1,54,1,53,0" doraHai="78" doraHaiUra="61" who="1" fromWho="3" sc="250,0,240,62,250,0,250,-52" /><INIT seed="1,0,0,5,0,82" ten="250,302,250,198" oya="1" hai0="129,131,92,100,43,33,47,64,11,73,49,89,79" hai1="133,60,65,98,76,128,6,19,12,125,113,120,58" hai2="97,67,56,66,111,10,9,52,71,23,28,105,112" hai3="59,121,17,61,29,130,103,88,42,1,96,86,37"/><U39/><E113/><V134/><F111/><W5/><G5/><T4/><D33/><U50/><E120/><V48/><F134/><W18/><G18/><T25/><D100/><U132/><E39/><V101/><F112/><W104/><G104/><T126/><D25/><U24/><E128/><N who="0" m="49225" /><D64/><U116/><E116/><V55/><F71/><W119/><G119/><T72/><D79/><U117/><E117/><V34/><F34/><W93/><G93/><T8/><D126/><U35/><E125/><V46/><F67/><W16/><G16/><T75/><D4/><U127/><E127/><V14/><F66/><W45/><G45/><T123/><D123/><U102/><E76/><V135/><F135/><W62/><G62/><T91/><D91/><U115/><E6/><V85/><F85/><AGARI ba="0,0" hai="8,11,43,47,49,72,73,75,85,89,92" m="49225" machi="85" ten="40,2600,0" yaku="19,1,52,1" doraHai="82" who="0" fromWho="2" sc="250,26,302,0,250,-26,198,0" /><INIT seed="2,0,0,3,3,67" ten="276,302,224,198" oya="2" hai0="102,117,48,132,133,9,128,100,96,84,26,59,66" hai1="73,11,92,7,122,41,97,68,24,108,49,33,74" hai2="16,4,115,3,51,87,90,13,32,127,71,126,38" hai3="27,40,111,28,77,17,79,39,29,55,25,0,82"/><V72/><F38/><W50/><G50/><T110/><D110/><U83/><E108/><V135/><F72/><W76/><G76/><T6/><D128/><U99/><E122/><V81/><F115/><W129/><G129/><T75/><D75/><U44/><E68/><V112/><F112/><W61/><G61/><T109/><D109/><U20/><E33/><V18/><F32/><W118/><G118/><T130/><D130/><U116/><E116/><V14/><F3/><W43/><G43/><T37/><D37/><U22/><E83/><V94/><F135/><N who="0" m="51786" /><D117/><U53/><E22/><V42/><F71/><W2/><G2/><T80/><D96/><U34/><E34/><V125/><F94/><W134/><G134/><T64/><D26/><U86/><E86/><V46/><REACH who="2" step="1"/><F14/><REACH who="2" ten="276,302,214,198" step="2"/><W21/><G21/><T88/><D100/><U69/><E69/><V8/><AGARI ba="0,1" hai="4,8,13,16,18,42,46,51,81,87,90,125,126,127" machi="8" ten="40,12000,1" yaku="1,1,2,1,0,1,18,1,54,1,53,0" doraHai="67" doraHaiUra="58" who="2" fromWho="2" sc="276,-40,302,-40,214,130,198,-40" /><INIT seed="2,1,0,3,5,28" ten="236,262,344,158" oya="2" hai0="44,90,86,117,114,97,99,22,89,66,8,123,130" hai1="124,39,122,51,65,84,71,26,21,29,103,81,74" hai2="30,82,126,116,54,100,107,77,133,42,7,96,76" hai3="132,127,87,14,79,111,18,0,33,78,115,19,104"/><V102/><F116/><W69/><G69/><T80/><D123/><U3/><E39/><V55/><F133/><W120/><G120/><T24/><D114/><U118/><E118/><V32/><F126/><W62/><G62/><T40/><D130/><U64/><E124/><V27/><F102/><W12/><G12/><T119/><D117/><U35/><E122/><V94/><F107/><W41/><G41/><T10/><D66/><U53/><E3/><V17/><F7/><W38/><G38/><T129/><D129/><U2/><E2/><V43/><F77/><W36/><G36/><T13/><D89/><U134/><E134/><V72/><REACH who="2" step="1"/><F17/><REACH who="2" ten="236,262,334,158" step="2"/><W106/><G106/><T46/><D119/><U11/><E103/><V67/><F67/><W85/><G85/><T110/><D86/><U91/><E74/><V105/><F105/><W112/><G112/><T98/><D97/><U58/><E71/><V56/><F56/><W68/><G68/><T128/><D98/><U92/><E65/><V108/><F108/><W23/><G23/><T4/><D110/><U95/><E64/><V31/><F31/><W15/><G15/><T131/><D13/><U57/><E57/><V9/><F9/><W45/><G45/><T25/><D46/><U50/><E11/><V121/><F121/><W75/><G75/><T59/><D44/><U63/><REACH who="1" step="1"/><E21/><REACH who="1" ten="236,252,334,158" step="2"/><V83/><F83/><W93/><G93/><AGARI ba="1,2" hai="26,29,35,50,51,53,58,63,81,84,91,92,93,95" machi="93" ten="40,5200,0" yaku="1,1,2,1,52,1,53,0" doraHai="28" doraHaiUra="101" who="1" fromWho="3" sc="236,0,252,75,334,0,158,-55" /><INIT seed="3,0,0,3,2,1" ten="236,327,334,103" oya="3" hai0="63,81,87,123,68,71,72,48,111,89,128,78,57" hai1="110,23,82,52,93,24,65,67,3,91,131,49,104" hai2="83,79,125,40,62,59,20,92,84,50,76,74,97" hai3="103,101,121,90,94,106,100,37,7,122,53,56,8"/><W2/><G2/><T109/><D123/><U33/><E104/><V18/><F125/><W26/><G26/><T34/><D34/><U0/><E33/><V13/><F74/><W45/><G45/><T36/><D36/><U17/><E3/><V61/><F79/><W31/><G31/><T64/><D128/><U75/><E0/><V60/><F40/><W112/><G112/><T28/><D28/><U39/><E39/><V69/><F69/><W129/><G129/><T88/><D89/><U114/><E114/><V77/><F77/><W70/><G70/><T47/><D109/><U107/><E107/><V44/><F44/><W25/><G25/><T133/><D133/><U96/><E131/><V51/><F59/><W102/><G102/><AGARI ba="0,0" hai="13,18,20,50,51,60,61,62,76,83,84,92,97,102" machi="102" ten="40,1300,0" yaku="8,1" doraHai="1" who="2" fromWho="3" sc="236,0,327,0,334,13,103,-13" owari="236,-16.4,327,12.7,347,44.7,90,-41.0" /></mjloggm>