<mjloggm ver="2.3"><GO type="225" lobby="0"/><UN n0="%E3%81%8F%E3%81%BE%E3%81%96%E3%82%8F" n1="%E3%81%95%E3%81%8D%E3%81%9F%E3%81%BE%E6%9E%97%E6%AA%8E" n2="%E6%80%AA%E3%81%97%E3%81%99%E3%81%8E%E3%82%8B%E3%83%81%E3%83%BC" n3="%6E%69%63%6F%6E%74%6F" dan="16,16,16,17" rate="2000.57,2163.44,2090.75,2155.52" sx="M,M,M,M"/><TAIKYOKU oya="0"/><INIT seed="0,0,0,4,1,32" ten="250,250,250,250" oya="0" hai0="84,44,9,13,50,119,78,1,41,91,52,35,105" hai1="114,29,131,86,121,40,25,115,54,77,94,80,58" hai2="30,23,8,123,109,7,61,21,63,49,71,88,97" hai3="124,102,122,125,83,43,5,118,133,93,47,73,62"/><T14/><D119/><U112/><E131/><V110/><F123/><W106/><G5/><T38/><D35/><U100/><E121/><V24/><F23/><W34/><G34/><T15/><D105/><U92/><E100/><V60/><F49/><W39/><G122/><T81/><D91/><U48/><E40/><V113/><F71/><W98/><G118/><T45/><REACH who="0" step="1"/><D1/><REACH who="0" ten="240,250,250,250" step="2"/><U56/><E56/><V104/><F113/><W10/><G125/><T16/><AGARI ba="0,1" hai="9,13,14,15,16,38,41,44,45,50,52,78,81,84" machi="16" ten="20,18000,2" yaku="1,1,2,1,0,1,7,1,54,2,53,0" doraHai="32" doraHaiUra="108" who="0" fromWho="0" sc="240,190,250,-60,250,-60,250,-60" /><INIT seed="0,1,0,5,1,33" ten="430,190,190,190" oya="0" hai0="113,59,46,126,121,63,91,118,58,125,16,32,124" hai1="101,57,54,51,105,61,3,75,28,130,122,22,109" hai2="132,15,48,56,14,92,93,66,5,94,88,74,73" hai3="99,29,47,18,19,37,87,40,35,34,79,64,21"/><T96/><D32/><U52/><E109/><V129/><F132/><W110/><G110/><T95/><D113/><U44/><E130/><V123/><F123/><W120/><G120/><T50/><D118/><U45/><E122/><V31/><F129/><W27/><G64/><T7/><D121/><U115/><E115/><V89/><F31/><W10/><G99/><T42/><D7/><U104/><E75/><V62/><F48/><W78/><G19/><T71/><D71/><U119/><E119/><V9/><REACH who="2" step="1"/><F15/><REACH who="2" ten="430,190,180,190" step="2"/><W133/><G133/><T39/><D50/><U112/><E112/><V70/><F70/><W134/><G134/><T43/><D63/><U97/><E3/><V69/><F69/><W80/><G79/><T84/><D124/><U117/><E117/><V4/><F4/><W24/><G24/><T38/><D125/><U98/><E45/><V6/><F6/><W131/><G131/><T17/><D126/><U2/><E2/><V116/><F116/><W107/><G107/><T85/><D46/><U102/><E28/><V65/><F65/><W0/><REACH who="3" step="1"/><G0/><REACH who="3" ten="430,190,180,180" step="2"/><T90/><D17/><U114/><E114/><V12/><F12/><AGARI ba="1,2" hai="10,12,18,21,27,29,34,35,37,40,47,78,80,87" machi="12" ten="40,2600,0" yaku="1,1,2,1,53,0" doraHai="33" doraHaiUra="1" who="3" fromWho="2" sc="430,0,190,0,180,-29,180,49" /><INIT seed="1,0,0,5,3,29" ten="430,190,151,229" oya="1" hai0="15,59,16,77,38,100,131,126,44,90,48,93,73" hai1="45,27,128,88,53,46,135,80,82,2,107,81,61" hai2="17,89,23,116,129,36,14,33,133,13,67,96,101" hai3="95,56,63,85,6,111,42,18,132,83,30,103,113"/><U11/><E128/><V127/><F116/><W37/><G111/><T26/><D131/><U35/><E135/><V104/><F129/><W58/><G132/><T124/><D38/><U60/><E107/><V134/><F127/><N who="0" m="48682" /><D100/><U8/><E2/><V57/><F33/><W102/><G113/><T4/><D4/><U122/><E122/><V121/><F121/><W3/><G3/><T47/><D26/><U40/><E35/><V50/><F36/><W72/><G6/><T21/><D77/><U91/><E40/><V110/><F110/><W119/><G119/><T54/><D73/><U64/><E27/><V92/><F14/><W94/><G30/><T28/><D28/><U5/><E5/><V34/><F34/><W68/><G68/><T86/><AGARI ba="0,0" hai="15,16,21,44,47,48,54,59,86,90,93" m="48682" machi="86" ten="30,4000,0" yaku="25,1,18,1,54,1" doraHai="29" who="0" fromWho="0" sc="430,40,190,-20,151,-10,229,-10" /><INIT seed="2,0,0,3,3,93" ten="470,170,141,219" oya="2" hai0="21,134,82,104,22,39,61,47,91,105,35,81,46" hai1="94,87,125,14,19,54,27,33,101,50,112,131,20" hai2="80,79,38,12,49,57,110,133,70,120,72,118,53" hai3="77,25,111,67,121,90,65,60,98,36,1,109,115"/><V106/><F118/><W128/><G121/><T116/><D35/><U62/><E131/><V71/><F120/><W58/><G36/><T132/><D61/><U129/><E129/><V16/><F133/><W76/><G1/><T119/><D91/><U83/><E125/><V41/><F110/><N who="3" m="41995" /><G128/><T68/><D39/><U34/><E112/><V75/><F75/><W124/><G124/><T52/><D52/><U29/><E62/><V44/><REACH who="2" step="1"/><F106/><REACH who="2" ten="470,170,131,219" step="2"/><W66/><G115/><T99/><D116/><U88/><E101/><V78/><F78/><W6/><G77/><T96/><D119/><U43/><E43/><V10/><AGARI ba="0,1" hai="10,12,16,38,41,44,49,53,57,70,71,72,79,80" machi="10" ten="20,12000,1" yaku="1,1,0,1,7,1,54,1,53,1" doraHai="93" doraHaiUra="5" who="2" fromWho="2" sc="470,-40,170,-40,131,130,219,-40" /><INIT seed="2,1,0,3,1,23" ten="430,130,261,179" oya="2" hai0="105,130,109,19,78,44,134,97,84,51,37,131,103" hai1="12,16,75,13,93,87,50,110,118,114,124,91,72" hai2="125,71,48,21,15,85,94,32,60,43,74,70,113" hai3="0,132,58,115,9,22,36,28,129,7,98,104,73"/><V86/><F74/><W77/><G129/><N who="0" m="49163" /><D37/><U123/><E110/><V14/><F32/><W90/><G132/><T69/><D69/><U61/><E114/><V120/><F120/><W102/><G115/><T96/><D96/><U39/><E118/><V66/><F71/><W6/><G36/><T108/><D19/><U89/><E39/><V63/><F125/><W122/><G122/><T17/><D17/><U18/><E124/><V53/><F43/><W33/><G7/><T117/><D117/><U55/><E123/><V128/><F60/><W59/><G90/><T65/><D65/><U121/><E61/><V107/><F107/><W8/><G8/><T67/><D67/><U54/><E121/><V42/><F42/><W106/><G106/><T62/><D62/><U27/><E50/><V52/><F53/><W47/><G22/><T3/><D3/><U1/><E1/><V38/><F38/><W25/><REACH who="3" step="1"/><G47/><REACH who="3" ten="430,130,261,169" step="2"/><T5/><D5/><U101/><E101/><V119/><F113/><W64/><G64/><T133/><D134/><U126/><E126/><V111/><F21/><W80/><AGARI ba="1,1" hai="0,6,9,25,28,33,58,59,73,77,80,98,102,104" machi="80" ten="30,4000,0" yaku="1,1,0,1,52,1,53,0" doraHai="23" doraHaiUra="116" who="3" fromWho="3" sc="430,-11,130,-11,261,-21,169,53" /><INIT seed="3,0,0,5,1,72" ten="419,119,240,222" oya="3" hai0="75,89,130,32,30,103,125,79,64,34,56,113,116" hai1="134,92,46,78,86,85,55,94,50,102,11,59,17" hai2="25,128,107,82,9,127,122,95,111,31,70,14,29" hai3="83,7,114,37,97,80,38,3,16,135,98,69,73"/><W40/><G114/><T121/><D116/><U27/><E134/><V21/><F107/><W36/><G135/><T26/><D103/><U124/><E124/><V126/><F70/><W90/><G69/><T10/><D121/><U131/><E131/><V109/><F128/><W42/><G3/><T0/><D130/><U19/><E19/><N who="2" m="12479" /><F122/><W76/><G7/><T63/><D125/><N who="2" m="47626" /><F95/><W33/><G33/><T5/><D89/><U12/><E102/><V117/><F82/><W112/><G112/><T88/><D113/><U6/><E86/><V60/><F60/><W108/><G108/><N who="2" m="41545" /><F117/><W115/><G115/><T22/><D75/><U2/><E2/><V118/><F118/><W49/><G16/><AGARI ba="0,0" hai="9,14,16,29,31" m="41545,47626,12479" machi="16" ten="30,8000,1" yaku="18,1,14,1,34,2,54,1" doraHai="72" who="2" fromWho="3" sc="419,0,119,0,240,80,222,-80" owari="419,51.9,119,-38.1,320,12.0,142,-25.8" /></mjloggm>