<mjloggm ver="2.3"><GO type="225" lobby="0"/><UN n0="%6B%69%72%61%64%6F%6B%69" n1="%E3%81%99%E3%81%84%E3%81%BE%E3%81%9B%E3%83%BC%E3%82%93" n2="%E3%81%8C%E3%81%9F" n3="%E3%83%97%E3%83%AC%E3%83%B4%E3%82%A1%E3%83%86%E3%82%A3" dan="16,17,17,16" rate="2069.51,2248.53,2185.05,2105.45" sx="M,M,F,F"/><TAIKYOKU oya="0"/><INIT seed="0,0,0,5,0,2" ten="250,250,250,250" oya="0" hai0="109,128,36,99,27,75,125,13,62,29,15,3,43" hai1="116,129,67,135,38,33,85,105,91,80,86,28,106" hai2="22,115,96,89,112,51,94,113,53,84,87,23,59" hai3="9,111,133,108,0,65,4,46,56,100,30,34,41"/><T58/><D75/><U130/><E116/><V17/><REACH who="2" step="1"/><F23/><REACH who="2" ten="250,250,240,250" step="2"/><W98/><G133/><T101/><D128/><U131/><E135/><V57/><F57/><W61/><G34/><T16/><D99/><U32/><E32/><V20/><F20/><W118/><G118/><T52/><D58/><U12/><E33/><V68/><F68/><W7/><G30/><T10/><D29/><U134/><E28/><V119/><F119/><W104/><REACH who="3" step="1"/><G4/><REACH who="3" ten="250,250,240,240" step="2"/><T60/><D16/><U117/><E134/><V83/><F83/><W77/><G77/><T122/><D122/><U123/><E117/><V1/><F1/><W93/><G93/><T24/><D3/><U107/><E123/><V50/><F50/><AGARI ba="0,2" hai="0,7,9,41,46,50,56,61,65,98,100,104,108,111" machi="50" ten="40,2600,0" yaku="1,1,52,1,53,0" doraHai="2" doraHaiUra="71" who="3" fromWho="2" sc="250,0,250,0,240,-26,240,46" /><INIT seed="1,0,0,3,1,26" ten="250,250,214,286" oya="1" hai0="19,59,68,97,124,13,109,58,65,54,113,101,100" hai1="98,66,90,116,61,32,77,53,41,31,133,43,106" hai2="126,95,51,11,131,21,30,23,130,112,8,67,102" hai3="63,84,60,118,9,37,57,22,120,96,135,46,62"/><U14/><E116/><V111/><F67/><W108/><G118/><T72/><D113/><U39/><E133/><V70/><F70/><W49/><G120/><T18/><D109/><U85/><E53/><V36/><F36/><W103/><G135/><T87/><D72/><U79/><E14/><V16/><F111/><W92/><G108/><T55/><D68/><N who="1" m="42063" /><E39/><V93/><F112/><W122/><G122/><T94/><D124/><U91/><E43/><V132/><F132/><W80/><G37/><T29/><D65/><U88/><E41/><V104/><F104/><W114/><G114/><T86/><D13/><U83/><E79/><V128/><F126/><W125/><G125/><T7/><D94/><N who="2" m="35850" /><F102/><W110/><G110/><T34/><D97/><U42/><E42/><V40/><F30/><W17/><G9/><N who="2" m="3657" /><F16/><W3/><G3/><T74/><D74/><U71/><E71/><V81/><F81/><W119/><G119/><T89/><D34/><U123/><E123/><V134/><F134/><W0/><G0/><T129/><D7/><U78/><E78/><V2/><F2/><W73/><G73/><T75/><D75/><U82/><E82/><V5/><F5/><W64/><G46/><AGARI ba="0,0" hai="21,23,40,46,51,128,130,131" m="3657,35850" machi="46" ten="40,1300,0" yaku="19,1" doraHai="26" who="2" fromWho="3" sc="250,0,250,0,214,13,286,-13" /><INIT seed="2,0,0,4,3,45" ten="250,250,227,273" oya="2" hai0="84,50,56,120,0,10,129,128,3,115,134,48,135" hai1="37,116,15,78,40,113,12,112,119,97,64,51,53" hai2="41,17,5,32,103,114,61,62,34,67,54,123,49" hai3="111,24,47,11,83,16,117,106,55,18,125,38,127"/><V25/><F114/><N who="1" m="44137" /><E78/><V6/><F123/><W98/><G117/><N who="1" m="45130" /><E97/><V102/><F41/><W133/><G133/><N who="0" m="50699" /><D115/><U95/><E95/><V60/><F67/><W124/><G111/><T122/><D84/><U110/><E12/><V132/><F132/><W82/><G38/><T44/><D10/><U29/><E15/><V28/><F34/><W31/><G11/><T46/><D56/><N who="1" m="32831" /><E29/><V92/><F17/><N who="3" m="6763" /><G98/><T70/><D70/><U52/><E52/><V96/><REACH who="2" step="1"/><F103/><REACH who="2" ten="250,250,217,273" step="2"/><W72/><G72/><T21/><D120/><U66/><E110/><V36/><F36/><W131/><G131/><N who="0" m="50251" /><D122/><U88/><E66/><V22/><F22/><N who="3" m="15767" /><G106/><T79/><D21/><U90/><E37/><V93/><F93/><W4/><G4/><T91/><D91/><U118/><E90/><V7/><F7/><W14/><G14/><T2/><D79/><U77/><E77/><V39/><F39/><W107/><G107/><T1/><N who="0" m="0" /><DORA hai="85" /><T33/><D33/><U30/><E88/><V20/><F20/><W121/><G121/><T63/><D63/><U23/><E118/><V109/><F109/><W43/><G43/><T87/><D87/><U80/><E40/><V126/><F126/><W99/><G99/><T57/><D57/><AGARI ba="0,1" hai="5,6,25,28,32,49,54,57,60,61,62,92,96,102" machi="57" ten="40,3900,0" yaku="1,1,52,1,53,0" doraHai="45,85" doraHaiUra="105,19" who="2" fromWho="0" sc="250,-39,250,0,217,49,273,0" /><INIT seed="2,1,0,3,1,5" ten="211,250,266,273" oya="2" hai0="34,77,60,3,86,12,26,56,113,61,68,55,32" hai1="7,124,31,74,83,84,22,8,72,42,91,19,35" hai2="51,97,121,95,71,25,15,62,20,114,23,39,93" hai3="18,48,0,9,109,117,103,111,58,120,38,59,78"/><V107/><F114/><W115/><G38/><T65/><D3/><U43/><E124/><V89/><F121/><W132/><G120/><T104/><D113/><U76/><E35/><V17/><F39/><W6/><G115/><T14/><D104/><U122/><E31/><V63/><F71/><W102/><G117/><T50/><D32/><U96/><E96/><V81/><F107/><W49/><G78/><T67/><D77/><U133/><E133/><V82/><F51/><N who="3" m="19531" /><G18/><T90/><D26/><U129/><E129/><V11/><F23/><W70/><G70/><T126/><D34/><U57/><E57/><N who="3" m="21514" /><G132/><T37/><D37/><U2/><E122/><V127/><F127/><W105/><G105/><T128/><D128/><U21/><E21/><V29/><REACH who="2" step="1"/><F95/><REACH who="2" ten="211,250,256,273" step="2"/><W28/><G28/><T134/><D126/><U16/><E22/><V40/><F40/><W112/><G112/><T92/><REACH who="0" step="1"/><D134/><REACH who="0" ten="201,250,256,273" step="2"/><U52/><E43/><V116/><F116/><W118/><G118/><T79/><D79/><U85/><E42/><V99/><F99/><W69/><G69/><AGARI ba="1,2" hai="12,14,50,55,56,60,61,65,67,68,69,86,90,92" machi="69" ten="30,3900,0" yaku="1,1,7,1,9,1,53,0" doraHai="5" doraHaiUra="1" who="0" fromWho="3" sc="201,62,250,0,256,0,273,-42" /><INIT seed="3,0,0,3,5,131" ten="263,250,256,231" oya="3" hai0="21,83,127,48,100,69,14,102,18,33,55,50,44" hai1="86,113,124,16,57,111,70,39,116,17,23,65,29" hai2="52,98,103,54,74,31,133,38,1,58,34,134,61" hai3="129,8,117,123,67,87,135,47,126,88,99,108,82"/><W73/><G129/><T95/><D33/><U120/><E120/><V30/><F74/><W40/><G123/><T32/><D32/><U36/><E113/><V27/><F1/><W6/><G117/><T75/><D69/><U20/><E70/><V25/><F38/><W11/><G126/><T130/><D130/><U94/><E124/><V49/><F27/><W101/><G108/><T128/><D128/><U22/><E29/><V90/><F90/><W114/><G114/><T107/><D107/><U24/><E23/><V132/><F30/><W66/><G73/><T110/><D110/><U115/><E115/><V77/><F77/><W19/><G19/><T13/><D13/><U53/><E65/><N who="2" m="39095" /><F49/><W125/><G125/><T122/><D122/><U63/><E116/><V97/><F97/><W89/><G89/><T72/><D72/><U28/><E28/><V84/><F84/><W104/><G8/><T112/><D112/><U9/><E9/><V109/><F109/><W81/><G81/><T35/><D83/><U119/><E119/><V4/><F4/><W78/><G78/><T60/><D75/><U64/><E111/><V41/><F41/><W0/><REACH who="3" step="1"/><G135/><REACH who="3" ten="263,250,256,221" step="2"/><T42/><D127/><U80/><E17/><V26/><F26/><W3/><G3/><T91/><D18/><U92/><E24/><V106/><AGARI ba="0,1" hai="25,31,34,52,54,98,103,106,132,133,134" m="39095" machi="106" ten="30,8000,1" yaku="20,1,52,3,54,1" doraHai="131" who="2" fromWho="2" sc="263,-20,250,-20,256,90,221,-40" owari="243,4.3,230,-17.0,346,44.6,181,-31.9" /></mjloggm>