<mjloggm ver="2.3"><GO type="225" lobby="0"/><UN n0="%E3%81%9F%E3%81%93%E2%98%86%E7%84%BC%E3%81%8D" n1="%E3%81%99%E3%81%84%E3%81%BE%E3%81%9B%E3%83%BC%E3%82%93" n2="%E9%B3%B3%E6%9D%B1%E3%81%AE%E3%81%86%E3%81%95%E3%81%8E%E3%81%95%E3%82%93" n3="%E7%BD%AA%E5%88%91%E6%B3%95%E5%AE%9A%E4%B8%BB%E7%BE%A9" dan="16,16,16,16" rate="2138.34,2147.11,2159.05,2138.89" sx="M,M,M,M"/><TAIKYOKU oya="0"/><INIT seed="0,0,0,0,1,20" ten="250,250,250,250" oya="0" hai0="114,41,49,60,118,12,4,84,25,9,115,64,78" hai1="13,11,32,128,22,96,43,132,68,108,104,6,88" hai2="86,42,59,111,122,109,95,102,35,98,2,71,8" hai3="31,81,133,77,1,37,48,54,72,107,36,65,90"/><T93/><D118/><U34/><E108/><N who="2" m="41547" /><F71/><W127/><G1/><T89/><D78/><U99/><E128/><V5/><F122/><W0/><G0/><T85/><D85/><U119/><E119/><V30/><F42/><W125/><G107/><T47/><REACH who="0" step="1"/><D25/><REACH who="0" ten="240,250,250,250" step="2"/><U52/><E99/><V66/><F86/><W116/><G116/><T45/><D45/><U58/><E96/><V23/><F35/><W63/><G133/><T29/><D29/><U113/><E34/><V112/><F112/><W28/><G28/><T69/><AGARI ba="0,1" hai="4,9,12,41,47,49,60,64,69,84,89,93,114,115" machi="69" ten="20,7800,0" yaku="1,1,0,1,7,1,53,1" doraHai="20" doraHaiUra="67" who="0" fromWho="0" sc="240,88,250,-26,250,-26,250,-26" /><INIT seed="0,1,0,5,5,0" ten="328,224,224,224" oya="0" hai0="88,19,76,68,95,61,59,33,109,70,116,78,121" hai1="96,111,79,125,118,132,17,85,80,2,14,3,43" hai2="42,55,24,72,20,64,87,49,102,52,130,47,133" hai3="93,71,38,7,51,11,131,4,54,50,75,112,40"/><T67/><D33/><U18/><E118/><V9/><F130/><W99/><G112/><T126/><D121/><U15/><E111/><V83/><F133/><W26/><G75/><T30/><D116/><U34/><E34/><V6/><F64/><W110/><G110/><T123/><D30/><U135/><E125/><V62/><F102/><N who="3" m="60783" /><G71/><T58/><D123/><U84/><E43/><V74/><F74/><W73/><G73/><T46/><D109/><U114/><E96/><V81/><F72/><W94/><G38/><T120/><D120/><U77/><REACH who="1" step="1"/><E80/><REACH who="1" ten="328,214,224,224" step="2"/><V91/><F83/><W98/><G131/><T90/><D126/><U57/><E57/><V66/><F42/><W41/><G41/><T56/><D70/><U115/><AGARI ba="1,1" hai="2,3,14,15,17,18,77,79,84,85,114,115,132,135" machi="115" ten="25,12000,2" yaku="1,1,0,1,22,2,53,2" doraHai="0" doraHaiUra="8" who="1" fromWho="1" sc="328,-61,214,133,224,-31,224,-31" /><INIT seed="1,0,0,0,1,99" ten="267,347,193,193" oya="1" hai0="38,12,105,62,104,44,14,4,108,27,64,85,18" hai1="68,50,93,129,77,116,60,107,58,40,25,82,42" hai2="117,125,30,114,10,67,120,63,79,73,23,26,55" hai3="128,134,39,37,9,1,65,110,3,51,7,21,101"/><U115/><E115/><V109/><F117/><W32/><G32/><T122/><D108/><U100/><E116/><V22/><F120/><W2/><G110/><T66/><D66/><U69/><E107/><V90/><F109/><W52/><G65/><T132/><D132/><U59/><E129/><V48/><F125/><W91/><G134/><T46/><D27/><U80/><E25/><V8/><F114/><W98/><G128/><T36/><D4/><U41/><E50/><V54/><F73/><W133/><G91/><T102/><D14/><U29/><E29/><V75/><F23/><W106/><G133/><T20/><D105/><U6/><E6/><V33/><F33/><W87/><G87/><T71/><D44/><U74/><E82/><V94/><F79/><W119/><G119/><T78/><D46/><U13/><E13/><V76/><F76/><W126/><G126/><T5/><D5/><U113/><E113/><V127/><F75/><W34/><G34/><T57/><D71/><U15/><E15/><V72/><F72/><W24/><G1/><T89/><D78/><U123/><E123/><V17/><F30/><W131/><G2/><T83/><D122/><U16/><E68/><N who="2" m="42111" /><F127/><W95/><G106/><T103/><REACH who="0" step="1"/><D104/><REACH who="0" ten="257,347,193,193" step="2"/><U88/><E69/><V35/><F35/><W81/><G131/><T28/><D28/><U49/><E77/><V45/><F55/><W92/><G24/><T124/><D124/><U43/><E74/><V112/><F112/><W47/><G7/><T11/><D11/><U53/><E53/><V0/><F0/><W96/><G3/><RYUUKYOKU ba="0,1" sc="257,15,347,-15,193,15,193,-15" hai0="12,18,20,36,38,57,62,64,83,85,89,102,103" hai2="8,10,17,22,26,45,48,54,90,94" /><INIT seed="2,1,1,4,2,131" ten="272,332,208,178" oya="2" hai0="31,69,27,55,58,120,127,80,42,91,86,8,77" hai1="32,47,3,105,71,122,116,134,36,59,76,49,99" hai2="121,30,79,6,48,83,123,130,45,7,118,92,10" hai3="54,37,94,126,9,81,102,20,52,85,135,106,112"/><V28/><F118/><W35/><G35/><T97/><D69/><U87/><E87/><N who="2" m="48639" /><F123/><W5/><G37/><T60/><D127/><U90/><E76/><V34/><F34/><W13/><G106/><T104/><D42/><U21/><E71/><V98/><F130/><W84/><G126/><T57/><D8/><U15/><E3/><V19/><F19/><W12/><G112/><T73/><D57/><U50/><E36/><V29/><F10/><W108/><G108/><T4/><D4/><U65/><E105/><V125/><F121/><W107/><G107/><T51/><D104/><U61/><E32/><V39/><F39/><W115/><G115/><T46/><D97/><U16/><E116/><V101/><F125/><W103/><G135/><T44/><D60/><U0/><E0/><V56/><F56/><W93/><G20/><T43/><D43/><AGARI ba="1,1" hai="6,7,28,29,30,43,45,48,92,98,101" m="48639" machi="43" ten="30,1500,0" yaku="8,1" doraHai="131" who="2" fromWho="0" sc="272,-18,332,0,208,28,178,0" /><INIT seed="2,2,0,0,0,17" ten="254,332,236,178" oya="2" hai0="74,42,37,87,61,12,128,98,80,66,126,102,15" hai1="33,34,119,72,104,20,120,101,58,48,41,45,117" hai2="14,95,35,46,113,60,75,39,85,115,38,6,127" hai3="5,78,112,73,21,69,134,108,111,8,82,25,121"/><V109/><F75/><W91/><G121/><T130/><D74/><U4/><E72/><V129/><F35/><W103/><G69/><T56/><D42/><U135/><E4/><V96/><F85/><W22/><G103/><T44/><D44/><U36/><E101/><V49/><F6/><W30/><G134/><T31/><D37/><N who="2" m="13834" /><F14/><N who="3" m="5391" /><G91/><T97/><D126/><U53/><E104/><V94/><F94/><W47/><G47/><T16/><D12/><U107/><E107/><V43/><F95/><W86/><G73/><T23/><D31/><U26/><E135/><V90/><F96/><W27/><G112/><N who="2" m="43081" /><F90/><W63/><G63/><T124/><D124/><U77/><E77/><V131/><F127/><W18/><G86/><T132/><D132/><U99/><E99/><V76/><F76/><W59/><G59/><T9/><D102/><U32/><REACH who="1" step="1"/><E120/><REACH who="1" ten="254,322,236,178" step="2"/><V114/><F114/><W62/><G78/><T125/><D125/><U123/><E123/><V0/><F0/><W1/><G1/><T52/><D98/><U92/><E92/><V79/><F79/><W13/><G82/><T10/><D97/><U100/><E100/><V24/><F131/><W50/><G62/><T54/><D130/><U93/><E93/><V116/><F129/><W67/><G50/><T71/><D128/><U83/><E83/><V118/><F60/><W7/><G67/><T64/><D66/><U81/><E81/><V68/><F49/><W3/><G3/><T105/><D105/><U57/><E57/><V28/><F68/><W70/><G70/><T40/><D71/><U2/><E2/><RYUUKYOKU ba="2,1" sc="254,-15,322,15,236,-15,178,15" hai1="20,26,32,33,34,36,41,45,48,53,58,117,119" hai3="7,13,18,21,22,25,27,30,108,111" /><INIT seed="3,3,1,2,5,29" ten="239,337,221,193" oya="3" hai0="81,99,36,50,2,82,25,3,18,108,113,21,133" hai1="67,84,13,76,22,89,33,122,28,16,83,135,110" hai2="34,56,132,96,57,92,4,107,7,94,65,126,37" hai3="31,8,102,6,105,53,129,60,131,71,49,59,1"/><W45/><G71/><T85/><D36/><U20/><E110/><V120/><F37/><W127/><G127/><T52/><D133/><U47/><E33/><V121/><F132/><W61/><G31/><T130/><D130/><N who="3" m="49673" /><G105/><T100/><D82/><U106/><E106/><V125/><F107/><W74/><G74/><T134/><D108/><U24/><E135/><V80/><F80/><W86/><G102/><T93/><D113/><U39/><E122/><N who="2" m="47211" /><F92/><W118/><G118/><T115/><D115/><U9/><E67/><V98/><F34/><W97/><G97/><N who="2" m="37481" /><F94/><W119/><G119/><T17/><D134/><U44/><E39/><V101/><F101/><W73/><G73/><T124/><D124/><N who="2" m="47722" /><F65/><N who="3" m="39071" /><G86/><T90/><REACH who="0" step="1"/><D17/><REACH who="0" ten="229,337,221,193" step="2"/><N who="1" m="8367" /><E76/><V87/><F87/><W75/><G75/><T88/><D88/><U109/><E109/><V111/><F111/><W14/><G61/><T19/><D19/><U72/><E72/><V43/><F43/><W58/><G1/><T54/><D54/><U91/><E91/><V62/><F62/><W41/><G41/><T42/><D42/><U117/><E117/><V63/><F63/><W112/><G112/><T32/><D32/><U77/><E89/><V23/><F23/><W51/><G51/><T30/><D30/><U66/><E66/><V5/><AGARI ba="3,2" hai="4,5,7,56,57" m="47722,37481,47211" machi="5" ten="40,8000,1" yaku="28,2,13,1,18,1" doraHai="29" who="2" fromWho="2" sc="229,-23,337,-23,221,109,193,-43" owari="206,-19.4,314,11.4,330,43.0,150,-35.0" /></mjloggm>