<mjloggm ver="2.3"><GO type="225" lobby="0"/><UN n0="%E3%81%BF%E3%81%BF%E3%81%9A" n1="%E3%83%AB%E3%83%9B%E3%83%B3%E3%83%87%E3%82%A3%E3%82%A8" n2="%E6%B4%BE%E9%81%A3%E3%81%AE%E3%82%B8%E3%83%A3%E3%83%83%E3%82%AF" n3="%E3%81%99%E3%81%84%E3%81%BE%E3%81%9B%E3%83%BC%E3%82%93" dan="17,17,17,18" rate="2293.82,2183.04,2166.33,2239.14" sx="M,M,M,M"/><TAIKYOKU oya="0"/><INIT seed="0,0,0,3,1,49" ten="250,250,250,250" oya="0" hai0="39,45,101,92,107,1,132,125,89,129,127,43,31" hai1="83,121,26,86,6,114,80,102,34,0,77,12,69" hai2="57,62,20,112,51,23,111,85,67,21,9,109,47" hai3="10,94,15,120,50,87,53,68,32,74,54,16,24"/><T2/><D129/><U60/><E121/><V130/><F112/><W119/><G74/><T28/><D101/><U106/><E0/><N who="0" m="105" /><D107/><U56/><E69/><V64/><F130/><W79/><G119/><T59/><D59/><U126/><E114/><V122/><F122/><W11/><G68/><T76/><D76/><U61/><E34/><V4/><F85/><W105/><G105/><T22/><D22/><U48/><E106/><V73/><F73/><W27/><G120/><T131/><D131/><U113/><E102/><V37/><F37/><W95/><G10/><T116/><D116/><U96/><E96/><V63/><F4/><W118/><G118/><T70/><D70/><U98/><E98/><V38/><F38/><W42/><G32/><T115/><D115/><U44/><E61/><V78/><F78/><W30/><G30/><T117/><D117/><U14/><E80/><V124/><F9/><W5/><G79/><T84/><D132/><U33/><E6/><V29/><F29/><W13/><G13/><T41/><D43/><U97/><E97/><V133/><F133/><W110/><G5/><T75/><D75/><U82/><E82/><V17/><F63/><W25/><G94/><T90/><D89/><U58/><E60/><V134/><F134/><W19/><G19/><T65/><D65/><U35/><E113/><V8/><F64/><W40/><G40/><T3/><N who="0" m="113" /><T99/><DORA hai="128" /><D99/><U7/><E7/><V100/><F100/><W72/><G72/><T18/><D18/><U103/><E77/><V36/><F17/><W93/><G16/><RYUUKYOKU ba="0,0" sc="250,30,250,-10,250,-10,250,-10" hai0="28,31,39,41,45,84,90,92,125,127" /><INIT seed="0,1,0,4,4,60" ten="280,240,240,240" oya="0" hai0="103,25,70,96,51,24,75,97,102,17,135,40,43" hai1="118,62,93,91,81,59,83,98,76,129,50,21,48" hai2="46,106,115,134,117,77,19,31,100,65,18,101,8" hai3="72,80,78,3,109,37,107,122,64,22,125,110,12"/><T34/><D75/><U23/><E129/><V26/><F115/><W20/><G3/><T6/><D6/><U84/><E118/><V69/><F117/><W39/><G125/><T61/><D135/><U82/><E23/><V36/><F77/><W85/><G107/><T58/><D70/><U4/><E4/><V7/><F134/><W120/><G72/><T55/><D34/><U27/><E48/><V79/><F79/><W105/><G105/><T67/><D97/><U119/><E50/><V41/><F100/><N who="0" m="38442" /><D96/><U121/><E121/><N who="3" m="46698" /><G64/><T74/><D74/><U123/><E119/><V42/><F42/><N who="0" m="15914" /><D17/><U54/><E123/><V92/><F106/><W5/><G39/><T113/><D113/><U49/><E49/><V127/><F127/><W1/><G37/><T87/><D87/><U47/><E47/><V89/><F101/><W116/><G1/><T86/><D86/><U88/><E76/><V32/><F69/><W90/><G78/><T99/><D99/><U2/><E2/><V45/><F45/><W111/><G116/><T131/><D131/><U108/><E108/><V56/><F46/><W14/><G5/><T35/><D35/><U133/><E133/><V63/><F36/><W95/><G80/><T0/><D0/><U104/><E104/><V11/><F7/><W124/><G124/><T10/><D10/><N who="2" m="3626" /><F41/><W9/><G9/><T16/><D16/><AGARI ba="1,0" hai="16,21,27,54,59,62,81,82,83,84,88,91,93,98" machi="16" ten="30,12000,2" yaku="7,1,25,2,8,1,54,2" doraHai="60" who="1" fromWho="0" sc="280,-123,240,123,240,0,240,0" /><INIT seed="1,0,0,0,3,35" ten="157,363,240,240" oya="1" hai0="1,20,29,16,114,111,107,98,84,58,86,39,119" hai1="30,14,21,24,128,96,48,101,124,106,17,95,42" hai2="36,122,57,19,12,50,90,70,76,135,93,28,7" hai3="89,69,73,49,23,60,10,131,33,15,105,64,63"/><U118/><E118/><V68/><F122/><W59/><G33/><T47/><D114/><U87/><E128/><V26/><F36/><W81/><G131/><T134/><D119/><U116/><E116/><V11/><F76/><W129/><G129/><T77/><D134/><U4/><E124/><V40/><F135/><W3/><G105/><T71/><D71/><U65/><E65/><V13/><F40/><W112/><G49/><T103/><D29/><U44/><E4/><V6/><F70/><W0/><G23/><T31/><D31/><U9/><E106/><V32/><F68/><W2/><G112/><T104/><D104/><U34/><E34/><V8/><F19/><W61/><G69/><T117/><D117/><U88/><E87/><V113/><F113/><W127/><G127/><T53/><D111/><U102/><AGARI ba="0,0" hai="9,14,17,21,24,30,42,44,48,88,95,96,101,102" machi="102" ten="30,6000,0" yaku="0,1,8,1,54,1" doraHai="35" who="1" fromWho="1" sc="157,-20,363,60,240,-20,240,-20" /><INIT seed="1,1,0,2,4,128" ten="137,423,220,220" oya="1" hai0="28,40,30,69,29,42,83,81,124,122,5,84,54" hai1="21,62,24,26,123,68,50,121,103,22,111,31,96" hai2="71,116,115,119,33,66,20,98,27,59,133,32,58" hai3="79,48,118,7,88,94,86,35,127,67,44,131,107"/><U11/><E11/><V82/><F82/><W60/><G131/><T19/><D69/><U10/><E10/><V15/><F15/><W63/><G127/><T91/><D124/><U102/><E50/><V23/><F115/><W101/><G35/><T100/><D122/><U17/><E103/><V57/><F98/><W12/><G118/><T114/><D114/><U65/><E111/><V2/><F2/><W130/><G130/><T92/><D5/><U43/><E43/><V125/><F125/><W77/><G107/><AGARI ba="1,0" hai="17,21,22,24,26,31,62,65,68,96,102,107,121,123" machi="107" ten="30,1500,0" yaku="7,1" doraHai="128" who="1" fromWho="3" sc="137,0,423,18,220,0,220,-18" /><INIT seed="1,2,0,1,1,112" ten="137,441,220,202" oya="1" hai0="103,73,99,47,83,134,98,89,1,7,14,118,65" hai1="81,31,3,77,10,130,71,127,32,43,129,5,2" hai2="92,23,126,12,97,22,128,38,95,54,135,108,18" hai3="119,56,34,37,0,93,28,51,101,27,111,49,84"/><U102/><E102/><V41/><F108/><W66/><G37/><T64/><D1/><N who="1" m="303" /><E43/><V91/><F126/><W104/><G0/><N who="1" m="42" /><E71/><V26/><F128/><N who="1" m="49257" /><E81/><V120/><F135/><W9/><G104/><T80/><D134/><U25/><E77/><V133/><F133/><W33/><G51/><T29/><D73/><U131/><E131/><V68/><F68/><W105/><G105/><T114/><D47/><U61/><E61/><V117/><F54/><W42/><G42/><T132/><D132/><U115/><E115/><V39/><F41/><W8/><G49/><T30/><D114/><U24/><E24/><V82/><F82/><W59/><G66/><T78/><D103/><U96/><E96/><V36/><F92/><W60/><G60/><T74/><D74/><U123/><E123/><V67/><F67/><W110/><G101/><T88/><D78/><U6/><E6/><V100/><F100/><W107/><G107/><T124/><D7/><U116/><E116/><V90/><F120/><W76/><G119/><T16/><D118/><U19/><E19/><V121/><F121/><W87/><G93/><T46/><D46/><U11/><E11/><V70/><F70/><W44/><G44/><T20/><D16/><U63/><E63/><V21/><F117/><W53/><G76/><T52/><D52/><U69/><E69/><V85/><F26/><W50/><G53/><T48/><D48/><U40/><E40/><V122/><F122/><W13/><G50/><T4/><D4/><U17/><E17/><V35/><F38/><W94/><G27/><T62/><D65/><RYUUKYOKU ba="2,0" sc="137,-10,441,30,220,-10,202,-10" hai1="25,31,32,127" /><INIT seed="1,3,0,4,2,47" ten="127,471,210,192" oya="1" hai0="21,109,60,76,127,118,125,73,45,91,92,5,86" hai1="4,13,11,44,39,25,98,51,85,97,65,103,50" hai2="31,112,81,94,135,67,6,37,7,113,56,114,117" hai3="41,108,9,18,63,26,40,84,33,87,82,27,102"/><U133/><E133/><V83/><F117/><W101/><G108/><T132/><D118/><U16/><E65/><V115/><N who="2" m="28672" /><DORA hai="34" /><V30/><F37/><W75/><G75/><T22/><D132/><U62/><E62/><N who="2" m="38343" /><F135/><W38/><G38/><T53/><D109/><U23/><E39/><V57/><F57/><W0/><G63/><T122/><D122/><U116/><E116/><V119/><F119/><W42/><G33/><T88/><D91/><U20/><E44/><V49/><F94/><W129/><G129/><T66/><D5/><N who="2" m="1546" /><F49/><N who="1" m="18441" /><E103/><V104/><F104/><W1/><G42/><T61/><D45/><U43/><E43/><V28/><AGARI ba="3,0" hai="28,30,31,81,83" m="1546,38343,28672" machi="28" ten="60,2000,0" yaku="11,1" doraHai="47,34" who="2" fromWho="2" sc="127,-8,471,-13,210,29,192,-8" /><INIT seed="2,0,0,4,0,65" ten="119,458,239,184" oya="2" hai0="97,128,131,39,30,21,51,120,123,41,37,44,15" hai1="43,79,91,11,109,105,72,49,61,12,26,68,71" hai2="116,92,98,89,127,84,4,95,83,90,23,24,32" hai3="18,56,126,0,29,64,130,104,2,47,110,88,8"/><V46/><F116/><W13/><G104/><T7/><D97/><U17/><E105/><V31/><F127/><W40/><G126/><T99/><D99/><U107/><E107/><V103/><F32/><W10/><G110/><T6/><D30/><U54/><E72/><V52/><F4/><N who="0" m="1578" /><D15/><U101/><E79/><V76/><F92/><W114/><G114/><T100/><D21/><U86/><E101/><V63/><F46/><W85/><G29/><T96/><D96/><U70/><E26/><V82/><F82/><W118/><G118/><T93/><D93/><U57/><E109/><V48/><F48/><N who="3" m="26727" /><G0/><T28/><D28/><U27/><E27/><V36/><F36/><N who="0" m="13898" /><D100/><U117/><E117/><V102/><F102/><W59/><G2/><T60/><D60/><U78/><E78/><V1/><F1/><W119/><G119/><T87/><D87/><U124/><E124/><V35/><F35/><W77/><G77/><T33/><D33/><U121/><E121/><N who="0" m="46665" /><D44/><U134/><E134/><V122/><F122/><W19/><G85/><T80/><D80/><U45/><E71/><V50/><F50/><W135/><G135/><T53/><D53/><U9/><E9/><V3/><F3/><W133/><G133/><T81/><D81/><AGARI ba="0,0" hai="11,12,17,43,45,49,54,57,61,68,70,81,86,91" machi="81" ten="30,3900,0" yaku="7,1,52,2" doraHai="65" who="1" fromWho="0" sc="119,-39,458,39,239,0,184,0" /><INIT seed="3,0,0,2,3,106" ten="80,497,239,184" oya="3" hai0="134,25,1,75,38,83,130,67,80,48,27,94,4" hai1="109,29,126,65,82,46,131,55,113,57,89,34,121" hai2="35,60,135,79,76,42,85,100,47,125,11,69,31" hai3="112,119,110,39,28,18,97,13,128,3,56,40,26"/><W95/><G3/><T19/><D38/><U71/><E71/><V14/><F100/><W73/><G112/><T88/><D130/><U37/><E34/><V68/><F125/><W58/><G128/><T105/><D105/><U16/><E29/><V41/><F135/><W61/><G40/><T32/><D134/><U77/><E77/><V98/><F98/><W59/><G39/><T70/><D48/><U108/><E46/><V102/><F102/><W66/><G73/><T78/><D83/><U64/><E65/><V21/><F21/><W17/><G17/><T96/><D32/><U107/><E64/><V104/><F104/><W86/><G86/><T74/><D19/><U72/><E107/><V92/><F35/><W123/><G119/><T129/><D129/><U33/><E33/><V54/><F31/><W5/><G5/><T101/><D101/><U93/><E93/><V23/><F85/><W116/><G123/><T53/><D53/><U7/><E7/><V0/><F0/><W120/><G120/><T62/><REACH who="0" step="1"/><D75/><REACH who="0" ten="70,497,239,184" step="2"/><U99/><E57/><V84/><F54/><N who="3" m="33943" /><G116/><T22/><D22/><U20/><E99/><V91/><F68/><W51/><G97/><T118/><D118/><U44/><E16/><V115/><F69/><W12/><G18/><T124/><D124/><U6/><E126/><V132/><F132/><W45/><G28/><T111/><D111/><U10/><E6/><V63/><F23/><W117/><G110/><T2/><D2/><U122/><E109/><V52/><F52/><W30/><G117/><T36/><D36/><U81/><E108/><RYUUKYOKU ba="0,1" sc="70,30,497,-10,239,-10,184,-10" hai0="1,4,25,27,62,67,70,74,78,80,88,94,96" owari="100,-40.0,497,59.7,229,2.9,174,-22.6" /></mjloggm>