<mjloggm ver="2.3"><GO type="225" lobby="0"/><UN n0="%72%69%6F%75%63%68%61%6E" n1="%E9%A6%AC%E4%BA%86%E9%9A%94%E5%A3%81" n2="%E3%83%89%E3%83%A9%E3%81%8F%E3%82%8C" n3="%E6%98%BC%E4%B8%8B%E3%81%8C%E3%82%8A%E3%81%AE%E5%9B%A3%E5%9C%B0%E5%A6%BB" dan="16,18,16,16" rate="2174.67,2218.11,2184.64,2156.89" sx="M,M,M,F"/><TAIKYOKU oya="0"/><INIT seed="0,0,0,1,1,114" ten="250,250,250,250" oya="0" hai0="116,11,23,68,58,67,84,104,135,25,89,19,69" hai1="6,101,5,128,33,123,120,10,61,98,113,24,91" hai2="16,75,133,28,57,31,66,45,92,46,126,43,88" hai3="26,56,64,118,132,102,4,52,73,60,109,20,124"/><T86/><D116/><U105/><E113/><V0/><F75/><W51/><G73/><T14/><D104/><U134/><E91/><V12/><F0/><W59/><G109/><T15/><D135/><U115/><E115/><V119/><F119/><W108/><G108/><T90/><D15/><U72/><E134/><V103/><F103/><W78/><G78/><T93/><D58/><U8/><E128/><V99/><F126/><W80/><G80/><T63/><D68/><U34/><E61/><N who="2" m="38191" /><F133/><W96/><G132/><T3/><D3/><N who="1" m="63" /><E72/><V112/><F112/><W70/><G4/><T39/><D39/><U125/><E125/><V2/><F2/><W95/><G124/><T21/><REACH who="0" step="1"/><D25/><REACH who="0" ten="240,250,250,250" step="2"/><U18/><E24/><V77/><F77/><W83/><G118/><T47/><D47/><N who="2" m="17930" /><F43/><W129/><G129/><T13/><D13/><U131/><E131/><V81/><F81/><AGARI ba="0,1" hai="11,14,19,21,23,63,67,69,81,84,86,89,90,93" machi="81" ten="30,5800,0" yaku="1,1,7,1,53,1" doraHai="114" doraHaiUra="76" who="0" fromWho="2" sc="240,68,250,0,250,-58,250,0" /><INIT seed="0,1,0,1,3,36" ten="308,250,192,250" oya="0" hai0="107,48,27,127,130,5,34,57,9,16,12,95,134" hai1="67,60,47,74,83,102,68,81,103,53,70,78,114" hai2="104,111,99,124,38,133,52,54,8,30,69,63,51" hai3="7,2,88,6,33,1,76,80,92,131,4,135,105"/><T115/><D115/><U44/><E114/><V59/><F111/><W77/><G105/><T39/><D107/><U42/><E70/><V75/><F124/><W96/><G33/><T18/><D127/><U31/><E31/><V41/><F133/><W117/><G117/><T87/><D134/><U129/><E129/><V15/><F75/><W25/><G135/><T43/><D130/><U120/><E120/><V125/><F125/><W110/><G131/><T58/><D39/><U100/><E83/><V121/><F30/><W64/><G110/><T56/><D34/><U28/><E28/><V82/><F82/><W49/><G25/><T123/><D123/><U97/><E53/><V90/><F121/><W46/><G64/><T23/><D87/><U122/><E47/><V86/><F104/><W55/><REACH who="3" step="1"/><G76/><REACH who="3" ten="308,250,192,240" step="2"/><T14/><D95/><U128/><E122/><V13/><F69/><W10/><G10/><N who="0" m="4175" /><D43/><U112/><E128/><V85/><F41/><W0/><G0/><T26/><D27/><U116/><E116/><V35/><F35/><W89/><G89/><T50/><AGARI ba="1,1" hai="9,14,16,18,23,26,48,50,56,57,58" m="4175" machi="50" ten="30,3000,0" yaku="8,1,54,1" doraHai="36" who="0" fromWho="0" sc="308,43,250,-11,192,-11,240,-11" /><INIT seed="0,2,0,2,1,96" ten="351,239,181,229" oya="0" hai0="50,74,60,14,51,122,6,78,76,27,28,13,129" hai1="12,34,132,9,65,109,82,48,128,45,87,93,49" hai2="38,63,33,5,26,15,113,100,11,124,4,19,92" hai3="75,123,104,81,127,46,56,69,115,97,36,3,103"/><T91/><D122/><U72/><E34/><V43/><F113/><W59/><G115/><T58/><D129/><U106/><E106/><V21/><F124/><W1/><G69/><T120/><D120/><U0/><E0/><V112/><F112/><W41/><G123/><T64/><D91/><U88/><E128/><V22/><F33/><W31/><G31/><T20/><D14/><U37/><E109/><V54/><F38/><W89/><G127/><T23/><D74/><U94/><E132/><V107/><F107/><W102/><G102/><T68/><D68/><U52/><E37/><V90/><F43/><W25/><G25/><T116/><D116/><U85/><E65/><V79/><F79/><N who="0" m="30250" /><D20/><U133/><E72/><V77/><F77/><W61/><G75/><T10/><AGARI ba="2,0" hai="6,10,13,23,27,28,50,51,58,60,64" m="30250" machi="10" ten="30,1500,0" yaku="8,1" doraHai="96" who="0" fromWho="0" sc="351,21,239,-7,181,-7,229,-7" /><INIT seed="0,3,0,2,4,25" ten="372,232,174,222" oya="0" hai0="88,14,36,76,47,73,4,101,98,112,90,89,67" hai1="44,66,132,93,109,99,95,9,71,58,13,31,40" hai2="26,50,2,18,131,110,3,15,114,91,134,56,129" hai3="106,10,75,28,65,48,52,53,104,5,83,64,123"/><T57/><D112/><U7/><E109/><V32/><F91/><W70/><G123/><T121/><D121/><U63/><E132/><V116/><F50/><W68/><G28/><T111/><D111/><U21/><E71/><V124/><F56/><W103/><G68/><T97/><D4/><U34/><E34/><V78/><F78/><W20/><G20/><T87/><D73/><U41/><E44/><V113/><F110/><W24/><G24/><T122/><D122/><U130/><E130/><N who="2" m="49675" /><F134/><W79/><G53/><T107/><D14/><U62/><E62/><V84/><F84/><W27/><G27/><T105/><D76/><U133/><E133/><V45/><F45/><W115/><G115/><N who="2" m="44041" /><F116/><W119/><G119/><T6/><D6/><U38/><E38/><V23/><F124/><W82/><G82/><T0/><D0/><U102/><E95/><V74/><F74/><W54/><G54/><T69/><D69/><U126/><E126/><V61/><F61/><W51/><G51/><T94/><D67/><U120/><E120/><V135/><F135/><W39/><G39/><T1/><D1/><U19/><REACH who="1" step="1"/><E31/><AGARI ba="3,0" hai="2,3,15,18,23,26,31,32" m="44041,49675" machi="31" ten="30,7700,0" yaku="19,1,34,2,52,1" doraHai="25" who="2" fromWho="1" sc="372,0,232,-86,174,86,222,0" /><INIT seed="1,0,0,2,5,130" ten="372,146,260,222" oya="1" hai0="56,32,36,9,114,1,43,73,4,29,42,135,50" hai1="25,46,52,75,116,69,124,132,103,11,112,82,44" hai2="31,101,37,20,53,0,133,127,33,87,81,54,19" hai3="77,45,30,104,38,64,12,49,17,117,7,83,72"/><U59/><E112/><V51/><F37/><W39/><G104/><T48/><D135/><U94/><E116/><V109/><F0/><W65/><G117/><T60/><D114/><U120/><E120/><V21/><F127/><W47/><G30/><T71/><D71/><U80/><E69/><V89/><F109/><W40/><G7/><T92/><D73/><U16/><E124/><V97/><F133/><W24/><G24/><T78/><D78/><U57/><E132/><V70/><F70/><W125/><G125/><T131/><D131/><U15/><E25/><N who="2" m="16815" /><F33/><W61/><G61/><T66/><D32/><U14/><E59/><V106/><F106/><W34/><G34/><T95/><D29/><U3/><E3/><V108/><F108/><W27/><G27/><T93/><REACH who="0" step="1"/><D42/><REACH who="0" ten="362,146,260,222" step="2"/><U35/><E35/><V62/><F101/><W102/><G102/><T76/><D76/><U129/><E129/><V119/><F119/><W128/><G128/><T22/><D22/><U58/><E75/><V100/><F100/><W6/><G72/><T18/><D18/><U5/><E58/><V41/><F20/><W79/><G45/><AGARI ba="0,1" hai="1,4,9,36,43,45,48,50,56,60,66,92,93,95" machi="45" ten="40,1300,0" yaku="1,1,53,0" doraHai="130" doraHaiUra="118" who="0" fromWho="3" sc="362,23,146,0,260,0,222,-13" /><INIT seed="2,0,0,2,3,92" ten="385,146,260,209" oya="2" hai0="56,31,90,101,60,9,38,115,53,114,55,127,10" hai1="0,5,44,52,65,80,25,103,23,46,20,14,12" hai2="79,2,94,102,13,78,95,113,50,96,100,105,59" hai3="122,24,21,8,71,123,47,32,120,133,124,129,83"/><V58/><F2/><W125/><G71/><T48/><D38/><U66/><E0/><V93/><F113/><W63/><G63/><T17/><D127/><N who="3" m="48713" /><G83/><T86/><D31/><U57/><E80/><V45/><F102/><W64/><G64/><N who="1" m="24682" /><E103/><V30/><F30/><N who="3" m="19527" /><G47/><N who="1" m="17962" /><E5/><V41/><REACH who="2" step="1"/><F13/><REACH who="2" ten="385,146,250,209" step="2"/><N who="1" m="5225" /><E25/><V75/><F75/><W36/><G122/><T35/><D101/><U54/><E54/><V131/><F131/><W85/><G129/><T74/><D74/><U61/><AGARI ba="0,1" hai="20,23,52,57,61" m="5225,17962,24682" machi="61" ten="30,2000,0" yaku="8,1,54,1" doraHai="92" who="1" fromWho="1" sc="385,-5,146,30,250,-10,209,-5" /><INIT seed="3,0,0,2,0,103" ten="380,176,240,204" oya="3" hai0="28,36,127,79,118,27,89,116,20,134,82,80,11" hai1="117,71,45,67,9,91,3,29,39,110,112,58,10" hai2="69,77,60,73,105,55,30,16,120,21,23,62,25" hai3="124,37,4,18,72,129,63,84,66,121,96,26,49"/><W101/><G37/><T13/><D36/><U119/><E112/><V125/><F125/><W40/><G72/><T33/><D33/><U31/><E71/><V43/><F120/><W57/><G121/><T99/><D127/><U50/><E39/><V17/><F43/><W113/><G124/><T61/><D134/><U126/><E126/><V97/><F69/><W114/><G4/><T2/><D2/><U98/><E110/><V131/><F131/><W19/><G129/><T47/><D47/><U130/><E130/><V44/><F77/><W102/><G102/><T115/><D115/><U83/><E58/><V111/><F73/><W135/><G135/><T46/><D46/><U32/><E67/><V6/><F6/><W104/><G84/><N who="0" m="48159" /><D118/><N who="1" m="45067" /><E32/><V93/><F111/><W15/><G40/><T12/><D116/><U92/><E83/><V5/><F5/><W54/><G26/><T107/><D107/><U41/><E3/><V100/><F105/><W128/><G128/><T81/><D61/><U85/><E85/><V70/><F70/><W95/><G104/><T51/><D51/><U64/><E64/><V14/><F30/><W106/><G106/><T0/><D0/><U132/><E132/><V90/><F90/><W86/><G86/><T68/><D68/><U24/><E24/><V35/><REACH who="2" step="1"/><F35/><REACH who="2" ten="380,176,230,204" step="2"/><W52/><G113/><T76/><D76/><U122/><E122/><V65/><F65/><W133/><G133/><T34/><D34/><U56/><E56/><V8/><F8/><N who="3" m="6503" /><G114/><T108/><D108/><U75/><E75/><V74/><F74/><W88/><G66/><RYUUKYOKU ba="0,1" sc="380,-15,176,15,230,15,204,-15" hai1="9,10,29,31,41,45,50,91,92,98" hai2="14,16,17,21,23,25,44,55,60,62,93,97,100" owari="375,47.5,191,-20.9,245,4.5,189,-31.1" /></mjloggm>