<mjloggm ver="2.3"><GO type="225" lobby="0"/><UN n0="%E3%82%AD%E3%83%AA%E3%83%B3%E3%82%AD%E3%83%AA%E3%83%B3" n1="%E3%82%BC%E3%83%AB%E3%83%80%E3%81%AE%E4%BC%9D%E8%AA%AC" n2="%E5%AF%82%E5%AF%9E%E3%82%AE%E3%83%8D%E3%82%B9%E3%83%93%E3%83%BC%E3%83%AB" n3="%E3%81%9F%E3%81%A3%E3%81%A1%E3%82%87" dan="16,16,16,16" rate="2113.08,2116.67,2144.03,2104.62" sx="M,M,M,M"/><TAIKYOKU oya="0"/><INIT seed="0,0,0,5,0,38" ten="250,250,250,250" oya="0" hai0="19,121,78,84,29,119,70,82,94,99,32,75,72" hai1="58,91,62,3,6,81,66,4,54,135,43,42,77" hai2="25,104,87,73,13,7,133,98,18,129,110,57,105" hai3="56,12,123,93,71,16,108,65,79,86,33,63,126"/><T131/><D70/><U1/><E135/><V14/><F73/><W8/><G108/><T48/><D121/><U95/><E1/><V23/><F133/><W89/><G126/><T101/><D119/><U59/><E3/><V47/><F110/><W111/><G111/><T64/><D131/><U26/><E26/><V68/><F68/><W0/><G123/><T92/><D64/><U114/><E114/><V35/><F129/><W60/><G33/><T76/><D19/><U37/><E37/><V9/><F57/><W46/><G0/><T107/><D48/><U130/><E130/><V100/><F87/><W5/><G46/><T50/><D50/><N who="1" m="31063" /><E81/><V55/><F105/><W69/><G79/><T17/><D17/><U117/><E77/><V116/><F116/><W20/><REACH who="3" step="1"/><G60/><REACH who="3" ten="250,250,250,240" step="2"/><T45/><D45/><U134/><E134/><V2/><F35/><W103/><G103/><T44/><D44/><U10/><E117/><V112/><F112/><W52/><G52/><T51/><D78/><U27/><E62/><V132/><F132/><W41/><G41/><T67/><D72/><U120/><E43/><V61/><F61/><W102/><G102/><T53/><D75/><U122/><E42/><V22/><F55/><W11/><G11/><T106/><D53/><U128/><E10/><V125/><F125/><W127/><G127/><T83/><D101/><U124/><E124/><V97/><F47/><W115/><G115/><T113/><D113/><U85/><E128/><V24/><F100/><W109/><G109/><T90/><D76/><U96/><E122/><V40/><F40/><RYUUKYOKU ba="0,1" sc="250,-10,250,-10,250,-10,240,30" hai3="5,8,12,16,20,56,63,65,69,71,86,89,93" /><INIT seed="1,1,1,5,0,90" ten="240,240,240,270" oya="1" hai0="116,45,92,70,18,35,65,57,129,16,75,82,31" hai1="72,60,99,69,130,10,76,12,132,2,63,104,102" hai2="77,83,126,32,38,128,6,44,26,23,5,89,28" hai3="34,47,33,19,119,134,62,100,20,14,95,97,122"/><U39/><E132/><V36/><F128/><W113/><G122/><T4/><D116/><U114/><E114/><V85/><F126/><W106/><G113/><T74/><D70/><U1/><E130/><V55/><F32/><W17/><G134/><T120/><D120/><U46/><E1/><V59/><F38/><W111/><G111/><T109/><D109/><U123/><E123/><V40/><REACH who="2" step="1"/><F77/><REACH who="2" ten="240,240,230,270" step="2"/><W73/><G119/><T52/><D35/><U124/><E124/><V7/><F7/><W50/><G33/><T8/><D4/><U11/><E76/><V9/><F9/><W86/><G34/><T54/><D8/><U135/><E135/><V103/><F103/><W121/><G121/><T13/><D129/><U127/><E10/><V48/><AGARI ba="1,2" hai="5,6,23,26,28,36,40,44,48,55,59,83,85,89" machi="48" ten="20,2700,0" yaku="1,1,0,1,7,1,53,0" doraHai="90" doraHaiUra="118" who="2" fromWho="2" sc="240,-8,240,-14,230,50,270,-8" /><INIT seed="2,0,0,4,0,119" ten="232,226,280,262" oya="2" hai0="13,19,30,115,125,88,9,82,1,6,45,37,14" hai1="59,89,102,97,18,42,100,79,110,92,50,112,71" hai2="77,75,93,105,52,107,124,5,98,130,123,22,35" hai3="8,36,118,28,20,0,54,135,31,132,53,96,4"/><V122/><F35/><W99/><G118/><T49/><D115/><U128/><E112/><V26/><F5/><W24/><G36/><T17/><D37/><U60/><E110/><V86/><F52/><N who="3" m="20075" /><G28/><T64/><D64/><N who="1" m="38943" /><E71/><V81/><F124/><W2/><G2/><T66/><D66/><U87/><E128/><V106/><F130/><W56/><G56/><T62/><D62/><U51/><E18/><V48/><F48/><N who="1" m="18473" /><E42/><V127/><F127/><W23/><G20/><T44/><D125/><U43/><E43/><V109/><F109/><W12/><G0/><T84/><D30/><U47/><E47/><V73/><F22/><W38/><G38/><T21/><D49/><U39/><E39/><V78/><F26/><W72/><G72/><N who="2" m="27721" /><F77/><W113/><G113/><T95/><D1/><U7/><E7/><V34/><F34/><W16/><G132/><T33/><D33/><U27/><E27/><V114/><F114/><W32/><G135/><T104/><D104/><U11/><E11/><V85/><F85/><W70/><G70/><T101/><D6/><U121/><E121/><V40/><F40/><W63/><G32/><T10/><D21/><U134/><E134/><V131/><F131/><W126/><G126/><T41/><D41/><U120/><E120/><V94/><F94/><W3/><G3/><T117/><D117/><U55/><E55/><V29/><F29/><W74/><G74/><T133/><D133/><U68/><E68/><V90/><AGARI ba="0,0" hai="78,81,86,90,93,98,105,106,107,122,123" m="27721" machi="90" ten="40,12000,1" yaku="34,2,52,2" doraHai="119" who="2" fromWho="2" sc="232,-40,226,-40,280,120,262,-40" /><INIT seed="2,1,0,0,1,106" ten="192,186,400,222" oya="2" hai0="133,19,12,28,90,21,95,22,4,8,123,23,132" hai1="135,7,6,134,92,103,107,130,48,60,84,73,36" hai2="97,127,128,30,78,91,38,75,122,32,40,104,69" hai3="29,96,44,72,68,20,93,76,110,1,58,50,105"/><V121/><F91/><W100/><G68/><T94/><D123/><U77/><E36/><V27/><F127/><W18/><G1/><T112/><D112/><U51/><E60/><V24/><F24/><W67/><G110/><T101/><D101/><U98/><E51/><V113/><F128/><W102/><G105/><T125/><D125/><U71/><E71/><V89/><F89/><W116/><G116/><T49/><D49/><U41/><E130/><V33/><F33/><W82/><G102/><T66/><D66/><U65/><E65/><V42/><F42/><W9/><G9/><T15/><D95/><U119/><E119/><V26/><F26/><W131/><G29/><T62/><D62/><U46/><E73/><V120/><F69/><W13/><G131/><T45/><D45/><U114/><E114/><V35/><F35/><W56/><REACH who="3" step="1"/><G67/><REACH who="3" ten="192,186,400,212" step="2"/><T117/><D117/><U25/><E107/><V115/><F104/><W5/><G5/><T63/><D28/><U39/><E7/><V47/><F97/><W99/><G99/><T16/><D4/><U64/><E64/><V118/><F118/><W0/><G0/><T126/><D126/><U55/><E6/><V87/><F115/><W53/><AGARI ba="1,1" hai="13,18,20,44,50,53,56,58,72,76,82,93,96,100" machi="53" ten="20,8000,1" yaku="1,1,0,1,7,1,52,1,53,1" doraHai="106" doraHaiUra="14" who="3" fromWho="3" sc="192,-21,186,-21,400,-41,212,93" /><INIT seed="3,0,0,5,1,30" ten="171,165,359,305" oya="3" hai0="27,53,13,1,76,85,18,58,131,32,128,50,44" hai1="45,135,83,104,51,114,69,60,122,126,67,62,25" hai2="73,96,3,130,17,103,19,119,43,10,57,72,105" hai3="97,110,35,66,41,14,132,40,125,117,95,46,92"/><W7/><G117/><T89/><D76/><U48/><E122/><V82/><F119/><W21/><G132/><T39/><D39/><U98/><E114/><V70/><F70/><W101/><G125/><T86/><D1/><U61/><E126/><V36/><F57/><W31/><G35/><T6/><D6/><U90/><E135/><V23/><F130/><N who="0" m="49706" /><D89/><U74/><E51/><V28/><F28/><W93/><G110/><T5/><D5/><U65/><E25/><V91/><F91/><W118/><G118/><T33/><D58/><U78/><E67/><V79/><F72/><W37/><G66/><T129/><N who="0" m="49714" /><T127/><DORA hai="123" /><D127/><U100/><REACH who="1" step="1"/><E90/><REACH who="1" ten="171,155,359,305" step="2"/><V24/><F24/><W124/><G37/><T109/><D109/><U94/><E94/><V116/><F36/><W63/><G124/><T47/><D27/><U15/><E15/><V0/><F0/><W71/><G92/><T4/><D4/><U26/><E26/><V84/><F3/><W9/><G93/><T133/><D133/><U121/><E121/><V64/><F64/><N who="3" m="41375" /><G14/><T113/><D113/><U12/><E12/><V49/><F116/><W56/><G7/><T29/><D29/><U99/><E99/><V54/><F96/><W134/><G31/><T38/><D32/><U77/><E77/><V2/><F2/><W107/><G97/><T115/><D115/><U111/><E111/><V20/><F79/><W11/><G95/><T75/><D75/><U120/><E120/><V68/><F73/><W52/><G134/><T102/><D33/><U88/><E88/><N who="2" m="51223" /><F105/><W108/><G107/><RYUUKYOKU ba="0,1" sc="171,-10,155,30,359,-10,305,-10" hai1="45,48,60,61,62,65,69,74,78,83,98,100,104" owari="161,-33.9,185,-21.5,359,45.9,295,9.5" /></mjloggm>