<mjloggm ver="2.3"><GO type="225" lobby="0"/><UN n0="%E3%82%B2%E3%82%B9%E8%8C%82%E5%8B%9D" n1="%E7%99%BD%E6%97%A5%E9%9B%AA%E8%8F%9C" n2="%37%2F%32%E3%81%AB%E7%94%9F%E3%81%BE%E3%82%8C%E3%81%A6" n3="%E3%81%B2%E3%81%AA%E3%81%AE%E3%82%8A%E3%81%8F" dan="16,16,16,17" rate="2070.99,2144.28,2145.54,2180.14" sx="F,M,M,M"/><TAIKYOKU oya="0"/><INIT seed="0,0,0,1,4,106" ten="250,250,250,250" oya="0" hai0="89,52,98,117,14,74,101,94,5,59,62,135,0" hai1="11,57,103,102,115,9,10,17,126,26,111,38,49" hai2="28,15,37,21,123,90,56,133,125,7,24,31,118" hai3="69,16,27,80,48,109,120,42,58,132,55,60,30"/><T107/><D135/><U32/><E38/><V66/><F123/><W45/><G132/><T99/><D117/><U23/><E111/><V77/><F37/><W97/><G109/><T13/><D0/><U40/><E126/><V95/><F125/><W34/><G120/><T46/><D5/><U79/><E115/><V78/><F31/><W64/><G97/><T36/><REACH who="0" step="1"/><D74/><REACH who="0" ten="240,250,250,250" step="2"/><U63/><E9/><N who="2" m="4543" /><F118/><W39/><G80/><T18/><D18/><AGARI ba="0,1" hai="16,18,27,30,34,39,42,45,48,55,58,60,64,69" machi="18" ten="40,5200,0" yaku="24,2,54,1" doraHai="106" who="3" fromWho="0" sc="240,-52,250,0,250,0,250,62" /><INIT seed="1,0,0,2,3,8" ten="188,250,250,312" oya="1" hai0="86,29,115,123,43,62,107,63,56,118,34,13,85" hai1="92,66,100,119,95,6,45,28,97,110,102,35,101" hai2="88,23,53,98,57,121,16,129,72,9,41,132,27" hai3="79,104,10,2,61,125,39,40,24,103,126,130,91"/><U131/><E119/><V134/><F72/><W99/><G91/><T7/><D115/><U124/><E124/><V15/><F41/><W112/><G112/><T78/><D118/><U116/><E116/><V50/><F121/><W135/><G135/><N who="2" m="51753" /><F129/><W89/><G89/><T83/><D123/><U60/><E131/><V17/><F98/><W87/><G130/><T52/><D107/><U133/><E133/><V77/><F77/><W51/><G39/><T106/><D106/><U59/><E110/><V44/><F88/><W48/><G61/><T82/><D43/><U127/><E127/><V84/><F84/><W94/><G79/><T49/><D29/><U108/><E108/><V47/><AGARI ba="0,0" hai="9,15,16,17,23,27,44,47,50,53,57" m="51753" machi="47" ten="30,4000,0" yaku="20,1,52,1,54,1" doraHai="8" who="2" fromWho="2" sc="188,-10,250,-20,250,40,312,-10" /><INIT seed="2,0,0,1,5,105" ten="178,230,290,302" oya="2" hai0="88,60,57,36,91,5,50,75,16,133,77,100,58" hai1="2,6,114,11,56,84,82,127,122,124,14,118,26" hai2="132,95,31,128,27,44,110,23,71,113,37,134,34" hai3="92,53,109,117,52,24,83,22,98,101,62,106,55"/><V123/><F113/><W15/><G109/><T10/><D133/><N who="2" m="51306" /><F123/><W79/><G117/><T97/><D36/><U99/><E118/><V40/><F71/><W0/><G0/><T45/><D16/><U3/><E114/><V42/><F40/><W131/><G15/><T54/><D57/><U17/><E122/><V30/><F128/><W68/><G131/><T102/><D102/><U81/><E26/><N who="2" m="18775" /><F95/><W111/><G111/><AGARI ba="0,0" hai="23,27,31,37,42,44,110,111" m="18775,51306" machi="111" ten="30,1500,0" yaku="20,1" doraHai="105" who="2" fromWho="3" sc="178,0,230,0,290,15,302,-15" /><INIT seed="2,1,0,1,1,13" ten="178,230,305,287" oya="2" hai0="61,110,108,32,126,99,80,69,112,78,15,67,117" hai1="65,33,53,35,116,133,122,70,37,20,12,74,96" hai2="30,73,43,68,44,114,7,107,119,118,76,66,23" hai3="102,64,47,25,51,79,41,120,16,42,97,21,135"/><V56/><F114/><W128/><G120/><T17/><D112/><U55/><E116/><V54/><F107/><W1/><G135/><T113/><D113/><U100/><E37/><V134/><F134/><W58/><G1/><T10/><D117/><U52/><E74/><V103/><F103/><W109/><G109/><T87/><D32/><U93/><E133/><V31/><F7/><W124/><G124/><T92/><REACH who="0" step="1"/><D126/><REACH who="0" ten="168,230,305,287" step="2"/><U75/><E122/><V86/><F118/><W94/><G128/><T121/><D121/><U62/><REACH who="1" step="1"/><E75/><REACH who="1" ten="168,220,305,287" step="2"/><V39/><F73/><W63/><G79/><T129/><D129/><U85/><E85/><V5/><F86/><W48/><G42/><T26/><D26/><U24/><E24/><V45/><F43/><W88/><G102/><AGARI ba="1,2" hai="10,15,17,61,67,69,78,80,87,92,99,102,108,110" machi="102" ten="40,2600,0" yaku="1,1,52,1,53,0" doraHai="13" doraHaiUra="29" who="0" fromWho="3" sc="168,49,220,0,305,0,287,-29" /><INIT seed="3,0,0,4,3,135" ten="217,220,305,258" oya="3" hai0="120,114,45,122,29,62,123,80,57,33,78,52,2" hai1="81,54,76,112,0,98,95,75,12,132,6,60,128" hai2="93,38,102,85,134,115,113,101,87,77,90,16,83" hai3="46,82,73,92,4,22,7,69,70,48,126,25,8"/><W11/><G92/><T36/><D2/><U118/><E112/><V121/><F38/><W17/><G126/><T108/><D108/><U119/><E132/><V125/><F134/><W88/><G70/><T32/><D114/><N who="2" m="43530" /><F16/><W130/><G130/><T44/><D36/><U53/><E128/><V104/><F125/><W42/><G69/><T34/><REACH who="0" step="1"/><D29/><REACH who="0" ten="207,220,305,258" step="2"/><U133/><E133/><V103/><F121/><W55/><G4/><T111/><D111/><U15/><E0/><V96/><AGARI ba="0,1" hai="77,83,85,87,90,93,96,101,102,103,104" m="43530" machi="96" ten="30,2000,0" yaku="34,2" doraHai="135" who="2" fromWho="2" sc="207,-5,220,-5,305,30,258,-10" owari="202,-29.8,215,-18.5,335,43.5,248,4.8" /></mjloggm>