<mjloggm ver="2.3"><GO type="225" lobby="0"/><UN n0="%E3%81%95%E3%81%8D%E3%81%9F%E3%81%BE%E6%9E%97%E6%AA%8E" n1="%E6%97%A5%E6%9B%9C%E6%97%A5%E3%82%88%E3%82%8A%E3%81%AE%E4%BD%BF%E8%80%85" n2="%E3%81%BF%E3%81%BF%E3%81%9A" n3="%E3%83%81%E3%83%AF%E3%83%AF%E9%9A%8A%E9%95%B7" dan="16,16,18,17" rate="2056.44,2085.04,2250.87,2165.30" sx="M,M,M,M"/><TAIKYOKU oya="0"/><INIT seed="0,0,0,3,5,58" ten="250,250,250,250" oya="0" hai0="132,52,20,115,46,99,95,104,30,134,118,91,50" hai1="2,14,123,44,74,112,24,97,6,48,135,27,90" hai2="18,75,5,59,100,15,88,108,42,125,119,121,110" hai3="98,9,103,47,61,40,12,33,129,0,4,8,68"/><T43/><D115/><U28/><E74/><V1/><F121/><W34/><G129/><T7/><D118/><U80/><E2/><V72/><F119/><W70/><G70/><T131/><D131/><U73/><E123/><V124/><F100/><W76/><G76/><T130/><D130/><U107/><E107/><V17/><F42/><W37/><G8/><T67/><D67/><U62/><E73/><N who="2" m="28235" /><F5/><W35/><G12/><T94/><D104/><U84/><E135/><N who="0" m="51753" /><D7/><U105/><E112/><V111/><F1/><W85/><G85/><T117/><D117/><U87/><E105/><V23/><F17/><W92/><REACH who="3" step="1"/><G68/><REACH who="3" ten="250,250,250,240" step="2"/><T133/><D133/><U109/><E87/><V60/><F88/><W64/><G64/><AGARI ba="0,1" hai="15,18,23,59,60,64,108,110,111,124,125" m="28235" machi="64" ten="40,2600,0" yaku="14,1,52,1" doraHai="58" who="2" fromWho="3" sc="250,0,250,0,250,36,240,-26" /><INIT seed="1,0,0,2,4,110" ten="250,250,286,214" oya="1" hai0="37,126,42,51,88,21,82,31,46,36,90,112,119" hai1="40,27,127,72,108,80,16,83,20,117,11,98,93" hai2="111,129,120,10,5,100,57,63,19,22,47,99,64" hai3="134,41,9,33,39,61,23,87,14,104,38,59,24"/><U78/><E117/><V130/><F111/><W101/><G33/><T25/><D112/><U0/><E108/><V30/><F120/><W1/><G1/><T6/><D126/><U32/><E127/><V77/><F77/><W66/><G134/><T116/><D6/><U65/><E80/><V8/><F47/><W81/><G41/><T67/><D67/><U2/><E32/><V12/><F30/><W7/><G101/><T105/><D105/><U44/><E65/><V35/><F35/><W89/><REACH who="3" step="1"/><G104/><REACH who="3" ten="250,250,286,204" step="2"/><T55/><D119/><U18/><E0/><V123/><F123/><W17/><AGARI ba="0,1" hai="7,9,14,17,23,24,38,39,59,61,66,81,87,89" machi="17" ten="20,5200,0" yaku="1,1,2,1,0,1,7,1,53,0" doraHai="110" doraHaiUra="118" who="3" fromWho="3" sc="250,-13,250,-26,286,-13,204,62" /><INIT seed="2,0,0,5,1,115" ten="237,224,273,266" oya="2" hai0="130,73,104,45,109,117,68,29,89,14,49,83,135" hai1="134,41,111,132,110,21,108,62,63,6,34,60,9" hai2="59,51,17,25,129,64,44,85,32,47,90,84,3" hai3="121,54,100,27,119,87,38,72,48,57,52,127,36"/><V31/><F129/><W42/><G72/><T20/><D104/><U11/><E34/><V76/><F3/><W13/><G121/><T116/><D130/><U39/><E21/><V35/><F35/><W23/><G127/><T19/><D135/><N who="1" m="51755" /><E6/><V120/><F120/><W65/><G42/><T53/><D109/><N who="1" m="27907" /><U5/><DORA hai="113" /><E5/><V78/><F17/><W1/><G1/><T40/><D68/><U81/><E81/><V131/><F84/><W128/><G128/><T28/><D40/><U12/><E12/><V56/><F44/><AGARI ba="0,0" hai="9,11,39,41,44,60,62,63" m="27907,51755" machi="44" ten="50,3200,0" yaku="20,1,14,1" doraHai="115,113" who="1" fromWho="2" sc="237,0,224,32,273,-32,266,0" /><INIT seed="3,0,0,2,5,91" ten="237,256,241,266" oya="3" hai0="65,20,101,41,15,56,88,9,133,64,66,17,77" hai1="26,23,0,107,119,69,134,40,28,99,121,1,76" hai2="63,93,113,35,83,39,58,4,96,37,47,57,111" hai3="8,97,102,118,103,105,61,43,74,100,98,72,94"/><W36/><G61/><T123/><D133/><U108/><E121/><V45/><F113/><W73/><G8/><T70/><D123/><U49/><E69/><V81/><F35/><W128/><G43/><T50/><D70/><U85/><E134/><V30/><F111/><W126/><G36/><T130/><D130/><U31/><E31/><V46/><F30/><W34/><G34/><T125/><D125/><U19/><E108/><V109/><F109/><W59/><G59/><T129/><D129/><U14/><E119/><V25/><F4/><W29/><G29/><T32/><D32/><U127/><E127/><V42/><F58/><W55/><G55/><N who="0" m="31863" /><D101/><N who="3" m="39017" /><G128/><T3/><D3/><U75/><E75/><V112/><F112/><W24/><G24/><N who="0" m="14351" /><D77/><U120/><E76/><V51/><F25/><W124/><G118/><T13/><D41/><U48/><E40/><V10/><F10/><W82/><G82/><N who="2" m="31241" /><F37/><W80/><G80/><T2/><D2/><U7/><E0/><V12/><F12/><N who="0" m="4682" /><D9/><U117/><E1/><V33/><F39/><W22/><G22/><T90/><AGARI ba="0,0" hai="64,65,66,88,90" m="4682,14351,31863" machi="90" ten="30,2000,0" yaku="8,1,54,1" doraHai="91" who="0" fromWho="0" sc="237,20,256,-5,241,-5,266,-10" /><INIT seed="4,0,0,4,3,110" ten="257,251,236,256" oya="0" hai0="88,2,85,134,51,111,29,106,132,64,13,63,7" hai1="104,114,21,74,26,131,82,113,11,119,129,43,25" hai2="79,101,54,90,93,109,44,127,75,73,0,135,95" hai3="41,71,40,48,84,22,100,19,55,37,128,92,120"/><T123/><D123/><U5/><E119/><V67/><F0/><W36/><G71/><T118/><D118/><U18/><E104/><V45/><F67/><W33/><G33/><T47/><D106/><U98/><E43/><V60/><F109/><W66/><G120/><T52/><D2/><N who="1" m="439" /><E98/><N who="2" m="59599" /><F73/><W91/><G128/><N who="1" m="49226" /><E26/><V130/><F75/><W49/><G66/><T133/><D111/><U76/><AGARI ba="0,0" hai="18,21,25,74,76,82,113,114" m="49226,439" machi="76" ten="40,5200,0" yaku="19,1,52,2" doraHai="110" who="1" fromWho="1" sc="257,-26,251,52,236,-13,256,-13" owari="231,-16.9,303,40.3,223,-27.7,243,4.3" /></mjloggm>