<mjloggm ver="2.3"><GO type="225" lobby="0"/><UN n0="%E3%83%A9%E3%82%A4%E3%83%B3%E3%81%AE%E8%99%8E" n1="%E7%8D%A3%E8%87%AD%E3%81%84%E8%82%89%E7%90%83" n2="%E6%9D%B1%E9%A2%A8%E3%81%AE%E3%81%8D%E3%82%83%E3%81%B7%E3%81%95%E3%82%93" n3="%E8%A8%88%E7%AE%97%E6%A9%9F%E8%87%AA%E7%84%B6" dan="16,16,16,17" rate="2138.94,2117.08,2116.76,2161.35" sx="M,M,M,M"/><TAIKYOKU oya="0"/><INIT seed="0,0,0,5,0,110" ten="250,250,250,250" oya="0" hai0="63,102,131,72,94,118,109,16,124,46,56,98,41" hai1="42,103,74,25,73,2,128,92,39,52,17,58,23" hai2="100,115,8,59,1,34,9,43,129,36,21,70,45" hai3="71,20,75,57,67,27,37,0,55,54,40,113,77"/><T99/><D118/><U51/><E2/><V97/><F70/><W120/><G0/><T95/><D124/><U44/><REACH who="1" step="1"/><E128/><REACH who="1" ten="250,240,250,250" step="2"/><V127/><F129/><W6/><G120/><T5/><D131/><U125/><E125/><V83/><F127/><W7/><G113/><T130/><D130/><U12/><E12/><V121/><F115/><W89/><G6/><T50/><D109/><U13/><E13/><V87/><F121/><W117/><G7/><T24/><D5/><U14/><E14/><V90/><F1/><W11/><G117/><T26/><D72/><U33/><E33/><V135/><F34/><W60/><G75/><T10/><D10/><U68/><E68/><V78/><F135/><W104/><G71/><T22/><D26/><U114/><E114/><V96/><F21/><W64/><G11/><T3/><D3/><U4/><E4/><V106/><REACH who="2" step="1"/><F59/><REACH who="2" ten="250,240,240,250" step="2"/><W79/><G57/><T61/><REACH who="0" step="1"/><D56/><REACH who="0" ten="240,240,240,250" step="2"/><U62/><E62/><V82/><F82/><W48/><G27/><T81/><D81/><U107/><E107/><V66/><F66/><W111/><G104/><T29/><D29/><U31/><E31/><V32/><F32/><W80/><G80/><T69/><D69/><U93/><E93/><AGARI ba="0,3" hai="8,9,36,43,45,78,83,87,90,93,96,97,100,106" machi="93" ten="40,1300,0" yaku="1,1,53,0" doraHai="110" doraHaiUra="132" who="2" fromWho="1" sc="240,0,240,-13,240,43,250,0" /><INIT seed="1,0,0,0,4,122" ten="240,227,283,250" oya="1" hai0="123,32,116,131,81,53,8,2,129,54,30,86,104" hai1="52,4,121,50,100,110,80,108,69,49,130,93,20" hai2="97,92,107,57,47,42,19,118,14,133,89,117,33" hai3="67,17,68,34,46,15,98,73,60,37,16,101,43"/><U90/><E121/><V44/><F33/><W135/><G135/><T132/><D123/><U113/><E113/><V94/><F133/><W95/><G34/><T102/><D132/><U23/><E69/><V125/><F107/><W114/><G114/><T38/><D38/><U105/><E130/><N who="0" m="49673" /><D116/><U48/><E4/><V9/><F125/><W74/><REACH who="3" step="1"/><G17/><REACH who="3" ten="240,227,283,240" step="2"/><T35/><D35/><U134/><E134/><V28/><F118/><W25/><G25/><N who="0" m="18511" /><D104/><U127/><E127/><V79/><F117/><W109/><G109/><N who="1" m="42090" /><E105/><V41/><F28/><W36/><G36/><T75/><D75/><U63/><E100/><N who="2" m="60455" /><F79/><W120/><G120/><T124/><D102/><U115/><E115/><V64/><F41/><W45/><G45/><T0/><D124/><U70/><E70/><V40/><F40/><W88/><G88/><N who="0" m="51279" /><D0/><U58/><E80/><V29/><F29/><W5/><G5/><AGARI ba="0,1" hai="2,5,8,53,54" m="51279,18511,49673" machi="5" ten="30,2000,0" yaku="19,1,54,1" doraHai="122" who="0" fromWho="3" sc="240,30,227,0,283,0,240,-20" /><INIT seed="2,0,0,0,5,82" ten="270,227,283,220" oya="2" hai0="104,67,89,99,22,1,97,135,81,43,107,66,51" hai1="114,63,134,133,85,4,121,62,9,65,128,57,23" hai2="102,21,64,127,91,39,6,131,94,48,35,60,19" hai3="111,95,117,106,84,50,52,100,129,116,8,53,45"/><V10/><F39/><W122/><G122/><T80/><D1/><U36/><E114/><V78/><F131/><W28/><G129/><T124/><D124/><U0/><E128/><V61/><F35/><W13/><G111/><T29/><D135/><N who="1" m="51723" /><E121/><V105/><F127/><W38/><G38/><T40/><D51/><U119/><E119/><V26/><F78/><W120/><G120/><T2/><D2/><U32/><E32/><V115/><F48/><N who="3" m="28687" /><G106/><T71/><D22/><U73/><E73/><V18/><F115/><W37/><G37/><T15/><D15/><U112/><E112/><V101/><F105/><W86/><G28/><T20/><D20/><U126/><E126/><V59/><F61/><W130/><G130/><T5/><D89/><U76/><E36/><V103/><F18/><N who="3" m="8487" /><G117/><T41/><D29/><U69/><E23/><V88/><REACH who="2" step="1"/><F94/><REACH who="2" ten="270,227,273,220" step="2"/><W46/><G116/><T54/><D104/><U16/><E63/><V24/><F24/><W72/><G72/><T96/><D107/><U83/><E16/><V75/><F75/><W55/><G55/><T42/><D54/><U79/><E76/><V109/><F109/><W7/><G7/><T74/><D5/><U34/><E34/><V25/><F25/><W11/><G11/><T44/><D74/><U14/><E0/><AGARI ba="0,1" hai="0,6,10,19,21,26,59,60,64,88,91,101,102,103" machi="0" ten="40,7700,0" yaku="1,1,54,1,53,1" doraHai="82" doraHaiUra="33" who="2" fromWho="1" sc="270,0,227,-77,273,87,220,0" /><INIT seed="2,1,0,4,1,70" ten="270,150,360,220" oya="2" hai0="4,2,38,46,71,74,122,30,133,93,130,121,12" hai1="116,1,127,52,66,78,76,82,47,88,112,15,111" hai2="16,135,62,92,105,26,81,90,101,11,99,27,117" hai3="83,134,115,97,96,123,51,128,100,42,77,48,79"/><V33/><F117/><W7/><G123/><T67/><D93/><U84/><E116/><V3/><F135/><W41/><G134/><T53/><D53/><U68/><E112/><V35/><F62/><W28/><G115/><T44/><D12/><U55/><E1/><V113/><F81/><W69/><G69/><T29/><D133/><U23/><E111/><V119/><F113/><W14/><G128/><T104/><D130/><U37/><E127/><V118/><F3/><W36/><G28/><T56/><D56/><U126/><E126/><V94/><F105/><W106/><G96/><T107/><D74/><U25/><E15/><V108/><F108/><W58/><G58/><T98/><D30/><U103/><E103/><V102/><F99/><W61/><G61/><N who="0" m="40431" /><D46/><U75/><E66/><V120/><F120/><N who="0" m="46186" /><D29/><U125/><E68/><V34/><F34/><W9/><G41/><N who="0" m="22583" /><D98/><U89/><E125/><V91/><REACH who="2" step="1"/><F11/><AGARI ba="1,0" hai="2,4,11,104,107" m="22583,46186,40431" machi="11" ten="30,2000,0" yaku="23,1,52,1" doraHai="70" who="0" fromWho="2" sc="270,23,150,0,360,-23,220,0" /><INIT seed="3,0,0,2,2,85" ten="293,150,337,220" oya="3" hai0="135,105,45,120,44,53,110,106,76,79,80,86,118" hai1="113,68,20,126,71,84,36,38,7,24,130,3,1" hai2="97,81,89,62,125,77,64,19,18,22,39,70,123" hai3="67,107,25,40,2,95,13,8,42,73,54,103,11"/><W10/><G73/><T69/><D69/><U60/><E113/><V127/><F39/><W134/><G107/><T51/><D118/><U124/><E130/><V61/><F123/><W12/><G2/><T72/><D120/><U92/><E71/><V109/><F109/><W55/><G134/><T27/><D110/><U117/><E117/><V83/><F61/><W131/><G131/><T115/><D115/><U104/><E104/><V33/><F33/><W82/><G82/><T46/><D135/><U129/><E129/><V41/><F41/><N who="3" m="15979" /><G25/><T29/><D72/><U87/><E36/><V116/><F116/><W31/><G31/><T101/><D76/><U66/><E38/><V93/><F81/><W58/><G67/><T9/><D9/><U43/><E3/><V90/><F90/><W88/><G103/><T114/><D114/><U49/><E1/><V78/><F78/><W16/><G12/><T47/><D101/><U34/><E34/><V111/><F111/><W102/><G102/><T28/><D28/><U133/><E133/><V23/><F23/><N who="3" m="11663" /><G58/><T59/><N who="0" m="11264" /><DORA hai="63" /><T52/><REACH who="0" step="1"/><D53/><REACH who="0" ten="283,150,337,220" step="2"/><N who="3" m="19977" /><G8/><T91/><D91/><U128/><E68/><V57/><F70/><W56/><G56/><T122/><D122/><U0/><E128/><V26/><REACH who="2" step="1"/><F18/><REACH who="2" ten="283,150,327,220" step="2"/><W4/><G4/><T32/><AGARI ba="0,2" hai="27,29,32,51,52,59,79,80,86,105,106" m="11264" machi="32" ten="40,8000,1" yaku="1,1,0,1,54,1,53,2" doraHai="85,63" doraHaiUra="100,98" who="0" fromWho="0" sc="283,100,150,-20,327,-20,220,-40" owari="383,48.3,130,-37.0,307,10.7,180,-22.0" /></mjloggm>