<mjloggm ver="2.3"><GO type="225" lobby="0"/><UN n0="%E3%82%B2%E3%82%B9%E8%8C%82%E5%8B%9D" n1="%E6%9D%B1%E9%A2%A8%E3%81%AE%E3%81%8D%E3%82%83%E3%81%B7%E3%81%95%E3%82%93" n2="%E7%B4%94%E6%BD%94%E3%83%94%E3%83%A9%E3%83%8B%E3%82%A2" n3="%E4%BA%95%E5%B8%AF" dan="16,17,16,16" rate="2092.20,2248.19,2084.87,2063.27" sx="F,M,M,M"/><TAIKYOKU oya="0"/><INIT seed="0,0,0,4,1,16" ten="250,250,250,250" oya="0" hai0="43,58,12,74,34,102,98,18,122,20,22,96,132" hai1="59,112,81,47,106,89,90,124,10,77,9,52,107" hai2="36,66,61,134,84,119,128,26,4,92,131,94,125" hai3="99,46,15,17,78,57,120,44,101,29,67,75,109"/><T62/><D122/><U30/><E47/><V110/><F36/><W38/><G109/><T86/><D132/><U56/><E30/><V24/><F134/><W116/><G116/><T2/><D74/><U63/><E124/><V93/><F110/><W97/><G97/><T8/><D2/><U79/><E112/><V68/><F125/><W19/><G29/><T35/><D43/><U133/><E133/><V71/><F119/><W82/><G38/><T95/><D86/><U85/><E77/><V104/><F104/><W48/><G19/><T113/><D113/><U111/><E111/><V64/><F4/><W28/><G28/><T21/><REACH who="0" step="1"/><D98/><REACH who="0" ten="240,250,250,250" step="2"/><U14/><E9/><V135/><F84/><W103/><G99/><T115/><D115/><U60/><E107/><V6/><F135/><W123/><G123/><T37/><D37/><U42/><E106/><V105/><F105/><W33/><G75/><T83/><D83/><U50/><E42/><V69/><F6/><W25/><G82/><T49/><D49/><U72/><E50/><V80/><F80/><W1/><G48/><T39/><D39/><U126/><E72/><V31/><F61/><W127/><G1/><T130/><D130/><N who="2" m="49706" /><F26/><W45/><G25/><T23/><N who="0" m="5120" /><DORA hai="129" /><T76/><D76/><U13/><E126/><V121/><F121/><W53/><G78/><T7/><D7/><N who="1" m="3295" /><E14/><V87/><F87/><W88/><G15/><T32/><D32/><AGARI ba="0,1" hai="24,31,32,64,66,68,69,71,92,93,94" m="49706" machi="32" ten="40,1300,0" yaku="19,1" doraHai="16,129" who="2" fromWho="0" sc="240,-13,250,0,250,23,250,0" /><INIT seed="1,0,0,0,0,32" ten="227,250,273,250" oya="1" hai0="86,5,104,80,108,129,114,135,55,132,93,84,50" hai1="76,46,38,74,16,26,62,40,83,87,110,4,0" hai2="113,19,45,37,67,52,123,71,25,107,8,103,27" hai3="96,3,63,28,101,39,100,42,92,99,11,121,124"/><U9/><E110/><V134/><F123/><W127/><G121/><T79/><D114/><U122/><E122/><V47/><F113/><W34/><G63/><T109/><D104/><U57/><E87/><V106/><F134/><N who="0" m="51242" /><D5/><U29/><E16/><V89/><F89/><W68/><G68/><T69/><D69/><U22/><E62/><V77/><F77/><W112/><G112/><T20/><D20/><U24/><E24/><V128/><F67/><W117/><G117/><T10/><D10/><U65/><E57/><V43/><F71/><W6/><G28/><T111/><D129/><U14/><REACH who="1" step="1"/><E65/><REACH who="1" ten="227,240,273,250" step="2"/><V66/><F66/><W1/><G127/><T98/><D80/><U105/><E105/><V70/><F70/><W31/><G124/><T30/><D30/><U13/><AGARI ba="0,1" hai="0,4,9,13,14,22,26,29,38,40,46,74,76,83" machi="13" ten="30,12000,1" yaku="1,1,0,1,25,2,52,1,53,0" doraHai="32" doraHaiUra="115" who="1" fromWho="1" sc="227,-40,240,130,273,-40,250,-40" /><INIT seed="1,1,0,5,2,106" ten="187,370,233,210" oya="1" hai0="122,6,97,59,68,63,16,14,113,27,33,28,18" hai1="123,128,131,115,5,30,29,12,120,11,121,56,114" hai2="87,42,48,107,71,132,43,116,23,35,50,2,90" hai3="0,39,62,21,109,92,25,3,124,93,81,127,108"/><U13/><E56/><V89/><F116/><W105/><G39/><T9/><D113/><N who="1" m="43019" /><E12/><V54/><F107/><W57/><G105/><T70/><D122/><U66/><E66/><V72/><F132/><W64/><G81/><T51/><D51/><U60/><E60/><V24/><F2/><N who="3" m="555" /><G93/><T134/><D134/><U19/><E5/><V130/><F71/><W55/><G92/><T88/><D68/><U34/><E34/><V117/><F87/><W86/><G86/><T119/><D70/><U10/><E10/><V61/><F117/><W37/><G64/><T125/><D125/><N who="3" m="48201" /><G37/><T73/><D73/><U22/><E11/><V74/><F54/><W76/><G76/><T58/><D119/><U40/><E40/><V41/><F41/><W20/><G20/><T98/><D58/><U45/><E45/><V110/><F23/><W83/><G83/><T65/><REACH who="0" step="1"/><D98/><REACH who="0" ten="177,370,233,210" step="2"/><U26/><E26/><V80/><F24/><W36/><G36/><T49/><D49/><U75/><E75/><V91/><F74/><W67/><G67/><T133/><D133/><U100/><E121/><V103/><F72/><W129/><G25/><T4/><D4/><U7/><E7/><V8/><F48/><W111/><G57/><T17/><D17/><U47/><E19/><V95/><F50/><W118/><G118/><T46/><D46/><U96/><E47/><V31/><F43/><W135/><G135/><T112/><D112/><U94/><E120/><V84/><F42/><W38/><G38/><T82/><D82/><U102/><E123/><V101/><F80/><W77/><G111/><RYUUKYOKU ba="1,1" sc="177,30,370,-10,233,-10,210,-10" hai0="6,9,14,16,18,27,28,33,59,63,65,88,97" /><INIT seed="2,2,1,2,2,102" ten="207,360,223,200" oya="2" hai0="59,20,74,34,18,92,80,108,56,49,111,55,0" hai1="63,103,25,30,45,23,33,1,113,83,8,72,90" hai2="86,50,91,84,93,110,43,26,120,53,88,46,118" hai3="128,22,61,77,42,98,44,40,119,2,36,85,51"/><V68/><F118/><W48/><G119/><T58/><D0/><U66/><E113/><V99/><F120/><W81/><G128/><T121/><D121/><U37/><E103/><V67/><F110/><N who="0" m="42026" /><D34/><U114/><E114/><V130/><F130/><W82/><G2/><T132/><D132/><U106/><E90/><V105/><F105/><W104/><G61/><T109/><N who="0" m="42034" /><T19/><DORA hai="101" /><D92/><U75/><E106/><V35/><F68/><W39/><G98/><T124/><D124/><U89/><E23/><V52/><F67/><W96/><G96/><T95/><D95/><U24/><E24/><V57/><F53/><W135/><G104/><T123/><D123/><U6/><E89/><V64/><F64/><W7/><G135/><T17/><D20/><U47/><E83/><V15/><F91/><W97/><G97/><T125/><D125/><U87/><E87/><V122/><F122/><W41/><G22/><T60/><D60/><U131/><E131/><V3/><F15/><W65/><G82/><T79/><AGARI ba="2,1" hai="17,18,19,49,55,56,58,59,74,79,80" m="42034" machi="79" ten="50,1600,0" yaku="14,1" doraHai="102,101" who="0" fromWho="0" sc="207,32,360,-6,223,-10,200,-6" /><INIT seed="3,0,0,0,5,111" ten="239,354,213,194" oya="3" hai0="63,123,36,98,15,1,69,46,33,31,26,118,133" hai1="25,76,7,75,84,134,27,64,99,94,79,23,57" hai2="131,125,90,3,110,113,51,8,67,105,73,34,35" hai3="121,54,119,14,43,92,87,127,5,82,116,91,59"/><W132/><G121/><T120/><D15/><U2/><E75/><V104/><F73/><W109/><G127/><T74/><D118/><U53/><E64/><V49/><F125/><W71/><G71/><T72/><D133/><U32/><E134/><V0/><F110/><W66/><G109/><T96/><D98/><U56/><E32/><V78/><F67/><W129/><G132/><T101/><D1/><U130/><E130/><V18/><F90/><W58/><G129/><T60/><D60/><U9/><E27/><V93/><F93/><W126/><G126/><T62/><D62/><U19/><E84/><V29/><F29/><W17/><G43/><N who="0" m="22887" /><D120/><U10/><E10/><V24/><F24/><W81/><G119/><T108/><D108/><U83/><E83/><N who="3" m="31754" /><G116/><T106/><D123/><U122/><E122/><V6/><F131/><W52/><G5/><T88/><D88/><U12/><E2/><V80/><F80/><W11/><G66/><AGARI ba="0,0" hai="26,31,33,63,66,69,72,74,96,101,106" m="22887" machi="66" ten="30,3900,0" yaku="25,1,33,2" doraHai="111" who="0" fromWho="3" sc="239,39,354,0,213,0,194,-39" owari="278,7.8,354,45.4,213,-18.7,155,-34.5" /></mjloggm>