<mjloggm ver="2.3"><GO type="225" lobby="0"/><UN n0="%E6%98%93%E5%88%A9%E8%96%A9%E4%BC%AF" n1="%62%6F%6E%6F%73%2E%2E" n2="%E5%80%89%E6%A9%8B%EF%BC%A0%E4%BA%8B%E5%8B%99" n3="%E9%A2%A8%E3%81%A7%E9%B3%B4%E3%81%8F" dan="16,17,16,16" rate="2145.33,2220.24,2086.77,2123.54" sx="F,M,M,M"/><TAIKYOKU oya="0"/><INIT seed="0,0,0,3,1,30" ten="250,250,250,250" oya="0" hai0="74,133,103,57,125,95,107,86,24,78,46,39,27" hai1="37,124,72,115,23,84,28,99,12,29,54,22,25" hai2="55,109,134,104,60,114,94,50,71,121,3,77,122" hai3="132,106,69,126,80,16,118,14,5,33,68,83,129"/><T44/><D125/><U52/><E72/><V59/><F104/><W51/><G106/><T116/><D116/><U38/><E124/><V90/><F114/><W73/><G118/><T110/><D133/><U41/><E115/><V64/><F134/><W112/><G5/><T79/><D107/><U119/><E119/><V105/><F105/><W66/><G33/><T131/><D131/><U70/><E70/><V101/><F109/><W1/><G1/><T31/><D74/><U10/><E99/><V135/><F135/><W4/><G4/><T89/><D103/><U11/><E84/><V120/><F3/><W20/><G112/><T67/><D27/><U45/><E38/><V108/><F108/><W2/><G2/><T9/><D9/><U17/><E10/><V48/><F77/><W111/><G111/><T21/><D110/><U32/><REACH who="1" step="1"/><E28/><REACH who="1" ten="250,240,250,250" step="2"/><V0/><F0/><W85/><G85/><T128/><D128/><U65/><E65/><V75/><F75/><W82/><G73/><T43/><REACH who="0" step="1"/><D46/><REACH who="0" ten="240,240,250,250" step="2"/><U97/><E97/><V35/><F101/><W127/><G129/><T63/><AGARI ba="0,2" hai="21,24,31,39,43,44,57,63,67,78,79,86,89,95" machi="63" ten="30,6000,0" yaku="1,1,2,1,0,1,53,0" doraHai="30" doraHaiUra="92" who="0" fromWho="0" sc="240,80,240,-20,250,-20,250,-20" /><INIT seed="0,1,0,1,1,93" ten="320,220,230,230" oya="0" hai0="55,6,30,99,83,68,89,26,53,1,134,65,5" hai1="112,85,71,84,115,18,117,27,79,109,123,131,34" hai2="23,49,57,48,86,111,46,69,8,107,132,133,70" hai3="91,61,122,38,87,66,2,92,36,113,124,108,11"/><T17/><D134/><N who="2" m="51818" /><F107/><W29/><G113/><N who="1" m="43594" /><E117/><V106/><F106/><W41/><G124/><T114/><D114/><U42/><E109/><V100/><F111/><W12/><G2/><T63/><D17/><U58/><E71/><N who="2" m="27147" /><F100/><W130/><G108/><T77/><D1/><U67/><E123/><V21/><F8/><W98/><G29/><T102/><D89/><U10/><E131/><V9/><F9/><W120/><G87/><N who="1" m="33354" /><E42/><N who="2" m="24663" /><F86/><W96/><G41/><T24/><D5/><U28/><E79/><V56/><F21/><W33/><G33/><T78/><D6/><U90/><E90/><V129/><F129/><W82/><G130/><T75/><D78/><U135/><E135/><V101/><F101/><W0/><G0/><T44/><D44/><U62/><E10/><V54/><F23/><W14/><G11/><T125/><D125/><U126/><E18/><V74/><F74/><W127/><G127/><AGARI ba="1,0" hai="27,28,34,58,62,67,126,127" m="33354,43594" machi="127" ten="30,1000,0" yaku="11,1" doraHai="93" who="1" fromWho="3" sc="320,0,220,13,230,0,230,-13" /><INIT seed="1,0,0,1,1,106" ten="320,233,230,217" oya="1" hai0="14,31,63,94,78,48,43,111,120,46,47,60,86" hai1="90,127,42,124,58,39,3,28,95,77,57,56,33" hai2="101,64,69,67,108,8,29,98,104,115,84,15,110" hai3="10,88,53,13,89,68,75,133,27,24,11,100,112"/><U52/><E3/><V16/><F115/><W128/><G68/><T119/><D111/><N who="2" m="42538" /><F69/><W76/><G112/><T5/><D119/><U55/><E77/><V1/><F29/><W105/><G100/><T49/><D31/><U44/><E28/><V40/><F40/><W131/><G105/><T51/><D120/><U65/><E33/><V62/><F62/><N who="0" m="23594" /><D47/><U70/><E65/><N who="2" m="25163" /><F84/><W135/><G53/><T83/><D94/><U113/><E113/><V0/><AGARI ba="0,0" hai="0,1,8,15,16,98,101,104" m="25163,42538" machi="0" ten="30,2000,0" yaku="14,1,54,1" doraHai="106" who="2" fromWho="2" sc="320,-5,233,-10,230,20,217,-5" /><INIT seed="2,0,0,0,1,42" ten="315,223,250,212" oya="2" hai0="113,126,51,61,132,122,65,74,32,103,22,128,75" hai1="92,121,108,4,54,95,134,3,71,84,120,87,63" hai2="115,33,60,110,89,19,90,6,130,109,26,17,118" hai3="20,59,25,47,27,0,96,127,86,135,80,94,57"/><V114/><F60/><W15/><G0/><T39/><D122/><N who="1" m="47211" /><E108/><N who="2" m="41579" /><F118/><W119/><G119/><T28/><D39/><U52/><E134/><V129/><F6/><W16/><G135/><T11/><D113/><N who="2" m="43018" /><F33/><W50/><G127/><T100/><D126/><U116/><E116/><V24/><F90/><N who="3" m="55383" /><G57/><T8/><D32/><U36/><E36/><V41/><F41/><N who="3" m="24943" /><G59/><T125/><D125/><U131/><E131/><N who="2" m="50187" /><F89/><AGARI ba="0,0" hai="15,16,20,25,27,80,86,89" m="24943,55383" machi="89" ten="30,3900,0" yaku="8,1,52,1,54,1" doraHai="42" who="3" fromWho="2" sc="315,0,223,0,250,-39,212,39" /><INIT seed="3,0,0,1,2,6" ten="315,223,211,251" oya="3" hai0="27,11,32,72,103,132,88,85,43,126,106,96,100" hai1="108,3,70,123,69,28,101,63,52,128,49,9,13" hai2="56,66,21,127,17,65,99,34,50,61,75,7,44" hai3="14,67,47,83,54,122,38,10,121,116,62,16,30"/><W125/><G116/><T107/><D72/><U73/><E123/><V74/><F127/><W60/><G125/><T35/><D132/><U117/><E3/><V120/><F120/><W135/><G135/><T2/><D43/><U111/><E117/><V84/><F34/><W81/><G121/><T109/><D109/><N who="1" m="42059" /><E73/><V26/><F66/><W97/><G122/><T119/><BYE who="1" /><D119/><U51/><E51/><V36/><F36/><W89/><G30/><UN n1="%62%6F%6E%6F%73%2E%2E" /><T68/><D68/><U42/><E128/><V64/><F65/><W71/><G38/><T20/><D103/><U58/><E28/><V118/><F118/><W80/><G67/><T24/><D107/><U53/><E101/><V48/><F7/><W87/><G97/><T115/><D115/><U45/><E42/><V77/><F50/><N who="3" m="29023" /><G71/><T0/><D35/><U33/><E33/><V131/><F131/><W15/><G14/><T46/><D0/><U25/><E25/><V92/><F84/><W5/><G5/><AGARI ba="0,0" hai="5,9,13,45,49,52,53,58,63,69,70" m="42059" machi="5" ten="30,3900,0" yaku="14,1,52,1,54,1" doraHai="6" who="1" fromWho="3" sc="315,0,223,39,211,0,251,-39" owari="315,41.5,262,6.2,211,-28.9,212,-18.8" /></mjloggm>