<mjloggm ver="2.3"><GO type="225" lobby="0"/><UN n0="%47%32%E9%BE%8D%E9%96%80" n1="%E9%80%9F%E6%B0%B4%E5%87%9B%E9%A6%99" n2="%73%61%6B%6F%EF%BC%A0%E6%9C%80" n3="%E5%B8%86%E7%AB%8B%E5%A4%8F%E8%A1%A3" dan="16,16,16,17" rate="2089.52,2161.20,2106.10,2164.78" sx="M,F,M,M"/><TAIKYOKU oya="0"/><INIT seed="0,0,0,3,3,8" ten="250,250,250,250" oya="0" hai0="106,30,130,70,83,66,59,44,41,110,64,114,9" hai1="19,65,50,39,52,129,54,115,99,88,94,118,80" hai2="125,56,10,89,17,111,61,107,36,104,18,67,81" hai3="13,38,135,35,100,105,119,2,87,101,27,82,76"/><T23/><D114/><U22/><E39/><V102/><F111/><W14/><G119/><T96/><D70/><U62/><E118/><V42/><F125/><W134/><G38/><T51/><D130/><U74/><E129/><V84/><F102/><N who="3" m="39531" /><G105/><T69/><D106/><U24/><E115/><V98/><F98/><W47/><G2/><T133/><D133/><N who="3" m="50697" /><G47/><T58/><D110/><U3/><E3/><V32/><F32/><W92/><G92/><T131/><D131/><U86/><E74/><V103/><F103/><W43/><G43/><T7/><D96/><U46/><E65/><N who="0" m="25193" /><D83/><U5/><E5/><V97/><F97/><W26/><G26/><N who="0" m="16735" /><D69/><U85/><E80/><V34/><F104/><W117/><G117/><T123/><D123/><U120/><E120/><V49/><F107/><W63/><G63/><T20/><D20/><U12/><E24/><V33/><F36/><W11/><G11/><T55/><D41/><U93/><E93/><V25/><F34/><W37/><G37/><T95/><D95/><U6/><E6/><V79/><F33/><W128/><G128/><T72/><D72/><U45/><E62/><V90/><F25/><W57/><G57/><T73/><D73/><U21/><E21/><V112/><F112/><W15/><G27/><T116/><D116/><U122/><E122/><V31/><F31/><W16/><G35/><T108/><D108/><U75/><E75/><V109/><F109/><W78/><G16/><N who="2" m="6249" /><F10/><W40/><G40/><T4/><D9/><U68/><E68/><V53/><F42/><W0/><G0/><T28/><D28/><RYUUKYOKU ba="0,0" sc="250,0,250,0,250,0,250,0" hai0="4,7,44,51,55,58,59" hai1="12,19,22,45,46,50,52,54,85,86,88,94,99" hai2="49,53,56,61,67,79,81,84,89,90" hai3="13,14,15,76,78,82,87" /><INIT seed="0,1,0,5,4,94" ten="250,250,250,250" oya="0" hai0="58,13,110,111,31,6,114,14,20,135,66,81,78" hai1="96,117,64,102,18,30,122,50,56,118,52,10,120" hai2="123,76,55,60,104,72,132,92,125,100,112,69,3" hai3="82,17,90,116,28,99,36,75,79,91,0,61,87"/><T35/><D114/><U2/><E30/><V8/><F92/><W71/><G116/><T80/><D35/><U74/><E74/><V88/><F88/><N who="3" m="33835" /><G75/><T29/><D135/><U37/><E37/><V130/><F55/><W107/><G36/><T84/><D81/><U108/><E108/><N who="0" m="41513" /><D6/><U59/><E118/><V73/><F60/><W65/><G0/><T127/><D127/><U4/><E18/><V44/><F44/><W34/><G17/><N who="0" m="10287" /><D14/><U68/><E68/><V7/><F125/><W121/><G121/><T63/><AGARI ba="1,0" hai="29,31,58,63,66,78,80,84" m="10287,41513" machi="63" ten="30,3000,0" yaku="14,1,10,1" doraHai="94" who="0" fromWho="0" sc="250,33,250,-11,250,-11,250,-11" /><INIT seed="0,2,0,2,2,38" ten="283,239,239,239" oya="0" hai0="117,66,9,11,103,121,84,101,51,127,48,74,72" hai1="46,126,130,44,77,100,26,94,65,58,81,33,34" hai2="63,113,19,73,105,96,23,10,90,97,62,75,92" hai3="27,47,135,68,15,102,36,17,115,71,28,99,86"/><T134/><D117/><U64/><E130/><V93/><F113/><W67/><G115/><T79/><D121/><U53/><E126/><V122/><F105/><W24/><G135/><T123/><D123/><U107/><E107/><V40/><F122/><W61/><G71/><T16/><D134/><U30/><E34/><V118/><F118/><W29/><G86/><T6/><D66/><U35/><E35/><V98/><F10/><W39/><G27/><T45/><D127/><U88/><E100/><V14/><F40/><W108/><G108/><T31/><D31/><U131/><E131/><V57/><F96/><W69/><G69/><T78/><D84/><U12/><E64/><V104/><F104/><W114/><G114/><T55/><D45/><U109/><E65/><V52/><REACH who="2" step="1"/><F62/><REACH who="2" ten="283,239,229,239" step="2"/><W76/><G99/><T125/><D125/><U133/><E109/><V128/><F128/><W32/><G61/><T43/><D43/><U42/><E42/><V119/><F119/><W106/><G106/><T120/><D120/><U124/><E124/><V37/><F37/><W110/><G39/><T18/><REACH who="0" step="1"/><D55/><REACH who="0" ten="273,239,229,239" step="2"/><U4/><E133/><V50/><F50/><W80/><G36/><T13/><D13/><U3/><E12/><V7/><F7/><AGARI ba="2,2" hai="6,7,9,11,16,18,48,51,72,74,78,79,101,103" machi="7" ten="25,9600,0" yaku="1,1,22,2,54,1,53,0" doraHai="38" doraHaiUra="91" who="0" fromWho="2" sc="273,122,239,0,229,-102,239,0" /><INIT seed="0,3,0,0,3,13" ten="395,239,127,239" oya="0" hai0="88,93,92,23,40,16,99,18,60,105,116,29,21" hai1="67,84,52,61,22,70,71,41,3,49,14,66,26" hai2="11,10,127,48,34,15,114,100,25,58,124,51,79" hai3="80,28,109,37,74,112,0,104,89,132,64,97,63"/><T120/><D116/><U27/><E3/><V38/><F38/><W39/><G112/><T78/><D120/><U56/><E41/><V47/><F114/><W42/><G109/><T86/><D105/><U82/><E14/><V107/><F79/><W8/><G132/><T85/><D40/><U20/><E20/><N who="0" m="7753" /><D29/><U131/><E131/><V135/><F135/><W130/><G89/><N who="0" m="53303" /><D60/><U134/><E134/><V36/><F36/><W95/><G95/><N who="0" m="54671" /><D78/><U87/><E27/><V123/><F123/><W53/><G28/><T91/><AGARI ba="3,0" hai="16,18,91,93,99" m="54671,53303,7753" machi="91" ten="30,12000,1" yaku="8,1,52,2,54,2" doraHai="13" who="0" fromWho="0" sc="395,129,239,-43,127,-43,239,-43" /><INIT seed="0,4,0,4,3,135" ten="524,196,84,196" oya="0" hai0="33,69,86,110,101,61,126,62,40,11,77,4,130" hai1="63,103,88,9,91,26,133,92,114,58,64,13,15" hai2="43,34,122,128,71,36,109,94,80,37,90,17,68" hai3="132,121,79,0,24,59,98,81,85,129,116,1,35"/><T6/><D33/><U21/><E133/><V46/><F122/><W8/><G116/><T67/><D130/><U3/><E3/><V73/><F109/><W74/><G132/><T30/><D30/><U31/><E114/><V45/><F128/><W100/><G129/><T51/><D101/><U124/><E124/><V125/><F34/><W102/><G102/><T76/><D126/><U16/><REACH who="1" step="1"/><E15/><REACH who="1" ten="524,186,84,196" step="2"/><V49/><F125/><W39/><G0/><T107/><D110/><U105/><E105/><V93/><F68/><W65/><G1/><T83/><D107/><U66/><E66/><V95/><F71/><W28/><G65/><T127/><D67/><U32/><E32/><V52/><F37/><W72/><G39/><T104/><D69/><U119/><E119/><V111/><F111/><W42/><G35/><T5/><D104/><U112/><E112/><V82/><F73/><W41/><G74/><T14/><D14/><U87/><E87/><V53/><F36/><W47/><G85/><T2/><D86/><U27/><E27/><V10/><F90/><W12/><G24/><T54/><D2/><U38/><E38/><V117/><F117/><W134/><G134/><T120/><D127/><U20/><E20/><V75/><F75/><W118/><G118/><T123/><D120/><U89/><E89/><V113/><F113/><W55/><G12/><T18/><D123/><U7/><E7/><V78/><F10/><W23/><G8/><T84/><D6/><U60/><E60/><V44/><F78/><N who="0" m="30314" /><D11/><U131/><E131/><V99/><F49/><N who="3" m="31215" /><G121/><T25/><D4/><RYUUKYOKU ba="4,1" sc="524,-10,186,30,84,-10,196,-10" hai1="9,13,16,21,26,31,58,63,64,88,91,92,103" /><INIT seed="1,5,1,5,0,98" ten="514,216,74,186" oya="1" hai0="74,94,53,110,132,59,11,106,58,29,45,83,126" hai1="51,84,134,41,129,38,120,67,71,7,39,122,93" hai2="25,24,90,22,12,82,33,116,114,34,23,99,43" hai3="55,64,6,2,96,128,121,44,57,4,123,103,118"/><U76/><E7/><V97/><F43/><W91/><G128/><T130/><D106/><U37/><E76/><V35/><F116/><W72/><G72/><T100/><D110/><U119/><E84/><V9/><F114/><W50/><G118/><T81/><D132/><U77/><E77/><V102/><F82/><W31/><G91/><T113/><D113/><U80/><E80/><V73/><F73/><W15/><G2/><T42/><D126/><U20/><E93/><V112/><F112/><W89/><G89/><T66/><D29/><U86/><E86/><V26/><F90/><W46/><G31/><T75/><D130/><U10/><E20/><V36/><F36/><W5/><G64/><T105/><D105/><U16/><E16/><V48/><F48/><W28/><G28/><T107/><D107/><U131/><E10/><V62/><F62/><W0/><G0/><T63/><D11/><U104/><E104/><V17/><F99/><W65/><G15/><T60/><D75/><U117/><E134/><V111/><F97/><W70/><G96/><N who="0" m="59415" /><D74/><U13/><E13/><V49/><F49/><AGARI ba="5,1" hai="42,45,49,53,58,59,60,63,66,81,83" m="59415" machi="49" ten="30,2000,0" yaku="8,1,52,1" doraHai="98" who="0" fromWho="2" sc="514,45,216,0,74,-35,186,0" /><INIT seed="2,0,0,1,0,19" ten="559,216,39,186" oya="2" hai0="72,109,9,21,118,101,49,120,6,1,129,58,61" hai1="124,14,83,41,63,93,13,106,94,130,56,20,77" hai2="132,105,107,66,0,29,123,24,5,42,34,11,43" hai3="91,115,39,131,112,104,102,10,126,31,127,65,85"/><V125/><F123/><W70/><G39/><T60/><D120/><U110/><E106/><V44/><F132/><W32/><G10/><T95/><D72/><U45/><E110/><V90/><F125/><N who="3" m="47627" /><G31/><T87/><D109/><U37/><E130/><V38/><F90/><W53/><G53/><T59/><D118/><U111/><E111/><V96/><F43/><W89/><G32/><T73/><D73/><U116/><E116/><V81/><F96/><N who="3" m="61511" /><G131/><T134/><D49/><U27/><E124/><V67/><F67/><W64/><G64/><T82/><D60/><U28/><E94/><V55/><F55/><W69/><G65/><T3/><D61/><U22/><E93/><V16/><F66/><W4/><G4/><T114/><D95/><U7/><E7/><V86/><F86/><W36/><G36/><T23/><D6/><U35/><E56/><V99/><F99/><W51/><G51/><T119/><D1/><U74/><REACH who="1" step="1"/><E63/><REACH who="1" ten="559,206,39,186" step="2"/><V100/><F100/><W117/><G117/><T113/><D119/><U75/><E75/><V2/><F2/><W30/><G91/><T88/><D3/><U52/><E52/><V18/><F18/><W97/><G97/><T78/><D59/><U15/><AGARI ba="0,1" hai="13,14,15,20,22,27,28,35,37,41,45,74,77,83" machi="15" ten="30,7900,0" yaku="1,1,0,1,52,2,53,0" doraHai="19" doraHaiUra="12" who="1" fromWho="1" sc="559,-20,206,89,39,-39,186,-20" /><INIT seed="3,0,0,3,2,132" ten="539,295,0,166" oya="3" hai0="13,128,40,50,4,70,75,108,86,125,91,130,5" hai1="98,62,93,37,94,66,90,85,131,53,30,47,124" hai2="21,107,95,25,134,118,32,114,27,71,59,39,73" hai3="121,6,51,46,19,60,103,122,56,101,28,36,22"/><W9/><G36/><T76/><D70/><U129/><E131/><V67/><F95/><W82/><G122/><T61/><D108/><U35/><E129/><V79/><F59/><W92/><G121/><T24/><D61/><U42/><E124/><V33/><F67/><W31/><G82/><T48/><D125/><U29/><E53/><V11/><F79/><W8/><G31/><T55/><D24/><U26/><E29/><V109/><F21/><W74/><G74/><T102/><D13/><U64/><E62/><V110/><F11/><W111/><G111/><T123/><D91/><AGARI ba="0,0" hai="26,30,35,37,42,47,64,66,85,90,91,93,94,98" machi="91" ten="30,1000,0" yaku="7,1" doraHai="132" who="1" fromWho="0" sc="539,-10,295,10,0,0,166,0" owari="529,62.9,305,10.5,0,-50.0,166,-23.4" /></mjloggm>