<mjloggm ver="2.3"><GO type="225" lobby="0"/><UN n0="%43%68%65" n1="%E6%B4%BE%E9%81%A3%E3%81%AE%E3%82%B8%E3%83%A3%E3%83%83%E3%82%AF" n2="%E3%81%AF%E3%82%88%E3%81%8A%E3%81%98%E3%81%95%E3%82%93" n3="%E3%81%86%E3%83%BC%E3%81%B1%E3%83%BC" dan="16,17,17,17" rate="2152.89,2215.52,2193.97,2178.26" sx="M,M,M,F"/><TAIKYOKU oya="0"/><INIT seed="0,0,0,0,0,38" ten="250,250,250,250" oya="0" hai0="5,45,116,34,65,119,86,4,127,41,59,29,66" hai1="109,98,57,73,97,6,51,124,95,131,36,46,102" hai2="44,121,77,78,91,26,48,12,69,54,23,110,0" hai3="30,88,7,3,79,96,128,24,64,92,25,37,132"/><T85/><D127/><U71/><E71/><V19/><F0/><W35/><G132/><T93/><D34/><U126/><E73/><V32/><F121/><W83/><G128/><T101/><D29/><U82/><E131/><V8/><F69/><W106/><G64/><T111/><D111/><U9/><E109/><V120/><F120/><W28/><G37/><T76/><D119/><U68/><E68/><V84/><F32/><W104/><G7/><N who="0" m="2635" /><D116/><U112/><E112/><V1/><F1/><W103/><G3/><T67/><D59/><U61/><E97/><V89/><F110/><W39/><G39/><T18/><D18/><U100/><E82/><V21/><F21/><W40/><G40/><T42/><D45/><U13/><E36/><V15/><F15/><W20/><REACH who="3" step="1"/><G103/><REACH who="3" ten="250,250,250,240" step="2"/><T80/><D101/><N who="1" m="60639" /><E124/><V117/><F117/><W53/><G53/><T62/><D62/><U99/><E126/><V125/><F125/><W115/><G115/><T10/><D10/><U123/><E123/><V47/><F47/><W58/><G58/><T50/><D50/><U43/><E57/><V105/><F44/><W56/><G56/><T134/><D134/><U94/><E61/><V118/><F48/><W49/><G49/><T17/><D17/><U135/><E135/><V60/><F19/><W52/><G52/><T114/><D114/><U2/><E2/><V16/><F54/><W75/><AGARI ba="0,1" hai="20,24,25,28,30,35,75,79,83,88,92,96,104,106" machi="75" ten="20,8000,1" yaku="1,1,0,1,7,1,54,1,53,1" doraHai="38" doraHaiUra="90" who="3" fromWho="3" sc="250,-40,250,-20,250,-20,240,90" /><INIT seed="1,0,0,0,1,3" ten="210,230,230,330" oya="1" hai0="9,134,124,94,93,135,17,91,49,88,61,126,4" hai1="115,42,66,56,28,10,64,103,128,8,85,54,72" hai2="111,24,22,92,130,68,100,50,60,83,117,12,32" hai3="133,53,116,18,110,118,26,109,19,7,71,15,63"/><U97/><E72/><V38/><F38/><W104/><G104/><T112/><D112/><U84/><E115/><V30/><F117/><N who="3" m="45163" /><G133/><N who="0" m="50699" /><D17/><N who="3" m="6153" /><G26/><T58/><D49/><U87/><E42/><V122/><F50/><W35/><G35/><T90/><D58/><U39/><E39/><V131/><F83/><W21/><G21/><T67/><D67/><N who="1" m="25643" /><E128/><V79/><F60/><W62/><G71/><T14/><D61/><N who="3" m="23049" /><G53/><T121/><D121/><U55/><E28/><V11/><F68/><W102/><G102/><T33/><D33/><U125/><E125/><AGARI ba="0,0" hai="4,9,14,88,90,91,93,94,124,125,126" m="50699" machi="125" ten="40,8000,1" yaku="18,1,20,1,52,1,54,1" doraHai="3" who="0" fromWho="1" sc="210,80,230,-80,230,0,330,0" /><INIT seed="2,0,0,4,3,134" ten="290,150,230,330" oya="2" hai0="25,37,111,94,124,6,47,15,69,120,55,126,97" hai1="98,103,0,48,101,73,131,115,32,20,57,43,35" hai2="19,93,14,99,109,129,9,123,133,81,130,7,42" hai3="24,113,128,74,135,114,28,64,30,127,85,16,86"/><V107/><F123/><W116/><G116/><T18/><D120/><U88/><E73/><V61/><F133/><W31/><G135/><T8/><D69/><U75/><E75/><V38/><F107/><W121/><G121/><T117/><D117/><U56/><E0/><V26/><F109/><W79/><G128/><N who="2" m="49257" /><F81/><N who="3" m="45303" /><G64/><T91/><D111/><U100/><E131/><V82/><F82/><W10/><G127/><N who="0" m="48683" /><D25/><U54/><E115/><N who="3" m="44042" /><G10/><T71/><D71/><U112/><E112/><V70/><F26/><W36/><G36/><T17/><D55/><U46/><E20/><AGARI ba="0,0" hai="16,20,24,28,30,31,85,86" m="44042,45303" machi="20" ten="30,2000,0" yaku="11,1,54,1" doraHai="134" who="3" fromWho="1" sc="290,0,150,-20,230,0,330,20" /><INIT seed="3,0,0,3,2,95" ten="290,130,230,350" oya="3" hai0="131,48,68,119,4,23,78,14,55,126,102,121,110" hai1="77,16,128,39,40,32,107,103,93,43,87,130,105" hai2="90,5,36,117,57,99,88,34,11,45,123,21,52" hai3="112,81,54,79,97,83,46,53,116,125,64,104,15"/><W6/><G112/><T92/><D119/><U72/><E32/><V10/><F117/><W134/><G116/><T22/><D121/><U59/><E59/><V98/><F34/><W94/><G104/><T29/><D68/><U12/><E39/><V30/><F36/><W18/><G6/><T100/><D110/><U3/><E3/><V31/><F45/><W109/><G109/><T24/><D126/><U124/><E124/><V44/><F44/><W9/><G134/><T20/><D131/><U7/><E7/><V25/><F123/><W38/><G64/><T76/><D102/><U37/><E37/><V58/><F30/><W82/><G125/><T108/><D108/><U133/><E133/><V63/><F58/><W115/><G115/><T0/><D0/><U73/><E73/><V91/><REACH who="2" step="1"/><F11/><REACH who="2" ten="290,130,220,350" step="2"/><W135/><G135/><T2/><D2/><AGARI ba="0,1" hai="2,5,10,21,25,31,52,57,63,88,90,91,98,99" machi="2" ten="40,12000,2" yaku="1,1,2,1,52,2,54,2,53,1" doraHai="95" doraHaiUra="1" who="2" fromWho="0" sc="290,-120,130,0,220,130,350,0" owari="170,-23.0,130,-37.0,350,45.0,350,15.0" /></mjloggm>