<mjloggm ver="2.3"><GO type="225" lobby="0"/><UN n0="%72%69%6F%75%63%68%61%6E" n1="%E3%81%BF%E3%81%BF%E3%81%9A" n2="%4C%4F%4C%49%54%41" n3="%63%68%78%62%64" dan="16,18,16,16" rate="2166.62,2235.11,2205.36,2129.60" sx="M,M,F,M"/><TAIKYOKU oya="0"/><INIT seed="0,0,0,0,3,0" ten="250,250,250,250" oya="0" hai0="125,70,60,134,123,82,1,26,8,52,87,67,25" hai1="68,27,45,118,78,116,21,107,119,34,13,114,109" hai2="131,17,64,56,110,132,91,103,42,102,76,58,18" hai3="9,75,39,88,127,69,61,46,48,129,43,41,120"/><T28/><D123/><U130/><E68/><V98/><F110/><W65/><G75/><T99/><D125/><U89/><E130/><V105/><F131/><W72/><G72/><T84/><D134/><U20/><E109/><V55/><F132/><W36/><G129/><T11/><D99/><U12/><E114/><V117/><F42/><W133/><G133/><T3/><D25/><U104/><E78/><V4/><F76/><W19/><G127/><T32/><D84/><U121/><E121/><V106/><F91/><W30/><G30/><T59/><D1/><U7/><E34/><V15/><F117/><W112/><G112/><T33/><D32/><U73/><E73/><V62/><F105/><W53/><G88/><T71/><D3/><U49/><E89/><V5/><F103/><W6/><G19/><T40/><D40/><U63/><E63/><V47/><F47/><W92/><G92/><T79/><REACH who="0" step="1"/><D70/><REACH who="0" ten="240,250,250,250" step="2"/><U16/><E27/><V83/><F83/><W50/><G120/><T85/><D85/><U57/><E118/><V108/><F108/><W94/><G43/><T10/><D10/><N who="1" m="4191" /><E119/><V111/><F111/><W113/><G113/><T93/><D93/><U97/><E116/><V101/><F102/><W37/><G94/><T35/><D35/><U100/><E107/><V115/><F115/><W96/><G96/><T126/><D126/><U38/><E21/><V23/><REACH who="2" step="1"/><F18/><REACH who="2" ten="240,250,240,250" step="2"/><W95/><G41/><T122/><D122/><U31/><E104/><V74/><F74/><W135/><G135/><T81/><D81/><U66/><E100/><V29/><F29/><RYUUKYOKU ba="0,2" sc="240,15,250,-15,240,15,250,-15" hai0="8,11,26,28,33,52,59,60,67,71,79,82,87" hai2="4,5,15,17,23,55,56,58,62,64,98,101,106" /><INIT seed="0,1,2,5,2,64" ten="255,235,255,235" oya="0" hai0="108,77,107,88,91,28,32,5,30,26,84,117,99" hai1="69,79,131,27,116,130,51,82,122,60,70,33,124" hai2="135,100,111,8,66,96,11,58,37,104,95,23,44" hai3="62,93,4,10,6,34,72,57,87,0,40,55,85"/><T42/><D117/><U7/><E116/><V56/><F111/><W39/><G72/><T73/><D108/><U113/><E122/><V125/><F135/><W61/><G34/><T15/><D73/><N who="1" m="43375" /><E60/><V119/><F119/><W89/><G6/><T75/><D75/><U112/><E51/><V102/><F125/><W63/><REACH who="3" step="1"/><G87/><REACH who="3" ten="255,235,255,225" step="2"/><T98/><D5/><U21/><E124/><V132/><F132/><W114/><G114/><N who="1" m="44138" /><E7/><V68/><F104/><W106/><G106/><T54/><D107/><U38/><E33/><V9/><F8/><W47/><AGARI ba="1,3" hai="0,4,10,39,40,47,55,57,61,62,63,85,89,93" machi="47" ten="30,2000,0" yaku="1,1,0,1,53,0" doraHai="64" doraHaiUra="19" who="3" fromWho="3" sc="255,-11,235,-6,255,-6,225,53" /><INIT seed="1,0,0,4,5,93" ten="244,229,249,278" oya="1" hai0="37,73,80,84,32,126,31,107,104,16,13,94,82" hai1="117,40,83,33,78,26,87,111,123,116,30,67,52" hai2="99,35,47,69,3,129,75,44,130,103,63,8,77" hai3="72,110,58,11,108,124,96,29,18,20,50,4,97"/><U133/><E123/><V71/><F35/><W66/><G72/><T86/><D37/><U88/><E133/><V43/><F77/><W57/><G124/><T25/><D126/><U79/><E111/><N who="3" m="42538" /><G29/><T41/><D41/><U65/><E40/><V1/><F75/><W101/><G101/><T51/><D73/><U38/><E38/><N who="2" m="21623" /><F47/><W68/><G68/><N who="2" m="26185" /><F63/><N who="3" m="38255" /><G50/><T70/><D70/><U89/><E78/><V2/><F8/><W105/><G105/><AGARI ba="0,0" hai="1,2,3,99,103,105,129,130" m="26185,21623" machi="105" ten="40,2600,0" yaku="23,1,52,1" doraHai="93" who="2" fromWho="3" sc="244,0,229,0,249,26,278,-26" /><INIT seed="2,0,0,1,0,7" ten="244,229,275,252" oya="2" hai0="80,42,18,15,61,125,56,106,36,130,117,17,122" hai1="96,3,112,43,50,73,5,124,133,88,86,109,76" hai2="110,97,60,52,25,27,111,95,113,78,40,8,30" hai3="83,81,114,53,135,107,41,64,58,89,123,98,108"/><V69/><F113/><W20/><G123/><T79/><D122/><U31/><E112/><V11/><F40/><W84/><G114/><T70/><D125/><U0/><E124/><V132/><F78/><W26/><G108/><N who="2" m="41513" /><F132/><W77/><G135/><T105/><D130/><U72/><E109/><V104/><F104/><W82/><G64/><T39/><D70/><U37/><E133/><V21/><F27/><W1/><G1/><T54/><D117/><U87/><E31/><V131/><F131/><W16/><G41/><T62/><D62/><U85/><E37/><V6/><F6/><W134/><G134/><T14/><D36/><U57/><E5/><V32/><F32/><W55/><G55/><T13/><D42/><U94/><E76/><V47/><F47/><W9/><G9/><T12/><D39/><U22/><E22/><V23/><F21/><W67/><G67/><T126/><D126/><U90/><E90/><N who="2" m="55543" /><F69/><W29/><G29/><T75/><REACH who="0" step="1"/><D17/><REACH who="0" ten="234,229,275,252" step="2"/><U101/><E43/><V38/><F38/><W127/><G127/><T92/><D92/><U118/><E118/><V10/><F60/><W33/><G107/><T4/><D4/><U45/><E101/><V116/><F116/><W120/><G120/><T49/><D49/><U65/><E45/><V121/><F121/><W46/><G46/><T103/><D103/><U91/><E91/><V44/><F44/><W93/><G33/><T102/><D102/><U129/><E129/><V74/><F52/><W66/><G66/><T2/><D2/><N who="1" m="555" /><E65/><V59/><F59/><W34/><G34/><T68/><D68/><RYUUKYOKU ba="0,1" sc="234,0,229,0,275,0,252,0" hai0="12,13,14,15,18,54,56,61,75,79,80,105,106" hai1="50,57,72,73,85,86,87,88,94,96" hai2="8,10,11,23,25,30,74" hai3="16,20,26,53,58,77,81,82,83,84,89,93,98" /><INIT seed="2,1,1,3,4,122" ten="234,229,275,252" oya="2" hai0="50,11,21,9,133,52,41,58,15,68,17,135,94" hai1="112,71,7,20,63,111,67,53,128,35,124,121,115" hai2="31,44,33,26,55,73,126,16,91,130,42,89,66" hai3="2,80,98,13,48,88,76,34,84,65,69,74,104"/><V5/><F73/><W49/><G2/><T62/><D94/><U109/><E121/><V39/><F126/><W24/><G13/><T0/><D0/><U95/><E35/><V92/><F130/><W12/><G12/><T134/><REACH who="0" step="1"/><D41/><REACH who="0" ten="224,229,275,252" step="2"/><U19/><E128/><V27/><F92/><W38/><G104/><T101/><D101/><U123/><E123/><V3/><F42/><W106/><G106/><T129/><D129/><U99/><E124/><V97/><F3/><W96/><G96/><T60/><D60/><U45/><E115/><V105/><F97/><W61/><G98/><T85/><D85/><U113/><E112/><V114/><F105/><W30/><G38/><T32/><D32/><U131/><E113/><V117/><F33/><W107/><G107/><T40/><D40/><U82/><E131/><V100/><F39/><W110/><G110/><N who="1" m="41994" /><E82/><AGARI ba="1,2" hai="24,30,34,48,49,61,65,69,74,76,80,82,84,88" machi="82" ten="30,2000,0" yaku="7,1,54,1" doraHai="122" who="3" fromWho="1" sc="224,0,229,-23,275,0,252,43" /><INIT seed="3,0,0,5,2,132" ten="224,206,275,295" oya="3" hai0="72,20,2,71,65,89,85,59,51,120,36,11,52" hai1="84,60,42,128,104,99,97,131,91,93,90,67,80" hai2="34,62,113,26,106,116,40,4,107,64,77,50,15" hai3="56,10,119,18,126,95,83,5,70,49,13,6,1"/><W24/><G70/><T17/><D120/><U123/><E42/><V108/><F113/><W16/><G119/><T115/><D72/><U100/><REACH who="1" step="1"/><E123/><REACH who="1" ten="224,196,275,295" step="2"/><V135/><F40/><W102/><G126/><T57/><D115/><U101/><E101/><V88/><F116/><W32/><G102/><T69/><D36/><U98/><E98/><V25/><F135/><W75/><G75/><T122/><D122/><U112/><E112/><V109/><F108/><W96/><G96/><T54/><D65/><U58/><AGARI ba="0,1" hai="58,60,67,80,84,90,91,93,97,99,100,104,128,131" machi="58" ten="30,2000,0" yaku="1,1,0,1,53,0" doraHai="132" doraHaiUra="48" who="1" fromWho="1" sc="224,-5,196,30,275,-5,295,-10" /><INIT seed="4,0,0,4,2,88" ten="219,226,270,285" oya="0" hai0="72,78,73,15,13,102,82,125,42,104,109,77,6" hai1="60,99,120,40,95,76,33,70,85,11,47,43,18" hai2="31,26,44,37,84,19,32,130,87,53,116,123,127" hai3="131,65,45,1,0,21,75,114,121,103,126,41,63"/><T80/><D125/><U57/><E33/><V27/><F123/><W66/><G131/><T74/><D109/><U69/><E120/><V71/><F71/><W4/><G126/><T94/><D42/><U3/><E70/><V133/><F127/><W36/><G121/><T62/><D62/><U111/><E69/><V117/><F133/><W24/><G114/><T54/><D54/><U25/><E3/><V115/><F130/><W64/><G63/><T55/><D55/><N who="1" m="33855" /><E47/><V113/><F19/><W12/><G103/><T129/><D129/><U119/><E119/><N who="2" m="45643" /><F27/><W39/><G75/><N who="0" m="43071" /><D6/><U50/><E50/><N who="2" m="28871" /><F37/><W20/><G36/><T23/><D23/><N who="1" m="13559" /><E11/><V90/><F113/><W28/><G4/><T112/><D112/><U67/><E67/><V56/><F115/><W91/><G20/><T59/><D59/><U68/><E68/><V108/><F108/><W86/><G12/><T96/><D13/><U17/><E17/><V83/><F56/><W10/><G10/><T92/><D15/><U93/><E111/><V79/><F32/><W7/><G7/><T110/><D110/><U97/><E85/><AGARI ba="0,0" hai="72,73,74,78,82,85,92,94,96,102,104" m="43071" machi="85" ten="30,18000,2" yaku="35,5,52,2" doraHai="88" who="0" fromWho="1" sc="219,180,226,-180,270,0,285,0" owari="399,49.9,46,-45.4,270,-13.0,285,8.5" /></mjloggm>