<mjloggm ver="2.3"><GO type="225" lobby="0"/><UN n0="%E5%B8%86%E7%AB%8B%E5%A4%8F%E8%A1%A3" n1="%E3%81%8C%E3%81%9F" n2="%E3%81%95%E3%81%8D%E3%81%9F%E3%81%BE%E6%9E%97%E6%AA%8E" n3="%E3%81%82%E3%81%84%E3%81%82%E3%81%8A%E3%81%84" dan="17,16,16,18" rate="2172.98,2056.91,2166.57,2206.29" sx="M,F,M,M"/><TAIKYOKU oya="0"/><INIT seed="0,0,0,3,3,35" ten="250,250,250,250" oya="0" hai0="77,54,127,86,45,10,15,34,60,107,132,19,111" hai1="112,41,130,21,7,20,52,5,29,61,28,71,102" hai2="70,37,6,97,43,92,106,68,65,74,73,62,0" hai3="128,84,126,125,33,115,80,26,13,76,78,122,121"/><T129/><D127/><N who="3" m="48649" /><G13/><T47/><D132/><U23/><E130/><V22/><F22/><W72/><G26/><T82/><D129/><U105/><E112/><V59/><F59/><W90/><G33/><T118/><D118/><U57/><E71/><V134/><F134/><W51/><G51/><T69/><D107/><U50/><E105/><V114/><F92/><N who="3" m="54343" /><G128/><T81/><D34/><U27/><E102/><N who="2" m="62799" /><F70/><W108/><G115/><T39/><D111/><U24/><REACH who="1" step="1"/><E21/><REACH who="1" ten="250,240,250,250" step="2"/><V95/><F114/><W103/><G103/><T119/><D69/><U75/><E75/><V56/><F74/><N who="3" m="43031" /><G108/><T4/><D119/><U113/><E113/><V38/><F68/><W120/><G72/><T64/><D39/><U88/><E88/><V96/><F73/><W98/><G78/><T117/><D117/><U135/><E135/><V67/><F38/><W94/><G98/><T91/><D77/><U133/><E133/><V40/><F37/><W99/><G99/><T123/><D64/><U100/><E100/><V30/><F96/><W55/><G121/><T87/><D123/><U25/><E25/><V124/><F67/><W79/><G122/><T58/><D87/><U53/><E53/><V16/><F65/><W110/><G110/><T9/><REACH who="0" step="1"/><D82/><REACH who="0" ten="240,240,250,250" step="2"/><U32/><E32/><V104/><F104/><W18/><G79/><T85/><D85/><U42/><E42/><V36/><F43/><W44/><G120/><T83/><D83/><U2/><E2/><AGARI ba="0,2" hai="2,4,9,10,15,19,45,47,54,58,60,81,86,91" machi="2" ten="30,5800,0" yaku="1,1,7,1,52,1,53,0" doraHai="35" doraHaiUra="116" who="0" fromWho="1" sc="240,78,240,-58,250,0,250,0" /><INIT seed="0,1,0,5,0,1" ten="318,182,250,250" oya="0" hai0="55,109,80,0,29,37,64,74,112,104,101,47,42" hai1="31,14,90,66,73,123,24,52,76,134,22,46,67" hai2="60,102,36,116,56,105,71,108,57,39,44,3,85" hai3="81,51,117,68,50,129,92,10,45,125,13,53,63"/><T27/><D112/><U135/><E123/><V78/><F108/><W59/><G117/><T58/><D109/><U4/><E90/><V93/><F116/><W120/><G125/><T8/><D104/><U49/><E76/><V54/><F105/><W91/><G129/><T124/><D124/><U26/><E73/><V130/><F130/><W16/><G120/><T18/><D101/><U9/><REACH who="1" step="1"/><E24/><REACH who="1" ten="318,172,250,250" step="2"/><V2/><F78/><W119/><G119/><T23/><D74/><U48/><E48/><V113/><F39/><W106/><G81/><T95/><D80/><U89/><E89/><V35/><F36/><W84/><G106/><T118/><D118/><U34/><E34/><V33/><F35/><W131/><G131/><T111/><D95/><U15/><E15/><V97/><F33/><W96/><G68/><T88/><D88/><U61/><E61/><V65/><F60/><W121/><G121/><T12/><D111/><U115/><E115/><V99/><F3/><W132/><G132/><AGARI ba="1,1" hai="4,9,14,22,26,31,46,49,52,66,67,132,134,135" machi="132" ten="40,8000,1" yaku="1,1,20,1,52,1,54,1,53,0" doraHai="1" doraHaiUra="38" who="1" fromWho="3" sc="318,0,172,93,250,0,250,-83" /><INIT seed="1,0,0,0,4,105" ten="318,265,250,167" oya="1" hai0="11,51,3,102,82,131,64,12,59,36,103,5,107" hai1="28,120,1,23,32,24,108,79,89,57,0,54,40" hai2="58,134,93,27,66,68,15,125,92,109,56,86,17" hai3="30,35,94,43,128,85,77,124,111,100,50,67,22"/><U70/><E120/><V123/><F109/><W33/><G111/><T95/><D131/><U9/><E108/><V45/><F134/><W2/><G2/><T34/><D107/><U99/><E70/><V26/><F125/><W16/><G124/><T115/><D115/><U20/><E40/><V90/><F68/><W47/><G128/><T46/><D34/><U6/><E1/><V65/><F45/><W73/><G30/><T78/><D3/><U7/><E7/><V83/><F123/><W110/><G110/><T116/><D116/><U8/><E8/><V13/><F83/><W48/><G67/><N who="2" m="25609" /><F93/><W71/><G71/><T63/><D36/><U55/><E79/><V61/><F15/><W80/><G50/><T42/><REACH who="0" step="1"/><D95/><REACH who="0" ten="308,265,250,167" step="2"/><U69/><E32/><V14/><F92/><W87/><G35/><T101/><D101/><U122/><E0/><V62/><F62/><W112/><G33/><T18/><D18/><U106/><E106/><V135/><F17/><W31/><G31/><T113/><D113/><U130/><E28/><V44/><F61/><W74/><G112/><T96/><D96/><U84/><E130/><V41/><F135/><W132/><G132/><T25/><D25/><U39/><E24/><V75/><F27/><W76/><G76/><T117/><D117/><U127/><E99/><V4/><F26/><W118/><G118/><T97/><D97/><U72/><E39/><V88/><F14/><W38/><G38/><T126/><D126/><U53/><E127/><V98/><F13/><N who="3" m="9487" /><G100/><T129/><D129/><U21/><E122/><V37/><F37/><RYUUKYOKU ba="0,1" sc="308,15,265,-15,250,-15,167,15" hai0="5,11,12,42,46,51,59,63,64,78,82,102,103" hai3="43,47,48,73,74,77,80,85,87,94" /><INIT seed="2,1,1,2,0,105" ten="323,250,235,182" oya="2" hai0="20,74,19,84,37,35,60,81,92,42,104,52,10" hai1="83,50,54,127,6,106,46,79,48,28,9,16,7" hai2="71,61,73,131,98,82,75,21,43,124,115,56,130" hai3="122,33,44,99,3,40,78,95,70,119,93,128,2"/><V22/><F115/><W41/><G119/><T113/><D104/><U111/><E106/><V121/><F124/><W47/><G122/><T133/><D35/><U110/><E127/><V24/><F121/><W4/><G70/><T30/><D133/><U0/><E28/><V8/><F71/><W51/><G33/><T108/><D108/><N who="1" m="41515" /><E50/><V112/><F112/><W57/><G128/><N who="2" m="49193" /><F43/><W125/><G125/><T86/><D42/><U103/><E103/><V59/><F82/><W31/><G31/><T114/><D81/><U77/><E6/><V117/><F8/><W66/><G78/><T76/><D10/><N who="1" m="2407" /><E83/><V62/><F98/><W23/><G23/><N who="2" m="8713" /><F24/><W45/><G4/><T129/><D114/><U120/><E120/><V15/><F15/><AGARI ba="1,1" hai="9,15,16,46,48,54,77,79" m="2407,41515" machi="15" ten="30,2000,0" yaku="14,1,54,1" doraHai="105" who="1" fromWho="2" sc="323,0,250,33,235,-23,182,0" /><INIT seed="3,0,0,3,0,135" ten="323,283,212,182" oya="3" hai0="108,76,104,21,62,127,93,0,49,121,39,65,132" hai1="111,52,131,54,86,79,100,33,82,15,44,56,67" hai2="53,17,6,1,38,64,9,81,4,84,63,10,42" hai3="47,92,16,71,116,96,89,34,57,106,37,99,73"/><W70/><G116/><T32/><D127/><U91/><E33/><V46/><F53/><W128/><G73/><T20/><D104/><U36/><E111/><V124/><F124/><W18/><G34/><T88/><D39/><U126/><E131/><V60/><F17/><W133/><G133/><T114/><D32/><U101/><E126/><V61/><F64/><W68/><G128/><T50/><D0/><U105/><E105/><V7/><REACH who="2" step="1"/><F1/><REACH who="2" ten="323,283,202,182" step="2"/><W98/><G57/><T22/><D65/><U66/><E66/><V95/><F95/><W107/><G107/><T72/><D93/><U87/><E67/><V103/><F103/><W35/><G35/><T69/><D69/><U120/><E120/><V123/><F123/><W24/><G106/><T48/><D121/><U29/><E54/><V122/><F122/><W41/><REACH who="3" step="1"/><G24/><REACH who="3" ten="323,283,202,172" step="2"/><T13/><D132/><U30/><E56/><V83/><F83/><W27/><G27/><T58/><D58/><U11/><E82/><V113/><F113/><W134/><G134/><T55/><D114/><U78/><E44/><V5/><N who="2" m="1024" /><DORA hai="85" /><V28/><F28/><W2/><G2/><T125/><D125/><U80/><E29/><V117/><F117/><W25/><G25/><T118/><D118/><U43/><E30/><V102/><F102/><W110/><G110/><T90/><D108/><U14/><E100/><V19/><F19/><AGARI ba="0,2" hai="16,18,19,37,41,47,68,70,71,89,92,96,98,99" machi="19" ten="40,7700,0" yaku="1,1,52,1,54,1,53,0" doraHai="135,85" doraHaiUra="3,45" who="3" fromWho="2" sc="323,0,283,0,202,-77,172,97" /><INIT seed="3,1,0,1,4,17" ten="323,283,125,269" oya="3" hai0="60,43,85,75,108,134,71,72,6,1,9,27,132" hai1="12,97,58,80,77,42,74,127,84,122,3,118,90" hai2="52,78,0,111,31,130,126,30,46,110,88,96,112" hai3="41,91,53,28,13,92,83,38,64,87,29,18,115"/><W47/><G115/><T4/><D108/><N who="2" m="41514" /><F112/><W105/><G105/><T59/><D71/><U125/><E122/><V40/><F78/><W95/><G64/><N who="0" m="38943" /><D6/><U82/><E3/><V120/><F0/><W50/><G29/><N who="2" m="10761" /><F40/><W101/><G28/><T45/><D27/><U98/><E42/><V5/><F5/><W32/><G32/><T44/><D85/><N who="1" m="50471" /><E58/><V119/><F119/><W20/><G101/><T114/><D114/><U48/><E48/><N who="2" m="28695" /><F120/><W25/><G25/><T2/><D2/><U124/><E12/><V33/><F33/><W16/><G18/><T103/><D44/><AGARI ba="1,0" hai="13,16,20,38,41,44,47,50,53,83,87,91,92,95" machi="44" ten="30,5800,0" yaku="7,1,52,1,54,1" doraHai="17" who="3" fromWho="0" sc="323,-61,283,0,125,0,269,61" owari="262,-13.8,283,8.3,125,-37.5,330,43.0" /></mjloggm>