<mjloggm ver="2.3"><GO type="225" lobby="0"/><UN n0="%41%72%69%61" n1="%30%2E%31%32%30" n2="%E3%81%B5%E3%81%98%E3%81%8B%E3%81%A4" n3="%E3%81%A8%E3%82%89%E3%81%84%E3%81%A1" dan="17,16,16,16" rate="2145.27,2073.33,2093.59,2096.75" sx="F,M,M,M"/><TAIKYOKU oya="0"/><INIT seed="0,0,0,2,3,34" ten="250,250,250,250" oya="0" hai0="46,104,32,71,22,48,25,84,33,19,134,111,39" hai1="21,120,92,82,9,73,51,127,106,42,52,64,10" hai2="75,37,7,53,6,107,89,87,77,18,132,121,56" hai3="3,135,17,96,2,15,126,83,90,94,27,98,116"/><T100/><D71/><U24/><E106/><V50/><F121/><W28/><G116/><T99/><D134/><U112/><E120/><V88/><F107/><W128/><G135/><T47/><D111/><U59/><E112/><V115/><F115/><W76/><G128/><T20/><D39/><U23/><E127/><V31/><F37/><W13/><G98/><T68/><D68/><U70/><E23/><V26/><F18/><W43/><G43/><T67/><D67/><U72/><E72/><V122/><F122/><W69/><G69/><T5/><D47/><N who="1" m="26103" /><E70/><V65/><F65/><W79/><G15/><T117/><D117/><U40/><E73/><V12/><F75/><W57/><G57/><T118/><D118/><U61/><E40/><V101/><F101/><W36/><G36/><T41/><D5/><N who="2" m="1546" /><F12/><W63/><G63/><T97/><D97/><U54/><E82/><N who="2" m="47567" /><F132/><W81/><G81/><T131/><D131/><U91/><E9/><V60/><F60/><W86/><G126/><T133/><D133/><U4/><E10/><V108/><F108/><W11/><REACH who="3" step="1"/><G79/><REACH who="3" ten="250,250,250,240" step="2"/><T16/><REACH who="0" step="1"/><D84/><REACH who="0" ten="240,250,250,240" step="2"/><N who="1" m="52327" /><E4/><V125/><F125/><W35/><AGARI ba="0,2" hai="2,3,11,13,17,27,28,35,76,83,86,90,94,96" machi="35" ten="20,8000,1" yaku="1,1,0,1,7,1,52,2,53,0" doraHai="34" doraHaiUra="45" who="3" fromWho="3" sc="240,-40,250,-20,250,-20,240,100" /><INIT seed="1,0,0,0,0,24" ten="200,230,230,340" oya="1" hai0="73,31,70,96,80,54,133,74,44,47,42,21,92" hai1="94,18,30,76,29,125,13,134,2,135,82,62,64" hai2="95,15,87,11,122,93,98,105,110,45,113,5,20" hai3="43,84,4,132,112,118,8,35,23,67,37,123,89"/><U39/><E2/><V12/><F122/><W88/><G123/><T0/><D0/><U9/><E39/><V26/><F110/><W3/><G112/><T108/><D70/><U19/><E19/><V58/><F113/><W48/><G35/><T7/><D7/><U59/><E94/><V52/><F105/><W17/><G132/><N who="1" m="50730" /><E125/><V60/><F45/><W117/><G37/><T107/><D107/><U53/><E53/><V63/><F15/><N who="3" m="9663" /><G67/><T100/><D108/><U124/><E124/><V126/><F126/><W33/><G33/><T127/><D133/><U57/><E57/><N who="2" m="34855" /><F87/><AGARI ba="0,0" hai="9,13,18,29,30,59,62,64,76,82,87" m="50730" machi="87" ten="30,5800,0" yaku="20,1,52,2" doraHai="24" who="1" fromWho="2" sc="200,0,230,58,230,-58,340,0" /><INIT seed="1,1,0,2,0,118" ten="200,288,172,340" oya="1" hai0="71,2,69,14,35,124,4,49,28,17,64,74,42" hai1="106,5,52,55,108,86,79,130,57,12,125,94,120" hai2="48,16,24,102,134,66,82,131,56,89,104,18,38" hai3="90,129,25,87,47,44,11,72,50,99,91,126,96"/><U135/><E120/><V77/><F134/><W88/><G72/><T15/><D74/><U54/><E135/><V30/><F38/><W76/><G129/><T31/><D124/><U9/><E125/><V98/><F131/><W103/><G126/><T65/><D49/><U73/><E106/><V105/><F105/><W95/><G76/><T128/><D128/><U20/><E130/><V101/><F101/><W39/><G39/><T43/><D17/><U111/><E73/><V107/><F107/><W6/><G25/><T122/><D2/><U67/><E20/><V41/><F89/><W51/><G51/><T132/><D132/><U81/><REACH who="1" step="1"/><E94/><REACH who="1" ten="200,278,172,340" step="2"/><V0/><F104/><W22/><G22/><T34/><D4/><U53/><N who="1" m="13312" /><DORA hai="36" /><U113/><E113/><V70/><F82/><W62/><G6/><T133/><D133/><U26/><E26/><V10/><F24/><W8/><G95/><T29/><D29/><U80/><E80/><V61/><F30/><W3/><G44/><T46/><D46/><U83/><E83/><V59/><F10/><W92/><G11/><T40/><D40/><U109/><E109/><V60/><F41/><W19/><G8/><T119/><D119/><U75/><E75/><V27/><F27/><W115/><G115/><T37/><D37/><U84/><E84/><V78/><F98/><N who="3" m="59847" /><G87/><T121/><AGARI ba="1,1" hai="14,15,28,31,34,35,42,43,64,65,69,71,121,122" machi="121" ten="25,12000,2" yaku="0,1,22,2,52,4" doraHai="118,36" who="0" fromWho="0" sc="200,133,278,-61,172,-31,340,-31" /><INIT seed="2,0,0,5,2,117" ten="333,217,141,309" oya="2" hai0="2,111,26,0,46,62,22,65,29,123,101,24,70" hai1="84,48,72,32,51,125,121,15,74,28,113,34,6" hai2="11,128,66,92,23,54,96,31,85,80,107,45,64" hai3="81,3,77,17,79,57,102,43,9,60,10,71,27"/><V131/><F107/><W118/><G118/><T112/><D112/><U126/><E113/><V120/><F11/><N who="3" m="4107" /><G71/><T41/><D123/><U42/><E84/><V82/><F45/><W90/><G3/><T18/><D101/><U132/><E28/><V7/><F7/><W119/><G119/><T87/><D87/><U4/><E15/><V67/><F54/><W40/><G90/><T56/><D70/><U88/><E88/><N who="2" m="55303" /><F120/><W129/><G102/><T30/><D111/><U37/><E121/><V44/><F44/><W50/><G50/><T133/><D133/><U75/><E75/><V99/><F99/><W13/><G27/><T124/><D124/><U59/><E59/><V12/><F85/><N who="3" m="48303" /><G129/><N who="2" m="49737" /><F31/><W55/><G79/><T39/><D30/><U63/><E63/><V109/><F109/><W20/><AGARI ba="0,0" hai="13,17,20,40,43,55,57,60" m="48303,4107" machi="20" ten="30,1100,0" yaku="8,1" doraHai="117" who="3" fromWho="3" sc="333,-3,217,-3,141,-5,309,11" /><INIT seed="3,0,0,4,1,35" ten="330,214,136,320" oya="3" hai0="98,2,88,32,81,85,63,133,8,135,120,10,16" hai1="87,124,105,80,36,18,134,7,49,14,129,84,114" hai2="72,76,103,75,33,86,52,97,40,26,28,100,94" hai3="91,66,101,67,50,110,125,126,119,6,69,112,132"/><W92/><G112/><T71/><D32/><U102/><E36/><V25/><F40/><W58/><G119/><T54/><D120/><U106/><E114/><V31/><F103/><W0/><G132/><N who="0" m="50763" /><D2/><U47/><E134/><V39/><F39/><W22/><G101/><T53/><D98/><U55/><E129/><V29/><F76/><W123/><G123/><T12/><D8/><U73/><E124/><N who="3" m="47722" /><G69/><T21/><D10/><U70/><E70/><V13/><F13/><W99/><G110/><T93/><D81/><U117/><E117/><V62/><F86/><W78/><G78/><T79/><D79/><U59/><E73/><V56/><REACH who="2" step="1"/><F31/><REACH who="2" ten="330,214,126,320" step="2"/><W34/><G91/><T23/><D12/><U82/><E14/><V15/><F15/><W64/><G99/><T1/><D85/><U127/><E102/><V121/><F121/><W37/><G37/><T60/><D88/><U57/><E127/><V65/><F65/><W90/><G66/><T68/><D93/><U109/><E106/><V42/><F42/><W131/><G67/><T9/><D53/><U116/><E105/><V38/><F38/><W24/><G64/><T95/><D54/><U113/><E55/><V118/><F118/><W45/><G92/><T96/><D95/><U41/><E41/><V130/><F130/><W46/><G131/><T48/><D96/><U30/><E30/><V104/><F104/><W115/><G90/><T77/><D71/><U11/><E116/><V108/><F108/><W43/><G115/><T19/><D68/><U4/><E109/><V44/><F44/><W61/><G45/><RYUUKYOKU ba="0,1" sc="330,-10,214,-10,126,30,320,-10" hai2="25,26,28,29,33,52,56,62,72,75,94,97,100" owari="330,43.0,204,-19.6,156,-34.4,310,11.0" /></mjloggm>