<mjloggm ver="2.3"><GO type="225" lobby="0"/><UN n0="%E3%81%86%E3%82%8C%E3%81%9F%E3%82%93%E6%9E%95" n1="%E3%83%9F%E3%83%AA%E3%83%80%E3%81%97%E3%82%88" n2="%E6%80%AA%E3%81%97%E3%81%99%E3%81%8E%E3%82%8B%E3%83%81%E3%83%BC" n3="%E6%97%A5%E6%9B%9C%E6%97%A5%E3%82%88%E3%82%8A%E3%81%AE%E4%BD%BF%E8%80%85" dan="16,16,17,17" rate="2100.31,2048.02,2136.00,2212.50" sx="F,M,M,M"/><TAIKYOKU oya="0"/><INIT seed="0,0,0,0,2,105" ten="250,250,250,250" oya="0" hai0="50,130,52,110,43,109,34,42,65,51,35,124,73" hai1="96,54,68,76,78,45,41,13,44,36,129,87,97" hai2="29,88,108,106,122,21,115,80,132,86,12,91,114" hai3="113,77,23,121,56,33,11,135,31,62,95,100,127"/><T66/><D130/><U71/><E129/><V128/><F122/><W14/><G113/><T20/><D20/><U37/><E13/><V112/><F128/><W107/><G107/><T119/><D124/><U26/><E26/><V72/><F106/><W15/><G33/><T69/><D69/><U90/><E87/><V75/><F108/><N who="0" m="41578" /><D119/><U84/><E84/><V93/><F132/><W82/><G127/><T58/><D73/><U30/><E90/><V38/><F38/><W74/><G135/><T22/><D22/><U9/><E54/><V10/><F21/><W39/><G39/><T123/><D123/><U3/><E9/><V6/><REACH who="2" step="1"/><F29/><REACH who="2" ten="250,250,240,250" step="2"/><W53/><G121/><T7/><D34/><U48/><E30/><V131/><F131/><W4/><G31/><T63/><D35/><U92/><E37/><V8/><F8/><W99/><REACH who="3" step="1"/><G23/><REACH who="3" ten="250,250,240,240" step="2"/><T104/><D104/><U85/><E36/><V40/><F40/><W24/><G24/><T28/><D42/><U61/><E41/><V67/><F67/><W0/><AGARI ba="0,2" hai="0,4,11,14,15,53,56,62,74,77,82,95,99,100" machi="0" ten="20,5200,0" yaku="1,1,0,1,7,1,52,1,53,0" doraHai="105" doraHaiUra="118" who="3" fromWho="3" sc="250,-26,250,-13,240,-13,240,72" /><INIT seed="1,0,0,4,5,63" ten="224,237,227,312" oya="1" hai0="126,93,52,0,111,54,102,50,6,3,48,42,101" hai1="10,45,109,36,59,55,129,2,125,128,104,135,35" hai2="88,13,99,1,61,98,131,80,16,26,57,83,107" hai3="5,84,23,79,77,130,114,91,96,106,65,39,34"/><U49/><E125/><V127/><F1/><W47/><G34/><T78/><D111/><U29/><E135/><V112/><F107/><W31/><G114/><T110/><D126/><U89/><E109/><V46/><F127/><W19/><G130/><N who="1" m="50282" /><E104/><V62/><F131/><W12/><G39/><T100/><D110/><U20/><E35/><V66/><F112/><W118/><G118/><T105/><D105/><U117/><E117/><V4/><F46/><W28/><G106/><T40/><D78/><N who="3" m="29705" /><G5/><T64/><D93/><U53/><E89/><V15/><F61/><W82/><G65/><T21/><D21/><U30/><E20/><N who="2" m="13575" /><F13/><W17/><G96/><N who="2" m="36905" /><F88/><W8/><G47/><T33/><D33/><U14/><E36/><V122/><F122/><W68/><G68/><T94/><D94/><U120/><E2/><V75/><F75/><W38/><G38/><T22/><D22/><U11/><E11/><AGARI ba="0,0" hai="4,11,15,57,62,66,80,83" m="36905,13575" machi="11" ten="30,3900,0" yaku="8,1,52,1,54,1" doraHai="63" who="2" fromWho="1" sc="224,0,237,-39,227,39,312,0" /><INIT seed="2,0,0,5,4,135" ten="224,198,266,312" oya="2" hai0="27,112,87,133,68,31,99,44,52,41,8,28,108" hai1="86,105,94,18,83,6,56,91,1,69,36,53,22" hai2="0,84,85,88,14,32,74,95,17,66,63,120,34" hai3="12,59,10,45,98,104,11,72,62,116,110,107,37"/><V57/><F0/><W20/><G116/><T55/><D112/><U30/><E69/><V117/><F74/><W113/><G72/><T109/><D133/><U60/><E105/><V132/><F120/><W64/><G37/><T131/><D68/><U26/><E36/><V122/><F122/><W115/><G45/><T121/><D121/><U46/><E46/><V102/><F117/><W61/><G110/><N who="0" m="42603" /><D131/><U9/><REACH who="1" step="1"/><E83/><REACH who="1" ten="224,188,266,312" step="2"/><V101/><F132/><W71/><G104/><T125/><D125/><U70/><E70/><V16/><F34/><W92/><G107/><T58/><D58/><U4/><E4/><V3/><F32/><W50/><G115/><T5/><D99/><U111/><E111/><V134/><F134/><W118/><G113/><T97/><D97/><U2/><E2/><V89/><F3/><W7/><G118/><T13/><D87/><U29/><AGARI ba="0,1" hai="1,6,9,18,22,26,29,30,53,56,60,86,91,94" machi="29" ten="30,2000,0" yaku="1,1,0,1,53,0" doraHai="135" doraHaiUra="75" who="1" fromWho="1" sc="224,-5,188,30,266,-10,312,-5" /><INIT seed="3,0,0,2,4,15" ten="219,218,256,307" oya="3" hai0="93,2,121,87,33,122,29,23,41,115,43,94,0" hai1="75,77,100,28,126,55,76,48,13,120,37,128,103" hai2="108,30,32,109,111,133,112,8,79,117,35,4,119" hai3="46,81,59,56,19,72,98,25,67,27,52,12,123"/><W38/><G123/><T70/><D70/><U104/><E120/><V51/><F51/><N who="3" m="28791" /><G72/><T134/><D33/><N who="2" m="12874" /><F79/><W86/><G98/><T131/><D131/><U6/><E37/><V71/><F71/><W114/><G114/><T135/><D23/><U10/><E75/><V49/><F49/><W101/><G101/><N who="1" m="38986" /><E104/><V132/><F30/><W80/><G38/><T58/><D29/><U20/><E126/><V82/><F82/><N who="3" m="31851" /><G86/><T9/><D87/><U107/><E107/><V54/><F54/><W106/><G106/><T88/><D115/><U31/><E128/><V125/><F125/><W99/><G99/><T97/><D97/><U53/><E53/><V118/><F112/><W113/><G113/><T92/><D92/><U64/><E64/><V69/><F69/><W44/><G44/><T5/><D58/><N who="3" m="22057" /><G67/><T91/><D122/><U14/><E77/><V22/><F117/><W85/><G85/><T102/><D121/><U105/><E105/><V110/><F110/><W24/><G24/><T68/><D68/><U90/><E76/><V130/><F130/><W16/><G19/><T65/><D65/><U1/><E90/><V47/><F47/><W124/><G124/><T45/><D102/><U73/><E73/><V60/><F119/><W127/><G127/><T39/><D39/><U42/><E42/><V63/><F118/><W17/><G17/><T36/><D36/><U50/><E55/><V40/><F40/><W84/><G84/><T78/><D78/><U74/><E74/><V21/><F111/><W3/><G3/><T83/><D83/><U95/><E1/><RYUUKYOKU ba="0,0" sc="219,-10,218,-10,256,-10,307,30" hai3="12,16,25,27" owari="209,-19.1,208,-29.2,246,4.6,337,43.7" /></mjloggm>