<mjloggm ver="2.3"><GO type="225" lobby="0"/><UN n0="%E3%81%AF%E3%82%88%E3%81%8A%E3%81%98%E3%81%95%E3%82%93" n1="%E4%B8%89%E5%88%86%E5%B0%8F%E5%83%A7" n2="%E3%82%8F%E3%81%A3%E3%81%97%E3%82%87%E3%81%84%E5%90%9B%32%E5%8F%B7" n3="%E3%81%BD%E3%81%A1%E3%81%9F%E3%81%93%E3%82%84" dan="17,16,20,17" rate="2153.19,2098.96,2211.31,2164.40" sx="M,M,M,M"/><TAIKYOKU oya="0"/><INIT seed="0,0,0,1,0,52" ten="250,250,250,250" oya="0" hai0="27,89,60,20,125,44,63,86,78,124,71,43,33" hai1="82,122,114,14,79,24,12,91,81,53,30,19,0" hai2="2,98,70,126,73,75,46,84,134,26,4,6,97" hai3="105,121,11,39,116,123,10,40,69,32,28,36,13"/><T135/><D33/><U110/><E0/><V99/><F70/><W94/><G105/><T88/><D135/><U92/><E122/><N who="3" m="46602" /><G69/><T96/><D78/><U118/><E118/><V35/><F134/><W76/><G116/><T1/><D1/><U42/><E110/><V22/><F35/><W130/><G130/><T68/><D96/><U67/><E42/><V50/><F126/><N who="0" m="48746" /><D68/><U48/><E67/><V74/><F84/><W61/><G61/><N who="0" m="23627" /><D86/><N who="1" m="48447" /><E82/><V16/><REACH who="2" step="1"/><F2/><REACH who="2" ten="250,250,240,250" step="2"/><W17/><G32/><T8/><D71/><U106/><E114/><V7/><F7/><W25/><G76/><T62/><D8/><U9/><E9/><V72/><N who="2" m="18432" /><DORA hai="90" /><V128/><F128/><W95/><G10/><T77/><D77/><U131/><E131/><V107/><F107/><W80/><G11/><T38/><N who="0" m="23635" /><T5/><DORA hai="104" /><D5/><U37/><E106/><V58/><F58/><W120/><G120/><T109/><D109/><U102/><E12/><V64/><F64/><W18/><G13/><T112/><D112/><U21/><E14/><V129/><F129/><W65/><G65/><T127/><N who="0" m="48754" /><T57/><DORA hai="15" /><D57/><U100/><E24/><V54/><AGARI ba="0,1" hai="4,6,16,22,26,46,50,54,97,98,99" m="18432" machi="54" ten="60,24000,4" yaku="1,1,0,1,52,5,54,1,53,3" doraHai="52,90,104,15" doraHaiUra="55,93,115,111" who="2" fromWho="2" sc="250,-120,250,-60,240,250,250,-60" /><INIT seed="1,0,0,0,1,47" ten="130,190,490,190" oya="1" hai0="59,36,73,93,80,60,10,64,97,21,126,131,4" hai1="22,72,127,82,66,48,110,104,29,6,28,30,87" hai2="90,26,23,41,98,55,70,120,100,105,15,61,109" hai3="107,95,133,124,117,44,78,112,0,101,53,88,52"/><U125/><E72/><V75/><F120/><W24/><G112/><T58/><D126/><N who="1" m="48139" /><E104/><V99/><F109/><W114/><G114/><T67/><D131/><U69/><E110/><V14/><F41/><W39/><G0/><T79/><D36/><U50/><E6/><V135/><F135/><W129/><G124/><T113/><D113/><U8/><E8/><V91/><F91/><W68/><G68/><T85/><D21/><U74/><E74/><V84/><F98/><N who="3" m="59615" /><G39/><T46/><D46/><U121/><E121/><V11/><F11/><W71/><G71/><T56/><D73/><U1/><E1/><V86/><F84/><W111/><G78/><T2/><REACH who="0" step="1"/><D67/><REACH who="0" ten="120,190,490,190" step="2"/><U134/><E134/><V115/><F75/><W116/><G129/><T40/><D40/><U92/><E22/><V43/><F43/><W123/><G133/><T128/><D128/><U57/><E66/><V94/><F115/><W63/><G123/><T122/><D122/><U65/><E65/><V37/><F37/><W96/><G44/><T49/><D49/><U130/><E130/><V81/><F23/><W9/><G111/><T118/><D118/><U25/><E50/><V31/><F61/><W77/><G63/><T19/><D19/><U5/><E48/><V103/><F31/><W119/><G119/><T13/><D13/><U12/><E29/><V16/><F14/><W51/><G117/><T34/><D34/><U18/><E28/><V76/><F15/><W106/><G116/><T38/><D38/><U108/><E12/><V62/><F62/><W33/><G33/><T54/><D54/><RYUUKYOKU ba="0,1" sc="120,30,190,-10,490,-10,190,-10" hai0="2,4,10,56,58,59,60,64,79,80,85,93,97" /><INIT seed="2,1,1,5,2,72" ten="150,180,480,180" oya="2" hai0="26,31,30,45,43,5,4,35,77,39,52,71,16" hai1="10,93,27,104,34,95,2,107,75,14,53,76,47" hai2="97,133,0,63,54,94,105,125,110,61,69,11,1" hai3="85,86,113,100,42,60,101,132,49,55,88,3,50"/><V119/><F105/><W24/><G3/><T121/><D121/><U46/><E2/><V13/><F63/><W28/><G132/><T87/><D71/><U120/><E120/><V98/><F98/><W32/><G113/><T99/><D31/><U33/><E27/><V80/><F80/><W81/><G86/><T123/><D123/><U62/><E62/><V112/><F13/><W7/><G7/><T91/><D99/><U103/><E53/><V36/><F110/><W51/><REACH who="3" step="1"/><G42/><REACH who="3" ten="150,180,480,170" step="2"/><T131/><D131/><U78/><E75/><V118/><F133/><W70/><G70/><T108/><D108/><U92/><E103/><V126/><F69/><W20/><G20/><T41/><D43/><U29/><E33/><V129/><F0/><W22/><G22/><T59/><D77/><U8/><E34/><V116/><F129/><W17/><G17/><T102/><D16/><U67/><E76/><V12/><F112/><W48/><N who="3" m="12288" /><DORA hai="134" /><W109/><G109/><T127/><D102/><U9/><E78/><V130/><F130/><W37/><G37/><T56/><D56/><AGARI ba="1,2" hai="24,28,32,55,56,60,81,85,88,100,101" m="12288" machi="56" ten="50,6400,0" yaku="1,1,54,1,53,1" doraHai="72,134" doraHaiUra="6,57" who="3" fromWho="0" sc="150,-67,180,0,480,0,170,87" /><INIT seed="3,0,0,1,2,61" ten="83,180,480,257" oya="3" hai0="10,68,108,86,114,1,104,100,17,88,119,131,60" hai1="0,24,126,62,103,9,125,22,116,54,110,26,109" hai2="70,59,55,82,39,58,53,72,8,107,97,118,3" hai3="80,130,42,31,56,87,85,66,52,51,123,91,14"/><W13/><G123/><T128/><D119/><U134/><E103/><V33/><F33/><W102/><G130/><T93/><D108/><N who="1" m="41579" /><E54/><V49/><F70/><W81/><G102/><T113/><D104/><U44/><E44/><V129/><F39/><W48/><G31/><T43/><D43/><U96/><E96/><V122/><F107/><W78/><REACH who="3" step="1"/><G66/><REACH who="3" ten="83,180,480,247" step="2"/><N who="0" m="41031" /><D100/><U5/><E116/><V95/><F118/><W94/><G94/><T106/><D106/><U92/><E92/><V111/><F95/><W74/><G74/><T32/><D32/><U63/><E134/><V7/><F72/><W40/><G40/><T90/><D93/><U133/><E133/><V64/><F111/><W11/><G11/><T6/><D86/><U35/><E35/><V41/><F129/><N who="0" m="49738" /><D17/><U25/><E22/><V101/><F64/><W50/><G50/><T76/><D76/><U4/><E63/><V21/><F21/><W117/><G117/><T2/><D2/><N who="1" m="151" /><E62/><V18/><F122/><W124/><G124/><T112/><AGARI ba="0,1" hai="1,6,10,88,90,112,113,114" m="49738,41031" machi="112" ten="40,8000,1" yaku="11,1,19,1,52,1,54,1" doraHai="61" who="0" fromWho="0" sc="83,90,180,-20,480,-20,247,-40" owari="173,-22.7,160,-34.0,460,56.0,207,0.7" /></mjloggm>