<mjloggm ver="2.3"><GO type="225" lobby="0"/><UN n0="%33%74%72%65%65" n1="%6D%75%75%6D%75%72%61" n2="%4D%50%43%32%38%30%30" n3="%E5%A4%96%E5%B7%9D%E7%AB%9C%E6%88%90" dan="17,17,16,16" rate="2209.16,2205.67,2088.13,2147.32" sx="F,F,M,M"/><TAIKYOKU oya="0"/><INIT seed="0,0,0,1,1,0" ten="250,250,250,250" oya="0" hai0="108,41,66,25,23,36,54,29,84,128,62,30,132" hai1="91,24,96,31,113,85,9,53,70,74,14,55,20" hai2="52,19,64,27,131,72,49,11,63,48,104,50,68" hai3="119,125,8,117,67,90,42,43,57,15,5,56,106"/><T32/><D132/><U12/><E113/><V130/><F72/><W97/><G125/><T122/><D122/><U2/><E74/><V89/><F104/><W3/><G3/><T101/><D128/><N who="2" m="49194" /><F89/><W59/><G67/><T118/><D118/><U34/><E70/><V1/><F27/><W102/><REACH who="3" step="1"/><G90/><REACH who="3" ten="250,250,250,240" step="2"/><T92/><D66/><U78/><E2/><V126/><F126/><W124/><G124/><T100/><D100/><U45/><E91/><V105/><F105/><W95/><G95/><T98/><D101/><U120/><E120/><V79/><F79/><W75/><G75/><T73/><D73/><U111/><E78/><V61/><F1/><W18/><G18/><T71/><D92/><U86/><E86/><V80/><F80/><W46/><G46/><T47/><D84/><U16/><E85/><V69/><F19/><W13/><G13/><T103/><D103/><U22/><E14/><V4/><F64/><W26/><G26/><T33/><D98/><U112/><E45/><N who="2" m="27663" /><F69/><W115/><G115/><T58/><D71/><U114/><E112/><V123/><F68/><W51/><G51/><N who="2" m="19465" /><F123/><W39/><G39/><T65/><D65/><U28/><E114/><V121/><F121/><W77/><G77/><T40/><D36/><U109/><E16/><V133/><F133/><W83/><G83/><T129/><D25/><U87/><E12/><N who="2" m="5223" /><F63/><W37/><G37/><T76/><D62/><U94/><E24/><V7/><F61/><W127/><G127/><T134/><D129/><U17/><E17/><V110/><F7/><W10/><G10/><T6/><D6/><RYUUKYOKU ba="0,1" sc="250,-15,250,-15,250,15,240,15" hai2="110" hai3="5,8,15,42,43,56,57,59,97,102,106,117,119" /><INIT seed="1,1,1,1,5,41" ten="235,235,265,255" oya="1" hai0="56,35,99,121,78,61,16,26,120,90,95,87,76" hai1="22,69,2,25,42,5,115,129,38,126,19,113,64" hai2="34,54,39,85,104,123,43,15,62,57,7,122,14" hai3="50,65,27,125,124,12,66,67,70,37,94,75,51"/><U8/><E126/><N who="3" m="48746" /><G75/><T81/><D76/><U118/><E129/><V32/><F104/><W3/><G3/><T100/><D35/><U133/><E118/><V55/><F85/><W20/><G37/><T111/><D111/><U24/><E133/><V18/><F39/><W49/><G94/><T30/><D30/><U91/><E91/><V84/><F84/><W45/><G12/><T77/><D121/><U86/><E86/><V9/><F43/><N who="3" m="24767" /><G70/><T103/><D78/><U80/><E80/><V29/><F34/><W17/><AGARI ba="1,1" hai="17,20,27,50,51,65,66,67" m="24767,48746" machi="17" ten="30,2000,0" yaku="18,1,52,1" doraHai="41" who="3" fromWho="3" sc="235,-6,235,-11,265,-6,255,33" /><INIT seed="2,0,0,3,5,3" ten="229,224,259,288" oya="2" hai0="110,24,66,135,134,20,4,113,123,7,60,54,115" hai1="71,17,101,10,25,70,112,27,42,92,23,94,36" hai2="68,78,63,40,129,47,35,109,45,90,43,96,127" hai3="53,93,105,106,125,58,86,89,116,32,34,59,50"/><V56/><F35/><W39/><G116/><T55/><D123/><U64/><E112/><V102/><F129/><W2/><G2/><T28/><D110/><U8/><E36/><V57/><F109/><W120/><G120/><T61/><D113/><U26/><E42/><V62/><F78/><W15/><G125/><T73/><D73/><U9/><E64/><N who="2" m="40983" /><F90/><W0/><G0/><T124/><D124/><U97/><REACH who="1" step="1"/><E92/><REACH who="1" ten="229,214,259,288" step="2"/><V82/><F43/><W111/><G111/><T84/><D115/><U16/><E16/><V99/><F40/><W76/><G39/><T13/><D66/><U38/><E38/><V132/><F127/><W52/><G106/><T114/><D114/><U48/><E48/><V33/><F63/><W85/><G105/><T80/><D60/><U11/><N who="1" m="2048" /><DORA hai="44" /><U98/><E98/><V122/><F99/><W74/><G50/><T5/><D61/><U118/><E118/><V108/><F96/><W104/><G93/><T14/><D55/><U22/><E22/><V128/><F33/><W49/><G104/><T107/><D54/><U21/><E21/><V51/><F51/><W6/><G32/><T81/><D107/><U69/><AGARI ba="0,1" hai="17,23,25,26,27,69,70,71,94,97,101" m="2048" machi="69" ten="50,6400,0" yaku="1,1,0,1,53,1" doraHai="3,44" doraHaiUra="12,131" who="1" fromWho="1" sc="229,-16,214,74,259,-32,288,-16" /><INIT seed="3,0,0,1,0,123" ten="213,288,227,272" oya="3" hai0="21,31,26,89,129,47,23,90,24,92,69,75,93" hai1="40,106,32,9,14,6,88,13,54,12,62,53,70" hai2="2,57,74,61,110,115,60,121,59,3,98,107,0" hai3="22,66,73,30,91,87,16,119,63,52,1,43,29"/><W128/><G119/><T10/><D75/><U132/><E106/><V81/><F115/><W104/><G73/><T46/><D69/><U113/><E113/><V118/><F118/><W67/><G104/><T80/><D129/><U39/><E32/><V103/><F121/><W4/><G43/><T19/><D80/><U125/><E132/><V37/><F37/><W68/><G128/><T85/><REACH who="0" step="1"/><D10/><REACH who="0" ten="203,288,227,272" step="2"/><U108/><E9/><V82/><F74/><W114/><G68/><T34/><D34/><U48/><E70/><V50/><F110/><W77/><G114/><T105/><D105/><U97/><E108/><V109/><F109/><W102/><G22/><T49/><D49/><U124/><E48/><V84/><F81/><W15/><G77/><T44/><D44/><U58/><E39/><V133/><F133/><W28/><G63/><T20/><D20/><U7/><E62/><V65/><F50/><W33/><G33/><T45/><D45/><U55/><E124/><V112/><F112/><W117/><G117/><T25/><D25/><U111/><E125/><V41/><F41/><W35/><G35/><T17/><D17/><U76/><E40/><V64/><REACH who="2" step="1"/><F3/><REACH who="2" ten="203,288,217,272" step="2"/><W8/><G1/><T72/><D72/><U78/><E111/><V135/><F135/><W99/><G8/><T42/><D42/><U56/><E76/><AGARI ba="0,2" hai="0,2,57,59,60,61,64,65,76,82,84,98,103,107" machi="76" ten="30,3900,0" yaku="1,1,7,1,9,1,53,0" doraHai="123" doraHaiUra="116" who="2" fromWho="1" sc="203,0,288,-39,217,59,272,0" /><INIT seed="4,0,0,4,5,104" ten="203,249,276,272" oya="0" hai0="64,12,126,124,103,53,108,87,49,107,81,15,115" hai1="6,98,100,83,34,25,61,131,111,42,112,101,69" hai2="84,118,72,43,37,1,86,62,39,16,110,85,29" hai3="41,31,27,128,55,58,121,77,50,68,99,105,47"/><T11/><D115/><U117/><E117/><V26/><F110/><W24/><G128/><T106/><D64/><U70/><E111/><V36/><F1/><W18/><G121/><T95/><D108/><U56/><E112/><V33/><F118/><W45/><G68/><T23/><D95/><U20/><E131/><V78/><F62/><W116/><G116/><T93/><D93/><U46/><E34/><V28/><F28/><W21/><G77/><T38/><D38/><U2/><E83/><V75/><F78/><W71/><G71/><T82/><D23/><U79/><E79/><V0/><F43/><W60/><G47/><T9/><D49/><U4/><E69/><V51/><F51/><W94/><G105/><T7/><D53/><U76/><E76/><V19/><F0/><W132/><G132/><T122/><D87/><U133/><E2/><V92/><REACH who="2" step="1"/><F92/><REACH who="2" ten="203,249,266,272" step="2"/><W88/><G31/><T80/><D80/><U14/><E61/><V134/><F134/><W89/><G89/><T96/><D122/><U90/><E42/><V130/><F130/><W40/><G41/><T114/><D114/><U52/><E133/><V102/><F102/><W65/><G40/><T125/><REACH who="0" step="1"/><D107/><REACH who="0" ten="193,249,266,272" step="2"/><U67/><E100/><V48/><F48/><W119/><G119/><T8/><D8/><U5/><E101/><V97/><F97/><W22/><G22/><T59/><D59/><U109/><E56/><V73/><AGARI ba="0,2" hai="16,19,26,29,33,36,37,39,72,73,75,84,85,86" machi="73" ten="50,16000,3" yaku="1,1,0,1,29,2,52,3,54,1,53,0" doraHai="104" doraHaiUra="32" who="2" fromWho="2" sc="193,-80,249,-40,266,180,272,-40" owari="113,-38.7,209,-19.1,446,54.6,232,3.2" /></mjloggm>