<mjloggm ver="2.3"><GO type="225" lobby="0"/><UN n0="%E3%81%AF%E3%82%88%E3%81%8A%E3%81%98%E3%81%95%E3%82%93" n1="%72%61%6B%33" n2="%72%69%6F%75%63%68%61%6E" n3="%E3%81%86%E3%83%BC%E3%81%B1%E3%83%BC" dan="17,17,16,17" rate="2199.77,2166.48,2169.16,2193.12" sx="M,M,M,F"/><TAIKYOKU oya="0"/><INIT seed="0,0,0,0,2,110" ten="250,250,250,250" oya="0" hai0="41,38,121,63,83,72,130,36,85,101,51,22,105" hai1="9,70,108,56,43,16,50,90,45,114,103,117,65" hai2="119,96,2,11,92,102,37,88,78,97,54,66,107" hai3="34,134,53,69,94,87,128,49,10,15,39,12,99"/><T0/><D121/><U8/><E108/><V120/><F120/><W100/><G39/><T111/><D111/><U118/><E103/><V21/><F119/><W71/><G34/><T40/><D0/><U7/><E70/><V14/><F37/><W29/><G29/><T131/><D72/><U42/><E42/><V86/><F66/><W67/><G128/><T76/><D63/><U55/><E65/><V19/><F54/><W5/><G134/><T135/><D135/><U93/><E114/><V62/><F62/><W30/><G30/><T35/><D35/><U28/><E28/><V113/><F113/><W68/><G87/><T123/><D123/><U23/><E7/><V127/><F127/><W6/><G67/><T25/><D101/><U116/><E93/><V98/><REACH who="2" step="1"/><F78/><REACH who="2" ten="250,250,240,250" step="2"/><W60/><G60/><T73/><D36/><U1/><E1/><V3/><F3/><W26/><G69/><T89/><D38/><U74/><E118/><V126/><F126/><W124/><G124/><T132/><D132/><U31/><E117/><V47/><F47/><N who="3" m="27839" /><G68/><T48/><D41/><U44/><E116/><V81/><F81/><W46/><G46/><T18/><D40/><U80/><E45/><V133/><F133/><W91/><G71/><T4/><D48/><U95/><E44/><V109/><F109/><W20/><G100/><T106/><D51/><U82/><E43/><V24/><F24/><W115/><G115/><T104/><REACH who="0" step="1"/><D4/><AGARI ba="0,1" hai="2,4,11,14,19,21,86,88,92,96,97,98,102,107" machi="4" ten="40,2600,0" yaku="1,1,54,1,53,0" doraHai="110" doraHaiUra="112" who="2" fromWho="0" sc="250,-26,250,0,240,36,250,0" /><INIT seed="1,0,0,1,0,135" ten="224,250,276,250" oya="1" hai0="96,66,81,99,10,63,35,48,29,36,51,119,103" hai1="33,21,71,128,89,40,117,41,74,28,130,118,86" hai2="13,133,14,76,108,9,53,132,114,62,107,56,45" hai3="4,102,73,6,125,46,25,127,38,100,42,126,52"/><U116/><E74/><V75/><F108/><W85/><G73/><T94/><D119/><U2/><E2/><V91/><F114/><W37/><G38/><T120/><D36/><U12/><E71/><V1/><F107/><W105/><G85/><T57/><D120/><U17/><E33/><V3/><F14/><W5/><G105/><T32/><D81/><U7/><E28/><V129/><F129/><N who="1" m="49769" /><E7/><V72/><F75/><W101/><G52/><T59/><D10/><U90/><E90/><V47/><F91/><W23/><G4/><T69/><D96/><U0/><E0/><N who="2" m="75" /><F76/><W95/><G95/><AGARI ba="0,0" hai="12,17,21,40,41,86,89,95,116,117,118" m="49769" machi="95" ten="40,2000,0" yaku="19,1" doraHai="135" who="1" fromWho="3" sc="224,0,250,20,276,0,250,-20" /><INIT seed="1,1,0,4,1,1" ten="224,270,276,230" oya="1" hai0="72,47,110,103,15,87,120,12,25,105,24,54,30" hai1="84,42,61,81,66,75,35,89,119,26,98,128,27" hai2="73,86,114,41,92,130,91,64,134,102,58,116,118" hai3="0,19,14,37,74,76,121,108,11,82,45,36,83"/><U101/><E128/><V109/><F109/><W62/><G108/><T93/><D72/><U55/><E119/><V53/><F134/><W21/><G121/><T106/><D110/><U68/><E42/><V5/><F130/><W31/><G62/><T16/><D120/><U127/><E127/><V65/><F114/><W126/><G126/><T107/><D12/><U80/><E55/><V97/><F73/><W135/><G135/><T124/><D124/><U60/><E60/><V112/><F112/><W90/><G45/><T18/><D15/><U13/><E13/><V46/><F5/><W48/><G48/><T23/><D25/><U2/><E2/><V20/><F20/><W104/><G104/><T10/><D10/><U32/><E27/><V95/><F118/><W71/><G71/><T99/><REACH who="0" step="1"/><D87/><REACH who="0" ten="214,270,276,230" step="2"/><U22/><E75/><V129/><F116/><W6/><REACH who="3" step="1"/><G31/><REACH who="3" ten="214,270,276,220" step="2"/><T4/><D4/><U63/><E68/><V78/><F129/><W100/><G100/><T38/><D38/><U77/><E101/><V44/><F102/><W59/><G59/><T85/><D85/><AGARI ba="1,2" hai="0,6,11,14,19,21,36,37,74,76,82,83,85,90" machi="85" ten="40,2600,0" yaku="1,1,52,1,53,0" doraHai="1" doraHaiUra="50" who="3" fromWho="0" sc="214,-29,270,0,276,0,220,49" /><INIT seed="2,0,0,2,5,98" ten="185,270,276,269" oya="2" hai0="20,80,9,90,71,6,13,54,73,91,45,16,97" hai1="118,28,4,85,58,29,27,84,37,114,111,101,112" hai2="88,63,120,55,14,121,132,39,25,127,93,78,68" hai3="30,123,21,46,119,48,66,59,51,34,47,108,122"/><V94/><F39/><W22/><G119/><T5/><D71/><U92/><E37/><V105/><F105/><W61/><G108/><T38/><D73/><U77/><E4/><V72/><F127/><W24/><G122/><T104/><D38/><U100/><E58/><V106/><F106/><W40/><REACH who="3" step="1"/><G123/><REACH who="3" ten="185,270,276,259" step="2"/><T134/><D134/><U53/><E111/><V52/><F132/><W128/><G128/><T11/><D104/><U2/><E118/><V113/><F121/><W81/><G81/><T82/><D82/><U102/><E114/><V103/><F120/><W125/><G125/><T31/><D80/><U117/><E112/><V41/><F94/><W12/><G12/><T32/><D5/><U69/><E92/><V110/><F14/><W126/><G126/><T130/><D130/><U10/><E117/><V60/><F110/><W99/><G99/><T74/><D74/><U56/><E2/><V62/><F113/><W50/><G50/><N who="0" m="29007" /><D97/><U3/><E3/><V42/><F72/><W43/><AGARI ba="0,1" hai="21,22,24,30,34,40,43,46,47,48,51,59,61,66" machi="43" ten="20,5200,0" yaku="1,1,0,1,7,1,9,1,53,0" doraHai="98" doraHaiUra="0" who="3" fromWho="3" sc="185,-13,270,-13,276,-26,259,62" /><INIT seed="3,0,0,4,2,54" ten="172,257,250,321" oya="3" hai0="90,132,94,81,28,92,50,64,40,108,75,34,86" hai1="46,22,9,14,41,55,100,65,116,62,114,71,5" hai2="47,72,119,3,97,69,61,31,133,124,68,4,2" hai3="85,131,109,74,56,121,25,91,128,107,23,53,16"/><W38/><G121/><T21/><D108/><U70/><E116/><V134/><F124/><W117/><G117/><T104/><D132/><N who="2" m="50794" /><F119/><W19/><G107/><T79/><D34/><U17/><E114/><V113/><F113/><W27/><G38/><T80/><D64/><U10/><E71/><N who="2" m="27211" /><F72/><W76/><G76/><T96/><D28/><U44/><E100/><V24/><F4/><W102/><G74/><T111/><D111/><U35/><E35/><V45/><F61/><W58/><G102/><N who="0" m="62535" /><D21/><U12/><E41/><V63/><F97/><W1/><G1/><N who="2" m="9" /><F63/><W0/><G0/><T89/><D50/><U98/><E98/><V7/><F7/><W118/><G118/><T129/><D40/><U26/><E55/><V13/><F13/><W11/><G53/><T99/><D129/><U88/><E88/><N who="0" m="33897" /><D99/><U59/><REACH who="1" step="1"/><E70/><REACH who="1" ten="172,247,250,321" step="2"/><V66/><F66/><W43/><G43/><T135/><D135/><U57/><E57/><V8/><F8/><W93/><G109/><T48/><D48/><U130/><E130/><N who="3" m="49706" /><G11/><T106/><D106/><U126/><E126/><V127/><F127/><W87/><G56/><T60/><D60/><U125/><E125/><V18/><F18/><AGARI ba="0,1" hai="5,9,10,12,14,17,18,22,26,44,46,59,62,65" machi="18" ten="30,7700,0" yaku="1,1,7,1,8,1,52,1,53,0" doraHai="54" doraHaiUra="122" who="1" fromWho="2" sc="172,0,247,87,250,-77,321,0" owari="172,-32.8,334,43.4,173,-22.7,321,12.1" /></mjloggm>