<mjloggm ver="2.3"><GO type="225" lobby="0"/><UN n0="%E3%83%A9%E3%83%BC%E3%83%A1%E3%83%B3%E4%BA%94%E9%83%8E" n1="%E6%B0%B7%E5%B7%9D%E9%87%8C%E5%A5%88" n2="%E3%82%BC%E3%83%AB%E3%83%80%E3%81%AE%E4%BC%9D%E8%AA%AC" n3="%E5%87%BA%E6%B0%B4" dan="16,16,17,16" rate="2060.85,2111.32,2241.95,2066.98" sx="M,F,M,F"/><TAIKYOKU oya="0"/><INIT seed="0,0,0,0,2,36" ten="250,250,250,250" oya="0" hai0="101,63,113,127,93,94,99,123,0,69,131,105,119" hai1="49,104,116,53,72,26,89,122,98,134,13,78,27" hai2="70,115,68,81,47,77,23,103,110,35,52,135,73" hai3="31,100,18,16,75,39,111,58,19,88,108,114,62"/><T25/><D113/><U71/><E116/><V12/><F115/><W32/><G114/><T4/><D119/><U84/><E122/><V48/><F110/><N who="3" m="42027" /><G75/><T124/><D123/><U50/><E71/><V37/><F135/><W102/><G39/><T130/><D25/><U34/><E134/><V82/><F35/><W91/><G31/><T28/><D28/><U59/><E34/><V96/><F37/><W40/><G32/><T120/><D120/><U64/><E64/><V3/><F3/><W109/><N who="3" m="42035" /><W33/><DORA hai="45" /><G33/><T38/><D38/><U90/><E72/><V21/><F81/><W85/><G40/><T76/><D76/><U42/><E13/><V133/><F133/><W9/><G9/><N who="0" m="2183" /><D63/><U121/><E121/><V117/><F117/><W87/><G87/><T30/><D30/><U15/><E15/><V29/><F23/><W6/><G6/><T8/><D8/><U129/><E129/><N who="0" m="49161" /><D69/><U86/><E78/><V57/><F29/><W67/><G91/><N who="1" m="34826" /><E98/><V7/><F7/><W1/><G1/><T10/><D10/><U61/><E104/><N who="2" m="63591" /><F12/><W55/><G67/><T92/><AGARI ba="0,0" hai="92,93,94,99,101,105,124,127" m="49161,2183" machi="92" ten="40,2100,0" yaku="19,1" doraHai="36,45" who="0" fromWho="0" sc="250,21,250,-7,250,-7,250,-7" /><INIT seed="0,1,0,5,1,37" ten="271,243,243,243" oya="0" hai0="115,38,78,83,45,122,123,27,50,26,96,3,77" hai1="80,97,18,24,109,55,91,40,4,8,84,95,76" hai2="120,28,10,43,13,42,6,86,89,32,79,107,60" hai3="49,41,20,108,54,81,106,105,85,121,17,111,48"/><T128/><D115/><U31/><E109/><N who="3" m="42058" /><G121/><T88/><D3/><U132/><E132/><V51/><F120/><W133/><G133/><T117/><D38/><U110/><E110/><V67/><F107/><N who="3" m="40971" /><G54/><N who="0" m="30031" /><D117/><U124/><E124/><V16/><F79/><N who="0" m="30218" /><D128/><U112/><E112/><V52/><F32/><W126/><G126/><T25/><D123/><U101/><E55/><V58/><F28/><W135/><G135/><T99/><D122/><U22/><E40/><V72/><F6/><W29/><G29/><T134/><D134/><U35/><E35/><V74/><F74/><W94/><G94/><T21/><D21/><U92/><E31/><V23/><F72/><W104/><G41/><T75/><D75/><U12/><REACH who="1" step="1"/><E76/><REACH who="1" ten="271,233,243,243" step="2"/><V30/><F30/><W66/><G66/><T53/><D53/><U113/><E113/><V46/><REACH who="2" step="1"/><F23/><REACH who="2" ten="271,233,233,243" step="2"/><W33/><G33/><T130/><D130/><U5/><E5/><V82/><AGARI ba="1,2" hai="10,13,16,42,43,46,51,52,58,60,67,82,86,89" machi="82" ten="20,24000,4" yaku="1,1,2,1,0,1,7,1,25,2,8,1,52,2,54,2,53,0" doraHai="37" doraHaiUra="127" who="2" fromWho="2" sc="271,-121,233,-61,233,263,243,-61" /><INIT seed="1,0,0,0,5,120" ten="150,172,496,182" oya="1" hai0="7,78,47,83,24,77,124,55,131,63,38,1,18" hai1="129,16,50,88,103,81,65,42,110,67,52,43,74" hai2="130,79,19,86,123,4,12,5,82,17,89,3,15" hai3="28,121,53,84,107,76,10,72,59,41,69,21,99"/><U90/><E129/><V108/><F123/><W126/><G121/><T56/><D131/><U36/><E103/><V60/><F108/><W35/><G69/><T64/><D124/><U116/><E116/><V133/><F130/><W39/><G72/><T91/><D1/><U13/><E36/><V23/><F133/><W25/><G126/><T8/><D7/><U66/><E110/><V44/><F3/><W85/><G76/><T109/><D109/><U135/><E135/><V104/><F104/><W70/><G70/><T134/><D134/><U26/><E26/><V87/><F60/><W101/><G10/><T6/><D6/><U95/><E74/><V58/><F58/><W57/><G35/><T0/><D0/><U20/><E81/><N who="2" m="49359" /><F44/><W132/><G132/><T105/><D105/><U97/><E90/><V92/><F92/><W125/><G125/><T128/><D128/><U94/><E94/><V61/><F61/><W106/><G106/><T14/><D24/><U11/><E11/><AGARI ba="0,0" hai="4,5,11,12,15,17,19,23,79,82,87" m="49359" machi="11" ten="30,1000,0" yaku="8,1" doraHai="120" who="2" fromWho="1" sc="150,0,172,-10,496,10,182,0" /><INIT seed="2,0,0,4,1,20" ten="150,162,506,182" oya="2" hai0="51,124,16,74,114,17,111,55,135,22,108,90,41" hai1="68,89,47,115,11,107,86,132,53,54,40,93,109" hai2="13,92,129,15,121,118,125,120,35,37,123,80,76" hai3="94,87,14,106,21,0,126,39,56,82,103,57,26"/><V72/><F118/><W88/><G126/><T18/><D114/><U5/><E115/><V78/><F125/><W98/><G0/><T9/><D124/><U73/><E109/><N who="0" m="42057" /><D135/><U10/><E132/><V77/><F37/><W3/><G3/><T64/><D74/><U42/><E107/><V131/><F35/><W59/><G39/><T43/><D64/><U119/><E119/><V134/><F134/><W70/><G70/><T83/><D9/><N who="1" m="3083" /><E73/><V27/><F27/><W63/><G14/><N who="0" m="9527" /><D83/><U50/><E68/><V102/><F15/><W97/><G97/><T29/><D29/><U52/><E5/><V45/><F45/><W19/><REACH who="3" step="1"/><G106/><REACH who="3" ten="150,162,506,172" step="2"/><T110/><D110/><U31/><E31/><V101/><F13/><W100/><G100/><T62/><D90/><U23/><E23/><V95/><F101/><W75/><G75/><T104/><D104/><U117/><E117/><V61/><F102/><W30/><G30/><T8/><D8/><U128/><E128/><V105/><F105/><W85/><G85/><T96/><D96/><U79/><E79/><V49/><F78/><W6/><G6/><T44/><D62/><AGARI ba="0,1" hai="19,21,26,56,57,59,62,63,82,87,88,94,98,103" machi="62" ten="40,8000,1" yaku="1,1,8,1,52,1,54,1,53,0" doraHai="20" doraHaiUra="48" who="3" fromWho="0" sc="150,-80,162,0,506,0,172,90" /><INIT seed="3,0,0,4,2,132" ten="70,162,506,262" oya="3" hai0="87,89,46,125,101,81,20,29,12,30,114,66,92" hai1="3,7,19,52,103,4,37,39,8,106,102,110,35" hai2="74,135,68,88,14,127,109,79,86,6,49,56,111" hai3="117,9,94,53,72,129,45,2,16,112,69,67,62"/><W100/><G112/><T84/><D114/><U36/><E35/><V121/><F127/><W73/><G129/><T40/><D66/><U128/><E4/><V55/><F135/><W23/><G9/><T91/><D101/><U50/><E110/><N who="2" m="41995" /><F121/><W133/><G133/><T83/><D92/><U80/><E80/><N who="2" m="45175" /><F68/><W107/><G107/><T63/><D63/><U5/><E19/><V76/><F76/><W115/><G2/><T44/><D125/><U41/><E41/><V77/><F77/><W124/><G115/><T21/><REACH who="0" step="1"/><D40/><REACH who="0" ten="60,162,506,262" step="2"/><U93/><E93/><N who="2" m="54423" /><F6/><W48/><G124/><T126/><D126/><U85/><E3/><V70/><F70/><W130/><G117/><T122/><D122/><U105/><E8/><V59/><F14/><W15/><G130/><T119/><D119/><U116/><E50/><V0/><F0/><W28/><G100/><T25/><D25/><U10/><E128/><V13/><F13/><W51/><G67/><T43/><D43/><U98/><E116/><V118/><F118/><W1/><G62/><T64/><D64/><U26/><E5/><V24/><F24/><W82/><G15/><T32/><D32/><U65/><E102/><V58/><AGARI ba="0,1" hai="49,55,56,58,59" m="54423,45175,41995" machi="58" ten="30,2000,0" yaku="14,1,54,1" doraHai="132" who="2" fromWho="2" sc="60,-5,162,-5,506,30,262,-10" owari="55,-44.5,157,-24.3,536,63.6,252,5.2" /></mjloggm>