<mjloggm ver="2.3"><GO type="225" lobby="0"/><UN n0="%E3%82%B7%E3%83%B3%E5%A4%AA%E6%9C%97" n1="%72%61%6B%33" n2="%E7%BD%AA%E5%88%91%E6%B3%95%E5%AE%9A%E4%B8%BB%E7%BE%A9" n3="%72%69%6F%75%63%68%61%6E" dan="16,16,16,17" rate="2142.24,2096.91,2170.42,2228.88" sx="M,M,M,M"/><TAIKYOKU oya="0"/><INIT seed="0,0,0,0,4,116" ten="250,250,250,250" oya="0" hai0="62,81,29,4,111,96,41,15,124,1,43,86,132" hai1="79,26,103,75,90,71,134,102,128,25,64,53,48" hai2="74,99,89,22,78,114,23,5,97,68,129,16,24" hai3="6,109,127,60,122,34,77,107,92,2,113,73,11"/><T106/><D132/><U40/><E134/><V117/><F114/><W13/><G113/><T20/><D124/><U130/><E40/><V55/><F117/><W93/><G127/><T47/><D111/><U126/><E126/><V28/><F129/><W30/><G109/><T18/><D29/><U98/><E90/><V70/><F5/><W91/><G107/><T121/><D121/><U52/><E79/><V133/><F133/><W49/><G122/><T82/><D41/><U19/><E75/><V95/><F55/><W65/><G49/><T58/><D1/><U59/><E53/><V135/><F135/><W83/><G13/><T61/><D4/><U80/><E80/><V31/><F31/><W46/><G46/><T17/><D62/><N who="1" m="40343" /><E19/><V131/><F131/><N who="1" m="50217" /><E102/><V108/><F108/><W14/><G2/><T110/><D110/><U67/><E67/><V56/><F56/><W87/><G30/><T85/><D18/><U54/><E54/><V7/><F7/><W42/><G42/><T45/><D45/><U118/><E118/><V105/><F78/><W10/><G10/><T100/><D82/><U104/><AGARI ba="0,0" hai="25,26,48,52,59,98,103,104" m="50217,40343" machi="104" ten="30,2000,0" yaku="19,1,54,1" doraHai="116" who="1" fromWho="1" sc="250,-10,250,20,250,-5,250,-5" /><INIT seed="1,0,0,4,3,83" ten="240,270,245,245" oya="1" hai0="72,55,69,64,67,113,54,110,104,23,79,91,56" hai1="5,31,52,13,102,101,119,26,61,98,117,62,7" hai2="4,75,77,89,0,28,118,2,30,49,132,58,6" hai3="85,20,116,27,65,115,128,21,59,93,105,103,41"/><U40/><E40/><V73/><F118/><W14/><G115/><T78/><D113/><U86/><E13/><V82/><F132/><W47/><G128/><T35/><D110/><U124/><E124/><V129/><F129/><W46/><G116/><T80/><D35/><U120/><E120/><V122/><F122/><W96/><G14/><T63/><D104/><U57/><E62/><V12/><F89/><W121/><G121/><T112/><D112/><U125/><E125/><V130/><F130/><W126/><G126/><T108/><D108/><U33/><E119/><V127/><F127/><W25/><G25/><T16/><D78/><U114/><E114/><V11/><F75/><W44/><G41/><T60/><REACH who="0" step="1"/><D91/><REACH who="0" ten="230,270,245,245" step="2"/><U22/><E33/><V107/><F107/><W48/><G105/><T111/><D111/><U8/><E117/><V9/><F12/><AGARI ba="0,1" hai="12,16,23,54,55,56,60,63,64,67,69,72,79,80" machi="12" ten="30,3900,0" yaku="1,1,7,1,54,1,53,0" doraHai="83" doraHaiUra="42" who="0" fromWho="2" sc="230,49,270,0,245,-39,245,0" /><INIT seed="2,0,0,2,2,0" ten="279,270,206,245" oya="2" hai0="90,132,67,39,10,111,13,130,48,22,25,95,76" hai1="79,135,105,64,40,38,20,7,71,106,86,128,87" hai2="113,49,50,83,96,54,119,102,93,44,28,118,116" hai3="120,107,101,31,82,80,59,11,42,60,74,100,127"/><V45/><F113/><W58/><G120/><T121/><D111/><U72/><E20/><V108/><F108/><W15/><G127/><T35/><D130/><U52/><E64/><V73/><F28/><W112/><G112/><T68/><D39/><U77/><E71/><V63/><F63/><W56/><G42/><T6/><D35/><U57/><E72/><V88/><F73/><W33/><G107/><T18/><D76/><U104/><E135/><V53/><REACH who="2" step="1"/><F83/><REACH who="2" ten="279,270,196,245" step="2"/><N who="3" m="31787" /><G74/><T16/><D132/><U9/><E128/><V61/><F61/><W115/><G115/><T65/><D121/><U114/><E114/><V36/><F36/><W32/><G32/><T78/><D78/><U84/><E38/><V117/><N who="2" m="29696" /><DORA hai="43" /><V23/><F23/><W126/><G33/><T103/><D48/><U89/><E79/><V37/><F37/><W5/><G126/><T21/><D68/><U4/><E77/><V109/><F109/><W133/><G133/><T27/><D103/><AGARI ba="0,1" hai="44,45,49,50,53,54,88,93,96,102,103" m="29696" machi="103" ten="70,12000,1" yaku="1,1,9,1,52,2,54,1,53,0" doraHai="0,43" doraHaiUra="75,34" who="2" fromWho="0" sc="279,-120,270,0,196,130,245,0" /><INIT seed="2,1,0,1,5,94" ten="159,270,326,245" oya="2" hai0="21,42,43,0,132,23,128,19,135,69,75,116,85" hai1="35,34,15,106,126,74,130,53,44,80,57,36,5" hai2="17,113,64,123,83,109,102,26,18,20,93,45,101" hai3="30,96,73,27,119,8,98,79,10,108,82,51,9"/><V70/><F113/><W12/><G119/><T127/><D69/><U37/><E106/><V6/><F123/><W66/><G108/><T104/><D104/><U3/><E15/><V131/><F109/><W59/><G12/><T100/><D0/><U124/><E130/><V62/><F131/><W46/><G66/><T88/><D128/><U11/><E53/><V118/><F118/><W55/><REACH who="3" step="1"/><G46/><REACH who="3" ten="159,270,326,235" step="2"/><T81/><D116/><U52/><E44/><V110/><F110/><W129/><G129/><T91/><D127/><U49/><E126/><V67/><F67/><W1/><G1/><T115/><D115/><U89/><E124/><V97/><F45/><W28/><G28/><T33/><D33/><AGARI ba="1,1" hai="8,9,10,27,30,33,51,55,59,73,79,82,96,98" machi="33" ten="40,5200,0" yaku="1,1,52,2,53,0" doraHai="94" doraHaiUra="117" who="3" fromWho="0" sc="159,-55,270,0,326,0,235,65" /><INIT seed="3,0,0,3,4,6" ten="104,270,326,300" oya="3" hai0="118,81,91,64,47,38,76,115,109,96,135,7,75" hai1="56,16,10,113,66,4,110,12,1,65,32,22,79" hai2="60,36,52,77,98,90,94,57,106,61,15,105,25" hai3="54,103,21,40,134,20,39,82,13,37,31,42,68"/><W73/><G68/><T95/><D135/><U63/><E113/><V92/><F36/><W121/><G121/><T127/><D127/><U112/><E112/><V50/><F77/><W122/><G122/><T17/><D109/><U124/><E110/><V51/><F106/><W0/><G0/><T97/><D118/><U101/><E124/><V89/><F105/><W119/><G119/><T27/><D115/><U48/><E101/><V116/><F116/><W117/><G117/><T9/><D64/><U19/><E32/><V132/><F132/><W100/><G134/><T125/><D125/><U43/><E79/><V53/><F15/><W114/><G114/><T11/><D97/><U87/><E87/><N who="2" m="52287" /><F25/><W29/><G13/><T123/><D123/><U59/><E19/><V80/><F80/><W67/><G67/><T28/><D17/><U99/><E99/><V128/><F128/><W70/><G70/><T34/><REACH who="0" step="1"/><D7/><REACH who="0" ten="94,270,326,300" step="2"/><U83/><E66/><V104/><F104/><W35/><G29/><T55/><D55/><U86/><E65/><V46/><AGARI ba="0,1" hai="46,50,51,52,53,57,60,61,90,94,98" m="52287" machi="46" ten="30,2000,0" yaku="8,1,54,1" doraHai="6" who="2" fromWho="2" sc="94,-5,270,-5,326,30,300,-10" owari="89,-41.1,265,-13.5,356,45.6,290,9.0" /></mjloggm>