<mjloggm ver="2.3"><GO type="225" lobby="0"/><UN n0="%E6%98%93%E5%88%A9%E8%96%A9%E4%BC%AF" n1="%E4%B8%8B%E6%AE%B5%E3%83%81%E3%82%A7%E3%83%AA%E3%83%BC" n2="%E3%83%A1%E3%82%AC%E3%83%87%E3%82%B8" n3="%E3%81%A1%E3%82%85%E3%81%86%E3%81%A9%E3%81%8F%E8%B1%A1%E3%81%95%E3%82%93" dan="16,16,16,17" rate="2137.04,2135.92,2116.58,2179.30" sx="F,M,F,M"/><TAIKYOKU oya="0"/><INIT seed="0,0,0,0,1,62" ten="250,250,250,250" oya="0" hai0="51,77,123,69,37,80,134,64,6,52,20,38,68" hai1="50,60,86,81,132,125,43,61,29,83,127,13,111" hai2="107,109,114,27,23,87,135,31,28,104,112,118,98" hai3="41,108,3,97,85,34,49,99,26,92,117,106,91"/><T15/><D123/><U101/><E132/><V126/><F135/><W79/><G117/><T133/><D133/><U4/><E101/><V24/><F109/><W71/><G3/><T119/><D134/><U96/><E96/><V19/><F126/><N who="1" m="48137" /><E29/><V128/><F128/><W32/><G71/><T33/><D33/><U78/><E111/><V103/><F118/><W115/><G115/><T76/><D76/><U54/><E43/><V70/><F107/><W67/><G108/><T121/><D121/><U72/><E13/><V63/><F87/><W46/><G106/><T11/><D20/><U21/><E21/><V66/><F19/><W58/><G79/><T93/><D93/><U56/><E4/><V110/><F110/><W94/><G26/><T14/><D14/><U1/><E1/><V116/><F116/><W95/><G95/><T59/><D119/><U84/><E72/><V12/><F12/><W75/><G75/><T7/><D7/><U48/><E61/><V36/><F36/><W120/><G120/><T131/><D131/><U73/><E73/><V5/><F5/><W10/><G10/><T40/><D40/><U53/><E53/><V0/><F0/><W82/><G97/><T8/><D8/><U2/><E2/><V35/><AGARI ba="0,0" hai="23,24,27,28,31,35,63,66,70,98,103,104,112,114" machi="35" ten="20,8000,1" yaku="0,1,7,1,25,2,52,1" doraHai="62" who="2" fromWho="2" sc="250,-40,250,-20,250,80,250,-20" /><INIT seed="1,0,0,5,4,113" ten="210,230,330,230" oya="1" hai0="53,6,112,18,34,38,79,2,15,107,71,81,124" hai1="68,23,111,16,4,22,3,61,35,63,47,129,29" hai2="69,58,66,84,102,118,11,45,65,59,88,100,14" hai3="42,41,24,105,82,116,135,101,55,126,26,52,64"/><U86/><E129/><V1/><F118/><W130/><G82/><T119/><D112/><U120/><E120/><V21/><F21/><W115/><G115/><T127/><D107/><U131/><E131/><V134/><F1/><W70/><G130/><T33/><D71/><U8/><E22/><V48/><F59/><W114/><G114/><T132/><D38/><U37/><E111/><V57/><F58/><W83/><G83/><T85/><D132/><U51/><E37/><V40/><F69/><W117/><G135/><T13/><D2/><U27/><E86/><V0/><F0/><W125/><G70/><T20/><D53/><N who="3" m="20553" /><G64/><N who="2" m="24681" /><F57/><W104/><G101/><T106/><D106/><N who="3" m="41065" /><G24/><T77/><D77/><U95/><E95/><N who="2" m="54663" /><F134/><W28/><G26/><T99/><D119/><N who="3" m="45641" /><G28/><T108/><D108/><U91/><E91/><V110/><F110/><W30/><G30/><T97/><D81/><U10/><E68/><V92/><F92/><W19/><G19/><AGARI ba="0,0" hai="11,14,19,40,45,48,100,102" m="54663,24681" machi="19" ten="30,2000,0" yaku="8,1,54,1" doraHai="113" who="2" fromWho="3" sc="210,0,230,0,330,20,230,-20" /><INIT seed="2,0,0,2,1,87" ten="210,230,350,210" oya="2" hai0="7,80,3,91,23,112,13,111,67,51,73,26,101" hai1="62,75,119,14,64,105,42,82,133,123,58,52,37" hai2="24,20,90,131,38,98,57,81,0,118,41,102,84" hai3="36,48,95,77,71,121,130,21,86,32,9,109,122"/><V53/><F131/><W17/><G36/><T85/><D111/><U92/><E105/><V22/><F0/><W129/><G32/><T127/><D127/><U89/><E119/><V76/><F118/><W100/><G71/><T6/><D3/><U55/><E123/><N who="3" m="47114" /><G9/><T78/><D112/><U29/><E29/><V68/><F68/><W43/><G109/><T49/><D67/><U110/><E110/><V83/><F41/><W11/><G11/><T124/><D101/><U19/><E133/><V59/><F38/><W25/><G77/><T16/><D124/><U35/><E35/><V117/><F117/><W1/><G1/><T99/><D99/><U94/><E37/><V126/><F126/><W107/><G107/><T74/><D74/><U135/><E42/><V39/><F39/><W93/><G100/><T103/><D103/><U116/><E135/><V12/><F12/><W61/><G61/><T2/><D2/><U18/><E18/><V31/><F20/><W27/><G27/><T70/><D70/><U4/><E4/><V28/><F28/><W128/><G86/><T33/><D33/><U5/><E5/><V79/><F79/><W134/><G134/><T108/><D108/><U72/><E72/><V106/><REACH who="2" step="1"/><F53/><REACH who="2" ten="210,230,340,210" step="2"/><N who="1" m="20553" /><E116/><V47/><F47/><AGARI ba="0,1" hai="17,21,25,43,47,48,93,95,128,129,130" m="47114" machi="47" ten="40,1300,0" yaku="19,1" doraHai="87" who="3" fromWho="2" sc="210,0,230,0,340,-13,210,23" /><INIT seed="3,0,0,1,3,83" ten="210,230,327,233" oya="3" hai0="54,115,59,35,90,92,20,1,3,80,42,5,110" hai1="14,55,70,96,129,120,134,67,84,25,107,16,99" hai2="34,98,105,13,118,112,19,0,7,36,124,88,10" hai3="52,41,56,78,32,39,50,132,44,12,45,86,109"/><W108/><G32/><T43/><D115/><U17/><E120/><V135/><F112/><W104/><G132/><T53/><D35/><U47/><E134/><V111/><F135/><W22/><G104/><T76/><D110/><N who="3" m="42601" /><G22/><T72/><D53/><U119/><E119/><V73/><F34/><W85/><G12/><T40/><D5/><U49/><E129/><V33/><F33/><W121/><G121/><T65/><D65/><U82/><E107/><V114/><F118/><W23/><G78/><T26/><D54/><U46/><E46/><V61/><F13/><W133/><G133/><T81/><D59/><U131/><E131/><V75/><F10/><W93/><G23/><T24/><D80/><U4/><E67/><V102/><F0/><W103/><G44/><T125/><D125/><U51/><E70/><V29/><F124/><W71/><G71/><T126/><D26/><U38/><E38/><V60/><F29/><W97/><AGARI ba="0,0" hai="39,41,45,50,52,56,85,86,93,97,103" m="42601" machi="97" ten="30,12000,1" yaku="14,1,10,1,52,2,54,1" doraHai="83" who="3" fromWho="3" sc="210,-40,230,-40,327,-40,233,120" owari="170,-33.0,190,-21.0,287,8.7,353,45.3" /></mjloggm>