<mjloggm ver="2.3"><GO type="225" lobby="0"/><UN n0="%6D%75%75%6D%75%72%61" n1="%E5%8F%AF%E5%85%90%E9%82%A3%E7%94%B1%E5%A4%9A" n2="%E5%8D%A0%E3%81%84%E5%B8%AB%E8%A3%8F%E3%81%AA%E3%81%84%E3%81%97" n3="%E6%B4%BE%E9%81%A3%E3%81%AE%E3%82%B8%E3%83%A3%E3%83%83%E3%82%AF" dan="17,16,17,16" rate="2219.15,2201.39,2095.85,2203.95" sx="F,F,M,M"/><TAIKYOKU oya="0"/><INIT seed="0,0,0,2,2,49" ten="250,250,250,250" oya="0" hai0="118,126,36,40,4,66,3,125,127,11,90,22,101" hai1="109,52,42,47,93,32,130,59,45,15,24,104,29" hai2="97,91,111,0,23,37,19,98,86,89,113,27,68" hai3="107,115,8,96,79,14,78,48,20,77,25,63,54"/><T6/><D118/><U53/><E104/><V95/><F113/><W74/><G115/><T133/><D133/><U117/><E117/><V67/><F37/><W55/><G107/><T128/><D128/><U121/><E121/><V26/><F0/><W13/><G96/><T9/><D101/><U51/><E130/><V50/><F111/><W41/><G74/><T71/><D90/><U123/><E123/><V72/><F72/><W132/><G132/><T114/><D114/><U39/><E109/><V122/><F122/><W38/><G38/><T70/><D22/><U112/><E112/><V44/><F68/><W134/><G134/><T56/><D66/><U5/><E93/><V124/><F124/><W21/><G21/><T85/><D85/><U84/><E84/><V18/><F67/><W62/><G41/><T33/><D33/><U106/><E106/><V81/><F97/><W82/><G82/><T120/><D120/><U92/><E92/><V12/><REACH who="2" step="1"/><F18/><REACH who="2" ten="250,250,240,250" step="2"/><W17/><G13/><N who="0" m="5287" /><D71/><U2/><E2/><V65/><F65/><W99/><G99/><T58/><D70/><U34/><E15/><V103/><F103/><W83/><G83/><T7/><D7/><U30/><E5/><V102/><F102/><W60/><G48/><T80/><D80/><U94/><E94/><V57/><F57/><N who="0" m="22122" /><D36/><U35/><E30/><AGARI ba="0,1" hai="8,14,17,20,25,30,54,55,60,62,63,77,78,79" machi="30" ten="40,5200,0" yaku="8,1,52,2" doraHai="49" who="3" fromWho="1" sc="250,0,250,-52,240,0,250,62" /><INIT seed="1,0,0,0,2,105" ten="250,198,240,312" oya="1" hai0="91,96,8,115,83,46,62,84,108,34,122,7,109" hai1="56,113,61,33,72,4,132,11,0,6,36,2,69" hai2="19,104,94,52,5,24,54,48,116,98,18,29,119" hai3="76,111,82,118,53,131,65,107,129,87,97,74,23"/><U40/><E113/><V124/><F104/><W58/><G111/><T101/><D115/><U90/><E132/><V32/><F124/><W130/><G118/><T25/><D122/><U77/><E90/><V57/><F5/><W103/><G23/><T38/><D62/><U120/><E120/><V9/><F9/><W15/><G15/><T70/><D70/><U123/><E123/><V102/><REACH who="2" step="1"/><F54/><REACH who="2" ten="250,198,230,312" step="2"/><W114/><G114/><T73/><D8/><U106/><E106/><V80/><F80/><W135/><G135/><T1/><D7/><U10/><E33/><V17/><AGARI ba="0,1" hai="17,18,19,24,29,32,48,52,57,94,98,102,116,119" machi="17" ten="30,4000,0" yaku="1,1,0,1,54,1,53,0" doraHai="105" doraHaiUra="43" who="2" fromWho="2" sc="250,-10,198,-20,230,50,312,-10" /><INIT seed="2,0,0,1,0,0" ten="240,178,280,302" oya="2" hai0="18,74,93,90,13,78,27,14,37,55,135,129,67" hai1="92,121,132,131,16,107,91,102,104,89,43,44,77" hai2="99,95,73,12,39,122,112,66,82,59,20,7,38" hai3="62,125,70,103,34,49,134,109,123,110,31,45,52"/><V11/><F112/><W1/><G123/><T106/><D106/><U17/><E121/><V42/><F122/><W87/><G125/><T80/><D37/><U127/><E127/><V94/><F94/><W76/><G134/><T69/><D135/><U120/><E120/><V19/><F42/><W25/><G103/><T113/><D113/><U26/><E132/><V33/><F33/><W133/><G133/><T47/><D129/><U72/><E131/><V28/><F28/><W4/><G76/><T65/><D47/><U53/><E53/><V29/><F73/><W115/><G87/><T56/><D27/><U64/><E64/><V15/><F82/><W114/><G62/><T71/><D67/><U24/><E102/><V3/><F29/><W126/><G70/><T46/><D46/><U68/><E68/><V63/><REACH who="2" step="1"/><F3/><REACH who="2" ten="240,178,270,302" step="2"/><W61/><G126/><T10/><D74/><U36/><E92/><V58/><F58/><W86/><G115/><T111/><D71/><U124/><E124/><V30/><F30/><W41/><G114/><T22/><D69/><U130/><E130/><V79/><F79/><W119/><G41/><T50/><D78/><U9/><E77/><V2/><F2/><W96/><G1/><T97/><D80/><U8/><E72/><V57/><F57/><W5/><G31/><T75/><D75/><U100/><E43/><V128/><F128/><W101/><G34/><T23/><D56/><U35/><E35/><V105/><F105/><W40/><G40/><T88/><D93/><U117/><E107/><V32/><F32/><W98/><G45/><RYUUKYOKU ba="0,1" sc="240,-10,178,-10,270,30,302,-10" hai2="7,11,12,15,19,20,38,39,59,63,66,95,99" /><INIT seed="2,1,1,2,3,51" ten="230,168,300,292" oya="2" hai0="68,118,6,17,72,126,52,5,131,90,60,91,63" hai1="15,89,125,121,41,102,71,82,85,128,36,9,12" hai2="104,21,20,103,28,95,31,109,64,79,18,116,49" hai3="119,47,55,127,40,65,22,46,30,34,132,134,110"/><V81/><F116/><W117/><G34/><T96/><D118/><U35/><E35/><V33/><F104/><W7/><G7/><T23/><D72/><U107/><E71/><V1/><F1/><W129/><G110/><T61/><D68/><U130/><E125/><V115/><F115/><W111/><G111/><T105/><D126/><U4/><E121/><V44/><F33/><W78/><G78/><T124/><D124/><U32/><E32/><V11/><F64/><W99/><G127/><T42/><D42/><U80/><E80/><V39/><F39/><W10/><G10/><T93/><D105/><U120/><E120/><V98/><F11/><W73/><G73/><T67/><D67/><U86/><E86/><N who="2" m="48447" /><F109/><W59/><G99/><T122/><D131/><U2/><E102/><V94/><F94/><W57/><G129/><N who="1" m="49770" /><E107/><V0/><F0/><W8/><G8/><T56/><D122/><U50/><E36/><V84/><F84/><W27/><G65/><T3/><D90/><U66/><E66/><V100/><F100/><W83/><G83/><T16/><D3/><U133/><E133/><N who="3" m="51306" /><G119/><T62/><D17/><U38/><E38/><V45/><F18/><W123/><G123/><T97/><D96/><U114/><E114/><V87/><F87/><W92/><G117/><T113/><D113/><U77/><E77/><V26/><F28/><W53/><G92/><T106/><D106/><U135/><E135/><V74/><F74/><W70/><G70/><T58/><D58/><N who="3" m="22025" /><G40/><T88/><D91/><U76/><E76/><V75/><F75/><W25/><G30/><RYUUKYOKU ba="1,1" sc="230,15,168,15,300,-15,292,-15" hai0="5,6,16,23,52,56,60,61,62,63,88,93,97" hai1="2,4,9,12,15,41,50,82,85,89" /><INIT seed="3,2,1,5,2,133" ten="245,183,285,277" oya="3" hai0="1,92,96,3,104,81,115,113,112,33,49,31,94" hai1="109,7,124,82,24,53,23,10,126,90,4,107,86" hai2="93,116,68,83,51,69,11,48,39,72,80,114,70" hai3="135,125,121,127,89,19,120,55,34,99,101,117,36"/><W85/><G36/><T18/><D49/><U118/><E107/><V27/><F114/><W40/><G40/><T67/><D67/><U25/><E109/><V15/><F39/><W75/><G34/><T52/><D52/><U130/><E130/><V44/><F116/><W42/><G42/><T54/><D54/><U87/><E118/><V110/><F110/><W60/><G117/><T95/><D18/><U108/><E108/><V119/><F119/><W35/><G35/><T88/><D31/><U134/><E134/><V41/><F48/><W8/><G135/><T122/><D122/><U30/><E53/><V57/><F57/><N who="3" m="34879" /><G19/><T46/><D46/><U20/><E86/><V21/><F72/><W132/><G8/><T17/><D33/><U64/><E64/><V28/><REACH who="2" step="1"/><F93/><REACH who="2" ten="245,183,275,277" step="2"/><N who="0" m="35946" /><D104/><U13/><REACH who="1" step="1"/><E7/><AGARI ba="2,2" hai="7,11,15,21,27,28,41,44,51,68,69,70,80,83" machi="7" ten="40,1300,0" yaku="1,1,53,0" doraHai="133" doraHaiUra="56" who="2" fromWho="1" sc="245,0,183,-19,275,39,277,0" owari="245,-15.5,164,-33.6,314,41.4,277,7.7" /></mjloggm>