<mjloggm ver="2.3"><GO type="225" lobby="0"/><UN n0="%72%69%6F%75%63%68%61%6E" n1="%E3%81%B5%E3%81%98%E3%81%8B%E3%81%A4" n2="%E3%83%B4%E3%82%A3%E3%83%AF%E3%82%B3%E3%82%B0%E3%83%8B" n3="%33%74%72%65%65" dan="16,17,16,16" rate="2219.20,2186.46,2167.07,2136.17" sx="M,M,M,F"/><TAIKYOKU oya="0"/><INIT seed="0,0,0,2,3,113" ten="250,250,250,250" oya="0" hai0="126,59,41,49,121,82,42,68,20,45,32,73,110" hai1="54,21,127,100,74,86,31,132,70,63,0,1,71" hai2="117,135,95,37,75,24,133,46,98,28,105,56,79" hai3="44,87,119,9,115,99,8,125,120,66,2,90,39"/><T13/><D121/><U91/><E127/><V10/><F105/><W5/><G115/><T53/><D32/><U50/><E74/><V129/><F129/><W88/><G125/><T109/><D126/><U60/><E100/><V112/><F112/><W29/><G120/><T128/><D128/><U123/><E123/><V106/><F106/><W52/><G119/><T25/><D68/><U92/><E132/><N who="2" m="50763" /><F117/><W30/><G66/><T130/><D130/><U67/><E63/><V35/><F56/><W80/><G9/><T89/><D13/><U134/><E71/><V72/><F79/><W61/><G39/><T36/><D42/><U116/><E116/><V124/><F124/><W103/><G90/><T84/><REACH who="0" step="1"/><D73/><REACH who="0" ten="240,250,250,250" step="2"/><U94/><E134/><V18/><F37/><W108/><G108/><T77/><D77/><U51/><E0/><V17/><F72/><W96/><G96/><T131/><D131/><U114/><E1/><V65/><F75/><W27/><G27/><T78/><D78/><U3/><E3/><V122/><F122/><W38/><G99/><T97/><D97/><U16/><E114/><V7/><F24/><W107/><G2/><T81/><D81/><U23/><E70/><V62/><F98/><W6/><G80/><T85/><D85/><U19/><E86/><V118/><F118/><W102/><G87/><T15/><D15/><U111/><E111/><V12/><F95/><W40/><G107/><T26/><D26/><N who="1" m="16863" /><E94/><V33/><F33/><W93/><G93/><T83/><D83/><U55/><E92/><V76/><F76/><W69/><G69/><RYUUKYOKU ba="0,1" sc="240,30,250,-10,250,-10,250,-10" hai0="20,25,36,41,45,49,53,59,82,84,89,109,110" /><INIT seed="0,1,1,0,5,104" ten="270,240,240,240" oya="0" hai0="23,82,1,134,87,4,84,59,83,97,49,88,9" hai1="131,79,20,120,13,108,73,11,55,42,117,128,38" hai2="72,41,16,57,22,10,107,70,51,27,65,3,50" hai3="21,60,77,81,106,63,7,52,19,105,133,114,102"/><T2/><D134/><U45/><E120/><V75/><F107/><W43/><G114/><T14/><D97/><U127/><E117/><V5/><F70/><W126/><G133/><T111/><D111/><U78/><E108/><V91/><F91/><W46/><G126/><T12/><D1/><U86/><E127/><V130/><F130/><N who="1" m="49705" /><E20/><V31/><F31/><W121/><G121/><T98/><D98/><U66/><E66/><V0/><F0/><W56/><G7/><T24/><D59/><U44/><E86/><V35/><F35/><W89/><G60/><T116/><D49/><N who="1" m="29103" /><E73/><V68/><F68/><W115/><G115/><T48/><D48/><U8/><E8/><V62/><REACH who="2" step="1"/><F51/><REACH who="2" ten="270,240,230,240" step="2"/><W54/><G105/><T26/><D116/><U113/><E113/><V39/><F39/><W18/><G106/><T64/><D64/><U132/><E132/><V74/><F74/><W92/><G89/><N who="0" m="51351" /><D2/><U135/><E135/><V6/><F6/><AGARI ba="1,2" hai="6,11,13,38,42,44,78,79" m="29103,49705" machi="6" ten="30,1000,0" yaku="19,1" doraHai="104" who="1" fromWho="2" sc="270,0,240,33,230,-13,240,0" /><INIT seed="1,0,0,3,4,72" ten="270,273,217,240" oya="1" hai0="40,101,58,83,44,134,84,61,1,63,123,38,60" hai1="28,132,81,11,16,124,20,3,135,113,96,42,119" hai2="129,82,92,86,57,30,118,41,89,67,29,122,62" hai3="133,32,59,19,100,64,55,52,117,103,48,31,95"/><U5/><E113/><V121/><F118/><W69/><G133/><N who="1" m="51274" /><E119/><V47/><F129/><W56/><G117/><T10/><D134/><U26/><E42/><V131/><F131/><W35/><G69/><T39/><D123/><U87/><E96/><V17/><F122/><W130/><G64/><T77/><D101/><U14/><E124/><V36/><F121/><W18/><G130/><T23/><D23/><N who="1" m="15455" /><E87/><V90/><REACH who="2" step="1"/><F17/><REACH who="2" ten="270,273,207,240" step="2"/><W22/><G19/><T68/><D68/><U98/><E98/><AGARI ba="0,1" hai="29,30,36,41,47,57,62,67,82,86,89,90,92,98" machi="98" ten="30,7700,0" yaku="1,1,2,1,7,1,53,1" doraHai="72" doraHaiUra="88" who="2" fromWho="1" sc="270,0,273,-77,207,87,240,0" /><INIT seed="2,0,0,2,0,22" ten="270,196,294,240" oya="2" hai0="69,56,79,126,107,120,33,96,111,62,55,46,17" hai1="12,42,58,81,99,87,14,47,75,76,26,82,104" hai2="113,80,5,21,124,57,122,102,91,134,45,66,125" hai3="39,114,85,115,67,86,73,10,38,8,61,4,83"/><V19/><F113/><N who="3" m="43019" /><G73/><T70/><D120/><U106/><E58/><V31/><F122/><W37/><G83/><T72/><D111/><U43/><E43/><V100/><F134/><W32/><G32/><T16/><D126/><N who="2" m="48746" /><F31/><W74/><G74/><T88/><D33/><U2/><E2/><V35/><F35/><W93/><G93/><N who="0" m="56359" /><D69/><U128/><E128/><V64/><F5/><W63/><G4/><T130/><D70/><U90/><E104/><V28/><F28/><W132/><G132/><T30/><D72/><U40/><E40/><V94/><F80/><W18/><G18/><N who="0" m="7275" /><D130/><U109/><E109/><V118/><F45/><W65/><G39/><T101/><D107/><U41/><E41/><V20/><F20/><W51/><G38/><T44/><D101/><N who="2" m="39018" /><F57/><W119/><G37/><T50/><D30/><U9/><E106/><V27/><F118/><W92/><G119/><T117/><D117/><U103/><E103/><V116/><F116/><W121/><G121/><T105/><D105/><U78/><E75/><V54/><F54/><W25/><G67/><N who="0" m="39367" /><D44/><U34/><E47/><V0/><F0/><W49/><G65/><T129/><D129/><U123/><E123/><V36/><F36/><W29/><G63/><T135/><D135/><U11/><E42/><V108/><F108/><W84/><G61/><T48/><D50/><U71/><E71/><V59/><F59/><W77/><G49/><T98/><D79/><U15/><E78/><V97/><AGARI ba="0,0" hai="19,21,27,64,66,91,94,97" m="39018,48746" machi="97" ten="30,3000,0" yaku="18,1,52,1" doraHai="22" who="2" fromWho="2" sc="270,-10,196,-10,294,30,240,-10" /><INIT seed="2,1,0,0,5,26" ten="260,186,324,230" oya="2" hai0="106,78,134,72,0,81,67,47,53,73,34,59,70" hai1="95,13,121,18,96,102,60,14,4,44,123,103,46" hai2="86,45,92,69,11,12,20,68,87,120,16,64,3" hai3="85,2,38,133,42,37,127,76,23,9,83,135,8"/><V62/><F120/><W5/><G127/><T74/><D134/><N who="3" m="51209" /><G42/><T111/><D111/><U94/><E60/><V117/><F117/><W79/><G79/><T93/><D106/><U109/><E109/><V80/><F68/><W28/><G9/><T113/><D0/><U101/><E4/><V77/><F45/><N who="1" m="17513" /><E18/><V108/><F108/><W15/><G2/><T132/><D132/><U97/><E123/><V57/><F69/><W88/><G76/><T52/><D113/><U41/><E41/><V35/><F35/><W17/><G5/><T118/><D118/><U50/><E50/><V131/><F131/><W27/><AGARI ba="1,0" hai="8,15,17,23,27,28,37,38,83,85,88" m="51209" machi="27" ten="30,4000,0" yaku="20,1,52,1,54,1" doraHai="26" who="3" fromWho="3" sc="260,-11,186,-11,324,-21,230,43" /><INIT seed="3,0,0,0,5,128" ten="249,175,303,273" oya="3" hai0="97,59,47,99,133,104,125,118,25,91,71,74,19" hai1="111,72,114,67,3,73,26,35,109,50,37,124,61" hai2="53,86,32,55,129,14,96,79,4,20,24,62,57" hai3="5,68,76,115,80,120,95,13,84,1,18,46,93"/><W134/><G115/><T39/><D133/><U65/><E3/><V75/><F129/><W102/><G134/><T44/><D118/><U101/><E114/><V135/><F135/><W52/><G120/><T11/><D71/><N who="1" m="42415" /><E101/><V48/><F75/><N who="1" m="28745" /><E124/><V117/><F117/><W89/><G68/><T64/><D74/><U41/><E50/><V23/><F96/><N who="3" m="59663" /><G1/><T98/><D125/><U85/><E85/><V0/><F0/><W126/><G126/><T127/><D127/><U121/><E67/><V122/><F122/><W21/><G5/><T60/><D104/><U45/><E121/><V131/><F131/><W9/><G21/><T92/><D39/><U108/><E26/><V83/><F32/><AGARI ba="0,0" hai="32,35,37,41,45,108,109,111" m="28745,42415" machi="32" ten="40,2600,0" yaku="14,1,23,1" doraHai="128" who="1" fromWho="2" sc="249,0,175,26,303,-26,273,0" /><INIT seed="4,0,0,4,5,129" ten="249,201,277,273" oya="0" hai0="86,8,122,97,83,39,29,10,127,102,80,95,6" hai1="53,22,107,38,106,51,44,88,0,76,25,37,41" hai2="109,7,81,26,40,85,133,72,70,108,15,57,103" hai3="105,123,31,60,130,77,45,71,34,30,128,119,61"/><T75/><D122/><U62/><E0/><V52/><F70/><W14/><G119/><T17/><D127/><U33/><E33/><V93/><F133/><W32/><G123/><T99/><D39/><U104/><E76/><V12/><F72/><W111/><G111/><T94/><D29/><U54/><E62/><V19/><F40/><W69/><G77/><T73/><D17/><U46/><E88/><N who="2" m="51247" /><F108/><W23/><G14/><T9/><D6/><U2/><E2/><V64/><F64/><W66/><G66/><T126/><D126/><U47/><E47/><V59/><F59/><W131/><G45/><T42/><D42/><U116/><E116/><V11/><F26/><W82/><G105/><T92/><D86/><U112/><E112/><V48/><F109/><W16/><G131/><T74/><D102/><U4/><E4/><V27/><F27/><W5/><G71/><T50/><D50/><U13/><E13/><N who="2" m="7615" /><F7/><W91/><G69/><T55/><D55/><U90/><E90/><V84/><F84/><W3/><G5/><T117/><D117/><U96/><E96/><AGARI ba="0,0" hai="12,15,48,52,57,93,96,103" m="7615,51247" machi="96" ten="30,3900,0" yaku="8,1,54,2" doraHai="129" who="2" fromWho="1" sc="249,0,201,-39,277,39,273,0" /><AGARI ba="0,0" hai="8,9,10,73,74,75,80,83,92,94,95,96,97,99" machi="96" ten="50,12000,1" yaku="29,2,28,2" doraHai="129" who="0" fromWho="1" sc="249,120,162,-120,316,0,273,0" owari="369,46.9,42,-45.8,316,11.6,273,-12.7" /></mjloggm>