<mjloggm ver="2.3"><GO type="225" lobby="0"/><UN n0="%E3%82%BF%E3%83%BC%E3%83%90%E3%83%B3%E9%87%8E%E5%8F%A3" n1="%47%68%6F%73%74%55%30" n2="%72%69%6F%75%63%68%61%6E" n3="%E9%A2%A8%E3%81%A7%E9%B3%B4%E3%81%8F" dan="16,17,16,16" rate="2138.15,2147.31,2104.03,2160.05" sx="M,M,M,M"/><TAIKYOKU oya="0"/><INIT seed="0,0,0,0,1,124" ten="250,250,250,250" oya="0" hai0="86,79,1,7,114,83,37,134,89,129,46,71,128" hai1="69,73,120,87,110,109,61,102,108,122,35,113,28" hai2="75,41,125,81,133,63,99,131,18,55,47,34,112" hai3="91,24,70,49,21,40,19,121,17,100,42,123,20"/><T93/><D71/><U11/><E113/><V2/><F131/><N who="0" m="50250" /><D114/><U13/><E73/><V29/><F18/><W57/><G70/><T22/><D134/><U5/><E87/><V111/><F99/><W135/><G135/><T117/><D117/><U10/><E102/><V38/><F2/><W25/><G100/><T105/><D105/><U6/><E61/><V103/><F63/><W56/><G49/><T72/><D22/><U96/><E96/><V68/><F68/><W82/><G91/><T44/><D37/><U116/><E116/><V65/><F38/><W119/><G119/><T53/><D53/><U77/><E77/><V130/><F55/><W101/><G101/><T98/><D72/><U27/><E69/><V31/><F75/><W8/><G8/><AGARI ba="0,0" hai="1,7,8,44,46,79,83,86,89,93,98" m="50250" machi="8" ten="30,11600,0" yaku="19,1,52,3" doraHai="124" who="0" fromWho="3" sc="250,116,250,0,250,0,250,-116" /><INIT seed="0,1,0,1,4,11" ten="366,250,250,134" oya="0" hai0="30,130,22,93,57,92,77,25,26,41,75,126,38" hai1="108,102,58,1,31,27,121,40,110,35,42,49,74" hai2="62,47,84,87,65,10,61,29,76,112,120,118,67" hai3="101,55,94,128,52,86,135,81,129,16,90,117,115"/><T13/><D126/><U45/><E121/><V105/><F120/><W79/><G117/><T32/><D130/><N who="3" m="50281" /><G115/><T8/><D38/><U119/><E119/><V48/><F112/><W2/><G2/><T96/><D41/><U66/><E74/><V116/><F105/><W97/><G135/><T69/><D69/><U63/><E1/><V100/><F100/><W43/><G43/><T68/><D68/><U19/><E42/><V64/><F29/><W89/><G89/><T104/><D104/><U88/><E102/><V15/><F118/><W50/><G50/><T80/><D57/><U53/><E19/><V37/><F37/><W21/><G79/><T98/><D96/><U5/><E5/><V91/><F76/><W131/><N who="3" m="50289" /><W51/><DORA hai="54" /><G51/><T72/><D98/><U71/><REACH who="1" step="1"/><E88/><REACH who="1" ten="366,240,250,134" step="2"/><V106/><F116/><W107/><G107/><T7/><D72/><U24/><E24/><AGARI ba="1,1" hai="16,21,24,52,55,81,86,90,94,97,101" m="50289" machi="24" ten="40,5200,0" yaku="19,1,54,2" doraHai="11,54" who="3" fromWho="1" sc="366,0,240,-55,250,0,134,65" /><INIT seed="1,0,0,0,3,38" ten="366,185,250,199" oya="1" hai0="109,127,122,39,20,42,121,131,56,48,31,132,55" hai1="57,10,52,0,64,5,79,8,13,78,80,7,82" hai2="134,22,16,32,124,129,87,95,125,59,18,11,69" hai3="25,66,111,51,83,12,45,24,123,28,86,106,105"/><U1/><E64/><V2/><F69/><W15/><G123/><N who="0" m="47115" /><D109/><U70/><E70/><V110/><F110/><W4/><G111/><T35/><D131/><U23/><E23/><V88/><F134/><W91/><G66/><T26/><D132/><U94/><E13/><N who="2" m="7231" /><F32/><W75/><G75/><T54/><D127/><N who="2" m="48714" /><F2/><W77/><G91/><T135/><D135/><U34/><E34/><V113/><F113/><W107/><G15/><T9/><D9/><U43/><E43/><V46/><F129/><W29/><G12/><T101/><D101/><U67/><E67/><V68/><F68/><W21/><G4/><T126/><D126/><U41/><E41/><V14/><F46/><W40/><REACH who="3" step="1"/><G107/><REACH who="3" ten="366,185,250,189" step="2"/><T89/><D89/><U118/><E118/><V100/><F100/><W103/><G103/><T53/><D39/><U74/><E94/><N who="2" m="54559" /><F59/><W76/><G76/><T47/><D56/><U92/><E92/><AGARI ba="0,1" hai="14,18,22,92,95" m="54559,48714,7231" machi="92" ten="30,3900,0" yaku="18,1,54,2" doraHai="38" who="2" fromWho="1" sc="366,0,185,-39,250,49,189,0" /><INIT seed="2,0,0,2,4,88" ten="366,146,299,189" oya="2" hai0="71,114,82,36,118,84,56,6,38,39,7,122,70" hai1="49,29,116,19,102,104,87,64,0,27,135,83,77" hai2="89,123,111,16,115,132,28,42,4,59,32,110,126" hai3="63,51,121,120,66,11,67,117,33,81,12,86,47"/><V22/><F115/><W30/><G117/><T37/><D114/><U40/><E116/><V62/><F123/><W48/><G30/><T75/><D118/><U79/><E135/><V31/><F132/><W34/><G33/><T54/><D122/><U15/><E0/><V18/><F126/><W90/><G34/><T107/><D107/><U99/><E64/><V65/><F32/><W74/><G51/><T91/><N who="0" m="9216" /><DORA hai="69" /><T45/><D45/><U58/><E77/><V25/><F42/><W17/><G67/><T50/><REACH who="0" step="1"/><D75/><REACH who="0" ten="356,146,299,189" step="2"/><U2/><E40/><V57/><F111/><W52/><REACH who="3" step="1"/><G74/><REACH who="3" ten="356,146,299,179" step="2"/><T43/><D43/><U108/><E108/><V10/><F110/><W9/><G9/><T44/><D44/><U35/><E35/><V96/><F59/><AGARI ba="0,2" hai="11,12,17,47,48,52,59,63,66,81,86,90,120,121" machi="59" ten="30,12000,2" yaku="1,1,7,1,25,2,54,1,53,1" doraHai="88,69" doraHaiUra="100,55" who="3" fromWho="2" sc="356,0,146,0,299,-120,179,140" /><INIT seed="3,0,0,1,4,61" ten="356,146,179,319" oya="3" hai0="129,9,67,112,1,49,72,83,127,109,18,28,46" hai1="114,121,96,123,57,124,126,42,24,8,101,128,12" hai2="20,100,0,70,115,17,10,119,60,62,19,15,50" hai3="82,36,7,4,87,111,118,65,120,98,117,73,52"/><W53/><G73/><T116/><D116/><U6/><E42/><V90/><F115/><W56/><G120/><N who="1" m="46154" /><E57/><V16/><F100/><W113/><G113/><T77/><D109/><U37/><E37/><V48/><F119/><W132/><G36/><T47/><D112/><U14/><E96/><V3/><F3/><W122/><G118/><T13/><D28/><U64/><E101/><V45/><F0/><W99/><G117/><T27/><D1/><N who="1" m="79" /><E114/><V130/><F130/><W131/><G122/><T110/><D27/><U102/><E102/><V40/><F70/><W91/><G111/><T104/><D18/><N who="2" m="7274" /><F10/><W97/><G131/><T39/><D13/><N who="1" m="5227" /><E128/><V135/><F135/><W103/><G132/><T35/><D35/><U85/><E85/><V11/><F11/><W5/><G103/><T84/><D9/><U30/><E64/><V69/><F69/><W68/><G68/><T25/><D67/><U32/><AGARI ba="0,0" hai="24,30,32,124,126" m="5227,79,46154" machi="32" ten="30,2000,0" yaku="34,2" doraHai="61" who="1" fromWho="1" sc="356,-5,146,20,179,-5,319,-10" owari="351,45.1,166,-33.4,174,-22.6,309,10.9" /></mjloggm>