<mjloggm ver="2.3"><GO type="225" lobby="0"/><UN n0="%EF%BC%81%E3%81%BC%E3%81%9F%E3%82%82%E3%81%A1%EF%BC%81" n1="%E5%8E%9F%E7%AF%80%E5%AD%90" n2="%77%72%77%72%77%72%77%72" n3="%E8%B6%85%E7%B4%9A%E9%B3%B3%E5%87%B0" dan="17,16,16,16" rate="2203.66,2093.91,2204.64,2119.96" sx="M,F,M,M"/><TAIKYOKU oya="0"/><INIT seed="0,0,0,3,2,26" ten="250,250,250,250" oya="0" hai0="83,61,73,89,125,116,37,23,50,112,9,5,14" hai1="85,27,70,98,39,49,100,15,92,29,1,32,68" hai2="71,113,25,54,135,96,131,106,31,79,76,121,38" hai3="17,95,122,119,118,13,87,60,62,133,33,19,28"/><T41/><D112/><U88/><E39/><V69/><F113/><W57/><G133/><T7/><D116/><U108/><E1/><V77/><F121/><W46/><G122/><T75/><D37/><U101/><E108/><V12/><F135/><W91/><G46/><T82/><D125/><U134/><E134/><V78/><F131/><W0/><G0/><T97/><D7/><U58/><E101/><V94/><F38/><W48/><G17/><T114/><D114/><U24/><E15/><V103/><F12/><W115/><G115/><T18/><D75/><U109/><E24/><V130/><F130/><W53/><G119/><T42/><D61/><U40/><E109/><V120/><F120/><W126/><G126/><T110/><D110/><U104/><REACH who="1" step="1"/><E58/><REACH who="1" ten="250,240,250,250" step="2"/><V47/><F71/><W16/><G118/><T22/><D14/><U93/><E93/><V99/><F69/><W117/><G117/><T43/><D5/><U65/><E65/><V20/><N who="2" m="19456" /><DORA hai="52" /><V66/><F66/><W81/><G81/><T84/><D83/><U86/><E86/><V64/><F64/><W128/><G128/><T56/><D97/><U4/><E4/><V6/><F6/><W30/><G13/><N who="0" m="7471" /><D73/><U124/><E124/><V105/><REACH who="2" step="1"/><F96/><REACH who="2" ten="250,240,240,250" step="2"/><W111/><G111/><T132/><D132/><U44/><AGARI ba="0,2" hai="27,29,32,40,44,49,68,70,85,88,92,98,100,104" machi="44" ten="30,8000,1" yaku="1,1,0,1,52,1,54,1,53,1" doraHai="26,52" doraHaiUra="107,45" who="1" fromWho="1" sc="250,-40,240,100,240,-20,250,-20" /><INIT seed="1,0,0,4,5,45" ten="210,340,220,230" oya="1" hai0="72,37,63,87,103,59,27,68,36,44,38,51,102" hai1="113,84,126,9,98,109,17,73,104,55,35,108,91" hai2="90,5,76,41,111,15,53,16,131,69,135,47,110" hai3="132,118,88,92,48,26,33,60,82,115,97,40,96"/><U28/><E113/><V29/><F69/><W56/><G115/><T25/><D72/><U116/><E116/><V13/><F131/><W134/><G118/><T93/><D68/><U81/><E126/><V34/><F135/><W127/><G127/><T54/><D87/><U75/><E28/><V83/><F90/><W39/><G39/><T1/><D1/><U106/><E35/><V62/><F5/><W46/><G82/><T0/><D0/><U129/><E129/><V64/><F53/><W30/><REACH who="3" step="1"/><G97/><REACH who="3" ten="210,340,220,220" step="2"/><T89/><D37/><U24/><E98/><V2/><F83/><W101/><G101/><N who="0" m="38411" /><D38/><U4/><E81/><V19/><F111/><W61/><G61/><T31/><D36/><U128/><E109/><V14/><F62/><W42/><G42/><T80/><D80/><U105/><E108/><V95/><F41/><W119/><G119/><T57/><D63/><U122/><E128/><V112/><F110/><W130/><G130/><T18/><D89/><U74/><E91/><V124/><F124/><W79/><G79/><T107/><D93/><U23/><E104/><V66/><F95/><W71/><G71/><T50/><D107/><U6/><E105/><V133/><F76/><W99/><G99/><T32/><D51/><U67/><E106/><V125/><F125/><W70/><G70/><T10/><D50/><U22/><E75/><V85/><F112/><W100/><G100/><T114/><D114/><U58/><E74/><V123/><F85/><W77/><G77/><T3/><D44/><U43/><E73/><V94/><F47/><W121/><G121/><RYUUKYOKU ba="0,1" sc="210,-10,340,-10,220,-10,220,30" hai3="26,30,33,40,46,48,56,60,88,92,96,132,134" /><INIT seed="2,1,1,4,1,98" ten="200,330,210,250" oya="2" hai0="19,15,94,14,105,104,79,18,76,16,7,117,75" hai1="27,10,120,32,125,90,69,55,89,13,72,88,22" hai2="53,34,56,21,127,97,73,42,6,74,60,48,44" hai3="3,17,35,107,68,41,122,81,24,65,111,82,115"/><V20/><F127/><W4/><G122/><T116/><D94/><U51/><E69/><V132/><F132/><W63/><G107/><N who="0" m="41035" /><D7/><U31/><E72/><V67/><F34/><W2/><G115/><T28/><D28/><U110/><E125/><V49/><F6/><W93/><G41/><T128/><D75/><U38/><E38/><V133/><F133/><W119/><G119/><N who="0" m="45643" /><D128/><U95/><E120/><V113/><F113/><W1/><G111/><T134/><D134/><U87/><E110/><V131/><F131/><W50/><G4/><T96/><D96/><U85/><E32/><V9/><F97/><W124/><G124/><T54/><D54/><U103/><E87/><V91/><F74/><W59/><G93/><T84/><D84/><U64/><E85/><V0/><F73/><W25/><G35/><T37/><D37/><U57/><E95/><V99/><F0/><W12/><G68/><T36/><D36/><U92/><E92/><N who="2" m="56735" /><F9/><W70/><G70/><T80/><D80/><U29/><E29/><V58/><AGARI ba="1,1" hai="20,21,42,44,48,49,53,56,58,60,67" m="56735" machi="58" ten="30,1500,0" yaku="8,1" doraHai="98" who="2" fromWho="2" sc="200,-6,330,-6,210,28,250,-6" /><INIT seed="2,2,0,5,1,66" ten="194,324,238,244" oya="2" hai0="85,105,1,104,7,132,125,54,110,82,123,42,19" hai1="114,77,99,34,3,112,8,83,4,108,46,116,71" hai2="117,39,124,68,43,28,58,89,51,53,38,64,63" hai3="91,115,72,2,100,80,45,9,30,129,20,79,101"/><V69/><F28/><W88/><G129/><T127/><D42/><U120/><E116/><V103/><F103/><W56/><G115/><T12/><D123/><U78/><E108/><V107/><F107/><W55/><G45/><T121/><D121/><U47/><E34/><V11/><F11/><W128/><G128/><T61/><D110/><U75/><E120/><V50/><F89/><W98/><G101/><T84/><D7/><U133/><E133/><V48/><F117/><W134/><G134/><T13/><D1/><U119/><E119/><V93/><F93/><W40/><G40/><T35/><D35/><U29/><E29/><V17/><F17/><W122/><G122/><T24/><D24/><U126/><E126/><V49/><F124/><W60/><G30/><T18/><D61/><U94/><E78/><V113/><F113/><W16/><G9/><T86/><D86/><U15/><E3/><V25/><F25/><W59/><G59/><T90/><D90/><U81/><E71/><N who="2" m="27211" /><F43/><W74/><G2/><T109/><D109/><U21/><E83/><V27/><F27/><W76/><G79/><T62/><D82/><U5/><E5/><V37/><F50/><W52/><G74/><T87/><D87/><U36/><E21/><V102/><F102/><W14/><G55/><AGARI ba="2,0" hai="37,38,39,48,49,51,53,55,58,63,64" m="27211" machi="55" ten="40,24000,3" yaku="35,5,52,3" doraHai="66" who="2" fromWho="3" sc="194,0,324,0,238,246,244,-246" owari="194,-20.6,324,12.4,484,58.4,-2,-50.2" /></mjloggm>