<mjloggm ver="2.3"><GO type="225" lobby="0"/><UN n0="%E3%82%B2%E3%82%B9%E8%8C%82%E5%8B%9D" n1="%E9%B3%B3%E6%9D%B1%E3%81%AE%E3%81%86%E3%81%95%E3%81%8E%E3%81%95%E3%82%93" n2="%E7%AB%8B%E8%8A%B1%E9%9F%BF" n3="%6D%75%75%73%61%6E%6D%75" dan="16,17,17,17" rate="2107.99,2234.82,2176.41,2164.61" sx="F,M,F,F"/><TAIKYOKU oya="0"/><INIT seed="0,0,0,0,0,122" ten="250,250,250,250" oya="0" hai0="130,72,36,2,77,85,132,7,75,127,66,80,110" hai1="131,74,19,20,40,106,8,52,70,82,57,23,79" hai2="86,83,91,112,22,92,89,27,13,124,1,103,101" hai3="46,90,34,25,26,111,96,18,76,125,100,123,14"/><T81/><D127/><U43/><E70/><V114/><F1/><W134/><G125/><T48/><D132/><U21/><E131/><V113/><F124/><W11/><G134/><T28/><D130/><U53/><E106/><V87/><REACH who="2" step="1"/><F13/><REACH who="2" ten="250,250,240,250" step="2"/><W32/><G14/><T56/><D2/><U102/><E8/><V73/><F73/><W29/><G123/><T121/><D121/><U116/><E116/><V61/><F61/><W50/><G32/><T115/><D72/><U88/><E74/><V45/><F45/><W99/><G46/><T54/><D115/><U126/><E126/><V129/><F129/><W108/><G34/><T30/><D75/><U38/><E21/><V97/><F97/><W58/><G99/><T107/><D85/><U65/><E20/><V133/><F133/><W41/><G96/><T6/><D7/><U49/><E23/><V9/><F9/><W60/><G11/><T5/><D6/><U24/><E24/><V118/><F118/><W135/><G135/><T0/><D5/><U93/><E19/><AGARI ba="0,1" hai="19,22,27,83,86,87,89,91,92,101,103,112,113,114" machi="19" ten="40,1300,0" yaku="1,1,53,0" doraHai="122" doraHaiUra="69" who="2" fromWho="1" sc="250,0,250,-13,240,23,250,0" /><INIT seed="1,0,0,3,1,102" ten="250,237,263,250" oya="1" hai0="67,134,113,120,112,62,63,4,73,28,1,54,125" hai1="107,131,88,33,20,83,70,23,42,32,31,101,109" hai2="19,115,11,29,58,123,130,91,108,81,106,93,2" hai3="75,48,87,39,44,46,6,82,40,9,47,127,35"/><U128/><E70/><V41/><F123/><W78/><G127/><T76/><D125/><U118/><E118/><V59/><F108/><W126/><G126/><T110/><D110/><U100/><E109/><V84/><F130/><N who="1" m="49705" /><E42/><V22/><F115/><W13/><G35/><N who="1" m="13386" /><E31/><V90/><F106/><W77/><G75/><T94/><D134/><U85/><E101/><V30/><F41/><W69/><G69/><T68/><D120/><U55/><E55/><V53/><F2/><W79/><G39/><T105/><D28/><N who="2" m="10858" /><F11/><W97/><REACH who="3" step="1"/><G97/><AGARI ba="0,0" hai="20,23,83,85,88,97,100,107" m="13386,49705" machi="97" ten="30,5800,0" yaku="19,1,52,1,54,1" doraHai="102" who="1" fromWho="3" sc="250,0,237,58,263,0,250,-58" /><INIT seed="1,1,0,4,1,54" ten="250,295,263,192" oya="1" hai0="39,64,33,73,88,127,122,103,107,108,84,131,6" hai1="106,40,126,49,52,43,27,102,68,109,83,44,128" hai2="17,74,0,53,9,4,42,31,125,13,94,85,58" hai3="81,82,16,2,1,69,45,135,8,29,51,28,32"/><U110/><E128/><V104/><F104/><W111/><G69/><T70/><RYUUKYOKU type="yao9" ba="1,0" sc="250,0,295,0,263,0,192,0" hai0="6,33,39,64,70,73,84,88,103,107,108,122,127,131" /><INIT seed="1,2,0,4,0,100" ten="250,295,263,192" oya="1" hai0="57,49,14,126,71,27,6,11,66,111,117,22,118" hai1="82,33,67,64,20,69,105,59,101,92,83,128,90" hai2="95,102,38,133,99,113,108,70,32,130,24,52,13" hai3="72,77,87,79,19,121,44,29,88,134,122,55,45"/><U112/><E33/><V68/><F38/><W3/><G72/><T80/><D111/><U132/><E69/><V94/><F108/><W103/><G3/><T114/><D114/><U12/><E112/><V26/><F113/><W39/><G134/><T35/><D126/><U48/><E128/><V81/><F133/><W85/><G121/><T5/><D35/><U124/><E124/><V30/><F130/><W4/><G4/><T61/><D5/><U8/><E132/><V7/><F26/><W9/><G122/><T74/><D74/><U119/><E119/><V62/><F81/><N who="1" m="30729" /><E105/><V91/><F13/><N who="3" m="7599" /><G39/><T96/><D80/><U75/><E101/><V60/><F7/><W42/><G103/><T23/><D23/><U40/><E20/><V58/><REACH who="2" step="1"/><F62/><REACH who="2" ten="250,295,253,192" step="2"/><W98/><G79/><T86/><D117/><U50/><E75/><V116/><F116/><W0/><G77/><T78/><D118/><U120/><E120/><V109/><F109/><W36/><G36/><T21/><D78/><U43/><E12/><V16/><F16/><W25/><G0/><T17/><D14/><U10/><E50/><V1/><F1/><W56/><G25/><T41/><D27/><U129/><E129/><V97/><AGARI ba="2,1" hai="24,30,32,52,58,60,68,70,91,94,95,97,99,102" machi="97" ten="20,5200,0" yaku="1,1,0,1,7,1,54,1,53,0" doraHai="100" doraHaiUra="123" who="2" fromWho="2" sc="250,-15,295,-28,253,68,192,-15" /><INIT seed="2,0,0,0,3,75" ten="235,267,321,177" oya="2" hai0="135,19,134,87,47,3,107,37,113,63,74,108,78" hai1="4,131,22,68,11,62,2,109,20,132,33,23,69" hai2="82,53,86,16,70,59,49,0,28,67,39,124,57" hai3="42,41,21,126,81,1,103,29,60,27,30,43,54"/><V79/><F39/><W91/><G1/><T55/><D108/><U112/><E112/><V105/><F0/><W117/><G117/><T121/><D121/><U66/><E109/><V38/><F38/><W15/><G126/><T17/><D113/><U35/><E131/><V40/><F105/><W8/><G103/><T118/><D118/><U52/><E132/><N who="0" m="50729" /><D3/><U9/><E69/><V88/><F28/><W24/><G60/><T10/><D74/><U94/><E9/><V99/><F40/><W104/><G104/><T25/><D107/><U64/><E64/><V85/><F99/><W46/><G54/><T58/><D10/><U96/><REACH who="1" step="1"/><E52/><REACH who="1" ten="235,257,321,177" step="2"/><V56/><F124/><W7/><G46/><T116/><D116/><U73/><E73/><V125/><F125/><W90/><REACH who="3" step="1"/><G81/><REACH who="3" ten="235,257,321,167" step="2"/><N who="0" m="47543" /><D47/><U123/><E123/><V89/><F67/><W80/><G80/><T101/><D55/><U102/><AGARI ba="0,2" hai="2,4,11,20,22,23,33,35,62,66,68,94,96,102" machi="102" ten="30,2000,0" yaku="1,1,0,1,53,0" doraHai="75" doraHaiUra="44" who="1" fromWho="1" sc="235,-5,257,40,321,-10,167,-5" /><INIT seed="3,0,0,3,2,25" ten="230,297,311,162" oya="3" hai0="32,21,117,113,79,122,105,0,76,1,84,98,47" hai1="36,100,77,19,15,83,31,13,135,40,68,43,33" hai2="123,28,85,131,75,3,90,49,88,18,73,103,54" hai3="89,62,35,114,128,101,4,108,16,5,55,8,34"/><W118/><G114/><T26/><D117/><U59/><E68/><V124/><F28/><W61/><G118/><T2/><D122/><U22/><E135/><V52/><F3/><W112/><G112/><T91/><D32/><U104/><E104/><V96/><F123/><W134/><G134/><T111/><D113/><U60/><E100/><V27/><F131/><W110/><G128/><T58/><D111/><N who="3" m="42537" /><G101/><T12/><D12/><U130/><E130/><V74/><F124/><W20/><G89/><T37/><D58/><U127/><E127/><V9/><F85/><W93/><G93/><T67/><D67/><U50/><E50/><V95/><F54/><W92/><G92/><T71/><D71/><U11/><E36/><V99/><F99/><W82/><G82/><T72/><D72/><U41/><E33/><N who="3" m="12298" /><G55/><T48/><D98/><U65/><E83/><V42/><F42/><W94/><G94/><T23/><D37/><U70/><E77/><N who="0" m="29769" /><D105/><U78/><E78/><V30/><F90/><W64/><G64/><T87/><D87/><U80/><E80/><V86/><F86/><W51/><G51/><T17/><D84/><U10/><E43/><V38/><F38/><W56/><G8/><T125/><D125/><U126/><E126/><V44/><F103/><W97/><G97/><T57/><D91/><U45/><E10/><V63/><F9/><W109/><N who="3" m="42545" /><W46/><DORA hai="102" /><G46/><T120/><D120/><U116/><E45/><V29/><F74/><W6/><G56/><T24/><D57/><N who="1" m="37007" /><E116/><V129/><F129/><W132/><G132/><T119/><D119/><RYUUKYOKU ba="0,0" sc="230,-10,297,-10,311,-10,162,30" hai3="4,5,6,16,20,61,62" /><INIT seed="3,1,0,3,5,46" ten="220,287,301,192" oya="3" hai0="133,28,95,128,50,83,105,45,85,78,135,111,48" hai1="68,7,35,36,98,114,17,71,42,44,24,115,31" hai2="87,15,80,107,51,9,79,22,5,99,53,39,25" hai3="2,75,27,123,100,1,26,32,29,124,60,132,89"/><W109/><G75/><T106/><D111/><U47/><E17/><V49/><F39/><W41/><G123/><T88/><D128/><U97/><E44/><V10/><F10/><W70/><G109/><T12/><D28/><U66/><E7/><V102/><F53/><W0/><G124/><T84/><D12/><U21/><E21/><V129/><F129/><W90/><G132/><N who="0" m="50763" /><D45/><U92/><E97/><V54/><F54/><W110/><G110/><T101/><D101/><U134/><E134/><V112/><F112/><W82/><G41/><T91/><D91/><U81/><E81/><V94/><F107/><AGARI ba="1,0" hai="48,50,78,83,84,85,88,95,105,106,107" m="50763" machi="107" ten="30,7700,0" yaku="20,1,52,2,54,1" doraHai="46" who="0" fromWho="2" sc="220,80,287,0,301,-80,192,0" owari="300,40.0,287,8.7,221,-17.9,192,-30.8" /></mjloggm>