<mjloggm ver="2.3"><GO type="225" lobby="0"/><UN n0="%E6%A1%9C%E8%8A%B1%E9%96%83%E3%80%85" n1="%E3%81%B8%E3%82%80%E3%81%B8%E3%82%80%EF%BC%92%E5%8F%B7" n2="%E3%82%BC%E3%83%AB%E3%83%80%E3%81%AE%E4%BC%9D%E8%AA%AC" n3="%33%74%72%65%65" dan="18,16,16,16" rate="2175.08,2115.82,2168.59,2108.26" sx="M,M,M,F"/><TAIKYOKU oya="0"/><INIT seed="0,0,0,5,5,91" ten="250,250,250,250" oya="0" hai0="33,9,127,19,107,45,128,62,61,115,109,75,63" hai1="119,71,70,43,13,108,50,25,132,23,36,110,78" hai2="73,93,68,105,81,125,82,26,24,95,104,54,79" hai3="0,31,47,103,22,72,102,2,21,4,124,121,60"/><T53/><D115/><U28/><E119/><V83/><F68/><W10/><G72/><T112/><D112/><U129/><E129/><V77/><F54/><W58/><G2/><T69/><D128/><U67/><E132/><V46/><F46/><W101/><G124/><T5/><D107/><N who="2" m="41034" /><F125/><W134/><G134/><T34/><D127/><U99/><E36/><V55/><F55/><W27/><G121/><T18/><D75/><U131/><E131/><V49/><F49/><W116/><G116/><T17/><D69/><U111/><E78/><N who="2" m="29707" /><F73/><W11/><G11/><T14/><D109/><U92/><E13/><V87/><F87/><W106/><G47/><T88/><D45/><N who="1" m="25919" /><E67/><V37/><F37/><W120/><G120/><T80/><D53/><U117/><E117/><V98/><F98/><W96/><REACH who="3" step="1"/><G22/><REACH who="3" ten="250,250,250,240" step="2"/><T76/><D34/><U1/><E1/><V7/><F7/><W39/><G39/><T44/><D33/><U74/><E74/><V52/><F52/><AGARI ba="0,1" hai="0,4,10,21,27,31,52,58,60,96,101,102,103,106" machi="52" ten="30,3900,0" yaku="1,1,7,1,54,1,53,0" doraHai="91" doraHaiUra="64" who="3" fromWho="2" sc="250,0,250,0,250,-39,240,49" /><INIT seed="1,0,0,1,3,41" ten="250,250,211,289" oya="1" hai0="24,28,104,38,59,29,20,133,134,33,43,65,109" hai1="77,53,79,18,85,132,88,49,99,14,81,91,35" hai2="6,46,12,121,0,70,5,122,2,97,129,4,100" hai3="120,67,115,71,23,83,26,31,62,27,86,50,101"/><U116/><E132/><N who="0" m="50793" /><D104/><U68/><E68/><V40/><F70/><W3/><G120/><T17/><D109/><U117/><E35/><V112/><F129/><W95/><G115/><T21/><D33/><U125/><E125/><V56/><F112/><W32/><G3/><T30/><D59/><U75/><E75/><V36/><F12/><W106/><G106/><T105/><D65/><U16/><E18/><V126/><F126/><W89/><G50/><T11/><D105/><U39/><E39/><V8/><F56/><W84/><G101/><T119/><D119/><U48/><E48/><V78/><F78/><N who="1" m="29705" /><E117/><V7/><REACH who="2" step="1"/><F2/><REACH who="2" ten="250,250,201,289" step="2"/><W51/><G71/><T45/><D11/><N who="1" m="6239" /><E116/><V103/><F103/><W94/><G27/><AGARI ba="0,1" hai="17,20,21,24,27,28,29,30,38,43,45" m="50793" machi="27" ten="30,2000,0" yaku="20,1,52,1" doraHai="41" who="0" fromWho="3" sc="250,30,250,0,201,0,289,-20" /><INIT seed="2,0,0,3,3,17" ten="280,250,201,269" oya="2" hai0="60,92,13,135,96,104,82,127,29,52,116,9,84" hai1="106,120,61,23,122,100,35,63,40,36,65,112,134" hai2="55,97,78,5,53,124,7,54,68,31,32,70,0" hai3="89,132,27,91,46,79,98,99,43,26,118,37,133"/><V38/><F38/><W83/><G118/><T28/><D104/><U74/><E112/><V59/><F124/><W51/><G37/><T41/><D135/><N who="3" m="51785" /><G99/><T93/><D41/><U15/><E35/><V16/><F78/><W19/><G98/><T90/><D127/><U49/><E74/><V42/><F42/><W47/><G47/><T11/><D93/><U25/><E15/><V39/><F39/><W76/><G76/><T45/><D116/><U72/><E72/><V128/><F128/><W33/><G27/><T105/><D105/><U3/><E3/><V85/><F97/><W75/><G19/><T114/><D114/><U4/><E4/><V95/><F7/><W58/><G58/><N who="0" m="34887" /><D45/><N who="1" m="25767" /><E134/><V71/><F59/><W109/><G109/><T10/><D13/><U6/><E6/><V30/><F32/><W94/><G94/><T80/><D80/><U87/><E36/><V48/><F5/><W111/><G111/><T131/><D131/><U57/><E87/><V123/><F0/><W110/><G110/><T1/><D1/><U107/><E100/><AGARI ba="0,0" hai="9,10,11,28,29,82,84,90,92,96,100" m="34887" machi="100" ten="30,2000,0" yaku="8,1,54,1" doraHai="17" who="0" fromWho="1" sc="280,20,250,-20,201,0,269,0" /><INIT seed="3,0,0,3,1,122" ten="300,230,201,269" oya="3" hai0="17,19,48,66,129,78,25,49,123,101,21,73,20" hai1="41,86,93,75,96,95,70,114,91,92,39,12,58" hai2="23,85,36,76,1,67,15,65,130,3,54,68,132" hai3="56,61,112,90,59,125,103,45,87,62,106,63,18"/><W77/><G125/><T118/><D118/><U37/><E70/><V34/><F34/><W69/><G69/><T64/><D123/><U5/><E75/><V104/><F104/><W105/><G77/><T60/><D129/><U121/><E121/><V43/><F130/><W42/><G18/><T2/><D2/><U127/><E114/><V47/><F132/><W30/><G30/><T81/><D101/><U9/><E127/><V120/><F120/><W11/><G11/><T33/><D33/><U97/><E58/><V29/><F54/><W128/><G112/><T53/><D60/><U32/><E32/><V135/><F135/><W22/><G22/><T50/><REACH who="0" step="1"/><D53/><REACH who="0" ten="290,230,201,269" step="2"/><U55/><E55/><V4/><F3/><W111/><G62/><T24/><AGARI ba="0,1" hai="17,19,20,21,24,25,48,49,50,64,66,73,78,81" machi="24" ten="30,7900,0" yaku="1,1,2,1,0,1,9,1,53,0" doraHai="122" doraHaiUra="71" who="0" fromWho="0" sc="290,89,230,-20,201,-20,269,-39" owari="379,47.9,210,-19.0,181,-31.9,230,3.0" /></mjloggm>