<mjloggm ver="2.3"><GO type="225" lobby="0"/><UN n0="%6D%75%75%6D%75%72%61" n1="%E3%81%AA%E3%81%A1%30%39%32%37" n2="%E5%8F%AF%E5%85%90%E9%82%A3%E7%94%B1%E5%A4%9A" n3="%63%68%78%62%64" dan="17,16,17,16" rate="2197.04,2101.41,2247.10,2144.65" sx="F,M,F,M"/><TAIKYOKU oya="0"/><INIT seed="0,0,0,4,0,7" ten="250,250,250,250" oya="0" hai0="67,105,116,117,31,135,132,108,56,85,78,52,40" hai1="18,124,26,125,109,9,36,69,24,35,4,41,22" hai2="39,76,53,82,107,6,46,96,112,114,11,33,118" hai3="2,42,32,37,0,12,23,57,133,34,97,21,103"/><T55/><D105/><U121/><E69/><V71/><F33/><W15/><G133/><N who="0" m="51275" /><D40/><U5/><E41/><V90/><F71/><W89/><G42/><T3/><D108/><U47/><E47/><V128/><F128/><W77/><G37/><T106/><D106/><U123/><E36/><V93/><F118/><N who="0" m="45674" /><D3/><N who="1" m="159" /><E5/><V80/><F107/><W129/><G77/><T75/><D75/><U28/><E109/><V102/><F102/><W120/><G103/><T25/><D78/><U126/><AGARI ba="0,0" hai="18,22,24,26,28,35,121,123,124,125,126" m="159" machi="126" ten="30,7900,0" yaku="18,1,34,2,52,1" doraHai="7" who="1" fromWho="1" sc="250,-39,250,79,250,-20,250,-20" /><INIT seed="1,0,0,0,1,97" ten="211,329,230,230" oya="1" hai0="120,121,39,130,110,105,85,23,70,83,64,22,95" hai1="84,77,19,113,126,80,54,93,3,75,98,100,63" hai2="9,18,92,109,7,52,118,0,12,37,25,32,59" hai3="108,14,69,27,67,45,82,43,65,79,56,74,129"/><U132/><E3/><V61/><F118/><W42/><G108/><T55/><D105/><U68/><E113/><V89/><F109/><W112/><G112/><T62/><D110/><U31/><E132/><V5/><F37/><W47/><G129/><T119/><D119/><U1/><E1/><V99/><F32/><W26/><G69/><T131/><D39/><U111/><E111/><V114/><F114/><W33/><G14/><T40/><D40/><U58/><E126/><V128/><F128/><N who="0" m="49194" /><D95/><U28/><E68/><V116/><F116/><W8/><G8/><T71/><D55/><U24/><REACH who="1" step="1"/><E75/><REACH who="1" ten="211,319,230,230" step="2"/><V60/><F0/><W57/><G74/><T21/><D70/><U134/><E134/><V48/><F5/><W133/><G133/><T76/><AGARI ba="0,1" hai="21,22,23,62,64,71,76,83,85,120,121" m="49194" machi="76" ten="40,1500,0" yaku="19,1" doraHai="97" who="0" fromWho="0" sc="211,25,319,-7,230,-4,230,-4" /><INIT seed="2,0,0,0,4,127" ten="236,312,226,226" oya="2" hai0="96,128,129,19,26,115,20,61,42,81,40,59,78" hai1="34,99,8,69,133,45,103,14,21,52,98,87,2" hai2="75,131,117,54,66,125,39,57,53,83,114,102,132" hai3="49,122,24,29,31,123,23,86,16,67,58,63,41"/><V47/><F102/><W48/><G86/><T116/><D115/><U3/><E34/><V108/><F114/><W28/><REACH who="3" step="1"/><G41/><REACH who="3" ten="236,312,226,216" step="2"/><T32/><D42/><U68/><E87/><V1/><F125/><W71/><G71/><T56/><D40/><U11/><E68/><V84/><F84/><W106/><G106/><T89/><D116/><U17/><E69/><V130/><F117/><W51/><AGARI ba="0,1" hai="16,23,24,28,29,31,48,49,51,58,63,67,122,123" machi="51" ten="30,4000,0" yaku="1,1,0,1,54,1,53,0" doraHai="127" doraHaiUra="121" who="3" fromWho="3" sc="236,-10,312,-10,226,-20,216,50" /><INIT seed="3,0,0,3,0,128" ten="226,302,206,266" oya="3" hai0="44,49,32,80,2,72,34,45,105,65,52,29,71" hai1="46,20,129,101,4,126,38,31,89,97,58,75,77" hai2="119,100,21,73,69,42,90,120,68,131,79,63,134" hai3="66,12,102,28,93,110,96,115,83,132,78,14,85"/><W7/><G115/><T9/><D105/><U121/><E121/><V82/><F119/><W133/><G28/><T91/><D45/><U125/><E129/><V35/><F131/><W3/><G66/><T114/><D114/><U43/><E58/><V118/><F118/><W95/><G110/><T84/><D72/><U36/><E89/><V130/><F130/><W5/><G3/><T112/><D112/><U116/><E116/><V104/><F35/><W48/><G48/><T67/><D29/><U87/><E87/><V11/><F120/><W13/><REACH who="3" step="1"/><G95/><REACH who="3" ten="226,302,206,256" step="2"/><T117/><D67/><U37/><E31/><V60/><F60/><W86/><G86/><T106/><D117/><U0/><E0/><V47/><F63/><W24/><G24/><T10/><D2/><U26/><E37/><V33/><F33/><W62/><G62/><T107/><D34/><U61/><E36/><V40/><F104/><W127/><G127/><T109/><D32/><U15/><E61/><V70/><F73/><W111/><G111/><T103/><D109/><U30/><E75/><V41/><F69/><W53/><G53/><T57/><D71/><U64/><E64/><V18/><F68/><W39/><G39/><T22/><D107/><U27/><E27/><V74/><F70/><W92/><G92/><T1/><D1/><U135/><E126/><V123/><F74/><W122/><G122/><T76/><D65/><U23/><E125/><V25/><F25/><W8/><G8/><T56/><D10/><U108/><E26/><V55/><F123/><W17/><G17/><T94/><D9/><RYUUKYOKU ba="0,1" sc="226,-10,302,-10,206,-10,256,30" hai3="5,7,12,13,14,78,83,85,93,96,102,132,133" /><INIT seed="3,1,1,4,5,17" ten="216,292,196,286" oya="3" hai0="43,83,21,90,106,112,110,6,23,94,105,95,84" hai1="46,12,101,74,122,10,54,38,109,85,91,48,134" hai2="92,124,45,131,66,26,78,0,8,135,71,127,88" hai3="25,4,30,34,36,19,100,64,75,63,108,103,50"/><W49/><G36/><T60/><D110/><U129/><E122/><V133/><F78/><W42/><G108/><T15/><D112/><U82/><E109/><V32/><F45/><W7/><G75/><T76/><D43/><U52/><E134/><N who="2" m="51211" /><F66/><W80/><G80/><T81/><D106/><U24/><E129/><V51/><F71/><N who="3" m="42399" /><G19/><T35/><D35/><U13/><E38/><V130/><F51/><N who="3" m="19467" /><G42/><T22/><D60/><U87/><E101/><V114/><F114/><W93/><G93/><N who="0" m="35339" /><D105/><U125/><E125/><N who="2" m="48203" /><F26/><W28/><G28/><T117/><D117/><U16/><E24/><V86/><F32/><W53/><G53/><T62/><D62/><U111/><E111/><V128/><F8/><W116/><G116/><T5/><D15/><N who="1" m="7287" /><E54/><V18/><F18/><W72/><G72/><T37/><D37/><U20/><E74/><V2/><AGARI ba="1,1" hai="0,2,86,88,92,128,130,131" m="48203,51211" machi="2" ten="40,32000,5" yakuman="39" doraHai="17" who="2" fromWho="2" sc="216,-81,292,-81,196,333,286,-161" owari="135,-26.5,211,1.1,529,62.9,125,-37.5" /></mjloggm>