<mjloggm ver="2.3"><GO type="225" lobby="0"/><UN n0="%E5%8D%A0%E3%81%84%E5%B8%AB%E8%A3%8F%E3%81%AA%E3%81%84%E3%81%97" n1="%E3%81%95%E3%81%8D%E3%81%9F%E3%81%BE%E6%9E%97%E6%AA%8E" n2="%E3%82%B7%E3%83%A5%E3%83%9E%E3%82%A4%E3%82%B1%E3%83%AB" n3="%4C%4F%4C%49%54%41" dan="17,16,16,16" rate="2230.17,2072.29,2147.45,2182.50" sx="M,M,M,F"/><TAIKYOKU oya="0"/><INIT seed="0,0,0,2,2,31" ten="250,250,250,250" oya="0" hai0="48,73,76,97,1,61,9,56,83,58,35,15,30" hai1="122,127,131,60,100,50,5,28,49,3,95,65,53" hai2="110,63,74,37,106,39,118,115,38,91,46,125,107" hai3="70,116,18,109,19,98,102,6,42,72,34,43,55"/><T117/><D117/><U126/><E122/><V26/><F115/><W105/><G116/><T82/><D1/><U79/><E79/><V33/><F118/><W89/><G72/><T67/><D82/><U101/><E131/><V113/><F113/><W64/><G109/><T84/><D73/><U108/><E108/><V124/><F110/><W0/><G55/><T4/><D97/><U21/><E3/><V119/><F119/><W8/><G89/><T51/><REACH who="0" step="1"/><D58/><REACH who="0" ten="240,250,250,250" step="2"/><U103/><E127/><V128/><F74/><W114/><G114/><T14/><D14/><U80/><E126/><V52/><F124/><W44/><G98/><T69/><D69/><U121/><E121/><V57/><F125/><W77/><G70/><T92/><D92/><U54/><E80/><V24/><F128/><W7/><G105/><T135/><D135/><U22/><E95/><V66/><F106/><W36/><G0/><T40/><D40/><U16/><E101/><V87/><F107/><W59/><G43/><T86/><D86/><U12/><E100/><V41/><F24/><AGARI ba="0,1" hai="4,9,15,24,30,35,48,51,56,61,67,76,83,84" machi="24" ten="40,3900,0" yaku="1,1,52,1,53,0" doraHai="31" doraHaiUra="85" who="0" fromWho="2" sc="240,49,250,0,250,-39,250,0" /><INIT seed="0,1,0,4,3,53" ten="289,250,211,250" oya="0" hai0="37,15,11,67,77,73,126,116,120,84,127,41,124" hai1="36,122,39,96,16,131,4,97,86,119,64,102,107" hai2="19,69,114,32,134,29,13,110,83,113,10,54,8" hai3="23,45,106,125,25,79,34,98,35,89,117,52,28"/><T27/><D116/><U62/><E119/><V100/><F69/><W75/><G117/><T130/><D120/><U56/><E122/><V48/><F110/><W6/><G125/><T1/><D130/><U33/><E131/><V74/><F100/><W38/><G6/><N who="0" m="1487" /><D67/><U70/><E4/><V42/><F42/><W133/><G133/><T95/><D15/><U31/><E97/><V55/><F134/><W132/><G132/><T108/><D108/><U21/><E86/><V81/><F8/><W101/><G38/><T43/><D37/><U129/><E129/><V118/><F118/><W71/><G71/><T57/><D73/><U128/><E128/><V5/><F5/><W93/><G45/><T3/><D3/><U94/><E94/><V72/><F72/><W49/><G75/><T63/><D27/><N who="1" m="18687" /><E56/><V103/><F74/><W99/><REACH who="3" step="1"/><G79/><REACH who="3" ten="289,250,211,240" step="2"/><T111/><D111/><U14/><AGARI ba="1,1" hai="14,16,21,36,39,62,64,70,96,102,107" m="18687" machi="14" ten="30,2000,0" yaku="25,1,54,1" doraHai="53" who="1" fromWho="1" sc="289,-11,250,33,211,-6,240,-6" /><INIT seed="1,0,0,4,0,96" ten="278,283,205,234" oya="1" hai0="30,3,48,119,104,77,76,39,85,20,79,134,61" hai1="15,4,69,47,106,0,34,44,117,9,71,116,118" hai2="102,121,114,115,88,51,132,12,1,53,21,56,75" hai3="24,112,36,10,82,129,43,98,22,81,123,89,38"/><U73/><E73/><V99/><F121/><W6/><G123/><T42/><D119/><U80/><E34/><V54/><F1/><W23/><G112/><T127/><D3/><U105/><E80/><V95/><F75/><W70/><G70/><T59/><D134/><U18/><E47/><V101/><F132/><W110/><G110/><T19/><D127/><U57/><E57/><N who="2" m="32959" /><F114/><W68/><G68/><T122/><D104/><U124/><E124/><V64/><F64/><W16/><G129/><T107/><D107/><U26/><E69/><V113/><F113/><W8/><G8/><T78/><D39/><U11/><E71/><V5/><F115/><W52/><G43/><T32/><D32/><U55/><E26/><V63/><F21/><W14/><G82/><N who="0" m="47303" /><D30/><U93/><E93/><V109/><F109/><W128/><G128/><T120/><D120/><U90/><E90/><V60/><F63/><W46/><G22/><T125/><D125/><U74/><E74/><V7/><F7/><W97/><G97/><T62/><D122/><U133/><E133/><V108/><F108/><W135/><G135/><T67/><D61/><U84/><E0/><V2/><F2/><W100/><G81/><T83/><D83/><U17/><E118/><V131/><F131/><W29/><G6/><T41/><D48/><N who="1" m="29063" /><E4/><V72/><F72/><W27/><G27/><AGARI ba="0,0" hai="19,20,27,41,42,59,62,67,77,78,79" m="47303" machi="27" ten="30,1000,0" yaku="8,1" doraHai="96" who="0" fromWho="3" sc="278,10,283,0,205,0,234,-10" /><INIT seed="2,0,0,4,2,84" ten="288,283,205,224" oya="2" hai0="99,90,50,18,112,82,120,108,132,16,32,38,93" hai1="13,52,1,69,57,79,116,74,125,128,10,88,31" hai2="123,8,4,66,17,24,43,77,131,36,64,127,117" hai3="71,133,73,39,26,41,56,86,135,33,111,20,28"/><V53/><F117/><W63/><G73/><T19/><D38/><U22/><E116/><V61/><F123/><W109/><G71/><T113/><D120/><U100/><E69/><V89/><F127/><W130/><G130/><T58/><D32/><U72/><E1/><V0/><F131/><W60/><G41/><T68/><D68/><U119/><E119/><V94/><F77/><W122/><G39/><T105/><D105/><U78/><E128/><V14/><F43/><W54/><G122/><T134/><D108/><N who="3" m="41545" /><G60/><T98/><D98/><U81/><E100/><V67/><F36/><W92/><G33/><T80/><D80/><U129/><E129/><V103/><F103/><W23/><G23/><T49/><D82/><U35/><E35/><V114/><F114/><N who="0" m="44138" /><D58/><U118/><E118/><V85/><F24/><W59/><G56/><T29/><D29/><U46/><E46/><V87/><F53/><W27/><G26/><T55/><D55/><U101/><E74/><V70/><REACH who="2" step="1"/><F85/><REACH who="2" ten="288,283,195,224" step="2"/><W104/><G104/><T3/><D3/><U47/><E72/><V5/><F5/><W44/><G44/><T7/><D7/><U2/><E47/><V121/><F121/><W9/><G86/><T106/><D106/><U65/><E101/><V75/><F75/><W97/><G133/><AGARI ba="0,1" hai="16,18,19,49,50,90,93,99,132,133,134" m="44138" machi="133" ten="40,5200,0" yaku="20,1,52,1,54,1" doraHai="84" who="0" fromWho="3" sc="288,62,283,0,195,0,224,-52" /><INIT seed="3,0,0,1,4,6" ten="350,283,195,172" oya="3" hai0="65,57,50,101,23,121,116,89,106,111,120,77,123" hai1="103,52,105,24,74,34,8,5,44,16,22,114,66" hai2="80,87,75,133,94,112,110,31,25,37,14,109,30" hai3="12,63,73,45,131,130,119,108,19,67,59,81,29"/><W102/><G119/><T18/><D116/><U4/><E114/><V55/><F112/><W13/><G29/><T32/><D32/><U71/><E74/><V97/><F37/><W62/><G108/><N who="2" m="41577" /><F75/><W72/><G102/><T64/><D111/><U36/><E36/><V68/><F68/><W113/><G113/><T126/><D77/><U104/><E5/><V99/><F133/><W85/><G45/><T129/><D129/><N who="3" m="49161" /><G62/><T0/><D101/><U134/><E134/><V100/><F55/><W93/><G93/><T42/><D106/><U95/><E34/><V91/><F25/><W51/><G51/><T40/><D50/><N who="1" m="28743" /><E71/><V53/><F53/><W127/><G127/><T41/><D126/><U58/><E105/><N who="2" m="63631" /><F14/><N who="3" m="5739" /><G19/><T47/><D121/><U98/><E104/><V83/><F83/><W78/><AGARI ba="0,0" hai="59,63,67,72,73,78,81,85" m="5739,49161" machi="78" ten="30,1500,0" yaku="19,1" doraHai="6" who="3" fromWho="3" sc="350,-5,283,-5,195,-5,172,15" /><INIT seed="3,1,0,3,5,9" ten="345,278,190,187" oya="3" hai0="0,7,62,45,70,133,42,47,16,27,131,68,73" hai1="56,82,116,55,118,19,90,23,34,12,106,122,24" hai2="91,110,67,114,29,58,28,37,104,38,124,117,65" hai3="60,115,96,92,98,22,17,84,81,99,59,44,1"/><W63/><G1/><T130/><D73/><U18/><E122/><V100/><F114/><W80/><G115/><T4/><D133/><U3/><E3/><V30/><F117/><N who="1" m="45161" /><E106/><V127/><F110/><W113/><G113/><T66/><D68/><U111/><E111/><V97/><F91/><N who="3" m="53351" /><G44/><T85/><D45/><U69/><E69/><V15/><F15/><N who="3" m="9535" /><G63/><T87/><D0/><U20/><E34/><V88/><F88/><W107/><G107/><T35/><D35/><U93/><E82/><V120/><F120/><W125/><G125/><N who="2" m="48201" /><F58/><W103/><G103/><T6/><D85/><N who="1" m="52431" /><E56/><V109/><F109/><W72/><G72/><T43/><D87/><U121/><E121/><V134/><F134/><W71/><G71/><T21/><D47/><U77/><E77/><V50/><F50/><W48/><G48/><T105/><D105/><U41/><E41/><V78/><F78/><W102/><G102/><T14/><D43/><U25/><E55/><AGARI ba="1,0" hai="55,59,60,80,81,96,98,99" m="9535,53351" machi="55" ten="30,2900,0" yaku="8,1,52,1" doraHai="9" who="3" fromWho="1" sc="345,0,278,-32,190,0,187,32" /><INIT seed="3,2,0,2,5,12" ten="345,246,190,219" oya="3" hai0="81,39,5,82,71,80,135,84,102,53,129,24,111" hai1="130,104,73,103,50,28,60,3,21,94,6,59,76" hai2="35,65,47,54,70,29,78,75,128,127,113,112,108" hai3="42,72,44,18,83,67,16,119,62,40,58,109,134"/><W66/><G119/><T68/><D111/><U123/><E123/><V30/><F108/><W56/><G109/><T13/><D39/><U124/><E104/><V43/><F127/><W93/><G134/><T61/><D135/><U106/><E106/><V11/><F128/><W90/><G83/><T49/><D129/><U107/><E107/><V85/><F75/><W110/><G72/><T19/><D102/><U63/><E124/><V100/><F100/><W125/><G125/><T55/><D5/><U89/><E103/><V91/><F78/><W86/><G110/><T101/><D101/><U52/><E130/><V27/><F30/><W120/><G120/><T92/><D68/><U105/><E105/><V57/><F65/><W25/><G25/><T115/><D115/><U22/><E73/><V36/><F70/><W121/><G121/><T96/><D24/><N who="1" m="16399" /><E76/><V69/><F11/><W32/><G32/><T2/><D2/><U117/><E117/><V23/><F35/><W20/><G20/><N who="0" m="11375" /><D61/><U114/><E114/><V34/><F69/><W15/><G15/><T51/><D71/><U33/><E33/><V116/><F34/><W1/><G1/><T118/><D118/><U79/><E79/><V4/><F4/><W95/><G95/><T8/><D92/><U77/><E77/><V132/><F132/><W74/><G74/><T64/><D81/><U98/><E3/><V26/><F26/><W126/><G126/><T122/><D122/><U7/><BYE who="0" /><E22/><V10/><F116/><W48/><G42/><T17/><D17/><U133/><E133/><V31/><F113/><RYUUKYOKU ba="2,0" sc="345,-15,246,15,190,-15,219,15" hai1="6,7,50,52,59,60,63,89,94,98" hai3="16,18,40,44,48,56,58,62,66,67,86,90,93" /><INIT seed="3,3,0,2,4,24" ten="330,261,175,234" oya="3" hai0="22,85,77,95,129,114,21,104,34,134,36,76,73" hai1="42,35,8,112,14,96,116,58,40,86,78,115,64" hai2="97,10,117,3,105,84,44,94,55,6,113,121,120" hai3="66,65,26,68,79,47,50,103,69,5,101,107,81"/><W32/><G5/><UN n0="%E5%8D%A0%E3%81%84%E5%B8%AB%E8%A3%8F%E3%81%AA%E3%81%84%E3%81%97" /><T16/><D104/><U12/><E116/><V23/><F113/><W123/><G123/><T83/><D34/><U92/><E35/><V106/><F117/><W67/><G32/><T102/><D114/><U11/><E115/><V63/><F120/><W118/><G26/><T88/><D36/><U133/><E133/><V111/><F111/><W15/><G15/><N who="1" m="5674" /><E112/><V57/><F121/><W75/><G118/><T27/><D129/><U54/><E64/><V4/><F4/><W74/><G74/><T87/><D134/><U110/><E110/><V122/><F122/><W72/><G75/><T89/><D102/><N who="1" m="60679" /><E86/><V46/><F84/><W99/><REACH who="3" step="1"/><G103/><REACH who="3" ten="330,261,175,224" step="2"/><T93/><D73/><U9/><E78/><V52/><F23/><W2/><G2/><T1/><D1/><U33/><E33/><V124/><F124/><W41/><AGARI ba="3,1" hai="41,47,50,65,66,67,68,69,72,79,81,99,101,107" machi="41" ten="30,3000,0" yaku="1,1,0,1,53,0" doraHai="24" doraHaiUra="128" who="3" fromWho="3" sc="330,-13,261,-13,175,-13,224,49" /><INIT seed="3,4,0,4,4,25" ten="317,248,162,273" oya="3" hai0="1,47,14,58,104,103,28,18,31,75,134,128,45" hai1="53,124,100,91,106,55,62,119,41,121,105,8,109" hai2="67,116,81,76,83,84,120,110,111,113,50,19,56" hai3="17,13,4,66,112,135,78,69,108,131,92,82,27"/><W30/><G112/><T43/><D1/><U133/><E121/><V125/><F113/><W98/><G131/><T79/><D128/><U74/><E74/><V61/><F120/><W24/><G135/><T26/><D134/><U3/><E133/><V51/><F116/><W89/><G4/><T102/><D104/><U2/><E119/><V114/><F114/><W93/><G108/><T57/><D26/><U38/><E109/><V10/><F125/><W23/><G69/><T72/><D18/><U95/><E124/><V71/><F71/><W42/><G66/><T34/><D14/><U7/><E3/><V20/><F111/><W96/><G42/><T77/><D43/><U68/><E38/><V29/><F110/><W88/><G30/><T11/><D11/><U22/><E41/><V126/><F126/><W12/><G27/><T101/><D101/><U33/><E33/><AGARI ba="4,0" hai="28,31,33,34,45,47,57,58,72,75,77,79,102,103" machi="33" ten="25,6400,0" yaku="22,2,52,2" doraHai="25" who="0" fromWho="1" sc="317,76,248,-76,162,0,273,0" owari="393,49.3,172,-22.8,162,-33.8,273,7.3" /></mjloggm>