<mjloggm ver="2.3"><GO type="225" lobby="0"/><UN n0="%4C%4F%4C%49%54%41" n1="%E3%81%86%E3%82%8C%E3%81%9F%E3%82%93%E6%9E%95" n2="%E9%A2%A8%E7%B8%AB" n3="%28%EF%BF%A3%E2%96%BD%EF%BF%A3%29%CE%B4%E2%8C%92%E3%83%BB" dan="16,16,16,16" rate="2180.17,2085.38,2096.46,2198.56" sx="F,F,M,M"/><TAIKYOKU oya="0"/><INIT seed="0,0,0,2,0,58" ten="250,250,250,250" oya="0" hai0="128,32,24,54,23,111,114,78,125,69,16,67,61" hai1="134,79,87,72,104,2,50,133,95,64,74,8,57" hai2="93,34,119,4,52,40,80,1,3,11,103,101,12" hai3="81,96,17,20,6,60,110,106,89,112,63,28,107"/><T113/><D125/><U7/><E104/><V90/><F34/><W30/><G112/><T39/><D39/><U43/><E43/><V71/><F71/><W126/><G126/><T42/><D42/><U88/><E79/><V109/><F80/><W48/><G110/><T5/><D128/><U97/><E97/><V9/><F119/><W66/><G6/><T92/><D111/><U31/><E31/><N who="3" m="11818" /><G106/><T55/><D32/><U18/><E18/><V62/><F40/><W122/><G107/><T124/><D124/><U121/><E121/><V83/><F83/><W73/><G73/><T86/><D5/><U59/><E59/><V100/><F11/><W70/><G70/><T41/><D41/><U56/><E56/><V129/><F129/><W29/><G66/><T77/><D77/><U118/><E118/><V102/><F109/><W132/><G132/><N who="1" m="50794" /><E50/><V91/><F3/><W26/><G122/><T45/><D78/><U51/><E51/><V38/><F1/><W135/><G135/><T105/><D105/><U68/><E68/><V94/><F38/><W14/><G48/><N who="0" m="28943" /><D55/><U99/><E99/><N who="2" m="59503" /><F94/><N who="3" m="56399" /><G81/><T47/><D47/><U75/><E75/><V130/><F130/><W21/><AGARI ba="0,0" hai="14,17,20,21,26,29,60,63" m="56399,11818" machi="21" ten="30,4000,0" yaku="8,1,52,2" doraHai="58" who="3" fromWho="3" sc="250,-20,250,-10,250,-10,250,40" /><INIT seed="1,0,0,1,0,75" ten="230,240,240,290" oya="1" hai0="23,43,10,59,99,4,57,46,103,22,68,54,119" hai1="48,72,83,27,78,91,106,96,36,92,29,11,82" hai2="21,26,73,84,89,20,86,131,34,3,13,33,49" hai3="53,116,93,37,120,28,98,64,0,9,17,105,129"/><U135/><E135/><V47/><F73/><W90/><G37/><T71/><D119/><U109/><E36/><V85/><F3/><W124/><G120/><T76/><D68/><U19/><E109/><V113/><F131/><W79/><G116/><T100/><D71/><U58/><E106/><V44/><F113/><W122/><G122/><T81/><D23/><U30/><E83/><V45/><F89/><W61/><G129/><T112/><D22/><U69/><E69/><V70/><F70/><W25/><G105/><T40/><D112/><U2/><E27/><V60/><F60/><W74/><G64/><T123/><D123/><U102/><E102/><V134/><F134/><W97/><G97/><T88/><D88/><U87/><E72/><V126/><F49/><W32/><G124/><T5/><D5/><U127/><E127/><V52/><F52/><W51/><G61/><T6/><D6/><U18/><E2/><V12/><F126/><W35/><G35/><T108/><D108/><U42/><E58/><V67/><F67/><W56/><G0/><N who="0" m="263" /><D100/><U128/><E128/><V65/><F65/><W101/><G101/><T130/><D130/><U63/><E63/><V50/><F50/><W125/><G125/><T39/><D54/><U38/><E38/><V118/><F118/><W104/><G104/><N who="0" m="63615" /><D40/><U132/><E132/><V111/><F111/><W7/><G7/><T77/><D77/><U80/><E11/><V8/><F8/><W133/><G133/><T110/><D110/><U1/><E1/><V115/><F115/><W66/><G66/><T41/><D41/><RYUUKYOKU ba="0,0" sc="230,30,240,-10,240,-10,290,-10" hai0="39,43,46,57,59,76,81" /><INIT seed="2,1,0,4,0,117" ten="260,230,230,280" oya="2" hai0="41,85,40,6,12,88,23,43,71,16,0,29,99" hai1="31,5,119,57,102,118,2,7,92,115,113,67,68" hai2="15,47,132,37,111,96,18,108,54,49,121,73,65" hai3="21,81,32,4,1,123,17,69,19,133,106,61,131"/><V22/><F73/><W84/><G106/><T77/><D71/><U50/><E102/><V120/><F65/><W28/><G133/><T34/><D77/><U105/><E92/><V80/><F132/><W124/><G131/><T56/><D99/><U53/><E105/><V63/><F80/><W94/><G94/><N who="0" m="54543" /><D56/><N who="1" m="32823" /><E31/><V59/><F37/><W109/><G109/><N who="2" m="42057" /><F96/><W45/><G124/><T42/><D41/><U91/><E91/><V39/><F39/><W60/><G45/><T89/><D89/><U134/><E7/><V11/><F11/><W83/><G81/><T64/><D64/><U20/><E5/><V112/><F112/><N who="1" m="43081" /><E20/><V87/><F87/><W104/><G21/><T95/><D43/><U130/><E2/><V35/><F35/><W135/><G84/><T26/><D95/><U127/><E134/><V25/><F25/><W114/><G135/><T82/><D82/><U13/><E13/><V72/><F72/><W116/><G83/><T101/><D101/><U8/><E8/><AGARI ba="1,0" hai="0,6,8,12,16,23,26,29,34,40,42" m="54543" machi="8" ten="30,3900,0" yaku="24,1,54,2" doraHai="117" who="0" fromWho="1" sc="260,42,230,-42,230,0,280,0" /><INIT seed="3,0,0,1,3,4" ten="302,188,230,280" oya="3" hai0="19,50,49,69,53,62,97,14,68,16,119,103,52" hai1="84,74,121,122,35,34,127,1,64,132,90,106,79" hai2="73,87,123,120,56,7,86,22,42,25,32,10,51" hai3="20,135,108,105,101,102,83,126,129,92,125,65,12"/><W117/><G65/><T45/><D119/><U99/><E132/><V9/><F73/><W110/><G117/><T96/><D62/><U47/><E127/><N who="3" m="48650" /><G135/><T111/><D111/><N who="3" m="42537" /><G105/><T82/><D82/><U91/><E64/><V24/><F7/><W128/><G83/><T0/><D0/><U67/><E67/><V33/><F56/><W112/><G112/><T133/><D133/><U85/><E47/><N who="2" m="26103" /><F32/><W57/><G57/><T27/><D27/><N who="2" m="10314" /><F22/><W38/><G38/><T55/><D68/><U98/><E1/><V13/><F33/><W21/><G21/><T72/><D69/><U116/><E106/><V100/><F100/><N who="3" m="38507" /><G92/><T130/><D45/><U11/><E116/><V44/><F44/><W58/><G58/><T26/><D103/><U70/><E70/><V18/><F10/><W81/><G81/><T2/><D55/><U40/><E74/><V109/><F109/><W94/><G94/><T104/><D72/><U15/><E40/><V36/><F36/><W28/><G28/><T63/><D104/><U60/><E79/><V23/><F23/><W95/><G95/><T5/><D53/><U43/><E43/><V48/><F48/><W107/><G107/><T54/><D50/><U17/><E60/><V88/><F123/><W8/><G20/><N who="0" m="13575" /><D63/><U66/><E66/><V76/><F120/><W41/><G41/><T131/><D49/><U118/><E118/><V124/><F124/><W78/><G78/><T89/><D54/><U6/><E121/><V61/><F76/><W3/><G3/><T59/><D2/><N who="1" m="471" /><E122/><V75/><F75/><W30/><G30/><RYUUKYOKU ba="0,0" sc="302,-10,188,-10,230,-10,280,30" hai3="8,12,128,129" owari="292,9.2,178,-32.2,220,-18.0,310,41.0" /></mjloggm>