<mjloggm ver="2.3"><GO type="225" lobby="0"/><UN n0="%E6%B8%A1%E5%A4%A9%E8%97%8D" n1="%33%74%72%65%65" n2="%6E%69%63%6F%6E%74%6F" n3="%E3%81%95%E3%81%8D%E3%81%9F%E3%81%BE%E6%9E%97%E6%AA%8E" dan="16,16,16,16" rate="2099.43,2118.32,2133.51,2058.07" sx="M,F,M,M"/><TAIKYOKU oya="0"/><INIT seed="0,0,0,3,4,101" ten="250,250,250,250" oya="0" hai0="33,91,117,97,70,95,120,52,85,133,111,44,60" hai1="12,16,49,79,66,75,23,104,132,5,109,118,93" hai2="115,68,24,11,125,114,8,54,61,9,86,122,72" hai3="25,35,77,69,50,129,131,4,37,102,62,106,110"/><T65/><D117/><U96/><E118/><V45/><F122/><W64/><G50/><T7/><D120/><U135/><E109/><V87/><F72/><W113/><G110/><T92/><D33/><U18/><E66/><V2/><F2/><W27/><G27/><T31/><D111/><U76/><E5/><V124/><F24/><W67/><G67/><T19/><D133/><N who="1" m="51275" /><E75/><V83/><F45/><W100/><G77/><T17/><D31/><U78/><E49/><V20/><F20/><W88/><G100/><T58/><D7/><U28/><E28/><V38/><F38/><W0/><G113/><N who="2" m="43017" /><F83/><W99/><G88/><N who="0" m="55431" /><D70/><U90/><E18/><N who="0" m="6665" /><D44/><U112/><E112/><V119/><F119/><W57/><G57/><T130/><D130/><U10/><E23/><V84/><F68/><W55/><G37/><T1/><D1/><U59/><E59/><V21/><F21/><W42/><G0/><T6/><D6/><U82/><E82/><V71/><F71/><W126/><G4/><T53/><AGARI ba="0,0" hai="52,53,58,60,65,85,91,95" m="6665,55431" machi="53" ten="30,6000,0" yaku="8,1,54,2" doraHai="101" who="0" fromWho="0" sc="250,60,250,-20,250,-20,250,-20" /><INIT seed="0,1,0,4,5,95" ten="310,230,230,230" oya="0" hai0="53,56,79,134,59,60,76,101,126,37,2,75,52" hai1="9,108,69,20,122,127,111,22,54,77,125,133,61" hai2="93,104,48,5,14,96,32,119,28,38,10,115,83" hai3="70,99,21,30,26,118,15,89,42,113,109,65,117"/><T58/><D37/><U116/><E116/><V97/><F115/><W19/><G109/><N who="1" m="42058" /><E122/><V57/><F38/><W73/><G113/><T34/><D34/><U112/><E112/><V88/><F119/><W81/><G42/><T35/><D35/><U25/><E133/><V39/><F39/><W106/><G73/><T3/><D134/><U23/><E77/><N who="0" m="29769" /><D75/><U13/><E69/><V102/><F83/><W121/><G121/><T120/><D120/><U114/><E61/><V11/><F11/><W62/><G81/><T132/><D132/><U46/><E46/><V40/><F57/><N who="0" m="22122" /><D126/><N who="1" m="48139" /><E54/><N who="0" m="21097" /><D2/><U90/><E114/><V6/><F32/><W92/><REACH who="3" step="1"/><G106/><REACH who="3" ten="310,230,230,220" step="2"/><T29/><D3/><U12/><E12/><V31/><REACH who="2" step="1"/><F6/><REACH who="2" ten="310,230,220,220" step="2"/><W100/><G100/><T7/><D101/><U18/><E90/><V123/><F123/><W91/><G91/><T68/><D7/><AGARI ba="1,2" hai="7,9,13,18,20,22,23,25" m="48139,42058" machi="7" ten="30,7700,0" yaku="14,1,18,1,34,2" doraHai="95" who="1" fromWho="0" sc="310,-80,230,100,220,0,220,0" /><INIT seed="1,0,0,3,3,112" ten="230,330,220,220" oya="1" hai0="93,15,45,121,132,123,96,8,47,34,46,21,44" hai1="109,114,126,17,67,41,1,88,91,2,111,105,4" hai2="40,100,20,71,90,108,66,32,101,74,129,87,113" hai3="79,27,18,5,29,131,72,81,82,102,10,50,37"/><U104/><E114/><V99/><F32/><W69/><G37/><T24/><N who="0" m="11264" /><DORA hai="48" /><T70/><D70/><U135/><E135/><V95/><F113/><W94/><G69/><T117/><D34/><U107/><E41/><V76/><F40/><W58/><G131/><T12/><D132/><U77/><E126/><V59/><F129/><W83/><G18/><T60/><D60/><U124/><E124/><V42/><F42/><W13/><G102/><T61/><D61/><U65/><E17/><V7/><F108/><N who="1" m="41545" /><E77/><V25/><F7/><W54/><REACH who="3" step="1"/><G94/><REACH who="3" ten="230,330,220,210" step="2"/><T35/><D121/><U53/><E4/><V52/><F71/><W127/><G127/><T0/><D123/><U49/><E105/><V38/><F38/><W22/><AGARI ba="0,1" hai="5,10,13,22,27,29,50,54,58,72,79,81,82,83" machi="22" ten="20,5200,0" yaku="1,1,0,1,7,1,52,1,53,0" doraHai="112,48" doraHaiUra="30,63" who="3" fromWho="3" sc="230,-13,330,-26,220,-13,210,62" /><INIT seed="2,0,0,1,4,105" ten="217,304,207,272" oya="2" hai0="71,131,128,99,118,60,27,7,56,123,129,55,47" hai1="135,14,132,35,108,133,122,62,0,18,23,134,97" hai2="16,91,90,10,73,110,113,86,68,44,119,52,54" hai3="116,5,42,20,3,81,111,51,57,78,130,36,112"/><V101/><F113/><W121/><G111/><T21/><D123/><U28/><E108/><V64/><F119/><W125/><G116/><T69/><D118/><U82/><E122/><V24/><F110/><W114/><G121/><T127/><D127/><U46/><E132/><V109/><F109/><W87/><G130/><T39/><D7/><U2/><E46/><V19/><F73/><N who="3" m="43215" /><G20/><T49/><D99/><U95/><E62/><V1/><F68/><W6/><G6/><T120/><D120/><U107/><E107/><V115/><F115/><W53/><G125/><T93/><D93/><U4/><E4/><V103/><F1/><W85/><G85/><T13/><D13/><U104/><E104/><V67/><F86/><W63/><G63/><T66/><REACH who="0" step="1"/><D39/><REACH who="0" ten="207,304,207,272" step="2"/><U102/><E82/><V77/><F24/><AGARI ba="0,1" hai="0,2,14,18,23,24,28,35,95,97,102,133,134,135" machi="24" ten="40,1300,0" yaku="20,1" doraHai="105" who="1" fromWho="2" sc="207,0,304,23,207,-13,272,0" /><INIT seed="3,0,0,5,0,114" ten="207,327,194,272" oya="3" hai0="64,8,48,77,97,56,98,75,103,111,120,55,0" hai1="88,87,53,60,10,27,6,59,95,83,78,23,14" hai2="28,11,132,127,72,74,52,81,70,57,68,51,50" hai3="119,129,63,25,13,130,1,67,101,106,65,71,94"/><W112/><G13/><T84/><D120/><U39/><E39/><V117/><F117/><W109/><G112/><T133/><D111/><U5/><E5/><V69/><F132/><W21/><G67/><T9/><D133/><U90/><E95/><V35/><F127/><W3/><G106/><T7/><D75/><U62/><E60/><V122/><F122/><W15/><G15/><T34/><D34/><U12/><E12/><V42/><F11/><W131/><G109/><T107/><D9/><U124/><E124/><V99/><F99/><N who="3" m="59639" /><G21/><T123/><D123/><U66/><E66/><V125/><F125/><W92/><G92/><T24/><D24/><U36/><E36/><V45/><REACH who="2" step="1"/><F81/><REACH who="2" ten="207,327,184,272" step="2"/><W76/><G119/><T110/><D110/><U61/><E83/><V102/><F102/><W58/><G131/><T108/><D108/><U86/><E10/><V18/><F18/><W89/><G130/><T41/><D98/><U16/><E16/><V2/><F2/><W96/><G3/><T121/><D121/><U135/><E135/><V26/><AGARI ba="0,1" hai="26,28,35,42,45,50,51,52,57,68,69,70,72,74" machi="26" ten="40,5200,0" yaku="1,1,0,1,54,1,53,0" doraHai="114" doraHaiUra="19" who="2" fromWho="2" sc="207,-13,327,-13,184,62,272,-26" owari="194,-30.6,314,41.4,246,4.6,246,-15.4" /></mjloggm>