<mjloggm ver="2.3"><GO type="225" lobby="0"/><UN n0="%E3%81%BF%E3%81%BF%E3%81%9A" n1="%48%61%61%61%6C%61%6E%64" n2="%E3%82%B2%E3%82%B9%E8%8C%82%E5%8B%9D" n3="%E3%81%B5%E3%81%98%E3%81%8B%E3%81%A4" dan="16,18,16,16" rate="2241.32,2308.56,2108.84,2187.20" sx="M,M,F,M"/><TAIKYOKU oya="0"/><INIT seed="0,0,0,5,1,87" ten="250,250,250,250" oya="0" hai0="97,125,77,29,10,4,18,70,100,27,59,46,133" hai1="75,82,34,41,98,85,30,47,124,54,25,14,12" hai2="39,36,5,119,35,9,129,60,131,24,115,2,51" hai3="31,107,65,49,130,76,26,96,103,28,22,83,135"/><T11/><D70/><U58/><E124/><V1/><F115/><W55/><G135/><T121/><D121/><U45/><E75/><V42/><F119/><W48/><G130/><N who="2" m="49673" /><F1/><W17/><G65/><T8/><D133/><U6/><E98/><V104/><F104/><W109/><G109/><T15/><D125/><U0/><E0/><V69/><F51/><W108/><G108/><T80/><D59/><U88/><E6/><V122/><F42/><W44/><REACH who="3" step="1"/><G49/><REACH who="3" ten="250,250,250,240" step="2"/><T64/><D64/><U3/><E3/><V21/><F122/><W90/><G90/><T62/><D62/><U113/><E113/><V33/><F39/><W61/><G61/><T71/><D71/><U99/><E99/><V32/><F36/><W86/><AGARI ba="0,1" hai="17,22,26,28,31,44,48,55,76,83,86,96,103,107" machi="86" ten="20,2700,0" yaku="1,1,0,1,7,1,53,0" doraHai="87" doraHaiUra="91" who="3" fromWho="3" sc="250,-13,250,-7,250,-7,240,37" /><INIT seed="1,0,0,5,5,68" ten="237,243,243,277" oya="1" hai0="55,29,15,132,4,48,78,47,32,21,73,75,80" hai1="3,63,77,102,52,85,116,125,95,89,39,26,111" hai2="50,62,41,22,38,94,91,110,121,54,64,58,35" hai3="7,67,127,90,34,66,65,60,0,59,49,25,112"/><U82/><E116/><V130/><F110/><W53/><G112/><T96/><D132/><U20/><E3/><V37/><F130/><W6/><G127/><T51/><D32/><U104/><E125/><V81/><F121/><W133/><G133/><T43/><D96/><U117/><E117/><V11/><F35/><W31/><G0/><T135/><D135/><U97/><E39/><V45/><F81/><W84/><REACH who="3" step="1"/><G49/><REACH who="3" ten="237,243,243,267" step="2"/><T14/><D75/><U122/><E122/><V129/><F129/><W114/><G114/><T30/><D51/><U33/><E111/><V101/><F41/><W8/><G8/><T24/><D43/><U124/><E124/><V120/><F120/><W42/><G42/><T36/><D36/><U5/><E33/><V27/><F11/><W44/><G44/><T109/><D109/><U113/><E113/><V40/><F40/><W69/><G69/><T12/><REACH who="0" step="1"/><D4/><REACH who="0" ten="227,243,243,267" step="2"/><U108/><E5/><V2/><F38/><W56/><G56/><T71/><D71/><U99/><E108/><V83/><F37/><W118/><G118/><T70/><BYE who="1" /><D70/><U28/><E28/><AGARI ba="0,2" hai="12,14,15,21,24,28,29,30,47,48,55,73,78,80" machi="28" ten="40,2600,0" yaku="1,1,53,1" doraHai="68" doraHaiUra="79" who="0" fromWho="1" sc="227,46,243,-26,243,0,267,0" /><UN n1="%48%61%61%61%6C%61%6E%64" /><INIT seed="2,0,0,2,1,103" ten="273,217,243,267" oya="2" hai0="119,6,62,67,111,130,133,97,104,5,7,131,60" hai1="102,64,118,85,53,8,80,42,26,82,34,43,115" hai2="96,72,21,14,81,47,71,76,54,13,89,9,121" hai3="69,51,109,79,66,124,10,134,15,27,116,108,126"/><V58/><F121/><W50/><G116/><T32/><D119/><U28/><E118/><V35/><F71/><W117/><G117/><T129/><D111/><N who="3" m="42569" /><G79/><T1/><D133/><U99/><E115/><V74/><F35/><W56/><G27/><T48/><D32/><U30/><E30/><V92/><F47/><W123/><G123/><T24/><D24/><U132/><E132/><V23/><F72/><W68/><G134/><T91/><D1/><U105/><E64/><V75/><F75/><W40/><G10/><T52/><D67/><U11/><E53/><V84/><F74/><W112/><G15/><N who="2" m="5641" /><F9/><W44/><G112/><T22/><D22/><U46/><E42/><V17/><F17/><W98/><G98/><T0/><D0/><U73/><E73/><V4/><F4/><W88/><G88/><T63/><D91/><U12/><E85/><V41/><F41/><W120/><G120/><T90/><D90/><U59/><E8/><V86/><F96/><W25/><G25/><T49/><D52/><U70/><E11/><V110/><F110/><W57/><G66/><T95/><D95/><U31/><E12/><V122/><F122/><W45/><G69/><T29/><D29/><U20/><E70/><V100/><F100/><AGARI ba="0,0" hai="5,6,7,48,49,60,62,63,97,100,104,129,130,131" machi="100" ten="50,8000,1" yaku="29,2,19,1,52,1" doraHai="103" who="0" fromWho="2" sc="273,80,217,0,243,-80,267,0" /><INIT seed="3,0,0,0,0,101" ten="353,217,163,267" oya="3" hai0="54,64,57,107,53,58,133,79,120,3,17,99,61" hai1="103,41,134,135,87,91,48,46,85,49,129,55,82" hai2="45,5,105,96,40,22,11,80,116,71,70,123,74" hai3="67,69,128,39,26,75,31,94,109,132,77,12,23"/><W93/><G132/><N who="1" m="50730" /><E103/><N who="2" m="62695" /><F22/><W102/><G128/><T51/><D120/><U18/><E129/><V59/><F59/><W68/><G102/><T78/><D107/><U108/><E108/><V106/><F123/><W4/><G109/><T89/><D89/><N who="1" m="51383" /><E18/><V112/><F112/><W119/><G39/><T60/><D54/><U62/><E62/><V95/><F95/><W47/><G47/><T38/><D51/><N who="1" m="27087" /><E55/><V66/><F116/><W27/><G119/><T29/><D79/><U8/><E8/><V63/><F71/><W125/><G69/><T19/><D3/><U81/><AGARI ba="0,0" hai="48,49,81,87,91" m="27087,51383,50730" machi="81" ten="30,1100,0" yaku="20,1" doraHai="101" who="1" fromWho="1" sc="353,-3,217,11,163,-3,267,-5" owari="350,45.0,228,-17.2,160,-34.0,262,6.2" /></mjloggm>