<mjloggm ver="2.3"><GO type="225" lobby="0"/><UN n0="%E3%83%A9%E3%83%BC%E3%83%A1%E3%83%B3%E4%BA%94%E9%83%8E" n1="%E7%B4%94%E6%BD%94%E3%83%94%E3%83%A9%E3%83%8B%E3%82%A2" n2="%E3%83%8F%E3%83%B3%E3%83%89%E3%83%A9%E3%83%BC%E3%83%BB%E3%83%AF%E3%83%B3" n3="%E3%81%B5%E3%81%98%E3%81%8B%E3%81%A4" dan="16,16,16,16" rate="2081.46,2179.26,2161.44,2183.82" sx="M,M,M,M"/><TAIKYOKU oya="0"/><INIT seed="0,0,0,1,5,121" ten="250,250,250,250" oya="0" hai0="47,71,65,103,62,55,1,86,24,8,58,13,89" hai1="90,42,112,37,48,98,21,111,40,87,102,79,92" hai2="93,14,41,12,129,131,5,67,23,44,61,36,105" hai3="64,108,52,49,106,75,119,15,104,50,122,82,91"/><T109/><D1/><U134/><E112/><V20/><F105/><W25/><G122/><T60/><D103/><U133/><E37/><V95/><F14/><W97/><G119/><T30/><D47/><U100/><E111/><V110/><F110/><W101/><G64/><T6/><D109/><U96/><E21/><N who="2" m="8267" /><F12/><W76/><G108/><T16/><D30/><U123/><E123/><V10/><F10/><W88/><G106/><T22/><D86/><U43/><E48/><V2/><F5/><W116/><G116/><T128/><REACH who="0" step="1"/><D89/><REACH who="0" ten="240,250,250,250" step="2"/><U126/><E100/><V120/><F2/><W27/><G50/><T113/><D113/><U0/><E0/><V46/><F46/><W99/><G99/><T26/><D26/><U83/><REACH who="1" step="1"/><E126/><REACH who="1" ten="240,240,250,250" step="2"/><V18/><F120/><W127/><G127/><T39/><D39/><U33/><E33/><V51/><F36/><W78/><G101/><T74/><D74/><U54/><E54/><V38/><F38/><W3/><G52/><T28/><D28/><U68/><E68/><V66/><F51/><W45/><G49/><T77/><D77/><U115/><E115/><V94/><F44/><W31/><G78/><T35/><D35/><U53/><E53/><V57/><F41/><W132/><G3/><T17/><D17/><U59/><E59/><N who="2" m="37183" /><F18/><W7/><G76/><T125/><D125/><U11/><E11/><V107/><F107/><AGARI ba="0,2" hai="40,42,43,79,83,87,90,92,96,98,102,107,133,134" machi="107" ten="40,2600,0" yaku="1,1,53,1" doraHai="121" doraHaiUra="72" who="1" fromWho="2" sc="240,0,240,46,250,-26,250,0" /><INIT seed="1,0,0,2,5,45" ten="240,286,224,250" oya="1" hai0="41,15,21,47,8,118,88,56,135,85,23,55,71" hai1="49,112,109,35,34,89,5,3,14,13,122,70,120" hai2="94,96,53,6,101,75,77,115,62,68,114,108,4" hai3="103,119,46,30,48,134,130,92,24,51,7,93,129"/><U91/><E70/><V66/><F108/><W2/><G119/><T10/><D135/><U25/><E3/><V76/><F53/><W50/><G134/><T60/><D71/><U26/><E5/><N who="2" m="2155" /><F75/><W86/><G46/><T33/><D33/><U37/><E37/><V52/><F52/><W63/><G63/><T121/><D121/><U131/><E131/><N who="3" m="50186" /><G103/><T42/><D118/><U111/><REACH who="1" step="1"/><E49/><REACH who="1" ten="240,276,224,250" step="2"/><V9/><F9/><N who="3" m="2295" /><G86/><T0/><D8/><U22/><E22/><AGARI ba="0,1" hai="22,24,30,48,50,51,92,93" m="2295,50186" machi="22" ten="30,7700,0" yaku="19,1,52,3" doraHai="45" who="3" fromWho="1" sc="240,0,276,-77,224,0,250,87" /><INIT seed="2,0,0,5,4,11" ten="240,199,224,337" oya="2" hai0="102,24,75,33,105,131,114,65,30,135,133,66,98" hai1="54,47,96,23,103,91,82,104,106,132,44,46,88" hai2="60,64,84,37,85,14,38,94,90,111,129,27,7" hai3="56,20,123,113,58,93,16,48,124,118,83,29,15"/><V3/><F3/><W28/><G123/><T74/><D114/><U108/><E108/><V81/><F129/><W61/><G118/><T53/><D131/><U97/><E132/><N who="0" m="50761" /><D53/><U122/><E122/><V17/><F27/><W68/><G68/><T120/><D120/><U49/><E23/><V31/><F7/><W100/><G124/><T121/><D121/><U9/><E9/><V99/><F31/><W119/><G119/><T18/><D18/><U52/><E82/><V57/><F85/><W1/><G1/><T101/><D101/><U72/><E72/><AGARI ba="0,0" hai="24,30,33,65,66,72,74,75,98,102,105" m="50761" machi="72" ten="30,1000,0" yaku="20,1" doraHai="11" who="0" fromWho="1" sc="240,10,199,-10,224,0,337,0" /><INIT seed="3,0,0,1,1,36" ten="250,189,224,337" oya="3" hai0="22,54,133,16,32,72,60,95,50,112,8,114,111" hai1="41,129,78,88,81,66,37,83,34,62,24,101,28" hai2="65,20,42,125,29,76,48,1,17,31,10,5,71" hai3="57,120,67,56,108,30,97,6,103,27,63,89,51"/><W35/><G120/><T69/><D72/><U126/><E129/><V33/><F33/><W82/><G6/><T68/><D32/><U127/><E101/><V105/><F105/><W52/><G108/><T90/><D133/><U98/><E37/><V59/><F125/><W4/><G4/><T119/><D8/><U94/><E41/><V0/><F0/><W39/><G39/><T91/><D60/><U109/><E109/><V64/><F76/><W9/><G9/><T40/><D40/><U21/><E34/><V104/><F104/><W128/><G128/><T92/><D92/><U2/><E2/><V84/><F84/><W110/><G110/><T11/><D11/><U25/><E25/><V53/><F42/><W135/><G135/><T124/><D90/><U87/><REACH who="1" step="1"/><E81/><REACH who="1" ten="250,179,224,337" step="2"/><V7/><F1/><W117/><G82/><T38/><D38/><U77/><E77/><V122/><F5/><W86/><G103/><T75/><D111/><U43/><E43/><V132/><F7/><W15/><G27/><T73/><D112/><U74/><E74/><V3/><F3/><W115/><G35/><T58/><D73/><U85/><E85/><V44/><F132/><W12/><G86/><T134/><D75/><U106/><E106/><V18/><F122/><W26/><G26/><T14/><D134/><U123/><E123/><V116/><F116/><W23/><G115/><T13/><D119/><U79/><E79/><V61/><F31/><W107/><G30/><T113/><D114/><U121/><E121/><V49/><F29/><W130/><G117/><T93/><D113/><RYUUKYOKU ba="0,1" sc="250,-10,179,30,224,-10,337,-10" hai1="21,24,28,62,66,78,83,87,88,94,98,126,127" owari="240,4.0,209,-29.1,214,-18.6,337,43.7" /></mjloggm>