<mjloggm ver="2.3"><GO type="225" lobby="0"/><UN n0="%E3%81%A6%E3%81%A4%EF%BC%A3" n1="%E3%83%AD%E3%83%83%E3%83%86%E9%9B%80%E7%90%83" n2="%E3%81%99%E3%81%84%E3%81%BE%E3%81%9B%E3%83%BC%E3%82%93" n3="%E3%81%A0%E3%81%8A" dan="16,17,16,16" rate="2087.68,2263.38,2103.42,2045.34" sx="M,M,M,M"/><TAIKYOKU oya="0"/><INIT seed="0,0,0,0,5,74" ten="250,250,250,250" oya="0" hai0="113,13,44,93,22,79,43,63,126,54,36,5,16" hai1="51,62,127,21,57,30,34,18,120,134,87,19,81" hai2="29,58,123,89,121,105,129,61,56,92,80,96,48" hai3="20,104,39,53,15,86,122,60,94,7,114,100,73"/><T119/><D119/><U108/><E120/><V50/><F129/><W106/><G73/><T14/><D113/><U38/><E38/><V64/><F105/><W101/><G39/><T33/><D33/><U70/><E108/><V84/><F29/><W135/><G135/><T125/><D93/><U132/><E127/><N who="0" m="48649" /><D5/><U91/><E34/><V130/><F130/><W76/><G86/><T117/><D117/><U77/><E70/><V133/><F133/><N who="1" m="51305" /><E51/><V98/><F98/><W109/><G104/><T88/><D88/><U97/><E97/><V67/><F123/><W42/><G106/><T25/><D79/><U82/><E30/><V8/><F121/><W37/><G76/><T35/><D35/><U45/><E45/><V28/><F28/><W23/><G114/><T46/><D46/><U11/><E11/><V0/><F8/><W59/><G122/><T66/><D54/><N who="1" m="34103" /><E21/><V12/><F0/><W10/><G20/><T107/><D107/><U69/><E69/><AGARI ba="0,0" hai="13,14,16,22,25,36,43,44,63,66,69" m="48649" machi="69" ten="30,2900,0" yaku="18,1,54,1" doraHai="74" who="0" fromWho="1" sc="250,29,250,-29,250,0,250,0" /><INIT seed="0,1,0,3,2,1" ten="279,221,250,250" oya="0" hai0="32,92,10,16,131,64,118,89,6,70,86,103,111" hai1="59,53,122,133,121,85,31,112,75,42,90,20,87" hai2="27,106,108,33,21,66,5,71,28,18,93,80,105" hai3="126,57,0,37,113,99,76,47,39,38,61,43,98"/><T116/><D32/><U55/><E75/><V128/><F108/><W19/><G126/><T45/><D111/><U14/><E133/><V48/><F128/><W22/><G0/><T56/><D131/><U62/><E112/><V49/><F80/><W4/><G113/><T101/><D70/><U79/><E42/><V69/><F5/><W54/><G76/><T135/><D135/><U67/><E122/><V130/><F130/><W132/><G4/><T114/><D114/><U50/><E121/><V72/><F72/><W23/><G132/><T11/><D45/><U117/><E117/><V94/><F66/><W82/><G82/><T24/><D118/><U34/><E34/><V3/><F3/><W52/><G54/><T104/><D104/><U7/><E79/><V95/><F106/><W9/><G9/><N who="0" m="3083" /><D6/><U124/><E124/><V115/><F105/><W91/><G23/><N who="0" m="13415" /><D116/><U41/><E20/><V25/><REACH who="2" step="1"/><F115/><REACH who="2" ten="279,221,240,250" step="2"/><W107/><G107/><T46/><D46/><U74/><E7/><V36/><F36/><W68/><G38/><T84/><D84/><U81/><E87/><V12/><F12/><W29/><G39/><T2/><D2/><U65/><E14/><V51/><AGARI ba="1,1" hai="18,21,25,27,28,33,48,49,51,69,71,93,94,95" machi="51" ten="30,2000,0" yaku="1,1,0,1,53,0" doraHai="1" doraHaiUra="134" who="2" fromWho="2" sc="279,-11,221,-6,240,33,250,-6" /><INIT seed="1,0,0,4,2,75" ten="268,215,273,244" oya="1" hai0="125,85,55,44,120,53,109,102,86,57,51,32,132" hai1="101,56,64,63,110,54,80,52,60,134,111,26,91" hai2="17,100,24,21,107,5,66,31,103,58,70,104,36" hai3="73,7,94,6,97,131,121,90,76,42,2,16,1"/><U71/><E134/><V106/><F36/><W116/><G121/><T38/><D120/><U49/><E101/><V0/><F70/><W14/><G131/><T65/><D132/><U79/><E91/><V22/><F5/><W9/><G116/><T46/><D32/><U4/><E4/><V39/><F39/><W33/><G33/><T62/><D102/><U82/><E26/><V50/><F0/><W84/><G73/><T114/><D85/><U87/><REACH who="1" step="1"/><E82/><REACH who="1" ten="268,205,273,244" step="2"/><V10/><F103/><W72/><G1/><T119/><D119/><U129/><E129/><V29/><F100/><W43/><G2/><T41/><D114/><U122/><E122/><V34/><F107/><W13/><G6/><T95/><D125/><U88/><E88/><V130/><F106/><W48/><G7/><T28/><D109/><U96/><E96/><V11/><F104/><W113/><G97/><T135/><D135/><U35/><E35/><V69/><F130/><W78/><G90/><T15/><D95/><U126/><E126/><V23/><F34/><W68/><G94/><T45/><D86/><U37/><E37/><V93/><F93/><W133/><G84/><T81/><D81/><U47/><AGARI ba="0,1" hai="47,49,52,54,56,60,63,64,71,79,80,87,110,111" machi="47" ten="30,11700,0" yaku="1,1,0,1,52,1,54,1,53,0" doraHai="75" doraHaiUra="20" who="1" fromWho="1" sc="268,-39,205,127,273,-39,244,-39" /><INIT seed="1,1,0,0,5,59" ten="229,332,234,205" oya="1" hai0="50,99,81,44,49,42,64,15,47,125,130,92,132" hai1="98,100,7,71,65,9,48,103,40,129,94,60,38" hai2="14,5,133,35,106,85,37,56,21,79,45,18,51" hai3="105,102,29,134,3,78,84,123,23,104,1,39,58"/><U12/><E129/><V131/><F106/><W11/><G123/><T87/><D130/><U33/><E33/><V111/><F131/><W80/><G39/><T43/><D132/><U110/><E110/><V27/><F133/><W73/><G134/><T72/><D125/><U118/><E118/><V19/><F111/><W119/><G119/><T10/><D72/><U0/><E38/><V24/><F37/><W90/><G102/><T117/><D117/><U13/><REACH who="1" step="1"/><E103/><REACH who="1" ten="229,322,234,205" step="2"/><V70/><F35/><W68/><G104/><T62/><D99/><U34/><E34/><V2/><F85/><W89/><G105/><T41/><D92/><U22/><E22/><V55/><F21/><W66/><G23/><T16/><D87/><U96/><E96/><V135/><F135/><W53/><G84/><T124/><D124/><U97/><E97/><V121/><F121/><W20/><G20/><T69/><REACH who="0" step="1"/><D81/><REACH who="0" ten="219,322,234,205" step="2"/><U112/><E112/><V54/><F24/><W91/><G80/><T31/><D31/><U109/><E109/><V4/><F27/><W26/><G29/><T61/><D61/><U17/><E17/><V83/><F19/><W127/><G127/><T30/><D30/><U116/><E116/><V77/><F18/><W88/><G73/><T120/><D120/><U126/><E126/><V57/><F83/><W25/><N who="3" m="22528" /><DORA hai="6" /><W63/><G63/><T75/><D75/><U76/><E76/><V32/><F79/><W8/><G78/><T28/><D28/><U93/><E93/><V36/><F77/><W74/><G74/><T82/><D82/><U95/><E95/><RYUUKYOKU ba="1,2" sc="219,15,322,15,234,-15,205,-15" hai0="10,15,16,41,42,43,44,47,49,50,62,64,69" hai1="0,7,9,12,13,40,48,60,65,71,94,98,100" /><INIT seed="1,2,2,2,2,19" ten="234,337,219,190" oya="1" hai0="111,15,1,18,89,120,72,130,66,45,78,115,118" hai1="116,102,46,112,41,12,64,83,88,107,73,61,49" hai2="43,48,129,4,96,69,23,105,16,24,62,53,56" hai3="101,131,122,17,110,58,5,22,27,117,67,108,7"/><U60/><E112/><V86/><F129/><W74/><G122/><T95/><D120/><U28/><E116/><V126/><F126/><W63/><G131/><T127/><D130/><U14/><E107/><V21/><F4/><W103/><G74/><T29/><D115/><U47/><E73/><V82/><F105/><W33/><G33/><T80/><D1/><U11/><E102/><N who="3" m="38922" /><G117/><T39/><D118/><U94/><E83/><V25/><F96/><W10/><G10/><T85/><D111/><AGARI ba="2,2" hai="5,7,17,22,27,58,63,67,108,110,111" m="38922" machi="111" ten="30,2000,0" yaku="14,1,52,1" doraHai="19" who="3" fromWho="0" sc="234,-26,337,0,219,0,190,46" /><INIT seed="2,0,0,4,0,42" ten="208,337,219,236" oya="2" hai0="7,111,34,46,35,19,82,5,99,135,41,86,78" hai1="30,25,43,107,29,120,85,80,13,54,103,117,101" hai2="84,62,37,15,26,131,48,0,74,10,44,70,69" hai3="49,75,20,45,129,8,83,92,116,16,57,100,64"/><V21/><F74/><W104/><G104/><T121/><D121/><U123/><E117/><V124/><F124/><W77/><G116/><T108/><D135/><U71/><E71/><V40/><F131/><W6/><G129/><T28/><D19/><U96/><E43/><V132/><F0/><W72/><G57/><T125/><D125/><U11/><E103/><V36/><F132/><W79/><G64/><T112/><D99/><U88/><E54/><V56/><F84/><W98/><G8/><T61/><D61/><U76/><E76/><V32/><F32/><W90/><G6/><N who="0" m="2059" /><D28/><U63/><E63/><V52/><F70/><W94/><G72/><T47/><D112/><U105/><E105/><V91/><F69/><W114/><G83/><T97/><D97/><U59/><E59/><V4/><F91/><W50/><G50/><N who="0" m="26959" /><D47/><U31/><E31/><AGARI ba="0,0" hai="4,10,15,21,26,31,36,37,40,44,48,52,56,62" machi="31" ten="30,5800,0" yaku="7,1,52,1,54,1" doraHai="42" who="2" fromWho="1" sc="208,0,337,-58,219,58,236,0" /><INIT seed="2,1,0,5,4,79" ten="208,279,277,236" oya="2" hai0="123,76,135,71,14,119,67,45,90,55,62,58,12" hai1="59,116,88,129,7,18,63,10,126,19,61,51,69" hai2="97,8,0,57,93,33,83,41,29,2,105,16,70" hai3="49,37,92,131,9,52,26,47,102,6,94,1,115"/><V127/><F70/><W20/><G131/><T39/><D119/><U43/><E116/><V22/><F105/><W54/><G115/><T13/><D123/><U98/><E126/><V124/><F41/><W103/><G37/><T128/><D128/><U95/><E129/><V72/><F8/><W42/><G42/><N who="0" m="22751" /><D76/><U34/><E34/><V5/><F5/><W27/><G102/><T36/><D36/><U64/><E51/><V96/><F96/><W44/><G27/><T108/><D108/><U48/><E48/><V35/><F57/><W89/><G103/><T3/><D3/><U112/><E112/><V87/><F72/><W132/><G132/><T82/><D135/><U100/><E100/><V78/><F0/><W24/><G24/><T11/><D11/><U68/><E43/><V4/><F2/><W134/><G134/><T101/><D101/><U56/><E69/><V38/><F38/><W40/><G40/><T86/><D12/><N who="1" m="5215" /><E68/><V113/><F113/><W121/><G121/><T122/><D122/><U31/><E31/><V114/><F29/><W17/><G89/><T32/><D32/><N who="2" m="12362" /><F114/><W66/><G66/><AGARI ba="1,0" hai="18,19,56,59,61,63,64,66,88,95,98" m="5215" machi="66" ten="30,2000,0" yaku="8,1,54,1" doraHai="79" who="1" fromWho="3" sc="208,0,279,23,277,0,236,-23" /><INIT seed="3,0,0,5,4,67" ten="208,302,277,213" oya="3" hai0="2,29,74,51,122,7,89,6,54,98,33,75,50" hai1="131,114,121,120,42,44,80,0,47,111,109,19,124" hai2="62,86,115,10,22,4,37,61,28,70,78,126,69" hai3="26,66,133,46,5,27,77,14,79,60,57,59,49"/><W64/><G133/><T56/><D122/><U125/><E114/><V94/><F37/><W90/><G5/><T128/><D128/><U12/><E131/><V11/><F115/><W135/><G135/><T105/><D7/><U30/><E30/><V40/><F40/><W38/><G38/><T107/><D107/><U16/><E0/><V73/><F73/><W134/><G134/><T97/><D97/><U93/><E93/><V58/><F126/><N who="1" m="48745" /><E80/><V21/><F11/><W99/><G14/><T96/><D96/><U130/><E130/><V110/><F110/><N who="1" m="41993" /><E44/><V76/><F94/><N who="3" m="56791" /><G79/><T45/><D6/><U65/><E65/><V82/><F78/><W104/><G77/><T95/><D2/><U71/><E71/><V118/><F70/><W1/><G1/><T91/><D105/><U31/><E31/><V63/><F69/><W34/><G104/><T100/><D29/><U101/><E101/><V43/><F28/><W13/><G66/><T132/><D33/><U35/><E35/><V23/><F4/><W36/><G34/><T25/><D132/><U112/><E112/><V8/><F76/><W108/><G108/><T15/><D25/><U106/><E106/><V17/><F17/><N who="1" m="6729" /><E12/><V20/><N who="2" m="5120" /><DORA hai="32" /><V52/><F8/><W68/><G13/><T55/><D15/><U113/><E113/><V92/><F10/><W24/><G68/><T72/><AGARI ba="0,0" hai="45,50,51,54,55,56,72,74,75,89,91,95,98,100" machi="72" ten="30,1100,0" yaku="0,1" doraHai="67,32" who="0" fromWho="0" sc="208,11,302,-3,277,-3,213,-5" /><INIT seed="4,0,0,1,1,82" ten="219,299,274,208" oya="0" hai0="104,89,10,57,95,101,135,0,25,122,48,113,43" hai1="98,39,9,60,118,102,69,74,85,91,109,88,103" hai2="83,115,117,97,129,13,23,29,54,93,32,41,14" hai3="5,108,78,76,105,36,33,81,125,63,31,37,120"/><T49/><D122/><U87/><E109/><V66/><F115/><W68/><G108/><T51/><D113/><U7/><E39/><V80/><F129/><W96/><G125/><T18/><D104/><U65/><E74/><V50/><F41/><W71/><G120/><T132/><D101/><U106/><E118/><V19/><F66/><W21/><G5/><T46/><D0/><U56/><E69/><V72/><F117/><W126/><G126/><T75/><D75/><U20/><E20/><V12/><F32/><W119/><G71/><T11/><D25/><U99/><E91/><N who="2" m="55487" /><F29/><W114/><G33/><T111/><D111/><U30/><E30/><V84/><F72/><W92/><G105/><T134/><D18/><U44/><E44/><N who="2" m="27975" /><F80/><W116/><G81/><T123/><D123/><U133/><E133/><V67/><F67/><W94/><G114/><T6/><D6/><U15/><E88/><AGARI ba="0,0" hai="12,13,14,19,23,83,84,88" m="27975,55487" machi="88" ten="30,3900,0" yaku="8,1,52,1,54,1" doraHai="82" who="2" fromWho="1" sc="219,0,299,-39,274,39,208,0" owari="219,-18.1,260,6.0,313,41.3,208,-29.2" /></mjloggm>