<mjloggm ver="2.3"><GO type="225" lobby="0"/><UN n0="%E3%81%BF%E3%81%BF%E3%81%9A" n1="%E5%8D%A0%E3%81%84%E5%B8%AB%E8%A3%8F%E3%81%AA%E3%81%84%E3%81%97" n2="%E3%83%81%E3%83%AF%E3%83%AF%E9%9A%8A%E9%95%B7" n3="%E3%81%8B%E3%82%8F%E3%81%A1%E3%82%83%E3%82%93%35%38" dan="18,17,16,17" rate="2256.09,2213.14,2151.81,2219.00" sx="M,M,M,M"/><TAIKYOKU oya="0"/><INIT seed="0,0,0,4,3,88" ten="250,250,250,250" oya="0" hai0="106,81,19,101,84,78,121,20,63,37,122,75,115" hai1="72,93,87,1,55,102,114,32,48,6,25,38,97" hai2="77,66,39,22,54,29,0,109,23,111,45,57,21" hai3="95,18,89,94,73,7,91,134,27,13,92,59,96"/><T123/><D115/><U67/><E72/><V135/><F0/><W62/><G73/><T56/><D37/><U85/><E38/><V117/><F117/><W42/><G134/><T24/><D75/><U44/><E114/><V8/><F135/><W4/><G42/><T9/><D9/><U60/><E1/><V16/><F77/><W71/><G71/><T36/><D36/><U83/><E6/><N who="3" m="2090" /><G27/><T76/><D76/><U30/><REACH who="1" step="1"/><E83/><REACH who="1" ten="250,240,250,250" step="2"/><V110/><F39/><W86/><G96/><T132/><D132/><U5/><E5/><V49/><F109/><W127/><G127/><T51/><D122/><U47/><E47/><V41/><F110/><W131/><G131/><T3/><D3/><U64/><E64/><V40/><F111/><W125/><G125/><T103/><D121/><U58/><AGARI ba="0,1" hai="25,30,32,44,48,55,58,60,67,85,87,93,97,102" machi="58" ten="20,5200,0" yaku="1,1,0,1,7,1,52,1,53,0" doraHai="88" doraHaiUra="124" who="1" fromWho="1" sc="250,-26,240,62,250,-13,250,-13" /><INIT seed="1,0,0,2,5,41" ten="224,302,237,237" oya="1" hai0="22,132,118,81,113,59,26,114,44,52,24,91,32" hai1="135,74,78,112,126,125,76,53,11,101,68,108,73" hai2="88,56,3,94,36,72,97,75,10,85,62,27,55" hai3="45,20,31,96,102,4,18,119,64,6,134,47,29"/><U7/><E68/><V25/><F36/><W111/><G64/><T28/><D118/><U60/><E112/><V99/><F99/><W107/><G119/><T8/><D132/><U131/><E135/><V110/><F110/><W103/><G111/><T30/><D8/><U65/><E108/><V23/><F25/><W1/><G134/><T80/><D44/><N who="3" m="16969" /><G1/><T40/><D40/><U121/><E53/><V61/><F61/><W50/><G50/><T19/><D19/><U123/><E131/><V116/><F116/><W82/><G82/><T86/><REACH who="0" step="1"/><D80/><REACH who="0" ten="214,302,237,237" step="2"/><U122/><E122/><V129/><F129/><W117/><G117/><T98/><D98/><U115/><E121/><V21/><F97/><W37/><G37/><T38/><D38/><U79/><E123/><V42/><F42/><W54/><G107/><T120/><D120/><U57/><E115/><V58/><F3/><W89/><G102/><T87/><D87/><U128/><E101/><V83/><F83/><W71/><G103/><T95/><D95/><U93/><E93/><V35/><F94/><N who="3" m="56399" /><G4/><T63/><AGARI ba="0,1" hai="22,24,26,28,30,32,52,59,63,81,86,91,113,114" machi="63" ten="20,5200,0" yaku="1,1,0,1,7,1,54,1,53,0" doraHai="41" doraHaiUra="124" who="0" fromWho="0" sc="214,62,302,-26,237,-13,237,-13" /><INIT seed="2,0,0,4,2,127" ten="276,276,224,224" oya="2" hai0="79,52,49,54,109,100,126,94,103,114,35,26,6" hai1="30,4,60,85,117,115,84,66,120,13,57,0,39" hai2="112,128,8,33,135,104,15,16,133,41,23,96,50" hai3="90,71,73,87,92,69,55,42,28,2,3,122,111"/><V43/><F33/><W129/><G122/><T102/><D114/><U48/><E115/><V5/><F112/><W17/><G73/><T47/><D126/><U27/><E117/><V124/><F124/><W131/><G111/><T77/><D109/><U113/><E39/><V134/><F128/><N who="3" m="49227" /><G42/><T32/><D6/><U93/><E0/><N who="3" m="42" /><G28/><T97/><D32/><U11/><E113/><V74/><F74/><W45/><G17/><T82/><D79/><U116/><E120/><V18/><F18/><W125/><G125/><T65/><D65/><U9/><E30/><V63/><F43/><W83/><G83/><T86/><D35/><U76/><E66/><V34/><F34/><W80/><G80/><T89/><D26/><U68/><E27/><V1/><F41/><AGARI ba="0,0" hai="41,47,49,52,54,77,82,86,89,94,97,100,102,103" machi="41" ten="40,2600,0" yaku="8,1,54,1" doraHai="127" who="0" fromWho="2" sc="276,26,276,0,224,-26,224,0" /><INIT seed="3,0,0,5,0,72" ten="302,276,198,224" oya="3" hai0="7,122,133,92,20,28,90,98,111,115,99,96,108" hai1="105,10,37,53,118,132,91,19,14,46,110,42,40" hai2="129,15,77,49,135,41,97,107,21,83,106,47,39" hai3="1,52,119,114,124,44,3,4,35,68,55,78,61"/><W48/><G114/><T75/><D122/><U23/><E110/><N who="0" m="42025" /><D133/><U134/><E118/><V59/><F135/><N who="1" m="51753" /><E105/><V70/><F70/><W131/><G119/><T5/><D75/><U32/><E32/><V62/><F129/><W101/><G35/><T34/><D34/><U76/><E91/><V89/><F39/><W117/><G117/><T11/><D115/><U127/><E53/><V74/><F15/><W66/><G131/><T18/><D28/><U82/><E40/><V31/><F97/><N who="0" m="37482" /><D11/><U112/><E127/><V13/><F89/><W71/><G101/><T93/><D93/><U2/><E112/><V65/><REACH who="2" step="1"/><F13/><AGARI ba="0,0" hai="5,7,13,18,20,90,92,99" m="37482,42025" machi="13" ten="30,1000,0" yaku="14,1" doraHai="72" who="0" fromWho="2" sc="302,10,276,0,198,-10,224,0" owari="312,41.2,276,7.6,188,-31.2,224,-17.6" /></mjloggm>