<mjloggm ver="2.3"><GO type="225" lobby="0"/><UN n0="%E7%99%BD%E5%92%B2%E8%8A%B1%E3%81%A1%E3%82%83%E3%82%93" n1="%E4%BF%BA%E3%81%A8%E5%A6%96%E5%A4%A2" n2="%E3%83%B4%E3%83%A0%EF%BC%99%E3%81%A6" n3="%72%69%6F%75%63%68%61%6E" dan="16,17,16,17" rate="2148.52,2177.02,2105.81,2194.31" sx="F,F,M,M"/><TAIKYOKU oya="0"/><INIT seed="0,0,0,5,3,36" ten="250,250,250,250" oya="0" hai0="94,116,46,131,32,76,113,122,51,93,50,86,75" hai1="16,14,71,69,45,68,128,99,29,81,92,22,17" hai2="9,89,40,11,59,31,39,65,20,37,18,24,12" hai3="108,79,124,118,123,132,30,88,129,103,111,1,60"/><T96/><D113/><U97/><E128/><V62/><F40/><W33/><G103/><T119/><D32/><U47/><E29/><V25/><F89/><W21/><G79/><T2/><D2/><U26/><E81/><V49/><F49/><W3/><G60/><T27/><D122/><U23/><REACH who="1" step="1"/><E97/><REACH who="1" ten="250,240,250,250" step="2"/><V78/><F78/><W83/><G129/><T126/><D96/><U7/><E7/><V15/><REACH who="2" step="1"/><F25/><REACH who="2" ten="250,240,240,250" step="2"/><W98/><G111/><T44/><D27/><U80/><E80/><V102/><F102/><AGARI ba="0,2" hai="14,16,17,22,23,26,45,47,68,69,71,92,99,102" machi="102" ten="40,2600,0" yaku="1,1,54,1,53,0" doraHai="36" doraHaiUra="117" who="1" fromWho="2" sc="250,0,240,46,240,-26,250,0" /><INIT seed="1,0,0,2,5,92" ten="250,286,214,250" oya="1" hai0="24,48,126,113,96,35,107,67,120,1,26,14,133" hai1="22,23,40,57,81,56,84,69,102,97,89,72,2" hai2="59,88,132,100,36,39,111,75,104,34,61,7,52" hai3="19,21,90,71,54,37,79,49,15,103,30,17,130"/><U13/><E69/><V16/><F34/><W46/><G130/><T32/><D113/><U98/><E2/><V106/><F75/><W28/><G71/><T66/><D14/><U4/><E72/><V83/><F7/><W87/><G37/><T85/><D85/><U124/><E124/><V123/><F123/><W86/><G103/><T70/><D70/><U131/><E131/><V8/><F111/><W112/><G112/><T94/><D94/><U77/><E40/><V33/><F33/><W125/><G125/><T122/><D48/><U29/><E77/><V76/><F76/><W50/><G79/><T91/><D126/><U58/><E102/><V53/><F53/><W74/><G74/><T55/><D55/><U116/><E116/><V3/><F3/><W9/><G50/><T41/><D41/><U82/><E82/><V93/><F83/><N who="3" m="49503" /><G87/><T20/><D1/><U5/><E5/><V134/><F100/><W101/><G101/><T80/><D107/><U64/><E64/><V115/><F115/><W105/><G105/><T99/><D80/><U6/><E6/><V65/><F65/><W128/><G128/><T68/><D68/><U18/><E4/><V119/><F119/><W11/><G11/><T10/><D10/><U43/><E43/><V38/><F104/><W60/><G60/><T44/><D91/><U127/><E127/><V12/><F106/><W31/><G31/><T0/><D0/><U135/><E135/><N who="2" m="51755" /><F39/><W108/><G108/><T129/><D133/><U63/><E63/><V114/><F114/><W27/><AGARI ba="0,0" hai="9,15,17,19,21,27,28,30,46,49,54" m="49503" machi="27" ten="30,2000,0" yaku="25,1,8,1" doraHai="92" who="3" fromWho="3" sc="250,-5,286,-10,214,-5,250,20" /><INIT seed="2,0,0,4,2,119" ten="245,276,209,270" oya="2" hai0="122,105,40,17,7,113,83,129,60,4,5,42,82" hai1="72,74,13,126,108,56,103,84,128,58,73,124,68" hai2="54,29,123,86,135,64,79,101,112,99,18,134,16" hai3="22,78,106,117,26,38,6,70,41,46,132,97,69"/><V14/><F112/><W52/><G117/><T85/><D113/><U120/><E68/><V28/><F64/><W125/><G125/><N who="1" m="48234" /><E108/><V10/><F54/><W24/><G132/><N who="2" m="50729" /><F18/><W94/><G106/><T81/><D129/><U95/><E128/><V49/><F49/><W116/><G116/><T133/><D133/><U51/><E120/><V115/><F115/><W76/><G6/><T121/><D105/><U98/><E13/><V11/><F11/><W21/><G52/><T87/><D60/><U93/><E51/><V65/><F65/><W8/><G8/><T111/><D17/><U104/><E56/><V43/><F43/><N who="0" m="16426" /><D111/><U12/><E58/><V107/><F123/><AGARI ba="0,0" hai="4,5,7,81,82,83,85,87,121,122,123" m="16426" machi="123" ten="40,8000,1" yaku="28,2,52,3" doraHai="119" who="0" fromWho="2" sc="245,80,276,0,209,-80,270,0" /><INIT seed="3,0,0,0,4,60" ten="325,276,129,270" oya="3" hai0="55,9,62,86,26,78,89,80,101,6,70,103,130" hai1="59,96,105,8,85,5,31,17,133,23,49,125,41" hai2="114,33,83,21,7,0,72,119,115,46,95,116,15" hai3="134,91,76,14,22,48,102,68,77,18,16,30,71"/><W99/><G134/><T110/><D110/><U54/><E133/><V40/><F95/><W66/><G30/><T67/><D130/><U1/><E125/><V28/><F15/><W113/><G113/><T92/><D55/><U107/><E31/><V36/><F21/><W34/><G34/><T90/><D26/><U32/><E32/><V47/><F47/><W124/><G124/><T64/><D64/><U42/><E85/><V87/><F87/><W65/><G91/><T52/><D52/><U43/><REACH who="1" step="1"/><E96/><REACH who="1" ten="325,266,129,270" step="2"/><V61/><F61/><W69/><G48/><T104/><D86/><U27/><AGARI ba="0,1" hai="1,5,8,17,23,27,41,42,43,49,54,59,105,107" machi="27" ten="30,4000,0" yaku="1,1,2,1,0,1,53,0" doraHai="60" doraHaiUra="109" who="1" fromWho="1" sc="325,-10,266,50,129,-10,270,-20" owari="315,11.5,316,41.6,119,-38.1,250,-15.0" /></mjloggm>