<mjloggm ver="2.3"><GO type="225" lobby="0"/><UN n0="%72%61%6B%33" n1="%E3%81%A1%E3%82%85%E3%81%86%E3%81%A9%E3%81%8F%E8%B1%A1%E3%81%95%E3%82%93" n2="%E3%81%9F%E3%81%8C%E3%82%84%E3%81%99" n3="%E3%81%86%E3%81%A9%E3%82%93%E3%81%93" dan="16,17,16,16" rate="2170.64,2183.12,2106.22,2153.59" sx="M,M,M,M"/><TAIKYOKU oya="0"/><INIT seed="0,0,0,5,1,128" ten="250,250,250,250" oya="0" hai0="131,8,133,88,21,36,97,80,81,68,0,24,50" hai1="16,52,84,132,85,86,22,66,14,5,29,123,7" hai2="59,34,10,92,127,62,71,70,119,61,73,35,102" hai3="4,111,116,56,44,82,109,53,37,106,76,125,40"/><T32/><D32/><U39/><E123/><V104/><F73/><W33/><BYE who="0" /><G116/><T94/><D94/><U45/><E66/><UN n0="%72%61%6B%33" /><V60/><F104/><W108/><G106/><T3/><D36/><U19/><E29/><V79/><F79/><W93/><G33/><N who="2" m="12297" /><F10/><W77/><G125/><T121/><D68/><N who="2" m="26154" /><F92/><W30/><G30/><T58/><D121/><U48/><E132/><V114/><F102/><W98/><G4/><T15/><D133/><U57/><REACH who="1" step="1"/><E19/><REACH who="1" ten="250,240,250,250" step="2"/><V101/><F119/><W41/><G109/><T72/><D131/><U28/><E28/><V107/><F127/><W23/><G108/><T17/><D17/><U13/><E13/><V67/><F67/><W126/><G111/><T74/><D15/><U55/><E55/><V43/><F43/><AGARI ba="0,1" hai="5,7,14,16,22,39,43,45,48,52,57,84,85,86" machi="43" ten="40,5200,0" yaku="1,1,54,2,53,0" doraHai="128" doraHaiUra="90" who="1" fromWho="2" sc="250,0,240,62,250,-52,250,0" /><INIT seed="1,0,0,0,5,5" ten="250,302,198,250" oya="1" hai0="78,106,74,51,118,130,77,120,92,89,53,39,15" hai1="88,57,72,123,64,55,117,48,91,32,76,75,109" hai2="121,28,25,4,70,18,67,43,38,33,24,47,21" hai3="14,41,7,83,103,34,31,19,105,56,96,114,27"/><U3/><E123/><V111/><F70/><W40/><G114/><T66/><D118/><U22/><E117/><V127/><F121/><W79/><G7/><T6/><D39/><U12/><E32/><V97/><F67/><W10/><REACH who="3" step="1"/><G56/><REACH who="3" ten="250,302,198,240" step="2"/><T95/><D6/><U60/><E3/><V42/><F111/><W65/><G65/><T108/><D66/><U128/><E109/><V8/><F127/><W129/><G129/><T45/><D130/><U131/><E131/><V84/><F43/><W80/><G80/><T135/><D108/><U86/><E128/><V69/><F69/><W87/><AGARI ba="0,1" hai="10,14,19,27,31,34,40,41,79,83,87,96,103,105" machi="87" ten="20,5200,0" yaku="1,1,0,1,7,1,52,1,53,0" doraHai="5" doraHaiUra="17" who="3" fromWho="3" sc="250,-13,302,-26,198,-13,240,62" /><INIT seed="2,0,0,5,4,10" ten="237,276,185,302" oya="2" hai0="17,112,14,129,44,51,86,88,59,115,25,64,62" hai1="30,118,18,0,40,60,71,111,110,67,82,52,90" hai2="26,83,43,24,41,132,121,134,109,16,73,135,23" hai3="50,7,63,84,85,78,101,130,33,48,80,105,8"/><V61/><F61/><W12/><G130/><T36/><D36/><U47/><E118/><V92/><F121/><W91/><G33/><T74/><D74/><U45/><E0/><V117/><F117/><W107/><G63/><T58/><D25/><U2/><E2/><V87/><F73/><W13/><G13/><T77/><D77/><U93/><E82/><V96/><F109/><N who="1" m="41481" /><E30/><V124/><F124/><W39/><G39/><T6/><D6/><U28/><E28/><V3/><F26/><W94/><G101/><T65/><D129/><U72/><E72/><V22/><F22/><W53/><REACH who="3" step="1"/><G48/><REACH who="3" ten="237,276,185,292" step="2"/><T98/><D62/><U81/><E60/><V106/><F3/><W21/><G21/><T104/><D64/><U46/><E67/><V29/><F106/><W126/><G126/><T34/><D34/><U125/><E125/><V119/><F119/><W100/><G100/><T99/><D65/><U31/><E71/><V68/><F68/><W128/><G128/><T9/><D104/><U122/><E122/><V4/><F4/><W103/><G103/><T79/><D51/><U35/><E35/><V66/><F66/><W113/><G113/><T70/><D70/><U49/><E49/><V127/><F127/><W27/><G27/><T54/><D115/><U1/><E1/><V97/><F135/><W102/><G102/><T55/><D112/><U56/><E40/><V38/><F134/><W5/><G5/><T95/><D54/><U108/><E108/><V116/><F132/><W20/><G20/><T69/><D69/><U120/><E52/><V11/><F116/><RYUUKYOKU ba="0,1" sc="237,-10,276,-10,185,-10,292,30" hai3="7,8,12,50,53,78,80,84,85,91,94,105,107" /><INIT seed="3,1,1,3,5,99" ten="227,266,175,322" oya="3" hai0="7,30,128,106,3,111,32,61,23,5,41,123,100" hai1="56,13,108,48,101,109,110,127,77,38,67,93,0" hai2="68,97,40,4,12,49,33,79,87,15,16,47,66" hai3="119,39,75,80,63,1,82,118,42,69,44,65,113"/><W73/><G113/><T91/><D123/><U27/><E0/><V60/><F33/><W24/><G24/><T88/><D32/><U124/><E38/><V116/><F116/><W10/><G80/><T53/><D41/><U46/><E77/><V29/><F29/><W62/><G62/><T54/><D111/><U107/><E107/><V50/><F4/><N who="3" m="1295" /><G82/><T31/><D128/><U122/><E122/><V81/><F12/><W125/><G125/><N who="1" m="48202" /><E27/><V115/><F115/><W11/><G11/><T130/><D3/><U103/><E13/><V74/><F97/><W9/><G9/><T89/><D130/><U19/><E19/><V21/><REACH who="2" step="1"/><F87/><REACH who="2" ten="227,266,165,322" step="2"/><W90/><G119/><T43/><D30/><U45/><E109/><V57/><F57/><W26/><G118/><T76/><D5/><U104/><E110/><V58/><F58/><W112/><G112/><T133/><D7/><U85/><E108/><V98/><F98/><W105/><G73/><T2/><D2/><U114/><E114/><V70/><F70/><W135/><G75/><T52/><D31/><U64/><E56/><V59/><F59/><W131/><G131/><T51/><D23/><U94/><E85/><V25/><F25/><W72/><G72/><T92/><D61/><U55/><E45/><V86/><F86/><W71/><G26/><T121/><D121/><U95/><E104/><V83/><F83/><W35/><G105/><T37/><D106/><U84/><E84/><V134/><F134/><W22/><G135/><T8/><D133/><U129/><E129/><V102/><F102/><AGARI ba="1,2" hai="46,48,55,64,67,93,94,95,101,102,103" m="48202" machi="102" ten="30,7700,0" yaku="18,1,52,3" doraHai="99" who="1" fromWho="2" sc="227,0,266,100,165,-80,322,0" owari="227,-17.3,366,46.6,85,-41.5,322,12.2" /></mjloggm>