<mjloggm ver="2.3"><GO type="225" lobby="0"/><UN n0="%E5%A4%9C%E3%81%AE%E3%82%AC%E3%82%B9%E3%83%91%E3%83%BC%E3%83%AB" n1="%E3%81%8B%E3%82%8F%E3%81%A1%E3%82%83%E3%82%93%35%38" n2="%E3%82%B2%E3%82%B9%E8%8C%82%E5%8B%9D" n3="%E3%81%B5%E3%81%98%E3%81%8B%E3%81%A4" dan="16,16,16,16" rate="2123.92,2162.32,2131.22,2080.32" sx="M,M,F,M"/><TAIKYOKU oya="0"/><INIT seed="0,0,0,0,3,10" ten="250,250,250,250" oya="0" hai0="57,58,126,94,32,46,65,49,34,2,15,97,29" hai1="56,67,114,42,47,113,78,107,27,14,121,19,71" hai2="88,99,120,112,22,24,98,109,80,95,31,106,55" hai3="12,117,125,68,131,93,26,25,76,59,124,62,89"/><T81/><D2/><U87/><E107/><V20/><F109/><W40/><G117/><T8/><D126/><N who="3" m="48745" /><G76/><T53/><D29/><U128/><E71/><V119/><F120/><W86/><G40/><T0/><D0/><U30/><E121/><V66/><F119/><W3/><G3/><T91/><D34/><U90/><E78/><V105/><F112/><W79/><G68/><T103/><D32/><U92/><E128/><V85/><F66/><N who="3" m="39263" /><G131/><T102/><D65/><U44/><E56/><N who="0" m="21609" /><D81/><U75/><E75/><V48/><F99/><W104/><G104/><T23/><D23/><U50/><E47/><V116/><F116/><W5/><G79/><T101/><D101/><U41/><E41/><V45/><REACH who="2" step="1"/><F20/><REACH who="2" ten="250,250,240,250" step="2"/><W115/><G115/><T51/><D51/><U69/><E67/><V43/><F43/><W82/><G82/><T122/><D122/><U33/><REACH who="1" step="1"/><E69/><REACH who="1" ten="250,240,240,250" step="2"/><V39/><F39/><W64/><G64/><T38/><D38/><U1/><E1/><V96/><F96/><W36/><G36/><T61/><D61/><U133/><E133/><V17/><F17/><AGARI ba="0,2" hai="8,15,17,46,49,53,91,94,97,102,103" m="21609" machi="17" ten="30,2900,0" yaku="8,1,52,1" doraHai="10" who="0" fromWho="2" sc="250,49,240,0,240,-29,250,0" /><INIT seed="0,1,0,3,0,101" ten="299,240,211,250" oya="0" hai0="85,123,78,116,83,20,54,97,125,46,49,126,82" hai1="58,25,7,69,4,47,64,95,6,67,32,10,44" hai2="62,5,135,48,30,75,45,114,17,92,72,79,98" hai3="59,31,102,131,87,84,76,26,119,127,36,22,16"/><T51/><D116/><U13/><E69/><V117/><F114/><W27/><G119/><T38/><D123/><U19/><E32/><V57/><F117/><W9/><G36/><T12/><D38/><U37/><E37/><V107/><F135/><W28/><G127/><T66/><D66/><N who="1" m="25131" /><E58/><V112/><F112/><W124/><G102/><T111/><D111/><U50/><E95/><V55/><F79/><W3/><G124/><T133/><D133/><U100/><E100/><V14/><F5/><N who="3" m="1215" /><G59/><T118/><D118/><U56/><E25/><N who="3" m="9226" /><G84/><T88/><D83/><U33/><E33/><V115/><F30/><N who="3" m="11307" /><G87/><T108/><D97/><U21/><E10/><V103/><F115/><W89/><G131/><T15/><D78/><U70/><E70/><V42/><REACH who="2" step="1"/><F92/><REACH who="2" ten="299,240,201,250" step="2"/><W86/><G76/><T0/><D126/><U73/><E73/><V120/><F120/><W52/><G86/><T24/><D125/><U94/><E94/><V104/><F104/><W96/><G96/><T109/><D85/><U74/><E74/><V113/><F113/><W80/><G80/><T99/><D82/><U1/><E1/><V132/><F132/><W60/><G89/><T8/><D88/><U90/><E90/><V53/><F53/><AGARI ba="1,1" hai="4,6,7,13,19,21,44,47,50,53,56" m="25131" machi="53" ten="30,1000,0" yaku="8,1" doraHai="101" who="1" fromWho="2" sc="299,0,240,23,201,-13,250,0" /><INIT seed="1,0,0,0,0,94" ten="299,263,188,250" oya="1" hai0="132,28,8,13,34,72,82,113,63,7,61,88,78" hai1="65,120,12,134,10,110,2,135,52,11,123,22,24" hai2="0,9,20,18,14,86,50,27,36,98,17,32,35" hai3="46,107,126,112,114,48,79,56,106,62,6,96,89"/><U105/><E105/><V108/><F36/><W67/><G79/><T103/><D113/><U55/><E65/><V84/><F108/><W60/><G126/><T1/><D132/><N who="1" m="50731" /><E2/><V99/><F0/><W33/><G33/><T95/><D103/><U74/><E74/><V90/><F84/><W70/><G107/><T133/><D133/><U119/><E119/><V75/><F75/><W129/><G6/><T116/><D116/><U81/><E81/><V15/><F50/><W58/><G129/><T42/><D42/><U49/><E110/><V16/><F32/><W77/><G77/><T130/><D130/><U43/><E43/><V122/><F122/><N who="1" m="46633" /><E12/><V57/><F57/><W73/><G73/><T121/><D121/><U64/><E64/><V93/><F35/><W76/><G76/><T102/><D13/><U19/><E55/><V109/><F109/><W44/><G106/><T85/><D102/><U23/><E22/><AGARI ba="0,0" hai="9,14,15,16,17,18,20,22,27,86,90,93,98,99" machi="22" ten="30,8000,1" yaku="7,1,8,1,52,2,54,1" doraHai="94" who="2" fromWho="1" sc="299,0,263,-80,188,80,250,0" /><INIT seed="2,0,0,3,3,134" ten="299,183,268,250" oya="2" hai0="123,120,18,107,23,104,117,86,30,0,97,89,63" hai1="69,67,65,79,12,128,55,39,74,88,94,73,26" hai2="62,71,101,3,22,81,91,70,133,109,51,72,16" hai3="87,106,27,77,33,78,10,15,54,135,52,92,61"/><V80/><F133/><W125/><G106/><T8/><D30/><U118/><E118/><V4/><F101/><W7/><G135/><T82/><D117/><U44/><E128/><V56/><F51/><W43/><G43/><T58/><D0/><U20/><E12/><V90/><F109/><W41/><G41/><T1/><D8/><U68/><E39/><V98/><F4/><W13/><G125/><T112/><D1/><U2/><E2/><V108/><F3/><W131/><G131/><T38/><D112/><U46/><E79/><V6/><F6/><W42/><G42/><T96/><D38/><U122/><E122/><V11/><F11/><W114/><G114/><T111/><D111/><U110/><E110/><V116/><F116/><W48/><G33/><T64/><D107/><U36/><E36/><V121/><F121/><W9/><G27/><T124/><D124/><U126/><E126/><V47/><F108/><W99/><G61/><T102/><D97/><N who="1" m="57543" /><E67/><V95/><F47/><N who="1" m="17961" /><E55/><N who="3" m="21034" /><G48/><T24/><AGARI ba="0,0" hai="18,23,24,58,63,64,82,86,89,96,102,104,120,123" machi="24" ten="20,1500,0" yaku="0,1,7,1" doraHai="134" who="0" fromWho="0" sc="299,15,183,-4,268,-7,250,-4" /><INIT seed="3,0,0,1,3,1" ten="314,179,261,246" oya="3" hai0="66,17,46,118,43,82,103,90,55,89,111,135,36" hai1="49,130,76,83,99,129,127,94,39,112,38,24,48" hai2="75,28,79,84,80,97,73,81,57,114,125,12,101" hai3="134,128,34,98,74,50,25,19,93,88,110,72,15"/><W68/><G68/><T40/><D118/><U54/><E24/><V117/><F117/><W5/><G134/><T16/><D111/><U59/><E83/><V95/><F125/><W119/><G119/><T3/><D3/><U132/><E76/><V6/><F114/><W20/><G110/><T33/><D33/><U30/><E30/><V58/><F28/><W124/><G124/><T9/><D66/><U109/><E94/><V108/><F108/><W60/><G128/><N who="1" m="49258" /><E99/><V37/><F37/><N who="1" m="13833" /><E109/><V29/><F29/><W100/><G34/><T64/><D64/><U78/><E78/><V96/><F96/><W26/><G74/><T31/><D103/><U7/><E7/><V86/><F73/><W8/><G72/><T61/><D31/><U105/><E105/><V133/><F75/><W113/><G113/><T14/><D17/><U67/><E112/><V77/><F133/><W71/><G100/><T116/><D135/><U27/><E132/><V91/><F101/><W102/><G102/><T62/><D82/><U53/><E127/><V87/><F87/><W13/><G26/><T121/><D116/><U4/><E27/><V2/><F2/><W23/><G25/><T45/><D89/><U65/><E4/><V41/><F6/><W52/><G23/><T120/><D90/><U42/><E54/><V104/><F104/><W35/><G35/><T92/><D55/><U0/><E0/><V11/><F11/><W123/><G52/><T63/><D9/><U122/><E122/><V131/><F12/><W21/><G8/><T56/><D121/><U22/><E22/><RYUUKYOKU ba="0,0" sc="314,-10,179,30,261,-10,246,-10" hai1="42,48,49,53,59,65,67" owari="304,40.4,209,-29.1,251,5.1,236,-16.4" /></mjloggm>