<mjloggm ver="2.3"><GO type="225" lobby="0"/><UN n0="%6D%75%75%6D%75%72%61" n1="%E3%81%A6%E3%81%A4%EF%BC%A3" n2="%E3%82%A2%E3%83%BC%E3%83%A2%E3%83%AD%E3%83%BC%E3%83%B4%E3%82%A1" n3="%54%4F%52" dan="16,16,16,17" rate="2075.38,2057.95,2098.63,2247.49" sx="F,M,M,M"/><TAIKYOKU oya="0"/><INIT seed="0,0,0,4,4,119" ten="250,250,250,250" oya="0" hai0="89,35,133,109,34,9,87,7,59,39,19,10,1" hai1="117,3,96,72,65,52,114,32,101,25,107,82,79" hai2="31,129,118,41,33,102,77,14,6,62,66,103,112" hai3="17,16,57,26,51,54,67,0,5,73,128,68,21"/><T76/><D133/><U81/><E117/><V11/><F118/><W126/><G73/><T60/><D39/><U70/><E82/><V116/><F116/><W113/><G113/><T40/><D40/><U127/><E114/><V121/><F112/><W78/><G78/><T29/><D76/><U27/><E127/><V132/><F132/><W100/><G126/><T74/><D74/><U86/><E86/><V64/><F129/><W45/><G128/><T124/><D124/><U130/><E130/><V8/><F121/><W22/><G68/><T80/><D109/><U49/><E3/><V91/><F77/><W15/><G100/><T75/><D75/><U20/><E32/><V23/><F33/><W105/><G105/><T36/><D36/><U85/><E72/><V71/><F41/><W42/><G0/><T131/><D131/><U18/><E65/><N who="2" m="25195" /><F62/><N who="3" m="38351" /><G5/><T94/><D35/><U111/><E111/><V13/><F91/><W4/><G4/><T69/><D69/><U93/><E70/><V53/><F53/><AGARI ba="0,0" hai="15,16,17,21,22,26,42,45,51,53,54" m="38351" machi="53" ten="30,2000,0" yaku="8,1,54,1" doraHai="119" who="3" fromWho="2" sc="250,0,250,0,250,-20,250,20" /><INIT seed="1,0,0,4,0,73" ten="250,250,230,270" oya="1" hai0="57,15,41,132,0,122,28,24,32,62,96,19,105" hai1="43,31,93,11,23,37,85,50,94,59,35,129,130" hai2="112,72,80,21,102,77,29,22,110,97,84,13,74" hai3="121,38,69,39,120,71,104,10,45,81,91,90,134"/><U78/><E35/><V124/><F110/><W6/><G104/><T128/><D128/><N who="1" m="49259" /><E37/><V89/><F124/><W16/><G134/><T3/><D132/><U49/><E11/><V76/><F112/><W115/><G115/><T52/><D122/><U98/><E43/><V131/><F131/><W99/><G99/><T79/><D41/><U8/><E8/><V2/><F2/><W126/><G10/><T44/><D44/><U56/><E31/><V87/><F72/><W100/><G81/><T92/><D105/><U117/><E23/><V86/><F74/><W27/><G45/><T36/><D36/><U30/><E30/><V58/><F58/><N who="1" m="22057" /><E117/><V133/><F133/><W66/><G27/><T48/><D62/><U108/><E108/><V54/><F54/><W65/><G6/><T1/><D79/><N who="2" m="30282" /><F13/><W5/><G5/><T88/><D1/><U9/><E9/><AGARI ba="0,0" hai="0,3,9,15,19,24,28,32,48,52,57,88,92,96" machi="9" ten="30,3900,0" yaku="7,1,54,2" doraHai="73" who="0" fromWho="1" sc="250,39,250,-39,230,0,270,0" /><INIT seed="2,0,0,4,1,34" ten="289,211,230,270" oya="2" hai0="54,109,43,72,11,5,14,129,12,18,95,130,74" hai1="4,115,23,38,80,133,2,93,27,44,17,42,102" hai2="67,41,61,30,101,70,0,125,66,48,108,21,10" hai3="127,9,45,19,3,94,32,52,123,58,7,63,119"/><V37/><F125/><W49/><G127/><T114/><D114/><U86/><E115/><V40/><F66/><W50/><G119/><T131/><D109/><U13/><E133/><V62/><F62/><W126/><G126/><T116/><D116/><U6/><E102/><V121/><F121/><W104/><G104/><T92/><D54/><U99/><E99/><V20/><F108/><W122/><G32/><T68/><D43/><U82/><E2/><V26/><F101/><W25/><G94/><N who="0" m="35883" /><D68/><U28/><E93/><V46/><F21/><AGARI ba="0,0" hai="5,11,12,14,18,21,72,74,129,130,131" m="35883" machi="21" ten="30,1000,0" yaku="19,1" doraHai="34" who="0" fromWho="2" sc="289,10,211,0,230,-10,270,0" /><INIT seed="3,0,0,3,2,45" ten="299,211,220,270" oya="3" hai0="48,84,122,94,116,10,2,101,67,21,12,86,106" hai1="79,64,53,95,87,8,18,36,70,51,57,68,35" hai2="15,27,23,100,38,28,14,59,99,0,102,13,66" hai3="112,61,29,134,127,126,115,107,83,17,96,98,74"/><W63/><G29/><T135/><D116/><U25/><E36/><V33/><F38/><W129/><G17/><T89/><D122/><U31/><E64/><V49/><F0/><W111/><G134/><T46/><D2/><U114/><E114/><N who="3" m="43562" /><G129/><T3/><D3/><U131/><E131/><V58/><F33/><W76/><G61/><T60/><D135/><U7/><E18/><V34/><F34/><W40/><G63/><T123/><D21/><U42/><E42/><V120/><F120/><W77/><G40/><N who="0" m="24647" /><D106/><U125/><E125/><N who="3" m="47626" /><G111/><T1/><D1/><U39/><E39/><V105/><F66/><W56/><G56/><N who="0" m="37255" /><D101/><U37/><E37/><V81/><F100/><N who="3" m="62855" /><G77/><T65/><D123/><U130/><E130/><V97/><F59/><W9/><G9/><T62/><D62/><U6/><E8/><V69/><F58/><W78/><G78/><T93/><D65/><U92/><E79/><V41/><F69/><W44/><G44/><T124/><D124/><U113/><E113/><V90/><F41/><W11/><G11/><T71/><D71/><U55/><E55/><V5/><F49/><W109/><G109/><T132/><D132/><U19/><E70/><V103/><F5/><N who="1" m="1545" /><E68/><V128/><F128/><W85/><G98/><N who="2" m="37385" /><F105/><W54/><G54/><T32/><D32/><U82/><E19/><V47/><F47/><W133/><G133/><T110/><D110/><U72/><E72/><AGARI ba="0,0" hai="72,74,76,83,85" m="62855,47626,43562" machi="72" ten="30,5800,0" yaku="18,1,34,2" doraHai="45" who="3" fromWho="1" sc="299,0,211,-58,220,0,270,58" owari="299,9.9,153,-34.7,220,-18.0,328,42.8" /></mjloggm>