<mjloggm ver="2.3"><GO type="225" lobby="0"/><UN n0="%E6%B4%BE%E9%81%A3%E3%81%AE%E3%82%B8%E3%83%A3%E3%83%83%E3%82%AF" n1="%50%65%74%65%72%50%61%6E" n2="%E3%83%A9%E3%83%BC%E3%83%A1%E3%83%B3%E4%BA%94%E9%83%8E" n3="%70%68%65%6E%6F%6D%65" dan="16,16,16,16" rate="2179.75,2173.92,2046.64,2095.92" sx="M,M,M,M"/><TAIKYOKU oya="0"/><INIT seed="0,0,0,3,0,93" ten="250,250,250,250" oya="0" hai0="108,54,57,78,73,50,21,75,111,47,56,122,88" hai1="68,85,118,24,71,33,64,2,102,96,42,77,13" hai2="66,44,109,39,92,37,18,38,95,31,69,16,49" hai3="81,53,19,124,86,113,4,100,89,129,6,20,26"/><T127/><D122/><U87/><E2/><V35/><F109/><N who="0" m="42058" /><D127/><U63/><E118/><V74/><F74/><N who="0" m="28170" /><D78/><U8/><E42/><V15/><F69/><W119/><G119/><T25/><D88/><U117/><E71/><V55/><F66/><W9/><G113/><T58/><D47/><U1/><E1/><V22/><REACH who="2" step="1"/><F18/><AGARI ba="0,0" hai="18,21,25,50,54,56,57,58" m="28170,42058" machi="18" ten="30,2900,0" yaku="14,1,10,1" doraHai="93" who="0" fromWho="2" sc="250,29,250,0,250,-29,250,0" /><INIT seed="0,1,0,0,0,51" ten="279,250,221,250" oya="0" hai0="20,53,32,92,37,34,95,100,24,73,45,60,127" hai1="80,75,114,5,64,97,105,57,91,117,133,23,13" hai2="49,125,1,76,131,31,130,123,8,87,69,115,90" hai3="78,88,121,10,59,113,89,109,35,27,61,107,93"/><T83/><D127/><U11/><E117/><V122/><F69/><W39/><G113/><T112/><D112/><U50/><E114/><V68/><F68/><W58/><G107/><T9/><D9/><U94/><E133/><V103/><F115/><W85/><G109/><T101/><D37/><U6/><E105/><V79/><F125/><W111/><G111/><T44/><D73/><U119/><E119/><V0/><F103/><W21/><G121/><T77/><D77/><U124/><E124/><V74/><F31/><W132/><G132/><T42/><D42/><U62/><E50/><V118/><F118/><W55/><G39/><T17/><D83/><U134/><E134/><V30/><F30/><W46/><G35/><T56/><D34/><U29/><E75/><V81/><F79/><W40/><G10/><T135/><D32/><U67/><E80/><V70/><F70/><W14/><G14/><T22/><D22/><U71/><E71/><V82/><F49/><N who="3" m="26823" /><G59/><T3/><D3/><N who="2" m="1098" /><F8/><W52/><G89/><T38/><D38/><U25/><REACH who="1" step="1"/><E5/><REACH who="1" ten="279,240,221,250" step="2"/><V72/><F72/><W126/><G126/><T110/><D135/><U15/><E15/><V63/><F63/><W120/><G120/><T128/><D110/><U66/><AGARI ba="1,1" hai="6,11,13,23,25,29,57,62,64,66,67,91,94,97" machi="66" ten="20,8000,1" yaku="1,1,0,1,7,1,8,1,53,1" doraHai="51" doraHaiUra="4" who="1" fromWho="1" sc="279,-41,240,93,221,-21,250,-21" /><INIT seed="1,0,0,5,1,34" ten="238,333,200,229" oya="1" hai0="127,58,77,126,60,98,23,87,91,19,135,17,2" hai1="47,36,94,120,0,18,11,49,10,128,14,68,84" hai2="9,51,80,114,95,57,30,53,6,85,76,70,21" hai3="124,62,7,63,48,65,96,97,69,79,59,104,118"/><U25/><E120/><V29/><F114/><W27/><G124/><N who="0" m="47659" /><D135/><U37/><E68/><V78/><F70/><W99/><G118/><T73/><D98/><U88/><E128/><V52/><F76/><W13/><G79/><T20/><D77/><U83/><E25/><V125/><F125/><W130/><G130/><T33/><D33/><U74/><E74/><V32/><F32/><W108/><G108/><T31/><D73/><U55/><E94/><V66/><F66/><W24/><G104/><T3/><D31/><U43/><E43/><V134/><F134/><W71/><G48/><T101/><D101/><U100/><E100/><V4/><F95/><W5/><G71/><T67/><D20/><U8/><E8/><V106/><F106/><W109/><G109/><T22/><D22/><U12/><E0/><N who="0" m="41" /><D23/><U41/><E41/><V15/><F21/><W103/><G103/><T50/><D50/><U132/><E132/><V107/><F107/><W89/><G89/><T90/><D90/><U92/><E92/><AGARI ba="0,0" hai="17,19,58,60,67,87,91,92" m="41,47659" machi="92" ten="30,7700,0" yaku="18,1,52,3" doraHai="34" who="0" fromWho="1" sc="238,77,333,-77,200,0,229,0" /><INIT seed="2,0,0,1,3,10" ten="315,256,200,229" oya="2" hai0="104,4,91,96,132,46,68,19,12,121,36,35,65" hai1="114,125,18,102,85,9,29,67,20,23,78,70,40" hai2="98,89,112,131,76,111,120,61,123,94,13,32,26" hai3="37,79,24,63,126,53,47,11,75,8,60,118,82"/><V92/><F112/><W71/><G118/><T74/><D74/><U49/><E114/><V58/><F131/><W127/><G24/><T6/><D121/><U30/><E125/><N who="3" m="47626" /><G71/><T69/><D35/><U16/><E102/><V81/><F111/><W51/><G37/><T66/><D132/><U48/><E9/><AGARI ba="0,0" hai="8,9,11,47,51,53,60,63,75,79,82" m="47626" machi="9" ten="30,1000,0" yaku="18,1" doraHai="10" who="3" fromWho="1" sc="315,0,256,-10,200,0,229,10" /><INIT seed="3,0,0,1,3,61" ten="315,246,200,239" oya="3" hai0="22,118,65,114,122,39,84,88,70,42,75,76,51" hai1="6,123,0,45,91,56,34,36,125,52,132,115,100" hai2="24,112,126,94,97,16,33,85,2,44,78,60,3" hai3="13,105,135,27,93,77,59,74,9,1,87,80,98"/><W69/><G135/><T113/><D118/><U32/><E115/><V96/><F112/><W30/><G69/><T95/><D122/><U106/><E123/><V92/><F126/><W15/><G1/><T10/><D51/><U86/><E132/><V73/><F73/><W67/><G105/><T48/><D48/><U31/><E31/><V81/><F2/><W17/><G74/><T40/><D22/><U71/><E71/><V109/><F3/><W129/><G129/><T108/><D40/><U12/><E0/><V111/><F44/><W25/><G15/><T19/><D19/><U43/><E125/><V4/><F4/><W55/><G30/><T46/><D10/><U83/><E100/><V119/><F119/><W101/><REACH who="3" step="1"/><G67/><REACH who="3" ten="315,246,200,229" step="2"/><T124/><D113/><U37/><E106/><V133/><F133/><W131/><G131/><T49/><D114/><U11/><REACH who="1" step="1"/><E37/><REACH who="1" ten="315,236,200,229" step="2"/><V18/><F111/><W14/><G14/><T130/><D108/><U107/><E107/><V134/><F109/><W62/><AGARI ba="0,2" hai="9,13,17,25,27,55,59,62,77,80,87,93,98,101" machi="62" ten="20,7800,0" yaku="1,1,0,1,7,1,8,1,53,0" doraHai="61" doraHaiUra="103" who="3" fromWho="3" sc="315,-26,236,-26,200,-26,229,98" owari="289,8.9,210,-19.0,174,-32.6,327,42.7" /></mjloggm>