<mjloggm ver="2.3"><GO type="225" lobby="0"/><UN n0="%E3%82%A2%E3%83%A1%E3%82%A2%E3%83%A9%E3%83%AC" n1="%E3%82%B7%E3%83%B3%E5%A4%AA%E6%9C%97" n2="%E3%81%95%E3%81%8D%E3%81%9F%E3%81%BE%E6%9E%97%E6%AA%8E" n3="%E3%81%A4%E3%81%A3%E3%81%B1%E3%82%8A%E3%83%9D%E3%83%BC%E3%83%AB" dan="16,16,16,17" rate="2186.01,2135.94,2055.21,2190.17" sx="M,M,M,M"/><TAIKYOKU oya="0"/><INIT seed="0,0,0,0,4,0" ten="250,250,250,250" oya="0" hai0="132,77,9,20,82,90,45,65,98,130,39,50,49" hai1="31,51,74,127,54,102,2,14,52,30,101,57,106" hai2="125,108,128,75,100,53,60,114,117,29,96,16,55" hai3="72,27,69,58,73,4,6,118,105,89,40,81,43"/><T109/><D132/><U79/><E2/><V71/><F114/><W56/><G69/><T44/><D130/><U15/><E106/><V131/><F108/><W87/><G105/><T21/><D39/><U126/><E74/><V135/><F75/><W7/><G118/><T121/><D121/><U18/><E79/><V115/><F29/><W78/><G73/><T1/><D109/><U80/><E80/><V19/><F115/><W107/><G107/><T97/><D65/><U85/><E85/><V35/><F35/><W86/><G27/><T26/><D9/><U62/><E14/><V119/><F125/><N who="1" m="47625" /><E31/><V28/><F28/><W36/><G72/><T99/><D1/><U124/><E30/><V94/><F71/><W92/><G36/><T22/><D77/><U59/><N who="1" m="47633" /><U48/><DORA hai="42" /><E48/><N who="0" m="18537" /><D26/><U5/><E5/><V123/><F123/><W91/><G78/><T38/><D38/><U88/><E88/><N who="2" m="55367" /><F135/><W47/><G47/><N who="0" m="17995" /><D82/><U23/><AGARI ba="0,0" hai="15,18,23,51,52,54,57,59,62,101,102" m="47633" machi="23" ten="40,2700,0" yaku="18,1,54,1" doraHai="0,42" who="1" fromWho="1" sc="250,-13,250,27,250,-7,250,-7" /><INIT seed="1,0,0,1,0,99" ten="237,277,243,243" oya="1" hai0="79,64,133,67,16,6,80,76,33,4,43,48,73" hai1="53,82,83,98,13,117,85,66,36,22,31,63,131" hai2="37,19,56,86,130,49,93,0,60,41,75,5,74" hai3="15,68,89,92,101,125,52,57,12,103,40,127,108"/><U77/><E131/><V34/><F37/><W28/><G68/><T61/><D133/><U1/><E117/><V30/><F130/><W10/><G108/><T29/><D76/><U72/><E36/><V114/><F114/><W50/><G28/><T88/><D67/><U122/><E1/><V126/><F126/><N who="3" m="48139" /><G40/><T111/><D111/><U118/><E118/><V2/><F34/><W110/><G110/><T35/><D35/><U87/><E122/><V129/><F129/><W70/><G70/><T9/><D29/><U44/><E98/><V18/><F30/><W59/><G59/><T97/><D33/><U123/><E123/><V121/><F121/><W65/><G65/><T112/><D48/><U113/><E113/><V20/><F19/><N who="3" m="8599" /><G15/><T8/><D43/><U11/><E31/><V14/><F5/><W106/><G106/><T55/><D64/><U128/><E22/><V47/><F0/><W3/><G3/><T115/><D6/><U46/><E53/><V100/><F2/><W96/><AGARI ba="0,0" hai="50,52,57,89,92,96,101,103" m="8599,48139" machi="96" ten="30,7900,0" yaku="18,1,52,2,54,1" doraHai="99" who="3" fromWho="3" sc="237,-20,277,-39,243,-20,243,79" /><INIT seed="2,0,0,5,4,10" ten="217,238,223,322" oya="2" hai0="18,103,64,72,110,76,1,70,12,129,23,0,89" hai1="66,27,105,24,41,111,17,54,121,47,134,33,52" hai2="119,7,57,62,82,125,115,128,63,13,6,5,36" hai3="93,97,127,39,84,73,130,46,58,117,95,132,4"/><V79/><F115/><W118/><G73/><T9/><D110/><U133/><E105/><V15/><F119/><W34/><G34/><T53/><D129/><U21/><E111/><V11/><F36/><W60/><G4/><T61/><D103/><U100/><E100/><V120/><F120/><W102/><G130/><T16/><D89/><U68/><E121/><V126/><F128/><W19/><G132/><N who="1" m="50794" /><E66/><V85/><F11/><W96/><G84/><T14/><REACH who="0" step="1"/><D53/><REACH who="0" ten="207,238,223,322" step="2"/><N who="1" m="20587" /><E68/><V25/><F25/><W122/><G102/><T28/><D28/><N who="1" m="19591" /><E47/><V48/><F48/><W101/><G46/><T69/><D69/><U45/><E45/><V106/><F106/><W3/><G101/><T50/><D50/><U67/><E67/><N who="2" m="39375" /><F63/><W2/><G60/><T20/><D20/><U26/><E27/><V37/><F37/><W98/><G39/><T87/><D87/><U88/><E88/><V75/><F75/><W44/><G44/><T114/><D114/><U22/><E22/><V113/><F113/><W107/><G107/><T43/><D43/><AGARI ba="0,1" hai="17,21,26,41,43" m="19591,20587,50794" machi="43" ten="30,2000,0" yaku="20,1,54,1" doraHai="10" who="1" fromWho="0" sc="207,-20,238,30,223,0,322,0" /><INIT seed="3,0,0,4,3,109" ten="187,268,223,322" oya="3" hai0="45,5,95,118,41,127,100,93,97,50,2,89,94" hai1="51,6,103,107,29,112,70,57,32,28,24,55,121" hai2="85,12,26,8,39,101,75,38,92,79,126,40,31" hai3="33,73,27,15,96,68,111,81,133,18,3,132,67"/><W59/><G111/><T104/><D127/><U16/><E121/><V17/><F126/><W53/><G3/><T23/><D118/><U13/><E70/><V98/><F75/><W77/><G96/><T105/><D105/><U83/><E6/><V22/><F40/><W91/><G91/><T10/><REACH who="0" step="1"/><D23/><REACH who="0" ten="177,268,223,322" step="2"/><U123/><E107/><V1/><F1/><W128/><G33/><T44/><D44/><U131/><E32/><V88/><F79/><W25/><G132/><T125/><D125/><U63/><E123/><V54/><F54/><W37/><G133/><T35/><D35/><U65/><E55/><V4/><F31/><W102/><G53/><T122/><D122/><U108/><E28/><V90/><F90/><W7/><G77/><T106/><D106/><AGARI ba="0,1" hai="4,8,12,17,22,26,38,39,85,88,92,98,101,106" machi="106" ten="30,2000,0" yaku="7,1,54,1" doraHai="109" who="2" fromWho="0" sc="177,-20,268,0,223,30,322,0" owari="157,-34.3,268,6.8,253,-14.7,322,42.2" /></mjloggm>