<mjloggm ver="2.3"><GO type="225" lobby="0"/><UN n0="%E3%81%8B%E3%82%8F%E3%81%A1%E3%82%83%E3%82%93%35%38" n1="%72%69%6F%75%63%68%61%6E" n2="%4B%2E%32%2E%4B%2E" n3="%E3%83%97%E3%83%AC%E3%83%B4%E3%82%A1%E3%83%86%E3%82%A3" dan="16,16,16,16" rate="2178.33,2147.04,2178.10,2090.39" sx="M,M,M,F"/><TAIKYOKU oya="0"/><INIT seed="0,0,0,4,4,130" ten="250,250,250,250" oya="0" hai0="76,44,9,16,117,78,72,113,22,58,47,125,37" hai1="98,118,55,134,57,15,24,119,108,27,33,102,90" hai2="38,51,99,5,124,23,126,95,42,46,132,86,123" hai3="70,69,135,81,77,121,0,79,82,127,89,52,18"/><T87/><D72/><U29/><E134/><V59/><F123/><W11/><G121/><T20/><D113/><U41/><E108/><V66/><F5/><W112/><G112/><T74/><D74/><U75/><E75/><V13/><F86/><W25/><G127/><N who="2" m="48681" /><F132/><W62/><G135/><T7/><D117/><U85/><E41/><V60/><F13/><W53/><G89/><T19/><D125/><U97/><E24/><V26/><F95/><W116/><G116/><T120/><D120/><U103/><E97/><V6/><F6/><W34/><G0/><T88/><D37/><U129/><E129/><V8/><F8/><W2/><G2/><T109/><D109/><U96/><E96/><V92/><F92/><W91/><G91/><T100/><D100/><U68/><E103/><V43/><F99/><W104/><G104/><T48/><D58/><U32/><E68/><V39/><F42/><W111/><G11/><T14/><D20/><U31/><E15/><V73/><F73/><W1/><G1/><T71/><D71/><U107/><E32/><V49/><F38/><W4/><G4/><T114/><D114/><U101/><E101/><V40/><F40/><W10/><G10/><T122/><D122/><U12/><E12/><V128/><F128/><W56/><G111/><T35/><D35/><U105/><E105/><V30/><AGARI ba="0,0" hai="23,26,30,39,43,46,49,51,59,60,66" m="48681" machi="30" ten="30,1100,0" yaku="18,1" doraHai="130" who="2" fromWho="2" sc="250,-5,250,-3,250,11,250,-3" /><INIT seed="1,0,0,3,4,120" ten="245,247,261,247" oya="1" hai0="10,89,4,131,41,130,94,54,61,3,82,113,128" hai1="92,104,25,9,46,67,39,126,27,64,45,102,47" hai2="24,13,76,58,59,31,68,60,12,69,118,91,75" hai3="108,81,36,50,114,74,56,70,38,133,79,77,88"/><U80/><E126/><V97/><F118/><W29/><G70/><T135/><D113/><U32/><E104/><V107/><F76/><W85/><G114/><T28/><D135/><U105/><E105/><V16/><F75/><W73/><G133/><T1/><D41/><U101/><E39/><V90/><F90/><W103/><G29/><T0/><D82/><U21/><E32/><V11/><F13/><W99/><G74/><T65/><D54/><U132/><E132/><V115/><F115/><W42/><G79/><T71/><REACH who="0" step="1"/><D28/><REACH who="0" ten="235,247,261,247" step="2"/><N who="1" m="17455" /><E80/><V18/><F31/><W34/><G42/><T95/><D95/><U7/><E92/><N who="2" m="56479" /><F107/><N who="3" m="63999" /><G38/><T40/><D40/><U122/><E122/><V48/><F48/><W106/><G36/><T78/><D78/><U6/><E27/><V110/><F24/><W84/><G106/><T119/><D119/><U125/><E125/><V20/><F60/><W23/><G50/><T5/><D5/><N who="1" m="1547" /><E9/><V19/><F11/><W2/><G77/><T111/><D111/><U8/><E8/><V121/><F110/><W93/><G108/><T53/><D53/><U57/><E64/><V123/><F123/><W15/><G81/><T66/><D66/><U44/><N who="1" m="11264" /><DORA hai="87" /><U26/><E26/><V62/><F121/><W100/><G93/><T52/><D52/><U117/><E117/><V22/><F19/><W96/><G34/><T116/><D116/><U86/><E86/><AGARI ba="0,1" hai="0,1,3,4,10,61,65,71,86,89,94,128,130,131" machi="86" ten="40,5200,0" yaku="1,1,19,1,52,1,53,0" doraHai="120,87" doraHaiUra="112,37" who="0" fromWho="1" sc="235,62,247,-52,261,0,247,0" /><INIT seed="2,0,0,5,1,104" ten="297,195,261,247" oya="2" hai0="41,89,0,19,51,116,95,56,91,98,109,31,44" hai1="131,10,72,25,99,71,65,62,55,84,82,35,53" hai2="113,60,63,125,40,33,27,78,68,50,90,103,105" hai3="129,42,133,17,16,14,26,97,101,123,121,107,111"/><V114/><F125/><W135/><G111/><T96/><D0/><U73/><E131/><V24/><F78/><W20/><G129/><T45/><D109/><U4/><E99/><N who="2" m="61695" /><F90/><W5/><G5/><T75/><D75/><U12/><E53/><V47/><F60/><W67/><G67/><T2/><D2/><U29/><REACH who="1" step="1"/><E55/><REACH who="1" ten="297,185,261,247" step="2"/><V8/><F113/><W102/><G101/><T66/><D45/><U23/><E23/><V119/><F114/><W124/><G124/><T128/><D44/><U36/><E36/><V74/><F47/><W94/><G107/><T37/><D37/><U69/><E69/><V28/><F68/><W108/><G108/><T61/><D128/><U85/><E85/><V9/><F33/><W130/><G130/><T132/><D96/><U32/><E32/><V15/><F63/><W6/><G42/><T57/><D98/><U88/><AGARI ba="0,1" hai="4,10,12,25,29,35,62,65,71,72,73,82,84,88" machi="88" ten="20,12000,2" yaku="1,1,0,1,7,1,52,2,54,1,53,1" doraHai="104" doraHaiUra="77" who="1" fromWho="1" sc="297,-30,185,130,261,-60,247,-30" /><INIT seed="3,0,0,0,0,72" ten="267,315,201,217" oya="3" hai0="117,82,19,118,5,59,86,48,57,121,21,109,77" hai1="93,22,123,120,73,68,76,97,119,132,58,52,71" hai2="85,36,35,10,0,78,63,55,102,25,131,106,32" hai3="39,16,104,105,28,91,4,134,110,74,129,54,112"/><W27/><G112/><T1/><D109/><U33/><E33/><V47/><F131/><W87/><G39/><T31/><D121/><U51/><E132/><V115/><F115/><W37/><G37/><T43/><D31/><U84/><E73/><V113/><F113/><W116/><G116/><T96/><D59/><U29/><E119/><V100/><F55/><W44/><G129/><T53/><D43/><U108/><E108/><V133/><F63/><W95/><G110/><T34/><D34/><U94/><E68/><V65/><F65/><W67/><G67/><T98/><D98/><U6/><E71/><V101/><F106/><W2/><G74/><T46/><D46/><U80/><E6/><V79/><F35/><W23/><G134/><T24/><D1/><U127/><E127/><V107/><F107/><W114/><G114/><T83/><D5/><U13/><E93/><V75/><F85/><W49/><G4/><T90/><REACH who="0" step="1"/><D96/><REACH who="0" ten="257,315,201,217" step="2"/><U14/><E123/><V26/><F133/><W61/><G2/><T17/><D17/><U38/><E120/><V3/><F32/><W18/><G61/><T15/><D15/><U11/><E38/><V40/><F0/><W88/><G105/><T66/><D66/><U81/><E11/><V20/><F3/><W9/><G104/><T50/><D50/><U7/><E7/><V56/><F56/><W41/><G41/><T8/><D8/><U12/><E51/><V126/><F126/><W45/><G45/><T62/><D62/><U125/><E12/><V124/><F124/><W69/><G69/><T130/><D130/><RYUUKYOKU ba="0,1" sc="257,30,315,-10,201,-10,217,-10" hai0="19,21,24,48,53,57,77,82,83,86,90,117,118" owari="287,8.7,315,41.5,191,-30.9,207,-19.3" /></mjloggm>