<mjloggm ver="2.3"><GO type="225" lobby="0"/><UN n0="%E3%81%99%E3%81%84%E3%81%BE%E3%81%9B%E3%83%BC%E3%82%93" n1="%6D%75%75%6D%75%72%61" n2="%72%61%6B%33" n3="%31%38%63%6D%E7%AB%8B%E7%9B%B4%E6%A3%92" dan="16,16,18,16" rate="2093.54,2119.94,2242.86,2089.86" sx="M,F,M,M"/><TAIKYOKU oya="0"/><INIT seed="0,0,0,1,0,100" ten="250,250,250,250" oya="0" hai0="96,19,66,127,3,131,27,25,79,5,122,92,83" hai1="15,88,21,133,128,85,134,123,81,120,44,43,93" hai2="90,124,89,23,69,9,55,117,105,99,104,32,64" hai3="110,47,78,52,30,84,102,29,48,129,56,121,109"/><T87/><D122/><U116/><E116/><V103/><F117/><W2/><G2/><T8/><D127/><U114/><E128/><V16/><F124/><W95/><G129/><T106/><D131/><U59/><E114/><V17/><F32/><W20/><G121/><T130/><D130/><U97/><E59/><V39/><F39/><W126/><G126/><T14/><D66/><U13/><E120/><V36/><F36/><W62/><G78/><T42/><D42/><U111/><E111/><N who="3" m="42506" /><G20/><T94/><D106/><U4/><E123/><V34/><F34/><W10/><G10/><T54/><D54/><U33/><E33/><V26/><F105/><W119/><G119/><T57/><D57/><U101/><E4/><V50/><F64/><N who="3" m="38983" /><G102/><T115/><D115/><U76/><E101/><V71/><F69/><W12/><G12/><T40/><D40/><U46/><E21/><V6/><F17/><W61/><G61/><T37/><D37/><U72/><E72/><V135/><F71/><W53/><G53/><T86/><D3/><U65/><E65/><V70/><F70/><W77/><G77/><T68/><D5/><U73/><E73/><V28/><F28/><W41/><G41/><T107/><D68/><U22/><E43/><V18/><F18/><W51/><G51/><T63/><D63/><U60/><E60/><V91/><F135/><N who="1" m="51721" /><E15/><V35/><F35/><W38/><G38/><T24/><D87/><U108/><E108/><V118/><F118/><W58/><G58/><T132/><D132/><U0/><E0/><N who="2" m="199" /><F55/><W82/><G82/><T31/><D31/><RYUUKYOKU ba="0,0" sc="250,0,250,0,250,0,250,0" hai0="8,14,19,24,25,27,79,83,86,92,94,96,107" hai1="13,22,44,46,76,81,85,88,93,97" hai2="16,23,26,50,89,90,91,99,103,104" hai3="29,30,47,48,52,84,95" /><INIT seed="0,1,0,2,0,126" ten="250,250,250,250" oya="0" hai0="121,52,120,61,129,65,113,133,38,97,108,40,20" hai1="116,124,22,102,60,4,10,21,122,127,94,131,105" hai2="13,100,5,76,24,119,103,31,92,50,26,75,117" hai3="17,3,85,134,111,93,49,63,64,62,71,43,15"/><T32/><D32/><U118/><E105/><V95/><F50/><W87/><G3/><T57/><D113/><U48/><E122/><N who="0" m="47209" /><D20/><N who="1" m="7787" /><E60/><V68/><F76/><W6/><G6/><T18/><D18/><U39/><E39/><V130/><F75/><W53/><G43/><T47/><D97/><U12/><E48/><V45/><F45/><W89/><G111/><T104/><D104/><U84/><E84/><V78/><F78/><W67/><G134/><T30/><D30/><U58/><E58/><V96/><F68/><W44/><G85/><T14/><D14/><N who="1" m="5447" /><E94/><V29/><F13/><W128/><G15/><T123/><D123/><U80/><E80/><V82/><F5/><W90/><G17/><T109/><D133/><U69/><E69/><V34/><F82/><W0/><G89/><T110/><D129/><U56/><E102/><V77/><F77/><W114/><G128/><T11/><D11/><U135/><E56/><V27/><F130/><W125/><G125/><N who="1" m="48202" /><E131/><V25/><REACH who="2" step="1"/><F31/><REACH who="2" ten="250,250,240,250" step="2"/><W19/><G114/><T66/><AGARI ba="1,1" hai="38,40,47,52,57,61,65,66,108,109,110" m="47209" machi="66" ten="40,12000,1" yaku="14,1,10,1,34,2,54,1" doraHai="126" who="0" fromWho="0" sc="250,133,250,-41,240,-41,250,-41" /><INIT seed="0,2,0,0,0,99" ten="383,209,199,209" oya="0" hai0="131,77,59,123,96,82,49,10,41,79,8,23,13" hai1="35,93,97,85,42,38,70,45,31,130,98,107,52" hai2="74,78,43,11,19,7,1,115,84,133,58,36,118" hai3="72,110,124,109,112,20,92,51,25,88,81,50,55"/><T46/><D123/><U114/><E130/><V57/><F115/><W106/><G106/><T129/><D96/><U4/><E114/><V17/><F133/><W100/><G112/><T103/><D103/><U39/><E70/><V5/><F5/><W116/><G116/><T2/><D2/><U12/><E39/><V61/><F84/><N who="3" m="50191" /><G72/><T48/><D23/><U122/><E122/><V117/><F17/><N who="3" m="12431" /><G124/><T66/><D79/><U91/><E35/><V76/><F19/><W101/><G92/><T83/><D82/><U86/><E31/><V63/><F78/><W108/><G50/><T56/><D49/><U21/><E21/><V33/><F33/><W34/><G34/><T47/><D8/><U125/><E125/><V64/><F76/><W105/><G105/><T80/><D80/><U119/><E119/><V24/><F74/><W15/><G15/><T54/><D83/><U87/><E107/><V120/><F120/><W37/><G37/><N who="0" m="21807" /><D77/><U60/><E38/><V16/><F24/><W132/><G132/><T62/><D13/><U26/><E26/><V27/><F27/><W67/><G67/><N who="0" m="39367" /><D10/><N who="1" m="4167" /><E60/><AGARI ba="2,0" hai="47,48,54,59,60,66,129,131" m="39367,21807" machi="60" ten="30,2900,0" yaku="34,2" doraHai="99" who="0" fromWho="1" sc="383,35,209,-35,199,0,209,0" /><INIT seed="0,3,0,0,4,73" ten="418,174,199,209" oya="0" hai0="23,13,134,22,77,25,70,118,5,38,94,82,92" hai1="115,62,107,8,63,47,43,130,68,76,16,45,102" hai2="74,53,10,83,56,37,54,69,66,17,40,103,75" hai3="0,50,36,126,24,89,72,93,95,7,132,86,79"/><T91/><D118/><U20/><E130/><V108/><F108/><W87/><G36/><T85/><D38/><U12/><E115/><V4/><F103/><W64/><G132/><T78/><D70/><U120/><E120/><V123/><F17/><W59/><G126/><T71/><D71/><U42/><E68/><V125/><F125/><W41/><G0/><T84/><D134/><U100/><E107/><V133/><F123/><W52/><G7/><T117/><D117/><U44/><E76/><N who="0" m="29289" /><D85/><U1/><E1/><V2/><F75/><W67/><G41/><N who="1" m="15370" /><E8/><V129/><F129/><W106/><G106/><T18/><D5/><U11/><E11/><V109/><F109/><W101/><G72/><T58/><D58/><U33/><E33/><V98/><F56/><W27/><G101/><AGARI ba="3,0" hai="12,16,20,44,45,47,62,63,100,101,102" m="15370" machi="101" ten="30,2000,0" yaku="8,1,54,1" doraHai="73" who="1" fromWho="3" sc="418,0,174,29,199,0,209,-29" /><INIT seed="1,0,0,4,3,36" ten="418,203,199,180" oya="1" hai0="44,93,94,48,100,47,82,76,9,32,90,103,64" hai1="99,128,78,28,87,6,63,81,71,22,114,17,54" hai2="73,106,62,84,111,132,65,38,127,72,52,79,105" hai3="102,66,135,97,20,43,89,121,77,91,30,37,27"/><U107/><E114/><V115/><F111/><W49/><G121/><T108/><D32/><U19/><E128/><V60/><F38/><W24/><G135/><T70/><D108/><U126/><E126/><V104/><F127/><W11/><G77/><T10/><D47/><U124/><E124/><V113/><F132/><W55/><G66/><T8/><D64/><U67/><E6/><V53/><F84/><W116/><G116/><T109/><D70/><U3/><E3/><V130/><F79/><W29/><G11/><T101/><D90/><U119/><E119/><V85/><F85/><W45/><G37/><T26/><D26/><U74/><E74/><N who="2" m="28779" /><F130/><W2/><G55/><N who="2" m="21065" /><F65/><W0/><G0/><T42/><D109/><U35/><E35/><V15/><F15/><W13/><G13/><T33/><D33/><U16/><E54/><V120/><F120/><W57/><G57/><T46/><D46/><U80/><E80/><V117/><F117/><W34/><REACH who="3" step="1"/><G2/><REACH who="3" ten="418,203,199,170" step="2"/><T50/><D76/><U133/><E133/><V68/><F68/><W18/><G18/><T92/><D82/><U12/><REACH who="1" step="1"/><E28/><REACH who="1" ten="418,193,199,170" step="2"/><V123/><F123/><W5/><G5/><T98/><D98/><U1/><E1/><V56/><F56/><W75/><G75/><T134/><D134/><U31/><E31/><V96/><F96/><W51/><G51/><AGARI ba="0,2" hai="8,9,10,42,44,48,50,51,92,93,94,100,101,103" machi="51" ten="50,8000,1" yaku="29,2,8,1,52,1" doraHai="36" who="0" fromWho="3" sc="418,100,193,0,199,0,170,-80" /><INIT seed="2,0,0,5,2,4" ten="518,193,199,90" oya="2" hai0="118,64,11,24,115,0,8,126,123,121,107,90,9" hai1="103,125,99,92,93,84,89,56,130,27,52,66,104" hai2="40,97,29,124,22,33,20,75,39,95,131,63,80" hai3="67,96,62,110,58,1,12,69,98,43,132,108,117"/><V49/><F39/><W32/><G117/><T15/><D107/><U70/><E125/><V100/><F131/><W25/><G1/><T72/><D90/><U106/><E130/><V76/><F124/><W51/><G132/><T45/><D45/><U5/><E5/><V6/><F33/><W42/><G12/><T57/><D57/><U87/><E87/><V59/><F29/><W83/><G83/><T61/><D61/><U133/><E133/><V91/><F6/><W23/><G32/><T101/><D101/><U17/><E70/><V26/><F26/><W55/><G96/><T112/><D64/><U28/><E66/><V116/><F116/><W73/><G73/><T128/><D72/><U105/><E17/><V85/><F49/><W36/><G98/><T94/><D94/><U13/><E13/><V7/><F40/><W122/><G122/><N who="0" m="46603" /><D126/><U21/><REACH who="1" step="1"/><E105/><REACH who="1" ten="518,183,199,90" step="2"/><N who="2" m="63631" /><F7/><W35/><G35/><T34/><D128/><U48/><AGARI ba="0,1" hai="21,27,28,48,52,56,84,89,92,93,99,103,104,106" machi="48" ten="20,5200,0" yaku="1,1,0,1,7,1,54,1,53,0" doraHai="4" doraHaiUra="38" who="1" fromWho="1" sc="518,-13,183,62,199,-26,90,-13" /><INIT seed="3,0,0,1,0,101" ten="505,245,173,77" oya="3" hai0="92,116,25,28,9,126,117,21,109,4,69,34,41" hai1="61,125,99,105,63,12,81,108,38,47,132,62,119" hai2="49,121,29,7,96,33,1,14,20,91,79,72,68" hai3="19,46,103,120,83,94,106,110,129,24,56,76,82"/><W71/><G129/><T40/><D69/><U42/><E108/><V8/><F68/><W111/><G120/><T57/><D109/><N who="3" m="41481" /><G71/><T43/><D126/><U114/><E114/><V2/><F72/><N who="3" m="43271" /><G56/><T70/><D70/><U87/><E125/><V95/><F79/><W128/><G128/><T115/><D115/><U134/><E119/><V84/><F121/><W15/><G24/><T37/><D37/><U39/><E39/><V45/><F33/><W65/><G65/><T97/><D34/><U6/><E12/><V26/><F84/><W118/><G118/><T31/><D57/><U66/><E66/><V32/><F32/><W98/><G83/><T18/><D117/><U123/><E123/><V0/><F0/><W133/><G46/><T17/><D116/><U127/><E127/><V135/><F135/><N who="1" m="51753" /><E6/><V89/><F89/><W13/><G133/><T124/><D124/><U48/><E38/><V35/><F35/><W77/><G77/><T11/><D25/><U88/><E63/><V90/><F90/><N who="3" m="55639" /><G19/><T16/><D18/><U112/><E112/><V85/><F85/><W73/><G73/><T64/><D17/><U50/><E50/><V104/><F49/><W80/><G80/><T27/><D64/><U53/><E42/><V113/><F45/><W22/><G22/><T55/><D55/><U58/><E47/><V74/><F74/><W86/><G86/><T54/><D54/><U75/><E75/><V60/><F113/><W52/><G52/><T93/><D16/><U107/><E99/><AGARI ba="0,0" hai="13,15,99,103,106" m="55639,43271,41481" machi="99" ten="30,5800,0" yaku="14,1,10,1,52,1" doraHai="101" who="3" fromWho="1" sc="505,0,245,-58,173,0,77,58" /><INIT seed="3,1,0,0,5,6" ten="505,187,173,135" oya="3" hai0="64,76,97,91,8,98,20,0,103,5,2,105,120" hai1="12,37,82,18,63,81,9,40,68,115,117,131,57" hai2="130,87,36,15,33,31,99,48,69,51,16,67,35" hai3="34,102,55,23,11,134,24,10,132,50,78,4,135"/><W108/><G108/><T30/><D120/><U84/><E115/><V92/><F36/><W70/><G70/><T7/><D76/><U60/><E131/><V125/><F130/><W14/><G34/><T13/><D64/><U90/><E117/><V52/><F125/><W22/><G78/><T122/><D122/><U83/><E37/><V86/><F51/><W107/><G24/><T21/><D30/><U109/><E109/><V100/><F67/><W29/><G29/><T114/><D114/><U49/><E68/><V118/><F69/><W54/><G55/><T89/><D13/><U73/><E73/><V119/><F87/><W46/><G102/><T106/><D8/><N who="3" m="3113" /><G107/><T71/><D71/><U17/><E17/><V61/><F35/><W53/><G53/><T39/><D39/><U47/><E63/><V85/><F61/><W110/><G110/><T26/><D26/><U42/><E42/><V127/><F31/><W95/><G95/><T44/><D103/><U121/><E121/><V75/><F33/><W129/><G129/><T96/><D106/><U88/><E90/><V19/><F119/><W38/><G4/><T77/><D105/><U104/><E104/><V27/><F118/><W93/><G14/><T123/><D123/><U41/><E41/><V94/><F100/><W112/><G112/><T113/><D113/><U1/><E1/><V116/><F116/><W58/><G93/><T80/><D0/><U128/><E128/><V66/><F94/><W133/><N who="3" m="33792" /><DORA hai="28" /><W74/><G74/><T72/><D2/><U126/><E126/><V79/><F127/><RYUUKYOKU ba="1,0" sc="505,-15,187,15,173,-15,135,15" hai1="9,12,18,40,47,49,57,60,81,82,83,84,88" hai3="22,23,38,46,50,54,58" /><INIT seed="3,2,0,1,2,128" ten="490,202,158,150" oya="3" hai0="120,112,19,18,57,110,89,67,105,131,3,127,58" hai1="39,38,87,16,46,71,66,124,73,81,64,65,49" hai2="94,84,22,78,20,132,53,118,6,104,60,12,108" hai3="56,98,121,82,51,62,111,122,9,59,37,85,10"/><W76/><G37/><T27/><D89/><U125/><E73/><V40/><F132/><W119/><G119/><T41/><D67/><U103/><E71/><V24/><F108/><W17/><G111/><T1/><D27/><U36/><E103/><V88/><F104/><W134/><G134/><T107/><D41/><U13/><E87/><V50/><F118/><W48/><G121/><T52/><D52/><U135/><E81/><V77/><F60/><W100/><G122/><T35/><D35/><U95/><E95/><V75/><F40/><W29/><G29/><T115/><D120/><U79/><E79/><N who="2" m="30219" /><F75/><W106/><G56/><T8/><D8/><U69/><E69/><V33/><F33/><W83/><G9/><T102/><D102/><U133/><E49/><V25/><F6/><W80/><G51/><T28/><D28/><U45/><E133/><V31/><F12/><W126/><G126/><N who="1" m="48746" /><E135/><V91/><F91/><W61/><G61/><T92/><D127/><U70/><E70/><V2/><F2/><W99/><G48/><T123/><D123/><U74/><E74/><V86/><F86/><W68/><G68/><T44/><D110/><U109/><E109/><V130/><F130/><W32/><G32/><T55/><D131/><U63/><E63/><V11/><F50/><W5/><G17/><T114/><D114/><U34/><E34/><V129/><F129/><W26/><G26/><T30/><D30/><U101/><E101/><V21/><F25/><W117/><G117/><T4/><D19/><U54/><E54/><V93/><F24/><W96/><G100/><RYUUKYOKU ba="2,0" sc="490,-10,202,30,158,-10,150,-10" hai1="13,16,36,38,39,45,46,64,65,66" owari="480,58.0,232,3.2,148,-25.2,140,-36.0" /></mjloggm>