<mjloggm ver="2.3"><GO type="225" lobby="0"/><UN n0="%E3%81%99%E3%81%84%E3%81%BE%E3%81%9B%E3%83%BC%E3%82%93" n1="%E3%81%93%E3%81%91%E6%A4%8D%E7%89%A9" n2="%E3%81%B5%E3%81%98%E3%81%8B%E3%81%A4" n3="%E7%AB%8B%E8%8A%B1%E9%9F%BF" dan="18,16,16,17" rate="2205.79,2140.06,2188.68,2131.78" sx="M,M,M,F"/><TAIKYOKU oya="0"/><INIT seed="0,0,0,4,5,84" ten="250,250,250,250" oya="0" hai0="116,52,114,82,16,101,10,20,130,15,29,71,120" hai1="7,69,54,25,105,81,124,126,70,66,103,45,2" hai2="79,5,104,4,28,94,128,31,89,1,47,85,56" hai3="131,62,90,42,74,55,119,127,9,68,58,59,97"/><T106/><D114/><U48/><E66/><V35/><F104/><W23/><G119/><T96/><D116/><U121/><E121/><V11/><F128/><W24/><G131/><T21/><D130/><U73/><E103/><V61/><F5/><W33/><G74/><T78/><D120/><U60/><E60/><V46/><F79/><W19/><G127/><T118/><D118/><U39/><E105/><V41/><F35/><W32/><G68/><T65/><D29/><U44/><E25/><V67/><REACH who="2" step="1"/><F47/><REACH who="2" ten="250,250,240,250" step="2"/><W75/><G75/><T117/><D117/><U76/><E124/><V3/><F3/><W115/><G115/><T17/><D78/><U99/><E126/><V27/><F27/><W51/><G9/><T34/><D10/><U72/><E7/><V0/><F0/><W102/><G33/><T63/><D34/><U30/><E2/><V91/><F91/><W36/><G32/><T113/><D113/><U77/><E76/><V53/><F53/><W93/><G36/><AGARI ba="0,1" hai="1,4,11,28,31,36,41,46,56,61,67,85,89,94" machi="36" ten="30,3900,0" yaku="1,1,7,1,52,1,53,0" doraHai="84" doraHaiUra="134" who="2" fromWho="3" sc="250,0,250,0,240,49,250,-39" /><INIT seed="1,0,0,3,3,75" ten="250,250,289,211" oya="1" hai0="10,62,35,33,37,86,85,83,87,64,39,34,119" hai1="93,99,41,23,52,84,74,66,5,125,128,80,69" hai2="46,92,25,67,56,11,109,27,59,100,82,101,126" hai3="53,97,36,4,13,134,78,91,21,9,14,47,17"/><U61/><E74/><V106/><F106/><W130/><G130/><T20/><D119/><U123/><E128/><V2/><F126/><W98/><G134/><T131/><D131/><U110/><E123/><V58/><F109/><W12/><G12/><T118/><D118/><U24/><E125/><V105/><F105/><W129/><G129/><T81/><D20/><U22/><E41/><V28/><F67/><W70/><G70/><T6/><D39/><U133/><E133/><V57/><F27/><W108/><G108/><T42/><D42/><U0/><E110/><V49/><F92/><W73/><G91/><T76/><D83/><U26/><E5/><V102/><N who="2" m="14336" /><DORA hai="65" /><V122/><F82/><W43/><REACH who="3" step="1"/><G53/><REACH who="3" ten="250,250,289,201" step="2"/><T90/><D90/><U29/><E52/><N who="2" m="29751" /><F122/><W18/><G18/><T117/><D117/><U89/><E0/><V112/><F2/><W1/><G1/><T8/><D64/><U30/><REACH who="1" step="1"/><E80/><AGARI ba="0,1" hai="4,9,13,14,17,21,36,43,47,73,78,80,97,98" machi="80" ten="40,5200,0" yaku="1,1,52,1,53,1" doraHai="75,65" doraHaiUra="48,19" who="3" fromWho="1" sc="250,0,250,-52,289,0,201,62" /><INIT seed="2,0,0,0,3,77" ten="250,198,289,263" oya="2" hai0="26,68,112,129,34,124,127,121,90,52,117,100,82" hai1="126,119,128,131,86,50,29,134,73,55,97,79,31" hai2="8,92,32,101,122,71,11,104,13,14,27,62,123" hai3="76,6,3,109,42,56,39,54,47,114,66,103,9"/><V111/><F92/><W98/><G109/><T64/><D121/><U24/><E119/><V18/><F111/><W83/><G66/><T46/><D112/><U4/><E73/><V2/><F2/><W1/><G1/><T38/><D117/><U59/><E126/><V110/><F110/><W125/><G125/><T53/><D129/><N who="1" m="49739" /><E134/><V61/><F61/><W49/><G114/><T58/><D100/><U72/><E72/><V44/><F44/><W67/><G67/><T35/><D35/><U91/><E4/><V87/><F87/><W23/><G23/><T107/><D107/><U37/><E37/><V60/><F71/><W94/><G76/><T65/><D68/><U102/><E79/><V36/><F36/><W115/><G115/><T45/><D38/><U63/><E24/><V113/><F27/><W78/><G78/><T15/><D127/><U116/><E63/><N who="2" m="24107" /><F32/><W5/><REACH who="3" step="1"/><G6/><REACH who="3" ten="250,198,289,253" step="2"/><T43/><D124/><U7/><E7/><N who="2" m="3231" /><F113/><W85/><G85/><T108/><D108/><U130/><E116/><V17/><F123/><W89/><G89/><T21/><D90/><U28/><E130/><V16/><F122/><W81/><AGARI ba="0,1" hai="3,5,9,39,42,47,49,54,56,81,83,94,98,103" machi="81" ten="30,8000,1" yaku="1,1,0,1,52,2,53,1" doraHai="77" doraHaiUra="33" who="3" fromWho="3" sc="250,-20,198,-20,289,-40,253,90" /><INIT seed="3,0,0,4,0,33" ten="230,178,249,343" oya="3" hai0="67,60,64,43,52,32,112,107,91,87,83,96,123" hai1="35,59,6,120,37,77,58,41,76,72,22,63,21" hai2="49,105,110,0,46,38,81,114,1,54,51,115,48" hai3="39,62,55,11,113,99,121,133,29,108,47,9,106"/><W101/><G113/><T88/><D123/><U8/><E35/><V57/><F105/><W16/><G121/><T86/><D32/><U134/><E120/><V97/><F97/><W100/><G29/><T20/><D112/><U104/><E104/><V24/><F24/><W119/><G101/><T130/><D130/><U23/><E134/><V84/><F110/><W36/><G119/><T82/><D43/><U92/><E92/><V34/><F34/><W89/><G89/><T102/><D20/><U75/><E41/><V4/><F4/><W78/><G78/><T129/><D129/><U44/><E44/><V31/><F31/><W131/><G131/><T70/><D70/><U14/><E37/><V118/><F118/><W111/><G133/><T80/><D80/><U42/><E42/><N who="2" m="22871" /><F115/><W90/><G90/><T28/><D28/><U132/><E132/><V45/><F45/><W19/><G9/><T68/><D68/><U71/><E71/><V103/><F103/><W25/><G11/><T74/><D74/><U50/><E75/><V15/><F114/><W40/><G39/><T126/><D126/><U65/><REACH who="1" step="1"/><E72/><REACH who="1" ten="230,168,249,343" step="2"/><V135/><F135/><W95/><G106/><T98/><D107/><U13/><E13/><V124/><F15/><W73/><G73/><T79/><D83/><U26/><E26/><V116/><F124/><W66/><G25/><T3/><D86/><U18/><E18/><V69/><F69/><N who="3" m="42199" /><G19/><T93/><D87/><U27/><E27/><V127/><F84/><W122/><G16/><T117/><D82/><U10/><E10/><V109/><F81/><RYUUKYOKU ba="0,1" sc="230,-10,168,30,249,-10,343,-10" hai1="6,8,14,21,22,23,50,58,59,63,65,76,77" owari="220,-18.0,198,-30.2,239,3.9,343,44.3" /></mjloggm>