<mjloggm ver="2.3"><GO type="225" lobby="0"/><UN n0="%E3%81%9F%E3%81%93%E2%98%86%E7%84%BC%E3%81%8D" n1="%E7%9C%9F%E4%B8%80" n2="%43%68%65" n3="%72%69%6F%75%63%68%61%6E" dan="16,16,16,17" rate="2111.52,2172.84,2121.12,2285.45" sx="M,M,M,M"/><TAIKYOKU oya="0"/><INIT seed="0,0,0,2,1,32" ten="250,250,250,250" oya="0" hai0="11,129,90,115,98,50,93,126,80,91,36,21,45" hai1="76,13,87,68,52,124,28,61,64,101,130,19,70" hai2="62,60,0,106,116,49,3,34,8,40,73,29,20" hai3="94,69,51,96,16,95,39,79,77,59,89,57,111"/><T128/><D36/><U33/><E130/><N who="0" m="50281" /><D115/><U108/><E108/><V43/><F73/><W131/><G111/><T53/><D21/><U12/><E124/><V42/><F34/><W25/><G39/><T86/><D11/><U100/><E70/><V78/><F106/><W31/><G131/><T63/><D63/><U27/><E12/><V66/><F78/><W118/><G118/><T75/><D75/><U5/><E5/><V56/><F116/><W55/><G69/><T82/><D126/><U67/><E67/><V105/><F105/><W135/><G135/><T23/><D23/><U9/><REACH who="1" step="1"/><E52/><REACH who="1" ten="250,240,250,250" step="2"/><V1/><F62/><W110/><G110/><T84/><D98/><U22/><E22/><V134/><F134/><W58/><G58/><T81/><AGARI ba="0,1" hai="45,50,53,80,81,82,84,86,90,91,93" m="50281" machi="81" ten="30,1500,0" yaku="19,1" doraHai="32" who="0" fromWho="0" sc="250,25,240,-5,250,-5,250,-5" /><INIT seed="0,1,0,5,5,30" ten="275,235,245,245" oya="0" hai0="43,65,122,76,86,54,81,128,101,2,103,1,15" hai1="4,59,7,66,41,8,77,47,58,110,93,0,87" hai2="94,127,38,117,115,14,26,28,46,42,84,22,37" hai3="51,31,124,71,20,34,75,6,13,130,12,107,3"/><T55/><D122/><U88/><E110/><V16/><F115/><W73/><G107/><T29/><D65/><U111/><E111/><V39/><F127/><W57/><G71/><T100/><D43/><U11/><E66/><V17/><F117/><W102/><G102/><T72/><D128/><U24/><E24/><V5/><F5/><W121/><G124/><T108/><D108/><U50/><REACH who="1" step="1"/><E77/><REACH who="1" ten="275,225,245,245" step="2"/><V19/><REACH who="2" step="1"/><F14/><AGARI ba="1,1" hai="0,4,7,8,11,14,41,47,50,58,59,87,88,93" machi="14" ten="30,7700,0" yaku="1,1,2,1,7,1,54,1,53,0" doraHai="30" doraHaiUra="60" who="1" fromWho="2" sc="275,0,225,90,245,-80,245,0" /><INIT seed="1,0,0,2,4,27" ten="275,315,165,245" oya="1" hai0="23,26,46,103,65,81,45,126,68,51,39,134,117" hai1="104,101,30,32,116,57,120,59,82,70,63,58,71" hai2="97,15,35,67,37,83,94,91,88,105,78,132,12" hai3="125,8,33,77,95,52,99,60,111,109,66,64,0"/><U119/><E120/><V53/><F132/><W131/><G125/><T14/><D126/><U24/><E82/><V54/><F37/><W92/><G131/><T127/><D134/><U128/><E128/><V113/><F113/><W123/><G123/><T13/><D117/><U31/><E31/><V19/><F35/><W34/><G77/><T130/><D103/><U135/><E135/><V87/><F67/><W2/><G8/><T20/><D20/><U86/><E86/><V93/><F105/><W112/><G112/><T79/><D45/><U106/><E106/><V1/><F1/><N who="3" m="619" /><G52/><T115/><D39/><U6/><E6/><V107/><F107/><W73/><G73/><T121/><D115/><U21/><E21/><V43/><F43/><W4/><G4/><T29/><D127/><U100/><E100/><V114/><F114/><W50/><G50/><T61/><D130/><U11/><E11/><V80/><F80/><W10/><G10/><T122/><D122/><U72/><E72/><V44/><F44/><W98/><G60/><T85/><REACH who="0" step="1"/><D121/><REACH who="0" ten="265,315,165,245" step="2"/><U76/><E119/><V55/><REACH who="2" step="1"/><F19/><REACH who="2" ten="265,315,155,245" step="2"/><W118/><G118/><T62/><D62/><U5/><E63/><V25/><F25/><W74/><G33/><T75/><D75/><AGARI ba="0,2" hai="12,15,53,54,55,75,78,83,87,88,91,93,94,97" machi="75" ten="40,2600,0" yaku="1,1,54,1,53,0" doraHai="27" doraHaiUra="40" who="2" fromWho="0" sc="265,-26,315,0,155,46,245,0" /><INIT seed="2,0,0,5,0,30" ten="239,315,201,245" oya="2" hai0="4,131,54,64,135,11,86,33,53,132,114,7,82" hai1="55,88,6,49,89,74,112,115,119,17,35,124,84" hai2="127,69,65,46,40,70,19,37,116,118,87,22,48" hai3="94,2,41,125,34,79,95,133,75,18,25,111,110"/><V57/><F127/><W63/><G133/><N who="0" m="51275" /><D64/><U134/><E35/><V122/><F122/><W78/><G125/><T8/><D114/><U39/><E39/><V96/><F96/><W27/><G2/><N who="0" m="23" /><D33/><U15/><E6/><V128/><F128/><W92/><G41/><T126/><D131/><U1/><E1/><V13/><F87/><W28/><G63/><T100/><D100/><U58/><E74/><V113/><F113/><W77/><REACH who="3" step="1"/><G75/><REACH who="3" ten="239,315,201,235" step="2"/><T109/><D126/><U105/><E124/><V130/><F130/><W16/><G16/><T123/><D123/><U104/><E134/><V20/><F70/><W42/><G42/><T61/><D61/><U10/><E115/><V76/><F69/><W66/><G66/><T31/><D31/><U36/><E112/><V98/><F65/><W72/><G72/><T99/><D109/><U21/><E17/><V38/><F118/><W101/><G101/><T117/><D117/><U3/><E119/><V24/><F116/><W26/><G26/><T12/><D53/><U90/><E55/><V91/><F24/><W0/><G0/><T81/><D54/><U68/><E3/><V43/><F43/><W51/><G51/><T107/><D7/><U80/><E49/><V71/><F48/><W5/><G5/><T73/><D73/><U60/><E60/><V93/><F38/><W106/><G106/><T102/><D102/><U56/><E36/><V44/><F71/><W129/><G129/><T120/><D107/><U121/><E68/><V52/><F37/><W97/><G97/><T14/><D120/><U47/><E121/><RYUUKYOKU ba="0,1" sc="239,-10,315,-10,201,-10,235,30" hai3="18,25,27,28,34,77,78,79,92,94,95,110,111" /><INIT seed="3,1,1,5,5,83" ten="229,305,191,265" oya="3" hai0="29,131,109,45,87,95,41,55,82,91,101,36,72" hai1="92,97,26,114,7,50,44,57,106,112,74,102,58" hai2="62,78,116,135,122,119,22,107,130,89,96,99,37" hai3="49,123,31,69,28,6,100,68,103,43,11,56,15"/><W125/><G123/><T120/><D109/><U19/><E74/><V12/><F37/><W21/><G125/><T67/><D131/><U32/><E7/><V134/><F62/><W81/><G69/><T60/><D120/><U61/><E106/><V65/><F65/><W127/><G68/><T39/><D39/><U73/><E73/><V64/><F64/><W10/><G127/><T48/><D29/><U85/><E58/><V124/><F124/><W93/><G11/><T42/><D72/><U108/><E108/><V80/><F22/><W5/><G5/><T2/><D2/><U70/><E70/><V13/><F122/><W20/><G81/><T46/><D101/><U94/><E57/><V105/><F80/><W71/><G71/><T23/><D23/><N who="3" m="8777" /><G43/><T40/><REACH who="0" step="1"/><D82/><REACH who="0" ten="219,305,191,265" step="2"/><U66/><E114/><V27/><F130/><W111/><G111/><T52/><D52/><U1/><E1/><V126/><F126/><W18/><G100/><T113/><D113/><U117/><E102/><V128/><F128/><W77/><G28/><T129/><D129/><U76/><E112/><V121/><F121/><W90/><G103/><T14/><D14/><U132/><E32/><V34/><F34/><W8/><G31/><T47/><D47/><U133/><E44/><V104/><F104/><W54/><G10/><T35/><D35/><U79/><E133/><V30/><F30/><W98/><G77/><T9/><D9/><U16/><E79/><V59/><F78/><W53/><G54/><T38/><D38/><U63/><E76/><V25/><F89/><W110/><G110/><RYUUKYOKU ba="1,2" sc="219,10,305,-30,191,10,265,10" hai0="36,40,41,42,45,46,48,55,60,67,87,91,95" hai2="12,13,25,27,59,96,99,105,107,116,119,134,135" hai3="6,8,15,18,49,53,56,90,93,98" /><INIT seed="3,2,2,2,5,116" ten="229,275,201,275" oya="3" hai0="24,96,21,46,107,4,35,101,10,3,59,62,93" hai1="6,95,57,29,61,135,19,40,122,134,115,90,22" hai2="123,17,49,30,64,20,127,100,74,121,60,37,132" hai3="82,7,105,86,47,34,112,117,1,88,66,41,119"/><W94/><G112/><T130/><D130/><U58/><E122/><N who="2" m="46603" /><F37/><W133/><G105/><T13/><D46/><U23/><E115/><V39/><F39/><W26/><G66/><T72/><D72/><U0/><E40/><V113/><F113/><W69/><G69/><T8/><D35/><U27/><E0/><V103/><F127/><W98/><G133/><N who="1" m="50698" /><E6/><V75/><F30/><W102/><G7/><T99/><D8/><U131/><E61/><V63/><F49/><W77/><G1/><T76/><D76/><U28/><E131/><V16/><F60/><W106/><G26/><T65/><D3/><U44/><E44/><V52/><F52/><W43/><G34/><T92/><D99/><N who="1" m="57847" /><E28/><AGARI ba="2,2" hai="4,10,13,21,24,28,59,62,65,92,93,96,101,107" machi="28" ten="30,1000,0" yaku="7,1" doraHai="116" who="0" fromWho="1" sc="229,36,275,-16,201,0,275,0" /><INIT seed="4,0,0,3,2,99" ten="265,259,201,275" oya="0" hai0="21,28,60,105,63,81,101,37,111,19,133,26,44" hai1="65,56,3,5,75,117,97,27,73,9,107,85,53" hai2="115,112,121,70,69,8,41,125,96,129,106,42,102" hai3="29,82,71,116,103,68,62,47,114,90,30,104,13"/><T84/><D133/><U135/><E117/><V131/><F121/><W43/><G116/><T88/><D111/><U93/><E135/><V11/><F125/><W128/><G114/><N who="2" m="43561" /><F11/><W17/><G128/><N who="2" m="49225" /><F8/><W113/><G113/><T6/><D6/><U119/><E119/><V48/><F48/><W34/><G90/><T83/><D83/><U92/><E65/><V45/><F42/><W91/><G91/><T123/><D123/><U118/><E118/><V0/><F0/><W22/><G82/><T50/><D37/><U108/><E27/><V95/><F95/><W36/><G34/><T16/><D19/><U58/><E93/><V18/><F18/><W80/><G80/><T57/><D28/><U7/><E92/><V51/><AGARI ba="0,0" hai="41,45,51,69,70,96,102,106" m="49225,43561" machi="51" ten="30,4000,0" yaku="15,1,19,1,52,1" doraHai="99" who="2" fromWho="2" sc="265,-20,259,-10,201,40,275,-10" /><INIT seed="5,0,0,4,5,81" ten="245,249,241,265" oya="1" hai0="15,120,89,8,25,22,28,80,3,85,112,135,124" hai1="91,77,70,72,21,42,61,37,101,12,55,119,11" hai2="108,109,29,62,64,99,53,10,17,114,1,127,95" hai3="73,30,129,18,5,51,90,100,121,87,49,0,86"/><U126/><E119/><V122/><F122/><W23/><G121/><T68/><D68/><U93/><E126/><V46/><F127/><W31/><G73/><T117/><D117/><U132/><E132/><V133/><F133/><W74/><G74/><T40/><D135/><U113/><E113/><V41/><F53/><W27/><G129/><T58/><D3/><U36/><E101/><V104/><F29/><N who="3" m="10763" /><G0/><T6/><D112/><U63/><E42/><V118/><F118/><W98/><G5/><T71/><D71/><U45/><E21/><V107/><F114/><W128/><G128/><T35/><D124/><U44/><E77/><V38/><F109/><W2/><G2/><T69/><D69/><U32/><E72/><V96/><F96/><W67/><G67/><T50/><D120/><U131/><E32/><V83/><F83/><W47/><G100/><T130/><D130/><U20/><E70/><V9/><F9/><W33/><G49/><T105/><D105/><U24/><E36/><V116/><F108/><W52/><G33/><T123/><D123/><U78/><E37/><V88/><F116/><W76/><G76/><T97/><D97/><N who="1" m="57535" /><E78/><V79/><F79/><W59/><G47/><N who="1" m="17994" /><E131/><V57/><F1/><W13/><G13/><T26/><D40/><U75/><E75/><V134/><F134/><W65/><G65/><T110/><D110/><U60/><E55/><V115/><F115/><W94/><AGARI ba="0,0" hai="18,23,27,51,52,59,86,87,90,94,98" m="10763" machi="94" ten="30,7900,0" yaku="8,1,52,2,54,1" doraHai="81" who="3" fromWho="3" sc="245,-20,249,-39,241,-20,265,79" owari="225,2.5,210,-29.0,221,-17.9,344,44.4" /></mjloggm>