<mjloggm ver="2.3"><GO type="225" lobby="0"/><UN n0="%E3%81%B5%E3%81%98%E3%81%8B%E3%81%A4" n1="%E3%82%B2%E3%82%B9%E8%8C%82%E5%8B%9D" n2="%E3%82%BC%E3%83%AB%E3%83%80%E3%81%AE%E4%BC%9D%E8%AA%AC" n3="%E6%B4%BE%E9%81%A3%E3%81%AE%E3%82%B8%E3%83%A3%E3%83%83%E3%82%AF" dan="16,16,18,17" rate="2142.84,2083.64,2229.39,2222.69" sx="M,F,M,M"/><TAIKYOKU oya="0"/><INIT seed="0,0,0,2,3,32" ten="250,250,250,250" oya="0" hai0="99,61,59,116,3,113,44,89,52,37,35,17,83" hai1="29,125,95,1,41,38,0,130,4,73,22,69,12" hai2="119,74,77,34,79,63,43,76,127,97,103,87,70" hai3="16,6,13,131,60,100,67,115,20,18,11,93,62"/><T48/><D113/><U39/><E95/><V65/><F127/><W68/><G131/><T88/><D116/><U104/><E41/><V45/><F119/><W31/><G115/><T30/><D37/><U71/><E104/><V19/><F34/><W128/><G128/><T51/><D3/><N who="1" m="1099" /><E73/><V75/><F19/><W46/><G46/><N who="0" m="27671" /><D35/><U47/><E47/><V25/><F25/><N who="3" m="16807" /><G68/><N who="1" m="26186" /><E22/><V53/><F53/><W24/><G67/><N who="0" m="39359" /><D30/><U84/><E84/><V36/><REACH who="2" step="1"/><F87/><REACH who="2" ten="250,250,240,250" step="2"/><W117/><G117/><T118/><D17/><N who="3" m="6761" /><G24/><T26/><D118/><U15/><E29/><V82/><F82/><W7/><G7/><T123/><D26/><U78/><E4/><V112/><F112/><W111/><G111/><T80/><D123/><U110/><E110/><V102/><F102/><W10/><G10/><T96/><D83/><U21/><E21/><V134/><F134/><W54/><G54/><N who="0" m="30055" /><D80/><U101/><E101/><V92/><AGARI ba="0,1" hai="36,43,45,63,65,70,74,75,76,77,79,92,97,103" machi="92" ten="30,4000,0" yaku="1,1,0,1,53,1" doraHai="32" doraHaiUra="91" who="2" fromWho="2" sc="250,-20,250,-10,240,50,250,-10" /><INIT seed="1,0,0,0,4,3" ten="230,240,290,240" oya="1" hai0="134,100,18,61,133,126,58,103,74,14,37,121,107" hai1="91,25,5,111,24,120,95,85,68,0,20,60,127" hai2="36,54,86,32,89,98,26,13,46,77,51,123,59" hai3="2,112,22,79,64,23,44,125,99,27,50,53,135"/><U88/><E120/><V83/><F123/><W82/><G112/><T40/><D121/><U105/><E127/><V16/><F32/><W39/><G125/><T115/><D74/><U109/><E105/><V116/><F116/><W69/><G135/><N who="0" m="51723" /><D126/><U62/><E91/><V84/><F26/><W78/><G39/><T128/><D115/><U30/><E24/><V11/><F98/><W132/><G132/><T55/><D128/><U9/><E68/><V94/><REACH who="2" step="1"/><F36/><REACH who="2" ten="230,240,280,240" step="2"/><W33/><G33/><T17/><D107/><U67/><REACH who="1" step="1"/><E67/><REACH who="1" ten="230,230,280,240" step="2"/><V71/><F71/><W35/><G64/><T48/><D103/><U29/><E29/><V7/><F7/><W75/><G69/><T38/><D100/><U101/><E101/><V106/><F106/><W124/><G124/><T81/><D18/><U52/><E52/><V73/><F73/><W66/><G66/><T119/><D119/><U117/><E117/><V87/><F87/><W57/><G75/><T72/><D72/><U130/><E130/><V129/><F129/><W15/><G27/><T90/><D17/><U31/><E31/><V80/><F80/><W102/><G102/><T114/><D81/><U42/><E42/><V96/><F96/><W1/><G82/><T12/><D40/><U63/><AGARI ba="0,2" hai="0,5,9,20,25,30,60,62,63,85,88,95,109,111" machi="63" ten="30,11700,0" yaku="1,1,0,1,52,1,54,1,53,0" doraHai="3" doraHaiUra="118" who="1" fromWho="1" sc="230,-39,230,137,280,-39,240,-39" /><INIT seed="1,1,0,4,3,40" ten="191,367,241,201" oya="1" hai0="110,82,3,122,133,15,58,12,126,30,25,10,11" hai1="108,9,38,84,119,8,63,78,14,132,94,16,52" hai2="72,60,42,120,26,22,2,111,86,81,112,98,125" hai3="114,29,66,89,88,95,21,23,80,85,55,33,102"/><U105/><E119/><V107/><F120/><W67/><G114/><T116/><D116/><U44/><E132/><V57/><F2/><W18/><G102/><T54/><D122/><U47/><E105/><V99/><F112/><W135/><G135/><T34/><D133/><U109/><E8/><V70/><F72/><W92/><G33/><T49/><D110/><N who="1" m="42603" /><E38/><V124/><F70/><W68/><G68/><T106/><D106/><U129/><E129/><V101/><F42/><W53/><G29/><T115/><D115/><U6/><E6/><V62/><F99/><W31/><G31/><T71/><D71/><U64/><E64/><N who="3" m="24618" /><G80/><T5/><D126/><N who="2" m="48746" /><F57/><W69/><G69/><T51/><D11/><U35/><E35/><V127/><F111/><W100/><G100/><T91/><D91/><N who="1" m="53607" /><E78/><N who="2" m="46391" /><F127/><W75/><G23/><T117/><D117/><U20/><E20/><V37/><F37/><W76/><G76/><T41/><REACH who="0" step="1"/><D82/><REACH who="0" ten="181,367,241,201" step="2"/><U48/><E63/><V4/><F4/><W134/><G134/><T123/><D123/><U93/><E93/><V36/><F60/><W77/><G92/><T97/><D97/><U17/><E17/><V103/><F62/><W13/><G89/><T90/><D90/><U130/><E130/><V61/><F61/><W28/><G28/><T121/><D121/><U27/><E27/><V128/><F128/><W46/><G18/><T113/><D113/><U43/><E43/><V65/><F98/><W83/><G95/><T131/><D131/><U74/><E74/><V96/><F103/><W7/><G75/><T50/><D50/><U39/><E39/><RYUUKYOKU ba="1,1" sc="181,15,367,15,241,-15,201,-15" hai0="3,5,10,12,15,25,30,34,41,49,51,54,58" hai1="9,14,16,44,47,48,52" /><INIT seed="1,2,1,2,0,80" ten="196,382,226,186" oya="1" hai0="17,5,93,26,15,117,88,8,14,121,6,37,134" hai1="51,0,122,74,34,61,89,104,44,83,49,38,102" hai2="57,114,76,115,67,13,94,11,108,1,103,127,55" hai3="69,78,22,99,109,27,73,84,50,62,133,111,75"/><U54/><E122/><V2/><F108/><N who="3" m="41547" /><G133/><T105/><D117/><U66/><E0/><V85/><F67/><N who="3" m="41207" /><G99/><T82/><D134/><U4/><E4/><N who="2" m="3303" /><F127/><W81/><G50/><T100/><D37/><U32/><E38/><V79/><F103/><W47/><G47/><T65/><D121/><U35/><E104/><V28/><F28/><AGARI ba="2,1" hai="22,27,28,73,75,78,81,84" m="41207,41547" machi="28" ten="30,2000,0" yaku="14,1,52,1" doraHai="80" who="3" fromWho="2" sc="196,0,382,0,226,-26,186,36" /><INIT seed="2,0,0,0,2,113" ten="196,382,200,222" oya="2" hai0="12,83,42,35,96,44,16,52,90,81,27,67,50" hai1="10,134,107,128,43,47,74,38,51,70,93,80,66" hai2="5,100,105,28,102,131,13,73,115,126,68,130,15" hai3="88,64,129,39,86,4,59,9,17,117,135,48,20"/><V29/><F115/><W26/><G39/><T25/><D67/><U114/><E107/><V122/><F122/><W23/><G135/><T46/><D35/><U92/><E114/><V108/><F73/><W31/><G129/><N who="2" m="49161" /><F68/><W49/><G117/><T34/><D34/><U75/><E134/><V84/><F126/><W106/><G106/><T101/><D83/><U95/><E128/><V82/><F108/><W57/><G9/><N who="0" m="6159" /><D101/><N who="2" m="39018" /><F105/><W69/><G4/><T91/><D96/><U121/><E121/><V58/><F58/><N who="3" m="22027" /><G64/><T63/><D63/><U109/><E109/><V8/><F13/><N who="3" m="9263" /><G69/><T127/><D127/><U99/><E66/><V2/><F2/><W61/><G61/><T14/><D14/><U55/><E70/><V3/><F3/><W118/><G118/><T45/><D42/><U132/><E132/><V37/><F37/><W104/><G104/><T79/><D79/><AGARI ba="0,0" hai="5,8,15,28,29,79,82,84" m="39018,49161" machi="79" ten="30,1500,0" yaku="19,1" doraHai="113" who="2" fromWho="0" sc="196,-15,382,0,200,15,222,0" /><INIT seed="2,1,0,1,0,24" ten="181,382,215,222" oya="2" hai0="31,106,22,112,33,3,123,128,130,118,96,32,86" hai1="78,121,73,57,15,37,99,43,6,110,39,92,94" hai2="42,48,16,100,18,0,29,133,80,104,11,71,53" hai3="13,114,95,75,93,59,135,88,26,69,21,98,34"/><V119/><F119/><W72/><G69/><T20/><D86/><U132/><E121/><V105/><F71/><W40/><G135/><T64/><D96/><U70/><E132/><V54/><F133/><W116/><G116/><T62/><D106/><U60/><E70/><V107/><F100/><W113/><G40/><T14/><D118/><U117/><E117/><V79/><F42/><W50/><G93/><T7/><D62/><U45/><E110/><V10/><F29/><N who="3" m="19767" /><G50/><T65/><D64/><U91/><E78/><V52/><F48/><W23/><G59/><T61/><D65/><U102/><E73/><N who="3" m="28234" /><G13/><T68/><D68/><U89/><E37/><V4/><REACH who="2" step="1"/><F11/><REACH who="2" ten="181,382,205,222" step="2"/><W5/><G5/><T9/><D61/><U67/><E6/><V17/><F17/><W83/><G83/><T122/><D112/><AGARI ba="1,1" hai="21,23,88,95,98,112,113,114" m="28234,19767" machi="112" ten="30,3900,0" yaku="11,1,52,1,54,1" doraHai="24" who="3" fromWho="0" sc="181,-42,382,0,205,0,222,52" /><INIT seed="3,0,0,1,4,118" ten="139,382,205,274" oya="3" hai0="15,72,71,10,103,64,32,122,132,135,116,18,53" hai1="37,1,8,94,55,17,129,124,90,78,33,42,133" hai2="83,128,63,120,97,66,99,5,22,47,76,85,110" hai3="114,50,19,117,92,28,125,102,12,4,35,23,127"/><W31/><G50/><T46/><D72/><U52/><E33/><V67/><F5/><W109/><G92/><T121/><D32/><U21/><E124/><N who="3" m="47690" /><G102/><T24/><D24/><U39/><E129/><V69/><F66/><W9/><G117/><T25/><D103/><U89/><E133/><N who="0" m="51273" /><D116/><U34/><E34/><V7/><F7/><W119/><G119/><T59/><D46/><U98/><E78/><V0/><F76/><W36/><G36/><T104/><D104/><U100/><E8/><V131/><F47/><W95/><G95/><T86/><D86/><U49/><E1/><V2/><F85/><W56/><G56/><T91/><D91/><N who="1" m="34827" /><E39/><V13/><F97/><W38/><G38/><T68/><D64/><U123/><E37/><V70/><F67/><W3/><G114/><T61/><D25/><N who="1" m="14511" /><E123/><AGARI ba="0,0" hai="10,15,18,53,59,61,68,71,121,122,123" m="51273" machi="123" ten="30,7700,0" yaku="20,1,52,3" doraHai="118" who="0" fromWho="1" sc="139,77,382,-77,205,0,274,0" owari="216,-18.4,305,40.5,205,-29.5,274,7.4" /></mjloggm>