<mjloggm ver="2.3"><GO type="225" lobby="0"/><UN n0="%73%6C%69%63%6B%33%31%39" n1="%E5%A4%96%E5%B7%9D%E7%AB%9C%E6%88%90" n2="%E5%AE%AE%E4%BF%9D%E9%B6%8F%E8%82%89" n3="%E5%B8%86%E7%AB%8B%E5%A4%8F%E8%A1%A3" dan="17,16,16,17" rate="2211.24,2109.60,2102.14,2146.75" sx="M,M,M,M"/><TAIKYOKU oya="0"/><INIT seed="0,0,0,4,5,71" ten="250,250,250,250" oya="0" hai0="39,68,76,81,0,46,110,65,109,17,108,3,134" hai1="86,75,16,55,80,11,43,125,50,97,23,6,67" hai2="10,56,116,88,41,130,83,62,132,2,77,111,99" hai3="53,51,60,18,118,128,95,33,19,119,126,36,82"/><T115/><D115/><U73/><E125/><V72/><F111/><W57/><G126/><T104/><D104/><U120/><E120/><V66/><F130/><W9/><G128/><T7/><D134/><U1/><E67/><V96/><F132/><W85/><G33/><T35/><D35/><U30/><E30/><V28/><F116/><W91/><G36/><T52/><D17/><U123/><E97/><V45/><F28/><W124/><G124/><T29/><D29/><U92/><E92/><V100/><F100/><W40/><G119/><T121/><D121/><U22/><E22/><V21/><F21/><W8/><G118/><T69/><D65/><U103/><E43/><V122/><F122/><W25/><G82/><T63/><D63/><U112/><E103/><V127/><F127/><W5/><G25/><T26/><D26/><U114/><E123/><V37/><F88/><W133/><G9/><N who="0" m="2279" /><D3/><U59/><E114/><V87/><F87/><W12/><G133/><T93/><D93/><U129/><E129/><V105/><F105/><W78/><G78/><T32/><D32/><U47/><E59/><V89/><F89/><W61/><G61/><T49/><D39/><U84/><E112/><V101/><F101/><W131/><G131/><T135/><D135/><U27/><REACH who="1" step="1"/><E84/><AGARI ba="0,0" hai="46,49,52,68,69,76,81,84,108,109,110" m="2279" machi="84" ten="30,5800,0" yaku="14,1,10,1,54,1" doraHai="71" who="0" fromWho="1" sc="250,58,250,-58,250,0,250,0" /><INIT seed="0,1,0,4,5,134" ten="308,192,250,250" oya="0" hai0="89,39,61,80,98,107,123,69,78,41,56,102,127" hai1="1,24,113,60,135,90,71,18,77,37,97,112,111" hai2="27,81,75,10,99,12,58,7,23,6,32,21,72" hai3="114,13,40,101,25,120,36,19,126,17,55,121,44"/><T124/><D123/><N who="3" m="47177" /><G114/><N who="1" m="44138" /><E1/><V110/><F110/><W22/><G101/><T47/><D89/><U128/><E37/><V52/><F99/><W125/><G55/><T109/><D109/><U14/><E111/><V65/><F65/><W45/><G45/><T76/><D69/><U11/><E77/><V59/><F59/><W46/><G46/><T49/><D39/><U33/><E90/><V0/><F6/><W132/><G132/><T95/><D107/><U34/><E97/><V2/><F2/><W51/><G36/><T31/><D31/><U63/><E135/><V122/><F122/><W108/><G108/><T4/><D4/><U53/><E128/><V20/><F81/><W86/><G86/><T106/><D106/><U100/><E100/><V74/><F0/><W16/><G13/><T48/><D48/><U85/><E85/><V88/><F88/><W133/><G133/><T105/><D105/><U129/><E129/><V70/><F70/><W94/><G94/><T29/><D29/><AGARI ba="1,0" hai="16,17,19,22,25,29,40,44,51,125,126" m="47177" machi="29" ten="30,7700,0" yaku="13,1,52,2,54,1" doraHai="134" who="3" fromWho="0" sc="308,-80,192,0,250,0,250,80" /><INIT seed="1,0,0,5,4,34" ten="228,192,250,330" oya="1" hai0="18,117,125,96,113,24,23,88,63,58,93,115,130" hai1="72,122,83,11,107,14,22,1,40,101,112,118,68" hai2="0,53,64,114,31,43,79,134,27,19,77,48,59" hai3="126,82,15,7,105,39,21,128,38,42,46,51,100"/><U70/><E112/><V127/><F114/><W13/><G126/><T16/><D117/><U35/><E118/><V78/><F134/><W103/><G128/><T80/><D130/><U120/><E22/><V29/><F127/><W12/><G7/><T92/><D125/><U44/><E14/><V85/><F0/><W3/><G3/><T20/><D80/><U99/><E35/><V95/><F43/><W119/><G119/><T106/><D106/><U81/><E81/><V135/><F64/><W62/><G62/><T52/><D93/><U133/><E133/><V10/><F135/><W111/><G111/><T67/><D67/><U91/><E91/><N who="2" m="53743" /><F10/><W26/><G82/><T104/><D104/><U4/><E122/><V66/><F66/><W49/><G39/><T110/><D110/><U36/><E120/><V124/><F124/><W69/><G69/><T6/><D6/><U71/><E71/><V50/><F48/><N who="3" m="26711" /><G105/><T76/><D76/><AGARI ba="0,0" hai="1,4,11,36,40,44,68,70,72,76,83,99,101,107" machi="76" ten="40,18000,2" yaku="25,2,33,3,52,1" doraHai="34" who="1" fromWho="0" sc="228,-180,192,180,250,0,330,0" /><INIT seed="1,1,0,5,2,7" ten="48,372,250,330" oya="1" hai0="125,102,124,2,55,83,121,82,6,54,8,72,89" hai1="32,0,20,132,123,60,118,35,106,31,69,110,49" hai2="108,94,91,135,116,117,128,77,78,44,27,59,28" hai3="100,25,104,131,101,58,37,40,15,130,1,53,16"/><U5/><E49/><V26/><F108/><W84/><G1/><T126/><D121/><U68/><E60/><V21/><F128/><N who="3" m="49195" /><G104/><T17/><D102/><U9/><E106/><V103/><F135/><W112/><G112/><T38/><D83/><U76/><E76/><V88/><F103/><W57/><G84/><T109/><D109/><U46/><E46/><V34/><F44/><N who="3" m="23567" /><G25/><T19/><D38/><U129/><E69/><V50/><F78/><W70/><G58/><T62/><D72/><U81/><E68/><V93/><F77/><W56/><G57/><T114/><D114/><U3/><E81/><V63/><F50/><N who="3" m="30775" /><G70/><T22/><D62/><U71/><E71/><V61/><F61/><W105/><G105/><T11/><D82/><U90/><E90/><V99/><F27/><W92/><G92/><T79/><D89/><U33/><E123/><V85/><REACH who="2" step="1"/><F34/><REACH who="2" ten="48,372,240,330" step="2"/><W95/><G101/><T18/><D79/><U107/><E110/><V98/><F98/><W87/><G100/><T120/><D120/><U97/><E97/><V127/><F127/><W119/><G119/><T133/><D133/><U14/><E118/><V48/><F48/><W42/><G42/><T13/><REACH who="0" step="1"/><D22/><REACH who="0" ten="38,372,240,330" step="2"/><U12/><E132/><V24/><F24/><W113/><G113/><T39/><D39/><U52/><E107/><V86/><F86/><W64/><G87/><T73/><D73/><U75/><E75/><V30/><F30/><W65/><G95/><T23/><D23/><AGARI ba="1,2" hai="15,16,23,64,65" m="30775,23567,49195" machi="23" ten="30,2000,0" yaku="19,1,54,1" doraHai="7" who="3" fromWho="0" sc="38,-23,372,0,240,0,330,43" /><INIT seed="2,0,0,4,4,125" ten="15,372,240,373" oya="2" hai0="106,99,80,107,65,13,90,42,133,14,91,77,36" hai1="117,98,41,92,67,3,86,95,43,126,100,12,85" hai2="127,54,15,109,115,28,47,96,34,55,6,93,129" hai3="87,128,118,79,71,83,59,104,56,113,130,88,103"/><V73/><F115/><W7/><G71/><T46/><D65/><U69/><E117/><V5/><F73/><N who="3" m="43503" /><G7/><T89/><D133/><U61/><E3/><V114/><F114/><W102/><G113/><T62/><D62/><U75/><E75/><V2/><F2/><W24/><G24/><T94/><D13/><U31/><E126/><V23/><F34/><W44/><G44/><T105/><D14/><U66/><E66/><V38/><F127/><W4/><G4/><T30/><D30/><U40/><E31/><V0/><F0/><W26/><G26/><T18/><D18/><U1/><E1/><V120/><F120/><W64/><G118/><T97/><D46/><U22/><BYE who="0" /><E95/><V63/><F109/><W60/><G59/><UN n0="%73%6C%69%63%6B%33%31%39" /><T32/><D42/><U135/><E135/><V72/><F72/><W84/><G84/><N who="0" m="48143" /><D36/><U116/><E116/><V123/><F123/><W124/><G124/><T8/><D8/><U29/><E29/><V11/><F5/><W132/><G132/><T74/><D32/><U70/><E70/><V33/><F33/><W9/><G9/><T51/><D51/><U57/><E69/><V76/><F63/><W81/><G104/><N who="0" m="40043" /><D74/><U119/><E119/><V19/><F28/><W16/><G16/><AGARI ba="0,0" hai="12,16,22,40,41,43,57,61,67,85,86,92,98,100" machi="16" ten="40,2600,0" yaku="8,1,54,1" doraHai="125" who="1" fromWho="3" sc="15,0,372,26,240,0,373,-26" /><INIT seed="3,0,0,3,1,121" ten="15,398,240,347" oya="3" hai0="18,19,1,116,65,46,131,27,64,104,107,8,87" hai1="105,85,21,67,76,124,47,14,29,15,39,68,49" hai2="22,30,62,58,123,43,0,96,56,44,28,130,69" hai3="77,101,10,12,115,25,6,128,80,57,110,4,117"/><W24/><G115/><T81/><D87/><U41/><E105/><V95/><F123/><W83/><G117/><T91/><D91/><U61/><E124/><V11/><F130/><W73/><G128/><T40/><D81/><U52/><E85/><V100/><F0/><W38/><G80/><T93/><D93/><U48/><E76/><V109/><F11/><W103/><G38/><T20/><D46/><U84/><E84/><V134/><F134/><W75/><G75/><T33/><D40/><U5/><E5/><V98/><F69/><W66/><G6/><T97/><D97/><U34/><E49/><V13/><F98/><W9/><G10/><T92/><D92/><U112/><E112/><V78/><F78/><W35/><G110/><T45/><D45/><U3/><E34/><V82/><F82/><W126/><G126/><T125/><D8/><U106/><E106/><V72/><F72/><W42/><G42/><T94/><D94/><U54/><E54/><V132/><F132/><W31/><REACH who="3" step="1"/><G25/><REACH who="3" ten="15,398,240,337" step="2"/><T133/><D27/><N who="1" m="16623" /><E3/><V120/><F120/><W2/><G2/><T51/><D133/><U23/><E23/><V99/><F109/><W86/><G86/><T17/><D20/><U111/><E111/><V102/><F22/><W60/><AGARI ba="0,1" hai="4,9,12,24,31,35,57,60,66,73,77,83,101,103" machi="60" ten="30,3000,0" yaku="1,1,0,1,53,0" doraHai="121" doraHaiUra="135" who="3" fromWho="3" sc="15,-10,398,-10,240,-10,337,40" /><INIT seed="3,1,0,1,4,67" ten="5,388,230,377" oya="3" hai0="115,27,111,135,65,35,37,108,50,23,95,78,72" hai1="131,99,91,101,5,62,12,75,117,11,74,98,76" hai2="44,112,7,102,128,36,34,100,104,127,122,28,49" hai3="105,1,9,38,51,48,86,97,85,30,68,21,93"/><W26/><G38/><T8/><D95/><U32/><E32/><V130/><F7/><W64/><G105/><T6/><D50/><N who="3" m="18985" /><G1/><T109/><D65/><U41/><E131/><V133/><F49/><W60/><G68/><T69/><D37/><U4/><E41/><V134/><F28/><W22/><G9/><T81/><D23/><U80/><E117/><V110/><F44/><W66/><G22/><T25/><D25/><U77/><E62/><V70/><F102/><N who="3" m="60719" /><G60/><T96/><D96/><U14/><E91/><V10/><F100/><W29/><G30/><T125/><D125/><U90/><E90/><V61/><F61/><W116/><G116/><T119/><D119/><U71/><E71/><V121/><F10/><W16/><G29/><T114/><D135/><U89/><E89/><V2/><F133/><W129/><G129/><T103/><D103/><U54/><E11/><V118/><F128/><W87/><AGARI ba="1,0" hai="16,21,26,64,66,85,86,87" m="60719,18985" machi="87" ten="30,3000,0" yaku="8,1,54,1" doraHai="67" who="3" fromWho="3" sc="5,-11,388,-11,230,-11,377,33" owari="-6,-50.6,377,17.7,219,-18.1,410,51.0" /></mjloggm>