<mjloggm ver="2.3"><GO type="225" lobby="0"/><UN n0="%E3%81%A9%E3%82%8F%E3%82%93%E3%81%94" n1="%E5%8D%A0%E3%81%84%E5%B8%AB%E8%A3%8F%E3%81%AA%E3%81%84%E3%81%97" n2="%E7%A7%8B%E6%9C%88%E7%9C%9F%E7%90%86%E4%BA%9E" n3="%E3%82%B2%E3%82%B9%E8%8C%82%E5%8B%9D" dan="16,16,16,16" rate="2074.09,2143.50,2120.83,2061.39" sx="M,M,M,F"/><TAIKYOKU oya="0"/><INIT seed="0,0,0,5,5,31" ten="250,250,250,250" oya="0" hai0="20,122,73,4,124,102,39,68,11,126,75,12,87" hai1="95,28,58,43,77,42,128,127,90,96,40,48,78" hai2="57,82,93,5,118,26,76,44,74,41,54,23,24" hai3="120,32,111,62,79,110,63,130,30,114,135,94,47"/><T13/><D122/><U103/><E127/><N who="0" m="48681" /><D68/><U29/><E128/><V129/><F129/><W121/><G130/><T22/><D39/><U10/><E10/><V3/><F118/><W134/><G79/><N who="1" m="30218" /><E103/><V131/><F131/><W2/><G2/><T92/><D13/><U15/><E15/><V18/><F93/><W67/><G94/><T66/><D66/><U61/><E48/><V21/><F5/><W112/><G32/><T125/><N who="0" m="48689" /><T117/><DORA hai="100" /><D117/><U116/><E116/><V101/><F101/><W1/><G30/><T8/><D8/><U53/><AGARI ba="0,0" hai="28,29,40,42,43,53,58,61,90,95,96" m="30218" machi="53" ten="30,1100,0" yaku="8,1" doraHai="31,100" who="1" fromWho="1" sc="250,-5,250,11,250,-3,250,-3" /><INIT seed="1,0,0,2,0,94" ten="245,261,247,247" oya="1" hai0="40,134,30,84,52,31,46,92,78,116,100,132,2" hai1="23,36,21,77,63,124,58,38,6,102,62,39,99" hai2="110,133,76,34,53,61,69,122,129,12,112,59,104" hai3="131,15,103,72,56,20,35,64,65,91,111,50,49"/><U27/><E124/><V26/><F122/><W41/><G35/><T60/><D116/><U8/><E77/><V106/><F110/><W127/><G111/><T93/><D2/><U121/><E121/><V95/><F129/><W135/><G131/><T70/><D70/><U109/><E109/><V67/><F133/><N who="0" m="51306" /><D40/><U87/><E87/><V42/><F112/><W117/><G117/><T51/><D60/><U17/><E23/><V96/><F76/><W10/><G135/><T123/><D123/><U19/><E19/><V57/><F12/><W105/><G72/><T130/><D130/><U120/><E58/><V79/><F79/><W3/><G127/><T44/><D44/><U82/><E82/><V45/><F26/><W114/><G114/><T101/><D93/><U118/><E118/><V22/><F22/><W90/><G3/><T89/><D78/><U113/><E113/><V66/><F34/><W85/><G20/><T73/><D73/><U11/><E120/><V5/><F69/><W128/><G128/><T13/><D13/><U43/><E43/><V88/><F5/><W25/><G25/><T74/><D74/><U16/><E17/><V107/><REACH who="2" step="1"/><F59/><REACH who="2" ten="245,261,237,247" step="2"/><W28/><G56/><T18/><D18/><U0/><REACH who="1" step="1"/><E8/><REACH who="1" ten="245,251,237,247" step="2"/><V32/><F32/><W115/><G10/><T86/><D84/><U48/><E48/><AGARI ba="0,2" hai="42,45,48,53,57,61,66,67,88,95,96,104,106,107" machi="48" ten="40,5200,0" yaku="1,1,52,1,54,1,53,0" doraHai="94" doraHaiUra="7" who="2" fromWho="1" sc="245,0,251,-52,237,72,247,0" /><INIT seed="2,0,0,4,3,98" ten="245,199,309,247" oya="2" hai0="93,52,122,123,99,68,61,78,76,31,130,129,62" hai1="82,91,43,36,16,17,119,132,45,92,12,113,135" hai2="97,125,40,72,46,121,57,1,110,100,89,23,63" hai3="30,7,105,118,22,104,27,34,128,96,120,3,77"/><V54/><F121/><W51/><G120/><N who="0" m="46123" /><D31/><U131/><E113/><V106/><F1/><W64/><G128/><N who="0" m="49259" /><D68/><U81/><E131/><V108/><F72/><W94/><G118/><T112/><D112/><U25/><E25/><V80/><F125/><W13/><G77/><N who="0" m="29803" /><D52/><U38/><E119/><V53/><F53/><W95/><G95/><T88/><AGARI ba="0,0" hai="61,62,88,93,99" m="29803,49259,46123" machi="88" ten="40,2700,0" yaku="19,1,54,1" doraHai="98" who="0" fromWho="0" sc="245,27,199,-7,309,-13,247,-7" /><INIT seed="3,0,0,5,2,74" ten="272,192,296,240" oya="3" hai0="131,121,129,87,4,112,77,135,61,86,81,41,12" hai1="79,48,116,80,125,21,43,22,104,93,28,75,8" hai2="118,107,47,54,30,23,35,59,72,31,53,123,82" hai3="78,103,0,52,49,55,88,105,69,115,19,29,40"/><W42/><G115/><T62/><D121/><U120/><E104/><V38/><F107/><W15/><G0/><T39/><D112/><U83/><E120/><V65/><F35/><W128/><G128/><N who="0" m="49227" /><D135/><U18/><E125/><V100/><F100/><W119/><G119/><T10/><D87/><U94/><E116/><V25/><F118/><W58/><G69/><T130/><N who="0" m="49235" /><T114/><DORA hai="127" /><D114/><U68/><E68/><V20/><F123/><W11/><G29/><T45/><AGARI ba="0,0" hai="4,10,12,39,41,45,61,62,77,81,86" m="49235" machi="45" ten="40,12000,2" yaku="19,1,52,5" doraHai="74,127" who="0" fromWho="0" sc="272,120,192,-30,296,-30,240,-60" owari="392,49.2,162,-33.8,266,6.6,180,-22.0" /></mjloggm>