<mjloggm ver="2.3"><GO type="225" lobby="0"/><UN n0="%E3%81%A9%E3%82%8F%E3%82%93%E3%81%94" n1="%E3%81%9F%E3%81%8C%E3%82%84%E3%81%99" n2="%E4%BE%BF%E6%89%80" n3="%E3%81%B2%E3%81%BE%E3%81%A4%E3%81%B6%E3%81%97" dan="16,16,16,17" rate="2070.42,2170.72,2056.72,2198.77" sx="M,M,M,M"/><TAIKYOKU oya="0"/><INIT seed="0,0,0,1,1,17" ten="250,250,250,250" oya="0" hai0="62,135,85,24,33,40,67,31,112,133,79,64,26" hai1="54,34,132,58,111,81,106,134,104,3,117,20,21" hai2="98,1,99,61,8,11,52,42,83,18,119,102,30" hai3="41,46,59,60,86,68,75,55,115,114,108,87,109"/><T37/><D112/><U28/><E3/><V16/><F119/><W88/><G75/><T107/><D107/><N who="1" m="41003" /><E117/><V12/><F42/><W90/><G68/><T91/><D79/><U74/><E34/><V15/><F15/><W4/><BYE who="2" /><G4/><UN n2="%E4%BE%BF%E6%89%80" /><T49/><D37/><U44/><E44/><V121/><F121/><W82/><G109/><T76/><D76/><N who="1" m="44183" /><E28/><V27/><F83/><W63/><G108/><T39/><D39/><U103/><E103/><V78/><F78/><W128/><G128/><T66/><D26/><U130/><E111/><V126/><F102/><W101/><G101/><T105/><D105/><U94/><E94/><V97/><F1/><W93/><REACH who="3" step="1"/><G63/><REACH who="3" ten="250,250,250,240" step="2"/><T35/><D62/><N who="1" m="36183" /><E130/><V38/><F126/><W110/><G110/><T131/><D131/><U10/><E10/><V2/><F2/><W65/><G65/><T29/><D67/><U7/><E7/><N who="2" m="3103" /><F11/><W124/><G124/><T95/><D66/><U118/><E118/><V19/><F38/><AGARI ba="0,1" hai="38,41,46,55,59,60,82,86,87,88,90,93,114,115" machi="38" ten="30,7700,0" yaku="1,1,7,1,54,1,53,1" doraHai="17" doraHaiUra="56" who="3" fromWho="2" sc="250,0,250,0,250,-77,240,87" /><INIT seed="1,0,0,1,5,35" ten="250,250,173,327" oya="1" hai0="82,66,23,123,31,128,86,29,99,68,126,17,45" hai1="46,4,133,79,76,54,3,12,98,47,108,53,11" hai2="22,114,91,119,121,6,75,52,50,26,33,38,107" hai3="130,62,103,120,57,2,44,92,20,73,96,34,49"/><U48/><E98/><V15/><F119/><W69/><G120/><T85/><D128/><U30/><E133/><V10/><F121/><W101/><G130/><T109/><D109/><U43/><E108/><V0/><F114/><W61/><G34/><T124/><D123/><U40/><E30/><V131/><F131/><W60/><G73/><T129/><D129/><U80/><E79/><V71/><F38/><W67/><G2/><T100/><D45/><U118/><E118/><V36/><F36/><W83/><G103/><T37/><D37/><U55/><E3/><V70/><F75/><W77/><G20/><T28/><D66/><U112/><E112/><V127/><F107/><W16/><G16/><T21/><D68/><U63/><E63/><V7/><F127/><N who="0" m="48682" /><D82/><U116/><E116/><V13/><F91/><W56/><G69/><T72/><D72/><U1/><E1/><V113/><F113/><W59/><G67/><T27/><D23/><U74/><REACH who="1" step="1"/><E40/><REACH who="1" ten="250,240,173,327" step="2"/><V105/><F105/><AGARI ba="0,1" hai="17,21,27,28,29,31,85,86,99,100,105" m="48682" machi="105" ten="30,1000,0" yaku="18,1" doraHai="35" who="0" fromWho="2" sc="250,20,240,0,173,-10,327,0" /><INIT seed="2,0,0,1,0,135" ten="270,240,163,327" oya="2" hai0="52,10,63,81,98,130,13,121,87,62,74,123,23" hai1="79,95,114,93,48,113,50,61,106,88,111,58,0" hai2="19,119,24,37,65,128,118,132,29,100,82,5,53" hai3="44,134,108,17,33,89,15,28,112,97,66,86,103"/><V46/><F132/><W36/><G108/><T12/><D74/><U43/><E106/><V75/><F128/><W11/><G134/><T115/><D130/><U59/><E0/><V69/><F19/><W1/><G1/><T35/><D35/><U127/><E79/><N who="2" m="44415" /><F53/><W38/><G66/><T110/><D115/><U16/><E111/><V99/><F5/><W3/><G3/><T68/><D110/><U83/><E83/><V107/><F46/><W124/><G44/><T117/><D68/><U64/><E95/><V85/><F85/><W133/><G28/><T9/><D117/><U40/><E114/><V102/><F102/><W92/><G33/><T21/><D98/><U126/><E113/><V122/><F122/><W125/><G112/><T104/><D104/><U20/><E50/><V39/><F119/><W34/><G34/><T67/><D67/><U91/><E91/><V80/><F80/><N who="3" m="49351" /><G133/><T129/><D129/><U2/><E2/><V72/><F72/><W71/><G71/><T116/><D116/><U57/><E43/><V18/><F18/><W84/><G84/><T42/><D42/><U54/><E40/><V22/><F118/><W8/><G8/><T56/><D123/><U27/><REACH who="1" step="1"/><E59/><REACH who="1" ten="270,230,163,327" step="2"/><V7/><F7/><W60/><G60/><N who="0" m="35847" /><D121/><U73/><E73/><V41/><F41/><W96/><G103/><T76/><D63/><U6/><E6/><V55/><F55/><W31/><G92/><T30/><D62/><U109/><E109/><V120/><F120/><W94/><G94/><T77/><D81/><U14/><E14/><V26/><F26/><RYUUKYOKU ba="0,1" sc="270,-15,230,15,163,15,327,-15" hai1="16,20,27,48,54,57,58,61,64,88,93,126,127" hai2="22,24,29,37,39,65,69,99,100,107" /><INIT seed="2,1,1,5,5,42" ten="255,245,178,312" oya="2" hai0="72,54,9,58,60,99,102,125,91,8,71,22,23" hai1="122,1,66,11,82,133,37,88,90,51,121,74,34" hai2="86,108,48,39,44,13,31,15,28,92,75,134,50" hai3="117,61,53,84,77,101,128,10,96,119,123,89,45"/><V100/><F75/><W115/><G123/><N who="1" m="47114" /><E37/><V87/><F39/><W107/><G77/><T24/><D125/><U29/><E66/><V7/><F134/><W47/><G128/><T110/><D110/><U114/><E114/><V38/><F38/><W35/><G35/><T18/><D72/><U70/><E70/><V21/><F108/><W131/><G131/><T78/><D78/><N who="1" m="44375" /><E133/><V106/><F106/><W43/><G10/><T65/><D91/><U111/><E111/><V36/><F36/><W97/><G96/><T4/><D4/><N who="1" m="1423" /><E51/><V73/><F73/><W59/><G115/><T135/><D135/><U104/><E104/><V64/><F64/><W120/><G120/><T69/><D69/><U109/><E109/><V93/><F7/><W68/><G68/><T116/><D116/><U85/><E85/><V30/><F21/><W63/><G63/><T113/><D23/><U26/><AGARI ba="1,1" hai="26,29,34,88,90" m="1423,44375,47114" machi="26" ten="30,2000,0" yaku="13,1,54,1" doraHai="42" who="1" fromWho="1" sc="255,-6,245,33,178,-11,312,-6" /><INIT seed="3,0,0,5,2,4" ten="249,278,167,306" oya="3" hai0="38,130,35,93,108,106,100,95,30,56,26,41,135" hai1="37,115,6,75,16,21,83,90,105,117,128,119,50" hai2="12,84,125,89,98,96,110,40,126,80,65,73,81" hai3="10,61,5,48,42,29,66,27,67,53,39,92,74"/><W118/><G118/><N who="1" m="45066" /><E37/><V104/><F65/><W11/><G74/><T69/><D108/><U76/><E105/><V127/><F40/><W9/><G39/><T18/><D135/><U64/><E115/><V68/><F68/><W7/><G42/><T54/><D130/><U129/><E64/><N who="3" m="24618" /><G61/><T99/><D69/><U107/><E107/><V101/><F12/><W112/><G112/><T52/><D54/><U132/><E132/><V109/><F96/><W85/><G27/><T13/><D41/><U31/><E31/><V58/><F58/><N who="3" m="33063" /><G29/><T87/><D87/><U19/><E50/><V17/><F17/><W49/><G49/><T77/><D77/><AGARI ba="0,0" hai="73,77,80,81,84,89,98,101,104,109,110,125,126,127" machi="77" ten="50,8000,1" yaku="18,1,34,3" doraHai="4" who="2" fromWho="0" sc="249,-80,278,0,167,80,306,0" owari="169,-33.1,278,7.8,247,-15.3,306,40.6" /></mjloggm>