<mjloggm ver="2.3"><GO type="225" lobby="0"/><UN n0="%E5%B8%86%E7%AB%8B%E5%A4%8F%E8%A1%A3" n1="%E3%81%BF%E3%81%BF%E3%81%9A" n2="%E3%82%A2%E3%82%A4%E3%82%B9%E3%83%86%E3%82%A3%E3%83%BC%E3%81%82%E3%81%B9" n3="%E3%83%97%E3%83%AC%E3%83%B4%E3%82%A1%E3%83%86%E3%82%A3" dan="16,16,16,16" rate="2118.50,2166.71,2074.71,2061.90" sx="M,M,M,F"/><TAIKYOKU oya="0"/><INIT seed="0,0,0,1,4,25" ten="250,250,250,250" oya="0" hai0="119,46,55,114,11,5,117,75,70,133,67,65,109" hai1="3,126,29,88,83,14,69,7,98,135,12,104,10" hai2="92,130,2,77,82,107,100,93,54,127,58,4,53" hai3="99,48,71,74,38,116,111,56,121,13,27,32,129"/><T9/><D75/><U51/><E69/><V95/><F127/><W61/><G74/><T49/><D114/><U90/><E126/><V101/><F130/><W22/><G129/><T50/><D133/><U118/><E118/><V0/><F107/><W72/><G72/><T34/><D109/><U62/><E135/><V47/><F47/><W63/><G116/><T132/><D132/><U134/><E134/><V91/><F91/><W84/><G38/><T60/><D67/><U36/><E36/><V128/><F128/><W40/><G111/><T23/><D34/><U81/><E62/><V30/><F4/><W44/><G71/><T59/><D11/><U52/><E29/><V86/><F30/><N who="3" m="17783" /><G32/><T33/><D23/><U106/><E106/><V26/><F26/><W108/><G108/><T97/><D97/><U103/><E81/><V113/><F113/><W124/><G124/><T6/><D6/><U131/><E131/><V87/><F58/><W105/><G105/><T80/><D80/><U120/><E120/><V16/><F16/><W89/><G121/><T125/><D33/><U24/><E24/><V110/><F110/><W19/><G56/><T112/><D112/><U37/><E37/><V15/><F15/><N who="1" m="5673" /><E83/><V41/><F82/><N who="3" m="49303" /><G99/><T1/><REACH who="0" step="1"/><D125/><REACH who="0" ten="240,250,250,250" step="2"/><U31/><E31/><V78/><F95/><W8/><AGARI ba="0,1" hai="8,13,19,40,44,48,61,63" m="49303,17783" machi="8" ten="30,2000,0" yaku="8,1,52,1" doraHai="25" who="3" fromWho="3" sc="240,-10,250,-5,250,-5,250,30" /><INIT seed="1,0,0,2,5,110" ten="230,245,245,280" oya="1" hai0="50,123,44,128,115,35,58,30,127,51,74,119,131" hai1="91,53,102,109,23,21,90,16,75,18,69,113,47" hai2="14,105,7,3,81,96,61,93,2,22,133,42,38" hai3="33,95,9,84,17,41,68,86,67,129,37,83,62"/><U77/><E69/><V55/><F105/><W6/><G33/><T73/><D119/><U56/><E102/><V71/><F133/><W13/><G129/><N who="0" m="49739" /><D127/><U87/><E75/><N who="0" m="28681" /><D123/><U114/><E47/><V32/><F32/><W48/><G37/><T107/><D107/><U122/><E122/><V0/><F81/><W60/><G60/><T98/><D98/><U118/><E118/><V24/><F42/><W59/><G68/><T5/><D5/><U8/><E8/><V94/><F38/><W34/><G34/><T130/><N who="0" m="49747" /><T89/><DORA hai="11" /><D89/><U10/><E10/><V88/><F94/><W28/><G28/><T92/><D92/><U121/><E109/><V85/><F85/><W49/><G41/><N who="0" m="24847" /><D51/><U27/><E121/><V20/><F71/><W116/><G116/><T15/><D15/><N who="1" m="9375" /><E114/><V65/><F14/><N who="3" m="5431" /><G95/><T25/><D58/><U104/><E113/><AGARI ba="0,0" hai="25,30,35,113,115" m="24847,28681,49747" machi="113" ten="50,6400,0" yaku="19,1,52,2" doraHai="110,11" who="0" fromWho="1" sc="230,64,245,-64,245,0,280,0" /><INIT seed="2,0,0,1,1,75" ten="294,181,245,280" oya="2" hai0="120,29,68,85,66,17,49,113,6,24,69,135,39" hai1="125,84,28,109,8,130,122,102,107,121,65,1,2" hai2="64,106,127,58,90,81,43,74,38,18,134,57,9" hai3="114,44,70,80,71,104,42,132,99,25,116,89,78"/><V50/><F106/><W3/><G116/><T48/><D39/><U63/><E109/><V30/><F127/><W119/><G119/><T13/><D113/><U93/><E125/><V7/><F38/><N who="3" m="21591" /><G89/><T47/><D120/><N who="1" m="46187" /><E130/><V41/><F134/><W117/><G117/><T15/><D135/><U26/><E8/><V118/><F30/><W4/><G132/><T22/><D66/><U128/><E128/><V82/><F118/><W37/><G25/><T105/><D105/><U110/><E110/><V11/><F18/><W131/><G37/><T31/><D69/><N who="1" m="42175" /><E93/><V67/><F74/><N who="3" m="43095" /><G114/><T5/><D68/><U129/><E84/><V79/><F90/><W34/><G34/><T101/><D85/><U72/><E129/><V46/><F46/><W83/><G83/><T12/><D101/><U32/><E72/><V40/><F50/><N who="0" m="19562" /><D47/><U10/><E10/><N who="2" m="3595" /><F7/><AGARI ba="0,0" hai="5,6,7,12,13,15,17,22,24,29,31" m="19562" machi="7" ten="30,1000,0" yaku="8,1" doraHai="75" who="0" fromWho="2" sc="294,10,181,0,245,-10,280,0" /><INIT seed="3,0,0,2,2,115" ten="304,181,235,280" oya="3" hai0="56,63,114,73,27,104,111,131,93,10,96,4,135" hai1="45,129,34,124,90,122,71,46,53,98,84,16,123" hai2="126,133,64,81,74,7,33,105,99,31,38,28,3" hai3="107,49,103,59,24,102,118,2,117,12,47,97,9"/><W88/><G2/><T15/><D111/><U75/><E75/><V65/><F38/><W77/><G77/><T42/><D131/><U128/><E34/><V130/><F130/><N who="1" m="50281" /><E71/><V21/><F33/><W80/><G24/><T94/><D135/><U83/><E98/><V23/><F133/><W60/><G103/><T25/><D73/><U100/><E100/><V8/><F126/><W43/><G88/><N who="0" m="55335" /><D104/><U121/><E124/><V68/><F105/><W58/><G80/><T78/><D114/><U92/><E92/><V61/><F99/><W112/><G112/><T44/><D94/><U26/><E53/><V62/><F31/><W87/><G87/><T72/><D72/><U120/><N who="1" m="30720" /><DORA hai="134" /><U13/><E26/><V50/><F28/><W85/><G85/><T32/><D32/><U51/><E51/><V113/><F50/><W91/><G91/><T89/><D89/><U116/><E116/><V0/><F113/><W54/><G59/><T119/><D119/><U39/><E39/><V95/><F95/><W5/><AGARI ba="0,0" hai="5,9,12,43,47,49,54,58,60,97,102,107,117,118" machi="5" ten="20,7800,0" yaku="0,1,7,1,52,2" doraHai="115,134" who="3" fromWho="3" sc="304,-26,181,-26,235,-26,280,78" owari="278,7.8,155,-34.5,209,-19.1,358,45.8" /></mjloggm>