<mjloggm ver="2.3"><GO type="225" lobby="0"/><UN n0="%E3%82%BC%E3%83%AB%E3%83%80%E3%81%AE%E4%BC%9D%E8%AA%AC" n1="%E4%BF%BA%E3%81%A8%E5%A6%96%E5%A4%A2" n2="%E5%B8%86%E7%AB%8B%E5%A4%8F%E8%A1%A3" n3="%72%69%6F%75%63%68%61%6E" dan="18,17,16,17" rate="2240.29,2182.64,2194.15,2273.37" sx="M,F,M,M"/><TAIKYOKU oya="0"/><INIT seed="0,0,0,0,2,79" ten="250,250,250,250" oya="0" hai0="33,46,127,5,130,63,81,61,35,4,114,87,108" hai1="111,106,135,119,15,66,6,42,118,123,131,105,109" hai2="67,128,53,18,70,129,77,12,74,124,1,57,69" hai3="14,94,51,68,110,45,97,28,25,133,96,73,132"/><T54/><D114/><U116/><E66/><V134/><F1/><W100/><G110/><N who="1" m="41994" /><E42/><V32/><F32/><W120/><G68/><T8/><D108/><U89/><E123/><V3/><F3/><W125/><G125/><T101/><D127/><U23/><E131/><N who="2" m="50251" /><F134/><W76/><G120/><T2/><D130/><U9/><E135/><N who="3" m="51786" /><G14/><T22/><D5/><U122/><E122/><V17/><F124/><W93/><G76/><T102/><D61/><U98/><E23/><N who="2" m="11687" /><F67/><W48/><G73/><T10/><D10/><U64/><E64/><V117/><F117/><W30/><G45/><T21/><D21/><U26/><E26/><V24/><F77/><W84/><G84/><T49/><D22/><U75/><E75/><V58/><F74/><W78/><G78/><T91/><REACH who="0" step="1"/><D63/><REACH who="0" ten="240,250,250,250" step="2"/><U103/><E6/><V44/><F24/><W59/><G25/><T82/><D82/><U27/><E27/><V65/><F18/><W112/><G112/><T71/><D71/><N who="2" m="27146" /><F65/><W104/><G28/><T85/><D85/><U0/><E9/><V20/><F20/><W50/><G30/><T31/><D31/><U95/><E0/><V86/><F86/><W34/><G34/><AGARI ba="0,1" hai="2,4,8,33,34,35,46,49,54,81,87,91,101,102" machi="34" ten="40,3900,0" yaku="1,1,52,1,53,0" doraHai="79" doraHaiUra="88" who="0" fromWho="3" sc="240,49,250,0,250,0,250,-39" /><INIT seed="0,1,0,2,0,52" ten="289,250,250,211" oya="0" hai0="80,38,40,12,53,28,118,128,65,122,75,1,73" hai1="109,133,29,35,21,123,114,66,78,101,79,54,67" hai2="34,57,107,70,108,15,11,72,97,84,58,22,5" hai3="100,41,3,85,121,119,98,9,132,71,103,10,51"/><T83/><D118/><U135/><E123/><V81/><F34/><W120/><G119/><T62/><D1/><U124/><E35/><V134/><F70/><W76/><G132/><N who="1" m="50762" /><E109/><V99/><F72/><W56/><G71/><T42/><D122/><N who="3" m="47209" /><G3/><T48/><D28/><U116/><E116/><V96/><F107/><W69/><G69/><N who="0" m="42167" /><D12/><U102/><E124/><V112/><F112/><W129/><G129/><T94/><D94/><U0/><E0/><V17/><F108/><W110/><G110/><T36/><D83/><U20/><E54/><V82/><F82/><N who="3" m="47303" /><G103/><N who="1" m="39434" /><E114/><V105/><F105/><N who="3" m="63639" /><G41/><N who="0" m="15979" /><D80/><U37/><E37/><N who="0" m="14441" /><D75/><U45/><E29/><V27/><F134/><W59/><G51/><T32/><D73/><U50/><E20/><V7/><F7/><W31/><G31/><T131/><D32/><U87/><E21/><V111/><F111/><W18/><G9/><T49/><D49/><U125/><E87/><V93/><F93/><W115/><G115/><T90/><D90/><AGARI ba="1,0" hai="5,11,15,17,22,27,57,58,81,84,90,96,97,99" machi="90" ten="40,5200,0" yaku="8,1,52,2" doraHai="52" who="2" fromWho="0" sc="289,-55,250,0,250,55,211,0" /><INIT seed="1,0,0,5,3,14" ten="234,250,305,211" oya="1" hai0="70,112,37,115,5,11,102,75,6,118,80,36,2" hai1="50,19,82,132,22,117,15,88,73,111,100,33,97" hai2="79,135,44,39,116,84,32,67,101,31,113,61,83" hai3="27,28,68,3,69,43,53,48,65,108,71,49,12"/><U24/><E117/><V60/><F135/><W81/><G108/><T40/><D118/><U62/><E132/><V94/><F116/><W56/><G3/><T17/><D6/><U128/><E111/><V63/><F113/><W41/><G81/><T34/><D102/><U30/><E128/><V90/><F101/><W122/><G122/><T26/><D70/><N who="3" m="27241" /><G12/><T54/><D54/><U87/><E62/><V107/><F107/><W51/><G27/><T20/><D34/><U59/><E59/><V9/><F9/><W21/><G21/><T18/><D18/><U110/><E110/><V77/><F77/><W104/><G28/><T109/><D109/><U103/><E50/><N who="3" m="19562" /><G104/><T7/><D7/><U76/><E97/><V57/><F31/><W114/><G114/><T45/><D37/><U91/><E91/><V13/><F13/><W66/><N who="3" m="27249" /><W133/><DORA hai="86" /><G133/><T127/><D127/><U74/><E74/><V10/><F10/><W4/><G4/><T124/><D124/><U46/><E46/><V85/><F32/><W95/><G95/><AGARI ba="0,0" hai="15,19,22,24,30,33,73,76,82,87,88,95,100,103" machi="95" ten="30,11600,0" yaku="7,1,52,2,54,1" doraHai="14,86" who="1" fromWho="3" sc="234,0,250,116,305,0,211,-116" /><INIT seed="1,1,0,4,3,38" ten="234,366,305,95" oya="1" hai0="33,60,130,35,51,47,125,19,13,24,69,133,61" hai1="119,44,39,20,105,98,3,55,117,91,110,90,42" hai2="63,64,5,128,116,29,127,126,65,52,62,71,27" hai3="86,123,56,79,48,73,81,15,70,1,37,84,46"/><U2/><E110/><V30/><F116/><W121/><G70/><T57/><D69/><U43/><E105/><V78/><F128/><W34/><G34/><T80/><D130/><U9/><E20/><V97/><F5/><W100/><G1/><N who="1" m="10" /><E9/><V102/><F78/><W124/><G124/><N who="2" m="47657" /><F65/><W94/><G37/><T59/><D125/><U95/><E39/><V41/><F41/><N who="1" m="15369" /><E44/><V66/><F66/><W49/><G15/><T4/><D4/><U8/><E8/><V107/><F27/><W54/><G84/><T111/><D47/><U25/><E55/><V10/><F10/><W26/><G26/><T6/><D6/><U36/><E36/><V77/><F77/><W96/><REACH who="3" step="1"/><G86/><REACH who="3" ten="234,366,305,85" step="2"/><T72/><D13/><U132/><E25/><V14/><F14/><W12/><G12/><T87/><D87/><U23/><E119/><V92/><F107/><W114/><G114/><T129/><D24/><U118/><E117/><V50/><F63/><W16/><G16/><T85/><D19/><U135/><E118/><V67/><F67/><W32/><G32/><T58/><D33/><U76/><E23/><V122/><F122/><W11/><G11/><T40/><D35/><U99/><E76/><V75/><F75/><W22/><G22/><T106/><D72/><U115/><E115/><V109/><F109/><W0/><G0/><T131/><D106/><U89/><E95/><V112/><F112/><W68/><G68/><T7/><D111/><U31/><E31/><V45/><AGARI ba="1,1" hai="29,30,45,50,52,62,64,71,92,97,102" m="47657" machi="45" ten="30,2000,0" yaku="18,1,54,1" doraHai="38" who="2" fromWho="2" sc="234,-6,366,-11,305,33,85,-6" /><INIT seed="2,0,0,1,4,12" ten="228,355,338,79" oya="2" hai0="32,33,29,98,77,67,103,114,10,16,74,83,38" hai1="118,112,91,5,72,41,120,44,20,35,6,79,56" hai2="99,71,36,39,78,1,42,106,85,57,134,18,101" hai3="28,31,90,130,96,127,4,60,40,135,68,65,8"/><V52/><F71/><W66/><G130/><T46/><D114/><U50/><E112/><V9/><F42/><W115/><G127/><T131/><D131/><U34/><E118/><V92/><F134/><W24/><G135/><T69/><D29/><U129/><E129/><V94/><F106/><W122/><G122/><T55/><D67/><U121/><E91/><V49/><F18/><W70/><G115/><T116/><D69/><U7/><E56/><V61/><F61/><W128/><G128/><T119/><D38/><U48/><E48/><V108/><F108/><W76/><G76/><T64/><D64/><U107/><E107/><V27/><F27/><W102/><G90/><T104/><D46/><U47/><E47/><V63/><F63/><W0/><G40/><T45/><D45/><U26/><E79/><V62/><F62/><W124/><G124/><T84/><D55/><U100/><E100/><V93/><F39/><W51/><G51/><T132/><D74/><U95/><E95/><N who="2" m="58623" /><F36/><W86/><G86/><T80/><D80/><U109/><E72/><V113/><F113/><W2/><G2/><T11/><D11/><U13/><E109/><V54/><F54/><W37/><G37/><T111/><D111/><U75/><E75/><V25/><F25/><W125/><G125/><T59/><D132/><U81/><E121/><V88/><F78/><W43/><G43/><T117/><D59/><U21/><E120/><V22/><F22/><N who="3" m="15383" /><G31/><T123/><D123/><U19/><E81/><V58/><F58/><N who="3" m="37015" /><G66/><T23/><D23/><U97/><E97/><V126/><F126/><RYUUKYOKU ba="0,0" sc="228,0,355,0,338,0,79,0" hai0="10,16,32,33,77,83,84,98,103,104,116,117,119" hai1="5,6,7,13,19,20,21,26,34,35,41,44,50" hai2="1,9,49,52,57,85,88,92,93,94" hai3="0,4,8,68,70,96,102" /><INIT seed="2,1,0,2,4,14" ten="228,355,338,79" oya="2" hai0="115,119,43,50,130,47,2,36,68,48,57,111,66" hai1="78,31,85,72,102,93,40,96,16,12,65,37,125" hai2="21,51,5,103,73,84,75,74,6,98,28,87,53" hai3="54,81,42,39,128,38,52,95,0,135,60,15,8"/><V90/><F28/><W13/><G128/><T25/><D2/><U9/><E72/><V92/><F84/><W33/><G135/><T41/><D25/><U112/><E112/><V10/><F21/><W89/><G33/><T107/><D107/><U110/><E110/><V35/><F35/><W132/><G132/><T56/><D115/><U76/><E125/><V91/><F91/><W86/><G42/><N who="0" m="22983" /><D130/><U55/><E65/><V77/><F77/><W19/><G0/><T58/><D111/><U118/><E118/><V71/><F71/><W26/><G26/><T100/><D100/><U30/><E40/><N who="0" m="15433" /><D119/><U67/><E37/><V44/><REACH who="2" step="1"/><F10/><REACH who="2" ten="228,355,328,79" step="2"/><N who="3" m="6583" /><G38/><T69/><D69/><U4/><E76/><V7/><F7/><N who="3" m="3487" /><G39/><T120/><D120/><U114/><E4/><V70/><F70/><W134/><G134/><T27/><D27/><U97/><E31/><V123/><F123/><W131/><G131/><T11/><D11/><U121/><E30/><V49/><F49/><N who="0" m="19050" /><D68/><U3/><E121/><V133/><F133/><W79/><G79/><T29/><D29/><U108/><E78/><V80/><AGARI ba="1,1" hai="5,6,44,51,53,73,74,75,80,87,90,92,98,103" machi="80" ten="30,3000,0" yaku="1,1,0,1,53,0" doraHai="14" doraHaiUra="23" who="2" fromWho="2" sc="228,-11,355,-11,328,43,79,-11" /><INIT seed="2,2,0,1,5,3" ten="217,344,371,68" oya="2" hai0="60,94,80,127,41,58,2,32,55,72,128,46,124" hai1="65,81,6,24,31,34,26,39,85,48,56,78,93" hai2="122,116,102,74,90,23,38,63,14,83,73,20,17" hai3="57,87,96,5,82,118,104,130,120,115,129,50,7"/><V15/><F38/><W86/><G118/><T0/><D32/><U92/><E39/><V108/><F122/><W59/><G120/><T112/><D112/><U35/><E65/><V77/><F116/><W44/><G115/><T71/><D128/><N who="3" m="49257" /><G104/><T113/><D113/><U30/><E6/><N who="3" m="2058" /><G96/><T132/><D71/><U19/><E19/><V117/><F102/><W68/><G68/><T88/><D132/><U53/><AGARI ba="2,0" hai="24,26,30,31,34,35,48,53,56,78,81,85,92,93" machi="53" ten="30,2000,0" yaku="0,1,9,1" doraHai="3" who="1" fromWho="1" sc="217,-7,344,26,371,-12,68,-7" /><INIT seed="3,0,0,1,0,102" ten="210,370,359,61" oya="3" hai0="6,91,125,11,126,35,97,66,32,78,52,5,79" hai1="123,131,117,44,104,99,56,80,106,33,20,13,114" hai2="22,82,19,59,45,16,39,132,57,14,10,18,96" hai3="26,9,48,113,133,36,128,1,122,3,61,98,38"/><W120/><G113/><T53/><D66/><U135/><E123/><V24/><F132/><W42/><G133/><T109/><D91/><U15/><E135/><V73/><F39/><N who="3" m="14891" /><G26/><T65/><D65/><U76/><E114/><V134/><F134/><W119/><G9/><T55/><D97/><U108/><E33/><N who="0" m="12873" /><D109/><U118/><E108/><V85/><F73/><W23/><G119/><N who="1" m="45578" /><E131/><V121/><F121/><N who="3" m="46699" /><G98/><T25/><D25/><U7/><E99/><V70/><F70/><W88/><G88/><T28/><D28/><U95/><E95/><V112/><F112/><W124/><G23/><T129/><D129/><U111/><E44/><V74/><F45/><N who="3" m="25655" /><G128/><T68/><D11/><N who="1" m="4351" /><E111/><V101/><F74/><W27/><G27/><T63/><D78/><U81/><E81/><V12/><F96/><W37/><N who="3" m="14899" /><W0/><DORA hai="93" /><G61/><T103/><D6/><U72/><E15/><V41/><F101/><W107/><G107/><T77/><D5/><U127/><E20/><N who="2" m="11271" /><F41/><W49/><G49/><T46/><D103/><U4/><E4/><V67/><F82/><W43/><G43/><T90/><D90/><U34/><E34/><V92/><F92/><W60/><G60/><T84/><D84/><U31/><E31/><V87/><F87/><W2/><G2/><T17/><D17/><U75/><E72/><V62/><F85/><W83/><G83/><T71/><D63/><U58/><E104/><V89/><F89/><W130/><G130/><T86/><D79/><U69/><E106/><V30/><F30/><W54/><G54/><N who="0" m="13827" /><T51/><DORA hai="29" /><D86/><U50/><E76/><RYUUKYOKU ba="0,0" sc="210,-15,370,-15,359,15,61,15" hai2="10,14,18,19,22,24,57,59,62,67" hai3="0,1,3,124" /><INIT seed="3,1,0,3,3,19" ten="195,355,374,76" oya="3" hai0="115,35,20,110,55,46,62,127,39,41,5,17,21" hai1="13,130,96,75,64,48,91,76,89,33,28,122,11" hai2="98,45,60,54,0,132,111,22,126,32,27,23,101" hai3="124,34,86,131,123,103,100,84,65,42,6,120,66"/><W16/><G34/><T7/><D35/><U18/><E122/><N who="3" m="46634" /><G6/><T134/><D110/><U105/><E130/><V125/><F132/><W30/><G30/><T83/><D134/><U116/><E116/><V56/><F111/><W114/><G42/><T77/><D127/><N who="2" m="48650" /><F0/><W59/><G124/><T74/><D115/><U112/><E112/><V93/><F45/><W82/><G114/><T2/><D17/><U95/><E105/><V61/><F61/><W106/><G16/><T108/><D108/><U3/><E3/><V70/><F70/><W102/><G59/><N who="0" m="35199" /><D7/><U113/><E113/><V81/><F81/><W87/><G131/><T25/><D25/><U26/><E64/><N who="3" m="24682" /><G82/><T47/><D47/><U97/><E48/><V94/><F94/><W78/><G78/><T133/><D133/><U12/><E76/><V1/><F1/><W109/><G109/><T71/><D71/><U24/><E75/><V51/><F51/><W69/><G106/><T79/><D79/><U88/><E26/><V37/><F37/><W121/><N who="3" m="46642" /><W68/><AGARI ba="1,0" hai="68,69,84,86,87,100,102,103" m="24682,46642" machi="68" ten="50,9600,0" yaku="4,1,28,2" doraHai="19" who="3" fromWho="3" sc="195,-33,355,-33,374,-33,76,99" /><INIT seed="3,2,0,5,2,64" ten="162,322,341,175" oya="3" hai0="55,16,50,63,20,42,5,133,83,112,91,108,118" hai1="48,3,135,1,41,35,70,128,113,46,107,61,43" hai2="72,125,110,33,115,116,89,98,69,52,54,2,56" hai3="111,88,25,97,95,104,53,49,129,44,29,39,62"/><W122/><G122/><T106/><D118/><U17/><E113/><V123/><RYUUKYOKU type="yao9" ba="2,0" sc="162,0,322,0,341,0,175,0" hai2="2,33,52,54,56,69,72,89,98,110,115,116,123,125" /><INIT seed="3,3,0,4,3,48" ten="162,322,341,175" oya="3" hai0="2,10,0,105,100,35,130,30,32,114,91,12,118" hai1="90,89,52,15,111,4,99,46,134,16,56,98,97" hai2="129,19,96,27,88,80,68,3,115,135,95,83,133" hai3="13,86,23,29,7,70,103,126,128,79,120,28,39"/><W71/><G120/><T64/><D118/><U9/><E111/><V45/><F115/><W113/><G113/><T21/><D114/><U22/><E134/><N who="2" m="51211" /><F129/><W5/><G39/><T78/><D78/><U112/><E46/><V41/><F3/><N who="0" m="1066" /><D64/><U49/><E112/><V75/><F68/><W67/><G128/><T62/><D91/><U77/><E77/><V53/><F53/><W42/><G67/><T72/><D62/><U38/><E38/><N who="2" m="21687" /><F75/><W8/><G70/><T109/><D100/><U31/><E31/><V18/><F27/><AGARI ba="3,0" hai="4,9,15,16,22,27,49,52,56,89,90,97,98,99" machi="27" ten="40,8000,1" yaku="8,1,52,1,54,2" doraHai="48" who="1" fromWho="2" sc="162,0,322,89,341,-89,175,0" owari="162,-33.8,411,51.1,252,5.2,175,-22.5" /></mjloggm>