<mjloggm ver="2.3"><GO type="225" lobby="0"/><UN n0="%6C%61%6D%62" n1="%6D%61%74%69%67%75%73%61" n2="%E4%B8%89%E5%88%86%E5%B0%8F%E5%83%A7" n3="%70%65%6E%74%6F%6C%61" dan="16,17,16,16" rate="2212.70,2171.47,2073.74,2154.91" sx="M,M,M,M"/><TAIKYOKU oya="0"/><INIT seed="0,0,0,0,5,7" ten="250,250,250,250" oya="0" hai0="107,123,102,39,56,58,22,24,0,108,72,47,133" hai1="96,112,8,125,92,81,57,54,46,43,130,40,105" hai2="9,18,95,6,86,91,74,75,77,15,48,37,67" hai3="23,19,129,33,13,27,66,17,70,85,31,89,73"/><T126/><D123/><U103/><E130/><V71/><F37/><W104/><G73/><T131/><D72/><U122/><E122/><V30/><F30/><W16/><G104/><T49/><D39/><U79/><E125/><V69/><F67/><W61/><REACH who="3" step="1"/><G129/><REACH who="3" ten="250,250,250,240" step="2"/><T119/><D131/><U29/><E105/><V12/><F75/><W5/><G5/><T1/><D107/><U87/><E112/><V83/><REACH who="2" step="1"/><F48/><REACH who="2" ten="250,250,240,240" step="2"/><W14/><G14/><T35/><D49/><U98/><E29/><V26/><F26/><W34/><G34/><T111/><D35/><U3/><E3/><V10/><AGARI ba="0,2" hai="6,9,10,12,15,18,69,71,74,77,83,86,91,95" machi="10" ten="20,8000,1" yaku="1,1,0,1,7,1,52,2,53,0" doraHai="7" doraHaiUra="93" who="2" fromWho="2" sc="250,-40,250,-20,240,100,240,-20" /><INIT seed="1,0,0,5,2,28" ten="210,230,340,220" oya="1" hai0="71,88,26,24,19,104,120,75,37,119,55,60,117" hai1="107,102,3,43,54,106,10,111,9,91,105,67,133" hai2="93,103,12,110,127,50,100,20,116,131,4,33,23" hai3="39,32,25,34,52,87,96,73,42,94,18,44,121"/><U58/><E43/><V38/><F116/><W112/><G73/><T89/><D75/><U83/><E67/><V61/><F38/><W40/><G121/><T114/><D114/><U68/><E68/><V123/><F123/><W85/><G42/><T5/><D120/><U86/><E102/><V21/><F110/><W124/><G112/><T46/><D104/><U134/><E111/><V7/><F33/><W63/><G124/><T125/><D125/><U130/><E130/><V95/><F131/><W65/><G85/><T90/><D5/><N who="2" m="2122" /><F127/><W30/><G87/><T135/><D135/><N who="1" m="51723" /><E3/><V13/><F50/><AGARI ba="0,0" hai="9,10,50,54,58,83,86,91,105,106,107" m="51723" machi="50" ten="40,2000,0" yaku="20,1" doraHai="28" who="1" fromWho="2" sc="210,0,230,20,340,-20,220,0" /><INIT seed="1,1,0,5,2,83" ten="210,250,320,220" oya="1" hai0="87,93,125,115,85,81,22,119,121,59,84,63,26" hai1="40,124,70,29,108,90,78,77,129,127,82,32,52" hai2="25,42,55,103,94,123,23,36,80,1,4,35,96" hai3="95,20,105,76,91,130,86,53,11,131,37,61,134"/><U98/><E70/><V48/><F35/><W14/><G105/><T110/><D115/><U88/><E40/><V69/><F69/><W15/><G37/><T51/><D119/><U0/><E0/><V7/><F123/><W56/><G134/><T2/><D2/><U74/><E29/><V58/><F1/><W117/><G117/><T102/><D121/><U62/><E32/><V45/><REACH who="2" step="1"/><F80/><REACH who="2" ten="210,250,310,220" step="2"/><N who="3" m="47367" /><G131/><T54/><D110/><U33/><E33/><V97/><F97/><N who="3" m="57599" /><G130/><T8/><D125/><N who="1" m="48203" /><E129/><V38/><F38/><W6/><G15/><T112/><D112/><U92/><E108/><V18/><AGARI ba="1,1" hai="4,7,18,23,25,36,42,45,48,55,58,94,96,103" machi="18" ten="20,2700,0" yaku="1,1,0,1,7,1,53,0" doraHai="83" doraHaiUra="30" who="2" fromWho="2" sc="210,-8,250,-14,310,40,220,-8" /><INIT seed="2,0,0,1,5,22" ten="202,236,350,212" oya="2" hai0="6,25,133,11,54,81,103,50,51,40,62,33,42" hai1="37,98,19,48,52,118,26,46,77,21,115,16,72" hai2="41,63,114,70,76,23,55,127,86,79,31,75,100" hai3="105,47,120,65,107,34,36,117,134,69,10,56,18"/><V15/><F75/><W88/><G117/><T123/><D123/><U116/><E115/><V9/><F114/><W0/><G69/><T66/><D103/><U29/><E37/><V59/><F127/><W129/><G34/><T122/><D122/><U38/><E38/><V2/><F2/><W44/><G120/><T125/><D125/><U71/><E71/><V30/><F70/><W80/><G107/><T131/><D131/><U95/><E72/><V24/><F41/><W35/><G35/><T121/><D121/><U49/><E77/><V8/><F100/><W73/><G105/><T104/><D104/><U126/><E126/><V130/><F130/><W28/><G36/><T61/><D81/><U101/><REACH who="1" step="1"/><E48/><REACH who="1" ten="202,226,350,212" step="2"/><V5/><F79/><W132/><G73/><T113/><D51/><U93/><E93/><V119/><F119/><AGARI ba="0,1" hai="16,19,21,26,29,46,49,52,95,98,101,116,118,119" machi="119" ten="40,8000,1" yaku="1,1,52,1,54,2,53,0" doraHai="22" doraHaiUra="128" who="1" fromWho="2" sc="202,0,226,90,350,-80,212,0" /><INIT seed="3,0,0,2,5,135" ten="202,316,270,212" oya="3" hai0="57,133,6,60,26,104,86,30,19,28,93,1,54" hai1="97,58,39,20,103,9,46,53,82,69,4,31,43" hai2="76,35,0,38,107,115,18,100,80,102,56,70,132" hai3="85,101,67,29,87,71,99,52,49,74,116,127,128"/><W108/><G116/><T22/><D104/><U44/><E69/><V34/><F70/><W33/><G74/><T130/><D133/><U121/><E121/><V55/><F38/><W11/><G128/><T105/><D105/><U96/><E82/><V3/><F115/><W64/><G108/><T13/><D130/><U98/><E46/><V40/><F40/><W50/><G11/><N who="0" m="4343" /><D1/><U75/><E75/><V77/><F18/><W118/><G118/><T122/><D122/><U83/><E83/><V66/><F56/><W10/><G10/><T2/><D2/><U63/><E9/><V17/><F17/><W73/><G73/><T51/><D51/><U72/><E72/><V91/><F80/><W81/><G50/><T7/><D7/><U14/><E4/><V95/><F107/><W8/><G8/><T24/><D24/><U32/><E32/><V41/><F41/><W36/><G36/><T79/><D79/><U47/><E47/><V59/><F59/><N who="3" m="33167" /><G71/><T129/><D129/><U65/><E39/><V94/><F132/><W106/><G127/><T90/><AGARI ba="0,0" hai="19,22,26,28,30,54,57,60,86,90,93" m="4343" machi="90" ten="30,1100,0" yaku="8,1" doraHai="135" who="0" fromWho="0" sc="202,11,316,-3,270,-3,212,-5" owari="213,-18.7,313,41.3,267,6.7,207,-29.3" /></mjloggm>