<mjloggm ver="2.3"><GO type="225" lobby="0"/><UN n0="%E6%80%AA%E3%81%97%E3%81%99%E3%81%8E%E3%82%8B%E3%83%81%E3%83%BC" n1="%E3%83%8F%E3%82%AC%E3%82%BF%E3%82%AB%E3%81%AE%E3%81%88%E3%81%98%E3%81%8D" n2="%E3%83%AD%E3%83%83%E3%83%86%E9%9B%80%E7%90%83" n3="%E7%89%B9%E6%9D%B1%E3%81%AF%E4%B8%96%E7%95%8C%E3%82%92%E6%95%91%E3%81%86" dan="16,16,17,16" rate="2122.41,2155.45,2258.81,2166.99" sx="M,M,M,M"/><TAIKYOKU oya="0"/><INIT seed="0,0,0,1,3,93" ten="250,250,250,250" oya="0" hai0="110,85,120,59,43,51,0,125,118,33,111,11,90" hai1="92,41,5,123,36,98,121,4,82,8,101,81,48" hai2="87,131,114,105,104,22,79,77,70,65,107,124,86" hai3="60,91,46,117,72,135,122,56,44,96,128,28,132"/><T106/><D118/><U67/><E36/><V119/><F22/><W3/><G3/><T16/><D120/><U52/><E41/><V99/><F65/><W129/><G72/><T84/><D33/><U74/><E67/><V6/><F6/><W23/><G28/><T55/><D106/><N who="2" m="41066" /><F70/><W20/><G91/><T1/><D125/><U57/><E4/><V25/><F25/><W13/><G13/><N who="0" m="7231" /><D43/><U30/><E30/><V94/><F114/><W21/><G117/><T42/><D42/><U130/><E130/><N who="3" m="50282" /><G96/><T49/><D49/><U38/><E38/><V69/><F69/><W32/><G32/><T127/><D127/><U7/><E7/><V40/><F40/><W89/><G89/><T29/><D84/><N who="2" m="32298" /><F119/><W103/><G103/><T9/><D9/><U54/><E54/><V34/><F34/><W97/><G122/><T14/><D14/><U18/><E18/><V61/><F124/><W19/><G19/><T88/><D90/><U47/><E74/><V24/><F107/><W100/><G46/><N who="0" m="28151" /><D29/><U26/><E47/><V66/><F131/><W2/><G2/><N who="0" m="1131" /><D59/><U83/><REACH who="1" step="1"/><E26/><REACH who="1" ten="250,240,250,250" step="2"/><V45/><F24/><W134/><G44/><T68/><D68/><U50/><E50/><V15/><F45/><W126/><G126/><T133/><D133/><U108/><E108/><V95/><F66/><N who="3" m="39175" /><G134/><T102/><D102/><U113/><E113/><V62/><F15/><AGARI ba="0,1" hai="5,8,15,48,52,57,81,82,83,92,98,101,121,123" machi="15" ten="40,5200,0" yaku="1,1,52,1,54,1,53,0" doraHai="93" doraHaiUra="75" who="1" fromWho="2" sc="250,0,240,62,250,-52,250,0" /><INIT seed="1,0,0,4,4,23" ten="250,302,198,250" oya="1" hai0="117,101,114,104,13,76,15,102,92,53,87,105,56" hai1="86,38,130,37,41,20,73,54,98,80,97,65,42" hai2="112,74,4,88,133,95,69,75,26,134,27,90,14" hai3="64,21,107,135,71,113,24,58,6,19,83,106,110"/><U124/><E73/><N who="2" m="27659" /><F69/><W91/><G113/><T70/><D114/><U1/><E1/><V55/><F55/><W93/><G71/><T99/><D70/><U68/><E124/><V50/><F50/><W17/><G110/><T84/><D117/><U43/><E130/><V131/><F131/><W129/><G129/><T89/><D76/><U116/><E116/><V57/><F57/><W33/><G135/><N who="2" m="51721" /><F112/><W132/><G132/><T10/><D104/><U109/><E109/><V28/><F28/><W81/><G6/><T44/><D102/><U60/><E54/><V63/><F63/><W78/><G33/><T9/><D87/><U111/><E111/><V126/><F126/><W82/><G78/><T62/><REACH who="0" step="1"/><D44/><REACH who="0" ten="240,302,198,250" step="2"/><U72/><E72/><V11/><F90/><W46/><G46/><T7/><D7/><U3/><E68/><V34/><F34/><W32/><G32/><T125/><D125/><U127/><E127/><V36/><F36/><W79/><G79/><T12/><AGARI ba="0,1" hai="9,10,12,13,15,53,56,62,84,89,92,99,101,105" machi="12" ten="30,2000,0" yaku="1,1,0,1,53,0" doraHai="23" doraHaiUra="66" who="0" fromWho="0" sc="240,30,302,-10,198,-5,250,-5" /><INIT seed="2,0,0,2,1,21" ten="270,292,193,245" oya="2" hai0="113,40,15,117,14,9,114,85,30,128,73,70,13" hai1="38,32,61,131,86,29,79,45,82,99,107,126,50" hai2="100,135,60,122,76,41,8,132,27,43,59,71,3" hai3="47,116,108,78,133,89,118,22,72,42,97,74,98"/><V101/><F71/><W23/><G108/><T81/><D73/><U55/><E126/><V31/><F122/><W35/><G35/><T28/><D70/><U84/><E131/><V64/><F76/><W96/><G89/><T34/><D128/><U46/><E61/><V124/><F124/><W83/><G74/><T48/><D117/><U130/><E130/><V58/><F58/><W67/><G67/><T120/><D120/><U105/><E99/><V119/><F119/><W53/><G53/><T5/><D113/><U93/><E93/><V20/><F3/><W87/><G72/><T11/><D114/><U69/><E86/><V18/><F8/><W94/><G94/><T125/><D125/><U4/><E4/><V106/><F31/><N who="0" m="11818" /><D34/><U112/><E112/><V57/><F57/><W26/><G23/><T129/><D11/><U62/><E62/><V10/><F10/><W92/><G92/><T66/><D66/><U103/><E103/><N who="2" m="39499" /><F106/><W109/><G109/><T24/><D24/><U63/><E63/><V110/><F110/><W25/><G25/><T1/><D1/><U37/><E69/><V75/><F75/><W33/><G33/><T104/><D104/><U127/><E127/><V7/><F7/><W0/><G0/><T77/><D129/><U121/><E121/><V51/><F51/><N who="3" m="27127" /><G118/><T39/><D39/><N who="1" m="14859" /><E46/><AGARI ba="0,0" hai="5,9,13,14,15,40,46,48,77,81,85" m="11818" machi="46" ten="30,2000,0" yaku="25,1,8,1" doraHai="21" who="0" fromWho="1" sc="270,20,292,-20,193,0,245,0" /><INIT seed="3,0,0,1,0,78" ten="290,272,193,245" oya="3" hai0="114,44,60,5,129,46,115,8,51,89,55,0,93" hai1="42,103,73,97,1,43,77,107,65,3,45,117,111" hai2="4,126,83,61,69,41,13,71,18,124,132,19,118" hai3="95,127,105,57,32,84,54,81,17,75,25,67,133"/><W87/><G105/><T128/><D60/><U49/><E111/><V110/><F118/><W91/><G133/><T123/><D46/><U90/><E117/><V20/><F132/><W63/><G127/><N who="2" m="48681" /><F110/><W28/><G75/><T48/><D48/><U21/><E65/><V94/><F41/><W26/><G26/><T113/><D123/><U2/><E21/><N who="2" m="11471" /><F4/><W16/><G67/><T99/><AGARI ba="0,0" hai="0,5,8,44,51,55,89,93,99,113,114,115,128,129" machi="99" ten="40,2700,0" yaku="0,1,11,1" doraHai="78" who="0" fromWho="0" sc="290,27,272,-7,193,-7,245,-13" owari="317,41.7,265,6.5,186,-31.4,232,-16.8" /></mjloggm>