<mjloggm ver="2.3"><GO type="225" lobby="0"/><UN n0="%28%EF%BF%A3%E2%96%BD%EF%BF%A3%29%CE%B4%E2%8C%92%E3%83%BB" n1="%33%74%72%65%65" n2="%77%72%77%72%77%72%77%72" n3="%E4%BF%BA%E3%81%A8%E5%A6%96%E5%A4%A2" dan="16,16,17,17" rate="2137.47,2147.88,2177.39,2165.54" sx="M,F,M,F"/><TAIKYOKU oya="0"/><INIT seed="0,0,0,3,2,58" ten="250,250,250,250" oya="0" hai0="82,39,45,14,75,73,121,8,71,88,99,101,68" hai1="78,120,37,5,92,108,7,83,115,85,80,66,117" hai2="64,60,1,3,26,86,24,19,135,123,96,129,6" hai3="35,23,119,32,72,133,52,107,130,113,94,31,79"/><T54/><D121/><U114/><E117/><V93/><F123/><W0/><G107/><T63/><D75/><U74/><E120/><V67/><F129/><W17/><G119/><T12/><D12/><U40/><E108/><V10/><F135/><W125/><G79/><T122/><D122/><U70/><E92/><V89/><F1/><W95/><G72/><T9/><D9/><U44/><E66/><V30/><F19/><W111/><G113/><N who="1" m="43018" /><E70/><V15/><F3/><W18/><G0/><T61/><D73/><U16/><E16/><N who="3" m="6250" /><G130/><T98/><D39/><U53/><E53/><V57/><F64/><W65/><G65/><T116/><D116/><U27/><E27/><V90/><REACH who="2" step="1"/><F30/><REACH who="2" ten="250,250,240,250" step="2"/><W128/><G128/><T126/><D8/><U4/><E7/><V43/><F43/><W105/><G31/><T91/><D14/><U87/><E74/><V55/><F55/><W22/><G52/><T69/><D54/><U11/><E11/><V41/><F41/><W38/><G133/><T59/><D45/><U13/><E13/><V84/><F84/><W97/><G111/><T106/><D99/><U48/><E37/><V103/><F103/><W76/><G38/><T127/><D59/><U51/><E51/><V134/><F134/><W132/><G132/><T28/><D28/><U50/><E50/><V20/><F20/><W21/><G97/><T104/><D104/><U118/><E118/><V2/><F2/><W56/><G105/><T100/><D100/><U25/><E25/><V109/><F109/><W77/><G56/><T124/><D91/><AGARI ba="0,1" hai="4,5,40,44,48,78,80,83,85,87,91" m="43018" machi="91" ten="30,1000,0" yaku="11,1" doraHai="58" who="1" fromWho="0" sc="250,-10,250,20,240,0,250,0" /><INIT seed="1,0,0,2,4,46" ten="240,270,240,250" oya="1" hai0="75,122,89,43,67,51,88,23,117,123,18,65,2" hai1="60,68,93,13,81,116,0,112,37,16,44,9,21" hai2="97,50,109,135,3,28,38,20,19,107,6,1,22" hai3="121,83,129,49,76,64,124,55,27,63,90,86,36"/><U61/><E112/><V77/><F38/><W82/><G121/><N who="0" m="46091" /><D75/><U103/><E116/><V54/><F109/><W110/><G36/><T134/><D2/><U58/><E68/><V87/><F135/><W52/><G110/><T40/><D117/><U39/><E60/><V70/><F70/><W10/><G129/><T31/><D31/><U12/><E0/><V15/><F6/><W48/><G124/><T45/><D43/><U133/><E133/><V71/><F71/><W111/><G111/><T33/><D33/><U106/><E106/><V57/><F28/><W99/><G27/><N who="0" m="14839" /><D134/><U69/><E69/><V11/><F1/><W14/><G64/><AGARI ba="0,0" hai="40,45,51,64,65,67,88,89" m="14839,46091" machi="64" ten="30,3900,0" yaku="13,1,52,1,54,1" doraHai="46" who="0" fromWho="3" sc="240,39,270,0,240,0,250,-39" /><INIT seed="2,0,0,1,2,62" ten="279,270,240,211" oya="2" hai0="23,106,51,78,92,100,24,121,107,131,42,50,28" hai1="127,81,76,60,49,89,114,122,29,124,61,10,44" hai2="90,47,95,135,125,96,84,123,57,21,34,112,75" hai3="129,110,59,94,13,128,16,91,38,41,115,18,19"/><V74/><F112/><W119/><G119/><T58/><D121/><U87/><E114/><V31/><F123/><W64/><G115/><T126/><D78/><U105/><E122/><V11/><F34/><W43/><G110/><T120/><D120/><U8/><E105/><V27/><F135/><W130/><G38/><T77/><D77/><U73/><E29/><V36/><F125/><N who="1" m="48201" /><E61/><V98/><F11/><W12/><G59/><T33/><D58/><U97/><E97/><V108/><F108/><W20/><G64/><T68/><D106/><U67/><E76/><V55/><F47/><W46/><G46/><T14/><D107/><U93/><E81/><V0/><F0/><W52/><G52/><T5/><D68/><N who="1" m="42087" /><E73/><V102/><F36/><W72/><G72/><T109/><D28/><U118/><E118/><V63/><REACH who="2" step="1"/><F96/><REACH who="2" ten="279,270,230,211" step="2"/><N who="3" m="57439" /><G20/><T3/><D23/><U113/><E113/><V22/><F22/><W56/><G56/><T17/><D33/><U2/><E2/><V9/><F9/><W4/><G4/><T71/><D5/><U134/><E134/><V116/><F116/><W101/><G101/><T6/><D3/><U32/><E32/><V85/><F85/><W48/><G48/><T82/><D51/><U45/><E45/><V103/><F103/><W111/><G111/><T83/><D50/><U54/><AGARI ba="0,1" hai="8,10,44,49,54,87,89,93" m="42087,48201" machi="54" ten="30,2000,0" yaku="18,1,52,1" doraHai="62" who="1" fromWho="1" sc="279,-5,270,30,230,-10,211,-5" /><INIT seed="3,0,0,5,3,97" ten="274,300,220,206" oya="3" hai0="113,77,46,30,135,13,114,27,37,93,73,18,69" hai1="17,116,126,122,128,87,45,88,96,40,105,112,8" hai2="24,131,64,75,50,125,67,15,133,16,6,60,4" hai3="92,12,28,89,52,42,127,38,132,108,1,10,22"/><W7/><G132/><T104/><D104/><U86/><E122/><V115/><F75/><W106/><G106/><T19/><D69/><U63/><E112/><N who="0" m="43113" /><D135/><U35/><E35/><V98/><F133/><W44/><G127/><T84/><D73/><U71/><E116/><V120/><F120/><W26/><G108/><T109/><D109/><U117/><E117/><V103/><F125/><W2/><REACH who="3" step="1"/><G52/><REACH who="3" ten="274,300,220,196" step="2"/><T66/><D66/><U82/><E105/><V43/><F115/><W101/><G101/><T78/><D46/><U129/><E45/><N who="2" m="25919" /><F67/><W14/><G14/><T124/><D13/><U90/><E126/><V21/><F15/><W5/><G5/><T48/><D124/><U34/><E129/><V79/><F131/><W54/><G54/><T59/><D27/><U62/><E128/><V130/><F130/><W31/><G31/><T33/><D30/><U107/><E107/><V0/><F0/><W81/><G81/><T119/><D119/><U72/><E82/><V70/><F4/><W55/><G55/><T32/><D93/><U134/><E134/><V39/><F6/><W25/><G25/><T110/><D110/><U111/><E111/><V102/><F102/><W53/><G53/><T3/><D3/><U68/><E17/><V99/><F103/><W118/><G118/><T123/><D18/><U11/><E11/><V95/><F95/><W23/><G23/><T58/><D19/><U47/><E8/><V91/><F16/><W65/><G65/><T56/><D123/><U57/><E47/><V51/><F21/><W100/><G100/><T85/><D32/><RYUUKYOKU ba="0,1" sc="274,-10,300,-10,220,-10,196,30" hai3="1,2,7,10,12,22,26,28,38,42,44,89,92" /><INIT seed="3,1,1,2,1,100" ten="264,290,210,226" oya="3" hai0="37,9,95,56,40,47,124,62,84,57,73,25,15" hai1="12,35,59,122,4,51,94,10,106,92,90,83,30" hai2="127,54,39,23,34,77,78,98,3,117,121,52,89" hai3="33,99,74,128,58,29,86,68,81,71,120,36,131"/><W22/><G120/><T91/><D73/><U114/><E122/><V21/><F117/><W134/><G33/><T80/><D124/><U6/><E114/><V82/><F121/><W60/><G74/><T13/><D25/><U72/><E106/><V67/><F34/><W26/><G99/><T129/><D129/><N who="3" m="49737" /><G36/><T76/><D9/><U8/><E30/><V7/><F39/><W101/><G101/><T27/><D27/><U64/><E35/><V28/><F127/><W104/><G104/><T32/><D32/><U46/><E72/><V132/><F132/><W53/><G134/><T87/><REACH who="0" step="1"/><D57/><REACH who="0" ten="254,290,210,226" step="2"/><U5/><E10/><V85/><F28/><W110/><G110/><T17/><D17/><N who="1" m="8327" /><E59/><V96/><F7/><W61/><G61/><T75/><D75/><U119/><E119/><V24/><F3/><W44/><G44/><T105/><D105/><U63/><E63/><V69/><F21/><W97/><G60/><T2/><D2/><U11/><E11/><V18/><F69/><W38/><G71/><T50/><D50/><U133/><E133/><V125/><F125/><W43/><G68/><T111/><D111/><U88/><E6/><V79/><F67/><AGARI ba="1,2" hai="13,15,37,40,47,56,62,67,76,80,84,87,91,95" machi="67" ten="30,2000,0" yaku="1,1,7,1,53,0" doraHai="100" doraHaiUra="130" who="0" fromWho="2" sc="254,43,290,0,210,-23,226,0" /><INIT seed="4,0,0,3,3,31" ten="297,290,187,226" oya="0" hai0="13,3,95,47,98,133,27,108,104,131,59,73,89" hai1="115,21,9,121,28,2,124,20,33,113,110,12,83" hai2="118,103,102,26,65,112,100,135,78,17,60,44,111" hai3="10,80,23,24,42,119,57,92,101,15,87,90,45"/><T36/><D3/><U32/><E110/><V107/><F111/><W70/><G70/><T40/><D108/><U123/><E2/><V91/><F112/><N who="1" m="43081" /><E83/><V30/><F135/><W122/><G119/><T88/><D73/><U63/><E63/><V43/><F118/><W93/><G122/><N who="1" m="46602" /><E124/><V46/><F78/><W125/><G125/><T99/><D133/><U37/><E37/><V55/><F17/><W68/><G68/><T74/><D74/><U53/><E53/><V11/><F11/><W41/><G10/><T76/><D76/><U38/><E38/><V16/><F16/><W50/><G42/><T86/><D131/><U14/><E28/><V128/><F128/><W127/><G127/><T77/><D77/><U29/><E29/><V35/><F55/><W120/><G80/><T117/><D117/><U6/><E12/><V71/><F91/><W72/><G15/><T25/><D13/><U66/><E66/><V56/><F56/><W81/><G57/><T75/><D75/><U130/><E130/><V49/><REACH who="2" step="1"/><F44/><REACH who="2" ten="297,290,177,226" step="2"/><W54/><G120/><T85/><D59/><U105/><E9/><V94/><F94/><W8/><G8/><T39/><D95/><N who="3" m="36425" /><G101/><T126/><D126/><U129/><E129/><V67/><F67/><W116/><G116/><T22/><D47/><U34/><E6/><V132/><F132/><W58/><G58/><T18/><D89/><U7/><E7/><V4/><F4/><W5/><G5/><T79/><D88/><U19/><E105/><AGARI ba="0,1" hai="26,30,35,43,46,49,60,65,71,100,102,103,105,107" machi="105" ten="40,5200,0" yaku="1,1,52,1,53,1" doraHai="31" doraHaiUra="61" who="2" fromWho="1" sc="297,0,290,-52,177,62,226,0" /><INIT seed="5,0,0,1,4,121" ten="297,238,239,226" oya="1" hai0="6,49,126,55,77,1,103,50,11,100,132,82,98" hai1="73,131,4,41,124,43,12,71,88,87,46,79,68" hai2="66,22,16,61,51,0,30,95,90,125,38,3,63" hai3="58,133,135,17,92,47,94,70,57,69,96,84,64"/><U44/><E131/><V39/><F125/><W123/><G123/><T52/><D126/><U13/><E124/><V104/><F104/><W33/><G33/><T93/><D132/><N who="3" m="50761" /><G47/><T113/><D113/><U97/><E73/><V127/><F30/><W72/><G72/><T102/><D50/><U65/><E65/><V62/><F66/><W75/><G75/><T119/><D119/><U114/><E114/><V128/><F128/><W110/><G17/><T27/><D27/><U80/><E71/><N who="3" m="27146" /><G64/><T117/><D117/><U35/><E68/><V40/><F127/><W42/><G42/><N who="1" m="15882" /><E35/><V14/><F39/><W130/><G130/><T106/><D106/><U8/><E12/><V85/><F38/><W19/><G19/><T25/><D25/><U115/><E115/><V78/><F78/><W74/><G74/><T7/><D7/><U34/><E34/><V45/><AGARI ba="0,0" hai="0,3,14,16,22,40,45,51,61,62,63,85,90,95" machi="45" ten="30,2000,0" yaku="0,1,54,1" doraHai="121" who="2" fromWho="2" sc="297,-5,238,-10,239,20,226,-5" /><INIT seed="6,0,0,0,3,59" ten="292,228,259,221" oya="2" hai0="2,57,37,70,15,123,101,10,92,91,99,56,82" hai1="3,110,128,6,103,52,0,19,41,135,29,35,40" hai2="87,129,75,24,72,77,13,66,31,104,117,34,111" hai3="78,65,63,64,7,69,30,116,88,126,5,76,93"/><V55/><F117/><W130/><G130/><T23/><D70/><U68/><E110/><V114/><F104/><W125/><G116/><T106/><D37/><U43/><E68/><V105/><F105/><W81/><G30/><T113/><D123/><U18/><E128/><V60/><F129/><W50/><G50/><T90/><D2/><U16/><E135/><V84/><F114/><W120/><G120/><T131/><D131/><U42/><N who="1" m="10240" /><DORA hai="102" /><U28/><E103/><V86/><F77/><W27/><G27/><T4/><D113/><U54/><E35/><V11/><F55/><N who="1" m="21033" /><E6/><N who="3" m="2058" /><G65/><T121/><D121/><U97/><E97/><V119/><F119/><W8/><G8/><T96/><D23/><U47/><E47/><V67/><F67/><W80/><G78/><T127/><D127/><N who="3" m="48649" /><G76/><T48/><D48/><U53/><N who="1" m="21041" /><U95/><DORA hai="32" /><E95/><V133/><F133/><W46/><G46/><T39/><D39/><U74/><E74/><V9/><F9/><W109/><G109/><T17/><D4/><U33/><E33/><V12/><F111/><W22/><G22/><T36/><D36/><U1/><AGARI ba="0,0" hai="0,1,3,16,18,19,28,29" m="21041,10240" machi="1" ten="60,16000,3" yaku="29,2,28,2,52,3,54,2" doraHai="59,102,32" who="1" fromWho="1" sc="292,-40,228,160,259,-80,221,-40" owari="252,5.2,388,48.8,179,-32.1,181,-21.9" /></mjloggm>