<mjloggm ver="2.3"><GO type="225" lobby="0"/><UN n0="%E9%80%9F%E6%B0%B4%E5%87%9B%E9%A6%99" n1="%74%61%6B%75%61%6B%61" n2="%E3%81%A9%E3%82%8F%E3%82%93%E3%81%94" n3="%E2%98%86%E5%AD%AB%E7%87%95%E5%A7%BF%E2%98%86" dan="17,17,16,17" rate="2160.17,2208.52,2138.27,2230.61" sx="F,M,M,M"/><TAIKYOKU oya="0"/><INIT seed="0,0,0,5,0,38" ten="250,250,250,250" oya="0" hai0="56,1,120,34,46,31,3,73,111,74,68,64,0" hai1="123,32,119,53,100,82,116,20,110,14,37,51,25" hai2="98,39,24,131,121,52,117,79,9,135,48,109,49" hai3="15,11,90,65,99,80,71,95,6,67,108,128,10"/><T26/><D120/><U76/><E37/><V5/><F121/><W45/><G108/><T30/><D111/><U7/><E123/><V102/><F39/><W28/><G128/><T8/><D56/><U50/><E110/><V83/><F109/><W4/><G71/><T21/><D46/><U66/><E66/><V97/><F135/><W91/><G28/><T125/><D125/><U59/><E100/><V118/><F24/><W60/><G60/><N who="0" m="39943" /><D21/><U81/><E32/><V114/><F114/><W134/><G134/><T130/><D30/><U85/><E81/><V87/><F49/><W84/><REACH who="3" step="1"/><G45/><REACH who="3" ten="250,250,250,240" step="2"/><T115/><D130/><U23/><E116/><N who="2" m="44651" /><F131/><W105/><G105/><T96/><D115/><U22/><E119/><V58/><F102/><W17/><G17/><T133/><D133/><U127/><E127/><V35/><F35/><W40/><G40/><T106/><D106/><U72/><E25/><V19/><F19/><W122/><G122/><T93/><D26/><U27/><E27/><V13/><AGARI ba="0,1" hai="5,9,13,48,52,58,79,83,87,97,98" m="44651" machi="13" ten="30,2000,0" yaku="12,1,54,1" doraHai="38" who="2" fromWho="2" sc="250,-10,250,-5,250,30,240,-5" /><INIT seed="1,0,0,4,4,75" ten="240,245,280,235" oya="1" hai0="17,4,134,103,73,91,45,100,11,24,92,127,116" hai1="41,96,79,67,76,47,83,1,12,16,111,135,113" hai2="20,74,66,93,112,46,64,53,86,28,10,109,15" hai3="129,32,104,132,78,65,133,125,43,49,106,115,77"/><U2/><E113/><V6/><F109/><W3/><G3/><T9/><D73/><U19/><E111/><V57/><F74/><W13/><G32/><T26/><D116/><U40/><E135/><N who="3" m="51786" /><G115/><T130/><D134/><U87/><E67/><V131/><F46/><N who="3" m="25823" /><G129/><T89/><D130/><U51/><E40/><V108/><F108/><W110/><G110/><T126/><D45/><U25/><E96/><V31/><F131/><W59/><G13/><T37/><D37/><U122/><E122/><V39/><F39/><W102/><G125/><T42/><D42/><U36/><E36/><V21/><F112/><W120/><G120/><T5/><D92/><U97/><E97/><V82/><F93/><W61/><G102/><T114/><D114/><U105/><E105/><AGARI ba="0,0" hai="59,61,65,77,78,104,105,106" m="25823,51786" machi="105" ten="30,3900,0" yaku="20,1,52,2" doraHai="75" who="3" fromWho="1" sc="240,0,245,-39,280,0,235,39" /><INIT seed="2,0,0,0,5,108" ten="240,206,280,274" oya="2" hai0="128,100,84,69,96,119,4,127,74,32,29,17,77" hai1="101,43,11,37,72,33,86,36,48,28,10,54,26" hai2="97,58,75,93,53,15,73,5,134,61,2,123,114" hai3="82,41,132,30,118,22,126,116,51,47,117,125,99"/><V3/><F123/><W65/><G132/><T67/><D119/><U44/><E72/><V25/><F134/><W27/><G65/><T92/><D128/><U88/><E101/><V90/><F114/><W87/><REACH who="3" step="1"/><G99/><REACH who="3" ten="240,206,280,264" step="2"/><T46/><D67/><U42/><E36/><V31/><F97/><W122/><G122/><T19/><D96/><U80/><REACH who="1" step="1"/><E42/><REACH who="1" ten="240,196,280,264" step="2"/><V13/><F75/><W85/><G85/><T57/><D74/><U79/><E79/><AGARI ba="0,2" hai="22,27,30,41,47,51,79,82,87,116,117,118,125,126" machi="79" ten="40,1300,0" yaku="1,1,53,0" doraHai="108" doraHaiUra="111" who="3" fromWho="1" sc="240,0,196,-13,280,0,264,33" /><INIT seed="3,0,0,0,1,87" ten="240,183,280,297" oya="3" hai0="46,28,99,132,96,116,48,85,22,98,54,32,11" hai1="18,107,3,134,128,115,25,42,19,74,13,121,55" hai2="49,62,8,27,118,119,23,50,133,95,89,78,112" hai3="106,100,44,52,15,16,21,131,58,43,77,88,26"/><W125/><G131/><T56/><D32/><U130/><E121/><V30/><F112/><W63/><G125/><T36/><D116/><U33/><E3/><V67/><F133/><W91/><G77/><T80/><D132/><U34/><E74/><V37/><F37/><W84/><G100/><T65/><D11/><U10/><E107/><V93/><F78/><W103/><G103/><T73/><D73/><U97/><E115/><V120/><F120/><W31/><G84/><T114/><D114/><U24/><E134/><V64/><F95/><W57/><G57/><T0/><D0/><U109/><E42/><V126/><F126/><W81/><G81/><T70/><D70/><U75/><E75/><V83/><F83/><W20/><G106/><T94/><D94/><U76/><E76/><V59/><F67/><W129/><G129/><N who="1" m="49770" /><E109/><V6/><F119/><W45/><G45/><T72/><D72/><U53/><E97/><N who="2" m="57519" /><F118/><W5/><G5/><T1/><D1/><U108/><E108/><V66/><F64/><W17/><G31/><T35/><D36/><AGARI ba="0,0" hai="15,16,17,20,21,26,36,43,44,52,58,63,88,91" machi="36" ten="30,18000,2" yaku="7,1,52,2,54,3" doraHai="87" who="3" fromWho="0" sc="240,-180,183,0,280,0,297,180" owari="60,-44.0,183,-21.7,280,8.0,477,57.7" /></mjloggm>