<mjloggm ver="2.3"><GO type="225" lobby="0"/><UN n0="%E3%83%B4%E3%83%A0%EF%BC%99%E3%81%A6" n1="%E5%80%89%E6%A9%8B%EF%BC%A0%E4%BA%8B%E5%8B%99" n2="%E5%A4%96%E5%B7%9D%E7%AB%9C%E6%88%90" n3="%E3%81%B7%E3%82%8A%E3%82%93%E8%81%96%E4%BA%BA" dan="17,16,16,16" rate="2181.65,2075.93,2113.09,2082.86" sx="M,M,M,M"/><TAIKYOKU oya="0"/><INIT seed="0,0,0,1,5,82" ten="250,250,250,250" oya="0" hai0="105,68,123,27,97,64,78,65,28,107,126,103,59" hai1="76,46,35,128,19,109,95,94,92,14,118,13,125" hai2="50,26,71,69,10,23,36,45,61,39,77,91,32" hai3="121,119,124,120,89,116,67,7,56,9,133,43,66"/><T48/><D123/><N who="3" m="47177" /><G43/><T55/><D126/><U85/><E118/><N who="3" m="45098" /><G89/><T49/><D68/><U4/><E109/><V42/><F32/><W25/><G124/><T21/><D105/><U90/><E128/><V122/><F77/><W72/><G72/><T98/><D98/><U75/><E35/><V110/><F110/><W100/><G100/><T81/><REACH who="0" step="1"/><D48/><REACH who="0" ten="240,250,250,250" step="2"/><U47/><E125/><V62/><F50/><W111/><G111/><T130/><D130/><U20/><E75/><AGARI ba="0,1" hai="21,27,28,49,55,59,64,65,75,78,81,97,103,107" machi="75" ten="30,2900,0" yaku="1,1,7,1,53,0" doraHai="82" doraHaiUra="2" who="0" fromWho="1" sc="240,39,250,-29,250,0,250,0" /><INIT seed="0,1,0,0,0,6" ten="279,221,250,250" oya="0" hai0="34,17,71,63,1,28,13,90,53,46,16,108,119" hai1="82,117,12,14,135,97,42,66,88,54,78,2,57" hai2="22,74,107,38,58,105,33,18,7,99,31,50,87" hai3="65,133,111,29,32,113,109,48,124,128,121,127,118"/><T101/><D119/><U129/><E135/><V41/><F74/><W131/><G65/><T43/><D1/><U79/><E129/><N who="3" m="49738" /><G48/><T25/><D108/><N who="3" m="41545" /><G29/><T51/><D101/><U106/><E117/><V85/><F7/><W24/><G118/><T4/><D4/><U36/><E2/><V81/><F38/><W8/><G24/><T120/><D120/><U92/><E106/><V59/><F107/><W23/><G23/><T19/><D90/><U91/><E66/><V15/><F105/><W44/><G44/><T110/><D110/><U30/><E30/><V20/><F99/><W72/><G32/><T70/><REACH who="0" step="1"/><D13/><REACH who="0" ten="269,221,250,250" step="2"/><U62/><E12/><V56/><F15/><W100/><G100/><T95/><D95/><U93/><E14/><V114/><F114/><W112/><G8/><T10/><D10/><U96/><REACH who="1" step="1"/><E82/><REACH who="1" ten="269,211,250,250" step="2"/><V104/><F81/><W40/><G133/><T3/><D3/><U84/><E84/><V102/><F87/><W27/><G27/><T126/><D126/><N who="3" m="48169" /><G72/><T47/><D47/><AGARI ba="1,2" hai="36,42,47,54,57,62,78,79,88,91,92,93,96,97" machi="47" ten="40,5200,0" yaku="1,1,9,1,54,1,53,0" doraHai="6" doraHaiUra="21" who="1" fromWho="0" sc="269,-55,211,75,250,0,250,0" /><INIT seed="1,0,0,2,0,29" ten="214,286,250,250" oya="1" hai0="28,21,34,96,22,43,102,48,16,10,5,58,77" hai1="3,128,81,114,117,27,2,69,51,56,76,109,67" hai2="89,36,4,90,60,44,68,49,78,46,95,37,19" hai3="47,55,71,62,91,14,33,45,75,18,17,124,87"/><U107/><E114/><V54/><F78/><W103/><G75/><T26/><D77/><U35/><E117/><V42/><F4/><W92/><G124/><T130/><D130/><U20/><E128/><V85/><F19/><W104/><G104/><T129/><D129/><U111/><E107/><V31/><F31/><W52/><G103/><T101/><D21/><U23/><E69/><V86/><F68/><W80/><G33/><T13/><D96/><U97/><E97/><V82/><REACH who="2" step="1"/><F60/><REACH who="2" ten="214,286,240,250" step="2"/><W15/><G71/><T1/><D58/><U98/><E2/><V119/><F119/><W41/><G62/><T65/><D65/><U100/><E3/><V122/><F122/><W39/><G47/><AGARI ba="0,1" hai="1,5,10,13,16,22,26,28,34,43,47,48,101,102" machi="47" ten="40,8000,1" yaku="24,2,52,1,54,1" doraHai="29" who="0" fromWho="3" sc="214,90,286,0,240,0,250,-80" /><INIT seed="2,0,0,5,3,88" ten="304,286,240,170" oya="2" hai0="128,64,27,123,92,20,119,61,39,52,10,38,105" hai1="34,97,66,32,113,22,51,80,68,132,75,93,76" hai2="99,25,49,29,45,69,115,120,112,86,127,11,44" hai3="124,24,78,48,126,54,60,8,58,43,1,56,71"/><V30/><F120/><W83/><G71/><T5/><D123/><U35/><E113/><V37/><F69/><W2/><G43/><T13/><D105/><U116/><E132/><V110/><F127/><W70/><G70/><T133/><D133/><U36/><E36/><V6/><F86/><W17/><G124/><T12/><D12/><U47/><E116/><V111/><F99/><W3/><G126/><T85/><D119/><U23/><E66/><V134/><F134/><W107/><G107/><T102/><D128/><U42/><REACH who="1" step="1"/><E68/><REACH who="1" ten="304,276,240,170" step="2"/><V95/><F115/><W104/><G104/><T67/><D38/><U62/><E62/><V18/><F112/><W125/><G125/><T73/><D39/><U117/><E117/><V55/><F37/><W14/><G24/><T15/><D27/><U81/><E81/><V40/><F49/><W100/><G100/><AGARI ba="0,1" hai="22,23,32,34,35,42,47,51,75,76,80,93,97,100" machi="100" ten="40,2600,0" yaku="1,1,52,1,53,0" doraHai="88" doraHaiUra="63" who="1" fromWho="3" sc="304,0,276,36,240,0,170,-26" /><INIT seed="3,0,0,0,2,74" ten="304,312,240,144" oya="3" hai0="32,113,80,75,123,60,48,13,94,45,100,130,69" hai1="63,104,105,3,81,122,85,65,106,129,127,83,22" hai2="30,96,102,93,109,14,11,67,49,88,128,62,79" hai3="52,95,43,4,41,58,15,51,134,8,42,38,24"/><W39/><G134/><T78/><D123/><U133/><E122/><V26/><F109/><W12/><G24/><T115/><D32/><U9/><E133/><V76/><F128/><W27/><G27/><T44/><D130/><U53/><E129/><V84/><F49/><W28/><G28/><T2/><D2/><U82/><E127/><V64/><F62/><W90/><REACH who="3" step="1"/><G15/><REACH who="3" ten="304,312,240,134" step="2"/><T25/><D13/><U29/><E29/><V124/><F64/><W59/><G59/><T7/><D25/><U50/><E65/><V121/><F67/><W18/><G18/><T117/><D117/><U87/><E3/><V110/><F121/><W89/><G89/><T114/><D114/><U57/><E57/><V37/><F110/><W107/><G107/><T20/><D113/><U72/><E106/><V119/><F119/><W92/><G92/><T6/><D94/><U61/><E105/><V118/><F118/><W91/><G91/><T125/><D115/><U135/><E104/><V131/><F131/><W68/><G68/><T54/><D69/><U98/><E135/><V1/><F1/><W120/><G120/><T111/><D111/><U71/><E71/><V103/><F26/><W116/><G116/><T108/><D108/><U31/><E31/><V35/><F30/><W132/><G132/><T19/><D19/><U36/><E98/><AGARI ba="0,1" hai="4,8,12,38,39,41,42,43,51,52,58,90,95,98" machi="98" ten="40,3900,0" yaku="1,1,54,1,53,0" doraHai="74" doraHaiUra="101" who="3" fromWho="1" sc="304,0,312,-39,240,0,134,49" /><INIT seed="3,1,0,0,2,71" ten="304,273,240,183" oya="3" hai0="126,20,134,86,11,127,112,107,45,135,91,14,89" hai1="15,38,26,30,37,2,100,31,93,60,57,123,129" hai2="19,75,65,41,98,33,79,121,116,109,43,29,50" hai3="4,111,39,40,72,97,59,0,113,104,51,22,102"/><W53/><G72/><T83/><D112/><U28/><E123/><V101/><F121/><W130/><G113/><T46/><D107/><U52/><E2/><V66/><F29/><W117/><G117/><T17/><D89/><U27/><E129/><V85/><F33/><W36/><G40/><T18/><D45/><U131/><E131/><V78/><F75/><W73/><G130/><T47/><D47/><U128/><E128/><V44/><F109/><W81/><G111/><T56/><D56/><U5/><E38/><V61/><F116/><W132/><G132/><N who="0" m="50731" /><D46/><U1/><E37/><V87/><F43/><W120/><G120/><T94/><D94/><U58/><E58/><N who="2" m="37047" /><F66/><W77/><REACH who="3" step="1"/><G22/><REACH who="3" ten="304,273,240,173" step="2"/><T84/><D20/><U7/><E1/><V8/><F41/><W3/><G3/><T105/><D126/><U16/><E5/><V122/><F122/><W96/><G96/><T24/><D127/><U90/><E7/><V133/><F98/><W70/><G70/><T74/><D74/><U63/><E63/><V124/><F133/><W25/><G25/><T34/><D34/><U92/><E26/><V119/><F124/><W99/><G99/><T110/><D110/><U42/><E27/><V13/><F119/><W35/><G35/><T12/><D24/><U55/><E42/><N who="2" m="24855" /><F85/><W23/><G23/><N who="0" m="11687" /><D84/><N who="1" m="52295" /><E55/><V88/><F101/><W10/><AGARI ba="1,1" hai="0,4,10,36,39,51,53,59,73,77,81,97,102,104" machi="10" ten="30,12000,1" yaku="1,1,0,1,52,2,53,1" doraHai="71" doraHaiUra="95" who="3" fromWho="3" sc="304,-41,273,-41,240,-41,173,133" owari="263,6.3,232,-16.8,199,-30.1,306,40.6" /></mjloggm>