<mjloggm ver="2.3"><GO type="225" lobby="0"/><UN n0="%E3%83%97%E3%83%92" n1="%48%61%61%61%6C%61%6E%64" n2="%E3%81%82%E3%81%B9%E3%81%99%E3%81%91" n3="%E3%81%B5%E3%81%98%E3%81%8B%E3%81%A4" dan="17,18,16,16" rate="2201.72,2230.90,2076.49,2113.84" sx="M,M,M,M"/><TAIKYOKU oya="0"/><INIT seed="0,0,0,4,5,74" ten="250,250,250,250" oya="0" hai0="2,9,118,108,65,77,113,52,91,23,63,39,109" hai1="110,46,134,53,86,60,96,94,28,54,116,49,7" hai2="90,119,48,87,21,128,102,26,98,112,123,88,70" hai3="100,3,106,44,59,73,82,104,24,45,99,42,58"/><T22/><D113/><U16/><E116/><V131/><F123/><W15/><G104/><T117/><D39/><U132/><E110/><N who="0" m="42601" /><D91/><U31/><E7/><V32/><F112/><W93/><G3/><T10/><D52/><N who="1" m="29751" /><E134/><V125/><F32/><W61/><G106/><T124/><D124/><U19/><E132/><V95/><F119/><N who="0" m="45578" /><D77/><U72/><E53/><V5/><F125/><W33/><G33/><T78/><D78/><U97/><E54/><V76/><F76/><W83/><G73/><T114/><D114/><U50/><E50/><V121/><F90/><W38/><G45/><T71/><D2/><U51/><E51/><V111/><F48/><W75/><G75/><T133/><D133/><U41/><E41/><V36/><F111/><W29/><G59/><T37/><D37/><U0/><E0/><V85/><F36/><W8/><G58/><T18/><D23/><U92/><E72/><V89/><F21/><W135/><G61/><T12/><AGARI ba="0,0" hai="9,10,12,18,22,63,65,71" m="45578,42601" machi="12" ten="30,3000,0" yaku="14,1,10,1" doraHai="74" who="0" fromWho="0" sc="250,30,250,-10,250,-10,250,-10" /><INIT seed="0,1,0,2,2,63" ten="280,240,240,240" oya="0" hai0="95,21,26,135,120,58,83,116,66,1,4,93,11" hai1="112,82,71,7,94,89,29,9,115,54,52,69,27" hai2="126,46,129,91,44,19,117,10,8,59,31,25,121" hai3="107,99,23,92,114,45,119,43,14,111,41,132,18"/><T65/><D116/><U127/><E127/><V81/><F121/><W33/><G119/><T105/><D120/><U113/><E82/><V24/><F126/><W0/><G114/><T42/><D105/><U35/><E69/><V100/><F129/><W133/><G107/><T30/><D135/><N who="3" m="51785" /><G111/><T51/><D83/><U2/><REACH who="1" step="1"/><E71/><REACH who="1" ten="280,230,240,240" step="2"/><V50/><F81/><W36/><G0/><T20/><D20/><U53/><E53/><V6/><F117/><W123/><G41/><T131/><D131/><U13/><E13/><V12/><F12/><W96/><G123/><T80/><D80/><U39/><E39/><V74/><F74/><W84/><G33/><T55/><REACH who="0" step="1"/><D42/><REACH who="0" ten="270,230,240,240" step="2"/><U130/><E130/><V101/><F25/><W118/><G118/><T97/><D97/><AGARI ba="1,2" hai="2,7,9,27,29,35,52,54,89,94,97,112,113,115" machi="97" ten="40,5200,0" yaku="1,1,11,1,54,1,53,0" doraHai="63" doraHaiUra="40" who="1" fromWho="0" sc="270,-55,230,75,240,0,240,0" /><INIT seed="1,0,0,2,5,59" ten="215,305,240,240" oya="1" hai0="97,39,19,76,53,133,80,128,52,84,60,43,38" hai1="108,58,132,49,31,72,40,30,6,124,54,117,75" hai2="8,65,57,83,21,110,112,104,32,122,13,127,118" hai3="42,15,67,103,102,94,7,89,81,93,5,70,62"/><U120/><E117/><V1/><F104/><W56/><G42/><T126/><D133/><U22/><E120/><V20/><F118/><W90/><G70/><T63/><D128/><U79/><E132/><V87/><F122/><W3/><G3/><T12/><D126/><U86/><E124/><V27/><F1/><W48/><G48/><T130/><D130/><U9/><E108/><V44/><F110/><W11/><G81/><T37/><D97/><U99/><E99/><V10/><F44/><W34/><G34/><T68/><D43/><U0/><E40/><V125/><F112/><W113/><G5/><T50/><D68/><U98/><E98/><V18/><F32/><W91/><REACH who="3" step="1"/><G113/><REACH who="3" ten="215,305,240,230" step="2"/><T111/><D111/><U96/><E49/><V73/><F127/><W121/><G121/><T28/><D28/><U105/><E6/><V82/><F82/><W74/><G74/><T115/><D115/><U69/><E75/><V61/><F73/><W114/><G114/><T25/><D25/><U24/><E24/><V46/><F125/><W64/><G64/><T71/><D71/><U47/><E69/><V66/><F66/><W116/><G116/><T35/><D35/><U23/><E72/><V16/><REACH who="2" step="1"/><F46/><REACH who="2" ten="215,305,230,230" step="2"/><W85/><G85/><T123/><D123/><U109/><E47/><V4/><F4/><W95/><AGARI ba="0,2" hai="7,11,15,56,62,67,89,90,91,93,94,95,102,103" machi="95" ten="30,7900,0" yaku="1,1,0,1,8,1,52,1,53,0" doraHai="59" doraHaiUra="129" who="3" fromWho="3" sc="215,-20,305,-39,230,-20,230,99" /><INIT seed="2,0,0,2,5,49" ten="195,266,210,329" oya="2" hai0="116,2,84,131,63,40,6,123,10,111,14,119,106" hai1="62,130,90,39,35,45,127,104,80,12,95,114,26" hai2="23,27,64,11,36,82,37,4,8,115,77,125,68" hai3="129,13,44,124,102,135,34,128,74,20,92,81,56"/><V110/><F115/><W99/><G34/><T70/><D106/><U58/><E114/><V17/><F125/><W108/><G124/><T5/><D123/><U75/><E104/><V78/><F110/><W61/><G108/><T134/><D111/><U1/><E1/><V118/><F118/><N who="0" m="45098" /><D134/><U87/><E127/><V98/><F11/><W91/><G135/><T109/><D109/><U54/><E130/><N who="3" m="50282" /><G44/><T48/><D131/><U94/><E75/><V52/><F98/><W30/><G74/><T42/><D84/><U121/><E121/><V117/><F117/><W126/><G126/><T21/><D6/><U93/><E12/><V76/><F82/><W88/><G81/><T19/><D48/><U22/><E35/><V32/><F32/><W38/><G38/><T15/><D2/><U71/><E71/><V47/><F68/><W112/><G112/><T122/><D122/><U28/><E39/><V41/><F37/><W60/><G60/><T89/><D89/><N who="1" m="51431" /><E45/><V113/><F113/><W16/><G30/><T120/><D120/><U55/><E90/><V51/><F36/><W105/><G105/><T83/><D83/><U53/><AGARI ba="0,0" hai="22,26,28,53,54,55,58,62,93,94,95" m="51431" machi="53" ten="30,7900,0" yaku="8,1,52,3" doraHai="49" who="1" fromWho="1" sc="195,-20,266,79,210,-39,329,-20" /><INIT seed="3,0,0,3,3,15" ten="175,345,171,309" oya="3" hai0="21,24,73,50,45,36,41,102,29,71,33,77,83" hai1="80,57,0,94,6,87,76,124,31,58,123,23,129" hai2="2,1,43,135,8,66,49,79,22,74,63,96,68" hai3="106,20,116,64,90,103,108,39,93,25,88,67,14"/><W121/><G116/><T78/><D71/><U110/><E123/><V104/><F135/><W30/><G39/><T75/><D102/><U27/><E110/><V133/><F133/><W91/><G121/><T10/><D10/><U72/><E124/><V9/><F22/><W37/><G37/><T117/><D117/><U18/><E129/><V34/><F34/><W48/><G106/><T46/><D33/><U107/><E107/><V44/><F9/><W11/><G108/><T101/><D101/><U132/><E6/><V115/><F115/><W122/><G122/><T17/><D29/><U125/><E0/><V19/><F104/><W109/><G109/><T38/><D45/><U3/><E3/><V62/><F62/><W126/><G126/><T4/><D4/><U111/><E125/><V85/><F96/><N who="3" m="59791" /><G48/><T5/><D5/><AGARI ba="0,0" hai="5,11,14,20,25,30,64,67,88,90,91" m="59791" machi="5" ten="30,2900,0" yaku="8,1,54,1" doraHai="15" who="3" fromWho="0" sc="175,-29,345,0,171,0,309,29" /><INIT seed="3,1,0,3,1,103" ten="146,345,171,338" oya="3" hai0="95,90,63,49,32,65,82,47,92,16,89,20,33" hai1="91,73,9,78,60,36,41,111,105,71,0,93,39" hai2="12,98,133,72,22,101,68,120,48,131,37,57,94" hai3="21,85,55,97,62,76,6,45,59,84,109,116,115"/><W86/><G116/><T31/><D31/><U11/><E105/><V1/><F1/><W14/><G115/><T117/><D117/><U88/><E111/><V81/><F37/><W135/><G135/><T38/><D38/><U108/><E108/><V51/><F68/><W80/><G109/><T127/><D127/><U54/><E39/><V7/><F131/><W104/><G104/><T46/><D33/><U30/><E30/><V35/><F35/><W27/><G97/><T56/><D32/><U106/><E106/><V110/><F133/><W112/><G112/><T100/><D82/><N who="1" m="45391" /><E11/><N who="2" m="4223" /><F120/><W126/><G126/><T64/><D64/><N who="1" m="41351" /><E54/><V121/><F121/><W125/><G125/><T13/><D100/><U17/><E17/><V24/><F57/><W29/><G45/><T107/><D107/><U99/><E93/><N who="0" m="35913" /><D47/><N who="1" m="23975" /><E99/><V58/><F110/><W102/><G102/><T96/><D96/><U119/><E119/><V124/><F124/><W26/><G26/><T123/><D123/><U128/><E128/><V53/><F72/><W134/><G134/><T50/><D50/><U3/><E3/><V66/><F81/><W42/><G42/><T74/><D74/><U44/><E44/><V2/><F2/><W67/><G55/><T83/><D83/><U132/><E132/><V61/><F51/><W79/><G80/><T40/><AGARI ba="1,0" hai="13,16,20,40,46,49,56,63,65,89,90" m="35913" machi="40" ten="30,2000,0" yaku="8,1,54,1" doraHai="103" who="0" fromWho="0" sc="146,23,345,-6,171,-6,338,-11" owari="169,-23.1,339,43.9,165,-33.5,327,12.7" /></mjloggm>