<mjloggm ver="2.3"><GO type="225" lobby="0"/><UN n0="%79%6B%66%35%35%33%38%39" n1="%E3%80%90%E8%92%BC%E7%90%89%E3%80%91" n2="%E6%A1%9C%E8%8A%B1%E9%96%83%E3%80%85" n3="%6D%75%75%6D%75%72%61" dan="16,16,17,16" rate="2130.34,2151.93,2107.71,2144.19" sx="M,F,M,F"/><TAIKYOKU oya="0"/><INIT seed="0,0,0,5,4,81" ten="250,250,250,250" oya="0" hai0="68,116,79,35,16,100,99,88,125,39,48,95,30" hai1="82,8,97,59,19,54,118,75,114,24,102,130,23" hai2="51,122,9,31,58,119,18,25,92,104,5,127,85" hai3="28,6,38,60,57,50,44,101,36,52,53,47,132"/><T133/><D39/><N who="3" m="14889" /><G28/><T115/><D115/><U65/><E118/><V10/><F122/><W70/><G6/><T117/><D68/><U64/><E130/><V93/><F127/><W89/><G89/><T21/><D125/><U67/><E114/><V108/><F108/><W40/><G101/><T109/><D109/><U1/><E1/><V49/><F104/><W129/><G129/><T63/><D133/><U34/><E34/><V4/><F18/><W69/><G132/><T74/><D63/><U32/><E32/><V128/><F58/><W76/><G76/><T83/><D48/><AGARI ba="0,0" hai="40,44,47,48,50,52,53,57,60,69,70" m="14889" machi="48" ten="30,12000,2" yaku="35,5,54,1" doraHai="81" who="3" fromWho="0" sc="250,-120,250,0,250,0,250,120" /><INIT seed="1,0,0,5,0,15" ten="130,250,250,370" oya="1" hai0="51,131,69,83,114,77,116,19,60,6,2,92,59" hai1="37,1,117,128,24,102,91,62,84,43,44,95,66" hai2="63,75,10,112,57,42,111,14,3,127,49,36,21" hai3="130,110,108,17,73,80,113,45,98,99,0,79,29"/><U109/><E1/><V8/><F111/><N who="3" m="42539" /><G113/><T58/><D116/><U35/><E117/><V76/><F49/><W124/><G0/><T134/><D114/><U18/><E109/><V56/><F56/><W53/><G124/><T12/><D134/><U9/><E128/><V106/><F21/><W133/><G133/><T46/><D69/><U33/><E102/><V50/><F10/><W132/><G132/><T104/><D104/><U107/><E107/><V89/><F89/><W39/><G130/><T81/><D131/><U121/><E121/><V125/><F50/><N who="3" m="28879" /><G39/><T120/><D120/><U23/><REACH who="1" step="1"/><E9/><REACH who="1" ten="130,240,250,370" step="2"/><V87/><F8/><W54/><G99/><T55/><D2/><U90/><E90/><V48/><F3/><W93/><G98/><T118/><D118/><U135/><E135/><V78/><F125/><W34/><G79/><T61/><D77/><U4/><E4/><V115/><F106/><W119/><G119/><T96/><D6/><U65/><E65/><V74/><F127/><W7/><G7/><T129/><D129/><U72/><E72/><V25/><F75/><W22/><G73/><T32/><D32/><U123/><E123/><V100/><F74/><W20/><G34/><T26/><D61/><U85/><E85/><V5/><F76/><W103/><G103/><N who="0" m="60807" /><D60/><U70/><AGARI ba="0,1" hai="18,23,24,33,35,37,43,44,62,66,70,84,91,95" machi="70" ten="20,7800,0" yaku="1,1,0,1,7,1,52,1,53,0" doraHai="15" doraHaiUra="47" who="1" fromWho="1" sc="130,-26,240,88,250,-26,370,-26" /><INIT seed="1,1,0,4,4,56" ten="104,328,224,344" oya="1" hai0="11,82,135,79,107,0,64,8,70,110,40,41,83" hai1="1,116,127,133,60,37,130,20,95,80,35,131,53" hai2="86,46,34,117,3,121,109,9,98,68,23,21,88" hai3="27,16,102,126,91,74,105,47,129,30,17,44,120"/><U59/><E35/><V104/><F117/><W65/><G120/><T10/><D135/><U62/><E116/><V125/><F109/><W51/><G74/><T118/><D118/><U134/><E1/><V29/><F125/><W33/><G126/><T84/><D110/><U77/><E127/><V100/><F46/><W2/><G129/><N who="1" m="49162" /><E37/><V75/><F75/><W45/><G2/><T67/><D0/><U4/><E4/><V101/><F101/><W25/><G51/><T99/><D83/><U7/><E7/><V55/><F55/><W90/><G65/><T32/><D32/><U43/><E43/><V36/><F36/><W50/><G50/><T97/><D67/><U49/><E95/><V54/><F34/><W115/><G115/><T69/><D69/><U132/><E20/><V48/><F68/><W76/><G76/><T6/><D6/><U66/><E66/><V71/><F71/><W12/><G25/><T73/><D73/><AGARI ba="1,0" hai="49,53,59,60,62,73,77,80,132,133,134" m="49162" machi="73" ten="40,12000,1" yaku="20,1,19,1,52,2" doraHai="56" who="1" fromWho="0" sc="104,-123,328,123,224,0,344,0" owari="-19,-51.9,451,55.1,224,-17.6,344,14.4" /></mjloggm>