<mjloggm ver="2.3"><GO type="225" lobby="0"/><UN n0="%4E%49%4A%49%49%52%4F" n1="%72%69%6F%75%63%68%61%6E" n2="%E3%83%81%E3%83%AF%E3%83%AF%E9%9A%8A%E9%95%B7" n3="%E3%81%AF%E3%82%88%E3%81%8A%E3%81%98%E3%81%95%E3%82%93" dan="17,16,16,17" rate="2253.99,2195.03,2084.86,2189.23" sx="M,M,M,M"/><TAIKYOKU oya="0"/><INIT seed="0,0,0,2,3,18" ten="250,250,250,250" oya="0" hai0="28,103,116,132,82,16,84,26,72,35,32,50,128" hai1="59,102,2,111,96,68,133,113,13,30,114,78,97" hai2="27,49,24,3,54,10,45,22,8,110,98,125,127" hai3="76,56,115,99,12,66,108,23,80,36,53,92,121"/><T79/><D116/><U87/><E111/><V100/><F110/><W117/><G108/><T46/><D132/><U40/><E68/><V130/><F130/><W119/><G115/><N who="1" m="44042" /><E2/><V52/><F54/><W89/><G36/><T101/><D128/><U131/><E131/><V93/><F27/><W1/><G1/><T17/><D35/><U74/><E74/><V134/><F134/><W57/><G121/><T105/><D72/><U60/><E40/><V122/><F122/><W41/><G41/><T44/><D44/><U39/><E39/><V51/><F51/><W94/><G92/><T37/><D37/><U95/><E133/><V42/><F42/><W123/><G123/><T48/><D48/><U135/><E135/><V63/><F63/><W109/><G109/><T11/><D105/><U0/><E0/><V73/><F73/><N who="3" m="43023" /><G66/><T88/><D79/><U81/><E30/><V91/><F100/><W62/><G57/><T83/><D83/><U112/><N who="1" m="44050" /><U29/><DORA hai="33" /><E29/><V120/><F120/><W118/><G117/><T65/><D65/><N who="1" m="39071" /><E13/><V6/><REACH who="2" step="1"/><F8/><REACH who="2" ten="250,250,240,250" step="2"/><W9/><G9/><T67/><D11/><U71/><E102/><V38/><F38/><W86/><G118/><T20/><D101/><N who="1" m="60575" /><E71/><V15/><F15/><W55/><G119/><T107/><D103/><U31/><E31/><AGARI ba="0,1" hai="3,6,10,22,24,31,45,49,52,91,93,98,125,127" machi="31" ten="40,8000,1" yaku="1,1,52,2,54,1,53,1" doraHai="18,33" doraHaiUra="69,47" who="2" fromWho="1" sc="250,0,250,-80,240,90,250,0" /><INIT seed="1,0,0,5,5,35" ten="250,170,330,250" oya="1" hai0="43,125,87,119,49,112,27,88,110,126,131,42,17" hai1="90,113,29,12,89,8,74,108,106,122,85,58,129" hai2="100,39,66,48,38,18,33,40,121,20,128,118,107" hai3="13,61,51,114,11,105,70,59,98,22,67,56,63"/><U65/><E113/><V78/><F33/><W28/><G114/><T94/><D112/><U124/><E122/><V96/><F121/><W4/><G105/><T115/><D115/><U73/><E106/><V52/><F118/><W26/><G70/><T1/><D119/><U134/><E124/><N who="0" m="47721" /><D110/><U23/><E108/><V81/><F128/><W116/><G116/><T83/><D131/><U45/><E129/><V93/><F66/><W25/><G98/><T21/><D1/><U132/><E45/><V10/><F40/><N who="0" m="15402" /><D49/><U104/><E104/><V68/><F10/><W91/><G51/><T7/><D7/><U77/><E77/><V109/><F68/><W37/><G37/><T36/><D36/><U24/><E65/><V99/><F109/><W9/><G9/><T120/><D120/><U0/><E58/><V84/><F107/><W75/><G75/><T117/><D117/><U53/><E53/><V103/><F103/><W15/><G91/><N who="1" m="34826" /><E85/><V14/><REACH who="2" step="1"/><F99/><REACH who="2" ten="250,170,320,250" step="2"/><W6/><G67/><T62/><D62/><U16/><E0/><V50/><F50/><W54/><G61/><T86/><D86/><U32/><E8/><V130/><F130/><W60/><G11/><T97/><D97/><U135/><AGARI ba="0,1" hai="12,16,23,24,29,32,73,74,132,134,135" m="34826" machi="135" ten="40,3900,0" yaku="20,1,54,1" doraHai="35" who="1" fromWho="1" sc="250,-13,170,49,320,-13,250,-13" /><INIT seed="1,1,0,5,4,0" ten="237,219,307,237" oya="1" hai0="93,57,85,122,12,78,26,80,7,19,90,46,102" hai1="36,115,92,34,89,95,116,110,69,75,10,121,108" hai2="64,65,124,79,28,125,101,133,14,8,91,51,128" hai3="20,24,22,35,72,96,33,17,83,109,63,71,54"/><U29/><E115/><V77/><F128/><W118/><G109/><N who="1" m="42090" /><E116/><V9/><F133/><W41/><G118/><T61/><D122/><U5/><E69/><V120/><F120/><W111/><G111/><T99/><D46/><U3/><E121/><V70/><F101/><W67/><G41/><T97/><D26/><N who="1" m="18743" /><E75/><V98/><F28/><W45/><G96/><T126/><D126/><U86/><E36/><V42/><F70/><W18/><G54/><T2/><D2/><U134/><E134/><V56/><F125/><W62/><G62/><T94/><D7/><U27/><E27/><V112/><F124/><W16/><G45/><T55/><D12/><U119/><E119/><V66/><F14/><W4/><G4/><T53/><REACH who="0" step="1"/><D19/><REACH who="0" ten="227,219,307,237" step="2"/><U50/><E50/><V59/><F51/><W135/><G135/><T21/><D21/><U104/><E104/><V129/><F112/><W131/><G131/><T13/><D13/><U105/><E105/><V43/><F129/><W88/><G17/><T68/><D68/><U39/><E39/><V84/><F8/><W103/><G18/><T127/><D127/><U15/><E3/><V117/><F117/><W30/><G22/><T114/><D114/><U107/><E107/><V73/><F9/><W106/><G30/><T58/><D58/><U82/><AGARI ba="1,1" hai="5,10,15,82,86,89,92,95" m="18743,42090" machi="82" ten="30,6000,0" yaku="14,1,10,1,52,1" doraHai="0" who="1" fromWho="1" sc="227,-21,219,73,307,-21,237,-21" /><INIT seed="1,2,0,5,4,80" ten="206,292,286,216" oya="1" hai0="76,69,131,39,22,89,134,27,6,90,49,31,104" hai1="46,41,78,35,5,56,115,54,15,88,106,9,117" hai2="23,60,19,99,94,123,61,81,114,30,48,50,111" hai3="107,29,34,64,33,20,1,96,121,73,3,43,108"/><U53/><E115/><V112/><F123/><W100/><G121/><T51/><D39/><U75/><E117/><V113/><F111/><W47/><G108/><T40/><D104/><U8/><E106/><V65/><F30/><W74/><G20/><T57/><D69/><U44/><E35/><N who="3" m="13322" /><G64/><T18/><D134/><U83/><E41/><V101/><F81/><W102/><G102/><T86/><D131/><U52/><E56/><N who="2" m="36999" /><F61/><W25/><G25/><AGARI ba="2,0" hai="19,23,25,48,50,94,99,101,112,113,114" m="36999" machi="25" ten="30,1000,0" yaku="11,1" doraHai="80" who="2" fromWho="3" sc="206,0,292,0,286,16,216,-16" /><INIT seed="2,0,0,5,1,64" ten="206,292,302,200" oya="2" hai0="50,48,68,107,14,134,6,102,0,77,130,34,65" hai1="89,27,45,127,115,10,106,70,5,38,61,49,100" hai2="103,32,31,97,69,132,94,125,73,52,19,109,87" hai3="93,76,104,72,124,79,55,24,51,84,90,74,25"/><V118/><F73/><W111/><G104/><T7/><D134/><U80/><E115/><V11/><F118/><W37/><G37/><T121/><D130/><U3/><E127/><V15/><F125/><W110/><G124/><T99/><D121/><U21/><E38/><V16/><F132/><W39/><G39/><T60/><D77/><N who="3" m="29769" /><G72/><T28/><D0/><U81/><E89/><V13/><F109/><N who="3" m="41483" /><G74/><T126/><D126/><U57/><E70/><V44/><F69/><W105/><G105/><T22/><D22/><U128/><E128/><V63/><F87/><W108/><N who="3" m="41491" /><W12/><DORA hai="66" /><G12/><T133/><D133/><U43/><E100/><V36/><F36/><W33/><G33/><T83/><D83/><U17/><E106/><V8/><F32/><W29/><G29/><T30/><D30/><U120/><REACH who="1" step="1"/><E120/><REACH who="1" ten="206,282,302,200" step="2"/><V53/><F103/><W35/><G35/><T9/><D6/><U67/><AGARI ba="0,1" hai="3,5,10,17,21,27,43,45,49,57,61,67,80,81" machi="67" ten="20,5200,0" yaku="1,1,2,1,0,1,7,1,53,0" doraHai="64,66" doraHaiUra="26,129" who="1" fromWho="1" sc="206,-13,282,62,302,-26,200,-13" /><INIT seed="3,0,0,0,5,60" ten="193,344,276,187" oya="3" hai0="9,48,87,96,45,23,24,15,79,102,64,119,32" hai1="40,114,47,42,78,134,2,111,18,124,21,103,0" hai2="131,70,59,122,101,75,92,71,112,4,72,61,83" hai3="110,74,118,27,88,44,116,16,126,29,132,22,58"/><W82/><G74/><T54/><D119/><U63/><E111/><V7/><F112/><W76/><G110/><T135/><D32/><U35/><E114/><V117/><F117/><W52/><G118/><T50/><D135/><U41/><E35/><V13/><F131/><W33/><G116/><T55/><D64/><U80/><E134/><V121/><F71/><W81/><G132/><T34/><D34/><U20/><E124/><V36/><F36/><W56/><G126/><T65/><D65/><U133/><E133/><V125/><F70/><W57/><G76/><T51/><D55/><U85/><E103/><V99/><F125/><W130/><G130/><T38/><D38/><U37/><E20/><V1/><F1/><W49/><REACH who="3" step="1"/><G88/><REACH who="3" ten="193,344,276,177" step="2"/><T43/><D43/><U77/><E78/><V98/><F75/><W97/><G97/><T109/><D109/><U123/><E41/><V66/><F72/><W53/><G53/><T100/><D79/><U69/><E40/><V84/><F99/><W95/><G95/><N who="0" m="58399" /><D102/><U105/><E105/><V106/><F106/><W68/><G68/><T28/><D87/><U12/><E123/><V8/><REACH who="2" step="1"/><F4/><AGARI ba="0,1" hai="4,9,15,23,24,28,45,48,50,51,54" m="58399" machi="4" ten="30,1000,0" yaku="8,1" doraHai="60" who="0" fromWho="2" sc="193,20,344,0,276,-10,177,0" owari="213,-18.7,344,44.4,266,6.6,177,-32.3" /></mjloggm>