<mjloggm ver="2.3"><GO type="225" lobby="0"/><UN n0="%72%69%6F%75%63%68%61%6E" n1="%6D%75%75%6D%75%72%61" n2="%E7%AD%89%E3%80%85%E5%8A%9B%E5%8A%87%E5%A0%B4" n3="%E3%81%82%E3%81%84%E3%81%82%E3%81%8A%E3%81%84" dan="16,16,16,18" rate="2205.92,2116.15,2047.83,2211.30" sx="M,F,M,M"/><TAIKYOKU oya="0"/><INIT seed="0,0,0,0,2,49" ten="250,250,250,250" oya="0" hai0="73,43,60,104,53,91,50,58,97,110,72,51,45" hai1="21,16,114,17,87,109,15,7,92,32,99,61,25" hai2="39,33,22,93,127,129,3,68,77,133,30,106,123" hai3="59,113,82,46,111,89,1,40,11,79,26,20,56"/><T2/><D2/><U74/><E109/><V24/><RYUUKYOKU type="yao9" ba="0,0" sc="250,0,250,0,250,0,250,0" hai2="3,22,24,30,33,39,68,77,93,106,123,127,129,133" /><INIT seed="0,1,0,2,0,39" ten="250,250,250,250" oya="0" hai0="133,35,131,27,93,88,46,90,127,43,118,89,80" hai1="73,111,126,19,59,130,66,77,116,4,108,114,132" hai2="23,30,96,86,98,69,124,0,36,13,83,122,52" hai3="94,16,119,58,3,38,78,54,113,6,109,29,100"/><T95/><D118/><U55/><E4/><V72/><F0/><W42/><G113/><T120/><D120/><U65/><E19/><V15/><F122/><W84/><G119/><T18/><D131/><U51/><E77/><V75/><F69/><W117/><G117/><T25/><D127/><U125/><E73/><V11/><F124/><N who="1" m="47721" /><E116/><V128/><F128/><W81/><G109/><N who="1" m="42058" /><E130/><V31/><F36/><W48/><G29/><T49/><D133/><U134/><E114/><V22/><F86/><W87/><G87/><N who="0" m="50279" /><D35/><U63/><E66/><V14/><F11/><W82/><G6/><T32/><D32/><U76/><E76/><V74/><F83/><W61/><G82/><T45/><D18/><U56/><AGARI ba="1,0" hai="51,55,56,59,63,65,132,134" m="42058,47721" machi="56" ten="40,8000,1" yaku="18,1,14,1,34,2" doraHai="39" who="1" fromWho="1" sc="250,-41,250,83,250,-21,250,-21" /><INIT seed="1,0,0,3,2,53" ten="209,333,229,229" oya="1" hai0="34,36,110,83,18,21,113,111,118,5,30,79,109" hai1="61,103,20,59,25,6,50,91,73,117,112,3,88" hai2="10,7,64,95,97,70,125,56,86,60,120,90,130" hai3="39,104,67,45,58,71,35,17,12,135,89,29,0"/><U9/><E112/><V8/><F120/><W28/><G0/><T74/><D113/><U62/><E117/><V23/><F130/><W84/><G104/><T82/><D118/><U43/><E73/><V107/><F125/><W57/><G135/><T69/><D69/><U54/><E103/><V44/><F44/><W42/><G71/><T96/><D36/><U126/><E126/><V32/><F32/><W77/><G77/><T78/><D5/><U66/><E43/><V124/><F124/><W94/><G67/><T119/><D119/><U33/><E33/><V41/><F41/><W31/><REACH who="3" step="1"/><G35/><REACH who="3" ten="209,333,229,219" step="2"/><T105/><D34/><U52/><E66/><V55/><F107/><W38/><G38/><T72/><D105/><U101/><E101/><V14/><F70/><W131/><G131/><T51/><D96/><U92/><E54/><V100/><F97/><W122/><G122/><T48/><REACH who="0" step="1"/><D30/><REACH who="0" ten="199,333,229,219" step="2"/><U81/><E91/><V46/><F90/><W13/><G13/><AGARI ba="0,2" hai="13,18,21,48,51,72,74,78,79,82,83,109,110,111" machi="13" ten="40,12000,2" yaku="1,1,2,1,9,1,14,1,53,2" doraHai="53" doraHaiUra="106" who="0" fromWho="3" sc="199,140,333,0,229,0,219,-120" /><INIT seed="2,0,0,0,3,74" ten="339,333,229,99" oya="2" hai0="66,111,2,88,68,132,70,15,105,75,12,120,83" hai1="102,38,52,44,36,130,117,87,99,10,39,24,3" hai2="5,40,123,103,82,32,1,46,109,16,4,107,45" hai3="86,34,112,49,98,57,113,85,108,25,6,23,119"/><V63/><F123/><W8/><G34/><T69/><D120/><U14/><E117/><V104/><F32/><W134/><G119/><T89/><D2/><U22/><E130/><V41/><F63/><W97/><G108/><T62/><D111/><U122/><E3/><V93/><F1/><W133/><G57/><T110/><D110/><U30/><E87/><N who="3" m="33290" /><G49/><T78/><D132/><N who="3" m="50793" /><G8/><T96/><D105/><U60/><E122/><V0/><F0/><W64/><G64/><T67/><D96/><N who="3" m="36969" /><G23/><T37/><D37/><U17/><E39/><V35/><F35/><W95/><G25/><T129/><D129/><U54/><E54/><V72/><F109/><W80/><G6/><T91/><REACH who="0" step="1"/><D67/><REACH who="0" ten="329,333,229,99" step="2"/><U56/><E44/><V19/><F45/><W77/><G95/><AGARI ba="0,1" hai="10,14,17,22,24,30,36,38,52,56,60,95,99,102" machi="95" ten="30,2000,0" yaku="7,1,54,1" doraHai="74" who="1" fromWho="3" sc="329,0,333,30,229,0,99,-20" /><INIT seed="3,0,0,4,4,12" ten="329,363,229,79" oya="3" hai0="23,112,125,76,84,126,81,56,52,27,90,46,63" hai1="57,111,88,61,89,121,122,77,37,49,116,64,105" hai2="31,32,109,50,78,133,20,28,55,43,38,62,101" hai3="131,34,108,102,6,17,87,86,95,110,11,47,39"/><W68/><G68/><T127/><D112/><U40/><E37/><V134/><F32/><W14/><G34/><T3/><D3/><U70/><E105/><V114/><F114/><W65/><G65/><T97/><D46/><U19/><E111/><N who="3" m="42538" /><G131/><T96/><REACH who="0" step="1"/><D76/><REACH who="0" ten="319,363,229,79" step="2"/><U1/><E77/><V117/><F78/><W48/><G39/><T94/><D94/><U15/><E1/><V119/><F109/><W42/><G6/><T33/><D33/><U35/><E35/><V132/><F38/><W2/><G2/><T82/><D82/><U26/><E121/><V135/><F134/><W18/><G18/><AGARI ba="0,1" hai="18,23,27,52,56,63,81,84,90,96,97,125,126,127" machi="18" ten="40,8000,1" yaku="1,1,18,1,52,1,54,1,53,0" doraHai="12" doraHaiUra="103" who="0" fromWho="3" sc="319,90,363,0,229,0,79,-80" owari="409,50.9,363,16.3,229,-17.1,-1,-50.1" /></mjloggm>