<mjloggm ver="2.3"><GO type="225" lobby="0"/><UN n0="%E6%98%93%E5%88%A9%E8%96%A9%E4%BC%AF" n1="%E3%81%99%E3%81%84%E3%81%BE%E3%81%9B%E3%83%BC%E3%82%93" n2="%E3%80%93%E3%81%97%E3%83%BC%E3%82%89%E3%80%93" n3="%E3%81%A4%E3%81%A3%E3%81%B1%E3%82%8A%E3%83%9D%E3%83%BC%E3%83%AB" dan="16,18,17,17" rate="2069.05,2239.87,2205.26,2215.35" sx="F,M,M,M"/><TAIKYOKU oya="0"/><INIT seed="0,0,0,0,0,89" ten="250,250,250,250" oya="0" hai0="69,61,34,106,95,52,109,126,20,46,21,45,60" hai1="120,110,75,16,57,17,4,116,26,76,132,23,119" hai2="111,112,3,91,96,30,102,87,13,135,63,73,133" hai3="53,122,11,32,8,74,40,43,79,55,50,1,127"/><T128/><D106/><U72/><E120/><V97/><F3/><W105/><G122/><T84/><D34/><U65/><E110/><V33/><F33/><W56/><G105/><T98/><D109/><U59/><E132/><N who="2" m="50763" /><F30/><W38/><G127/><T104/><D128/><U80/><E75/><V81/><F63/><W99/><G32/><T14/><D69/><U103/><E4/><V62/><F13/><W0/><G99/><N who="2" m="37961" /><F62/><W88/><G74/><T117/><D117/><U27/><E103/><V101/><F111/><W51/><G79/><T12/><D84/><U6/><E6/><V25/><F25/><W100/><G100/><N who="2" m="38505" /><F73/><W47/><G56/><N who="0" m="34823" /><D104/><U48/><E59/><V123/><F123/><W113/><G38/><T78/><D61/><U70/><E70/><V68/><F68/><W15/><G47/><T41/><D46/><U114/><E119/><V108/><F108/><W36/><G36/><T130/><D14/><U86/><E116/><V94/><F112/><W115/><G15/><T58/><D12/><U125/><E114/><V118/><F118/><W28/><G28/><T77/><D58/><U85/><E125/><V2/><F2/><W67/><G67/><T37/><D126/><U64/><E65/><V129/><F129/><W5/><G5/><T22/><D130/><U107/><E107/><V66/><F66/><W54/><G55/><T35/><D35/><U92/><E64/><V131/><F131/><W93/><G1/><T19/><D19/><U90/><E72/><V39/><F39/><W49/><G0/><T31/><D31/><N who="1" m="17887" /><E27/><V18/><F18/><RYUUKYOKU ba="0,0" sc="250,10,250,10,250,10,250,-30" hai0="20,21,22,37,41,45,77,78,95,98" hai1="16,17,48,57,76,80,85,86,90,92" hai2="81,87,91,94" /><INIT seed="0,1,0,2,4,41" ten="260,260,260,220" oya="0" hai0="33,84,61,36,62,45,65,25,32,75,74,10,88" hai1="94,26,24,27,4,56,119,8,12,103,2,90,134" hai2="37,58,50,71,39,93,55,80,132,117,49,14,40" hai3="128,92,108,101,125,109,63,104,66,7,54,21,77"/><T35/><D25/><U111/><E119/><V129/><F80/><W34/><G34/><T98/><D98/><U97/><E134/><V76/><F76/><W30/><G104/><T73/><D10/><U20/><E111/><N who="3" m="42570" /><G77/><T131/><D131/><U122/><E122/><V83/><F83/><W70/><G7/><T114/><D114/><U130/><E130/><V100/><F93/><W23/><G128/><T9/><D9/><U64/><E2/><V51/><F14/><W85/><G125/><T95/><REACH who="0" step="1"/><D65/><REACH who="0" ten="250,260,260,220" step="2"/><U86/><E64/><V82/><F129/><W68/><G66/><T107/><D107/><U47/><E27/><V133/><F133/><W102/><G30/><T126/><D126/><U29/><E26/><V124/><F132/><W44/><G21/><T120/><D120/><U118/><E29/><V42/><F124/><W19/><G101/><T91/><D91/><U60/><E20/><V17/><F100/><W48/><G102/><T87/><D87/><U0/><E24/><V72/><F72/><W112/><G112/><T99/><D99/><U38/><E86/><V5/><F117/><W59/><G85/><T18/><D18/><U31/><E118/><V15/><F17/><W105/><G105/><T110/><D110/><U22/><E103/><V53/><F5/><W96/><G19/><T81/><D81/><U67/><E31/><V106/><F82/><W78/><G23/><T52/><D52/><U16/><E22/><V121/><F106/><W116/><G116/><T79/><D79/><U113/><E16/><V89/><F121/><W57/><G78/><RYUUKYOKU ba="1,1" sc="250,30,260,-10,260,-10,220,-10" hai0="32,33,35,36,45,61,62,73,74,75,84,88,95" /><INIT seed="0,2,1,1,4,109" ten="280,250,250,210" oya="0" hai0="124,45,29,71,122,42,10,26,3,14,74,130,21" hai1="56,78,2,90,7,46,96,58,118,16,37,134,22" hai2="23,94,47,105,20,133,88,57,121,34,32,95,81" hai3="85,65,30,17,117,35,86,48,129,18,25,9,72"/><T54/><D122/><U89/><E118/><V84/><F105/><W64/><G117/><T114/><D74/><U73/><E134/><V43/><F121/><W15/><G72/><T120/><D120/><U28/><E28/><V59/><F133/><W79/><G129/><T119/><D119/><U40/><E96/><V5/><F5/><W8/><G48/><T1/><D71/><U38/><E38/><V66/><F34/><W12/><REACH who="3" step="1"/><G79/><REACH who="3" ten="280,250,250,200" step="2"/><T128/><D128/><U77/><E78/><N who="2" m="46135" /><F32/><W70/><G70/><T0/><D130/><U126/><E77/><V36/><F36/><W75/><G75/><T63/><D124/><U102/><E126/><V110/><F110/><W112/><G112/><T39/><D114/><U98/><E73/><V80/><F59/><W33/><G33/><T100/><D100/><U55/><E58/><V51/><F57/><W41/><G41/><T62/><REACH who="0" step="1"/><D54/><REACH who="0" ten="270,250,250,200" step="2"/><U24/><E55/><N who="2" m="30207" /><F66/><AGARI ba="2,3" hai="8,9,12,15,17,18,25,30,35,64,65,66,85,86" machi="66" ten="40,2600,0" yaku="1,1,9,1,53,0" doraHai="109" doraHaiUra="92" who="3" fromWho="2" sc="270,0,250,0,250,-32,200,62" /><INIT seed="1,0,0,0,0,89" ten="270,250,218,262" oya="1" hai0="22,21,5,110,0,39,12,55,11,101,100,37,76" hai1="10,115,121,107,82,51,97,38,6,59,80,54,44" hai2="41,26,63,131,23,88,32,92,60,132,91,24,35" hai3="2,46,93,72,130,7,79,1,3,69,14,99,77"/><U118/><E115/><V50/><F132/><W112/><G112/><T61/><D110/><U75/><E118/><V16/><F131/><W128/><G69/><T111/><D76/><U103/><E121/><V42/><F35/><W134/><G134/><T53/><D111/><U74/><E74/><V8/><F32/><W78/><G72/><T66/><D39/><U19/><E19/><N who="2" m="12415" /><F91/><W133/><G133/><T25/><D37/><U29/><E29/><V90/><F90/><N who="3" m="55735" /><G46/><T36/><D22/><U15/><E75/><V116/><F116/><W86/><G14/><T57/><D0/><U9/><E10/><V104/><F104/><W65/><G65/><T4/><D4/><U71/><E71/><V30/><F30/><W129/><G7/><T114/><D36/><U122/><E122/><V56/><F50/><W113/><G113/><T123/><D123/><U81/><E38/><V83/><F83/><AGARI ba="0,0" hai="1,2,3,77,78,79,83,86,128,129,130" m="55735" machi="83" ten="40,2600,0" yaku="19,1,52,1" doraHai="89" who="3" fromWho="2" sc="270,0,250,0,218,-26,262,26" /><INIT seed="2,0,0,1,1,95" ten="270,250,192,288" oya="2" hai0="70,11,29,76,19,85,80,36,113,25,111,67,69" hai1="16,39,99,53,13,46,56,22,120,74,110,58,128" hai2="51,6,54,0,21,17,65,107,33,66,101,71,89" hai3="81,38,97,59,82,72,106,2,40,32,63,91,73"/><V117/><F33/><W12/><G2/><T103/><D36/><U14/><E110/><V57/><F117/><W52/><G32/><T86/><D113/><U61/><E74/><V121/><F121/><W90/><G38/><T135/><D135/><U130/><E120/><V27/><F71/><W4/><G73/><T1/><D67/><U3/><E3/><V50/><F50/><W44/><G72/><T48/><D103/><U88/><E58/><V28/><F89/><W131/><G106/><T26/><D86/><U125/><E125/><V34/><F101/><W68/><G68/><T129/><D129/><N who="1" m="49771" /><E46/><V133/><F107/><W114/><G91/><T115/><D115/><U79/><E79/><V60/><F60/><W109/><G109/><T102/><D1/><U8/><E39/><V18/><F18/><W116/><G116/><T124/><D124/><U78/><E78/><V93/><F93/><N who="3" m="56503" /><G114/><T37/><D37/><U122/><E122/><V41/><F41/><W123/><G123/><T77/><D77/><U7/><E88/><V20/><F133/><W5/><G131/><T87/><D102/><U64/><E99/><V100/><F100/><W105/><G105/><T98/><D98/><U30/><E30/><V47/><F57/><W62/><G62/><T132/><D132/><U9/><E64/><N who="2" m="24683" /><F17/><W112/><G112/><T75/><D111/><U96/><E96/><V104/><F104/><W31/><G31/><T24/><D29/><U94/><E94/><V45/><F45/><W23/><G44/><T108/><D108/><U119/><E119/><V83/><F83/><RYUUKYOKU ba="0,0" sc="270,-15,250,15,192,15,288,-15" hai1="7,8,9,13,14,16,22,53,56,61" hai2="0,6,20,21,27,28,34,47,51,54" /><INIT seed="2,1,0,5,5,59" ten="255,265,207,273" oya="2" hai0="85,52,58,80,40,135,7,120,78,25,42,31,37" hai1="13,84,104,36,112,90,82,77,79,97,131,8,62" hai2="125,68,35,14,57,117,39,73,74,3,118,6,12" hai3="54,91,27,128,11,81,99,47,26,96,69,64,129"/><V9/><F57/><W33/><G33/><T2/><D120/><U105/><E112/><V103/><F103/><W76/><G11/><T38/><D135/><U55/><E36/><V23/><F39/><W113/><G113/><T63/><D38/><U43/><E43/><V116/><F68/><W83/><G64/><T17/><D17/><U70/><E131/><N who="3" m="50250" /><G69/><T110/><D110/><U34/><E34/><V4/><F74/><N who="3" m="43159" /><G83/><T22/><REACH who="0" step="1"/><D37/><REACH who="0" ten="245,265,207,273" step="2"/><U123/><E123/><V19/><F73/><W21/><G27/><T94/><D94/><U114/><E114/><V71/><F71/><W122/><G122/><T119/><D119/><U130/><E130/><V30/><F125/><W65/><G26/><T111/><D111/><U75/><E70/><V115/><F115/><W0/><G0/><T121/><D121/><U107/><E107/><V66/><F66/><W24/><G65/><T108/><D108/><U20/><E104/><V29/><F35/><W102/><G24/><T101/><D101/><U132/><E105/><V109/><F109/><W44/><G102/><T18/><D18/><U46/><E132/><V41/><F41/><W53/><G53/><T124/><D124/><U88/><E55/><V28/><REACH who="2" step="1"/><F6/><REACH who="2" ten="245,265,197,273" step="2"/><W133/><G133/><T106/><D106/><U1/><E75/><V98/><F98/><W134/><G99/><T48/><D48/><U56/><E97/><V45/><F45/><N who="3" m="17483" /><G134/><T72/><D72/><U67/><E67/><V50/><F50/><W60/><G96/><T51/><D51/><U86/><E46/><V92/><F92/><W95/><G95/><RYUUKYOKU ba="1,2" sc="245,15,265,-15,197,15,273,-15" hai0="2,7,22,25,31,40,42,52,58,63,78,80,85" hai2="3,4,9,12,14,19,23,28,29,30,116,117,118" /><INIT seed="2,2,2,2,5,3" ten="260,250,212,258" oya="2" hai0="41,63,129,2,112,118,70,21,104,117,108,32,111" hai1="24,51,115,57,76,34,56,113,55,68,105,74,116" hai2="4,96,49,0,120,69,64,93,101,26,28,79,102" hai3="131,48,35,22,39,94,16,23,80,20,13,82,6"/><V60/><F120/><W58/><G39/><T109/><D104/><U7/><E116/><N who="0" m="44649" /><D112/><U40/><E68/><V125/><F125/><W78/><G35/><T43/><D32/><U88/><E105/><V121/><F121/><W66/><G131/><T99/><D129/><U67/><E40/><N who="0" m="15433" /><D99/><U27/><E34/><V100/><F79/><W97/><G6/><T45/><D2/><U54/><E76/><V46/><F28/><W12/><G12/><T127/><D127/><U87/><E74/><V8/><REACH who="2" step="1"/><F26/><REACH who="2" ten="260,250,202,258" step="2"/><W53/><G78/><T37/><D37/><U90/><E27/><V29/><F29/><W59/><G80/><T83/><D83/><U73/><E24/><V126/><F126/><W84/><G82/><T38/><D38/><U71/><E115/><V10/><F10/><W81/><G81/><T19/><D111/><U72/><E113/><V31/><F31/><W36/><G36/><T11/><D11/><U33/><E73/><V50/><F50/><W62/><G84/><T103/><D109/><U134/><E72/><V119/><F119/><W75/><G75/><T114/><D108/><U42/><E87/><V65/><F65/><W61/><G48/><T18/><D114/><U17/><E51/><V95/><F95/><W25/><G25/><T133/><D21/><U14/><E67/><V9/><F9/><W107/><G107/><T77/><D77/><U110/><E110/><V1/><F1/><W5/><G5/><T128/><D128/><U98/><E7/><V85/><F85/><W89/><AGARI ba="2,3" hai="13,16,20,22,23,53,58,59,61,62,66,89,94,97" machi="89" ten="20,5200,0" yaku="0,1,7,1,8,1,54,1" doraHai="3" who="3" fromWho="3" sc="260,-15,250,-15,202,-28,258,88" /><INIT seed="3,0,0,4,0,24" ten="245,235,174,346" oya="3" hai0="20,71,94,10,123,61,59,2,75,118,70,3,90" hai1="116,102,83,30,107,39,135,85,81,92,14,57,114" hai2="31,131,21,46,105,56,132,126,113,84,120,63,87" hai3="25,7,99,91,19,49,104,72,26,34,9,129,32"/><W65/><G72/><T69/><D75/><U13/><E39/><V22/><F105/><W62/><G129/><T73/><D73/><U77/><E114/><V100/><F113/><W23/><G49/><T80/><D80/><U88/><E135/><V74/><F74/><W76/><G76/><T67/><D118/><U45/><E116/><V36/><F131/><W40/><G40/><T122/><D20/><U86/><E45/><V121/><F132/><W50/><G50/><T52/><D67/><U66/><E107/><V18/><F126/><W89/><G26/><T109/><D109/><U128/><E30/><V111/><F111/><W115/><G91/><T0/><REACH who="0" step="1"/><D10/><REACH who="0" ten="235,235,174,346" step="2"/><U27/><E128/><V5/><F100/><N who="3" m="62495" /><G9/><T106/><D106/><U16/><E102/><V108/><F108/><W37/><G65/><T6/><D6/><U98/><E83/><V58/><F5/><W29/><G7/><T1/><N who="0" m="0" /><DORA hai="101" /><T97/><AGARI ba="0,1" hai="52,59,61,69,70,71,90,94,97,122,123" m="0" machi="97" ten="70,12000,2" yaku="1,1,4,1,0,1,54,1,53,3" doraHai="24,101" doraHaiUra="119,54" who="0" fromWho="0" sc="235,130,235,-30,174,-30,346,-60" owari="365,46.5,205,-19.5,144,-35.6,286,8.6" /></mjloggm>