<mjloggm ver="2.3"><GO type="225" lobby="0"/><UN n0="%E6%98%93%E5%88%A9%E8%96%A9%E4%BC%AF" n1="%E6%B4%BE%E9%81%A3%E3%81%AE%E3%82%B8%E3%83%A3%E3%83%83%E3%82%AF" n2="%E3%81%82%E3%81%B9%E3%81%99%E3%81%91" n3="%E8%B6%85%E7%B4%9A%E9%B3%B3%E5%87%B0" dan="16,17,16,16" rate="2038.75,2186.42,2158.76,2128.24" sx="F,M,M,M"/><TAIKYOKU oya="0"/><INIT seed="0,0,0,3,3,113" ten="250,250,250,250" oya="0" hai0="64,39,48,81,42,65,52,124,80,28,43,87,107" hai1="56,53,86,94,23,93,133,103,68,10,88,115,121" hai2="109,78,118,108,75,69,74,79,45,20,18,25,51" hai3="97,47,63,130,71,114,54,120,59,100,90,58,41"/><T83/><D107/><U77/><E121/><V127/><F69/><W1/><G114/><T129/><D129/><U76/><E68/><V98/><F98/><W29/><G1/><T104/><D104/><U117/><E115/><V128/><F127/><W111/><G130/><T17/><D124/><U123/><E123/><V67/><F67/><N who="0" m="25674" /><D39/><U85/><E133/><V102/><F102/><W26/><G120/><T116/><D28/><U50/><E10/><V12/><F25/><W112/><G112/><T49/><D116/><U30/><E117/><V5/><F5/><W126/><G126/><T2/><D2/><U4/><E4/><V132/><F132/><W134/><G134/><T7/><D7/><U82/><E103/><V27/><F27/><W122/><G122/><T9/><D87/><U84/><E77/><N who="2" m="29195" /><F118/><W37/><G111/><N who="2" m="42569" /><F128/><W61/><G71/><T57/><D49/><U110/><E110/><V19/><F19/><W15/><G29/><T44/><D57/><U0/><E0/><V3/><F3/><W73/><G59/><T31/><D31/><U62/><E50/><V36/><F36/><W32/><G37/><T40/><D17/><U106/><E106/><V16/><F18/><W6/><G6/><T119/><D119/><U8/><E93/><V38/><F38/><W105/><G105/><T70/><D70/><U96/><E8/><AGARI ba="0,0" hai="8,9,40,42,43,44,48,52,80,81,83" m="25674" machi="8" ten="40,3900,0" yaku="8,1,54,1" doraHai="113" who="0" fromWho="1" sc="250,39,250,-39,250,0,250,0" /><INIT seed="0,1,0,2,2,92" ten="289,211,250,250" oya="0" hai0="0,96,29,93,116,108,57,11,36,125,3,114,20" hai1="33,104,51,85,130,40,118,60,30,113,119,23,16" hai2="74,110,78,107,31,103,102,46,32,6,17,62,65" hai3="79,28,10,7,38,129,41,90,132,24,128,44,37"/><T117/><D114/><U43/><E104/><V26/><F110/><W25/><G132/><T94/><D36/><U4/><E113/><V88/><F46/><W8/><G79/><T126/><D57/><U97/><E4/><V95/><F6/><W111/><G111/><T135/><D108/><U122/><E122/><V76/><F17/><W81/><G81/><T19/><D94/><U48/><E130/><N who="3" m="50282" /><G38/><T115/><D115/><U42/><E85/><N who="2" m="52623" /><F103/><W49/><G90/><T121/><D29/><U124/><E124/><N who="0" m="47721" /><D121/><U87/><E87/><V2/><F2/><N who="0" m="554" /><D11/><N who="3" m="4137" /><G7/><T98/><D135/><U72/><E118/><N who="0" m="45673" /><D93/><U14/><E119/><V123/><F123/><W27/><G37/><T1/><N who="0" m="562" /><T13/><AGARI ba="1,0" hai="13,19,20,96,98" m="45673,562,47721" machi="13" ten="50,12000,1" yaku="4,1,18,1,52,2" doraHai="92" who="0" fromWho="0" sc="289,123,211,-41,250,-41,250,-41" /><INIT seed="0,2,0,2,3,50" ten="412,170,209,209" oya="0" hai0="7,16,107,73,59,29,57,46,119,135,103,102,36" hai1="87,37,70,53,52,105,15,48,112,12,2,60,13" hai2="54,66,68,90,106,32,127,63,95,82,38,6,47" hai3="85,25,100,22,83,81,75,62,39,10,58,56,131"/><T111/><D119/><U11/><E37/><V114/><F114/><W92/><G39/><T72/><D29/><U43/><E105/><V128/><F106/><W33/><G131/><T14/><D7/><U98/><E112/><V109/><F109/><W23/><G33/><T0/><D0/><U24/><E98/><V71/><F127/><W79/><G10/><T45/><D135/><U51/><E24/><V118/><F71/><W96/><G25/><T126/><D107/><U8/><E87/><V44/><F128/><W67/><REACH who="3" step="1"/><G58/><REACH who="3" ten="412,170,209,199" step="2"/><T108/><D36/><U18/><E70/><V3/><F32/><W26/><G26/><T104/><D59/><N who="1" m="34919" /><E2/><V61/><F38/><W116/><G116/><T1/><D1/><U84/><E84/><V134/><F118/><W88/><AGARI ba="2,1" hai="22,23,56,62,67,75,79,81,83,85,88,92,96,100" machi="88" ten="20,5200,0" yaku="1,1,0,1,7,1,54,1,53,0" doraHai="50" doraHaiUra="122" who="3" fromWho="3" sc="412,-28,170,-15,209,-15,199,68" /><INIT seed="1,0,0,1,2,102" ten="384,155,194,267" oya="1" hai0="46,104,84,13,90,55,80,37,66,51,58,124,26" hai1="14,63,88,39,21,22,100,131,59,123,78,128,76" hai2="48,17,133,23,74,47,87,7,28,106,72,99,94" hai3="95,56,50,117,89,93,52,122,67,18,119,103,68"/><U65/><E39/><V120/><F120/><W73/><G122/><T113/><D113/><U41/><E123/><V82/><F133/><W3/><G3/><T42/><D124/><U110/><E41/><V86/><F7/><W101/><G73/><T2/><D2/><U31/><E110/><V30/><F106/><W85/><G18/><T60/><D26/><N who="1" m="16855" /><E100/><V62/><F62/><N who="3" m="40055" /><G95/><T38/><D104/><U115/><E115/><V126/><F126/><W53/><G53/><T125/><D125/><U127/><E127/><V135/><F135/><W20/><G20/><T118/><D118/><AGARI ba="0,0" hai="50,52,56,85,89,93,101,103,117,118,119" m="40055" machi="118" ten="30,2000,0" yaku="12,1,54,1" doraHai="102" who="3" fromWho="0" sc="384,-20,155,0,194,0,267,20" /><INIT seed="2,0,0,0,4,67" ten="364,155,194,287" oya="2" hai0="13,25,57,68,48,31,60,86,98,12,8,99,56" hai1="36,112,134,84,52,94,104,78,110,18,111,109,126" hai2="35,2,128,76,20,77,97,0,61,101,72,9,39" hai3="11,45,16,116,135,50,1,40,24,19,83,131,85"/><V106/><F35/><W71/><G116/><T47/><D68/><U119/><E112/><V90/><F128/><W4/><G131/><T30/><D86/><U69/><E119/><V14/><F39/><W120/><G120/><T70/><D13/><U114/><E114/><V51/><F20/><W93/><G135/><T17/><D70/><U41/><E104/><V32/><F32/><W53/><G93/><T33/><D31/><U58/><E134/><V37/><F61/><W92/><G92/><T42/><REACH who="0" step="1"/><D56/><REACH who="0" ten="354,155,194,287" step="2"/><U118/><E118/><V113/><F14/><W127/><G71/><T43/><D43/><U21/><E69/><V79/><F72/><W23/><G40/><T88/><D88/><N who="1" m="53511" /><E78/><V6/><F79/><W89/><REACH who="3" step="1"/><G127/><REACH who="3" ten="354,155,194,277" step="2"/><T64/><AGARI ba="0,2" hai="8,12,17,25,30,33,42,47,48,57,60,64,98,99" machi="64" ten="20,2700,0" yaku="1,1,0,1,7,1,53,0" doraHai="67" doraHaiUra="105" who="0" fromWho="0" sc="354,47,155,-7,194,-13,277,-7" /><INIT seed="3,0,0,4,1,67" ten="401,148,181,270" oya="3" hai0="70,0,66,55,96,30,119,114,18,106,125,118,103" hai1="135,14,69,117,40,102,2,126,37,122,78,65,58" hai2="60,4,71,12,47,64,105,56,76,42,22,34,50" hai3="52,35,95,48,108,46,20,72,38,133,28,21,1"/><W74/><G1/><T8/><D55/><U27/><E122/><V29/><F105/><W7/><G7/><N who="0" m="1127" /><D18/><U61/><E117/><V110/><F110/><W17/><G133/><T88/><D88/><U127/><E2/><V77/><F34/><W15/><G108/><T24/><D125/><N who="1" m="47627" /><E102/><V19/><F71/><W98/><G35/><N who="0" m="20935" /><D114/><U62/><E78/><V68/><F68/><W39/><G39/><T92/><D92/><U44/><E14/><N who="2" m="9591" /><F29/><W86/><G38/><T13/><D13/><U131/><E27/><V43/><F43/><W123/><G123/><T80/><D80/><U121/><E135/><V51/><F51/><W100/><G28/><T45/><D45/><U5/><E5/><V87/><F87/><W97/><G86/><T83/><D83/><U94/><E94/><V120/><F120/><W59/><G46/><T33/><D33/><U3/><E3/><V85/><F85/><W57/><G59/><T49/><D49/><U75/><E121/><V54/><F42/><W53/><G53/><T91/><D91/><U10/><E10/><AGARI ba="0,0" hai="4,10,12,47,50,54,56,60,64,76,77" m="9591" machi="10" ten="30,1000,0" yaku="8,1" doraHai="67" who="2" fromWho="1" sc="401,0,148,-10,181,10,270,0" owari="401,50.1,138,-36.2,191,-20.9,270,7.0" /></mjloggm>