<mjloggm ver="2.3"><GO type="225" lobby="0"/><UN n0="%77%72%77%72%77%72%77%72" n1="%E3%81%B8%E3%82%80%E3%81%B8%E3%82%80%EF%BC%92%E5%8F%B7" n2="%E6%9A%87%E4%BA%BA%EF%BC%A0%E9%85%8D%E4%BF%A1%E5%9E%A2" n3="%33%74%72%65%65" dan="16,16,17,16" rate="2069.34,2127.14,2175.63,2153.73" sx="M,M,F,F"/><TAIKYOKU oya="0"/><INIT seed="0,0,0,5,4,42" ten="250,250,250,250" oya="0" hai0="54,96,46,1,32,95,73,67,41,111,25,8,69" hai1="30,118,79,134,135,115,51,122,38,27,2,132,16" hai2="84,37,9,72,45,23,71,5,28,119,61,113,29" hai3="101,31,109,50,133,33,99,112,82,74,13,0,123"/><T34/><D73/><U107/><E118/><V108/><F113/><W110/><G0/><T62/><D111/><N who="3" m="42505" /><G133/><T59/><D25/><U87/><E122/><V39/><F108/><W102/><G112/><T83/><D83/><N who="1" m="47615" /><E38/><V63/><F72/><W104/><G123/><T92/><D92/><U10/><E107/><V20/><F84/><W35/><G31/><T121/><D121/><U48/><E115/><V81/><F81/><W3/><G3/><T91/><D8/><U100/><E100/><V90/><F9/><W70/><G70/><T125/><D125/><U22/><E30/><V89/><F71/><W78/><G101/><T12/><D12/><U97/><E97/><V43/><F43/><W53/><G13/><T21/><D21/><U49/><E2/><V88/><F90/><W55/><G55/><T24/><D24/><U4/><E10/><V86/><F86/><W116/><G116/><T114/><D1/><U11/><E11/><V52/><F119/><W15/><G15/><T117/><D117/><U128/><E128/><V68/><F68/><W80/><G80/><T131/><D131/><U65/><E65/><V56/><F52/><W124/><G124/><T17/><D17/><U26/><E26/><V6/><F56/><AGARI ba="0,0" hai="33,35,50,53,56,74,78,82,99,102,104" m="42505" machi="56" ten="30,1000,0" yaku="14,1" doraHai="42" who="3" fromWho="2" sc="250,0,250,0,250,-10,250,10" /><INIT seed="1,0,0,4,1,75" ten="250,250,240,260" oya="1" hai0="74,53,126,128,89,14,101,56,35,4,31,110,26" hai1="115,95,131,7,125,97,107,77,130,129,79,113,25" hai2="63,57,62,34,3,61,119,96,18,84,67,38,0" hai3="94,105,45,98,72,55,123,54,17,69,106,43,109"/><U104/><E25/><V102/><F119/><W111/><G123/><T73/><D128/><U11/><E11/><V122/><F122/><W21/><G69/><T124/><D110/><N who="3" m="41993" /><G72/><T30/><D30/><U81/><E7/><V60/><F38/><N who="3" m="21751" /><G55/><T12/><D101/><N who="1" m="60607" /><E125/><N who="0" m="48233" /><D89/><U19/><E19/><V87/><F34/><W24/><G54/><T134/><D134/><U127/><E77/><V92/><REACH who="2" step="1"/><F18/><REACH who="2" ten="250,250,230,260" step="2"/><W15/><G24/><T70/><D26/><U27/><E27/><V100/><F100/><AGARI ba="0,1" hai="15,17,21,94,98,100,105,106" m="21751,41993" machi="100" ten="30,1000,0" yaku="14,1" doraHai="75" who="3" fromWho="2" sc="250,0,250,0,230,-10,260,20" /><INIT seed="2,0,0,3,5,108" ten="250,250,220,280" oya="2" hai0="49,45,92,105,126,11,127,65,64,134,89,112,22" hai1="79,133,63,102,135,78,44,17,46,95,2,71,33" hai2="88,123,84,122,51,54,3,27,116,43,39,124,31" hai3="100,130,52,13,50,69,19,83,107,121,86,87,26"/><V103/><F116/><W6/><G121/><T99/><D134/><N who="1" m="51211" /><E33/><V128/><F3/><W59/><G69/><T120/><D120/><U85/><E2/><V101/><F123/><W35/><G130/><T68/><D112/><U91/><E102/><V58/><F122/><W98/><G6/><T29/><D11/><U0/><E0/><V20/><F128/><W56/><G56/><T57/><D68/><U55/><E17/><V67/><F124/><N who="0" m="47658" /><D57/><N who="1" m="35263" /><E71/><V48/><F39/><W16/><G13/><T62/><D105/><U117/><E117/><V93/><REACH who="2" step="1"/><F67/><REACH who="2" ten="250,250,210,280" step="2"/><W97/><G97/><T72/><D64/><U111/><E111/><V42/><F42/><W114/><G114/><T81/><D65/><U9/><E9/><V70/><F70/><W113/><G113/><T14/><D72/><U40/><E44/><AGARI ba="0,1" hai="20,27,31,43,44,48,51,54,58,84,88,93,101,103" machi="44" ten="40,7700,0" yaku="1,1,8,1,54,1,53,0" doraHai="108" doraHaiUra="30" who="2" fromWho="1" sc="250,0,250,-77,210,87,280,0" /><INIT seed="2,1,0,2,2,99" ten="250,173,297,280" oya="2" hai0="74,103,62,72,71,21,129,28,113,52,90,16,33" hai1="18,131,118,20,134,94,51,41,130,13,64,8,89" hai2="108,109,27,0,53,11,106,56,104,105,87,65,120" hai3="7,96,97,57,9,58,37,82,75,116,111,125,39"/><V88/><F120/><W133/><G116/><T2/><D113/><U43/><E134/><V60/><F27/><W69/><G133/><T83/><D2/><U93/><E118/><V92/><REACH who="2" step="1"/><F65/><REACH who="2" ten="250,173,287,280" step="2"/><W45/><G125/><T61/><D129/><U23/><E64/><V117/><F117/><W24/><G24/><T50/><D33/><U85/><E130/><V67/><F67/><W73/><G69/><T110/><D71/><U78/><E131/><V112/><F112/><W48/><G58/><T59/><D59/><U15/><E78/><V102/><F102/><W44/><G57/><T135/><D103/><U6/><E93/><V54/><F54/><W77/><G77/><T29/><D52/><U107/><E107/><V86/><F86/><W81/><G73/><T34/><D74/><U46/><REACH who="1" step="1"/><E43/><REACH who="1" ten="250,163,287,280" step="2"/><V122/><F122/><W10/><G75/><T63/><D72/><U80/><E80/><V101/><F101/><W84/><G82/><T128/><D83/><U70/><E70/><V132/><F132/><W22/><G81/><T35/><D135/><U119/><E119/><V26/><F26/><W55/><G55/><T79/><D128/><U12/><E12/><V100/><F100/><W47/><G39/><T25/><D79/><U31/><E31/><V127/><F127/><W76/><G37/><T123/><D123/><U124/><E124/><V98/><F98/><W17/><G97/><T126/><D126/><U38/><E38/><V14/><F14/><W115/><G96/><T66/><D29/><U19/><E19/><V5/><AGARI ba="1,2" hai="0,5,11,53,56,60,87,88,92,104,105,106,108,109" machi="5" ten="40,12000,1" yaku="1,1,0,1,54,1,53,1" doraHai="99" doraHaiUra="3" who="2" fromWho="2" sc="250,-41,163,-41,287,143,280,-41" /><INIT seed="2,2,0,1,2,89" ten="209,122,430,239" oya="2" hai0="60,87,131,98,20,71,16,35,12,88,15,46,93" hai1="23,118,7,44,2,27,81,104,52,18,124,43,25" hai2="26,134,38,65,72,40,94,75,119,77,19,47,10" hai3="112,13,21,61,121,101,57,68,109,80,30,79,132"/><V31/><F119/><W90/><G121/><T32/><D131/><U106/><E118/><V111/><F134/><W116/><G116/><T63/><D71/><U82/><E124/><V50/><F111/><W78/><G132/><T126/><D126/><U115/><E115/><V39/><F65/><W41/><G109/><T97/><D35/><U34/><E7/><V4/><F19/><W83/><G68/><T127/><D32/><U67/><E2/><V64/><F64/><W36/><G112/><T45/><D127/><U70/><E70/><V17/><F17/><W129/><G101/><T74/><D12/><U0/><E67/><V69/><F69/><W37/><G90/><T73/><D73/><U130/><E0/><V56/><F77/><W49/><G36/><T8/><D74/><U62/><E130/><V123/><F123/><W122/><G37/><T66/><D8/><U59/><E104/><V133/><F133/><W54/><G129/><T103/><D98/><U135/><E106/><V91/><F39/><W100/><G100/><T55/><D55/><U58/><E58/><V22/><F56/><W86/><G122/><T120/><D120/><U99/><E99/><V1/><REACH who="2" step="1"/><F38/><REACH who="2" ten="209,122,420,239" step="2"/><W11/><G78/><T3/><D66/><U76/><E135/><V53/><F53/><W84/><G79/><T5/><D5/><U29/><REACH who="1" step="1"/><E76/><REACH who="1" ten="209,112,420,239" step="2"/><V128/><F128/><W95/><G57/><T28/><D46/><U110/><E110/><V114/><F114/><W107/><G107/><T108/><D45/><U117/><E117/><V6/><F6/><W113/><G113/><RYUUKYOKU ba="2,2" sc="209,-15,112,15,420,15,239,-15" hai1="18,23,25,27,29,34,43,44,52,59,62,81,82" hai2="1,4,10,22,26,31,40,47,50,72,75,91,94" /><INIT seed="2,3,2,4,0,7" ten="194,127,435,224" oya="2" hai0="29,9,127,1,79,66,123,8,50,78,114,95,129" hai1="75,134,31,121,52,58,112,110,105,28,38,108,4" hai2="34,77,91,62,6,111,35,69,97,64,59,109,43" hai3="36,68,55,24,116,76,124,120,89,49,40,48,81"/><V2/><F77/><N who="0" m="29194" /><D1/><U42/><E75/><V90/><F43/><W83/><G68/><T125/><D123/><U61/><E112/><V44/><F44/><W15/><G36/><T96/><D114/><U101/><E121/><V54/><F35/><W21/><G76/><T0/><D0/><U70/><E134/><V53/><F34/><W128/><G120/><T12/><D29/><U13/><E70/><V102/><F91/><W63/><G128/><T23/><D66/><U73/><E73/><V74/><F90/><W131/><G131/><T18/><D129/><U25/><E101/><V87/><F87/><W117/><G124/><N who="0" m="47691" /><D50/><U32/><E105/><V133/><F133/><W19/><G48/><T107/><D107/><U57/><E57/><V26/><F74/><W39/><G49/><T30/><D30/><U122/><E31/><V85/><F59/><N who="3" m="35327" /><G39/><T113/><D113/><U80/><E80/><V115/><F115/><W37/><G83/><T94/><D94/><U14/><E122/><V71/><F71/><W11/><G37/><T33/><D33/><U119/><E119/><V130/><F130/><W103/><G117/><T10/><D23/><U22/><E32/><V104/><F69/><W60/><G116/><T5/><D5/><U86/><E4/><V56/><F56/><W92/><G81/><T135/><D135/><U118/><E118/><V3/><F104/><W65/><G92/><T47/><D47/><N who="1" m="24023" /><E86/><V16/><F85/><W99/><G65/><T88/><AGARI ba="3,2" hai="8,9,10,12,18,88,95,96" m="47691,29194" machi="88" ten="30,8000,1" yaku="18,1,52,3,54,1" doraHai="7" who="0" fromWho="0" sc="194,109,127,-23,435,-43,224,-23" /><INIT seed="3,0,0,0,5,16" ten="303,104,392,201" oya="3" hai0="49,95,81,93,32,116,58,62,110,39,37,128,59" hai1="131,9,69,92,71,26,1,0,84,42,91,55,68" hai2="4,117,90,61,18,106,30,73,109,79,67,134,3" hai3="107,65,77,133,11,24,5,74,89,8,72,130,34"/><W25/><G130/><T86/><D32/><U104/><E131/><V88/><F117/><W56/><G133/><T41/><D128/><U23/><E104/><V53/><F106/><W113/><G113/><T35/><D35/><U75/><E75/><V27/><F53/><W120/><G120/><T52/><D116/><U17/><E42/><V96/><F18/><W47/><G107/><T97/><D110/><U127/><E127/><V44/><F44/><W66/><G77/><T54/><D41/><U99/><E9/><V80/><F109/><W112/><G34/><T82/><D95/><U29/><E84/><V2/><F134/><W40/><G112/><T31/><D31/><U98/><E98/><V125/><F125/><W10/><G10/><T46/><D46/><U60/><E29/><V43/><F43/><W64/><G40/><T94/><D94/><U21/><E21/><V123/><F123/><W76/><G11/><T36/><REACH who="0" step="1"/><D86/><REACH who="0" ten="293,104,392,201" step="2"/><U100/><E100/><AGARI ba="0,1" hai="36,37,39,49,52,54,58,59,62,81,82,93,97,100" machi="100" ten="40,5200,0" yaku="1,1,2,1,54,1,53,0" doraHai="16" doraHaiUra="15" who="0" fromWho="1" sc="293,62,104,-52,392,0,201,0" owari="355,15.5,52,-44.8,392,49.2,201,-19.9" /></mjloggm>