<mjloggm ver="2.3"><GO type="225" lobby="0"/><UN n0="%72%65%6E%6B%75%6E" n1="%E3%81%B2%E3%81%BE%E3%81%A4%E3%81%B6%E3%81%97" n2="%4C%4F%4C%49%54%41" n3="%47%48%4F%53%54" dan="17,16,16,18" rate="2211.75,2178.21,2145.82,2263.45" sx="M,M,F,M"/><TAIKYOKU oya="0"/><INIT seed="0,0,0,5,2,12" ten="250,250,250,250" oya="0" hai0="86,33,34,101,16,90,113,24,72,84,1,25,87" hai1="104,40,54,135,106,27,13,6,66,118,48,120,5" hai2="81,96,3,103,110,9,19,88,62,53,83,55,117" hai3="23,47,100,126,71,31,2,125,95,123,29,109,63"/><T77/><D1/><U36/><E118/><V35/><F35/><W39/><G2/><T93/><D113/><U43/><E120/><V18/><F110/><W115/><G109/><T20/><D101/><U94/><E66/><V119/><F3/><W131/><G131/><T75/><D33/><U99/><E135/><V76/><F9/><W78/><G78/><T92/><D77/><U128/><E106/><V74/><F83/><W67/><G115/><T80/><D80/><U112/><E104/><V11/><F11/><W41/><G123/><T38/><D38/><U97/><E97/><V17/><F88/><W10/><G10/><T51/><D51/><U28/><E36/><V68/><F68/><W85/><G23/><T8/><D8/><N who="1" m="4239" /><E6/><V82/><F82/><W69/><G69/><T7/><D7/><U4/><E4/><V45/><F45/><W32/><G32/><T14/><D93/><U52/><E54/><V79/><F79/><W91/><REACH who="3" step="1"/><G100/><REACH who="3" ten="250,250,250,240" step="2"/><T21/><D34/><U70/><E70/><V42/><F42/><W58/><G58/><T132/><D132/><U49/><E128/><V73/><F74/><W64/><G64/><T105/><D75/><U37/><E112/><V108/><F108/><W124/><AGARI ba="0,1" hai="29,31,39,41,47,63,67,71,85,91,95,124,125,126" machi="124" ten="30,4000,0" yaku="1,1,0,1,18,1,53,0" doraHai="12" doraHaiUra="107" who="3" fromWho="3" sc="250,-20,250,-10,250,-10,240,50" /><INIT seed="1,0,0,5,4,41" ten="230,240,240,290" oya="1" hai0="43,13,96,105,29,20,78,8,45,101,118,15,34" hai1="99,6,70,121,50,125,9,123,95,47,17,1,113" hai2="84,10,0,103,102,63,21,76,127,55,61,116,108" hai3="49,134,16,124,18,80,25,88,87,28,32,30,86"/><U42/><E113/><V46/><F116/><W24/><G134/><T74/><D118/><U51/><E125/><V37/><F108/><W120/><G124/><T112/><D112/><U62/><E17/><V38/><F127/><W93/><G120/><T94/><D34/><U53/><E62/><N who="2" m="23563" /><F38/><W106/><G49/><T89/><D74/><U68/><E68/><V56/><F37/><W11/><G11/><T97/><D78/><U26/><E26/><V75/><F0/><W73/><G106/><T83/><D83/><U14/><E1/><V104/><F10/><W130/><G130/><T107/><D107/><U3/><E3/><V36/><F36/><W57/><G57/><T132/><D132/><U131/><E70/><V69/><F75/><W100/><G73/><T135/><D135/><U85/><E131/><V5/><F5/><W4/><G4/><T111/><D111/><U109/><E109/><V115/><F56/><W128/><G128/><T119/><D119/><U40/><E85/><V77/><F104/><W23/><G100/><T72/><D72/><U65/><E65/><V64/><F21/><W110/><G110/><T33/><D33/><U66/><E66/><V44/><F77/><AGARI ba="0,0" hai="16,18,23,24,25,28,30,32,77,80,86,87,88,93" machi="77" ten="30,3900,0" yaku="7,1,54,2" doraHai="41" who="3" fromWho="2" sc="230,0,240,0,240,-39,290,39" /><INIT seed="2,0,0,2,3,83" ten="230,240,201,329" oya="2" hai0="42,96,62,75,123,53,121,81,32,43,2,37,105" hai1="54,114,116,76,6,102,84,72,59,68,77,128,17" hai2="131,87,8,24,27,98,1,122,106,119,34,127,46" hai3="89,112,7,52,13,71,99,133,33,28,35,79,65"/><V101/><F119/><W39/><G133/><T69/><D53/><U60/><E116/><V0/><F122/><W40/><G112/><T20/><D20/><U108/><E114/><V31/><F127/><W135/><G135/><T4/><D42/><U104/><E72/><V124/><F124/><W113/><G79/><N who="0" m="44287" /><D32/><U95/><E104/><V120/><F120/><W15/><G89/><T22/><D22/><U19/><E68/><V70/><F131/><W90/><G99/><T30/><D30/><U78/><E128/><V93/><F70/><W80/><G90/><T86/><D86/><U100/><E6/><V56/><F24/><W134/><G80/><T16/><D16/><N who="1" m="6219" /><E108/><V36/><F8/><W88/><G40/><T23/><D23/><U57/><E57/><V115/><F115/><W49/><G28/><T21/><D21/><U73/><E73/><V18/><F18/><W92/><G35/><T44/><D69/><U47/><E47/><V129/><F129/><W74/><G33/><T82/><D62/><U5/><E5/><V118/><F118/><W109/><G7/><T130/><D130/><U45/><E45/><V63/><F46/><W111/><G113/><T50/><D50/><U66/><E54/><N who="2" m="34199" /><F36/><W107/><G39/><T103/><D82/><U94/><E94/><V51/><F51/><W61/><G49/><T29/><D29/><U12/><E12/><V55/><F55/><W58/><G52/><T126/><D126/><U14/><E14/><V97/><F87/><N who="3" m="52255" /><G15/><T67/><D67/><U10/><E10/><AGARI ba="0,0" hai="2,4,10,37,43,44,96,103,105,121,123" m="44287" machi="10" ten="30,2000,0" yaku="25,1,23,1" doraHai="83" who="0" fromWho="1" sc="230,20,240,-20,201,0,329,0" /><INIT seed="3,0,0,5,1,9" ten="250,220,201,329" oya="3" hai0="7,31,123,0,4,5,79,15,83,93,43,80,69" hai1="57,18,41,11,34,127,50,77,49,111,87,36,82" hai2="35,85,103,92,17,101,67,62,48,61,120,124,52" hai3="75,28,119,78,96,130,118,30,47,3,19,13,1"/><W45/><G96/><T33/><D123/><U109/><E127/><V40/><F35/><W105/><G78/><T29/><D69/><U59/><E34/><V86/><F124/><W26/><G75/><T53/><D0/><N who="3" m="73" /><G47/><T94/><D43/><U55/><E36/><V16/><F40/><W133/><G45/><T97/><D33/><U6/><E18/><N who="2" m="7275" /><F120/><W95/><G95/><N who="0" m="36363" /><D97/><U81/><E81/><N who="0" m="31305" /><D79/><U46/><REACH who="1" step="1"/><E59/><REACH who="1" ten="250,210,201,329" step="2"/><N who="2" m="37311" /><F62/><W122/><G122/><T70/><D70/><U99/><E99/><N who="2" m="59623" /><F103/><W100/><G100/><T76/><D31/><U114/><E114/><V60/><F60/><W73/><G119/><T10/><D29/><U24/><E24/><V125/><F125/><W32/><G26/><T113/><D113/><U104/><E104/><V131/><F131/><W20/><G30/><T98/><D98/><U44/><E44/><AGARI ba="0,1" hai="44,48,52,85,86" m="59623,37311,7275" machi="44" ten="30,3900,0" yaku="8,1,54,2" doraHai="9" who="2" fromWho="1" sc="250,0,210,-39,201,49,329,0" owari="250,5.0,171,-32.9,250,-15.0,329,42.9" /></mjloggm>