<mjloggm ver="2.3"><GO type="225" lobby="0"/><UN n0="%E3%81%99%E3%81%84%E3%81%BE%E3%81%9B%E3%83%BC%E3%82%93" n1="%73%73%6B%5F%66%72%65%65" n2="%E3%82%A2%E3%83%BC%E3%83%A2%E3%83%AD%E3%83%BC%E3%83%B4%E3%82%A1" n3="%E3%83%81%E3%83%AF%E3%83%AF%E9%9A%8A%E9%95%B7" dan="18,16,16,16" rate="2188.40,2087.77,2085.90,2087.90" sx="M,M,M,M"/><TAIKYOKU oya="0"/><INIT seed="0,0,0,4,5,99" ten="250,250,250,250" oya="0" hai0="79,30,14,47,131,122,13,49,11,58,119,46,129" hai1="83,101,88,133,32,38,24,91,104,123,98,9,74" hai2="57,71,87,55,19,10,81,85,103,0,84,97,54" hai3="8,26,73,37,75,93,34,3,118,92,44,43,82"/><T21/><D119/><U1/><E123/><V127/><F71/><W15/><G118/><T50/><D122/><U42/><E133/><V124/><F81/><W117/><G117/><T80/><D30/><U36/><E24/><V106/><F19/><W134/><G134/><T48/><D58/><U27/><E27/><V126/><REACH who="2" step="1"/><F57/><REACH who="2" ten="250,250,240,250" step="2"/><W25/><G82/><T51/><D47/><N who="1" m="24007" /><E83/><V33/><F33/><W65/><G34/><T113/><D80/><U56/><E32/><V107/><F107/><W95/><G44/><T66/><D46/><U77/><E56/><V111/><F111/><W132/><G132/><T41/><D41/><U68/><E77/><V78/><F78/><W17/><G43/><T53/><D79/><U96/><E74/><V16/><F16/><W61/><G75/><T2/><D21/><U70/><E68/><V108/><F108/><W130/><G73/><T20/><D20/><U12/><E104/><V105/><F105/><W89/><G17/><T45/><D45/><U4/><E70/><V86/><N who="2" m="21504" /><DORA hai="22" /><V76/><F76/><W31/><G31/><T52/><D131/><U69/><E69/><V28/><F28/><W110/><G130/><T114/><D129/><U100/><E9/><V59/><F59/><W115/><G8/><T125/><D11/><U40/><E40/><V112/><F112/><W102/><G115/><T7/><D114/><U18/><E18/><V23/><F23/><W128/><G110/><T29/><D113/><U35/><E35/><V39/><F39/><W121/><G37/><T62/><N who="0" m="12288" /><DORA hai="64" /><T116/><D116/><RYUUKYOKU ba="0,1" sc="250,-10,250,-10,240,30,250,-10" hai2="0,10,54,55,97,103,106,124,126,127" /><INIT seed="1,1,1,1,5,78" ten="240,240,270,240" oya="1" hai0="80,117,76,62,29,33,14,125,121,22,8,38,65" hai1="126,99,44,28,69,106,57,55,54,52,42,23,21" hai2="134,107,1,73,9,74,88,63,47,129,120,59,109" hai3="118,67,115,72,75,48,97,110,70,133,31,34,93"/><U53/><E126/><V102/><F120/><W11/><G115/><T4/><D117/><U10/><E69/><V24/><F102/><W92/><G118/><T79/><D38/><U89/><E28/><V128/><F107/><W25/><G133/><T113/><D113/><U7/><E106/><V112/><F112/><W122/><G122/><T58/><D125/><U6/><E89/><V37/><F109/><W49/><G110/><T43/><D33/><U84/><E84/><V131/><F134/><W124/><G93/><T0/><D43/><U19/><E99/><V32/><F47/><W16/><G124/><T91/><D121/><U64/><E64/><N who="2" m="39039" /><F37/><W12/><G67/><T27/><D0/><U94/><E94/><V46/><F46/><W123/><G70/><T60/><D60/><U111/><E111/><V68/><F68/><W82/><G123/><T98/><D98/><U35/><E35/><V83/><F9/><W77/><REACH who="3" step="1"/><G75/><REACH who="3" ten="240,240,270,230" step="2"/><T95/><D95/><U13/><E6/><V132/><F132/><W20/><G20/><T39/><D4/><U17/><E7/><V45/><F73/><W26/><G26/><T3/><D22/><U96/><E19/><V36/><F74/><W119/><G119/><T105/><D105/><U30/><E30/><V114/><F114/><W86/><G86/><T100/><D29/><U116/><E116/><V101/><F32/><W66/><G66/><T104/><D65/><U2/><E96/><V85/><F85/><W135/><G135/><T87/><D87/><U5/><N who="1" m="13312" /><DORA hai="90" /><U71/><E71/><V103/><F88/><AGARI ba="1,2" hai="11,12,16,25,31,34,48,49,72,77,82,88,92,97" machi="88" ten="30,12000,2" yaku="1,1,6,1,7,1,52,2,54,2,53,0" doraHai="78,90" doraHaiUra="108,50" who="3" fromWho="2" sc="240,0,240,0,270,-123,230,143" /><INIT seed="2,0,0,4,5,67" ten="240,240,147,373" oya="2" hai0="126,97,101,133,58,102,110,95,125,55,90,17,107" hai1="44,82,100,11,4,13,113,94,1,87,16,64,38" hai2="14,109,34,74,22,92,84,68,123,112,103,0,49" hai3="48,79,77,46,8,2,121,72,71,57,20,45,80"/><V134/><F112/><W19/><G121/><T42/><D110/><U60/><E113/><V91/><F123/><W31/><G71/><T99/><D133/><U3/><E44/><V28/><F134/><W27/><G79/><T114/><D114/><U5/><E38/><V111/><F0/><W115/><G115/><T135/><D135/><U63/><E63/><V53/><F74/><W50/><G50/><T15/><D42/><U70/><E1/><V83/><F68/><W98/><G98/><T21/><D102/><U131/><E131/><V56/><F103/><W117/><G117/><T65/><D65/><U106/><E106/><V66/><F66/><W122/><G122/><T89/><D89/><U105/><E105/><V118/><F83/><W24/><G2/><T85/><D99/><U104/><E104/><V88/><F91/><W69/><G69/><T124/><REACH who="0" step="1"/><D125/><REACH who="0" ten="230,240,147,373" step="2"/><U127/><E127/><V59/><F118/><W10/><G77/><T35/><D35/><U36/><E64/><V78/><F78/><W108/><G108/><N who="2" m="41545" /><F34/><W76/><G76/><T29/><D29/><U116/><E70/><V129/><F129/><W23/><G31/><T43/><D43/><U26/><E116/><V37/><F37/><W81/><G72/><T40/><D40/><U130/><E36/><V93/><F93/><W12/><G81/><T119/><D119/><U86/><E94/><V39/><F39/><W6/><G80/><T54/><D54/><U47/><E82/><V51/><F28/><W73/><G73/><T62/><AGARI ba="0,1" hai="15,17,21,55,58,62,85,90,95,97,101,107,124,126" machi="62" ten="30,4000,0" yaku="1,1,0,1,53,1" doraHai="67" doraHaiUra="52" who="0" fromWho="0" sc="230,50,240,-10,147,-20,373,-10" /><INIT seed="3,0,0,5,2,18" ten="280,230,127,363" oya="3" hai0="46,65,104,109,86,88,101,84,110,94,62,42,53" hai1="80,7,24,52,81,71,1,69,83,103,128,11,10" hai2="3,4,133,98,41,60,32,121,90,48,92,2,79" hai3="37,57,97,19,36,100,20,8,26,63,93,14,120"/><W40/><G40/><T39/><D53/><U129/><E103/><V107/><F133/><W111/><G120/><T114/><D114/><U82/><N who="1" m="20480" /><DORA hai="113" /><U17/><E52/><V22/><F32/><W30/><G111/><T89/><D89/><U29/><E11/><V12/><F121/><W49/><G49/><T124/><D86/><U27/><E17/><V13/><F79/><W35/><G35/><T118/><D124/><U0/><E29/><V112/><F112/><W125/><G125/><T15/><D15/><U132/><E132/><V99/><F60/><W64/><AGARI ba="0,0" hai="8,14,19,20,26,30,36,37,57,63,64,93,97,100" machi="64" ten="20,12000,1" yaku="0,1,7,1,25,2,52,1" doraHai="18,113" who="3" fromWho="3" sc="280,-40,230,-40,127,-40,363,120" owari="240,4.0,190,-21.0,87,-41.3,483,58.3" /></mjloggm>