<mjloggm ver="2.3"><GO type="225" lobby="0"/><UN n0="%E5%80%89%E6%A9%8B%EF%BC%A0%E4%BA%8B%E5%8B%99" n1="%E3%81%95%E3%81%8D%E3%81%9F%E3%81%BE%E6%9E%97%E6%AA%8E" n2="%43%68%65" n3="%6D%75%75%6D%75%72%61" dan="16,16,16,17" rate="2118.78,2119.19,2132.80,2176.61" sx="M,M,M,F"/><TAIKYOKU oya="0"/><INIT seed="0,0,0,5,1,17" ten="250,250,250,250" oya="0" hai0="49,122,94,1,53,11,20,13,100,108,46,44,27" hai1="0,121,32,41,25,77,65,127,71,70,110,106,75" hai2="68,35,84,40,69,47,78,7,52,124,63,59,132" hai3="126,54,113,91,31,56,22,9,73,19,60,116,38"/><T105/><D122/><U90/><E110/><V50/><F35/><W123/><G116/><T89/><D1/><U34/><E90/><V39/><F124/><W129/><G126/><T112/><D112/><U104/><E127/><V58/><F132/><W118/><G118/><T114/><D114/><U120/><E65/><N who="2" m="39159" /><F7/><W125/><G125/><T72/><D72/><U88/><E88/><V2/><F84/><W62/><G113/><T12/><D108/><U133/><E133/><V21/><F21/><W74/><G129/><T28/><D105/><N who="1" m="40555" /><E25/><V33/><F78/><W66/><G123/><N who="1" m="47178" /><E41/><N who="2" m="22975" /><F33/><N who="1" m="12905" /><E0/><V134/><F2/><W115/><G115/><T57/><D100/><U86/><E86/><V6/><F6/><W42/><G91/><T45/><REACH who="0" step="1"/><D11/><REACH who="0" ten="240,250,250,250" step="2"/><U67/><E67/><V98/><F134/><W10/><G10/><T93/><D93/><U64/><E64/><V128/><F128/><W96/><G9/><T135/><D135/><U36/><E36/><V8/><F8/><W5/><G73/><T29/><D29/><U37/><E37/><V103/><F103/><W48/><G74/><T101/><D101/><U81/><AGARI ba="0,1" hai="70,71,75,77,81" m="12905,47178,40555" machi="81" ten="40,1500,0" yaku="23,1" doraHai="17" who="1" fromWho="1" sc="240,-7,250,25,250,-4,250,-4" /><INIT seed="1,0,0,3,3,114" ten="233,275,246,246" oya="1" hai0="129,59,15,44,51,13,25,100,78,12,49,31,102" hai1="120,21,79,123,88,6,126,28,14,113,58,103,54" hai2="48,121,55,109,43,26,5,97,82,127,99,76,38" hai3="119,131,20,135,65,33,7,92,124,30,9,4,37"/><U86/><E113/><V42/><F121/><W52/><G37/><T81/><D129/><U10/><E126/><V8/><F127/><W91/><G124/><T132/><D132/><U0/><E103/><V87/><F109/><W39/><G135/><T53/><D25/><U63/><E79/><V17/><F38/><W77/><G39/><T27/><D27/><U108/><E108/><V74/><F74/><W85/><G131/><T1/><D31/><U2/><E28/><V62/><F62/><W70/><G33/><T93/><D1/><U40/><E40/><V50/><F43/><W101/><G70/><T60/><D51/><U95/><REACH who="1" step="1"/><E21/><REACH who="1" ten="233,265,246,246" step="2"/><V11/><F42/><W110/><G110/><T116/><D116/><U45/><E45/><V104/><F76/><W105/><G77/><T90/><D78/><U134/><E134/><V106/><F106/><W122/><G119/><T89/><D89/><U46/><E46/><V84/><F104/><W72/><G105/><T24/><D81/><U118/><E118/><V80/><F80/><W64/><G101/><T94/><D94/><U22/><E22/><V117/><F82/><W111/><G111/><T128/><D128/><U29/><E29/><V83/><F83/><W73/><G30/><T112/><D112/><U96/><E96/><V57/><F99/><W115/><G20/><T71/><D102/><U66/><E66/><N who="3" m="25706" /><G115/><T34/><D100/><U56/><E56/><V3/><F97/><W133/><G133/><T19/><D71/><U47/><E47/><V98/><F98/><W75/><G92/><T107/><D93/><RYUUKYOKU ba="0,1" sc="233,-10,265,30,246,-10,246,-10" hai1="0,2,6,10,14,54,58,63,86,88,95,120,123" /><INIT seed="1,1,1,0,0,45" ten="223,295,236,236" oya="1" hai0="101,24,51,128,115,99,48,75,112,117,74,44,55" hai1="31,94,131,7,82,22,56,15,100,25,135,65,122" hai2="6,77,120,59,96,109,127,28,86,85,98,49,124" hai3="18,130,90,46,20,113,30,63,93,13,83,80,17"/><U23/><E122/><V104/><F120/><W73/><G113/><T47/><D117/><U29/><E135/><V40/><F109/><W134/><G130/><T0/><D0/><U133/><E133/><V102/><F28/><W97/><G134/><T114/><D24/><U11/><E131/><V78/><F6/><W110/><G110/><T9/><D9/><U3/><E3/><V76/><F98/><W53/><G30/><T58/><D128/><U1/><E1/><V123/><F123/><W36/><G36/><T42/><REACH who="0" step="1"/><D44/><REACH who="0" ten="213,295,236,236" step="2"/><U26/><E26/><V72/><F72/><W87/><G46/><T108/><D108/><U79/><E25/><V14/><F14/><W66/><G13/><T95/><AGARI ba="1,2" hai="42,47,48,51,55,58,74,75,95,99,101,112,114,115" machi="95" ten="30,12000,2" yaku="1,1,0,1,52,2,53,3" doraHai="45" doraHaiUra="111" who="0" fromWho="0" sc="213,143,295,-61,236,-31,236,-31" /><INIT seed="2,0,0,0,5,35" ten="356,234,205,205" oya="2" hai0="83,50,96,70,116,46,80,112,64,7,125,63,87" hai1="41,57,4,84,100,103,23,86,3,25,126,59,8" hai2="124,55,95,74,129,98,130,15,117,132,105,39,0" hai3="40,135,10,122,120,78,36,11,79,81,22,118,52"/><V30/><F117/><W115/><G118/><T127/><D112/><U93/><E126/><N who="0" m="48137" /><D116/><U6/><E6/><V53/><F124/><W73/><G135/><T51/><D7/><U21/><E41/><V26/><F132/><W128/><G128/><N who="2" m="49257" /><F105/><W2/><G115/><T104/><D50/><U91/><E23/><N who="2" m="15711" /><F74/><W99/><G78/><T45/><D46/><U107/><E107/><V123/><F123/><W94/><G11/><T33/><D33/><U28/><E86/><V106/><F106/><W37/><G22/><T72/><D72/><U108/><E108/><V34/><F34/><W20/><G20/><T101/><D87/><U9/><E9/><V102/><F39/><W134/><G37/><T71/><D71/><U17/><E28/><V97/><F97/><W61/><G134/><T89/><D89/><U119/><E119/><V19/><F0/><W24/><G2/><T56/><D70/><U62/><E59/><V110/><F110/><W43/><G36/><T111/><D111/><U68/><E68/><V90/><F90/><N who="3" m="55767" /><G10/><AGARI ba="0,0" hai="10,15,19,53,55,95,98,102" m="15711,49257" machi="10" ten="30,1500,0" yaku="19,1" doraHai="35" who="2" fromWho="3" sc="356,0,234,0,205,15,205,-15" /><INIT seed="2,1,0,3,3,76" ten="356,234,220,190" oya="2" hai0="15,130,123,57,20,43,5,100,52,86,32,122,87" hai1="99,89,121,46,45,31,33,107,9,60,97,14,39" hai2="101,131,51,70,58,82,94,59,27,8,91,50,83" hai3="54,90,115,66,18,96,88,29,2,133,40,124,17"/><V56/><F70/><W128/><G124/><T48/><D32/><U111/><E111/><V84/><F131/><W105/><G128/><T67/><D130/><U132/><E132/><V19/><F101/><W69/><G133/><T129/><D129/><U6/><E121/><V118/><F118/><W10/><G115/><T53/><D67/><U28/><E107/><V64/><F64/><W135/><G135/><T77/><D43/><U12/><E33/><V85/><F94/><W106/><G40/><T3/><D3/><U117/><E117/><V65/><F65/><W34/><G54/><T120/><D100/><U81/><E39/><V0/><F0/><W30/><G66/><T116/><D116/><U21/><E60/><V23/><F8/><W61/><G2/><T126/><D126/><U47/><E81/><V98/><F98/><N who="1" m="37385" /><E89/><AGARI ba="1,0" hai="19,23,27,50,51,56,58,59,82,83,84,85,89,91" machi="89" ten="40,12000,1" yaku="9,1,8,1,52,2" doraHai="76" who="2" fromWho="1" sc="356,0,234,-123,220,123,190,0" /><INIT seed="2,2,0,1,1,118" ten="356,111,343,190" oya="2" hai0="114,2,26,36,37,120,3,109,63,30,122,15,89" hai1="35,117,5,121,105,76,64,51,38,73,87,18,43" hai2="88,48,119,75,29,62,1,25,10,8,24,69,126" hai3="130,108,115,49,39,66,58,41,57,127,42,17,21"/><V46/><F119/><W33/><G108/><T83/><D114/><U93/><E117/><V23/><F75/><W34/><G115/><T52/><D15/><U47/><E105/><V123/><F123/><W125/><G130/><T19/><D19/><U112/><E35/><N who="3" m="13322" /><G39/><T103/><D103/><U91/><E112/><V60/><F126/><N who="3" m="48139" /><G66/><T92/><D83/><U132/><E132/><V77/><F77/><W128/><G128/><T65/><D109/><U107/><E107/><V82/><F24/><N who="3" m="14383" /><G49/><T53/><D26/><U80/><E64/><V31/><F31/><W85/><G85/><T124/><D30/><U9/><E51/><V67/><F1/><W86/><G86/><T100/><D100/><U59/><E59/><AGARI ba="2,0" hai="41,42,57,58,59" m="14383,48139,13322" machi="59" ten="30,1000,0" yaku="18,1" doraHai="118" who="3" fromWho="1" sc="356,0,111,-16,343,0,190,16" /><INIT seed="3,0,0,2,4,4" ten="356,95,343,206" oya="3" hai0="56,60,29,51,102,87,127,126,61,0,94,89,132" hai1="37,134,128,30,97,39,72,84,62,68,125,15,76" hai2="114,85,113,99,38,74,92,133,100,21,130,69,22" hai3="50,115,86,46,42,81,79,95,43,107,13,36,82"/><W53/><G107/><T59/><D0/><U52/><E72/><V44/><F74/><W122/><G122/><T83/><D132/><U73/><E73/><V17/><F69/><W19/><G115/><T26/><D51/><U116/><E134/><V35/><F35/><W75/><G95/><T120/><D120/><U109/><E109/><V88/><F133/><W57/><G36/><T32/><D102/><U91/><E68/><V5/><F130/><W135/><G135/><T70/><D83/><U11/><E128/><V12/><F5/><W111/><G57/><N who="0" m="22091" /><D70/><U110/><E110/><V98/><F98/><W8/><REACH who="3" step="1"/><G111/><REACH who="3" ten="356,95,343,196" step="2"/><T121/><D121/><U105/><E105/><V25/><F38/><W123/><G123/><T63/><D126/><U18/><E125/><V10/><F44/><W64/><G64/><T112/><D127/><U23/><E116/><V28/><F22/><W14/><G14/><T96/><D112/><U7/><E39/><V47/><F47/><W108/><G108/><T9/><D94/><AGARI ba="0,1" hai="10,12,17,21,25,28,85,88,92,94,99,100,113,114" machi="94" ten="30,3900,0" yaku="7,1,52,1,54,1" doraHai="4" who="2" fromWho="0" sc="356,-39,95,0,343,49,196,0" owari="317,11.7,95,-40.5,392,49.2,196,-20.4" /></mjloggm>