<mjloggm ver="2.3"><GO type="225" lobby="0"/><UN n0="%E3%81%8B%E3%82%8F%E3%81%A1%E3%82%83%E3%82%93%35%38" n1="%73%73%6B%5F%66%72%65%65" n2="%65%6B%61%72%75%74%65" n3="%E3%81%B5%E3%81%98%E3%81%8B%E3%81%A4" dan="17,16,16,17" rate="2205.52,2088.86,2181.16,2210.37" sx="M,M,M,M"/><TAIKYOKU oya="0"/><INIT seed="0,0,0,3,0,105" ten="250,250,250,250" oya="0" hai0="114,34,78,77,55,126,103,37,107,134,22,14,83" hai1="106,84,82,65,131,24,11,91,6,89,18,96,76" hai2="88,43,104,128,30,81,133,9,33,52,23,129,31" hai3="127,45,58,75,99,94,49,130,71,79,80,132,93"/><T0/><D0/><U109/><E109/><V28/><F104/><W54/><G127/><T35/><D37/><U5/><E131/><N who="2" m="50251" /><F133/><W98/><G130/><T108/><D114/><U19/><E65/><V47/><F9/><W59/><G132/><T113/><D113/><U2/><E5/><V51/><F23/><W25/><G71/><T20/><D134/><U15/><E24/><N who="2" m="18567" /><F43/><W4/><G4/><T63/><D126/><U61/><E61/><V1/><F1/><W124/><G25/><T26/><D108/><U8/><REACH who="1" step="1"/><E19/><REACH who="1" ten="250,240,250,250" step="2"/><V119/><F119/><W122/><G124/><T70/><D26/><U135/><E135/><V115/><F115/><W39/><G122/><T67/><D63/><U44/><E44/><V27/><F27/><W56/><REACH who="3" step="1"/><G39/><REACH who="3" ten="250,240,250,240" step="2"/><T40/><D34/><U21/><E21/><V121/><F121/><W7/><G7/><T86/><D35/><U118/><E118/><V87/><AGARI ba="0,2" hai="30,31,47,51,52,81,87,88" m="18567,50251" machi="87" ten="30,4000,0" yaku="19,1,54,2" doraHai="105" who="2" fromWho="2" sc="250,-20,240,-10,250,60,240,-10" /><INIT seed="1,0,0,3,1,23" ten="230,230,310,230" oya="1" hai0="86,50,131,46,58,97,73,72,100,26,40,22,91" hai1="99,134,3,25,8,119,29,60,70,71,85,93,47" hai2="14,125,117,57,126,7,43,118,79,48,12,130,128" hai3="107,2,44,111,105,64,20,98,56,89,82,55,24"/><U88/><E119/><N who="2" m="45579" /><F79/><W95/><G111/><T77/><D77/><U90/><E134/><V81/><F81/><W122/><G2/><T114/><D114/><U65/><E47/><N who="2" m="25727" /><F57/><W16/><G122/><T38/><D131/><N who="2" m="50218" /><F7/><W28/><G44/><T27/><D38/><U76/><E76/><V30/><F30/><W74/><G64/><T36/><D36/><U113/><E113/><V6/><F6/><W106/><G82/><N who="0" m="49623" /><D72/><U10/><E3/><V69/><F69/><W41/><G41/><T78/><D78/><U39/><E71/><V123/><F123/><W80/><G80/><T75/><D75/><U96/><E39/><V133/><F133/><W21/><G74/><T45/><D45/><U61/><E65/><V37/><F37/><W101/><G101/><T121/><D73/><U67/><E61/><V35/><F35/><W34/><REACH who="3" step="1"/><G16/><REACH who="3" ten="230,230,310,220" step="2"/><N who="0" m="12615" /><D121/><U54/><E67/><V32/><F14/><W9/><G9/><T127/><D58/><N who="1" m="34903" /><E70/><V18/><F12/><W92/><G92/><N who="0" m="58407" /><D27/><U116/><E116/><V94/><F94/><W11/><G11/><T62/><D62/><AGARI ba="0,1" hai="20,21,24,28,34,55,56,62,89,95,98,105,106,107" machi="62" ten="40,2600,0" yaku="1,1,52,1,53,0" doraHai="23" doraHaiUra="108" who="3" fromWho="0" sc="230,-26,230,0,310,0,220,36" /><INIT seed="2,0,0,4,0,11" ten="204,230,310,256" oya="2" hai0="6,63,30,133,95,28,50,54,83,75,41,119,110" hai1="85,60,59,64,13,99,35,40,92,27,91,51,69" hai2="106,79,112,61,135,14,45,100,108,25,71,57,44" hai3="113,93,73,107,0,37,20,49,130,55,114,132,46"/><V18/><F112/><N who="3" m="43115" /><G0/><T12/><D110/><U2/><E2/><V89/><F71/><W36/><G107/><T38/><D38/><N who="3" m="14953" /><G73/><T5/><D133/><U131/><E131/><V39/><F79/><W82/><G82/><T120/><D120/><U78/><E27/><V134/><F25/><W80/><G80/><T103/><D119/><U1/><E1/><V21/><F108/><W65/><G65/><T90/><D75/><U87/><E35/><V126/><F126/><W24/><G93/><T111/><D111/><U127/><E127/><V22/><F39/><W84/><G84/><T88/><D63/><U33/><E33/><V122/><F61/><W123/><G123/><T118/><D41/><U15/><E69/><V58/><F106/><W16/><G132/><T43/><D43/><U116/><E116/><V101/><F122/><W115/><N who="3" m="43123" /><W67/><DORA hai="124" /><G67/><T70/><D70/><U128/><E128/><AGARI ba="0,0" hai="16,20,24,46,49,55,128,130" m="14953,43123" machi="128" ten="50,8000,1" yaku="11,1,52,2,54,1" doraHai="11,124" who="3" fromWho="1" sc="204,0,230,-80,310,0,256,80" /><INIT seed="3,0,0,0,2,1" ten="204,150,310,336" oya="3" hai0="43,78,27,14,31,116,19,89,114,60,72,33,126" hai1="103,5,58,76,62,29,109,61,38,49,113,73,47" hai2="96,74,44,121,105,28,0,34,68,99,84,92,9" hai3="63,20,40,104,26,70,15,41,79,85,112,106,39"/><W130/><G112/><T90/><D116/><U118/><E113/><V102/><F74/><W17/><G130/><T110/><D114/><U16/><E109/><V25/><F121/><W50/><G39/><T21/><D110/><U32/><E38/><V6/><F68/><W120/><G120/><T123/><D123/><U7/><E118/><V125/><F44/><N who="3" m="25863" /><G41/><T35/><D35/><U57/><E103/><V46/><F46/><W132/><G70/><T11/><D43/><N who="1" m="24831" /><E32/><V87/><REACH who="2" step="1"/><F125/><REACH who="2" ten="204,150,300,336" step="2"/><W64/><G132/><T98/><D126/><U129/><E73/><V53/><F53/><W12/><G106/><T135/><D72/><U117/><E129/><V128/><F128/><W71/><G104/><T83/><D135/><U131/><E131/><V108/><F108/><W55/><G55/><T30/><D33/><U22/><E117/><V119/><F119/><W75/><G75/><T23/><D31/><U36/><E29/><V3/><F3/><W77/><G71/><T65/><D30/><U97/><E36/><V45/><F45/><W93/><G64/><T4/><D65/><N who="1" m="39087" /><E76/><V8/><F8/><W86/><G79/><T101/><D78/><U94/><E94/><V2/><F2/><W115/><G77/><T48/><D11/><U37/><E37/><V67/><F67/><W127/><G93/><T100/><D100/><AGARI ba="0,1" hai="0,6,9,25,28,34,84,87,92,96,99,100,102,105" machi="100" ten="30,7700,0" yaku="1,1,7,1,52,1,53,1" doraHai="1" doraHaiUra="88" who="2" fromWho="0" sc="204,-77,150,0,300,87,336,0" owari="127,-37.3,150,-25.0,387,48.7,336,13.6" /></mjloggm>