<mjloggm ver="2.3"><GO type="225" lobby="0"/><UN n0="%E6%A0%B9%E5%85%83%E3%81%8B%E3%82%89%E5%90%B9%E3%81%A3%E9%A3%9B%E3%81%B6" n1="%E3%81%82%E3%83%BC%E3%81%97" n2="%E8%81%B7%E6%A5%AD%E3%80%81%E9%A2%A8%32" n3="%E2%91%A3%E9%81%BF%E9%81%8A%E6%88%AF%E3%80%90%E6%9D%B1%E5%8D%97%E3%80%91" dan="16,16,16,16" rate="2171.94,2116.72,2098.93,2113.40" sx="F,M,M,M"/><TAIKYOKU oya="0"/><INIT seed="0,0,0,2,0,25" ten="250,250,250,250" oya="0" hai0="91,117,113,127,19,95,58,28,102,88,107,29,66" hai1="54,96,32,51,67,56,99,89,42,130,101,84,90" hai2="76,121,0,75,86,53,114,4,16,78,83,98,63" hai3="105,24,65,13,70,111,22,82,128,119,116,48,57"/><T129/><D113/><U47/><E130/><V12/><F114/><W14/><G128/><T132/><D117/><U81/><E32/><V72/><F121/><W52/><G111/><T36/><D129/><U60/><E90/><V109/><F109/><W55/><G105/><T79/><D36/><U124/><E124/><V27/><F75/><W20/><G70/><T131/><D127/><U87/><E87/><V97/><F27/><W3/><G3/><T15/><D132/><U112/><E112/><V49/><F63/><W122/><G65/><T50/><D79/><N who="2" m="30250" /><F4/><W30/><G82/><T18/><D18/><U125/><E125/><V1/><F0/><W61/><G122/><T43/><D131/><U64/><REACH who="1" step="1"/><E99/><REACH who="1" ten="250,240,250,250" step="2"/><V41/><F97/><W120/><G120/><T38/><D91/><U118/><E118/><V26/><F86/><W106/><G119/><T9/><D88/><U126/><E126/><V6/><F98/><W110/><G116/><T133/><D102/><U7/><E7/><V21/><F6/><W115/><G115/><T17/><D133/><U108/><E108/><V44/><F72/><W135/><G110/><T100/><D100/><U23/><E23/><V103/><F21/><N who="3" m="15631" /><G135/><T59/><D9/><U45/><E45/><V2/><F103/><W39/><G106/><AGARI ba="0,1" hai="42,47,51,54,56,60,64,67,81,84,89,96,101,106" machi="106" ten="30,2000,0" yaku="1,1,7,1,53,0" doraHai="25" doraHaiUra="68" who="1" fromWho="3" sc="250,0,240,30,250,0,250,-20" /><INIT seed="1,0,0,0,0,65" ten="250,270,250,230" oya="1" hai0="79,8,1,0,122,40,5,94,68,9,21,88,95" hai1="24,2,101,31,131,127,76,115,3,17,14,116,135" hai2="28,111,86,11,73,45,4,132,13,124,34,104,69" hai3="67,33,7,112,62,90,72,36,10,121,35,22,126"/><U60/><E116/><V117/><F73/><W57/><G112/><T119/><D119/><U48/><E115/><V20/><F111/><W93/><G121/><T83/><D122/><U32/><E135/><V129/><F69/><W85/><G72/><T30/><D68/><U130/><E127/><V80/><F104/><W108/><G126/><T77/><D40/><U44/><E60/><V87/><F87/><W118/><G118/><T120/><D120/><U41/><E101/><V23/><F132/><W18/><G36/><T55/><D55/><U38/><E76/><V107/><F107/><W26/><REACH who="3" step="1"/><G108/><REACH who="3" ten="250,270,250,220" step="2"/><T43/><D0/><AGARI ba="0,1" hai="0,7,10,18,22,26,33,35,57,62,67,85,90,93" machi="0" ten="30,3900,0" yaku="1,1,2,1,7,1,53,0" doraHai="65" doraHaiUra="51" who="3" fromWho="0" sc="250,-39,270,0,250,0,220,49" /><INIT seed="2,0,0,1,4,42" ten="211,270,250,269" oya="2" hai0="1,66,119,79,67,8,26,6,117,2,97,133,116" hai1="32,96,24,129,64,130,71,22,54,128,99,101,14" hai2="91,82,25,105,108,5,49,70,86,74,4,76,72" hai3="106,31,58,45,114,120,65,107,17,103,102,27,63"/><V0/><F70/><W23/><G120/><T19/><D133/><U134/><E32/><V80/><F74/><W39/><G114/><T132/><D132/><U121/><E134/><V115/><F105/><W111/><G111/><T29/><D79/><U84/><E121/><V10/><F115/><W109/><G109/><T33/><D97/><U16/><E84/><V85/><F108/><W37/><G37/><T73/><D73/><U68/><E54/><V113/><F113/><W50/><G39/><T126/><D126/><U55/><E55/><V43/><F5/><W53/><G107/><T124/><D124/><U7/><E64/><V69/><F72/><W59/><G106/><T62/><D62/><U98/><E101/><V9/><F69/><W21/><G59/><T77/><D77/><U104/><E104/><V123/><F10/><AGARI ba="0,0" hai="7,10,14,16,22,24,68,71,96,98,99,128,129,130" machi="10" ten="50,3200,0" yaku="19,1,54,1" doraHai="42" who="1" fromWho="2" sc="211,0,270,32,250,-32,269,0" /><INIT seed="3,0,0,1,0,115" ten="211,302,218,269" oya="3" hai0="62,105,50,113,99,58,102,39,42,118,45,30,52" hai1="76,71,95,63,124,56,96,8,135,125,114,77,51" hai2="84,75,13,93,110,2,53,85,91,67,48,127,18" hai3="21,15,86,0,106,78,66,103,65,82,126,70,104"/><W25/><G0/><T134/><D134/><U64/><E114/><V109/><F75/><W34/><G126/><N who="1" m="48746" /><E135/><V81/><F2/><W49/><G34/><T59/><D113/><U5/><E51/><V43/><F67/><W23/><G70/><T79/><D79/><U89/><E56/><V101/><F43/><W27/><G15/><AGARI ba="0,0" hai="5,8,15,63,64,71,76,77,89,95,96" m="48746" machi="15" ten="30,1000,0" yaku="18,1" doraHai="115" who="1" fromWho="3" sc="211,0,302,10,218,0,269,-10" owari="211,-28.9,312,41.2,218,-18.2,259,5.9" /></mjloggm>