<mjloggm ver="2.3"><GO type="225" lobby="0"/><UN n0="%E9%81%85%E5%88%BB%E3%81%AE%E3%83%97%E3%83%AA%E3%83%B3%E3%82%B9%E2%99%AA" n1="%E3%81%A6%E3%81%A4%EF%BC%A3" n2="%E3%83%AD%E3%83%83%E3%83%86%E9%9B%80%E7%90%83" n3="%E6%97%A5%E6%9B%9C%E6%97%A5%E3%82%88%E3%82%8A%E3%81%AE%E4%BD%BF%E8%80%85" dan="16,16,17,17" rate="2153.22,2081.06,2254.65,2195.80" sx="F,M,M,M"/><TAIKYOKU oya="0"/><INIT seed="0,0,0,3,0,123" ten="250,250,250,250" oya="0" hai0="113,61,47,74,83,112,69,81,0,25,3,57,16" hai1="124,18,78,48,24,104,37,125,131,100,87,54,35" hai2="40,79,59,23,103,5,90,27,127,58,17,119,22" hai3="55,39,116,75,102,12,9,96,132,49,30,34,107"/><T94/><D69/><U129/><E37/><V80/><F127/><N who="1" m="48713" /><E100/><V51/><F119/><W86/><G116/><T14/><D25/><U122/><E104/><V126/><F126/><W65/><G132/><T105/><D105/><U19/><E122/><V108/><F103/><W32/><G39/><T128/><D128/><N who="1" m="49227" /><E78/><V93/><F108/><W101/><G101/><T8/><D47/><N who="1" m="27935" /><E87/><N who="2" m="48543" /><F5/><W91/><G102/><T67/><D74/><U97/><E97/><N who="2" m="57527" /><F23/><W98/><G96/><T71/><D71/><U89/><E89/><V130/><F130/><W45/><G98/><T29/><D29/><AGARI ba="0,0" hai="18,19,24,29,35" m="27935,49227,48713" machi="29" ten="30,2000,0" yaku="18,1,19,1" doraHai="123" who="1" fromWho="0" sc="250,-20,250,20,250,0,250,0" /><INIT seed="1,0,0,2,3,103" ten="230,270,250,250" oya="1" hai0="4,85,11,129,100,74,14,45,50,21,38,72,125" hai1="30,105,27,3,70,5,43,53,110,57,109,20,112" hai2="17,131,60,23,121,94,49,102,71,34,54,75,84" hai3="22,65,104,82,52,118,7,16,91,95,26,29,79"/><U123/><E123/><V88/><F131/><W81/><G118/><T6/><D129/><U55/><E112/><V1/><F121/><W120/><G120/><T64/><D38/><U86/><E70/><V87/><F75/><W99/><G65/><T35/><D35/><U98/><E43/><V111/><F111/><N who="1" m="42505" /><E86/><V51/><F1/><W76/><G7/><T108/><D108/><U113/><E113/><V68/><F34/><W31/><G104/><T48/><D125/><U9/><E57/><N who="2" m="34871" /><F102/><AGARI ba="0,0" hai="3,5,9,20,27,30,53,55,98,102,105" m="42505" machi="102" ten="30,5800,0" yaku="14,1,10,1,52,1" doraHai="103" who="1" fromWho="2" sc="230,0,270,58,250,-58,250,0" /><INIT seed="1,1,0,0,3,46" ten="230,328,192,250" oya="1" hai0="33,130,4,93,122,115,135,107,1,95,86,65,44" hai1="8,113,77,43,68,60,76,126,104,57,84,89,88" hai2="79,12,7,72,101,128,15,62,5,98,71,39,42" hai3="87,94,38,18,2,110,124,54,6,29,109,24,131"/><U92/><E113/><V52/><F128/><W127/><G38/><T22/><D115/><U80/><E126/><N who="3" m="48170" /><G131/><T81/><D107/><U35/><E68/><V66/><F42/><W106/><G106/><T111/><D130/><U96/><E35/><V67/><F39/><W118/><G118/><T16/><D33/><U75/><E43/><V10/><F79/><W112/><G112/><T100/><D111/><N who="3" m="42505" /><G54/><T17/><D135/><U55/><E104/><V74/><F67/><W78/><G94/><T58/><D122/><U133/><E133/><V28/><F28/><W40/><G40/><T91/><D4/><U49/><E75/><V120/><F120/><W90/><G78/><N who="1" m="30314" /><E8/><V0/><F7/><W103/><G103/><T132/><D1/><U19/><E19/><V14/><F101/><W102/><G102/><T73/><D73/><U123/><E123/><V13/><N who="2" m="3072" /><DORA hai="37" /><V9/><F9/><N who="3" m="2263" /><G90/><T116/><D116/><U26/><E26/><V117/><F117/><W25/><G87/><T50/><D132/><U32/><E32/><V61/><REACH who="2" step="1"/><F98/><REACH who="2" ten="230,328,182,250" step="2"/><W63/><G29/><T82/><D100/><U47/><E89/><V21/><F21/><W41/><G41/><N who="0" m="24847" /><D22/><U70/><E96/><V23/><F23/><W69/><G18/><T97/><D17/><U34/><E34/><V31/><F31/><W134/><G134/><T99/><D16/><U125/><E125/><V45/><F45/><W11/><G11/><T53/><D65/><AGARI ba="1,1" hai="24,25,63,65,69" m="2263,42505,48170" machi="65" ten="30,2000,0" yaku="18,1,14,1" doraHai="46,37" who="3" fromWho="0" sc="230,-23,328,0,182,0,250,33" /><INIT seed="2,0,0,2,2,55" ten="207,328,182,283" oya="2" hai0="82,134,131,60,12,92,6,90,17,61,103,48,53" hai1="69,31,27,16,42,126,38,80,24,128,63,105,66" hai2="99,101,108,127,112,41,73,30,14,122,18,76,50" hai3="58,121,97,52,70,114,8,120,68,40,132,29,129"/><V91/><F122/><W11/><G29/><T107/><D131/><U106/><E128/><V109/><F112/><W102/><G129/><T116/><D134/><U28/><E126/><V94/><F127/><W98/><G40/><T44/><D116/><U2/><E2/><V0/><F0/><W89/><G89/><T19/><D82/><U104/><E80/><V33/><F76/><W96/><G102/><T1/><D1/><U39/><E42/><V81/><F73/><W37/><G37/><T133/><D133/><U86/><E86/><V56/><F30/><W118/><G118/><T64/><D107/><U22/><REACH who="1" step="1"/><E27/><REACH who="1" ten="207,318,182,283" step="2"/><V111/><F81/><W79/><G132/><T49/><D12/><U117/><E117/><V100/><F33/><W130/><G130/><T65/><D64/><U74/><E74/><V46/><REACH who="2" step="1"/><F56/><REACH who="2" ten="207,318,172,283" step="2"/><W9/><G114/><T5/><D65/><U62/><E62/><V32/><F32/><W7/><G79/><T71/><D61/><U10/><E10/><AGARI ba="0,2" hai="10,14,18,41,46,50,91,94,99,100,101,108,109,111" machi="10" ten="40,7700,0" yaku="1,1,14,1,10,1,53,0" doraHai="55" doraHaiUra="23" who="2" fromWho="1" sc="207,0,318,-77,172,97,283,0" /><INIT seed="2,1,0,5,5,56" ten="207,241,269,283" oya="2" hai0="23,61,67,85,41,28,38,122,132,119,12,95,88" hai1="39,14,46,15,134,45,27,54,86,129,106,98,91" hai2="78,53,111,34,22,13,19,80,31,50,68,84,92" hai3="8,9,127,125,130,128,52,82,59,89,33,135,93"/><V104/><F104/><W48/><G82/><T126/><D122/><U3/><E3/><V101/><F111/><W108/><G33/><T94/><D126/><N who="3" m="48137" /><G135/><T102/><D132/><U51/><E134/><V90/><F68/><W21/><G21/><T18/><D119/><U44/><E129/><N who="3" m="49770" /><G108/><T20/><D41/><U124/><E124/><V7/><F7/><W55/><G55/><T73/><D38/><U43/><E45/><V35/><F31/><W75/><G75/><T66/><D73/><U32/><E32/><V114/><F114/><W30/><G30/><T2/><D2/><U36/><E27/><V74/><REACH who="2" step="1"/><F101/><REACH who="2" ten="207,241,259,283" step="2"/><W17/><G17/><T70/><D28/><U83/><E106/><V26/><F26/><W10/><G10/><T97/><D67/><U58/><E98/><AGARI ba="1,1" hai="8,9,48,52,59,89,93,98" m="49770,48137" machi="98" ten="30,3900,0" yaku="18,1,19,1,54,1" doraHai="56" who="3" fromWho="1" sc="207,0,241,-42,259,0,283,52" /><INIT seed="3,0,0,1,5,125" ten="207,199,259,335" oya="3" hai0="26,121,80,82,117,4,8,33,61,103,134,37,109" hai1="17,55,65,46,27,128,116,132,127,32,113,30,52" hai2="91,63,81,49,75,25,88,24,71,7,66,20,10" hai3="101,76,102,3,22,57,69,115,56,43,87,28,64"/><W6/><G69/><T59/><D117/><U68/><E116/><V45/><F75/><W84/><G3/><T16/><D37/><U133/><E127/><V131/><F131/><W58/><G6/><T54/><D121/><U90/><E128/><V50/><F81/><W2/><G2/><T126/><D126/><U23/><E113/><V114/><F114/><W18/><G28/><T47/><D109/><U83/><E65/><V120/><F50/><W104/><G104/><T105/><D134/><N who="1" m="51819" /><E68/><V41/><F25/><W123/><G43/><T60/><D105/><U108/><E108/><V14/><REACH who="2" step="1"/><F120/><REACH who="2" ten="207,199,249,335" step="2"/><W112/><G123/><T118/><D118/><U79/><E46/><V39/><F39/><W119/><G119/><T95/><D47/><U93/><E32/><V48/><F48/><W129/><G129/><T38/><D38/><U85/><E30/><AGARI ba="0,1" hai="7,10,14,20,24,30,41,45,49,63,66,71,88,91" machi="30" ten="30,7700,0" yaku="1,1,7,1,54,1,53,1" doraHai="125" doraHaiUra="11" who="2" fromWho="1" sc="207,0,199,-77,249,87,335,0" owari="207,-19.3,122,-37.8,336,43.6,335,13.5" /></mjloggm>