<mjloggm ver="2.3"><GO type="225" lobby="0"/><UN n0="%72%65%6E%6B%75%6E" n1="%73%6C%69%63%6B%33%31%39" n2="%E3%83%99%E3%83%AB%E3%83%A2%E3%83%83%E3%83%88" n3="%E3%81%B5%E3%81%98%E3%81%8B%E3%81%A4" dan="17,16,16,16" rate="2215.22,2077.07,2102.90,2195.42" sx="M,M,M,M"/><TAIKYOKU oya="0"/><INIT seed="0,0,0,3,5,74" ten="250,250,250,250" oya="0" hai0="79,118,82,51,78,49,52,22,9,38,113,29,75" hai1="121,129,57,106,130,41,94,56,0,84,116,68,6" hai2="63,110,67,4,5,96,55,13,112,36,44,39,69" hai3="2,64,102,128,15,35,26,81,71,28,25,86,119"/><T37/><D118/><U99/><E68/><V62/><F112/><W43/><G119/><T109/><D113/><U23/><E116/><V105/><F110/><W133/><G2/><T31/><D109/><U16/><E121/><V88/><F62/><W66/><G133/><T89/><D75/><U83/><E106/><V27/><F27/><W98/><G128/><N who="1" m="49258" /><E41/><V135/><F135/><W132/><G132/><T42/><D9/><N who="1" m="2247" /><E94/><V10/><F105/><W95/><G43/><T123/><D123/><U114/><E99/><V87/><F96/><W91/><G71/><T30/><D22/><U104/><E104/><V80/><REACH who="2" step="1"/><F4/><REACH who="2" ten="250,250,240,250" step="2"/><W76/><G26/><T65/><D65/><U33/><E114/><V126/><F126/><W117/><G117/><T61/><D61/><U122/><E122/><V1/><F1/><W134/><G134/><T14/><D14/><N who="1" m="9623" /><E33/><V103/><F103/><W60/><G60/><T47/><D38/><U131/><N who="1" m="49266" /><U53/><DORA hai="50" /><E53/><V77/><F77/><AGARI ba="0,1" hai="56,57,77,83,84" m="9623,2247,49266" machi="77" ten="40,5200,0" yaku="19,1,52,1,54,1" doraHai="74,50" who="1" fromWho="2" sc="250,0,250,62,240,-52,250,0" /><INIT seed="1,0,0,5,0,95" ten="250,312,188,250" oya="1" hai0="43,22,131,79,18,75,4,104,119,34,83,46,23" hai1="118,1,97,3,98,33,0,100,13,56,82,89,86" hai2="11,72,128,55,64,27,77,115,14,21,28,107,117" hai3="102,129,106,38,16,51,5,40,49,122,24,108,73"/><U66/><E118/><V9/><F117/><W120/><G73/><T50/><D119/><U19/><E33/><V114/><F64/><W36/><G5/><T12/><D34/><U2/><N who="1" m="0" /><DORA hai="92" /><U81/><E81/><V134/><F128/><W15/><G24/><T103/><D131/><U17/><E100/><V126/><F126/><W69/><G69/><T132/><D132/><U63/><REACH who="1" step="1"/><E19/><REACH who="1" ten="250,302,188,250" step="2"/><V57/><F114/><W59/><G129/><T6/><REACH who="0" step="1"/><D23/><AGARI ba="0,1" hai="13,17,23,56,63,66,82,86,89,97,98" m="0" machi="23" ten="70,18000,2" yaku="1,1,2,1,52,4,53,1" doraHai="95,92" doraHaiUra="67,76" who="1" fromWho="0" sc="250,-180,302,190,188,0,250,0" /><INIT seed="1,1,0,2,2,75" ten="70,492,188,250" oya="1" hai0="125,107,52,33,18,91,70,3,102,17,64,8,115" hai1="56,99,79,123,65,122,96,11,36,76,77,124,12" hai2="105,44,116,66,46,47,1,120,73,92,128,49,61" hai3="34,19,13,16,95,86,53,106,0,62,10,67,51"/><U45/><E36/><V114/><F105/><W32/><G106/><T38/><D125/><U71/><E71/><V39/><F1/><W119/><G0/><T29/><D115/><U108/><E124/><V93/><F73/><W132/><G132/><T121/><D91/><U127/><E127/><V131/><F114/><W26/><G119/><T63/><D121/><U134/><E134/><V74/><F74/><W57/><G86/><T68/><D68/><U80/><E80/><V30/><F30/><W14/><G95/><T126/><D126/><U27/><E45/><V9/><F9/><W110/><G26/><T78/><D78/><U50/><E108/><V118/><F39/><W85/><G85/><T20/><D20/><U133/><E133/><V83/><F83/><W82/><G82/><T7/><D52/><U94/><E27/><V111/><F49/><W104/><G104/><T81/><D81/><U55/><E65/><V4/><F4/><W23/><REACH who="3" step="1"/><G110/><REACH who="3" ten="70,492,188,240" step="2"/><T31/><D31/><U42/><E123/><V88/><F111/><W129/><G129/><N who="2" m="49737" /><F93/><W37/><G37/><T6/><D38/><U135/><E135/><V5/><F120/><W28/><G28/><T103/><D107/><U21/><E122/><V87/><F5/><W48/><G48/><T43/><D6/><N who="1" m="3191" /><E94/><V60/><F60/><W84/><G84/><T109/><D109/><U22/><E99/><V15/><F15/><W100/><G100/><N who="0" m="38443" /><D29/><U59/><E96/><V58/><AGARI ba="1,1" hai="44,46,47,58,61,66,87,88,92,116,118" m="49737" machi="58" ten="30,2000,0" yaku="19,1,54,1" doraHai="75" who="2" fromWho="2" sc="70,-6,492,-11,188,33,240,-6" /><INIT seed="2,0,0,3,4,14" ten="64,481,221,234" oya="2" hai0="77,67,34,84,15,116,58,53,41,16,132,114,106" hai1="51,124,79,108,66,76,21,91,113,115,13,131,17" hai2="68,40,43,18,88,110,90,70,122,107,39,27,60" hai3="111,133,55,103,119,130,59,11,117,9,87,129,5"/><V50/><F107/><W37/><G103/><T99/><D114/><U96/><E108/><V109/><F39/><W31/><G37/><T57/><D34/><U49/><E66/><V112/><F112/><W24/><G111/><N who="2" m="42505" /><F122/><W86/><G133/><T48/><D132/><U56/><E115/><V128/><F128/><N who="3" m="49259" /><G86/><T104/><D41/><N who="2" m="15946" /><F50/><N who="3" m="31223" /><G87/><T22/><D99/><U0/><E51/><V54/><F54/><W42/><G42/><T89/><D77/><U125/><E49/><V83/><F83/><W30/><G30/><T105/><D116/><N who="3" m="44617" /><G5/><T94/><REACH who="0" step="1"/><D57/><REACH who="0" ten="54,481,221,234" step="2"/><U3/><E76/><V126/><F70/><W12/><G12/><T69/><D69/><U20/><E79/><V102/><F68/><W2/><G2/><T6/><D6/><U45/><E0/><V1/><F1/><W47/><G47/><T19/><D19/><U73/><E3/><V72/><F18/><W74/><G74/><T10/><D10/><U44/><E73/><V46/><F72/><W78/><G78/><T80/><D80/><U36/><E113/><V85/><F46/><W4/><G4/><T118/><D118/><U101/><E44/><V25/><F25/><W64/><G9/><T65/><AGARI ba="0,1" hai="15,16,22,48,53,58,65,67,84,89,94,104,105,106" machi="65" ten="40,12000,2" yaku="1,1,0,1,25,2,52,1,54,1,53,0" doraHai="14" doraHaiUra="32" who="0" fromWho="0" sc="54,130,481,-30,221,-60,234,-30" /><INIT seed="3,0,0,4,0,6" ten="184,451,161,204" oya="3" hai0="0,43,60,72,56,110,25,83,89,125,100,124,128" hai1="20,23,54,98,82,46,92,75,116,40,96,73,77" hai2="84,19,117,29,115,127,34,102,119,44,42,69,121" hai3="35,109,31,58,76,129,86,80,21,104,88,108,8"/><W14/><G104/><T120/><D120/><U52/><E75/><V39/><F69/><W94/><G129/><T101/><D128/><U12/><E116/><V112/><F102/><W133/><G133/><T18/><D0/><U11/><E23/><V131/><F121/><W10/><G35/><T37/><D110/><N who="3" m="42601" /><G58/><T15/><D25/><U50/><E20/><V17/><F131/><W134/><G134/><T91/><D43/><U47/><E92/><V16/><F127/><N who="0" m="48714" /><D37/><U51/><E40/><V135/><F135/><W22/><G31/><T70/><D70/><U81/><E81/><V111/><F111/><W5/><G10/><N who="0" m="6519" /><D100/><U45/><E45/><V3/><F3/><W114/><G114/><T103/><D103/><U87/><E73/><AGARI ba="0,0" hai="5,8,14,21,22,73,76,80,86,88,94" m="42601" machi="73" ten="30,11600,0" yaku="14,1,10,1,52,1,54,1" doraHai="6" who="3" fromWho="1" sc="184,0,451,-116,161,0,204,116" /><INIT seed="3,1,0,2,0,120" ten="184,335,161,320" oya="3" hai0="36,60,45,99,108,53,68,77,55,79,33,58,8" hai1="47,93,15,48,102,107,61,116,133,14,72,22,115" hai2="97,118,74,24,89,126,64,82,38,6,9,10,69" hai3="65,1,21,86,110,96,109,39,54,91,104,114,127"/><W66/><G114/><T40/><D33/><U32/><E32/><V135/><F118/><W88/><G39/><T111/><D68/><U105/><E72/><V42/><F126/><W17/><G1/><T119/><D119/><U124/><E116/><V98/><F135/><W103/><G54/><T34/><D34/><U123/><E123/><V121/><F121/><W85/><G127/><T101/><D8/><U131/><E124/><V83/><F74/><W20/><G86/><T41/><D55/><U5/><E115/><V46/><F24/><N who="3" m="14351" /><G21/><T25/><D25/><U117/><E117/><V92/><F69/><W0/><G0/><T112/><D41/><U56/><E105/><V16/><F64/><N who="3" m="24683" /><G85/><T51/><D36/><U94/><E107/><V122/><F122/><W12/><G12/><T4/><D4/><U134/><E5/><V52/><F10/><W29/><G29/><T28/><D28/><U3/><E3/><V43/><F43/><W63/><G63/><T7/><D7/><U95/><E22/><V87/><F16/><W18/><G18/><T130/><D112/><U57/><E61/><V100/><F97/><W2/><G2/><T125/><D125/><U113/><E113/><V49/><F38/><W35/><G35/><T80/><D79/><U75/><E75/><V81/><F42/><W31/><G31/><T23/><D23/><U73/><E73/><V84/><F84/><W70/><G70/><T27/><D27/><U44/><E102/><V78/><F78/><W67/><G67/><T30/><D60/><U26/><E134/><V129/><F129/><RYUUKYOKU ba="1,0" sc="184,-15,335,-15,161,15,320,15" hai2="6,9,46,49,52,81,82,83,87,89,92,98,100" hai3="88,91,96,103,104,109,110" owari="169,-33.1,320,12.0,176,-22.4,335,43.5" /></mjloggm>