<mjloggm ver="2.3"><GO type="225" lobby="0"/><UN n0="%E3%81%BF%E3%81%BF%E3%81%9A" n1="%77%72%77%72%77%72%77%72" n2="%E6%B4%BE%E9%81%A3%E3%81%AE%E3%82%B8%E3%83%A3%E3%83%83%E3%82%AF" n3="%E3%81%82%E3%81%99%E3%81%AB%E3%82%83%E3%82%80" dan="16,16,17,16" rate="2171.91,2130.02,2200.38,2113.07" sx="M,M,M,F"/><TAIKYOKU oya="0"/><INIT seed="0,0,0,4,5,88" ten="250,250,250,250" oya="0" hai0="27,55,73,80,70,46,108,133,86,83,81,25,103" hai1="23,124,42,53,104,28,112,3,114,75,7,89,64" hai2="6,24,33,74,12,15,134,9,68,100,129,61,131" hai3="110,109,2,39,13,5,101,78,49,91,126,106,118"/><T95/><D70/><U107/><E75/><V41/><F74/><W60/><G118/><T121/><D121/><U105/><E42/><V67/><F41/><W22/><G39/><T45/><D133/><U58/><E64/><V20/><F134/><W82/><G126/><T8/><D108/><N who="3" m="41577" /><G91/><N who="0" m="53751" /><D73/><U111/><E111/><V66/><F66/><W11/><G60/><T56/><D103/><U65/><E65/><V92/><F33/><W26/><G49/><N who="0" m="30831" /><D8/><U36/><E36/><V35/><F35/><W52/><G52/><T76/><D76/><U51/><E124/><V31/><REACH who="2" step="1"/><F15/><REACH who="2" ten="250,250,240,250" step="2"/><W30/><G13/><T44/><AGARI ba="0,1" hai="25,27,44,45,46,80,81,83" m="30831,53751" machi="44" ten="30,3000,0" yaku="8,1,52,1" doraHai="88" who="0" fromWho="0" sc="250,40,250,-10,240,-10,250,-10" /><INIT seed="0,1,0,5,0,94" ten="290,240,230,240" oya="0" hai0="2,128,12,110,48,59,96,19,25,95,55,109,34" hai1="15,63,40,79,38,105,27,117,61,46,5,91,77" hai2="1,102,84,22,14,123,51,106,130,114,10,52,17" hai3="23,33,50,64,98,104,70,97,20,57,47,83,75"/><T115/><D115/><U121/><E117/><V103/><F114/><W56/><G33/><T28/><D2/><U60/><E121/><V43/><F123/><W54/><G104/><T31/><D128/><U67/><E105/><V131/><F43/><W132/><G70/><T21/><REACH who="0" step="1"/><D31/><REACH who="0" ten="280,240,230,240" step="2"/><U80/><E67/><V81/><F1/><W36/><G64/><T8/><D8/><U118/><E118/><V71/><F10/><W89/><G132/><T133/><D133/><U124/><E124/><V111/><F130/><W37/><G36/><T120/><D120/><U113/><E113/><V16/><F131/><W9/><G37/><T107/><D107/><U42/><E38/><V122/><F122/><W11/><G9/><T99/><D99/><N who="3" m="37897" /><G11/><T93/><D93/><U49/><E5/><V119/><F106/><W35/><G35/><T66/><D66/><U53/><E80/><V108/><F119/><W90/><G83/><T39/><D39/><U30/><E30/><V68/><F81/><W29/><G29/><T73/><D73/><U101/><E79/><V74/><F74/><W26/><G75/><T127/><D127/><U116/><E77/><V125/><F125/><W112/><G112/><T6/><D6/><U4/><E116/><V87/><F17/><N who="3" m="12559" /><G23/><T65/><D65/><U100/><E4/><V135/><F135/><W72/><G72/><T41/><D41/><U24/><E42/><V126/><F126/><W88/><AGARI ba="1,1" hai="47,50,54,56,57,88,89,90" m="12559,37897" machi="88" ten="30,8000,1" yaku="8,1,52,3,54,1" doraHai="94" who="3" fromWho="3" sc="280,-41,240,-21,230,-21,240,93" /><INIT seed="1,0,0,4,4,4" ten="239,219,209,333" oya="1" hai0="82,7,123,17,87,86,58,90,65,64,3,116,128" hai1="131,115,66,81,2,132,47,105,79,126,100,92,22" hai2="78,134,49,31,67,59,84,30,89,19,39,114,98" hai3="103,26,11,1,52,48,74,34,28,40,5,44,80"/><U129/><E115/><V77/><F39/><W93/><G103/><T85/><D116/><U6/><E105/><V83/><F134/><W0/><G93/><T112/><D112/><U42/><E132/><V27/><F114/><W16/><G0/><T56/><D128/><N who="1" m="49227" /><E126/><V99/><F19/><W94/><G94/><T72/><D123/><U9/><E22/><V108/><F108/><W124/><G124/><T8/><D17/><U32/><E66/><V53/><F67/><W23/><G80/><T133/><D133/><U15/><E32/><V135/><F135/><W69/><G69/><T120/><D120/><U12/><E92/><V70/><F70/><W110/><G110/><T51/><D72/><N who="1" m="43239" /><E100/><V102/><F30/><W20/><G74/><T33/><D33/><U61/><E61/><V25/><F25/><W36/><REACH who="3" step="1"/><G16/><REACH who="3" ten="239,219,209,323" step="2"/><T50/><D82/><U14/><E14/><V55/><F102/><W127/><G127/><T46/><D3/><U91/><E91/><V121/><F121/><W62/><G62/><T63/><D90/><U38/><AGARI ba="0,1" hai="2,6,9,12,15,38,42,47" m="43239,49227" machi="38" ten="30,6000,0" yaku="25,1,19,1,52,1" doraHai="4" who="1" fromWho="1" sc="239,-20,219,70,209,-20,323,-20" /><INIT seed="1,1,0,0,4,68" ten="219,289,189,303" oya="1" hai0="93,4,133,127,22,117,96,77,71,10,89,23,109" hai1="121,2,12,65,100,31,66,36,132,120,76,70,124" hai2="18,73,122,17,29,61,44,13,128,126,1,74,16" hai3="72,0,130,42,33,131,58,64,91,110,69,3,82"/><U56/><E2/><V20/><F122/><W113/><G113/><T67/><D117/><U94/><E70/><V60/><F1/><W106/><G106/><T84/><D109/><U48/><E36/><V54/><F126/><W62/><G33/><T34/><D127/><U49/><E124/><V104/><F104/><W24/><G24/><T28/><D133/><U134/><E76/><V107/><F107/><W9/><G110/><T5/><D34/><U119/><E31/><V83/><F128/><N who="3" m="49195" /><G9/><T86/><D71/><U80/><E80/><V55/><F29/><W35/><G35/><T78/><D67/><N who="1" m="25611" /><E12/><V46/><F13/><W45/><G58/><T25/><D23/><U116/><E94/><V14/><F14/><W15/><G15/><N who="0" m="5575" /><D5/><U21/><E100/><V8/><F8/><W57/><G57/><T50/><D50/><N who="1" m="19563" /><E56/><V59/><F20/><W47/><G47/><N who="2" m="17961" /><F59/><W53/><G53/><N who="2" m="19977" /><F83/><W99/><G72/><AGARI ba="1,0" hai="16,17,18,60,61,72,73,74" m="19977,17961" machi="72" ten="40,5200,0" yaku="28,2,54,1" doraHai="68" who="2" fromWho="3" sc="219,0,289,0,189,55,303,-55" /><INIT seed="2,0,0,1,0,27" ten="219,289,244,248" oya="2" hai0="96,69,73,77,48,14,129,51,29,119,94,84,9" hai1="99,125,80,88,23,85,35,42,113,1,79,49,92" hai2="5,44,2,130,111,62,16,89,41,95,12,33,103" hai3="124,98,132,24,60,108,133,134,93,120,97,50,65"/><V70/><F130/><W86/><G120/><T37/><D37/><U7/><E35/><V75/><F75/><W106/><G108/><T109/><D69/><U20/><E113/><V17/><F103/><N who="3" m="62831" /><G50/><N who="0" m="18987" /><D73/><U59/><E125/><V71/><F33/><W28/><G86/><T43/><D109/><U58/><E1/><V100/><F100/><W127/><G93/><T56/><D129/><U131/><E7/><V74/><F74/><W101/><G98/><T26/><D119/><U82/><E82/><V66/><F71/><N who="3" m="42407" /><G101/><N who="0" m="60567" /><D43/><U22/><REACH who="1" step="1"/><E131/><REACH who="1" ten="219,279,244,248" step="2"/><V121/><F2/><W0/><G0/><T31/><D56/><U115/><E115/><V8/><F111/><W112/><G112/><T76/><D26/><U45/><AGARI ba="0,1" hai="20,22,23,42,45,49,58,59,79,80,85,88,92,99" machi="45" ten="30,7900,0" yaku="1,1,0,1,8,1,54,1,53,0" doraHai="27" doraHaiUra="10" who="1" fromWho="1" sc="219,-20,279,89,244,-39,248,-20" /><INIT seed="3,0,0,2,4,5" ten="199,368,205,228" oya="3" hai0="31,28,24,8,21,94,71,51,56,88,111,44,121" hai1="68,15,80,52,62,70,48,107,16,92,109,106,43" hai2="47,75,67,54,53,132,57,97,125,89,55,127,126" hai3="130,99,30,79,19,110,34,87,95,42,101,3,112"/><W4/><G112/><T58/><D121/><U9/><E109/><V13/><F132/><W66/><G130/><T1/><D71/><U98/><E43/><V104/><F75/><W74/><G110/><T10/><D111/><U78/><E68/><V103/><F89/><W133/><G133/><T77/><D77/><U117/><E117/><V32/><F32/><W113/><G113/><T50/><D31/><U12/><E12/><V81/><F81/><W120/><G120/><T116/><D116/><U40/><E40/><V49/><F13/><W131/><G66/><T18/><D1/><U114/><E62/><AGARI ba="0,0" hai="47,49,53,54,55,57,62,67,97,103,104,125,126,127" machi="62" ten="40,1300,0" yaku="18,1" doraHai="5" who="2" fromWho="1" sc="199,0,368,-13,205,13,228,0" owari="199,-30.1,355,45.5,218,-18.2,228,2.8" /></mjloggm>