<mjloggm ver="2.3"><GO type="225" lobby="0"/><UN n0="%E7%99%BD%E6%97%A5%E9%9B%AA%E8%8F%9C" n1="%E3%83%97%E3%83%AC%E3%83%B4%E3%82%A1%E3%83%86%E3%82%A3" n2="%E3%81%86%E3%81%A9%E3%82%93%E3%81%93" n3="%72%61%6B%33" dan="16,16,16,16" rate="2192.34,2096.82,2164.18,2077.28" sx="M,F,M,M"/><TAIKYOKU oya="0"/><INIT seed="0,0,0,2,5,58" ten="250,250,250,250" oya="0" hai0="33,99,29,87,27,125,18,36,89,56,60,131,6" hai1="127,80,0,31,101,1,50,104,19,64,133,22,111" hai2="45,25,118,132,35,48,49,40,63,83,129,62,117" hai3="122,37,41,55,43,96,120,32,106,74,57,8,110"/><T65/><D36/><U86/><E111/><V23/><F129/><W92/><G110/><T21/><D131/><U115/><E127/><V107/><F107/><W3/><G32/><T88/><D125/><U20/><E133/><V14/><F132/><W94/><G74/><T76/><D6/><U135/><E135/><V9/><F35/><W66/><G66/><T69/><D69/><U119/><E119/><N who="2" m="45579" /><F49/><W39/><G106/><T109/><D109/><U30/><E115/><V103/><F103/><W13/><G3/><T16/><D99/><U17/><E101/><V2/><F2/><W105/><G105/><T100/><D100/><U95/><E104/><V72/><F83/><W70/><G70/><T108/><D108/><U102/><E102/><V93/><F93/><W90/><G94/><T44/><D44/><U73/><E95/><V28/><F72/><W98/><G98/><T10/><D10/><U54/><E73/><V134/><F134/><W26/><G39/><T67/><D67/><U126/><E64/><V34/><F34/><W4/><G37/><T81/><D18/><AGARI ba="0,0" hai="9,14,18,23,25,28,40,45,48,62,63" m="45579" machi="18" ten="30,3900,0" yaku="12,1,52,2" doraHai="58" who="2" fromWho="0" sc="250,-39,250,0,250,39,250,0" /><INIT seed="1,0,0,0,3,88" ten="211,250,289,250" oya="1" hai0="127,78,31,102,10,116,40,54,24,108,129,107,22" hai1="5,66,46,39,117,118,16,70,37,121,55,61,8" hai2="47,114,83,103,90,97,98,75,130,1,135,110,99" hai3="58,85,134,76,48,91,18,41,100,15,0,111,11"/><U119/><E121/><V20/><F1/><W21/><G111/><T60/><D116/><U4/><E39/><V69/><F69/><W132/><G76/><T94/><D107/><U77/><E77/><V133/><F110/><W23/><G100/><T93/><D108/><U45/><E37/><V113/><F20/><W34/><G34/><T7/><D127/><U81/><E81/><V27/><F27/><W122/><G122/><T131/><D40/><U59/><E16/><V2/><F2/><W36/><G36/><T101/><D78/><U128/><E128/><N who="0" m="49225" /><D54/><U72/><E72/><V3/><F47/><W28/><G28/><T124/><D60/><U92/><E4/><V123/><F3/><W30/><G30/><T33/><D124/><U52/><E8/><V89/><F123/><W115/><G115/><N who="2" m="44041" /><F103/><N who="0" m="39434" /><D33/><U62/><E5/><V82/><F75/><W71/><G0/><AGARI ba="0,0" hai="0,7,10,22,24,31,93,94" m="39434,49225" machi="0" ten="30,3900,0" yaku="19,1,52,2" doraHai="88" who="0" fromWho="3" sc="211,39,250,0,289,0,250,-39" /><INIT seed="2,0,0,2,0,103" ten="250,250,289,211" oya="2" hai0="3,31,104,130,105,12,84,50,53,96,10,52,34" hai1="93,69,43,28,23,21,64,81,88,95,55,56,13" hai2="115,113,97,6,18,92,39,131,100,133,94,117,102" hai3="47,70,72,132,26,38,14,90,67,1,19,85,118"/><V87/><F117/><W58/><G72/><T54/><D3/><U45/><E28/><V49/><F39/><W79/><G1/><T16/><D130/><U25/><E69/><V123/><F123/><W126/><G118/><T119/><D119/><U65/><E81/><V24/><F131/><W106/><G70/><T98/><D84/><N who="1" m="52359" /><E95/><V63/><F6/><W82/><G26/><T78/><D78/><U107/><E107/><V101/><F133/><W51/><G132/><T71/><D71/><U91/><E91/><V134/><F134/><W66/><G38/><T42/><D31/><N who="1" m="17839" /><E45/><V15/><F101/><W33/><G33/><T8/><D34/><U5/><E43/><V127/><F102/><W77/><G106/><T37/><D37/><U111/><E111/><V20/><F100/><W48/><G126/><T62/><D105/><U60/><E5/><V122/><F127/><W125/><G125/><T99/><D104/><U44/><E44/><V108/><F108/><W61/><G66/><T46/><D62/><U27/><E27/><V109/><F109/><W83/><G47/><T124/><D124/><U121/><E121/><V9/><F122/><W57/><G57/><T89/><D89/><U74/><E74/><V68/><F63/><W112/><G112/><T32/><D32/><U22/><E22/><AGARI ba="0,0" hai="8,10,12,16,22,42,46,50,52,53,54,96,98,99" machi="22" ten="40,5200,0" yaku="8,1,54,2" doraHai="103" who="0" fromWho="1" sc="250,52,250,-52,289,0,211,0" /><INIT seed="3,0,0,5,0,102" ten="302,198,289,211" oya="3" hai0="104,115,56,11,80,82,64,59,125,21,84,88,10" hai1="47,133,37,101,83,97,87,49,124,68,62,94,13" hai2="81,66,60,15,95,105,69,123,134,106,46,0,121" hai3="27,42,4,50,78,126,71,110,111,48,120,1,135"/><W103/><G120/><N who="2" m="46153" /><F134/><W43/><G71/><T67/><D104/><U122/><E133/><V7/><F0/><W113/><G135/><T26/><D125/><U107/><E122/><V2/><F2/><W14/><G1/><T119/><D119/><U6/><E124/><V12/><F81/><W129/><G126/><T90/><D115/><U40/><E37/><V93/><F46/><W20/><G113/><T29/><D80/><U86/><E68/><V51/><F51/><W52/><G78/><T79/><D79/><N who="1" m="46463" /><E62/><V30/><F30/><W39/><G39/><T117/><D90/><U114/><E114/><V8/><F12/><W116/><G116/><T41/><D41/><U57/><E57/><N who="0" m="22089" /><D117/><U96/><E87/><V72/><F72/><W73/><G73/><T45/><D45/><U112/><E112/><V109/><F109/><W9/><G42/><T76/><D76/><U22/><E97/><V75/><F75/><W18/><G43/><T16/><D29/><U128/><E128/><V127/><F127/><W25/><G129/><T92/><D82/><U130/><E130/><V5/><F5/><W108/><G48/><T99/><D84/><U28/><E28/><V3/><F3/><N who="3" m="159" /><G103/><T32/><D32/><U100/><E100/><V61/><F61/><W44/><AGARI ba="0,0" hai="14,18,20,25,27,44,50,52,108,110,111" m="159" machi="44" ten="30,6000,0" yaku="14,1,10,1,54,1" doraHai="102" who="3" fromWho="3" sc="302,-20,198,-20,289,-20,211,60" /><INIT seed="3,1,0,5,0,27" ten="282,178,269,271" oya="3" hai0="118,48,15,39,78,135,40,54,43,67,81,57,12" hai1="128,44,77,14,56,34,26,83,68,98,104,111,8" hai2="108,123,89,50,100,22,23,63,85,73,32,110,117" hai3="130,53,103,97,105,29,113,129,134,121,84,31,4"/><W127/><G121/><T69/><D118/><U0/><E111/><N who="2" m="42539" /><F117/><W42/><G113/><T126/><D126/><U109/><E109/><V96/><F73/><W28/><G127/><T49/><D135/><U115/><E115/><V131/><F32/><W133/><G42/><T125/><D125/><U114/><E114/><V101/><F131/><N who="3" m="50187" /><G4/><T90/><D48/><U24/><E128/><V87/><F123/><W66/><G66/><T46/><D90/><U70/><E0/><V45/><F63/><W18/><G18/><T1/><D40/><U107/><E44/><V93/><F101/><W21/><G21/><N who="2" m="7689" /><F100/><W116/><G116/><T94/><D94/><U65/><E56/><V36/><F36/><W7/><G7/><T60/><D1/><U11/><E65/><V38/><F38/><W99/><G99/><T20/><D20/><U91/><E91/><V16/><F16/><W95/><G53/><AGARI ba="1,0" hai="45,50,53,85,87,89,93,96" m="7689,42539" machi="53" ten="30,1000,0" yaku="14,1" doraHai="27" who="2" fromWho="3" sc="282,0,178,0,269,13,271,-13" /><INIT seed="4,0,0,0,5,60" ten="282,178,282,258" oya="0" hai0="33,104,45,8,5,71,91,96,86,57,130,28,2" hai1="52,123,109,79,84,120,65,53,98,41,13,113,112" hai2="61,82,48,20,17,70,47,81,128,24,88,90,59" hai3="133,54,69,125,99,74,103,83,116,42,119,9,67"/><T100/><D130/><U111/><E13/><V72/><F70/><W135/><G54/><N who="1" m="21098" /><E98/><V102/><F128/><W129/><G129/><T35/><D71/><U39/><E79/><V122/><F122/><N who="1" m="46633" /><E84/><V19/><F102/><W40/><G9/><T46/><D57/><U92/><E92/><V11/><F72/><W30/><G30/><T55/><D55/><U66/><E41/><N who="2" m="24687" /><F59/><W31/><G31/><T85/><D85/><U43/><E43/><V63/><F81/><W23/><G23/><T93/><REACH who="0" step="1"/><D28/><REACH who="0" ten="272,178,282,258" step="2"/><U6/><E39/><V58/><F58/><W38/><G38/><T29/><D29/><U16/><E16/><V22/><F17/><W64/><G69/><T121/><D121/><U76/><E6/><V10/><F19/><W80/><G74/><T89/><D89/><U126/><E76/><V37/><F88/><W77/><G77/><T105/><D105/><U26/><E26/><V108/><F24/><W132/><G132/><T50/><D50/><U68/><E126/><V78/><F37/><W127/><G103/><T12/><D12/><U117/><E68/><V0/><F90/><W32/><G99/><T49/><D49/><U36/><E36/><V4/><F4/><W18/><G18/><T101/><D101/><U14/><E14/><V118/><F0/><W107/><G107/><T115/><D115/><N who="1" m="44107" /><E117/><V21/><F118/><W1/><G1/><T75/><D75/><U106/><E106/><V62/><F10/><W56/><G56/><T25/><D25/><U124/><E124/><V34/><F11/><W97/><G97/><T134/><D134/><RYUUKYOKU ba="0,1" sc="272,10,178,10,282,-30,258,10" hai0="2,5,8,33,35,45,46,86,91,93,96,100,104" hai1="65,66,109,111" hai3="32,40,42,64,67,80,83,116,119,125,127,133,135" /><INIT seed="4,1,1,1,5,44" ten="282,188,252,268" oya="0" hai0="35,14,50,22,99,34,110,94,131,31,81,88,76" hai1="130,66,20,40,5,57,55,69,6,10,133,24,65" hai2="48,128,111,120,84,95,87,49,92,70,68,105,25" hai3="100,98,112,89,127,83,9,1,72,11,64,30,117"/><T21/><D131/><U46/><E130/><V115/><F128/><W109/><G117/><T79/><D110/><U15/><E133/><V28/><F105/><W60/><G109/><T82/><D34/><U116/><E116/><V103/><F111/><W16/><G30/><T101/><D35/><U52/><E5/><V123/><F28/><W62/><G127/><T122/><D122/><U85/><E69/><V18/><F18/><W37/><G37/><T27/><D50/><N who="1" m="26951" /><E85/><V78/><F25/><W119/><G112/><T26/><D14/><U19/><E55/><V108/><F108/><W77/><G119/><T3/><D3/><U58/><E58/><V56/><F56/><W135/><G135/><T134/><D134/><U36/><E36/><V129/><F129/><W114/><G114/><T113/><D113/><U121/><E121/><V53/><F115/><W73/><G73/><T107/><D107/><U4/><E4/><V8/><F53/><W104/><G64/><T59/><D59/><U43/><E43/><V17/><F17/><W63/><G1/><T2/><D2/><U80/><E80/><N who="0" m="30825" /><D101/><U33/><E33/><V12/><F103/><W61/><N who="3" m="15360" /><DORA hai="126" /><W7/><G7/><T0/><D0/><U39/><E39/><V71/><F71/><W54/><G54/><T91/><D91/><U97/><E97/><V51/><F120/><W96/><G96/><T86/><D99/><U75/><E75/><V45/><F123/><W102/><G102/><T118/><D118/><U38/><E38/><V90/><F90/><W124/><G89/><T47/><D47/><RYUUKYOKU ba="1,1" sc="282,15,188,15,252,-15,268,-15" hai0="21,22,26,27,31,76,79,86,88,94" hai1="6,10,15,19,20,24,52,57,65,66" /><INIT seed="4,2,1,3,0,62" ten="297,203,237,253" oya="0" hai0="81,83,17,103,79,1,131,96,98,37,133,78,47" hai1="134,5,67,89,105,107,58,3,54,22,46,2,135" hai2="39,100,71,93,6,65,49,85,69,99,114,40,119" hai3="101,42,20,10,44,57,50,126,127,70,125,97,36"/><T30/><D1/><N who="1" m="11" /><E5/><V130/><F114/><W116/><G116/><T0/><D0/><U13/><E89/><V33/><F33/><W102/><G70/><T26/><D17/><U28/><E13/><V23/><F39/><W104/><G102/><T112/><D112/><U120/><E22/><V34/><F34/><W27/><G10/><T95/><D131/><U115/><E115/><V118/><F6/><W18/><REACH who="3" step="1"/><G57/><REACH who="3" ten="297,203,237,243" step="2"/><T53/><D133/><N who="1" m="50699" /><E28/><V129/><F71/><W88/><G88/><T32/><D103/><U64/><E46/><V41/><F130/><W121/><G121/><T66/><D47/><U90/><E90/><V56/><F129/><W110/><G110/><T24/><D30/><U4/><E4/><V111/><F100/><W124/><N who="3" m="31744" /><DORA hai="9" /><W31/><G31/><T106/><D79/><U45/><E45/><V128/><F111/><W48/><AGARI ba="2,2" hai="18,20,27,36,42,44,48,50,97,101,104" m="31744" machi="48" ten="60,7900,0" yaku="1,1,0,1,18,1,53,0" doraHai="62,9" doraHaiUra="29,55" who="3" fromWho="3" sc="297,-41,203,-22,237,-22,243,105" owari="256,5.6,181,-31.9,215,-18.5,348,44.8" /></mjloggm>