<mjloggm ver="2.3"><GO type="225" lobby="0"/><UN n0="%E3%81%86%E3%83%BC%E3%81%B1%E3%83%BC" n1="%30%2E%31%32%30" n2="%E3%81%82%E3%81%99%E3%81%AB%E3%82%83%E3%82%80" n3="%6D%75%75%6D%75%72%61" dan="17,16,16,17" rate="2201.84,2110.10,2121.26,2209.59" sx="F,M,F,F"/><TAIKYOKU oya="0"/><INIT seed="0,0,0,4,3,112" ten="250,250,250,250" oya="0" hai0="50,31,44,52,54,102,57,79,58,38,113,41,36" hai1="116,55,73,100,6,72,56,78,98,115,39,133,106" hai2="66,92,25,119,132,74,96,105,1,82,70,4,5" hai3="13,29,84,108,63,26,117,76,80,123,131,109,30"/><T9/><D113/><U19/><E115/><V28/><F132/><W95/><G131/><T40/><D79/><U83/><E39/><N who="0" m="14889" /><D9/><U130/><E130/><V8/><F5/><W118/><G123/><T59/><D102/><U46/><E133/><V104/><F119/><W15/><G95/><T89/><D89/><U125/><E116/><N who="3" m="44650" /><G63/><N who="0" m="36279" /><D31/><N who="3" m="11785" /><G26/><T35/><D35/><U120/><E120/><V94/><F94/><W43/><G43/><AGARI ba="0,0" hai="40,41,43,44,50,52,58,59" m="36279,14889" machi="43" ten="30,18000,2" yaku="35,5,54,1" doraHai="112" who="0" fromWho="3" sc="250,180,250,0,250,0,250,-180" /><INIT seed="0,1,0,2,0,110" ten="430,250,250,70" oya="0" hai0="88,0,105,52,120,118,116,30,29,89,44,14,119" hai1="24,77,107,32,26,8,25,121,6,100,128,87,98" hai2="58,31,62,18,67,126,60,17,96,41,123,33,73" hai3="112,72,56,82,5,11,43,28,19,70,64,20,63"/><T71/><D120/><U76/><E128/><V111/><F111/><W130/><G28/><T22/><D0/><U4/><E121/><V10/><F123/><W125/><G130/><T66/><D105/><U1/><E32/><V42/><F73/><W61/><G125/><T127/><D127/><U97/><E6/><V35/><F126/><W34/><G34/><T16/><D66/><U65/><E87/><V78/><F78/><W15/><G43/><T114/><D71/><U48/><E65/><V54/><F96/><W3/><G72/><T134/><D114/><U106/><REACH who="1" step="1"/><E48/><REACH who="1" ten="430,240,250,70" step="2"/><V47/><F33/><W36/><G36/><T9/><D119/><U59/><E59/><V115/><F35/><W12/><G82/><T85/><D118/><U68/><E68/><V90/><F58/><W95/><G95/><T84/><D116/><U103/><AGARI ba="1,1" hai="1,4,8,24,25,26,76,77,97,98,100,103,106,107" machi="103" ten="30,4000,0" yaku="1,1,0,1,9,1,53,0" doraHai="110" doraHaiUra="86" who="1" fromWho="1" sc="430,-21,240,53,250,-11,70,-11" /><INIT seed="1,0,0,5,0,120" ten="409,293,239,59" oya="1" hai0="59,42,34,56,96,118,124,112,111,62,86,16,57" hai1="77,97,74,119,53,69,76,45,68,130,51,19,81" hai2="30,41,108,99,73,102,133,65,13,85,17,2,8" hai3="50,4,1,132,126,3,43,106,122,92,64,93,7"/><U33/><E119/><V109/><F73/><W14/><G122/><T26/><D112/><U131/><E33/><V110/><F133/><W28/><G106/><T101/><D118/><U115/><E115/><V58/><F30/><W128/><G132/><T60/><D124/><U91/><E76/><V46/><F2/><W9/><G126/><T20/><D34/><U35/><E35/><V27/><F27/><W94/><G28/><T40/><D86/><U25/><E91/><V72/><F72/><W103/><G128/><N who="1" m="49194" /><E97/><V29/><F29/><W98/><G64/><T71/><D71/><U55/><E55/><V87/><F58/><W113/><G113/><T117/><D117/><U123/><E123/><V83/><F83/><W105/><G1/><T78/><D78/><U47/><E47/><V88/><F88/><W70/><G70/><T21/><D96/><U39/><E39/><N who="2" m="21823" /><F65/><W116/><G116/><T22/><D42/><U129/><E129/><V82/><F82/><W66/><G3/><T104/><D40/><U37/><E37/><V79/><F79/><W54/><G66/><T18/><D59/><U80/><E80/><V134/><F134/><W63/><G43/><T10/><D57/><U38/><E38/><V67/><F67/><W75/><G75/><T107/><D56/><U15/><E25/><V89/><F89/><W24/><G24/><T135/><D26/><U12/><E12/><V6/><F6/><N who="3" m="3383" /><G50/><T61/><D135/><U49/><E51/><V100/><F100/><W90/><G90/><T121/><D121/><U32/><E32/><V127/><F127/><RYUUKYOKU ba="0,0" sc="409,-30,293,10,239,10,59,10" hai1="15,19,45,49,53,68,69,74,77,81" hai2="8,13,17,85,87,99,102,108,109,110" hai3="4,7,54,63,92,93,94,98,103,105" /><INIT seed="1,1,0,5,0,50" ten="379,303,249,69" oya="1" hai0="94,30,92,110,32,124,74,123,51,57,115,109,2" hai1="40,33,84,93,63,112,24,87,70,62,108,45,78" hai2="131,113,58,42,120,13,21,125,20,121,101,17,79" hai3="67,122,132,80,53,82,114,73,72,98,100,77,64"/><U1/><E1/><V12/><F131/><W14/><G114/><T15/><D2/><U16/><E112/><V89/><F113/><W90/><G122/><T55/><D74/><U117/><E117/><V41/><F125/><W5/><G132/><T116/><D116/><U133/><E133/><V44/><F79/><W19/><G5/><T129/><D129/><U59/><E70/><V10/><F101/><W37/><G37/><T34/><D124/><U0/><E0/><V26/><F89/><W7/><G7/><T102/><D123/><U85/><E108/><V105/><F105/><W48/><G72/><T104/><D104/><U56/><E33/><V111/><F111/><W36/><G36/><T95/><D34/><U27/><E78/><V39/><F58/><N who="1" m="22057" /><E93/><V61/><F61/><N who="1" m="23049" /><E16/><V97/><F97/><W52/><G100/><T6/><D32/><U127/><E127/><V134/><F134/><W28/><G28/><T8/><D115/><U130/><E130/><V60/><F60/><W91/><G91/><T25/><D102/><U54/><E40/><V68/><F42/><W35/><G35/><T135/><D135/><U119/><E119/><V3/><F68/><W65/><G48/><AGARI ba="1,0" hai="24,27,45,48,54,84,85,87" m="23049,22057" machi="48" ten="30,2900,0" yaku="8,1,52,1" doraHai="50" who="1" fromWho="3" sc="379,0,303,32,249,0,69,-32" /><INIT seed="1,2,0,2,5,45" ten="379,335,249,37" oya="1" hai0="33,58,67,65,92,113,95,111,69,133,35,64,74" hai1="63,14,17,18,125,36,15,90,79,116,131,25,94" hai2="26,109,5,83,93,20,87,28,9,34,132,37,56" hai3="12,54,86,103,31,10,128,23,30,118,75,104,0"/><U11/><E36/><V41/><F109/><W91/><G75/><T129/><D69/><U29/><E116/><V72/><F132/><W98/><G118/><T96/><D113/><U112/><E112/><V47/><F56/><W84/><G128/><T71/><D71/><U3/><E131/><V107/><F107/><W106/><G106/><T134/><D74/><U126/><E79/><V108/><F108/><W85/><G0/><T123/><D111/><U119/><E3/><V44/><F44/><W88/><G23/><T62/><D123/><U39/><E39/><V101/><F93/><N who="0" m="35914" /><D96/><U49/><E63/><V6/><F101/><W4/><REACH who="3" step="1"/><G54/><REACH who="3" ten="379,335,249,27" step="2"/><N who="0" m="34135" /><D129/><U48/><E119/><V68/><F72/><W76/><G76/><T27/><D35/><U99/><E126/><V127/><F127/><W115/><G115/><T43/><D43/><U21/><E125/><V57/><F34/><AGARI ba="2,1" hai="11,14,15,17,18,21,25,29,34,48,49,90,94,99" machi="34" ten="30,5800,0" yaku="7,1,52,2" doraHai="45" who="1" fromWho="2" sc="379,0,335,74,249,-64,27,0" /><INIT seed="1,3,0,0,1,77" ten="379,409,185,27" oya="1" hai0="130,95,89,12,14,25,107,118,84,128,73,106,54" hai1="28,50,17,43,41,49,20,56,105,27,30,110,88" hai2="60,123,51,109,66,115,47,111,16,97,1,71,59" hai3="132,2,11,67,126,29,131,94,127,13,102,101,135"/><U52/><E105/><N who="0" m="39945" /><D118/><U62/><E110/><N who="2" m="41995" /><F123/><W116/><G2/><T70/><D70/><U103/><E103/><N who="3" m="39434" /><G116/><T65/><D65/><U99/><E49/><V39/><F97/><W58/><G29/><N who="1" m="11370" /><E50/><V9/><F115/><W45/><G94/><AGARI ba="3,0" hai="17,20,27,41,43,52,56,62,88,94,99" m="11370" machi="94" ten="30,11600,0" yaku="25,1,8,1,54,2" doraHai="77" who="1" fromWho="3" sc="379,0,409,125,185,0,27,-125" owari="379,17.9,534,63.4,185,-21.5,-98,-59.8" /></mjloggm>