<mjloggm ver="2.3"><GO type="225" lobby="0"/><UN n0="%E4%BA%BA%E9%96%93%E3%83%81%E3%83%A3%E3%83%BC%E3%83%8F%E3%83%B3" n1="%E5%A4%8F%E9%88%B4%E9%88%B4%E5%A4%8F" n2="%33%74%72%65%65" n3="%E3%82%BC%E3%83%AB%E3%83%80%E3%81%AE%E4%BC%9D%E8%AA%AC" dan="16,16,16,17" rate="2098.26,2178.72,2150.48,2228.84" sx="M,M,F,M"/><TAIKYOKU oya="0"/><INIT seed="0,0,0,5,1,68" ten="250,250,250,250" oya="0" hai0="27,61,72,97,49,29,9,66,109,91,24,127,54" hai1="38,65,47,40,5,119,108,25,114,105,43,100,122" hai2="48,87,67,1,42,51,93,128,13,71,81,112,79" hai3="11,103,3,34,12,84,111,0,7,86,90,28,120"/><T8/><D72/><U46/><E119/><V20/><F1/><W89/><G111/><T31/><D109/><U2/><E108/><V113/><F128/><W94/><G120/><T135/><D127/><U129/><E122/><V92/><F113/><W17/><G103/><T77/><D135/><U117/><E117/><V131/><F112/><W125/><G125/><T118/><D77/><U6/><E114/><V82/><F131/><W62/><G62/><T44/><D118/><U130/><E65/><V73/><F71/><W102/><G102/><T88/><D9/><N who="1" m="2231" /><E6/><V30/><F67/><W19/><G19/><T95/><D8/><U59/><E59/><V50/><F42/><W15/><G28/><T39/><D91/><U80/><E80/><V14/><F30/><N who="0" m="11274" /><D39/><N who="1" m="21791" /><E25/><V132/><F132/><W123/><G34/><T37/><D37/><U70/><E70/><V110/><F110/><W36/><G36/><T45/><D45/><U121/><E121/><V98/><F20/><W33/><G33/><T133/><D133/><U26/><E26/><V106/><F14/><W57/><G123/><T53/><D53/><U22/><E22/><V83/><F13/><W69/><G69/><T63/><D63/><U101/><E101/><N who="2" m="62775" /><F82/><N who="3" m="49303" /><G57/><AGARI ba="0,0" hai="24,27,44,49,54,57,61,66,88,95,97" m="11274" machi="57" ten="30,2900,0" yaku="8,1,54,1" doraHai="68" who="0" fromWho="3" sc="250,29,250,0,250,0,250,-29" /><INIT seed="0,1,0,2,2,17" ten="279,250,250,221" oya="0" hai0="121,56,3,38,36,79,47,129,4,90,0,67,64" hai1="113,119,132,61,87,68,84,104,42,39,20,18,46" hai2="126,69,31,122,115,86,111,15,94,75,76,81,33" hai3="30,23,35,70,26,78,19,44,118,55,51,14,131"/><T25/><D121/><U71/><E119/><V7/><F122/><W77/><G118/><T21/><D129/><U133/><E104/><V91/><F115/><W54/><G131/><T110/><D79/><U60/><E113/><V97/><F111/><W100/><G70/><T66/><D110/><U1/><E1/><N who="0" m="585" /><D90/><U135/><E71/><V72/><F69/><W120/><G120/><T105/><D56/><U2/><E2/><V57/><F126/><W128/><G128/><T5/><D47/><U117/><E117/><V65/><F33/><W109/><G109/><T103/><D103/><U58/><E68/><V9/><F31/><W124/><G124/><T95/><D95/><U48/><E48/><V106/><F65/><W29/><G29/><T89/><D89/><U114/><E114/><V102/><REACH who="2" step="1"/><F57/><REACH who="2" ten="279,250,240,221" step="2"/><W101/><G35/><T11/><D66/><N who="1" m="39191" /><E61/><V10/><F10/><W34/><G34/><T62/><D64/><U43/><E42/><V88/><F88/><W52/><G30/><T40/><D11/><U73/><E73/><AGARI ba="1,1" hai="7,9,15,72,73,75,76,81,86,91,94,97,102,106" machi="73" ten="30,7700,0" yaku="1,1,7,1,24,2,53,0" doraHai="17" doraHaiUra="16" who="2" fromWho="1" sc="279,0,250,-80,240,90,221,0" /><INIT seed="1,0,0,2,0,75" ten="279,170,330,221" oya="1" hai0="63,33,40,79,38,34,12,105,19,64,84,69,59" hai1="11,129,46,132,111,45,8,76,135,54,101,83,55" hai2="100,48,16,21,24,92,61,131,107,81,52,77,25" hai3="35,80,57,7,124,27,9,73,65,3,26,41,37"/><U15/><E129/><V115/><F131/><W134/><G124/><T13/><D105/><U88/><E101/><V114/><F107/><W95/><G134/><N who="1" m="51242" /><E111/><V127/><F61/><N who="3" m="38063" /><G95/><T120/><D120/><U49/><E88/><V18/><F127/><W36/><G35/><T130/><D130/><U104/><E104/><V2/><F2/><W17/><G17/><N who="2" m="6761" /><F21/><W68/><G68/><T123/><D123/><U99/><E99/><N who="2" m="59495" /><F114/><W32/><G36/><T119/><D119/><U102/><E102/><V51/><F51/><W89/><G32/><T67/><D34/><U96/><E96/><V31/><F115/><W78/><G89/><T62/><D33/><U1/><E1/><V44/><F31/><W82/><G82/><T28/><D28/><U4/><E8/><V126/><F126/><W66/><G66/><T133/><D133/><U109/><E109/><V0/><F0/><W116/><G116/><T58/><D69/><U5/><E4/><V118/><F118/><W121/><G121/><T103/><D103/><U117/><E117/><V23/><F23/><W74/><G74/><T29/><D29/><U125/><E125/><V93/><F93/><W85/><G85/><AGARI ba="0,0" hai="24,25,44,48,52,77,81,85" m="59495,6761" machi="85" ten="30,7700,0" yaku="8,1,52,1,54,2" doraHai="75" who="2" fromWho="3" sc="279,0,170,0,330,77,221,-77" /><INIT seed="2,0,0,3,5,1" ten="279,170,407,144" oya="2" hai0="60,69,131,130,100,91,49,48,18,122,15,5,62" hai1="75,10,66,21,38,0,114,112,85,8,71,92,79" hai2="34,55,106,19,127,128,47,6,78,118,99,90,107" hai3="123,74,124,52,56,97,30,33,93,96,83,54,51"/><V70/><F118/><W84/><G123/><T102/><D122/><U86/><E10/><V42/><F70/><W104/><G124/><T3/><D91/><U81/><E21/><V73/><F34/><W95/><G74/><T65/><D62/><N who="1" m="40407" /><E92/><V110/><F128/><N who="0" m="49194" /><D3/><U129/><E86/><V105/><F90/><W113/><G113/><T14/><D5/><N who="1" m="1063" /><E85/><V23/><F6/><W103/><G96/><T119/><D119/><U36/><E129/><V68/><F99/><W115/><G115/><AGARI ba="0,0" hai="36,38,75,79,81,112,114,115" m="1063,40407" machi="115" ten="30,2000,0" yaku="23,1,52,1" doraHai="1" who="1" fromWho="3" sc="279,0,170,20,407,0,144,-20" /><INIT seed="3,0,0,0,4,1" ten="279,190,407,124" oya="3" hai0="63,55,79,28,107,59,114,103,38,130,21,95,92" hai1="89,48,5,115,109,11,49,102,118,94,105,133,10" hai2="120,22,45,7,111,88,9,19,96,124,44,25,112" hai3="50,75,6,52,131,18,72,106,123,84,74,17,23"/><W82/><G123/><T15/><D38/><U3/><E115/><V27/><F112/><W60/><G106/><T51/><D114/><U117/><E109/><V71/><F111/><W31/><G131/><T36/><D36/><U68/><E68/><V61/><F124/><W0/><G60/><T97/><D130/><U56/><E133/><V42/><F25/><W37/><G37/><T67/><D79/><U30/><E30/><V86/><F96/><W20/><G0/><T54/><D54/><U116/><E11/><V129/><F42/><W62/><G62/><T43/><D43/><U24/><E24/><V99/><F99/><W69/><G69/><T108/><D108/><U33/><E33/><V77/><F77/><W4/><G31/><T80/><D80/><U113/><E113/><V8/><F120/><W35/><G35/><T127/><D127/><U26/><E26/><V98/><F129/><W78/><G23/><T73/><D73/><U53/><E105/><V39/><F22/><W41/><G41/><T2/><D2/><U100/><E49/><V70/><F61/><W40/><G40/><T12/><D28/><U91/><E91/><V110/><F39/><W14/><REACH who="3" step="1"/><G17/><REACH who="3" ten="279,190,407,114" step="2"/><N who="0" m="10407" /><D107/><U57/><E3/><V101/><F19/><W104/><G104/><T29/><D29/><U76/><E117/><V121/><F121/><W65/><G65/><T128/><D128/><U122/><E116/><V16/><F16/><W13/><G13/><T135/><D15/><U58/><E118/><V132/><F70/><W93/><G93/><T34/><D95/><U119/><E122/><RYUUKYOKU ba="0,1" sc="279,-10,190,-10,407,-10,114,30" hai3="4,6,14,18,20,50,52,72,74,75,78,82,84" /><INIT seed="3,1,1,1,2,119" ten="269,180,397,144" oya="3" hai0="84,16,44,27,62,78,104,107,69,22,49,54,63" hai1="99,132,121,31,97,124,10,0,25,123,6,90,105" hai2="33,125,134,80,109,48,130,82,67,95,96,21,12" hai3="8,86,39,11,106,126,3,56,92,135,24,43,76"/><W38/><G106/><T94/><D69/><U50/><E90/><V128/><F109/><W37/><G43/><T133/><D133/><U4/><E50/><V65/><F33/><W23/><G135/><T81/><REACH who="0" step="1"/><D94/><REACH who="0" ten="259,180,397,144" step="2"/><U77/><E132/><V74/><F95/><W88/><G126/><T28/><D28/><U5/><E31/><V9/><F134/><W29/><G3/><T79/><D79/><U52/><E0/><V42/><F125/><W115/><G115/><T116/><D116/><U114/><E124/><V83/><F130/><W30/><G76/><T55/><D55/><U40/><E52/><V61/><F128/><W26/><REACH who="3" step="1"/><G56/><REACH who="3" ten="259,180,397,134" step="2"/><T36/><D36/><U19/><E114/><V103/><F42/><W100/><G100/><T60/><AGARI ba="1,3" hai="16,22,27,44,49,54,60,62,63,78,81,84,104,107" machi="60" ten="30,7900,0" yaku="1,1,0,1,54,1,53,1" doraHai="119" doraHaiUra="14" who="0" fromWho="0" sc="259,112,180,-21,397,-21,134,-40" owari="371,17.1,159,-24.1,376,47.6,94,-40.6" /></mjloggm>