<mjloggm ver="2.3"><GO type="225" lobby="0"/><UN n0="%E3%83%A9%E3%83%BC%E3%83%A1%E3%83%B3%E4%BA%94%E9%83%8E" n1="%E7%89%B9%E6%9D%B1%E3%81%AF%E4%B8%96%E7%95%8C%E3%82%92%E6%95%91%E3%81%86" n2="%E7%AB%8B%E8%8A%B1%E9%9F%BF" n3="%E9%BB%99%E8%81%B4%E3%81%AE%E3%81%99%E3%82%9D%E3%82%81" dan="16,16,17,16" rate="2129.42,2118.30,2173.92,2094.19" sx="M,M,F,M"/><TAIKYOKU oya="0"/><INIT seed="0,0,0,5,2,67" ten="250,250,250,250" oya="0" hai0="9,38,135,132,48,70,130,41,99,54,128,62,35" hai1="4,30,112,14,90,103,123,27,95,49,33,10,79" hai2="74,110,114,127,115,77,65,113,55,19,13,22,104" hai3="57,121,15,44,32,83,111,52,37,101,97,86,109"/><T129/><D35/><U78/><E123/><V11/><F104/><W106/><G32/><T46/><D9/><U16/><E112/><V40/><F40/><W84/><G15/><T100/><D99/><U42/><E103/><V85/><F74/><W117/><G117/><T25/><D25/><U118/><E118/><V60/><F110/><N who="3" m="41995" /><G83/><T71/><D100/><U69/><E69/><N who="0" m="26121" /><D62/><U96/><E42/><V64/><F11/><W63/><G121/><T81/><D81/><U29/><E29/><V116/><F116/><W17/><G17/><T47/><AGARI ba="0,0" hai="38,41,46,47,48,54,128,129,130,132,135" m="26121" machi="47" ten="40,18000,2" yaku="19,1,34,2,52,3" doraHai="67" who="0" fromWho="0" sc="250,180,250,-60,250,-60,250,-60" /><INIT seed="0,1,0,0,5,79" ten="430,190,190,190" oya="0" hai0="60,7,126,72,55,115,117,75,98,96,35,78,39" hai1="0,69,80,82,1,74,18,73,33,92,127,106,135" hai2="34,113,110,3,2,129,53,58,88,89,125,14,43" hai3="123,119,36,5,50,122,11,108,85,13,47,15,49"/><T57/><D115/><U105/><E69/><V107/><F113/><W27/><G119/><T41/><D35/><U120/><E33/><V112/><F112/><W83/><G108/><T76/><D117/><U46/><E120/><N who="3" m="46122" /><G27/><T30/><D30/><U111/><E92/><V23/><F34/><W71/><G71/><T99/><D126/><U65/><E46/><V109/><F107/><W10/><G36/><T40/><D7/><U130/><E18/><N who="2" m="10711" /><F43/><W132/><G47/><T124/><D124/><U114/><E127/><V28/><F28/><W116/><G132/><T6/><D6/><U26/><E114/><V44/><F44/><W9/><G116/><T59/><D39/><U4/><E4/><V64/><F64/><W86/><G5/><T97/><D40/><U91/><E65/><V32/><F32/><W133/><G133/><T24/><D41/><U51/><E111/><N who="2" m="42507" /><F125/><W87/><G83/><T63/><D57/><U12/><E135/><V48/><F129/><W104/><G104/><T94/><D59/><U21/><E130/><V134/><F134/><W81/><G81/><T70/><D70/><U37/><E37/><V45/><F45/><W20/><G20/><T62/><D55/><U61/><E21/><V95/><F95/><W118/><G118/><T8/><D94/><U121/><E121/><V31/><F31/><W77/><G77/><T103/><D78/><U102/><E105/><V38/><F38/><W66/><G66/><T17/><D76/><U16/><E106/><V52/><F53/><W128/><G128/><T22/><D75/><U84/><E73/><RYUUKYOKU ba="1,0" sc="430,-15,190,-15,190,15,190,15" hai2="2,3,48,52,58,88,89" hai3="9,10,11,13,15,49,50,85,86,87" /><INIT seed="1,2,0,0,0,59" ten="415,175,205,205" oya="1" hai0="37,24,70,52,65,57,0,115,98,81,61,123,60" hai1="7,62,135,94,100,96,121,41,69,105,103,31,93" hai2="113,89,97,106,99,87,78,34,119,83,125,80,32" hai3="3,11,132,55,33,124,134,116,9,76,43,17,68"/><U101/><E121/><V48/><F119/><W63/><G33/><T14/><D0/><U109/><E135/><N who="3" m="51754" /><G124/><T110/><D123/><U30/><E41/><V36/><F36/><W45/><G3/><T28/><D115/><U5/><E105/><V111/><F113/><W56/><G76/><T18/><D37/><U38/><E38/><V91/><F125/><W102/><G102/><T126/><D126/><U51/><E51/><V71/><F71/><W128/><G128/><T108/><D81/><U95/><E96/><V42/><F111/><N who="0" m="42538" /><D98/><U15/><E109/><V75/><F99/><W16/><G68/><T107/><D107/><U12/><E69/><V66/><F66/><W1/><G116/><T118/><D118/><U84/><E84/><V114/><F114/><W127/><G127/><T25/><D28/><N who="1" m="10795" /><E62/><V77/><F106/><W73/><G73/><T13/><D13/><AGARI ba="2,0" hai="5,7,12,13,15,93,94,95,100,101,103" m="10795" machi="13" ten="40,7700,0" yaku="28,2,8,1" doraHai="59" who="1" fromWho="0" sc="415,-83,175,83,205,0,205,0" /><INIT seed="1,3,0,5,4,40" ten="332,258,205,205" oya="1" hai0="0,113,131,5,54,132,114,49,14,109,104,39,106" hai1="31,91,117,7,76,79,42,10,32,78,69,111,123" hai2="128,127,55,28,68,120,110,66,80,100,130,74,56" hai3="62,124,72,45,81,118,90,24,112,3,9,135,86"/><U35/><E117/><V6/><F120/><W58/><G124/><T30/><D39/><U133/><E123/><V64/><F127/><W116/><G135/><T119/><D119/><U22/><E69/><V25/><F6/><W125/><G125/><T83/><D0/><U33/><E133/><V43/><F100/><W121/><G112/><T38/><D38/><U41/><E111/><V103/><F103/><W115/><G115/><T50/><D132/><U4/><E91/><V29/><F110/><W36/><G121/><T57/><D109/><U108/><E108/><V53/><F43/><W107/><G107/><T87/><D104/><U70/><E70/><V8/><F8/><W75/><G24/><T1/><D1/><U34/><N who="1" m="8192" /><DORA hai="60" /><U97/><E97/><V48/><F68/><W93/><G3/><T95/><D106/><U52/><E52/><V46/><F74/><W67/><G9/><T11/><D131/><N who="2" m="50218" /><F80/><W63/><G75/><T105/><D105/><U61/><E4/><V17/><F17/><W26/><G26/><T94/><D30/><N who="2" m="11882" /><F25/><W19/><G19/><T129/><D129/><U18/><E31/><V59/><F59/><W37/><G37/><T15/><D114/><U73/><E73/><V99/><F99/><W82/><G72/><T27/><D113/><U20/><E10/><V102/><F102/><W21/><G118/><T89/><D27/><U13/><E7/><V92/><F92/><N who="0" m="35370" /><D15/><U85/><E85/><V84/><F84/><W16/><G116/><T2/><D2/><U23/><E42/><V98/><F98/><W134/><G134/><RYUUKYOKU ba="3,0" sc="332,15,258,-15,205,15,205,-15" hai0="5,11,14,49,50,54,57,83,87,89" hai2="46,48,53,55,56,64,66" /><INIT seed="2,4,0,1,0,100" ten="347,243,220,190" oya="2" hai0="121,84,54,102,111,12,78,74,25,61,127,37,11" hai1="4,38,31,79,99,115,101,23,126,117,32,123,26" hai2="130,119,27,112,87,18,33,91,39,73,106,132,5" hai3="63,13,67,66,75,24,96,88,50,56,1,55,104"/><V52/><F112/><W80/><G1/><T20/><D121/><U15/><E115/><V83/><F119/><W19/><G24/><T116/><D37/><U108/><E38/><V57/><F130/><W21/><G75/><T86/><D116/><U76/><E117/><V45/><F132/><W131/><G131/><T110/><D127/><U8/><E126/><V94/><F5/><W85/><REACH who="3" step="1"/><G63/><REACH who="3" ten="347,243,220,180" step="2"/><T98/><D61/><U124/><E124/><V82/><F73/><W97/><G97/><T64/><D74/><U134/><E99/><V68/><F33/><W29/><G29/><T125/><D25/><U47/><E26/><V65/><F27/><W92/><G92/><T114/><D98/><U120/><E31/><V90/><F106/><W89/><G89/><T77/><D125/><U118/><E32/><V3/><F3/><W7/><G7/><T28/><D28/><U35/><E35/><V2/><F2/><W48/><G48/><T109/><D114/><U133/><E118/><V122/><F122/><W135/><G135/><T62/><D62/><U107/><E120/><V53/><F18/><W71/><G71/><T40/><D110/><U22/><E123/><V93/><F68/><W129/><G129/><T17/><D111/><U103/><E108/><V36/><F36/><W41/><G41/><T34/><D40/><U16/><E134/><V0/><F0/><W6/><G6/><T46/><D109/><U59/><E133/><V9/><F39/><W72/><G72/><T81/><D34/><U128/><E4/><V43/><F43/><W60/><G60/><RYUUKYOKU ba="4,1" sc="347,-10,243,-10,220,-10,180,30" hai3="13,19,21,50,55,56,66,67,80,85,88,96,104" /><INIT seed="3,5,1,3,1,68" ten="337,233,210,210" oya="3" hai0="122,40,18,94,14,91,99,48,132,102,75,82,87" hai1="41,100,81,124,52,37,3,25,71,39,51,61,58" hai2="11,78,50,38,20,96,95,104,106,101,59,54,77" hai3="30,44,76,64,42,1,126,72,23,93,26,111,73"/><W0/><G126/><T85/><D122/><U43/><E3/><V8/><F38/><N who="1" m="14345" /><E100/><V134/><F134/><W16/><G111/><T127/><D127/><U131/><E81/><V121/><F121/><W97/><G64/><T107/><D132/><U79/><E25/><V128/><F128/><W56/><G56/><T36/><D36/><U119/><E79/><N who="2" m="30219" /><F106/><W32/><G44/><N who="0" m="25607" /><D75/><U13/><E13/><V47/><F104/><W90/><G42/><N who="1" m="15882" /><E124/><V34/><F34/><W55/><G55/><T115/><D107/><U74/><E74/><V113/><F113/><W12/><REACH who="3" step="1"/><G73/><REACH who="3" ten="337,233,210,200" step="2"/><T9/><D115/><U53/><E131/><V98/><F47/><W117/><G117/><T80/><D80/><AGARI ba="5,2" hai="0,1,12,16,23,26,30,32,72,76,80,90,93,97" machi="80" ten="40,7700,0" yaku="1,1,54,1,53,1" doraHai="68" doraHaiUra="29" who="3" fromWho="0" sc="337,-92,233,0,210,0,200,112" owari="245,4.5,233,-16.7,210,-29.0,312,41.2" /></mjloggm>