<mjloggm ver="2.3"><GO type="225" lobby="0"/><UN n0="%72%69%6F%75%63%68%61%6E" n1="%E3%81%8F%E3%81%BE%E3%81%96%E3%82%8F" n2="%E3%83%9F%E3%83%AA%E3%83%80%E3%81%97%E3%82%88" n3="%E9%A2%A8%E3%81%A7%E9%B3%B4%E3%81%8F" dan="17,16,16,16" rate="2265.20,2039.43,2089.64,2129.45" sx="M,M,M,M"/><TAIKYOKU oya="0"/><INIT seed="0,0,0,2,0,45" ten="250,250,250,250" oya="0" hai0="51,121,1,129,19,46,75,3,31,81,57,43,119" hai1="104,50,27,130,33,18,63,90,55,98,7,20,114" hai2="94,0,39,125,47,97,23,68,113,61,54,87,123" hai3="5,66,89,41,85,64,116,25,111,30,17,69,126"/><T28/><D119/><U12/><E130/><V4/><F113/><W83/><G116/><T62/><D129/><U71/><E114/><V29/><F123/><W15/><G111/><T95/><D121/><U109/><E109/><V128/><F128/><W34/><G126/><T24/><D19/><U58/><E90/><V91/><F125/><W10/><G69/><T44/><D28/><U72/><E72/><V42/><F4/><W11/><REACH who="3" step="1"/><G41/><REACH who="3" ten="250,250,250,240" step="2"/><T78/><D46/><U92/><E71/><V32/><F47/><W37/><G37/><T120/><D120/><U26/><E7/><V13/><F39/><W56/><G56/><T110/><D110/><U135/><E135/><V80/><F68/><W96/><G96/><T35/><REACH who="0" step="1"/><D95/><REACH who="0" ten="240,250,250,240" step="2"/><U2/><E92/><V132/><F94/><W21/><G21/><T60/><D60/><U74/><E63/><V102/><F61/><W38/><G38/><T118/><D118/><U117/><E20/><V99/><F23/><W52/><G52/><AGARI ba="0,2" hai="1,3,24,31,35,43,44,51,52,57,62,75,78,81" machi="52" ten="30,11600,0" yaku="1,1,7,1,52,1,54,1,53,0" doraHai="45" doraHaiUra="70" who="0" fromWho="3" sc="240,136,250,0,250,0,240,-116" /><INIT seed="0,1,0,4,0,90" ten="376,250,250,124" oya="0" hai0="42,107,34,80,61,3,122,111,53,72,27,52,129" hai1="54,39,119,89,16,78,102,135,21,66,12,38,46" hai2="124,31,126,1,83,30,116,104,19,50,29,91,45" hai3="6,85,106,132,2,100,117,95,8,7,94,74,26"/><T110/><D129/><U22/><E119/><V9/><F116/><W57/><G74/><T37/><D122/><U82/><E135/><V75/><F104/><W88/><G117/><T4/><D107/><U73/><E66/><V17/><F1/><W62/><G132/><T11/><D34/><U65/><E65/><V93/><F9/><W108/><G108/><N who="0" m="41515" /><D27/><U48/><E102/><V41/><F83/><W99/><G7/><T79/><D61/><U35/><E35/><V133/><F75/><W10/><G10/><T120/><D120/><U15/><E89/><V121/><F121/><W97/><G26/><T115/><D115/><U123/><E123/><V98/><REACH who="2" step="1"/><F133/><REACH who="2" ten="376,250,240,124" step="2"/><W44/><G44/><AGARI ba="1,1" hai="3,4,11,37,42,44,52,53,72,79,80" m="41515" machi="44" ten="30,11600,0" yaku="25,1,14,1,10,1,54,1" doraHai="90" who="0" fromWho="3" sc="376,129,250,0,240,0,124,-119" /><INIT seed="0,2,0,1,1,113" ten="505,250,240,5" oya="0" hai0="91,111,8,38,61,51,107,28,72,63,57,79,36" hai1="21,129,71,4,3,99,131,0,47,82,60,120,65" hai2="127,108,26,20,24,56,74,32,37,102,2,31,122" hai3="118,126,67,58,19,64,87,43,132,16,23,96,69"/><T17/><D107/><U39/><E120/><V66/><F122/><W35/><G35/><T80/><D111/><U15/><E99/><V92/><F108/><W128/><G69/><T42/><D28/><U94/><E94/><V76/><F37/><W133/><G43/><T103/><D103/><U62/><E62/><V97/><F2/><W112/><G112/><T78/><D78/><U115/><E115/><V104/><F127/><W13/><G126/><T45/><D61/><U114/><E114/><V50/><F104/><W109/><G109/><T135/><D135/><N who="3" m="51785" /><G128/><T90/><D91/><U46/><E82/><V55/><F66/><N who="3" m="25131" /><G96/><T10/><D90/><U22/><E39/><V59/><F76/><W49/><G87/><T18/><D8/><N who="1" m="4487" /><E0/><V95/><F74/><W52/><G19/><T25/><D18/><U5/><E3/><V30/><F92/><W88/><G88/><T86/><D72/><U116/><E131/><V93/><F93/><W83/><G83/><T40/><D42/><U44/><E129/><V12/><F12/><W85/><G85/><T54/><REACH who="0" step="1"/><D10/><REACH who="0" ten="495,250,240,5" step="2"/><U110/><E110/><V1/><F31/><W134/><N who="3" m="51793" /><W98/><DORA hai="75" /><G98/><T106/><D106/><U33/><E71/><V48/><F97/><W9/><G9/><T101/><D101/><U84/><E84/><V124/><F102/><W81/><G81/><T125/><D125/><U119/><E33/><V100/><F32/><W27/><G13/><T121/><D121/><U11/><E11/><V34/><F34/><W77/><G77/><T29/><D29/><U123/><E123/><RYUUKYOKU ba="2,1" sc="495,15,250,-15,240,-15,5,15" hai0="17,25,36,38,40,45,51,54,57,63,79,80,86" hai3="16,23,27,49,52,58,118" /><INIT seed="0,3,1,1,1,28" ten="510,235,225,20" oya="0" hai0="57,102,66,120,3,114,63,31,21,25,43,16,119" hai1="39,1,65,8,133,90,115,34,72,88,113,87,9" hai2="76,107,56,134,83,19,50,96,104,10,12,4,62" hai3="71,45,110,61,74,0,55,41,24,127,95,60,13"/><T86/><D114/><N who="1" m="43531" /><E72/><V29/><F134/><W132/><G74/><T101/><D119/><U2/><E39/><V81/><F29/><W117/><G0/><T7/><D120/><U112/><E112/><V122/><F122/><W75/><G75/><T38/><D86/><U109/><E65/><V52/><F96/><W26/><G117/><T97/><D38/><U77/><E34/><V11/><F62/><W123/><G123/><T98/><D43/><U135/><E77/><V105/><REACH who="2" step="1"/><F76/><REACH who="2" ten="510,235,215,20" step="2"/><W35/><G61/><T68/><D68/><U53/><E133/><V23/><F23/><W70/><G132/><T18/><D98/><U78/><E135/><V40/><F40/><W33/><G60/><T85/><D102/><U84/><E78/><V94/><F94/><W22/><G95/><N who="0" m="58559" /><D85/><U124/><E87/><V100/><F100/><W17/><G41/><T126/><D126/><U128/><E124/><V49/><F49/><W37/><G127/><T32/><D32/><N who="3" m="12361" /><G71/><T5/><D3/><AGARI ba="3,2" hai="3,4,10,11,12,19,50,52,56,81,83,104,105,107" machi="3" ten="40,2600,0" yaku="1,1,54,1,53,0" doraHai="28" doraHaiUra="106" who="2" fromWho="0" sc="510,-35,235,0,215,55,20,0" /><INIT seed="1,0,0,0,4,104" ten="475,235,270,20" oya="1" hai0="41,55,15,86,22,84,107,32,33,10,72,46,60" hai1="119,45,120,124,5,25,7,70,128,34,17,106,58" hai2="97,9,80,132,51,52,95,77,69,62,16,71,40" hai3="85,68,50,122,39,1,89,110,125,8,66,2,27"/><U79/><E70/><V0/><F132/><W127/><G39/><T105/><D72/><U83/><E119/><V118/><F118/><W129/><G122/><T3/><D3/><U24/><E106/><V134/><F134/><W26/><G110/><T14/><D107/><U99/><E99/><V35/><F35/><W117/><G117/><T13/><D105/><U53/><E24/><N who="3" m="9258" /><G8/><T100/><D100/><U4/><E120/><V115/><F115/><W19/><G19/><N who="0" m="10607" /><D32/><U42/><E128/><V98/><F98/><W91/><G50/><N who="0" m="26959" /><D33/><U121/><E121/><V135/><F51/><W20/><G20/><T47/><D15/><U64/><E34/><V54/><F0/><N who="3" m="107" /><G129/><T130/><D130/><U96/><E96/><V94/><F97/><W29/><G85/><T49/><D60/><U57/><E17/><AGARI ba="0,0" hai="10,14,17,47,49,55,84,86" m="26959,10607" machi="17" ten="30,1000,0" yaku="8,1" doraHai="104" who="0" fromWho="1" sc="475,10,235,-10,270,0,20,0" /><INIT seed="2,0,0,3,2,17" ten="485,225,270,20" oya="2" hai0="45,123,128,18,99,61,103,14,68,133,115,112,132" hai1="76,75,107,8,67,60,39,105,15,47,111,95,25" hai2="119,66,122,10,22,125,80,51,43,127,129,81,86" hai3="84,36,3,121,56,20,71,59,13,116,64,37,89"/><V53/><F122/><W124/><G3/><T23/><D128/><U134/><E111/><V69/><F119/><W79/><G121/><T33/><D33/><U27/><E134/><N who="0" m="51817" /><D123/><U55/><E95/><V26/><F129/><W63/><G116/><T94/><D45/><U21/><E76/><V49/><F10/><W88/><G124/><N who="2" m="47689" /><F43/><W44/><G79/><T7/><D7/><U101/><E75/><V117/><F117/><W97/><G97/><T100/><D103/><U5/><E101/><V106/><F106/><W98/><G98/><T48/><D48/><U2/><E2/><V118/><F118/><W91/><G84/><T6/><D6/><U104/><E27/><V126/><F126/><W46/><G46/><T108/><D108/><U72/><E72/><V42/><F42/><W62/><G44/><T73/><D73/><U50/><E39/><V109/><F109/><W40/><G40/><T130/><D130/><U102/><E102/><V29/><F53/><W82/><G82/><N who="2" m="31849" /><F86/><W31/><G71/><T28/><D28/><U0/><E0/><V19/><F29/><W96/><G96/><T77/><D77/><U16/><E105/><V4/><F4/><W30/><G37/><T135/><N who="0" m="51825" /><T58/><DORA hai="11" /><D68/><AGARI ba="0,0" hai="5,8,15,16,21,25,47,50,55,60,67,68,104,107" machi="68" ten="30,7700,0" yaku="7,1,52,2,54,1" doraHai="17,11" who="1" fromWho="0" sc="485,-77,225,77,270,0,20,0" /><INIT seed="3,0,0,3,2,24" ten="408,302,270,20" oya="3" hai0="127,6,101,103,112,42,55,130,84,63,13,50,36" hai1="119,125,93,20,118,46,99,64,78,9,66,44,74" hai2="72,35,122,114,110,28,17,113,57,116,65,71,134" hai3="108,68,100,126,45,107,105,22,49,32,2,111,3"/><W89/><G68/><T92/><D36/><U60/><E9/><V52/><F116/><N who="1" m="44585" /><E125/><V104/><F104/><W135/><G32/><T80/><D63/><U29/><E29/><V123/><F110/><N who="3" m="42027" /><G126/><T4/><D92/><U109/><E20/><V53/><F72/><W47/><G135/><T95/><D95/><U12/><E12/><V21/><F71/><W79/><G79/><T128/><D13/><U5/><E5/><V16/><F134/><W1/><G100/><N who="0" m="38475" /><D42/><U94/><E109/><V132/><F132/><W40/><G89/><N who="0" m="51335" /><D112/><U54/><E78/><V58/><F35/><W56/><G56/><N who="0" m="32887" /><D127/><U43/><E74/><V11/><F11/><W8/><G8/><T131/><AGARI ba="0,0" hai="4,6,128,130,131" m="32887,51335,38475" machi="131" ten="40,1500,0" yaku="19,1" doraHai="24" who="0" fromWho="0" sc="408,15,302,-4,270,-4,20,-7" owari="423,52.3,298,9.8,266,-13.4,13,-48.7" /></mjloggm>