<mjloggm ver="2.3"><GO type="225" lobby="0"/><UN n0="%E5%B8%86%E7%AB%8B%E5%A4%8F%E8%A1%A3" n1="%E6%97%A5%E6%9B%9C%E6%97%A5%E3%82%88%E3%82%8A%E3%81%AE%E4%BD%BF%E8%80%85" n2="%E3%83%A9%E3%82%A4%E3%83%B3%E3%81%AE%E8%99%8E" n3="%E4%B8%89%E5%88%86%E5%B0%8F%E5%83%A7" dan="17,16,16,16" rate="2172.42,2169.57,2082.14,2082.10" sx="M,M,M,M"/><TAIKYOKU oya="0"/><INIT seed="0,0,0,2,2,77" ten="250,250,250,250" oya="0" hai0="28,80,42,87,14,79,119,24,108,84,29,37,115" hai1="1,102,53,36,90,106,131,133,62,55,33,67,82" hai2="46,128,110,2,74,97,123,20,76,25,75,85,126" hai3="41,38,35,118,69,96,12,104,134,98,7,64,39"/><T100/><D115/><U121/><E36/><V60/><F123/><W70/><G35/><T9/><D119/><U63/><E1/><V58/><F2/><W34/><G34/><T6/><D108/><U135/><E33/><V52/><F110/><W10/><G118/><T19/><D100/><U31/><E31/><V130/><F126/><W127/><G127/><T95/><D42/><U109/><E121/><V125/><F125/><W91/><G134/><N who="1" m="51210" /><E109/><V116/><F97/><W32/><G32/><T81/><D95/><U120/><E120/><V47/><F85/><W89/><G39/><T66/><D66/><U103/><E131/><N who="2" m="50219" /><F116/><W93/><G64/><T11/><D37/><U15/><E15/><V113/><F113/><W68/><G104/><T78/><D24/><U71/><E63/><V117/><F117/><W48/><G38/><T44/><D44/><N who="2" m="16938" /><F76/><W94/><G48/><T43/><D43/><AGARI ba="0,0" hai="7,10,12,41,43,68,69,70,89,91,93,94,96,98" machi="43" ten="40,1300,0" yaku="9,1" doraHai="77" who="3" fromWho="0" sc="250,-13,250,0,250,0,250,13" /><INIT seed="1,0,0,3,3,101" ten="237,250,250,263" oya="1" hai0="114,45,98,32,52,30,113,122,106,19,127,92,80" hai1="69,124,73,36,20,44,81,57,75,4,109,115,107" hai2="132,49,65,53,40,88,56,51,133,116,129,47,134" hai3="84,78,23,7,18,55,121,118,3,48,6,13,25"/><U46/><E69/><V68/><F116/><W50/><G121/><T15/><D122/><U16/><E115/><V17/><F17/><W37/><G37/><T77/><D127/><U62/><E124/><V90/><REACH who="2" step="1"/><F129/><REACH who="2" ten="237,250,240,263" step="2"/><W76/><G118/><T82/><D19/><U100/><E109/><V27/><F27/><W128/><G128/><T135/><D114/><U0/><E4/><V104/><F104/><W110/><G110/><T34/><D106/><U120/><E120/><V96/><F96/><W63/><G25/><T130/><D98/><U42/><E0/><V105/><F105/><W28/><G3/><T91/><D113/><U22/><E107/><V24/><F24/><W71/><G6/><T103/><D130/><U9/><E16/><V8/><F8/><W123/><G7/><T31/><D31/><U94/><E9/><V11/><F11/><W2/><G28/><T89/><D30/><U126/><E126/><V87/><F87/><W74/><G2/><T12/><D12/><U38/><E75/><V29/><F29/><W102/><G74/><T97/><D15/><U85/><E73/><V61/><AGARI ba="0,1" hai="40,47,49,51,53,56,61,65,68,88,90,132,133,134" machi="61" ten="40,8000,1" yaku="1,1,0,1,20,1,54,1,53,0" doraHai="101" doraHaiUra="117" who="2" fromWho="2" sc="237,-20,250,-40,240,90,263,-20" /><INIT seed="2,0,0,0,1,70" ten="217,210,330,243" oya="2" hai0="56,2,41,102,75,113,69,71,32,77,82,14,63" hai1="47,130,1,135,7,53,92,74,50,30,28,85,23" hai2="73,98,44,124,16,64,68,18,37,45,128,126,76" hai3="79,13,96,59,99,60,49,106,40,6,51,89,10"/><V112/><F112/><W39/><G79/><T94/><D2/><U97/><E74/><V88/><F128/><W35/><G35/><T118/><D118/><U67/><E130/><V121/><F121/><W25/><G25/><T103/><D113/><U8/><E135/><V91/><F64/><W110/><G110/><T123/><D32/><U48/><E67/><V116/><F68/><W21/><G21/><T80/><D123/><U133/><E133/><V11/><F116/><W84/><G39/><T26/><D26/><U33/><E33/><V100/><F44/><N who="3" m="25735" /><G51/><T42/><D71/><U129/><E129/><V3/><F91/><W101/><G101/><N who="0" m="38411" /><D69/><U111/><E111/><V86/><F100/><W120/><G106/><T125/><D125/><N who="2" m="48234" /><F98/><W127/><G120/><T61/><D77/><U46/><E97/><V134/><F76/><W87/><G87/><T57/><D75/><U108/><E108/><V12/><F73/><W31/><G31/><T55/><D94/><U132/><E132/><V105/><F105/><W114/><G114/><T107/><D107/><U58/><E92/><N who="2" m="54295" /><F3/><W109/><G109/><T34/><D82/><U15/><E85/><V38/><F134/><W78/><G78/><T20/><D80/><U36/><E1/><V66/><F66/><N who="3" m="39199" /><G127/><T5/><D42/><N who="1" m="22855" /><E23/><N who="2" m="11655" /><F45/><W29/><G29/><T4/><D34/><U90/><E90/><V119/><F119/><W117/><G117/><T22/><D41/><N who="1" m="24687" /><E30/><V83/><F83/><AGARI ba="0,0" hai="6,10,13,83,84,89,96,99" m="39199,25735" machi="83" ten="30,1000,0" yaku="8,1" doraHai="70" who="3" fromWho="2" sc="217,0,210,0,330,-10,243,10" /><INIT seed="3,0,0,0,2,86" ten="217,210,320,253" oya="3" hai0="84,75,104,76,28,116,57,73,133,113,43,51,66" hai1="58,49,20,126,47,41,68,101,85,34,93,135,111" hai2="1,106,26,5,63,37,107,121,117,89,3,109,120" hai3="94,19,69,21,45,18,67,31,54,4,38,88,36"/><W60/><G4/><T7/><D104/><N who="2" m="39978" /><F117/><W105/><G105/><T127/><D133/><U17/><E68/><V78/><F109/><W52/><G31/><T130/><D127/><U62/><E34/><V103/><F103/><W74/><G74/><T29/><D130/><U95/><E111/><V64/><F37/><W131/><G131/><T39/><D113/><U56/><E135/><V9/><F1/><W83/><G83/><N who="0" m="47207" /><D116/><U134/><E134/><V23/><F89/><W53/><G45/><N who="0" m="26047" /><D39/><U97/><E126/><V98/><F98/><W42/><G42/><T22/><D75/><U55/><E58/><V0/><F78/><W92/><G92/><T100/><D73/><U87/><REACH who="1" step="1"/><E93/><REACH who="1" ten="217,200,320,253" step="2"/><V110/><F110/><W71/><G69/><T12/><D100/><U16/><E16/><V108/><F108/><W8/><G18/><N who="0" m="10567" /><D7/><U82/><E82/><V61/><F5/><W128/><G128/><T27/><D27/><AGARI ba="0,1" hai="17,20,27,41,47,49,55,56,62,85,87,95,97,101" machi="27" ten="30,3900,0" yaku="1,1,7,1,8,1,53,0" doraHai="86" doraHaiUra="115" who="1" fromWho="0" sc="217,-39,200,49,320,0,253,0" owari="178,-32.2,249,-15.1,320,42.0,253,5.3" /></mjloggm>