<mjloggm ver="2.3"><GO type="225" lobby="0"/><UN n0="%E3%82%B3%E3%83%90%E3%83%AC%E3%82%A4" n1="%E6%9D%B1%E9%A2%A8%E3%81%AE%E3%81%8D%E3%82%83%E3%81%B7%E3%81%95%E3%82%93" n2="%72%69%6F%75%63%68%61%6E" n3="%E4%BF%BA%E3%81%A8%E5%A6%96%E5%A4%A2" dan="16,17,16,17" rate="2137.38,2207.89,2255.71,2190.44" sx="M,M,M,F"/><TAIKYOKU oya="0"/><INIT seed="0,0,0,2,3,11" ten="250,250,250,250" oya="0" hai0="35,12,78,118,124,10,106,3,63,55,73,90,127" hai1="117,135,66,132,71,74,32,20,37,19,44,6,97" hai2="83,48,60,51,96,70,113,65,82,119,42,98,29" hai3="15,56,109,76,1,131,50,69,45,91,108,126,121"/><T9/><D118/><U95/><E74/><V115/><F119/><W31/><G69/><T104/><D35/><U89/><E32/><V110/><F110/><N who="3" m="42603" /><G1/><T38/><D38/><U128/><E117/><V27/><F96/><W33/><G131/><T122/><D122/><U24/><E128/><V99/><F98/><W53/><G121/><T102/><D90/><U120/><E120/><V21/><F99/><W28/><G126/><N who="0" m="48171" /><D102/><U18/><E6/><V114/><REACH who="2" step="1"/><F42/><REACH who="2" ten="250,250,240,250" step="2"/><W49/><G33/><T111/><D111/><U79/><E97/><V59/><F59/><W134/><G134/><T57/><D106/><U8/><E135/><V84/><F84/><W123/><G123/><T129/><D104/><U87/><E132/><V75/><F75/><W46/><G56/><T116/><D129/><U26/><E71/><V88/><F88/><W125/><G125/><T85/><D116/><U72/><E72/><V47/><F47/><W54/><G91/><T103/><D103/><U93/><E44/><V81/><AGARI ba="0,1" hai="21,27,29,48,51,60,65,70,81,82,83,113,114,115" machi="81" ten="40,2700,0" yaku="1,1,0,1,53,0" doraHai="11" doraHaiUra="5" who="2" fromWho="2" sc="250,-13,250,-7,240,37,250,-7" /><INIT seed="1,0,0,0,5,79" ten="237,243,277,243" oya="1" hai0="38,111,43,28,24,3,51,71,80,101,57,42,135" hai1="23,108,76,7,21,1,5,112,84,44,60,131,26" hai2="54,68,55,16,91,27,74,48,19,102,40,81,8" hai3="98,15,30,56,25,88,9,100,90,83,47,116,61"/><U130/><E112/><V17/><F68/><W64/><G116/><T127/><D3/><U72/><E72/><V105/><F105/><W0/><G0/><T122/><D71/><U93/><E60/><V104/><F104/><W18/><G47/><T126/><D101/><U65/><E65/><V32/><F102/><W92/><REACH who="3" step="1"/><G83/><REACH who="3" ten="237,243,277,233" step="2"/><T86/><D122/><U129/><E1/><V132/><F81/><W67/><G67/><T11/><D135/><U4/><E44/><V117/><F132/><W120/><G120/><T52/><D111/><U70/><E108/><V97/><F117/><W125/><G125/><N who="0" m="47627" /><D38/><U66/><E26/><V106/><F27/><W96/><G96/><T114/><D114/><U53/><E66/><V119/><F119/><W95/><G95/><T39/><D39/><U123/><E123/><V75/><F106/><W22/><AGARI ba="0,1" hai="9,15,18,22,25,30,56,61,64,88,90,92,98,100" machi="22" ten="20,16000,3" yaku="1,1,0,1,7,1,25,2,8,1,54,1,53,1" doraHai="79" doraHaiUra="10" who="3" fromWho="3" sc="237,-40,243,-80,277,-40,233,170" /><INIT seed="2,0,0,2,3,122" ten="197,163,237,403" oya="2" hai0="58,63,8,30,88,130,89,108,84,132,69,71,68" hai1="126,123,50,106,124,25,70,9,81,120,6,44,86" hai2="41,96,22,0,31,127,72,115,37,135,82,95,111" hai3="110,66,15,23,56,54,80,131,19,34,112,99,28"/><V65/><F111/><W38/><G38/><T77/><D130/><U100/><E70/><V3/><F115/><W40/><G40/><T85/><D132/><U104/><E25/><V97/><F135/><W12/><G112/><T60/><D108/><U7/><E50/><V113/><F113/><W91/><G110/><T33/><D77/><N who="1" m="46383" /><E44/><V83/><F97/><W18/><G131/><T49/><D30/><U32/><E32/><V105/><F105/><N who="1" m="40553" /><E9/><V101/><F127/><N who="1" m="48681" /><E6/><V26/><F65/><W61/><G34/><T29/><D29/><U53/><E7/><V67/><F67/><W121/><G121/><N who="1" m="46666" /><E53/><V42/><F37/><W39/><G28/><T92/><D33/><U90/><E90/><V103/><F0/><W36/><G66/><T116/><D8/><U74/><E74/><V14/><F72/><W16/><G18/><T52/><REACH who="0" step="1"/><D116/><REACH who="0" ten="187,163,237,403" step="2"/><U62/><E62/><V94/><F3/><W11/><G61/><T46/><D46/><U102/><AGARI ba="0,1" hai="100,102" m="46666,48681,40553,46383" machi="102" ten="40,8000,1" yaku="18,1,13,1,34,2" doraHai="122" who="1" fromWho="1" sc="187,-20,163,90,237,-40,403,-20" /><INIT seed="3,0,0,2,4,54" ten="167,253,197,383" oya="3" hai0="64,56,33,34,32,24,6,107,3,78,126,112,41" hai1="28,7,16,123,2,82,70,12,103,120,125,44,113" hai2="76,21,121,109,130,119,30,94,23,22,134,80,58" hai3="124,117,133,46,86,135,57,91,39,75,81,99,48"/><W66/><G117/><T97/><D112/><U105/><E70/><V29/><F119/><W42/><G75/><T106/><D126/><U8/><E82/><V96/><F109/><W128/><G124/><T85/><D41/><U13/><E44/><V111/><F111/><W1/><G1/><T129/><D129/><U93/><E105/><V102/><F134/><N who="3" m="51211" /><G128/><T67/><D64/><U90/><E103/><V26/><F130/><W35/><G35/><T51/><D97/><U59/><E125/><V71/><F71/><W62/><G99/><T52/><D67/><U127/><E127/><V17/><F121/><W9/><G9/><T63/><D63/><U15/><E28/><N who="2" m="10859" /><F58/><W53/><G66/><T50/><D50/><AGARI ba="0,0" hai="39,42,46,48,50,53,57,62,81,86,91" m="51211" machi="50" ten="30,2900,0" yaku="20,1,52,1" doraHai="54" who="3" fromWho="0" sc="167,-29,253,0,197,0,383,29" owari="138,-36.2,253,5.3,197,-20.3,412,51.2" /></mjloggm>