<mjloggm ver="2.3"><GO type="225" lobby="0"/><UN n0="%72%69%6F%75%63%68%61%6E" n1="%E3%81%AA%E3%82%81%E3%81%93%E9%9B%80%E5%A3%AB" n2="%E4%BF%BA%E3%81%A8%E5%A6%96%E5%A4%A2" n3="%28%EF%BF%A3%E2%96%BD%EF%BF%A3%29%CE%B4%E2%8C%92%E3%83%BB" dan="17,16,17,16" rate="2264.28,2068.78,2194.84,2114.59" sx="M,M,F,M"/><TAIKYOKU oya="0"/><INIT seed="0,0,0,1,5,45" ten="250,250,250,250" oya="0" hai0="101,29,14,96,99,66,22,130,57,102,125,71,127" hai1="92,106,109,70,51,131,12,21,121,75,86,111,120" hai2="113,4,59,33,89,63,46,24,126,135,16,85,58" hai3="107,0,20,5,117,40,13,74,10,94,128,119,108"/><T64/><D130/><U61/><E106/><V68/><F113/><W100/><G74/><T84/><D71/><U53/><E75/><V15/><F126/><N who="0" m="48138" /><D84/><U31/><E131/><V134/><F68/><W118/><G128/><T48/><D14/><U39/><E39/><V8/><F46/><W78/><G78/><T69/><D69/><U80/><E92/><V52/><F58/><W95/><G108/><N who="1" m="41546" /><E61/><V7/><F33/><W81/><G81/><T19/><D29/><U41/><E41/><V76/><F76/><W34/><G40/><T72/><D72/><U37/><E37/><V124/><F124/><W116/><G34/><T55/><D99/><U49/><E53/><V103/><F103/><N who="0" m="39434" /><D96/><U50/><E70/><V44/><F44/><W133/><G107/><T36/><D36/><U9/><E31/><V104/><F104/><W105/><G105/><T83/><D83/><U35/><E35/><V47/><F47/><W32/><G32/><T79/><D79/><N who="1" m="46367" /><E21/><V18/><F4/><AGARI ba="0,0" hai="4,9,12,49,50,51,120,121" m="46367,41546" machi="4" ten="30,7700,0" yaku="14,1,52,3" doraHai="45" who="1" fromWho="2" sc="250,0,250,77,250,-77,250,0" /><INIT seed="1,0,0,0,3,49" ten="250,327,173,250" oya="1" hai0="16,18,112,24,54,41,57,122,93,99,101,61,92" hai1="135,71,74,21,70,120,130,75,7,14,12,97,123" hai2="79,4,15,65,23,28,3,52,9,27,86,119,84" hai3="105,115,17,100,88,110,87,124,96,113,111,129,1"/><U81/><E97/><V63/><F119/><W32/><G1/><T33/><D112/><N who="3" m="43081" /><G32/><T48/><D122/><U64/><E21/><V59/><F79/><W37/><G17/><T132/><D132/><U50/><E81/><V90/><F3/><W98/><G37/><T39/><D39/><U131/><E50/><V127/><F127/><W35/><G35/><T31/><REACH who="0" step="1"/><D92/><REACH who="0" ten="240,327,173,250" step="2"/><U121/><E135/><V83/><REACH who="2" step="1"/><F84/><REACH who="2" ten="240,327,163,250" step="2"/><W103/><G124/><T66/><D66/><AGARI ba="0,2" hai="4,9,15,23,27,28,52,59,63,65,66,83,86,90" machi="66" ten="40,8000,1" yaku="1,1,2,1,8,1,52,1,54,1,53,0" doraHai="49" doraHaiUra="34" who="2" fromWho="0" sc="240,-80,327,0,163,100,250,0" /><INIT seed="2,0,0,2,2,27" ten="160,327,263,250" oya="2" hai0="58,54,50,132,116,67,6,97,59,100,80,56,65" hai1="113,79,83,96,68,99,85,30,119,89,105,98,108" hai2="101,29,31,43,17,3,129,55,74,11,121,60,76" hai3="87,15,128,49,125,77,39,71,109,103,82,124,110"/><V32/><F121/><W69/><G39/><T90/><D132/><U9/><E68/><N who="3" m="26186" /><G128/><T36/><D36/><U51/><E113/><V92/><F129/><W22/><G103/><T20/><D116/><U111/><E30/><N who="2" m="11275" /><F74/><W104/><G104/><T133/><D133/><U1/><E119/><V2/><F32/><W41/><G22/><T134/><D134/><U115/><E115/><V23/><F2/><W48/><G15/><T44/><D6/><N who="1" m="1231" /><E51/><N who="3" m="19530" /><G41/><T57/><N who="0" m="14336" /><DORA hai="45" /><T8/><D8/><U130/><E130/><V86/><F23/><W93/><G93/><T123/><D123/><U112/><E105/><V25/><F92/><W38/><G38/><T73/><D20/><U84/><E112/><V42/><F42/><W24/><G24/><T46/><D44/><U0/><E0/><V75/><F43/><W37/><G37/><T52/><D54/><U131/><E131/><V19/><F55/><W33/><G33/><T53/><D53/><U78/><E111/><AGARI ba="0,0" hai="77,82,87,109,110,111,124,125" m="19530,26186" machi="111" ten="40,8000,1" yaku="14,1,52,3" doraHai="27,45" who="3" fromWho="1" sc="160,0,327,-80,263,0,250,80" /><INIT seed="3,0,0,2,0,96" ten="160,247,263,330" oya="3" hai0="31,3,122,134,101,128,131,100,16,47,43,113,0" hai1="46,1,20,60,97,73,57,23,104,40,120,79,29" hai2="80,77,112,107,36,34,18,81,50,133,114,99,48" hai3="98,65,56,106,55,44,42,6,62,19,92,67,45"/><W132/><G106/><T84/><D122/><U129/><E1/><N who="0" m="585" /><D31/><U53/><E120/><V117/><F117/><W58/><G132/><T61/><D61/><U33/><E129/><N who="0" m="49737" /><D84/><U21/><E79/><V49/><F36/><W64/><G6/><T69/><D69/><U94/><E104/><V87/><F34/><W66/><G19/><T111/><D134/><U74/><E33/><V135/><F135/><W108/><G108/><T38/><D111/><U4/><E4/><V89/><F133/><W116/><G42/><T88/><D113/><U37/><REACH who="1" step="1"/><E29/><REACH who="1" ten="160,237,263,330" step="2"/><V30/><F30/><W76/><G76/><T82/><D16/><U52/><E52/><V63/><F18/><W102/><G116/><T59/><D59/><U39/><E39/><V127/><F112/><W75/><G75/><T103/><D82/><U25/><E25/><V121/><F114/><W85/><G85/><T115/><D115/><U70/><E70/><V78/><F121/><W13/><G13/><T130/><N who="0" m="49745" /><T90/><AGARI ba="0,1" hai="38,43,47,88,90,100,101,103" m="49745,585" machi="90" ten="50,12000,2" yaku="4,1,19,1,52,3,54,1" doraHai="96" who="0" fromWho="0" sc="160,130,237,-30,263,-30,330,-60" /><INIT seed="4,0,0,5,3,65" ten="290,207,233,270" oya="0" hai0="121,38,133,100,45,19,118,109,87,56,68,51,95" hai1="28,49,18,113,71,30,116,84,111,22,32,29,44" hai2="13,7,69,106,94,99,25,3,63,93,41,9,48" hai3="91,23,104,4,33,42,127,82,86,115,110,128,89"/><T54/><D118/><U66/><E116/><V75/><F75/><W15/><G33/><T52/><D121/><U119/><E119/><V50/><F106/><W98/><G110/><T72/><D72/><U135/><E111/><V134/><F134/><W81/><G128/><T59/><D68/><U132/><E32/><V31/><F3/><W11/><G127/><T26/><D109/><U117/><E117/><V88/><F41/><W35/><G35/><T79/><D133/><N who="1" m="51275" /><E84/><V70/><F94/><N who="3" m="56655" /><G104/><T67/><D67/><U90/><E90/><V53/><F63/><W124/><G115/><T16/><D38/><U108/><E108/><V73/><F50/><W126/><G42/><T92/><D26/><N who="1" m="14679" /><E113/><V120/><F120/><W64/><G64/><T20/><D100/><U123/><E123/><V21/><F73/><W58/><G126/><T85/><D79/><U12/><E12/><V83/><F83/><N who="3" m="49631" /><G124/><T97/><D95/><U40/><E66/><V125/><F125/><W131/><G131/><T114/><D114/><U17/><E17/><N who="0" m="6729" /><D20/><U62/><E62/><V43/><F43/><W10/><G23/><T47/><D97/><U76/><E76/><V37/><REACH who="2" step="1"/><F37/><REACH who="2" ten="290,207,223,270" step="2"/><W0/><G0/><T78/><D92/><U74/><E74/><V6/><F6/><W122/><G122/><T2/><D2/><U39/><E39/><V60/><F60/><W61/><G4/><T34/><D78/><U107/><E107/><V46/><AGARI ba="0,1" hai="7,9,13,21,25,31,46,48,53,69,70,88,93,99" machi="46" ten="20,12000,2" yaku="1,1,0,1,7,1,52,2,54,1,53,0" doraHai="65" doraHaiUra="36" who="2" fromWho="2" sc="290,-60,207,-30,223,130,270,-30" owari="230,-17.0,177,-32.3,353,45.3,240,4.0" /></mjloggm>