<mjloggm ver="2.3"><GO type="225" lobby="0"/><UN n0="%E5%BA%97%E9%95%B7%4D" n1="%33%74%72%65%65" n2="%63%68%78%62%64" n3="%E9%97%98%E5%B0%86%E3%81%A0%E3%82%93%E3%81%A7%E3%81%83" dan="16,16,16,16" rate="2118.85,2106.25,2143.01,2132.80" sx="M,F,M,M"/><TAIKYOKU oya="0"/><INIT seed="0,0,0,2,4,107" ten="250,250,250,250" oya="0" hai0="75,10,105,123,100,86,42,40,118,91,3,85,97" hai1="66,106,71,61,17,60,29,59,132,112,45,117,96" hai2="77,13,21,57,5,125,12,9,94,121,76,52,67" hai3="99,32,114,30,24,19,73,28,39,103,8,44,89"/><T124/><D123/><U7/><E117/><V15/><F121/><W20/><G114/><T84/><D118/><U116/><E116/><V63/><F125/><W122/><G122/><T70/><D70/><U126/><E112/><V69/><F94/><W14/><G89/><T4/><D124/><U53/><E126/><V79/><REACH who="2" step="1"/><F21/><REACH who="2" ten="250,250,240,250" step="2"/><W23/><G23/><T47/><D42/><U25/><E106/><V27/><F27/><W58/><G32/><T68/><D68/><U109/><E25/><V80/><F80/><W120/><G120/><T88/><REACH who="0" step="1"/><D75/><REACH who="0" ten="240,250,240,250" step="2"/><U62/><E71/><V34/><F34/><W104/><G73/><T95/><D95/><U127/><E127/><V33/><F33/><W101/><G104/><T81/><D81/><U115/><E115/><V108/><F108/><W133/><G133/><T1/><D1/><U128/><E109/><V134/><F134/><W129/><G129/><T6/><D6/><U119/><E128/><V93/><F93/><W110/><G110/><T135/><D135/><U36/><E132/><V83/><F83/><W82/><G82/><T43/><D43/><U31/><E119/><V65/><F65/><W102/><G39/><AGARI ba="0,2" hai="3,4,10,39,40,47,84,85,86,88,91,97,100,105" machi="39" ten="40,3900,0" yaku="1,1,54,1,53,0" doraHai="107" doraHaiUra="11" who="0" fromWho="3" sc="240,59,250,0,240,0,250,-39" /><INIT seed="0,1,0,0,2,56" ten="299,250,240,211" oya="0" hai0="78,36,121,54,48,14,81,106,84,22,28,97,0" hai1="91,69,60,44,50,34,35,86,24,33,5,7,49" hai2="115,98,59,132,19,83,120,45,27,65,77,79,18" hai3="122,17,32,114,135,92,61,16,82,10,72,75,38"/><T40/><D121/><U87/><E24/><V129/><F120/><W47/><G114/><T109/><D0/><U119/><E119/><V89/><F115/><W58/><G32/><T55/><D109/><U124/><E124/><V20/><F132/><W8/><G122/><T111/><D111/><U51/><E44/><V42/><F129/><W29/><G29/><T134/><D134/><U96/><E96/><V126/><F126/><W64/><G135/><T46/><D106/><U9/><E91/><V101/><F19/><W70/><G10/><T133/><D133/><U37/><E37/><V93/><F65/><W63/><G92/><T110/><D110/><U130/><E130/><V25/><F59/><W104/><G104/><T123/><D123/><U76/><E76/><V62/><F62/><W105/><G105/><T128/><D128/><U112/><E112/><V99/><F27/><W107/><G107/><T113/><D113/><U103/><E103/><V31/><F31/><W116/><G116/><T67/><D67/><N who="1" m="41191" /><E9/><V95/><F83/><W127/><G127/><T118/><D118/><U131/><E131/><V53/><F53/><N who="3" m="33999" /><G82/><T102/><D102/><U108/><E108/><V74/><F74/><N who="3" m="28203" /><G8/><T30/><D97/><U21/><E21/><V85/><REACH who="2" step="1"/><F98/><REACH who="2" ten="299,250,230,211" step="2"/><W94/><G17/><N who="0" m="10551" /><D55/><U100/><E100/><V41/><F41/><N who="3" m="22967" /><G16/><T15/><D28/><U2/><E7/><V6/><F6/><W13/><G94/><T39/><D30/><U73/><E73/><V68/><F68/><W3/><G3/><T125/><D125/><U43/><E43/><V4/><F4/><RYUUKYOKU ba="1,1" sc="299,-30,250,10,230,10,211,10" hai1="2,5,33,34,35,49,50,51,86,87" hai2="18,20,25,42,45,77,79,85,89,93,95,99,101" hai3="13,63,64,70" /><INIT seed="1,2,1,5,2,81" ten="269,260,240,221" oya="1" hai0="59,60,72,26,16,127,6,5,63,51,7,29,43" hai1="9,117,116,12,21,88,99,112,126,106,41,38,49" hai2="57,96,87,36,78,62,98,24,65,20,97,35,123" hai3="80,92,42,82,31,135,0,10,3,52,91,55,54"/><U22/><E112/><V61/><F35/><W8/><G135/><T128/><D72/><U58/><E126/><V15/><F123/><W125/><G125/><T14/><D127/><U13/><E117/><V69/><F36/><W129/><G129/><T130/><D43/><U122/><E116/><V40/><F40/><W108/><G108/><T11/><D51/><U17/><E122/><V109/><F109/><W114/><G114/><T4/><N who="0" m="1024" /><DORA hai="90" /><T1/><D1/><U113/><E13/><V93/><F15/><W89/><G3/><T18/><D18/><U120/><E113/><V103/><F78/><W118/><G118/><T115/><D115/><U102/><E120/><V119/><F87/><N who="3" m="52351" /><G0/><T100/><D100/><U27/><E27/><V39/><F39/><W32/><G32/><T133/><D133/><U23/><E38/><V37/><F37/><W74/><G74/><T75/><D75/><U124/><E124/><V47/><F47/><W77/><G77/><T111/><D111/><U71/><E71/><V86/><F86/><N who="3" m="50375" /><G31/><T110/><D110/><U53/><E88/><V68/><F68/><W45/><G82/><T107/><D107/><U33/><E33/><V2/><F2/><W66/><G66/><T132/><D132/><U84/><E84/><V83/><F83/><W67/><G67/><T28/><D29/><U25/><E106/><V34/><F34/><W76/><G76/><T79/><D79/><U50/><E99/><V104/><F104/><W46/><G46/><T134/><D134/><U73/><E73/><V131/><F119/><W105/><G105/><RYUUKYOKU ba="2,1" sc="269,-10,260,-10,240,-10,221,30" hai3="8,10,42,45,52,54,55" /><INIT seed="2,3,1,0,1,53" ten="259,250,230,251" oya="2" hai0="7,89,125,17,107,58,91,50,92,119,60,21,105" hai1="94,64,38,63,71,41,126,114,57,68,129,22,83" hai2="65,131,48,104,72,55,109,45,79,42,120,14,121" hai3="95,118,61,9,100,102,3,43,76,77,98,82,96"/><V135/><F104/><W4/><G118/><T112/><D112/><U73/><E114/><V70/><F72/><W133/><G133/><T32/><D32/><U25/><E129/><V35/><F35/><W20/><G43/><T23/><D119/><U54/><E126/><V123/><F79/><W34/><G34/><T56/><D7/><U47/><E94/><V31/><F31/><W13/><G61/><T66/><D125/><U132/><E132/><V86/><F86/><W103/><G77/><T33/><D33/><U44/><E73/><V0/><F135/><W62/><G62/><T115/><D21/><U18/><REACH who="1" step="1"/><E83/><REACH who="1" ten="259,240,230,251" step="2"/><V99/><F131/><W116/><G95/><T27/><D115/><U10/><E10/><V37/><F0/><W111/><G3/><T69/><D91/><U78/><E78/><V24/><F99/><W124/><G124/><T85/><REACH who="0" step="1"/><D50/><AGARI ba="3,2" hai="18,22,25,38,41,44,47,50,54,57,63,64,68,71" machi="50" ten="40,2600,0" yaku="1,1,52,1,53,0" doraHai="53" doraHaiUra="74" who="1" fromWho="0" sc="259,-35,240,55,230,0,251,0" /><INIT seed="3,0,0,5,2,64" ten="224,295,230,251" oya="3" hai0="24,102,55,131,27,54,60,95,104,82,103,61,128" hai1="81,36,31,41,73,59,20,126,35,19,17,129,74" hai2="18,26,21,91,67,2,130,15,37,8,109,49,111" hai3="79,4,33,10,85,50,92,120,69,9,32,134,124"/><W101/><G120/><T135/><D95/><U75/><E35/><V106/><F37/><W112/><G112/><T29/><D82/><U38/><E129/><N who="0" m="49737" /><D135/><U76/><E126/><V6/><F106/><W56/><G69/><T72/><D72/><U93/><E74/><V57/><F130/><W51/><G124/><T63/><D24/><U39/><E75/><V133/><F133/><W123/><G123/><T127/><D127/><U96/><E41/><V88/><F49/><W108/><G33/><N who="0" m="20671" /><D104/><U25/><REACH who="1" step="1"/><E59/><REACH who="1" ten="224,285,230,251" step="2"/><V1/><F57/><W58/><G56/><T118/><D118/><U97/><E97/><V22/><F109/><W78/><G32/><T28/><D28/><U47/><E47/><V40/><F111/><W107/><G108/><T83/><D83/><U80/><E80/><V11/><F40/><W46/><G46/><T84/><D84/><U65/><E65/><V90/><F67/><W13/><G85/><T116/><D116/><U125/><E125/><V42/><F42/><W30/><G134/><T86/><D86/><U23/><E23/><V34/><F11/><W105/><G30/><T45/><D45/><U14/><E14/><V53/><F2/><W70/><G10/><T121/><D121/><U117/><E117/><V132/><F132/><W115/><G58/><T122/><D122/><U44/><E44/><V119/><F119/><W87/><G87/><T5/><D5/><U98/><E98/><V68/><F68/><W52/><G70/><T66/><D66/><U71/><E71/><V99/><F99/><N who="3" m="59623" /><G4/><T114/><D114/><U43/><E43/><RYUUKYOKU ba="0,1" sc="224,15,285,15,230,-15,251,-15" hai0="54,55,60,61,63,102,103" hai1="17,19,20,25,31,36,38,39,73,76,81,93,96" owari="239,3.9,310,41.0,215,-28.5,236,-16.4" /></mjloggm>