<mjloggm ver="2.3"><GO type="225" lobby="0"/><UN n0="%6B%79%6F%6E%6B%6F%31%31" n1="%E3%83%AD%E3%83%83%E3%83%86%E9%9B%80%E7%90%83" n2="%E6%A1%9C%E8%8A%B1%E9%96%83%E3%80%85" n3="%33%74%72%65%65" dan="17,17,18,17" rate="2171.59,2139.85,2251.43,2191.98" sx="M,M,M,F"/><TAIKYOKU oya="0"/><INIT seed="0,0,0,3,2,122" ten="250,250,250,250" oya="0" hai0="16,119,81,40,70,31,80,125,49,78,79,29,33" hai1="118,132,51,35,126,129,75,135,106,28,84,104,133" hai2="10,37,22,23,97,58,69,91,73,107,110,86,74" hai3="42,50,111,103,4,120,52,89,115,71,90,34,1"/><T67/><D119/><U57/><E75/><V105/><F69/><W54/><G115/><T7/><D33/><U0/><E118/><V134/><F37/><W98/><G111/><T83/><D125/><U12/><E0/><V66/><F10/><W36/><G120/><T88/><D7/><U15/><E126/><V101/><F107/><N who="1" m="41001" /><E129/><V65/><F110/><W127/><G127/><T117/><D117/><U61/><E51/><V48/><F134/><W99/><G71/><T14/><D67/><N who="1" m="39343" /><E84/><V93/><F65/><W53/><G50/><T128/><D70/><U63/><E63/><V123/><F123/><W11/><G34/><T8/><D128/><U108/><E108/><V87/><F87/><W19/><G19/><T121/><D121/><U24/><AGARI ba="0,0" hai="12,15,24,28,35,132,133,135" m="39343,41001" machi="24" ten="40,1500,0" yaku="20,1" doraHai="122" who="1" fromWho="1" sc="250,-7,250,15,250,-4,250,-4" /><INIT seed="1,0,0,3,5,134" ten="243,265,246,246" oya="1" hai0="4,33,83,128,130,75,47,112,127,56,20,129,53" hai1="12,104,9,122,1,27,65,31,57,96,55,123,37" hai2="32,21,109,10,121,66,116,106,35,131,114,2,58" hai3="26,77,7,6,23,115,38,101,0,79,14,5,102"/><U49/><E1/><V97/><F58/><W125/><G115/><T28/><D112/><U88/><E37/><V62/><F62/><W78/><G38/><T73/><D33/><U41/><E41/><V18/><F66/><W107/><G0/><T133/><D133/><U69/><E69/><V68/><F97/><W95/><G107/><T80/><D4/><U50/><E50/><V120/><F106/><W98/><G125/><T39/><D127/><U17/><E65/><V99/><F99/><W63/><G63/><T11/><D11/><U113/><E113/><V48/><F48/><W84/><G102/><T52/><D20/><U13/><E13/><N who="2" m="9423" /><F68/><W46/><G46/><T8/><D8/><U22/><REACH who="1" step="1"/><E104/><REACH who="1" ten="243,255,246,246" step="2"/><V30/><F114/><W87/><REACH who="3" step="1"/><G14/><REACH who="3" ten="243,255,246,236" step="2"/><T126/><D39/><U110/><E110/><V89/><F109/><W108/><G108/><T60/><D128/><U111/><E111/><V61/><F131/><W29/><AGARI ba="0,2" hai="5,6,7,23,26,29,77,78,79,84,87,95,98,101" machi="29" ten="30,7900,0" yaku="1,1,0,1,8,1,53,1" doraHai="134" doraHaiUra="94" who="3" fromWho="3" sc="243,-20,255,-39,246,-20,236,99" /><INIT seed="2,0,0,5,1,42" ten="223,216,226,335" oya="2" hai0="87,90,47,131,69,121,102,111,120,52,104,74,61" hai1="96,13,79,77,112,83,124,135,8,119,91,72,29" hai2="27,18,78,40,6,1,107,54,86,115,51,73,110" hai3="126,48,94,133,38,20,56,19,30,11,34,12,89"/><V3/><F115/><W122/><G122/><T117/><D74/><U2/><E119/><V41/><F73/><W106/><G106/><T50/><D111/><U23/><E112/><V95/><F107/><W24/><G38/><T113/><D113/><U134/><E2/><V21/><F110/><W99/><G126/><T33/><D33/><U14/><E124/><V130/><F130/><W109/><G133/><N who="1" m="50698" /><E79/><V84/><F1/><W68/><G68/><T128/><D117/><U62/><E62/><V26/><F3/><W132/><G132/><T49/><D102/><U114/><E114/><V4/><F27/><W97/><G109/><T127/><D104/><U82/><E8/><V17/><F17/><W45/><G56/><T118/><D118/><U16/><E29/><V32/><F32/><W53/><G34/><T31/><D31/><U64/><E64/><V98/><F6/><W88/><G89/><T75/><D75/><U103/><E103/><N who="2" m="60895" /><F4/><W9/><G9/><T101/><D101/><U70/><E70/><V81/><F86/><AGARI ba="0,0" hai="11,12,19,20,24,30,45,48,53,86,88,94,97,99" machi="86" ten="30,7700,0" yaku="7,1,8,1,52,1,54,1" doraHai="42" who="3" fromWho="2" sc="223,0,216,0,226,-77,335,77" /><INIT seed="3,0,0,5,4,102" ten="223,216,149,412" oya="3" hai0="106,109,31,129,0,22,27,8,135,51,23,121,69" hai1="90,127,80,24,114,105,25,19,100,123,110,10,72" hai2="117,2,99,40,45,17,74,130,26,115,60,67,81" hai3="3,86,119,43,30,79,122,55,116,5,96,84,59"/><W77/><G122/><T58/><D69/><U112/><E123/><V15/><F115/><W107/><G43/><T62/><D121/><U49/><E110/><V11/><F117/><W70/><G70/><T103/><D109/><U9/><E127/><V94/><F130/><W57/><G30/><T7/><D129/><U78/><E49/><V4/><F26/><W87/><G5/><T28/><D51/><U46/><E46/><V32/><F32/><W36/><G36/><T34/><D135/><U85/><E114/><V39/><F17/><W83/><G3/><T118/><D118/><U134/><E134/><V113/><F15/><W14/><G14/><T73/><D73/><U82/><E112/><V64/><F113/><W108/><G108/><T66/><D31/><U63/><E63/><V12/><F12/><W91/><G59/><T1/><D1/><U61/><E61/><V133/><F60/><W42/><G42/><T120/><D120/><U132/><E132/><V76/><REACH who="2" step="1"/><F133/><REACH who="2" ten="223,216,139,412" step="2"/><W68/><G116/><T56/><D34/><U44/><E25/><V54/><F54/><W53/><G53/><T111/><D111/><U97/><REACH who="1" step="1"/><E44/><REACH who="1" ten="223,206,139,412" step="2"/><V128/><F128/><W98/><G119/><T33/><D27/><U13/><E13/><V124/><F124/><W38/><G55/><T75/><D33/><U6/><E6/><V131/><F131/><W48/><G68/><T20/><D7/><U92/><E92/><V21/><F21/><AGARI ba="0,2" hai="9,10,19,21,24,72,78,80,82,85,90,97,100,105" machi="21" ten="40,2600,0" yaku="1,1,52,1,53,0" doraHai="102" doraHaiUra="37" who="1" fromWho="2" sc="223,0,206,46,139,-26,412,0" owari="223,-17.7,252,5.2,113,-38.7,412,51.2" /></mjloggm>