<mjloggm ver="2.3"><GO type="225" lobby="0"/><UN n0="%E6%81%A5%E6%99%92%E3%81%97" n1="%E5%8D%A0%E3%81%84%E5%B8%AB%E8%A3%8F%E3%81%AA%E3%81%84%E3%81%97" n2="%E5%B8%86%E7%AB%8B%E5%A4%8F%E8%A1%A3" n3="%E7%B4%94%E6%BD%94%E3%83%94%E3%83%A9%E3%83%8B%E3%82%A2" dan="16,17,17,17" rate="2136.47,2222.57,2221.66,2062.43" sx="M,M,M,M"/><TAIKYOKU oya="0"/><INIT seed="0,0,0,1,5,135" ten="250,250,250,250" oya="0" hai0="55,53,72,68,59,43,16,134,40,110,77,108,112" hai1="21,84,37,54,91,83,98,126,11,15,56,115,4" hai2="17,87,123,27,1,133,90,18,131,50,26,96,23" hai3="93,28,31,106,33,63,100,101,105,24,39,46,125"/><T65/><D112/><U88/><E37/><V102/><F1/><W80/><G80/><T122/><D122/><U73/><E73/><V99/><F131/><W0/><G0/><T75/><D134/><U48/><E115/><V12/><F123/><W103/><G28/><T130/><D130/><U116/><E116/><V20/><F133/><W62/><G93/><T9/><D68/><U86/><E126/><V95/><F50/><W85/><G85/><T132/><D132/><U78/><E98/><V51/><F12/><W119/><G125/><T49/><D65/><U6/><E6/><V42/><F102/><W104/><REACH who="3" step="1"/><G119/><REACH who="3" ten="250,250,250,240" step="2"/><T120/><D75/><U92/><REACH who="1" step="1"/><E21/><REACH who="1" ten="250,240,250,240" step="2"/><V129/><F129/><W61/><G61/><T52/><D72/><U118/><E118/><V94/><F94/><W36/><G36/><T13/><D120/><U41/><E41/><AGARI ba="0,2" hai="24,31,33,39,41,46,62,63,100,101,103,104,105,106" machi="41" ten="50,1600,0" yaku="1,1,53,0" doraHai="135" doraHaiUra="124" who="3" fromWho="1" sc="250,0,240,-16,250,0,240,36" /><INIT seed="1,0,0,2,2,128" ten="250,224,250,276" oya="1" hai0="98,105,123,34,95,133,53,54,112,28,56,38,6" hai1="37,12,63,117,60,44,51,75,30,15,90,76,134" hai2="36,101,93,31,94,78,48,18,1,65,99,43,70" hai3="102,25,132,89,67,17,66,84,26,64,135,13,2"/><U52/><E117/><V115/><F1/><W7/><G102/><T116/><D112/><U68/><E30/><V86/><F115/><W77/><G77/><T41/><D116/><U107/><E107/><V8/><F36/><W61/><G61/><T9/><D123/><U125/><E125/><V113/><F113/><W5/><G2/><T21/><D34/><U33/><E33/><V121/><F121/><W4/><G26/><T46/><D105/><U111/><E111/><V88/><F31/><W32/><G25/><T118/><D118/><U16/><E134/><V126/><F126/><W72/><G72/><T23/><D28/><U42/><E68/><V27/><F78/><W50/><G50/><T69/><D69/><U106/><E106/><V71/><F65/><W49/><G49/><T104/><D54/><U92/><E12/><V110/><F110/><W120/><G32/><T83/><D83/><U62/><E75/><V11/><F71/><W79/><G79/><T10/><D104/><U109/><E76/><V47/><F70/><W0/><G0/><N who="0" m="199" /><D10/><N who="1" m="6263" /><E109/><V97/><REACH who="2" step="1"/><F86/><REACH who="2" ten="250,224,240,276" step="2"/><W100/><G120/><T96/><D38/><U40/><E37/><V73/><F73/><W55/><G67/><T85/><D85/><AGARI ba="0,1" hai="40,42,44,51,52,60,62,63,85,90,92" m="6263" machi="85" ten="30,5800,0" yaku="8,1,54,2" doraHai="128" who="1" fromWho="0" sc="250,-58,224,68,240,0,276,0" /><INIT seed="1,1,0,2,1,108" ten="192,292,240,276" oya="1" hai0="10,135,42,125,110,9,61,124,134,78,89,43,74" hai1="23,8,48,87,12,65,69,38,37,106,33,111,85" hai2="3,92,105,63,46,32,123,34,93,55,11,96,31" hai3="131,77,64,133,83,71,4,90,51,70,60,86,79"/><U29/><E33/><V36/><F123/><W5/><G131/><T18/><D110/><U20/><E111/><V116/><F116/><W94/><G133/><N who="0" m="50699" /><D89/><U7/><E106/><V16/><F105/><W40/><G70/><T101/><D101/><U21/><E29/><V28/><F34/><W120/><G77/><T25/><D61/><U17/><E38/><V1/><F1/><W112/><G120/><T81/><D10/><U26/><E37/><V62/><F32/><W95/><G95/><N who="2" m="36425" /><F36/><W56/><G112/><T103/><D103/><U52/><E65/><V19/><F3/><W30/><G30/><N who="2" m="11305" /><F96/><W68/><G71/><T130/><D9/><U75/><E75/><V107/><F107/><W41/><G68/><T49/><D49/><U58/><E69/><V91/><F91/><W99/><REACH who="3" step="1"/><G51/><REACH who="3" ten="192,292,240,266" step="2"/><T118/><D118/><U84/><AGARI ba="1,1" hai="7,8,12,17,20,21,23,26,48,52,58,84,85,87" machi="84" ten="30,6000,0" yaku="0,1,8,1,54,1" doraHai="108" who="1" fromWho="1" sc="192,-21,292,73,240,-21,266,-21" /><INIT seed="1,2,0,3,4,84" ten="171,365,219,245" oya="1" hai0="70,29,60,38,69,14,90,77,74,106,75,109,53" hai1="18,80,118,101,15,42,44,124,28,116,126,23,119" hai2="45,67,99,58,63,17,131,47,24,76,2,87,68" hai3="65,127,21,16,134,81,132,114,73,35,113,27,130"/><U10/><E101/><V3/><F131/><W110/><G130/><T72/><D106/><U34/><E80/><N who="2" m="47495" /><F68/><W85/><G73/><T33/><D77/><U94/><E94/><V26/><F2/><W95/><G95/><T107/><D107/><U103/><E103/><V55/><F3/><W4/><G110/><T122/><D38/><U54/><E54/><V40/><F99/><W7/><G35/><T89/><D109/><U108/><E108/><V49/><F17/><W6/><G65/><T105/><D105/><U96/><E96/><V79/><F79/><W78/><REACH who="3" step="1"/><G127/><REACH who="3" ten="171,365,219,235" step="2"/><N who="1" m="48682" /><E34/><V91/><F67/><W98/><G98/><T93/><D33/><U52/><E118/><V43/><F43/><W56/><G56/><N who="0" m="34831" /><D93/><U117/><E42/><V19/><F47/><W112/><AGARI ba="2,1" hai="4,6,7,16,21,27,78,81,85,112,113,114,132,134" machi="112" ten="40,12000,2" yaku="1,1,0,1,54,1,53,3" doraHai="84" doraHaiUra="1" who="3" fromWho="3" sc="171,-32,365,-62,219,-32,235,136" /><INIT seed="2,0,0,5,3,70" ten="139,303,187,371" oya="2" hai0="23,73,28,128,116,61,25,124,4,84,76,54,93" hai1="125,9,57,86,26,108,55,37,29,27,65,99,49" hai2="34,1,120,83,121,53,31,112,41,20,89,5,101" hai3="10,33,132,104,64,94,19,90,11,66,72,46,22"/><V96/><F112/><W130/><G104/><T111/><D111/><U30/><E108/><V35/><F1/><W18/><G33/><T32/><D124/><U80/><E125/><V107/><F5/><W12/><G72/><T126/><D126/><U91/><E37/><V117/><F117/><W127/><G127/><T92/><D128/><U47/><E9/><N who="3" m="3082" /><G130/><T39/><D4/><U71/><E71/><V103/><F20/><N who="3" m="11335" /><G46/><T48/><D116/><U114/><E114/><V102/><F53/><W74/><G74/><T52/><D73/><U77/><E99/><N who="2" m="61887" /><F41/><W113/><G132/><T14/><D32/><U79/><E65/><V110/><F31/><N who="1" m="11785" /><E47/><V88/><F34/><W42/><G42/><T118/><D118/><U16/><E26/><V3/><F3/><W135/><G135/><T8/><D39/><U0/><E0/><V2/><F2/><W82/><G82/><N who="0" m="47175" /><D61/><U106/><E106/><N who="2" m="63815" /><F35/><W51/><G51/><T69/><D69/><U38/><E38/><V6/><F6/><W15/><G113/><T115/><D115/><U17/><E17/><V129/><F129/><W109/><G109/><T63/><D63/><U58/><E58/><V78/><F110/><W60/><G60/><T67/><D67/><U75/><E27/><V68/><F68/><W59/><G59/><N who="0" m="33159" /><D54/><U131/><E131/><V36/><F36/><W40/><G40/><T87/><D87/><AGARI ba="0,0" hai="15,19,22,64,66,87,90,94" m="11335,3082" machi="87" ten="30,1000,0" yaku="8,1" doraHai="70" who="3" fromWho="0" sc="139,-10,303,0,187,0,371,10" /><INIT seed="3,0,0,2,2,76" ten="129,303,187,381" oya="3" hai0="100,82,7,52,97,42,102,29,47,4,91,104,86" hai1="50,69,84,5,8,1,121,66,36,133,93,107,109" hai2="62,48,73,57,56,9,128,32,74,10,130,108,123" hai3="15,90,113,115,53,63,131,49,16,37,124,111,101"/><W68/><G37/><T18/><D29/><U75/><E121/><V30/><F108/><W122/><G111/><T38/><D102/><U134/><E107/><V40/><F123/><W2/><G2/><T6/><D18/><U61/><E36/><V106/><F106/><W3/><G3/><T28/><D28/><U83/><E109/><V125/><F125/><W129/><G101/><T120/><D120/><U132/><E50/><V54/><F30/><W85/><G63/><T72/><D4/><U92/><REACH who="1" step="1"/><E75/><REACH who="1" ten="129,293,187,381" step="2"/><V45/><F74/><W17/><G49/><T117/><D117/><U96/><E96/><V39/><F73/><W70/><G122/><T80/><REACH who="0" step="1"/><D52/><REACH who="0" ten="119,293,187,381" step="2"/><U103/><E103/><V65/><F32/><W12/><G53/><T35/><D35/><U22/><E22/><V58/><F10/><W23/><G23/><T89/><D89/><AGARI ba="0,2" hai="1,5,8,61,66,69,83,84,89,92,93,132,133,134" machi="89" ten="40,8000,1" yaku="1,1,20,1,52,1,53,1" doraHai="76" doraHaiUra="64" who="1" fromWho="0" sc="119,-80,293,100,187,0,381,0" owari="39,-46.1,393,49.3,187,-21.3,381,18.1" /></mjloggm>