<mjloggm ver="2.3"><GO type="225" lobby="0"/><UN n0="%E3%81%AF%E3%82%88%E3%81%8A%E3%81%98%E3%81%95%E3%82%93" n1="%E6%B2%A1%E7%94%B7" n2="%6D%75%75%6D%75%72%61" n3="%E3%81%82%E3%81%99%E3%81%AB%E3%82%83%E3%82%80" dan="16,16,16,16" rate="2197.99,2079.48,2188.10,2062.77" sx="M,M,F,F"/><TAIKYOKU oya="0"/><INIT seed="0,0,0,3,3,10" ten="250,250,250,250" oya="0" hai0="56,39,65,35,44,90,32,42,67,75,33,126,14" hai1="94,27,47,30,95,86,114,66,11,74,106,123,5" hai2="87,64,36,78,121,55,24,76,57,25,111,8,29" hai3="98,82,9,81,118,83,48,113,77,0,130,125,21"/><T60/><D126/><U61/><E123/><V117/><F121/><W45/><G113/><T34/><N who="0" m="8192" /><DORA hai="116" /><T85/><D75/><U13/><E74/><V72/><F117/><W115/><G118/><T122/><D122/><U23/><E106/><V17/><F72/><W135/><G115/><T2/><D2/><U73/><E73/><V69/><F111/><W89/><G130/><T58/><D14/><U3/><E114/><V128/><F36/><W52/><G135/><T129/><D129/><U127/><E127/><V49/><F128/><W112/><G112/><T4/><D4/><U102/><E102/><V18/><F87/><W12/><G0/><T1/><D1/><U103/><E103/><V131/><F131/><W119/><G119/><T41/><D41/><U132/><E132/><V110/><F110/><W80/><G125/><T22/><D22/><U26/><E26/><N who="2" m="10347" /><F69/><W120/><G21/><T54/><REACH who="0" step="1"/><D58/><REACH who="0" ten="240,250,250,250" step="2"/><N who="1" m="37175" /><E3/><V31/><F8/><W15/><G120/><T50/><D50/><U43/><E43/><V133/><F133/><W62/><G9/><T68/><D68/><U6/><E6/><V63/><F31/><W38/><G38/><T37/><D37/><U96/><E5/><V99/><F29/><W91/><G62/><T100/><D100/><U108/><E11/><V40/><F40/><W59/><G59/><T71/><D71/><U53/><E108/><V124/><F124/><W7/><G7/><T88/><D88/><N who="1" m="53527" /><E13/><V92/><F17/><W46/><G89/><T93/><AGARI ba="0,1" hai="39,42,44,54,56,60,65,67,85,90,93" m="8192" machi="93" ten="60,11700,0" yaku="1,1,0,1,53,1" doraHai="10,116" doraHaiUra="84,79" who="0" fromWho="0" sc="240,127,250,-39,250,-39,250,-39" /><INIT seed="0,1,0,0,2,127" ten="367,211,211,211" oya="0" hai0="98,90,6,61,79,18,30,68,11,95,1,60,108" hai1="112,56,34,84,5,10,7,66,78,96,37,104,39" hai2="121,33,101,122,31,106,83,46,21,72,120,70,105" hai3="134,130,75,59,76,15,102,23,35,4,57,107,41"/><T36/><D36/><U110/><E34/><V88/><F33/><W2/><G35/><T119/><D119/><U55/><E110/><V53/><F70/><W117/><G117/><T27/><D108/><U94/><E66/><V93/><F101/><W113/><G113/><T128/><D79/><U74/><E7/><V63/><F72/><W8/><G134/><T14/><D68/><U77/><E74/><V47/><F83/><W19/><G41/><T89/><D89/><U42/><E104/><V51/><F47/><W43/><G43/><T71/><D71/><U85/><E78/><V129/><F129/><W115/><G115/><T91/><D128/><U99/><E77/><V92/><F63/><W38/><G38/><T64/><D91/><U48/><E99/><V54/><F54/><W26/><G130/><T86/><D98/><U67/><E67/><V116/><F116/><W62/><G62/><T87/><D86/><U100/><E112/><V82/><F82/><W52/><G52/><T50/><D50/><U49/><E39/><V125/><F125/><W80/><REACH who="3" step="1"/><G2/><REACH who="3" ten="367,211,211,201" step="2"/><T97/><D64/><U132/><E37/><V16/><F122/><W0/><G0/><T118/><D118/><U114/><E132/><V25/><F121/><W111/><G111/><T22/><REACH who="0" step="1"/><D97/><AGARI ba="1,1" hai="4,8,15,19,23,26,57,59,75,76,80,97,102,107" machi="97" ten="40,2600,0" yaku="1,1,53,1" doraHai="127" doraHaiUra="13" who="3" fromWho="0" sc="367,-29,211,0,211,0,201,39" /><INIT seed="1,0,0,3,3,77" ten="338,211,211,240" oya="1" hai0="7,59,35,128,82,9,113,14,50,43,127,65,90" hai1="66,31,51,18,131,125,29,86,11,75,6,60,80" hai2="17,83,117,22,2,38,100,10,15,116,95,111,24" hai3="99,28,88,8,4,109,61,52,112,55,49,48,67"/><U108/><E75/><V107/><F111/><W13/><G109/><T27/><D113/><U72/><E108/><V12/><F107/><W81/><G112/><T19/><D127/><U36/><E36/><V63/><F38/><W133/><G133/><T94/><D128/><U87/><E131/><V130/><F130/><W114/><G114/><T102/><D102/><U106/><E125/><V34/><F63/><W62/><G28/><T115/><D115/><U79/><E106/><V122/><F122/><W103/><G62/><T64/><D82/><U104/><E18/><V93/><F15/><W30/><G30/><T97/><D35/><U121/><E104/><V42/><F42/><W54/><G103/><T96/><D97/><U57/><E121/><V16/><F83/><W21/><G21/><N who="0" m="13759" /><D43/><U58/><E31/><V44/><F44/><W68/><REACH who="3" step="1"/><G99/><REACH who="3" ten="338,211,211,230" step="2"/><T129/><D129/><U71/><E29/><V110/><F110/><W135/><G135/><T98/><D96/><U23/><E23/><V20/><F34/><W85/><AGARI ba="0,1" hai="4,8,13,48,49,52,54,55,61,67,68,81,85,88" machi="85" ten="30,8000,1" yaku="1,1,0,1,52,1,54,2,53,0" doraHai="77" doraHaiUra="134" who="3" fromWho="3" sc="338,-20,211,-40,211,-20,230,90" /><INIT seed="2,0,0,2,1,4" ten="318,171,191,320" oya="2" hai0="123,117,66,80,33,94,8,45,128,18,127,42,14" hai1="26,105,56,10,72,52,20,19,76,55,1,71,25" hai2="118,43,29,112,74,98,9,119,84,125,24,88,73" hai3="28,48,86,99,134,64,70,131,124,115,104,102,92"/><V31/><F112/><W90/><G115/><T59/><D123/><U121/><E105/><V93/><F125/><W0/><G124/><T30/><D127/><U85/><E71/><V47/><F74/><W27/><G0/><T103/><D128/><U36/><E36/><V111/><F73/><W2/><G2/><T87/><D117/><U7/><E121/><V12/><F111/><W6/><G6/><T126/><D126/><U23/><E72/><V3/><F3/><W82/><G48/><N who="0" m="26679" /><D33/><U96/><E96/><V113/><F113/><W79/><G134/><T120/><D120/><U75/><E75/><V97/><F119/><W129/><G64/><T122/><D122/><U62/><E76/><V35/><F31/><W21/><REACH who="3" step="1"/><G70/><REACH who="3" ten="318,171,191,310" step="2"/><T95/><D66/><U34/><E34/><V38/><F118/><W101/><G101/><T61/><D103/><U68/><E68/><V51/><F38/><W44/><G44/><T81/><D59/><U91/><E56/><V116/><F116/><W130/><G130/><T133/><D133/><U69/><E69/><V89/><F89/><W135/><G135/><T132/><D132/><U46/><E46/><V32/><REACH who="2" step="1"/><F35/><REACH who="2" ten="318,171,181,310" step="2"/><W22/><G22/><T100/><D100/><U41/><E62/><V57/><F57/><W65/><G65/><T58/><D58/><U39/><E39/><V5/><AGARI ba="0,2" hai="5,9,12,24,29,32,43,47,51,84,88,93,97,98" machi="5" ten="20,12000,1" yaku="1,1,0,1,7,1,52,1,54,1,53,0" doraHai="4" doraHaiUra="54" who="2" fromWho="2" sc="318,-40,171,-40,181,140,310,-40" /><INIT seed="2,1,0,4,1,91" ten="278,131,321,270" oya="2" hai0="36,56,2,77,108,38,58,5,16,68,103,110,53" hai1="117,118,88,95,132,48,0,19,11,42,15,70,4" hai2="93,120,66,34,112,106,35,92,52,116,121,37,128" hai3="109,83,13,127,82,107,90,71,12,74,20,89,98"/><V59/><F112/><W10/><G71/><T26/><D68/><U62/><E132/><V17/><F116/><W46/><G109/><N who="0" m="42091" /><D77/><U69/><E42/><V80/><F106/><W60/><G127/><T6/><D103/><U97/><E70/><V84/><F37/><N who="0" m="14442" /><D2/><U51/><E117/><V18/><F66/><W85/><G60/><N who="0" m="35855" /><D58/><U27/><E118/><V133/><F133/><W1/><G1/><T105/><D105/><U101/><E101/><V44/><F44/><W32/><G46/><T72/><D72/><U40/><E40/><V45/><F45/><W64/><G64/><T130/><D130/><U50/><E69/><V114/><F128/><W78/><G107/><T65/><D65/><U61/><REACH who="1" step="1"/><E0/><REACH who="1" ten="278,121,321,270" step="2"/><V75/><F114/><W104/><G104/><T99/><D99/><U8/><E8/><V102/><F102/><W96/><G98/><T81/><D81/><U47/><E47/><V21/><F80/><W86/><G96/><T29/><D29/><U111/><E111/><V9/><F9/><W135/><G10/><T14/><D26/><U33/><E33/><V57/><F35/><W124/><G32/><T30/><D30/><U54/><E54/><V25/><F34/><W123/><G82/><T22/><AGARI ba="1,1" hai="5,6,14,16,22" m="35855,14442,42091" machi="22" ten="30,2000,0" yaku="14,1,54,1" doraHai="91" who="0" fromWho="0" sc="278,33,121,-6,321,-11,270,-6" /><INIT seed="3,0,0,1,0,19" ten="311,115,310,264" oya="3" hai0="118,135,76,18,96,130,30,50,20,121,83,34,26" hai1="13,129,80,106,56,49,31,35,3,84,46,69,0" hai2="97,131,88,68,71,110,94,95,63,89,7,122,93" hai3="29,48,54,67,99,12,103,22,78,90,25,127,59"/><W116/><G127/><T24/><D121/><U132/><E106/><V115/><F115/><W36/><G36/><T61/><D118/><U33/><E69/><V44/><F122/><W123/><G116/><T85/><D130/><U21/><E129/><V104/><F131/><W45/><G78/><T32/><D135/><U8/><E132/><V38/><F110/><W113/><G113/><T119/><D119/><U40/><E35/><V64/><F71/><W47/><G123/><T11/><D61/><U55/><E33/><V112/><F112/><W37/><G90/><T98/><D32/><U27/><E13/><V16/><F7/><W70/><G12/><T42/><D11/><U17/><E8/><V72/><F72/><W128/><G128/><T15/><D24/><U108/><E108/><V134/><F134/><W124/><G124/><T74/><D74/><U92/><E92/><V107/><F16/><W120/><G37/><T82/><D83/><U23/><E23/><V1/><F1/><W41/><G41/><T53/><D42/><U14/><E14/><V58/><F68/><W100/><G120/><T109/><D109/><U43/><E17/><V6/><F6/><W62/><REACH who="3" step="1"/><G103/><REACH who="3" ten="311,115,310,254" step="2"/><T2/><D2/><U52/><E43/><N who="2" m="22647" /><F89/><W5/><G5/><T114/><D114/><U51/><REACH who="1" step="1"/><E40/><REACH who="1" ten="311,105,310,254" step="2"/><V77/><F77/><AGARI ba="0,2" hai="0,3,21,27,31,46,49,51,52,55,56,77,80,84" machi="77" ten="30,8000,1" yaku="1,1,2,1,7,1,52,1,54,1,53,0" doraHai="19" doraHaiUra="28" who="1" fromWho="2" sc="311,0,105,100,310,-80,254,0" owari="311,41.1,205,-29.5,230,-17.0,254,5.4" /></mjloggm>