<mjloggm ver="2.3"><GO type="225" lobby="0"/><UN n0="%E6%9D%B1%E9%A2%A8%E3%81%AE%E3%81%8D%E3%82%83%E3%81%B7%E3%81%95%E3%82%93" n1="%72%69%6F%75%63%68%61%6E" n2="%E3%82%B2%E3%82%B9%E8%8C%82%E5%8B%9D" n3="%E3%81%82%E3%81%99%E3%81%AB%E3%82%83%E3%82%80" dan="17,16,16,16" rate="2206.39,2175.70,2121.40,2145.64" sx="M,M,F,F"/><TAIKYOKU oya="0"/><INIT seed="0,0,0,4,1,92" ten="250,250,250,250" oya="0" hai0="119,15,39,35,19,118,101,90,30,32,74,50,129" hai1="109,64,70,127,29,84,60,0,112,56,27,93,94" hai2="18,110,63,83,69,21,108,12,10,62,9,86,25" hai3="124,2,82,49,114,80,123,113,20,135,57,23,8"/><T31/><D39/><U38/><E109/><N who="2" m="42091" /><F69/><W37/><G37/><T85/><D74/><U78/><E127/><V105/><F105/><W13/><G124/><T5/><D101/><U3/><E112/><V133/><F133/><W17/><G135/><T11/><D50/><U36/><E38/><V97/><F97/><W99/><G123/><T89/><D129/><U125/><E36/><V75/><F75/><W48/><G2/><T68/><D68/><U33/><E125/><V26/><F26/><W51/><G113/><T44/><D44/><U100/><E70/><V106/><F106/><W117/><G117/><T42/><D42/><U116/><E116/><V79/><F9/><W121/><G121/><T91/><D85/><U28/><E28/><AGARI ba="0,0" hai="10,12,18,21,25,28,62,63,79,83,86" m="42091" machi="28" ten="30,1000,0" yaku="14,1" doraHai="92" who="2" fromWho="1" sc="250,0,250,-10,250,10,250,0" /><INIT seed="1,0,0,4,4,16" ten="250,240,260,250" oya="1" hai0="89,11,105,13,82,134,63,91,49,43,38,125,131" hai1="35,83,20,78,86,23,65,47,120,41,121,117,87" hai2="98,8,30,126,93,7,68,6,10,66,76,111,113" hai3="97,115,119,40,2,88,36,130,46,90,24,69,96"/><U56/><E117/><V60/><F111/><W128/><G115/><T67/><D105/><U32/><E65/><V92/><F126/><W107/><G69/><T101/><D101/><U123/><E56/><V55/><F113/><W112/><G2/><T70/><D125/><U18/><E87/><V106/><F76/><W27/><G112/><T17/><D134/><U4/><E4/><V50/><F30/><W54/><G54/><T0/><D131/><N who="3" m="50217" /><G119/><T132/><D132/><U19/><E19/><V118/><F118/><W57/><G57/><T34/><D34/><U28/><E28/><V62/><F62/><W48/><G36/><T15/><D0/><U59/><E59/><V85/><F106/><W79/><G79/><T81/><D38/><U26/><REACH who="1" step="1"/><E23/><REACH who="1" ten="250,230,260,250" step="2"/><V22/><F22/><W99/><G107/><T116/><D116/><U29/><E29/><V100/><F7/><W102/><G102/><T129/><D129/><U61/><E61/><V72/><F6/><W135/><G135/><T9/><D82/><U77/><E77/><V109/><F85/><W75/><G75/><T14/><D81/><U44/><E44/><N who="2" m="28103" /><F72/><W64/><G64/><T110/><D17/><U114/><E114/><V39/><F66/><W12/><G12/><T42/><D14/><U71/><E71/><V3/><F68/><W37/><G37/><AGARI ba="0,1" hai="18,20,26,32,35,37,41,47,78,83,86,120,121,123" machi="37" ten="40,7700,0" yaku="1,1,52,1,53,1" doraHai="16" doraHaiUra="74" who="1" fromWho="3" sc="250,0,230,87,260,0,250,-77" /><INIT seed="1,1,0,5,4,9" ten="250,317,260,173" oya="1" hai0="87,58,114,100,99,94,53,7,34,120,17,125,116" hai1="77,48,45,73,91,61,66,57,56,16,123,128,14" hai2="105,74,97,76,1,92,24,121,10,126,50,19,13" hai3="133,26,44,127,4,36,55,8,113,31,135,130,28"/><U23/><E123/><V42/><F121/><W63/><G113/><T110/><D34/><U21/><E128/><V75/><F126/><W134/><G36/><T52/><D110/><U43/><E91/><V54/><F105/><W132/><N who="3" m="33792" /><DORA hai="117" /><W33/><G130/><T103/><D120/><U79/><E73/><V122/><F122/><W6/><G127/><T47/><D125/><U107/><E107/><V84/><F42/><W85/><G85/><T51/><D116/><U35/><E35/><V129/><F129/><W111/><G111/><T72/><D72/><U65/><REACH who="1" step="1"/><E23/><REACH who="1" ten="250,307,260,173" step="2"/><V39/><F75/><W69/><G69/><T112/><D112/><U90/><E90/><V82/><F74/><W101/><G101/><T95/><D114/><U102/><E102/><V60/><F76/><W104/><G104/><T80/><D103/><U115/><E115/><V89/><F89/><W70/><G70/><T0/><D100/><U2/><E2/><V12/><F1/><W62/><G33/><T46/><D0/><U27/><E27/><V124/><F24/><W88/><G26/><T98/><D98/><U78/><E78/><V22/><F97/><W81/><G88/><T93/><D99/><U5/><E5/><V64/><F124/><W30/><G4/><T41/><D7/><U29/><E29/><V49/><F22/><W119/><G119/><T67/><D17/><U37/><E37/><V118/><F39/><W109/><G109/><T86/><D87/><U108/><E108/><V3/><F118/><W106/><G106/><T20/><D86/><U131/><E131/><RYUUKYOKU ba="1,1" sc="250,-10,307,30,260,-10,173,-10" hai1="14,16,21,43,45,48,56,57,61,65,66,77,79" /><INIT seed="1,2,1,4,4,122" ten="240,337,250,163" oya="1" hai0="108,72,9,70,30,44,11,60,92,83,93,79,109" hai1="29,130,15,63,47,34,74,55,8,75,103,88,22" hai2="0,87,89,125,1,132,3,50,17,51,98,43,64" hai3="40,14,134,67,12,62,69,5,113,82,127,135,123"/><U131/><E34/><V13/><F125/><W106/><G106/><T23/><D44/><U27/><E103/><V90/><F132/><W81/><G127/><T96/><D30/><U133/><E133/><N who="3" m="50698" /><G123/><T31/><D31/><U73/><E88/><V48/><F64/><W18/><G113/><T7/><D23/><U6/><REACH who="1" step="1"/><E63/><REACH who="1" ten="240,327,250,163" step="2"/><V117/><F117/><W25/><G62/><T76/><D60/><U38/><E38/><V21/><F98/><W85/><G82/><N who="0" m="45319" /><D70/><U19/><E19/><V128/><F90/><W95/><G81/><T120/><D120/><U28/><E28/><V61/><F61/><W20/><G18/><T84/><D96/><U105/><E105/><V119/><F119/><W112/><G69/><T118/><D118/><U4/><E4/><V97/><F97/><W126/><G126/><T110/><D9/><U99/><E99/><V68/><F68/><W116/><G116/><T42/><D42/><U54/><E54/><V35/><F35/><W115/><G40/><T57/><D57/><U26/><E26/><V39/><F43/><W129/><G25/><T49/><D49/><AGARI ba="2,2" hai="6,8,15,22,27,29,47,49,55,73,74,75,130,131" machi="49" ten="50,12000,1" yaku="1,1,53,3" doraHai="122" doraHaiUra="107" who="1" fromWho="0" sc="240,-126,327,146,250,0,163,0" /><INIT seed="1,3,0,0,2,14" ten="114,473,250,163" oya="1" hai0="104,115,52,103,78,106,12,87,80,3,49,46,56" hai1="33,81,129,67,90,60,126,107,95,0,130,123,71" hai2="134,59,38,55,131,108,34,36,54,74,82,18,73" hai3="117,25,41,32,88,99,92,89,62,94,64,101,61"/><U10/><E123/><V17/><F59/><W15/><G117/><T50/><D115/><U51/><E107/><V124/><F82/><W48/><G101/><T79/><D3/><U98/><E126/><V132/><F34/><W42/><G48/><T44/><D103/><U66/><E33/><V128/><REACH who="2" step="1"/><F108/><REACH who="2" ten="114,473,240,163" step="2"/><W121/><G32/><T100/><D100/><U45/><E81/><V6/><F6/><W76/><G76/><T109/><D78/><U29/><E66/><V65/><F65/><W70/><G64/><T114/><D109/><U26/><E67/><V4/><F4/><W72/><G70/><T116/><D114/><U105/><E71/><V75/><F75/><W57/><G72/><T102/><D116/><U122/><E130/><V118/><F118/><W8/><G57/><T93/><D56/><U7/><E129/><V5/><F5/><W31/><G61/><T9/><D102/><U85/><E60/><V83/><F83/><W35/><G62/><T23/><D93/><U39/><E95/><V96/><F96/><W27/><G35/><T30/><D106/><U133/><E98/><V1/><F1/><W53/><G99/><T91/><D104/><U63/><E105/><V86/><F86/><W24/><G94/><T120/><D120/><U22/><E85/><V112/><F112/><W16/><G121/><T2/><D2/><U13/><E0/><V84/><F84/><W77/><G92/><T47/><D79/><U21/><E122/><V40/><F40/><N who="3" m="15467" /><G77/><T119/><D119/><U68/><E68/><V43/><F43/><W28/><G53/><RYUUKYOKU ba="3,1" sc="114,-15,473,-15,240,15,163,15" hai2="17,18,36,38,54,55,73,74,124,128,131,132,134" hai3="8,15,16,24,25,27,28,31,88,89" /><INIT seed="2,4,1,0,5,35" ten="99,458,255,178" oya="2" hai0="129,54,117,77,11,21,41,42,120,121,60,105,109" hai1="25,4,97,37,71,12,90,89,28,43,57,110,3" hai2="134,93,74,124,68,48,66,70,127,64,33,99,80" hai3="108,46,44,72,22,8,17,81,45,92,10,116,52"/><V87/><F33/><W75/><G116/><T94/><D105/><U103/><E110/><V47/><F74/><W55/><G108/><T6/><D117/><U107/><E3/><V115/><F115/><W131/><G131/><T111/><D77/><U34/><E57/><V7/><F134/><W27/><G92/><T135/><D94/><U50/><E37/><V78/><F7/><W102/><G102/><T65/><D135/><U98/><E98/><V113/><F113/><W96/><G96/><T86/><D129/><U5/><E12/><V18/><F18/><W79/><REACH who="3" step="1"/><G72/><REACH who="3" ten="99,458,255,168" step="2"/><T13/><D111/><U31/><E103/><V58/><F93/><W128/><G128/><T39/><D109/><U67/><E97/><V61/><F99/><W19/><G19/><T85/><D120/><U84/><E31/><V29/><F29/><W23/><G23/><T56/><D121/><U0/><E28/><V30/><F30/><W76/><G76/><T133/><D133/><U9/><E34/><V126/><REACH who="2" step="1"/><F66/><REACH who="2" ten="99,458,245,168" step="2"/><W83/><G83/><T16/><D65/><U119/><E67/><V59/><F59/><W62/><G62/><T24/><REACH who="0" step="1"/><D39/><REACH who="0" ten="89,458,245,168" step="2"/><U73/><E119/><V15/><F15/><W26/><G26/><T63/><D63/><U40/><E25/><V91/><F91/><W88/><G88/><T2/><D2/><N who="1" m="151" /><E90/><V106/><F106/><W101/><G101/><T114/><D114/><U122/><E89/><V82/><F82/><W51/><G51/><T100/><D100/><U123/><E0/><V49/><F49/><W118/><G118/><T32/><D32/><RYUUKYOKU ba="4,4" sc="89,10,458,-30,245,10,168,10" hai0="6,11,13,16,21,24,41,42,54,56,60,85,86" hai2="47,48,58,61,64,68,70,78,80,87,124,126,127" hai3="8,10,17,22,27,44,45,46,52,55,75,79,81" /><INIT seed="2,5,4,1,3,80" ten="99,428,255,178" oya="2" hai0="35,112,8,56,113,57,43,59,87,30,92,63,26" hai1="119,118,89,126,28,68,104,52,14,135,123,82,64" hai2="60,34,19,2,11,4,96,132,38,94,84,76,101" hai3="44,53,69,133,29,83,15,106,46,40,16,134,31"/><V55/><F38/><W128/><G69/><T13/><D43/><U127/><E104/><V17/><F34/><W67/><G106/><T3/><D3/><U37/><E37/><V131/><F132/><N who="3" m="50795" /><G67/><T49/><D49/><U108/><E108/><V97/><F97/><W62/><G128/><T117/><D63/><N who="1" m="39967" /><E135/><V36/><F36/><N who="3" m="21511" /><G83/><T70/><D70/><U121/><E28/><V41/><F41/><W32/><G32/><T10/><D117/><N who="1" m="44555" /><E14/><N who="2" m="5479" /><F131/><W27/><G27/><T95/><D8/><U122/><E52/><V105/><F105/><W7/><G7/><T23/><D35/><U9/><E9/><V25/><F25/><W124/><G124/><N who="1" m="47658" /><E82/><N who="2" m="47175" /><F2/><W51/><G62/><T107/><D107/><U48/><E89/><V109/><F109/><W0/><G0/><T78/><D113/><U79/><E79/><V102/><F101/><W90/><G90/><N who="0" m="53343" /><D112/><U21/><E21/><AGARI ba="5,4" hai="15,16,21,29,31,46,51,53" m="21511,50795" machi="21" ten="30,2000,0" yaku="20,1,54,1" doraHai="80" who="3" fromWho="1" sc="99,0,428,-35,255,0,178,75" /><INIT seed="3,0,0,2,1,55" ten="99,393,255,253" oya="3" hai0="96,63,123,49,89,9,101,19,130,97,50,28,41" hai1="115,48,12,76,108,15,75,37,36,56,3,22,5" hai2="95,21,65,16,59,77,70,114,11,99,127,0,71" hai3="61,69,30,46,85,135,134,33,119,90,121,23,131"/><W64/><G119/><T8/><D130/><U44/><E115/><V26/><F127/><W88/><G131/><T6/><D123/><U42/><E108/><V62/><F114/><W34/><G121/><T25/><D89/><U104/><E104/><V118/><F118/><W113/><G113/><T109/><D109/><U67/><E22/><V94/><F77/><W106/><G106/><T38/><D38/><U111/><E111/><V92/><F99/><W43/><G90/><T39/><D39/><U120/><E120/><V14/><REACH who="2" step="1"/><F0/><REACH who="2" ten="99,393,245,253" step="2"/><W82/><G134/><T2/><D97/><U87/><E76/><V20/><F20/><W129/><G135/><T4/><D19/><AGARI ba="0,1" hai="11,14,16,19,21,26,59,62,65,70,71,92,94,95" machi="19" ten="40,8000,1" yaku="1,1,52,1,54,1,53,2" doraHai="55" doraHaiUra="66" who="2" fromWho="0" sc="99,-80,393,0,245,90,253,0" owari="19,-48.1,393,49.3,335,13.5,253,-14.7" /></mjloggm>