<mjloggm ver="2.3"><GO type="225" lobby="0"/><UN n0="%E3%81%8B%E3%82%8F%E3%81%A1%E3%82%83%E3%82%93%35%38" n1="%E6%9D%B1%E9%A2%A8%E3%81%AE%E3%81%8D%E3%82%83%E3%81%B7%E3%81%95%E3%82%93" n2="%E8%90%BD%E6%97%A5" n3="%E6%A1%9C%E8%8A%B1%E9%96%83%E3%80%85" dan="16,17,16,16" rate="2130.13,2162.00,2220.06,2197.61" sx="M,M,F,M"/><TAIKYOKU oya="0"/><INIT seed="0,0,0,3,2,67" ten="250,250,250,250" oya="0" hai0="16,51,42,117,19,37,26,94,95,8,29,113,34" hai1="87,6,45,60,89,88,27,77,127,104,93,121,15" hai2="32,74,63,24,72,11,48,83,86,38,31,116,17" hai3="114,50,20,0,40,36,21,119,90,97,85,120,98"/><T99/><D113/><U1/><E104/><V79/><F38/><W46/><G114/><T58/><D117/><U47/><E1/><V123/><F123/><W130/><G119/><T92/><D99/><N who="3" m="37897" /><G0/><T9/><D37/><U78/><E121/><V49/><F116/><W109/><G36/><T39/><D39/><U12/><E127/><V14/><F63/><W135/><G109/><T62/><D8/><U7/><E60/><V107/><F107/><W54/><G130/><T22/><D9/><U68/><E27/><V100/><F100/><W124/><G135/><T52/><D34/><U110/><E87/><V132/><F132/><W13/><G120/><T66/><REACH who="0" step="1"/><D42/><REACH who="0" ten="240,250,250,250" step="2"/><U106/><E106/><V43/><F43/><W80/><G40/><T96/><D96/><U82/><E82/><V69/><F69/><AGARI ba="0,1" hai="16,19,22,26,29,51,52,58,62,66,69,92,94,95" machi="69" ten="40,12000,1" yaku="1,1,52,1,54,2,53,0" doraHai="67" doraHaiUra="111" who="0" fromWho="2" sc="240,130,250,0,250,-120,250,0" /><INIT seed="0,1,0,5,1,84" ten="370,250,130,250" oya="0" hai0="50,98,125,3,66,127,14,117,64,87,44,67,107" hai1="119,124,38,111,74,90,75,61,10,1,47,18,36" hai2="25,22,0,100,17,115,71,83,82,60,59,62,41" hai3="42,20,53,113,86,80,9,4,72,79,30,133,26"/><T96/><D3/><U128/><E61/><V89/><F115/><W112/><G133/><T63/><D117/><U126/><E47/><V123/><F0/><W5/><G42/><T122/><D122/><U105/><E18/><V32/><F123/><W116/><G116/><T70/><D14/><U33/><E90/><V130/><F130/><W109/><G109/><T7/><D7/><U135/><E10/><V24/><F100/><W93/><G53/><T114/><D114/><U65/><E65/><N who="0" m="25193" /><D107/><U8/><E8/><V39/><F71/><W21/><G21/><T92/><D87/><U46/><E46/><V6/><F6/><W108/><G108/><T16/><D16/><U129/><E74/><V131/><F131/><W12/><REACH who="3" step="1"/><G4/><REACH who="3" ten="370,250,130,240" step="2"/><T132/><D132/><U101/><E129/><V43/><F41/><W28/><G28/><T56/><D67/><U103/><E38/><V57/><F43/><W91/><AGARI ba="1,1" hai="5,9,12,20,26,30,72,79,80,86,91,93,112,113" machi="91" ten="30,7900,0" yaku="1,1,0,1,52,1,53,1" doraHai="84" doraHaiUra="11" who="3" fromWho="3" sc="370,-40,250,-21,130,-21,240,92" /><INIT seed="1,0,0,5,4,59" ten="330,229,109,332" oya="1" hai0="68,77,23,106,19,9,54,133,64,74,72,39,22" hai1="45,79,53,61,5,118,122,17,6,18,91,38,92" hai2="116,98,81,131,103,110,31,35,24,47,85,62,26" hai3="132,37,13,63,93,34,112,134,66,1,21,32,128"/><U125/><E122/><V70/><F116/><W55/><G112/><T89/><D106/><U48/><E118/><V67/><F110/><W27/><G1/><T40/><D77/><U4/><E125/><V113/><F131/><W57/><G128/><T126/><D9/><U107/><E38/><V115/><F26/><W123/><G123/><T95/><D22/><U43/><E107/><V78/><REACH who="2" step="1"/><F47/><REACH who="2" ten="330,229,99,332" step="2"/><W7/><G27/><T56/><D126/><U124/><E124/><V41/><F41/><W100/><G134/><T109/><D40/><U2/><E2/><V8/><F8/><W28/><G132/><T49/><D133/><U102/><E102/><V111/><F111/><W119/><G100/><T75/><D109/><U50/><E79/><V69/><F69/><W80/><G13/><T14/><D68/><U15/><E15/><V71/><F71/><W86/><G119/><T130/><D130/><U51/><E43/><V96/><F96/><W11/><G11/><T20/><D14/><U25/><E25/><V114/><F114/><W121/><G121/><T87/><D20/><U135/><E135/><V82/><F82/><W127/><G80/><T3/><D3/><U33/><E45/><V88/><F88/><N who="3" m="53399" /><G21/><T117/><D117/><U10/><E10/><V36/><F36/><W58/><G37/><T101/><D39/><U73/><E33/><V46/><F46/><W42/><G42/><T83/><D101/><U60/><E73/><V30/><F30/><W0/><G127/><T84/><D83/><U29/><E29/><V104/><AGARI ba="0,1" hai="24,31,35,62,67,70,78,81,85,98,103,104,113,115" machi="104" ten="30,8000,1" yaku="1,1,0,1,25,2,52,1,53,0" doraHai="59" doraHaiUra="90" who="2" fromWho="2" sc="330,-20,229,-40,99,90,332,-20" /><INIT seed="2,0,0,2,2,131" ten="310,189,189,312" oya="2" hai0="128,116,7,49,73,102,107,118,117,84,54,27,104" hai1="67,1,61,106,14,12,51,95,31,55,46,86,39" hai2="13,76,60,96,16,70,8,81,101,66,114,69,115" hai3="122,5,82,130,10,85,127,93,29,65,3,15,56"/><V120/><F70/><W21/><G122/><T68/><D128/><U87/><E106/><V110/><F120/><W57/><G130/><T59/><D73/><U109/><E1/><V45/><F45/><W88/><G127/><T125/><D125/><U20/><E109/><V2/><F2/><W4/><G65/><T25/><D68/><U28/><E39/><V43/><F43/><W53/><G3/><T121/><D121/><U134/><E134/><V80/><F110/><W78/><G4/><T77/><D7/><U19/><E12/><V72/><REACH who="2" step="1"/><F80/><REACH who="2" ten="310,189,179,312" step="2"/><W34/><G57/><T24/><D117/><U100/><E87/><V132/><F132/><W79/><G82/><T135/><D135/><U111/><E111/><V75/><F75/><W40/><G40/><T113/><D118/><U92/><E92/><AGARI ba="0,1" hai="8,13,16,60,66,69,72,76,81,92,96,101,114,115" machi="92" ten="30,11600,0" yaku="1,1,7,1,54,1,53,1" doraHai="131" doraHaiUra="9" who="2" fromWho="1" sc="310,0,189,-116,179,126,312,0" /><INIT seed="2,1,0,5,5,44" ten="310,73,305,312" oya="2" hai0="31,36,94,26,125,105,53,8,68,109,15,99,126" hai1="75,13,4,29,93,73,60,102,122,89,23,9,88" hai2="127,107,42,38,41,1,33,48,101,111,3,7,2" hai3="91,20,24,106,35,81,108,83,67,69,118,49,129"/><V117/><F117/><W16/><G118/><T58/><D68/><U37/><E122/><V71/><F33/><W123/><G123/><T6/><D105/><U40/><E37/><V32/><F32/><W114/><G108/><T50/><D36/><U45/><E73/><V62/><F38/><W43/><G129/><T56/><D109/><U17/><E75/><V120/><F71/><W11/><G106/><T85/><D85/><U54/><E29/><V21/><F2/><W98/><G35/><T76/><D76/><U78/><E78/><V12/><F3/><W121/><G121/><T86/><D86/><U110/><E110/><V133/><F1/><W61/><G114/><T66/><D66/><U92/><E102/><V128/><F107/><W96/><G11/><T52/><D26/><U115/><E115/><V27/><F128/><W5/><G5/><T18/><D31/><U90/><E40/><V0/><F0/><W47/><REACH who="3" step="1"/><G91/><REACH who="3" ten="310,73,305,302" step="2"/><N who="0" m="55775" /><D126/><U22/><E22/><V39/><F127/><W97/><AGARI ba="1,1" hai="16,20,24,43,47,49,61,67,69,81,83,96,97,98" machi="97" ten="30,7900,0" yaku="1,1,0,1,52,1,54,1,53,0" doraHai="44" doraHaiUra="116" who="3" fromWho="3" sc="310,-21,73,-21,305,-40,302,92" /><INIT seed="3,0,0,2,5,92" ten="289,52,265,394" oya="3" hai0="95,41,43,81,75,5,45,102,10,11,27,64,117" hai1="135,8,61,109,71,120,12,0,132,24,3,70,47" hai2="28,99,94,59,90,115,91,2,123,34,127,42,86" hai3="108,103,48,13,133,16,57,6,39,58,36,72,113"/><W125/><G113/><T26/><D117/><U73/><E73/><V17/><F115/><W69/><G69/><T80/><D75/><U55/><E24/><V74/><F74/><W106/><G72/><T89/><D64/><U52/><E47/><V53/><F2/><W96/><G108/><T97/><D10/><U7/><E109/><V56/><F127/><W4/><G125/><T78/><D43/><U118/><E120/><V88/><F123/><W129/><G129/><T126/><D126/><U121/><E118/><V29/><F42/><W63/><G48/><T18/><D102/><U22/><E121/><V15/><F34/><W77/><G77/><T20/><D26/><U100/><E100/><N who="2" m="60535" /><F86/><W82/><G82/><T83/><D78/><U87/><E87/><V105/><F105/><W37/><G133/><T84/><D84/><U30/><E61/><N who="2" m="35983" /><F59/><W93/><G106/><T134/><D134/><U60/><E60/><V54/><F54/><W68/><G58/><T98/><D98/><U79/><E79/><V33/><F33/><W25/><G25/><T128/><D128/><U19/><E135/><V21/><AGARI ba="0,0" hai="15,17,21,28,29,88,90,91" m="35983,60535" machi="21" ten="30,4000,0" yaku="8,1,52,1,54,1" doraHai="92" who="2" fromWho="2" sc="289,-10,52,-10,265,40,394,-20" owari="279,-12.1,42,-45.8,305,10.5,374,47.4" /></mjloggm>