<mjloggm ver="2.3"><GO type="225" lobby="0"/><UN n0="%E5%8D%A0%E3%81%84%E5%B8%AB%E8%A3%8F%E3%81%AA%E3%81%84%E3%81%97" n1="%E3%81%BE%E3%81%8B%E3%81%B7%E3%82%93" n2="%72%65%6E%6B%75%6E" n3="%E5%A4%9C%E5%85%89%E5%A4%A9%E6%A5%BC" dan="17,16,17,17" rate="2212.71,2052.19,2194.11,2160.96" sx="M,M,M,F"/><TAIKYOKU oya="0"/><INIT seed="0,0,0,0,2,110" ten="250,250,250,250" oya="0" hai0="42,104,20,36,0,103,34,52,46,116,96,82,90" hai1="93,69,130,115,83,120,78,21,113,102,3,12,16" hai2="47,58,60,94,6,33,1,112,49,109,134,65,10" hai3="87,40,22,107,126,55,86,25,18,72,79,129,85"/><T97/><D116/><U17/><E130/><V76/><F109/><W68/><G107/><T98/><D34/><U101/><E120/><V7/><F134/><W124/><G129/><T119/><D119/><U14/><E3/><V48/><F33/><W91/><G68/><T128/><D128/><U84/><E69/><V66/><F76/><W27/><G40/><T73/><D20/><U114/><E93/><V132/><F132/><W89/><G27/><T53/><D90/><N who="3" m="34313" /><G55/><T28/><D28/><U11/><AGARI ba="0,0" hai="11,12,14,16,17,21,78,83,84,101,102,113,114,115" machi="11" ten="30,12000,2" yaku="0,1,11,1,52,3,54,1" doraHai="110" who="1" fromWho="1" sc="250,-60,250,120,250,-30,250,-30" /><INIT seed="1,0,0,5,2,92" ten="190,370,220,220" oya="1" hai0="108,41,33,135,102,7,36,131,20,126,11,18,81" hai1="37,54,93,3,25,84,2,10,78,38,69,118,113" hai2="43,62,73,4,111,5,99,134,6,58,61,30,60" hai3="130,64,16,49,129,94,116,95,42,122,85,132,67"/><U114/><E118/><V28/><F73/><W47/><G122/><T65/><D108/><U117/><E117/><V35/><F111/><W15/><G132/><T104/><D33/><U45/><E69/><V21/><F134/><W51/><G51/><T91/><D135/><U8/><E25/><V34/><F43/><W66/><G116/><T63/><D126/><U76/><E93/><V77/><F77/><W59/><G59/><T56/><D131/><N who="3" m="50185" /><G85/><T96/><D41/><U40/><E40/><V98/><F58/><W23/><AGARI ba="0,0" hai="15,16,23,42,47,49,64,66,67,94,95" m="50185" machi="23" ten="30,2000,0" yaku="19,1,54,1" doraHai="92" who="3" fromWho="3" sc="190,-5,370,-10,220,-5,220,20" /><INIT seed="2,0,0,5,5,135" ten="185,360,215,240" oya="2" hai0="65,128,109,24,19,110,16,62,83,98,25,36,52" hai1="88,108,2,91,126,97,111,7,123,6,116,67,93" hai2="4,102,8,129,47,11,23,32,1,60,3,56,40" hai3="113,5,70,18,53,80,43,73,31,38,51,112,95"/><V68/><F129/><W28/><G70/><T105/><D128/><U114/><E116/><V27/><F68/><W104/><G104/><T35/><D36/><U74/><E114/><N who="3" m="44138" /><G18/><N who="0" m="6699" /><D83/><U21/><E74/><V94/><F32/><W10/><G43/><T133/><D133/><U33/><E33/><V117/><F117/><W29/><G38/><T42/><D42/><U64/><E21/><V20/><F11/><W96/><G80/><T118/><D118/><U46/><E46/><V77/><F3/><N who="3" m="319" /><G73/><T92/><D105/><U34/><E34/><V61/><F77/><W37/><G37/><T45/><D35/><U12/><E2/><V115/><F115/><W13/><G13/><T75/><D75/><U15/><E93/><V134/><F134/><W119/><G119/><T63/><D65/><U85/><E97/><V82/><F82/><W59/><G31/><T58/><D63/><U100/><E85/><V30/><F60/><W57/><G59/><T76/><D76/><U122/><E100/><AGARI ba="0,0" hai="28,29,51,53,57,95,96,100" m="319,44138" machi="100" ten="30,1000,0" yaku="11,1" doraHai="135" who="3" fromWho="1" sc="185,0,360,-10,215,0,240,10" /><INIT seed="3,0,0,4,5,112" ten="185,350,215,250" oya="3" hai0="78,124,129,74,62,51,20,36,21,1,13,38,26" hai1="12,40,58,25,66,102,73,75,97,49,93,22,77" hai2="2,5,94,109,99,116,55,47,17,43,44,50,31" hai3="128,32,28,76,114,7,11,33,48,108,103,79,70"/><W83/><G114/><T85/><D1/><U24/><E77/><V35/><F109/><W8/><G70/><T120/><D120/><U101/><E101/><V132/><F132/><W15/><G103/><T3/><D3/><U18/><E75/><V14/><F5/><W6/><G128/><T39/><D129/><U54/><E73/><V125/><F2/><W63/><G28/><T10/><D124/><U100/><E100/><V121/><F121/><W118/><G63/><T117/><D74/><U59/><E40/><V56/><F125/><W105/><G105/><T53/><D62/><AGARI ba="0,0" hai="12,18,22,24,25,49,54,58,59,62,66,93,97,102" machi="62" ten="40,1300,0" yaku="8,1" doraHai="112" who="1" fromWho="0" sc="185,-13,350,13,215,0,250,0" owari="172,-32.8,363,46.3,215,-18.5,250,5.0" /></mjloggm>