<mjloggm ver="2.3"><GO type="225" lobby="0"/><UN n0="%E9%B3%B3%E6%9D%B1%E3%81%AE%E3%81%86%E3%81%95%E3%81%8E%E3%81%95%E3%82%93" n1="%53%41%49%2A" n2="%E3%83%B4%E3%83%A0%EF%BC%99%E3%81%A6" n3="%E6%97%A5%E6%9B%9C%E6%97%A5%E3%82%88%E3%82%8A%E3%81%AE%E4%BD%BF%E8%80%85" dan="16,16,16,17" rate="2112.61,2121.01,2165.16,2130.79" sx="M,M,M,M"/><TAIKYOKU oya="0"/><INIT seed="0,0,0,2,2,102" ten="250,250,250,250" oya="0" hai0="124,10,123,53,122,22,76,107,14,65,134,116,39" hai1="86,111,89,33,128,99,0,9,48,69,74,125,1" hai2="91,32,4,87,57,49,3,56,19,41,90,84,26" hai3="71,79,119,73,105,75,47,118,130,54,51,44,46"/><T114/><D114/><U135/><E48/><V17/><F3/><W36/><G71/><T93/><D116/><U34/><E86/><V40/><F4/><W50/><G36/><T52/><D39/><U80/><E89/><V37/><F37/><W25/><G25/><T55/><D134/><U121/><E99/><V115/><F26/><W67/><G67/><T5/><D124/><U21/><E80/><V35/><F49/><W24/><G24/><T108/><D108/><U23/><E9/><V15/><F15/><W109/><G109/><T7/><D107/><U30/><E30/><V132/><REACH who="2" step="1"/><F115/><REACH who="2" ten="250,250,240,250" step="2"/><W98/><G51/><T100/><D5/><U127/><E0/><V96/><F96/><W104/><G98/><T6/><D6/><U45/><E1/><V81/><F81/><W101/><G119/><T106/><D7/><U120/><E121/><V110/><F110/><W94/><G118/><T13/><D13/><U95/><E120/><V28/><F28/><W58/><G50/><T64/><D123/><U131/><E111/><V126/><F126/><W70/><G44/><T133/><D122/><U78/><E45/><V31/><F31/><W97/><G46/><T12/><D14/><U113/><E127/><V68/><F68/><W18/><G70/><T38/><D38/><U63/><E69/><V88/><F88/><W62/><G47/><T77/><D12/><U27/><E125/><V66/><F66/><W82/><G82/><T112/><D65/><U11/><E27/><V92/><F92/><W83/><G94/><T2/><D112/><U59/><E113/><RYUUKYOKU ba="0,1" sc="250,-10,250,-10,240,30,250,-10" hai2="17,19,32,35,40,41,56,57,84,87,90,91,132" /><INIT seed="1,1,1,3,0,17" ten="240,240,270,240" oya="1" hai0="102,80,78,105,94,46,51,38,113,14,86,130,21" hai1="93,120,92,95,121,1,79,3,24,116,60,131,57" hai2="32,12,134,8,44,37,36,103,88,124,20,132,66" hai3="115,117,64,63,100,5,18,2,129,119,99,28,41"/><U16/><E116/><N who="3" m="44618" /><G129/><T62/><D113/><U31/><E131/><V10/><F32/><W71/><G115/><T69/><D130/><U98/><E79/><V135/><F124/><W126/><G126/><T90/><D38/><U22/><E98/><V101/><F66/><W127/><G127/><T77/><D105/><U104/><E104/><V30/><F37/><W58/><G28/><T13/><D69/><U42/><E42/><N who="2" m="22599" /><F8/><N who="3" m="2103" /><G41/><N who="0" m="25039" /><D62/><U27/><E121/><V118/><F118/><W85/><G85/><N who="0" m="52559" /><D102/><U89/><E89/><V112/><F88/><W106/><G18/><N who="0" m="10447" /><D14/><U35/><REACH who="1" step="1"/><E120/><REACH who="1" ten="240,230,270,240" step="2"/><V81/><F112/><W7/><G7/><T72/><D72/><U109/><E109/><V87/><F103/><W82/><G82/><T54/><D77/><U49/><E49/><V45/><F101/><W74/><G74/><T40/><D40/><U70/><E70/><AGARI ba="1,2" hai="58,63,64,70,71,99,100,106" m="2103,44618" machi="70" ten="30,1000,0" yaku="12,1" doraHai="17" who="3" fromWho="1" sc="240,0,230,-13,270,0,240,33" /><INIT seed="2,0,0,2,5,44" ten="240,217,270,273" oya="2" hai0="73,130,55,32,8,27,133,105,9,63,86,6,99" hai1="125,53,118,72,128,124,111,76,39,37,60,95,26" hai2="65,58,79,123,10,74,45,28,100,2,12,0,96" hai3="71,115,51,42,49,5,109,59,80,40,36,127,56"/><V98/><F123/><W41/><G36/><T47/><D73/><U3/><E118/><V22/><F74/><W135/><G71/><T116/><D116/><U107/><E107/><V114/><F79/><W7/><G109/><T57/><D130/><U33/><E3/><V23/><F114/><W90/><G127/><T129/><D129/><U122/><E122/><V134/><F134/><W81/><G135/><T82/><D133/><U78/><E128/><V75/><F75/><W102/><G102/><T104/><D99/><U103/><E111/><V62/><F96/><W13/><G115/><T101/><D101/><U121/><E121/><V43/><F0/><W35/><G35/><T25/><D8/><U38/><E95/><V34/><F2/><W52/><G13/><T21/><D32/><U16/><E103/><V14/><F34/><W70/><G70/><T68/><D68/><U83/><E78/><V106/><F28/><W120/><G120/><T131/><D131/><U89/><E89/><V24/><F24/><W20/><G20/><T67/><D25/><U94/><E94/><V17/><F14/><W119/><G119/><T15/><D82/><N who="3" m="31849" /><G90/><T48/><REACH who="0" step="1"/><D86/><REACH who="0" ten="230,217,270,273" step="2"/><U61/><E33/><V88/><F88/><W11/><G11/><T112/><D112/><U108/><E108/><V4/><F4/><W69/><G69/><T91/><D91/><U117/><E117/><V54/><F106/><W1/><G1/><T64/><D64/><U93/><E72/><V50/><F65/><W19/><G19/><AGARI ba="0,1" hai="6,9,15,19,21,27,47,48,55,57,63,67,104,105" machi="19" ten="30,3900,0" yaku="1,1,7,1,52,1,53,0" doraHai="44" doraHaiUra="30" who="0" fromWho="3" sc="230,49,217,0,270,0,273,-39" /><INIT seed="3,0,0,4,0,39" ten="279,217,270,234" oya="3" hai0="105,74,41,30,103,99,107,88,122,13,50,101,44" hai1="1,73,36,24,77,47,38,106,116,128,114,132,96" hai2="94,127,15,72,81,7,34,130,56,111,113,121,65" hai3="109,35,46,14,8,83,64,70,115,54,69,84,78"/><W134/><G35/><T118/><D118/><U18/><E114/><V23/><F113/><W58/><G115/><T27/><D122/><U85/><E73/><V48/><F34/><W60/><G134/><T119/><D119/><U22/><E132/><V40/><F121/><W117/><G117/><T57/><D74/><U6/><E116/><V63/><F111/><W100/><G100/><T61/><D13/><U89/><E128/><V75/><F127/><W0/><G0/><T32/><D88/><U125/><E125/><V33/><F33/><W124/><G124/><T102/><REACH who="0" step="1"/><D107/><REACH who="0" ten="269,217,270,234" step="2"/><U42/><E77/><V5/><F15/><W51/><REACH who="3" step="1"/><G109/><REACH who="3" ten="269,217,270,224" step="2"/><T112/><D112/><U26/><E1/><V97/><F130/><W29/><G29/><T12/><D12/><U87/><E26/><V19/><F72/><W95/><G95/><T25/><D25/><U3/><E3/><V52/><F94/><W37/><G37/><T53/><AGARI ba="0,2" hai="27,30,32,41,44,50,53,57,61,99,101,102,103,105" machi="53" ten="20,5200,0" yaku="1,1,0,1,7,1,52,1,53,0" doraHai="39" doraHaiUra="91" who="0" fromWho="0" sc="269,72,217,-13,270,-13,224,-26" owari="341,44.1,204,-19.6,257,5.7,198,-30.2" /></mjloggm>