<mjloggm ver="2.3"><GO type="225" lobby="0"/><UN n0="%E3%81%AF%E3%82%88%E3%81%8A%E3%81%98%E3%81%95%E3%82%93" n1="%E5%B8%86%E7%AB%8B%E5%A4%8F%E8%A1%A3" n2="%72%69%6F%75%63%68%61%6E" n3="%E6%A1%9C%E8%8A%B1%E9%96%83%E3%80%85" dan="16,17,17,17" rate="2160.78,2142.08,2247.58,2171.96" sx="M,M,M,M"/><TAIKYOKU oya="0"/><INIT seed="0,0,0,2,1,54" ten="250,250,250,250" oya="0" hai0="110,86,24,66,134,27,16,132,87,106,8,10,135" hai1="7,128,98,93,105,29,51,101,131,71,43,70,77" hai2="68,2,126,30,92,25,57,67,129,100,28,113,46" hai3="34,18,6,82,83,63,64,47,41,81,94,116,32"/><T133/><N who="0" m="33792" /><DORA hai="22" /><T130/><D106/><U84/><E7/><V102/><F126/><W40/><G6/><T61/><D130/><N who="1" m="49707" /><E29/><V97/><F129/><W4/><G4/><T69/><D110/><U103/><E103/><V33/><F113/><W108/><G116/><T122/><D122/><U11/><E11/><N who="0" m="4137" /><D16/><U31/><E31/><V119/><F119/><W21/><G18/><T38/><D38/><U115/><E115/><V117/><F117/><W3/><G108/><T78/><D78/><U95/><E105/><V75/><F2/><W45/><G3/><T125/><D125/><U120/><E120/><V17/><F30/><W112/><G112/><T1/><D1/><U127/><E127/><V5/><F5/><W74/><G74/><T76/><D87/><U35/><E35/><V36/><F75/><W50/><G21/><T107/><D107/><U58/><E77/><V123/><F123/><W80/><N who="3" m="20480" /><DORA hai="14" /><W99/><G99/><T48/><D86/><U72/><E72/><V60/><F17/><W19/><G19/><T91/><D91/><N who="1" m="53479" /><E43/><V90/><REACH who="2" step="1"/><F68/><REACH who="2" ten="250,250,240,250" step="2"/><W79/><G79/><T73/><D76/><U85/><E85/><V89/><F89/><W59/><REACH who="3" step="1"/><G94/><REACH who="3" ten="250,250,240,240" step="2"/><T96/><D73/><U56/><E95/><V15/><F15/><W9/><G9/><T12/><D12/><U13/><E13/><V104/><F104/><W39/><AGARI ba="0,2" hai="32,34,39,40,41,45,47,50,59,63,64" m="20480" machi="39" ten="40,5200,0" yaku="1,1,0,1,52,1,53,0" doraHai="54,22,14" doraHaiUra="111,49,65" who="3" fromWho="3" sc="250,-26,250,-13,240,-13,240,72" /><INIT seed="1,0,0,5,1,67" ten="224,237,227,312" oya="1" hai0="42,80,0,26,90,62,19,35,92,83,40,82,133" hai1="127,23,135,60,119,47,6,12,28,2,74,44,101" hai2="52,41,104,115,64,22,39,124,10,118,36,123,102" hai3="18,126,45,134,129,116,20,98,9,13,112,79,58"/><U61/><E74/><V38/><F118/><W87/><G112/><T59/><D133/><U105/><E119/><V103/><F123/><W43/><G116/><T89/><D0/><U34/><E127/><V15/><F124/><W25/><G126/><T132/><D132/><U125/><E125/><V73/><F115/><W88/><G134/><T108/><D108/><U107/><E135/><V122/><F122/><W7/><G129/><T5/><D5/><U100/><E2/><V130/><F130/><W111/><G111/><T3/><D3/><U120/><E120/><V110/><F110/><W21/><G79/><T77/><D77/><U37/><E34/><V27/><F73/><W81/><G98/><T91/><D92/><U78/><E78/><V99/><F64/><W114/><G114/><T11/><D35/><U68/><E37/><V32/><F103/><N who="1" m="39497" /><E68/><V85/><F85/><W65/><G21/><N who="0" m="13631" /><D11/><N who="1" m="4215" /><E107/><V1/><F1/><W75/><G75/><T69/><D69/><U16/><E28/><V55/><F32/><W31/><G31/><T70/><D70/><U54/><E105/><V53/><F22/><W113/><G113/><T117/><D117/><U128/><E128/><V71/><F71/><W93/><G93/><T51/><D51/><N who="1" m="29031" /><E47/><V48/><F27/><AGARI ba="0,0" hai="16,23,27,60,61" m="29031,4215,39497" machi="27" ten="30,2900,0" yaku="8,1,54,1" doraHai="67" who="1" fromWho="2" sc="224,0,237,29,227,-29,312,0" /><INIT seed="1,1,0,2,5,66" ten="224,266,198,312" oya="1" hai0="95,118,38,57,135,88,62,64,35,55,131,133,1" hai1="13,37,11,2,105,6,78,71,24,114,10,32,72" hai2="27,74,86,47,75,70,125,12,73,63,20,40,116" hai3="122,52,31,94,46,44,9,129,134,58,92,41,108"/><U45/><E114/><V91/><F125/><W84/><G122/><T93/><D118/><U56/><E105/><V15/><F116/><W25/><G108/><T96/><D1/><U36/><E56/><V61/><F61/><W16/><G134/><N who="0" m="51211" /><D35/><U117/><E117/><V112/><F112/><W98/><G129/><T115/><D115/><U18/><E45/><N who="3" m="17514" /><G41/><T50/><D38/><U111/><E111/><V103/><F103/><N who="3" m="60871" /><G31/><T104/><D104/><U132/><E132/><V124/><F124/><W127/><G127/><T99/><D131/><U19/><E71/><V120/><F120/><W0/><G0/><T87/><D95/><U102/><E102/><V42/><F42/><W130/><G130/><T39/><D39/><U76/><E72/><V17/><F63/><N who="3" m="36295" /><G25/><T100/><D100/><U85/><E37/><V34/><F70/><AGARI ba="1,0" hai="50,55,57,62,64,70,87,88,93,96,99" m="51211" machi="70" ten="30,3900,0" yaku="20,1,52,1,54,1" doraHai="66" who="0" fromWho="2" sc="224,42,266,0,198,-42,312,0" /><INIT seed="2,0,0,1,0,91" ten="266,266,156,312" oya="2" hai0="39,18,97,133,16,38,45,5,112,4,31,68,114" hai1="124,95,96,118,101,64,83,61,102,54,42,131,12" hai2="50,111,81,92,10,30,75,79,73,3,126,120,94" hai3="132,85,117,105,71,59,15,48,36,123,17,23,115"/><V122/><F30/><W46/><G71/><T63/><D68/><U125/><E118/><V0/><F10/><W11/><G117/><T41/><D31/><U70/><E131/><V1/><F126/><N who="1" m="48745" /><E42/><V88/><F73/><W108/><G123/><T116/><D116/><U37/><E37/><V19/><F19/><W135/><G105/><T49/><D63/><U76/><E54/><V66/><F66/><W32/><G32/><T14/><D133/><U9/><E83/><V43/><F111/><W40/><G108/><T28/><D28/><U51/><E51/><V90/><F90/><W27/><G115/><T127/><D127/><U99/><E76/><V103/><F103/><N who="1" m="39433" /><E95/><V21/><F21/><W57/><G36/><T128/><D49/><U93/><E93/><V35/><F35/><W25/><G25/><T121/><D41/><U84/><E84/><V22/><F22/><W58/><REACH who="3" step="1"/><G85/><REACH who="3" ten="266,266,156,302" step="2"/><T6/><D121/><U24/><E24/><V55/><F43/><W87/><G87/><T89/><D39/><U29/><E29/><AGARI ba="0,1" hai="11,15,17,23,27,29,40,46,48,57,58,59,132,135" machi="29" ten="40,2600,0" yaku="1,1,53,1" doraHai="91" doraHaiUra="26" who="3" fromWho="1" sc="266,0,266,-26,156,0,302,36" /><INIT seed="3,0,0,2,1,78" ten="266,240,156,338" oya="3" hai0="58,103,52,113,26,32,127,66,119,8,0,16,104" hai1="74,23,31,129,128,1,34,93,91,106,126,41,60" hai2="12,123,120,7,134,95,70,111,76,4,19,89,39" hai3="50,121,20,45,10,64,68,90,28,72,71,63,85"/><W62/><G72/><T133/><D119/><U131/><E106/><V51/><F39/><W100/><G121/><T81/><D66/><U101/><E1/><V25/><F70/><W40/><G100/><T38/><D38/><U77/><E41/><V46/><F134/><W102/><G102/><T110/><D133/><U13/><E101/><V48/><F111/><W117/><G117/><T56/><D110/><U98/><E126/><V124/><F124/><W107/><G107/><T109/><D109/><U84/><E74/><V9/><F48/><W5/><G20/><T53/><D127/><U99/><E60/><V92/><F92/><W22/><G22/><T15/><D0/><U132/><E132/><V88/><F89/><W82/><G28/><T30/><D113/><U122/><E122/><V116/><F116/><W118/><G118/><T37/><D37/><U80/><E99/><V44/><F76/><W2/><G63/><T6/><D6/><U86/><E98/><V69/><F69/><AGARI ba="0,0" hai="2,5,10,40,45,50,62,64,68,69,71,82,85,90" machi="69" ten="30,2900,0" yaku="7,1,52,1" doraHai="78" who="3" fromWho="2" sc="266,0,240,0,156,-29,338,29" owari="266,6.6,240,-16.0,127,-37.3,367,46.7" /></mjloggm>