<mjloggm ver="2.3"><GO type="225" lobby="0"/><UN n0="%E3%81%B2%E3%81%AA%E3%81%AE%E3%82%8A%E3%81%8F" n1="%E5%B0%8F%E9%B3%A5%E9%81%8A%E7%B7%B4%E7%84%A1%32%31%E6%AD%B3" n2="%6D%75%75%73%61%6E%6D%75" n3="%E3%82%A2%E3%83%A1%E3%82%A2%E3%83%A9%E3%83%AC" dan="16,16,16,16" rate="2117.71,2197.34,2127.51,2148.05" sx="M,F,F,M"/><TAIKYOKU oya="0"/><INIT seed="0,0,0,0,0,131" ten="250,250,250,250" oya="0" hai0="4,60,26,120,76,7,73,92,15,93,114,84,36" hai1="129,81,122,62,27,74,0,99,16,32,88,20,85" hai2="54,119,52,91,115,45,13,110,1,127,53,75,23" hai3="87,57,97,44,111,37,63,135,96,18,112,9,109"/><T72/><D114/><U40/><E122/><V100/><F115/><W66/><G112/><T113/><D113/><U104/><E129/><V132/><F1/><W90/><G37/><T48/><D36/><U22/><E0/><V28/><F75/><W51/><G135/><T59/><D120/><U108/><E108/><N who="3" m="41546" /><G18/><T47/><D73/><U61/><E32/><V86/><F110/><W77/><G9/><N who="0" m="4543" /><D72/><U38/><E74/><V10/><F127/><W50/><G77/><T95/><D26/><U39/><E22/><V82/><F119/><W34/><G34/><T25/><D25/><U58/><E40/><V29/><F132/><W69/><G69/><T128/><D4/><U70/><E70/><V107/><F23/><W102/><G102/><T71/><D71/><U35/><E35/><V19/><REACH who="2" step="1"/><F45/><REACH who="2" ten="250,250,240,250" step="2"/><W121/><G121/><T41/><D128/><U46/><E46/><V117/><F117/><W116/><G116/><T134/><D134/><U89/><E39/><V12/><F12/><W101/><G44/><T11/><D11/><U65/><E38/><V5/><F5/><W78/><G78/><T125/><D125/><U6/><E6/><V17/><F17/><W83/><G97/><AGARI ba="0,1" hai="10,13,19,28,29,52,53,54,82,86,91,97,100,107" machi="97" ten="40,2600,0" yaku="1,1,54,1,53,0" doraHai="131" doraHaiUra="105" who="2" fromWho="3" sc="250,0,250,0,240,36,250,-26" /><INIT seed="1,0,0,2,5,9" ten="250,250,276,224" oya="1" hai0="80,4,51,101,34,1,13,85,12,31,0,54,84" hai1="28,44,128,98,45,30,120,7,55,82,22,11,111" hai2="107,73,29,50,134,113,3,86,24,91,33,38,36" hai3="79,125,97,59,106,92,93,114,119,105,104,70,41"/><U118/><E120/><V17/><F73/><W123/><G70/><T83/><D101/><U108/><E118/><V76/><F107/><N who="3" m="41035" /><G59/><T90/><D34/><U46/><E98/><V27/><F3/><W26/><G26/><T66/><D31/><U102/><E102/><V72/><F134/><W135/><G41/><T37/><D37/><U16/><E82/><V96/><F113/><W95/><G123/><T15/><D66/><U60/><E128/><V19/><F72/><W5/><G5/><T81/><D4/><U57/><E11/><V116/><F50/><W124/><G114/><T71/><D80/><U132/><E7/><V63/><F63/><W68/><G68/><T64/><D64/><U14/><E132/><V94/><F116/><W10/><G10/><T20/><D20/><U130/><E130/><V65/><F65/><W52/><G52/><T53/><D53/><U62/><REACH who="1" step="1"/><E60/><REACH who="1" ten="250,240,276,224" step="2"/><V89/><F76/><W117/><G135/><T40/><D71/><U6/><E6/><V115/><F115/><W2/><G2/><T58/><REACH who="0" step="1"/><D40/><REACH who="0" ten="240,240,276,224" step="2"/><U133/><E133/><V99/><F94/><N who="3" m="36459" /><G106/><T8/><D8/><U110/><AGARI ba="0,2" hai="14,16,22,28,30,44,45,46,55,57,62,108,110,111" machi="110" ten="40,18000,2" yaku="1,1,0,1,14,1,10,1,52,1,54,1,53,0" doraHai="9" doraHaiUra="32" who="1" fromWho="1" sc="240,-60,240,200,276,-60,224,-60" /><INIT seed="1,1,0,3,4,107" ten="180,440,216,164" oya="1" hai0="104,79,40,83,101,8,114,31,47,51,76,124,127" hai1="16,27,116,84,123,20,110,131,12,113,11,35,130" hai2="29,111,95,39,87,10,52,59,108,32,63,126,99" hai3="96,17,6,30,49,119,19,37,25,36,121,3,105"/><U81/><E113/><V103/><F39/><W117/><G121/><T66/><D114/><U18/><E116/><N who="3" m="44618" /><G49/><T135/><D135/><U75/><E123/><V23/><F126/><N who="0" m="48170" /><D31/><U133/><E133/><V88/><F32/><N who="3" m="20559" /><G6/><T89/><D66/><U67/><E67/><V77/><F77/><N who="0" m="29770" /><D8/><U97/><E35/><V26/><REACH who="2" step="1"/><F10/><REACH who="2" ten="180,440,206,164" step="2"/><W72/><G37/><T5/><D5/><U91/><E11/><V58/><F58/><W69/><G36/><T45/><D45/><U94/><E130/><V102/><F102/><N who="3" m="62663" /><G69/><T64/><D64/><U90/><E131/><V56/><F56/><W34/><G34/><T125/><D125/><U53/><E110/><V129/><F129/><W78/><G3/><T24/><D101/><U0/><E0/><V86/><F86/><W15/><G15/><T68/><D68/><U85/><E84/><V70/><F70/><W134/><G134/><T42/><D24/><U80/><E27/><V118/><F118/><W61/><G61/><T2/><D2/><U50/><E85/><V38/><F38/><W57/><G57/><T112/><D112/><U73/><E50/><V62/><F62/><W21/><G21/><T93/><D51/><U54/><E91/><V120/><F120/><W22/><G22/><T109/><D109/><U43/><E90/><V92/><AGARI ba="1,1" hai="23,26,29,52,59,63,87,88,92,95,99,103,108,111" machi="92" ten="30,7900,0" yaku="1,1,0,1,54,2,53,0" doraHai="107" doraHaiUra="65" who="2" fromWho="2" sc="180,-21,440,-40,206,92,164,-21" /><INIT seed="2,0,0,5,0,28" ten="159,400,298,143" oya="2" hai0="47,96,77,34,110,86,79,97,66,118,13,71,33" hai1="133,82,91,20,38,67,102,24,73,54,124,74,104" hai2="23,93,127,45,112,106,108,27,62,35,95,120,131" hai3="87,40,69,21,83,44,2,11,65,56,123,59,68"/><V26/><F112/><W46/><G123/><T17/><D110/><U51/><E38/><V121/><F106/><W116/><G116/><T76/><D118/><U111/><E111/><V78/><F108/><W1/><G21/><T19/><D86/><U31/><E133/><V119/><F119/><W10/><G87/><T42/><D66/><U48/><E67/><V90/><F131/><W0/><G65/><T81/><D81/><U8/><E91/><V15/><F127/><W132/><G83/><T5/><D5/><U92/><E104/><V55/><F78/><W36/><G132/><T63/><D63/><U37/><E37/><V39/><F15/><W75/><G75/><T9/><D19/><U99/><E51/><V94/><F90/><W32/><G32/><T89/><D71/><N who="3" m="27209" /><G40/><T101/><D89/><U6/><E82/><V25/><F23/><W58/><G36/><T115/><D115/><U30/><E30/><V49/><F39/><W14/><G14/><T130/><D130/><U113/><E124/><V80/><F80/><W134/><G134/><T72/><D72/><U3/><E113/><V98/><F98/><N who="0" m="37994" /><D101/><U16/><E31/><V43/><F35/><N who="0" m="13322" /><D47/><AGARI ba="0,0" hai="3,6,8,16,20,24,47,48,54,73,74,92,99,102" machi="47" ten="30,2000,0" yaku="7,1,54,1" doraHai="28" who="1" fromWho="0" sc="159,-20,400,20,298,0,143,0" /><AGARI ba="0,0" hai="0,1,2,10,11,44,46,47,56,58,59" m="27209" machi="47" ten="40,2600,0" yaku="28,2" doraHai="28" who="3" fromWho="0" sc="139,-26,420,0,298,0,143,26" /><INIT seed="3,0,0,2,1,69" ten="113,420,298,169" oya="3" hai0="99,0,26,41,108,105,10,129,97,14,1,59,134" hai1="79,50,132,96,47,27,112,87,49,52,95,73,13" hai2="61,31,22,114,83,84,82,70,123,85,81,77,68" hai3="18,53,17,72,15,19,62,126,101,118,7,33,12"/><W103/><G118/><T43/><D108/><U117/><E73/><V45/><F114/><W102/><G72/><T78/><D134/><U16/><E112/><V125/><F125/><W23/><G126/><T32/><D129/><U30/><E132/><V115/><F115/><W40/><G33/><T20/><D78/><U48/><E117/><V80/><F123/><W57/><REACH who="3" step="1"/><G40/><REACH who="3" ten="113,420,298,159" step="2"/><T119/><D119/><U135/><E135/><V63/><F77/><W121/><G121/><T9/><D32/><U34/><E79/><V5/><F84/><W128/><G128/><T91/><D99/><U100/><E87/><V2/><F85/><W60/><G60/><T64/><D43/><U74/><E74/><V38/><F61/><W98/><G98/><T65/><D41/><U6/><E6/><V131/><F63/><W122/><G122/><T71/><D71/><U51/><E96/><V29/><F68/><W8/><AGARI ba="0,1" hai="7,8,12,15,17,18,19,23,53,57,62,101,102,103" machi="8" ten="30,6000,0" yaku="1,1,0,1,8,1,53,0" doraHai="69" doraHaiUra="92" who="3" fromWho="3" sc="113,-20,420,-20,298,-20,159,70" /><INIT seed="3,1,0,5,2,125" ten="93,400,278,229" oya="3" hai0="131,81,49,123,4,28,31,56,92,66,47,26,122" hai1="65,16,20,102,94,50,130,82,24,71,116,17,63" hai2="7,32,75,86,96,42,113,57,111,93,0,74,91" hai3="99,39,76,18,36,6,3,5,126,30,29,89,40"/><W84/><G126/><T53/><D4/><U83/><E130/><V103/><F113/><W98/><G76/><T124/><D124/><U67/><E116/><V41/><F32/><W70/><G70/><T72/><D122/><U134/><E67/><V12/><F0/><W69/><G69/><T1/><D123/><U129/><E129/><V35/><F35/><W23/><G3/><T117/><D1/><U105/><E105/><V106/><F111/><W80/><G40/><T33/><D117/><U58/><E134/><V88/><F74/><W51/><G51/><T9/><D72/><U107/><E107/><V54/><F75/><W68/><G68/><T46/><D81/><N who="1" m="30731" /><E50/><N who="2" m="30935" /><F106/><W8/><G8/><T104/><D104/><U14/><E71/><V120/><F120/><W62/><G62/><T78/><D131/><U85/><E85/><V114/><F114/><W55/><G55/><T97/><D49/><U10/><E94/><N who="2" m="54551" /><F91/><W119/><G119/><T34/><D33/><U38/><E38/><V59/><F59/><W13/><G39/><T21/><D34/><U132/><E132/><V115/><F115/><W112/><G36/><T27/><D56/><U128/><E128/><V44/><F44/><W87/><G112/><T37/><D37/><U22/><E102/><V118/><F118/><W19/><G87/><T127/><D47/><U61/><E61/><V2/><F2/><W73/><G73/><T60/><D46/><U90/><E90/><V64/><F64/><W109/><G5/><T11/><D66/><U108/><E10/><AGARI ba="1,0" hai="7,10,12,41,42,93,96,103" m="54551,30935" machi="10" ten="30,2000,0" yaku="8,1,54,1" doraHai="125" who="2" fromWho="1" sc="93,0,400,-23,278,23,229,0" owari="93,-40.7,377,47.7,301,10.1,229,-17.1" /></mjloggm>