<mjloggm ver="2.3"><GO type="225" lobby="0"/><UN n0="%72%69%6F%75%63%68%61%6E" n1="%E6%B0%B7%E5%B7%9D%E9%87%8C%E5%A5%88" n2="%E5%A4%9C%E3%81%AE%E3%82%AC%E3%82%B9%E3%83%91%E3%83%BC%E3%83%AB" n3="%E3%81%B5%E3%81%98%E3%81%8B%E3%81%A4" dan="16,16,16,16" rate="2180.13,2084.50,2130.27,2191.38" sx="M,F,M,M"/><TAIKYOKU oya="0"/><INIT seed="0,0,0,4,0,123" ten="250,250,250,250" oya="0" hai0="113,37,25,104,102,92,109,40,125,82,58,93,74" hai1="46,14,39,49,94,84,35,53,101,114,57,97,77" hai2="99,36,75,22,126,12,98,13,2,90,83,73,17" hai3="116,23,56,111,42,72,51,15,26,27,66,68,108"/><T21/><D113/><U18/><E114/><V11/><F2/><W130/><G116/><T61/><D109/><N who="3" m="42057" /><G130/><T134/><D125/><U120/><E120/><V1/><F1/><W6/><G72/><T121/><D121/><U127/><E35/><V81/><F36/><W107/><G107/><T38/><D134/><U70/><E70/><V117/><F117/><W80/><G68/><T52/><D104/><U88/><E127/><V85/><F126/><W64/><G80/><T44/><D37/><U71/><E71/><V59/><F75/><W122/><G122/><T48/><D102/><U63/><E39/><V105/><F73/><W10/><G42/><T4/><D4/><U89/><E77/><V67/><F83/><W34/><G34/><T41/><D41/><U29/><E29/><V7/><F105/><W96/><G96/><T110/><D110/><U33/><E33/><V50/><F50/><W65/><G23/><T95/><D38/><U5/><E84/><V24/><F13/><W91/><G91/><T28/><REACH who="0" step="1"/><D92/><REACH who="0" ten="240,250,250,250" step="2"/><U30/><E5/><V133/><F133/><W62/><G51/><T54/><D54/><AGARI ba="0,1" hai="6,10,15,26,27,54,56,62,64,65,66" m="42057" machi="54" ten="30,7700,0" yaku="14,1,52,3" doraHai="123" who="3" fromWho="0" sc="240,-77,250,0,250,0,250,87" /><INIT seed="1,0,0,4,4,40" ten="163,250,250,337" oya="1" hai0="73,58,120,77,89,41,101,103,82,2,48,126,109" hai1="59,23,83,76,113,134,35,18,125,14,118,29,21" hai2="42,122,107,62,47,17,10,20,22,106,116,110,31" hai3="61,7,123,87,94,39,27,74,33,79,36,9,4"/><U102/><E113/><V112/><F116/><W92/><G123/><T66/><D120/><U91/><E118/><V117/><F122/><W6/><G74/><T55/><D109/><U1/><E1/><V104/><F117/><W28/><G61/><T115/><D126/><U90/><E125/><V11/><F110/><W132/><G132/><T133/><D133/><U99/><E134/><V121/><F121/><W67/><G67/><T128/><D115/><U75/><E35/><V100/><F100/><W81/><REACH who="3" step="1"/><G9/><REACH who="3" ten="163,250,250,327" step="2"/><T43/><D66/><U26/><REACH who="1" step="1"/><E59/><REACH who="1" ten="163,240,250,327" step="2"/><V98/><F112/><W0/><G0/><T30/><D2/><U44/><E44/><V111/><F47/><W63/><G63/><T78/><D58/><U130/><E130/><V97/><F62/><W86/><G86/><N who="0" m="50391" /><D128/><U52/><E52/><V96/><F111/><W46/><G46/><N who="0" m="28055" /><D73/><U105/><AGARI ba="0,2" hai="14,18,21,23,26,29,75,76,83,90,91,99,102,105" machi="105" ten="20,3900,0" yaku="1,1,0,1,7,1,53,0" doraHai="40" doraHaiUra="127" who="1" fromWho="1" sc="163,-13,240,59,250,-13,327,-13" /><INIT seed="1,1,0,3,5,114" ten="150,299,237,314" oya="1" hai0="56,57,67,41,69,26,113,111,76,21,115,51,25" hai1="91,72,7,73,29,13,3,109,116,2,133,126,120" hai2="92,66,65,20,1,94,19,43,8,49,17,125,85" hai3="40,71,81,128,27,68,46,105,84,4,93,90,96"/><U110/><E120/><V42/><F125/><W58/><G128/><T14/><D111/><N who="1" m="42507" /><E126/><V28/><F28/><W6/><G105/><T16/><D69/><U63/><E133/><V59/><F1/><N who="1" m="9" /><E29/><V15/><F59/><W107/><G107/><T75/><D115/><U117/><E91/><N who="2" m="53359" /><F94/><W48/><G68/><T106/><D106/><U10/><E63/><V80/><F80/><W30/><G71/><T50/><D113/><U79/><E79/><V82/><F82/><W118/><G58/><N who="0" m="22635" /><D75/><AGARI ba="1,0" hai="7,10,13,72,73,75,116,117" m="9,42507" machi="75" ten="40,12000,1" yaku="14,1,10,1,52,2" doraHai="114" who="1" fromWho="0" sc="150,-123,299,123,237,0,314,0" /><INIT seed="1,2,0,0,1,11" ten="27,422,237,314" oya="1" hai0="28,82,109,111,135,22,120,4,63,65,96,74,97" hai1="32,116,90,132,60,79,93,49,43,13,127,47,40" hai2="106,58,59,78,42,36,7,69,124,38,118,53,1" hai3="130,123,107,62,67,64,110,10,113,112,48,114,2"/><U125/><E116/><V50/><F106/><W91/><G123/><T23/><D135/><U51/><E32/><V34/><F34/><W57/><G107/><T45/><D120/><U87/><E132/><V131/><F78/><W17/><G110/><T88/><D4/><U44/><E79/><V77/><F77/><W0/><G130/><T68/><D45/><U94/><E60/><V108/><F108/><N who="0" m="41546" /><D74/><U15/><REACH who="1" step="1"/><E94/><REACH who="1" ten="27,412,237,314" step="2"/><V103/><F118/><W41/><G114/><T72/><D72/><U85/><E85/><V16/><F131/><W21/><G113/><T9/><D9/><U76/><E76/><V95/><F95/><W115/><G10/><T81/><D22/><U75/><E75/><V83/><F83/><N who="0" m="31754" /><D88/><U52/><E52/><V89/><F53/><W39/><G91/><T54/><D54/><U71/><E71/><V5/><F69/><W134/><G115/><T6/><D6/><U35/><E35/><V27/><F89/><W129/><G134/><T101/><D101/><U55/><E55/><V3/><F103/><W126/><G129/><T104/><D104/><U133/><E133/><V30/><F7/><W46/><G112/><T37/><D37/><U56/><E56/><V8/><F58/><N who="3" m="36951" /><G39/><N who="2" m="14889" /><F5/><W122/><G122/><T117/><D117/><U26/><E26/><AGARI ba="2,1" hai="23,26,28,63,65,68,96,97" m="31754,41546" machi="26" ten="30,1000,0" yaku="14,1" doraHai="11" who="0" fromWho="1" sc="27,26,412,-16,237,0,314,0" /><INIT seed="2,0,0,5,0,33" ten="53,396,237,314" oya="2" hai0="80,32,82,11,98,9,13,58,45,69,133,129,50" hai1="121,70,2,42,134,94,51,113,73,135,100,35,108" hai2="24,47,39,84,76,34,92,79,83,93,106,26,52" hai3="126,43,118,53,49,21,23,63,91,37,109,19,97"/><V89/><F106/><W90/><G118/><T124/><D69/><U111/><E113/><V78/><F39/><W3/><G3/><T15/><D32/><U20/><E35/><V117/><F117/><W120/><G120/><T5/><D124/><U74/><E70/><V14/><F14/><W36/><G126/><T48/><D129/><U128/><E128/><V105/><F105/><W28/><G109/><N who="1" m="42058" /><E121/><V125/><F125/><W8/><G43/><T22/><D133/><N who="1" m="50699" /><E2/><V96/><F34/><W54/><G37/><T46/><D22/><U81/><E81/><V30/><F30/><W41/><G41/><T119/><D119/><U44/><E20/><V57/><F47/><N who="3" m="27839" /><G8/><T27/><D58/><U101/><E94/><N who="2" m="36459" /><F96/><W40/><G97/><T6/><REACH who="0" step="1"/><D98/><REACH who="0" ten="43,396,237,314" step="2"/><U132/><E132/><V64/><F64/><W112/><G23/><T127/><D127/><U65/><E65/><V123/><F123/><W104/><G112/><T103/><D103/><AGARI ba="0,1" hai="42,44,51,73,74,100,101,103" m="50699,42058" machi="103" ten="30,2000,0" yaku="14,1,20,1" doraHai="33" who="1" fromWho="0" sc="43,-20,396,30,237,0,314,0" /><INIT seed="3,0,0,5,3,69" ten="23,426,237,314" oya="3" hai0="57,40,43,31,32,72,75,93,100,135,20,17,46" hai1="77,45,121,130,86,123,8,105,62,6,120,10,118" hai2="116,51,97,41,3,129,56,58,102,22,125,14,35" hai3="103,132,80,5,131,119,26,95,29,30,33,117,61"/><W39/><G132/><T106/><D106/><U15/><E105/><V82/><F116/><W128/><G80/><T92/><D135/><U126/><E62/><V68/><F68/><W50/><G50/><T21/><D32/><U36/><E36/><V2/><F35/><N who="3" m="20919" /><G61/><T108/><D31/><U101/><E101/><V16/><F125/><W134/><G95/><T74/><D100/><U133/><E133/><V66/><F129/><N who="3" m="49739" /><G103/><T38/><D108/><U73/><E73/><V98/><F82/><W89/><G89/><T1/><D1/><N who="1" m="79" /><E45/><V44/><F98/><W4/><G39/><T48/><D38/><U18/><E86/><V0/><REACH who="2" step="1"/><F66/><REACH who="2" ten="23,426,227,314" step="2"/><W110/><G134/><T70/><D70/><U65/><E130/><V76/><F76/><W111/><G117/><T91/><D93/><AGARI ba="0,1" hai="0,2,3,14,16,22,41,44,51,56,58,93,97,102" machi="93" ten="40,5200,0" yaku="1,1,54,1,53,1" doraHai="69" doraHaiUra="94" who="2" fromWho="0" sc="23,-52,426,0,227,62,314,0" owari="-29,-52.9,426,52.6,289,-11.1,314,11.4" /></mjloggm>