<mjloggm ver="2.3"><GO type="225" lobby="0"/><UN n0="%6D%75%75%6D%75%72%61" n1="%E3%81%82%E3%81%99%E3%81%AB%E3%82%83%E3%82%80" n2="%E3%82%BC%E3%83%AB%E3%83%80%E3%81%AE%E4%BC%9D%E8%AA%AC" n3="%E6%B4%BE%E9%81%A3%E3%81%AE%E3%82%B8%E3%83%A3%E3%83%83%E3%82%AF" dan="16,16,16,16" rate="2186.18,2175.41,2159.78,2149.95" sx="F,F,M,M"/><TAIKYOKU oya="0"/><INIT seed="0,0,0,0,0,49" ten="250,250,250,250" oya="0" hai0="77,81,99,36,91,12,31,67,124,65,127,64,41" hai1="45,100,79,130,13,92,16,30,47,28,60,42,118" hai2="62,63,44,20,119,25,113,116,75,43,121,46,104" hai3="89,88,93,135,17,109,23,58,70,101,76,123,59"/><T4/><D31/><N who="1" m="11819" /><E130/><V8/><F121/><W115/><G70/><T122/><D122/><U27/><E118/><N who="2" m="45099" /><F113/><W9/><G123/><T7/><D36/><U78/><E27/><V39/><F75/><W1/><G115/><T22/><D41/><U110/><E110/><V68/><F104/><W40/><G76/><N who="1" m="29226" /><E60/><N who="2" m="23083" /><F46/><W85/><G109/><T5/><D91/><U24/><E24/><V26/><F68/><W14/><G89/><T15/><D99/><N who="1" m="59495" /><E42/><V55/><F26/><W69/><G69/><T132/><D132/><U117/><E117/><V21/><F25/><W29/><G135/><T52/><D12/><U95/><E95/><V61/><F8/><AGARI ba="0,0" hai="8,13,16,45,47" m="59495,29226,11819" machi="8" ten="30,2000,0" yaku="8,1,54,1" doraHai="49" who="1" fromWho="2" sc="250,0,250,20,250,-20,250,0" /><INIT seed="1,0,0,2,1,76" ten="250,270,230,250" oya="1" hai0="43,106,93,86,119,97,110,118,73,23,111,44,94" hai1="37,55,131,16,85,133,82,70,19,108,95,50,1" hai2="53,9,0,64,34,109,18,125,49,112,126,33,38" hai3="75,28,87,60,130,30,48,115,27,104,7,57,69"/><U107/><E37/><V35/><F38/><W124/><G75/><T67/><D73/><U117/><E117/><V36/><F36/><W4/><G104/><T99/><D106/><U77/><E107/><V39/><F39/><W74/><G74/><T10/><D67/><U92/><E133/><V31/><F64/><W105/><G105/><T102/><D10/><U100/><E70/><V78/><F78/><W121/><G121/><T51/><D23/><U83/><E1/><V15/><F109/><N who="0" m="41482" /><D86/><N who="1" m="48463" /><E131/><V24/><F112/><W12/><G115/><T135/><D135/><U17/><E100/><AGARI ba="0,0" hai="43,44,51,93,94,97,99,100,102,118,119" m="41482" machi="100" ten="30,1000,0" yaku="14,1" doraHai="76" who="0" fromWho="1" sc="250,10,270,-10,230,0,250,0" /><INIT seed="2,0,0,3,5,128" ten="260,260,230,250" oya="2" hai0="1,116,64,31,48,72,109,75,7,9,8,26,49" hai1="96,98,111,73,5,47,51,13,14,53,97,45,135" hai2="110,133,69,52,4,41,86,37,70,40,79,22,2" hai3="85,54,66,105,0,114,30,131,61,108,63,23,126"/><V118/><F118/><W28/><G108/><T74/><D109/><U39/><E111/><V42/><F110/><W19/><G0/><T124/><D116/><U36/><E73/><V115/><F115/><W35/><G105/><T46/><D124/><U94/><E135/><V62/><F37/><W32/><G131/><T103/><D103/><U91/><E36/><V78/><F133/><W20/><G126/><T132/><D132/><U119/><E119/><V50/><F2/><W89/><G114/><T58/><D9/><U100/><E5/><V55/><F4/><W12/><G54/><N who="2" m="20521" /><F22/><W93/><G61/><T11/><D11/><U33/><E33/><V84/><F62/><W120/><G120/><T56/><D64/><U24/><E24/><V82/><F50/><W10/><G35/><T68/><D68/><N who="2" m="26218" /><F82/><W29/><REACH who="3" step="1"/><G32/><REACH who="3" ten="260,260,230,240" step="2"/><T107/><D107/><U76/><E45/><V99/><F99/><W65/><G65/><T60/><D60/><U125/><E97/><V129/><F129/><W25/><G25/><T113/><D113/><U112/><E112/><V16/><F16/><W6/><G6/><T130/><D130/><U34/><E98/><V71/><F71/><AGARI ba="0,1" hai="10,12,19,20,23,28,29,30,63,66,71,85,89,93" machi="71" ten="40,1300,0" yaku="1,1,53,0" doraHai="128" doraHaiUra="117" who="3" fromWho="2" sc="260,0,260,0,230,-13,240,23" /><INIT seed="3,0,0,3,0,66" ten="260,260,217,263" oya="3" hai0="90,132,104,78,108,29,100,34,14,56,133,64,22" hai1="9,67,44,85,0,60,97,91,123,68,92,42,61" hai2="33,102,32,120,51,65,114,59,28,87,45,63,134" hai3="11,110,94,98,95,54,131,7,37,75,101,57,76"/><W116/><G116/><T112/><D108/><U107/><E123/><V135/><F114/><W118/><G118/><T40/><D112/><U5/><E60/><V125/><F125/><W1/><G37/><T8/><D34/><U50/><REACH who="1" step="1"/><E107/><REACH who="1" ten="260,250,217,263" step="2"/><V6/><F120/><W36/><G110/><T80/><D104/><U124/><E124/><V35/><F6/><W16/><G7/><T88/><D132/><N who="2" m="50730" /><F102/><W62/><G101/><T20/><D100/><U115/><E115/><V81/><F28/><W41/><G62/><T89/><D133/><U17/><E17/><V27/><F27/><W13/><G16/><T24/><D29/><U38/><E38/><V99/><F99/><AGARI ba="0,1" hai="0,5,9,42,44,50,61,67,68,85,91,92,97,99" machi="99" ten="40,2600,0" yaku="1,1,52,1,53,0" doraHai="66" doraHaiUra="52" who="1" fromWho="2" sc="260,0,250,36,217,-26,263,0" /><INIT seed="4,0,0,5,0,99" ten="260,286,191,263" oya="0" hai0="11,104,47,59,84,39,98,5,85,103,1,123,61" hai1="7,13,4,133,44,115,30,87,80,92,10,75,113" hai2="107,97,68,40,105,122,79,110,15,128,91,41,43" hai3="24,8,45,42,130,23,94,83,33,63,120,127,49"/><T108/><D123/><U67/><E133/><V19/><F110/><W3/><G33/><T129/><D108/><U51/><E67/><V126/><F122/><W132/><G120/><T102/><D129/><U69/><E69/><V109/><F109/><W9/><G132/><T35/><D35/><U100/><E30/><V48/><F128/><W89/><G130/><T81/><D103/><U74/><E4/><V112/><F112/><N who="1" m="43081" /><E92/><V101/><F126/><W65/><G3/><T12/><D1/><U131/><E100/><V76/><F107/><W29/><G83/><T117/><D117/><U34/><E34/><V73/><F68/><W114/><G114/><T18/><D5/><U119/><E119/><V78/><F91/><W124/><G124/><T37/><D47/><U134/><E134/><V26/><F26/><W22/><G127/><T57/><D57/><U82/><E82/><V88/><F88/><W27/><G94/><T36/><REACH who="0" step="1"/><D81/><REACH who="0" ten="250,286,191,263" step="2"/><U58/><E58/><V6/><F6/><W116/><G116/><T38/><N who="0" m="9216" /><DORA hai="62" /><T56/><D56/><U70/><E70/><V93/><F105/><W71/><G71/><T52/><AGARI ba="0,1" hai="11,12,18,52,59,61,84,85,98,102,104" m="9216" machi="52" ten="60,12000,1" yaku="1,1,0,1,52,1,54,1,53,0" doraHai="99,62" doraHaiUra="111,32" who="0" fromWho="0" sc="250,130,286,-40,191,-40,263,-40" owari="380,48.0,246,4.6,151,-34.9,223,-17.7" /></mjloggm>