<mjloggm ver="2.3"><GO type="225" lobby="0"/><UN n0="%28%EF%BF%A3%E2%96%BD%EF%BF%A3%29%CE%B4%E2%8C%92%E3%83%BB" n1="%4C%4F%4C%49%54%41" n2="%61%74%73%75%74%6F%64%6F" n3="%E6%9D%B1%E9%A2%A8%E3%81%AE%E3%81%8D%E3%82%83%E3%81%B7%E3%81%95%E3%82%93" dan="16,16,16,17" rate="2127.64,2177.83,2091.17,2177.66" sx="M,F,M,M"/><TAIKYOKU oya="0"/><INIT seed="0,0,0,0,5,65" ten="250,250,250,250" oya="0" hai0="75,78,29,101,62,89,111,51,121,119,49,133,68" hai1="85,105,124,22,80,1,27,125,21,18,127,0,91" hai2="76,128,50,97,70,131,120,24,106,71,19,66,123" hai3="109,23,95,2,41,40,86,100,99,102,36,115,107"/><T30/><D119/><U112/><E105/><V7/><F7/><W59/><G115/><T3/><D3/><U90/><E112/><V134/><F134/><W45/><G109/><T12/><D121/><N who="2" m="46666" /><F66/><W60/><G2/><T5/><D133/><U58/><E58/><V84/><F50/><W34/><G34/><T130/><D101/><U9/><E9/><V96/><F19/><W4/><G4/><T129/><D111/><U103/><E103/><N who="2" m="62823" /><F97/><W33/><G33/><T37/><D51/><U122/><E122/><V53/><F53/><W8/><G41/><T83/><D49/><U48/><E48/><V11/><F11/><W56/><G8/><T16/><D5/><U20/><E20/><V13/><F13/><W116/><G102/><T113/><D16/><N who="1" m="12711" /><E90/><V74/><F84/><W79/><G116/><T126/><D12/><AGARI ba="0,0" hai="0,1,12,18,22,80,85,91,124,125,127" m="12711" machi="12" ten="30,2000,0" yaku="18,1,54,1" doraHai="65" who="1" fromWho="0" sc="250,-20,250,20,250,0,250,0" /><INIT seed="1,0,0,3,3,106" ten="230,270,250,250" oya="1" hai0="27,29,2,96,63,132,104,93,95,41,49,115,135" hai1="53,30,58,28,101,129,35,47,52,97,18,11,38" hai2="17,84,32,57,107,91,134,85,81,50,119,56,7" hai3="44,88,1,103,8,125,45,78,128,87,15,100,112"/><U62/><E129/><V80/><F119/><W126/><G1/><T64/><D2/><U43/><E35/><V14/><F107/><W77/><G128/><T123/><D115/><U6/><E18/><V55/><F134/><N who="0" m="51242" /><D123/><U24/><E53/><V4/><F57/><W71/><G71/><N who="0" m="42399" /><D41/><U105/><REACH who="1" step="1"/><E24/><REACH who="1" ten="230,260,250,250" step="2"/><V110/><F32/><W111/><G112/><T120/><D120/><U75/><E75/><V13/><F110/><W0/><G111/><T66/><D66/><U86/><E86/><V108/><F108/><W31/><G87/><T98/><D96/><U116/><E116/><V10/><REACH who="2" step="1"/><F14/><AGARI ba="0,1" hai="6,11,14,28,30,38,43,47,52,58,62,97,101,105" machi="14" ten="30,5800,0" yaku="1,1,7,1,54,1,53,0" doraHai="106" doraHaiUra="60" who="1" fromWho="2" sc="230,0,260,68,250,-58,250,0" /><INIT seed="1,1,0,1,2,121" ten="230,328,192,250" oya="1" hai0="90,39,49,69,76,38,95,79,56,125,11,47,89" hai1="67,30,60,43,32,9,78,122,84,98,132,15,81" hai2="27,129,20,31,126,128,29,100,103,96,42,17,1" hai3="85,91,64,83,80,111,70,119,123,101,73,94,54"/><U7/><E122/><V135/><F42/><W124/><G123/><T77/><D69/><U51/><E132/><V4/><F135/><W127/><G54/><T46/><D125/><N who="3" m="48201" /><G64/><T115/><D115/><U74/><E32/><V58/><F126/><W93/><G70/><T57/><D11/><U45/><E30/><V18/><F58/><N who="0" m="22634" /><D95/><N who="3" m="36361" /><G101/><T16/><D16/><N who="2" m="6250" /><F96/><W106/><G106/><T82/><D49/><U102/><E74/><V2/><F100/><W105/><G105/><T41/><D82/><U24/><E24/><N who="2" m="16519" /><F103/><W28/><G28/><T130/><D130/><N who="2" m="50282" /><F4/><W110/><G119/><T25/><D25/><U88/><E102/><V37/><F37/><N who="0" m="13834" /><D41/><U99/><REACH who="1" step="1"/><E88/><AGARI ba="1,0" hai="46,47,76,77,79,88,89,90" m="13834,22634" machi="88" ten="40,5200,0" yaku="28,2,54,1" doraHai="121" who="0" fromWho="1" sc="230,55,328,-55,192,0,250,0" /><INIT seed="2,0,0,4,5,46" ten="285,273,192,250" oya="2" hai0="18,80,30,5,74,11,126,19,28,123,68,89,82" hai1="117,135,103,86,12,75,133,88,113,97,96,129,38" hai2="94,92,70,64,100,114,15,3,79,90,66,121,24" hai3="109,17,72,77,110,83,127,78,124,99,63,27,112"/><V107/><F114/><W91/><G63/><T122/><D68/><U111/><E113/><V131/><F121/><W101/><G17/><N who="0" m="6155" /><D89/><U57/><E38/><V132/><F3/><W9/><G27/><T128/><D74/><U108/><E12/><V60/><F132/><N who="1" m="50761" /><E57/><V55/><F131/><W34/><G9/><T33/><D82/><N who="1" m="49239" /><E117/><V13/><F79/><N who="3" m="44519" /><G34/><T43/><D80/><U69/><E69/><V120/><F120/><N who="0" m="46122" /><D43/><U98/><E75/><V14/><F66/><W73/><G91/><T61/><D61/><U58/><E58/><V25/><F55/><W51/><G112/><T31/><D128/><U23/><E23/><V62/><F62/><W45/><G73/><T65/><D65/><U54/><E54/><V102/><F107/><N who="3" m="63935" /><G78/><T105/><D105/><N who="1" m="63719" /><E129/><V29/><F24/><W134/><G77/><T71/><D71/><U16/><E16/><V10/><F10/><W41/><G134/><T7/><D33/><U85/><E85/><V76/><F76/><W47/><G47/><T1/><D7/><U84/><E84/><V130/><F130/><W115/><G115/><T48/><D48/><U87/><E87/><V118/><F118/><W32/><G32/><T6/><D6/><U59/><E59/><V56/><F70/><W8/><G8/><T81/><D81/><U93/><E98/><N who="2" m="57623" /><F94/><W116/><G116/><T26/><D26/><U119/><E119/><V95/><F95/><W35/><G35/><T2/><D2/><U20/><E20/><V44/><F44/><W53/><G53/><T50/><D50/><U49/><E49/><V37/><F37/><RYUUKYOKU ba="0,0" sc="285,0,273,0,192,0,250,0" hai0="1,5,11,28,30,31,126" hai1="93,97,108,111" hai2="13,14,15,25,29,56,60,64,100,102" hai3="41,45,51,109,110,124,127" /><INIT seed="2,1,0,5,2,22" ten="285,273,192,250" oya="2" hai0="96,133,6,64,14,11,91,135,62,57,75,1,25" hai1="23,105,74,10,77,72,76,67,2,132,44,125,98" hai2="59,99,116,29,32,86,66,114,3,129,8,5,24" hai3="15,107,58,26,126,34,80,68,97,12,35,65,82"/><V20/><F114/><W79/><G126/><T27/><D75/><U42/><E132/><N who="0" m="50761" /><D1/><U92/><E105/><V84/><F116/><W90/><G58/><T106/><D91/><U121/><E125/><V123/><F123/><W63/><G35/><T83/><D83/><U46/><E121/><V36/><F36/><W51/><G51/><T101/><AGARI ba="1,0" hai="6,11,14,25,27,57,62,64,96,101,106" m="50761" machi="101" ten="30,4000,0" yaku="20,1,52,2" doraHai="22" who="0" fromWho="0" sc="285,43,273,-11,192,-21,250,-11" /><INIT seed="3,0,0,4,0,108" ten="328,262,171,239" oya="3" hai0="11,107,59,9,67,26,110,21,74,120,40,68,41" hai1="62,109,84,96,55,71,95,34,128,103,133,12,85" hai2="58,48,38,37,35,111,76,125,64,30,121,99,49" hai3="39,90,93,57,63,56,1,25,132,87,33,17,118"/><W101/><G39/><T89/><D74/><U88/><E34/><V114/><F111/><W4/><G118/><T86/><D107/><U45/><E109/><V24/><F125/><W6/><G132/><T91/><D68/><U23/><E128/><V79/><F121/><W105/><G1/><T82/><D120/><U44/><E133/><V73/><F99/><W106/><G56/><T7/><D91/><U46/><E71/><V77/><F73/><W19/><G33/><T50/><D110/><U61/><E55/><V29/><F58/><W100/><G106/><T8/><D7/><N who="3" m="2601" /><G105/><T115/><D115/><U14/><E85/><V70/><F70/><W65/><G25/><T119/><D119/><U31/><E31/><N who="2" m="11787" /><F24/><W22/><G22/><T36/><D36/><N who="2" m="13930" /><F35/><W18/><AGARI ba="0,0" hai="17,18,19,57,63,65,87,90,93,100,101" m="2601" machi="18" ten="30,1500,0" yaku="8,1" doraHai="108" who="3" fromWho="3" sc="328,-5,262,-5,171,-5,239,15" /><INIT seed="3,1,0,3,5,60" ten="323,257,166,254" oya="3" hai0="84,41,17,97,99,29,8,70,33,30,3,61,67" hai1="129,16,51,2,59,53,5,79,92,112,100,103,43" hai2="105,1,11,89,47,114,0,63,24,95,131,93,124" hai3="45,15,58,106,46,107,35,48,109,69,111,108,25"/><W80/><G69/><T125/><D125/><U134/><E112/><V87/><F105/><W77/><G15/><T54/><D41/><U72/><E129/><V123/><F114/><W110/><N who="3" m="27648" /><DORA hai="23" /><W85/><G58/><N who="0" m="37303" /><D33/><U37/><E134/><V65/><F124/><W71/><G71/><T10/><D3/><U101/><E72/><V64/><F131/><W50/><G50/><T9/><D70/><U113/><E79/><V56/><F123/><W52/><G46/><T98/><D17/><U132/><E132/><V62/><F47/><W104/><G104/><T66/><D66/><U126/><E126/><V118/><F118/><W40/><G40/><T122/><D122/><U49/><E37/><V130/><F130/><W14/><G14/><T96/><D96/><U73/><E73/><V34/><F11/><W7/><G7/><T133/><D133/><U81/><E2/><V39/><F39/><W27/><G27/><T119/><D119/><U6/><E43/><V127/><F127/><W91/><G77/><T57/><D84/><U78/><E49/><AGARI ba="1,0" hai="8,9,10,29,30,49,54,57,97,98,99" m="37303" machi="49" ten="30,2000,0" yaku="8,1,52,1" doraHai="60,23" who="0" fromWho="1" sc="323,23,257,-23,166,0,254,0" owari="346,44.6,234,-16.6,166,-33.4,254,5.4" /></mjloggm>