<mjloggm ver="2.3"><GO type="225" lobby="0"/><UN n0="%66%67%67%68%68%64%66" n1="%E5%A4%96%E5%B7%9D%E7%AB%9C%E6%88%90" n2="%74%61%6B%75%61%6B%61" n3="%E3%81%8F%E3%81%BE%E3%81%96%E3%82%8F" dan="16,16,16,16" rate="2044.61,2109.13,2174.37,2079.47" sx="M,M,M,M"/><TAIKYOKU oya="0"/><INIT seed="0,0,0,0,2,61" ten="250,250,250,250" oya="0" hai0="91,58,121,76,67,66,48,84,22,52,11,114,43" hai1="118,23,47,56,120,75,124,53,25,112,35,78,130" hai2="113,45,26,14,115,51,55,50,28,135,36,65,69" hai3="12,19,34,20,71,24,90,93,39,70,73,131,63"/><T10/><D114/><U81/><E118/><V31/><F135/><W95/><G131/><T57/><D121/><U106/><E120/><V15/><F36/><W17/><G73/><T92/><D43/><U62/><E130/><V108/><F108/><W127/><G127/><T9/><D76/><U30/><E124/><V89/><F113/><W18/><G39/><T109/><D109/><U6/><E106/><V16/><F115/><W122/><G122/><T4/><D4/><U1/><E112/><V54/><F89/><W40/><G40/><T105/><D105/><U33/><E47/><V44/><F26/><W97/><G71/><T104/><D104/><U110/><E110/><V0/><F0/><W123/><G123/><T38/><D38/><U86/><E75/><V64/><F69/><W37/><G37/><T132/><D132/><U94/><E94/><V59/><F59/><N who="0" m="22538" /><D22/><U32/><E6/><V98/><F98/><W133/><G133/><T128/><D128/><U60/><E1/><V85/><F85/><W8/><G93/><T3/><D3/><U88/><E78/><V129/><REACH who="2" step="1"/><F16/><REACH who="2" ten="250,250,240,250" step="2"/><N who="3" m="12295" /><G70/><T46/><AGARI ba="0,1" hai="9,10,11,46,48,52,66,67,84,91,92" m="22538" machi="46" ten="30,11700,0" yaku="8,1,52,2,54,1" doraHai="61" who="0" fromWho="0" sc="250,127,250,-39,240,-39,250,-39" /><INIT seed="0,1,0,3,2,92" ten="377,211,201,211" oya="0" hai0="44,133,105,84,59,13,5,25,55,127,115,65,70" hai1="116,14,61,3,6,42,119,48,88,78,38,50,128" hai2="90,35,95,132,110,69,7,11,31,27,99,19,16" hai3="21,85,60,28,58,72,126,15,130,118,40,101,63"/><T17/><D115/><U83/><E128/><V26/><F110/><W56/><G72/><T134/><D105/><U0/><E0/><V10/><F132/><N who="0" m="50794" /><D127/><U125/><E125/><V82/><F69/><W89/><G126/><T34/><D5/><U114/><E114/><V30/><F82/><W32/><G32/><T29/><D44/><N who="1" m="23639" /><E14/><V86/><F86/><W75/><G75/><T8/><D84/><U52/><E88/><V1/><REACH who="2" step="1"/><F11/><REACH who="2" ten="377,211,191,211" step="2"/><W49/><G85/><T123/><D70/><U111/><E111/><V4/><F4/><W117/><G117/><T81/><D81/><U120/><E119/><V100/><F100/><W24/><G101/><T23/><D8/><N who="1" m="2143" /><E116/><V135/><F135/><W18/><G118/><T112/><D112/><U9/><E9/><V131/><F131/><W57/><G130/><T87/><D87/><U113/><E113/><V80/><F80/><W102/><G102/><T64/><D123/><U22/><E120/><V74/><F74/><W45/><G89/><T93/><D93/><U107/><E107/><V2/><F2/><W68/><G68/><T41/><D41/><U47/><E83/><V76/><F76/><W121/><G121/><T20/><D34/><AGARI ba="1,1" hai="1,7,10,16,19,26,27,30,31,34,35,90,95,99" machi="34" ten="30,12000,2" yaku="1,1,7,1,9,1,52,1,54,1,53,2" doraHai="92" doraHaiUra="12" who="2" fromWho="0" sc="377,-123,211,0,191,133,211,0" /><INIT seed="1,0,0,3,0,49" ten="254,211,324,211" oya="1" hai0="52,46,110,111,62,60,92,100,107,8,123,105,75" hai1="48,133,45,33,37,12,121,1,72,93,39,57,126" hai2="53,9,113,38,71,94,79,23,109,124,21,134,28" hai3="99,73,47,2,20,50,29,16,81,67,86,84,77"/><U82/><E1/><V7/><F38/><W119/><G119/><T97/><D75/><U26/><E121/><V103/><F71/><W112/><G112/><T22/><D123/><U65/><E126/><V13/><F109/><N who="0" m="41482" /><D22/><U3/><E3/><V25/><F134/><W102/><G2/><T6/><D62/><U78/><E133/><V11/><F124/><W61/><G29/><T68/><D68/><U83/><E83/><V32/><F113/><W80/><G61/><T122/><D122/><U18/><E93/><V95/><F79/><W30/><G30/><T17/><D17/><U118/><E57/><V35/><F94/><W66/><G73/><T63/><D63/><U89/><E65/><V40/><F40/><W132/><G132/><T88/><D100/><U117/><E89/><V69/><F69/><W59/><G67/><T0/><D46/><U36/><E26/><V101/><F101/><W15/><G59/><AGARI ba="0,0" hai="0,6,8,52,59,60,88,92,97,105,107" m="41482" machi="59" ten="30,7700,0" yaku="14,1,52,1,54,2" doraHai="49" who="0" fromWho="3" sc="254,77,211,0,324,0,211,-77" /><INIT seed="2,0,0,4,5,59" ten="331,211,324,134" oya="2" hai0="17,91,112,42,118,38,110,62,56,127,22,52,43" hai1="117,80,15,87,24,72,68,97,89,64,73,125,20" hai2="116,3,107,9,69,113,2,39,13,57,66,1,120" hai3="83,26,132,115,65,94,18,58,121,103,122,108,84"/><V61/><F120/><W81/><G108/><T0/><D110/><U53/><E117/><V40/><F116/><W35/><G132/><T79/><D118/><U33/><E125/><V123/><F123/><W95/><G115/><T41/><D112/><U4/><E33/><V100/><F113/><W114/><G114/><T130/><D0/><U129/><E129/><V135/><F135/><W49/><G35/><T67/><D127/><U48/><E97/><V28/><F28/><W106/><G106/><T85/><D130/><U44/><E15/><V21/><F21/><W47/><G121/><T19/><D79/><U7/><E73/><V70/><F100/><W131/><G122/><T105/><D105/><U60/><REACH who="1" step="1"/><E72/><REACH who="1" ten="331,201,324,134" step="2"/><V63/><F13/><W133/><G131/><T99/><D99/><U71/><E71/><V82/><F69/><W98/><G133/><T37/><D37/><U134/><E134/><V16/><F70/><W119/><G119/><T126/><D38/><U34/><E34/><V25/><F39/><W92/><G84/><T46/><D126/><U51/><E51/><V86/><F1/><W5/><G98/><T75/><D75/><U96/><E96/><V54/><F2/><W76/><G103/><T128/><D128/><U109/><E109/><V124/><F3/><W111/><G111/><T30/><D85/><U90/><E90/><V50/><F86/><W77/><G49/><N who="0" m="28727" /><D91/><U14/><E14/><V6/><F124/><W8/><G77/><T88/><D88/><U101/><E101/><V45/><F50/><W29/><G76/><T36/><D36/><RYUUKYOKU ba="0,1" sc="331,15,201,15,324,-15,134,-15" hai0="17,19,22,30,41,42,43,56,62,67" hai1="4,7,20,24,44,48,53,60,64,68,80,87,89" /><INIT seed="3,1,1,3,1,90" ten="346,216,309,119" oya="3" hai0="70,34,76,131,35,3,36,127,69,129,86,96,108" hai1="107,87,115,61,85,110,0,7,77,22,89,57,44" hai2="130,82,56,25,126,49,23,32,4,135,99,38,122" hai3="104,67,92,109,65,117,106,55,63,68,21,60,100"/><W5/><G117/><T128/><D108/><U24/><E115/><V28/><F38/><W83/><G109/><T13/><D3/><U12/><E0/><V8/><F126/><W102/><G5/><T84/><D36/><U47/><E107/><V91/><F130/><W39/><G39/><T18/><D96/><U94/><E110/><V46/><F135/><W54/><G83/><N who="0" m="47207" /><D86/><U74/><E74/><V116/><F122/><W33/><G21/><N who="0" m="11471" /><D127/><U10/><E85/><V112/><F112/><W132/><G132/><T41/><D41/><U19/><REACH who="1" step="1"/><E77/><REACH who="1" ten="346,206,309,119" step="2"/><V14/><F116/><W6/><G6/><T114/><D114/><U121/><E121/><V88/><F82/><W59/><G33/><AGARI ba="1,2" hai="33,34,35,69,70,128,129,131" m="11471,47207" machi="33" ten="40,1300,0" yaku="19,1" doraHai="90" who="0" fromWho="3" sc="346,36,206,0,309,0,119,-16" owari="382,48.2,206,-19.4,309,10.9,103,-39.7" /></mjloggm>