<mjloggm ver="2.3"><GO type="225" lobby="0"/><UN n0="%72%69%6F%75%63%68%61%6E" n1="%E9%8A%80%E3%81%B0%E3%81%95%E3%81%BF" n2="%E4%B8%AD%E5%B9%B4%E3%81%AE%E5%8D%B1%E6%A9%9F" n3="%74%61%6B%75%61%6B%61" dan="16,17,17,17" rate="2144.13,2232.53,2151.47,2266.03" sx="M,M,M,M"/><TAIKYOKU oya="0"/><INIT seed="0,0,0,3,2,4" ten="250,250,250,250" oya="0" hai0="95,50,58,86,52,45,9,16,84,36,105,75,54" hai1="34,112,37,122,29,56,133,132,38,65,79,19,72" hai2="22,83,99,106,14,94,12,130,115,93,30,61,39" hai3="129,33,90,113,118,125,81,20,123,67,47,2,119"/><T8/><D105/><U74/><E122/><V124/><F39/><N who="1" m="14857" /><E19/><V62/><F115/><W5/><G33/><T100/><D75/><N who="1" m="28715" /><E79/><V68/><F124/><W97/><G113/><T101/><D36/><U108/><E112/><V15/><F130/><W11/><G129/><T80/><D84/><U27/><E56/><V71/><F106/><W51/><G125/><T35/><D35/><U131/><E131/><V73/><F73/><W117/><G123/><T42/><D42/><U134/><E65/><V91/><F83/><W13/><G67/><T63/><D95/><U128/><E128/><V110/><F110/><AGARI ba="0,0" hai="27,29,34,108,110,132,133,134" m="28715,14857" machi="110" ten="40,2600,0" yaku="20,1,23,1" doraHai="4" who="1" fromWho="2" sc="250,0,250,26,250,-26,250,0" /><INIT seed="1,0,0,2,5,128" ten="250,276,224,250" oya="1" hai0="94,50,40,106,107,11,27,41,96,79,130,105,19" hai1="23,75,117,58,77,60,49,66,38,3,129,87,115" hai2="42,44,99,91,56,29,21,109,15,127,74,103,53" hai3="16,1,98,8,37,120,43,112,72,13,135,86,45"/><U82/><E129/><V34/><F109/><W62/><G72/><T95/><D130/><U33/><E33/><V63/><F74/><W89/><G120/><T4/><D79/><U18/><E38/><V7/><F127/><W70/><G112/><T122/><D122/><U54/><E115/><V83/><F34/><W132/><G1/><T125/><D125/><U90/><E3/><V73/><F73/><W61/><G98/><T113/><D113/><U52/><E117/><V80/><F91/><W76/><G76/><T134/><D134/><N who="3" m="51241" /><G70/><T22/><D50/><U32/><E32/><V114/><F114/><W46/><G46/><T100/><REACH who="0" step="1"/><D94/><AGARI ba="0,0" hai="8,13,16,37,43,45,61,62,86,89,94" m="51241" machi="94" ten="30,8000,1" yaku="20,1,52,3,54,1" doraHai="128" who="3" fromWho="0" sc="250,-80,276,0,224,0,250,80" /><INIT seed="2,0,0,3,0,91" ten="170,276,224,330" oya="2" hai0="51,48,119,86,19,13,75,17,3,46,49,18,64" hai1="73,100,89,118,127,6,124,97,57,77,70,101,0" hai2="30,34,60,109,21,94,2,129,59,16,1,45,133" hai3="66,131,37,71,54,69,134,22,68,76,98,117,58"/><V25/><F133/><W105/><G117/><T115/><D115/><U96/><E70/><V93/><F129/><W99/><G37/><T53/><D119/><U111/><E57/><V83/><F109/><W82/><G134/><T15/><D75/><U80/><E6/><V110/><F110/><W14/><G66/><T84/><D3/><U90/><E0/><V47/><F1/><W113/><G105/><T85/><REACH who="0" step="1"/><D64/><REACH who="0" ten="160,276,224,330" step="2"/><U106/><E118/><V120/><F2/><W88/><G113/><T40/><D40/><U65/><E65/><N who="2" m="39071" /><F120/><W31/><G54/><T55/><D55/><U74/><E111/><V43/><F34/><W122/><G122/><T23/><D23/><U8/><E74/><V126/><F126/><N who="1" m="48169" /><E8/><V87/><F30/><W35/><G31/><T44/><D44/><N who="2" m="16970" /><F43/><W29/><G29/><T12/><AGARI ba="0,1" hai="12,13,15,17,18,19,46,48,49,51,53,84,85,86" machi="12" ten="40,8000,1" yaku="1,1,0,1,29,2,8,1,53,0" doraHai="91" doraHaiUra="130" who="0" fromWho="0" sc="160,90,276,-20,224,-40,330,-20" /><INIT seed="3,0,0,2,1,18" ten="250,256,184,310" oya="3" hai0="116,15,90,100,96,132,70,28,1,46,118,103,93" hai1="66,98,71,91,76,61,83,36,13,52,34,80,85" hai2="88,22,39,110,2,130,56,38,17,57,32,37,108" hai3="26,119,45,92,30,102,77,87,8,48,53,106,42"/><W105/><G119/><T94/><D1/><U67/><E34/><V121/><F32/><W55/><G105/><T81/><D70/><U84/><E36/><V20/><F2/><W29/><G106/><T35/><D35/><U124/><E124/><V14/><F121/><W3/><G3/><T49/><D28/><N who="3" m="10857" /><G26/><T7/><D132/><U6/><E98/><V69/><F69/><W115/><G8/><N who="0" m="4511" /><D118/><U47/><E71/><V122/><F122/><W11/><G11/><T33/><D33/><U25/><E25/><V9/><F130/><W65/><G65/><T43/><D116/><U44/><E6/><V51/><F88/><W31/><G31/><T126/><D126/><U97/><E13/><V75/><F75/><W59/><G59/><T58/><D58/><N who="1" m="35015" /><E97/><V79/><F79/><W95/><G115/><T62/><D62/><U78/><E78/><V24/><F56/><W19/><G19/><T125/><D125/><U41/><E41/><V112/><F112/><W107/><G107/><T123/><D123/><U50/><E50/><V12/><F12/><W16/><G16/><T113/><D113/><U127/><E127/><V131/><F131/><W89/><G77/><T40/><D40/><U63/><E63/><V73/><F73/><W5/><G5/><T99/><D90/><U64/><AGARI ba="0,0" hai="44,47,64,66,67,76,80,83,84,85,91" m="35015" machi="64" ten="30,2000,0" yaku="8,1,54,1" doraHai="18" who="1" fromWho="1" sc="250,-5,256,20,184,-5,310,-10" owari="245,-15.5,276,7.6,179,-32.1,300,40.0" /></mjloggm>