<mjloggm ver="2.3"><GO type="225" lobby="0"/><UN n0="%48%61%61%61%6C%61%6E%64" n1="%28%EF%BF%A3%E2%96%BD%EF%BF%A3%29%CE%B4%E2%8C%92%E3%83%BB" n2="%E3%81%B5%E3%81%98%E3%81%8B%E3%81%A4" n3="%E3%82%A2%E3%83%BC%E3%83%A2%E3%83%AD%E3%83%BC%E3%83%B4%E3%82%A1" dan="18,16,16,16" rate="2189.70,2125.16,2171.52,2085.91" sx="M,M,M,M"/><TAIKYOKU oya="0"/><INIT seed="0,0,0,1,0,34" ten="250,250,250,250" oya="0" hai0="115,93,11,80,1,91,3,19,56,44,58,81,5" hai1="135,48,92,71,131,16,97,37,110,35,17,106,109" hai2="108,0,127,24,119,31,40,8,42,112,62,27,30" hai3="113,105,45,54,90,133,94,86,82,102,50,118,29"/><T79/><D115/><U73/><E37/><V107/><F112/><W38/><G113/><T18/><D44/><U23/><E35/><V83/><F107/><W39/><G118/><T120/><D120/><U77/><E106/><V7/><F119/><W4/><G133/><T6/><D93/><U87/><E73/><V96/><F127/><W25/><G4/><T15/><D91/><U69/><E135/><V10/><F108/><N who="1" m="41577" /><E131/><V68/><F96/><W128/><G105/><T99/><D99/><U116/><E48/><V32/><F83/><W117/><G117/><T95/><D95/><U53/><E53/><V2/><F68/><N who="1" m="26185" /><E23/><N who="2" m="15647" /><F62/><W57/><G128/><T132/><D132/><U121/><E121/><V61/><F61/><W14/><G102/><T100/><D100/><N who="1" m="60455" /><E116/><V72/><F42/><W70/><G70/><T20/><D81/><AGARI ba="0,0" hai="16,17,77,81,87" m="60455,26185,41577" machi="81" ten="30,2000,0" yaku="14,1,54,1" doraHai="34" who="1" fromWho="0" sc="250,-20,250,20,250,0,250,0" /><INIT seed="1,0,0,0,1,132" ten="230,270,250,250" oya="1" hai0="110,99,97,84,35,40,34,123,129,36,12,81,57" hai1="108,103,13,78,54,25,125,30,42,89,18,127,124" hai2="121,72,43,62,96,66,85,69,77,45,113,10,80" hai3="68,67,119,135,29,63,65,28,71,26,14,4,24"/><U59/><E108/><V56/><F113/><W91/><G135/><T114/><D114/><U27/><E103/><V93/><F121/><W120/><G120/><T83/><D123/><U133/><E133/><V39/><F10/><N who="3" m="4423" /><G71/><T95/><D110/><U109/><E109/><V22/><F22/><W100/><G68/><T102/><D129/><U46/><E89/><V60/><F72/><W44/><G100/><T7/><D36/><N who="1" m="21831" /><E78/><V82/><F82/><W3/><G3/><T70/><D70/><U116/><E30/><N who="3" m="11882" /><G119/><T51/><D34/><U17/><E116/><V15/><F15/><W8/><G8/><N who="0" m="4127" /><D35/><U50/><E18/><V126/><F69/><W94/><G44/><N who="0" m="25991" /><D99/><U32/><E32/><V1/><F62/><W21/><G63/><T92/><D92/><U23/><AGARI ba="0,0" hai="13,17,23,25,27,50,54,59,124,125,127" m="21831" machi="23" ten="30,11700,0" yaku="18,1,52,3" doraHai="132" who="1" fromWho="1" sc="230,-39,270,117,250,-39,250,-39" /><INIT seed="1,1,0,5,3,121" ten="191,387,211,211" oya="1" hai0="43,123,109,22,55,53,68,127,114,130,98,12,116" hai1="90,88,95,18,41,135,117,1,19,56,46,63,132" hai2="79,32,86,27,60,71,62,110,16,20,106,73,40" hai3="0,94,25,99,11,47,2,59,131,51,24,26,5"/><U89/><E1/><V37/><F106/><W103/><G131/><T102/><D114/><U66/><E117/><V23/><F71/><W107/><G59/><T101/><D116/><U65/><E65/><V91/><F32/><W81/><G81/><T108/><D130/><U75/><E75/><V84/><F73/><W92/><REACH who="3" step="1"/><G2/><REACH who="3" ten="191,387,211,201" step="2"/><T9/><D68/><U118/><E118/><V13/><F110/><N who="0" m="42602" /><D123/><U85/><E85/><V49/><F84/><W57/><G57/><T120/><D120/><U100/><E100/><N who="0" m="38505" /><D127/><U42/><E95/><V97/><F86/><W67/><G67/><T129/><D129/><U14/><E66/><V126/><F126/><W28/><G28/><T52/><D98/><U83/><E56/><V38/><F97/><W124/><G124/><T82/><D82/><U78/><E83/><V80/><F80/><W72/><G72/><T48/><D22/><U3/><E78/><V69/><F79/><W77/><G77/><T96/><D96/><U8/><E90/><V134/><F91/><W4/><G4/><N who="0" m="3111" /><D43/><AGARI ba="1,1" hai="0,5,11,24,25,26,43,47,51,92,94,99,103,107" machi="43" ten="40,1300,0" yaku="1,1,53,0" doraHai="121" doraHaiUra="105" who="3" fromWho="0" sc="191,-16,387,0,211,0,201,26" /><INIT seed="2,0,0,3,2,47" ten="175,387,211,227" oya="2" hai0="26,89,63,7,126,27,82,96,107,11,21,127,86" hai1="29,101,35,40,105,117,31,12,135,8,125,79,22" hai2="112,118,116,103,56,73,114,88,36,51,115,62,9" hai3="52,99,87,132,48,72,34,28,2,1,128,69,20"/><V121/><F73/><W24/><G72/><T39/><D39/><U134/><E35/><V78/><F103/><W55/><G132/><T102/><D63/><U41/><E79/><V124/><F36/><W104/><G69/><T91/><D91/><U100/><E117/><V49/><F78/><W74/><G74/><T37/><D37/><U54/><E54/><N who="2" m="34071" /><F88/><W25/><G87/><T95/><D107/><U111/><E105/><V109/><F9/><W64/><G64/><T14/><REACH who="0" step="1"/><D21/><REACH who="0" ten="165,387,211,227" step="2"/><U45/><E22/><V93/><F121/><W129/><G104/><T44/><D44/><U67/><E45/><V46/><F93/><W23/><G23/><T92/><D92/><U5/><E134/><V68/><F68/><W19/><G20/><T13/><D13/><U81/><E12/><V18/><F118/><W53/><G1/><T133/><D133/><U59/><E135/><V90/><F116/><W65/><G2/><T10/><D10/><U30/><E8/><V85/><F90/><W32/><G32/><T83/><D83/><U75/><E81/><V33/><F46/><W71/><G34/><T16/><D16/><U15/><E15/><V123/><F18/><W131/><G19/><T110/><D110/><U108/><E111/><V17/><F109/><W80/><G80/><T0/><D0/><U43/><E108/><V61/><F33/><W94/><G71/><T113/><D113/><U70/><E70/><V122/><F17/><W38/><G38/><T4/><D4/><U50/><E5/><V130/><F114/><W84/><G94/><T58/><D58/><RYUUKYOKU ba="0,1" sc="165,30,387,-10,211,-10,227,-10" hai0="7,11,14,26,27,82,86,89,95,96,102,126,127" /><INIT seed="3,1,1,2,4,37" ten="195,377,201,217" oya="3" hai0="84,123,111,7,45,6,105,48,18,25,63,14,34" hai1="92,125,38,78,130,31,124,88,62,98,112,58,104" hai2="109,61,106,76,74,82,91,93,66,85,121,16,15" hai3="80,115,10,108,131,59,101,119,86,55,128,1,118"/><W114/><G1/><T50/><D123/><U99/><E38/><V69/><F109/><W75/><G10/><T17/><D105/><U122/><E130/><N who="3" m="49706" /><G75/><T40/><D111/><U53/><E112/><N who="3" m="43050" /><G101/><T72/><D72/><U29/><E122/><V32/><F121/><W103/><G103/><T116/><D116/><U21/><E78/><V65/><F65/><W129/><N who="3" m="49714" /><W120/><DORA hai="42" /><G108/><T57/><D50/><U28/><E104/><V95/><F106/><W51/><G120/><T52/><D84/><N who="1" m="52231" /><E21/><V13/><F32/><W30/><G30/><T71/><D71/><U2/><E2/><V49/><F49/><W110/><G110/><T102/><D102/><U67/><E67/><V8/><F13/><W77/><AGARI ba="1,1" hai="51,55,59,77,80,86,118,119" m="43050,49714" machi="77" ten="50,2400,0" yaku="19,1" doraHai="37,42" who="3" fromWho="3" sc="195,-9,377,-9,201,-9,217,37" /><INIT seed="3,2,0,3,2,114" ten="186,368,192,254" oya="3" hai0="65,95,63,38,69,97,20,10,28,72,75,81,105" hai1="31,21,98,45,52,19,64,58,135,54,103,34,124" hai2="126,133,29,128,50,86,119,82,123,130,41,16,109" hai3="42,87,77,99,56,102,129,33,35,80,67,12,3"/><W116/><G3/><T40/><D105/><U62/><E135/><V132/><F29/><W68/><G129/><N who="2" m="49769" /><F109/><W11/><G68/><T36/><D10/><U23/><E124/><V57/><F119/><W6/><G116/><T73/><D81/><U107/><E34/><V113/><F113/><W74/><G74/><T110/><D110/><U39/><E31/><V30/><F123/><W48/><G67/><T96/><D40/><U101/><E101/><V84/><F126/><W0/><G0/><T22/><D97/><U127/><E127/><V9/><F30/><W134/><G134/><N who="2" m="51817" /><F82/><W14/><G14/><T92/><D92/><U43/><E23/><V51/><F41/><W5/><G5/><T25/><REACH who="0" step="1"/><D22/><REACH who="0" ten="176,368,192,254" step="2"/><U2/><E2/><V13/><F51/><W8/><G42/><T120/><D120/><U131/><E131/><V83/><F83/><W59/><G80/><T44/><D44/><U79/><E79/><V7/><F7/><W76/><G6/><T89/><AGARI ba="2,1" hai="20,25,28,36,38,63,65,69,72,73,75,89,95,96" machi="89" ten="30,2000,0" yaku="1,1,0,1,53,0" doraHai="114" doraHaiUra="53" who="0" fromWho="0" sc="176,36,368,-7,192,-7,254,-12" owari="212,-18.8,361,46.1,185,-31.5,242,4.2" /></mjloggm>