<mjloggm ver="2.3"><GO type="225" lobby="0"/><UN n0="%6D%75%75%6D%75%72%61" n1="%4E%61%76%69%74%61%73" n2="%E5%B0%8F%E9%B3%A5%E9%81%8A%E7%B7%B4%E7%84%A1%32%31%E6%AD%B3" n3="%38%63%E3%81%AF%E3%81%A3%E3%81%97%E3%83%BC" dan="16,16,16,16" rate="2153.90,2086.00,2188.84,2112.86" sx="F,M,F,M"/><TAIKYOKU oya="0"/><INIT seed="0,0,0,3,0,20" ten="250,250,250,250" oya="0" hai0="27,106,1,86,100,124,87,2,49,48,41,32,132" hai1="61,56,47,26,115,66,28,42,33,6,18,62,96" hai2="102,133,8,46,17,91,51,13,131,73,14,113,101" hai3="89,31,65,70,38,116,30,80,5,0,68,77,40"/><T103/><D124/><U94/><E115/><V110/><F73/><W22/><G89/><T58/><D132/><U23/><E6/><V90/><F110/><W74/><G116/><T135/><D135/><U123/><E123/><V93/><F131/><W122/><G122/><T55/><D1/><U60/><E42/><V15/><F113/><W69/><G22/><T43/><D2/><U97/><E47/><V39/><F39/><W107/><G107/><T118/><D118/><U59/><E94/><V64/><F64/><W88/><G88/><N who="2" m="33833" /><F133/><W75/><G75/><T99/><D103/><N who="2" m="39434" /><F93/><W44/><REACH who="3" step="1"/><G65/><REACH who="3" ten="250,250,250,240" step="2"/><T125/><D125/><U63/><REACH who="1" step="1"/><E59/><REACH who="1" ten="250,240,250,240" step="2"/><V76/><F76/><W134/><G134/><T130/><D130/><U81/><E81/><V34/><F34/><W21/><G21/><T37/><D32/><U3/><E3/><V16/><F8/><AGARI ba="0,2" hai="0,5,8,30,31,38,40,44,68,69,70,74,77,80" machi="8" ten="40,5200,0" yaku="1,1,25,2,53,0" doraHai="20" doraHaiUra="85" who="3" fromWho="2" sc="250,0,240,0,250,-52,240,72" /><INIT seed="1,0,0,3,3,82" ten="250,240,198,312" oya="1" hai0="42,34,17,4,102,126,109,119,30,77,76,15,112" hai1="135,90,0,116,130,79,110,53,84,118,106,97,134" hai2="26,2,62,120,73,54,59,98,91,72,105,23,124" hai3="52,108,117,35,114,85,69,1,51,33,13,48,81"/><U83/><E0/><V58/><F124/><W31/><G1/><T133/><D112/><U41/><E41/><V37/><F37/><W32/><G114/><T29/><D119/><N who="1" m="45611" /><E53/><V100/><F2/><W45/><G117/><T16/><D126/><U10/><E10/><V66/><F120/><W63/><G108/><T115/><D109/><U87/><E110/><V101/><F101/><W64/><G31/><N who="0" m="11787" /><D34/><U40/><E40/><V21/><F91/><W61/><G13/><T39/><D39/><U92/><E130/><V36/><F36/><W50/><REACH who="3" step="1"/><G63/><REACH who="3" ten="250,240,198,302" step="2"/><T5/><D115/><U125/><E125/><V75/><REACH who="2" step="1"/><F26/><REACH who="2" ten="250,240,188,302" step="2"/><W103/><G103/><AGARI ba="0,2" hai="79,83,84,87,90,92,97,103,106,134,135" m="45611" machi="103" ten="30,11600,0" yaku="34,2,52,2" doraHai="82" who="1" fromWho="3" sc="250,0,240,136,188,0,302,-116" /><INIT seed="1,1,0,0,2,53" ten="250,376,188,186" oya="1" hai0="80,39,101,64,67,17,122,23,0,57,125,103,87" hai1="60,6,20,95,106,33,14,132,27,82,135,76,84" hai2="117,98,74,94,97,1,71,89,114,110,56,21,62" hai3="63,130,118,113,58,55,129,25,37,28,131,104,69"/><U11/><E106/><V10/><F71/><W61/><G113/><T12/><D0/><U65/><E33/><V7/><F117/><W121/><G121/><T72/><D72/><U112/><E112/><V54/><F74/><W86/><G37/><T13/><D39/><U102/><E102/><N who="0" m="38921" /><D125/><U8/><E95/><V120/><F110/><W31/><G104/><T66/><D122/><U91/><E11/><V105/><F114/><W115/><G115/><T70/><D70/><U40/><E40/><V88/><F105/><W133/><G118/><T16/><D57/><U68/><REACH who="1" step="1"/><E76/><REACH who="1" ten="250,366,188,186" step="2"/><V109/><F120/><W124/><G124/><T9/><D67/><U90/><E90/><AGARI ba="1,1" hai="9,12,13,16,17,23,64,66,80,87,90" m="38921" machi="90" ten="30,2000,0" yaku="8,1,54,1" doraHai="53" who="0" fromWho="1" sc="250,33,366,-23,188,0,186,0" /><INIT seed="2,0,0,5,0,77" ten="283,343,188,186" oya="2" hai0="9,40,50,0,15,35,49,107,59,11,73,56,96" hai1="123,5,128,45,39,98,124,106,81,52,130,57,51" hai2="94,14,99,85,58,18,22,44,48,27,24,70,25" hai3="36,111,37,129,23,117,133,47,125,92,86,119,75"/><V54/><F70/><W112/><G23/><T6/><D35/><U66/><E124/><V100/><REACH who="2" step="1"/><F85/><REACH who="2" ten="283,343,178,186" step="2"/><W68/><G86/><T102/><D73/><U108/><E123/><V65/><F65/><W84/><G84/><T19/><REACH who="0" step="1"/><D50/><REACH who="0" ten="273,343,178,186" step="2"/><U17/><E51/><V53/><F53/><W20/><G119/><T21/><D21/><U105/><E52/><V64/><F64/><W126/><G75/><T42/><D42/><U60/><E66/><V134/><F134/><W116/><G20/><T8/><D8/><U109/><E130/><V113/><F113/><W55/><G129/><T12/><D12/><U3/><E128/><V97/><F97/><W104/><G133/><T10/><D10/><U30/><E3/><V32/><F32/><W72/><G72/><T95/><D95/><U62/><E106/><V33/><F33/><W79/><G55/><T7/><D7/><U132/><E5/><V2/><F2/><W93/><G112/><T76/><D76/><U13/><E132/><V122/><F122/><W43/><G104/><T31/><D31/><U91/><E105/><V26/><N who="2" m="6144" /><DORA hai="71" /><V88/><F88/><W89/><G79/><T61/><D61/><U131/><E62/><V135/><F135/><W90/><G43/><T38/><D38/><U29/><E91/><V34/><F34/><W1/><G1/><T121/><D121/><U115/><E39/><V67/><F67/><W114/><G114/><T80/><D80/><U103/><E81/><V69/><F69/><W120/><G68/><T74/><D74/><U46/><E115/><V82/><F82/><RYUUKYOKU ba="0,2" sc="273,15,343,-15,178,15,186,-15" hai0="0,6,9,11,15,19,40,49,56,59,96,102,107" hai2="14,18,22,44,48,54,58,94,99,100" /><INIT seed="2,1,2,0,2,50" ten="288,328,193,171" oya="2" hai0="120,128,122,19,54,64,96,121,63,68,47,71,103" hai1="106,59,0,98,78,1,38,97,56,79,81,39,131" hai2="12,55,34,129,66,127,45,18,104,23,25,109,27" hai3="35,118,13,134,58,67,111,135,33,110,85,29,115"/><V99/><F129/><W26/><G85/><T124/><D128/><U90/><E90/><V51/><F127/><W87/><G87/><T49/><D124/><U11/><E131/><V126/><F126/><W62/><G118/><T3/><D3/><U93/><E11/><V36/><F36/><W75/><G75/><T40/><D19/><U32/><E93/><V91/><F34/><W86/><G86/><T89/><D89/><U101/><E32/><V108/><F66/><W95/><G95/><T48/><D71/><U10/><E10/><V28/><F91/><W57/><G35/><T76/><D76/><U5/><E5/><V20/><REACH who="2" step="1"/><F27/><REACH who="2" ten="288,328,183,171" step="2"/><W16/><G115/><T37/><D37/><U125/><E125/><V52/><F52/><W9/><REACH who="3" step="1"/><G58/><REACH who="3" ten="288,328,183,161" step="2"/><T88/><D122/><U84/><E56/><V53/><F53/><W116/><G116/><T105/><D88/><U92/><E59/><AGARI ba="1,4" hai="40,47,48,49,54,59,63,64,68,96,103,105,120,121" machi="59" ten="30,2000,0" yaku="7,1,52,1" doraHai="50" who="0" fromWho="1" sc="288,63,328,-23,183,0,161,0" /><INIT seed="3,0,0,5,3,24" ten="351,305,183,161" oya="3" hai0="132,37,70,23,106,122,39,48,69,81,96,100,87" hai1="16,116,59,61,63,110,25,28,54,88,29,58,112" hai2="105,7,91,14,72,64,67,80,124,79,11,89,49" hai3="9,90,56,22,82,115,2,121,38,44,19,130,127"/><W46/><G121/><T32/><D122/><U76/><E112/><V103/><F124/><W74/><G115/><T102/><D32/><U3/><E3/><V53/><F103/><W107/><G107/><T120/><D120/><U27/><E110/><V60/><F105/><W4/><G127/><T92/><D132/><U20/><E116/><V35/><F35/><W43/><G130/><T30/><D48/><U31/><E76/><V55/><F55/><W68/><G68/><T10/><D10/><U98/><E98/><V15/><F15/><W34/><G34/><T101/><D39/><U12/><E88/><V66/><REACH who="2" step="1"/><F60/><REACH who="2" ten="351,305,173,161" step="2"/><W85/><G46/><AGARI ba="0,1" hai="7,11,14,46,49,53,64,66,67,72,79,80,89,91" machi="46" ten="40,8000,1" yaku="1,1,2,1,53,2" doraHai="24" doraHaiUra="84" who="2" fromWho="3" sc="351,0,305,0,173,90,161,-80" owari="351,45.1,305,10.5,263,-13.7,81,-41.9" /></mjloggm>