<mjloggm ver="2.3"><GO type="225" lobby="0"/><UN n0="%2D%E8%B1%8A%E5%8F%A3%E3%82%81%E3%81%90%E3%81%BF%2D" n1="%E3%81%B2%E3%81%AA%E3%81%AE%E3%82%8A%E3%81%8F" n2="%E6%A1%9C%E8%8A%B1%E9%96%83%E3%80%85" n3="%E3%81%BF%E3%81%BF%E3%81%9A" dan="17,17,16,18" rate="2165.89,2203.81,2147.60,2254.97" sx="F,M,M,M"/><TAIKYOKU oya="0"/><INIT seed="0,0,0,0,2,121" ten="250,250,250,250" oya="0" hai0="37,122,118,33,113,106,34,75,23,28,117,61,2" hai1="43,66,120,83,132,90,114,87,7,12,131,19,41" hai2="10,51,129,44,4,40,5,25,79,32,67,110,29" hai3="64,112,21,18,46,78,54,80,124,88,115,56,95"/><T125/><RYUUKYOKU type="yao9" ba="0,0" sc="250,0,250,0,250,0,250,0" hai0="2,23,28,33,34,37,61,75,106,113,117,118,122,125" /><INIT seed="0,1,0,4,4,29" ten="250,250,250,250" oya="0" hai0="46,53,38,7,100,118,0,108,65,63,14,13,87" hai1="58,84,107,130,43,42,114,105,71,30,9,68,134" hai2="109,96,60,89,81,131,19,66,79,31,40,116,122" hai3="17,94,45,15,76,113,98,133,77,12,73,127,61"/><T41/><D118/><U56/><E134/><V18/><F122/><W5/><G113/><T52/><D108/><U49/><E30/><V28/><F109/><W3/><G3/><T120/><D120/><U33/><E84/><V80/><F116/><W101/><G133/><T2/><D100/><U51/><E9/><V97/><F40/><W64/><G127/><T47/><D87/><U112/><REACH who="1" step="1"/><E130/><REACH who="1" ten="250,240,250,250" step="2"/><V21/><F31/><W44/><G73/><T102/><D0/><U83/><E83/><V54/><F28/><W82/><G82/><T119/><D119/><U70/><E70/><V69/><F81/><W110/><G110/><T95/><D2/><U78/><E78/><V88/><F131/><W93/><G77/><T106/><D7/><U1/><E1/><V37/><F18/><W90/><G76/><T8/><D8/><U128/><E128/><V59/><F79/><W32/><G5/><T132/><D132/><U36/><E36/><V121/><F37/><W20/><G32/><AGARI ba="1,1" hai="32,33,42,43,49,51,56,58,68,71,105,107,112,114" machi="32" ten="25,8000,1" yaku="1,1,22,2,52,2,53,0" doraHai="29" doraHaiUra="125" who="1" fromWho="3" sc="250,0,240,93,250,0,250,-83" /><INIT seed="1,0,0,5,3,17" ten="250,333,250,167" oya="1" hai0="113,134,131,57,96,2,43,89,60,68,92,47,100" hai1="42,83,127,102,74,46,50,104,8,40,39,1,109" hai2="133,101,41,121,84,116,32,30,99,128,106,108,15" hai3="20,80,37,70,98,23,58,36,86,76,123,119,110"/><U67/><E67/><V115/><F116/><W19/><G70/><T118/><D118/><U49/><E39/><V38/><F121/><W18/><G119/><T124/><D113/><U97/><E127/><V24/><F115/><W129/><G123/><T125/><D2/><U0/><E109/><V5/><F108/><W33/><G110/><T64/><D131/><U90/><E8/><V79/><F128/><W85/><G33/><T7/><D7/><U3/><E90/><V103/><F103/><W11/><G129/><T91/><D134/><U66/><E66/><V62/><F62/><W77/><G98/><T51/><REACH who="0" step="1"/><D68/><REACH who="0" ten="240,333,250,167" step="2"/><U61/><E3/><V81/><F133/><W14/><G58/><T29/><D29/><U87/><E1/><V27/><F30/><W52/><G52/><T93/><D93/><U55/><E55/><V22/><F5/><W78/><G11/><T34/><D34/><U12/><E0/><V26/><F32/><W53/><G53/><T63/><D63/><U56/><E61/><V21/><REACH who="2" step="1"/><F15/><REACH who="2" ten="240,333,240,167" step="2"/><W130/><G130/><T122/><D122/><U9/><E12/><V13/><F13/><N who="3" m="9295" /><G36/><T4/><D4/><U65/><E104/><V88/><F88/><AGARI ba="0,2" hai="43,47,51,57,60,64,88,89,91,92,96,100,124,125" machi="88" ten="40,8000,1" yaku="1,1,54,1,53,2" doraHai="17" doraHaiUra="135" who="0" fromWho="2" sc="240,100,333,0,240,-80,167,0" /><INIT seed="2,0,0,5,0,90" ten="340,333,160,167" oya="2" hai0="98,45,19,44,126,99,77,58,74,102,34,72,18" hai1="93,94,38,60,4,7,107,35,64,88,61,22,14" hai2="101,97,11,55,105,115,36,39,68,37,10,63,20" hai3="123,78,33,62,125,52,31,76,119,122,133,12,27"/><V0/><F115/><W8/><G119/><T69/><D69/><U54/><E35/><V111/><F111/><W51/><G133/><T80/><D34/><U81/><E107/><V41/><F20/><W87/><G62/><T67/><D67/><U53/><E38/><V103/><F103/><W117/><G117/><T42/><D58/><N who="1" m="36919" /><E81/><V46/><F55/><N who="1" m="21001" /><E60/><V89/><F89/><W112/><G112/><T104/><D74/><U92/><E88/><V91/><F91/><W75/><G75/><T66/><D66/><U48/><E48/><V106/><F106/><W26/><G87/><T135/><D135/><U108/><E108/><V129/><F129/><W79/><G125/><T114/><D126/><U21/><E21/><V71/><F63/><W29/><G51/><T120/><D114/><U113/><E113/><V70/><F11/><W59/><G52/><T118/><D102/><U1/><E1/><V100/><F100/><W2/><G2/><T25/><D104/><U49/><E49/><V13/><REACH who="2" step="1"/><F0/><REACH who="2" ten="340,333,150,167" step="2"/><W43/><G59/><T124/><D124/><U132/><E132/><V116/><F116/><W130/><G130/><T23/><D23/><U109/><E109/><V3/><F3/><W96/><G96/><T85/><D118/><U56/><E56/><V32/><F32/><N who="3" m="20535" /><G43/><T24/><D42/><U128/><E128/><V15/><F15/><W9/><G9/><T47/><D99/><U127/><E127/><V65/><F65/><W50/><G50/><T5/><D98/><U28/><E14/><V131/><F131/><W40/><G40/><T134/><D134/><RYUUKYOKU ba="0,1" sc="340,-30,333,10,150,10,167,10" hai1="4,7,22,28,92,93,94" hai2="10,13,36,37,39,41,46,68,70,71,97,101,105" hai3="8,12,27,31,33,76,78,79,122,123" /><INIT seed="2,1,1,4,0,44" ten="310,343,160,177" oya="2" hai0="80,24,67,97,69,29,33,112,20,118,109,119,96" hai1="0,77,83,26,42,72,1,8,133,19,126,60,59" hai2="52,135,25,15,100,38,39,17,64,75,102,81,14" hai3="9,35,74,45,30,98,13,127,101,78,48,58,132"/><V92/><F64/><W40/><G127/><T63/><D112/><U49/><E126/><V73/><F135/><W71/><G71/><T93/><D109/><U87/><E72/><V130/><F130/><W129/><G129/><T99/><D80/><U82/><E82/><V103/><F75/><W50/><G132/><T6/><D6/><U61/><E61/><V11/><F39/><W121/><G121/><T90/><REACH who="0" step="1"/><D33/><REACH who="0" ten="300,343,160,177" step="2"/><U22/><E133/><V106/><F81/><W37/><G74/><T4/><D4/><U18/><E1/><V88/><F73/><W53/><G78/><T105/><D105/><U56/><E0/><V123/><F123/><W68/><G35/><T66/><D66/><U114/><E114/><V79/><F79/><W116/><G116/><AGARI ba="1,2" hai="20,24,29,63,67,69,90,93,96,97,99,116,118,119" machi="116" ten="40,2600,0" yaku="1,1,12,1,53,0" doraHai="44" doraHaiUra="47" who="0" fromWho="3" sc="300,49,343,0,160,0,177,-29" /><INIT seed="3,0,0,2,4,59" ten="349,343,160,148" oya="3" hai0="108,96,12,125,33,10,39,121,56,87,57,130,91" hai1="94,129,131,72,83,27,53,30,113,15,50,124,114" hai2="71,41,13,133,101,1,115,119,69,104,126,76,58" hai3="81,84,80,109,29,102,34,98,74,37,75,43,110"/><W103/><G37/><T46/><D121/><U63/><E124/><V3/><F13/><W22/><G43/><T92/><D33/><U62/><E15/><V38/><F58/><W49/><G49/><T134/><D108/><N who="3" m="41577" /><G34/><T48/><D39/><U44/><E83/><N who="3" m="31818" /><G84/><T112/><D112/><U60/><E72/><N who="3" m="27690" /><G98/><T99/><D99/><U25/><E25/><AGARI ba="0,0" hai="22,25,29,102,103" m="27690,31818,41577" machi="25" ten="40,3900,0" yaku="14,1,10,1" doraHai="59" who="3" fromWho="1" sc="349,0,343,-39,160,0,148,39" /><INIT seed="3,1,0,1,2,124" ten="349,304,160,187" oya="3" hai0="30,12,95,36,49,131,65,110,28,9,34,11,133" hai1="91,68,119,50,86,35,17,63,90,1,98,66,75" hai2="40,70,64,15,38,72,102,111,125,26,101,53,24" hai3="0,79,126,77,120,22,108,43,76,27,92,19,58"/><W57/><G120/><T74/><D131/><U44/><E75/><V73/><F125/><W5/><G126/><T45/><D74/><U20/><E35/><V130/><F111/><W13/><G108/><T129/><D129/><U78/><E1/><V6/><F130/><W115/><G115/><T67/><D36/><U48/><E119/><V132/><F132/><W39/><G39/><T94/><D133/><U2/><E2/><V106/><F72/><W112/><G112/><T8/><D12/><U85/><E78/><V41/><F73/><W96/><G43/><N who="2" m="16457" /><F106/><W82/><G82/><T84/><D34/><U114/><E98/><V18/><F70/><W113/><G0/><T81/><D94/><U128/><E128/><V42/><N who="2" m="16465" /><V31/><DORA hai="16" /><F64/><N who="0" m="24650" /><D95/><U69/><E69/><V14/><F38/><W117/><G117/><T47/><D110/><U89/><E114/><V32/><F32/><W33/><G113/><T105/><D105/><U37/><E37/><V51/><F6/><W80/><G80/><T97/><D97/><U127/><E127/><V46/><F31/><N who="0" m="11818" /><D49/><U25/><REACH who="1" step="1"/><E44/><REACH who="1" ten="349,294,160,187" step="2"/><V83/><F83/><W60/><G33/><T118/><D118/><U62/><E62/><V100/><F14/><W107/><G60/><T88/><AGARI ba="1,1" hai="8,9,11,45,47,81,84,88" m="11818,24650" machi="88" ten="30,2000,0" yaku="8,1,54,1" doraHai="124,16" who="0" fromWho="0" sc="349,33,294,-6,160,-6,187,-11" owari="382,48.2,288,8.8,154,-34.6,176,-22.4" /></mjloggm>