<mjloggm ver="2.3"><GO type="225" lobby="0"/><UN n0="%E3%83%A9%E3%82%A4%E3%83%B3%E3%81%AE%E8%99%8E" n1="%72%69%6F%75%63%68%61%6E" n2="%E3%82%BC%E3%83%AB%E3%83%80%E3%81%AE%E4%BC%9D%E8%AA%AC" n3="%E5%B8%86%E7%AB%8B%E5%A4%8F%E8%A1%A3" dan="16,16,17,17" rate="2099.10,2218.19,2166.26,2153.94" sx="M,M,M,M"/><TAIKYOKU oya="0"/><INIT seed="0,0,0,2,2,100" ten="250,250,250,250" oya="0" hai0="39,17,37,40,54,134,95,114,80,2,127,81,67" hai1="42,99,25,116,1,48,8,44,109,29,86,14,121" hai2="73,6,43,69,130,107,27,76,75,70,0,51,74" hai3="104,135,58,46,123,62,34,31,63,36,119,32,20"/><T33/><D114/><U115/><E116/><V38/><F51/><W78/><G119/><T79/><D33/><U124/><E109/><V89/><F89/><W112/><G112/><T10/><D127/><U9/><E124/><V92/><F92/><W125/><G125/><T83/><D134/><U7/><E115/><V21/><F130/><W93/><G135/><T15/><D67/><U24/><E121/><V85/><F85/><W11/><G78/><T22/><D54/><U5/><E29/><V68/><F21/><W98/><G11/><T41/><D95/><U105/><REACH who="1" step="1"/><E86/><REACH who="1" ten="250,240,250,250" step="2"/><V64/><F73/><W45/><G123/><T129/><D129/><U55/><E55/><V4/><F75/><W91/><G31/><T120/><D120/><U113/><E113/><V110/><F74/><W111/><G111/><T108/><D108/><U122/><E122/><V87/><F110/><W23/><G34/><T118/><D118/><U66/><E66/><V133/><F87/><W101/><G32/><T132/><D132/><U12/><E12/><V72/><F64/><W84/><G84/><T131/><D131/><U3/><E3/><V106/><F133/><W50/><G91/><T49/><D79/><U26/><E26/><V18/><F76/><W28/><G28/><T117/><D117/><U102/><AGARI ba="0,1" hai="1,5,7,8,9,14,24,25,42,44,48,99,102,105" machi="102" ten="30,4000,0" yaku="1,1,0,1,52,1,53,0" doraHai="100" doraHaiUra="65" who="1" fromWho="1" sc="250,-20,240,50,250,-10,250,-10" /><INIT seed="1,0,0,2,3,36" ten="230,290,240,240" oya="1" hai0="52,67,66,23,94,106,9,35,71,111,16,62,92" hai1="135,48,112,77,54,59,80,118,123,126,95,78,120" hai2="113,7,51,88,30,21,27,84,47,0,127,99,117" hai3="55,98,37,97,128,13,108,73,44,104,75,2,124"/><U1/><E112/><V20/><F117/><W22/><G2/><T93/><D111/><U61/><E118/><V105/><F113/><W100/><G108/><T87/><D106/><U72/><E126/><V14/><F127/><W43/><G124/><T3/><D35/><U116/><E135/><V18/><F0/><W19/><G128/><T76/><D67/><U11/><E116/><V40/><F7/><W58/><REACH who="3" step="1"/><G97/><REACH who="3" ten="230,290,240,230" step="2"/><T121/><D121/><U34/><E1/><V63/><F63/><AGARI ba="0,1" hai="13,19,22,37,43,44,55,58,63,73,75,98,100,104" machi="63" ten="30,7700,0" yaku="1,1,2,1,7,1,52,1,53,0" doraHai="36" doraHaiUra="79" who="3" fromWho="2" sc="230,0,290,0,240,-77,230,87" /><INIT seed="2,0,0,3,2,108" ten="230,290,163,317" oya="2" hai0="1,46,36,107,86,57,122,118,8,113,59,56,126" hai1="84,49,18,37,44,96,124,47,28,119,42,105,103" hai2="99,77,87,14,66,24,83,102,4,61,41,55,39" hai3="45,19,74,80,127,67,3,11,121,78,32,34,110"/><V97/><F39/><W50/><G121/><T132/><D107/><U6/><E124/><V91/><F41/><W115/><G127/><T85/><D122/><U76/><E119/><V112/><F112/><W104/><G104/><T29/><D126/><U15/><E28/><V75/><F55/><W52/><G110/><T10/><D132/><U13/><E6/><V114/><F114/><W33/><G115/><T7/><D113/><U134/><E134/><V20/><F14/><W125/><G125/><T70/><D70/><U22/><E76/><V25/><F4/><W128/><G128/><T53/><D118/><U27/><E84/><V26/><F20/><W135/><G135/><T62/><D29/><U89/><E89/><V79/><F75/><W64/><G3/><T69/><D8/><U131/><E131/><V58/><REACH who="2" step="1"/><F97/><REACH who="2" ten="230,290,153,317" step="2"/><W133/><G133/><T31/><D36/><U106/><E105/><AGARI ba="0,1" hai="24,25,26,58,61,66,77,79,83,87,91,99,102,105" machi="105" ten="40,3900,0" yaku="1,1,2,1,53,0" doraHai="108" doraHaiUra="16" who="2" fromWho="1" sc="230,0,290,-39,153,49,317,0" /><INIT seed="2,1,0,5,2,57" ten="230,251,202,317" oya="2" hai0="93,59,4,31,54,48,99,110,35,44,49,19,97" hai1="75,104,20,25,29,64,61,82,63,51,84,106,108" hai2="46,105,38,113,73,5,18,11,55,95,37,130,87" hai3="111,33,102,2,17,58,13,66,100,121,7,81,15"/><V128/><F105/><W119/><G33/><T131/><D110/><U89/><E108/><V40/><F73/><W79/><G119/><T94/><D131/><N who="2" m="50218" /><F113/><W71/><G121/><T118/><D118/><U3/><E3/><N who="2" m="447" /><F18/><W126/><G71/><T43/><D4/><U134/><E134/><V101/><F55/><W34/><G126/><T103/><D19/><U80/><E51/><N who="2" m="27079" /><F87/><W16/><G17/><T109/><D109/><U115/><E115/><V92/><F101/><W72/><G100/><N who="0" m="60463" /><D35/><U124/><E124/><V62/><F62/><W41/><G34/><T114/><D114/><U52/><E52/><V26/><F26/><W42/><G102/><T32/><D32/><U67/><E64/><V27/><F27/><W24/><G24/><T86/><D86/><U23/><E23/><V8/><F8/><W88/><G111/><T60/><D31/><U78/><REACH who="1" step="1"/><E61/><AGARI ba="1,0" hai="43,44,48,49,54,59,60,61,94,99,103" m="60463" machi="61" ten="30,3900,0" yaku="8,1,52,2" doraHai="57" who="0" fromWho="1" sc="230,42,251,-42,202,0,317,0" /><INIT seed="3,0,0,1,3,113" ten="272,209,202,317" oya="3" hai0="62,79,117,92,129,132,73,135,11,124,14,81,72" hai1="45,110,7,41,18,102,60,123,78,128,51,115,34" hai2="86,68,9,118,16,44,98,25,24,13,10,63,21" hai3="122,89,28,106,116,101,120,114,119,59,2,40,47"/><W127/><G2/><T91/><D62/><U27/><E123/><V39/><F118/><W83/><G114/><T71/><D71/><U55/><E115/><V4/><F98/><W131/><G28/><T105/><D105/><U26/><E110/><V46/><F39/><W134/><G127/><T30/><D30/><U52/><E128/><V8/><F68/><W38/><G131/><T96/><D129/><U12/><E78/><V69/><F4/><W53/><G134/><N who="0" m="51243" /><D124/><U84/><E102/><V80/><F69/><W130/><G130/><T70/><D70/><U15/><E84/><V126/><F63/><W93/><G106/><T104/><D104/><U82/><E82/><V32/><F126/><W5/><G5/><N who="0" m="3439" /><D117/><U1/><E34/><V77/><F32/><W103/><G122/><T107/><D107/><U42/><E1/><V56/><F56/><W17/><G120/><T65/><D65/><U49/><E60/><V22/><F13/><N who="1" m="5193" /><E7/><V35/><F35/><W76/><G17/><AGARI ba="0,0" hai="8,9,10,16,17,21,22,24,25,44,46,77,80,86" machi="17" ten="40,5200,0" yaku="9,1,8,1,54,1" doraHai="113" who="2" fromWho="3" sc="272,0,209,0,202,52,317,-52" /><INIT seed="4,0,0,3,0,28" ten="272,209,254,265" oya="0" hai0="84,109,10,89,98,123,97,86,96,17,70,18,94" hai1="3,125,83,108,38,111,9,81,100,20,66,16,5" hai2="62,131,55,46,75,90,102,116,118,61,37,72,1" hai3="121,135,126,119,69,8,76,106,77,21,130,79,71"/><T53/><D123/><U48/><E125/><V23/><F1/><W112/><G106/><T68/><D109/><U14/><E38/><V129/><F102/><W56/><G112/><T52/><D10/><U40/><E66/><V35/><F23/><W74/><G74/><T128/><D128/><N who="2" m="49226" /><F90/><W29/><G135/><T63/><D86/><U99/><E111/><V60/><F72/><W30/><G126/><T49/><D53/><U43/><E108/><V113/><F75/><W58/><G119/><N who="2" m="45609" /><F35/><W87/><G130/><T91/><D91/><U101/><E101/><V44/><F113/><W54/><G121/><T67/><REACH who="0" step="1"/><D70/><REACH who="0" ten="262,209,254,265" step="2"/><U104/><REACH who="1" step="1"/><E40/><REACH who="1" ten="262,199,254,265" step="2"/><N who="2" m="22543" /><F46/><AGARI ba="0,2" hai="17,18,46,49,52,63,67,68,84,89,94,96,97,98" machi="46" ten="40,12000,1" yaku="1,1,54,1,53,2" doraHai="28" doraHaiUra="15" who="0" fromWho="2" sc="262,140,199,0,254,-120,265,0" /><AGARI ba="0,0" hai="3,5,9,14,16,20,43,46,48,81,83,99,100,104" machi="46" ten="40,5200,0" yaku="1,1,54,1,53,1" doraHai="28" doraHaiUra="15" who="1" fromWho="2" sc="402,0,199,52,134,-52,265,0" owari="402,50.2,251,-14.9,82,-41.8,265,6.5" /></mjloggm>