<mjloggm ver="2.3"><GO type="225" lobby="0"/><UN n0="%6D%75%75%6D%75%72%61" n1="%72%69%6F%75%63%68%61%6E" n2="%E3%81%9F%E3%81%A3%E3%81%A1%E3%82%87" n3="%73%61%6B%6F%EF%BC%A0%E6%9C%80" dan="17,17,16,16" rate="2188.43,2224.65,2116.71,2179.79" sx="F,M,M,M"/><TAIKYOKU oya="0"/><INIT seed="0,0,0,4,5,32" ten="250,250,250,250" oya="0" hai0="127,65,71,30,85,44,35,46,107,130,98,39,13" hai1="124,129,104,38,91,29,12,2,61,103,132,83,51" hai2="100,37,96,112,14,95,113,60,133,75,25,115,76" hai3="126,7,128,62,8,114,36,40,23,5,87,69,120"/><T131/><D127/><U16/><E38/><V50/><F37/><W47/><G114/><T19/><D85/><U119/><E119/><V18/><F133/><W79/><G126/><T10/><D71/><U117/><E117/><V3/><F3/><W31/><G128/><N who="0" m="49195" /><D65/><U59/><E129/><V34/><F60/><W42/><G120/><T28/><D39/><U0/><E124/><V17/><F50/><W109/><G42/><T93/><D107/><U68/><E132/><V86/><F75/><W49/><G109/><T82/><D82/><U22/><E68/><V9/><F86/><W78/><G36/><T15/><D15/><U116/><E116/><V48/><F76/><W72/><G72/><T135/><D135/><U57/><E51/><V43/><F48/><W99/><G87/><T41/><D35/><U11/><E57/><V20/><REACH who="2" step="1"/><F34/><REACH who="2" ten="250,250,240,250" step="2"/><W58/><G62/><T24/><D41/><AGARI ba="0,1" hai="9,14,17,18,20,25,41,43,95,96,100,112,113,115" machi="41" ten="40,2600,0" yaku="1,1,2,1,53,0" doraHai="32" doraHaiUra="125" who="2" fromWho="0" sc="250,-26,250,0,240,36,250,0" /><INIT seed="1,0,0,3,0,46" ten="224,250,276,250" oya="1" hai0="44,27,61,118,67,119,23,16,120,50,113,24,51" hai1="85,8,128,99,117,3,22,93,64,55,97,4,58" hai2="98,28,57,47,88,78,49,7,129,68,19,30,86" hai3="14,17,79,132,13,95,80,134,1,123,108,33,65"/><U96/><E117/><V91/><F129/><W135/><G1/><T59/><D113/><U34/><E128/><V42/><F68/><W74/><G123/><T106/><D120/><U62/><E34/><V133/><F133/><W10/><G108/><T121/><D121/><U103/><E22/><V87/><F7/><W130/><G130/><T38/><D106/><U70/><REACH who="1" step="1"/><E85/><REACH who="1" ten="224,240,276,250" step="2"/><V32/><F86/><W81/><G33/><T110/><D110/><U11/><E11/><V2/><F32/><W15/><G134/><T104/><D104/><U73/><E73/><V94/><F28/><W39/><G135/><T76/><D76/><U115/><E115/><V109/><F30/><W36/><G132/><T31/><D118/><U9/><E9/><V53/><F78/><W60/><G79/><T124/><D119/><U29/><E29/><V6/><F109/><W66/><G74/><T125/><D38/><U71/><E71/><V131/><F131/><W126/><G10/><T45/><D31/><U122/><E122/><V72/><F72/><W92/><G36/><T21/><D21/><U48/><AGARI ba="0,1" hai="3,4,8,48,55,58,62,64,70,93,96,97,99,103" machi="48" ten="20,7800,0" yaku="1,1,0,1,7,1,52,1,53,0" doraHai="46" doraHaiUra="114" who="1" fromWho="1" sc="224,-26,240,88,276,-26,250,-26" /><INIT seed="1,1,0,3,3,60" ten="198,328,250,224" oya="1" hai0="118,104,89,71,2,34,86,49,9,58,120,43,1" hai1="16,132,4,21,70,47,28,85,33,81,62,44,50" hai2="38,69,11,52,106,5,123,24,20,23,119,76,131" hai3="14,41,80,8,116,15,90,105,61,63,64,30,26"/><U98/><E132/><V67/><F119/><W31/><G105/><T125/><D118/><U39/><E4/><V3/><F123/><W77/><G116/><T51/><D71/><U66/><E39/><V112/><F106/><W111/><G41/><T78/><D34/><U108/><E108/><V113/><F38/><W99/><G111/><T7/><D120/><U129/><E129/><V87/><F87/><W42/><G42/><T130/><D125/><U17/><E98/><V12/><F76/><W25/><G77/><T122/><D122/><U45/><E33/><V65/><F69/><W72/><G72/><T133/><D104/><U74/><E74/><V126/><F126/><W92/><G80/><T91/><D130/><U124/><E124/><V29/><F131/><W101/><G90/><T110/><D133/><U53/><E28/><N who="3" m="10794" /><G63/><T82/><D110/><U48/><E21/><V68/><F68/><W32/><G32/><T37/><D1/><U54/><E44/><V115/><REACH who="2" step="1"/><F52/><REACH who="2" ten="198,328,240,224" step="2"/><W0/><G99/><T100/><D37/><U95/><E95/><V55/><F55/><W96/><G96/><T121/><D121/><U94/><E94/><V83/><F83/><W73/><G92/><T22/><D78/><AGARI ba="1,1" hai="16,17,45,47,48,50,53,54,62,66,70,78,81,85" machi="78" ten="30,11600,0" yaku="7,1,9,1,52,1,54,1" doraHai="60" who="1" fromWho="0" sc="198,-119,328,129,240,0,224,0" /><INIT seed="1,2,0,1,4,31" ten="79,457,240,224" oya="1" hai0="50,58,69,66,57,41,113,107,105,76,62,52,29" hai1="42,125,135,112,28,129,85,94,35,67,78,49,43" hai2="47,102,123,4,108,46,91,109,26,98,82,34,92" hai3="116,30,61,89,80,27,74,119,114,37,84,88,3"/><U16/><E112/><V59/><F123/><W63/><G37/><T87/><D113/><U40/><E125/><V70/><F70/><W81/><G3/><T9/><D41/><U130/><E135/><V86/><F4/><W117/><G114/><T127/><D127/><U72/><E67/><V75/><F75/><W11/><G11/><T64/><D9/><U126/><E126/><V83/><F83/><W103/><G103/><T10/><D10/><U128/><E72/><V5/><F59/><W21/><G89/><T39/><D39/><U33/><E28/><N who="2" m="19735" /><F5/><W38/><G38/><T101/><D29/><U124/><E124/><V79/><F79/><AGARI ba="2,0" hai="21,27,30,61,63,74,79,80,81,84,88,116,117,119" machi="79" ten="40,2600,0" yaku="12,1,54,1" doraHai="31" who="3" fromWho="2" sc="79,0,457,0,240,-32,224,32" /><INIT seed="2,0,0,4,3,45" ten="79,457,208,256" oya="2" hai0="69,32,30,81,73,71,108,88,1,18,125,115,14" hai1="94,29,9,20,6,134,22,116,58,86,40,41,11" hai2="77,82,68,123,75,28,0,63,103,127,37,60,93" hai3="83,39,61,87,111,27,114,100,24,72,12,78,19"/><V112/><F123/><W2/><G39/><T84/><D115/><U51/><E116/><V107/><F112/><W54/><G2/><T47/><D108/><U135/><E29/><V76/><F0/><W66/><G111/><T97/><D125/><U21/><E86/><V44/><F127/><W16/><G114/><T104/><D1/><U85/><E85/><V53/><F77/><W25/><G72/><T74/><D32/><U113/><E113/><V90/><F28/><W13/><G100/><T70/><D70/><U4/><BYE who="0" /><E94/><V109/><F109/><W117/><G117/><T31/><D31/><U102/><E102/><UN n0="%6D%75%75%6D%75%72%61" /><V17/><F17/><N who="3" m="6731" /><G66/><T55/><D30/><U42/><E51/><N who="2" m="28903" /><F68/><W64/><G64/><T8/><D69/><U118/><E58/><AGARI ba="0,0" hai="12,13,24,25,27,54,58,61,78,83,87" m="6731" machi="58" ten="30,2000,0" yaku="8,1,54,1" doraHai="45" who="3" fromWho="1" sc="79,0,457,-20,208,0,256,20" /><INIT seed="3,0,0,0,4,9" ten="79,437,208,276" oya="3" hai0="134,72,30,129,112,48,18,92,56,36,128,33,98" hai1="2,132,114,94,15,39,24,109,8,102,105,34,101" hai2="80,41,82,83,57,10,13,32,14,6,23,115,43" hai3="58,116,91,77,16,108,60,49,68,50,90,53,20"/><W54/><G108/><T99/><D36/><U74/><E114/><V29/><F115/><W122/><G122/><T37/><D112/><U104/><E109/><V12/><F32/><W31/><G116/><T35/><D37/><U55/><E39/><V26/><REACH who="2" step="1"/><F57/><REACH who="2" ten="79,437,198,276" step="2"/><N who="3" m="32943" /><G68/><T61/><D56/><U71/><E55/><V65/><F65/><W62/><G77/><T28/><D61/><N who="3" m="23657" /><G31/><T117/><D134/><U22/><E94/><V81/><F81/><W47/><G47/><T79/><D92/><U124/><E102/><V21/><F21/><W40/><G40/><AGARI ba="0,1" hai="6,10,12,13,14,23,26,29,40,41,43,80,82,83" machi="40" ten="40,8000,1" yaku="1,1,8,1,52,3,53,0" doraHai="9" doraHaiUra="121" who="2" fromWho="3" sc="79,0,437,0,198,90,276,-80" owari="79,-42.1,437,53.7,288,8.8,196,-20.4" /></mjloggm>