<mjloggm ver="2.3"><GO type="225" lobby="0"/><UN n0="%E5%B0%8F%E5%AE%AE%E3%81%9F%E3%81%9A%E3%81%8D" n1="%E8%A8%88%E7%AE%97%E6%A9%9F%E8%87%AA%E7%84%B6" n2="%E3%83%A9%E3%82%A4%E3%83%B3%E3%81%AE%E8%99%8E" n3="%77%72%77%72%77%72%77%72" dan="16,17,16,17" rate="2154.91,2169.73,2130.68,2182.55" sx="F,M,M,M"/><TAIKYOKU oya="0"/><INIT seed="0,0,0,3,1,66" ten="250,250,250,250" oya="0" hai0="121,12,45,82,85,73,51,122,112,76,65,42,43" hai1="115,64,38,69,132,131,98,50,117,21,109,5,114" hai2="134,97,6,15,95,126,81,133,35,96,41,113,70" hai3="56,54,105,48,102,110,89,100,93,25,44,2,30"/><T31/><D112/><N who="1" m="43051" /><E117/><V29/><F113/><W52/><G110/><T28/><D43/><U59/><E38/><V23/><F41/><W37/><G2/><T135/><D135/><N who="2" m="51722" /><F126/><W78/><G78/><T9/><D73/><U67/><E132/><V101/><F81/><W61/><G105/><T53/><D53/><N who="1" m="32183" /><E131/><V0/><F35/><W118/><G118/><T119/><D119/><U13/><E109/><V4/><F0/><W86/><REACH who="3" step="1"/><G37/><REACH who="3" ten="250,250,250,240" step="2"/><T49/><D76/><U27/><E69/><V36/><F36/><W116/><G116/><T77/><D122/><U20/><E98/><V128/><F70/><W129/><G129/><T79/><D121/><U39/><E39/><V84/><F128/><W71/><G71/><T125/><D77/><U8/><E20/><AGARI ba="0,1" hai="20,25,30,44,48,52,54,56,61,86,89,93,100,102" machi="20" ten="30,7700,0" yaku="1,1,7,1,8,1,54,1,53,0" doraHai="66" doraHaiUra="72" who="3" fromWho="1" sc="250,0,250,-77,250,0,240,87" /><INIT seed="1,0,0,5,3,15" ten="250,173,250,327" oya="1" hai0="16,68,63,38,60,50,2,55,28,37,133,117,57" hai1="33,120,49,3,96,108,94,1,21,107,17,127,92" hai2="30,32,6,45,121,86,82,73,78,76,61,109,84" hai3="134,88,56,100,40,46,75,89,95,87,44,39,106"/><U80/><E120/><V12/><F109/><W47/><G75/><T132/><D2/><U34/><E107/><V27/><F121/><W69/><G69/><T59/><D28/><U93/><E127/><V110/><F110/><W8/><G134/><N who="0" m="51819" /><D117/><U118/><E108/><V128/><F128/><W48/><G8/><T67/><D16/><U5/><E118/><V9/><F76/><W20/><G20/><T43/><D43/><U101/><E80/><V0/><F61/><W135/><G135/><T90/><D90/><U4/><E1/><V124/><F124/><W123/><G123/><T41/><D41/><U25/><E3/><V42/><REACH who="2" step="1"/><F12/><REACH who="2" ten="250,173,240,327" step="2"/><W51/><G39/><AGARI ba="0,1" hai="0,6,9,27,30,32,39,42,45,73,78,82,84,86" machi="39" ten="30,12000,2" yaku="1,1,2,1,7,1,25,2,53,1" doraHai="15" doraHaiUra="105" who="2" fromWho="3" sc="250,0,173,0,240,130,327,-120" /><INIT seed="2,0,0,5,4,117" ten="250,173,370,207" oya="2" hai0="65,41,80,76,34,52,115,91,45,69,79,121,29" hai1="39,132,10,23,5,100,38,30,104,101,126,130,2" hai2="108,57,53,89,25,98,3,92,32,17,31,43,56" hai3="119,116,133,8,50,33,86,109,113,49,59,40,111"/><V107/><F107/><W96/><G33/><T46/><D115/><U135/><E130/><V19/><F3/><W129/><G129/><T26/><D121/><U83/><E126/><V74/><F74/><W103/><G113/><T54/><D91/><U118/><E118/><V15/><F108/><N who="3" m="41547" /><G133/><N who="1" m="51274" /><E83/><V6/><F43/><W7/><G86/><T120/><D120/><U93/><E104/><V123/><F123/><W97/><G50/><T58/><D79/><U27/><E93/><V106/><F106/><N who="3" m="63847" /><G97/><T66/><D69/><U4/><E4/><V16/><REACH who="2" step="1"/><F53/><REACH who="2" ten="250,173,360,207" step="2"/><N who="3" m="32175" /><G40/><T37/><D54/><U36/><AGARI ba="0,1" hai="2,5,10,23,27,30,36,38,39,100,101" m="51274" machi="36" ten="40,1500,0" yaku="20,1" doraHai="117" who="1" fromWho="1" sc="250,-4,173,25,360,-7,207,-4" /><INIT seed="3,0,0,5,3,14" ten="246,198,353,203" oya="3" hai0="6,120,38,69,86,96,48,22,133,107,118,75,74" hai1="3,131,42,121,114,92,100,127,7,125,80,56,9" hai2="60,19,36,126,12,33,47,55,27,115,87,63,66" hai3="23,43,21,44,79,102,15,91,73,11,28,52,110"/><W109/><G102/><T95/><D38/><U34/><E121/><V68/><F115/><W82/><G91/><T20/><D69/><U116/><E114/><V135/><F135/><W97/><G97/><T81/><D120/><U41/><E34/><V104/><F126/><N who="1" m="48137" /><E131/><V65/><F104/><W129/><G129/><T89/><D118/><U103/><E116/><V53/><F87/><W29/><G29/><T4/><D133/><U46/><E56/><V1/><F1/><W72/><G72/><T16/><D107/><U83/><E42/><V5/><F5/><W24/><G52/><T37/><D37/><N who="1" m="21807" /><E103/><V40/><F27/><W2/><G2/><T98/><D75/><U119/><E119/><V61/><F33/><W124/><G124/><T76/><D22/><U32/><E32/><V58/><F63/><W132/><G132/><T105/><D48/><U85/><E85/><V122/><F122/><W101/><G101/><N who="0" m="62631" /><D98/><AGARI ba="0,0" hai="3,7,9,80,83,92,98,100" m="21807,48137" machi="98" ten="30,1000,0" yaku="18,1" doraHai="14" who="1" fromWho="0" sc="246,-10,198,10,353,0,203,0" owari="236,3.6,208,-19.2,353,45.3,203,-29.7" /></mjloggm>