<mjloggm ver="2.3"><GO type="225" lobby="0"/><UN n0="%E3%81%AF%E3%82%88%E3%81%8A%E3%81%98%E3%81%95%E3%82%93" n1="%E7%AC%B9%E9%A4%85" n2="%68%6F%72%69%30%39%30%31" n3="%28%EF%BF%A3%E2%96%BD%EF%BF%A3%29%CE%B4%E2%8C%92%E3%83%BB" dan="17,17,16,16" rate="2181.69,2218.91,2101.27,2133.29" sx="M,M,M,M"/><TAIKYOKU oya="0"/><INIT seed="0,0,0,5,1,60" ten="250,250,250,250" oya="0" hai0="46,131,74,122,116,39,65,121,103,53,21,40,4" hai1="67,73,107,108,54,34,62,105,93,109,76,91,113" hai2="81,88,52,83,11,124,18,99,64,6,100,77,16" hai3="90,23,79,101,28,10,26,14,84,44,27,63,25"/><T30/><D74/><U32/><E113/><V8/><F124/><W41/><G101/><T130/><D103/><U38/><E54/><V95/><F100/><W57/><G79/><T61/><D4/><U50/><E50/><V111/><F111/><N who="1" m="42569" /><E38/><V102/><F102/><W126/><G126/><T71/><D21/><U43/><E43/><V117/><F117/><W66/><G44/><T120/><D30/><U82/><E91/><V134/><F134/><W125/><G41/><T94/><D94/><U123/><E93/><V97/><F97/><W98/><G98/><T3/><D3/><U69/><E123/><V132/><F8/><W110/><G110/><T17/><D17/><U15/><E15/><N who="2" m="5623" /><F132/><W104/><G104/><AGARI ba="0,0" hai="32,34,62,67,69,73,76,82,104,105,107" m="42569" machi="104" ten="30,3900,0" yaku="14,1,23,1,52,1" doraHai="60" who="1" fromWho="3" sc="250,0,250,39,250,0,250,-39" /><INIT seed="1,0,0,0,0,26" ten="250,289,250,211" oya="1" hai0="7,110,69,79,83,37,101,36,127,33,15,74,112" hai1="75,121,34,54,122,63,129,70,107,23,28,84,108" hai2="3,132,51,14,6,29,58,99,103,91,105,97,118" hai3="100,57,78,55,27,72,113,48,126,133,81,87,117"/><U77/><E84/><V56/><F118/><W18/><G117/><T115/><D69/><U12/><E129/><V13/><F132/><W95/><G113/><T35/><D101/><U45/><E107/><V24/><F3/><W2/><G2/><T20/><D110/><U71/><E34/><V125/><F125/><W111/><G111/><T130/><D127/><U92/><E92/><V62/><F51/><W80/><G133/><T49/><D130/><U19/><E108/><V50/><F50/><W16/><G126/><T31/><D49/><U114/><E114/><V61/><F91/><W60/><G100/><T82/><D83/><U5/><E5/><V10/><F14/><W96/><G96/><T65/><D65/><U106/><E106/><V89/><F89/><W25/><G95/><T4/><D115/><U85/><E75/><V104/><F105/><W76/><G27/><N who="0" m="16871" /><D112/><U66/><E71/><V102/><F102/><W67/><REACH who="3" step="1"/><G25/><REACH who="3" ten="250,289,250,201" step="2"/><T116/><D116/><U52/><E121/><V38/><F103/><W123/><G123/><T98/><D98/><U90/><E122/><V41/><F104/><W32/><G32/><T94/><D94/><U46/><E12/><V86/><F99/><W1/><G1/><T22/><D33/><U17/><E85/><V40/><F86/><W119/><G119/><T109/><D35/><U128/><E128/><V0/><F97/><W21/><G21/><T135/><D109/><U30/><E23/><V93/><F0/><W134/><G134/><T88/><D135/><U73/><E73/><V11/><F10/><W9/><G9/><RYUUKYOKU ba="0,1" sc="250,-10,289,-10,250,-10,201,30" hai3="16,18,48,55,57,60,67,72,76,78,80,81,87" /><INIT seed="2,1,1,2,0,115" ten="240,279,240,231" oya="2" hai0="71,128,106,76,119,134,5,133,47,55,18,124,85" hai1="120,17,113,135,117,97,82,65,72,68,23,90,40" hai2="41,29,25,50,3,104,51,98,12,39,10,118,77" hai3="132,108,35,80,129,103,16,36,56,74,45,78,126"/><V81/><F3/><W63/><G35/><T127/><D106/><U30/><E113/><V86/><F104/><W11/><G103/><T58/><D71/><U109/><E30/><V96/><F39/><W22/><G126/><N who="0" m="48171" /><D5/><U9/><E9/><V75/><F75/><W59/><G132/><N who="0" m="50795" /><D18/><U33/><E33/><V105/><F118/><W87/><G108/><T62/><D47/><U100/><E117/><V107/><F105/><W114/><G114/><T19/><D19/><U28/><E17/><V24/><F107/><W2/><G63/><T54/><D119/><U38/><E68/><V49/><F41/><N who="3" m="22695" /><G87/><T1/><D1/><U46/><E40/><V83/><F81/><W121/><G121/><T8/><D8/><U43/><E82/><V21/><REACH who="2" step="1"/><F25/><REACH who="2" ten="240,279,230,231" step="2"/><N who="3" m="14535" /><G129/><T131/><D128/><U116/><E135/><V31/><F31/><W13/><G13/><T6/><D131/><U42/><E28/><V48/><N who="2" m="12288" /><DORA hai="53" /><V122/><F122/><W61/><G61/><T73/><D73/><U101/><E72/><V57/><F57/><W84/><G84/><T95/><D58/><U14/><E120/><V79/><F79/><W69/><G69/><T130/><D62/><U102/><E116/><V125/><F125/><W34/><G34/><T7/><D130/><U91/><E38/><V26/><F26/><W66/><G66/><T94/><D76/><U67/><E67/><V32/><F32/><W123/><G123/><T0/><D0/><U52/><E65/><V111/><F111/><W112/><G112/><T20/><D85/><U64/><E64/><V89/><F89/><RYUUKYOKU ba="1,2" sc="240,-15,279,-15,230,15,231,15" hai2="10,12,21,24,29,77,83,86,96,98" hai3="2,11,56,59,74,78,80" /><INIT seed="2,2,2,0,1,25" ten="225,264,245,246" oya="2" hai0="3,83,74,120,124,107,77,116,126,67,17,114,59" hai1="123,94,10,76,19,78,20,79,91,64,89,9,62" hai2="28,47,87,48,101,135,102,125,105,70,14,134,80" hai3="24,85,72,23,95,129,2,115,63,38,108,66,104"/><V84/><F70/><W51/><G38/><T106/><D114/><U43/><E43/><V40/><F125/><N who="0" m="48234" /><D120/><U119/><E119/><V16/><F87/><W15/><G2/><T35/><D116/><U98/><E123/><V4/><F4/><W97/><G72/><T49/><D3/><U133/><E133/><N who="2" m="50699" /><F28/><W132/><G132/><T111/><D111/><U18/><E91/><N who="2" m="51591" /><F105/><W27/><G104/><T71/><D35/><U88/><E89/><V13/><F13/><W0/><G0/><T109/><D109/><U26/><REACH who="1" step="1"/><E19/><REACH who="1" ten="225,254,245,246" step="2"/><V8/><AGARI ba="2,3" hai="8,14,16,40,47,48,101,102" m="51591,50699" machi="8" ten="30,3000,0" yaku="20,1,54,1" doraHai="25" who="2" fromWho="2" sc="225,-12,254,-12,245,66,246,-12" /><INIT seed="2,3,0,5,0,0" ten="213,242,311,234" oya="2" hai0="1,135,97,81,69,68,32,26,50,39,80,16,30" hai1="47,59,11,72,83,109,99,14,55,129,43,64,70" hai2="118,13,106,57,117,79,34,7,98,85,53,87,6" hai3="29,95,46,71,113,77,131,60,36,49,110,42,52"/><V17/><F34/><W74/><G131/><T2/><D39/><U3/><E129/><V44/><F106/><W114/><G29/><T37/><D37/><U24/><E109/><V130/><F130/><W108/><G95/><T111/><D111/><N who="3" m="42537" /><G77/><T38/><D38/><N who="1" m="22007" /><E24/><V124/><F124/><W73/><G73/><T25/><D135/><U93/><E14/><V119/><F98/><W86/><G86/><T10/><D50/><N who="1" m="31223" /><E83/><V48/><F57/><N who="3" m="32911" /><G74/><T103/><D1/><U76/><E76/><V35/><F35/><W62/><G71/><T54/><D54/><U112/><E72/><V12/><F12/><W61/><AGARI ba="3,0" hai="36,42,46,60,61,62,113,114" m="32911,42537" machi="61" ten="40,8000,1" yaku="14,1,34,2,54,1" doraHai="0" who="3" fromWho="3" sc="213,-23,242,-23,311,-43,234,89" /><INIT seed="3,0,0,4,3,100" ten="190,219,268,323" oya="3" hai0="32,74,121,48,25,5,35,22,117,63,93,134,91" hai1="16,42,54,20,132,40,104,24,78,21,135,112,96" hai2="19,109,73,13,10,17,127,52,125,0,60,4,44" hai3="95,64,51,130,30,50,2,124,14,55,86,133,76"/><W88/><G2/><T58/><D117/><U119/><E112/><V79/><F109/><W94/><G124/><N who="2" m="47689" /><F73/><W57/><G133/><N who="1" m="51274" /><E119/><V23/><F79/><W82/><G130/><T83/><D134/><U113/><E113/><V15/><F60/><W11/><G30/><T27/><D121/><U131/><E131/><V65/><F65/><W46/><G76/><T53/><D5/><U61/><E78/><V108/><F108/><W39/><G39/><T26/><D83/><U111/><E111/><V43/><F52/><N who="3" m="31895" /><G64/><T62/><D74/><U98/><E54/><V90/><F90/><W66/><G66/><T31/><D32/><U69/><E69/><V67/><F67/><W29/><G29/><T56/><D35/><U89/><E61/><V38/><F19/><AGARI ba="0,0" hai="11,14,19,46,51,55,82,86,88,94,95" m="31895" machi="19" ten="30,11600,0" yaku="25,1,8,1,54,2" doraHai="100" who="3" fromWho="2" sc="190,0,219,0,268,-116,323,116" owari="190,-21.0,219,1.9,152,-34.8,439,53.9" /></mjloggm>