<mjloggm ver="2.3"><GO type="225" lobby="0"/><UN n0="%72%69%6F%75%63%68%61%6E" n1="%E3%83%AD%E3%83%83%E3%83%86%E9%9B%80%E7%90%83" n2="%73%61%6B%6F%EF%BC%A0%E6%9C%80" n3="%E9%89%A2%E5%B7%BB%E3%82%AC%E3%83%96" dan="17,17,17,16" rate="2219.70,2243.78,2242.30,2104.75" sx="M,M,M,M"/><TAIKYOKU oya="0"/><INIT seed="0,0,0,3,3,112" ten="250,250,250,250" oya="0" hai0="82,92,60,57,28,48,73,119,45,121,70,50,95" hai1="40,43,52,116,105,83,106,77,89,81,3,55,115" hai2="11,32,87,68,58,24,37,26,133,99,134,130,62" hai3="132,84,10,111,108,118,78,101,71,41,63,4,69"/><T74/><D119/><U65/><E3/><V109/><F68/><W13/><G132/><N who="2" m="50793" /><F37/><W90/><G78/><T14/><D121/><U16/><E116/><V56/><F109/><N who="3" m="42059" /><G118/><T100/><D28/><U117/><E117/><V61/><F130/><W93/><G41/><T1/><D1/><U120/><E120/><V39/><F39/><W104/><G63/><N who="2" m="24073" /><F11/><W38/><G38/><T75/><D82/><U86/><E115/><V128/><F128/><W29/><G29/><T124/><D124/><U31/><E31/><V67/><F67/><W49/><G49/><T103/><D70/><U125/><E65/><V72/><F72/><W51/><G51/><T135/><D135/><U131/><E125/><V21/><F32/><W20/><G20/><T17/><D50/><U113/><E113/><V96/><F87/><W122/><G122/><T22/><D103/><U6/><E6/><V42/><F21/><W97/><AGARI ba="0,0" hai="4,10,13,69,71,84,90,93,97,101,104" m="42059" machi="97" ten="30,1100,0" yaku="14,1" doraHai="112" who="3" fromWho="3" sc="250,-5,250,-3,250,-3,250,11" /><INIT seed="1,0,0,0,4,120" ten="245,247,247,261" oya="1" hai0="19,85,40,56,14,126,117,114,22,82,92,5,94" hai1="115,50,128,64,38,113,79,18,9,83,102,93,49" hai2="84,67,62,37,32,20,89,7,30,24,111,105,59" hai3="41,88,55,47,12,72,135,90,28,131,33,2,110"/><U61/><E38/><V77/><F105/><W98/><G2/><T106/><D126/><U16/><E128/><V4/><F37/><W104/><G72/><T121/><D114/><U87/><E115/><V66/><F77/><W96/><G131/><T52/><D117/><U78/><E113/><V109/><F66/><W6/><G55/><T76/><D106/><U132/><E132/><V129/><F32/><W54/><G54/><T57/><D121/><U43/><E79/><V68/><F68/><W107/><G28/><T112/><D112/><U11/><E11/><V34/><F34/><W91/><G33/><T51/><D40/><U71/><E9/><V1/><F129/><W45/><G91/><T60/><REACH who="0" step="1"/><D5/><REACH who="0" ten="235,247,247,261" step="2"/><U44/><REACH who="1" step="1"/><E50/><REACH who="1" ten="235,237,247,261" step="2"/><V127/><F127/><W134/><G6/><T108/><D108/><N who="2" m="41546" /><F1/><W26/><G110/><T65/><AGARI ba="0,2" hai="14,19,22,51,52,56,57,60,65,76,82,85,92,94" machi="65" ten="20,12000,2" yaku="1,1,0,1,7,1,8,1,54,1,53,1" doraHai="120" doraHaiUra="75" who="0" fromWho="0" sc="235,140,237,-60,247,-30,261,-30" /><INIT seed="2,0,0,0,1,96" ten="375,177,217,231" oya="2" hai0="99,73,132,63,84,93,51,101,15,58,7,87,134" hai1="113,94,86,13,49,117,119,8,36,77,34,33,78" hai2="91,19,3,4,118,69,39,105,5,110,20,60,128" hai3="129,9,130,72,30,31,97,65,28,48,120,42,122"/><V1/><F105/><W131/><G72/><T17/><D73/><U125/><E36/><V90/><F39/><W27/><G65/><N who="0" m="39159" /><D7/><U50/><E113/><V45/><F118/><W70/><G70/><T75/><D75/><U14/><E86/><V71/><F110/><W52/><G42/><T115/><D115/><U68/><E94/><V0/><F128/><W46/><G9/><N who="0" m="6383" /><D51/><U88/><E8/><V82/><F60/><W59/><G59/><T67/><D67/><U104/><E104/><V76/><F45/><W38/><G38/><T62/><D62/><U54/><E54/><V29/><F69/><W16/><G97/><T53/><D53/><U79/><E79/><V61/><F61/><W55/><G55/><T116/><D116/><U2/><E68/><V32/><F71/><W121/><REACH who="3" step="1"/><G16/><REACH who="3" ten="375,177,217,221" step="2"/><T26/><D26/><AGARI ba="0,1" hai="26,27,28,30,31,46,48,52,120,121,122,129,130,131" machi="26" ten="60,12000,2" yaku="1,1,2,1,29,2,19,1,54,1,53,0" doraHai="96" doraHaiUra="123" who="3" fromWho="0" sc="375,-120,177,0,217,0,221,130" /><INIT seed="3,0,0,3,2,95" ten="255,177,217,351" oya="3" hai0="63,14,8,131,69,70,83,88,28,11,84,0,6" hai1="40,110,5,121,32,39,48,80,10,42,75,25,74" hai2="19,103,81,9,49,86,1,111,58,20,126,93,94" hai3="127,61,135,79,26,13,115,33,31,96,120,73,23"/><W82/><G115/><T78/><D131/><U57/><E121/><V60/><F111/><W112/><G112/><T113/><D113/><U100/><E110/><V50/><F126/><W133/><G120/><T109/><D109/><U7/><E39/><V101/><F9/><W44/><G127/><T53/><D28/><U72/><E80/><V108/><F1/><W85/><G61/><T17/><D78/><U106/><E57/><V134/><F94/><W4/><G44/><T97/><D97/><U15/><E7/><V35/><F35/><W52/><G52/><T55/><D55/><U59/><E59/><V24/><F134/><N who="3" m="51211" /><G96/><T45/><D63/><U99/><REACH who="1" step="1"/><E48/><AGARI ba="0,0" hai="0,6,8,11,14,17,45,48,53,69,70,83,84,88" machi="48" ten="40,5200,0" yaku="25,2,54,1" doraHai="95" who="0" fromWho="1" sc="255,52,177,-52,217,0,351,0" owari="307,10.7,125,-37.5,217,-18.3,351,45.1" /></mjloggm>