<mjloggm ver="2.3"><GO type="225" lobby="0"/><UN n0="%E5%8D%A0%E3%81%84%E5%B8%AB%E8%A3%8F%E3%81%AA%E3%81%84%E3%81%97" n1="%E5%A4%9C%E5%85%89%E5%A4%A9%E6%A5%BC" n2="%72%69%6F%75%63%68%61%6E" n3="%E6%B4%BE%E9%81%A3%E3%81%AE%E3%82%B8%E3%83%A3%E3%83%83%E3%82%AF" dan="17,17,16,17" rate="2211.00,2134.26,2231.88,2208.32" sx="M,M,M,M"/><TAIKYOKU oya="0"/><INIT seed="0,0,0,2,1,123" ten="250,250,250,250" oya="0" hai0="17,75,54,64,65,115,63,79,67,84,130,15,50" hai1="91,87,18,28,46,66,90,29,45,114,116,19,38" hai2="11,124,106,3,56,89,25,134,58,40,82,92,105" hai3="107,35,76,59,112,78,80,53,37,77,51,69,60"/><T117/><D115/><U55/><E116/><V42/><F124/><W41/><G112/><T39/><D117/><U24/><E114/><V120/><F120/><W47/><G107/><T119/><D39/><U33/><E66/><V101/><F134/><W31/><G31/><N who="1" m="11850" /><E38/><V95/><F25/><W16/><G35/><T49/><D75/><U131/><E131/><V132/><F132/><W8/><G8/><T26/><D26/><U7/><E7/><V122/><F122/><W48/><G48/><T135/><D130/><U102/><E102/><V126/><F126/><W118/><G118/><T86/><D135/><U22/><E46/><V94/><F82/><W110/><G16/><T129/><D119/><U72/><E72/><V97/><F106/><W73/><G110/><T128/><D128/><U70/><E70/><V1/><F89/><N who="1" m="33801" /><E87/><N who="0" m="33321" /><D79/><U81/><E81/><V32/><F32/><W85/><REACH who="3" step="1"/><G73/><REACH who="3" ten="250,250,250,240" step="2"/><T34/><D34/><U43/><E33/><V36/><F36/><W68/><G68/><T125/><D129/><U30/><E43/><V121/><F121/><W2/><G2/><T100/><D125/><U4/><E4/><N who="2" m="1423" /><F3/><W5/><G5/><T88/><D100/><U44/><E44/><V109/><F109/><W74/><G74/><T9/><D88/><U99/><E99/><V20/><F40/><W62/><G62/><T93/><D93/><U96/><E96/><V27/><F42/><W83/><G83/><T52/><D63/><U98/><E98/><V23/><F27/><W133/><G133/><T14/><D14/><U10/><E10/><V12/><F12/><RYUUKYOKU ba="0,1" sc="250,0,250,0,250,0,240,0" hai0="9,15,17,49,50,52,54,64,65,67" hai1="18,19,22,24,30,45,55" hai2="20,23,56,58,92,94,95,97,101,105" hai3="37,41,47,51,53,59,60,69,76,77,78,80,85" /><INIT seed="0,1,1,0,1,21" ten="250,250,250,240" oya="0" hai0="114,100,134,5,64,121,34,109,33,31,91,17,22" hai1="128,38,35,72,117,98,124,95,25,103,58,118,86" hai2="2,111,106,88,13,113,26,19,102,131,18,41,40" hai3="11,8,74,71,122,45,104,115,37,27,125,70,132"/><T110/><D114/><U108/><E38/><V80/><F113/><W46/><G115/><T84/><D121/><U4/><E72/><V12/><F2/><W112/><G112/><T78/><D134/><U66/><E4/><V83/><F111/><N who="0" m="42506" /><D100/><U123/><E108/><V32/><F131/><W61/><G74/><T82/><D5/><U87/><E128/><V10/><F106/><W81/><G104/><T57/><D31/><U39/><E39/><V47/><F102/><W53/><G81/><N who="0" m="49551" /><D57/><U62/><E123/><V92/><F32/><W56/><G122/><T23/><D23/><U94/><E103/><V126/><F126/><W1/><G125/><T67/><D67/><U54/><E124/><V29/><F18/><W55/><G132/><T51/><D51/><U14/><E66/><V24/><F13/><W127/><G127/><T16/><D17/><U68/><E58/><V129/><F129/><W49/><G37/><T99/><D99/><U90/><E98/><N who="2" m="57607" /><F29/><W89/><G1/><T130/><D64/><U48/><E68/><V135/><F135/><W30/><G70/><T3/><D3/><U73/><E48/><N who="2" m="26727" /><F41/><W65/><G71/><T101/><D101/><U93/><E35/><V50/><F50/><W75/><G65/><T97/><D97/><U96/><E96/><V63/><F63/><W107/><G107/><T6/><D6/><U116/><E62/><V43/><F43/><W59/><G61/><T28/><D28/><U69/><E69/><V9/><F9/><W0/><G30/><T120/><D120/><U85/><E117/><V7/><F7/><RYUUKYOKU ba="1,1" sc="250,-10,250,-10,250,30,240,-10" hai2="10,12,19,24,26,80,83" /><INIT seed="1,2,1,3,3,67" ten="240,240,280,230" oya="1" hai0="57,0,126,64,103,13,113,38,123,122,108,68,132" hai1="43,24,75,128,44,50,72,47,109,80,89,29,42" hai2="94,110,11,17,96,36,56,28,41,105,91,102,81" hai3="79,71,34,116,37,18,104,58,77,66,51,115,4"/><U129/><E109/><V69/><F110/><W119/><G115/><T39/><D113/><U52/><E89/><V10/><F69/><W92/><G104/><T25/><D0/><U111/><E111/><V5/><F28/><W60/><G34/><T46/><D108/><U21/><E80/><V6/><F81/><W27/><G37/><T2/><D2/><U59/><E44/><V135/><F135/><W61/><G4/><T16/><D126/><U86/><E86/><V55/><F11/><W40/><G92/><T23/><D132/><U121/><E121/><N who="0" m="46089" /><D57/><U97/><E97/><V54/><F17/><W49/><G27/><T62/><D46/><U22/><E21/><V131/><F131/><N who="1" m="50249" /><E43/><V7/><F10/><W87/><G40/><T118/><D118/><N who="3" m="45097" /><G87/><T100/><D25/><U88/><E88/><V117/><F117/><W106/><G77/><T76/><D76/><U12/><E12/><V95/><F41/><W93/><G79/><T114/><D114/><U78/><E78/><V9/><F9/><W124/><G124/><T30/><D30/><U35/><E35/><V32/><F32/><W48/><G106/><T1/><D1/><U120/><E120/><V73/><F105/><W107/><G107/><T65/><D65/><U85/><E85/><N who="2" m="52591" /><F36/><AGARI ba="2,1" hai="13,16,23,36,38,39,62,64,68,100,103" m="46089" machi="36" ten="30,3900,0" yaku="13,1,52,1,54,1" doraHai="67" who="0" fromWho="2" sc="240,55,240,0,280,-45,230,0" /><AGARI ba="2,0" hai="22,24,29,36,42,47,50,52,59,72,75" m="50249" machi="36" ten="30,2900,0" yaku="19,1,54,1" doraHai="67" who="1" fromWho="2" sc="295,0,240,29,235,-29,230,0" /><INIT seed="1,3,0,4,4,36" ten="295,269,206,230" oya="1" hai0="53,109,62,89,59,99,121,96,20,55,110,135,116" hai1="18,51,82,40,38,123,9,60,92,133,108,128,100" hai2="58,132,87,97,122,57,3,84,52,69,86,10,21" hai3="5,28,35,29,37,102,111,14,61,117,13,2,94"/><U101/><E123/><V83/><F122/><W120/><G120/><T126/><D116/><U77/><E133/><V107/><F69/><W26/><G61/><T79/><D135/><U104/><E104/><V88/><F132/><W113/><G37/><T44/><D126/><U6/><E38/><V7/><F57/><W30/><G102/><T115/><D115/><U75/><E128/><V134/><F134/><W129/><G94/><T66/><D79/><U118/><E118/><V95/><F21/><W131/><G117/><T105/><D121/><U65/><E18/><V119/><F119/><W0/><G111/><N who="0" m="42507" /><D105/><U22/><E22/><V74/><F107/><W39/><G39/><T64/><D89/><U130/><E108/><V19/><F19/><W24/><G113/><T47/><D20/><U85/><E75/><V73/><REACH who="2" step="1"/><F83/><REACH who="2" ten="295,269,196,230" step="2"/><W114/><G114/><T11/><D59/><U33/><E33/><V8/><F8/><W124/><G35/><T54/><D11/><U81/><E82/><V12/><F12/><W125/><G30/><T93/><D93/><U48/><E92/><V49/><AGARI ba="3,1" hai="3,7,10,49,52,58,73,74,84,86,87,88,95,97" machi="49" ten="30,7900,0" yaku="1,1,0,1,54,2,53,0" doraHai="36" doraHaiUra="16" who="2" fromWho="2" sc="295,-23,269,-42,196,98,230,-23" /><INIT seed="2,0,0,3,1,131" ten="272,227,294,207" oya="2" hai0="6,63,31,61,106,20,125,100,81,0,124,83,40" hai1="79,111,72,29,114,10,24,28,52,86,75,43,96" hai2="91,135,97,45,74,51,49,41,94,58,84,93,2" hai3="99,87,130,101,120,38,69,8,30,34,67,23,66"/><V89/><F2/><W122/><G38/><T70/><D0/><U32/><E114/><V4/><F74/><W80/><G130/><T36/><D6/><U107/><E43/><V73/><F73/><W134/><G23/><T104/><D31/><U128/><E29/><V44/><F58/><W39/><G39/><T68/><D36/><U48/><E128/><V108/><F108/><W60/><G8/><T42/><D20/><U127/><E10/><V37/><F4/><W102/><G67/><T118/><D100/><U119/><E119/><AGARI ba="0,0" hai="40,42,61,63,68,70,81,83,104,106,118,119,124,125" machi="119" ten="25,1600,0" yaku="22,2" doraHai="131" who="0" fromWho="1" sc="272,16,227,-16,294,0,207,0" /><INIT seed="3,0,0,2,1,93" ten="288,211,294,207" oya="3" hai0="45,62,14,43,4,121,23,42,10,116,134,38,85" hai1="54,21,88,132,17,82,25,30,81,97,129,12,102" hai2="50,8,90,31,96,66,13,36,26,103,55,108,80" hai3="120,37,40,7,101,69,114,127,28,100,123,87,20"/><W11/><G114/><T15/><D116/><U29/><E129/><V78/><F108/><W9/><G69/><T110/><D121/><U98/><E132/><V34/><F36/><W51/><G37/><T0/><D110/><U104/><E30/><V118/><F118/><W44/><G127/><T3/><D134/><U24/><E54/><V72/><F66/><W122/><G87/><T2/><D43/><U22/><E22/><V35/><F90/><W113/><G113/><T56/><D85/><U1/><E1/><V106/><F34/><W27/><REACH who="3" step="1"/><G11/><REACH who="3" ten="288,211,294,197" step="2"/><T105/><D10/><U47/><E47/><V63/><F8/><W131/><G131/><T18/><D45/><U86/><E97/><V115/><F115/><W41/><G41/><T60/><D38/><U48/><E48/><V130/><F130/><W57/><G57/><T119/><D56/><U65/><E65/><V135/><F135/><W89/><G89/><T128/><D42/><U133/><E133/><V112/><F112/><W19/><G19/><T91/><D91/><U125/><E125/><V75/><F50/><W109/><G109/><T52/><D128/><U49/><E49/><V58/><F13/><AGARI ba="0,1" hai="7,9,13,20,27,28,40,44,51,100,101,120,122,123" machi="13" ten="40,2000,0" yaku="1,1,53,0" doraHai="93" doraHaiUra="68" who="3" fromWho="2" sc="288,0,211,0,294,-20,197,30" /><INIT seed="3,1,0,3,4,65" ten="288,211,274,227" oya="3" hai0="127,107,74,134,114,112,34,60,22,91,58,101,92" hai1="51,121,42,44,36,29,48,47,39,131,26,77,97" hai2="17,126,62,129,56,4,117,21,16,11,115,80,108" hai3="120,49,52,118,70,87,2,28,57,6,0,94,14"/><W84/><G120/><T71/><D71/><U8/><E121/><V130/><F115/><N who="0" m="44074" /><D34/><U32/><E131/><N who="2" m="50187" /><F108/><W68/><G118/><T46/><D134/><U25/><E77/><V116/><F126/><W33/><G14/><T79/><D127/><U9/><E97/><V23/><F80/><W99/><G28/><T104/><D101/><U95/><E95/><V85/><F85/><W67/><G33/><T100/><D100/><U64/><E64/><N who="2" m="38983" /><F21/><W82/><G67/><N who="0" m="39319" /><D46/><U3/><E26/><N who="2" m="14695" /><F17/><W53/><G84/><N who="0" m="52327" /><D22/><U43/><REACH who="1" step="1"/><E3/><AGARI ba="1,0" hai="3,4,11,116,117" m="14695,38983,50187" machi="3" ten="30,2000,0" yaku="19,1,54,1" doraHai="65" who="2" fromWho="1" sc="288,0,211,-23,274,23,227,0" /><INIT seed="4,0,0,0,1,34" ten="288,188,297,227" oya="0" hai0="12,101,7,15,126,64,31,27,54,87,121,16,10" hai1="51,124,123,57,76,116,22,92,119,36,3,131,0" hai2="70,60,105,38,67,62,14,45,74,6,46,39,72" hai3="89,99,134,91,2,78,127,132,85,113,106,37,129"/><T133/><D121/><U40/><E123/><V130/><F105/><W58/><G37/><T24/><D133/><N who="3" m="51305" /><G58/><T100/><D126/><U18/><E76/><V71/><F130/><W75/><G113/><T68/><D68/><U25/><E124/><V43/><F14/><W79/><G127/><T53/><D64/><U13/><E131/><V86/><F86/><W52/><G52/><N who="0" m="20075" /><D87/><U26/><E36/><N who="2" m="21735" /><F6/><W88/><G2/><N who="1" m="554" /><E57/><V80/><F80/><N who="3" m="45151" /><G129/><T61/><D61/><U29/><E92/><V44/><F44/><W63/><G63/><T82/><D82/><U96/><E96/><V128/><F128/><W8/><G8/><N who="0" m="6151" /><D31/><N who="1" m="17847" /><E51/><V95/><F38/><W56/><G56/><T1/><D1/><U35/><E40/><N who="2" m="22815" /><F95/><N who="3" m="56831" /><G106/><T83/><D83/><AGARI ba="0,0" hai="79,83,85,88,89" m="56831,45151,51305" machi="83" ten="30,7700,0" yaku="20,1,34,2,54,1" doraHai="34" who="3" fromWho="0" sc="288,-77,188,0,297,0,227,77" owari="211,-18.9,188,-31.2,297,9.7,304,40.4" /></mjloggm>