<mjloggm ver="2.3"><GO type="225" lobby="0"/><UN n0="%E6%A1%9C%E8%8A%B1%E9%96%83%E3%80%85" n1="%E3%81%95%E3%81%8D%E3%81%9F%E3%81%BE%E6%9E%97%E6%AA%8E" n2="%E3%81%BF%E3%81%BF%E3%81%9A" n3="%E3%83%94%E3%83%B3%E3%82%B5%E3%83%AD%E5%BA%97%E5%93%A1" dan="16,16,18,16" rate="2195.10,2043.65,2244.78,2207.06" sx="M,M,M,M"/><TAIKYOKU oya="0"/><INIT seed="0,0,0,2,0,9" ten="250,250,250,250" oya="0" hai0="101,75,58,17,119,108,45,80,116,38,6,95,69" hai1="127,99,63,71,46,52,62,113,44,107,132,86,96" hai2="103,134,5,124,88,20,27,41,129,102,85,92,0" hai3="29,25,70,37,26,30,47,111,120,14,109,33,94"/><T22/><D69/><U39/><E39/><V48/><F124/><W40/><G70/><T21/><D21/><U2/><E2/><V77/><BYE who="1" /><F129/><W51/><G120/><T114/><D114/><U24/><E24/><V4/><F134/><W84/><G37/><T72/><D6/><N who="2" m="2666" /><F77/><W74/><G74/><T73/><D58/><U31/><E31/><N who="2" m="17895" /><F0/><W82/><G94/><T13/><D108/><U35/><E35/><V61/><F61/><W135/><G135/><T65/><D65/><U79/><E79/><V93/><F93/><W66/><G66/><T28/><D28/><U7/><E7/><V78/><F78/><W68/><G68/><T128/><D80/><U36/><E36/><V90/><F90/><W59/><G59/><T121/><D121/><U81/><E81/><V97/><F97/><W49/><G49/><T123/><D128/><U15/><E15/><V34/><F34/><W60/><G60/><T131/><D131/><U12/><E12/><V130/><F130/><W11/><G84/><T55/><D123/><U53/><E53/><V125/><F125/><W10/><G82/><T76/><D76/><U112/><E112/><V67/><F67/><W83/><G83/><T18/><D55/><U133/><E133/><V16/><F16/><N who="3" m="8279" /><G11/><N who="0" m="6335" /><D95/><UN n1="%E3%81%95%E3%81%8D%E3%81%9F%E3%81%BE%E6%9E%97%E6%AA%8E" /><U8/><E127/><V43/><F43/><W57/><G57/><T64/><D64/><U1/><E132/><V126/><F126/><W115/><G115/><T19/><D73/><U42/><E113/><V117/><F117/><W100/><G100/><T23/><D116/><U3/><E1/><V98/><F85/><RYUUKYOKU ba="0,0" sc="250,-15,250,-15,250,15,250,15" hai2="41,48,88,92,98,102,103" hai3="25,26,29,30,33,40,47,51,109,111" /><INIT seed="1,1,0,1,2,103" ten="235,235,265,265" oya="1" hai0="27,109,121,36,45,77,67,68,63,29,76,55,124" hai1="90,31,73,50,25,41,99,6,22,115,79,4,128" hai2="58,98,106,114,2,110,10,69,37,74,18,72,111" hai3="116,26,117,51,125,80,112,123,23,61,53,100,134"/><U95/><E115/><V28/><F69/><W126/><G112/><T34/><D109/><N who="2" m="41482" /><F114/><W44/><G123/><T81/><D121/><U82/><REACH who="1" step="1"/><E128/><REACH who="1" ten="235,225,265,265" step="2"/><V21/><F74/><W102/><G117/><T131/><D131/><U17/><E17/><V7/><F72/><W19/><G116/><T62/><D124/><U32/><E32/><V133/><F133/><W64/><G125/><T12/><D34/><U85/><E85/><V30/><F37/><W43/><G126/><T52/><D36/><U24/><E24/><N who="2" m="14391" /><F58/><N who="3" m="36919" /><G134/><T5/><D27/><U88/><E88/><V70/><F70/><W16/><G19/><T83/><D68/><U113/><E113/><V60/><F60/><W91/><G43/><T33/><D63/><U132/><E132/><V129/><F129/><W104/><G104/><T75/><D62/><U1/><E1/><V86/><F86/><AGARI ba="1,1" hai="16,23,26,44,51,53,80,86,91,100,102" m="36919" machi="86" ten="30,2000,0" yaku="8,1,54,1" doraHai="103" who="3" fromWho="2" sc="235,0,225,0,265,-23,265,33" /><INIT seed="2,0,0,4,4,97" ten="235,225,242,298" oya="2" hai0="48,125,40,10,100,75,51,67,21,13,26,29,60" hai1="68,22,120,59,44,77,19,91,3,93,56,7,74" hai2="62,109,1,8,2,76,0,134,15,18,39,50,58" hai3="102,81,37,90,103,132,54,127,129,111,88,25,116"/><V135/><F39/><W89/><G116/><T126/><D75/><U80/><E68/><V23/><F76/><W31/><G37/><T12/><D100/><N who="3" m="38441" /><G111/><T99/><D99/><U107/><E107/><V20/><F50/><W73/><G73/><T128/><D128/><U53/><E120/><V28/><F109/><W42/><G129/><T61/><D61/><U41/><E3/><V43/><F43/><W106/><G106/><T55/><D40/><U110/><E110/><V94/><F94/><W108/><G108/><T84/><D84/><U104/><E104/><V69/><F69/><W27/><G42/><T121/><D121/><U119/><E119/><V35/><F35/><W16/><G132/><N who="2" m="50729" /><F28/><W38/><G38/><T14/><D10/><U30/><E30/><V82/><F82/><W98/><G127/><N who="0" m="48651" /><D55/><AGARI ba="0,0" hai="0,1,2,8,15,18,20,23,55,58,62" m="50729" machi="55" ten="40,2000,0" yaku="20,1" doraHai="97" who="2" fromWho="0" sc="235,-20,225,0,242,20,298,0" /><INIT seed="2,1,0,0,4,47" ten="215,225,262,298" oya="2" hai0="28,119,9,6,17,97,70,101,98,72,74,106,78" hai1="59,100,32,69,113,114,44,13,15,133,130,89,87" hai2="54,45,120,125,29,129,118,60,131,93,117,105,1" hai3="65,25,48,123,71,128,18,95,86,132,88,19,96"/><V4/><F105/><W109/><G123/><T53/><D119/><U5/><E69/><V58/><F120/><W67/><G128/><N who="2" m="49225" /><F125/><W57/><G71/><T37/><D70/><U2/><E130/><V7/><F29/><W49/><G109/><T3/><D28/><U83/><E32/><V0/><F93/><N who="3" m="54423" /><G132/><T68/><D68/><U55/><E133/><V61/><F61/><N who="3" m="38063" /><G67/><T122/><D122/><U30/><E114/><V73/><F73/><W126/><G126/><T124/><D124/><U64/><E30/><V63/><F63/><W50/><G25/><T110/><D110/><U134/><E134/><V21/><F21/><W121/><G121/><T42/><D74/><U81/><E113/><V75/><F75/><W62/><G62/><T46/><D46/><U99/><E64/><V51/><F0/><W90/><AGARI ba="1,0" hai="18,19,48,49,50,90,95,96" m="38063,54423" machi="90" ten="30,8000,1" yaku="8,1,52,3,54,1" doraHai="47" who="3" fromWho="3" sc="215,-21,225,-21,262,-41,298,83" /><INIT seed="3,0,0,0,2,50" ten="194,204,221,381" oya="3" hai0="23,37,13,107,62,87,128,125,34,86,88,134,77" hai1="46,40,26,57,83,45,29,66,122,67,21,20,70" hai2="11,98,124,84,114,55,3,68,79,56,97,127,112" hai3="91,4,24,27,35,25,126,22,102,1,101,32,6"/><W103/><G126/><N who="2" m="48169" /><F68/><W110/><G110/><T90/><D125/><U130/><E122/><V58/><F79/><W117/><G117/><T12/><D34/><U129/><E70/><V76/><F76/><W132/><G132/><T131/><D134/><U39/><E46/><V100/><F84/><N who="0" m="32298" /><D37/><U105/><E105/><N who="2" m="63631" /><F98/><W14/><G1/><T63/><D107/><U60/><E83/><V81/><F81/><W119/><G119/><T47/><D77/><U111/><E111/><V104/><F104/><W92/><G35/><T133/><D133/><U109/><E109/><V10/><F56/><W65/><G65/><T106/><D106/><U85/><E85/><V89/><F89/><N who="0" m="34410" /><D47/><U73/><E73/><V123/><F123/><W52/><G32/><T115/><D115/><N who="2" m="44074" /><F3/><W2/><G2/><T41/><D41/><U116/><E116/><V49/><AGARI ba="0,0" hai="10,11,49,55,58" m="44074,63631,48169" machi="49" ten="30,2000,0" yaku="18,1,52,1" doraHai="50" who="2" fromWho="2" sc="194,-5,204,-5,221,20,381,-10" owari="189,-31.1,199,-20.1,241,4.1,371,47.1" /></mjloggm>