<mjloggm ver="2.3"><GO type="225" lobby="0"/><UN n0="%45%6C%79%73%69%75%6D" n1="%6D%75%75%6D%75%72%61" n2="%43%68%65" n3="%E7%99%BD%E9%9B%AA%E4%B9%83%E6%84%9B" dan="17,16,16,16" rate="2098.05,2161.63,2173.35,2054.41" sx="F,F,M,F"/><TAIKYOKU oya="0"/><INIT seed="0,0,0,0,1,7" ten="250,250,250,250" oya="0" hai0="51,96,80,112,56,75,105,119,2,57,70,41,1" hai1="93,14,19,120,36,26,89,123,132,124,84,135,28" hai2="91,52,110,0,62,81,39,95,63,125,54,133,114" hai3="20,8,31,69,27,48,127,97,29,134,3,5,130"/><T61/><D112/><U43/><E36/><V72/><F114/><W38/><G38/><T17/><D119/><U30/><E43/><V10/><F110/><W16/><G69/><T116/><D116/><U106/><E106/><V4/><F39/><W32/><G134/><N who="1" m="51242" /><E124/><V66/><F133/><W107/><G130/><T102/><D70/><U37/><E37/><V87/><F125/><W118/><G127/><T128/><D128/><U22/><E28/><V111/><F111/><W115/><G115/><T44/><D17/><U23/><AGARI ba="0,0" hai="14,19,22,23,26,30,84,89,93,120,123" m="51242" machi="23" ten="30,1100,0" yaku="20,1" doraHai="7" who="1" fromWho="1" sc="250,-5,250,11,250,-3,250,-3" /><INIT seed="1,0,0,0,4,40" ten="245,261,247,247" oya="1" hai0="14,83,57,24,44,121,119,86,50,113,90,31,109" hai1="5,4,76,12,120,48,112,60,127,23,101,20,108" hai2="13,65,91,10,0,22,69,133,27,33,7,134,122" hai3="46,103,11,131,51,79,2,132,26,78,28,56,52"/><U77/><E112/><V8/><F122/><W116/><G132/><N who="2" m="50793" /><F91/><W123/><G123/><T62/><D113/><U58/><E120/><V18/><F65/><W93/><G131/><T92/><D121/><U105/><E127/><V64/><F64/><W53/><G116/><T3/><D3/><U89/><E105/><V87/><F87/><W1/><G1/><T38/><D38/><U39/><E39/><V97/><F97/><W21/><G2/><T130/><D130/><U32/><E32/><V124/><F69/><W98/><G11/><T17/><D109/><U37/><E37/><V59/><F59/><W100/><G100/><T54/><D119/><U82/><E101/><V71/><F71/><W110/><G110/><T72/><D72/><U94/><E60/><AGARI ba="0,0" hai="21,26,28,46,51,52,53,56,60,78,79,93,98,103" machi="60" ten="30,7700,0" yaku="7,1,8,1,52,1,54,1" doraHai="40" who="3" fromWho="1" sc="245,0,261,-77,247,0,247,77" /><INIT seed="2,0,0,4,4,32" ten="245,184,247,324" oya="2" hai0="33,56,45,115,114,55,59,104,63,58,35,125,41" hai1="23,89,122,75,8,84,111,26,91,67,15,53,2" hai2="17,37,43,130,94,10,65,121,86,128,13,74,40" hai3="42,66,97,105,7,51,0,83,16,25,30,134,54"/><V96/><F74/><W11/><G66/><T5/><D104/><U124/><E75/><V80/><F121/><W64/><G64/><T9/><D125/><U127/><E122/><V132/><F65/><W106/><G42/><T113/><D63/><U70/><E111/><V73/><F73/><W82/><G134/><T131/><D55/><U100/><E100/><V103/><F132/><W108/><G108/><T95/><D95/><U20/><E53/><V31/><F31/><W101/><G105/><T93/><D93/><U39/><E39/><V98/><F98/><W62/><G62/><T110/><D131/><N who="2" m="50218" /><F37/><W14/><G25/><T29/><D29/><U118/><E26/><V57/><F57/><W116/><G30/><T123/><D123/><U76/><E67/><V1/><F1/><W44/><G116/><T90/><D110/><U24/><E118/><V28/><F28/><W126/><G126/><T4/><D33/><U21/><E24/><V68/><F68/><W129/><G129/><T34/><D34/><U77/><E70/><V79/><AGARI ba="0,0" hai="10,13,17,40,43,79,80,86,94,96,103" m="50218" machi="79" ten="30,1500,0" yaku="19,1" doraHai="32" who="2" fromWho="2" sc="245,-5,184,-5,247,15,324,-5" /><INIT seed="2,1,0,2,3,2" ten="240,179,262,319" oya="2" hai0="130,39,50,74,9,77,55,65,105,125,79,42,35" hai1="69,85,97,44,92,90,121,135,20,17,51,61,75" hai2="80,67,123,99,95,102,110,91,1,29,41,8,133" hai3="106,126,40,12,56,32,11,98,62,127,33,131,93"/><V117/><F117/><W45/><G106/><T0/><D105/><U87/><E135/><V15/><F123/><W34/><G131/><T48/><D130/><U114/><E114/><V82/><F133/><W4/><G56/><T94/><D35/><U46/><E75/><V57/><F1/><W73/><G62/><T7/><D125/><N who="3" m="47625" /><G73/><T129/><D129/><U84/><E121/><V107/><F29/><W31/><G31/><T36/><D65/><U23/><E69/><V49/><F110/><W19/><G19/><T58/><D74/><U43/><E46/><V119/><F119/><W5/><G5/><T124/><D124/><U64/><REACH who="1" step="1"/><E17/><REACH who="1" ten="240,169,262,319" step="2"/><N who="2" m="8423" /><F107/><W25/><G45/><T18/><D18/><U81/><E81/><V37/><F82/><W132/><G132/><T66/><D94/><U76/><E76/><V71/><F71/><W47/><G47/><T16/><D16/><U6/><E6/><V112/><F112/><W28/><G40/><T53/><D42/><U122/><E122/><V100/><F80/><W68/><G68/><T88/><D77/><U78/><E78/><V52/><F41/><W54/><G93/><T109/><D79/><U111/><E111/><V116/><F116/><W10/><G4/><T13/><D109/><U113/><E113/><V59/><F37/><W120/><G120/><T115/><D115/><U96/><E96/><V101/><F59/><W30/><G30/><T104/><D39/><U27/><E27/><V103/><F67/><W60/><G25/><T72/><D66/><U26/><E26/><V134/><N who="2" m="25600" /><DORA hai="38" /><V89/><F134/><RYUUKYOKU ba="1,1" sc="240,-15,169,15,262,15,319,-15" hai1="20,23,43,44,51,61,64,84,85,87,90,92,97" hai2="49,52,57,89,91,95,99" /><INIT seed="2,2,1,1,0,20" ten="225,184,277,304" oya="2" hai0="114,109,68,44,128,97,104,73,67,115,51,117,124" hai1="58,105,15,62,77,12,38,122,88,13,9,11,27" hai2="16,129,123,112,125,0,119,75,31,24,8,99,63" hai3="72,135,26,28,52,46,74,81,71,101,134,69,6"/><V42/><F112/><W50/><G6/><T10/><D73/><N who="3" m="28265" /><G81/><T113/><D109/><U18/><E105/><V91/><F75/><W83/><G83/><T132/><D128/><U61/><E38/><V54/><F119/><W118/><G101/><T126/><D132/><N who="3" m="50729" /><G118/><T102/><D117/><U14/><E122/><V131/><F123/><W56/><G56/><T76/><D76/><U116/><E77/><V133/><F42/><W2/><G2/><T22/><D102/><U111/><E111/><V36/><F36/><W41/><G41/><T110/><D104/><U86/><E116/><V37/><F37/><W32/><AGARI ba="2,1" hai="26,28,32,46,50,52,69,71" m="50729,28265" machi="32" ten="30,4000,0" yaku="20,1,52,1,54,1" doraHai="20" who="3" fromWho="3" sc="225,-12,184,-12,277,-22,304,56" /><INIT seed="3,0,0,0,2,66" ten="213,172,255,360" oya="3" hai0="14,36,32,30,82,93,127,24,75,131,118,37,99" hai1="106,8,110,115,84,87,3,108,33,122,114,61,121" hai2="0,6,129,59,26,49,57,104,19,76,135,20,94" hai3="56,53,39,125,47,21,126,60,4,22,50,77,113"/><W62/><G113/><N who="1" m="43018" /><E106/><V92/><F104/><W116/><G116/><T42/><D118/><U103/><E103/><V112/><F76/><W17/><G4/><T44/><D127/><U46/><E46/><V120/><F94/><W96/><G77/><T70/><D131/><U54/><E54/><V132/><F129/><W123/><G123/><N who="1" m="47114" /><E33/><V73/><F120/><W107/><G22/><T29/><D75/><U40/><E8/><V86/><F73/><W98/><G39/><T9/><D36/><U109/><E3/><V68/><F0/><W134/><G62/><T83/><D70/><U1/><E1/><V13/><F68/><W91/><G107/><T11/><D11/><U119/><E119/><V85/><F112/><W45/><G45/><T52/><D52/><U2/><E2/><V67/><F59/><W72/><G72/><T28/><D83/><U74/><E61/><V111/><F57/><W95/><G56/><T5/><D82/><U105/><E105/><V71/><F71/><W55/><G60/><T117/><D117/><U63/><E63/><V80/><F80/><W69/><G69/><T16/><D5/><U38/><E74/><V27/><F6/><W23/><G55/><T133/><D32/><U18/><E18/><V41/><F19/><W43/><G17/><T81/><D81/><U48/><E38/><V89/><F26/><W97/><G53/><T78/><D24/><U7/><E7/><V34/><F27/><W88/><G47/><T10/><D44/><U130/><E130/><V51/><F34/><W15/><G125/><T90/><D37/><RYUUKYOKU ba="0,0" sc="213,-10,172,30,255,-10,360,-10" hai1="40,48,84,87,108,109,110" owari="203,-19.7,202,-29.8,245,4.5,350,45.0" /></mjloggm>