<mjloggm ver="2.3"><GO type="225" lobby="0"/><UN n0="%E8%81%B7%E6%A5%AD%E3%80%81%E9%A2%A8%32" n1="%E3%80%90%E8%92%BC%E7%90%89%E3%80%91" n2="%73%69%72%6F%75%74" n3="%48%61%61%61%6C%61%6E%64" dan="16,16,16,17" rate="2105.59,2110.68,2136.59,2249.08" sx="M,F,M,M"/><TAIKYOKU oya="0"/><INIT seed="0,0,0,0,4,117" ten="250,250,250,250" oya="0" hai0="112,0,24,10,76,114,17,16,32,110,106,60,51" hai1="89,5,83,91,47,12,88,111,42,87,37,127,14" hai2="133,81,2,130,67,99,28,59,121,135,97,52,116" hai3="56,26,94,63,95,68,41,57,1,62,35,31,103"/><T13/><D106/><U53/><E111/><V93/><F2/><W61/><G1/><T90/><D76/><U40/><E127/><V64/><F28/><W6/><G6/><N who="0" m="1351" /><D51/><N who="1" m="28927" /><E37/><V108/><F108/><W34/><G68/><T92/><D110/><U131/><E131/><V129/><F121/><W109/><G109/><T22/><D60/><U15/><E5/><V124/><F116/><W86/><G41/><AGARI ba="0,0" hai="12,14,15,40,41,42,83,87,88,89,91" m="28927" machi="41" ten="30,2000,0" yaku="8,1,54,1" doraHai="117" who="1" fromWho="3" sc="250,0,250,20,250,0,250,-20" /><INIT seed="1,0,0,1,5,4" ten="250,270,250,230" oya="1" hai0="64,91,50,73,16,44,69,6,81,63,98,133,24" hai1="56,39,43,102,25,58,106,80,116,34,111,83,28" hai2="89,135,1,76,96,104,71,115,120,82,84,79,14" hai3="53,117,112,114,85,125,119,61,66,2,48,134,17"/><U10/><E116/><N who="3" m="44618" /><G2/><T11/><D133/><U95/><E106/><V124/><F71/><N who="3" m="42447" /><G85/><T100/><D73/><U38/><E111/><V55/><F1/><W118/><N who="3" m="44626" /><W62/><DORA hai="52" /><G17/><T32/><D81/><U5/><E80/><V86/><F120/><W33/><G33/><T74/><D74/><U7/><E7/><V68/><F68/><W23/><G23/><T59/><D91/><U30/><E30/><V35/><F124/><W101/><G101/><T13/><D6/><U49/><E83/><V67/><F35/><W41/><G134/><T78/><D78/><U108/><E108/><V3/><F3/><W22/><G22/><T42/><D32/><U26/><E26/><V93/><F104/><W31/><G31/><T121/><D121/><U103/><E103/><V19/><F135/><W113/><G125/><T105/><D24/><U97/><E38/><V20/><F79/><W65/><G41/><T128/><D128/><U70/><E5/><V130/><F130/><W51/><G53/><T88/><D88/><U107/><E43/><V132/><F55/><W54/><G54/><T46/><D46/><U99/><E28/><V92/><F132/><W109/><G109/><T87/><D87/><U15/><E34/><V126/><F126/><W131/><G131/><T37/><D69/><AGARI ba="0,0" hai="48,51,62,65,69,112,113,114" m="42447,44626" machi="69" ten="50,6400,0" yaku="12,1,34,2" doraHai="4,52" who="3" fromWho="0" sc="250,-64,270,0,250,0,230,64" /><INIT seed="2,0,0,1,4,50" ten="186,270,250,294" oya="2" hai0="10,25,41,17,124,120,86,21,85,95,14,49,104" hai1="42,62,133,40,122,132,3,131,93,36,100,34,59" hai2="92,13,125,29,15,0,19,56,111,22,1,39,78" hai3="119,97,28,68,116,96,43,61,67,26,8,115,9"/><V118/><F39/><W112/><G43/><T32/><D104/><U54/><E3/><N who="2" m="1099" /><F78/><W102/><G8/><T30/><D120/><U37/><E34/><V98/><F56/><W45/><G9/><T81/><D124/><U53/><E122/><V51/><F51/><W27/><G45/><T126/><D126/><U77/><E77/><V57/><F57/><W66/><G66/><T73/><D32/><U134/><E131/><V6/><F92/><W127/><G127/><T76/><D86/><U71/><E71/><V84/><F84/><W47/><G47/><T128/><D128/><U135/><E135/><V24/><F98/><W129/><G129/><T101/><D73/><U108/><E36/><V80/><F80/><W35/><G26/><T31/><D95/><U55/><E108/><V79/><F79/><W82/><G82/><T5/><D101/><U46/><E40/><V123/><F125/><W69/><G69/><T107/><D107/><U105/><E105/><V20/><F123/><W103/><G103/><T88/><D76/><U23/><E23/><N who="2" m="11759" /><F111/><W89/><G89/><T65/><D65/><U48/><E37/><V12/><F118/><N who="3" m="45099" /><G96/><AGARI ba="0,0" hai="42,46,48,53,54,55,59,62,93,96,100,132,133,134" machi="96" ten="40,8000,1" yaku="20,1,52,3" doraHai="50" who="1" fromWho="3" sc="186,0,270,80,250,0,294,-80" /><INIT seed="3,0,0,5,0,7" ten="186,350,250,214" oya="3" hai0="24,93,19,48,58,81,101,4,97,52,67,71,12" hai1="133,22,54,31,25,78,113,62,3,123,75,89,125" hai2="129,108,27,11,119,130,13,99,41,23,36,128,110" hai3="5,73,9,26,104,132,91,115,102,68,14,87,35"/><W106/><G115/><T43/><D71/><U33/><E3/><V79/><F79/><W92/><G132/><T109/><D109/><N who="2" m="42090" /><F99/><W120/><G120/><T61/><D24/><U45/><E45/><N who="2" m="23719" /><F119/><W85/><G73/><T77/><D4/><U118/><E22/><V8/><F13/><W76/><G102/><T40/><D61/><U49/><E31/><AGARI ba="0,0" hai="8,11,23,27,31,128,129,130" m="23719,42090" machi="31" ten="40,8000,1" yaku="19,1,14,1,52,2" doraHai="7" who="2" fromWho="1" sc="186,0,350,-80,250,80,214,0" owari="186,-31.4,270,7.0,330,43.0,214,-18.6" /></mjloggm>