<mjloggm ver="2.3"><GO type="225" lobby="0"/><UN n0="%EF%BC%B3%E3%81%9E%E3%81%88%E2%98%86" n1="%E3%81%BF%E3%81%BF%E3%81%9A" n2="%E3%80%93%E3%81%97%E3%83%BC%E3%82%89%E3%80%93" n3="%E6%B4%BE%E9%81%A3%E3%81%AE%E3%82%B8%E3%83%A3%E3%83%83%E3%82%AF" dan="16,18,16,17" rate="2085.51,2252.77,2133.78,2214.63" sx="M,M,M,M"/><TAIKYOKU oya="0"/><INIT seed="0,0,0,5,2,84" ten="250,250,250,250" oya="0" hai0="121,65,115,35,103,133,31,48,72,123,106,34,44" hai1="52,29,39,69,2,124,110,92,47,32,71,38,127" hai2="46,6,126,74,131,78,100,89,18,24,25,45,117" hai3="79,95,41,37,87,67,82,129,109,105,118,112,22"/><T17/><D115/><U86/><E2/><V30/><F117/><W85/><G105/><T21/><D133/><U96/><E86/><V36/><F126/><N who="1" m="48169" /><E110/><V59/><F131/><W102/><G112/><T75/><D65/><U108/><E108/><V114/><F100/><W97/><G118/><T26/><D35/><U125/><N who="1" m="48177" /><U119/><DORA hai="50" /><E119/><V98/><F6/><W64/><G109/><T107/><D107/><U55/><E29/><V8/><F36/><N who="1" m="13865" /><E32/><V83/><F114/><W13/><G129/><T60/><D75/><U54/><E47/><V135/><F46/><W132/><G132/><T1/><D72/><U111/><E111/><V73/><F45/><W104/><G37/><T116/><D1/><U28/><E28/><V14/><F73/><W80/><G104/><T61/><D116/><U4/><E4/><V62/><F30/><W19/><REACH who="3" step="1"/><G41/><REACH who="3" ten="250,250,250,240" step="2"/><T76/><D106/><U81/><E81/><V99/><F135/><W70/><G70/><T3/><D3/><U53/><N who="1" m="13312" /><DORA hai="128" /><U57/><E57/><V122/><F59/><W33/><G33/><T68/><D34/><U93/><E93/><V77/><F83/><W120/><G120/><T5/><D121/><U58/><E58/><V66/><F122/><W43/><G43/><T63/><D123/><U113/><E113/><V20/><F74/><W23/><G23/><T9/><D21/><U15/><E15/><V12/><F14/><W94/><G94/><T42/><D42/><U101/><AGARI ba="0,1" hai="69,71,92,96,101" m="13312,13865,48177" machi="101" ten="60,12000,2" yaku="18,1,52,4,54,1" doraHai="84,50,128" who="1" fromWho="1" sc="250,-60,250,130,250,-30,240,-30" /><INIT seed="1,0,0,1,1,105" ten="190,380,220,210" oya="1" hai0="74,13,130,38,61,21,4,51,28,73,1,45,57" hai1="95,128,83,22,101,27,86,121,33,55,60,113,106" hai2="126,39,29,81,47,53,31,107,135,124,17,112,9" hai3="10,75,117,104,114,14,127,108,56,132,69,91,109"/><U64/><E113/><V24/><F107/><W58/><G69/><T49/><D130/><U94/><E121/><V120/><F120/><W70/><G70/><T43/><D1/><U6/><E128/><V0/><F112/><W85/><G104/><T72/><D4/><U110/><E110/><N who="3" m="42602" /><G114/><T77/><D77/><U16/><E6/><N who="2" m="1223" /><F135/><W8/><G117/><T122/><D122/><U89/><E55/><V115/><F115/><W96/><G96/><T93/><D93/><U133/><E133/><V78/><F17/><W88/><G127/><N who="2" m="48681" /><F24/><W79/><G132/><T71/><D71/><U35/><E106/><V131/><F131/><W18/><G10/><T62/><D62/><U65/><E65/><V19/><F19/><W34/><G34/><T98/><D98/><U82/><E95/><V68/><F68/><W41/><G41/><T20/><D13/><U100/><E33/><V63/><F63/><W125/><G125/><T129/><D129/><U5/><E35/><V36/><F53/><W42/><G42/><T11/><D11/><U48/><E5/><V119/><F119/><W46/><G46/><T52/><REACH who="0" step="1"/><D20/><REACH who="0" ten="180,380,220,210" step="2"/><U99/><E60/><V12/><F12/><W7/><G7/><T54/><D54/><U66/><E66/><V134/><F134/><W116/><G116/><T123/><D123/><U103/><E64/><V102/><F78/><W90/><G85/><T80/><D80/><AGARI ba="0,1" hai="8,14,18,56,58,75,79,80,88,90,91" m="42602" machi="80" ten="30,3900,0" yaku="14,1,52,1,54,1" doraHai="105" who="3" fromWho="0" sc="180,-39,380,0,220,0,210,49" /><INIT seed="2,0,0,3,4,59" ten="141,380,220,259" oya="2" hai0="109,39,63,95,43,114,49,129,10,76,92,48,73" hai1="61,123,2,107,22,52,53,82,17,79,74,121,65" hai2="12,3,94,47,93,62,34,26,86,126,31,71,124" hai3="132,50,32,115,46,0,28,133,99,84,101,89,8"/><V75/><F3/><W68/><G68/><T38/><D114/><U27/><E2/><V96/><F75/><W37/><G37/><T13/><D109/><U117/><E107/><V88/><F47/><W1/><G115/><T57/><D129/><U135/><E135/><N who="3" m="51786" /><G8/><T110/><D110/><U120/><E117/><V118/><F118/><W54/><G28/><T36/><D73/><U6/><E6/><V85/><F12/><W5/><G32/><T87/><D43/><U55/><E55/><V35/><F35/><W102/><G5/><T105/><D105/><U98/><E98/><V81/><F86/><W64/><G64/><T20/><D20/><U25/><E27/><V90/><REACH who="2" step="1"/><F81/><REACH who="2" ten="141,380,210,259" step="2"/><W9/><G99/><T60/><D87/><U128/><E128/><V4/><F4/><N who="3" m="1167" /><G0/><T15/><D10/><U134/><E134/><V72/><F72/><W80/><AGARI ba="0,1" hai="46,50,54,80,84,89,101,102" m="1167,51786" machi="80" ten="30,1100,0" yaku="20,1" doraHai="59" who="3" fromWho="3" sc="141,-3,380,-3,210,-5,259,21" /><INIT seed="3,0,0,5,5,76" ten="138,377,205,280" oya="3" hai0="129,36,5,40,54,89,2,121,85,110,96,132,72" hai1="12,60,67,39,77,123,56,130,51,44,71,30,91" hai2="53,98,106,37,99,29,31,124,97,90,118,116,94" hai3="14,128,7,34,43,16,61,47,9,111,108,59,80"/><W70/><G70/><T134/><D54/><U104/><E123/><V42/><F37/><W88/><G34/><T69/><D96/><U8/><E104/><V75/><F42/><W135/><G135/><T125/><D89/><U73/><E130/><V119/><F53/><N who="3" m="34031" /><G128/><T41/><D85/><U103/><E103/><V65/><F65/><W112/><G112/><T22/><D22/><U57/><E30/><V1/><F1/><W62/><G62/><T79/><D79/><U120/><E120/><V101/><F124/><W50/><G108/><T52/><D52/><U74/><E91/><V102/><REACH who="2" step="1"/><F75/><REACH who="2" ten="138,377,195,280" step="2"/><W100/><G111/><T25/><D41/><U95/><E39/><V23/><F23/><W63/><G63/><T58/><D40/><U48/><E60/><V45/><F45/><W87/><G100/><T117/><D58/><U68/><E67/><V15/><F15/><W11/><G11/><T126/><D25/><U35/><E12/><V28/><F28/><W122/><G122/><T105/><D132/><U19/><E8/><V133/><F133/><W4/><AGARI ba="0,1" hai="4,7,9,14,16,43,47,50,80,87,88" m="34031" machi="4" ten="30,11700,0" yaku="8,1,52,1,54,2" doraHai="76" who="3" fromWho="3" sc="138,-39,377,-39,195,-39,280,127" owari="99,-40.1,338,13.8,156,-24.4,407,50.7" /></mjloggm>