<mjloggm ver="2.3"><GO type="225" lobby="0"/><UN n0="%77%72%77%72%77%72%77%72" n1="%E3%81%B5%E3%81%98%E3%81%8B%E3%81%A4" n2="%E3%81%86%E3%82%8C%E3%81%9F%E3%82%93%E6%9E%95" n3="%E7%B4%94%E6%BD%94%E3%83%94%E3%83%A9%E3%83%8B%E3%82%A2" dan="17,16,16,17" rate="2188.72,2197.62,2079.54,2214.85" sx="M,M,F,M"/><TAIKYOKU oya="0"/><INIT seed="0,0,0,5,4,17" ten="250,250,250,250" oya="0" hai0="29,42,85,1,91,32,128,62,104,92,36,121,0" hai1="73,72,40,15,107,76,122,9,63,59,99,125,94" hai2="3,54,124,38,130,35,102,66,79,39,133,18,88" hai3="129,105,46,28,5,84,123,95,19,47,83,7,12"/><T116/><D116/><U70/><E122/><V68/><F130/><W44/><G105/><T131/><D121/><U112/><E125/><V53/><F124/><W26/><G129/><N who="0" m="49739" /><D104/><U113/><E107/><V60/><F133/><W75/><G75/><T20/><D32/><U106/><E40/><V16/><F102/><W11/><G95/><T78/><D78/><U115/><E70/><V14/><F79/><W22/><REACH who="3" step="1"/><G123/><REACH who="3" ten="250,250,250,240" step="2"/><T2/><D62/><U132/><E106/><V48/><F60/><W6/><G6/><T126/><D126/><U55/><E132/><V103/><F103/><W120/><G120/><T111/><D111/><U119/><E119/><V43/><F38/><W49/><G49/><T71/><D71/><U117/><E117/><V41/><F68/><W93/><G93/><T96/><D96/><U90/><REACH who="1" step="1"/><E76/><AGARI ba="0,1" hai="5,7,11,12,19,22,26,28,44,46,47,76,83,84" machi="76" ten="40,8000,1" yaku="1,1,8,1,52,1,53,1" doraHai="17" doraHaiUra="8" who="3" fromWho="1" sc="250,0,250,-80,250,0,240,90" /><INIT seed="1,0,0,0,0,89" ten="250,170,250,330" oya="1" hai0="79,43,78,77,59,96,65,129,51,32,75,21,39" hai1="108,58,106,128,86,113,8,5,28,123,74,34,98" hai2="99,47,37,101,130,46,95,125,82,91,103,16,29" hai3="116,112,31,114,53,10,33,107,26,14,3,25,84"/><U97/><E123/><V73/><F130/><W131/><G107/><T124/><D32/><U127/><E128/><V63/><F125/><W27/><G131/><T0/><D129/><U19/><E113/><N who="3" m="43626" /><G84/><T76/><D0/><U119/><E127/><V67/><F29/><W49/><G53/><T115/><D115/><U111/><E74/><V30/><F30/><W92/><G92/><T56/><D124/><U105/><E19/><V7/><F7/><N who="3" m="1407" /><G49/><T126/><D39/><U62/><E119/><V42/><F47/><W4/><G116/><T134/><D134/><U18/><E18/><V12/><F82/><W109/><G109/><N who="1" m="42058" /><E86/><V38/><F73/><W66/><G66/><T60/><D75/><U70/><E70/><V110/><F38/><W94/><G94/><T45/><D126/><U2/><E98/><V121/><F110/><W87/><G87/><T9/><D96/><U15/><E97/><V117/><F117/><W40/><G40/><T135/><D9/><AGARI ba="0,0" hai="4,9,14,25,26,27,31,33" m="1407,43626" machi="9" ten="30,2000,0" yaku="34,2" doraHai="89" who="3" fromWho="0" sc="250,-20,170,0,250,0,330,20" /><INIT seed="2,0,0,2,5,15" ten="230,170,250,350" oya="2" hai0="80,83,27,6,11,86,33,75,70,36,29,41,52" hai1="108,5,87,25,23,97,79,30,68,16,9,107,92" hai2="114,60,126,66,112,63,100,69,77,111,51,42,48" hai3="71,134,13,21,94,12,57,64,129,101,113,56,50"/><V117/><F100/><W4/><G134/><T18/><D70/><U61/><E107/><V76/><F117/><W135/><G129/><T53/><D80/><N who="1" m="47519" /><E68/><N who="2" m="42055" /><F77/><W35/><G35/><T49/><D36/><U3/><E3/><V105/><F105/><W38/><G38/><T133/><D75/><U127/><E127/><V131/><F76/><W43/><G71/><T78/><D133/><U119/><E119/><V17/><F17/><N who="3" m="10407" /><G64/><T1/><D18/><N who="1" m="12535" /><E108/><V81/><F81/><W93/><G113/><N who="2" m="43625" /><F131/><W34/><G34/><T99/><D99/><U67/><E30/><V46/><F126/><W122/><G122/><T73/><D73/><U88/><E5/><V120/><F120/><W89/><G135/><T39/><D39/><U0/><E0/><V32/><F32/><W22/><G101/><T47/><AGARI ba="0,0" hai="1,6,11,27,29,33,41,47,49,52,53,78,83,86" machi="47" ten="30,2000,0" yaku="0,1,54,1" doraHai="15" who="0" fromWho="0" sc="230,20,170,-5,250,-10,350,-5" /><INIT seed="3,0,0,4,0,119" ten="250,165,240,345" oya="3" hai0="78,116,111,126,43,18,82,89,35,128,125,74,6" hai1="58,39,108,53,131,66,56,103,135,55,33,113,27" hai2="104,71,25,133,21,8,62,5,124,92,40,41,64" hai3="59,83,115,129,12,118,48,47,22,42,120,86,91"/><W73/><G73/><T88/><D116/><U76/><E113/><V19/><F104/><W17/><G115/><T130/><D35/><U107/><E39/><V68/><F68/><W1/><G1/><T0/><D43/><U38/><E38/><V84/><F133/><W87/><G120/><T98/><D111/><U34/><E135/><V70/><F70/><W14/><G118/><T93/><D18/><U72/><E108/><V127/><F92/><N who="3" m="54391" /><G129/><N who="0" m="49771" /><D6/><U75/><E131/><V52/><F84/><W61/><G87/><T101/><D0/><U49/><E66/><V4/><F52/><N who="3" m="34023" /><G83/><T94/><D101/><U29/><E34/><V10/><F41/><W85/><G85/><AGARI ba="0,0" hai="74,78,82,85,88,89,93,94,98,125,126" m="49771" machi="85" ten="30,7700,0" yaku="19,1,34,2,54,1" doraHai="119" who="0" fromWho="3" sc="250,77,165,0,240,0,345,-77" owari="327,42.7,165,-33.5,240,-16.0,268,6.8" /></mjloggm>