<mjloggm ver="2.3"><GO type="225" lobby="0"/><UN n0="%4B%2E%32%2E%4B%2E" n1="%E7%B4%94%E6%BD%94%E3%83%94%E3%83%A9%E3%83%8B%E3%82%A2" n2="%E6%B4%BE%E9%81%A3%E3%81%AE%E3%82%B8%E3%83%A3%E3%83%83%E3%82%AF" n3="%E6%A1%9C%E8%8A%B1%E9%96%83%E3%80%85" dan="17,17,17,16" rate="2186.69,2114.18,2216.69,2184.84" sx="M,M,M,M"/><TAIKYOKU oya="0"/><INIT seed="0,0,0,1,4,36" ten="250,250,250,250" oya="0" hai0="116,135,32,128,67,109,94,6,79,129,52,50,114" hai1="85,33,14,69,45,56,11,37,42,23,55,99,38" hai2="16,44,124,75,26,100,54,57,97,123,35,49,13" hai3="117,61,121,29,22,60,90,125,131,30,47,9,53"/><T101/><D114/><U51/><E33/><V91/><F123/><W12/><G117/><T25/><D116/><U7/><E69/><V1/><F1/><W39/><G121/><T88/><D135/><U66/><E66/><V122/><F122/><W41/><G131/><N who="0" m="50251" /><D109/><U107/><E107/><V83/><F124/><W95/><G125/><T120/><D120/><U74/><E74/><V105/><F57/><W5/><G53/><T133/><D133/><U77/><E99/><V10/><F75/><W110/><G110/><T92/><D6/><U89/><E23/><V43/><F26/><W59/><G22/><T63/><D79/><U65/><E65/><V58/><F35/><W98/><REACH who="3" step="1"/><G59/><REACH who="3" ten="250,250,250,240" step="2"/><N who="0" m="33175" /><D101/><U130/><E130/><V102/><F100/><W4/><G4/><T15/><D15/><U31/><E14/><V18/><F18/><W78/><G78/><T132/><D132/><U3/><E77/><V134/><F134/><W73/><G73/><T115/><D115/><U96/><E31/><AGARI ba="0,1" hai="5,9,12,29,30,31,39,41,47,60,61,90,95,98" machi="31" ten="40,2600,0" yaku="1,1,52,1,53,0" doraHai="36" doraHaiUra="119" who="3" fromWho="1" sc="250,0,250,-26,250,0,240,36" /><INIT seed="1,0,0,3,4,23" ten="250,224,250,276" oya="1" hai0="35,93,58,72,12,134,96,109,32,13,31,131,127" hai1="112,86,75,119,41,26,121,14,64,101,78,49,77" hai2="44,100,104,60,29,111,19,37,0,83,65,133,132" hai3="94,80,5,25,24,126,67,70,45,97,84,91,48"/><U66/><E75/><V105/><F111/><W113/><G113/><T129/><D72/><U68/><E112/><V53/><F0/><W18/><G126/><T62/><D127/><U20/><E119/><V21/><F29/><W38/><G38/><T4/><D109/><U76/><E121/><V69/><F83/><W110/><G110/><T61/><D134/><N who="2" m="51818" /><F100/><W15/><G5/><T103/><D62/><U9/><E101/><V123/><F123/><W52/><G67/><N who="1" m="25642" /><E68/><V122/><F122/><W115/><G70/><T6/><D6/><N who="1" m="3383" /><E86/><V95/><F95/><W43/><G43/><T106/><D106/><N who="2" m="41066" /><F53/><W55/><G55/><N who="0" m="34015" /><D4/><U74/><E74/><V116/><F116/><W85/><G115/><T90/><D103/><U98/><E98/><V39/><F44/><W79/><G97/><T7/><D7/><U88/><E88/><V42/><F42/><W47/><G47/><T46/><D46/><N who="1" m="25807" /><E76/><V34/><F34/><W11/><AGARI ba="0,0" hai="11,15,18,24,25,45,48,52,79,80,84,85,91,94" machi="11" ten="20,12000,2" yaku="0,1,7,1,8,1,52,2,54,1" doraHai="23" who="3" fromWho="3" sc="250,-30,224,-60,250,-30,276,120" /><INIT seed="2,0,0,0,0,2" ten="220,164,220,396" oya="2" hai0="121,29,8,20,22,25,52,61,14,89,19,32,102" hai1="68,13,125,67,132,27,94,7,98,71,31,135,62" hai2="69,86,11,15,41,12,49,39,57,134,81,53,72" hai3="65,17,9,4,54,50,122,30,105,64,100,40,87"/><V26/><F69/><W78/><G122/><T80/><D121/><U115/><E115/><V51/><F134/><W133/><G133/><T36/><D36/><U83/><E83/><V119/><F119/><W0/><G30/><T5/><D102/><U59/><E125/><V35/><F72/><W84/><G40/><T90/><D22/><U128/><E128/><V21/><F35/><W48/><G48/><T95/><D80/><U123/><E123/><V47/><F39/><W38/><G38/><T130/><D130/><U110/><E110/><V113/><F113/><W6/><G100/><T73/><D73/><U103/><E132/><V63/><F49/><W79/><G105/><T124/><D124/><U104/><E104/><V58/><F58/><N who="3" m="33111" /><G17/><T93/><D93/><U129/><E129/><V55/><F55/><W117/><G0/><N who="0" m="39" /><D95/><U77/><E77/><N who="3" m="29194" /><G9/><T108/><D108/><U1/><E1/><V60/><F60/><W33/><G33/><T74/><D74/><U127/><E135/><V42/><F42/><W3/><G3/><T43/><D43/><U120/><E127/><V116/><F116/><W97/><G97/><T85/><D85/><N who="3" m="32841" /><G117/><T99/><D99/><U107/><E107/><V45/><F11/><W109/><G109/><T44/><D61/><U92/><E92/><V76/><F45/><W16/><G16/><AGARI ba="0,0" hai="12,15,16,21,26,41,47,51,53,57,63,76,81,86" machi="16" ten="30,5800,0" yaku="7,1,8,1,54,1" doraHai="2" who="2" fromWho="3" sc="220,0,164,0,220,58,396,-58" /><INIT seed="2,1,0,5,3,90" ten="220,164,278,338" oya="2" hai0="117,20,35,119,52,108,34,12,94,130,82,128,106" hai1="100,80,32,112,28,69,121,111,93,125,79,124,59" hai2="72,107,46,50,74,29,70,51,123,10,75,24,127" hai3="115,116,43,8,31,54,102,99,113,47,19,48,133"/><V41/><F123/><W0/><G116/><N who="0" m="44619" /><D106/><U97/><E69/><V114/><F114/><N who="3" m="43531" /><G133/><T16/><D108/><U37/><E112/><V3/><F107/><N who="3" m="63967" /><G31/><T67/><D67/><U2/><E2/><V118/><F118/><W17/><G54/><T13/><D82/><U86/><E37/><V33/><F70/><W103/><G103/><T104/><D104/><U96/><E111/><V98/><F127/><N who="1" m="48713" /><E96/><V55/><F98/><W22/><G22/><T39/><D39/><U78/><E121/><V45/><F10/><W65/><G65/><T92/><D52/><U129/><E129/><N who="0" m="49769" /><D12/><U109/><E109/><V14/><F14/><W26/><G26/><T132/><D132/><U18/><E18/><V36/><F3/><W95/><G19/><T44/><D44/><U71/><E71/><V131/><F131/><W135/><G17/><T66/><D66/><U11/><E11/><V7/><F36/><W73/><G135/><T27/><D35/><U53/><E32/><V42/><F55/><W64/><G64/><T5/><D5/><AGARI ba="1,0" hai="5,7,24,29,33,41,42,45,46,50,51,72,74,75" machi="5" ten="40,2000,0" yaku="9,1" doraHai="90" who="2" fromWho="0" sc="220,-23,164,0,278,23,338,0" /><INIT seed="2,2,0,2,0,21" ten="197,164,301,338" oya="2" hai0="20,0,33,3,7,94,42,101,93,79,118,119,83" hai1="96,4,1,28,44,22,97,65,107,24,57,40,46" hai2="25,23,113,122,32,68,78,64,105,71,61,110,15" hai3="104,19,41,53,90,11,123,31,82,120,67,81,127"/><V100/><F122/><W34/><G104/><T121/><D121/><U102/><E97/><N who="2" m="61583" /><F113/><W108/><G67/><T70/><D33/><U58/><E46/><V84/><F15/><W63/><G41/><T50/><D70/><U43/><E43/><V126/><F68/><W109/><G53/><T60/><D60/><U99/><E99/><V98/><F23/><W117/><G63/><T12/><D42/><U66/><E65/><V130/><F98/><W74/><G19/><N who="0" m="10343" /><D50/><U38/><REACH who="1" step="1"/><E66/><REACH who="1" ten="197,154,301,338" step="2"/><V52/><F64/><W39/><G123/><T30/><D30/><U103/><E103/><V6/><F130/><W10/><G31/><T9/><D101/><U92/><E92/><V54/><F54/><W14/><G120/><T89/><D89/><U76/><E76/><V49/><F52/><W13/><G90/><T56/><D56/><U80/><E80/><V16/><F78/><W51/><G82/><T45/><D45/><U77/><E77/><V75/><F71/><W17/><G81/><T35/><D35/><U95/><E95/><N who="0" m="36361" /><D83/><U27/><E27/><V115/><F25/><W48/><G34/><T86/><D79/><U69/><E69/><V59/><F32/><W72/><G72/><T131/><D86/><U106/><E106/><V129/><F84/><W133/><G74/><T114/><D131/><U134/><E134/><V116/><F75/><W111/><G133/><T55/><D55/><U47/><E47/><V91/><F129/><W125/><G109/><T5/><D114/><U135/><E135/><V8/><F110/><W112/><G111/><T132/><D132/><RYUUKYOKU ba="2,1" sc="197,15,154,15,301,-15,338,-15" hai0="0,3,5,7,9,118,119" hai1="1,4,22,24,28,38,40,44,57,58,96,102,107" /><INIT seed="3,3,1,2,2,1" ten="212,169,286,323" oya="3" hai0="90,58,38,12,56,46,50,112,28,43,70,33,97" hai1="117,107,130,133,42,118,128,35,66,7,95,105,109" hai2="106,45,111,39,125,17,8,52,48,116,96,13,31" hai3="82,2,0,114,15,54,11,34,57,85,60,23,87"/><W121/><G121/><T47/><D70/><U110/><E35/><V113/><F113/><W69/><G34/><T104/><D112/><U18/><E18/><V100/><F116/><N who="1" m="44649" /><E42/><V64/><F64/><W124/><G114/><T131/><D131/><N who="1" m="50219" /><E95/><V76/><F111/><N who="1" m="42505" /><E66/><V94/><F94/><W73/><G23/><T32/><D32/><U30/><E30/><V115/><F31/><W25/><G25/><T81/><D33/><U55/><E7/><V99/><F115/><W19/><G19/><T5/><D5/><U84/><E84/><V89/><F17/><W10/><G87/><T83/><D28/><U49/><E133/><V29/><F29/><W24/><G85/><T135/><D135/><U37/><E37/><V108/><F39/><W79/><G24/><T62/><D38/><U101/><E101/><V36/><F100/><W102/><G102/><T27/><D27/><U61/><E61/><V51/><F36/><W14/><G60/><T123/><D62/><U78/><E78/><V40/><F76/><W67/><G79/><T3/><D43/><U44/><AGARI ba="3,1" hai="44,49,55,105,107" m="42505,50219,44649" machi="44" ten="40,5200,0" yaku="12,1,19,1,14,1" doraHai="1" who="1" fromWho="1" sc="212,-16,169,71,286,-16,323,-29" /><INIT seed="4,0,0,4,1,57" ten="196,240,270,294" oya="0" hai0="22,13,99,35,94,76,61,123,96,86,79,107,103" hai1="128,85,104,117,118,133,5,109,82,27,38,8,16" hai2="80,110,20,48,113,112,60,63,102,54,65,26,3" hai3="70,52,4,101,66,124,36,0,75,12,15,49,125"/><T114/><D123/><U121/><E109/><V55/><F110/><W19/><G36/><T11/><D35/><U56/><E121/><V131/><F3/><W41/><G75/><T71/><D114/><N who="2" m="44138" /><F131/><W33/><G41/><T78/><D22/><U58/><E38/><V18/><F102/><W45/><G33/><T135/><D135/><U32/><E104/><V122/><F122/><W44/><G44/><T6/><D86/><U88/><E128/><V89/><F65/><W28/><G101/><T126/><D126/><U72/><E72/><V39/><F39/><W81/><G81/><T24/><D24/><U68/><E68/><V29/><F54/><W105/><G105/><T43/><D43/><U25/><E133/><V100/><F100/><W1/><G1/><T87/><D99/><U34/><E34/><N who="2" m="20791" /><F89/><W53/><G53/><T132/><D132/><U7/><E117/><V2/><F2/><W62/><G28/><T91/><REACH who="0" step="1"/><D71/><REACH who="0" ten="186,240,270,294" step="2"/><U92/><E32/><V129/><F129/><W111/><G111/><T90/><D90/><N who="1" m="51511" /><E118/><V95/><F80/><W98/><G98/><T73/><D73/><U116/><E116/><V47/><F95/><W77/><G125/><T59/><D59/><N who="1" m="22571" /><E27/><AGARI ba="0,1" hai="18,20,27,47,48,55,60,63" m="20791,44138" machi="27" ten="30,3900,0" yaku="15,1,52,2" doraHai="57" who="2" fromWho="1" sc="186,0,240,-39,270,49,294,0" owari="186,-31.4,201,-19.9,319,41.9,294,9.4" /></mjloggm>