<mjloggm ver="2.3"><GO type="225" lobby="0"/><UN n0="%6B%69%6D%38" n1="%E3%81%9F%E3%81%A3%E3%81%A1%E3%82%87" n2="%73%69%72%6F%75%74" n3="%72%69%6F%75%63%68%61%6E" dan="18,16,16,17" rate="2186.96,2119.77,2021.99,2237.98" sx="M,M,M,M"/><TAIKYOKU oya="0"/><INIT seed="0,0,0,1,4,123" ten="250,250,250,250" oya="0" hai0="71,85,1,127,91,103,57,4,0,63,88,131,78" hai1="74,51,6,50,115,55,30,110,76,58,79,15,34" hai2="8,130,95,133,32,81,35,107,18,119,120,72,42" hai3="97,118,112,69,62,16,96,49,68,5,23,105,82"/><T132/><D131/><U84/><E115/><V2/><F120/><W44/><G112/><T109/><D71/><U100/><E74/><V28/><F107/><W20/><G118/><T125/><D103/><U17/><E6/><V37/><F95/><W65/><G68/><T11/><D0/><U14/><E14/><V48/><F48/><W13/><G105/><T102/><D102/><U40/><E34/><V111/><F18/><W61/><G5/><T25/><D25/><U134/><E30/><V94/><F94/><W36/><G36/><T21/><D21/><U53/><E40/><V128/><F119/><W108/><G108/><T73/><D132/><U101/><E110/><V124/><F124/><N who="0" m="47690" /><D73/><U86/><E86/><V104/><F111/><W54/><G62/><T113/><D113/><U83/><E79/><N who="2" m="44263" /><F104/><W7/><G7/><T10/><D10/><N who="1" m="6391" /><E134/><V70/><F133/><W116/><G116/><T52/><D109/><U99/><E99/><V26/><F35/><W129/><G129/><N who="2" m="49769" /><F8/><W75/><REACH who="3" step="1"/><G23/><REACH who="3" ten="250,250,250,240" step="2"/><T59/><D59/><AGARI ba="0,1" hai="50,51,53,55,58,59,76,83,84,100,101" m="6391" machi="59" ten="30,1000,0" yaku="8,1" doraHai="123" who="1" fromWho="0" sc="250,-10,250,20,250,0,240,0" /><INIT seed="1,0,0,2,3,126" ten="240,270,250,240" oya="1" hai0="34,96,43,80,6,52,108,29,14,104,70,61,15" hai1="107,42,48,58,46,27,44,125,24,129,83,101,59" hai2="5,131,116,0,35,130,102,72,36,112,113,133,94" hai3="68,114,40,8,71,51,95,62,54,118,85,73,93"/><U127/><E83/><V9/><F116/><W53/><G114/><N who="2" m="44137" /><F133/><W106/><G73/><T100/><D108/><U41/><E101/><V45/><F35/><W111/><G111/><T78/><D43/><U55/><E107/><V123/><F123/><W60/><G118/><T2/><D2/><U10/><E10/><V17/><F17/><W25/><G106/><T3/><D3/><U23/><E23/><V122/><F122/><W4/><G40/><T56/><D6/><U105/><E105/><V124/><F124/><N who="1" m="47689" /><E24/><V21/><F21/><W121/><G121/><T69/><D69/><U74/><E27/><V19/><F19/><W65/><G25/><T134/><D134/><U90/><E90/><V47/><F72/><W22/><G22/><T128/><D70/><U26/><E26/><V132/><F132/><W115/><G115/><T98/><D34/><U57/><E74/><V91/><F102/><W7/><G85/><N who="0" m="48279" /><D96/><U76/><E76/><V31/><F31/><W87/><G87/><T30/><D30/><U103/><E103/><V97/><F36/><W84/><G84/><T135/><D29/><U81/><E81/><V11/><F9/><W79/><G79/><T50/><D135/><U12/><E12/><V82/><F82/><W63/><G8/><T109/><D14/><U120/><E120/><V66/><F66/><N who="3" m="41031" /><G4/><T1/><D109/><U18/><E18/><V16/><F16/><W33/><G7/><T37/><D100/><U32/><E32/><V28/><F28/><W49/><G33/><T13/><D13/><U75/><E75/><V110/><F110/><RYUUKYOKU ba="0,0" sc="240,-10,270,-10,250,30,240,-10" hai2="0,5,11,45,47,91,94,97,130,131" /><INIT seed="2,1,0,3,3,111" ten="230,260,280,230" oya="2" hai0="62,103,58,44,81,8,43,4,55,2,125,37,3" hai1="71,101,29,104,89,115,109,80,116,90,96,87,75" hai2="0,106,131,107,92,32,21,41,47,100,12,78,66" hai3="57,129,65,130,60,105,45,91,67,127,122,1,23"/><V30/><F0/><W86/><G122/><T69/><D125/><U50/><E71/><V27/><F78/><W72/><G127/><T74/><D2/><U94/><E50/><V35/><F131/><N who="3" m="50187" /><G72/><T9/><D9/><U31/><E109/><V84/><F66/><N who="3" m="39183" /><G105/><T39/><D103/><U120/><E120/><V28/><F35/><W132/><G132/><T124/><D124/><U56/><E56/><V98/><F84/><W121/><G121/><T133/><D39/><U49/><E49/><V88/><F100/><W13/><G1/><T61/><D61/><U11/><E116/><V112/><F112/><W48/><G23/><T24/><D24/><U38/><E38/><V6/><F30/><W95/><G13/><T17/><D17/><U73/><E11/><V108/><F108/><W99/><G99/><T77/><REACH who="0" step="1"/><D69/><REACH who="0" ten="220,260,280,230" step="2"/><U22/><E29/><V53/><F27/><W93/><G95/><T119/><D119/><U83/><E31/><V40/><F28/><W64/><G65/><T68/><D68/><U52/><E94/><V10/><F106/><W36/><G36/><T19/><D19/><U33/><E104/><V82/><F107/><W25/><G25/><T51/><D51/><U102/><E33/><V114/><F32/><W126/><G126/><T26/><D26/><U42/><E22/><V70/><F70/><W118/><G118/><T59/><D59/><U16/><E16/><V18/><F21/><W5/><G5/><T63/><D63/><U128/><E128/><V76/><F6/><W85/><G85/><T7/><D7/><U79/><E87/><RYUUKYOKU ba="1,1" sc="220,15,260,-15,280,-15,230,15" hai0="3,4,8,37,43,44,55,58,62,74,77,81,133" hai3="45,48,64,67,86,91,93" /><INIT seed="3,2,1,1,5,97" ten="235,245,265,245" oya="3" hai0="100,89,63,116,16,125,80,59,30,117,91,107,12" hai1="34,124,48,56,75,104,85,13,95,120,40,44,92" hai2="72,115,102,130,135,31,8,52,1,51,133,109,21" hai3="129,121,105,101,35,4,76,86,55,67,81,22,119"/><W106/><G119/><T37/><D37/><U41/><E120/><V9/><F115/><W65/><G121/><T3/><D3/><U114/><E104/><V39/><F39/><W126/><G35/><T66/><D125/><U87/><E75/><V74/><F102/><W58/><G126/><T64/><D116/><U32/><E114/><V69/><F69/><W108/><G129/><T131/><D117/><U103/><E124/><V132/><F109/><W94/><G108/><T26/><D131/><U79/><E79/><V54/><F54/><W128/><G128/><T36/><D36/><U49/><E13/><V15/><F130/><W84/><G4/><T68/><D80/><U83/><E83/><V88/><F88/><N who="3" m="53511" /><G106/><T5/><D59/><U17/><E56/><N who="2" m="32799" /><F1/><W2/><G2/><T98/><D66/><N who="3" m="25097" /><G105/><T123/><D5/><U23/><E32/><V29/><F74/><W61/><G22/><N who="0" m="11527" /><D123/><U18/><E23/><V122/><F72/><W70/><G70/><T113/><D113/><U33/><E44/><V96/><F122/><W19/><G19/><T73/><D73/><U60/><E33/><AGARI ba="2,1" hai="26,30,33,63,64,68,89,91,98,100,107" m="11527" machi="33" ten="30,3900,0" yaku="25,1,52,1,54,1" doraHai="97" who="0" fromWho="1" sc="235,55,245,-45,265,0,245,0" /><INIT seed="4,0,0,4,4,23" ten="290,200,265,245" oya="0" hai0="131,16,63,103,101,78,27,12,86,18,82,107,135" hai1="127,100,124,69,52,122,114,109,71,46,41,72,33" hai2="92,21,50,65,6,55,129,49,45,8,44,128,56" hai3="43,24,64,40,96,121,4,95,84,132,90,20,110"/><T34/><D135/><U106/><E72/><V15/><F92/><W31/><G132/><T91/><D131/><U125/><E109/><V25/><F128/><W104/><G110/><T123/><D123/><U61/><E33/><V58/><F65/><W67/><G121/><T51/><D107/><U30/><E30/><V36/><F36/><W1/><G1/><T115/><D115/><U9/><E122/><V113/><F113/><W108/><G108/><T130/><D130/><U73/><E73/><V10/><F10/><W74/><G74/><T97/><D63/><U3/><E114/><V120/><F120/><W77/><G4/><T134/><D51/><U119/><E119/><V59/><F129/><W98/><G104/><T112/><D134/><U70/><E9/><V42/><F45/><W118/><G118/><T22/><D112/><U2/><E61/><V26/><F26/><W89/><G77/><T60/><D60/><U111/><E111/><V57/><F57/><W0/><G0/><T53/><D53/><U32/><E32/><V28/><AGARI ba="0,0" hai="6,8,15,21,25,28,42,44,49,50,55,56,58,59" machi="28" ten="20,5200,0" yaku="0,1,7,1,8,1,52,1" doraHai="23" who="2" fromWho="2" sc="290,-26,200,-13,265,52,245,-13" owari="264,6.4,187,-31.3,317,41.7,232,-16.8" /></mjloggm>