<mjloggm ver="2.3"><GO type="225" lobby="0"/><UN n0="%E3%81%AA%E3%81%8A%E3%81%A8%4E%4D%42" n1="%47%48%4F%53%54" n2="%E3%81%8C%E3%81%9F" n3="%E3%83%B4%E3%82%A3%E3%83%AF%E3%82%B3%E3%82%B0%E3%83%8B" dan="16,17,17,16" rate="2139.75,2287.84,2168.59,2157.20" sx="M,M,F,M"/><TAIKYOKU oya="0"/><INIT seed="0,0,0,1,2,73" ten="250,250,250,250" oya="0" hai0="121,51,24,95,102,10,90,16,25,47,50,61,131" hai1="103,57,46,29,4,7,26,94,20,52,79,15,91" hai2="127,68,2,87,38,123,70,118,33,117,44,56,19" hai3="6,9,88,120,62,21,113,115,107,100,13,111,65"/><T3/><D121/><U99/><E46/><V134/><F123/><W72/><G111/><T59/><D131/><U58/><E58/><V108/><F33/><W116/><G116/><N who="2" m="44649" /><F2/><W105/><G120/><T101/><D3/><U14/><E103/><N who="0" m="39433" /><D25/><U34/><E79/><V76/><F108/><W39/><G21/><N who="0" m="13351" /><D10/><U86/><E99/><V32/><F32/><W96/><G39/><T67/><D47/><U109/><E109/><V119/><F127/><W97/><G72/><T81/><D81/><U112/><E112/><V12/><F134/><W5/><G5/><N who="1" m="2122" /><E34/><V64/><F119/><W53/><G105/><T49/><D49/><AGARI ba="0,0" hai="14,15,20,26,29,49,52,57,86,91,94" m="2122" machi="49" ten="30,2000,0" yaku="8,1,54,1" doraHai="73" who="1" fromWho="0" sc="250,-20,250,20,250,0,250,0" /><INIT seed="1,0,0,0,4,85" ten="230,270,250,250" oya="1" hai0="104,18,109,105,20,127,119,86,37,69,106,96,91" hai1="50,28,42,98,68,67,45,73,93,4,48,79,12" hai2="134,3,64,116,66,130,59,7,22,75,108,58,94" hai3="110,40,35,97,99,49,129,57,29,89,6,87,15"/><U39/><E28/><V51/><F116/><W76/><G110/><T122/><D37/><U70/><E73/><V83/><F108/><W123/><G129/><T52/><D69/><U11/><E79/><V36/><F36/><W101/><G123/><T10/><D109/><U111/><E111/><V47/><F130/><W27/><G76/><T63/><D119/><U120/><E120/><V135/><F22/><W8/><G101/><T118/><D10/><U56/><E39/><V90/><F83/><W46/><REACH who="3" step="1"/><G57/><REACH who="3" ten="230,270,250,240" step="2"/><N who="0" m="35239" /><D122/><U5/><E70/><V61/><F59/><W24/><G24/><N who="0" m="14359" /><D127/><U16/><E68/><V78/><F134/><W132/><G132/><T13/><D118/><U102/><E67/><V26/><F66/><W88/><G88/><T82/><D13/><U38/><E38/><V126/><F126/><W31/><G31/><T9/><D9/><U21/><E11/><V121/><F121/><W32/><G32/><T80/><D86/><U53/><AGARI ba="0,1" hai="4,5,12,16,21,42,45,48,50,53,56,93,98,102" machi="53" ten="30,6000,0" yaku="0,1,8,1,54,1" doraHai="85" who="1" fromWho="1" sc="230,-20,270,70,250,-20,240,-20" /><INIT seed="1,1,0,2,0,43" ten="210,340,230,220" oya="1" hai0="75,58,135,95,57,80,63,118,102,52,3,120,23" hai1="78,92,89,116,64,69,133,35,106,74,98,100,77" hai2="110,94,85,131,50,2,36,9,21,37,107,119,48" hai3="84,10,114,129,132,121,115,101,17,6,104,26,103"/><U81/><E116/><V79/><F119/><W82/><G121/><T53/><D118/><U113/><E113/><V91/><F107/><W88/><G132/><T108/><D3/><U44/><E133/><V15/><F110/><W14/><G129/><T111/><D135/><U22/><E35/><V67/><F67/><W29/><G6/><T62/><D120/><U109/><E22/><V34/><F34/><W83/><G82/><T56/><D56/><U16/><E16/><V96/><F2/><W46/><G46/><T19/><D80/><N who="1" m="45111" /><E44/><V25/><F131/><W4/><G4/><T86/><D75/><N who="1" m="43231" /><E64/><V1/><F1/><W32/><REACH who="3" step="1"/><G104/><REACH who="3" ten="210,340,230,210" step="2"/><T24/><REACH who="0" step="1"/><D86/><REACH who="0" ten="200,340,230,210" step="2"/><U49/><E109/><V13/><F85/><W7/><G7/><T28/><D28/><U90/><E69/><V73/><F73/><W124/><G124/><T11/><D11/><U125/><E125/><V39/><F9/><W65/><G65/><T76/><D76/><U97/><E106/><V33/><F79/><W126/><G126/><T8/><D8/><U41/><E98/><AGARI ba="1,2" hai="19,23,24,52,53,57,58,62,63,95,98,102,108,111" machi="98" ten="40,5200,0" yaku="1,1,9,1,54,1,53,0" doraHai="43" doraHaiUra="0" who="0" fromWho="1" sc="200,75,340,-55,230,0,210,0" /><INIT seed="2,0,0,1,5,14" ten="275,285,230,210" oya="2" hai0="5,1,39,85,106,113,71,26,4,90,72,95,122" hai1="98,66,121,79,29,31,117,107,74,52,22,124,126" hai2="125,101,73,97,28,16,0,77,58,92,88,33,54" hai3="19,87,123,57,18,120,65,53,78,48,61,55,64"/><V100/><F0/><W30/><G123/><T86/><D71/><U112/><E117/><V12/><F125/><N who="1" m="48233" /><E112/><V49/><F33/><W11/><G120/><T83/><D39/><U115/><E115/><V36/><F36/><W3/><G30/><T130/><D106/><U114/><E66/><N who="3" m="25706" /><G11/><T45/><D1/><U118/><E79/><V69/><F69/><W135/><G135/><T17/><D72/><U60/><E74/><V116/><F116/><W75/><G75/><T134/><D130/><U15/><E121/><V81/><F28/><W128/><G128/><T46/><D134/><U132/><E132/><V23/><AGARI ba="0,0" hai="12,16,23,49,54,58,73,77,81,88,92,97,100,101" machi="23" ten="20,12000,1" yaku="0,1,7,1,52,1,54,2" doraHai="14" who="2" fromWho="2" sc="275,-40,285,-40,230,120,210,-40" /><INIT seed="2,1,0,1,2,80" ten="235,245,350,170" oya="2" hai0="70,128,29,72,44,33,42,3,39,135,76,45,24" hai1="90,67,95,68,110,20,132,59,17,27,46,71,84" hai2="43,122,23,101,15,117,75,64,124,115,14,7,49" hai3="26,82,54,86,92,77,104,55,53,28,102,19,133"/><V89/><F115/><W107/><G133/><T74/><D135/><U30/><E132/><V1/><F117/><W105/><G19/><T63/><D128/><U79/><E110/><V6/><F122/><W16/><G16/><T100/><D45/><U57/><E79/><V47/><F75/><W98/><REACH who="3" step="1"/><G107/><REACH who="3" ten="235,245,350,160" step="2"/><T34/><D34/><AGARI ba="1,1" hai="26,28,34,53,54,55,77,82,86,92,98,102,104,105" machi="34" ten="40,8000,1" yaku="1,1,2,1,52,1,53,2" doraHai="80" doraHaiUra="103" who="3" fromWho="0" sc="235,-83,245,0,350,0,160,93" /><INIT seed="3,0,0,4,2,97" ten="152,245,350,253" oya="3" hai0="37,18,113,27,26,109,119,47,33,69,92,128,17" hai1="87,99,40,23,62,91,35,14,36,106,5,57,103" hai2="75,50,2,74,71,20,135,81,79,100,78,93,125" hai3="82,3,94,63,107,122,38,46,48,112,21,121,83"/><W123/><G112/><T64/><D119/><U10/><E35/><V11/><F71/><W85/><G107/><T118/><D109/><U12/><E36/><V58/><F125/><W76/><G3/><T111/><D118/><U127/><E127/><V44/><F135/><W73/><G63/><T30/><D111/><U66/><E40/><V86/><F20/><W43/><G21/><T115/><D128/><U56/><E23/><V98/><F58/><W104/><G104/><T54/><D92/><U68/><E14/><V84/><F75/><W77/><REACH who="3" step="1"/><G94/><AGARI ba="0,0" hai="5,10,12,56,57,62,66,68,87,91,94,99,103,106" machi="94" ten="30,2000,0" yaku="7,1,52,1" doraHai="97" who="1" fromWho="3" sc="152,0,245,20,350,0,253,-20" owari="152,-34.8,265,6.5,350,45.0,233,-16.7" /></mjloggm>