<mjloggm ver="2.3"><GO type="225" lobby="0"/><UN n0="%E6%B2%A1%E7%94%B7" n1="%E3%81%B8%E3%82%80%E3%81%B8%E3%82%80%EF%BC%92%E5%8F%B7" n2="%72%69%6F%75%63%68%61%6E" n3="%54%4F%52" dan="16,17,17,17" rate="2076.92,2142.42,2234.78,2250.53" sx="M,M,M,M"/><TAIKYOKU oya="0"/><INIT seed="0,0,0,3,4,70" ten="250,250,250,250" oya="0" hai0="112,125,76,132,0,62,5,67,75,124,114,14,10" hai1="89,127,27,81,16,4,105,72,19,51,126,31,74" hai2="61,131,18,49,32,35,113,22,63,119,29,41,20" hai3="135,17,28,100,78,98,33,69,57,115,23,45,104"/><T43/><D132/><U24/><E105/><V108/><F113/><W130/><G115/><N who="0" m="44075" /><D14/><U103/><E4/><V92/><F108/><W13/><G135/><T56/><D43/><U25/><E103/><V53/><F131/><W55/><G130/><T1/><D1/><U40/><E31/><V50/><F119/><W109/><G109/><T54/><D54/><U64/><E64/><V110/><F110/><W44/><G69/><T52/><D67/><U37/><E51/><V65/><F92/><W87/><G28/><T94/><D94/><U59/><E59/><V129/><F129/><W71/><G71/><T30/><D30/><U60/><E60/><V111/><F111/><W85/><G33/><T9/><D9/><U128/><E128/><V99/><F99/><W21/><G21/><T95/><D95/><U90/><E40/><V122/><F65/><W84/><REACH who="3" step="1"/><G78/><REACH who="3" ten="250,250,250,240" step="2"/><T123/><D123/><U48/><E126/><N who="0" m="48745" /><D76/><U73/><E127/><V6/><F122/><W88/><G88/><T80/><D80/><U12/><E81/><V47/><F32/><W102/><G102/><T91/><D91/><U118/><E90/><V101/><F101/><W133/><G133/><T93/><D93/><U68/><E89/><V46/><F35/><W42/><G42/><T34/><D34/><U107/><E68/><V83/><F83/><W15/><G15/><T79/><D79/><U77/><E77/><V11/><F29/><W121/><G121/><T38/><D75/><U2/><E73/><V134/><F134/><W117/><G117/><T97/><D97/><U116/><E118/><RYUUKYOKU ba="0,1" sc="250,15,250,-15,250,-15,240,15" hai0="0,5,10,38,52,56,62" hai3="13,17,23,44,45,55,57,84,85,87,98,100,104" /><INIT seed="0,1,1,2,1,60" ten="265,235,235,255" oya="0" hai0="82,18,3,7,5,52,16,56,47,132,36,89,86" hai1="59,131,120,29,103,115,50,46,41,110,95,39,116" hai2="25,96,54,38,80,13,77,40,104,8,98,85,92" hai3="73,19,119,26,134,21,88,78,83,113,22,122,34"/><T84/><D132/><U81/><E116/><V1/><F1/><W106/><G119/><T118/><D118/><U67/><E120/><V48/><F104/><W32/><G113/><T87/><D36/><U10/><E115/><V62/><F38/><W14/><G134/><T72/><D47/><U31/><E131/><V63/><F40/><W65/><G122/><T6/><D3/><U35/><E110/><V2/><F2/><W44/><G106/><T91/><D72/><U37/><E10/><V76/><F77/><W53/><G88/><N who="0" m="33867" /><D82/><U68/><E81/><V102/><F25/><W58/><G44/><T105/><D105/><U28/><E35/><V15/><F98/><W42/><G42/><T69/><D69/><U129/><E129/><V108/><F108/><W124/><G124/><T30/><D30/><U45/><E68/><V109/><F109/><W111/><G111/><T11/><D11/><U12/><E12/><N who="2" m="4683" /><F8/><W121/><G121/><T97/><D97/><U71/><E71/><V23/><F23/><W101/><G101/><T75/><D75/><U90/><E103/><V79/><F76/><W93/><G93/><T74/><D74/><U100/><E100/><V126/><F126/><W33/><G33/><T66/><D66/><U99/><E45/><AGARI ba="1,1" hai="45,48,54,62,63,79,80,85,92,96,102" m="4683" machi="45" ten="30,1000,0" yaku="8,1" doraHai="60" who="2" fromWho="1" sc="265,0,235,-13,235,23,255,0" /><INIT seed="1,0,0,4,0,48" ten="265,222,258,255" oya="1" hai0="124,49,111,24,42,72,10,57,91,62,106,100,116" hai1="29,70,85,27,52,108,96,88,59,132,37,110,112" hai2="125,90,121,122,130,23,105,134,36,79,97,40,58" hai3="102,22,133,1,117,63,25,118,41,38,126,5,86"/><U26/><E112/><V119/><F119/><N who="3" m="45579" /><G133/><T123/><D116/><U43/><E132/><V3/><F134/><W104/><G126/><T64/><D72/><U39/><E70/><V13/><F3/><W107/><G86/><T53/><D124/><U93/><E96/><V131/><F125/><W98/><G63/><T51/><D111/><N who="1" m="42539" /><E43/><V99/><F79/><W15/><G1/><T12/><D123/><U68/><E68/><V18/><F97/><W46/><G15/><T103/><D106/><U75/><E75/><V101/><F90/><W67/><G67/><T120/><D91/><U129/><E129/><N who="2" m="49163" /><F58/><W16/><G5/><N who="0" m="3151" /><D24/><N who="1" m="9259" /><E29/><V44/><AGARI ba="0,0" hai="13,18,23,36,40,44,99,101,105,121,122" m="49163" machi="44" ten="30,1100,0" yaku="19,1" doraHai="48" who="2" fromWho="2" sc="265,-3,222,-5,258,11,255,-3" /><INIT seed="2,0,0,0,2,25" ten="262,217,269,252" oya="2" hai0="133,79,122,40,0,108,71,120,66,85,68,99,19" hai1="64,53,104,44,130,91,69,98,101,21,41,36,5" hai2="134,132,27,30,74,70,46,84,113,55,63,127,32" hai3="110,59,124,92,123,115,94,95,26,89,43,97,81"/><V49/><F113/><W135/><G123/><T87/><D0/><U111/><E111/><V9/><F74/><W118/><G118/><T52/><D108/><U4/><E130/><V1/><F127/><W23/><G110/><T90/><D40/><U13/><E91/><V61/><F84/><N who="3" m="50319" /><G124/><T100/><D133/><N who="2" m="51306" /><F70/><W58/><G135/><T62/><D79/><U39/><E39/><V33/><F33/><W96/><G43/><T14/><D52/><U12/><E53/><V65/><F65/><W121/><G121/><T16/><D71/><U20/><E13/><V17/><F17/><N who="3" m="12655" /><G115/><T35/><D35/><U29/><E12/><V3/><F3/><W128/><G128/><T82/><D87/><U131/><E131/><V109/><F109/><W24/><G24/><T47/><D19/><U54/><E54/><V28/><F30/><W125/><G125/><T15/><D15/><U31/><E64/><V117/><F117/><W42/><G42/><T2/><D2/><U112/><E69/><V86/><F86/><W67/><G67/><T114/><D114/><U34/><E34/><V50/><F49/><W116/><G116/><T10/><REACH who="0" step="1"/><D47/><REACH who="0" ten="252,217,269,252" step="2"/><U93/><E112/><V38/><F1/><W45/><G45/><T105/><AGARI ba="0,1" hai="10,14,16,62,66,68,82,85,90,99,100,105,120,122" machi="105" ten="20,12000,2" yaku="1,1,2,1,0,1,7,1,54,1,53,1" doraHai="25" doraHaiUra="77" who="0" fromWho="0" sc="252,130,217,-30,269,-60,252,-30" /><INIT seed="3,0,0,3,4,52" ten="382,187,209,222" oya="3" hai0="56,23,62,87,100,11,132,116,33,1,34,106,72" hai1="126,75,2,101,40,70,93,57,130,128,67,48,60" hai2="6,59,85,27,58,31,36,50,54,37,66,117,99" hai3="81,12,63,80,102,69,3,97,94,125,98,47,14"/><W95/><G3/><T124/><D72/><U84/><E2/><V51/><F117/><W55/><G125/><T29/><D106/><U114/><E114/><V30/><F6/><W25/><G25/><T28/><D100/><U104/><E75/><V105/><F85/><W35/><G35/><T91/><D132/><U64/><E126/><V53/><F66/><W43/><G14/><T115/><D116/><U88/><E67/><V41/><F41/><W118/><G118/><T129/><D129/><N who="1" m="49771" /><E40/><V13/><F13/><W82/><G12/><T5/><D29/><U17/><E17/><V74/><F74/><W119/><G119/><T73/><D73/><U10/><E10/><V90/><F90/><W96/><G69/><T86/><D86/><U4/><E4/><V113/><F113/><W46/><G102/><T92/><D115/><U120/><E120/><V9/><F9/><W123/><G123/><T42/><D42/><U103/><E104/><V77/><F77/><W71/><G71/><T39/><D39/><U19/><E19/><V20/><F30/><W38/><REACH who="3" step="1"/><G47/><REACH who="3" ten="382,187,209,212" step="2"/><T68/><D124/><U44/><E44/><V7/><F7/><W18/><G18/><T122/><D5/><U133/><E133/><V45/><F45/><W22/><G22/><T109/><D23/><U89/><E89/><V127/><F127/><W110/><G110/><T65/><D68/><U83/><E83/><V0/><F0/><W134/><G134/><T61/><D109/><U8/><E8/><V108/><F108/><W24/><G24/><T135/><D122/><U79/><E79/><RYUUKYOKU ba="0,1" sc="382,-30,187,10,209,10,212,10" hai1="48,57,60,64,70,84,88,93,101,103" hai2="20,27,31,36,37,50,51,53,54,58,59,99,105" hai3="38,43,46,55,63,80,81,82,94,95,96,97,98" /><INIT seed="3,1,1,4,4,99" ten="352,197,219,222" oya="3" hai0="61,30,34,63,70,112,62,7,0,46,131,93,38" hai1="103,91,114,8,22,12,92,130,108,117,107,95,19" hai2="21,120,6,100,98,25,35,68,65,128,73,97,36" hai3="53,42,40,77,23,27,79,109,82,17,3,111,110"/><W84/><G3/><T134/><D0/><U50/><E114/><V123/><F128/><W67/><G67/><T49/><D38/><U24/><E130/><V89/><F73/><W45/><G77/><T90/><D131/><U55/><E108/><V39/><F35/><W44/><G53/><T105/><D105/><U18/><E117/><V96/><F100/><W127/><G127/><T104/><D104/><U2/><E2/><V83/><F6/><W69/><G69/><T31/><D134/><U78/><E78/><V81/><F65/><W14/><REACH who="3" step="1"/><G27/><REACH who="3" ten="352,197,219,212" step="2"/><T119/><D70/><U118/><E118/><V48/><F68/><W20/><G20/><T94/><D119/><U106/><E103/><V76/><F76/><W122/><G122/><T58/><D112/><U126/><E126/><V121/><F89/><W37/><G37/><N who="2" m="14409" /><F48/><W87/><G87/><T26/><D90/><U71/><E71/><V43/><F43/><AGARI ba="1,2" hai="14,17,23,40,42,43,44,45,79,82,84,109,110,111" machi="43" ten="40,7700,0" yaku="1,1,14,1,10,1,53,0" doraHai="99" doraHaiUra="135" who="3" fromWho="2" sc="352,0,197,0,219,-80,212,100" /><INIT seed="3,2,0,2,2,97" ten="352,197,139,312" oya="3" hai0="71,99,32,117,122,38,66,89,9,110,58,85,33" hai1="118,87,36,4,100,26,17,56,1,108,57,116,40" hai2="86,72,107,115,84,73,35,37,98,69,102,31,130" hai3="67,10,28,113,51,101,59,2,20,23,70,27,41"/><W81/><G113/><T76/><D117/><N who="1" m="45163" /><E108/><V30/><F115/><W92/><G70/><T68/><D33/><U22/><E100/><V135/><F130/><W65/><G81/><T5/><D85/><U25/><E25/><V94/><F135/><W11/><G2/><T103/><D68/><U44/><E87/><V120/><F120/><W80/><G80/><T13/><D9/><AGARI ba="2,0" hai="1,4,9,17,22,26,36,40,44,56,57" m="45163" machi="9" ten="30,1000,0" yaku="12,1" doraHai="97" who="1" fromWho="0" sc="352,-16,197,16,139,0,312,0" owari="336,43.6,213,-18.7,139,-36.1,312,11.2" /></mjloggm>