<mjloggm ver="2.3"><GO type="225" lobby="0"/><UN n0="%6D%75%75%73%61%6E%6D%75" n1="%E5%86%B7%E5%87%8D%E3%82%AE%E3%83%A7%E3%83%BC%E3%82%B6" n2="%E3%80%90%E3%83%88%E3%83%AA%E3%83%A5%E3%83%95%E3%80%91" n3="%E7%89%B9%E6%9D%B1%E3%81%AF%E4%B8%96%E7%95%8C%E3%82%92%E6%95%91%E3%81%86" dan="17,17,16,16" rate="2163.11,2195.57,2064.48,2117.83" sx="F,M,F,M"/><TAIKYOKU oya="0"/><INIT seed="0,0,0,0,0,1" ten="250,250,250,250" oya="0" hai0="96,117,5,91,113,39,17,15,43,130,82,45,11" hai1="26,106,95,114,58,121,86,90,38,50,62,54,75" hai2="25,18,10,27,56,55,119,103,30,66,16,124,112" hai3="129,92,64,12,2,94,63,32,0,33,120,104,110"/><T6/><D113/><U61/><E121/><V40/><F112/><W68/><G104/><T125/><D117/><U118/><E118/><V47/><F119/><W116/><G116/><T24/><D125/><U9/><E114/><V135/><F135/><W133/><G120/><T70/><D130/><U3/><E38/><V79/><F66/><W78/><G133/><T57/><D70/><U72/><E106/><V123/><F123/><W109/><G78/><T131/><D131/><U71/><E26/><V89/><F103/><W83/><G83/><T128/><D128/><U20/><E20/><V48/><F79/><W69/><G129/><T49/><D24/><N who="2" m="9290" /><F10/><W14/><REACH who="3" step="1"/><G64/><REACH who="3" ten="250,250,250,240" step="2"/><T100/><D82/><U28/><E28/><V102/><F30/><W73/><G73/><T134/><D134/><U59/><E72/><V101/><F124/><W81/><G81/><T44/><D91/><U115/><E75/><V53/><F89/><W41/><G41/><T31/><D31/><U22/><E115/><V122/><F122/><W98/><G98/><T29/><D29/><U85/><E90/><V51/><F40/><W76/><G76/><T74/><D74/><U87/><E95/><V84/><F102/><W23/><G23/><T108/><D43/><U93/><E22/><V19/><F101/><W88/><G88/><T107/><D100/><U13/><E93/><V42/><F42/><W4/><G4/><T36/><D107/><U132/><E132/><V105/><F105/><W99/><G99/><T35/><D96/><U8/><E85/><AGARI ba="0,1" hai="16,18,19,47,48,51,53,55,56,84,85" m="9290" machi="85" ten="30,2000,0" yaku="8,1,54,1" doraHai="1" who="2" fromWho="1" sc="250,0,250,-20,250,30,240,0" /><INIT seed="1,0,0,1,0,23" ten="250,230,280,240" oya="1" hai0="73,116,55,28,113,117,123,81,47,133,100,75,88" hai1="79,92,32,34,21,95,106,20,115,38,8,131,30" hai2="107,67,60,52,134,85,17,121,6,10,101,128,50" hai3="3,71,120,104,2,35,97,83,0,9,27,98,77"/><U125/><E115/><V102/><F121/><W126/><G120/><T64/><D123/><U19/><E125/><V91/><F128/><W78/><G126/><T22/><D113/><U90/><E131/><V94/><F17/><W74/><G71/><T86/><D133/><U31/><E106/><V40/><F40/><W108/><G108/><T48/><D100/><U57/><E38/><V41/><F41/><W36/><G36/><T110/><D110/><U46/><E46/><V44/><F107/><W53/><G78/><T87/><D64/><U119/><E119/><V43/><F43/><W124/><G124/><T80/><D116/><U114/><E114/><V62/><F134/><W11/><G53/><T15/><D117/><U82/><E57/><V54/><F54/><W118/><G118/><T58/><D58/><U18/><E8/><V49/><F49/><W135/><G135/><T68/><D68/><U45/><E45/><V66/><F66/><W7/><G104/><T70/><D70/><U61/><E61/><N who="2" m="23659" /><F67/><W29/><REACH who="3" step="1"/><G9/><REACH who="3" ten="250,230,280,230" step="2"/><T103/><D55/><U69/><E69/><V63/><F63/><W132/><G132/><T109/><D109/><U93/><E79/><V65/><F65/><W25/><G25/><T39/><D39/><U1/><E90/><V42/><F42/><W76/><G76/><T130/><D130/><U99/><E99/><AGARI ba="0,1" hai="0,2,3,7,11,27,29,35,74,77,83,97,98,99" machi="99" ten="40,5200,0" yaku="1,1,52,1,53,1" doraHai="23" doraHaiUra="105" who="3" fromWho="1" sc="250,0,230,-52,280,0,230,62" /><INIT seed="2,0,0,1,4,62" ten="250,178,280,292" oya="2" hai0="74,56,83,50,8,71,21,78,115,92,77,47,98" hai1="94,86,48,42,76,23,93,105,116,100,3,99,33" hai2="120,29,17,113,106,118,2,18,19,55,90,4,81" hai3="134,30,96,103,35,41,45,85,110,10,9,22,53"/><V73/><F113/><W66/><G35/><T27/><D115/><U20/><E33/><V65/><F118/><W63/><G110/><T44/><D71/><U114/><E114/><V129/><F120/><W111/><G111/><T117/><D117/><U132/><E116/><V32/><F55/><W109/><G109/><T72/><D8/><U64/><E3/><V130/><F106/><W97/><G53/><T112/><D112/><U131/><E131/><N who="2" m="50187" /><F90/><W91/><G22/><T37/><D56/><U104/><E132/><V16/><F65/><W1/><G30/><T122/><D122/><U79/><E64/><V6/><F81/><W101/><G97/><T68/><D68/><U12/><E12/><V24/><F73/><W84/><G101/><T125/><D77/><U7/><E7/><N who="2" m="2603" /><F2/><W107/><G134/><T11/><D74/><U13/><E13/><V128/><F128/><W36/><G1/><T38/><D72/><U87/><E42/><V58/><F58/><W61/><G61/><T0/><D83/><U133/><E133/><V15/><F19/><W102/><G102/><T135/><D78/><U28/><E100/><V80/><F80/><W46/><G46/><T39/><D135/><U75/><E75/><V70/><F70/><N who="3" m="42335" /><G85/><T123/><D123/><U95/><E99/><V59/><F59/><W54/><G54/><T26/><D98/><U82/><E82/><V40/><F40/><W34/><G84/><T51/><D0/><U52/><E93/><V25/><F15/><W49/><G96/><T121/><D125/><U31/><E52/><V126/><F126/><RYUUKYOKU ba="0,0" sc="250,-15,178,15,280,15,292,-15" hai1="20,23,28,31,48,76,79,86,87,94,95,104,105" hai2="16,17,18,24,25,29,32" /><INIT seed="2,1,0,2,5,33" ten="235,193,295,277" oya="2" hai0="83,87,82,58,21,84,6,70,78,41,38,134,11" hai1="42,71,113,92,55,130,51,110,96,91,109,133,5" hai2="50,73,40,116,65,1,27,80,85,104,94,39,28" hai3="129,107,103,74,123,45,63,36,77,119,115,22,12"/><V135/><F116/><W62/><G119/><T86/><D70/><U34/><E34/><V93/><F104/><W4/><G123/><T95/><D134/><U25/><E25/><V76/><F135/><W43/><G77/><T13/><BYE who="1" /><D38/><U61/><E61/><V108/><F108/><W79/><G103/><T3/><D41/><U0/><E0/><V126/><F1/><W68/><G107/><T57/><D95/><U121/><E121/><V66/><F39/><W111/><G111/><T10/><D21/><U132/><E132/><V124/><F94/><W2/><G68/><T15/><D15/><U37/><E37/><V67/><F73/><W106/><G106/><T60/><D83/><U81/><E81/><V128/><F128/><W29/><G115/><T125/><D125/><N who="2" m="48234" /><F93/><W23/><G129/><T118/><D118/><U18/><E18/><V53/><F40/><W100/><G2/><T9/><D9/><U72/><E72/><V120/><F120/><W35/><G74/><T8/><D8/><U90/><E90/><V56/><F67/><W117/><G79/><T20/><D20/><AGARI ba="1,0" hai="20,27,28,50,53,56,65,66,76,80,85" m="48234" machi="20" ten="30,1500,0" yaku="18,1" doraHai="33" who="2" fromWho="0" sc="235,-18,193,0,295,18,277,0" /><INIT seed="2,2,0,0,5,51" ten="217,193,313,277" oya="2" hai0="77,107,119,118,74,127,86,56,13,49,52,30,126" hai1="55,53,89,40,44,15,83,60,0,95,7,69,34" hai2="90,93,116,108,65,109,64,114,2,9,12,87,27" hai3="133,128,46,67,11,63,32,37,61,21,78,24,62"/><V17/><F114/><W117/><G117/><N who="0" m="44555" /><D107/><U105/><E105/><V132/><F132/><W101/><G32/><T97/><D74/><U100/><E100/><V113/><F113/><W25/><G133/><T104/><D30/><U135/><E135/><V80/><F116/><W23/><G128/><T50/><D13/><U57/><E57/><V1/><F27/><W88/><G101/><N who="0" m="62511" /><D49/><U35/><E35/><V91/><F1/><W75/><G11/><T76/><D86/><U79/><E79/><AGARI ba="2,0" hai="50,52,56,76,77,79,126,127" m="62511,44555" machi="79" ten="30,3900,0" yaku="12,1,52,1,54,1" doraHai="51" who="0" fromWho="1" sc="217,45,193,-45,313,0,277,0" /><INIT seed="3,0,0,0,5,84" ten="262,148,313,277" oya="3" hai0="135,87,12,110,16,50,44,126,42,23,96,70,107" hai1="132,61,40,112,64,65,109,104,35,95,133,4,90" hai2="94,105,101,29,111,114,86,82,117,134,38,108,85" hai3="41,97,24,122,25,10,80,11,100,121,43,7,47"/><W115/><G115/><T78/><D70/><U48/><E48/><V14/><F38/><W18/><G80/><T51/><D110/><N who="2" m="42026" /><F114/><W37/><G41/><T93/><D135/><U118/><E118/><V124/><F117/><W99/><G99/><T39/><D107/><U8/><E8/><V34/><F14/><W127/><G127/><T76/><D126/><U71/><E71/><V56/><F56/><W19/><G25/><T9/><D87/><U33/><E33/><V92/><F86/><W129/><G129/><T106/><D106/><U120/><E120/><V0/><F0/><W3/><G18/><T58/><D39/><U53/><E53/><V57/><F57/><W30/><G19/><T26/><D58/><U63/><E63/><V54/><F54/><W88/><G11/><T102/><REACH who="0" step="1"/><D51/><REACH who="0" ten="252,148,313,277" step="2"/><U13/><E13/><V46/><F105/><W69/><G69/><T68/><D68/><U91/><E91/><V36/><F36/><W119/><G119/><T21/><D21/><U116/><E116/><V83/><F85/><W125/><G125/><T113/><D113/><U20/><E20/><V128/><F134/><W123/><G100/><T62/><D62/><U89/><E89/><V2/><F101/><W27/><REACH who="3" step="1"/><G30/><AGARI ba="0,1" hai="9,12,16,23,26,30,42,44,50,76,78,93,96,102" machi="30" ten="30,12000,2" yaku="1,1,7,1,8,1,54,1,53,2" doraHai="84" doraHaiUra="73" who="0" fromWho="3" sc="252,130,148,0,313,0,277,-120" owari="382,48.2,148,-35.2,313,11.3,157,-24.3" /></mjloggm>