<mjloggm ver="2.3"><GO type="225" lobby="0"/><UN n0="%E6%A1%9C%E8%8A%B1%E9%96%83%E3%80%85" n1="%E6%80%AA%E3%81%97%E3%81%99%E3%81%8E%E3%82%8B%E3%83%81%E3%83%BC" n2="%E3%82%AF%E3%82%A3%E3%82%A6" n3="%E3%83%B4%E3%83%A0%EF%BC%99%E3%81%A6" dan="17,16,16,17" rate="2190.38,2119.56,2113.09,2240.08" sx="M,M,M,M"/><TAIKYOKU oya="0"/><INIT seed="0,0,0,4,2,13" ten="250,250,250,250" oya="0" hai0="97,102,40,45,125,25,31,134,9,21,88,100,24" hai1="0,60,62,111,117,53,79,69,89,103,116,121,28" hai2="15,11,87,2,27,42,32,95,130,16,10,135,58" hai3="82,83,101,112,57,73,47,113,17,108,20,44,98"/><T106/><D125/><U72/><E121/><V38/><F38/><W127/><G127/><T63/><D134/><U48/><E0/><V129/><F135/><W43/><G108/><T80/><D102/><U131/><E111/><V122/><F122/><W128/><G128/><N who="2" m="49257" /><F42/><W76/><G57/><T4/><D63/><U29/><E131/><V33/><F58/><W124/><G82/><T99/><D25/><U84/><E103/><V1/><F87/><W36/><G47/><T46/><D40/><U96/><E96/><V86/><F86/><W90/><G124/><T39/><D39/><U118/><E79/><V91/><F91/><W12/><REACH who="3" step="1"/><G90/><REACH who="3" ten="250,250,250,240" step="2"/><T14/><REACH who="0" step="1"/><D80/><REACH who="0" ten="240,250,250,240" step="2"/><U34/><E116/><V119/><F119/><W41/><G41/><T114/><D114/><U71/><E117/><V3/><F95/><AGARI ba="0,2" hai="12,17,20,36,43,44,73,76,83,95,98,101,112,113" machi="95" ten="30,3900,0" yaku="1,1,7,1,52,1,53,0" doraHai="13" doraHaiUra="49" who="3" fromWho="2" sc="240,0,250,0,250,-39,240,59" /><AGARI ba="0,0" hai="4,9,14,21,24,31,45,46,88,95,97,99,100,106" machi="95" ten="40,3900,0" yaku="1,1,54,1,53,0" doraHai="13" doraHaiUra="49" who="0" fromWho="2" sc="240,39,250,0,211,-39,299,0" /><INIT seed="0,1,0,3,0,39" ten="279,250,172,299" oya="0" hai0="99,131,21,46,58,42,20,6,55,5,15,30,106" hai1="25,83,24,8,32,74,84,37,73,115,4,47,40" hai2="16,53,93,43,116,54,48,125,104,66,68,35,0" hai3="1,31,63,27,132,88,76,96,102,117,38,29,97"/><T135/><D135/><U19/><E115/><V12/><F104/><W124/><G117/><T109/><D131/><U118/><E118/><V34/><F116/><W41/><G132/><T49/><D109/><U52/><E19/><V128/><F125/><W77/><G1/><T113/><D113/><U61/><E74/><V81/><F128/><W22/><G124/><T90/><D30/><U11/><E32/><V10/><F0/><W67/><G31/><T2/><D2/><N who="1" m="23" /><E11/><V129/><F129/><W94/><G41/><T127/><D127/><U119/><E84/><V75/><F93/><W91/><G38/><T60/><D106/><U111/><E111/><V105/><F105/><W14/><G14/><T62/><D62/><U108/><E108/><V51/><F68/><W107/><REACH who="3" step="1"/><G91/><REACH who="3" ten="279,250,172,289" step="2"/><T28/><D15/><U123/><E119/><V45/><F66/><W69/><AGARI ba="1,1" hai="22,27,29,63,67,69,76,77,88,94,96,97,102,107" machi="69" ten="20,12000,2" yaku="1,1,2,1,0,1,7,1,54,1,53,1" doraHai="39" doraHaiUra="18" who="3" fromWho="3" sc="279,-61,250,-31,172,-31,289,133" /><INIT seed="1,0,0,2,5,47" ten="218,219,141,422" oya="1" hai0="128,14,64,107,29,88,91,71,39,15,11,45,68" hai1="12,96,105,41,50,108,40,111,23,89,119,25,17" hai2="9,49,30,130,106,6,35,134,127,59,104,101,52" hai3="124,54,77,22,34,121,24,28,116,79,118,83,43"/><U72/><E119/><N who="3" m="45610" /><G121/><T8/><D107/><U90/><E72/><V102/><F127/><W98/><G124/><T103/><D103/><N who="1" m="62695" /><E25/><V131/><F134/><W62/><G43/><N who="1" m="16458" /><E50/><N who="2" m="31127" /><F30/><W125/><G125/><T113/><D39/><U46/><E46/><V10/><F35/><W26/><G98/><T76/><D45/><U99/><E99/><V21/><F21/><W69/><G83/><T122/><D29/><U27/><E27/><V67/><F67/><N who="3" m="41207" /><G54/><T92/><D64/><U94/><E94/><V80/><F80/><W86/><G86/><T5/><D92/><U112/><E112/><V57/><F106/><W114/><G114/><T20/><D113/><U58/><E58/><V4/><F104/><W63/><G63/><T42/><D42/><U132/><E132/><V33/><F33/><W73/><G73/><T56/><D56/><U36/><E36/><V70/><F70/><W2/><G2/><T126/><D71/><U44/><E44/><V48/><F10/><W51/><G51/><N who="2" m="19529" /><F57/><W18/><AGARI ba="0,0" hai="18,22,24,26,28,34,77,79" m="41207,45610" machi="18" ten="30,1100,0" yaku="12,1" doraHai="47" who="3" fromWho="3" sc="218,-3,219,-5,141,-3,422,11" /><INIT seed="2,0,0,5,3,78" ten="215,214,138,433" oya="2" hai0="101,86,63,105,34,62,115,100,39,130,132,43,93" hai1="16,99,24,28,109,26,133,64,8,60,125,33,11" hai2="102,46,80,73,107,79,9,44,55,50,113,104,92" hai3="119,95,69,47,31,103,122,112,81,42,84,29,98"/><V5/><F113/><W65/><G119/><T25/><D115/><U71/><E109/><V91/><F102/><W61/><G122/><T87/><D105/><U14/><E125/><V82/><F46/><W32/><G32/><T6/><D6/><U21/><E133/><V126/><F126/><W128/><G128/><T2/><D2/><U27/><E11/><V72/><F92/><W96/><G96/><T120/><D43/><U10/><E10/><V97/><F97/><W45/><G45/><T51/><D51/><U59/><E59/><V40/><F55/><W56/><G69/><T49/><D49/><U110/><E110/><V57/><F57/><W17/><G17/><T52/><D93/><U76/><E76/><V1/><F91/><W74/><G74/><T30/><D39/><U94/><REACH who="1" step="1"/><E33/><REACH who="1" ten="215,204,138,433" step="2"/><V123/><F123/><W114/><G112/><T124/><D34/><U35/><E35/><V89/><REACH who="2" step="1"/><F73/><REACH who="2" ten="215,204,128,433" step="2"/><W13/><G114/><T83/><D120/><U36/><E36/><V23/><F23/><W127/><G127/><T111/><D124/><U48/><E48/><V3/><F3/><W121/><G121/><T77/><D111/><U54/><E54/><V108/><F108/><W20/><G20/><T12/><D52/><U106/><E106/><V85/><AGARI ba="0,2" hai="1,5,9,40,44,50,72,79,80,82,85,89,104,107" machi="85" ten="30,11700,0" yaku="1,1,0,1,52,2,53,0" doraHai="78" doraHaiUra="118" who="2" fromWho="2" sc="215,-39,204,-39,128,137,433,-39" /><INIT seed="2,1,0,3,3,114" ten="176,165,265,394" oya="2" hai0="132,108,93,131,25,57,2,80,104,18,38,116,90" hai1="87,44,92,9,115,123,29,22,83,1,73,84,72" hai2="67,122,48,133,55,124,134,21,26,46,129,74,112" hai3="127,37,3,47,88,27,120,13,82,12,77,24,35"/><V33/><F74/><W16/><G3/><T23/><D104/><U125/><E115/><V60/><F122/><W121/><G121/><T15/><D2/><U96/><E123/><V69/><F112/><W36/><G120/><T70/><D70/><U107/><E125/><V49/><F33/><W68/><G68/><T30/><D108/><U65/><E65/><V126/><F21/><W76/><G127/><N who="2" m="48681" /><F26/><N who="3" m="9771" /><G36/><T79/><D131/><U78/><E22/><V89/><F89/><W58/><G37/><T101/><D101/><U53/><E29/><V109/><F109/><W86/><G35/><T111/><D111/><U75/><E107/><V97/><F97/><W110/><G110/><T11/><D38/><U8/><E1/><V113/><F113/><W59/><G47/><T20/><D20/><U51/><REACH who="1" step="1"/><E87/><REACH who="1" ten="176,155,265,394" step="2"/><V98/><F129/><W4/><G76/><T106/><D106/><U130/><E130/><V0/><F0/><W117/><G77/><T103/><D79/><U94/><E94/><V17/><F98/><W61/><G86/><T95/><D95/><U63/><E63/><V42/><F67/><W135/><G61/><T105/><D105/><U45/><E45/><N who="2" m="28079" /><F60/><W99/><G99/><T62/><D93/><U32/><E32/><V119/><F69/><W66/><G66/><T19/><D30/><U7/><E7/><V5/><F5/><W39/><G4/><T52/><D62/><U128/><E128/><V50/><F17/><W34/><G16/><T71/><D19/><U6/><E6/><V41/><F46/><W10/><G34/><T40/><D18/><RYUUKYOKU ba="1,1" sc="176,-10,155,30,265,-10,394,-10" hai1="8,9,44,51,53,72,73,75,78,83,84,92,96" /><INIT seed="3,2,1,3,0,103" ten="166,185,255,384" oya="3" hai0="8,50,119,9,75,72,113,84,25,83,28,135,62" hai1="58,97,130,94,59,117,23,65,112,116,122,89,69" hai2="120,31,92,24,27,61,17,118,129,70,86,123,39" hai3="56,134,43,109,111,127,54,44,21,96,37,102,101"/><W74/><G74/><T29/><D119/><N who="1" m="45643" /><E112/><V71/><F118/><W66/><G127/><T18/><D113/><U125/><E122/><N who="2" m="46635" /><F129/><W13/><G134/><T85/><D135/><U131/><E125/><V45/><F17/><N who="3" m="10415" /><G96/><T121/><D121/><U88/><E89/><N who="2" m="53303" /><F61/><N who="3" m="35991" /><G66/><T57/><D75/><U100/><E100/><V87/><F87/><N who="0" m="33354" /><D72/><U41/><E41/><N who="2" m="22719" /><F24/><W95/><G95/><T2/><D2/><U78/><E78/><V73/><F73/><W132/><G132/><T34/><D34/><AGARI ba="2,1" hai="27,31,34,70,71" m="22719,53303,46635" machi="34" ten="30,1000,0" yaku="13,1" doraHai="103" who="2" fromWho="0" sc="166,-16,185,0,255,26,384,0" owari="150,-35.0,185,-21.5,281,8.1,384,48.4" /></mjloggm>