<mjloggm ver="2.3"><GO type="225" lobby="0"/><UN n0="%E5%A4%9C%E3%81%AE%E3%82%AC%E3%82%B9%E3%83%91%E3%83%BC%E3%83%AB" n1="%E7%99%BD%E6%97%A5%E9%9B%AA%E8%8F%9C" n2="%E3%81%82%E3%81%99%E3%81%AB%E3%82%83%E3%82%80" n3="%E3%82%A2%E3%82%A4%E3%82%B9%E3%83%86%E3%82%A3%E3%83%BC%E3%81%82%E3%81%B9" dan="16,16,16,16" rate="2117.71,2180.65,2142.86,2094.64" sx="M,M,F,M"/><TAIKYOKU oya="0"/><INIT seed="0,0,0,5,1,127" ten="250,250,250,250" oya="0" hai0="45,0,15,44,58,23,89,109,34,31,26,11,131" hai1="83,76,103,46,36,82,80,60,42,122,19,16,63" hai2="55,84,133,115,85,75,100,67,134,96,97,104,33" hai3="120,107,32,41,73,24,61,52,118,54,121,6,132"/><T17/><D109/><U62/><E122/><N who="3" m="47210" /><G118/><T123/><D123/><U7/><E76/><V22/><F33/><W66/><G132/><N who="2" m="50793" /><F67/><W113/><G113/><T71/><D71/><U2/><REACH who="1" step="1"/><E103/><REACH who="1" ten="250,240,250,250" step="2"/><V20/><F115/><W110/><G110/><T14/><D131/><U95/><E95/><V48/><F75/><W18/><G73/><T38/><D0/><U65/><E65/><V51/><F100/><W86/><G107/><T87/><D38/><U29/><E29/><V25/><F104/><W93/><G93/><T125/><D125/><U13/><E13/><V27/><F25/><W1/><G24/><T30/><D30/><U72/><E72/><V128/><F128/><W108/><G66/><T21/><D15/><U49/><E49/><V130/><F48/><W88/><G108/><T112/><D112/><U10/><AGARI ba="0,1" hai="2,7,10,16,19,36,42,46,60,62,63,80,82,83" machi="10" ten="40,5200,0" yaku="1,1,0,1,54,1,53,0" doraHai="127" doraHaiUra="111" who="1" fromWho="1" sc="250,-26,240,62,250,-13,250,-13" /><INIT seed="1,0,0,1,4,106" ten="224,302,237,237" oya="1" hai0="23,1,105,121,130,102,134,98,6,108,132,11,80" hai1="117,81,7,38,26,73,22,48,135,128,2,66,75" hai2="50,32,116,84,10,55,24,4,107,65,47,91,54" hai3="115,44,124,34,5,56,46,57,61,69,70,76,123"/><U72/><E38/><V90/><F116/><W52/><G34/><T45/><D108/><U126/><E117/><V131/><F131/><W82/><G123/><T96/><D130/><U118/><E128/><V37/><F107/><W92/><G115/><T101/><D121/><U8/><E118/><V31/><F37/><W42/><G124/><T28/><D45/><U9/><E126/><V129/><F65/><W100/><G5/><T39/><D39/><U25/><E25/><V33/><F129/><W83/><G42/><T113/><D113/><U58/><E135/><V64/><F64/><W17/><G17/><T93/><D28/><U36/><E36/><V87/><F33/><W14/><G14/><T97/><D23/><U103/><E103/><V15/><F87/><W49/><G70/><T88/><REACH who="0" step="1"/><D80/><REACH who="0" ten="214,302,237,237" step="2"/><U94/><E81/><V109/><F109/><W29/><G29/><T43/><D43/><U27/><E8/><V12/><F47/><W0/><G83/><T41/><D41/><U18/><E27/><V104/><F10/><W13/><G46/><T112/><D112/><U63/><REACH who="1" step="1"/><E94/><AGARI ba="0,1" hai="1,6,11,88,93,94,96,97,98,101,102,105,132,134" machi="94" ten="40,2600,0" yaku="1,1,54,1,53,0" doraHai="106" doraHaiUra="20" who="0" fromWho="1" sc="214,36,302,-26,237,0,237,0" /><INIT seed="2,0,0,4,5,63" ten="250,276,237,237" oya="2" hai0="106,93,17,14,61,87,46,110,71,62,118,43,23" hai1="8,83,55,121,35,64,95,79,54,57,53,18,94" hai2="131,132,82,117,90,70,88,4,84,12,112,1,129" hai3="31,59,0,65,34,105,91,16,73,100,56,135,130"/><V78/><F112/><W119/><G119/><T42/><D106/><U92/><E35/><V3/><F117/><W109/><G0/><T40/><D118/><U89/><E121/><V69/><F132/><W116/><G116/><T20/><D110/><U66/><E89/><N who="2" m="34411" /><F12/><W44/><G109/><T38/><D87/><N who="1" m="48639" /><E57/><V72/><F72/><W74/><G31/><T96/><D71/><N who="2" m="27146" /><F4/><W108/><G34/><T99/><D42/><U58/><E58/><V13/><F13/><AGARI ba="0,0" hai="8,13,18,53,54,55,64,66,92,94,95" m="48639" machi="13" ten="30,3900,0" yaku="8,1,52,2" doraHai="63" who="1" fromWho="2" sc="250,0,276,39,237,-39,237,0" /><INIT seed="3,0,0,3,2,91" ten="250,315,198,237" oya="3" hai0="109,114,122,1,4,84,64,98,100,53,130,117,38" hai1="106,125,61,60,74,96,34,67,63,22,49,17,50" hai2="5,99,66,75,118,55,43,108,105,119,27,107,76" hai3="20,58,132,88,54,51,104,128,40,6,7,116,65"/><W89/><G116/><T35/><D117/><U13/><E34/><V115/><F115/><W28/><G104/><T39/><D122/><U12/><E74/><V21/><F119/><W33/><G33/><T57/><D35/><U120/><E120/><V70/><F118/><W127/><G127/><T95/><D64/><U80/><E125/><V8/><F108/><W2/><G132/><T37/><D130/><U44/><E67/><V83/><F43/><W90/><G2/><T103/><D103/><U30/><E30/><V11/><F11/><W56/><G40/><T72/><D72/><U62/><E62/><V41/><F41/><W113/><G128/><T86/><D109/><U134/><E49/><V131/><F131/><W47/><G113/><T81/><D81/><U26/><E80/><V101/><F55/><W92/><G92/><T93/><D93/><U16/><E26/><V123/><F123/><W29/><G28/><T112/><D114/><U135/><E96/><V94/><F66/><W46/><G58/><T32/><D32/><U0/><E0/><V68/><F105/><W3/><G3/><T85/><D112/><U71/><E71/><V14/><REACH who="2" step="1"/><F107/><REACH who="2" ten="250,315,188,237" step="2"/><W102/><G65/><T31/><D53/><U15/><E106/><V87/><F87/><W77/><G54/><T9/><D86/><U19/><E134/><V78/><F78/><W110/><G77/><T129/><D85/><U45/><E135/><V121/><F121/><W111/><G111/><T10/><D84/><U59/><E59/><V36/><F36/><W79/><G110/><T52/><D129/><RYUUKYOKU ba="0,1" sc="250,-10,315,-10,188,30,237,-10" hai2="5,8,14,21,27,68,70,75,76,83,94,99,101" owari="240,4.0,315,41.5,218,-28.2,227,-17.3" /></mjloggm>