<mjloggm ver="2.3"><GO type="225" lobby="0"/><UN n0="%E8%B6%85%E7%B4%9A%E9%B3%B3%E5%87%B0" n1="%E3%81%BF%E3%81%BF%E3%81%9A" n2="%72%65%6E%6B%75%6E" n3="%E6%A0%B9%E5%85%83%E3%81%8B%E3%82%89%E5%90%B9%E3%81%A3%E9%A3%9B%E3%81%B6" dan="17,17,17,17" rate="2196.35,2280.91,2209.29,2186.29" sx="M,M,M,F"/><TAIKYOKU oya="0"/><INIT seed="0,0,0,0,0,70" ten="250,250,250,250" oya="0" hai0="48,109,40,15,59,71,34,16,27,110,13,58,74" hai1="33,114,124,99,21,41,97,61,95,132,131,46,30" hai2="29,123,36,111,120,17,69,37,78,64,100,117,49" hai3="130,23,26,42,3,11,12,35,102,115,89,134,77"/><T96/><D71/><U4/><E124/><V7/><F29/><N who="3" m="19895" /><G77/><T112/><D112/><U60/><E131/><V88/><F7/><N who="3" m="1535" /><G102/><T122/><D122/><N who="2" m="46634" /><F17/><N who="3" m="10663" /><G89/><T94/><D74/><U93/><E114/><V84/><F78/><W67/><G67/><T82/><D82/><U113/><E113/><V54/><F100/><W135/><G42/><T63/><D34/><U28/><E132/><N who="3" m="50730" /><G130/><T121/><D121/><U18/><E33/><V118/><F88/><W108/><G115/><T50/><D27/><U104/><E104/><V22/><F22/><W0/><G0/><T44/><D48/><N who="1" m="26703" /><E4/><V43/><F84/><W38/><G38/><N who="2" m="14953" /><F43/><W51/><G51/><T80/><D80/><U86/><E86/><V14/><F14/><W128/><G128/><T90/><D15/><N who="1" m="9439" /><E28/><V68/><F111/><AGARI ba="0,0" hai="108,111" m="50730,10663,1535,19895" machi="111" ten="30,7700,0" yaku="24,1,20,1,34,2" doraHai="70" who="3" fromWho="2" sc="250,0,250,0,250,-77,250,77" /><INIT seed="1,0,0,4,3,61" ten="250,250,173,327" oya="1" hai0="106,38,89,43,23,129,121,122,41,88,72,31,105" hai1="32,0,39,85,64,78,45,91,109,20,59,19,51" hai2="34,101,37,100,42,126,18,65,108,22,112,135,67" hai3="17,87,55,96,24,62,49,128,115,21,119,33,125"/><U54/><E32/><V81/><F34/><W71/><G115/><T123/><D72/><U68/><E0/><V93/><F112/><W127/><G128/><T69/><D69/><U16/><E78/><V6/><F108/><W58/><G119/><T56/><D129/><U86/><E109/><V76/><F126/><N who="3" m="48139" /><G87/><T66/><D31/><U63/><E20/><V102/><F135/><W44/><G33/><T46/><D23/><U25/><E25/><V9/><F93/><W111/><G111/><T53/><D41/><N who="1" m="22719" /><E86/><N who="2" m="48423" /><F37/><W84/><G84/><T132/><D132/><U98/><E98/><V107/><F42/><N who="3" m="24727" /><G71/><T99/><D66/><N who="2" m="25098" /><F107/><N who="0" m="40970" /><D99/><AGARI ba="0,0" hai="17,21,24,55,58,62,96,99" m="24727,48139" machi="99" ten="30,1000,0" yaku="18,1" doraHai="61" who="3" fromWho="0" sc="250,-10,250,0,173,0,327,10" /><INIT seed="2,0,0,4,2,13" ten="240,250,173,337" oya="2" hai0="127,60,30,61,56,2,47,107,82,75,79,115,5" hai1="117,80,24,121,50,18,133,53,6,110,41,31,70" hai2="84,32,87,55,42,98,111,73,23,103,20,59,10" hai3="14,93,124,19,11,39,46,78,88,29,27,89,128"/><V132/><F32/><W49/><G124/><T71/><D115/><U94/><E117/><V63/><F73/><W114/><G128/><T113/><D113/><U76/><E70/><V9/><F111/><W102/><G114/><T12/><D107/><U106/><E106/><V86/><F132/><W28/><G78/><T85/><D127/><U130/><E133/><V21/><REACH who="2" step="1"/><F42/><REACH who="2" ten="240,250,163,337" step="2"/><N who="3" m="24791" /><G29/><T1/><D30/><U65/><E41/><V67/><F67/><W51/><G28/><T90/><D75/><U125/><E65/><V16/><F16/><W64/><G64/><T77/><D5/><U26/><E110/><V0/><F0/><W36/><G19/><T126/><D1/><U7/><E125/><V118/><F118/><W68/><G68/><T69/><D2/><U122/><E6/><V33/><F33/><W123/><G123/><T25/><D71/><U91/><E7/><V44/><F44/><W99/><G39/><T57/><D69/><U100/><E18/><V37/><F37/><W83/><G36/><T62/><D126/><U58/><E31/><V38/><F38/><W116/><G116/><T105/><D47/><U52/><E122/><V4/><F4/><W119/><G119/><T96/><D56/><U109/><E121/><V120/><F120/><W43/><G43/><T72/><D57/><U131/><E109/><V48/><F48/><W54/><G51/><T45/><D72/><N who="1" m="43015" /><E53/><V8/><F8/><W92/><G54/><T97/><D45/><U17/><E17/><V66/><F66/><W15/><G11/><T74/><D74/><U129/><E58/><RYUUKYOKU ba="0,1" sc="240,-10,250,-10,163,30,337,-10" hai2="9,10,20,21,23,55,59,63,84,86,87,98,103" /><INIT seed="2,1,1,3,2,25" ten="230,240,193,327" oya="2" hai0="75,33,111,91,58,43,11,84,127,42,50,70,3" hai1="47,134,44,87,36,101,28,27,63,115,2,5,106" hai2="56,59,10,68,12,46,88,39,32,100,67,41,104" hai3="49,69,48,14,79,93,40,35,66,122,17,125,34"/><V21/><F32/><W128/><G122/><T0/><D33/><U114/><E87/><V81/><F21/><W72/><G125/><T102/><D75/><U123/><E47/><V80/><F68/><W94/><G128/><T16/><D70/><U23/><E63/><V37/><F37/><W1/><G1/><T24/><D127/><U65/><E65/><V107/><F80/><W74/><G69/><T8/><D111/><U130/><E130/><V98/><F107/><W92/><G66/><T61/><D102/><U133/><E123/><V96/><F67/><W52/><G40/><T15/><D24/><U109/><E109/><V135/><F135/><N who="1" m="51721" /><E101/><V117/><F117/><W110/><G110/><T119/><D119/><U64/><E106/><V54/><F54/><W95/><G95/><T13/><D3/><U62/><E5/><V105/><F105/><W116/><G49/><T126/><D0/><U4/><E4/><V29/><F29/><W55/><G55/><T6/><D126/><U131/><E2/><V19/><REACH who="2" step="1"/><F81/><REACH who="2" ten="230,240,183,327" step="2"/><W99/><G52/><N who="0" m="33991" /><D50/><U82/><E131/><V7/><F7/><W120/><G48/><T118/><D118/><U103/><E82/><AGARI ba="1,2" hai="6,8,11,13,15,16,42,43,82,84,91" m="33991" machi="82" ten="30,3900,0" yaku="8,1,54,2" doraHai="25" who="0" fromWho="1" sc="230,62,240,-42,183,0,327,0" /><INIT seed="3,0,0,3,5,20" ten="292,198,183,327" oya="3" hai0="77,51,120,107,15,8,0,132,86,2,105,79,95" hai1="94,31,76,66,84,39,48,108,43,128,106,67,12" hai2="65,82,119,112,70,11,69,55,41,101,58,135,73" hai3="9,38,27,116,14,74,92,7,26,42,34,13,125"/><W21/><G116/><T89/><D120/><U56/><E106/><V110/><F119/><W81/><G92/><T30/><D132/><U29/><E39/><V93/><F112/><W115/><G115/><T64/><D30/><N who="1" m="11275" /><E108/><V16/><F135/><W4/><G42/><T17/><D64/><N who="1" m="24619" /><E128/><V114/><F110/><W134/><G38/><T85/><D51/><U88/><E12/><N who="2" m="7199" /><F114/><W52/><G125/><T75/><D75/><U61/><E76/><V129/><F129/><W37/><G37/><T100/><D105/><U40/><E48/><N who="2" m="31079" /><F73/><W25/><G74/><T18/><D18/><U35/><E35/><V104/><F104/><W121/><G81/><T50/><D50/><U63/><E63/><V60/><F70/><W80/><G80/><T130/><D130/><U54/><AGARI ba="0,0" hai="40,43,54,56,61,84,88,94" m="24619,11275" machi="54" ten="30,2000,0" yaku="8,1,54,1" doraHai="20" who="1" fromWho="1" sc="292,-5,198,20,183,-5,327,-10" owari="287,8.7,218,-18.2,178,-32.2,317,41.7" /></mjloggm>