<mjloggm ver="2.3"><GO type="225" lobby="0"/><UN n0="%E7%99%BD%E9%9B%AA%E4%B9%83%E6%84%9B" n1="%30%2E%31%32%30" n2="%E6%AB%BB%E4%BA%95%E5%A5%8F" n3="%E3%82%BC%E3%83%AB%E3%83%80%E3%81%AE%E4%BC%9D%E8%AA%AC" dan="16,16,17,17" rate="2092.21,2117.54,2219.56,2199.11" sx="F,M,M,M"/><TAIKYOKU oya="0"/><INIT seed="0,0,0,2,3,23" ten="250,250,250,250" oya="0" hai0="8,18,17,117,133,70,86,121,108,57,115,62,44" hai1="106,79,15,95,56,2,135,59,58,127,89,47,100" hai2="134,50,7,12,124,102,105,74,32,119,24,83,5" hai3="46,85,88,60,104,19,52,123,6,93,25,4,39"/><T10/><D115/><U43/><E2/><V33/><F134/><W96/><G123/><T49/><D117/><U40/><E135/><V53/><F124/><W37/><G104/><T101/><D133/><U34/><E34/><V64/><F119/><W129/><G129/><T0/><D70/><U22/><E127/><V72/><F64/><W111/><G111/><T54/><D121/><U94/><E79/><V63/><F63/><W61/><G61/><T66/><D108/><U67/><E67/><V14/><F102/><N who="3" m="60687" /><G39/><T78/><D101/><U76/><E76/><V98/><F98/><W30/><G30/><T65/><D65/><U73/><E73/><V91/><F105/><W112/><G37/><T118/><D118/><U48/><E106/><V113/><F113/><W125/><G112/><T126/><D126/><U11/><E100/><V29/><F33/><W16/><G125/><T92/><D0/><U77/><E77/><V51/><F72/><W27/><G27/><T80/><REACH who="0" step="1"/><D92/><REACH who="0" ten="240,250,250,250" step="2"/><U87/><E95/><V109/><F109/><W3/><G3/><T120/><D120/><U41/><E94/><V97/><F83/><N who="3" m="49215" /><G60/><T110/><D110/><U90/><E48/><V132/><F51/><N who="3" m="28791" /><G25/><T103/><D103/><U26/><E26/><V84/><F24/><W69/><G69/><T114/><D114/><U31/><E31/><V1/><F132/><W128/><G128/><T9/><AGARI ba="0,1" hai="8,9,10,17,18,44,49,54,57,62,66,78,80,86" machi="9" ten="30,11700,0" yaku="1,1,0,1,8,1,53,1" doraHai="23" doraHaiUra="42" who="0" fromWho="0" sc="240,127,250,-39,250,-39,250,-39" /><INIT seed="0,1,0,2,4,103" ten="367,211,211,211" oya="0" hai0="6,73,135,50,102,84,122,22,124,131,19,44,90" hai1="104,17,108,111,94,93,70,96,51,15,3,89,10" hai2="48,55,67,4,60,66,125,59,54,101,49,7,133" hai3="14,99,91,112,40,95,110,43,105,65,117,23,26"/><T58/><D122/><U68/><E3/><V86/><F125/><W5/><G112/><T116/><D116/><U47/><E94/><V82/><F133/><W76/><G110/><N who="1" m="42026" /><E104/><V21/><F101/><W1/><G117/><T109/><D73/><U126/><E126/><V127/><F127/><W16/><G1/><T81/><D109/><U74/><E74/><V79/><F21/><W97/><G76/><T28/><D124/><U25/><E25/><V85/><F85/><N who="3" m="52719" /><G65/><N who="2" m="24585" /><F60/><W83/><G83/><T38/><D135/><U69/><E69/><V2/><F2/><W18/><G5/><T56/><D131/><U92/><E92/><V42/><F42/><AGARI ba="1,0" hai="10,15,17,42,47,51,68,70,89,93,96" m="42026" machi="42" ten="30,1000,0" yaku="14,1" doraHai="103" who="1" fromWho="2" sc="367,0,211,13,211,-13,211,0" /><INIT seed="1,0,0,4,2,12" ten="367,224,198,211" oya="1" hai0="70,46,117,7,124,95,105,80,76,69,114,68,35" hai1="4,58,25,111,27,1,71,16,113,52,56,98,38" hai2="33,79,37,75,73,91,103,5,85,65,40,104,133" hai3="36,45,90,18,6,132,10,51,42,61,41,23,15"/><U134/><E113/><V53/><F33/><W31/><G132/><T97/><D114/><U57/><E71/><V87/><F65/><W59/><G31/><T115/><D117/><U26/><E38/><V128/><F5/><W122/><G122/><T88/><D115/><U106/><E134/><V96/><F53/><W83/><G36/><T82/><D35/><U78/><E78/><V92/><F40/><W119/><G119/><T64/><D64/><U54/><E111/><V50/><F50/><W130/><G130/><T14/><D105/><U39/><E39/><V29/><F29/><W22/><G41/><T120/><D46/><U63/><E57/><V110/><F37/><W62/><G59/><T107/><D107/><U118/><E118/><V100/><F128/><W127/><G127/><T89/><D89/><U34/><E98/><N who="2" m="61559" /><F110/><W77/><G90/><T125/><D120/><U49/><E106/><N who="2" m="63751" /><F133/><W13/><REACH who="3" step="1"/><G23/><REACH who="3" ten="367,224,198,201" step="2"/><T60/><D124/><U9/><REACH who="1" step="1"/><E34/><REACH who="1" ten="367,214,198,201" step="2"/><V86/><F79/><W101/><G101/><T17/><D125/><U44/><E44/><V123/><F123/><W24/><G24/><T81/><D76/><U55/><E55/><V67/><F67/><W131/><G131/><T84/><D69/><U129/><E129/><V112/><F112/><W121/><G121/><T21/><D70/><U2/><E2/><V135/><F135/><W32/><G32/><T47/><D68/><U93/><E93/><V30/><F30/><W108/><G108/><T43/><D95/><U99/><E99/><AGARI ba="0,2" hai="73,75,85,86,87,91,92,99" m="63751,61559" machi="99" ten="30,8000,1" yaku="35,5" doraHai="12" who="2" fromWho="1" sc="367,0,214,-80,198,100,201,0" /><INIT seed="2,0,0,5,1,10" ten="367,134,298,201" oya="2" hai0="71,134,37,125,115,111,19,76,38,77,73,110,104" hai1="101,96,44,123,30,83,81,65,32,56,66,55,127" hai2="109,68,91,41,36,102,119,23,128,2,50,114,8" hai3="61,26,46,35,6,3,97,16,0,33,51,135,126"/><V4/><F109/><N who="0" m="41482" /><D115/><U59/><E127/><V79/><F114/><W20/><G126/><T60/><D125/><U13/><E123/><V131/><F119/><W116/><G116/><T9/><D104/><U57/><E30/><V82/><F68/><W92/><G135/><T106/><D106/><U24/><E24/><V34/><F34/><W70/><G70/><T100/><D100/><U31/><E31/><V22/><F91/><W122/><G122/><T132/><D19/><U85/><E32/><V14/><F102/><W69/><G0/><T90/><D9/><U42/><E55/><V63/><F63/><W1/><G1/><T49/><D49/><U93/><E83/><V5/><F36/><N who="0" m="13930" /><D90/><U17/><E44/><N who="2" m="25871" /><F4/><W118/><G118/><T124/><D124/><U133/><E133/><N who="0" m="51305" /><D73/><U108/><E108/><V54/><F2/><W87/><G6/><T15/><D15/><U78/><REACH who="1" step="1"/><E42/><REACH who="1" ten="367,124,298,201" step="2"/><V98/><F54/><W43/><G33/><T75/><D75/><U53/><E53/><V88/><F82/><W52/><G35/><T86/><D86/><U58/><N who="1" m="14336" /><DORA hai="12" /><U95/><E95/><N who="2" m="56679" /><F79/><W117/><G117/><T39/><D77/><U48/><E48/><V94/><F94/><W89/><G43/><T64/><D76/><U25/><E25/><V47/><F47/><W62/><G46/><T120/><D120/><U103/><E103/><V27/><F27/><W45/><G45/><T72/><D72/><U105/><E105/><V112/><F112/><W28/><G26/><T21/><D39/><U18/><E18/><V129/><AGARI ba="0,1" hai="5,8,14,22,23,128,129,131" m="56679,25871" machi="129" ten="30,6000,0" yaku="19,1,52,1,54,1" doraHai="10,12" who="2" fromWho="2" sc="367,-20,124,-20,298,70,201,-20" /><INIT seed="2,1,0,3,5,43" ten="347,104,368,181" oya="2" hai0="133,97,61,103,55,8,86,89,13,94,90,16,111" hai1="40,17,100,76,98,78,37,32,132,88,125,135,57" hai2="64,80,10,112,73,15,45,4,20,83,26,14,69" hai3="6,126,79,120,53,22,48,116,115,31,21,117,36"/><V101/><F112/><W0/><G120/><T74/><D74/><U122/><E32/><V7/><F101/><W75/><G115/><T1/><D111/><U104/><E122/><V87/><F73/><W28/><G36/><T30/><D133/><U105/><E57/><V9/><F69/><W102/><G75/><T44/><D1/><U18/><E37/><V124/><F64/><W59/><G79/><N who="1" m="30250" /><E40/><V106/><F106/><N who="1" m="41065" /><E17/><V72/><F72/><W35/><G35/><T93/><D30/><U110/><E18/><V50/><F124/><W47/><G126/><T119/><D119/><U118/><E118/><V99/><F87/><W84/><G84/><T25/><D25/><U12/><E12/><V46/><F99/><W123/><G22/><T68/><D103/><U109/><E100/><V85/><F85/><W34/><G102/><T52/><REACH who="0" step="1"/><D44/><REACH who="0" ten="337,104,368,181" step="2"/><N who="2" m="17002" /><F50/><W62/><G48/><T114/><D114/><U70/><E125/><V56/><F56/><W3/><G59/><T63/><D63/><U66/><E70/><V65/><F65/><AGARI ba="1,1" hai="8,13,16,52,55,61,65,68,86,89,90,93,94,97" machi="65" ten="40,8000,1" yaku="1,1,54,2,53,1" doraHai="43" doraHaiUra="5" who="0" fromWho="2" sc="337,93,104,0,368,-83,181,0" /><INIT seed="3,0,0,1,5,111" ten="430,104,285,181" oya="3" hai0="7,48,79,42,70,18,37,114,77,80,102,29,123" hai1="125,69,4,85,78,2,86,34,51,35,58,17,67" hai2="22,46,57,60,103,56,65,128,84,82,45,40,41" hai3="88,64,121,38,110,59,71,118,63,104,12,23,105"/><W11/><G38/><T33/><D123/><U98/><E125/><V21/><F128/><W126/><G23/><N who="2" m="8713" /><F103/><W26/><G26/><T89/><D7/><U100/><E69/><V30/><F30/><W73/><G73/><T122/><D37/><U39/><E39/><V32/><F32/><W91/><G59/><T62/><D122/><U24/><E24/><V94/><F94/><W130/><G91/><T87/><D102/><U0/><E100/><V96/><F96/><W54/><G54/><T36/><D36/><U120/><E98/><V117/><F117/><W5/><G11/><T132/><D62/><U135/><E120/><V134/><F134/><W119/><G63/><T13/><D132/><U97/><E97/><V10/><F10/><W6/><G6/><T112/><D70/><U8/><E8/><V31/><F31/><W43/><G5/><T95/><D29/><U101/><E101/><V25/><F25/><W50/><G130/><T92/><D33/><U109/><E4/><V19/><F19/><W81/><G71/><T53/><D42/><N who="2" m="16490" /><F57/><W20/><G43/><T90/><D95/><U129/><E58/><V28/><F28/><W75/><G121/><T16/><D18/><U76/><E17/><V49/><F49/><W133/><G50/><T107/><D48/><U124/><E51/><V27/><F27/><W115/><G133/><T52/><D53/><U108/><E135/><V61/><F61/><W15/><G118/><T55/><D55/><U93/><E124/><V74/><F74/><W68/><G75/><T116/><D52/><U9/><E35/><RYUUKYOKU ba="0,0" sc="430,-10,104,-10,285,30,181,-10" hai2="45,46,56,60,65,82,84" owari="420,52.0,94,-40.6,315,11.5,171,-22.9" /></mjloggm>