<mjloggm ver="2.3"><GO type="225" lobby="0"/><UN n0="%E2%98%86%E5%AD%AB%E7%87%95%E5%A7%BF%E2%98%86" n1="%E3%83%A9%E3%83%BC%E3%83%A1%E3%83%B3%E4%BA%94%E9%83%8E" n2="%70%68%65%6E%6F%6D%65" n3="%E3%82%BC%E3%83%AB%E3%83%80%E3%81%AE%E4%BC%9D%E8%AA%AC" dan="16,16,16,16" rate="2161.27,2081.60,2141.72,2145.63" sx="M,M,M,M"/><TAIKYOKU oya="0"/><INIT seed="0,0,0,1,3,118" ten="250,250,250,250" oya="0" hai0="102,65,130,52,123,68,132,98,62,76,107,74,29" hai1="100,80,23,51,133,33,5,117,24,8,61,44,124" hai2="101,103,122,4,54,22,112,126,21,60,18,77,79" hai3="119,88,3,57,115,20,37,1,111,127,83,34,36"/><T7/><D132/><U30/><E117/><V63/><F112/><W15/><G34/><T27/><D130/><U84/><E133/><V38/><F38/><W31/><G119/><T113/><D113/><U96/><E124/><V42/><F126/><W85/><G115/><T55/><D7/><U26/><E61/><V35/><F35/><W41/><G127/><T104/><D104/><U94/><E33/><V67/><F4/><W86/><G111/><T13/><D13/><U0/><E26/><V53/><F18/><W58/><G37/><T70/><D70/><U9/><E5/><V10/><F42/><W91/><G41/><T56/><D123/><U69/><E69/><V17/><F17/><W93/><G36/><T95/><D107/><U64/><E64/><V12/><F12/><W110/><G110/><T32/><REACH who="0" step="1"/><D68/><REACH who="0" ten="240,250,250,250" step="2"/><U135/><E135/><V40/><F122/><W121/><G121/><T16/><D16/><U59/><E0/><V50/><F10/><W92/><G15/><T71/><D71/><U48/><E30/><V28/><F28/><W108/><G108/><T49/><D49/><U14/><E51/><V19/><F19/><W39/><G39/><T109/><D109/><U81/><E48/><V99/><F50/><W47/><G31/><T128/><D128/><U116/><E116/><V2/><F40/><W106/><G106/><T82/><AGARI ba="0,1" hai="27,29,32,52,55,56,62,65,74,76,82,95,98,102" machi="82" ten="30,11700,0" yaku="1,1,0,1,54,1,53,1" doraHai="118" doraHaiUra="72" who="0" fromWho="0" sc="240,127,250,-39,250,-39,250,-39" /><INIT seed="0,1,0,2,0,60" ten="367,211,211,211" oya="0" hai0="3,105,61,77,48,72,114,123,5,67,132,65,104" hai1="82,80,86,95,87,19,116,92,33,2,98,129,43" hai2="40,10,133,89,93,112,25,63,15,51,127,69,57" hai3="113,49,90,134,97,26,24,34,124,106,29,115,9"/><T121/><D114/><U66/><E2/><V79/><F112/><W62/><G124/><T22/><D22/><U118/><E33/><V1/><F127/><W47/><G134/><T71/><D48/><U100/><E43/><V111/><F111/><W107/><G107/><N who="0" m="41035" /><D67/><U109/><E109/><V73/><F133/><W35/><G9/><N who="0" m="2239" /><D132/><U14/><E129/><V21/><F1/><W55/><G62/><T50/><D50/><U20/><E66/><V37/><F69/><W42/><G55/><T39/><D39/><U68/><E68/><V122/><F37/><W117/><G117/><T102/><D102/><U83/><REACH who="1" step="1"/><E92/><REACH who="1" ten="367,201,211,211" step="2"/><V54/><F40/><W17/><G106/><T131/><D131/><U110/><E110/><V64/><F64/><W0/><G34/><T46/><D46/><U91/><E91/><V126/><F89/><W120/><G113/><T88/><D88/><U4/><E4/><V12/><F93/><W125/><G115/><T59/><D59/><U6/><E6/><V74/><F126/><W56/><G125/><T108/><D108/><U70/><E70/><V94/><F94/><W85/><G56/><T36/><D36/><U78/><E78/><V101/><F79/><W99/><G90/><T31/><D31/><U27/><E27/><V130/><F130/><W41/><G24/><T38/><D38/><U119/><AGARI ba="1,1" hai="14,19,20,80,82,83,86,87,95,98,100,116,118,119" machi="119" ten="40,2700,0" yaku="1,1,0,1,53,0" doraHai="60" doraHaiUra="23" who="1" fromWho="1" sc="367,-14,201,40,211,-8,211,-8" /><INIT seed="1,0,0,2,2,18" ten="353,241,203,203" oya="1" hai0="25,103,8,102,74,81,36,34,87,109,13,29,91" hai1="86,21,66,76,10,124,134,41,125,108,16,5,107" hai2="117,30,37,68,77,72,51,49,15,73,69,88,96" hai3="62,48,56,43,19,7,129,63,64,52,65,32,131"/><U38/><E107/><V85/><F37/><W60/><G32/><T35/><D35/><U133/><E108/><V118/><F30/><W114/><G7/><T93/><D36/><U55/><E66/><N who="3" m="25706" /><G19/><T80/><D109/><U112/><E112/><V22/><F96/><W119/><G114/><T44/><D44/><N who="1" m="23607" /><E55/><V71/><F77/><W47/><G119/><T123/><D123/><U1/><E86/><V99/><F99/><W24/><G24/><T122/><D122/><U23/><E76/><V111/><F111/><W127/><G127/><N who="1" m="48714" /><E16/><V106/><F106/><W17/><G17/><T126/><D126/><U54/><E54/><V98/><F98/><W31/><G31/><T26/><D26/><U135/><AGARI ba="0,0" hai="1,5,10,21,23,133,134,135" m="48714,23607" machi="135" ten="40,12000,1" yaku="20,1,18,1,52,2" doraHai="18" who="1" fromWho="1" sc="353,-40,241,120,203,-40,203,-40" /><INIT seed="1,1,0,5,5,74" ten="313,361,163,163" oya="1" hai0="8,60,107,132,41,93,103,99,36,125,96,104,73" hai1="48,22,118,69,70,102,86,105,88,71,53,126,67" hai2="66,57,3,35,85,101,77,89,19,39,82,62,26" hai3="129,134,47,12,91,50,124,64,58,109,128,32,80"/><U119/><E126/><V24/><F39/><W30/><G109/><T98/><D125/><U7/><E67/><V45/><F3/><W78/><G124/><T133/><D60/><U123/><E123/><V6/><F6/><W106/><G106/><N who="0" m="40491" /><D8/><U51/><E7/><V112/><F112/><W10/><G134/><N who="0" m="51819" /><D41/><U18/><E102/><V79/><F101/><W5/><G91/><T111/><D36/><U28/><E105/><V81/><F81/><W54/><G32/><T33/><D33/><U120/><E28/><V43/><F35/><W76/><G30/><T44/><D44/><U23/><E120/><V27/><REACH who="2" step="1"/><F19/><REACH who="2" ten="313,361,153,163" step="2"/><W94/><G80/><T21/><D111/><U100/><E100/><V56/><F56/><W110/><G110/><T40/><D103/><U83/><E18/><V37/><AGARI ba="1,1" hai="24,26,27,37,43,45,57,62,66,77,79,82,85,89" machi="37" ten="30,12000,2" yaku="1,1,0,1,52,2,53,2" doraHai="74" doraHaiUra="72" who="2" fromWho="2" sc="313,-31,361,-61,153,133,163,-31" /><INIT seed="2,0,0,0,2,7" ten="282,300,286,132" oya="2" hai0="88,130,30,26,1,68,97,12,17,101,126,78,85" hai1="28,67,4,129,119,11,71,79,36,96,94,24,62" hai2="106,108,39,135,93,0,42,48,69,34,6,27,112" hai3="33,132,23,98,95,90,104,38,84,74,5,31,20"/><V49/><F106/><W43/><G132/><T120/><D120/><U2/><E129/><V13/><F112/><W44/><G33/><T60/><D1/><U103/><E36/><V10/><F135/><W65/><G65/><T99/><D78/><U111/><E111/><V25/><F108/><W63/><G63/><T15/><D130/><U54/><E79/><V14/><F69/><W122/><G122/><T105/><D99/><U59/><E119/><V51/><F93/><W45/><G31/><T127/><D60/><U75/><E75/><V107/><F107/><W80/><G45/><T37/><D37/><U56/><E54/><V134/><F134/><W131/><G131/><T55/><D55/><U89/><E89/><V53/><F53/><W18/><G5/><T109/><D68/><U3/><E2/><V87/><F87/><W52/><G18/><T82/><D109/><U110/><E110/><V92/><F92/><W102/><REACH who="3" step="1"/><G52/><REACH who="3" ten="282,300,286,122" step="2"/><T46/><D46/><U47/><E47/><V81/><F34/><AGARI ba="0,1" hai="3,4,11,24,28,34,56,59,62,67,71,94,96,103" machi="34" ten="30,2000,0" yaku="7,1,52,1" doraHai="7" who="1" fromWho="2" sc="282,0,300,30,286,-20,122,0" /><INIT seed="3,0,0,0,5,25" ten="282,330,266,122" oya="3" hai0="28,13,73,81,16,64,10,91,88,53,65,67,106" hai1="117,128,51,119,125,68,5,12,57,74,124,75,9" hai2="115,89,18,46,1,71,97,87,39,54,107,78,7" hai3="82,83,60,135,3,104,111,123,55,93,131,62,133"/><W40/><G123/><T92/><D106/><U94/><E128/><V37/><F71/><W101/><G3/><T132/><D132/><N who="3" m="50761" /><G131/><T15/><D28/><U56/><E68/><V36/><F115/><W126/><G126/><N who="1" m="48746" /><E94/><V61/><F7/><W72/><G111/><T121/><D121/><U134/><E134/><V35/><F35/><W99/><G40/><T98/><D53/><N who="1" m="31807" /><E57/><V44/><F1/><W118/><G118/><AGARI ba="0,0" hai="5,9,12,74,75,117,118,119" m="31807,48746" machi="118" ten="30,2000,0" yaku="12,1,18,1" doraHai="25" who="1" fromWho="3" sc="282,0,330,20,266,0,122,-20" owari="282,8.2,350,45.0,266,-13.4,102,-39.8" /></mjloggm>