<mjloggm ver="2.3"><GO type="225" lobby="0"/><UN n0="%E3%81%8B%E3%82%8F%E3%81%A1%E3%82%83%E3%82%93%35%38" n1="%E2%91%A3%E9%81%BF%E9%81%8A%E6%88%AF%E3%80%90%E6%9D%B1%E5%8D%97%E3%80%91" n2="%E8%90%BD%E6%97%A5" n3="%E3%81%99%E3%81%84%E3%81%BE%E3%81%9B%E3%83%BC%E3%82%93" dan="16,16,19,16" rate="2140.64,2037.99,2224.51,2121.60" sx="M,M,F,M"/><TAIKYOKU oya="0"/><INIT seed="0,0,0,4,3,65" ten="250,250,250,250" oya="0" hai0="42,46,27,127,110,25,114,28,8,72,113,79,89" hai1="26,18,52,133,24,64,67,128,126,44,7,125,1" hai2="85,66,88,33,61,39,102,112,17,32,95,108,121" hai3="70,35,119,22,92,68,29,54,4,78,3,37,81"/><T122/><D122/><U5/><E133/><V106/><F121/><W49/><G119/><T90/><D8/><U129/><E1/><V87/><F112/><W2/><G35/><T16/><D79/><U117/><E44/><V47/><F108/><W15/><G37/><T82/><D72/><U75/><E75/><V36/><F87/><W104/><G104/><T30/><D127/><U10/><E10/><V134/><F134/><W124/><G124/><T14/><D110/><U58/><E58/><V86/><F86/><W80/><G92/><T96/><D96/><U34/><E34/><V100/><F17/><W53/><G4/><T20/><D82/><U11/><E11/><V105/><F105/><W115/><G115/><T101/><D101/><U31/><E18/><V71/><F102/><W93/><G93/><T97/><D97/><U59/><E59/><V131/><F131/><W98/><G98/><T118/><D118/><U132/><E132/><V107/><F39/><W116/><G29/><N who="0" m="11371" /><D114/><U12/><E31/><V0/><F0/><N who="3" m="43" /><G80/><T40/><D113/><U135/><E135/><V73/><F73/><N who="3" m="43215" /><G116/><T123/><D123/><U130/><E117/><V109/><F109/><W63/><G49/><N who="0" m="26823" /><D42/><U6/><E6/><V48/><F36/><W60/><G60/><T76/><D76/><U77/><E130/><V51/><F107/><W57/><G54/><T50/><D50/><N who="2" m="18986" /><F47/><W91/><G91/><AGARI ba="0,0" hai="14,16,20,25,27,89,90,91" m="26823,11371" machi="91" ten="30,2900,0" yaku="8,1,54,1" doraHai="65" who="0" fromWho="3" sc="250,29,250,0,250,0,250,-29" /><INIT seed="0,1,0,0,4,11" ten="279,250,250,221" oya="0" hai0="87,115,116,131,55,18,77,4,63,78,23,85,26" hai1="22,75,112,134,61,81,17,24,128,111,44,124,51" hai2="50,109,46,56,106,82,99,72,73,104,30,1,34" hai3="110,58,27,6,97,64,84,38,59,41,101,12,48"/><T79/><D115/><U119/><E112/><V60/><F1/><W90/><G110/><T67/><D116/><U120/><E119/><V35/><F109/><W102/><G38/><T20/><D131/><U45/><E111/><V5/><F5/><W7/><G27/><T83/><D4/><U0/><E120/><V132/><F132/><W122/><G122/><T52/><D23/><U103/><E134/><V28/><F82/><W94/><G64/><T36/><D36/><U3/><E45/><V93/><F50/><W88/><G6/><T121/><D121/><U68/><E103/><N who="3" m="39434" /><G41/><T123/><D123/><U31/><E31/><V37/><F37/><W15/><G7/><T129/><D129/><U107/><E107/><V91/><F46/><W66/><G48/><T43/><D43/><U125/><E128/><V33/><F30/><W126/><G126/><N who="1" m="48746" /><E61/><V39/><F28/><W21/><G21/><T9/><D9/><U100/><E100/><V14/><F39/><W71/><G71/><T25/><D25/><U42/><E68/><V57/><F57/><N who="3" m="21515" /><G66/><T19/><D19/><U62/><E62/><V96/><F104/><W74/><G74/><N who="2" m="28777" /><F106/><W32/><G32/><T80/><D78/><AGARI ba="1,0" hai="0,3,17,22,24,42,44,51,75,78,81" m="48746" machi="78" ten="30,1000,0" yaku="18,1" doraHai="11" who="1" fromWho="0" sc="279,-13,250,13,250,0,221,0" /><INIT seed="1,0,0,0,3,127" ten="266,263,250,221" oya="1" hai0="10,3,28,113,68,23,119,4,126,114,128,52,27" hai1="93,84,120,103,31,98,111,32,22,42,64,16,134" hai2="124,94,75,9,85,101,55,59,107,8,121,82,26" hai3="37,83,15,104,133,38,60,12,110,29,72,92,43"/><U87/><E120/><V46/><F121/><W13/><G104/><T97/><D68/><U105/><E42/><V19/><F124/><W123/><G123/><T109/><D126/><U80/><E64/><V30/><F107/><W41/><G110/><T0/><D119/><U89/><E32/><V112/><F112/><W50/><G133/><T108/><D97/><U77/><E31/><V95/><F75/><W86/><G29/><T39/><D39/><U125/><E125/><V79/><F46/><W117/><G117/><T11/><D52/><U63/><E63/><V7/><F19/><W67/><G72/><T130/><D10/><U51/><E51/><V34/><F101/><W76/><G92/><T100/><D3/><U48/><E48/><V56/><F9/><W35/><G35/><T33/><D23/><U129/><E134/><V61/><REACH who="2" step="1"/><F56/><REACH who="2" ten="266,263,240,221" step="2"/><N who="3" m="37255" /><G38/><T65/><D100/><U90/><E111/><N who="0" m="42569" /><D65/><U102/><E102/><V131/><F131/><AGARI ba="0,1" hai="0,4,11,27,28,33,113,114,128,130,131" m="42569" machi="131" ten="30,16000,3" yaku="19,1,14,1,23,1,34,2,52,3" doraHai="127" who="0" fromWho="2" sc="266,170,263,0,240,-160,221,0" /><INIT seed="2,0,0,1,3,119" ten="436,263,80,221" oya="2" hai0="129,22,38,104,71,117,102,81,50,84,78,4,35" hai1="49,96,12,114,68,116,88,97,107,77,24,76,74" hai2="98,25,57,48,42,34,93,80,85,40,121,59,54" hai3="13,1,89,10,51,101,5,67,134,118,37,83,19"/><V123/><F59/><W33/><G37/><T6/><D38/><U2/><E116/><V18/><F40/><W32/><G118/><T11/><D35/><U110/><E2/><V26/><F26/><W108/><G134/><T122/><D117/><U131/><E114/><V41/><F41/><W66/><G108/><T16/><D71/><U14/><E110/><V52/><F42/><W120/><G101/><T3/><D122/><U111/><E68/><V99/><F54/><W43/><G120/><T27/><D129/><U29/><E111/><V39/><F98/><W103/><G103/><T109/><D109/><U133/><E133/><V58/><F58/><W9/><G33/><T94/><D104/><U23/><E107/><V8/><F39/><W62/><G32/><T87/><D50/><U45/><E74/><V20/><F8/><W61/><G61/><T112/><D112/><U70/><E70/><V73/><F73/><W30/><G30/><T75/><D6/><U95/><E97/><V65/><F65/><W126/><G62/><T125/><D125/><U82/><E131/><V132/><F34/><W56/><G126/><T90/><D102/><U113/><E113/><V15/><F25/><W60/><G67/><T21/><D21/><U79/><E82/><V0/><F0/><W55/><G43/><AGARI ba="0,0" hai="12,14,23,24,29,43,45,49,76,77,79,88,95,96" machi="43" ten="40,2600,0" yaku="8,1,54,1" doraHai="119" who="1" fromWho="3" sc="436,0,263,26,80,0,221,-26" /><INIT seed="3,0,0,1,5,66" ten="436,289,80,195" oya="3" hai0="34,73,92,125,8,117,112,6,106,71,23,128,53" hai1="99,93,75,17,79,116,2,104,7,115,14,38,25" hai2="19,29,124,120,110,74,65,89,107,28,39,24,42" hai3="47,100,96,49,108,21,82,130,59,10,78,85,87"/><W105/><G130/><T32/><D106/><U62/><E115/><V80/><F110/><W133/><G133/><T43/><D117/><U31/><E116/><V90/><F124/><W102/><G102/><T83/><D71/><U135/><E135/><V121/><F107/><W76/><G108/><T36/><D23/><U26/><E38/><V81/><F19/><W69/><G69/><T91/><D53/><U88/><E62/><V45/><F65/><W11/><G59/><T134/><D134/><U9/><E104/><V13/><F13/><W56/><G56/><T127/><D128/><U109/><E109/><V50/><F39/><W64/><G21/><T68/><D68/><U123/><E123/><V54/><F42/><W97/><G97/><T77/><D112/><U131/><E131/><V86/><F74/><W111/><G64/><T30/><D30/><U58/><E58/><V70/><F70/><W60/><G60/><T41/><D34/><U51/><E51/><V0/><F0/><W27/><G111/><T98/><D32/><U126/><E31/><V55/><F24/><W15/><G27/><T101/><D101/><U57/><E57/><V48/><REACH who="2" step="1"/><F86/><REACH who="2" ten="436,289,70,195" step="2"/><W61/><G15/><N who="0" m="5527" /><D36/><U84/><E126/><AGARI ba="0,1" hai="41,43,73,77,83,91,92,98,125,126,127" m="5527" machi="126" ten="30,1000,0" yaku="18,1" doraHai="66" who="0" fromWho="1" sc="436,20,289,-10,70,0,195,0" owari="456,55.6,279,7.9,70,-43.0,195,-20.5" /></mjloggm>