<mjloggm ver="2.3"><GO type="225" lobby="0"/><UN n0="%E7%89%B9%E6%9D%B1%E3%81%AF%E4%B8%96%E7%95%8C%E3%82%92%E6%95%91%E3%81%86" n1="%E3%81%BF%E3%81%BF%E3%81%9A" n2="%E3%83%94%E3%83%B3%E3%82%B5%E3%83%AD%E5%BA%97%E5%93%A1" n3="%E3%83%8F%E3%83%B3%E3%83%89%E3%83%A9%E3%83%BC%E3%83%BB%E3%83%AF%E3%83%B3" dan="16,18,16,17" rate="2050.56,2224.19,2204.79,2201.29" sx="M,M,M,M"/><TAIKYOKU oya="0"/><INIT seed="0,0,0,3,1,23" ten="250,250,250,250" oya="0" hai0="28,79,133,47,86,44,19,13,72,42,111,17,96" hai1="5,4,67,8,84,105,3,70,99,14,112,60,95" hai2="48,88,100,1,26,120,35,130,76,2,102,68,71" hai3="117,58,52,41,32,34,38,93,75,65,135,57,25"/><T104/><D72/><U49/><E112/><V97/><F120/><W90/><G117/><T80/><D133/><U110/><E110/><V83/><F130/><W113/><G113/><T10/><D111/><U33/><E33/><V54/><F102/><W108/><G75/><T103/><D28/><U43/><E105/><V91/><F71/><W46/><G135/><T109/><D109/><U131/><E131/><V73/><F68/><W87/><G108/><T22/><REACH who="0" step="1"/><D42/><REACH who="0" ten="240,250,250,250" step="2"/><U11/><E43/><V12/><F73/><W64/><G34/><T9/><D9/><U98/><E49/><V59/><F35/><W6/><G32/><T122/><D122/><U123/><E123/><V36/><F48/><W77/><G41/><T74/><D74/><U45/><E45/><V92/><F36/><W39/><G46/><T53/><D53/><U63/><E63/><V30/><F54/><W134/><G52/><T0/><D0/><U51/><E51/><V132/><F30/><W85/><G134/><T61/><D61/><U106/><E60/><V119/><F2/><W55/><G55/><T124/><D124/><U15/><E3/><V129/><F1/><W69/><G39/><T50/><D50/><U115/><E115/><V116/><F132/><W7/><G38/><T78/><D78/><U94/><E67/><V56/><F129/><W89/><G77/><T128/><D128/><U125/><E125/><V31/><F76/><W127/><G127/><T66/><D66/><U16/><E11/><V24/><F119/><W40/><G65/><T82/><D82/><U62/><E8/><RYUUKYOKU ba="0,1" sc="240,30,250,-10,250,-10,250,-10" hai0="10,13,17,19,22,44,47,79,80,86,96,103,104" /><INIT seed="0,1,1,1,2,11" ten="270,240,240,240" oya="0" hai0="73,117,58,61,48,105,33,24,125,80,93,29,88" hai1="103,113,53,129,109,66,131,92,42,71,2,85,1" hai2="5,64,119,82,0,31,8,72,84,95,104,133,35" hai3="132,100,18,115,76,134,120,68,60,59,108,77,83"/><T116/><D105/><U38/><E109/><V26/><F104/><W20/><G115/><T36/><D125/><U6/><E113/><V15/><F133/><N who="3" m="51307" /><G68/><T3/><D36/><U51/><E42/><V49/><F119/><W110/><G100/><T111/><D3/><U22/><E38/><V112/><F112/><W81/><G120/><T23/><D111/><N who="3" m="42537" /><G77/><T41/><D33/><U89/><E103/><V99/><F72/><W128/><G76/><T118/><D80/><U67/><E22/><V16/><F64/><N who="1" m="24617" /><E6/><V50/><F84/><W9/><G9/><T4/><D4/><U28/><E28/><V13/><F82/><W27/><G128/><N who="1" m="49226" /><E71/><V78/><F78/><W121/><G121/><T124/><D124/><U21/><E21/><N who="2" m="11423" /><F13/><W86/><G86/><T12/><D73/><U96/><E85/><V47/><F47/><AGARI ba="1,1" hai="1,2,47,51,53,89,92,96" m="49226,24617" machi="47" ten="30,1000,0" yaku="19,1" doraHai="11" who="1" fromWho="2" sc="270,0,240,23,240,-13,240,0" /><INIT seed="1,0,0,2,5,64" ten="270,263,227,240" oya="1" hai0="77,112,109,124,122,15,69,56,80,115,16,74,54" hai1="29,45,12,25,113,3,81,14,130,131,129,55,83" hai2="98,89,101,106,18,46,70,75,133,67,68,41,20" hai3="79,91,4,121,1,23,65,110,31,95,57,84,107"/><U72/><E3/><V40/><F75/><W119/><G121/><T6/><D122/><U87/><E113/><V38/><F133/><W71/><G107/><T13/><D109/><U61/><E72/><V27/><F67/><W105/><G105/><T88/><D124/><U32/><E83/><V28/><F41/><W114/><G114/><T50/><D69/><U39/><E61/><V120/><F120/><W63/><G110/><T37/><D37/><U33/><E33/><V8/><F89/><W58/><G119/><T51/><D51/><N who="1" m="29167" /><E39/><V102/><F102/><W73/><G73/><T60/><D60/><U125/><E125/><V7/><REACH who="2" step="1"/><F28/><REACH who="2" ten="270,263,217,240" step="2"/><W62/><G79/><AGARI ba="0,1" hai="12,14,25,29,32,79,81,87,129,130,131" m="29167" machi="79" ten="30,1500,0" yaku="19,1" doraHai="64" who="1" fromWho="3" sc="270,0,263,25,217,0,240,-15" /><INIT seed="1,1,0,2,3,109" ten="270,288,217,225" oya="1" hai0="96,61,99,7,120,59,82,112,8,45,94,39,29" hai1="23,130,70,83,133,114,42,93,103,26,98,95,31" hai2="5,0,126,1,75,65,76,16,125,135,53,62,6" hai3="81,102,86,43,9,14,47,68,28,78,88,21,119"/><U30/><E130/><V4/><F53/><W3/><G68/><T128/><D128/><U85/><E133/><V69/><F135/><W84/><G119/><T116/><D116/><U106/><E114/><V77/><F75/><W17/><G102/><T87/><D29/><U108/><E108/><V48/><F48/><W22/><G3/><T72/><D72/><U2/><E2/><N who="2" m="1131" /><F16/><W92/><REACH who="3" step="1"/><G28/><REACH who="3" ten="270,288,217,215" step="2"/><T11/><D120/><U121/><E121/><V97/><F97/><W37/><AGARI ba="1,1" hai="9,14,17,21,22,37,43,47,78,81,84,86,88,92" machi="37" ten="20,8000,1" yaku="1,1,2,1,0,1,7,1,54,1,53,0" doraHai="109" doraHaiUra="127" who="3" fromWho="3" sc="270,-21,288,-41,217,-21,215,93" /><INIT seed="2,0,0,4,2,78" ten="249,247,196,308" oya="2" hai0="52,98,3,21,72,86,58,37,106,124,1,94,2" hai1="108,35,45,110,67,121,50,129,57,33,93,85,114" hai2="126,56,81,39,15,46,80,34,107,119,77,4,24" hai3="51,19,18,103,59,122,87,115,125,6,105,130,13"/><V43/><F119/><W135/><G122/><T44/><D72/><U32/><E114/><V134/><F107/><W111/><G111/><N who="1" m="42538" /><E121/><V40/><F134/><W22/><G135/><T53/><D124/><U91/><E129/><V7/><F126/><W0/><G125/><T48/><D106/><U62/><E32/><V83/><F77/><W17/><G130/><T63/><D37/><U55/><AGARI ba="0,0" hai="33,35,45,50,55,57,62,67,85,91,93" m="42538" machi="55" ten="30,1100,0" yaku="14,1" doraHai="78" who="1" fromWho="1" sc="249,-3,247,11,196,-5,308,-3" /><INIT seed="3,0,0,1,2,130" ten="246,258,191,305" oya="3" hai0="109,41,80,12,102,127,94,95,51,61,99,93,79" hai1="74,112,29,37,128,24,1,7,100,81,117,46,2" hai2="126,13,104,67,134,87,84,76,55,62,97,11,58" hai3="5,25,45,21,42,114,38,44,9,103,57,98,49"/><W35/><G35/><T18/><D109/><U131/><E100/><V113/><F113/><W73/><G73/><T14/><D127/><U27/><E112/><V60/><F126/><W43/><G57/><T16/><D61/><U6/><E81/><V19/><F76/><W106/><G114/><T39/><D39/><U4/><E74/><V68/><F104/><W75/><G75/><T56/><D14/><U22/><E46/><V40/><F97/><W90/><G90/><T86/><D18/><N who="1" m="12375" /><E37/><V66/><F40/><W0/><G21/><T48/><D56/><U32/><E117/><V120/><F120/><W83/><G83/><T82/><D80/><U71/><E71/><V77/><F77/><W124/><G25/><T33/><D33/><U53/><E53/><V3/><F3/><AGARI ba="0,0" hai="1,2,3,4,6,7,27,29,32,128,131" m="12375" machi="3" ten="30,2000,0" yaku="34,2" doraHai="130" who="1" fromWho="2" sc="246,0,258,20,191,-20,305,0" owari="246,-15.4,278,7.8,171,-32.9,305,40.5" /></mjloggm>