<mjloggm ver="2.3"><GO type="225" lobby="0"/><UN n0="%66%67%67%68%68%64%66" n1="%E3%81%8B%E3%82%8F%E3%81%A1%E3%82%83%E3%82%93%35%38" n2="%E6%B8%A9%E2%98%85%E6%83%85%E2%98%85%E6%8E%AA%E2%98%85%E7%BD%AE" n3="%E3%80%93%E3%81%97%E3%83%BC%E3%82%89%E3%80%93" dan="16,16,17,16" rate="2077.91,2136.83,2227.17,2090.11" sx="M,M,M,M"/><TAIKYOKU oya="0"/><BYE who="1" /><INIT seed="0,0,0,4,5,33" ten="250,250,250,250" oya="0" hai0="131,68,90,17,111,78,1,16,125,18,96,102,24" hai1="40,114,112,19,93,44,49,127,75,43,5,89,59" hai2="70,122,80,85,50,97,87,100,123,15,88,57,21" hai3="54,61,109,83,105,9,38,65,42,115,92,98,82"/><T32/><D68/><UN n1="%E3%81%8B%E3%82%8F%E3%81%A1%E3%82%83%E3%82%93%35%38" /><U73/><E59/><V113/><F70/><W124/><G105/><T103/><D131/><U101/><E101/><V28/><F113/><N who="1" m="43625" /><E127/><V94/><F87/><W27/><G124/><T71/><D71/><U132/><E132/><V91/><F100/><W134/><G109/><T119/><D119/><U52/><E19/><V0/><F0/><W20/><G54/><T46/><D125/><U10/><E43/><V120/><F15/><W108/><G108/><T121/><D121/><U11/><E40/><V31/><REACH who="2" step="1"/><F21/><REACH who="2" ten="250,250,240,250" step="2"/><W107/><G20/><T79/><D1/><N who="1" m="303" /><E11/><V117/><F117/><W81/><G9/><T72/><D111/><U45/><E45/><V2/><F2/><W48/><G115/><T47/><D47/><U106/><E106/><V76/><F76/><W104/><G107/><T25/><D46/><U66/><E66/><V53/><AGARI ba="0,1" hai="28,31,50,53,57,80,85,88,91,94,97,120,122,123" machi="53" ten="40,8000,1" yaku="1,1,0,1,54,1,53,2" doraHai="33" doraHaiUra="26" who="2" fromWho="2" sc="250,-40,250,-20,240,90,250,-20" /><INIT seed="1,0,0,2,4,69" ten="210,230,330,230" oya="1" hai0="98,89,62,42,24,74,5,15,92,65,129,99,83" hai1="41,28,117,10,7,127,111,94,51,36,32,18,108" hai2="22,107,134,84,43,71,88,87,35,31,60,121,55" hai3="73,9,27,95,96,57,76,48,50,119,75,90,6"/><U114/><E114/><V101/><F121/><W44/><G119/><T126/><D129/><U23/><E117/><V86/><F134/><W102/><G76/><T52/><D126/><U46/><E127/><V79/><F79/><W17/><G57/><T4/><D74/><U53/><E28/><V33/><F43/><W82/><G50/><T93/><D83/><U54/><E32/><V128/><F128/><W104/><G82/><T109/><D109/><N who="1" m="42059" /><E94/><V81/><F22/><W59/><G59/><N who="0" m="35175" /><D42/><U123/><E123/><V64/><F55/><W110/><G110/><T0/><D0/><N who="1" m="359" /><E51/><V38/><F38/><W130/><G130/><T61/><D93/><U21/><E21/><V72/><F72/><W85/><G48/><T120/><D120/><U11/><E11/><V116/><F35/><W16/><G75/><T2/><D2/><U105/><E105/><V29/><F116/><W78/><G73/><T20/><D99/><U118/><E118/><V47/><F29/><W34/><G96/><T19/><D15/><AGARI ba="0,0" hai="15,18,23,36,41,46,53,54" m="359,42059" machi="15" ten="30,5800,0" yaku="14,1,10,1,52,1" doraHai="69" who="1" fromWho="0" sc="210,-58,230,58,330,0,230,0" /><INIT seed="1,1,0,0,5,78" ten="152,288,330,230" oya="1" hai0="32,7,24,79,3,93,5,121,127,126,86,53,25" hai1="42,10,39,85,104,33,11,125,116,9,117,95,132" hai2="44,29,84,129,70,118,62,111,112,100,18,60,38" hai3="71,6,133,120,65,57,55,16,49,82,28,124,22"/><U114/><E104/><V77/><F118/><N who="1" m="45673" /><E95/><V106/><F100/><W68/><G120/><T35/><D53/><U20/><E85/><V101/><F101/><W13/><G124/><N who="0" m="47659" /><D93/><U131/><E42/><V115/><F77/><W46/><G133/><T87/><D79/><U74/><E39/><V14/><F84/><N who="0" m="32298" /><D3/><U30/><E74/><V21/><F106/><W58/><G28/><T109/><D109/><U17/><E125/><V110/><F29/><W50/><G6/><N who="0" m="2059" /><D121/><U103/><E103/><V23/><F38/><W113/><G65/><T80/><D80/><U54/><E54/><V12/><F111/><W67/><G82/><T123/><D123/><U31/><E132/><V135/><F110/><W52/><REACH who="3" step="1"/><G113/><REACH who="3" ten="152,288,330,220" step="2"/><T98/><D98/><U48/><E114/><V88/><F135/><W41/><G41/><T47/><D47/><U94/><E31/><V59/><F44/><W99/><G99/><T97/><D97/><U76/><E30/><V63/><F115/><W107/><G107/><T91/><D91/><U45/><E76/><V75/><F88/><W26/><G26/><AGARI ba="1,1" hai="24,25,26,32,35" m="2059,32298,47659" machi="26" ten="30,3900,0" yaku="28,2,18,1" doraHai="78" who="0" fromWho="3" sc="152,52,288,0,330,0,220,-42" /><INIT seed="2,0,0,1,0,99" ten="204,288,330,178" oya="2" hai0="91,50,67,115,11,110,93,6,42,131,5,124,41" hai1="32,16,40,35,27,7,54,112,37,74,13,109,82" hai2="71,90,88,114,134,28,79,113,39,80,36,132,116" hai3="64,17,1,52,0,65,73,57,81,120,97,20,135"/><V95/><F71/><W23/><G120/><T100/><D115/><U33/><E112/><V63/><F28/><W118/><G118/><T66/><D110/><U25/><E54/><V2/><F2/><W34/><G135/><N who="2" m="51753" /><F116/><W98/><G34/><T133/><D133/><U4/><E82/><V62/><F114/><W119/><G119/><T102/><D131/><U123/><E40/><N who="0" m="15465" /><D50/><U85/><E85/><N who="2" m="52623" /><F90/><W103/><G1/><T15/><D5/><N who="1" m="2123" /><E74/><N who="2" m="43127" /><F113/><W46/><G0/><T56/><D124/><U127/><E127/><V12/><F12/><W108/><G108/><T89/><D91/><U47/><E109/><V48/><F48/><W83/><G73/><T8/><D6/><U10/><E123/><V111/><F111/><W43/><G17/><T44/><D15/><N who="1" m="7287" /><E37/><AGARI ba="0,0" hai="36,37,39,62,63" m="43127,52623,51753" machi="37" ten="30,2900,0" yaku="20,1,54,1" doraHai="99" who="2" fromWho="1" sc="204,0,288,-29,330,29,178,0" /><INIT seed="2,1,0,1,0,52" ten="204,259,359,178" oya="2" hai0="44,51,71,3,89,53,58,24,134,132,120,64,32" hai1="100,80,104,20,46,22,128,56,12,105,75,11,110" hai2="121,57,2,92,97,55,93,69,47,133,113,111,70" hai3="67,96,87,109,98,125,8,72,23,102,1,78,61"/><V29/><F2/><W79/><G72/><T65/><D3/><U26/><E110/><V25/><F121/><W119/><G119/><T49/><D89/><U0/><E0/><V82/><F113/><W124/><G109/><T16/><D120/><U85/><E75/><V94/><F111/><W59/><G23/><N who="0" m="13415" /><D71/><U33/><E33/><V66/><F133/><N who="0" m="51306" /><D32/><U21/><E128/><V39/><F82/><W17/><G87/><T68/><D68/><U126/><E126/><N who="3" m="48746" /><G96/><T74/><D74/><U135/><E135/><V41/><F97/><W28/><G28/><T99/><D99/><U42/><E26/><V107/><F107/><N who="3" m="63959" /><G17/><T15/><D15/><U13/><E13/><V83/><F83/><W36/><G36/><T81/><D81/><U76/><E105/><V54/><F29/><W40/><G40/><AGARI ba="1,0" hai="40,44,49,51,53,58,64,65" m="51306,13415" machi="40" ten="30,3900,0" yaku="20,1,52,1,54,1" doraHai="52" who="0" fromWho="3" sc="204,42,259,0,359,0,178,-42" /><INIT seed="3,0,0,1,3,31" ten="246,259,359,136" oya="3" hai0="70,10,42,89,19,66,24,51,111,102,13,85,115" hai1="53,18,110,131,36,48,80,37,117,122,27,124,109" hai2="1,6,113,74,32,35,90,135,71,99,107,7,112" hai3="22,125,34,72,73,59,82,41,52,11,47,64,60"/><W43/><G125/><T130/><D111/><N who="1" m="42507" /><E80/><V45/><F71/><W106/><G106/><T81/><D130/><U68/><E27/><V77/><F45/><W101/><G101/><T114/><D102/><U57/><E18/><V123/><F90/><W133/><G133/><T8/><D24/><U63/><E122/><V79/><F99/><W14/><G34/><T100/><D100/><U94/><E94/><V46/><F46/><W30/><G72/><T16/><D42/><U119/><E131/><V58/><F58/><W116/><G116/><N who="1" m="44618" /><E124/><V134/><F1/><W118/><G118/><T3/><D51/><U93/><E93/><V103/><F103/><W12/><G82/><T121/><D121/><U40/><E40/><N who="3" m="15434" /><G73/><T129/><D129/><U98/><E98/><V120/><F74/><W86/><G86/><T49/><D49/><U92/><E92/><V62/><F62/><W108/><G108/><T15/><D3/><U84/><E84/><V20/><F20/><W128/><G128/><T21/><D21/><U9/><E9/><V2/><F2/><W23/><G30/><T33/><D33/><U87/><E87/><V126/><F126/><W0/><G0/><T83/><D81/><U104/><E104/><AGARI ba="0,0" hai="6,7,32,35,77,79,104,107,112,113,120,123,134,135" machi="104" ten="25,6400,0" yaku="22,2,52,2" doraHai="31" who="2" fromWho="1" sc="246,0,259,-64,359,64,136,0" owari="246,4.6,195,-20.5,423,52.3,136,-36.4" /></mjloggm>