<mjloggm ver="2.3"><GO type="225" lobby="0"/><UN n0="%E3%81%91%E3%83%BC%E3%81%9E%E3%81%88" n1="%6D%75%75%6D%75%72%61" n2="%E3%81%9F%E3%81%A3%E3%81%A1%E3%82%87" n3="%E7%89%B9%E6%9D%B1%E3%81%AF%E4%B8%96%E7%95%8C%E3%82%92%E6%95%91%E3%81%86" dan="16,16,16,16" rate="2190.55,2214.10,2075.06,2144.53" sx="F,F,M,M"/><TAIKYOKU oya="0"/><INIT seed="0,0,0,1,4,2" ten="250,250,250,250" oya="0" hai0="95,102,128,43,70,67,53,48,54,19,133,75,37" hai1="66,73,80,113,87,36,101,125,105,35,81,58,16" hai2="127,12,21,26,39,124,109,94,135,57,7,107,5" hai3="98,40,10,88,55,4,121,38,45,134,110,78,49"/><T0/><D75/><U115/><E36/><V6/><F107/><W24/><G110/><T79/><D133/><U61/><E35/><V14/><F109/><W41/><G134/><T84/><D128/><U116/><E116/><V119/><F135/><W126/><G126/><N who="2" m="48169" /><F39/><W130/><G130/><T1/><D54/><U83/><E125/><V56/><F94/><W25/><G78/><T46/><D19/><U111/><E111/><V99/><F99/><W60/><G60/><N who="0" m="40295" /><D102/><U22/><E73/><V50/><F119/><W69/><G69/><T123/><D123/><U31/><E31/><N who="2" m="17871" /><F50/><W82/><G121/><T28/><D28/><U74/><E74/><V112/><F112/><N who="1" m="43081" /><E101/><V65/><F56/><W32/><G32/><T92/><D92/><U62/><E62/><AGARI ba="0,0" hai="5,6,7,12,14,57,62,65" m="17871,48169" machi="62" ten="30,7700,0" yaku="18,1,52,3" doraHai="2" who="2" fromWho="1" sc="250,0,250,-77,250,77,250,0" /><INIT seed="1,0,0,4,3,45" ten="250,173,327,250" oya="1" hai0="102,26,73,65,3,60,1,99,117,8,30,47,38" hai1="123,111,88,110,32,105,70,13,49,37,120,61,2" hai2="75,24,113,59,107,6,104,4,14,124,79,9,35" hai3="0,116,119,22,77,134,86,19,44,89,7,95,69"/><U68/><E105/><V12/><F124/><W15/><G69/><T41/><D73/><U43/><E2/><V80/><F113/><W91/><G134/><T53/><D117/><N who="3" m="45129" /><G44/><T82/><D82/><U96/><E37/><V125/><F125/><W122/><G122/><T87/><D87/><U112/><E112/><V23/><F35/><W103/><G77/><T84/><D84/><U55/><E32/><V94/><F94/><W40/><G40/><T129/><D8/><U50/><E13/><V83/><F80/><W20/><G20/><T114/><D53/><U51/><E96/><V31/><F59/><W133/><G133/><T81/><D81/><U67/><E88/><V17/><F4/><W126/><G126/><T62/><D114/><U76/><E76/><V108/><F108/><N who="1" m="41513" /><E43/><V21/><AGARI ba="0,0" hai="6,9,12,14,17,21,23,24,31,75,79,83,104,107" machi="21" ten="20,1500,0" yaku="0,1,7,1" doraHai="45" who="2" fromWho="2" sc="250,-4,173,-7,327,15,250,-4" /><INIT seed="2,0,0,3,5,68" ten="246,166,342,246" oya="2" hai0="95,75,93,16,26,29,134,108,56,58,112,117,25" hai1="94,99,126,86,114,6,72,131,65,24,89,120,73" hai2="79,1,115,52,101,33,132,118,111,11,62,113,17" hai3="102,54,38,67,2,125,123,105,10,32,13,96,37"/><V103/><F118/><W122/><G125/><T57/><D112/><U47/><E114/><V9/><F33/><W22/><G32/><T41/><D117/><U100/><E126/><V46/><F79/><W92/><G67/><T5/><D108/><U83/><E131/><V12/><F12/><W51/><BYE who="2" /><G2/><UN n2="%E3%81%9F%E3%81%A3%E3%81%A1%E3%82%87" /><T43/><D75/><U104/><E120/><V130/><F111/><W40/><G22/><T128/><D134/><U34/><E6/><V110/><F110/><W21/><G21/><T8/><D128/><U85/><E65/><V87/><F1/><W44/><G105/><T48/><D48/><U78/><E34/><V64/><F132/><W76/><G76/><T35/><D35/><U80/><E24/><N who="0" m="9321" /><D16/><U121/><E47/><V49/><F17/><W127/><G127/><T30/><D8/><U63/><E63/><V66/><F9/><W107/><G107/><T88/><D95/><U119/><E119/><V3/><F11/><W60/><G60/><T69/><D69/><U39/><E121/><V45/><F3/><W82/><G82/><N who="1" m="31274" /><E39/><V36/><F130/><W135/><G135/><T71/><D71/><U97/><E78/><V70/><F36/><W84/><G38/><T90/><D5/><U14/><E14/><V0/><F0/><W27/><G27/><T98/><D90/><U18/><E18/><V50/><F113/><W55/><G37/><T53/><D53/><N who="3" m="19977" /><G123/><T20/><D20/><U61/><E61/><N who="2" m="40207" /><F115/><W91/><G122/><T19/><D19/><U81/><N who="1" m="31282" /><U31/><DORA hai="133" /><E31/><AGARI ba="0,0" hai="29,30,31,41,43,56,57,58,88,93,98" m="9321" machi="31" ten="30,2000,0" yaku="8,1,54,1" doraHai="68,133" who="0" fromWho="1" sc="246,20,166,-20,342,0,246,0" /><INIT seed="3,0,0,1,5,56" ten="266,146,342,246" oya="3" hai0="21,6,45,31,48,69,83,135,112,46,99,124,24" hai1="15,87,126,49,133,26,100,59,52,93,110,123,36" hai2="54,64,78,94,19,105,85,44,35,120,121,14,76" hai3="40,8,1,73,79,96,10,18,82,38,118,116,106"/><W30/><G30/><T72/><D124/><U65/><E123/><N who="2" m="47179" /><F105/><W53/><G53/><T70/><D135/><U43/><E126/><V62/><F35/><W122/><G122/><T17/><D112/><U114/><E133/><V67/><F44/><N who="3" m="23575" /><G10/><T132/><D46/><U60/><E114/><V89/><F54/><W25/><G18/><T98/><D6/><U95/><E110/><V80/><F62/><W37/><G25/><T2/><D2/><U11/><E36/><V125/><F125/><W117/><G37/><T4/><D4/><U107/><E43/><V3/><F3/><W34/><G34/><T22/><D70/><U12/><E107/><V63/><F63/><W97/><G106/><T71/><D69/><U61/><E26/><V131/><F131/><W127/><G127/><T13/><D71/><U0/><E0/><V39/><F39/><W109/><G109/><T47/><D47/><U119/><E119/><V77/><F80/><W66/><G66/><T51/><D51/><U68/><E49/><V74/><F74/><W134/><G134/><T32/><D32/><U20/><E20/><AGARI ba="0,0" hai="14,19,20,64,67,76,77,78,85,89,94" m="47179" machi="20" ten="30,1000,0" yaku="13,1" doraHai="56" who="2" fromWho="1" sc="266,0,146,-10,342,10,246,0" owari="266,6.6,136,-36.4,352,45.2,246,-15.4" /></mjloggm>