<mjloggm ver="2.3"><GO type="225" lobby="0"/><UN n0="%E5%80%89%E6%A9%8B%EF%BC%A0%E4%BA%8B%E5%8B%99" n1="%E3%81%99%E3%81%84%E3%81%BE%E3%81%9B%E3%83%BC%E3%82%93" n2="%E3%83%93%E3%83%81%E3%83%A3%E5%B1%B1%E3%83%93%E3%83%81%E3%83%A3%E7%94%B7" n3="%E3%82%BC%E3%83%AB%E3%83%80%E3%81%AE%E4%BC%9D%E8%AA%AC" dan="16,16,18,16" rate="2098.57,2128.47,2217.97,2114.06" sx="M,M,M,M"/><TAIKYOKU oya="0"/><INIT seed="0,0,0,1,0,47" ten="250,250,250,250" oya="0" hai0="121,135,29,84,51,103,36,46,83,86,80,75,54" hai1="4,2,21,96,65,49,0,30,31,59,115,23,57" hai2="17,63,108,13,70,9,132,124,44,61,87,118,76" hai3="33,22,68,34,117,56,19,73,50,8,104,82,126"/><T38/><D121/><U1/><E115/><V55/><F108/><W48/><G117/><T85/><D135/><U123/><E123/><V129/><F132/><W112/><G68/><T71/><D71/><U53/><E4/><V7/><F118/><W105/><G112/><T64/><D64/><U99/><E65/><V14/><F124/><W90/><G8/><T67/><D67/><U133/><E133/><V69/><F129/><W97/><G126/><T15/><D103/><U110/><E110/><V74/><F74/><W27/><G34/><T116/><D116/><U12/><E12/><V37/><F37/><W18/><G33/><T128/><D29/><U119/><E119/><V58/><F44/><W127/><G127/><T6/><D128/><U52/><E0/><V25/><F25/><W111/><G18/><T101/><D101/><U39/><REACH who="1" step="1"/><E49/><REACH who="1" ten="250,240,250,250" step="2"/><V89/><F70/><W45/><G48/><T5/><D38/><AGARI ba="0,1" hai="1,2,21,23,30,31,38,39,52,53,57,59,96,99" machi="38" ten="25,12000,2" yaku="1,1,2,1,22,2,54,1,53,2" doraHai="47" doraHaiUra="32" who="1" fromWho="0" sc="250,-120,240,130,250,0,250,0" /><INIT seed="1,0,0,3,5,133" ten="130,370,250,250" oya="1" hai0="102,32,70,117,11,29,59,71,8,51,52,124,132" hai1="36,13,94,68,58,83,15,100,18,30,110,20,97" hai2="79,134,55,82,42,72,39,92,125,113,27,47,5" hai3="130,54,53,17,90,99,63,75,88,93,114,22,89"/><U131/><E68/><V43/><F134/><W38/><G130/><T120/><D132/><U9/><E36/><V33/><F113/><W26/><G114/><T126/><D117/><U2/><E2/><V77/><F125/><N who="0" m="48234" /><D120/><U12/><E131/><V76/><F43/><W67/><G38/><T23/><D32/><U104/><E104/><V6/><F55/><N who="3" m="21003" /><G75/><T40/><D102/><U81/><E110/><V129/><F92/><W62/><G67/><T0/><D40/><U21/><E58/><V35/><F129/><W4/><G4/><N who="0" m="1031" /><D11/><U65/><E65/><V91/><F91/><AGARI ba="0,0" hai="17,22,26,62,63,88,89,90,91,93,99" m="21003" machi="91" ten="30,2000,0" yaku="8,1,54,1" doraHai="133" who="3" fromWho="2" sc="130,0,370,0,250,-20,250,20" /><INIT seed="2,0,0,0,1,68" ten="130,370,230,270" oya="2" hai0="60,2,52,63,23,1,102,30,0,118,72,128,127" hai1="94,107,5,49,31,39,65,120,6,8,108,112,126" hai2="4,47,17,122,92,75,129,76,26,56,70,71,79" hai3="110,43,67,77,114,35,16,95,84,91,111,66,105"/><V44/><F122/><W58/><G114/><T80/><D118/><U89/><E107/><V101/><F129/><W24/><G105/><T28/><D128/><U22/><E39/><V74/><F4/><W61/><G77/><T87/><D72/><U48/><E112/><V103/><F92/><W99/><G43/><T7/><D127/><U34/><E34/><V109/><F56/><W38/><G38/><T57/><D7/><U59/><E126/><V14/><F14/><W51/><G51/><T64/><D102/><U27/><E108/><N who="3" m="41514" /><G84/><T116/><D116/><U100/><E100/><V131/><F109/><W33/><G67/><T55/><D23/><AGARI ba="0,0" hai="16,23,24,33,35,58,61,66,91,95,99" m="41514" machi="23" ten="30,2000,0" yaku="14,1,54,1" doraHai="68" who="3" fromWho="0" sc="130,-20,370,0,230,0,270,20" /><INIT seed="3,0,0,3,5,62" ten="110,370,230,290" oya="3" hai0="77,14,59,96,89,40,76,129,61,90,120,86,54" hai1="67,84,99,128,22,78,64,30,123,73,127,118,121" hai2="26,125,43,82,109,16,4,71,135,115,65,12,34" hai3="5,44,63,130,0,9,91,103,29,111,58,45,57"/><W81/><G130/><T13/><D120/><U17/><E73/><V23/><F115/><W35/><G111/><T102/><D129/><U132/><E128/><V68/><F109/><W56/><G103/><T3/><D3/><U72/><E72/><V37/><F125/><W113/><G113/><T27/><D40/><U21/><E127/><V108/><F108/><W87/><G35/><T55/><D102/><U6/><E132/><V101/><F135/><W100/><G29/><T94/><D54/><U95/><E6/><V15/><F82/><W74/><G74/><T126/><D126/><U18/><E30/><V24/><F71/><W7/><G100/><T47/><D47/><U31/><E31/><V119/><F119/><W46/><REACH who="3" step="1"/><G7/><REACH who="3" ten="110,370,230,280" step="2"/><T32/><D32/><U53/><E118/><V51/><F4/><W10/><G10/><T97/><D76/><U104/><E123/><V39/><F34/><W38/><G38/><T134/><D134/><U49/><E121/><V85/><F39/><W19/><G19/><T36/><D36/><U2/><E17/><V122/><F37/><W117/><G117/><T107/><D107/><U33/><E33/><V93/><F122/><W88/><G88/><T66/><D77/><U60/><E18/><V8/><F16/><W124/><G124/><T42/><D42/><U114/><E114/><V105/><F105/><W69/><G69/><N who="0" m="42191" /><D27/><U75/><E75/><V110/><F110/><W20/><G20/><T52/><D90/><U98/><E104/><V50/><F101/><W1/><G1/><T106/><D106/><U83/><E2/><RYUUKYOKU ba="0,1" sc="110,-10,370,-10,230,-10,280,30" hai3="0,5,9,44,45,46,56,57,58,63,81,87,91" /><INIT seed="3,1,1,4,5,28" ten="100,360,220,310" oya="3" hai0="5,67,59,115,12,55,34,99,1,76,74,39,38" hai1="62,51,58,13,100,108,112,129,45,42,3,90,9" hai2="128,10,57,50,44,120,2,63,72,53,83,47,29" hai3="33,36,86,31,75,23,134,123,135,8,68,56,132"/><W30/><G68/><T133/><D67/><U65/><E112/><V24/><F128/><W109/><G75/><T77/><D115/><U60/><E108/><V73/><F120/><W95/><G123/><T96/><D12/><U84/><E100/><V54/><F83/><W14/><G109/><T98/><D133/><U43/><E3/><V113/><F47/><W70/><G70/><T21/><D21/><U107/><E107/><V97/><F97/><W61/><G36/><T40/><D59/><U7/><E62/><V17/><F113/><W16/><G33/><T88/><D55/><N who="1" m="30191" /><E129/><V49/><F63/><W131/><G131/><T126/><D126/><U130/><E130/><V105/><F105/><W15/><G86/><T127/><D127/><U11/><E9/><V118/><F118/><W0/><G95/><AGARI ba="1,1" hai="7,11,13,42,43,58,60,65,84,90,95" m="30191" machi="95" ten="30,1000,0" yaku="8,1" doraHai="28" who="1" fromWho="3" sc="100,0,360,23,220,0,310,-13" owari="100,-40.0,383,48.3,220,-18.0,297,9.7" /></mjloggm>