<mjloggm ver="2.3"><GO type="225" lobby="0"/><UN n0="%70%61%77%61" n1="%E8%B6%85%E7%B4%9A%E9%B3%B3%E5%87%B0" n2="%E3%81%AF%E3%82%88%E3%81%8A%E3%81%98%E3%81%95%E3%82%93" n3="%53%4E%4F%42%42%49%53%4D" dan="19,16,17,17" rate="2268.34,2121.33,2200.03,2191.49" sx="M,M,M,F"/><TAIKYOKU oya="0"/><INIT seed="0,0,0,1,1,55" ten="250,250,250,250" oya="0" hai0="8,7,57,68,97,44,117,4,21,101,61,10,0" hai1="72,53,31,76,50,123,108,49,35,2,74,43,6" hai2="133,20,59,125,85,69,47,95,32,71,126,112,111" hai3="46,135,19,94,62,118,131,98,37,22,16,9,38"/><T67/><D117/><U84/><E123/><V18/><F32/><W128/><G118/><T127/><D127/><N who="2" m="48650" /><F112/><W17/><G135/><T24/><D44/><U48/><E108/><V15/><F111/><W99/><G9/><T28/><D68/><U90/><E76/><V13/><F133/><W91/><G22/><T122/><D122/><U103/><E103/><V83/><F95/><N who="3" m="56703" /><G46/><T89/><D89/><U93/><E43/><V110/><F110/><W132/><G62/><T100/><REACH who="0" step="1"/><D97/><REACH who="0" ten="240,250,250,250" step="2"/><U134/><E90/><N who="2" m="51519" /><F47/><W1/><G132/><T96/><D96/><U81/><E134/><V129/><F129/><N who="3" m="49739" /><G1/><AGARI ba="0,1" hai="0,1,4,7,8,10,21,24,28,57,61,67,100,101" machi="1" ten="30,11600,0" yaku="1,1,7,1,9,1,52,1,53,0" doraHai="55" doraHaiUra="82" who="0" fromWho="3" sc="240,126,250,0,250,0,250,-116" /><INIT seed="0,1,0,3,4,104" ten="366,250,250,134" oya="0" hai0="27,28,65,51,93,67,105,92,84,36,77,11,14" hai1="44,5,48,60,53,78,37,94,126,34,127,89,1" hai2="110,46,35,100,102,47,24,131,17,7,49,59,90" hai3="95,132,29,21,109,117,64,112,79,82,57,120,108"/><T62/><D105/><U3/><E34/><V26/><F110/><N who="3" m="42603" /><G64/><T72/><D36/><U43/><E78/><V20/><F131/><W130/><G57/><T15/><D51/><U97/><E60/><V63/><F7/><W16/><G112/><T121/><D121/><U124/><REACH who="1" step="1"/><E5/><REACH who="1" ten="366,240,250,134" step="2"/><V76/><F76/><W32/><G117/><T116/><D62/><U42/><E42/><V71/><F35/><W33/><G120/><T2/><D77/><U101/><E101/><V30/><F100/><W113/><G113/><T13/><D116/><U87/><E87/><V75/><F102/><W9/><G130/><T54/><D84/><U114/><E114/><V123/><F123/><W83/><G32/><T74/><D67/><U25/><E25/><V23/><F63/><W125/><G125/><T52/><D65/><U38/><E38/><V133/><F24/><N who="3" m="16527" /><G33/><T50/><D27/><U119/><E119/><V111/><F26/><W81/><G132/><T22/><D54/><U80/><E80/><V10/><F133/><W103/><G79/><T107/><D52/><U134/><E134/><V118/><F118/><W41/><G41/><T85/><D85/><U19/><E19/><V4/><F17/><W86/><G103/><T70/><D28/><U135/><E135/><V68/><F30/><W8/><G16/><T45/><D50/><U39/><E39/><V129/><F129/><W69/><G69/><T18/><D70/><U66/><E66/><V56/><F111/><W0/><G0/><T58/><D18/><U128/><E128/><V40/><F68/><W31/><G31/><RYUUKYOKU ba="1,1" sc="366,-15,240,15,250,-15,134,15" hai1="1,3,37,43,44,48,53,89,94,97,124,126,127" hai3="8,9,81,82,83,86,95" /><INIT seed="1,2,1,1,2,100" ten="351,255,235,149" oya="1" hai0="90,48,111,38,40,72,68,80,26,46,57,106,49" hai1="45,33,93,83,87,0,55,85,65,126,102,18,36" hai2="88,77,97,132,109,37,5,92,12,56,112,117,66" hai3="107,16,41,17,31,59,121,70,3,125,21,10,89"/><U28/><E0/><V32/><F117/><W25/><G70/><T71/><D111/><U104/><E126/><V95/><F32/><W15/><G121/><T86/><D106/><U63/><E33/><V50/><F37/><W19/><G125/><T94/><D26/><U73/><E73/><V110/><F132/><W60/><G107/><T42/><D38/><U24/><E18/><N who="3" m="6666" /><G41/><T27/><D27/><U113/><E113/><V14/><F112/><W61/><G89/><T43/><D71/><U127/><E127/><V8/><F77/><W20/><G3/><T51/><D68/><U134/><E134/><V1/><F95/><W58/><G10/><T108/><D108/><N who="2" m="41578" /><F50/><N who="0" m="19562" /><D72/><U9/><E36/><V131/><F131/><W54/><G59/><T11/><D57/><U84/><E104/><V23/><F23/><W76/><G76/><N who="0" m="46343" /><D11/><U91/><E9/><V6/><F6/><W64/><G60/><AGARI ba="2,1" hai="1,5,8,12,14,56,60,66,88,92,97" m="41578" machi="60" ten="30,2000,0" yaku="14,1,54,1" doraHai="100" who="2" fromWho="3" sc="351,0,255,0,235,36,149,-26" /><INIT seed="2,0,0,5,3,109" ten="351,255,271,123" oya="2" hai0="84,10,112,14,56,28,123,16,101,98,2,106,21" hai1="26,8,135,110,31,96,61,72,23,81,33,103,51" hai2="38,73,70,121,53,114,7,5,92,113,86,11,128" hai3="30,91,85,29,67,9,48,49,108,76,117,97,132"/><V71/><F73/><W40/><G117/><T27/><D123/><U133/><E110/><V125/><F121/><W58/><G108/><T59/><D112/><U37/><E37/><V47/><F5/><W100/><G132/><N who="1" m="50762" /><E8/><V12/><F125/><W127/><G76/><T36/><D36/><U129/><E129/><V39/><F39/><W118/><G118/><T90/><REACH who="0" step="1"/><D2/><REACH who="0" ten="341,255,271,123" step="2"/><U95/><E51/><N who="2" m="28927" /><F38/><W15/><G49/><T99/><D99/><U111/><E111/><V77/><F114/><W107/><G127/><T83/><AGARI ba="0,1" hai="10,14,16,21,27,28,56,59,83,84,90,98,101,106" machi="83" ten="20,5200,0" yaku="1,1,0,1,7,1,54,1,53,0" doraHai="109" doraHaiUra="42" who="0" fromWho="0" sc="341,62,255,-13,271,-26,123,-13" /><INIT seed="3,0,0,4,0,1" ten="403,242,245,110" oya="3" hai0="130,112,12,40,7,37,29,82,95,86,21,19,31" hai1="121,113,104,108,91,78,0,66,15,26,49,9,93" hai2="33,57,32,67,84,88,4,6,75,35,71,2,81" hai3="74,60,94,63,125,72,124,11,55,10,109,34,120"/><W135/><G34/><T122/><D122/><U41/><E104/><V27/><F2/><W134/><G120/><T89/><D112/><U68/><E0/><V22/><F71/><W106/><G94/><T24/><D130/><U44/><E121/><V59/><F75/><N who="3" m="28715" /><G55/><T58/><D37/><U64/><E113/><V61/><REACH who="2" step="1"/><F59/><REACH who="2" ten="403,242,235,110" step="2"/><W3/><G3/><T98/><D58/><U42/><E108/><V110/><F110/><W92/><G109/><T129/><D129/><U87/><E68/><V102/><F102/><W47/><G47/><T46/><D46/><N who="1" m="25807" /><E26/><V70/><F70/><W5/><G5/><T16/><D7/><N who="1" m="3519" /><E78/><V51/><F51/><AGARI ba="0,1" hai="42,44,51,64,66,87,91,93" m="3519,25807" machi="51" ten="30,2000,0" yaku="8,1,52,1" doraHai="1" who="1" fromWho="2" sc="403,0,242,30,235,-20,110,0" owari="403,50.3,272,7.2,215,-18.5,110,-39.0" /></mjloggm>