<mjloggm ver="2.3"><GO type="225" lobby="0"/><UN n0="%E4%BF%BA%E3%81%A8%E5%A6%96%E5%A4%A2" n1="%6B%79%6F%6E%6B%6F%31%31" n2="%E3%82%A2%E3%83%A1%E3%82%A2%E3%83%A9%E3%83%AC" n3="%E3%81%99%E3%81%84%E3%81%BE%E3%81%9B%E3%83%BC%E3%82%93" dan="16,16,16,18" rate="2124.18,2143.54,2113.74,2237.01" sx="F,M,M,M"/><TAIKYOKU oya="0"/><INIT seed="0,0,0,1,4,10" ten="250,250,250,250" oya="0" hai0="22,7,104,45,24,93,103,13,2,48,87,33,126" hai1="43,39,76,113,16,130,65,44,25,102,106,83,108" hai2="79,72,125,61,110,101,38,120,52,56,99,68,124" hai3="40,109,5,4,132,89,105,27,107,135,20,55,0"/><T118/><D118/><U6/><E108/><V62/><F120/><W94/><G109/><T84/><D126/><N who="2" m="48746" /><F38/><W112/><G112/><T131/><D131/><U60/><E130/><V127/><F110/><W116/><G40/><T95/><D2/><U64/><E113/><V114/><F114/><W73/><G73/><T133/><D133/><N who="3" m="51273" /><G116/><T74/><D74/><U67/><E6/><N who="3" m="2666" /><G55/><T21/><D104/><U29/><E102/><V98/><N who="2" m="48754" /><V70/><DORA hai="17" /><F62/><W63/><G63/><T3/><D3/><U59/><E106/><N who="2" m="63799" /><F99/><N who="3" m="57807" /><G0/><T1/><D1/><U46/><E46/><V12/><F12/><W96/><G96/><N who="0" m="59791" /><D33/><U8/><E29/><AGARI ba="0,0" hai="20,27,29,105,107" m="57807,2666,51273" machi="29" ten="30,2000,0" yaku="20,1,52,1" doraHai="10,17" who="3" fromWho="1" sc="250,0,250,-20,250,0,250,20" /><INIT seed="1,0,0,0,3,20" ten="250,230,250,270" oya="1" hai0="90,98,71,39,56,85,99,80,116,104,62,83,88" hai1="57,127,31,72,52,61,109,132,97,93,91,1,77" hai2="0,2,15,84,5,134,12,103,28,75,4,123,3" hai3="34,7,81,47,58,130,32,95,102,82,120,68,119"/><U42/><E127/><V24/><F75/><W17/><G68/><T124/><D116/><U64/><E1/><V27/><F103/><W65/><G120/><T67/><D124/><U101/><E132/><V50/><F84/><W54/><G7/><N who="2" m="2633" /><F50/><W118/><G130/><T14/><D39/><U36/><E109/><V38/><F38/><W100/><G95/><T110/><D110/><U60/><E31/><V113/><F123/><W133/><G133/><T105/><D14/><N who="2" m="5162" /><F134/><W78/><G102/><T63/><D83/><U45/><E77/><V13/><F113/><W9/><G100/><T70/><D70/><U16/><E72/><V29/><N who="2" m="5170" /><V19/><DORA hai="76" /><F19/><W128/><G82/><T126/><D126/><U129/><E129/><V22/><F0/><W6/><G17/><T94/><REACH who="0" step="1"/><D99/><REACH who="0" ten="240,230,250,270" step="2"/><U122/><E122/><V33/><AGARI ba="0,1" hai="2,3,22,24,27,28,29,33" m="5170,2633" machi="33" ten="40,12000,2" yaku="35,5,52,2" doraHai="20,76" who="2" fromWho="2" sc="240,-30,230,-60,250,130,270,-30" /><INIT seed="2,0,0,3,1,59" ten="210,170,380,240" oya="2" hai0="44,128,63,57,23,75,87,102,106,134,14,16,42" hai1="111,110,35,88,21,99,39,26,67,8,131,80,13" hai2="5,4,71,27,101,58,17,31,89,105,15,78,70" hai3="30,77,129,12,122,34,29,91,81,62,6,127,64"/><V53/><F78/><W41/><G122/><T112/><D112/><U48/><E39/><V90/><F101/><W2/><G2/><T84/><D75/><U95/><E131/><V124/><F105/><W45/><G34/><T61/><D128/><U125/><E35/><V74/><F74/><W123/><G127/><T22/><D134/><U120/><E120/><V73/><F73/><W1/><G91/><T107/><D107/><U79/><E125/><V115/><F71/><W72/><G123/><T0/><D0/><U121/><E121/><V19/><F70/><N who="3" m="42263" /><G12/><T92/><D106/><U46/><E67/><V98/><F115/><W47/><G47/><T83/><D23/><U40/><E80/><V69/><F69/><W130/><G30/><T7/><D7/><U132/><E79/><V135/><F19/><W24/><G24/><T38/><D57/><U51/><E132/><V113/><F89/><W55/><G29/><T36/><D36/><U20/><E51/><V54/><F90/><W114/><G114/><T100/><D84/><U82/><E82/><V94/><F27/><W37/><G55/><T25/><D25/><U116/><E116/><V104/><F54/><W117/><G117/><T85/><D85/><U66/><E66/><V3/><F53/><W10/><AGARI ba="0,0" hai="1,6,10,37,41,45,72,77,81,129,130" m="42263" machi="10" ten="30,4000,0" yaku="25,1,23,1,52,1" doraHai="59" who="3" fromWho="3" sc="210,-10,170,-10,380,-20,240,40" /><INIT seed="3,0,0,4,2,48" ten="200,160,360,280" oya="3" hai0="35,85,56,63,104,29,123,37,95,65,78,44,22" hai1="133,107,120,64,127,109,86,98,69,119,34,33,26" hai2="13,28,54,114,113,9,4,93,5,55,79,106,103" hai3="88,135,0,134,70,108,117,125,66,2,49,99,75"/><W41/><G117/><T76/><D123/><U17/><E119/><V112/><F106/><W126/><G75/><T6/><D104/><U97/><E120/><V129/><F129/><W73/><G73/><T40/><D35/><U8/><E127/><N who="3" m="48650" /><G66/><T36/><D36/><U110/><E133/><V80/><F4/><W101/><G70/><T58/><D6/><U111/><E64/><V23/><F103/><W124/><G108/><N who="1" m="27650" /><U3/><DORA hai="130" /><E69/><V121/><F93/><N who="3" m="56743" /><G101/><T14/><D56/><U128/><E128/><V57/><F121/><W39/><G39/><T84/><D84/><U74/><E74/><V132/><F113/><W7/><G124/><T115/><D115/><U31/><E107/><V53/><F114/><W27/><G27/><T68/><D95/><U77/><E33/><V92/><F112/><W72/><G72/><T51/><D85/><U59/><E86/><V87/><F92/><W32/><G32/><T83/><D83/><U82/><E3/><V60/><F132/><N who="3" m="50731" /><G7/><T47/><D68/><U38/><E38/><V52/><F28/><W116/><G116/><T122/><D122/><U24/><E82/><V91/><F91/><W67/><G67/><T81/><D81/><U12/><E77/><V1/><F79/><W94/><G94/><T131/><D131/><U90/><E90/><V10/><F80/><W11/><G11/><T118/><D118/><U19/><E26/><V30/><F10/><W61/><G61/><T50/><D37/><U21/><E34/><V16/><F60/><W71/><G71/><T96/><D65/><U25/><E59/><RYUUKYOKU ba="0,0" sc="200,-15,160,15,360,-15,280,15" hai1="8,12,17,19,21,24,25,31,97,98" hai3="0,2,41,49" /><INIT seed="3,1,0,2,1,98" ten="185,175,345,295" oya="3" hai0="26,85,90,34,126,41,47,113,68,39,14,115,62" hai1="75,88,130,87,24,4,78,73,61,103,53,66,27" hai2="105,17,107,108,81,2,83,110,95,36,104,45,6" hai3="132,65,125,25,133,21,49,63,38,9,5,111,101"/><W93/><G38/><T42/><D126/><U50/><E4/><V77/><F95/><W7/><G125/><T82/><D41/><U91/><E130/><V74/><F83/><W1/><G5/><T106/><D106/><U99/><E91/><V23/><F36/><W71/><G111/><N who="2" m="42537" /><F45/><W15/><G49/><T86/><D86/><U59/><E78/><V124/><F124/><W55/><G55/><T35/><D14/><U80/><E73/><V13/><F6/><W48/><G48/><T69/><D62/><U79/><E75/><V84/><F74/><W31/><REACH who="3" step="1"/><G1/><AGARI ba="1,0" hai="1,2,13,17,23,77,81,84,104,105,107" m="42537" machi="1" ten="40,1300,0" yaku="14,1" doraHai="98" who="2" fromWho="3" sc="185,0,175,0,345,16,295,-16" owari="185,-21.5,175,-32.5,361,46.1,279,7.9" /></mjloggm>