<mjloggm ver="2.3"><GO type="225" lobby="0"/><UN n0="%E9%A2%A8%E3%81%A7%E9%B3%B4%E3%81%8F" n1="%E3%81%BE%E3%81%A8%E3%81%9F" n2="%E3%83%AD%E3%83%83%E3%83%86%E9%9B%80%E7%90%83" n3="%33%74%72%65%65" dan="16,16,17,17" rate="2135.05,2152.19,2172.54,2132.12" sx="M,M,M,F"/><TAIKYOKU oya="0"/><INIT seed="0,0,0,3,3,30" ten="250,250,250,250" oya="0" hai0="106,58,61,133,132,81,49,117,129,135,78,62,59" hai1="93,87,55,46,102,0,5,3,76,15,41,111,119" hai2="12,19,101,29,94,113,116,44,50,96,69,97,16" hai3="114,109,34,72,2,9,79,131,125,22,130,90,52"/><T42/><D106/><U70/><E119/><V99/><F113/><W88/><G114/><T91/><D117/><U67/><E55/><V60/><F116/><W26/><G109/><T83/><D129/><N who="3" m="49161" /><G125/><T21/><D21/><U33/><E93/><V13/><F29/><N who="3" m="19767" /><G22/><T40/><D91/><U27/><E102/><V25/><F60/><N who="0" m="23146" /><D78/><U24/><E67/><V39/><F39/><W28/><G28/><T75/><D75/><U1/><E33/><V66/><F66/><W11/><G52/><N who="0" m="32015" /><D59/><U6/><E111/><V18/><F69/><W7/><G11/><T105/><D105/><U104/><E70/><V84/><F25/><W85/><G85/><T100/><D100/><U56/><E104/><V14/><REACH who="2" step="1"/><F84/><REACH who="2" ten="250,250,240,250" step="2"/><W10/><G72/><T127/><D127/><U128/><E87/><V54/><AGARI ba="0,1" hai="12,13,14,16,18,19,44,50,54,94,96,97,99,101" machi="54" ten="30,8000,1" yaku="1,1,2,1,0,1,8,1,54,1,53,0" doraHai="30" doraHaiUra="122" who="2" fromWho="2" sc="250,-40,250,-20,240,90,250,-20" /><INIT seed="1,0,0,0,1,119" ten="210,230,330,230" oya="1" hai0="21,25,73,92,27,111,49,61,126,36,134,38,102" hai1="79,106,87,28,78,94,23,88,8,127,63,114,113" hai2="107,90,4,45,13,105,132,12,117,56,133,129,118" hai3="116,122,124,53,18,5,130,11,24,84,68,51,37"/><U110/><E106/><N who="2" m="40459" /><F129/><W69/><G130/><T81/><D111/><U82/><E127/><V52/><F45/><W67/><G124/><T19/><D126/><U115/><E110/><V9/><F13/><W103/><G37/><T99/><D134/><N who="2" m="51818" /><F90/><W135/><G135/><T46/><D25/><U48/><E78/><V77/><F77/><W15/><G103/><T91/><D61/><AGARI ba="0,0" hai="4,9,12,52,56,61,117,118" m="51818,40459" machi="61" ten="30,2000,0" yaku="20,1,54,1" doraHai="119" who="2" fromWho="0" sc="210,-20,230,0,330,20,230,0" /><INIT seed="2,0,0,1,1,107" ten="190,230,350,230" oya="2" hai0="64,96,130,1,68,20,131,67,29,63,81,0,70" hai1="19,12,62,97,35,49,46,86,132,85,109,72,26" hai2="6,73,114,112,3,80,98,15,128,126,27,56,65" hai3="2,113,13,4,74,102,89,77,23,99,106,105,32"/><V103/><F3/><N who="0" m="1098" /><D96/><U71/><E97/><V40/><F126/><W9/><G113/><T129/><D81/><U92/><E92/><V60/><F128/><N who="0" m="32770" /><T42/><DORA hai="116" /><D42/><U125/><E86/><V133/><F133/><W84/><G105/><T117/><D117/><U121/><E125/><V31/><F40/><W88/><G32/><T83/><D83/><U45/><E132/><V124/><F124/><W11/><G23/><T75/><D75/><U110/><E85/><V58/><F73/><W37/><G37/><T36/><D36/><U122/><E72/><V134/><F134/><W16/><REACH who="3" step="1"/><G84/><REACH who="3" ten="190,230,350,220" step="2"/><T21/><D29/><N who="1" m="19895" /><E49/><V24/><F31/><W53/><G53/><T79/><D79/><U41/><E41/><V28/><F28/><W50/><G50/><T78/><D78/><U94/><E62/><AGARI ba="0,1" hai="20,21,62,63,64,67,68,70" m="32770,1098" machi="62" ten="50,1600,0" yaku="19,1" doraHai="107,116" who="0" fromWho="1" sc="190,26,230,-16,350,0,220,0" /><INIT seed="3,0,0,0,0,126" ten="216,214,350,220" oya="3" hai0="71,110,101,7,25,96,131,132,119,11,81,10,14" hai1="135,42,66,77,127,114,91,31,106,109,98,74,133" hai2="94,102,87,39,60,68,54,69,120,44,113,124,62" hai3="22,129,5,95,30,116,1,86,64,50,104,84,29"/><W20/><G116/><T75/><D71/><U47/><E114/><V65/><F113/><W78/><G104/><T72/><D119/><U117/><E109/><V90/><F124/><W130/><G64/><T40/><D110/><U61/><E127/><V36/><F120/><W107/><G107/><T13/><D132/><N who="1" m="50763" /><E31/><N who="3" m="11786" /><G1/><T2/><D131/><N who="3" m="50185" /><G5/><T41/><D25/><U32/><E32/><V93/><F69/><W125/><G125/><T21/><D21/><N who="3" m="8297" /><G78/><T43/><D2/><U49/><E117/><V134/><F134/><W23/><N who="3" m="8305" /><W108/><DORA hai="85" /><G108/><T45/><D45/><U37/><E77/><V76/><F76/><W51/><G95/><T53/><D81/><U8/><E106/><V92/><F92/><W88/><G88/><T58/><D101/><U4/><E91/><V57/><REACH who="2" step="1"/><F44/><REACH who="2" ten="216,214,340,220" step="2"/><W97/><G97/><AGARI ba="0,1" hai="36,39,54,57,60,62,65,68,87,90,93,94,97,102" machi="97" ten="40,12000,2" yaku="1,1,2,1,52,1,53,3" doraHai="126,85" doraHaiUra="59,52" who="2" fromWho="3" sc="216,0,214,0,340,130,220,-120" owari="216,1.6,214,-18.6,470,57.0,100,-40.0" /></mjloggm>