<mjloggm ver="2.3"><GO type="225" lobby="0"/><UN n0="%77%72%77%72%77%72%77%72" n1="%E3%81%BF%E3%81%BF%E3%81%9A" n2="%E3%81%8B%E3%82%8F%E3%81%A1%E3%82%83%E3%82%93%35%38" n3="%33%74%72%65%65" dan="17,17,16,16" rate="2175.75,2327.84,2141.38,2095.92" sx="M,M,M,F"/><TAIKYOKU oya="0"/><INIT seed="0,0,0,1,2,91" ten="250,250,250,250" oya="0" hai0="106,54,78,41,70,72,83,35,81,53,118,125,20" hai1="39,95,14,63,59,7,36,23,24,111,44,22,26" hai2="42,92,85,126,17,64,25,67,58,4,120,96,55" hai3="37,124,9,32,50,86,40,104,18,134,30,76,33"/><T73/><D118/><U71/><E71/><V87/><F120/><W51/><G104/><T115/><D115/><U110/><E7/><V121/><F126/><W108/><G37/><T128/><D35/><U1/><E1/><V105/><F105/><W132/><G124/><T69/><D125/><U27/><E95/><V2/><F42/><W31/><G18/><T103/><D128/><U98/><E98/><V93/><F4/><W8/><G86/><N who="2" m="32777" /><F2/><W88/><G40/><T21/><D41/><N who="1" m="22567" /><E14/><V48/><F121/><W12/><G12/><T99/><D99/><U3/><E3/><V19/><F93/><W11/><G11/><T65/><D106/><U77/><E77/><V94/><F94/><W116/><G76/><T130/><D78/><U38/><E39/><V6/><F6/><W80/><G116/><T46/><D103/><U34/><E34/><V127/><F127/><W10/><G10/><T113/><D130/><U43/><E43/><V117/><F117/><W52/><G80/><T135/><D113/><U102/><E102/><N who="2" m="60679" /><F17/><W5/><G5/><T68/><D68/><U90/><E90/><V109/><F109/><N who="1" m="41481" /><E38/><V107/><F107/><W0/><G108/><T74/><D74/><U49/><E49/><V47/><F47/><W62/><G0/><T97/><D46/><U101/><E101/><V16/><F19/><W29/><G29/><T61/><D97/><U129/><E129/><V15/><F25/><N who="1" m="6401" /><U13/><DORA hai="57" /><E13/><V56/><F56/><W131/><G131/><T75/><D70/><U100/><E100/><V79/><F79/><W84/><G33/><RYUUKYOKU ba="0,0" sc="250,-15,250,15,250,15,250,-15" hai1="22,23,59,63" hai2="15,16,48,55,58,64,67" /><INIT seed="1,1,0,3,2,53" ten="235,265,265,235" oya="1" hai0="132,72,124,44,88,36,54,55,110,56,19,4,127" hai1="125,51,13,82,103,6,29,95,71,60,62,28,121" hai2="30,12,91,111,90,84,14,116,76,128,74,1,46" hai3="69,34,92,126,50,40,58,117,122,35,27,48,99"/><U57/><E121/><V81/><F1/><W37/><G69/><T80/><D110/><U131/><E131/><V0/><F0/><W15/><G122/><T106/><D106/><U134/><E134/><V129/><F111/><W3/><G3/><T8/><D132/><U21/><E125/><N who="0" m="48201" /><D19/><U11/><E82/><V93/><F116/><W49/><G117/><T101/><D101/><U65/><E51/><V97/><F30/><W96/><G126/><T105/><D105/><U10/><E10/><V107/><F46/><W23/><G40/><N who="0" m="22535" /><D72/><U39/><E39/><V98/><F12/><W113/><G37/><T9/><D54/><U67/><REACH who="1" step="1"/><E21/><REACH who="1" ten="235,255,265,235" step="2"/><V42/><F128/><W87/><G48/><N who="0" m="30823" /><D4/><U32/><E32/><V64/><F129/><W77/><G34/><T114/><D114/><U20/><E20/><V70/><F74/><W133/><G23/><T73/><D73/><U63/><E63/><V94/><F81/><N who="3" m="47535" /><G35/><T47/><D47/><U24/><E24/><V33/><F33/><W61/><G27/><T5/><D5/><U102/><E102/><V16/><F14/><W18/><G133/><T130/><D130/><U78/><E78/><V108/><F76/><W38/><G113/><T104/><D80/><U41/><E41/><V115/><F115/><W120/><G120/><T31/><D8/><U75/><E75/><V17/><F108/><W86/><G18/><T45/><D9/><U100/><E100/><N who="2" m="62863" /><F42/><W7/><G15/><T66/><D45/><U85/><E85/><V68/><F17/><W119/><G86/><T43/><D43/><U25/><E25/><RYUUKYOKU ba="1,1" sc="235,-10,255,30,265,-10,235,-10" hai1="6,11,13,28,29,57,60,62,65,67,71,95,103" /><INIT seed="1,2,1,3,2,47" ten="225,285,255,225" oya="1" hai0="18,104,131,45,8,22,34,126,115,102,87,24,121" hai1="106,32,88,77,14,27,103,55,75,80,46,10,79" hai2="12,119,125,37,109,95,43,105,66,17,42,26,58" hai3="64,92,83,128,54,67,44,110,130,63,15,101,85"/><U9/><E106/><V3/><F105/><W56/><G110/><T134/><D115/><U74/><E103/><V65/><F119/><W98/><G15/><T5/><D131/><N who="3" m="50217" /><G44/><T73/><D73/><U48/><E32/><V39/><F3/><W19/><G19/><T21/><D134/><U49/><E27/><V4/><F4/><W60/><G63/><T118/><D126/><U70/><E70/><V31/><F95/><W11/><G11/><T51/><D118/><U2/><E2/><V28/><F125/><W132/><G132/><T1/><D121/><U50/><E9/><V29/><F109/><W107/><G107/><T69/><D69/><U52/><E88/><AGARI ba="2,1" hai="54,56,60,64,67,83,85,88,92,98,101" m="50217" machi="88" ten="30,2000,0" yaku="19,1,54,1" doraHai="47" who="3" fromWho="1" sc="225,0,285,-26,255,0,225,36" /><INIT seed="2,0,0,0,1,66" ten="225,259,255,261" oya="2" hai0="2,111,68,70,60,104,73,102,46,33,67,133,65" hai1="5,114,86,53,42,16,118,112,45,32,122,78,96" hai2="82,115,26,92,89,93,11,9,37,84,43,48,117" hai3="81,126,131,35,63,39,20,31,80,107,14,57,75"/><V116/><F115/><W85/><G107/><T12/><D111/><U18/><E118/><V15/><F37/><W29/><G35/><T87/><D2/><U134/><E32/><V23/><F117/><W0/><G0/><T19/><D73/><U51/><E5/><V91/><F116/><W132/><G39/><T6/><D33/><U109/><E109/><V106/><F106/><W129/><G126/><T13/><D133/><U61/><E134/><V94/><F91/><W128/><G132/><T83/><D46/><U59/><E122/><V8/><F48/><W41/><G41/><T50/><D50/><N who="1" m="26935" /><E114/><V38/><F38/><W123/><G123/><T77/><D6/><U44/><E96/><V95/><F43/><W4/><G75/><T76/><D76/><U7/><E7/><V69/><F69/><W62/><G62/><T127/><D127/><U125/><E112/><V99/><F94/><W113/><G113/><T10/><D12/><U1/><E1/><V98/><REACH who="2" step="1"/><F15/><REACH who="2" ten="225,259,245,261" step="2"/><W135/><G135/><T119/><D119/><U56/><E125/><V25/><F25/><W108/><G14/><T40/><D40/><N who="1" m="24967" /><E59/><V97/><F97/><W58/><G57/><T21/><D104/><U47/><E47/><V24/><F24/><W74/><G58/><T54/><D102/><U105/><E105/><V34/><F34/><W3/><G3/><T30/><D70/><U110/><E110/><V28/><AGARI ba="0,1" hai="8,9,11,23,26,28,82,84,89,92,93,95,98,99" machi="28" ten="30,11700,0" yaku="1,1,0,1,8,1,53,1" doraHai="66" doraHaiUra="17" who="2" fromWho="2" sc="225,-39,259,-39,245,127,261,-39" /><INIT seed="2,1,0,1,2,11" ten="186,220,372,222" oya="2" hai0="123,134,18,35,100,30,9,48,31,83,92,10,106" hai1="57,95,96,32,66,86,5,15,40,128,115,130,120" hai2="103,76,45,14,107,93,36,39,87,125,132,29,133" hai3="67,52,126,64,23,116,0,81,131,75,33,41,50"/><V3/><F3/><W26/><G116/><T1/><D106/><U59/><E115/><V117/><F107/><W12/><G0/><T13/><D123/><U124/><E124/><V28/><F45/><W104/><G126/><T24/><D134/><U105/><E32/><V8/><F103/><W79/><G131/><N who="1" m="50218" /><E120/><V25/><F125/><W20/><G104/><T22/><D83/><U99/><E40/><V72/><F72/><W135/><G41/><T94/><D100/><N who="1" m="62599" /><E86/><V63/><F63/><W108/><G33/><T43/><D30/><U49/><E49/><V84/><F28/><W89/><G75/><T109/><D109/><U71/><E15/><V118/><F87/><N who="3" m="50415" /><G108/><T122/><D122/><U56/><E5/><N who="2" m="3343" /><F118/><W54/><G135/><N who="2" m="51785" /><F117/><W58/><G79/><T121/><D121/><U19/><E19/><V90/><F76/><W47/><G47/><N who="0" m="25727" /><D9/><U65/><E71/><V127/><F127/><W53/><G50/><T21/><D21/><AGARI ba="1,0" hai="21,25,29,36,39,84,90,93" m="51785,3343" machi="21" ten="30,2900,0" yaku="20,1,52,1" doraHai="11" who="2" fromWho="0" sc="186,-32,220,0,372,32,222,0" /><INIT seed="2,2,0,5,4,87" ten="154,220,404,222" oya="2" hai0="25,31,48,102,32,109,4,39,104,3,116,123,28" hai1="126,60,41,99,16,90,100,62,2,73,65,98,113" hai2="44,89,91,97,9,67,80,132,5,17,77,24,74" hai3="29,125,40,63,6,69,78,85,93,66,59,96,27"/><V10/><F132/><W23/><G125/><T22/><D39/><U86/><E113/><V92/><F67/><W45/><G6/><T108/><D102/><U18/><E73/><V121/><F121/><W13/><G13/><T58/><D104/><U38/><E2/><V52/><F91/><W47/><G69/><T84/><D123/><U82/><E126/><V119/><F119/><W54/><G54/><T112/><D112/><U1/><E1/><V81/><F81/><N who="3" m="47287" /><G40/><T124/><D124/><U128/><E128/><V70/><F70/><W64/><G64/><T127/><D127/><U68/><E60/><V11/><F17/><W95/><G95/><T76/><D116/><U111/><E99/><V83/><F24/><W12/><G12/><T72/><D72/><U51/><E38/><V0/><REACH who="2" step="1"/><F83/><REACH who="2" ten="154,220,394,222" step="2"/><W7/><G7/><T34/><D4/><U14/><E18/><V20/><F20/><W114/><G114/><T15/><D22/><U35/><E16/><V19/><F19/><W36/><G23/><T101/><D25/><U53/><E65/><V117/><F117/><W46/><G27/><T57/><D32/><U103/><E35/><V133/><F133/><W106/><G66/><T56/><D34/><U122/><E82/><V33/><F33/><W49/><G29/><T88/><D31/><U135/><E68/><V21/><F21/><W134/><G134/><T37/><D28/><U105/><E135/><V8/><F8/><W61/><G36/><T55/><D37/><U107/><E122/><V118/><F118/><W79/><G79/><T120/><D76/><RYUUKYOKU ba="2,1" sc="154,-10,220,-10,394,30,222,-10" hai2="0,5,9,10,11,44,52,74,77,80,89,92,97" /><INIT seed="2,3,1,4,1,123" ten="144,210,424,212" oya="2" hai0="35,126,38,95,58,134,102,59,124,121,119,60,51" hai1="28,0,57,63,9,13,69,43,82,74,106,73,11" hai2="89,125,78,130,72,111,103,109,92,93,3,21,96" hai3="49,98,29,45,26,46,56,112,110,76,25,129,70"/><V4/><F3/><W5/><G70/><T108/><D121/><U79/><E106/><V114/><F4/><W24/><G129/><T37/><D35/><U67/><E28/><V55/><F55/><W85/><G29/><T128/><D128/><U20/><E43/><V116/><F21/><W8/><G112/><T90/><D102/><U27/><E0/><V113/><F116/><W115/><G98/><T23/><D119/><U1/><E1/><V104/><F130/><W42/><G46/><T97/><D134/><U12/><E69/><V75/><F125/><N who="0" m="48234" /><D23/><U50/><E50/><V94/><F89/><W53/><G115/><N who="2" m="44041" /><F78/><W34/><G76/><T133/><D133/><U61/><E61/><V81/><F81/><W84/><G34/><T132/><D132/><U33/><E33/><V99/><F99/><W77/><G77/><T7/><D7/><U135/><E135/><V117/><F117/><W101/><G5/><T30/><D30/><U15/><E73/><AGARI ba="3,1" hai="72,73,75,92,93,94,96,103,104,109,111" m="44041" machi="73" ten="40,12000,1" yaku="34,2,52,2" doraHai="123" who="2" fromWho="1" sc="144,0,210,-129,424,139,212,0" /><INIT seed="2,4,0,2,2,50" ten="144,81,563,212" oya="2" hai0="36,60,55,83,92,115,84,96,100,80,62,39,47" hai1="85,52,133,68,8,120,81,71,121,46,89,7,77" hai2="13,94,114,51,20,124,6,23,41,127,123,72,88" hai3="16,78,122,38,125,48,111,106,91,17,58,42,132"/><V134/><F72/><W3/><G122/><N who="1" m="47210" /><E133/><V25/><F134/><W57/><G132/><T69/><D115/><U63/><E77/><V101/><F101/><W21/><G3/><T44/><D80/><U93/><E81/><V56/><F123/><W116/><G116/><T14/><D14/><N who="1" m="5407" /><E46/><V107/><F107/><W10/><G78/><T59/><D36/><U12/><E12/><V4/><F114/><W90/><G106/><T131/><D39/><U15/><E15/><V128/><F128/><W34/><G38/><T35/><D131/><U18/><E18/><V65/><F65/><W31/><G16/><T113/><D113/><U79/><E79/><V97/><F56/><AGARI ba="4,0" hai="52,56,63,68,71,85,89,93" m="5407,47210" machi="56" ten="30,3900,0" yaku="13,1,52,1,54,1" doraHai="50" who="1" fromWho="2" sc="144,0,81,51,563,-51,212,0" /><INIT seed="3,0,0,4,4,73" ten="144,132,512,212" oya="3" hai0="108,133,40,9,56,122,4,106,17,15,99,64,87" hai1="28,107,53,92,124,31,8,128,54,132,112,114,34" hai2="65,100,37,78,82,18,88,77,7,35,71,1,44" hai3="74,96,126,79,130,33,85,32,94,68,41,51,117"/><W121/><G117/><T119/><D119/><U6/><E107/><V127/><F18/><W116/><G68/><T29/><D122/><U30/><E34/><V110/><F65/><W23/><G74/><T91/><D108/><U109/><E109/><V95/><F44/><W19/><G130/><T86/><D133/><U49/><E132/><V90/><F7/><W134/><G126/><T58/><D29/><U84/><E124/><V43/><F43/><W13/><G121/><T47/><D4/><U52/><E128/><V55/><F55/><W103/><G32/><T60/><D56/><U102/><E49/><V129/><F95/><W25/><G51/><N who="0" m="27111" /><D106/><U46/><E46/><V2/><F100/><W16/><G103/><T81/><D87/><U115/><E84/><V12/><F82/><W61/><G85/><T27/><D27/><U63/><E63/><V69/><F12/><W75/><G13/><T48/><D48/><U38/><E38/><V113/><F78/><W97/><G25/><T50/><D50/><U70/><E70/><V120/><F120/><W39/><G61/><T111/><D111/><U125/><E125/><V76/><F71/><W101/><G39/><T131/><D131/><U72/><E72/><V104/><F37/><W83/><G75/><T5/><D5/><U89/><E89/><V80/><F69/><W36/><G36/><T26/><D26/><U62/><E62/><V42/><F127/><W0/><G134/><T59/><D59/><U24/><E24/><V135/><F129/><W67/><G116/><T45/><D45/><U57/><E57/><RYUUKYOKU ba="0,0" sc="144,30,132,-10,512,-10,212,-10" hai0="9,15,17,58,60,64,81,86,91,99" owari="174,-22.6,122,-37.8,502,60.2,202,0.2" /></mjloggm>