<mjloggm ver="2.3"><GO type="225" lobby="0"/><UN n0="%54%4F%52" n1="%E3%81%B2%E3%81%AA%E3%81%AE%E3%82%8A%E3%81%8F" n2="%E6%A1%9C%E8%8A%B1%E9%96%83%E3%80%85" n3="%E3%81%B7%E3%82%8A%E3%82%93%E8%81%96%E4%BA%BA" dan="17,17,18,16" rate="2241.67,2192.89,2260.15,2108.35" sx="M,M,M,M"/><TAIKYOKU oya="0"/><INIT seed="0,0,0,2,1,92" ten="250,250,250,250" oya="0" hai0="108,3,22,79,71,107,95,58,10,16,81,99,44" hai1="7,131,88,67,61,132,45,105,66,118,77,8,68" hai2="103,93,48,113,90,111,40,110,36,72,9,84,17" hai3="62,13,96,38,75,104,29,60,4,76,43,57,120"/><T2/><D71/><U124/><E118/><V116/><F113/><W27/><G38/><T59/><D107/><U24/><E132/><V74/><F36/><W83/><G43/><T39/><D108/><N who="2" m="41514" /><F116/><W25/><G120/><T12/><D39/><U32/><E124/><V82/><F17/><W121/><G121/><T70/><D70/><U78/><E67/><V102/><F9/><W98/><G104/><T28/><D44/><U109/><E131/><V117/><F48/><W63/><G57/><T128/><D128/><U30/><E105/><V129/><F40/><W11/><REACH who="3" step="1"/><G27/><REACH who="3" ten="250,250,250,240" step="2"/><T19/><D59/><U112/><E109/><V106/><F117/><W52/><G52/><T69/><D58/><U122/><E122/><V5/><F129/><W134/><G134/><T23/><D69/><U14/><E112/><V21/><F106/><W31/><G31/><T56/><D56/><U94/><REACH who="1" step="1"/><E45/><REACH who="1" ten="250,240,250,240" step="2"/><V114/><F114/><W64/><G64/><T26/><D28/><U46/><E46/><V101/><F5/><W89/><G89/><T87/><D10/><U33/><E33/><AGARI ba="0,2" hai="4,11,13,25,29,33,60,62,63,75,76,83,96,98" machi="33" ten="40,5200,0" yaku="1,1,52,2,53,0" doraHai="92" doraHaiUra="100" who="3" fromWho="1" sc="250,0,240,-52,250,0,240,72" /><INIT seed="1,0,0,1,3,95" ten="250,188,250,312" oya="1" hai0="49,86,17,93,123,100,8,42,88,131,41,103,16" hai1="99,24,114,129,64,69,10,124,85,20,102,22,77" hai2="45,68,19,31,26,104,115,117,3,50,29,97,132" hai3="121,75,37,6,83,12,133,40,74,125,96,127,87"/><U80/><E124/><N who="3" m="47690" /><G133/><T113/><D113/><U90/><E114/><V111/><F115/><W33/><G33/><T1/><D131/><U65/><E129/><V23/><F117/><W11/><G121/><T44/><D123/><U58/><E69/><V94/><F104/><W9/><G9/><T135/><D135/><U70/><E70/><V72/><F132/><W112/><G112/><T82/><D41/><U21/><E10/><V91/><F111/><W71/><G71/><T120/><D120/><U119/><E119/><V101/><F3/><W57/><G57/><T59/><D59/><U116/><E116/><V128/><F72/><W109/><G109/><T92/><D1/><U62/><E65/><V73/><F73/><W25/><G25/><T0/><D0/><U7/><E7/><V51/><F128/><W46/><G96/><N who="0" m="59399" /><D8/><U66/><E66/><V84/><F68/><W27/><G27/><T110/><D110/><U78/><REACH who="1" step="1"/><E24/><REACH who="1" ten="250,178,250,312" step="2"/><V47/><F47/><W15/><G15/><T108/><D108/><U98/><E98/><AGARI ba="0,1" hai="16,17,42,44,49,82,86,88,93,98,103" m="59399" machi="98" ten="30,8000,1" yaku="8,1,52,2,54,2" doraHai="95" who="0" fromWho="1" sc="250,90,178,-80,250,0,312,0" /><INIT seed="2,0,0,0,4,85" ten="340,98,250,312" oya="2" hai0="130,102,55,31,95,12,111,101,20,3,126,100,110" hai1="15,112,71,59,42,28,46,103,30,106,51,81,7" hai2="129,10,40,33,98,26,87,128,131,75,41,60,29" hai3="17,114,82,127,83,43,78,45,107,62,9,67,18"/><V19/><F98/><W120/><G120/><T22/><D3/><U117/><E117/><V116/><F116/><W57/><G107/><T5/><D130/><U92/><E112/><V99/><F75/><W89/><G127/><T1/><D1/><U88/><E71/><V79/><F60/><W77/><G77/><T118/><D118/><U56/><E81/><N who="2" m="47551" /><F99/><W16/><G78/><T35/><D126/><U108/><E108/><N who="0" m="41513" /><D95/><U49/><E103/><V84/><F84/><W39/><G114/><T63/><D35/><U50/><E106/><V6/><F19/><W73/><G73/><T105/><D105/><U2/><E2/><AGARI ba="0,0" hai="2,6,10,26,29,33,40,41,128,129,131" m="47551" machi="2" ten="30,1500,0" yaku="19,1" doraHai="85" who="2" fromWho="1" sc="340,0,98,-15,250,15,312,0" /><INIT seed="2,1,0,3,4,22" ten="340,83,265,312" oya="2" hai0="110,64,116,114,133,83,53,7,50,68,24,38,91" hai1="60,48,95,14,30,16,82,45,107,100,20,126,34" hai2="2,51,10,73,70,113,31,129,121,40,47,97,65" hai3="104,41,80,103,42,125,98,27,1,108,96,127,35"/><V28/><F113/><W93/><G1/><T17/><D114/><U88/><E126/><N who="3" m="48138" /><G80/><T76/><D38/><U92/><E107/><V0/><F121/><W36/><G36/><T25/><D110/><U84/><E100/><V124/><F124/><W131/><G131/><T106/><D106/><U8/><E60/><V23/><F73/><W49/><G49/><T69/><D133/><U75/><E34/><V132/><F129/><W32/><G32/><T57/><D116/><U77/><E77/><V52/><F132/><W54/><G54/><T71/><D7/><U18/><E30/><V55/><F97/><W89/><G108/><T61/><D91/><U62/><E62/><V4/><F2/><W26/><G35/><T59/><REACH who="0" step="1"/><D17/><REACH who="0" ten="330,83,265,312" step="2"/><U19/><E19/><V37/><F37/><W63/><G63/><T134/><D134/><U128/><E128/><V13/><F0/><W6/><G6/><T11/><D11/><U12/><REACH who="1" step="1"/><E75/><AGARI ba="1,1" hai="24,25,50,53,57,59,61,64,68,69,71,75,76,83" machi="75" ten="40,5200,0" yaku="1,1,52,2,53,0" doraHai="22" doraHaiUra="29" who="0" fromWho="1" sc="330,65,83,-55,265,0,312,0" /><INIT seed="3,0,0,2,5,43" ten="395,28,265,312" oya="3" hai0="19,8,67,104,130,35,119,53,66,60,10,7,101" hai1="98,58,20,11,41,36,38,44,128,82,88,135,37" hai2="133,124,105,18,120,106,123,96,17,81,59,16,78" hai3="1,70,84,45,77,86,118,68,126,48,22,94,42"/><W121/><G118/><T107/><D119/><U46/><E135/><V97/><F133/><W115/><G121/><T65/><D35/><U55/><E128/><V102/><F124/><W61/><G1/><T14/><D130/><U5/><E20/><V2/><F2/><W83/><G115/><T51/><D60/><U75/><E75/><V99/><F59/><W131/><G126/><T33/><D33/><U63/><E41/><V110/><F110/><W27/><G61/><T91/><D91/><U122/><E122/><V6/><F6/><W34/><G34/><T129/><D129/><U54/><E54/><V132/><F132/><W49/><G49/><T0/><REACH who="0" step="1"/><D101/><REACH who="0" ten="385,28,265,312" step="2"/><U87/><REACH who="1" step="1"/><E98/><REACH who="1" ten="385,18,265,312" step="2"/><V76/><F99/><W85/><G131/><T24/><D24/><U28/><E28/><V79/><F81/><W57/><G57/><AGARI ba="0,2" hai="0,7,8,10,14,19,51,53,57,65,66,67,104,107" machi="57" ten="40,2600,0" yaku="1,1,53,1" doraHai="43" doraHaiUra="13" who="0" fromWho="3" sc="385,46,18,0,265,0,312,-26" owari="431,53.1,18,-48.2,265,-13.5,286,8.6" /></mjloggm>