<mjloggm ver="2.3"><GO type="225" lobby="0"/><UN n0="%E5%AF%82%E5%AF%9E%E3%82%AE%E3%83%8D%E3%82%B9%E3%83%93%E3%83%BC%E3%83%AB" n1="%6D%75%75%6D%75%72%61" n2="%E9%89%A2%E5%B7%BB%E3%82%AC%E3%83%96" n3="%4B%2E%32%2E%4B%2E" dan="16,16,16,16" rate="2168.64,2213.24,2052.95,2075.50" sx="M,F,M,M"/><TAIKYOKU oya="0"/><INIT seed="0,0,0,5,5,119" ten="250,250,250,250" oya="0" hai0="72,67,84,5,31,114,17,128,34,24,42,44,120" hai1="65,94,98,86,21,87,36,35,108,125,106,115,97" hai2="89,10,116,33,104,75,90,27,55,132,51,50,41" hai3="83,29,37,129,59,25,118,134,60,53,135,80,7"/><T92/><D114/><U39/><E35/><V26/><F75/><W133/><G118/><T76/><D5/><U32/><E115/><V112/><F104/><W78/><G129/><T52/><D67/><U110/><E32/><V100/><F33/><W68/><G37/><N who="1" m="14410" /><E106/><V103/><F10/><W107/><G107/><T63/><D128/><U71/><E21/><V124/><F55/><W111/><G111/><N who="1" m="42538" /><E125/><V38/><F38/><W77/><G7/><T54/><D72/><U20/><E20/><V117/><F112/><W47/><G68/><T49/><D120/><U85/><E94/><V93/><F93/><W127/><G127/><T122/><D122/><U73/><E73/><V69/><F124/><W81/><G47/><T11/><D92/><U23/><E23/><AGARI ba="0,0" hai="23,25,29,53,59,60,77,78,80,81,83,133,134,135" machi="23" ten="50,1600,0" yaku="20,1" doraHai="119" who="3" fromWho="1" sc="250,0,250,-16,250,0,250,16" /><INIT seed="1,0,0,4,5,1" ten="250,234,250,266" oya="1" hai0="62,116,16,37,80,3,7,8,110,111,12,45,127" hai1="112,135,134,27,64,57,133,19,70,13,26,18,40" hai2="108,84,29,76,60,9,52,96,119,121,115,5,75" hai3="125,10,69,114,71,95,31,41,106,124,48,104,46"/><U36/><E112/><V17/><F119/><W131/><G114/><T33/><D116/><U87/><E70/><N who="3" m="26634" /><G131/><T129/><D129/><U4/><E36/><V118/><F118/><W77/><G31/><T67/><D33/><U78/><E40/><V65/><F115/><W126/><G77/><T123/><D127/><U94/><E64/><V122/><F75/><W25/><G25/><N who="1" m="9226" /><E57/><V109/><F29/><W30/><G30/><T73/><D123/><U0/><E0/><V102/><F65/><W20/><G20/><N who="0" m="11271" /><D62/><U51/><E51/><V63/><F17/><W79/><G79/><N who="0" m="44143" /><D67/><U50/><E50/><V132/><F121/><W101/><G10/><T42/><AGARI ba="0,0" hai="3,7,8,37,42,45,110,111" m="44143,11271" machi="42" ten="30,4000,0" yaku="25,1,52,1,54,1" doraHai="1" who="0" fromWho="0" sc="250,40,234,-20,250,-10,266,-10" /><INIT seed="2,0,0,3,4,14" ten="290,214,240,256" oya="2" hai0="104,76,97,133,98,109,11,6,115,81,66,55,68" hai1="118,16,84,46,24,41,30,10,52,131,31,114,29" hai2="39,93,26,19,103,4,35,102,108,88,32,107,27" hai3="20,40,120,53,3,105,69,54,43,78,79,96,129"/><V89/><F39/><W74/><G3/><T62/><D115/><U25/><E114/><V49/><F107/><W5/><G5/><T117/><D109/><U122/><E118/><V112/><F112/><W94/><G120/><T0/><D117/><U47/><E122/><V85/><F108/><W77/><G105/><T70/><D133/><U92/><E131/><V101/><F4/><W99/><G74/><T28/><D28/><U18/><E41/><N who="3" m="15946" /><G69/><T134/><D134/><U71/><E71/><V2/><F2/><W110/><G99/><T100/><D97/><U111/><E111/><V33/><F49/><W37/><G37/><T132/><D55/><U21/><E52/><V124/><F124/><W12/><G129/><T56/><REACH who="0" step="1"/><D132/><REACH who="0" ten="280,214,240,256" step="2"/><U8/><E46/><V60/><F60/><W83/><G110/><T72/><AGARI ba="0,1" hai="0,6,11,56,62,66,68,70,72,76,81,98,100,104" machi="72" ten="20,5200,0" yaku="1,1,2,1,0,1,7,1,53,0" doraHai="14" doraHaiUra="128" who="0" fromWho="0" sc="280,62,214,-13,240,-26,256,-13" /><INIT seed="3,0,0,2,3,113" ten="342,201,214,243" oya="3" hai0="28,63,55,87,60,30,16,61,52,82,46,11,121" hai1="2,62,1,7,126,43,91,86,9,17,41,20,12" hai2="15,72,44,133,68,79,100,24,117,48,94,92,53" hai3="107,114,22,5,18,37,127,98,123,119,83,84,38"/><W19/><G114/><T80/><D121/><U35/><E126/><V131/><F68/><W118/><G123/><T56/><D46/><U111/><E111/><V104/><F117/><W65/><G5/><T67/><D67/><U77/><E2/><V90/><F131/><W132/><G65/><T71/><D71/><U95/><E62/><N who="0" m="24169" /><D55/><U23/><E35/><V110/><F110/><W78/><G18/><T99/><D99/><U39/><E39/><V10/><F133/><W74/><G132/><T76/><D82/><U58/><E58/><V96/><F24/><W81/><G37/><T105/><D105/><U14/><E77/><V120/><F120/><W102/><G38/><T70/><D70/><U75/><E75/><V124/><F124/><W97/><G97/><T130/><D130/><U40/><REACH who="1" step="1"/><E12/><AGARI ba="0,0" hai="11,12,16,28,30,52,56,63,76,80,87" m="24169" machi="12" ten="30,3900,0" yaku="8,1,54,2" doraHai="113" who="0" fromWho="1" sc="342,39,201,-39,214,0,243,0" owari="381,48.1,162,-33.8,214,-18.6,243,4.3" /></mjloggm>