<mjloggm ver="2.3"><GO type="225" lobby="0"/><UN n0="%E6%80%AA%E3%81%97%E3%81%99%E3%81%8E%E3%82%8B%E3%83%81%E3%83%BC" n1="%E4%B8%89%E6%A7%93%E5%AD%90" n2="%E3%81%82%E3%81%99%E3%81%AB%E3%82%83%E3%82%80" n3="%6D%75%75%6D%75%72%61" dan="16,16,16,16" rate="2109.30,2034.08,2072.13,2188.02" sx="M,F,F,F"/><TAIKYOKU oya="0"/><INIT seed="0,0,0,0,3,10" ten="250,250,250,250" oya="0" hai0="80,102,37,88,69,82,9,39,124,134,61,52,55" hai1="28,14,112,43,60,122,53,27,108,62,73,131,74" hai2="90,100,126,11,24,117,95,13,19,110,121,85,42" hai3="115,129,116,44,48,65,105,49,91,106,79,81,3"/><T77/><D124/><U87/><E122/><V58/><F110/><W78/><G115/><T23/><D134/><U59/><E108/><V16/><F121/><W32/><G116/><T17/><D9/><U107/><E112/><V25/><F126/><W76/><G129/><T50/><D102/><U67/><E107/><V18/><F117/><W125/><G125/><T64/><D55/><U33/><E131/><V0/><F0/><W8/><G32/><T5/><D5/><U113/><E113/><V45/><F58/><W34/><G34/><T120/><D120/><U35/><E35/><V4/><REACH who="2" step="1"/><F100/><REACH who="2" ten="250,250,240,250" step="2"/><W46/><G3/><T72/><D88/><U92/><E59/><V97/><F97/><W51/><G91/><T84/><D72/><U119/><E74/><V101/><F101/><W57/><G57/><T111/><D111/><U83/><E73/><V103/><F103/><W21/><G106/><T41/><D82/><U26/><E83/><V12/><F12/><W104/><G104/><T133/><D133/><U75/><E75/><V20/><F20/><W47/><G105/><T96/><D96/><U123/><E123/><V118/><F118/><W98/><G98/><T71/><D69/><U30/><E119/><V132/><F132/><W128/><G128/><T6/><D71/><U109/><E109/><V29/><F29/><W70/><G81/><T63/><D23/><U114/><E30/><V22/><F22/><W66/><G70/><T99/><D99/><U31/><E31/><V94/><F94/><W54/><G21/><T86/><D80/><U93/><E28/><RYUUKYOKU ba="0,1" sc="250,-10,250,-10,240,30,250,-10" hai2="4,11,13,16,18,19,24,25,42,45,85,90,95" /><INIT seed="1,1,1,3,4,58" ten="240,240,270,240" oya="1" hai0="16,26,99,13,113,81,97,121,118,24,98,56,59" hai1="101,22,92,104,122,79,129,30,80,47,7,39,126" hai2="21,54,17,5,33,106,44,64,120,132,1,105,38" hai3="68,70,25,12,73,90,107,34,111,102,117,125,100"/><U23/><E122/><V65/><F33/><W114/><G114/><T9/><D113/><U74/><E126/><V96/><F120/><W69/><G125/><T31/><D118/><U72/><E72/><V119/><F119/><W55/><G117/><T85/><D121/><U135/><E135/><V91/><F132/><W49/><G111/><T95/><D95/><U123/><E123/><V61/><F5/><W48/><G73/><T88/><REACH who="0" step="1"/><D26/><REACH who="0" ten="230,240,270,240" step="2"/><U109/><E92/><V19/><F105/><W67/><G107/><T46/><D46/><U4/><E104/><V14/><F106/><W77/><G25/><T63/><D63/><U8/><E47/><V76/><F61/><W40/><G102/><T10/><D10/><U18/><E101/><V45/><F44/><W94/><G100/><T60/><D60/><U110/><E8/><V103/><F103/><W87/><G94/><T128/><D128/><U50/><E129/><V6/><F45/><W2/><G49/><T83/><D83/><U131/><E50/><V37/><F38/><W78/><G48/><T15/><D15/><N who="1" m="9567" /><E39/><V115/><F37/><W75/><G12/><T27/><D27/><N who="1" m="16767" /><E131/><V84/><F14/><W112/><G112/><T116/><D116/><U32/><E32/><AGARI ba="1,2" hai="9,13,16,24,31,32,56,59,81,85,88,97,98,99" machi="32" ten="40,8000,1" yaku="1,1,54,2,53,2" doraHai="58" doraHaiUra="52" who="0" fromWho="1" sc="230,103,240,-83,270,0,240,0" /><INIT seed="2,0,0,0,0,83" ten="333,157,270,240" oya="2" hai0="81,99,45,33,86,97,80,104,55,135,108,31,40" hai1="21,93,22,84,121,25,6,59,114,75,34,48,115" hai2="77,64,134,100,122,60,53,133,3,87,94,79,96" hai3="36,49,57,20,51,4,37,116,101,74,124,15,12"/><V16/><F3/><W7/><G116/><T35/><D108/><U127/><E121/><V47/><F122/><W61/><G74/><T52/><D135/><N who="2" m="51722" /><F47/><W41/><G124/><T5/><D5/><U91/><E127/><V29/><F29/><W129/><G129/><T89/><D81/><U63/><E75/><V27/><F53/><W23/><G101/><T58/><D55/><U65/><E34/><V66/><F77/><W73/><G73/><T90/><D31/><U78/><E6/><V125/><F125/><W107/><G107/><T13/><D104/><U112/><E78/><V92/><F60/><W113/><G61/><T0/><D0/><U14/><E14/><V111/><F111/><W32/><G32/><T10/><D33/><U62/><E48/><V118/><F118/><W119/><G119/><T24/><D24/><U54/><REACH who="1" step="1"/><E25/><REACH who="1" ten="333,147,270,240" step="2"/><V44/><F79/><W106/><G49/><T1/><D13/><U123/><E123/><V69/><F44/><W132/><G15/><T18/><D45/><U82/><E82/><V98/><F27/><W72/><G132/><T68/><D80/><U2/><E2/><V105/><F16/><W95/><G12/><T43/><D18/><U8/><E8/><V42/><F42/><W102/><G41/><T39/><D40/><U126/><E126/><V109/><F109/><W11/><G51/><T128/><D43/><U17/><E17/><V26/><F26/><W103/><G7/><T46/><D1/><U85/><E85/><V117/><F117/><W131/><G4/><T70/><D10/><U19/><E19/><RYUUKYOKU ba="0,1" sc="333,-10,147,30,270,-10,240,-10" hai1="21,22,54,59,62,63,65,84,91,93,112,114,115" /><INIT seed="3,1,1,1,1,114" ten="323,177,260,230" oya="3" hai0="67,87,65,41,3,83,131,94,39,116,84,125,121" hai1="30,12,88,24,85,58,29,77,128,47,8,10,76" hai2="19,103,69,93,98,96,119,97,104,101,0,127,115" hai3="49,95,48,105,38,23,73,55,112,54,51,25,110"/><W135/><G105/><T21/><D116/><U11/><E128/><V117/><F69/><W42/><G112/><T72/><D121/><U118/><E118/><N who="2" m="45067" /><F0/><W102/><G73/><T75/><D3/><U122/><E122/><V78/><F19/><W46/><G135/><T52/><D131/><U89/><E12/><V6/><F6/><W68/><G68/><T99/><D52/><U124/><E124/><V70/><F70/><W63/><G110/><T18/><D125/><U59/><E47/><V109/><F109/><W33/><G33/><T66/><D41/><U62/><E59/><V61/><F61/><W27/><G63/><T134/><D134/><U2/><E2/><V71/><F71/><W43/><G27/><T113/><D39/><U13/><E13/><V22/><F22/><W56/><G38/><T100/><D87/><U90/><E85/><V133/><F133/><W35/><G51/><T9/><D9/><U28/><REACH who="1" step="1"/><E24/><REACH who="1" ten="323,167,260,230" step="2"/><V40/><F127/><W60/><G60/><T80/><D84/><U32/><E32/><V92/><F115/><W7/><G35/><T123/><D123/><U107/><E107/><V34/><F34/><W111/><G111/><T5/><D113/><U130/><E130/><V74/><F40/><W16/><G7/><T31/><D5/><U132/><E132/><V50/><F104/><W53/><G43/><T17/><D72/><U37/><E37/><V82/><F50/><W4/><G4/><T126/><D75/><U86/><E86/><V45/><F45/><W57/><G56/><T120/><D126/><U108/><E108/><RYUUKYOKU ba="1,2" sc="323,-30,167,10,260,10,230,10" hai1="8,10,11,28,29,30,58,62,76,77,88,89,90" hai2="74,78,82,92,93,96,97,98,101,103" hai3="16,23,25,42,46,48,49,53,54,55,57,95,102" /><INIT seed="3,2,2,0,1,128" ten="293,177,270,240" oya="3" hai0="4,6,50,86,42,83,28,11,79,62,94,17,121" hai1="40,48,110,77,33,51,44,57,7,82,112,108,90" hai2="102,127,91,61,93,99,43,103,0,116,135,134,105" hai3="69,97,68,131,21,29,84,53,12,96,73,75,2"/><W27/><G2/><T66/><D121/><U52/><E112/><V14/><F0/><W85/><G131/><T31/><D94/><U56/><E33/><V46/><F116/><W25/><G12/><N who="0" m="7327" /><D62/><U87/><E7/><N who="0" m="2601" /><D66/><U15/><E15/><V30/><F30/><W80/><G29/><T92/><D92/><U63/><REACH who="1" step="1"/><E77/><REACH who="1" ten="293,167,270,240" step="2"/><V37/><F14/><W18/><G21/><T101/><D101/><U132/><E132/><N who="2" m="50731" /><F127/><W65/><G27/><T38/><D38/><U124/><E124/><V133/><F133/><W3/><G25/><T119/><D119/><U8/><E8/><V34/><F34/><W19/><G3/><T123/><D123/><U118/><E118/><V45/><F105/><W125/><G125/><T59/><D42/><U114/><E114/><V23/><F23/><W47/><G19/><T55/><AGARI ba="2,3" hai="28,31,50,55,59,79,83,86" m="2601,7327" machi="55" ten="30,1100,0" yaku="8,1" doraHai="128" who="0" fromWho="0" sc="293,47,167,-5,270,-5,240,-7" owari="340,44.0,162,-33.8,265,6.5,233,-16.7" /></mjloggm>