<mjloggm ver="2.3"><GO type="225" lobby="0"/><UN n0="%E8%A8%88%E7%AE%97%E6%A9%9F%E8%87%AA%E7%84%B6" n1="%65%6B%61%72%75%74%65" n2="%E5%8F%AF%E5%85%90%E9%82%A3%E7%94%B1%E5%A4%9A" n3="%E3%81%B5%E3%81%98%E3%81%8B%E3%81%A4" dan="17,16,16,16" rate="2186.96,2073.74,2112.29,2145.53" sx="M,M,F,M"/><TAIKYOKU oya="0"/><INIT seed="0,0,0,1,3,36" ten="250,250,250,250" oya="0" hai0="39,68,13,96,47,81,75,76,25,50,111,80,65" hai1="101,97,134,85,28,34,124,40,104,15,109,128,27" hai2="135,49,19,6,35,116,16,32,99,126,127,22,3" hai3="103,89,66,12,132,92,64,55,26,53,63,90,54"/><T79/><D111/><U41/><E109/><V102/><F135/><W121/><G132/><T11/><D39/><U5/><E134/><V119/><F49/><W61/><G121/><T4/><D96/><U77/><E124/><N who="2" m="47659" /><F99/><N who="3" m="59879" /><G12/><T29/><D65/><N who="3" m="25193" /><G26/><T71/><D25/><U18/><E5/><V57/><F57/><W37/><G37/><T130/><D29/><U95/><E128/><V115/><F102/><W46/><G46/><T38/><D38/><U87/><E87/><V107/><F107/><W10/><G10/><T21/><D21/><U43/><E77/><V100/><F100/><W83/><G83/><T59/><D59/><U113/><E113/><V118/><F115/><W133/><G133/><T91/><D130/><U20/><REACH who="1" step="1"/><E85/><REACH who="1" ten="250,240,250,250" step="2"/><V110/><F110/><W84/><G84/><N who="0" m="48135" /><D91/><AGARI ba="0,1" hai="53,54,55,61,63,89,90,91" m="25193,59879" machi="91" ten="30,1000,0" yaku="8,1" doraHai="36" who="3" fromWho="0" sc="250,-10,240,0,250,0,250,20" /><INIT seed="1,0,0,2,0,59" ten="240,240,250,270" oya="1" hai0="54,135,130,64,28,86,18,60,109,95,98,91,93" hai1="51,75,15,20,62,45,32,57,27,41,90,97,103" hai2="38,118,17,73,43,56,37,106,105,77,83,8,14" hai3="21,67,3,24,133,49,16,108,102,115,111,84,23"/><U70/><E75/><V4/><F118/><W110/><G115/><T47/><D109/><U52/><E70/><V132/><F132/><W128/><G133/><T113/><D135/><U66/><E32/><V89/><F37/><W19/><G128/><T40/><D130/><U31/><E15/><V123/><F123/><W117/><G117/><T29/><D54/><U44/><E90/><V25/><F89/><W2/><G102/><T35/><D35/><U1/><E1/><V127/><F127/><W104/><G104/><T50/><D18/><U78/><E78/><V107/><F56/><W112/><G112/><T81/><D113/><U129/><E129/><V85/><F85/><W34/><G34/><T65/><D95/><N who="1" m="58815" /><E45/><V0/><F25/><N who="3" m="14503" /><G67/><AGARI ba="0,0" hai="20,27,31,41,44,51,52,57,62,66,67" m="58815" machi="67" ten="30,5800,0" yaku="8,1,52,1,54,1" doraHai="59" who="1" fromWho="3" sc="240,0,240,58,250,0,270,-58" /><INIT seed="1,1,0,4,1,66" ten="240,298,250,212" oya="1" hai0="80,53,106,86,118,22,38,63,61,115,59,51,125" hai1="91,33,46,15,28,14,5,34,83,6,20,18,49" hai2="112,56,70,42,111,104,82,21,93,103,11,135,16" hai3="74,9,72,23,132,4,19,69,109,133,54,43,79"/><U119/><E119/><V134/><F111/><W45/><G54/><T77/><D118/><U92/><E83/><V44/><F104/><W102/><G102/><T17/><D115/><U40/><E28/><V94/><F112/><W65/><G109/><T24/><D106/><U10/><REACH who="1" step="1"/><E5/><REACH who="1" ten="240,288,250,212" step="2"/><V3/><F82/><W2/><G79/><T95/><D125/><U62/><E62/><V98/><F135/><N who="3" m="51787" /><G19/><T7/><D77/><U78/><E78/><V12/><F134/><W100/><G100/><T31/><D80/><U58/><E58/><V73/><F56/><W57/><G57/><T30/><D59/><U88/><E88/><V84/><F103/><W0/><G0/><T68/><D7/><U131/><E131/><V81/><F3/><W27/><G65/><T29/><D17/><U96/><AGARI ba="1,1" hai="6,10,14,15,18,20,33,34,40,46,49,91,92,96" machi="96" ten="20,3900,0" yaku="1,1,0,1,7,1,53,0" doraHai="66" doraHaiUra="52" who="1" fromWho="1" sc="240,-14,288,52,250,-14,212,-14" /><INIT seed="1,2,0,5,2,4" ten="226,340,236,198" oya="1" hai0="39,94,114,9,25,108,51,41,24,79,20,26,59" hai1="91,33,93,78,34,72,64,135,5,47,45,88,43" hai2="32,132,44,13,50,56,116,76,98,99,95,127,112" hai3="7,37,122,58,31,61,22,97,130,1,23,19,87"/><U83/><E135/><V77/><F116/><W57/><G122/><T84/><D114/><U16/><E5/><V60/><F32/><W15/><G37/><T2/><D39/><U65/><E91/><V0/><F0/><W27/><G130/><T119/><D119/><U62/><E64/><V123/><F123/><W104/><G87/><T11/><D2/><U82/><E82/><V105/><F132/><W110/><G110/><T35/><D35/><U118/><E118/><V115/><F127/><W21/><G21/><T66/><D108/><U30/><E16/><V100/><F13/><W134/><G134/><T74/><D74/><U102/><E102/><V10/><F10/><N who="0" m="3594" /><D41/><U109/><E109/><V103/><F115/><W48/><G1/><T18/><D51/><U101/><E101/><V73/><F73/><W71/><G71/><T124/><D124/><U106/><E106/><V69/><F69/><W38/><G38/><T126/><D126/><U89/><E43/><V117/><F117/><W107/><G7/><T121/><D121/><U53/><E72/><V111/><F111/><W36/><G36/><T128/><D128/><U120/><E34/><V42/><F112/><W29/><G48/><T75/><D75/><U28/><E33/><V113/><F113/><W85/><G107/><T40/><D40/><U70/><E70/><V86/><F86/><W46/><G85/><T55/><D66/><AGARI ba="2,0" hai="42,44,50,56,60,66,76,77,95,98,99,100,103,105" machi="66" ten="30,1000,0" yaku="7,1" doraHai="4" who="2" fromWho="0" sc="226,-16,340,0,236,16,198,0" /><INIT seed="2,0,0,1,1,17" ten="210,340,252,198" oya="2" hai0="46,32,114,54,63,96,57,12,43,128,98,74,69" hai1="111,24,70,99,62,28,6,76,39,124,67,93,68" hai2="103,135,60,108,15,121,107,42,29,112,75,9,47" hai3="45,106,73,7,83,53,11,10,102,22,118,95,122"/><V3/><F112/><W97/><G122/><T65/><D114/><U77/><E111/><V94/><F121/><W2/><G118/><T58/><D74/><U134/><E39/><V104/><F75/><W113/><G113/><T25/><D128/><U110/><E110/><V41/><F108/><W55/><G11/><T120/><D120/><U18/><E70/><V78/><F78/><W14/><G106/><T81/><D81/><U91/><E6/><V131/><F3/><W5/><G45/><T123/><D12/><U8/><E124/><V59/><F29/><W35/><G35/><T84/><D84/><U101/><E101/><V88/><F103/><W71/><G71/><T85/><D85/><U49/><E49/><V89/><F135/><W48/><G7/><T109/><D123/><U117/><E117/><V87/><F89/><W86/><G73/><T126/><D126/><U64/><E64/><V129/><F104/><W23/><G2/><T130/><D130/><N who="2" m="49674" /><F107/><W66/><G66/><T26/><D109/><U30/><E30/><V51/><F42/><W20/><G48/><N who="0" m="30919" /><D69/><U4/><E134/><V21/><F9/><W16/><G5/><T38/><D32/><U92/><E4/><V125/><F125/><W31/><G31/><T44/><D44/><U100/><E28/><V119/><F119/><W50/><G50/><T127/><D127/><U27/><E8/><V19/><F59/><W79/><AGARI ba="0,0" hai="10,14,16,20,22,23,53,55,79,83,86,95,97,102" machi="79" ten="30,12000,2" yaku="0,1,8,1,52,3,54,1" doraHai="17" who="3" fromWho="3" sc="210,-30,340,-30,252,-60,198,120" /><INIT seed="3,0,0,4,1,57" ten="180,310,192,318" oya="3" hai0="7,38,113,121,129,17,29,77,8,91,71,22,50" hai1="105,90,14,68,87,58,131,44,88,66,116,5,74" hai2="18,108,12,27,60,126,72,51,127,19,43,86,24" hai3="13,25,2,104,11,123,42,95,23,75,47,33,48"/><W125/><G123/><T135/><D121/><U39/><E74/><V124/><F72/><W40/><G104/><T96/><D38/><U89/><E105/><V1/><F1/><W76/><G33/><T132/><D71/><U94/><E68/><V49/><F108/><W85/><G2/><N who="0" m="119" /><D77/><U63/><E131/><V92/><F60/><W101/><G75/><T111/><D129/><U61/><E61/><V31/><F24/><W84/><G125/><T117/><D117/><U69/><E69/><V133/><F133/><N who="0" m="51274" /><D111/><U110/><E116/><V6/><F6/><N who="3" m="3319" /><G76/><T37/><D37/><U73/><E73/><V79/><F79/><W55/><G101/><T118/><D118/><U103/><E103/><V98/><F86/><N who="3" m="33387" /><G95/><N who="0" m="56447" /><D113/><U62/><E62/><V122/><F122/><W34/><G34/><T128/><D128/><U93/><E93/><V45/><F92/><W102/><G102/><T109/><D109/><U15/><E110/><V65/><F98/><W67/><G67/><T81/><D81/><U134/><E134/><V115/><F65/><W99/><G99/><T114/><D114/><U106/><E106/><V112/><F112/><W36/><G36/><T97/><D97/><U82/><E94/><V21/><F115/><W107/><G107/><T3/><D3/><U64/><E64/><V20/><F18/><AGARI ba="0,0" hai="18,23,25,40,42,47,48,55" m="33387,3319" machi="18" ten="30,1500,0" yaku="8,1" doraHai="57" who="3" fromWho="2" sc="180,0,310,0,192,-15,318,15" owari="180,-22.0,310,11.0,177,-32.3,333,43.3" /></mjloggm>