<mjloggm ver="2.3"><GO type="225" lobby="0"/><UN n0="%70%68%65%6E%6F%6D%65" n1="%E3%82%B2%E3%82%B9%E8%8C%82%E5%8B%9D" n2="%E4%BF%BA%E3%81%A8%E5%A6%96%E5%A4%A2" n3="%E3%81%BF%E3%81%BF%E3%81%9A" dan="16,16,17,16" rate="2134.57,2044.87,2251.07,2121.60" sx="M,F,F,M"/><TAIKYOKU oya="0"/><INIT seed="0,0,0,5,1,128" ten="250,250,250,250" oya="0" hai0="4,5,64,96,68,123,52,43,103,112,32,89,57" hai1="42,95,23,53,21,118,6,106,28,130,72,129,44" hai2="70,124,109,47,107,132,18,92,102,56,30,73,94" hai3="20,80,14,100,99,84,3,66,34,134,114,39,71"/><T2/><D112/><U121/><E106/><V0/><F70/><W125/><G34/><T51/><D123/><U33/><E121/><V82/><F0/><W122/><G3/><T120/><D120/><U40/><E118/><V119/><F30/><W81/><G122/><T15/><D32/><U91/><E72/><V116/><F56/><W58/><G39/><T133/><D133/><U7/><E53/><V31/><F18/><N who="3" m="10327" /><G71/><T29/><D2/><U24/><E7/><V88/><F47/><W54/><G114/><T36/><D29/><U37/><E40/><V131/><F31/><W12/><G66/><T104/><D89/><U17/><E6/><V115/><F115/><W49/><G125/><T85/><D85/><U79/><E79/><N who="2" m="44399" /><F131/><N who="1" m="50185" /><E17/><V127/><F109/><W19/><G134/><T35/><D35/><U22/><E33/><V101/><F132/><W77/><G81/><T97/><D97/><AGARI ba="0,0" hai="21,22,23,24,28,37,42,44,91,95,97" m="50185" machi="97" ten="30,1000,0" yaku="19,1" doraHai="128" who="1" fromWho="0" sc="250,-10,250,10,250,0,250,0" /><INIT seed="1,0,0,3,4,58" ten="240,260,250,250" oya="1" hai0="55,86,49,25,43,13,97,115,88,89,77,23,72" hai1="111,91,22,68,76,62,87,28,103,67,50,4,51" hai2="66,132,118,105,94,96,30,128,81,119,74,46,101" hai3="33,16,11,32,7,102,27,42,24,71,73,52,0"/><U124/><E124/><V63/><F128/><W99/><G73/><T104/><D115/><U17/><E28/><V18/><F132/><W35/><G42/><T1/><D1/><U3/><E103/><V78/><F30/><W14/><G71/><T109/><D109/><U65/><E76/><V21/><F46/><W79/><G79/><T60/><D13/><U125/><E125/><V59/><REACH who="2" step="1"/><F105/><REACH who="2" ten="240,260,240,250" step="2"/><W45/><G45/><N who="0" m="25791" /><D104/><U120/><E120/><V48/><F48/><W113/><G113/><T133/><D133/><U34/><E51/><V112/><F112/><W10/><REACH who="3" step="1"/><G52/><REACH who="3" ten="240,260,240,240" step="2"/><T19/><D72/><U84/><E67/><V134/><F134/><W54/><G54/><T83/><D97/><U29/><E65/><V93/><F93/><AGARI ba="0,2" hai="0,7,10,11,14,16,24,27,32,33,35,93,99,102" machi="93" ten="40,2600,0" yaku="1,1,54,1,53,0" doraHai="58" doraHaiUra="40" who="3" fromWho="2" sc="240,0,260,0,240,-26,240,46" /><INIT seed="2,0,0,1,0,30" ten="240,260,214,286" oya="2" hai0="38,42,75,99,135,115,46,4,27,126,7,71,72" hai1="108,35,15,60,36,56,12,87,49,47,113,6,18" hai2="19,13,40,62,63,33,88,82,70,32,65,81,2" hai3="96,9,74,110,129,0,59,58,121,55,91,26,21"/><V61/><F2/><W52/><G121/><T1/><D115/><U23/><E113/><V125/><F125/><W116/><G74/><T101/><D126/><U102/><E36/><V92/><F70/><W24/><G116/><T131/><D131/><U114/><E114/><V68/><F68/><W44/><G129/><T85/><D135/><U22/><E35/><V43/><F65/><W132/><G110/><T3/><D85/><U93/><E108/><V123/><F123/><W118/><G118/><T133/><D133/><U107/><E107/><V57/><F57/><W122/><G122/><T120/><D120/><U29/><E29/><V130/><F130/><W94/><G132/><T20/><D71/><U109/><E109/><V28/><F82/><W124/><G124/><T45/><D46/><U50/><E47/><V111/><F81/><W100/><G9/><N who="0" m="2191" /><D20/><U79/><E79/><V112/><F112/><W134/><G0/><T90/><D90/><N who="1" m="53471" /><E102/><V8/><F111/><W64/><G134/><T86/><D86/><U34/><E34/><V48/><F48/><N who="3" m="28679" /><G21/><T53/><D53/><N who="1" m="33807" /><E23/><V119/><F33/><W128/><G100/><T95/><D27/><N who="3" m="10281" /><G128/><T78/><D78/><U80/><E80/><V117/><F32/><W76/><G64/><T73/><D75/><U84/><E84/><N who="2" m="52231" /><F28/><W25/><G76/><T16/><D73/><U41/><E41/><N who="2" m="15947" /><F119/><W89/><G25/><T105/><D72/><U39/><E39/><V106/><F117/><W104/><G104/><T97/><D105/><U11/><AGARI ba="0,0" hai="6,11,12,15,18,22,49,50" m="33807,53471" machi="11" ten="30,1100,0" yaku="8,1" doraHai="30" who="1" fromWho="1" sc="240,-3,260,11,214,-5,286,-3" /><INIT seed="3,0,0,4,4,97" ten="237,271,209,283" oya="3" hai0="69,1,62,5,103,39,117,135,6,45,92,83,16" hai1="68,80,85,94,77,59,19,26,78,27,108,46,129" hai2="125,76,79,22,86,107,13,2,17,118,64,91,131" hai3="32,81,4,89,114,73,12,82,56,100,120,130,54"/><W53/><G114/><T7/><D117/><U42/><E108/><V35/><F118/><W43/><G120/><T98/><D135/><U51/><E129/><V65/><F131/><W23/><G130/><T30/><D30/><U121/><E121/><V99/><F125/><W8/><G32/><T49/><D39/><U24/><E68/><V10/><F35/><W34/><G34/><T11/><D83/><U72/><E59/><V95/><F76/><W55/><G43/><T126/><D126/><U60/><E60/><V74/><F2/><W132/><G132/><T105/><D105/><U112/><E112/><V50/><F50/><W87/><G100/><T66/><REACH who="0" step="1"/><D16/><REACH who="0" ten="227,271,209,283" step="2"/><U110/><E110/><V58/><F10/><W44/><G81/><T96/><D96/><U111/><E111/><V106/><F106/><W134/><G134/><T0/><D0/><U104/><E104/><V101/><F58/><W47/><G73/><T133/><D133/><U25/><E72/><V38/><F38/><W71/><G71/><T52/><AGARI ba="0,1" hai="1,5,6,7,11,45,49,52,62,66,69,92,98,103" machi="52" ten="20,8000,1" yaku="1,1,0,1,7,1,52,1,54,1,53,0" doraHai="97" doraHaiUra="20" who="0" fromWho="0" sc="227,90,271,-20,209,-20,283,-40" owari="317,41.7,251,5.1,189,-31.1,243,-15.7" /></mjloggm>