<mjloggm ver="2.3"><GO type="225" lobby="0"/><UN n0="%E6%81%A5%E6%99%92%E3%81%97" n1="%E3%81%99%E3%81%84%E3%81%BE%E3%81%9B%E3%83%BC%E3%82%93" n2="%E6%9D%B1%E9%A2%A8%E3%81%AE%E3%81%8D%E3%82%83%E3%81%B7%E3%81%95%E3%82%93" n3="%E3%82%BC%E3%83%AB%E3%83%80%E3%81%AE%E4%BC%9D%E8%AA%AC" dan="16,18,17,18" rate="2131.82,2272.70,2224.58,2169.34" sx="M,M,M,M"/><TAIKYOKU oya="0"/><INIT seed="0,0,0,3,2,128" ten="250,250,250,250" oya="0" hai0="30,88,58,22,109,95,20,84,0,32,60,13,45" hai1="37,43,8,71,135,134,80,85,130,57,110,1,27" hai2="127,97,19,47,33,125,100,34,129,12,53,83,70" hai3="7,67,72,46,16,38,81,124,65,91,103,2,21"/><T93/><D0/><U116/><E71/><V50/><F83/><W79/><G124/><N who="2" m="47689" /><F70/><W115/><G115/><T15/><D32/><U39/><E116/><V131/><F33/><W42/><G103/><T111/><D45/><U106/><E130/><V114/><F34/><W99/><G99/><T98/><D109/><U112/><E110/><V31/><F31/><W10/><REACH who="3" step="1"/><G91/><REACH who="3" ten="250,250,250,240" step="2"/><N who="0" m="55615" /><D111/><U86/><E112/><V94/><F114/><W89/><G89/><T77/><D77/><U23/><E106/><V118/><F118/><W6/><G6/><T105/><D105/><U9/><E135/><V49/><F131/><W18/><G18/><T56/><D30/><U59/><E134/><V73/><F129/><W68/><G68/><T119/><D119/><U4/><E4/><V64/><F100/><W104/><G104/><T35/><D35/><U26/><E80/><V36/><F97/><W76/><G76/><T132/><D132/><U82/><E82/><V44/><F19/><W96/><G96/><T126/><D126/><U48/><E39/><V29/><F36/><W54/><G54/><N who="0" m="33815" /><D58/><U5/><E37/><V101/><F29/><W102/><G102/><T75/><D75/><U25/><E59/><V51/><F73/><W40/><G40/><T120/><D120/><U117/><E117/><V66/><F101/><W24/><AGARI ba="0,1" hai="2,7,10,16,21,24,38,42,46,65,67,72,79,81" machi="24" ten="20,12000,2" yaku="1,1,0,1,7,1,25,2,54,1,53,1" doraHai="128" doraHaiUra="14" who="3" fromWho="3" sc="250,-60,250,-30,250,-30,240,130" /><INIT seed="1,0,0,5,5,80" ten="190,220,220,370" oya="1" hai0="121,37,42,84,86,130,72,85,88,65,126,2,3" hai1="34,81,116,40,44,27,41,131,71,1,109,111,49" hai2="20,53,58,9,30,77,74,119,19,64,99,39,78" hai3="61,24,23,62,5,106,102,129,14,35,55,51,101"/><U91/><E116/><V28/><F39/><W134/><G35/><T118/><D118/><U89/><E131/><V128/><F64/><W123/><G123/><T124/><D130/><U0/><E71/><V16/><F128/><W122/><G122/><T63/><D121/><U38/><E41/><V59/><F119/><W120/><G134/><T100/><D72/><U114/><E38/><V31/><F74/><W22/><G120/><T103/><D103/><N who="3" m="39433" /><G106/><T6/><D100/><U79/><E114/><V66/><F99/><W108/><G108/><N who="1" m="41546" /><E1/><N who="0" m="9" /><D6/><U47/><E47/><V87/><F66/><W25/><G129/><T95/><D42/><U133/><E0/><V52/><F9/><N who="3" m="4399" /><G22/><T83/><D83/><U113/><E133/><V92/><F20/><W125/><G125/><N who="0" m="48235" /><D37/><U7/><E7/><V97/><F97/><W105/><G105/><T48/><D48/><U60/><E113/><V45/><F45/><N who="3" m="28143" /><G25/><T127/><N who="0" m="48243" /><T12/><DORA hai="21" /><D12/><U17/><E60/><V54/><F92/><W43/><G43/><T115/><D115/><U36/><E36/><V70/><F70/><AGARI ba="0,0" hai="63,65,70,84,85,86,88,95" m="48243,9" machi="70" ten="40,8000,1" yaku="18,1,52,3,54,1" doraHai="80,21" who="0" fromWho="2" sc="190,80,220,0,220,-80,370,0" /><INIT seed="2,0,0,3,1,134" ten="270,220,140,370" oya="2" hai0="74,29,85,6,38,25,128,117,65,94,129,101,91" hai1="49,11,41,87,122,46,120,77,8,63,40,12,86" hai2="89,83,108,103,55,132,98,95,66,111,112,57,124" hai3="30,28,36,5,61,130,100,24,14,121,69,62,3"/><V79/><F66/><W68/><G121/><N who="1" m="46698" /><E11/><V45/><F45/><W70/><G36/><T13/><D38/><U99/><E41/><V64/><F64/><W82/><G3/><T90/><D74/><U47/><E47/><V96/><F132/><W51/><G130/><T0/><D0/><U58/><E99/><V127/><F112/><W72/><G100/><T133/><D133/><U106/><E77/><V32/><F32/><W75/><G51/><T31/><D117/><U48/><E48/><N who="2" m="30951" /><F79/><W18/><G5/><T119/><D119/><U113/><E106/><N who="2" m="63847" /><F83/><W10/><G82/><T116/><D116/><U110/><E113/><V125/><AGARI ba="0,0" hai="89,95,98,108,111,124,125,127" m="63847,30951" machi="125" ten="40,12000,1" yaku="18,1,52,3" doraHai="134" who="2" fromWho="2" sc="270,-40,220,-40,140,120,370,-40" /><INIT seed="2,1,0,1,5,90" ten="230,180,260,330" oya="2" hai0="48,21,92,6,46,130,33,118,70,89,80,19,84" hai1="86,45,25,18,9,75,104,110,2,53,69,96,131" hai2="49,127,51,114,71,41,98,135,26,14,34,61,85" hai3="125,5,133,15,11,63,126,44,111,78,82,122,76"/><V116/><F116/><W58/><G122/><T64/><D33/><U103/><E75/><V73/><F114/><W12/><G111/><T105/><D105/><U56/><E110/><V47/><F73/><W66/><G133/><T24/><D130/><U59/><E69/><V134/><F127/><N who="3" m="48651" /><G44/><T109/><D118/><U4/><E131/><V23/><F34/><W27/><G27/><T0/><D109/><U99/><E99/><V83/><F98/><W29/><G29/><T39/><D39/><U22/><REACH who="1" step="1"/><E86/><REACH who="1" ten="230,170,260,330" step="2"/><V77/><F71/><W91/><G15/><T3/><D70/><U20/><E20/><V55/><F14/><W121/><G121/><T60/><D0/><U62/><E62/><V123/><F61/><W74/><G74/><T79/><D3/><U31/><E31/><V94/><F123/><W100/><G100/><T30/><D30/><U128/><E128/><V97/><F23/><W119/><G119/><T28/><D28/><U50/><AGARI ba="1,1" hai="2,4,9,18,22,25,45,50,53,56,59,96,103,104" machi="50" ten="30,4000,0" yaku="1,1,0,1,53,1" doraHai="90" doraHaiUra="16" who="1" fromWho="1" sc="230,-11,170,53,260,-21,330,-11" /><INIT seed="3,0,0,0,1,8" ten="219,223,239,319" oya="3" hai0="57,42,32,126,106,19,54,115,64,94,34,95,18" hai1="36,1,111,85,101,10,12,58,15,107,29,43,80" hai2="91,113,16,28,99,81,112,134,104,14,56,30,109" hai3="51,128,26,98,125,48,21,76,4,114,27,102,92"/><W89/><G114/><T22/><D106/><U65/><E111/><V127/><F109/><W39/><G39/><T116/><D116/><U0/><E29/><V62/><F134/><W11/><G125/><T49/><D126/><U133/><E133/><V46/><F46/><W71/><G71/><T20/><D115/><U44/><E15/><V25/><F127/><W117/><G117/><T38/><D32/><U105/><E65/><V59/><F59/><W7/><G128/><T35/><D35/><U120/><E58/><V70/><F70/><W119/><G119/><T75/><D75/><U37/><E37/><V31/><F25/><W103/><G76/><T87/><D34/><U110/><E110/><V24/><F24/><N who="3" m="9259" /><G21/><N who="0" m="8299" /><D38/><U66/><E66/><V88/><F113/><W82/><G82/><T135/><D135/><U53/><E120/><V74/><F112/><W93/><G103/><T41/><D64/><U61/><E101/><V121/><F121/><W55/><G11/><T131/><D131/><U40/><E107/><V100/><F74/><W3/><G3/><N who="1" m="1098" /><E105/><V90/><F81/><W86/><G48/><T68/><D68/><U78/><E36/><V50/><F50/><W5/><G5/><T13/><D19/><N who="1" m="8599" /><E61/><V9/><REACH who="2" step="1"/><F30/><REACH who="2" ten="219,223,229,319" step="2"/><W130/><G130/><T97/><BYE who="3" /><D95/><U72/><E72/><V60/><F60/><W84/><G84/><T118/><D87/><U47/><E47/><V123/><F123/><W122/><G122/><T67/><D67/><AGARI ba="0,1" hai="9,14,16,28,31,56,62,67,88,90,91,99,100,104" machi="67" ten="40,8000,1" yaku="1,1,52,1,54,2,53,0" doraHai="8" doraHaiUra="73" who="2" fromWho="0" sc="219,-80,223,0,229,90,319,0" owari="139,-36.1,223,-17.7,319,41.9,319,11.9" /></mjloggm>