<mjloggm ver="2.3"><GO type="225" lobby="0"/><UN n0="%E5%8D%A0%E3%81%84%E5%B8%AB%E8%A3%8F%E3%81%AA%E3%81%84%E3%81%97" n1="%77%72%77%72%77%72%77%72" n2="%73%73%6B%5F%66%72%65%65" n3="%E3%81%B5%E3%81%98%E3%81%8B%E3%81%A4" dan="17,17,16,16" rate="2144.66,2242.95,2156.80,2131.87" sx="M,M,M,M"/><TAIKYOKU oya="0"/><INIT seed="0,0,0,3,0,105" ten="250,250,250,250" oya="0" hai0="35,65,106,89,127,87,115,31,26,129,111,12,78" hai1="74,62,11,49,61,51,124,33,107,53,58,109,126" hai2="102,75,16,71,88,6,113,80,34,76,133,134,8" hai3="116,48,95,68,37,125,38,59,84,130,50,29,24"/><T96/><D115/><U32/><E107/><V60/><F113/><W43/><G116/><T52/><D127/><N who="1" m="48683" /><E109/><V98/><F88/><N who="3" m="53639" /><G68/><T123/><D123/><U56/><E11/><V131/><F131/><W9/><G38/><T93/><D129/><U81/><E32/><V94/><F34/><W86/><G29/><T23/><D111/><U44/><E33/><V25/><F25/><W40/><G37/><T14/><D65/><N who="1" m="39079" /><E81/><V28/><F28/><W17/><G130/><T99/><D35/><U42/><E74/><V90/><F102/><W5/><G125/><T39/><D39/><AGARI ba="0,0" hai="39,42,44,49,51,53,58,62" m="39079,48683" machi="39" ten="30,3900,0" yaku="18,1,34,2" doraHai="105" who="1" fromWho="0" sc="250,-39,250,39,250,0,250,0" /><INIT seed="1,0,0,4,4,40" ten="211,289,250,250" oya="1" hai0="103,85,48,66,27,91,6,23,113,82,11,128,119" hai1="49,53,42,36,59,83,19,78,58,72,127,124,1" hai2="110,63,65,71,133,7,120,51,122,123,126,68,20" hai3="89,52,132,102,100,73,37,94,118,45,55,39,44"/><U75/><E1/><V62/><F7/><W15/><G73/><T50/><D113/><U54/><E19/><V61/><F20/><W80/><G80/><T21/><D119/><U125/><E72/><V8/><F8/><W33/><G33/><T67/><D128/><U22/><E22/><V41/><F133/><W16/><G132/><T14/><D103/><N who="3" m="39465" /><G39/><T111/><D111/><U3/><E3/><V109/><F126/><W64/><G64/><T34/><D34/><U5/><E5/><V108/><F65/><W90/><G37/><T56/><D21/><U46/><REACH who="1" step="1"/><E127/><REACH who="1" ten="211,279,250,250" step="2"/><V25/><F25/><W81/><G118/><T60/><REACH who="0" step="1"/><D66/><REACH who="0" ten="201,279,250,250" step="2"/><U112/><E112/><V105/><F105/><W79/><G55/><T134/><D134/><U26/><E26/><V29/><F29/><AGARI ba="0,2" hai="6,11,14,23,27,29,48,50,56,60,67,82,85,91" machi="29" ten="30,3900,0" yaku="1,1,7,1,8,1,53,0" doraHai="40" doraHaiUra="104" who="0" fromWho="2" sc="201,59,279,0,250,-39,250,0" /><INIT seed="2,0,0,3,3,70" ten="260,279,211,250" oya="2" hai0="63,105,91,44,29,88,47,17,75,114,119,85,81" hai1="0,115,54,23,116,1,41,93,95,89,71,82,84" hai2="11,57,56,60,26,125,104,52,38,100,98,30,8" hai3="64,53,15,101,126,27,48,106,34,86,2,73,9"/><V20/><F125/><W18/><G126/><T43/><D114/><U5/><E115/><V83/><F38/><W117/><G73/><T39/><D105/><U16/><E116/><V7/><F7/><W123/><G117/><T12/><D119/><U55/><E71/><V134/><F134/><W50/><G123/><T99/><D29/><U127/><E127/><V62/><REACH who="2" step="1"/><F83/><REACH who="2" ten="260,279,201,250" step="2"/><W40/><G2/><T74/><D39/><U22/><E5/><V24/><F24/><W13/><G27/><T80/><D80/><U118/><E118/><V32/><F32/><W76/><G34/><T77/><D81/><U112/><E112/><V51/><F51/><W72/><G48/><T102/><D75/><U122/><E82/><V111/><F111/><W19/><G72/><T133/><D74/><U31/><E0/><V25/><F25/><W58/><G76/><T92/><D133/><U68/><E1/><V66/><AGARI ba="0,1" hai="8,11,20,26,30,52,56,57,60,62,66,98,100,104" machi="66" ten="20,7800,0" yaku="1,1,0,1,7,1,54,1,53,0" doraHai="70" doraHaiUra="3" who="2" fromWho="2" sc="260,-26,279,-26,201,88,250,-26" /><INIT seed="2,1,0,1,0,117" ten="234,253,289,224" oya="2" hai0="128,88,70,75,76,1,31,125,123,104,131,114,122" hai1="94,58,98,46,124,27,7,24,6,96,9,2,21" hai2="47,0,40,56,127,84,36,87,115,61,38,49,101" hai3="5,13,102,85,92,81,16,35,34,109,20,53,107"/><V106/><F115/><W18/><G109/><T68/><D31/><U17/><E124/><V119/><F119/><W32/><G5/><T19/><D114/><U42/><E7/><V41/><F127/><W54/><G107/><T93/><D125/><U86/><E27/><V82/><F0/><W22/><G102/><T118/><D104/><U66/><E66/><V69/><F69/><N who="0" m="26730" /><D1/><U71/><E71/><V78/><F41/><W26/><REACH who="3" step="1"/><G92/><REACH who="3" ten="234,253,289,214" step="2"/><T95/><D95/><U3/><E94/><V132/><F106/><W33/><N who="3" m="8192" /><DORA hai="134" /><W12/><G12/><T89/><D118/><U43/><E6/><V120/><F101/><W51/><G51/><T105/><D105/><U121/><E2/><V15/><F49/><W52/><G52/><T44/><D93/><U39/><E3/><V129/><F38/><W64/><G64/><T67/><D67/><U65/><E65/><V130/><F36/><W59/><G59/><T45/><D45/><U126/><E58/><V11/><F47/><W23/><G23/><T100/><D44/><U14/><E46/><V113/><F56/><W73/><G73/><T30/><D100/><U80/><E39/><V135/><F132/><W25/><G25/><T99/><D75/><U55/><E126/><V29/><F135/><W83/><G83/><T97/><D97/><N who="1" m="37483" /><E55/><V90/><F15/><W48/><G48/><T110/><D99/><U116/><E116/><V72/><F72/><W63/><G63/><T108/><D108/><U60/><E60/><V37/><F61/><W8/><G8/><T74/><D110/><U91/><E9/><RYUUKYOKU ba="1,1" sc="234,-10,253,-10,289,-10,214,30" hai3="13,16,18,20,22,26,53,54,81,85" /><INIT seed="3,2,1,1,2,22" ten="224,243,279,244" oya="3" hai0="91,50,14,87,40,26,3,94,34,114,12,126,81" hai1="17,108,97,116,13,129,113,98,68,45,43,46,41" hai2="65,10,48,93,127,7,75,18,58,4,102,90,112" hai3="106,109,53,107,6,73,62,1,63,119,79,70,35"/><W49/><G119/><T103/><D3/><U30/><E113/><V89/><F112/><W29/><G49/><T128/><D114/><U51/><E68/><V31/><F75/><W96/><G53/><T52/><D126/><U120/><E120/><V20/><F31/><W134/><G62/><T76/><D128/><U54/><E129/><V33/><F33/><W27/><G134/><T55/><D103/><U72/><E72/><V67/><F102/><W69/><G109/><T115/><D115/><U77/><E77/><V111/><F127/><W28/><G28/><T78/><D78/><U36/><E30/><V23/><F111/><W59/><G59/><T135/><D135/><U130/><E116/><V124/><F124/><W38/><G38/><T16/><D34/><U83/><E83/><V21/><F48/><W118/><G118/><T74/><D40/><U132/><E132/><V66/><F58/><W61/><G61/><T80/><D80/><U19/><E19/><V5/><F93/><W131/><G131/><T84/><D74/><U71/><E71/><N who="3" m="27146" /><G63/><T133/><D133/><U86/><E86/><V42/><F42/><W82/><G96/><N who="1" m="36970" /><E108/><V37/><F37/><W2/><G2/><T122/><D122/><U47/><E130/><V9/><F18/><W100/><G100/><T104/><D104/><U95/><E95/><V56/><F56/><W117/><G117/><T39/><D39/><U64/><E64/><V32/><F32/><W88/><G88/><AGARI ba="2,1" hai="4,5,7,9,10,20,21,23,65,66,67,88,89,90" machi="88" ten="50,12000,2" yaku="29,2,28,2,8,1,54,1" doraHai="22" who="2" fromWho="3" sc="224,0,243,0,279,136,244,-126" owari="224,-17.6,243,4.3,415,51.5,118,-38.2" /></mjloggm>