<mjloggm ver="2.3"><GO type="225" lobby="0"/><UN n0="%E3%81%99%E3%81%84%E3%81%BE%E3%81%9B%E3%83%BC%E3%82%93" n1="%E3%81%8C%E3%81%9F" n2="%E3%83%B4%E3%82%A3%E3%83%AF%E3%82%B3%E3%82%B0%E3%83%8B" n3="%E3%81%BF%E3%81%BF%E3%81%9A" dan="18,16,16,17" rate="2196.79,2116.34,2145.50,2279.84" sx="M,M,M,M"/><TAIKYOKU oya="0"/><INIT seed="0,0,0,2,2,92" ten="250,250,250,250" oya="0" hai0="132,6,108,130,82,67,127,95,29,102,42,70,7" hai1="93,96,61,90,0,79,39,88,97,15,84,117,86" hai2="105,12,85,36,122,1,50,62,41,104,106,46,26" hai3="55,80,69,31,81,8,48,59,75,72,47,23,4"/><T33/><D127/><U9/><E117/><V123/><F1/><W131/><G69/><T87/><D130/><U109/><E109/><V37/><F12/><W35/><G35/><T2/><D132/><U63/><E39/><V118/><F118/><W125/><G131/><T45/><D108/><U58/><E79/><V53/><F85/><W21/><G125/><T32/><D67/><N who="1" m="39351" /><E63/><V121/><REACH who="2" step="1"/><F26/><REACH who="2" ten="250,250,240,250" step="2"/><W113/><G75/><T103/><D2/><U71/><E0/><V54/><F54/><W100/><G72/><T27/><D27/><U115/><E115/><V20/><F20/><W65/><G113/><T14/><D14/><U24/><E24/><V10/><F10/><W34/><G23/><T28/><D32/><U129/><E129/><V91/><F91/><W135/><G21/><T51/><D33/><U110/><E110/><V128/><F128/><W43/><G34/><T56/><D87/><U98/><E71/><V89/><F89/><N who="1" m="34409" /><E93/><V124/><F124/><W18/><G81/><T83/><D83/><U114/><E114/><V119/><F119/><W57/><G80/><T68/><D82/><U74/><E74/><V126/><F126/><W30/><G135/><T52/><D70/><U99/><N who="1" m="24576" /><DORA hai="40" /><U112/><E112/><V66/><F66/><W22/><G65/><T116/><D68/><U25/><E25/><V76/><F76/><W64/><G64/><T19/><D116/><U11/><E11/><V16/><F16/><AGARI ba="0,1" hai="9,15,16,84,86" m="24576,34409,39351" machi="16" ten="40,12000,2" yaku="8,1,52,4,54,2" doraHai="92,40" who="1" fromWho="2" sc="250,0,250,130,240,-120,250,0" /><INIT seed="1,0,0,4,1,33" ten="250,380,120,250" oya="1" hai0="10,14,18,93,24,43,38,104,121,11,131,81,41" hai1="114,0,58,4,3,84,57,5,72,132,19,118,97" hai2="78,54,85,134,9,126,13,25,92,130,120,66,59" hai3="100,15,55,12,69,115,122,102,49,16,39,6,95"/><U17/><E114/><V135/><F120/><W116/><G39/><T107/><D121/><U76/><E118/><V86/><F126/><W101/><G69/><T37/><D131/><U1/><E72/><V65/><F130/><W87/><G122/><T82/><D93/><U112/><E112/><V105/><F105/><W62/><G115/><T103/><D103/><U96/><E76/><V35/><F35/><W119/><G62/><T70/><D14/><U31/><E84/><V129/><F129/><W47/><G6/><N who="1" m="2666" /><E31/><V48/><F25/><W108/><G108/><T113/><D24/><U23/><E23/><V127/><F127/><W125/><G125/><T42/><D70/><U67/><E67/><V88/><F135/><W83/><G95/><T109/><D109/><U117/><E132/><V7/><REACH who="2" step="1"/><F134/><REACH who="2" ten="250,380,110,250" step="2"/><W106/><G106/><T124/><D124/><U128/><E128/><V2/><F2/><W94/><G15/><T26/><D107/><U21/><E1/><V73/><F73/><W36/><G116/><T32/><D104/><U79/><E3/><V8/><F8/><N who="3" m="6151" /><G119/><T30/><D113/><U110/><E0/><V29/><F29/><W56/><G36/><N who="0" m="13931" /><D10/><U61/><E117/><V40/><F40/><W44/><G94/><T98/><D11/><U63/><E110/><V80/><AGARI ba="0,1" hai="7,9,13,48,54,59,65,66,78,80,85,86,88,92" machi="80" ten="30,7900,0" yaku="1,1,0,1,8,1,54,1,53,0" doraHai="33" doraHaiUra="71" who="2" fromWho="2" sc="250,-20,380,-39,110,89,250,-20" /><INIT seed="2,0,0,1,4,17" ten="230,341,199,230" oya="2" hai0="5,132,114,104,48,86,120,45,26,112,106,57,3" hai1="89,36,53,64,128,119,96,93,129,37,61,46,41" hai2="92,10,52,98,102,43,49,7,130,73,27,13,23" hai3="34,9,50,90,100,78,111,68,55,88,14,69,54"/><V79/><F130/><N who="1" m="50281" /><E119/><V22/><F43/><W60/><G34/><T107/><D120/><U75/><E75/><V81/><REACH who="2" step="1"/><F27/><REACH who="2" ten="230,341,189,230" step="2"/><W19/><G111/><T82/><D26/><U58/><E37/><V72/><F72/><W47/><G69/><T121/><D121/><U40/><E41/><V117/><F117/><W2/><G68/><T85/><D114/><U115/><E115/><V71/><F71/><W29/><G29/><T12/><D112/><U97/><E40/><V59/><AGARI ba="0,1" hai="7,10,13,22,23,49,52,59,73,79,81,92,98,102" machi="59" ten="20,18000,2" yaku="1,1,0,1,7,1,52,2,54,1,53,0" doraHai="17" doraHaiUra="134" who="2" fromWho="2" sc="230,-60,341,-60,189,190,230,-60" /><INIT seed="2,1,0,4,3,44" ten="170,281,379,170" oya="2" hai0="61,82,92,127,24,49,27,47,60,116,39,122,7" hai1="114,109,54,108,126,56,69,6,32,107,97,18,41" hai2="77,13,1,26,67,78,120,79,58,25,117,135,104" hai3="22,123,55,130,118,113,51,15,94,21,53,2,40"/><V81/><F1/><W52/><G118/><T28/><D122/><U76/><E114/><V65/><F117/><W88/><G123/><T50/><D116/><U95/><E69/><V75/><F120/><W83/><G2/><T124/><D7/><U125/><E107/><V35/><F104/><W128/><G113/><T38/><D82/><U103/><E32/><V30/><F135/><W133/><G83/><T73/><D73/><U34/><E34/><V112/><F112/><W84/><G133/><T90/><D61/><U37/><E6/><V57/><F75/><W102/><G102/><T85/><D60/><U93/><E18/><V4/><F81/><W72/><G72/><T3/><D3/><U106/><E76/><V0/><F0/><W91/><G91/><T99/><D85/><U23/><E23/><V98/><F98/><W119/><G119/><T70/><D70/><U8/><E8/><N who="2" m="4231" /><F35/><W64/><G64/><N who="2" m="24649" /><F30/><W20/><REACH who="3" step="1"/><G15/><REACH who="3" ten="170,281,379,160" step="2"/><T5/><D24/><AGARI ba="1,1" hai="24,25,26,57,58,77,78,79" m="24649,4231" machi="24" ten="30,1500,0" yaku="8,1" doraHai="44" who="2" fromWho="0" sc="170,-18,281,0,379,28,160,0" /><INIT seed="2,2,0,3,1,132" ten="152,281,407,160" oya="2" hai0="35,4,21,121,54,63,28,76,12,49,59,108,70" hai1="83,20,74,105,46,127,118,57,9,94,120,51,100" hai2="33,111,26,77,45,72,34,106,110,44,10,24,2" hai3="36,30,126,129,135,98,107,65,29,31,38,81,68"/><V79/><F106/><W56/><G68/><T19/><D121/><U27/><E118/><V128/><F2/><W109/><G135/><T32/><D108/><N who="2" m="41514" /><F10/><W99/><G109/><T104/><D104/><U16/><E120/><V60/><F60/><W91/><G129/><T61/><D4/><U50/><E105/><V55/><F72/><W1/><G1/><T89/><D76/><N who="2" m="29258" /><F55/><W17/><G107/><T80/><D63/><U66/><E9/><V93/><F93/><W13/><G126/><T14/><D70/><U67/><E127/><V116/><F128/><W25/><G36/><T133/><D61/><U39/><E94/><V112/><F112/><W62/><G38/><T102/><D133/><U37/><E37/><V97/><F97/><W92/><G81/><T41/><D80/><U88/><E83/><V87/><F87/><W122/><G122/><T0/><D0/><U53/><E53/><V15/><F15/><W119/><G119/><T5/><D12/><U75/><E75/><V3/><F3/><W96/><REACH who="3" step="1"/><G25/><REACH who="3" ten="152,281,407,150" step="2"/><T6/><D14/><N who="1" m="9239" /><E39/><V40/><F116/><W8/><AGARI ba="2,1" hai="8,13,17,29,30,31,56,62,65,91,92,96,98,99" machi="8" ten="30,4000,0" yaku="1,1,0,1,8,1,53,0" doraHai="132" doraHaiUra="82" who="3" fromWho="3" sc="152,-12,281,-12,407,-22,150,56" /><INIT seed="3,0,0,0,1,19" ten="140,269,385,206" oya="3" hai0="98,58,64,90,10,84,108,40,7,109,68,39,132" hai1="20,87,102,133,75,88,53,126,27,51,14,11,92" hai2="125,42,67,110,120,116,134,1,4,71,135,101,80" hai3="76,61,57,54,24,62,79,0,18,37,123,44,36"/><W131/><G0/><T56/><D132/><U34/><E75/><V103/><F120/><W100/><G123/><T6/><D68/><U106/><E34/><V66/><F1/><W31/><G131/><T114/><D114/><U47/><E133/><V129/><F71/><W121/><G121/><T69/><D69/><U89/><E126/><V25/><F42/><W113/><G113/><T9/><D98/><N who="1" m="59719" /><E106/><V115/><F116/><W83/><G100/><T50/><D39/><U23/><E27/><V82/><F4/><W30/><G79/><T111/><D40/><U29/><E29/><V112/><F110/><N who="0" m="28162" /><T22/><DORA hai="118" /><D64/><U95/><E89/><V94/><F94/><W16/><G31/><T65/><D65/><U35/><E35/><V78/><F25/><W21/><G62/><T12/><D50/><U38/><E38/><V5/><F5/><AGARI ba="0,0" hai="5,11,14,20,23,47,51,53,87,88,95" m="59719" machi="5" ten="30,7700,0" yaku="8,1,52,2,54,1" doraHai="19,118" who="1" fromWho="2" sc="140,0,269,77,385,-77,206,0" owari="140,-36.0,346,44.6,308,10.8,206,-19.4" /></mjloggm>