<mjloggm ver="2.3"><GO type="225" lobby="0"/><UN n0="%E6%B4%BE%E9%81%A3%E3%81%AE%E3%82%B8%E3%83%A3%E3%83%83%E3%82%AF" n1="%E3%82%BC%E3%83%AB%E3%83%80%E3%81%AE%E4%BC%9D%E8%AA%AC" n2="%E6%A1%9C%E8%8A%B1%E9%96%83%E3%80%85" n3="%E3%82%89%E3%81%84%E3%81%B5%E3%81%8C%E3%83%BC%E3%81%A9%E3%81%99%E3%81%8D" dan="17,18,16,17" rate="2213.67,2209.02,2125.55,2197.62" sx="M,M,M,M"/><TAIKYOKU oya="0"/><INIT seed="0,0,0,3,3,85" ten="250,250,250,250" oya="0" hai0="22,48,100,131,38,132,110,84,12,135,42,128,57" hai1="9,41,66,75,121,65,8,111,31,102,29,27,1" hai2="45,11,17,54,117,125,51,68,79,108,78,37,50" hai3="55,64,87,76,134,21,88,39,46,34,104,119,115"/><T97/><D38/><U23/><E121/><V91/><F37/><W40/><G34/><T129/><D110/><U60/><E111/><V47/><F108/><W96/><G119/><T58/><D84/><U4/><E75/><V107/><F68/><W82/><G115/><T0/><D0/><U124/><E124/><V18/><F107/><W118/><G118/><T123/><D123/><U44/><E8/><V101/><F101/><W71/><G134/><N who="0" m="51243" /><D42/><U90/><E102/><V93/><F117/><W130/><G130/><N who="0" m="33283" /><T86/><DORA hai="74" /><D48/><U32/><E60/><V63/><F63/><W99/><G104/><N who="0" m="63503" /><D86/><U126/><E44/><V73/><F73/><W30/><G55/><T14/><D22/><U67/><E41/><N who="2" m="24879" /><F125/><W95/><G64/><T80/><D80/><U98/><E126/><V36/><F36/><W61/><G71/><T72/><D72/><U94/><REACH who="1" step="1"/><E32/><REACH who="1" ten="250,240,250,250" step="2"/><V10/><F10/><W35/><G35/><T3/><D3/><U24/><E24/><V52/><F11/><W116/><G61/><T106/><D106/><U113/><E113/><V59/><F47/><W70/><G116/><T25/><D25/><U56/><E56/><AGARI ba="0,1" hai="12,14,56,57,58" m="63503,33283,51243" machi="56" ten="50,4800,0" yaku="20,1,19,1" doraHai="85,74" who="0" fromWho="1" sc="250,58,240,-48,250,0,250,0" /><INIT seed="0,1,0,4,1,72" ten="308,192,250,250" oya="0" hai0="117,63,57,91,0,60,35,101,33,44,129,87,68" hai1="27,23,110,133,65,105,66,102,7,80,130,19,100" hai2="53,9,3,123,16,32,99,131,34,47,114,122,40" hai3="95,5,111,118,86,52,42,39,54,13,76,70,45"/><T55/><D117/><U115/><E110/><V20/><F53/><W119/><G70/><T75/><D0/><U26/><E133/><V31/><F99/><W106/><G106/><T22/><D129/><U25/><E130/><V84/><F131/><W38/><G111/><T96/><D44/><U15/><E115/><V58/><F58/><W81/><G39/><T1/><D75/><U18/><E7/><N who="2" m="1279" /><F84/><W8/><REACH who="3" step="1"/><G95/><REACH who="3" ten="308,192,250,240" step="2"/><T46/><D68/><U2/><E105/><V98/><F114/><W71/><G71/><T29/><D35/><U94/><E94/><V83/><F34/><W132/><G132/><T90/><D33/><U10/><E80/><V59/><F83/><W36/><G36/><T92/><D92/><U30/><E2/><V77/><F32/><W88/><G88/><T28/><D90/><U61/><E30/><V74/><F31/><W109/><G109/><T64/><D1/><U116/><E116/><AGARI ba="1,1" hai="5,8,13,38,42,45,52,54,76,81,86,116,118,119" machi="116" ten="40,8000,1" yaku="1,1,52,1,54,1,53,2" doraHai="72" doraHaiUra="51" who="3" fromWho="1" sc="308,0,192,-83,250,0,240,93" /><INIT seed="1,0,0,3,4,117" ten="308,109,250,333" oya="1" hai0="102,32,29,13,113,112,15,23,26,30,130,110,82" hai1="24,11,86,74,81,10,88,129,114,64,128,78,132" hai2="27,18,109,12,92,34,55,80,96,22,21,104,35" hai3="54,97,48,84,61,67,62,120,134,63,59,87,9"/><U99/><E114/><V39/><F104/><W57/><G120/><T89/><D102/><U69/><E132/><V124/><F109/><W133/><G97/><T19/><D89/><U28/><E99/><V107/><F107/><W44/><G9/><T41/><D41/><U6/><E64/><V72/><F39/><W7/><G7/><T52/><D52/><U90/><E69/><V79/><F124/><W93/><G87/><T16/><D82/><U14/><E11/><V101/><REACH who="2" step="1"/><F55/><REACH who="2" ten="308,109,240,333" step="2"/><W105/><G105/><T125/><D110/><U76/><E76/><V73/><F73/><W83/><G134/><T68/><D125/><U106/><E106/><V47/><F47/><W127/><G127/><T46/><D46/><U95/><REACH who="1" step="1"/><E90/><REACH who="1" ten="308,99,240,333" step="2"/><V56/><F56/><W5/><G133/><T51/><D112/><U123/><E123/><V70/><F70/><W75/><G59/><T3/><D68/><U100/><E100/><V17/><AGARI ba="0,2" hai="12,17,18,21,22,27,34,35,72,79,80,92,96,101" machi="17" ten="20,2700,0" yaku="1,1,0,1,7,1,53,0" doraHai="117" doraHaiUra="36" who="2" fromWho="2" sc="308,-7,99,-13,240,47,333,-7" /><INIT seed="2,0,0,1,2,120" ten="301,86,287,326" oya="2" hai0="66,49,62,101,115,133,29,20,40,58,121,67,127" hai1="5,89,64,106,124,0,60,3,131,108,63,104,77" hai2="107,99,117,88,2,86,6,30,50,118,119,122,54" hai3="53,22,92,18,11,125,56,76,48,34,32,12,16"/><V75/><F122/><W96/><G125/><T97/><D115/><U114/><E77/><V8/><F75/><W28/><G28/><T51/><D133/><U74/><E89/><V102/><F30/><W39/><G39/><T35/><D127/><U15/><E15/><V129/><F129/><W52/><G76/><T41/><D35/><U24/><E124/><V57/><REACH who="2" step="1"/><F118/><REACH who="2" ten="301,86,277,326" step="2"/><W84/><G32/><T90/><D121/><U55/><E74/><V65/><F65/><W98/><G34/><T42/><D66/><U33/><E131/><V85/><F85/><W95/><G84/><T113/><D113/><U87/><E114/><V83/><AGARI ba="0,1" hai="2,6,8,50,54,57,83,86,88,99,102,107,117,119" machi="83" ten="20,12000,1" yaku="1,1,0,1,7,1,54,1,53,1" doraHai="120" doraHaiUra="78" who="2" fromWho="2" sc="301,-40,86,-40,277,130,326,-40" /><INIT seed="2,1,0,3,3,24" ten="261,46,407,286" oya="2" hai0="44,22,50,28,35,12,18,29,32,31,129,73,40" hai1="78,135,1,118,82,116,51,6,2,89,125,130,90" hai2="76,16,60,13,42,8,133,56,117,75,21,110,27" hai3="3,4,99,80,20,97,115,96,54,84,39,7,9"/><V14/><F117/><W30/><G39/><T53/><D73/><U46/><E6/><V49/><F133/><W43/><G43/><T55/><REACH who="0" step="1"/><D129/><REACH who="0" ten="251,46,407,286" step="2"/><U107/><E130/><V131/><F131/><W38/><G115/><T119/><D119/><U98/><E135/><V127/><F127/><W71/><G3/><T52/><AGARI ba="1,1" hai="12,18,22,28,29,31,32,35,40,44,50,52,53,55" machi="52" ten="30,12000,2" yaku="1,1,0,1,52,3,54,1,53,0" doraHai="24" doraHaiUra="91" who="0" fromWho="0" sc="251,133,46,-31,407,-61,286,-31" /><INIT seed="3,0,0,5,2,34" ten="384,15,346,255" oya="3" hai0="104,123,31,29,91,88,64,72,16,49,12,47,48" hai1="127,105,45,119,26,53,108,82,2,33,94,17,68" hai2="10,11,23,95,55,44,124,43,90,39,118,111,129" hai3="109,133,56,102,84,76,122,81,83,126,41,8,125"/><W89/><G41/><T19/><D123/><U107/><E94/><V117/><F111/><W15/><G122/><T50/><D72/><U113/><E53/><V74/><F74/><W103/><G109/><T115/><D115/><U62/><E82/><V79/><F79/><W120/><G120/><T135/><D135/><U6/><E17/><N who="0" m="6729" /><D104/><U98/><E45/><V106/><F106/><W51/><G133/><T13/><D64/><U101/><E105/><V80/><F80/><W114/><G114/><T38/><D38/><U110/><E113/><V86/><F129/><W59/><G126/><T97/><D47/><U60/><E60/><V92/><F124/><W1/><G1/><T99/><D88/><U32/><E127/><V22/><F55/><N who="3" m="31871" /><G59/><T69/><D69/><U93/><E93/><V52/><F95/><W78/><G125/><T71/><D71/><U77/><E77/><N who="3" m="29802" /><G83/><T121/><D121/><U28/><E32/><V61/><F118/><W3/><G3/><T54/><D54/><U128/><E128/><V134/><F117/><W112/><G112/><T87/><D87/><U30/><E30/><N who="0" m="11273" /><D91/><U25/><E25/><V85/><F85/><W4/><AGARI ba="0,0" hai="4,8,15,81,84,89,102,103" m="29802,31871" machi="4" ten="30,1500,0" yaku="8,1" doraHai="34" who="3" fromWho="3" sc="384,-5,15,-5,346,-5,255,15" /><INIT seed="3,1,0,2,3,30" ten="379,10,341,270" oya="3" hai0="128,94,127,46,117,91,17,111,123,121,107,93,6" hai1="134,57,84,23,1,95,53,39,4,74,113,20,68" hai2="87,109,29,36,40,108,125,67,3,110,114,16,99" hai3="83,37,75,25,22,88,72,31,71,8,56,77,122"/><W65/><G122/><T76/><D107/><U105/><E4/><V92/><F114/><W34/><G37/><T79/><D6/><U9/><E9/><V50/><F3/><W97/><G71/><T2/><D2/><U133/><E95/><V62/><F125/><W116/><G116/><T33/><D33/><U60/><E84/><V51/><F87/><W81/><G8/><T106/><D106/><U28/><E23/><V24/><F36/><W82/><G75/><T130/><D117/><U58/><E20/><N who="2" m="13319" /><F40/><W64/><G22/><T59/><D46/><U55/><E28/><V18/><F18/><W135/><G135/><T26/><D59/><U89/><E89/><N who="2" m="55695" /><F29/><W120/><G120/><T80/><D127/><U42/><E1/><V70/><AGARI ba="1,0" hai="50,51,62,67,70,108,109,110" m="55695,13319" machi="70" ten="30,2000,0" yaku="14,1,54,1" doraHai="30" who="2" fromWho="2" sc="379,-6,10,-6,341,23,270,-11" owari="373,47.3,4,-49.6,364,16.4,259,-14.1" /></mjloggm>