<mjloggm ver="2.3"><GO type="225" lobby="0"/><UN n0="%E3%83%B4%E3%82%A3%E3%83%AF%E3%82%B3%E3%82%B0%E3%83%8B" n1="%E7%99%BD%E6%97%A5%E9%9B%AA%E8%8F%9C" n2="%72%69%6F%75%63%68%61%6E" n3="%E3%82%BC%E3%83%AB%E3%83%80%E3%81%AE%E4%BC%9D%E8%AA%AC" dan="16,17,16,17" rate="2184.97,2179.90,2213.69,2202.85" sx="M,M,M,M"/><TAIKYOKU oya="0"/><INIT seed="0,0,0,3,0,42" ten="250,250,250,250" oya="0" hai0="50,78,117,37,125,66,33,34,70,63,73,95,15" hai1="69,93,77,53,24,120,21,80,10,40,45,58,123" hai2="30,3,104,98,49,103,39,81,44,135,8,1,60" hai3="16,2,41,122,109,38,130,126,7,68,4,0,59"/><T13/><D117/><U64/><E93/><V23/><F135/><W99/><G68/><T111/><D37/><U105/><E105/><V124/><F124/><W85/><G85/><T129/><D125/><U118/><E10/><V114/><F114/><W102/><G126/><T100/><D129/><U76/><E118/><V112/><F112/><W72/><G72/><T115/><D115/><U131/><E131/><V29/><F39/><W61/><G130/><T87/><D34/><U97/><E97/><V52/><F81/><W27/><G109/><T18/><D33/><U54/><E69/><V83/><F83/><W71/><G71/><T92/><D73/><U84/><E76/><V65/><F23/><W88/><G122/><T101/><D111/><U47/><E120/><V5/><REACH who="2" step="1"/><F1/><REACH who="2" ten="250,250,240,250" step="2"/><W79/><G0/><T133/><D133/><U57/><E123/><V35/><F35/><W91/><G2/><T31/><D78/><U86/><E77/><V89/><F89/><W9/><G79/><T20/><D101/><U19/><E80/><V132/><F132/><W25/><G91/><T110/><D110/><U107/><E21/><V62/><F62/><W51/><G38/><T48/><D100/><U82/><E82/><V56/><AGARI ba="0,1" hai="3,5,8,29,30,44,49,52,56,60,65,98,103,104" machi="56" ten="20,8000,1" yaku="1,1,0,1,7,1,52,1,54,1,53,0" doraHai="42" doraHaiUra="134" who="2" fromWho="2" sc="250,-40,250,-20,240,90,250,-20" /><INIT seed="1,0,0,4,1,117" ten="210,230,330,230" oya="1" hai0="65,25,75,8,92,43,112,107,125,29,95,109,78" hai1="105,132,6,74,27,9,52,104,20,135,38,57,111" hai2="3,4,116,10,21,26,98,119,131,63,118,84,24" hai3="94,91,101,31,15,73,37,45,17,83,46,71,89"/><U129/><E74/><V14/><F98/><W93/><G71/><T90/><D112/><U69/><E69/><V59/><F131/><W16/><G37/><T122/><D107/><U34/><E38/><V44/><F44/><N who="3" m="17003" /><G73/><T11/><D43/><U40/><E40/><V88/><F3/><W108/><G108/><T114/><D114/><U103/><E34/><V41/><F41/><W81/><G31/><T106/><D106/><U87/><E129/><V1/><F1/><W5/><G5/><T127/><D109/><U123/><E123/><V22/><F24/><W18/><G15/><T99/><D65/><U60/><E87/><V23/><F26/><W97/><G101/><T0/><D92/><N who="3" m="35433" /><G97/><T110/><D110/><U12/><E103/><V79/><F79/><W134/><G134/><N who="1" m="51242" /><E111/><V47/><F47/><W102/><G102/><T33/><D0/><U66/><E66/><V55/><REACH who="2" step="1"/><F116/><REACH who="2" ten="210,230,320,230" step="2"/><W42/><G42/><T72/><D78/><U120/><E120/><V58/><F58/><W35/><G35/><T13/><D13/><U61/><E61/><V130/><F130/><W85/><G85/><T68/><D122/><U7/><E7/><V2/><F2/><W67/><G67/><T32/><D32/><U70/><E70/><V76/><F76/><W128/><G128/><T36/><D68/><U86/><E86/><V133/><F133/><W82/><AGARI ba="0,1" hai="16,17,18,81,82,83,89,91" m="35433,17003" machi="82" ten="40,8000,1" yaku="28,2,8,1,54,1" doraHai="117" who="3" fromWho="3" sc="210,-20,230,-40,320,-20,230,90" /><INIT seed="2,0,0,5,4,74" ten="190,190,300,320" oya="2" hai0="88,47,52,31,29,0,117,17,43,70,79,111,105" hai1="27,19,82,5,66,76,40,132,99,38,116,92,81" hai2="71,55,57,75,104,44,2,96,49,8,10,89,80" hai3="3,32,72,45,115,59,113,56,101,54,48,94,78"/><V112/><F112/><N who="3" m="43083" /><G3/><T128/><D70/><U102/><E116/><V133/><F71/><W21/><G32/><T13/><D105/><U110/><E110/><V68/><F68/><W114/><G114/><T119/><D0/><U14/><E132/><V60/><F133/><W131/><G131/><T98/><D111/><U6/><E66/><V84/><F2/><W135/><G135/><T37/><D128/><U23/><E38/><V83/><F104/><W90/><G101/><T58/><D79/><U91/><E40/><V108/><F108/><W62/><G21/><T120/><D120/><U25/><E102/><V95/><F75/><W28/><G28/><T134/><D134/><U26/><REACH who="1" step="1"/><E82/><REACH who="1" ten="190,180,300,320" step="2"/><V46/><F83/><N who="3" m="45511" /><G62/><T87/><D119/><U35/><E35/><V39/><F39/><W77/><G77/><T123/><D117/><U107/><E107/><V63/><F63/><W22/><G22/><T11/><D123/><U12/><E12/><V73/><F73/><AGARI ba="0,1" hai="5,6,14,19,23,25,26,27,73,76,81,91,92,99" machi="73" ten="40,2600,0" yaku="1,1,52,1,53,0" doraHai="74" doraHaiUra="126" who="1" fromWho="2" sc="190,0,180,36,300,-26,320,0" /><INIT seed="3,0,0,1,0,48" ten="190,216,274,320" oya="3" hai0="63,81,100,133,59,71,39,26,28,123,116,18,106" hai1="101,31,119,87,10,38,131,49,72,96,29,86,58" hai2="121,84,50,92,98,16,19,102,25,77,22,4,30" hai3="2,7,130,132,105,33,89,91,43,9,93,64,15"/><W97/><G33/><T78/><D133/><U82/><E38/><V3/><F121/><W127/><G132/><T94/><D123/><U42/><E131/><V83/><REACH who="2" step="1"/><F50/><REACH who="2" ten="190,216,264,320" step="2"/><W66/><G130/><T53/><D116/><U103/><E49/><V88/><F88/><N who="3" m="33867" /><G2/><T95/><D39/><U68/><E119/><V8/><AGARI ba="0,1" hai="3,4,8,16,19,22,25,30,77,83,84,92,98,102" machi="8" ten="30,4000,0" yaku="1,1,0,1,54,1,53,0" doraHai="48" doraHaiUra="107" who="2" fromWho="2" sc="190,-10,216,-10,264,50,320,-20" owari="180,-32.0,206,-19.4,314,41.4,300,10.0" /></mjloggm>