<mjloggm ver="2.3"><GO type="225" lobby="0"/><UN n0="%E5%A4%96%E5%B7%9D%E7%AB%9C%E6%88%90" n1="%E5%B3%B6%E7%94%B0%E7%9C%9F%E5%A4%A2" n2="%E5%A4%9C%E5%85%89%E5%A4%A9%E6%A5%BC" n3="%E5%84%AA%40%41%42%43" dan="16,16,16,17" rate="2110.06,2089.84,2100.11,2134.46" sx="M,F,F,M"/><TAIKYOKU oya="0"/><INIT seed="0,0,0,4,3,58" ten="250,250,250,250" oya="0" hai0="22,6,56,51,126,59,121,24,10,21,0,79,23" hai1="65,74,36,32,27,50,52,69,17,125,33,134,130" hai2="103,66,91,68,127,101,99,44,85,15,98,122,34" hai3="19,128,96,7,48,117,61,106,118,113,89,110,80"/><T132/><D121/><U92/><E74/><V115/><F115/><W30/><G113/><T38/><D38/><U18/><E36/><V120/><F34/><W77/><G7/><T57/><D126/><U133/><E125/><V76/><F76/><W43/><G30/><T114/><D114/><U131/><E92/><V72/><F72/><W49/><G110/><T70/><D132/><N who="1" m="50795" /><E65/><V95/><F127/><W3/><G3/><T90/><D79/><U104/><E69/><V67/><F67/><W73/><G128/><N who="1" m="49194" /><E104/><V42/><F120/><W105/><G106/><T25/><D70/><U112/><E112/><V123/><F123/><W108/><G108/><T9/><D51/><U55/><E55/><V109/><F109/><W63/><G48/><T1/><D90/><U31/><E32/><V20/><F66/><W83/><G49/><T129/><D129/><U29/><E31/><V75/><F75/><W119/><G43/><T37/><D37/><U16/><E17/><N who="2" m="10303" /><F68/><W93/><G83/><T47/><D47/><AGARI ba="0,0" hai="16,18,27,29,33,47,50,52" m="49194,50795" machi="47" ten="30,7700,0" yaku="20,1,19,1,54,2" doraHai="58" who="1" fromWho="0" sc="250,-77,250,77,250,0,250,0" /><INIT seed="1,0,0,5,3,25" ten="173,327,250,250" oya="1" hai0="9,19,16,124,11,114,94,36,117,42,13,59,103" hai1="80,87,132,127,47,108,53,130,116,125,10,83,26" hai2="98,76,109,41,0,88,115,72,99,3,106,46,134" hai3="27,35,48,123,85,129,77,93,133,70,69,54,122"/><U101/><E116/><V107/><F109/><W60/><G129/><T20/><D117/><U18/><E130/><V131/><F131/><W113/><G113/><T14/><D114/><U38/><E132/><V43/><F115/><W57/><G133/><T58/><D124/><N who="1" m="47691" /><E101/><V2/><F134/><W50/><G50/><T96/><D36/><U30/><E108/><V4/><F4/><W90/><G77/><T73/><D73/><U33/><E87/><V105/><F43/><W31/><REACH who="3" step="1"/><G60/><REACH who="3" ten="173,327,250,240" step="2"/><T24/><REACH who="0" step="1"/><D42/><REACH who="0" ten="163,327,250,240" step="2"/><U121/><E38/><V84/><F41/><W15/><G15/><T51/><D51/><N who="1" m="28927" /><E121/><AGARI ba="0,2" hai="27,31,35,48,54,57,69,70,85,90,93,121,122,123" machi="121" ten="40,2600,0" yaku="1,1,52,1,53,0" doraHai="25" doraHaiUra="110" who="3" fromWho="1" sc="163,0,327,-26,250,0,240,46" /><INIT seed="2,0,0,1,2,33" ten="163,301,250,286" oya="2" hai0="99,60,62,108,92,10,13,121,124,4,100,1,131" hai1="15,126,26,123,17,44,94,67,115,111,133,11,8" hai2="6,50,87,16,93,119,51,41,107,48,18,36,32" hai3="98,73,91,76,110,61,134,122,72,24,65,42,113"/><V120/><F119/><W106/><G122/><T63/><D121/><U47/><E123/><V3/><F107/><W103/><G110/><T71/><D108/><U132/><E111/><V2/><F32/><W70/><G134/><N who="1" m="51818" /><E115/><V58/><F120/><W88/><G113/><T20/><D131/><U117/><E117/><V23/><F6/><W27/><G42/><T104/><D124/><U12/><E67/><V118/><F18/><W66/><G66/><T52/><D71/><U135/><E135/><V109/><F118/><W64/><G64/><T22/><D104/><U112/><E112/><V89/><F109/><W29/><G27/><T80/><D80/><U128/><E128/><V7/><F7/><W90/><REACH who="3" step="1"/><G76/><REACH who="3" ten="163,301,250,276" step="2"/><T86/><D1/><U39/><E26/><V14/><REACH who="2" step="1"/><F58/><REACH who="2" ten="163,301,240,276" step="2"/><W34/><AGARI ba="0,2" hai="24,29,34,61,65,70,72,73,88,90,91,98,103,106" machi="34" ten="30,12000,2" yaku="1,1,2,1,0,1,25,2,54,1,53,0" doraHai="33" doraHaiUra="54" who="3" fromWho="3" sc="163,-30,301,-30,240,-60,276,140" /><INIT seed="3,0,0,2,0,57" ten="133,271,180,416" oya="3" hai0="56,93,61,94,129,106,82,46,49,43,2,54,128" hai1="24,0,81,103,131,14,32,21,12,88,96,132,89" hai2="108,70,41,62,95,69,40,66,8,30,60,33,3" hai3="31,10,29,97,45,122,112,99,23,18,105,77,117"/><W11/><G117/><T5/><D106/><U76/><E131/><N who="0" m="50249" /><D2/><U71/><E71/><V85/><F33/><W109/><G112/><T65/><D5/><U68/><E132/><V124/><F30/><W101/><G77/><T125/><D82/><U110/><E68/><V115/><F3/><W59/><G29/><T127/><D94/><U6/><E110/><V116/><F8/><W35/><G59/><N who="0" m="37055" /><D93/><U100/><E32/><V17/><F116/><W52/><G45/><T58/><D58/><U84/><E0/><V48/><F95/><W87/><G10/><T134/><D134/><U47/><E6/><V104/><F70/><W107/><G11/><T92/><D92/><U51/><E14/><V42/><F104/><W44/><G18/><T114/><D114/><U83/><E12/><V67/><F115/><W50/><G23/><T75/><D75/><U113/><E113/><V36/><F69/><W73/><G87/><T120/><D120/><U13/><E13/><V26/><F17/><W20/><G20/><T55/><D55/><U64/><E84/><V16/><F85/><W28/><G73/><T9/><D9/><U80/><E76/><V27/><F16/><W111/><G122/><T135/><D135/><U79/><E79/><V118/><F118/><W4/><G4/><T39/><AGARI ba="0,0" hai="39,43,46,49,54,56,125,127" m="37055,50249" machi="39" ten="30,7900,0" yaku="19,1,34,2,52,1" doraHai="57" who="0" fromWho="0" sc="133,79,271,-20,180,-20,416,-39" owari="212,-18.8,251,5.1,160,-34.0,377,47.7" /></mjloggm>