<mjloggm ver="2.3"><GO type="225" lobby="0"/><UN n0="%E9%B3%B3%E6%9D%B1%E3%81%AE%E3%81%86%E3%81%95%E3%81%8E%E3%81%95%E3%82%93" n1="%E9%80%9F%E6%B0%B4%E5%87%9B%E9%A6%99" n2="%77%72%77%72%77%72%77%72" n3="%E3%82%BC%E3%83%AB%E3%83%80%E3%81%AE%E4%BC%9D%E8%AA%AC" dan="17,16,16,16" rate="2244.69,2093.04,2103.68,2176.27" sx="M,F,M,M"/><TAIKYOKU oya="0"/><INIT seed="0,0,0,0,3,63" ten="250,250,250,250" oya="0" hai0="118,32,84,15,112,125,102,121,34,20,83,124,100" hai1="97,6,130,8,2,98,85,62,41,10,101,65,28" hai2="47,52,87,108,129,96,59,26,81,133,94,51,69" hai3="53,64,132,40,119,18,23,92,39,126,127,33,58"/><T22/><D118/><U29/><E130/><V0/><F108/><W111/><G33/><N who="0" m="12907" /><D112/><U50/><E8/><V103/><F129/><W73/><G73/><T80/><D121/><U11/><E11/><V30/><F133/><W113/><G113/><T7/><D7/><U36/><E36/><V27/><F69/><W95/><G111/><T99/><D15/><U76/><E76/><V117/><F117/><W82/><G132/><T60/><D60/><U134/><E134/><V38/><F0/><W46/><G119/><T17/><D17/><U116/><E85/><V25/><F38/><W70/><G82/><N who="0" m="31275" /><D84/><U48/><E116/><V5/><F5/><W110/><G110/><T19/><D19/><U106/><E97/><V109/><F109/><W16/><G18/><T24/><D24/><U72/><E72/><V122/><F122/><W86/><G86/><T3/><D3/><U135/><E135/><V13/><F13/><N who="3" m="9615" /><G92/><T120/><D120/><U9/><E9/><V42/><F30/><W89/><G95/><T68/><D68/><U91/><E91/><V114/><F114/><W105/><G89/><T43/><D43/><U93/><E93/><V37/><REACH who="2" step="1"/><F25/><REACH who="2" ten="250,250,240,250" step="2"/><W56/><G70/><T123/><D123/><U79/><E29/><V44/><F44/><W35/><G39/><T104/><D102/><U90/><E28/><V131/><F131/><W115/><G115/><T88/><D100/><U128/><E101/><V66/><F66/><W74/><G64/><T14/><D14/><U55/><E65/><V57/><F57/><W77/><G58/><T71/><D71/><RYUUKYOKU ba="0,1" sc="250,-10,250,-10,240,30,250,-10" hai2="26,27,37,42,47,51,52,59,81,87,94,96,103" /><INIT seed="1,1,1,5,3,24" ten="240,240,270,240" oya="1" hai0="95,38,112,87,21,35,47,125,98,117,43,29,67" hai1="6,123,31,74,121,92,84,61,124,75,2,78,45" hai2="135,5,55,39,73,40,49,60,34,122,8,128,108" hai3="4,80,51,103,116,102,72,63,82,58,76,32,85"/><U131/><E6/><V127/><F122/><W9/><G32/><T119/><D112/><U94/><E2/><V41/><F73/><N who="1" m="27657" /><E61/><V14/><F34/><W68/><G68/><T110/><D35/><U65/><E45/><V130/><F108/><W97/><G116/><T36/><D110/><U70/><E65/><V91/><F39/><W114/><G114/><T132/><D132/><U109/><E70/><V15/><F135/><W99/><G51/><T69/><D125/><U11/><E11/><V129/><F127/><W46/><G46/><T48/><D67/><U66/><E66/><V107/><F107/><W17/><G17/><T18/><D69/><U1/><E1/><V81/><F60/><W53/><G102/><T126/><D126/><U113/><E124/><V20/><F91/><W23/><G103/><T100/><D38/><U27/><E113/><V115/><F81/><W93/><G93/><N who="1" m="35946" /><E109/><V62/><F62/><W86/><G23/><T3/><D36/><U118/><E118/><V50/><F50/><W83/><G72/><T25/><D119/><U42/><E42/><V0/><F115/><W89/><REACH who="3" step="1"/><G83/><REACH who="3" ten="240,240,270,230" step="2"/><T88/><D117/><U30/><E121/><V13/><F20/><W28/><G28/><T96/><D29/><U52/><E123/><V104/><F104/><W59/><G59/><AGARI ba="1,2" hai="0,5,8,13,14,15,40,41,49,55,59,128,129,130" machi="59" ten="50,1600,0" yaku="19,1" doraHai="24" who="2" fromWho="3" sc="240,0,240,0,270,39,230,-19" /><INIT seed="2,0,0,1,0,108" ten="240,240,309,211" oya="2" hai0="34,105,44,92,61,21,85,107,22,14,25,58,75" hai1="81,104,132,52,126,89,37,67,73,102,130,4,71" hai2="7,110,32,131,113,86,118,51,30,41,98,128,74" hai3="122,53,134,80,13,119,38,50,17,123,66,114,87"/><V115/><F118/><W60/><G38/><T97/><D75/><U72/><E37/><V45/><F74/><W127/><G119/><T68/><D68/><U57/><E67/><V35/><F110/><W133/><G127/><T84/><D105/><U23/><E71/><V64/><F64/><W54/><G13/><T46/><D34/><U63/><E126/><V15/><F98/><W77/><G17/><N who="0" m="10423" /><D107/><U12/><E132/><N who="3" m="50794" /><G114/><N who="2" m="43529" /><F86/><N who="0" m="33386" /><D92/><U33/><E33/><V28/><F35/><W20/><G20/><T121/><D97/><U93/><E104/><V56/><F32/><W59/><G54/><N who="0" m="34007" /><D121/><U11/><E72/><V78/><F78/><W106/><G106/><T88/><D88/><U129/><E89/><V120/><F120/><W103/><G103/><T83/><D83/><U0/><E81/><V101/><F101/><W90/><G90/><T96/><D96/><U19/><E73/><V36/><F36/><W47/><AGARI ba="0,0" hai="47,50,53,59,60,66,77,80,87,122,123" m="50794" machi="47" ten="30,1100,0" yaku="20,1" doraHai="108" who="3" fromWho="3" sc="240,-3,240,-3,309,-5,211,11" /><INIT seed="3,0,0,4,3,15" ten="237,237,304,222" oya="3" hai0="90,32,0,9,63,84,11,100,6,116,97,73,1" hai1="127,31,5,40,45,66,79,134,130,69,34,126,96" hai2="131,88,37,39,78,105,23,135,25,35,122,104,59" hai3="38,110,20,60,51,85,62,115,98,36,41,8,121"/><W71/><G115/><T33/><D116/><U67/><E5/><V86/><F35/><W29/><G121/><T16/><D73/><U91/><E79/><V57/><F78/><W74/><G74/><T2/><D63/><N who="3" m="24105" /><G71/><T107/><D9/><U3/><E3/><V111/><F122/><W118/><G118/><T19/><D33/><U80/><E69/><V65/><F111/><W26/><G38/><T93/><REACH who="0" step="1"/><D32/><REACH who="0" ten="227,237,304,222" step="2"/><U72/><E72/><V44/><F65/><W18/><G110/><T28/><D28/><U108/><E31/><V128/><F128/><W119/><G119/><T109/><D109/><U120/><E34/><V46/><F131/><W27/><G36/><T101/><D101/><U22/><E130/><V82/><F37/><W68/><G68/><T75/><D75/><U77/><E120/><V49/><F39/><W112/><G112/><T12/><AGARI ba="0,1" hai="0,1,2,6,11,12,16,19,84,90,93,97,100,107" machi="12" ten="30,12000,2" yaku="1,1,0,1,52,2,54,1,53,1" doraHai="15" doraHaiUra="95" who="0" fromWho="0" sc="227,130,237,-30,304,-30,222,-60" owari="357,45.7,207,-19.3,274,7.4,162,-33.8" /></mjloggm>