<mjloggm ver="2.3"><GO type="225" lobby="0"/><UN n0="%E7%B4%94%E6%BD%94%E3%83%94%E3%83%A9%E3%83%8B%E3%82%A2" n1="%47%48%4F%53%54" n2="%72%69%6F%75%63%68%61%6E" n3="%E6%80%AA%E3%81%97%E3%81%99%E3%81%8E%E3%82%8B%E3%83%81%E3%83%BC" dan="17,17,17,16" rate="2204.00,2236.81,2210.11,2123.65" sx="M,M,M,M"/><TAIKYOKU oya="0"/><INIT seed="0,0,0,4,1,90" ten="250,250,250,250" oya="0" hai0="126,98,69,12,87,67,42,108,27,52,66,35,107" hai1="59,49,130,0,114,40,24,112,118,32,70,47,79" hai2="119,11,53,82,99,78,134,21,22,71,75,31,44" hai3="17,76,124,100,8,36,14,1,9,34,56,13,15"/><T125/><D42/><U128/><E0/><V94/><F134/><W57/><G36/><T29/><D87/><U97/><E70/><V33/><F119/><W121/><G124/><N who="0" m="47723" /><D12/><U135/><E135/><V16/><F71/><W115/><G115/><N who="1" m="44074" /><E118/><V6/><F33/><W46/><G34/><T101/><D108/><U122/><E122/><V89/><F31/><W3/><G121/><T95/><D107/><U113/><N who="1" m="44082" /><U83/><DORA hai="39" /><E97/><V123/><F123/><W4/><G76/><T62/><D69/><U54/><E24/><V86/><F75/><W7/><G46/><T88/><D101/><U116/><E32/><V48/><REACH who="2" step="1"/><F16/><REACH who="2" ten="250,250,240,250" step="2"/><W84/><G17/><T103/><D103/><U96/><E116/><V37/><F37/><W85/><G100/><T5/><D5/><U92/><E128/><V51/><F51/><W63/><REACH who="3" step="1"/><G57/><AGARI ba="0,1" hai="27,29,35,52,57,62,66,67,88,95,98" m="47723" machi="57" ten="30,11600,0" yaku="18,1,52,1,54,2" doraHai="90,39" who="0" fromWho="3" sc="250,126,250,0,240,0,250,-116" /><INIT seed="0,1,0,3,1,36" ten="376,250,240,134" oya="0" hai0="89,16,51,19,30,57,132,67,76,110,10,130,133" hai1="69,61,13,4,77,40,6,46,45,78,34,18,56" hai2="21,122,101,29,129,121,48,108,17,72,94,60,134" hai3="92,74,1,50,39,125,32,12,87,64,25,116,27"/><T20/><D76/><U82/><E69/><V52/><F108/><W31/><G39/><T0/><D110/><U49/><E34/><V135/><F129/><W79/><G116/><T26/><D130/><U59/><E46/><V98/><F72/><W91/><G125/><T5/><D89/><U24/><E24/><V120/><F60/><W111/><G111/><T103/><D103/><U88/><E59/><V119/><F29/><W44/><G1/><T118/><D118/><U28/><E28/><V41/><F41/><W71/><G27/><T43/><D67/><U7/><E82/><V70/><F70/><W107/><G107/><T102/><D102/><U105/><E88/><V65/><F65/><W3/><G3/><T35/><D57/><U75/><E105/><V66/><F66/><W63/><G12/><N who="0" m="9223" /><D19/><U84/><E84/><V96/><F96/><W115/><G115/><T124/><D124/><U83/><E83/><V15/><REACH who="2" step="1"/><F119/><REACH who="2" ten="376,250,230,134" step="2"/><W33/><G74/><T37/><D37/><U53/><REACH who="1" step="1"/><E75/><REACH who="1" ten="376,240,230,134" step="2"/><V90/><F90/><W131/><G131/><T8/><D30/><U11/><AGARI ba="1,2" hai="4,6,7,11,13,18,40,45,49,53,56,61,77,78" machi="11" ten="30,8000,1" yaku="1,1,2,1,0,1,8,1,52,1,53,0" doraHai="36" doraHaiUra="62" who="1" fromWho="1" sc="376,-41,240,103,230,-21,134,-21" /><INIT seed="1,0,0,0,4,88" ten="335,343,209,113" oya="1" hai0="122,8,68,90,47,133,69,123,46,16,71,118,5" hai1="101,43,89,66,23,29,134,30,92,56,19,128,64" hai2="127,70,87,32,33,72,78,42,4,21,2,119,112" hai3="17,28,15,115,67,96,84,51,99,105,38,110,27"/><U76/><E128/><V22/><F119/><W36/><G115/><T37/><D118/><U6/><E134/><V86/><F112/><W40/><G110/><T3/><D133/><U0/><E43/><V95/><F127/><W103/><G67/><N who="1" m="25642" /><E0/><V9/><F70/><W59/><G96/><T113/><D113/><U60/><E6/><V7/><F42/><W120/><G120/><N who="0" m="46123" /><D37/><U77/><E101/><V49/><F49/><W45/><G84/><T102/><D102/><U135/><E135/><V125/><F125/><W50/><G59/><T10/><D90/><U85/><E60/><V11/><F72/><W117/><G38/><T75/><D75/><U73/><E56/><V116/><F116/><W81/><G81/><T58/><D58/><U41/><E41/><V12/><F78/><N who="1" m="30313" /><E73/><V35/><REACH who="2" step="1"/><F86/><REACH who="2" ten="335,343,199,113" step="2"/><W61/><G117/><T83/><D71/><U24/><AGARI ba="0,1" hai="19,23,24,29,30,85,89,92" m="30313,25642" machi="24" ten="30,3000,0" yaku="8,1,52,1" doraHai="88" who="1" fromWho="1" sc="335,-10,343,40,199,-10,113,-10" /><INIT seed="1,1,0,0,4,17" ten="325,383,189,103" oya="1" hai0="36,73,5,3,128,121,70,13,39,53,111,90,34" hai1="112,87,16,103,0,23,22,78,129,131,4,116,85" hai2="33,117,135,69,8,52,107,86,81,115,24,122,109" hai3="77,84,123,130,50,11,88,35,126,46,92,62,55"/><U14/><E112/><V83/><F69/><W75/><G123/><T66/><D121/><U58/><E116/><V95/><F117/><W48/><G130/><N who="1" m="49674" /><E103/><V18/><F122/><W63/><G126/><T79/><D34/><U2/><E78/><V114/><F109/><W82/><G35/><T98/><D111/><U99/><E99/><V61/><F135/><W102/><G102/><T40/><D3/><N who="1" m="1067" /><E4/><V127/><F107/><W93/><G11/><T120/><D120/><U28/><E58/><N who="2" m="35015" /><F127/><W125/><G125/><T7/><D79/><U124/><E124/><V56/><F33/><W100/><REACH who="3" step="1"/><G50/><REACH who="3" ten="325,383,189,93" step="2"/><T64/><D39/><U72/><E72/><V1/><F8/><W44/><G44/><T133/><D36/><U74/><E74/><V43/><F115/><W47/><G47/><T25/><D73/><U101/><E101/><V54/><F114/><W51/><G51/><T12/><D128/><U76/><E76/><V26/><F1/><W19/><G19/><T104/><D133/><U49/><E49/><N who="2" m="30799" /><F43/><W96/><AGARI ba="1,1" hai="46,48,55,62,63,75,77,82,84,88,92,93,96,100" machi="96" ten="30,7900,0" yaku="1,1,0,1,54,1,53,1" doraHai="17" doraHaiUra="97" who="3" fromWho="3" sc="325,-21,383,-40,189,-21,93,92" /><INIT seed="2,0,0,0,2,7" ten="304,343,168,185" oya="2" hai0="108,16,1,57,67,23,15,80,78,88,21,95,2" hai1="6,123,99,22,101,43,52,97,117,86,130,103,111" hai2="33,71,44,105,85,37,77,46,89,127,48,10,115" hai3="63,19,53,112,35,75,79,45,122,131,0,40,4"/><V116/><F115/><W110/><G122/><T59/><D108/><U104/><E117/><V27/><F116/><W32/><G110/><T92/><D92/><U65/><E111/><V124/><F71/><W132/><G112/><T50/><D23/><U28/><E123/><V84/><F105/><W74/><G132/><T90/><D90/><U94/><E130/><V31/><F37/><N who="3" m="21647" /><G19/><T18/><D18/><U26/><E43/><V55/><F44/><W133/><G131/><T82/><D82/><U109/><E109/><V8/><F77/><W58/><G133/><T98/><D67/><U135/><E135/><V107/><F107/><W3/><G3/><T134/><D134/><U12/><E65/><V128/><F128/><W66/><G53/><T119/><D119/><U62/><E86/><V5/><F85/><W11/><G75/><T9/><D50/><U49/><E62/><V120/><F120/><W91/><G91/><T93/><D93/><U64/><E64/><V106/><F106/><W69/><G58/><T126/><D126/><N who="2" m="48170" /><F5/><W96/><G96/><T83/><D83/><AGARI ba="0,0" hai="8,10,27,31,33,46,48,55,83,84,89" m="48170" machi="83" ten="30,5800,0" yaku="18,1,52,2" doraHai="7" who="2" fromWho="0" sc="304,-58,343,0,168,58,185,0" /><AGARI ba="0,0" hai="0,4,11,32,35,63,66,69,74,79,83" m="21647" machi="83" ten="30,7700,0" yaku="25,1,33,2,52,1" doraHai="7" who="3" fromWho="0" sc="246,-77,343,0,226,0,185,77" /><INIT seed="2,1,0,3,4,109" ten="169,343,226,262" oya="2" hai0="39,14,22,13,132,51,100,119,41,5,62,44,75" hai1="37,9,57,104,94,53,76,125,16,17,74,91,0" hai2="60,67,42,112,3,59,86,1,96,80,85,6,7" hai3="101,58,12,73,10,108,89,98,122,77,71,33,95"/><V124/><F112/><W116/><G71/><T54/><D119/><U24/><E104/><V78/><F124/><W63/><G116/><T20/><D132/><U127/><E37/><V129/><F129/><W123/><G108/><T56/><D75/><U128/><E128/><V64/><F42/><W106/><G33/><T90/><D100/><U79/><E24/><V99/><F64/><W102/><G77/><N who="1" m="29770" /><E9/><V117/><F117/><W93/><G73/><T34/><D34/><U113/><E0/><V46/><F46/><W61/><G61/><T49/><D39/><U130/><E113/><V47/><F47/><W82/><G82/><T121/><D121/><U35/><E35/><V23/><F1/><W11/><G11/><T15/><D5/><N who="2" m="1546" /><F3/><W115/><G115/><T50/><D41/><U83/><E83/><N who="2" m="47351" /><F23/><W72/><G72/><T70/><D70/><U87/><E74/><V18/><F18/><W19/><G106/><T28/><D44/><U38/><E38/><V68/><F68/><W120/><REACH who="3" step="1"/><G95/><REACH who="3" ten="169,343,226,252" step="2"/><T36/><D36/><U126/><E130/><V103/><F103/><W25/><G25/><T52/><D90/><AGARI ba="1,1" hai="59,60,67,80,86,90,96,99" m="47351,1546" machi="90" ten="30,1500,0" yaku="8,1" doraHai="109" who="2" fromWho="0" sc="169,-18,343,0,226,28,252,0" /><INIT seed="2,2,0,2,4,83" ten="151,343,254,252" oya="2" hai0="73,55,23,46,74,36,71,18,56,21,42,87,3" hai1="10,12,60,79,49,2,131,106,107,15,122,39,76" hai2="9,130,30,132,128,129,7,58,51,98,61,37,81" hai3="26,44,32,25,124,125,127,104,16,100,103,80,116"/><V67/><F37/><W11/><G116/><T133/><D133/><U86/><E39/><V29/><F132/><W90/><G44/><T120/><D120/><U126/><E2/><V64/><F67/><W57/><G57/><T24/><D3/><U134/><E134/><V34/><F34/><W111/><G111/><T115/><D115/><U33/><E33/><V135/><F135/><W19/><G104/><T17/><D71/><U72/><E72/><V63/><F61/><W110/><G110/><T38/><D38/><U65/><E49/><V82/><F98/><W68/><G68/><T123/><D123/><U31/><E31/><N who="2" m="11787" /><F51/><W89/><G32/><T20/><D20/><U41/><E60/><V4/><F4/><W99/><G99/><T97/><D97/><U48/><E107/><V13/><AGARI ba="2,0" hai="7,9,13,58,63,64,81,82,128,129,130" m="11787" machi="13" ten="40,2100,0" yaku="19,1" doraHai="83" who="2" fromWho="2" sc="151,-9,343,-9,254,27,252,-9" /><INIT seed="2,3,0,4,4,38" ten="142,334,281,243" oya="2" hai0="128,35,110,21,108,121,118,69,16,100,88,60,106" hai1="53,59,103,117,23,18,52,15,3,40,93,25,133" hai2="102,113,10,130,55,99,111,39,0,19,66,77,129" hai3="47,30,42,109,104,68,13,76,132,135,71,22,74"/><V28/><F113/><W94/><G104/><T12/><D121/><U17/><E117/><V9/><F111/><W41/><G109/><T87/><D118/><U58/><E3/><V6/><F39/><W124/><G124/><T46/><D128/><N who="2" m="49258" /><F66/><W20/><G94/><T98/><D35/><U101/><E40/><N who="3" m="15466" /><G47/><T27/><D46/><U26/><E133/><N who="3" m="51274" /><G13/><T32/><D32/><U72/><E72/><V63/><F28/><W37/><G37/><T14/><D110/><U97/><E101/><V75/><F19/><W80/><G22/><T134/><D108/><U8/><E26/><AGARI ba="3,0" hai="20,26,30,68,71,74,76,80" m="51274,15466" machi="26" ten="30,7700,0" yaku="20,1,52,3" doraHai="38" who="3" fromWho="1" sc="142,0,334,-86,281,0,243,86" /><INIT seed="3,0,0,3,4,99" ten="142,248,281,329" oya="3" hai0="135,44,105,91,119,85,93,28,118,9,61,58,43" hai1="64,71,5,35,79,63,101,96,37,126,98,24,4" hai2="62,6,41,50,18,7,88,32,11,49,110,31,14" hai3="125,121,107,123,67,17,109,82,113,8,57,95,69"/><W94/><G107/><T30/><D135/><U47/><E126/><V38/><F110/><W40/><G113/><T90/><D119/><U100/><E79/><V55/><F38/><W87/><G69/><T92/><D118/><U84/><E84/><V10/><F41/><W56/><G125/><T122/><D105/><N who="1" m="63623" /><E47/><V77/><F77/><W1/><G109/><T134/><D134/><U36/><E5/><V53/><F62/><W115/><G115/><T66/><D122/><U112/><E4/><V83/><F31/><W133/><G133/><T74/><D74/><U106/><E112/><V89/><F32/><W132/><G132/><T103/><D9/><U34/><E34/><V51/><F18/><W73/><G17/><T65/><D65/><U68/><E68/><V72/><F72/><W108/><G73/><T124/><D124/><U130/><E130/><V86/><REACH who="2" step="1"/><F89/><REACH who="2" ten="142,248,271,329" step="2"/><N who="3" m="51447" /><G40/><T46/><D46/><U70/><E70/><V120/><F120/><W81/><G108/><T127/><D127/><U116/><E116/><V2/><AGARI ba="0,1" hai="2,6,7,10,11,14,49,50,51,53,55,83,86,88" machi="2" ten="30,4000,0" yaku="1,1,0,1,54,1,53,0" doraHai="99" doraHaiUra="128" who="2" fromWho="2" sc="142,-10,248,-10,271,50,329,-20" owari="132,-36.8,238,-16.2,321,42.1,309,10.9" /></mjloggm>