<mjloggm ver="2.3"><GO type="225" lobby="0"/><UN n0="%E6%B4%BE%E9%81%A3%E3%81%AE%E3%82%B8%E3%83%A3%E3%83%83%E3%82%AF" n1="%E3%81%B5%E3%81%98%E3%81%8B%E3%81%A4" n2="%4C%4F%4C%49%54%41" n3="%E8%BE%9B%E5%8F%A3%E3%82%AB%E3%83%AC%E3%83%BC%E3%83%A9%E3%82%A4%E3%82%B9" dan="17,16,16,17" rate="2191.92,2159.77,2181.52,2261.78" sx="M,M,F,M"/><TAIKYOKU oya="0"/><INIT seed="0,0,0,4,1,99" ten="250,250,250,250" oya="0" hai0="38,26,126,50,113,14,34,37,4,100,117,77,102" hai1="106,118,62,1,95,93,36,53,48,71,27,121,90" hai2="78,25,19,11,67,79,91,59,115,120,132,116,111" hai3="5,52,103,51,88,30,129,97,24,60,92,43,75"/><T17/><D113/><U107/><E121/><V109/><F115/><W85/><G75/><T65/><D117/><U3/><E118/><V41/><F116/><W82/><G129/><T98/><D77/><U123/><E123/><V108/><F120/><W6/><G43/><T87/><D65/><U76/><E76/><V29/><F132/><W72/><G60/><T81/><D50/><U114/><E114/><V40/><F79/><W131/><G131/><T104/><D126/><U58/><E36/><V119/><F78/><W66/><G66/><T20/><D100/><U42/><E27/><V55/><F67/><W9/><G9/><T16/><D4/><U68/><E95/><V133/><F91/><W110/><G110/><T64/><D64/><U134/><E134/><V7/><F19/><W80/><G80/><T32/><D87/><U63/><E63/><N who="2" m="36351" /><F133/><W35/><G72/><T101/><D81/><U122/><E122/><V61/><F61/><W21/><G35/><T0/><D0/><N who="1" m="75" /><E71/><V44/><F44/><AGARI ba="0,0" hai="5,6,21,24,30,44,51,52,82,85,88,92,97,103" machi="44" ten="30,8000,1" yaku="7,1,8,1,52,1,54,2" doraHai="99" who="3" fromWho="2" sc="250,0,250,0,250,-80,250,80" /><INIT seed="1,0,0,2,2,113" ten="250,250,170,330" oya="1" hai0="29,48,119,93,4,9,55,128,62,26,98,59,61" hai1="81,87,49,130,112,74,44,134,47,42,102,5,33" hai2="88,7,2,12,123,30,28,20,51,76,64,89,16" hai3="43,78,114,68,40,106,70,53,125,41,91,97,13"/><U73/><E112/><V107/><F123/><W82/><G114/><T92/><D119/><U133/><E33/><V104/><F76/><W21/><G125/><T126/><D128/><U96/><E130/><V101/><F64/><W90/><G106/><T37/><D37/><U75/><E5/><V57/><F2/><W77/><G53/><T103/><D126/><U22/><E22/><V58/><F7/><W135/><G135/><T72/><D72/><U83/><E44/><V25/><F104/><W10/><G21/><T52/><D55/><U50/><E50/><V8/><F28/><W32/><G32/><T38/><D38/><U108/><E108/><V3/><F3/><W19/><G78/><T34/><REACH who="0" step="1"/><D93/><REACH who="0" ten="240,250,170,330" step="2"/><U131/><E131/><V118/><F118/><W127/><G127/><T0/><AGARI ba="0,1" hai="0,4,9,26,29,34,48,52,59,61,62,92,98,103" machi="0" ten="20,12000,2" yaku="1,1,2,1,0,1,7,1,54,1,53,1" doraHai="113" doraHaiUra="6" who="0" fromWho="0" sc="240,130,250,-60,170,-30,330,-30" /><INIT seed="2,0,0,0,1,117" ten="370,190,140,300" oya="2" hai0="70,126,8,128,6,66,100,86,30,125,62,129,120" hai1="90,53,81,18,47,44,57,15,45,124,41,133,82" hai2="63,98,108,101,12,49,77,61,60,103,75,3,91" hai3="119,92,54,109,116,127,97,80,36,106,79,131,58"/><V19/><F3/><W31/><G109/><T84/><D100/><U46/><E124/><N who="0" m="47721" /><D30/><U52/><E133/><V85/><F108/><W76/><G127/><T107/><D107/><U1/><E1/><V33/><F33/><W99/><G36/><T32/><D32/><U94/><N who="1" m="11264" /><DORA hai="13" /><U134/><E41/><V16/><F75/><W55/><G131/><N who="0" m="50251" /><D120/><U65/><E134/><V122/><F122/><W68/><G68/><T22/><D22/><U114/><E65/><V11/><F49/><W10/><G31/><T26/><D26/><U67/><E67/><V111/><F111/><W25/><G25/><T78/><D78/><U24/><E24/><V88/><F19/><W113/><G106/><T43/><D43/><U28/><E28/><V23/><F23/><W50/><G79/><T132/><D132/><U93/><E93/><N who="2" m="56639" /><F77/><W37/><G76/><T56/><D70/><U102/><E102/><V34/><F34/><W7/><G116/><T112/><D112/><U115/><E114/><V35/><F35/><W4/><G113/><T104/><D104/><U118/><E118/><V71/><F71/><W9/><G119/><T130/><D130/><U17/><E115/><V21/><F21/><W48/><G7/><T38/><D38/><U83/><E18/><V2/><F2/><AGARI ba="0,0" hai="2,6,8,56,62,66,84,86" m="50251,47721" machi="2" ten="30,2000,0" yaku="18,1,19,1" doraHai="117,13" who="0" fromWho="2" sc="370,20,190,0,140,-20,300,0" /><INIT seed="3,0,0,5,3,82" ten="390,190,120,300" oya="3" hai0="43,92,14,95,44,129,75,83,80,125,98,134,94" hai1="31,60,20,46,131,72,51,81,16,9,107,48,76" hai2="89,68,130,79,1,64,8,61,77,33,54,71,66" hai3="118,2,59,56,22,101,106,73,25,119,121,38,87"/><W84/><G73/><T19/><D125/><U7/><E131/><V30/><F130/><W88/><G121/><T102/><D129/><U57/><E107/><V123/><F123/><W116/><G38/><T0/><D0/><U4/><E31/><V49/><F33/><W47/><G2/><T124/><D134/><U97/><E97/><V53/><F30/><W122/><G122/><T100/><D124/><U93/><E93/><N who="0" m="35945" /><D75/><U12/><E4/><V120/><F120/><W11/><G11/><N who="0" m="6623" /><D102/><U18/><E18/><V69/><F69/><W58/><G47/><T34/><D34/><U55/><REACH who="1" step="1"/><E46/><REACH who="1" ten="390,180,120,300" step="2"/><V26/><F26/><AGARI ba="0,1" hai="7,9,12,16,20,26,48,51,55,57,60,72,76,81" machi="26" ten="30,7700,0" yaku="1,1,2,1,7,1,54,1,53,0" doraHai="82" doraHaiUra="63" who="1" fromWho="2" sc="390,0,180,87,120,-77,300,0" owari="390,49.0,267,-13.3,43,-45.7,300,10.0" /></mjloggm>