<mjloggm ver="2.3"><GO type="225" lobby="0"/><UN n0="%E3%81%BF%E3%81%BF%E3%81%9A" n1="%E3%82%B2%E3%82%B9%E8%8C%82%E5%8B%9D" n2="%72%69%6F%75%63%68%61%6E" n3="%E3%81%82%E3%81%99%E3%81%AB%E3%82%83%E3%82%80" dan="16,16,17,16" rate="2143.97,2044.49,2148.57,2119.39" sx="M,F,M,F"/><TAIKYOKU oya="0"/><INIT seed="0,0,0,2,1,86" ten="250,250,250,250" oya="0" hai0="2,135,26,83,58,50,84,47,7,93,96,39,29" hai1="115,71,91,30,121,126,45,82,24,80,18,33,54" hai2="13,94,129,60,37,73,66,67,12,57,128,111,27" hai3="43,132,116,23,70,87,112,55,79,119,98,65,102"/><T75/><D75/><U120/><E71/><V114/><F111/><W14/><G112/><T124/><D124/><U25/><E115/><V69/><F114/><W89/><G79/><T42/><D135/><U118/><E118/><V64/><F37/><W32/><G32/><T100/><D2/><U122/><E126/><V51/><F73/><W108/><G108/><T131/><D131/><N who="2" m="50250" /><F27/><W35/><G35/><T62/><D7/><U15/><E24/><V109/><F109/><W40/><G132/><T72/><D72/><U74/><E74/><V88/><F51/><W78/><G78/><T103/><D39/><U20/><E45/><V133/><F133/><W125/><G55/><T22/><D103/><U61/><REACH who="1" step="1"/><E91/><REACH who="1" ten="250,240,250,250" step="2"/><V56/><F69/><W107/><G125/><T3/><D3/><U8/><E8/><V38/><F38/><W59/><G70/><T127/><D127/><U11/><E11/><V85/><F56/><AGARI ba="0,1" hai="15,18,20,25,30,33,54,56,61,80,82,120,121,122" machi="56" ten="40,1300,0" yaku="1,1,53,0" doraHai="86" doraHaiUra="46" who="1" fromWho="2" sc="250,0,240,23,250,-13,250,0" /><INIT seed="1,0,0,0,4,10" ten="250,263,237,250" oya="1" hai0="19,70,35,33,97,20,94,71,60,58,135,99,21" hai1="31,91,27,96,5,45,6,100,61,15,37,105,26" hai2="93,44,111,28,49,73,92,130,134,76,25,13,118" hai3="43,87,120,86,125,8,65,90,89,22,9,17,119"/><U110/><E110/><V56/><F118/><W29/><G120/><T24/><D135/><U116/><E116/><V108/><F134/><W52/><G125/><T122/><D122/><U123/><E123/><V95/><F130/><W82/><G43/><T34/><D21/><U66/><E91/><V2/><F2/><W0/><G65/><T128/><D128/><U57/><E26/><V3/><F3/><W53/><G29/><T18/><D19/><U74/><E74/><V124/><F124/><W102/><G102/><T62/><D97/><U67/><E66/><V59/><F13/><N who="3" m="9519" /><G0/><T50/><D50/><U75/><E75/><V78/><F78/><W64/><G64/><T63/><REACH who="0" step="1"/><D58/><REACH who="0" ten="240,263,237,250" step="2"/><U98/><E96/><V4/><F56/><W41/><G119/><T106/><D106/><U54/><E37/><V7/><F59/><W40/><G8/><T48/><D48/><U1/><E67/><V32/><F111/><W81/><G9/><T11/><D11/><U51/><E51/><V47/><F108/><W117/><G117/><T36/><D36/><U55/><E105/><V109/><F109/><W38/><G38/><T68/><D68/><U72/><E98/><V133/><F133/><W104/><G104/><T132/><D132/><U85/><E57/><V69/><F69/><W115/><G115/><T126/><D126/><U46/><E61/><V121/><F121/><W83/><G40/><T129/><D129/><U112/><E112/><V84/><F49/><W23/><G41/><T16/><D16/><U42/><E42/><V79/><F44/><W127/><G127/><RYUUKYOKU ba="0,1" sc="240,30,263,-10,237,-10,250,-10" hai0="18,20,24,33,34,35,60,62,63,70,71,94,99" /><INIT seed="2,1,1,2,1,0" ten="270,253,227,240" oya="2" hai0="80,25,103,18,23,50,32,131,15,108,20,14,111" hai1="122,67,53,57,8,72,64,114,121,85,127,91,128" hai2="87,4,47,17,46,76,30,48,42,99,9,126,95" hai3="124,81,24,58,31,3,11,2,39,65,55,13,51"/><V132/><F126/><W106/><G39/><T63/><D103/><U113/><E72/><V16/><F132/><W97/><G124/><T26/><D63/><U69/><E8/><V102/><F30/><W19/><G81/><T83/><D50/><N who="1" m="30903" /><E127/><V59/><F59/><W35/><G65/><N who="1" m="25162" /><E91/><V96/><F46/><W130/><G130/><T12/><D131/><U115/><E85/><V125/><F125/><W78/><REACH who="3" step="1"/><G78/><REACH who="3" ten="270,253,227,230" step="2"/><T1/><D83/><U117/><E128/><V44/><F44/><W54/><G54/><T71/><D80/><U34/><E34/><V7/><F76/><W29/><G29/><N who="0" m="19503" /><D71/><U79/><E79/><V134/><F134/><W105/><G105/><T86/><D111/><U98/><E117/><V92/><F87/><W119/><G119/><T68/><D108/><U109/><E109/><V135/><F135/><W129/><G129/><T60/><D86/><U27/><E69/><V118/><F118/><W75/><G75/><T38/><D38/><U101/><E113/><V5/><REACH who="2" step="1"/><F9/><REACH who="2" ten="270,253,217,230" step="2"/><W41/><G41/><T70/><D70/><U120/><E114/><V104/><F104/><W6/><G6/><T74/><D68/><U123/><E123/><V107/><F107/><W61/><G61/><T52/><D60/><U66/><E115/><V37/><F37/><W133/><G133/><T100/><D74/><U77/><E77/><V36/><F36/><W40/><G40/><T33/><D33/><U94/><E66/><V89/><AGARI ba="1,3" hai="4,5,7,16,17,42,47,48,89,92,95,96,99,102" machi="89" ten="30,18000,2" yaku="1,1,0,1,8,1,52,3,54,1,53,0" doraHai="0" doraHaiUra="56" who="2" fromWho="2" sc="270,-61,253,-61,217,213,230,-61" /><INIT seed="2,2,0,1,2,101" ten="209,192,430,169" oya="2" hai0="78,115,126,68,29,16,55,122,111,102,12,84,24" hai1="86,100,10,134,61,109,129,108,25,34,93,105,28" hai2="75,62,119,118,69,7,47,81,57,94,8,103,53" hai3="26,124,82,11,77,0,112,96,33,83,71,123,17"/><V44/><F69/><W21/><G71/><T91/><D122/><U41/><E129/><V80/><F119/><W4/><G123/><T66/><D115/><U99/><E134/><V59/><F118/><W114/><G124/><T95/><D111/><N who="1" m="42571" /><E41/><V65/><F103/><W73/><G96/><T76/><D126/><U58/><E10/><V20/><F94/><W22/><G83/><T98/><D55/><N who="1" m="34015" /><E86/><V1/><F20/><W5/><G5/><T128/><D128/><U42/><E42/><V50/><REACH who="2" step="1"/><F81/><REACH who="2" ten="209,192,420,169" step="2"/><W113/><REACH who="3" step="1"/><G22/><REACH who="3" ten="209,192,420,159" step="2"/><N who="0" m="15511" /><D68/><U14/><E14/><V63/><F63/><W90/><G90/><T23/><D66/><U60/><E60/><V104/><F104/><AGARI ba="2,2" hai="25,28,34,93,99,100,104,105" m="34015,42571" machi="104" ten="30,3900,0" yaku="14,1,52,2" doraHai="101" who="1" fromWho="2" sc="209,0,192,65,420,-45,159,0" /><INIT seed="3,0,0,1,0,77" ten="209,257,375,159" oya="3" hai0="27,33,116,31,130,111,98,121,3,8,62,126,59" hai1="55,57,104,14,46,80,9,113,99,123,25,43,49" hai2="89,114,30,18,32,26,48,102,16,97,37,13,39" hai3="72,85,82,124,132,67,54,83,73,44,92,120,66"/><W23/><G120/><T79/><D116/><U20/><E123/><V45/><F114/><W131/><G131/><T128/><D121/><U70/><E113/><V108/><F108/><W76/><G132/><T68/><D111/><U90/><E70/><V21/><F89/><N who="3" m="53295" /><G72/><T29/><D126/><U34/><E34/><V36/><F18/><W71/><G71/><T12/><D31/><U91/><E104/><V69/><F69/><W135/><G73/><T24/><D24/><U101/><E101/><V53/><F36/><W15/><G135/><T58/><D3/><U106/><E106/><AGARI ba="0,0" hai="13,16,21,26,30,32,37,39,45,48,53,97,102,106" machi="106" ten="30,2000,0" yaku="7,1,54,1" doraHai="77" who="2" fromWho="1" sc="209,0,257,-20,375,20,159,0" owari="209,-19.1,237,3.7,395,49.5,159,-34.1" /></mjloggm>