<mjloggm ver="2.3"><GO type="225" lobby="0"/><UN n0="%E5%8D%A0%E3%81%84%E5%B8%AB%E8%A3%8F%E3%81%AA%E3%81%84%E3%81%97" n1="%4C%4F%4C%49%54%41" n2="%28%EF%BF%A3%E2%96%BD%EF%BF%A3%29%CE%B4%E2%8C%92%E3%83%BB" n3="%E5%B8%86%E7%AB%8B%E5%A4%8F%E8%A1%A3" dan="17,16,16,16" rate="2188.19,2174.77,2097.49,2190.43" sx="M,F,M,M"/><TAIKYOKU oya="0"/><INIT seed="0,0,0,1,5,52" ten="250,250,250,250" oya="0" hai0="108,0,66,9,46,53,2,116,77,78,6,134,128" hai1="118,16,83,135,79,113,10,18,104,60,81,129,61" hai2="102,122,87,80,88,34,56,106,19,86,112,95,48" hai3="98,33,58,71,119,7,93,51,37,91,124,105,133"/><T111/><D116/><U43/><E118/><V62/><F34/><W107/><G119/><T82/><D128/><U49/><E104/><V123/><F112/><W127/><G71/><T132/><D66/><U13/><E135/><N who="0" m="51753" /><D0/><U64/><E129/><V8/><F106/><W100/><G37/><T57/><D46/><N who="1" m="25823" /><E113/><V39/><F39/><W121/><G121/><T28/><D28/><U44/><E44/><V42/><F123/><W26/><G7/><T84/><D78/><U12/><E79/><N who="2" m="46367" /><F122/><W101/><G133/><T35/><D35/><U31/><E31/><V54/><F102/><N who="3" m="39531" /><G26/><T25/><D25/><U69/><E69/><V40/><F48/><AGARI ba="0,0" hai="2,6,9,48,53,57,77,82,84,108,111" m="51753" machi="48" ten="30,2900,0" yaku="20,1,52,1" doraHai="52" who="0" fromWho="2" sc="250,29,250,0,250,-29,250,0" /><INIT seed="0,1,0,1,4,131" ten="279,250,221,250" oya="0" hai0="77,17,30,127,5,60,122,1,2,14,87,92,23" hai1="4,71,132,101,15,79,123,64,27,128,84,18,41" hai2="47,8,83,35,94,37,56,3,40,133,63,107,120" hai3="126,115,7,43,26,76,81,45,135,44,119,12,134"/><T31/><D122/><U50/><E123/><V67/><F107/><W91/><G115/><T90/><D127/><U105/><E128/><V66/><F120/><W54/><G119/><T97/><D1/><U75/><E75/><V99/><F35/><W62/><G126/><T52/><D2/><U10/><E71/><V65/><F133/><N who="3" m="50699" /><G91/><T93/><D5/><U113/><E64/><V59/><F59/><N who="3" m="35191" /><G26/><T125/><D125/><U121/><E113/><V13/><F3/><W112/><G112/><T104/><D104/><U53/><E105/><V48/><F37/><W129/><G129/><T73/><D73/><U6/><E27/><V22/><F83/><W96/><G96/><T100/><D77/><U24/><E24/><V98/><F22/><W70/><G70/><T21/><D21/><U106/><E79/><V32/><F32/><W80/><G43/><T39/><D39/><U25/><E41/><V49/><F49/><W51/><G51/><T85/><D85/><U38/><E38/><V130/><F130/><W29/><G29/><T9/><D23/><U69/><E69/><V108/><F108/><W95/><G95/><T28/><D30/><U111/><E111/><V78/><F78/><W36/><G36/><T88/><D90/><U0/><E132/><V68/><F68/><W114/><G114/><T16/><D17/><U82/><E25/><V118/><F118/><W102/><G102/><T33/><D33/><U89/><E121/><V116/><F116/><W124/><G124/><T74/><D74/><U46/><E0/><V58/><F40/><W42/><G42/><RYUUKYOKU ba="1,0" sc="279,15,250,15,221,-15,250,-15" hai0="9,14,16,28,31,52,60,87,88,92,93,97,100" hai1="4,6,10,15,18,46,50,53,82,84,89,101,106" /><INIT seed="0,2,0,4,1,88" ten="294,265,206,235" oya="0" hai0="65,125,118,86,96,91,112,10,99,72,74,0,106" hai1="114,17,48,15,35,44,1,36,57,13,109,18,54" hai2="53,116,132,102,32,49,19,98,6,28,45,123,39" hai3="9,31,55,2,126,63,40,69,68,67,16,3,85"/><T128/><D112/><U90/><E1/><V89/><F116/><W14/><G126/><T52/><D118/><U103/><E35/><V42/><F123/><W130/><G130/><T62/><D125/><U111/><E114/><V81/><F132/><W71/><G40/><T97/><D106/><U80/><E103/><V92/><F6/><W11/><G31/><T51/><D128/><U56/><E80/><V47/><F19/><N who="1" m="7177" /><E90/><V105/><F81/><W76/><G76/><T77/><D77/><U23/><E23/><V133/><F133/><W107/><G107/><T120/><D10/><U121/><E121/><V33/><REACH who="2" step="1"/><F28/><REACH who="2" ten="294,265,196,235" step="2"/><W7/><G2/><T58/><D0/><U50/><E109/><V100/><F100/><W4/><G4/><T20/><D120/><U34/><E111/><V87/><AGARI ba="2,1" hai="32,33,39,42,45,47,49,53,87,89,92,98,102,105" machi="87" ten="20,5200,0" yaku="1,1,0,1,7,1,52,1,53,0" doraHai="88" doraHaiUra="104" who="2" fromWho="2" sc="294,-28,265,-15,196,68,235,-15" /><INIT seed="1,0,0,3,1,115" ten="266,250,264,220" oya="1" hai0="25,24,82,86,89,109,30,49,107,122,134,28,81" hai1="104,85,56,110,84,63,20,87,44,117,132,13,123" hai2="73,60,23,19,75,111,88,62,121,18,41,26,57" hai3="105,93,67,120,22,31,90,65,91,114,8,0,36"/><U32/><E123/><V77/><F121/><W37/><G120/><T21/><D109/><U130/><E32/><V47/><F111/><W54/><G105/><T98/><D134/><U80/><E110/><V14/><F77/><W16/><G114/><T102/><D122/><U52/><E104/><V64/><F62/><W7/><G31/><T51/><REACH who="0" step="1"/><D82/><REACH who="0" ten="256,250,264,220" step="2"/><U5/><E132/><V129/><F129/><W79/><G79/><T135/><D135/><U12/><E130/><V11/><REACH who="2" step="1"/><F88/><REACH who="2" ten="256,250,254,220" step="2"/><W95/><G91/><T45/><D45/><U3/><E44/><V34/><F34/><AGARI ba="0,2" hai="21,24,25,28,30,34,49,51,81,86,89,98,102,107" machi="34" ten="30,3900,0" yaku="1,1,7,1,53,1" doraHai="115" doraHaiUra="17" who="0" fromWho="2" sc="256,59,250,0,254,-39,220,0" /><INIT seed="2,0,0,3,0,108" ten="315,250,215,220" oya="2" hai0="45,62,7,115,48,13,99,125,63,64,61,2,37" hai1="89,127,109,4,11,119,73,53,106,77,93,75,120" hai2="130,56,135,17,32,110,74,22,85,116,95,28,104" hai3="42,84,58,43,123,25,6,52,72,129,9,19,96"/><V122/><F74/><W3/><G72/><T113/><D2/><U26/><E119/><V71/><F71/><W44/><G123/><T82/><D82/><U90/><E106/><V31/><F104/><W41/><G129/><T102/><D7/><U76/><E26/><V98/><F116/><W101/><G84/><T51/><D13/><U132/><E109/><V133/><F110/><W49/><G19/><T91/><D91/><U68/><E68/><V33/><F85/><W117/><G25/><T134/><D99/><U105/><E105/><V36/><F36/><W103/><G117/><T124/><D102/><U30/><E30/><N who="2" m="11307" /><F56/><W39/><REACH who="3" step="1"/><G103/><REACH who="3" ten="315,250,215,210" step="2"/><T70/><D70/><U121/><E73/><V8/><F122/><W86/><G86/><T15/><D125/><U59/><E127/><V12/><F130/><W20/><G20/><T83/><D124/><U114/><E75/><V67/><F67/><W40/><G40/><T23/><D23/><U112/><E121/><V29/><N who="2" m="11315" /><V14/><DORA hai="69" /><F98/><W88/><G88/><T5/><D64/><U1/><E90/><V78/><F78/><W128/><G128/><T131/><D131/><U66/><E120/><V126/><F126/><W38/><G38/><T87/><D37/><U79/><E66/><V54/><F54/><W55/><G55/><T97/><D87/><U50/><E79/><V0/><F95/><AGARI ba="0,1" hai="3,6,9,39,41,42,43,44,49,52,58,95,96,101" machi="95" ten="30,7700,0" yaku="1,1,7,1,52,1,54,1,53,0" doraHai="108,69" doraHaiUra="65,24" who="3" fromWho="2" sc="315,0,250,0,215,-77,210,87" /><INIT seed="3,0,0,1,5,109" ten="315,250,138,297" oya="3" hai0="19,35,125,49,92,63,64,37,66,17,91,112,16" hai1="51,128,21,87,0,15,9,107,53,84,94,83,124" hai2="113,68,56,57,65,60,89,121,36,32,6,88,39" hai3="8,31,54,27,103,26,62,123,114,116,43,4,99"/><W24/><G116/><T59/><D37/><U48/><E107/><V120/><F32/><W119/><G119/><T134/><D35/><U117/><E117/><V22/><F6/><W47/><G123/><N who="2" m="47177" /><F22/><W70/><G114/><T108/><D108/><U12/><E0/><V58/><F89/><W25/><G70/><T33/><D112/><U101/><E124/><V93/><F93/><W74/><G74/><T85/><D134/><U69/><E69/><V77/><F77/><W71/><G71/><T42/><D33/><U130/><E128/><V30/><F30/><W105/><G62/><T29/><D29/><U34/><E130/><V81/><F81/><W129/><G129/><T135/><D125/><U78/><E51/><V90/><F88/><W79/><G79/><T82/><D135/><U18/><E34/><V75/><F90/><W126/><G126/><T115/><D115/><U7/><E84/><V46/><F75/><W13/><G54/><N who="0" m="34295" /><D92/><U76/><E76/><V96/><F96/><W20/><REACH who="3" step="1"/><G26/><REACH who="3" ten="315,250,138,287" step="2"/><T98/><D98/><U41/><E78/><V132/><F113/><W1/><G1/><T61/><D61/><U72/><E72/><V95/><F132/><W11/><G11/><T80/><D80/><U50/><E83/><V2/><F2/><W14/><G14/><T106/><D106/><U100/><E12/><V133/><F133/><W55/><G55/><T23/><D23/><U52/><E21/><V111/><F95/><W104/><G104/><T118/><D118/><U127/><E94/><V86/><F111/><W122/><G122/><T45/><AGARI ba="0,1" hai="16,17,19,42,45,49,64,66,82,85,91" m="34295" machi="45" ten="30,4000,0" yaku="5,1,8,1,54,1" doraHai="109" who="0" fromWho="0" sc="315,50,250,-10,138,-10,287,-20" owari="365,46.5,240,-16.0,128,-37.2,267,6.7" /></mjloggm>