<mjloggm ver="2.3"><GO type="225" lobby="0"/><UN n0="%E3%83%81%E3%83%83%E3%82%BF%E3%82%BD%E3%83%BC" n1="%E3%81%AF%E3%82%88%E3%81%8A%E3%81%98%E3%81%95%E3%82%93" n2="%79%75%72%69%6D%6F%67" n3="%E5%82%8D%E8%8B%A5%E7%84%A1%E4%BA%BA%35%31" dan="17,17,16,16" rate="2207.52,2161.85,2108.47,2126.09" sx="F,M,F,M"/><TAIKYOKU oya="0"/><INIT seed="0,0,0,5,0,63" ten="250,250,250,250" oya="0" hai0="102,119,14,52,105,59,24,17,3,61,106,6,129" hai1="72,132,74,64,135,9,88,42,85,11,127,2,109" hai2="49,32,71,122,121,34,111,8,50,54,21,133,5" hai3="83,113,56,25,46,67,51,15,116,82,98,112,47"/><T43/><D129/><U120/><E120/><V40/><F111/><W99/><G116/><T80/><D119/><U62/><E42/><V35/><F133/><N who="1" m="51273" /><E127/><V28/><F40/><W1/><G1/><T66/><D43/><U60/><E60/><V123/><F71/><W86/><G113/><T101/><D3/><U125/><E125/><V75/><F75/><N who="1" m="28713" /><E2/><V29/><F21/><W38/><G112/><T108/><D108/><U26/><E26/><V16/><F16/><W115/><G83/><T33/><D6/><U4/><E4/><V48/><REACH who="2" step="1"/><F54/><REACH who="2" ten="250,250,240,250" step="2"/><N who="3" m="30071" /><G115/><T27/><D33/><U77/><E109/><V41/><F41/><W20/><G38/><T57/><D24/><U23/><E23/><V96/><F96/><W18/><G25/><T128/><D27/><U126/><E126/><V37/><F37/><W103/><G47/><T19/><D14/><AGARI ba="0,1" hai="5,8,14,28,29,32,34,35,48,49,50,121,122,123" machi="14" ten="50,6400,0" yaku="1,1,29,2,53,0" doraHai="63" doraHaiUra="22" who="2" fromWho="0" sc="250,-64,250,0,240,74,250,0" /><INIT seed="1,0,0,4,1,67" ten="186,250,314,250" oya="1" hai0="10,51,122,104,111,50,125,28,41,72,94,11,57" hai1="65,0,53,126,99,123,56,31,86,17,116,60,133" hai2="58,87,69,70,101,103,98,52,35,110,119,5,4" hai3="20,63,114,68,117,30,92,127,135,9,134,83,79"/><U12/><E123/><V47/><F119/><W115/><G92/><T89/><D111/><U48/><E116/><V82/><F35/><W27/><G9/><T29/><D125/><U45/><E126/><V55/><F110/><W7/><G7/><T2/><D104/><U129/><E129/><V49/><F5/><W38/><G38/><T1/><D57/><U124/><E133/><N who="3" m="50698" /><G117/><T14/><D72/><U77/><E0/><V132/><F4/><W40/><G40/><T19/><D122/><U96/><E31/><V33/><F33/><W32/><G20/><T61/><D61/><U44/><E124/><V73/><F73/><N who="3" m="43503" /><G127/><T64/><D41/><U81/><REACH who="1" step="1"/><E44/><REACH who="1" ten="186,240,314,250" step="2"/><V24/><F132/><W34/><G34/><T37/><D2/><U71/><E71/><V3/><F3/><W36/><G36/><T15/><D1/><U100/><E100/><V131/><F103/><W16/><G16/><T75/><D37/><U18/><E18/><V23/><F131/><W22/><G22/><AGARI ba="0,1" hai="12,17,22,45,48,53,56,60,65,77,81,86,96,99" machi="22" ten="30,5800,0" yaku="1,1,7,1,8,1,53,0" doraHai="67" doraHaiUra="97" who="1" fromWho="3" sc="186,0,240,68,314,0,250,-58" /><INIT seed="1,1,0,2,1,52" ten="186,308,314,192" oya="1" hai0="69,26,53,90,18,103,101,22,132,130,0,28,20" hai1="7,97,61,65,4,127,42,116,35,33,86,110,111" hai2="50,84,11,98,78,126,31,79,38,128,34,60,2" hai3="107,122,121,39,129,56,124,68,23,81,24,25,99"/><U45/><E116/><V88/><F38/><W120/><G68/><T108/><D108/><N who="1" m="41515" /><E127/><V87/><F34/><N who="1" m="12809" /><E86/><N who="2" m="32811" /><F2/><W41/><G129/><T73/><D132/><U29/><E97/><V9/><F31/><W92/><G107/><T96/><D130/><U6/><E29/><V40/><F126/><W54/><G81/><T72/><D69/><N who="1" m="42159" /><E4/><V94/><F128/><W12/><G124/><T3/><D90/><U71/><E71/><V102/><F102/><W113/><G113/><T10/><D103/><U83/><E83/><V46/><F60/><W8/><G39/><AGARI ba="1,0" hai="6,7,39,42,45" m="42159,12809,41515" machi="39" ten="30,2900,0" yaku="14,1,10,1" doraHai="52" who="1" fromWho="3" sc="186,0,308,32,314,0,192,-32" /><INIT seed="1,2,0,5,5,52" ten="186,340,314,160" oya="1" hai0="34,82,11,135,53,24,94,42,2,29,19,40,111" hai1="99,26,3,44,67,64,103,59,45,23,37,133,107" hai2="28,33,49,122,43,41,21,105,30,47,129,51,124" hai3="97,106,16,35,102,125,110,58,91,10,115,113,70"/><U31/><E3/><V119/><F122/><W92/><G70/><T73/><D111/><U56/><E133/><V104/><F119/><W81/><G110/><T12/><D135/><U6/><E6/><V22/><F33/><W63/><G35/><T96/><D2/><U55/><E37/><V66/><F66/><W79/><G125/><T8/><D8/><U116/><E116/><V75/><F75/><W48/><G48/><T89/><D73/><U39/><E39/><V7/><F7/><W100/><G113/><T90/><D53/><U86/><E86/><V76/><F76/><W98/><G115/><T93/><REACH who="0" step="1"/><D82/><REACH who="0" ten="176,340,314,160" step="2"/><U65/><REACH who="1" step="1"/><E59/><REACH who="1" ten="176,330,314,160" step="2"/><V80/><F124/><W27/><G81/><T69/><D69/><U72/><E72/><V112/><F80/><W18/><G79/><T84/><AGARI ba="2,2" hai="11,12,19,24,29,34,40,42,84,89,90,93,94,96" machi="84" ten="20,2700,0" yaku="1,1,0,1,7,1,53,0" doraHai="52" doraHaiUra="60" who="0" fromWho="0" sc="176,53,330,-15,314,-9,160,-9" /><INIT seed="2,0,0,3,4,11" ten="229,315,305,151" oya="2" hai0="9,88,7,48,15,41,118,29,53,17,44,73,89" hai1="93,85,43,0,30,49,6,18,31,115,100,94,52" hai2="28,64,113,78,103,75,82,62,81,4,59,114,55" hai3="127,122,36,102,38,25,92,96,24,133,105,58,101"/><V71/><F82/><W23/><G122/><T91/><D73/><U110/><E115/><V99/><F4/><W32/><G133/><T8/><D118/><U27/><E110/><V1/><F1/><W123/><G123/><T121/><D121/><U124/><E124/><V14/><F14/><W50/><G127/><T68/><D68/><U112/><E112/><V35/><F59/><W54/><G32/><T132/><D132/><U111/><E111/><V84/><F84/><W135/><G135/><T67/><D67/><U56/><E0/><V60/><F55/><W2/><G2/><T40/><D29/><U12/><E43/><V19/><F19/><W16/><REACH who="3" step="1"/><G24/><REACH who="3" ten="229,315,305,141" step="2"/><T5/><REACH who="0" step="1"/><D5/><REACH who="0" ten="219,315,305,141" step="2"/><U66/><E6/><V126/><F126/><W26/><G26/><T45/><D45/><U47/><E27/><N who="2" m="18847" /><F114/><W65/><G65/><T97/><D97/><AGARI ba="0,2" hai="16,23,25,36,38,50,54,58,92,96,97,101,102,105" machi="97" ten="40,2600,0" yaku="1,1,54,1,53,0" doraHai="11" doraHaiUra="33" who="3" fromWho="0" sc="219,-26,315,0,305,0,141,46" /><INIT seed="3,0,0,5,0,126" ten="193,315,305,187" oya="3" hai0="14,104,102,79,90,127,83,44,65,97,29,82,119" hai1="38,75,130,10,9,120,100,59,13,111,70,98,57" hai2="20,103,110,116,63,68,114,31,8,7,106,24,77" hai3="35,37,11,124,112,49,52,76,17,12,101,45,109"/><W108/><G124/><T53/><D127/><U64/><E120/><V32/><F116/><W23/><G35/><T50/><D119/><U125/><E125/><V42/><F110/><N who="3" m="42603" /><G112/><T15/><D29/><U51/><E38/><V96/><F114/><W62/><G101/><T86/><D65/><U74/><E111/><V55/><F42/><N who="3" m="22735" /><G76/><T26/><D26/><U54/><E70/><V88/><F77/><W56/><G23/><T33/><D33/><U67/><E9/><V89/><F20/><W133/><G133/><T107/><D107/><U36/><E36/><V46/><F46/><W43/><G43/><T73/><AGARI ba="0,0" hai="14,15,44,50,53,73,79,82,83,86,90,97,102,104" machi="73" ten="20,1500,0" yaku="0,1,7,1" doraHai="126" who="0" fromWho="0" sc="193,15,315,-4,305,-4,187,-7" owari="208,-19.2,311,41.1,301,10.1,180,-32.0" /></mjloggm>