<mjloggm ver="2.3"><GO type="225" lobby="0"/><UN n0="%E6%97%A5%E6%9B%9C%E6%97%A5%E3%82%88%E3%82%8A%E3%81%AE%E4%BD%BF%E8%80%85" n1="%E8%81%B7%E6%A5%AD%E3%80%81%E9%A2%A8%32" n2="%E3%81%82%E3%82%93%E3%81%AA%E3%81%A4" n3="%E3%83%A1%E3%82%AC%E3%83%87%E3%82%B8" dan="17,16,16,16" rate="2147.76,2096.52,2118.32,2088.74" sx="M,M,M,F"/><TAIKYOKU oya="0"/><INIT seed="0,0,0,2,1,121" ten="250,250,250,250" oya="0" hai0="21,88,5,63,60,13,128,76,34,132,65,64,99" hai1="2,57,131,4,23,114,79,30,43,126,61,42,117" hai2="75,78,12,37,105,20,77,95,103,72,102,94,115" hai3="29,82,22,70,67,54,108,109,73,36,119,51,26"/><T118/><D118/><U59/><E117/><V134/><F37/><W81/><G36/><T87/><D34/><U122/><E122/><V0/><F0/><W38/><G38/><T111/><D128/><U7/><E114/><V15/><F20/><W104/><G104/><T55/><D132/><U33/><E33/><V56/><F56/><W84/><G119/><T80/><D111/><N who="3" m="42569" /><G73/><T11/><D21/><U52/><E131/><V31/><F31/><W53/><G51/><T49/><D65/><N who="1" m="39087" /><E2/><V50/><F50/><W27/><G27/><T19/><D5/><N who="1" m="2123" /><E79/><V47/><F105/><W46/><G46/><N who="0" m="28087" /><D64/><U40/><E126/><V133/><F47/><W3/><G3/><T66/><D66/><U18/><E30/><V116/><F116/><W107/><G107/><T35/><D35/><U45/><E45/><V62/><F62/><N who="0" m="23594" /><D99/><U135/><E135/><V25/><F25/><W125/><G125/><T127/><D127/><U17/><E23/><V69/><REACH who="2" step="1"/><F115/><REACH who="2" ten="250,250,240,250" step="2"/><W91/><G22/><T93/><D93/><U120/><E120/><V44/><F44/><W113/><G113/><T8/><D8/><U32/><E32/><V74/><F74/><W85/><G67/><T92/><D92/><U123/><E123/><V83/><F83/><W16/><G29/><T14/><D14/><U89/><E59/><V39/><F39/><W10/><G26/><T86/><D11/><U28/><E28/><V9/><F9/><W124/><G124/><T96/><D13/><U71/><E71/><AGARI ba="0,1" hai="12,15,69,71,72,75,77,78,94,95,102,103,133,134" machi="71" ten="25,8000,1" yaku="1,1,22,2,53,2" doraHai="121" doraHaiUra="97" who="2" fromWho="1" sc="250,0,250,-80,240,90,250,0" /><INIT seed="1,0,0,5,5,10" ten="250,170,330,250" oya="1" hai0="121,20,84,76,82,93,50,75,48,43,5,120,23" hai1="123,57,135,107,41,106,89,67,130,66,42,99,108" hai2="98,101,54,132,59,14,127,40,2,4,109,116,72" hai3="111,100,32,87,124,73,133,81,52,28,9,29,44"/><U92/><E123/><N who="0" m="47177" /><D5/><U21/><E130/><V1/><F109/><W128/><G73/><T7/><D7/><U129/><E129/><V31/><F40/><W0/><G128/><T55/><D43/><U110/><E135/><V18/><F4/><W119/><G111/><N who="1" m="42538" /><E42/><V88/><F31/><W51/><G133/><T71/><D71/><U102/><E41/><V60/><F72/><W26/><G124/><T38/><D38/><U85/><E107/><V105/><F132/><W37/><G37/><T27/><D55/><U94/><E106/><V86/><F116/><W115/><G0/><T95/><D20/><U34/><E34/><V64/><F64/><W33/><G9/><T11/><D11/><U114/><E114/><V16/><F18/><W74/><G115/><T80/><D48/><U22/><E57/><V25/><F25/><W122/><G122/><T104/><D50/><U78/><E78/><V30/><F30/><W56/><G119/><T24/><D104/><U83/><E83/><V3/><F3/><W103/><G56/><T68/><D68/><U8/><E8/><V91/><F1/><W77/><G29/><N who="0" m="17567" /><D27/><U112/><E112/><V117/><F2/><W47/><G33/><T13/><D13/><U126/><E126/><V96/><F127/><W63/><G44/><T69/><D69/><U12/><E22/><N who="2" m="11543" /><F117/><W118/><G118/><T125/><D125/><U61/><E61/><V35/><F35/><W53/><G63/><T19/><D19/><AGARI ba="0,0" hai="12,19,21,66,67,85,89,92,94,99,102" m="42538" machi="19" ten="30,5800,0" yaku="14,1,10,1,52,1" doraHai="10" who="1" fromWho="0" sc="250,-58,170,58,330,0,250,0" /><INIT seed="1,1,0,3,1,74" ten="192,228,330,250" oya="1" hai0="47,134,80,101,18,35,131,85,44,40,23,86,25" hai1="67,130,99,116,16,78,104,97,13,11,107,36,91" hai2="71,12,105,45,77,57,73,37,10,58,126,14,62" hai3="54,51,28,42,87,72,6,26,20,76,68,111,114"/><U50/><E116/><V46/><F105/><W84/><G114/><T52/><D131/><U15/><E36/><V41/><F126/><W122/><G122/><T103/><D134/><U49/><E130/><V82/><F46/><W63/><G111/><T61/><D35/><U21/><E67/><V127/><F127/><W34/><G42/><T9/><D9/><U22/><E78/><V2/><F14/><W4/><G72/><T17/><D17/><N who="1" m="10415" /><E104/><V39/><F39/><W55/><G34/><T98/><D86/><N who="3" m="32809" /><G68/><T100/><D98/><N who="1" m="37387" /><E107/><V8/><F8/><W59/><G76/><N who="0" m="46215" /><D40/><U118/><E118/><V32/><F32/><W95/><G95/><T81/><D81/><U65/><E65/><N who="2" m="41399" /><F12/><W0/><G0/><T123/><D123/><U33/><E33/><V75/><F75/><W53/><G53/><T102/><N who="0" m="25600" /><DORA hai="70" /><T89/><D89/><U7/><E91/><V94/><F94/><W1/><G1/><T60/><D44/><AGARI ba="1,0" hai="4,6,20,26,28,44,51,54,55,59,63" m="32809" machi="44" ten="30,1000,0" yaku="8,1" doraHai="74,70" who="3" fromWho="0" sc="192,-13,228,0,330,0,250,13" /><INIT seed="2,0,0,0,0,86" ten="179,228,330,263" oya="2" hai0="98,53,54,7,120,31,101,82,22,45,8,131,133" hai1="38,28,91,126,4,5,116,90,85,113,73,11,122" hai2="115,34,81,10,93,132,2,119,110,61,49,79,71" hai3="114,64,3,33,36,105,108,76,77,94,92,29,56"/><V72/><F34/><W112/><G3/><T66/><D120/><U35/><E38/><V96/><F115/><N who="3" m="44075" /><G36/><T20/><D131/><U48/><E73/><V40/><F119/><W26/><G105/><T52/><D133/><U41/><E116/><V69/><F132/><W18/><G18/><T123/><D123/><U19/><E122/><V78/><F78/><N who="3" m="30315" /><G108/><T67/><D82/><N who="1" m="49463" /><E35/><V106/><F106/><W30/><G30/><T65/><D45/><N who="1" m="25647" /><E126/><V124/><F124/><W32/><G32/><T60/><D60/><AGARI ba="0,0" hai="26,29,33,56,60,64,92,94" m="30315,44075" machi="60" ten="30,1000,0" yaku="11,1" doraHai="86" who="3" fromWho="0" sc="179,-10,228,0,330,0,263,10" /><INIT seed="3,0,0,2,4,132" ten="169,228,330,273" oya="3" hai0="75,116,18,76,33,39,6,128,80,13,93,91,113" hai1="92,97,81,126,17,24,117,100,54,32,3,47,84" hai2="61,15,10,103,57,133,68,5,45,19,36,105,120" hai3="114,56,25,83,70,37,30,11,38,99,2,82,50"/><W42/><G70/><T64/><D116/><U123/><E123/><V23/><F133/><W22/><G114/><T9/><D113/><U41/><E3/><V110/><F68/><W8/><G38/><T134/><D134/><U40/><E117/><V112/><F112/><W27/><G37/><T55/><D128/><U12/><E32/><V89/><F120/><W28/><G99/><T67/><D33/><U20/><E126/><V71/><F71/><W102/><G102/><T35/><D35/><U14/><E54/><V115/><F115/><W48/><G56/><T107/><D107/><U60/><E60/><V87/><F110/><W52/><G42/><N who="1" m="16490" /><E47/><V58/><F105/><W69/><G69/><T127/><D39/><U26/><E14/><N who="2" m="9719" /><F36/><W98/><G98/><T109/><D109/><U135/><E135/><V104/><F104/><W29/><G29/><T77/><D77/><AGARI ba="0,0" hai="12,17,20,24,26,77,81,84,92,97,100" m="16490" machi="77" ten="30,1000,0" yaku="8,1" doraHai="132" who="1" fromWho="0" sc="169,-10,228,10,330,0,273,0" owari="159,-34.1,238,-16.2,330,43.0,273,7.3" /></mjloggm>