<mjloggm ver="2.3"><GO type="225" lobby="0"/><UN n0="%6D%75%75%6D%75%72%61" n1="%E3%82%BC%E3%83%AB%E3%83%80%E3%81%AE%E4%BC%9D%E8%AA%AC" n2="%E4%BE%BF%E6%89%80" n3="%63%68%78%62%64" dan="17,17,16,16" rate="2142.79,2255.01,2028.45,2136.35" sx="F,M,M,M"/><TAIKYOKU oya="0"/><INIT seed="0,0,0,2,1,19" ten="250,250,250,250" oya="0" hai0="106,39,58,11,44,92,129,112,127,88,14,134,57" hai1="118,41,117,67,30,65,4,16,110,66,51,80,83" hai2="78,24,128,28,50,113,31,40,22,121,90,97,26" hai3="60,20,42,125,45,34,107,52,61,15,25,122,46"/><T6/><D112/><U35/><E4/><V43/><F113/><W70/><G107/><T133/><D106/><U13/><E110/><V71/><F121/><W103/><G122/><T38/><D127/><U130/><E130/><V86/><F71/><W59/><G125/><T105/><D105/><U79/><E35/><V91/><F128/><W49/><G34/><T89/><D129/><U116/><E30/><V98/><F78/><W55/><G103/><T94/><D94/><U104/><E104/><V74/><F74/><W77/><G15/><T123/><D123/><U68/><E68/><V5/><F5/><W96/><G96/><N who="2" m="36969" /><F50/><N who="3" m="26935" /><G70/><T132/><D44/><U18/><E18/><V93/><F91/><N who="0" m="34890" /><D92/><U81/><E51/><V3/><F3/><W69/><G69/><T75/><D75/><U102/><E41/><V63/><F63/><N who="3" m="36327" /><G77/><T47/><D47/><U12/><E102/><V114/><F114/><W87/><G87/><T27/><D27/><U1/><E1/><V100/><F100/><W99/><G99/><T95/><D95/><U131/><E131/><V119/><F119/><W82/><G82/><T21/><D21/><AGARI ba="0,0" hai="21,22,24,26,28,31,40,43,86,90,93" m="36969" machi="21" ten="30,3900,0" yaku="8,1,52,2" doraHai="19" who="2" fromWho="0" sc="250,-39,250,0,250,39,250,0" /><INIT seed="1,0,0,2,3,29" ten="211,250,289,250" oya="1" hai0="81,84,106,43,128,132,45,52,109,88,96,9,110" hai1="71,90,22,60,76,23,116,101,117,13,14,61,66" hai2="34,21,3,26,79,82,107,17,127,105,24,46,67" hai3="115,48,126,27,130,35,112,50,124,37,103,77,33"/><U10/><E76/><V122/><F122/><W135/><G37/><T6/><D128/><U16/><E101/><V125/><F3/><W18/><G130/><T65/><D132/><U39/><E39/><V78/><F67/><W134/><G77/><T5/><D65/><U131/><E131/><V25/><F46/><W119/><G103/><T41/><D106/><U89/><E61/><V83/><F105/><W19/><REACH who="3" step="1"/><G27/><REACH who="3" ten="211,250,289,240" step="2"/><T56/><D109/><U49/><E117/><AGARI ba="0,1" hai="18,19,33,35,48,50,112,115,117,119,124,126,134,135" machi="117" ten="25,12000,2" yaku="1,1,2,1,22,2,52,2,53,0" doraHai="29" doraHaiUra="72" who="3" fromWho="1" sc="211,0,250,-120,289,0,240,130" /><INIT seed="2,0,0,1,2,37" ten="211,130,289,370" oya="2" hai0="84,41,85,106,43,55,3,74,2,87,23,118,88" hai1="12,94,111,15,9,56,80,126,10,4,62,11,63" hai2="83,79,18,82,97,71,5,50,123,42,89,98,20" hai3="75,115,29,65,45,7,49,19,22,108,124,119,93"/><V112/><F112/><W117/><G115/><T40/><D74/><U109/><E126/><V64/><F123/><W30/><G75/><T8/><D106/><U110/><E80/><V28/><F5/><W53/><G108/><T54/><D118/><U17/><E94/><V67/><F28/><W114/><G124/><T0/><D8/><U76/><E76/><V66/><F71/><W27/><G114/><T6/><D6/><U101/><E101/><V113/><F113/><W128/><G128/><T130/><D130/><U34/><E34/><V33/><F33/><W131/><G131/><T14/><D88/><U24/><E4/><V90/><F90/><W103/><G65/><T134/><D134/><U120/><E120/><V135/><F135/><W21/><G7/><T39/><D39/><U77/><E77/><V46/><F89/><W47/><G47/><T16/><AGARI ba="0,0" hai="0,2,3,14,16,23,40,41,43,54,55,84,85,87" machi="16" ten="40,12000,2" yaku="0,1,29,2,52,3,54,1" doraHai="37" who="0" fromWho="0" sc="211,120,130,-30,289,-60,370,-30" /><INIT seed="3,0,0,0,4,9" ten="331,100,229,340" oya="3" hai0="64,109,18,68,8,37,119,28,43,1,118,54,96" hai1="78,66,132,93,122,11,82,73,121,6,65,41,59" hai2="91,58,125,4,94,98,38,72,97,5,75,112,114" hai3="95,53,80,21,123,16,57,135,32,24,62,87,105"/><W67/><G105/><T106/><D109/><U69/><E132/><V56/><F38/><W84/><G32/><T20/><D54/><U15/><E93/><V7/><F125/><W48/><G135/><T22/><D43/><U52/><E66/><V31/><F31/><W108/><G108/><T39/><D39/><U12/><E41/><V19/><F19/><W47/><G123/><T3/><D37/><U10/><E65/><V85/><F85/><N who="3" m="32843" /><G95/><T113/><D113/><U71/><E122/><V2/><F2/><W26/><G26/><T107/><D28/><U13/><E121/><V129/><F5/><W101/><G101/><T23/><D18/><U131/><E131/><V89/><F94/><W70/><G70/><T27/><D27/><U88/><E88/><V63/><F63/><W130/><G130/><AGARI ba="0,0" hai="4,7,56,58,72,75,89,91,97,98,112,114,129,130" machi="130" ten="25,1600,0" yaku="22,2" doraHai="9" who="2" fromWho="3" sc="331,0,100,0,229,16,340,-16" owari="331,43.1,100,-40.0,245,-15.5,324,12.4" /></mjloggm>