<mjloggm ver="2.3"><GO type="225" lobby="0"/><UN n0="%E9%B3%B3%E6%9D%B1%E3%81%AE%E3%81%86%E3%81%95%E3%81%8E%E3%81%95%E3%82%93" n1="%E7%A6%8F%E5%8E%9F%E9%81%A5%E3%81%A8%E7%B5%90%E5%A9%9A%E3%81%99%E3%82%8B" n2="%E6%9A%87%E4%BA%BA%EF%BC%A0%E9%85%8D%E4%BF%A1%E5%9E%A2" n3="%E3%82%B4%E3%83%AA%E3%83%91%E3%83%A9" dan="17,17,17,16" rate="2242.83,2120.10,2219.19,2113.06" sx="M,M,M,M"/><TAIKYOKU oya="0"/><INIT seed="0,0,0,0,1,135" ten="250,250,250,250" oya="0" hai0="82,21,26,25,85,102,8,86,130,7,65,96,48" hai1="57,56,66,73,47,99,78,110,11,37,20,13,101" hai2="50,87,129,107,1,60,44,64,81,72,51,121,124" hai3="52,70,27,22,115,77,23,108,75,17,93,59,109"/><T84/><D130/><U2/><E110/><N who="3" m="42602" /><G115/><T131/><D131/><U31/><E66/><V120/><F129/><W9/><G70/><T134/><D134/><U92/><E20/><V89/><F1/><W34/><G9/><T83/><D65/><U29/><E13/><V123/><F107/><W113/><G113/><T33/><D33/><U43/><E31/><V79/><F44/><W114/><G114/><T111/><D111/><U5/><REACH who="1" step="1"/><E29/><REACH who="1" ten="250,240,250,250" step="2"/><V119/><F119/><W88/><G23/><T118/><D118/><U24/><E24/><N who="0" m="9321" /><D21/><U69/><E69/><V19/><F19/><W132/><G132/><T18/><D18/><U42/><E42/><V54/><F54/><W104/><G34/><T128/><D128/><U95/><E95/><V40/><F40/><W16/><G104/><T6/><D6/><U53/><E53/><V98/><F72/><W94/><G94/><N who="0" m="58647" /><D48/><U39/><E39/><V97/><F50/><N who="3" m="31127" /><G22/><T38/><D38/><U63/><E63/><V10/><F51/><W32/><G32/><T49/><D49/><U126/><E126/><V80/><F124/><W30/><G30/><T62/><D62/><U12/><E12/><AGARI ba="0,1" hai="7,8,12,82,83,84,85,86" m="58647,9321" machi="12" ten="30,1500,0" yaku="8,1" doraHai="135" who="0" fromWho="1" sc="250,25,240,-15,250,0,250,0" /><INIT seed="0,1,0,2,1,13" ten="275,225,250,250" oya="0" hai0="69,25,85,65,15,77,43,52,125,64,8,68,78" hai1="134,55,63,98,5,10,119,86,81,54,62,99,123" hai2="67,46,82,35,9,34,36,127,83,21,104,61,118" hai3="132,0,112,96,1,53,131,94,124,84,133,126,45"/><T106/><D106/><U93/><E119/><V109/><F104/><W41/><G84/><T76/><D125/><N who="3" m="48233" /><G53/><T88/><D43/><U44/><E123/><V27/><F127/><W7/><G112/><T97/><D97/><U32/><E32/><V31/><F118/><W39/><G7/><T11/><D25/><U102/><E134/><N who="3" m="51818" /><G131/><T19/><D8/><U40/><E98/><V23/><F109/><W73/><G73/><T116/><D116/><U103/><E103/><AGARI ba="1,0" hai="0,1,39,41,45,94,96,103" m="51818,48233" machi="103" ten="30,2000,0" yaku="18,1,20,1" doraHai="13" who="3" fromWho="1" sc="275,0,225,-23,250,0,250,23" /><INIT seed="1,0,0,1,1,17" ten="275,202,250,273" oya="1" hai0="42,114,125,63,99,130,79,122,117,126,74,118,102" hai1="101,14,45,100,134,86,62,37,56,85,105,34,7" hai2="15,132,76,24,3,124,119,104,25,32,60,129,69" hai3="2,16,73,91,103,135,20,38,95,57,107,1,55"/><U50/><E37/><V48/><F119/><N who="0" m="45578" /><D63/><U35/><E134/><V75/><F3/><W10/><G135/><T51/><D51/><U72/><E72/><V66/><F132/><W94/><G73/><T127/><D42/><U6/><E50/><V44/><F104/><W65/><G65/><T97/><D114/><U41/><E62/><V110/><F32/><N who="1" m="12329" /><E45/><V71/><F71/><W83/><G10/><T88/><D130/><U78/><E14/><V96/><F96/><N who="0" m="36938" /><D102/><N who="1" m="39531" /><E105/><V49/><F129/><W23/><G38/><T89/><D122/><U98/><E98/><V18/><F48/><N who="3" m="30951" /><G107/><T0/><D0/><U67/><E41/><V53/><F15/><N who="3" m="9247" /><G103/><T116/><D116/><U87/><E67/><V52/><F66/><W12/><G1/><T120/><D120/><U36/><E36/><V121/><F121/><W29/><G2/><T43/><D43/><U33/><N who="1" m="12337" /><U133/><DORA hai="27" /><E133/><V39/><F39/><W30/><G12/><T64/><D64/><U9/><E9/><V54/><F53/><W40/><G40/><T59/><D59/><U81/><E56/><V80/><F54/><W8/><G8/><T26/><D26/><U108/><E7/><V22/><F25/><N who="3" m="16575" /><G30/><T77/><D74/><N who="1" m="43223" /><E6/><V4/><F4/><W115/><G115/><T82/><D127/><U58/><E58/><V92/><F124/><W21/><G21/><T128/><D128/><U106/><E106/><V47/><F52/><W111/><G83/><T109/><D126/><U68/><E68/><V131/><F131/><W112/><G112/><T123/><D125/><U90/><E108/><RYUUKYOKU ba="0,0" sc="275,-10,202,30,250,-10,273,-10" hai1="85,86,87,90" /><INIT seed="1,1,0,5,2,79" ten="265,232,240,263" oya="1" hai0="58,61,131,54,32,82,1,59,135,78,128,75,71" hai1="64,127,3,12,26,74,14,121,36,20,43,37,94" hai2="50,129,24,5,45,89,119,62,124,39,87,0,91" hai3="27,44,47,110,106,19,85,41,81,17,29,23,60"/><U117/><E117/><V42/><F119/><W98/><G110/><T46/><D135/><U90/><E121/><V55/><F124/><W51/><G60/><T63/><D32/><U57/><E3/><V86/><F129/><N who="0" m="49738" /><D1/><U96/><E127/><V53/><F0/><W72/><G72/><T28/><D28/><U49/><E74/><V108/><F108/><W52/><G106/><T38/><D71/><U48/><E37/><V33/><F5/><W67/><G98/><T31/><D31/><U102/><E36/><V88/><F33/><W99/><G67/><N who="0" m="39351" /><D46/><N who="1" m="25695" /><E102/><V4/><F4/><W116/><G99/><T69/><D69/><U40/><E64/><V77/><F62/><W133/><G133/><T18/><D38/><U104/><E104/><V15/><F39/><W11/><G116/><T9/><D9/><U70/><E70/><V101/><F101/><W125/><G125/><T123/><D123/><U66/><E66/><V111/><F111/><W7/><G47/><T92/><D92/><U134/><E134/><V73/><F73/><W22/><G41/><T6/><D6/><U10/><E10/><V2/><F2/><W130/><G130/><T84/><D75/><U56/><E40/><V107/><F107/><W118/><G118/><T105/><D105/><U112/><E112/><V114/><F114/><W113/><G113/><T68/><D68/><U93/><E93/><V25/><F42/><W122/><G122/><T100/><D100/><U34/><E34/><V30/><F45/><W115/><G115/><T76/><D18/><N who="3" m="6665" /><G7/><T83/><D83/><U132/><E132/><RYUUKYOKU ba="1,0" sc="265,30,232,-10,240,-10,263,-10" hai0="54,59,63,76,78,82,84" /><INIT seed="2,2,0,0,2,11" ten="295,222,230,253" oya="2" hai0="30,51,116,111,112,114,118,22,52,80,57,85,73" hai1="130,94,63,103,37,133,84,92,62,95,122,45,115" hai2="127,69,16,82,21,48,83,8,55,88,54,61,100" hai3="49,131,25,28,134,107,129,70,126,98,89,50,90"/><V15/><F127/><W23/><G70/><T0/><D0/><U97/><E115/><V128/><F128/><N who="3" m="49227" /><G126/><T66/><D73/><U32/><E130/><V71/><F100/><N who="3" m="62871" /><G134/><T76/><D111/><U86/><E32/><V10/><F71/><W106/><G106/><T20/><D66/><U14/><E133/><V43/><F69/><W56/><G56/><T7/><D7/><U110/><E110/><V35/><F35/><W99/><G99/><T108/><D108/><U18/><E122/><V4/><F43/><W102/><G102/><T39/><D39/><U29/><E29/><V44/><F4/><W6/><G6/><T109/><D109/><U113/><E113/><N who="0" m="43625" /><D30/><U33/><E33/><V5/><F5/><W101/><G101/><T42/><D42/><U81/><E45/><V53/><F82/><W91/><AGARI ba="2,0" hai="23,25,28,49,50,89,90,91" m="62871,49227" machi="91" ten="30,1100,0" yaku="19,1" doraHai="11" who="3" fromWho="3" sc="295,-5,222,-5,230,-7,253,17" /><INIT seed="3,0,0,1,3,42" ten="290,217,223,270" oya="3" hai0="59,123,134,107,104,41,111,53,30,17,90,55,83" hai1="37,2,58,115,81,7,49,1,109,110,39,86,44" hai2="71,66,11,38,40,72,89,24,97,70,75,98,3" hai3="26,114,69,0,13,77,102,85,131,127,15,132,4"/><W54/><G69/><T57/><D123/><U29/><E115/><V10/><F24/><W79/><G114/><T95/><D41/><U68/><E68/><V60/><F71/><W34/><G102/><T14/><D111/><N who="1" m="42507" /><E29/><V51/><F38/><N who="1" m="14345" /><E58/><V74/><F89/><W12/><G127/><T64/><D83/><U117/><E117/><V73/><N who="2" m="18432" /><DORA hai="50" /><V80/><F80/><W129/><G132/><T63/><D30/><U94/><E94/><V124/><F124/><W88/><G26/><T22/><D134/><U43/><E7/><V23/><F23/><W35/><G4/><T113/><D113/><U125/><E125/><V20/><F20/><W87/><G0/><T48/><D64/><U78/><AGARI ba="0,0" hai="1,2,43,44,49,78,81,86" m="14345,42507" machi="78" ten="30,2000,0" yaku="14,1,52,1" doraHai="42,50" who="1" fromWho="1" sc="290,-5,217,20,223,-5,270,-10" /><INIT seed="4,0,0,5,0,102" ten="285,237,218,260" oya="0" hai0="14,88,19,80,23,65,111,55,106,84,12,112,21" hai1="74,114,89,13,122,22,37,35,99,41,45,81,72" hai2="127,126,57,109,48,42,40,115,39,87,2,50,128" hai3="124,4,6,108,52,44,24,132,69,133,85,20,26"/><T64/><D112/><U60/><E35/><V130/><F109/><W59/><G69/><T116/><D116/><U17/><E122/><V38/><F87/><W82/><G108/><T9/><D111/><U53/><E114/><V0/><REACH who="2" step="1"/><F115/><REACH who="2" ten="285,237,208,260" step="2"/><W68/><G85/><T129/><D129/><U1/><E1/><V105/><F105/><W79/><G132/><T18/><D106/><U76/><E74/><V104/><F104/><W91/><G133/><T34/><D34/><U77/><E77/><V131/><F131/><W119/><G79/><T135/><D135/><U46/><E99/><V54/><F54/><W94/><G52/><T67/><D55/><U7/><E53/><V8/><F8/><AGARI ba="0,1" hai="8,9,12,14,18,19,21,23,64,65,67,80,84,88" machi="8" ten="40,7700,0" yaku="9,1,8,1,54,1" doraHai="102" who="0" fromWho="2" sc="285,87,237,0,208,-77,260,0" owari="372,47.2,237,-16.3,131,-36.9,260,6.0" /></mjloggm>