<mjloggm ver="2.3"><GO type="225" lobby="0"/><UN n0="%E3%81%86%E3%81%A9%E3%82%93%E3%81%93" n1="%E4%BA%95%E5%B8%AF" n2="%E6%B8%A9%E2%98%85%E6%83%85%E2%98%85%E6%8E%AA%E2%98%85%E7%BD%AE" n3="%E6%A1%9C%E8%8A%B1%E9%96%83%E3%80%85" dan="16,16,17,16" rate="2171.80,2050.55,2206.14,2078.35" sx="M,M,M,M"/><TAIKYOKU oya="0"/><INIT seed="0,0,0,4,2,40" ten="250,250,250,250" oya="0" hai0="100,12,65,78,49,53,74,21,67,79,122,106,81" hai1="54,96,108,5,118,29,107,7,135,112,69,1,104" hai2="16,70,42,14,89,8,111,68,109,64,4,90,101" hai3="58,120,6,31,117,129,87,44,34,86,94,9,51"/><T127/><D122/><U19/><E118/><V41/><F101/><W26/><G117/><T124/><D78/><U56/><E69/><N who="2" m="26731" /><F64/><W46/><G129/><T20/><D100/><U131/><E29/><V97/><F4/><W3/><G120/><T105/><D65/><U63/><E131/><V130/><F130/><W102/><G58/><T71/><D67/><U52/><E108/><N who="2" m="41547" /><F97/><W72/><G72/><T119/><D71/><U18/><E96/><V13/><F14/><W23/><G34/><T30/><D119/><U98/><E98/><V45/><F42/><W25/><G25/><N who="0" m="16679" /><D12/><U134/><E1/><V36/><AGARI ba="0,0" hai="8,13,16,36,41,45,89,90" m="41547,26731" machi="36" ten="30,4000,0" yaku="14,1,52,1,54,1" doraHai="40" who="2" fromWho="2" sc="250,-20,250,-10,250,40,250,-10" /><INIT seed="1,0,0,4,3,3" ten="230,240,290,240" oya="1" hai0="16,73,130,70,115,106,20,79,110,2,65,43,122" hai1="63,81,91,22,42,69,51,26,92,84,71,27,45" hai2="18,56,117,80,121,5,78,97,101,11,23,62,38" hai3="98,90,118,68,28,104,109,50,4,126,93,61,57"/><U36/><E36/><V108/><F117/><W30/><G109/><T39/><RYUUKYOKU type="yao9" ba="0,0" sc="230,0,240,0,290,0,240,0" hai0="2,16,20,39,43,65,70,73,79,106,110,115,122,130" /><INIT seed="1,1,0,4,2,133" ten="230,240,290,240" oya="1" hai0="111,70,51,15,35,65,118,6,126,39,72,8,96" hai1="103,112,95,9,101,47,90,78,34,129,31,98,94" hai2="18,74,46,59,40,89,50,97,84,93,3,42,109" hai3="100,83,106,62,52,108,121,41,55,29,13,49,119"/><U69/><E112/><V56/><F109/><W85/><G121/><T110/><D39/><U127/><E129/><V75/><F3/><W45/><G108/><N who="0" m="41515" /><D72/><U81/><E69/><V135/><F135/><W0/><G0/><T64/><D118/><U123/><E123/><V67/><F42/><W76/><G119/><T99/><D35/><U28/><E34/><V60/><F18/><W16/><G29/><T27/><D27/><U80/><E9/><V131/><F131/><W32/><G32/><T73/><D73/><U71/><E71/><V38/><F59/><W11/><REACH who="3" step="1"/><G62/><REACH who="3" ten="230,240,290,230" step="2"/><T2/><D2/><U19/><E28/><V20/><F60/><W53/><G53/><T1/><D1/><U14/><E31/><V57/><F67/><W48/><G48/><T82/><D51/><U104/><E101/><V68/><F50/><W120/><G120/><T22/><D65/><U44/><E103/><V105/><F38/><W5/><G5/><T79/><D64/><U23/><E19/><V87/><F40/><W124/><G124/><T113/><D126/><U134/><E127/><V17/><F17/><W37/><G37/><T66/><D66/><U10/><E134/><V54/><F54/><W114/><G114/><T33/><D70/><U92/><E47/><V7/><F68/><W117/><G117/><T115/><D33/><U24/><E44/><V58/><F7/><W12/><G12/><N who="0" m="5143" /><D115/><U61/><E14/><V77/><F46/><W25/><G25/><T63/><D113/><U125/><E24/><V4/><F4/><W91/><G91/><T122/><D122/><RYUUKYOKU ba="1,1" sc="230,-10,240,-10,290,-10,230,30" hai3="11,13,16,41,45,49,52,55,76,83,85,100,106" /><INIT seed="2,2,1,5,5,48" ten="220,230,280,260" oya="2" hai0="84,131,74,100,27,37,13,21,8,29,80,128,127" hai1="96,93,41,26,82,6,39,47,19,94,11,119,65" hai2="68,116,49,107,14,36,1,53,38,76,87,111,59" hai3="34,7,70,67,101,106,4,108,122,64,81,46,62"/><V109/><F1/><W75/><G122/><T2/><D37/><U88/><E119/><V98/><F68/><W9/><G108/><N who="2" m="41545" /><F116/><W124/><G124/><T51/><D74/><U110/><E110/><V50/><F14/><W90/><G64/><T43/><D2/><U63/><E26/><V89/><F76/><W134/><G134/><T15/><D127/><U113/><E113/><V12/><F12/><W31/><G46/><N who="0" m="26079" /><D100/><U45/><E19/><V24/><F24/><N who="3" m="18791" /><G9/><T114/><D114/><U54/><E11/><V102/><F50/><W86/><G75/><T132/><D132/><U20/><E39/><V23/><F23/><W129/><G129/><N who="0" m="49739" /><D8/><U17/><E20/><V69/><F69/><W135/><G135/><T3/><D3/><U10/><E10/><V60/><F60/><W55/><G4/><T66/><D66/><U115/><E63/><V18/><F18/><W71/><G7/><T121/><D121/><U120/><E65/><V32/><F32/><W83/><G71/><T30/><D30/><U92/><E17/><V56/><F56/><N who="3" m="35103" /><G67/><T5/><D5/><U35/><E6/><V40/><F40/><W72/><G70/><T16/><D29/><U33/><E115/><V61/><F61/><W130/><G130/><T117/><D117/><U125/><E125/><V77/><F77/><AGARI ba="2,1" hai="13,15,16,21,27,77,80,84" m="49739,26079" machi="77" ten="30,2000,0" yaku="19,1,54,1" doraHai="48" who="0" fromWho="2" sc="220,36,230,0,280,-26,260,0" /><INIT seed="3,0,0,3,4,29" ten="256,230,254,260" oya="3" hai0="99,104,103,84,58,85,50,133,90,51,69,27,2" hai1="91,49,65,125,41,111,53,30,95,1,25,131,132" hai2="56,37,113,122,59,134,33,82,96,12,39,62,13" hai3="120,68,70,127,15,0,119,14,118,35,24,98,40"/><W44/><G120/><T17/><D69/><N who="3" m="26729" /><G15/><T79/><D2/><U54/><E1/><V88/><F113/><W73/><G14/><N who="2" m="5737" /><F37/><N who="3" m="21519" /><G127/><T47/><D133/><U23/><E54/><N who="2" m="34071" /><F39/><W109/><G98/><T67/><D79/><U8/><E91/><V93/><F33/><W4/><G109/><T100/><D100/><U87/><E95/><V19/><F134/><W130/><G130/><T16/><D85/><U38/><E87/><V112/><F112/><W60/><G60/><T7/><D7/><U10/><E23/><V116/><F116/><W5/><G73/><T72/><D72/><U74/><E30/><V115/><F115/><W81/><G81/><T21/><D17/><U129/><E111/><V32/><F32/><W106/><G106/><T78/><D78/><U26/><E26/><V55/><F122/><W105/><G105/><T22/><D22/><U123/><E25/><V114/><F114/><W124/><G124/><T42/><D67/><U3/><E65/><V126/><F126/><W18/><G18/><T61/><D61/><U101/><E123/><V9/><F19/><W46/><G46/><T45/><D58/><U117/><E125/><V89/><F9/><N who="3" m="2183" /><G5/><T94/><REACH who="0" step="1"/><D47/><REACH who="0" ten="246,230,254,260" step="2"/><U107/><E131/><V20/><F20/><W36/><G118/><T48/><AGARI ba="0,1" hai="16,21,27,42,45,48,50,51,84,90,94,99,103,104" machi="48" ten="20,8000,1" yaku="1,1,2,1,0,1,7,1,54,1,53,0" doraHai="29" doraHaiUra="121" who="0" fromWho="0" sc="246,90,230,-20,254,-20,260,-40" owari="336,43.6,210,-29.0,234,3.4,220,-18.0" /></mjloggm>