<mjloggm ver="2.3"><GO type="225" lobby="0"/><UN n0="%E6%B4%BE%E9%81%A3%E3%81%AE%E3%82%B8%E3%83%A3%E3%83%83%E3%82%AF" n1="%E3%82%AB%E3%83%AA%E3%82%A3%EF%BC%91%EF%BC%99" n2="%E4%BF%BA%E3%81%A8%E5%A6%96%E5%A4%A2" n3="%E3%81%8D%E3%82%83%E3%83%BC%E3%82%8D%E3%82%93" dan="17,16,17,16" rate="2227.23,2137.93,2204.78,2067.37" sx="M,M,F,M"/><TAIKYOKU oya="0"/><INIT seed="0,0,0,2,4,75" ten="250,250,250,250" oya="0" hai0="91,27,129,34,81,38,9,84,124,6,21,16,107" hai1="109,19,69,68,100,11,18,37,41,1,117,97,62" hai2="106,127,66,5,118,94,10,108,126,87,33,45,103" hai3="92,52,3,128,56,113,111,78,12,134,54,8,17"/><T120/><D120/><U82/><E117/><V89/><F33/><W80/><G113/><T20/><D107/><U112/><E112/><V35/><F35/><W72/><G111/><T15/><D38/><U114/><E114/><V105/><F108/><W7/><G128/><T77/><D129/><U61/><E109/><V116/><F66/><W32/><G134/><T31/><D124/><N who="2" m="47658" /><F45/><W63/><G32/><T85/><REACH who="0" step="1"/><D6/><REACH who="0" ten="240,250,250,250" step="2"/><U86/><E37/><V104/><F103/><W4/><G4/><T42/><D42/><U0/><E41/><V133/><F133/><W46/><G46/><T130/><D130/><U64/><E69/><V48/><F48/><W102/><G7/><T74/><D74/><U95/><E61/><V59/><F59/><W122/><G122/><T49/><D49/><U24/><E1/><AGARI ba="0,1" hai="1,5,10,87,89,94,104,105,106,116,118" m="47658" machi="1" ten="40,1300,0" yaku="18,1" doraHai="75" who="2" fromWho="1" sc="240,0,250,-13,250,23,250,0" /><INIT seed="1,0,0,4,2,23" ten="240,237,273,250" oya="1" hai0="134,34,104,62,16,18,59,106,72,19,5,123,99" hai1="129,65,119,127,98,56,26,66,10,51,36,38,86" hai2="92,90,100,78,44,111,41,101,69,122,9,40,45" hai3="133,31,128,60,77,113,91,63,89,53,3,103,8"/><U75/><E75/><V108/><F122/><W74/><G113/><T79/><D34/><U58/><E119/><V32/><F69/><W121/><G121/><T87/><D123/><U124/><E98/><V47/><F32/><W4/><G103/><N who="2" m="39497" /><F78/><W11/><G128/><T15/><D72/><U28/><E86/><V135/><F9/><W94/><G133/><T46/><D134/><U42/><E10/><V68/><F68/><W107/><G107/><T97/><D46/><N who="1" m="26071" /><E26/><V82/><F82/><W83/><G11/><N who="0" m="4591" /><D106/><U102/><E28/><V54/><F54/><W109/><G109/><N who="2" m="42057" /><F135/><W49/><G31/><T117/><D104/><U126/><E102/><V17/><F17/><N who="0" m="4354" /><T39/><DORA hai="30" /><D39/><N who="1" m="14891" /><E129/><V130/><F130/><W112/><G112/><T20/><D117/><U1/><E1/><V71/><F71/><W64/><G64/><AGARI ba="0,0" hai="56,58,64,65,66,124,126,127" m="14891,26071" machi="64" ten="40,7700,0" yaku="18,1,34,2" doraHai="23,30" who="1" fromWho="3" sc="240,0,237,77,273,0,250,-77" /><INIT seed="1,1,0,5,3,13" ten="240,314,273,173" oya="1" hai0="34,14,11,71,89,51,123,33,57,102,82,104,95" hai1="91,85,22,118,116,60,120,38,113,10,111,52,83" hai2="21,74,42,23,100,6,41,103,131,97,26,3,32" hai3="68,18,94,53,8,135,98,78,7,132,59,99,119"/><U61/><E120/><V112/><F74/><W109/><G68/><T76/><D71/><U127/><E113/><V67/><F112/><W73/><G109/><T106/><D123/><U48/><E38/><V125/><F32/><W62/><G119/><T16/><D104/><U86/><E127/><V54/><F125/><W12/><G78/><T66/><D102/><U43/><E111/><V27/><F67/><W20/><G73/><T28/><D28/><U44/><E116/><V81/><F81/><W80/><G80/><T124/><D106/><U134/><E134/><V2/><F97/><W5/><G5/><T39/><D39/><U17/><E118/><V87/><F87/><W126/><G126/><T117/><D117/><U130/><E130/><V133/><F6/><W110/><G110/><T25/><D25/><N who="1" m="14543" /><E43/><V15/><F15/><W107/><G107/><T58/><D124/><U55/><E10/><V56/><F56/><W49/><G49/><T108/><D108/><U1/><E1/><V30/><F54/><W129/><G129/><T128/><D128/><U46/><E86/><V24/><F24/><W72/><G72/><N who="0" m="43271" /><D57/><N who="1" m="32903" /><E55/><V122/><F131/><W90/><REACH who="3" step="1"/><G99/><REACH who="3" ten="240,314,273,163" step="2"/><N who="0" m="57839" /><D51/><U88/><E91/><V64/><F122/><W19/><G19/><T96/><D96/><U65/><E65/><V29/><F64/><W45/><G45/><AGARI ba="1,1" hai="44,45,46,60,61,83,85,88" m="32903,14543" machi="45" ten="30,11600,0" yaku="8,1,52,1,54,2" doraHai="13" who="1" fromWho="3" sc="240,0,314,129,273,0,163,-119" /><INIT seed="1,2,0,5,0,23" ten="240,443,273,44" oya="1" hai0="87,51,102,93,106,24,25,96,8,97,89,50,17" hai1="84,59,67,42,4,112,14,122,20,3,45,127,114" hai2="62,32,16,10,0,54,47,34,107,133,55,135,101" hai3="35,129,26,60,64,68,131,120,128,90,63,82,92"/><U98/><E122/><V119/><F119/><W115/><G120/><T118/><D118/><U116/><E116/><V70/><F101/><W78/><G115/><T19/><D8/><U61/><E127/><V108/><F107/><W48/><G63/><T91/><D106/><U57/><E3/><V6/><F108/><W130/><N who="3" m="32768" /><DORA hai="22" /><W110/><G110/><T73/><D73/><U33/><E33/><V30/><F34/><W7/><G7/><T111/><D111/><U76/><E59/><V58/><F16/><N who="0" m="6218" /><D97/><U27/><E98/><V28/><F28/><W29/><G48/><N who="0" m="18475" /><D102/><U125/><E112/><V113/><F113/><W126/><G92/><AGARI ba="2,0" hai="24,25,87,89,91,92,93,96" m="18475,6218" machi="92" ten="30,12000,2" yaku="8,1,52,4,54,1" doraHai="23,22" who="0" fromWho="3" sc="240,126,443,0,273,0,44,-126" owari="366,16.6,443,54.3,273,-12.7,-82,-58.2" /></mjloggm>