<mjloggm ver="2.3"><GO type="225" lobby="0"/><UN n0="%E7%AD%89%E3%80%85%E5%8A%9B%E5%8A%87%E5%A0%B4" n1="%6D%75%75%6D%75%72%61" n2="%E7%B4%94%E6%BD%94%E3%83%94%E3%83%A9%E3%83%8B%E3%82%A2" n3="%E3%82%BC%E3%83%AB%E3%83%80%E3%81%AE%E4%BC%9D%E8%AA%AC" dan="16,16,18,16" rate="2159.45,2126.74,2280.86,2215.83" sx="M,F,M,M"/><TAIKYOKU oya="0"/><INIT seed="0,0,0,1,5,23" ten="250,250,250,250" oya="0" hai0="42,22,81,132,66,97,68,96,26,45,106,118,78" hai1="80,53,51,109,103,79,82,125,85,16,116,37,30" hai2="3,133,129,55,58,35,122,59,131,14,18,9,127" hai3="135,41,49,76,64,128,6,32,43,29,62,15,114"/><T60/><D132/><U100/><E116/><V61/><F133/><W12/><G135/><T84/><D106/><U65/><E37/><V77/><F122/><W56/><G114/><T31/><REACH who="0" step="1"/><D118/><REACH who="0" ten="240,250,250,250" step="2"/><U47/><E125/><V0/><F127/><W72/><G128/><T52/><D52/><U91/><E109/><V54/><F129/><W74/><G43/><T86/><D86/><N who="1" m="48415" /><E65/><V83/><F131/><W44/><G74/><T36/><AGARI ba="0,1" hai="22,26,31,36,42,45,60,66,68,78,81,84,96,97" machi="36" ten="20,7800,0" yaku="1,1,0,1,7,1,52,1,53,0" doraHai="23" doraHaiUra="33" who="0" fromWho="0" sc="240,88,250,-26,250,-26,250,-26" /><INIT seed="0,1,0,4,0,51" ten="328,224,224,224" oya="0" hai0="54,110,27,29,107,96,71,32,119,62,43,28,100" hai1="126,121,105,57,11,133,90,33,108,17,94,38,50" hai2="99,49,128,69,47,41,12,127,67,80,22,92,78" hai3="42,59,124,39,8,86,111,134,118,4,101,2,104"/><T132/><D119/><U66/><E121/><V87/><F127/><W77/><G118/><T55/><D132/><U115/><E38/><V64/><F128/><W56/><G124/><T109/><D43/><U13/><E126/><V125/><F69/><W131/><G131/><T82/><D29/><U30/><E105/><V93/><F93/><W16/><G134/><T74/><D74/><U7/><E133/><V102/><F125/><W83/><G111/><N who="0" m="42507" /><D82/><U52/><E108/><V24/><REACH who="2" step="1"/><F12/><REACH who="2" ten="328,224,214,224" step="2"/><W25/><G104/><T97/><D96/><U37/><E115/><V48/><F48/><W113/><G113/><T19/><D19/><AGARI ba="1,1" hai="19,22,24,41,47,49,64,67,78,80,87,92,99,102" machi="19" ten="30,7700,0" yaku="1,1,7,1,8,1,53,1" doraHai="51" doraHaiUra="88" who="2" fromWho="0" sc="328,-80,224,0,214,90,224,0" /><INIT seed="1,0,0,4,2,69" ten="248,224,304,224" oya="1" hai0="8,62,20,2,80,21,108,52,132,94,54,34,87" hai1="133,29,77,111,39,42,93,64,91,115,106,26,124" hai2="84,110,134,51,68,116,109,46,43,118,105,61,1" hai3="122,59,97,135,40,103,65,129,27,31,119,72,19"/><U12/><E115/><V9/><F105/><W78/><G122/><T79/><D34/><U0/><E106/><V18/><F84/><W25/><G135/><T73/><D108/><N who="2" m="41578" /><F18/><W17/><G129/><T89/><D132/><U70/><E111/><V14/><F14/><W53/><G119/><N who="2" m="45609" /><F9/><W92/><G40/><T102/><D102/><U71/><E133/><V121/><F1/><W15/><G65/><T50/><D62/><U60/><E0/><V114/><F134/><W13/><G72/><T36/><D36/><U33/><E124/><V100/><F100/><W49/><G78/><T63/><D63/><U96/><E77/><V67/><F121/><W83/><G83/><T86/><D73/><U99/><E12/><N who="3" m="4682" /><G27/><T11/><D54/><U120/><E120/><V107/><F107/><W24/><G24/><T41/><D41/><U22/><E99/><V128/><F128/><W47/><G47/><T58/><REACH who="0" step="1"/><D2/><REACH who="0" ten="238,224,304,224" step="2"/><U81/><E33/><V57/><F114/><W35/><G35/><T117/><D117/><U32/><E32/><V10/><F10/><AGARI ba="0,1" hai="8,10,11,20,21,50,52,58,79,80,86,87,89,94" machi="10" ten="40,8000,1" yaku="1,1,8,1,54,1,53,1" doraHai="69" doraHaiUra="55" who="0" fromWho="2" sc="238,90,224,0,304,-80,224,0" /><INIT seed="2,0,0,5,2,26" ten="328,224,224,224" oya="2" hai0="89,0,59,16,15,102,106,61,54,62,90,13,134" hai1="121,98,99,126,82,56,133,74,52,78,43,39,8" hai2="1,94,47,96,97,7,83,22,120,35,23,67,95" hai3="32,49,104,103,92,27,125,129,127,132,77,64,21"/><V31/><F120/><W107/><G32/><T2/><D102/><U128/><E121/><V122/><F122/><W4/><G132/><T57/><D106/><U20/><E133/><V24/><F67/><W37/><G37/><T68/><D68/><U50/><E126/><N who="3" m="48138" /><G129/><T135/><D54/><U114/><E114/><V66/><F66/><W73/><G4/><T60/><D60/><U14/><E128/><V79/><F47/><W53/><G64/><T41/><D16/><U63/><E39/><V30/><F7/><W88/><G103/><T6/><D6/><U112/><E112/><V17/><F1/><W105/><G77/><T91/><D91/><U117/><E117/><V33/><F83/><W111/><G73/><T124/><D124/><U72/><E72/><V76/><F17/><N who="3" m="12719" /><G111/><T75/><D75/><U55/><E20/><V58/><REACH who="2" step="1"/><F24/><REACH who="2" ten="328,224,214,224" step="2"/><W84/><G107/><T71/><D71/><U70/><E70/><V81/><F81/><W113/><G113/><T45/><D45/><AGARI ba="0,1" hai="45,49,53,84,88,92,104,105" m="12719,48138" machi="45" ten="30,2000,0" yaku="18,1,54,1" doraHai="26" who="3" fromWho="0" sc="328,-20,224,0,214,0,224,30" /><INIT seed="3,0,0,1,4,64" ten="308,224,214,254" oya="3" hai0="125,83,85,98,32,61,121,36,38,124,30,135,122" hai1="33,22,49,74,76,19,107,52,120,4,50,25,72" hai2="63,102,88,17,117,95,114,75,131,29,70,66,26" hai3="97,132,111,15,48,5,42,55,80,35,31,99,40"/><W127/><G127/><N who="0" m="48715" /><D135/><U39/><E39/><N who="0" m="14889" /><D98/><U58/><E120/><V67/><F114/><W14/><G111/><T37/><D37/><U6/><E33/><V86/><F117/><W73/><G15/><T90/><D61/><U134/><E134/><V68/><F131/><W0/><G0/><T109/><D109/><U60/><E107/><V106/><F75/><W41/><G73/><T62/><D62/><U123/><E123/><V18/><F67/><W71/><G80/><T93/><D93/><U7/><E72/><V9/><F9/><W119/><G55/><T51/><D51/><U81/><AGARI ba="0,0" hai="4,6,7,19,22,25,49,50,52,58,60,74,76,81" machi="81" ten="30,2000,0" yaku="0,1,54,1" doraHai="64" who="1" fromWho="1" sc="308,-5,224,20,214,-5,254,-10" owari="303,40.3,244,4.4,209,-29.1,244,-15.6" /></mjloggm>