<mjloggm ver="2.3"><GO type="225" lobby="0"/><UN n0="%E8%81%B7%E6%A5%AD%E3%80%81%E9%A2%A8%32" n1="%E3%81%A6%E3%81%A4%EF%BC%A3" n2="%E3%81%94%E3%81%BE%E3%81%A1%E3%82%83%E3%82%93%36%36" n3="%37%2F%32%E3%81%AB%E7%94%9F%E3%81%BE%E3%82%8C%E3%81%A6" dan="16,16,17,17" rate="2138.13,2064.83,2154.00,2172.81" sx="M,M,M,M"/><TAIKYOKU oya="0"/><INIT seed="0,0,0,0,0,127" ten="250,250,250,250" oya="0" hai0="94,81,79,31,78,49,98,107,71,8,20,90,56" hai1="117,75,73,126,134,9,109,30,2,37,17,76,124" hai2="135,119,67,58,62,129,110,111,83,25,48,34,22" hai3="36,24,89,15,6,44,99,68,106,85,65,1,132"/><T97/><D71/><U13/><E37/><V116/><F34/><W108/><G1/><T120/><D120/><U74/><E117/><N who="2" m="45131" /><F135/><W14/><G132/><T131/><D131/><U100/><E134/><V0/><F0/><W115/><G115/><T29/><D107/><U112/><E2/><V64/><F48/><W32/><G108/><N who="2" m="41513" /><F83/><W26/><G26/><N who="0" m="16583" /><D31/><U82/><E109/><V38/><F38/><W51/><G36/><T43/><D8/><U7/><E112/><V39/><F39/><W86/><G32/><T52/><D81/><U95/><E30/><N who="2" m="17719" /><F64/><W28/><G28/><T103/><D103/><U70/><E7/><V77/><F77/><N who="0" m="29194" /><D43/><U66/><E66/><V10/><F10/><W87/><G65/><T54/><D54/><U88/><E70/><V33/><F33/><W41/><G68/><T92/><D92/><U53/><E53/><V35/><F35/><W42/><G41/><T57/><D57/><U69/><E69/><V12/><F12/><W93/><G24/><T102/><D102/><U61/><E100/><V80/><F80/><W59/><G106/><T16/><D16/><U60/><E82/><V96/><F96/><AGARI ba="0,0" hai="49,52,56,90,94,96,97,98" m="29194,16583" machi="96" ten="30,2900,0" yaku="8,1,54,1" doraHai="127" who="0" fromWho="2" sc="250,29,250,0,250,-29,250,0" /><INIT seed="0,1,0,4,5,21" ten="279,250,221,250" oya="0" hai0="132,126,29,110,55,50,90,66,131,135,71,99,51" hai1="54,41,7,63,123,17,102,2,33,79,36,40,6" hai2="112,0,127,129,37,83,85,107,11,95,19,62,122" hai3="56,13,93,28,52,109,101,96,30,94,111,91,97"/><T60/><D131/><U124/><E123/><V81/><F107/><W18/><G111/><T5/><D5/><U80/><E33/><V49/><F37/><W65/><G65/><T34/><D126/><U125/><E102/><V76/><F112/><W1/><G1/><T31/><D110/><U44/><E40/><V106/><F106/><W48/><REACH who="3" step="1"/><G109/><REACH who="3" ten="279,250,221,240" step="2"/><T57/><D66/><U9/><E125/><V15/><F127/><W89/><G89/><T20/><D90/><U78/><E124/><V75/><F0/><W58/><G58/><T105/><D71/><U133/><E78/><V70/><F70/><W42/><G42/><T32/><D57/><U104/><E79/><V73/><F76/><W61/><G61/><T69/><D60/><U68/><E68/><V10/><F62/><W119/><G119/><T45/><D69/><U27/><E2/><V84/><F122/><W108/><G108/><T14/><D55/><U116/><E41/><V77/><F77/><W86/><G86/><T67/><D67/><U38/><E63/><V22/><F85/><W72/><G72/><T4/><D45/><U35/><E54/><V59/><F84/><W74/><G74/><T64/><D64/><U121/><E44/><V12/><F73/><W114/><G114/><T118/><D118/><U24/><E121/><V130/><F75/><W88/><G88/><T87/><D87/><U46/><E116/><V25/><F129/><W100/><G100/><T98/><D98/><U117/><E46/><V39/><F130/><W3/><G3/><T53/><D99/><U23/><E117/><RYUUKYOKU ba="1,1" sc="279,-10,250,-10,221,-10,240,30" hai3="13,18,28,30,48,52,56,91,93,94,96,97,101" /><INIT seed="1,2,1,3,0,3" ten="269,240,211,270" oya="1" hai0="25,40,2,6,39,99,28,46,29,118,86,49,15" hai1="131,71,97,24,124,26,63,48,54,76,103,73,102" hai2="94,106,53,72,43,114,62,84,83,112,82,20,67" hai3="8,30,110,128,90,45,116,101,80,121,18,96,36"/><U38/><E38/><V21/><F106/><W59/><G121/><T19/><D118/><U70/><E131/><V98/><F43/><W81/><G128/><T78/><D2/><U127/><E73/><V58/><F72/><W95/><G116/><T87/><D39/><U0/><E0/><V9/><F9/><W89/><G110/><T50/><D99/><U79/><E63/><V10/><F10/><W41/><G30/><N who="0" m="11883" /><D6/><U42/><E97/><V123/><F123/><W52/><G90/><T5/><D5/><U119/><E54/><V17/><F53/><W4/><G89/><T92/><D25/><U34/><E119/><V32/><F32/><W31/><G18/><T100/><D50/><U66/><E48/><V122/><F122/><W109/><G31/><T23/><D78/><U11/><E11/><V88/><F82/><W130/><G109/><T27/><D27/><U93/><E34/><V132/><F132/><W69/><G69/><T126/><D126/><U44/><E93/><V16/><F20/><W125/><G125/><T107/><D107/><U129/><E129/><V57/><F57/><W104/><G104/><T65/><D65/><U105/><E105/><V13/><REACH who="2" step="1"/><F17/><REACH who="2" ten="269,240,201,270" step="2"/><W120/><G120/><T51/><D19/><U111/><E42/><V75/><F75/><W134/><G134/><T115/><D23/><U14/><E111/><V35/><F35/><W64/><G130/><T12/><D40/><U68/><E71/><V56/><F56/><W22/><G22/><T1/><D46/><U60/><E70/><V37/><F37/><W108/><G41/><RYUUKYOKU ba="2,2" sc="269,-10,240,-10,201,30,270,-10" hai2="13,16,21,58,62,67,83,84,88,94,98,112,114" /><INIT seed="2,3,2,3,5,90" ten="259,230,231,260" oya="2" hai0="75,23,54,55,71,72,21,127,43,38,124,129,24" hai1="15,20,36,7,2,82,32,51,17,115,44,117,74" hai2="12,41,79,59,73,16,61,9,108,100,34,118,33" hai3="63,5,131,19,123,85,106,125,111,46,109,0,120"/><V119/><F108/><N who="3" m="41547" /><G106/><T121/><D71/><U3/><E115/><V112/><F112/><W80/><G125/><N who="0" m="48203" /><D121/><U88/><E117/><V18/><F100/><W14/><G131/><T103/><D129/><U107/><E107/><V66/><F41/><W69/><G5/><T47/><D103/><U110/><E110/><V94/><F94/><W70/><G0/><T98/><D98/><U93/><E32/><V31/><F18/><W83/><G46/><T13/><D13/><U50/><E36/><V1/><F1/><W53/><G83/><T67/><D67/><U6/><E2/><V128/><F128/><W58/><G70/><T84/><D84/><U95/><E3/><V68/><F68/><W86/><G69/><T101/><D101/><U130/><E130/><V104/><F104/><W89/><G85/><T39/><D39/><U102/><E74/><N who="0" m="28201" /><D23/><AGARI ba="3,2" hai="14,19,23,53,58,63,80,86,89,120,123" m="41547" machi="23" ten="30,1000,0" yaku="14,1" doraHai="90" who="3" fromWho="0" sc="259,-19,230,0,231,0,260,39" /><INIT seed="3,0,0,3,3,112" ten="240,230,231,299" oya="3" hai0="46,98,14,43,56,75,44,135,68,28,125,34,88" hai1="2,52,3,114,26,24,22,5,0,122,47,124,101" hai2="79,31,70,13,97,105,61,82,16,113,132,95,115" hai3="67,69,107,80,21,92,86,96,129,25,66,42,131"/><W1/><G1/><T87/><D68/><U62/><E114/><V127/><F105/><W73/><G42/><T81/><D125/><U71/><E124/><V106/><F106/><W119/><G119/><T17/><D135/><U78/><E122/><V120/><F120/><W91/><G107/><T27/><D75/><U94/><E78/><V36/><F36/><W10/><G10/><T63/><D98/><U111/><E111/><V130/><F31/><W85/><G85/><T59/><D59/><U12/><E12/><V109/><F109/><W134/><G73/><T19/><D19/><U41/><E5/><V7/><F7/><W108/><G134/><T93/><D81/><U123/><E123/><V64/><F132/><W20/><G69/><T18/><D18/><U6/><E6/><V51/><F51/><W49/><G49/><T103/><D103/><U40/><E26/><V116/><F116/><W37/><BYE who="2" /><G37/><T29/><D29/><N who="1" m="17559" /><E71/><V45/><F45/><W76/><G108/><T32/><D32/><U89/><E101/><V8/><F8/><W83/><G83/><UN n2="%E3%81%94%E3%81%BE%E3%81%A1%E3%82%83%E3%82%93%36%36" /><T53/><D43/><U128/><E128/><N who="3" m="49226" /><G25/><T100/><D100/><U55/><E62/><V39/><F39/><W102/><G76/><T117/><D117/><U33/><E33/><V110/><F130/><W23/><AGARI ba="0,0" hai="20,21,23,66,67,80,86,91,92,96,102" m="49226" machi="23" ten="30,1500,0" yaku="19,1" doraHai="112" who="3" fromWho="3" sc="240,-5,230,-5,231,-5,299,15" owari="235,3.5,225,-27.5,226,-17.4,314,41.4" /></mjloggm>