<mjloggm ver="2.3"><GO type="225" lobby="0"/><UN n0="%E9%B3%B3%E6%9D%B1%E3%81%AE%E3%81%86%E3%81%95%E3%81%8E%E3%81%95%E3%82%93" n1="%6D%61%6A%69%6B%75%7A%75" n2="%72%61%6B%33" n3="%E3%81%86%E3%81%A9%E3%82%93%E3%81%93" dan="17,17,16,16" rate="2282.71,2243.90,2116.28,2158.41" sx="M,M,M,M"/><TAIKYOKU oya="0"/><INIT seed="0,0,0,3,0,90" ten="250,250,250,250" oya="0" hai0="52,17,13,23,104,37,76,43,28,62,46,64,71" hai1="11,84,69,127,50,107,103,40,124,8,117,6,77" hai2="93,81,65,67,72,59,119,109,118,58,120,134,31" hai3="61,54,56,48,63,26,135,18,49,83,47,98,99"/><T45/><D104/><U96/><E117/><V16/><F120/><W74/><G135/><T60/><D76/><U21/><E69/><V108/><F31/><W133/><G133/><T34/><D28/><U55/><E40/><V9/><F134/><W39/><G39/><T66/><D34/><U20/><E77/><V30/><F30/><W42/><G74/><T12/><D12/><U51/><E84/><V1/><F81/><W100/><G83/><T94/><D94/><U53/><E6/><V24/><F72/><W101/><G98/><T44/><REACH who="0" step="1"/><D52/><REACH who="0" ten="240,250,250,250" step="2"/><U57/><E55/><V41/><F93/><N who="3" m="58479" /><G101/><T114/><D114/><U22/><REACH who="1" step="1"/><E51/><REACH who="1" ten="240,240,250,250" step="2"/><V7/><F119/><W116/><G116/><T19/><D19/><U3/><E3/><V130/><F16/><W89/><G89/><T106/><D106/><U32/><E32/><V79/><F1/><W92/><G92/><T105/><D105/><U102/><E102/><V112/><F118/><W87/><G87/><T0/><D0/><U25/><E25/><V82/><F24/><W5/><G5/><T68/><AGARI ba="0,2" hai="13,17,23,37,43,44,45,46,60,62,64,66,68,71" machi="68" ten="20,7800,0" yaku="1,1,0,1,7,1,9,1,53,0" doraHai="90" doraHaiUra="75" who="0" fromWho="0" sc="240,98,240,-26,250,-26,250,-26" /><INIT seed="0,1,0,0,3,37" ten="338,214,224,224" oya="0" hai0="107,119,26,8,73,83,98,44,9,5,43,63,6" hai1="12,32,52,94,123,53,112,133,80,22,72,92,93" hai2="95,124,75,45,35,109,34,102,38,89,96,134,68" hai3="46,132,90,82,16,27,84,79,24,74,19,30,110"/><T77/><D119/><U99/><E123/><V23/><F109/><W36/><G110/><T121/><D121/><U29/><E133/><V101/><F134/><W111/><G132/><T116/><D116/><U103/><E32/><V76/><F124/><W128/><G111/><T41/><D26/><U7/><E112/><V33/><F68/><W135/><G128/><T50/><D63/><U49/><E29/><V60/><F60/><W55/><G135/><T59/><D59/><U66/><E66/><V70/><F70/><W51/><G36/><T78/><D78/><U25/><E25/><V1/><F1/><W69/><G27/><T0/><D107/><U40/><E72/><V39/><F23/><W91/><G69/><T20/><D98/><U131/><E80/><V42/><REACH who="2" step="1"/><F39/><REACH who="2" ten="338,214,214,224" step="2"/><W62/><G62/><T67/><D20/><U81/><E22/><V11/><F11/><W104/><G104/><T58/><D67/><U64/><E64/><V71/><F71/><W17/><REACH who="3" step="1"/><G74/><REACH who="3" ten="338,214,214,214" step="2"/><T114/><D73/><U54/><E131/><V130/><F130/><W118/><G118/><T2/><D114/><U65/><E65/><V97/><F97/><W86/><G86/><T115/><D115/><U100/><E99/><V120/><F120/><W4/><G4/><T117/><D117/><U21/><E7/><V113/><F113/><W108/><G108/><T3/><D3/><U129/><E129/><V126/><F126/><W56/><G56/><T122/><D58/><U85/><E85/><V18/><F18/><W125/><G125/><T15/><D0/><U13/><E49/><RYUUKYOKU ba="1,2" sc="338,-15,214,-15,214,15,214,15" hai2="33,34,35,38,42,45,75,76,89,95,96,101,102" hai3="16,17,19,24,30,46,51,55,79,82,84,90,91" /><INIT seed="1,2,2,1,5,35" ten="323,199,229,229" oya="1" hai0="27,53,91,33,107,110,50,38,131,118,13,82,32" hai1="20,47,101,81,69,28,73,14,2,41,104,96,77" hai2="52,114,71,3,59,54,11,125,126,80,40,58,106" hai3="115,95,128,111,51,129,85,90,49,37,98,22,79"/><U116/><E116/><V9/><F106/><W103/><G111/><T64/><D118/><U30/><E69/><V17/><F71/><W67/><G115/><T0/><D38/><U23/><E2/><V88/><F40/><W65/><G37/><T70/><D0/><U133/><E133/><V78/><F114/><W4/><G79/><T119/><D119/><U45/><E45/><V113/><F113/><W16/><G4/><T130/><D107/><U12/><E23/><V21/><F59/><W7/><G7/><T39/><D39/><U43/><E43/><V83/><F83/><N who="3" m="49471" /><G129/><N who="0" m="49163" /><D13/><U122/><E122/><V94/><F3/><W5/><G5/><T31/><D110/><U86/><E73/><V1/><F1/><W108/><G108/><T68/><D64/><N who="3" m="24649" /><G128/><T74/><D32/><U29/><REACH who="1" step="1"/><E20/><REACH who="1" ten="323,189,229,229" step="2"/><V8/><F126/><W24/><AGARI ba="2,3" hai="16,22,24,49,51,95,98,103" m="24649,49471" machi="24" ten="30,2000,0" yaku="8,1,54,1" doraHai="35" who="3" fromWho="3" sc="323,-7,189,-12,229,-7,229,56" /><INIT seed="2,0,0,4,2,129" ten="316,177,222,285" oya="2" hai0="13,27,31,46,123,33,18,68,22,9,52,65,89" hai1="113,26,115,106,124,125,104,19,56,17,40,25,86" hai2="10,87,42,1,61,23,77,127,72,64,93,74,38" hai3="100,36,112,30,96,97,101,43,58,6,84,130,75"/><V131/><F127/><N who="1" m="48713" /><E40/><V94/><F131/><W67/><G75/><T120/><D89/><U14/><E56/><V71/><F23/><W116/><G116/><T134/><D134/><U121/><E86/><V35/><F35/><W90/><G130/><T70/><D65/><U132/><E121/><V69/><F69/><W119/><G119/><T51/><D70/><U108/><E108/><V98/><F87/><W91/><G30/><T15/><REACH who="0" step="1"/><D68/><REACH who="0" ten="306,177,222,285" step="2"/><U37/><E132/><V28/><F64/><W126/><G91/><T105/><D105/><N who="1" m="40555" /><E37/><V85/><F38/><W16/><G36/><T7/><AGARI ba="0,1" hai="7,9,13,15,18,22,27,31,33,46,51,52,120,123" machi="7" ten="20,5200,0" yaku="1,1,0,1,7,1,54,1,53,0" doraHai="129" doraHaiUra="83" who="0" fromWho="0" sc="306,62,177,-13,222,-26,285,-13" /><INIT seed="3,0,0,3,1,18" ten="368,164,196,272" oya="3" hai0="45,19,5,10,33,57,69,48,85,58,112,22,121" hai1="64,39,4,97,13,96,30,98,80,134,28,78,115" hai2="89,0,46,51,131,116,93,47,20,1,31,26,102" hai3="24,53,118,56,108,12,49,36,100,6,94,104,88"/><W34/><G118/><T63/><D33/><U92/><E115/><V8/><F116/><W38/><G104/><T43/><D121/><U35/><E39/><V133/><F131/><W130/><G130/><T107/><D107/><U117/><E117/><V82/><F133/><W101/><G38/><T62/><D112/><U106/><E134/><V113/><F113/><W73/><G36/><T60/><D69/><U9/><E106/><V70/><F70/><W37/><G37/><T119/><D119/><U65/><E92/><V90/><F102/><W83/><G108/><T17/><D85/><U110/><E110/><V23/><F8/><W55/><G34/><T41/><D41/><U129/><E129/><V42/><F82/><W123/><G123/><T77/><D77/><U120/><E120/><V128/><F128/><W135/><G24/><N who="0" m="14415" /><D5/><U127/><E127/><V72/><F72/><W99/><G135/><T111/><D111/><U32/><E35/><V105/><F105/><W21/><G6/><T66/><D58/><U44/><E44/><V126/><F126/><W54/><G73/><T61/><D61/><U124/><E124/><V75/><F75/><W3/><G3/><T68/><D68/><U71/><E71/><V74/><F74/><W103/><G83/><T2/><D2/><N who="2" m="1130" /><F47/><W122/><G122/><T27/><D27/><U109/><E109/><V40/><F40/><W81/><G81/><T50/><D50/><U16/><E4/><V79/><F79/><W25/><G12/><AGARI ba="0,0" hai="10,12,19,43,45,48,57,60,62,63,66" m="14415" machi="12" ten="30,2000,0" yaku="8,1,52,1" doraHai="18" who="0" fromWho="3" sc="368,20,164,0,196,0,272,-20" owari="388,48.8,164,-33.6,196,-20.4,252,5.2" /></mjloggm>