<mjloggm ver="2.3"><GO type="225" lobby="0"/><UN n0="%E3%81%8B%E3%82%8F%E3%81%A1%E3%82%83%E3%82%93%35%38" n1="%4C%4F%4C%49%54%41" n2="%E3%81%B5%E3%81%98%E3%81%8B%E3%81%A4" n3="%72%65%6E%6B%75%6E" dan="16,16,16,17" rate="2178.30,2165.60,2124.47,2236.85" sx="M,F,M,M"/><TAIKYOKU oya="0"/><INIT seed="0,0,0,4,4,30" ten="250,250,250,250" oya="0" hai0="118,8,94,31,10,113,99,112,37,51,18,80,70" hai1="42,55,123,114,78,93,62,41,108,128,16,9,58" hai2="34,104,3,46,121,48,106,53,15,115,111,91,56" hai3="125,88,66,95,124,22,73,29,75,38,135,47,33"/><T83/><D37/><U4/><E123/><V134/><F121/><W92/><G135/><T28/><D70/><U120/><E120/><V132/><F115/><W100/><G66/><T64/><D64/><U85/><E108/><V25/><F3/><W7/><G7/><T6/><D51/><U84/><E128/><V39/><F111/><W72/><G22/><T133/><D118/><U117/><E117/><V109/><F109/><W107/><G107/><T77/><D133/><N who="2" m="51306" /><F15/><W69/><G69/><T97/><D94/><U57/><E114/><V116/><F91/><W11/><G11/><T71/><D71/><U50/><E4/><V40/><F116/><W90/><G47/><T103/><D6/><U21/><E9/><V74/><F74/><W14/><G14/><T59/><D59/><U13/><E85/><V43/><F43/><W17/><G38/><T110/><D110/><U45/><E45/><V81/><F81/><W24/><G17/><T61/><D18/><U68/><E68/><V79/><F79/><W60/><G60/><T20/><D20/><U27/><E27/><V52/><F53/><W54/><G54/><T32/><D77/><U105/><E105/><N who="2" m="40555" /><F25/><W126/><REACH who="3" step="1"/><G92/><REACH who="3" ten="250,250,250,240" step="2"/><T130/><D130/><U19/><E19/><V82/><F82/><W5/><G5/><T26/><D26/><U49/><E93/><V86/><F39/><W36/><G36/><T23/><D23/><U76/><E62/><V127/><F46/><W67/><G67/><T0/><D61/><U129/><E21/><V87/><F40/><W98/><AGARI ba="0,1" hai="24,29,33,72,73,75,88,90,95,98,100,124,125,126" machi="98" ten="40,8000,1" yaku="1,1,0,1,18,1,52,1,54,1,53,0" doraHai="30" doraHaiUra="102" who="3" fromWho="3" sc="250,-40,250,-20,250,-20,240,90" /><INIT seed="1,0,0,3,5,66" ten="210,230,230,330" oya="1" hai0="69,10,62,56,90,8,101,109,42,54,58,25,71" hai1="45,81,106,77,23,9,92,102,4,115,64,57,84" hai2="32,51,119,37,46,123,26,19,88,128,41,74,21" hai3="91,98,80,89,31,97,114,36,133,63,68,120,15"/><U48/><E115/><V118/><F123/><W104/><G36/><T85/><D109/><U13/><E106/><V7/><F128/><W82/><G31/><T50/><D101/><U117/><E117/><V99/><F74/><W65/><G114/><T76/><D76/><U39/><E39/><V116/><F7/><W18/><G120/><T16/><D10/><U1/><E1/><V40/><F32/><W5/><G5/><T113/><D113/><U2/><E2/><V111/><F111/><W33/><G33/><T86/><D86/><U20/><E57/><V131/><F131/><W14/><G133/><T60/><D60/><U108/><E64/><V47/><REACH who="2" step="1"/><F116/><REACH who="2" ten="210,230,220,330" step="2"/><W27/><G104/><T0/><D0/><U34/><E34/><V78/><F78/><W94/><G27/><T105/><D105/><U110/><E108/><V11/><F11/><W83/><G18/><T6/><D6/><U24/><E24/><V17/><F17/><W38/><G38/><T3/><D3/><U12/><E110/><V107/><F107/><W70/><G15/><T49/><D8/><U53/><REACH who="1" step="1"/><E13/><REACH who="1" ten="210,220,220,330" step="2"/><V130/><F130/><W103/><G14/><T125/><D25/><U35/><E35/><V96/><F96/><AGARI ba="0,2" hai="4,9,12,20,23,45,48,53,77,81,84,92,96,102" machi="96" ten="40,3900,0" yaku="1,1,8,1,53,0" doraHai="66" doraHaiUra="122" who="1" fromWho="2" sc="210,0,220,59,220,-39,330,0" /><INIT seed="1,1,0,3,4,25" ten="210,279,181,330" oya="1" hai0="69,12,101,59,36,42,70,9,75,87,96,52,80" hai1="115,129,98,90,20,120,58,116,16,67,50,35,1" hai2="19,15,24,77,94,11,7,10,113,76,4,44,91" hai3="135,49,54,109,118,128,119,22,5,81,123,82,124"/><U47/><E115/><V60/><F113/><W88/><G123/><T51/><D75/><U103/><E116/><N who="3" m="44586" /><G109/><T74/><D74/><U8/><E120/><V18/><F44/><W2/><G124/><T111/><D36/><U125/><E35/><V99/><F24/><W114/><G114/><T37/><D37/><U0/><E129/><V48/><F48/><W107/><G107/><T46/><D111/><U21/><E21/><V32/><F32/><W89/><G128/><T45/><D70/><U78/><E78/><V38/><F38/><W43/><G43/><T95/><D69/><U27/><E90/><N who="3" m="34922" /><G135/><T73/><D73/><U134/><E8/><V102/><F91/><W30/><G22/><T57/><D46/><U61/><E125/><V6/><REACH who="2" step="1"/><F60/><REACH who="2" ten="210,279,171,330" step="2"/><W26/><G26/><T29/><D42/><U53/><REACH who="1" step="1"/><E134/><REACH who="1" ten="210,269,171,330" step="2"/><V79/><F79/><W108/><G108/><T41/><D41/><U83/><E83/><V34/><F34/><W31/><G82/><T71/><D80/><U86/><E86/><V66/><F66/><W56/><G81/><T64/><D87/><U14/><E14/><AGARI ba="1,2" hai="4,6,7,10,11,14,15,18,19,76,77,94,99,102" machi="14" ten="40,5200,0" yaku="1,1,9,1,8,1,53,0" doraHai="25" doraHaiUra="62" who="2" fromWho="1" sc="210,0,269,-55,171,75,330,0" /><INIT seed="2,0,0,3,3,20" ten="210,214,246,330" oya="2" hai0="4,36,88,95,109,52,116,31,48,14,101,38,34" hai1="107,60,15,61,66,7,47,121,117,43,62,37,99" hai2="123,41,98,84,50,82,23,128,72,124,114,46,70" hai3="19,56,58,21,135,77,6,129,85,127,115,13,29"/><V122/><F114/><W81/><G115/><T104/><D104/><U92/><E117/><V39/><F124/><W45/><G127/><T25/><D101/><U91/><E121/><V126/><F126/><W33/><G129/><T83/><D83/><U11/><REACH who="1" step="1"/><E107/><REACH who="1" ten="210,204,246,330" step="2"/><V73/><F123/><W18/><G135/><T24/><D116/><U55/><E55/><V63/><F122/><W113/><G113/><T69/><D109/><U118/><E118/><V28/><F128/><W71/><G71/><AGARI ba="0,1" hai="7,11,15,37,43,47,60,61,62,66,71,91,92,99" machi="71" ten="30,2000,0" yaku="1,1,7,1,53,0" doraHai="20" doraHaiUra="74" who="1" fromWho="3" sc="210,0,204,30,246,0,330,-20" /><INIT seed="3,0,0,4,1,58" ten="210,234,246,310" oya="3" hai0="122,52,8,18,31,41,115,20,114,16,85,106,1" hai1="116,42,34,71,50,44,104,21,86,102,24,127,129" hai2="6,98,81,59,72,84,30,56,73,46,9,4,27" hai3="39,88,25,124,108,87,125,110,121,26,92,35,40"/><W36/><G121/><T11/><D106/><U77/><E34/><V23/><F6/><W80/><G80/><T131/><D41/><U49/><E71/><V63/><F56/><W28/><G26/><N who="0" m="16839" /><D85/><U51/><E104/><V101/><F46/><N who="3" m="23815" /><G39/><T103/><D103/><U135/><E102/><V14/><F101/><W57/><G57/><T70/><D70/><U134/><E129/><V67/><REACH who="2" step="1"/><F98/><REACH who="2" ten="210,234,236,310" step="2"/><W75/><G75/><T97/><D97/><U5/><E5/><V12/><F12/><W7/><G7/><N who="0" m="1135" /><D122/><U54/><E134/><V3/><F3/><W107/><G107/><T61/><D131/><U105/><E105/><V76/><AGARI ba="0,1" hai="4,9,14,23,27,30,59,63,67,72,73,76,81,84" machi="76" ten="20,8000,1" yaku="1,1,0,1,7,1,52,1,53,1" doraHai="58" doraHaiUra="2" who="2" fromWho="2" sc="210,-20,234,-20,236,90,310,-40" owari="190,-31.0,214,-18.6,326,42.6,270,7.0" /></mjloggm>