<mjloggm ver="2.3"><GO type="225" lobby="0"/><UN n0="%E9%BB%92%E9%89%84%E7%8F%A0%E9%9B%AB" n1="%43%68%65" n2="%45%6C%79%73%69%75%6D" n3="%E5%AE%AE%E4%BF%9D%E9%B6%8F%E8%82%89" dan="16,16,17,16" rate="2144.22,2150.24,2125.35,2129.75" sx="F,M,F,M"/><TAIKYOKU oya="0"/><INIT seed="0,0,0,4,3,15" ten="250,250,250,250" oya="0" hai0="4,27,21,105,65,116,133,60,77,107,101,90,68" hai1="118,37,34,79,66,121,111,33,93,87,56,132,75" hai2="134,106,80,46,76,29,103,16,123,63,50,35,19" hai3="10,135,129,3,94,59,62,39,88,112,125,108,17"/><T109/><D116/><U45/><E118/><V9/><F123/><W73/><G112/><T44/><D133/><U64/><E121/><V110/><F9/><W5/><G39/><T78/><D4/><U14/><E75/><V25/><F134/><W13/><G73/><T41/><D109/><U6/><E111/><V31/><F31/><W74/><G74/><T126/><D126/><U120/><E120/><V20/><F110/><W102/><G108/><T48/><D90/><U57/><E132/><V99/><F20/><W69/><G135/><T54/><D101/><U114/><E57/><V98/><F98/><W51/><G102/><T22/><D22/><U97/><E114/><V117/><F117/><W67/><G129/><T53/><D53/><U122/><E122/><V84/><F63/><W11/><G125/><T1/><D1/><U119/><E119/><V47/><F47/><W49/><REACH who="3" step="1"/><G69/><REACH who="3" ten="250,250,250,240" step="2"/><T28/><REACH who="0" step="1"/><D41/><AGARI ba="0,1" hai="16,19,25,29,35,41,46,50,76,80,84,99,103,106" machi="41" ten="30,7700,0" yaku="7,1,52,2,54,1" doraHai="15" who="2" fromWho="0" sc="250,-77,250,0,250,87,240,0" /><INIT seed="1,0,0,3,4,42" ten="173,250,337,240" oya="1" hai0="12,58,114,9,87,19,123,35,119,51,73,0,84" hai1="131,101,34,129,40,134,14,122,65,82,104,67,85" hai2="116,59,55,47,100,60,102,2,112,26,29,79,5" hai3="133,41,117,107,1,52,90,56,61,109,8,66,74"/><U108/><E122/><V93/><F116/><W103/><G74/><T130/><D119/><U126/><E34/><V86/><F112/><W99/><G117/><T113/><D73/><U135/><E14/><V49/><F2/><W98/><G109/><T110/><D110/><U71/><E108/><V120/><F5/><W31/><G41/><T23/><D123/><U45/><E101/><V37/><F37/><W63/><G31/><T92/><D130/><N who="1" m="49675" /><E104/><V70/><F70/><W127/><G127/><T39/><D39/><N who="1" m="21663" /><E135/><V25/><F25/><W118/><G118/><T4/><D35/><U54/><E71/><V124/><F124/><W21/><G21/><T105/><D105/><U69/><E69/><V36/><F36/><W3/><G133/><T81/><D87/><U32/><E32/><V46/><F120/><W24/><G24/><T97/><D97/><U50/><E134/><V7/><F7/><W18/><G1/><T15/><D0/><U78/><E126/><V10/><F10/><W96/><G3/><T22/><D22/><U89/><E78/><V38/><F38/><W44/><G90/><T13/><D13/><U128/><N who="1" m="49683" /><U83/><DORA hai="75" /><E83/><N who="2" m="47487" /><F102/><W53/><G103/><T80/><D114/><U33/><E33/><V57/><F100/><W77/><G107/><T20/><D20/><U6/><E6/><V62/><F93/><W43/><G77/><T11/><D113/><U17/><E17/><V27/><F27/><W95/><G95/><T115/><D115/><U16/><E16/><V76/><F76/><W30/><G8/><T48/><D11/><RYUUKYOKU ba="0,0" sc="173,-10,250,30,337,-10,240,-10" hai1="50,54,65,67,82,85,89" /><INIT seed="1,1,0,4,4,126" ten="163,280,327,230" oya="1" hai0="99,61,18,28,48,120,83,72,62,5,116,68,14" hai1="124,90,24,105,0,7,94,107,19,82,11,33,122" hai2="115,78,56,77,97,63,92,108,50,39,64,38,114" hai3="34,30,73,71,1,25,3,46,79,47,85,41,127"/><U117/><E117/><V95/><F108/><W110/><G71/><T81/><D116/><U104/><E122/><V40/><F50/><W129/><G73/><T55/><D120/><U109/><E124/><V91/><F95/><W118/><G127/><T88/><D28/><U102/><E109/><V128/><F128/><W65/><G65/><T16/><D5/><U87/><E19/><N who="0" m="7209" /><D68/><U131/><E131/><V58/><F58/><W6/><G110/><T54/><D14/><U60/><E60/><N who="0" m="23145" /><D72/><U75/><E33/><V35/><F35/><W96/><G118/><T13/><D13/><U2/><E24/><V69/><F69/><W76/><G129/><T59/><D55/><U9/><E9/><V80/><F40/><W134/><G6/><T84/><D99/><N who="1" m="61535" /><E2/><V29/><F29/><W103/><G1/><T135/><D135/><U12/><E12/><V17/><F17/><W52/><G3/><T15/><D15/><U42/><E42/><V67/><F67/><W32/><G134/><T22/><D22/><U70/><E70/><V31/><F31/><W86/><G34/><T49/><D49/><U123/><E123/><V100/><F39/><W43/><G52/><T4/><D4/><U21/><E21/><V45/><F38/><N who="3" m="21815" /><G43/><T93/><AGARI ba="1,0" hai="48,54,59,81,83,84,88,93" m="23145,7209" machi="93" ten="30,4000,0" yaku="8,1,54,2" doraHai="126" who="0" fromWho="0" sc="163,43,280,-21,327,-11,230,-11" /><INIT seed="2,0,0,2,2,18" ten="206,259,316,219" oya="2" hai0="85,1,79,98,88,44,120,9,110,4,41,14,104" hai1="51,59,127,103,3,67,92,111,70,131,31,77,61" hai2="68,126,16,38,78,10,66,74,114,25,30,113,35" hai3="108,40,129,83,29,58,135,76,84,34,26,27,96"/><V43/><F126/><W62/><G108/><T19/><D120/><U60/><E3/><V8/><F8/><W22/><G135/><T54/><D110/><U21/><E111/><V116/><F116/><W53/><G129/><T73/><D73/><U20/><E131/><V37/><F10/><W102/><G40/><T64/><D64/><U24/><E127/><V89/><F89/><W11/><G11/><T124/><D79/><U0/><E0/><V112/><F16/><W39/><G39/><T49/><D124/><U36/><E36/><V100/><F100/><W52/><G53/><T80/><D104/><U123/><E123/><V72/><F78/><W106/><REACH who="3" step="1"/><G27/><REACH who="3" ten="206,259,316,209" step="2"/><T17/><D1/><U33/><E24/><V75/><F43/><W57/><G57/><T105/><REACH who="0" step="1"/><D41/><REACH who="0" ten="196,259,316,209" step="2"/><U133/><E133/><V71/><F71/><W65/><G65/><T5/><D5/><U47/><E67/><V109/><F109/><W101/><G101/><AGARI ba="0,2" hai="4,9,14,17,19,44,49,54,80,85,88,98,101,105" machi="101" ten="40,2600,0" yaku="1,1,54,1,53,0" doraHai="18" doraHaiUra="117" who="0" fromWho="3" sc="196,46,259,0,316,0,209,-26" /><INIT seed="3,0,0,0,0,24" ten="242,259,316,183" oya="3" hai0="97,125,115,84,99,57,64,29,78,127,20,119,116" hai1="58,61,126,133,10,90,22,102,13,19,49,109,11" hai2="81,131,62,18,91,26,45,39,63,65,130,110,79" hai3="107,75,103,40,53,44,70,6,67,104,9,28,76"/><W85/><G75/><T120/><D120/><U88/><E109/><V96/><F110/><W68/><G53/><T7/><D7/><U41/><E126/><N who="0" m="48137" /><D115/><U93/><E133/><V31/><F18/><W69/><G67/><T47/><D47/><N who="1" m="25839" /><E102/><V42/><F91/><N who="1" m="34857" /><E93/><V50/><F96/><N who="0" m="36938" /><D20/><U12/><E12/><V100/><F100/><W25/><G103/><T112/><D112/><U105/><E105/><V54/><F65/><AGARI ba="0,0" hai="10,11,13,19,22,58,61,65" m="34857,25839" machi="65" ten="30,2000,0" yaku="8,1,54,1" doraHai="24" who="1" fromWho="2" sc="242,0,259,20,316,-20,183,0" /><INIT seed="4,0,0,5,4,120" ten="242,279,296,183" oya="0" hai0="80,125,101,41,3,93,83,63,57,55,9,82,94" hai1="58,111,52,109,118,12,114,135,21,59,37,4,68" hai2="116,95,86,32,97,73,67,74,102,123,30,77,60" hai3="113,16,5,108,15,84,121,119,17,124,39,22,7"/><T10/><D125/><U99/><E118/><V71/><F123/><W24/><G121/><T91/><D41/><U129/><E68/><V1/><F1/><W18/><G39/><T34/><D34/><U130/><E135/><V38/><F38/><W33/><G84/><T112/><D112/><U35/><E35/><V115/><F115/><W20/><G113/><T40/><D40/><U131/><E114/><V106/><F116/><W81/><G81/><T98/><REACH who="0" step="1"/><D3/><REACH who="0" ten="232,279,296,183" step="2"/><U132/><E132/><V104/><F32/><W8/><G119/><T62/><D62/><U13/><E37/><V23/><F60/><W70/><G70/><T48/><D48/><U19/><E99/><AGARI ba="0,1" hai="9,10,55,57,63,80,82,83,91,93,94,98,99,101" machi="99" ten="40,3900,0" yaku="1,1,8,1,53,0" doraHai="120" doraHaiUra="105" who="0" fromWho="1" sc="232,49,279,-39,296,0,183,0" /><INIT seed="4,1,0,1,0,81" ten="281,240,296,183" oya="0" hai0="31,91,36,119,104,117,83,0,77,106,4,85,69" hai1="19,113,43,10,124,54,29,96,20,3,87,80,115" hai2="123,1,13,95,89,121,98,6,47,118,50,46,33" hai3="30,79,18,62,55,75,125,94,32,49,64,92,2"/><T14/><D69/><U74/><E74/><V101/><F33/><W97/><G125/><T28/><D36/><U12/><E124/><V112/><F1/><W39/><G39/><T127/><D127/><U131/><E43/><V122/><F112/><N who="1" m="43081" /><E131/><V72/><F72/><W16/><G2/><T11/><D106/><U109/><E109/><V66/><F66/><W68/><G79/><T99/><D0/><U40/><E40/><V126/><F126/><W108/><G75/><T5/><D104/><U102/><E54/><V129/><F129/><W58/><G108/><T51/><D51/><U27/><E3/><V130/><F130/><W22/><G32/><T61/><D61/><U82/><E87/><V42/><F118/><W134/><G134/><T26/><D5/><U35/><E10/><V111/><F111/><W110/><G110/><T44/><D44/><U84/><E84/><V37/><F46/><W71/><G71/><T23/><REACH who="0" step="1"/><D31/><REACH who="0" ten="271,240,296,183" step="2"/><U114/><E114/><V70/><F70/><W107/><G107/><AGARI ba="1,1" hai="12,19,20,27,29,35,80,82,96,102,107" m="43081" machi="107" ten="30,2000,0" yaku="15,1,11,1" doraHai="81" who="1" fromWho="3" sc="271,0,240,33,296,0,183,-23" /><INIT seed="5,0,0,0,3,115" ten="271,273,296,160" oya="1" hai0="42,49,92,45,50,110,54,118,62,30,57,94,12" hai1="10,34,90,76,18,105,66,24,72,130,79,25,61" hai2="69,87,20,8,120,100,13,113,123,134,59,37,43" hai3="73,68,74,119,64,11,129,128,26,97,39,98,0"/><U78/><E130/><N who="3" m="50282" /><G39/><T82/><D110/><U88/><E105/><V99/><F69/><W19/><G68/><T106/><D106/><U22/><E72/><N who="3" m="27754" /><G64/><T70/><D30/><U55/><E55/><V125/><F20/><N who="3" m="13599" /><G119/><T14/><D118/><U101/><E101/><V47/><F120/><W52/><G52/><N who="0" m="34087" /><D70/><U86/><E10/><V15/><F123/><W23/><G23/><T28/><D28/><U6/><E6/><AGARI ba="0,0" hai="0,6,11,97,98" m="13599,27754,50282" machi="6" ten="30,1000,0" yaku="19,1" doraHai="115" who="3" fromWho="1" sc="271,0,273,-10,296,0,160,10" /><INIT seed="6,0,0,5,5,1" ten="271,263,296,170" oya="2" hai0="33,61,63,13,16,67,50,117,28,135,119,45,42" hai1="36,101,81,21,17,130,27,89,112,131,104,79,47" hai2="71,32,95,4,38,98,75,39,34,24,125,124,85" hai3="80,25,113,97,134,82,11,48,73,65,116,70,51"/><V66/><F75/><W133/><G116/><N who="0" m="44619" /><D135/><N who="3" m="51721" /><G113/><T58/><D63/><U57/><E57/><V60/><F85/><W110/><G110/><T54/><D28/><U20/><E112/><V120/><F120/><W92/><G25/><T77/><D77/><U43/><E89/><V31/><F32/><W132/><N who="3" m="51729" /><W128/><DORA hai="40" /><G128/><N who="1" m="49194" /><E21/><V99/><F99/><W53/><G11/><N who="0" m="6207" /><D33/><U88/><E104/><V22/><F34/><W107/><G107/><T41/><AGARI ba="0,0" hai="41,42,45,50,54,58,61,67" m="6207,44619" machi="41" ten="30,4000,0" yaku="12,1,52,1,54,1" doraHai="1,40" who="0" fromWho="0" sc="271,40,263,-10,296,-20,170,-10" owari="311,41.1,253,-14.7,276,7.6,160,-34.0" /></mjloggm>