<mjloggm ver="2.3"><GO type="225" lobby="0"/><UN n0="%E6%80%AA%E3%81%97%E3%81%99%E3%81%8E%E3%82%8B%E3%83%81%E3%83%BC" n1="%4C%4F%4C%49%54%41" n2="%E9%80%9F%E6%B0%B4%E5%87%9B%E9%A6%99" n3="%6D%75%75%6D%75%72%61" dan="17,16,16,16" rate="2175.44,2183.82,2082.33,2090.11" sx="M,F,F,F"/><TAIKYOKU oya="0"/><INIT seed="0,0,0,0,3,85" ten="250,250,250,250" oya="0" hai0="48,135,59,95,94,134,29,104,129,51,66,47,91" hai1="35,121,10,42,17,22,1,107,131,126,38,128,13" hai2="40,89,8,123,115,79,74,82,76,2,81,16,15" hai3="116,132,83,108,61,30,56,32,122,90,18,86,11"/><T119/><D119/><U64/><E107/><V46/><F115/><W103/><G116/><T19/><D104/><U105/><E105/><V67/><F123/><W12/><G122/><T3/><D3/><U114/><E121/><V0/><F67/><W14/><G108/><T58/><D129/><N who="1" m="49739" /><E64/><V127/><F127/><W7/><G132/><N who="0" m="50731" /><D29/><U120/><E120/><V63/><F63/><W77/><G103/><T24/><D94/><U23/><E42/><V93/><F81/><W39/><G39/><T80/><D80/><U25/><E38/><V54/><F54/><N who="3" m="33943" /><G32/><T110/><D110/><U44/><E44/><V84/><REACH who="2" step="1"/><F76/><REACH who="2" ten="250,250,240,250" step="2"/><W106/><G77/><T37/><D66/><U72/><E126/><V62/><F62/><W100/><G83/><T112/><D112/><U28/><E114/><V27/><F27/><W98/><G14/><T49/><D24/><U45/><E1/><V88/><F88/><W118/><G90/><T124/><D124/><U68/><E68/><V53/><F53/><W31/><G118/><T4/><D91/><U5/><E45/><V97/><F97/><W99/><G99/><T52/><D47/><U65/><E65/><V133/><F133/><W78/><G78/><T69/><D52/><U73/><E25/><V57/><F57/><W117/><G117/><T26/><D69/><U87/><E73/><V101/><F101/><W71/><G71/><T60/><D59/><U130/><E72/><V50/><AGARI ba="0,1" hai="0,2,8,15,16,40,46,50,74,79,82,84,89,93" machi="50" ten="20,12000,2" yaku="1,1,0,1,7,1,52,1,54,1,53,1" doraHai="85" doraHaiUra="36" who="2" fromWho="2" sc="250,-60,250,-30,240,130,250,-30" /><INIT seed="1,0,0,1,3,67" ten="190,220,370,220" oya="1" hai0="97,116,30,91,5,44,133,39,48,32,77,0,95" hai1="42,112,17,14,81,41,111,1,124,130,72,127,37" hai2="34,121,99,93,33,49,69,64,108,51,53,19,10" hai3="132,103,31,7,29,129,8,68,109,38,119,79,71"/><U74/><E112/><V12/><F121/><W35/><G38/><T24/><D116/><U92/><E1/><V113/><F108/><W43/><G109/><T85/><D133/><U62/><E111/><V128/><F113/><W110/><G110/><T22/><D39/><U3/><E130/><V36/><F36/><W123/><G123/><T122/><D122/><U6/><E37/><V63/><F128/><W131/><G43/><N who="1" m="16394" /><E3/><V57/><REACH who="2" step="1"/><F51/><REACH who="2" ten="190,220,360,220" step="2"/><W27/><G119/><T59/><D48/><U106/><E127/><V118/><F118/><W134/><G129/><T47/><D44/><U126/><E126/><V2/><F2/><W25/><G131/><T46/><D47/><U16/><E124/><V94/><F94/><W26/><G132/><T80/><D46/><U98/><E92/><V88/><AGARI ba="0,1" hai="10,12,19,33,34,49,53,57,63,64,69,88,93,99" machi="88" ten="20,8000,1" yaku="1,1,0,1,7,1,52,1,54,1,53,0" doraHai="67" doraHaiUra="96" who="2" fromWho="2" sc="190,-20,220,-40,360,90,220,-20" /><INIT seed="2,0,0,4,2,17" ten="170,180,450,200" oya="2" hai0="101,18,70,124,39,93,129,8,19,67,44,68,119" hai1="112,131,30,62,114,28,32,127,86,76,96,128,22" hai2="98,9,15,4,0,84,121,122,97,33,89,102,95" hai3="41,16,20,26,52,36,91,71,50,60,72,31,73"/><V2/><F33/><W100/><G100/><T47/><D129/><N who="1" m="49739" /><E127/><V38/><F38/><W5/><G5/><T116/><D124/><U1/><E1/><V117/><F117/><N who="0" m="45130" /><D67/><U90/><E32/><V99/><REACH who="2" step="1"/><F102/><REACH who="2" ten="170,180,440,200" step="2"/><W23/><G36/><T111/><D39/><U115/><E115/><V133/><F133/><W130/><G130/><T57/><D101/><U55/><E114/><V35/><F35/><W3/><G72/><T63/><D111/><U135/><E135/><V80/><F80/><W51/><G73/><T61/><D93/><U48/><E112/><V13/><F13/><W21/><G3/><AGARI ba="0,1" hai="0,2,3,4,9,15,84,89,95,97,98,99,121,122" machi="3" ten="40,3900,0" yaku="1,1,53,1" doraHai="17" doraHaiUra="81" who="2" fromWho="3" sc="170,0,180,0,440,49,200,-39" /><INIT seed="2,1,0,5,5,39" ten="170,180,489,161" oya="2" hai0="52,117,1,2,105,94,61,8,20,85,5,17,132" hai1="46,62,51,88,29,43,13,47,37,74,98,92,34" hai2="111,118,11,80,77,86,124,31,135,82,33,56,131" hai3="68,12,25,63,30,69,100,24,72,21,121,113,40"/><V70/><F70/><W38/><G121/><T55/><D105/><U36/><E74/><V3/><F118/><W9/><G72/><T48/><D117/><U79/><E79/><V97/><F135/><W126/><G126/><T130/><D132/><U23/><E34/><V10/><F124/><W6/><G113/><T89/><D130/><U28/><E37/><V66/><F131/><W107/><G25/><T99/><D2/><U104/><E104/><V128/><F128/><W115/><G115/><T93/><D61/><U133/><E133/><V123/><F123/><W42/><G38/><T27/><REACH who="0" step="1"/><D48/><REACH who="0" ten="160,180,489,161" step="2"/><U53/><E62/><V129/><F3/><W106/><G106/><T76/><D76/><U22/><E51/><V45/><F77/><W4/><G4/><T15/><D15/><U50/><E13/><V57/><F129/><W87/><G87/><T101/><AGARI ba="1,1" hai="1,5,8,17,20,27,52,55,85,89,93,94,99,101" machi="101" ten="20,8000,1" yaku="1,1,0,1,7,1,54,1,53,1" doraHai="39" doraHaiUra="14" who="0" fromWho="0" sc="160,93,180,-21,489,-41,161,-21" /><INIT seed="3,0,0,1,4,130" ten="253,159,448,140" oya="3" hai0="64,22,124,65,110,56,13,0,43,18,115,70,122" hai1="32,11,60,45,112,98,111,77,14,10,26,6,63" hai2="83,97,128,42,118,99,131,78,12,20,119,68,82" hai3="33,89,74,91,41,100,109,71,24,52,92,28,51"/><W66/><G74/><T16/><D0/><U38/><E112/><V95/><F68/><W37/><G37/><T114/><D122/><U76/><E111/><V8/><F20/><W101/><G41/><T103/><D110/><U80/><E77/><V113/><F42/><W49/><G109/><T88/><D124/><U53/><E98/><V133/><F133/><W134/><G134/><T15/><D103/><U125/><E125/><V40/><F40/><W108/><G108/><T3/><D3/><U79/><E79/><V104/><F104/><W25/><G51/><T4/><D4/><U73/><E38/><V9/><F113/><N who="0" m="43018" /><D70/><U21/><E11/><V86/><F12/><W121/><G121/><T57/><D88/><U126/><E32/><V7/><F7/><W2/><G2/><T127/><D43/><U36/><E36/><V129/><F99/><W34/><G91/><T19/><D19/><U120/><E126/><V31/><F31/><W107/><G107/><T62/><D127/><U106/><E106/><V17/><F83/><W85/><G71/><N who="0" m="42391" /><D65/><U58/><E120/><V67/><F67/><W87/><G66/><T61/><D61/><U35/><E63/><V50/><F86/><W29/><REACH who="3" step="1"/><G87/><REACH who="3" ten="253,159,448,130" step="2"/><T27/><D57/><AGARI ba="0,1" hai="24,25,28,29,33,34,49,52,57,85,89,92,100,101" machi="57" ten="30,12000,1" yaku="1,1,2,1,7,1,9,1,54,1,53,0" doraHai="130" doraHaiUra="39" who="3" fromWho="0" sc="253,-120,159,0,448,0,130,130" /><INIT seed="3,1,0,4,3,22" ten="133,159,448,260" oya="3" hai0="131,123,58,135,100,23,132,70,27,128,104,32,26" hai1="107,112,36,86,49,57,13,103,54,10,43,81,24" hai2="78,88,46,30,77,64,55,17,29,47,114,7,38" hai3="8,111,45,125,50,28,105,67,98,119,74,62,60"/><W92/><G119/><T33/><D123/><U61/><E112/><V127/><F114/><W82/><G105/><T90/><D70/><U87/><E36/><V97/><F38/><W16/><G125/><T68/><D68/><U75/><E75/><V4/><F127/><W71/><G111/><T99/><D90/><U120/><E120/><V94/><F64/><W59/><G28/><N who="0" m="19479" /><D58/><U122/><E122/><V65/><F65/><W51/><G74/><T19/><D33/><U5/><E24/><V133/><F133/><AGARI ba="1,0" hai="19,23,27,99,100,104,128,131,132,133,135" m="19479" machi="133" ten="30,3900,0" yaku="20,1,52,2" doraHai="22" who="0" fromWho="2" sc="133,42,159,0,448,-42,260,0" owari="175,-22.5,159,-34.1,406,50.6,260,6.0" /></mjloggm>