<mjloggm ver="2.3"><GO type="225" lobby="0"/><UN n0="%6D%75%75%6D%75%72%61" n1="%E7%AD%89%E3%80%85%E5%8A%9B%E5%8A%87%E5%A0%B4" n2="%E5%84%AA%40%41%42%43" n3="%6E%69%63%6B%6C%6F%77" dan="16,16,18,16" rate="2129.37,2150.92,2239.65,2095.31" sx="F,M,M,F"/><TAIKYOKU oya="0"/><INIT seed="0,0,0,1,1,96" ten="250,250,250,250" oya="0" hai0="123,16,14,1,115,65,8,81,66,120,51,83,99" hai1="103,70,107,27,86,85,135,129,101,113,104,30,0" hai2="73,80,106,6,128,55,13,122,5,117,22,54,2" hai3="110,114,9,39,61,62,91,41,111,108,78,35,118"/><T121/><D115/><U48/><E0/><V59/><F122/><W95/><G114/><T63/><D1/><U20/><E113/><V116/><F128/><W75/><G118/><N who="2" m="45673" /><F2/><W23/><G35/><T127/><D127/><U53/><E70/><V97/><F73/><W64/><G9/><T33/><D33/><U7/><E7/><N who="2" m="2571" /><F80/><W130/><G130/><T36/><D36/><U52/><E129/><V125/><F125/><W79/><G75/><T68/><D66/><U92/><E135/><V4/><F59/><W109/><G61/><T88/><REACH who="0" step="1"/><D51/><REACH who="0" ten="240,250,250,250" step="2"/><U40/><E48/><V112/><F112/><W19/><G39/><T44/><D44/><U50/><E50/><V42/><F42/><W132/><G41/><T126/><D126/><U100/><E40/><V34/><F34/><W71/><N who="3" m="27648" /><DORA hai="90" /><W131/><G131/><T45/><D45/><U67/><E67/><V46/><F46/><W17/><G132/><T49/><D49/><U28/><E53/><V24/><F54/><W133/><G133/><T43/><D43/><U12/><E52/><V105/><F55/><W47/><G47/><T58/><D58/><U60/><E60/><V38/><F38/><W11/><G62/><T89/><D89/><U124/><E124/><V82/><F106/><W29/><G64/><T21/><D21/><U119/><E119/><V31/><F105/><W10/><G71/><T74/><D74/><U76/><E107/><V15/><F22/><W26/><G10/><T102/><D102/><N who="1" m="39531" /><E104/><V72/><F72/><W84/><G11/><T37/><D37/><U134/><E134/><RYUUKYOKU ba="0,1" sc="240,15,250,-15,250,-15,250,15" hai0="8,14,16,63,65,68,81,83,88,99,120,121,123" hai3="17,19,23,26,29,78,79,84,91,95" /><INIT seed="0,1,1,3,2,16" ten="255,235,235,265" oya="0" hai0="115,70,114,34,66,91,42,25,88,76,48,112,26" hai1="50,72,44,132,18,2,9,4,8,87,6,14,71" hai2="27,21,128,13,75,101,57,107,97,63,30,93,3" hai3="52,33,41,103,68,32,38,80,123,99,77,106,58"/><T17/><D76/><U49/><E72/><V116/><F128/><W35/><G68/><T113/><N who="0" m="28672" /><DORA hai="20" /><T100/><D100/><U96/><E71/><V61/><F3/><W22/><G123/><T122/><D122/><U86/><E132/><V79/><F116/><W7/><G7/><T124/><D124/><U81/><E6/><V82/><F13/><W78/><G80/><T92/><D70/><U64/><E64/><V37/><F37/><W125/><G125/><T129/><D129/><U45/><E96/><V47/><F47/><W105/><G105/><T60/><D34/><U131/><E131/><V110/><F110/><W109/><G109/><T85/><D17/><U119/><E119/><V121/><F121/><W133/><G133/><T94/><D42/><U10/><E10/><V19/><F19/><W15/><G15/><T23/><D48/><U104/><E104/><V0/><F0/><W134/><G22/><T126/><D126/><U69/><E69/><V102/><F102/><W1/><G1/><T5/><D5/><U98/><E98/><V84/><F57/><W127/><G134/><T39/><D39/><U29/><E29/><V67/><F67/><W130/><G130/><T46/><D23/><U11/><E11/><V55/><F55/><W95/><G106/><T24/><D46/><U36/><E36/><V111/><F111/><W120/><G127/><T12/><D66/><U108/><E108/><V28/><F28/><W59/><G120/><T51/><D51/><U54/><E81/><N who="2" m="45311" /><F107/><W73/><G38/><T56/><D56/><N who="1" m="32847" /><E50/><V62/><F82/><RYUUKYOKU ba="1,1" sc="255,-15,235,15,235,15,265,-15" hai1="2,4,8,9,14,18,44,45,86,87" hai2="21,27,30,61,62,63,84,93,97,101" /><INIT seed="1,2,1,1,4,10" ten="240,250,250,250" oya="1" hai0="66,120,52,87,70,109,127,32,3,83,74,125,48" hai1="86,101,24,41,43,18,62,0,72,57,26,107,117" hai2="98,50,77,94,134,9,82,16,53,126,49,35,60" hai3="1,37,129,121,5,102,14,119,103,39,85,106,7"/><U93/><E72/><V130/><F35/><W80/><G121/><T89/><D120/><U128/><E117/><V124/><F134/><W69/><G119/><T135/><D135/><U113/><E113/><V31/><F31/><W6/><G69/><T33/><D109/><U71/><E71/><V21/><F130/><W64/><G64/><T92/><D3/><U23/><E0/><V58/><F9/><W56/><G1/><T75/><D66/><U34/><E107/><V28/><F28/><W54/><G129/><T97/><D74/><U15/><E128/><V59/><F82/><W55/><G106/><T51/><D51/><U65/><E34/><V2/><F77/><W112/><G54/><T36/><D75/><U81/><E93/><V111/><F111/><W99/><G99/><T116/><D36/><U84/><E101/><N who="3" m="38410" /><G39/><T100/><D70/><U61/><E61/><V40/><F40/><N who="1" m="15433" /><E86/><V46/><F46/><W131/><G37/><T104/><D104/><U108/><E108/><V19/><F19/><W45/><G45/><N who="0" m="27663" /><D116/><U96/><E96/><V105/><F105/><W90/><G131/><T29/><D29/><U25/><E26/><N who="2" m="14631" /><F2/><W44/><G44/><T8/><D8/><U47/><E47/><V123/><F123/><W20/><G112/><T13/><D13/><U79/><AGARI ba="2,1" hai="15,18,23,24,25,57,62,65,79,81,84" m="15433" machi="79" ten="30,3000,0" yaku="8,1,52,1" doraHai="10" who="1" fromWho="1" sc="240,-12,250,46,250,-12,250,-12" /><INIT seed="1,3,0,5,5,67" ten="228,296,238,238" oya="1" hai0="12,20,55,124,2,44,26,65,135,51,34,82,66" hai1="95,31,81,43,104,94,30,57,99,36,7,105,16" hai2="18,131,77,47,93,80,4,75,112,50,33,122,72" hai3="129,48,110,42,89,13,130,88,109,113,5,1,63"/><U107/><E7/><V117/><F117/><W100/><G1/><T25/><D2/><U37/><E57/><V11/><F122/><W128/><G113/><T116/><D116/><U73/><E43/><V84/><F131/><W29/><G100/><T102/><D135/><U120/><E120/><V126/><F126/><W92/><G29/><T71/><D124/><U119/><E119/><V114/><F18/><W79/><G79/><T23/><D34/><U125/><E125/><V10/><F10/><N who="3" m="4303" /><G92/><T62/><D66/><U108/><E108/><N who="3" m="41578" /><G63/><T69/><D12/><U132/><E132/><V46/><F46/><AGARI ba="3,0" hai="42,46,48,88,89,128,129,130" m="41578,4303" machi="46" ten="40,5200,0" yaku="19,1,14,1,54,1" doraHai="67" who="3" fromWho="2" sc="228,0,296,0,238,-61,238,61" /><INIT seed="2,0,0,3,3,79" ten="228,296,177,299" oya="2" hai0="36,78,127,83,81,84,50,110,117,1,38,65,43" hai1="120,85,32,133,9,70,24,18,86,131,123,69,135" hai2="48,104,42,71,11,35,22,4,109,49,126,40,98" hai3="21,106,28,124,73,115,66,99,119,77,56,45,114"/><V72/><F35/><W63/><G119/><T27/><D117/><U61/><E131/><V17/><F71/><N who="1" m="27145" /><E61/><V51/><F72/><W87/><G73/><T75/><D110/><U108/><E108/><V100/><F109/><W54/><G124/><T101/><D127/><U88/><E85/><V8/><F126/><W122/><G122/><N who="1" m="46634" /><E9/><V30/><F30/><W82/><G45/><T59/><D1/><U89/><E89/><V37/><F37/><W33/><G33/><T20/><D101/><U132/><E18/><V76/><F76/><W112/><G106/><T105/><D105/><U64/><E64/><V60/><F60/><W90/><G99/><T19/><D65/><U5/><E5/><V67/><F67/><W7/><G7/><T44/><D59/><U113/><E113/><V102/><F102/><W125/><G125/><T25/><D25/><U58/><E58/><V130/><F130/><W13/><G66/><T94/><D94/><U0/><E0/><V97/><F97/><W55/><G55/><T80/><D80/><N who="1" m="49223" /><E24/><V103/><F103/><W129/><G129/><T12/><D27/><U29/><E32/><V62/><F62/><W53/><G53/><T68/><D68/><U121/><E121/><V31/><F31/><AGARI ba="0,0" hai="29,31,132,133,135" m="49223,46634,27145" machi="31" ten="40,8000,1" yaku="20,1,13,1,52,1,54,1" doraHai="79" who="1" fromWho="2" sc="228,0,296,80,177,-80,299,0" /><INIT seed="3,0,0,3,4,11" ten="228,376,97,299" oya="3" hai0="22,56,24,46,5,0,77,9,57,119,97,55,41" hai1="93,100,112,83,128,23,75,89,29,72,42,78,26" hai2="121,98,6,15,85,45,95,61,62,76,60,91,129" hai3="81,122,132,88,16,111,36,39,106,10,44,90,126"/><W28/><G122/><T96/><D119/><U49/><E112/><V37/><F129/><W54/><G106/><T53/><D77/><U73/><E128/><V69/><F121/><W101/><G36/><T63/><D41/><U43/><E100/><V21/><F69/><W134/><G126/><T48/><D63/><U59/><E42/><V70/><F70/><W1/><G1/><T131/><D131/><U107/><E107/><V51/><F37/><W58/><G101/><T102/><D102/><U108/><E108/><V82/><F21/><W80/><G44/><T92/><D92/><U4/><E4/><V13/><REACH who="2" step="1"/><F6/><REACH who="2" ten="228,376,87,299" step="2"/><W105/><G39/><T40/><D22/><U94/><E23/><V34/><F34/><W117/><G117/><T118/><D118/><U115/><E115/><V113/><F113/><W120/><G120/><T135/><D5/><U14/><E26/><V64/><F64/><W2/><G105/><T133/><D24/><U124/><E124/><V12/><F12/><N who="3" m="7191" /><G2/><T30/><D0/><U86/><E14/><V71/><F71/><W99/><G111/><T79/><D133/><N who="3" m="51305" /><G28/><T116/><D135/><U20/><E29/><V17/><F17/><W67/><G67/><T52/><D30/><U103/><E20/><V35/><F35/><W65/><G65/><T110/><D110/><U47/><E47/><V84/><F84/><W25/><G25/><T130/><D116/><U87/><E86/><V66/><F66/><W8/><G99/><N who="0" m="37963" /><D130/><U50/><E87/><V127/><F127/><W31/><G31/><T3/><D3/><U18/><E18/><RYUUKYOKU ba="0,1" sc="228,-10,376,-10,87,30,299,-10" hai2="13,15,45,51,60,61,62,76,82,85,91,95,98" owari="218,-18.2,376,47.6,117,-38.3,289,8.9" /></mjloggm>