<mjloggm ver="2.3"><GO type="225" lobby="0"/><UN n0="%54%4F%52" n1="%E3%81%A8%E3%82%93%E3%81%A8%E3%81%93%E3%81%A8%E3%82%93" n2="%E8%B6%85%E7%B4%9A%E9%B3%B3%E5%87%B0" n3="%E5%A4%9C%E3%81%AE%E3%82%AC%E3%82%B9%E3%83%91%E3%83%BC%E3%83%AB" dan="17,16,16,16" rate="2228.64,2168.01,2146.83,2096.70" sx="M,F,M,M"/><TAIKYOKU oya="0"/><INIT seed="0,0,0,0,3,94" ten="250,250,250,250" oya="0" hai0="28,95,54,16,133,131,5,45,48,81,72,126,69" hai1="43,71,110,1,115,92,67,104,12,41,9,66,134" hai2="70,4,6,88,76,40,93,89,44,99,65,31,74" hai3="109,59,120,47,121,90,57,101,84,52,127,2,80"/><T79/><D133/><U36/><E104/><V34/><F70/><W27/><G109/><T3/><D131/><U32/><E1/><V102/><F65/><W87/><G127/><T50/><D126/><U60/><E32/><V100/><F34/><W114/><G114/><T42/><D69/><U75/><E36/><V128/><F31/><W15/><G2/><T68/><D68/><U129/><E110/><V37/><F128/><W113/><G113/><T17/><D28/><U53/><E129/><V30/><F30/><W106/><G27/><T112/><D112/><U61/><E115/><V10/><F89/><W111/><G111/><T35/><D35/><U107/><E53/><V46/><F46/><W8/><G87/><T56/><REACH who="0" step="1"/><D95/><REACH who="0" ten="240,250,250,250" step="2"/><U19/><E92/><V119/><F119/><W49/><G120/><T21/><D21/><U123/><E134/><V24/><F100/><W39/><G121/><T26/><D26/><U83/><E123/><V122/><F122/><W132/><G132/><T86/><D86/><U73/><E107/><V117/><F117/><W135/><G135/><T82/><D82/><U108/><E108/><V124/><F124/><W55/><G101/><T14/><D14/><U77/><E73/><V85/><F24/><W20/><G106/><T96/><D96/><U118/><E118/><V7/><F74/><W25/><G25/><T51/><D51/><U23/><E23/><V64/><F102/><W29/><G20/><T22/><D22/><U33/><E33/><V130/><F130/><W62/><G29/><T58/><D58/><AGARI ba="0,1" hai="9,12,19,41,43,58,60,61,66,67,71,75,77,83" machi="58" ten="30,1000,0" yaku="7,1" doraHai="94" who="1" fromWho="0" sc="240,-10,250,20,250,0,250,0" /><INIT seed="1,0,0,5,5,51" ten="230,270,250,250" oya="1" hai0="99,24,46,104,114,82,100,112,28,70,30,34,93" hai1="107,37,81,96,73,118,56,113,31,91,48,8,19" hai2="90,76,43,127,26,133,45,77,59,17,67,130,60" hai3="13,98,23,55,64,92,85,58,109,126,89,128,124"/><U2/><E113/><V11/><F130/><W83/><G128/><T15/><D30/><U71/><E71/><V117/><F117/><W32/><G32/><T18/><D70/><U40/><E118/><V16/><F127/><N who="3" m="48683" /><G109/><T131/><D131/><U101/><E31/><V94/><F133/><W22/><G64/><T38/><D104/><U132/><E132/><V36/><F11/><W102/><G13/><T115/><D82/><U53/><E37/><V80/><F26/><W105/><G105/><T129/><D129/><U122/><E40/><V50/><F36/><W119/><G119/><T103/><D103/><U62/><E122/><V44/><F44/><W74/><G74/><T35/><D35/><U14/><E2/><V69/><F69/><W87/><G87/><T21/><D46/><U88/><REACH who="1" step="1"/><E62/><AGARI ba="0,0" hai="22,23,55,58,62,83,85,89,92,98,102" m="48683" machi="62" ten="30,2000,0" yaku="18,1,52,1" doraHai="51" who="3" fromWho="1" sc="230,0,270,-20,250,0,250,20" /><INIT seed="2,0,0,2,5,84" ten="230,250,250,270" oya="2" hai0="13,30,122,1,2,116,105,28,10,54,69,0,24" hai1="40,41,70,93,35,12,134,61,77,22,92,17,120" hai2="75,9,128,44,129,29,15,19,76,111,94,103,60" hai3="121,25,81,5,82,130,87,96,34,114,113,89,80"/><V73/><F111/><W100/><G121/><T71/><D105/><U14/><E35/><V32/><F44/><W43/><G5/><T16/><D122/><U52/><E120/><V7/><F60/><W119/><G119/><T51/><D116/><U57/><E134/><V39/><F39/><W59/><G43/><T66/><D66/><U62/><E77/><V95/><F32/><W37/><G37/><T38/><D38/><U26/><E70/><V118/><F118/><W4/><G4/><T101/><D101/><U132/><E132/><V68/><F68/><W33/><G130/><N who="2" m="50281" /><F29/><N who="3" m="19631" /><G59/><T79/><D30/><U65/><E26/><V42/><F42/><W106/><G34/><T46/><REACH who="0" step="1"/><D79/><REACH who="0" ten="220,250,250,270" step="2"/><U123/><E123/><V45/><F76/><W21/><G106/><T6/><D6/><U56/><E12/><V74/><F103/><W72/><G100/><T49/><D49/><U78/><E78/><V104/><F104/><W50/><G50/><T11/><D11/><U48/><E48/><V47/><F7/><W98/><G113/><T110/><D110/><U91/><REACH who="1" step="1"/><E93/><REACH who="1" ten="220,240,250,270" step="2"/><V125/><F94/><W124/><G114/><T58/><D58/><U127/><E127/><V112/><F125/><W131/><G124/><T55/><D55/><U107/><E107/><V90/><F112/><W20/><G131/><T64/><D64/><U67/><E67/><V102/><F73/><W36/><G36/><T63/><D63/><U135/><E135/><V126/><F126/><W31/><G72/><T27/><D27/><U85/><AGARI ba="0,2" hai="14,17,22,40,41,52,56,57,61,62,65,85,91,92" machi="85" ten="20,12000,2" yaku="1,1,0,1,7,1,8,1,52,1,54,1,53,0" doraHai="84" doraHaiUra="109" who="1" fromWho="1" sc="220,-30,240,140,250,-60,270,-30" /><INIT seed="3,0,0,0,4,34" ten="190,380,190,240" oya="3" hai0="21,89,77,1,3,75,107,8,40,37,71,17,20" hai1="31,135,6,103,132,57,27,95,26,110,85,78,127" hai2="16,74,134,123,33,18,14,68,119,99,118,32,112" hai3="28,54,12,98,41,36,62,126,15,30,13,70,65"/><W114/><G114/><T97/><D71/><U58/><E6/><V50/><F112/><W4/><G126/><T80/><D89/><U88/><E110/><V59/><F68/><W109/><G4/><N who="0" m="1039" /><D3/><U35/><E127/><V120/><F74/><W64/><G109/><T91/><D17/><U87/><E103/><V25/><F99/><W60/><G30/><T122/><D122/><N who="2" m="46634" /><F134/><N who="1" m="51241" /><E26/><V53/><F18/><W29/><G98/><T94/><D107/><U22/><E22/><N who="2" m="13511" /><F14/><W93/><G15/><T63/><D63/><U104/><E104/><V115/><F115/><W101/><G70/><T10/><D10/><U124/><E124/><V76/><F76/><W79/><G79/><T38/><D38/><U84/><E78/><V55/><F55/><W121/><G54/><T46/><AGARI ba="0,0" hai="20,21,37,40,46,75,77,80,91,94,97" m="1039" machi="46" ten="30,2000,0" yaku="25,1,52,1" doraHai="34" who="0" fromWho="0" sc="190,20,380,-5,190,-5,240,-10" owari="210,-19.0,375,47.5,185,-31.5,230,3.0" /></mjloggm>