<mjloggm ver="2.3"><GO type="225" lobby="0"/><UN n0="%E5%8F%AF%E5%85%90%E9%82%A3%E7%94%B1%E5%A4%9A" n1="%E3%81%BF%E3%81%BF%E3%81%9A" n2="%E6%9D%B1%E9%A2%A8%E3%81%AE%E3%81%8D%E3%82%83%E3%81%B7%E3%81%95%E3%82%93" n3="%E5%A4%9C%E3%81%AE%E3%82%AC%E3%82%B9%E3%83%91%E3%83%BC%E3%83%AB" dan="16,17,17,16" rate="2091.23,2248.29,2247.95,2125.67" sx="F,M,M,M"/><TAIKYOKU oya="0"/><INIT seed="0,0,0,2,0,100" ten="250,250,250,250" oya="0" hai0="51,89,11,111,72,66,46,43,102,118,55,120,59" hai1="123,1,10,90,24,65,77,53,121,32,4,71,45" hai2="39,26,115,112,109,107,19,25,58,125,86,9,96" hai3="12,17,124,50,41,63,38,134,6,22,62,135,82"/><T54/><D118/><U88/><E77/><V93/><F39/><W40/><G38/><T29/><D120/><U57/><E45/><V2/><F58/><W108/><G108/><T132/><D72/><U101/><E65/><V8/><F109/><W128/><G124/><T76/><D111/><U5/><E71/><V3/><F125/><W122/><G122/><T110/><D110/><U18/><E121/><V48/><F48/><W52/><G128/><T99/><D76/><U68/><E68/><V64/><F64/><W106/><G106/><T117/><D117/><U70/><E70/><V91/><F19/><W80/><G6/><T84/><D29/><U85/><E123/><V0/><F25/><W78/><G41/><T73/><D73/><U95/><E5/><V75/><F26/><W126/><G40/><T116/><D132/><N who="3" m="50729" /><G126/><T49/><D116/><U21/><E32/><V69/><F69/><W97/><G97/><T31/><D31/><U94/><E101/><V74/><F74/><N who="3" m="43095" /><G82/><T131/><D131/><U119/><E119/><V44/><F75/><W130/><G130/><T67/><D43/><U37/><E37/><V23/><F44/><AGARI ba="0,0" hai="12,17,22,44,50,52,62,63" m="43095,50729" machi="44" ten="30,2000,0" yaku="20,1,54,1" doraHai="100" who="3" fromWho="2" sc="250,0,250,0,250,-20,250,20" /><INIT seed="1,0,0,4,3,17" ten="250,250,230,270" oya="1" hai0="1,19,60,107,61,5,88,36,57,99,37,24,96" hai1="68,120,29,122,94,74,98,67,95,86,23,46,105" hai2="59,39,115,27,71,6,52,44,4,89,70,72,0" hai3="9,14,111,16,79,56,30,22,80,104,53,117,127"/><U49/><E74/><V47/><F72/><W77/><G104/><T63/><D57/><U128/><E105/><V121/><F121/><W54/><G111/><T114/><D114/><U15/><E128/><V58/><F115/><W119/><G127/><T83/><D5/><U12/><E68/><V112/><F112/><W55/><G30/><T18/><D1/><U3/><E3/><V73/><F73/><N who="3" m="43055" /><G9/><T10/><D107/><U106/><E106/><V42/><F44/><W13/><G13/><N who="0" m="7479" /><D37/><U81/><E67/><V21/><F59/><W75/><G79/><T126/><D36/><U48/><E122/><V34/><F34/><W100/><G100/><T33/><D33/><U38/><E38/><V43/><F43/><W62/><G75/><T108/><D108/><U64/><E64/><V31/><F89/><W51/><G62/><T91/><D126/><U76/><E49/><V92/><F92/><N who="1" m="35369" /><E98/><N who="0" m="37417" /><D83/><U87/><E120/><V78/><F78/><W85/><G85/><T116/><D116/><AGARI ba="0,0" hai="14,16,22,51,53,54,55,56,116,117,119" m="43055" machi="116" ten="30,3900,0" yaku="12,1,52,1,54,1" doraHai="17" who="3" fromWho="0" sc="250,-39,250,0,230,0,270,39" /><INIT seed="2,0,0,4,1,45" ten="211,250,230,309" oya="2" hai0="92,117,61,103,7,124,107,68,125,65,130,76,11" hai1="94,13,105,98,119,85,77,43,36,56,69,108,37" hai2="2,74,8,90,64,62,10,52,115,104,132,5,38" hai3="91,112,113,44,93,82,19,58,24,122,51,134,86"/><V83/><F115/><N who="3" m="44107" /><G134/><T95/><D130/><U23/><E69/><V79/><F132/><W123/><G58/><T14/><D117/><U32/><E119/><V20/><F104/><W128/><G128/><T18/><D76/><U16/><E32/><V80/><F20/><N who="3" m="13343" /><G82/><T101/><D107/><U71/><E108/><V48/><F38/><W25/><G25/><T78/><D78/><U114/><E71/><V21/><F21/><W35/><G35/><T135/><D135/><U87/><E105/><V106/><F106/><W34/><G34/><T75/><D75/><U60/><E114/><V29/><F29/><W3/><G3/><T31/><D31/><U28/><E28/><V97/><F10/><W27/><G27/><T22/><D92/><U33/><E33/><V0/><F0/><W67/><G67/><T96/><REACH who="0" step="1"/><D103/><REACH who="0" ten="201,250,230,309" step="2"/><U116/><E77/><V42/><F74/><W81/><G93/><T111/><D111/><U26/><E116/><V54/><F79/><W59/><G123/><T39/><D39/><U4/><E36/><V70/><F80/><W88/><G122/><T55/><D55/><N who="1" m="33823" /><E37/><V102/><F83/><W121/><G121/><T99/><D99/><U133/><E133/><V100/><F100/><W1/><G81/><T47/><D47/><U50/><E98/><V89/><F102/><W120/><G120/><T66/><D66/><U126/><E94/><N who="2" m="56527" /><F90/><W17/><G88/><T131/><D131/><U40/><E85/><V129/><F129/><W9/><G91/><T41/><D41/><U127/><E87/><V12/><F2/><AGARI ba="0,1" hai="2,7,11,14,18,22,61,65,68,95,96,101,124,125" machi="2" ten="40,1300,0" yaku="1,1,53,0" doraHai="45" doraHaiUra="30" who="0" fromWho="2" sc="201,23,250,0,230,-13,309,0" /><INIT seed="3,0,0,1,0,6" ten="224,250,217,309" oya="3" hai0="41,28,68,104,77,121,39,33,66,71,81,42,45" hai1="129,93,32,109,24,21,117,59,108,100,125,12,67" hai2="31,72,26,0,84,135,9,116,50,40,30,34,107" hai3="90,46,118,133,43,105,97,106,74,11,17,56,101"/><W49/><G133/><T38/><D121/><U132/><E132/><V63/><F72/><W1/><G118/><T35/><D104/><U64/><E117/><V29/><F107/><W37/><G74/><N who="0" m="43191" /><D66/><U5/><E125/><V80/><F135/><W14/><G1/><T83/><D83/><U89/><E129/><V91/><F116/><W75/><G75/><T128/><D128/><U82/><E100/><V87/><F63/><W102/><G90/><T130/><D130/><U126/><E82/><V94/><F40/><W113/><G113/><T78/><D78/><U19/><E126/><V65/><F50/><W22/><G22/><T76/><D76/><U7/><E32/><N who="0" m="12361" /><D28/><U16/><E108/><V122/><F65/><N who="1" m="25161" /><E59/><V48/><F48/><W61/><G49/><T20/><D20/><N who="1" m="13319" /><E109/><V73/><F73/><W4/><G102/><T120/><D120/><U13/><E12/><V127/><F127/><W111/><G111/><T25/><D25/><U36/><E36/><V119/><F122/><W10/><G105/><T103/><D103/><U57/><E57/><V23/><F34/><W3/><G56/><T79/><D79/><U96/><AGARI ba="0,0" hai="5,7,13,19,21,89,93,96" m="13319,25161" machi="96" ten="30,2000,0" yaku="8,1,54,1" doraHai="6" who="1" fromWho="1" sc="224,-5,250,20,217,-5,309,-10" /><INIT seed="4,0,0,3,4,63" ten="219,270,212,299" oya="0" hai0="127,117,52,107,42,68,56,4,46,99,14,25,87" hai1="83,75,112,23,27,86,19,89,39,57,28,16,13" hai2="72,35,36,33,44,3,91,131,114,116,12,101,6" hai3="115,55,31,129,65,9,84,38,47,126,93,64,110"/><T125/><D117/><U108/><E108/><V30/><F116/><W60/><G110/><T104/><D68/><U82/><E39/><V11/><F91/><N who="3" m="53479" /><G38/><T59/><D25/><U70/><E70/><V119/><F119/><W2/><G2/><T118/><D118/><U51/><E112/><V49/><F114/><W43/><G43/><T120/><D120/><U18/><E75/><V111/><F111/><W53/><G115/><T71/><D71/><U32/><E82/><V102/><F131/><W34/><G34/><T80/><D46/><U41/><E41/><N who="2" m="22567" /><F12/><W132/><G126/><N who="0" m="48139" /><D42/><U88/><E89/><V123/><F123/><W109/><G132/><T103/><D107/><U100/><E100/><N who="2" m="38507" /><F30/><W76/><G31/><T74/><D74/><U105/><E105/><V122/><F49/><N who="3" m="28863" /><G109/><T37/><D37/><U134/><E134/><V8/><F122/><W81/><G129/><T135/><D135/><U98/><E98/><V85/><F85/><N who="3" m="48295" /><G9/><N who="0" m="4391" /><D52/><N who="1" m="31903" /><E32/><V130/><F130/><W21/><G21/><T40/><D40/><U92/><E83/><V128/><F128/><W29/><G29/><T77/><AGARI ba="0,0" hai="56,59,77,80,87,99,103,104" m="4391,48139" machi="77" ten="30,1500,0" yaku="18,1" doraHai="63" who="0" fromWho="0" sc="219,15,270,-5,212,-5,299,-5" /><INIT seed="4,1,0,0,3,126" ten="234,265,207,294" oya="0" hai0="116,57,135,61,34,52,7,92,39,59,12,40,123" hai1="51,68,26,65,11,122,129,125,84,96,72,42,75" hai2="20,46,0,74,104,4,29,48,10,127,110,82,58" hai3="90,99,60,35,41,45,19,38,77,120,44,79,64"/><T130/><D116/><U100/><E122/><V70/><F70/><W81/><G35/><T80/><D123/><U27/><E125/><V14/><F104/><W98/><G120/><T9/><D34/><U53/><E42/><V21/><F127/><W2/><G2/><T37/><D135/><U5/><E84/><V8/><F110/><W32/><G32/><T56/><D130/><U47/><E129/><V43/><F29/><W88/><G19/><T83/><D57/><U25/><E65/><V97/><F97/><W108/><G108/><T95/><D39/><U87/><E87/><V67/><F74/><W16/><G16/><T118/><D118/><U134/><E68/><V66/><F82/><N who="0" m="31274" /><D37/><U3/><REACH who="1" step="1"/><E134/><REACH who="1" ten="234,255,207,294" step="2"/><V33/><F67/><W28/><G64/><N who="0" m="38951" /><D40/><U132/><E132/><V22/><F33/><W101/><G41/><T69/><D69/><U1/><E1/><V128/><F128/><W102/><G38/><T78/><D78/><U13/><E13/><V62/><F0/><W114/><G79/><T113/><D113/><U107/><AGARI ba="1,1" hai="3,5,11,25,26,27,47,51,53,72,75,96,100,107" machi="107" ten="30,2000,0" yaku="1,1,0,1,53,0" doraHai="126" doraHaiUra="109" who="1" fromWho="1" sc="234,-11,255,33,207,-6,294,-6" /><INIT seed="5,0,0,1,3,44" ten="223,288,201,288" oya="1" hai0="27,124,53,98,38,31,123,45,21,92,55,35,83" hai1="32,85,70,76,41,105,33,66,43,84,36,77,67" hai2="93,116,97,111,11,100,133,24,78,20,25,129,4" hai3="122,7,109,15,132,79,106,127,94,42,91,115,26"/><U54/><E54/><V23/><F116/><W47/><G109/><T121/><D124/><U82/><E105/><V103/><F133/><W19/><G122/><T134/><D134/><U75/><E36/><V72/><F129/><W117/><G132/><T60/><D83/><U118/><E82/><V101/><F111/><W90/><G106/><T73/><D73/><U57/><E57/><V59/><F78/><W96/><G115/><T13/><D38/><U29/><E29/><V71/><F71/><W56/><G127/><T131/><D131/><U68/><E75/><V1/><F72/><W125/><G125/><T49/><D60/><U52/><E52/><V51/><F59/><W5/><G117/><AGARI ba="0,0" hai="32,33,41,43,66,67,68,70,76,77,84,85,117,118" machi="117" ten="25,2400,0" yaku="22,2" doraHai="44" who="1" fromWho="3" sc="223,0,288,24,201,0,288,-24" owari="223,-17.7,312,41.2,201,-29.9,264,6.4" /></mjloggm>