<mjloggm ver="2.3"><GO type="225" lobby="0"/><UN n0="%E6%A0%B9%E5%85%83%E3%81%8B%E3%82%89%E5%90%B9%E3%81%A3%E9%A3%9B%E3%81%B6" n1="%E3%82%BF%E3%83%BC%E3%83%90%E3%83%B3%E9%87%8E%E5%8F%A3" n2="%E6%B8%A9%E2%98%85%E6%83%85%E2%98%85%E6%8E%AA%E2%98%85%E7%BD%AE" n3="%E3%81%93%E3%82%93%E3%81%A9%E3%83%BC%E3%81%95%E3%82%93" dan="17,16,18,16" rate="2189.79,2101.56,2264.11,2106.67" sx="F,M,M,F"/><TAIKYOKU oya="0"/><INIT seed="0,0,0,4,1,55" ten="250,250,250,250" oya="0" hai0="9,41,70,28,12,106,76,16,74,50,108,119,103" hai1="120,105,85,51,5,79,20,46,104,56,89,10,25" hai2="22,15,48,131,26,27,92,67,97,0,23,47,42" hai3="126,125,68,132,71,100,24,17,82,130,107,90,84"/><T99/><D119/><U45/><E120/><V38/><F131/><W110/><G110/><T73/><D70/><U83/><E45/><V98/><F0/><W122/><G130/><T78/><D28/><U81/><E81/><V135/><F135/><W1/><G1/><T77/><REACH who="0" step="1"/><D108/><REACH who="0" ten="240,250,250,250" step="2"/><U4/><E104/><V95/><F38/><W30/><G132/><T60/><D60/><U43/><E105/><V57/><F95/><W134/><G68/><T39/><D39/><U113/><E113/><V37/><F92/><W11/><G71/><T64/><D64/><U115/><E115/><V35/><F37/><W6/><G134/><T58/><D58/><U109/><E109/><V111/><F111/><W72/><G30/><T36/><D36/><U66/><E66/><V32/><F57/><W123/><G122/><T18/><D18/><U49/><E56/><V52/><F67/><W33/><G123/><T8/><D8/><U59/><E10/><V121/><F121/><W133/><G17/><T63/><D63/><U127/><E127/><V118/><F118/><W93/><G11/><T2/><D2/><U34/><E51/><V88/><F48/><W54/><G126/><T129/><D129/><U62/><E59/><V128/><F128/><W91/><G125/><T69/><D69/><U3/><E62/><V80/><F32/><W102/><G93/><T75/><D75/><N who="1" m="43519" /><E3/><V86/><F35/><W19/><G107/><T96/><D96/><N who="2" m="36970" /><F23/><N who="3" m="13439" /><G33/><T29/><D29/><N who="1" m="17575" /><E34/><V94/><F22/><W101/><G133/><T124/><D124/><U14/><E14/><V7/><F15/><RYUUKYOKU ba="0,1" sc="240,15,250,15,250,-15,250,-15" hai0="9,12,16,41,50,73,74,76,77,78,99,103,106" hai1="4,5,43,46,49,85,89" /><INIT seed="0,1,1,5,1,26" ten="255,265,235,235" oya="0" hai0="67,92,20,13,109,99,23,94,9,4,90,60,15" hai1="89,55,42,80,96,56,115,110,6,77,100,16,95" hai2="24,121,33,5,19,22,34,131,72,108,107,103,37" hai3="51,130,58,97,35,124,64,114,70,120,116,73,28"/><T78/><D109/><U106/><E110/><V71/><F121/><W125/><G114/><T111/><D111/><U39/><E115/><V36/><F108/><W119/><G73/><T75/><D75/><U127/><E127/><N who="3" m="48714" /><G70/><T84/><D15/><U40/><E39/><V83/><F71/><W122/><G97/><T18/><D78/><U117/><E6/><V30/><F131/><W46/><G35/><T45/><D45/><U3/><E3/><V48/><F103/><W105/><G28/><T69/><REACH who="0" step="1"/><D4/><REACH who="0" ten="245,265,235,235" step="2"/><U47/><E47/><V62/><F5/><W79/><G79/><T25/><D25/><U134/><E117/><N who="3" m="45130" /><G130/><T104/><D104/><U17/><E106/><V21/><F107/><W135/><G105/><T113/><D113/><U63/><E77/><V87/><F72/><W132/><G120/><T27/><D27/><U1/><E1/><V12/><F34/><W7/><G122/><T43/><D43/><N who="1" m="16427" /><E134/><V29/><F33/><W68/><G7/><T74/><D74/><U112/><E112/><V52/><F24/><W93/><G46/><T133/><D133/><U57/><E57/><V32/><F32/><W126/><G126/><T44/><D44/><U128/><E128/><V85/><F37/><W11/><G58/><T41/><D41/><U61/><E56/><V2/><F36/><W59/><G135/><T14/><D14/><U76/><E76/><V118/><F118/><W129/><G132/><T31/><D31/><U101/><E17/><N who="2" m="10407" /><F30/><W10/><G129/><T123/><D123/><U82/><E16/><V86/><F29/><W102/><G68/><RYUUKYOKU ba="1,2" sc="245,30,265,-10,235,-10,235,-10" hai0="9,13,18,20,23,60,67,69,84,90,92,94,99" /><INIT seed="0,2,2,4,3,36" ten="275,255,225,225" oya="0" hai0="111,98,117,37,1,128,19,52,62,115,40,4,43" hai1="46,25,130,129,80,126,79,56,92,22,87,104,8" hai2="105,61,12,59,39,26,72,47,90,106,58,110,109" hai3="77,133,123,114,32,14,31,0,44,118,83,49,18"/><T73/><D115/><U93/><E104/><V127/><F127/><W15/><G118/><T100/><D117/><U70/><E70/><V95/><F72/><W20/><G133/><T107/><D73/><U53/><E8/><V75/><F75/><W48/><G0/><T13/><D37/><U23/><E46/><V30/><F12/><W125/><G125/><T116/><D116/><U108/><E108/><N who="2" m="41579" /><F47/><W9/><G123/><T88/><D111/><U135/><E135/><V132/><F39/><W3/><G3/><T10/><D128/><N who="1" m="49259" /><E126/><V103/><F103/><W96/><G114/><T65/><D88/><U11/><E11/><V51/><F51/><W68/><G68/><T5/><D52/><U38/><E38/><V85/><F132/><W66/><G66/><T102/><D102/><U121/><E121/><V134/><F134/><W41/><G96/><T82/><D82/><U16/><E22/><N who="2" m="15703" /><F59/><W67/><G67/><AGARI ba="2,2" hai="58,61,67,85,90,95,105,106" m="15703,41579" machi="67" ten="30,1000,0" yaku="14,1" doraHai="36" who="2" fromWho="3" sc="275,0,255,0,225,36,225,-16" /><INIT seed="1,0,0,4,4,111" ten="275,255,261,209" oya="1" hai0="37,69,15,28,115,6,13,106,27,57,81,99,113" hai1="66,72,49,107,39,68,11,119,83,29,16,45,60" hai2="1,21,97,89,114,2,52,110,100,128,46,88,117" hai3="54,7,134,77,9,105,61,5,40,8,65,4,47"/><U103/><E119/><V26/><F117/><W41/><G105/><T44/><D69/><U122/><E39/><V17/><F110/><W70/><G134/><T25/><D81/><U98/><E122/><V90/><F128/><W50/><G41/><T118/><D118/><U91/><E29/><V34/><F34/><W116/><G116/><T125/><D125/><U127/><E127/><V133/><F133/><W36/><REACH who="3" step="1"/><G77/><REACH who="3" ten="275,255,261,199" step="2"/><T120/><D106/><U87/><E72/><V92/><REACH who="2" step="1"/><F114/><REACH who="2" ten="275,255,251,199" step="2"/><W124/><G124/><T80/><D115/><U102/><E107/><V64/><F64/><W82/><G82/><T131/><D80/><U71/><E66/><V62/><F62/><W58/><AGARI ba="0,2" hai="4,5,7,8,9,36,40,47,50,54,58,61,65,70" machi="58" ten="30,8000,1" yaku="1,1,0,1,24,2,53,1" doraHai="111" doraHaiUra="43" who="3" fromWho="3" sc="275,-20,255,-40,251,-20,199,100" /><INIT seed="2,0,0,1,2,13" ten="255,215,231,299" oya="2" hai0="59,58,102,64,113,10,7,20,12,48,46,57,114" hai1="122,66,37,76,63,45,1,36,25,6,77,96,11" hai2="103,74,130,78,30,17,123,2,107,3,72,101,132" hai3="121,98,49,55,127,129,118,82,81,97,111,83,90"/><V126/><F123/><W61/><G118/><T80/><D102/><N who="2" m="38922" /><F30/><W19/><G121/><T106/><D106/><U94/><E122/><V15/><F107/><W54/><G111/><T71/><D20/><U41/><E36/><V33/><F33/><W9/><G127/><T32/><D32/><U28/><E96/><N who="3" m="36970" /><G129/><T135/><D135/><U24/><E94/><V116/><F78/><W14/><G61/><T8/><D8/><U51/><E37/><V87/><F87/><N who="3" m="50543" /><G54/><T4/><D71/><U52/><E41/><V56/><F116/><W67/><G67/><T112/><D64/><U5/><E5/><V86/><F74/><W125/><G125/><T0/><D4/><U60/><E60/><V26/><F72/><W27/><G27/><T99/><D99/><U110/><E110/><V134/><F26/><W16/><G19/><T109/><D109/><U18/><E18/><V22/><F126/><W93/><G93/><T117/><D117/><U104/><E104/><V31/><F31/><W68/><G68/><T133/><D80/><U92/><E92/><V23/><F130/><W95/><G95/><T79/><D0/><N who="2" m="42" /><F134/><W69/><G69/><T40/><REACH who="0" step="1"/><D133/><REACH who="0" ten="245,215,231,299" step="2"/><U124/><E124/><V115/><F132/><W62/><G62/><T43/><D43/><U53/><E53/><V38/><F23/><W44/><AGARI ba="0,1" hai="9,14,16,44,49,55,82,83" m="50543,36970" machi="44" ten="30,7900,0" yaku="25,1,8,1,52,1,54,1" doraHai="13" who="3" fromWho="3" sc="245,-20,215,-20,231,-39,299,89" /><INIT seed="3,0,0,0,5,83" ten="225,195,192,388" oya="3" hai0="122,41,69,130,75,3,37,7,32,5,38,100,21" hai1="96,59,39,101,25,62,112,90,111,55,72,46,24" hai2="88,77,29,80,35,61,70,53,52,16,58,30,22" hai3="4,44,23,118,71,87,68,11,18,114,109,117,108"/><W85/><G44/><T99/><D21/><U105/><E112/><V102/><F35/><W97/><G97/><T51/><D32/><U78/><E111/><N who="3" m="42570" /><G114/><T92/><D69/><N who="3" m="26697" /><G18/><T57/><D41/><U36/><E36/><V106/><F70/><W12/><G23/><T134/><D99/><U1/><E39/><V42/><F42/><W133/><G133/><T60/><D134/><U135/><E46/><V124/><F124/><W27/><G27/><T123/><D38/><U86/><E135/><V127/><F127/><W120/><G120/><T132/><D37/><U115/><E115/><V79/><F102/><W31/><G31/><N who="2" m="11785" /><F106/><W50/><G50/><T73/><D51/><U94/><E1/><V6/><F6/><N who="0" m="2058" /><D3/><U116/><E116/><AGARI ba="0,0" hai="4,11,12,85,87,116,117,118" m="26697,42570" machi="116" ten="40,12000,1" yaku="14,1,10,1,52,2" doraHai="83" who="3" fromWho="1" sc="225,0,195,-120,192,0,388,120" owari="225,2.5,75,-42.5,192,-20.8,508,60.8" /></mjloggm>