<mjloggm ver="2.3"><GO type="225" lobby="0"/><UN n0="%E3%82%B2%E3%82%B9%E8%8C%82%E5%8B%9D" n1="%E3%83%97%E3%83%AC%E3%83%B4%E3%82%A1%E3%83%86%E3%82%A3" n2="%77%72%77%72%77%72%77%72" n3="%E7%99%BD%E6%97%A5%E9%9B%AA%E8%8F%9C" dan="16,16,16,16" rate="2123.57,2093.27,2230.64,2194.05" sx="F,F,M,M"/><TAIKYOKU oya="0"/><INIT seed="0,0,0,1,0,5" ten="250,250,250,250" oya="0" hai0="132,128,96,43,23,45,108,72,117,107,59,49,123" hai1="82,7,92,102,71,115,106,73,75,20,55,116,33" hai2="56,24,94,95,29,27,81,121,79,34,122,35,127" hai3="118,48,47,3,62,16,52,105,58,109,21,22,100"/><T10/><D117/><U120/><E116/><V2/><F2/><W38/><G118/><T67/><D123/><U64/><E120/><V32/><F127/><W119/><G119/><T134/><D72/><U1/><E20/><V98/><F56/><W70/><G3/><T61/><D108/><U110/><E55/><V46/><F46/><W44/><G109/><T63/><D128/><U76/><E110/><V65/><F65/><W8/><G105/><T89/><D23/><U88/><E75/><V30/><F32/><W54/><G100/><T19/><D63/><U41/><E41/><V68/><F68/><W114/><G114/><T91/><D107/><U99/><E115/><V74/><REACH who="2" step="1"/><F94/><REACH who="2" ten="250,250,240,250" step="2"/><W15/><REACH who="3" step="1"/><G70/><REACH who="3" ten="250,250,240,240" step="2"/><T28/><D132/><U51/><E33/><V12/><F12/><W9/><G9/><T37/><D134/><U40/><E71/><V31/><F31/><W39/><G39/><T53/><D28/><U6/><E64/><V103/><AGARI ba="0,2" hai="24,27,29,30,34,35,74,79,81,95,98,103,121,122" machi="103" ten="20,5200,0" yaku="1,1,0,1,7,1,9,1,53,0" doraHai="5" doraHaiUra="83" who="2" fromWho="2" sc="250,-26,250,-13,240,72,240,-13" /><INIT seed="1,0,0,2,3,64" ten="224,237,312,227" oya="1" hai0="15,84,20,109,24,60,79,47,110,59,54,53,125" hai1="129,74,94,116,5,77,133,68,78,27,114,52,87" hai2="21,119,111,11,82,99,61,31,65,49,93,67,42" hai3="35,16,135,123,106,101,112,108,29,134,6,70,19"/><U71/><E114/><V83/><F119/><W41/><G123/><T40/><D125/><U92/><E116/><V91/><F111/><N who="0" m="42506" /><D15/><U113/><E113/><V89/><F11/><W58/><G112/><T51/><D84/><U63/><E129/><V3/><F3/><W76/><G108/><T9/><D9/><U56/><E5/><V132/><F132/><W100/><G76/><T25/><D79/><U103/><E133/><V118/><F118/><W90/><G6/><T95/><D95/><U98/><E74/><V36/><F36/><W104/><G90/><T13/><D13/><U37/><E37/><V120/><F120/><W127/><G29/><N who="0" m="17543" /><D25/><U2/><E2/><V57/><F65/><AGARI ba="0,0" hai="40,47,51,53,54,59,60,65" m="17543,42506" machi="65" ten="30,1000,0" yaku="14,1" doraHai="64" who="0" fromWho="2" sc="224,10,237,0,312,-10,227,0" /><INIT seed="2,0,0,1,0,29" ten="234,237,302,227" oya="2" hai0="118,69,93,71,32,99,17,44,41,60,119,50,125" hai1="108,33,79,130,51,52,127,39,92,12,122,5,90" hai2="135,94,19,73,53,78,43,15,64,45,95,59,56" hai3="115,97,40,68,6,31,37,24,58,65,81,96,91"/><V86/><F135/><W16/><G68/><T42/><D17/><U134/><E108/><V46/><F73/><W13/><G115/><T30/><D41/><U110/><E110/><V113/><F113/><W34/><G6/><T129/><D125/><U70/><E134/><V112/><F112/><W106/><G37/><T101/><D129/><U57/><E127/><V132/><F132/><W1/><G1/><T104/><D93/><N who="2" m="35338" /><F64/><W88/><G40/><T36/><D50/><U9/><E39/><V114/><F56/><W62/><G81/><T83/><D83/><U109/><E109/><V72/><F72/><W8/><REACH who="3" step="1"/><G96/><REACH who="3" ten="234,237,302,217" step="2"/><T82/><D82/><U49/><E70/><V116/><F43/><W7/><G7/><T121/><D121/><U100/><E122/><V102/><F114/><W18/><G18/><T28/><D71/><U89/><E130/><V11/><F19/><W111/><G111/><T22/><D28/><U75/><E75/><V84/><F84/><W0/><G0/><T55/><D69/><U67/><E79/><V20/><F86/><W80/><G80/><T128/><D128/><U66/><E100/><AGARI ba="0,1" hai="8,13,16,24,31,34,58,62,65,88,91,97,100,106" machi="100" ten="40,8000,1" yaku="1,1,52,1,54,2,53,1" doraHai="29" doraHaiUra="10" who="3" fromWho="1" sc="234,0,237,-80,302,0,217,90" /><INIT seed="3,0,0,2,0,29" ten="234,157,302,307" oya="3" hai0="89,116,72,6,62,70,14,96,39,10,32,129,79" hai1="91,9,55,3,73,57,105,74,112,65,95,33,36" hai2="110,84,28,126,111,102,47,0,18,90,48,41,54" hai3="125,122,124,43,40,12,76,107,127,104,53,30,71"/><W98/><G122/><T81/><D129/><U59/><E105/><N who="3" m="40522" /><G71/><T103/><D116/><U131/><E36/><V16/><F0/><W17/><G30/><T2/><D89/><U100/><E112/><V1/><F1/><W52/><G76/><T34/><D14/><U85/><E131/><V19/><F102/><W4/><G4/><T83/><D83/><U63/><E100/><V128/><F128/><W11/><G98/><T25/><D25/><U67/><E3/><V38/><F28/><W44/><G40/><T22/><D22/><U92/><E9/><V109/><F126/><W20/><G20/><T114/><D114/><U82/><E33/><V106/><F106/><W13/><G12/><T58/><D39/><AGARI ba="0,0" hai="11,13,17,39,43,44,52,53,124,125,127" m="40522" machi="39" ten="40,3900,0" yaku="18,1,54,1" doraHai="29" who="3" fromWho="0" sc="234,-39,157,0,302,0,307,39" owari="195,-20.5,157,-34.3,302,10.2,346,44.6" /></mjloggm>