<mjloggm ver="2.3"><GO type="225" lobby="0"/><UN n0="%E8%81%B7%E6%A5%AD%E3%80%81%E9%A2%A8%32" n1="%E3%81%AF%E3%82%88%E3%81%8A%E3%81%98%E3%81%95%E3%82%93" n2="%28%EF%BF%A3%E2%96%BD%EF%BF%A3%29%CE%B4%E2%8C%92%E3%83%BB" n3="%E7%99%BD%E9%9B%AA%E4%B9%83%E6%84%9B" dan="16,17,16,16" rate="2155.83,2215.07,2121.88,2065.55" sx="M,M,M,F"/><TAIKYOKU oya="0"/><INIT seed="0,0,0,1,5,107" ten="250,250,250,250" oya="0" hai0="21,19,60,75,111,108,53,101,110,46,89,65,78" hai1="54,119,36,11,113,14,35,8,13,104,123,131,124" hai2="1,88,62,117,91,106,12,52,58,56,10,128,134" hai3="23,5,96,92,99,63,72,74,121,28,112,64,82"/><T42/><D101/><U79/><E104/><V132/><F106/><W66/><G112/><T15/><D89/><N who="2" m="34378" /><F1/><W116/><G116/><T103/><D103/><U118/><E54/><V90/><N who="2" m="34386" /><V127/><DORA hai="16" /><F117/><W6/><G121/><T40/><D53/><U9/><E36/><V133/><F58/><W83/><G63/><T109/><N who="0" m="27648" /><DORA hai="39" /><T20/><D20/><U100/><E79/><V17/><F128/><W48/><G48/><T77/><D75/><U0/><E8/><V69/><F69/><W59/><G59/><N who="0" m="37023" /><D42/><U25/><E100/><V31/><F31/><W126/><G28/><T49/><AGARI ba="0,0" hai="15,19,21,40,46,49,77,78" m="37023,27648" machi="49" ten="60,12000,1" yaku="14,1,10,1,52,2" doraHai="107,16,39" who="0" fromWho="0" sc="250,120,250,-40,250,-40,250,-40" /><INIT seed="0,1,0,1,2,48" ten="370,210,210,210" oya="0" hai0="49,5,57,24,114,69,122,85,77,44,51,132,116" hai1="135,9,94,100,129,115,37,50,72,33,108,34,110" hai2="120,102,124,80,14,96,15,119,45,86,36,76,99" hai3="7,2,126,23,128,55,0,127,13,98,6,25,101"/><T106/><D106/><U121/><E50/><V8/><F120/><W73/><G73/><T42/><D122/><U21/><E94/><V71/><F71/><W60/><G128/><T92/><D69/><U53/><E21/><V103/><F124/><W43/><G43/><T91/><D116/><U22/><E22/><V109/><F109/><W67/><G67/><T29/><D114/><U74/><E9/><V65/><F65/><W40/><G40/><T70/><D70/><U54/><E121/><V130/><F130/><W104/><G13/><T134/><D5/><U66/><E66/><V112/><F112/><W41/><G41/><T31/><D77/><U30/><E129/><V125/><F45/><W133/><G133/><N who="0" m="51307" /><D24/><U82/><E135/><V84/><F36/><W131/><G131/><T17/><D17/><U107/><E115/><V87/><F125/><N who="3" m="47627" /><G7/><T52/><AGARI ba="1,0" hai="29,31,42,44,49,51,52,57,85,91,92" m="51307" machi="52" ten="30,6000,0" yaku="20,1,52,1,54,1" doraHai="48" who="0" fromWho="0" sc="370,63,210,-21,210,-21,210,-21" /><INIT seed="0,2,0,3,0,57" ten="433,189,189,189" oya="0" hai0="25,77,33,2,114,100,28,26,87,50,49,52,10" hai1="6,42,35,84,12,122,55,93,133,109,62,17,73" hai2="54,8,118,94,106,107,134,63,58,60,0,110,16" hai3="99,116,43,45,112,1,38,24,59,68,20,113,126"/><T37/><D37/><U105/><E73/><V108/><F134/><W19/><G116/><T90/><D114/><U70/><E122/><V29/><F118/><W103/><G126/><T39/><D39/><U95/><E105/><V40/><F29/><W132/><G68/><T117/><D117/><U128/><E35/><V56/><F40/><W135/><G1/><T127/><D127/><U111/><E133/><N who="3" m="51274" /><G59/><T27/><D100/><U82/><E128/><V96/><F0/><W15/><G24/><T78/><D50/><U7/><E42/><V91/><F8/><W31/><G31/><T74/><D74/><U9/><E70/><V47/><F47/><W104/><AGARI ba="2,0" hai="15,19,20,38,43,45,99,103,104,112,113" m="51274" machi="104" ten="30,1100,0" yaku="20,1" doraHai="57" who="3" fromWho="3" sc="433,-7,189,-5,189,-5,189,17" /><INIT seed="1,0,0,1,2,109" ten="426,184,184,206" oya="1" hai0="121,28,45,50,9,33,36,98,91,39,78,124,53" hai1="19,73,132,46,17,59,99,101,79,44,58,133,63" hai2="76,3,60,1,87,127,131,129,113,102,130,119,10" hai3="67,97,114,122,23,37,96,135,115,55,116,103,20"/><U31/><E31/><V92/><F119/><W29/><G122/><T69/><D69/><U61/><E99/><N who="2" m="59751" /><F127/><W32/><G37/><T5/><D121/><U54/><E101/><V22/><F60/><W90/><G67/><T43/><D124/><U24/><E79/><V112/><F22/><W8/><G32/><T71/><D71/><U106/><E73/><V95/><F10/><W27/><G116/><T52/><D78/><U94/><E94/><V88/><F76/><W15/><G23/><T42/><D39/><U110/><E110/><V117/><F117/><W128/><G128/><T86/><D98/><U111/><E111/><V85/><F85/><W18/><G135/><N who="1" m="51786" /><E106/><V40/><F40/><N who="0" m="15402" /><D28/><U126/><E126/><V62/><F62/><W68/><G68/><T16/><D33/><U77/><E77/><V105/><F105/><W38/><G38/><T74/><D36/><U4/><E4/><V35/><F35/><W80/><G55/><N who="0" m="30159" /><D5/><U21/><E17/><V120/><F120/><W104/><REACH who="3" step="1"/><G97/><REACH who="3" ten="426,184,184,196" step="2"/><T30/><D52/><AGARI ba="0,1" hai="19,21,24,44,46,52,54,58,59,61,63" m="51786" machi="52" ten="30,2900,0" yaku="20,1,54,1" doraHai="109" who="1" fromWho="0" sc="426,-29,184,39,184,0,196,0" /><INIT seed="1,1,0,5,3,123" ten="397,223,184,196" oya="1" hai0="36,80,49,70,64,31,103,128,91,26,42,57,110" hai1="98,60,55,109,15,53,16,47,19,95,52,41,17" hai2="131,67,62,112,63,85,113,34,6,24,120,7,96" hai3="124,129,30,35,3,121,108,46,5,0,11,86,23"/><U66/><E109/><V94/><F120/><W125/><G121/><T20/><D128/><U29/><E29/><N who="2" m="19751" /><F85/><W21/><G129/><T76/><D110/><U106/><E106/><V18/><F18/><W81/><G3/><T58/><D103/><U135/><E135/><V84/><F84/><W51/><G35/><T59/><D91/><U117/><E117/><V68/><F63/><W45/><G45/><N who="0" m="23751" /><D80/><U75/><E75/><V78/><F78/><W118/><G118/><T50/><D50/><N who="1" m="26991" /><E66/><V90/><F131/><W105/><G105/><T22/><D76/><U133/><E133/><V104/><F104/><W73/><G73/><T71/><D71/><U107/><E107/><V56/><F68/><W74/><G74/><T102/><D102/><N who="1" m="60767" /><E60/><V13/><F13/><AGARI ba="1,0" hai="13,15,16,17,19,52,53,55" m="60767,26991" machi="13" ten="30,5800,0" yaku="8,1,54,2" doraHai="123" who="1" fromWho="2" sc="397,0,223,61,184,-61,196,0" /><INIT seed="1,2,0,2,4,20" ten="397,284,123,196" oya="1" hai0="25,51,59,107,73,123,69,54,55,122,38,95,63" hai1="101,117,14,118,62,37,124,100,44,46,67,2,5" hai2="92,72,127,88,45,80,96,61,68,102,52,90,70" hai3="135,99,81,89,58,114,49,119,64,7,60,1,115"/><U0/><E14/><V87/><F127/><W12/><G135/><T93/><D107/><U36/><E62/><V39/><F72/><W91/><G119/><T103/><D38/><U113/><E67/><V120/><F120/><N who="0" m="46122" /><D73/><U56/><E56/><V18/><F39/><W133/><G1/><T6/><D103/><U79/><E79/><V66/><F18/><W83/><G133/><T98/><D98/><U86/><E86/><V9/><F9/><W108/><G108/><T82/><D82/><U116/><E116/><V75/><F75/><W24/><G49/><T28/><D6/><U131/><E5/><V76/><REACH who="2" step="1"/><F70/><REACH who="2" ten="397,284,113,196" step="2"/><W26/><G115/><T97/><D69/><U47/><E113/><V35/><F35/><W32/><G114/><T3/><D28/><U126/><E37/><V128/><F128/><W31/><G32/><T111/><D111/><U53/><E36/><V22/><F22/><W77/><G31/><T11/><D11/><U104/><E131/><V112/><F112/><W65/><G7/><T41/><D3/><U71/><E71/><V40/><F40/><W110/><G110/><T134/><D41/><U48/><E0/><V94/><F94/><W33/><G33/><T85/><D95/><U29/><E29/><V121/><F121/><W78/><G81/><T34/><D93/><U42/><E2/><V10/><F10/><W19/><G83/><T23/><D34/><U74/><E74/><V30/><F30/><W106/><G19/><T16/><D16/><U105/><E42/><V57/><F57/><W132/><G58/><T13/><D59/><RYUUKYOKU ba="2,1" sc="397,-10,284,-10,113,30,196,-10" hai2="45,52,61,66,68,76,80,87,88,90,92,96,102" /><INIT seed="2,3,1,1,3,107" ten="387,274,143,186" oya="2" hai0="12,88,90,47,2,123,31,116,80,62,84,128,57" hai1="23,112,33,114,54,122,43,56,28,110,82,35,21" hai2="69,103,7,41,32,10,25,61,75,95,5,99,65" hai3="66,97,22,48,64,4,92,9,50,63,87,133,134"/><V79/><F41/><W100/><G22/><T59/><D2/><U16/><E43/><V111/><F111/><W131/><G131/><T120/><D128/><U126/><E82/><V102/><F102/><W132/><G87/><T104/><D104/><U1/><E56/><V113/><F113/><W94/><G94/><T130/><D116/><U26/><E54/><V45/><F45/><W37/><G37/><T40/><D130/><U53/><E53/><V135/><F135/><W108/><G108/><T91/><D31/><U101/><E101/><V42/><F42/><W60/><G60/><T129/><D129/><U73/><E73/><V76/><F75/><W70/><REACH who="3" step="1"/><G66/><REACH who="3" ten="387,274,143,176" step="2"/><T27/><D62/><U74/><E110/><V105/><F95/><W117/><G117/><T77/><D84/><U58/><E21/><V46/><F46/><W71/><G71/><T19/><D47/><U3/><E23/><V15/><REACH who="2" step="1"/><F5/><REACH who="2" ten="387,274,133,176" step="2"/><W52/><G52/><T115/><D115/><U29/><E114/><V0/><F0/><AGARI ba="3,3" hai="0,4,9,48,50,63,64,70,92,97,100,132,133,134" machi="0" ten="40,2600,0" yaku="1,1,20,1,53,0" doraHai="107" doraHaiUra="109" who="3" fromWho="2" sc="387,0,274,0,133,-35,176,65" /><INIT seed="3,0,0,2,0,45" ten="387,274,98,241" oya="3" hai0="61,56,64,36,27,20,12,30,43,9,101,28,130" hai1="69,68,73,24,85,62,76,120,72,96,83,6,81" hai2="31,46,102,67,77,111,105,71,121,7,75,117,19" hai3="110,113,14,37,134,70,49,60,95,59,86,18,84"/><W94/><G113/><T44/><D130/><U5/><E120/><V104/><F121/><W15/><G37/><T116/><D116/><U23/><E96/><V82/><F117/><W29/><G29/><T103/><D30/><U80/><E80/><V53/><F111/><W11/><G134/><T122/><D122/><U78/><E85/><N who="3" m="32874" /><G70/><T108/><D108/><U47/><E47/><V3/><F19/><AGARI ba="0,0" hai="9,12,19,20,27,28,36,43,44,56,61,64,101,103" machi="19" ten="30,1000,0" yaku="7,1" doraHai="45" who="0" fromWho="2" sc="387,10,274,0,98,-10,241,0" owari="397,49.7,274,7.4,88,-41.2,241,-15.9" /></mjloggm>