<mjloggm ver="2.3"><GO type="225" lobby="0"/><UN n0="%E3%81%82%E3%83%BC%E3%81%97" n1="%E6%9C%AA%E6%9D%A5%E5%B0%91%E5%B9%B4" n2="%E3%81%86%E3%81%A9%E3%82%93%E3%81%93" n3="%6D%75%75%6D%75%72%61" dan="16,16,16,16" rate="2105.04,2131.86,2115.67,2129.79" sx="M,M,M,F"/><TAIKYOKU oya="0"/><INIT seed="0,0,0,4,1,81" ten="250,250,250,250" oya="0" hai0="131,94,53,121,16,68,75,132,135,85,25,42,70" hai1="32,72,10,17,2,45,60,9,44,73,100,105,20" hai2="49,114,86,99,97,78,125,120,11,3,89,124,27" hai3="51,101,107,83,92,82,71,130,118,87,35,109,7"/><T36/><D75/><U26/><E105/><V55/><F78/><W133/><G118/><T84/><D121/><U116/><E116/><V34/><F114/><W80/><G71/><N who="0" m="27179" /><D53/><U28/><E100/><V56/><F120/><W108/><G35/><T37/><D94/><U18/><E60/><V6/><F27/><W65/><G65/><T52/><D52/><U129/><E129/><V110/><F34/><W106/><G7/><T115/><D115/><U5/><E10/><V98/><REACH who="2" step="1"/><F110/><REACH who="2" ten="250,250,240,250" step="2"/><W95/><G109/><T79/><D79/><U90/><E72/><V122/><F122/><W76/><G108/><T66/><D131/><U57/><E73/><V61/><F61/><W112/><G130/><T30/><D30/><U104/><E32/><V43/><F43/><W62/><G112/><T38/><D42/><U33/><E33/><V69/><F69/><W119/><G62/><T23/><D66/><U19/><E28/><V103/><F103/><W40/><G76/><T134/><AGARI ba="0,1" hai="16,23,25,36,37,38,84,85,132,134,135" m="27179" machi="134" ten="50,12000,1" yaku="20,1,52,2,54,1" doraHai="81" who="0" fromWho="0" sc="250,130,250,-40,240,-40,250,-40" /><INIT seed="0,1,0,1,0,111" ten="380,210,200,210" oya="0" hai0="59,77,56,97,5,53,50,11,22,78,116,101,20" hai1="68,129,75,73,44,125,4,71,60,37,105,112,0" hai2="72,35,54,79,83,100,95,15,43,18,33,87,114" hai3="7,133,65,45,9,6,32,134,88,13,42,76,66"/><T47/><D116/><U91/><E91/><V128/><F128/><W61/><G32/><T113/><D113/><U124/><E129/><V92/><F43/><W30/><G30/><T48/><D20/><U64/><E71/><V94/><F100/><W85/><G76/><T55/><D47/><U23/><E23/><V74/><F114/><W96/><G96/><T122/><D22/><U104/><E112/><V126/><F126/><N who="1" m="48745" /><E44/><V27/><F54/><W10/><G61/><T98/><D122/><U90/><E90/><V49/><F49/><W41/><G133/><T17/><D17/><U40/><E40/><V131/><F131/><W8/><G134/><T106/><REACH who="0" step="1"/><D98/><REACH who="0" ten="370,210,200,210" step="2"/><U28/><E28/><V81/><F35/><W121/><G121/><T3/><AGARI ba="1,1" hai="3,5,11,48,50,53,55,56,59,77,78,97,101,106" machi="3" ten="20,12000,1" yaku="1,1,2,1,0,1,7,1,9,1,53,0" doraHai="111" doraHaiUra="84" who="0" fromWho="0" sc="370,133,210,-41,200,-41,210,-41" /><INIT seed="0,2,0,5,0,2" ten="503,169,159,169" oya="0" hai0="76,5,42,26,126,46,36,3,112,10,16,66,19" hai1="74,104,25,86,7,80,57,72,37,11,71,6,51" hai2="115,128,84,60,117,59,135,78,119,41,120,24,48" hai3="44,54,92,63,9,62,58,94,65,127,52,38,131"/><T39/><D112/><U22/><E71/><V23/><F115/><W4/><G131/><T90/><D39/><U102/><E37/><V73/><F128/><W105/><G105/><T55/><D126/><U45/><E57/><V33/><F33/><W114/><G127/><T88/><D66/><U67/><E67/><V53/><F73/><W110/><G110/><T14/><D26/><U118/><E118/><V125/><F125/><W107/><G107/><T79/><D55/><U69/><E69/><V106/><F106/><W93/><G114/><T130/><D19/><U82/><E102/><V13/><F120/><W87/><G87/><T97/><D130/><U47/><E104/><V122/><F122/><W32/><G32/><T91/><REACH who="0" step="1"/><D97/><REACH who="0" ten="493,169,159,169" step="2"/><U77/><E25/><V49/><F24/><W75/><G63/><T43/><D43/><U40/><E40/><V124/><F124/><W123/><G123/><T116/><D116/><U101/><E47/><V8/><F60/><W121/><G121/><T98/><D98/><U70/><E45/><V17/><F117/><W30/><G30/><T109/><D109/><U64/><E64/><V20/><F119/><W18/><G18/><T27/><D27/><U103/><E70/><V99/><F99/><W35/><G38/><T95/><D95/><U85/><E82/><N who="2" m="47191" /><F135/><W12/><G44/><AGARI ba="2,1" hai="8,13,17,20,23,41,44,48,49,53,59" m="47191" machi="44" ten="30,1000,0" yaku="8,1" doraHai="2" who="2" fromWho="3" sc="493,0,169,0,159,26,169,-16" /><INIT seed="1,0,0,0,0,18" ten="493,169,185,153" oya="1" hai0="110,12,17,60,50,16,15,21,106,92,134,82,124" hai1="131,56,94,105,29,128,14,64,76,86,45,63,6" hai2="52,69,7,91,44,4,28,116,30,126,47,3,8" hai3="73,13,55,125,115,119,2,107,68,27,58,97,79"/><U53/><E105/><V89/><F69/><W113/><G2/><T121/><D106/><U59/><E29/><V104/><F104/><W1/><G1/><T99/><D110/><U5/><E45/><V67/><F67/><W78/><G68/><T129/><D134/><U72/><E72/><V103/><F103/><W93/><G107/><T108/><D108/><U80/><E94/><V90/><F116/><W48/><G119/><T109/><D109/><U22/><E6/><V40/><F126/><W95/><G125/><T10/><D124/><U127/><E127/><V84/><F84/><W70/><G70/><T9/><D129/><N who="1" m="49739" /><E5/><V20/><F4/><W46/><G95/><T88/><D121/><U0/><E0/><V61/><F20/><W85/><G73/><T102/><D60/><N who="1" m="35855" /><E14/><V23/><F44/><W65/><G13/><T118/><D118/><U57/><E59/><V31/><F61/><W71/><G71/><T26/><D50/><U66/><E22/><V39/><F52/><AGARI ba="0,0" hai="52,57,63,64,66,76,80,86" m="35855,49739" machi="52" ten="30,2900,0" yaku="19,1,54,1" doraHai="18" who="1" fromWho="2" sc="493,0,169,29,185,-29,153,0" /><INIT seed="1,1,0,5,1,133" ten="493,198,156,153" oya="1" hai0="31,42,75,10,116,22,61,99,69,101,100,134,58" hai1="53,50,14,33,71,96,18,12,92,102,65,34,97" hai2="62,95,123,63,8,114,32,131,45,26,20,86,38" hai3="11,94,7,27,110,124,21,43,76,64,81,39,41"/><U127/><E127/><V105/><F105/><W128/><G110/><T37/><D75/><U118/><E118/><V52/><F123/><W132/><G132/><T91/><D134/><U84/><E84/><V88/><F131/><W135/><G128/><T126/><D69/><U9/><E65/><V55/><F32/><W115/><G115/><T70/><D70/><U48/><E71/><V129/><F129/><W6/><G135/><T60/><D10/><U104/><E14/><V107/><F107/><W80/><G64/><T108/><D61/><N who="2" m="23050" /><F38/><W74/><G39/><T112/><D42/><U66/><E66/><V0/><F0/><W73/><G94/><T4/><D4/><U82/><E82/><V120/><F120/><W79/><G124/><T23/><D126/><U113/><E113/><V89/><F8/><W109/><G109/><T46/><D31/><U56/><REACH who="1" step="1"/><E50/><REACH who="1" ten="493,188,156,153" step="2"/><V36/><F36/><W35/><G7/><T40/><D116/><U17/><E17/><V30/><F114/><W19/><REACH who="3" step="1"/><G35/><REACH who="3" ten="493,188,156,143" step="2"/><T51/><D37/><U125/><E125/><V57/><F95/><W68/><G68/><T90/><D112/><U87/><E87/><V103/><F86/><W16/><G16/><T98/><D108/><U59/><E59/><V15/><F57/><W5/><G5/><T3/><D58/><U1/><E1/><AGARI ba="1,2" hai="1,6,11,19,21,27,41,43,73,74,76,79,80,81" machi="1" ten="30,3900,0" yaku="1,1,7,1,9,1,53,0" doraHai="133" doraHaiUra="117" who="3" fromWho="1" sc="493,0,188,-42,156,0,143,62" /><INIT seed="2,0,0,0,5,19" ten="493,146,156,205" oya="2" hai0="21,86,53,43,60,88,123,54,32,94,87,99,7" hai1="120,69,134,15,109,17,41,50,130,59,126,49,119" hai2="112,14,101,40,39,92,18,44,10,33,11,71,13" hai3="118,36,114,42,45,55,133,52,79,128,78,27,125"/><V75/><F112/><W46/><G118/><T127/><D32/><U82/><E119/><V65/><F33/><W74/><G114/><T93/><D123/><U47/><E69/><V115/><F115/><W104/><G104/><T85/><D43/><U31/><E120/><V113/><F113/><W30/><G128/><T24/><D7/><U28/><E130/><V38/><F75/><W129/><G129/><T121/><D127/><U105/><E105/><V132/><F132/><W37/><G125/><T76/><D76/><U131/><E131/><V116/><F116/><W111/><G111/><T117/><D121/><U110/><E126/><V66/><F39/><W81/><G79/><T63/><D94/><U3/><E3/><V106/><F106/><W57/><G133/><T16/><D117/><U0/><E0/><V26/><F26/><W68/><G68/><T29/><D29/><U51/><E82/><V5/><REACH who="2" step="1"/><F71/><REACH who="2" ten="493,146,146,205" step="2"/><W34/><G57/><T9/><D9/><N who="1" m="6383" /><E134/><V56/><F56/><W100/><G100/><T2/><D2/><U90/><E59/><V97/><AGARI ba="0,1" hai="5,10,11,13,14,18,38,40,44,65,66,92,97,101" machi="97" ten="30,6000,0" yaku="1,1,0,1,53,1" doraHai="19" doraHaiUra="95" who="2" fromWho="2" sc="493,-20,146,-20,146,70,205,-20" /><INIT seed="2,1,0,4,2,3" ten="473,126,216,185" oya="2" hai0="73,130,74,62,79,101,113,92,23,121,120,39,104" hai1="85,132,68,123,55,43,4,11,29,124,114,133,24" hai2="69,58,41,91,100,64,76,126,115,12,47,56,118" hai3="110,135,13,89,95,97,36,63,46,7,6,116,66"/><V129/><F115/><W28/><G116/><T20/><D39/><U119/><E68/><V67/><F100/><W49/><G36/><T38/><D38/><U134/><E43/><V107/><F107/><W40/><G110/><T105/><D62/><U31/><E55/><V108/><F76/><W77/><G135/><T10/><D10/><U103/><E103/><V80/><F118/><W42/><G77/><T98/><D113/><U127/><E85/><N who="2" m="50599" /><F69/><W53/><G28/><N who="1" m="10826" /><E119/><V18/><F129/><W35/><G35/><T90/><D20/><U57/><E57/><N who="2" m="22123" /><F126/><N who="1" m="48169" /><E114/><V26/><F26/><W22/><G63/><T87/><D130/><U83/><E83/><V82/><F82/><W34/><G34/><T33/><D33/><U102/><E102/><V21/><F108/><W14/><G66/><T96/><D23/><U51/><E51/><AGARI ba="1,0" hai="12,18,21,41,47,51,64,67" m="22123,50599" machi="51" ten="30,1500,0" yaku="8,1" doraHai="3" who="2" fromWho="1" sc="473,0,126,-18,216,18,185,0" /><INIT seed="2,2,0,2,1,12" ten="473,108,234,185" oya="2" hai0="118,4,128,31,108,35,61,10,133,9,113,15,124" hai1="120,93,27,97,25,119,102,111,21,129,99,30,68" hai2="117,54,75,13,73,19,32,38,72,62,131,80,78" hai3="114,123,49,59,2,23,122,92,52,95,104,71,79"/><V53/><F117/><W96/><G2/><T74/><D74/><U42/><E111/><V81/><F32/><W46/><G104/><T50/><D108/><U107/><E129/><V18/><F38/><W90/><G71/><T132/><D61/><U0/><E119/><V33/><F33/><W85/><G114/><T14/><D50/><U16/><E120/><V115/><F115/><W84/><G84/><T5/><D113/><U20/><E68/><V127/><F127/><W105/><G105/><T26/><D118/><U51/><E0/><V3/><F3/><W64/><G23/><T70/><D70/><U44/><E99/><V56/><F131/><W69/><G69/><T87/><D87/><U47/><REACH who="1" step="1"/><E44/><REACH who="1" ten="473,98,234,185" step="2"/><V66/><F75/><W100/><G122/><T121/><D121/><U82/><E82/><V24/><F81/><N who="3" m="47295" /><G123/><T1/><D128/><U125/><E125/><V83/><F83/><W57/><G64/><T45/><D45/><U22/><E22/><V11/><F72/><W116/><G116/><T106/><D124/><U41/><E41/><V28/><F66/><W63/><G46/><T65/><D65/><U60/><E60/><V101/><F62/><W29/><G59/><T36/><D36/><U76/><E76/><V103/><F56/><W40/><G40/><T39/><D39/><U6/><E6/><V88/><F80/><W130/><G130/><T135/><D1/><U110/><E110/><V91/><F78/><W109/><G109/><T34/><D34/><U43/><E43/><V89/><F73/><W17/><G63/><T112/><D112/><RYUUKYOKU ba="2,1" sc="473,15,98,15,234,-15,185,-15" hai0="4,5,9,10,14,15,26,31,35,106,132,133,135" hai1="16,20,21,25,27,30,42,47,51,93,97,102,107" /><INIT seed="3,3,1,5,1,115" ten="488,113,219,170" oya="3" hai0="79,85,74,122,118,69,101,50,70,90,81,129,57" hai1="18,33,103,95,26,22,105,108,121,16,56,87,38" hai2="96,10,91,13,59,40,31,132,44,123,94,34,98" hai3="55,80,92,45,53,3,130,62,134,52,126,47,68"/><W125/><G3/><T11/><D118/><U78/><E108/><V127/><F132/><W76/><G92/><T110/><D122/><U119/><E121/><V124/><F123/><W32/><G32/><T36/><D36/><U43/><E33/><V48/><F31/><W15/><G15/><T5/><D129/><U46/><E119/><V104/><F34/><W106/><G106/><T9/><D101/><U41/><E41/><V39/><F104/><W112/><G80/><T89/><D90/><U66/><E105/><V109/><F109/><W83/><G83/><T35/><D35/><U7/><E7/><V111/><F111/><W2/><G2/><T1/><D9/><U75/><E75/><V49/><F98/><W6/><G76/><T86/><D86/><U102/><E18/><N who="2" m="8503" /><F59/><N who="3" m="35175" /><G6/><T135/><D135/><U42/><E42/><V60/><F60/><W63/><G134/><T17/><D17/><U97/><E102/><V61/><F61/><W133/><G133/><T21/><D21/><U28/><E28/><V77/><F77/><W116/><G130/><T58/><D58/><U30/><E30/><V64/><F64/><N who="3" m="40991" /><G112/><T29/><D29/><U82/><REACH who="1" step="1"/><E56/><REACH who="1" ten="488,103,219,170" step="2"/><V0/><F40/><W37/><G116/><T19/><D19/><U8/><E8/><V120/><F120/><W114/><G114/><T14/><D85/><U4/><E4/><V99/><F99/><W65/><G37/><T88/><D89/><U51/><E51/><V117/><F117/><W100/><G100/><T93/><D110/><U27/><E27/><V107/><F107/><W23/><G23/><RYUUKYOKU ba="3,2" sc="488,-10,103,30,219,-10,170,-10" hai1="16,22,26,38,43,46,66,78,82,87,95,97,103" owari="498,59.8,133,-36.7,209,0.9,160,-24.0" /></mjloggm>