<mjloggm ver="2.3"><GO type="225" lobby="0"/><UN n0="%E3%80%90%E3%83%88%E3%83%AA%E3%83%A5%E3%83%95%E3%80%91" n1="%E6%98%93%E5%88%A9%E8%96%A9%E4%BC%AF" n2="%E8%BE%9B%E5%8F%A3%E3%82%AB%E3%83%AC%E3%83%BC%E3%83%A9%E3%82%A4%E3%82%B9" n3="%E6%A1%9C%E8%8A%B1%E9%96%83%E3%80%85" dan="16,16,17,17" rate="2073.81,2089.43,2219.28,2171.03" sx="M,F,M,M"/><TAIKYOKU oya="0"/><INIT seed="0,0,0,1,3,87" ten="250,250,250,250" oya="0" hai0="105,19,39,123,114,65,62,3,50,30,119,32,28" hai1="20,26,73,45,4,132,23,94,86,135,24,12,99" hai2="58,16,49,63,115,69,82,52,57,104,79,66,38" hai3="75,102,22,56,35,0,95,108,70,21,103,74,117"/><T5/><D114/><U90/><E73/><V131/><F115/><W100/><G70/><T107/><D119/><U112/><E112/><V54/><F131/><W106/><G35/><T1/><D39/><U76/><E45/><V8/><F38/><W29/><G106/><T60/><D123/><U46/><E46/><V126/><F126/><W81/><G0/><T48/><D32/><U25/><E135/><V89/><F104/><W64/><G108/><T40/><D65/><U80/><REACH who="1" step="1"/><E132/><REACH who="1" ten="250,240,250,250" step="2"/><V78/><F69/><W55/><G75/><T53/><D40/><U33/><E33/><V113/><F113/><W130/><G74/><T9/><D107/><U72/><E72/><V18/><F66/><W101/><G64/><T59/><D105/><U2/><E2/><V129/><F129/><W11/><G130/><T84/><D1/><U118/><E118/><V13/><F18/><W98/><G117/><T6/><D19/><U42/><E42/><V15/><F15/><W97/><G29/><T41/><D41/><U110/><E110/><V128/><F128/><W124/><G124/><T43/><D43/><U92/><E92/><V91/><F82/><W122/><G81/><T96/><D3/><U109/><E109/><V83/><F83/><W37/><G37/><T93/><D30/><U116/><E116/><V85/><F85/><W134/><G134/><T47/><D84/><U77/><E77/><AGARI ba="0,1" hai="8,13,16,49,52,54,57,58,63,77,78,79,89,91" machi="77" ten="40,8000,1" yaku="8,1,52,2,54,2" doraHai="87" who="2" fromWho="1" sc="250,0,240,-80,250,90,250,0" /><INIT seed="1,0,0,5,2,28" ten="250,160,340,250" oya="1" hai0="23,115,133,78,82,54,80,49,17,103,99,8,73" hai1="87,95,107,125,102,90,91,88,121,101,123,132,35" hai2="27,109,84,131,113,10,106,110,67,45,128,134,19" hai3="42,59,12,26,92,15,61,70,126,33,57,2,13"/><U62/><E62/><V118/><F118/><W76/><G126/><T53/><D115/><U60/><E60/><V75/><F75/><W97/><G2/><T124/><D124/><U30/><E125/><V130/><F113/><W119/><G76/><T72/><D8/><U98/><E132/><V25/><F106/><W3/><G3/><T56/><D133/><U46/><E46/><V51/><F67/><W43/><G70/><T5/><D5/><U9/><E9/><V50/><F134/><W34/><G26/><N who="2" m="9737" /><F84/><W22/><G22/><T52/><D80/><N who="1" m="49255" /><E30/><V81/><F81/><W47/><G59/><T39/><D39/><U104/><E35/><V58/><F58/><W77/><G77/><T69/><D72/><U100/><E91/><V0/><F0/><W79/><G79/><T74/><D74/><U116/><E116/><V129/><F129/><W32/><G47/><T65/><D69/><U114/><E114/><V18/><F51/><W1/><G1/><T64/><D64/><U41/><E41/><N who="2" m="24879" /><F10/><W83/><G119/><T40/><D40/><U48/><E48/><V112/><F112/><W31/><G31/><T120/><D65/><U94/><E94/><V37/><F37/><W63/><G83/><T4/><D120/><AGARI ba="0,0" hai="90,95,98,100,101,102,104,107,120,121,123" m="49255" machi="120" ten="30,5800,0" yaku="34,2,54,1" doraHai="28" who="1" fromWho="0" sc="250,-58,160,58,340,0,250,0" /><INIT seed="1,1,0,1,3,96" ten="192,218,340,250" oya="1" hai0="58,31,28,105,17,117,79,51,119,115,19,53,66" hai1="81,129,50,113,77,52,11,5,131,121,47,112,97" hai2="104,38,33,101,35,124,8,83,82,9,125,110,72" hai3="61,15,55,0,86,56,36,78,91,27,108,54,128"/><U73/><E121/><V42/><F110/><W74/><G0/><T63/><D115/><U29/><E29/><V80/><F72/><W127/><G108/><T123/><D105/><U76/><E76/><V43/><F104/><W134/><G134/><T26/><D79/><U40/><E40/><N who="2" m="15403" /><F101/><W25/><G36/><T118/><D123/><U93/><E131/><V135/><F38/><W37/><G37/><T34/><REACH who="0" step="1"/><D31/><REACH who="0" ten="182,218,340,250" step="2"/><U65/><E129/><V59/><F135/><W10/><G128/><T75/><D75/><U4/><E65/><V103/><F125/><W14/><G127/><T22/><D22/><U122/><E122/><V114/><F124/><W2/><G74/><T3/><D3/><U44/><E44/><AGARI ba="1,1" hai="17,19,26,28,34,44,51,53,58,63,66,117,118,119" machi="44" ten="40,2600,0" yaku="1,1,53,1" doraHai="96" doraHaiUra="48" who="0" fromWho="1" sc="182,39,218,-29,340,0,250,0" /><INIT seed="2,0,0,1,5,12" ten="221,189,340,250" oya="2" hai0="84,28,27,75,41,129,109,13,135,93,102,2,126" hai1="70,82,52,16,35,69,78,21,113,32,99,92,56" hai2="68,24,64,117,90,112,47,30,87,95,74,53,130" hai3="73,43,37,7,89,26,133,94,71,6,59,96,111"/><V49/><F112/><W77/><G71/><T15/><D109/><U106/><E106/><V81/><F117/><W85/><G111/><T61/><D75/><U34/><E113/><V66/><F68/><W39/><G133/><T120/><D2/><U19/><E70/><V134/><F130/><W3/><G59/><T8/><D120/><U62/><E69/><V76/><REACH who="2" step="1"/><F134/><REACH who="2" ten="221,189,330,250" step="2"/><W105/><G39/><T48/><D129/><U122/><E122/><V115/><F115/><W128/><G37/><T14/><D135/><U123/><E123/><V58/><F58/><W25/><G128/><T121/><D121/><U60/><E60/><V0/><F0/><W124/><G3/><T86/><D61/><U5/><E5/><V29/><F29/><W22/><G6/><T11/><D11/><U100/><REACH who="1" step="1"/><E21/><AGARI ba="0,1" hai="21,24,30,47,49,53,64,66,74,76,81,87,90,95" machi="21" ten="30,2900,0" yaku="1,1,7,1,53,0" doraHai="12" doraHaiUra="125" who="2" fromWho="1" sc="221,0,189,-29,330,39,250,0" /><INIT seed="2,1,0,1,5,89" ten="221,160,369,250" oya="2" hai0="96,121,10,19,17,38,74,55,114,14,88,73,29" hai1="27,39,117,7,92,42,26,101,67,81,116,64,122" hai2="100,130,106,90,123,5,120,4,33,3,16,75,111" hai3="51,102,126,0,40,78,35,21,94,95,72,134,1"/><V118/><F118/><W43/><G35/><T30/><D114/><U9/><E122/><V112/><F112/><W91/><G126/><T66/><D38/><U93/><E116/><V132/><F33/><W22/><G102/><T12/><D66/><U53/><E117/><V63/><F75/><W99/><G134/><T86/><D121/><U57/><E39/><V103/><F132/><W124/><G124/><T108/><D96/><U71/><E42/><V68/><F90/><W41/><G51/><T24/><D24/><U49/><E81/><V20/><F130/><W110/><G110/><T52/><D108/><U58/><E71/><V70/><F111/><W77/><G72/><T11/><D88/><U109/><E109/><V115/><F115/><W87/><G99/><T59/><D59/><U127/><E127/><V83/><F83/><W131/><G43/><T98/><D98/><U56/><E101/><V69/><F103/><W34/><G91/><T76/><D76/><U125/><E125/><V50/><F100/><W46/><G34/><T97/><D97/><U104/><E104/><V23/><F106/><W44/><G87/><AGARI ba="1,0" hai="10,11,12,14,17,19,29,30,52,55,73,74,86,87" machi="87" ten="25,3200,0" yaku="22,2,54,1" doraHai="89" who="0" fromWho="3" sc="221,35,160,0,369,0,250,-35" /><INIT seed="3,0,0,0,5,108" ten="256,160,369,215" oya="3" hai0="66,12,85,78,97,110,14,77,6,120,4,55,16" hai1="111,65,129,67,30,80,38,43,131,109,94,8,27" hai2="10,21,107,84,135,98,34,115,70,53,75,87,19" hai3="72,25,44,64,105,69,60,54,58,122,37,47,117"/><W127/><G105/><T3/><D110/><N who="1" m="41995" /><E80/><V39/><F87/><W118/><G72/><T119/><D3/><U89/><E89/><V13/><F84/><W15/><G15/><T9/><D66/><U18/><E94/><V61/><F34/><W79/><G79/><T49/><D120/><U35/><E43/><V114/><F135/><W134/><G134/><T26/><D119/><N who="3" m="45577" /><G25/><T102/><D26/><U31/><E38/><V124/><F13/><W132/><G132/><T81/><D14/><N who="1" m="7495" /><E67/><V62/><F21/><W5/><G5/><T100/><D77/><U48/><E48/><V71/><F10/><W33/><G33/><T113/><D102/><U0/><E65/><V74/><F74/><W123/><G44/><T101/><D101/><U90/><E90/><V40/><F75/><W28/><G47/><T76/><D76/><U91/><E91/><V1/><F1/><W23/><G37/><T7/><D100/><U92/><E92/><V22/><F39/><W63/><G64/><T93/><D93/><U103/><E103/><V82/><F107/><W96/><G96/><T83/><D97/><U104/><E104/><V57/><F98/><W106/><G63/><T24/><D24/><N who="1" m="18887" /><E0/><V36/><F62/><W52/><G60/><T42/><D42/><U130/><E27/><V73/><F61/><W50/><G54/><T2/><D2/><U112/><E31/><V46/><F40/><W56/><G28/><T68/><D83/><U32/><E32/><V128/><F82/><W29/><G52/><T125/><D81/><U59/><E59/><V126/><F57/><RYUUKYOKU ba="0,0" sc="256,-10,160,30,369,-10,215,-10" hai1="112,129,130,131" owari="246,4.6,190,-31.0,359,45.9,205,-19.5" /></mjloggm>