<mjloggm ver="2.3"><GO type="225" lobby="0"/><UN n0="%E3%81%BF%E3%81%BF%E3%81%9A" n1="%E3%81%82%E3%80%81%E8%B2%A0%E3%81%91%E3%81%BE%E3%81%97%E3%81%9F" n2="%72%61%6B%33" n3="%6D%75%75%6D%75%72%61" dan="16,16,16,16" rate="2113.22,2112.29,2079.31,2119.89" sx="M,M,M,F"/><TAIKYOKU oya="0"/><INIT seed="0,0,0,1,2,42" ten="250,250,250,250" oya="0" hai0="110,0,8,64,132,18,73,100,36,65,57,23,128" hai1="84,33,127,67,80,125,49,97,54,82,106,14,105" hai2="107,13,103,47,44,45,24,51,111,116,121,68,96" hai3="133,98,131,3,56,1,43,77,102,99,62,11,22"/><T134/><D73/><U55/><E33/><V20/><F121/><W41/><G131/><T123/><D123/><U112/><E112/><V109/><F116/><W72/><G133/><N who="0" m="51307" /><D128/><U122/><E122/><V118/><F118/><W124/><G124/><N who="1" m="47690" /><E67/><V59/><F68/><W119/><G119/><T120/><D120/><U30/><E30/><V29/><F13/><W108/><G108/><N who="2" m="41545" /><F59/><W35/><G35/><T101/><D36/><U25/><E25/><V89/><F89/><W66/><G22/><T83/><D83/><N who="1" m="31787" /><E84/><V92/><F107/><N who="1" m="40969" /><E97/><V46/><F46/><W91/><G99/><T17/><D110/><U32/><E32/><V129/><F129/><W31/><G72/><T9/><D57/><U87/><E87/><V2/><F2/><W58/><G58/><T85/><D85/><U71/><E71/><V39/><F39/><W10/><G3/><T38/><D38/><U95/><E95/><V115/><F115/><W74/><G1/><T130/><D130/><U34/><E34/><V5/><F5/><W93/><G56/><T37/><D37/><U19/><E49/><AGARI ba="0,0" hai="20,24,29,44,45,47,49,51,92,96,103" m="41545" machi="49" ten="30,7700,0" yaku="14,1,52,3" doraHai="42" who="2" fromWho="1" sc="250,0,250,-77,250,77,250,0" /><INIT seed="1,0,0,1,4,17" ten="250,173,327,250" oya="1" hai0="29,83,135,21,72,64,123,91,10,52,5,131,46" hai1="89,57,105,120,16,2,69,78,82,74,53,24,28" hai2="97,55,84,109,1,124,125,6,102,71,50,112,75" hai3="130,70,65,61,93,76,73,54,100,114,30,111,43"/><U45/><E2/><V94/><F75/><W104/><G104/><T134/><D131/><U101/><E69/><V47/><F71/><W122/><G122/><T42/><D123/><U38/><E120/><V81/><F109/><W58/><G114/><T20/><D64/><U7/><E7/><V99/><F99/><W63/><G111/><T39/><D29/><U92/><E38/><V108/><F108/><W106/><G106/><T11/><D52/><U49/><E105/><V35/><F35/><W67/><G130/><T51/><D51/><U115/><E101/><V9/><REACH who="2" step="1"/><F112/><REACH who="2" ten="250,173,317,250" step="2"/><W80/><G73/><T40/><D72/><U22/><E115/><V107/><F107/><W56/><G70/><T27/><D134/><U13/><E57/><V98/><F98/><W14/><G56/><T132/><D135/><U68/><E68/><V0/><F0/><W26/><G58/><T66/><D132/><U62/><E62/><V4/><F4/><W133/><G61/><T95/><D5/><U59/><E59/><V37/><F37/><W90/><G133/><T126/><D39/><U25/><REACH who="1" step="1"/><E28/><REACH who="1" ten="250,163,317,250" step="2"/><V117/><F117/><W87/><G30/><T110/><D110/><U128/><E128/><V86/><F86/><AGARI ba="0,2" hai="13,16,22,24,25,45,49,53,74,78,82,86,89,92" machi="86" ten="30,11600,0" yaku="1,1,7,1,52,1,54,1,53,0" doraHai="17" doraHaiUra="121" who="1" fromWho="2" sc="250,0,163,136,317,-116,250,0" /><INIT seed="1,1,0,2,1,60" ten="250,299,201,250" oya="1" hai0="127,57,7,90,124,47,12,135,35,14,120,40,93" hai1="99,130,83,73,5,3,27,88,117,91,103,102,11" hai2="32,82,21,66,129,54,26,107,64,86,45,46,23" hai3="8,101,105,104,4,39,74,56,42,97,24,77,16"/><U55/><E117/><V28/><F107/><W72/><G105/><T48/><D135/><U126/><E130/><V58/><F129/><W131/><G131/><T10/><D35/><U133/><E133/><V63/><F32/><W30/><G77/><T80/><D120/><U94/><E126/><N who="0" m="48169" /><D80/><U43/><E43/><V25/><F45/><W67/><G42/><T95/><D57/><U79/><E55/><V71/><F71/><W96/><G96/><N who="0" m="57399" /><D95/><U41/><E41/><V100/><F100/><W76/><G76/><T49/><D12/><U50/><E50/><AGARI ba="1,0" hai="7,10,14,40,47,48,49,50" m="57399,48169" machi="50" ten="30,1000,0" yaku="18,1" doraHai="60" who="0" fromWho="1" sc="250,13,299,-13,201,0,250,0" /><INIT seed="2,0,0,3,1,60" ten="263,286,201,250" oya="2" hai0="25,99,96,78,42,41,130,114,100,113,84,120,103" hai1="56,17,116,33,49,73,28,13,66,135,47,67,110" hai2="9,8,131,92,68,128,64,43,104,35,122,98,81" hai3="62,124,125,105,133,70,123,39,11,27,69,22,34"/><V12/><F122/><W134/><G123/><T95/><D120/><U88/><E116/><V31/><F43/><W3/><G105/><T91/><D25/><U21/><E73/><V112/><F112/><W15/><G34/><T94/><D41/><U109/><E135/><N who="3" m="51722" /><G3/><T93/><D42/><N who="1" m="24823" /><E56/><V117/><F117/><W77/><G77/><T76/><D130/><N who="2" m="49706" /><F81/><W108/><G108/><N who="1" m="41578" /><E88/><N who="2" m="55559" /><F104/><W45/><G45/><T107/><D107/><U87/><E87/><V63/><F12/><W44/><G44/><T48/><D48/><U115/><E115/><AGARI ba="0,0" hai="76,78,84,91,93,94,95,96,99,100,103,113,114,115" machi="115" ten="40,8000,1" yaku="9,1,34,3" doraHai="60" who="0" fromWho="1" sc="263,80,286,-80,201,0,250,0" /><INIT seed="3,0,0,4,0,21" ten="343,206,201,250" oya="3" hai0="125,93,79,132,58,64,13,83,17,9,7,91,98" hai1="131,99,115,113,56,34,61,16,78,88,90,114,122" hai2="6,72,40,44,116,54,1,48,15,66,92,25,117" hai3="8,23,5,31,89,3,112,71,126,96,134,67,55"/><W39/><G112/><T95/><D125/><U47/><E122/><V63/><F72/><W57/><G126/><T33/><D33/><U135/><E131/><V51/><F1/><W76/><G39/><T102/><D132/><U69/><E135/><V22/><F92/><W27/><G134/><T18/><D64/><U37/><E69/><V110/><F110/><W121/><G76/><T109/><D58/><U41/><E78/><V74/><F74/><W129/><G129/><T108/><D109/><U14/><E34/><V65/><F6/><W124/><G124/><T28/><D28/><U80/><E99/><V105/><F15/><W128/><G128/><T77/><D108/><U86/><E90/><V106/><F106/><W68/><G67/><T0/><D83/><U20/><E115/><V10/><F10/><W100/><G89/><T32/><D32/><U70/><E70/><V120/><F105/><W123/><G123/><T49/><D49/><U53/><AGARI ba="0,0" hai="14,16,20,37,41,47,53,56,61,80,86,88,113,114" machi="53" ten="20,5200,0" yaku="0,1,7,1,54,2" doraHai="21" who="1" fromWho="1" sc="343,-13,206,52,201,-13,250,-26" owari="330,43.0,258,5.8,188,-31.2,224,-17.6" /></mjloggm>