<mjloggm ver="2.3"><GO type="225" lobby="0"/><UN n0="%E7%B4%94%E6%BD%94%E3%83%94%E3%83%A9%E3%83%8B%E3%82%A2" n1="%E5%8D%A0%E3%81%84%E5%B8%AB%E8%A3%8F%E3%81%AA%E3%81%84%E3%81%97" n2="%E9%B3%B3%E6%9D%B1%E3%81%AE%E3%81%BF%E3%81%91%E3%81%AB%E3%82%83%E3%82%93" n3="%E3%83%97%E3%83%92" dan="16,16,17,17" rate="2136.64,2155.41,2159.00,2164.79" sx="M,M,F,M"/><TAIKYOKU oya="0"/><INIT seed="0,0,0,5,3,55" ten="250,250,250,250" oya="0" hai0="11,99,14,109,77,44,102,74,64,71,116,114,133" hai1="40,49,120,100,62,75,107,131,123,7,87,37,121" hai2="56,104,3,20,39,2,70,127,34,15,6,89,117" hai3="125,134,47,126,96,68,30,82,9,38,0,79,119"/><T41/><D114/><U29/><E75/><V72/><F70/><W66/><G119/><T103/><D116/><U112/><E131/><V63/><F34/><W108/><G30/><T52/><D133/><U25/><E37/><V88/><F104/><W10/><G108/><T130/><D130/><U97/><E112/><V132/><F72/><N who="3" m="43367" /><G96/><T13/><D13/><U54/><E7/><V85/><F39/><W50/><G50/><T67/><D109/><U18/><E18/><N who="2" m="10335" /><F2/><W111/><G134/><T16/><D71/><U118/><E118/><V84/><F3/><W24/><G24/><T51/><D102/><U22/><E87/><N who="2" m="33355" /><F127/><N who="3" m="48651" /><G0/><T124/><D124/><U59/><REACH who="1" step="1"/><E40/><REACH who="1" ten="250,240,250,250" step="2"/><V48/><F6/><W105/><G111/><T61/><D74/><U78/><E78/><V23/><F117/><W32/><G38/><T53/><D77/><U129/><E129/><V45/><F132/><W65/><G68/><T98/><D98/><U46/><E46/><V81/><F45/><W35/><G47/><T122/><D122/><U1/><E1/><V90/><F81/><W92/><G10/><T101/><D41/><U110/><E110/><V28/><F28/><W113/><G9/><T57/><D99/><U21/><E21/><V42/><F23/><W91/><G113/><T4/><D4/><U33/><E33/><V135/><F135/><W58/><G32/><T73/><D73/><U95/><E95/><V31/><F31/><W86/><G35/><T83/><D83/><U115/><E115/><V80/><F80/><W26/><G105/><T128/><D128/><U94/><E94/><RYUUKYOKU ba="0,1" sc="250,15,240,15,250,-15,250,-15" hai0="11,14,16,44,51,52,53,57,61,64,67,101,103" hai1="22,25,29,49,54,59,62,97,100,107,120,121,123" /><INIT seed="0,1,1,2,1,6" ten="265,255,235,235" oya="0" hai0="68,94,117,121,17,30,5,52,51,112,130,61,116" hai1="3,31,87,13,133,128,70,126,99,41,26,32,74" hai2="129,93,15,47,56,84,91,58,107,28,97,4,115" hai3="14,25,38,114,57,42,79,123,113,69,50,19,63"/><T76/><D112/><U37/><E128/><V27/><F115/><W10/><G123/><T67/><D121/><U134/><E126/><V75/><F129/><W66/><G79/><T29/><D130/><U104/><E87/><V39/><F75/><W55/><REACH who="3" step="1"/><G25/><REACH who="3" ten="265,255,235,225" step="2"/><T16/><D76/><U105/><E26/><V22/><F27/><W101/><G101/><T54/><D29/><U11/><E31/><V53/><F28/><W21/><G21/><T18/><D30/><U103/><E103/><V132/><F22/><W82/><G82/><T80/><D80/><U34/><E34/><V119/><F119/><W120/><G120/><T24/><D24/><U59/><E32/><V122/><F122/><W85/><G85/><T86/><D86/><U48/><E74/><V12/><F84/><W90/><G90/><T23/><D23/><U2/><E134/><V65/><F91/><W35/><G35/><T131/><D131/><U102/><E133/><V43/><F132/><W77/><G77/><T118/><D94/><U1/><E102/><V81/><F93/><W127/><G127/><T72/><D72/><U124/><E124/><V49/><F81/><W83/><G83/><T20/><D20/><U111/><E104/><V100/><REACH who="2" step="1"/><F4/><REACH who="2" ten="265,255,225,225" step="2"/><W7/><G7/><T88/><D5/><U62/><E1/><V89/><F89/><W106/><G106/><T125/><D88/><U9/><E2/><V45/><F45/><AGARI ba="1,3" hai="10,14,19,38,42,45,50,55,57,63,66,69,113,114" machi="45" ten="40,8000,1" yaku="1,1,24,2,52,1,53,1" doraHai="6" doraHaiUra="64" who="3" fromWho="2" sc="265,0,255,0,225,-83,225,113" /><INIT seed="1,0,0,3,3,57" ten="265,255,142,338" oya="1" hai0="54,1,107,51,111,103,22,130,67,86,21,90,66" hai1="93,112,97,34,59,7,82,33,120,36,129,12,65" hai2="55,45,104,75,46,9,126,40,99,121,25,135,98" hai3="8,41,29,79,89,26,105,2,119,106,43,100,10"/><U47/><E112/><V131/><F121/><W113/><G113/><T92/><D1/><U42/><E120/><V24/><F75/><W102/><G79/><T17/><D111/><U15/><E129/><V77/><F77/><W114/><G114/><T76/><D130/><U73/><E73/><V20/><F131/><W53/><G2/><T0/><D0/><U110/><E110/><V81/><F135/><W56/><G89/><T69/><D69/><U31/><E82/><V70/><F126/><W108/><G119/><T6/><D6/><U134/><E134/><V13/><F70/><W4/><G105/><T72/><D21/><U60/><E31/><V58/><F81/><W133/><G106/><T123/><D123/><U132/><E132/><V94/><F104/><W48/><G133/><T39/><D39/><U101/><REACH who="1" step="1"/><E7/><REACH who="1" ten="265,245,142,338" step="2"/><V32/><F32/><AGARI ba="0,1" hai="12,15,32,33,34,36,42,47,59,60,65,93,97,101" machi="32" ten="40,7700,0" yaku="1,1,2,1,52,1,53,0" doraHai="57" doraHaiUra="109" who="1" fromWho="2" sc="265,0,245,87,142,-77,338,0" /><INIT seed="1,1,0,2,5,86" ten="265,332,65,338" oya="1" hai0="4,11,122,96,119,14,75,89,18,124,78,77,128" hai1="20,68,98,87,36,22,115,41,25,67,53,81,76" hai2="73,71,104,93,69,34,42,80,33,133,2,126,99" hai3="88,21,8,5,56,90,62,50,100,29,116,97,82"/><U66/><E115/><V6/><F80/><W107/><G116/><T114/><D119/><U7/><E68/><V17/><F17/><W52/><G82/><T39/><D39/><U24/><E7/><V134/><F93/><W31/><G50/><T26/><D114/><U129/><E129/><V23/><F23/><W27/><G31/><T79/><D79/><U30/><E53/><V61/><F99/><W72/><G72/><T130/><D124/><U120/><E120/><V1/><F61/><W123/><G123/><T54/><D122/><U45/><REACH who="1" step="1"/><E98/><REACH who="1" ten="265,322,65,338" step="2"/><V51/><F6/><W49/><REACH who="3" step="1"/><G62/><REACH who="3" ten="265,322,65,328" step="2"/><T19/><D130/><U112/><E112/><V0/><F126/><W70/><G70/><T37/><D128/><U102/><E102/><V106/><F69/><W95/><G95/><T117/><D117/><U60/><E60/><V12/><F71/><W16/><G16/><AGARI ba="1,2" hai="16,20,22,24,25,30,36,41,45,66,67,76,81,87" machi="16" ten="30,5800,0" yaku="1,1,7,1,54,1,53,0" doraHai="86" doraHaiUra="109" who="1" fromWho="3" sc="265,0,322,81,65,0,328,-61" /><INIT seed="1,2,0,0,4,88" ten="265,403,65,267" oya="1" hai0="100,54,68,33,42,125,116,21,121,0,78,128,30" hai1="102,126,112,5,80,25,90,9,44,97,74,135,57" hai2="75,92,47,62,98,27,108,39,69,104,17,106,67" hai3="51,64,56,3,12,122,60,91,66,32,86,124,63"/><U89/><E112/><V133/><F75/><W101/><G3/><T110/><D78/><U7/><E135/><V52/><F108/><W35/><G122/><T50/><D100/><U82/><E126/><V10/><F133/><W34/><G124/><T13/><D54/><U114/><E114/><V76/><F76/><W16/><G101/><T24/><D50/><U31/><E44/><V99/><F99/><W71/><G51/><T6/><D42/><U93/><E5/><V15/><F27/><W84/><REACH who="3" step="1"/><G91/><REACH who="3" ten="265,403,65,257" step="2"/><T77/><D0/><U94/><E89/><V79/><F79/><W87/><G87/><T123/><D77/><U18/><E90/><V8/><F39/><W127/><G127/><T2/><D2/><U11/><E102/><V118/><F118/><W46/><G46/><T85/><D116/><U83/><E74/><V37/><F37/><W29/><G29/><T43/><D30/><U81/><E31/><V109/><F109/><W28/><G28/><T72/><D110/><U23/><E82/><V53/><F47/><W95/><G95/><N who="1" m="36362" /><E97/><V26/><F104/><W113/><G113/><T55/><D85/><U14/><E9/><AGARI ba="2,1" hai="9,12,16,32,34,35,56,60,63,64,66,71,84,86" machi="9" ten="40,2600,0" yaku="1,1,54,1,53,0" doraHai="88" doraHaiUra="19" who="3" fromWho="1" sc="265,0,403,-32,65,0,257,42" /><INIT seed="2,0,0,4,5,0" ten="265,371,65,299" oya="2" hai0="113,46,120,22,64,56,130,18,17,103,132,110,36" hai1="127,26,23,107,62,123,35,122,95,6,67,32,19" hai2="129,111,93,72,94,14,88,48,61,117,60,85,41" hai3="8,102,112,31,27,12,86,108,104,54,52,37,47"/><V105/><F117/><W100/><G108/><T33/><D33/><U59/><E107/><V65/><F72/><W5/><G112/><T58/><D113/><U68/><E127/><V96/><F129/><W87/><G104/><T99/><D110/><U89/><E68/><V97/><F111/><W39/><G39/><T29/><D120/><N who="1" m="46123" /><E6/><V124/><F124/><W70/><G70/><T135/><D29/><U77/><E77/><V133/><F133/><N who="0" m="51274" /><D64/><U78/><E78/><V83/><F105/><W90/><G86/><AGARI ba="0,0" hai="19,23,26,32,35,59,62,67,86,89,95" m="46123" machi="86" ten="30,1000,0" yaku="13,1" doraHai="0" who="1" fromWho="3" sc="265,0,371,10,65,0,299,-10" /><INIT seed="3,0,0,4,4,25" ten="265,381,65,289" oya="3" hai0="45,1,24,57,0,94,67,65,19,8,20,114,60" hai1="119,47,73,21,85,52,66,7,126,14,78,55,96" hai2="77,70,111,72,36,69,135,75,63,104,91,62,35" hai3="46,56,27,127,93,38,100,80,18,108,13,120,128"/><W53/><G120/><T28/><D114/><U17/><E73/><V121/><F91/><W83/><G128/><T131/><D131/><U16/><E126/><V4/><F77/><W41/><G127/><T101/><D67/><U5/><E119/><V61/><F4/><N who="1" m="1609" /><E66/><V87/><F87/><W107/><G107/><T50/><D8/><N who="1" m="6215" /><E96/><V103/><F103/><W34/><G108/><T84/><D19/><U12/><E47/><V116/><F62/><W30/><G93/><T79/><D79/><U26/><E12/><V9/><F61/><W113/><G100/><T102/><D102/><U98/><E98/><V31/><F63/><W95/><G95/><T32/><D32/><U133/><E133/><V124/><F31/><W106/><G106/><T109/><D109/><U134/><E134/><V76/><F76/><W49/><REACH who="3" step="1"/><G113/><REACH who="3" ten="265,381,65,279" step="2"/><T82/><D101/><U130/><E130/><V33/><F33/><W11/><AGARI ba="0,1" hai="11,13,18,27,30,34,38,41,46,49,53,56,80,83" machi="11" ten="20,18000,2" yaku="1,1,2,1,0,1,7,1,52,1,53,1" doraHai="25" doraHaiUra="29" who="3" fromWho="3" sc="265,-60,381,-60,65,-60,279,190" owari="205,-19.5,321,12.1,5,-49.5,469,56.9" /></mjloggm>