<mjloggm ver="2.3"><GO type="225" lobby="0"/><UN n0="%E3%81%A1%E3%82%85%E3%81%86%E3%81%A9%E3%81%8F%E8%B1%A1%E3%81%95%E3%82%93" n1="%E3%81%A0%E3%81%8A" n2="%45%6C%79%73%69%75%6D" n3="%E8%81%B7%E6%A5%AD%E3%80%81%E9%A2%A8%32" dan="16,16,17,16" rate="2113.96,2046.14,2132.93,2109.88" sx="M,M,F,M"/><TAIKYOKU oya="0"/><INIT seed="0,0,0,5,5,34" ten="250,250,250,250" oya="0" hai0="121,3,51,95,6,22,86,127,33,25,58,132,36" hai1="102,87,66,32,119,18,16,9,112,60,90,72,50" hai2="89,93,135,78,56,45,101,10,106,11,110,20,134" hai3="100,117,77,1,88,57,37,122,94,31,99,2,48"/><T79/><D121/><U5/><E72/><V65/><F110/><W49/><G37/><T84/><D36/><U12/><E112/><V103/><F45/><W128/><G117/><T105/><D105/><U91/><E32/><V63/><F78/><W113/><G113/><T67/><D132/><N who="2" m="50730" /><F20/><W118/><G118/><T69/><D69/><U73/><E73/><V76/><F76/><W26/><G122/><T41/><D127/><U104/><E119/><V75/><F75/><W80/><G128/><T39/><D33/><U83/><E50/><V38/><F38/><W55/><G49/><T19/><D39/><U64/><E91/><V130/><F130/><W59/><G59/><T15/><D79/><U97/><REACH who="1" step="1"/><E64/><REACH who="1" ten="250,240,250,250" step="2"/><V28/><F65/><W8/><G100/><T42/><D67/><U62/><E62/><V27/><F101/><W0/><G8/><T109/><D109/><U40/><E40/><V54/><F10/><W29/><REACH who="3" step="1"/><G26/><REACH who="3" ten="250,240,250,240" step="2"/><T85/><D25/><U24/><E24/><V126/><F27/><W125/><G125/><T23/><D51/><U13/><E13/><V107/><F126/><W131/><G131/><T46/><D42/><U30/><E30/><V52/><F28/><W133/><G133/><T92/><D41/><U81/><E81/><V123/><F103/><W116/><G116/><T124/><D124/><U70/><AGARI ba="0,2" hai="5,9,12,16,18,60,66,70,83,87,90,97,102,104" machi="70" ten="20,5200,0" yaku="1,1,0,1,7,1,54,1,53,0" doraHai="34" doraHaiUra="21" who="1" fromWho="1" sc="250,-26,240,72,250,-13,240,-13" /><INIT seed="1,0,0,3,3,87" ten="224,312,237,227" oya="1" hai0="68,88,107,9,51,34,23,106,92,69,50,28,109" hai1="79,35,85,94,61,29,77,104,33,91,13,116,128" hai2="101,95,115,112,32,42,121,81,5,27,100,65,47" hai3="102,52,62,26,97,19,3,49,46,25,7,89,74"/><U48/><E104/><V58/><F121/><W135/><G74/><T113/><D113/><N who="2" m="43594" /><F5/><W2/><G135/><T55/><D34/><U126/><E116/><V18/><F81/><W60/><G2/><T38/><D38/><U43/><E126/><V30/><F18/><W78/><G3/><T122/><D122/><U93/><E29/><V130/><F130/><W127/><G7/><T132/><D132/><U39/><E39/><N who="2" m="21983" /><F95/><N who="3" m="56559" /><G127/><T80/><D80/><U82/><E94/><V54/><F65/><W14/><G102/><T96/><D9/><U53/><E93/><V31/><F31/><W133/><G78/><T83/><D109/><U70/><E79/><V63/><AGARI ba="0,0" hai="27,30,32,54,58,63,100,101" m="21983,43594" machi="63" ten="30,1100,0" yaku="11,1" doraHai="87" who="2" fromWho="2" sc="224,-3,312,-5,237,11,227,-3" /><INIT seed="2,0,0,3,2,105" ten="221,307,248,224" oya="2" hai0="57,84,115,21,102,39,66,29,9,96,132,120,42" hai1="129,94,38,119,53,33,87,46,72,11,41,109,122" hai2="124,134,43,12,35,130,100,55,18,37,92,40,60" hai3="25,22,3,68,0,62,2,31,99,73,48,98,20"/><V127/><F35/><W67/><G73/><T106/><D120/><U65/><E119/><V5/><F5/><W71/><G71/><T85/><D115/><U59/><E33/><V82/><F130/><W89/><G89/><T112/><D112/><U26/><E129/><V30/><F30/><W88/><G48/><T54/><D66/><U86/><E65/><V63/><F134/><W15/><G15/><T51/><D132/><U125/><E109/><V16/><F82/><W52/><G52/><T27/><REACH who="0" step="1"/><D9/><REACH who="0" ten="211,307,248,224" step="2"/><U44/><E11/><V110/><F110/><W28/><G88/><T101/><D101/><U14/><E122/><V64/><F100/><W91/><REACH who="3" step="1"/><G91/><REACH who="3" ten="211,307,248,214" step="2"/><T123/><D123/><U79/><E79/><V17/><F64/><W80/><G80/><T128/><D128/><U114/><E114/><V58/><F124/><W108/><G108/><T75/><D75/><U111/><E72/><V95/><F127/><W121/><G121/><T83/><D83/><U133/><E125/><V6/><F37/><W69/><G69/><T74/><D74/><U10/><E38/><V1/><F1/><W116/><G116/><T78/><D78/><U34/><E111/><V126/><F126/><W104/><G104/><T103/><D103/><U117/><E117/><V70/><F70/><W131/><G131/><T97/><D97/><U24/><E133/><V47/><F95/><W77/><G77/><T107/><D107/><U36/><E94/><V49/><F92/><W19/><G19/><T7/><D7/><U93/><E36/><V45/><F6/><W135/><G135/><RYUUKYOKU ba="0,2" sc="211,15,307,-15,248,-15,214,15" hai0="21,27,29,39,42,51,54,57,84,85,96,102,106" hai3="0,2,3,20,22,25,28,31,62,67,68,98,99" /><INIT seed="3,1,2,1,2,36" ten="226,292,233,229" oya="3" hai0="119,7,111,19,102,120,91,93,99,55,109,64,25" hai1="35,50,56,3,47,46,5,105,14,135,97,115,85" hai2="92,86,26,13,73,94,114,10,44,9,0,16,18" hai3="43,98,41,29,131,75,69,118,87,104,49,8,45"/><W48/><G75/><T130/><D120/><U61/><E3/><V28/><F73/><W58/><G118/><T22/><D119/><U31/><E115/><V20/><F114/><W30/><G69/><T107/><D130/><U133/><E85/><V33/><F86/><W126/><G131/><T6/><D64/><U112/><E31/><N who="3" m="11786" /><G104/><T42/><D42/><N who="3" m="15881" /><G126/><T116/><D55/><U40/><E35/><V53/><F0/><W80/><G98/><N who="0" m="57663" /><D116/><U84/><E97/><V32/><F32/><W127/><G127/><T17/><D17/><U1/><E105/><V27/><F33/><W60/><G8/><T23/><D23/><U128/><E128/><V113/><F9/><W52/><G45/><T121/><D121/><U95/><E46/><V122/><F122/><W77/><AGARI ba="1,2" hai="48,49,52,58,60,77,80,87" m="15881,11786" machi="77" ten="30,12000,1" yaku="8,1,52,3,54,1" doraHai="36" who="3" fromWho="3" sc="226,-41,292,-41,233,-41,229,143" owari="185,-31.5,251,5.1,192,-20.8,372,47.2" /></mjloggm>