<mjloggm ver="2.3"><GO type="225" lobby="0"/><UN n0="%E3%82%A2%E3%82%A4%E3%82%B9%E3%83%86%E3%82%A3%E3%83%BC%E3%81%82%E3%81%B9" n1="%E3%81%A0%E3%81%8A" n2="%E3%81%BF%E3%81%BF%E3%81%9A" n3="%E3%82%B2%E3%82%B9%E8%8C%82%E5%8B%9D" dan="16,16,16,16" rate="2077.73,2027.05,2153.91,2082.04" sx="M,M,M,F"/><TAIKYOKU oya="0"/><INIT seed="0,0,0,2,5,55" ten="250,250,250,250" oya="0" hai0="4,12,2,9,131,88,63,21,123,3,86,1,68" hai1="84,37,75,14,69,101,70,47,90,52,116,105,125" hai2="35,5,32,94,11,99,130,59,96,113,66,102,28" hai3="20,22,132,54,119,82,112,34,26,109,85,38,42"/><T31/><D123/><U129/><E75/><V93/><F113/><W24/><G112/><T134/><D134/><U7/><E116/><V40/><F130/><W30/><G119/><T104/><D104/><U115/><E129/><V6/><F40/><W77/><G132/><T122/><D122/><U33/><E33/><V0/><F6/><W64/><G109/><T46/><D131/><U76/><E76/><V8/><F8/><W111/><G111/><T103/><D103/><U18/><E7/><V53/><F66/><W67/><G42/><T106/><D106/><U10/><E125/><V121/><F28/><N who="3" m="17415" /><G34/><T56/><D68/><U120/><E120/><V65/><F65/><W73/><G73/><T133/><D46/><U57/><E47/><V50/><REACH who="2" step="1"/><F121/><REACH who="2" ten="250,250,240,250" step="2"/><W39/><G38/><T81/><D133/><U23/><E37/><V62/><F62/><W51/><G39/><T127/><D127/><U45/><E115/><V91/><AGARI ba="0,1" hai="0,5,11,32,35,50,53,59,91,93,94,96,99,102" machi="91" ten="20,5200,0" yaku="1,1,0,1,7,1,52,1,53,0" doraHai="55" doraHaiUra="74" who="2" fromWho="2" sc="250,-26,250,-13,240,62,250,-13" /><INIT seed="1,0,0,5,0,26" ten="224,237,302,237" oya="1" hai0="57,80,65,29,104,36,0,48,3,15,19,82,119" hai1="79,12,85,87,49,108,83,39,76,73,9,69,52" hai2="77,95,10,111,22,103,126,115,127,90,35,120,122" hai3="133,72,21,98,118,33,44,61,55,86,110,109,16"/><U51/><E39/><V97/><F35/><W17/><G72/><T71/><D36/><U74/><E69/><V107/><F10/><W94/><G118/><T7/><D104/><U56/><E108/><N who="3" m="41578" /><G133/><T134/><D119/><U38/><E38/><V84/><F111/><W66/><G33/><T1/><D134/><U100/><E100/><V112/><F77/><W92/><G86/><T131/><D71/><U47/><E76/><V102/><F22/><W106/><G106/><T45/><D7/><U41/><REACH who="1" step="1"/><E73/><REACH who="1" ten="224,227,302,237" step="2"/><V67/><F103/><W14/><G98/><T64/><D131/><U99/><E99/><V75/><F75/><W128/><G128/><T121/><D121/><N who="2" m="46698" /><F67/><W40/><G66/><T68/><D64/><U11/><E11/><V135/><F135/><W4/><G40/><T114/><D65/><U37/><E37/><V5/><F5/><AGARI ba="0,1" hai="5,9,12,41,47,49,51,52,56,74,79,83,85,87" machi="5" ten="30,5800,0" yaku="1,1,7,1,54,1,53,0" doraHai="26" doraHaiUra="63" who="1" fromWho="2" sc="224,0,227,68,302,-58,237,0" /><INIT seed="1,1,0,0,1,131" ten="224,295,244,237" oya="1" hai0="124,111,112,46,103,23,52,34,98,125,83,11,74" hai1="10,54,63,89,72,5,84,36,77,100,18,7,91" hai2="71,61,30,49,57,118,32,75,25,15,27,0,44" hai3="106,68,86,26,70,67,96,38,82,73,56,6,13"/><U60/><E36/><V76/><F118/><W33/><G73/><T123/><D111/><U88/><E100/><V107/><F0/><W93/><G38/><T65/><D34/><U58/><E72/><V108/><F108/><W135/><G135/><T3/><D112/><U80/><E63/><V134/><F107/><W41/><G106/><T94/><D65/><U105/><E105/><V1/><F1/><W37/><G41/><T2/><D123/><U17/><REACH who="1" step="1"/><E5/><REACH who="1" ten="224,285,244,237" step="2"/><V66/><F134/><W120/><G37/><T69/><D74/><U81/><E81/><V102/><F75/><W117/><G120/><T99/><D83/><U133/><E133/><V35/><F102/><W115/><G6/><T48/><D69/><U122/><E122/><V87/><F71/><W4/><G70/><T129/><D129/><U127/><E127/><V114/><F114/><W113/><G4/><T39/><D39/><U8/><E8/><V97/><F61/><W64/><G68/><T40/><D11/><U28/><E28/><V24/><F30/><W50/><G113/><T9/><D9/><U51/><E51/><V126/><F49/><W31/><G115/><T62/><D125/><U14/><AGARI ba="1,1" hai="7,10,14,17,18,54,58,60,77,80,84,88,89,91" machi="14" ten="30,11700,0" yaku="1,1,0,1,8,1,54,1,53,0" doraHai="131" doraHaiUra="128" who="1" fromWho="1" sc="224,-40,285,130,244,-40,237,-40" /><INIT seed="1,2,0,4,5,63" ten="184,415,204,197" oya="1" hai0="9,84,46,44,81,40,53,13,111,54,26,106,14" hai1="120,68,36,75,118,76,79,134,47,30,115,41,112" hai2="69,100,94,89,19,55,3,42,10,27,60,48,28" hai3="126,45,8,11,7,73,0,86,64,88,37,12,78"/><U116/><E120/><V74/><F74/><W52/><G126/><T15/><D111/><U71/><E30/><V132/><F132/><W113/><G113/><T56/><D106/><U85/><E85/><V102/><F42/><W67/><G78/><T72/><D72/><U110/><E134/><V31/><F3/><W101/><G101/><N who="2" m="39017" /><F60/><W17/><G73/><T59/><D26/><U135/><E135/><V66/><F66/><W34/><G34/><T32/><D32/><U4/><E112/><V61/><F61/><W128/><G128/><T62/><D9/><U99/><E115/><V33/><F69/><W43/><G52/><N who="0" m="20075" /><D40/><U80/><E71/><V50/><F33/><W5/><G5/><T35/><D35/><U107/><E68/><V83/><F83/><AGARI ba="2,0" hai="0,7,8,11,12,17,37,43,45,64,67,83,86,88" machi="83" ten="30,7700,0" yaku="7,1,52,2,54,1" doraHai="63" who="3" fromWho="2" sc="184,0,415,0,204,-83,197,83" /><INIT seed="2,0,0,0,3,99" ten="184,415,121,280" oya="2" hai0="29,48,60,98,95,5,2,71,118,15,9,131,119" hai1="97,59,102,83,30,132,62,111,33,110,130,90,40" hai2="75,80,16,55,87,123,7,57,84,116,82,120,22" hai3="38,37,41,121,76,56,81,18,11,114,92,51,19"/><V108/><F116/><N who="0" m="44586" /><D131/><U115/><E115/><V126/><F75/><W122/><G114/><T28/><D2/><U135/><E130/><V101/><F7/><W125/><G125/><T44/><D60/><U0/><E40/><V27/><F101/><W53/><G92/><T20/><D20/><U4/><E30/><V21/><F126/><W39/><G41/><N who="0" m="24591" /><D71/><U103/><E33/><V32/><F32/><W129/><G129/><T10/><D9/><U54/><E0/><V24/><F108/><W88/><G11/><T73/><D73/><U91/><E111/><V79/><F57/><W58/><G56/><T124/><D124/><U66/><E59/><V35/><F55/><W31/><G31/><T12/><D12/><U50/><E54/><V128/><F128/><W74/><REACH who="3" step="1"/><G88/><AGARI ba="0,0" hai="5,10,15,28,29,88,95,98" m="24591,44586" machi="88" ten="30,2000,0" yaku="12,1,54,1" doraHai="99" who="0" fromWho="3" sc="184,20,415,0,121,0,280,-20" /><INIT seed="3,0,0,4,2,47" ten="204,415,121,260" oya="3" hai0="46,6,45,14,97,21,28,94,90,98,88,101,4" hai1="7,80,53,114,83,123,24,109,50,133,30,56,26" hai2="27,34,3,82,116,66,65,69,128,41,127,87,73" hai3="20,55,36,130,120,48,100,91,1,62,121,38,37"/><W57/><G130/><T74/><D74/><U17/><E123/><V29/><F116/><W75/><G1/><T95/><D101/><U96/><E114/><V132/><F128/><W5/><G5/><T68/><D68/><U9/><E109/><V93/><F127/><W44/><G75/><T59/><D59/><U42/><E133/><V54/><F3/><W23/><G100/><T13/><D21/><U39/><E17/><V76/><F132/><W110/><G110/><T131/><D131/><U43/><E39/><V104/><F41/><W19/><G91/><T105/><D105/><U32/><E96/><V134/><F134/><W8/><G8/><T10/><REACH who="0" step="1"/><D28/><REACH who="0" ten="194,415,121,260" step="2"/><U12/><E30/><V84/><F69/><W107/><G107/><T52/><D52/><U103/><E53/><V122/><F122/><W2/><G2/><T33/><D33/><U77/><E32/><V92/><F104/><W35/><G35/><T106/><D106/><U51/><E56/><V129/><F129/><W108/><G23/><T16/><D16/><U135/><E135/><V71/><F71/><W63/><G108/><T124/><D124/><U67/><E67/><V72/><F72/><W81/><G63/><T61/><D61/><U40/><E7/><V78/><F54/><W58/><G120/><T85/><D85/><U117/><E40/><V49/><F49/><W11/><G48/><T64/><D64/><U0/><E50/><V60/><F66/><W31/><G121/><T115/><D115/><U22/><E51/><V113/><F65/><W118/><G36/><T79/><D79/><RYUUKYOKU ba="0,1" sc="194,30,415,-10,121,-10,260,-10" hai0="4,6,10,13,14,45,46,88,90,94,95,97,98" owari="224,-17.6,415,51.5,111,-38.9,250,5.0" /></mjloggm>