<mjloggm ver="2.3"><GO type="225" lobby="0"/><UN n0="%E3%81%B2%E3%81%AA%E3%81%AE%E3%82%8A%E3%81%8F" n1="%E3%82%BC%E3%83%AB%E3%83%80%E3%81%AE%E4%BC%9D%E8%AA%AC" n2="%E4%BA%AE%E6%B5%81%E6%89%93%E8%80%85" n3="%E6%81%A5%E6%99%92%E3%81%97" dan="17,18,16,16" rate="2209.52,2215.52,2097.41,2099.40" sx="M,M,F,M"/><TAIKYOKU oya="0"/><INIT seed="0,0,0,2,4,49" ten="250,250,250,250" oya="0" hai0="13,53,35,95,108,69,92,91,79,77,111,22,14" hai1="10,18,116,27,120,5,66,61,33,30,74,81,110" hai2="2,109,129,102,82,32,51,118,11,47,114,26,57" hai3="37,19,103,8,68,101,29,34,112,56,3,59,128"/><T75/><D35/><U46/><E116/><V113/><F118/><W9/><G112/><T115/><D115/><U104/><E120/><V125/><F102/><W80/><G68/><T98/><D69/><U17/><E110/><N who="0" m="42025" /><D75/><U23/><E104/><V42/><F109/><W25/><G37/><T28/><D28/><U6/><E6/><V71/><F71/><W84/><G9/><T89/><D53/><U131/><E131/><V48/><F129/><W123/><G123/><T43/><D43/><U21/><E21/><V63/><F42/><W0/><G59/><T65/><D65/><U122/><E46/><V40/><F32/><W132/><G128/><T64/><D64/><U38/><E122/><V90/><F11/><W67/><G56/><T94/><D22/><U87/><E74/><V31/><F40/><W50/><G67/><T107/><D107/><U58/><E33/><V85/><F47/><W76/><G50/><T52/><D52/><U55/><E38/><V127/><F48/><W16/><G0/><T36/><D36/><U4/><E66/><N who="2" m="39279" /><F51/><W135/><G3/><T62/><D62/><U119/><E119/><V86/><F2/><W15/><REACH who="3" step="1"/><G19/><REACH who="3" ten="250,250,250,240" step="2"/><N who="1" m="7178" /><E10/><V99/><F113/><W7/><G7/><T44/><D44/><U105/><E105/><V73/><F114/><W72/><G72/><T39/><D39/><U100/><E5/><V106/><F73/><W133/><AGARI ba="0,1" hai="8,15,16,25,29,34,76,80,84,101,103,132,133,135" machi="133" ten="30,7900,0" yaku="1,1,0,1,20,1,54,1,53,0" doraHai="49" doraHaiUra="121" who="3" fromWho="3" sc="250,-39,250,-20,250,-20,240,89" /><INIT seed="1,0,0,4,3,95" ten="211,230,230,329" oya="1" hai0="106,40,52,88,75,78,17,103,39,116,15,24,89" hai1="56,87,107,11,90,133,73,14,9,38,129,83,114" hai2="104,42,2,36,121,59,1,6,120,97,62,33,124" hai3="122,85,10,27,98,26,3,80,49,113,123,8,7"/><U131/><E114/><V128/><F59/><W79/><G113/><T93/><D106/><U72/><E38/><V111/><F111/><W48/><G10/><T65/><D116/><U67/><E133/><V16/><F16/><W110/><G110/><T0/><D0/><U32/><E32/><V135/><F6/><W63/><G63/><T46/><D65/><U81/><E107/><V118/><F62/><W43/><G49/><T35/><D52/><U102/><E102/><V4/><F4/><W115/><G115/><T30/><D78/><U74/><E81/><V20/><F20/><W31/><G98/><T12/><D75/><U41/><E41/><V76/><F76/><W34/><G27/><T47/><D46/><U134/><E134/><V57/><F57/><W130/><G130/><N who="1" m="49674" /><E14/><V51/><F36/><W64/><REACH who="3" step="1"/><G64/><REACH who="3" ten="211,230,230,319" step="2"/><T53/><D15/><U58/><E58/><V13/><F128/><W18/><G18/><T5/><D5/><U37/><E37/><V22/><F135/><W44/><AGARI ba="0,1" hai="3,7,8,26,31,34,43,44,48,79,80,85,122,123" machi="44" ten="30,2000,0" yaku="1,1,0,1,53,0" doraHai="95" doraHaiUra="66" who="3" fromWho="3" sc="211,-5,230,-10,230,-5,319,30" /><INIT seed="2,0,0,0,4,117" ten="206,220,225,349" oya="2" hai0="25,50,121,58,23,21,17,15,128,39,68,43,49" hai1="126,133,97,79,134,5,63,0,108,116,129,18,22" hai2="107,72,10,83,61,40,46,132,44,127,62,104,86" hai3="13,1,65,56,48,71,35,76,53,106,118,4,11"/><V130/><F72/><W103/><G118/><T109/><D68/><U38/><E116/><V14/><F130/><W102/><G35/><T119/><D119/><U2/><E129/><V41/><F132/><N who="1" m="50793" /><E108/><V64/><F127/><W16/><G106/><T100/><D128/><U120/><E126/><V84/><F64/><W131/><G131/><T47/><D109/><U75/><E38/><V91/><F84/><W8/><REACH who="3" step="1"/><G76/><REACH who="3" ten="206,220,225,339" step="2"/><T59/><D100/><U20/><E120/><V89/><F104/><W36/><G36/><T111/><D111/><U54/><E79/><V92/><F107/><W113/><G113/><T6/><D121/><U85/><E75/><V115/><F115/><W28/><G28/><T81/><D39/><U123/><E123/><V101/><F101/><W70/><G70/><T27/><D6/><U99/><E5/><N who="2" m="3407" /><F91/><W95/><G95/><T78/><D50/><U82/><E82/><V32/><F32/><W105/><G105/><T31/><REACH who="0" step="1"/><D15/><REACH who="0" ten="196,220,225,339" step="2"/><U9/><E0/><V45/><F92/><W52/><G52/><T96/><D96/><U66/><E54/><V55/><F55/><W112/><G112/><T37/><D37/><U73/><E2/><V88/><F89/><W114/><G114/><T3/><D3/><U124/><E124/><V110/><F110/><W33/><G33/><T122/><D122/><U34/><E34/><V26/><F40/><W87/><G87/><AGARI ba="0,2" hai="17,21,23,25,27,31,43,47,49,58,59,78,81,87" machi="87" ten="30,7700,0" yaku="1,1,7,1,8,1,53,1" doraHai="117" doraHaiUra="74" who="0" fromWho="3" sc="196,97,220,0,225,0,339,-77" /><INIT seed="3,0,0,0,3,56" ten="293,220,225,262" oya="3" hai0="85,87,121,132,47,58,89,73,101,34,75,14,96" hai1="12,82,79,23,77,45,27,49,125,114,100,111,102" hai2="107,81,66,40,134,119,86,117,21,41,95,30,3" hai3="16,0,35,29,53,126,122,124,76,62,94,36,26"/><W123/><G36/><T9/><D34/><U32/><E114/><V6/><F107/><W1/><G76/><T28/><D28/><U4/><E111/><V13/><F3/><N who="3" m="1099" /><G94/><T42/><D121/><U108/><E125/><N who="3" m="48234" /><G16/><T133/><D58/><AGARI ba="0,0" hai="26,29,35,53,58,62,122,123" m="48234,1099" machi="58" ten="30,2900,0" yaku="18,1,52,1" doraHai="56" who="3" fromWho="0" sc="293,-29,220,0,225,0,262,29" /><INIT seed="3,1,0,5,3,82" ten="264,220,225,291" oya="3" hai0="97,103,39,71,25,120,14,45,24,9,38,4,102" hai1="122,61,87,31,108,96,20,92,54,58,111,11,128" hai2="3,56,32,43,13,53,105,89,114,37,30,106,66" hai3="99,55,40,7,83,90,91,107,17,110,133,119,134"/><W131/><G119/><T57/><D71/><U51/><E122/><V101/><F3/><W69/><G69/><T112/><D120/><U47/><E128/><V125/><F114/><W118/><G118/><T35/><D103/><U28/><E11/><V10/><F66/><W2/><G110/><N who="1" m="42026" /><E20/><V127/><F43/><W93/><G131/><T74/><D74/><U29/><E87/><V19/><F37/><W44/><G107/><T98/><D98/><U115/><E115/><V104/><F101/><W76/><G55/><T79/><D79/><U78/><E78/><V59/><F89/><N who="3" m="55727" /><G17/><T12/><D35/><U41/><E31/><V117/><F117/><W81/><G7/><T52/><D112/><U73/><E73/><V65/><F65/><W130/><G2/><T85/><D14/><U126/><E126/><N who="2" m="48139" /><F53/><W72/><G83/><T49/><D39/><U64/><E64/><V116/><F116/><W123/><G123/><T21/><D38/><U34/><E34/><V22/><F22/><W80/><G80/><T70/><D21/><U113/><E113/><V88/><F88/><AGARI ba="1,0" hai="28,29,41,47,51,54,58,61,88,92,96" m="42026" machi="88" ten="30,2000,0" yaku="14,1,54,1" doraHai="82" who="1" fromWho="2" sc="264,0,220,23,225,-23,291,0" /><INIT seed="4,0,0,3,1,118" ten="264,243,202,291" oya="0" hai0="37,132,66,26,34,71,38,100,28,74,18,10,115" hai1="76,32,33,111,106,79,0,91,16,129,27,96,24" hai2="29,15,131,78,82,42,99,101,54,123,116,58,128" hai3="14,41,39,31,130,4,1,112,107,88,19,44,9"/><T55/><D74/><U97/><E0/><V11/><F42/><W36/><G107/><T126/><D115/><U69/><E91/><V83/><F29/><W113/><G130/><N who="2" m="49705" /><F78/><W51/><G88/><T135/><D100/><U70/><E129/><V133/><F133/><N who="0" m="51274" /><D126/><U105/><REACH who="1" step="1"/><E16/><REACH who="1" ten="264,233,202,291" step="2"/><N who="2" m="8319" /><F116/><W13/><G31/><T125/><D125/><U94/><E94/><N who="2" m="58615" /><F123/><W64/><G112/><T110/><D110/><AGARI ba="0,1" hai="24,27,32,33,69,70,76,79,96,97,105,106,110,111" machi="110" ten="25,3200,0" yaku="1,1,22,2,53,0" doraHai="118" doraHaiUra="5" who="1" fromWho="0" sc="264,-32,233,42,202,0,291,0" /><INIT seed="5,0,0,1,0,44" ten="232,275,202,291" oya="1" hai0="30,34,116,92,119,37,104,29,111,5,114,54,10" hai1="46,59,67,89,56,33,86,2,94,68,108,95,40" hai2="87,25,129,88,75,91,121,100,18,32,118,117,19" hai3="49,41,14,113,39,51,15,47,52,64,26,3,130"/><U115/><E2/><V61/><F75/><W27/><G3/><T122/><D104/><U13/><E33/><V28/><F121/><W48/><G113/><T69/><D114/><U17/><E115/><V78/><F100/><W7/><G130/><T60/><D111/><U43/><E108/><V80/><F129/><W123/><G123/><T57/><D37/><U99/><E68/><V128/><F128/><W23/><G64/><T74/><D74/><U31/><E31/><V6/><F6/><W110/><G110/><T45/><D122/><U132/><E132/><V72/><F61/><W50/><G7/><T85/><D69/><U105/><E105/><V98/><F98/><W9/><G9/><T84/><D45/><U20/><E67/><V120/><F120/><W63/><G63/><T82/><D92/><U133/><E133/><V16/><REACH who="2" step="1"/><F91/><REACH who="2" ten="232,275,192,291" step="2"/><W81/><G39/><T62/><D60/><U1/><E1/><V124/><F124/><W11/><G41/><T65/><D65/><U76/><E43/><V55/><F55/><W21/><G52/><T8/><D116/><U103/><E76/><V22/><F22/><W79/><G23/><T112/><D119/><U102/><E103/><V96/><F96/><W135/><G21/><T42/><D42/><U66/><E66/><V24/><F24/><N who="3" m="9259" /><G135/><T106/><D112/><U131/><E131/><V71/><F71/><W90/><G90/><T93/><D5/><U101/><E101/><V12/><F12/><N who="3" m="4651" /><G11/><T73/><D54/><U127/><E127/><V58/><F58/><W97/><G97/><T53/><D53/><RYUUKYOKU ba="0,1" sc="232,-15,275,15,192,15,291,-15" hai1="13,17,20,40,46,56,59,86,89,94,95,99,102" hai2="16,18,19,25,28,32,72,78,80,87,88,117,118" /><INIT seed="5,1,1,0,2,23" ten="217,290,207,276" oya="1" hai0="30,82,92,4,102,95,128,43,78,80,20,0,26" hai1="104,17,72,81,41,111,75,124,63,133,52,127,24" hai2="47,55,70,79,112,60,14,131,126,32,97,38,108" hai3="59,98,18,21,119,40,27,94,87,5,39,58,96"/><U15/><E104/><V50/><F108/><W6/><G119/><T120/><D128/><U122/><E122/><V77/><F32/><W34/><G34/><T65/><D120/><U135/><E111/><V2/><F2/><W84/><G40/><T109/><D109/><U121/><E24/><V86/><F131/><W25/><G39/><T3/><D43/><U76/><E72/><V103/><F126/><N who="1" m="48169" /><E41/><V16/><F38/><W73/><G73/><T57/><D4/><N who="3" m="1641" /><G27/><T56/><D102/><U28/><E28/><V90/><F112/><W44/><G44/><T45/><D45/><U35/><E35/><V93/><F60/><W46/><G46/><T123/><D123/><U91/><E91/><V118/><F118/><W107/><G107/><T48/><D3/><U1/><E1/><V68/><F68/><W130/><G130/><T114/><D0/><U115/><E115/><V51/><F51/><W132/><G132/><T105/><D105/><U29/><E29/><V9/><REACH who="2" step="1"/><F70/><REACH who="2" ten="217,290,197,276" step="2"/><W31/><G31/><T69/><D69/><U101/><E121/><V100/><F100/><N who="3" m="60439" /><G98/><T22/><D114/><U36/><E36/><V116/><F116/><W49/><G49/><T66/><D48/><U64/><E101/><V10/><F10/><W83/><G87/><T12/><D30/><U110/><E110/><V37/><F37/><W53/><G53/><T134/><D134/><U89/><E52/><V61/><F61/><W71/><G71/><T13/><D26/><U125/><E125/><V8/><F8/><W11/><G11/><T85/><D85/><U67/><E133/><RYUUKYOKU ba="1,2" sc="217,10,290,-30,197,10,276,10" hai0="12,13,20,22,56,57,65,66,78,80,82,92,95" hai2="9,14,16,47,50,55,77,79,86,90,93,97,103" hai3="18,21,25,58,59,83,84" /><INIT seed="6,2,2,5,0,114" ten="227,260,207,286" oya="2" hai0="27,17,119,30,44,130,19,126,65,134,121,28,34" hai1="97,18,124,98,105,48,35,96,83,45,90,108,63" hai2="94,7,116,74,29,66,26,51,5,36,89,32,79" hai3="70,56,85,77,73,16,67,95,12,6,38,125,88"/><V1/><F36/><W86/><G125/><T23/><D65/><U69/><E108/><V135/><F135/><W122/><G122/><T132/><D121/><U93/><E35/><V84/><F116/><W92/><G38/><T61/><D126/><U78/><E124/><V24/><F1/><W59/><G73/><T37/><D61/><U120/><E120/><V2/><F2/><W81/><G6/><T54/><D130/><U40/><E105/><V50/><F66/><W13/><G13/><T0/><D0/><U20/><E63/><V117/><F117/><W118/><G118/><T22/><D119/><U99/><E69/><V55/><F26/><W10/><G95/><T62/><D37/><U49/><E49/><V128/><F128/><W102/><G102/><T100/><D100/><U87/><E98/><V25/><F25/><AGARI ba="2,2" hai="18,20,25,40,45,48,78,83,87,90,93,96,97,99" machi="25" ten="30,2000,0" yaku="7,1,8,1" doraHai="114" who="1" fromWho="2" sc="227,0,260,46,207,-26,286,0" owari="227,-17.3,306,40.6,181,-31.9,286,8.6" /></mjloggm>