<mjloggm ver="2.3"><GO type="225" lobby="0"/><UN n0="%E8%81%B7%E6%A5%AD%E3%80%81%E9%A2%A8%32" n1="%74%61%6B%75%61%6B%61" n2="%43%68%65" n3="%E3%81%A1%E3%82%85%E3%81%86%E3%81%A9%E3%81%8F%E8%B1%A1%E3%81%95%E3%82%93" dan="16,16,16,16" rate="2133.43,2161.70,2155.46,2075.21" sx="M,M,M,M"/><TAIKYOKU oya="0"/><INIT seed="0,0,0,0,3,21" ten="250,250,250,250" oya="0" hai0="53,8,16,15,25,57,44,76,84,69,56,17,116" hai1="127,50,0,129,62,6,113,54,59,41,92,77,63" hai2="46,122,75,102,128,125,74,28,22,67,36,81,34" hai3="83,64,110,97,131,71,30,29,9,126,93,132,52"/><T37/><D116/><U98/><E127/><V32/><F122/><W31/><G126/><T24/><D69/><U2/><E129/><V108/><F125/><W89/><G131/><T130/><D130/><U118/><E118/><V133/><F102/><W82/><G110/><T7/><D37/><U85/><E113/><V105/><F105/><W135/><G9/><T103/><D103/><U79/><E0/><V123/><F67/><W115/><G115/><T114/><D114/><U70/><E2/><V10/><F123/><W5/><G5/><T42/><D42/><U117/><E117/><V119/><F10/><W91/><G64/><T95/><D44/><U73/><E73/><V49/><F36/><W45/><G71/><T99/><D84/><U66/><E6/><V109/><F119/><W68/><G68/><T40/><D40/><U58/><E85/><V90/><F90/><W65/><G65/><T27/><D76/><U101/><REACH who="1" step="1"/><E70/><REACH who="1" ten="250,240,250,250" step="2"/><V112/><F75/><W39/><G82/><T120/><D120/><U26/><E26/><V48/><F81/><W88/><G83/><T47/><D47/><AGARI ba="0,1" hai="41,47,50,54,58,59,62,63,66,77,79,92,98,101" machi="47" ten="40,5200,0" yaku="1,1,8,1,53,1" doraHai="21" doraHaiUra="60" who="1" fromWho="0" sc="250,-52,240,62,250,0,250,0" /><INIT seed="1,0,0,5,1,67" ten="198,302,250,250" oya="1" hai0="34,42,44,88,129,106,77,57,116,8,73,6,101" hai1="49,104,110,85,10,76,130,107,32,109,69,31,81" hai2="43,53,99,64,3,82,121,111,28,91,19,1,75" hai3="45,125,35,56,95,48,2,105,78,84,65,74,134"/><U113/><E113/><V115/><F121/><W61/><G105/><T114/><D116/><U13/><E130/><V9/><F64/><W21/><G35/><T52/><D114/><U60/><E32/><V112/><F43/><W117/><G2/><T89/><D34/><U94/><E31/><V120/><F28/><W70/><G74/><T12/><D129/><U58/><E94/><V20/><F120/><W132/><G21/><T51/><D73/><U40/><E69/><V96/><F75/><W18/><G18/><T16/><D77/><U102/><E102/><V50/><F111/><N who="1" m="42505" /><E40/><V103/><F115/><W5/><G117/><T30/><D30/><U39/><E49/><V0/><F103/><W36/><G125/><T92/><D106/><U127/><E39/><V55/><F50/><W4/><G36/><T93/><D6/><N who="1" m="3287" /><E127/><V133/><F133/><N who="3" m="51307" /><G56/><T37/><REACH who="0" step="1"/><D93/><REACH who="0" ten="188,302,250,250" step="2"/><U7/><E7/><V29/><F112/><W124/><G124/><T24/><D24/><U128/><E128/><V72/><F29/><W108/><G108/><T11/><D11/><U33/><E33/><V79/><F9/><W27/><G27/><T22/><D22/><U135/><E135/><V100/><F20/><W98/><G4/><T90/><D90/><U62/><E107/><V71/><F91/><W38/><G5/><T87/><D87/><U86/><E104/><V47/><F72/><W41/><G78/><T26/><D26/><U59/><E86/><V63/><F79/><W126/><G126/><T66/><D66/><U17/><E17/><V97/><F19/><W14/><G84/><RYUUKYOKU ba="0,1" sc="188,15,302,15,250,-15,250,-15" hai0="8,12,16,37,42,44,51,52,57,88,89,92,101" hai1="58,59,60,62,76,81,85" /><INIT seed="1,1,1,4,5,67" ten="203,317,235,235" oya="1" hai0="26,126,107,51,57,83,105,121,122,109,18,120,30" hai1="65,56,91,22,81,116,115,74,132,128,24,17,78" hai2="77,29,42,31,84,79,34,75,48,130,106,113,59" hai3="135,62,133,63,111,14,16,27,73,5,35,104,47"/><U92/><E116/><V103/><F75/><W60/><G73/><T102/><D109/><U3/><E115/><V39/><F39/><W46/><G104/><T66/><D126/><U15/><E128/><V124/><F124/><W55/><G111/><T82/><D18/><U101/><E132/><N who="3" m="50762" /><G55/><N who="0" m="31999" /><D66/><U86/><E3/><V20/><F34/><W49/><G49/><T97/><D107/><U93/><E65/><V80/><F79/><W7/><G35/><AGARI ba="1,1" hai="26,30,35,82,83,97,102,105,120,121,122" m="31999" machi="35" ten="30,1000,0" yaku="13,1" doraHai="67" who="0" fromWho="3" sc="203,23,317,0,235,0,235,-13" /><INIT seed="2,0,0,2,1,126" ten="226,317,235,222" oya="2" hai0="73,100,114,46,18,38,61,51,87,53,39,108,23" hai1="81,113,75,29,99,94,70,66,78,117,121,110,80" hai2="60,6,83,14,128,56,74,26,57,42,62,109,101" hai3="106,5,34,65,16,45,76,124,86,88,93,54,125"/><V123/><F123/><W120/><G120/><T104/><D108/><U41/><E113/><V1/><F1/><W115/><G106/><T44/><D73/><U102/><E117/><V127/><F127/><N who="3" m="48715" /><G115/><T37/><D114/><U10/><E110/><V47/><F101/><W9/><G34/><T13/><D61/><U28/><E121/><V25/><F109/><W63/><G76/><T40/><REACH who="0" step="1"/><D87/><REACH who="0" ten="216,317,235,222" step="2"/><U20/><E75/><V91/><F74/><W11/><G63/><T64/><D64/><U69/><E66/><V7/><F62/><W59/><G65/><T35/><D35/><U105/><E69/><V55/><F60/><N who="3" m="35959" /><G5/><T49/><D49/><U111/><E70/><V134/><F6/><W89/><G45/><T19/><D19/><U119/><E111/><V48/><F7/><W8/><G89/><T33/><D33/><U22/><E119/><V31/><F91/><W131/><G131/><T12/><D12/><AGARI ba="0,1" hai="8,9,11,12,16,86,88,93" m="35959,48715" machi="12" ten="30,3900,0" yaku="18,1,54,2" doraHai="126" who="3" fromWho="0" sc="216,-39,317,0,235,0,222,49" /><INIT seed="3,0,0,3,3,105" ten="177,317,235,271" oya="3" hai0="78,122,118,6,117,113,96,97,103,46,17,11,0" hai1="68,91,111,33,108,49,82,20,121,74,44,1,30" hai2="73,59,75,60,80,56,62,79,106,83,70,69,36" hai3="43,3,135,88,12,27,15,84,35,45,109,77,115"/><W14/><G115/><T81/><D122/><U102/><E1/><V32/><F106/><W18/><G3/><T112/><D46/><U120/><E68/><V19/><F32/><W128/><G128/><T63/><D63/><U110/><E33/><V25/><F36/><W29/><G135/><T40/><D40/><N who="1" m="24711" /><E102/><V132/><F132/><W2/><G2/><T101/><D17/><U28/><E91/><V53/><F19/><W99/><G109/><T51/><D51/><U95/><E95/><V10/><F25/><W114/><G114/><T65/><D65/><U22/><E22/><V72/><F10/><W4/><G4/><T130/><D113/><U125/><E125/><V24/><F24/><W55/><G55/><T66/><D66/><U90/><E20/><V87/><REACH who="2" step="1"/><F83/><REACH who="2" ten="177,317,225,271" step="2"/><W31/><G35/><T67/><D112/><U116/><E82/><V50/><F50/><W104/><G27/><T8/><D130/><U86/><E110/><V5/><F5/><W7/><G7/><T47/><D67/><AGARI ba="0,1" hai="53,56,59,60,62,67,69,70,72,73,75,79,80,87" machi="67" ten="40,8000,1" yaku="1,1,52,3,53,0" doraHai="105" doraHaiUra="100" who="2" fromWho="0" sc="177,-80,317,0,225,90,271,0" owari="97,-40.3,317,41.7,315,11.5,271,-12.9" /></mjloggm>