<mjloggm ver="2.3"><GO type="225" lobby="0"/><UN n0="%E3%81%99%E3%81%84%E3%81%BE%E3%81%9B%E3%83%BC%E3%82%93" n1="%4E%49%4A%49%49%52%4F" n2="%72%69%6F%75%63%68%61%6E" n3="%6D%75%75%6D%75%72%61" dan="16,16,17,16" rate="2126.28,2163.89,2230.61,2129.82" sx="M,M,M,F"/><TAIKYOKU oya="0"/><INIT seed="0,0,0,0,4,3" ten="250,250,250,250" oya="0" hai0="62,88,26,108,73,48,134,15,16,119,66,95,122" hai1="120,38,85,72,46,124,110,89,54,44,50,77,113" hai2="1,135,126,29,79,75,92,6,133,19,104,9,42" hai3="27,86,111,2,125,33,8,4,103,105,90,106,130"/><T94/><D119/><U114/><E120/><V61/><F126/><W57/><G125/><T123/><D134/><N who="2" m="51210" /><F104/><W65/><G111/><T51/><D73/><U11/><E124/><V81/><F29/><W59/><G130/><T93/><D108/><U82/><E110/><V100/><F42/><W101/><G106/><T18/><D26/><U118/><E118/><V127/><F127/><W41/><G41/><T60/><D123/><U12/><E38/><V24/><F61/><N who="0" m="23658" /><D66/><U129/><E129/><V98/><F24/><W96/><G101/><T69/><D69/><U37/><E37/><V17/><AGARI ba="0,0" hai="1,6,9,17,19,75,79,81,92,98,100" m="51210" machi="17" ten="30,2000,0" yaku="20,1,52,1" doraHai="3" who="2" fromWho="2" sc="250,-10,250,-5,250,20,250,-5" /><INIT seed="1,0,0,5,5,93" ten="240,245,270,245" oya="1" hai0="61,36,111,71,35,83,4,68,67,78,3,113,120" hai1="79,88,29,38,80,66,123,82,81,125,128,0,52" hai2="94,110,15,108,134,57,132,96,127,34,91,133,97" hai3="21,121,26,27,72,14,58,10,100,124,41,99,46"/><U77/><E123/><V69/><F69/><W75/><G121/><T106/><D120/><U118/><E118/><V102/><F34/><W54/><G124/><T63/><D113/><U19/><E0/><V107/><F127/><W60/><G14/><T131/><D131/><U115/><E115/><V95/><F15/><W9/><G75/><T109/><D35/><U70/><E38/><V16/><F16/><W76/><G76/><T47/><D106/><U51/><E125/><V33/><F33/><W40/><G72/><N who="0" m="43463" /><D61/><U12/><E70/><V126/><F126/><W48/><G41/><N who="0" m="22951" /><D68/><U1/><E1/><V17/><F17/><W7/><G7/><T39/><D39/><U87/><E66/><V65/><REACH who="2" step="1"/><F107/><REACH who="2" ten="240,245,260,245" step="2"/><W11/><REACH who="3" step="1"/><G21/><REACH who="3" ten="240,245,260,235" step="2"/><T24/><D24/><U84/><E128/><V22/><F22/><W32/><G32/><T90/><D4/><U129/><E129/><V49/><F49/><W42/><G42/><T114/><D114/><U25/><E79/><V20/><F20/><W44/><G44/><T6/><D6/><U23/><E77/><V59/><F59/><W135/><G135/><T43/><D43/><U85/><E29/><V130/><F130/><W119/><G119/><T116/><D116/><U13/><E13/><V62/><AGARI ba="0,2" hai="57,62,65,91,94,95,96,97,102,108,110,132,133,134" machi="62" ten="40,12000,2" yaku="1,1,0,1,20,1,52,2,53,1" doraHai="93" doraHaiUra="55" who="2" fromWho="2" sc="240,-30,245,-60,260,140,235,-30" /><INIT seed="2,0,0,5,3,40" ten="210,185,400,205" oya="2" hai0="39,30,118,25,82,20,13,125,95,65,117,6,131" hai1="86,52,3,48,84,122,50,134,81,80,97,22,8" hai2="102,115,61,109,79,85,101,127,34,11,4,107,121" hai3="17,23,28,36,106,16,53,54,130,135,76,5,31"/><V24/><F115/><W116/><G116/><T94/><D125/><U60/><E134/><V38/><F121/><W129/><G106/><T21/><D131/><N who="3" m="50185" /><G135/><T69/><D39/><U15/><E122/><V43/><F109/><W73/><G36/><T71/><D82/><N who="1" m="31851" /><E3/><V51/><F127/><W32/><G32/><T100/><D65/><U1/><E1/><V49/><F85/><N who="1" m="32873" /><E97/><V14/><F79/><W57/><G5/><T9/><D21/><U77/><E77/><V63/><F38/><W45/><G76/><T55/><D55/><U92/><E92/><N who="0" m="35369" /><D100/><U111/><E22/><V59/><F63/><N who="3" m="36271" /><G73/><T105/><D105/><U91/><E91/><V10/><F10/><W58/><G58/><T68/><D68/><U93/><E93/><V29/><F43/><W119/><G119/><N who="0" m="45579" /><D71/><U37/><E37/><V70/><F70/><W126/><G126/><T19/><D69/><U64/><E64/><V132/><F132/><W88/><G88/><T56/><D56/><N who="1" m="34823" /><E111/><V99/><REACH who="2" step="1"/><F101/><REACH who="2" ten="210,185,390,205" step="2"/><W75/><G75/><T74/><D74/><U42/><E42/><V12/><F12/><W128/><G128/><T46/><D46/><U89/><E89/><V78/><F78/><W67/><G45/><T44/><D44/><U90/><E90/><V41/><F41/><W120/><G120/><T18/><AGARI ba="0,1" hai="6,9,13,18,19,20,25,30" m="45579,35369" machi="18" ten="30,1100,0" yaku="12,1" doraHai="40" who="0" fromWho="0" sc="210,21,185,-3,390,-5,205,-3" /><INIT seed="3,0,0,3,3,114" ten="231,182,385,202" oya="3" hai0="29,104,122,42,135,123,13,69,7,64,67,125,126" hai1="62,99,91,24,93,2,84,82,78,117,86,18,15" hai2="28,100,4,45,14,83,120,116,32,103,41,101,87" hai3="111,75,74,39,131,26,30,52,118,23,133,127,12"/><W10/><G118/><T9/><D135/><U70/><E2/><V95/><F116/><W119/><G119/><T56/><D104/><U44/><E117/><V68/><F68/><W107/><G39/><T88/><D69/><U49/><E24/><V50/><F120/><W77/><G133/><T63/><D42/><U129/><E129/><V20/><F32/><W21/><G107/><T105/><D105/><U47/><E70/><V90/><F4/><W134/><G134/><T108/><D108/><U40/><E62/><V98/><REACH who="2" step="1"/><F14/><REACH who="2" ten="231,182,375,202" step="2"/><W80/><G131/><T27/><D122/><U121/><E121/><V58/><F58/><W124/><G111/><T48/><D123/><U36/><E47/><V0/><F0/><W106/><G127/><T22/><D126/><U53/><E36/><V31/><F31/><W79/><G124/><T46/><D125/><U11/><REACH who="1" step="1"/><E40/><REACH who="1" ten="231,172,375,202" step="2"/><V72/><F72/><AGARI ba="0,2" hai="11,15,18,44,49,53,72,78,82,84,86,91,93,99" machi="72" ten="30,3900,0" yaku="1,1,2,1,7,1,53,0" doraHai="114" doraHaiUra="37" who="1" fromWho="2" sc="231,0,172,59,375,-39,202,0" owari="231,3.1,231,-16.9,336,43.6,202,-29.8" /></mjloggm>