<mjloggm ver="2.3"><GO type="225" lobby="0"/><UN n0="%E3%81%B5%E3%81%98%E3%81%8B%E3%81%A4" n1="%E9%87%8E%E3%80%85%E5%AE%AE%E8%97%8D" n2="%73%6C%69%63%6B%33%31%39" n3="%48%61%61%61%6C%61%6E%64" dan="16,16,16,18" rate="2198.84,2215.84,2083.82,2282.88" sx="M,F,M,M"/><TAIKYOKU oya="0"/><INIT seed="0,0,0,4,0,31" ten="250,250,250,250" oya="0" hai0="96,103,111,117,50,126,32,49,104,71,88,125,3" hai1="67,7,51,41,134,38,57,65,123,72,91,83,43" hai2="84,18,131,120,130,58,26,54,127,73,37,59,121" hai3="70,105,133,86,110,36,6,129,78,20,52,76,9"/><T45/><D117/><U95/><E123/><N who="2" m="47179" /><F73/><W80/><G110/><T94/><D3/><U99/><E134/><V92/><F84/><W24/><G133/><T11/><D71/><U77/><E7/><V107/><F92/><W1/><G129/><N who="2" m="49161" /><F107/><W2/><G105/><T14/><D111/><U132/><E132/><V100/><F100/><W55/><G2/><T68/><D68/><U63/><E38/><V8/><F37/><W0/><G0/><T5/><D32/><U62/><REACH who="1" step="1"/><E51/><REACH who="1" ten="250,240,250,250" step="2"/><V106/><F127/><N who="0" m="48650" /><D45/><U34/><E34/><V79/><F58/><AGARI ba="0,1" hai="41,43,57,58,62,63,65,67,72,77,83,91,95,99" machi="58" ten="30,7700,0" yaku="1,1,7,1,9,1,53,1" doraHai="31" doraHaiUra="85" who="1" fromWho="2" sc="250,0,240,87,250,-77,250,0" /><INIT seed="1,0,0,1,1,35" ten="250,327,173,250" oya="1" hai0="107,4,31,60,6,58,99,127,116,105,90,29,82" hai1="129,77,126,52,83,71,34,114,33,32,97,106,25" hai2="69,7,8,63,42,22,59,23,96,47,1,43,64" hai3="87,27,113,70,95,122,134,5,16,41,117,92,65"/><U123/><E114/><V72/><F43/><W46/><G113/><T110/><D116/><U76/><E123/><V94/><F72/><W120/><G117/><T15/><D127/><U20/><E71/><V78/><F78/><W37/><G134/><T30/><D110/><U28/><E126/><V100/><REACH who="2" step="1"/><F69/><REACH who="2" ten="250,327,163,250" step="2"/><W124/><G124/><T109/><D109/><U86/><E77/><V132/><F132/><W9/><G120/><T102/><D107/><U49/><E129/><V81/><F81/><W62/><G122/><T74/><D74/><U88/><E106/><V85/><F85/><W91/><G87/><T39/><D39/><AGARI ba="0,1" hai="1,7,8,22,23,39,42,47,59,63,64,94,96,100" machi="39" ten="30,3900,0" yaku="1,1,7,1,52,1,53,0" doraHai="35" doraHaiUra="21" who="2" fromWho="0" sc="250,-39,327,0,163,49,250,0" /><INIT seed="2,0,0,4,3,44" ten="211,327,212,250" oya="2" hai0="75,0,117,28,87,81,66,42,3,36,40,102,133" hai1="98,38,22,126,30,18,131,109,93,108,25,35,14" hai2="45,112,111,100,86,84,48,135,13,95,27,59,77" hai3="47,90,68,82,51,73,92,23,85,7,88,106,129"/><V125/><F112/><W79/><G129/><T52/><D75/><U114/><E114/><V49/><F135/><W34/><G34/><T116/><D133/><U39/><E131/><V31/><F125/><W9/><G106/><T105/><D28/><U70/><E70/><V80/><F111/><N who="1" m="42569" /><E126/><V50/><F59/><W65/><G23/><T17/><D66/><U123/><E123/><V103/><F13/><W83/><G65/><T24/><D102/><AGARI ba="0,0" hai="14,18,22,25,30,35,38,39,93,98,102" m="42569" machi="102" ten="30,1000,0" yaku="14,1" doraHai="44" who="1" fromWho="0" sc="211,-10,327,10,212,0,250,0" /><INIT seed="3,0,0,2,4,96" ten="201,337,212,250" oya="3" hai0="62,4,116,99,93,129,9,1,79,75,100,135,6" hai1="124,103,134,10,109,59,119,110,89,111,112,16,72" hai2="42,37,106,94,66,7,15,69,2,64,46,90,131" hai3="29,45,31,71,74,73,27,97,36,52,101,34,128"/><W102/><G128/><T81/><D116/><U11/><E112/><V83/><F106/><W13/><G71/><T84/><D129/><U56/><E72/><V113/><F113/><W104/><G31/><T20/><D135/><U18/><E134/><V87/><F2/><W30/><G30/><T54/><D75/><U76/><E76/><V95/><F131/><W51/><G102/><T61/><D6/><U86/><E103/><V23/><F69/><W78/><G78/><T80/><D80/><N who="1" m="49351" /><E124/><V8/><F23/><W41/><REACH who="3" step="1"/><G13/><REACH who="3" ten="201,337,212,240" step="2"/><T39/><D39/><U21/><E119/><V60/><F60/><W120/><G120/><T118/><D118/><U26/><E10/><V133/><F133/><W63/><G63/><T24/><REACH who="0" step="1"/><D54/><REACH who="0" ten="191,337,212,240" step="2"/><U12/><AGARI ba="0,2" hai="11,12,16,18,21,26,56,59,109,110,111" m="49351" machi="12" ten="40,2700,0" yaku="14,1,54,1" doraHai="96" who="1" fromWho="1" sc="191,-7,337,47,212,-7,240,-13" owari="184,-31.6,384,48.4,205,-19.5,227,2.7" /></mjloggm>