<mjloggm ver="2.3"><GO type="225" lobby="0"/><UN n0="%E9%89%A2%E5%B7%BB%E3%82%AC%E3%83%96" n1="%72%65%6E%6B%75%6E" n2="%E3%81%86%E3%82%8C%E3%81%9F%E3%82%93%E6%9E%95" n3="%6D%75%75%6D%75%72%61" dan="16,17,16,16" rate="2081.28,2315.99,2060.23,2215.36" sx="M,M,F,F"/><TAIKYOKU oya="0"/><INIT seed="0,0,0,4,5,125" ten="250,250,250,250" oya="0" hai0="127,94,32,40,75,43,115,13,27,69,36,18,48" hai1="19,108,0,28,35,12,57,114,61,93,23,66,39" hai2="87,71,128,15,41,134,8,112,100,84,130,99,106" hai3="53,111,29,82,11,54,38,51,121,74,70,5,133"/><T67/><D115/><U116/><E0/><V52/><F112/><W42/><G111/><T37/><D127/><U20/><E39/><V131/><F71/><W50/><G133/><T113/><D113/><U123/><E123/><V103/><F134/><W129/><G70/><T2/><D2/><U4/><E4/><V3/><F3/><N who="3" m="447" /><G29/><T1/><D1/><U124/><E116/><V34/><F34/><W58/><G121/><T83/><D94/><U92/><E114/><V26/><F26/><W49/><G58/><T97/><D97/><U118/><E35/><V78/><F41/><W73/><G73/><T17/><D48/><U132/><E118/><V7/><F103/><W72/><G72/><T90/><D75/><U14/><E108/><V62/><F78/><N who="3" m="44375" /><G129/><T109/><D32/><U86/><E124/><V120/><F120/><W47/><AGARI ba="0,0" hai="38,42,47,49,50,51,53,54" m="44375,447" machi="47" ten="30,1100,0" yaku="25,1" doraHai="125" who="3" fromWho="3" sc="250,-5,250,-3,250,-3,250,11" /><INIT seed="1,0,0,0,4,105" ten="245,247,247,261" oya="1" hai0="134,101,115,131,35,66,36,93,34,45,130,13,107" hai1="72,82,89,21,129,80,128,22,5,55,94,29,10" hai2="86,62,123,132,59,8,109,9,92,67,120,100,108" hai3="38,104,87,30,26,75,78,41,43,37,52,28,58"/><U85/><E55/><V90/><F132/><W50/><G104/><T117/><D115/><U69/><E69/><V7/><F100/><W53/><G87/><T61/><D117/><U40/><E40/><V15/><REACH who="2" step="1"/><F9/><REACH who="2" ten="245,247,237,261" step="2"/><W88/><G37/><T39/><D134/><U116/><E116/><V70/><F70/><W4/><G38/><T102/><D39/><U103/><E103/><V65/><F65/><W11/><G11/><T95/><D101/><U77/><E94/><V42/><F42/><W124/><G41/><N who="0" m="22695" /><D95/><U113/><E113/><V73/><F73/><W23/><G43/><T71/><D93/><U27/><REACH who="1" step="1"/><E22/><REACH who="1" ten="245,237,237,261" step="2"/><V122/><AGARI ba="0,2" hai="7,8,15,59,62,67,86,90,92,108,109,120,122,123" machi="122" ten="40,2700,0" yaku="1,1,0,1,53,0" doraHai="105" doraHaiUra="17" who="2" fromWho="2" sc="245,-7,237,-13,237,47,261,-7" /><INIT seed="2,0,0,0,0,33" ten="238,224,284,254" oya="2" hai0="94,20,48,107,95,6,28,22,45,100,76,119,11" hai1="44,62,114,38,0,88,71,70,109,121,25,89,31" hai2="13,85,61,83,4,80,98,120,5,111,40,35,3" hai3="47,7,129,59,39,130,113,84,51,135,2,118,63"/><V96/><F120/><W122/><G118/><T66/><D119/><U54/><E114/><V86/><F35/><W60/><G122/><T103/><D66/><U55/><E121/><V93/><F40/><W27/><G113/><T115/><D115/><U1/><E109/><V46/><F111/><W49/><G135/><T112/><D76/><U131/><E131/><N who="3" m="50186" /><G84/><T56/><D56/><U12/><E12/><V8/><F46/><W123/><G123/><T117/><D117/><U106/><E106/><V53/><F5/><W72/><G72/><T101/><D107/><U10/><E38/><V77/><F93/><W125/><G125/><T134/><D134/><U29/><E10/><V15/><F15/><W24/><G39/><T50/><D103/><U14/><E14/><V18/><F85/><W21/><G63/><T32/><D45/><U9/><E9/><V79/><F79/><W105/><G105/><T78/><D11/><U30/><E25/><N who="3" m="9802" /><G21/><T68/><D78/><U23/><E23/><V90/><F86/><W34/><G34/><T26/><D32/><U91/><E44/><V108/><F61/><W67/><G47/><T17/><D112/><U69/><E62/><V92/><F108/><W133/><G133/><T42/><D26/><U116/><E116/><V127/><F77/><W36/><G36/><T81/><D48/><N who="3" m="18505" /><G7/><T52/><D6/><U97/><E97/><V82/><F98/><W64/><G64/><T128/><D50/><U126/><E126/><V57/><F127/><W58/><G58/><T16/><D128/><U41/><E41/><V65/><F65/><RYUUKYOKU ba="0,0" sc="238,-15,224,15,284,-15,254,15" hai1="0,1,29,30,31,54,55,69,70,71,88,89,91" hai3="2,59,60,67" /><INIT seed="3,1,0,1,0,27" ten="223,239,269,269" oya="3" hai0="71,126,30,8,28,63,59,110,75,77,64,34,66" hai1="109,81,16,83,60,26,65,39,78,123,44,108,133" hai2="72,98,5,57,67,43,14,111,122,61,21,86,9" hai3="105,70,29,50,89,2,33,32,6,3,74,76,46"/><W104/><G70/><T84/><D75/><U40/><E123/><V85/><F72/><W94/><G74/><T37/><D37/><U101/><E101/><V96/><F111/><N who="1" m="42569" /><E133/><V52/><F43/><W103/><G76/><T11/><D34/><U24/><E16/><N who="2" m="10391" /><F122/><W130/><G130/><T128/><D128/><U114/><E114/><V58/><F9/><N who="0" m="3658" /><D126/><U48/><E39/><V69/><F5/><W22/><G6/><T35/><D35/><U38/><E38/><V20/><F20/><W15/><G32/><T97/><D71/><N who="1" m="42407" /><E83/><V0/><F0/><W92/><G33/><T107/><D107/><U87/><AGARI ba="1,0" hai="24,26,40,44,48,78,81,87" m="42407,42569" machi="87" ten="30,1100,0" yaku="14,1" doraHai="27" who="1" fromWho="1" sc="223,-4,239,14,269,-4,269,-6" /><INIT seed="4,0,0,5,1,74" ten="219,253,265,263" oya="0" hai0="134,12,56,86,23,69,41,44,116,32,78,122,0" hai1="1,89,13,109,129,58,123,105,37,45,46,17,26" hai2="28,110,38,127,84,62,108,72,48,68,7,101,96" hai3="18,3,133,100,102,34,132,106,25,60,98,121,80"/><T22/><D116/><U2/><E1/><V87/><F38/><W93/><G3/><T82/><D122/><U57/><E2/><V91/><F72/><W27/><G121/><T90/><D69/><U19/><E105/><V81/><F127/><W59/><G34/><T35/><D134/><U15/><E123/><V20/><F7/><W30/><G30/><T94/><D0/><U53/><E109/><V115/><F115/><W42/><G42/><T16/><D22/><N who="1" m="13647" /><E37/><V117/><F117/><W130/><G130/><T9/><D56/><N who="1" m="21611" /><E129/><V47/><F87/><W124/><G124/><T99/><REACH who="0" step="1"/><D23/><REACH who="0" ten="209,253,265,263" step="2"/><N who="1" m="11759" /><E53/><V33/><F110/><W131/><G131/><T11/><D11/><U54/><E54/><V40/><F108/><W4/><G132/><T88/><D88/><U104/><E104/><V128/><F128/><W77/><G133/><T95/><D95/><U24/><E24/><N who="2" m="16391" /><F68/><W83/><G106/><T64/><D64/><U97/><E15/><V107/><F33/><W5/><G27/><T135/><D135/><U51/><E51/><AGARI ba="0,1" hai="9,12,16,32,35,41,44,51,78,82,86,90,94,99" machi="51" ten="30,12000,1" yaku="1,1,7,1,52,1,54,1,53,1" doraHai="74" doraHaiUra="76" who="0" fromWho="1" sc="209,130,253,-120,265,0,263,0" owari="339,43.9,133,-36.7,265,6.5,263,-13.7" /></mjloggm>