<mjloggm ver="2.3"><GO type="225" lobby="0"/><UN n0="%E3%81%9F%E3%81%93%E2%98%86%E7%84%BC%E3%81%8D" n1="%E3%81%95%E3%81%8D%E3%81%9F%E3%81%BE%E6%9E%97%E6%AA%8E" n2="%E5%B8%86%E7%AB%8B%E5%A4%8F%E8%A1%A3" n3="%E3%83%AB%E3%83%9B%E3%83%B3%E3%83%87%E3%82%A3%E3%82%A8" dan="16,16,17,17" rate="2130.93,2117.50,2124.61,2164.72" sx="M,M,M,M"/><TAIKYOKU oya="0"/><INIT seed="0,0,0,3,4,101" ten="250,250,250,250" oya="0" hai0="32,45,55,12,54,37,49,13,96,38,59,29,46" hai1="106,129,120,119,11,64,43,44,71,82,114,25,48" hai2="2,5,9,8,61,56,133,107,125,7,21,131,50" hai3="52,57,24,90,40,89,113,134,132,69,105,68,35"/><T77/><D77/><U30/><E119/><V23/><F125/><W80/><G113/><T67/><D32/><U85/><E120/><V10/><F131/><W104/><G40/><N who="0" m="24743" /><D29/><U15/><E129/><V62/><F133/><N who="3" m="51307" /><G24/><T16/><D96/><U6/><E114/><V97/><F50/><N who="3" m="30871" /><G35/><T87/><D87/><U99/><E71/><N who="3" m="27210" /><G90/><T79/><D79/><N who="1" m="46303" /><E64/><V28/><F62/><W42/><G42/><T117/><D16/><U116/><E116/><V83/><F2/><W122/><G122/><T60/><D12/><U73/><E73/><V17/><F28/><W63/><G63/><T1/><D13/><U91/><E91/><V75/><F23/><W14/><G14/><T53/><D117/><U111/><E111/><V109/><F109/><W102/><G102/><T39/><D1/><U86/><E86/><AGARI ba="0,0" hai="80,86,89,104,105" m="27210,30871,51307" machi="86" ten="30,7700,0" yaku="20,1,52,2,54,1" doraHai="101" who="3" fromWho="1" sc="250,0,250,-77,250,0,250,77" /><INIT seed="1,0,0,3,3,10" ten="250,173,250,327" oya="1" hai0="127,51,87,38,103,36,3,109,17,93,26,78,16" hai1="63,12,18,74,72,44,31,86,126,22,39,100,98" hai2="128,104,73,79,97,1,34,7,115,5,108,21,92" hai3="67,4,111,25,65,121,122,58,27,95,75,28,81"/><U101/><E126/><V84/><F34/><W33/><G111/><T117/><D109/><U112/><E112/><V15/><F108/><W80/><G4/><T119/><D3/><U0/><E0/><V124/><F128/><W50/><G50/><T105/><D127/><U30/><E101/><N who="2" m="62511" /><F1/><W116/><G116/><T129/><D105/><U19/><E86/><V110/><F110/><W131/><G131/><T23/><D51/><U6/><E6/><V13/><F124/><W69/><G69/><T94/><D129/><U66/><E74/><V43/><F43/><W114/><G58/><T125/><D125/><U55/><E72/><V47/><F47/><W35/><G95/><T85/><D103/><U11/><E39/><V29/><F115/><W70/><G70/><T8/><D78/><U130/><E130/><V133/><F133/><W41/><G41/><T68/><D68/><U60/><E44/><V57/><F57/><W62/><G62/><N who="1" m="23594" /><E55/><V113/><F113/><W37/><G28/><T107/><D107/><U106/><E66/><V123/><F123/><W49/><G49/><T82/><D23/><U46/><E46/><V96/><F5/><W135/><G75/><T118/><D118/><U40/><E40/><V77/><F73/><W90/><G114/><T76/><D38/><U120/><E120/><V59/><F59/><W45/><G45/><T24/><D36/><U134/><E134/><V132/><F132/><W64/><G37/><T61/><D119/><U89/><E89/><N who="2" m="55311" /><F84/><W91/><G65/><T48/><D87/><U53/><E53/><V52/><F52/><RYUUKYOKU ba="0,0" sc="250,-15,173,15,250,-15,327,15" hai1="11,12,18,19,22,30,31,98,100,106" hai3="25,27,33,35,64,67,80,81,90,91,121,122,135" /><INIT seed="1,1,0,2,1,124" ten="235,188,235,342" oya="1" hai0="52,56,134,43,51,83,129,78,47,20,10,40,41" hai1="54,87,128,69,29,49,114,35,76,60,118,53,100" hai2="33,18,79,19,3,102,72,37,71,21,48,63,65" hai3="113,104,101,88,14,111,26,50,12,108,28,107,115"/><U73/><E114/><N who="3" m="43530" /><G50/><N who="0" m="30743" /><D10/><U58/><E118/><V31/><F37/><W122/><G122/><T121/><D20/><U85/><E35/><V99/><F48/><W22/><G88/><T8/><D8/><U59/><E69/><V103/><F21/><W84/><G84/><N who="1" m="32330" /><E73/><V5/><F103/><W4/><G101/><T117/><D83/><U123/><E123/><V133/><F133/><W9/><G12/><T92/><D92/><U112/><E112/><V70/><F70/><W110/><AGARI ba="1,0" hai="4,9,14,22,26,28,104,107,108,110,111" m="43530" machi="110" ten="40,1500,0" yaku="14,1" doraHai="124" who="3" fromWho="3" sc="235,-5,188,-8,235,-5,342,18" /><INIT seed="2,0,0,1,4,113" ten="230,180,230,360" oya="2" hai0="16,103,90,27,109,3,134,93,32,132,4,34,118" hai1="77,56,69,31,133,78,6,1,15,88,125,49,35" hai2="12,29,105,44,114,39,121,11,23,108,54,25,28" hai3="75,76,26,131,119,127,45,33,38,87,2,72,82"/><V9/><F114/><W30/><G119/><T92/><D103/><U74/><E69/><V43/><F121/><W62/><G131/><T66/><D66/><U7/><E1/><V104/><F108/><W18/><G127/><T46/><D46/><U117/><E117/><V0/><F29/><W107/><G107/><T96/><D109/><U79/><E74/><V37/><F39/><W60/><G2/><T124/><D124/><U65/><E125/><V126/><F126/><W123/><G123/><T42/><D42/><U59/><E133/><V73/><F73/><W17/><G72/><T95/><D118/><U91/><E35/><V83/><F83/><W63/><G87/><T89/><D93/><U40/><E31/><V112/><F54/><W24/><G24/><T64/><D4/><N who="1" m="1579" /><E15/><V55/><F112/><W122/><G122/><T71/><D64/><U101/><E101/><V111/><F111/><W20/><G20/><N who="0" m="13703" /><D71/><U36/><E36/><V116/><F116/><W53/><G53/><T128/><D128/><U48/><E40/><V47/><F0/><W5/><G5/><T120/><D120/><U50/><E65/><V129/><F129/><W8/><G8/><N who="2" m="3145" /><F12/><W84/><G75/><T135/><D3/><U70/><E70/><V67/><F67/><W99/><G38/><T130/><D130/><U58/><AGARI ba="0,0" hai="48,49,50,56,58,59,77,78,79,88,91" m="1579" machi="58" ten="40,12000,2" yaku="29,2,28,2,8,1,54,1" doraHai="113" who="1" fromWho="1" sc="230,-30,180,120,230,-60,360,-30" /><INIT seed="3,0,0,3,3,108" ten="200,300,170,330" oya="3" hai0="60,23,65,59,47,43,20,68,1,62,67,25,70" hai1="55,80,0,122,22,115,9,123,112,120,87,75,21" hai2="134,57,100,8,103,32,11,45,38,110,71,129,51" hai3="27,114,96,111,49,29,81,92,99,105,18,88,54"/><W89/><G114/><N who="1" m="43562" /><E75/><V90/><F110/><W64/><G111/><T127/><D1/><U73/><E87/><V79/><F129/><W26/><G64/><T6/><D6/><N who="1" m="1223" /><E55/><V98/><F134/><W101/><G18/><T97/><D20/><N who="1" m="7787" /><E80/><V40/><F79/><W118/><G29/><T135/><D135/><U109/><E73/><V39/><F32/><W86/><G118/><T132/><D132/><U52/><E52/><N who="2" m="31903" /><F39/><W131/><G131/><T124/><D97/><U78/><E78/><V107/><F100/><W95/><G105/><T13/><D59/><AGARI ba="0,0" hai="26,27,49,54,59,81,86,88,89,92,95,96,99,101" machi="59" ten="30,5800,0" yaku="7,1,8,1,54,1" doraHai="108" who="3" fromWho="0" sc="200,-58,300,0,170,0,330,58" owari="142,-35.8,300,10.0,170,-23.0,388,48.8" /></mjloggm>