<mjloggm ver="2.3"><GO type="225" lobby="0"/><UN n0="%E8%90%BD%E6%97%A5" n1="%33%74%72%65%65" n2="%E3%83%B4%E3%83%A0%EF%BC%99%E3%81%A6" n3="%E4%B8%89%E5%86%A0%E7%8E%8B%E3%83%BB%E5%B1%B1%E7%94%B0%E5%93%B2%E4%BA%BA" dan="18,17,17,16" rate="2195.55,2180.70,2174.43,2173.88" sx="F,F,M,M"/><TAIKYOKU oya="0"/><INIT seed="0,0,0,0,4,88" ten="250,250,250,250" oya="0" hai0="17,99,30,65,94,80,81,49,114,12,97,73,92" hai1="117,26,83,95,124,2,69,64,130,75,38,93,100" hai2="20,108,125,127,109,118,70,41,87,122,126,119,59" hai3="22,11,55,7,129,53,37,28,74,35,71,91,23"/><T52/><D114/><U46/><E117/><N who="2" m="44555" /><F20/><W50/><G37/><T85/><D65/><U133/><E2/><V82/><F70/><W66/><G74/><T15/><D30/><U31/><E100/><V89/><F59/><W1/><G55/><T105/><D105/><U134/><E130/><V110/><F41/><W9/><G129/><T128/><D128/><U106/><E106/><V54/><F54/><W25/><G71/><T102/><D73/><U6/><E6/><V45/><F45/><W51/><G51/><T39/><D39/><U4/><E4/><V115/><F115/><W16/><G66/><T104/><D104/><U42/><E124/><V123/><AGARI ba="0,0" hai="82,87,89,108,109,110,122,123,125,126,127" m="44555" machi="123" ten="50,8000,1" yaku="14,1,18,1,12,1,34,2" doraHai="88" who="2" fromWho="2" sc="250,-40,250,-20,250,80,250,-20" /><INIT seed="1,0,0,5,1,2" ten="210,230,330,230" oya="1" hai0="50,49,84,11,25,15,44,24,80,100,125,16,6" hai1="131,3,1,116,55,94,76,114,5,28,109,74,122" hai2="51,93,39,26,43,13,4,77,33,21,66,111,57" hai3="103,118,34,18,29,129,89,22,124,19,10,36,102"/><U63/><E114/><V107/><F107/><W0/><G36/><T59/><D125/><U98/><E122/><V56/><F33/><W85/><G124/><T75/><D75/><U83/><E116/><V79/><F39/><W106/><G118/><T62/><D100/><U17/><E131/><V128/><F111/><W8/><G129/><T101/><D101/><N who="3" m="38409" /><G0/><T53/><D50/><U110/><E28/><V72/><F93/><W95/><G34/><T119/><D119/><U30/><E30/><V60/><F72/><W71/><G71/><T61/><D61/><U78/><E78/><V54/><F43/><W104/><G104/><T132/><D132/><U58/><E17/><N who="3" m="6154" /><G106/><T97/><D97/><U126/><E126/><V133/><F133/><W123/><G123/><T41/><REACH who="0" step="1"/><D16/><REACH who="0" ten="200,230,330,230" step="2"/><U52/><E110/><V38/><F51/><W31/><G31/><T47/><D47/><U45/><E109/><V20/><F60/><W65/><G65/><T86/><D86/><U69/><E45/><V23/><F66/><W127/><G127/><T32/><D32/><U48/><E48/><V40/><F38/><W42/><G42/><T82/><D82/><U99/><E83/><V27/><F40/><W46/><G46/><T64/><D64/><U134/><E134/><V88/><F128/><W112/><G112/><T7/><D7/><U130/><E5/><V120/><F4/><W135/><G135/><T105/><D105/><U92/><E130/><V90/><F120/><W67/><G67/><T91/><AGARI ba="0,1" hai="6,11,15,24,25,41,44,49,53,59,62,80,84,91" machi="91" ten="20,8000,1" yaku="1,1,0,1,7,1,8,1,52,1,53,0" doraHai="2" doraHaiUra="73" who="0" fromWho="0" sc="200,90,230,-40,330,-20,230,-20" /><INIT seed="2,0,0,4,2,135" ten="290,190,310,210" oya="2" hai0="30,13,53,36,105,85,60,124,10,29,50,27,63" hai1="26,42,112,21,56,81,33,84,75,119,17,96,3" hai2="45,24,115,104,89,92,43,34,108,6,107,54,5" hai3="1,51,16,130,103,72,131,90,19,62,0,128,69"/><V46/><F115/><W49/><G72/><T86/><D36/><U88/><E112/><V40/><F54/><W18/><G103/><T35/><D105/><U98/><E119/><V129/><F129/><W65/><REACH who="3" step="1"/><G90/><REACH who="3" ten="290,190,310,200" step="2"/><T123/><D123/><U73/><E73/><V44/><F89/><W110/><G110/><T12/><D86/><U87/><E75/><V127/><F108/><W82/><G82/><T70/><D85/><U38/><E84/><V113/><F113/><W68/><G68/><T52/><D70/><U61/><E33/><V48/><F34/><W8/><G8/><T79/><D10/><U93/><E81/><V95/><F104/><W117/><G117/><T100/><D100/><U109/><E109/><V116/><F107/><W106/><G106/><T80/><D80/><U14/><E3/><AGARI ba="0,1" hai="0,1,3,16,18,19,49,51,62,65,69,128,130,131" machi="3" ten="50,6400,0" yaku="1,1,19,1,54,1,53,0" doraHai="135" doraHaiUra="102" who="3" fromWho="1" sc="290,0,190,-64,310,0,200,74" /><INIT seed="3,0,0,1,5,20" ten="290,126,310,274" oya="3" hai0="47,94,27,105,7,123,10,21,68,16,64,83,52" hai1="36,90,65,104,129,87,115,41,111,0,18,35,30" hai2="131,95,112,57,106,71,132,100,3,72,67,75,6" hai3="121,114,4,102,29,28,19,116,26,62,77,128,117"/><W49/><G114/><T130/><D105/><U69/><E0/><V134/><F112/><W85/><G121/><T58/><D123/><U40/><E115/><V42/><F106/><W118/><G4/><T81/><D130/><U110/><E104/><V56/><F131/><W22/><G128/><T70/><D70/><U44/><E129/><V38/><F71/><W133/><G102/><T43/><D68/><U45/><E18/><V99/><F42/><W84/><G133/><N who="2" m="51305" /><F38/><W54/><G62/><T86/><D64/><U63/><E87/><V59/><F67/><W107/><G107/><T92/><D83/><U2/><E90/><V125/><F125/><W5/><G5/><T127/><D127/><U33/><E2/><V34/><F34/><W61/><G61/><N who="0" m="36039" /><D7/><U55/><E55/><V1/><F1/><W91/><G77/><N who="0" m="46383" /><D10/><AGARI ba="0,0" hai="3,6,10,56,57,59,72,75,95,99,100" m="51305" machi="10" ten="30,1000,0" yaku="20,1" doraHai="20" who="2" fromWho="0" sc="290,-10,126,0,310,10,274,0" owari="280,8.0,126,-37.4,320,42.0,274,-12.6" /></mjloggm>