<mjloggm ver="2.3"><GO type="225" lobby="0"/><UN n0="%E5%8D%A0%E3%81%84%E5%B8%AB%E8%A3%8F%E3%81%AA%E3%81%84%E3%81%97" n1="%E3%81%B5%E3%81%98%E3%81%8B%E3%81%A4" n2="%E5%82%8D%E8%8B%A5%E7%84%A1%E4%BA%BA%35%31" n3="%E4%BF%BA%E3%81%A8%E5%A6%96%E5%A4%A2" dan="17,16,16,17" rate="2176.91,2144.29,2094.18,2186.24" sx="M,M,M,F"/><TAIKYOKU oya="0"/><INIT seed="0,0,0,1,5,99" ten="250,250,250,250" oya="0" hai0="51,120,95,103,108,113,84,16,116,80,74,35,12" hai1="128,17,135,60,10,7,87,117,70,118,48,132,81" hai2="2,9,82,0,25,47,112,45,69,5,4,101,75" hai3="107,93,40,18,125,115,90,68,71,56,52,61,59"/><T126/><D113/><U119/><E128/><V88/><F69/><W1/><G115/><T58/><D116/><U111/><E48/><V62/><F112/><W92/><G107/><T98/><D35/><U94/><E94/><V55/><F25/><W130/><G1/><T79/><D120/><U91/><E17/><V53/><F75/><W109/><G130/><T19/><D126/><U39/><E39/><V44/><F101/><W36/><G125/><T8/><D108/><U97/><E97/><V20/><F20/><W29/><G29/><T23/><D74/><U86/><E86/><V32/><F32/><W13/><G109/><T26/><D51/><U77/><E77/><V11/><F62/><W104/><G104/><T33/><D33/><U106/><E106/><V129/><F129/><W78/><G78/><T31/><D58/><U24/><E24/><V34/><F34/><W67/><G93/><T46/><D46/><U15/><E111/><V124/><F124/><W96/><G40/><T42/><D42/><U122/><E122/><V63/><F63/><W73/><G36/><T43/><D43/><U131/><REACH who="1" step="1"/><E131/><REACH who="1" ten="250,240,250,250" step="2"/><V3/><F2/><W110/><G110/><T21/><D21/><U89/><E89/><V6/><F4/><AGARI ba="0,1" hai="4,8,12,16,19,23,26,31,79,80,84,95,98,103" machi="4" ten="30,11600,0" yaku="7,1,8,1,52,1,54,1" doraHai="99" who="0" fromWho="2" sc="250,126,240,0,250,-116,250,0" /><INIT seed="0,1,0,4,2,17" ten="376,240,134,250" oya="0" hai0="99,12,9,135,120,115,30,63,4,130,100,114,88" hai1="23,34,39,55,16,131,70,132,122,21,83,110,108" hai2="3,103,95,50,62,106,59,1,32,44,58,18,87" hai3="43,49,22,2,41,117,40,102,126,65,118,52,20"/><T97/><D120/><U69/><E122/><V89/><F32/><W90/><G2/><T109/><D135/><U86/><E132/><V24/><F106/><W133/><G133/><T31/><D130/><U79/><E131/><V73/><F73/><W123/><G123/><T98/><D100/><U26/><E34/><V36/><F36/><W72/><G72/><T71/><D109/><N who="1" m="42091" /><E55/><V48/><F103/><W76/><G76/><T35/><D35/><U46/><E46/><V15/><F24/><W124/><G102/><T25/><D25/><N who="1" m="14503" /><E39/><V80/><F50/><W129/><G65/><T66/><D114/><U47/><E47/><V6/><F6/><W53/><G129/><T113/><D115/><U91/><E79/><V107/><F107/><W85/><G118/><T75/><D113/><U104/><E104/><V61/><F95/><N who="3" m="54735" /><G117/><T134/><D134/><U111/><N who="1" m="42099" /><U96/><DORA hai="5" /><E96/><V116/><F116/><W128/><G128/><T51/><D98/><U29/><AGARI ba="1,0" hai="23,26,29,69,70,83,86,91" m="14503,42099" machi="29" ten="40,8000,1" yaku="14,1,52,2,54,1" doraHai="17,5" who="1" fromWho="1" sc="376,-41,240,83,134,-21,250,-21" /><INIT seed="1,0,0,2,2,29" ten="335,323,113,229" oya="1" hai0="25,132,22,107,86,105,123,4,81,118,70,109,82" hai1="96,135,61,65,48,114,45,23,99,111,9,113,80" hai2="98,35,79,124,24,14,72,44,103,128,76,126,32" hai3="18,64,41,12,52,20,56,92,116,21,36,54,121"/><U129/><E135/><V1/><F1/><W110/><G121/><T119/><D123/><U88/><E129/><V95/><F128/><W30/><G110/><T49/><D109/><U63/><E111/><V102/><F14/><W47/><G116/><T43/><D70/><U33/><E33/><N who="2" m="12875" /><F72/><W89/><G64/><T120/><D132/><U75/><E9/><V40/><F24/><W60/><G54/><T73/><D4/><U62/><E65/><V69/><F69/><W78/><G78/><N who="2" m="29737" /><F95/><W15/><G30/><T2/><D2/><U8/><E8/><V16/><F16/><W67/><G67/><T31/><D120/><U0/><E0/><V66/><F98/><N who="3" m="57615" /><G21/><T115/><D22/><U97/><E23/><V42/><F66/><W38/><G38/><T46/><D25/><AGARI ba="0,0" hai="12,15,18,20,25,36,41,47,52,56,60" m="57615" machi="25" ten="30,2000,0" yaku="25,1,54,1" doraHai="29" who="3" fromWho="0" sc="335,-20,323,0,113,0,229,20" /><INIT seed="2,0,0,1,3,74" ten="315,323,113,249" oya="2" hai0="128,19,31,105,27,113,59,134,130,47,64,45,56" hai1="125,68,23,86,13,66,102,123,22,48,79,122,94" hai2="124,9,133,7,111,57,10,49,91,131,11,6,92" hai3="116,88,75,109,52,63,51,33,118,89,46,70,103"/><V50/><F131/><N who="0" m="50218" /><D113/><U26/><E125/><V20/><F124/><W126/><G126/><T2/><D2/><U76/><E48/><V119/><F119/><W101/><G33/><N who="0" m="20735" /><D105/><U83/><E66/><V43/><F133/><W85/><G75/><T129/><D134/><U114/><E68/><V82/><F111/><W35/><G35/><T61/><N who="0" m="50226" /><T99/><DORA hai="18" /><D99/><N who="1" m="59767" /><E114/><V110/><F82/><W78/><G109/><T8/><D56/><U97/><E97/><V58/><F110/><W120/><G120/><N who="1" m="46122" /><E13/><AGARI ba="0,0" hai="8,13,19,45,47,59,61,64" m="20735,50226" machi="13" ten="40,1300,0" yaku="19,1" doraHai="74,18" who="0" fromWho="1" sc="315,13,323,-13,113,0,249,0" /><INIT seed="3,0,0,0,5,88" ten="328,310,113,249" oya="3" hai0="87,15,22,41,117,54,29,61,2,107,8,78,129" hai1="33,60,46,44,17,30,105,96,11,45,65,124,75" hai2="48,20,50,111,62,9,18,115,7,47,23,108,3" hai3="126,71,42,64,106,95,67,122,6,74,97,59,31"/><W69/><G122/><T112/><D117/><U40/><E75/><V58/><F115/><W134/><G106/><T133/><D107/><U109/><E124/><V110/><F47/><W99/><G74/><T132/><D112/><U13/><E109/><V121/><F121/><W79/><G79/><T77/><D129/><U92/><E105/><V55/><REACH who="2" step="1"/><F23/><REACH who="2" ten="328,310,103,249" step="2"/><W12/><G126/><T119/><D22/><U24/><E45/><V85/><F85/><W39/><G39/><T70/><D87/><U81/><E40/><V68/><F68/><W51/><G69/><T36/><D41/><U100/><E81/><V131/><F131/><W73/><G71/><AGARI ba="0,1" hai="11,13,17,24,30,33,44,46,60,65,71,92,96,100" machi="71" ten="30,2000,0" yaku="7,1,52,1" doraHai="88" who="1" fromWho="3" sc="328,0,310,30,103,0,249,-20" owari="328,12.8,340,44.0,103,-39.7,229,-17.1" /></mjloggm>