<mjloggm ver="2.3"><GO type="225" lobby="0"/><UN n0="%E3%81%BE%E3%81%A8%E3%81%9F" n1="%E3%82%A2%E3%83%BC%E3%83%A2%E3%83%AD%E3%83%BC%E3%83%B4%E3%82%A1" n2="%E3%81%B5%E3%81%98%E3%81%8B%E3%81%A4" n3="%72%65%6E%6B%75%6E" dan="16,16,16,17" rate="2107.79,2141.66,2220.48,2212.34" sx="M,M,M,M"/><TAIKYOKU oya="0"/><INIT seed="0,0,0,1,5,5" ten="250,250,250,250" oya="0" hai0="110,21,101,26,4,53,46,42,126,61,25,123,97" hai1="102,56,40,121,113,60,19,133,0,58,17,132,127" hai2="16,82,27,69,66,94,122,76,47,130,93,39,72" hai3="83,75,95,120,55,131,105,15,70,78,100,81,29"/><T84/><D123/><U38/><E121/><V1/><F130/><W77/><G70/><T23/><D126/><U103/><E0/><V22/><F122/><W124/><G120/><T3/><D3/><U116/><E116/><V99/><F1/><W111/><G29/><T11/><D84/><U6/><E6/><V2/><F2/><W10/><G124/><T88/><D25/><U59/><E127/><V33/><F33/><W125/><G125/><T57/><D110/><U35/><E35/><V31/><F31/><W63/><G105/><T117/><D117/><U50/><E38/><V92/><F66/><W91/><G100/><N who="1" m="38442" /><E113/><V134/><F69/><W87/><G131/><T114/><D114/><U89/><E89/><V28/><F134/><N who="1" m="51817" /><E60/><V45/><F99/><W85/><G111/><T73/><D88/><U65/><E65/><V32/><REACH who="2" step="1"/><F39/><REACH who="2" ten="250,250,240,250" step="2"/><W51/><G63/><T135/><D135/><U119/><E119/><V44/><F44/><AGARI ba="0,1" hai="17,19,40,44,50,56,58,59" m="51817,38442" machi="44" ten="40,1300,0" yaku="20,1" doraHai="5" who="1" fromWho="2" sc="250,0,250,23,240,-13,250,0" /><INIT seed="1,0,0,4,0,111" ten="250,273,227,250" oya="1" hai0="5,13,8,97,11,72,90,84,87,127,123,102,99" hai1="85,19,20,125,33,61,78,118,83,59,115,14,28" hai2="65,54,130,77,112,82,108,18,106,114,37,103,109" hai3="116,47,63,53,95,75,67,22,135,131,100,104,40"/><U132/><E118/><V119/><F37/><W43/><G75/><T71/><D72/><U66/><E125/><V117/><F65/><W49/><G104/><T58/><D71/><U124/><E124/><V96/><F18/><W12/><G116/><N who="2" m="44617" /><F130/><W68/><G135/><T92/><D123/><U69/><E132/><V122/><F54/><W45/><G131/><T126/><D127/><U15/><E15/><V81/><F122/><W76/><G76/><T23/><D23/><U9/><E20/><V107/><F107/><W48/><G53/><T88/><D126/><U42/><E42/><V10/><F10/><W21/><G12/><T91/><D99/><AGARI ba="0,0" hai="21,22,40,43,45,47,48,49,63,67,68,95,99,100" machi="99" ten="40,1300,0" yaku="9,1" doraHai="111" who="3" fromWho="0" sc="250,-13,273,0,227,0,250,13" /><INIT seed="2,0,0,1,4,44" ten="237,273,227,263" oya="2" hai0="41,55,51,10,76,81,19,2,0,29,115,95,17" hai1="25,20,109,67,18,16,91,107,86,31,123,48,133" hai2="71,22,73,1,126,35,14,37,54,84,98,85,64" hai3="101,104,121,28,135,69,110,108,92,9,124,45,105"/><V134/><F73/><W119/><G69/><T94/><D115/><U65/><E109/><N who="3" m="42090" /><G28/><T57/><D29/><U113/><E113/><V58/><F35/><W46/><G119/><T129/><D129/><U32/><E133/><V90/><F1/><W26/><G121/><T23/><D0/><U60/><E107/><N who="3" m="41034" /><G135/><T27/><D41/><U56/><E123/><V36/><F134/><W102/><G124/><T78/><D78/><U47/><E65/><V68/><F126/><W59/><G26/><T50/><D50/><U128/><E32/><V49/><F36/><W5/><G59/><T120/><D120/><U42/><E128/><V75/><F37/><W15/><G92/><AGARI ba="0,0" hai="16,18,20,25,31,42,47,48,56,60,67,86,91,92" machi="92" ten="30,7700,0" yaku="7,1,8,1,52,1,54,1" doraHai="44" who="1" fromWho="3" sc="237,0,273,77,227,0,263,-77" /><INIT seed="3,0,0,5,0,42" ten="237,350,227,186" oya="3" hai0="35,80,31,122,65,45,81,132,51,131,33,76,47" hai1="73,118,99,97,34,127,77,69,112,29,108,120,98" hai2="27,94,22,85,38,39,114,1,87,40,102,66,64" hai3="70,79,107,126,23,15,54,46,109,7,121,105,110"/><W67/><G121/><T21/><D122/><U62/><E120/><V41/><F114/><W135/><G79/><T19/><D31/><U26/><E112/><V95/><F1/><W63/><G126/><T68/><D51/><U32/><E32/><V111/><F111/><N who="3" m="42507" /><G135/><T49/><D49/><U92/><E108/><V3/><F3/><W75/><G75/><T125/><D81/><U89/><E127/><V5/><F5/><W103/><G103/><T50/><D50/><U113/><E113/><V28/><F39/><W37/><G54/><T93/><D125/><U78/><E118/><V8/><F38/><W9/><G23/><T59/><D33/><U0/><E0/><V72/><F72/><W104/><G37/><T56/><D35/><U18/><E77/><V12/><F102/><W24/><G24/><T129/><D132/><U84/><E78/><V10/><F40/><W55/><G55/><T101/><D68/><U17/><E73/><V20/><F41/><W100/><G100/><T58/><D65/><U44/><E69/><V86/><F22/><W82/><G82/><T13/><D93/><N who="2" m="35338" /><F12/><W16/><G46/><T133/><D133/><U2/><E44/><V74/><F74/><W6/><AGARI ba="0,0" hai="6,7,9,15,16,63,67,70,104,105,107" m="42507" machi="6" ten="40,7800,0" yaku="14,1,10,1,54,1" doraHai="42" who="3" fromWho="3" sc="237,-26,350,-26,227,-26,186,78" /><INIT seed="3,1,0,2,0,5" ten="211,324,201,264" oya="3" hai0="40,72,76,35,133,10,37,16,116,58,66,114,103" hai1="70,63,29,31,9,22,43,52,81,131,0,7,86" hai2="20,127,94,60,115,15,89,83,91,119,74,27,77" hai3="55,24,67,26,104,107,11,101,84,85,48,130,95"/><W18/><G130/><T62/><D116/><U4/><E131/><V88/><F119/><W135/><G135/><T75/><D35/><U51/><E7/><V64/><F127/><W82/><G67/><T1/><D133/><U59/><E22/><V93/><F115/><W126/><G126/><T92/><D114/><U13/><E0/><V53/><F15/><N who="3" m="7551" /><G107/><T78/><D75/><U3/><E3/><V106/><F106/><W42/><G42/><T49/><D37/><U99/><E99/><V129/><F129/><W128/><G104/><T12/><D72/><U46/><E70/><V112/><F53/><W109/><G109/><T134/><D1/><U23/><E23/><V56/><REACH who="2" step="1"/><F112/><REACH who="2" ten="211,324,191,264" step="2"/><W97/><G128/><T71/><D134/><U30/><E30/><AGARI ba="1,1" hai="20,27,30,56,60,64,74,77,83,88,89,91,93,94" machi="30" ten="40,5200,0" yaku="1,1,2,1,54,1,53,0" doraHai="5" doraHaiUra="8" who="2" fromWho="1" sc="211,0,324,-55,191,65,264,0" /><INIT seed="4,0,0,4,2,47" ten="211,269,256,264" oya="0" hai0="59,45,3,37,121,19,84,88,96,61,14,83,113" hai1="78,5,24,6,128,41,107,23,108,89,11,15,52" hai2="20,111,7,16,102,80,105,76,82,62,99,104,64" hai3="133,10,63,67,28,114,57,4,93,43,120,91,77"/><T34/><D121/><U103/><E108/><V44/><F111/><W135/><G120/><T40/><D113/><U92/><E41/><V51/><F7/><W66/><G114/><T112/><D112/><U115/><E115/><V38/><F38/><W81/><G43/><T117/><D117/><U22/><E128/><V68/><F105/><W31/><G67/><T54/><D34/><U116/><E116/><V124/><F124/><W13/><G135/><T18/><D3/><U74/><E5/><V79/><F82/><W97/><REACH who="3" step="1"/><G133/><REACH who="3" ten="211,269,256,254" step="2"/><T2/><D2/><U42/><E42/><V95/><F64/><W32/><G32/><T122/><D122/><U110/><E110/><V86/><F104/><W35/><G35/><T85/><D96/><U73/><E107/><V56/><F99/><W125/><G125/><T53/><D85/><AGARI ba="0,1" hai="4,10,13,28,31,57,63,66,77,81,85,91,93,97" machi="85" ten="30,7700,0" yaku="1,1,7,1,8,1,53,1" doraHai="47" doraHaiUra="72" who="3" fromWho="0" sc="211,-77,269,0,256,0,254,87" owari="134,-36.6,269,6.9,256,-14.4,341,44.1" /></mjloggm>