<mjloggm ver="2.3"><GO type="225" lobby="0"/><UN n0="%72%69%6F%75%63%68%61%6E" n1="%E9%80%86%E9%80%A3%E5%B8%AF%E3%81%AE%E9%AC%BC" n2="%E3%81%99%E3%81%84%E3%81%BE%E3%81%9B%E3%83%BC%E3%82%93" n3="%E6%A1%9C%E8%8A%B1%E9%96%83%E3%80%85" dan="17,16,16,17" rate="2247.50,2146.67,2169.61,2187.84" sx="M,M,M,M"/><TAIKYOKU oya="0"/><INIT seed="0,0,0,0,1,30" ten="250,250,250,250" oya="0" hai0="63,123,18,130,65,84,121,55,107,37,59,104,54" hai1="124,62,17,35,20,116,5,109,115,73,105,69,72" hai2="56,2,32,129,127,99,78,133,135,7,118,74,41" hai3="102,97,120,100,48,8,58,95,61,134,19,117,68"/><T110/><D130/><U22/><E116/><V98/><F118/><W6/><G117/><T45/><D84/><U67/><E115/><V126/><F41/><W40/><G134/><N who="2" m="51209" /><F32/><W13/><G120/><N who="0" m="46155" /><D18/><U12/><E109/><V94/><F56/><W103/><G68/><N who="0" m="42047" /><D104/><U57/><E105/><V1/><F7/><W47/><REACH who="3" step="1"/><G6/><REACH who="3" ten="250,250,250,240" step="2"/><T90/><D110/><U83/><E69/><V49/><F129/><W14/><G14/><T87/><D107/><U96/><E12/><V36/><F1/><W53/><AGARI ba="0,1" hai="8,13,19,40,47,48,53,58,61,95,97,100,102,103" machi="53" ten="20,5200,0" yaku="1,1,0,1,7,1,8,1,53,0" doraHai="30" doraHaiUra="70" who="3" fromWho="3" sc="250,-26,250,-13,250,-13,240,62" /><INIT seed="1,0,0,1,5,15" ten="224,237,237,302" oya="1" hai0="28,46,109,101,34,116,100,75,19,89,133,12,32" hai1="83,106,37,82,99,8,11,65,47,118,1,81,110" hai2="91,2,61,112,4,93,49,59,56,119,13,97,20" hai3="67,30,43,125,129,78,69,21,44,80,92,87,41"/><U52/><E118/><V98/><F112/><W114/><G114/><T102/><D109/><U121/><E121/><V66/><F119/><W7/><G125/><T79/><D133/><U111/><E65/><V63/><F2/><W10/><G129/><T117/><D46/><U31/><E31/><V84/><F49/><W103/><G69/><T96/><D79/><U48/><E37/><V53/><REACH who="2" step="1"/><F20/><REACH who="2" ten="224,237,227,302" step="2"/><W120/><G21/><T33/><D28/><U104/><E1/><V54/><F54/><W85/><G30/><T64/><D64/><U134/><E134/><V58/><F58/><W38/><G67/><T71/><D71/><U115/><E115/><V27/><F27/><W22/><G22/><T36/><D36/><U45/><E45/><V23/><F23/><W14/><G120/><T86/><D117/><U105/><REACH who="1" step="1"/><E99/><REACH who="1" ten="224,227,227,302" step="2"/><V107/><F107/><W126/><G44/><T3/><D3/><U74/><E74/><V57/><F57/><W77/><G38/><T130/><D116/><U73/><E73/><V123/><F123/><W18/><G126/><T113/><D75/><U88/><E88/><V17/><F17/><W135/><G18/><T95/><D113/><U55/><E55/><V42/><F42/><W132/><G132/><T24/><D130/><U76/><E76/><V50/><F50/><W122/><G122/><T0/><D0/><U25/><E25/><V40/><F40/><N who="3" m="15435" /><G135/><T51/><D51/><U68/><E68/><V60/><F60/><W5/><G78/><T39/><D39/><U124/><E124/><V108/><F108/><AGARI ba="0,2" hai="8,11,47,48,52,81,82,83,104,105,106,108,110,111" machi="108" ten="50,12000,1" yaku="1,1,14,1,10,1,54,1,53,0" doraHai="15" doraHaiUra="26" who="1" fromWho="2" sc="224,0,227,140,227,-120,302,0" /><INIT seed="1,1,0,5,5,114" ten="224,367,107,302" oya="1" hai0="59,101,18,117,88,14,110,92,79,2,121,61,64" hai1="108,54,46,50,55,7,38,107,90,87,56,0,132" hai2="109,74,99,1,20,119,32,102,44,122,72,40,5" hai3="41,128,83,48,10,4,29,69,130,15,24,67,34"/><U17/><E132/><V26/><F122/><W60/><REACH who="3" step="1"/><G83/><REACH who="3" ten="224,367,107,292" step="2"/><T30/><D121/><U13/><E108/><V31/><F109/><W124/><G124/><T43/><D110/><U86/><E107/><V47/><F119/><W81/><G81/><T51/><D117/><U11/><E38/><V82/><F82/><W25/><G25/><T127/><D127/><U45/><E45/><AGARI ba="1,1" hai="4,10,15,24,29,34,41,45,48,60,67,69,128,130" machi="45" ten="40,2600,0" yaku="21,2,53,0" doraHai="114" doraHaiUra="68" who="3" fromWho="1" sc="224,0,367,-29,107,0,292,39" /><INIT seed="2,0,0,1,3,107" ten="224,338,107,331" oya="2" hai0="96,111,39,134,89,122,44,43,90,83,99,62,32" hai1="74,5,30,116,109,51,123,80,119,37,50,94,4" hai2="21,9,12,64,3,31,38,98,93,28,130,113,68" hai3="88,112,104,132,16,114,85,23,29,15,25,7,103"/><V41/><F113/><N who="3" m="43627" /><G132/><T87/><D122/><U57/><E123/><V105/><F105/><W81/><G104/><T2/><D111/><U84/><E37/><V59/><F68/><W73/><G103/><T46/><D134/><U82/><E109/><V17/><F130/><W14/><G7/><T8/><D32/><U53/><E30/><V35/><F35/><N who="3" m="20911" /><G73/><T125/><D125/><U1/><E1/><V49/><F38/><W97/><G97/><T13/><D2/><U86/><E94/><V79/><F79/><W47/><G47/><T34/><D34/><U75/><E57/><V100/><F3/><W10/><G10/><T117/><D117/><U55/><AGARI ba="0,0" hai="4,5,50,51,53,55,74,75,80,82,84,86,116,119" machi="55" ten="25,8000,1" yaku="0,1,22,2,52,2" doraHai="107" who="1" fromWho="1" sc="224,-20,338,80,107,-40,331,-20" /><INIT seed="3,0,0,0,2,118" ten="204,418,67,311" oya="3" hai0="3,88,27,31,87,30,64,7,37,73,129,94,69" hai1="79,14,11,2,24,104,49,85,84,51,114,72,111" hai2="108,125,77,21,39,106,135,120,23,71,134,81,5" hai3="0,40,19,18,13,121,50,117,56,43,55,35,115"/><W25/><G117/><T83/><D129/><U70/><E111/><V44/><F71/><W28/><G115/><T92/><D37/><U42/><E104/><V100/><F108/><W116/><G116/><T93/><D73/><U78/><E70/><V63/><F5/><W82/><G0/><T12/><D3/><U15/><E24/><V126/><F63/><W113/><G113/><T48/><D48/><U10/><E2/><V75/><F23/><W128/><G128/><T52/><D52/><U6/><E72/><V60/><F60/><W9/><G121/><T16/><D69/><U107/><E107/><V41/><F21/><W67/><G67/><T34/><D31/><U53/><E42/><V133/><REACH who="2" step="1"/><F120/><REACH who="2" ten="204,418,57,311" step="2"/><W20/><REACH who="3" step="1"/><G82/><REACH who="3" ten="204,418,57,301" step="2"/><T26/><D7/><N who="1" m="3423" /><E114/><V32/><F32/><W99/><G99/><AGARI ba="0,2" hai="39,41,44,75,77,81,99,100,106,125,126,133,134,135" machi="99" ten="50,8000,1" yaku="1,1,20,1,23,2,53,1" doraHai="118" doraHaiUra="68" who="2" fromWho="3" sc="204,0,418,0,57,100,301,-80" owari="204,-19.6,418,51.8,157,-34.3,221,2.1" /></mjloggm>