<mjloggm ver="2.3"><GO type="225" lobby="0"/><UN n0="%E6%81%A5%E6%99%92%E3%81%97" n1="%E3%81%8B%E3%82%8F%E3%81%A1%E3%82%83%E3%82%93%35%38" n2="%E3%81%B5%E3%81%98%E3%81%8B%E3%81%A4" n3="%E3%82%B3%E3%83%90%E3%83%AC%E3%82%A4" dan="16,17,16,16" rate="2121.21,2202.37,2104.16,2074.18" sx="M,M,M,M"/><TAIKYOKU oya="0"/><INIT seed="0,0,0,3,4,2" ten="250,250,250,250" oya="0" hai0="5,15,49,40,113,116,77,61,109,111,94,6,56" hai1="122,59,135,134,30,37,32,118,20,86,105,84,18" hai2="7,29,35,128,64,102,70,3,60,41,114,106,100" hai3="91,13,24,117,62,101,39,11,48,89,127,38,63"/><T69/><D113/><U99/><E37/><V126/><F114/><W125/><G117/><T95/><D116/><U79/><E118/><V46/><F126/><N who="3" m="48139" /><G101/><T34/><D34/><U129/><E122/><V54/><F54/><W82/><G48/><T98/><D77/><U72/><E129/><V52/><F128/><W17/><G24/><T123/><D123/><U131/><E131/><V50/><F106/><W51/><G51/><T88/><D69/><U92/><E105/><V53/><F53/><W31/><G31/><T73/><D73/><U8/><E8/><V55/><F55/><W47/><G47/><N who="0" m="25831" /><D15/><N who="1" m="9311" /><E59/><V110/><F110/><N who="0" m="41994" /><D95/><U119/><E119/><V0/><F0/><W80/><G39/><T57/><D57/><U108/><E108/><V115/><F115/><W1/><G38/><T68/><D68/><U67/><E79/><V74/><F74/><W93/><G1/><T19/><D19/><U21/><E32/><V96/><F41/><W27/><G27/><T4/><D56/><U14/><E72/><V112/><F112/><W22/><G93/><T75/><D75/><U103/><E30/><V23/><F35/><W25/><G80/><T28/><D28/><U65/><E21/><V45/><F23/><W76/><G76/><T132/><D61/><N who="3" m="23049" /><G82/><T83/><D83/><U16/><E14/><V97/><F29/><W33/><G33/><T87/><D132/><N who="1" m="50731" /><E16/><V133/><F133/><W42/><G25/><T85/><AGARI ba="0,0" hai="4,5,6,85,87,88,94,98" m="41994,25831" machi="85" ten="40,18000,2" yaku="14,1,10,1,52,3,54,1" doraHai="2" who="0" fromWho="0" sc="250,180,250,-60,250,-60,250,-60" /><INIT seed="0,1,0,2,4,78" ten="430,190,190,190" oya="0" hai0="116,107,49,110,93,57,127,5,59,22,26,68,75" hai1="45,0,29,123,32,132,76,69,11,88,102,115,21" hai2="108,134,28,121,31,92,42,37,63,120,25,67,13" hai3="46,86,113,105,54,71,44,126,2,38,124,133,83"/><T109/><D116/><U91/><E123/><V85/><F108/><N who="0" m="41578" /><D107/><U80/><E69/><V48/><F134/><W58/><G105/><T90/><D68/><U122/><E32/><V60/><F37/><W1/><G71/><T62/><D5/><U7/><E122/><V65/><F13/><W94/><G133/><T50/><D75/><U12/><E132/><V3/><F3/><W30/><G30/><T55/><D59/><U35/><E115/><V40/><F92/><W15/><G113/><T9/><D9/><U34/><E102/><V18/><F85/><W97/><G2/><T51/><D51/><U117/><E117/><V4/><F48/><W56/><G1/><T103/><D103/><U129/><E129/><V95/><F95/><W114/><G58/><T131/><D127/><N who="3" m="48681" /><G38/><T10/><D10/><U128/><E128/><V16/><REACH who="2" step="1"/><F4/><REACH who="2" ten="430,190,180,190" step="2"/><W61/><G114/><T33/><D131/><U101/><E0/><V112/><F112/><W17/><G94/><T23/><D50/><U77/><E7/><V81/><F81/><W119/><G119/><T74/><D49/><U135/><E80/><V73/><F73/><W53/><G97/><T82/><D74/><U130/><E135/><V24/><AGARI ba="1,1" hai="16,18,24,25,28,31,40,42,60,63,65,67,120,121" machi="24" ten="25,8000,1" yaku="1,1,0,1,22,2,54,1,53,0" doraHai="78" doraHaiUra="19" who="2" fromWho="2" sc="430,-41,190,-21,180,93,190,-21" /><INIT seed="1,0,0,1,5,60" ten="389,169,273,169" oya="1" hai0="37,74,134,50,109,46,128,44,59,97,39,110,116" hai1="28,89,126,27,3,96,65,26,13,53,132,84,32" hai2="8,43,81,77,49,76,29,6,121,58,69,52,113" hai3="21,70,68,35,119,20,90,133,24,86,47,41,107"/><U95/><E126/><V104/><F121/><W23/><G107/><T80/><D116/><U114/><E132/><V16/><F113/><W63/><G133/><T127/><D134/><U118/><E118/><V9/><F104/><W48/><G119/><T12/><D127/><U87/><E3/><V42/><F29/><W123/><G123/><T124/><D124/><U99/><E114/><V103/><F103/><W117/><G117/><T73/><D12/><U66/><E27/><V120/><F69/><W17/><G35/><T125/><D59/><U64/><E53/><V85/><F120/><W30/><G63/><T78/><D125/><U25/><E25/><V33/><F33/><W88/><G90/><T91/><D128/><U15/><REACH who="1" step="1"/><E87/><REACH who="1" ten="389,159,273,169" step="2"/><V11/><F76/><W100/><G30/><T106/><D78/><U94/><E94/><V22/><F6/><W130/><G130/><T61/><D106/><U98/><AGARI ba="0,1" hai="13,15,26,28,32,64,65,66,84,89,95,96,98,99" machi="98" ten="30,12000,1" yaku="1,1,0,1,52,3,53,0" doraHai="60" doraHaiUra="0" who="1" fromWho="1" sc="389,-40,159,130,273,-40,169,-40" /><INIT seed="1,1,0,5,5,100" ten="349,289,233,129" oya="1" hai0="39,90,105,95,89,107,78,44,41,115,109,96,20" hai1="101,13,27,32,114,65,35,49,8,108,15,40,48" hai2="80,92,21,25,99,11,82,112,103,60,131,61,88" hai3="53,36,37,102,87,12,43,84,98,94,1,132,26"/><U118/><E114/><V76/><F112/><W81/><G1/><T75/><D115/><U55/><E118/><V125/><F125/><W50/><G132/><T69/><D69/><U33/><E65/><V29/><F131/><W45/><G87/><T64/><D109/><U31/><E108/><V122/><F122/><W79/><G26/><T22/><D64/><U126/><E126/><V2/><F2/><W135/><G135/><T18/><D20/><U47/><E101/><V74/><F82/><W116/><G116/><T56/><D56/><U91/><E91/><V85/><REACH who="2" step="1"/><F11/><REACH who="2" ten="349,289,223,129" step="2"/><W104/><G94/><T124/><D124/><U73/><E73/><V130/><F130/><W38/><REACH who="3" step="1"/><G12/><REACH who="3" ten="349,289,223,119" step="2"/><T121/><D95/><U54/><E15/><V67/><F67/><W106/><G106/><T129/><D105/><U71/><E71/><V30/><F30/><W24/><G24/><T6/><D129/><U111/><E111/><V93/><AGARI ba="1,2" hai="21,25,29,60,61,74,76,80,85,88,92,93,99,103" machi="93" ten="20,5200,0" yaku="1,1,0,1,7,1,54,1,53,0" doraHai="100" doraHaiUra="0" who="2" fromWho="2" sc="349,-14,289,-27,223,75,119,-14" /><INIT seed="2,0,0,1,5,20" ten="335,262,298,105" oya="2" hai0="24,47,28,2,25,133,21,110,101,59,4,117,94" hai1="128,65,87,40,93,132,19,131,70,7,63,98,92" hai2="119,33,127,96,34,51,112,23,43,77,30,124,85" hai3="125,36,61,71,54,83,86,62,130,129,12,29,76"/><V82/><F119/><W84/><G36/><T115/><D115/><U116/><E116/><V97/><F112/><W100/><G100/><T78/><D117/><U81/><E132/><V26/><F97/><W73/><G29/><T122/><D122/><U38/><E7/><V95/><F43/><W103/><G103/><T108/><D133/><U114/><E114/><V0/><F0/><W134/><G134/><T111/><D78/><U50/><E38/><V106/><F106/><W121/><G121/><T99/><D59/><U64/><E64/><V16/><F51/><W118/><G118/><T69/><D69/><U107/><E107/><V105/><F105/><W113/><G113/><T67/><D67/><U53/><E19/><V79/><F79/><W11/><G71/><T66/><D66/><U56/><E40/><V18/><F18/><W75/><G84/><T9/><REACH who="0" step="1"/><D25/><REACH who="0" ten="325,262,298,105" step="2"/><U15/><E131/><V46/><F46/><AGARI ba="0,1" hai="2,4,9,21,24,28,46,47,94,99,101,108,110,111" machi="46" ten="40,8000,1" yaku="1,1,2,1,14,1,52,1,53,1" doraHai="20" doraHaiUra="5" who="0" fromWho="2" sc="325,90,262,0,298,-80,105,0" /><INIT seed="3,0,0,4,3,56" ten="415,262,218,105" oya="3" hai0="19,26,78,12,37,25,113,115,82,66,127,46,17" hai1="104,133,128,87,120,58,53,75,108,60,90,68,96" hai2="117,15,105,40,131,88,92,91,4,80,86,121,122" hai3="29,101,95,16,54,24,52,6,31,33,94,7,50"/><W36/><G36/><T8/><D127/><U102/><E120/><N who="2" m="46187" /><F15/><W125/><G125/><T20/><D66/><U64/><E75/><V28/><F4/><N who="3" m="1579" /><G33/><T85/><D37/><U34/><E34/><V13/><F28/><N who="3" m="10827" /><G101/><T116/><D116/><U47/><E128/><V22/><F117/><W114/><G114/><N who="0" m="43531" /><D46/><U45/><E133/><V109/><F131/><W110/><G110/><T59/><D59/><U35/><E35/><V97/><F109/><W106/><G106/><T134/><D134/><U83/><E108/><V18/><F105/><W77/><G77/><T93/><D93/><N who="3" m="35337" /><G50/><AGARI ba="0,0" hai="45,47,50,53,58,60,64,68,83,87,90,96,102,104" machi="50" ten="30,2000,0" yaku="7,1,52,1" doraHai="56" who="1" fromWho="3" sc="415,0,262,20,218,0,105,-20" owari="415,51.5,282,8.2,218,-18.2,85,-41.5" /></mjloggm>