<mjloggm ver="2.3"><GO type="225" lobby="0"/><UN n0="%E5%8F%AF%E5%85%90%E9%82%A3%E7%94%B1%E5%A4%9A" n1="%E3%83%B4%E3%82%A3%E3%83%AF%E3%82%B3%E3%82%B0%E3%83%8B" n2="%4B%2E%32%2E%4B%2E" n3="%72%69%6F%75%63%68%61%6E" dan="16,16,17,17" rate="2224.57,2148.15,2182.76,2239.00" sx="F,M,M,M"/><TAIKYOKU oya="0"/><INIT seed="0,0,0,5,2,96" ten="250,250,250,250" oya="0" hai0="50,37,122,92,120,52,128,48,63,46,64,91,60" hai1="86,108,100,76,36,33,85,19,131,134,123,4,69" hai2="67,43,70,73,20,133,35,27,51,79,127,1,23" hai3="5,116,101,24,26,113,94,58,34,132,98,13,82"/><T115/><D115/><U47/><E33/><V62/><F1/><W78/><G132/><T16/><D128/><U11/><E69/><V31/><F133/><W53/><G116/><T105/><D105/><U57/><E123/><V14/><F127/><W65/><G113/><T87/><D37/><U42/><E134/><V59/><F73/><W10/><G65/><T129/><D129/><U71/><E71/><V89/><F79/><W125/><G34/><T28/><D28/><U84/><E108/><V17/><F89/><W29/><G125/><T22/><D50/><U99/><E19/><V77/><F77/><W111/><G111/><T38/><D38/><U21/><E21/><V54/><F43/><W66/><G66/><T135/><D135/><U93/><E57/><V9/><AGARI ba="0,0" hai="9,14,17,20,23,27,31,35,51,54,59,62,67,70" machi="9" ten="20,1500,0" yaku="0,1,7,1" doraHai="96" who="2" fromWho="2" sc="250,-7,250,-4,250,15,250,-4" /><INIT seed="1,0,0,4,2,97" ten="243,246,265,246" oya="1" hai0="28,10,53,39,77,25,6,73,72,107,22,38,18" hai1="126,64,87,34,131,55,2,52,59,79,68,71,105" hai2="133,90,85,7,9,95,76,101,84,29,108,35,120" hai3="63,83,125,129,44,119,58,56,117,102,42,8,61"/><U47/><E2/><V98/><F120/><W123/><G123/><T130/><D130/><U134/><E34/><V109/><F133/><W103/><G129/><T60/><D107/><U116/><E131/><V115/><F115/><W121/><G121/><T104/><D104/><U16/><E134/><V118/><F118/><N who="3" m="45067" /><G125/><T33/><D53/><U62/><E116/><V14/><F76/><W75/><G8/><T132/><D60/><N who="3" m="23113" /><G75/><T13/><D132/><U113/><E105/><V96/><F96/><W15/><G15/><T20/><D20/><U112/><E126/><V70/><F70/><W41/><G83/><T69/><D69/><U49/><E71/><V19/><F7/><W65/><G65/><T36/><REACH who="0" step="1"/><D77/><REACH who="0" ten="233,246,265,246" step="2"/><U122/><E122/><V92/><F108/><W135/><G135/><T111/><D111/><U66/><E68/><V67/><F109/><W82/><G82/><T26/><AGARI ba="0,1" hai="6,10,13,18,22,25,26,28,33,36,38,39,72,73" machi="26" ten="40,2700,0" yaku="1,1,0,1,53,0" doraHai="97" doraHaiUra="74" who="0" fromWho="0" sc="233,37,246,-13,265,-7,246,-7" /><INIT seed="2,0,0,2,4,66" ten="270,233,258,239" oya="2" hai0="41,122,42,27,82,65,105,125,67,61,8,73,88" hai1="72,48,77,7,85,131,30,130,34,18,87,28,92" hai2="70,111,101,126,123,44,135,79,20,97,93,94,114" hai3="91,106,49,104,58,68,96,127,36,90,12,29,63"/><V17/><F114/><W24/><G36/><T115/><D115/><U99/><E7/><V60/><F123/><W32/><G127/><T108/><D122/><U107/><E107/><V40/><F126/><W83/><G12/><T19/><D105/><U21/><E72/><V45/><F135/><W62/><G83/><T89/><D125/><U84/><E77/><V52/><F111/><W102/><G106/><T54/><D108/><U119/><E48/><V78/><F93/><W59/><G49/><T11/><D73/><U22/><E34/><V118/><F118/><W5/><G5/><T71/><D67/><U43/><E43/><V1/><F1/><W109/><G109/><T80/><D54/><U129/><E119/><V132/><F132/><W2/><G2/><T117/><D117/><U38/><E38/><V10/><F10/><W116/><G116/><T76/><D8/><U6/><E6/><V113/><F113/><W81/><G81/><T74/><D89/><N who="3" m="33801" /><G62/><T26/><D26/><N who="1" m="14647" /><E22/><V13/><F70/><W47/><G47/><N who="2" m="17993" /><F40/><W50/><G50/><T120/><D120/><U55/><E55/><V112/><F112/><W56/><G56/><AGARI ba="0,0" hai="13,17,20,52,56,60,78,79,94,97,101" m="17993" machi="56" ten="30,2900,0" yaku="8,1,54,1" doraHai="66" who="2" fromWho="3" sc="270,0,233,0,258,29,239,-29" /><INIT seed="2,1,0,5,2,63" ten="270,233,287,210" oya="2" hai0="17,52,135,102,24,54,42,18,79,134,58,83,31" hai1="115,49,129,0,95,2,65,10,41,47,97,34,62" hai2="127,15,121,53,105,82,133,106,124,118,40,76,43" hai3="32,39,125,3,85,81,7,27,93,123,55,104,44"/><V110/><F118/><W91/><G123/><T66/><D42/><N who="2" m="15914" /><F121/><W11/><G125/><N who="2" m="48201" /><F133/><N who="0" m="50698" /><D102/><U92/><E34/><V113/><F113/><W26/><G104/><T84/><D66/><U89/><E115/><V98/><F110/><W80/><G39/><T119/><D119/><U16/><E129/><V100/><F15/><W131/><G131/><T107/><D107/><U114/><E114/><V21/><F21/><W8/><G8/><T14/><D14/><N who="1" m="7255" /><E0/><V12/><F12/><N who="3" m="5247" /><G32/><N who="0" m="20583" /><D54/><U46/><E2/><V4/><F53/><W77/><G3/><T86/><D84/><N who="1" m="52263" /><E49/><AGARI ba="1,0" hai="17,18,49,52,58,79,83,86" m="20583,50698" machi="49" ten="30,2000,0" yaku="20,1,54,1" doraHai="63" who="0" fromWho="1" sc="270,23,233,-23,287,0,210,0" /><INIT seed="3,0,0,0,3,95" ten="293,210,287,210" oya="3" hai0="38,55,43,24,47,126,11,63,21,50,73,67,134" hai1="10,20,51,26,71,124,100,130,23,46,113,104,122" hai2="3,128,97,0,5,31,105,19,76,52,116,39,70" hai3="54,22,6,88,64,34,66,7,14,59,86,115,80"/><W72/><G115/><T107/><D107/><U99/><E122/><V74/><F116/><W93/><G34/><T49/><D73/><U35/><E113/><V89/><F5/><N who="3" m="1547" /><G72/><T129/><D129/><U41/><E130/><V12/><F128/><W32/><G32/><T91/><D134/><U28/><E124/><V112/><F39/><W27/><G14/><T8/><D126/><U62/><E10/><V58/><F70/><W45/><G45/><N who="0" m="28111" /><D38/><U102/><E100/><V61/><F31/><N who="3" m="17911" /><G80/><T111/><D111/><U69/><E69/><V16/><F19/><W108/><G108/><T65/><D91/><U56/><REACH who="1" step="1"/><E71/><REACH who="1" ten="293,200,287,210" step="2"/><V13/><F112/><W36/><G36/><T132/><D8/><U121/><E121/><V109/><F109/><W40/><G40/><T110/><D11/><U131/><E131/><V75/><F0/><W60/><AGARI ba="0,1" hai="54,59,60,64,66,86,88,93" m="17911,1547" machi="60" ten="30,3000,0" yaku="8,1,54,1" doraHai="95" who="3" fromWho="3" sc="293,-10,200,-10,287,-10,210,40" /><INIT seed="3,1,0,2,2,62" ten="283,190,277,250" oya="3" hai0="11,79,118,39,67,10,68,46,65,61,0,6,33" hai1="64,74,107,134,59,114,2,112,55,76,20,66,111" hai2="12,126,104,49,5,92,28,89,9,56,37,45,75" hai3="73,124,32,86,7,42,36,14,84,130,116,105,81"/><W47/><G116/><T27/><D118/><U3/><E107/><V23/><F104/><W90/><G32/><T133/><D133/><U123/><E123/><V4/><F75/><W16/><G105/><T128/><D128/><U127/><E134/><V63/><F37/><W48/><G130/><T69/><D79/><U122/><E122/><V88/><F126/><W29/><G124/><T15/><D65/><N who="1" m="25195" /><E127/><V102/><F4/><W115/><G115/><N who="1" m="44074" /><E76/><V38/><F38/><W109/><G109/><T129/><D129/><U87/><E87/><V40/><F56/><W99/><G36/><T1/><D68/><U31/><E74/><V91/><F63/><W93/><G29/><N who="0" m="19647" /><D15/><U22/><E31/><V34/><F34/><W18/><G73/><T78/><D78/><U95/><E95/><V54/><F40/><W50/><G50/><T51/><D51/><U53/><E59/><V82/><F82/><W94/><G7/><N who="0" m="1383" /><D39/><U110/><E2/><V13/><F13/><W52/><G42/><T72/><D72/><U106/><E3/><V83/><F83/><N who="3" m="49439" /><G99/><T108/><D46/><U113/><N who="1" m="44082" /><U25/><DORA hai="60" /><E25/><N who="2" m="16447" /><F102/><W35/><G35/><T77/><D77/><U57/><E106/><V125/><F125/><W43/><G43/><T97/><D97/><AGARI ba="1,0" hai="5,9,12,45,49,54,88,89,91,92,97" m="16447" machi="97" ten="30,2000,0" yaku="8,1,54,1" doraHai="62,60" who="2" fromWho="0" sc="283,-23,190,0,277,23,250,0" owari="260,6.0,190,-31.0,300,40.0,250,-15.0" /></mjloggm>