<mjloggm ver="2.3"><GO type="225" lobby="0"/><UN n0="%E3%81%BE%E3%81%A8%E3%81%9F" n1="%33%74%72%65%65" n2="%E9%AC%BC%E7%95%9C%E7%B1%B3%E5%85%B5" n3="%E4%BA%BA%E9%96%93%E3%83%81%E3%83%A3%E3%83%BC%E3%83%8F%E3%83%B3" dan="16,16,17,16" rate="2133.67,2170.02,2142.60,2077.93" sx="M,F,M,M"/><TAIKYOKU oya="0"/><INIT seed="0,0,0,3,3,27" ten="250,250,250,250" oya="0" hai0="68,118,134,119,125,23,14,26,38,51,4,45,30" hai1="42,78,33,76,86,47,114,57,110,80,71,84,104" hai2="61,130,19,113,24,53,108,117,8,55,22,132,64" hai3="77,79,85,13,88,91,6,90,63,3,82,17,122"/><T131/><D38/><U95/><E71/><V21/><F113/><W58/><G122/><T59/><D68/><U116/><E116/><V127/><F117/><W133/><G133/><T109/><D134/><U66/><E104/><V36/><F132/><W31/><G3/><T99/><D131/><U40/><E110/><V111/><F36/><W94/><G6/><T124/><D59/><U105/><E105/><V34/><F34/><W18/><G18/><N who="0" m="10711" /><D99/><U121/><E121/><V102/><F102/><W7/><G7/><T28/><D26/><U25/><E114/><V41/><F41/><W62/><G62/><T32/><D32/><U98/><E47/><V12/><F130/><W129/><G31/><N who="0" m="11819" /><D4/><U92/><E25/><V37/><F37/><W46/><G46/><T60/><D60/><N who="1" m="38159" /><E98/><V69/><F111/><W112/><G129/><T126/><D109/><U128/><E33/><V81/><F108/><W103/><G112/><T2/><D2/><U56/><E56/><V39/><F39/><W120/><G120/><T106/><D106/><U11/><E128/><V100/><F24/><W87/><G103/><T50/><D50/><U97/><E97/><V74/><F100/><W43/><G43/><AGARI ba="0,0" hai="43,45,51,118,119,124,125,126" m="11819,10711" machi="43" ten="30,11600,0" yaku="18,1,52,3" doraHai="27" who="0" fromWho="3" sc="250,116,250,0,250,0,250,-116" /><INIT seed="0,1,0,4,4,19" ten="366,250,250,134" oya="0" hai0="130,109,46,7,126,77,104,0,72,29,94,113,10" hai1="32,76,67,22,115,122,103,9,127,53,97,40,54" hai2="21,117,41,30,100,45,71,80,99,27,26,23,124" hai3="88,68,87,91,107,75,33,50,14,16,111,73,90"/><T92/><D113/><U35/><E122/><V8/><F71/><W43/><G33/><T49/><D104/><U57/><E115/><V59/><F124/><W61/><G107/><T51/><D77/><U121/><E121/><V4/><F117/><W134/><G111/><T123/><D72/><U28/><E67/><V24/><F80/><W96/><G134/><T74/><D74/><U39/><E76/><V102/><F59/><W52/><G96/><T17/><D29/><U34/><E9/><V132/><F132/><W108/><G108/><T133/><D133/><U119/><E127/><V31/><F27/><W5/><G5/><T64/><D64/><U118/><E53/><V25/><F25/><W112/><G112/><T85/><D109/><U44/><E22/><V20/><F20/><N who="3" m="11287" /><G68/><T79/><D123/><U3/><E28/><V128/><F99/><W116/><G75/><T37/><D126/><U135/><E3/><V15/><F128/><W83/><G73/><T120/><D0/><U101/><E135/><V42/><F42/><W48/><G116/><T114/><D130/><U13/><E97/><V62/><F62/><W47/><G61/><T56/><D114/><U86/><E118/><V78/><F78/><W93/><G93/><T106/><D92/><U95/><E119/><V60/><F60/><W6/><G6/><T84/><D7/><U81/><E95/><V131/><F131/><W105/><G105/><T18/><D106/><U63/><E35/><V12/><REACH who="2" step="1"/><F15/><REACH who="2" ten="366,250,240,134" step="2"/><W125/><G125/><T129/><D120/><U11/><E13/><V55/><F55/><RYUUKYOKU ba="1,1" sc="366,-15,250,-15,240,15,134,15" hai2="4,8,12,21,23,24,26,30,31,41,45,100,102" hai3="43,47,48,50,52,83,87,88,90,91" /><INIT seed="1,2,1,3,2,92" ten="351,235,255,149" oya="1" hai0="95,122,35,125,104,85,32,117,134,16,7,33,114" hai1="37,46,21,14,31,12,22,112,130,9,107,67,0" hai2="54,75,108,84,89,11,105,73,113,10,26,110,57" hai3="131,77,101,78,115,106,8,6,65,119,17,41,51"/><U80/><E112/><V47/><F105/><W87/><G115/><T111/><D114/><U61/><E130/><V27/><F47/><W81/><G131/><T71/><D117/><U69/><E107/><V15/><F11/><W79/><G119/><T25/><D71/><U68/><E68/><V50/><F113/><W55/><G65/><T38/><D104/><U76/><E0/><V70/><F70/><W2/><G41/><T1/><D38/><U129/><E129/><V74/><F26/><W20/><G101/><T118/><D118/><U103/><E103/><V116/><F27/><W94/><G94/><T52/><D35/><U28/><E12/><V44/><F57/><W56/><REACH who="3" step="1"/><G106/><REACH who="3" ten="351,235,255,139" step="2"/><T62/><D95/><U91/><E67/><V123/><F116/><W83/><G83/><T63/><D122/><U18/><E80/><N who="2" m="49287" /><F123/><W49/><G49/><T97/><D63/><U29/><E61/><V86/><F110/><W34/><G34/><T64/><D62/><U126/><E37/><V23/><F108/><W53/><G53/><T58/><D52/><U19/><E69/><V42/><F54/><W30/><G30/><T109/><D33/><U39/><E29/><V24/><F50/><W102/><G102/><T99/><D32/><U121/><E31/><V127/><F42/><W133/><G133/><T90/><D111/><U59/><E121/><V48/><F48/><W120/><G120/><T13/><D109/><U100/><E100/><V60/><F60/><W72/><G72/><T5/><D134/><U4/><E28/><N who="2" m="17439" /><F75/><W135/><G135/><T124/><D1/><RYUUKYOKU ba="2,2" sc="351,-10,235,-10,255,-10,139,30" hai3="2,6,8,17,20,51,55,56,77,78,79,81,87" /><INIT seed="2,3,2,2,5,80" ten="341,225,245,169" oya="2" hai0="19,94,84,26,118,6,24,51,108,62,98,21,17" hai1="25,111,2,95,125,52,87,36,115,72,117,9,100" hai2="30,83,50,76,93,124,107,18,15,11,99,44,13" hai3="88,64,90,20,133,131,110,112,40,41,78,54,134"/><V114/><F114/><W16/><G112/><T81/><D118/><U56/><E72/><V5/><F124/><W10/><G110/><T45/><D6/><U127/><E117/><V46/><F107/><W57/><G131/><T135/><D135/><N who="3" m="51721" /><G64/><T27/><D62/><N who="1" m="36103" /><E36/><V47/><F30/><W122/><G78/><N who="0" m="46135" /><D21/><U53/><E111/><V129/><F129/><W32/><G32/><T43/><D108/><U71/><E71/><V75/><F15/><N who="3" m="9247" /><G122/><T14/><D14/><U121/><E121/><V66/><F66/><W82/><G10/><T55/><D43/><N who="3" m="16457" /><G82/><T119/><D119/><U7/><E115/><V130/><F130/><W65/><G65/><T74/><D74/><U68/><E127/><V3/><F3/><W120/><G120/><T96/><D96/><U77/><E9/><V33/><F33/><W60/><AGARI ba="3,2" hai="54,57,60,88,90" m="16457,9247,51721" machi="60" ten="30,4000,0" yaku="20,1,54,2" doraHai="80" who="3" fromWho="3" sc="341,-13,225,-13,245,-23,169,69" /><INIT seed="3,0,0,2,3,112" ten="328,212,222,238" oya="3" hai0="40,24,46,18,71,103,65,124,115,51,57,19,85" hai1="34,8,9,33,80,43,25,107,119,39,60,91,61" hai2="106,108,98,0,127,128,105,89,133,84,83,49,54" hai3="63,69,64,1,67,78,52,99,82,95,114,16,96"/><W62/><G114/><T100/><D71/><U27/><E107/><V26/><F0/><W28/><G1/><T55/><D115/><U73/><E39/><V109/><F127/><W102/><G28/><T113/><D113/><U13/><E43/><V132/><F26/><N who="1" m="9737" /><E73/><V4/><F4/><W31/><G31/><T135/><D65/><N who="3" m="25161" /><G69/><T29/><D85/><N who="1" m="50599" /><E34/><V87/><F128/><W104/><G104/><N who="2" m="40041" /><F87/><N who="3" m="48599" /><G99/><T12/><D103/><U97/><E33/><V110/><F98/><W70/><G70/><T93/><D100/><U10/><E119/><V21/><F21/><W125/><G125/><T22/><D124/><U72/><E72/><V122/><F122/><W68/><G68/><T41/><D93/><U32/><E32/><V17/><F17/><W76/><G76/><T56/><D18/><N who="1" m="8487" /><E97/><V92/><F83/><W117/><G117/><T47/><D40/><U111/><E111/><N who="2" m="28419" /><V129/><DORA hai="90" /><F129/><W77/><G77/><T42/><D41/><U53/><E53/><V15/><F15/><W130/><G130/><T7/><D12/><U45/><E45/><AGARI ba="0,0" hai="45,49,54,84,89,92,132,133" m="28419,40041" machi="45" ten="50,3200,0" yaku="14,1,52,1" doraHai="112,90" who="2" fromWho="1" sc="328,0,212,-32,222,32,238,0" owari="328,42.8,180,-32.0,254,5.4,238,-16.2" /></mjloggm>