<mjloggm ver="2.3"><GO type="225" lobby="0"/><UN n0="%E7%B4%94%E6%BD%94%E3%83%94%E3%83%A9%E3%83%8B%E3%82%A2" n1="%72%65%6E%6B%75%6E" n2="%E6%9D%B1%E9%A2%A8%E3%81%AE%E3%81%8D%E3%82%83%E3%81%B7%E3%81%95%E3%82%93" n3="%6D%61%74%69%67%75%73%61" dan="16,17,17,17" rate="2082.33,2218.38,2242.45,2212.31" sx="M,M,M,M"/><TAIKYOKU oya="0"/><INIT seed="0,0,0,4,4,66" ten="250,250,250,250" oya="0" hai0="23,121,87,115,114,119,51,126,27,57,124,40,61" hai1="38,79,122,34,125,132,103,25,20,5,94,36,45" hai2="29,102,104,123,96,16,105,1,28,135,95,6,93" hai3="31,90,56,53,112,64,11,26,133,65,32,43,63"/><T22/><D40/><U68/><E122/><V58/><F123/><W52/><G112/><T0/><D51/><U60/><E34/><V30/><F135/><W106/><G133/><T10/><D121/><U47/><E132/><V13/><F105/><W81/><G106/><T39/><D39/><U84/><E5/><V113/><F113/><N who="0" m="43018" /><D87/><U130/><E103/><V110/><F110/><W54/><G43/><T37/><D37/><U14/><E14/><V85/><F58/><W88/><G64/><T109/><D119/><U76/><E94/><V46/><F46/><W44/><G44/><T74/><D74/><U101/><E20/><V8/><REACH who="2" step="1"/><F85/><REACH who="2" ten="250,250,240,250" step="2"/><W100/><G100/><T89/><D109/><U33/><E84/><V134/><F134/><W78/><REACH who="3" step="1"/><G11/><AGARI ba="0,1" hai="1,6,8,11,13,16,28,29,30,93,95,96,102,104" machi="11" ten="40,2600,0" yaku="1,1,54,1,53,0" doraHai="66" doraHaiUra="42" who="2" fromWho="3" sc="250,0,250,0,240,36,250,-26" /><INIT seed="1,0,0,4,5,98" ten="250,250,276,224" oya="1" hai0="51,16,61,60,75,126,101,35,12,63,121,84,86" hai1="97,133,45,67,117,56,115,52,27,59,7,129,80" hai2="3,55,11,127,25,57,125,122,66,50,124,19,96" hai3="69,29,46,28,120,78,10,91,102,79,33,87,13"/><U104/><E115/><V43/><F122/><W1/><G69/><T81/><D121/><U15/><E104/><V130/><F130/><W36/><G120/><T94/><D35/><U34/><E117/><V123/><F123/><W92/><G1/><T17/><D126/><U99/><E129/><V114/><F114/><W85/><G33/><T62/><D75/><U68/><E133/><V77/><F77/><W73/><G73/><T111/><D111/><U54/><E68/><V103/><F66/><W82/><G36/><T134/><D134/><U71/><E71/><V41/><F25/><W106/><G106/><T128/><D128/><U14/><E34/><V21/><F21/><W49/><G102/><T76/><D60/><N who="1" m="38279" /><E27/><V5/><REACH who="2" step="1"/><F19/><REACH who="2" ten="250,250,266,224" step="2"/><N who="3" m="8631" /><G78/><T26/><D26/><U23/><E23/><V90/><F90/><W95/><G95/><AGARI ba="0,1" hai="3,5,11,41,43,50,55,57,95,96,103,124,125,127" machi="95" ten="40,5200,0" yaku="1,1,18,1,52,1,53,0" doraHai="98" doraHaiUra="74" who="2" fromWho="3" sc="250,0,250,0,266,62,224,-52" /><INIT seed="2,0,0,5,5,86" ten="250,250,328,172" oya="2" hai0="30,67,118,4,123,89,16,17,116,98,100,75,24" hai1="66,57,79,2,63,27,56,110,125,105,120,23,55" hai2="97,8,81,3,47,15,76,61,21,48,115,101,51" hai3="64,9,46,70,88,37,58,69,45,85,34,28,22"/><V93/><F115/><W25/><G34/><T113/><D113/><U39/><E39/><V129/><F129/><W73/><G73/><T127/><D75/><U20/><E105/><V50/><F3/><W94/><G37/><T38/><D38/><U18/><E2/><V78/><F21/><W122/><G122/><T80/><D123/><U132/><E110/><V13/><F61/><N who="3" m="37943" /><G69/><T109/><D109/><U52/><E120/><V53/><F15/><W6/><G70/><T72/><D67/><U14/><E125/><V133/><F133/><W102/><G102/><T108/><D4/><U117/><E132/><V83/><F78/><W95/><G6/><T12/><D127/><U91/><E117/><N who="0" m="45161" /><D12/><U1/><E79/><V60/><F60/><W44/><G9/><T131/><D131/><U99/><E57/><V126/><F126/><W119/><G119/><T40/><D40/><U54/><E1/><V5/><REACH who="2" step="1"/><F83/><AGARI ba="0,0" hai="22,25,28,44,45,46,83,85,88,94,95" m="37943" machi="83" ten="30,3900,0" yaku="8,1,52,1,54,1" doraHai="86" who="3" fromWho="2" sc="250,0,250,0,328,-39,172,39" /><INIT seed="3,0,0,4,4,74" ten="250,250,289,211" oya="3" hai0="106,89,62,17,103,44,33,14,134,26,3,24,78" hai1="0,35,43,66,64,36,30,120,87,84,4,47,38" hai2="80,105,16,34,20,86,2,129,77,23,75,28,124" hai3="88,118,90,19,130,21,18,67,73,119,68,15,107"/><W98/><G73/><T97/><D134/><U65/><E120/><V49/><F105/><W99/><G130/><T46/><D3/><U128/><E128/><V131/><F2/><W6/><G6/><T37/><D89/><U71/><E71/><V45/><F124/><W13/><G68/><T109/><D109/><U7/><E30/><V42/><F75/><W57/><G107/><T25/><D62/><U114/><E35/><V100/><F100/><W50/><G50/><T123/><D123/><U96/><E96/><V81/><F81/><W104/><G104/><T48/><D37/><U12/><E0/><V22/><REACH who="2" step="1"/><F16/><REACH who="2" ten="250,250,279,211" step="2"/><W76/><G76/><T53/><D78/><U9/><E114/><V10/><F10/><W63/><G119/><T95/><D106/><U93/><E7/><V39/><F39/><W110/><G118/><T125/><D125/><U29/><E29/><V108/><F108/><W132/><G110/><T11/><D33/><U61/><E36/><V41/><F41/><W102/><G132/><T83/><D83/><U117/><E117/><V115/><F115/><W127/><G127/><T58/><AGARI ba="0,1" hai="11,14,17,24,25,26,44,46,48,53,58,95,97,103" machi="58" ten="30,2000,0" yaku="0,1,8,1" doraHai="74" who="0" fromWho="0" sc="250,30,250,-5,279,-5,211,-10" /><INIT seed="4,0,0,0,1,17" ten="280,245,274,201" oya="0" hai0="116,44,104,20,19,95,128,3,81,93,29,61,50" hai1="34,22,7,105,68,37,132,120,111,100,77,48,73" hai2="90,125,8,78,107,82,87,133,134,126,54,97,27" hai3="121,74,84,89,112,103,102,67,59,23,38,36,57"/><T110/><D116/><U43/><E48/><V127/><F54/><W96/><G74/><T98/><D3/><U39/><E22/><V119/><F27/><W25/><G112/><T1/><D1/><U62/><E7/><V41/><F8/><W24/><G121/><T47/><D110/><U72/><E120/><V106/><F41/><W94/><G24/><N who="0" m="16519" /><D104/><N who="2" m="39978" /><F119/><W131/><G131/><T76/><D128/><U28/><E111/><V0/><F0/><W49/><G38/><N who="1" m="14346" /><E77/><V101/><F78/><W69/><G36/><T108/><D108/><U88/><E43/><V4/><F4/><W129/><G129/><T115/><D115/><U86/><E62/><V21/><F21/><W56/><G49/><T33/><D33/><U40/><E40/><V85/><F85/><W60/><REACH who="3" step="1"/><G84/><REACH who="3" ten="280,245,274,191" step="2"/><N who="0" m="48167" /><D61/><U122/><E86/><V92/><AGARI ba="0,1" hai="82,87,90,92,97,101,125,126,127,133,134" m="39978" machi="92" ten="40,5200,0" yaku="18,1,34,2" doraHai="17" who="2" fromWho="2" sc="280,-26,245,-13,274,62,191,-13" owari="254,5.4,232,-16.8,336,43.6,178,-32.2" /></mjloggm>