<mjloggm ver="2.3"><GO type="225" lobby="0"/><UN n0="%E5%91%A8%E6%9D%B1" n1="%E3%82%A2%E3%83%A1%E3%82%A2%E3%83%A9%E3%83%AC" n2="%E3%82%B2%E3%82%B9%E8%8C%82%E5%8B%9D" n3="%E5%B8%86%E7%AB%8B%E5%A4%8F%E8%A1%A3" dan="17,16,16,16" rate="2202.71,2058.25,2135.80,2146.02" sx="M,M,F,M"/><TAIKYOKU oya="0"/><INIT seed="0,0,0,1,0,67" ten="250,250,250,250" oya="0" hai0="135,73,57,50,113,61,46,77,28,95,83,20,43" hai1="90,59,52,12,99,96,103,58,89,6,68,0,56" hai2="16,107,88,76,80,130,127,29,109,126,18,40,27" hai3="122,34,4,19,92,47,91,8,129,49,38,66,112"/><T41/><D135/><U131/><E131/><V30/><F107/><W120/><G129/><T75/><D113/><U72/><E72/><V48/><F130/><W51/><G34/><T100/><D75/><U39/><E39/><V117/><F117/><W116/><G112/><T118/><D118/><U17/><E68/><V74/><F109/><W119/><G19/><T84/><D73/><U25/><E0/><V133/><F133/><W7/><G38/><T63/><D43/><U32/><E6/><V9/><F88/><N who="1" m="33897" /><E32/><V44/><F29/><W105/><G66/><T65/><D63/><N who="1" m="36231" /><E25/><V81/><F80/><W110/><G51/><T93/><REACH who="0" step="1"/><D100/><REACH who="0" ten="240,250,250,250" step="2"/><U37/><E37/><V14/><REACH who="2" step="1"/><F18/><REACH who="2" ten="240,250,240,250" step="2"/><W35/><G116/><T121/><D121/><U36/><E103/><V125/><F125/><W42/><G119/><T98/><D98/><N who="1" m="37419" /><E36/><V79/><F79/><W102/><G120/><T132/><D132/><U108/><E108/><V123/><F123/><W115/><G122/><T22/><D22/><AGARI ba="0,2" hai="12,17,22,58,59" m="37419,36231,33897" machi="22" ten="30,3900,0" yaku="8,1,54,2" doraHai="67" who="1" fromWho="0" sc="240,-39,250,59,240,0,250,0" /><AGARI ba="0,0" hai="9,14,16,22,27,30,40,44,48,74,76,81,126,127" machi="22" ten="40,2600,0" yaku="1,1,54,1,53,0" doraHai="67" doraHaiUra="86" who="2" fromWho="0" sc="201,-26,309,0,240,26,250,0" /><INIT seed="1,0,0,1,1,18" ten="175,309,266,250" oya="1" hai0="32,36,57,54,30,70,94,9,58,102,86,6,109" hai1="43,1,63,10,77,31,39,123,105,56,67,22,131" hai2="50,122,48,110,99,53,82,33,16,120,62,34,111" hai3="15,61,38,83,129,60,51,116,117,26,75,118,95"/><U42/><E123/><V12/><F99/><W46/><G38/><T13/><D70/><U132/><E105/><V27/><F62/><W124/><G129/><T45/><D109/><N who="2" m="41482" /><F82/><W107/><G107/><T114/><D114/><U100/><E132/><V85/><F85/><W5/><G95/><T76/><D32/><N who="2" m="12394" /><F27/><W44/><G124/><T19/><D30/><U128/><E100/><V7/><F7/><W89/><G26/><T126/><D126/><U90/><E77/><V80/><F80/><W11/><G46/><T49/><D36/><U74/><E90/><V106/><F106/><W64/><G64/><T112/><D112/><U29/><E74/><V28/><F28/><W98/><G75/><T93/><D6/><U25/><E31/><V8/><F50/><W59/><G98/><T52/><D102/><U135/><E135/><V81/><F81/><W103/><G103/><T121/><D121/><N who="2" m="46698" /><F48/><W71/><G71/><T20/><D76/><U104/><E104/><V125/><F53/><N who="3" m="32191" /><G44/><T113/><D113/><U40/><E39/><V79/><F79/><W23/><G83/><T2/><D86/><U97/><E97/><V41/><F41/><W134/><G134/><T69/><D69/><U21/><E128/><V119/><F119/><W55/><G89/><T127/><D127/><AGARI ba="0,0" hai="8,12,16,125,127" m="46698,12394,41482" machi="127" ten="40,8000,1" yaku="14,1,34,2,54,1" doraHai="18" who="2" fromWho="0" sc="175,-80,309,0,266,80,250,0" /><INIT seed="2,0,0,5,3,43" ten="95,309,346,250" oya="2" hai0="46,4,106,117,102,131,79,18,70,41,53,10,87" hai1="105,21,90,24,112,57,113,85,84,75,66,114,55" hai2="98,23,97,92,31,133,122,30,77,7,120,128,116" hai3="59,91,3,126,51,101,86,56,14,110,67,81,32"/><V115/><F116/><W103/><G110/><T99/><D117/><U119/><E75/><V96/><F115/><W135/><G3/><T69/><D131/><U0/><E119/><V40/><F128/><W61/><G32/><T22/><D53/><U34/><E0/><V17/><F133/><W93/><G126/><T62/><D62/><U74/><E74/><V104/><F104/><W25/><G135/><T80/><D22/><U108/><E108/><V109/><F109/><W48/><G25/><T39/><REACH who="0" step="1"/><D18/><REACH who="0" ten="85,309,346,250" step="2"/><U82/><E21/><V16/><F17/><W73/><G61/><T64/><D64/><U28/><E66/><V20/><F7/><W26/><G67/><T94/><D94/><U132/><E132/><V44/><F92/><W42/><G93/><T127/><D127/><U11/><E113/><V129/><F129/><W72/><G59/><T35/><D35/><U78/><E105/><V5/><F5/><W130/><G56/><T134/><D134/><U47/><E57/><V83/><F23/><W1/><G130/><T71/><D71/><U38/><E55/><V50/><F122/><W54/><G54/><T89/><D89/><U65/><E65/><V124/><F120/><W37/><G91/><T95/><D95/><N who="1" m="54727" /><E114/><V27/><F124/><W111/><G111/><T125/><D125/><U45/><E112/><V68/><F68/><W76/><G103/><T2/><AGARI ba="0,1" hai="2,4,10,39,41,46,69,70,79,80,87,99,102,106" machi="2" ten="20,5200,0" yaku="1,1,0,1,7,1,52,1,53,0" doraHai="43" doraHaiUra="118" who="0" fromWho="0" sc="85,62,309,-13,346,-26,250,-13" /><INIT seed="3,0,0,3,5,44" ten="147,296,320,237" oya="3" hai0="131,132,24,93,72,22,113,73,81,51,40,43,63" hai1="29,126,54,66,105,31,36,20,21,71,7,83,14" hai2="121,68,74,90,115,8,57,12,124,109,1,98,5" hai3="130,86,103,135,87,61,47,82,123,4,96,15,102"/><W125/><G123/><T45/><D131/><U41/><E105/><V97/><F68/><W38/><G130/><T13/><D132/><U50/><E126/><V88/><F115/><W85/><G125/><T60/><D113/><U78/><E36/><V122/><F124/><W94/><G135/><T89/><D73/><U26/><E41/><V120/><F74/><W10/><G38/><T16/><D43/><U2/><E2/><V62/><F109/><W112/><G112/><T37/><D37/><U133/><E133/><V19/><F97/><W30/><G103/><T48/><D48/><U101/><E101/><V6/><F98/><W108/><G108/><T56/><D56/><U76/><E66/><N who="2" m="39247" /><F5/><W53/><G30/><T9/><D81/><U69/><E83/><V64/><F64/><W84/><G61/><T128/><D72/><U55/><E55/><V49/><F49/><N who="3" m="28863" /><G87/><T111/><D128/><U58/><E71/><V80/><F80/><AGARI ba="0,0" hai="4,10,15,80,82,84,85,86,94,96,102" m="28863" machi="80" ten="30,2900,0" yaku="8,1,52,1" doraHai="44" who="3" fromWho="2" sc="147,0,296,0,320,-29,237,29" /><INIT seed="3,1,0,5,1,75" ten="147,296,291,266" oya="3" hai0="88,121,126,130,78,51,71,120,38,45,8,102,12" hai1="85,10,111,98,93,109,94,34,118,108,60,86,16" hai2="73,89,21,6,95,5,30,132,58,133,2,7,97" hai3="91,106,47,13,64,67,90,122,17,36,44,124,59"/><W1/><G122/><T61/><D38/><U15/><E118/><V80/><F2/><W96/><G1/><T43/><D130/><U24/><E60/><V35/><F35/><W110/><G106/><T20/><D126/><U103/><E93/><V3/><F3/><W72/><G72/><T31/><D102/><U49/><E49/><V52/><F30/><AGARI ba="1,0" hai="10,15,16,24,30,34,85,86,94,98,103,108,109,111" machi="30" ten="40,2600,0" yaku="14,1,54,1" doraHai="75" who="1" fromWho="2" sc="147,0,296,29,291,-29,266,0" owari="147,-35.3,325,42.5,262,-13.8,266,6.6" /></mjloggm>