<mjloggm ver="2.3"><GO type="225" lobby="0"/><UN n0="%E5%A4%A9%E9%98%AA%E5%85%89" n1="%E3%82%B5%E3%83%AB%E3%82%B7%E3%83%B3" n2="%E5%B8%86%E7%AB%8B%E5%A4%8F%E8%A1%A3" n3="%E3%81%AF%E3%82%88%E3%81%8A%E3%81%98%E3%81%95%E3%82%93" dan="16,16,17,16" rate="2071.53,2101.21,2174.20,2162.64" sx="M,F,M,M"/><TAIKYOKU oya="0"/><INIT seed="0,0,0,5,0,40" ten="250,250,250,250" oya="0" hai0="77,18,38,73,94,10,23,19,132,75,9,118,70" hai1="54,130,67,84,29,33,86,87,50,81,65,0,116" hai2="22,99,7,34,60,105,51,57,110,32,112,42,59" hai3="121,46,4,25,115,131,53,6,117,80,88,47,12"/><T128/><D118/><U20/><E116/><V107/><F112/><W28/><G117/><T100/><D70/><U52/><E0/><V120/><F120/><W5/><G115/><T1/><D128/><U109/><E33/><V55/><F110/><W123/><G131/><T124/><D124/><U103/><E109/><V48/><F7/><W95/><G80/><T39/><D132/><U97/><E130/><V89/><F32/><W79/><G79/><T68/><D68/><U90/><E81/><V119/><F34/><W96/><G12/><T114/><D23/><U76/><E76/><V113/><F113/><W78/><G78/><T35/><D35/><U2/><E2/><V135/><F135/><W69/><G69/><T125/><D77/><U108/><E108/><V66/><F119/><W122/><G53/><N who="1" m="20586" /><E103/><V31/><F89/><W27/><G27/><T44/><D114/><U129/><E50/><V85/><F85/><W71/><G71/><T13/><D1/><U56/><E56/><V58/><F99/><W92/><G95/><T17/><D94/><N who="1" m="56535" /><E129/><V8/><F107/><W104/><G104/><T83/><D100/><U102/><E102/><V16/><F105/><W24/><G24/><AGARI ba="0,0" hai="20,24,29,65,67,84,86,87" m="56535,20586" machi="24" ten="30,2000,0" yaku="8,1,54,1" doraHai="40" who="1" fromWho="3" sc="250,0,250,20,250,0,250,-20" /><INIT seed="1,0,0,5,4,78" ten="250,270,250,230" oya="1" hai0="34,105,25,129,55,108,133,45,63,17,14,74,35" hai1="13,112,36,121,4,46,27,7,22,84,20,32,62" hai2="111,85,92,65,23,98,52,76,107,90,101,41,19" hai3="64,97,116,49,106,73,1,80,15,72,96,57,77"/><U67/><E121/><V124/><F111/><W37/><G1/><T40/><D105/><U51/><E112/><V120/><F124/><W82/><G37/><T134/><D108/><U75/><E75/><V118/><F118/><W71/><G116/><T68/><D74/><U6/><E36/><V10/><F120/><W132/><G132/><N who="0" m="50795" /><D129/><U79/><E32/><V99/><F65/><W81/><G71/><T18/><D25/><U119/><E119/><V135/><F135/><W48/><G73/><T28/><D28/><U70/><E13/><V66/><F66/><W88/><G72/><T16/><D14/><U0/><E0/><V5/><F41/><W86/><G106/><T87/><D87/><U39/><E39/><V44/><F5/><W100/><G77/><T130/><D130/><U89/><E79/><V95/><F10/><W123/><G123/><T26/><D26/><U113/><E27/><V91/><F76/><W60/><G100/><T54/><D68/><U59/><E70/><V126/><F126/><W53/><G15/><T24/><D24/><U3/><E3/><V122/><F122/><W12/><G12/><T102/><D102/><U131/><E113/><V114/><F114/><W58/><G48/><N who="0" m="26663" /><D63/><U50/><E131/><V103/><F103/><W42/><G42/><T61/><D61/><U104/><E104/><V115/><F115/><W38/><G38/><T83/><D35/><U56/><E51/><N who="2" m="28775" /><F23/><W11/><G11/><T110/><D34/><U93/><E56/><V30/><F30/><W127/><G127/><T109/><D109/><U8/><E8/><RYUUKYOKU ba="0,0" sc="250,-30,270,10,250,10,230,10" hai1="4,6,7,20,22,46,50,59,62,67,84,89,93" hai2="19,85,90,91,92,95,98,99,101,107" hai3="49,53,57,58,60,64,80,81,82,86,88,96,97" /><INIT seed="1,1,0,3,5,36" ten="220,280,260,240" oya="1" hai0="21,9,103,14,35,3,49,44,41,40,69,32,53" hai1="115,125,74,95,77,33,133,91,93,79,0,48,127" hai2="129,113,38,59,26,126,58,70,55,85,39,29,100" hai3="22,78,121,90,114,20,132,89,16,28,65,123,80"/><U122/><E33/><V46/><F126/><N who="1" m="48137" /><E0/><V97/><F129/><W13/><G114/><T1/><D69/><U101/><E48/><V130/><F130/><W62/><G132/><T52/><D103/><U76/><E115/><V92/><F113/><W66/><G121/><T19/><D3/><U47/><E47/><V31/><F70/><W87/><G123/><T84/><D1/><U6/><E6/><V109/><F109/><W30/><G65/><T64/><D64/><U15/><E15/><V10/><F31/><W105/><G105/><T96/><D96/><N who="1" m="59535" /><E122/><V112/><F112/><W68/><G22/><T71/><D32/><U82/><E133/><V75/><F10/><W117/><G117/><T17/><D35/><U50/><E50/><N who="2" m="29143" /><F39/><W86/><REACH who="3" step="1"/><G78/><REACH who="3" ten="220,280,260,230" step="2"/><T37/><D21/><U111/><E111/><V7/><F29/><W98/><G98/><AGARI ba="1,1" hai="74,76,77,79,82,91,95,98" m="59535,48137" machi="98" ten="30,5800,0" yaku="18,1,34,2" doraHai="36" who="1" fromWho="3" sc="220,0,280,71,260,0,230,-61" /><INIT seed="1,2,0,2,3,5" ten="220,351,260,169" oya="1" hai0="17,124,132,32,7,20,64,59,75,108,38,76,39" hai1="87,105,86,12,95,58,85,2,84,71,33,123,14" hai2="42,10,35,1,72,119,30,92,0,82,11,25,46" hai3="111,74,100,118,103,44,40,24,128,66,60,69,120"/><U15/><E123/><V96/><F119/><W114/><G114/><T52/><D32/><U8/><E105/><V117/><F117/><W41/><G120/><T54/><D108/><U89/><E71/><V63/><F0/><W48/><G118/><T102/><D124/><U67/><E33/><V110/><F110/><W62/><G111/><T112/><D112/><U122/><E122/><V47/><F63/><W129/><G74/><T22/><D102/><U94/><E2/><V6/><F11/><W113/><G113/><T133/><D7/><U49/><E94/><V81/><F72/><W57/><G24/><T65/><D75/><U98/><N who="1" m="21504" /><DORA hai="135" /><U106/><E106/><V3/><F47/><W19/><G19/><T70/><D59/><U109/><E109/><V107/><F107/><W61/><G61/><T50/><D17/><U34/><E34/><V101/><REACH who="2" step="1"/><F1/><REACH who="2" ten="220,351,250,169" step="2"/><W73/><G73/><T43/><D76/><U68/><E68/><V134/><F134/><W13/><G40/><T131/><D70/><U21/><E8/><V91/><F91/><W93/><G100/><T37/><D132/><U77/><E77/><V45/><F45/><W51/><G103/><T80/><D133/><U26/><E67/><V36/><AGARI ba="2,1" hai="3,6,10,25,30,35,36,42,46,81,82,92,96,101" machi="36" ten="20,8000,1" yaku="1,1,0,1,7,1,52,1,53,1" doraHai="5,135" doraHaiUra="31,83" who="2" fromWho="2" sc="220,-22,351,-42,250,96,169,-22" /><INIT seed="2,0,0,5,5,18" ten="198,309,346,147" oya="2" hai0="81,110,108,54,102,57,124,94,119,62,109,98,38" hai1="70,55,117,130,112,26,126,44,51,2,28,128,53" hai2="85,104,0,101,80,50,78,21,16,22,79,99,20" hai3="33,87,15,36,41,31,127,9,58,24,60,82,90"/><V23/><F0/><W46/><G127/><T91/><D124/><U84/><E126/><V116/><F116/><W29/><G29/><T43/><D119/><U107/><E107/><V114/><F114/><W113/><G113/><T93/><D81/><U129/><E117/><V135/><F135/><W74/><G74/><T3/><D3/><U125/><E125/><V45/><F79/><W69/><G69/><T13/><D13/><U123/><E112/><V64/><F64/><W7/><G33/><T122/><D122/><U92/><E2/><V19/><N who="2" m="5120" /><DORA hai="120" /><V66/><REACH who="2" step="1"/><F66/><REACH who="2" ten="198,309,336,147" step="2"/><W96/><G31/><T1/><D1/><U52/><E28/><V72/><F72/><W25/><REACH who="3" step="1"/><G96/><REACH who="3" ten="198,309,336,137" step="2"/><T11/><D98/><U105/><E130/><V8/><F8/><W6/><G6/><T97/><D11/><U5/><E129/><V133/><F133/><W118/><G118/><T68/><D97/><U75/><E5/><V56/><F56/><W65/><AGARI ba="0,2" hai="7,9,15,24,25,36,41,46,58,60,65,82,87,90" machi="65" ten="20,5200,0" yaku="1,1,0,1,7,1,53,1" doraHai="18,120" doraHaiUra="14,59" who="3" fromWho="3" sc="198,-13,309,-13,336,-26,137,72" /><INIT seed="3,0,0,4,4,102" ten="185,296,310,209" oya="3" hai0="115,107,82,34,55,128,81,119,32,63,94,104,131" hai1="84,98,58,101,77,113,8,14,21,116,79,30,44" hai2="39,60,15,109,1,51,56,10,19,73,3,80,17" hai3="88,12,126,48,127,91,78,95,37,25,106,90,28"/><W72/><G37/><T52/><D119/><U45/><E113/><V64/><F39/><W38/><G38/><T74/><D94/><U65/><E116/><V11/><F109/><W134/><G134/><T31/><D31/><U68/><E68/><V49/><F3/><W20/><G106/><T75/><REACH who="0" step="1"/><D63/><REACH who="0" ten="175,296,310,209" step="2"/><N who="1" m="38135" /><E30/><V57/><F60/><W16/><G95/><T89/><D89/><U62/><E62/><V67/><F67/><W47/><G78/><T123/><D123/><U66/><E66/><V27/><F64/><W9/><REACH who="3" step="1"/><G72/><REACH who="3" ten="175,296,310,199" step="2"/><T59/><D59/><U70/><E79/><V41/><F57/><W26/><G26/><T100/><D100/><U24/><E101/><V42/><F56/><W29/><G29/><T99/><D99/><U110/><E98/><V50/><F27/><W122/><G122/><T2/><D2/><U46/><E77/><V97/><F97/><W129/><G129/><T117/><D117/><U35/><E70/><V105/><F1/><W114/><G114/><AGARI ba="0,2" hai="32,34,52,55,74,75,81,82,104,107,114,115,128,131" machi="114" ten="25,12000,2" yaku="1,1,22,2,52,2,54,1,53,0" doraHai="102" doraHaiUra="43" who="0" fromWho="3" sc="175,140,296,0,310,0,199,-120" owari="315,41.5,296,-10.4,310,11.0,79,-42.1" /></mjloggm>