<mjloggm ver="2.3"><GO type="225" lobby="0"/><UN n0="%72%69%6F%75%63%68%61%6E" n1="%4B%2E%32%2E%4B%2E" n2="%6B%65%6E%6E%64%69" n3="%73%75%7A%75%6D%65%33" dan="16,16,16,18" rate="2112.53,2170.16,2148.68,2201.06" sx="M,M,M,M"/><TAIKYOKU oya="0"/><INIT seed="0,0,0,2,5,24" ten="250,250,250,250" oya="0" hai0="68,45,95,54,5,36,51,84,130,71,18,40,115" hai1="106,117,16,6,27,47,22,98,126,123,89,103,129" hai2="83,37,9,4,132,35,120,78,19,85,15,39,121" hai3="113,32,33,65,104,55,41,77,2,96,74,28,48"/><T101/><D115/><U75/><E117/><V0/><F132/><W70/><G113/><T7/><D130/><U108/><E123/><V97/><F35/><W10/><G41/><T42/><D40/><U127/><E129/><V61/><F97/><W112/><G112/><T11/><D18/><U17/><E108/><V60/><F60/><W1/><G77/><T116/><D116/><U57/><E75/><V23/><REACH who="2" step="1"/><F61/><REACH who="2" ten="250,250,240,250" step="2"/><W111/><G33/><T88/><D101/><U131/><E98/><V110/><F110/><W72/><G96/><T43/><D43/><U62/><E62/><V31/><F31/><W59/><G28/><T3/><REACH who="0" step="1"/><D5/><REACH who="0" ten="240,250,240,250" step="2"/><U30/><E6/><V99/><F99/><W80/><G111/><T94/><D94/><U52/><E103/><V114/><F114/><W64/><G104/><T20/><D20/><U58/><E106/><V14/><F14/><W105/><G105/><T13/><D13/><U73/><E22/><V134/><F134/><W93/><G32/><T26/><D26/><U91/><E30/><V50/><F50/><W125/><G93/><T44/><AGARI ba="0,2" hai="3,7,11,36,42,44,45,51,54,68,71,84,88,95" machi="44" ten="20,7800,0" yaku="1,1,0,1,7,1,54,1,53,0" doraHai="24" doraHaiUra="63" who="0" fromWho="0" sc="240,98,250,-26,240,-26,250,-26" /><INIT seed="0,1,0,1,0,36" ten="338,224,214,224" oya="0" hai0="105,89,70,121,91,109,79,114,27,24,41,47,44" hai1="73,40,108,35,37,6,23,78,48,11,71,110,98" hai2="75,83,17,126,0,60,102,124,86,39,85,3,18" hai3="103,67,115,76,68,5,1,30,59,72,62,112,57"/><T22/><D114/><U66/><E35/><V120/><F102/><W38/><G103/><T125/><D121/><U82/><E98/><V101/><F120/><W31/><G59/><T49/><D125/><N who="2" m="48234" /><F39/><W56/><G56/><T81/><D105/><U118/><E118/><V134/><F134/><W10/><G57/><T26/><D70/><U100/><E100/><V69/><F75/><W127/><G127/><T116/><D116/><U29/><E48/><V111/><F111/><BYE who="2" /><N who="1" m="42537" /><E23/><V9/><F9/><W104/><G104/><T80/><D109/><U55/><E29/><V95/><F95/><W63/><G63/><T21/><D81/><U54/><E66/><V15/><F15/><W133/><G133/><T4/><D4/><U84/><E84/><V61/><F61/><W12/><G12/><T87/><REACH who="0" step="1"/><D44/><REACH who="0" ten="328,224,214,224" step="2"/><N who="1" m="23567" /><E71/><V13/><F13/><AGARI ba="1,1" hai="6,11,13,54,55,73,78,82" m="23567,42537" machi="13" ten="30,2000,0" yaku="14,1,52,1" doraHai="36" who="1" fromWho="2" sc="328,0,224,33,214,-23,224,0" /><INIT seed="1,0,0,4,0,6" ten="328,257,191,224" oya="1" hai0="49,66,100,135,133,12,8,5,51,25,71,86,126" hai1="118,82,4,1,13,67,18,115,127,39,15,117,43" hai2="76,73,87,109,114,61,98,48,64,79,90,106,99" hai3="128,14,22,69,63,94,122,65,134,125,35,91,26"/><U50/><E39/><V80/><F80/><W83/><G122/><T68/><D126/><U56/><E115/><V20/><F20/><W121/><G125/><T72/><D72/><U129/><E127/><V88/><F88/><W47/><G121/><T77/><D100/><U40/><E129/><V89/><F89/><W23/><G128/><T38/><D38/><U107/><E107/><V7/><F7/><W17/><G134/><N who="0" m="51211" /><D25/><U81/><E4/><V3/><F3/><W11/><G83/><N who="0" m="47471" /><D66/><U97/><E67/><V95/><F95/><W105/><G105/><T33/><D33/><U19/><E117/><V21/><F21/><W42/><G35/><T103/><D103/><U92/><E118/><V113/><F113/><W30/><G26/><T119/><D119/><U124/><E124/><V46/><F46/><W44/><G44/><T93/><D93/><U9/><E1/><V112/><F112/><W120/><G30/><T110/><D110/><U101/><E82/><V62/><F62/><W36/><REACH who="3" step="1"/><G120/><REACH who="3" ten="328,257,191,214" step="2"/><T53/><D49/><U111/><E81/><V96/><F96/><AGARI ba="0,1" hai="11,14,17,22,23,36,42,47,63,65,69,91,94,96" machi="96" ten="30,8000,1" yaku="1,1,2,1,7,1,52,1,53,1" doraHai="6" doraHaiUra="10" who="3" fromWho="2" sc="328,0,257,0,191,-80,214,90" /><INIT seed="2,0,0,5,3,12" ten="328,257,111,304" oya="2" hai0="90,1,101,115,122,32,89,106,79,34,88,60,131" hai1="65,43,118,70,39,112,27,110,11,61,14,44,72" hai2="63,132,134,69,28,76,15,62,85,9,2,82,19" hai3="80,71,48,98,93,5,135,81,56,46,84,113,123"/><V29/><F29/><W117/><G71/><T64/><D122/><U96/><E110/><V30/><F30/><W128/><G123/><T16/><D115/><U59/><E112/><V124/><F124/><W55/><G113/><T50/><D1/><U119/><E72/><V68/><F68/><W49/><G117/><T75/><D131/><UN n2="%6B%65%6E%6E%64%69" /><U0/><E0/><V91/><F28/><W18/><G128/><T67/><D50/><U57/><E27/><V108/><F108/><W38/><G38/><T58/><D64/><U125/><E125/><V10/><F76/><W20/><G5/><T51/><D51/><U78/><E78/><V95/><F82/><W86/><G135/><T129/><D129/><U8/><E8/><V31/><F31/><W77/><G81/><T22/><D75/><U83/><E83/><V100/><F100/><W3/><G3/><T111/><D79/><U13/><E13/><V94/><F95/><W105/><G105/><T23/><D111/><U102/><E118/><V33/><F33/><W116/><G116/><T52/><D67/><U99/><E99/><V47/><F47/><W127/><G127/><T104/><D23/><U121/><E121/><V7/><REACH who="2" step="1"/><F69/><REACH who="2" ten="328,257,101,304" step="2"/><W92/><G92/><T6/><D101/><U87/><E119/><V4/><F4/><W26/><G80/><T45/><D6/><N who="1" m="3447" /><E87/><V41/><F41/><N who="3" m="24655" /><G77/><T35/><REACH who="0" step="1"/><D45/><REACH who="0" ten="318,257,101,304" step="2"/><U114/><E114/><V36/><F36/><W103/><AGARI ba="0,2" hai="18,20,26,49,55,56,84,86,93,98,103" m="24655" machi="103" ten="30,2000,0" yaku="8,1,52,1" doraHai="12" who="3" fromWho="3" sc="318,-5,257,-5,101,-10,304,40" /><INIT seed="3,0,0,0,0,124" ten="313,252,91,344" oya="3" hai0="112,88,115,122,38,73,37,11,39,29,45,83,74" hai1="71,106,47,84,62,116,132,48,28,5,128,114,105" hai2="68,34,33,57,8,61,27,100,101,129,70,14,134" hai3="51,44,19,42,20,77,104,76,12,102,22,40,36"/><W10/><G104/><T2/><D122/><U35/><E84/><V9/><F57/><W126/><G126/><T25/><D45/><U72/><E72/><V75/><F75/><W109/><G109/><T67/><D67/><U3/><E5/><V89/><F14/><W123/><G123/><T32/><D88/><U23/><E23/><N who="3" m="8746" /><G36/><N who="0" m="9219" /><T7/><DORA hai="31" /><D83/><U120/><E28/><V43/><F89/><W30/><G30/><T53/><D53/><U49/><E62/><V24/><F61/><W131/><G131/><T119/><D119/><U55/><E55/><V90/><F90/><W111/><G111/><T110/><D110/><U78/><E106/><V91/><F91/><W17/><G102/><T96/><D96/><U94/><E105/><V82/><F43/><N who="3" m="24991" /><G17/><T4/><D4/><U15/><E3/><V117/><F134/><W107/><G107/><T93/><D93/><U92/><E92/><V85/><F117/><W66/><G66/><T127/><D127/><U16/><E94/><V99/><F85/><W56/><G56/><T18/><D18/><U41/><E16/><V95/><F95/><W63/><G63/><T50/><D50/><U52/><E49/><V0/><F0/><W135/><G135/><T79/><D79/><AGARI ba="0,0" hai="10,12,19,40,42,76,77,79" m="24991,8746" machi="79" ten="30,1500,0" yaku="8,1" doraHai="124,31" who="3" fromWho="0" sc="313,-15,252,0,91,0,344,15" owari="298,9.8,252,-14.8,91,-40.9,359,45.9" /></mjloggm>