<mjloggm ver="2.3"><GO type="225" lobby="0"/><UN n0="%E3%83%B4%E3%83%A0%EF%BC%99%E3%81%A6" n1="%E8%81%B7%E6%A5%AD%E3%80%81%E9%A2%A8%32" n2="%E3%81%B7%E3%82%8A%E3%82%93%E8%81%96%E4%BA%BA" n3="%74%61%6B%75%61%6B%61" dan="17,16,16,16" rate="2189.66,2116.17,2116.53,2163.21" sx="M,M,M,M"/><TAIKYOKU oya="0"/><INIT seed="0,0,0,2,2,54" ten="250,250,250,250" oya="0" hai0="77,44,18,97,64,12,57,43,32,39,65,13,6" hai1="41,22,122,135,96,26,104,40,15,42,33,10,56" hai2="78,58,92,17,91,35,81,34,60,83,24,116,38" hai3="51,88,14,120,50,30,72,47,118,84,100,4,111"/><T114/><D114/><U52/><E33/><V73/><F38/><W103/><G118/><T105/><D32/><U79/><E122/><V124/><F116/><W110/><G72/><T8/><D77/><U102/><E135/><V5/><F5/><W67/><G30/><T36/><D36/><U126/><E126/><V123/><F81/><W131/><G131/><T127/><D127/><U106/><E79/><V75/><F73/><W48/><G47/><T23/><D105/><U2/><E2/><V82/><F82/><N who="3" m="49175" /><G67/><T115/><D115/><U76/><E76/><V109/><F124/><W93/><G93/><T49/><REACH who="0" step="1"/><D97/><REACH who="0" ten="240,250,250,250" step="2"/><U3/><E106/><V107/><F107/><W80/><G120/><T53/><AGARI ba="0,1" hai="6,8,12,13,18,23,39,43,44,49,53,57,64,65" machi="53" ten="30,12000,1" yaku="1,1,2,1,0,1,52,1,53,1" doraHai="54" doraHaiUra="37" who="0" fromWho="0" sc="240,130,250,-40,250,-40,250,-40" /><INIT seed="0,1,0,2,2,111" ten="370,210,210,210" oya="0" hai0="62,66,105,21,110,121,50,69,12,88,115,58,33" hai1="51,93,31,40,120,3,127,129,47,86,13,56,5" hai2="117,135,101,79,128,55,25,43,77,122,52,78,48" hai3="82,36,10,42,130,26,134,45,6,61,44,53,9"/><T38/><D121/><U28/><E120/><V73/><F73/><W108/><G108/><T8/><D33/><U32/><E127/><V75/><F75/><W96/><G130/><T87/><D110/><U85/><E3/><V22/><F122/><W39/><G134/><T74/><D74/><U34/><E34/><V16/><F128/><W91/><G26/><T118/><D118/><U37/><E129/><V65/><F65/><W67/><G6/><T2/><D38/><U18/><E5/><V81/><F135/><W15/><G15/><T54/><D105/><U11/><E32/><V107/><F81/><W133/><G133/><T23/><D2/><U106/><E106/><V89/><F107/><W126/><G126/><T29/><D29/><N who="1" m="11339" /><E37/><V123/><F123/><W63/><G63/><T92/><D115/><U17/><E93/><V114/><F101/><W71/><G53/><N who="2" m="20553" /><F114/><W41/><REACH who="3" step="1"/><G96/><REACH who="3" ten="370,210,210,200" step="2"/><T24/><D24/><U98/><E98/><V35/><F35/><W100/><G100/><T94/><D12/><N who="1" m="7327" /><E56/><V19/><F117/><W64/><G64/><T113/><D66/><U7/><E7/><V57/><F25/><W76/><G76/><T83/><D58/><U60/><E60/><V90/><F22/><AGARI ba="1,1" hai="13,18,22,40,47,51,85,86" m="7327,11339" machi="22" ten="30,1000,0" yaku="8,1" doraHai="111" who="1" fromWho="2" sc="370,0,210,23,210,-13,200,0" /><INIT seed="1,0,0,4,3,11" ten="370,233,197,200" oya="1" hai0="5,49,13,118,27,76,61,122,45,34,43,85,41" hai1="109,39,101,65,90,127,128,72,23,50,84,1,6" hai2="19,31,79,0,89,25,46,7,35,131,106,17,18" hai3="126,64,53,120,108,51,44,14,20,36,100,97,81"/><U121/><E72/><V78/><F106/><W10/><G120/><T114/><D114/><U111/><E39/><V95/><F131/><W60/><G108/><N who="1" m="41546" /><E121/><V130/><F130/><W105/><G126/><T26/><D118/><U117/><E117/><V102/><F102/><W55/><G36/><T15/><D122/><U74/><E74/><V29/><F29/><W133/><G133/><T9/><D34/><U30/><E128/><V68/><F68/><W87/><G20/><T28/><D61/><U80/><E127/><V116/><F116/><W48/><G64/><T8/><D41/><U21/><E101/><V83/><F7/><W82/><G60/><T70/><D70/><U103/><E103/><V93/><F0/><W135/><G87/><T132/><D132/><U99/><E99/><V96/><F83/><W69/><G69/><T47/><D28/><U134/><E134/><V16/><N who="2" m="4096" /><DORA hai="104" /><V113/><F113/><W12/><G135/><T112/><D112/><U62/><E50/><V124/><F124/><W42/><G42/><T94/><D49/><U63/><E63/><V119/><F119/><W4/><REACH who="3" step="1"/><G14/><REACH who="3" ten="370,233,197,190" step="2"/><T58/><D43/><U77/><E62/><V110/><F110/><W75/><G75/><T91/><D15/><U107/><E23/><V88/><REACH who="2" step="1"/><F46/><AGARI ba="0,1" hai="4,10,12,44,46,48,51,53,55,81,82,97,100,105" machi="46" ten="30,8000,1" yaku="1,1,7,1,9,1,52,1,53,1" doraHai="11,104" doraHaiUra="3,37" who="3" fromWho="2" sc="370,0,233,0,197,-80,190,90" /><INIT seed="2,0,0,4,2,97" ten="370,233,117,280" oya="2" hai0="85,78,101,129,107,131,94,134,110,49,4,45,133" hai1="37,105,60,127,32,51,34,91,84,69,64,3,0" hai2="96,81,114,113,46,120,8,56,128,112,22,14,68" hai3="28,65,103,18,50,19,48,58,16,93,83,74,102"/><V6/><F68/><W23/><G74/><T66/><D110/><U111/><E111/><V13/><F120/><W71/><G71/><T29/><D66/><U99/><E37/><V42/><F56/><W20/><G83/><N who="0" m="47351" /><D29/><U90/><E127/><V52/><F128/><N who="0" m="49226" /><D107/><U82/><E32/><V115/><N who="2" m="28672" /><DORA hai="27" /><V25/><F81/><W119/><G119/><T100/><D4/><U9/><E9/><V54/><F14/><W12/><G28/><T2/><D2/><U92/><E34/><V53/><F96/><N who="3" m="59663" /><G103/><N who="0" m="39499" /><D94/><U104/><E105/><V67/><F67/><W70/><G70/><T123/><D123/><U41/><E104/><V88/><F88/><W40/><G18/><T47/><D47/><U62/><E91/><V126/><F126/><W15/><G65/><T63/><D63/><U121/><E62/><V75/><F75/><W31/><G31/><T79/><D79/><U98/><E60/><V106/><F106/><W7/><G7/><T135/><D135/><U10/><E3/><V21/><REACH who="2" step="1"/><F25/><REACH who="2" ten="370,233,107,280" step="2"/><W44/><G58/><T57/><D57/><U109/><E121/><V116/><F116/><W72/><G72/><T43/><AGARI ba="0,1" hai="43,45,49,133,134" m="39499,49226,47351" machi="43" ten="30,7900,0" yaku="19,1,52,3" doraHai="97,27" who="0" fromWho="0" sc="370,89,233,-20,107,-39,280,-20" /><INIT seed="3,0,0,2,1,126" ten="459,213,68,260" oya="3" hai0="79,108,130,111,36,39,0,21,20,81,10,64,8" hai1="40,129,85,61,50,28,70,33,109,59,11,3,26" hai2="4,127,2,101,117,25,15,65,131,99,45,35,83" hai3="47,53,116,51,37,135,93,110,125,118,84,90,100"/><W44/><G125/><T89/><D130/><U75/><E75/><V80/><F127/><W24/><G135/><T102/><D89/><U71/><E129/><V16/><F117/><W52/><G110/><N who="0" m="42027" /><D64/><U119/><E109/><V114/><F114/><W121/><G121/><T30/><D102/><U49/><E119/><V46/><F65/><W55/><G37/><N who="0" m="14411" /><D30/><U34/><E34/><V74/><F131/><W122/><G122/><T22/><D0/><U78/><E78/><V57/><F57/><W42/><G44/><T97/><D97/><U14/><E3/><V17/><F74/><AGARI ba="0,0" hai="8,10,20,21,22,74,79,81" m="14411,42027" machi="74" ten="40,1300,0" yaku="14,1" doraHai="126" who="0" fromWho="2" sc="459,13,213,0,68,-13,260,0" owari="472,57.2,213,-18.7,55,-44.5,260,6.0" /></mjloggm>