<mjloggm ver="2.3"><GO type="225" lobby="0"/><UN n0="%E4%BF%BA%E3%81%A8%E5%A6%96%E5%A4%A2" n1="%54%4F%52" n2="%E6%B8%A9%E2%98%85%E6%83%85%E2%98%85%E6%8E%AA%E2%98%85%E7%BD%AE" n3="%E3%81%82%E3%81%B9%E3%81%99%E3%81%91" dan="17,17,17,16" rate="2274.44,2242.06,2267.13,2128.76" sx="F,M,M,M"/><TAIKYOKU oya="0"/><INIT seed="0,0,0,2,5,84" ten="250,250,250,250" oya="0" hai0="135,48,44,118,7,78,58,5,114,41,60,75,100" hai1="87,13,105,97,103,31,20,12,24,82,9,26,6" hai2="132,72,11,8,50,61,21,91,90,127,113,86,63" hai3="104,121,92,101,47,62,94,15,99,131,77,80,70"/><T107/><D114/><U51/><E51/><V73/><F113/><W83/><G47/><T71/><D118/><U85/><E13/><V46/><F132/><W68/><G62/><N who="2" m="23561" /><F73/><N who="3" m="43055" /><G15/><T133/><D78/><U22/><REACH who="1" step="1"/><E82/><REACH who="1" ten="250,240,250,250" step="2"/><N who="2" m="49495" /><F72/><W130/><G83/><T126/><D75/><U1/><E1/><V54/><F127/><W34/><G70/><T0/><D71/><U116/><E116/><V4/><F4/><W102/><G68/><T111/><D126/><U25/><E25/><V65/><F65/><W17/><G131/><T79/><D0/><U56/><E56/><V3/><F3/><W76/><G130/><T38/><D5/><U55/><E55/><V52/><F54/><W117/><G117/><T120/><D7/><U74/><E74/><V95/><F21/><W64/><G64/><T39/><D135/><U115/><E115/><V10/><F10/><W36/><G34/><T89/><D133/><U106/><E106/><V129/><F129/><W66/><G104/><T27/><D107/><U16/><AGARI ba="0,1" hai="6,9,12,16,20,22,24,26,31,85,87,97,103,105" machi="16" ten="20,5200,0" yaku="1,1,0,1,7,1,54,1,53,0" doraHai="84" doraHaiUra="33" who="1" fromWho="1" sc="250,-26,240,62,250,-13,250,-13" /><INIT seed="1,0,0,5,0,11" ten="224,302,237,237" oya="1" hai0="33,113,49,82,128,87,76,20,34,71,126,6,93" hai1="5,42,103,91,60,94,61,72,52,0,10,48,35" hai2="84,135,134,86,66,25,106,80,102,130,14,78,45" hai3="117,59,37,16,115,62,90,31,83,73,12,110,51"/><U105/><E72/><V69/><F130/><W119/><G115/><T112/><D128/><U29/><E42/><V32/><F45/><W74/><G110/><T55/><D71/><U56/><E103/><V97/><F84/><N who="3" m="50463" /><G31/><T68/><D68/><U70/><E105/><V75/><F86/><W17/><G17/><T108/><D108/><U58/><E70/><V65/><F14/><W118/><G51/><T53/><D126/><U79/><E79/><V27/><F27/><W109/><G37/><T129/><D129/><U100/><E100/><V36/><F36/><W22/><G109/><T30/><D6/><U101/><E101/><V120/><F120/><W114/><G114/><T44/><D93/><U47/><E58/><V64/><REACH who="2" step="1"/><F69/><REACH who="2" ten="224,302,227,237" step="2"/><W122/><G122/><T89/><D113/><U21/><E47/><V3/><F3/><W99/><G99/><T50/><D112/><U81/><E0/><V15/><F15/><W96/><G96/><T95/><D76/><U104/><E81/><V1/><F1/><W46/><G46/><T18/><D82/><U85/><E85/><V67/><N who="2" m="16384" /><DORA hai="38" /><V88/><F88/><W127/><G127/><T7/><D89/><U39/><E91/><V24/><F24/><W13/><G13/><N who="0" m="9295" /><D87/><U54/><E39/><V131/><F131/><W26/><G26/><T63/><D44/><U4/><E35/><V43/><F43/><W123/><G123/><T8/><D34/><U23/><E54/><AGARI ba="0,1" hai="12,16,22,54,59,62,73,74,117,118,119" m="50463" machi="54" ten="30,3900,0" yaku="12,1,52,1,54,1" doraHai="11,38" who="3" fromWho="1" sc="224,0,302,-39,227,0,237,49" /><INIT seed="2,0,0,2,2,50" ten="224,263,227,286" oya="2" hai0="65,115,132,61,44,82,35,90,73,113,5,0,79" hai1="58,72,84,124,111,77,15,51,129,47,14,101,105" hai2="86,25,106,70,6,109,1,125,96,29,43,54,36" hai3="114,37,75,3,87,126,22,81,92,9,40,98,55"/><V33/><F125/><W10/><G114/><T134/><D35/><U116/><E116/><V20/><F86/><W89/><G75/><N who="0" m="43391" /><D90/><U63/><E72/><V19/><F70/><W95/><G95/><T30/><D73/><U64/><E124/><V16/><F43/><W121/><G3/><T45/><D30/><U53/><E111/><V13/><F36/><W69/><G69/><N who="0" m="42159" /><D45/><U97/><REACH who="1" step="1"/><E129/><REACH who="1" ten="224,253,227,286" step="2"/><V38/><F109/><W12/><G126/><T66/><D113/><U67/><E67/><V32/><F38/><W26/><G37/><T107/><D66/><U99/><E99/><V11/><F96/><W41/><G98/><T4/><D115/><U23/><E23/><N who="2" m="11663" /><F106/><W68/><G22/><T127/><D107/><U102/><E102/><V133/><F133/><N who="0" m="51306" /><D127/><U118/><E118/><V119/><F119/><W24/><G10/><T74/><D74/><U17/><E17/><V117/><F117/><W34/><G9/><T48/><D0/><U130/><E130/><V52/><F33/><W83/><G34/><T62/><D62/><U56/><E56/><V110/><F110/><W21/><G68/><T104/><D104/><U135/><E135/><V27/><AGARI ba="0,1" hai="1,6,11,19,20,25,27,29,32,52,54" m="11663" machi="27" ten="30,12000,1" yaku="24,1,52,2,54,2" doraHai="50" who="2" fromWho="2" sc="224,-40,253,-40,227,130,286,-40" /><INIT seed="2,1,0,3,4,95" ten="184,213,357,246" oya="2" hai0="119,23,134,35,0,47,93,58,4,57,8,49,101" hai1="127,63,115,71,129,108,14,38,114,24,133,125,130" hai2="89,7,18,91,126,106,131,76,118,77,100,3,78" hai3="65,55,67,42,1,72,40,27,122,26,123,70,33"/><V46/><F118/><W12/><G1/><T75/><D35/><U66/><E14/><V39/><F131/><N who="1" m="50185" /><E24/><V15/><F126/><N who="1" m="48137" /><E108/><V102/><F7/><W54/><G70/><T61/><D119/><U28/><E28/><V22/><F3/><W73/><G33/><T113/><D75/><U9/><E9/><V45/><F39/><W128/><G128/><T21/><D113/><N who="1" m="43019" /><E38/><V84/><F91/><W109/><G12/><T25/><D61/><U112/><N who="1" m="43027" /><U53/><DORA hai="97" /><E53/><V60/><F89/><W87/><G109/><T50/><D50/><U82/><E82/><V30/><F60/><W62/><G62/><T51/><D51/><U124/><N who="1" m="48145" /><U132/><AGARI ba="1,0" hai="63,66,71,132,133" m="43027,48145,50185" machi="132" ten="70,16000,3" yaku="4,1,30,2,19,1,18,1,23,1,34,2" doraHai="95,97" who="1" fromWho="1" sc="184,-41,213,163,357,-81,246,-41" /><INIT seed="3,0,0,4,0,29" ten="143,376,276,205" oya="3" hai0="75,44,27,89,122,54,130,32,96,64,1,109,55" hai1="91,9,26,83,66,70,21,82,119,88,94,72,116" hai2="87,118,78,4,71,43,10,110,92,0,48,108,38" hai3="85,126,76,46,35,24,133,62,13,57,98,47,6"/><W115/><G115/><T95/><D122/><U61/><E9/><V67/><F118/><N who="1" m="45097" /><E72/><V102/><F38/><W30/><G133/><T74/><D109/><N who="2" m="42090" /><F67/><W60/><G60/><T132/><D132/><U40/><E40/><V41/><F71/><W2/><G2/><T84/><D130/><U125/><E125/><V39/><F39/><W117/><G126/><T99/><D1/><U63/><E63/><V34/><F34/><W58/><G98/><T33/><D64/><U11/><E11/><V16/><F48/><W20/><G6/><T81/><D27/><U15/><E15/><N who="2" m="7287" /><F4/><W17/><G117/><T105/><D74/><U28/><E91/><N who="2" m="53375" /><F0/><W50/><G50/><T65/><D65/><U51/><E51/><V111/><F111/><W104/><G104/><T129/><D129/><U113/><E113/><V100/><F78/><W107/><G58/><T23/><D23/><U52/><E52/><N who="0" m="20009" /><D44/><U36/><E36/><V73/><F73/><W56/><G107/><T18/><D18/><U79/><E79/><V106/><F106/><W59/><G62/><T5/><D5/><U42/><E42/><AGARI ba="0,0" hai="41,42,43,100,102" m="53375,7287,42090" machi="42" ten="30,2000,0" yaku="14,1,54,1" doraHai="29" who="2" fromWho="1" sc="143,0,376,-20,276,20,205,0" owari="143,-35.7,356,45.6,296,9.6,205,-19.5" /></mjloggm>