<mjloggm ver="2.3"><GO type="225" lobby="0"/><UN n0="%72%61%6B%33" n1="%74%61%6B%75%61%6B%61" n2="%E3%81%B8%E3%82%80%E3%81%B8%E3%82%80%EF%BC%92%E5%8F%B7" n3="%E3%82%BF%E3%83%84%E3%83%9E%E3%82%AD" dan="16,16,17,16" rate="2170.85,2160.56,2188.43,2033.03" sx="M,M,M,F"/><TAIKYOKU oya="0"/><INIT seed="0,0,0,2,4,84" ten="250,250,250,250" oya="0" hai0="55,0,8,21,31,70,124,17,16,37,90,133,80" hai1="53,41,25,117,42,103,121,85,127,81,51,83,101" hai2="10,13,36,125,4,78,98,99,28,116,38,7,39" hai3="119,43,44,23,102,87,63,12,108,107,11,9,46"/><T20/><D70/><U32/><E121/><V40/><F125/><W33/><G33/><T48/><D37/><U57/><E117/><V130/><F130/><W134/><G119/><T122/><D122/><U6/><E127/><V61/><F116/><W115/><G115/><T59/><D59/><BYE who="0" /><U26/><E6/><V73/><F40/><N who="1" m="15465" /><E32/><V71/><F28/><W86/><G108/><T93/><D93/><U54/><E54/><V18/><F78/><W82/><G134/><T67/><D67/><U14/><E14/><V35/><F35/><W22/><G63/><T126/><D126/><U109/><E109/><V120/><F73/><W92/><G107/><T113/><D113/><U56/><E56/><V112/><F112/><W94/><G12/><T131/><D131/><U128/><E81/><V123/><F123/><W3/><G3/><T97/><D97/><U79/><E128/><V118/><F118/><UN n0="%72%61%6B%33" /><W89/><G82/><T64/><D133/><U29/><E29/><V100/><F99/><W27/><G43/><T95/><D124/><U77/><E77/><V52/><F120/><W132/><G132/><T2/><D64/><U47/><E47/><V111/><F111/><W19/><G44/><N who="0" m="28039" /><D31/><U110/><E110/><V65/><REACH who="2" step="1"/><F52/><REACH who="2" ten="250,250,240,250" step="2"/><W45/><G45/><T104/><D104/><AGARI ba="0,1" hai="4,7,10,13,18,36,38,39,61,65,71,98,100,104" machi="104" ten="40,8000,1" yaku="1,1,2,1,53,3" doraHai="84" doraHaiUra="69" who="2" fromWho="0" sc="250,-80,250,0,240,90,250,0" /><INIT seed="1,0,0,4,1,95" ten="170,250,330,250" oya="1" hai0="28,47,1,119,128,15,35,134,101,45,69,91,100" hai1="51,106,127,71,50,31,23,44,4,18,94,118,107" hai2="109,7,49,38,135,85,130,21,110,3,129,72,26" hai3="57,80,125,33,123,13,54,40,29,32,2,126,8"/><U86/><E118/><V52/><F72/><W92/><G123/><T53/><D1/><U16/><E127/><N who="3" m="48650" /><G2/><T5/><D119/><U121/><E121/><V66/><F66/><W84/><G40/><T60/><D128/><N who="2" m="49258" /><F38/><W115/><G29/><T34/><D134/><U41/><E71/><V37/><F37/><W12/><G92/><T11/><D91/><N who="1" m="53623" /><E107/><V42/><F42/><W116/><G115/><T111/><D111/><N who="2" m="42506" /><F85/><W103/><G103/><T24/><D34/><N who="3" m="13417" /><G8/><T17/><D101/><U73/><E106/><V9/><F135/><W10/><G10/><T79/><D11/><U43/><E73/><V61/><F61/><N who="3" m="36023" /><G116/><T77/><D35/><U83/><E83/><V124/><F124/><W67/><G67/><T90/><D60/><U99/><E41/><V102/><F102/><W104/><G104/><T113/><D100/><U63/><E63/><V87/><F87/><W93/><G93/><T78/><D113/><U96/><E50/><V112/><F112/><W14/><G84/><T68/><D78/><U97/><E4/><V105/><F105/><W132/><G132/><T76/><D79/><U19/><E31/><N who="2" m="17871" /><F49/><W48/><G48/><T122/><D76/><U88/><E23/><V65/><F65/><W46/><G80/><T30/><D77/><U117/><E117/><V70/><F70/><W98/><G46/><T81/><D69/><U0/><E88/><V22/><F22/><W27/><G27/><T58/><D68/><U75/><E75/><V114/><F114/><W6/><G6/><T82/><D5/><U64/><E64/><V108/><F108/><RYUUKYOKU ba="0,0" sc="170,-30,250,10,330,10,250,10" hai1="0,16,18,19,43,44,51,96,97,99" hai2="3,7,9,52" hai3="12,13,14,98" /><INIT seed="1,1,0,1,5,133" ten="140,260,340,260" oya="1" hai0="38,117,98,11,106,122,67,125,72,28,45,113,85" hai1="130,69,110,109,66,107,43,51,35,15,29,134,127" hai2="120,54,6,111,129,115,9,135,48,126,19,5,18" hai3="49,27,132,10,75,61,88,81,112,13,97,102,12"/><U77/><E134/><V50/><F135/><W7/><G132/><T64/><D113/><U78/><E130/><V92/><F120/><W84/><G112/><T26/><D117/><U60/><E107/><V36/><F36/><W37/><G37/><T30/><D72/><U17/><E127/><V93/><F126/><W0/><G75/><T65/><D125/><U116/><E116/><V2/><F115/><W44/><G61/><T8/><D122/><U76/><E29/><V114/><F114/><W1/><G13/><T118/><D118/><U58/><E35/><V90/><F111/><N who="1" m="42505" /><E43/><V20/><F129/><W32/><G27/><T94/><D106/><U34/><E34/><V16/><F5/><W52/><REACH who="3" step="1"/><G32/><REACH who="3" ten="140,260,340,250" step="2"/><T104/><D26/><U119/><E119/><V22/><F50/><W21/><G21/><T53/><D38/><U108/><E108/><V56/><REACH who="2" step="1"/><F93/><AGARI ba="1,1" hai="0,1,7,10,12,44,49,52,81,84,88,93,97,102" machi="93" ten="30,7700,0" yaku="1,1,7,1,54,2,53,0" doraHai="133" doraHaiUra="124" who="3" fromWho="2" sc="140,0,260,0,340,-80,250,90" /><INIT seed="2,0,0,4,3,94" ten="140,260,260,340" oya="2" hai0="107,40,64,121,125,124,135,132,72,91,4,35,0" hai1="46,45,113,30,48,112,88,29,95,2,85,26,129" hai2="93,34,63,103,61,128,74,86,108,65,87,77,56" hai3="122,43,66,90,71,115,59,20,68,84,133,9,97"/><V76/><F128/><W114/><G122/><T11/><D72/><U38/><E129/><V109/><F34/><W111/><G111/><N who="2" m="42569" /><F74/><W39/><G133/><N who="0" m="51275" /><D40/><U27/><E2/><V70/><F87/><W98/><G59/><T28/><D64/><U12/><E38/><V57/><F70/><W13/><G20/><T22/><D91/><U14/><E48/><V37/><F37/><W60/><G68/><T6/><D107/><U106/><E106/><V25/><F25/><N who="1" m="9225" /><E113/><N who="3" m="43018" /><G43/><T24/><D121/><U99/><E85/><V81/><F77/><W67/><G67/><T127/><D6/><U83/><E83/><V101/><F93/><N who="3" m="54471" /><G39/><T117/><D117/><U8/><E112/><V55/><AGARI ba="0,0" hai="55,56,57,61,63,65,76,81,86,101,103" m="42569" machi="55" ten="30,3000,0" yaku="14,1,10,1" doraHai="94" who="2" fromWho="2" sc="140,-10,260,-10,260,30,340,-10" /><INIT seed="2,1,0,3,1,46" ten="130,250,290,330" oya="2" hai0="132,28,27,133,54,39,31,35,101,74,73,90,47" hai1="116,99,57,88,89,126,65,50,23,77,64,53,123" hai2="108,67,129,15,7,118,100,30,91,56,58,75,61" hai3="22,43,130,121,96,71,76,103,0,1,70,109,117"/><V93/><F118/><W19/><G117/><T80/><D101/><U51/><E116/><V119/><F119/><W110/><G121/><T113/><D113/><U8/><E126/><V122/><F122/><W127/><G76/><T5/><D31/><U81/><E123/><V10/><F75/><W4/><G43/><T83/><D5/><U62/><E8/><V11/><F129/><W48/><G127/><T114/><D114/><U104/><E23/><V112/><F112/><W69/><G48/><N who="1" m="18474" /><E104/><V94/><F30/><W49/><G49/><T55/><D90/><N who="1" m="34923" /><E99/><N who="2" m="59503" /><F108/><W135/><G130/><T115/><D115/><U97/><E97/><N who="2" m="57567" /><F56/><W42/><G71/><T87/><D39/><U128/><E128/><V18/><F11/><W26/><G69/><T92/><D92/><U85/><AGARI ba="1,0" hai="53,57,62,64,65,77,81,85" m="34923,18474" machi="85" ten="30,8000,1" yaku="8,1,52,3,54,1" doraHai="46" who="1" fromWho="1" sc="130,-21,250,83,290,-41,330,-21" /><INIT seed="3,0,0,1,2,95" ten="109,333,249,309" oya="3" hai0="39,64,58,15,91,33,122,4,53,103,61,72,85" hai1="9,44,126,24,63,71,92,29,83,74,42,90,26" hai2="116,78,20,115,124,2,3,8,35,52,77,89,108" hai3="36,18,16,14,19,127,12,75,47,101,114,134,11"/><W129/><G114/><T48/><D122/><U120/><E120/><V41/><F115/><W105/><G75/><T79/><D33/><U62/><E126/><V93/><F35/><W17/><G127/><T50/><D39/><U22/><E71/><V46/><F124/><W21/><G134/><T70/><D72/><U84/><E9/><V59/><F116/><W67/><G129/><T130/><D130/><U133/><E133/><V49/><F20/><W76/><G76/><T57/><D79/><U107/><E107/><V6/><F2/><W113/><G67/><T128/><D128/><U28/><E83/><V104/><F104/><W96/><REACH who="3" step="1"/><G113/><REACH who="3" ten="109,333,249,299" step="2"/><T30/><D30/><U5/><E74/><V10/><F108/><W31/><G31/><T99/><D4/><U66/><E66/><V69/><F69/><W125/><G125/><T100/><D15/><U56/><E5/><V117/><F117/><W54/><G54/><T80/><D70/><U27/><E29/><V0/><F0/><W25/><G25/><T132/><D132/><U81/><E26/><V38/><REACH who="2" step="1"/><F10/><REACH who="2" ten="109,333,239,299" step="2"/><W73/><G73/><T87/><D87/><AGARI ba="0,2" hai="3,6,8,38,41,46,49,52,59,77,78,87,89,93" machi="87" ten="30,8000,1" yaku="1,1,2,1,7,1,54,1,53,1" doraHai="95" doraHaiUra="40" who="2" fromWho="0" sc="109,-80,333,0,239,100,299,0" owari="29,-47.1,333,13.3,339,43.9,299,-10.1" /></mjloggm>