<mjloggm ver="2.3"><GO type="225" lobby="0"/><UN n0="%E3%81%9F%E3%81%8C%E3%82%84%E3%81%99" n1="%E5%A4%8F%E9%88%B4%E9%88%B4%E5%A4%8F" n2="%73%6C%69%63%6B%33%31%39" n3="%72%61%6B%33" dan="16,16,16,17" rate="2161.32,2117.16,2116.65,2143.85" sx="M,M,M,M"/><TAIKYOKU oya="0"/><INIT seed="0,0,0,2,3,72" ten="250,250,250,250" oya="0" hai0="56,66,64,19,126,26,122,130,38,109,20,74,57" hai1="58,105,95,62,43,68,78,22,129,49,80,89,3" hai2="127,103,112,42,133,135,32,117,31,54,27,120,118" hai3="99,96,111,106,69,36,45,16,108,123,86,71,84"/><T116/><D38/><U124/><E105/><V2/><F42/><W6/><G6/><T35/><D116/><N who="2" m="44650" /><F103/><W70/><G36/><T81/><D122/><U85/><E3/><V94/><F94/><W18/><G45/><T131/><D35/><U55/><E124/><V125/><F54/><W7/><G7/><T4/><D4/><U90/><E129/><N who="0" m="49161" /><D126/><N who="2" m="48138" /><F120/><W121/><REACH who="3" step="1"/><G71/><REACH who="3" ten="250,250,250,240" step="2"/><T87/><D109/><U12/><E68/><V88/><F2/><W134/><G134/><N who="2" m="51209" /><F88/><W65/><G65/><N who="0" m="25195" /><D74/><U14/><E90/><AGARI ba="0,1" hai="19,20,26,56,57,81,87,90" m="25195,49161" machi="90" ten="30,1500,0" yaku="19,1" doraHai="72" who="0" fromWho="1" sc="250,25,250,-15,250,0,240,0" /><INIT seed="0,1,0,0,1,51" ten="275,235,250,240" oya="0" hai0="101,110,75,62,48,80,109,41,69,18,66,81,87" hai1="61,76,8,70,17,86,49,100,85,43,36,31,38" hai2="35,39,127,50,117,108,11,111,42,4,92,129,112" hai3="97,77,20,94,128,63,105,21,58,40,23,125,7"/><T27/><D75/><U116/><E116/><V107/><F107/><W126/><G128/><T98/><D18/><U83/><E31/><V29/><F112/><W6/><G105/><T104/><D27/><U15/><E100/><V37/><F129/><W130/><G40/><T28/><D28/><U90/><E70/><V5/><F117/><W44/><G44/><T14/><D14/><U134/><E134/><V53/><F127/><N who="3" m="48651" /><G77/><T84/><D41/><U46/><REACH who="1" step="1"/><E61/><REACH who="1" ten="275,225,250,240" step="2"/><V103/><F29/><W13/><G130/><T52/><D110/><U10/><E10/><V122/><F11/><W65/><G13/><T55/><D109/><U9/><E9/><V59/><F103/><AGARI ba="1,1" hai="6,7,20,21,23,58,63,65,94,97,103" m="48651" machi="103" ten="30,1000,0" yaku="18,1" doraHai="51" who="3" fromWho="2" sc="275,0,225,0,250,-13,240,23" /><INIT seed="1,0,0,5,2,69" ten="275,225,237,263" oya="1" hai0="39,115,34,32,121,87,135,22,79,46,35,9,133" hai1="55,10,21,33,24,86,80,97,6,48,65,117,12" hai2="14,45,30,25,93,126,78,8,85,13,60,41,82" hai3="72,20,53,7,129,63,84,120,105,125,134,57,102"/><U132/><E132/><N who="0" m="50761" /><D22/><U103/><E33/><V127/><F60/><W81/><G72/><T130/><D115/><U98/><E65/><V108/><F108/><W83/><G120/><T17/><D121/><U19/><E103/><V113/><F113/><W18/><G125/><N who="2" m="47625" /><F93/><W123/><G129/><T96/><D96/><U77/><REACH who="1" step="1"/><E117/><REACH who="1" ten="275,215,237,263" step="2"/><V3/><F3/><W109/><G102/><T119/><D32/><U76/><E76/><V90/><F78/><W124/><G124/><T64/><D64/><U36/><E36/><N who="2" m="21671" /><F8/><W26/><G134/><T2/><D9/><U111/><E111/><V31/><F31/><W62/><G109/><T104/><D79/><U122/><E122/><V59/><F59/><AGARI ba="0,1" hai="6,10,12,19,21,24,48,55,59,77,80,86,97,98" machi="59" ten="30,5800,0" yaku="1,1,7,1,8,1,53,0" doraHai="69" doraHaiUra="91" who="1" fromWho="2" sc="275,0,215,68,237,-58,263,0" /><INIT seed="1,1,0,0,0,135" ten="275,283,179,263" oya="1" hai0="43,53,103,72,63,130,123,17,126,92,56,8,75" hai1="49,129,117,20,27,84,67,2,25,78,79,104,24" hai2="57,31,32,37,30,48,91,69,76,51,62,59,39" hai3="89,47,70,66,125,105,90,74,23,134,5,45,111"/><U99/><E117/><V46/><F76/><W68/><G134/><T110/><D43/><U33/><E2/><V60/><F91/><W124/><G105/><T36/><D36/><N who="2" m="13898" /><F32/><W38/><G74/><T98/><D110/><U101/><E129/><V109/><F30/><W73/><G73/><T87/><D130/><U50/><E33/><V118/><F31/><W114/><G111/><T40/><D40/><U1/><E1/><V65/><F118/><W9/><G23/><T44/><D44/><N who="3" m="16969" /><G38/><T106/><D123/><U29/><E20/><V7/><F7/><W132/><G132/><T19/><D75/><U64/><E29/><V0/><F0/><N who="3" m="167" /><G114/><T6/><D72/><U100/><E24/><V41/><F109/><W85/><G66/><T22/><D106/><U115/><E104/><V10/><F10/><W116/><G116/><T97/><D8/><U112/><E84/><V11/><F11/><W34/><G34/><T28/><D6/><U95/><E99/><V94/><F94/><AGARI ba="1,0" hai="25,27,49,50,64,67,78,79,94,95,100,101,112,115" machi="94" ten="25,2400,0" yaku="22,2" doraHai="135" who="1" fromWho="2" sc="275,0,283,27,179,-27,263,0" /><INIT seed="1,2,0,0,2,119" ten="275,310,152,263" oya="1" hai0="21,121,34,38,65,57,86,3,0,41,63,18,84" hai1="111,79,83,102,78,58,36,87,8,77,67,94,81" hai2="52,55,107,103,126,24,89,16,4,131,48,85,74" hai3="122,73,109,27,132,53,117,120,112,125,47,54,56"/><U92/><E36/><V90/><F74/><W20/><G112/><T22/><D34/><U75/><E8/><V50/><F131/><W1/><G117/><T17/><D38/><U130/><E67/><V2/><F126/><W134/><G1/><T51/><D0/><U49/><E58/><V6/><F107/><W82/><G125/><T110/><D3/><U100/><E49/><V10/><F103/><N who="1" m="39465" /><E130/><V113/><F113/><W35/><G35/><T13/><D110/><U31/><E31/><V93/><F89/><W43/><G109/><T39/><D39/><U106/><E111/><V61/><F61/><W101/><G101/><T123/><D51/><U97/><E97/><V105/><F105/><W116/><G116/><T33/><D41/><U108/><E108/><V114/><F114/><W29/><G82/><N who="1" m="31242" /><E106/><V32/><F32/><W62/><G73/><T98/><D98/><U70/><E70/><V64/><F64/><W68/><G54/><T23/><D33/><U44/><E44/><N who="2" m="28039" /><F2/><W76/><G76/><N who="1" m="29290" /><E75/><V69/><F69/><W71/><G68/><T37/><D37/><U118/><E118/><V115/><F115/><W14/><G71/><T104/><D104/><U95/><N who="1" m="29298" /><U129/><DORA hai="91" /><E129/><V96/><F96/><W12/><G47/><T5/><D5/><U45/><E45/><N who="2" m="27727" /><F24/><W9/><G43/><T128/><D128/><U88/><AGARI ba="2,0" hai="87,88,92,94,95" m="29298,31242,39465" machi="88" ten="40,24000,3" yaku="8,1,35,5,52,3,54,1" doraHai="119,91" who="1" fromWho="1" sc="275,-82,310,246,152,-82,263,-82" /><INIT seed="1,3,0,3,0,124" ten="193,556,70,181" oya="1" hai0="112,107,51,119,6,27,59,113,2,123,67,42,66" hai1="14,34,108,65,115,19,127,50,38,5,10,132,79" hai2="126,103,125,94,118,55,62,68,120,9,52,20,106" hai3="18,54,49,93,87,57,86,96,39,84,71,29,31"/><U44/><E115/><V100/><F106/><W89/><G71/><T77/><D107/><U32/><E127/><N who="2" m="48651" /><F9/><W130/><G130/><T90/><D77/><U35/><E132/><V43/><F20/><W30/><G39/><T117/><D90/><U69/><E38/><V78/><F78/><W85/><G85/><T33/><D27/><U61/><E79/><V3/><F3/><W41/><G41/><T114/><D33/><U23/><E108/><V47/><F94/><W105/><G105/><T25/><D25/><U92/><E92/><V110/><F100/><W135/><G135/><T97/><D97/><U104/><E104/><V60/><F103/><W16/><AGARI ba="3,0" hai="16,18,29,30,31,49,54,57,84,86,87,89,93,96" machi="16" ten="40,5200,0" yaku="0,1,8,1,54,1" doraHai="124" who="3" fromWho="3" sc="193,-16,556,-29,70,-16,181,61" /><INIT seed="2,0,0,1,3,90" ten="177,527,54,242" oya="2" hai0="121,31,116,75,95,81,54,133,102,37,39,72,3" hai1="101,61,20,46,111,44,135,18,125,127,48,105,23" hai2="83,85,34,128,104,52,33,19,5,77,103,35,41" hai3="4,43,14,66,84,120,97,71,108,56,51,58,7"/><V80/><F128/><W30/><G120/><T10/><D31/><U42/><E111/><V28/><F41/><W93/><G71/><T60/><D121/><U36/><E135/><V53/><F28/><W12/><G108/><T132/><D116/><U134/><E134/><N who="0" m="51817" /><D95/><U27/><E61/><V2/><F19/><W100/><G30/><T69/><D102/><U118/><E20/><V0/><F83/><W32/><G32/><T107/><D107/><U88/><E118/><V78/><F77/><W79/><G12/><T24/><D24/><U122/><E122/><V115/><F115/><W106/><G106/><T17/><D54/><U11/><E11/><V67/><F67/><W92/><G66/><N who="0" m="41159" /><D17/><U8/><E8/><V15/><F15/><W89/><G79/><N who="0" m="44263" /><D75/><U6/><E6/><AGARI ba="0,0" hai="3,6,10,37,39" m="44263,41159,51817" machi="6" ten="30,2000,0" yaku="20,1,23,1" doraHai="90" who="0" fromWho="1" sc="177,20,527,-20,54,0,242,0" /><INIT seed="3,0,0,3,5,18" ten="197,507,54,242" oya="3" hai0="74,115,121,22,84,33,46,103,3,59,32,36,86" hai1="116,97,51,76,62,70,107,35,100,80,17,72,2" hai2="11,117,78,94,123,129,73,68,119,71,55,98,81" hai3="91,5,6,44,23,52,30,88,79,124,109,87,126"/><W12/><G109/><T101/><D74/><U60/><E17/><V114/><F55/><W127/><G79/><T92/><D3/><U26/><E2/><V49/><F49/><N who="3" m="28711" /><G91/><T90/><D121/><U53/><E116/><V13/><F13/><W99/><G99/><T65/><D115/><U0/><E0/><V20/><F20/><W133/><G133/><T63/><D36/><U131/><E70/><V24/><F11/><W96/><G96/><T47/><D32/><U93/><E131/><V128/><F24/><N who="3" m="16671" /><G12/><T77/><D33/><U120/><E120/><V82/><F123/><W40/><G40/><T41/><D22/><U21/><E35/><V31/><F31/><W118/><G118/><T16/><D16/><U111/><E111/><V4/><F4/><W38/><G38/><T1/><D1/><U83/><E107/><V37/><F37/><W45/><G45/><N who="0" m="16907" /><D41/><U42/><E97/><V7/><F7/><W9/><G9/><T28/><D28/><U106/><E76/><N who="2" m="44175" /><F114/><W57/><G57/><T50/><D50/><U134/><E51/><V39/><F39/><W8/><G8/><T34/><D34/><U132/><E132/><V29/><F29/><W56/><G56/><T75/><D75/><U108/><E72/><N who="2" m="43335" /><F117/><W66/><G66/><T95/><D77/><U64/><E108/><V85/><F119/><W112/><G112/><T89/><AGARI ba="0,0" hai="59,63,65,84,86,89,90,92,95,101,103" m="16907" machi="89" ten="30,1100,0" yaku="8,1" doraHai="18" who="0" fromWho="0" sc="197,11,507,-3,54,-3,242,-5" owari="208,-19.2,504,60.4,51,-44.9,237,3.7" /></mjloggm>