<mjloggm ver="2.3"><GO type="225" lobby="0"/><UN n0="%E5%86%B7%E5%87%8D%E3%82%AE%E3%83%A7%E3%83%BC%E3%82%B6" n1="%E3%81%B5%E3%81%98%E3%81%8B%E3%81%A4" n2="%E5%B8%86%E7%AB%8B%E5%A4%8F%E8%A1%A3" n3="%E3%81%99%E3%81%84%E3%81%BE%E3%81%9B%E3%83%BC%E3%82%93" dan="17,17,16,18" rate="2225.56,2199.84,2140.25,2217.77" sx="M,M,M,M"/><TAIKYOKU oya="0"/><INIT seed="0,0,0,4,5,108" ten="250,250,250,250" oya="0" hai0="97,116,130,99,132,31,65,33,95,82,37,1,117" hai1="9,38,17,69,93,128,34,42,86,112,36,106,74" hai2="14,53,111,131,59,77,57,75,109,122,18,50,6" hai3="20,80,84,129,113,127,134,46,126,44,22,94,13"/><T60/><D130/><U0/><E128/><V135/><F122/><W98/><G129/><T120/><D120/><U58/><E106/><V35/><F131/><W11/><G134/><T105/><D132/><U7/><E69/><V110/><F135/><W73/><G73/><T101/><D37/><U119/><E119/><V114/><F35/><W19/><G113/><T91/><D1/><U26/><E74/><V23/><F6/><W118/><G118/><T29/><D29/><U104/><E104/><V72/><F59/><W71/><G71/><N who="0" m="42407" /><D82/><U49/><E112/><V102/><F102/><N who="3" m="60759" /><G127/><T92/><D92/><U4/><E4/><V107/><F107/><W90/><G126/><T76/><D76/><U12/><E42/><V56/><F114/><W28/><G28/><T32/><D32/><U68/><E68/><V63/><REACH who="2" step="1"/><F77/><REACH who="2" ten="250,250,240,250" step="2"/><W125/><G125/><T43/><D43/><U21/><E34/><V67/><AGARI ba="0,1" hai="14,18,23,50,53,56,57,63,67,72,75,109,110,111" machi="67" ten="30,7900,0" yaku="1,1,2,1,0,1,14,1,53,0" doraHai="108" doraHaiUra="70" who="2" fromWho="2" sc="250,-39,250,-20,240,89,250,-20" /><INIT seed="1,0,0,5,3,56" ten="211,230,329,230" oya="1" hai0="135,129,55,42,94,118,86,104,1,75,68,70,53" hai1="49,76,43,77,60,98,50,34,21,9,132,124,2" hai2="38,23,89,111,107,110,10,79,48,4,26,85,78" hai3="58,61,6,32,37,103,14,131,117,119,102,87,17"/><U59/><E124/><V69/><F38/><W44/><G131/><T106/><D118/><N who="3" m="45065" /><G32/><T24/><D129/><U67/><E34/><V64/><F107/><W90/><G6/><T100/><D75/><U134/><E98/><V133/><F48/><N who="1" m="18537" /><E43/><V52/><F52/><N who="3" m="33991" /><G44/><T54/><D135/><N who="1" m="51755" /><E21/><V39/><F39/><W20/><G37/><T92/><D1/><U130/><E130/><V22/><F133/><W57/><G57/><T116/><D116/><U101/><E101/><V47/><F47/><W8/><G20/><T127/><D127/><U45/><E45/><V112/><F23/><W36/><G36/><T109/><D42/><U126/><E126/><V93/><F22/><W46/><G46/><T83/><D100/><U25/><E25/><V80/><F26/><W29/><G29/><T123/><D24/><U31/><E31/><V105/><F105/><W27/><G27/><T97/><D104/><U74/><E74/><V15/><F112/><W19/><G19/><T28/><D106/><U115/><E115/><V11/><F11/><W96/><G96/><T73/><D73/><U128/><E128/><V41/><F41/><W122/><G122/><T82/><D123/><U108/><E108/><V91/><F111/><W30/><G30/><T114/><D28/><U121/><E121/><V88/><F110/><W5/><G17/><T33/><D33/><U65/><E65/><V16/><F64/><W18/><G18/><T12/><D109/><U35/><E35/><V51/><F16/><W113/><G113/><T99/><D114/><U95/><E95/><AGARI ba="0,0" hai="5,8,14,87,90,95,102,103" m="33991,45065" machi="95" ten="30,3900,0" yaku="12,1,52,1,54,1" doraHai="56" who="3" fromWho="1" sc="211,0,230,-39,329,0,230,39" /><INIT seed="2,0,0,3,5,111" ten="211,191,329,269" oya="2" hai0="94,68,38,21,119,0,58,74,13,77,116,59,33" hai1="61,83,22,16,48,9,53,85,129,100,42,81,70" hai2="44,121,69,56,65,92,12,78,108,72,89,102,115" hai3="25,64,1,96,107,28,57,43,8,20,17,127,6"/><V84/><F121/><W134/><G134/><T86/><D33/><U104/><E129/><V49/><F69/><W26/><G43/><T2/><D38/><U91/><E42/><V36/><F36/><W41/><G41/><T10/><D68/><U126/><E126/><V114/><F108/><W47/><G47/><T103/><D74/><U66/><E9/><V24/><F102/><W131/><G131/><T128/><D128/><U19/><E83/><V123/><F123/><W5/><G5/><T80/><D21/><U60/><E60/><V7/><F24/><W14/><G127/><T29/><D29/><U110/><E110/><V35/><F35/><W95/><G107/><T122/><D122/><U54/><E54/><V62/><F78/><W79/><G79/><T31/><D31/><U55/><E55/><V73/><F73/><W11/><G26/><T18/><D94/><U135/><E135/><V99/><F99/><W97/><G95/><T52/><D103/><U88/><E22/><V67/><F67/><W101/><G101/><T50/><REACH who="0" step="1"/><D59/><REACH who="0" ten="201,191,329,269" step="2"/><N who="1" m="33191" /><E104/><V75/><F75/><W39/><G39/><T132/><D132/><U40/><E100/><V3/><F72/><W32/><G11/><T23/><D23/><U27/><E27/><V93/><F93/><W37/><G37/><T90/><D90/><U46/><E91/><V4/><F92/><W15/><G25/><T76/><D76/><U133/><E133/><V87/><F89/><W51/><G28/><T34/><D34/><U63/><E63/><V98/><F62/><W130/><G130/><T82/><D82/><RYUUKYOKU ba="0,1" sc="201,15,191,15,329,-15,269,-15" hai0="0,2,10,13,18,50,52,58,77,80,86,116,119" hai1="16,19,40,46,61,66,70,81,85,88" /><INIT seed="3,1,1,5,2,47" ten="216,206,314,254" oya="3" hai0="20,28,113,100,53,45,52,6,16,64,93,97,130" hai1="132,92,79,102,119,65,116,84,37,14,27,112,60" hai2="48,91,5,25,77,74,34,56,57,98,134,99,69" hai3="68,23,126,111,76,62,44,89,95,26,75,66,21"/><W40/><G126/><T8/><D130/><U73/><E112/><V83/><F69/><W123/><G123/><T50/><D113/><U4/><E37/><V125/><F5/><W43/><G111/><T41/><D28/><U67/><E27/><V81/><F134/><W49/><G43/><T70/><D64/><U17/><E4/><V118/><F57/><W85/><G26/><T121/><D70/><U101/><E132/><V1/><F1/><W104/><G104/><T46/><D46/><U0/><E0/><V54/><F118/><N who="1" m="45097" /><E73/><V103/><F125/><W135/><G135/><T59/><D59/><N who="1" m="37023" /><E67/><V108/><F108/><W36/><G36/><T42/><D42/><U82/><E92/><V58/><F58/><W19/><G19/><T18/><D121/><U115/><E115/><V22/><F34/><W109/><G109/><T78/><D78/><U114/><E114/><V31/><F77/><W7/><G7/><T51/><D51/><U131/><E131/><V117/><F74/><W71/><G71/><T55/><REACH who="0" step="1"/><D20/><AGARI ba="1,1" hai="14,17,20,79,82,84,101,102" m="37023,45097" machi="20" ten="30,1000,0" yaku="12,1" doraHai="47" who="1" fromWho="0" sc="216,-13,206,23,314,0,254,0" owari="203,-29.7,229,-17.1,314,41.4,254,5.4" /></mjloggm>