<mjloggm ver="2.3"><GO type="225" lobby="0"/><UN n0="%6D%75%75%73%61%6E%6D%75" n1="%E3%81%BF%E3%81%BF%E3%81%9A" n2="%E6%A1%9C%E8%8A%B1%E9%96%83%E3%80%85" n3="%72%69%6F%75%63%68%61%6E" dan="16,18,16,16" rate="2073.48,2313.19,2226.67,2174.45" sx="F,M,M,M"/><TAIKYOKU oya="0"/><INIT seed="0,0,0,5,2,84" ten="250,250,250,250" oya="0" hai0="47,74,95,46,124,116,70,6,134,111,27,10,115" hai1="69,82,53,130,118,5,7,114,119,20,48,77,133" hai2="50,57,33,129,101,86,15,117,107,29,128,25,23" hai3="106,127,67,51,98,8,92,45,113,54,1,108,56"/><T17/><D115/><U105/><E105/><V135/><F135/><W104/><G113/><T19/><D116/><U83/><E114/><V31/><F117/><W38/><G108/><T63/><D74/><U39/><E39/><V14/><F29/><W61/><G127/><T99/><D124/><U126/><E69/><V11/><F33/><W80/><G80/><T58/><D70/><U36/><E36/><V91/><F107/><W103/><REACH who="3" step="1"/><G38/><REACH who="3" ten="250,250,250,240" step="2"/><T96/><D111/><U41/><E126/><V79/><F128/><W43/><G43/><T60/><D134/><U125/><E41/><V71/><F129/><W12/><G12/><T89/><D46/><N who="1" m="27799" /><E130/><V59/><F15/><W18/><G18/><T32/><D47/><U34/><E125/><V75/><F14/><W132/><G132/><T16/><D6/><AGARI ba="0,1" hai="1,6,8,45,51,54,56,61,67,92,98,103,104,106" machi="6" ten="40,2600,0" yaku="1,1,53,1" doraHai="84" doraHaiUra="3" who="3" fromWho="0" sc="250,-26,250,0,250,0,240,36" /><INIT seed="1,0,0,5,4,36" ten="224,250,250,276" oya="1" hai0="120,44,10,71,25,95,111,24,43,80,9,47,0" hai1="84,56,113,88,91,20,127,106,4,98,100,131,38" hai2="74,7,70,133,65,135,64,109,55,126,41,3,27" hai3="119,37,78,33,82,61,124,54,21,48,30,19,62"/><U122/><E113/><V39/><F109/><W86/><G124/><T108/><D71/><U116/><E116/><V35/><F74/><W89/><G119/><T26/><D120/><U66/><E122/><V45/><F126/><W110/><G110/><N who="0" m="42027" /><D0/><U76/><E127/><V1/><F55/><W17/><G37/><N who="0" m="21615" /><D47/><U77/><E38/><V18/><F18/><N who="3" m="6667" /><G33/><T93/><D80/><U68/><E68/><V34/><F65/><W16/><G30/><T101/><D101/><U114/><E114/><V96/><F96/><W31/><G31/><T128/><D128/><U32/><E32/><N who="2" m="12331" /><F27/><N who="0" m="6914" /><T105/><DORA hai="102" /><D105/><U94/><E131/><V103/><F103/><W58/><G89/><T53/><D53/><U132/><E20/><V52/><F52/><W8/><G21/><T63/><D63/><U115/><E115/><V92/><F92/><AGARI ba="0,0" hai="9,10,92,93,95" m="6914,21615,42027" machi="92" ten="40,2600,0" yaku="14,1,52,1" doraHai="36,102" who="0" fromWho="2" sc="224,26,250,0,250,-26,276,0" /><INIT seed="2,0,0,4,4,32" ten="250,250,224,276" oya="2" hai0="71,120,99,123,27,10,106,16,38,52,92,69,117" hai1="72,57,19,125,15,67,37,4,122,42,63,50,24" hai2="58,94,76,115,98,104,110,131,53,9,119,28,118" hai3="107,70,39,56,64,77,44,96,113,40,60,82,114"/><V49/><F115/><W124/><G124/><T87/><D117/><U41/><E72/><V34/><F104/><W75/><REACH who="3" step="1"/><G56/><REACH who="3" ten="250,250,224,266" step="2"/><T74/><D71/><U105/><E57/><V43/><F119/><W103/><AGARI ba="0,1" hai="39,40,44,60,64,70,75,77,82,96,103,107,113,114" machi="103" ten="30,8000,1" yaku="1,1,2,1,0,1,23,2,53,0" doraHai="32" doraHaiUra="46" who="3" fromWho="3" sc="250,-20,250,-20,224,-40,266,90" /><INIT seed="3,0,0,4,5,74" ten="230,230,184,356" oya="3" hai0="69,97,93,119,108,100,126,45,101,68,89,18,46" hai1="61,39,116,78,71,121,43,4,40,17,37,1,132" hai2="95,67,25,84,92,29,44,34,31,77,129,63,21" hai3="87,6,22,57,85,13,83,118,107,72,79,86,32"/><W12/><G118/><T103/><D119/><U23/><E121/><V2/><F129/><W9/><G32/><T96/><D108/><U134/><E116/><V58/><F2/><W16/><G107/><T30/><D126/><U38/><E78/><V56/><F44/><W122/><G122/><T109/><D109/><U98/><E98/><V19/><F58/><W55/><G72/><T33/><D33/><U41/><E4/><V36/><F36/><W28/><G28/><T5/><D30/><U124/><E1/><V49/><F49/><AGARI ba="0,0" hai="6,9,12,13,16,22,49,55,57,79,83,85,86,87" machi="49" ten="30,11600,0" yaku="7,1,8,1,52,1,54,1" doraHai="74" who="3" fromWho="2" sc="230,0,230,0,184,-116,356,116" owari="230,3.0,230,-17.0,68,-43.2,472,57.2" /></mjloggm>