<mjloggm ver="2.3"><GO type="225" lobby="0"/><UN n0="%72%61%6B%33" n1="%E3%81%A1%E3%82%85%E3%81%86%E3%81%A9%E3%81%8F%E8%B1%A1%E3%81%95%E3%82%93" n2="%E8%81%B7%E6%A5%AD%E3%80%81%E9%A2%A8%32" n3="%E5%A4%96%E5%B7%9D%E7%AB%9C%E6%88%90" dan="16,17,16,16" rate="2179.48,2136.82,2098.23,2113.39" sx="M,M,M,M"/><TAIKYOKU oya="0"/><INIT seed="0,0,0,3,2,134" ten="250,250,250,250" oya="0" hai0="45,35,93,124,73,38,27,16,113,64,49,37,28" hai1="116,69,130,123,74,128,57,66,48,76,51,53,86" hai2="103,14,96,62,31,133,121,65,94,70,101,112,36" hai3="43,72,77,118,41,110,20,126,91,114,17,88,29"/><T52/><BYE who="1" /><D113/><U92/><E92/><V132/><F36/><W109/><G114/><T6/><D73/><U55/><E55/><V135/><F121/><W90/><G118/><T80/><D124/><U0/><E0/><V68/><F112/><W19/><G126/><T108/><D108/><N who="3" m="41577" /><G29/><T95/><D6/><U102/><E102/><N who="2" m="38923" /><F31/><W131/><G131/><T97/><D80/><U106/><E106/><V120/><F120/><W46/><G20/><T12/><D64/><U99/><E99/><V60/><F14/><W30/><G30/><T15/><D15/><U10/><E10/><V7/><F7/><W44/><G77/><T50/><D50/><U34/><E34/><V105/><F105/><W13/><G72/><T61/><D61/><N who="2" m="23658" /><F65/><W25/><G25/><T82/><D82/><U4/><E4/><V1/><F1/><W58/><G13/><T78/><D78/><U33/><E33/><V71/><F94/><W21/><G21/><T47/><D47/><N who="3" m="17961" /><G58/><T22/><REACH who="0" step="1"/><D95/><REACH who="0" ten="240,250,250,250" step="2"/><U117/><E117/><V3/><F3/><W115/><G115/><T104/><D104/><U122/><E122/><V89/><F71/><W111/><G111/><T56/><D56/><U75/><E75/><V125/><F125/><W40/><AGARI ba="0,1" hai="17,19,40,41,43,88,90,91" m="17961,41577" machi="40" ten="40,8000,1" yaku="28,2,14,1,54,1" doraHai="134" who="3" fromWho="3" sc="240,-40,250,-20,250,-20,250,90" /><INIT seed="1,0,0,0,4,24" ten="200,230,230,340" oya="1" hai0="97,102,83,30,45,115,51,96,133,123,49,14,35" hai1="42,91,11,36,48,112,58,59,76,60,131,74,92" hai2="8,94,87,20,122,79,32,113,29,44,64,53,114" hai3="27,6,106,99,62,17,88,89,119,61,98,69,4"/><U33/><E33/><V19/><F122/><W12/><G119/><T70/><D115/><N who="2" m="44042" /><F64/><W38/><G38/><T110/><D123/><U134/><E134/><V82/><F8/><W101/><G27/><T95/><D133/><U46/><E46/><V128/><F128/><W43/><G43/><T86/><D110/><U3/><E3/><V55/><F44/><W132/><G132/><T9/><D70/><U125/><E125/><V65/><F65/><W107/><G69/><T100/><D35/><U26/><E26/><N who="2" m="18487" /><F94/><W129/><G129/><T40/><D30/><U68/><E68/><V18/><F20/><W66/><G66/><T34/><D34/><U77/><E77/><V72/><F72/><W118/><G118/><T104/><D45/><U52/><E52/><AGARI ba="0,0" hai="18,19,52,53,55,79,82,87" m="18487,44042" machi="52" ten="30,3900,0" yaku="11,1,52,1,54,1" doraHai="24" who="2" fromWho="1" sc="200,0,230,-39,230,39,340,0" /><INIT seed="2,0,0,0,0,58" ten="200,191,269,340" oya="2" hai0="115,44,14,87,105,32,29,38,33,71,108,83,3" hai1="88,104,126,59,133,21,2,54,91,93,10,116,75" hai2="63,30,122,7,42,56,99,6,135,89,78,84,9" hai3="22,13,31,94,26,20,60,64,111,127,118,37,85"/><V72/><F135/><W43/><G118/><T48/><D115/><U97/><E97/><V82/><F122/><W11/><G111/><T5/><D105/><U53/><E53/><V69/><F30/><W77/><G127/><T132/><D38/><U109/><E109/><V52/><F42/><W68/><G43/><T40/><D132/><U110/><E110/><V25/><F25/><W79/><G22/><T61/><D3/><U123/><E123/><V86/><F69/><W128/><G128/><T130/><D130/><U100/><E100/><V76/><F76/><W103/><G37/><T106/><D106/><U46/><E46/><V131/><F131/><W80/><G79/><T121/><D121/><U0/><E0/><V1/><REACH who="2" step="1"/><F7/><REACH who="2" ten="200,191,259,340" step="2"/><W50/><G26/><T24/><D108/><U125/><E125/><V45/><F45/><W65/><G31/><T92/><D71/><U23/><E23/><V129/><F129/><W90/><G68/><T74/><D32/><U18/><E18/><V35/><F35/><W70/><G20/><T113/><D33/><U117/><E117/><V47/><F47/><W4/><G77/><T101/><D24/><U16/><E16/><V95/><AGARI ba="0,1" hai="1,6,9,52,56,63,72,78,82,84,86,89,95,99" machi="95" ten="30,11700,0" yaku="1,1,0,1,52,1,54,1,53,0" doraHai="58" doraHaiUra="8" who="2" fromWho="2" sc="200,-39,191,-39,259,127,340,-39" /><INIT seed="2,1,0,0,4,42" ten="161,152,386,301" oya="2" hai0="105,102,34,22,35,132,12,24,59,61,98,20,29" hai1="56,93,84,23,128,49,3,100,68,52,37,79,66" hai2="80,73,43,130,8,60,111,86,101,94,38,36,39" hai3="1,95,113,126,57,127,13,72,120,69,135,9,89"/><V85/><F130/><W77/><G120/><T30/><D132/><U129/><E129/><V75/><F111/><W71/><G1/><T33/><D12/><U88/><E88/><V104/><F43/><W15/><G135/><T53/><REACH who="0" step="1"/><D22/><REACH who="0" ten="151,152,386,301" step="2"/><U48/><E48/><V117/><F39/><W121/><G15/><T134/><D134/><U91/><E91/><V26/><F38/><W81/><G13/><T62/><D62/><U11/><E11/><V87/><F60/><W123/><G9/><T7/><D7/><U99/><E99/><V114/><F36/><W63/><G123/><T115/><D115/><U0/><E0/><V125/><F114/><W10/><G10/><T5/><D5/><U32/><E32/><V116/><F8/><W50/><G121/><T45/><D45/><U47/><E47/><V4/><F4/><W82/><G113/><T107/><D107/><U55/><E55/><V17/><F104/><W119/><G63/><T112/><D112/><U58/><E58/><V2/><F2/><W76/><G57/><T133/><D133/><U83/><E83/><V6/><F80/><W44/><G81/><T90/><D90/><U96/><E96/><V41/><F6/><W70/><G82/><T92/><D92/><U106/><E106/><V40/><F94/><W28/><G95/><T122/><D122/><U31/><E31/><AGARI ba="1,1" hai="20,24,29,30,31,33,34,35,53,59,61,98,102,105" machi="31" ten="40,1300,0" yaku="1,1,53,0" doraHai="42" doraHaiUra="14" who="0" fromWho="1" sc="151,26,152,-16,386,0,301,0" /><INIT seed="3,0,0,2,3,80" ten="177,136,386,301" oya="3" hai0="6,66,73,134,38,60,112,100,7,52,97,88,15" hai1="118,110,44,83,10,96,93,107,124,55,102,59,120" hai2="20,49,50,76,65,71,84,32,16,94,95,4,17" hai3="106,115,125,121,91,74,98,5,58,90,31,99,28"/><W61/><G121/><T130/><D73/><U64/><E64/><V116/><F32/><W41/><G115/><T56/><D112/><U68/><E68/><V77/><F71/><W63/><G74/><T34/><D34/><U92/><E92/><N who="2" m="35371" /><F65/><W57/><G41/><T103/><D134/><U19/><E19/><N who="2" m="7243" /><F4/><W79/><G5/><T108/><D130/><U22/><E22/><V131/><F131/><W82/><G82/><T1/><D108/><U27/><E27/><V85/><F116/><W51/><G51/><N who="2" m="19465" /><F20/><W114/><G114/><T37/><D7/><U132/><E132/><V87/><AGARI ba="0,0" hai="76,77,84,85,87" m="19465,7243,35371" machi="87" ten="40,12000,2" yaku="28,2,8,1,52,3,54,1" doraHai="80" who="2" fromWho="2" sc="177,-30,136,-30,386,120,301,-60" owari="147,-25.3,106,-39.4,506,60.6,241,4.1" /></mjloggm>