<mjloggm ver="2.3"><GO type="225" lobby="0"/><UN n0="%E5%84%AA%40%41%42%43" n1="%28%EF%BF%A3%E2%96%BD%EF%BF%A3%29%CE%B4%E2%8C%92%E3%83%BB" n2="%E7%BD%AA%E5%88%91%E6%B3%95%E5%AE%9A%E4%B8%BB%E7%BE%A9" n3="%72%69%6F%75%63%68%61%6E" dan="17,16,16,17" rate="2167.55,2125.91,2123.55,2182.38" sx="M,M,M,M"/><TAIKYOKU oya="0"/><INIT seed="0,0,0,5,3,108" ten="250,250,250,250" oya="0" hai0="88,84,17,72,19,85,22,26,65,70,0,95,112" hai1="5,6,16,51,12,11,60,115,1,81,135,39,10" hai2="119,122,110,4,79,50,29,134,48,30,127,107,124" hai3="116,32,126,99,63,47,69,105,74,44,93,114,75"/><T120/><D120/><U129/><E39/><V68/><F122/><W106/><G114/><T55/><D72/><U76/><E129/><V28/><F107/><W125/><G32/><T133/><D0/><U77/><E135/><V15/><F68/><W20/><G116/><T87/><D133/><U57/><E51/><N who="2" m="19499" /><F134/><W100/><G20/><T66/><D112/><U96/><E115/><V117/><F79/><W24/><G24/><T21/><D55/><U118/><E118/><N who="2" m="45067" /><F110/><W91/><G105/><T27/><D70/><U83/><E96/><AGARI ba="0,0" hai="17,19,21,22,26,27,65,66,84,85,87,88,95,96" machi="96" ten="40,7700,0" yaku="9,1,8,1,54,1" doraHai="108" who="0" fromWho="1" sc="250,77,250,-77,250,0,250,0" /><INIT seed="0,1,0,0,5,90" ten="327,173,250,250" oya="0" hai0="70,129,77,128,135,107,112,30,108,15,21,44,87" hai1="22,119,35,125,5,60,4,26,53,27,67,1,6" hai2="14,133,110,13,117,25,101,17,42,92,102,3,69" hai3="104,86,115,32,82,23,56,96,79,16,74,113,95"/><T89/><D112/><U111/><E53/><V66/><F3/><W124/><G32/><T91/><D70/><U12/><E60/><V58/><F69/><W118/><G118/><T132/><D44/><U33/><E67/><V131/><F110/><W28/><G28/><T38/><D38/><U40/><E40/><V120/><F120/><W97/><G124/><T100/><D15/><N who="2" m="5642" /><F117/><W109/><G109/><T105/><D21/><U72/><E72/><V2/><F2/><W68/><G68/><T31/><D108/><U8/><E111/><V134/><F42/><W106/><G56/><T78/><D87/><U84/><E84/><V39/><F39/><W18/><G18/><T43/><D43/><U65/><E65/><V81/><F81/><W122/><G122/><T64/><D100/><N who="2" m="38506" /><F131/><W127/><G127/><T55/><D55/><U98/><E98/><N who="3" m="37994" /><G16/><T57/><D57/><U54/><E54/><V47/><F47/><W41/><G23/><T76/><D78/><U62/><E62/><N who="2" m="38231" /><F17/><W61/><G61/><T19/><D64/><U83/><E83/><V29/><F25/><N who="1" m="9225" /><E125/><V37/><F29/><W85/><G41/><T36/><D19/><N who="1" m="10599" /><E119/><V9/><F37/><W52/><G52/><T50/><REACH who="0" step="1"/><D36/><REACH who="0" ten="317,173,250,250" step="2"/><U11/><E4/><V0/><F9/><W114/><G74/><T94/><D94/><U73/><E73/><V116/><F116/><W51/><G51/><AGARI ba="1,1" hai="30,31,50,51,76,77,89,91,105,107,128,129,132,135" machi="51" ten="25,12000,1" yaku="1,1,22,2,53,2" doraHai="90" doraHaiUra="75" who="0" fromWho="3" sc="317,133,173,0,250,0,250,-123" /><INIT seed="0,2,0,1,0,63" ten="450,173,250,127" oya="0" hai0="79,89,77,121,1,70,127,36,78,31,2,6,52" hai1="55,68,71,4,25,58,122,81,74,35,45,76,115" hai2="14,111,62,125,10,102,49,75,40,8,53,34,54" hai3="30,9,57,72,17,82,92,69,19,133,88,94,99"/><T56/><D121/><U104/><E122/><V28/><F75/><W39/><G69/><T50/><D36/><U128/><E104/><V112/><F112/><W12/><G39/><T18/><D70/><U27/><E115/><V84/><F111/><W103/><G133/><T47/><D31/><U11/><E45/><V124/><F102/><W134/><G134/><T44/><D127/><U120/><E120/><V64/><F28/><W101/><G30/><T96/><D6/><U130/><E71/><V126/><F34/><W48/><G17/><T42/><D44/><U118/><E68/><N who="2" m="42007" /><F8/><W117/><G117/><T13/><D96/><U59/><E118/><V80/><F40/><W100/><G82/><T86/><D42/><U20/><E35/><V22/><F22/><W107/><G72/><T123/><D123/><U43/><E43/><V105/><F49/><W37/><G37/><T67/><D67/><U131/><E20/><V97/><F97/><W7/><G107/><T32/><D32/><U51/><REACH who="1" step="1"/><E59/><REACH who="1" ten="450,163,250,127" step="2"/><V119/><F105/><W61/><G48/><T16/><D56/><U83/><E83/><V33/><F33/><W129/><G129/><T0/><REACH who="0" step="1"/><D13/><AGARI ba="2,1" hai="4,11,13,25,27,51,55,58,74,76,81,128,130,131" machi="13" ten="40,2600,0" yaku="1,1,19,1,53,0" doraHai="63" doraHaiUra="116" who="1" fromWho="0" sc="450,-32,163,42,250,0,127,0" /><INIT seed="1,0,0,5,1,65" ten="418,205,250,127" oya="1" hai0="59,36,18,26,43,134,79,9,81,80,53,116,129" hai1="103,3,86,105,106,96,90,122,56,70,109,131,127" hai2="85,104,97,31,89,132,24,7,72,49,34,5,102" hai3="130,37,61,119,121,47,124,125,35,50,82,21,38"/><U111/><E3/><V39/><F39/><N who="3" m="14859" /><G21/><T42/><D116/><U112/><E56/><V71/><F132/><W41/><G82/><T30/><D129/><U67/><E67/><V91/><F91/><W57/><G35/><T101/><D101/><U69/><E106/><V66/><F72/><W92/><G92/><T8/><D134/><U64/><E64/><V107/><F107/><W25/><G25/><T108/><D108/><N who="1" m="41547" /><E131/><V133/><F133/><W16/><G16/><T128/><D59/><U126/><E112/><V58/><F58/><W87/><G87/><T68/><D128/><U94/><E122/><V15/><F49/><W51/><G130/><T60/><D60/><U135/><E135/><V44/><F44/><N who="3" m="25871" /><G121/><T46/><D46/><U2/><E2/><V40/><F15/><W10/><G10/><T48/><D36/><U95/><E105/><V11/><F11/><W93/><G93/><T74/><D9/><U100/><E103/><V78/><F78/><W84/><G84/><T83/><D8/><U115/><E115/><V113/><F113/><W6/><G6/><T4/><D74/><U1/><E1/><V110/><F110/><W123/><G123/><T120/><D4/><U13/><E13/><V114/><F114/><W88/><G119/><T73/><D120/><U12/><E12/><V23/><F23/><W54/><G88/><T0/><D0/><U45/><E45/><V32/><F32/><W19/><G19/><T28/><D73/><U14/><E14/><V55/><F5/><W27/><G27/><T62/><D26/><U20/><E20/><RYUUKYOKU ba="0,0" sc="418,-15,205,15,250,-15,127,15" hai1="69,70,86,90,94,95,96,100,126,127" hai3="47,51,54,57,61,124,125" /><INIT seed="1,1,0,0,3,8" ten="403,220,235,142" oya="1" hai0="16,57,15,120,123,132,89,53,121,38,3,108,84" hai1="100,49,7,58,33,34,28,80,82,117,13,42,99" hai2="104,75,19,83,2,71,86,10,70,59,27,72,78" hai3="56,63,122,92,74,18,79,0,37,44,124,23,133"/><U127/><E117/><V51/><F104/><W81/><G124/><T5/><D108/><U91/><E127/><V102/><F102/><W9/><G133/><T118/><D118/><U12/><E7/><V14/><F2/><W88/><G122/><T40/><D132/><U114/><E114/><V62/><F27/><W43/><G0/><T30/><D30/><U11/><E11/><V126/><F126/><W94/><G9/><T67/><D67/><U17/><E17/><V97/><F97/><W69/><G69/><T31/><D31/><U135/><E135/><V25/><F25/><W106/><G106/><T48/><D5/><U6/><E6/><V113/><F113/><W90/><G94/><N who="0" m="54567" /><D3/><U61/><E49/><V128/><F128/><W130/><G130/><T65/><D65/><U22/><E42/><V29/><F29/><W109/><G109/><T39/><D40/><U129/><E129/><V131/><F131/><W125/><G125/><T46/><D46/><U115/><E115/><V116/><F116/><W55/><REACH who="3" step="1"/><G92/><REACH who="3" ten="403,220,235,132" step="2"/><T68/><D68/><U93/><E93/><V77/><F71/><W24/><AGARI ba="1,1" hai="18,23,24,37,43,44,55,56,63,74,79,81,88,90" machi="24" ten="20,8000,1" yaku="1,1,2,1,0,1,7,1,54,1,53,0" doraHai="8" doraHaiUra="103" who="3" fromWho="3" sc="403,-21,220,-41,235,-21,132,93" /><INIT seed="2,0,0,1,2,24" ten="382,179,214,225" oya="2" hai0="25,19,126,97,8,76,16,128,117,108,70,5,134" hai1="113,133,73,81,96,121,20,90,37,64,11,9,102" hai2="4,79,72,42,53,57,122,103,61,129,131,77,98" hai3="86,110,35,13,47,74,38,115,71,58,68,124,106"/><V22/><F122/><W88/><G74/><T123/><D76/><U130/><E37/><V51/><F4/><W112/><G110/><T116/><D70/><U125/><E121/><V55/><F42/><N who="3" m="22999" /><G106/><T91/><D123/><U109/><E113/><N who="3" m="43594" /><G35/><T43/><D43/><U44/><E109/><V6/><F6/><W83/><G124/><T94/><D128/><N who="2" m="49226" /><F72/><W28/><G28/><T105/><D134/><U99/><E130/><V69/><F22/><W33/><G33/><T0/><D126/><U62/><E125/><V59/><F69/><W23/><G58/><T65/><D65/><U49/><E133/><V104/><AGARI ba="0,0" hai="51,53,55,57,59,61,77,79,98,103,104" m="49226" machi="104" ten="30,1500,0" yaku="19,1" doraHai="24" who="2" fromWho="2" sc="382,-5,179,-5,214,15,225,-5" /><INIT seed="2,1,0,1,2,90" ten="377,174,229,220" oya="2" hai0="116,24,57,102,83,86,97,31,128,40,8,56,13" hai1="109,29,96,115,124,114,3,82,98,111,105,33,84" hai2="0,37,133,119,38,117,2,39,69,42,108,134,92" hai3="61,122,123,63,112,25,104,91,72,51,110,9,89"/><V23/><F23/><W118/><G72/><T48/><D128/><U18/><E18/><V107/><F107/><W21/><G118/><N who="2" m="45065" /><F42/><W47/><G110/><N who="1" m="41994" /><E3/><N who="2" m="1067" /><F108/><W4/><G112/><N who="1" m="43050" /><E29/><V44/><F44/><W94/><G104/><T46/><D116/><U53/><E33/><V87/><F87/><W30/><G123/><T60/><D60/><U127/><E53/><V125/><F125/><N who="1" m="48201" /><E105/><V93/><F69/><W106/><G122/><T100/><D31/><U85/><E85/><V113/><F113/><W55/><G106/><T34/><D24/><U77/><AGARI ba="1,0" hai="77,82,84,96,98" m="48201,43050,41994" machi="77" ten="40,8000,1" yaku="14,1,18,1,34,2" doraHai="90" who="1" fromWho="1" sc="377,-21,174,83,229,-41,220,-21" /><INIT seed="3,0,0,5,1,49" ten="356,257,188,199" oya="3" hai0="58,74,85,89,104,13,60,38,59,23,110,124,12" hai1="47,71,65,117,25,98,77,83,42,126,90,103,133" hai2="6,67,125,10,46,120,123,64,5,94,105,54,35" hai3="106,99,101,9,53,115,7,4,80,16,28,17,97"/><W34/><G115/><T30/><D74/><U61/><E90/><V26/><F105/><W78/><G99/><T129/><D38/><U100/><E126/><V68/><F125/><W130/><G130/><T0/><D0/><U15/><E133/><V118/><F118/><W3/><G4/><N who="2" m="1641" /><F10/><W122/><G122/><N who="2" m="46633" /><F68/><W132/><G132/><T11/><D104/><U24/><E15/><V56/><F46/><W108/><G108/><T62/><D110/><U75/><E117/><V88/><F26/><W43/><G43/><T87/><D87/><U2/><E103/><V20/><F20/><W69/><G69/><T39/><D23/><U95/><E2/><V113/><F35/><W128/><G128/><T131/><D30/><U18/><E18/><V79/><F79/><W29/><G29/><T63/><D11/><U111/><E111/><V50/><F113/><W45/><G28/><T37/><D124/><U8/><E8/><V70/><F70/><W44/><G34/><T40/><D13/><U116/><E116/><V52/><F54/><W72/><REACH who="3" step="1"/><G44/><REACH who="3" ten="356,257,188,189" step="2"/><T86/><D131/><U76/><E76/><V82/><F82/><W32/><G32/><T22/><D129/><U66/><E77/><V51/><F51/><AGARI ba="0,1" hai="3,7,9,16,17,45,51,53,72,78,80,97,101,106" machi="51" ten="40,12000,1" yaku="1,1,52,1,54,1,53,1" doraHai="49" doraHaiUra="48" who="3" fromWho="2" sc="356,0,257,0,188,-120,189,130" /><INIT seed="3,1,0,2,2,117" ten="356,257,68,319" oya="3" hai0="87,78,2,45,128,96,56,4,37,83,126,1,115" hai1="106,6,113,123,32,108,90,28,109,55,74,89,93" hai2="52,121,111,124,54,112,49,7,47,76,58,71,20" hai3="114,132,29,85,98,59,67,34,68,57,31,19,15"/><W63/><G114/><T33/><D115/><U36/><E113/><V131/><F20/><W5/><G132/><T25/><D126/><U97/><E36/><V104/><F7/><W60/><G5/><T92/><D128/><U75/><E6/><V94/><F94/><W135/><G135/><T30/><D4/><U46/><E106/><V22/><F22/><W101/><G85/><T72/><D72/><U14/><E14/><V40/><F76/><W102/><G34/><T125/><D125/><U127/><E127/><V107/><F107/><W44/><G44/><T35/><D35/><U88/><E75/><V110/><F104/><W24/><G24/><T11/><D11/><U8/><E74/><V134/><F124/><W26/><G26/><T77/><D78/><U82/><E8/><V61/><F134/><W79/><G79/><T80/><D83/><U91/><E82/><V62/><F112/><W118/><G118/><T13/><D56/><U42/><E42/><V73/><F73/><W129/><G129/><T105/><D105/><U95/><E93/><V122/><F131/><W84/><G84/><T50/><D37/><U27/><E46/><V100/><F100/><N who="3" m="38507" /><G98/><T21/><D13/><U69/><E69/><V86/><F86/><W3/><G3/><T16/><D33/><U53/><N who="1" m="22528" /><DORA hai="38" /><U51/><E109/><N who="2" m="41483" /><F54/><N who="3" m="33847" /><G68/><T9/><D96/><U39/><E97/><V48/><F71/><W41/><G29/><T10/><D92/><U133/><E95/><V81/><F81/><W0/><G15/><N who="0" m="7279" /><D10/><U18/><E28/><V116/><F116/><W103/><G31/><RYUUKYOKU ba="1,0" sc="356,15,257,-15,68,15,319,-15" hai0="1,2,21,25,30,45,50,77,80,87" hai2="40,47,48,49,52,58,61,62,121,122" owari="371,47.1,242,-15.8,83,-41.7,304,10.4" /></mjloggm>