<mjloggm ver="2.3"><GO type="225" lobby="0"/><UN n0="%E3%81%9F%E3%81%A3%E3%81%A1%E3%82%87" n1="%E6%97%A5%E6%9B%9C%E6%97%A5%E3%82%88%E3%82%8A%E3%81%AE%E4%BD%BF%E8%80%85" n2="%6D%75%75%6D%75%72%61" n3="%E6%80%AA%E3%81%97%E3%81%99%E3%81%8E%E3%82%8B%E3%83%81%E3%83%BC" dan="16,17,16,16" rate="2050.80,2165.48,2175.59,2106.26" sx="M,M,F,M"/><TAIKYOKU oya="0"/><INIT seed="0,0,0,1,0,106" ten="250,250,250,250" oya="0" hai0="49,8,51,35,48,81,95,113,92,0,130,40,100" hai1="68,21,123,108,89,5,94,102,13,24,107,34,104" hai2="11,74,71,14,69,20,93,32,56,105,91,72,116" hai3="28,23,61,37,119,98,73,122,112,57,55,79,121"/><T4/><D113/><U118/><E118/><V88/><F32/><W64/><G112/><T80/><D35/><U52/><E123/><N who="3" m="47114" /><G119/><T85/><D130/><U3/><E3/><V26/><F116/><W76/><G37/><T22/><D40/><U75/><E68/><V132/><F105/><W117/><G117/><T59/><D22/><U36/><E36/><V103/><F132/><W77/><G98/><T135/><D135/><U7/><E34/><V131/><F103/><W101/><G101/><T86/><D59/><U90/><E102/><V97/><F131/><W53/><G64/><T129/><D129/><U1/><E1/><V16/><F91/><W19/><G28/><T10/><D10/><U46/><E107/><V82/><F56/><W63/><G55/><T9/><D9/><U133/><E104/><V18/><REACH who="2" step="1"/><F82/><REACH who="2" ten="250,250,240,250" step="2"/><N who="3" m="45327" /><G61/><T110/><D110/><U134/><E108/><V47/><F47/><W50/><G63/><T128/><D128/><U33/><E46/><V17/><F17/><W125/><G125/><T15/><D100/><U2/><E134/><V12/><F12/><AGARI ba="0,1" hai="12,19,23,50,53,57,77,79" m="45327,47114" machi="12" ten="30,2000,0" yaku="13,1,52,1" doraHai="106" who="3" fromWho="2" sc="250,0,250,0,240,-20,250,30" /><INIT seed="1,0,0,1,2,111" ten="250,250,220,280" oya="1" hai0="129,79,55,7,65,67,29,1,6,17,72,117,135" hai1="81,24,4,25,96,131,103,98,92,88,97,56,104" hai2="77,13,9,38,76,32,40,52,90,105,93,64,20" hai3="23,120,107,109,22,54,14,3,99,74,83,68,19"/><U80/><E131/><V34/><F105/><W45/><G120/><T11/><D117/><U71/><E71/><V21/><F64/><W53/><G3/><T2/><D29/><U127/><E127/><V0/><F0/><W132/><G68/><T47/><D135/><U133/><E133/><V16/><F38/><W112/><G112/><T43/><D55/><U18/><E4/><V49/><F40/><W44/><G132/><T115/><D17/><U36/><E36/><V110/><F110/><W61/><G109/><T119/><D119/><U30/><E97/><V42/><F42/><W118/><G118/><T8/><D129/><U41/><E41/><V128/><F128/><W91/><G74/><T15/><D15/><U5/><E5/><N who="2" m="3247" /><F34/><W33/><G33/><T28/><D28/><U46/><E46/><N who="3" m="18026" /><G107/><T75/><D75/><U116/><E116/><V73/><F32/><W62/><G23/><T51/><D115/><U101/><E101/><V58/><F73/><W95/><G83/><AGARI ba="0,0" hai="1,2,6,7,8,11,43,47,51,65,67,72,79,83" machi="83" ten="40,1300,0" yaku="9,1" doraHai="111" who="0" fromWho="3" sc="250,13,250,0,220,0,280,-13" /><INIT seed="2,0,0,3,2,48" ten="263,250,220,267" oya="2" hai0="56,74,35,132,128,68,39,53,64,126,116,121,94" hai1="38,40,87,42,83,115,21,86,32,43,60,66,30" hai2="76,15,6,4,52,105,10,117,20,27,71,135,31" hai3="72,73,49,110,102,111,97,103,37,104,55,134,113"/><V101/><F71/><W98/><G37/><T46/><RYUUKYOKU type="yao9" ba="0,0" sc="263,0,250,0,220,0,267,0" hai0="35,39,46,53,56,64,68,74,94,116,121,126,128,132" /><INIT seed="2,1,0,2,4,112" ten="263,250,220,267" oya="2" hai0="108,7,48,125,29,41,3,71,89,76,44,96,120" hai1="0,8,9,126,70,14,131,119,20,57,109,81,84" hai2="104,86,117,100,21,58,92,42,15,26,55,37,128" hai3="83,6,5,11,32,130,30,51,27,124,122,127,35"/><V50/><F128/><W18/><G83/><T67/><D120/><U38/><E70/><V72/><F72/><W73/><G51/><T107/><D108/><U47/><E38/><V54/><F117/><W114/><G73/><T23/><D125/><N who="3" m="48201" /><G122/><T65/><D71/><U75/><E75/><V79/><F104/><W34/><G114/><T19/><D29/><U99/><E47/><N who="2" m="25975" /><F37/><W69/><G69/><T33/><D33/><N who="3" m="12905" /><G130/><T93/><D76/><U52/><E131/><V10/><F79/><W77/><G77/><T31/><D31/><U134/><E126/><V61/><F26/><W101/><G101/><T80/><D80/><U24/><E81/><V111/><F111/><W43/><G43/><T135/><D107/><U95/><E24/><V66/><F21/><W118/><G118/><T82/><D82/><U133/><E20/><V132/><F132/><W59/><G59/><T78/><D135/><U1/><E119/><V60/><F60/><W62/><G62/><T113/><D78/><U17/><E109/><V116/><F116/><W40/><G40/><T63/><D63/><N who="1" m="36263" /><E134/><V94/><F94/><W36/><G36/><T46/><D113/><U68/><E133/><V39/><F39/><W16/><G6/><T2/><D7/><N who="1" m="1127" /><E68/><V98/><F86/><W105/><G105/><T12/><REACH who="0" step="1"/><D44/><REACH who="0" ten="253,250,220,267" step="2"/><U28/><E95/><V97/><F92/><W49/><G49/><T25/><D25/><U115/><E115/><V4/><F100/><W53/><G53/><AGARI ba="1,1" hai="4,10,15,53,54,55,58,61,66,97,98" m="25975" machi="53" ten="30,1500,0" yaku="8,1" doraHai="112" who="2" fromWho="3" sc="253,0,250,0,220,28,267,-18" /><INIT seed="2,2,0,3,0,135" ten="253,250,248,249" oya="2" hai0="106,27,62,76,94,92,58,77,48,84,30,110,28" hai1="127,114,46,87,12,122,71,97,70,53,109,104,59" hai2="125,44,45,33,63,34,99,57,105,4,68,128,51" hai3="20,17,108,124,107,88,5,15,24,118,52,38,47"/><V54/><F128/><W21/><G107/><T101/><D110/><U82/><E114/><V43/><F125/><W81/><G124/><T50/><D106/><U130/><E127/><V10/><F68/><W115/><G118/><T80/><D76/><U64/><E64/><V18/><F18/><W75/><G108/><T90/><D101/><U116/><E116/><V60/><F105/><W42/><G115/><T29/><D27/><U120/><E46/><V86/><F99/><W72/><G5/><T40/><D40/><U102/><E12/><V69/><F86/><W89/><G52/><T25/><D25/><U93/><E104/><V123/><F123/><N who="1" m="47145" /><E130/><V39/><F63/><W121/><G121/><T31/><N who="0" m="7168" /><DORA hai="65" /><T49/><REACH who="0" step="1"/><D77/><REACH who="0" ten="243,250,248,249" step="2"/><N who="1" m="46543" /><E109/><V13/><REACH who="2" step="1"/><F69/><REACH who="2" ten="243,250,238,249" step="2"/><W36/><G75/><T26/><D26/><U91/><E102/><V103/><F103/><W35/><G72/><T85/><D85/><U32/><E32/><V83/><F83/><W6/><G81/><T67/><AGARI ba="2,2" hai="48,49,50,58,62,67,80,84,90,92,94" m="7168" machi="67" ten="50,8000,1" yaku="1,1,0,1,8,1,53,1" doraHai="135,65" doraHaiUra="78,95" who="0" fromWho="0" sc="243,106,250,-22,238,-42,249,-22" /><INIT seed="3,0,0,3,0,0" ten="349,228,196,227" oya="3" hai0="63,27,58,64,1,92,106,90,109,3,128,31,43" hai1="32,61,22,65,6,17,102,113,19,74,107,125,13" hai2="100,56,28,12,99,36,38,47,30,82,115,20,24" hai3="103,76,112,118,119,124,9,104,129,101,40,88,60"/><W29/><G112/><T21/><D106/><U69/><E74/><V18/><F115/><W89/><G129/><T122/><D109/><U96/><E113/><V37/><F82/><W126/><G40/><T11/><D122/><U91/><E125/><N who="3" m="48234" /><G29/><T130/><D43/><U70/><E32/><V83/><F47/><W16/><G76/><T67/><D67/><U62/><E91/><N who="3" m="34890" /><G60/><T48/><D48/><U72/><E62/><V46/><F46/><W117/><G104/><T97/><REACH who="0" step="1"/><D11/><REACH who="0" ten="339,228,196,227" step="2"/><U7/><E107/><V85/><F38/><W10/><G10/><T94/><D94/><U133/><E65/><V80/><F56/><W23/><G9/><T105/><D105/><U68/><E68/><V57/><F57/><W59/><G59/><T53/><D53/><U39/><E69/><V66/><F66/><W34/><G34/><T55/><D55/><U110/><E70/><V114/><F114/><W78/><G78/><T84/><D84/><U33/><E110/><V95/><F37/><W35/><G35/><T50/><D50/><U79/><E33/><V116/><F36/><W81/><G81/><T127/><D127/><U121/><E39/><V77/><F83/><W123/><G123/><T2/><AGARI ba="0,1" hai="1,2,3,21,27,31,58,63,64,90,92,97,128,130" machi="2" ten="40,2700,0" yaku="1,1,0,1,53,0" doraHai="0" doraHaiUra="4" who="0" fromWho="0" sc="339,37,228,-7,196,-7,227,-13" owari="376,47.6,221,2.1,189,-31.1,214,-18.6" /></mjloggm>