<mjloggm ver="2.3"><GO type="225" lobby="0"/><UN n0="%E5%B0%8F%E9%B3%A5%E9%81%8A%E7%B7%B4%E7%84%A1%32%31%E6%AD%B3" n1="%E3%81%99%E3%81%84%E3%81%BE%E3%81%9B%E3%83%BC%E3%82%93" n2="%73%6C%69%63%6B%33%31%39" n3="%4C%4F%4C%49%54%41" dan="16,17,16,16" rate="2137.23,2246.70,2076.02,2215.21" sx="F,M,M,F"/><TAIKYOKU oya="0"/><INIT seed="0,0,0,5,5,25" ten="250,250,250,250" oya="0" hai0="9,33,24,50,19,14,18,31,17,43,11,93,121" hai1="134,56,36,127,123,46,77,129,130,32,49,40,109" hai2="114,53,26,132,37,115,95,94,106,119,118,0,57" hai3="47,124,3,35,112,45,44,89,39,58,122,55,12"/><T64/><D121/><U13/><E32/><V38/><F106/><W96/><G3/><T101/><D64/><U104/><E104/><V29/><F0/><W126/><G112/><N who="2" m="43049" /><F94/><N who="3" m="56399" /><G35/><T73/><D73/><U42/><E123/><V54/><F95/><W59/><G122/><T5/><D50/><U66/><E77/><V133/><F53/><W6/><G39/><N who="2" m="14857" /><F26/><W69/><G69/><T76/><D43/><U41/><E13/><V97/><F29/><W75/><G75/><T21/><D76/><U51/><E127/><N who="3" m="48682" /><G55/><T88/><D101/><U67/><E42/><V107/><F97/><W10/><AGARI ba="0,0" hai="6,10,12,44,45,47,58,59" m="48682,56399" machi="10" ten="40,1500,0" yaku="18,1" doraHai="25" who="3" fromWho="3" sc="250,-7,250,-4,250,-4,250,15" /><INIT seed="1,0,0,3,2,66" ten="243,246,246,265" oya="1" hai0="53,90,130,78,35,61,69,13,41,56,14,55,50" hai1="40,48,106,135,24,43,21,129,36,16,0,113,116" hai2="68,4,107,3,22,131,95,112,57,79,29,51,47" hai3="123,81,39,83,70,60,7,101,89,33,32,75,15"/><U94/><E106/><V10/><F107/><W1/><G123/><T73/><D35/><U49/><E113/><V5/><F112/><W18/><G39/><T19/><D130/><U28/><E116/><V109/><F131/><W37/><G37/><T126/><D126/><U110/><E129/><V86/><F4/><W31/><G101/><T76/><D41/><N who="1" m="15947" /><E0/><V23/><F68/><W104/><G104/><T91/><D13/><U92/><E36/><V11/><F11/><W72/><G7/><T117/><D117/><U111/><E28/><V119/><F57/><W128/><G1/><T87/><D91/><U42/><E135/><V84/><F29/><W100/><G100/><T122/><D69/><U85/><E85/><V30/><F86/><W134/><G134/><T9/><D73/><U77/><E77/><V96/><F30/><W115/><G115/><T108/><D108/><N who="1" m="41515" /><E49/><V125/><F84/><N who="3" m="50319" /><G31/><T71/><D122/><U54/><N who="1" m="15955" /><U102/><DORA hai="105" /><E102/><N who="2" m="60703" /><F79/><N who="3" m="44519" /><G75/><T44/><REACH who="0" step="1"/><D71/><REACH who="0" ten="233,246,246,265" step="2"/><U2/><E2/><V97/><F119/><W118/><G118/><T114/><D114/><U74/><E74/><V80/><F125/><W65/><G128/><T20/><D20/><U120/><E120/><V17/><F109/><W88/><G88/><T12/><D12/><U38/><E38/><V25/><F22/><N who="3" m="11615" /><G32/><T58/><D58/><AGARI ba="0,1" hai="16,21,24,48,54,58,92,94" m="41515,15955" machi="58" ten="40,7700,0" yaku="14,1,10,1,54,1" doraHai="66,105" who="1" fromWho="0" sc="233,-77,246,87,246,0,265,0" /><INIT seed="1,1,0,5,1,72" ten="156,333,246,265" oya="1" hai0="43,17,57,110,47,125,113,51,106,60,92,128,122" hai1="12,74,55,38,84,22,49,87,70,30,46,42,10" hai2="104,23,15,120,56,69,36,63,0,8,124,3,32" hai3="100,76,5,97,109,116,59,86,83,35,6,54,20"/><U129/><E129/><V98/><F120/><W7/><G35/><T71/><D106/><U77/><E70/><V52/><F32/><W75/><G109/><T95/><D113/><U14/><E30/><V25/><F36/><W107/><G116/><T101/><D128/><U96/><E96/><V4/><F69/><W61/><G75/><T127/><D71/><U93/><E22/><V41/><F41/><W62/><REACH who="3" step="1"/><G20/><REACH who="3" ten="156,333,246,255" step="2"/><T126/><D110/><U105/><E74/><V37/><F124/><W9/><G9/><T132/><D122/><U58/><E10/><V131/><F131/><W65/><G65/><T53/><D132/><U26/><E38/><V88/><F37/><W64/><G64/><T134/><D134/><U48/><E42/><V103/><F23/><W67/><G67/><T50/><D101/><U31/><E55/><V102/><F102/><W73/><G73/><T28/><D28/><U94/><E31/><V18/><F103/><W135/><G135/><T66/><REACH who="0" step="1"/><D17/><REACH who="0" ten="146,333,246,255" step="2"/><U33/><E33/><V108/><F108/><W130/><G130/><T1/><D1/><U29/><E29/><V68/><F0/><W44/><G44/><T89/><D89/><U99/><E46/><V118/><F3/><W13/><G13/><T133/><D133/><U121/><E12/><V91/><F91/><W90/><G90/><T24/><D24/><U117/><E26/><V81/><F25/><W115/><G115/><T80/><D80/><U39/><E121/><V27/><F81/><W111/><G111/><T79/><D79/><U45/><E77/><V19/><F27/><RYUUKYOKU ba="1,2" sc="146,15,333,-15,246,-15,255,15" hai0="43,47,50,51,53,57,60,66,92,95,125,126,127" hai3="5,6,7,54,59,61,62,76,83,86,97,100,107" /><INIT seed="2,2,2,1,2,57" ten="161,318,231,270" oya="2" hai0="29,11,4,36,122,95,85,91,89,119,3,100,47" hai1="127,31,17,43,66,88,39,83,24,60,38,93,125" hai2="129,58,109,56,64,19,63,131,103,13,10,62,80" hai3="23,21,79,26,70,5,40,107,46,65,59,25,92"/><V69/><F109/><W128/><G107/><T52/><D122/><U108/><E83/><V134/><F134/><W42/><G70/><T71/><D71/><N who="1" m="42439" /><E17/><V9/><F103/><W73/><G128/><N who="2" m="49225" /><F80/><W7/><G73/><T1/><D119/><U84/><E43/><N who="3" m="16426" /><G46/><T90/><D36/><U76/><E76/><V28/><F28/><N who="3" m="17455" /><G79/><T99/><D29/><U6/><E6/><V0/><F63/><N who="3" m="38143" /><G92/><T121/><D121/><U54/><E54/><V48/><F48/><W87/><G87/><T74/><D74/><U35/><E108/><V55/><F55/><W32/><G32/><T18/><D1/><U45/><E45/><V106/><F106/><W116/><G116/><T51/><REACH who="0" step="1"/><D18/><AGARI ba="2,2" hai="5,7,18,23,26" m="38143,17455,16426" machi="18" ten="30,2000,0" yaku="8,1,52,1" doraHai="57" who="3" fromWho="0" sc="161,-26,318,0,231,0,270,46" /><INIT seed="3,0,0,0,5,61" ten="135,318,231,316" oya="3" hai0="28,11,123,113,98,40,93,70,54,80,65,51,96" hai1="129,100,39,17,108,55,105,46,89,85,104,114,82" hai2="23,63,78,110,35,22,75,81,101,24,56,126,59" hai3="6,36,111,112,69,107,118,87,94,92,64,31,14"/><W33/><G112/><T119/><D113/><U27/><E114/><V132/><F35/><W103/><G118/><T115/><D123/><U86/><E129/><V32/><F32/><W26/><G36/><T4/><D119/><U73/><E73/><V30/><F110/><W62/><G111/><T21/><D40/><U121/><E100/><V16/><F126/><W10/><G87/><T125/><D115/><U38/><E121/><V29/><F132/><W50/><G50/><T68/><D70/><U131/><E131/><V109/><F109/><W12/><G14/><T41/><D41/><U34/><E39/><V8/><F101/><W127/><G127/><T57/><D80/><U124/><E124/><V53/><F8/><W7/><G7/><T0/><D125/><U48/><E38/><V2/><F2/><W5/><G5/><T72/><D72/><U1/><E1/><V90/><F23/><W133/><G133/><T25/><D68/><U88/><E108/><V52/><REACH who="2" step="1"/><F90/><REACH who="2" ten="135,318,221,316" step="2"/><W76/><G76/><T117/><D117/><U79/><E79/><V122/><F122/><W84/><G84/><T135/><D135/><U71/><E34/><V49/><AGARI ba="0,1" hai="16,22,24,29,30,49,52,53,56,59,63,75,78,81" machi="49" ten="20,8000,1" yaku="1,1,0,1,7,1,54,2,53,0" doraHai="61" doraHaiUra="67" who="2" fromWho="2" sc="135,-20,318,-20,221,90,316,-40" owari="115,-38.5,298,9.8,311,41.1,276,-12.4" /></mjloggm>