<mjloggm ver="2.3"><GO type="225" lobby="0"/><UN n0="%E6%B2%A1%E7%94%B7" n1="%E6%A1%9C%E8%8A%B1%E9%96%83%E3%80%85" n2="%E8%81%B7%E6%A5%AD%E3%80%81%E9%A2%A8%32" n3="%E3%81%BE%E3%81%A8%E3%81%9F" dan="16,18,16,16" rate="2086.70,2222.75,2148.52,2166.13" sx="M,M,M,M"/><TAIKYOKU oya="0"/><INIT seed="0,0,0,1,3,103" ten="250,250,250,250" oya="0" hai0="87,23,92,105,12,52,70,37,90,129,10,25,56" hai1="35,60,127,11,98,6,44,57,26,84,46,43,134" hai2="119,5,82,109,116,81,121,9,18,117,100,68,75" hai3="114,14,77,30,22,79,65,7,110,1,94,93,61"/><T47/><D129/><U133/><E127/><V63/><F109/><W24/><G114/><T0/><D70/><U41/><E84/><V123/><F100/><W28/><G1/><T95/><D0/><U122/><E122/><N who="2" m="46603" /><F18/><W111/><G30/><T36/><D47/><N who="1" m="17963" /><E98/><V54/><F75/><W118/><G118/><T83/><D105/><U106/><E106/><V4/><F4/><W21/><G21/><T115/><D37/><U102/><E102/><V20/><F20/><W101/><G14/><T58/><D36/><U39/><E39/><V32/><F32/><W29/><G29/><N who="0" m="17599" /><D58/><U132/><E26/><V74/><F74/><W125/><G125/><T108/><D108/><U96/><E96/><V49/><F63/><W78/><G110/><T16/><D115/><U99/><E99/><V72/><F72/><W107/><G111/><T50/><AGARI ba="0,0" hai="10,12,16,50,52,56,83,87,90,92,95" m="17599" machi="50" ten="30,6000,0" yaku="8,1,54,2" doraHai="103" who="0" fromWho="0" sc="250,60,250,-20,250,-20,250,-20" /><INIT seed="0,1,0,2,0,104" ten="310,230,230,230" oya="0" hai0="3,5,111,125,45,2,102,128,66,112,32,73,57" hai1="134,7,96,108,12,113,23,83,14,65,33,15,75" hai2="26,36,30,52,60,42,90,70,99,116,13,21,106" hai3="20,61,85,49,77,1,93,114,135,71,124,10,101"/><T34/><D112/><U81/><E33/><V48/><F116/><W46/><G114/><T120/><D120/><U58/><E113/><V16/><F36/><W47/><G135/><T54/><D125/><U78/><E134/><V18/><F42/><W82/><G124/><T110/><D128/><U105/><E108/><N who="0" m="41513" /><D102/><U64/><E7/><V86/><F99/><W122/><G46/><T44/><D66/><U118/><E118/><V25/><F106/><W133/><G20/><T103/><D103/><U115/><E115/><V9/><F70/><W76/><G61/><T38/><D73/><U84/><E23/><V100/><F60/><W17/><G71/><T87/><D87/><U91/><REACH who="1" step="1"/><E58/><REACH who="1" ten="310,220,230,230" step="2"/><N who="2" m="33031" /><F100/><AGARI ba="1,1" hai="12,14,15,64,65,75,78,81,83,84,91,96,100,105" machi="100" ten="40,2600,0" yaku="1,1,52,1,53,0" doraHai="104" doraHaiUra="56" who="1" fromWho="2" sc="310,0,220,39,230,-29,230,0" /><INIT seed="1,0,0,3,2,37" ten="310,259,201,230" oya="1" hai0="134,51,100,47,28,130,84,17,9,78,52,53,73" hai1="77,108,55,30,93,23,69,105,62,79,56,42,25" hai2="97,40,81,96,128,48,61,60,59,109,114,41,88" hai3="39,31,83,21,50,120,86,76,10,122,107,36,24"/><U74/><E105/><V133/><F109/><W18/><G107/><T123/><D73/><U131/><E131/><V63/><F133/><W34/><G50/><T91/><D134/><U94/><E108/><V3/><F3/><W26/><REACH who="3" step="1"/><G10/><REACH who="3" ten="310,259,201,220" step="2"/><T126/><D51/><U49/><E74/><V68/><F128/><W32/><G32/><T113/><D9/><U119/><E119/><V98/><F114/><W112/><G112/><T117/><D130/><U125/><E125/><V12/><F68/><W87/><G87/><T15/><D84/><U111/><E111/><V115/><F115/><W16/><G16/><T89/><D17/><U92/><REACH who="1" step="1"/><E69/><REACH who="1" ten="310,249,201,220" step="2"/><V38/><F38/><AGARI ba="0,2" hai="18,21,24,26,31,34,36,38,39,76,83,86,120,122" machi="38" ten="40,2600,0" yaku="1,1,53,1" doraHai="37" doraHaiUra="27" who="3" fromWho="2" sc="310,0,249,0,201,-26,220,46" /><INIT seed="2,0,0,1,4,20" ten="310,249,175,266" oya="2" hai0="94,11,28,127,104,110,83,0,36,133,90,72,132" hai1="130,1,60,131,91,118,35,73,55,68,86,135,98" hai2="33,30,65,18,49,69,62,96,117,81,66,40,101" hai3="53,56,119,22,88,121,70,51,26,16,125,19,50"/><V37/><F117/><W38/><G119/><T109/><D36/><U3/><E118/><V8/><F66/><W67/><G38/><T46/><D127/><U80/><E73/><V128/><F128/><N who="1" m="49193" /><E135/><N who="0" m="51785" /><D104/><U15/><E35/><V12/><F37/><W120/><G125/><T95/><D28/><U9/><E98/><V4/><F81/><W31/><G51/><T44/><D11/><U77/><E91/><V27/><F40/><W47/><G70/><T24/><D0/><U54/><E68/><V102/><F49/><W97/><G120/><T45/><D24/><U115/><E115/><V79/><F79/><W6/><G6/><T63/><D63/><U25/><E25/><V17/><F102/><W93/><G121/><T34/><D34/><U64/><E64/><V52/><F52/><N who="1" m="20009" /><E60/><AGARI ba="0,0" hai="16,19,22,26,31,47,50,53,56,60,67,88,93,97" machi="60" ten="40,8000,1" yaku="8,1,52,1,54,2" doraHai="20" who="3" fromWho="1" sc="310,0,249,-80,175,0,266,80" /><INIT seed="3,0,0,4,2,109" ten="310,169,175,346" oya="3" hai0="69,30,71,42,23,94,41,125,44,66,6,81,88" hai1="52,43,76,120,46,35,20,89,130,28,21,83,78" hai2="34,108,12,98,33,26,9,4,95,110,93,59,45" hai3="127,7,48,60,22,80,32,70,53,39,118,111,121"/><W85/><G118/><T18/><D125/><U74/><E130/><V29/><F45/><W50/><G32/><T54/><D6/><U31/><E120/><V27/><F59/><W101/><G39/><T91/><D30/><N who="1" m="11307" /><E74/><V62/><F62/><W129/><G50/><N who="0" m="28999" /><D71/><U40/><E35/><N who="2" m="13323" /><F95/><W107/><G7/><T114/><D114/><U87/><E52/><V105/><F105/><W47/><G111/><N who="2" m="42537" /><F29/><W67/><G107/><T99/><D69/><U97/><E97/><V68/><F68/><W92/><G70/><T38/><D66/><U73/><E73/><V55/><F55/><W115/><G53/><T90/><D38/><U25/><E25/><V119/><F119/><W117/><G67/><T134/><D134/><U126/><E126/><V64/><F64/><W1/><G117/><T79/><D42/><N who="1" m="15915" /><E46/><V124/><F124/><W51/><G127/><T72/><D72/><U75/><E75/><V122/><F122/><W49/><G121/><T16/><D41/><U2/><E2/><V8/><F8/><W96/><G47/><T132/><D132/><U3/><E3/><V24/><F24/><W84/><G1/><T106/><D106/><U113/><E113/><V13/><F13/><W102/><G96/><T58/><D58/><U133/><E133/><V56/><F56/><W104/><G104/><T14/><D18/><U57/><E57/><V131/><F131/><W11/><G129/><T10/><D10/><U135/><E135/><V77/><F77/><AGARI ba="0,0" hai="20,21,76,77,78,83,87,89" m="15915,11307" machi="77" ten="30,1000,0" yaku="8,1" doraHai="109" who="1" fromWho="2" sc="310,0,169,10,175,-10,346,0" owari="310,11.0,179,-22.1,165,-33.5,346,44.6" /></mjloggm>