<mjloggm ver="2.3"><GO type="225" lobby="0"/><UN n0="%E7%8D%A3%E8%87%AD%E3%81%84%E8%82%89%E7%90%83" n1="%6D%75%75%73%61%6E%6D%75" n2="%E3%80%90%E3%83%88%E3%83%AA%E3%83%A5%E3%83%95%E3%80%91" n3="%E3%82%8C%E3%81%99%E3%81%93" dan="16,16,16,17" rate="2126.80,2058.31,2098.79,2261.30" sx="M,F,M,F"/><TAIKYOKU oya="0"/><INIT seed="0,0,0,4,0,45" ten="250,250,250,250" oya="0" hai0="30,46,111,5,90,130,64,116,40,66,57,56,85" hai1="19,119,17,65,99,81,133,122,78,79,23,7,15" hai2="127,27,132,124,134,82,43,123,62,36,50,69,3" hai3="71,129,103,28,55,75,9,52,93,101,63,34,89"/><T25/><D116/><U6/><E119/><V12/><F3/><W14/><G75/><T126/><D111/><U118/><E118/><V48/><F27/><W24/><G129/><T32/><D130/><U87/><E122/><V117/><F117/><W41/><G41/><T135/><D135/><N who="2" m="51754" /><F12/><W22/><G34/><T70/><D126/><N who="2" m="48170" /><F82/><W20/><G20/><T53/><D5/><U31/><E133/><V51/><F123/><W104/><G104/><T74/><D74/><U61/><E31/><V2/><F2/><W84/><G71/><T67/><D53/><N who="3" m="20553" /><G63/><T97/><D97/><U131/><E131/><V102/><F102/><W121/><G121/><T96/><D96/><U83/><E99/><V100/><F100/><W38/><G38/><T59/><D70/><U1/><E1/><V115/><F115/><W77/><G77/><T128/><D128/><U26/><E79/><V47/><F36/><W73/><G73/><T11/><D11/><U58/><REACH who="1" step="1"/><E81/><REACH who="1" ten="250,240,250,250" step="2"/><V94/><F94/><W8/><G8/><AGARI ba="0,1" hai="6,7,8,15,17,19,23,26,58,61,65,78,83,87" machi="8" ten="30,7700,0" yaku="1,1,2,1,7,1,8,1,53,0" doraHai="45" doraHaiUra="125" who="1" fromWho="3" sc="250,0,240,87,250,0,250,-77" /><INIT seed="1,0,0,1,0,38" ten="250,327,250,173" oya="1" hai0="97,110,70,0,90,113,17,18,125,66,134,13,81" hai1="52,94,41,126,48,28,86,133,103,22,72,21,77" hai2="46,6,63,92,85,59,80,26,73,76,128,61,109" hai3="33,27,31,40,112,5,116,43,89,53,2,25,1"/><U34/><E133/><V51/><F109/><W120/><G112/><T104/><D113/><U88/><E126/><V29/><F128/><W131/><G120/><T78/><D0/><U93/><E34/><V79/><F6/><W111/><G111/><T36/><D110/><U84/><E72/><V107/><F107/><W49/><G131/><T44/><D134/><U123/><E123/><V87/><F59/><W117/><G89/><T130/><D130/><U95/><E41/><N who="3" m="15946" /><G27/><T121/><D121/><U10/><E10/><V75/><F92/><N who="1" m="35433" /><E28/><V91/><F75/><W3/><G5/><T23/><D36/><U50/><E50/><V105/><F105/><W7/><G7/><T42/><D104/><U118/><E103/><V39/><F39/><W102/><G102/><T100/><D100/><U114/><E114/><V37/><F37/><W45/><G2/><T20/><D125/><U15/><E15/><V54/><F73/><W99/><G99/><T16/><D97/><U96/><E96/><V122/><F122/><W69/><G69/><T68/><D68/><U65/><E86/><V9/><F9/><W57/><G45/><T24/><D44/><U71/><E71/><V101/><F101/><W135/><G135/><T127/><D127/><U83/><E83/><N who="2" m="49599" /><F76/><W74/><G74/><T64/><D70/><U32/><E77/><V115/><F115/><W67/><G67/><N who="0" m="25643" /><D78/><U55/><E88/><V60/><F26/><W30/><G30/><AGARI ba="0,0" hai="29,30,46,51,54,60,61,63,79,80,87" m="49599" machi="30" ten="30,1000,0" yaku="8,1" doraHai="38" who="2" fromWho="3" sc="250,0,327,0,250,10,173,-10" /><INIT seed="2,0,0,0,2,81" ten="250,327,260,163" oya="2" hai0="104,20,97,14,96,125,73,128,53,72,55,110,40" hai1="87,131,89,79,22,76,94,106,36,56,105,60,15" hai2="32,118,11,10,65,127,103,107,71,30,78,93,39" hai3="135,61,68,57,92,48,25,43,95,84,46,7,33"/><V114/><F114/><W12/><G135/><T100/><D110/><U88/><E36/><V1/><F118/><W42/><G68/><T98/><D128/><U124/><E131/><V123/><F93/><W59/><G43/><T18/><D125/><U49/><E124/><V83/><F1/><W29/><G59/><T62/><D40/><U86/><E105/><V31/><F39/><W132/><G132/><T115/><D115/><U91/><E106/><V67/><F123/><W133/><G133/><T82/><D73/><U75/><E75/><V19/><F19/><W17/><G7/><T9/><D55/><N who="1" m="33823" /><E49/><V66/><F71/><W63/><G63/><T119/><D119/><U129/><E129/><V50/><F50/><W99/><G99/><T111/><D111/><U69/><E69/><V2/><F127/><W0/><G0/><T27/><D53/><U26/><E15/><V28/><F32/><W5/><G5/><T52/><D52/><U117/><E117/><V70/><F70/><W122/><G122/><T51/><D51/><U77/><E94/><V113/><F2/><W112/><G112/><T4/><D62/><U134/><E134/><V3/><F3/><W58/><G61/><T21/><D21/><U47/><E47/><V6/><F6/><W90/><REACH who="3" step="1"/><G95/><REACH who="3" ten="250,327,260,153" step="2"/><T130/><D130/><U13/><E13/><V101/><F113/><W35/><G35/><T44/><D44/><U54/><E54/><V116/><F116/><W85/><G85/><T80/><D72/><U8/><E87/><N who="2" m="48631" /><F107/><W16/><G16/><N who="0" m="12679" /><D4/><U38/><E86/><V64/><F64/><RYUUKYOKU ba="0,1" sc="250,10,327,-30,260,10,153,10" hai0="9,14,18,80,82,96,97,98,100,104" hai2="10,11,28,30,31,65,66,67,101,103" hai3="12,17,25,29,33,42,46,48,57,58,84,90,92" /><INIT seed="2,1,1,2,0,108" ten="260,297,270,163" oya="2" hai0="14,61,122,3,56,34,59,100,72,51,128,32,71" hai1="124,28,39,8,55,70,19,7,125,130,52,110,22" hai2="91,37,76,80,112,74,83,67,115,68,18,131,62" hai3="57,93,11,84,78,53,127,123,111,113,117,87,30"/><V1/><F131/><W36/><G123/><T104/><D3/><U88/><E110/><V43/><F1/><W81/><G111/><T12/><D122/><U63/><E39/><V85/><REACH who="2" step="1"/><F18/><REACH who="2" ten="260,297,260,163" step="2"/><W24/><G117/><T26/><D128/><U60/><E130/><V4/><F4/><W96/><G127/><T20/><D34/><U103/><E19/><V132/><F132/><W65/><G113/><T90/><D32/><U33/><E33/><V44/><AGARI ba="1,2" hai="37,43,44,62,67,68,74,76,80,83,85,91,112,115" machi="44" ten="30,11700,0" yaku="1,1,0,1,52,2,53,0" doraHai="108" doraHaiUra="47" who="2" fromWho="2" sc="260,-40,297,-40,260,140,163,-40" /><INIT seed="2,2,0,2,2,109" ten="220,257,400,123" oya="2" hai0="108,54,112,63,31,100,46,13,20,128,4,35,56" hai1="111,69,103,67,45,132,60,71,44,122,133,5,36" hai2="53,24,43,19,101,42,115,48,61,96,21,107,51" hai3="23,97,27,126,72,105,121,85,33,116,14,90,64"/><V55/><F115/><W135/><G121/><T65/><D108/><U110/><E103/><V93/><F61/><W131/><G116/><T127/><D128/><U1/><E5/><V81/><F81/><W118/><G118/><T84/><D127/><U117/><E1/><V57/><F107/><W10/><G131/><T39/><D112/><U125/><E117/><V7/><F7/><W62/><G126/><T134/><D134/><N who="1" m="51819" /><E125/><V75/><F75/><W66/><G72/><T120/><D120/><U82/><E82/><V68/><F68/><N who="1" m="26185" /><E122/><V99/><F96/><W58/><G135/><T104/><D84/><U74/><E74/><V102/><F101/><W76/><G33/><T124/><D35/><U15/><E15/><V52/><REACH who="2" step="1"/><F55/><REACH who="2" ten="220,257,390,123" step="2"/><W17/><G105/><T83/><D54/><U129/><E129/><V47/><AGARI ba="2,1" hai="19,21,24,42,43,47,48,51,52,53,57,93,99,102" machi="47" ten="20,18000,2" yaku="1,1,2,1,0,1,7,1,8,1,54,1,53,0" doraHai="109" doraHaiUra="87" who="2" fromWho="2" sc="220,-62,257,-62,390,196,123,-62" /><INIT seed="2,3,0,2,4,87" ten="158,195,586,61" oya="2" hai0="89,22,104,82,75,59,120,63,92,122,53,60,9" hai1="101,72,32,98,100,38,10,109,84,85,73,43,130" hai2="95,135,66,93,1,31,11,5,71,61,28,78,108" hai3="106,86,94,117,2,128,133,76,49,39,56,55,58"/><V14/><F135/><W20/><G117/><T64/><D104/><U102/><E32/><V126/><F126/><W25/><G133/><T40/><D40/><U54/><E38/><V91/><F78/><W19/><G128/><T3/><D22/><U13/><E43/><V42/><F42/><W46/><G106/><T62/><D62/><U121/><E54/><V116/><F116/><W83/><G2/><T119/><D119/><U113/><E13/><V79/><F79/><W129/><G129/><T124/><D124/><U37/><E10/><V30/><F108/><W4/><G39/><T131/><D131/><U125/><E37/><V132/><F132/><W111/><G111/><T7/><D82/><U15/><E15/><V112/><F112/><W33/><G33/><T52/><D75/><N who="1" m="28747" /><E130/><V107/><F107/><W23/><G4/><T69/><REACH who="0" step="1"/><D53/><REACH who="0" ten="148,195,586,61" step="2"/><U77/><E125/><V17/><F61/><W114/><G114/><T8/><D8/><U115/><E109/><V29/><F29/><W127/><G127/><T12/><D12/><U65/><E121/><V18/><F31/><W68/><G68/><T51/><D51/><U74/><E65/><V110/><F66/><W57/><G23/><T35/><D35/><U50/><E50/><V99/><F71/><W47/><G47/><T97/><AGARI ba="3,1" hai="3,7,9,52,59,60,63,64,69,89,92,97,120,122" machi="97" ten="20,8000,1" yaku="1,1,0,1,7,1,52,1,54,1,53,0" doraHai="87" doraHaiUra="70" who="0" fromWho="0" sc="148,99,195,-23,586,-43,61,-23" /><INIT seed="3,0,0,0,5,45" ten="247,172,543,38" oya="3" hai0="85,93,12,62,29,42,26,38,111,13,21,74,6" hai1="2,128,24,34,88,120,58,75,44,117,131,105,126" hai2="65,17,84,80,54,68,36,133,121,47,108,116,7" hai3="39,11,31,27,109,125,86,30,103,53,46,10,92"/><W56/><G125/><T78/><D111/><U73/><E120/><V20/><F108/><W91/><G109/><T71/><D74/><U124/><E2/><V3/><F116/><W8/><G103/><T81/><D6/><U69/><E69/><V101/><F133/><W76/><G76/><T19/><D38/><U134/><E117/><V9/><F121/><W18/><G39/><T59/><D71/><U107/><E58/><V79/><F68/><W22/><REACH who="3" step="1"/><G46/><REACH who="3" ten="247,172,543,28" step="2"/><T97/><D78/><U77/><E77/><V67/><F101/><W127/><G127/><T130/><D130/><U32/><E124/><V83/><F36/><W104/><G104/><T87/><D93/><U35/><E126/><V51/><F83/><W95/><G95/><T64/><D81/><U5/><E107/><V94/><F94/><W0/><G0/><T72/><D72/><U61/><E105/><V25/><AGARI ba="0,1" hai="3,7,9,17,20,25,47,51,54,65,67,79,80,84" machi="25" ten="20,2700,0" yaku="0,1,7,1,52,1" doraHai="45" who="2" fromWho="2" sc="247,-7,172,-7,543,37,28,-13" owari="240,4.0,165,-23.5,580,68.0,15,-48.5" /></mjloggm>