<mjloggm ver="2.3"><GO type="225" lobby="0"/><UN n0="%70%61%77%61" n1="%E7%B4%94%E6%BD%94%E3%83%94%E3%83%A9%E3%83%8B%E3%82%A2" n2="%E6%98%93%E5%88%A9%E8%96%A9%E4%BC%AF" n3="%E3%83%97%E3%83%AC%E3%83%B4%E3%82%A1%E3%83%86%E3%82%A3" dan="19,16,16,16" rate="2270.31,2147.10,2048.89,2134.71" sx="M,M,F,F"/><TAIKYOKU oya="0"/><INIT seed="0,0,0,0,5,13" ten="250,250,250,250" oya="0" hai0="80,106,112,34,52,36,1,97,67,46,24,118,6" hai1="68,133,4,23,135,110,125,102,107,132,122,99,10" hai2="2,19,51,134,56,30,130,14,131,7,64,85,48" hai3="33,88,29,16,12,62,82,18,53,47,0,58,127"/><T26/><D112/><U103/><E122/><V100/><F134/><W20/><G0/><T117/><D67/><U73/><E73/><V90/><F100/><W101/><G127/><T39/><D80/><U89/><E125/><V124/><F30/><W95/><G33/><T49/><D1/><U3/><E68/><V44/><F2/><W105/><G29/><T72/><D72/><U119/><E119/><V92/><F7/><W42/><G105/><T15/><D117/><U111/><E103/><V91/><F124/><W86/><G101/><T65/><D118/><U98/><E23/><V38/><F38/><W94/><REACH who="3" step="1"/><G18/><REACH who="3" ten="250,250,250,240" step="2"/><T41/><D34/><U120/><E120/><V35/><F35/><W76/><G76/><T25/><D106/><U50/><E102/><V113/><F113/><W31/><G31/><T22/><D97/><U87/><E107/><V121/><F121/><W61/><G61/><T70/><D6/><U8/><E99/><V27/><F19/><W79/><G79/><T116/><D116/><U17/><E98/><V84/><F91/><W96/><G96/><T109/><D109/><U43/><E111/><V59/><F90/><W75/><G75/><T21/><D15/><U123/><E110/><V104/><F14/><W5/><G5/><T114/><D114/><U69/><E123/><V77/><F77/><W60/><G60/><N who="0" m="40231" /><D39/><AGARI ba="0,1" hai="12,16,20,39,42,47,53,58,62,82,86,88,94,95" machi="39" ten="30,8000,1" yaku="1,1,7,1,52,1,54,2,53,0" doraHai="13" doraHaiUra="129" who="3" fromWho="0" sc="250,-80,250,0,250,0,240,90" /><INIT seed="1,0,0,1,1,18" ten="170,250,250,330" oya="1" hai0="58,40,7,39,130,55,3,101,57,132,37,0,124" hai1="68,44,72,65,71,17,75,91,15,35,12,105,123" hai2="127,129,31,92,19,1,23,4,73,95,119,74,16" hai3="102,2,25,10,87,22,120,78,8,59,93,104,112"/><U80/><E123/><V100/><F119/><W11/><G120/><T98/><D124/><U52/><E35/><V27/><F127/><W116/><G112/><T125/><D125/><U126/><E105/><V90/><F129/><W21/><G116/><T64/><D130/><U30/><E30/><V60/><F1/><W47/><G2/><T109/><D109/><U66/><E126/><V38/><F38/><W118/><G118/><T28/><D132/><U20/><E68/><V97/><F4/><W128/><G128/><T86/><D86/><N who="1" m="50631" /><E71/><V67/><F74/><W41/><G104/><T122/><D122/><U49/><E75/><V63/><F73/><W106/><G106/><T121/><D121/><U107/><E107/><V61/><REACH who="2" step="1"/><F67/><REACH who="2" ten="170,250,240,330" step="2"/><N who="1" m="25609" /><E72/><V13/><F13/><AGARI ba="0,1" hai="12,13,15,17,20,44,49,52" m="25609,50631" machi="13" ten="30,5800,0" yaku="8,1,52,1,54,1" doraHai="18" who="1" fromWho="2" sc="170,0,250,68,240,-58,330,0" /><INIT seed="1,1,0,5,1,57" ten="170,318,182,330" oya="1" hai0="7,45,101,125,120,61,43,23,96,46,135,24,25" hai1="133,16,4,85,67,29,71,39,115,112,79,3,66" hai2="48,18,53,32,119,44,52,75,104,58,100,9,77" hai3="28,131,124,14,113,62,11,93,95,72,128,55,20"/><U122/><E122/><V126/><F119/><W99/><G72/><T102/><D120/><U2/><E39/><V37/><F32/><W89/><G113/><T80/><D125/><U68/><E29/><V40/><F126/><W97/><G124/><T49/><D135/><U82/><E133/><V19/><F104/><W84/><G28/><T127/><D127/><U6/><E85/><V86/><F100/><W31/><G31/><T34/><D34/><U130/><E79/><V98/><F98/><W106/><G106/><T50/><D7/><U87/><E87/><V132/><F75/><W83/><G20/><T42/><D80/><U33/><E33/><V51/><F132/><W0/><G0/><T56/><D96/><U76/><E76/><V41/><F37/><W69/><G69/><T10/><D10/><U60/><E82/><N who="2" m="47439" /><F9/><W105/><G105/><T36/><D36/><U109/><E109/><V110/><F110/><W13/><G99/><T121/><D121/><U74/><E74/><V65/><F65/><W90/><G83/><T54/><D25/><U21/><E21/><V8/><F8/><W107/><G107/><T59/><D59/><U116/><E116/><V103/><F103/><W94/><G95/><T108/><D108/><U117/><E117/><V114/><F114/><W63/><G11/><T88/><D88/><U81/><E81/><V78/><F78/><W35/><G35/><T22/><D22/><U123/><E123/><V64/><F64/><W5/><G97/><T1/><D1/><U47/><E3/><V12/><F12/><W30/><G94/><RYUUKYOKU ba="1,0" sc="170,15,318,-15,182,15,330,-15" hai0="23,24,42,43,45,46,49,50,54,56,61,101,102" hai2="18,19,40,41,44,48,51,52,53,58" /><INIT seed="2,2,0,0,3,110" ten="185,303,197,315" oya="2" hai0="76,133,10,24,27,40,82,55,124,81,80,117,41" hai1="108,127,83,99,48,78,109,20,66,0,132,125,85" hai2="107,39,61,42,36,12,21,38,64,70,118,67,33" hai3="63,16,98,128,87,68,101,129,113,116,49,5,111"/><V60/><F107/><W50/><G116/><T126/><D76/><U114/><E0/><V119/><F33/><W121/><G111/><N who="1" m="42570" /><E66/><V75/><F75/><W89/><G121/><T88/><D117/><N who="2" m="44554" /><F21/><W31/><G5/><T131/><D55/><U56/><E132/><V51/><F12/><W86/><G31/><T120/><D120/><U115/><E20/><V6/><F6/><W65/><G113/><N who="1" m="43018" /><E56/><N who="2" m="36871" /><F51/><W14/><G50/><T74/><D133/><U90/><E48/><V123/><F123/><W62/><G49/><T18/><D131/><N who="3" m="50249" /><G63/><T52/><D10/><U53/><E53/><V104/><F104/><N who="3" m="63543" /><G89/><T7/><D52/><U94/><AGARI ba="2,0" hai="78,83,85,90,94,99,125,127" m="43018,42570" machi="94" ten="40,12000,2" yaku="14,1,34,2,52,3" doraHai="110" who="1" fromWho="1" sc="185,-32,303,126,197,-62,315,-32" /><INIT seed="3,0,0,5,0,58" ten="153,429,135,283" oya="3" hai0="129,96,24,71,56,65,86,1,40,57,60,124,3" hai1="4,114,35,85,63,127,83,97,44,25,69,26,131" hai2="103,130,16,59,107,109,54,79,66,64,2,46,49" hai3="21,121,77,23,22,82,100,72,14,10,95,9,116"/><W88/><G116/><T39/><D124/><U126/><E114/><V104/><F2/><W55/><G121/><T36/><D129/><U113/><E113/><V81/><F130/><W41/><G41/><T50/><D86/><U106/><E44/><V128/><F128/><W48/><G100/><T5/><D5/><U45/><E45/><V18/><F107/><W102/><G102/><T118/><D118/><U74/><E74/><V68/><F68/><W62/><G48/><T12/><D12/><U51/><E51/><V80/><F109/><W92/><G92/><T84/><D84/><U75/><E75/><V73/><F81/><W87/><REACH who="3" step="1"/><G14/><REACH who="3" ten="153,429,135,273" step="2"/><T29/><D50/><U98/><E131/><V115/><F115/><W61/><G61/><T43/><D60/><U28/><E63/><V111/><F111/><W15/><G15/><T93/><D40/><U52/><E127/><V20/><F46/><W78/><G78/><T133/><D43/><U31/><E126/><V119/><F119/><W67/><G67/><T101/><D65/><U34/><E52/><V19/><REACH who="2" step="1"/><F20/><REACH who="2" ten="153,429,125,273" step="2"/><W11/><G11/><T112/><D93/><U13/><E13/><V7/><F7/><W8/><G8/><T122/><D1/><U123/><E4/><V70/><F70/><W132/><G132/><T135/><D71/><U125/><E69/><V117/><F117/><W90/><G90/><T30/><D3/><U33/><E123/><V17/><N who="2" m="4096" /><DORA hai="94" /><V37/><F37/><W99/><G99/><AGARI ba="0,2" hai="49,54,59,64,66,73,79,80,99,103,104" m="4096" machi="99" ten="50,8000,1" yaku="1,1,52,1,54,1,53,2" doraHai="58,94" doraHaiUra="76,47" who="2" fromWho="3" sc="153,0,429,0,125,100,273,-80" owari="153,-34.7,429,52.9,225,2.5,193,-20.7" /></mjloggm>