<mjloggm ver="2.3"><GO type="225" lobby="0"/><UN n0="%6D%75%75%6D%75%72%61" n1="%72%61%6B%33" n2="%E6%9D%B1%E9%A2%A8%E3%81%AE%E3%81%8D%E3%82%83%E3%81%B7%E3%81%95%E3%82%93" n3="%E3%81%8B%E3%82%8F%E3%81%A1%E3%82%83%E3%82%93%35%38" dan="16,16,16,16" rate="2129.84,2087.76,2137.96,2122.72" sx="F,M,M,M"/><TAIKYOKU oya="0"/><INIT seed="0,0,0,0,2,62" ten="250,250,250,250" oya="0" hai0="4,29,111,10,53,94,102,5,60,20,67,21,6" hai1="58,95,45,40,14,19,7,47,79,22,87,128,100" hai2="61,132,2,49,46,108,70,57,114,63,120,43,24" hai3="93,12,34,125,0,38,23,28,9,75,33,84,133"/><T8/><D8/><U16/><E128/><V69/><F2/><W25/><G75/><T124/><D124/><U64/><BYE who="0" /><E7/><V131/><F24/><W17/><G38/><T96/><D96/><N who="1" m="59423" /><E40/><V126/><F120/><W59/><G59/><T32/><D32/><N who="3" m="12393" /><G93/><T52/><D52/><U86/><E19/><V30/><F30/><W73/><G84/><N who="1" m="32298" /><E79/><V27/><F27/><W31/><G73/><T109/><D109/><U74/><E74/><V119/><F108/><W42/><G42/><T3/><D3/><U97/><E97/><V101/><F101/><W56/><G56/><T134/><D134/><U98/><E98/><V90/><F90/><W110/><G133/><T117/><D117/><U127/><E127/><V15/><F132/><W44/><G44/><T36/><D36/><U41/><E41/><V130/><F119/><W105/><G105/><T83/><D83/><U103/><E103/><V88/><F126/><W107/><G107/><T71/><D71/><U122/><E122/><V35/><F69/><W18/><G125/><T104/><D104/><U68/><E68/><V51/><F70/><W85/><G85/><T48/><D48/><U121/><E121/><V26/><F51/><W81/><G81/><T129/><D129/><U11/><E11/><V55/><F130/><W77/><G77/><T89/><D89/><U76/><E76/><V13/><F88/><W82/><G110/><T92/><D92/><U99/><E99/><V112/><F131/><W135/><G135/><T37/><D37/><U78/><E78/><V116/><F43/><W115/><G82/><RYUUKYOKU ba="0,0" sc="250,-10,250,30,250,-10,250,-10" hai1="14,16,22,45,47,58,64" /><INIT seed="1,1,0,3,3,17" ten="240,280,240,240" oya="1" hai0="125,83,87,66,115,27,101,99,30,50,116,103,95" hai1="68,71,127,56,130,92,119,106,55,129,52,93,15" hai2="53,54,20,97,12,102,94,35,69,46,123,74,33" hai3="124,117,45,43,70,122,34,86,9,38,108,1,82"/><U7/><E119/><V114/><F74/><W4/><G122/><T90/><D90/><U98/><E106/><V133/><F69/><N who="1" m="26697" /><E7/><V11/><F123/><W111/><G70/><T96/><D96/><U2/><E15/><V65/><F114/><W13/><G117/><T19/><D19/><U49/><E2/><V75/><F75/><W107/><G107/><T58/><D58/><U80/><E80/><V131/><F131/><N who="1" m="50185" /><E127/><V60/><F133/><W42/><G124/><T118/><D118/><U64/><E64/><V85/><F85/><W84/><G34/><T41/><D41/><U57/><E98/><V5/><F33/><W44/><G1/><T31/><D31/><U72/><E72/><V128/><F35/><W89/><REACH who="3" step="1"/><G84/><REACH who="3" ten="240,280,240,230" step="2"/><T29/><D29/><U6/><E6/><V48/><F128/><W3/><G3/><T62/><D62/><AGARI ba="1,1" hai="49,52,55,56,57,62,92,93" m="50185,26697" machi="62" ten="30,2900,0" yaku="19,1,54,1" doraHai="17" who="1" fromWho="0" sc="240,-32,280,42,240,0,230,0" /><INIT seed="1,2,0,0,1,10" ten="208,322,240,230" oya="1" hai0="12,63,70,21,114,28,91,37,85,134,18,14,44" hai1="119,120,115,78,19,99,112,61,131,81,80,59,25" hai2="6,68,5,130,57,107,40,20,129,8,98,46,43" hai3="111,110,72,4,35,89,53,67,27,105,39,41,113"/><U69/><BYE who="3" /><E119/><V116/><F57/><UN n3="%E3%81%8B%E3%82%8F%E3%81%A1%E3%82%83%E3%82%93%35%38" /><W30/><G113/><T15/><D15/><U17/><E120/><V45/><F20/><W109/><G105/><T73/><D73/><U75/><E131/><N who="2" m="50187" /><F68/><W84/><G72/><T29/><D29/><U3/><E69/><V32/><F32/><W92/><G67/><T104/><D104/><U54/><E3/><V24/><F24/><W125/><G125/><T126/><D126/><U42/><E42/><N who="2" m="15915" /><F116/><W83/><G4/><N who="2" m="1641" /><F8/><W52/><G41/><T96/><D96/><U11/><E19/><V86/><F86/><N who="3" m="52279" /><G39/><T103/><D103/><AGARI ba="2,0" hai="45,46,98,103,107" m="1641,15915,50187" machi="103" ten="30,1000,0" yaku="19,1" doraHai="10" who="2" fromWho="0" sc="208,-16,322,0,240,16,230,0" /><INIT seed="2,0,0,2,2,47" ten="192,322,256,230" oya="2" hai0="81,116,127,117,13,24,87,88,131,1,92,34,38" hai1="84,35,39,101,59,99,76,48,46,45,75,67,7" hai2="30,91,102,109,61,69,104,18,40,4,134,33,113" hai3="14,28,26,36,49,126,93,25,56,17,3,10,60"/><V32/><F91/><W55/><G126/><T123/><D123/><U54/><E35/><N who="2" m="13387" /><F18/><W85/><G36/><T120/><D120/><U105/><E75/><V107/><F30/><W15/><G3/><T0/><D0/><U2/><E67/><N who="2" m="41199" /><F4/><W77/><G28/><T133/><D133/><U128/><E128/><V125/><F40/><W90/><G77/><T122/><D122/><U27/><E27/><V6/><F6/><W115/><G115/><T58/><D58/><U130/><E130/><V53/><F53/><W37/><G37/><T82/><D82/><U94/><E39/><V62/><F62/><W44/><REACH who="3" step="1"/><G15/><REACH who="3" ten="192,322,256,220" step="2"/><T97/><D97/><U68/><E76/><V50/><F113/><W121/><G121/><T41/><D41/><AGARI ba="0,1" hai="10,14,17,25,26,41,44,49,55,56,60,85,90,93" machi="41" ten="30,7700,0" yaku="1,1,7,1,8,1,52,1,53,0" doraHai="47" doraHaiUra="16" who="3" fromWho="0" sc="192,-77,322,0,256,0,220,87" /><INIT seed="3,0,0,1,3,75" ten="115,322,256,307" oya="3" hai0="99,46,7,127,37,26,109,3,112,106,62,124,43" hai1="82,83,115,128,107,58,84,105,23,53,101,20,50" hai2="89,40,33,32,22,96,97,81,17,116,36,49,92" hai3="8,111,104,64,67,54,57,78,34,41,42,38,103"/><W61/><G34/><T55/><D55/><U134/><E115/><V48/><F116/><W29/><G29/><T76/><D76/><U73/><E134/><V18/><F36/><W87/><G104/><T126/><D126/><U110/><E110/><V69/><F69/><W68/><G103/><T44/><D44/><U45/><E128/><V31/><F33/><W19/><G38/><T129/><D129/><U88/><E107/><V15/><F32/><W14/><G111/><T102/><D102/><U72/><E72/><V100/><F31/><W133/><G133/><T120/><D120/><U119/><E119/><V70/><F70/><W21/><G8/><T117/><D117/><U27/><E27/><V1/><F1/><W135/><G135/><T59/><D59/><U25/><E25/><V28/><F28/><W12/><G12/><T66/><D66/><N who="3" m="25129" /><G68/><T71/><D71/><U39/><E73/><V77/><F18/><W30/><G30/><T79/><D79/><U74/><E74/><V123/><F40/><W122/><G122/><T95/><D95/><U47/><E83/><AGARI ba="0,0" hai="14,19,21,41,42,54,57,61,78,83,87" m="25129" machi="83" ten="30,2900,0" yaku="8,1,52,1" doraHai="75" who="3" fromWho="1" sc="115,0,322,-29,256,0,307,29" owari="115,-38.5,293,9.3,256,-14.4,336,43.6" /></mjloggm>