<mjloggm ver="2.3"><GO type="225" lobby="0"/><UN n0="%E3%83%97%E3%83%AC%E3%83%B4%E3%82%A1%E3%83%86%E3%82%A3" n1="%E5%B0%8F%E9%BB%92%E5%B1%8B" n2="%E3%81%BF%E3%81%BF%E3%81%9A" n3="%E3%81%8B%E3%82%8F%E3%81%A1%E3%82%83%E3%82%93%35%38" dan="16,16,16,16" rate="2060.74,2140.28,2149.85,2156.14" sx="F,F,M,M"/><TAIKYOKU oya="0"/><INIT seed="0,0,0,2,5,129" ten="250,250,250,250" oya="0" hai0="16,15,50,42,132,25,99,126,41,68,29,100,111" hai1="11,3,127,14,76,54,62,65,96,57,83,6,92" hai2="22,73,116,66,97,102,48,24,89,87,61,71,10" hai3="31,72,7,79,19,133,35,67,8,20,63,43,91"/><T56/><D68/><U27/><E127/><V64/><F116/><W93/><G43/><T30/><D126/><U112/><E112/><V108/><F108/><W115/><G79/><T12/><D111/><U26/><E3/><V98/><F73/><W37/><G37/><T84/><D12/><U106/><E106/><V28/><F66/><W121/><G72/><T39/><D39/><U125/><E65/><V105/><F98/><W1/><G115/><T40/><D84/><N who="1" m="48231" /><E125/><V113/><F113/><W104/><G104/><T95/><D132/><U58/><E58/><V4/><F48/><W49/><G49/><T78/><D78/><U130/><E130/><V51/><F51/><W90/><G121/><T110/><D110/><U81/><E81/><V114/><F114/><W86/><G91/><AGARI ba="0,0" hai="6,11,14,26,27,54,57,62,91,92,96" m="48231" machi="91" ten="30,1000,0" yaku="8,1" doraHai="129" who="1" fromWho="3" sc="250,0,250,10,250,0,250,-10" /><INIT seed="1,0,0,0,3,102" ten="250,260,250,240" oya="1" hai0="120,57,3,51,123,25,18,56,60,11,55,17,28" hai1="19,33,96,99,100,93,14,30,115,131,126,36,66" hai2="74,34,106,128,54,46,5,121,59,32,65,13,134" hai3="88,64,53,77,107,0,83,61,87,135,82,73,35"/><U109/><E36/><V67/><F121/><N who="0" m="46666" /><D3/><U22/><E115/><V84/><F74/><W43/><G135/><T45/><D11/><U89/><E131/><V118/><F118/><W69/><G0/><T37/><D37/><U94/><E126/><V78/><F134/><W20/><G35/><N who="0" m="20879" /><D57/><U130/><E130/><V15/><F106/><W127/><G127/><T97/><D97/><U91/><E109/><V112/><F128/><W98/><G43/><AGARI ba="0,0" hai="17,18,43,45,51,55,56,60" m="20879,46666" machi="43" ten="30,1000,0" yaku="13,1" doraHai="102" who="0" fromWho="3" sc="250,10,260,0,250,0,240,-10" /><INIT seed="2,0,0,1,1,35" ten="260,260,250,230" oya="2" hai0="43,75,102,116,86,31,128,21,11,105,93,83,67" hai1="85,70,90,121,32,114,61,117,33,91,9,66,1" hai2="96,132,135,14,94,127,111,109,104,18,52,29,123" hai3="103,40,5,110,12,122,59,99,120,88,124,3,54"/><V6/><F123/><W89/><G40/><T113/><D113/><U15/><E114/><V106/><F29/><W108/><G12/><T53/><D43/><U78/><E117/><V73/><F6/><W34/><G34/><T71/><D116/><U20/><E121/><N who="3" m="46698" /><G54/><T95/><D128/><U118/><E118/><V26/><F127/><W81/><G59/><T134/><D134/><N who="2" m="51242" /><F26/><W130/><G130/><T115/><D115/><U19/><E78/><V126/><F126/><W8/><G81/><T87/><D53/><U60/><E90/><N who="2" m="55383" /><F52/><W79/><G79/><N who="0" m="44543" /><D67/><U119/><E61/><V65/><F65/><W45/><G45/><T41/><D41/><U22/><E22/><N who="2" m="11607" /><F73/><W42/><G42/><T98/><D71/><U62/><E62/><V56/><F56/><W46/><G46/><T80/><D11/><U68/><E68/><V74/><F74/><W4/><G4/><T39/><D21/><U25/><E119/><V100/><F100/><W23/><G23/><T97/><D31/><U84/><E32/><V112/><F112/><W131/><G124/><T50/><D50/><U30/><E91/><V28/><F28/><W16/><G131/><T82/><D39/><U92/><E92/><N who="0" m="35401" /><D98/><U101/><E101/><V107/><AGARI ba="0,0" hai="104,106,107,109,111" m="11607,55383,51242" machi="107" ten="40,2100,0" yaku="20,1" doraHai="35" who="2" fromWho="2" sc="260,-7,260,-7,250,21,230,-7" /><INIT seed="2,1,0,0,1,32" ten="253,253,271,223" oya="2" hai0="16,122,88,48,98,86,107,55,6,90,57,130,84" hai1="102,71,83,65,63,10,22,23,100,70,39,73,89" hai2="58,9,21,64,117,28,41,2,91,26,56,17,93" hai3="129,85,53,82,35,131,18,15,37,60,77,1,81"/><V118/><F41/><W4/><G35/><T66/><D122/><U94/><E39/><V46/><F46/><W34/><G34/><T78/><D130/><N who="3" m="49673" /><G37/><T79/><D6/><U12/><E70/><V68/><F68/><W20/><G60/><T74/><D66/><U43/><E43/><V7/><F64/><W109/><G109/><T75/><D75/><U96/><E100/><V52/><F28/><W103/><G103/><T38/><D38/><U113/><E113/><V87/><REACH who="2" step="1"/><F58/><REACH who="2" ten="253,253,261,223" step="2"/><W30/><G30/><T104/><D57/><U135/><E71/><V0/><F0/><W42/><G42/><T40/><D40/><U105/><E65/><V5/><F5/><W11/><G82/><T19/><D55/><AGARI ba="1,1" hai="1,4,11,15,18,20,53,55,77,81,85" m="49673" machi="55" ten="30,2000,0" yaku="19,1,52,1" doraHai="32" who="3" fromWho="0" sc="253,-23,253,0,261,0,223,33" /><INIT seed="3,0,0,5,0,33" ten="230,253,261,256" oya="3" hai0="44,74,106,114,61,55,92,103,51,102,29,15,79" hai1="126,2,121,1,6,107,119,83,101,54,0,124,133" hai2="20,38,43,56,25,99,19,131,32,93,36,26,108" hai3="77,120,24,64,72,130,41,14,82,94,118,49,57"/><W52/><G120/><T96/><D114/><U127/><E121/><V60/><F108/><W39/><G118/><T115/><D115/><U23/><E119/><V35/><F131/><W134/><G130/><T27/><D74/><U30/><E133/><V47/><F38/><W53/><G134/><T98/><D79/><U109/><E109/><V112/><F26/><W63/><G39/><T17/><D61/><U42/><E42/><V91/><F112/><W46/><G14/><T116/><D116/><U132/><E132/><V117/><F117/><W70/><G70/><T58/><D44/><U86/><E54/><AGARI ba="0,0" hai="19,20,25,32,35,36,43,47,54,56,60,91,93,99" machi="54" ten="30,3900,0" yaku="7,1,25,2" doraHai="33" who="2" fromWho="1" sc="230,0,253,-39,261,39,256,0" owari="230,-17.0,214,-28.6,300,40.0,256,5.6" /></mjloggm>