<mjloggm ver="2.3"><GO type="225" lobby="0"/><UN n0="%72%69%6F%75%63%68%61%6E" n1="%E3%81%8B%E3%82%8F%E3%81%A1%E3%82%83%E3%82%93%35%38" n2="%4C%4F%4C%49%54%41" n3="%E3%83%97%E3%83%AC%E3%83%B4%E3%82%A1%E3%83%86%E3%82%A3" dan="16,16,16,16" rate="2169.23,2118.69,2177.61,2077.93" sx="M,M,F,F"/><TAIKYOKU oya="0"/><INIT seed="0,0,0,5,1,78" ten="250,250,250,250" oya="0" hai0="107,94,35,119,23,89,129,2,19,95,123,106,36" hai1="68,122,16,115,53,133,39,118,67,121,50,18,60" hai2="93,58,99,88,34,14,130,55,4,116,37,70,43" hai3="15,44,10,6,12,57,0,103,74,90,82,98,20"/><T65/><D119/><U7/><E118/><V54/><F116/><W30/><G57/><T114/><D114/><U42/><E133/><V113/><F70/><W22/><G44/><T117/><D117/><U102/><E102/><V64/><F34/><W97/><G90/><T61/><D123/><U77/><E115/><V111/><F113/><W73/><G30/><T28/><D2/><U71/><E7/><V1/><F1/><W81/><G0/><T128/><D36/><U8/><E68/><V27/><F111/><W17/><G103/><T101/><D101/><U131/><E131/><N who="0" m="50249" /><D28/><U134/><E134/><V85/><F130/><W51/><G51/><T80/><D35/><U21/><E77/><V46/><F27/><W69/><G69/><N who="0" m="42159" /><D80/><N who="3" m="30825" /><G74/><T112/><D112/><U100/><E100/><V45/><F37/><W86/><G73/><T105/><D89/><U31/><E31/><V104/><F88/><W49/><G49/><T76/><D76/><U38/><E38/><V47/><F104/><N who="0" m="26626" /><T63/><DORA hai="108" /><D63/><U32/><E32/><V13/><F46/><W48/><G48/><T84/><D84/><U59/><E122/><V92/><F45/><W26/><G86/><T56/><D56/><U124/><E121/><V135/><F58/><W9/><G26/><AGARI ba="0,0" hai="19,23,26,94,95" m="26626,42159,50249" machi="26" ten="40,2000,0" yaku="19,1" doraHai="78,108" who="0" fromWho="3" sc="250,20,250,0,250,0,250,-20" /><INIT seed="0,1,0,3,0,9" ten="270,250,250,230" oya="0" hai0="111,126,75,131,18,4,122,12,67,86,128,98,59" hai1="27,88,41,100,92,16,93,77,91,109,45,17,62" hai2="65,87,102,119,19,127,99,32,69,76,81,125,50" hai3="116,49,115,89,22,44,46,20,64,57,132,123,42"/><T36/><D122/><U25/><E109/><V106/><F32/><W31/><G123/><T121/><D121/><U83/><E100/><V52/><F119/><W11/><G116/><T133/><D111/><U26/><E62/><V3/><F3/><W130/><G115/><T112/><D112/><U21/><E92/><V110/><F110/><W23/><G130/><T68/><D75/><U28/><E17/><V79/><F79/><W104/><G104/><T74/><D74/><U53/><E53/><V66/><F19/><W13/><G132/><T56/><D133/><U72/><E93/><V117/><F117/><W78/><G78/><T96/><D36/><U7/><E7/><V6/><F6/><N who="3" m="3319" /><G46/><T2/><D126/><N who="2" m="48138" /><F69/><W113/><G113/><T47/><D47/><AGARI ba="1,0" hai="47,50,52,65,66,76,81,87,99,102,106" m="48138" machi="47" ten="30,2000,0" yaku="18,1,54,1" doraHai="9" who="2" fromWho="0" sc="270,-23,250,0,250,23,230,0" /><INIT seed="1,0,0,5,0,111" ten="247,250,273,230" oya="1" hai0="113,121,103,73,23,46,18,5,66,13,122,90,36" hai1="87,9,72,63,12,116,11,96,31,19,50,94,54" hai2="97,41,59,8,40,65,128,86,45,29,99,79,20" hai3="120,80,102,33,134,52,78,110,85,15,26,27,51"/><U62/><E72/><V135/><F128/><W123/><G110/><T100/><D113/><U119/><E119/><V43/><F135/><W67/><G134/><T70/><D73/><U88/><E116/><V92/><F45/><W34/><G102/><T16/><D5/><U28/><E9/><V127/><F127/><W3/><G3/><T68/><D90/><U112/><E112/><V69/><F69/><N who="0" m="26730" /><D66/><U106/><E106/><V81/><F8/><W2/><G67/><T58/><D58/><U14/><E14/><V38/><F38/><W130/><G2/><T4/><D4/><U64/><E96/><V0/><F0/><W37/><G37/><T60/><D60/><N who="1" m="23083" /><E64/><V30/><F65/><W77/><G130/><T44/><D18/><U57/><AGARI ba="0,0" hai="11,12,19,28,31,50,54,57,87,88,94" m="23083" machi="57" ten="30,3000,0" yaku="8,1,54,1" doraHai="111" who="1" fromWho="1" sc="247,-10,250,30,273,-10,230,-10" /><INIT seed="1,1,0,5,1,107" ten="237,280,263,220" oya="1" hai0="116,102,134,85,75,95,78,42,65,14,51,30,13" hai1="4,55,9,25,91,15,121,114,83,122,49,37,2" hai2="17,103,53,46,119,130,87,129,61,69,82,5,76" hai3="28,3,43,63,68,64,128,57,94,16,98,24,40"/><U89/><E114/><V96/><F119/><W131/><G3/><T115/><D115/><U27/><E37/><V11/><F17/><W71/><G68/><T106/><D116/><U21/><E2/><V34/><F34/><W90/><G71/><T7/><D134/><U26/><E121/><V29/><F29/><W54/><G64/><T45/><D65/><U93/><E122/><V111/><F111/><W66/><G66/><T100/><D30/><U38/><E38/><V84/><F69/><W58/><G58/><T41/><D42/><U132/><E83/><V48/><F84/><W80/><G80/><N who="0" m="45151" /><D102/><U31/><E91/><V6/><F61/><W73/><G73/><T8/><D8/><U47/><REACH who="1" step="1"/><E132/><REACH who="1" ten="237,270,263,220" step="2"/><V0/><REACH who="2" step="1"/><F6/><REACH who="2" ten="237,270,253,220" step="2"/><W67/><G131/><T112/><D7/><U120/><E120/><V81/><F81/><W92/><G128/><T72/><D112/><U123/><E123/><V133/><F133/><W101/><G67/><T113/><D113/><U59/><E59/><V86/><F86/><AGARI ba="1,2" hai="4,9,15,21,25,26,27,31,47,49,55,86,89,93" machi="86" ten="30,5800,0" yaku="1,1,7,1,8,1,53,0" doraHai="107" doraHaiUra="62" who="1" fromWho="2" sc="237,0,270,81,253,-61,220,0" /><INIT seed="1,2,0,2,2,110" ten="237,351,192,220" oya="1" hai0="58,109,25,10,100,82,23,129,114,90,4,123,88" hai1="115,133,62,68,35,132,104,93,127,46,95,111,43" hai2="18,49,70,99,12,86,116,47,78,29,73,22,81" hai3="11,37,21,64,67,80,60,87,3,36,33,85,72"/><U41/><E104/><V74/><F116/><W38/><G33/><T125/><D114/><U79/><E35/><V55/><F70/><W28/><G72/><T77/><D109/><U113/><E111/><V112/><F29/><W103/><G103/><T13/><D125/><U121/><E121/><V84/><F112/><N who="1" m="43081" /><E79/><V105/><REACH who="2" step="1"/><F73/><REACH who="2" ten="237,351,182,220" step="2"/><W40/><G37/><T122/><D122/><U15/><E127/><V61/><F61/><W24/><G38/><T92/><D123/><U5/><E62/><V89/><F89/><W7/><G60/><T53/><D129/><U97/><E68/><V32/><F32/><W8/><G36/><T118/><D118/><U2/><E133/><V120/><F120/><W31/><G31/><N who="0" m="17855" /><D77/><U63/><E132/><V51/><F51/><W94/><G28/><T48/><D82/><U117/><E63/><V44/><F44/><W102/><G80/><T1/><D1/><U0/><E0/><V96/><F96/><AGARI ba="2,1" hai="4,10,13,48,53,58,88,90,92,96,100" m="17855" machi="96" ten="30,2000,0" yaku="8,1,54,1" doraHai="110" who="0" fromWho="2" sc="237,36,351,0,182,-26,220,0" /><INIT seed="2,0,0,3,1,8" ten="273,351,156,220" oya="2" hai0="118,67,99,22,107,16,50,62,49,131,23,13,108" hai1="124,87,54,43,53,11,7,37,93,14,61,128,42" hai2="115,71,33,72,19,32,109,46,114,12,55,76,127" hai3="25,129,100,24,58,97,86,112,39,74,90,134,59"/><V125/><F71/><W35/><G129/><T9/><D108/><U52/><E52/><V57/><BYE who="1" /><F46/><W110/><G110/><T34/><D131/><U4/><E4/><V17/><F109/><W73/><G134/><T48/><D34/><N who="2" m="13418" /><F76/><W80/><G39/><T88/><D118/><U2/><E2/><V130/><F72/><W40/><G40/><T92/><REACH who="0" step="1"/><D107/><REACH who="0" ten="263,351,156,220" step="2"/><U5/><E5/><V47/><F130/><W36/><G35/><T75/><D75/><U135/><E135/><V84/><F114/><W116/><G112/><T66/><D66/><U21/><E21/><V91/><F115/><W41/><G116/><T51/><N who="0" m="12288" /><DORA hai="31" /><T56/><AGARI ba="0,1" hai="9,13,16,22,23,56,62,67,88,92,99" m="12288" machi="56" ten="40,24000,4" yaku="1,1,4,1,0,1,8,1,52,1,54,2,53,4" doraHai="8,31" doraHaiUra="81,44" who="0" fromWho="0" sc="263,250,351,-60,156,-120,220,-60" /><INIT seed="3,0,0,0,2,95" ten="513,291,36,160" oya="3" hai0="45,61,100,134,29,58,67,109,105,69,8,126,38" hai1="131,22,124,106,10,44,129,6,111,122,39,87,34" hai2="90,14,40,23,102,70,24,73,9,115,130,85,83" hai3="0,25,3,96,41,21,47,57,33,98,19,62,116"/><W13/><G116/><T123/><D123/><U86/><E86/><V1/><F115/><W132/><G132/><T82/><D134/><U72/><E72/><V52/><F130/><W36/><G0/><T43/><D109/><U101/><E101/><V56/><F70/><W60/><G3/><T120/><D120/><U74/><E74/><V125/><F125/><W84/><G62/><T37/><D126/><U46/><E46/><V42/><F73/><W76/><G76/><T65/><D29/><U17/><E17/><V78/><F102/><W97/><G84/><T4/><D82/><U5/><E5/><V94/><F1/><W35/><REACH who="3" step="1"/><G25/><REACH who="3" ten="513,291,36,150" step="2"/><T55/><D61/><U104/><E104/><V50/><F24/><W107/><G107/><T99/><D105/><U119/><E119/><V32/><F32/><W79/><G79/><T108/><D108/><U88/><E88/><V135/><F135/><W64/><AGARI ba="0,1" hai="13,19,21,33,35,36,41,47,57,60,64,96,97,98" machi="64" ten="30,18000,2" yaku="1,1,0,1,52,3,53,1" doraHai="95" doraHaiUra="12" who="3" fromWho="3" sc="513,-60,291,-60,36,-60,150,190" owari="453,55.3,231,-16.9,-24,-52.4,340,14.0" /></mjloggm>