<mjloggm ver="2.3"><GO type="225" lobby="0"/><UN n0="%6D%75%75%6D%75%72%61" n1="%E3%81%BF%E3%81%BF%E3%81%9A" n2="%73%6C%69%63%6B%33%31%39" n3="%77%72%77%72%77%72%77%72" dan="16,16,16,16" rate="2083.65,2173.64,2060.45,2173.69" sx="F,M,M,M"/><TAIKYOKU oya="0"/><INIT seed="0,0,0,2,4,38" ten="250,250,250,250" oya="0" hai0="101,80,88,111,53,59,56,66,112,89,84,115,19" hai1="36,23,22,110,114,16,96,98,64,60,10,33,27" hai2="52,77,94,34,17,100,68,106,48,31,9,87,95" hai3="21,39,93,91,105,12,116,135,24,90,117,85,43"/><T1/><D111/><U69/><E110/><V73/><F68/><W37/><G105/><T103/><D1/><U14/><E114/><V82/><F34/><W50/><G135/><T126/><D126/><U113/><E113/><V70/><F70/><W0/><G0/><T32/><D32/><U107/><E36/><V18/><F31/><W41/><G12/><T78/><D112/><U133/><E133/><V86/><F106/><W62/><G62/><N who="0" m="38215" /><D115/><U44/><E44/><V131/><F131/><W76/><G76/><T97/><D19/><U102/><E98/><N who="2" m="59479" /><F9/><W129/><G129/><T8/><D8/><U130/><E130/><V51/><F51/><W58/><G39/><T26/><D26/><U74/><E74/><V67/><F67/><W109/><G109/><T123/><D123/><U119/><E119/><V15/><F15/><W121/><G121/><T55/><D55/><U83/><E83/><N who="2" m="47471" /><F95/><N who="3" m="54735" /><G117/><T120/><D120/><U125/><E125/><V42/><F42/><W45/><G37/><T28/><D28/><AGARI ba="0,0" hai="10,14,16,22,23,27,28,33,60,64,69,96,102,107" machi="28" ten="40,5200,0" yaku="25,2,54,1" doraHai="38" who="1" fromWho="0" sc="250,-52,250,52,250,0,250,0" /><INIT seed="1,0,0,2,5,129" ten="198,302,250,250" oya="1" hai0="17,65,4,43,115,79,78,22,90,18,60,20,19" hai1="15,75,41,30,31,26,52,96,23,24,124,110,63" hai2="122,71,36,68,50,101,70,114,6,66,49,118,14" hai3="45,77,87,72,113,57,97,91,27,80,16,46,85"/><U104/><E75/><V88/><F118/><W82/><G113/><T73/><D115/><U59/><E124/><V34/><F34/><W95/><G57/><T92/><D4/><U32/><E110/><V103/><F122/><W69/><G69/><T84/><D43/><U74/><E74/><V40/><F114/><W134/><G134/><T106/><D106/><U8/><E41/><V81/><F66/><W117/><G117/><T132/><D132/><U131/><E131/><V11/><F36/><W130/><G130/><T0/><D0/><U93/><E104/><V119/><F119/><W28/><G72/><T64/><D73/><U98/><REACH who="1" step="1"/><E93/><REACH who="1" ten="198,292,250,250" step="2"/><V48/><REACH who="2" step="1"/><F40/><REACH who="2" ten="198,292,240,250" step="2"/><W37/><G37/><T89/><D65/><U13/><E13/><V58/><F58/><W121/><G121/><T47/><D64/><U51/><E51/><V135/><F135/><W100/><G46/><T7/><D47/><U56/><E56/><V54/><F54/><W35/><G45/><T55/><D55/><U133/><E133/><V109/><F109/><W5/><G27/><T83/><D60/><U12/><E12/><V105/><F105/><W2/><G2/><T44/><D44/><U10/><E10/><V38/><F38/><W108/><G108/><T33/><D33/><U99/><E99/><V120/><F120/><W123/><G35/><T116/><D116/><U112/><E112/><V9/><F9/><W62/><G62/><T111/><D111/><U107/><E107/><V29/><F29/><W39/><G123/><T102/><D22/><U127/><E127/><V1/><F1/><RYUUKYOKU ba="0,2" sc="198,-15,292,15,240,15,250,-15" hai1="8,15,23,24,26,30,31,32,52,59,63,96,98" hai2="6,11,14,48,49,50,68,70,71,81,88,101,103" /><INIT seed="1,1,2,1,2,41" ten="183,307,255,235" oya="1" hai0="115,36,83,8,88,91,79,98,86,78,71,50,35" hai1="112,90,16,110,122,120,117,42,12,7,11,119,103" hai2="73,63,10,37,45,66,56,39,64,60,93,116,49" hai3="24,111,15,5,31,26,92,84,14,32,58,27,97"/><U128/><E103/><V28/><F73/><W2/><G111/><T125/><D36/><N who="2" m="13898" /><F93/><W109/><G109/><T77/><D115/><U1/><E42/><N who="2" m="24759" /><F10/><W46/><G46/><T34/><D125/><U38/><E90/><V80/><F80/><W100/><G58/><T51/><D71/><U17/><E38/><V89/><F89/><W76/><G2/><T74/><D74/><U18/><E110/><V4/><F28/><W130/><G130/><T94/><REACH who="0" step="1"/><D8/><REACH who="0" ten="173,307,255,235" step="2"/><N who="1" m="2159" /><E112/><V61/><F4/><W99/><G32/><AGARI ba="1,3" hai="32,34,35,50,51,77,78,79,83,86,88,91,94,98" machi="32" ten="40,8000,1" yaku="1,1,54,1,53,3" doraHai="41" doraHaiUra="29" who="0" fromWho="3" sc="173,113,307,0,255,0,235,-83" /><INIT seed="2,0,0,1,3,20" ten="286,307,255,152" oya="2" hai0="43,69,59,36,46,3,21,58,127,76,107,30,112" hai1="7,110,42,41,34,26,48,83,23,35,75,56,121" hai2="61,133,129,120,123,87,29,32,1,18,88,116,94" hai3="44,81,38,91,51,132,135,85,108,122,50,73,31"/><V6/><F116/><W71/><G122/><T65/><D112/><U74/><E121/><V68/><F129/><W105/><G71/><T114/><D114/><U0/><E110/><V97/><F133/><W66/><G66/><T99/><D3/><U80/><E56/><V95/><F1/><W9/><G108/><T67/><D76/><U12/><E0/><V78/><F6/><W70/><G70/><T109/><D109/><U19/><E74/><V92/><F18/><W106/><G73/><T104/><D127/><U14/><E75/><V72/><F32/><W16/><G31/><T90/><D107/><U15/><E7/><V77/><F29/><W101/><G38/><T27/><D67/><U118/><E118/><V13/><F13/><N who="3" m="7215" /><G101/><T119/><D119/><U45/><REACH who="1" step="1"/><E41/><REACH who="1" ten="286,297,255,152" step="2"/><V33/><F72/><W82/><G135/><T54/><D69/><U37/><E37/><V113/><F113/><W131/><G132/><T40/><D40/><U98/><E98/><V126/><F123/><W102/><G131/><T4/><D4/><U60/><E60/><V10/><F120/><W24/><G51/><T125/><D36/><U117/><E117/><V22/><F68/><W103/><G50/><T11/><D43/><U86/><E86/><V17/><F61/><W64/><G85/><T100/><D59/><U25/><E25/><V79/><F87/><W111/><G24/><T53/><D27/><U28/><E28/><V128/><F128/><W89/><G111/><T124/><D30/><U62/><E62/><V93/><F97/><W130/><G130/><T8/><D99/><RYUUKYOKU ba="0,1" sc="286,-10,297,30,255,-10,152,-10" hai1="12,14,15,19,23,26,34,35,42,45,48,80,83" /><INIT seed="3,1,1,4,2,116" ten="276,327,245,142" oya="3" hai0="101,104,26,100,130,42,90,127,23,48,91,63,31" hai1="59,2,45,33,125,1,89,92,30,3,38,7,129" hai2="52,62,82,122,24,93,57,13,119,75,51,65,87" hai3="97,68,133,41,84,18,98,35,79,70,94,5,28"/><W80/><G133/><T66/><D130/><U95/><E125/><V124/><F119/><W49/><G5/><T29/><D127/><U50/><E129/><V88/><F124/><W86/><G35/><T81/><D31/><U71/><E71/><V4/><F122/><W11/><G28/><T14/><D14/><U60/><E38/><V102/><F24/><W135/><G135/><T44/><D104/><U117/><E117/><V9/><F75/><W128/><G128/><T32/><D32/><U64/><E7/><V123/><F123/><W34/><G34/><T53/><D42/><U36/><E36/><V74/><F74/><W134/><G134/><T67/><D91/><U0/><E0/><V73/><F73/><W40/><G70/><T76/><D76/><U47/><E47/><V113/><F113/><W43/><G49/><T112/><D112/><U54/><E89/><V15/><F15/><N who="3" m="7551" /><G68/><T115/><D115/><U111/><REACH who="1" step="1"/><E111/><REACH who="1" ten="276,317,245,142" step="2"/><V12/><F12/><W120/><G120/><T25/><D44/><U19/><E19/><V121/><F121/><W131/><G131/><T21/><D90/><AGARI ba="1,2" hai="40,41,43,79,80,84,86,90,94,97,98" m="7551" machi="90" ten="30,1500,0" yaku="8,1" doraHai="116" who="3" fromWho="0" sc="276,-18,317,0,245,0,142,38" /><INIT seed="3,2,0,1,2,128" ten="258,317,245,180" oya="3" hai0="131,39,134,122,28,108,21,124,100,52,17,47,10" hai1="127,11,114,103,27,68,50,97,62,26,31,63,40" hai2="58,59,56,73,4,2,32,83,46,38,29,19,77" hai3="48,42,30,79,130,109,34,95,123,37,41,117,93"/><W72/><G117/><T78/><D122/><U116/><E114/><V119/><F119/><W101/><G123/><T118/><D118/><U132/><E116/><V69/><F69/><W99/><G130/><T33/><D131/><U113/><E11/><N who="2" m="2455" /><F19/><W91/><G37/><T49/><D39/><U107/><E127/><V112/><F112/><W76/><G109/><T25/><D124/><U57/><E113/><V66/><F29/><W82/><G76/><T121/><D121/><U61/><E26/><V24/><F24/><W94/><G30/><T65/><D108/><U90/><E90/><V7/><F7/><W106/><G34/><T44/><D78/><U89/><E89/><V55/><F66/><W36/><G36/><T43/><D10/><U75/><E75/><V105/><F105/><W18/><G18/><T1/><D1/><U13/><E13/><V9/><F9/><W96/><REACH who="3" step="1"/><G42/><REACH who="3" ten="258,317,245,170" step="2"/><T3/><D28/><U84/><E40/><N who="2" m="22807" /><F32/><W15/><G15/><T67/><D33/><U80/><E31/><V60/><AGARI ba="2,1" hai="55,56,58,59,60,73,77,83" m="22807,2455" machi="60" ten="30,1100,0" yaku="25,1" doraHai="128" who="2" fromWho="2" sc="258,-5,317,-5,245,27,170,-7" owari="253,-14.7,312,41.2,272,7.2,163,-33.7" /></mjloggm>