<mjloggm ver="2.3"><GO type="225" lobby="0"/><UN n0="%E5%A4%9C%E5%85%89%E5%A4%A9%E6%A5%BC" n1="%E3%81%A8%E3%82%93%E3%81%A8%E3%81%93%E3%81%A8%E3%82%93" n2="%E6%A1%9C%E8%8A%B1%E9%96%83%E3%80%85" n3="%E3%81%84%E3%81%A1%E3%81%B2%E3%81%8B%E3%82%8A" dan="16,16,16,16" rate="2140.64,2133.05,2206.23,2119.26" sx="F,F,M,M"/><TAIKYOKU oya="0"/><INIT seed="0,0,0,0,5,133" ten="250,250,250,250" oya="0" hai0="132,99,119,135,83,27,49,124,36,96,91,123,46" hai1="86,108,81,41,10,87,12,61,63,130,85,77,107" hai2="98,116,16,95,29,25,15,78,89,75,70,93,69" hai3="7,113,34,55,43,33,20,105,128,106,127,22,24"/><T48/><D123/><U52/><E107/><V23/><F116/><W21/><G113/><T114/><D114/><U54/><E108/><V38/><F38/><W9/><G43/><T2/><D2/><U11/><E41/><V104/><F104/><W39/><G39/><T31/><D36/><U129/><E81/><V102/><F75/><W32/><G105/><T5/><D5/><U117/><E77/><V118/><F78/><W111/><G106/><T35/><D49/><U109/><E109/><V51/><F51/><W58/><G128/><N who="1" m="49258" /><E117/><V134/><F134/><N who="0" m="51242" /><D119/><U45/><E45/><V122/><F122/><W0/><G111/><T59/><D59/><N who="1" m="35047" /><E12/><V90/><F118/><W47/><G47/><T66/><D66/><U125/><E125/><V50/><F50/><W79/><G79/><T110/><D124/><U73/><E73/><V17/><F102/><W18/><REACH who="3" step="1"/><G127/><REACH who="3" ten="250,250,250,240" step="2"/><T26/><D110/><U64/><E54/><V126/><F126/><W115/><G115/><T94/><D46/><U6/><E6/><V84/><REACH who="2" step="1"/><F17/><REACH who="2" ten="250,250,240,240" step="2"/><W62/><AGARI ba="0,2" hai="0,7,9,18,20,21,22,24,32,33,34,55,58,62" machi="62" ten="30,4000,0" yaku="1,1,0,1,53,1" doraHai="133" doraHaiUra="57" who="3" fromWho="3" sc="250,-20,250,-10,240,-10,240,60" /><INIT seed="1,0,0,3,3,100" ten="230,240,230,300" oya="1" hai0="107,39,17,2,61,84,25,51,45,5,103,32,111" hai1="40,89,59,122,19,134,106,130,52,27,66,108,67" hai2="75,93,74,3,68,97,11,34,131,35,79,110,22" hai3="113,83,65,56,31,91,117,128,38,62,71,33,42"/><U81/><E122/><V58/><F68/><W82/><G113/><T72/><D72/><U112/><E112/><V50/><F110/><W102/><G128/><T85/><D39/><U64/><E130/><V7/><F131/><W121/><G121/><T4/><D111/><U86/><E108/><V69/><F69/><W70/><G117/><T118/><D118/><U87/><E134/><V76/><F75/><W123/><G71/><T37/><D37/><U115/><E115/><V132/><F132/><W30/><G123/><T8/><D61/><U47/><E106/><V77/><F22/><W78/><G102/><T55/><D5/><U94/><E27/><V0/><F0/><W28/><G70/><T1/><D17/><U36/><E19/><V96/><F74/><W16/><G78/><T73/><D73/><U53/><REACH who="1" step="1"/><E59/><REACH who="1" ten="230,230,230,300" step="2"/><V98/><F58/><W101/><G56/><T48/><D25/><U29/><E29/><V92/><F7/><W12/><G30/><T125/><D107/><U114/><E114/><V14/><F35/><W43/><G28/><T20/><D32/><U129/><E129/><V116/><F34/><W41/><G31/><T99/><D4/><U119/><E119/><V13/><F116/><W104/><G33/><T57/><D57/><U90/><AGARI ba="0,1" hai="36,40,47,52,53,64,66,67,81,86,87,89,90,94" machi="90" ten="30,6000,0" yaku="1,1,0,1,54,1,53,0" doraHai="100" doraHaiUra="54" who="1" fromWho="1" sc="230,-20,230,70,230,-20,300,-20" /><INIT seed="1,1,0,1,5,50" ten="210,300,210,280" oya="1" hai0="113,83,118,40,80,45,123,9,119,29,135,128,46" hai1="109,69,8,61,37,43,104,39,4,125,105,19,1" hai2="15,33,0,24,126,62,88,68,26,89,30,81,70" hai3="14,53,36,110,7,67,131,76,132,74,117,86,129"/><U34/><E19/><V75/><F0/><W87/><G36/><N who="1" m="13898" /><E43/><V72/><F126/><W112/><G112/><T5/><D113/><U122/><E122/><V99/><F15/><W10/><G110/><T96/><D40/><U41/><E41/><V64/><F70/><W57/><G67/><T3/><D29/><U92/><E92/><V44/><F44/><W111/><G111/><T16/><D46/><U133/><E109/><V65/><F65/><W120/><G132/><T95/><D45/><U32/><E125/><V6/><F6/><W121/><G117/><T28/><D28/><U77/><E77/><V127/><F24/><W59/><G59/><T48/><D135/><U60/><E60/><V106/><F127/><W114/><G114/><T35/><D48/><U90/><E90/><N who="2" m="34923" /><F81/><N who="3" m="45207" /><G121/><T58/><D123/><U91/><E91/><V52/><F52/><W124/><G124/><T38/><D38/><U17/><E17/><V130/><F75/><W97/><G120/><T42/><D42/><U13/><E13/><V102/><F72/><W23/><G14/><T21/><D118/><U78/><E133/><V51/><F51/><W54/><G7/><T22/><D119/><U100/><E34/><V55/><F55/><W82/><G53/><T25/><D35/><U31/><E32/><V49/><F49/><W79/><G54/><T84/><D58/><U63/><E69/><V116/><F116/><W93/><G57/><T101/><D22/><U98/><E4/><V12/><F12/><W18/><G23/><T47/><D47/><U56/><E56/><V108/><F108/><RYUUKYOKU ba="1,0" sc="210,-10,300,-10,210,30,280,-10" hai2="26,30,33,62,64,68,99,102,106,130" /><INIT seed="2,2,0,2,1,8" ten="200,290,240,270" oya="2" hai0="102,3,58,81,69,101,89,4,72,95,80,54,129" hai1="111,49,127,40,68,1,31,115,34,9,13,134,123" hai2="107,5,78,109,119,51,112,43,30,64,37,105,52" hai3="77,113,44,32,41,50,29,110,10,121,96,83,131"/><V19/><F112/><W99/><G121/><T56/><D69/><U12/><E49/><V46/><F119/><W45/><G110/><T27/><D129/><U92/><E92/><V57/><F109/><W21/><G32/><T117/><D117/><U94/><E94/><V11/><F30/><W93/><G131/><T2/><D4/><N who="1" m="1167" /><E40/><V103/><F103/><W116/><G116/><T85/><D3/><U132/><E68/><V106/><F19/><W20/><G29/><T36/><D2/><U125/><E123/><V67/><REACH who="2" step="1"/><F78/><REACH who="2" ten="200,290,230,270" step="2"/><W35/><G113/><T18/><D101/><U47/><E111/><V84/><F84/><W28/><G28/><T74/><D102/><U79/><E79/><V86/><F86/><W62/><G77/><T126/><D85/><U104/><E115/><V22/><F22/><W118/><G20/><N who="0" m="13719" /><D74/><U17/><E31/><V76/><F76/><W71/><G118/><T38/><D72/><U16/><E34/><V63/><F63/><W6/><G62/><T114/><D114/><U53/><E17/><V98/><F98/><W65/><G99/><T97/><D97/><U55/><E16/><V23/><F23/><W82/><G21/><T87/><D81/><U128/><E128/><V60/><F60/><W48/><G82/><T124/><D80/><U14/><E132/><V0/><AGARI ba="2,1" hai="0,5,11,37,43,46,51,52,57,64,67,105,106,107" machi="0" ten="30,6000,0" yaku="1,1,0,1,54,1,53,0" doraHai="8" doraHaiUra="130" who="2" fromWho="2" sc="200,-22,290,-22,230,76,270,-22" /><INIT seed="2,3,0,2,1,2" ten="178,268,306,248" oya="2" hai0="88,54,118,83,29,58,113,67,49,25,86,23,7" hai1="52,31,133,48,43,101,85,71,26,95,4,94,128" hai2="78,64,44,69,75,109,89,45,107,55,22,51,20" hai3="8,110,50,57,66,82,30,102,15,3,35,121,34"/><V77/><F107/><W70/><G121/><T96/><D118/><U98/><E71/><V38/><F109/><W40/><G70/><T79/><D113/><U60/><E128/><V10/><F69/><W134/><G3/><T28/><D67/><U37/><E37/><V65/><F75/><W106/><G134/><T131/><D131/><U33/><E133/><V135/><F135/><W132/><G132/><T47/><D7/><U112/><E112/><V80/><F10/><W18/><G30/><T6/><D6/><U129/><E129/><V73/><F38/><W36/><G36/><T11/><D11/><U39/><E39/><V100/><F100/><W123/><G123/><T24/><D96/><U108/><E4/><V27/><F44/><W32/><G82/><T119/><D119/><U124/><E124/><V92/><F77/><W42/><G110/><T61/><D79/><U74/><E74/><V17/><REACH who="2" step="1"/><F22/><REACH who="2" ten="178,268,296,248" step="2"/><W125/><G102/><T116/><D116/><U104/><E108/><V130/><F130/><W46/><G106/><T53/><REACH who="0" step="1"/><D25/><REACH who="0" ten="168,268,296,248" step="2"/><U93/><E26/><V91/><F91/><W5/><G8/><T12/><D12/><U126/><E101/><V14/><F14/><W99/><G15/><T9/><D9/><U122/><E122/><V76/><F76/><W13/><G13/><T87/><D87/><AGARI ba="3,2" hai="17,20,27,45,51,55,64,65,73,78,80,87,89,92" machi="87" ten="30,11600,0" yaku="1,1,7,1,53,2" doraHai="2" doraHaiUra="62" who="2" fromWho="0" sc="168,-125,268,0,296,145,248,0" /><INIT seed="2,4,0,3,2,29" ten="43,268,441,248" oya="2" hai0="125,5,57,83,105,75,72,117,39,110,53,66,41" hai1="64,27,48,121,2,88,44,120,113,19,22,34,71" hai2="9,89,127,6,126,58,82,85,124,133,123,0,94" hai3="76,87,51,109,59,130,28,107,73,7,122,119,8"/><V108/><F123/><W97/><G119/><T101/><D101/><U56/><E113/><V106/><F106/><W63/><G122/><N who="1" m="47210" /><E2/><V23/><F133/><W30/><G73/><T74/><D83/><U16/><E71/><V37/><F37/><W47/><G130/><T15/><D105/><U45/><E34/><V68/><F68/><W78/><G109/><T52/><D110/><U46/><E88/><N who="2" m="51255" /><F108/><W61/><G97/><T18/><D5/><U96/><E96/><N who="2" m="57423" /><F23/><W21/><G21/><T26/><D26/><U92/><E92/><V4/><F4/><W55/><G107/><T112/><D112/><U91/><E91/><V13/><F58/><W60/><G59/><T50/><D117/><U90/><E90/><V25/><F25/><W11/><G76/><T49/><D66/><U20/><E64/><V111/><F111/><W40/><G78/><T115/><D115/><U1/><E1/><AGARI ba="4,0" hai="0,1,6,9,13,124,126,127" m="57423,51255" machi="1" ten="30,2900,0" yaku="18,1,54,1" doraHai="29" who="2" fromWho="1" sc="43,0,268,-41,441,41,248,0" /><INIT seed="2,5,0,3,4,43" ten="43,227,482,248" oya="2" hai0="103,116,35,107,76,69,7,84,22,49,27,54,126" hai1="75,28,63,135,11,82,5,123,105,61,6,129,74" hai2="21,91,50,23,120,102,53,88,81,14,1,112,36" hai3="109,70,19,119,125,80,66,29,13,118,87,114,130"/><V128/><F112/><W86/><G109/><T77/><D126/><U25/><E105/><V95/><F120/><W64/><G125/><T83/><D116/><U20/><E129/><V48/><F36/><W96/><G130/><T79/><D69/><U97/><E135/><V46/><F1/><W26/><G114/><T68/><D68/><U111/><E111/><V127/><F127/><W124/><G124/><T37/><D37/><U110/><E110/><V57/><F128/><W93/><G70/><T34/><D7/><U12/><E123/><V117/><F117/><W4/><G4/><T52/><D103/><U99/><E5/><V55/><F14/><W94/><G93/><T47/><D54/><U60/><REACH who="1" step="1"/><E82/><REACH who="1" ten="43,217,482,248" step="2"/><V30/><F81/><W41/><G118/><T24/><D107/><U39/><E39/><V44/><F57/><W73/><G80/><T2/><D2/><U56/><E56/><V51/><F51/><W10/><G119/><T108/><D108/><U98/><AGARI ba="5,1" hai="6,11,12,20,25,28,60,61,63,74,75,97,98,99" machi="98" ten="30,2000,0" yaku="1,1,0,1,53,0" doraHai="43" doraHaiUra="33" who="1" fromWho="1" sc="43,-10,217,45,482,-15,248,-10" /><INIT seed="3,0,0,1,1,52" ten="33,262,467,238" oya="3" hai0="85,124,122,128,70,135,33,102,126,103,134,89,35" hai1="95,49,25,14,17,72,74,40,21,48,84,0,111" hai2="22,75,66,63,91,42,81,105,15,54,30,76,55" hai3="101,50,6,110,86,62,1,127,64,9,29,120,4"/><W39/><G39/><T47/><D47/><U132/><E0/><V46/><F105/><W117/><G120/><T24/><D70/><U27/><E111/><V88/><F55/><W99/><G117/><T80/><D122/><U100/><E132/><N who="0" m="50729" /><D24/><U5/><E72/><V11/><F54/><W3/><G110/><T67/><D67/><U78/><E74/><V131/><F131/><W107/><G127/><N who="0" m="48683" /><D35/><U32/><E32/><V61/><F61/><W94/><G29/><T119/><D33/><U8/><E40/><V123/><F22/><W109/><G109/><T79/><D79/><U34/><E34/><V77/><F77/><W23/><G50/><T104/><D119/><U44/><E27/><V114/><F114/><W92/><G23/><T118/><D118/><U10/><E44/><V20/><F20/><W97/><G1/><T53/><D53/><U83/><E10/><V43/><F43/><W106/><G4/><T133/><N who="0" m="50737" /><T28/><DORA hai="45" /><D28/><U58/><E58/><V19/><F30/><W56/><G86/><T13/><D13/><U125/><E125/><V37/><F123/><W12/><G3/><T2/><D2/><U90/><E100/><AGARI ba="0,0" hai="6,9,12,56,62,64,92,94,97,99,100,101,106,107" machi="100" ten="30,5800,0" yaku="7,1,9,1,52,1" doraHai="52,45" who="3" fromWho="1" sc="33,0,262,-58,467,0,238,58" /><INIT seed="3,1,0,1,4,125" ten="33,204,467,296" oya="3" hai0="58,122,119,51,21,109,79,42,86,70,126,85,124" hai1="32,12,41,90,39,3,120,116,56,33,15,35,72" hai2="108,48,106,102,45,37,73,127,112,30,80,105,121" hai3="71,84,82,46,129,69,104,92,7,78,26,111,27"/><W64/><G104/><T2/><D2/><U68/><E68/><V14/><F112/><W128/><G111/><T28/><D70/><U23/><E120/><V63/><F37/><W25/><G7/><T57/><D109/><U52/><E72/><V43/><F108/><W20/><G20/><T98/><D21/><U1/><E41/><V97/><F127/><W65/><G46/><T96/><D42/><U44/><E44/><V117/><F117/><W31/><G31/><T103/><D79/><U5/><E39/><V132/><F121/><W49/><G49/><T130/><D122/><U17/><E116/><V99/><F132/><W11/><G11/><T83/><D119/><U94/><E12/><V135/><F135/><W55/><G55/><T22/><D22/><U115/><E5/><V61/><F14/><W67/><G92/><T40/><D40/><U0/><E115/><V47/><F30/><W123/><G123/><T16/><D103/><U54/><REACH who="1" step="1"/><E56/><REACH who="1" ten="33,194,467,296" step="2"/><V10/><F47/><W118/><G118/><T75/><D75/><U62/><E62/><V9/><F105/><W6/><G6/><T131/><D28/><U24/><E24/><V50/><F50/><W4/><G4/><T93/><D51/><U113/><E113/><V19/><F19/><W134/><G134/><T53/><D16/><U101/><E101/><V81/><F102/><W34/><G34/><T8/><D8/><U59/><E59/><V88/><F106/><W133/><G133/><T95/><REACH who="0" step="1"/><D83/><REACH who="0" ten="23,194,467,296" step="2"/><U114/><E114/><V89/><F9/><W91/><G69/><T29/><D29/><RYUUKYOKU ba="1,2" sc="23,15,194,15,467,-15,296,-15" hai0="53,57,58,85,86,93,95,96,98,124,126,130,131" hai1="0,1,3,15,17,23,32,33,35,52,54,90,94" owari="38,-46.2,209,-19.1,472,57.2,281,8.1" /></mjloggm>