<mjloggm ver="2.3"><GO type="225" lobby="0"/><UN n0="%E6%B8%A9%E2%98%85%E6%83%85%E2%98%85%E6%8E%AA%E2%98%85%E7%BD%AE" n1="%E6%B0%B7%E5%B7%9D%E9%87%8C%E5%A5%88" n2="%73%7A%2E%64%31" n3="%E4%BE%BF%E6%89%80" dan="16,16,16,16" rate="2164.55,2149.33,2144.99,2045.62" sx="M,F,M,M"/><TAIKYOKU oya="0"/><INIT seed="0,0,0,4,0,97" ten="250,250,250,250" oya="0" hai0="17,26,70,45,65,100,132,48,123,91,61,121,59" hai1="36,79,75,21,89,44,47,103,122,92,51,82,2" hai2="5,54,43,125,101,27,9,31,114,38,0,112,95" hai3="15,116,99,14,6,12,94,4,104,78,80,66,68"/><T55/><D132/><U129/><E129/><V115/><F54/><W49/><G116/><T33/><D91/><U77/><E122/><V74/><F125/><W41/><G104/><T84/><D84/><U40/><E2/><V131/><F131/><W3/><G68/><T90/><D90/><U102/><E21/><V46/><F95/><W19/><G66/><T28/><D17/><U135/><E79/><V124/><F124/><W53/><G41/><T20/><D20/><U118/><E118/><V96/><F96/><W57/><G19/><T32/><D32/><U110/><E110/><V111/><F101/><W56/><G56/><T83/><D83/><U39/><E135/><V106/><F111/><W98/><G3/><T11/><D11/><U73/><E36/><V42/><F42/><W30/><G30/><T24/><D24/><U85/><E75/><V16/><F16/><W76/><G98/><T29/><D29/><U7/><E7/><N who="3" m="2602" /><G80/><T87/><D87/><U22/><E22/><V23/><REACH who="2" step="1"/><F74/><REACH who="2" ten="250,250,240,250" step="2"/><W119/><G119/><T93/><D93/><U35/><E35/><V117/><F117/><W50/><G50/><T62/><REACH who="0" step="1"/><D100/><AGARI ba="0,1" hai="12,14,15,49,53,57,76,78,94,99,100" m="2602" machi="100" ten="30,2000,0" yaku="8,1,52,1" doraHai="97" who="3" fromWho="0" sc="250,-20,250,0,240,0,250,30" /><INIT seed="1,0,0,2,1,111" ten="230,250,240,280" oya="1" hai0="134,67,73,2,28,78,52,89,97,99,83,70,101" hai1="23,76,40,16,18,15,115,20,50,126,39,17,51" hai2="132,22,26,44,106,47,66,10,60,88,90,38,65" hai3="63,112,42,49,95,59,9,114,0,96,1,48,91"/><U130/><E130/><V94/><F106/><W53/><G9/><T84/><D2/><U102/><E126/><V43/><F132/><W8/><G48/><T119/><D134/><U127/><E127/><V55/><F10/><W135/><G135/><T13/><D119/><U85/><E102/><V41/><F55/><W57/><G42/><T77/><D28/><U24/><E18/><V131/><F131/><W45/><G45/><T74/><D13/><U25/><E15/><V109/><F109/><W79/><G79/><T100/><D52/><U14/><E14/><V30/><F94/><W29/><G29/><T6/><D6/><U19/><E19/><V62/><F62/><W120/><G120/><T86/><D67/><U117/><E117/><V58/><REACH who="2" step="1"/><F65/><REACH who="2" ten="230,250,230,280" step="2"/><W54/><REACH who="3" step="1"/><G8/><REACH who="3" ten="230,250,230,270" step="2"/><T133/><D133/><U5/><E5/><V82/><F82/><W68/><G68/><T118/><D70/><U122/><E122/><V87/><F87/><W113/><AGARI ba="0,2" hai="0,1,49,53,54,57,59,63,91,95,96,112,113,114" machi="113" ten="30,12000,2" yaku="1,1,0,1,52,3,53,1" doraHai="111" doraHaiUra="56" who="3" fromWho="3" sc="230,-30,250,-60,230,-30,270,140" /><INIT seed="2,0,0,2,5,29" ten="200,190,200,410" oya="2" hai0="126,33,100,123,97,46,134,26,21,115,30,103,91" hai1="23,118,75,66,22,92,32,79,131,120,127,112,60" hai2="7,24,17,35,16,37,38,10,59,125,108,41,12" hai3="128,44,68,133,3,110,50,43,77,107,129,28,117"/><V132/><F132/><W39/><G107/><T47/><D115/><U9/><E112/><V11/><F125/><W85/><G3/><T84/><D123/><U99/><E118/><V102/><F108/><W62/><G28/><T80/><D134/><U87/><E75/><V70/><F70/><W67/><G117/><T111/><D111/><U31/><E127/><V6/><F102/><N who="0" m="38954" /><D33/><U104/><E104/><V20/><F59/><W124/><G124/><T53/><D126/><U122/><E131/><N who="3" m="50250" /><G110/><T101/><D53/><U135/><E135/><V25/><F41/><W8/><G8/><N who="2" m="3113" /><F37/><W74/><G133/><T34/><D34/><U86/><E9/><N who="2" m="6287" /><F38/><W1/><G1/><T73/><D73/><U56/><E120/><V49/><F49/><W51/><G74/><T2/><D2/><U71/><E122/><V27/><F35/><W98/><G98/><T121/><D121/><U65/><E32/><V40/><F40/><W105/><G105/><T18/><D30/><U69/><E31/><V93/><F93/><AGARI ba="0,0" hai="18,21,26,46,47,80,84,91,93,97,101" m="38954" machi="93" ten="30,1000,0" yaku="8,1" doraHai="29" who="0" fromWho="2" sc="200,10,190,0,200,-10,410,0" /><INIT seed="3,0,0,5,0,59" ten="210,190,190,410" oya="3" hai0="40,46,6,106,74,24,3,80,50,128,125,94,81" hai1="117,122,100,54,19,118,134,62,56,114,44,68,75" hai2="108,13,98,65,130,116,34,11,76,1,0,5,37" hai3="131,77,127,33,52,73,58,32,36,25,133,31,107"/><W120/><G120/><T113/><D106/><U14/><E75/><V63/><F116/><N who="1" m="44649" /><E114/><V83/><F130/><W45/><G107/><T115/><D128/><U129/><E129/><V42/><F108/><W82/><G127/><T7/><D125/><U96/><E134/><V92/><F34/><W87/><G133/><T70/><D70/><U126/><E126/><V121/><F121/><W90/><G131/><T89/><D24/><U123/><E44/><V105/><F105/><W39/><G45/><T47/><D47/><U57/><E68/><V18/><F5/><N who="0" m="1546" /><D74/><U78/><E78/><V26/><F42/><W51/><G33/><T135/><D3/><U17/><E17/><V48/><F26/><W119/><G119/><T28/><D28/><U55/><E96/><V67/><F37/><W41/><G41/><T124/><D124/><U103/><E123/><V23/><F11/><W99/><G99/><N who="0" m="57807" /><D135/><U35/><E122/><V21/><F21/><W64/><G64/><T4/><D4/><U2/><E2/><V97/><F67/><W30/><G30/><T111/><D111/><U29/><E29/><V88/><F97/><W101/><G101/><T8/><D8/><N who="1" m="6599" /><E35/><V93/><F92/><AGARI ba="0,0" hai="25,31,32,36,39,51,52,58,73,77,82,87,90,92" machi="92" ten="30,2900,0" yaku="7,1,54,1" doraHai="59" who="3" fromWho="2" sc="210,0,190,0,190,-29,410,29" owari="210,1.0,190,-21.0,161,-33.9,439,53.9" /></mjloggm>