<mjloggm ver="2.3"><GO type="225" lobby="0"/><UN n0="%E6%B4%BE%E9%81%A3%E3%81%AE%E3%82%B8%E3%83%A3%E3%83%83%E3%82%AF" n1="%E3%82%8C%E3%81%99%E3%81%93" n2="%E6%81%A5%E6%99%92%E3%81%97" n3="%E3%81%BE%E3%81%A8%E3%81%9F" dan="17,16,16,17" rate="2221.46,2103.09,2142.31,2253.86" sx="M,F,M,M"/><TAIKYOKU oya="0"/><INIT seed="0,0,0,0,3,34" ten="250,250,250,250" oya="0" hai0="104,6,7,93,121,12,114,21,109,108,130,67,53" hai1="50,88,57,131,46,100,25,39,60,125,79,91,30" hai2="19,42,22,8,80,95,68,113,55,5,99,11,117" hai3="40,18,9,0,29,82,76,45,20,66,37,47,112"/><T15/><D104/><U49/><E131/><V27/><F113/><W16/><G112/><T84/><D114/><U23/><E125/><V107/><F107/><W128/><G128/><T92/><D67/><U51/><E100/><V106/><F106/><W64/><G29/><T101/><D130/><U132/><E132/><V3/><F117/><W123/><G47/><T10/><D121/><U2/><E2/><V35/><F68/><W102/><G102/><T129/><D129/><U89/><E79/><V28/><F42/><W70/><G70/><T105/><D53/><N who="1" m="33839" /><E39/><V83/><F11/><W32/><G32/><T63/><D63/><U127/><E127/><V134/><F55/><AGARI ba="0,0" hai="23,25,30,46,49,50,51,55,88,89,91" m="33839" machi="55" ten="30,2000,0" yaku="8,1,54,1" doraHai="34" who="1" fromWho="2" sc="250,0,250,20,250,-20,250,0" /><INIT seed="1,0,0,1,5,119" ten="250,270,230,250" oya="1" hai0="32,85,130,3,118,122,29,52,11,45,105,47,95" hai1="60,109,42,0,125,68,106,99,78,131,66,35,20" hai2="134,117,2,92,4,6,72,19,100,22,67,27,96" hai3="87,59,82,101,103,65,63,107,23,26,8,53,113"/><U124/><E131/><V93/><F117/><W5/><G113/><T81/><D105/><U48/><E0/><V132/><F72/><W61/><G107/><T18/><D118/><U39/><E35/><V49/><F2/><W40/><G40/><T112/><D112/><U44/><E78/><V38/><F38/><W126/><G126/><N who="1" m="48746" /><E20/><V127/><F127/><W83/><G8/><T86/><D130/><U108/><E99/><V30/><F67/><W128/><G5/><N who="2" m="2153" /><F49/><W10/><G10/><T76/><D3/><U71/><E106/><V56/><F56/><W111/><G111/><N who="1" m="42570" /><E48/><V91/><F132/><W36/><G128/><T28/><D32/><U110/><N who="1" m="42578" /><U120/><DORA hai="14" /><E120/><V97/><F134/><W13/><G36/><T129/><D122/><U62/><E62/><V133/><F133/><W21/><G63/><T75/><D129/><U104/><E104/><V121/><F121/><W1/><G1/><T79/><D79/><U17/><E17/><AGARI ba="0,0" hai="17,19,22,27,30,91,92,93,96,97,100" m="2153" machi="17" ten="30,3900,0" yaku="8,1,52,2" doraHai="119,14" who="2" fromWho="1" sc="250,0,270,-39,230,39,250,0" /><INIT seed="2,0,0,3,0,67" ten="250,231,269,250" oya="2" hai0="88,125,126,16,4,1,35,29,86,89,101,95,52" hai1="6,49,129,43,32,63,112,26,135,46,91,68,70" hai2="83,82,44,64,79,81,134,53,58,42,65,48,10" hai3="47,71,8,121,12,54,99,114,93,38,122,61,123"/><V15/><F134/><W128/><G128/><T124/><D35/><U11/><E112/><V131/><F131/><W110/><G110/><T50/><D29/><U30/><E129/><V5/><F64/><W85/><G85/><T74/><D74/><U33/><E135/><V72/><REACH who="2" step="1"/><F65/><REACH who="2" ten="250,231,259,250" step="2"/><W84/><G121/><T90/><D101/><U45/><E33/><V108/><F108/><W98/><G122/><T17/><D1/><U0/><E63/><AGARI ba="0,1" hai="5,10,15,42,44,48,53,58,63,72,79,81,82,83" machi="63" ten="30,5800,0" yaku="1,1,7,1,53,1" doraHai="67" doraHaiUra="107" who="2" fromWho="1" sc="250,0,231,-58,259,68,250,0" /><INIT seed="2,1,0,1,3,79" ten="250,173,327,250" oya="2" hai0="113,43,86,46,67,36,103,64,98,84,41,132,58" hai1="42,26,120,70,3,49,30,65,93,77,127,99,21" hai2="10,40,2,55,92,27,48,34,133,102,88,96,97" hai3="118,89,94,53,28,106,125,20,80,8,17,130,14"/><V38/><F133/><W24/><G118/><T29/><D113/><U128/><E128/><V91/><F38/><W73/><G125/><T108/><D108/><U4/><E127/><V104/><F40/><W122/><G122/><T76/><D132/><U123/><E3/><V119/><F119/><W56/><G106/><T23/><D43/><U57/><E4/><V33/><F27/><W71/><G71/><T66/><D58/><U18/><E70/><V1/><F91/><W109/><G109/><T15/><D76/><U101/><E18/><V9/><F2/><W111/><G111/><T114/><D114/><U95/><E95/><V12/><F1/><W112/><G112/><T107/><D29/><U134/><E134/><V39/><F39/><W68/><G68/><T0/><D0/><U117/><E117/><V37/><F37/><W62/><G130/><T50/><D36/><U47/><REACH who="1" step="1"/><E77/><REACH who="1" ten="250,163,327,250" step="2"/><V69/><F69/><W63/><G94/><T129/><D129/><U22/><E22/><V75/><F9/><W11/><G11/><T100/><D100/><U16/><E16/><V131/><F131/><W74/><G8/><T7/><D7/><U85/><E85/><V90/><F34/><W59/><G17/><N who="0" m="10687" /><D86/><U124/><E124/><V35/><F33/><W87/><G14/><T110/><D84/><U72/><E72/><V44/><F75/><W82/><G82/><T83/><D110/><U126/><E126/><V60/><F35/><W116/><G116/><T5/><D5/><U54/><E54/><AGARI ba="1,1" hai="20,24,28,53,54,56,59,62,63,73,74,80,87,89" machi="54" ten="30,3900,0" yaku="7,1,9,1,52,1" doraHai="79" who="3" fromWho="1" sc="250,0,163,-42,327,0,250,52" /><INIT seed="3,0,0,3,2,26" ten="250,121,327,302" oya="3" hai0="34,21,69,80,41,61,112,59,79,25,131,87,117" hai1="6,49,90,83,84,75,29,99,107,130,89,100,58" hai2="51,73,11,47,15,56,98,19,93,68,52,127,133" hai3="119,85,115,122,78,64,10,113,72,74,42,116,12"/><W7/><G122/><T54/><D117/><U39/><E6/><V114/><F114/><W81/><G116/><T55/><D131/><U91/><E39/><V110/><F68/><W46/><G119/><T120/><D34/><U128/><E49/><N who="2" m="30735" /><F110/><W135/><G135/><T30/><D120/><U96/><E58/><V36/><F127/><W125/><G125/><T48/><D112/><N who="3" m="43081" /><G64/><T38/><D69/><U71/><E29/><V111/><F111/><W43/><G43/><T18/><D38/><U76/><E71/><V124/><F73/><W132/><G132/><T66/><D41/><U97/><REACH who="1" step="1"/><E75/><REACH who="1" ten="250,111,327,302" step="2"/><V134/><F36/><W123/><G123/><T28/><D66/><U2/><E2/><V0/><F0/><W92/><G92/><T1/><D1/><U101/><E101/><V105/><F93/><W16/><G16/><T60/><D60/><U27/><E27/><V65/><F124/><W53/><G53/><T13/><D25/><U35/><E35/><V104/><F65/><W103/><G103/><T102/><D102/><U4/><E4/><V108/><F108/><W20/><G20/><T37/><D37/><U121/><E121/><V45/><F133/><W5/><G5/><T94/><D94/><U40/><E40/><N who="2" m="24999" /><F134/><W129/><G129/><AGARI ba="0,1" hai="76,83,84,89,90,91,96,97,99,100,107,128,129,130" machi="129" ten="40,8000,1" yaku="1,1,19,1,34,3,53,0" doraHai="26" doraHaiUra="17" who="1" fromWho="3" sc="250,0,111,90,327,0,302,-80" owari="250,5.0,201,-29.9,327,42.7,222,-17.8" /></mjloggm>