<mjloggm ver="2.3"><GO type="225" lobby="0"/><UN n0="%E9%80%9F%E6%B0%B4%E5%87%9B%E9%A6%99" n1="%E3%81%82%E3%82%93%E3%81%AA%E3%81%A4" n2="%6D%75%75%6D%75%72%61" n3="%72%69%6F%75%63%68%61%6E" dan="16,16,16,17" rate="2089.27,2114.11,2083.42,2264.59" sx="F,M,F,M"/><TAIKYOKU oya="0"/><INIT seed="0,0,0,4,2,53" ten="250,250,250,250" oya="0" hai0="26,39,131,108,32,18,36,66,73,105,41,135,98" hai1="43,12,22,106,17,19,107,71,92,91,115,80,70" hai2="90,95,113,63,100,25,8,35,109,74,117,61,49" hai3="5,33,124,56,86,52,45,37,119,120,121,78,123"/><T9/><D73/><U102/><E115/><V87/><F113/><W112/><G124/><T62/><D135/><U15/><E43/><V96/><F109/><W101/><G112/><T14/><D131/><U6/><E6/><V129/><F129/><W69/><G119/><T126/><D108/><U94/><E80/><V93/><F117/><W7/><G33/><T76/><D76/><U16/><E19/><V58/><F74/><W13/><G69/><T130/><D130/><U125/><E125/><V64/><F8/><W67/><G101/><T42/><D42/><U24/><E24/><V59/><F49/><N who="3" m="30735" /><G67/><T57/><D41/><U111/><E111/><V29/><REACH who="2" step="1"/><F63/><REACH who="2" ten="250,250,240,250" step="2"/><W54/><G37/><T40/><D126/><U72/><E72/><V132/><F132/><W10/><G5/><T3/><D3/><U85/><E106/><V23/><F23/><W44/><G54/><T81/><D39/><U11/><REACH who="1" step="1"/><E107/><REACH who="1" ten="250,240,240,250" step="2"/><V1/><F1/><W84/><G78/><T118/><D118/><U77/><E77/><V4/><F4/><W48/><G48/><T116/><D116/><U128/><E128/><V28/><F28/><W20/><G20/><T2/><D2/><U79/><E79/><V88/><F88/><W51/><G51/><T103/><D36/><U34/><E34/><V65/><F65/><W31/><G31/><N who="0" m="19575" /><D40/><U133/><E133/><V0/><F0/><W110/><G110/><T55/><D66/><U38/><E38/><V68/><AGARI ba="0,2" hai="25,29,35,58,59,61,64,68,87,90,93,95,96,100" machi="68" ten="20,8000,1" yaku="1,1,0,1,7,1,52,2,53,0" doraHai="53" doraHaiUra="114" who="2" fromWho="2" sc="250,-40,240,-20,240,100,250,-20" /><INIT seed="1,0,0,5,0,56" ten="210,220,340,230" oya="1" hai0="8,115,5,69,18,84,73,102,3,53,67,46,72" hai1="80,91,107,111,88,1,76,26,125,51,121,106,116" hai2="132,113,55,89,134,66,49,122,48,33,59,40,29" hai3="9,70,60,133,71,74,77,15,24,135,35,109,41"/><U31/><E1/><V42/><F122/><W47/><G109/><T120/><D115/><U103/><E121/><V86/><F113/><W65/><G71/><T28/><D120/><U90/><E116/><V64/><F33/><W100/><G100/><T0/><D0/><U22/><E111/><V38/><F29/><W62/><G77/><T7/><D7/><U13/><E125/><V101/><F101/><W61/><G74/><T110/><D110/><U128/><E128/><V75/><F75/><W96/><G96/><T17/><D102/><U23/><E51/><N who="2" m="19531" /><F89/><W82/><G82/><T131/><D131/><U104/><E103/><V81/><F86/><W37/><G24/><T2/><D28/><U94/><E13/><V21/><F21/><W11/><G35/><T39/><D2/><U45/><E45/><N who="2" m="23703" /><F81/><W93/><G93/><T130/><D130/><U97/><REACH who="1" step="1"/><E22/><REACH who="1" ten="210,210,340,230" step="2"/><V129/><F129/><W57/><G9/><T52/><D46/><U34/><E34/><V4/><F42/><W124/><G124/><T114/><D39/><U78/><E78/><V108/><F108/><W25/><G25/><T112/><D112/><U95/><E95/><V83/><F83/><W44/><G47/><T85/><D114/><U119/><E119/><V117/><F117/><W127/><G127/><T30/><D3/><U87/><AGARI ba="0,1" hai="23,26,31,76,80,87,88,90,91,94,97,104,106,107" machi="87" ten="30,6000,0" yaku="1,1,0,1,54,1,53,0" doraHai="56" doraHaiUra="99" who="1" fromWho="1" sc="210,-20,210,70,340,-20,230,-20" /><INIT seed="1,1,0,3,2,122" ten="190,280,320,210" oya="1" hai0="7,113,43,40,111,35,53,120,63,27,66,72,131" hai1="94,112,44,52,50,59,28,57,97,92,37,134,22" hai2="12,38,78,127,114,100,58,23,16,87,1,93,110" hai3="29,79,129,69,117,106,73,33,124,54,42,71,3"/><U132/><E112/><V30/><F114/><W77/><G106/><T104/><D72/><U86/><E86/><V90/><F38/><W125/><G3/><T32/><D104/><U47/><E59/><V99/><F127/><N who="3" m="48715" /><G42/><T21/><D113/><U45/><E37/><V130/><F130/><W34/><G73/><T76/><D76/><N who="3" m="29257" /><G29/><T108/><D7/><U135/><REACH who="1" step="1"/><E97/><REACH who="1" ten="190,270,320,210" step="2"/><V126/><F126/><W36/><G36/><T39/><D39/><U65/><E65/><V115/><F115/><W96/><G96/><T60/><D131/><U56/><E56/><V48/><F58/><W123/><G129/><T116/><D116/><U118/><E118/><V13/><F99/><W119/><G123/><T8/><D120/><U64/><E64/><V25/><F87/><W31/><G117/><T133/><D66/><U109/><E109/><V0/><F110/><W15/><G119/><T41/><D111/><U85/><E85/><V10/><F78/><W46/><G69/><T98/><D108/><U6/><E6/><V51/><F51/><N who="3" m="29047" /><G71/><T102/><D98/><U89/><E89/><V128/><F90/><W17/><G31/><T103/><D103/><U19/><E19/><V83/><F128/><W2/><G2/><T74/><D102/><U14/><E14/><V5/><F0/><W91/><G91/><T20/><D74/><U107/><E107/><V101/><F30/><W68/><G68/><T88/><D88/><U26/><AGARI ba="1,1" hai="22,26,28,44,45,47,50,52,57,92,94,132,134,135" machi="26" ten="40,12000,1" yaku="1,1,0,1,20,1,54,1,53,0" doraHai="122" doraHaiUra="121" who="1" fromWho="1" sc="190,-41,270,133,320,-41,210,-41" /><INIT seed="1,2,0,5,4,6" ten="149,403,279,169" oya="1" hai0="88,16,47,96,120,53,113,78,15,60,45,43,117" hai1="22,86,79,123,135,8,69,31,10,111,125,12,34" hai2="97,73,66,32,55,57,116,63,44,83,70,94,89" hai3="4,71,52,1,67,122,109,7,95,17,134,115,76"/><U25/><E123/><V54/><F116/><W38/><G122/><T107/><D117/><U5/><E69/><V13/><F32/><W18/><G115/><T30/><D113/><U40/><E125/><V128/><F128/><W108/><G134/><T11/><D120/><U77/><E135/><V75/><F83/><W51/><G38/><T101/><D78/><U87/><E111/><N who="3" m="42570" /><G76/><N who="1" m="29258" /><E34/><V118/><F118/><W106/><G106/><T130/><D130/><U27/><E27/><V2/><F2/><W49/><G51/><T46/><D30/><U119/><E40/><V93/><F93/><W133/><G133/><T74/><D74/><U90/><E119/><V102/><F75/><W3/><G95/><T36/><D60/><U33/><E33/><V48/><F73/><W105/><G105/><T68/><D68/><U26/><E26/><V62/><REACH who="2" step="1"/><F13/><REACH who="2" ten="149,403,269,169" step="2"/><W20/><G1/><T61/><D36/><U19/><E12/><V104/><F104/><W91/><G3/><T103/><D107/><U58/><E25/><V35/><F35/><W42/><G20/><T29/><D43/><U28/><E22/><V131/><F131/><W84/><G42/><T98/><D29/><U0/><E28/><V112/><F112/><W100/><G100/><AGARI ba="2,1" hai="44,48,54,55,57,62,63,66,70,89,94,97,100,102" machi="100" ten="40,1300,0" yaku="1,1,53,0" doraHai="6" doraHaiUra="129" who="2" fromWho="3" sc="149,0,403,0,269,29,169,-19" /><INIT seed="2,0,0,0,0,84" ten="149,403,298,150" oya="2" hai0="72,118,68,10,99,44,28,92,18,34,101,82,112" hai1="106,52,131,115,32,15,105,17,24,13,41,6,86" hai2="9,29,128,5,46,33,83,91,108,40,0,22,121" hai3="73,42,76,71,49,8,98,79,4,116,47,38,39"/><V96/><F121/><W25/><G116/><T61/><D112/><U45/><E115/><V125/><F128/><W37/><G71/><T53/><D118/><U119/><E119/><V2/><F125/><W135/><G135/><T60/><D28/><U50/><E131/><V123/><F123/><W93/><G25/><T43/><D34/><U54/><E6/><V63/><F33/><W134/><G134/><T89/><D68/><U1/><E1/><V78/><F2/><W103/><REACH who="3" step="1"/><G73/><REACH who="3" ten="149,403,298,140" step="2"/><T81/><D72/><U36/><E24/><V21/><F29/><W75/><G75/><T94/><D43/><U113/><E41/><V31/><F31/><W90/><G90/><T57/><D44/><U80/><E45/><V59/><F91/><W3/><AGARI ba="0,1" hai="3,4,8,37,38,39,42,47,49,76,79,93,98,103" machi="3" ten="30,2000,0" yaku="1,1,0,1,53,0" doraHai="84" doraHaiUra="130" who="3" fromWho="3" sc="149,-5,403,-5,298,-10,140,30" /><INIT seed="3,0,0,1,5,76" ten="144,398,288,170" oya="3" hai0="32,26,127,22,52,82,124,28,13,131,115,8,84" hai1="11,14,17,103,0,19,30,126,53,27,47,70,78" hai2="105,128,93,90,117,85,74,69,120,133,122,100,3" hai3="62,86,129,23,10,20,58,51,49,81,39,50,38"/><W107/><G107/><T92/><D131/><U15/><E70/><V80/><F69/><W116/><G116/><T4/><D115/><U46/><E126/><N who="0" m="48169" /><D92/><U96/><E0/><V123/><F3/><W75/><G75/><T64/><D64/><U83/><E53/><V45/><F45/><W54/><G129/><T25/><D52/><U125/><E125/><V56/><F56/><W66/><G66/><T87/><D87/><U89/><E27/><V9/><F9/><W113/><G113/><T65/><D65/><U43/><E30/><V97/><F128/><W134/><G134/><T79/><D25/><U132/><E43/><V63/><F63/><W33/><G33/><AGARI ba="0,0" hai="4,8,13,22,26,28,32,33,79,82,84" m="48169" machi="33" ten="30,2000,0" yaku="18,1,52,1" doraHai="76" who="0" fromWho="3" sc="144,20,398,0,288,0,170,-20" owari="164,-23.6,398,49.8,288,8.8,150,-35.0" /></mjloggm>