<mjloggm ver="2.3"><GO type="225" lobby="0"/><UN n0="%E3%81%82%E3%82%93%E3%81%AA%E3%81%A4" n1="%E5%84%AA%40%41%42%43" n2="%E4%B8%89%E5%86%A0%E7%8E%8B%E3%83%BB%E5%B1%B1%E7%94%B0%E5%93%B2%E4%BA%BA" n3="%72%61%6B%33" dan="16,17,17,17" rate="2124.72,2240.19,2195.42,2288.50" sx="M,M,M,M"/><TAIKYOKU oya="0"/><INIT seed="0,0,0,4,0,109" ten="250,250,250,250" oya="0" hai0="40,72,120,3,56,13,126,112,2,128,98,105,15" hai1="53,47,59,11,12,55,51,20,22,78,86,124,69" hai2="23,52,94,125,135,21,116,132,60,36,77,5,75" hai3="4,102,93,66,76,131,46,67,35,63,48,24,79"/><T74/><D120/><U133/><E69/><V70/><F36/><W129/><G4/><T65/><D40/><U64/><E64/><V110/><F110/><W121/><G121/><T43/><D43/><U97/><E133/><N who="2" m="51275" /><F125/><W127/><G127/><T104/><D56/><U117/><E117/><V44/><F5/><W33/><G102/><T32/><D126/><U123/><E97/><V82/><F116/><W61/><G93/><T31/><D98/><U37/><E37/><V29/><F29/><W134/><G134/><T18/><D31/><U95/><E123/><V38/><F94/><W130/><G24/><T80/><D80/><N who="1" m="47383" /><E95/><V62/><F38/><W14/><G14/><T106/><D65/><N who="3" m="24585" /><G48/><T39/><D39/><U85/><E85/><V108/><F70/><W119/><G46/><T113/><D105/><U41/><E124/><V45/><F108/><W73/><G73/><T100/><D32/><N who="3" m="12361" /><G119/><T26/><D26/><U101/><E101/><V57/><F62/><AGARI ba="0,0" hai="61,62,63,76,79,129,130,131" m="12361,24585" machi="62" ten="40,5200,0" yaku="28,2,19,1" doraHai="109" who="3" fromWho="2" sc="250,0,250,0,250,-52,250,52" /><INIT seed="1,0,0,5,5,82" ten="250,250,198,302" oya="1" hai0="83,120,11,26,33,4,12,27,88,19,134,59,111" hai1="112,68,55,78,79,128,57,2,10,44,47,60,69" hai2="67,130,85,100,37,8,30,101,72,66,64,28,31" hai3="131,86,102,114,135,17,81,84,52,91,42,119,123"/><U41/><E112/><V129/><F72/><W9/><G123/><T35/><D120/><U106/><E106/><V56/><F37/><W13/><G114/><T15/><D59/><U117/><E117/><V36/><F36/><W7/><G119/><T74/><D74/><U24/><E128/><N who="2" m="49259" /><F56/><W126/><G135/><T108/><D83/><U70/><E24/><N who="0" m="9257" /><D88/><U58/><E58/><V62/><F62/><W105/><G126/><T98/><D98/><U93/><E2/><V76/><F8/><W110/><G42/><T23/><D134/><U89/><E10/><V75/><F75/><W3/><G102/><N who="2" m="39529" /><F76/><W43/><G105/><T65/><D65/><U71/><N who="1" m="17408" /><DORA hai="54" /><U77/><REACH who="1" step="1"/><E41/><REACH who="1" ten="250,240,198,302" step="2"/><V99/><F99/><AGARI ba="0,1" hai="44,47,55,57,60,77,78,79,89,93,99" m="17408" machi="99" ten="70,12000,1" yaku="1,1,2,1,52,1,53,0" doraHai="82,54" doraHaiUra="32,116" who="1" fromWho="2" sc="250,0,240,130,198,-120,302,0" /><INIT seed="1,1,0,2,4,46" ten="250,370,78,302" oya="1" hai0="128,24,49,69,44,45,98,105,57,70,38,122,10" hai1="63,93,9,125,52,109,129,66,83,110,64,123,81" hai2="43,115,76,1,119,130,37,6,30,53,133,14,121" hai3="102,54,8,60,4,32,58,7,62,87,126,50,20"/><U65/><E123/><V25/><F119/><W118/><G32/><T39/><D24/><U56/><E129/><V72/><F121/><W29/><G126/><T89/><D10/><U132/><E132/><V3/><F14/><W97/><G118/><T131/><D89/><U15/><E93/><V31/><F31/><W111/><G111/><N who="1" m="42506" /><E125/><V40/><F40/><W55/><G87/><T35/><D35/><U17/><AGARI ba="1,0" hai="9,15,17,52,56,63,64,65,66,81,83" m="42506" machi="17" ten="30,6000,0" yaku="14,1,10,1,54,1" doraHai="46" who="1" fromWho="1" sc="250,-21,370,63,78,-21,302,-21" /><INIT seed="1,2,0,5,0,33" ten="229,433,57,281" oya="1" hai0="38,36,34,66,84,5,83,16,134,70,32,128,28" hai1="51,27,118,129,119,44,18,60,114,63,103,42,81" hai2="130,121,58,61,80,100,3,29,67,120,74,131,98" hai3="54,64,112,0,31,4,53,14,24,46,40,90,72"/><U45/><E114/><V23/><F74/><W124/><G112/><T86/><D134/><U68/><E129/><V123/><F80/><W126/><G72/><T35/><D28/><U9/><E103/><V110/><F110/><W47/><G14/><T135/><D135/><U50/><E81/><V102/><F102/><W13/><G13/><T65/><D128/><U2/><E68/><V116/><F116/><W52/><G64/><T108/><D108/><U133/><E133/><V73/><F73/><W93/><G4/><T89/><D5/><U8/><E27/><V1/><F131/><W62/><G62/><T39/><D70/><U107/><E18/><V15/><F130/><W76/><G76/><T127/><D127/><U48/><E48/><V87/><F87/><W125/><G0/><T20/><REACH who="0" step="1"/><D86/><REACH who="0" ten="219,433,57,281" step="2"/><U41/><E107/><V122/><N who="2" m="30720" /><DORA hai="43" /><V88/><F88/><W111/><G111/><T22/><D22/><U10/><E10/><V26/><REACH who="2" step="1"/><F15/><AGARI ba="2,1" hai="15,16,20,32,34,35,36,38,39,65,66,83,84,89" machi="15" ten="50,8000,1" yaku="1,1,54,1,53,2" doraHai="33,43" doraHaiUra="11,77" who="0" fromWho="2" sc="219,96,433,0,57,-86,281,0" owari="315,11.5,433,53.3,-29,-52.9,281,-11.9" /></mjloggm>