<mjloggm ver="2.3"><GO type="225" lobby="0"/><UN n0="%48%61%61%61%6C%61%6E%64" n1="%6D%75%75%6D%75%72%61" n2="%E8%81%B7%E6%A5%AD%E3%80%81%E9%A2%A8%32" n3="%E9%B3%B3%E6%9D%B1%E3%81%AE%E3%81%86%E3%81%95%E3%81%8E%E3%81%95%E3%82%93" dan="17,16,16,16" rate="2238.66,2100.17,2075.20,2209.56" sx="M,F,M,M"/><TAIKYOKU oya="0"/><INIT seed="0,0,0,0,2,113" ten="250,250,250,250" oya="0" hai0="18,125,39,79,5,101,72,65,69,130,48,133,45" hai1="103,27,32,73,99,80,104,21,108,8,121,61,44" hai2="0,88,22,120,43,106,100,98,102,63,54,129,85" hai3="105,91,46,10,52,78,97,51,90,35,70,127,117"/><T110/><D125/><U13/><E121/><V89/><F0/><W82/><G127/><T1/><D130/><U131/><E108/><V47/><F120/><W74/><G70/><T29/><D110/><U15/><E131/><V33/><F33/><W112/><G112/><T16/><D133/><U115/><E115/><V2/><F2/><W93/><G35/><T28/><D101/><U31/><E44/><V83/><F129/><W84/><G10/><N who="0" m="2351" /><D48/><U95/><E95/><V3/><F3/><W76/><G76/><T49/><D49/><U87/><E73/><V42/><F102/><N who="3" m="62671" /><G90/><T122/><D122/><U135/><E135/><V86/><F22/><W126/><G126/><T67/><D28/><U12/><E61/><V118/><F118/><AGARI ba="0,0" hai="46,51,52,74,78,82,84,91,93,117,118" m="62671" machi="118" ten="30,7700,0" yaku="24,1,52,2,54,1" doraHai="113" who="3" fromWho="2" sc="250,0,250,0,250,-77,250,77" /><INIT seed="1,0,0,0,2,38" ten="250,250,173,327" oya="1" hai0="115,68,96,124,64,30,1,37,78,133,36,41,93" hai1="105,97,47,114,69,57,103,18,76,48,77,14,63" hai2="21,60,17,89,62,107,101,7,20,104,23,134,33" hai3="85,9,55,59,121,131,28,122,16,25,92,0,95"/><U130/><E114/><V73/><F73/><W110/><G110/><T126/><D1/><U15/><E130/><V86/><F33/><W27/><G131/><T42/><D115/><U43/><E69/><V132/><F7/><W119/><G119/><T94/><D78/><U61/><E61/><V24/><F17/><W2/><G16/><T117/><D117/><U34/><E34/><V19/><F19/><W8/><G85/><T44/><D30/><U65/><REACH who="1" step="1"/><E15/><REACH who="1" ten="250,240,173,327" step="2"/><V75/><F24/><W32/><G32/><T102/><D68/><U26/><E26/><V79/><F60/><W74/><G27/><T39/><D64/><U3/><E3/><V45/><F62/><W13/><G13/><T35/><D35/><U6/><E6/><V4/><F4/><W40/><G25/><T113/><D113/><U91/><E91/><V56/><F89/><W100/><G0/><T5/><D5/><U31/><E31/><V51/><F132/><W118/><G28/><T111/><D133/><U90/><E90/><V120/><F134/><W54/><G2/><T12/><D12/><U70/><E70/><V53/><F23/><AGARI ba="0,1" hai="14,18,23,43,47,48,57,63,65,76,77,97,103,105" machi="23" ten="30,5800,0" yaku="1,1,7,1,52,1,53,0" doraHai="38" doraHaiUra="128" who="1" fromWho="2" sc="250,0,240,68,173,-58,327,0" /><INIT seed="1,1,0,4,1,2" ten="250,308,115,327" oya="1" hai0="117,52,44,36,116,128,61,7,28,69,14,106,86" hai1="30,8,21,29,40,27,126,41,38,19,84,95,63" hai2="9,119,105,0,96,58,68,134,12,6,78,89,107" hai3="112,17,60,54,92,80,103,71,135,82,108,115,67"/><U110/><E126/><V74/><F68/><W34/><G34/><T50/><D106/><U73/><E73/><V35/><F119/><W93/><G108/><T57/><D128/><U100/><E110/><V56/><F35/><W32/><G32/><T72/><D72/><U31/><E38/><V109/><F109/><W98/><G135/><T101/><D101/><U53/><E8/><V3/><F134/><W26/><G93/><T43/><D28/><U42/><E84/><V88/><F74/><W85/><G54/><T22/><D86/><U127/><E127/><V48/><F78/><W122/><G122/><T11/><D22/><U91/><E91/><V83/><F96/><W23/><REACH who="3" step="1"/><G80/><REACH who="3" ten="250,308,115,317" step="2"/><T4/><D4/><U16/><E53/><V90/><F83/><W10/><G10/><T51/><D51/><U77/><E63/><V39/><F39/><W99/><G99/><T121/><D121/><U5/><E95/><V81/><F81/><W94/><G94/><T64/><AGARI ba="1,1" hai="7,11,14,36,43,44,50,52,57,61,64,69,116,117" machi="64" ten="30,8000,1" yaku="0,1,24,2,52,1,54,1" doraHai="2" who="0" fromWho="0" sc="250,93,308,-41,115,-21,317,-21" /><INIT seed="2,0,0,5,5,48" ten="343,267,94,296" oya="2" hai0="62,85,12,67,25,114,133,38,30,72,92,63,10" hai1="74,97,104,65,78,73,120,16,54,60,34,99,121" hai2="22,58,132,84,28,119,6,55,98,4,61,35,29" hai3="83,5,95,88,40,105,56,107,23,21,24,11,70"/><V123/><F119/><W1/><G70/><T76/><D114/><U66/><E34/><V106/><F123/><N who="1" m="47177" /><E104/><V49/><F35/><W53/><G40/><T68/><D38/><U14/><E78/><V2/><F132/><W81/><G107/><T0/><D133/><U125/><E125/><V122/><F122/><W3/><G3/><T27/><D0/><U113/><E113/><V112/><F112/><W33/><G105/><T75/><D62/><U39/><E39/><V80/><F2/><W31/><G21/><T36/><D36/><U9/><E54/><N who="2" m="34007" /><F98/><N who="1" m="37385" /><E66/><V20/><F106/><W101/><G101/><T111/><D75/><U37/><E37/><V47/><F29/><W93/><G33/><T44/><D72/><U124/><E124/><V103/><F103/><W79/><G79/><T91/><D76/><U96/><N who="1" m="37393" /><U89/><DORA hai="7" /><E89/><N who="2" m="51335" /><F28/><W86/><G95/><T69/><D30/><U15/><E15/><V128/><F128/><W87/><G87/><T90/><D90/><U8/><E8/><V77/><F77/><W13/><G1/><T18/><D91/><U130/><E130/><V52/><F55/><W127/><G127/><T50/><D85/><U51/><E51/><AGARI ba="0,0" hai="5,11,13,23,24,31,51,53,56,81,83,86,88,93" machi="51" ten="30,8000,1" yaku="7,1,8,1,52,2,54,1" doraHai="48,7" who="3" fromWho="1" sc="343,0,267,-80,94,0,296,80" /><INIT seed="3,0,0,5,2,67" ten="343,187,94,376" oya="3" hai0="108,59,64,105,23,81,5,77,13,33,124,29,87" hai1="55,69,132,7,16,40,129,118,19,57,92,133,95" hai2="10,112,20,90,134,99,65,48,122,96,110,35,63" hai3="38,32,74,98,76,54,2,82,120,121,103,85,43"/><W15/><G15/><T6/><D105/><U22/><E129/><V49/><F35/><W83/><G32/><T125/><D108/><U88/><E118/><V11/><F110/><W119/><G119/><T45/><D33/><U107/><E107/><V4/><F112/><W8/><G54/><T0/><D0/><U75/><E75/><V52/><F122/><W37/><G37/><T39/><D39/><U78/><E78/><V56/><F134/><N who="1" m="51817" /><E7/><V70/><F20/><W14/><G14/><T61/><D45/><U127/><E127/><V72/><F72/><W97/><G83/><T58/><D124/><U114/><E114/><V111/><F111/><W25/><G85/><T12/><D125/><U62/><E40/><V24/><F24/><W79/><G25/><T44/><D44/><U21/><E69/><V73/><F73/><W26/><G26/><T102/><D13/><N who="1" m="9359" /><E88/><V93/><F4/><N who="3" m="1047" /><G79/><T34/><D102/><U28/><E28/><V135/><F135/><W130/><G130/><T100/><D100/><U47/><E47/><V17/><F17/><W113/><G98/><T36/><D36/><U31/><E31/><V1/><F1/><W117/><G117/><T68/><D34/><U9/><E9/><V116/><F116/><W60/><G113/><T3/><D3/><U94/><E94/><V50/><REACH who="2" step="1"/><F99/><REACH who="2" ten="343,187,84,376" step="2"/><W123/><G97/><T71/><D5/><U109/><E109/><V115/><F115/><W84/><G123/><T53/><D29/><U51/><E19/><V126/><F126/><W106/><G121/><T101/><D6/><U128/><E22/><RYUUKYOKU ba="0,1" sc="343,-10,187,-10,84,30,376,-10" hai2="10,11,48,49,50,52,56,63,65,70,90,93,96" owari="333,13.3,177,-22.3,114,-38.6,376,47.6" /></mjloggm>