<mjloggm ver="2.3"><GO type="225" lobby="0"/><UN n0="%73%6C%69%63%6B%33%31%39" n1="%47%48%4F%53%54" n2="%E7%99%BD%E9%9B%AA%E4%B9%83%E6%84%9B" n3="%E3%82%B2%E3%82%B9%E8%8C%82%E5%8B%9D" dan="16,17,16,16" rate="2097.15,2294.96,2061.60,2037.77" sx="M,M,F,F"/><TAIKYOKU oya="0"/><INIT seed="0,0,0,1,1,76" ten="250,250,250,250" oya="0" hai0="123,84,10,116,8,125,118,72,36,131,61,109,11" hai1="58,75,15,87,112,17,56,60,78,32,66,1,69" hai2="9,33,22,98,88,16,102,115,68,86,129,95,117" hai3="94,41,103,96,37,13,119,127,31,67,46,74,6"/><T80/><D123/><U23/><E112/><V99/><F115/><W107/><G127/><T70/><D36/><U73/><E32/><V28/><F129/><W97/><G119/><T128/><D72/><U64/><E1/><V25/><F117/><N who="0" m="45162" /><D125/><U0/><E0/><V105/><F68/><W77/><G31/><T120/><D120/><U85/><E69/><V132/><F132/><W126/><G126/><T18/><D18/><U30/><E75/><V5/><F98/><W63/><G13/><T53/><D53/><U29/><E73/><V130/><F130/><N who="0" m="49706" /><D109/><U79/><E79/><V54/><F54/><W43/><G6/><T100/><D100/><U83/><REACH who="1" step="1"/><E87/><REACH who="1" ten="250,240,250,250" step="2"/><V110/><F110/><W57/><G74/><T133/><D133/><U106/><E106/><V7/><REACH who="2" step="1"/><F9/><REACH who="2" ten="250,240,240,250" step="2"/><W50/><G97/><T81/><D84/><U20/><E20/><V90/><F90/><W121/><G96/><T40/><D40/><U55/><E55/><V4/><F4/><W101/><G41/><T34/><D34/><U59/><E59/><V135/><F135/><W45/><G43/><T92/><D70/><U108/><E108/><V19/><F19/><W47/><G57/><T39/><D8/><U26/><E26/><AGARI ba="0,2" hai="5,7,16,22,25,26,28,33,86,88,95,99,102,105" machi="26" ten="30,8000,1" yaku="1,1,7,1,54,2,53,1" doraHai="76" doraHaiUra="93" who="2" fromWho="1" sc="250,0,240,-80,240,100,250,0" /><INIT seed="1,0,0,3,1,44" ten="250,160,340,250" oya="1" hai0="28,125,20,116,53,94,121,78,90,68,64,76,130" hai1="122,106,38,16,85,101,29,36,10,89,23,74,92" hai2="113,129,58,70,56,104,7,105,66,60,133,123,34" hai3="21,63,117,67,111,131,11,119,25,69,32,107,8"/><U19/><E122/><V59/><F123/><W102/><G111/><T71/><D116/><N who="3" m="44617" /><G131/><T109/><D109/><U30/><E74/><V86/><F34/><W52/><G32/><T128/><D125/><U0/><E106/><V42/><F7/><W48/><G102/><T37/><D37/><U47/><E101/><V26/><F26/><W13/><G13/><T55/><D20/><U33/><E33/><V49/><F86/><W75/><G75/><T126/><D28/><U62/><E62/><V135/><F129/><N who="0" m="49770" /><D126/><U120/><E120/><V22/><F22/><W41/><G41/><T14/><D14/><U24/><E38/><V61/><F61/><W54/><G54/><N who="0" m="20491" /><D64/><U2/><E2/><V84/><F113/><W118/><G107/><T17/><D17/><U124/><E124/><V77/><F104/><W57/><N who="3" m="44625" /><W96/><DORA hai="97" /><G96/><N who="0" m="57431" /><D121/><U93/><E0/><V134/><F105/><W3/><G3/><T18/><D18/><AGARI ba="0,0" hai="8,11,18,21,25,48,52,57,63,67,69" m="44625" machi="18" ten="40,5200,0" yaku="12,1,52,1,54,1" doraHai="44,97" who="3" fromWho="0" sc="250,-52,160,0,340,0,250,52" /><INIT seed="2,0,0,3,1,95" ten="198,160,340,302" oya="2" hai0="42,75,91,43,55,33,29,28,133,8,26,37,83" hai1="36,89,110,16,107,63,71,9,124,114,120,88,30" hai2="97,113,85,119,118,109,94,18,35,64,96,68,38" hai3="10,92,122,49,99,106,116,44,34,126,57,69,130"/><V87/><F113/><W32/><G116/><T41/><D133/><U100/><E114/><V101/><F38/><W40/><G122/><T66/><D66/><N who="1" m="41439" /><E36/><V24/><F109/><W84/><G126/><T20/><D37/><U21/><E110/><V134/><F134/><W39/><G130/><T123/><D123/><U104/><E104/><N who="2" m="63527" /><F18/><W108/><G108/><T58/><D8/><U132/><E9/><V80/><F80/><W51/><G69/><T76/><D91/><U2/><E2/><V115/><F85/><W65/><G106/><T61/><REACH who="0" step="1"/><D28/><REACH who="0" ten="188,160,340,302" step="2"/><U12/><E132/><V98/><F64/><W4/><G39/><T67/><D67/><U19/><E124/><V7/><F115/><W128/><G65/><T27/><D27/><U5/><E120/><V90/><F68/><W102/><G128/><T14/><D14/><U70/><E70/><V46/><F90/><W56/><G10/><T13/><D13/><U23/><E30/><V129/><F24/><W11/><G4/><T50/><D50/><U62/><E5/><V73/><F129/><W59/><G11/><T111/><D111/><U117/><E117/><V52/><F7/><W53/><G51/><T81/><D81/><U93/><E62/><V82/><F118/><W105/><G49/><T15/><D15/><N who="1" m="9375" /><E107/><V78/><F119/><W31/><G105/><T86/><D86/><N who="1" m="52375" /><E89/><V17/><F87/><W48/><G84/><T127/><D127/><U45/><E100/><V47/><F82/><W0/><G31/><T121/><D121/><U1/><E1/><V103/><F103/><W135/><G135/><RYUUKYOKU ba="0,1" sc="188,15,160,15,340,-15,302,-15" hai0="20,26,29,33,41,42,43,55,58,61,75,76,83" hai1="12,19,23,45" /><INIT seed="3,1,1,4,0,36" ten="203,175,325,287" oya="3" hai0="11,19,99,37,130,63,14,105,34,68,96,120,20" hai1="108,86,122,48,109,6,85,30,52,60,35,49,84" hai2="56,80,32,27,101,1,71,31,106,40,10,134,94" hai3="43,33,76,79,3,5,82,103,55,17,57,73,129"/><W110/><G129/><T112/><D34/><U90/><E122/><V51/><F106/><W119/><G119/><T66/><D120/><U131/><E131/><V91/><F71/><W2/><G33/><T83/><D130/><U93/><E6/><V21/><F32/><W12/><G103/><T39/><D112/><U124/><E124/><V74/><F134/><W126/><G126/><T61/><D37/><U114/><E114/><V53/><F40/><W107/><G107/><T97/><D39/><U41/><E60/><V100/><F74/><W8/><G79/><T123/><D123/><U47/><E30/><V64/><F64/><W59/><G110/><N who="1" m="42602" /><E35/><V77/><F80/><W29/><G29/><T38/><D38/><U54/><E54/><V44/><F77/><W26/><G43/><T87/><D63/><U15/><E15/><V24/><F24/><W78/><G76/><T98/><N who="0" m="24576" /><DORA hai="70" /><T50/><D105/><U133/><E133/><V125/><F125/><W58/><G55/><T67/><D67/><U4/><E4/><V135/><F135/><W72/><G73/><T18/><D50/><U127/><E127/><V45/><F100/><W88/><G88/><T117/><D117/><U115/><E115/><V69/><F101/><W0/><REACH who="3" step="1"/><G26/><REACH who="3" ten="203,175,325,277" step="2"/><T104/><D104/><U16/><E16/><AGARI ba="1,2" hai="0,2,3,5,8,12,16,17,57,58,59,72,78,82" machi="16" ten="50,18000,2" yaku="1,1,2,1,54,1,53,3" doraHai="36,70" doraHaiUra="75,13" who="3" fromWho="1" sc="203,0,175,-183,325,0,277,203" owari="203,-19.7,-8,-50.8,325,12.5,480,58.0" /></mjloggm>