<mjloggm ver="2.3"><GO type="225" lobby="0"/><UN n0="%E3%81%BF%E3%81%BF%E3%81%9A" n1="%E5%8D%A0%E3%81%84%E5%B8%AB%E8%A3%8F%E3%81%AA%E3%81%84%E3%81%97" n2="%4B%2E%32%2E%4B%2E" n3="%E3%82%BC%E3%83%AB%E3%83%80%E3%81%AE%E4%BC%9D%E8%AA%AC" dan="18,17,16,17" rate="2259.19,2199.31,2147.31,2230.89" sx="M,M,M,M"/><TAIKYOKU oya="0"/><INIT seed="0,0,0,5,4,51" ten="250,250,250,250" oya="0" hai0="10,35,30,40,126,88,115,63,104,124,92,25,18" hai1="105,23,95,62,12,44,121,113,79,69,89,116,3" hai2="85,8,9,50,129,24,107,111,68,73,87,114,7" hai3="27,99,123,48,29,37,76,49,108,55,43,102,11"/><T70/><D115/><U103/><E113/><V94/><F114/><W66/><G108/><T19/><D104/><U131/><E3/><V59/><F107/><W65/><G123/><T6/><D40/><U134/><E116/><V132/><F73/><W106/><G76/><T91/><D70/><U86/><E121/><V33/><F68/><W47/><G11/><T81/><D81/><U120/><E120/><V39/><F39/><W77/><G77/><T1/><D63/><U2/><E2/><V56/><F129/><W74/><G74/><T32/><D91/><U127/><E127/><N who="0" m="48681" /><D32/><U130/><E134/><V64/><F111/><W54/><G37/><T42/><D42/><U118/><E79/><V90/><F132/><W75/><G75/><T135/><D135/><U100/><E105/><V117/><F117/><W67/><REACH who="3" step="1"/><G49/><REACH who="3" ten="250,250,250,240" step="2"/><T53/><D53/><U22/><E118/><V109/><F109/><W14/><G14/><T31/><D31/><U15/><E12/><V21/><F50/><W36/><G36/><T110/><D110/><U46/><E15/><V58/><F64/><W41/><G41/><T97/><AGARI ba="0,1" hai="1,6,10,18,19,25,30,35,88,92,97" m="48681" machi="97" ten="30,3000,0" yaku="18,1,54,1" doraHai="51" who="0" fromWho="0" sc="250,40,250,-10,250,-10,240,-10" /><INIT seed="0,1,0,0,2,126" ten="290,240,240,230" oya="0" hai0="70,45,35,121,41,1,71,96,0,32,11,103,133" hai1="62,82,6,16,12,108,85,128,67,19,113,77,14" hai2="92,97,106,49,48,29,130,54,122,8,68,7,124" hai3="86,39,55,87,101,18,73,3,56,100,66,107,93"/><T83/><D121/><U13/><E108/><V123/><F122/><W51/><G39/><N who="0" m="21695" /><D83/><U132/><E132/><V47/><F68/><N who="0" m="26154" /><D133/><U98/><E128/><V21/><F123/><W63/><G73/><T34/><D11/><U53/><E113/><V5/><F106/><AGARI ba="1,0" hai="0,1,32,34,35,96,103,106" m="26154,21695" machi="106" ten="40,3900,0" yaku="33,2" doraHai="126" who="0" fromWho="2" sc="290,42,240,0,240,-42,230,0" /><INIT seed="0,2,0,5,0,31" ten="332,240,198,230" oya="0" hai0="20,23,125,40,11,66,111,22,70,108,101,7,57" hai1="52,129,109,59,46,127,63,82,69,12,35,80,96" hai2="45,103,27,114,18,100,34,123,42,16,64,92,113" hai3="126,122,15,5,9,79,37,124,117,53,0,54,8"/><T91/><D101/><U87/><E109/><N who="0" m="42057" /><D125/><N who="3" m="48233" /><G117/><T26/><D70/><U68/><E127/><V84/><F123/><W32/><G122/><T71/><D71/><U132/><E129/><V2/><F2/><W95/><G37/><T119/><D119/><U36/><E132/><V130/><F130/><W49/><G79/><T24/><D40/><U60/><E35/><V3/><F3/><W41/><G32/><T47/><D47/><U106/><E68/><V51/><F64/><W121/><G121/><T73/><D73/><U134/><E134/><V10/><F113/><W21/><G95/><T102/><D102/><U99/><E106/><V67/><F67/><W17/><G9/><T61/><D91/><U33/><E69/><V43/><F114/><W4/><G4/><T28/><D24/><U81/><E46/><AGARI ba="2,0" hai="0,5,8,15,17,21,41,46,49,53,54" m="48233" machi="46" ten="30,1000,0" yaku="18,1" doraHai="31" who="3" fromWho="1" sc="332,0,240,-16,198,0,230,16" /><INIT seed="1,0,0,1,3,2" ten="332,224,198,246" oya="1" hai0="57,133,105,81,109,122,12,88,71,103,33,22,50" hai1="14,17,55,44,8,29,7,54,117,97,13,125,63" hai2="10,127,4,73,64,61,101,91,46,93,72,92,83" hai3="76,129,9,99,35,102,15,67,27,5,3,69,107"/><U47/><E117/><V80/><F127/><W30/><G76/><T23/><D33/><U59/><E125/><V36/><F101/><W110/><G15/><T24/><D71/><U38/><E38/><V34/><F34/><W131/><G110/><T98/><D109/><U124/><E124/><V108/><F108/><W111/><G111/><T21/><D133/><U84/><E29/><V42/><F83/><W78/><G78/><T77/><D122/><U79/><E97/><V0/><F80/><W18/><G18/><T134/><D134/><U45/><E79/><V68/><REACH who="2" step="1"/><F93/><REACH who="2" ten="332,224,188,246" step="2"/><W26/><G26/><T104/><D104/><U53/><REACH who="1" step="1"/><E84/><AGARI ba="0,1" hai="0,4,10,36,42,46,61,64,68,72,73,84,91,92" machi="84" ten="30,7700,0" yaku="1,1,2,1,7,1,52,1,53,0" doraHai="2" doraHaiUra="25" who="2" fromWho="1" sc="332,0,224,-77,188,87,246,0" /><INIT seed="2,0,0,4,5,37" ten="332,147,275,246" oya="2" hai0="126,109,134,95,119,43,90,72,32,104,87,36,133" hai1="26,51,45,2,11,75,79,38,117,74,94,92,31" hai2="82,16,9,102,78,29,50,18,6,30,0,63,116" hai3="106,48,47,58,68,52,55,27,39,124,123,80,71"/><V111/><F116/><W8/><G106/><T13/><D109/><U54/><E117/><V85/><F111/><W20/><G123/><T21/><D119/><U60/><E60/><V25/><F102/><W19/><G124/><T46/><D126/><U44/><E75/><V22/><F50/><W49/><G39/><T77/><D32/><U86/><E86/><V103/><F103/><W35/><G35/><T70/><D70/><U3/><E3/><V114/><F114/><W84/><REACH who="3" step="1"/><G8/><REACH who="3" ten="332,147,275,236" step="2"/><T34/><D104/><U113/><E113/><V69/><REACH who="2" step="1"/><F30/><REACH who="2" ten="332,147,265,236" step="2"/><W23/><G23/><T108/><D34/><U110/><E110/><V98/><F98/><W96/><G96/><T73/><D108/><U1/><E31/><V89/><F89/><AGARI ba="0,2" hai="19,20,27,47,48,49,52,55,58,68,71,80,84,89" machi="89" ten="30,8000,1" yaku="1,1,7,1,54,1,53,2" doraHai="37" doraHaiUra="64" who="3" fromWho="2" sc="332,0,147,0,265,-80,236,100" /><INIT seed="3,0,0,1,5,74" ten="332,147,185,336" oya="3" hai0="5,25,57,6,77,70,89,37,122,132,63,18,69" hai1="80,68,97,108,40,44,90,107,67,61,35,75,60" hai2="65,81,46,102,11,45,116,82,29,22,33,76,88" hai3="59,94,13,7,16,51,56,124,119,2,9,87,26"/><W72/><G72/><T125/><D122/><U28/><E108/><V117/><F33/><W98/><G119/><T100/><D37/><N who="1" m="21519" /><E90/><V54/><F65/><W105/><G124/><T78/><D100/><N who="1" m="62863" /><E60/><V92/><F102/><N who="3" m="60759" /><G105/><T103/><D103/><U91/><E91/><V34/><F34/><W126/><G126/><T14/><D125/><U121/><E121/><V52/><F11/><W101/><G101/><T50/><D70/><U128/><E128/><V95/><F95/><W41/><G2/><T86/><D69/><U47/><E47/><N who="2" m="17931" /><F116/><W36/><G36/><T84/><D50/><U27/><E80/><N who="2" m="30827" /><F76/><N who="0" m="29290" /><D132/><U123/><E123/><V19/><F29/><W96/><G96/><T71/><D71/><U39/><E75/><V23/><F23/><N who="3" m="13671" /><G41/><T131/><D131/><U93/><E93/><V10/><F10/><W49/><G87/><N who="0" m="33323" /><D89/><U24/><E24/><N who="2" m="14431" /><F117/><W79/><G79/><T62/><D25/><U43/><E43/><V99/><AGARI ba="0,0" hai="52,54,88,92,99" m="14431,30827,17931" machi="99" ten="30,4000,0" yaku="8,1,54,2" doraHai="74" who="2" fromWho="2" sc="332,-10,147,-10,185,40,336,-20" owari="322,42.2,137,-36.3,225,-17.5,316,11.6" /></mjloggm>