<mjloggm ver="2.3"><GO type="225" lobby="0"/><UN n0="%E3%81%99%E3%81%84%E3%81%BE%E3%81%9B%E3%83%BC%E3%82%93" n1="%6D%75%75%6D%75%72%61" n2="%E3%81%9F%E3%81%93%E2%98%86%E7%84%BC%E3%81%8D" n3="%E3%81%AF%E3%82%88%E3%81%8A%E3%81%98%E3%81%95%E3%82%93" dan="16,17,16,16" rate="2164.25,2197.37,2043.50,2162.54" sx="M,F,M,M"/><TAIKYOKU oya="0"/><INIT seed="0,0,0,2,4,90" ten="250,250,250,250" oya="0" hai0="74,125,113,105,122,4,110,76,40,27,135,85,12" hai1="82,45,92,121,124,103,133,99,61,35,21,102,13" hai2="16,33,59,69,100,19,17,11,111,95,56,8,55" hai3="80,5,128,10,108,86,106,3,15,26,18,87,98"/><T75/><D113/><U25/><E121/><V72/><F33/><W120/><G120/><T43/><D122/><U29/><E124/><V93/><F69/><W38/><G38/><T41/><D105/><U32/><E133/><V0/><F72/><W30/><G108/><T57/><D125/><U53/><E103/><V34/><F34/><W24/><G128/><T134/><D110/><U94/><E82/><V96/><F0/><W117/><G117/><T42/><D27/><U109/><E109/><V37/><F37/><W107/><G98/><T2/><D2/><U60/><E94/><N who="2" m="58391" /><F111/><W9/><G87/><T83/><N who="0" m="10240" /><DORA hai="104" /><T88/><D57/><N who="2" m="22090" /><F55/><W79/><REACH who="3" step="1"/><G26/><REACH who="3" ten="250,250,250,240" step="2"/><T64/><D64/><U73/><E73/><V91/><F95/><W84/><G84/><AGARI ba="0,1" hai="8,11,16,17,19,84,91,93" m="22090,58391" machi="84" ten="30,7700,0" yaku="8,1,52,2,54,1" doraHai="90,104" who="2" fromWho="3" sc="250,0,250,0,250,87,240,-77" /><INIT seed="1,0,0,4,0,135" ten="250,250,337,163" oya="1" hai0="129,103,34,92,99,91,5,101,94,104,32,58,127" hai1="125,121,22,114,42,3,98,118,40,108,107,12,128" hai2="13,117,105,54,61,4,41,100,68,72,38,84,120" hai3="77,75,134,46,9,63,122,71,33,60,50,59,20"/><U126/><E114/><V119/><F72/><W0/><G33/><T30/><D129/><U130/><E118/><V7/><F7/><W11/><G122/><T31/><D5/><U116/><E116/><V37/><F37/><W85/><G75/><T6/><D6/><U48/><E121/><V51/><F84/><W81/><G0/><T67/><D104/><U23/><E3/><V27/><F27/><W15/><G71/><T57/><D91/><U88/><E108/><V47/><F100/><W43/><G134/><T82/><D82/><U115/><E115/><V49/><F49/><W113/><G113/><T96/><D67/><U78/><E78/><V131/><F105/><W1/><G1/><T74/><D74/><U29/><E29/><V35/><F35/><W76/><G77/><T70/><D70/><U8/><E48/><V69/><F69/><W79/><G76/><T21/><D21/><N who="1" m="7691" /><E12/><V19/><F131/><N who="1" m="50217" /><E8/><V44/><F120/><W55/><REACH who="3" step="1"/><G63/><REACH who="3" ten="250,250,337,153" step="2"/><T89/><D34/><U109/><E109/><V65/><F119/><W123/><G123/><T53/><D32/><U16/><E40/><V110/><F110/><W86/><G86/><T93/><D96/><U87/><E42/><V64/><F61/><W111/><G111/><T124/><D99/><U28/><E98/><V133/><F133/><W26/><G26/><T132/><D132/><U24/><E87/><V80/><F68/><W10/><G10/><T36/><D103/><U102/><E102/><V2/><F41/><W112/><G112/><T17/><D101/><U66/><E24/><V73/><F117/><RYUUKYOKU ba="0,1" sc="250,-10,250,-10,337,-10,153,30" hai3="9,11,15,20,43,46,50,55,59,60,79,81,85" /><INIT seed="2,1,1,0,4,75" ten="240,240,327,183" oya="2" hai0="29,95,43,69,0,26,44,106,87,14,15,101,63" hai1="74,21,56,2,41,98,113,103,67,70,118,58,36" hai2="121,130,52,86,110,11,19,97,85,96,39,135,47" hai3="45,57,76,12,77,102,23,81,82,79,80,50,34"/><V90/><F121/><W73/><G34/><T65/><D0/><U129/><E113/><V64/><F64/><W51/><G73/><T38/><D95/><U89/><E118/><V5/><F130/><W55/><G102/><T108/><D87/><U92/><E129/><V37/><F135/><W109/><G109/><T66/><D66/><U22/><E2/><V13/><F37/><W42/><G12/><T128/><D108/><U100/><E70/><V78/><F5/><W132/><G132/><T122/><D122/><U105/><E74/><V123/><F39/><W28/><G23/><T111/><D111/><U20/><E67/><V32/><F32/><W27/><G27/><T10/><D10/><U31/><E31/><AGARI ba="1,1" hai="28,31,42,45,50,51,55,57,76,77,79,80,81,82" machi="31" ten="40,8000,1" yaku="8,1,52,3" doraHai="75" who="3" fromWho="1" sc="240,0,240,-83,327,0,183,93" /><INIT seed="3,0,0,3,3,65" ten="240,157,327,276" oya="3" hai0="30,59,116,78,109,129,22,49,101,27,45,62,97" hai1="73,114,125,11,107,119,69,4,33,47,55,115,20" hai2="36,124,131,46,77,120,53,94,88,17,93,63,57" hai3="42,123,18,54,31,75,121,35,13,74,82,10,79"/><W8/><G75/><T134/><D116/><U56/><E33/><V26/><F77/><W128/><G128/><T43/><D129/><U98/><E119/><V14/><F124/><W6/><G42/><T34/><D109/><U85/><E73/><V23/><F120/><W127/><G127/><T66/><D134/><U60/><E125/><V44/><F36/><W48/><G31/><T96/><D78/><U92/><E47/><N who="2" m="17963" /><F94/><W24/><G35/><T2/><D2/><U1/><E107/><V41/><F41/><W39/><G39/><T126/><D126/><U52/><E85/><N who="2" m="52367" /><F131/><W99/><G99/><N who="0" m="37963" /><D34/><U9/><E69/><V89/><F89/><W111/><G111/><T7/><D7/><U40/><E40/><V32/><F32/><W15/><G24/><AGARI ba="0,0" hai="14,17,23,24,26,53,57,63" m="52367,17963" machi="24" ten="30,2000,0" yaku="8,1,54,1" doraHai="65" who="2" fromWho="3" sc="240,0,157,0,327,20,276,-20" owari="240,-16.0,157,-34.3,347,44.7,256,5.6" /></mjloggm>