<mjloggm ver="2.3"><GO type="225" lobby="0"/><UN n0="%E9%A6%AC%E4%BA%86%E9%9A%94%E5%A3%81" n1="%E3%81%86%E3%82%8C%E3%81%9F%E3%82%93%E6%9E%95" n2="%72%65%6E%6B%75%6E" n3="%33%74%72%65%65" dan="17,16,17,16" rate="2223.48,2081.03,2272.96,2118.80" sx="M,F,M,F"/><TAIKYOKU oya="0"/><INIT seed="0,0,0,4,0,73" ten="250,250,250,250" oya="0" hai0="128,69,88,58,120,104,68,35,36,85,34,119,101" hai1="59,6,11,113,107,23,21,99,89,97,133,95,32" hai2="29,26,132,37,115,4,129,47,17,111,134,135,109" hai3="49,127,20,0,7,5,102,72,19,70,125,86,100"/><T91/><D119/><U93/><E133/><V9/><F37/><W131/><G72/><T42/><D120/><U3/><E32/><N who="2" m="20535" /><F47/><W82/><G70/><T123/><D123/><U96/><E113/><V87/><F87/><W8/><G7/><T130/><D58/><U90/><REACH who="1" step="1"/><E59/><REACH who="1" ten="250,240,250,250" step="2"/><V66/><F115/><W80/><G127/><T61/><D35/><U41/><E41/><V75/><F75/><W62/><G125/><T27/><D68/><U45/><E45/><V121/><F121/><W114/><G114/><T103/><D34/><U118/><E118/><V25/><F66/><W71/><G71/><T50/><D69/><U116/><E116/><V33/><F129/><W40/><G131/><T76/><D130/><U31/><E31/><N who="2" m="19695" /><F17/><W81/><G19/><T38/><D128/><U122/><E122/><V67/><F67/><W2/><G40/><T22/><D42/><U98/><E98/><V106/><F106/><W84/><G84/><T105/><D85/><U92/><E92/><V15/><AGARI ba="0,1" hai="4,9,15,109,111,132,134,135" m="19695,20535" machi="15" ten="40,5200,0" yaku="20,1,34,2" doraHai="73" who="2" fromWho="2" sc="250,-26,240,-13,250,62,250,-13" /><INIT seed="1,0,0,5,3,122" ten="224,227,312,237" oya="1" hai0="104,81,11,29,39,31,47,123,97,59,17,25,70" hai1="63,92,78,72,68,87,38,82,52,34,113,13,22" hai2="73,64,0,5,36,46,112,1,27,66,43,100,95" hai3="126,10,51,61,90,57,30,91,18,69,119,23,117"/><U2/><E113/><V98/><F112/><W107/><G107/><T49/><D70/><U16/><E34/><V40/><F40/><W99/><G126/><T135/><D123/><U124/><E2/><V110/><F110/><W86/><G99/><T41/><D135/><U20/><E38/><V109/><F109/><W116/><G69/><T56/><D39/><U28/><E124/><V83/><F27/><N who="3" m="16767" /><G51/><T127/><D127/><U102/><E68/><V60/><F60/><W19/><G10/><T88/><D104/><U33/><E33/><V24/><F24/><W114/><G114/><T115/><D115/><U105/><E105/><V121/><F121/><W93/><G91/><T45/><D45/><U9/><E28/><N who="0" m="10825" /><D25/><U48/><E63/><V53/><F53/><AGARI ba="0,0" hai="18,19,53,57,61,86,90,93,116,117,119" m="16767" machi="53" ten="30,1000,0" yaku="12,1" doraHai="122" who="3" fromWho="2" sc="224,0,227,0,312,-10,237,10" /><INIT seed="2,0,0,0,1,132" ten="224,227,302,247" oya="2" hai0="48,105,126,31,72,4,68,133,32,77,121,1,78" hai1="92,114,65,74,22,21,91,39,35,0,88,122,10" hai2="90,64,47,66,100,8,53,83,116,16,20,23,111" hai3="106,14,119,50,30,87,109,36,3,118,19,84,113"/><V80/><F116/><W115/><G36/><T110/><RYUUKYOKU type="yao9" ba="0,0" sc="224,0,227,0,302,0,247,0" hai0="1,4,31,32,48,68,72,77,78,105,110,121,126,133" /><INIT seed="2,1,0,0,5,99" ten="224,227,302,247" oya="2" hai0="31,103,122,69,19,22,47,14,6,66,42,73,100" hai1="1,60,107,84,80,79,67,106,86,3,85,50,27" hai2="34,101,133,127,121,16,72,36,113,37,135,25,63" hai3="46,40,51,98,134,128,26,59,39,15,95,5,30"/><V115/><F72/><W62/><G134/><N who="2" m="51209" /><F121/><W28/><G128/><T114/><D114/><N who="2" m="43530" /><F127/><W88/><G39/><N who="2" m="14921" /><F63/><W58/><G62/><T56/><D122/><U20/><E50/><V68/><F68/><W93/><G93/><T12/><D73/><U53/><E53/><V112/><N who="2" m="43538" /><V0/><DORA hai="74" /><F0/><W8/><REACH who="3" step="1"/><G30/><REACH who="3" ten="224,227,302,237" step="2"/><T102/><D31/><U54/><E107/><V10/><F34/><AGARI ba="1,1" hai="5,8,15,26,28,34,40,46,51,58,59,88,95,98" machi="34" ten="30,7700,0" yaku="1,1,2,1,7,1,54,1,53,0" doraHai="99,74" doraHaiUra="71,123" who="3" fromWho="2" sc="224,0,227,0,302,-80,237,90" /><INIT seed="3,0,0,1,5,130" ten="224,227,222,327" oya="3" hai0="122,21,61,81,2,40,62,52,120,101,13,39,96" hai1="95,60,24,76,82,25,129,113,108,53,12,104,51" hai2="94,8,26,70,112,68,90,131,91,41,7,36,115" hai3="16,14,123,107,109,102,124,84,43,133,77,65,134"/><W64/><G123/><T18/><D2/><U111/><E104/><V6/><F131/><W38/><G109/><N who="1" m="42058" /><E113/><V31/><F41/><W132/><G124/><T80/><D122/><U72/><E129/><V63/><F36/><W93/><G107/><T118/><D118/><U128/><E128/><V85/><F91/><N who="3" m="53479" /><G77/><T28/><D120/><U92/><E60/><V105/><F105/><W34/><G34/><T114/><D114/><U73/><E73/><V119/><F119/><W30/><G30/><T4/><D4/><U48/><E12/><V54/><F70/><W55/><G55/><T45/><D28/><U121/><E121/><V49/><F7/><W89/><G89/><T71/><D62/><U17/><E51/><V88/><F90/><W58/><G102/><T56/><D71/><U83/><E83/><V59/><F68/><W27/><G27/><N who="1" m="10314" /><E17/><V100/><F100/><W106/><G106/><AGARI ba="0,0" hai="13,18,21,39,40,45,52,56,61,80,81,96,101,106" machi="106" ten="30,2000,0" yaku="7,1,54,1" doraHai="130" who="0" fromWho="3" sc="224,20,227,0,222,0,327,-20" owari="244,4.4,227,-17.3,222,-27.8,307,40.7" /></mjloggm>