<mjloggm ver="2.3"><GO type="225" lobby="0"/><UN n0="%E6%A0%B9%E5%85%83%E3%81%8B%E3%82%89%E5%90%B9%E3%81%A3%E9%A3%9B%E3%81%B6" n1="%72%61%6B%33" n2="%E3%82%BC%E3%83%AB%E3%83%80%E3%81%AE%E4%BC%9D%E8%AA%AC" n3="%6D%75%75%6D%75%72%61" dan="17,17,17,17" rate="2225.85,2169.52,2216.36,2178.54" sx="F,M,M,F"/><TAIKYOKU oya="0"/><INIT seed="0,0,0,1,2,28" ten="250,250,250,250" oya="0" hai0="4,40,90,70,75,80,134,125,113,105,31,86,29" hai1="34,13,120,115,114,39,12,16,82,119,106,78,91" hai2="7,36,3,62,102,83,103,112,52,17,44,135,1" hai3="15,53,84,76,60,30,85,101,61,59,110,130,95"/><T129/><D113/><U107/><E119/><V66/><F112/><N who="1" m="43049" /><E120/><V0/><F135/><W126/><G110/><T20/><D125/><U33/><E39/><V46/><F7/><W132/><G132/><T2/><D129/><U50/><E91/><V77/><F36/><W49/><G130/><T121/><D70/><U133/><E50/><V56/><F17/><W63/><G126/><T32/><D134/><U109/><E12/><V35/><F35/><N who="1" m="13321" /><E109/><V89/><F89/><W58/><G30/><T26/><D31/><U23/><E133/><V38/><F38/><W131/><G131/><T108/><D121/><U118/><E118/><V68/><F103/><W100/><G100/><T65/><D32/><U41/><E41/><V37/><F37/><W117/><G117/><T98/><D40/><U64/><E64/><V42/><F102/><W67/><G15/><T51/><D65/><U24/><E24/><V43/><F43/><W18/><G18/><T72/><D51/><U88/><E88/><V5/><F42/><W14/><G14/><T22/><D108/><U123/><E123/><V81/><F5/><W97/><G76/><T10/><D26/><U74/><AGARI ba="0,0" hai="13,16,23,74,78,82,106,107" m="13321,43049" machi="74" ten="30,8000,1" yaku="11,1,52,3,54,1" doraHai="28" who="1" fromWho="1" sc="250,-40,250,80,250,-20,250,-20" /><INIT seed="1,0,0,3,1,88" ten="210,330,230,230" oya="1" hai0="113,135,41,3,19,54,85,90,118,33,91,87,4" hai1="23,125,0,22,28,123,10,32,49,25,108,103,92" hai2="5,66,96,17,42,84,15,30,95,109,81,43,68" hai3="105,74,40,131,133,51,29,72,110,39,8,11,127"/><U128/><E123/><V124/><F109/><W106/><G39/><T59/><D113/><U104/><E104/><V112/><F124/><W122/><G122/><T80/><D118/><U75/><E75/><V24/><F112/><W48/><G110/><T116/><D33/><U44/><E125/><V13/><F68/><W73/><G127/><T98/><D135/><U101/><E128/><V36/><F66/><W53/><G131/><T117/><D41/><U38/><E38/><V97/><F5/><W107/><G133/><T45/><D45/><U46/><E46/><V6/><F6/><W12/><G40/><T114/><D114/><U119/><E119/><V7/><F7/><W79/><G79/><T58/><D98/><U126/><E126/><V67/><F67/><W121/><G121/><T102/><D102/><U100/><E108/><V34/><F97/><W63/><G29/><T64/><D19/><U77/><E77/><N who="2" m="46127" /><F36/><W9/><G12/><N who="2" m="4681" /><F17/><W94/><G94/><N who="0" m="54607" /><D4/><U62/><E0/><V129/><F129/><W60/><G53/><T71/><D71/><U134/><E134/><V99/><F99/><W2/><G2/><T89/><D3/><U21/><E28/><V132/><F132/><W18/><G18/><T26/><D64/><U115/><E115/><V120/><F120/><W93/><G93/><N who="0" m="54463" /><D117/><U78/><E92/><V130/><F130/><W37/><G37/><T16/><D54/><U57/><E78/><V20/><F34/><W55/><G55/><T70/><D70/><U65/><E32/><V69/><F69/><W111/><G111/><T1/><D116/><RYUUKYOKU ba="0,0" sc="210,-15,330,-15,230,15,230,15" hai2="20,24,30,42,43,95,96" hai3="8,9,11,48,51,60,63,72,73,74,105,106,107" /><INIT seed="2,1,0,4,0,7" ten="195,315,245,245" oya="2" hai0="0,55,12,131,1,41,40,75,54,9,90,94,44" hai1="36,110,2,8,78,16,15,118,43,65,17,104,82" hai2="92,124,6,87,134,123,130,5,63,93,126,50,39" hai3="79,95,3,73,106,47,21,45,56,59,52,22,109"/><V74/><F74/><W76/><G106/><T13/><D75/><U132/><E104/><V84/><F39/><W48/><G3/><T51/><D131/><U14/><E118/><V32/><F32/><W24/><G109/><T112/><D112/><U80/><E2/><V67/><F123/><W29/><G73/><T31/><D31/><U49/><E36/><V108/><F108/><W89/><G21/><T18/><D54/><U102/><E132/><V77/><F134/><W105/><G105/><T114/><D114/><U58/><E102/><V70/><F130/><W34/><G34/><T25/><D25/><U133/><E133/><V122/><F122/><W115/><G115/><T96/><REACH who="0" step="1"/><D13/><REACH who="0" ten="185,315,245,245" step="2"/><U81/><E110/><V33/><F126/><W100/><G29/><T97/><D97/><U26/><E26/><V135/><F124/><W113/><G113/><T53/><D53/><N who="1" m="32047" /><E43/><AGARI ba="1,1" hai="0,1,9,12,18,40,41,43,44,51,55,90,94,96" machi="43" ten="40,5200,0" yaku="1,1,52,1,53,1" doraHai="7" doraHaiUra="11" who="0" fromWho="1" sc="185,65,315,-55,245,0,245,0" /><INIT seed="3,0,0,4,5,121" ten="250,260,245,245" oya="3" hai0="44,54,101,14,119,123,85,34,17,26,112,68,35" hai1="47,33,89,83,102,127,69,70,3,32,66,65,51" hai2="114,64,82,8,18,117,58,110,39,93,25,11,37" hai3="24,63,21,27,45,41,109,84,71,61,0,134,120"/><W90/><G120/><T28/><D119/><U111/><E3/><V106/><F106/><W100/><G134/><T87/><D68/><U81/><E51/><V104/><F104/><W16/><G0/><T91/><D35/><U36/><E47/><V132/><F114/><W59/><G109/><T88/><D101/><U31/><E102/><V6/><F117/><W72/><G72/><T56/><D44/><U2/><E2/><V42/><F132/><W98/><G71/><T75/><D75/><U22/><E22/><V80/><F93/><W13/><G100/><T103/><D103/><U129/><E31/><V19/><F58/><W86/><G98/><T67/><D67/><U74/><E74/><V122/><F122/><W73/><G73/><T116/><D112/><U30/><E30/><V94/><F94/><W97/><G97/><T105/><D105/><U135/><E89/><V77/><F64/><W128/><G128/><T79/><D123/><U38/><E135/><V118/><F118/><W95/><G84/><N who="0" m="32331" /><D79/><U53/><E129/><V50/><F77/><W130/><G130/><T76/><D76/><U126/><E53/><V9/><F37/><W12/><G12/><T62/><D116/><U133/><E133/><V10/><F39/><W46/><G46/><T7/><D91/><U55/><E55/><V52/><F42/><W1/><G1/><T115/><D88/><U40/><E40/><V20/><F18/><W48/><G59/><T4/><D115/><U108/><AGARI ba="0,0" hai="32,33,36,38,65,66,69,70,81,83,108,111,126,127" machi="108" ten="25,8000,1" yaku="0,1,22,2,52,2" doraHai="121" who="1" fromWho="1" sc="250,-20,260,80,245,-20,245,-40" owari="230,3.0,340,44.0,225,-17.5,205,-29.5" /></mjloggm>