<mjloggm ver="2.3"><GO type="225" lobby="0"/><UN n0="%E3%80%93%E3%81%97%E3%83%BC%E3%82%89%E3%80%93" n1="%E3%81%8B%E3%82%8F%E3%81%A1%E3%82%83%E3%82%93%35%38" n2="%72%69%6F%75%63%68%61%6E" n3="%E3%83%A9%E3%83%BC%E3%83%A1%E3%83%B3%E4%BA%94%E9%83%8E" dan="16,16,16,16" rate="2129.70,2167.43,2169.78,2104.96" sx="M,M,M,M"/><TAIKYOKU oya="0"/><INIT seed="0,0,0,3,5,104" ten="250,250,250,250" oya="0" hai0="109,116,126,14,3,17,81,114,53,28,20,23,7" hai1="51,39,29,105,59,2,76,131,56,89,44,84,134" hai2="47,0,111,86,60,88,22,21,45,71,106,69,73" hai3="68,128,62,1,15,113,4,34,98,93,61,130,18"/><T27/><D114/><U132/><E131/><N who="3" m="50218" /><G34/><T133/><D116/><U41/><E2/><V99/><F0/><W120/><G113/><T72/><D126/><U46/><E76/><V107/><F111/><W115/><G115/><T123/><D123/><U135/><E29/><V5/><F5/><W10/><G68/><N who="2" m="26185" /><F99/><W80/><G80/><T48/><D109/><U129/><E105/><N who="2" m="39947" /><F86/><W67/><G67/><T8/><D133/><U102/><E102/><V78/><F78/><W13/><G1/><T127/><D127/><U117/><E117/><V43/><F60/><W100/><G120/><T90/><D90/><U36/><E129/><V82/><F82/><W40/><G40/><T94/><D94/><N who="1" m="54567" /><E36/><V96/><F96/><W26/><G26/><T83/><REACH who="0" step="1"/><D72/><REACH who="0" ten="240,250,250,250" step="2"/><U87/><E87/><V79/><F88/><W92/><G93/><T95/><D95/><U54/><AGARI ba="0,1" hai="39,41,44,46,51,54,56,59,132,134,135" m="54567" machi="54" ten="30,1100,0" yaku="20,1" doraHai="104" who="1" fromWho="1" sc="240,-5,250,21,250,-3,250,-3" /><INIT seed="1,0,0,4,4,108" ten="235,271,247,247" oya="1" hai0="42,107,125,12,131,27,47,90,10,120,20,121,34" hai1="7,132,22,126,63,109,16,72,82,103,26,117,130" hai2="89,83,44,113,43,84,36,32,74,111,40,75,71" hai3="19,122,129,81,79,76,39,80,6,104,35,54,94"/><U77/><E117/><V5/><F111/><W9/><G104/><T13/><D107/><U8/><E109/><V2/><F32/><W58/><G122/><T88/><D34/><U3/><E130/><V17/><F71/><W37/><G129/><T52/><D131/><U127/><E132/><V97/><F40/><W49/><G35/><T78/><D78/><U124/><E63/><V73/><F17/><W115/><G19/><N who="0" m="12703" /><D125/><U85/><REACH who="1" step="1"/><E103/><REACH who="1" ten="235,261,247,247" step="2"/><V106/><F113/><W21/><G115/><T67/><D121/><U56/><E56/><V18/><F74/><AGARI ba="0,1" hai="3,7,8,16,22,26,72,74,77,82,85,124,126,127" machi="74" ten="40,7700,0" yaku="1,1,18,1,54,1,53,0" doraHai="108" doraHaiUra="86" who="1" fromWho="2" sc="235,0,261,87,247,-77,247,0" /><INIT seed="1,1,0,2,2,127" ten="235,348,170,247" oya="1" hai0="102,61,98,129,81,67,42,131,87,59,34,78,110" hai1="0,6,44,106,96,76,109,14,49,130,112,19,24" hai2="60,88,65,16,82,118,28,23,11,72,15,113,48" hai3="122,126,40,4,26,58,95,125,41,22,69,57,52"/><U116/><E112/><V108/><F118/><W3/><G69/><T107/><D34/><U20/><E116/><V79/><F113/><W68/><G68/><T89/><D110/><U63/><E0/><V46/><F108/><W94/><G122/><T47/><REACH who="0" step="1"/><D78/><REACH who="0" ten="225,348,170,247" step="2"/><U17/><E76/><V75/><F88/><W100/><G126/><T128/><D128/><U90/><E130/><V37/><F37/><AGARI ba="1,1" hai="37,42,47,59,61,67,81,87,89,98,102,107,129,131" machi="37" ten="40,8000,1" yaku="1,1,52,2,53,1" doraHai="127" doraHaiUra="38" who="0" fromWho="2" sc="225,93,348,0,170,-83,247,0" /><INIT seed="2,0,0,4,3,22" ten="318,348,87,247" oya="2" hai0="69,71,123,135,18,15,75,101,105,84,14,73,20" hai1="118,90,23,114,127,85,1,117,82,91,104,86,44" hai2="31,128,32,132,45,53,56,68,72,13,120,48,12" hai3="134,46,19,0,51,122,99,98,58,125,61,115,50"/><V28/><F120/><W74/><G122/><T62/><D123/><U119/><E1/><V25/><F68/><W81/><G0/><T77/><D135/><U6/><E6/><V112/><F112/><W27/><G134/><T130/><D130/><U42/><E114/><V21/><F132/><W49/><G46/><T8/><D84/><U129/><E104/><V30/><F128/><W108/><G108/><T60/><D101/><U36/><E129/><V5/><F72/><W78/><G125/><T124/><D105/><U96/><E96/><V88/><F5/><W67/><G115/><T109/><D109/><U24/><E127/><V47/><F88/><W57/><G58/><T92/><D92/><U41/><E41/><V106/><F106/><W110/><G110/><T59/><D124/><U111/><E111/><V107/><F107/><W87/><G74/><T37/><D37/><U63/><E63/><V40/><F47/><W29/><REACH who="3" step="1"/><G19/><REACH who="3" ten="318,348,87,237" step="2"/><T121/><D121/><U80/><E118/><V38/><REACH who="2" step="1"/><F32/><AGARI ba="0,1" hai="27,29,32,49,50,51,57,61,67,78,81,87,98,99" machi="32" ten="40,5200,0" yaku="1,1,2,1,52,1,53,0" doraHai="22" doraHaiUra="9" who="3" fromWho="2" sc="318,0,348,0,87,-52,237,62" /><INIT seed="3,0,0,2,2,89" ten="318,348,35,299" oya="3" hai0="37,127,107,100,97,65,27,81,5,24,131,76,0" hai1="93,133,111,117,57,20,4,119,128,13,29,70,12" hai2="67,6,92,47,103,82,113,112,110,51,8,38,64" hai3="25,105,15,98,106,19,36,84,69,16,86,108,55"/><W116/><G116/><N who="1" m="44618" /><E70/><V129/><F110/><W126/><G36/><T41/><D127/><U7/><E111/><V9/><F129/><W120/><G120/><T68/><D131/><U32/><E32/><V83/><F38/><W134/><G108/><T90/><D90/><U44/><E133/><V125/><F125/><W87/><G126/><T11/><D65/><U30/><E128/><V31/><F113/><W26/><G134/><T104/><D68/><U66/><E93/><V40/><F112/><W34/><G69/><T109/><D109/><U74/><E74/><V1/><F1/><W79/><G79/><T59/><D59/><U33/><E33/><V123/><F123/><W122/><G122/><T49/><D49/><U135/><E135/><V22/><F22/><W121/><G121/><T132/><D132/><U78/><E78/><V88/><F31/><N who="1" m="11785" /><E44/><V56/><F103/><W17/><G34/><T23/><D23/><U94/><E94/><V124/><F124/><W43/><G43/><T54/><D54/><U58/><E58/><V60/><F64/><W35/><G35/><T99/><D99/><U73/><E73/><V45/><F45/><W63/><G15/><N who="1" m="5706" /><E20/><V75/><F75/><W115/><G115/><T77/><D107/><N who="3" m="40969" /><G98/><T21/><D77/><U101/><E101/><V39/><F39/><W71/><G71/><T114/><D114/><U10/><E10/><V80/><REACH who="2" step="1"/><F6/><REACH who="2" ten="318,348,25,299" step="2"/><W95/><G26/><T91/><D21/><U46/><E46/><V62/><F62/><AGARI ba="0,1" hai="4,7,57,62,66" m="5706,11785,44618" machi="62" ten="30,1000,0" yaku="12,1" doraHai="89" who="1" fromWho="2" sc="318,0,348,20,25,-10,299,0" owari="318,11.8,368,46.8,15,-48.5,299,-10.1" /></mjloggm>