<mjloggm ver="2.3"><GO type="225" lobby="0"/><UN n0="%74%2E%6F%2E%6F%2E%73" n1="%E3%81%95%E3%81%8D%E3%81%9F%E3%81%BE%E6%9E%97%E6%AA%8E" n2="%E3%81%99%E3%81%84%E3%81%BE%E3%81%9B%E3%83%BC%E3%82%93" n3="%72%69%6F%75%63%68%61%6E" dan="18,16,18,16" rate="2168.16,2074.30,2242.50,2144.65" sx="M,M,M,M"/><TAIKYOKU oya="0"/><INIT seed="0,0,0,2,5,116" ten="250,250,250,250" oya="0" hai0="82,34,98,107,130,92,49,7,91,73,44,52,2" hai1="75,37,106,30,99,83,58,35,120,96,4,132,61" hai2="135,56,28,80,12,45,31,85,121,55,51,111,128" hai3="70,100,33,24,8,47,103,102,77,109,27,3,39"/><T5/><D34/><U122/><E37/><V69/><F121/><N who="1" m="46697" /><E4/><V1/><F1/><W46/><G109/><T36/><D130/><U68/><E58/><V134/><F69/><W110/><G110/><T6/><D107/><U42/><E42/><V95/><F128/><W86/><G70/><T14/><D2/><U29/><E29/><V84/><F111/><W78/><G86/><T90/><D36/><U50/><E50/><V114/><F114/><W0/><G33/><T23/><D73/><U62/><E62/><V11/><F95/><W67/><G39/><T79/><D79/><N who="1" m="44543" /><E96/><V104/><F104/><W21/><G67/><T13/><REACH who="0" step="1"/><D23/><REACH who="0" ten="240,250,250,250" step="2"/><U127/><E127/><V53/><F135/><W123/><G123/><T74/><D74/><U113/><E132/><V81/><F134/><W9/><G103/><T48/><D48/><U32/><E113/><V25/><F51/><W57/><G21/><T72/><D72/><U59/><E35/><V101/><F101/><W108/><G108/><T41/><D41/><U124/><E124/><V87/><F81/><W65/><G65/><T126/><D126/><U93/><E106/><V26/><F80/><W19/><G19/><T125/><D125/><U18/><E18/><N who="2" m="8479" /><F31/><W54/><G54/><T118/><D118/><U76/><E30/><V131/><F28/><W16/><G16/><T117/><D117/><U94/><E32/><V60/><F131/><W129/><G129/><T17/><D17/><U89/><E94/><V105/><F105/><W71/><G0/><T133/><D133/><U10/><E93/><V20/><F20/><RYUUKYOKU ba="0,1" sc="240,15,250,-15,250,15,250,-15" hai0="5,6,7,13,14,44,49,52,82,90,91,92,98" hai2="25,26,45,53,55,56,60,84,85,87" /><INIT seed="0,1,1,3,1,77" ten="255,235,265,235" oya="0" hai0="54,133,117,21,58,112,88,115,34,2,90,120,131" hai1="70,71,92,24,66,53,37,93,132,125,123,50,59" hai2="135,28,75,72,19,124,14,43,101,118,89,8,5" hai3="46,10,31,113,87,76,16,81,30,6,127,107,106"/><T73/><D34/><U40/><E24/><V63/><F135/><W1/><G113/><T79/><D117/><U32/><E32/><V13/><F118/><W25/><G127/><T129/><D120/><U100/><E100/><V9/><F124/><W114/><G114/><T82/><D2/><U23/><E23/><V102/><F28/><W35/><G30/><T45/><D45/><N who="1" m="23695" /><E125/><V80/><F43/><W57/><G57/><T41/><D41/><U0/><E0/><V52/><F75/><W29/><G31/><T126/><D126/><U121/><E71/><V91/><F72/><W26/><REACH who="3" step="1"/><G46/><REACH who="3" ten="255,235,265,225" step="2"/><T20/><D133/><U119/><E132/><V15/><F9/><W69/><G69/><T116/><D116/><U86/><E119/><V65/><F8/><W39/><G39/><T98/><D112/><U48/><E123/><V11/><F11/><W33/><G33/><T64/><D115/><U84/><E121/><V47/><F47/><W22/><AGARI ba="1,2" hai="1,6,10,16,22,25,26,29,35,76,81,87,106,107" machi="22" ten="30,7900,0" yaku="1,1,0,1,52,1,54,1,53,0" doraHai="77" doraHaiUra="108" who="3" fromWho="3" sc="255,-40,235,-21,265,-21,225,102" /><INIT seed="1,0,0,5,1,16" ten="215,214,244,327" oya="1" hai0="101,105,53,45,79,114,2,30,58,129,41,23,99" hai1="46,125,57,115,92,44,103,134,118,26,43,36,39" hai2="59,38,74,32,28,86,70,63,133,123,54,85,10" hai3="73,12,68,95,67,8,60,9,5,84,100,71,97"/><U34/><E115/><V117/><F117/><W22/><G73/><T107/><D114/><U3/><E118/><V37/><F123/><W4/><G84/><T120/><D2/><U61/><E3/><V93/><F74/><W126/><G126/><T119/><D119/><U81/><E125/><V116/><F116/><W50/><G50/><T104/><D129/><U83/><E134/><V128/><F128/><W66/><G22/><T15/><D120/><U109/><E109/><V64/><F133/><W55/><G55/><T33/><D79/><U106/><E106/><V65/><F10/><W31/><G31/><T94/><D33/><U82/><E34/><V78/><F28/><W42/><G42/><T111/><D111/><U130/><E130/><V89/><F32/><W0/><REACH who="3" step="1"/><G67/><REACH who="3" ten="215,214,244,317" step="2"/><T96/><D30/><U132/><E132/><V88/><F65/><W112/><G112/><T122/><D122/><U7/><E39/><V49/><REACH who="2" step="1"/><F78/><REACH who="2" ten="215,214,234,317" step="2"/><W127/><G127/><T76/><D76/><U110/><E110/><V62/><F62/><W14/><G14/><T40/><D15/><U102/><E61/><V24/><F24/><W98/><G98/><T21/><D96/><U113/><E26/><V80/><AGARI ba="0,2" hai="37,38,49,54,59,63,64,70,80,85,86,88,89,93" machi="80" ten="20,5200,0" yaku="1,1,0,1,7,1,54,1,53,0" doraHai="16" doraHaiUra="1" who="2" fromWho="2" sc="215,-13,214,-26,234,72,317,-13" /><INIT seed="2,0,0,3,5,8" ten="202,188,306,304" oya="2" hai0="22,46,43,55,114,29,58,16,19,33,9,98,89" hai1="68,118,123,132,74,127,125,32,20,126,81,2,102" hai2="93,92,82,128,105,26,83,48,42,86,44,69,25" hai3="100,41,28,7,121,122,35,50,91,40,87,34,124"/><V94/><F69/><W90/><G100/><T53/><D114/><U37/><RYUUKYOKU type="yao9" ba="0,0" sc="202,0,188,0,306,0,304,0" hai1="2,20,32,37,68,74,81,102,118,123,125,126,127,132" /><INIT seed="2,1,0,1,2,76" ten="202,188,306,304" oya="2" hai0="84,46,69,91,23,82,118,67,19,20,81,95,7" hai1="33,38,106,108,49,29,56,30,45,26,1,24,62" hai2="90,10,58,74,70,115,107,34,121,109,18,53,88" hai3="98,54,135,119,94,14,132,114,128,110,22,113,50"/><V25/><F115/><N who="3" m="44043" /><G110/><T66/><D118/><U4/><E108/><V28/><F121/><W92/><G128/><T93/><D7/><U111/><E111/><V31/><F109/><W80/><G119/><T85/><D46/><U5/><E106/><V103/><F70/><W101/><G92/><N who="0" m="35403" /><D69/><U15/><E38/><V48/><F74/><W130/><G130/><T117/><D117/><U21/><E1/><V83/><F31/><W125/><G125/><T96/><D96/><U100/><E100/><V61/><F48/><W42/><G42/><T52/><D52/><U41/><REACH who="1" step="1"/><E15/><REACH who="1" ten="202,178,306,304" step="2"/><V8/><F103/><W102/><G101/><T0/><D0/><U97/><E97/><V59/><F107/><W13/><G13/><N who="0" m="9327" /><D23/><U32/><E32/><V44/><F34/><W2/><G2/><T36/><D36/><U11/><E11/><V77/><F8/><W64/><G22/><T122/><D122/><U75/><E75/><V68/><F10/><W16/><G14/><T99/><D99/><U86/><E86/><V124/><F124/><W104/><G104/><T9/><D9/><U40/><E40/><V47/><F25/><W78/><G102/><T27/><D27/><U105/><E105/><V39/><F39/><W12/><G98/><T3/><D3/><U63/><E63/><V55/><F61/><W87/><G12/><T51/><D51/><U123/><E123/><V131/><F131/><W112/><G50/><T71/><D71/><U72/><E72/><V127/><F68/><W126/><N who="3" m="44051" /><W116/><DORA hai="6" /><G87/><T134/><D134/><U65/><AGARI ba="1,1" hai="4,5,21,24,26,29,30,33,41,45,49,56,62,65" machi="65" ten="20,8000,1" yaku="1,1,5,1,0,1,7,1,53,1" doraHai="76,6" doraHaiUra="89,57" who="1" fromWho="1" sc="202,-21,178,93,306,-41,304,-21" /><INIT seed="3,0,0,3,4,111" ten="181,271,265,283" oya="3" hai0="70,71,57,104,134,118,75,49,43,14,59,106,110" hai1="102,53,47,109,92,67,20,27,76,87,103,66,88" hai2="86,116,32,1,72,11,52,90,46,117,62,84,74" hai3="64,48,80,29,94,120,26,28,55,9,124,50,25"/><W96/><G120/><T37/><D118/><U3/><E109/><V68/><F32/><W125/><G64/><N who="1" m="24618" /><E76/><V126/><F68/><W129/><G129/><T122/><D122/><U23/><E3/><V83/><F126/><N who="3" m="48747" /><G80/><T13/><D75/><U56/><E47/><V35/><F35/><N who="3" m="20879" /><G9/><T19/><D37/><U81/><E81/><V45/><F11/><W112/><G112/><T113/><D110/><U18/><E20/><V99/><F1/><W105/><G105/><T5/><D134/><U119/><E119/><V82/><F99/><W100/><G55/><T24/><D24/><U33/><E33/><AGARI ba="0,0" hai="26,29,33,48,50,94,96,100" m="20879,48747" machi="33" ten="30,1500,0" yaku="18,1" doraHai="111" who="3" fromWho="1" sc="181,0,271,-15,265,0,283,15" /><INIT seed="3,1,0,4,2,77" ten="181,256,265,298" oya="3" hai0="93,22,55,16,86,59,21,70,133,114,115,64,117" hai1="134,88,29,79,60,65,40,20,76,37,119,95,91" hai2="127,82,19,78,38,35,128,131,120,122,71,110,6" hai3="99,109,53,85,63,92,41,0,116,43,34,97,10"/><W51/><G116/><T14/><D117/><U48/><E119/><V12/><F71/><W54/><G34/><T24/><D133/><U56/><E134/><V30/><F38/><W80/><G109/><T121/><D121/><N who="2" m="46698" /><F110/><W67/><G0/><T61/><D70/><U108/><E108/><V125/><F6/><W94/><G10/><T45/><D45/><U118/><E37/><V72/><F30/><W112/><G112/><T5/><D5/><U46/><E118/><V4/><F4/><W33/><G33/><T107/><D107/><U52/><E40/><N who="3" m="15434" /><G67/><T11/><D64/><U50/><E50/><V96/><F96/><N who="3" m="36939" /><G63/><T104/><D104/><U75/><E75/><V111/><F35/><W83/><G83/><T62/><D62/><U84/><E91/><V81/><F82/><W57/><G53/><T36/><D36/><U66/><E66/><V74/><F74/><W47/><G47/><T73/><D73/><U27/><AGARI ba="1,0" hai="20,27,29,46,48,52,56,60,65,76,79,84,88,95" machi="27" ten="30,7900,0" yaku="0,1,8,1,54,2" doraHai="77" who="1" fromWho="1" sc="181,-21,256,82,265,-21,298,-40" owari="160,-34.0,338,43.8,244,-15.6,258,5.8" /></mjloggm>