<mjloggm ver="2.3"><GO type="225" lobby="0"/><UN n0="%E3%83%AD%E3%83%83%E3%83%86%E9%9B%80%E7%90%83" n1="%E6%A1%9C%E8%8A%B1%E9%96%83%E3%80%85" n2="%E8%81%B7%E6%A5%AD%E3%80%81%E9%A2%A8%32" n3="%E3%83%A9%E3%83%BC%E3%83%A1%E3%83%B3%E4%BA%94%E9%83%8E" dan="17,18,16,16" rate="2264.42,2279.04,2094.85,2082.21" sx="M,M,M,M"/><TAIKYOKU oya="0"/><INIT seed="0,0,0,5,5,25" ten="250,250,250,250" oya="0" hai0="120,53,83,3,109,21,93,129,43,88,60,98,100" hai1="14,86,110,114,51,134,29,115,19,6,32,20,27" hai2="126,99,56,106,18,7,34,73,107,118,49,30,12" hai3="28,78,65,117,127,11,95,44,82,97,40,62,57"/><T70/><D120/><U22/><E86/><V94/><F118/><W80/><G127/><T10/><D129/><U74/><E74/><V33/><F126/><W38/><G117/><T90/><D109/><U77/><E77/><V37/><F37/><W58/><G11/><T92/><D43/><U39/><E39/><V89/><F73/><W24/><G57/><N who="0" m="34863" /><D3/><U0/><E51/><V46/><F7/><W8/><G8/><T50/><D70/><U128/><E128/><V72/><F56/><W42/><G78/><T2/><D2/><U122/><E122/><V75/><F72/><W45/><G45/><T103/><D83/><U59/><E59/><V135/><F34/><W26/><G42/><T15/><D50/><U85/><E85/><V76/><F135/><W104/><G104/><T81/><D21/><N who="1" m="11511" /><E110/><V91/><F76/><W69/><G69/><T64/><D64/><U17/><E134/><V1/><F1/><W101/><REACH who="3" step="1"/><G24/><REACH who="3" ten="250,250,250,240" step="2"/><T36/><D36/><U84/><E27/><V52/><F106/><W119/><G119/><T66/><D66/><U41/><E41/><V16/><F107/><W132/><G132/><T113/><D113/><U102/><E115/><V130/><F130/><W123/><G123/><T131/><D131/><U31/><E114/><V108/><F108/><W105/><G105/><T13/><D13/><U48/><E0/><V54/><F12/><W111/><G111/><T9/><D9/><U67/><E6/><V112/><F112/><W68/><G68/><T4/><D81/><U121/><E121/><V35/><F46/><W47/><G47/><RYUUKYOKU ba="0,1" sc="250,15,250,-15,250,-15,240,15" hai0="4,10,15,88,90,92,93,98,100,103" hai3="26,28,38,40,44,58,62,65,80,82,95,97,101" /><INIT seed="0,1,1,5,1,89" ten="265,235,235,255" oya="0" hai0="70,111,41,9,97,5,102,107,49,115,36,34,123" hai1="28,110,56,2,120,121,78,65,114,35,0,113,135" hai2="134,26,105,45,62,44,15,125,50,53,83,127,79" hai3="91,94,72,22,39,109,90,63,24,84,46,67,10"/><T108/><D115/><N who="1" m="44043" /><E78/><V75/><F105/><W69/><G72/><T99/><D123/><N who="1" m="47179" /><E65/><V101/><F101/><W17/><G109/><N who="0" m="42059" /><D34/><U14/><E56/><V77/><F134/><W131/><G131/><T57/><D70/><U73/><E73/><V3/><F3/><N who="1" m="1065" /><E110/><V85/><F79/><W12/><G90/><T71/><D71/><U48/><E48/><V19/><F62/><W74/><G74/><T124/><D124/><N who="2" m="47690" /><F26/><W13/><REACH who="3" step="1"/><G10/><REACH who="3" ten="265,235,235,245" step="2"/><T16/><D9/><U43/><E43/><AGARI ba="1,2" hai="12,13,17,22,24,39,43,46,63,67,69,84,91,94" machi="43" ten="40,5200,0" yaku="1,1,2,1,52,1,53,0" doraHai="89" doraHaiUra="118" who="3" fromWho="1" sc="265,0,235,-55,235,0,245,75" /><INIT seed="1,0,0,3,3,84" ten="265,180,235,320" oya="1" hai0="95,30,122,5,0,81,92,57,119,37,124,77,23" hai1="67,120,76,132,106,56,44,89,133,9,80,33,97" hai2="63,34,87,135,21,14,49,115,71,118,31,105,108" hai3="90,38,113,43,88,4,25,60,59,125,109,16,82"/><U35/><E120/><V100/><F108/><W74/><G113/><T112/><D119/><U79/><E44/><V126/><F118/><W17/><G109/><T129/><D112/><U18/><E67/><N who="2" m="41471" /><F126/><W85/><G74/><T128/><D37/><U64/><E64/><V12/><F21/><N who="3" m="13487" /><G38/><T7/><D124/><U47/><E56/><V45/><F87/><N who="3" m="50551" /><G4/><T73/><D122/><U54/><E54/><N who="2" m="29999" /><F135/><N who="1" m="51785" /><E47/><V101/><F101/><W26/><G125/><T131/><D57/><U36/><E36/><V75/><F75/><W11/><G43/><T42/><D42/><U110/><E110/><V117/><F117/><W127/><G127/><T20/><D7/><U53/><E53/><V116/><F115/><W28/><G28/><T24/><D23/><U19/><E106/><V39/><F39/><W96/><G96/><T3/><D5/><U8/><E19/><V107/><F107/><W69/><G69/><T134/><D134/><U70/><E70/><V65/><F65/><N who="3" m="39071" /><G26/><T13/><D13/><N who="1" m="7463" /><E9/><V2/><F2/><AGARI ba="0,0" hai="0,2,3,20,24,30,73,77,81,92,95,128,129,131" machi="2" ten="50,1600,0" yaku="19,1" doraHai="84" who="0" fromWho="2" sc="265,16,180,0,235,-16,320,0" /><INIT seed="2,0,0,0,4,41" ten="281,180,219,320" oya="2" hai0="15,74,85,102,97,75,111,78,11,84,21,33,47" hai1="101,22,110,63,27,103,24,56,5,69,80,51,115" hai2="104,55,119,91,123,124,113,30,50,127,106,67,133" hai3="25,2,45,77,31,99,71,116,121,34,48,94,87"/><V64/><F123/><W92/><G116/><T38/><D33/><U13/><E115/><V112/><F119/><W129/><G71/><T16/><D111/><U42/><E110/><V126/><F133/><W6/><G121/><T19/><D38/><U59/><E69/><V122/><F122/><W18/><G129/><T8/><D47/><N who="1" m="26103" /><E80/><V46/><F30/><W132/><G132/><T28/><D28/><N who="1" m="17431" /><E27/><V36/><F36/><W82/><G18/><T14/><D21/><U79/><E79/><V12/><F12/><W73/><G73/><T118/><D118/><U93/><E93/><V120/><F120/><W17/><G17/><T89/><D78/><U23/><E23/><V60/><F91/><W98/><G2/><T95/><REACH who="0" step="1"/><D84/><REACH who="0" ten="271,180,219,320" step="2"/><U130/><E130/><V1/><F112/><W0/><G99/><T70/><D70/><U96/><E96/><V4/><F113/><W54/><G98/><T90/><D90/><U61/><E59/><N who="2" m="36895" /><F67/><W107/><REACH who="3" step="1"/><G107/><AGARI ba="0,1" hai="8,11,14,15,16,19,74,75,85,89,95,97,102,107" machi="107" ten="30,7700,0" yaku="1,1,7,1,9,1,54,1,53,0" doraHai="41" doraHaiUra="109" who="0" fromWho="3" sc="271,87,180,0,219,0,320,-77" /><INIT seed="3,0,0,1,5,120" ten="358,180,219,243" oya="3" hai0="114,84,106,50,124,11,64,80,18,127,27,44,65" hai1="68,0,16,43,15,63,26,21,57,48,86,83,37" hai2="94,71,70,122,117,25,33,73,111,72,113,100,76" hai3="7,108,35,77,30,1,45,123,133,52,4,92,97"/><W102/><G123/><T75/><D75/><U78/><E0/><V74/><F113/><W60/><G133/><T125/><D106/><U2/><E2/><V56/><F76/><W39/><G77/><N who="0" m="46095" /><D114/><U34/><E37/><V101/><F94/><W98/><G1/><T54/><D11/><U22/><E34/><V104/><F104/><W105/><G108/><T130/><D130/><U12/><E68/><V115/><F111/><W55/><G39/><T132/><D132/><U118/><E118/><V119/><F115/><W110/><G110/><T58/><D18/><U29/><E43/><V59/><F122/><W41/><G60/><N who="0" m="35927" /><D27/><U93/><E93/><V17/><F33/><W23/><G35/><T20/><D20/><U135/><E135/><V89/><F25/><N who="3" m="16703" /><G98/><T49/><D49/><U28/><E48/><V131/><F89/><W87/><G105/><T32/><D32/><U62/><E29/><V5/><F17/><W88/><G41/><AGARI ba="0,0" hai="41,44,50,64,65,124,125,127" m="35927,46095" machi="41" ten="30,1000,0" yaku="18,1" doraHai="120" who="0" fromWho="3" sc="358,10,180,0,219,0,243,-10" owari="368,46.8,180,-32.0,219,-18.1,233,3.3" /></mjloggm>