<mjloggm ver="2.3"><GO type="225" lobby="0"/><UN n0="%E3%81%BF%E3%81%BF%E3%81%9A" n1="%E9%8A%80%E3%81%B0%E3%81%95%E3%81%BF" n2="%E3%82%BC%E3%83%AB%E3%83%80%E3%81%AE%E4%BC%9D%E8%AA%AC" n3="%E6%80%AA%E3%81%97%E3%81%99%E3%81%8E%E3%82%8B%E3%83%81%E3%83%BC" dan="17,17,16,16" rate="2188.64,2211.71,2173.21,2171.65" sx="M,M,M,M"/><TAIKYOKU oya="0"/><INIT seed="0,0,0,2,2,45" ten="250,250,250,250" oya="0" hai0="21,103,38,79,18,15,48,31,64,101,108,132,4" hai1="24,30,81,91,65,95,116,22,71,1,42,33,37" hai2="26,127,25,87,16,6,35,114,10,56,105,8,100" hai3="110,135,89,19,126,133,96,43,57,123,104,13,58"/><T9/><D38/><U92/><E116/><V102/><F114/><W121/><G110/><T131/><D131/><U2/><E81/><V11/><F127/><W12/><G126/><T109/><D79/><U55/><E33/><V52/><F105/><W75/><G75/><T23/><D64/><U49/><E92/><V98/><F35/><W122/><G43/><T7/><D132/><N who="3" m="50761" /><G13/><T97/><D31/><U118/><E118/><V82/><F6/><W113/><G113/><T77/><D77/><U72/><E72/><V115/><F115/><W120/><G89/><T5/><D103/><N who="2" m="39466" /><F98/><W94/><G104/><T67/><D67/><U93/><E93/><V27/><F87/><W39/><G39/><T88/><D88/><U60/><E42/><V62/><F82/><W106/><G106/><T70/><D70/><U50/><E37/><V53/><F53/><W40/><G40/><T112/><D112/><U59/><REACH who="1" step="1"/><E49/><REACH who="1" ten="250,240,250,250" step="2"/><V125/><F125/><W124/><G124/><T73/><D73/><U29/><E29/><V130/><F130/><W99/><G123/><T20/><REACH who="0" step="1"/><D48/><REACH who="0" ten="240,240,250,250" step="2"/><U63/><E63/><V129/><F129/><W83/><G122/><T90/><D90/><U84/><AGARI ba="0,2" hai="1,2,22,24,30,50,55,59,60,65,71,84,91,95" machi="84" ten="20,5200,0" yaku="1,1,0,1,7,1,52,1,53,0" doraHai="45" doraHaiUra="68" who="1" fromWho="1" sc="240,-26,240,72,250,-13,250,-13" /><INIT seed="1,0,0,3,1,32" ten="214,312,237,237" oya="1" hai0="46,50,18,116,82,23,14,7,43,135,38,94,47" hai1="57,131,6,108,96,5,48,80,130,111,28,61,24" hai2="12,109,117,11,60,91,127,16,101,78,34,31,107" hai3="99,124,72,106,41,79,22,1,21,73,113,62,75"/><U51/><E80/><V93/><F117/><W26/><G113/><T118/><D135/><U85/><E85/><V84/><F109/><N who="1" m="42057" /><E96/><V33/><F127/><W77/><G124/><T30/><D30/><U120/><E120/><V0/><F31/><W133/><G1/><T100/><D82/><U4/><E61/><V132/><F132/><W69/><G133/><T54/><REACH who="0" step="1"/><D7/><REACH who="0" ten="204,312,237,237" step="2"/><U59/><E131/><V81/><F34/><W103/><G75/><T65/><D65/><U76/><E130/><V87/><F33/><W37/><G73/><T35/><D35/><N who="1" m="20871" /><E76/><V98/><REACH who="2" step="1"/><F60/><REACH who="2" ten="204,312,227,237" step="2"/><W102/><G62/><T40/><D40/><U88/><E5/><V70/><F70/><W27/><G41/><T134/><D134/><U53/><E4/><V66/><F66/><W67/><G67/><T56/><D56/><U17/><E6/><V25/><F25/><W2/><G69/><T119/><D119/><U128/><E128/><V125/><F125/><W97/><G26/><T86/><D86/><U83/><E59/><V126/><F126/><W45/><G27/><T122/><D122/><U15/><E57/><V74/><F74/><W114/><G72/><T20/><D20/><U10/><E53/><V112/><F112/><W36/><G22/><T63/><D63/><U68/><E68/><V44/><F44/><W58/><G21/><T89/><D89/><U19/><E19/><V13/><F13/><W90/><G45/><T29/><D29/><U92/><E88/><V121/><F121/><W49/><G90/><T115/><D115/><U64/><E64/><V71/><F71/><RYUUKYOKU ba="0,2" sc="204,15,312,-15,227,15,237,-15" hai0="14,18,23,38,43,46,47,50,54,94,100,116,118" hai2="0,11,12,16,78,81,84,87,91,93,98,101,107" /><INIT seed="2,1,2,0,3,11" ten="219,297,242,222" oya="2" hai0="29,17,127,74,57,19,98,39,24,99,56,78,28" hai1="35,93,86,4,90,65,124,71,135,5,33,85,77" hai2="123,105,69,13,104,62,15,122,31,75,128,23,60" hai3="21,45,103,6,117,121,129,92,44,83,114,87,66"/><V116/><F75/><W61/><G117/><T82/><D39/><U115/><E115/><V30/><F23/><W76/><G121/><T73/><D127/><U0/><E124/><V20/><F20/><W22/><G129/><T8/><D8/><U94/><E135/><V107/><F69/><W52/><G114/><T81/><D78/><U101/><E0/><V68/><F68/><W59/><G6/><T118/><REACH who="0" step="1"/><D24/><REACH who="0" ten="209,297,242,222" step="2"/><U79/><E77/><V125/><F125/><W84/><G44/><T130/><D130/><U51/><E79/><V38/><F128/><W106/><G106/><T40/><D40/><U109/><E109/><V10/><F38/><W49/><REACH who="3" step="1"/><G87/><REACH who="3" ten="209,297,242,212" step="2"/><T7/><D7/><U110/><E85/><V47/><F104/><W120/><G120/><T67/><D67/><U88/><E65/><V97/><F47/><W70/><G70/><T132/><D132/><U111/><E86/><V80/><F116/><AGARI ba="1,4" hai="17,19,28,29,56,57,73,74,81,82,98,99,116,118" machi="116" ten="25,3200,0" yaku="1,1,22,2,53,0" doraHai="11" doraHaiUra="37" who="0" fromWho="2" sc="209,75,297,0,242,-35,212,0" /><INIT seed="3,0,0,1,2,118" ten="284,297,207,212" oya="3" hai0="34,28,60,101,123,46,29,127,0,9,116,5,81" hai1="43,74,77,105,129,20,13,59,22,103,44,120,32" hai2="132,72,14,131,98,40,97,6,7,100,87,57,89" hai3="112,67,54,48,16,93,88,35,102,4,128,66,109"/><W69/><G112/><T80/><D116/><U76/><E120/><V68/><F68/><W18/><G35/><T51/><D123/><U52/><E32/><V91/><F72/><W86/><G128/><T64/><D127/><U61/><E129/><V121/><F131/><W17/><G109/><T47/><D101/><U94/><E105/><V49/><F132/><W95/><G4/><T25/><D29/><U70/><E70/><V71/><F71/><W45/><G69/><T82/><D60/><U24/><E74/><V130/><F130/><W19/><N who="3" m="4096" /><DORA hai="84" /><W108/><G108/><T36/><D64/><N who="3" m="24617" /><G102/><T119/><D119/><U42/><E13/><V135/><F135/><W8/><G8/><T33/><D33/><U92/><E103/><V124/><F124/><W134/><G134/><T27/><D27/><U56/><E61/><V73/><F73/><W1/><G1/><T96/><D96/><N who="2" m="36970" /><F100/><W63/><G63/><T15/><D0/><U75/><E75/><V113/><F113/><W62/><G62/><T114/><D114/><U122/><E122/><V104/><F104/><W10/><G10/><T55/><D36/><U106/><E106/><V50/><F121/><W79/><G79/><T125/><D125/><U41/><E76/><V11/><F6/><W111/><G111/><T107/><D107/><U133/><E77/><V65/><F65/><W38/><G38/><T90/><D90/><N who="2" m="34314" /><F87/><W115/><G115/><T53/><D81/><AGARI ba="0,0" hai="45,48,54,81,86,88,93,95" m="24617,4096" machi="81" ten="40,12000,1" yaku="8,1,52,1,54,2" doraHai="118,84" who="3" fromWho="0" sc="284,-120,297,0,207,0,212,120" owari="164,-33.6,297,9.7,207,-19.3,332,43.2" /></mjloggm>