<mjloggm ver="2.3"><GO type="225" lobby="0"/><UN n0="%E6%A1%9C%E8%8A%B1%E9%96%83%E3%80%85" n1="%28%EF%BF%A3%E2%96%BD%EF%BF%A3%29%CE%B4%E2%8C%92%E3%83%BB" n2="%E5%B8%86%E7%AB%8B%E5%A4%8F%E8%A1%A3" n3="%72%69%6F%75%63%68%61%6E" dan="16,16,16,17" rate="2169.99,2112.57,2177.20,2263.37" sx="M,M,M,M"/><TAIKYOKU oya="0"/><INIT seed="0,0,0,5,0,36" ten="250,250,250,250" oya="0" hai0="37,66,132,32,131,110,133,128,130,53,12,51,14" hai1="118,45,62,22,11,25,42,8,41,33,83,54,1" hai2="73,129,114,2,24,15,35,127,97,112,61,52,4" hai3="121,19,104,5,90,21,23,29,60,44,124,20,134"/><T17/><D37/><U68/><E118/><V103/><F73/><W126/><G104/><T88/><D32/><U30/><E33/><V63/><F2/><W100/><G100/><T28/><D28/><U18/><E68/><V117/><F117/><W109/><G109/><T102/><D102/><U38/><E1/><V72/><F72/><W105/><G105/><T48/><D66/><U58/><E30/><V107/><F129/><W86/><G134/><N who="0" m="51819" /><D110/><U64/><E64/><V106/><F106/><W135/><G135/><T111/><D111/><U79/><REACH who="1" step="1"/><E42/><REACH who="1" ten="250,240,250,250" step="2"/><V65/><F65/><W82/><G29/><T10/><D53/><U47/><E47/><V89/><F52/><W43/><G126/><T59/><D59/><U78/><E78/><V120/><F35/><W56/><G124/><T91/><D12/><U40/><E40/><V16/><F15/><W6/><G121/><T94/><D91/><U70/><E70/><V7/><F89/><W95/><G82/><T49/><D130/><U67/><E67/><V85/><F127/><W75/><G44/><T113/><D113/><U96/><E96/><AGARI ba="0,1" hai="10,14,17,48,49,51,88,94,96,128,131" m="51819" machi="96" ten="30,2900,0" yaku="20,1,54,1" doraHai="36" who="0" fromWho="1" sc="250,39,240,-29,250,0,250,0" /><INIT seed="0,1,0,3,3,7" ten="289,211,250,250" oya="0" hai0="35,32,91,82,44,115,92,34,49,19,62,134,52" hai1="99,50,84,58,106,27,5,83,71,128,24,38,45" hai2="73,135,61,66,63,101,97,1,131,109,126,33,15" hai3="59,76,29,10,48,46,36,11,95,87,56,119,68"/><T51/><D134/><U30/><E71/><V31/><F135/><W89/><G119/><T53/><D115/><U8/><E128/><V67/><F131/><W70/><G29/><T64/><D82/><U80/><E38/><V111/><F126/><W127/><G127/><T75/><D75/><U13/><E106/><V100/><F1/><W47/><G36/><T26/><D19/><U77/><E99/><V120/><F73/><W0/><G0/><T16/><D16/><U94/><E94/><V78/><F78/><W86/><G68/><T2/><D26/><U93/><E93/><V108/><F15/><W4/><G70/><T6/><D6/><U57/><E83/><V14/><F14/><N who="3" m="5447" /><G11/><T22/><D22/><N who="1" m="15639" /><E27/><N who="2" m="18687" /><F120/><W81/><G46/><T41/><D2/><U55/><AGARI ba="1,0" hai="5,8,13,45,50,55,57,58,77,80,84" m="15639" machi="55" ten="30,2000,0" yaku="8,1,52,1" doraHai="7" who="1" fromWho="1" sc="289,-11,211,23,250,-6,250,-6" /><INIT seed="1,0,0,1,3,19" ten="278,234,244,244" oya="1" hai0="74,10,111,22,127,61,60,45,24,50,107,46,32" hai1="101,79,20,132,99,26,100,39,68,128,67,14,41" hai2="52,130,90,117,70,106,135,64,75,112,12,8,133" hai3="123,81,85,72,17,16,102,66,31,7,18,82,11"/><U43/><E132/><N who="2" m="50763" /><F117/><W57/><G123/><T51/><D32/><U93/><E128/><V42/><F130/><W30/><G102/><T23/><D107/><U15/><E101/><V131/><F106/><W89/><G72/><T126/><D74/><U48/><E39/><V88/><F131/><W83/><G66/><T69/><D10/><U9/><E79/><V65/><F42/><N who="1" m="15881" /><E68/><V27/><F112/><W6/><G57/><T87/><D87/><U116/><E116/><V94/><F75/><W0/><REACH who="3" step="1"/><G6/><REACH who="3" ten="278,234,244,234" step="2"/><T29/><D69/><U56/><E67/><V59/><F70/><W62/><G62/><T71/><D71/><U54/><E9/><V129/><F65/><W21/><G21/><T84/><D22/><U25/><E25/><V109/><F64/><W108/><G108/><T104/><D111/><U47/><E56/><V120/><F109/><W78/><G78/><T105/><D24/><U36/><E36/><V33/><F129/><W77/><G77/><T44/><D23/><U34/><E34/><V73/><F73/><W97/><G97/><T28/><D45/><U122/><E122/><V98/><F120/><W134/><G134/><T121/><D121/><U80/><E80/><AGARI ba="0,1" hai="0,7,11,16,17,18,30,31,80,81,82,83,85,89" machi="80" ten="40,2600,0" yaku="1,1,54,1,53,0" doraHai="19" doraHaiUra="55" who="3" fromWho="1" sc="278,0,234,-26,244,0,234,36" /><INIT seed="2,0,0,3,4,61" ten="278,208,244,270" oya="2" hai0="10,54,121,116,122,0,17,70,76,27,97,51,68" hai1="120,102,31,98,69,2,59,79,41,90,105,45,84" hai2="57,72,119,38,33,133,23,115,48,22,118,25,75" hai3="117,114,40,94,92,43,127,4,42,91,5,66,89"/><V112/><F48/><W7/><G117/><N who="2" m="44553" /><F57/><W39/><G127/><T8/><D116/><U88/><E69/><V74/><F38/><W132/><G132/><T47/><D76/><U106/><E2/><V36/><F36/><W96/><G114/><N who="2" m="43561" /><F25/><W19/><G66/><T64/><D97/><U28/><E120/><V101/><F101/><W44/><REACH who="3" step="1"/><G19/><REACH who="3" ten="278,208,244,260" step="2"/><T78/><D64/><U65/><E65/><V85/><F133/><W81/><G81/><T58/><D17/><U12/><E31/><V9/><F9/><W20/><G20/><N who="2" m="7721" /><F85/><AGARI ba="0,1" hai="4,5,7,39,40,42,43,44,85,89,91,92,94,96" machi="85" ten="40,1300,0" yaku="1,1,53,0" doraHai="61" doraHaiUra="53" who="3" fromWho="2" sc="278,0,208,0,244,-13,260,23" /><INIT seed="3,0,0,3,1,102" ten="278,208,231,283" oya="3" hai0="39,130,16,110,90,127,117,80,86,131,57,132,112" hai1="101,30,25,38,33,104,109,126,69,66,34,22,62" hai2="48,35,70,19,54,64,97,95,94,91,113,10,122" hai3="105,40,100,32,58,41,24,51,75,67,118,56,129"/><W108/><G118/><T87/><D117/><U72/><E126/><V13/><F113/><W14/><G75/><T124/><D39/><U63/><E109/><V21/><F35/><W128/><G108/><T78/><D57/><N who="3" m="22121" /><G67/><T46/><D46/><U0/><E63/><V60/><F122/><W2/><G2/><T77/><D16/><U47/><E72/><V26/><F48/><W37/><G37/><T59/><D59/><U116/><E116/><V79/><F54/><W44/><G14/><T36/><D36/><U45/><E0/><V28/><F94/><W111/><G111/><T18/><D18/><U6/><E6/><V134/><F134/><W61/><G61/><T89/><D110/><U135/><E135/><V17/><REACH who="2" step="1"/><F79/><REACH who="2" ten="278,208,221,283" step="2"/><N who="0" m="30218" /><D132/><U119/><E119/><V85/><F85/><W55/><G32/><T98/><D112/><U107/><E47/><V27/><F27/><W23/><G24/><T43/><D43/><U15/><E107/><V76/><F76/><W7/><G41/><T3/><D87/><U83/><E38/><V96/><F96/><N who="3" m="61575" /><G40/><T12/><D98/><N who="1" m="61495" /><E45/><V68/><F68/><W52/><G55/><T5/><D127/><U49/><E49/><V4/><AGARI ba="0,1" hai="4,10,13,17,19,21,26,28,60,64,70,91,95,97" machi="4" ten="20,5200,0" yaku="1,1,0,1,7,1,53,1" doraHai="102" doraHaiUra="93" who="2" fromWho="2" sc="278,-13,208,-13,221,62,283,-26" /><INIT seed="4,0,0,1,0,52" ten="265,195,283,257" oya="0" hai0="122,68,135,132,100,99,2,98,40,113,27,76,92" hai1="43,87,104,133,127,82,7,96,86,107,124,125,134" hai2="37,90,20,91,85,69,1,126,50,119,109,38,114" hai3="11,84,129,25,10,128,47,83,77,55,106,54,75"/><T102/><D2/><U66/><E7/><V28/><F109/><W93/><G106/><N who="1" m="40490" /><E43/><V64/><F1/><W51/><G25/><T30/><D68/><U56/><E66/><V71/><F50/><W95/><G75/><T70/><D70/><U108/><E56/><V17/><F64/><W9/><REACH who="3" step="1"/><G54/><REACH who="3" ten="265,195,283,247" step="2"/><T74/><D27/><U53/><E53/><V60/><F28/><W58/><G58/><T73/><D30/><U32/><E32/><V23/><F71/><W44/><G44/><T94/><D40/><U63/><E63/><V117/><F60/><W6/><G6/><T31/><D31/><U3/><E3/><V111/><F69/><W103/><G103/><T105/><D105/><U62/><E62/><V72/><F17/><W101/><G101/><T14/><D14/><U89/><E108/><V24/><F111/><W12/><G12/><T78/><D122/><U29/><E29/><V22/><F24/><W0/><G0/><T118/><D118/><U49/><E49/><V59/><F119/><W80/><G80/><T97/><D102/><U61/><E61/><V15/><F117/><W110/><G110/><T121/><D100/><U16/><E16/><V18/><F18/><W5/><G5/><T8/><D121/><U33/><E33/><V123/><F15/><W131/><AGARI ba="0,1" hai="9,10,11,47,51,55,77,83,84,93,95,128,129,131" machi="131" ten="40,5200,0" yaku="1,1,0,1,19,1,53,0" doraHai="52" doraHaiUra="112" who="3" fromWho="3" sc="265,-26,195,-13,283,-13,247,62" owari="239,-16.1,182,-31.8,270,7.0,309,40.9" /></mjloggm>