<mjloggm ver="2.3"><GO type="225" lobby="0"/><UN n0="%E4%BA%95%E5%B8%AF" n1="%E7%B4%94%E6%BD%94%E3%83%94%E3%83%A9%E3%83%8B%E3%82%A2" n2="%E3%83%99%E3%83%AB%E3%83%A2%E3%83%83%E3%83%88" n3="%72%65%6E%6B%75%6E" dan="16,16,16,17" rate="2050.01,2130.87,2086.16,2226.24" sx="M,M,M,M"/><TAIKYOKU oya="0"/><INIT seed="0,0,0,4,2,13" ten="250,250,250,250" oya="0" hai0="74,29,59,15,68,60,53,17,85,106,77,5,97" hai1="83,75,108,122,62,88,92,19,34,84,52,65,72" hai2="114,127,26,43,37,104,40,113,128,56,79,50,116" hai3="49,22,48,28,135,47,35,64,73,69,95,27,61"/><T4/><D74/><U100/><E122/><V63/><F104/><W110/><G110/><T42/><D29/><U31/><E108/><V105/><F105/><W78/><G135/><T86/><D68/><U109/><E109/><V112/><F79/><W87/><G73/><T25/><D25/><U67/><E72/><V71/><F26/><W94/><G35/><T10/><D42/><U7/><E7/><V133/><F133/><W11/><G11/><T6/><REACH who="0" step="1"/><D77/><REACH who="0" ten="240,250,250,250" step="2"/><U96/><E75/><V9/><F71/><W1/><G27/><T14/><D14/><U119/><E119/><V46/><F43/><W3/><G28/><T76/><D76/><U45/><E31/><V70/><F70/><W99/><G78/><T123/><D123/><U98/><E34/><V58/><F116/><W12/><G12/><T36/><D36/><U21/><E96/><V20/><F37/><W90/><G1/><T33/><D33/><U132/><E132/><V55/><F114/><W111/><G3/><T93/><D93/><U39/><E39/><V2/><F40/><W107/><G107/><T51/><D51/><N who="1" m="28783" /><E62/><V8/><F63/><W32/><G32/><T129/><D129/><U120/><E120/><V125/><F128/><W103/><G111/><T38/><D38/><U118/><E118/><V24/><F2/><W130/><G130/><T121/><D121/><U126/><E126/><N who="2" m="48139" /><F112/><W18/><G47/><T80/><D80/><U81/><E83/><V102/><F113/><W117/><G117/><T101/><AGARI ba="0,1" hai="4,5,6,10,15,17,53,59,60,85,86,97,101,106" machi="101" ten="30,12000,1" yaku="1,1,0,1,52,1,53,2" doraHai="13" doraHaiUra="82" who="0" fromWho="0" sc="240,130,250,-40,250,-40,250,-40" /><INIT seed="0,1,0,1,3,123" ten="370,210,210,210" oya="0" hai0="94,76,36,1,109,34,52,85,104,105,50,116,106" hai1="117,11,27,132,62,121,102,129,108,77,96,45,43" hai2="99,130,79,135,66,35,58,112,55,13,98,19,110" hai3="33,93,65,4,48,46,68,122,61,113,92,49,118"/><T47/><D116/><U78/><E121/><V83/><F35/><W22/><G33/><T25/><D1/><U81/><E117/><V84/><F112/><W103/><G113/><T16/><D36/><U80/><E129/><V126/><F130/><W41/><G118/><T119/><D119/><U73/><E132/><V56/><F126/><W51/><G122/><T134/><D134/><U28/><E62/><N who="2" m="38215" /><F135/><W69/><G69/><T2/><D2/><U12/><E108/><V120/><F120/><W37/><G4/><T101/><D109/><U54/><E54/><V71/><F71/><W131/><G131/><T6/><D6/><U91/><E91/><V23/><F110/><W10/><G10/><T30/><D16/><U26/><E28/><V124/><F124/><W21/><G103/><T115/><D115/><U7/><E96/><V38/><F38/><W32/><G32/><T31/><D31/><U128/><E102/><V100/><F100/><W70/><REACH who="3" step="1"/><G68/><REACH who="3" ten="370,210,210,200" step="2"/><T8/><D8/><U90/><E128/><V42/><F42/><W87/><G87/><T74/><D85/><U95/><E43/><V9/><F9/><W20/><AGARI ba="1,1" hai="20,21,22,37,41,46,48,49,51,61,65,70,92,93" machi="20" ten="30,2000,0" yaku="1,1,0,1,53,0" doraHai="123" doraHaiUra="86" who="3" fromWho="3" sc="370,-11,210,-6,210,-6,200,33" /><INIT seed="1,0,0,0,1,48" ten="359,204,204,233" oya="1" hai0="43,24,62,118,112,132,8,34,6,63,13,91,61" hai1="14,123,65,32,86,82,17,115,25,74,83,4,2" hai2="7,59,85,100,69,113,88,98,68,106,67,56,9" hai3="22,41,20,10,127,77,133,0,21,33,11,104,92"/><U3/><E115/><V93/><F113/><W96/><G33/><T75/><D118/><U45/><E123/><V128/><F128/><W58/><G127/><T95/><D112/><U52/><E65/><V64/><F69/><W31/><G133/><T119/><D119/><U76/><E4/><V130/><F130/><W42/><G104/><T72/><D43/><N who="3" m="16393" /><G77/><T23/><D34/><U120/><E120/><V49/><F68/><W125/><G0/><T70/><D70/><U66/><E66/><V46/><F67/><W94/><G125/><T53/><D53/><U50/><E25/><V78/><F78/><W103/><G31/><T38/><D38/><U40/><E32/><V134/><F134/><W129/><G129/><T131/><D131/><U47/><E47/><V19/><F19/><W87/><G58/><T111/><D111/><U101/><E101/><V84/><F64/><W107/><G107/><T110/><D110/><U60/><E60/><V122/><F122/><W1/><G1/><T27/><D132/><U124/><E40/><N who="2" m="24775" /><F106/><W99/><G87/><N who="2" m="33353" /><F100/><AGARI ba="0,0" hai="10,11,20,21,22,92,94,96,99,100,103" m="16393" machi="100" ten="30,1000,0" yaku="8,1" doraHai="48" who="3" fromWho="2" sc="359,0,204,0,204,-10,233,10" /><INIT seed="2,0,0,3,3,5" ten="359,204,194,243" oya="2" hai0="134,39,115,93,8,61,12,37,42,110,65,26,82" hai1="45,121,89,91,85,129,100,99,133,78,31,11,92" hai2="2,9,21,102,23,59,19,75,33,107,79,48,50" hai3="128,76,69,24,112,14,35,117,55,13,114,81,30"/><V73/><F33/><W111/><G117/><T36/><D115/><N who="3" m="44073" /><G111/><T57/><D110/><U43/><E121/><V44/><F59/><W7/><G128/><T52/><D134/><U54/><E129/><V96/><F79/><W98/><G69/><T51/><D82/><U83/><E133/><V62/><F62/><W77/><G7/><T116/><D116/><U25/><E54/><V122/><F122/><W18/><G13/><T16/><D26/><U0/><E0/><V49/><F23/><N who="3" m="11735" /><G81/><T10/><D93/><U88/><E11/><V127/><F127/><W132/><G132/><T67/><REACH who="0" step="1"/><D8/><REACH who="0" ten="349,204,194,243" step="2"/><U40/><REACH who="1" step="1"/><E45/><AGARI ba="0,1" hai="10,12,16,36,37,39,42,45,51,52,57,61,65,67" machi="45" ten="40,8000,1" yaku="1,1,2,1,52,1,54,2,53,0" doraHai="5" doraHaiUra="80" who="0" fromWho="1" sc="349,90,204,-80,194,0,243,0" /><INIT seed="3,0,0,2,3,32" ten="439,124,194,243" oya="3" hai0="40,104,39,70,56,117,41,96,123,18,14,6,9" hai1="44,1,129,106,37,90,17,64,112,82,48,68,27" hai2="43,93,47,101,80,60,4,107,78,59,19,23,22" hai3="87,52,42,74,16,88,2,35,85,126,120,33,127"/><W81/><G2/><T84/><D70/><U10/><E112/><V132/><F107/><W115/><G115/><T125/><D123/><U134/><E129/><V21/><F132/><W38/><G120/><T100/><D117/><U71/><E134/><V110/><F110/><W13/><G74/><T79/><D125/><N who="3" m="47625" /><G38/><T89/><D79/><U111/><E106/><V86/><F93/><N who="3" m="54431" /><G42/><T30/><D30/><U122/><E111/><V75/><F101/><W5/><G5/><T31/><D31/><U131/><E37/><V105/><F105/><W77/><G52/><T91/><D39/><U57/><E64/><V121/><F4/><W11/><AGARI ba="0,0" hai="11,13,16,33,35,77,81,85" m="54431,47625" machi="11" ten="30,6000,0" yaku="18,1,54,2" doraHai="32" who="3" fromWho="3" sc="439,-20,124,-20,194,-20,243,60" /><INIT seed="3,1,0,0,3,134" ten="419,104,174,303" oya="3" hai0="58,119,69,105,91,88,18,92,75,99,102,9,40" hai1="90,68,130,20,1,19,82,94,37,121,24,46,73" hai2="131,85,87,45,128,97,120,42,27,7,28,98,50" hai3="52,95,115,106,117,66,34,62,107,63,43,3,23"/><W89/><G115/><T60/><D119/><U133/><E68/><V8/><F120/><W93/><G34/><T17/><D69/><U36/><E121/><V64/><F64/><W84/><G3/><T81/><D40/><U16/><E1/><V25/><F98/><W122/><G122/><T71/><D71/><U129/><E133/><V53/><F97/><W135/><G43/><T48/><D48/><U67/><E67/><V110/><F110/><W77/><G77/><N who="0" m="44223" /><D91/><U41/><E37/><V116/><F42/><W125/><G135/><T113/><D9/><U13/><E73/><V104/><F104/><W31/><G117/><T109/><D109/><U2/><E82/><V35/><F27/><W112/><G93/><T6/><D6/><U114/><E2/><N who="2" m="119" /><F116/><W65/><G112/><T29/><D29/><U57/><E57/><V22/><F35/><W118/><G118/><T103/><D103/><U126/><E114/><V101/><F101/><W12/><G65/><N who="0" m="39063" /><D113/><U15/><E126/><V78/><F78/><W124/><G52/><T79/><D79/><U47/><E47/><V70/><F70/><N who="3" m="42327" /><G63/><T76/><D76/><U4/><E4/><V51/><F51/><W11/><G11/><T38/><D38/><U100/><E100/><V21/><F21/><W54/><G54/><T33/><D33/><U10/><REACH who="1" step="1"/><E15/><REACH who="1" ten="419,94,174,303" step="2"/><V55/><F45/><W26/><G12/><T132/><D132/><U59/><E59/><V72/><F72/><W30/><G30/><T74/><D74/><U0/><E0/><V14/><F14/><W108/><G108/><T44/><D44/><RYUUKYOKU ba="1,1" sc="419,10,94,10,174,-30,303,10" hai0="17,18,88,92,99,102,105" hai1="10,13,16,19,20,24,36,41,46,90,94,129,130" hai3="23,26,31,84,89,95,106,107,124,125" /><INIT seed="3,2,1,4,3,57" ten="429,104,144,313" oya="3" hai0="25,62,107,76,100,55,70,41,4,135,2,56,27" hai1="68,19,17,87,14,48,82,66,26,16,130,113,94" hai2="121,99,118,51,0,8,108,127,7,63,59,58,9" hai3="53,132,21,84,80,134,22,49,91,75,39,23,71"/><W3/><G39/><T43/><D135/><N who="3" m="51753" /><G3/><T102/><D2/><U120/><E113/><V30/><F118/><W90/><G75/><T44/><D70/><U32/><E120/><V110/><F127/><W69/><G91/><T42/><D107/><U103/><E130/><V31/><F121/><W36/><G36/><T34/><D4/><U88/><E68/><V115/><F9/><W40/><G40/><N who="0" m="15467" /><D34/><U15/><E66/><V33/><F33/><W109/><G109/><N who="2" m="42089" /><F99/><W20/><N who="3" m="5120" /><DORA hai="125" /><W46/><AGARI ba="2,1" hai="46,49,53,69,71,80,84,90" m="5120,51753" machi="46" ten="50,4800,0" yaku="4,1,20,1" doraHai="57,125" who="3" fromWho="3" sc="429,-18,104,-18,144,-18,313,64" /><INIT seed="3,3,0,4,0,54" ten="411,86,126,377" oya="3" hai0="119,108,90,9,27,1,126,87,52,44,31,29,72" hai1="134,89,18,77,131,50,114,14,78,19,35,28,98" hai2="65,123,132,7,100,93,70,128,130,51,45,16,112" hai3="75,102,124,6,113,61,8,2,60,116,11,121,25"/><W40/><G113/><T67/><D119/><U13/><E114/><V85/><F112/><W135/><G116/><T5/><D72/><U58/><E131/><N who="2" m="50219" /><F7/><N who="3" m="1143" /><G121/><T76/><D76/><U34/><E134/><V120/><F132/><W33/><G135/><T30/><D67/><U17/><E28/><V80/><F16/><N who="1" m="6249" /><E34/><V117/><F117/><W71/><G40/><T42/><D52/><N who="1" m="32023" /><E35/><V36/><F36/><W41/><G41/><T97/><D97/><U15/><N who="1" m="6257" /><U10/><DORA hai="74" /><E10/><V57/><F70/><W64/><G102/><T101/><D101/><U3/><E3/><V68/><F68/><W55/><G55/><T49/><D42/><U111/><E111/><V84/><F45/><W125/><G61/><T92/><D44/><U103/><E103/><V46/><F46/><W83/><G11/><T127/><D108/><U43/><E43/><V129/><F100/><W59/><G59/><T56/><D56/><U110/><E110/><V66/><F129/><W63/><G63/><T26/><D49/><U48/><E48/><V73/><F51/><W20/><G6/><T12/><D1/><U96/><E96/><V23/><F57/><W122/><G122/><T4/><D4/><U38/><E38/><V88/><F23/><W22/><G33/><T118/><D118/><U0/><E0/><V69/><F69/><W133/><G133/><T105/><D105/><U37/><E37/><V79/><F123/><W81/><G75/><T82/><D5/><U39/><E39/><V62/><F120/><W86/><G71/><T107/><D107/><U21/><E21/><RYUUKYOKU ba="3,0" sc="411,-10,86,30,126,-10,377,-10" hai1="13,14,15,77,78,89,98" owari="401,50.1,116,-28.4,116,-38.4,367,16.7" /></mjloggm>