<mjloggm ver="2.3"><GO type="225" lobby="0"/><UN n0="%E3%82%8C%E3%81%99%E3%81%93" n1="%E6%98%93%E5%88%A9%E8%96%A9%E4%BC%AF" n2="%E3%83%8F%E3%83%B3%E3%83%89%E3%83%A9%E3%83%BC%E3%83%BB%E3%83%AF%E3%83%B3" n3="%E8%A8%88%E7%AE%97%E6%A9%9F%E8%87%AA%E7%84%B6" dan="17,16,17,17" rate="2192.82,2132.36,2186.77,2174.43" sx="F,F,M,M"/><TAIKYOKU oya="0"/><INIT seed="0,0,0,1,5,107" ten="250,250,250,250" oya="0" hai0="23,73,106,121,50,65,40,92,115,15,55,1,128" hai1="43,54,5,85,109,132,126,53,32,12,103,131,36" hai2="93,20,101,74,46,76,7,95,3,123,83,14,112" hai3="38,56,51,52,25,21,86,47,87,78,108,41,57"/><T24/><D115/><U64/><E109/><V113/><F123/><W67/><G108/><T80/><D106/><U16/><E32/><V133/><F133/><W130/><G130/><T120/><D1/><U19/><E126/><V69/><F69/><W71/><G57/><T59/><D128/><U94/><E64/><V116/><F116/><W48/><G51/><T10/><D65/><U61/><E132/><V90/><F3/><W99/><G99/><T11/><D40/><U31/><E31/><V122/><F122/><W100/><G100/><T44/><D59/><U124/><E124/><V63/><F63/><W35/><G78/><T22/><D22/><U58/><E54/><V127/><F127/><W66/><G35/><T129/><D129/><U70/><E70/><V125/><F125/><W119/><G119/><T88/><D73/><U6/><E19/><V49/><F95/><W18/><REACH who="3" step="1"/><G66/><REACH who="3" ten="250,250,250,240" step="2"/><T77/><D121/><U29/><E103/><V13/><F101/><W111/><G111/><T82/><D120/><U39/><E58/><V135/><F135/><W110/><G110/><T89/><D77/><U37/><E131/><V72/><F113/><W105/><G105/><T28/><D89/><U75/><E37/><V30/><F112/><W96/><G96/><N who="0" m="57351" /><D10/><U8/><E39/><V117/><F49/><W4/><G4/><AGARI ba="0,1" hai="4,11,15,23,24,28,44,50,55,80,82" m="57351" machi="4" ten="30,2900,0" yaku="8,1,54,1" doraHai="107" who="0" fromWho="3" sc="250,39,250,0,250,0,240,-29" /><INIT seed="0,1,0,1,1,88" ten="289,250,250,211" oya="0" hai0="52,10,69,16,23,79,29,22,32,61,36,45,102" hai1="44,127,78,33,54,53,21,101,2,92,13,58,46" hai2="40,5,98,19,26,73,66,38,60,100,57,43,4" hai3="30,12,123,130,8,75,121,132,115,28,7,104,48"/><T97/><D79/><U37/><E33/><V3/><F73/><W11/><G104/><N who="0" m="63567" /><D36/><U59/><E2/><V133/><F133/><W118/><G75/><T94/><D94/><U65/><E78/><V107/><F3/><N who="3" m="127" /><G48/><N who="0" m="28687" /><D10/><U70/><E70/><V14/><F26/><W93/><G93/><T49/><D49/><U116/><E65/><V112/><F112/><W51/><G51/><T129/><D16/><N who="1" m="10383" /><E37/><V56/><F56/><N who="1" m="21545" /><E116/><V90/><F38/><W77/><G77/><T82/><D82/><U126/><E54/><V0/><F0/><W6/><G118/><T119/><D119/><U47/><E53/><V62/><F62/><W95/><G115/><T76/><D76/><U83/><E83/><V106/><F106/><W20/><G95/><T71/><D71/><U99/><E47/><V74/><F74/><W80/><G80/><T86/><D86/><U120/><E120/><N who="3" m="46154" /><G132/><T67/><D129/><U9/><E46/><V24/><F107/><W134/><G134/><T81/><D81/><U85/><E44/><V124/><F60/><W87/><G87/><T109/><D109/><U27/><E85/><V42/><F42/><W35/><G130/><T114/><D114/><U31/><E92/><N who="2" m="56599" /><F43/><W15/><G35/><T41/><D41/><U39/><E99/><V110/><F40/><W103/><G103/><T18/><D18/><AGARI ba="1,0" hai="6,11,12,15,18,20,28,30" m="46154,127" machi="18" ten="30,3900,0" yaku="13,1,34,2" doraHai="88" who="3" fromWho="0" sc="289,-42,250,0,250,0,211,42" /><INIT seed="1,0,0,3,5,113" ten="247,250,250,253" oya="1" hai0="67,59,123,82,26,45,91,15,50,8,109,9,103" hai1="58,99,87,102,84,42,101,4,93,74,62,37,120" hai2="121,68,108,78,96,70,118,49,21,46,33,126,83" hai3="112,17,94,24,89,115,44,71,124,1,100,28,56"/><U30/><E120/><V105/><F121/><W110/><G71/><T5/><D123/><U81/><E4/><V65/><F33/><W119/><G1/><T3/><D109/><U92/><E30/><V14/><F108/><W127/><G110/><T97/><D26/><U130/><E130/><V63/><F126/><N who="3" m="48171" /><G100/><T23/><D23/><U7/><E7/><V18/><F70/><W85/><G17/><T122/><D122/><U40/><E74/><V88/><F105/><W54/><G44/><T25/><D25/><U69/><E69/><V27/><F118/><W20/><G119/><T132/><D132/><U51/><E37/><V72/><F27/><W55/><G55/><T114/><D114/><U86/><E81/><V75/><F75/><W12/><G12/><T41/><D67/><N who="1" m="39383" /><E51/><AGARI ba="0,0" hai="20,24,28,51,54,56,85,89,94,112,115" m="48171" machi="51" ten="30,1000,0" yaku="18,1" doraHai="113" who="3" fromWho="1" sc="247,0,250,-10,250,0,253,10" /><INIT seed="2,0,0,3,4,98" ten="247,240,250,263" oya="2" hai0="19,119,82,8,36,31,131,34,27,2,103,108,42" hai1="46,99,6,48,74,78,122,39,44,132,70,25,41" hai2="94,11,97,71,63,30,16,15,69,43,59,105,22" hai3="91,113,3,95,81,125,58,92,130,100,62,54,73"/><V37/><F105/><W20/><G3/><T68/><D68/><U112/><E112/><V118/><F118/><W134/><G113/><T66/><D66/><U12/><E70/><V79/><F79/><W126/><G130/><T4/><D131/><U116/><E116/><V18/><F30/><W33/><G33/><T21/><D119/><U57/><E132/><V23/><F43/><W114/><G114/><T65/><D65/><U133/><E122/><V124/><F37/><W115/><G115/><T135/><D108/><U93/><E133/><V110/><F11/><W53/><G134/><T28/><D135/><U77/><E57/><V13/><F124/><N who="3" m="47723" /><G53/><T1/><D1/><U0/><E25/><V111/><F111/><W83/><G20/><T128/><D128/><U102/><E74/><V80/><F80/><W64/><G54/><T76/><D34/><U9/><REACH who="1" step="1"/><E0/><REACH who="1" ten="247,230,250,263" step="2"/><V129/><F129/><W75/><G73/><T10/><D2/><U26/><E26/><V40/><F110/><W49/><G75/><T127/><D127/><U107/><E107/><V72/><F72/><W47/><G58/><T120/><D120/><U35/><E35/><V123/><F123/><W61/><G62/><T32/><D27/><U5/><E5/><V117/><F117/><W109/><G61/><T84/><D4/><U17/><E17/><V55/><F40/><AGARI ba="0,1" hai="6,9,12,39,40,41,44,46,48,77,78,93,99,102" machi="40" ten="30,7700,0" yaku="1,1,7,1,52,1,53,1" doraHai="98" doraHaiUra="45" who="1" fromWho="2" sc="247,0,230,87,250,-77,263,0" /><INIT seed="3,0,0,3,1,46" ten="247,317,173,263" oya="3" hai0="113,16,22,57,116,10,9,134,84,82,94,129,48" hai1="79,104,60,117,118,38,131,112,11,122,50,41,45" hai2="26,13,58,65,80,110,47,62,59,92,88,74,130" hai3="29,87,3,25,40,21,68,42,105,28,64,90,49"/><W96/><G3/><T30/><D116/><N who="1" m="44651" /><E104/><V95/><F110/><W107/><G28/><T124/><D129/><U4/><E112/><V5/><F130/><W6/><G6/><T132/><D113/><U77/><E131/><V83/><F74/><W109/><G109/><T86/><D30/><U76/><E60/><V81/><F26/><W27/><G27/><T31/><D31/><U85/><E122/><V39/><F39/><W43/><G68/><T37/><D37/><U14/><E50/><V89/><F47/><W119/><G64/><T63/><D124/><U135/><E135/><N who="0" m="51753" /><D48/><U106/><E106/><V24/><F24/><W121/><G121/><T52/><D94/><U34/><E34/><V120/><F120/><W36/><G119/><T115/><D115/><U56/><E56/><V33/><F33/><W15/><G36/><T67/><D67/><U18/><E18/><V97/><F59/><W51/><G107/><T78/><D86/><AGARI ba="0,0" hai="4,11,14,38,41,45,76,77,79,85,86" m="44651" machi="86" ten="30,1000,0" yaku="12,1" doraHai="46" who="1" fromWho="0" sc="247,-10,317,10,173,0,263,0" owari="237,-16.3,327,42.7,173,-32.7,263,6.3" /></mjloggm>