<mjloggm ver="2.3"><GO type="225" lobby="0"/><UN n0="%E3%81%99%E3%81%84%E3%81%BE%E3%81%9B%E3%83%BC%E3%82%93" n1="%E3%81%AF%E3%82%88%E3%81%8A%E3%81%98%E3%81%95%E3%82%93" n2="%E5%A4%8F%E9%88%B4%E9%88%B4%E5%A4%8F" n3="%E5%8F%AF%E5%85%90%E9%82%A3%E7%94%B1%E5%A4%9A" dan="16,17,16,17" rate="2215.19,2189.92,2110.51,2239.45" sx="M,M,M,F"/><TAIKYOKU oya="0"/><INIT seed="0,0,0,2,1,14" ten="250,250,250,250" oya="0" hai0="103,40,50,128,22,44,100,109,135,99,35,132,77" hai1="18,110,84,29,95,104,37,94,105,39,80,23,48" hai2="49,27,51,119,38,65,68,102,64,126,97,31,61" hai3="71,73,42,129,19,133,7,0,112,57,122,67,32"/><T63/><D35/><U81/><E110/><V107/><F126/><W13/><G57/><T134/><D109/><U70/><E70/><V46/><F119/><W47/><G73/><T36/><D128/><U93/><E29/><V8/><F65/><W20/><G112/><T87/><D36/><U117/><E117/><V55/><F8/><W123/><G129/><T33/><D33/><U62/><E62/><V56/><F38/><W1/><G32/><T127/><D127/><U113/><E113/><V101/><F101/><W69/><G133/><T16/><D63/><U106/><E48/><V30/><REACH who="2" step="1"/><F27/><REACH who="2" ten="250,250,240,250" step="2"/><W4/><G67/><T91/><D77/><U86/><E37/><V43/><AGARI ba="0,1" hai="30,31,43,46,49,51,55,56,61,64,68,97,102,107" machi="43" ten="20,5200,0" yaku="1,1,2,1,0,1,7,1,53,0" doraHai="14" doraHaiUra="6" who="2" fromWho="2" sc="250,-26,250,-13,240,62,250,-13" /><INIT seed="1,0,0,1,4,46" ten="224,237,302,237" oya="1" hai0="91,12,90,127,18,119,63,110,25,134,30,66,93" hai1="36,87,135,125,56,33,120,45,16,67,112,0,88" hai2="71,130,26,59,113,39,9,129,108,79,103,106,116" hai3="54,34,85,105,80,57,109,97,31,14,123,23,48"/><U68/><E120/><V21/><F71/><W100/><G123/><T89/><D119/><U75/><E112/><V55/><F116/><W28/><G109/><T53/><D110/><U115/><E115/><V111/><F39/><W8/><G23/><T24/><D127/><U86/><E75/><V40/><F40/><W124/><G34/><T13/><D134/><U121/><E121/><V52/><F113/><W42/><G42/><T101/><D53/><N who="2" m="20554" /><F59/><W29/><G124/><T32/><D25/><U118/><E118/><V122/><F79/><W98/><G105/><T6/><D6/><U60/><E0/><V1/><F122/><W22/><G22/><T51/><D51/><U92/><E33/><V128/><F9/><W117/><G117/><T64/><D64/><U3/><E3/><V7/><F7/><N who="3" m="3359" /><G100/><T20/><D12/><U65/><E135/><V81/><F1/><W94/><G94/><T96/><REACH who="0" step="1"/><D101/><REACH who="0" ten="214,237,302,237" step="2"/><U132/><E125/><V44/><F103/><W83/><G83/><T107/><D107/><U43/><E132/><V19/><F106/><W37/><G37/><T4/><D4/><U41/><E43/><V70/><F81/><W62/><G48/><T126/><D126/><U82/><E67/><V2/><F2/><W27/><G27/><T131/><D131/><U61/><E61/><V104/><F104/><W102/><G102/><T49/><D49/><U35/><E35/><V72/><F108/><W5/><G5/><T77/><D77/><AGARI ba="0,1" hai="28,29,31,54,57,62,77,80,85,97,98" m="3359" machi="77" ten="30,1000,0" yaku="8,1" doraHai="46" who="3" fromWho="0" sc="214,-10,237,0,302,0,237,20" /><INIT seed="2,0,0,3,2,120" ten="204,237,302,257" oya="2" hai0="35,75,124,59,38,91,134,76,37,77,135,9,41" hai1="66,100,42,81,73,44,87,49,128,2,71,7,26" hai2="85,116,58,20,102,51,47,130,89,50,28,17,55" hai3="48,40,31,23,122,8,18,10,61,80,119,68,15"/><V104/><F116/><W118/><G122/><T125/><D35/><U24/><E73/><V88/><F130/><W54/><G40/><T97/><D9/><U0/><E128/><V25/><F104/><W11/><G31/><T99/><D59/><U109/><E109/><V12/><F102/><W69/><G80/><T132/><D91/><U14/><E100/><V131/><F85/><W121/><G121/><T52/><D52/><U113/><E113/><V70/><F70/><W43/><G43/><T110/><D41/><U133/><E133/><V79/><F79/><N who="0" m="30282" /><D75/><U78/><E66/><V95/><F131/><W39/><G39/><N who="0" m="14859" /><D110/><U92/><E71/><V105/><F105/><W57/><G69/><T6/><D6/><U126/><E92/><V1/><F95/><W34/><G34/><T84/><D84/><U67/><E67/><V114/><F114/><W90/><G90/><N who="2" m="34921" /><F1/><W13/><G118/><T3/><D3/><U64/><E0/><V22/><F51/><W19/><G119/><T45/><D45/><AGARI ba="0,0" hai="12,17,20,22,25,28,45,47,50,55,58" m="34921" machi="45" ten="30,2900,0" yaku="8,1,54,1" doraHai="120" who="2" fromWho="0" sc="204,-29,237,0,302,29,257,0" /><INIT seed="2,1,0,3,3,125" ten="175,237,331,257" oya="2" hai0="135,97,83,131,39,22,109,6,40,35,122,108,78" hai1="64,68,113,4,16,120,112,127,47,45,99,21,19" hai2="71,124,30,15,12,61,31,34,132,88,130,57,56" hai3="26,114,44,13,11,62,118,82,66,91,101,29,53"/><V80/><F124/><W93/><G118/><T128/><D35/><U32/><E32/><V111/><F71/><W55/><G114/><T87/><D122/><U59/><E127/><V17/><F132/><W72/><G101/><T89/><D135/><U20/><E68/><V24/><F111/><N who="0" m="42570" /><D6/><U52/><E120/><V133/><F30/><W67/><G72/><T107/><D22/><U33/><E33/><V38/><F38/><W106/><G106/><T90/><D40/><U0/><E0/><V73/><F133/><W70/><G67/><T5/><D5/><U65/><E4/><V98/><F73/><W49/><G82/><T126/><D39/><U37/><E99/><V10/><F98/><W94/><G53/><T69/><D69/><U115/><E37/><V119/><F80/><W60/><G60/><T86/><D126/><U121/><E121/><V18/><F61/><W42/><G42/><T102/><D78/><U36/><E36/><V116/><F34/><W58/><G70/><T27/><D27/><N who="1" m="14727" /><E64/><V123/><F24/><W43/><G66/><T28/><D28/><U103/><E65/><V92/><F31/><W50/><G26/><T96/><D96/><U7/><E7/><V9/><F123/><W77/><G29/><T51/><D51/><N who="1" m="31135" /><E47/><V2/><F2/><W25/><G44/><T104/><D104/><U134/><E45/><V74/><F116/><W41/><G41/><T1/><D1/><U8/><E134/><V100/><F119/><W79/><G43/><T81/><AGARI ba="1,0" hai="81,83,86,87,89,90,97,102,107,128,131" m="42570" machi="81" ten="30,8000,1" yaku="14,1,34,2,52,2" doraHai="125" who="0" fromWho="0" sc="175,83,237,-21,331,-41,257,-21" /><INIT seed="3,0,0,2,3,61" ten="258,216,290,236" oya="3" hai0="67,12,74,119,108,27,132,111,117,91,120,107,102" hai1="64,45,5,93,38,80,113,129,48,54,29,94,130" hai2="40,46,21,57,15,16,122,133,2,79,135,30,51" hai3="41,82,71,92,0,9,89,110,32,118,104,88,58"/><W134/><G118/><T72/><D12/><U31/><E113/><V95/><F122/><W42/><G71/><T106/><D27/><U116/><E116/><N who="0" m="44617" /><D67/><U49/><E38/><V105/><F105/><N who="0" m="39946" /><D120/><U97/><E5/><V56/><F79/><W85/><G104/><T87/><D102/><U101/><E64/><V68/><F68/><W28/><G32/><T81/><D132/><N who="2" m="50762" /><F2/><W63/><G134/><T11/><D11/><U96/><E80/><V22/><F95/><W53/><G28/><T103/><D103/><U77/><E77/><V1/><F1/><W128/><G0/><T98/><D98/><U4/><E4/><V6/><F6/><W126/><G9/><T73/><AGARI ba="0,0" hai="72,73,74,81,87,91,108,111" m="39946,44617" machi="73" ten="40,2700,0" yaku="34,2" doraHai="61" who="0" fromWho="0" sc="258,27,216,-7,290,-7,236,-13" /><INIT seed="4,0,0,5,5,11" ten="285,209,283,223" oya="0" hai0="8,101,55,68,51,0,10,111,119,26,82,62,66" hai1="113,14,23,21,98,40,85,46,108,107,61,39,129" hai2="104,128,53,100,58,89,76,28,132,77,32,4,84" hai3="92,36,49,13,102,47,57,22,3,15,6,45,130"/><T93/><D119/><U30/><E108/><V16/><F128/><W71/><G71/><T126/><D82/><U106/><E129/><V34/><F4/><W18/><G130/><T131/><D131/><U134/><E134/><V2/><F2/><W80/><G3/><T63/><D63/><U59/><E113/><V60/><F132/><W73/><G36/><T110/><D126/><U43/><E40/><V1/><F1/><W52/><G73/><T44/><D26/><U97/><E85/><V95/><F28/><W96/><G80/><T133/><D133/><U78/><E78/><V72/><F72/><W35/><G35/><T115/><D115/><U103/><E30/><V33/><REACH who="2" step="1"/><F16/><REACH who="2" ten="285,209,273,223" step="2"/><N who="3" m="10511" /><G6/><T50/><D0/><U24/><E14/><V88/><F88/><W42/><G42/><T91/><D91/><U56/><E24/><V67/><F67/><W75/><G75/><T114/><D114/><U5/><E5/><V9/><F9/><AGARI ba="0,1" hai="9,15,18,45,47,49,52,57,92,96,102" m="10511" machi="9" ten="30,8000,1" yaku="8,1,52,2,54,2" doraHai="11" who="3" fromWho="2" sc="285,0,209,0,273,-80,223,90" owari="285,8.5,209,-19.1,193,-30.7,313,41.3" /></mjloggm>