<mjloggm ver="2.3"><GO type="225" lobby="0"/><UN n0="%E6%A0%B9%E5%85%83%E3%81%8B%E3%82%89%E5%90%B9%E3%81%A3%E9%A3%9B%E3%81%B6" n1="%E5%8F%AF%E5%85%90%E9%82%A3%E7%94%B1%E5%A4%9A" n2="%E3%83%B4%E3%82%A3%E3%83%AF%E3%82%B3%E3%82%B0%E3%83%8B" n3="%54%4F%52" dan="17,16,16,17" rate="2228.70,2200.19,2168.12,2220.40" sx="F,F,M,M"/><TAIKYOKU oya="0"/><INIT seed="0,0,0,3,3,69" ten="250,250,250,250" oya="0" hai0="10,95,120,37,55,125,34,3,126,121,96,50,128" hai1="68,122,32,21,43,2,79,12,30,54,102,67,61" hai2="22,135,16,123,93,72,77,66,113,129,134,118,48" hai3="51,39,80,8,131,53,109,88,112,18,70,59,41"/><T104/><D34/><U33/><E122/><N who="0" m="47209" /><D3/><U101/><E2/><V64/><F123/><W26/><G112/><T42/><D10/><U6/><E43/><V20/><F113/><W60/><G131/><T1/><D1/><U9/><E79/><V130/><F118/><W15/><G109/><T91/><D104/><U111/><E111/><V86/><F72/><W49/><G26/><T117/><D117/><U100/><REACH who="1" step="1"/><E54/><REACH who="1" ten="250,240,250,250" step="2"/><V36/><F129/><W23/><G41/><T24/><D128/><U19/><E19/><V4/><F130/><W47/><G18/><T81/><D55/><U74/><E74/><V0/><F77/><W114/><G53/><T124/><D42/><U105/><E105/><V35/><F0/><W28/><G114/><T94/><D125/><U62/><E62/><V11/><F16/><W85/><G60/><T13/><D126/><U99/><E99/><V133/><F133/><W38/><G85/><T98/><D96/><U31/><E31/><V40/><F40/><W103/><G28/><T71/><D98/><U76/><E76/><V78/><F78/><W87/><G87/><T132/><D132/><U7/><E7/><V108/><F86/><W106/><G106/><T83/><D124/><U89/><E89/><V115/><F115/><W119/><G88/><T5/><D91/><U97/><E97/><V17/><F108/><W110/><G110/><T92/><D5/><U82/><E82/><V75/><F135/><W116/><G80/><T45/><D83/><U52/><E52/><V57/><F134/><W44/><G119/><T127/><D81/><RYUUKYOKU ba="0,1" sc="250,-10,240,30,250,-10,250,-10" hai1="6,9,12,21,30,32,33,61,67,68,100,101,102" /><INIT seed="1,1,1,3,0,62" ten="240,270,240,240" oya="1" hai0="38,7,80,56,64,104,112,82,41,37,65,57,109" hai1="35,118,110,51,17,69,83,15,30,134,39,54,19" hai2="89,24,45,123,84,49,129,108,1,23,98,117,128" hai3="50,9,11,27,81,122,43,18,121,20,72,135,70"/><U114/><E114/><V133/><F108/><W127/><G70/><T124/><D104/><U86/><E118/><V10/><F117/><W13/><G135/><T130/><D7/><U4/><E39/><N who="0" m="14857" /><D112/><U126/><E69/><V52/><F133/><W73/><G127/><T34/><D34/><U96/><E134/><V88/><F123/><W16/><G9/><T119/><D119/><U71/><E71/><V46/><F46/><W115/><G115/><T22/><D22/><U25/><E126/><V91/><F98/><W40/><G72/><T28/><D28/><U53/><E110/><V60/><F60/><W0/><G0/><T105/><D105/><U6/><E96/><V131/><F10/><W76/><REACH who="3" step="1"/><G50/><REACH who="3" ten="240,270,240,230" step="2"/><T3/><D3/><U21/><E51/><V26/><F1/><W120/><AGARI ba="1,2" hai="11,13,16,18,20,27,40,43,73,76,81,120,121,122" machi="120" ten="30,7900,0" yaku="1,1,2,1,0,1,54,1,53,0" doraHai="62" doraHaiUra="93" who="3" fromWho="3" sc="240,-21,270,-40,240,-21,230,102" /><INIT seed="2,0,0,2,0,98" ten="219,230,219,332" oya="2" hai0="113,84,106,12,117,79,81,59,53,103,39,52,135" hai1="80,108,126,123,30,127,31,46,55,82,54,70,72" hai2="56,27,121,69,124,2,89,120,133,26,62,1,0" hai3="128,21,60,11,40,41,96,95,49,90,18,50,17"/><V107/><F69/><W42/><G128/><T116/><D113/><U4/><E70/><V122/><F133/><W61/><G11/><T88/><D39/><U25/><E108/><V86/><F107/><W33/><G33/><T87/><D135/><U71/><E71/><V77/><F77/><W5/><G5/><T3/><D3/><U34/><E123/><V43/><F43/><W91/><G91/><T23/><D23/><U111/><E111/><V38/><F38/><W115/><G115/><T97/><D12/><U85/><E31/><V9/><F9/><W68/><G18/><T99/><D99/><U35/><E35/><V29/><F124/><N who="1" m="47657" /><E4/><V13/><F13/><N who="3" m="9391" /><G68/><T130/><D130/><U36/><E72/><V100/><F100/><W15/><G15/><T132/><D132/><U44/><E82/><V92/><REACH who="2" step="1"/><F29/><REACH who="2" ten="219,230,209,332" step="2"/><W105/><G105/><T24/><D106/><U66/><E36/><V83/><F83/><W6/><G6/><T65/><D103/><U129/><E129/><V110/><F110/><W75/><G75/><T93/><D81/><U63/><E80/><V114/><F114/><W94/><G94/><T20/><D79/><U73/><E73/><V16/><F16/><W37/><G37/><T64/><D93/><U10/><E10/><V78/><F78/><W76/><G76/><T8/><D8/><U112/><E112/><V48/><F48/><AGARI ba="0,1" hai="40,41,42,48,49,50,60,61,90,95,96" m="9391" machi="48" ten="30,1000,0" yaku="8,1" doraHai="98" who="3" fromWho="2" sc="219,0,230,0,209,-10,332,20" /><INIT seed="3,0,0,1,2,118" ten="219,230,199,352" oya="3" hai0="79,4,63,116,46,87,95,72,20,107,13,133,61" hai1="35,12,9,126,27,71,106,92,32,49,16,81,40" hai2="86,108,41,75,37,0,80,101,57,60,111,65,7" hai3="132,125,123,135,73,39,76,103,26,2,94,45,77"/><W6/><G26/><T122/><D122/><U90/><E106/><V74/><F101/><W18/><G18/><T53/><D116/><U54/><E71/><V14/><F0/><W96/><G45/><T62/><D72/><U28/><E126/><V109/><F37/><W102/><G94/><T114/><D107/><U98/><E40/><V34/><F34/><W66/><G96/><T89/><D133/><U112/><E112/><V99/><F99/><W117/><G66/><T127/><D127/><U30/><E81/><V104/><F41/><W88/><G6/><T22/><D79/><U56/><E30/><V131/><F104/><W124/><G2/><T129/><D129/><U52/><E54/><V48/><F48/><W119/><G39/><T78/><D78/><U3/><E3/><V68/><F68/><W83/><G73/><T21/><D114/><U47/><E47/><V93/><F93/><W100/><G77/><T44/><D53/><U130/><E130/><V128/><F74/><W24/><G76/><T97/><D97/><U84/><E98/><V10/><REACH who="2" step="1"/><F75/><REACH who="2" ten="219,230,189,352" step="2"/><W70/><G70/><T5/><D13/><U43/><E43/><V33/><F33/><AGARI ba="0,1" hai="9,12,16,27,28,32,33,35,49,52,56,84,90,92" machi="33" ten="30,3900,0" yaku="7,1,54,2" doraHai="118" who="1" fromWho="2" sc="219,0,230,49,189,-39,352,0" owari="219,-18.1,279,7.9,150,-35.0,352,45.2" /></mjloggm>