<mjloggm ver="2.3"><GO type="225" lobby="0"/><UN n0="%77%72%77%72%77%72%77%72" n1="%E3%82%B2%E3%82%B9%E8%8C%82%E5%8B%9D" n2="%E3%81%A8%E3%82%93%E3%81%A8%E3%81%93%E3%81%A8%E3%82%93" n3="%E3%81%8B%E3%82%8F%E3%81%A1%E3%82%83%E3%82%93%35%38" dan="16,16,16,17" rate="2096.91,2063.05,2129.11,2143.28" sx="M,F,M,M"/><TAIKYOKU oya="0"/><INIT seed="0,0,0,0,4,16" ten="250,250,250,250" oya="0" hai0="112,32,20,21,94,135,6,19,9,75,81,131,100" hai1="90,97,111,120,11,115,130,86,70,26,73,10,109" hai2="96,85,14,113,114,69,80,40,93,72,45,38,56" hai3="77,17,51,134,105,4,108,63,34,102,107,52,88"/><T117/><D112/><U18/><E120/><V65/><F69/><W13/><G34/><T66/><D117/><U48/><E115/><V133/><F72/><W71/><G77/><T99/><D32/><U92/><E130/><V123/><F123/><W79/><G79/><T2/><D131/><U118/><E118/><V124/><F124/><W74/><G74/><T41/><D135/><U28/><E70/><V5/><F133/><W91/><G134/><T83/><D66/><U110/><E73/><V55/><F65/><W122/><G122/><T60/><D60/><U62/><E62/><V50/><F5/><W23/><G108/><T89/><D75/><U8/><E48/><V121/><F14/><W127/><G127/><T119/><D119/><U42/><E42/><V67/><F67/><W31/><G31/><T47/><D89/><U87/><REACH who="1" step="1"/><E18/><REACH who="1" ten="250,240,250,250" step="2"/><V12/><F121/><W29/><G63/><T35/><D19/><U101/><E101/><V43/><F40/><W82/><G102/><T24/><D41/><U46/><E46/><V7/><F113/><W132/><G71/><T59/><D47/><U125/><E125/><V53/><F114/><W98/><G132/><T61/><D59/><U126/><E126/><V0/><F56/><W64/><G51/><T33/><D61/><U1/><E1/><V36/><F50/><W25/><G17/><T76/><D100/><U128/><E128/><V15/><F0/><W116/><G116/><T44/><D2/><U54/><E54/><V58/><F53/><W106/><G52/><T22/><D44/><U103/><E103/><RYUUKYOKU ba="0,1" sc="250,-10,240,30,250,-10,250,-10" hai1="8,10,11,26,28,86,87,90,92,97,109,110,111" /><INIT seed="1,1,1,5,1,124" ten="240,270,240,240" oya="1" hai0="121,13,17,27,25,87,43,104,2,99,28,134,133" hai1="83,111,6,35,125,73,71,77,34,36,68,127,105" hai2="63,98,82,16,126,93,61,128,40,26,15,116,96" hai3="37,90,106,60,55,30,113,97,92,47,21,84,117"/><U20/><E20/><V58/><F116/><W14/><G113/><T70/><D70/><N who="1" m="26667" /><E6/><V59/><F126/><N who="1" m="48137" /><E36/><V46/><F128/><W75/><G75/><T122/><D2/><U11/><E11/><N who="2" m="6271" /><F26/><W102/><G117/><T101/><D43/><U86/><E105/><V65/><F82/><W79/><G37/><T107/><D87/><U120/><E120/><N who="0" m="46185" /><D104/><U109/><E86/><V72/><F72/><W115/><G115/><T88/><D88/><U9/><E9/><V7/><F7/><W42/><G79/><T1/><D1/><U12/><E12/><V103/><F98/><W76/><G76/><T49/><D49/><U50/><E50/><N who="2" m="26951" /><F63/><W53/><G60/><T48/><D48/><U108/><AGARI ba="1,1" hai="34,35,73,77,83,108,109,111" m="48137,26667" machi="108" ten="40,12000,1" yaku="14,1,10,1,18,1,23,1" doraHai="124" who="1" fromWho="1" sc="240,-41,270,133,240,-41,240,-41" /><INIT seed="1,2,0,4,4,92" ten="199,403,199,199" oya="1" hai0="102,123,98,65,57,58,81,52,86,134,71,33,69" hai1="2,29,107,94,11,70,83,23,129,85,78,72,35" hai2="87,99,36,101,8,132,95,91,21,49,56,90,44" hai3="73,51,32,54,125,66,4,24,96,15,120,64,50"/><U97/><E129/><V133/><F8/><W53/><G73/><T100/><D33/><U41/><E70/><V122/><F122/><W42/><G42/><T13/><D123/><U7/><E35/><V0/><F0/><W82/><G120/><T59/><D134/><N who="2" m="51818" /><F21/><W114/><G114/><T105/><D102/><U39/><E23/><V128/><F128/><W43/><G43/><T119/><D119/><U26/><E26/><V76/><F36/><W16/><G125/><T127/><D127/><U117/><E117/><V80/><F56/><N who="3" m="32823" /><G32/><T79/><D69/><U31/><E85/><V112/><F112/><W74/><G74/><T121/><D121/><U61/><E61/><V19/><F19/><W37/><G37/><T124/><D124/><U68/><E68/><V30/><F30/><W118/><G118/><T10/><D65/><U106/><E29/><V130/><F130/><W135/><G135/><T104/><D104/><U108/><E31/><V62/><F62/><W113/><G113/><T28/><D28/><U88/><E108/><V77/><F101/><W103/><G24/><T14/><D71/><U18/><E18/><V25/><F25/><W12/><G4/><T6/><REACH who="0" step="1"/><D14/><REACH who="0" ten="189,403,199,199" step="2"/><U27/><E27/><V67/><F67/><W9/><G12/><T38/><D38/><U47/><AGARI ba="2,1" hai="2,7,11,39,41,47,72,78,83,88,94,97,106,107" machi="47" ten="30,12000,1" yaku="0,1,25,2,52,1,54,1" doraHai="92" who="1" fromWho="1" sc="189,-42,403,136,199,-42,199,-42" /><INIT seed="1,3,0,3,3,15" ten="147,539,157,157" oya="1" hai0="11,35,97,57,25,52,92,123,111,118,8,126,76" hai1="3,50,101,133,61,72,84,0,59,86,53,42,124" hai2="13,73,32,46,4,41,96,22,43,105,121,54,27" hai3="74,67,83,45,94,5,44,17,69,70,64,127,23"/><U130/><E124/><V104/><F73/><W80/><G5/><T114/><D118/><U55/><E130/><V33/><F121/><W88/><G127/><T128/><D114/><U99/><E133/><V91/><F33/><W107/><G107/><T65/><D126/><U10/><E72/><V77/><F32/><W89/><G74/><T14/><D128/><U34/><E34/><V120/><F77/><W21/><G94/><T19/><D123/><U117/><E117/><V119/><F104/><W90/><G90/><T18/><D111/><U16/><E42/><V37/><F120/><W103/><REACH who="3" step="1"/><G17/><REACH who="3" ten="147,539,157,147" step="2"/><T71/><D76/><U78/><E78/><V9/><F119/><W116/><G116/><T106/><D106/><U100/><E3/><V2/><F2/><W6/><G6/><T82/><D82/><U12/><E0/><V102/><F91/><W48/><G48/><T98/><D92/><N who="1" m="58471" /><E101/><AGARI ba="3,1" hai="21,23,44,45,64,67,69,70,80,83,88,89,101,103" machi="101" ten="25,6400,0" yaku="1,1,22,2,54,1,53,0" doraHai="15" doraHaiUra="68" who="3" fromWho="1" sc="147,0,539,-73,157,0,147,83" /><INIT seed="2,0,0,3,2,37" ten="147,466,157,230" oya="2" hai0="43,125,122,6,52,22,71,58,41,0,2,80,106" hai1="44,7,32,68,19,33,109,133,76,104,99,118,10" hai2="91,127,79,120,20,5,70,31,67,17,115,93,121" hai3="114,102,38,132,110,48,30,50,18,90,42,117,60"/><V53/><F115/><W77/><G117/><T116/><D71/><U45/><E118/><V100/><F127/><W51/><G114/><T81/><D116/><U86/><E68/><V62/><F100/><W39/><G110/><T47/><D122/><U107/><E109/><V11/><F31/><W14/><G132/><T13/><D106/><U129/><E133/><V96/><F79/><W88/><G77/><T85/><D125/><U131/><E19/><V25/><REACH who="2" step="1"/><F53/><REACH who="2" ten="147,466,147,230" step="2"/><W34/><G102/><T35/><D35/><U23/><E33/><V21/><F21/><W24/><G30/><T63/><D22/><U12/><E23/><V134/><F134/><W4/><G34/><T15/><D80/><U55/><E32/><V87/><F87/><W119/><G119/><T72/><D72/><U59/><E86/><V111/><F111/><W97/><G97/><T83/><D83/><U8/><E76/><V9/><F9/><W128/><G90/><T64/><D52/><U54/><E8/><V69/><F69/><W16/><G88/><T73/><D73/><U28/><E28/><V74/><F74/><W56/><G24/><T108/><D108/><U113/><E55/><V29/><F29/><W89/><G89/><T66/><D85/><U61/><E113/><V26/><F26/><W92/><G92/><T135/><D81/><U1/><E107/><V103/><F103/><W123/><G123/><T57/><D135/><U105/><E104/><V65/><F65/><W3/><G128/><T27/><D27/><U36/><E129/><V84/><F84/><W95/><G95/><RYUUKYOKU ba="0,1" sc="147,-10,466,-10,147,30,230,-10" hai2="5,11,17,20,25,62,67,70,91,93,96,120,121" /><INIT seed="2,1,1,5,5,129" ten="137,456,177,220" oya="2" hai0="135,124,14,55,23,38,66,64,41,97,49,113,94" hai1="130,110,58,74,12,28,15,89,116,44,123,34,108" hai2="128,51,98,92,21,13,71,63,33,87,127,78,122" hai3="20,104,29,91,42,19,37,79,32,18,109,100,83"/><V53/><F33/><W121/><G121/><T35/><D113/><U36/><E116/><V105/><F122/><W90/><G32/><T31/><D124/><U84/><E123/><V68/><F105/><W86/><G29/><T103/><D35/><U65/><E130/><V6/><F128/><W46/><G109/><N who="1" m="42090" /><E74/><V125/><F87/><W81/><G18/><N who="0" m="10711" /><D38/><U82/><E28/><V75/><F78/><W0/><G0/><T96/><D135/><U10/><E34/><V114/><F75/><W73/><G100/><T60/><D31/><U133/><E133/><V54/><F114/><W134/><G134/><T9/><D9/><U132/><E132/><V99/><F63/><W59/><G104/><T76/><D76/><U16/><E12/><V5/><F13/><W56/><G90/><T7/><D7/><U101/><E101/><V69/><F21/><W119/><G119/><T77/><D77/><U30/><E30/><V126/><F51/><W95/><G83/><T1/><D1/><U43/><E58/><V24/><F24/><AGARI ba="1,1" hai="19,20,24,37,42,46,56,59,73,79,81,86,91,95" machi="24" ten="30,1000,0" yaku="7,1" doraHai="129" who="3" fromWho="2" sc="137,0,456,0,177,-13,220,23" /><INIT seed="3,0,0,0,3,57" ten="137,456,164,243" oya="3" hai0="77,130,105,81,30,123,106,25,27,60,92,82,95" hai1="73,102,122,23,89,51,127,114,5,134,117,70,135" hai2="98,0,55,47,7,10,84,91,49,118,131,96,64" hai3="58,56,68,54,120,31,53,12,83,93,32,126,21"/><W42/><G120/><T48/><D123/><U11/><E122/><V88/><F118/><W85/><G68/><T52/><D130/><U20/><E114/><V74/><F74/><W125/><G32/><T90/><D106/><U111/><E111/><V109/><F109/><W44/><G93/><T129/><D105/><U100/><E73/><V9/><F131/><W14/><G31/><T67/><D129/><U8/><E127/><V86/><F64/><W94/><G94/><T46/><D77/><U41/><E70/><V15/><F86/><W108/><G108/><T61/><D92/><U4/><E89/><V116/><F116/><W128/><G128/><T115/><D115/><U99/><E117/><V72/><F72/><W119/><G119/><T121/><D121/><U33/><E33/><V35/><F35/><W22/><G44/><T103/><D103/><U133/><E99/><V87/><F84/><W37/><G85/><T29/><D25/><U43/><E133/><V24/><F24/><W107/><G107/><T28/><D27/><U66/><E66/><V97/><REACH who="2" step="1"/><F87/><REACH who="2" ten="137,456,154,243" step="2"/><W80/><G126/><T40/><D40/><U110/><E110/><V16/><AGARI ba="0,1" hai="0,7,9,10,15,16,47,49,55,88,91,96,97,98" machi="16" ten="30,8000,1" yaku="1,1,2,1,0,1,54,2,53,0" doraHai="57" doraHaiUra="18" who="2" fromWho="2" sc="137,-20,456,-20,154,90,243,-40" owari="117,-38.3,436,53.6,244,4.4,203,-19.7" /></mjloggm>