<mjloggm ver="2.3"><GO type="225" lobby="0"/><UN n0="%E3%81%B6%E3%82%8B%E3%82%8B%E3%81%B6%E3%81%B6" n1="%72%69%6F%75%63%68%61%6E" n2="%E8%A8%88%E7%AE%97%E6%A9%9F%E8%87%AA%E7%84%B6" n3="%61%69%73%79%6F" dan="16,17,17,17" rate="2089.00,2276.10,2202.08,2128.98" sx="M,M,M,M"/><TAIKYOKU oya="0"/><INIT seed="0,0,0,3,3,0" ten="250,250,250,250" oya="0" hai0="18,113,67,132,96,134,115,116,59,36,135,52,99" hai1="78,69,53,85,111,64,26,23,44,63,46,76,127" hai2="112,89,120,106,66,28,7,108,12,31,75,15,38" hai3="91,21,68,74,50,79,124,19,60,9,104,45,25"/><T92/><D116/><U86/><E111/><V57/><F120/><W34/><G124/><T133/><D36/><U118/><E127/><V17/><F112/><W49/><G104/><T39/><D39/><U54/><E118/><V126/><F75/><W130/><G130/><T1/><D1/><U98/><E98/><V30/><F106/><W58/><G68/><T77/><D77/><U72/><E72/><V10/><F38/><W47/><G34/><T83/><D83/><U105/><E105/><V131/><F108/><W119/><G119/><T55/><N who="0" m="33792" /><DORA hai="29" /><T123/><D123/><U24/><E23/><N who="2" m="11687" /><F131/><W22/><G22/><T122/><D122/><U3/><E3/><V129/><F129/><W87/><G9/><T41/><D41/><U110/><E110/><V20/><F89/><W114/><G79/><T16/><D67/><U109/><E109/><V51/><F126/><W103/><G103/><N who="0" m="60807" /><D99/><U102/><E102/><V40/><F66/><N who="3" m="39191" /><G114/><N who="0" m="43531" /><D55/><U128/><E128/><V27/><F40/><W11/><G74/><T8/><D8/><U56/><E53/><AGARI ba="0,0" hai="7,10,15,20,27,28,30,31,51,53,57" m="11687" machi="53" ten="30,2000,0" yaku="8,1,52,1" doraHai="0,29" who="2" fromWho="1" sc="250,0,250,-20,250,20,250,0" /><INIT seed="1,0,0,3,4,100" ten="250,230,270,250" oya="1" hai0="121,67,52,130,13,117,20,110,75,14,48,69,23" hai1="102,29,124,49,83,46,66,10,47,118,37,96,106" hai2="131,60,55,70,38,135,94,11,72,105,39,107,80" hai3="73,109,127,51,98,108,45,92,76,128,6,104,27"/><U90/><E118/><V129/><F135/><W123/><G6/><T54/><D117/><U62/><E124/><V56/><F70/><W25/><G123/><T84/><D121/><U103/><E102/><V7/><F94/><W34/><G128/><N who="2" m="49225" /><F72/><W4/><G4/><T85/><D110/><N who="3" m="42601" /><G127/><T35/><D130/><U24/><E37/><N who="2" m="13835" /><F80/><N who="3" m="45071" /><G34/><T44/><D75/><U15/><E49/><V19/><F19/><W61/><G104/><T53/><D35/><N who="1" m="20903" /><E83/><V50/><F60/><W28/><G61/><T3/><D3/><AGARI ba="0,0" hai="3,7,11,50,55,56,105,107" m="13835,49225" machi="3" ten="30,3900,0" yaku="19,1,52,2" doraHai="100" who="2" fromWho="0" sc="250,-39,230,0,270,39,250,0" /><INIT seed="2,0,0,2,0,30" ten="211,230,309,250" oya="2" hai0="84,21,129,32,124,8,1,23,122,40,82,77,108" hai1="25,18,72,37,110,35,104,97,119,78,127,27,69" hai2="33,100,106,15,70,91,58,28,86,107,64,95,17" hai3="6,102,50,38,85,10,49,109,101,90,117,51,111"/><V75/><F75/><W135/><G38/><T5/><D122/><U83/><E110/><N who="3" m="41994" /><G135/><T9/><D108/><U73/><E127/><V41/><F41/><W20/><G20/><T66/><D124/><U131/><E131/><V24/><F70/><W105/><G105/><T118/><D129/><U79/><E119/><V53/><F64/><W45/><G45/><T88/><D118/><U4/><E37/><V113/><F100/><W92/><G117/><T36/><D32/><U87/><E69/><V46/><F46/><W16/><G16/><T29/><D29/><U98/><E4/><V65/><F65/><W116/><G116/><T2/><D66/><U96/><E104/><V74/><F74/><W19/><G19/><T133/><D133/><U99/><N who="1" m="24576" /><DORA hai="11" /><U80/><E35/><V0/><F0/><AGARI ba="0,0" hai="0,6,10,49,50,51,85,90,92,101,102" m="41994" machi="0" ten="30,1000,0" yaku="14,1" doraHai="30,11" who="3" fromWho="2" sc="211,0,230,0,309,-10,250,10" /><INIT seed="3,0,0,3,5,108" ten="211,230,299,260" oya="3" hai0="92,103,28,13,12,17,14,49,116,11,125,66,94" hai1="93,57,122,95,1,45,126,27,117,39,81,52,64" hai2="36,91,33,71,133,120,90,79,8,102,100,123,50" hai3="34,51,118,25,7,77,44,104,130,30,29,106,62"/><W23/><G118/><T96/><D116/><U59/><E117/><V53/><F36/><W80/><G130/><T37/><D37/><U43/><E122/><N who="2" m="46635" /><F33/><W129/><G129/><T98/><D125/><U82/><E126/><V9/><F71/><W19/><G62/><T40/><D28/><U85/><E1/><V110/><F79/><W76/><G77/><T70/><D70/><U73/><E73/><V86/><F133/><W124/><G7/><T134/><D134/><U38/><E38/><V131/><F90/><W115/><G115/><T15/><D66/><U60/><E27/><V10/><F110/><W41/><G30/><T47/><REACH who="0" step="1"/><D12/><REACH who="0" ten="201,230,299,260" step="2"/><U105/><E105/><V58/><F131/><W18/><G124/><T87/><D87/><U31/><E31/><V3/><F3/><W132/><G132/><T119/><D119/><U107/><E107/><V48/><F50/><W89/><G106/><T121/><D121/><U20/><E85/><V109/><F109/><W2/><G104/><T65/><D65/><U63/><REACH who="1" step="1"/><E20/><REACH who="1" ten="201,220,299,260" step="2"/><V83/><AGARI ba="0,2" hai="8,9,10,48,53,58,83,86,91,100,102" m="46635" machi="83" ten="30,1100,0" yaku="13,1" doraHai="108" who="2" fromWho="2" sc="201,-3,220,-3,299,31,260,-5" owari="198,-30.2,217,-18.3,330,43.0,255,5.5" /></mjloggm>