<mjloggm ver="2.3"><GO type="225" lobby="0"/><UN n0="%E6%B4%BE%E9%81%A3%E3%81%AE%E3%82%B8%E3%83%A3%E3%83%83%E3%82%AF" n1="%E5%8F%AF%E5%85%90%E9%82%A3%E7%94%B1%E5%A4%9A" n2="%E5%B0%8F%E9%B3%A5%E9%81%8A%E7%B7%B4%E7%84%A1%32%31%E6%AD%B3" n3="%E6%B8%A9%E2%98%85%E6%83%85%E2%98%85%E6%8E%AA%E2%98%85%E7%BD%AE" dan="17,16,16,16" rate="2228.24,2193.59,2188.61,2173.05" sx="M,F,F,M"/><TAIKYOKU oya="0"/><INIT seed="0,0,0,3,3,127" ten="250,250,250,250" oya="0" hai0="125,83,55,73,121,92,71,89,70,67,93,74,37" hai1="129,22,134,128,58,80,100,54,16,75,77,82,15" hai2="52,60,66,124,110,116,1,135,109,48,115,62,33" hai3="64,43,76,23,112,2,96,95,45,91,18,8,78"/><T79/><D37/><U5/><E134/><V118/><F1/><W59/><G112/><T56/><D121/><U44/><E100/><V50/><F33/><W49/><G2/><T99/><D125/><U17/><E5/><V81/><F124/><W20/><G8/><T13/><D74/><U47/><E82/><V7/><F7/><W10/><G10/><T0/><D0/><U90/><E90/><V69/><F81/><W87/><G96/><T97/><D67/><U130/><E17/><V131/><F115/><W31/><G31/><T104/><D13/><U4/><E4/><V26/><F26/><W40/><G40/><T68/><D104/><U29/><E29/><V132/><F131/><W38/><G38/><T25/><D25/><U117/><E117/><N who="2" m="45163" /><F62/><AGARI ba="0,0" hai="15,16,22,44,47,54,58,62,75,77,80,128,129,130" machi="62" ten="40,8000,1" yaku="19,1,52,3,54,1" doraHai="127" who="1" fromWho="2" sc="250,0,250,80,250,-80,250,0" /><INIT seed="1,0,0,3,2,101" ten="250,330,170,250" oya="1" hai0="82,73,60,22,43,131,107,50,53,122,120,69,63" hai1="30,84,46,21,87,81,6,59,79,125,85,111,70" hai2="113,88,12,19,80,83,41,121,71,35,115,7,26" hai3="135,129,77,49,4,118,48,128,55,13,130,114,51"/><U61/><E125/><V109/><F109/><W105/><G114/><N who="2" m="43529" /><F71/><W72/><G135/><T89/><D131/><U91/><E111/><V36/><F7/><W98/><G118/><T17/><D43/><U28/><E70/><V24/><F121/><N who="0" m="46698" /><D69/><U94/><E6/><V14/><F35/><W134/><G134/><T76/><D89/><U10/><E10/><V102/><F102/><N who="3" m="62679" /><G13/><N who="2" m="5225" /><F19/><W90/><G90/><T116/><D116/><U96/><E46/><N who="2" m="23847" /><F80/><N who="3" m="45095" /><G4/><T23/><D17/><U92/><E21/><N who="0" m="7689" /><D107/><U123/><E123/><V68/><F68/><W29/><G29/><N who="1" m="11370" /><E94/><V86/><AGARI ba="0,0" hai="24,26,83,86,88" m="23847,5225,43529" machi="86" ten="30,2000,0" yaku="11,1,54,1" doraHai="101" who="2" fromWho="2" sc="250,-5,330,-10,170,20,250,-5" /><INIT seed="2,0,0,5,5,41" ten="245,320,190,245" oya="2" hai0="46,107,133,86,7,66,8,57,84,111,74,20,76" hai1="109,44,135,90,130,96,100,118,123,12,113,103,128" hai2="6,49,37,87,65,101,53,120,29,122,119,117,116" hai3="4,9,10,82,27,58,73,104,72,70,108,15,75"/><V61/><F37/><W30/><G70/><T19/><D107/><U17/><E113/><V23/><F101/><W129/><G108/><T55/><D111/><U62/><E109/><V93/><F6/><W13/><G129/><N who="1" m="49770" /><E118/><V94/><F87/><W47/><G104/><T80/><D133/><U131/><E131/><V79/><F79/><W34/><G58/><T1/><D66/><U5/><E135/><V54/><F23/><W52/><G82/><T14/><D46/><U112/><E112/><V32/><F29/><W35/><G35/><T110/><D110/><U22/><E123/><N who="2" m="47147" /><F32/><W77/><G77/><T121/><D121/><U45/><E5/><V48/><F93/><W91/><G91/><T127/><D127/><U85/><E62/><AGARI ba="0,0" hai="1,7,8,14,19,20,55,57,62,74,76,80,84,86" machi="62" ten="30,1000,0" yaku="7,1" doraHai="41" who="0" fromWho="1" sc="245,10,320,-10,190,0,245,0" /><INIT seed="3,0,0,0,5,58" ten="255,310,190,245" oya="3" hai0="118,120,5,104,4,52,38,68,35,39,124,106,32" hai1="110,41,21,64,75,111,66,88,101,22,15,122,107" hai2="50,130,108,1,17,9,90,82,127,19,54,72,119" hai3="61,25,93,79,100,74,69,28,84,95,51,0,6"/><W128/><G128/><T135/><D120/><U77/><E122/><V78/><F119/><W48/><G74/><T60/><D118/><U121/><E121/><V29/><F108/><N who="1" m="41513" /><E88/><V8/><F127/><W43/><G6/><T26/><D26/><U76/><E41/><V65/><F29/><W123/><G0/><T85/><D85/><U91/><E91/><V80/><F130/><W129/><G129/><T89/><D135/><U71/><E71/><V81/><F65/><N who="1" m="25193" /><E75/><V67/><F67/><W30/><G69/><T83/><D89/><U13/><E107/><V45/><F90/><W33/><G30/><T57/><D104/><U7/><E101/><V126/><F126/><W3/><G3/><T34/><D106/><U44/><E44/><V112/><F112/><W31/><G51/><T116/><D124/><U18/><E22/><V23/><F1/><W49/><G25/><T70/><D116/><U53/><E53/><V55/><F54/><W24/><G33/><T132/><D68/><U14/><E7/><V11/><REACH who="2" step="1"/><F17/><REACH who="2" ten="255,310,180,245" step="2"/><W73/><G31/><T20/><D70/><U59/><E59/><V105/><F105/><W36/><G28/><T117/><D117/><U86/><E76/><V115/><F115/><W99/><G79/><T125/><D125/><U102/><E102/><V103/><F103/><W27/><G100/><T98/><D57/><U47/><E47/><V131/><F131/><W87/><G123/><T133/><D52/><U10/><E77/><V46/><F46/><W12/><G43/><T113/><D113/><U109/><N who="1" m="41521" /><U56/><DORA hai="2" /><E56/><RYUUKYOKU ba="0,1" sc="255,-10,310,-10,180,30,245,-10" hai2="8,9,11,19,23,45,50,55,72,78,80,81,82" owari="245,4.5,310,41.0,210,-29.0,235,-16.5" /></mjloggm>