<mjloggm ver="2.3"><GO type="225" lobby="0"/><UN n0="%4B%2E%32%2E%4B%2E" n1="%68%69%68%69%68%69%6A%69" n2="%6D%75%75%6D%75%72%61" n3="%E3%82%BC%E3%83%AB%E3%83%80%E3%81%AE%E4%BC%9D%E8%AA%AC" dan="17,17,17,17" rate="2180.13,2246.87,2170.86,2149.78" sx="M,M,F,M"/><TAIKYOKU oya="0"/><INIT seed="0,0,0,3,0,31" ten="250,250,250,250" oya="0" hai0="15,75,114,52,38,95,83,53,17,115,131,58,23" hai1="127,135,71,105,86,98,61,102,45,42,33,37,79" hai2="3,128,27,93,80,97,57,78,59,130,51,126,0" hai3="8,74,89,103,65,76,110,13,117,10,62,48,125"/><T35/><D38/><U94/><E127/><V5/><F126/><W99/><G110/><T9/><D131/><N who="2" m="50218" /><F27/><W124/><G117/><T26/><D35/><U73/><E135/><V109/><F109/><W60/><G89/><T116/><D116/><U129/><E129/><V72/><F5/><W30/><G48/><T113/><D95/><U104/><E73/><V25/><F25/><W14/><G30/><T2/><D2/><N who="2" m="554" /><F51/><W32/><G99/><T133/><D58/><U118/><E118/><V21/><F21/><W36/><G36/><T34/><D34/><U120/><E33/><V1/><N who="2" m="562" /><V39/><DORA hai="87" /><F39/><W7/><G32/><T77/><REACH who="0" step="1"/><D133/><REACH who="0" ten="240,250,250,250" step="2"/><U55/><E37/><V68/><F68/><W19/><G124/><T29/><AGARI ba="0,1" hai="9,15,17,23,26,29,52,53,75,77,83,113,114,115" machi="29" ten="30,11700,0" yaku="1,1,2,1,0,1,54,1,53,0" doraHai="31,87" doraHaiUra="132,91" who="0" fromWho="0" sc="240,127,250,-39,250,-39,250,-39" /><INIT seed="0,1,0,1,1,12" ten="367,211,211,211" oya="0" hai0="40,99,117,0,65,135,125,126,31,59,17,91,103" hai1="70,2,45,29,128,106,22,57,121,13,124,32,75" hai2="104,20,62,51,79,54,60,114,86,87,34,113,130" hai3="118,129,14,21,46,63,81,26,64,44,9,66,33"/><T78/><D117/><U69/><E121/><V11/><F34/><W52/><G129/><T47/><D0/><U72/><E2/><V88/><F130/><W89/><G33/><T112/><D112/><U48/><E128/><V119/><F104/><W50/><G118/><T131/><D131/><U18/><E106/><V5/><F119/><W23/><G46/><T56/><D31/><U100/><E100/><V76/><F20/><N who="3" m="7755" /><G26/><T101/><D135/><U55/><E124/><V122/><F122/><W94/><G63/><T90/><D78/><U84/><E84/><V3/><F113/><W83/><G83/><T68/><D68/><U85/><E85/><V93/><F114/><W98/><G81/><T80/><D80/><U6/><E6/><AGARI ba="1,0" hai="6,9,14,44,50,52,64,66,89,94,98" m="7755" machi="6" ten="30,2000,0" yaku="8,1,54,1" doraHai="12" who="3" fromWho="1" sc="367,0,211,-23,211,0,211,23" /><INIT seed="1,0,0,2,2,103" ten="367,188,211,234" oya="1" hai0="28,3,120,64,42,17,54,16,51,116,78,134,109" hai1="102,56,9,4,2,46,87,95,89,36,15,27,57" hai2="69,7,80,111,59,128,115,49,91,50,66,77,126" hai3="104,76,33,55,135,47,31,65,68,83,96,93,97"/><U20/><E2/><V35/><F35/><W11/><G135/><T74/><D116/><U38/><E102/><V22/><F111/><W71/><G65/><T63/><D109/><U53/><E46/><V40/><F69/><W8/><G33/><T88/><D3/><U106/><E106/><V23/><F128/><W101/><G31/><T61/><D42/><U82/><E57/><V79/><F126/><W119/><G119/><T29/><D78/><U127/><E127/><V113/><F7/><W44/><G71/><T118/><D74/><U1/><E1/><V62/><F91/><W19/><G68/><T43/><D43/><U48/><REACH who="1" step="1"/><E82/><REACH who="1" ten="367,178,211,234" step="2"/><V41/><F80/><W14/><G47/><T18/><D118/><U60/><E60/><V26/><F62/><W100/><G44/><T114/><D63/><U75/><E75/><V73/><F59/><W13/><G55/><T112/><D61/><U86/><E86/><V24/><F73/><W124/><G124/><T37/><D54/><U12/><E12/><V122/><F66/><W107/><G93/><T67/><D67/><U45/><E45/><V6/><F122/><W25/><G25/><T94/><D64/><U131/><E131/><V90/><F90/><W0/><G0/><T125/><D88/><U10/><E10/><V133/><F133/><W58/><G58/><T108/><D134/><U132/><E132/><V39/><F39/><W5/><G83/><T30/><D37/><U129/><E129/><V21/><F23/><W70/><G70/><T98/><D125/><U105/><E105/><V84/><F84/><RYUUKYOKU ba="0,1" sc="367,-30,178,10,211,10,234,10" hai1="4,9,15,20,27,36,38,48,53,56,87,89,95" hai2="6,21,22,24,26,40,41,49,50,77,79,113,115" hai3="5,8,11,13,14,19,76,96,97,100,101,104,107" /><INIT seed="1,1,1,0,4,130" ten="337,188,221,244" oya="1" hai0="50,49,69,51,37,98,118,111,67,10,24,27,29" hai1="93,102,129,42,79,54,12,133,22,116,107,109,9" hai2="0,83,72,48,11,74,99,58,110,60,75,2,131" hai3="128,70,115,132,65,64,89,86,45,106,19,90,82"/><U21/><E116/><V16/><F131/><W53/><G115/><T112/><D37/><U94/><E129/><V44/><F110/><W92/><G128/><T68/><D112/><U18/><E109/><V1/><F83/><W127/><G106/><T80/><D118/><U97/><E42/><V34/><F34/><W87/><G127/><T135/><D111/><U126/><E126/><V117/><F117/><W78/><G132/><T14/><D135/><U63/><E133/><V77/><F77/><W35/><G35/><T30/><D80/><U4/><E79/><V96/><F11/><W15/><G70/><T46/><D46/><U17/><E63/><V43/><REACH who="2" step="1"/><F16/><REACH who="2" ten="337,188,211,244" step="2"/><W85/><G78/><T84/><D10/><U5/><E5/><V47/><F47/><W59/><G45/><T6/><D24/><U100/><E18/><V108/><F108/><W134/><G134/><T38/><D27/><U71/><E22/><V55/><AGARI ba="1,2" hai="0,1,2,43,44,48,55,58,60,72,74,75,96,99" machi="55" ten="40,2700,0" yaku="1,1,0,1,53,0" doraHai="130" doraHaiUra="31" who="2" fromWho="2" sc="337,-8,188,-14,211,50,244,-8" /><INIT seed="2,0,0,2,1,8" ten="329,174,261,236" oya="2" hai0="111,101,38,9,69,131,17,18,90,93,96,54,60" hai1="88,83,35,121,42,100,127,16,21,12,118,124,126" hai2="99,10,108,62,81,92,45,77,114,105,47,27,43" hai3="65,19,79,64,13,107,97,123,73,66,117,85,132"/><V32/><F114/><W55/><G123/><T5/><D38/><U133/><E118/><V63/><F105/><W2/><G2/><T75/><D75/><U110/><E121/><V94/><F108/><W58/><G117/><T50/><D111/><U112/><E112/><V76/><F32/><W87/><G132/><T130/><D60/><U41/><E110/><V57/><F27/><W37/><G37/><T91/><D69/><U52/><E133/><V106/><F106/><W98/><G73/><T34/><D34/><U59/><E100/><V24/><F24/><W53/><G107/><T22/><D91/><U116/><E35/><V134/><F134/><W36/><G36/><T30/><D30/><U20/><E20/><V102/><F43/><N who="1" m="16393" /><E116/><V89/><F62/><N who="3" m="36175" /><G55/><T113/><D101/><U3/><E3/><V25/><F25/><W84/><G79/><N who="2" m="30281" /><F81/><W72/><G72/><T129/><D22/><AGARI ba="0,0" hai="13,19,22,64,65,66,84,85,87,97,98" m="36175" machi="22" ten="30,2000,0" yaku="8,1,52,1" doraHai="8" who="3" fromWho="0" sc="329,-20,174,0,261,0,236,20" /><INIT seed="3,0,0,3,2,41" ten="309,174,261,256" oya="3" hai0="8,124,75,112,113,130,52,17,48,18,83,85,59" hai1="82,64,81,10,20,119,101,42,107,36,102,16,133" hai2="69,114,95,3,30,67,54,129,39,43,91,23,27" hai3="26,45,115,89,109,108,58,76,87,32,6,105,31"/><W128/><G115/><N who="0" m="44107" /><D124/><U96/><E133/><V5/><F114/><W131/><G105/><T22/><D130/><N who="3" m="49705" /><G6/><T57/><D75/><U116/><E102/><V29/><F129/><W97/><G58/><N who="0" m="33031" /><D8/><U55/><E64/><V94/><F5/><W68/><G68/><T15/><D17/><U40/><E10/><V56/><F3/><W135/><G135/><T2/><D2/><U111/><E111/><N who="3" m="42570" /><G45/><T21/><D21/><U77/><E55/><V125/><F69/><W63/><G63/><T134/><D134/><U12/><E82/><V65/><F65/><W126/><G126/><T73/><D73/><U51/><E36/><V46/><F67/><W106/><G76/><AGARI ba="0,0" hai="15,18,22,57,59,76,83,85" m="33031,44107" machi="76" ten="30,2000,0" yaku="11,1,54,1" doraHai="41" who="0" fromWho="3" sc="309,20,174,0,261,0,256,-20" owari="329,42.9,174,-32.6,261,6.1,236,-16.4" /></mjloggm>