<mjloggm ver="2.3"><GO type="225" lobby="0"/><UN n0="%4E%49%4A%49%49%52%4F" n1="%33%74%72%65%65" n2="%E8%81%B7%E6%A5%AD%E3%80%81%E9%A2%A8%32" n3="%41%54%53%4D" dan="16,17,16,16" rate="2151.81,2196.00,2085.07,2094.38" sx="M,F,M,M"/><TAIKYOKU oya="0"/><INIT seed="0,0,0,3,5,66" ten="250,250,250,250" oya="0" hai0="52,59,83,95,108,18,5,7,73,86,51,76,67" hai1="25,26,118,65,110,114,19,50,1,103,11,109,81" hai2="62,23,127,119,3,92,15,77,78,0,106,4,129" hai3="97,79,115,34,80,12,16,63,58,133,61,37,70"/><T68/><D108/><N who="1" m="41579" /><E103/><V131/><F106/><W38/><G115/><T39/><D39/><U135/><E65/><V87/><F127/><W121/><G34/><T41/><D41/><U17/><E81/><V2/><F119/><W123/><G133/><T120/><D120/><N who="3" m="46153" /><G97/><T33/><D33/><U112/><E50/><V40/><F62/><W89/><G89/><T46/><D68/><U55/><E55/><V116/><F116/><W122/><N who="3" m="46161" /><W74/><DORA hai="47" /><G63/><N who="0" m="38399" /><D73/><U132/><E118/><V31/><F40/><W105/><G105/><T20/><D95/><U84/><E84/><V107/><F107/><W102/><G102/><T117/><D117/><U14/><E1/><V82/><F92/><W64/><G58/><T93/><D93/><U27/><E19/><N who="2" m="10751" /><F31/><W96/><G96/><T24/><AGARI ba="0,0" hai="5,7,18,20,24,46,51,52,76,83,86" m="38399" machi="24" ten="30,6000,0" yaku="8,1,52,1,54,1" doraHai="66,47" who="0" fromWho="0" sc="250,60,250,-20,250,-20,250,-20" /><INIT seed="0,1,0,2,3,49" ten="310,230,230,230" oya="0" hai0="27,53,83,93,134,100,50,3,36,80,16,29,88" hai1="117,65,74,101,124,15,106,90,6,59,8,75,51" hai2="97,44,78,130,39,132,76,45,58,85,14,24,9" hai3="119,107,38,10,98,105,52,111,17,28,30,37,68"/><T40/><D3/><U102/><E117/><V70/><F70/><W62/><G119/><T71/><D71/><U86/><E124/><V133/><F130/><W61/><G111/><T126/><D126/><U20/><E74/><V31/><F97/><W94/><G68/><T54/><D134/><N who="2" m="51818" /><F58/><N who="3" m="35015" /><G107/><T113/><D36/><U89/><E75/><V129/><F129/><W82/><G105/><T114/><D100/><U81/><E106/><V35/><F85/><W32/><G32/><T122/><D122/><U25/><E90/><V12/><F12/><N who="3" m="7319" /><G38/><T79/><D114/><U19/><REACH who="1" step="1"/><E51/><REACH who="1" ten="310,220,230,230" step="2"/><V33/><F39/><W21/><G37/><T43/><D50/><U135/><E135/><V47/><F35/><W67/><G82/><T2/><D80/><U56/><E56/><V123/><F123/><W57/><G21/><T5/><D83/><U87/><E87/><V116/><F116/><W127/><G127/><T121/><D121/><U72/><E72/><V63/><F33/><W18/><G18/><T60/><D16/><U118/><E118/><V96/><F31/><W23/><G23/><T125/><D125/><U48/><E48/><V13/><F9/><W112/><G112/><T128/><D128/><U92/><E92/><V91/><F78/><W34/><G34/><T108/><D93/><U11/><E11/><V99/><F76/><W131/><G131/><T103/><D79/><U115/><E115/><V64/><F91/><AGARI ba="1,1" hai="28,30,57,62,67,91,94,98" m="7319,35015" machi="91" ten="30,3900,0" yaku="8,1,52,1,54,1" doraHai="49" who="3" fromWho="2" sc="310,0,220,0,230,-42,230,52" /><INIT seed="1,0,0,3,0,129" ten="310,220,188,282" oya="1" hai0="100,52,104,26,11,68,98,96,65,93,75,0,102" hai1="7,18,126,6,92,95,97,59,31,94,120,132,1" hai2="108,91,21,14,45,41,17,8,54,20,37,43,53" hai3="67,61,113,38,81,79,3,71,101,70,63,112,135"/><U32/><E120/><V86/><F108/><W23/><G101/><T44/><D75/><U9/><E126/><V74/><F74/><N who="3" m="43255" /><G23/><T2/><D11/><U107/><E7/><V77/><F77/><W5/><G38/><T82/><D82/><U42/><E42/><V10/><F37/><W57/><G57/><T116/><D116/><U24/><E107/><V34/><F34/><W50/><G50/><T80/><D80/><U119/><E119/><V76/><F76/><W28/><G28/><T88/><D26/><U60/><E18/><V84/><F84/><W39/><G39/><T40/><D65/><U109/><E109/><V103/><F103/><W121/><G121/><T25/><D68/><U87/><E87/><V46/><F10/><N who="3" m="2367" /><G135/><T36/><D25/><U69/><E69/><V131/><F20/><W16/><G16/><T47/><D102/><U127/><E127/><V66/><F66/><AGARI ba="0,0" hai="61,63,66,67,70,71,112,113" m="2367,43255" machi="66" ten="30,1000,0" yaku="23,1" doraHai="129" who="3" fromWho="2" sc="310,0,220,0,188,-10,282,10" /><INIT seed="2,0,0,1,3,116" ten="310,220,178,292" oya="2" hai0="93,67,98,3,87,44,36,59,47,79,105,77,65" hai1="15,126,107,48,80,112,38,134,51,78,76,71,68" hai2="6,28,84,54,73,113,120,4,25,14,110,49,106" hai3="55,29,66,72,58,108,33,23,42,115,114,31,40"/><V122/><F106/><W52/><G72/><T125/><D3/><U123/><E112/><N who="3" m="43050" /><G33/><T74/><D125/><U102/><E126/><V57/><F73/><W19/><G108/><T121/><D105/><U21/><E38/><V5/><F113/><W27/><G66/><T24/><D121/><U92/><E107/><V16/><F110/><W130/><G130/><T104/><D104/><U62/><E123/><V127/><F127/><W41/><G55/><T86/><D74/><U53/><E51/><AGARI ba="0,0" hai="19,23,27,29,31,40,41,42,51,52,58" m="43050" machi="51" ten="30,2000,0" yaku="11,1,54,1" doraHai="116" who="3" fromWho="1" sc="310,0,220,-20,178,0,292,20" /><INIT seed="3,0,0,0,3,17" ten="310,200,178,312" oya="3" hai0="56,94,111,78,10,45,102,127,1,112,79,4,25" hai1="86,48,124,50,27,91,60,121,63,74,77,32,13" hai2="22,96,15,85,92,33,64,123,41,2,62,75,82" hai3="67,31,80,59,119,133,42,100,0,76,69,16,40"/><W9/><G119/><T108/><D127/><U104/><E121/><V70/><F33/><W30/><G69/><T11/><D112/><U122/><E122/><V97/><F2/><W109/><G0/><T118/><D118/><U28/><E124/><V49/><F123/><W55/><G67/><T113/><D113/><U29/><E104/><V54/><F75/><W120/><G120/><T72/><D11/><U24/><E74/><V34/><F34/><W43/><G100/><T132/><D132/><U53/><E77/><V35/><F35/><W107/><G107/><T81/><D79/><U19/><E27/><V125/><F41/><W71/><G71/><T44/><D56/><U20/><E29/><N who="3" m="10762" /><G109/><N who="0" m="42059" /><D25/><U8/><E32/><V93/><F93/><W135/><G80/><T130/><D130/><U105/><E105/><V103/><F125/><W12/><G76/><T101/><D101/><U51/><E53/><V38/><F38/><W26/><G26/><T66/><D66/><U65/><E65/><V6/><F6/><W57/><G55/><T114/><D114/><U134/><E134/><AGARI ba="0,0" hai="9,12,16,40,42,43,57,59,133,134,135" m="10762" machi="134" ten="30,2900,0" yaku="20,1,54,1" doraHai="17" who="3" fromWho="1" sc="310,0,200,-29,178,0,312,29" owari="310,11.0,171,-32.9,178,-22.2,341,44.1" /></mjloggm>