<mjloggm ver="2.3"><GO type="225" lobby="0"/><UN n0="%E6%B4%BE%E9%81%A3%E3%81%AE%E3%82%B8%E3%83%A3%E3%83%83%E3%82%AF" n1="%31%38%63%6D%E7%AB%8B%E7%9B%B4%E6%A3%92" n2="%E8%B7%AF%E9%9C%B8" n3="%72%69%6F%75%63%68%61%6E" dan="16,16,17,16" rate="2176.67,2074.78,2167.11,2199.75" sx="M,M,M,M"/><TAIKYOKU oya="0"/><INIT seed="0,0,0,0,0,66" ten="250,250,250,250" oya="0" hai0="79,122,116,128,91,57,65,89,110,54,23,52,19" hai1="100,1,113,20,76,26,117,72,130,86,7,62,85" hai2="58,14,90,115,126,43,129,87,63,61,104,135,97" hai3="35,119,96,73,94,24,5,18,102,34,46,80,15"/><T98/><D116/><U29/><E100/><V17/><F115/><W36/><G119/><T132/><D122/><U48/><E117/><V38/><F129/><W10/><G24/><T44/><D128/><U74/><E113/><V131/><F131/><W6/><G5/><T124/><D124/><U134/><E130/><V3/><F3/><W11/><G36/><T77/><D132/><U31/><E134/><V83/><F135/><W28/><G28/><T59/><D44/><U107/><E48/><V88/><F126/><W0/><REACH who="3" step="1"/><G46/><REACH who="3" ten="250,250,250,240" step="2"/><T112/><D112/><U56/><E31/><V12/><F38/><W2/><G2/><T4/><D4/><U22/><E29/><V45/><F45/><W21/><G21/><T30/><D30/><U84/><E1/><V33/><F33/><W25/><G25/><T47/><D47/><U78/><E26/><V133/><F133/><W103/><G103/><T127/><D127/><U37/><E37/><V108/><F108/><W71/><G71/><T32/><D32/><U123/><E123/><V101/><F12/><W111/><G111/><T95/><D110/><U42/><E7/><V109/><F109/><W92/><G92/><T106/><D23/><N who="1" m="8747" /><E107/><V53/><F14/><W68/><G68/><T55/><D106/><U51/><E42/><V64/><F43/><W8/><G8/><T99/><D19/><U9/><E9/><V27/><F17/><W39/><G39/><T67/><D55/><N who="1" m="31871" /><E62/><V93/><F27/><W13/><G13/><T41/><D41/><U81/><E81/><V125/><F125/><W75/><G75/><AGARI ba="0,1" hai="72,74,75,76,78,84,85,86" m="31871,8747" machi="75" ten="30,1000,0" yaku="6,1" doraHai="66" who="1" fromWho="3" sc="250,0,250,20,250,0,240,-10" /><INIT seed="1,0,0,1,0,118" ten="250,270,250,230" oya="1" hai0="52,89,5,15,47,14,107,34,6,7,67,11,122" hai1="124,3,113,16,17,74,57,119,126,45,99,35,75" hai2="91,135,106,111,130,120,12,44,63,4,114,46,25" hai3="100,123,90,88,78,128,109,103,80,115,86,26,105"/><U71/><E99/><V79/><F114/><W56/><G115/><T54/><D34/><U36/><E57/><V69/><F106/><W37/><G37/><T94/><D107/><U129/><E45/><V70/><F120/><W92/><G123/><T116/><D116/><U23/><E16/><V87/><F130/><W1/><G1/><T32/><D32/><U104/><E17/><V97/><F135/><W8/><G128/><T55/><D122/><U41/><E23/><V65/><F70/><W22/><G109/><T59/><D47/><U134/><E41/><V51/><F111/><W27/><G105/><T53/><D67/><U83/><E83/><V42/><F25/><W93/><G8/><T108/><D108/><U13/><E13/><V112/><F112/><W73/><G56/><T96/><REACH who="0" step="1"/><D11/><REACH who="0" ten="240,270,250,230" step="2"/><U43/><E43/><V82/><F46/><W0/><G0/><T84/><D84/><U102/><E102/><V38/><F44/><W62/><G26/><T18/><D18/><U64/><E64/><V121/><F65/><W76/><G27/><T98/><D98/><U48/><E48/><AGARI ba="0,1" hai="5,6,7,14,15,48,52,53,54,55,59,89,94,96" machi="48" ten="40,5200,0" yaku="1,1,8,1,54,1,53,0" doraHai="118" doraHaiUra="66" who="0" fromWho="1" sc="240,62,270,-52,250,0,230,0" /><INIT seed="2,0,0,5,3,92" ten="302,218,250,230" oya="2" hai0="117,66,41,13,48,85,115,79,28,82,5,8,97" hai1="29,72,96,31,64,125,15,58,11,27,7,20,86" hai2="0,6,100,21,93,101,47,24,23,44,81,62,56" hai3="26,122,65,94,61,74,40,63,131,104,69,134,107"/><V75/><F0/><W10/><G122/><T123/><D123/><U67/><E125/><V98/><F6/><W25/><G74/><T133/><D115/><U39/><E39/><V108/><F108/><W88/><G131/><T60/><D133/><U4/><E72/><V43/><F75/><W99/><G134/><T77/><D117/><U135/><E135/><V54/><F81/><W76/><G76/><T33/><D97/><U132/><E96/><V37/><F47/><W32/><G40/><T14/><D14/><U73/><E73/><V42/><F42/><W105/><G32/><T36/><D36/><U9/><E132/><V16/><REACH who="2" step="1"/><F21/><REACH who="2" ten="302,218,240,230" step="2"/><W22/><G22/><T68/><D82/><U35/><E86/><V116/><F116/><W112/><G112/><T126/><D41/><U121/><E58/><V1/><F1/><W119/><G119/><T84/><D84/><U70/><E31/><V124/><F124/><W55/><REACH who="3" step="1"/><G10/><REACH who="3" ten="302,218,240,220" step="2"/><T109/><D8/><N who="1" m="4487" /><E35/><V59/><F59/><AGARI ba="0,2" hai="25,26,55,59,61,63,65,69,88,94,99,104,105,107" machi="59" ten="40,5200,0" yaku="1,1,52,1,54,1,53,0" doraHai="92" doraHaiUra="18" who="3" fromWho="2" sc="302,0,218,0,240,-52,220,72" /><INIT seed="3,0,0,0,0,9" ten="302,218,188,292" oya="3" hai0="50,134,61,68,87,70,22,24,77,89,30,35,25" hai1="15,33,94,20,108,135,92,17,103,65,52,129,84" hai2="102,54,83,67,49,26,21,126,72,53,51,75,130" hai3="2,18,43,0,101,119,120,7,45,99,41,125,132"/><W71/><G119/><T10/><D134/><U107/><E33/><V42/><F130/><W131/><G120/><T64/><D77/><U59/><E65/><V6/><F126/><W133/><G131/><T97/><D97/><U46/><E107/><V78/><F102/><W82/><G125/><T44/><D10/><U105/><E105/><V73/><F6/><W55/><G71/><T122/><D122/><U14/><E108/><V79/><F67/><W91/><G55/><T3/><D3/><N who="3" m="1065" /><G7/><T90/><D68/><U80/><E46/><V1/><F1/><W124/><G124/><T5/><D5/><U88/><E14/><V62/><F42/><W115/><G115/><T34/><D25/><U116/><E135/><N who="3" m="51786" /><G18/><T63/><D63/><U19/><E52/><V98/><F62/><W37/><G41/><T11/><D11/><U111/><E19/><V40/><F40/><W100/><G82/><T38/><D38/><U48/><E80/><V23/><F83/><W27/><G27/><T81/><D89/><U66/><E116/><V110/><F26/><W127/><G127/><T13/><D13/><U31/><E88/><V96/><REACH who="2" step="1"/><F73/><REACH who="2" ten="302,218,178,292" step="2"/><W128/><G128/><T8/><D50/><U106/><E59/><V113/><F113/><W32/><G100/><T12/><D44/><U16/><E17/><V112/><F112/><W93/><G101/><T29/><D29/><U121/><E15/><V109/><AGARI ba="0,1" hai="21,23,49,51,53,54,72,75,78,79,96,98,109,110" machi="109" ten="25,12000,2" yaku="1,1,0,1,22,2,53,2" doraHai="9" doraHaiUra="47" who="2" fromWho="2" sc="302,-30,218,-30,178,130,292,-60" owari="272,7.2,188,-31.2,308,40.8,232,-16.8" /></mjloggm>