<mjloggm ver="2.3"><GO type="225" lobby="0"/><UN n0="%E5%AF%82%E5%AF%9E%E3%82%AE%E3%83%8D%E3%82%B9%E3%83%93%E3%83%BC%E3%83%AB" n1="%6D%75%75%6D%75%72%61" n2="%38%63%E3%81%AF%E3%81%A3%E3%81%97%E3%83%BC" n3="%E6%B8%A9%E2%98%85%E6%83%85%E2%98%85%E6%8E%AA%E2%98%85%E7%BD%AE" dan="16,16,16,16" rate="2121.21,2154.49,2101.53,2159.40" sx="M,F,M,M"/><TAIKYOKU oya="0"/><INIT seed="0,0,0,1,3,83" ten="250,250,250,250" oya="0" hai0="18,79,1,117,115,78,44,38,81,25,54,5,96" hai1="63,91,105,66,130,17,36,12,49,61,35,72,28" hai2="121,103,127,30,51,47,104,71,14,111,74,57,4" hai3="100,77,22,75,2,128,48,99,39,20,110,73,41"/><T86/><D115/><U50/><E36/><V124/><F71/><W87/><G39/><T24/><D117/><U56/><E72/><V129/><F74/><W126/><G2/><T89/><D96/><U11/><E105/><V58/><F121/><W125/><G110/><T55/><D1/><U82/><E130/><V97/><F30/><W10/><G128/><T19/><D5/><U93/><E82/><V26/><F26/><N who="0" m="10346" /><D38/><U62/><E35/><V98/><F98/><W6/><G73/><T85/><D78/><U27/><E27/><V0/><F0/><N who="3" m="327" /><G75/><T40/><D40/><U52/><E28/><V94/><F111/><W84/><G77/><T70/><D70/><U116/><E116/><V15/><F104/><N who="3" m="63519" /><G48/><N who="1" m="18538" /><E66/><V80/><F129/><W123/><G41/><T107/><D107/><U21/><E11/><V108/><F108/><W76/><G76/><T113/><D113/><U90/><E90/><V120/><F51/><W60/><G60/><T88/><D44/><U33/><E33/><V102/><F47/><W69/><G69/><T135/><D79/><U65/><E65/><V64/><F64/><W95/><G123/><T43/><D43/><U68/><E68/><V101/><F120/><W112/><G112/><T119/><D119/><U3/><E3/><V29/><F29/><W46/><G46/><T59/><D89/><U133/><E133/><V92/><F102/><W53/><G22/><T8/><D88/><U7/><E7/><V118/><F4/><W134/><G20/><T31/><D31/><U34/><E34/><V42/><F118/><W114/><G114/><RYUUKYOKU ba="0,0" sc="250,-10,250,30,250,-10,250,-10" hai1="12,17,21,52,56,61,62,63,91,93" /><INIT seed="1,1,0,2,3,45" ten="240,280,240,240" oya="1" hai0="90,71,111,25,103,107,61,133,5,32,94,113,121" hai1="99,131,23,44,114,79,85,26,42,96,62,83,135" hai2="47,126,120,28,29,100,93,66,109,67,72,17,54" hai3="129,37,63,89,115,58,24,18,14,3,91,86,27"/><U76/><E114/><V112/><F120/><W73/><G73/><T124/><D113/><U101/><E131/><V132/><F72/><W134/><G115/><T36/><D121/><U40/><E135/><V34/><F112/><W95/><G3/><T38/><D133/><U8/><E8/><V82/><F82/><W50/><G37/><T130/><D5/><U92/><E79/><V39/><F34/><W98/><G134/><T9/><D9/><U68/><E96/><V127/><F17/><W84/><G129/><T75/><D75/><U97/><E68/><V105/><F105/><W56/><G98/><N who="0" m="61943" /><D111/><U87/><E87/><V60/><F109/><W6/><G6/><T19/><D19/><U80/><E80/><V13/><F13/><W33/><G33/><T104/><D104/><U10/><E62/><V81/><F81/><N who="3" m="49295" /><G50/><T70/><D70/><U110/><E110/><V119/><F39/><W118/><G118/><T108/><D108/><U116/><E116/><V0/><F0/><W59/><G63/><T22/><D32/><U57/><E99/><V106/><F60/><W43/><G43/><T11/><D61/><U64/><E40/><V122/><F122/><W7/><G7/><T53/><D71/><U102/><E42/><V35/><F35/><W2/><G2/><T128/><D130/><U77/><E77/><V65/><F132/><W21/><AGARI ba="1,0" hai="14,18,21,24,27,56,58,59,86,91,95" m="49295" machi="21" ten="30,1100,0" yaku="8,1" doraHai="45" who="3" fromWho="3" sc="240,-4,280,-6,240,-4,240,14" /><INIT seed="2,0,0,2,4,64" ten="236,274,236,254" oya="2" hai0="97,89,124,116,79,94,84,15,32,51,2,85,58" hai1="111,8,48,102,11,74,114,23,49,70,34,71,92" hai2="90,88,19,119,26,125,62,33,128,134,63,24,16" hai3="60,25,69,127,29,37,104,133,5,45,39,122,68"/><V106/><F119/><W103/><G122/><T76/><D2/><U4/><E34/><V101/><F134/><W121/><G121/><T38/><D32/><U53/><E74/><V65/><F128/><W78/><G78/><N who="0" m="29739" /><D38/><N who="3" m="14345" /><G5/><T41/><D124/><U95/><E114/><V46/><F46/><W73/><G45/><N who="0" m="26031" /><D116/><U12/><E111/><V75/><F75/><W105/><G60/><T112/><D112/><U40/><E40/><V36/><F36/><W56/><G73/><T117/><D117/><U17/><E48/><V30/><F63/><W54/><G56/><T110/><D110/><U123/><E11/><V135/><F135/><W31/><G54/><T82/><D58/><U0/><E123/><V6/><F6/><W1/><G1/><T67/><D67/><U14/><E0/><V131/><F131/><W81/><G133/><T42/><D42/><U109/><E109/><V50/><F50/><W83/><G105/><T93/><D82/><U120/><E120/><V108/><F125/><W20/><G83/><T99/><D15/><U3/><E3/><V13/><F108/><W28/><G81/><T80/><D80/><U52/><E53/><V100/><F13/><W86/><G127/><T132/><D132/><U47/><REACH who="1" step="1"/><E92/><REACH who="1" ten="236,264,236,254" step="2"/><V44/><F44/><W66/><G104/><T129/><D129/><U118/><E118/><V22/><F106/><W7/><G7/><T113/><D113/><U115/><E115/><V57/><F33/><W107/><G107/><T130/><D130/><U18/><E18/><V43/><F19/><W91/><G28/><T9/><D9/><RYUUKYOKU ba="0,1" sc="236,15,264,15,236,-15,254,-15" hai0="84,85,89,93,94,97,99" hai1="4,8,12,14,17,23,47,49,52,70,71,95,102" /><INIT seed="3,1,1,1,0,19" ten="251,279,221,239" oya="3" hai0="61,37,46,27,51,77,131,35,22,12,113,80,111" hai1="48,31,86,24,71,56,39,103,126,40,123,135,13" hai2="101,74,107,83,112,133,96,124,63,9,38,106,60" hai3="7,116,11,57,75,29,119,129,23,21,117,97,18"/><W84/><G75/><T8/><D111/><U65/><E71/><V64/><F112/><W42/><G42/><T81/><D37/><U5/><E123/><V128/><F124/><W132/><G97/><T41/><D131/><U6/><E126/><V87/><F128/><W62/><G129/><T99/><D35/><U33/><E39/><V17/><F38/><W69/><G69/><T85/><D113/><U50/><E135/><V59/><F74/><W45/><G45/><T43/><D61/><U100/><E86/><V44/><F133/><W95/><G132/><T28/><D81/><U1/><E1/><V73/><F73/><W0/><G29/><T104/><D104/><U105/><E105/><V114/><F114/><W82/><G95/><T49/><D99/><U34/><E34/><V125/><F125/><W115/><G18/><N who="0" m="8455" /><D51/><U15/><E50/><V16/><F107/><W134/><G134/><T90/><D41/><U118/><E118/><V55/><F9/><W3/><G3/><T68/><D68/><U108/><E108/><V89/><REACH who="2" step="1"/><F44/><REACH who="2" ten="251,279,211,239" step="2"/><W98/><G115/><T72/><D72/><U66/><E5/><V58/><AGARI ba="1,2" hai="16,17,55,58,59,60,63,64,83,87,89,96,101,106" machi="58" ten="20,8000,1" yaku="1,1,2,1,0,1,7,1,54,1,53,0" doraHai="19" doraHaiUra="127" who="2" fromWho="2" sc="251,-21,279,-21,211,103,239,-41" owari="230,-17.0,258,5.8,314,41.4,198,-30.2" /></mjloggm>