<mjloggm ver="2.3"><GO type="225" lobby="0"/><UN n0="%6D%75%75%6D%75%72%61" n1="%E3%83%B4%E3%82%A3%E3%83%AF%E3%82%B3%E3%82%B0%E3%83%8B" n2="%E3%81%8B%E3%82%8F%E3%81%A1%E3%82%83%E3%82%93%35%38" n3="%E5%A4%9C%E3%81%AE%E3%82%AC%E3%82%B9%E3%83%91%E3%83%BC%E3%83%AB" dan="16,16,16,16" rate="2134.13,2154.91,2130.69,2090.50" sx="F,M,M,M"/><TAIKYOKU oya="0"/><INIT seed="0,0,0,3,2,53" ten="250,250,250,250" oya="0" hai0="1,110,132,113,127,67,4,99,85,32,54,117,22" hai1="41,107,92,87,68,100,122,130,126,44,124,31,14" hai2="6,74,64,16,101,46,37,128,33,105,120,27,26" hai3="8,52,108,125,3,76,106,42,63,18,58,61,89"/><T80/><D113/><U129/><E68/><V25/><F74/><W114/><G114/><T23/><D117/><U93/><E31/><N who="2" m="19695" /><F46/><W109/><G106/><T86/><D32/><U97/><E14/><V59/><F59/><N who="3" m="35047" /><G125/><N who="1" m="48234" /><E122/><V119/><F64/><N who="3" m="39031" /><G76/><T2/><D132/><U21/><E21/><N who="2" m="13607" /><F101/><W104/><G104/><T90/><D22/><U98/><E87/><V10/><F37/><W102/><G102/><T49/><D23/><U69/><E69/><V28/><F105/><W121/><G121/><T20/><D20/><U55/><E55/><V134/><F120/><W47/><G89/><T38/><D90/><N who="1" m="55447" /><E107/><V78/><F78/><W72/><G72/><T34/><D86/><U131/><E131/><V95/><F128/><W111/><G47/><T30/><D85/><U40/><E40/><V29/><F134/><W62/><G42/><T60/><D54/><U75/><E75/><V36/><F36/><AGARI ba="0,0" hai="36,41,44,93,98,100,129,130" m="55447,48234" machi="36" ten="30,1000,0" yaku="18,1" doraHai="53" who="1" fromWho="2" sc="250,0,250,10,250,-10,250,0" /><INIT seed="1,0,0,3,2,81" ten="250,260,240,250" oya="1" hai0="12,19,9,13,57,11,62,40,53,27,3,20,67" hai1="115,25,38,46,90,102,60,73,21,125,88,44,29" hai2="16,32,124,92,100,122,101,10,23,103,70,75,133" hai3="110,43,2,8,85,123,22,5,105,129,106,118,63"/><U64/><E115/><V111/><F122/><W14/><G123/><T98/><D3/><U86/><E73/><V71/><F32/><W78/><G110/><T135/><D135/><U107/><E125/><V72/><F92/><W91/><G129/><T47/><D67/><U79/><E79/><V99/><F99/><W30/><G118/><T36/><REACH who="0" step="1"/><D98/><REACH who="0" ten="240,260,240,250" step="2"/><U6/><E64/><V65/><F65/><W45/><G2/><T134/><D134/><U31/><E107/><V74/><F133/><W42/><G106/><T76/><D76/><U18/><E38/><V58/><F111/><W33/><G105/><T130/><D130/><U0/><E0/><V126/><F10/><AGARI ba="0,1" hai="9,10,11,12,13,19,20,27,36,40,47,53,57,62" machi="10" ten="40,1300,0" yaku="1,1,53,0" doraHai="81" doraHaiUra="114" who="0" fromWho="2" sc="240,23,260,0,240,-13,250,0" /><INIT seed="2,0,0,2,0,46" ten="263,260,227,250" oya="2" hai0="98,67,33,103,48,29,64,39,79,66,53,23,21" hai1="121,10,80,111,113,44,60,105,17,117,65,9,100" hai2="102,69,135,130,84,20,87,122,116,119,22,101,18" hai3="90,47,127,5,8,19,68,75,13,58,27,77,45"/><V126/><F69/><W89/><G68/><T91/><D39/><U1/><E113/><V61/><F61/><W40/><G127/><T112/><D112/><U73/><E117/><V55/><F55/><W16/><G75/><T70/><D70/><U129/><E105/><V128/><F18/><N who="3" m="6699" /><G77/><T115/><D115/><U56/><E100/><V133/><REACH who="2" step="1"/><F126/><REACH who="2" ten="263,260,217,250" step="2"/><W123/><G123/><AGARI ba="0,1" hai="20,22,84,87,101,102,116,119,122,123,128,130,133,135" machi="123" ten="25,9600,0" yaku="1,1,2,1,22,2,53,0" doraHai="46" doraHaiUra="71" who="2" fromWho="3" sc="263,0,260,0,217,106,250,-96" /><INIT seed="2,1,0,3,0,70" ten="263,260,323,154" oya="2" hai0="131,38,4,30,97,125,88,48,3,7,99,114,46" hai1="80,9,124,76,31,106,109,23,100,33,20,53,2" hai2="45,35,95,37,60,63,134,83,89,57,81,54,93" hai3="44,94,126,119,108,56,5,39,121,8,128,105,1"/><V68/><F35/><W92/><G119/><T91/><D114/><U13/><E109/><V74/><F134/><W34/><G121/><T6/><D3/><U107/><E124/><V55/><F74/><W79/><G105/><T22/><D125/><U50/><E33/><V21/><F68/><W40/><G126/><T120/><D131/><U49/><E2/><V59/><F21/><W12/><G34/><T98/><D120/><U78/><E78/><V129/><F129/><W0/><G128/><T77/><D77/><U14/><E49/><V135/><F135/><W127/><G127/><T117/><D38/><U115/><E115/><V130/><F130/><W87/><G108/><T19/><D30/><U90/><E90/><V28/><F28/><W61/><G1/><T58/><D58/><U85/><E100/><V62/><F62/><W16/><G87/><T32/><D32/><U18/><E23/><V10/><F10/><W15/><G79/><T82/><D82/><U27/><E13/><V72/><F72/><W71/><G71/><T67/><D67/><U29/><E29/><V69/><F69/><W84/><G84/><T43/><D117/><U122/><E122/><V52/><F55/><W86/><G86/><T112/><D112/><U110/><E110/><V101/><F101/><W103/><G103/><T26/><AGARI ba="1,0" hai="4,6,7,19,22,26,43,46,48,88,91,97,98,99" machi="26" ten="30,4000,0" yaku="0,1,8,1,54,1" doraHai="70" who="0" fromWho="0" sc="263,43,260,-11,323,-21,154,-11" /><INIT seed="3,0,0,3,4,44" ten="306,249,302,143" oya="3" hai0="131,134,96,65,31,58,110,135,12,85,123,71,33" hai1="55,107,129,73,29,102,0,124,32,62,116,108,18" hai2="52,16,53,28,14,104,78,46,130,19,21,17,37" hai3="119,59,80,83,127,47,40,3,90,25,20,82,100"/><W48/><G119/><T103/><D123/><U87/><E73/><V133/><F104/><W54/><G3/><T27/><D58/><U4/><E108/><V114/><F114/><W99/><G127/><T70/><D131/><U92/><E107/><V1/><F1/><W93/><G100/><T112/><D110/><U24/><E62/><V95/><F78/><W6/><G6/><T125/><D125/><U15/><E55/><N who="2" m="21067" /><F37/><W98/><G98/><T69/><D112/><U105/><E18/><N who="2" m="10455" /><F130/><W68/><G68/><T7/><D85/><U61/><E24/><V97/><F133/><N who="0" m="50698" /><D12/><U101/><E87/><V22/><F46/><W13/><G13/><T64/><D7/><U120/><E92/><AGARI ba="0,0" hai="27,31,33,64,65,69,70,71,92,96,103" m="50698" machi="92" ten="40,1300,0" yaku="20,1" doraHai="44" who="0" fromWho="1" sc="306,13,249,-13,302,0,143,0" owari="319,41.9,236,-16.4,302,10.2,143,-35.7" /></mjloggm>