<mjloggm ver="2.3"><GO type="225" lobby="0"/><UN n0="%E3%83%8F%E3%82%AC%E3%82%BF%E3%82%AB%E3%81%AE%E3%81%88%E3%81%98%E3%81%8D" n1="%72%61%6B%33" n2="%73%6C%69%63%6B%33%31%39" n3="%E3%81%9F%E3%81%8C%E3%82%84%E3%81%99" dan="16,18,16,16" rate="2155.36,2260.72,2176.77,2186.49" sx="M,M,M,M"/><TAIKYOKU oya="0"/><INIT seed="0,0,0,5,4,22" ten="250,250,250,250" oya="0" hai0="25,86,55,57,8,72,99,132,109,68,52,31,56" hai1="40,67,39,96,20,131,24,80,107,114,94,98,54" hai2="11,61,66,79,112,117,123,45,129,108,36,135,47" hai3="59,34,81,71,0,88,50,42,19,125,38,29,82"/><T2/><D72/><U15/><E131/><V84/><F123/><W35/><G71/><T32/><D68/><U124/><E124/><V69/><F112/><W105/><G105/><T87/><D132/><U91/><E114/><V111/><F11/><W14/><G0/><T73/><D73/><U9/><E39/><V76/><F84/><W116/><G116/><T48/><D109/><N who="2" m="42058" /><F76/><W127/><G38/><T5/><REACH who="0" step="1"/><D99/><REACH who="0" ten="240,250,250,250" step="2"/><U90/><E98/><V113/><F113/><W49/><G127/><T92/><D92/><U95/><E95/><V83/><F135/><W122/><G125/><T89/><D89/><U126/><E126/><V17/><F117/><W10/><G122/><T28/><D28/><U26/><E91/><V16/><F129/><W6/><G29/><T65/><D65/><U128/><E67/><V46/><F36/><W27/><G88/><T12/><D12/><U3/><E90/><V60/><F66/><W119/><G119/><T21/><D21/><U74/><E94/><V118/><F69/><W106/><G106/><T41/><D41/><U85/><E40/><V53/><F118/><W120/><G120/><T102/><D102/><U18/><E128/><V133/><F133/><W30/><G35/><T121/><D121/><U51/><E74/><N who="2" m="43511" /><F53/><W1/><G42/><T134/><D134/><U70/><E70/><V44/><N who="2" m="11264" /><DORA hai="43" /><V100/><F100/><W97/><G97/><T115/><D115/><U101/><E54/><V4/><F4/><W110/><G110/><T64/><D64/><U77/><E101/><V93/><F93/><W37/><G37/><RYUUKYOKU ba="0,1" sc="240,15,250,-15,250,15,250,-15" hai0="2,5,8,25,31,32,48,52,55,56,57,86,87" hai2="16,17,60,61" /><INIT seed="0,1,1,0,3,132" ten="255,235,265,235" oya="0" hai0="23,75,56,24,42,115,109,28,47,92,85,55,99" hai1="22,32,119,46,65,20,10,71,3,90,19,68,102" hai2="35,62,135,94,48,110,123,13,91,73,104,70,51" hai3="113,38,41,77,97,34,125,100,120,131,25,126,107"/><T72/><D115/><U27/><E119/><V130/><F123/><W57/><G77/><T52/><D109/><U117/><E117/><V116/><F116/><W79/><G113/><T36/><D85/><U88/><E102/><V89/><F104/><W82/><G57/><T124/><D124/><N who="3" m="47721" /><G120/><T14/><D14/><U93/><E32/><V61/><F35/><W96/><G131/><T133/><D133/><U84/><E46/><V106/><F13/><W112/><G97/><T95/><D55/><U111/><E111/><V37/><F70/><W15/><G15/><T40/><D40/><U63/><E20/><V44/><F130/><W87/><G112/><T26/><D26/><U16/><E90/><V114/><F91/><W74/><G87/><T11/><D11/><U60/><E10/><V58/><F89/><W21/><G34/><T49/><REACH who="0" step="1"/><D99/><REACH who="0" ten="245,235,265,235" step="2"/><U18/><E3/><V30/><F135/><W66/><G66/><AGARI ba="1,2" hai="16,18,19,22,27,60,63,65,66,68,71,84,88,93" machi="66" ten="40,5200,0" yaku="9,1,54,2" doraHai="132" who="1" fromWho="3" sc="245,0,235,75,265,0,235,-55" /><INIT seed="1,0,0,3,1,8" ten="245,310,265,180" oya="1" hai0="84,134,46,52,124,22,70,132,81,93,7,130,94" hai1="59,100,34,135,31,38,14,104,49,71,77,10,17" hai2="66,36,131,114,92,101,116,83,41,76,68,72,53" hai3="126,129,28,12,55,51,44,15,54,80,89,106,50"/><U9/><E38/><V115/><F116/><W58/><G106/><T105/><D105/><U25/><E71/><V133/><F133/><N who="0" m="51306" /><D70/><U91/><E135/><V90/><F131/><W21/><G129/><T30/><D7/><U37/><E37/><V26/><F101/><W120/><G120/><T110/><D130/><U99/><E77/><V128/><F128/><W88/><G126/><T32/><D32/><U45/><E91/><N who="3" m="34890" /><G80/><T109/><D124/><U42/><E59/><V63/><F26/><AGARI ba="0,0" hai="12,15,21,26,28,44,50,51,54,55,58" m="34890" machi="26" ten="30,7700,0" yaku="8,1,52,2,54,1" doraHai="8" who="3" fromWho="2" sc="245,0,310,0,265,-77,180,77" /><INIT seed="2,0,0,3,3,7" ten="245,310,188,257" oya="2" hai0="91,84,1,112,86,39,28,32,111,96,42,125,21" hai1="13,123,130,80,70,124,83,93,101,41,128,11,20" hai2="48,68,106,129,116,76,4,60,107,102,103,46,90" hai3="19,37,52,119,97,82,132,58,135,14,55,16,100"/><V95/><F116/><W66/><G37/><T33/><D1/><U56/><E70/><V122/><F122/><W73/><G119/><T24/><D112/><U63/><E124/><V98/><F129/><W3/><G3/><T131/><D125/><U45/><E20/><V62/><F76/><N who="3" m="44303" /><G66/><T81/><D131/><U109/><E109/><V74/><F74/><W127/><G127/><T61/><D111/><U67/><E123/><V104/><F4/><W47/><G47/><T59/><D42/><U43/><E43/><V69/><F68/><W10/><G19/><T23/><D23/><U29/><E29/><V44/><F44/><W15/><G15/><T34/><D39/><U85/><E101/><V105/><F69/><W53/><G97/><T71/><D71/><U49/><E128/><V108/><F108/><W77/><G100/><T9/><D9/><U31/><E31/><V78/><F78/><W113/><G77/><T40/><D40/><U51/><E51/><V133/><F133/><N who="3" m="51275" /><G113/><T75/><D96/><U65/><E65/><V25/><F25/><W22/><G22/><T126/><D126/><U50/><E50/><AGARI ba="0,0" hai="10,14,16,50,52,53,55,58" m="51275,44303" machi="50" ten="30,7700,0" yaku="20,1,52,1,54,2" doraHai="7" who="3" fromWho="1" sc="245,0,310,-77,188,0,257,77" /><INIT seed="3,0,0,5,2,103" ten="245,233,188,334" oya="3" hai0="91,59,107,134,120,86,130,24,81,85,125,9,26" hai1="47,66,51,101,1,75,116,43,14,105,2,94,11" hai2="93,20,114,37,10,83,84,132,33,135,29,129,108" hai3="62,68,57,8,36,92,48,112,55,96,5,64,113"/><W123/><G36/><T25/><D120/><U53/><E75/><V63/><F37/><W74/><G74/><T40/><D107/><U61/><E116/><V71/><F114/><W42/><G42/><T28/><D125/><U111/><E111/><V12/><F108/><W122/><G113/><T106/><D106/><U119/><E94/><V35/><F93/><W38/><G38/><T109/><D109/><U6/><E119/><V76/><F129/><W3/><G112/><T104/><D104/><U117/><E117/><V73/><F73/><W67/><G67/><T99/><D130/><U100/><E43/><V60/><F20/><W0/><G0/><T70/><D70/><U124/><E124/><V52/><F71/><W110/><G110/><T22/><D99/><U30/><E30/><V58/><F63/><W46/><G68/><T34/><D34/><U90/><E90/><AGARI ba="0,0" hai="3,5,8,46,48,55,57,62,64,90,92,96,122,123" machi="90" ten="30,1500,0" yaku="7,1" doraHai="103" who="3" fromWho="1" sc="245,0,233,-15,188,0,334,15" owari="245,4.5,218,-18.2,188,-31.2,349,44.9" /></mjloggm>