<mjloggm ver="2.3"><GO type="225" lobby="0"/><UN n0="%72%69%6F%75%63%68%61%6E" n1="%E5%8D%A0%E3%81%84%E5%B8%AB%E8%A3%8F%E3%81%AA%E3%81%84%E3%81%97" n2="%E3%81%BF%E3%81%BF%E3%81%9A" n3="%E3%82%BC%E3%83%AB%E3%83%80%E3%81%AE%E4%BC%9D%E8%AA%AC" dan="16,17,18,17" rate="2204.25,2185.80,2274.74,2186.87" sx="M,M,M,M"/><TAIKYOKU oya="0"/><INIT seed="0,0,0,4,2,10" ten="250,250,250,250" oya="0" hai0="28,15,21,102,49,123,50,88,67,45,39,47,114" hai1="70,54,128,62,108,93,9,24,43,38,8,116,109" hai2="84,78,14,81,16,61,23,69,22,65,27,91,90" hai3="132,113,40,111,60,82,131,66,80,103,68,59,6"/><T135/><D114/><U97/><E116/><V94/><REACH who="2" step="1"/><F94/><REACH who="2" ten="250,250,240,250" step="2"/><W87/><G113/><T85/><D123/><U127/><E93/><V41/><F41/><W7/><G40/><T101/><D135/><U51/><E43/><V33/><F33/><W98/><G132/><T107/><D107/><U79/><E109/><V46/><F46/><N who="0" m="17418" /><D39/><U63/><E108/><V125/><F125/><W73/><G111/><T48/><D67/><U120/><E127/><V53/><F53/><W37/><G37/><T92/><D28/><AGARI ba="0,1" hai="14,16,22,23,27,28,61,65,69,78,81,84,90,91" machi="28" ten="30,8000,1" yaku="21,2,7,1,52,1,54,1,53,0" doraHai="10" doraHaiUra="34" who="2" fromWho="0" sc="250,-80,250,0,240,90,250,0" /><INIT seed="1,0,0,0,1,104" ten="170,250,330,250" oya="1" hai0="38,8,130,17,14,100,45,134,90,108,63,97,34" hai1="16,72,39,128,89,46,126,79,15,85,112,86,49" hai2="92,51,111,122,30,53,132,31,65,0,20,120,21" hai3="18,41,105,88,93,22,6,7,96,37,69,29,4"/><U36/><E112/><V57/><F0/><W50/><G69/><T54/><D130/><U114/><E114/><V55/><F65/><W133/><G133/><T56/><D134/><U25/><E126/><V13/><F132/><W3/><G37/><T1/><D108/><U87/><E128/><V47/><F111/><W23/><G105/><T71/><D34/><U101/><E101/><V102/><F122/><W10/><G29/><N who="2" m="10761" /><F120/><W43/><G23/><T109/><D109/><U125/><E125/><V40/><F13/><W119/><G119/><T32/><D32/><U62/><E25/><V110/><F110/><W98/><G98/><T2/><D71/><U60/><E39/><V19/><F19/><W52/><G10/><T78/><D78/><U135/><E36/><V123/><F123/><W66/><G66/><T117/><D117/><U83/><E89/><V27/><F40/><W124/><G3/><T80/><D80/><U61/><E135/><V113/><F27/><N who="3" m="14807" /><G124/><T99/><D90/><U75/><E75/><V116/><F116/><W35/><G35/><T28/><D28/><U131/><E131/><V115/><F113/><W59/><AGARI ba="0,0" hai="4,6,7,41,43,50,52,59,88,93,96" m="14807" machi="59" ten="30,4000,0" yaku="8,1,54,2" doraHai="104" who="3" fromWho="3" sc="170,-10,250,-20,330,-10,250,40" /><INIT seed="2,0,0,2,4,115" ten="160,230,320,290" oya="2" hai0="87,80,135,44,0,85,22,125,75,40,74,34,120" hai1="39,76,124,86,129,131,111,38,29,23,72,107,25" hai2="126,110,112,133,71,12,90,91,41,103,66,65,53" hai3="27,16,43,58,46,117,134,130,109,70,42,88,14"/><V32/><F112/><W20/><G70/><T60/><D125/><U19/><E111/><V33/><F41/><W18/><G117/><T73/><D135/><U28/><E124/><V3/><F126/><W31/><G109/><T99/><D34/><U128/><E72/><V48/><F110/><W56/><G134/><T47/><D120/><U104/><E86/><V96/><F3/><W102/><G130/><T1/><D99/><U114/><E76/><V79/><F79/><W64/><G102/><T116/><D60/><U105/><REACH who="1" step="1"/><E114/><REACH who="1" ten="160,220,320,290" step="2"/><V37/><F133/><W106/><G106/><T63/><D87/><U77/><E77/><V50/><F96/><W45/><G42/><T132/><D132/><U78/><E78/><V54/><F33/><W98/><G43/><T26/><D116/><U49/><E49/><V9/><F32/><W55/><G64/><T6/><D63/><U84/><E84/><V30/><F66/><W62/><G58/><T81/><D81/><U10/><E10/><V68/><F9/><N who="3" m="6223" /><G31/><AGARI ba="0,1" hai="19,23,25,28,29,31,38,39,104,105,107,128,129,131" machi="31" ten="50,3200,0" yaku="1,1,19,1,53,0" doraHai="115" doraHaiUra="119" who="1" fromWho="3" sc="160,0,220,42,320,0,290,-32" /><INIT seed="3,0,0,0,5,41" ten="160,262,320,258" oya="3" hai0="49,102,24,113,64,40,10,38,66,63,88,51,132" hai1="55,80,107,37,53,59,126,115,96,28,122,90,31" hai2="129,62,9,67,121,21,101,72,25,39,61,106,89" hai3="93,29,116,16,20,17,48,27,87,52,73,130,65"/><W120/><G116/><T123/><D123/><U14/><E115/><V71/><F39/><W0/><G73/><T6/><D113/><U99/><E126/><V19/><F72/><W7/><G120/><T82/><D132/><U117/><E37/><V134/><F121/><W23/><G130/><T84/><D102/><U68/><E68/><V118/><F118/><W34/><G65/><T83/><D24/><U105/><E14/><V110/><F129/><W94/><G0/><T2/><D64/><U133/><E122/><V127/><F61/><W77/><G7/><T91/><D82/><U43/><E43/><V13/><F134/><W22/><G94/><T135/><D135/><U103/><E133/><V111/><F127/><W100/><G77/><T131/><D131/><U36/><E36/><V3/><F3/><W8/><G8/><T54/><D54/><U69/><E69/><V128/><F128/><W12/><G17/><T42/><D91/><U92/><E117/><V47/><F89/><N who="3" m="53439" /><G100/><T108/><D108/><N who="2" m="41514" /><F101/><W124/><G124/><T95/><D95/><U56/><E103/><V112/><F106/><W26/><G26/><T30/><D30/><U114/><E92/><V97/><F97/><W78/><G78/><T98/><D98/><U58/><E114/><V33/><F33/><W4/><G4/><T70/><REACH who="0" step="1"/><D42/><REACH who="0" ten="150,262,320,258" step="2"/><U74/><E31/><N who="2" m="17839" /><F112/><W60/><G52/><T109/><D109/><U15/><E28/><V57/><F71/><W44/><G27/><T104/><D104/><N who="1" m="40011" /><E55/><V86/><F67/><W35/><G29/><T45/><AGARI ba="0,1" hai="2,6,10,38,40,45,49,51,63,66,70,83,84,88" machi="45" ten="30,7900,0" yaku="1,1,0,1,52,1,54,1,53,0" doraHai="41" doraHaiUra="50" who="0" fromWho="0" sc="150,89,262,-20,320,-20,258,-39" owari="239,-16.1,242,4.2,300,40.0,219,-28.1" /></mjloggm>