<mjloggm ver="2.3"><GO type="225" lobby="0"/><UN n0="%E3%83%8F%E3%83%B3%E3%83%89%E3%83%A9%E3%83%BC%E3%83%BB%E3%83%AF%E3%83%B3" n1="%E3%81%BF%E3%81%BF%E3%81%9A" n2="%E7%89%B9%E6%9D%B1%E3%81%AF%E4%B8%96%E7%95%8C%E3%82%92%E6%95%91%E3%81%86" n3="%E3%81%93%E3%81%91%E6%A4%8D%E7%89%A9" dan="17,18,16,16" rate="2207.14,2225.92,2049.16,2102.72" sx="M,M,M,M"/><TAIKYOKU oya="0"/><INIT seed="0,0,0,1,1,32" ten="250,250,250,250" oya="0" hai0="72,91,37,48,15,84,22,114,28,49,126,86,58" hai1="85,98,124,77,7,65,47,70,39,102,92,46,89" hai2="123,23,20,3,87,112,81,6,4,57,74,75,108" hai3="117,10,69,76,122,60,1,80,13,56,19,14,45"/><T26/><D114/><U113/><E113/><V131/><F112/><W34/><G34/><T71/><D71/><U128/><E128/><V38/><F123/><W127/><G117/><T132/><D72/><U61/><E124/><V52/><F38/><W88/><G127/><T5/><D37/><U103/><E39/><V21/><F131/><W118/><G1/><T119/><D119/><U67/><E67/><V63/><F108/><W134/><G69/><T41/><D132/><U55/><E55/><V9/><REACH who="2" step="1"/><F6/><REACH who="2" ten="250,250,240,250" step="2"/><W79/><G134/><T90/><D126/><U64/><E7/><V40/><F40/><W8/><G122/><T44/><D5/><U101/><E65/><V94/><F94/><W12/><G118/><T83/><D15/><U36/><REACH who="1" step="1"/><E36/><REACH who="1" ten="250,240,240,250" step="2"/><V35/><F35/><W96/><G10/><T53/><REACH who="0" step="1"/><D84/><REACH who="0" ten="240,240,240,250" step="2"/><U43/><E43/><V33/><F33/><W59/><G8/><T17/><D17/><U105/><E105/><V31/><F31/><W125/><G19/><T18/><D18/><U68/><E68/><V129/><F129/><W78/><G125/><T93/><D93/><U54/><E54/><V104/><F104/><W51/><G13/><T116/><D116/><U135/><E135/><V115/><F115/><W25/><G14/><T106/><D106/><U11/><E11/><V121/><F121/><W29/><G12/><T109/><D109/><U97/><E97/><V73/><F73/><W95/><G29/><T82/><D82/><AGARI ba="0,3" hai="46,47,61,64,70,77,82,85,89,92,98,101,102,103" machi="82" ten="40,1300,0" yaku="1,1,53,0" doraHai="32" doraHaiUra="24" who="1" fromWho="0" sc="240,-13,240,43,240,0,250,0" /><INIT seed="1,0,0,0,0,48" ten="227,283,240,250" oya="1" hai0="45,135,33,50,98,30,13,56,7,134,71,102,118" hai1="121,101,90,54,34,130,123,96,26,22,10,79,58" hai2="36,21,44,12,70,106,16,112,3,83,114,73,97" hai3="14,59,28,9,55,91,99,64,29,67,119,37,61"/><U115/><E115/><N who="2" m="44075" /><F70/><W75/><G75/><T2/><D118/><U122/><E130/><V117/><F3/><W32/><G37/><T131/><D71/><U52/><E34/><V103/><F117/><W100/><G119/><T87/><D2/><U86/><E79/><N who="2" m="44527" /><F44/><W4/><G91/><T20/><D131/><U80/><E10/><V63/><F63/><W69/><G32/><T127/><D127/><U25/><E58/><V104/><F36/><W116/><G116/><T77/><D56/><U15/><E15/><V85/><F85/><W68/><G69/><T133/><D33/><U82/><E80/><V65/><F65/><W95/><REACH who="3" step="1"/><G64/><REACH who="3" ten="227,283,240,240" step="2"/><T76/><D135/><U62/><E122/><V0/><F0/><W107/><G107/><AGARI ba="0,1" hai="12,16,21,97,103,104,106,107" m="44527,44075" machi="107" ten="30,2000,0" yaku="11,1,54,1" doraHai="48" who="2" fromWho="3" sc="227,0,283,0,240,30,240,-20" /><INIT seed="2,0,0,5,3,70" ten="227,283,270,220" oya="2" hai0="115,87,46,77,122,58,49,76,127,105,131,109,71" hai1="98,128,39,133,79,44,129,81,22,1,21,54,86" hai2="114,28,27,132,117,38,110,85,47,13,75,135,100" hai3="125,97,72,52,68,130,123,33,67,124,91,31,84"/><V134/><F114/><W89/><G72/><T3/><D71/><U126/><E126/><N who="3" m="48746" /><G123/><T16/><D122/><U24/><E133/><V74/><F117/><W64/><G130/><N who="1" m="50282" /><E1/><V32/><F110/><W37/><G68/><T82/><D3/><U43/><E54/><V119/><F119/><W18/><G33/><T51/><D115/><U78/><E98/><V96/><F85/><W12/><G31/><T101/><D109/><U34/><E79/><V41/><REACH who="2" step="1"/><F13/><REACH who="2" ten="227,283,260,220" step="2"/><W103/><G84/><T36/><D87/><U120/><E120/><V35/><F35/><W17/><G12/><T19/><D131/><U29/><AGARI ba="0,1" hai="21,22,24,29,34,39,43,44,78,81,86" m="50282" machi="29" ten="30,2000,0" yaku="19,1,52,1" doraHai="70" who="1" fromWho="1" sc="227,-5,283,30,260,-10,220,-5" /><INIT seed="3,0,0,3,2,39" ten="222,313,250,215" oya="3" hai0="57,20,16,1,73,71,109,70,87,50,60,106,81" hai1="54,122,17,40,103,76,75,10,47,105,36,120,31" hai2="90,6,133,121,59,43,67,30,18,35,64,101,2" hai3="102,74,7,93,33,61,123,104,24,56,77,112,55"/><W127/><G123/><T0/><D106/><U79/><E54/><V110/><F121/><W107/><G112/><T23/><D73/><U78/><E31/><V37/><F101/><W98/><G127/><T80/><D109/><U38/><E38/><V117/><F117/><W83/><G33/><T124/><D50/><U44/><E44/><V85/><F133/><W113/><G113/><T94/><D94/><U108/><E108/><V14/><F6/><W116/><G116/><T135/><D135/><U118/><E118/><V9/><F2/><W96/><G7/><T111/><D111/><U19/><E19/><V22/><F35/><W42/><G24/><T62/><D87/><U97/><E75/><V132/><F132/><W27/><G27/><T26/><D26/><U65/><E65/><V51/><F37/><W5/><G5/><T41/><D16/><U53/><E53/><N who="2" m="32191" /><F43/><W128/><G128/><T13/><D41/><U15/><AGARI ba="0,0" hai="10,15,17,36,40,47,76,78,79,97,103,105,120,122" machi="15" ten="30,2000,0" yaku="0,1,52,1" doraHai="39" who="1" fromWho="1" sc="222,-5,313,20,250,-5,215,-10" owari="217,-18.3,333,43.3,245,4.5,205,-29.5" /></mjloggm>