<mjloggm ver="2.3"><GO type="225" lobby="0"/><UN n0="%E5%8F%AF%E5%85%90%E9%82%A3%E7%94%B1%E5%A4%9A" n1="%E3%81%A8%E3%82%93%E3%81%A8%E3%81%93%E3%81%A8%E3%82%93" n2="%E9%A2%A8%E3%81%A7%E9%B3%B4%E3%81%8F" n3="%E3%82%B2%E3%82%B9%E8%8C%82%E5%8B%9D" dan="17,16,16,16" rate="2245.12,2131.54,2158.92,2035.60" sx="F,M,M,F"/><TAIKYOKU oya="0"/><INIT seed="0,0,0,5,2,124" ten="250,250,250,250" oya="0" hai0="25,91,62,114,81,74,41,110,102,101,27,134,20" hai1="87,24,35,115,80,46,60,1,9,104,49,71,133" hai2="36,112,21,32,93,31,97,99,3,12,117,39,123" hai3="54,92,69,105,2,33,43,68,131,132,79,42,15"/><T26/><D114/><U19/><E104/><V5/><F112/><W129/><G105/><T96/><D134/><U44/><E115/><V116/><F123/><W8/><G2/><T70/><D110/><U98/><E133/><V23/><F3/><W7/><G33/><T59/><D70/><U125/><E125/><V47/><F32/><W128/><G132/><T4/><D4/><U126/><E126/><V103/><F47/><W16/><G79/><T58/><D41/><N who="3" m="15369" /><G54/><T38/><D38/><U10/><E98/><V89/><F31/><W52/><G92/><N who="0" m="56351" /><D74/><U51/><E1/><V78/><F78/><W90/><G90/><T113/><D113/><U85/><E71/><N who="3" m="27210" /><G52/><N who="0" m="34119" /><D81/><U120/><E120/><V34/><F34/><W22/><G7/><T55/><D20/><AGARI ba="0,0" hai="8,15,16,20,22,128,129,131" m="27210,15369" machi="20" ten="40,8000,1" yaku="19,1,52,3,54,1" doraHai="124" who="3" fromWho="0" sc="250,-80,250,0,250,0,250,80" /><INIT seed="1,0,0,5,2,125" ten="170,250,250,330" oya="1" hai0="64,18,2,91,34,119,52,25,98,97,118,17,126" hai1="89,106,24,26,40,45,99,22,0,81,73,101,3" hai2="60,63,94,113,10,65,15,8,57,11,107,68,74" hai3="9,49,129,102,133,42,29,131,79,105,130,72,116"/><U70/><E70/><V48/><F107/><W135/><G116/><T86/><D126/><U103/><E103/><V77/><F113/><W67/><G67/><T56/><D2/><U47/><E45/><V38/><F38/><W121/><G121/><T7/><D7/><U123/><E123/><V44/><F94/><W75/><G29/><T117/><D64/><U132/><E132/><N who="3" m="50762" /><G79/><T110/><D110/><U124/><E124/><V111/><F111/><W59/><G9/><T115/><D115/><U127/><E127/><V109/><F109/><W32/><G32/><T33/><D33/><U122/><E122/><V90/><F90/><W13/><G13/><T50/><D34/><U88/><E26/><V37/><F37/><W31/><G31/><T43/><D43/><U46/><E89/><V134/><F134/><W39/><G39/><T128/><D25/><U95/><E40/><V51/><F44/><N who="3" m="25751" /><G59/><T30/><D30/><N who="1" m="17687" /><E0/><V20/><F77/><W85/><G85/><T108/><D108/><U36/><E3/><V114/><F74/><W21/><G21/><T66/><D66/><U78/><E36/><V41/><F41/><W27/><G27/><T93/><REACH who="0" step="1"/><D128/><REACH who="0" ten="160,250,250,330" step="2"/><U82/><E82/><V71/><F114/><W84/><G84/><AGARI ba="0,1" hai="46,47,73,78,81,84,88,95,99,101,106" m="17687" machi="84" ten="30,2900,0" yaku="24,1,54,1" doraHai="125" who="1" fromWho="3" sc="160,0,250,39,250,0,330,-29" /><INIT seed="1,1,0,1,3,34" ten="160,289,250,301" oya="1" hai0="20,93,43,17,67,98,13,92,131,106,118,60,26" hai1="59,36,125,122,49,79,56,103,47,46,51,105,10" hai2="65,71,61,116,64,89,94,24,44,88,84,113,0" hai3="102,42,45,21,97,124,31,134,127,27,58,78,52"/><U22/><E79/><V133/><F116/><W11/><G134/><T69/><D118/><U72/><E72/><V32/><F133/><W101/><G78/><T48/><D131/><U1/><E122/><V110/><F110/><W5/><G97/><T54/><D43/><U39/><E105/><V86/><F113/><W19/><G31/><T6/><D106/><U8/><E103/><V25/><F32/><W120/><G120/><T75/><D75/><U95/><E22/><V50/><F64/><W2/><G124/><T132/><D132/><U100/><E100/><V68/><F0/><W91/><G91/><T23/><D98/><U7/><E95/><V70/><F70/><W9/><G9/><T35/><D35/><U104/><E104/><V16/><F71/><W12/><G27/><T80/><D80/><U83/><E83/><V15/><F86/><W130/><G130/><T18/><REACH who="0" step="1"/><D6/><REACH who="0" ten="150,289,250,301" step="2"/><U55/><E125/><V121/><F121/><W76/><G127/><T66/><D66/><U108/><E108/><V82/><F94/><W28/><G28/><T126/><D126/><U57/><REACH who="1" step="1"/><E10/><REACH who="1" ten="150,279,250,301" step="2"/><V123/><F123/><W112/><G112/><T29/><D29/><U90/><E90/><V128/><F89/><W33/><G76/><T107/><D107/><U53/><AGARI ba="1,2" hai="1,7,8,36,39,46,47,49,51,53,55,56,57,59" machi="53" ten="30,11700,0" yaku="1,1,0,1,9,1,52,1,53,0" doraHai="34" doraHaiUra="135" who="1" fromWho="1" sc="150,-40,279,140,250,-40,301,-40" /><INIT seed="1,2,0,1,1,72" ten="110,419,210,261" oya="1" hai0="12,131,108,80,7,56,125,60,45,93,17,26,62" hai1="135,67,20,24,61,57,36,68,19,0,114,103,81" hai2="58,38,32,130,44,2,107,59,23,106,28,15,122" hai3="10,9,3,132,126,18,99,48,127,129,92,25,71"/><U120/><E114/><V78/><F122/><W88/><G71/><T1/><D108/><U84/><E120/><V123/><F123/><W113/><G113/><T14/><D125/><N who="3" m="47625" /><G129/><T91/><D131/><U33/><E0/><V47/><F130/><W117/><G132/><T22/><D1/><U30/><E36/><V40/><F2/><W90/><G117/><T82/><D45/><U104/><E135/><V65/><F32/><W79/><G3/><T46/><D46/><U16/><E57/><V89/><F89/><N who="3" m="34411" /><G79/><T37/><D37/><U98/><E20/><V49/><F78/><AGARI ba="2,0" hai="16,19,24,30,33,61,67,68,78,81,84,98,103,104" machi="78" ten="30,12000,1" yaku="7,1,25,2,52,1,54,1" doraHai="72" who="1" fromWho="2" sc="110,0,419,126,210,-126,261,0" /><INIT seed="1,3,0,5,1,128" ten="110,545,84,261" oya="1" hai0="2,36,110,117,76,22,1,106,5,54,127,71,34" hai1="28,66,15,26,108,4,41,17,116,122,79,59,80" hai2="64,75,16,58,61,8,124,50,134,24,10,93,118" hai3="107,113,72,132,42,123,9,85,115,51,121,56,129"/><U114/><E114/><V96/><F75/><W112/><G72/><T62/><D22/><U125/><E116/><V119/><F124/><W37/><G107/><T87/><D87/><U78/><E122/><N who="3" m="46602" /><G85/><T19/><D19/><U30/><E125/><V82/><F82/><W63/><G9/><T89/><D89/><U6/><E41/><V57/><F134/><W12/><G12/><T111/><D76/><U40/><E40/><V104/><F104/><W46/><G129/><T3/><D3/><U13/><E26/><V81/><F81/><W88/><G88/><T43/><D43/><U14/><E17/><V18/><F119/><W7/><G7/><N who="1" m="2602" /><E108/><V100/><F118/><W25/><G25/><T44/><D1/><U133/><E133/><V35/><F35/><W92/><G92/><T77/><D5/><U102/><E102/><V0/><F0/><W27/><G27/><T29/><D2/><U31/><E80/><V98/><F98/><W20/><G20/><T23/><D23/><U55/><E66/><V48/><F24/><W65/><G132/><T45/><D34/><U99/><E99/><V53/><F8/><W135/><G135/><T109/><D117/><U84/><E84/><V70/><REACH who="2" step="1"/><F10/><REACH who="2" ten="110,545,74,261" step="2"/><W103/><G103/><T95/><D106/><U49/><AGARI ba="3,1" hai="13,14,15,28,30,31,49,55,59,78,79" m="2602" machi="49" ten="40,2100,0" yaku="8,1" doraHai="128" who="1" fromWho="1" sc="110,-10,545,40,74,-10,261,-10" /><INIT seed="1,4,0,1,4,132" ten="100,585,64,251" oya="1" hai0="3,75,124,113,32,13,103,131,120,64,105,46,5" hai1="2,110,77,73,29,99,70,55,63,106,60,118,135" hai2="23,28,59,102,72,18,41,14,91,90,123,129,37" hai3="101,26,80,122,71,69,65,95,58,125,96,57,0"/><U100/><E118/><V107/><F72/><W108/><G108/><T52/><D113/><U39/><E2/><V31/><F123/><W79/><G122/><T98/><D120/><U119/><E119/><V109/><F109/><W121/><G121/><T51/><D75/><U68/><E110/><V84/><F129/><W116/><G0/><T76/><D76/><U15/><E39/><V11/><F107/><W20/><G116/><T22/><D32/><U9/><E29/><V67/><F102/><W8/><G8/><T33/><D33/><U1/><E1/><V112/><F112/><W54/><G65/><T45/><D64/><U47/><E47/><V21/><F90/><W19/><G58/><T104/><D131/><U4/><E135/><V115/><F41/><W83/><G83/><T111/><D111/><U42/><E42/><V40/><F40/><W16/><G19/><N who="0" m="10607" /><D46/><U38/><E38/><V49/><F37/><W36/><G36/><T89/><D89/><U25/><E77/><V50/><F115/><W43/><G43/><T6/><D105/><U87/><E73/><V12/><F91/><W85/><G125/><T134/><D134/><U128/><E128/><V66/><F84/><W94/><REACH who="3" step="1"/><G95/><REACH who="3" ten="100,585,64,241" step="2"/><T82/><D124/><U27/><E70/><V56/><F11/><W61/><AGARI ba="4,1" hai="16,20,26,54,57,61,69,71,79,80,85,94,96,101" machi="61" ten="20,8000,1" yaku="1,1,2,1,0,1,7,1,54,1,53,0" doraHai="132" doraHaiUra="44" who="3" fromWho="3" sc="100,-24,585,-44,64,-24,241,102" /><INIT seed="2,0,0,3,4,106" ten="76,541,40,343" oya="2" hai0="61,48,112,33,41,87,83,80,98,100,65,59,37" hai1="58,68,115,44,94,129,118,27,121,99,14,13,21" hai2="10,3,56,85,73,55,46,95,126,8,77,103,18" hai3="43,39,128,7,15,119,125,108,124,120,4,74,67"/><V2/><F126/><W29/><G119/><T64/><D112/><U30/><E68/><V130/><F130/><W82/><G120/><T63/><D33/><U31/><E115/><V9/><F46/><N who="3" m="23935" /><G128/><T28/><D28/><N who="1" m="17519" /><E118/><V26/><F73/><W47/><G67/><T0/><D0/><U90/><E129/><V97/><F2/><W114/><G114/><T25/><D25/><U110/><E110/><V88/><F3/><W49/><G29/><N who="1" m="10762" /><E121/><V133/><F133/><W60/><G60/><T22/><D22/><U123/><E123/><V96/><F77/><N who="3" m="44343" /><G15/><N who="1" m="5642" /><E58/><V19/><F26/><W32/><G32/><T53/><D37/><U116/><E116/><V91/><F91/><W54/><G108/><T113/><D113/><U79/><E44/><V71/><F71/><W5/><G4/><T107/><D80/><U101/><E79/><V24/><F24/><W75/><G75/><T51/><D41/><U109/><E109/><V111/><F111/><W86/><G5/><T92/><D107/><U134/><E134/><V78/><F78/><W17/><G7/><T45/><D45/><U66/><E66/><V20/><F20/><W76/><G17/><N who="2" m="6153" /><F103/><AGARI ba="0,0" hai="90,94,99,101,103" m="5642,10762,17519" machi="103" ten="30,1000,0" yaku="8,1" doraHai="106" who="1" fromWho="2" sc="76,0,541,10,40,-10,343,0" /><INIT seed="3,0,0,0,4,88" ten="76,551,30,343" oya="3" hai0="105,20,112,42,30,104,22,79,58,25,110,109,98" hai1="78,47,6,82,101,128,86,44,17,51,94,132,62" hai2="111,11,57,117,123,26,66,91,89,75,72,102,99" hai3="70,41,121,39,23,87,9,63,106,81,80,114,115"/><W16/><G121/><T122/><D122/><U100/><E128/><V48/><F123/><W126/><G126/><T55/><D112/><U130/><E130/><V21/><F117/><W125/><G125/><T93/><D42/><U129/><E129/><V1/><F111/><N who="0" m="42506" /><D79/><U28/><E132/><V3/><F72/><W92/><G106/><T59/><D22/><U113/><E113/><V131/><F75/><W65/><G9/><T68/><D68/><U2/><E28/><V71/><F71/><W97/><G41/><T34/><D20/><U38/><E38/><V31/><F131/><W134/><G39/><T124/><D59/><U36/><E36/><V83/><F48/><W7/><G7/><T84/><D84/><U76/><E76/><V32/><F32/><W13/><G134/><T14/><D14/><U61/><E2/><V27/><F27/><W60/><G60/><N who="0" m="35935" /><D124/><U15/><E6/><V119/><F119/><W103/><REACH who="3" step="1"/><G80/><REACH who="3" ten="76,551,30,333" step="2"/><T35/><D35/><U107/><E107/><V19/><F83/><W8/><G8/><T56/><D105/><U10/><E62/><N who="2" m="38223" /><F1/><W108/><G108/><T18/><D104/><U52/><E61/><V74/><F3/><W116/><G116/><T43/><D43/><N who="1" m="24991" /><E94/><N who="2" m="58743" /><F74/><W4/><G4/><T24/><D34/><U67/><E10/><V77/><F77/><AGARI ba="0,1" hai="13,16,23,63,65,70,77,81,87,92,97,103,114,115" machi="77" ten="30,11600,0" yaku="1,1,7,1,52,1,54,1,53,0" doraHai="88" doraHaiUra="50" who="3" fromWho="2" sc="76,0,551,0,30,-116,333,126" owari="76,-32.4,551,65.1,-86,-58.6,459,25.9" /></mjloggm>