<mjloggm ver="2.3"><GO type="225" lobby="0"/><UN n0="%E3%81%9F%E3%81%93%E2%98%86%E7%84%BC%E3%81%8D" n1="%4C%4F%4C%49%54%41" n2="%47%32%E9%BE%8D%E9%96%80" n3="%E3%81%95%E3%81%8D%E3%81%9F%E3%81%BE%E6%9E%97%E6%AA%8E" dan="16,16,16,16" rate="2112.82,2191.62,2090.83,2080.11" sx="M,F,M,M"/><TAIKYOKU oya="0"/><INIT seed="0,0,0,5,4,115" ten="250,250,250,250" oya="0" hai0="67,103,107,129,45,118,79,52,34,29,27,62,80" hai1="82,84,91,114,106,133,87,124,47,93,26,33,130" hai2="7,19,43,121,76,41,122,88,108,14,61,116,42" hai3="15,109,128,85,22,71,30,134,101,24,55,74,49"/><T23/><D129/><U95/><E33/><V75/><F108/><W13/><G109/><T92/><D118/><U0/><E0/><V2/><F2/><W40/><G134/><T8/><D8/><U39/><E39/><V64/><F7/><W69/><G74/><T113/><D113/><U46/><E114/><V21/><F76/><W72/><G72/><T81/><D81/><U16/><E106/><V56/><F75/><W44/><G128/><T100/><D107/><U98/><E124/><V48/><F48/><W57/><G101/><T70/><D34/><U63/><E63/><V73/><F73/><W105/><G105/><T66/><D66/><U9/><E133/><V36/><F36/><W28/><G28/><T111/><D111/><U131/><E130/><V51/><F51/><W53/><G53/><T58/><D45/><U132/><E132/><V38/><F38/><W120/><G120/><T1/><D1/><U4/><E4/><V32/><F32/><W83/><G71/><T94/><D80/><U86/><E86/><V6/><F6/><W135/><G69/><T119/><D79/><N who="1" m="46175" /><E131/><V102/><F102/><N who="0" m="38954" /><D119/><U127/><E127/><V65/><F116/><W37/><REACH who="3" step="1"/><G135/><REACH who="3" ten="250,250,250,240" step="2"/><T10/><D70/><U78/><E78/><AGARI ba="0,1" hai="13,15,22,24,30,37,40,44,49,55,57,78,83,85" machi="78" ten="30,3900,0" yaku="1,1,2,1,7,1,53,0" doraHai="115" doraHaiUra="99" who="3" fromWho="1" sc="250,0,250,-39,250,0,240,49" /><INIT seed="1,0,0,2,4,59" ten="250,211,250,289" oya="1" hai0="62,107,64,86,94,80,57,67,55,61,105,43,18" hai1="46,96,0,93,101,114,85,66,65,83,41,95,33" hai2="104,58,32,14,40,115,135,6,110,60,50,130,20" hai3="100,106,90,22,9,75,45,92,117,89,76,112,47"/><U98/><E114/><V16/><F104/><W108/><G108/><T103/><D43/><U79/><E0/><V30/><F110/><W28/><G112/><T70/><D18/><U24/><E24/><N who="2" m="16647" /><F32/><W8/><G106/><T129/><D129/><U19/><E19/><V88/><F135/><W97/><G117/><T87/><D55/><U42/><E33/><V118/><F130/><W38/><G76/><T77/><REACH who="0" step="1"/><D87/><REACH who="0" ten="240,211,250,289" step="2"/><U122/><E122/><V133/><F115/><W53/><G53/><T123/><D123/><U119/><E119/><V111/><F111/><W34/><G75/><T29/><D29/><U56/><E42/><V68/><F40/><W1/><G28/><T131/><D131/><U25/><E41/><V128/><F128/><W7/><G38/><T23/><D23/><U72/><E85/><V84/><F118/><W91/><G22/><T48/><D48/><U63/><E25/><V12/><F50/><W27/><G9/><T109/><D109/><U26/><E26/><V73/><F73/><W127/><G34/><T121/><D121/><U36/><E36/><V116/><F116/><W21/><G21/><T99/><AGARI ba="0,1" hai="57,61,62,64,67,70,77,80,86,94,99,103,105,107" machi="99" ten="30,8000,1" yaku="1,1,0,1,52,2,53,1" doraHai="59" doraHaiUra="81" who="0" fromWho="0" sc="240,90,211,-40,250,-20,289,-20" /><INIT seed="2,0,0,5,4,84" ten="330,171,230,269" oya="2" hai0="132,41,93,89,39,36,27,128,97,63,108,43,59" hai1="109,96,126,105,26,91,73,67,13,102,40,99,2" hai2="75,115,7,25,56,66,52,70,122,23,12,15,32" hai3="57,135,35,94,24,44,14,5,65,90,4,92,103"/><V68/><F115/><W10/><G135/><T78/><D78/><U18/><E2/><V117/><F122/><W61/><G35/><T118/><D118/><U48/><E73/><V55/><F117/><W110/><G110/><T11/><D108/><U3/><E3/><V86/><F75/><W50/><G103/><T16/><D128/><U106/><E109/><V0/><F32/><W49/><G94/><T9/><D36/><U79/><E126/><V29/><F0/><W104/><G104/><T64/><D39/><U125/><E125/><V69/><F86/><W76/><G76/><T37/><D37/><U51/><E79/><V74/><F74/><W83/><G83/><T77/><D77/><U88/><E67/><V17/><F7/><N who="3" m="3423" /><G24/><T30/><D9/><U42/><E26/><V45/><F45/><W87/><G50/><T28/><D28/><U47/><E47/><V129/><F129/><W38/><G38/><T54/><D64/><U113/><E13/><V112/><F112/><W111/><G111/><T60/><D60/><U120/><E113/><V116/><F116/><W95/><G95/><T80/><D80/><U20/><E18/><V71/><F71/><W53/><AGARI ba="0,0" hai="4,5,44,49,53,57,61,65,87,90,92" m="3423" machi="53" ten="30,2000,0" yaku="8,1,52,1" doraHai="84" who="3" fromWho="3" sc="330,-5,171,-5,230,-10,269,20" /><INIT seed="3,0,0,0,0,77" ten="325,166,220,289" oya="3" hai0="72,36,82,21,11,119,123,70,50,1,26,117,42" hai1="56,126,73,111,79,57,16,76,101,90,37,27,84" hai2="98,130,108,132,116,133,31,55,46,115,69,7,134" hai3="43,34,103,67,18,20,29,8,125,128,112,0,109"/><W38/><G112/><T47/><D123/><U33/><E37/><V39/><F115/><W25/><G103/><T135/><D70/><U106/><E111/><V88/><F116/><W30/><G67/><T10/><D10/><U64/><E126/><V122/><F108/><W32/><G43/><T105/><D50/><U49/><E73/><V80/><F130/><W62/><G62/><T107/><D135/><U92/><E33/><V121/><F69/><W75/><G75/><T102/><D21/><U14/><E27/><V53/><F7/><W94/><G38/><T97/><D26/><U85/><E106/><V99/><F31/><W44/><G44/><T87/><D107/><U68/><E101/><V74/><F39/><W96/><G125/><T54/><D54/><N who="2" m="20490" /><F46/><W41/><G30/><T120/><D120/><N who="2" m="46186" /><F74/><W4/><G34/><T129/><D129/><U15/><E68/><V118/><F118/><W60/><G128/><T58/><D58/><U61/><E57/><V13/><F13/><W9/><G4/><T71/><D71/><U83/><E49/><V22/><F22/><W127/><G20/><T78/><D87/><AGARI ba="0,0" hai="80,87,88,98,99,132,133,134" m="46186,20490" machi="87" ten="40,8000,1" yaku="20,1,13,1,52,1,54,1" doraHai="77" who="2" fromWho="0" sc="325,-80,166,0,220,80,289,0" owari="245,-15.5,166,-33.4,300,40.0,289,8.9" /></mjloggm>