<mjloggm ver="2.3"><GO type="225" lobby="0"/><UN n0="%73%6C%69%63%6B%33%31%39" n1="%E3%81%B2%E3%81%AA%E3%81%AE%E3%82%8A%E3%81%8F" n2="%E3%81%AF%E3%82%88%E3%81%8A%E3%81%98%E3%81%95%E3%82%93" n3="%6D%75%75%6D%75%72%61" dan="16,17,17,16" rate="2109.08,2196.51,2197.92,2126.27" sx="M,M,M,F"/><TAIKYOKU oya="0"/><INIT seed="0,0,0,4,3,95" ten="250,250,250,250" oya="0" hai0="93,39,5,117,109,43,88,20,82,110,112,73,91" hai1="65,94,49,18,96,55,107,131,99,29,36,116,62" hai2="45,42,74,23,25,80,16,130,52,64,70,57,66" hai3="3,104,78,8,72,14,118,50,102,38,53,86,124"/><T90/><D112/><U126/><E116/><V10/><F130/><W106/><G118/><T133/><D117/><U41/><E131/><V4/><F70/><W103/><G72/><T68/><D68/><U22/><E36/><V75/><F75/><W44/><G3/><T76/><D133/><U59/><E41/><V6/><F80/><W123/><G124/><T84/><D5/><U24/><E126/><V2/><F4/><W61/><G38/><T77/><D77/><U121/><E121/><V63/><REACH who="2" step="1"/><F74/><REACH who="2" ten="250,250,240,250" step="2"/><W34/><G123/><T31/><D110/><U120/><E120/><V67/><F67/><W108/><G108/><T54/><D109/><U60/><E65/><V37/><AGARI ba="0,1" hai="2,6,10,16,23,25,37,42,45,52,57,63,64,66" machi="37" ten="20,12000,2" yaku="1,1,0,1,7,1,54,2,53,1" doraHai="95" doraHaiUra="40" who="2" fromWho="2" sc="250,-60,250,-30,240,130,250,-30" /><INIT seed="1,0,0,0,5,78" ten="190,220,370,220" oya="1" hai0="87,19,14,110,20,85,42,125,40,28,6,22,58" hai1="9,83,101,69,39,130,114,63,21,124,132,30,77" hai2="62,81,13,133,91,103,53,24,111,121,44,73,107" hai3="115,116,36,126,5,67,16,66,50,128,10,12,105"/><U48/><E114/><V74/><F121/><W102/><G115/><T18/><D110/><U29/><E39/><V57/><F111/><W79/><G36/><T80/><D125/><U0/><E124/><V109/><F109/><W93/><G126/><T43/><D6/><U32/><E32/><V108/><F108/><W96/><G128/><T129/><D129/><U23/><E130/><V118/><F118/><W2/><G116/><T98/><D28/><U56/><E101/><V75/><F133/><W72/><G105/><T68/><D68/><U134/><E69/><V131/><F131/><W47/><G79/><T127/><D127/><U106/><E106/><V46/><F24/><W17/><G72/><T1/><D1/><U15/><E48/><V25/><F25/><W27/><G27/><T65/><D98/><U120/><E0/><V8/><F103/><W51/><G51/><T113/><D113/><U70/><E70/><V11/><F107/><W92/><G92/><T100/><D100/><U89/><E89/><V59/><F57/><W90/><G102/><T94/><D94/><U112/><E120/><V82/><F8/><W31/><G31/><N who="1" m="11786" /><E112/><V84/><REACH who="2" step="1"/><F82/><REACH who="2" ten="190,220,360,220" step="2"/><W38/><G2/><T49/><D80/><U119/><E119/><V123/><F123/><W4/><G4/><AGARI ba="0,1" hai="4,11,13,44,46,53,59,62,73,74,75,81,84,91" machi="4" ten="40,8000,1" yaku="1,1,52,1,53,3" doraHai="78" doraHaiUra="104" who="2" fromWho="3" sc="190,0,220,0,360,90,220,-80" /><INIT seed="2,0,0,5,5,48" ten="190,220,450,140" oya="2" hai0="21,43,13,87,5,115,114,24,33,8,47,113,32" hai1="77,126,54,79,26,61,30,38,80,58,116,4,2" hai2="57,18,70,55,14,90,131,51,106,82,102,105,19" hai3="1,65,0,40,83,49,112,52,10,121,89,130,41"/><V72/><F70/><W95/><G121/><T62/><D62/><U69/><E38/><V60/><F131/><W84/><G130/><T15/><D87/><U94/><E116/><V100/><F105/><W35/><G35/><T128/><D128/><U118/><E118/><V123/><F123/><W23/><G112/><T56/><D56/><U67/><E126/><V104/><F104/><W7/><G1/><T20/><D47/><U129/><E129/><V78/><F90/><W44/><G65/><T99/><D99/><U66/><E94/><V75/><F72/><W86/><REACH who="3" step="1"/><G23/><REACH who="3" ten="190,220,450,130" step="2"/><T27/><D43/><U103/><E67/><V16/><F14/><W122/><G122/><T39/><D15/><U119/><E2/><V120/><F120/><W63/><G63/><T109/><D109/><U68/><E61/><V31/><F106/><W108/><G108/><T93/><D114/><U134/><E119/><V71/><REACH who="2" step="1"/><F31/><REACH who="2" ten="190,220,440,130" step="2"/><W22/><G22/><T88/><D115/><U64/><E30/><V101/><F101/><W110/><G110/><T11/><D113/><U36/><E103/><V81/><F81/><W17/><G17/><T85/><D20/><U34/><E80/><V117/><F117/><W25/><G25/><T42/><D24/><U29/><E26/><V98/><F98/><W135/><G135/><T28/><D21/><U74/><E29/><V107/><F107/><W73/><G73/><T92/><D27/><U12/><E74/><V124/><F124/><W45/><G45/><N who="0" m="23775" /><D28/><U59/><E134/><V132/><F132/><W111/><G111/><T97/><D11/><RYUUKYOKU ba="0,2" sc="190,10,220,-30,440,10,130,10" hai0="5,8,13,32,33,85,88,92,93,97" hai2="16,18,19,51,55,57,60,71,75,78,82,100,102" hai3="0,7,10,40,41,44,49,52,83,84,86,89,95" /><INIT seed="2,1,2,1,4,127" ten="200,190,450,140" oya="2" hai0="40,41,11,115,113,81,130,116,33,0,36,38,6" hai1="14,104,102,13,27,80,7,100,96,37,98,123,23" hai2="79,8,19,20,56,135,30,90,50,51,60,25,106" hai3="22,110,83,120,91,32,121,28,111,24,109,75,71"/><V57/><F106/><W26/><G71/><T103/><D33/><U12/><E37/><V125/><F125/><W107/><G107/><T89/><D116/><U21/><E123/><V122/><F122/><W54/><G54/><T72/><D130/><U44/><E7/><V52/><F135/><W58/><G58/><T131/><D131/><U67/><E67/><V87/><F79/><W108/><N who="3" m="27648" /><DORA hai="95" /><W112/><G112/><T126/><D126/><U49/><E80/><V61/><F8/><W78/><REACH who="3" step="1"/><G91/><REACH who="3" ten="200,190,450,130" step="2"/><T10/><D89/><U9/><E104/><V92/><F30/><AGARI ba="1,3" hai="22,24,26,28,30,32,75,78,83,120,121" m="27648" machi="30" ten="70,8000,1" yaku="1,1,2,1,14,1,53,0" doraHai="127,95" doraHaiUra="3,68" who="3" fromWho="2" sc="200,0,190,0,450,-83,130,113" /><INIT seed="3,0,0,5,1,118" ten="200,190,367,243" oya="3" hai0="30,1,9,51,56,47,86,59,68,29,70,65,132" hai1="21,92,8,110,101,134,121,125,107,129,50,96,13" hai2="79,2,72,14,42,120,114,22,64,33,15,112,6" hai3="28,48,119,82,75,37,63,27,26,100,131,67,74"/><W11/><G119/><T116/><D116/><U69/><E69/><V78/><F33/><W90/><G37/><T122/><D122/><U73/><E121/><V46/><F120/><W111/><G131/><T95/><D132/><U93/><E134/><V45/><F64/><W17/><G75/><T40/><D68/><U35/><E35/><V24/><F2/><W44/><G100/><T23/><D70/><U135/><E135/><V115/><F6/><W0/><G28/><N who="0" m="10859" /><D1/><U5/><E129/><V61/><F61/><W25/><G111/><T91/><D65/><U99/><E110/><V20/><F24/><W55/><G0/><T41/><D9/><U58/><E73/><V18/><F72/><W36/><G36/><T19/><D41/><U3/><E125/><V81/><F81/><W62/><G74/><T71/><D71/><U39/><E39/><V76/><F42/><W57/><G63/><T54/><D40/><U106/><E21/><V94/><F94/><W89/><G82/><T12/><AGARI ba="0,0" hai="12,19,23,47,51,54,56,59,86,91,95" m="10859" machi="12" ten="30,1100,0" yaku="8,1" doraHai="118" who="0" fromWho="0" sc="200,11,190,-3,367,-3,243,-5" owari="211,-18.9,187,-31.3,364,46.4,238,3.8" /></mjloggm>