<mjloggm ver="2.3"><GO type="225" lobby="0"/><UN n0="%E6%AF%94%E5%98%89%E7%A6%BF%E4%BB%81" n1="%E3%83%B4%E3%83%A0%EF%BC%99%E3%81%A6" n2="%E5%AE%AE%E4%BF%9D%E9%B6%8F%E8%82%89" n3="%61%69%73%79%6F" dan="17,17,16,17" rate="2146.67,2193.97,2119.62,2202.74" sx="M,M,M,M"/><TAIKYOKU oya="0"/><INIT seed="0,0,0,4,1,35" ten="250,250,250,250" oya="0" hai0="33,34,131,84,2,43,29,89,77,117,50,13,25" hai1="65,87,120,85,51,122,72,71,93,68,135,104,113" hai2="67,97,37,134,112,30,94,41,27,82,18,12,52" hai3="101,98,114,133,73,22,48,100,107,75,8,74,58"/><T17/><D117/><U96/><E72/><V123/><F123/><W54/><G114/><T26/><D131/><U10/><E113/><V126/><F112/><W62/><G133/><T1/><D77/><U60/><E135/><V118/><F134/><W11/><G101/><T39/><D39/><U66/><E51/><V32/><F67/><W20/><G8/><T57/><D43/><U124/><E124/><V3/><F126/><W7/><REACH who="3" step="1"/><G62/><REACH who="3" ten="250,250,250,240" step="2"/><T21/><D34/><U88/><E10/><V91/><F118/><W45/><G45/><T108/><D108/><U0/><E104/><V4/><F37/><W38/><G38/><T95/><REACH who="0" step="1"/><D25/><REACH who="0" ten="240,250,250,240" step="2"/><U103/><E120/><V86/><F27/><W14/><AGARI ba="0,2" hai="7,11,14,20,22,48,54,58,73,74,75,98,100,107" machi="14" ten="30,2000,0" yaku="1,1,0,1,53,0" doraHai="35" doraHaiUra="15" who="3" fromWho="3" sc="240,-10,250,-5,250,-5,240,40" /><INIT seed="1,0,0,5,1,3" ten="230,245,245,280" oya="1" hai0="109,107,28,2,37,1,8,20,9,84,127,75,101" hai1="91,125,106,114,5,113,0,100,124,119,67,74,47" hai2="26,121,23,65,36,132,95,41,128,27,126,71,59" hai3="14,68,118,60,112,53,87,134,10,62,120,18,49"/><U22/><E119/><V15/><F121/><W80/><G112/><T98/><D75/><U70/><E74/><V50/><F126/><N who="1" m="48745" /><E22/><V97/><F132/><W133/><G120/><T52/><D37/><U39/><E91/><V40/><F128/><W90/><G118/><T38/><D38/><U88/><E88/><N who="2" m="55527" /><F71/><W69/><G69/><T82/><D127/><U94/><E94/><V96/><F36/><W77/><G68/><T102/><D109/><U21/><E21/><V83/><F83/><W17/><G77/><T116/><D116/><U64/><E100/><V76/><F96/><W13/><G134/><T73/><D73/><U78/><E78/><V56/><F76/><W54/><G54/><T19/><D102/><U11/><E106/><V63/><F59/><N who="3" m="33199" /><G133/><T123/><D123/><U43/><E67/><V55/><F65/><W85/><G85/><T93/><D107/><U51/><E51/><V111/><F111/><W115/><G115/><T104/><D104/><U129/><E129/><V72/><F72/><W86/><G86/><T29/><D84/><U6/><E64/><V35/><F35/><W46/><G87/><T57/><D82/><U131/><E70/><V117/><F117/><W99/><G99/><T44/><D98/><U66/><E66/><V48/><F48/><W16/><G90/><T24/><D101/><U31/><E131/><V34/><F34/><W32/><G32/><T89/><D89/><U4/><E31/><V58/><F58/><W42/><G80/><T135/><D28/><U110/><E110/><V130/><F130/><W92/><G92/><RYUUKYOKU ba="0,0" sc="230,-10,245,30,245,-10,280,-10" hai1="0,4,5,6,11,39,43,47,113,114" /><INIT seed="1,1,0,5,5,30" ten="220,275,235,270" oya="1" hai0="105,26,132,118,134,126,12,1,19,66,62,40,108" hai1="115,9,89,69,10,17,6,135,78,122,38,46,73" hai2="45,77,37,102,83,52,44,34,93,92,55,76,39" hai3="59,5,18,70,95,96,64,116,112,94,130,90,71"/><U85/><E115/><V42/><F102/><W16/><G112/><T33/><D105/><U68/><E122/><V22/><F22/><W103/><G71/><T79/><D118/><U20/><E135/><N who="0" m="51753" /><D1/><U111/><E78/><V88/><F42/><W27/><G70/><N who="0" m="42327" /><D108/><U87/><E73/><V104/><F104/><W81/><G130/><T7/><D126/><U50/><E38/><V60/><F60/><N who="3" m="37919" /><G5/><T24/><D40/><U91/><E111/><V23/><F23/><N who="3" m="13799" /><G116/><T54/><D7/><U47/><E6/><V65/><F65/><W35/><G35/><T84/><D54/><U29/><E68/><V13/><F13/><W113/><G18/><T120/><D120/><U127/><E69/><V121/><F121/><W2/><G2/><T97/><D97/><U75/><E29/><V41/><F41/><W133/><G113/><T8/><D33/><U49/><E127/><V100/><F34/><W124/><G124/><T129/><D129/><U110/><E110/><V14/><F14/><W21/><G21/><T0/><D0/><U57/><E20/><V28/><F28/><W25/><G25/><T67/><D67/><U3/><E3/><V119/><F119/><W114/><G114/><T43/><D43/><U58/><E17/><V117/><F117/><W74/><G133/><T86/><D79/><U32/><E32/><V98/><F98/><N who="3" m="57687" /><G81/><T51/><D51/><U82/><E82/><V11/><F83/><W53/><G53/><T48/><D48/><U31/><E31/><V131/><F131/><W61/><G61/><T125/><D125/><U101/><E101/><RYUUKYOKU ba="1,0" sc="220,10,275,10,235,-30,270,10" hai0="8,12,19,24,26,84,86" hai1="9,10,46,47,49,50,57,58,75,85,87,89,91" hai3="74,95,96,103" /><INIT seed="1,2,0,5,2,66" ten="230,285,205,280" oya="1" hai0="33,49,115,8,110,24,90,124,58,65,48,43,11" hai1="1,75,92,68,26,71,103,109,64,93,129,119,106" hai2="135,87,130,31,59,69,134,95,10,36,102,78,55" hai3="67,5,46,96,117,94,62,127,83,118,17,89,12"/><U122/><E119/><N who="3" m="45578" /><G127/><T73/><D115/><U37/><E122/><V85/><F36/><W23/><G5/><T56/><D73/><U121/><E121/><V132/><F130/><W16/><G17/><T77/><D77/><U79/><E37/><V113/><F113/><W13/><G46/><T101/><D101/><U45/><E1/><V72/><F31/><W4/><G4/><T86/><D110/><U29/><E45/><V40/><F40/><W35/><G83/><T107/><D107/><U27/><E27/><V22/><F22/><W133/><G35/><T116/><D116/><U57/><E57/><V123/><F123/><W99/><G133/><T21/><D33/><N who="1" m="20663" /><E68/><V114/><F114/><W100/><G12/><T88/><D43/><U44/><E44/><V82/><F69/><N who="3" m="42231" /><G99/><T42/><D42/><U111/><E129/><V15/><F15/><W98/><G96/><T3/><D3/><U52/><E79/><V63/><F10/><W54/><G54/><T128/><D128/><U51/><E75/><V60/><F63/><W81/><G81/><T28/><D24/><U76/><E76/><V32/><F32/><W74/><G74/><T50/><D21/><U14/><E14/><V25/><F25/><W91/><AGARI ba="2,0" hai="13,16,23,89,91,94,98,100" m="42231,45578" machi="91" ten="30,4000,0" yaku="12,1,52,1,54,1" doraHai="66" who="3" fromWho="3" sc="230,-12,285,-22,205,-12,280,46" /><INIT seed="2,0,0,5,5,68" ten="218,263,193,326" oya="2" hai0="72,121,80,30,90,51,45,3,132,12,99,40,107" hai1="71,28,29,117,56,100,102,112,79,55,120,111,57" hai2="25,44,19,123,133,81,73,94,69,15,26,92,87" hai3="48,5,106,49,88,70,105,126,134,0,8,58,4"/><V129/><F123/><W41/><G70/><T93/><D121/><U31/><E120/><V119/><F69/><W62/><G126/><T35/><D3/><U34/><E71/><V89/><F73/><W127/><G5/><T63/><D132/><U96/><E112/><V110/><F119/><W124/><G134/><T131/><D131/><U61/><E117/><V108/><F133/><W118/><G118/><T7/><D107/><N who="3" m="40969" /><G41/><T103/><D63/><U128/><E128/><V13/><F129/><W113/><G88/><T82/><D72/><U84/><E34/><V42/><F13/><W14/><G14/><T86/><D35/><U10/><E96/><V20/><F25/><W135/><G113/><T98/><D30/><U66/><E10/><V18/><F94/><W77/><G77/><T85/><D98/><U64/><E64/><V91/><F91/><W54/><G135/><T67/><D67/><U17/><E17/><V9/><REACH who="2" step="1"/><F92/><REACH who="2" ten="218,263,183,326" step="2"/><W65/><G124/><T43/><D12/><U115/><E115/><V16/><F16/><W37/><G0/><T50/><D7/><U130/><E130/><V1/><F1/><W38/><G4/><T101/><D93/><U83/><E28/><V39/><AGARI ba="0,1" hai="9,15,18,19,20,26,39,42,44,81,87,89,108,110" machi="39" ten="30,6000,0" yaku="1,1,0,1,52,1,53,0" doraHai="68" doraHaiUra="109" who="2" fromWho="2" sc="218,-20,263,-20,183,70,326,-20" /><INIT seed="2,1,0,3,5,120" ten="198,243,253,306" oya="2" hai0="29,8,64,91,74,92,40,59,99,94,39,77,13" hai1="14,73,15,67,36,95,63,113,6,96,0,27,97" hai2="53,124,135,3,81,24,87,9,5,68,62,61,16" hai3="66,25,76,43,18,71,117,44,7,86,31,34,132"/><V54/><F124/><W42/><G117/><T101/><D39/><U79/><E113/><V88/><F135/><W133/><G7/><T129/><D129/><U110/><E36/><V57/><F68/><W56/><G71/><T90/><D40/><U72/><E0/><V115/><F115/><W65/><G18/><T49/><D74/><U116/><E116/><V107/><F107/><W84/><G43/><T106/><D77/><U37/><E37/><V114/><F114/><W48/><G56/><T85/><D29/><U134/><E27/><V111/><F111/><W123/><G123/><T131/><D131/><U119/><E134/><N who="3" m="51818" /><G76/><T20/><D20/><U38/><E38/><V46/><F46/><W30/><G30/><T82/><D91/><U52/><E79/><V128/><F128/><W12/><G12/><T89/><D89/><U55/><E14/><V17/><F24/><W41/><G41/><T50/><D50/><U19/><E6/><V47/><F47/><W121/><G121/><T122/><D122/><U102/><E15/><V126/><F126/><W108/><G108/><T98/><D98/><U83/><E110/><V109/><F109/><W112/><G112/><T69/><D69/><U32/><E19/><V130/><F130/><W22/><G34/><T103/><D49/><U104/><E32/><V45/><F45/><W26/><G25/><T70/><D70/><N who="1" m="42367" /><E119/><V118/><F118/><W93/><G93/><T127/><D127/><U125/><E125/><V100/><F100/><W35/><G35/><T4/><D103/><N who="1" m="60831" /><E83/><V33/><F33/><W78/><G78/><RYUUKYOKU ba="1,0" sc="198,0,243,0,253,0,306,0" hai0="4,8,13,59,64,82,85,90,92,94,99,101,106" hai1="52,55,72,73,97,102,104" hai2="3,5,9,16,17,53,54,57,61,62,81,87,88" hai3="22,26,31,42,44,48,65,66,84,86" /><INIT seed="2,2,0,1,4,76" ten="198,243,253,306" oya="2" hai0="9,104,47,98,13,37,99,118,78,62,27,7,58" hai1="29,112,87,12,77,14,115,56,116,102,24,8,39" hai2="132,126,15,48,65,43,31,92,131,21,130,100,1" hai3="0,4,119,109,90,55,68,26,38,72,86,42,75"/><V71/><F1/><W45/><G109/><T44/><D118/><U5/><E116/><V67/><F126/><W34/><G68/><T66/><D37/><U84/><E39/><V127/><F127/><W18/><G119/><T3/><D3/><U110/><E110/><V134/><F43/><W30/><G18/><T2/><D2/><U135/><E135/><N who="2" m="51755" /><F48/><W59/><G4/><T129/><D129/><N who="2" m="49162" /><F71/><W6/><G6/><T89/><D78/><U50/><E5/><V93/><F15/><W101/><G0/><T61/><D27/><U122/><E12/><V51/><F51/><W79/><G79/><T53/><D104/><U83/><E50/><V103/><F21/><W22/><G22/><T19/><D7/><U17/><E14/><V57/><F31/><W54/><G54/><T121/><D121/><U23/><E29/><V60/><F65/><W117/><G117/><T63/><D66/><U133/><E23/><V35/><F35/><W94/><G101/><AGARI ba="2,0" hai="57,60,67,92,93,100,101,103" m="49162,51755" machi="101" ten="30,2900,0" yaku="20,1,19,1" doraHai="76" who="2" fromWho="3" sc="198,0,243,0,253,35,306,-35" /><INIT seed="2,3,0,3,5,62" ten="198,243,288,271" oya="2" hai0="90,58,104,33,121,11,86,134,120,2,114,36,118" hai1="4,72,21,73,100,132,45,84,96,116,102,63,91" hai2="112,113,106,109,61,64,95,40,111,125,1,68,47" hai3="38,48,77,35,17,81,53,54,55,34,3,56,26"/><V19/><F106/><W76/><G3/><T10/><D104/><U50/><E116/><V79/><F1/><W39/><G17/><T15/><D36/><U71/><E132/><V29/><F29/><W122/><G26/><T27/><D114/><N who="2" m="44138" /><F95/><W14/><G14/><T59/><D134/><U52/><E4/><V23/><F79/><W13/><G13/><T101/><D101/><U89/><E100/><V105/><F105/><W31/><G54/><T75/><D75/><U119/><E119/><V18/><F23/><W130/><G48/><T107/><D107/><U94/><E102/><V133/><F133/><W46/><G81/><T8/><D118/><U108/><E108/><N who="2" m="41547" /><F125/><W37/><G31/><T0/><D15/><U51/><E21/><V87/><F87/><W78/><G78/><T92/><D0/><U80/><E51/><AGARI ba="3,0" hai="18,19,40,47,51,61,64,68" m="41547,44138" machi="51" ten="30,5800,0" yaku="14,1,10,1,52,1" doraHai="62" who="2" fromWho="1" sc="198,0,243,-67,288,67,271,0" /><INIT seed="2,4,0,4,0,125" ten="198,176,355,271" oya="2" hai0="20,10,62,80,128,5,35,81,47,72,101,106,25" hai1="61,116,3,49,57,110,77,56,75,95,68,134,70" hai2="9,119,86,131,97,36,6,109,121,8,120,98,12" hai3="130,85,54,103,38,33,30,66,112,74,19,13,132"/><V26/><F119/><W133/><G74/><T31/><D128/><U21/><E3/><V60/><F36/><W53/><G38/><T40/><D72/><U126/><E116/><V118/><F118/><W91/><G103/><T58/><D35/><U92/><E126/><V46/><F46/><W107/><G107/><T88/><D106/><U105/><E105/><V15/><F26/><N who="3" m="18647" /><G66/><T115/><D101/><U23/><E110/><V111/><F60/><W89/><G89/><T122/><D115/><U63/><E75/><V108/><F131/><W90/><G90/><T51/><D122/><N who="2" m="47210" /><F86/><W32/><G32/><T17/><D31/><U67/><E49/><V78/><F78/><W99/><G99/><N who="2" m="37897" /><F6/><W127/><G127/><T114/><D114/><U87/><E87/><V96/><N who="2" m="37905" /><V7/><DORA hai="69" /><F7/><W22/><G112/><T124/><D124/><U41/><E67/><V102/><F102/><W50/><G130/><T104/><D104/><U29/><E29/><V55/><F55/><W11/><G53/><T79/><D79/><U42/><REACH who="1" step="1"/><E77/><REACH who="1" ten="198,166,355,271" step="2"/><V18/><F109/><W52/><G50/><T135/><D51/><U113/><E113/><V37/><F108/><W73/><G73/><T43/><D62/><U0/><E0/><V93/><F111/><W83/><G85/><T59/><D80/><U1/><E1/><V34/><F93/><W65/><G83/><T71/><D81/><U123/><E123/><V28/><F28/><W44/><G65/><T82/><D82/><U4/><E4/><N who="2" m="3079" /><F34/><W84/><G84/><T76/><D76/><U27/><E27/><RYUUKYOKU ba="4,1" sc="198,-15,166,15,355,15,271,-15" hai1="21,23,41,42,56,57,61,63,68,70,92,95,134" hai2="9,15,18,37" /><INIT seed="2,5,1,4,3,98" ten="183,181,370,256" oya="2" hai0="26,48,88,53,43,24,117,28,84,68,93,63,29" hai1="56,59,103,124,127,22,90,19,78,0,32,71,20" hai2="42,118,38,89,62,92,107,58,69,108,109,3,37" hai3="131,72,128,30,95,35,99,134,97,52,41,77,135"/><V85/><F118/><W129/><G35/><T60/><D117/><U111/><E71/><V31/><F107/><W10/><G30/><N who="0" m="11883" /><D43/><U113/><E32/><V6/><F69/><W75/><G41/><T81/><D68/><U91/><E113/><V15/><F3/><W112/><G112/><T12/><D12/><U5/><E78/><V39/><F31/><W70/><G70/><T45/><D81/><U23/><E19/><V105/><F105/><W11/><G77/><T106/><D106/><U9/><E111/><N who="2" m="42571" /><F42/><W66/><G66/><T2/><D2/><U101/><E91/><V49/><F49/><W50/><G75/><T54/><D54/><U13/><E90/><V87/><F87/><W21/><G72/><T122/><D122/><U51/><E0/><V115/><F115/><W64/><G64/><T33/><D33/><U46/><E46/><V133/><F133/><W126/><G134/><T120/><D120/><U74/><E74/><V119/><F119/><W123/><G135/><T114/><D114/><U73/><E73/><V100/><F100/><N who="1" m="38473" /><E51/><V55/><F38/><W121/><G121/><T67/><D67/><U110/><E110/><V86/><F86/><W18/><G123/><T34/><D34/><U65/><E65/><V132/><F132/><W82/><G131/><T40/><D40/><U14/><E56/><V47/><F47/><W16/><G129/><T27/><AGARI ba="5,1" hai="24,26,27,45,48,53,60,63,84,88,93" m="11883" machi="27" ten="30,2000,0" yaku="8,1,54,1" doraHai="98" who="0" fromWho="0" sc="183,45,181,-10,370,-15,256,-10" /><INIT seed="3,0,0,5,0,97" ten="228,171,355,246" oya="3" hai0="42,78,94,2,39,29,132,7,19,68,106,20,96" hai1="123,71,23,10,125,118,17,79,37,109,52,107,103" hai2="51,8,66,101,14,95,63,49,67,124,98,91,82" hai3="72,108,5,21,100,18,116,119,62,130,70,12,65"/><W53/><G72/><T11/><D68/><U25/><E123/><V129/><F124/><W69/><G130/><T54/><D106/><U133/><E125/><V131/><F82/><W111/><G69/><T43/><D132/><U122/><E122/><V64/><F63/><W90/><G5/><T50/><D39/><U58/><E133/><V38/><F38/><W6/><G6/><T104/><D104/><U22/><E71/><V60/><F60/><W46/><G90/><T87/><D29/><U86/><E109/><N who="3" m="42058" /><G53/><T105/><D105/><U74/><E74/><V34/><F91/><W3/><G46/><T80/><D20/><U127/><E127/><V112/><F112/><W99/><G3/><T84/><D84/><U40/><E118/><V110/><F110/><W36/><G36/><T89/><D19/><U117/><E117/><V128/><F34/><W27/><G27/><T30/><D30/><U31/><E37/><V126/><F126/><W44/><G44/><AGARI ba="0,0" hai="2,7,11,42,43,44,50,54,78,80,87,89,94,96" machi="44" ten="30,1000,0" yaku="7,1" doraHai="97" who="0" fromWho="3" sc="228,10,171,0,355,0,246,-10" owari="238,3.8,171,-32.9,355,45.5,236,-16.4" /></mjloggm>