<mjloggm ver="2.3"><GO type="225" lobby="0"/><UN n0="%53%61%63%68%69%30%34" n1="%E3%83%AB%E3%83%9B%E3%83%B3%E3%83%87%E3%82%A3%E3%82%A8" n2="%E3%83%B4%E3%83%A0%EF%BC%99%E3%81%A6" n3="%E3%81%A1%E3%82%85%E3%81%86%E3%81%A9%E3%81%8F%E8%B1%A1%E3%81%95%E3%82%93" dan="16,17,17,17" rate="2083.76,2181.53,2187.07,2195.07" sx="M,M,M,M"/><TAIKYOKU oya="0"/><INIT seed="0,0,0,3,4,69" ten="250,250,250,250" oya="0" hai0="92,128,97,35,82,84,129,6,46,45,39,16,19" hai1="114,99,51,67,62,7,133,134,26,42,68,98,54" hai2="71,132,109,5,17,22,93,78,118,23,108,0,11" hai3="124,88,8,31,65,58,33,25,112,41,116,38,115"/><T55/><D35/><U104/><E7/><V103/><F71/><W49/><G116/><T90/><D6/><U66/><E26/><V122/><F122/><W89/><G124/><T106/><D106/><U121/><E104/><V14/><F78/><W75/><G75/><T85/><D85/><U70/><E98/><V18/><F103/><W59/><G8/><T13/><D13/><U9/><E9/><V127/><F93/><W73/><G73/><T102/><D46/><U95/><E95/><V125/><F118/><W100/><G100/><T76/><D76/><U52/><E99/><V43/><F43/><W2/><G2/><T1/><D1/><U72/><E72/><V28/><F28/><W4/><G4/><T80/><D80/><U117/><E121/><V36/><F36/><W87/><G89/><T79/><D79/><U130/><E130/><N who="0" m="50281" /><D55/><N who="1" m="21035" /><E114/><V44/><F44/><W123/><G123/><T56/><D56/><N who="1" m="37191" /><E117/><V29/><F0/><W27/><G115/><T24/><D24/><U50/><E70/><V32/><F5/><W107/><G112/><T64/><D64/><U113/><E113/><V20/><F32/><W61/><G25/><T131/><N who="0" m="50289" /><T40/><AGARI ba="0,0" hai="16,19,39,40,45,82,84,90,92,97,102" m="50289" machi="40" ten="40,12000,1" yaku="4,1,19,1,52,1,54,1" doraHai="69" who="0" fromWho="0" sc="250,120,250,-40,250,-40,250,-40" /><INIT seed="0,1,0,5,5,36" ten="370,210,210,210" oya="0" hai0="71,80,21,123,4,38,41,26,55,73,14,99,19" hai1="112,20,7,135,9,101,108,115,122,72,48,27,70" hai2="110,89,10,62,129,40,121,87,76,93,81,64,32" hai3="18,0,94,74,23,63,58,69,34,128,15,2,133"/><T79/><D123/><U25/><E70/><V114/><F121/><W67/><G34/><T45/><D71/><U17/><E72/><V49/><F110/><W91/><G74/><T78/><D78/><U39/><E39/><V44/><F129/><W130/><G133/><T102/><D55/><U113/><E122/><V30/><F114/><W124/><G124/><T6/><REACH who="0" step="1"/><D26/><REACH who="0" ten="360,210,210,210" step="2"/><U12/><E135/><V24/><F10/><W86/><REACH who="3" step="1"/><G69/><REACH who="3" ten="360,210,210,200" step="2"/><T83/><D83/><U134/><E134/><V82/><REACH who="2" step="1"/><F76/><REACH who="2" ten="360,210,200,200" step="2"/><W11/><G11/><T42/><D42/><U90/><E9/><V107/><F107/><AGARI ba="1,3" hai="4,6,14,19,21,38,41,45,73,79,80,99,102,107" machi="107" ten="30,11600,0" yaku="1,1,7,1,52,1,53,1" doraHai="36" doraHaiUra="37" who="0" fromWho="2" sc="360,149,210,0,200,-119,200,0" /><INIT seed="0,2,0,0,2,89" ten="509,210,81,200" oya="0" hai0="72,39,0,62,61,84,111,33,130,108,3,88,102" hai1="123,5,92,54,47,7,64,116,9,73,21,74,77" hai2="95,113,8,134,40,115,78,118,36,87,18,133,98" hai3="93,132,4,66,97,2,103,125,43,91,65,51,32"/><T105/><D72/><U24/><E123/><V81/><F40/><W82/><G32/><T70/><D39/><U13/><E116/><V63/><F36/><W26/><G132/><N who="2" m="50793" /><F63/><W69/><G69/><T112/><D33/><U127/><E127/><V90/><F8/><W71/><G125/><T30/><D30/><U50/><E64/><V124/><F18/><W15/><G2/><T45/><D112/><N who="2" m="43082" /><F124/><W35/><G71/><T25/><D62/><U85/><E5/><V29/><F29/><W56/><G35/><T48/><D61/><U20/><E20/><V68/><F68/><W80/><G26/><T57/><D70/><U46/><E46/><V44/><F44/><N who="3" m="26015" /><G56/><T76/><D57/><U79/><E73/><V100/><F118/><W23/><G103/><AGARI ba="2,0" hai="78,81,87,90,95,98,100,103" m="43082,50793" machi="103" ten="30,7700,0" yaku="20,1,34,2,52,1" doraHai="89" who="2" fromWho="3" sc="509,0,210,0,81,83,200,-83" /><INIT seed="1,0,0,1,0,6" ten="509,210,164,117" oya="1" hai0="9,15,87,91,108,63,132,133,74,0,20,16,34" hai1="107,32,43,59,62,120,103,17,99,94,45,68,90" hai2="110,29,129,96,28,88,11,55,7,54,52,104,98" hai3="85,80,100,8,58,114,77,48,82,44,130,126,123"/><U2/><E120/><V127/><F110/><W70/><G123/><T115/><D108/><U14/><E2/><V4/><F127/><W89/><G114/><T22/><D34/><U69/><E32/><V67/><F129/><W13/><G70/><T31/><D74/><U86/><E45/><V131/><F131/><W57/><G130/><T122/><D115/><U72/><E43/><V135/><F135/><W19/><G100/><T21/><D63/><U60/><E72/><V37/><F37/><W23/><G126/><T78/><D78/><U111/><E62/><V125/><F125/><W113/><G113/><T39/><D39/><U112/><E112/><V38/><F38/><W12/><G82/><N who="0" m="49655" /><D122/><U53/><REACH who="1" step="1"/><E111/><REACH who="1" ten="509,200,164,117" step="2"/><V24/><F67/><W33/><G33/><T71/><D0/><U119/><E119/><V49/><F49/><W66/><G66/><T61/><D61/><U92/><E92/><V27/><F54/><N who="3" m="29959" /><G77/><T36/><D36/><U18/><E18/><AGARI ba="0,1" hai="8,12,13,18,19,23,57,58,80,85,89" m="29959" machi="18" ten="30,3900,0" yaku="25,1,8,1,52,1" doraHai="6" who="3" fromWho="1" sc="509,0,200,-39,164,0,117,49" /><INIT seed="2,0,0,2,1,114" ten="509,161,164,166" oya="2" hai0="21,32,16,119,113,72,31,77,106,29,87,30,26" hai1="102,122,118,86,33,88,24,76,52,28,110,101,48" hai2="3,60,4,89,130,123,20,59,73,41,14,111,127" hai3="98,25,36,117,17,13,129,69,34,2,22,68,134"/><V39/><F123/><W94/><G36/><T108/><D106/><U104/><E118/><V12/><F73/><W120/><G120/><T126/><D113/><U100/><E110/><V99/><F111/><W11/><G134/><T125/><D119/><U27/><E27/><V135/><F135/><W84/><G84/><T81/><D108/><U5/><E5/><V45/><F127/><N who="0" m="48650" /><D72/><U8/><E8/><V9/><F130/><W53/><G53/><T91/><D77/><U105/><E76/><V62/><F62/><W42/><G42/><T58/><D58/><U56/><REACH who="1" step="1"/><E122/><REACH who="1" ten="509,151,164,166" step="2"/><V55/><REACH who="2" step="1"/><F20/><REACH who="2" ten="509,151,154,166" step="2"/><W112/><G22/><T116/><D116/><U75/><E75/><V79/><F79/><W128/><G117/><T96/><D21/><U15/><E15/><V97/><F97/><W49/><G13/><T18/><D26/><U1/><E1/><V40/><F40/><W50/><G2/><T103/><D32/><U37/><E37/><V78/><F78/><W82/><G34/><T6/><D96/><U67/><E67/><V132/><F132/><W46/><G25/><T35/><D35/><U63/><E63/><V109/><F109/><W80/><G98/><T65/><D65/><U92/><AGARI ba="0,2" hai="24,28,33,48,52,56,86,88,92,100,101,102,104,105" machi="92" ten="30,7900,0" yaku="1,1,0,1,54,2,53,0" doraHai="114" doraHaiUra="0" who="1" fromWho="1" sc="509,-20,151,99,154,-39,166,-20" /><INIT seed="3,0,0,1,1,84" ten="489,250,115,146" oya="3" hai0="127,45,79,111,48,35,15,39,36,118,42,72,60" hai1="28,88,100,115,24,66,104,129,22,91,9,14,58" hai2="135,37,25,130,94,4,124,92,98,80,17,107,57" hai3="134,86,56,10,44,75,23,26,12,54,90,62,50"/><W16/><G134/><T131/><D35/><U113/><E104/><V43/><F135/><W93/><G75/><T85/><D118/><U97/><E129/><V49/><F130/><W110/><G110/><T133/><D131/><U8/><E8/><V3/><F124/><W67/><G10/><T20/><D85/><U121/><E121/><V82/><F107/><W81/><G26/><T76/><D76/><U21/><E21/><V33/><F37/><W70/><REACH who="3" step="1"/><G81/><REACH who="3" ten="489,250,115,136" step="2"/><T74/><D111/><U2/><E24/><V122/><F122/><W77/><G77/><T11/><D79/><U101/><E9/><V30/><F3/><W112/><G112/><T32/><D133/><U65/><E113/><V96/><F4/><W119/><G119/><T6/><D6/><U73/><E115/><V51/><F17/><W5/><G5/><T46/><D11/><U47/><E73/><V7/><F7/><W64/><G64/><T103/><D72/><U61/><E66/><V83/><F43/><W29/><G29/><T108/><D42/><U125/><E65/><V114/><F114/><W89/><G89/><T128/><D108/><U123/><E91/><V69/><F69/><AGARI ba="0,1" hai="12,16,23,44,50,54,56,62,67,69,70,86,90,93" machi="69" ten="40,7700,0" yaku="1,1,52,1,54,1,53,0" doraHai="84" doraHaiUra="0" who="3" fromWho="2" sc="489,0,250,0,115,-77,136,87" /><INIT seed="3,1,0,5,3,108" ten="489,250,38,223" oya="3" hai0="51,117,95,129,105,85,102,52,53,34,62,40,131" hai1="21,104,67,114,87,6,20,83,66,90,46,73,93" hai2="88,110,2,81,16,60,103,26,49,57,47,44,96" hai3="29,133,65,111,78,132,69,121,98,9,112,123,42"/><W41/><G29/><T72/><D117/><U32/><E114/><V126/><F110/><W27/><G78/><T80/><D34/><U45/><E32/><V55/><F126/><W22/><G111/><T24/><D72/><U15/><E104/><V25/><F2/><W106/><G9/><T77/><D105/><U97/><E73/><V8/><F44/><N who="1" m="17001" /><E6/><V35/><F35/><W68/><G106/><T71/><D53/><U1/><E1/><V36/><F36/><W39/><G98/><T13/><D13/><U33/><E33/><V31/><F31/><W54/><G22/><N who="1" m="8810" /><E15/><V92/><F103/><AGARI ba="1,0" hai="66,67,83,87,90,93,97,103" m="8810,17001" machi="103" ten="30,1000,0" yaku="8,1" doraHai="108" who="1" fromWho="2" sc="489,0,250,13,38,-13,223,0" owari="489,58.9,263,6.3,25,-47.5,223,-17.7" /></mjloggm>