<mjloggm ver="2.3"><GO type="225" lobby="0"/><UN n0="%E6%97%A5%E6%9B%9C%E6%97%A5%E3%82%88%E3%82%8A%E3%81%AE%E4%BD%BF%E8%80%85" n1="%E3%81%AF%E3%82%88%E3%81%8A%E3%81%98%E3%81%95%E3%82%93" n2="%72%69%6F%75%63%68%61%6E" n3="%48%61%61%61%6C%61%6E%64" dan="17,16,17,17" rate="2144.39,2169.61,2245.12,2223.40" sx="M,M,M,M"/><TAIKYOKU oya="0"/><INIT seed="0,0,0,5,3,9" ten="250,250,250,250" oya="0" hai0="71,45,58,61,132,39,64,21,51,24,128,30,93" hai1="101,86,29,119,46,82,118,12,94,0,68,69,81" hai2="36,2,44,31,5,83,70,114,84,13,115,134,80" hai3="52,1,85,120,11,91,75,79,33,107,53,59,110"/><T98/><D128/><U116/><E0/><V135/><F2/><W109/><G33/><T123/><D123/><U50/><E29/><V38/><F70/><W32/><G32/><T14/><D132/><N who="2" m="50730" /><F31/><W26/><G107/><T96/><D39/><N who="2" m="14890" /><F44/><W6/><G120/><T126/><D126/><U108/><E108/><N who="3" m="41578" /><G26/><T67/><D67/><U66/><E66/><V16/><F5/><W7/><G7/><T97/><D71/><U15/><E68/><V28/><F28/><W113/><G113/><N who="2" m="43017" /><F84/><W99/><G85/><T92/><REACH who="0" step="1"/><D14/><REACH who="0" ten="240,250,250,250" step="2"/><U43/><E69/><V130/><F130/><W102/><G1/><T48/><D48/><U76/><REACH who="1" step="1"/><E82/><REACH who="1" ten="240,240,250,250" step="2"/><V60/><F60/><W117/><G117/><T49/><D49/><U65/><E65/><V63/><F63/><W103/><G59/><T34/><D34/><U87/><E87/><V18/><F13/><W17/><G75/><T133/><D133/><U77/><E77/><V100/><F80/><W22/><G79/><T25/><D25/><U90/><E90/><V4/><F83/><W112/><G91/><T41/><AGARI ba="0,2" hai="21,24,30,41,45,51,58,61,64,92,93,96,97,98" machi="41" ten="30,11700,0" yaku="1,1,0,1,8,1,53,1" doraHai="9" doraHaiUra="23" who="0" fromWho="0" sc="240,137,240,-39,250,-39,250,-39" /><INIT seed="0,1,0,0,2,128" ten="377,201,211,211" oya="0" hai0="95,78,93,105,125,36,11,124,61,86,132,62,16" hai1="35,19,80,102,28,72,37,100,92,59,3,0,24" hai2="22,113,121,118,101,43,109,51,130,134,94,88,98" hai3="42,48,73,38,83,1,127,46,82,67,60,31,56"/><T32/><D32/><U91/><E37/><V39/><F134/><W69/><G127/><N who="0" m="48715" /><D105/><U103/><E19/><V106/><F109/><W54/><G73/><T87/><D36/><U20/><E35/><V68/><F130/><W110/><G110/><T108/><D108/><U119/><E119/><V84/><F121/><W116/><G116/><T12/><D132/><U66/><E80/><V57/><F118/><W33/><REACH who="3" step="1"/><G1/><REACH who="3" ten="377,201,211,201" step="2"/><T15/><D15/><U26/><E72/><V81/><F113/><W70/><G70/><T64/><D62/><N who="1" m="38239" /><E0/><V120/><F68/><W50/><G50/><T65/><D61/><U74/><E74/><V123/><F123/><W90/><G90/><N who="0" m="53463" /><D78/><U4/><E3/><V129/><F120/><W131/><G131/><T13/><D12/><U114/><E114/><V58/><F129/><W30/><G30/><T85/><D85/><N who="1" m="52335" /><E24/><AGARI ba="1,1" hai="24,31,33,38,42,46,48,54,56,60,67,69,82,83" machi="24" ten="40,5200,0" yaku="1,1,24,2,53,0" doraHai="128" doraHaiUra="14" who="3" fromWho="1" sc="377,0,201,-55,211,0,201,65" /><INIT seed="1,0,0,0,4,21" ten="377,146,211,266" oya="1" hai0="65,83,97,62,3,126,71,54,100,111,38,57,113" hai1="7,91,117,127,130,80,49,132,52,19,64,108,26" hai2="28,77,30,110,56,60,39,31,50,72,94,101,135" hai3="63,121,55,87,118,12,59,86,88,107,81,6,84"/><U74/><E117/><V90/><F110/><W103/><G121/><T36/><D113/><U48/><E108/><V93/><F39/><W66/><G118/><T82/><D111/><U44/><E127/><V99/><F135/><W89/><G107/><T34/><D3/><U105/><E105/><V0/><F0/><W10/><G103/><T45/><D34/><U96/><E132/><V109/><F109/><W15/><G15/><T120/><D126/><U92/><E130/><V27/><F50/><W5/><G5/><T13/><D13/><U46/><E64/><V119/><F119/><W58/><REACH who="3" step="1"/><G89/><REACH who="3" ten="377,146,211,256" step="2"/><T29/><D120/><U129/><E7/><V75/><F77/><W122/><G122/><T116/><D116/><U131/><E129/><V106/><F106/><W22/><G22/><T68/><D100/><U11/><E131/><V32/><F32/><W40/><G40/><T14/><D14/><U43/><E11/><V124/><F124/><W128/><G128/><T41/><D41/><U133/><E133/><V98/><REACH who="2" step="1"/><F27/><REACH who="2" ten="377,146,201,256" step="2"/><W35/><G35/><T67/><D36/><U78/><E26/><V134/><F134/><W102/><G102/><T51/><D38/><U18/><AGARI ba="0,2" hai="18,19,43,44,46,48,49,52,74,78,80,91,92,96" machi="18" ten="30,3000,0" yaku="0,1,54,1" doraHai="21" who="1" fromWho="1" sc="377,-10,146,50,201,-10,256,-10" /><INIT seed="1,1,0,0,4,128" ten="367,196,191,246" oya="1" hai0="40,9,50,32,115,5,81,24,19,133,112,88,95" hai1="36,25,103,120,56,6,79,57,58,94,63,108,89" hai2="65,4,70,87,119,42,20,100,33,38,117,67,66" hai3="61,35,7,45,127,21,16,134,84,68,13,14,62"/><U28/><E120/><V2/><F33/><W102/><G127/><T46/><D133/><U22/><E36/><V116/><F100/><W11/><G35/><T77/><D32/><U48/><E108/><V12/><F2/><W111/><G111/><T123/><D123/><U49/><E103/><V69/><F87/><W129/><G129/><T132/><D132/><U82/><E6/><V135/><F135/><W80/><G134/><T97/><D19/><U98/><REACH who="1" step="1"/><E63/><REACH who="1" ten="367,186,191,246" step="2"/><V31/><F4/><W0/><G102/><T34/><D115/><U17/><E17/><V130/><F130/><W15/><G62/><T29/><D112/><U1/><E1/><V60/><F60/><W118/><G118/><T124/><D124/><U93/><E93/><V85/><F38/><W76/><G61/><T55/><D5/><U59/><N who="1" m="14336" /><DORA hai="121" /><U71/><E71/><V43/><F69/><W73/><G68/><T96/><D95/><U101/><E101/><V126/><F70/><W26/><REACH who="3" step="1"/><G45/><REACH who="3" ten="367,186,191,236" step="2"/><T41/><D46/><U51/><E51/><V122/><F126/><W37/><G37/><T30/><D50/><U3/><E3/><V72/><F122/><W53/><G53/><T90/><D55/><U52/><E52/><V54/><F54/><W110/><G110/><T10/><D41/><U64/><E64/><V83/><F42/><W109/><G109/><T78/><D40/><U23/><E23/><V86/><F43/><W39/><G39/><T8/><D34/><U18/><E18/><N who="2" m="10311" /><F31/><W44/><G44/><T105/><D30/><U131/><E131/><V125/><F125/><RYUUKYOKU ba="1,2" sc="367,-30,186,10,191,10,236,10" hai1="22,25,28,48,49,79,82,89,94,98" hai2="65,66,67,72,83,85,86,116,117,119" hai3="0,7,11,13,14,15,16,21,26,73,76,80,84" /><INIT seed="1,2,2,2,4,76" ten="337,196,201,246" oya="1" hai0="70,26,39,38,56,91,35,17,74,115,13,21,23" hai1="22,120,99,15,14,18,90,101,41,58,73,103,3" hai2="49,28,80,67,54,72,126,61,84,30,93,79,129" hai3="34,117,29,10,4,47,68,53,6,24,64,125,63"/><U94/><E120/><V98/><F126/><W37/><G125/><T108/><D70/><U130/><E3/><V86/><F129/><W114/><G114/><T11/><D115/><U110/><E73/><V2/><F2/><W127/><G127/><T134/><D74/><U132/><E130/><V133/><F133/><W100/><G117/><T1/><D134/><U9/><E132/><V69/><F72/><W119/><G119/><T36/><D108/><U112/><E112/><V20/><F86/><W85/><G100/><T25/><D1/><U50/><E110/><V135/><F135/><W78/><G10/><T52/><D91/><U121/><E121/><V92/><F20/><W113/><G113/><T71/><D71/><U105/><E105/><V88/><F93/><W57/><G78/><T77/><D77/><U109/><E109/><V123/><F123/><W48/><G85/><T124/><D124/><U66/><E41/><AGARI ba="2,2" hai="4,6,24,29,34,37,41,47,48,53,57,63,64,68" machi="41" ten="40,2600,0" yaku="24,2" doraHai="76" who="3" fromWho="1" sc="337,0,196,-32,201,0,246,52" /><INIT seed="2,0,0,2,4,87" ten="337,164,201,298" oya="2" hai0="3,78,107,99,2,10,135,96,128,94,12,112,127" hai1="124,77,72,98,71,92,62,27,134,52,29,111,23" hai2="82,19,47,9,31,44,40,38,58,115,104,67,74" hai3="129,86,73,36,61,45,24,84,4,103,37,26,117"/><V7/><F115/><W1/><G73/><T22/><D112/><U64/><E111/><V17/><F104/><W75/><G75/><T13/><D107/><U133/><E124/><V25/><F47/><W50/><G103/><T32/><D32/><U119/><E119/><V120/><F120/><W57/><G117/><T80/><D127/><U33/><E33/><V132/><F132/><W68/><G129/><T8/><D22/><U85/><E72/><V83/><F67/><W42/><G4/><T53/><D53/><U35/><E35/><V41/><F58/><W79/><G1/><T130/><D135/><U106/><E106/><V28/><F41/><W114/><G114/><T0/><D13/><U108/><E108/><V49/><F49/><W63/><G63/><T59/><D59/><U48/><E85/><V56/><F56/><W76/><G86/><N who="0" m="48407" /><D12/><U14/><E14/><V100/><F100/><W65/><G36/><T16/><D16/><N who="2" m="6218" /><F25/><W88/><G24/><T34/><D34/><U11/><E77/><N who="2" m="44343" /><F83/><N who="3" m="49183" /><G26/><T15/><D15/><U126/><E11/><V116/><F116/><W110/><G79/><T113/><D113/><U93/><E93/><V125/><F125/><W91/><G76/><T60/><D60/><U123/><E123/><V69/><F69/><W66/><G110/><T5/><D10/><U95/><E95/><V122/><F122/><W118/><G118/><T30/><D94/><U97/><E126/><V101/><F101/><W105/><G105/><T21/><D8/><U70/><E71/><V131/><F131/><N who="0" m="50218" /><D5/><U55/><E133/><V121/><F121/><RYUUKYOKU ba="0,0" sc="337,15,164,-15,201,15,298,-15" hai0="0,2,3,21,30,96,99" hai2="7,9,28,31,38,40,44" /><INIT seed="2,1,0,3,5,48" ten="352,149,216,283" oya="2" hai0="99,68,134,135,90,41,129,75,42,111,2,130,39" hai1="19,5,69,124,49,92,93,89,51,121,65,0,17" hai2="67,60,57,76,108,20,133,33,74,3,1,64,113" hai3="77,88,122,22,43,10,50,37,23,24,15,46,84"/><V7/><F113/><W45/><G122/><T54/><D75/><U31/><E69/><V4/><F133/><N who="0" m="50698" /><D111/><U16/><E0/><V115/><F115/><W6/><G77/><T127/><D2/><U71/><E71/><V107/><F33/><W29/><G23/><T53/><D68/><U27/><E121/><V102/><F108/><W32/><G32/><T83/><D127/><U35/><E124/><V40/><F40/><N who="0" m="15466" /><D39/><U119/><E119/><V95/><F107/><W82/><REACH who="3" step="1"/><G46/><REACH who="3" ten="352,149,216,273" step="2"/><T44/><D44/><U86/><E65/><V36/><F64/><W126/><G126/><T59/><D59/><U87/><E5/><V120/><F4/><W73/><G73/><T94/><D83/><U96/><REACH who="1" step="1"/><E87/><REACH who="1" ten="352,139,216,273" step="2"/><V66/><F7/><W34/><G34/><T80/><D80/><U97/><E97/><N who="2" m="59711" /><F120/><W118/><G118/><T116/><D116/><U30/><E30/><V112/><F112/><W117/><G117/><T21/><D99/><U61/><E61/><V25/><F74/><W78/><G78/><T128/><D128/><U132/><E132/><V131/><F76/><W18/><G18/><T72/><D72/><U28/><E28/><N who="2" m="17447" /><F66/><W38/><AGARI ba="1,2" hai="6,10,15,22,24,29,37,38,43,45,50,82,84,88" machi="38" ten="30,4000,0" yaku="1,1,0,1,54,1,53,0" doraHai="48" doraHaiUra="123" who="3" fromWho="3" sc="352,-11,139,-11,216,-21,273,63" /><INIT seed="3,0,0,1,3,31" ten="341,128,195,336" oya="3" hai0="38,66,104,36,123,129,126,49,50,4,86,57,71" hai1="35,134,131,64,81,99,107,101,95,6,56,127,125" hai2="80,103,10,100,25,59,61,32,29,33,52,135,44" hai3="106,28,12,132,27,11,23,124,1,47,58,22,111"/><W93/><G106/><T14/><D104/><U75/><E6/><V13/><F135/><W133/><G124/><N who="1" m="47690" /><E56/><V67/><F32/><N who="3" m="20511" /><G111/><T122/><D86/><U73/><E64/><V3/><F80/><W65/><G93/><T51/><D126/><U41/><E41/><V63/><F3/><W113/><G113/><T34/><D34/><U42/><E42/><V117/><F117/><W45/><G65/><T26/><D26/><U72/><E35/><V2/><F2/><W115/><G58/><T98/><D98/><N who="1" m="61879" /><E81/><V40/><F61/><W121/><G121/><T20/><D66/><U118/><E134/><N who="3" m="51818" /><G115/><T21/><D57/><U69/><E69/><V105/><F67/><W0/><G0/><T119/><D71/><U16/><E16/><V18/><F105/><W78/><G78/><T74/><D122/><U60/><E60/><V55/><F55/><W48/><G1/><T43/><D123/><U96/><E96/><V9/><F9/><W90/><G90/><T24/><D43/><U114/><E114/><V8/><F10/><W39/><G39/><AGARI ba="0,0" hai="8,13,18,25,29,33,39,40,44,52,59,63,100,103" machi="39" ten="30,3900,0" yaku="7,1,52,1,54,1" doraHai="31" who="2" fromWho="3" sc="341,0,128,0,195,39,336,-39" owari="341,44.1,128,-37.2,234,-16.6,297,9.7" /></mjloggm>