<mjloggm ver="2.3"><GO type="225" lobby="0"/><UN n0="%E3%83%A9%E3%83%BC%E3%83%A1%E3%83%B3%E4%BA%94%E9%83%8E" n1="%72%65%6E%6B%75%6E" n2="%E6%B0%B7%E5%B7%9D%E9%87%8C%E5%A5%88" n3="%E6%97%A5%E6%9B%9C%E6%97%A5%E3%82%88%E3%82%8A%E3%81%AE%E4%BD%BF%E8%80%85" dan="16,17,16,17" rate="2094.43,2204.06,2060.78,2142.93" sx="M,M,F,M"/><TAIKYOKU oya="0"/><INIT seed="0,0,0,1,5,32" ten="250,250,250,250" oya="0" hai0="14,53,37,115,85,0,110,42,72,23,43,120,1" hai1="68,79,10,98,29,63,119,76,84,127,129,47,6" hai2="30,104,36,35,108,88,123,67,22,28,2,18,70" hai3="112,46,105,65,121,51,109,59,13,8,114,49,118"/><T27/><D115/><U69/><E119/><V80/><F123/><W62/><G118/><T4/><D72/><U124/><E129/><V73/><F104/><W133/><G105/><T106/><D120/><U61/><E29/><V122/><F122/><W45/><G121/><T50/><D106/><U40/><E98/><V113/><F113/><W111/><G13/><T83/><D37/><N who="1" m="21903" /><E63/><V90/><F36/><W57/><G8/><T125/><D125/><N who="1" m="48203" /><E84/><V26/><F108/><N who="3" m="41547" /><G59/><T52/><D110/><U38/><E38/><V82/><F2/><W54/><G133/><T25/><D14/><N who="1" m="5463" /><E61/><V71/><F30/><W60/><G62/><T102/><D50/><U74/><E74/><V86/><F73/><W75/><G75/><T135/><D85/><U134/><E134/><V95/><F82/><W81/><G81/><T11/><D83/><U96/><E96/><V117/><F117/><W48/><G48/><T64/><D135/><U17/><E17/><V78/><F78/><AGARI ba="0,0" hai="68,69,76,78,79" m="5463,48203,21903" machi="78" ten="30,1000,0" yaku="18,1" doraHai="32" who="1" fromWho="2" sc="250,0,250,10,250,-10,250,0" /><INIT seed="1,0,0,1,4,110" ten="250,260,240,250" oya="1" hai0="34,125,62,38,105,96,8,102,42,101,45,21,122" hai1="24,98,12,33,112,76,49,15,48,130,99,41,65" hai2="68,43,77,115,66,89,54,78,37,13,129,121,72" hai3="106,50,85,63,22,64,71,27,70,19,6,118,1"/><U14/><E112/><V20/><F121/><W4/><G106/><T104/><D34/><U124/><E124/><V44/><F129/><W23/><G118/><T52/><D125/><U79/><E130/><V100/><F100/><W114/><G114/><T81/><D122/><U93/><E65/><V10/><F66/><W25/><G1/><T127/><D127/><U56/><E33/><V67/><F68/><W31/><G71/><T108/><D108/><U55/><E24/><V126/><F67/><W120/><G120/><T109/><D109/><U46/><REACH who="1" step="1"/><E99/><REACH who="1" ten="250,250,240,250" step="2"/><V113/><F126/><W73/><G64/><T7/><D96/><U35/><E35/><V58/><F115/><W18/><G70/><T103/><D105/><U39/><E39/><V83/><F113/><W90/><G27/><T60/><D104/><U29/><E29/><V30/><F30/><W128/><G31/><T107/><D107/><U69/><E69/><V2/><F37/><W3/><G25/><T40/><D38/><U133/><E133/><V11/><F2/><W16/><G3/><T134/><D134/><U28/><E28/><V51/><F13/><W94/><G128/><T117/><D117/><U47/><E47/><V111/><F44/><W26/><G26/><T84/><D45/><U97/><E97/><V17/><F111/><W59/><G59/><T87/><D40/><U5/><E5/><V95/><F43/><W131/><G131/><T123/><D42/><U74/><E74/><V91/><F72/><W75/><G4/><T61/><D7/><U132/><E132/><V9/><F58/><RYUUKYOKU ba="0,1" sc="250,-10,250,30,240,-10,250,-10" hai1="12,14,15,41,46,48,49,55,56,76,79,93,98" /><INIT seed="1,1,1,3,0,79" ten="240,280,230,240" oya="1" hai0="25,3,17,107,19,83,66,124,82,110,127,37,38" hai1="64,20,30,116,15,13,99,55,43,123,97,2,7" hai2="111,114,112,106,26,81,103,100,85,78,135,80,71" hai3="5,11,101,77,70,58,60,118,39,72,65,12,36"/><U105/><E116/><V48/><F71/><W23/><G118/><T104/><D3/><U68/><E123/><V115/><F26/><W98/><G70/><T8/><D66/><U73/><E73/><N who="2" m="43087" /><F48/><W16/><G77/><T28/><D8/><U93/><E43/><V53/><F53/><W34/><G34/><T88/><D88/><U0/><E55/><V22/><F22/><W128/><G72/><T46/><D110/><U21/><E68/><V6/><F6/><W121/><G121/><T47/><D25/><U59/><E59/><V125/><F111/><W96/><G128/><T24/><D24/><U52/><E52/><V109/><F109/><W84/><G84/><T120/><D120/><U94/><E64/><V69/><F69/><W31/><G31/><AGARI ba="1,1" hai="17,19,28,31,37,38,46,47,82,83,104,107,124,127" machi="31" ten="25,6400,0" yaku="22,2,52,2" doraHai="79" who="0" fromWho="3" sc="240,77,280,0,230,0,240,-67" /><INIT seed="2,0,0,2,1,82" ten="317,280,230,173" oya="2" hai0="113,89,124,62,96,36,1,18,112,100,15,56,132" hai1="19,93,49,97,98,104,4,45,127,95,10,108,12" hai2="57,81,105,47,119,40,8,126,67,120,39,135,23" hai3="41,111,114,43,50,55,46,109,115,7,24,125,122"/><V48/><F119/><W91/><G7/><T64/><D36/><U80/><E108/><N who="3" m="41546" /><G24/><T110/><D110/><U42/><E127/><V21/><F120/><W66/><G91/><T34/><D34/><U31/><E31/><V72/><F105/><W106/><G106/><T107/><D124/><U38/><E38/><V134/><F126/><W28/><G28/><T129/><D1/><U85/><E19/><V128/><F128/><W27/><G27/><T78/><D132/><N who="2" m="50730" /><F8/><W9/><G9/><T59/><D129/><U131/><E131/><V6/><F6/><W94/><G94/><N who="1" m="35850" /><E104/><V2/><F2/><W87/><G125/><T75/><D89/><AGARI ba="0,0" hai="4,10,12,42,45,49,80,85,89,97,98" m="35850" machi="89" ten="30,2000,0" yaku="8,1,52,1" doraHai="82" who="1" fromWho="0" sc="317,-20,280,20,230,0,173,0" /><INIT seed="3,0,0,2,3,110" ten="297,300,230,173" oya="3" hai0="6,29,3,76,71,28,98,82,118,61,107,91,21" hai1="93,50,120,14,35,5,26,115,114,74,87,79,67" hai2="128,84,13,111,77,133,122,130,45,80,16,4,129" hai3="10,132,97,69,92,112,22,9,108,19,135,119,66"/><W0/><G119/><T125/><D118/><U56/><E120/><V2/><F111/><W90/><G108/><T25/><D29/><U20/><E74/><V60/><F122/><W30/><G30/><T48/><D125/><U99/><E35/><V17/><F133/><N who="3" m="51275" /><G0/><T134/><D134/><U8/><E79/><V64/><F2/><W124/><G124/><T38/><D38/><U43/><E87/><V95/><F95/><W12/><G112/><T121/><D121/><U27/><E27/><V7/><F45/><W100/><G100/><T40/><D3/><U24/><E24/><V126/><F126/><W57/><G69/><T18/><D6/><U54/><E67/><V46/><F46/><W11/><G57/><T52/><D40/><U42/><E114/><V72/><F72/><W34/><G66/><T109/><D109/><U86/><E86/><V39/><F39/><W65/><G65/><T51/><D28/><N who="1" m="17479" /><E115/><V23/><REACH who="2" step="1"/><F17/><REACH who="2" ten="297,300,220,173" step="2"/><N who="3" m="10535" /><G34/><T78/><D107/><U58/><E58/><AGARI ba="0,1" hai="4,7,13,16,23,58,60,64,77,80,84,128,129,130" machi="58" ten="40,5200,0" yaku="1,1,19,1,54,1,53,0" doraHai="110" doraHaiUra="33" who="2" fromWho="1" sc="297,0,300,-52,220,62,173,0" /><INIT seed="4,0,0,5,0,124" ten="297,248,282,173" oya="0" hai0="26,134,34,77,121,87,30,72,9,83,41,71,113" hai1="102,33,22,79,122,63,61,29,135,19,17,80,94" hai2="100,18,31,6,57,101,95,67,92,66,35,5,88" hai3="91,115,4,82,43,114,106,54,53,64,126,11,24"/><T27/><D121/><U103/><E122/><V59/><F31/><W108/><G108/><T46/><D71/><U20/><E135/><V75/><F75/><W58/><G106/><T3/><D134/><U39/><E39/><V76/><F76/><W23/><G43/><T86/><D113/><N who="3" m="43017" /><G126/><T65/><D27/><N who="1" m="16631" /><E33/><V118/><F18/><N who="1" m="6665" /><E20/><V28/><F28/><N who="3" m="17439" /><G64/><T97/><D65/><U93/><E80/><V38/><F38/><W45/><G45/><T56/><D56/><U117/><E79/><V16/><F16/><W50/><G54/><T10/><D97/><N who="1" m="59695" /><E117/><V131/><F35/><W90/><G82/><T37/><D10/><U47/><E47/><V60/><F118/><W129/><G129/><T36/><D36/><U89/><E103/><V42/><F42/><W55/><G55/><T32/><D34/><U48/><E48/><V14/><F131/><W112/><N who="3" m="43025" /><W128/><DORA hai="123" /><G128/><T99/><D99/><AGARI ba="0,0" hai="61,63,89,94,99" m="59695,6665,16631" machi="99" ten="30,1000,0" yaku="8,1" doraHai="124,123" who="1" fromWho="0" sc="297,-10,248,10,282,0,173,0" /><INIT seed="5,0,0,5,4,130" ten="287,258,282,173" oya="1" hai0="97,70,49,31,21,101,99,11,75,32,17,25,3" hai1="119,69,79,16,44,43,78,33,24,83,123,59,64" hai2="82,87,51,12,120,56,76,6,132,35,30,88,62" hai3="48,28,86,109,77,121,27,67,116,63,98,15,128"/><U38/><E119/><V34/><F120/><W40/><G121/><T50/><D70/><U0/><E123/><V80/><F132/><W22/><G116/><T53/><D75/><U134/><E134/><V13/><F34/><W114/><G109/><T125/><D125/><U104/><E104/><V96/><F35/><W106/><G128/><T100/><D97/><U4/><E69/><V84/><F30/><W89/><G114/><T19/><D19/><U10/><E33/><V29/><F29/><W124/><G124/><T127/><D127/><U93/><E93/><N who="2" m="56359" /><F51/><W117/><G117/><T58/><D49/><U105/><E105/><V46/><F46/><N who="3" m="25671" /><G106/><T95/><D3/><U131/><E131/><V7/><F7/><W108/><G108/><T60/><D11/><U73/><E78/><N who="2" m="46103" /><F6/><W2/><G2/><T71/><D71/><U20/><E59/><V61/><F61/><W72/><G72/><T74/><D74/><U57/><E57/><V18/><F18/><W110/><G110/><T37/><D37/><U92/><E92/><V55/><AGARI ba="0,0" hai="12,13,55,56,62,76,82,87" m="46103,56359" machi="55" ten="30,2000,0" yaku="8,1,54,1" doraHai="130" who="2" fromWho="2" sc="287,-5,258,-10,282,20,173,-5" owari="282,8.2,248,-15.2,302,40.2,168,-33.2" /></mjloggm>