<mjloggm ver="2.3"><GO type="225" lobby="0"/><UN n0="%E3%80%93%E3%81%97%E3%83%BC%E3%82%89%E3%80%93" n1="%E3%81%AF%E3%82%88%E3%81%8A%E3%81%98%E3%81%95%E3%82%93" n2="%6D%75%75%73%61%6E%6D%75" n3="%E4%BF%BA%E3%81%A8%E5%A6%96%E5%A4%A2" dan="16,17,16,16" rate="2159.87,2186.29,2147.55,2116.50" sx="M,M,F,F"/><TAIKYOKU oya="0"/><INIT seed="0,0,0,1,3,28" ten="250,250,250,250" oya="0" hai0="14,135,45,109,74,108,53,98,26,60,64,24,38" hai1="133,47,90,6,37,83,0,113,102,71,125,61,27" hai2="76,101,59,103,25,75,91,121,118,12,93,35,15" hai3="63,2,119,33,89,86,18,34,87,94,51,1,77"/><T128/><D74/><U30/><E125/><V123/><F118/><W67/><G119/><T81/><D135/><U58/><E133/><V131/><F131/><W4/><G18/><T79/><D128/><U41/><E113/><V80/><F59/><W17/><G17/><T7/><D98/><U36/><E102/><V20/><F103/><W68/><G51/><N who="0" m="28911" /><D38/><U134/><E134/><V22/><F101/><W31/><G31/><T97/><D97/><U124/><E124/><V117/><F117/><W95/><G4/><T3/><D3/><U5/><E36/><V32/><F12/><W114/><G114/><T100/><D100/><U42/><E41/><V66/><F15/><W85/><G77/><T44/><D44/><U70/><E83/><V110/><F66/><W78/><G78/><T72/><D14/><U55/><E90/><V10/><F10/><W126/><G126/><T39/><D39/><U13/><E13/><V21/><F25/><W132/><G132/><T88/><D88/><U50/><E0/><V8/><F8/><W65/><G89/><T96/><D96/><U92/><E92/><V115/><F115/><W19/><G19/><T120/><D7/><U40/><E71/><V57/><F57/><W48/><G48/><T29/><D120/><U104/><E104/><V111/><F123/><W62/><G86/><T129/><D129/><U105/><E105/><V116/><F121/><W112/><G112/><T99/><D99/><U23/><E42/><V69/><F116/><W9/><G68/><N who="0" m="41991" /><D29/><U106/><E106/><V46/><F75/><W43/><G9/><RYUUKYOKU ba="0,0" sc="250,10,250,10,250,-30,250,10" hai0="24,26,72,79,81,108,109" hai1="5,6,23,27,30,37,40,47,50,55,58,61,70" hai3="1,2,33,34,43,62,63,65,67,85,87,94,95" /><INIT seed="0,1,0,2,0,83" ten="260,260,220,260" oya="0" hai0="134,42,126,0,68,53,75,28,20,40,121,39,77" hai1="45,67,82,69,79,52,92,12,23,6,119,15,103" hai2="19,38,11,18,115,100,73,97,109,33,54,17,80" hai3="108,102,104,91,84,122,123,22,118,35,98,66,9"/><T81/><D68/><U16/><E119/><V57/><F33/><W10/><G35/><T50/><D0/><U21/><E69/><V44/><F115/><W135/><G118/><T132/><D121/><N who="3" m="46089" /><G108/><T48/><D39/><U88/><E67/><V34/><F34/><W93/><G135/><N who="0" m="51755" /><D126/><U26/><E103/><V46/><F109/><W106/><G66/><T1/><D1/><U36/><E6/><V72/><F11/><N who="3" m="4107" /><G22/><T4/><D4/><U64/><E64/><V62/><F38/><W5/><G5/><T8/><D8/><U61/><E36/><V3/><F3/><W41/><G41/><N who="0" m="15979" /><D53/><U111/><E111/><V74/><REACH who="2" step="1"/><F80/><AGARI ba="1,0" hai="80,84,91,93,98,102,104,106" m="4107,46089" machi="80" ten="30,2000,0" yaku="13,1,52,1" doraHai="83" who="3" fromWho="2" sc="260,0,260,0,220,-23,260,23" /><INIT seed="1,0,0,2,3,4" ten="260,260,197,283" oya="1" hai0="23,119,27,19,104,133,5,68,33,110,127,12,87" hai1="97,54,125,46,40,94,13,113,82,103,90,72,55" hai2="22,122,79,25,1,124,83,92,28,100,69,99,126" hai3="78,21,76,57,10,0,34,131,52,50,2,20,38"/><U32/><E113/><V14/><F122/><W47/><G34/><T39/><D68/><U26/><E125/><V65/><F1/><W43/><G131/><T102/><D39/><U132/><E132/><V80/><F69/><W64/><G0/><T29/><D133/><U63/><E63/><V58/><F65/><W130/><G130/><T15/><D127/><U18/><E26/><V45/><F58/><W56/><G78/><T49/><D119/><U129/><E32/><V88/><F45/><W117/><G117/><T7/><D110/><U91/><E129/><V3/><F3/><W106/><G106/><T112/><D112/><U17/><E17/><V59/><F59/><W123/><G123/><T51/><D87/><U48/><E72/><V8/><F100/><W75/><G57/><T11/><REACH who="0" step="1"/><D5/><REACH who="0" ten="250,260,197,283" step="2"/><U135/><E135/><V41/><F41/><W116/><G116/><T24/><D24/><U6/><E6/><V30/><F30/><W77/><G64/><T134/><D134/><U128/><E128/><V101/><F124/><W60/><G38/><T118/><D118/><U73/><E73/><V37/><F126/><W109/><G109/><T107/><D107/><U66/><E66/><V74/><F37/><W70/><G70/><T44/><D44/><U98/><E40/><V86/><REACH who="2" step="1"/><F14/><REACH who="2" ten="250,260,187,283" step="2"/><W36/><G36/><T31/><D31/><U111/><E111/><V121/><F121/><W42/><G43/><T9/><D9/><AGARI ba="0,2" hai="8,9,22,25,28,74,79,80,83,86,88,92,99,101" machi="9" ten="40,8000,1" yaku="1,1,52,2,54,1,53,0" doraHai="4" doraHaiUra="115" who="2" fromWho="0" sc="250,-80,260,0,187,100,283,0" /><INIT seed="2,0,0,1,0,112" ten="170,260,287,283" oya="2" hai0="108,61,85,24,42,79,97,68,43,26,99,34,30" hai1="76,100,33,118,66,14,126,128,90,95,28,7,72" hai2="102,27,1,50,54,107,46,73,119,84,69,32,19" hai3="130,133,89,59,36,37,3,23,63,106,62,77,38"/><V132/><F73/><W49/><G3/><T41/><D108/><U134/><E66/><V9/><F132/><W44/><G106/><T78/><D68/><U82/><E134/><V53/><F69/><W129/><G133/><T11/><D61/><U48/><E126/><V35/><F107/><W65/><G77/><T80/><D11/><U58/><E128/><N who="3" m="49258" /><G89/><T52/><D79/><U6/><E100/><V16/><F102/><W98/><G98/><T109/><D109/><U57/><E28/><V18/><F119/><W101/><G23/><T125/><D125/><U116/><E33/><V39/><F39/><W124/><G101/><T51/><REACH who="0" step="1"/><D24/><REACH who="0" ten="160,260,287,283" step="2"/><U86/><E76/><V13/><F27/><W113/><G124/><T74/><D74/><U75/><E72/><V91/><F9/><W47/><G113/><T64/><D64/><U115/><E75/><V131/><F131/><W120/><G63/><T5/><D5/><U114/><E115/><V110/><F110/><W12/><G120/><T92/><D92/><U94/><E114/><V40/><F13/><W135/><G135/><T22/><D22/><U117/><E14/><V56/><F1/><W0/><G0/><T29/><D29/><U31/><E31/><V83/><F32/><W104/><G12/><T45/><AGARI ba="0,1" hai="26,30,34,41,42,43,45,51,52,78,80,85,97,99" machi="45" ten="30,7900,0" yaku="1,1,0,1,54,1,53,1" doraHai="112" doraHaiUra="21" who="0" fromWho="0" sc="160,89,260,-20,287,-39,283,-20" /><INIT seed="3,0,0,2,1,114" ten="249,240,248,263" oya="3" hai0="99,117,50,102,125,130,35,1,80,89,22,128,44" hai1="95,124,126,134,15,3,48,120,55,74,97,56,43" hai2="51,59,61,93,83,79,17,112,11,76,68,23,113" hai3="42,84,12,7,52,88,121,107,29,131,20,37,111"/><W91/><G121/><T115/><D35/><U33/><E120/><V110/><F110/><W40/><G107/><T27/><D1/><U31/><E3/><V127/><F127/><N who="1" m="48681" /><E74/><V92/><F11/><N who="3" m="4223" /><G37/><T94/><D115/><U109/><E109/><V54/><F112/><W75/><G75/><T58/><D125/><U71/><E71/><V133/><F133/><W36/><G36/><T129/><D58/><U66/><E134/><V101/><F113/><W64/><G64/><T108/><D108/><U45/><E15/><V62/><F68/><W46/><G131/><T72/><D72/><U65/><E31/><V98/><F92/><N who="3" m="54279" /><G91/><T41/><D80/><U47/><E33/><V86/><REACH who="2" step="1"/><F79/><REACH who="2" ten="249,240,238,263" step="2"/><W38/><G111/><T116/><D102/><N who="1" m="60735" /><E47/><V9/><F9/><W19/><G38/><AGARI ba="0,1" hai="38,43,45,48,55,56,65,66" m="60735,48681" machi="38" ten="30,1000,0" yaku="18,1" doraHai="114" who="1" fromWho="3" sc="249,0,240,20,238,0,263,-10" /><INIT seed="4,0,0,1,1,111" ten="249,260,238,253" oya="0" hai0="100,101,42,34,58,4,115,3,53,7,134,129,24" hai1="31,89,77,14,98,93,135,130,62,17,46,69,15" hai2="16,68,40,30,114,8,123,120,81,80,78,124,74" hai3="116,113,102,61,86,35,79,106,10,104,73,56,118"/><T66/><D66/><U22/><E130/><V84/><F68/><W117/><G35/><T50/><D129/><U71/><E135/><V133/><F133/><W9/><G73/><T65/><D65/><U87/><E31/><V6/><F124/><W37/><G37/><T19/><D3/><U23/><E62/><V54/><F30/><W103/><G86/><T1/><D1/><U92/><E46/><V27/><F40/><W97/><G79/><T94/><D34/><U95/><E77/><V119/><F119/><W48/><G48/><T32/><D32/><U88/><E93/><V45/><F6/><W2/><G2/><T29/><D29/><U126/><E126/><V72/><F72/><W36/><G36/><T110/><D42/><U127/><E127/><V43/><F43/><W105/><G113/><T55/><D115/><U57/><E57/><V109/><F109/><W85/><G85/><T59/><D110/><U13/><REACH who="1" step="1"/><E22/><REACH who="1" ten="249,250,238,253" step="2"/><N who="2" m="13767" /><F114/><W108/><G108/><T112/><D112/><U70/><AGARI ba="0,1" hai="13,14,15,17,23,69,70,71,87,88,89,92,95,98" machi="70" ten="30,4000,0" yaku="1,1,0,1,54,1,53,0" doraHai="111" doraHaiUra="107" who="1" fromWho="1" sc="249,-20,250,50,238,-10,253,-10" owari="229,-17.1,300,40.0,228,-27.2,243,4.3" /></mjloggm>