<mjloggm ver="2.3"><GO type="225" lobby="0"/><UN n0="%E3%81%A9%E3%82%8F%E3%82%93%E3%81%94" n1="%E6%A1%9C%E8%8A%B1%E9%96%83%E3%80%85" n2="%E3%83%AD%E3%83%83%E3%83%86%E9%9B%80%E7%90%83" n3="%E4%B8%89%E5%86%A0%E7%8E%8B%E3%83%BB%E5%B1%B1%E7%94%B0%E5%93%B2%E4%BA%BA" dan="16,18,17,16" rate="2186.60,2225.10,2182.60,2177.24" sx="M,M,M,M"/><TAIKYOKU oya="0"/><INIT seed="0,0,0,4,1,57" ten="250,250,250,250" oya="0" hai0="53,38,42,66,24,73,115,61,46,59,34,70,75" hai1="26,48,30,2,31,85,21,109,68,71,12,27,121" hai2="32,54,62,33,89,9,69,126,41,84,49,91,17" hai3="118,82,28,125,58,56,132,102,130,25,116,78,16"/><T0/><D0/><U7/><E121/><V40/><F126/><W76/><G125/><T37/><D115/><U29/><E109/><V112/><F112/><W39/><G39/><T135/><D38/><U45/><E2/><V103/><F103/><W114/><G114/><T99/><D135/><U35/><E30/><V10/><F17/><W96/><G78/><T128/><D128/><U87/><E71/><V80/><F33/><W43/><G43/><N who="2" m="16457" /><F32/><W108/><G108/><T111/><D99/><U101/><E68/><V20/><F20/><W74/><G132/><T15/><D15/><U51/><E51/><V67/><F69/><W104/><G130/><T18/><D111/><U119/><E101/><V124/><F124/><W117/><REACH who="3" step="1"/><G16/><REACH who="3" ten="250,250,250,240" step="2"/><T36/><D36/><U127/><E127/><V52/><F9/><W19/><G19/><T106/><D18/><U92/><E29/><V1/><F10/><W47/><G47/><T94/><D46/><U100/><E45/><N who="2" m="27695" /><F1/><W86/><G86/><T22/><D42/><U63/><E87/><V122/><F122/><W131/><G131/><T64/><D37/><U90/><E85/><V23/><F84/><W3/><G3/><T93/><D75/><U98/><E31/><V5/><F80/><W11/><G11/><T44/><D73/><U120/><E27/><V123/><F123/><W4/><G4/><T134/><D44/><U83/><E26/><V105/><F5/><W50/><G50/><T6/><D134/><U14/><E83/><V133/><F133/><W72/><G72/><T79/><D6/><U13/><E7/><RYUUKYOKU ba="0,1" sc="250,-10,250,-10,250,-10,240,30" hai3="25,28,56,58,74,76,82,96,102,104,116,117,118" /><INIT seed="1,1,1,5,3,92" ten="240,240,240,270" oya="1" hai0="85,110,129,121,86,72,49,124,11,73,127,77,4" hai1="38,84,120,105,62,112,22,43,128,59,101,107,64" hai2="3,102,71,13,34,69,18,116,54,96,74,134,24" hai3="53,97,123,58,135,8,36,45,91,51,50,114,80"/><U113/><E120/><V47/><F116/><W20/><G114/><T93/><D121/><U32/><E32/><V56/><F3/><W103/><G123/><T6/><D110/><U119/><E119/><V10/><F74/><N who="0" m="28778" /><D49/><U1/><E128/><V19/><F134/><W30/><G135/><T70/><D70/><U2/><E84/><V46/><F71/><W90/><G36/><T130/><D11/><U31/><E22/><V17/><F69/><W7/><G80/><N who="0" m="47247" /><D6/><U29/><E43/><V48/><F34/><W78/><G78/><T118/><D4/><U5/><E38/><V12/><F24/><W66/><G30/><T14/><D14/><U26/><E5/><V104/><REACH who="2" step="1"/><F19/><REACH who="2" ten="240,240,230,270" step="2"/><W88/><G7/><T44/><D118/><U125/><E26/><V117/><F117/><W65/><G20/><AGARI ba="1,2" hai="10,12,13,17,18,20,46,47,48,54,56,96,102,104" machi="20" ten="30,3900,0" yaku="1,1,7,1,52,1,53,0" doraHai="92" doraHaiUra="83" who="2" fromWho="3" sc="240,0,240,0,230,62,270,-42" /><INIT seed="2,0,0,4,2,58" ten="240,240,292,228" oya="2" hai0="19,116,69,38,128,7,85,6,122,80,130,28,37" hai1="70,55,24,112,64,42,34,1,25,127,91,121,11" hai2="45,96,129,4,97,14,133,41,3,21,74,18,71" hai3="95,48,89,83,52,114,103,107,98,51,17,0,2"/><V84/><F74/><W36/><G36/><T16/><D122/><U93/><E112/><V76/><F71/><W106/><G114/><T5/><D28/><U9/><E121/><V67/><F67/><W50/><G83/><T15/><D69/><U13/><E42/><V47/><F133/><W100/><G107/><T78/><D116/><U125/><E55/><V54/><F129/><N who="0" m="49770" /><D19/><N who="1" m="8623" /><E34/><V39/><F3/><W33/><G33/><T108/><D108/><U132/><E132/><V44/><F4/><N who="0" m="1026" /><T53/><DORA hai="117" /><D53/><U102/><E102/><N who="3" m="38954" /><G106/><T23/><AGARI ba="0,0" hai="15,16,23,37,38,78,80,85" m="1026,49770" machi="23" ten="40,2700,0" yaku="19,1,54,1" doraHai="58,117" who="0" fromWho="0" sc="240,27,240,-7,292,-13,228,-7" /><INIT seed="3,0,0,4,5,51" ten="267,233,279,221" oya="3" hai0="45,39,19,3,52,120,110,92,91,56,5,35,116" hai1="90,12,36,93,61,135,129,128,115,80,118,24,44" hai2="43,132,54,0,7,71,62,73,60,10,83,29,53" hai3="74,67,20,22,78,28,38,21,68,106,127,27,48"/><W66/><G38/><T30/><D120/><U46/><E115/><V82/><F29/><W69/><G106/><T65/><D116/><U16/><E118/><V9/><F132/><W1/><G1/><T119/><D119/><U47/><E135/><V40/><F71/><W32/><G127/><T84/><D3/><U122/><E122/><V4/><F0/><W63/><G48/><T104/><D104/><U25/><E80/><V15/><F15/><W76/><REACH who="3" step="1"/><G74/><AGARI ba="0,0" hai="4,7,9,10,40,43,53,54,60,62,73,74,82,83" machi="74" ten="25,6400,0" yaku="22,2,52,2" doraHai="51" who="2" fromWho="3" sc="267,0,233,0,279,64,221,-64" owari="267,6.7,233,-16.7,343,44.3,157,-34.3" /></mjloggm>