<mjloggm ver="2.3"><GO type="225" lobby="0"/><UN n0="%E3%81%BF%E3%81%BF%E3%81%9A" n1="%6D%75%75%6D%75%72%61" n2="%E3%81%99%E3%81%84%E3%81%BE%E3%81%9B%E3%83%BC%E3%82%93" n3="%E3%82%A2%E3%82%A4%E3%82%B9%E3%83%86%E3%82%A3%E3%83%BC%E3%81%82%E3%81%B9" dan="16,16,17,16" rate="2132.34,2141.66,2200.79,2127.50" sx="M,F,M,M"/><TAIKYOKU oya="0"/><INIT seed="0,0,0,4,0,101" ten="250,250,250,250" oya="0" hai0="41,26,93,104,82,69,73,4,99,36,7,42,121" hai1="45,94,86,23,108,17,72,27,120,79,33,71,16" hai2="106,117,54,55,20,44,12,14,102,77,126,15,53" hai3="114,105,11,111,22,48,124,118,19,39,34,56,2"/><T43/><D121/><U109/><E120/><V132/><F132/><W47/><G111/><N who="1" m="42570" /><E71/><V60/><F126/><W95/><G114/><T110/><D69/><U70/><E70/><V24/><F117/><W131/><G34/><T51/><D110/><U50/><E33/><V1/><F1/><W97/><G118/><T9/><D51/><U134/><E134/><V123/><F123/><W63/><G39/><T116/><D116/><U13/><E72/><V115/><F115/><W100/><G131/><T67/><D67/><U127/><E127/><V107/><F77/><W128/><G128/><T90/><D26/><U58/><E58/><V38/><F60/><W31/><G31/><T96/><D36/><U66/><E66/><V65/><F102/><W59/><G63/><T30/><D30/><N who="1" m="17791" /><E13/><V28/><REACH who="2" step="1"/><F65/><REACH who="2" ten="250,250,240,250" step="2"/><W49/><G124/><T92/><D90/><N who="1" m="53591" /><E79/><V84/><F84/><W113/><G2/><T78/><D78/><U21/><E21/><V119/><F119/><W103/><G22/><T87/><D73/><U89/><E89/><V135/><F135/><W52/><G113/><T125/><D125/><U85/><E85/><V46/><F46/><W3/><G47/><T68/><D87/><U0/><E0/><V25/><F25/><W88/><G3/><T62/><D62/><U74/><E74/><V80/><F80/><W130/><G130/><T29/><D82/><U129/><E129/><V5/><F5/><W122/><G122/><T40/><D4/><U8/><E8/><V133/><F133/><W37/><G11/><T81/><D9/><U10/><E10/><RYUUKYOKU ba="0,1" sc="250,-15,250,15,240,15,250,-15" hai1="16,17,45,50" hai2="12,14,15,20,24,28,38,44,53,54,55,106,107" /><INIT seed="1,1,1,5,4,125" ten="235,265,255,235" oya="1" hai0="41,22,117,108,100,130,63,99,62,39,77,105,2" hai1="42,6,116,81,96,134,94,60,69,123,56,55,131" hai2="104,10,47,40,86,66,93,73,53,90,8,9,67" hai3="35,4,65,126,5,36,92,26,84,135,80,120,88"/><U121/><E116/><V109/><F109/><W12/><G120/><T97/><D117/><U0/><E134/><V52/><F73/><W7/><G36/><T59/><D108/><U113/><E113/><V27/><F104/><W58/><G126/><T71/><D77/><U32/><E32/><V17/><F67/><W98/><G135/><T28/><D2/><U78/><E69/><V102/><F66/><W3/><G3/><T44/><D71/><U48/><E131/><V19/><F102/><W11/><G35/><T70/><D70/><U25/><E25/><V46/><F46/><W50/><G26/><T124/><D124/><U57/><E6/><V129/><F129/><W85/><G85/><T76/><D76/><U115/><E0/><V31/><F19/><W51/><G65/><T91/><D130/><U83/><E115/><V45/><F45/><W18/><REACH who="3" step="1"/><G58/><REACH who="3" ten="235,265,255,225" step="2"/><T72/><D72/><U103/><E57/><V119/><F119/><W61/><G61/><T21/><D62/><U43/><E121/><V15/><F53/><W127/><G127/><T89/><D59/><U33/><E123/><V30/><F52/><W101/><AGARI ba="1,2" hai="4,5,7,11,12,18,50,51,80,84,88,92,98,101" machi="101" ten="30,7900,0" yaku="1,1,0,1,8,1,54,1,53,0" doraHai="125" doraHaiUra="106" who="3" fromWho="3" sc="235,-21,265,-40,255,-21,225,102" /><INIT seed="2,0,0,3,1,18" ten="214,225,234,327" oya="2" hai0="128,131,33,0,115,31,81,39,44,29,77,34,2" hai1="53,51,104,57,76,11,27,30,4,62,23,16,130" hai2="84,8,110,35,82,120,117,96,91,1,69,102,47" hai3="64,123,22,125,66,70,116,21,92,108,129,43,75"/><V20/><F117/><W113/><G123/><T52/><D115/><U9/><E130/><N who="0" m="49705" /><D31/><U3/><E104/><V107/><F35/><N who="0" m="13322" /><D29/><U93/><E76/><V48/><F120/><W100/><G116/><T114/><D114/><U98/><E9/><V67/><F110/><W24/><G75/><N who="0" m="43199" /><D52/><U72/><E72/><V89/><F89/><W7/><G113/><T32/><N who="0" m="13330" /><T19/><DORA hai="109" /><D19/><U106/><E106/><V86/><F86/><W99/><G108/><T5/><D5/><U133/><E133/><V83/><F83/><W122/><G7/><T60/><D60/><U94/><E30/><V71/><F67/><N who="3" m="25643" /><G122/><T26/><D26/><U15/><E27/><V50/><F50/><W119/><G119/><T103/><D103/><U127/><E127/><V25/><F8/><W56/><G125/><T80/><D80/><U37/><E37/><V121/><F121/><W85/><G24/><T73/><D73/><U78/><E78/><V14/><F25/><W74/><G74/><T36/><D44/><U87/><E62/><V95/><F107/><W118/><G118/><T124/><D124/><U135/><E135/><V41/><F1/><AGARI ba="0,0" hai="0,1,2,36,39" m="43199,13330,49705" machi="1" ten="50,3200,0" yaku="19,1,23,1" doraHai="18,109" who="0" fromWho="2" sc="214,32,225,0,234,-32,327,0" /><INIT seed="3,0,0,2,2,121" ten="246,225,202,327" oya="3" hai0="37,105,83,50,122,85,113,26,22,28,11,61,40" hai1="3,132,53,33,109,52,64,84,96,48,66,93,92" hai2="133,19,69,56,57,127,129,120,6,24,67,18,71" hai3="8,72,87,42,47,44,124,32,10,131,25,98,99"/><W39/><G72/><T9/><D122/><U51/><E33/><V20/><F120/><W82/><G124/><T27/><D105/><U116/><E3/><V36/><F127/><W104/><G47/><T86/><D37/><U126/><E126/><V134/><F36/><W108/><G108/><T59/><D113/><U2/><E2/><V97/><F129/><W16/><G104/><T89/><D27/><U128/><E128/><V101/><F6/><W54/><G54/><N who="1" m="21098" /><E109/><V62/><F18/><W63/><G63/><T135/><D135/><U55/><E132/><V110/><F57/><W114/><G114/><T49/><D86/><U117/><E84/><V118/><F118/><N who="1" m="45673" /><E51/><N who="0" m="19465" /><D40/><U38/><E38/><V58/><F58/><W73/><G73/><T112/><D112/><U4/><E4/><V5/><F5/><W91/><G32/><T23/><D23/><U80/><E80/><V43/><F43/><W79/><G131/><T130/><D130/><U14/><E14/><V74/><F74/><W111/><G111/><T88/><D89/><N who="1" m="55311" /><E93/><V123/><F123/><W103/><G87/><T76/><D76/><U31/><E31/><V77/><F77/><W94/><G79/><T102/><D102/><U17/><E17/><V29/><F19/><W7/><G7/><T78/><D78/><U15/><E15/><V35/><F35/><W12/><G25/><T107/><D107/><U90/><E90/><V68/><F110/><W95/><G82/><T100/><D100/><U13/><E13/><V125/><F125/><W60/><G10/><T34/><D34/><U21/><E21/><RYUUKYOKU ba="0,0" sc="246,0,225,0,202,0,327,0" hai0="9,11,22,26,28,59,61,83,85,88" hai1="48,55,64,66" hai2="20,24,29,56,62,67,68,69,71,97,101,133,134" hai3="8,12,16,39,42,44,60,91,94,95,98,99,103" owari="246,4.6,225,-17.5,202,-29.8,327,42.7" /></mjloggm>