<mjloggm ver="2.3"><GO type="225" lobby="0"/><UN n0="%E3%81%BE%E3%81%A8%E3%81%9F" n1="%E3%81%A8%E3%82%93%E3%81%A8%E3%81%93%E3%81%A8%E3%82%93" n2="%E3%82%B2%E3%82%B9%E8%8C%82%E5%8B%9D" n3="%28%EF%BF%A3%E2%96%BD%EF%BF%A3%29%CE%B4%E2%8C%92%E3%83%BB" dan="16,16,16,16" rate="2069.30,2103.37,2059.68,2134.50" sx="M,M,F,M"/><TAIKYOKU oya="0"/><INIT seed="0,0,0,4,1,19" ten="250,250,250,250" oya="0" hai0="97,91,44,22,15,64,28,25,110,3,115,77,58" hai1="16,45,0,37,8,2,67,124,135,103,126,80,56" hai2="20,94,84,118,6,55,1,108,46,31,123,120,57" hai3="42,122,52,131,128,89,14,105,132,78,70,71,54"/><T65/><D3/><U13/><E135/><V21/><F108/><W50/><G105/><T82/><D115/><U73/><E103/><V7/><F46/><N who="3" m="25943" /><G78/><T111/><D44/><U95/><E95/><V121/><F118/><W63/><G89/><T81/><D15/><U41/><E67/><N who="0" m="25673" /><D58/><U72/><E56/><V119/><F31/><W30/><G14/><T104/><D104/><U112/><E112/><V9/><F6/><W24/><G24/><T35/><D35/><U85/><E0/><V74/><F74/><W83/><G83/><T109/><D77/><N who="1" m="46223" /><E2/><V33/><F33/><W102/><G30/><T96/><D96/><U27/><E27/><V53/><F119/><W49/><G102/><T75/><D75/><U88/><E88/><V39/><F39/><W116/><G116/><T17/><D28/><U68/><E68/><N who="3" m="26154" /><G132/><T4/><D4/><U114/><E114/><V127/><F94/><AGARI ba="0,0" hai="17,22,25,81,82,91,94,97,109,110,111" m="25673" machi="94" ten="40,7700,0" yaku="14,1,10,1,52,1" doraHai="19" who="0" fromWho="2" sc="250,77,250,0,250,-77,250,0" /><INIT seed="0,1,0,3,1,128" ten="327,250,173,250" oya="0" hai0="87,99,48,23,129,123,21,76,61,98,29,83,18" hai1="114,122,66,118,124,20,26,30,55,33,80,60,78" hai2="73,53,106,32,72,88,63,93,17,112,119,37,133" hai3="77,56,91,109,54,104,40,115,102,46,107,134,101"/><T49/><D129/><U14/><E118/><V126/><F112/><W59/><G115/><T84/><D123/><U68/><E114/><V90/><F119/><W2/><G2/><T65/><D29/><U113/><E113/><V34/><F106/><W41/><G77/><T36/><D36/><U110/><E122/><V7/><F37/><W67/><G91/><T44/><D84/><U12/><E110/><V64/><F7/><W27/><G27/><T50/><D44/><U127/><E55/><V135/><F53/><W95/><G54/><T131/><D131/><U28/><E28/><V6/><F6/><W70/><G46/><T69/><REACH who="0" step="1"/><D23/><REACH who="0" ten="317,250,173,250" step="2"/><U39/><E39/><V0/><F126/><N who="1" m="48169" /><E20/><V71/><F0/><W1/><G1/><T52/><D52/><U117/><E117/><V47/><F47/><W8/><G40/><T57/><D57/><U125/><N who="1" m="48177" /><U79/><DORA hai="121" /><E79/><V108/><F108/><W81/><G56/><T42/><D42/><U45/><E45/><V31/><F34/><W4/><G59/><T82/><D82/><U9/><E78/><V105/><F32/><W103/><G109/><T75/><D75/><U38/><E80/><V15/><F31/><W62/><G81/><T22/><D22/><U13/><E38/><V16/><F73/><W86/><G41/><T94/><D94/><U58/><E58/><V51/><F72/><W35/><G35/><T43/><D43/><U19/><AGARI ba="1,1" hai="9,12,13,14,19,26,30,33,60,66,68" m="48177" machi="19" ten="40,1500,0" yaku="18,1" doraHai="128,121" who="1" fromWho="1" sc="317,-8,250,28,173,-5,250,-5" /><INIT seed="1,0,0,5,4,76" ten="309,278,168,245" oya="1" hai0="32,118,1,113,29,7,22,35,65,107,115,86,10" hai1="8,46,50,132,3,9,41,51,120,82,6,4,125" hai2="119,56,91,55,19,126,61,44,23,124,52,58,114" hai3="17,128,122,13,2,81,95,73,129,84,97,63,88"/><U75/><E120/><V102/><F119/><W135/><G2/><T60/><D107/><U99/><E132/><V83/><F114/><W24/><G122/><T40/><D118/><U14/><E125/><N who="2" m="48235" /><F102/><W79/><G135/><T39/><D22/><U74/><E99/><V103/><F103/><W72/><G24/><N who="0" m="18471" /><D86/><U45/><REACH who="1" step="1"/><E82/><REACH who="1" ten="309,268,168,245" step="2"/><V0/><F0/><W21/><REACH who="3" step="1"/><G63/><REACH who="3" ten="309,268,168,235" step="2"/><T26/><D113/><U71/><E71/><V47/><F61/><W80/><G80/><T49/><D115/><U38/><E38/><V25/><F83/><W92/><G92/><T87/><D39/><U43/><AGARI ba="0,2" hai="3,4,6,8,9,14,41,43,45,46,50,51,74,75" machi="43" ten="20,7800,0" yaku="1,1,0,1,7,1,9,1,53,0" doraHai="76" doraHaiUra="53" who="1" fromWho="1" sc="309,-26,268,98,168,-26,235,-26" /><INIT seed="1,1,0,4,0,45" ten="283,366,142,209" oya="1" hai0="1,52,44,71,125,134,17,51,24,98,114,53,37" hai1="93,103,83,26,41,90,6,13,113,110,22,72,27" hai2="66,0,99,67,117,107,36,3,128,126,12,31,25" hai3="39,96,56,80,78,73,106,108,15,49,135,60,76"/><U19/><E113/><V61/><F117/><W18/><G39/><T77/><D114/><U46/><E110/><V94/><F126/><W16/><G108/><T11/><D125/><U64/><E64/><V59/><F128/><W89/><G135/><T91/><D71/><U75/><E103/><V2/><F107/><W43/><G78/><T8/><D37/><U97/><E83/><V101/><F36/><W95/><G106/><T87/><D1/><U47/><E46/><V102/><F12/><W35/><G35/><T58/><D134/><U109/><E109/><V69/><F102/><W81/><G81/><N who="0" m="47535" /><D91/><U14/><E72/><V115/><F115/><W84/><G73/><T111/><D98/><U32/><E75/><V120/><F120/><W40/><G18/><T82/><D82/><U116/><E116/><V131/><F131/><W54/><G60/><N who="0" m="35911" /><D111/><U122/><E122/><V100/><F100/><W34/><G34/><T133/><D133/><U123/><E123/><V79/><F79/><W62/><G62/><T132/><D132/><U55/><E55/><V105/><F105/><W7/><G7/><T118/><D118/><U104/><E104/><V121/><F121/><W9/><AGARI ba="1,0" hai="9,15,16,40,43,49,54,56,76,80,84,89,95,96" machi="9" ten="20,8000,1" yaku="0,1,7,1,8,1,52,1,54,1" doraHai="45" who="3" fromWho="3" sc="283,-21,366,-41,142,-21,209,83" /><INIT seed="2,0,0,3,3,123" ten="262,325,121,292" oya="2" hai0="21,95,63,3,42,86,7,118,91,20,28,35,82" hai1="104,17,46,127,77,71,49,98,112,61,33,45,102" hai2="22,11,92,90,37,87,89,43,116,2,72,75,133" hai3="66,57,126,6,39,84,115,36,4,78,56,64,108"/><V93/><F133/><W124/><G84/><T16/><D118/><U54/><E112/><V0/><F116/><W44/><G78/><T88/><D35/><U65/><E127/><N who="3" m="48682" /><G115/><T74/><D42/><U53/><E77/><V19/><F43/><W25/><G25/><T111/><D74/><U132/><E132/><V79/><F37/><N who="3" m="14411" /><G108/><T121/><D121/><U128/><E128/><V15/><F79/><W51/><G6/><T30/><D111/><U100/><E100/><V83/><F83/><W59/><G4/><T31/><D63/><U117/><E117/><V85/><REACH who="2" step="1"/><F11/><REACH who="2" ten="262,325,111,292" step="2"/><W125/><G125/><T97/><REACH who="0" step="1"/><D16/><REACH who="0" ten="252,325,111,292" step="2"/><U94/><E17/><V81/><F81/><W134/><G134/><T99/><D99/><U12/><E98/><V122/><F122/><W101/><G101/><T105/><D105/><U62/><E104/><V96/><F96/><W32/><G32/><T131/><D131/><U135/><E33/><V109/><F109/><W67/><G66/><T10/><AGARI ba="0,2" hai="3,7,10,20,21,28,30,31,82,86,88,91,95,97" machi="10" ten="30,4000,0" yaku="1,1,0,1,54,1,53,0" doraHai="123" doraHaiUra="47" who="0" fromWho="0" sc="252,60,325,-10,111,-20,292,-10" /><INIT seed="3,0,0,4,1,74" ten="312,315,91,282" oya="3" hai0="38,89,131,27,53,106,6,23,96,48,49,95,102" hai1="44,132,62,85,94,134,83,33,55,99,127,14,42" hai2="4,130,115,81,78,125,39,107,63,64,67,18,34" hai3="120,73,16,70,12,126,5,15,98,31,45,104,28"/><W90/><G70/><T41/><D38/><U58/><E127/><V21/><F125/><W66/><G73/><T116/><D116/><U92/><E14/><V46/><F130/><W54/><G126/><T69/><D69/><U111/><E33/><V76/><F115/><W121/><G66/><N who="2" m="25129" /><F39/><W65/><G65/><T86/><D6/><U36/><E111/><V93/><F107/><W88/><G104/><T110/><D110/><U105/><E105/><V32/><F4/><W97/><G5/><T84/><D131/><U114/><E114/><V113/><F113/><W11/><G15/><T20/><D41/><U9/><E9/><V118/><F118/><W13/><G13/><T117/><D117/><U24/><E24/><N who="2" m="14391" /><F34/><W68/><G68/><T43/><D27/><U61/><E61/><V0/><F0/><W91/><G120/><T56/><REACH who="0" step="1"/><D84/><REACH who="0" ten="302,315,91,282" step="2"/><U77/><REACH who="1" step="1"/><E94/><REACH who="1" ten="302,305,91,282" step="2"/><V108/><F108/><W22/><G121/><T124/><D124/><U35/><E35/><V3/><F32/><W129/><G129/><T123/><D123/><U79/><E79/><N who="2" m="30251" /><F3/><W133/><G11/><T101/><D101/><AGARI ba="0,2" hai="36,42,44,55,58,62,77,83,85,92,99,101,132,134" machi="101" ten="40,2600,0" yaku="1,1,52,1,53,0" doraHai="74" doraHaiUra="103" who="1" fromWho="0" sc="302,-26,305,46,91,0,282,0" owari="276,-12.4,351,45.1,91,-40.9,282,8.2" /></mjloggm>