<mjloggm ver="2.3"><GO type="225" lobby="0"/><UN n0="%73%75%7A%75%6D%65%33" n1="%6D%75%75%6D%75%72%61" n2="%4B%2E%32%2E%4B%2E" n3="%E7%B4%94%E6%BD%94%E3%83%94%E3%83%A9%E3%83%8B%E3%82%A2" dan="17,16,16,17" rate="2213.70,2230.44,2054.26,2248.71" sx="M,F,M,M"/><TAIKYOKU oya="0"/><INIT seed="0,0,0,2,2,19" ten="250,250,250,250" oya="0" hai0="48,8,62,128,107,80,61,18,118,109,4,66,98" hai1="21,131,12,91,120,121,92,15,96,74,37,0,86" hai2="88,5,70,130,78,117,57,64,135,123,113,39,29" hai3="41,45,47,85,60,77,40,94,111,134,112,82,76"/><T127/><D118/><U33/><E0/><V103/><F70/><W63/><G112/><T55/><D128/><U72/><E33/><V16/><F39/><W102/><G111/><T30/><D109/><U100/><E37/><V49/><F123/><W27/><G134/><T99/><D30/><U2/><E2/><V90/><F113/><W23/><G102/><T52/><D127/><U3/><E3/><V9/><F103/><W36/><G94/><T59/><D80/><U119/><E119/><V105/><F105/><W22/><G27/><T79/><D79/><U51/><E131/><V83/><F130/><W58/><G60/><T35/><D35/><U50/><E12/><N who="2" m="7183" /><F29/><W65/><REACH who="3" step="1"/><G76/><REACH who="3" ten="250,250,250,240" step="2"/><T17/><D107/><U31/><E121/><V53/><F135/><W46/><G46/><T54/><D62/><U73/><E120/><V11/><F117/><W56/><G56/><T13/><D48/><AGARI ba="0,1" hai="22,23,36,40,41,45,47,48,58,63,65,77,82,85" machi="48" ten="30,7700,0" yaku="1,1,7,1,52,2,53,0" doraHai="19" doraHaiUra="110" who="3" fromWho="0" sc="250,-77,250,0,250,0,240,87" /><INIT seed="1,0,0,4,2,78" ten="173,250,250,327" oya="1" hai0="68,35,2,86,87,108,67,103,113,58,45,23,34" hai1="98,32,125,124,81,3,48,18,105,123,133,95,106" hai2="38,111,20,120,40,131,71,64,52,114,69,59,88" hai3="119,128,80,8,82,101,85,54,127,39,134,94,83"/><U31/><E123/><V75/><F120/><W0/><G39/><T10/><D113/><U29/><E3/><V74/><F114/><W12/><G0/><T84/><D68/><U30/><E32/><V61/><F111/><W90/><G119/><T7/><D108/><U17/><E133/><V49/><F131/><W70/><G128/><T116/><D116/><U13/><E48/><V33/><F33/><W28/><G70/><T4/><D4/><U129/><E129/><V65/><F20/><W24/><G127/><N who="1" m="48714" /><E81/><V117/><F117/><W122/><G122/><T93/><D45/><U66/><E66/><V41/><F88/><W42/><G42/><T121/><D121/><U27/><E27/><V73/><F38/><W53/><G101/><T132/><D132/><U25/><E25/><V112/><F112/><W21/><G134/><T126/><D23/><N who="1" m="11695" /><E18/><AGARI ba="0,0" hai="8,12,18,21,24,28,53,54,80,82,83,85,90,94" machi="18" ten="40,8000,1" yaku="8,1,52,3" doraHai="78" who="3" fromWho="1" sc="173,0,250,-80,250,0,327,80" /><INIT seed="2,0,0,4,2,100" ten="173,170,250,407" oya="2" hai0="21,65,5,37,14,22,47,68,71,2,126,64,129" hai1="28,111,57,128,112,49,127,103,69,77,33,15,19" hai2="1,119,107,30,108,104,120,53,105,133,42,99,121" hai3="59,89,38,80,83,79,63,18,110,44,134,98,116"/><V117/><F1/><W43/><G116/><N who="2" m="44617" /><F30/><W51/><G38/><T50/><D37/><U0/><E69/><V40/><F53/><W118/><G118/><T122/><D122/><N who="2" m="47210" /><F99/><W3/><G98/><T27/><D2/><U60/><E111/><V115/><F108/><W48/><G3/><T39/><D39/><U94/><E112/><V52/><F115/><W90/><G80/><T61/><D129/><U76/><E127/><V88/><F52/><W70/><G48/><T106/><D126/><U45/><E128/><V87/><F42/><W26/><G70/><T16/><D5/><U97/><E0/><V54/><F54/><W102/><G102/><T13/><D22/><U113/><E113/><V10/><F10/><W20/><G110/><T109/><D109/><U73/><E73/><V41/><F41/><W125/><G125/><T82/><D82/><U74/><E74/><V62/><F62/><W24/><G24/><T17/><D17/><U132/><E132/><V46/><F46/><W93/><G134/><T29/><D29/><U123/><E123/><V91/><F40/><W66/><G93/><T72/><D72/><AGARI ba="0,0" hai="18,20,26,43,44,51,59,63,66,72,79,83,89,90" machi="72" ten="30,1000,0" yaku="7,1" doraHai="100" who="3" fromWho="0" sc="173,-10,170,0,250,0,407,10" /><INIT seed="3,0,0,0,1,67" ten="163,170,250,417" oya="3" hai0="109,70,15,116,56,60,103,133,111,28,110,122,112" hai1="123,13,126,88,40,55,99,54,47,61,30,74,16" hai2="36,83,4,58,100,73,82,84,95,11,35,69,22" hai3="135,114,121,75,107,26,0,80,117,92,105,42,78"/><W6/><G26/><T94/><D122/><U131/><E74/><V7/><F69/><W65/><G65/><N who="0" m="41255" /><D116/><U124/><E123/><V104/><F35/><W23/><G105/><T125/><D125/><N who="1" m="48235" /><E30/><V79/><F104/><W41/><G42/><T102/><D133/><U76/><E76/><V44/><F11/><W21/><G6/><T52/><D112/><U93/><E131/><V97/><F58/><W8/><G8/><T91/><D28/><U34/><E34/><V132/><F132/><W85/><G21/><T127/><D127/><U118/><E118/><V59/><F59/><W20/><G80/><T72/><D72/><U43/><E61/><V39/><F22/><W32/><G20/><T38/><D38/><N who="1" m="21911" /><E43/><V66/><F66/><W48/><G41/><T51/><D15/><U1/><E1/><V64/><F64/><W27/><G23/><AGARI ba="0,0" hai="13,16,23,54,55,88,93,99" m="21911,48235" machi="23" ten="30,3900,0" yaku="18,1,54,2" doraHai="67" who="1" fromWho="3" sc="163,0,170,39,250,0,417,-39" owari="163,-33.7,209,-19.1,250,5.0,378,47.8" /></mjloggm>