<mjloggm ver="2.3"><GO type="225" lobby="0"/><UN n0="%E3%81%B5%E3%81%98%E3%81%8B%E3%81%A4" n1="%33%74%72%65%65" n2="%65%6B%61%72%75%74%65" n3="%77%72%77%72%77%72%77%72" dan="16,16,16,17" rate="2128.84,2153.88,2109.26,2184.49" sx="M,F,M,M"/><TAIKYOKU oya="0"/><INIT seed="0,0,0,3,5,122" ten="250,250,250,250" oya="0" hai0="72,14,6,32,129,109,16,24,49,68,0,84,65" hai1="21,53,126,91,88,29,52,20,17,42,38,15,83" hai2="67,112,59,1,74,85,103,10,119,45,96,81,127" hai3="25,133,36,79,115,26,108,12,7,121,99,134,100"/><T46/><D72/><U70/><E70/><V19/><F127/><W77/><G115/><T98/><D129/><U35/><E35/><V11/><F112/><W131/><G36/><T31/><D98/><U73/><E126/><V101/><F74/><W95/><G131/><T8/><D68/><U105/><E105/><V75/><F75/><W50/><G121/><T111/><D65/><U92/><E38/><V63/><F119/><W76/><G108/><N who="0" m="41547" /><D84/><N who="1" m="50207" /><E42/><V34/><F34/><W132/><REACH who="3" step="1"/><G50/><REACH who="3" ten="250,250,250,240" step="2"/><T54/><D0/><U41/><E41/><V4/><F1/><W123/><G123/><T39/><D39/><U94/><E73/><V102/><F102/><W128/><G128/><T80/><D80/><U3/><E3/><V118/><F103/><W40/><G40/><T86/><D86/><N who="1" m="52343" /><E94/><V90/><F81/><W44/><G44/><T58/><D46/><U2/><E2/><V71/><F45/><W130/><G130/><T60/><D60/><U9/><E29/><V93/><F85/><W48/><G48/><T51/><D49/><U106/><E106/><V57/><F63/><W78/><N who="3" m="19456" /><DORA hai="56" /><W117/><G117/><T113/><D113/><U27/><E53/><V64/><F93/><W37/><G37/><T120/><D120/><U23/><E52/><V61/><F61/><W124/><G124/><T69/><D69/><U47/><E47/><V5/><F71/><W30/><G30/><T135/><D135/><U13/><E27/><V87/><F87/><W66/><G66/><T28/><D31/><U97/><E97/><V22/><F96/><W104/><G104/><RYUUKYOKU ba="0,1" sc="250,10,250,10,250,-30,240,10" hai0="6,8,14,16,24,28,32,51,54,58" hai1="9,13,15,17,20,21,23" hai3="7,12,25,26,95,99,100,132,133,134" /><INIT seed="0,1,1,5,3,63" ten="260,260,220,250" oya="0" hai0="10,84,44,0,57,100,92,52,40,113,103,96,42" hai1="132,130,115,18,90,59,54,123,8,69,86,25,29" hai2="35,60,65,26,80,134,99,74,53,111,49,33,77" hai3="93,11,70,125,121,16,78,109,38,106,66,135,127"/><T56/><D113/><U87/><E123/><V46/><F111/><W119/><G106/><T61/><D84/><U72/><E72/><V114/><F114/><W108/><G121/><T27/><D27/><U101/><E115/><V97/><F134/><W51/><G38/><T2/><D103/><U126/><E132/><V47/><F47/><W89/><G135/><T68/><D68/><U9/><E69/><V76/><F76/><W15/><G78/><T95/><D95/><U55/><E130/><V37/><F37/><W4/><G119/><T104/><D104/><U30/><E126/><N who="3" m="48138" /><G51/><T102/><D102/><U1/><E1/><V45/><F45/><W17/><G66/><N who="0" m="39207" /><D0/><U88/><E101/><V48/><F48/><W82/><G82/><T62/><D2/><U118/><E118/><V81/><F81/><W98/><G70/><T67/><D10/><U58/><E25/><V133/><F133/><W5/><G5/><T50/><AGARI ba="1,1" hai="40,42,44,50,52,57,62,67,92,96,100" m="39207" machi="50" ten="30,11700,0" yaku="8,1,52,2,54,1" doraHai="63" who="0" fromWho="0" sc="260,130,260,-40,220,-40,250,-40" /><INIT seed="0,2,0,3,5,76" ten="390,220,180,210" oya="0" hai0="8,78,59,99,93,84,121,123,74,52,48,100,4" hai1="119,41,81,80,124,113,82,98,117,92,77,122,110" hai2="35,57,31,107,109,65,0,66,60,83,125,45,130" hai3="16,20,36,106,114,19,111,89,61,25,34,5,38"/><T54/><D74/><U116/><E122/><V85/><F109/><W29/><G114/><T44/><D78/><U120/><E120/><V3/><F125/><W21/><G111/><T86/><D123/><U17/><E110/><V11/><F130/><W105/><G5/><T23/><D23/><U135/><E124/><V75/><F75/><W129/><G129/><T15/><REACH who="0" step="1"/><D121/><REACH who="0" ten="380,220,180,210" step="2"/><U10/><E77/><V55/><F35/><W118/><G21/><T115/><D115/><U95/><E113/><V33/><F33/><W88/><G20/><T87/><D87/><U7/><E119/><V96/><F85/><W26/><G34/><T39/><D39/><U126/><E117/><V12/><F96/><W108/><G108/><T30/><D30/><U47/><E98/><V104/><F31/><W133/><G29/><T56/><D56/><U68/><E116/><V91/><F57/><W1/><G118/><T127/><D127/><U42/><E126/><V18/><F45/><W43/><G133/><T72/><D72/><U49/><E135/><V128/><F128/><W102/><G36/><T63/><AGARI ba="2,1" hai="4,8,15,44,48,52,54,59,63,84,86,93,99,100" machi="63" ten="20,18000,2" yaku="1,1,0,1,7,1,8,1,54,1,53,2" doraHai="76" doraHaiUra="51" who="0" fromWho="0" sc="380,196,220,-62,180,-62,210,-62" /><INIT seed="0,3,0,5,1,77" ten="576,158,118,148" oya="0" hai0="55,106,2,15,36,73,52,48,18,107,95,78,113" hai1="12,22,93,76,62,89,20,41,31,127,50,53,25" hai2="63,29,96,32,92,130,70,100,7,101,134,46,58" hai3="75,23,38,27,105,94,114,88,59,3,67,44,14"/><T74/><D113/><U47/><E127/><V26/><F130/><W10/><G114/><T51/><D2/><U72/><E72/><V97/><F134/><W42/><G105/><T65/><D36/><U45/><E76/><V79/><F7/><W71/><G75/><T104/><D95/><U80/><E80/><V109/><F109/><W122/><G122/><T30/><D30/><U110/><E110/><V19/><F46/><W125/><G125/><T0/><D0/><U13/><E22/><V11/><F70/><W5/><G71/><T87/><D65/><U133/><E133/><V128/><F128/><W8/><G59/><T108/><D87/><U90/><E62/><V60/><F79/><W28/><G67/><T39/><D39/><U116/><E116/><V119/><F119/><W6/><REACH who="3" step="1"/><G88/><REACH who="3" ten="576,158,118,138" step="2"/><T124/><D124/><U83/><E89/><V115/><F58/><W123/><G123/><T66/><D66/><U84/><REACH who="1" step="1"/><E93/><AGARI ba="3,1" hai="3,5,6,8,10,14,23,27,28,38,42,44,93,94" machi="93" ten="40,2600,0" yaku="1,1,53,1" doraHai="77" doraHaiUra="69" who="3" fromWho="1" sc="576,0,158,-35,118,0,138,45" /><INIT seed="1,0,0,0,1,10" ten="576,123,118,183" oya="1" hai0="122,125,107,84,65,42,101,67,16,3,105,69,41" hai1="62,58,52,72,95,70,30,78,20,17,91,47,83" hai2="130,86,124,51,100,117,1,89,4,81,32,93,37" hai3="45,110,21,132,128,0,40,5,7,31,44,54,118"/><U99/><E70/><V103/><F117/><W85/><G118/><T25/><D3/><U39/><E30/><V46/><F124/><W24/><G110/><T29/><D84/><U53/><E39/><V79/><F130/><W61/><G128/><T18/><D25/><U43/><E43/><V88/><F32/><W134/><G0/><T9/><D9/><U77/><E77/><V14/><F37/><W11/><G11/><T60/><D60/><U33/><E33/><V104/><F1/><W27/><G27/><T13/><D29/><U8/><E8/><N who="2" m="4359" /><F104/><W57/><G85/><T12/><D69/><U109/><E109/><V133/><F133/><N who="3" m="51307" /><G44/><T49/><D49/><AGARI ba="0,0" hai="5,7,21,24,31,40,45,49,54,57,61" m="51307" machi="49" ten="30,1000,0" yaku="20,1" doraHai="10" who="3" fromWho="0" sc="576,-10,123,0,118,0,183,10" /><INIT seed="2,0,0,0,3,110" ten="566,123,118,193" oya="2" hai0="38,87,65,76,90,95,21,12,118,2,132,24,18" hai1="27,31,49,119,99,51,116,131,36,48,106,135,129" hai2="86,98,77,96,103,29,11,17,14,37,97,33,5" hai3="125,85,6,16,126,120,58,23,134,123,79,78,88"/><V117/><F117/><W89/><G6/><T114/><D38/><U20/><E36/><V50/><F37/><W101/><G134/><T133/><D2/><U35/><E135/><N who="0" m="51785" /><D114/><U52/><E35/><V66/><F66/><W100/><G58/><T62/><D118/><U44/><E116/><V67/><F67/><W122/><G16/><T111/><D111/><U104/><E119/><V61/><F61/><W71/><G23/><T47/><D47/><U25/><E25/><V127/><F127/><N who="3" m="48651" /><G71/><N who="0" m="42423" /><D76/><N who="3" m="29225" /><G89/><T0/><D0/><U40/><E49/><V8/><F50/><W56/><G56/><T74/><D24/><U42/><E48/><V81/><F33/><W121/><G121/><T39/><D39/><U7/><E7/><V54/><F29/><W108/><G108/><T57/><D57/><U41/><REACH who="1" step="1"/><E99/><REACH who="1" ten="566,113,118,193" step="2"/><V128/><F98/><W124/><G124/><T84/><D74/><U1/><E1/><V28/><F97/><AGARI ba="0,1" hai="12,18,21,84,87,90,95,97" m="42423,51785" machi="97" ten="30,1000,0" yaku="20,1" doraHai="110" who="0" fromWho="2" sc="566,20,113,0,118,-10,193,0" /><INIT seed="3,0,0,3,4,58" ten="586,113,108,193" oya="3" hai0="63,114,81,110,62,132,7,88,50,78,38,40,56" hai1="79,48,106,22,57,71,14,104,33,4,98,126,18" hai2="37,135,121,8,108,20,93,46,54,90,17,97,9" hai3="19,107,65,83,42,124,23,44,27,55,25,34,13"/><W122/><G122/><T117/><D110/><U69/><E126/><V30/><F108/><W51/><G107/><T70/><D117/><U0/><E79/><V131/><F131/><W3/><G3/><T52/><D7/><U119/><E119/><V73/><F73/><W31/><G124/><T86/><D70/><U77/><E77/><V96/><F135/><W6/><G83/><T95/><D132/><U99/><E106/><V89/><F121/><W101/><G101/><T115/><D38/><U109/><E109/><V2/><F30/><W127/><G65/><T123/><D123/><U21/><E33/><V72/><F72/><W80/><G80/><T67/><D40/><U49/><E71/><V60/><F37/><W28/><G6/><T5/><D5/><U87/><E69/><V53/><F2/><W100/><G100/><T12/><D12/><N who="1" m="9415" /><E104/><V113/><F113/><N who="0" m="43018" /><D67/><U68/><E68/><V76/><F76/><W102/><G102/><T111/><D111/><U75/><E0/><V61/><F20/><W118/><G127/><T11/><D11/><N who="2" m="4170" /><F17/><W125/><G118/><T64/><D64/><U120/><E120/><V29/><F29/><W91/><G28/><T35/><D35/><U94/><E75/><AGARI ba="0,0" hai="50,52,56,62,63,75,78,81,86,88,95" m="43018" machi="75" ten="30,8000,1" yaku="11,1,52,2,54,2" doraHai="58" who="0" fromWho="1" sc="586,80,113,-80,108,0,193,0" owari="666,76.6,33,-46.7,108,-29.2,193,-0.7" /></mjloggm>