<mjloggm ver="2.3"><GO type="225" lobby="0"/><UN n0="%77%72%77%72%77%72%77%72" n1="%E3%81%AF%E3%82%88%E3%81%8A%E3%81%98%E3%81%95%E3%82%93" n2="%E3%81%86%E3%81%A3%E3%81%97%E3%83%BC%30%30" n3="%6D%61%74%69%67%75%73%61" dan="16,17,16,17" rate="2258.13,2196.62,2153.69,2199.18" sx="M,M,M,M"/><TAIKYOKU oya="0"/><INIT seed="0,0,0,0,3,127" ten="250,250,250,250" oya="0" hai0="91,96,27,78,100,94,90,32,52,65,131,10,70" hai1="71,11,114,47,81,135,23,119,130,39,79,77,68" hai2="89,30,80,62,133,25,31,69,101,72,102,24,126" hai3="2,84,117,129,87,99,111,122,97,110,124,43,103"/><T109/><D131/><U113/><E119/><V73/><F126/><W15/><G124/><T18/><D109/><U115/><E135/><V120/><F133/><W54/><G2/><T29/><D78/><U48/><E39/><V67/><F120/><W98/><G43/><T37/><D37/><U55/><E130/><V5/><F5/><W63/><G129/><T74/><D74/><U88/><E23/><V8/><F8/><W41/><G41/><T21/><D10/><U51/><E11/><V112/><F89/><W132/><G15/><T64/><D70/><N who="1" m="26667" /><E48/><V116/><F69/><W105/><G132/><T19/><D19/><U92/><E81/><V13/><F80/><W34/><G117/><T36/><D36/><U66/><E66/><V42/><F67/><W108/><G34/><T59/><D64/><U53/><E55/><V83/><F83/><W46/><G122/><T93/><D65/><U118/><E118/><V45/><F116/><W76/><G76/><T0/><D0/><U35/><E35/><V28/><F73/><W106/><G46/><T7/><D7/><U107/><E107/><N who="3" m="40970" /><G103/><T86/><D100/><U104/><E104/><V12/><F45/><W3/><G3/><T85/><D96/><AGARI ba="0,0" hai="47,51,53,77,79,88,92,96,113,114,115" m="26667" machi="96" ten="40,2600,0" yaku="11,1,54,1" doraHai="127" who="1" fromWho="0" sc="250,-26,250,26,250,0,250,0" /><INIT seed="1,0,0,2,2,128" ten="224,276,250,250" oya="1" hai0="31,37,129,19,47,0,21,108,30,123,42,126,27" hai1="120,85,40,14,54,71,94,4,50,33,63,102,51" hai2="56,62,44,1,8,83,10,107,20,98,3,86,58" hai3="64,15,93,39,134,26,103,116,12,113,61,28,78"/><U133/><E120/><V22/><F44/><W131/><G39/><T95/><D129/><U97/><E33/><V65/><F3/><W124/><G124/><T29/><D126/><U17/><E4/><V5/><F10/><W67/><G113/><T70/><D70/><U111/><E111/><V109/><F109/><W96/><G131/><T16/><D108/><U32/><E32/><V18/><F107/><W101/><G116/><T11/><D123/><U125/><E125/><V59/><F98/><W60/><G78/><T92/><REACH who="0" step="1"/><D19/><REACH who="0" ten="214,276,250,250" step="2"/><U135/><E71/><V80/><F18/><W48/><G103/><T110/><D110/><U38/><E17/><V69/><REACH who="2" step="1"/><F83/><REACH who="2" ten="214,276,240,250" step="2"/><W34/><G101/><T73/><D73/><U79/><E102/><V9/><F9/><W25/><G96/><T36/><D36/><U75/><E97/><V46/><F46/><W104/><G104/><T121/><D121/><U76/><E38/><V115/><F115/><W81/><G81/><T106/><D106/><U82/><E82/><V52/><F52/><W132/><G93/><T89/><D89/><AGARI ba="0,2" hai="1,5,8,20,22,56,58,59,62,65,69,80,86,89" machi="89" ten="40,1300,0" yaku="1,1,53,0" doraHai="128" doraHaiUra="74" who="2" fromWho="0" sc="214,-13,276,0,240,33,250,0" /><INIT seed="2,0,0,2,1,81" ten="201,276,273,250" oya="2" hai0="29,35,132,26,7,32,28,69,59,87,126,117,66" hai1="42,56,21,38,55,98,14,9,118,106,0,41,124" hai2="96,103,107,15,129,83,122,43,120,36,19,24,5" hai3="75,84,27,91,6,88,48,17,100,86,60,52,22"/><V123/><F129/><W1/><G75/><T47/><D69/><U85/><E118/><V101/><F101/><W67/><G100/><T23/><D117/><U133/><E124/><V71/><F71/><W64/><G6/><T110/><D126/><U34/><E34/><V82/><F5/><W70/><G1/><T31/><D110/><U116/><E116/><V80/><F24/><W134/><G134/><T105/><D132/><U104/><E0/><V13/><REACH who="2" step="1"/><F19/><REACH who="2" ten="201,276,263,250" step="2"/><W58/><G70/><T89/><D7/><U76/><E133/><V3/><F3/><W37/><G37/><T16/><D105/><U40/><E38/><V78/><F78/><W128/><G128/><T108/><D108/><U18/><E76/><V20/><F20/><W63/><G67/><T99/><D32/><U53/><E106/><V114/><F114/><W130/><G130/><T11/><D35/><U72/><E104/><V49/><F49/><W127/><G127/><T62/><D11/><U94/><E9/><V50/><F50/><W45/><G60/><T79/><D79/><U95/><E18/><V74/><F74/><W54/><G64/><T109/><D109/><U68/><E72/><V46/><AGARI ba="0,1" hai="13,15,36,43,46,80,82,83,96,103,107,120,122,123" machi="46" ten="40,3900,0" yaku="1,1,0,1,53,0" doraHai="81" doraHaiUra="61" who="2" fromWho="2" sc="201,-13,276,-13,263,49,250,-13" /><INIT seed="2,1,0,0,0,68" ten="188,263,312,237" oya="2" hai0="48,56,102,55,78,109,62,96,93,3,5,64,26" hai1="31,44,108,81,120,13,99,130,36,65,71,22,63" hai2="129,97,9,10,85,45,50,11,121,23,54,110,34" hai3="124,101,114,21,61,77,70,25,52,43,12,131,40"/><V66/><F34/><W95/><G131/><T86/><D109/><U91/><E130/><V80/><F129/><W75/><G75/><T35/><D3/><U128/><E108/><V19/><F121/><W58/><G77/><T98/><D5/><U69/><E128/><V132/><F132/><W112/><G70/><T51/><D98/><U111/><E71/><V29/><F110/><W73/><G73/><T72/><D72/><U0/><E0/><V57/><F97/><N who="3" m="59583" /><G12/><T126/><D126/><U6/><E111/><V134/><F134/><W46/><G46/><T125/><D125/><U122/><E31/><V103/><F29/><N who="3" m="17583" /><G124/><T16/><D35/><U60/><E44/><V4/><F103/><W30/><G30/><T100/><D100/><U88/><E36/><V7/><F66/><W82/><G82/><N who="0" m="47447" /><D64/><U42/><E81/><V27/><REACH who="2" step="1"/><F45/><REACH who="2" ten="188,263,302,237" step="2"/><W49/><G114/><T14/><D26/><U115/><E65/><V117/><F117/><W32/><G32/><T33/><D33/><U1/><E115/><V41/><F41/><N who="3" m="15947" /><G112/><T79/><D79/><AGARI ba="1,1" hai="4,7,9,10,11,19,23,27,50,54,57,79,80,85" machi="79" ten="40,7700,0" yaku="1,1,8,1,53,1" doraHai="68" doraHaiUra="17" who="2" fromWho="0" sc="188,-80,263,0,302,90,237,0" /><INIT seed="2,2,0,2,0,70" ten="108,263,392,237" oya="2" hai0="72,109,120,79,10,128,65,112,40,63,58,93,5" hai1="66,111,110,4,3,28,23,106,14,119,91,83,57" hai2="34,64,81,113,69,90,50,30,73,122,48,100,37" hai3="32,76,19,126,78,67,97,27,117,47,24,99,51"/><V94/><F113/><W60/><G117/><T15/><D112/><U68/><E119/><V75/><F122/><W22/><G126/><T130/><D120/><U85/><E68/><V1/><F1/><W43/><G32/><T107/><D107/><U134/><E106/><V131/><F100/><W127/><G24/><T36/><D109/><U33/><E134/><V82/><F64/><W12/><G127/><T49/><D49/><U132/><E132/><V21/><F21/><W16/><G78/><T54/><D93/><U53/><E66/><V25/><F69/><W129/><G76/><T89/><D89/><U44/><E44/><V56/><F56/><N who="3" m="37255" /><G129/><T8/><D8/><AGARI ba="2,0" hai="8,12,16,19,22,27,43,47,51,97,99" m="37255" machi="8" ten="30,2000,0" yaku="8,1,54,1" doraHai="70" who="3" fromWho="0" sc="108,-26,263,0,392,0,237,26" /><INIT seed="3,0,0,4,0,20" ten="82,263,392,263" oya="3" hai0="115,128,135,72,27,90,24,105,32,84,123,68,37" hai1="56,116,63,48,40,34,133,55,58,108,103,118,102" hai2="54,9,88,96,101,49,2,121,39,44,11,30,7" hai3="67,18,61,127,98,109,47,6,3,122,99,8,33"/><W93/><G122/><T28/><D84/><U71/><E34/><V94/><F121/><W85/><G127/><T12/><D90/><U89/><E71/><V92/><F39/><W15/><G33/><T104/><D12/><U107/><E108/><V17/><F30/><W51/><G109/><T130/><D28/><U31/><E133/><V25/><F11/><W10/><G85/><T26/><D32/><U52/><E31/><V134/><F134/><W82/><G82/><T65/><D123/><U21/><E107/><V73/><F73/><W53/><REACH who="3" step="1"/><G93/><REACH who="3" ten="82,263,392,253" step="2"/><T100/><D72/><U76/><E118/><V124/><F124/><W86/><G86/><T75/><D75/><U125/><E116/><V38/><F94/><W106/><G106/><T87/><D87/><U69/><E125/><V119/><F119/><W95/><G95/><T77/><D77/><U78/><E76/><V60/><F92/><W36/><G36/><T112/><D37/><U4/><E78/><V80/><F38/><W64/><G64/><T81/><D81/><U132/><E132/><V129/><F80/><W22/><G22/><T117/><D135/><U0/><E89/><V46/><F88/><W29/><G29/><T62/><D117/><U1/><E21/><V57/><F96/><W13/><G13/><T23/><D23/><U41/><E0/><V126/><F2/><W120/><G120/><T5/><D104/><U14/><E1/><V110/><F110/><W83/><G83/><T79/><D79/><U43/><E69/><AGARI ba="0,1" hai="3,6,8,10,15,18,47,51,53,61,67,69,98,99" machi="69" ten="30,5800,0" yaku="1,1,7,1,53,1" doraHai="20" doraHaiUra="50" who="3" fromWho="1" sc="82,0,263,-58,392,0,253,68" /><INIT seed="3,1,0,0,0,0" ten="82,205,392,321" oya="3" hai0="8,31,125,128,14,121,6,10,126,16,35,110,84" hai1="112,44,23,21,9,79,85,64,25,75,91,28,50" hai2="3,30,49,96,59,5,102,18,19,70,71,11,62" hai3="57,93,46,116,86,13,90,107,97,101,43,58,88"/><W68/><G68/><T61/><D61/><U131/><E112/><V56/><F30/><W1/><G1/><T4/><D84/><U51/><E131/><V65/><F71/><W111/><G116/><T37/><D37/><U108/><E108/><V115/><F115/><W29/><G111/><T117/><D110/><U73/><E64/><V113/><F113/><W83/><G29/><T17/><D117/><U74/><E79/><V104/><F59/><W81/><G13/><N who="0" m="5255" /><D121/><U38/><E9/><V63/><REACH who="2" step="1"/><F49/><REACH who="2" ten="82,205,382,321" step="2"/><W106/><G106/><T39/><D39/><U15/><E38/><V135/><F135/><W2/><G2/><T132/><D132/><U105/><E105/><V129/><F129/><W22/><G46/><T100/><D128/><U26/><E44/><V127/><F127/><N who="0" m="48650" /><D100/><U98/><E50/><V77/><F77/><W87/><G43/><T99/><D99/><U130/><E51/><V92/><F92/><W66/><G107/><T80/><D80/><U24/><E75/><V27/><F27/><AGARI ba="1,1" hai="6,10,14,16,17,27,31,35" m="48650,5255" machi="27" ten="30,12000,2" yaku="18,1,34,2,52,2,54,1" doraHai="0" who="0" fromWho="2" sc="82,133,205,0,382,-123,321,0" owari="215,-18.5,205,-29.5,259,5.9,321,42.1" /></mjloggm>