<mjloggm ver="2.3"><GO type="225" lobby="0"/><UN n0="%E3%82%B7%E3%83%B3%E5%A4%AA%E6%9C%97" n1="%6D%75%75%6D%75%72%61" n2="%47%32%E9%BE%8D%E9%96%80" n3="%72%69%6F%75%63%68%61%6E" dan="16,16,16,16" rate="2153.38,2124.46,2128.29,2181.26" sx="M,F,M,M"/><TAIKYOKU oya="0"/><INIT seed="0,0,0,2,4,60" ten="250,250,250,250" oya="0" hai0="73,25,24,6,71,104,93,87,57,81,131,92,94" hai1="70,33,96,46,56,34,38,80,48,52,51,74,95" hai2="58,67,65,43,97,54,30,39,126,53,79,107,19" hai3="132,78,83,116,86,117,26,115,118,103,133,114,35"/><T59/><D71/><U66/><E38/><V109/><F109/><W110/><G35/><T82/><D104/><U21/><E70/><V12/><F126/><W77/><G26/><N who="0" m="10347" /><D131/><U9/><E21/><V101/><F30/><W13/><G13/><T8/><D73/><U62/><E9/><V134/><F134/><N who="3" m="51819" /><G110/><T102/><D102/><U1/><E1/><V119/><F119/><W23/><G23/><T49/><D49/><U129/><E48/><V85/><F43/><W17/><G17/><T100/><D100/><U89/><REACH who="1" step="1"/><E129/><REACH who="1" ten="250,240,250,250" step="2"/><V99/><F39/><W50/><G50/><T121/><D121/><U4/><E4/><V55/><F58/><N who="0" m="22026" /><D87/><U41/><E41/><V108/><F108/><W91/><G103/><T64/><D8/><U98/><E98/><V68/><F97/><W22/><G22/><T63/><D6/><U128/><E128/><V130/><F130/><W105/><G105/><T125/><D125/><U0/><E0/><V122/><F122/><W14/><G14/><T111/><D111/><U40/><E40/><V90/><F68/><W3/><G3/><T2/><D2/><U5/><E5/><V72/><F72/><W11/><G11/><T106/><D106/><U28/><E28/><V10/><REACH who="2" step="1"/><F79/><AGARI ba="0,1" hai="77,78,79,83,86,91,114,115,116,117,118" m="51819" machi="79" ten="40,5200,0" yaku="20,1,34,2" doraHai="60" who="3" fromWho="2" sc="250,0,240,0,250,-52,250,62" /><AGARI ba="0,0" hai="33,34,46,51,52,56,62,66,74,79,80,89,95,96" machi="79" ten="40,8000,1" yaku="1,1,52,1,54,1,53,1" doraHai="60" doraHaiUra="45" who="1" fromWho="2" sc="250,0,240,80,198,-80,312,0" /><INIT seed="1,0,0,1,1,27" ten="250,320,118,312" oya="1" hai0="133,90,104,13,42,68,122,59,12,22,131,96,50" hai1="105,89,24,62,126,37,36,75,54,38,47,107,79" hai2="45,66,73,93,32,127,58,67,7,102,76,98,109" hai3="85,60,84,88,132,43,39,1,70,0,17,112,72"/><U18/><E126/><V71/><F127/><W34/><G112/><T86/><D122/><U15/><E75/><V48/><F109/><W80/><G132/><T111/><D68/><U92/><E79/><V83/><F71/><W31/><G72/><T119/><D111/><U6/><E6/><V117/><F117/><W63/><G17/><T123/><D131/><U51/><E62/><V121/><F121/><W11/><G63/><T129/><D129/><U3/><E3/><V30/><F7/><W100/><G100/><T118/><D133/><U16/><E24/><V114/><F58/><W97/><G97/><T35/><D35/><U19/><REACH who="1" step="1"/><E15/><REACH who="1" ten="250,310,118,312" step="2"/><V29/><F114/><W124/><G124/><T113/><D113/><U14/><E14/><V2/><F2/><W53/><G1/><T20/><D12/><U40/><E40/><V115/><F115/><W64/><G43/><T95/><D42/><U106/><E106/><V130/><F130/><W134/><G134/><T87/><D13/><U56/><E56/><V135/><F135/><W46/><G0/><T52/><D104/><U116/><E116/><V82/><F73/><W81/><G60/><T65/><D119/><U74/><E74/><V33/><F76/><W49/><G46/><N who="0" m="27735" /><D118/><U125/><E125/><V25/><F45/><W110/><G70/><T9/><D59/><U77/><E77/><V99/><F48/><W28/><G49/><T78/><D78/><U26/><E26/><V103/><F25/><W128/><G128/><T61/><D61/><U94/><E94/><AGARI ba="0,1" hai="29,30,32,33,66,67,82,83,93,94,98,99,102,103" machi="94" ten="25,6400,0" yaku="22,2,52,2" doraHai="27" who="2" fromWho="1" sc="250,0,310,-64,118,74,312,0" /><INIT seed="2,0,0,0,4,110" ten="250,246,192,312" oya="2" hai0="101,130,87,8,68,53,113,29,78,40,67,133,77" hai1="31,97,69,112,30,124,128,34,63,43,118,122,123" hai2="16,38,2,7,20,135,114,115,10,19,62,0,127" hai3="129,55,72,88,105,15,1,120,76,132,41,64,18"/><V25/><F38/><W96/><G120/><N who="1" m="46122" /><E118/><V52/><F135/><W46/><G1/><T90/><D101/><U111/><E111/><V24/><F0/><W33/><G33/><T65/><D130/><U57/><E128/><V50/><F62/><W11/><G129/><T35/><D133/><U45/><E69/><V37/><F37/><W100/><G132/><T73/><D40/><U66/><E124/><V26/><F127/><W126/><G126/><T51/><D29/><U91/><E112/><V44/><REACH who="2" step="1"/><F19/><REACH who="2" ten="250,246,182,312" step="2"/><W48/><G18/><T95/><D113/><AGARI ba="0,1" hai="2,7,10,16,20,24,25,26,44,50,52,113,114,115" machi="113" ten="40,24000,3" yaku="1,1,2,1,52,3,54,2,53,1" doraHai="110" doraHaiUra="14" who="2" fromWho="0" sc="250,-240,246,0,182,250,312,0" /><INIT seed="2,1,0,3,2,64" ten="10,246,432,312" oya="2" hai0="135,131,62,110,67,35,86,95,81,48,61,10,78" hai1="122,91,80,44,4,112,23,127,130,101,75,89,65" hai2="99,14,28,115,83,1,20,19,51,73,132,93,0" hai3="58,66,5,76,16,57,72,56,42,45,49,124,46"/><V71/><F115/><W22/><G124/><T27/><D110/><U34/><E112/><V87/><F73/><W25/><G5/><T2/><D131/><U26/><E34/><V41/><F132/><W39/><G72/><T53/><D135/><U104/><E127/><V98/><F28/><W37/><G76/><T63/><D35/><U109/><E65/><V17/><F71/><W21/><G66/><T119/><D27/><U43/><E4/><V36/><F36/><W116/><G116/><T133/><D119/><U106/><E101/><V55/><F41/><W9/><G9/><T70/><D133/><U15/><E91/><V3/><F19/><W32/><G32/><T85/><D2/><U118/><E15/><V24/><F24/><W125/><G125/><T84/><D10/><U129/><E89/><V97/><F93/><W105/><G105/><T82/><D95/><U120/><E109/><V13/><F13/><W12/><REACH who="3" step="1"/><G45/><REACH who="3" ten="10,246,432,302" step="2"/><T92/><D92/><U8/><E8/><V31/><F0/><W79/><G79/><T111/><D111/><U103/><E75/><V30/><F1/><W102/><G102/><T68/><D67/><U108/><E103/><V134/><F3/><W114/><G114/><T96/><D96/><U88/><E104/><V117/><F134/><W90/><G90/><T126/><D126/><U11/><E106/><V29/><F117/><W47/><G47/><T121/><D121/><U50/><E122/><V18/><F99/><W6/><G6/><T60/><N who="0" m="15360" /><DORA hai="113" /><T54/><D78/><U69/><E120/><V77/><F77/><RYUUKYOKU ba="1,1" sc="10,-10,246,-10,432,-10,302,30" hai3="12,16,21,22,25,37,39,42,46,49,56,57,58" /><INIT seed="3,2,1,2,0,118" ten="0,236,422,332" oya="3" hai0="120,94,16,93,37,119,34,74,125,68,112,79,33" hai1="48,110,30,10,107,18,82,96,56,11,2,5,66" hai2="50,76,63,53,47,21,62,25,49,122,111,13,126" hai3="7,113,85,109,27,131,12,64,8,24,116,67,101"/><W86/><G113/><T100/><D16/><U114/><E110/><V20/><F122/><W6/><G116/><T15/><D15/><U80/><E30/><N who="2" m="17703" /><F111/><W135/><G131/><T38/><D79/><U99/><E99/><V75/><BYE who="1" /><F75/><UN n1="%6D%75%75%6D%75%72%61" /><W73/><G135/><T90/><D90/><U65/><E114/><V105/><F105/><W81/><G109/><T29/><D100/><U59/><E66/><V14/><F126/><W42/><G101/><T91/><D91/><U9/><E107/><V26/><F76/><W83/><G73/><T4/><D4/><U98/><E98/><V58/><F50/><W72/><G72/><T121/><D29/><U0/><E96/><V31/><F63/><W87/><G42/><AGARI ba="2,1" hai="13,14,21,26,31,42,47,49,53,58,62" m="17703" machi="42" ten="30,1000,0" yaku="8,1" doraHai="118" who="2" fromWho="3" sc="0,0,236,0,422,26,332,-16" owari="0,-50.0,236,-16.4,448,54.8,316,11.6" /></mjloggm>