<mjloggm ver="2.3"><GO type="225" lobby="0"/><UN n0="%72%69%6F%75%63%68%61%6E" n1="%E3%82%A2%E3%83%A9%E3%82%B5%E3%83%BC%E3%81%A0%E3%82%88%21%21" n2="%E7%99%BD%E6%97%A5%E9%9B%AA%E8%8F%9C" n3="%E5%A4%9C%E5%85%89%E5%A4%A9%E6%A5%BC" dan="16,16,17,17" rate="2238.86,2098.96,2180.86,2113.63" sx="M,M,M,M"/><TAIKYOKU oya="0"/><INIT seed="0,0,0,3,3,126" ten="250,250,250,250" oya="0" hai0="7,22,82,14,51,72,99,62,132,15,102,50,92" hai1="134,12,104,90,111,135,101,65,116,21,20,107,24" hai2="114,112,40,66,30,93,60,96,76,32,23,80,6" hai3="129,61,33,94,17,34,58,100,120,39,78,0,64"/><T67/><D132/><N who="1" m="50731" /><E116/><V44/><F32/><W91/><G39/><T84/><D72/><U48/><E111/><V55/><F6/><W3/><G78/><T38/><D38/><U5/><E5/><V88/><BYE who="1" /><F55/><UN n1="%E3%82%A2%E3%83%A9%E3%82%B5%E3%83%BC%E3%81%A0%E3%82%88%21%21" /><W10/><G120/><T27/><D7/><U49/><E65/><V81/><F23/><N who="1" m="8777" /><E24/><V8/><F8/><W41/><G3/><T68/><D14/><U26/><E26/><V85/><F30/><W71/><G0/><T4/><D15/><U56/><E12/><V124/><F80/><W117/><G17/><T118/><D118/><U42/><E90/><V86/><F124/><W16/><G91/><T108/><D108/><U122/><E122/><V52/><F96/><N who="3" m="59415" /><G16/><T53/><D4/><U35/><E35/><V19/><F19/><W128/><G117/><T29/><REACH who="0" step="1"/><D53/><REACH who="0" ten="240,250,250,250" step="2"/><U28/><E42/><V105/><F52/><N who="3" m="33991" /><G41/><T125/><D125/><U69/><E28/><V127/><F127/><W43/><G43/><T47/><D47/><U77/><E69/><V45/><F40/><W18/><G10/><T79/><AGARI ba="0,1" hai="22,27,29,50,51,62,67,68,79,82,84,92,99,102" machi="79" ten="20,7800,0" yaku="1,1,0,1,7,1,53,1" doraHai="126" doraHaiUra="89" who="0" fromWho="0" sc="240,88,250,-26,250,-26,250,-26" /><INIT seed="0,1,0,0,1,132" ten="328,224,224,224" oya="0" hai0="135,60,17,7,84,48,22,112,21,85,35,122,29" hai1="87,119,1,47,95,54,58,127,68,83,108,46,67" hai2="0,96,18,12,16,129,31,118,15,3,73,30,103" hai3="19,56,72,50,89,109,9,115,106,40,20,8,91"/><T23/><D112/><U77/><E119/><V34/><F73/><W39/><G115/><T117/><D117/><U32/><E1/><N who="2" m="587" /><F96/><W57/><G106/><T86/><D135/><U120/><E32/><V53/><F53/><N who="3" m="31799" /><G39/><T102/><D122/><U88/><E120/><V93/><F93/><W71/><G71/><T14/><D102/><U66/><E127/><V124/><F103/><W70/><G70/><T75/><D75/><U25/><E108/><V123/><F123/><W82/><G109/><T63/><D7/><U59/><E68/><V5/><F118/><W97/><G40/><T65/><D48/><U121/><E25/><N who="2" m="18767" /><F129/><W74/><G57/><N who="0" m="37007" /><D35/><U4/><E4/><V107/><F107/><W78/><G74/><T28/><D63/><N who="1" m="38263" /><E121/><V114/><F114/><W13/><G72/><T44/><D44/><U49/><E67/><V24/><F124/><W27/><G27/><T134/><D134/><U41/><E41/><V81/><F81/><W33/><G33/><T43/><D43/><U62/><E62/><V130/><F130/><W52/><G82/><T64/><D64/><U92/><E92/><V10/><F12/><W110/><G110/><T113/><D113/><U98/><AGARI ba="1,0" hai="46,47,49,54,59,77,83,87,88,95,98" m="38263" machi="98" ten="30,2000,0" yaku="8,1,54,1" doraHai="132" who="1" fromWho="1" sc="328,-11,224,23,224,-6,224,-6" /><INIT seed="1,0,0,3,3,119" ten="317,247,218,218" oya="1" hai0="118,44,72,20,11,28,68,19,70,116,18,5,27" hai1="41,100,3,1,30,38,125,40,14,66,43,61,91" hai2="81,21,93,77,59,23,135,92,13,134,123,80,47" hai3="55,45,75,104,78,17,73,8,101,42,10,7,105"/><U2/><E125/><V117/><F117/><N who="0" m="45162" /><D44/><U49/><E100/><V127/><F127/><W132/><G132/><N who="2" m="50729" /><F47/><W53/><G75/><T54/><D54/><N who="3" m="20489" /><G10/><T35/><D72/><U39/><E30/><V86/><F123/><W85/><G17/><N who="0" m="6155" /><D68/><U57/><E49/><V90/><F59/><W97/><G85/><T107/><D107/><U22/><E22/><N who="2" m="8203" /><F13/><W31/><G105/><T4/><D70/><U12/><REACH who="1" step="1"/><E91/><REACH who="1" ten="317,237,218,218" step="2"/><V65/><F65/><W99/><G101/><T124/><D124/><U76/><E76/><V0/><F0/><W56/><G78/><T24/><D11/><U46/><E46/><V79/><F77/><W129/><G45/><T82/><D82/><U122/><E122/><V110/><F110/><W94/><G8/><T113/><D113/><U106/><E106/><V120/><F120/><W69/><G104/><T64/><D64/><U133/><E133/><V33/><F33/><W87/><G42/><T67/><D67/><U29/><E29/><AGARI ba="0,1" hai="4,5,20,24,27,28,29,35" m="6155,45162" machi="29" ten="30,2000,0" yaku="34,2" doraHai="119" who="0" fromWho="1" sc="317,30,237,-20,218,0,218,0" /><INIT seed="2,0,0,3,2,125" ten="347,217,218,218" oya="2" hai0="12,22,30,49,25,128,54,73,101,87,111,14,107" hai1="117,97,56,96,46,8,32,57,75,123,103,47,86" hai2="28,36,23,18,53,6,0,77,9,27,61,45,84" hai3="134,92,62,120,99,35,93,34,89,106,124,121,129"/><V72/><F84/><W15/><G106/><T126/><D128/><U94/><E117/><V110/><F110/><W102/><G124/><T74/><D126/><U122/><E75/><V76/><F72/><W133/><G129/><T115/><D115/><U64/><E32/><N who="3" m="12330" /><G62/><T2/><D2/><U113/><E113/><V11/><F61/><W24/><G15/><T116/><D111/><U33/><E33/><V10/><F10/><W135/><G24/><T41/><D116/><U95/><E86/><AGARI ba="0,0" hai="86,89,92,93,99,102,120,121,133,134,135" m="12330" machi="86" ten="40,1300,0" yaku="20,1" doraHai="125" who="3" fromWho="1" sc="347,0,217,-13,218,0,218,13" /><INIT seed="3,0,0,0,3,35" ten="347,204,218,231" oya="3" hai0="6,34,85,41,133,135,114,0,47,106,58,115,79" hai1="87,113,27,132,20,50,120,95,10,102,9,57,71" hai2="29,100,56,7,60,109,48,112,49,134,11,96,128" hai3="14,15,76,99,84,130,90,126,43,122,65,103,33"/><W124/><G33/><T52/><D34/><U24/><E120/><V74/><F112/><N who="0" m="43050" /><D106/><U86/><E113/><V68/><F74/><W125/><G122/><T107/><D107/><U62/><E71/><V116/><F68/><W98/><G65/><T64/><D64/><N who="1" m="38991" /><E132/><N who="0" m="50761" /><D0/><U91/><E50/><V119/><F134/><W123/><G123/><T118/><D6/><U51/><E51/><V67/><F109/><W5/><G5/><T17/><D118/><U117/><E117/><V66/><F66/><W18/><G130/><T30/><D30/><N who="1" m="17671" /><E27/><V70/><F128/><W32/><G32/><T12/><D85/><N who="1" m="32267" /><E91/><V82/><F70/><W4/><G90/><T61/><D79/><U101/><E101/><V88/><F100/><W93/><G103/><T111/><D111/><U21/><E21/><V92/><F29/><W108/><G76/><T104/><D104/><U53/><E53/><V73/><F116/><W36/><G108/><T26/><D26/><U63/><E63/><V2/><REACH who="2" step="1"/><F119/><REACH who="2" ten="347,204,208,231" step="2"/><W75/><G75/><T97/><D97/><AGARI ba="0,1" hai="9,10,95,97,102" m="32267,17671,38991" machi="97" ten="30,2000,0" yaku="25,1,8,1" doraHai="35" who="1" fromWho="0" sc="347,-20,204,30,208,0,231,0" owari="327,42.7,234,3.4,208,-29.2,231,-16.9" /></mjloggm>