<mjloggm ver="2.3"><GO type="225" lobby="0"/><UN n0="%E3%82%BC%E3%83%AB%E3%83%80%E3%81%AE%E4%BC%9D%E8%AA%AC" n1="%E3%82%B3%E3%83%90%E3%83%AC%E3%82%A4" n2="%E6%81%A5%E6%99%92%E3%81%97" n3="%E4%BF%BA%E3%81%A8%E5%A6%96%E5%A4%A2" dan="18,16,16,17" rate="2173.55,2091.11,2124.44,2168.80" sx="M,M,M,F"/><TAIKYOKU oya="0"/><INIT seed="0,0,0,3,0,96" ten="250,250,250,250" oya="0" hai0="75,135,15,116,74,31,113,132,71,17,110,33,19" hai1="67,53,25,66,44,115,127,84,42,89,34,61,0" hai2="2,106,123,13,133,51,78,82,128,94,119,29,5" hai3="69,107,68,55,18,11,130,73,62,41,97,3,60"/><T105/><D113/><U28/><E0/><V49/><F123/><W50/><G73/><T103/><D116/><U8/><E115/><V86/><F119/><W57/><G130/><T79/><D71/><U43/><E8/><N who="2" m="4239" /><F2/><W4/><G18/><T64/><D64/><U14/><E14/><V85/><F106/><W20/><G20/><T45/><D45/><U80/><E127/><V126/><F126/><W27/><G27/><N who="0" m="18687" /><D79/><U100/><E66/><V6/><F133/><N who="0" m="51274" /><D110/><U88/><E53/><V10/><F29/><W59/><G41/><T122/><D122/><U63/><E43/><V83/><F94/><W102/><REACH who="3" step="1"/><G50/><REACH who="3" ten="250,250,250,240" step="2"/><T47/><D17/><U7/><E42/><V92/><F51/><W87/><G87/><T120/><D120/><U118/><E118/><V72/><F49/><W121/><G121/><T32/><D32/><U46/><E34/><V52/><F86/><W134/><G134/><T76/><D75/><U114/><E114/><V12/><F72/><W16/><G16/><T117/><D117/><U39/><E84/><V65/><F85/><W48/><G48/><T98/><D47/><U90/><E46/><V22/><F22/><W125/><G125/><T99/><D74/><U35/><E44/><V95/><F78/><W56/><G56/><T111/><D76/><U81/><E35/><V131/><F128/><W104/><G104/><T23/><D111/><U108/><E108/><V38/><F131/><W24/><G24/><T101/><D105/><U9/><E25/><V124/><F124/><W93/><G93/><T109/><D109/><U40/><E40/><RYUUKYOKU ba="0,1" sc="250,15,250,-15,250,-15,240,15" hai0="15,19,23,98,99,101,103" hai3="3,4,11,55,57,59,60,62,68,69,97,102,107" /><INIT seed="0,1,1,4,3,113" ten="265,235,235,255" oya="0" hai0="33,54,89,105,5,62,109,68,59,91,130,131,29" hai1="9,1,21,42,72,16,79,104,37,92,103,116,97" hai2="73,77,102,3,114,69,40,23,67,64,95,100,90" hai3="61,98,81,120,28,11,101,52,121,2,19,34,94"/><T39/><D105/><U63/><E116/><V44/><F114/><W31/><G81/><T126/><D39/><U50/><E92/><V127/><F127/><W24/><G31/><T8/><D126/><U128/><E128/><N who="0" m="49193" /><D109/><U125/><E125/><V107/><F3/><W93/><G93/><T38/><D38/><U133/><E50/><V4/><F4/><W78/><G78/><T134/><D134/><U65/><E133/><V15/><F77/><W124/><G124/><T0/><D68/><U83/><E21/><V30/><F73/><W20/><G2/><T46/><D46/><U71/><E16/><N who="2" m="10655" /><F30/><W70/><G11/><T119/><D119/><U110/><E110/><V129/><F69/><W56/><REACH who="3" step="1"/><G70/><REACH who="3" ten="265,235,235,245" step="2"/><T26/><AGARI ba="1,2" hai="0,5,8,26,29,33,54,59,62,89,91" m="49193" machi="26" ten="30,1500,0" yaku="19,1" doraHai="113" who="0" fromWho="0" sc="265,38,235,-6,235,-6,245,-6" /><INIT seed="0,2,0,4,5,41" ten="303,229,229,239" oya="0" hai0="45,75,128,19,0,24,17,76,102,71,95,2,88" hai1="18,98,66,127,39,107,43,15,6,118,52,20,56" hai2="49,36,68,12,8,58,86,97,120,87,33,108,74" hai3="121,85,5,89,73,1,109,59,29,101,91,62,54"/><T69/><D102/><U23/><E118/><V60/><F120/><W14/><G1/><T25/><D76/><U112/><E112/><V103/><F108/><W126/><G109/><T114/><D75/><U117/><E117/><V129/><F129/><W72/><G121/><T134/><D134/><U96/><E127/><V11/><F74/><W51/><G126/><T50/><D114/><U115/><E115/><V124/><F33/><W119/><G119/><T83/><D83/><U21/><E66/><V34/><F36/><W48/><G101/><T47/><D50/><U135/><E6/><V13/><F34/><W111/><G111/><T9/><D95/><U44/><E135/><V26/><F26/><W94/><G29/><T61/><D61/><U100/><REACH who="1" step="1"/><E98/><REACH who="1" ten="303,219,229,239" step="2"/><V82/><F97/><W10/><G73/><T131/><D9/><U53/><E53/><V64/><F8/><W38/><G72/><T35/><D35/><U93/><E93/><V42/><F11/><W28/><G94/><T123/><D123/><U116/><E116/><V113/><F113/><W4/><G5/><T81/><D81/><U16/><E16/><V55/><F82/><W92/><G28/><T130/><D130/><U70/><E70/><V132/><F132/><W22/><G92/><T7/><D7/><U80/><E80/><V57/><F124/><W40/><G85/><T106/><D106/><U77/><E77/><V84/><F87/><W110/><G110/><T125/><D125/><U79/><E79/><V78/><F86/><W67/><G4/><T104/><D104/><U122/><E122/><RYUUKYOKU ba="2,1" sc="303,15,219,15,229,-15,239,-15" hai0="0,2,17,19,24,25,45,47,69,71,88,128,131" hai1="15,18,20,21,23,39,43,44,52,56,96,100,107" /><INIT seed="0,3,1,1,2,102" ten="318,234,214,224" oya="0" hai0="58,74,18,76,22,115,81,110,95,52,40,75,6" hai1="101,46,35,19,65,11,64,104,55,68,2,85,15" hai2="1,72,69,9,63,124,120,50,51,14,70,100,93" hai3="25,108,49,10,34,109,134,53,129,21,7,98,89"/><T111/><D115/><U92/><E35/><V118/><F120/><W39/><G34/><T56/><D40/><U31/><E2/><V66/><F72/><W0/><G39/><T41/><D41/><U127/><E68/><V107/><F1/><W43/><G43/><T133/><D133/><U71/><E71/><V42/><F124/><W90/><G134/><T122/><D122/><U48/><E127/><V23/><F118/><W27/><G129/><T57/><D6/><U131/><E131/><V45/><F23/><W32/><G32/><T8/><D8/><U3/><E3/><V26/><F26/><W12/><G0/><T24/><D74/><U80/><E31/><V28/><F28/><W60/><G60/><N who="0" m="35847" /><D95/><U112/><E104/><V106/><F70/><W5/><G7/><T86/><D75/><U62/><E62/><V47/><F100/><W29/><G27/><T4/><D4/><U30/><E30/><V130/><F93/><W103/><G53/><T116/><D116/><U16/><E19/><N who="2" m="8655" /><F130/><W61/><G61/><T13/><D24/><U83/><E83/><V126/><F126/><W44/><G49/><T96/><D96/><N who="1" m="59527" /><E112/><V113/><F113/><W38/><G38/><T77/><D77/><AGARI ba="3,1" hai="11,15,16,46,48,55,64,65,77,80,85" m="59527" machi="77" ten="30,2000,0" yaku="8,1,54,1" doraHai="102" who="1" fromWho="0" sc="318,-29,234,39,214,0,224,0" /><INIT seed="1,0,0,3,4,50" ten="289,273,214,224" oya="1" hai0="24,13,114,76,0,14,110,113,29,20,131,108,10" hai1="67,129,95,101,89,44,74,19,87,70,1,103,7" hai2="42,2,34,61,90,98,133,38,28,94,112,57,107" hai3="31,127,16,118,6,40,18,25,92,122,62,124,77"/><U45/><E74/><V104/><F133/><W119/><G40/><T134/><D76/><U52/><E70/><V55/><F112/><N who="0" m="43114" /><D134/><U36/><E36/><V111/><F111/><N who="0" m="42538" /><D131/><U99/><E129/><V5/><F34/><N who="3" m="20847" /><G77/><T117/><D117/><N who="3" m="44553" /><G92/><T3/><D14/><U26/><E67/><V53/><F28/><W8/><G62/><T123/><D123/><U105/><E103/><V115/><F115/><W81/><G81/><T15/><D15/><U39/><E39/><V35/><F35/><W23/><G122/><T51/><D51/><U12/><E26/><V48/><F42/><W116/><N who="3" m="44561" /><W126/><DORA hai="11" /><G23/><T120/><D120/><U109/><E109/><V135/><F135/><W80/><G80/><T49/><D49/><U56/><E1/><AGARI ba="0,0" hai="1,6,8,16,18,124,126,127" m="44561,20847" machi="1" ten="50,8000,1" yaku="18,1,12,1,34,2,54,1" doraHai="50,11" who="3" fromWho="1" sc="289,0,273,-80,214,0,224,80" /><INIT seed="2,0,0,0,5,60" ten="289,193,214,304" oya="2" hai0="3,61,71,132,10,19,5,11,118,73,15,82,38" hai1="117,121,49,116,2,46,84,125,103,24,32,67,70" hai2="45,135,12,92,8,9,134,30,47,78,43,48,110" hai3="76,122,37,88,17,127,79,34,123,69,112,75,77"/><V42/><F110/><W72/><G37/><T109/><D109/><U62/><E2/><V28/><F78/><W53/><G69/><T23/><D38/><U96/><E121/><N who="3" m="46090" /><G34/><T14/><D132/><N who="2" m="50730" /><F92/><W90/><G53/><T39/><D39/><U36/><E84/><V108/><F108/><W80/><G17/><T66/><D118/><U83/><E83/><V113/><F113/><W26/><G26/><T20/><REACH who="0" step="1"/><D3/><REACH who="0" ten="279,193,214,304" step="2"/><U101/><E36/><N who="2" m="21703" /><F9/><W129/><G112/><T35/><D35/><U33/><E33/><V64/><F64/><W21/><G72/><T95/><D95/><U126/><E117/><V119/><F119/><W89/><G75/><T51/><D51/><U25/><E116/><V111/><F111/><W93/><G93/><T81/><D81/><U41/><E32/><V106/><F106/><W102/><G80/><T91/><D91/><U87/><E103/><V74/><F74/><W85/><G102/><T105/><D105/><U56/><E87/><V1/><F1/><W131/><G85/><T98/><D98/><U29/><E29/><V16/><AGARI ba="0,1" hai="8,12,16,28,30,43,47,48" m="21703,50730" machi="16" ten="30,3000,0" yaku="20,1,54,1" doraHai="60" who="2" fromWho="2" sc="279,-10,193,-10,214,40,304,-10" /><INIT seed="2,1,0,3,5,22" ten="269,183,254,294" oya="2" hai0="3,42,107,134,86,79,69,19,12,75,41,88,61" hai1="97,1,129,112,14,63,94,101,132,38,51,52,120" hai2="54,113,28,29,87,115,109,35,128,2,46,5,16" hai3="89,118,10,123,130,71,64,32,104,105,66,135,116"/><V26/><F29/><W84/><G123/><T102/><D3/><U24/><E120/><V31/><F128/><W60/><G130/><T36/><D36/><U58/><E129/><V48/><F109/><W27/><G135/><T23/><D134/><U44/><E1/><V34/><F87/><W80/><G64/><T74/><D69/><U15/><E132/><V8/><REACH who="2" step="1"/><F16/><REACH who="2" ten="269,183,244,294" step="2"/><W73/><G84/><T100/><D19/><U78/><E112/><V56/><F56/><W49/><G116/><T76/><D86/><U98/><E78/><V72/><F72/><W68/><G73/><T77/><D74/><U96/><E98/><V33/><F33/><W37/><G32/><T119/><D75/><U62/><E97/><V67/><F67/><W85/><G118/><T125/><D119/><U110/><E110/><V39/><F39/><W6/><G37/><T127/><D77/><U17/><E38/><V111/><F111/><W133/><G133/><T47/><D79/><U18/><E18/><V95/><F95/><W30/><G71/><T45/><D76/><U121/><E121/><V65/><F65/><W13/><G68/><T93/><D93/><U70/><E70/><V114/><F114/><W50/><G66/><T55/><D127/><U57/><E58/><V53/><F53/><W126/><G126/><T91/><D125/><U117/><E117/><V90/><F90/><W131/><G131/><T124/><D124/><U11/><E57/><V9/><F9/><W7/><G89/><T106/><D91/><U21/><E11/><V122/><F122/><W92/><G10/><RYUUKYOKU ba="1,1" sc="269,-15,183,15,244,15,294,-15" hai1="14,15,17,21,24,44,51,52,62,63,94,96,101" hai2="2,5,8,26,28,31,34,35,46,48,54,113,115" /><INIT seed="2,2,1,0,2,57" ten="254,198,259,279" oya="2" hai0="85,99,126,30,32,37,43,114,71,59,16,15,58" hai1="18,66,10,44,4,0,23,52,97,83,33,53,127" hai2="74,47,92,115,22,118,20,45,40,108,14,103,19" hai3="131,63,89,29,133,51,117,111,73,101,122,128,9"/><V110/><F115/><W87/><G117/><T109/><D114/><U130/><E33/><V107/><F118/><W42/><G122/><T105/><D71/><U106/><E127/><V121/><F121/><W3/><G73/><T13/><D126/><U26/><E130/><N who="3" m="49706" /><G111/><N who="2" m="42537" /><F107/><W123/><G123/><T129/><D129/><U77/><E44/><N who="2" m="16971" /><F74/><W72/><G51/><T70/><D70/><U91/><E66/><V124/><F124/><W65/><G72/><T11/><D43/><U50/><E50/><V36/><F40/><W94/><G133/><T2/><D37/><U31/><E31/><V80/><F80/><W102/><G29/><T54/><D54/><U132/><E132/><V84/><F36/><W27/><G27/><T125/><D30/><U25/><E25/><V76/><F76/><W28/><G28/><T81/><D81/><U64/><E64/><V116/><F116/><W82/><G82/><T135/><D135/><U1/><E77/><V55/><F55/><W69/><G42/><T24/><D109/><U38/><E38/><V49/><F49/><W134/><G134/><T7/><D125/><U34/><E83/><V6/><F6/><AGARI ba="2,1" hai="3,6,9,63,65,69,87,89,94,101,102" m="49706" machi="6" ten="30,2000,0" yaku="19,1,52,1" doraHai="57" who="3" fromWho="2" sc="254,0,198,0,259,-26,279,36" /><INIT seed="3,0,0,3,0,102" ten="254,198,233,315" oya="3" hai0="124,63,32,8,40,46,18,92,106,15,20,5,29" hai1="127,119,78,69,34,109,28,57,48,55,72,129,30" hai2="42,26,24,7,19,61,90,120,76,51,133,37,108" hai3="64,60,84,47,71,38,94,86,68,95,13,107,134"/><W89/><G107/><T59/><D124/><U16/><E127/><V77/><F37/><W22/><G134/><T130/><D130/><U31/><E129/><V58/><F108/><W39/><G71/><T112/><D112/><U62/><E109/><V128/><F133/><W105/><G105/><T97/><D106/><U93/><E119/><V43/><F120/><W36/><G13/><T117/><D117/><U122/><E122/><V4/><F90/><W82/><G22/><T2/><D46/><U41/><E34/><V27/><F19/><W6/><G6/><N who="2" m="2089" /><F128/><W99/><G94/><T104/><D104/><U85/><E72/><V54/><F61/><W79/><G47/><T87/><D87/><U67/><E41/><AGARI ba="0,0" hai="24,26,27,41,42,43,51,54,58,76,77" m="2089" machi="41" ten="30,1000,0" yaku="8,1" doraHai="102" who="2" fromWho="1" sc="254,0,198,-10,233,10,315,0" owari="254,5.4,188,-31.2,243,-15.7,315,41.5" /></mjloggm>