<mjloggm ver="2.3"><GO type="225" lobby="0"/><UN n0="%6D%75%75%6D%75%72%61" n1="%E6%A1%9C%E8%8A%B1%E9%96%83%E3%80%85" n2="%E7%99%BD%E9%9B%AA%E4%B9%83%E6%84%9B" n3="%E8%81%B7%E6%A5%AD%E3%80%81%E9%A2%A8%32" dan="16,18,16,16" rate="2137.47,2260.52,2061.00,2094.56" sx="F,M,F,M"/><TAIKYOKU oya="0"/><INIT seed="0,0,0,4,2,5" ten="250,250,250,250" oya="0" hai0="14,83,57,56,28,52,13,39,79,129,105,95,131" hai1="31,94,22,7,59,135,58,100,127,113,114,49,37" hai2="11,123,118,125,112,20,44,81,111,68,70,66,27" hai3="53,91,15,89,43,61,21,34,50,128,1,2,90"/><T29/><D105/><U25/><E37/><V3/><F123/><W117/><G34/><T87/><D39/><U54/><E127/><V47/><F112/><N who="1" m="43113" /><E135/><V119/><F111/><W48/><G117/><N who="2" m="44553" /><F125/><W9/><G128/><N who="0" m="49227" /><D57/><N who="1" m="32975" /><E7/><N who="2" m="1535" /><F81/><W41/><G21/><T115/><D95/><U18/><E31/><N who="0" m="11849" /><D115/><U93/><E93/><V80/><F80/><W126/><G126/><T108/><D108/><U40/><E40/><N who="3" m="15434" /><G1/><T69/><D69/><N who="2" m="26730" /><F66/><W109/><G2/><T42/><D42/><U38/><E38/><V0/><F0/><W99/><G99/><AGARI ba="0,0" hai="18,22,25,58,59,94,99,100" m="32975,43113" machi="99" ten="30,1000,0" yaku="11,1" doraHai="5" who="1" fromWho="3" sc="250,0,250,10,250,0,250,-10" /><INIT seed="1,0,0,5,5,5" ten="250,260,250,240" oya="1" hai0="115,125,4,71,97,131,26,21,16,40,9,119,81" hai1="70,85,65,61,1,109,93,76,18,132,117,105,28" hai2="104,54,82,114,78,75,15,99,32,102,25,107,45" hai3="127,17,31,84,44,112,69,129,94,100,19,128,68"/><U126/><E117/><V101/><F114/><W41/><G112/><T90/><D115/><U116/><E116/><V79/><F79/><W88/><G127/><T63/><D119/><U36/><E105/><V34/><F25/><W6/><G100/><T72/><D125/><U130/><E126/><V30/><F30/><W106/><G106/><T14/><D131/><N who="3" m="50249" /><G6/><T98/><D40/><U74/><E1/><V7/><F45/><W103/><G103/><T24/><D24/><U12/><E132/><V83/><F54/><W58/><G58/><T0/><D0/><U120/><E120/><V59/><F59/><W51/><G31/><T57/><D71/><AGARI ba="0,0" hai="17,19,41,44,51,68,69,71,84,88,94" m="50249" machi="71" ten="30,2000,0" yaku="19,1,54,1" doraHai="5" who="3" fromWho="0" sc="250,-20,260,0,250,0,240,20" /><INIT seed="2,0,0,3,1,68" ten="230,260,250,260" oya="2" hai0="11,26,67,92,15,29,93,53,85,47,99,107,106" hai1="66,54,38,135,102,25,130,131,129,134,84,12,133" hai2="90,58,2,86,1,83,111,7,91,6,49,14,22" hai3="118,81,89,73,32,37,61,80,69,76,122,97,103"/><V30/><F111/><W123/><G118/><T62/><D53/><U44/><E102/><V88/><F1/><W13/><G32/><T50/><D85/><U120/><E120/><V41/><F2/><W112/><G37/><T77/><D77/><U51/><E25/><V28/><F58/><W116/><G116/><T18/><D50/><U71/><E12/><V109/><F109/><W78/><G112/><T87/><D87/><U105/><E105/><V119/><F119/><W20/><G89/><T132/><D47/><N who="1" m="28031" /><E84/><V21/><F21/><W45/><G45/><T128/><D132/><U79/><E79/><N who="2" m="46463" /><F22/><W96/><G61/><T17/><D17/><U27/><E27/><V0/><F0/><W5/><G69/><T36/><D36/><U31/><E31/><N who="2" m="11819" /><F14/><W124/><G73/><T72/><D72/><U94/><E94/><V16/><F16/><W113/><G113/><T104/><D128/><U35/><E35/><V56/><F56/><W126/><G13/><T52/><D99/><U114/><E114/><V63/><F63/><W108/><G20/><T4/><D67/><U46/><E38/><V10/><F10/><W101/><G108/><T8/><D8/><U117/><E117/><V43/><F49/><W127/><G127/><T9/><D9/><U55/><E55/><V33/><F33/><W59/><G59/><N who="0" m="35175" /><D29/><U39/><E39/><V115/><F115/><W57/><G57/><T3/><D3/><U60/><AGARI ba="0,0" hai="44,46,60,66,71,129,130,131,133,134,135" m="28031" machi="60" ten="40,8000,1" yaku="19,1,20,1,34,2" doraHai="68" who="1" fromWho="1" sc="230,-20,260,80,250,-40,260,-20" /><INIT seed="3,0,0,2,3,35" ten="210,340,210,240" oya="3" hai0="60,49,90,79,8,10,94,81,130,68,108,19,17" hai1="133,14,103,58,62,69,36,20,3,112,0,4,129" hai2="71,55,96,57,105,2,12,27,52,59,110,9,53" hai3="122,54,127,41,114,45,24,85,48,51,87,132,84"/><W111/><G122/><T82/><D108/><U64/><E112/><V98/><F71/><W44/><G114/><T6/><D130/><U76/><E129/><V16/><F110/><W74/><G74/><T93/><D68/><U13/><E36/><V83/><F2/><W75/><G75/><T26/><D60/><U18/><E133/><V88/><F105/><W37/><G132/><T32/><D32/><U121/><E121/><V38/><F38/><W40/><G127/><T135/><D135/><U113/><E113/><V28/><F28/><W63/><G111/><T1/><D1/><U99/><E76/><V7/><F27/><W21/><G37/><T30/><D30/><U11/><E58/><N who="2" m="22027" /><F7/><W33/><G33/><T56/><D26/><U123/><E123/><V116/><F116/><W89/><G63/><T131/><D131/><U34/><E34/><V80/><F80/><N who="0" m="30826" /><D79/><U124/><E124/><V66/><F66/><W107/><G107/><AGARI ba="0,0" hai="0,3,4,11,13,14,18,20,62,64,69,99,103,107" machi="107" ten="30,3900,0" yaku="7,1,52,2" doraHai="35" who="1" fromWho="3" sc="210,0,340,39,210,0,240,-39" owari="210,1.0,379,47.9,210,-19.0,201,-29.9" /></mjloggm>