<mjloggm ver="2.3"><GO type="225" lobby="0"/><UN n0="%E3%81%82%E3%81%99%E3%81%AB%E3%82%83%E3%82%80" n1="%E9%A6%AC%E4%BA%86%E9%9A%94%E5%A3%81" n2="%E3%81%8B%E3%82%8F%E3%81%A1%E3%82%83%E3%82%93%35%38" n3="%E6%A1%9C%E8%8A%B1%E9%96%83%E3%80%85" dan="16,17,17,16" rate="2151.12,2224.60,2162.52,2157.77" sx="F,M,M,M"/><TAIKYOKU oya="0"/><INIT seed="0,0,0,4,3,9" ten="250,250,250,250" oya="0" hai0="48,124,8,30,89,19,35,95,88,87,32,84,20" hai1="135,73,16,113,12,116,69,101,99,109,93,105,59" hai2="57,131,108,107,94,62,67,49,10,83,90,51,128" hai3="14,125,11,103,80,25,129,54,1,21,34,29,118"/><T75/><D75/><U127/><E116/><V114/><F107/><W132/><G118/><T4/><D124/><U122/><E122/><V71/><F114/><W102/><G125/><T121/><D30/><U77/><E127/><V37/><F37/><W100/><G132/><T17/><D48/><N who="2" m="18506" /><F83/><W130/><G54/><T46/><D46/><U115/><E69/><V66/><F10/><W26/><G80/><T63/><D63/><U133/><E109/><V53/><F71/><W5/><G26/><T98/><D121/><U18/><E59/><V39/><F39/><W68/><G68/><T42/><D42/><U47/><E47/><V60/><F108/><W55/><G55/><T0/><D98/><N who="1" m="61623" /><E77/><V33/><F33/><W64/><G64/><N who="2" m="24617" /><F94/><W27/><REACH who="3" step="1"/><G1/><REACH who="3" ten="250,250,250,240" step="2"/><T65/><D65/><U31/><E135/><V72/><F53/><W56/><G56/><T61/><D61/><U22/><E133/><V52/><F60/><W79/><G79/><T78/><D78/><U134/><E134/><V91/><F72/><W24/><G24/><T111/><D111/><U112/><E73/><V13/><F62/><W85/><G85/><T50/><D50/><U119/><E119/><V96/><F52/><W45/><G45/><T92/><REACH who="0" step="1"/><D19/><AGARI ba="0,1" hai="5,11,14,19,21,25,27,29,34,100,102,103,129,130" machi="19" ten="40,2600,0" yaku="1,1,52,1,53,0" doraHai="9" doraHaiUra="44" who="3" fromWho="0" sc="250,-26,250,0,250,0,240,36" /><INIT seed="1,0,0,0,0,39" ten="224,250,250,276" oya="1" hai0="13,44,89,111,48,135,18,112,66,23,14,119,115" hai1="128,91,21,28,96,121,22,69,129,56,125,103,42" hai2="10,29,49,62,25,53,94,34,60,120,32,45,84" hai3="118,58,52,59,47,81,102,78,35,54,73,93,124"/><U106/><E121/><V90/><F120/><W131/><G131/><N who="1" m="50250" /><E69/><V11/><F34/><W88/><G124/><T20/><D119/><U87/><E125/><V133/><F133/><W80/><G118/><T107/><D135/><U15/><E28/><V76/><F76/><W86/><G35/><T109/><D107/><U16/><E56/><V31/><F31/><W105/><G81/><T8/><D66/><U123/><E123/><V9/><AGARI ba="0,0" hai="9,10,11,25,29,32,45,49,53,60,62,84,90,94" machi="9" ten="30,1100,0" yaku="0,1" doraHai="39" who="2" fromWho="2" sc="224,-3,250,-5,250,11,276,-3" /><INIT seed="2,0,0,1,5,55" ten="221,245,261,273" oya="2" hai0="57,5,47,92,127,84,124,106,97,26,44,31,122" hai1="40,36,128,16,76,49,115,66,105,100,2,23,14" hai2="113,135,104,30,86,129,118,51,82,12,50,114,123" hai3="15,41,99,24,45,4,68,46,72,43,67,116,107"/><V25/><F104/><W1/><G116/><T79/><D122/><U52/><E115/><V70/><F70/><W80/><G15/><T29/><D5/><U59/><E2/><V88/><F123/><W58/><G24/><T83/><D106/><U90/><E128/><V13/><F118/><W119/><G45/><T33/><D31/><U35/><E35/><V37/><F37/><N who="3" m="21807" /><G43/><T125/><REACH who="0" step="1"/><D57/><REACH who="0" ten="211,245,261,273" step="2"/><U28/><E28/><V0/><F114/><W11/><G58/><T103/><AGARI ba="0,1" hai="26,29,33,44,47,79,83,84,92,97,103,124,125,127" machi="103" ten="30,8000,1" yaku="1,1,2,1,0,1,18,1,53,1" doraHai="55" doraHaiUra="89" who="0" fromWho="0" sc="211,90,245,-20,261,-40,273,-20" /><INIT seed="3,0,0,3,1,71" ten="301,225,221,253" oya="3" hai0="110,78,79,89,84,132,8,0,15,130,134,36,120" hai1="115,62,133,75,94,127,102,31,69,86,53,25,20" hai2="76,32,121,39,108,38,72,33,67,17,35,26,2" hai3="95,126,96,118,74,30,68,60,54,13,70,128,107"/><W7/><G118/><T57/><D110/><U103/><E115/><V52/><F52/><W49/><G107/><T18/><D36/><N who="2" m="13866" /><F17/><W42/><G126/><T50/><D120/><U58/><E127/><V27/><F67/><W122/><G128/><T46/><D130/><U82/><E133/><N who="0" m="51305" /><D57/><U124/><E124/><V48/><F48/><W116/><G95/><N who="0" m="54695" /><D0/><U97/><E69/><V45/><F45/><W83/><G49/><T11/><D8/><U104/><E58/><V41/><F41/><AGARI ba="0,0" hai="11,15,18,41,46,50,78,79" m="54695,51305" machi="41" ten="30,1000,0" yaku="20,1" doraHai="71" who="0" fromWho="2" sc="301,10,225,0,221,-10,253,0" owari="311,41.1,225,-17.5,211,-28.9,253,5.3" /></mjloggm>