<mjloggm ver="2.3"><GO type="225" lobby="0"/><UN n0="%E5%8D%A0%E3%81%84%E5%B8%AB%E8%A3%8F%E3%81%AA%E3%81%84%E3%81%97" n1="%77%72%77%72%77%72%77%72" n2="%E3%82%B2%E3%82%B9%E8%8C%82%E5%8B%9D" n3="%40%79%75%6B%69%73" dan="16,16,16,16" rate="2158.43,2242.52,2114.33,2163.50" sx="M,M,F,M"/><TAIKYOKU oya="0"/><INIT seed="0,0,0,5,0,11" ten="250,250,250,250" oya="0" hai0="2,112,25,61,79,6,40,128,31,56,114,83,0" hai1="32,53,105,19,124,20,73,50,98,96,48,75,68" hai2="108,51,134,29,132,28,67,125,10,123,106,113,103" hai3="82,100,70,24,55,87,54,12,5,57,49,35,30"/><T7/><D128/><U94/><E124/><V44/><F67/><W37/><G37/><T131/><D131/><U43/><E32/><V129/><F129/><W15/><G70/><T88/><D40/><U116/><E116/><V26/><F113/><W33/><G100/><T95/><D6/><U76/><E68/><V85/><F85/><W3/><G35/><T78/><D114/><U101/><E43/><V72/><F72/><W38/><G38/><T23/><D112/><U109/><E109/><V104/><F108/><W58/><G3/><T42/><D42/><U92/><E48/><V69/><F69/><W13/><G5/><T60/><D60/><U135/><E135/><N who="2" m="51755" /><F123/><W81/><REACH who="3" step="1"/><G87/><REACH who="3" ten="250,250,250,240" step="2"/><N who="0" m="50303" /><D7/><U21/><E105/><V22/><F125/><W63/><AGARI ba="0,1" hai="12,13,15,24,30,33,49,54,55,57,58,63,81,82" machi="63" ten="30,12000,2" yaku="1,1,0,1,52,3,53,1" doraHai="11" doraHaiUra="27" who="3" fromWho="3" sc="250,-60,250,-30,250,-30,240,130" /><INIT seed="1,0,0,2,5,62" ten="190,220,220,370" oya="1" hai0="29,65,48,43,60,102,20,88,114,15,27,122,50" hai1="99,44,69,12,85,31,58,18,33,13,127,6,45" hai2="16,39,124,79,100,117,73,108,19,104,34,54,0" hai3="74,95,67,14,71,76,23,78,106,128,125,57,91"/><U97/><E69/><V110/><F117/><W66/><G71/><T94/><D114/><U118/><E118/><V53/><F124/><W17/><G106/><T131/><D122/><U126/><E85/><V96/><F39/><W81/><G125/><N who="1" m="47626" /><E31/><V30/><F0/><W75/><G128/><T52/><D131/><U120/><E33/><V101/><F79/><W2/><G2/><T121/><D121/><U32/><E32/><V61/><F73/><W109/><G109/><N who="2" m="42089" /><F100/><W59/><G74/><T49/><D102/><U36/><E120/><V28/><F28/><W5/><G5/><T38/><D15/><U63/><E12/><V4/><F4/><W112/><G112/><T22/><D43/><N who="1" m="22631" /><E45/><V135/><F135/><W87/><G78/><T24/><D38/><U129/><E6/><V111/><N who="2" m="42097" /><V7/><DORA hai="93" /><F7/><W21/><G23/><T132/><D132/><U8/><E129/><V103/><F103/><W133/><G133/><T35/><D24/><U98/><E58/><N who="2" m="35023" /><F30/><W107/><G107/><T68/><REACH who="0" step="1"/><D52/><REACH who="0" ten="180,220,220,370" step="2"/><U37/><E37/><V46/><F34/><W130/><G130/><T134/><D134/><U41/><E63/><V92/><F104/><W119/><G119/><T77/><D77/><U90/><E41/><V83/><F54/><W82/><G76/><T113/><D113/><U70/><E90/><V9/><F101/><W116/><G116/><T51/><N who="0" m="12288" /><DORA hai="47" /><T123/><D123/><U26/><E26/><V80/><F46/><W105/><G105/><T42/><D42/><U56/><E13/><N who="2" m="7215" /><F19/><W89/><G75/><T64/><D64/><RYUUKYOKU ba="0,1" sc="180,15,220,-15,220,15,370,-15" hai0="20,22,27,29,35,60,65,68,88,94" hai2="80,83,92,96" /><INIT seed="2,1,1,1,3,86" ten="195,205,235,355" oya="2" hai0="92,19,25,58,128,97,31,38,121,34,89,107,2" hai1="118,41,16,11,100,48,95,91,0,119,12,35,53" hai2="29,57,114,66,133,127,59,23,72,73,96,120,84" hai3="32,10,76,123,13,43,28,37,40,87,104,80,20"/><V17/><F114/><W26/><G104/><T106/><D121/><U126/><E35/><V93/><F120/><W67/><G123/><T1/><D38/><U36/><E0/><V14/><F127/><W68/><G37/><T46/><D1/><U129/><E126/><V88/><F133/><W22/><G22/><T5/><D128/><U134/><E100/><V122/><F122/><W7/><G68/><T9/><D58/><U52/><E129/><V63/><F29/><W77/><G67/><T51/><REACH who="0" step="1"/><D19/><REACH who="0" ten="185,205,235,355" step="2"/><U108/><E36/><V65/><F57/><W81/><G32/><T130/><D130/><U78/><E134/><V18/><F66/><W71/><G71/><T39/><D39/><U44/><E108/><V98/><F18/><W3/><G3/><T105/><D105/><U30/><E30/><V125/><F125/><W42/><G28/><T112/><D112/><U110/><E110/><V116/><F116/><W15/><G7/><T4/><D4/><U99/><REACH who="1" step="1"/><E78/><REACH who="1" ten="185,195,235,355" step="2"/><V55/><F65/><W135/><G135/><T62/><D62/><U115/><E115/><V27/><F63/><W94/><G77/><T8/><D8/><U21/><E21/><V74/><F23/><W131/><G10/><T47/><D47/><U109/><E109/><V70/><F70/><W75/><G131/><T83/><D83/><U24/><E24/><V111/><F27/><W101/><G80/><T45/><D45/><U102/><E102/><V117/><F111/><W60/><G60/><T69/><D69/><U132/><E132/><V124/><F124/><W79/><G101/><RYUUKYOKU ba="1,3" sc="185,15,195,15,235,-15,355,-15" hai0="2,5,9,25,31,34,46,51,89,92,97,106,107" hai1="11,12,16,41,44,48,52,53,91,95,99,118,119" /><INIT seed="3,2,3,2,0,115" ten="200,210,220,340" oya="3" hai0="29,32,52,79,97,72,107,4,38,63,81,8,40" hai1="41,20,116,99,90,101,39,120,42,68,10,60,135" hai2="94,88,131,37,114,16,128,27,76,124,91,11,67" hai3="6,5,83,78,12,36,17,104,105,129,117,86,82"/><W132/><G36/><T87/><D87/><U0/><E120/><V13/><F114/><W49/><G117/><T130/><D130/><N who="2" m="49706" /><F37/><W45/><G132/><T34/><D29/><U125/><E135/><V26/><F124/><W121/><G129/><T47/><D52/><U111/><E111/><V3/><F76/><W55/><G121/><T1/><D63/><U18/><E125/><V51/><F67/><W85/><G105/><T74/><D74/><U98/><E39/><V24/><F3/><W69/><G104/><T110/><D110/><U102/><E116/><V30/><F51/><W50/><G50/><T54/><D54/><U33/><E33/><N who="2" m="20679" /><F91/><N who="3" m="51639" /><G69/><T62/><D62/><U123/><E123/><V127/><F127/><W7/><G7/><T103/><AGARI ba="2,3" hai="1,4,8,32,34,38,40,47,72,79,81,97,103,107" machi="103" ten="30,12000,2" yaku="0,1,25,2,33,3" doraHai="115" who="0" fromWho="0" sc="200,156,210,-32,220,-32,340,-62" owari="356,45.6,178,-32.2,188,-21.2,278,7.8" /></mjloggm>