<mjloggm ver="2.3"><GO type="225" lobby="0"/><UN n0="%E6%B8%A9%E2%98%85%E6%83%85%E2%98%85%E6%8E%AA%E2%98%85%E7%BD%AE" n1="%E3%81%B5%E3%81%98%E3%81%8B%E3%81%A4" n2="%E3%81%82%E3%81%99%E3%81%AB%E3%82%83%E3%82%80" n3="%E3%81%A9%E3%82%8F%E3%82%93%E3%81%94" dan="18,16,16,16" rate="2246.23,2161.88,2132.73,2100.31" sx="M,M,F,M"/><TAIKYOKU oya="0"/><INIT seed="0,0,0,3,3,61" ten="250,250,250,250" oya="0" hai0="20,12,4,84,49,46,39,60,7,1,83,32,97" hai1="71,118,21,106,59,62,54,14,103,119,9,102,13" hai2="42,37,15,101,94,105,36,52,123,108,110,35,28" hai3="100,41,87,129,3,65,99,55,77,56,117,67,53"/><T86/><D32/><U57/><E71/><V40/><F123/><W0/><G117/><T109/><D39/><U75/><E75/><V120/><F120/><W88/><G77/><T70/><D1/><U17/><E106/><V72/><F72/><W107/><G41/><T58/><D70/><U111/><E111/><N who="2" m="42539" /><F105/><W91/><G129/><T29/><D109/><U133/><E133/><V22/><F40/><W43/><G43/><N who="0" m="24799" /><D97/><U33/><E33/><V125/><F125/><W19/><G3/><T66/><D12/><U27/><E119/><V116/><F42/><W134/><G0/><T64/><D66/><N who="3" m="25097" /><G107/><T85/><D83/><U23/><E59/><V89/><F101/><W122/><G122/><T113/><D113/><U48/><E62/><V96/><F116/><W95/><G134/><T51/><D51/><U93/><E93/><V130/><F130/><W38/><G38/><T63/><D63/><U80/><E80/><V90/><F36/><W92/><G56/><T124/><D124/><U31/><REACH who="1" step="1"/><E118/><REACH who="1" ten="250,240,250,250" step="2"/><V76/><F37/><W2/><G100/><T131/><D131/><U30/><E30/><V18/><F28/><W121/><G121/><T47/><D47/><U128/><E128/><V104/><F35/><W26/><G2/><T69/><D69/><U50/><E50/><V6/><F104/><W73/><G73/><T127/><D127/><U44/><E44/><V126/><F126/><W135/><G135/><T112/><D112/><U132/><E132/><V10/><F76/><W78/><G78/><T24/><AGARI ba="0,1" hai="4,7,20,24,29,58,60,64,84,85,86" m="24799" machi="24" ten="30,3000,0" yaku="8,1,52,1" doraHai="61" who="0" fromWho="0" sc="250,40,240,-10,250,-10,250,-10" /><INIT seed="0,1,0,3,4,129" ten="290,230,240,240" oya="0" hai0="89,109,49,78,120,67,25,44,30,11,64,82,38" hai1="83,127,97,6,111,130,110,71,81,62,27,100,2" hai2="132,73,37,18,124,88,114,93,98,65,57,29,84" hai3="60,35,7,77,118,16,131,103,32,126,55,56,12"/><T21/><D120/><U99/><E130/><V36/><F114/><W113/><G118/><T58/><D109/><N who="1" m="41483" /><E127/><V135/><F124/><W92/><G113/><T22/><D38/><U4/><E27/><V125/><F73/><W31/><G131/><T43/><D89/><U45/><E45/><V106/><F125/><W69/><G126/><T41/><D41/><U24/><E24/><V119/><F119/><W68/><G7/><N who="1" m="2602" /><E2/><V39/><F29/><W50/><G77/><T95/><D11/><U85/><E85/><V76/><F18/><W14/><G14/><T101/><D22/><U116/><E116/><V13/><F13/><W87/><G31/><T53/><D44/><U28/><E28/><V80/><REACH who="2" step="1"/><F106/><REACH who="2" ten="290,230,230,240" step="2"/><W107/><G107/><T26/><D26/><U61/><E71/><V112/><F112/><W108/><G108/><T70/><D70/><U86/><E100/><V9/><F9/><W34/><G103/><T117/><D117/><U123/><E123/><V115/><F115/><W33/><G69/><T42/><D101/><U17/><E17/><V1/><F1/><W79/><G68/><T59/><D30/><U5/><E5/><V10/><F10/><W94/><G16/><T66/><D25/><U0/><E0/><V15/><F15/><W40/><G12/><T52/><D21/><U63/><E86/><V19/><F19/><W96/><G35/><T20/><D20/><U47/><E47/><V90/><F90/><W46/><G96/><AGARI ba="1,1" hai="61,62,63,81,83,96,97,99" m="2602,41483" machi="96" ten="40,5200,0" yaku="28,2,14,1" doraHai="129" who="1" fromWho="3" sc="290,0,230,65,230,0,240,-55" /><INIT seed="1,0,0,3,1,38" ten="290,295,230,185" oya="1" hai0="68,79,109,41,32,117,21,124,37,108,75,3,17" hai1="94,1,0,114,126,64,134,42,87,27,110,7,29" hai2="106,15,113,125,100,45,43,59,130,88,47,77,104" hai3="119,9,4,61,97,35,24,46,98,60,25,48,31"/><U107/><E114/><V69/><F69/><W36/><G36/><T127/><D117/><U22/><E107/><V54/><F113/><W105/><G119/><T20/><D68/><U30/><E126/><N who="0" m="48169" /><D32/><U70/><E134/><V112/><F112/><W78/><G25/><N who="0" m="14479" /><D3/><U85/><E7/><V74/><F125/><W40/><G78/><T102/><D102/><U103/><E30/><V123/><F123/><W129/><G129/><T11/><D21/><U71/><E71/><V116/><F116/><W63/><REACH who="3" step="1"/><G105/><REACH who="3" ten="290,295,230,175" step="2"/><T99/><D79/><U133/><E27/><V55/><F130/><W16/><G16/><T39/><D39/><U8/><E29/><V2/><F77/><W13/><AGARI ba="0,1" hai="4,9,13,24,31,35,40,46,48,60,61,63,97,98" machi="13" ten="30,4000,0" yaku="1,1,0,1,52,1,53,0" doraHai="38" doraHaiUra="131" who="3" fromWho="3" sc="290,-10,295,-20,230,-10,175,50" /><INIT seed="2,0,0,5,3,72" ten="280,275,220,225" oya="2" hai0="97,133,26,132,13,71,116,44,50,43,52,32,2" hai1="56,102,1,38,37,134,22,126,93,77,120,92,55" hai2="40,91,49,108,23,21,95,130,118,123,80,20,19" hai3="36,112,16,66,14,29,86,28,129,31,96,101,30"/><V53/><F118/><W18/><G36/><T75/><D2/><U58/><E1/><V64/><F123/><W115/><G129/><T39/><D75/><U127/><E120/><V76/><F130/><W114/><N who="3" m="7168" /><DORA hai="85" /><W135/><G135/><N who="0" m="51787" /><D26/><U70/><E70/><V3/><F3/><W27/><G66/><T57/><D32/><U61/><E134/><V94/><F108/><W107/><G27/><T46/><D71/><U113/><E113/><V82/><F64/><W125/><G125/><N who="1" m="47626" /><E22/><V24/><F40/><W48/><G48/><N who="0" m="30855" /><D97/><N who="1" m="59687" /><E93/><V100/><F95/><W104/><G104/><T98/><D13/><U65/><E77/><V45/><F100/><W87/><G18/><T119/><D98/><U7/><E7/><V62/><F62/><AGARI ba="0,0" hai="37,38,55,56,58,61,62,65" m="59687,47626" machi="62" ten="30,1000,0" yaku="18,1" doraHai="72,85" who="1" fromWho="2" sc="280,0,275,10,220,-10,225,0" /><INIT seed="3,0,0,0,2,63" ten="280,285,210,225" oya="3" hai0="71,68,111,60,79,81,85,46,129,62,87,34,51" hai1="90,26,101,16,2,47,118,112,22,27,116,102,109" hai2="113,88,7,65,132,91,110,13,104,55,128,69,53" hai3="44,121,89,23,40,66,49,98,84,124,134,14,12"/><W33/><G121/><T64/><D34/><U57/><E112/><V25/><F113/><W21/><G33/><T11/><D111/><U123/><E123/><V99/><F110/><W133/><G98/><T93/><D129/><U18/><E109/><V120/><F128/><W3/><G3/><T127/><D127/><U83/><E2/><V41/><F41/><W0/><G0/><T56/><D11/><U38/><E57/><V48/><F120/><W59/><G124/><T73/><D93/><U72/><E27/><V4/><F132/><N who="3" m="50795" /><G14/><T28/><D28/><U126/><E18/><V42/><F104/><W86/><G12/><T78/><D78/><N who="1" m="44487" /><E90/><N who="2" m="34347" /><F69/><W92/><G86/><T35/><D35/><U70/><E70/><V19/><F99/><W10/><G10/><T130/><D130/><U94/><E94/><V52/><F25/><W1/><G1/><T106/><D71/><U43/><E126/><V131/><F131/><W95/><G92/><T9/><D9/><U103/><E103/><V37/><F37/><W77/><G77/><T108/><D106/><U31/><E31/><V61/><F13/><W45/><G45/><T100/><D100/><U119/><AGARI ba="0,0" hai="16,22,26,38,43,47,101,102,116,118,119" m="44487" machi="119" ten="30,2000,0" yaku="12,1,54,1" doraHai="63" who="1" fromWho="1" sc="280,-5,285,20,210,-5,225,-10" owari="275,7.5,305,40.5,205,-29.5,215,-18.5" /></mjloggm>