<mjloggm ver="2.3"><GO type="225" lobby="0"/><UN n0="%E5%8D%A0%E3%81%84%E5%B8%AB%E8%A3%8F%E3%81%AA%E3%81%84%E3%81%97" n1="%E5%BA%97%E9%95%B7%4D" n2="%74%2E%6F%2E%6F%2E%73" n3="%6D%75%75%73%61%6E%6D%75" dan="17,16,18,17" rate="2200.94,2095.85,2171.20,2157.38" sx="M,M,M,F"/><TAIKYOKU oya="0"/><INIT seed="0,0,0,3,1,33" ten="250,250,250,250" oya="0" hai0="91,34,130,17,131,45,11,52,50,85,63,79,26" hai1="56,68,110,134,6,83,121,84,73,127,119,27,43" hai2="128,46,71,97,116,29,59,69,32,19,132,0,99" hai3="35,75,13,3,54,95,60,112,2,88,40,98,70"/><T22/><D34/><U80/><E68/><V65/><F19/><W113/><G75/><T36/><D36/><U23/><E121/><V28/><F46/><W76/><G76/><T55/><D79/><U66/><E119/><V21/><F21/><W39/><G35/><T115/><D115/><U108/><E127/><V122/><F122/><W102/><G39/><T106/><D106/><U87/><E43/><V44/><F44/><W78/><G40/><T8/><D63/><N who="1" m="38247" /><E6/><V82/><F59/><W41/><G41/><T64/><D55/><U96/><E96/><V38/><F65/><W133/><G78/><T111/><D64/><U114/><E73/><V53/><F38/><W9/><G133/><T120/><D111/><N who="1" m="42539" /><E134/><V24/><F132/><W47/><G70/><T135/><D120/><U49/><E49/><V62/><F69/><W90/><G112/><T67/><D67/><U104/><E104/><V100/><F71/><W117/><G113/><T93/><REACH who="0" step="1"/><D135/><REACH who="0" ten="240,250,250,250" step="2"/><U51/><E114/><V15/><F62/><W129/><G117/><T61/><D61/><U74/><E51/><V7/><F116/><W58/><G47/><T1/><D1/><U12/><E74/><V103/><F0/><W92/><G3/><T10/><AGARI ba="0,1" hai="8,10,11,17,22,26,45,50,52,85,91,93,130,131" machi="10" ten="30,11700,0" yaku="1,1,0,1,54,1,53,1" doraHai="33" doraHaiUra="86" who="0" fromWho="0" sc="240,127,250,-39,250,-39,250,-39" /><INIT seed="0,1,0,0,4,56" ten="367,211,211,211" oya="0" hai0="46,98,115,60,89,35,120,116,126,105,66,95,8" hai1="10,76,131,31,113,41,93,110,90,5,87,14,84" hai2="34,1,53,43,134,28,27,102,129,124,15,107,36" hai3="109,111,135,104,40,54,106,123,18,132,130,32,88"/><T48/><D115/><U22/><E113/><V51/><F1/><W24/><G40/><T64/><D116/><U77/><E110/><N who="3" m="41994" /><G130/><T7/><D35/><U29/><E131/><V20/><F129/><W94/><G54/><T45/><D126/><U103/><E41/><V82/><F124/><W122/><G18/><T25/><D120/><N who="3" m="46121" /><G24/><T78/><D64/><U21/><E103/><V57/><F102/><W133/><G32/><T81/><D105/><U85/><E22/><V42/><F107/><W71/><G71/><T86/><D25/><N who="1" m="16559" /><E31/><V72/><F43/><W59/><G59/><T100/><D100/><U17/><E17/><V52/><F53/><W19/><G19/><T127/><D48/><U70/><E70/><V74/><F42/><W97/><AGARI ba="1,0" hai="88,94,97,104,106,132,133,135" m="46121,41994" machi="97" ten="40,12000,2" yaku="20,1,14,1,13,1,34,2,54,1" doraHai="56" who="3" fromWho="3" sc="367,-61,211,-31,211,-31,211,123" /><INIT seed="1,0,0,4,0,83" ten="306,180,180,334" oya="1" hai0="80,115,110,44,10,98,65,92,69,26,108,77,95" hai1="62,118,132,78,135,66,25,75,21,53,59,97,127" hai2="58,116,41,74,31,90,85,9,7,71,27,81,23" hai3="2,4,30,111,57,88,1,87,82,84,11,68,46"/><U100/><E118/><V61/><F116/><W64/><G111/><N who="0" m="42539" /><D115/><U17/><E127/><V42/><F74/><W125/><G125/><T121/><D121/><U131/><E131/><V5/><F71/><W117/><G117/><T120/><D120/><U99/><E75/><V33/><F33/><W47/><G68/><T112/><D65/><U89/><E78/><V43/><REACH who="2" step="1"/><F9/><REACH who="2" ten="306,180,170,334" step="2"/><W40/><G11/><T123/><D10/><U67/><E97/><V52/><AGARI ba="0,1" hai="5,7,23,27,31,41,42,43,52,58,61,81,85,90" machi="52" ten="30,12000,2" yaku="1,1,2,1,0,1,8,1,52,1,54,1,53,0" doraHai="83" doraHaiUra="60" who="2" fromWho="2" sc="306,-30,180,-60,170,130,334,-30" /><INIT seed="2,0,0,5,2,2" ten="276,120,300,304" oya="2" hai0="23,82,110,58,84,9,52,98,120,32,13,18,109" hai1="73,91,15,114,61,124,99,14,50,48,89,44,26" hai2="113,22,131,115,37,0,49,36,60,86,102,31,125" hai3="94,77,20,96,45,40,25,135,118,71,75,78,123"/><V132/><F0/><W108/><G118/><T126/><D120/><U133/><E114/><V6/><F131/><W111/><G123/><T59/><D126/><U38/><E73/><V72/><F72/><W29/><G71/><T21/><D32/><U103/><E133/><V33/><F33/><W97/><G135/><T74/><D74/><U16/><E124/><V130/><F130/><W17/><G29/><T19/><D98/><U66/><E38/><V47/><F102/><W134/><G134/><T3/><D58/><N who="1" m="37175" /><E15/><V56/><F132/><W11/><G11/><T119/><D119/><U68/><E26/><V55/><F125/><W39/><G96/><T35/><D35/><U46/><E68/><V7/><F36/><W92/><G92/><T116/><D116/><U34/><E34/><V62/><F37/><W12/><G25/><T42/><D42/><N who="1" m="24599" /><E103/><V101/><F101/><N who="3" m="60599" /><G75/><T129/><D129/><U70/><E70/><V117/><F117/><W83/><G83/><T85/><D3/><U27/><E27/><N who="2" m="16887" /><F113/><W93/><G93/><T69/><D69/><U10/><E99/><V30/><F30/><W122/><G122/><T4/><D84/><U80/><E80/><V51/><F115/><W79/><G39/><T65/><D85/><U76/><E76/><V127/><F127/><W87/><G87/><T90/><D82/><U57/><E57/><V53/><F86/><W106/><G106/><T67/><D13/><U8/><E8/><V104/><F104/><W41/><G45/><T5/><D9/><U1/><E1/><V107/><F107/><W24/><G24/><RYUUKYOKU ba="0,0" sc="276,-30,120,10,300,10,304,10" hai1="10,14,16,46,50,89,91" hai2="6,7,47,49,51,53,55,56,60,62" hai3="12,17,20,40,41,77,78,79,108,111" /><INIT seed="2,1,0,3,0,101" ten="246,130,310,314" oya="2" hai0="73,54,58,96,89,65,46,11,64,94,36,15,133" hai1="75,119,130,118,9,60,135,40,18,98,3,79,52" hai2="38,22,23,1,21,127,6,72,29,67,48,120,53" hai3="8,49,7,93,12,34,2,102,122,129,84,63,69"/><V30/><F120/><W43/><G122/><T81/><D133/><U110/><E110/><V4/><F38/><W92/><G34/><T57/><D36/><U131/><E135/><V56/><F72/><W104/><G129/><T74/><D46/><U105/><E40/><V26/><F127/><W17/><G69/><T31/><D31/><U87/><E75/><V16/><F1/><W116/><G63/><T97/><D97/><U112/><E112/><V99/><F67/><W115/><G116/><T90/><D57/><N who="1" m="34855" /><E79/><V51/><F51/><W70/><G70/><T106/><D74/><U134/><E87/><V25/><F99/><W85/><G115/><T88/><D106/><U19/><E134/><V27/><AGARI ba="1,0" hai="4,6,16,21,22,23,25,26,27,29,30,48,53,56" machi="27" ten="20,12000,1" yaku="0,1,7,1,9,1,8,1,54,1" doraHai="101" who="2" fromWho="2" sc="246,-41,130,-41,310,123,314,-41" /><INIT seed="2,2,0,4,1,49" ten="205,89,433,273" oya="2" hai0="60,42,51,115,63,27,53,52,99,73,102,3,24" hai1="33,66,82,11,69,26,56,48,71,10,14,76,40" hai2="83,54,37,9,95,70,34,41,93,6,111,81,21" hai3="128,67,119,0,38,32,112,79,5,105,58,7,12"/><V19/><F34/><W132/><G119/><T29/><D73/><U125/><E125/><V107/><F107/><W127/><G38/><T22/><D115/><U20/><E33/><V43/><F70/><W18/><G105/><T109/><D3/><U1/><E1/><V97/><F37/><W110/><G0/><T61/><D109/><U23/><E69/><V75/><F75/><W44/><G79/><T62/><D62/><U36/><E71/><V74/><F74/><W129/><G32/><T89/><D89/><U13/><E36/><V114/><F114/><W16/><G112/><T87/><D87/><U86/><E66/><V17/><F6/><N who="3" m="2059" /><G110/><T50/><D27/><U116/><E116/><V121/><F9/><N who="1" m="3081" /><E23/><V108/><F21/><W45/><G127/><T135/><D135/><U35/><E35/><V134/><F134/><W94/><G94/><N who="0" m="58743" /><D42/><U92/><E92/><V103/><F97/><W100/><G132/><T123/><D123/><U46/><E56/><V30/><F103/><W39/><G100/><T65/><D65/><U15/><E15/><V55/><F121/><W68/><G68/><T77/><D77/><U47/><E47/><N who="3" m="17994" /><G12/><T98/><D98/><U91/><E76/><V59/><F59/><W57/><G39/><T90/><D90/><U104/><E104/><V124/><F124/><W120/><G58/><T106/><D106/><U80/><E80/><V28/><AGARI ba="2,0" hai="17,19,28,30,41,43,54,55,81,83,93,95,108,111" machi="28" ten="25,12000,1" yaku="0,1,22,2,52,2" doraHai="49" who="2" fromWho="2" sc="205,-42,89,-42,433,126,273,-42" /><INIT seed="2,3,0,0,2,128" ten="163,47,559,231" oya="2" hai0="17,73,7,49,134,46,63,94,26,132,115,59,125" hai1="69,33,48,70,127,124,90,131,38,42,57,14,0" hai2="8,13,113,62,95,84,105,5,66,45,89,129,100" hai3="52,111,36,68,54,86,44,104,11,93,12,83,99"/><V118/><F113/><W53/><G68/><N who="1" m="26218" /><E0/><V114/><F114/><W98/><G104/><T1/><D73/><U97/><E33/><V39/><F118/><W92/><G111/><T28/><D115/><U29/><E97/><N who="3" m="36874" /><G36/><T116/><D125/><N who="1" m="48203" /><E90/><V40/><F129/><W81/><G44/><T37/><D37/><U121/><E14/><V87/><F105/><W123/><G123/><T67/><D116/><U78/><E29/><V30/><F30/><W47/><G47/><T101/><D17/><U79/><E78/><V20/><F20/><W27/><G27/><T2/><D7/><U133/><E79/><V41/><F41/><W108/><G108/><T71/><D71/><U77/><E77/><V76/><F100/><W126/><G126/><T16/><D16/><U109/><E131/><V23/><F23/><W22/><G22/><N who="0" m="15447" /><D94/><N who="3" m="36457" /><G86/><T58/><D101/><U103/><E103/><V88/><F76/><W106/><G106/><T107/><D107/><U21/><E21/><V10/><F10/><W80/><G80/><T50/><D1/><U102/><E102/><V122/><F122/><W19/><AGARI ba="3,0" hai="11,12,19,52,53,54,81,83" m="36457,36874" machi="19" ten="30,2000,0" yaku="8,1,54,1" doraHai="128" who="3" fromWho="3" sc="163,-8,47,-8,559,-13,231,29" /><INIT seed="3,0,0,0,2,37" ten="155,39,546,260" oya="3" hai0="135,134,59,123,45,10,1,29,28,44,114,77,56" hai1="11,79,94,70,75,71,49,89,87,15,38,64,100" hai2="13,109,96,119,31,69,0,67,82,17,83,14,118" hai3="103,124,74,106,127,26,110,97,9,2,121,86,58"/><W35/><G121/><T8/><D77/><U3/><E3/><V27/><F0/><W80/><G74/><T52/><D1/><U132/><E38/><V65/><F109/><W95/><G110/><T84/><D84/><U117/><E117/><V36/><F36/><W47/><G106/><T66/><D66/><U76/><E132/><V115/><F115/><W16/><G35/><T46/><D123/><U20/><E64/><V78/><F96/><W88/><G58/><T19/><D19/><U85/><E20/><V53/><F53/><W68/><G68/><T104/><D104/><U61/><E61/><V131/><F131/><W116/><G116/><T24/><D56/><U107/><E49/><V81/><F78/><W51/><G26/><T48/><D24/><U105/><E15/><V102/><F102/><W30/><G30/><N who="0" m="11883" /><D114/><U7/><E11/><V111/><F111/><W57/><G57/><T12/><D12/><U90/><E7/><V32/><F13/><N who="3" m="7215" /><G2/><T34/><D34/><U55/><E55/><AGARI ba="0,0" hai="47,51,55,80,86,88,95,97,103,124,127" m="7215" machi="55" ten="30,5800,0" yaku="25,1,54,2" doraHai="37" who="3" fromWho="1" sc="155,0,39,-58,546,0,260,58" owari="155,-24.5,-19,-51.9,546,64.6,318,11.8" /></mjloggm>