<mjloggm ver="2.3"><GO type="225" lobby="0"/><UN n0="%72%69%6F%75%63%68%61%6E" n1="%E6%B8%A9%E2%98%85%E6%83%85%E2%98%85%E6%8E%AA%E2%98%85%E7%BD%AE" n2="%E3%81%BF%E3%81%BF%E3%81%9A" n3="%E3%81%8B%E3%82%8F%E3%81%A1%E3%82%83%E3%82%93%35%38" dan="16,18,17,16" rate="2162.04,2248.20,2260.65,2167.97" sx="M,M,M,M"/><TAIKYOKU oya="0"/><INIT seed="0,0,0,3,1,113" ten="250,250,250,250" oya="0" hai0="100,7,121,25,109,54,5,8,119,131,51,13,98" hai1="43,41,125,35,59,64,50,18,17,74,123,33,117" hai2="36,105,19,89,53,45,92,37,10,84,135,62,87" hai3="82,20,26,73,130,71,94,120,104,134,60,66,110"/><T68/><D119/><U2/><E74/><V40/><F105/><W75/><G104/><T67/><D121/><U78/><E2/><V22/><F135/><W58/><G134/><T91/><D131/><U15/><E78/><V56/><F10/><W126/><G130/><T3/><D109/><U88/><E123/><V111/><F111/><W80/><G110/><T108/><D108/><U30/><E125/><V34/><F34/><W132/><G132/><T61/><D25/><U12/><E30/><V23/><F36/><W77/><G126/><T16/><D91/><U96/><E35/><V103/><F103/><W81/><G120/><T38/><D38/><U133/><E33/><V39/><F23/><W124/><G124/><T42/><D42/><N who="1" m="15883" /><E117/><V107/><F107/><W32/><G32/><T6/><D3/><U55/><E64/><V48/><REACH who="2" step="1"/><F84/><REACH who="2" ten="250,250,240,250" step="2"/><W14/><G75/><T28/><D28/><U24/><E133/><V0/><F0/><W99/><G73/><T72/><D72/><U69/><E69/><V90/><F90/><W93/><G71/><T44/><REACH who="0" step="1"/><D5/><REACH who="0" ten="240,250,240,250" step="2"/><U1/><E1/><V52/><F52/><W85/><G77/><T31/><D31/><U57/><E55/><V86/><F86/><W70/><G85/><T95/><AGARI ba="0,2" hai="6,7,8,13,16,44,51,54,61,67,68,95,98,100" machi="95" ten="20,12000,1" yaku="1,1,0,1,7,1,54,1,53,1" doraHai="113" doraHaiUra="97" who="0" fromWho="0" sc="240,140,250,-40,240,-40,250,-40" /><INIT seed="0,1,0,3,1,98" ten="380,210,200,210" oya="0" hai0="92,96,88,4,106,119,84,134,122,10,107,104,68" hai1="63,76,132,1,126,69,75,39,111,9,5,56,102" hai2="18,97,61,128,74,43,101,114,37,45,94,93,49" hai3="58,42,51,54,127,117,57,121,41,2,40,59,66"/><T28/><D119/><U6/><E111/><V32/><F114/><W31/><G2/><T8/><D122/><U85/><E132/><V50/><F128/><W105/><G105/><T87/><D134/><U99/><E126/><V70/><F74/><W86/><G117/><T116/><D116/><U73/><E39/><V20/><F32/><W36/><G31/><T90/><D68/><U24/><E69/><V91/><F61/><N who="3" m="38191" /><G86/><T77/><D28/><U124/><E6/><V11/><F11/><W3/><G3/><T25/><D25/><U115/><E124/><V47/><F70/><W79/><G79/><T72/><D8/><U67/><E24/><V29/><F29/><W65/><G127/><T131/><D131/><U95/><REACH who="1" step="1"/><E115/><REACH who="1" ten="380,200,200,210" step="2"/><V48/><F45/><N who="3" m="23687" /><G121/><T34/><D34/><U27/><E27/><N who="2" m="14743" /><F37/><W30/><G30/><T33/><D33/><U15/><E15/><V0/><F0/><W109/><G109/><T110/><D110/><U23/><E23/><V123/><F123/><W78/><G78/><T71/><D71/><U125/><E125/><V103/><F103/><W26/><G26/><T55/><D4/><U83/><AGARI ba="1,1" hai="1,5,9,56,63,67,73,75,76,83,85,95,99,102" machi="83" ten="30,7900,0" yaku="1,1,0,1,52,1,53,1" doraHai="98" doraHaiUra="89" who="1" fromWho="1" sc="380,-40,200,92,200,-21,210,-21" /><INIT seed="1,0,0,1,2,99" ten="340,292,179,189" oya="1" hai0="96,98,120,41,76,8,21,80,70,82,109,43,93" hai1="47,2,124,58,127,68,44,35,105,77,52,78,6" hai2="24,27,132,11,48,85,111,134,113,30,133,54,29" hai3="0,110,75,64,126,108,65,32,117,28,15,13,102"/><U56/><E35/><V91/><F11/><W19/><G75/><T31/><D70/><U34/><E34/><V135/><N who="2" m="33792" /><DORA hai="88" /><V36/><F36/><W1/><G126/><N who="1" m="48170" /><E105/><V86/><F111/><W39/><G39/><T131/><D131/><U18/><E68/><V84/><F113/><W89/><G32/><T100/><D120/><U51/><E18/><V129/><F129/><W73/><G89/><T53/><D109/><U71/><E71/><V14/><F14/><W55/><G73/><T74/><D8/><N who="1" m="2135" /><E58/><N who="2" m="33095" /><F91/><W95/><G110/><T10/><D10/><U7/><E7/><V25/><AGARI ba="0,0" hai="24,25,27,29,30,84,85,86" m="33095,33792" machi="25" ten="70,8000,1" yaku="29,2,20,1" doraHai="99,88" who="2" fromWho="2" sc="340,-20,292,-40,179,80,189,-20" /><INIT seed="2,0,0,3,0,127" ten="320,252,259,169" oya="2" hai0="117,42,115,132,51,120,10,91,19,31,114,84,50" hai1="71,48,113,104,134,36,118,76,93,14,65,35,23" hai2="8,38,68,46,60,81,43,63,105,107,28,66,9" hai3="47,103,55,125,5,24,122,92,82,86,37,116,94"/><V87/><F28/><W110/><G116/><T39/><D120/><U128/><E104/><V15/><F63/><W121/><G125/><T7/><D31/><U69/><E35/><V13/><F15/><W129/><G110/><T108/><D39/><U41/><E36/><V72/><F72/><W111/><G111/><T40/><D108/><U135/><E118/><V45/><F46/><W73/><G5/><T30/><D30/><U18/><E113/><V16/><REACH who="2" step="1"/><F8/><REACH who="2" ten="320,252,249,169" step="2"/><W95/><G47/><N who="0" m="25959" /><D10/><U80/><E14/><V124/><F124/><W90/><G73/><T54/><D115/><U52/><E135/><V102/><F102/><W83/><G24/><T1/><D114/><U25/><E134/><V98/><F98/><W22/><G22/><T6/><D132/><U70/><E23/><V44/><F44/><W106/><G122/><T88/><D117/><U2/><E25/><V133/><F133/><W123/><G123/><T26/><D26/><U49/><E49/><V56/><F56/><W126/><G37/><T112/><D51/><U27/><E48/><V119/><F119/><W101/><G121/><T89/><D112/><U96/><E27/><V33/><F33/><W77/><G126/><T74/><D74/><U3/><E70/><V78/><AGARI ba="0,1" hai="9,13,16,38,43,45,60,66,68,78,81,87,105,107" machi="78" ten="20,7800,0" yaku="1,1,0,1,7,1,54,1,53,0" doraHai="127" doraHaiUra="131" who="2" fromWho="2" sc="320,-26,252,-26,249,88,169,-26" /><INIT seed="2,1,0,3,1,120" ten="294,226,337,143" oya="2" hai0="82,135,132,95,80,40,2,75,85,113,122,17,109" hai1="73,47,33,131,4,55,108,105,107,20,42,99,124" hai2="25,70,29,57,115,44,94,36,83,53,31,66,38" hai3="128,118,67,91,104,12,28,34,5,30,14,74,86"/><V13/><F115/><W106/><G74/><T7/><D109/><U123/><E33/><V24/><F13/><W50/><G118/><T37/><D122/><U18/><E73/><V39/><F83/><W88/><G67/><T100/><D113/><U98/><E123/><V41/><F94/><W112/><G112/><T127/><D127/><U119/><E119/><V110/><F110/><W117/><G117/><T87/><D17/><U71/><E71/><V0/><F0/><W11/><G128/><T77/><D40/><U58/><E108/><V61/><F25/><W79/><G79/><N who="0" m="44159" /><D37/><U23/><E4/><V59/><F31/><W116/><G116/><T26/><D26/><U62/><E124/><V68/><F24/><W69/><G69/><N who="2" m="26729" /><F29/><W111/><G50/><AGARI ba="1,0" hai="36,38,39,41,44,50,53,57,59,61,66" m="26729" machi="50" ten="30,12000,1" yaku="35,5" doraHai="120" who="2" fromWho="3" sc="294,0,226,0,337,123,143,-123" /><INIT seed="2,2,0,3,0,124" ten="294,226,460,20" oya="2" hai0="116,79,126,100,30,68,134,128,41,17,88,37,45" hai1="74,110,132,63,123,90,35,104,83,66,114,1,127" hai2="106,61,69,13,44,8,31,113,15,109,3,34,119" hai3="80,67,7,129,2,72,52,40,14,97,51,6,5"/><V135/><F119/><W16/><G2/><T92/><D128/><U20/><RYUUKYOKU type="yao9" ba="2,0" sc="294,0,226,0,460,0,20,0" hai1="1,20,35,63,66,74,83,90,104,110,114,123,127,132" /><INIT seed="2,3,0,5,0,115" ten="294,226,460,20" oya="2" hai0="52,125,41,8,35,122,43,97,98,65,54,48,6" hai1="111,47,104,131,110,101,61,133,33,86,96,68,76" hai2="59,51,14,45,123,18,37,56,73,78,53,100,39" hai3="38,30,108,128,3,24,87,83,13,64,92,117,40"/><V132/><F123/><W46/><G3/><T27/><D122/><U36/><E33/><V23/><F100/><W32/><G108/><N who="1" m="41514" /><E47/><V29/><F132/><W26/><G128/><T25/><D125/><U130/><E36/><V5/><F73/><W15/><G64/><T58/><D65/><U82/><E61/><V134/><F134/><W16/><G92/><T22/><D35/><U1/><E1/><V135/><F78/><W67/><G67/><T10/><D54/><U44/><E44/><V60/><F135/><W71/><G71/><T70/><D70/><U124/><E68/><V127/><F127/><W119/><G24/><T85/><D85/><N who="1" m="48327" /><E133/><V129/><F129/><N who="1" m="49161" /><E86/><V9/><F56/><W79/><REACH who="3" step="1"/><G13/><REACH who="3" ten="294,226,460,10" step="2"/><N who="0" m="5271" /><D25/><U72/><E124/><V90/><F14/><W106/><G106/><T84/><D27/><U7/><E7/><V55/><F5/><W49/><G49/><T66/><D48/><U42/><E42/><V102/><F37/><W19/><G19/><T126/><D41/><U74/><AGARI ba="3,1" hai="72,74,96,101,104" m="49161,48327,41514" machi="74" ten="40,8000,1" yaku="14,1,19,1,34,2" doraHai="115" who="1" fromWho="1" sc="294,-23,226,99,460,-43,10,-23" owari="271,-12.9,325,12.5,417,51.7,-13,-51.3" /></mjloggm>