<mjloggm ver="2.3"><GO type="225" lobby="0"/><UN n0="%73%6C%69%63%6B%33%31%39" n1="%E3%81%95%E3%81%8D%E3%81%9F%E3%81%BE%E6%9E%97%E6%AA%8E" n2="%E3%81%9F%E3%81%93%E2%98%86%E7%84%BC%E3%81%8D" n3="%E2%91%A3%E9%81%BF%E9%81%8A%E6%88%AF%E3%80%90%E6%9D%B1%E5%8D%97%E3%80%91" dan="17,16,16,16" rate="2179.56,2101.19,2109.60,2064.51" sx="M,M,M,M"/><TAIKYOKU oya="0"/><INIT seed="0,0,0,1,5,79" ten="250,250,250,250" oya="0" hai0="10,40,27,118,56,54,28,36,99,11,101,25,17" hai1="82,19,71,46,75,33,18,64,86,107,108,134,123" hai2="9,100,4,15,90,53,91,14,113,41,38,61,93" hai3="74,48,111,103,57,20,83,23,92,12,65,43,68"/><T69/><D118/><U96/><E108/><V42/><F113/><W112/><G111/><T47/><D69/><U66/><E123/><V97/><F38/><W70/><G112/><T67/><D17/><U45/><E75/><V52/><F14/><W131/><G131/><T59/><D56/><U119/><E119/><V0/><F0/><W132/><G132/><T5/><D67/><U117/><E117/><V13/><F13/><W88/><G103/><T21/><D5/><U102/><E134/><V35/><F35/><W125/><G125/><T31/><D27/><U22/><E33/><V6/><F6/><W8/><G70/><T126/><D28/><U30/><E30/><V60/><F60/><W110/><G68/><T78/><D78/><U94/><E107/><V24/><F24/><W120/><G120/><T128/><D126/><U84/><E84/><V29/><F29/><W85/><G74/><T73/><D73/><U129/><E18/><V32/><F32/><W81/><G110/><T133/><D133/><U49/><E71/><V72/><F72/><W115/><G115/><T26/><D26/><N who="1" m="14687" /><E129/><V104/><F104/><W135/><G135/><T105/><REACH who="0" step="1"/><D128/><REACH who="0" ten="240,250,250,250" step="2"/><U122/><E122/><V106/><F4/><N who="3" m="3079" /><G65/><T114/><D114/><U77/><E46/><V58/><F15/><W7/><G7/><T127/><D127/><U34/><E34/><V76/><F76/><W39/><G57/><T121/><D121/><U109/><E109/><V87/><F58/><W116/><G116/><T95/><D95/><U44/><E44/><V2/><F93/><W3/><G92/><RYUUKYOKU ba="0,1" sc="240,15,250,15,250,-15,250,-15" hai0="10,11,21,25,31,36,40,47,54,59,99,101,105" hai1="45,49,64,66,77,82,86,94,96,102" /><INIT seed="0,1,1,5,2,83" ten="255,265,235,235" oya="0" hai0="45,33,16,81,42,15,25,71,6,79,4,9,99" hai1="72,105,1,51,97,65,121,101,40,119,60,62,67" hai2="63,104,30,85,107,132,88,43,35,117,125,2,94" hai3="102,127,26,126,129,123,8,19,118,122,115,7,131"/><T128/><D128/><N who="3" m="49225" /><G102/><T32/><D71/><U61/><E119/><V48/><F2/><W58/><G58/><T75/><D99/><U46/><E121/><N who="3" m="46090" /><G26/><T17/><D4/><U12/><E72/><V93/><F125/><N who="3" m="47627" /><G19/><T74/><D74/><U34/><E34/><V64/><F132/><W110/><G8/><T82/><D82/><U53/><E1/><V54/><F117/><W24/><G7/><T70/><D70/><U37/><REACH who="1" step="1"/><E12/><REACH who="1" ten="255,255,235,235" step="2"/><V77/><F107/><W47/><G118/><T38/><REACH who="0" step="1"/><D33/><REACH who="0" ten="245,255,235,235" step="2"/><U21/><E21/><V86/><F35/><W49/><G115/><T120/><D120/><U114/><E114/><V22/><F104/><W113/><G113/><T50/><D50/><U14/><E14/><V23/><F48/><W135/><G24/><T29/><AGARI ba="1,3" hai="6,9,15,16,17,25,29,32,38,42,45,75,79,81" machi="29" ten="30,11700,0" yaku="1,1,0,1,54,1,53,1" doraHai="83" doraHaiUra="5" who="0" fromWho="0" sc="245,150,255,-40,235,-40,235,-40" /><INIT seed="0,2,0,2,5,14" ten="395,215,195,195" oya="0" hai0="92,1,64,104,0,123,42,83,122,48,12,36,112" hai1="111,126,117,79,116,47,52,17,53,61,93,41,96" hai2="35,46,15,63,54,106,90,81,129,37,121,49,40" hai3="22,4,44,98,18,73,133,91,38,27,66,89,50"/><T51/><D104/><U101/><E111/><V24/><F129/><W28/><G133/><T6/><D112/><U103/><E126/><V88/><F106/><W21/><G38/><T3/><D36/><U39/><E103/><V11/><F121/><W108/><G108/><T128/><D128/><U85/><E61/><V120/><F120/><W5/><G73/><T71/><D83/><U57/><E53/><V74/><F63/><W107/><G66/><T124/><D124/><U67/><E67/><V13/><F13/><W29/><G107/><T33/><D33/><U75/><E75/><V78/><F24/><W80/><G89/><T84/><D64/><U23/><E79/><V7/><REACH who="2" step="1"/><F35/><REACH who="2" ten="395,215,185,195" step="2"/><W58/><G29/><T125/><D125/><U135/><E135/><V72/><F72/><W56/><G4/><T114/><D6/><U10/><E117/><V118/><F118/><W59/><G5/><T31/><D31/><U2/><E116/><V97/><F97/><W62/><G98/><T16/><D122/><U43/><E2/><V119/><F119/><W25/><G62/><T45/><D123/><U130/><E96/><V82/><F82/><W99/><G99/><T131/><D131/><U105/><E130/><V55/><F55/><W68/><G80/><T77/><D0/><U76/><E52/><V20/><F20/><W102/><G68/><T32/><D71/><U134/><E23/><V60/><F60/><W109/><G109/><T70/><D70/><U86/><E105/><V9/><F9/><W19/><G102/><T94/><D1/><U65/><E134/><RYUUKYOKU ba="2,1" sc="395,-10,215,-10,185,30,195,-10" hai2="7,11,15,37,40,46,49,54,74,78,81,88,90" /><INIT seed="1,3,1,0,3,14" ten="385,205,215,185" oya="1" hai0="45,11,39,50,3,84,72,75,29,99,97,25,65" hai1="93,133,61,33,15,122,74,9,100,58,60,10,6" hai2="63,117,116,28,71,12,24,77,38,62,111,127,40" hai3="104,132,31,69,49,70,82,30,8,35,126,131,44"/><U67/><E122/><V59/><F111/><W2/><G104/><T54/><D65/><U89/><E133/><V47/><F127/><W106/><G106/><T130/><D130/><U43/><E33/><V135/><F135/><W109/><G132/><T48/><D39/><U107/><E74/><V21/><F77/><W96/><G131/><T113/><D113/><U129/><E129/><V85/><F85/><W102/><G35/><T4/><D84/><U101/><E107/><V68/><F63/><W105/><G126/><T115/><D115/><U124/><E43/><V36/><F36/><W20/><G109/><T55/><D97/><U90/><E90/><V125/><F125/><W114/><G70/><T57/><D99/><U79/><E79/><V16/><F68/><W103/><G69/><T17/><D17/><N who="1" m="8431" /><E61/><V19/><F28/><W23/><G2/><T13/><D3/><U110/><E110/><V119/><F71/><W56/><G105/><T94/><D94/><U51/><E51/><V26/><REACH who="2" step="1"/><F19/><REACH who="2" ten="385,205,205,185" step="2"/><W34/><G114/><T88/><D72/><U22/><E124/><V91/><F91/><W112/><G112/><T81/><D75/><U53/><E89/><V52/><AGARI ba="3,2" hai="12,16,21,24,26,38,40,47,52,59,62,116,117,119" machi="52" ten="30,8000,1" yaku="1,1,0,1,52,1,54,2,53,0" doraHai="14" doraHaiUra="5" who="2" fromWho="2" sc="385,-23,205,-43,205,109,185,-23" /><INIT seed="2,0,0,4,3,74" ten="362,162,314,162" oya="2" hai0="47,76,121,22,132,57,60,69,8,32,97,122,104" hai1="61,100,49,118,29,133,106,111,123,72,86,82,41" hai2="78,37,92,107,94,109,11,96,85,93,43,34,58" hai3="102,5,45,77,135,127,66,62,114,10,71,7,81"/><V64/><F34/><W24/><G114/><T40/><D32/><U2/><E111/><V115/><F115/><W27/><G135/><T56/><D76/><U33/><E133/><V28/><F28/><W20/><G127/><T51/><D132/><U98/><E118/><V95/><F109/><W70/><G70/><T1/><D22/><U44/><E2/><V13/><F43/><W18/><G102/><T113/><D113/><U14/><E123/><V126/><F37/><W26/><G45/><T130/><D130/><U79/><E61/><N who="2" m="37943" /><F107/><W59/><G71/><T30/><D30/><U75/><REACH who="1" step="1"/><E14/><REACH who="1" ten="362,152,314,162" step="2"/><V105/><F126/><W120/><G120/><T3/><D3/><U23/><E23/><V36/><F36/><W52/><G66/><T12/><D1/><U84/><E84/><V68/><F68/><W54/><G54/><T46/><D69/><U99/><E99/><V88/><F13/><N who="3" m="7479" /><G20/><T128/><D121/><U134/><E134/><V48/><F48/><W6/><G6/><T15/><D122/><U67/><E67/><V17/><F11/><W112/><G112/><T124/><D8/><U65/><E65/><V31/><F31/><W21/><G21/><T131/><D124/><U110/><E110/><V89/><F17/><W42/><G42/><T119/><D128/><U0/><E0/><V38/><F38/><W9/><G9/><T80/><D131/><U87/><E87/><AGARI ba="0,1" hai="5,7,24,26,27,52,59,62,77,81,87" m="7479" machi="87" ten="30,3900,0" yaku="8,1,52,1,54,1" doraHai="74" who="3" fromWho="1" sc="362,0,152,-39,314,0,162,49" /><INIT seed="3,0,0,0,3,16" ten="362,113,314,211" oya="3" hai0="4,52,28,13,119,63,29,70,31,3,43,93,104" hai1="11,65,117,132,21,82,38,85,12,80,23,58,71" hai2="72,40,22,108,101,91,30,7,127,113,27,60,15" hai3="0,32,18,125,134,53,73,45,89,35,110,94,25"/><W78/><G0/><T47/><D104/><U56/><E132/><V83/><F108/><W6/><G134/><T95/><D119/><U57/><E38/><V86/><F127/><W39/><G125/><T111/><D3/><U120/><E120/><V79/><F101/><W41/><G6/><T68/><D111/><U69/><E117/><V99/><F99/><W122/><G122/><T14/><D68/><U118/><E118/><V76/><F113/><W90/><G90/><T116/><D116/><U124/><E124/><V107/><F107/><W115/><G115/><T112/><D112/><U55/><E71/><V96/><F96/><W106/><G106/><T5/><D70/><U100/><E100/><V46/><F60/><W135/><G135/><T2/><D2/><U131/><E131/><V37/><F72/><W9/><G110/><T114/><D114/><U49/><E69/><V133/><F133/><W1/><G1/><T77/><D77/><U88/><E80/><V33/><F33/><W62/><G78/><T67/><D67/><U102/><E102/><V109/><F109/><W20/><G9/><T75/><D75/><U26/><E26/><V98/><F98/><N who="3" m="57679" /><G73/><T84/><D84/><U61/><E58/><AGARI ba="0,0" hai="18,20,25,32,35,39,41,45,53,58,62" m="57679" machi="58" ten="30,2900,0" yaku="25,1,52,1" doraHai="16" who="3" fromWho="1" sc="362,0,113,-29,314,0,211,29" /><INIT seed="3,1,0,2,3,15" ten="362,84,314,240" oya="3" hai0="14,129,98,42,109,25,52,97,127,3,61,116,71" hai1="134,120,90,114,47,89,122,87,118,30,43,0,29" hai2="36,49,4,83,34,32,123,76,86,66,6,54,26" hai3="24,68,51,12,37,41,65,88,119,20,10,69,80"/><W70/><G119/><T77/><D3/><U112/><E0/><V7/><F36/><W46/><G37/><T59/><D116/><U17/><E87/><V58/><F123/><W85/><G65/><T95/><D71/><U104/><E104/><V99/><F99/><W81/><G80/><T73/><D42/><U96/><E96/><V125/><F125/><W131/><G131/><T75/><D127/><U91/><E118/><V67/><F34/><W5/><REACH who="3" step="1"/><G70/><REACH who="3" ten="362,84,314,230" step="2"/><T100/><D129/><U40/><E91/><V18/><REACH who="2" step="1"/><F32/><REACH who="2" ten="362,84,304,230" step="2"/><W21/><G21/><AGARI ba="1,2" hai="4,6,7,18,21,26,49,54,58,66,67,76,83,86" machi="21" ten="40,8000,1" yaku="1,1,2,1,8,1,52,1,53,0" doraHai="15" doraHaiUra="64" who="2" fromWho="3" sc="362,0,84,0,304,103,230,-83" owari="362,16.2,84,-41.6,407,50.7,147,-25.3" /></mjloggm>