<mjloggm ver="2.3"><GO type="225" lobby="0"/><UN n0="%E3%81%A8%E3%82%89%E3%81%84%E3%81%A1" n1="%E5%86%B7%E5%87%8D%E3%82%AE%E3%83%A7%E3%83%BC%E3%82%B6" n2="%72%61%6B%33" n3="%E3%81%82%E3%81%99%E3%81%AB%E3%82%83%E3%82%80" dan="16,16,16,16" rate="2111.69,2195.15,2119.44,2112.91" sx="M,M,M,F"/><TAIKYOKU oya="0"/><INIT seed="0,0,0,0,2,67" ten="250,250,250,250" oya="0" hai0="56,36,34,54,14,35,66,86,4,124,42,91,47" hai1="112,59,120,60,80,32,9,76,0,50,108,16,90" hai2="110,88,28,127,93,126,45,57,75,115,84,65,62" hai3="98,77,113,94,38,106,49,51,101,125,69,58,99"/><T61/><D124/><U70/><E120/><V46/><F115/><W52/><G113/><T128/><D128/><U121/><E121/><V5/><F110/><W102/><G125/><N who="2" m="47625" /><F75/><W87/><G38/><T123/><D123/><U64/><E112/><V103/><F28/><W130/><G130/><T13/><D54/><U11/><E108/><V22/><F5/><W83/><REACH who="3" step="1"/><G69/><REACH who="3" ten="250,250,250,240" step="2"/><T29/><D29/><U1/><E70/><N who="2" m="42295" /><F103/><W2/><G2/><T39/><D39/><U71/><E0/><V95/><F95/><W78/><G78/><T79/><D79/><U129/><E1/><V63/><F22/><W100/><G100/><T23/><D23/><U12/><E129/><V104/><F104/><W7/><G7/><T96/><D35/><U72/><E32/><V24/><F24/><W55/><G55/><AGARI ba="0,1" hai="45,46,55,57,63,84,88,93" m="42295,47625" machi="55" ten="30,3900,0" yaku="18,1,52,1,54,1" doraHai="67" who="2" fromWho="3" sc="250,0,250,0,250,49,240,-39" /><INIT seed="1,0,0,1,2,51" ten="250,250,299,201" oya="1" hai0="50,89,21,103,64,41,78,8,30,46,35,112,28" hai1="9,94,104,133,81,44,12,4,48,20,29,1,58" hai2="130,87,85,92,25,121,120,105,31,67,114,39,54" hai3="42,37,118,3,113,122,45,126,123,79,16,80,135"/><U49/><E104/><V99/><F39/><W90/><G113/><T6/><D112/><U128/><E128/><V33/><F114/><W34/><G34/><T11/><D35/><U83/><E133/><V5/><F130/><W106/><G106/><T101/><D64/><U36/><E36/><V17/><F5/><W111/><G111/><T129/><D129/><U65/><E94/><V0/><F0/><W119/><G135/><T98/><D78/><U43/><E1/><V13/><F105/><W108/><G108/><T107/><D21/><U96/><E96/><V131/><F131/><W84/><G3/><T115/><D115/><U88/><E88/><V86/><F67/><W72/><G126/><T93/><D101/><U15/><E15/><V32/><F33/><W59/><G59/><T63/><D63/><U76/><E76/><V75/><F75/><W132/><G132/><T26/><D26/><U125/><E125/><V60/><F60/><W97/><G97/><T82/><D11/><U74/><E74/><V22/><REACH who="2" step="1"/><F54/><REACH who="2" ten="250,250,289,201" step="2"/><W14/><G119/><T127/><D127/><U134/><E134/><V47/><F47/><W55/><G55/><T117/><D117/><U71/><E71/><V57/><F57/><W73/><G73/><T124/><D124/><U40/><E40/><V68/><F68/><W61/><G61/><T10/><D107/><U102/><E65/><V62/><F62/><W19/><G118/><T38/><D38/><U52/><E102/><AGARI ba="0,1" hai="13,17,22,25,31,32,85,86,87,92,99,102,120,121" machi="102" ten="40,2600,0" yaku="1,1,53,1" doraHai="51" doraHaiUra="18" who="2" fromWho="1" sc="250,0,250,-26,289,36,201,0" /><INIT seed="2,0,0,2,1,104" ten="250,224,325,201" oya="2" hai0="130,117,77,75,25,7,28,55,46,48,99,12,68" hai1="98,65,44,131,61,33,11,119,40,8,93,89,129" hai2="41,112,91,43,76,132,23,133,45,88,81,3,64" hai3="19,9,67,70,10,66,18,17,29,82,69,35,13"/><V120/><F112/><W42/><G42/><T125/><D68/><U135/><E33/><V100/><F120/><W26/><G69/><T5/><D130/><N who="1" m="49675" /><E135/><N who="2" m="51787" /><F3/><W107/><G107/><T0/><D0/><U20/><E20/><V78/><F78/><W110/><G82/><T27/><D125/><U14/><E119/><V4/><F4/><N who="3" m="3239" /><G70/><T97/><D117/><U1/><E1/><V39/><F43/><W83/><G83/><T79/><D27/><U86/><E98/><V128/><F128/><W6/><G67/><T21/><D79/><U63/><E65/><V73/><F64/><W24/><G66/><T102/><D7/><N who="1" m="3359" /><E11/><V126/><F126/><W57/><G57/><T34/><D5/><U90/><E90/><N who="2" m="34347" /><F23/><N who="3" m="13423" /><G110/><T108/><D108/><U123/><E123/><V16/><F100/><W2/><AGARI ba="0,0" hai="2,6,10,18,19,26,29,35" m="13423,3239" machi="2" ten="30,8000,1" yaku="35,5" doraHai="104" who="3" fromWho="3" sc="250,-20,224,-20,325,-40,201,80" /><INIT seed="3,0,0,2,3,11" ten="230,204,285,281" oya="3" hai0="20,42,120,95,43,90,6,118,70,23,130,44,30" hai1="126,62,3,111,106,80,102,66,58,68,134,52,91" hai2="107,61,57,113,125,41,114,129,54,59,69,31,72" hai3="35,97,99,7,49,127,29,55,71,122,26,51,85"/><W79/><G71/><T105/><D118/><U45/><E111/><V92/><F107/><W0/><G122/><T38/><D120/><U21/><E126/><V84/><F72/><W37/><G37/><T5/><D70/><U16/><E134/><V124/><F69/><W131/><G127/><N who="2" m="48713" /><F31/><W10/><G131/><T46/><D105/><U77/><E3/><V110/><F92/><W15/><G0/><T40/><D130/><U19/><E91/><V86/><F129/><W9/><G9/><T14/><D30/><U73/><E45/><N who="0" m="17513" /><D38/><U67/><E19/><V76/><F41/><W119/><G51/><T33/><D33/><U28/><E28/><V123/><F123/><W4/><G4/><N who="0" m="1643" /><D14/><U2/><E2/><V109/><F59/><W27/><G27/><T132/><D132/><U100/><E106/><V93/><F114/><W34/><G34/><T32/><D32/><U128/><E128/><V50/><F113/><W64/><G64/><T133/><D133/><U18/><E18/><V135/><F135/><W87/><G119/><T89/><D95/><U116/><E116/><V24/><F24/><W112/><G112/><T48/><D48/><U8/><E8/><V103/><F50/><W98/><G79/><T25/><D25/><N who="1" m="14503" /><E67/><V60/><F76/><W53/><G49/><T74/><D74/><U82/><E82/><V56/><F110/><W12/><G12/><T22/><AGARI ba="0,0" hai="20,22,23,40,42,43,89,90" m="1643,17513" machi="22" ten="40,5200,0" yaku="28,2,8,1" doraHai="11" who="0" fromWho="0" sc="230,52,204,-13,285,-13,281,-26" /><INIT seed="4,0,0,0,2,95" ten="282,191,272,255" oya="0" hai0="54,15,4,34,0,19,45,125,86,24,132,131,71" hai1="133,55,91,69,84,39,96,46,25,76,32,62,127" hai2="53,129,124,108,5,88,7,38,18,26,59,73,37" hai3="33,35,85,120,80,128,70,68,52,11,22,116,79"/><T1/><D71/><U101/><E127/><V106/><F108/><W28/><G116/><T67/><D125/><U30/><E133/><V105/><F124/><W72/><G128/><T49/><D132/><U3/><E3/><V126/><F73/><W63/><G33/><T119/><D119/><U99/><E76/><V100/><F126/><W103/><G35/><T57/><D131/><U66/><E101/><V117/><F117/><W114/><G114/><T115/><D115/><U109/><E109/><V130/><F18/><W104/><G11/><T87/><D4/><U123/><E123/><V47/><F26/><W56/><G72/><T13/><D1/><U20/><E32/><V50/><F100/><W16/><G28/><T82/><D0/><U31/><E31/><V77/><F77/><W9/><G9/><T92/><D92/><U89/><E89/><V135/><F88/><W97/><G120/><T43/><D67/><U93/><REACH who="1" step="1"/><E55/><REACH who="1" ten="282,181,272,255" step="2"/><V48/><F53/><W58/><G58/><T74/><D34/><U41/><AGARI ba="0,1" hai="20,25,30,39,41,46,62,66,69,84,91,93,96,99" machi="41" ten="30,12000,2" yaku="1,1,2,1,0,1,52,2,53,1" doraHai="95" doraHaiUra="64" who="1" fromWho="1" sc="282,-60,181,130,272,-30,255,-30" owari="222,-27.8,311,41.1,242,4.2,225,-17.5" /></mjloggm>