<mjloggm ver="2.3"><GO type="225" lobby="0"/><UN n0="%E8%A8%88%E7%AE%97%E6%A9%9F%E8%87%AA%E7%84%B6" n1="%E9%89%A2%E5%B7%BB%E3%82%AC%E3%83%96" n2="%73%61%6B%6F%EF%BC%A0%E6%9C%80" n3="%E3%83%AD%E3%83%83%E3%83%86%E9%9B%80%E7%90%83" dan="17,16,17,17" rate="2229.62,2043.61,2225.82,2274.79" sx="M,M,M,M"/><TAIKYOKU oya="0"/><INIT seed="0,0,0,2,2,72" ten="250,250,250,250" oya="0" hai0="55,65,6,45,84,125,0,14,93,12,20,112,11" hai1="85,44,31,21,19,59,133,53,117,2,124,8,101" hai2="10,129,122,56,106,42,49,73,62,23,36,38,108" hai3="60,4,18,104,64,46,123,26,15,135,58,127,41"/><T131/><D112/><U115/><E117/><V1/><F106/><W103/><G127/><T110/><D125/><U98/><E124/><V102/><F122/><W51/><G135/><T118/><D118/><U3/><E133/><V79/><F23/><W66/><G123/><T57/><D131/><U50/><E31/><V107/><F49/><W78/><G104/><T134/><D134/><U97/><E8/><V113/><F113/><W71/><G103/><T33/><D33/><U76/><E97/><V39/><F102/><W47/><G4/><T91/><D110/><U69/><E69/><V94/><F94/><W111/><G26/><T61/><D20/><U114/><E44/><N who="2" m="23623" /><F107/><W80/><G111/><T87/><D45/><U116/><E116/><V83/><F129/><W130/><G130/><T16/><D55/><U35/><E35/><V128/><F108/><W25/><G25/><T52/><D65/><U86/><E115/><V34/><F34/><W74/><G47/><T5/><D0/><U81/><E86/><N who="0" m="32809" /><D12/><U27/><REACH who="1" step="1"/><E114/><REACH who="1" ten="250,240,250,250" step="2"/><V82/><F128/><W89/><G71/><T9/><D11/><U119/><E119/><V100/><F73/><W120/><G120/><T40/><D40/><U30/><E30/><V88/><F10/><W22/><REACH who="3" step="1"/><G89/><REACH who="3" ten="250,240,250,240" step="2"/><T7/><D5/><U32/><E32/><V24/><F88/><W43/><G43/><T28/><D28/><U17/><E17/><V68/><F68/><W92/><G92/><AGARI ba="0,2" hai="2,3,19,21,27,50,53,59,76,81,85,92,98,101" machi="92" ten="30,3900,0" yaku="1,1,7,1,52,1,53,0" doraHai="72" doraHaiUra="126" who="1" fromWho="3" sc="250,0,240,59,250,0,240,-39" /><INIT seed="1,0,0,5,1,132" ten="250,299,250,201" oya="1" hai0="11,73,5,85,94,76,28,68,127,126,7,30,116" hai1="20,104,87,122,106,13,38,45,93,82,119,74,77" hai2="105,88,58,114,48,123,22,100,121,14,46,101,133" hai3="79,23,129,56,29,86,19,64,4,107,12,83,50"/><U115/><E38/><V40/><F133/><W118/><G129/><T124/><D116/><U44/><E20/><V54/><F114/><W69/><G107/><N who="1" m="41002" /><E13/><V81/><F105/><W41/><G118/><T65/><D73/><U84/><E44/><V10/><F22/><W102/><G102/><T62/><D5/><U49/><E49/><V66/><F66/><W43/><G69/><T25/><D25/><U2/><E45/><V67/><F67/><W75/><G75/><T17/><D17/><U108/><E2/><V135/><F135/><W130/><G130/><T63/><D63/><U97/><E119/><V80/><F80/><W103/><G103/><T71/><D71/><U1/><E1/><V24/><F24/><W8/><G29/><T61/><D61/><U0/><E0/><V131/><F131/><W98/><G98/><T90/><D76/><U31/><E31/><V91/><F91/><W111/><G111/><T70/><D70/><U125/><E115/><V60/><F123/><W15/><REACH who="3" step="1"/><G64/><REACH who="3" ten="250,299,250,191" step="2"/><T39/><D39/><U53/><E108/><V36/><F121/><W52/><AGARI ba="0,1" hai="4,8,12,15,19,23,41,43,50,52,56,79,83,86" machi="52" ten="30,8000,1" yaku="1,1,2,1,0,1,8,1,54,1,53,0" doraHai="132" doraHaiUra="33" who="3" fromWho="3" sc="250,-20,299,-40,250,-20,191,90" /><INIT seed="2,0,0,2,0,62" ten="230,259,230,281" oya="2" hai0="19,28,30,34,54,95,72,16,126,58,51,129,80" hai1="22,81,32,12,70,125,74,84,122,33,8,10,29" hai2="107,99,55,60,98,61,3,59,82,27,114,92,85" hai3="71,101,66,119,39,41,75,35,68,73,40,86,111"/><V9/><F114/><W130/><G119/><T25/><D129/><U65/><E74/><V123/><F123/><W88/><G35/><T26/><D126/><U47/><E125/><V7/><F107/><W132/><G101/><T18/><D95/><U53/><E122/><V77/><F27/><W2/><G2/><T14/><D80/><U48/><E22/><V91/><REACH who="2" step="1"/><F61/><REACH who="2" ten="230,259,220,281" step="2"/><W4/><G130/><T23/><REACH who="0" step="1"/><D72/><AGARI ba="0,1" hai="3,7,9,55,59,60,72,77,82,85,91,92,98,99" machi="72" ten="30,11600,0" yaku="1,1,2,1,7,1,53,1" doraHai="62" doraHaiUra="79" who="2" fromWho="0" sc="230,-116,259,0,220,126,281,0" /><INIT seed="2,1,0,2,4,120" ten="114,259,346,281" oya="2" hai0="24,21,125,50,103,79,12,130,62,1,66,109,77" hai1="84,51,126,88,94,115,46,49,101,107,45,86,85" hai2="78,81,56,36,61,97,90,58,118,54,65,131,67" hai3="82,69,17,95,18,73,20,11,122,34,8,38,25"/><V102/><F118/><W9/><G69/><T96/><D1/><U121/><E126/><V48/><F131/><W26/><G38/><T2/><D2/><U43/><E115/><V37/><F90/><W128/><G95/><T44/><D125/><U87/><E121/><V6/><F6/><W129/><G82/><T7/><D130/><N who="3" m="50281" /><G73/><T10/><D109/><U114/><E114/><V72/><REACH who="2" step="1"/><F65/><REACH who="2" ten="114,259,336,281" step="2"/><W100/><G100/><T75/><D75/><U14/><E101/><V117/><F117/><W105/><G122/><T40/><D66/><U15/><REACH who="1" step="1"/><E107/><AGARI ba="1,1" hai="36,37,48,54,56,58,61,67,72,78,81,97,102,107" machi="107" ten="30,11600,0" yaku="1,1,7,1,53,2" doraHai="120" doraHaiUra="68" who="2" fromWho="1" sc="114,0,259,-119,336,129,281,0" /><INIT seed="2,2,0,2,0,79" ten="114,140,465,281" oya="2" hai0="12,91,100,69,30,26,84,37,132,73,63,47,95" hai1="97,3,129,110,103,134,68,41,87,120,56,28,49" hai2="123,83,15,131,65,8,51,119,52,20,109,1,55" hai3="0,80,102,35,112,92,9,105,98,59,48,101,96"/><V113/><F119/><W122/><G35/><T25/><D132/><U34/><E68/><V38/><F38/><W104/><G122/><T118/><D118/><U99/><E110/><V117/><F117/><W50/><G112/><T27/><D73/><U90/><E134/><V86/><F113/><W22/><G92/><T4/><D100/><U53/><E3/><V70/><F123/><W39/><G39/><T45/><D37/><U2/><E2/><V10/><F1/><W135/><G135/><T81/><D30/><U13/><E129/><V128/><F65/><W82/><G22/><T64/><REACH who="0" step="1"/><D95/><REACH who="0" ten="104,140,465,281" step="2"/><U7/><E120/><V78/><F109/><W6/><G102/><T11/><AGARI ba="2,1" hai="4,11,12,25,26,27,45,47,63,64,69,81,84,91" machi="11" ten="30,8000,1" yaku="1,1,2,1,0,1,52,1,53,1" doraHai="79" doraHaiUra="62" who="0" fromWho="0" sc="104,96,140,-22,465,-42,281,-22" /><INIT seed="3,0,0,5,1,33" ten="200,118,423,259" oya="3" hai0="109,72,111,105,28,12,35,93,51,47,96,32,50" hai1="85,88,103,18,54,40,70,86,45,123,122,110,95" hai2="24,126,94,63,76,124,112,113,90,41,117,1,131" hai3="125,101,26,56,120,31,106,8,116,62,114,42,97"/><W129/><G114/><T69/><D72/><U74/><E110/><N who="0" m="41993" /><D69/><U115/><E115/><V119/><F1/><W36/><G125/><N who="2" m="48233" /><F41/><W89/><G129/><T128/><D105/><U61/><E74/><V27/><F131/><W46/><G120/><T44/><D12/><U91/><E103/><V83/><F63/><W121/><G116/><N who="2" m="44617" /><F112/><W87/><G121/><T73/><D73/><U77/><E77/><V34/><F34/><N who="0" m="12842" /><D28/><U21/><E54/><V92/><F113/><W23/><G8/><T3/><D3/><U68/><E61/><V39/><F39/><W132/><G132/><T84/><D84/><U78/><E78/><V55/><F55/><W7/><G7/><T19/><D19/><U67/><E67/><V58/><F58/><W15/><G15/><T53/><D128/><U99/><E123/><V17/><F17/><W16/><G16/><T59/><D50/><U11/><E122/><V100/><F100/><AGARI ba="0,0" hai="44,47,51,53,59,93,96,100" m="12842,41993" machi="100" ten="30,1000,0" yaku="14,1" doraHai="33" who="0" fromWho="2" sc="200,10,118,0,423,-10,259,0" owari="210,-19.0,118,-38.2,413,51.3,259,5.9" /></mjloggm>