<mjloggm ver="2.3"><GO type="225" lobby="0"/><UN n0="%E8%BE%9B%E5%8F%A3%E3%82%AB%E3%83%AC%E3%83%BC%E3%83%A9%E3%82%A4%E3%82%B9" n1="%6D%75%75%6D%75%72%61" n2="%72%61%6B%33" n3="%E7%AC%B9%E9%A4%85" dan="16,16,17,16" rate="2178.74,2169.50,2268.83,2171.68" sx="M,F,M,M"/><TAIKYOKU oya="0"/><INIT seed="0,0,0,5,3,29" ten="250,250,250,250" oya="0" hai0="123,135,28,61,42,25,74,89,131,68,27,71,56" hai1="46,93,81,117,119,55,99,82,109,45,21,106,22" hai2="102,103,26,86,79,75,49,85,67,113,23,0,91" hai3="83,8,66,134,100,120,88,3,41,10,33,5,17"/><T107/><D123/><U36/><E106/><V92/><F113/><W80/><G33/><T76/><D107/><U38/><E109/><V95/><F0/><W16/><G120/><T32/><D135/><U105/><E105/><V115/><F115/><W7/><G134/><T125/><D125/><U87/><E87/><V96/><F67/><W98/><G41/><T30/><D131/><U94/><REACH who="1" step="1"/><E55/><REACH who="1" ten="250,240,250,250" step="2"/><V111/><F111/><W72/><G72/><T60/><D42/><U31/><E31/><V69/><F75/><W9/><G66/><T126/><D126/><U53/><E53/><V65/><F85/><W19/><G100/><T58/><D74/><U35/><E35/><V47/><F103/><W44/><G44/><T118/><D118/><U43/><E43/><V112/><F65/><W129/><G129/><T114/><D114/><U122/><E122/><V11/><F112/><W130/><G130/><T50/><D32/><U78/><E78/><V51/><F79/><W34/><G34/><T1/><D76/><U59/><E59/><V73/><F73/><W77/><G77/><T132/><D132/><U15/><E15/><V39/><F47/><W52/><G52/><T48/><D89/><U20/><E20/><V97/><F102/><W62/><G3/><AGARI ba="0,1" hai="1,3,25,27,28,30,48,50,56,58,60,61,68,71" machi="3" ten="25,2400,0" yaku="22,2" doraHai="29" who="0" fromWho="3" sc="250,34,240,0,250,0,250,-24" /><INIT seed="0,1,0,5,4,29" ten="284,240,250,226" oya="0" hai0="80,86,37,91,112,62,131,6,13,55,42,68,100" hai1="123,72,108,74,69,54,64,30,103,88,102,135,121" hai2="104,82,133,35,15,130,58,19,120,31,11,22,95" hai3="128,127,17,32,18,34,28,83,118,44,89,124,85"/><T116/><D112/><U98/><E108/><V60/><F104/><W129/><G118/><T94/><D116/><U33/><E135/><V99/><F133/><W96/><G44/><T122/><D122/><U7/><E7/><V119/><F130/><N who="3" m="50283" /><G96/><T87/><D131/><U84/><E54/><V51/><F119/><W53/><G53/><T25/><D37/><U36/><E36/><V46/><F120/><W76/><G76/><T27/><D42/><U57/><E57/><V50/><F82/><W67/><G67/><T5/><D100/><U105/><E103/><V14/><F46/><W4/><G4/><N who="0" m="1643" /><D68/><U16/><E16/><N who="3" m="6250" /><G28/><T21/><D13/><U90/><E123/><V45/><F45/><W126/><AGARI ba="1,0" hai="32,34,83,85,89,124,126,127" m="6250,50283" machi="126" ten="40,8000,1" yaku="18,1,19,1,52,2,54,1" doraHai="29" who="3" fromWho="3" sc="284,-41,240,-21,250,-21,226,83" /><INIT seed="1,0,0,0,3,132" ten="243,219,229,309" oya="1" hai0="127,30,28,77,34,104,131,57,25,11,1,84,125" hai1="91,37,53,109,42,74,130,97,54,26,88,86,81" hai2="44,71,103,129,64,24,33,126,89,66,19,135,14" hai3="20,80,95,78,115,43,65,18,6,15,112,123,90"/><U51/><E130/><V93/><F135/><W29/><G123/><T22/><D104/><U41/><E37/><V55/><F126/><N who="0" m="48138" /><D131/><U13/><E74/><V94/><F129/><W32/><G6/><N who="0" m="1487" /><D57/><U70/><E70/><V12/><F33/><W10/><G32/><T101/><D101/><U61/><E109/><V35/><F35/><W120/><G120/><T106/><D106/><U59/><E26/><V0/><F24/><W133/><G133/><T128/><D128/><U52/><E13/><V68/><F0/><W56/><G15/><T113/><D113/><U62/><E62/><V107/><F107/><W60/><G60/><T82/><D34/><U72/><E72/><V87/><F68/><W4/><G56/><T7/><D7/><U3/><E3/><V36/><F71/><W21/><G4/><T16/><AGARI ba="0,0" hai="16,22,25,28,30,77,82,84" m="1487,48138" machi="16" ten="30,8000,1" yaku="18,1,52,3,54,1" doraHai="132" who="0" fromWho="0" sc="243,80,219,-40,229,-20,309,-20" /><INIT seed="2,0,0,0,5,32" ten="323,179,209,289" oya="2" hai0="56,39,51,125,135,98,36,53,63,71,87,104,9" hai1="105,16,100,128,42,118,67,132,59,97,91,21,62" hai2="14,93,11,20,116,107,54,65,122,124,126,17,7" hai3="99,27,117,58,102,30,47,129,31,69,130,108,81"/><V119/><F107/><W33/><G117/><N who="2" m="45129" /><F65/><W134/><G134/><T41/><D135/><U84/><E118/><V92/><F54/><W79/><G69/><T76/><D125/><N who="2" m="48234" /><F122/><W40/><G30/><T4/><D104/><U77/><E132/><V103/><F103/><W120/><G108/><T29/><D29/><U114/><E128/><V19/><F19/><W2/><G58/><T23/><D98/><U106/><E106/><V52/><F52/><W68/><G68/><T112/><D53/><U82/><E114/><V80/><F80/><W0/><G120/><T6/><D56/><U66/><E66/><V45/><F45/><W131/><G99/><T110/><D112/><U60/><E60/><V113/><F113/><W28/><G28/><T64/><D63/><U43/><REACH who="1" step="1"/><E91/><REACH who="1" ten="323,169,209,289" step="2"/><V90/><F90/><W95/><G102/><T46/><D64/><U49/><E49/><V73/><F73/><N who="3" m="43247" /><G95/><T34/><D51/><AGARI ba="0,1" hai="0,2,27,31,33,40,47,51,129,130,131" m="43247" machi="51" ten="30,3900,0" yaku="19,1,52,2" doraHai="32" who="3" fromWho="0" sc="323,-39,169,0,209,0,289,49" /><INIT seed="3,0,0,5,3,57" ten="284,169,209,338" oya="3" hai0="119,31,108,111,0,117,21,106,44,1,76,28,84" hai1="71,36,58,101,5,85,16,121,55,54,23,130,132" hai2="35,53,87,88,39,127,40,96,105,11,64,131,59" hai3="70,89,43,120,6,10,81,78,128,2,114,110,20"/><W12/><G114/><T60/><D106/><U125/><E71/><V25/><F127/><W118/><G118/><N who="0" m="45067" /><D76/><U8/><E121/><V113/><F131/><W4/><G70/><T134/><D84/><U103/><E125/><V33/><F113/><W99/><G128/><T116/><D44/><U74/><E74/><V77/><F77/><W135/><G99/><T17/><D60/><N who="1" m="35927" /><E36/><V129/><F129/><W122/><G89/><T90/><D90/><U32/><E32/><V123/><F123/><W79/><G81/><T109/><N who="0" m="45075" /><T30/><DORA hai="75" /><D134/><U67/><E130/><V68/><F68/><W98/><G98/><T41/><D41/><U45/><E132/><V93/><F39/><W19/><G43/><T69/><D69/><U63/><E85/><V115/><F40/><W42/><G42/><T56/><D56/><N who="1" m="37351" /><E5/><V14/><F115/><W95/><G135/><T47/><D47/><U94/><E8/><V92/><F105/><W49/><G122/><T86/><D86/><U52/><E94/><V27/><F64/><W13/><G95/><T97/><D97/><U38/><E38/><V104/><F104/><W62/><G120/><T133/><D133/><U112/><E112/><V100/><F33/><W22/><G79/><T73/><D73/><U24/><E55/><V46/><F35/><W61/><G78/><T50/><D50/><AGARI ba="0,0" hai="16,23,24,45,50,52,101,103" m="37351,35927" machi="50" ten="30,8000,1" yaku="8,1,52,2,54,2" doraHai="57,75" who="1" fromWho="0" sc="284,-80,169,80,209,0,338,0" owari="204,-29.6,249,4.9,209,-19.1,338,43.8" /></mjloggm>