<mjloggm ver="2.3"><GO type="225" lobby="0"/><UN n0="%E3%82%BF%E3%83%BC%E3%83%90%E3%83%B3%E9%87%8E%E5%8F%A3" n1="%E3%82%B2%E3%82%B9%E8%8C%82%E5%8B%9D" n2="%E3%82%82%E3%82%93%E3%81%8D%E3%82%93%E3%81%90" n3="%E3%83%97%E3%83%92" dan="16,16,16,16" rate="2136.14,2134.30,2078.17,2158.48" sx="M,F,M,M"/><TAIKYOKU oya="0"/><INIT seed="0,0,0,1,1,114" ten="250,250,250,250" oya="0" hai0="43,104,5,116,122,101,26,123,11,133,106,28,132" hai1="45,34,73,102,94,53,78,110,109,82,113,84,24" hai2="65,63,69,21,51,74,86,55,1,50,40,108,129" hai3="6,9,75,48,97,67,68,93,22,96,128,52,92"/><T60/><D43/><U81/><E113/><V64/><F74/><W36/><G36/><T111/><D60/><U127/><E127/><V2/><F108/><N who="1" m="41577" /><E45/><V99/><F129/><W88/><G75/><T29/><D111/><U124/><E53/><V58/><F65/><W33/><G33/><N who="0" m="20631" /><D101/><U56/><E56/><V57/><F86/><W61/><G128/><T91/><D91/><N who="1" m="51599" /><E24/><V18/><F99/><W125/><G22/><T25/><D104/><U134/><E34/><V103/><F103/><W37/><G37/><T41/><D41/><U121/><E124/><V80/><F40/><W135/><G125/><T23/><D106/><U112/><E112/><V31/><F69/><W42/><G42/><T54/><D54/><U76/><E76/><V79/><F79/><W20/><G20/><T8/><D116/><U35/><E35/><V95/><F55/><W13/><G52/><T119/><D119/><U49/><E49/><V59/><F51/><W126/><G126/><T87/><D87/><U27/><E27/><V107/><F50/><W39/><G48/><T0/><D8/><U118/><E118/><V10/><F10/><W72/><G39/><T115/><D115/><U70/><E70/><V44/><F44/><W15/><G68/><T117/><D117/><U12/><E121/><AGARI ba="0,0" hai="0,5,11,23,25,29,121,122,123,132,133" m="20631" machi="121" ten="30,2900,0" yaku="34,2" doraHai="114" who="0" fromWho="1" sc="250,29,250,-29,250,0,250,0" /><INIT seed="0,1,0,0,0,43" ten="279,221,250,250" oya="0" hai0="6,114,74,19,113,80,35,135,99,26,110,107,131" hai1="61,98,82,88,112,123,63,4,102,134,76,47,133" hai2="49,104,125,97,62,45,14,69,117,93,71,103,33" hai3="84,116,111,85,50,67,121,55,78,41,38,48,34"/><T127/><D135/><N who="1" m="51723" /><E123/><V32/><F125/><W46/><G116/><T3/><D127/><U65/><E112/><V101/><F117/><W21/><G121/><T11/><D131/><U31/><E4/><V42/><F101/><W128/><G34/><T28/><D110/><U9/><E9/><V29/><F33/><W51/><G128/><T108/><D108/><U100/><E31/><V79/><F79/><W57/><G111/><T92/><D19/><U59/><E61/><V72/><F72/><W7/><G67/><T77/><REACH who="0" step="1"/><D107/><REACH who="0" ten="269,221,250,250" step="2"/><U95/><E47/><V119/><F104/><W37/><G7/><T91/><AGARI ba="1,1" hai="3,6,11,26,28,35,74,77,80,91,92,99,113,114" machi="91" ten="20,7800,0" yaku="1,1,2,1,0,1,7,1,53,0" doraHai="43" doraHaiUra="66" who="0" fromWho="0" sc="269,91,221,-27,250,-27,250,-27" /><INIT seed="0,2,0,4,4,71" ten="360,194,223,223" oya="0" hai0="87,28,72,34,59,49,38,93,26,125,124,21,37" hai1="78,83,23,129,104,14,99,56,74,66,10,45,131" hai2="69,127,95,0,108,44,58,126,55,13,68,17,110" hai3="92,11,48,118,16,119,106,112,134,51,96,67,79"/><T90/><D72/><U120/><E120/><V19/><F0/><W122/><G112/><T39/><D49/><U47/><E23/><V130/><F95/><W29/><G106/><T115/><D115/><U31/><E31/><V6/><F6/><W105/><G105/><T70/><D70/><U81/><E81/><V57/><F44/><W107/><G107/><T94/><D59/><U62/><E99/><V20/><F130/><N who="1" m="49673" /><E104/><V114/><F114/><W35/><G29/><T88/><REACH who="0" step="1"/><D34/><REACH who="0" ten="350,194,223,223" step="2"/><U100/><E47/><V97/><F69/><W25/><G35/><T77/><D77/><U84/><E45/><V53/><F68/><W50/><G79/><T109/><D109/><U7/><E100/><V5/><F58/><W18/><G50/><T36/><N who="0" m="9216" /><DORA hai="27" /><T8/><D8/><U123/><E123/><V15/><F57/><W43/><G51/><T65/><D65/><U60/><E62/><V116/><F108/><W32/><G48/><T30/><D30/><U91/><E91/><V76/><F76/><W135/><G122/><T98/><AGARI ba="2,1" hai="21,26,28,87,88,90,93,94,98,124,125" m="9216" machi="98" ten="60,24000,3" yaku="1,1,0,1,52,5,54,1,53,2" doraHai="71,27" doraHaiUra="133,63" who="0" fromWho="0" sc="350,256,194,-82,223,-82,223,-82" /><INIT seed="0,3,0,4,4,81" ten="606,112,141,141" oya="0" hai0="101,52,55,2,21,56,134,15,99,121,37,58,25" hai1="119,113,76,22,129,11,71,104,108,92,109,43,130" hai2="77,20,132,96,123,41,28,83,47,93,60,133,39" hai3="82,120,126,64,68,87,33,116,62,23,51,18,13"/><T98/><D37/><U6/><E104/><V75/><F123/><W105/><G120/><T57/><D2/><U80/><E119/><V14/><F60/><W89/><G116/><T49/><D121/><U100/><E71/><V16/><REACH who="2" step="1"/><F28/><REACH who="2" ten="606,112,131,141" step="2"/><W59/><G126/><T65/><D134/><U48/><E113/><V117/><F117/><W32/><REACH who="3" step="1"/><G105/><REACH who="3" ten="606,112,131,131" step="2"/><T38/><D65/><U5/><E129/><V30/><F30/><W97/><G97/><T24/><D99/><U0/><E130/><V40/><F40/><W27/><G27/><T7/><D24/><U88/><E108/><V102/><AGARI ba="3,2" hai="14,16,20,39,41,47,75,77,83,93,96,102,132,133" machi="102" ten="30,7900,0" yaku="1,1,0,1,54,1,53,1" doraHai="81" doraHaiUra="73" who="2" fromWho="2" sc="606,-42,112,-23,131,108,131,-23" /><INIT seed="1,0,0,1,4,132" ten="564,89,239,108" oya="1" hai0="89,103,128,21,114,93,19,32,134,75,24,39,5" hai1="33,110,125,90,51,50,53,115,17,49,2,7,131" hai2="82,13,105,43,121,96,101,41,27,83,4,86,109" hai3="38,129,104,55,26,16,92,15,14,31,102,124,34"/><U73/><E115/><V28/><F121/><W11/><G129/><T97/><D114/><U95/><E73/><V52/><F109/><W3/><G38/><T57/><D134/><U59/><E110/><V135/><F83/><W46/><G104/><T6/><D39/><U9/><E131/><V70/><F70/><W65/><G65/><T111/><D111/><U48/><E33/><V29/><F29/><W72/><G72/><T56/><D75/><U37/><E37/><V22/><F135/><W122/><G122/><T112/><D112/><U71/><E71/><V66/><F66/><W123/><G123/><T99/><D32/><U10/><E125/><V120/><F120/><W0/><G124/><T42/><D42/><U69/><E69/><V126/><F126/><W8/><G92/><N who="0" m="58791" /><D128/><U108/><E108/><V35/><F35/><W61/><G102/><T133/><D133/><U79/><E79/><V116/><F116/><W1/><G61/><T12/><D12/><U54/><E10/><V113/><F113/><W45/><REACH who="3" step="1"/><G55/><REACH who="3" ten="564,89,239,98" step="2"/><T81/><D81/><U80/><E53/><V100/><F101/><W98/><G98/><T130/><D130/><U25/><E51/><V76/><F52/><W63/><G63/><T91/><D91/><U62/><E48/><V78/><F76/><W84/><G84/><T47/><D47/><U68/><E49/><V74/><F74/><W36/><G36/><T58/><AGARI ba="0,1" hai="5,6,19,21,24,56,57,58,89,93,99" m="58791" machi="58" ten="30,1100,0" yaku="8,1" doraHai="132" who="0" fromWho="0" sc="564,21,89,-5,239,-3,98,-3" /><INIT seed="2,0,0,0,5,70" ten="585,84,236,95" oya="2" hai0="41,82,50,65,34,38,98,78,22,76,103,52,27" hai1="37,2,122,117,119,131,55,42,135,100,51,8,105" hai2="96,94,26,87,81,6,116,61,64,35,54,4,77" hai3="33,114,95,118,40,111,121,99,14,109,56,36,59"/><V46/><F116/><W49/><G118/><T47/><D65/><U88/><E122/><V120/><F120/><W125/><G121/><T7/><D34/><U44/><E135/><V68/><F35/><W85/><G33/><T102/><D7/><U133/><E133/><V80/><F80/><W63/><G125/><T9/><D9/><U58/><E131/><V110/><F110/><W73/><G73/><T124/><D124/><U69/><E69/><V23/><F54/><N who="3" m="31823" /><G114/><T29/><D98/><U134/><E134/><V32/><F32/><W17/><G40/><T3/><D3/><U18/><E100/><V53/><F53/><N who="3" m="34287" /><G36/><T43/><D43/><U0/><E105/><V93/><F46/><W10/><G111/><T67/><D67/><U106/><E106/><V31/><REACH who="2" step="1"/><F93/><REACH who="2" ten="585,84,226,95" step="2"/><W60/><G109/><T28/><D82/><U123/><E123/><V25/><F25/><W90/><G60/><T12/><D27/><U91/><E117/><V13/><F13/><W101/><G101/><AGARI ba="0,1" hai="4,6,23,26,31,61,64,68,77,81,87,94,96,101" machi="101" ten="30,5800,0" yaku="1,1,7,1,53,1" doraHai="70" doraHaiUra="92" who="2" fromWho="3" sc="585,0,84,0,226,68,95,-58" /><INIT seed="2,1,0,4,3,116" ten="585,84,294,37" oya="2" hai0="28,6,74,128,9,36,56,17,57,2,102,41,5" hai1="100,32,67,73,107,53,47,71,117,66,93,124,78" hai2="61,127,33,22,65,131,77,110,86,106,35,79,3" hai3="91,130,26,18,30,69,13,40,101,50,94,19,29"/><V8/><F106/><W104/><G130/><T129/><D74/><U114/><E117/><V111/><F131/><N who="0" m="50250" /><D28/><U122/><E114/><V82/><F79/><W0/><G69/><T58/><D102/><U125/><E107/><V1/><F127/><N who="1" m="48713" /><E32/><N who="2" m="12363" /><F22/><N who="3" m="13663" /><G0/><N who="0" m="167" /><D17/><U81/><E71/><N who="2" m="42415" /><F8/><N who="3" m="6439" /><G101/><T121/><D121/><U108/><E108/><AGARI ba="1,0" hai="1,3,77,82,86,108,110,111" m="42415,12363" machi="108" ten="30,2900,0" yaku="14,1,10,1" doraHai="116" who="2" fromWho="1" sc="585,0,84,-32,294,32,37,0" /><INIT seed="2,2,0,1,2,18" ten="585,52,326,37" oya="2" hai0="21,30,94,92,20,99,110,128,40,103,119,13,24" hai1="33,135,3,54,97,67,11,55,89,64,58,43,38" hai2="23,59,78,69,27,71,62,86,45,57,130,50,68" hai3="2,101,72,82,39,91,9,37,0,118,17,95,90"/><V106/><F106/><W29/><G118/><T75/><D75/><U84/><E135/><V70/><F130/><W6/><G0/><T1/><D128/><U12/><E3/><V5/><F5/><W31/><G101/><T113/><D113/><U25/><E97/><V114/><F114/><W22/><G37/><T16/><D1/><U66/><E38/><V109/><F78/><W100/><G39/><T123/><D123/><U133/><E133/><V117/><F117/><W107/><G107/><T76/><D119/><U134/><E134/><V51/><F86/><W105/><G105/><T124/><D110/><U121/><E43/><V120/><F120/><W41/><G41/><T34/><D124/><U111/><E111/><V36/><F109/><W15/><G100/><T14/><D40/><U116/><E116/><V60/><F36/><W49/><G49/><T32/><D76/><U8/><E121/><V77/><F77/><W52/><G52/><T96/><D13/><U4/><E8/><V129/><F129/><W122/><G122/><T56/><D56/><U126/><E58/><V131/><F131/><W42/><G42/><T47/><D47/><U7/><E4/><V132/><F132/><W80/><G72/><T81/><REACH who="0" step="1"/><D81/><REACH who="0" ten="575,52,326,37" step="2"/><N who="1" m="49295" /><E126/><V104/><F70/><W102/><G82/><T48/><D48/><N who="2" m="18474" /><F45/><W108/><G108/><T125/><D125/><U44/><E44/><V88/><F59/><W28/><REACH who="3" step="1"/><G80/><REACH who="3" ten="575,52,326,27" step="2"/><T127/><D127/><U85/><E54/><V46/><F46/><W74/><G74/><T112/><D112/><U26/><E55/><V83/><F83/><RYUUKYOKU ba="2,2" sc="575,15,52,-15,326,-15,27,15" hai0="14,16,20,21,24,30,32,34,92,94,96,99,103" hai3="2,6,9,15,17,22,28,29,31,90,91,95,102" /><INIT seed="3,3,2,2,0,61" ten="590,37,311,42" oya="3" hai0="22,44,122,14,9,67,51,111,46,39,10,123,116" hai1="35,109,73,18,50,52,6,126,30,118,26,121,5" hai2="95,28,36,88,93,1,127,100,65,82,31,47,54" hai3="27,0,128,130,16,20,45,83,96,7,41,80,107"/><W131/><G0/><T94/><D116/><U11/><E121/><V34/><F1/><W63/><G7/><T91/><D111/><U84/><E73/><V85/><F34/><W37/><G63/><T59/><D39/><U43/><E109/><V38/><F38/><W89/><G89/><T48/><D22/><U125/><E43/><V2/><F36/><W101/><AGARI ba="3,2" hai="16,20,27,37,41,45,80,83,96,101,107,128,130,131" machi="101" ten="40,7800,0" yaku="0,1,19,1,54,1" doraHai="61" who="3" fromWho="3" sc="590,-29,37,-29,311,-29,42,107" /><INIT seed="3,4,0,5,4,57" ten="561,8,282,149" oya="3" hai0="115,93,48,87,17,33,23,104,114,94,64,54,107" hai1="26,44,31,77,62,43,3,2,20,9,0,75,133" hai2="34,19,112,102,80,68,131,5,110,103,89,21,1" hai3="32,41,86,126,71,12,16,98,67,128,28,46,70"/><W55/><G126/><T76/><D33/><U14/><E62/><V132/><F68/><W10/><G128/><T127/><D64/><U56/><E56/><V106/><F34/><W117/><G117/><T69/><D69/><U50/><E75/><V79/><F89/><W101/><G86/><T13/><D127/><U116/><E77/><V40/><F106/><N who="0" m="40490" /><D76/><U78/><E78/><V35/><F35/><W109/><G109/><T49/><D87/><U36/><E50/><N who="0" m="19561" /><D54/><U81/><E81/><V122/><F112/><AGARI ba="4,0" hai="13,17,23,93,94,112,114,115" m="19561,40490" machi="112" ten="30,1000,0" yaku="11,1" doraHai="57" who="0" fromWho="2" sc="561,22,8,0,282,-22,149,0" owari="583,68.3,8,-49.2,260,6.0,149,-25.1" /></mjloggm>