<mjloggm ver="2.3"><GO type="225" lobby="0"/><UN n0="%E6%B0%B7%E5%B7%9D%E9%87%8C%E5%A5%88" n1="%E3%81%AF%E3%82%88%E3%81%8A%E3%81%98%E3%81%95%E3%82%93" n2="%E3%81%BF%E3%81%BF%E3%81%9A" n3="%E5%8F%AF%E5%85%90%E9%82%A3%E7%94%B1%E5%A4%9A" dan="16,17,16,17" rate="2122.02,2166.08,2145.76,2226.03" sx="F,M,M,F"/><TAIKYOKU oya="0"/><INIT seed="0,0,0,0,0,123" ten="250,250,250,250" oya="0" hai0="80,43,44,132,69,105,37,5,114,112,133,88,61" hai1="29,126,53,13,39,48,95,84,32,1,40,131,119" hai2="135,55,42,36,122,2,3,28,100,57,52,94,8" hai3="70,0,115,34,96,76,110,120,72,49,4,77,93"/><T118/><D118/><U63/><E1/><V113/><F122/><W134/><G120/><T66/><D105/><U81/><E119/><V10/><F113/><W121/><G121/><T101/><D101/><U47/><E126/><V83/><F28/><W89/><G115/><T91/><D5/><U68/><E131/><V38/><F83/><W21/><G34/><T17/><D17/><U20/><E32/><V54/><F57/><W58/><G70/><T64/><D91/><U107/><E107/><V128/><F128/><W78/><G134/><N who="0" m="51819" /><D66/><U87/><E95/><V30/><F30/><W97/><G72/><T98/><D98/><U127/><E127/><V103/><F135/><W65/><G97/><T85/><AGARI ba="0,0" hai="37,43,44,61,64,69,80,85,88,112,114" m="51819" machi="85" ten="30,3000,0" yaku="20,1,54,1" doraHai="123" who="0" fromWho="0" sc="250,30,250,-10,250,-10,250,-10" /><INIT seed="0,1,0,2,1,26" ten="280,240,240,240" oya="0" hai0="101,84,39,15,62,5,89,132,83,135,46,79,68" hai1="100,2,20,41,91,22,57,24,103,29,106,126,117" hai2="118,13,114,54,111,21,102,65,51,93,50,109,3" hai3="110,85,98,48,66,97,86,71,36,30,11,27,6"/><T95/><D101/><U61/><E117/><V69/><F3/><W35/><G36/><T125/><D125/><U77/><E2/><V94/><F114/><W105/><G110/><N who="2" m="41993" /><F118/><W119/><G119/><T47/><D5/><U82/><E126/><V52/><F65/><W43/><G43/><T129/><D15/><U60/><E41/><V90/><F69/><W115/><G115/><T7/><D7/><U37/><E37/><V17/><F102/><N who="3" m="62671" /><G48/><N who="2" m="18473" /><F94/><W55/><G55/><T18/><D129/><U120/><E120/><V8/><F8/><W45/><G45/><T134/><D18/><U25/><E60/><V88/><F90/><W73/><G73/><N who="0" m="43503" /><D39/><U67/><E91/><V58/><F58/><W23/><G23/><T1/><D1/><U123/><E106/><V0/><F0/><W28/><G11/><T96/><D96/><AGARI ba="1,0" hai="13,17,21,52,54,88,93,96" m="18473,41993" machi="96" ten="30,3900,0" yaku="14,1,54,2" doraHai="26" who="2" fromWho="0" sc="280,-42,240,0,240,42,240,0" /><INIT seed="1,0,0,2,4,132" ten="238,240,282,240" oya="1" hai0="117,110,88,37,33,131,48,125,124,113,63,36,49" hai1="87,102,38,27,93,57,69,82,12,78,120,80,25" hai2="22,4,55,89,54,123,96,111,99,90,31,64,97" hai3="72,100,122,126,135,20,45,7,51,59,106,67,66"/><U74/><E120/><V18/><F123/><W73/><G122/><T92/><D113/><U11/><E69/><V71/><F111/><W47/><G135/><T2/><D117/><U15/><E38/><V118/><F118/><W91/><G7/><T129/><D33/><U61/><E15/><V114/><F114/><W112/><G112/><T58/><D2/><U0/><E0/><V128/><F128/><N who="0" m="49226" /><D110/><U14/><E12/><V121/><F121/><W104/><G91/><T10/><D10/><U119/><E119/><V75/><F75/><W39/><G20/><T130/><N who="0" m="49234" /><T76/><DORA hai="101" /><D76/><U42/><E42/><V98/><F4/><W62/><G100/><T3/><D3/><U53/><E82/><V28/><F64/><W94/><G94/><T127/><D37/><U13/><E13/><N who="2" m="9551" /><F71/><W34/><G34/><T81/><D81/><U9/><E9/><V52/><N who="2" m="24576" /><DORA hai="5" /><V56/><F56/><W134/><G134/><T133/><D36/><U32/><E32/><V43/><F43/><W85/><G39/><T46/><D46/><U77/><E102/><V21/><F21/><W108/><G45/><T29/><D29/><AGARI ba="0,0" hai="28,29,31,52,54,55,89,90" m="24576,9551" machi="29" ten="50,3200,0" yaku="8,1,54,1" doraHai="132,101,5" who="2" fromWho="0" sc="238,-32,240,0,282,32,240,0" /><INIT seed="2,0,0,4,3,30" ten="206,240,314,240" oya="2" hai0="11,115,50,44,47,92,93,89,33,53,116,120,78" hai1="98,90,35,6,28,14,2,76,31,24,13,34,95" hai2="80,67,134,54,3,117,79,41,12,101,70,75,132" hai3="81,86,25,43,61,126,36,39,131,66,56,21,68"/><V69/><F117/><W23/><G126/><T106/><D120/><U97/><E76/><V128/><F3/><W114/><G131/><T105/><D115/><U17/><E97/><V100/><F41/><W19/><G114/><T74/><D116/><U96/><E98/><V104/><F128/><W122/><G122/><T10/><D74/><U121/><E121/><V49/><F12/><W5/><G5/><T127/><D127/><U113/><E113/><V110/><F110/><W52/><G23/><T103/><D78/><U83/><E83/><V63/><F69/><W109/><G43/><T51/><D89/><U133/><E133/><N who="2" m="51307" /><F104/><W9/><G9/><T40/><D53/><U26/><E17/><V55/><F55/><W46/><G46/><AGARI ba="0,0" hai="46,49,54,63,67,70,75,79,80,100,101" m="51307" machi="46" ten="30,1500,0" yaku="20,1" doraHai="30" who="2" fromWho="3" sc="206,0,240,0,314,15,240,-15" /><INIT seed="2,1,0,2,0,52" ten="206,240,329,225" oya="2" hai0="36,33,126,120,69,47,78,122,5,58,130,88,8" hai1="89,107,24,92,28,98,134,26,55,4,17,62,71" hai2="87,48,40,6,135,76,13,91,7,125,22,114,60" hai3="23,0,129,53,46,106,82,72,109,84,21,31,117"/><V75/><F114/><W119/><G106/><T61/><D33/><U12/><E134/><V97/><F75/><W27/><G0/><T77/><D69/><U79/><E4/><V118/><F118/><W113/><G72/><T15/><D130/><U67/><E79/><V65/><F97/><W124/><G129/><T43/><D126/><U104/><E55/><V25/><F76/><W123/><G123/><T14/><D122/><U10/><REACH who="1" step="1"/><E24/><REACH who="1" ten="206,230,329,225" step="2"/><V56/><F135/><W38/><G117/><T99/><D120/><U100/><E100/><V37/><F125/><W128/><G119/><T32/><D15/><U81/><E81/><V116/><F116/><W96/><G124/><T85/><D32/><AGARI ba="1,1" hai="10,12,17,26,28,32,62,67,71,89,92,98,104,107" machi="32" ten="30,2000,0" yaku="1,1,7,1,53,0" doraHai="52" doraHaiUra="1" who="1" fromWho="0" sc="206,-23,230,33,329,0,225,0" /><INIT seed="3,0,0,0,1,7" ten="183,263,329,225" oya="3" hai0="91,78,77,31,15,93,11,17,24,90,69,101,51" hai1="61,107,68,88,27,37,79,38,65,118,124,105,100" hai2="53,46,3,60,62,129,56,67,49,18,59,122,71" hai3="109,36,81,44,14,28,117,102,110,72,119,16,87"/><W85/><G28/><T50/><D69/><U40/><E79/><V10/><F129/><W133/><G72/><T26/><D101/><U21/><E124/><V82/><F122/><W35/><G35/><T86/><D91/><U41/><E118/><V45/><F82/><W5/><G5/><T12/><D12/><U116/><E116/><V99/><F99/><W75/><G75/><T104/><D104/><U125/><E125/><V48/><F3/><W70/><G70/><T112/><D112/><U135/><E135/><V106/><F106/><W33/><G33/><T55/><D51/><U29/><E88/><V58/><F10/><N who="3" m="6231" /><G102/><T34/><REACH who="0" step="1"/><D26/><REACH who="0" ten="173,263,329,225" step="2"/><N who="1" m="16591" /><E100/><V39/><F39/><W94/><G119/><T8/><D8/><U97/><E27/><V80/><F71/><W89/><G117/><T96/><D96/><U1/><E97/><V2/><F2/><W126/><G126/><T92/><D92/><U6/><E38/><V32/><F48/><W0/><G0/><T114/><D114/><U123/><E37/><V13/><F49/><W30/><G36/><T20/><D20/><U83/><E105/><V98/><F13/><W73/><G94/><T4/><D4/><U47/><E6/><V131/><F98/><W134/><G89/><T42/><D42/><U95/><E40/><V22/><F22/><W74/><G134/><T84/><D84/><U113/><E95/><V121/><F32/><W25/><G87/><T66/><D66/><U127/><E107/><V128/><F67/><W115/><G133/><T120/><D120/><U76/><E123/><V19/><F121/><RYUUKYOKU ba="0,1" sc="173,30,263,-10,329,-10,225,-10" hai0="11,15,17,24,31,34,50,55,77,78,86,90,93" owari="203,-29.7,253,5.3,329,42.9,215,-18.5" /></mjloggm>