<mjloggm ver="2.3"><GO type="225" lobby="0"/><UN n0="%E3%81%9F%E3%81%93%E2%98%86%E7%84%BC%E3%81%8D" n1="%72%69%6F%75%63%68%61%6E" n2="%6D%75%75%6D%75%72%61" n3="%E3%81%99%E3%81%84%E3%81%BE%E3%81%9B%E3%83%BC%E3%82%93" dan="16,16,16,16" rate="2099.92,2211.04,2107.15,2137.86" sx="M,M,F,M"/><TAIKYOKU oya="0"/><INIT seed="0,0,0,1,2,88" ten="250,250,250,250" oya="0" hai0="56,36,135,74,59,83,92,95,21,40,127,8,35" hai1="110,47,22,108,67,33,73,57,124,96,50,26,58" hai2="106,114,17,84,126,27,78,72,10,134,13,91,89" hai3="86,128,41,65,34,129,64,42,7,53,12,109,90"/><T31/><D35/><U23/><E124/><V11/><F114/><W16/><G34/><T112/><D112/><U79/><E33/><V132/><F106/><W52/><G7/><T93/><D127/><U116/><E116/><V48/><F126/><W25/><G25/><N who="0" m="16815" /><D36/><U1/><E1/><V117/><F72/><W2/><G2/><T49/><D74/><U107/><E22/><N who="2" m="13775" /><F117/><W99/><G99/><T103/><D135/><N who="2" m="51754" /><F48/><W38/><G109/><N who="1" m="42090" /><E67/><N who="3" m="25674" /><G38/><T81/><D8/><N who="2" m="3114" /><F13/><W46/><G129/><T120/><D120/><U37/><E37/><V6/><F6/><W130/><G130/><T87/><D103/><N who="1" m="62951" /><E73/><V118/><F118/><W98/><G128/><T4/><D4/><U18/><E79/><V39/><F39/><W3/><G3/><T45/><D83/><AGARI ba="0,0" hai="78,83,84,89,91" m="3114,51754,13775" machi="83" ten="30,1000,0" yaku="20,1" doraHai="88" who="2" fromWho="0" sc="250,-10,250,0,250,10,250,0" /><INIT seed="1,0,0,2,2,97" ten="240,250,260,250" oya="1" hai0="77,74,53,54,4,104,91,125,20,9,39,98,62" hai1="78,108,50,81,52,44,11,60,48,89,126,105,75" hai2="3,26,130,123,68,82,46,63,72,43,23,107,79" hai3="27,131,66,114,13,76,110,88,58,117,85,24,135"/><U37/><E126/><V67/><F123/><W99/><G114/><T42/><D125/><U103/><E108/><V90/><F130/><W86/><G110/><T19/><D62/><U22/><E22/><V80/><F3/><W40/><G131/><T93/><D104/><U127/><E127/><V101/><F82/><N who="3" m="47303" /><G135/><T111/><D77/><U0/><E89/><V35/><F90/><W95/><G40/><T56/><D74/><U34/><E34/><V14/><F14/><W134/><G134/><T113/><D113/><U132/><E132/><V133/><F35/><W128/><G117/><T129/><D129/><U45/><E37/><V18/><F133/><W92/><G13/><T100/><D53/><U57/><E48/><V83/><F83/><W61/><G128/><T115/><D115/><U116/><E116/><V65/><F65/><W49/><G49/><T64/><D64/><U30/><E30/><V8/><F8/><W109/><G109/><T5/><D42/><U25/><E25/><V28/><F28/><W29/><G29/><T6/><D39/><U41/><E44/><V121/><F121/><W73/><G73/><T10/><D111/><U55/><E41/><V96/><F43/><W31/><G31/><T120/><D91/><AGARI ba="0,0" hai="24,27,58,61,66,86,88,91,92,95,99" m="47303" machi="91" ten="30,2000,0" yaku="8,1,54,1" doraHai="97" who="3" fromWho="0" sc="240,-20,250,0,260,0,250,20" /><INIT seed="2,0,0,3,0,83" ten="220,250,260,270" oya="2" hai0="86,65,25,67,74,29,63,125,122,82,23,76,98" hai1="123,5,56,14,99,24,19,16,118,89,115,18,127" hai2="55,108,1,60,96,9,59,126,13,80,57,81,129" hai3="58,107,71,44,92,41,105,130,77,48,7,69,51"/><V128/><F126/><W17/><G130/><N who="2" m="50281" /><F1/><W70/><G7/><T120/><D65/><U100/><E127/><V91/><F108/><W33/><G33/><T37/><D37/><U4/><E118/><V134/><F134/><W88/><G77/><T132/><D132/><U72/><E115/><V112/><F112/><W75/><G75/><T84/><D125/><U93/><E123/><V102/><F59/><W30/><G30/><T12/><D98/><U11/><E72/><V3/><F91/><W50/><G17/><T49/><D12/><U131/><E131/><V36/><F36/><W90/><G90/><T40/><D122/><U20/><E56/><V121/><F3/><W101/><G101/><T53/><D40/><U15/><REACH who="1" step="1"/><E89/><REACH who="1" ten="220,240,260,270" step="2"/><V104/><F121/><W45/><G58/><T35/><D120/><U32/><E32/><V110/><F110/><W73/><G73/><T64/><D35/><U124/><E124/><V66/><F66/><W61/><G71/><T31/><D64/><U103/><E103/><V119/><F119/><W22/><G70/><T34/><D67/><U78/><E78/><V21/><F21/><AGARI ba="0,1" hai="4,5,11,14,15,16,18,19,20,21,24,93,99,100" machi="21" ten="30,7700,0" yaku="1,1,7,1,8,1,54,1,53,0" doraHai="83" doraHaiUra="26" who="1" fromWho="2" sc="220,0,240,87,260,-77,270,0" /><INIT seed="3,0,0,2,4,72" ten="220,327,183,270" oya="3" hai0="119,22,19,122,112,4,43,23,16,101,74,67,56" hai1="8,84,26,60,31,18,2,88,3,44,37,106,36" hai2="78,45,80,73,93,21,69,17,63,12,110,24,38" hai3="105,75,97,92,52,81,57,100,117,5,28,49,25"/><W111/><G117/><T65/><D74/><U127/><E106/><V48/><F110/><W55/><G111/><T53/><D119/><U11/><E127/><V30/><F38/><W59/><G5/><T132/><D122/><U95/><E60/><V42/><F93/><W62/><G105/><T126/><D101/><U87/><E87/><V109/><F109/><W54/><G54/><T39/><D126/><U61/><E61/><V98/><F98/><W134/><G134/><T41/><D39/><U133/><E133/><V96/><F96/><W34/><G75/><T1/><D1/><U118/><E118/><V68/><REACH who="2" step="1"/><F63/><REACH who="2" ten="220,327,173,270" step="2"/><W66/><G62/><T9/><D132/><U120/><E37/><V104/><F104/><W51/><G92/><T71/><D112/><U99/><E36/><V85/><F85/><W79/><G97/><T131/><D71/><U128/><E84/><V103/><F103/><W113/><G100/><T94/><D94/><U20/><E95/><V47/><F47/><W58/><G51/><T108/><D108/><U0/><E44/><V83/><F83/><W14/><G81/><T107/><D107/><U102/><E99/><V114/><F114/><W70/><G49/><T77/><D67/><U135/><E102/><V29/><F29/><W50/><G28/><T10/><D65/><U82/><E31/><V64/><F64/><W40/><G66/><T7/><D56/><U89/><E82/><V13/><F13/><W115/><G113/><T27/><D27/><U123/><E135/><V130/><F130/><W129/><G115/><T15/><D131/><RYUUKYOKU ba="0,1" sc="220,-10,327,-10,173,30,270,-10" hai2="12,17,21,24,30,42,45,48,68,69,73,78,80" owari="210,-19.0,327,42.7,203,-29.7,260,6.0" /></mjloggm>