<mjloggm ver="2.3"><GO type="225" lobby="0"/><UN n0="%E3%82%BC%E3%83%AB%E3%83%80%E3%81%AE%E4%BC%9D%E8%AA%AC" n1="%4E%49%4A%49%49%52%4F" n2="%28%EF%BF%A3%E2%96%BD%EF%BF%A3%29%CE%B4%E2%8C%92%E3%83%BB" n3="%E7%99%BD%E9%9B%AA%E4%B9%83%E6%84%9B" dan="17,17,16,16" rate="2150.61,2215.60,2100.94,2076.75" sx="M,M,M,F"/><TAIKYOKU oya="0"/><INIT seed="0,0,0,4,5,84" ten="250,250,250,250" oya="0" hai0="44,12,62,23,106,33,125,36,114,59,18,40,73" hai1="126,122,93,107,47,109,66,52,134,110,97,88,86" hai2="63,0,75,15,29,76,83,7,111,79,90,71,99" hai3="67,69,48,95,24,116,117,119,101,115,46,3,14"/><T112/><D125/><U22/><E126/><V118/><F118/><W32/><G3/><T123/><D123/><U37/><E122/><V108/><F79/><W16/><G115/><T5/><D73/><U128/><E128/><V135/><F135/><W54/><G67/><T4/><D106/><U105/><E134/><V120/><F120/><W96/><G69/><T21/><D33/><U9/><E66/><V65/><F29/><W113/><G113/><T87/><D112/><U58/><E9/><V104/><F15/><W51/><G51/><T50/><D114/><U42/><E22/><V64/><F64/><W94/><G94/><T34/><D34/><U39/><E39/><V25/><F25/><W20/><REACH who="3" step="1"/><G32/><REACH who="3" ten="250,250,250,240" step="2"/><T81/><D36/><U98/><E107/><V57/><F71/><W78/><G78/><N who="0" m="46519" /><D23/><U8/><E8/><V74/><F104/><W49/><G49/><T17/><D17/><U133/><E133/><V26/><F65/><AGARI ba="0,1" hai="4,5,12,18,21,40,44,50,59,62,65" m="46519" machi="65" ten="30,1500,0" yaku="8,1" doraHai="84" who="0" fromWho="2" sc="250,25,250,0,250,-15,240,0" /><INIT seed="0,1,0,2,4,27" ten="275,250,235,240" oya="0" hai0="56,111,109,31,119,66,70,77,96,112,87,67,46" hai1="79,82,43,20,126,4,123,42,120,94,91,47,50" hai2="80,85,121,74,58,6,62,69,51,135,35,29,97" hai3="68,128,24,127,89,102,40,33,2,84,88,36,61"/><T73/><D112/><U76/><E126/><V114/><F114/><W11/><G128/><T106/><D119/><U39/><E43/><V3/><F69/><W125/><G102/><N who="0" m="62791" /><D73/><U52/><E4/><V26/><F74/><W64/><G40/><T132/><D70/><U81/><E20/><V110/><F121/><W23/><G36/><T37/><D132/><U101/><E101/><V104/><F135/><W59/><G33/><T15/><D56/><U115/><E115/><V5/><F110/><N who="0" m="41994" /><D15/><U83/><E120/><V30/><F3/><W22/><G68/><T107/><D107/><U86/><REACH who="1" step="1"/><E123/><REACH who="1" ten="275,240,235,240" step="2"/><V19/><F35/><W92/><G23/><T108/><D108/><U12/><E12/><V130/><F130/><W60/><G2/><T21/><D37/><U9/><E9/><V16/><F5/><W113/><G11/><T28/><D21/><U25/><E25/><V17/><F6/><W8/><G8/><T57/><D46/><AGARI ba="1,1" hai="39,42,46,47,50,52,76,79,81,82,83,86,91,94" machi="46" ten="40,2600,0" yaku="1,1,54,1,53,0" doraHai="27" doraHaiUra="13" who="1" fromWho="0" sc="275,-29,240,39,235,0,240,0" /><INIT seed="1,0,0,5,0,118" ten="246,279,235,240" oya="1" hai0="13,58,40,121,25,11,98,68,89,60,4,47,119" hai1="127,109,81,88,2,10,129,73,41,133,21,0,122" hai2="100,111,90,45,83,125,74,17,123,92,20,28,15" hai3="131,34,115,7,19,82,51,93,16,27,54,126,42"/><U113/><E41/><V116/><F116/><W84/><G115/><T48/><D119/><U22/><E81/><V103/><F111/><W46/><G131/><T35/><D68/><U64/><E64/><V32/><F125/><W130/><G130/><T24/><D35/><U78/><E78/><V135/><F135/><W1/><G126/><T6/><D6/><U102/><E102/><V76/><F123/><W3/><G93/><N who="0" m="56623" /><D121/><U110/><E127/><V71/><F71/><W29/><G7/><T52/><AGARI ba="0,0" hai="4,11,13,24,25,40,47,48,52,58,60" m="56623" machi="52" ten="30,2000,0" yaku="8,1,54,1" doraHai="118" who="0" fromWho="0" sc="246,20,279,-10,235,-5,240,-5" /><INIT seed="2,0,0,4,0,29" ten="266,269,230,235" oya="2" hai0="5,4,52,53,16,79,131,88,61,115,34,45,121" hai1="63,125,129,36,117,26,65,111,60,27,124,33,66" hai2="46,89,119,2,110,112,127,10,57,95,120,97,38" hai3="109,86,64,11,22,30,62,20,13,69,96,42,78"/><V68/><F68/><W32/><G109/><T50/><D121/><U1/><E111/><V108/><F120/><W100/><G42/><T8/><D115/><U98/><E1/><V17/><F112/><W15/><G78/><T70/><D34/><U43/><E117/><V19/><F119/><W114/><G114/><T12/><D131/><U47/><E129/><V51/><F127/><N who="1" m="48713" /><E98/><V28/><F38/><W116/><G86/><T122/><D122/><U37/><E36/><V103/><F110/><W85/><G85/><T49/><D79/><U104/><E104/><V58/><F108/><W24/><G116/><T7/><D88/><U118/><E118/><V3/><F28/><W130/><G130/><T76/><D76/><U113/><E113/><V133/><F133/><W67/><G67/><N who="1" m="25610" /><E33/><V94/><F3/><W135/><G135/><T21/><D61/><AGARI ba="0,0" hai="26,27,37,43,47,60,61,63" m="25610,48713" machi="61" ten="30,1000,0" yaku="18,1" doraHai="29" who="1" fromWho="0" sc="266,-10,269,10,230,0,235,0" /><INIT seed="3,0,0,4,0,4" ten="256,279,230,235" oya="3" hai0="95,68,11,49,76,125,119,105,116,130,75,3,113" hai1="90,111,121,66,81,29,63,97,13,80,18,96,25" hai2="82,2,114,92,65,67,7,78,23,36,48,26,40" hai3="134,133,46,74,79,35,62,8,132,84,70,106,64"/><W112/><G112/><T21/><D105/><U10/><E111/><V30/><F114/><W59/><G106/><T98/><D113/><U131/><E131/><V5/><F92/><W88/><G35/><T73/><D68/><U1/><E121/><V12/><F36/><W129/><G129/><T127/><D130/><U24/><E1/><V27/><F27/><W51/><G70/><T22/><D49/><U110/><E110/><V69/><F2/><W100/><G100/><T52/><D52/><U43/><E43/><V42/><F69/><W101/><G101/><T44/><D44/><U109/><E109/><V107/><F107/><W15/><G79/><T94/><D3/><U87/><E80/><V126/><F126/><W103/><G103/><T117/><D76/><U91/><E91/><V37/><F37/><W115/><G74/><N who="0" m="28171" /><D11/><U45/><E45/><N who="2" m="25639" /><F42/><W53/><G115/><T39/><D39/><U58/><REACH who="1" step="1"/><E24/><REACH who="1" ten="256,269,230,235" step="2"/><V57/><F82/><W102/><G102/><T19/><D117/><U56/><E56/><V122/><F57/><W20/><G88/><T123/><D123/><U33/><AGARI ba="0,1" hai="10,13,18,25,29,33,58,63,66,81,87,90,96,97" machi="33" ten="20,8000,1" yaku="1,1,0,1,7,1,52,1,53,1" doraHai="4" doraHaiUra="83" who="1" fromWho="1" sc="256,-20,269,90,230,-20,235,-40" owari="236,3.6,359,45.9,210,-19.0,195,-30.5" /></mjloggm>