<mjloggm ver="2.3"><GO type="225" lobby="0"/><UN n0="%E4%BA%95%E5%B8%AF" n1="%E3%81%B5%E3%81%98%E3%81%8B%E3%81%A4" n2="%72%65%6E%6B%75%6E" n3="%4C%4F%4C%49%54%41" dan="16,16,17,16" rate="2059.87,2206.82,2213.08,2158.38" sx="M,M,M,F"/><TAIKYOKU oya="0"/><INIT seed="0,0,0,3,3,14" ten="250,250,250,250" oya="0" hai0="81,64,103,129,94,89,39,61,134,56,41,107,66" hai1="4,88,62,125,34,127,45,50,82,73,124,22,105" hai2="131,6,42,87,85,71,69,8,19,3,130,5,97" hai3="31,123,121,93,90,21,59,108,60,75,67,135,16"/><T68/><D129/><N who="2" m="49162" /><F42/><W40/><G75/><T101/><D134/><U86/><E34/><V15/><F97/><W84/><G108/><T46/><D107/><U12/><E105/><V37/><F37/><W111/><G111/><T35/><D35/><U54/><E73/><V57/><F57/><W2/><G2/><T65/><D81/><U99/><E99/><V44/><F44/><W0/><G0/><T7/><D7/><N who="2" m="2570" /><F3/><W29/><G40/><T98/><REACH who="0" step="1"/><D68/><AGARI ba="0,0" hai="8,15,19,68,69,71,85,87" m="2570,49162" machi="68" ten="30,2000,0" yaku="19,1,52,1" doraHai="14" who="2" fromWho="0" sc="250,-20,250,0,250,20,250,0" /><INIT seed="1,0,0,0,2,104" ten="230,250,270,250" oya="1" hai0="5,126,128,28,52,59,6,117,46,77,62,118,38" hai1="84,100,33,3,81,87,31,24,53,51,15,106,71" hai2="66,90,17,107,124,101,96,48,21,120,41,134,121" hai3="9,74,129,75,114,22,64,39,82,70,45,122,14"/><U10/><E71/><V92/><F124/><W97/><G122/><T115/><D115/><U89/><E3/><V131/><F131/><W37/><G114/><T58/><D126/><U116/><E116/><V12/><F134/><W36/><G129/><T23/><D128/><U35/><E87/><V95/><F66/><W102/><G82/><T93/><D77/><U26/><E106/><V47/><REACH who="2" step="1"/><F107/><REACH who="2" ten="230,250,260,250" step="2"/><W54/><G64/><T44/><D118/><U60/><E35/><V8/><F8/><W20/><G9/><T55/><D117/><U1/><E33/><V110/><F110/><W99/><G20/><T72/><D38/><U25/><E31/><V76/><F76/><W65/><G36/><T27/><D93/><U0/><E100/><V111/><F111/><W80/><G39/><T19/><D28/><U119/><E119/><V98/><AGARI ba="0,1" hai="12,17,21,41,47,48,90,92,95,96,98,101,120,121" machi="98" ten="20,5200,0" yaku="1,1,0,1,7,1,53,1" doraHai="104" doraHaiUra="13" who="2" fromWho="2" sc="230,-13,250,-26,260,62,250,-13" /><INIT seed="2,0,0,1,0,78" ten="217,224,322,237" oya="2" hai0="41,128,75,44,90,124,50,132,114,39,76,58,107" hai1="15,45,105,133,96,40,73,17,129,85,119,74,103" hai2="10,43,130,95,102,71,83,131,89,59,2,104,86" hai3="62,115,80,64,127,92,52,135,110,48,121,125,20"/><V23/><F71/><W97/><G121/><T53/><D114/><U54/><E119/><V126/><F126/><N who="3" m="48139" /><G110/><T3/><D124/><U25/><E133/><V118/><F118/><W134/><G20/><T5/><D132/><U99/><E129/><N who="2" m="49163" /><F43/><W47/><G115/><T6/><D128/><U111/><E111/><V32/><F32/><W38/><G38/><T28/><D28/><U100/><E85/><V91/><F23/><W31/><G31/><T21/><D21/><U42/><E25/><V9/><F2/><W112/><G80/><N who="0" m="45087" /><D6/><U19/><E19/><V12/><F12/><W87/><G87/><T29/><D29/><U13/><E13/><V101/><F59/><N who="3" m="36959" /><G112/><T22/><D22/><U61/><E73/><V33/><F33/><W35/><G35/><T82/><D107/><U36/><E74/><V63/><F104/><W109/><G109/><T18/><D18/><U14/><E14/><V8/><F63/><W122/><G122/><T65/><D65/><U49/><E36/><V26/><F26/><W116/><G116/><T69/><D69/><U51/><E61/><V4/><F4/><W16/><G16/><T117/><D117/><U88/><E51/><V66/><F66/><W93/><G93/><T34/><D34/><U72/><E72/><V55/><F55/><W106/><G106/><T46/><D46/><U68/><E68/><V0/><F0/><W108/><G108/><T56/><D58/><U24/><E24/><V77/><F95/><W79/><G79/><T30/><D30/><U123/><E123/><V7/><F7/><W81/><G81/><RYUUKYOKU ba="0,0" sc="217,-15,224,-15,322,15,237,15" hai2="8,9,10,77,83,86,89,91,101,102" hai3="47,48,52,92,97,134,135" /><INIT seed="2,1,0,2,0,48" ten="202,209,337,252" oya="2" hai0="41,132,122,73,119,67,110,54,93,53,50,128,104" hai1="64,49,35,135,66,20,118,23,112,113,26,83,22" hai2="8,15,39,52,5,100,25,117,32,27,71,82,61" hai3="85,127,84,40,62,124,77,60,14,125,78,43,76"/><V30/><F117/><W0/><G14/><T38/><D104/><U34/><E118/><V2/><F39/><W88/><G0/><T57/><D73/><U96/><E135/><V9/><F100/><W98/><G98/><T105/><D105/><U126/><E126/><V94/><F94/><W120/><G120/><T107/><D107/><U69/><E96/><V13/><F82/><W70/><G70/><T72/><D72/><U31/><E35/><V103/><F103/><W21/><G21/><T68/><D93/><U97/><E97/><V79/><F79/><W37/><G37/><T65/><D119/><U106/><E106/><V7/><F71/><W11/><G11/><T80/><D80/><U134/><E134/><V59/><F25/><W3/><G3/><AGARI ba="1,0" hai="2,3,5,7,8,9,13,15,27,30,32,52,59,61" machi="3" ten="30,11600,0" yaku="7,1,9,1,52,1,54,1" doraHai="48" who="2" fromWho="3" sc="202,0,209,0,337,119,252,-119" /><INIT seed="2,2,0,3,4,96" ten="202,209,456,133" oya="2" hai0="30,68,64,51,46,73,93,122,39,134,133,113,22" hai1="101,55,6,7,24,90,105,31,129,58,40,57,17" hai2="108,45,4,119,77,75,70,126,107,25,116,87,0" hai3="23,98,86,5,47,52,79,16,10,8,102,35,18"/><V42/><F87/><W53/><G35/><T13/><D113/><U37/><E129/><V34/><F126/><W43/><G79/><T14/><D122/><U12/><E58/><V74/><F70/><W62/><G86/><T120/><D39/><U11/><E37/><N who="2" m="21711" /><F107/><W89/><G89/><T125/><D73/><N who="2" m="27658" /><F77/><W123/><G123/><T69/><D93/><U50/><E40/><V41/><F41/><W65/><G43/><T44/><D120/><U91/><E6/><V72/><N who="2" m="27666" /><V21/><DORA hai="1" /><F21/><W60/><G60/><T135/><D125/><U124/><E17/><V114/><F114/><W3/><G10/><T67/><D22/><U63/><E50/><V71/><F71/><N who="0" m="27210" /><D51/><U83/><E83/><V33/><F25/><W118/><G118/><N who="2" m="45097" /><F108/><W104/><G47/><N who="0" m="17963" /><D30/><U32/><REACH who="1" step="1"/><E124/><REACH who="1" ten="202,199,456,133" step="2"/><V85/><F4/><W99/><G18/><T61/><D61/><U117/><E117/><V103/><F0/><W84/><G16/><T106/><D135/><U109/><E109/><V26/><F26/><W49/><G3/><T29/><D134/><U88/><E88/><V38/><F38/><W100/><G5/><T111/><D133/><U15/><E15/><V110/><F110/><W92/><G49/><T97/><D111/><U19/><E19/><V59/><F59/><W82/><G82/><T36/><D36/><U94/><E94/><V80/><F80/><W48/><G48/><T130/><D14/><U28/><E28/><V20/><F34/><W66/><G92/><T127/><D127/><U95/><E95/><V9/><F33/><W132/><G132/><RYUUKYOKU ba="2,1" sc="202,-10,199,30,456,-10,133,-10" hai1="7,11,12,24,31,32,55,57,63,90,91,101,105" /><INIT seed="3,3,1,1,5,125" ten="192,229,446,123" oya="3" hai0="72,98,23,95,135,29,100,34,116,35,56,91,114" hai1="66,131,126,110,73,2,36,123,83,99,48,13,0" hai2="59,22,117,8,58,47,103,74,105,84,112,88,60" hai3="71,94,19,55,85,21,53,69,108,57,31,106,27"/><W80/><G106/><T107/><D116/><U134/><E48/><V68/><F74/><W119/><G119/><T101/><D135/><U38/><E13/><V133/><F117/><W49/><G108/><T14/><D114/><U87/><E87/><V120/><F112/><W81/><G94/><T90/><D72/><U11/><E99/><V18/><F133/><W62/><G31/><T15/><D56/><U6/><E66/><V54/><F120/><W122/><G122/><T102/><D107/><U39/><E123/><V104/><F8/><W61/><G81/><T111/><D111/><U10/><E134/><V79/><F79/><W44/><REACH who="3" step="1"/><G62/><REACH who="3" ten="192,229,446,113" step="2"/><T20/><D29/><U4/><E110/><V75/><F60/><W33/><G33/><T127/><D35/><U82/><E82/><V16/><F104/><W7/><G7/><T130/><D34/><U30/><E30/><V97/><F105/><W5/><G5/><T115/><D95/><U121/><E121/><V24/><F18/><W52/><G52/><T64/><D115/><U12/><E126/><V128/><F16/><W96/><G96/><T45/><D98/><U17/><E17/><V65/><F54/><W28/><G28/><T124/><D127/><U86/><E6/><V76/><F97/><W40/><G40/><T51/><D124/><U113/><E4/><V9/><F103/><W129/><G129/><T1/><D130/><U109/><E131/><V43/><F128/><W78/><AGARI ba="3,2" hai="19,21,27,44,49,53,55,57,61,69,71,78,80,85" machi="78" ten="20,7800,0" yaku="1,1,0,1,7,1,53,1" doraHai="125" doraHaiUra="41" who="3" fromWho="3" sc="192,-29,229,-29,446,-29,113,107" /><INIT seed="3,4,0,4,0,4" ten="163,200,417,220" oya="3" hai0="128,57,70,77,28,99,123,44,115,133,51,31,79" hai1="30,135,104,73,39,134,48,38,87,100,19,65,62" hai2="95,10,34,9,68,71,18,130,46,80,105,121,17" hai3="92,47,69,1,108,16,112,89,22,111,88,29,120"/><W14/><G112/><T118/><D123/><U11/><E30/><V60/><F105/><W3/><G120/><T54/><D70/><N who="1" m="42295" /><E48/><V42/><F121/><W83/><G69/><T49/><D118/><U78/><E87/><V126/><F34/><W94/><G29/><T55/><D115/><U74/><E19/><V56/><F126/><W131/><G131/><T7/><D128/><U25/><E11/><V8/><F130/><W35/><G35/><T13/><D133/><N who="1" m="50699" /><E25/><V103/><F80/><W76/><G47/><T98/><D31/><U114/><E114/><V129/><F68/><W41/><G41/><T75/><D28/><U43/><E78/><V21/><F21/><W85/><G92/><T72/><D72/><N who="1" m="27755" /><E43/><V24/><F24/><W117/><G89/><T0/><D0/><U59/><E59/><V102/><F71/><W113/><G117/><T45/><D57/><U37/><E100/><N who="2" m="38443" /><F95/><W67/><G67/><T58/><D58/><U124/><E124/><V127/><F127/><W52/><G52/><T107/><D107/><AGARI ba="4,0" hai="37,38,39,104,107" m="27755,50699,42295" machi="107" ten="40,2600,0" yaku="20,1,23,1" doraHai="4" who="1" fromWho="0" sc="163,-38,200,38,417,0,220,0" owari="125,-37.5,238,3.8,417,51.7,220,-18.0" /></mjloggm>