<mjloggm ver="2.3"><GO type="225" lobby="0"/><UN n0="%E6%98%BC%E4%B8%8B%E3%81%8C%E3%82%8A%E3%81%AE%E5%9B%A3%E5%9C%B0%E5%A6%BB" n1="%E3%81%8C%E3%81%9F" n2="%E3%80%93%E3%81%97%E3%83%BC%E3%82%89%E3%80%93" n3="%E3%81%B5%E3%81%98%E3%81%8B%E3%81%A4" dan="16,16,16,17" rate="2165.17,2114.94,2099.04,2218.30" sx="F,M,M,M"/><TAIKYOKU oya="0"/><INIT seed="0,0,0,5,1,6" ten="250,250,250,250" oya="0" hai0="126,115,89,76,70,72,40,84,26,53,22,9,98" hai1="130,104,56,109,42,134,54,37,79,62,81,43,122" hai2="48,2,51,121,38,16,46,95,61,88,73,65,129" hai3="85,117,21,96,10,59,5,108,52,49,106,60,14"/><T69/><D115/><U114/><E122/><V11/><F73/><W112/><G117/><T64/><D126/><U103/><E114/><V75/><F75/><W33/><G112/><T74/><D40/><U82/><E109/><V27/><F121/><W32/><G108/><T90/><D74/><U67/><E130/><V94/><F129/><W102/><G85/><T41/><D41/><U80/><E134/><V128/><F128/><W19/><REACH who="3" step="1"/><G60/><REACH who="3" ten="250,250,250,240" step="2"/><T34/><D72/><U45/><E79/><V68/><F61/><W120/><G120/><T91/><D76/><U135/><E135/><V105/><F38/><W66/><G66/><T87/><D64/><U116/><E116/><V132/><F65/><W83/><G83/><T18/><D84/><U8/><E67/><V17/><F132/><W101/><G101/><T50/><D87/><U110/><E110/><V118/><F118/><W29/><G29/><T39/><D39/><U12/><E37/><V28/><F28/><W97/><G97/><T3/><D98/><U124/><E103/><V23/><F51/><W113/><G113/><T20/><D69/><U35/><E81/><V15/><F68/><W111/><G111/><T31/><D70/><U63/><E80/><V30/><F30/><W13/><AGARI ba="0,1" hai="5,10,13,14,19,21,32,33,49,52,59,96,102,106" machi="13" ten="20,8000,1" yaku="1,1,0,1,7,1,52,1,54,1,53,0" doraHai="6" doraHaiUra="107" who="3" fromWho="3" sc="250,-40,250,-20,250,-20,240,90" /><INIT seed="1,0,0,3,2,77" ten="210,230,230,330" oya="1" hai0="70,93,9,48,73,119,110,103,21,19,135,43,23" hai1="102,111,53,94,56,17,64,1,68,120,22,42,104" hai2="54,5,97,26,4,80,41,81,55,8,121,74,89" hai3="40,18,78,125,0,130,31,86,98,91,129,36,92"/><U96/><E120/><V82/><F74/><W132/><G31/><T72/><D119/><U87/><E1/><V13/><F121/><W11/><G125/><T29/><D70/><U83/><E104/><V112/><F112/><W127/><G127/><T2/><D110/><U14/><E42/><V62/><F41/><W105/><G132/><T79/><D135/><U33/><E33/><V90/><F4/><W85/><G0/><T95/><D29/><U12/><E111/><V57/><F97/><W58/><G58/><T115/><D115/><U61/><E14/><V24/><F55/><W100/><G11/><T49/><D79/><U126/><E126/><V106/><F106/><W28/><G18/><T39/><D43/><U46/><E68/><V118/><F118/><W133/><G28/><T134/><D134/><U65/><E46/><V99/><F99/><N who="3" m="61599" /><G36/><T47/><D9/><U122/><E122/><V67/><F54/><W44/><G44/><T38/><D2/><U7/><E7/><V27/><AGARI ba="0,0" hai="5,8,13,24,26,27,57,62,67,80,81,82,89,90" machi="27" ten="30,8000,1" yaku="0,1,8,1,52,3" doraHai="77" who="2" fromWho="2" sc="210,-20,230,-40,230,80,330,-20" /><INIT seed="2,0,0,5,5,90" ten="190,190,310,310" oya="2" hai0="51,49,125,80,43,104,103,55,73,64,86,118,100" hai1="89,113,130,61,131,20,106,75,121,110,9,134,44" hai2="94,91,58,27,40,5,122,1,93,112,35,24,72" hai3="52,120,12,115,48,63,71,102,25,74,2,7,107"/><V132/><F72/><W37/><G120/><T133/><D73/><U114/><E121/><V46/><F122/><W126/><G37/><T11/><D133/><U108/><E75/><V97/><F112/><N who="1" m="43113" /><E106/><V128/><F132/><W17/><G74/><T34/><D34/><U8/><E134/><V85/><F35/><W45/><G25/><T31/><D31/><U47/><E61/><V16/><F128/><N who="1" m="49193" /><E20/><V6/><F58/><W116/><G115/><T29/><D29/><U78/><E78/><V57/><F57/><W135/><G107/><T32/><D32/><U119/><E89/><V13/><F1/><W10/><G102/><T111/><D104/><U59/><E59/><V68/><F68/><W124/><G135/><T83/><D118/><U14/><E119/><V4/><F46/><N who="1" m="17449" /><E14/><V69/><F40/><W123/><G123/><T127/><D43/><U41/><E41/><V39/><F69/><W99/><G116/><T15/><D15/><U30/><E30/><V79/><F39/><W22/><G71/><T0/><D0/><U105/><E105/><V92/><F79/><W84/><G63/><T33/><D33/><U76/><E76/><V18/><F97/><W88/><REACH who="3" step="1"/><G99/><REACH who="3" ten="190,190,310,300" step="2"/><T19/><D86/><U66/><E66/><V117/><F117/><W77/><G77/><T42/><D64/><U96/><E96/><V56/><F27/><W87/><G87/><T3/><D103/><U54/><E54/><V65/><F24/><W98/><G98/><T82/><D55/><U21/><E21/><N who="2" m="11407" /><F18/><W28/><G28/><T67/><D19/><U95/><E110/><RYUUKYOKU ba="0,1" sc="190,-15,190,-15,310,15,300,15" hai2="4,5,6,56,65,85,91,92,93,94" hai3="2,7,10,12,17,22,45,48,52,84,88,124,126" /><INIT seed="2,1,1,3,2,22" ten="175,175,325,315" oya="2" hai0="26,87,88,45,19,104,14,106,82,100,15,108,81" hai1="54,94,84,53,23,126,96,64,111,6,21,114,117" hai2="12,1,67,0,102,101,118,60,129,30,113,123,112" hai3="4,52,46,59,10,109,55,115,130,77,3,49,36"/><V83/><F118/><W17/><G109/><T76/><D108/><U18/><E111/><V43/><F123/><W39/><G130/><T110/><D110/><U93/><E114/><V63/><F129/><W48/><G115/><T13/><D45/><U57/><E117/><V105/><F30/><W91/><G77/><T90/><D100/><N who="1" m="60431" /><E126/><V99/><F43/><W79/><G79/><T38/><D38/><U80/><E6/><V75/><F99/><W74/><G74/><T7/><D7/><U42/><E94/><V34/><F75/><W119/><G119/><T29/><D19/><U66/><E42/><V58/><F58/><W24/><REACH who="3" step="1"/><G91/><REACH who="3" ten="175,175,325,305" step="2"/><T78/><D76/><N who="1" m="46087" /><E21/><AGARI ba="1,2" hai="3,4,10,17,21,24,36,39,46,48,49,52,55,59" machi="21" ten="40,8000,1" yaku="1,1,52,1,54,1,53,2" doraHai="22" doraHaiUra="71" who="3" fromWho="1" sc="175,0,175,-83,325,0,305,103" /><INIT seed="3,0,0,1,2,80" ten="175,92,325,408" oya="3" hai0="106,114,32,113,67,15,91,82,99,129,59,40,105" hai1="11,4,78,119,69,84,123,9,14,46,93,76,90" hai2="122,55,50,30,6,107,26,128,38,71,133,42,92" hai3="8,126,101,33,109,25,1,102,77,47,64,52,31"/><W131/><G126/><T10/><D32/><U5/><E123/><V116/><F107/><W100/><G77/><T88/><D40/><U120/><E120/><V57/><F122/><W23/><G64/><T7/><D129/><U75/><E69/><V37/><F116/><W58/><G131/><T35/><D35/><U2/><E119/><V60/><F128/><W28/><G109/><T118/><D118/><U65/><E75/><V97/><F6/><W96/><G47/><T21/><D21/><U127/><E127/><V111/><F133/><W49/><G33/><T108/><D108/><U132/><E132/><V98/><F111/><W70/><G70/><T135/><D135/><U66/><E66/><V73/><F73/><W81/><G81/><T63/><D82/><U17/><E65/><N who="2" m="41383" /><F92/><W134/><G134/><T130/><D105/><U103/><E103/><V86/><F86/><W110/><G110/><T95/><D106/><U53/><E4/><V22/><F38/><W13/><G1/><T44/><D130/><U85/><REACH who="1" step="1"/><E84/><REACH who="1" ten="175,82,325,408" step="2"/><V20/><F20/><W125/><G125/><T29/><D67/><U48/><AGARI ba="0,1" hai="2,5,9,11,14,17,46,48,53,76,78,85,90,93" machi="48" ten="30,8000,1" yaku="1,1,2,1,0,1,52,1,53,1" doraHai="80" doraHaiUra="41" who="1" fromWho="1" sc="175,-20,82,90,325,-20,408,-40" owari="155,-34.5,172,-22.8,305,10.5,368,46.8" /></mjloggm>