<mjloggm ver="2.3"><GO type="225" lobby="0"/><UN n0="%E3%81%A9%E3%82%8F%E3%82%93%E3%81%94" n1="%72%61%6B%33" n2="%E3%81%B5%E3%81%98%E3%81%8B%E3%81%A4" n3="%E3%81%82%E3%81%B9%E3%81%99%E3%81%91" dan="16,16,16,16" rate="2085.09,2078.98,2107.80,2089.01" sx="M,M,M,M"/><TAIKYOKU oya="0"/><INIT seed="0,0,0,2,0,37" ten="250,250,250,250" oya="0" hai0="38,72,97,7,68,73,105,16,22,11,87,111,40" hai1="107,19,133,30,54,23,6,119,46,5,110,131,94" hai2="132,49,17,101,92,118,103,65,34,18,24,66,109" hai3="77,12,58,88,20,108,0,129,75,63,102,55,47"/><T80/><D68/><U76/><E107/><V50/><F118/><W43/><G0/><T124/><D124/><U60/><E119/><V26/><F34/><W79/><G108/><T41/><D111/><U70/><E131/><V95/><REACH who="2" step="1"/><F109/><REACH who="2" ten="250,250,240,250" step="2"/><W69/><G129/><T116/><D116/><U86/><E110/><V126/><F126/><W61/><G75/><T9/><D73/><U98/><E133/><AGARI ba="0,1" hai="17,18,24,26,49,50,65,66,92,95,101,103,132,133" machi="133" ten="25,8000,1" yaku="1,1,22,2,53,2" doraHai="37" doraHaiUra="62" who="2" fromWho="1" sc="250,0,250,-80,240,90,250,0" /><INIT seed="1,0,0,2,3,62" ten="250,170,330,250" oya="1" hai0="82,121,39,47,36,56,12,120,30,86,65,80,17" hai1="119,99,55,38,91,4,88,104,34,94,116,70,105" hai2="24,118,84,33,5,131,96,133,117,44,52,97,51" hai3="132,46,0,71,67,57,126,122,128,54,53,103,48"/><U76/><E34/><V43/><F133/><W73/><G73/><T75/><D75/><U92/><E38/><V109/><F5/><W42/><G103/><T113/><D30/><U8/><E70/><V125/><F125/><W87/><G87/><T81/><D113/><U19/><E19/><V13/><F13/><W2/><G126/><T37/><D47/><U129/><E55/><V78/><F131/><W49/><G122/><N who="0" m="47211" /><D56/><U20/><E20/><V135/><F33/><W45/><G132/><T110/><D110/><U18/><E18/><V90/><F78/><W26/><G26/><T100/><D100/><U32/><E32/><V15/><F109/><W14/><G128/><T29/><D29/><U130/><E8/><V114/><F114/><W28/><G28/><T95/><D95/><U50/><E50/><V60/><F135/><W68/><G14/><T21/><D65/><U9/><E9/><V93/><F24/><W74/><G74/><T35/><D35/><U83/><E4/><V3/><F3/><W107/><G107/><N who="1" m="41034" /><E130/><V31/><F31/><W41/><G2/><T106/><D106/><U72/><E129/><V59/><F118/><W69/><G0/><T7/><D7/><U6/><E6/><V66/><F117/><W40/><G40/><T111/><D111/><U123/><E123/><V16/><F43/><W98/><G98/><AGARI ba="0,0" hai="72,76,83,88,91,92,94,98,99,116,119" m="41034" machi="98" ten="30,5800,0" yaku="34,2,54,1" doraHai="62" who="1" fromWho="3" sc="250,0,170,58,330,0,250,-58" /><INIT seed="1,1,0,0,5,9" ten="250,228,330,192" oya="1" hai0="117,11,22,95,113,26,67,84,18,91,62,37,105" hai1="8,4,72,129,17,69,118,60,128,38,5,0,74" hai2="30,87,99,85,92,102,61,35,68,106,94,125,73" hai3="32,51,127,78,124,40,13,36,25,90,23,111,119"/><U82/><E118/><V75/><F125/><N who="3" m="48203" /><G36/><T2/><D113/><U134/><E134/><V101/><F68/><W10/><G111/><T133/><D133/><U64/><E5/><V97/><F35/><W135/><G135/><T42/><D105/><U1/><E17/><V66/><F66/><W96/><G78/><T122/><D117/><U98/><E0/><V80/><F61/><W12/><G119/><T47/><D122/><U3/><E3/><V86/><F30/><N who="3" m="19535" /><G23/><T34/><D34/><U121/><E121/><V100/><REACH who="2" step="1"/><F80/><REACH who="2" ten="250,228,320,192" step="2"/><W31/><G31/><T14/><D62/><U112/><E82/><V131/><F131/><W130/><G130/><T15/><D67/><U63/><E63/><V83/><F83/><W19/><G96/><AGARI ba="1,1" hai="73,75,85,86,87,92,94,96,97,99,100,101,102,106" machi="96" ten="40,16000,3" yaku="1,1,9,1,35,6,53,0" doraHai="9" doraHaiUra="16" who="2" fromWho="3" sc="250,0,228,0,320,173,192,-163" /><INIT seed="2,0,0,0,2,33" ten="250,228,493,29" oya="2" hai0="46,17,120,68,9,103,40,124,29,71,36,89,11" hai1="134,130,88,15,25,77,86,75,116,100,70,95,135" hai2="113,78,14,32,62,107,13,48,56,28,18,19,73" hai3="41,129,91,37,43,27,76,98,59,3,21,42,114"/><V22/><F107/><W20/><G114/><T84/><D120/><U82/><E70/><V117/><F113/><W127/><G129/><T99/><D29/><U61/><E61/><V122/><F117/><W109/><G109/><T12/><D124/><U55/><E55/><V112/><F122/><W26/><G127/><T101/><D11/><U34/><E15/><V106/><F112/><W105/><G37/><T94/><REACH who="0" step="1"/><D103/><REACH who="0" ten="240,228,493,29" step="2"/><U92/><E34/><V83/><F28/><W30/><G30/><T2/><D2/><U50/><E116/><V63/><F32/><W119/><G3/><T133/><D133/><N who="1" m="50699" /><E25/><V111/><F111/><W10/><G10/><T118/><D118/><U24/><E24/><V110/><F110/><W52/><G119/><T60/><D60/><U64/><E64/><V1/><F1/><W80/><G27/><T90/><D90/><N who="1" m="53335" /><E50/><V79/><F48/><W53/><G26/><T7/><D7/><U51/><E51/><V44/><F63/><W4/><G4/><T125/><D125/><U57/><E57/><V81/><F62/><W97/><G59/><T72/><D72/><U38/><E38/><V8/><F56/><W87/><G21/><T85/><D85/><N who="1" m="52623" /><E100/><V102/><F44/><W108/><G20/><T16/><D16/><U31/><E31/><V132/><F132/><W65/><G108/><T67/><D67/><U5/><E5/><V47/><F47/><W115/><G65/><T74/><D74/><U49/><E49/><V128/><F102/><N who="3" m="62671" /><G115/><T58/><D58/><U104/><E130/><V69/><F128/><W123/><G123/><RYUUKYOKU ba="0,1" sc="240,10,228,10,493,-30,29,10" hai0="9,12,17,36,40,46,68,71,84,89,94,99,101" hai1="75,77,82,104" hai3="41,42,43,52,53,76,80,87,91,98" /><INIT seed="3,1,1,4,3,40" ten="250,238,463,39" oya="3" hai0="88,85,74,37,121,89,28,39,83,5,1,95,73" hai1="43,125,122,116,117,97,135,30,20,50,52,124,6" hai2="56,106,55,64,123,24,0,44,16,49,2,51,115" hai3="17,4,46,86,58,9,113,65,12,42,60,54,34"/><W15/><G113/><T23/><D121/><U82/><E122/><V107/><F115/><W29/><G34/><T13/><D1/><U66/><E135/><V131/><F123/><W128/><G128/><T99/><D37/><U22/><E66/><V38/><F131/><W47/><G29/><T67/><D39/><U77/><E43/><V7/><F38/><W72/><G72/><T69/><D69/><U93/><E6/><V119/><F119/><N who="1" m="45641" /><E30/><V63/><F51/><W48/><G42/><T80/><D67/><U11/><E11/><V101/><F7/><W110/><G86/><T81/><D74/><N who="1" m="43319" /><E20/><V98/><F107/><W76/><G76/><T75/><D75/><U31/><E22/><V130/><F130/><W35/><G110/><T108/><D73/><U126/><E31/><V90/><F90/><W120/><G120/><T109/><D109/><U94/><E97/><V71/><F71/><W59/><REACH who="3" step="1"/><G35/><REACH who="3" ten="250,238,463,29" step="2"/><T118/><D108/><U87/><E87/><V3/><F98/><W133/><G133/><T53/><D118/><U57/><AGARI ba="1,2" hai="50,52,57,93,94,124,125,126" m="43319,45641" machi="57" ten="40,5200,0" yaku="18,1,12,1,54,1" doraHai="40" who="1" fromWho="1" sc="250,-14,238,75,463,-14,29,-27" owari="236,-16.4,313,11.3,449,54.9,2,-49.8" /></mjloggm>