<mjloggm ver="2.3"><GO type="225" lobby="0"/><UN n0="%72%69%6F%75%63%68%61%6E" n1="%33%74%72%65%65" n2="%E9%B3%B3%E6%9D%B1%E3%81%AE%E3%81%BF%E3%81%91%E3%81%AB%E3%82%83%E3%82%93" n3="%E9%80%86%E9%80%A3%E5%B8%AF%E3%81%AE%E9%AC%BC" dan="17,16,17,17" rate="2203.74,2098.15,2174.40,2199.00" sx="M,F,F,M"/><TAIKYOKU oya="0"/><INIT seed="0,0,0,5,5,54" ten="250,250,250,250" oya="0" hai0="108,72,42,61,9,26,43,79,102,86,123,83,99" hai1="27,63,40,114,118,95,124,73,13,7,128,17,3" hai2="119,25,103,52,68,19,131,82,30,16,104,93,115" hai3="1,126,105,133,98,69,88,36,90,62,120,50,49"/><T97/><D123/><U12/><E118/><V31/><F115/><W2/><G120/><T4/><D108/><U41/><E114/><V18/><F68/><W135/><G36/><T14/><D72/><U39/><E128/><V45/><F104/><W92/><G126/><T29/><D61/><U71/><E124/><V56/><F131/><W64/><G105/><T46/><D102/><U20/><E73/><V35/><F119/><W117/><G117/><T106/><D106/><U100/><E3/><V111/><F111/><W78/><G78/><T58/><D58/><U91/><E100/><V48/><F82/><W60/><G60/><T81/><D81/><U127/><E39/><V125/><F125/><W113/><G113/><T121/><D121/><U15/><E7/><V87/><F31/><W112/><G112/><T21/><REACH who="0" step="1"/><D42/><REACH who="0" ten="240,250,250,250" step="2"/><U10/><E41/><V53/><F103/><W77/><G62/><T101/><D101/><U6/><E40/><V23/><F35/><W76/><G69/><T8/><D8/><U5/><E10/><V75/><F75/><W80/><G80/><T38/><AGARI ba="0,1" hai="4,9,14,21,26,29,38,43,46,79,83,86,97,99" machi="38" ten="20,3900,0" yaku="1,1,0,1,7,1,53,0" doraHai="54" doraHaiUra="122" who="0" fromWho="0" sc="240,49,250,-13,250,-13,250,-13" /><INIT seed="0,1,0,0,4,51" ten="289,237,237,237" oya="0" hai0="19,20,123,58,31,114,120,127,29,23,106,115,44" hai1="46,49,15,1,72,35,62,24,43,73,131,78,48" hai2="33,53,135,63,117,128,97,41,38,90,7,122,107" hai3="75,54,65,14,2,47,95,36,91,0,27,32,88"/><T10/><D106/><U93/><E1/><V83/><F122/><N who="0" m="46634" /><D58/><U89/><E131/><V12/><F33/><W66/><G75/><T50/><D50/><U108/><E108/><V121/><F121/><W109/><G109/><T84/><D84/><U9/><E62/><V133/><F128/><W18/><G36/><T110/><D44/><U80/><E72/><V85/><F117/><W118/><G118/><T13/><D110/><U76/><E35/><V79/><F41/><W126/><G126/><T92/><D92/><U11/><E24/><V125/><F125/><W70/><G91/><T104/><D104/><U96/><E76/><V39/><F7/><W74/><G74/><T102/><D102/><U101/><E48/><V17/><F39/><W119/><G119/><T112/><D127/><U8/><REACH who="1" step="1"/><E101/><REACH who="1" ten="289,227,237,237" step="2"/><V82/><F38/><W22/><G0/><T132/><D132/><U55/><E55/><V21/><F133/><W6/><G2/><T28/><AGARI ba="1,1" hai="10,13,19,20,23,28,29,31,112,114,115" m="46634" machi="28" ten="40,3900,0" yaku="34,2" doraHai="51" who="0" fromWho="0" sc="289,52,227,-14,237,-14,237,-14" /><INIT seed="0,2,0,3,0,134" ten="341,213,223,223" oya="0" hai0="101,27,56,85,131,68,63,62,66,32,57,121,36" hai1="41,76,67,96,77,105,127,22,51,55,53,12,120" hai2="18,124,88,128,49,3,46,130,126,106,82,86,61" hai3="79,38,94,114,23,99,119,97,20,43,26,34,125"/><T75/><D121/><U123/><E67/><V15/><F3/><W129/><G119/><T10/><D75/><U110/><E110/><V83/><F106/><W47/><G114/><T98/><D131/><N who="2" m="50218" /><F61/><W30/><G129/><T5/><D36/><U24/><E105/><V100/><F100/><W2/><G2/><T13/><D85/><U45/><E96/><V7/><F7/><W70/><G70/><T116/><D116/><U78/><E12/><V8/><F83/><W87/><G125/><T74/><D74/><U48/><E127/><V104/><F104/><W25/><G34/><T122/><D122/><U89/><E89/><V90/><F90/><W111/><G111/><T95/><REACH who="0" step="1"/><D63/><REACH who="0" ten="331,213,223,223" step="2"/><U11/><E120/><V135/><F135/><W28/><G94/><T132/><D132/><U113/><E123/><V72/><F72/><W91/><G79/><T93/><D93/><U31/><E113/><V39/><F39/><W17/><G87/><T1/><D1/><U33/><E78/><V117/><F117/><W115/><G115/><T50/><D50/><U80/><E77/><V103/><F103/><W21/><G91/><T14/><D14/><AGARI ba="2,1" hai="14,17,20,21,23,25,26,28,30,38,43,47,97,99" machi="14" ten="30,2000,0" yaku="7,1,9,1" doraHai="134" who="3" fromWho="0" sc="331,-26,213,0,223,0,223,36" /><INIT seed="1,0,0,2,3,75" ten="305,213,223,259" oya="1" hai0="25,104,80,26,5,96,103,54,33,89,99,83,82" hai1="84,108,72,113,116,73,16,78,23,70,76,93,7" hai2="32,4,95,36,118,40,87,22,39,92,123,97,101" hai3="27,34,127,67,60,129,120,46,65,17,126,124,45"/><U132/><E113/><V66/><F32/><W13/><G120/><T41/><D33/><U53/><E116/><V128/><F118/><W63/><G129/><T14/><D41/><U106/><E106/><V51/><F123/><W55/><G27/><T35/><D35/><U6/><E70/><V135/><F128/><W90/><G34/><T130/><D130/><U19/><E132/><V3/><F135/><W86/><G55/><T50/><D14/><N who="1" m="9623" /><E73/><V119/><F4/><N who="1" m="1577" /><E72/><V133/><F22/><W58/><G63/><T24/><D5/><U42/><E42/><V47/><F3/><W8/><REACH who="3" step="1"/><G67/><REACH who="3" ten="305,213,223,249" step="2"/><T107/><D24/><U31/><E53/><V122/><F66/><W48/><G48/><T112/><D25/><U1/><E1/><V94/><F51/><W29/><G29/><T57/><D26/><U61/><E31/><V2/><F2/><W121/><G121/><T52/><D54/><U111/><E61/><V28/><F28/><W110/><G110/><N who="1" m="42026" /><E19/><V59/><F122/><W49/><G49/><T91/><D112/><U125/><E125/><V69/><F119/><W15/><G15/><T21/><D21/><U117/><E117/><V37/><F133/><W88/><G88/><AGARI ba="0,1" hai="76,78,84,88,93" m="42026,1577,9623" machi="88" ten="30,18000,2" yaku="14,1,10,1,52,2,54,2" doraHai="75" who="1" fromWho="3" sc="305,0,213,190,223,0,249,-180" /><INIT seed="1,1,0,3,3,0" ten="305,403,223,69" oya="1" hai0="100,14,26,104,41,96,9,61,99,23,56,116,98" hai1="22,36,90,13,57,5,121,120,110,107,54,133,2" hai2="6,127,79,33,72,102,80,103,67,117,47,77,135" hai3="114,43,88,111,50,93,38,45,42,7,18,1,115"/><U28/><E133/><V21/><F117/><W85/><G111/><T97/><D116/><U55/><E110/><V109/><F33/><W40/><G18/><T32/><D32/><U81/><E107/><V51/><F109/><W24/><G24/><T46/><D14/><U129/><E129/><V68/><F135/><W19/><G19/><T27/><D9/><N who="1" m="4271" /><E2/><V92/><F127/><W124/><G124/><T118/><D118/><U119/><E36/><V86/><F67/><W29/><G29/><T8/><D8/><U128/><E121/><V71/><F68/><W70/><G70/><T125/><D125/><U87/><E120/><V82/><F71/><W108/><G108/><T73/><D73/><U112/><E112/><V132/><F132/><W58/><G58/><T16/><D27/><N who="1" m="16503" /><E128/><V126/><F126/><W49/><G38/><T52/><REACH who="0" step="1"/><D99/><REACH who="0" ten="295,403,223,69" step="2"/><U105/><E119/><V95/><F72/><W11/><REACH who="3" step="1"/><G50/><AGARI ba="1,1" hai="16,23,26,41,46,50,52,56,61,96,97,98,100,104" machi="50" ten="30,12000,2" yaku="1,1,2,1,7,1,54,2,53,1" doraHai="0" doraHaiUra="53" who="0" fromWho="3" sc="295,133,403,0,223,0,69,-123" owari="428,52.8,403,20.3,223,-17.7,-54,-55.4" /></mjloggm>