<mjloggm ver="2.3"><GO type="225" lobby="0"/><UN n0="%E3%82%B2%E3%82%B9%E8%8C%82%E5%8B%9D" n1="%E3%81%BF%E3%81%BF%E3%81%9A" n2="%4C%4F%4C%49%54%41" n3="%70%68%65%6E%6F%6D%65" dan="16,16,16,16" rate="2134.29,2174.13,2165.79,2100.87" sx="F,M,F,M"/><TAIKYOKU oya="0"/><INIT seed="0,0,0,0,2,6" ten="250,250,250,250" oya="0" hai0="80,65,10,33,102,20,29,42,48,60,61,40,127" hai1="77,51,110,0,129,58,123,18,111,68,109,78,120" hai2="53,100,59,128,16,15,122,132,35,17,54,31,79" hai3="114,39,103,134,25,82,99,113,98,73,130,93,133"/><T81/><D127/><U43/><E68/><V101/><F122/><N who="1" m="46633" /><E129/><V76/><F128/><W92/><G25/><N who="0" m="16551" /><D33/><U19/><E0/><V107/><F132/><N who="3" m="50795" /><G39/><T91/><D102/><N who="2" m="39530" /><F35/><W4/><G4/><T131/><D131/><U69/><E69/><V9/><F107/><N who="3" m="63991" /><G130/><T117/><D117/><U75/><E75/><V57/><F31/><W62/><G62/><N who="0" m="24171" /><D65/><U126/><E126/><V7/><F57/><W64/><G64/><T11/><D80/><U112/><E112/><N who="3" m="43114" /><G99/><T97/><D97/><U70/><E70/><V106/><F106/><W118/><G118/><T8/><D48/><U67/><E67/><V41/><F41/><W90/><G90/><T124/><D124/><U45/><E58/><V22/><F7/><W26/><G26/><T2/><D2/><U50/><E50/><N who="2" m="31159" /><F54/><W24/><G24/><AGARI ba="0,0" hai="9,15,16,17,22,24,76,79" m="31159,39530" machi="24" ten="30,3900,0" yaku="8,1,52,1,54,1" doraHai="6" who="2" fromWho="3" sc="250,0,250,0,250,39,250,-39" /><INIT seed="1,0,0,4,5,68" ten="250,250,289,211" oya="1" hai0="87,27,95,45,94,16,82,13,46,133,63,72,97" hai1="127,129,96,100,108,123,109,117,14,37,29,58,52" hai2="74,33,61,126,102,132,85,3,92,6,0,24,71" hai3="122,93,40,98,76,50,130,19,18,10,51,70,110"/><U120/><E117/><V111/><F74/><W2/><G122/><T105/><D133/><U67/><E67/><V17/><F111/><N who="1" m="42569" /><E129/><V53/><F132/><W112/><G110/><T83/><D72/><U119/><E119/><V81/><F126/><W35/><G112/><T134/><D134/><U25/><E14/><V11/><F0/><W124/><G124/><T59/><D27/><U66/><E66/><V113/><F113/><W125/><G125/><T54/><D105/><N who="1" m="63623" /><E37/><V80/><F71/><W77/><G70/><T56/><D56/><U131/><E131/><V31/><F3/><W4/><G130/><T64/><D94/><U118/><E118/><V116/><F92/><W42/><G2/><T78/><D82/><U7/><E7/><V121/><F6/><W103/><G4/><T128/><D128/><U38/><E38/><V62/><F81/><W15/><G93/><T107/><D107/><U65/><E65/><V30/><F80/><W88/><G15/><T26/><D64/><U91/><E91/><V34/><F24/><W86/><G103/><N who="0" m="60863" /><D26/><U114/><E114/><V12/><F116/><W1/><G1/><T36/><D36/><U5/><E5/><V79/><F102/><W99/><G86/><T135/><D135/><U9/><E9/><AGARI ba="0,0" hai="9,13,16,45,46,54,59,63,78,83,87" m="60863" machi="9" ten="30,2000,0" yaku="8,1,54,1" doraHai="68" who="0" fromWho="1" sc="250,20,250,-20,289,0,211,0" /><INIT seed="2,0,0,4,3,68" ten="270,230,289,211" oya="2" hai0="117,57,17,38,123,87,12,79,96,98,70,43,67" hai1="7,122,48,5,20,75,114,111,41,132,2,93,89" hai2="35,49,21,34,119,99,55,118,8,53,72,25,29" hai3="100,52,88,54,101,40,95,80,91,109,92,82,129"/><V58/><F72/><W31/><G31/><T64/><D123/><U94/><E114/><V103/><F8/><W97/><G40/><T76/><D70/><U90/><E75/><V108/><F108/><W39/><G109/><T83/><D117/><U32/><E111/><V15/><F15/><W65/><G65/><T134/><D134/><U61/><E32/><V62/><F34/><W69/><G69/><T1/><D1/><U133/><E61/><V130/><F35/><W9/><G9/><T59/><D76/><U107/><E107/><V85/><F85/><W44/><G44/><T121/><D121/><U23/><E48/><V22/><F22/><N who="1" m="8233" /><E41/><V81/><F81/><W13/><G13/><T16/><D64/><U127/><E122/><V56/><REACH who="2" step="1"/><F130/><REACH who="2" ten="270,230,279,211" step="2"/><W116/><G129/><T3/><D3/><U4/><E2/><V0/><F0/><W14/><G14/><T86/><D12/><U33/><E33/><V47/><F47/><W71/><G116/><T124/><D87/><U10/><E10/><V126/><F126/><W84/><G84/><T28/><D124/><U50/><E127/><V104/><AGARI ba="0,1" hai="21,25,29,49,53,55,56,58,62,99,103,104,118,119" machi="104" ten="20,3900,0" yaku="1,1,0,1,7,1,53,0" doraHai="68" doraHaiUra="73" who="2" fromWho="2" sc="270,-13,230,-13,279,49,211,-13" /><INIT seed="2,1,0,2,1,108" ten="257,217,328,198" oya="2" hai0="96,129,76,51,133,9,26,104,82,72,88,16,85" hai1="68,32,131,8,113,37,22,109,56,69,24,62,14" hai2="74,58,110,23,83,103,65,80,78,135,79,6,84" hai3="97,73,98,43,87,70,81,17,126,121,130,106,64"/><V31/><F135/><W54/><G121/><T128/><D133/><U92/><E109/><V2/><F110/><W124/><G73/><T123/><D123/><U1/><E37/><V33/><F33/><W115/><G43/><T11/><D51/><U120/><E120/><V52/><F103/><W94/><G64/><T28/><D96/><U102/><E113/><V117/><F117/><W3/><G70/><T77/><D104/><U10/><E131/><N who="0" m="50249" /><D16/><U35/><E92/><V4/><F2/><W47/><G130/><T57/><D57/><U41/><E102/><V107/><F65/><W15/><G3/><T46/><D46/><U99/><E99/><V25/><REACH who="2" step="1"/><F107/><REACH who="2" ten="257,217,318,198" step="2"/><W60/><G106/><T59/><D59/><U34/><E56/><V119/><F119/><W48/><G124/><T101/><D101/><U66/><E68/><V29/><F29/><W45/><G126/><T118/><D118/><U95/><E1/><V116/><F116/><W127/><G127/><T13/><D28/><N who="1" m="17431" /><E34/><V71/><F71/><W40/><G115/><T20/><D72/><U114/><E114/><V86/><F86/><W105/><G105/><T7/><D85/><U42/><E32/><V18/><F18/><W93/><G97/><T19/><D19/><N who="1" m="8647" /><E35/><V27/><F27/><W38/><G98/><T91/><D26/><U111/><E111/><V112/><F112/><W0/><G0/><T132/><D132/><U89/><E69/><V134/><F134/><W50/><G87/><T61/><D7/><U36/><E66/><V12/><F12/><W44/><G15/><T122/><D13/><RYUUKYOKU ba="1,1" sc="257,-10,217,-10,318,30,198,-10" hai2="4,6,23,25,31,52,58,74,78,79,80,83,84" /><INIT seed="2,2,1,3,4,129" ten="247,207,348,188" oya="2" hai0="68,18,41,130,60,120,63,24,53,74,51,52,33" hai1="58,131,61,87,112,16,3,31,133,110,85,45,59" hai2="35,8,99,34,123,90,21,44,89,111,125,119,66" hai3="0,84,12,81,121,93,97,57,19,79,55,82,73"/><V15/><F119/><W27/><G121/><T65/><D120/><U116/><E112/><V64/><F123/><W132/><G132/><T78/><D130/><U37/><E116/><V22/><F125/><W96/><G0/><T48/><D41/><U26/><E131/><V102/><F44/><W56/><G27/><T135/><D135/><U76/><E3/><V118/><F118/><W122/><G122/><T39/><D39/><U36/><E133/><V28/><F111/><W71/><G71/><T11/><D78/><U108/><E16/><V5/><F34/><W46/><G57/><T25/><D74/><U94/><E94/><N who="2" m="58743" /><F35/><W92/><G92/><T98/><D98/><U32/><E58/><V86/><F90/><W134/><G134/><T88/><D88/><U128/><E128/><V17/><F28/><W70/><G70/><T2/><D33/><U103/><E103/><V4/><F21/><W49/><G93/><T101/><D101/><U62/><E62/><N who="0" m="23593" /><D2/><U54/><E76/><V6/><F22/><W75/><G56/><N who="0" m="32775" /><D65/><U100/><E100/><V124/><F124/><W114/><G114/><T13/><D68/><U72/><E72/><V127/><F127/><W113/><G113/><T1/><D1/><U20/><E32/><V83/><AGARI ba="2,1" hai="4,5,6,8,15,17,64,66,83,86,89" m="58743" machi="83" ten="30,1500,0" yaku="8,1" doraHai="129" who="2" fromWho="2" sc="247,-7,207,-7,348,31,188,-7" /><INIT seed="2,3,0,0,1,131" ten="240,200,379,181" oya="2" hai0="39,113,80,33,11,67,17,110,93,124,59,69,133" hai1="12,8,32,90,97,87,64,132,102,106,45,99,37" hai2="111,91,77,28,94,89,119,61,46,0,50,36,101" hai3="128,5,71,65,96,4,22,72,41,63,38,108,107"/><V51/><F119/><W35/><G128/><T127/><D113/><U100/><E32/><V75/><F0/><W84/><G108/><T104/><D110/><U29/><E29/><V109/><F36/><W123/><G123/><T68/><D104/><U19/><E64/><V2/><F2/><W14/><G72/><T60/><D33/><U56/><E56/><V30/><F75/><W83/><G35/><T55/><D39/><U98/><E132/><V62/><F94/><W86/><G41/><T49/><D93/><U73/><E73/><V7/><F7/><W76/><G38/><T20/><D11/><U70/><E70/><V21/><F21/><W54/><G54/><T112/><D112/><U78/><E78/><V16/><F77/><W82/><G107/><T79/><D133/><U125/><E125/><N who="0" m="48201" /><D80/><U24/><E24/><V44/><F101/><W134/><G96/><T27/><D79/><U10/><E10/><V88/><F91/><W23/><G134/><T121/><D121/><U81/><REACH who="1" step="1"/><E106/><REACH who="1" ten="240,190,379,181" step="2"/><V48/><F109/><W42/><G23/><T117/><D117/><U58/><E58/><AGARI ba="3,1" hai="17,20,27,49,55,58,59,60,67,68,69" m="48201" machi="58" ten="30,1000,0" yaku="18,1" doraHai="131" who="0" fromWho="1" sc="240,29,190,-19,379,0,181,0" /><INIT seed="3,0,0,5,2,23" ten="269,171,379,181" oya="3" hai0="63,108,83,50,9,74,17,70,102,24,71,100,33" hai1="115,67,73,8,59,51,78,44,58,13,28,31,77" hai2="113,87,37,127,47,49,36,98,42,109,6,112,12" hai3="123,3,41,43,34,89,26,116,53,118,29,84,107"/><W135/><G123/><T27/><D108/><U39/><E39/><V46/><F109/><W35/><G3/><T54/><D33/><U120/><E115/><V40/><F127/><W114/><G114/><T62/><D9/><U61/><E59/><V0/><F0/><W95/><G135/><T5/><D17/><N who="1" m="8359" /><E73/><V97/><F49/><W79/><G107/><T103/><D5/><U45/><E45/><V1/><F1/><W18/><G35/><T131/><D131/><U119/><E119/><V91/><F12/><W2/><G2/><T25/><D62/><U126/><E126/><V106/><F6/><W32/><G34/><T20/><D63/><U69/><E69/><V68/><F68/><W129/><G129/><T60/><D60/><U81/><E120/><V128/><F128/><W132/><G132/><T65/><D20/><U130/><E130/><V122/><F122/><W16/><G116/><T19/><D19/><U21/><E21/><V101/><F97/><W111/><G118/><T93/><D65/><U125/><E125/><V80/><AGARI ba="0,0" hai="36,37,40,42,46,47,80,87,91,98,101,106,112,113" machi="80" ten="20,2700,0" yaku="0,1,7,1,9,1" doraHai="23" who="2" fromWho="2" sc="269,-7,171,-7,379,27,181,-13" owari="262,6.2,164,-33.6,406,50.6,168,-23.2" /></mjloggm>