<mjloggm ver="2.3"><GO type="225" lobby="0"/><UN n0="%E3%81%B5%E3%81%98%E3%81%8B%E3%81%A4" n1="%4C%4F%4C%49%54%41" n2="%E3%81%B2%E3%81%AA%E3%81%AE%E3%82%8A%E3%81%8F" n3="%E3%81%BF%E3%81%BF%E3%81%9A" dan="16,16,17,18" rate="2135.11,2194.46,2210.47,2254.67" sx="M,F,M,M"/><TAIKYOKU oya="0"/><INIT seed="0,0,0,2,0,43" ten="250,250,250,250" oya="0" hai0="86,132,52,123,125,72,38,55,98,133,109,37,0" hai1="97,35,64,80,61,110,36,111,11,22,99,134,47" hai2="25,16,33,12,92,82,48,101,58,44,102,106,17" hai3="65,57,30,71,105,131,66,49,41,95,122,23,3"/><T85/><D123/><U118/><E35/><V128/><F106/><W126/><G105/><T56/><D72/><U117/><E11/><V50/><F128/><W9/><G71/><T108/><D98/><U19/><E134/><N who="0" m="51817" /><D0/><U67/><E80/><V81/><F58/><W120/><G131/><T91/><D125/><U59/><E67/><V130/><F130/><W87/><G126/><T1/><D1/><U20/><E99/><N who="2" m="59623" /><F33/><W73/><G73/><T104/><D104/><U29/><E97/><V115/><F50/><W62/><G3/><T34/><D34/><U45/><E36/><N who="0" m="13929" /><D56/><U107/><E107/><V70/><F70/><W103/><G120/><T28/><D28/><U88/><E117/><V90/><F115/><W78/><G122/><T69/><D69/><U5/><E118/><V127/><F102/><W83/><G103/><T63/><D63/><U94/><E110/><N who="0" m="42601" /><D91/><U68/><E111/><V114/><F127/><W53/><G65/><T40/><D40/><U75/><E75/><V26/><F90/><W121/><G41/><T39/><N who="0" m="13937" /><T54/><AGARI ba="0,0" hai="52,54,55,85,86" m="42601,13937,51817" machi="54" ten="50,18000,2" yaku="4,1,28,2,20,1,14,1,10,1,54,1" doraHai="43" who="0" fromWho="0" sc="250,180,250,-60,250,-60,250,-60" /><INIT seed="0,1,0,4,1,118" ten="430,190,190,190" oya="0" hai0="21,97,48,80,51,68,18,129,38,122,65,107,2" hai1="50,105,72,78,88,116,27,17,112,61,115,82,29" hai2="94,8,73,126,90,100,133,19,102,60,134,79,31" hai3="28,39,66,42,14,70,47,41,4,125,95,76,45"/><T81/><D122/><U3/><E116/><V25/><F126/><W123/><G125/><T44/><D38/><U1/><E105/><V127/><F127/><W104/><G104/><T56/><D2/><U85/><E17/><V32/><F73/><W43/><G28/><T96/><D68/><U128/><E61/><V33/><F33/><W89/><G76/><T62/><D51/><U7/><E50/><V132/><F79/><W110/><G110/><T13/><D129/><U23/><E128/><V101/><F60/><W22/><G123/><T111/><D111/><U91/><E91/><V30/><F30/><W75/><G75/><T15/><D15/><U11/><REACH who="1" step="1"/><E3/><REACH who="1" ten="430,180,190,190" step="2"/><V117/><F117/><W37/><G70/><T93/><D107/><U103/><E103/><V20/><F102/><W26/><G66/><T131/><D131/><U0/><E0/><V99/><REACH who="2" step="1"/><F8/><REACH who="2" ten="430,180,180,190" step="2"/><N who="3" m="4359" /><G37/><T35/><D62/><U5/><E5/><V10/><F10/><W12/><G39/><T119/><D119/><U53/><E53/><V92/><F92/><AGARI ba="1,2" hai="1,7,11,23,27,29,72,78,82,85,88,92,112,115" machi="92" ten="40,5200,0" yaku="1,1,54,1,53,1" doraHai="118" doraHaiUra="74" who="1" fromWho="2" sc="430,0,180,75,180,-55,190,0" /><INIT seed="1,0,0,0,0,43" ten="430,255,125,190" oya="1" hai0="82,74,1,75,77,20,106,110,129,37,53,124,119" hai1="33,95,93,101,22,3,18,104,113,16,35,132,100" hai2="114,133,60,19,45,89,29,15,70,130,88,51,52" hai3="49,120,64,69,46,109,5,123,81,90,10,13,26"/><U36/><E113/><V102/><F114/><W62/><G109/><T31/><D20/><U59/><E3/><V12/><F133/><W105/><G105/><T40/><D53/><U14/><E36/><V79/><F130/><W50/><G50/><T118/><D31/><U27/><E132/><V34/><F79/><W67/><G67/><T94/><D94/><N who="1" m="35851" /><E33/><V134/><F102/><W42/><G26/><T38/><D110/><U32/><E35/><V83/><F134/><W25/><G25/><T47/><D129/><U73/><E73/><V84/><F34/><W126/><G126/><T61/><D124/><U125/><E104/><V4/><F29/><W80/><REACH who="3" step="1"/><G90/><REACH who="3" ten="430,255,125,180" step="2"/><T122/><D106/><U66/><E125/><V28/><F28/><W2/><G2/><T78/><D1/><U11/><E32/><V98/><F70/><W96/><G96/><T41/><D122/><AGARI ba="0,1" hai="5,10,13,42,46,49,62,64,69,80,81,120,122,123" machi="122" ten="40,5200,0" yaku="1,1,52,1,53,1" doraHai="43" doraHaiUra="56" who="3" fromWho="0" sc="430,-52,255,0,125,0,180,62" /><INIT seed="2,0,0,4,2,45" ten="378,255,125,242" oya="2" hai0="18,92,3,21,118,22,71,61,4,44,117,104,99" hai1="49,90,130,123,63,110,106,77,114,37,28,73,23" hai2="79,70,113,108,82,30,72,58,24,65,5,124,41" hai3="56,115,19,51,119,81,87,40,12,94,83,25,116"/><V7/><F113/><W48/><G115/><T20/><D104/><U69/><E37/><V107/><F70/><W52/><G25/><N who="0" m="14487" /><D44/><U131/><E106/><V0/><F107/><W6/><G6/><T120/><D120/><U11/><E110/><V9/><F7/><W66/><G116/><N who="0" m="44651" /><D3/><U125/><E125/><V134/><F124/><W1/><G1/><T60/><D4/><U97/><E123/><V27/><F134/><W33/><G33/><T98/><D98/><U103/><E97/><V34/><F108/><W54/><G66/><N who="0" m="41415" /><D61/><U121/><E63/><V55/><F65/><W127/><G40/><T38/><D38/><U8/><E131/><V74/><F27/><W42/><G42/><T2/><D2/><U105/><E130/><V126/><F126/><W122/><G122/><T32/><D32/><U128/><E105/><V26/><F26/><W75/><G75/><T111/><D111/><U53/><E73/><V47/><F72/><W112/><G112/><T89/><AGARI ba="0,0" hai="21,22,89,92,99" m="41415,44651,14487" machi="89" ten="30,1100,0" yaku="12,1" doraHai="45" who="0" fromWho="0" sc="378,11,255,-3,125,-5,242,-3" /><INIT seed="3,0,0,3,4,95" ten="389,252,120,239" oya="3" hai0="63,35,56,46,108,122,14,111,0,23,73,105,33" hai1="72,18,41,8,55,115,109,96,133,113,126,58,43" hai2="12,39,134,89,112,93,65,86,103,61,4,114,128" hai3="5,132,19,76,47,7,66,120,110,1,21,116,6"/><W25/><G116/><T77/><D122/><U74/><E74/><V83/><F134/><W84/><G120/><T80/><D105/><U20/><E72/><V119/><F128/><W125/><G132/><T37/><D0/><U91/><E133/><V99/><F119/><W28/><G125/><T85/><D73/><U2/><E109/><N who="0" m="42057" /><D37/><U68/><E68/><V34/><F39/><W118/><G110/><T124/><D124/><U24/><E126/><V90/><F34/><W15/><G118/><T62/><D46/><U67/><E67/><V117/><F117/><W131/><G131/><T71/><D71/><U26/><E26/><V78/><F112/><W40/><G66/><N who="0" m="39239" /><D63/><U59/><E2/><V32/><F114/><W45/><G1/><T22/><D22/><U70/><E70/><V79/><F32/><W82/><REACH who="3" step="1"/><G40/><REACH who="3" ten="389,252,120,229" step="2"/><T52/><D52/><U130/><E130/><V44/><F44/><W92/><G92/><T51/><D51/><U30/><E43/><V64/><F64/><W36/><G36/><T106/><D106/><U16/><E41/><V54/><F54/><W9/><AGARI ba="0,1" hai="5,6,7,9,15,19,21,25,28,45,47,76,82,84" machi="9" ten="30,6000,0" yaku="1,1,0,1,8,1,53,0" doraHai="95" doraHaiUra="127" who="3" fromWho="3" sc="389,-20,252,-20,120,-20,229,70" /><INIT seed="3,1,0,2,0,20" ten="369,232,100,299" oya="3" hai0="70,124,130,31,118,37,7,10,106,17,15,33,119" hai1="83,96,80,69,93,132,49,104,105,8,117,110,95" hai2="25,41,62,36,123,113,6,11,14,48,22,0,129" hai3="68,99,1,103,78,92,18,55,58,107,108,126,111"/><W60/><G126/><T82/><D106/><U47/><E69/><V32/><F36/><W40/><G1/><N who="0" m="367" /><D70/><U3/><E3/><V86/><F62/><W46/><G78/><T9/><D82/><U112/><E112/><V73/><F73/><W88/><G68/><T97/><D37/><U63/><E110/><N who="3" m="42026" /><G18/><N who="0" m="8559" /><D97/><U50/><E132/><V39/><F39/><N who="3" m="21791" /><G107/><T27/><D124/><U90/><E8/><V84/><F113/><W34/><G34/><T131/><D17/><U30/><E117/><AGARI ba="1,0" hai="27,31,33,117,118,119,130,131" m="8559,367" machi="117" ten="30,3900,0" yaku="34,2,52,1" doraHai="20" who="0" fromWho="1" sc="369,42,232,-42,100,0,299,0" owari="411,51.1,190,-21.0,100,-40.0,299,9.9" /></mjloggm>