<mjloggm ver="2.3"><GO type="225" lobby="0"/><UN n0="%E3%83%94%E3%83%B3%E3%82%B5%E3%83%AD%E5%BA%97%E5%93%A1" n1="%E3%81%B5%E3%81%98%E3%81%8B%E3%81%A4" n2="%E3%81%B2%E3%81%AA%E3%81%AE%E3%82%8A%E3%81%8F" n3="%33%74%72%65%65" dan="16,16,17,16" rate="2137.71,2130.18,2197.48,2171.94" sx="M,M,M,F"/><TAIKYOKU oya="0"/><INIT seed="0,0,0,3,2,87" ten="250,250,250,250" oya="0" hai0="125,84,116,89,122,118,80,2,28,53,90,66,60" hai1="121,38,62,4,31,9,128,135,15,29,78,98,0" hai2="97,123,24,36,72,58,133,8,103,93,126,7,46" hai3="30,85,117,37,134,94,74,100,110,52,130,83,26"/><T106/><D122/><U19/><E121/><V79/><F123/><W115/><G115/><T127/><D2/><U70/><E38/><V43/><F133/><W88/><G117/><T131/><D106/><U6/><E135/><V107/><F126/><N who="0" m="48138" /><D131/><U50/><E128/><V119/><F119/><N who="0" m="45610" /><D28/><U86/><E98/><V112/><F112/><W17/><G134/><T108/><D108/><U35/><E50/><V44/><F44/><W96/><G130/><T95/><D53/><U59/><E70/><V23/><F58/><W55/><G110/><T51/><D51/><U120/><E120/><V18/><F107/><N who="3" m="63879" /><G37/><T63/><D66/><U21/><E6/><V40/><F40/><W27/><G17/><T57/><D57/><U54/><E35/><V114/><F114/><W56/><G56/><T71/><D71/><U41/><E41/><V49/><F36/><W124/><G124/><T81/><D81/><U22/><E22/><V109/><F109/><W61/><G61/><T10/><D10/><U13/><E0/><V129/><F129/><W75/><G30/><T14/><D14/><U69/><E69/><V102/><F8/><W76/><G74/><T32/><D32/><U64/><E64/><V33/><F33/><W42/><G42/><T113/><D113/><U91/><REACH who="1" step="1"/><E78/><REACH who="1" ten="250,240,250,250" step="2"/><V12/><F7/><W47/><G55/><T82/><D82/><AGARI ba="0,1" hai="4,9,13,15,19,21,29,31,54,59,62,82,86,91" machi="82" ten="30,8000,1" yaku="1,1,2,1,7,1,8,1,52,1,53,0" doraHai="87" doraHaiUra="105" who="1" fromWho="0" sc="250,-80,240,90,250,0,250,0" /><INIT seed="1,0,0,0,1,29" ten="170,330,250,250" oya="1" hai0="100,66,8,95,39,23,128,94,106,103,30,41,9" hai1="72,0,129,114,83,131,73,86,43,99,78,84,48" hai2="104,16,51,28,87,1,5,42,70,123,118,56,82" hai3="108,107,127,134,27,119,40,50,32,63,76,97,93"/><U102/><E0/><V20/><F118/><W59/><G108/><T124/><D128/><N who="1" m="49227" /><E43/><V121/><F70/><W69/><G119/><T113/><D113/><U75/><E48/><V3/><F104/><W47/><G127/><T79/><D124/><U14/><E14/><V11/><F28/><W120/><G120/><T105/><D79/><U61/><E61/><V22/><F3/><W24/><G134/><T85/><D66/><U101/><E114/><V90/><F22/><W7/><G69/><T115/><D115/><U130/><N who="1" m="49235" /><U38/><DORA hai="34" /><E38/><V12/><REACH who="2" step="1"/><F56/><REACH who="2" ten="170,330,240,250" step="2"/><W25/><G59/><T133/><D133/><U110/><E110/><V35/><F35/><W125/><G32/><T68/><D68/><U81/><E99/><V92/><F92/><W135/><G93/><T64/><D106/><U37/><E37/><V33/><F33/><W122/><G97/><T98/><D105/><U65/><E65/><V44/><AGARI ba="0,1" hai="1,5,11,12,16,20,42,44,51,82,87,90,121,123" machi="44" ten="30,12000,2" yaku="1,1,0,1,52,1,54,1,53,2" doraHai="29,34" doraHaiUra="116,52" who="2" fromWho="2" sc="170,-30,330,-60,240,130,250,-30" /><INIT seed="2,0,0,1,4,44" ten="140,270,370,220" oya="2" hai0="65,14,95,41,72,1,132,56,116,128,32,13,31" hai1="2,104,114,81,86,130,17,84,23,75,30,111,79" hai2="98,109,3,115,69,96,66,58,67,135,25,64,59" hai3="97,102,70,46,27,60,92,74,117,88,51,19,112"/><V22/><F115/><W94/><G117/><T133/><D72/><U83/><E114/><V48/><F3/><W93/><G112/><T12/><D41/><U121/><E104/><V63/><F135/><N who="0" m="51786" /><D95/><N who="3" m="36425" /><G74/><T68/><D56/><U4/><E30/><V54/><F109/><W100/><G70/><T106/><D65/><N who="2" m="25194" /><F69/><W49/><G60/><T90/><D90/><U110/><E4/><V33/><F33/><W119/><G119/><T50/><D106/><U91/><E2/><V36/><F36/><W42/><G49/><T123/><D68/><U85/><E130/><V89/><F89/><W20/><AGARI ba="0,0" hai="19,20,27,42,46,51,88,94,97,100,102" m="36425" machi="20" ten="30,4000,0" yaku="8,1,52,1,54,1" doraHai="44" who="3" fromWho="3" sc="140,-10,270,-10,370,-20,220,40" /><INIT seed="3,0,0,3,3,6" ten="130,260,350,260" oya="3" hai0="62,48,81,109,14,1,34,11,105,129,98,72,35" hai1="37,107,59,131,22,20,61,126,122,40,30,31,77" hai2="55,50,65,54,85,127,84,99,60,104,44,78,0" hai3="121,91,114,133,38,19,76,97,52,42,64,9,29"/><W110/><G114/><T57/><D109/><U47/><E107/><V46/><F0/><W113/><G113/><T96/><D129/><U21/><E122/><V53/><F127/><W82/><G121/><T69/><D1/><U93/><E131/><V4/><F4/><W7/><G29/><T118/><D118/><U111/><E111/><V117/><F117/><W13/><G64/><T16/><D69/><U73/><E93/><V25/><F25/><W33/><G33/><T51/><D35/><U132/><E126/><V63/><F63/><W125/><G133/><T45/><D34/><U43/><E43/><V8/><F8/><N who="3" m="6567" /><G52/><T41/><D105/><U26/><E132/><V75/><F75/><N who="3" m="43295" /><G97/><T95/><D51/><U135/><E135/><V10/><F78/><W100/><G100/><T17/><D72/><U80/><E31/><V94/><F10/><W12/><G91/><T79/><D17/><U39/><E37/><V83/><F83/><W102/><G102/><T67/><REACH who="0" step="1"/><D95/><REACH who="0" ten="120,260,350,260" step="2"/><U28/><E28/><V119/><F94/><W90/><G110/><T87/><AGARI ba="0,1" hai="11,14,16,41,45,48,57,62,67,79,81,87,96,98" machi="87" ten="20,12000,2" yaku="1,1,2,1,0,1,7,1,8,1,52,1,54,1,53,0" doraHai="6" doraHaiUra="128" who="0" fromWho="0" sc="120,130,260,-30,350,-30,260,-60" owari="250,5.0,230,-17.0,320,42.0,200,-30.0" /></mjloggm>