<mjloggm ver="2.3"><GO type="225" lobby="0"/><UN n0="%E8%B6%85%E7%B4%9A%E9%B3%B3%E5%87%B0" n1="%6D%75%75%6D%75%72%61" n2="%E5%B0%8F%E9%B3%A5%E9%81%8A%E7%B7%B4%E7%84%A1%32%31%E6%AD%B3" n3="%72%69%6F%75%63%68%61%6E" dan="16,16,16,17" rate="2125.20,2123.08,2214.06,2221.71" sx="M,F,F,M"/><TAIKYOKU oya="0"/><INIT seed="0,0,0,5,0,9" ten="250,250,250,250" oya="0" hai0="4,126,77,17,63,105,102,97,118,93,133,43,32" hai1="23,95,42,55,2,22,98,130,67,69,48,106,87" hai2="24,56,119,112,101,57,134,14,60,41,31,1,109" hai3="71,131,83,58,26,47,33,94,92,61,113,89,52"/><T78/><D118/><U5/><E130/><V46/><F1/><W18/><G113/><T81/><D32/><U66/><E106/><V0/><F112/><W82/><G131/><T12/><D126/><U79/><E42/><V29/><F0/><W114/><G114/><T10/><D133/><U13/><E2/><V27/><F109/><W115/><G115/><T125/><D125/><U85/><E69/><V8/><F134/><W132/><G132/><T107/><D43/><U38/><E38/><V122/><F101/><W37/><G71/><T65/><D17/><N who="1" m="10543" /><E5/><V25/><F122/><W103/><G103/><T45/><D45/><N who="1" m="28047" /><E23/><V62/><F119/><W99/><G94/><T54/><D54/><U96/><E96/><V51/><F57/><W28/><REACH who="3" step="1"/><G18/><REACH who="3" ten="250,250,250,240" step="2"/><T124/><D124/><U74/><E74/><V121/><F121/><W127/><G127/><T40/><D105/><U75/><E75/><V36/><F36/><W120/><G120/><T20/><D107/><U3/><E3/><V73/><F73/><W76/><G76/><T104/><D104/><U129/><E129/><V91/><F91/><W88/><G88/><T110/><D77/><U135/><E135/><V44/><F44/><W49/><G49/><T19/><D78/><U116/><E116/><V84/><F56/><W39/><G39/><T35/><D19/><U90/><E79/><V50/><F51/><W64/><G64/><AGARI ba="0,1" hai="64,66,67,85,87,90,95,98" m="28047,10543" machi="64" ten="30,2000,0" yaku="8,1,52,1" doraHai="9" who="1" fromWho="3" sc="250,0,250,30,250,0,240,-20" /><INIT seed="1,0,0,3,1,17" ten="250,280,250,220" oya="1" hai0="125,56,85,10,27,135,54,34,30,63,115,21,121" hai1="57,108,19,32,13,23,6,45,91,133,41,46,75" hai2="0,117,127,99,11,29,31,50,84,81,88,2,37" hai3="86,40,124,72,58,107,74,94,111,93,77,24,1"/><U71/><E133/><V96/><F37/><W69/><G69/><T8/><D115/><U92/><E71/><V131/><F117/><W80/><G1/><T103/><D135/><U98/><E75/><N who="3" m="28714" /><G58/><T5/><D125/><U59/><E108/><V104/><F131/><W66/><G24/><T38/><D38/><U95/><E32/><V22/><F127/><W26/><G26/><T123/><D103/><N who="1" m="60871" /><E6/><V83/><F104/><W89/><G66/><T110/><D110/><U132/><E132/><V25/><F31/><W105/><G40/><T90/><D34/><U97/><E41/><V101/><F96/><N who="3" m="57391" /><G111/><T20/><D20/><U87/><E97/><V79/><F50/><W64/><G64/><T60/><D63/><U52/><E59/><V3/><F11/><W33/><G33/><T28/><D28/><U9/><E9/><V116/><F116/><W48/><G48/><AGARI ba="0,0" hai="13,19,23,45,46,48,52,57,87,91,95" m="60871" machi="48" ten="30,11600,0" yaku="25,1,8,1,52,1,54,1" doraHai="17" who="1" fromWho="3" sc="250,0,280,116,250,0,220,-116" /><INIT seed="1,1,0,1,0,72" ten="250,396,250,104" oya="1" hai0="65,67,32,43,66,96,56,4,121,125,110,97,80" hai1="48,34,41,19,44,116,133,6,54,58,51,26,39" hai2="91,98,10,85,16,105,8,50,70,55,92,18,79" hai3="126,135,123,75,111,71,101,45,31,63,82,35,27"/><U9/><E116/><V69/><F69/><W0/><G101/><T62/><D32/><U90/><E133/><V15/><F70/><W36/><G63/><T128/><D110/><U33/><E39/><V2/><F2/><W23/><G45/><T81/><D128/><U89/><E33/><V103/><F79/><W84/><G84/><T57/><D125/><U64/><E64/><V95/><F105/><W86/><G86/><T11/><D121/><U21/><REACH who="1" step="1"/><E34/><REACH who="1" ten="250,386,250,104" step="2"/><V25/><F25/><N who="3" m="18927" /><G36/><T117/><D117/><U68/><E68/><V3/><F3/><AGARI ba="1,1" hai="3,6,9,19,21,26,41,44,48,51,54,58,89,90" machi="3" ten="30,2900,0" yaku="1,1,7,1,53,0" doraHai="72" doraHaiUra="29" who="1" fromWho="2" sc="250,0,386,42,250,-32,104,0" /><INIT seed="1,2,0,4,1,89" ten="250,428,218,104" oya="1" hai0="19,121,30,12,15,132,10,114,98,50,47,11,27" hai1="123,72,71,13,131,103,38,14,108,90,53,96,41" hai2="117,77,17,66,2,8,40,76,3,118,37,18,42" hai3="54,130,86,73,135,82,95,127,122,24,99,84,51"/><U124/><E123/><V20/><F66/><W60/><G122/><T74/><D121/><U56/><E71/><V64/><F64/><W105/><G127/><T57/><D114/><U70/><E70/><V21/><REACH who="2" step="1"/><F8/><REACH who="2" ten="250,428,208,104" step="2"/><W63/><G130/><T1/><D10/><U111/><E131/><V116/><F116/><W49/><G135/><T46/><D11/><U6/><E124/><V115/><F115/><W58/><G105/><T119/><D132/><U4/><E108/><V92/><F92/><W102/><G24/><T69/><D27/><U55/><E111/><V133/><F133/><W109/><G109/><T28/><D119/><U45/><E14/><V22/><F22/><W29/><G29/><T112/><D12/><U48/><E13/><V78/><F78/><N who="3" m="46167" /><G73/><T83/><D28/><U120/><E72/><V104/><F104/><W0/><G0/><T43/><D30/><U113/><E120/><V75/><F75/><W87/><G60/><T79/><D1/><U7/><E113/><V100/><F100/><W35/><G35/><T16/><D74/><U110/><E103/><V126/><F126/><W32/><G32/><T68/><D79/><U62/><E110/><V44/><F44/><W26/><G26/><T61/><D46/><U129/><E129/><V94/><F94/><W97/><G99/><T52/><D98/><U128/><E96/><V91/><F91/><W65/><G65/><T85/><D112/><U88/><E128/><V9/><F9/><W67/><G67/><T31/><D31/><U23/><E90/><V5/><F5/><W101/><G101/><RYUUKYOKU ba="2,1" sc="250,-15,428,-15,208,15,104,15" hai2="2,3,17,18,20,21,37,40,42,76,77,117,118" hai3="49,51,54,58,63,86,87,95,97,102" /><INIT seed="2,3,1,3,4,11" ten="235,413,223,119" oya="2" hai0="131,93,6,59,128,121,125,92,62,50,14,7,54" hai1="72,12,8,22,129,40,66,98,44,13,122,124,83" hai2="133,96,76,117,134,116,51,135,106,105,77,88,100" hai3="28,23,47,95,99,58,9,52,86,73,90,85,101"/><V49/><F51/><W56/><G73/><T115/><D121/><U104/><E122/><V79/><F49/><N who="3" m="28735" /><G85/><T20/><D115/><U109/><E109/><V63/><F63/><W42/><G42/><T30/><D125/><U32/><E32/><V64/><F64/><W55/><G55/><T120/><D120/><U74/><E124/><V27/><F27/><N who="3" m="16511" /><G9/><N who="0" m="4407" /><D7/><U5/><E129/><N who="0" m="49737" /><D50/><U107/><E44/><V26/><F26/><AGARI ba="3,1" hai="20,26,30,54,59,62,92,93" m="49737,4407" machi="26" ten="30,2000,0" yaku="19,1,52,1" doraHai="11" who="0" fromWho="2" sc="235,39,413,0,223,-29,119,0" /><INIT seed="3,0,0,4,1,104" ten="274,413,194,119" oya="3" hai0="46,81,99,65,66,45,52,90,75,15,33,12,127" hai1="43,42,134,78,87,70,123,105,98,101,88,113,9" hai2="71,56,63,111,133,130,35,68,128,39,110,0,79" hai3="8,22,74,25,114,72,1,124,96,132,73,29,60"/><W19/><G114/><T6/><D33/><U129/><E113/><V36/><F35/><W40/><G40/><T121/><D121/><U94/><E123/><V92/><F0/><W106/><G124/><T21/><D127/><U16/><E70/><N who="2" m="26667" /><F92/><W126/><G126/><T47/><D75/><U20/><E129/><N who="2" m="49771" /><F79/><W4/><G132/><T32/><D32/><U125/><E9/><V102/><F102/><W120/><G120/><T54/><D6/><U64/><E64/><N who="0" m="24681" /><D99/><U118/><E118/><V48/><F48/><W100/><REACH who="3" step="1"/><G60/><REACH who="3" ten="274,413,194,109" step="2"/><T91/><D54/><U37/><E43/><V67/><F133/><W50/><G50/><T44/><D52/><U57/><E125/><V116/><F116/><W61/><G61/><T24/><D24/><U82/><E134/><V89/><F89/><W38/><G38/><AGARI ba="0,1" hai="36,38,39,56,63,67,110,111" m="49771,26667" machi="38" ten="40,5200,0" yaku="19,1,34,2" doraHai="104" who="2" fromWho="3" sc="274,0,413,0,194,62,109,-52" owari="274,7.4,413,51.3,256,-14.4,57,-44.3" /></mjloggm>