<mjloggm ver="2.3"><GO type="225" lobby="0"/><UN n0="%E6%B4%BE%E9%81%A3%E3%81%AE%E3%82%B8%E3%83%A3%E3%83%83%E3%82%AF" n1="%E5%8F%AF%E5%85%90%E9%82%A3%E7%94%B1%E5%A4%9A" n2="%E3%82%BC%E3%83%AB%E3%83%80%E3%81%AE%E4%BC%9D%E8%AA%AC" n3="%E4%B8%89%E5%86%A0%E7%8E%8B%E3%83%BB%E5%B1%B1%E7%94%B0%E5%93%B2%E4%BA%BA" dan="16,16,16,16" rate="2170.83,2139.00,2206.22,2118.83" sx="M,F,M,M"/><TAIKYOKU oya="0"/><INIT seed="0,0,0,2,5,51" ten="250,250,250,250" oya="0" hai0="37,117,49,61,91,134,3,112,71,22,7,57,5" hai1="47,84,4,76,92,75,1,109,133,42,111,17,8" hai2="14,104,16,100,9,20,89,80,23,105,129,68,81" hai3="126,41,59,65,131,110,6,0,108,36,85,62,132"/><T123/><D123/><U64/><E133/><V83/><F68/><N who="3" m="42039" /><G85/><T56/><D112/><U127/><E127/><V58/><F129/><W93/><G93/><T18/><D37/><U54/><E64/><V120/><F120/><W78/><G78/><T125/><D71/><U74/><E17/><V12/><F100/><W128/><G6/><T28/><D117/><U115/><E115/><V94/><F58/><W48/><G0/><T44/><D28/><U107/><E107/><V39/><F39/><W103/><G103/><T66/><D125/><U116/><E116/><V60/><F60/><W15/><G15/><N who="0" m="9567" /><D134/><U87/><E54/><V98/><REACH who="2" step="1"/><F23/><REACH who="2" ten="250,250,240,250" step="2"/><W26/><G132/><T72/><D57/><U86/><E111/><N who="3" m="42538" /><G126/><T130/><D56/><U95/><E109/><V30/><F30/><W121/><G121/><T63/><D63/><U118/><E118/><V40/><F40/><W106/><G106/><T113/><D61/><U73/><REACH who="1" step="1"/><E76/><REACH who="1" ten="250,240,240,250" step="2"/><V119/><F119/><W33/><G41/><T10/><D113/><U67/><E67/><V70/><F70/><W32/><G131/><T46/><D130/><U21/><E21/><V82/><N who="2" m="20480" /><DORA hai="79" /><V122/><F122/><W2/><G128/><T55/><D66/><U50/><AGARI ba="0,2" hai="1,4,8,42,47,50,73,74,75,84,86,87,92,95" machi="50" ten="40,5200,0" yaku="1,1,0,1,53,1" doraHai="51,79" doraHaiUra="43,97" who="1" fromWho="1" sc="250,-26,240,72,240,-13,250,-13" /><INIT seed="1,0,0,4,4,109" ten="224,312,227,237" oya="1" hai0="7,31,46,59,16,1,50,79,90,43,28,20,18" hai1="91,33,80,0,65,105,127,11,15,6,73,10,133" hai2="36,132,87,14,123,99,114,5,51,106,125,88,89" hai3="118,110,120,30,130,47,107,124,41,101,102,117,55"/><U3/><E105/><V49/><F123/><W111/><G120/><T32/><D32/><U48/><E133/><V72/><F36/><N who="3" m="21927" /><G124/><T84/><D79/><U93/><E127/><V77/><F125/><W119/><G130/><T69/><D69/><U45/><E33/><V12/><F132/><W129/><G129/><T78/><D78/><U2/><E65/><V121/><F121/><W85/><G30/><N who="0" m="11307" /><D1/><U75/><E80/><N who="2" m="45095" /><F89/><W52/><G85/><T96/><D7/><U115/><E11/><N who="2" m="4207" /><F14/><W82/><G82/><N who="0" m="49431" /><D96/><U39/><E39/><V71/><F71/><W95/><G107/><T68/><D68/><U63/><E63/><V4/><F4/><W74/><G74/><T128/><D128/><U108/><E75/><V131/><F131/><W113/><G111/><T66/><D20/><U53/><E73/><V9/><F9/><W21/><G110/><T103/><D103/><N who="3" m="39433" /><G21/><T126/><D126/><U97/><REACH who="1" step="1"/><E108/><REACH who="1" ten="224,302,227,237" step="2"/><V70/><F70/><W134/><G134/><T104/><D104/><U24/><E24/><V54/><F106/><W44/><G119/><T37/><D37/><U25/><E25/><V29/><F49/><W83/><G118/><T13/><D13/><U27/><E27/><V64/><F51/><W61/><G117/><T94/><D66/><U122/><E122/><V26/><F64/><W34/><G34/><T58/><D94/><U86/><E86/><V60/><F87/><W76/><G95/><T17/><AGARI ba="0,1" hai="16,17,18,43,46,50,58,59" m="49431,11307" machi="17" ten="30,2000,0" yaku="8,1,54,1" doraHai="109" who="0" fromWho="0" sc="224,30,302,-10,227,-5,237,-5" /><INIT seed="2,0,0,3,1,32" ten="254,292,222,232" oya="2" hai0="38,115,95,93,78,116,111,8,17,96,28,51,132" hai1="11,55,109,106,22,7,30,81,16,117,59,126,107" hai2="133,34,94,41,124,1,14,129,123,26,80,77,69" hai3="0,104,102,9,20,105,119,83,100,134,5,47,67"/><V131/><F123/><W42/><G119/><T79/><D38/><U85/><E117/><V73/><F69/><W43/><G134/><T36/><D36/><U50/><E109/><V31/><F133/><W66/><G20/><T12/><D115/><U45/><E30/><V70/><F70/><W60/><G83/><T35/><D111/><U125/><E45/><V40/><F124/><N who="1" m="47721" /><E11/><V128/><F1/><W112/><G112/><T101/><D132/><U27/><E7/><V37/><F37/><W19/><G19/><T68/><D68/><U120/><E120/><V49/><F49/><W58/><G67/><T98/><D116/><U53/><E53/><V76/><F76/><AGARI ba="0,0" hai="16,22,27,50,55,59,76,81,85,106,107" m="47721" machi="76" ten="30,2000,0" yaku="18,1,54,1" doraHai="32" who="1" fromWho="2" sc="254,0,292,20,222,-20,232,0" /><INIT seed="3,0,0,3,4,79" ten="254,312,202,232" oya="3" hai0="110,122,107,52,60,13,132,67,28,100,135,46,114" hai1="86,15,82,25,80,111,112,120,99,118,53,95,128" hai2="63,19,31,76,55,85,42,123,103,21,121,90,34" hai3="61,8,116,24,32,45,113,59,68,106,17,98,6"/><W104/><G113/><T91/><D122/><N who="2" m="46602" /><F103/><W3/><G116/><T10/><D110/><U48/><E120/><V125/><F125/><W56/><G45/><T108/><D108/><U72/><E111/><V16/><F76/><W39/><G39/><T54/><D28/><U62/><E112/><V50/><F34/><W109/><G109/><T88/><D114/><U0/><E0/><V20/><F42/><W83/><G83/><T75/><D75/><U49/><E128/><V74/><F63/><W87/><G87/><T78/><D78/><U26/><E72/><V65/><F65/><N who="3" m="41007" /><G17/><N who="2" m="6729" /><F31/><N who="3" m="19559" /><G106/><T11/><D107/><U12/><E118/><V40/><F40/><W134/><G134/><T44/><D67/><U58/><E62/><V119/><F119/><W130/><G130/><T102/><D60/><U126/><E126/><V57/><F74/><W115/><G115/><T96/><D13/><U77/><E12/><V131/><F131/><W9/><G8/><T43/><D43/><U73/><E15/><V84/><F84/><W30/><G30/><T105/><D105/><U117/><E117/><V70/><F70/><W36/><G36/><T89/><D89/><N who="1" m="51415" /><E48/><V66/><F66/><W93/><G93/><AGARI ba="0,0" hai="20,21,50,55,57,85,90,93" m="6729,46602" machi="93" ten="30,2000,0" yaku="13,1,54,1" doraHai="79" who="2" fromWho="3" sc="254,0,312,0,202,20,232,-20" owari="254,5.4,312,41.2,222,-17.8,212,-28.8" /></mjloggm>