<mjloggm ver="2.3"><GO type="225" lobby="0"/><UN n0="%6B%65%6E%6E%64%69" n1="%E3%81%86%E3%83%BC%E3%81%B1%E3%83%BC" n2="%6D%75%75%6D%75%72%61" n3="%73%6C%69%63%6B%33%31%39" dan="16,16,16,16" rate="2148.32,2153.44,2127.46,2153.71" sx="M,F,F,M"/><TAIKYOKU oya="0"/><INIT seed="0,0,0,0,2,88" ten="250,250,250,250" oya="0" hai0="46,23,2,125,81,120,68,1,41,108,47,13,38" hai1="56,9,6,104,60,118,73,62,48,39,75,89,4" hai2="58,63,25,33,64,78,18,92,103,79,66,110,37" hai3="85,109,43,0,87,116,122,105,17,95,132,59,91"/><T51/><D120/><U29/><E39/><V30/><F37/><W3/><G116/><T80/><D125/><U28/><E104/><V21/><F110/><W14/><G105/><T130/><D68/><U128/><E118/><V98/><REACH who="2" step="1"/><F66/><REACH who="2" ten="250,250,240,250" step="2"/><W42/><G109/><T117/><D108/><U5/><E9/><V36/><F36/><W101/><G122/><T35/><D117/><U86/><E75/><V20/><F20/><W69/><G69/><T131/><D35/><U113/><E73/><V54/><F54/><W22/><G42/><T76/><D38/><U93/><E113/><V124/><F124/><W19/><G43/><T83/><D76/><U16/><E128/><N who="0" m="49193" /><D46/><U55/><E62/><V90/><F90/><W97/><G59/><T40/><D41/><U49/><E60/><V84/><F84/><W106/><G132/><T100/><D100/><U61/><E61/><V74/><F74/><W12/><REACH who="3" step="1"/><G87/><REACH who="3" ten="250,250,240,240" step="2"/><T111/><D111/><U135/><E135/><V34/><F34/><W133/><G133/><T15/><D23/><AGARI ba="0,2" hai="0,3,12,14,17,19,22,23,85,91,95,97,101,106" machi="23" ten="30,7700,0" yaku="1,1,7,1,9,1,52,1,53,0" doraHai="88" doraHaiUra="50" who="3" fromWho="0" sc="250,-77,250,0,240,0,240,97" /><INIT seed="1,0,0,2,0,132" ten="173,250,240,337" oya="1" hai0="20,130,23,25,9,94,103,30,109,40,54,46,13" hai1="53,105,55,12,78,70,28,74,84,2,108,117,60" hai2="80,52,95,1,120,41,61,26,93,45,97,125,5" hai3="62,110,57,77,101,18,8,51,22,126,90,69,39"/><U21/><E117/><V27/><F120/><W124/><G39/><T0/><D109/><U65/><E2/><V121/><F121/><W127/><G110/><T50/><D130/><U49/><E74/><V129/><F129/><W116/><G116/><T122/><D122/><U42/><E105/><V38/><F125/><W99/><G77/><T32/><D0/><U31/><E42/><V63/><F80/><W82/><G8/><T44/><D103/><U118/><E108/><V68/><F1/><W81/><G51/><T100/><D100/><U88/><E78/><V133/><F5/><W87/><G69/><T56/><D94/><N who="1" m="54535" /><E53/><V71/><F133/><W67/><G90/><T131/><D131/><U134/><E118/><V36/><F41/><W11/><G11/><T19/><REACH who="0" step="1"/><D46/><REACH who="0" ten="163,250,240,337" step="2"/><U86/><E134/><V58/><F45/><W112/><G112/><T119/><D119/><U98/><E98/><V15/><F97/><W106/><G87/><T113/><D113/><U73/><E86/><V102/><F102/><W128/><G128/><T111/><D111/><U34/><E73/><V66/><F93/><W7/><G7/><T123/><D123/><U3/><E3/><V37/><F95/><W14/><AGARI ba="0,1" hai="14,18,22,57,62,67,81,82,99,101,106,124,126,127" machi="14" ten="30,8000,1" yaku="0,1,18,1,52,3" doraHai="132" who="3" fromWho="3" sc="163,-20,250,-40,240,-20,337,90" /><INIT seed="2,0,0,1,1,84" ten="143,210,220,427" oya="2" hai0="70,59,123,79,1,94,121,129,128,17,111,106,39" hai1="20,58,97,33,66,25,65,132,54,36,71,131,29" hai2="10,96,18,110,50,134,95,64,6,109,135,16,62" hai3="127,116,69,88,73,3,26,47,114,113,35,41,32"/><V5/><F50/><W101/><G116/><T60/><D1/><U63/><E132/><N who="2" m="50731" /><F95/><W55/><G127/><T9/><D9/><U104/><E131/><N who="0" m="50249" /><D17/><N who="2" m="6762" /><F96/><W83/><G3/><T76/><D70/><U78/><E36/><V14/><F5/><W107/><G55/><T22/><D39/><U57/><E78/><N who="0" m="29737" /><D60/><N who="1" m="38031" /><E20/><V28/><F28/><N who="3" m="19479" /><G69/><AGARI ba="0,0" hai="6,10,14,62,64,69,109,110" m="6762,50731" machi="69" ten="30,2900,0" yaku="20,1,54,1" doraHai="84" who="2" fromWho="3" sc="143,0,210,0,220,29,427,-29" /><INIT seed="2,1,0,3,5,119" ten="143,210,249,398" oya="2" hai0="64,82,128,31,79,114,130,15,85,54,22,24,76" hai1="44,77,46,92,78,110,100,32,118,16,47,73,94" hai2="123,26,87,55,9,122,14,25,37,52,58,42,108" hai3="2,18,62,96,49,70,0,71,133,43,105,89,116"/><V103/><F108/><W41/><G116/><T134/><D114/><U75/><E32/><V36/><F103/><W29/><G29/><T45/><D134/><U60/><E118/><V120/><F87/><W19/><G49/><T83/><D64/><U63/><E110/><V4/><F55/><W127/><G62/><N who="1" m="23594" /><E16/><N who="3" m="6186" /><G89/><T65/><D65/><U98/><E98/><V10/><F10/><W27/><G27/><T5/><D45/><U12/><E12/><V95/><F95/><N who="1" m="36393" /><E100/><V59/><F52/><W91/><G105/><T69/><D54/><U135/><E135/><V97/><F97/><W48/><G48/><T33/><D69/><N who="3" m="26121" /><G96/><T7/><D33/><U101/><E101/><V80/><F80/><W132/><G91/><T106/><D106/><U23/><E23/><V30/><F25/><W6/><G6/><T67/><D67/><U112/><E112/><V121/><F121/><W107/><G107/><T74/><REACH who="0" step="1"/><D15/><REACH who="0" ten="133,210,249,398" step="2"/><U93/><E44/><V72/><F72/><W68/><G132/><T40/><D40/><U53/><E46/><V117/><F117/><W11/><G133/><T126/><D126/><U3/><E75/><V61/><F42/><W124/><G43/><T84/><D84/><U90/><E73/><V88/><F61/><W20/><G41/><T39/><D39/><U131/><E53/><V34/><REACH who="2" step="1"/><F88/><REACH who="2" ten="133,210,239,398" step="2"/><W1/><G68/><T38/><D38/><AGARI ba="1,2" hai="4,9,14,26,30,34,36,37,38,58,59,120,122,123" machi="38" ten="50,18000,2" yaku="1,1,2,1,52,3,53,1" doraHai="119" doraHaiUra="8" who="2" fromWho="0" sc="133,-183,210,0,239,203,398,0" owari="-50,-55.0,210,-19.0,442,54.2,398,19.8" /></mjloggm>