<mjloggm ver="2.3"><GO type="225" lobby="0"/><UN n0="%E3%83%B4%E3%83%A0%EF%BC%99%E3%81%A6" n1="%72%61%6B%33" n2="%E3%81%B2%E3%81%AA%E3%81%AE%E3%82%8A%E3%81%8F" n3="%E9%89%A2%E5%B7%BB%E3%82%AC%E3%83%96" dan="17,18,17,16" rate="2186.14,2271.43,2180.87,2051.83" sx="M,M,M,M"/><TAIKYOKU oya="0"/><INIT seed="0,0,0,1,0,92" ten="250,250,250,250" oya="0" hai0="91,24,28,102,58,90,129,131,32,48,10,11,135" hai1="106,6,39,69,33,115,71,120,76,66,0,99,78" hai2="84,16,85,50,43,31,25,82,17,46,21,72,36" hai3="4,100,79,23,22,34,64,74,124,9,40,44,61"/><T117/><D117/><U89/><E120/><V55/><F72/><W94/><G124/><T15/><D135/><U38/><E115/><V81/><F81/><W109/><G109/><T60/><D48/><U132/><E132/><V101/><F101/><W108/><G34/><T96/><D131/><U112/><E89/><V67/><F67/><W116/><G108/><T133/><D133/><U52/><E33/><V29/><F29/><W37/><G79/><T30/><D30/><U1/><E66/><V123/><F123/><W114/><G74/><T105/><D129/><U113/><E6/><V45/><REACH who="2" step="1"/><F85/><REACH who="2" ten="250,250,240,250" step="2"/><W70/><G114/><T121/><D121/><U51/><E113/><V88/><AGARI ba="0,1" hai="16,17,21,25,31,36,43,45,46,50,55,82,84,88" machi="88" ten="20,12000,2" yaku="1,1,2,1,0,1,7,1,54,2,53,0" doraHai="92" doraHaiUra="54" who="2" fromWho="2" sc="250,-60,250,-30,240,130,250,-30" /><INIT seed="1,0,0,2,1,25" ten="190,220,370,220" oya="1" hai0="20,19,55,33,53,110,69,96,76,15,129,3,119" hai1="89,71,124,81,29,59,87,63,60,106,120,90,51" hai2="65,72,56,37,121,94,13,39,135,127,98,102,91" hai3="93,23,21,46,109,79,2,84,24,111,32,83,75"/><U112/><E112/><V58/><F72/><W122/><G122/><T92/><D119/><U133/><E120/><V62/><F127/><W5/><G32/><T134/><D3/><U6/><E124/><V132/><F121/><W38/><G93/><T50/><D110/><N who="3" m="41993" /><G84/><T128/><D134/><N who="2" m="51242" /><F13/><W103/><G103/><T105/><D105/><U113/><E106/><N who="2" m="63831" /><F58/><W114/><G114/><T131/><D69/><U77/><E71/><V125/><F125/><W78/><G78/><T99/><D76/><U22/><E113/><V26/><F26/><W61/><G61/><T97/><D92/><U104/><E104/><V8/><F8/><N who="3" m="2103" /><G24/><T82/><D82/><U48/><E60/><V64/><F64/><W1/><G1/><T47/><D33/><U17/><E133/><V116/><F116/><W123/><G123/><T9/><D9/><U68/><E68/><V95/><F95/><W70/><G70/><T49/><D96/><AGARI ba="0,0" hai="37,39,56,62,65,91,94,96" m="63831,51242" machi="96" ten="30,1000,0" yaku="20,1" doraHai="25" who="2" fromWho="0" sc="190,-10,220,0,370,10,220,0" /><INIT seed="2,0,0,0,5,3" ten="180,220,380,220" oya="2" hai0="31,6,34,91,26,107,89,61,8,120,71,13,63" hai1="44,23,28,27,121,7,79,56,59,75,9,73,123" hai2="40,68,95,20,50,115,33,111,21,87,98,125,1" hai3="129,104,36,57,11,0,49,76,135,94,82,97,22"/><V53/><F115/><W69/><G36/><T46/><D120/><N who="1" m="46155" /><E44/><V47/><F33/><W14/><G69/><T105/><D46/><U64/><E64/><V124/><F68/><W126/><G126/><N who="2" m="48745" /><F1/><W15/><G129/><T103/><D63/><U30/><E30/><V85/><F40/><W39/><G39/><T43/><D43/><U127/><E127/><V24/><F21/><W2/><G104/><T100/><D105/><U48/><E79/><V72/><F72/><N who="1" m="27721" /><E48/><V93/><F93/><W12/><G22/><T60/><D60/><U84/><E84/><V134/><F134/><W10/><G135/><T92/><D107/><U62/><E62/><V90/><F111/><W116/><G0/><AGARI ba="0,0" hai="0,7,9,23,27,28,56,59" m="27721,46155" machi="0" ten="30,2000,0" yaku="13,1,52,1" doraHai="3" who="1" fromWho="3" sc="180,0,220,20,380,0,220,-20" /><INIT seed="3,0,0,1,3,107" ten="180,240,380,200" oya="3" hai0="110,63,10,21,113,135,18,22,45,7,104,59,29" hai1="108,1,57,6,42,131,43,127,87,128,51,117,54" hai2="111,88,124,78,79,46,25,36,133,93,34,44,39" hai3="0,81,64,19,105,49,8,67,75,101,2,84,98"/><W48/><G0/><T102/><D110/><U76/><E127/><V122/><F111/><W16/><G2/><T61/><D135/><U89/><E76/><V115/><F39/><W11/><G84/><T83/><D113/><U121/><E121/><V60/><F25/><W12/><G11/><T80/><D29/><U52/><E117/><V103/><F103/><W24/><G24/><T31/><D31/><U47/><E108/><V96/><F79/><W119/><G19/><T70/><D70/><U118/><E118/><V56/><F93/><W37/><G37/><T94/><D45/><U82/><E54/><V125/><F96/><W92/><G105/><T123/><D104/><U129/><E47/><V90/><F46/><W112/><G112/><T66/><D61/><U3/><E3/><V13/><F44/><W9/><G9/><AGARI ba="0,0" hai="1,6,9,42,43,51,52,57,82,87,89,128,129,131" machi="9" ten="40,2600,0" yaku="19,1,54,1" doraHai="107" who="1" fromWho="3" sc="180,0,240,26,380,0,200,-26" owari="180,-22.0,266,6.6,380,48.0,174,-32.6" /></mjloggm>