<mjloggm ver="2.3"><GO type="225" lobby="0"/><UN n0="%E3%82%A2%E3%82%A4%E3%82%B9%E3%83%86%E3%82%A3%E3%83%BC%E3%81%82%E3%81%B9" n1="%E3%82%BF%E3%83%BC%E3%83%90%E3%83%B3%E9%87%8E%E5%8F%A3" n2="%E3%81%82%E3%81%99%E3%81%AB%E3%82%83%E3%82%80" n3="%28%EF%BF%A3%E2%96%BD%EF%BF%A3%29%CE%B4%E2%8C%92%E3%83%BB" dan="16,16,16,16" rate="2109.00,2118.59,2121.55,2107.38" sx="M,M,F,M"/><TAIKYOKU oya="0"/><INIT seed="0,0,0,3,1,3" ten="250,250,250,250" oya="0" hai0="84,83,100,125,28,63,107,45,30,128,108,55,119" hai1="124,90,73,40,64,66,93,38,1,44,86,118,23" hai2="99,109,121,110,69,34,88,15,104,4,57,43,105" hai3="18,89,111,67,58,79,98,37,16,101,120,7,25"/><T35/><D119/><U42/><E118/><V6/><F69/><W91/><G37/><T56/><D125/><U32/><E32/><V50/><F34/><W2/><G120/><T94/><D107/><U97/><E124/><V5/><F121/><W61/><G111/><N who="2" m="42505" /><F15/><W29/><G79/><T87/><D108/><U36/><E73/><V133/><F133/><W102/><G91/><T80/><D128/><U85/><E1/><V96/><F57/><W8/><G89/><N who="0" m="51335" /><D35/><U76/><E23/><V113/><F113/><W74/><G74/><T24/><D24/><U49/><E49/><V122/><F122/><W77/><G77/><N who="0" m="46575" /><D45/><U17/><E17/><V53/><F53/><W14/><G2/><T20/><D20/><U9/><E44/><N who="2" m="25887" /><F88/><W127/><G127/><T59/><D56/><U12/><E90/><V13/><F13/><W82/><G82/><T114/><D114/><U126/><E12/><V48/><F48/><W78/><G78/><T131/><D131/><U106/><E76/><V92/><F92/><N who="3" m="58567" /><G102/><T132/><D132/><U60/><E93/><V51/><F51/><W75/><G75/><T68/><D68/><U11/><E126/><V10/><F10/><W19/><G29/><T22/><D22/><AGARI ba="0,0" hai="7,8,14,16,18,19,22,25,58,61,67" m="58567" machi="22" ten="30,3900,0" yaku="8,1,52,1,54,1" doraHai="3" who="3" fromWho="0" sc="250,-39,250,0,250,0,250,39" /><INIT seed="1,0,0,0,5,36" ten="211,250,250,289" oya="1" hai0="52,21,63,121,100,67,7,40,38,126,19,33,131" hai1="3,20,73,50,18,54,11,85,109,47,77,78,72" hai2="22,128,89,59,110,70,84,31,76,112,64,9,1" hai3="93,35,127,66,129,82,111,14,86,99,120,13,80"/><U28/><E28/><V51/><F110/><W90/><G35/><T95/><D33/><U23/><E109/><V71/><F76/><N who="1" m="29289" /><E3/><V69/><F128/><W30/><G111/><T34/><D34/><U29/><E73/><V42/><F112/><W12/><G30/><T102/><D102/><U118/><E72/><V116/><F116/><W125/><G129/><T26/><D131/><U10/><E118/><V4/><F31/><W0/><G0/><T87/><D121/><U46/><E85/><V107/><F107/><W124/><G120/><T74/><D74/><U83/><E83/><V97/><F97/><W134/><G134/><T44/><D7/><U65/><E65/><V45/><F22/><N who="1" m="8233" /><E29/><V91/><REACH who="2" step="1"/><F84/><REACH who="2" ten="211,250,240,289" step="2"/><W17/><G99/><T58/><D126/><U117/><E117/><V8/><F8/><N who="1" m="3113" /><E18/><V43/><F43/><W39/><G17/><T103/><REACH who="0" step="1"/><D67/><REACH who="0" ten="201,250,240,289" step="2"/><U25/><E25/><V6/><F6/><W16/><G66/><T48/><D48/><U32/><E32/><V104/><F104/><W62/><G125/><T56/><D56/><AGARI ba="0,2" hai="46,47,50,54,56" m="3113,8233,29289" machi="56" ten="30,1500,0" yaku="8,1" doraHai="36" who="1" fromWho="0" sc="201,-15,250,35,240,0,289,0" /><INIT seed="1,1,0,3,1,86" ten="186,285,240,289" oya="1" hai0="102,47,46,63,9,57,2,110,61,115,60,0,11" hai1="42,33,88,41,85,52,43,68,125,92,95,117,97" hai2="128,130,121,36,96,23,15,83,31,35,27,100,124" hai3="105,87,14,65,5,39,37,25,94,1,131,58,98"/><U12/><E117/><V76/><F36/><W126/><G1/><T44/><D110/><U93/><E33/><V59/><F121/><W90/><G126/><T132/><D57/><U3/><E3/><N who="0" m="1065" /><D102/><U81/><E68/><V129/><F124/><W74/><G74/><T104/><D104/><U8/><E125/><V127/><F127/><W29/><G131/><T22/><D22/><U120/><E120/><V21/><F15/><W54/><G65/><T109/><D109/><U69/><E69/><V135/><F135/><W55/><G55/><T114/><D132/><U50/><E97/><V62/><F83/><W6/><G105/><T16/><D16/><N who="1" m="8199" /><E41/><V107/><REACH who="2" step="1"/><F76/><REACH who="2" ten="186,285,230,289" step="2"/><W72/><G14/><T67/><D67/><AGARI ba="1,1" hai="21,23,27,31,35,59,62,67,96,100,107,128,129,130" machi="67" ten="40,5200,0" yaku="1,1,2,1,19,1,53,0" doraHai="86" doraHaiUra="48" who="2" fromWho="0" sc="186,-55,285,0,230,65,289,0" /><INIT seed="2,0,0,4,2,113" ten="131,285,295,289" oya="2" hai0="10,67,64,57,131,20,36,133,11,59,123,45,107" hai1="88,71,85,129,0,117,96,21,111,17,41,1,29" hai2="30,108,92,13,18,54,31,28,52,58,83,124,63" hai3="100,128,37,90,115,68,3,73,112,77,86,9,127"/><V65/><F124/><W5/><G128/><T34/><D34/><U109/><E71/><V48/><F108/><N who="1" m="41545" /><E129/><V55/><F83/><N who="3" m="45487" /><G127/><T39/><D131/><U126/><E126/><V50/><REACH who="2" step="1"/><F92/><REACH who="2" ten="131,285,285,289" step="2"/><W135/><G115/><T78/><D107/><U43/><E0/><V98/><F98/><W97/><G112/><T105/><D105/><U25/><E1/><V14/><F14/><W70/><G97/><T79/><D123/><U116/><E96/><V81/><F81/><W95/><G135/><T110/><D110/><U56/><E56/><V12/><F12/><W132/><G132/><T120/><D120/><U74/><E74/><V62/><F62/><W134/><G134/><T44/><D133/><U16/><E41/><V102/><F102/><W22/><G100/><T103/><D103/><U2/><E43/><V121/><F121/><W87/><G87/><T40/><D40/><U75/><E2/><V38/><F38/><W72/><G72/><T104/><D104/><U80/><E75/><V69/><F69/><W66/><G37/><T130/><D130/><U106/><E106/><V122/><F122/><W125/><G125/><T101/><D101/><U91/><E91/><V119/><F119/><AGARI ba="0,1" hai="16,17,21,25,29,80,85,88,116,117,119" m="41545" machi="119" ten="30,12000,2" yaku="14,1,52,3,54,2" doraHai="113" who="1" fromWho="2" sc="131,0,285,130,285,-120,289,0" /><INIT seed="3,0,0,0,4,103" ten="131,415,165,289" oya="3" hai0="131,8,24,84,126,43,44,80,85,58,26,110,86" hai1="79,81,0,55,93,83,76,21,65,11,42,51,12" hai2="124,53,62,9,27,54,64,97,41,102,46,96,78" hai3="57,2,17,6,22,15,112,107,52,14,30,49,121"/><W63/><G112/><T122/><D122/><U91/><E0/><V25/><F124/><W71/><G121/><T89/><D126/><U130/><E65/><V72/><F72/><W114/><G114/><T50/><D110/><U10/><E21/><V66/><F78/><N who="1" m="29737" /><E42/><V125/><F125/><W4/><G2/><T123/><D123/><U1/><E1/><V115/><F115/><W87/><G30/><T45/><D131/><U104/><E104/><V18/><F102/><W35/><G35/><T3/><D3/><U37/><E37/><V90/><F90/><W67/><G107/><T116/><D116/><U48/><E130/><V134/><F134/><W95/><G15/><T118/><D118/><U127/><E127/><V7/><F7/><W60/><G60/><T47/><D8/><N who="1" m="3115" /><E12/><V101/><F101/><W92/><G92/><T129/><D129/><U117/><E117/><V13/><F62/><W40/><G40/><T128/><D128/><U23/><E23/><V20/><F41/><W106/><G106/><T32/><D32/><U109/><E48/><N who="2" m="28823" /><F54/><W19/><G19/><T68/><D68/><U100/><E100/><V99/><F27/><N who="0" m="10282" /><D43/><U61/><E61/><V38/><F38/><W29/><G29/><T16/><D16/><U82/><E109/><V135/><F135/><W105/><G105/><T119/><D119/><U120/><E120/><V59/><F66/><W77/><G77/><T108/><D108/><U113/><E113/><V34/><F34/><W69/><G69/><T31/><D31/><U56/><E93/><V98/><N who="2" m="24576" /><DORA hai="75" /><V94/><F64/><RYUUKYOKU ba="0,0" sc="131,10,415,10,165,-30,289,10" hai0="44,45,47,50,58,80,84,85,86,89" hai1="51,55,56,81,82,83,91" hai3="4,6,14,17,22,49,52,57,63,67,71,87,95" /><INIT seed="3,1,0,0,4,6" ten="141,425,135,299" oya="3" hai0="80,31,68,127,23,125,3,126,36,32,62,106,76" hai1="33,97,84,4,64,63,112,24,1,70,40,55,35" hai2="12,46,101,123,47,122,81,21,15,98,87,103,131" hai3="60,104,71,20,45,94,66,13,39,37,29,69,108"/><W88/><G104/><T57/><D36/><U11/><E112/><V124/><F124/><W54/><G108/><T50/><D106/><U9/><E9/><V117/><F117/><W89/><G71/><T22/><D3/><U19/><E40/><V113/><F113/><W25/><G89/><T78/><D68/><U5/><E5/><V120/><F131/><W119/><G119/><T92/><D92/><U10/><E97/><V75/><F75/><W79/><G79/><N who="0" m="30251" /><D50/><U93/><E55/><V86/><F21/><W44/><G13/><N who="2" m="5193" /><F98/><W128/><G128/><T7/><D7/><U18/><E11/><V121/><F121/><W107/><G107/><T116/><D80/><U34/><E24/><V26/><F26/><W130/><G130/><T51/><D51/><U14/><E1/><V109/><F109/><W58/><G39/><T53/><D116/><U72/><E93/><V111/><F111/><W118/><G37/><T61/><D61/><U99/><E63/><V2/><F2/><W0/><G0/><T30/><D32/><U115/><E19/><V96/><F96/><W134/><G134/><T83/><D83/><U85/><E64/><V90/><F86/><W41/><G41/><T8/><D8/><U42/><E42/><V49/><F46/><W110/><G110/><T38/><D38/><U135/><E135/><V67/><F67/><W65/><G118/><T82/><D82/><U95/><E95/><V56/><F56/><W17/><G29/><AGARI ba="1,0" hai="22,23,29,30,31,53,57,62,125,126,127" m="30251" machi="29" ten="40,1300,0" yaku="18,1" doraHai="6" who="0" fromWho="3" sc="141,16,425,0,135,0,299,-16" owari="157,-24.3,425,52.5,135,-36.5,283,8.3" /></mjloggm>