<mjloggm ver="2.3"><GO type="225" lobby="0"/><UN n0="%6D%75%75%6D%75%72%61" n1="%E6%98%93%E5%88%A9%E8%96%A9%E4%BC%AF" n2="%E9%80%86%E9%80%A3%E5%B8%AF%E3%81%AE%E9%AC%BC" n3="%E3%81%AF%E3%82%88%E3%81%8A%E3%81%98%E3%81%95%E3%82%93" dan="16,16,16,16" rate="2153.57,2110.47,2165.80,2078.35" sx="F,F,M,M"/><TAIKYOKU oya="0"/><INIT seed="0,0,0,3,0,55" ten="250,250,250,250" oya="0" hai0="103,3,71,30,120,68,113,110,111,91,32,24,76" hai1="115,47,100,85,12,19,62,90,69,10,109,21,17" hai2="78,31,18,118,77,121,20,60,127,27,79,65,34" hai3="132,41,87,82,7,36,126,108,25,102,67,83,61"/><T119/><D113/><U13/><E109/><N who="0" m="41481" /><D119/><U59/><E115/><V28/><F127/><W72/><G108/><T58/><D120/><U49/><E69/><V29/><F121/><W97/><G126/><T81/><D3/><U26/><E100/><V57/><REACH who="2" step="1"/><F118/><REACH who="2" ten="250,250,240,250" step="2"/><W6/><G132/><T22/><D32/><AGARI ba="0,1" hai="18,20,27,28,29,31,32,34,57,60,65,77,78,79" machi="32" ten="40,8000,1" yaku="1,1,2,1,52,1,53,1" doraHai="55" doraHaiUra="52" who="2" fromWho="0" sc="250,-80,250,0,240,90,250,0" /><INIT seed="1,0,0,2,4,109" ten="170,250,330,250" oya="1" hai0="32,56,78,8,55,124,31,132,103,42,6,77,41" hai1="61,100,88,125,29,74,27,65,119,16,84,107,75" hai2="95,82,129,4,63,46,34,134,23,115,122,67,131" hai3="25,0,1,36,90,40,101,45,17,20,64,5,22"/><U71/><E119/><V2/><F34/><W85/><G101/><T26/><D132/><U92/><E125/><V35/><F35/><W96/><G96/><T113/><D113/><U7/><E7/><V83/><F122/><W54/><G64/><T93/><D124/><U108/><E108/><V111/><F134/><W104/><G104/><T81/><D103/><U128/><E128/><V135/><F135/><W112/><G112/><T14/><D93/><U33/><E16/><V13/><F111/><W19/><G54/><T97/><D97/><AGARI ba="0,0" hai="27,29,33,61,65,71,74,75,84,88,92,97,100,107" machi="97" ten="40,7700,0" yaku="25,2,54,1" doraHai="109" who="1" fromWho="0" sc="170,-77,250,77,330,0,250,0" /><INIT seed="1,1,0,2,4,112" ten="93,327,330,250" oya="1" hai0="35,124,0,111,32,120,87,123,36,118,103,100,52" hai1="48,13,125,104,128,42,25,5,39,133,113,131,109" hai2="18,107,56,37,119,134,62,8,115,130,30,41,4" hai3="16,114,34,55,23,49,53,126,71,79,3,105,27"/><U11/><E104/><V94/><F115/><W67/><G114/><T110/><D36/><U2/><E39/><V46/><F107/><W81/><G105/><T33/><D0/><U106/><E106/><V1/><F134/><W44/><G126/><T89/><D124/><U82/><E113/><V54/><F130/><N who="1" m="49705" /><E125/><V122/><F122/><N who="0" m="46634" /><D87/><U80/><E133/><V68/><F30/><W57/><G3/><T59/><D89/><U76/><E25/><V86/><F68/><W64/><G34/><N who="0" m="8707" /><T31/><DORA hai="9" /><D31/><U60/><E60/><V21/><F94/><W95/><G95/><T73/><D73/><N who="1" m="43023" /><E82/><V14/><REACH who="2" step="1"/><F86/><REACH who="2" ten="93,327,320,250" step="2"/><N who="3" m="48447" /><G71/><T20/><D118/><AGARI ba="1,1" hai="1,4,8,14,18,21,37,41,46,54,56,62,118,119" machi="118" ten="40,8000,1" yaku="1,1,52,3,53,0" doraHai="112,9" doraHaiUra="66,92" who="2" fromWho="0" sc="93,-83,327,0,320,93,250,0" /><INIT seed="2,0,0,2,4,44" ten="10,327,413,250" oya="2" hai0="65,28,104,105,16,8,55,127,36,39,31,82,125" hai1="94,64,67,11,53,48,81,46,61,93,109,14,21" hai2="52,103,79,134,95,56,86,29,9,120,10,54,131" hai3="42,7,2,30,101,99,58,117,69,96,121,33,72"/><V60/><F120/><W25/><G117/><T1/><D65/><U116/><E109/><V132/><F131/><W98/><G121/><T106/><D82/><U119/><E119/><V62/><F29/><W17/><G69/><T122/><D122/><U19/><E116/><V34/><F34/><W32/><G72/><T85/><D85/><U12/><E81/><V50/><F103/><W43/><G32/><T118/><D118/><U13/><E13/><V51/><F95/><W108/><G108/><T63/><D1/><U70/><REACH who="1" step="1"/><E64/><REACH who="1" ten="10,317,413,250" step="2"/><V76/><F86/><W87/><G87/><T6/><D6/><AGARI ba="0,1" hai="6,11,12,14,19,21,46,48,53,61,67,70,93,94" machi="6" ten="30,7700,0" yaku="1,1,2,1,7,1,52,1,53,0" doraHai="44" doraHaiUra="77" who="1" fromWho="0" sc="10,-77,317,87,413,0,250,0" owari="-67,-56.7,404,20.4,413,51.3,250,-15.0" /></mjloggm>