<mjloggm ver="2.3"><GO type="225" lobby="0"/><UN n0="%E3%81%B2%E3%81%AA%E3%81%AE%E3%82%8A%E3%81%8F" n1="%43%68%65" n2="%E3%81%A1%E3%82%85%E3%81%86%E3%81%A9%E3%81%8F%E8%B1%A1%E3%81%95%E3%82%93" n3="%E2%91%A3%E9%81%BF%E9%81%8A%E6%88%AF%E3%80%90%E6%9D%B1%E5%8D%97%E3%80%91" dan="16,16,17,16" rate="2116.99,2078.06,2153.69,2104.98" sx="M,M,M,M"/><TAIKYOKU oya="0"/><INIT seed="0,0,0,0,2,5" ten="250,250,250,250" oya="0" hai0="10,49,107,116,31,90,94,39,70,97,72,78,69" hai1="57,132,73,40,12,28,25,128,131,82,121,24,125" hai2="48,50,6,85,135,7,46,59,86,54,36,105,95" hai3="63,89,23,53,88,101,22,9,13,100,16,113,8"/><T68/><D116/><U35/><E121/><V19/><F105/><W112/><G112/><T44/><D39/><U0/><E0/><V58/><F135/><W27/><G113/><T96/><D31/><U99/><E132/><V133/><F133/><W103/><G63/><T92/><D107/><U55/><E125/><V115/><F115/><W18/><G53/><T104/><D104/><U71/><E71/><V21/><F36/><W129/><G129/><N who="1" m="49738" /><E25/><V56/><F48/><W109/><G109/><T45/><D78/><N who="1" m="44367" /><E12/><N who="2" m="9447" /><F85/><W108/><G108/><T67/><D72/><U134/><E134/><V15/><F15/><W17/><G17/><T30/><D30/><U47/><E99/><V110/><F110/><W41/><G41/><T98/><D98/><U119/><E119/><V77/><F77/><W76/><G76/><T51/><D67/><U75/><E75/><V117/><F117/><W1/><G1/><T4/><D51/><N who="1" m="30975" /><E47/><V64/><F64/><W14/><REACH who="3" step="1"/><G27/><REACH who="3" ten="250,250,250,240" step="2"/><T91/><D49/><U87/><E40/><V127/><F127/><W26/><G26/><T61/><D61/><U3/><E3/><AGARI ba="0,1" hai="3,4,10,44,45,68,69,70,90,91,92,94,96,97" machi="3" ten="40,3900,0" yaku="9,1,52,1" doraHai="5" who="0" fromWho="1" sc="250,49,250,-39,250,0,240,0" /><INIT seed="0,1,0,4,4,42" ten="299,211,250,240" oya="0" hai0="125,30,27,56,50,19,36,71,81,131,111,114,103" hai1="129,37,116,110,63,23,89,15,121,107,62,109,88" hai2="29,57,112,40,66,43,135,6,98,92,64,10,16" hai3="72,31,79,95,51,4,120,68,48,78,59,38,113"/><T97/><D114/><U61/><E116/><V133/><F112/><W93/><G113/><T32/><D71/><U99/><E121/><V7/><F29/><W84/><G68/><T35/><D36/><U106/><E37/><V91/><F43/><W18/><G38/><T104/><D131/><U26/><E15/><N who="2" m="7287" /><F40/><W132/><G120/><T69/><D69/><U3/><E3/><V90/><F90/><N who="1" m="34921" /><E99/><V2/><F2/><W12/><G72/><T44/><D125/><U17/><E129/><V14/><F14/><W118/><G4/><N who="2" m="1577" /><F57/><W74/><G74/><T94/><D19/><U20/><E20/><V122/><F122/><W53/><G31/><T65/><D81/><U123/><E123/><V21/><F21/><W115/><G118/><T82/><D82/><U9/><E9/><V39/><F39/><W1/><G1/><T77/><D35/><U75/><E75/><V45/><F45/><W130/><G130/><T41/><D77/><U22/><E22/><V8/><F8/><W28/><G79/><T73/><D73/><U85/><E85/><V34/><F34/><W124/><G78/><T102/><D104/><U25/><E25/><V33/><F33/><W127/><G115/><T47/><D32/><U58/><E58/><V67/><F133/><W128/><G128/><T49/><D56/><U134/><E134/><V80/><F135/><W55/><G132/><T70/><D70/><U87/><E87/><V5/><F80/><W60/><G84/><T126/><D27/><U46/><E46/><V11/><N who="2" m="1585" /><V108/><DORA hai="83" /><F11/><N who="3" m="6431" /><G127/><T101/><D126/><RYUUKYOKU ba="1,0" sc="299,-15,211,15,250,15,240,-15" hai1="17,23,26,61,62,63,106,107,109,110" hai2="64,66,67,91,92,98,108" /><INIT seed="1,2,0,3,1,4" ten="284,226,265,225" oya="1" hai0="77,25,109,80,13,94,18,29,97,86,36,15,55" hai1="75,124,14,12,69,128,61,116,103,92,60,39,54" hai2="118,93,65,67,63,68,30,131,121,71,2,96,58" hai3="17,114,31,126,59,119,56,83,108,11,98,48,23"/><U62/><E116/><V49/><F121/><W91/><G119/><T9/><D109/><U82/><E39/><V57/><F118/><W106/><G108/><T111/><D111/><U7/><E69/><V32/><F2/><W24/><G114/><T74/><D36/><U44/><E128/><V113/><F113/><W37/><G37/><T64/><D64/><U21/><E124/><V84/><F131/><W70/><G126/><T134/><D55/><U123/><E123/><V46/><F84/><W85/><G70/><T43/><D43/><U105/><E105/><V130/><F130/><W51/><G106/><T95/><D134/><U76/><E21/><V133/><F133/><W127/><G98/><T101/><D15/><U125/><E125/><V112/><F112/><W1/><G1/><T52/><D52/><U28/><E28/><V47/><F30/><W34/><G34/><T5/><D5/><U27/><E27/><V104/><F104/><W38/><G38/><T87/><REACH who="0" step="1"/><D95/><REACH who="0" ten="274,226,265,225" step="2"/><U115/><E115/><V16/><F67/><W89/><G127/><T122/><D122/><U110/><E110/><V81/><F65/><W102/><G59/><T45/><D45/><U3/><E3/><V19/><F47/><W22/><G56/><T6/><D6/><U90/><E7/><V99/><F68/><W40/><G40/><T79/><D79/><U20/><E14/><V10/><F71/><W129/><G129/><T78/><D78/><U132/><E132/><V35/><F58/><W53/><G53/><T88/><D88/><U66/><E54/><V0/><F57/><RYUUKYOKU ba="2,1" sc="274,30,226,-10,265,-10,225,-10" hai0="9,13,18,25,29,74,77,80,86,87,94,97,101" /><INIT seed="2,3,1,0,5,107" ten="304,216,255,215" oya="2" hai0="43,63,121,89,81,80,0,90,133,126,17,68,91" hai1="75,9,92,52,1,35,98,22,72,44,19,49,71" hai2="20,5,7,45,82,116,51,10,41,50,114,23,67" hai3="132,104,14,6,61,108,103,34,12,38,86,11,105"/><V16/><F116/><W118/><G118/><T59/><D0/><U21/><E35/><V46/><F114/><W32/><G38/><T27/><D121/><U101/><E71/><V28/><F67/><W110/><G86/><T57/><D43/><U94/><E94/><V102/><F102/><W36/><G36/><T74/><D68/><U85/><E85/><V99/><F99/><N who="3" m="61567" /><G105/><T130/><D130/><U96/><E96/><V56/><F82/><W3/><G61/><T58/><D81/><U39/><E39/><V78/><F78/><W109/><G132/><T69/><D69/><U131/><E131/><V30/><F56/><W70/><G70/><T122/><D122/><U65/><E65/><V26/><F10/><N who="3" m="2399" /><G12/><T24/><D63/><U2/><E22/><V25/><F16/><AGARI ba="3,1" hai="11,14,16,32,34,108,109,110" m="2399,61567" machi="16" ten="30,2000,0" yaku="14,1,54,1" doraHai="107" who="3" fromWho="2" sc="304,0,216,0,255,-29,215,39" /><INIT seed="3,0,0,3,5,84" ten="304,216,226,254" oya="3" hai0="62,6,9,80,118,21,116,14,76,53,51,18,34" hai1="106,11,35,86,1,31,54,121,57,129,4,117,48" hai2="8,97,109,38,58,17,96,98,52,42,55,71,60" hai3="124,45,23,56,15,32,111,72,64,24,27,0,69"/><W16/><G124/><T7/><D62/><U108/><E121/><V44/><F109/><W43/><G111/><T119/><D34/><U10/><E108/><V25/><F71/><W125/><G125/><T123/><D123/><U63/><E106/><V134/><F134/><W28/><G72/><T102/><D102/><U89/><E129/><V122/><F122/><W30/><G0/><T75/><D9/><U114/><E114/><V93/><F55/><W105/><G105/><T39/><D39/><U107/><E107/><V77/><F77/><W20/><G69/><T104/><D104/><U33/><E117/><V50/><F38/><W22/><G64/><T67/><D67/><U12/><E63/><V73/><F73/><W120/><G56/><T88/><D88/><U61/><E61/><V131/><F131/><W82/><G82/><T87/><REACH who="0" step="1"/><D75/><REACH who="0" ten="294,216,226,254" step="2"/><U59/><E31/><V5/><F8/><W29/><G120/><T37/><D37/><U78/><E78/><V70/><F70/><W94/><G94/><T112/><D112/><U68/><E68/><V74/><F74/><W19/><REACH who="3" step="1"/><G32/><REACH who="3" ten="294,216,226,244" step="2"/><T101/><D101/><U83/><REACH who="1" step="1"/><E59/><AGARI ba="0,2" hai="6,7,14,18,21,51,53,59,76,80,87,116,118,119" machi="59" ten="40,1300,0" yaku="1,1,53,0" doraHai="84" doraHaiUra="65" who="0" fromWho="1" sc="294,33,216,-13,226,0,244,0" owari="327,42.7,203,-29.7,226,-17.4,244,4.4" /></mjloggm>