<mjloggm ver="2.3"><GO type="225" lobby="0"/><UN n0="%E3%81%82%E3%81%99%E3%81%AB%E3%82%83%E3%82%80" n1="%E6%80%AA%E3%81%97%E3%81%99%E3%81%8E%E3%82%8B%E3%83%81%E3%83%BC" n2="%E4%B8%89%E6%A7%93%E5%AD%90" n3="%6D%75%75%6D%75%72%61" dan="16,16,16,16" rate="2059.60,2121.43,2064.41,2176.08" sx="F,M,F,F"/><TAIKYOKU oya="0"/><INIT seed="0,0,0,3,0,108" ten="250,250,250,250" oya="0" hai0="9,112,51,93,24,36,98,119,66,113,20,126,124" hai1="60,117,10,2,111,118,131,21,83,48,92,73,80" hai2="19,15,6,128,1,29,109,96,8,53,47,103,107" hai3="40,123,85,13,101,71,17,45,88,39,102,28,87"/><T54/><D36/><U64/><E111/><V3/><F109/><W31/><G71/><T14/><D66/><U25/><E131/><V127/><F127/><N who="0" m="48682" /><D119/><U56/><E92/><V26/><F128/><W4/><G123/><T67/><D67/><U100/><E100/><V0/><F47/><W70/><G70/><T133/><D133/><U75/><E48/><V114/><F53/><W61/><G4/><N who="0" m="3367" /><D20/><U78/><E80/><V27/><F27/><W106/><G61/><T120/><D24/><U49/><E75/><V134/><F134/><W30/><G106/><T12/><D12/><U81/><E81/><V7/><REACH who="2" step="1"/><F114/><REACH who="2" ten="250,250,240,250" step="2"/><W68/><G31/><T50/><D120/><U77/><E25/><V110/><F110/><W18/><G30/><T95/><D54/><U22/><E117/><V115/><F115/><N who="0" m="44106" /><D93/><U35/><E118/><V132/><F132/><W99/><G28/><T74/><D74/><U38/><E73/><V86/><F86/><W125/><G87/><T63/><D63/><U129/><E60/><V57/><F57/><W16/><G68/><T79/><D79/><U41/><E56/><V62/><F62/><W116/><G125/><T43/><D43/><U97/><E41/><V32/><AGARI ba="0,1" hai="0,1,3,6,7,8,15,19,26,29,32,96,103,107" machi="32" ten="30,2000,0" yaku="1,1,0,1,53,0" doraHai="108" doraHaiUra="84" who="2" fromWho="2" sc="250,-10,250,-5,240,30,250,-5" /><INIT seed="1,0,0,3,1,132" ten="240,245,270,245" oya="1" hai0="128,131,65,97,0,117,66,29,63,55,112,50,19" hai1="109,52,3,1,129,69,79,39,46,92,58,61,89" hai2="9,60,10,12,73,41,127,115,54,110,13,103,130" hai3="47,71,135,20,119,98,91,64,100,78,94,18,134"/><U49/><E129/><N who="0" m="49737" /><D0/><U45/><E109/><V24/><F73/><W84/><G119/><T56/><D29/><U48/><E79/><V121/><F121/><W87/><G47/><N who="0" m="28127" /><D19/><U104/><E104/><V26/><F130/><W31/><G31/><T114/><D97/><U30/><E30/><V4/><F110/><W59/><G78/><T72/><D72/><U125/><E125/><V7/><F115/><N who="0" m="44074" /><D117/><U8/><E8/><V27/><F103/><W23/><G87/><T120/><D120/><U124/><E124/><V5/><F127/><W107/><G20/><T6/><D6/><U96/><E39/><V99/><F99/><W102/><G102/><T133/><D133/><U88/><E89/><V57/><REACH who="2" step="1"/><F41/><REACH who="2" ten="240,245,260,245" step="2"/><W101/><G101/><T33/><D33/><U15/><E96/><V108/><F108/><W82/><G135/><T28/><D28/><U11/><E3/><V40/><F40/><W22/><G134/><T62/><D62/><U34/><E1/><V35/><F35/><W113/><G113/><T85/><D85/><N who="1" m="52239" /><E34/><V16/><AGARI ba="0,1" hai="4,5,7,9,10,12,13,16,24,26,27,54,57,60" machi="16" ten="30,8000,1" yaku="1,1,0,1,8,1,54,1,53,1" doraHai="132" doraHaiUra="14" who="2" fromWho="2" sc="240,-20,245,-40,260,90,245,-20" /><INIT seed="2,0,0,5,0,132" ten="220,205,350,225" oya="2" hai0="26,51,122,28,10,69,43,71,103,40,44,112,118" hai1="32,17,131,33,1,39,14,100,12,57,15,21,124" hai2="116,45,126,70,63,7,5,42,81,52,13,101,6" hai3="110,123,93,90,25,22,64,96,48,120,108,125,134"/><V106/><F116/><W115/><G134/><T128/><D112/><U79/><E39/><V49/><F126/><W107/><G115/><T121/><D128/><U20/><E57/><V119/><F119/><W99/><G125/><T58/><D118/><U75/><E100/><V88/><F106/><W85/><G64/><T41/><D103/><U102/><E102/><V60/><F101/><N who="3" m="62887" /><G48/><T55/><D10/><N who="1" m="6295" /><E79/><V117/><F117/><W61/><G61/><N who="2" m="23625" /><F70/><N who="0" m="26634" /><D26/><U97/><E97/><V80/><F13/><N who="1" m="4617" /><E75/><V72/><F72/><W109/><G99/><T67/><D28/><AGARI ba="0,0" hai="22,25,28,85,90,93,108,109,110,120,123" m="62887" machi="28" ten="30,1000,0" yaku="14,1" doraHai="132" who="3" fromWho="0" sc="220,-10,205,0,350,0,225,10" /><INIT seed="3,0,0,4,4,134" ten="210,205,350,235" oya="3" hai0="113,100,49,43,104,17,51,84,112,29,116,13,7" hai1="41,118,110,15,18,32,63,34,61,47,21,96,133" hai2="125,103,12,119,101,130,50,109,114,37,121,115,58" hai3="3,56,135,73,66,131,105,40,57,27,124,102,68"/><W91/><G135/><T46/><D116/><U44/><E133/><V25/><F37/><W20/><G3/><T54/><D7/><U94/><E110/><V45/><F119/><W70/><G131/><T111/><D29/><U98/><E118/><V2/><F2/><W80/><G40/><T11/><D111/><U22/><E34/><V77/><F109/><W78/><G124/><T30/><D30/><U90/><E32/><V38/><F125/><W64/><G91/><T95/><D104/><U82/><E82/><V59/><F115/><W1/><G1/><T14/><D14/><U53/><E96/><V108/><F114/><N who="0" m="44138" /><D100/><N who="2" m="38474" /><F38/><W129/><G129/><T19/><D95/><U123/><E123/><V31/><F121/><W127/><G127/><T24/><D84/><U35/><E35/><V74/><F74/><W8/><G105/><T4/><D24/><U97/><E97/><V60/><F77/><W128/><G102/><T67/><D67/><U55/><E22/><V23/><F108/><W69/><G128/><T6/><D4/><U85/><E85/><V126/><F126/><W93/><G93/><T10/><D10/><U79/><E79/><V132/><F132/><W92/><G8/><T5/><D5/><U83/><E83/><V106/><F106/><W26/><G92/><T48/><D48/><N who="1" m="26639" /><E53/><V86/><F12/><W36/><G36/><T122/><D122/><U99/><E98/><V33/><F130/><W16/><REACH who="3" step="1"/><G27/><REACH who="3" ten="210,205,350,225" step="2"/><T75/><D75/><U76/><E76/><V88/><F25/><W72/><G72/><T81/><D81/><U62/><E55/><RYUUKYOKU ba="0,1" sc="210,10,205,10,350,-30,225,10" hai0="6,11,13,17,19,43,46,49,51,54" hai1="15,18,21,47,61,62,63,90,94,99" hai3="16,20,26,56,57,64,66,68,69,70,73,78,80" /><INIT seed="3,1,1,0,4,13" ten="220,215,320,235" oya="3" hai0="51,113,90,4,28,24,23,34,0,3,76,63,35" hai1="117,86,41,133,18,14,85,5,131,97,61,25,82" hai2="72,56,67,105,1,78,17,129,38,68,95,128,43" hai3="36,109,127,108,107,69,115,87,15,50,44,80,62"/><W49/><G115/><T102/><D102/><U19/><E133/><V75/><F105/><W48/><G107/><T96/><D76/><U77/><E131/><N who="2" m="50251" /><F1/><W120/><G120/><T74/><D74/><U83/><E117/><V70/><F95/><W29/><G127/><T111/><D111/><N who="3" m="42569" /><G29/><T124/><D124/><U98/><E41/><V84/><F56/><W30/><G30/><T66/><D113/><U53/><E5/><V27/><F43/><N who="3" m="22631" /><G15/><T16/><D51/><U33/><E33/><V37/><F75/><W110/><N who="3" m="42577" /><W31/><DORA hai="73" /><G31/><T8/><D0/><U32/><E32/><V81/><F72/><W12/><G12/><T99/><D34/><U112/><E112/><V42/><F42/><W2/><G2/><T59/><D90/><N who="1" m="51511" /><E25/><AGARI ba="1,1" hai="3,4,8,16,23,24,25,28,35,59,63,66,96,99" machi="25" ten="30,3900,0" yaku="7,1,52,1,54,1" doraHai="13,73" who="0" fromWho="1" sc="220,52,215,-42,320,0,235,0" owari="272,7.2,173,-32.7,320,42.0,235,-16.5" /></mjloggm>