<mjloggm ver="2.3"><GO type="225" lobby="0"/><UN n0="%E5%8F%AF%E5%85%90%E9%82%A3%E7%94%B1%E5%A4%9A" n1="%72%69%6F%75%63%68%61%6E" n2="%E3%83%9D%E3%82%B1%E3%83%83%E3%83%88" n3="%E6%97%A5%E6%9B%9C%E6%97%A5%E3%82%88%E3%82%8A%E3%81%AE%E4%BD%BF%E8%80%85" dan="16,16,16,16" rate="2126.03,2198.81,2103.83,2154.32" sx="F,M,M,M"/><TAIKYOKU oya="0"/><INIT seed="0,0,0,2,5,129" ten="250,250,250,250" oya="0" hai0="104,35,52,103,79,92,111,75,131,119,27,40,80" hai1="106,97,126,84,98,0,112,23,60,116,7,10,74" hai2="90,38,100,47,48,3,18,68,66,130,36,9,88" hai3="128,59,76,41,135,24,81,34,21,50,55,8,67"/><T95/><D119/><U57/><E116/><V102/><F130/><W58/><G128/><T133/><D131/><U33/><E33/><V89/><F68/><W25/><G34/><T114/><D114/><U63/><E74/><V115/><F115/><W118/><G118/><T125/><D40/><U4/><E112/><V12/><F3/><W117/><G117/><T94/><D35/><U29/><E126/><V132/><F132/><W46/><G8/><T123/><D27/><U73/><E73/><V44/><F66/><W122/><G122/><T53/><D123/><U42/><E42/><V86/><F86/><W110/><G110/><T108/><D125/><U49/><E4/><V54/><REACH who="2" step="1"/><F47/><REACH who="2" ten="250,250,240,250" step="2"/><W31/><G135/><T120/><D133/><U105/><E84/><V51/><F51/><W62/><G67/><T17/><D120/><U121/><E49/><V77/><F77/><W19/><G76/><T70/><D70/><U101/><E121/><V32/><F32/><W20/><G59/><T72/><D72/><U64/><E63/><V71/><F71/><W22/><G22/><T134/><D134/><U37/><E60/><V93/><F93/><W6/><G81/><T91/><D111/><U15/><E57/><V107/><F107/><W26/><REACH who="3" step="1"/><G6/><REACH who="3" ten="250,250,240,240" step="2"/><T109/><D109/><U78/><E64/><V14/><F14/><AGARI ba="0,2" hai="14,19,20,21,24,25,26,31,41,46,50,55,58,62" machi="14" ten="30,8000,1" yaku="1,1,2,1,7,1,8,1,53,1" doraHai="129" doraHaiUra="56" who="3" fromWho="2" sc="250,0,250,0,240,-80,240,100" /><INIT seed="1,0,0,1,3,55" ten="250,250,160,340" oya="1" hai0="74,12,0,88,34,40,84,79,64,123,99,66,101" hai1="11,14,85,73,4,70,124,9,134,20,39,33,37" hai2="41,77,97,30,121,17,93,81,5,82,19,100,127" hai3="115,129,28,112,52,47,133,1,90,96,59,58,57"/><U95/><E33/><V26/><F121/><W32/><G1/><T62/><D0/><U75/><E70/><V125/><F5/><W111/><G28/><T107/><D34/><U54/><E124/><V130/><F41/><W56/><G32/><T116/><D116/><U119/><E119/><V120/><F120/><W53/><G111/><T131/><D123/><U25/><E134/><V102/><F130/><W49/><G133/><T22/><D131/><U10/><E73/><V113/><F113/><W65/><G129/><T15/><D40/><U31/><E75/><V45/><F45/><W109/><G109/><T67/><D22/><U91/><REACH who="1" step="1"/><E54/><REACH who="1" ten="250,240,160,340" step="2"/><V71/><F71/><W27/><G115/><T94/><REACH who="0" step="1"/><D62/><REACH who="0" ten="240,240,160,340" step="2"/><U44/><E44/><V21/><F127/><W105/><G112/><T98/><D98/><U83/><E83/><AGARI ba="0,2" hai="12,15,64,66,67,74,79,83,84,88,94,99,101,107" machi="83" ten="40,8000,1" yaku="1,1,24,2,54,1,53,0" doraHai="55" doraHaiUra="23" who="0" fromWho="1" sc="240,100,240,-80,160,0,340,0" /><INIT seed="2,0,0,3,5,101" ten="340,160,160,340" oya="2" hai0="67,103,1,50,48,120,43,7,97,112,107,71,42" hai1="85,53,0,122,124,10,123,20,118,129,56,96,135" hai2="73,78,81,72,32,90,9,91,37,59,29,102,8" hai3="55,30,63,128,35,108,94,2,11,119,21,13,60"/><V5/><F73/><W52/><G35/><T121/><D112/><U75/><E75/><V47/><F9/><W22/><G2/><T45/><D7/><N who="1" m="1383" /><E118/><V23/><F32/><W3/><G3/><T111/><D1/><U84/><E124/><V28/><F102/><W27/><G119/><T15/><D111/><U134/><E129/><V98/><F59/><W58/><G128/><T70/><D15/><U95/><E20/><V83/><F98/><W92/><G108/><T86/><D86/><N who="1" m="33387" /><E95/><V127/><F127/><W68/><G22/><T126/><D126/><U4/><E96/><V99/><F83/><W19/><G68/><T77/><D77/><U87/><N who="1" m="33395" /><U14/><DORA hai="24" /><E14/><V132/><F99/><W80/><G80/><T109/><D109/><U82/><E4/><V57/><F23/><W74/><G74/><T39/><D39/><U106/><E106/><V61/><F5/><W51/><G63/><T46/><REACH who="0" step="1"/><D67/><REACH who="0" ten="330,160,160,340" step="2"/><U33/><E82/><V93/><F81/><W105/><G105/><T104/><D104/><U100/><E123/><AGARI ba="0,1" hai="42,43,45,46,48,50,70,71,97,103,107,120,121,123" machi="123" ten="40,5200,0" yaku="1,1,9,1,52,1,53,0" doraHai="101,24" doraHaiUra="31,17" who="0" fromWho="1" sc="330,62,160,-52,160,0,340,0" /><INIT seed="3,0,0,3,1,92" ten="392,108,160,340" oya="3" hai0="103,132,120,97,122,19,124,10,16,56,61,125,110" hai1="13,118,44,82,72,57,71,98,17,107,21,27,59" hai2="65,91,78,114,48,3,41,42,128,20,74,100,15" hai3="31,119,87,80,9,55,134,64,94,25,34,47,81"/><W76/><G119/><T53/><D110/><U84/><E118/><V50/><F3/><W5/><G134/><T12/><D132/><U121/><E121/><V73/><F128/><W88/><G64/><T77/><D77/><U108/><E71/><V89/><F114/><W54/><G47/><T14/><D125/><U130/><E108/><V60/><F100/><W85/><REACH who="3" step="1"/><G80/><REACH who="3" ten="392,108,160,330" step="2"/><T90/><D124/><U111/><E111/><V96/><F65/><W11/><G11/><T133/><D133/><U40/><E130/><V35/><F42/><W4/><G4/><T66/><D66/><U93/><E72/><V116/><F41/><W45/><G45/><T22/><D90/><U63/><E107/><AGARI ba="0,1" hai="10,12,14,16,19,22,53,56,61,97,103,107,120,122" machi="107" ten="30,3900,0" yaku="7,1,52,1,54,1" doraHai="92" who="0" fromWho="1" sc="392,49,108,-39,160,0,330,0" owari="441,54.1,69,-43.1,160,-24.0,330,13.0" /></mjloggm>