<mjloggm ver="2.3"><GO type="225" lobby="0"/><UN n0="%E4%BF%BA%E3%81%A8%E5%A6%96%E5%A4%A2" n1="%E5%B8%86%E7%AB%8B%E5%A4%8F%E8%A1%A3" n2="%E3%83%8F%E3%83%B3%E3%83%89%E3%83%A9%E3%83%BC%E3%83%BB%E3%83%AF%E3%83%B3" n3="%E6%97%A5%E6%9B%9C%E6%97%A5%E3%82%88%E3%82%8A%E3%81%AE%E4%BD%BF%E8%80%85" dan="16,17,17,16" rate="2138.25,2154.37,2172.18,2164.27" sx="F,M,M,M"/><TAIKYOKU oya="0"/><INIT seed="0,0,0,4,4,114" ten="250,250,250,250" oya="0" hai0="91,12,48,29,77,101,0,103,108,104,112,128,107" hai1="106,8,49,123,31,89,124,96,44,10,132,87,34" hai2="25,55,88,95,118,83,16,32,130,50,79,67,35" hai3="1,47,51,78,38,59,75,56,81,40,23,73,90"/><T127/><D112/><U121/><E124/><V17/><F130/><W39/><G75/><T99/><D0/><U120/><E132/><V14/><F67/><W66/><G1/><T97/><D128/><U85/><E31/><V133/><F133/><W84/><G23/><T129/><D129/><U70/><E70/><V45/><F118/><W65/><G65/><T134/><D134/><U125/><E34/><V11/><F17/><W42/><G66/><T43/><D127/><U126/><E126/><V24/><F32/><W117/><G117/><T57/><D77/><U30/><E30/><V105/><F105/><W113/><G113/><T115/><D115/><U3/><E125/><V60/><F60/><W64/><G64/><T19/><D29/><U2/><E2/><V21/><F11/><W28/><G28/><T33/><D33/><U76/><E3/><V131/><F35/><W68/><G68/><T53/><D91/><U80/><E96/><V41/><F41/><W18/><G18/><T7/><D43/><U58/><E106/><V82/><F131/><W100/><G100/><T102/><D102/><U26/><E26/><N who="2" m="10347" /><F79/><W46/><REACH who="3" step="1"/><G51/><REACH who="3" ten="250,250,250,240" step="2"/><T92/><D107/><U122/><E122/><V86/><AGARI ba="0,1" hai="14,16,21,45,50,55,82,83,86,88,95" m="10347" machi="86" ten="30,4000,0" yaku="8,1,54,2" doraHai="114" who="2" fromWho="2" sc="250,-20,250,-10,250,50,240,-10" /><INIT seed="1,0,0,1,5,14" ten="230,240,300,230" oya="1" hai0="87,30,51,122,0,86,84,108,66,67,117,74,19" hai1="80,119,132,2,42,69,82,88,5,34,52,11,81" hai2="127,77,57,98,45,18,44,91,1,102,29,63,85" hai3="123,35,33,12,97,110,135,21,131,60,83,9,15"/><U43/><E69/><V39/><F1/><W13/><G97/><T17/><D117/><U125/><E119/><V107/><F127/><W16/><G83/><T56/><D74/><U37/><E125/><V76/><F29/><W61/><G123/><T38/><D38/><U40/><E132/><V121/><F121/><W96/><G96/><T23/><D0/><U65/><E65/><N who="0" m="24585" /><D108/><U7/><E34/><N who="3" m="12810" /><G61/><T50/><D122/><U71/><E71/><V4/><F4/><N who="1" m="1609" /><E37/><V106/><F106/><W32/><G60/><T54/><D51/><U124/><E124/><V105/><F105/><W129/><G110/><T92/><D92/><U41/><E2/><V59/><F39/><W111/><G111/><T20/><D20/><U101/><N who="1" m="10240" /><DORA hai="48" /><U103/><E11/><V36/><F36/><W90/><G135/><T8/><D8/><U94/><E52/><V114/><F107/><W72/><G72/><T47/><D47/><U46/><E46/><V99/><F44/><W100/><G32/><T78/><D78/><U53/><E53/><V134/><F77/><W3/><G3/><T113/><D113/><U95/><E95/><V68/><F76/><W22/><G9/><T109/><D109/><U73/><E73/><V133/><F45/><W93/><G93/><T70/><D70/><U89/><E94/><V10/><F68/><W112/><G112/><T79/><D79/><U31/><E31/><V130/><F114/><W28/><G28/><T128/><D128/><U126/><E126/><V27/><F134/><W49/><G131/><T26/><AGARI ba="0,0" hai="17,19,23,26,30,50,54,56,84,86,87" m="24585" machi="26" ten="30,7900,0" yaku="8,1,52,3" doraHai="14,48" who="0" fromWho="0" sc="230,79,240,-39,300,-20,230,-20" /><INIT seed="2,0,0,3,3,28" ten="309,201,280,210" oya="2" hai0="44,50,91,5,132,90,99,35,27,58,130,15,14" hai1="102,2,121,6,49,123,113,78,85,24,65,76,120" hai2="129,77,74,80,89,10,8,126,81,135,98,70,93" hai3="133,131,115,20,53,112,16,106,0,84,36,127,105"/><V103/><F70/><W67/><G36/><T42/><D132/><U1/><E113/><N who="3" m="43594" /><G133/><T59/><D130/><U41/><E102/><V101/><F135/><W9/><G131/><T86/><D99/><U55/><E41/><V31/><F129/><W39/><G127/><T29/><D91/><U107/><E107/><N who="3" m="40970" /><G39/><T62/><D5/><U54/><E65/><V25/><F126/><W134/><G134/><T108/><D108/><U33/><E6/><V30/><F30/><W4/><G67/><T100/><D100/><U110/><E110/><V60/><F60/><W111/><G111/><T66/><REACH who="0" step="1"/><D58/><REACH who="0" ten="299,201,280,210" step="2"/><U22/><E120/><V61/><F103/><W94/><G53/><T12/><D12/><U63/><E121/><V124/><F124/><W26/><G94/><AGARI ba="0,1" hai="14,15,27,29,35,42,44,50,59,62,66,86,90,94" machi="94" ten="30,7700,0" yaku="1,1,7,1,52,1,53,1" doraHai="28" doraHaiUra="88" who="0" fromWho="3" sc="299,87,201,0,280,0,210,-77" /><INIT seed="3,0,0,5,3,129" ten="386,201,280,133" oya="3" hai0="101,120,75,48,38,104,117,20,103,93,114,61,69" hai1="87,1,113,123,124,15,37,110,25,29,41,71,53" hai2="65,100,68,94,10,7,3,118,121,23,17,98,54" hai3="44,5,132,52,12,26,31,56,112,82,90,131,59"/><W102/><G112/><T39/><D93/><U133/><E133/><V4/><F118/><W70/><G70/><T42/><D101/><U14/><E1/><V51/><F121/><W62/><G131/><T107/><D117/><U0/><E0/><V135/><F135/><W92/><G132/><T74/><D48/><U109/><E71/><V86/><F7/><W55/><G102/><T88/><D88/><U16/><E124/><V119/><F119/><W46/><G82/><T19/><D120/><U96/><E113/><V115/><F115/><W57/><G5/><T99/><D104/><U95/><E87/><V91/><F65/><W73/><G73/><T116/><D116/><U126/><E126/><V76/><F76/><W78/><G78/><T72/><D42/><U84/><E84/><V11/><F68/><W127/><G12/><T27/><D114/><U125/><E125/><V49/><F54/><W9/><G9/><T134/><D134/><U13/><E53/><N who="3" m="20554" /><G62/><T66/><AGARI ba="0,0" hai="19,20,27,38,39,61,66,69,72,74,75,99,103,107" machi="66" ten="40,1500,0" yaku="0,1" doraHai="129" who="0" fromWho="0" sc="386,15,201,-4,280,-4,133,-7" owari="401,50.1,197,-20.3,276,7.6,126,-37.4" /></mjloggm>