<mjloggm ver="2.3"><GO type="225" lobby="0"/><UN n0="%E6%9D%B1%E9%A2%A8%E3%81%AE%E3%81%8D%E3%82%83%E3%81%B7%E3%81%95%E3%82%93" n1="%E4%BF%BA%E3%81%A8%E5%A6%96%E5%A4%A2" n2="%77%72%77%72%77%72%77%72" n3="%E5%8D%A0%E3%81%84%E5%B8%AB%E8%A3%8F%E3%81%AA%E3%81%84%E3%81%97" dan="17,17,17,17" rate="2226.20,2210.01,2222.77,2160.16" sx="M,F,M,M"/><TAIKYOKU oya="0"/><INIT seed="0,0,0,0,4,89" ten="250,250,250,250" oya="0" hai0="125,63,65,39,4,19,71,118,25,103,66,26,91" hai1="57,112,95,127,30,52,32,15,33,73,111,37,55" hai2="35,126,7,84,76,113,101,128,78,80,100,135,20" hai3="121,67,8,58,119,18,106,56,109,24,12,133,83"/><T107/><D125/><U120/><E120/><V131/><F35/><W79/><G119/><T96/><D118/><U53/><E37/><V82/><F7/><W13/><G109/><T87/><D39/><U69/><E73/><N who="2" m="43023" /><F20/><W105/><G121/><T29/><D66/><U123/><E123/><V23/><F23/><W129/><G129/><N who="2" m="49737" /><F126/><W77/><G133/><T10/><D19/><U54/><E69/><V16/><F16/><W98/><G79/><T97/><D97/><U0/><E0/><V81/><F135/><W92/><G24/><T9/><D29/><U122/><E122/><V61/><F61/><W5/><G105/><T51/><D51/><U86/><E111/><V27/><F27/><W1/><G106/><T36/><D36/><U70/><E70/><V102/><F113/><W75/><G1/><T6/><D6/><U44/><E112/><V132/><F132/><W62/><G58/><T115/><D115/><U90/><E127/><V41/><F41/><W45/><G45/><T99/><D99/><U108/><E108/><V47/><F47/><W50/><G50/><T117/><D117/><U85/><E44/><V116/><F116/><W48/><G48/><T104/><D10/><U22/><E85/><N who="2" m="48311" /><F102/><W74/><G74/><T94/><REACH who="0" step="1"/><D107/><REACH who="0" ten="240,250,250,250" step="2"/><U60/><REACH who="1" step="1"/><E30/><REACH who="1" ten="240,240,250,250" step="2"/><V124/><F124/><W40/><G75/><T72/><D72/><U49/><E49/><V2/><F2/><AGARI ba="0,2" hai="2,4,9,25,26,63,65,71,87,91,94,96,103,104" machi="2" ten="30,11600,0" yaku="1,1,7,1,52,1,53,1" doraHai="89" doraHaiUra="64" who="0" fromWho="2" sc="240,136,240,0,250,-116,250,0" /><INIT seed="0,1,0,5,3,102" ten="376,240,134,250" oya="0" hai0="25,45,92,91,48,32,86,56,129,115,108,27,63" hai1="15,98,93,43,5,60,112,64,66,104,125,124,78" hai2="110,128,39,121,100,37,22,114,61,24,8,65,107" hai3="44,36,117,133,3,85,116,132,26,80,54,13,2"/><T55/><D115/><U29/><E112/><V73/><F114/><W40/><G13/><T49/><D129/><U89/><E29/><V71/><F121/><W134/><G54/><T58/><D32/><U7/><E43/><V67/><F128/><W18/><G18/><T120/><D120/><U38/><E38/><V17/><F110/><W109/><G109/><T111/><D111/><U79/><E104/><V131/><F131/><W122/><G122/><T57/><D108/><U1/><E1/><V0/><F73/><W34/><G85/><T127/><D127/><N who="1" m="48715" /><E66/><V19/><F65/><W118/><REACH who="3" step="1"/><G80/><REACH who="3" ten="376,240,134,240" step="2"/><T52/><REACH who="0" step="1"/><D58/><REACH who="0" ten="366,240,134,240" step="2"/><N who="1" m="36887" /><E5/><V14/><REACH who="2" step="1"/><F0/><REACH who="2" ten="366,240,124,240" step="2"/><W74/><G74/><T88/><D88/><U11/><AGARI ba="1,3" hai="7,11,15,78,79,89,93,98" m="36887,48715" machi="11" ten="30,1100,0" yaku="18,1" doraHai="102" who="1" fromWho="1" sc="366,-6,240,44,124,-4,240,-4" /><INIT seed="1,0,0,5,2,121" ten="360,284,120,236" oya="1" hai0="99,40,87,22,60,64,69,33,49,31,7,125,16" hai1="74,0,56,90,103,24,107,12,45,124,67,36,54" hai2="2,51,48,135,29,15,58,52,133,3,65,28,122" hai3="5,53,132,79,1,111,110,4,114,84,97,129,32"/><U130/><E0/><V47/><F122/><W13/><G114/><T63/><D125/><U34/><E74/><V62/><F15/><W113/><G113/><T77/><D7/><U134/><E124/><V94/><F94/><W30/><G1/><T109/><D63/><U96/><E130/><V85/><F85/><W118/><G129/><T92/><D31/><U115/><E115/><V98/><F98/><W35/><G132/><N who="2" m="50761" /><F2/><W41/><G41/><T57/><D33/><N who="3" m="12873" /><G30/><T50/><D40/><U108/><E12/><V26/><F26/><W8/><G97/><T86/><D69/><U127/><E90/><V44/><F3/><W66/><G66/><T101/><D87/><U21/><E34/><V88/><F88/><W38/><G38/><T17/><D17/><U100/><E67/><V70/><F28/><W117/><G53/><T71/><D71/><U23/><E103/><V104/><F29/><W81/><G4/><T72/><D72/><U123/><E123/><V11/><F11/><W42/><G42/><T112/><D112/><U61/><E134/><V95/><F95/><W18/><G5/><T43/><D86/><U10/><E127/><V131/><F104/><W102/><G102/><T14/><D77/><U46/><E107/><V68/><F131/><W19/><G19/><T128/><D128/><U9/><E100/><V116/><F116/><AGARI ba="0,0" hai="8,13,18,79,81,84,110,111,116,117,118" m="12873" machi="116" ten="30,3900,0" yaku="12,1,52,2" doraHai="121" who="3" fromWho="2" sc="360,0,284,0,120,-39,236,39" /><INIT seed="2,0,0,3,2,18" ten="360,284,81,275" oya="2" hai0="84,33,50,112,72,94,121,91,114,125,110,13,34" hai1="131,101,45,98,44,61,81,56,20,127,6,68,54" hai2="119,7,5,86,47,115,129,28,26,14,40,49,46" hai3="4,82,132,83,79,135,27,17,3,120,133,38,35"/><V16/><F115/><W31/><G120/><T87/><D72/><U106/><E131/><V97/><F119/><W96/><G38/><T58/><D121/><U111/><E111/><V78/><F129/><W22/><G96/><T57/><D110/><U77/><E127/><V24/><F97/><W113/><G113/><T75/><D75/><U55/><E68/><V2/><F2/><W89/><G89/><T36/><D36/><U15/><E54/><V130/><F130/><W74/><G82/><T48/><D13/><U39/><E39/><V53/><F78/><W88/><G88/><T102/><D125/><U0/><E0/><V118/><F86/><W100/><G100/><T21/><D91/><U1/><E1/><V117/><F117/><W85/><G85/><T19/><D102/><U10/><REACH who="1" step="1"/><E20/><REACH who="1" ten="360,274,81,275" step="2"/><N who="2" m="11287" /><F118/><W11/><REACH who="3" step="1"/><G133/><REACH who="3" ten="360,274,81,265" step="2"/><T8/><D114/><U63/><E63/><V105/><F105/><W59/><G59/><T103/><D58/><U76/><E76/><V80/><F80/><W37/><G37/><T29/><D57/><U12/><E12/><AGARI ba="0,2" hai="3,4,11,12,17,22,27,31,35,74,79,83,132,135" machi="12" ten="40,8000,1" yaku="1,1,24,2,52,1,53,0" doraHai="18" doraHaiUra="108" who="3" fromWho="1" sc="360,0,274,-80,81,0,265,100" /><INIT seed="3,0,0,4,3,5" ten="360,194,81,365" oya="3" hai0="71,22,108,15,87,39,24,98,25,85,96,61,102" hai1="132,84,0,68,53,51,60,44,110,33,126,59,131" hai2="20,135,89,32,67,4,125,81,54,26,13,21,30" hai3="49,23,42,47,35,106,88,17,111,56,41,115,107"/><W38/><G115/><T31/><D39/><U48/><E33/><V128/><F67/><W50/><G35/><T82/><D108/><U114/><E0/><V118/><F54/><W8/><G111/><T112/><D112/><U19/><E114/><V46/><F46/><N who="3" m="25807" /><G38/><T57/><D71/><U83/><E110/><V69/><F89/><W28/><G107/><T103/><D15/><U104/><E104/><V34/><F81/><W99/><G106/><T18/><D98/><U116/><E68/><V70/><F69/><W127/><G8/><T6/><D6/><U120/><E51/><V100/><F100/><N who="0" m="38442" /><D96/><U64/><E84/><N who="0" m="32329" /><D82/><U11/><E83/><V113/><F70/><W66/><G127/><T117/><D117/><U36/><E126/><V105/><F105/><W74/><G74/><T80/><D80/><U52/><E53/><V45/><F45/><W65/><G56/><T73/><D73/><U37/><E116/><V79/><F79/><W78/><G78/><T16/><D25/><U1/><E64/><AGARI ba="0,0" hai="16,18,22,24,31,57,61,64" m="32329,38442" machi="64" ten="30,2000,0" yaku="8,1,54,1" doraHai="5" who="0" fromWho="1" sc="360,20,194,-20,81,0,365,0" owari="380,48.0,174,-22.6,81,-41.9,365,16.5" /></mjloggm>