<mjloggm ver="2.3"><GO type="225" lobby="0"/><UN n0="%E9%89%A2%E5%B7%BB%E3%82%AC%E3%83%96" n1="%E5%AE%AE%E4%BF%9D%E9%B6%8F%E8%82%89" n2="%E3%82%A2%E3%83%9E%E3%83%9D%EF%BD%9E%EF%BD%9E%E3%83%A9" n3="%E7%B4%94%E6%BD%94%E3%83%94%E3%83%A9%E3%83%8B%E3%82%A2" dan="16,16,17,17" rate="2057.91,2137.83,2186.18,2245.89" sx="M,M,M,M"/><TAIKYOKU oya="0"/><INIT seed="0,0,0,3,5,45" ten="250,250,250,250" oya="0" hai0="43,53,23,93,70,106,102,133,38,12,73,113,50" hai1="8,18,33,126,40,122,11,66,114,117,52,4,49" hai2="82,35,98,112,62,75,87,48,86,72,83,57,39" hai3="68,29,63,42,32,58,95,100,132,116,28,19,111"/><T2/><D113/><U54/><E117/><V20/><F39/><W131/><G116/><T74/><D2/><U47/><E122/><V88/><F35/><W130/><G68/><T120/><D120/><U25/><E126/><V13/><F112/><W77/><G111/><T107/><D93/><U41/><E66/><V109/><F109/><W69/><G69/><T34/><D34/><U79/><E79/><V80/><F72/><W108/><G108/><T0/><D0/><U92/><E114/><V89/><F75/><W6/><G77/><T115/><D12/><N who="1" m="5127" /><E33/><V67/><F48/><W60/><G6/><T78/><D23/><N who="1" m="13559" /><E11/><V119/><F119/><W61/><G19/><T21/><D21/><U94/><E54/><V123/><F123/><W22/><G42/><AGARI ba="0,0" hai="40,41,42,47,49,52,92,94" m="13559,5127" machi="42" ten="30,3900,0" yaku="8,1,52,1,54,1" doraHai="45" who="1" fromWho="3" sc="250,0,250,39,250,0,250,-39" /><INIT seed="1,0,0,3,3,124" ten="250,289,250,211" oya="1" hai0="86,51,7,28,45,9,39,29,10,127,114,19,16" hai1="90,35,95,115,40,66,92,15,88,117,67,36,33" hai2="22,68,49,100,57,98,106,135,84,37,25,48,116" hai3="64,55,44,5,59,38,97,12,121,50,13,120,14"/><U108/><E115/><V104/><F68/><W60/><G5/><T83/><D39/><U131/><E117/><V41/><F135/><W105/><G105/><T85/><D114/><U31/><E108/><V87/><F116/><W119/><G119/><T24/><D127/><U109/><E109/><V123/><F123/><W96/><REACH who="3" step="1"/><G38/><REACH who="3" ten="250,289,250,201" step="2"/><T2/><D7/><U58/><E36/><V1/><F106/><W32/><G32/><T91/><D2/><U71/><E35/><V73/><F1/><W122/><AGARI ba="0,1" hai="12,13,14,44,50,55,59,60,64,96,97,120,121,122" machi="122" ten="40,2700,0" yaku="1,1,0,1,53,0" doraHai="124" doraHaiUra="3" who="3" fromWho="3" sc="250,-7,289,-13,250,-7,201,37" /><INIT seed="2,0,0,3,4,81" ten="243,276,243,238" oya="2" hai0="105,29,132,6,32,3,67,123,91,77,95,41,60" hai1="78,24,101,118,117,33,89,82,96,115,134,35,39" hai2="128,102,84,86,131,42,116,50,51,130,70,34,129" hai3="19,99,62,10,55,93,85,17,13,63,113,133,125"/><V44/><N who="2" m="32768" /><DORA hai="25" /><V27/><F116/><W103/><G113/><T43/><D123/><U126/><E115/><V47/><F70/><W114/><G125/><T37/><D105/><U4/><E39/><V71/><F71/><W31/><G133/><T57/><D132/><U52/><E134/><V90/><F102/><W104/><G114/><T88/><D37/><U5/><E89/><V2/><F2/><W14/><G31/><T112/><D77/><U79/><E126/><V83/><F86/><W124/><G124/><T119/><D119/><U75/><E79/><V135/><F135/><W1/><G1/><T72/><D91/><U73/><E75/><V7/><F7/><W61/><G104/><T36/><D72/><U64/><E64/><V109/><F109/><W53/><REACH who="3" step="1"/><G85/><REACH who="3" ten="243,276,243,228" step="2"/><T69/><D3/><U59/><E118/><V108/><F108/><W111/><G111/><T48/><D112/><U26/><E117/><V107/><F107/><W38/><G38/><T22/><D36/><U127/><E127/><V68/><F68/><W21/><AGARI ba="0,1" hai="10,13,14,17,19,21,53,55,61,62,63,93,99,103" machi="21" ten="30,8000,1" yaku="1,1,0,1,8,1,53,2" doraHai="81,25" doraHaiUra="15,122" who="3" fromWho="3" sc="243,-20,276,-20,243,-40,228,90" /><INIT seed="3,0,0,3,1,118" ten="223,256,203,318" oya="3" hai0="71,56,119,112,107,108,85,79,67,65,66,69,8" hai1="39,123,50,17,7,49,58,52,61,132,91,92,19" hai2="127,94,35,96,102,93,4,28,38,68,81,22,5" hai3="74,133,26,9,131,86,110,33,114,98,54,43,55"/><W82/><G74/><T95/><D119/><U77/><E123/><V88/><F127/><W97/><G114/><T57/><D107/><U0/><E39/><V60/><F38/><W104/><G104/><T126/><D95/><U75/><E132/><V83/><F35/><W90/><G133/><T2/><D85/><U51/><E0/><V12/><F60/><W47/><G131/><T40/><D2/><U14/><E77/><V135/><F68/><N who="0" m="26186" /><D79/><U36/><E36/><V80/><F135/><W103/><G33/><T27/><D27/><U29/><E29/><V116/><F116/><W84/><G26/><T37/><D8/><N who="1" m="4383" /><E75/><V13/><F28/><W62/><G103/><T130/><D126/><U31/><E31/><V121/><F121/><W105/><G105/><T63/><D130/><U125/><E125/><V24/><F24/><W128/><G128/><T15/><D15/><N who="2" m="5706" /><F22/><W18/><G9/><T101/><D101/><U30/><E30/><V48/><F48/><N who="3" m="26751" /><G18/><T100/><D100/><U113/><E113/><V20/><F20/><W122/><G122/><T42/><D112/><U11/><E11/><V78/><F78/><W117/><G117/><T115/><D115/><U25/><E25/><V45/><F45/><W59/><G86/><AGARI ba="0,0" hai="17,19,49,50,51,52,58,61,86,91,92" m="4383" machi="86" ten="30,2000,0" yaku="8,1,54,1" doraHai="118" who="1" fromWho="3" sc="223,0,256,20,203,0,318,-20" /><AGARI ba="0,0" hai="4,5,80,81,83,86,88,93,94,96,102" m="5706" machi="86" ten="30,2000,0" yaku="8,1,54,1" doraHai="118" who="2" fromWho="3" sc="223,0,276,0,203,20,298,-20" /><INIT seed="4,0,0,5,0,72" ten="223,276,223,278" oya="0" hai0="132,25,45,134,79,15,21,65,2,97,59,130,28" hai1="31,29,62,76,17,105,81,98,39,108,36,77,67" hai2="104,103,6,37,55,12,47,68,93,123,135,102,64" hai3="71,46,61,100,4,52,5,92,53,32,3,78,50"/><T1/><D130/><U87/><E108/><V109/><F123/><W99/><G32/><T24/><D45/><U118/><E118/><V106/><F109/><W121/><G121/><T117/><D117/><U44/><E77/><V111/><F111/><W9/><G4/><T34/><D15/><U60/><E17/><V85/><F68/><W84/><G53/><T38/><D38/><U16/><E39/><V10/><F64/><W80/><REACH who="3" step="1"/><G71/><REACH who="3" ten="223,276,223,268" step="2"/><T110/><D110/><U116/><E116/><V66/><F55/><W101/><G101/><T88/><D65/><U94/><E67/><V75/><F66/><W30/><G30/><T40/><D40/><U91/><E31/><V69/><F103/><W56/><G56/><T83/><D59/><U107/><E29/><V0/><F102/><W18/><G18/><T7/><D7/><U82/><E16/><V122/><F122/><W51/><G51/><T26/><D34/><U124/><E36/><V19/><F69/><W133/><G133/><N who="0" m="51307" /><D28/><U8/><E44/><V120/><F120/><W114/><G114/><T128/><D128/><U54/><E54/><V48/><F135/><W90/><G90/><T14/><D14/><U41/><E41/><N who="2" m="24687" /><F37/><W43/><G43/><T73/><D21/><U58/><E58/><V131/><F131/><W96/><G96/><T126/><D126/><U86/><E124/><V74/><F19/><W63/><AGARI ba="0,1" hai="3,5,9,46,50,52,61,63,78,80,84,92,99,100" machi="63" ten="30,7900,0" yaku="1,1,0,1,52,1,54,1,53,0" doraHai="72" doraHaiUra="129" who="3" fromWho="3" sc="223,-39,276,-20,223,-20,268,89" owari="184,-31.6,256,5.6,203,-19.7,357,45.7" /></mjloggm>