<mjloggm ver="2.3"><GO type="225" lobby="0"/><UN n0="%E3%81%A6%E3%81%A4%EF%BC%A3" n1="%E8%A8%88%E7%AE%97%E6%A9%9F%E8%87%AA%E7%84%B6" n2="%67%61%79%75%6E%79" n3="%E6%97%A5%E6%9B%9C%E6%97%A5%E3%82%88%E3%82%8A%E3%81%AE%E4%BD%BF%E8%80%85" dan="16,17,16,17" rate="2056.67,2232.51,2131.16,2137.22" sx="M,M,M,M"/><TAIKYOKU oya="0"/><INIT seed="0,0,0,1,4,44" ten="250,250,250,250" oya="0" hai0="54,111,60,8,78,118,9,123,50,57,22,121,90" hai1="71,0,17,81,58,120,30,133,108,4,82,126,70" hai2="103,125,59,100,3,47,27,20,112,86,35,92,65" hai3="94,109,115,64,68,128,98,10,88,32,38,73,18"/><T106/><D118/><U104/><E120/><V74/><F74/><W77/><G115/><T89/><D106/><U14/><E104/><V13/><F35/><W96/><G32/><T69/><D123/><U48/><E108/><V55/><F3/><W93/><G38/><T67/><D121/><U36/><E36/><V122/><F122/><W52/><G109/><T21/><D111/><U63/><E30/><V37/><F65/><W15/><G128/><T107/><D107/><U31/><E31/><V49/><F112/><W99/><G68/><T87/><D78/><U91/><E133/><V26/><F125/><W11/><G64/><T132/><D132/><U66/><E126/><V42/><F26/><W23/><G73/><T25/><D90/><U127/><E127/><V75/><F75/><W102/><G77/><T61/><D61/><U2/><E4/><V80/><F13/><W12/><G98/><T33/><D33/><U62/><E48/><N who="2" m="31207" /><F92/><W39/><G39/><T56/><D21/><U114/><E114/><V116/><F37/><W117/><G117/><T28/><REACH who="0" step="1"/><D69/><REACH who="0" ten="240,250,250,250" step="2"/><U6/><E70/><V129/><F116/><W72/><G72/><T46/><D46/><U83/><E62/><V113/><F113/><W7/><G23/><T34/><D34/><U16/><E71/><V51/><F129/><W19/><G7/><T76/><D76/><U97/><E6/><V130/><F130/><W24/><G24/><T45/><D45/><U1/><E14/><V40/><F27/><W41/><G41/><T79/><D79/><U43/><E43/><V95/><F42/><RYUUKYOKU ba="0,1" sc="240,10,250,10,250,-30,250,10" hai0="8,9,22,25,28,50,54,56,57,60,67,87,89" hai1="0,1,2,16,17,58,63,66,81,82,83,91,97" hai3="10,11,12,15,18,19,52,88,93,94,96,99,102" /><INIT seed="0,1,1,4,4,112" ten="250,260,220,260" oya="0" hai0="29,132,13,12,125,114,4,99,46,28,62,117,34" hai1="60,0,58,85,10,38,126,76,53,63,27,120,47" hai2="116,96,52,87,118,70,135,17,54,50,40,78,110" hai3="20,81,66,56,90,59,101,2,26,86,37,11,42"/><T122/><D122/><U134/><E120/><V21/><F70/><W9/><G37/><T31/><D114/><U100/><E126/><V124/><F124/><W103/><G42/><T131/><D125/><U25/><E134/><V15/><F135/><W6/><G11/><T69/><D132/><U41/><E100/><V57/><F110/><W45/><G45/><T109/><D46/><U102/><E102/><V77/><F40/><W84/><G84/><T71/><D109/><U3/><E60/><V105/><F54/><W88/><G90/><T24/><D131/><U8/><E85/><V91/><F96/><W82/><G82/><T83/><D117/><N who="2" m="45162" /><F105/><W115/><G115/><T80/><D99/><U49/><E38/><V68/><F68/><W108/><G108/><T95/><D71/><U30/><E53/><V33/><F33/><W48/><G59/><T18/><D69/><U1/><E58/><V61/><F61/><W55/><REACH who="3" step="1"/><G66/><REACH who="3" ten="250,260,220,250" step="2"/><T35/><D80/><AGARI ba="1,2" hai="15,17,21,50,52,57,77,78,80,87,91" m="45162" machi="80" ten="30,8000,1" yaku="12,1,52,3,54,1" doraHai="112" who="2" fromWho="0" sc="250,-83,260,0,220,103,250,0" /><INIT seed="1,0,0,4,0,41" ten="167,260,323,250" oya="1" hai0="19,52,51,111,62,53,86,84,89,0,37,128,64" hai1="30,31,34,91,102,65,42,114,118,32,133,112,14" hai2="49,87,72,77,66,110,76,24,126,90,124,78,92" hai3="1,48,119,96,50,121,104,40,125,68,85,43,12"/><U74/><E74/><V17/><F110/><W27/><G1/><T134/><D111/><U28/><E102/><V116/><F116/><W29/><G121/><T93/><D0/><U57/><E91/><V98/><F66/><W8/><G68/><T2/><D2/><U129/><E42/><V135/><F135/><W83/><G119/><T20/><D134/><U15/><E118/><V120/><F120/><W113/><G113/><N who="1" m="43626" /><E57/><V103/><F49/><N who="3" m="19051" /><G96/><T95/><D128/><U115/><E65/><V39/><F39/><W55/><G104/><T81/><D37/><U16/><E115/><V36/><F36/><W44/><G55/><T6/><D6/><U105/><E105/><N who="2" m="63735" /><F17/><N who="3" m="8327" /><G44/><N who="0" m="27751" /><D64/><U130/><E133/><V69/><F24/><W80/><G43/><T11/><D11/><N who="1" m="6239" /><E15/><V35/><F69/><W61/><G40/><T107/><D107/><U127/><E127/><N who="2" m="48683" /><F35/><AGARI ba="0,0" hai="28,30,31,32,34,35,129,130" m="6239,43626" machi="35" ten="40,7700,0" yaku="34,2,54,1" doraHai="41" who="1" fromWho="2" sc="167,0,260,77,323,-77,250,0" /><INIT seed="1,1,0,5,1,42" ten="167,337,246,250" oya="1" hai0="114,62,117,5,101,90,6,133,7,33,87,29,88" hai1="44,34,28,106,94,86,102,57,64,15,20,111,51" hai2="3,31,120,56,30,22,81,40,10,85,77,96,129" hai3="78,107,37,52,84,116,50,4,124,27,92,46,16"/><U19/><E106/><V49/><F120/><W35/><G107/><T39/><D114/><U43/><E111/><V121/><F121/><W80/><G124/><T9/><D117/><U68/><E68/><V25/><F129/><W61/><G116/><T2/><D133/><U26/><E86/><V109/><F109/><W82/><G37/><T76/><D101/><U73/><E73/><V115/><F115/><W0/><G0/><T55/><D39/><U97/><E57/><V112/><F112/><W36/><G36/><T100/><D100/><U32/><REACH who="1" step="1"/><E64/><REACH who="1" ten="167,327,246,250" step="2"/><V12/><F56/><W83/><G4/><T132/><D132/><U1/><E1/><V79/><F3/><W18/><G61/><T66/><D2/><U72/><E72/><V58/><F58/><W113/><G113/><T123/><D5/><U70/><E70/><V45/><F96/><W93/><G78/><T128/><D76/><U67/><E67/><V65/><F65/><W60/><G60/><T130/><D66/><U13/><E13/><V14/><F14/><W134/><G134/><T53/><D6/><U95/><E95/><V47/><F79/><W119/><G119/><T125/><D62/><U104/><E104/><V75/><F75/><W126/><G126/><T103/><D125/><U89/><E89/><V127/><F127/><W69/><G69/><T38/><D90/><U108/><E108/><V8/><F12/><W59/><G59/><T24/><D88/><U48/><E48/><N who="2" m="26663" /><F31/><N who="3" m="19967" /><G84/><T63/><D87/><U118/><E118/><V74/><F74/><W23/><G18/><T99/><D38/><RYUUKYOKU ba="1,1" sc="167,-30,327,10,246,10,250,10" hai1="15,19,20,26,28,32,34,43,44,51,94,97,102" hai2="8,10,22,25,30,47,49,77,81,85" hai3="16,23,46,50,52,80,82,83,92,93" /><INIT seed="1,2,1,3,1,85" ten="137,337,256,260" oya="1" hai0="128,62,59,123,6,35,88,18,89,68,41,55,32" hai1="50,28,19,86,81,4,54,26,105,67,111,90,31" hai2="94,37,2,9,47,42,125,102,16,0,134,43,46" hai3="8,82,100,25,36,12,126,69,132,93,64,130,135"/><U120/><E120/><V97/><F134/><N who="3" m="51243" /><G126/><T117/><D117/><U133/><E105/><V33/><F33/><W45/><G130/><T61/><D128/><U95/><E133/><V80/><F125/><W108/><G108/><T70/><D123/><U63/><E4/><V11/><F80/><W21/><G82/><T65/><D6/><U72/><E111/><V103/><F103/><W10/><G64/><T14/><D41/><U106/><E106/><V96/><F96/><N who="3" m="59407" /><G69/><T71/><D32/><U101/><E19/><V84/><F84/><W92/><G92/><T23/><REACH who="0" step="1"/><D35/><REACH who="0" ten="127,337,256,260" step="2"/><U30/><E72/><V127/><F127/><W15/><G8/><T83/><D83/><U98/><E26/><V52/><F11/><W116/><G10/><T76/><D76/><U124/><E124/><V110/><F110/><W13/><G116/><T75/><D75/><U129/><E129/><V44/><F9/><W7/><G7/><T122/><D122/><U60/><REACH who="1" step="1"/><E67/><REACH who="1" ten="127,327,256,260" step="2"/><V113/><F2/><W29/><G12/><T77/><D77/><U79/><E79/><V107/><F0/><W58/><G13/><T20/><D20/><U1/><E1/><V73/><F73/><W22/><G15/><T51/><D51/><U74/><E74/><V119/><F119/><W39/><G21/><T40/><D40/><U38/><E38/><V131/><F43/><N who="3" m="22759" /><G39/><T53/><D53/><U34/><E34/><V56/><F37/><W66/><G66/><T48/><D48/><U118/><E118/><V17/><F42/><W87/><G22/><T24/><D24/><U57/><AGARI ba="2,3" hai="28,30,31,50,54,57,60,63,81,86,90,95,98,101" machi="57" ten="30,12000,1" yaku="1,1,5,1,0,1,8,1,52,1,53,0" doraHai="85" doraHaiUra="109" who="1" fromWho="1" sc="127,-42,327,156,256,-42,260,-42" /><INIT seed="1,3,0,2,3,110" ten="85,483,214,218" oya="1" hai0="7,73,34,29,125,22,130,104,105,122,54,1,61" hai1="42,11,57,2,103,97,53,129,64,131,86,27,106" hai2="38,59,118,79,6,4,93,49,43,66,20,119,67" hai3="30,8,14,115,60,117,77,52,50,102,25,121,9"/><U46/><E64/><V5/><F38/><W13/><G121/><T28/><D122/><U127/><E127/><V109/><F109/><W81/><G117/><T85/><D125/><U82/><E27/><V92/><F79/><W114/><G102/><T100/><D73/><U17/><E2/><V37/><F37/><W31/><G60/><T23/><D130/><U32/><E32/><V33/><F33/><W87/><G9/><T128/><D34/><U112/><E112/><V76/><F76/><W124/><G124/><T111/><D111/><U89/><E42/><V65/><F20/><W113/><G25/><T19/><D128/><U94/><E106/><V101/><F101/><W84/><G84/><T116/><D85/><U74/><E74/><V40/><F59/><W0/><G0/><T56/><D116/><N who="2" m="44586" /><F49/><W15/><REACH who="3" step="1"/><G8/><REACH who="3" ten="85,483,214,208" step="2"/><T18/><D61/><U3/><E11/><V80/><F80/><W134/><G134/><T120/><D100/><U133/><E133/><V21/><F93/><W99/><G99/><T107/><D120/><U88/><E103/><V62/><F92/><W48/><G48/><T108/><D108/><U96/><E96/><V90/><F62/><W91/><G91/><T10/><D107/><U24/><E131/><V55/><F90/><W95/><G95/><T72/><D105/><U98/><E129/><V36/><F36/><W51/><G51/><N who="0" m="30815" /><D104/><U41/><E98/><V63/><F63/><W68/><G68/><T132/><D132/><U78/><E97/><V69/><F69/><W75/><G75/><T83/><D72/><U26/><E94/><RYUUKYOKU ba="3,1" sc="85,-10,483,-10,214,-10,208,30" hai3="13,14,15,30,31,50,52,77,81,87,113,114,115" /><INIT seed="2,4,1,4,2,35" ten="75,473,204,238" oya="2" hai0="120,133,3,50,2,132,105,127,114,27,70,119,90" hai1="38,126,100,122,104,99,31,108,32,92,67,36,78" hai2="51,123,106,116,28,20,112,29,34,48,124,129,134" hai3="12,9,59,113,26,73,77,40,85,81,69,110,109"/><V45/><F106/><W57/><G69/><T125/><D105/><U58/><E78/><V4/><F123/><W13/><G113/><T10/><D70/><U1/><E1/><N who="0" m="9" /><D120/><U18/><E18/><V16/><F112/><W115/><G115/><T84/><D114/><U6/><E108/><N who="3" m="41578" /><G40/><T7/><D119/><U83/><E126/><N who="0" m="48137" /><D50/><U68/><E68/><V107/><F51/><W37/><G37/><T121/><D121/><U111/><E104/><V19/><F107/><W42/><G42/><T52/><D52/><U79/><E122/><V5/><F48/><W131/><G131/><T66/><D66/><U60/><E111/><V97/><F124/><W89/><G26/><T21/><D84/><U41/><E67/><V87/><F87/><W14/><G9/><T130/><D90/><U101/><E36/><V30/><F129/><W118/><G118/><T95/><D95/><AGARI ba="4,1" hai="12,13,14,57,59,73,77,81,85,89,95" m="41578" machi="95" ten="30,1000,0" yaku="14,1" doraHai="35" who="3" fromWho="0" sc="75,-22,473,0,204,0,238,32" /><INIT seed="3,0,0,0,0,81" ten="53,473,204,270" oya="3" hai0="134,44,38,114,119,27,36,133,5,123,110,104,51" hai1="16,40,90,37,20,75,18,52,17,45,62,122,79" hai2="89,56,12,21,59,129,109,22,65,24,64,50,57" hai3="106,105,126,3,94,28,117,55,15,60,11,98,63"/><W85/><G117/><T99/><D104/><U87/><E122/><V68/><F109/><W1/><G126/><T91/><D99/><U135/><E75/><V29/><F68/><W113/><G113/><T23/><D91/><U43/><E79/><V77/><F129/><W34/><G34/><T8/><D51/><N who="1" m="28783" /><E37/><V127/><F127/><W58/><G28/><T120/><D44/><U26/><E62/><V97/><F77/><W86/><G106/><T116/><D38/><U107/><E135/><V125/><F125/><W92/><G105/><T7/><D36/><U71/><E71/><V82/><F50/><W31/><G31/><T112/><D23/><U72/><E72/><V93/><F82/><W9/><G1/><T118/><D27/><U132/><E132/><V39/><F39/><W101/><G3/><T128/><D118/><U76/><E76/><V103/><F103/><W69/><G92/><T35/><D8/><U19/><E107/><V100/><F100/><W10/><REACH who="3" step="1"/><G15/><REACH who="3" ten="53,473,204,260" step="2"/><T130/><REACH who="0" step="1"/><D35/><REACH who="0" ten="43,473,204,260" step="2"/><U88/><E20/><V84/><F22/><W102/><G102/><T4/><D4/><U42/><E26/><V96/><F12/><W74/><G74/><T32/><D32/><U70/><E17/><V33/><F33/><W131/><G131/><T115/><D115/><U0/><E0/><V124/><F124/><W61/><G61/><T47/><D47/><U48/><E18/><V54/><F21/><W41/><G41/><T2/><D2/><U111/><E19/><V108/><F24/><W66/><AGARI ba="0,2" hai="9,10,11,55,58,60,63,66,69,85,86,94,98,101" machi="66" ten="30,12000,1" yaku="1,1,0,1,52,2,53,1" doraHai="81" doraHaiUra="67" who="3" fromWho="3" sc="43,-40,473,-40,204,-40,260,140" /><INIT seed="3,1,0,5,5,35" ten="3,433,164,400" oya="3" hai0="117,40,33,41,71,19,99,6,75,102,32,81,86" hai1="119,26,82,83,65,112,63,9,48,55,89,90,39" hai2="47,124,4,108,12,68,0,113,50,91,29,131,79" hai3="72,2,18,123,98,42,62,57,111,87,118,17,49"/><W133/><G118/><T114/><D117/><U95/><E112/><V15/><F91/><W127/><G72/><T13/><D86/><U45/><E119/><V52/><F113/><W121/><G2/><T97/><D114/><U11/><E39/><V10/><F68/><W76/><G123/><T46/><D102/><U38/><E38/><V70/><F70/><W88/><G121/><T100/><D71/><U107/><E107/><V80/><F108/><W92/><G111/><T36/><D13/><U135/><E135/><V96/><F124/><W28/><G28/><T7/><D19/><U77/><E26/><V85/><F131/><W73/><G73/><T116/><D36/><U8/><E77/><V106/><F29/><W101/><G76/><T93/><D75/><U14/><E14/><V31/><F31/><W34/><G34/><T134/><D81/><N who="1" m="30731" /><E95/><V74/><F74/><W51/><G127/><T132/><D93/><U128/><E128/><V104/><F96/><W110/><G110/><T66/><D116/><U25/><E25/><V54/><F106/><W30/><G30/><T125/><D46/><U3/><E3/><V122/><F104/><W120/><G120/><T1/><D66/><U105/><E105/><V67/><F122/><W43/><G133/><T23/><D23/><U44/><E44/><V59/><F67/><N who="3" m="39375" /><G49/><AGARI ba="1,0" hai="0,4,10,12,15,47,49,50,52,54,59,79,80,85" machi="49" ten="30,3900,0" yaku="7,1,52,1,54,1" doraHai="35" who="2" fromWho="3" sc="3,0,433,0,164,42,400,-42" owari="3,-49.7,433,53.3,206,-19.4,358,15.8" /></mjloggm>