<mjloggm ver="2.3"><GO type="225" lobby="0"/><UN n0="%E3%80%93%E3%81%97%E3%83%BC%E3%82%89%E3%80%93" n1="%E5%A4%9C%E3%81%AE%E3%82%AC%E3%82%B9%E3%83%91%E3%83%BC%E3%83%AB" n2="%65%6B%61%72%75%74%65" n3="%72%69%6F%75%63%68%61%6E" dan="16,16,16,16" rate="2114.03,2149.35,2141.53,2186.66" sx="M,M,M,M"/><TAIKYOKU oya="0"/><INIT seed="0,0,0,4,1,50" ten="250,250,250,250" oya="0" hai0="126,103,49,80,120,36,34,65,39,94,25,91,18" hai1="77,33,52,95,76,129,128,113,28,35,41,102,70" hai2="26,104,12,17,89,22,121,134,4,71,10,57,131" hai3="48,108,119,124,43,19,79,122,40,82,64,127,21"/><T11/><D120/><U1/><E70/><V110/><F121/><W66/><G119/><T116/><D116/><U114/><E1/><V93/><F71/><W14/><G122/><T81/><D126/><N who="3" m="48169" /><G108/><T88/><D65/><N who="3" m="25193" /><G48/><T27/><D34/><N who="1" m="12811" /><E28/><V133/><F104/><W115/><G115/><N who="1" m="44042" /><E41/><V46/><F131/><N who="1" m="50249" /><E95/><V73/><F93/><W15/><G15/><N who="0" m="7551" /><D39/><U106/><E102/><V13/><F110/><W47/><G47/><T8/><D36/><U112/><E106/><V132/><F46/><W92/><G92/><T38/><D38/><U72/><N who="1" m="44050" /><U2/><DORA hai="37" /><E2/><V20/><F57/><W7/><G7/><T125/><D103/><U83/><E76/><V58/><F58/><W86/><AGARI ba="0,0" hai="14,19,21,40,43,79,82,86" m="25193,48169" machi="86" ten="30,4000,0" yaku="18,1,52,2" doraHai="50,37" who="3" fromWho="3" sc="250,-20,250,-10,250,-10,250,40" /><INIT seed="1,0,0,3,4,99" ten="230,240,240,290" oya="1" hai0="18,55,67,135,41,58,132,0,63,26,76,112,123" hai1="13,95,53,36,32,20,94,71,60,77,21,54,86" hai2="127,74,35,1,92,111,59,4,98,72,23,29,85" hai3="70,89,46,128,45,110,11,43,118,15,12,117,69"/><U97/><E32/><V25/><F111/><W78/><G110/><T113/><D0/><U51/><E36/><V75/><F127/><W6/><G128/><T91/><D76/><U96/><E13/><V37/><F37/><W116/><G78/><T56/><D91/><U42/><E42/><V73/><N who="2" m="18432" /><DORA hai="100" /><V64/><F85/><W87/><G12/><T79/><D79/><U68/><E77/><V65/><F59/><W119/><N who="3" m="29696" /><DORA hai="27" /><W57/><G57/><T34/><D18/><U9/><E51/><V28/><F28/><W81/><REACH who="3" step="1"/><G46/><REACH who="3" ten="230,240,240,280" step="2"/><T31/><D123/><U90/><E68/><V101/><REACH who="2" step="1"/><F23/><REACH who="2" ten="230,240,230,280" step="2"/><W8/><G8/><AGARI ba="0,2" hai="1,4,8,25,29,35,64,65,92,98,101" m="18432" machi="8" ten="70,8000,1" yaku="1,1,2,1,52,2,53,0" doraHai="99,100,27" doraHaiUra="115,124,19" who="2" fromWho="3" sc="230,0,240,0,230,100,280,-80" /><INIT seed="2,0,0,2,1,118" ten="230,240,330,200" oya="2" hai0="103,59,49,91,86,108,128,10,116,26,122,130,22" hai1="30,111,78,70,110,125,66,43,75,74,95,18,105" hai2="85,104,96,132,29,64,4,40,63,21,129,106,31" hai3="17,41,120,19,47,28,36,112,24,46,123,32,117"/><V107/><F129/><N who="0" m="49770" /><D116/><U88/><E105/><V94/><F132/><W52/><G117/><T72/><D72/><U11/><E125/><V27/><F40/><W34/><G32/><T60/><D103/><U67/><E30/><V126/><F4/><W44/><G112/><T9/><D49/><U61/><E43/><V80/><F31/><W113/><G113/><T53/><D108/><N who="1" m="41515" /><E78/><V101/><F126/><W5/><G5/><T127/><D122/><U16/><E67/><V83/><REACH who="2" step="1"/><F85/><REACH who="2" ten="230,240,320,200" step="2"/><W82/><G41/><T55/><D127/><U51/><E74/><V23/><F23/><W58/><G36/><T8/><D8/><U134/><E75/><V25/><F25/><W62/><REACH who="3" step="1"/><G82/><REACH who="3" ten="230,240,320,190" step="2"/><N who="0" m="49623" /><D55/><U0/><E134/><V39/><F39/><W37/><G37/><T124/><D124/><U79/><E0/><V133/><F133/><W48/><G48/><T81/><D81/><U73/><E51/><V7/><F7/><W98/><G98/><T12/><D12/><U131/><E131/><V90/><F90/><W89/><G89/><T115/><D115/><U56/><E88/><V2/><F2/><W92/><G92/><T14/><D14/><U76/><E95/><V57/><AGARI ba="0,2" hai="21,27,29,57,63,64,80,83,94,96,101,104,106,107" machi="57" ten="30,18000,2" yaku="1,1,0,1,25,2,53,2" doraHai="118" doraHaiUra="77" who="2" fromWho="2" sc="230,-60,240,-60,320,200,190,-60" /><INIT seed="2,1,0,0,2,131" ten="170,180,520,130" oya="2" hai0="114,11,57,133,87,0,121,23,8,101,77,2,58" hai1="107,84,104,34,126,61,109,115,96,53,67,75,71" hai2="43,21,124,111,65,25,68,80,49,129,86,45,72" hai3="5,116,52,99,110,31,64,79,33,19,16,1,3"/><V36/><F72/><W50/><G116/><T4/><D121/><U59/><E115/><V97/><F129/><W70/><G110/><T46/><D114/><U125/><E75/><V37/><F111/><W27/><G79/><T14/><D101/><U85/><E34/><V105/><F124/><N who="1" m="47721" /><E109/><V48/><F37/><W134/><G134/><T89/><D133/><U74/><E74/><V66/><F97/><W100/><G5/><T54/><D77/><U69/><E69/><V63/><F66/><W94/><G1/><T92/><D23/><U112/><E112/><V78/><REACH who="2" step="1"/><F105/><REACH who="2" ten="170,180,510,130" step="2"/><N who="1" m="40521" /><E96/><V29/><AGARI ba="1,1" hai="21,25,29,36,43,45,48,49,63,65,68,78,80,86" machi="29" ten="20,7800,0" yaku="1,1,0,1,7,1,53,1" doraHai="131" doraHaiUra="56" who="2" fromWho="2" sc="170,-27,180,-27,510,91,130,-27" /><INIT seed="2,2,0,4,1,130" ten="143,153,601,103" oya="2" hai0="111,119,114,60,39,8,120,129,18,87,26,125,98" hai1="24,134,118,104,23,66,85,81,30,17,3,59,13" hai2="25,65,123,53,108,57,95,62,54,128,61,92,27" hai3="116,124,101,83,112,1,67,109,10,28,96,58,78"/><V7/><F123/><W131/><G109/><T15/><D39/><U79/><E118/><V107/><F107/><W49/><G124/><T5/><D120/><U77/><E104/><V99/><F128/><W50/><G131/><T46/><D129/><U52/><E134/><V45/><F108/><W94/><G116/><T55/><D119/><U14/><E3/><V91/><F7/><W88/><G112/><T0/><D111/><U35/><E66/><V68/><F45/><W19/><G28/><T63/><D114/><U34/><E14/><V127/><F127/><W70/><G70/><T22/><D125/><U44/><E44/><V121/><F121/><W29/><G29/><T115/><D115/><U47/><E47/><V43/><F43/><W37/><G37/><T97/><D87/><U33/><REACH who="1" step="1"/><E79/><REACH who="1" ten="143,143,601,103" step="2"/><V93/><F65/><W74/><G1/><T73/><D0/><U86/><E86/><V117/><F117/><W9/><G9/><T20/><D73/><U71/><E71/><V12/><F12/><N who="3" m="7575" /><G67/><T132/><D132/><U64/><E64/><V40/><F68/><W48/><G58/><N who="0" m="34911" /><D46/><U4/><E4/><V82/><F57/><W102/><G74/><T31/><D98/><U2/><E2/><V56/><F99/><W16/><G78/><T75/><D97/><U42/><E42/><V51/><F40/><W126/><G126/><T113/><D75/><U89/><E89/><V100/><F56/><W6/><G6/><T11/><D113/><U133/><E133/><V103/><F91/><N who="3" m="55391" /><G16/><T69/><D5/><U36/><E36/><V72/><F72/><RYUUKYOKU ba="2,1" sc="143,10,143,10,601,-30,103,10" hai0="8,11,15,18,20,22,26,31,63,69" hai1="13,17,23,24,30,33,34,35,52,59,77,81,85" hai3="48,49,50,83,88,101,102" /><INIT seed="3,3,1,2,1,19" ten="153,153,571,113" oya="3" hai0="15,14,75,3,111,87,74,85,98,104,122,93,128" hai1="25,66,129,34,30,31,61,126,78,67,97,63,90" hai2="41,58,28,10,102,86,73,124,92,60,83,106,48" hai3="12,130,18,76,57,118,134,22,117,51,127,9,56"/><W113/><G113/><T69/><D3/><U95/><E126/><V55/><F124/><W46/><G127/><T115/><D69/><U53/><E129/><V101/><F106/><W89/><G130/><T119/><D128/><U45/><E78/><V109/><F109/><W64/><G134/><T8/><D122/><U105/><E31/><V52/><F73/><W112/><G112/><T135/><D115/><U81/><E81/><V71/><F41/><W82/><G89/><T80/><D104/><U33/><E105/><V20/><F10/><W72/><G9/><T23/><D119/><U27/><E27/><N who="2" m="16487" /><F92/><W59/><REACH who="3" step="1"/><G64/><REACH who="3" ten="153,153,571,103" step="2"/><T44/><D8/><U47/><E67/><N who="2" m="39319" /><F71/><W29/><G29/><T13/><D135/><U26/><E66/><V62/><F62/><W133/><G133/><T77/><D111/><U32/><E30/><V120/><F120/><W39/><G39/><T96/><D77/><U38/><E38/><V116/><F116/><W123/><G123/><T84/><D80/><U110/><E110/><V100/><F48/><W91/><G91/><AGARI ba="3,2" hai="52,55,83,86,91,100,101,102" m="39319,16487" machi="91" ten="30,3900,0" yaku="8,1,52,1,54,1" doraHai="19" who="2" fromWho="3" sc="153,0,153,0,571,68,103,-48" owari="153,-4.7,153,-24.7,639,73.9,55,-44.5" /></mjloggm>