<mjloggm ver="2.3"><GO type="225" lobby="0"/><UN n0="%E3%81%8B%E3%82%8F%E3%81%A1%E3%82%83%E3%82%93%35%38" n1="%E7%99%BD%E6%97%A5%E9%9B%AA%E8%8F%9C" n2="%E9%9B%80%E6%A5%B5%E3%81%AE%E3%81%B8" n3="%E3%82%A2%E3%82%A4%E3%82%B9%E3%83%86%E3%82%A3%E3%83%BC%E3%81%82%E3%81%B9" dan="16,16,16,16" rate="2187.48,2183.55,2130.54,2091.35" sx="M,M,M,M"/><TAIKYOKU oya="0"/><INIT seed="0,0,0,3,3,88" ten="250,250,250,250" oya="0" hai0="55,110,78,45,69,37,9,121,119,4,129,115,100" hai1="15,87,16,124,8,67,85,75,24,68,36,128,118" hai2="104,32,126,123,133,98,1,26,14,60,63,47,29" hai3="49,22,7,17,18,113,103,134,66,5,89,41,74"/><T33/><D33/><U109/><E118/><V111/><F1/><W116/><G113/><T50/><D115/><U11/><E75/><V95/><F104/><W57/><G74/><T34/><D34/><U94/><E36/><V77/><F123/><W80/><G134/><T91/><D119/><U106/><E106/><V3/><F3/><W108/><G108/><T20/><D121/><U92/><E109/><V82/><F126/><W40/><G103/><T81/><D110/><U83/><E124/><V99/><F99/><W31/><G31/><T52/><D129/><U130/><E24/><V96/><F96/><W10/><G18/><T102/><D69/><U97/><E8/><V46/><F111/><W93/><G80/><T23/><D37/><U2/><E2/><V86/><F14/><N who="3" m="5455" /><G7/><T114/><D114/><U73/><E73/><V84/><F84/><N who="1" m="32329" /><E83/><V42/><F133/><W38/><G38/><T13/><D91/><U135/><E97/><V58/><F42/><W107/><G107/><T48/><D81/><U112/><E112/><V12/><F12/><N who="3" m="9511" /><G116/><T79/><D102/><U19/><E19/><V65/><REACH who="2" step="1"/><F63/><REACH who="2" ten="250,250,240,250" step="2"/><N who="3" m="38255" /><G49/><T105/><D105/><U35/><E135/><V30/><F30/><W21/><G21/><N who="0" m="8267" /><D100/><AGARI ba="0,1" hai="26,29,32,46,47,58,60,65,77,82,86,95,98,100" machi="100" ten="30,3900,0" yaku="1,1,7,1,52,1,53,0" doraHai="88" doraHaiUra="51" who="2" fromWho="0" sc="250,-39,250,0,240,49,250,0" /><INIT seed="1,0,0,1,3,113" ten="211,250,289,250" oya="1" hai0="13,120,41,81,47,90,32,130,57,31,99,132,68" hai1="116,8,37,124,98,119,14,82,96,9,133,78,127" hai2="50,3,56,51,108,84,17,85,4,87,1,70,21" hai3="39,118,46,111,49,43,6,105,101,75,66,94,30"/><U2/><E37/><V83/><F70/><W11/><G111/><T88/><D68/><U48/><E133/><V7/><F108/><W126/><G126/><N who="1" m="48170" /><E2/><V77/><F3/><W104/><G75/><T52/><D132/><U33/><E33/><V35/><F35/><W131/><G131/><T95/><D130/><U38/><E38/><V58/><F1/><W44/><G30/><T110/><D110/><U134/><E134/><V121/><F121/><W25/><G25/><T102/><D120/><U36/><E36/><V29/><F29/><W129/><G66/><T122/><D122/><U112/><E48/><V103/><F103/><W26/><G26/><T93/><D32/><U61/><E61/><V106/><F106/><W74/><G74/><T10/><D31/><U53/><E53/><V92/><F51/><W54/><G129/><T24/><D24/><U97/><E112/><V117/><F50/><W19/><G19/><N who="0" m="8631" /><D81/><U89/><E89/><V123/><F7/><W5/><G6/><T67/><D67/><U27/><E27/><V59/><F4/><W34/><G34/><T79/><D79/><U109/><E109/><V62/><F77/><W115/><G115/><T60/><D95/><U128/><E128/><V64/><F92/><W69/><G94/><T42/><D47/><U65/><E65/><V23/><F64/><W114/><G114/><T72/><D72/><N who="1" m="43335" /><E8/><V16/><F123/><W22/><G11/><T125/><D125/><U0/><E0/><V12/><F83/><W76/><G46/><T135/><D135/><U63/><E63/><V91/><F62/><RYUUKYOKU ba="0,0" sc="211,15,250,15,289,-15,250,-15" hai0="41,42,52,57,60,88,90,93,99,102" hai1="9,14,96,97,98,116,119" /><INIT seed="1,1,0,3,2,135" ten="226,265,274,235" oya="1" hai0="58,97,26,95,123,93,76,48,16,115,24,41,18" hai1="22,78,69,31,92,53,35,131,3,130,75,56,105" hai2="50,88,4,52,5,96,134,126,110,71,51,59,64" hai3="127,100,34,11,108,86,28,82,77,47,101,79,99"/><U29/><E105/><V87/><F134/><W80/><G108/><T32/><D115/><U128/><E69/><V117/><F110/><W72/><G11/><T90/><D123/><U67/><E3/><V8/><F117/><W122/><G122/><T83/><D32/><U68/><E35/><V49/><F126/><W39/><G127/><T94/><D26/><U70/><E67/><V61/><F96/><W85/><G72/><T55/><D41/><U40/><E40/><V36/><F36/><W27/><G39/><T21/><REACH who="0" step="1"/><D18/><REACH who="0" ten="216,265,274,235" step="2"/><U30/><E128/><V25/><F25/><W0/><G0/><T118/><D118/><U133/><E130/><V125/><F125/><W119/><G119/><T42/><D42/><U103/><E131/><V37/><F37/><W98/><G47/><T84/><AGARI ba="1,1" hai="16,21,24,48,55,58,76,83,84,90,93,94,95,97" machi="84" ten="20,8000,1" yaku="1,1,0,1,7,1,8,1,54,1,53,0" doraHai="135" doraHaiUra="57" who="0" fromWho="0" sc="216,93,265,-41,274,-21,235,-21" /><INIT seed="2,0,0,5,1,87" ten="309,224,253,214" oya="2" hai0="13,98,53,60,36,95,84,85,116,38,123,23,21" hai1="79,52,69,92,25,4,125,90,134,118,65,31,50" hai2="48,113,40,24,27,51,132,100,102,26,32,131,106" hai3="78,34,66,135,89,39,61,101,97,15,55,91,86"/><V70/><F113/><W46/><G34/><T10/><D38/><U96/><E118/><V122/><F122/><W112/><G112/><T29/><D36/><U110/><E110/><V107/><F32/><W37/><G135/><T115/><D115/><U64/><E134/><V117/><F132/><W7/><G37/><T73/><D73/><U0/><E125/><V93/><F70/><W20/><G39/><T83/><D85/><U5/><E79/><V58/><F117/><W2/><G2/><T103/><D29/><U1/><E1/><V54/><F131/><W41/><G41/><T33/><D33/><U111/><E111/><V99/><REACH who="2" step="1"/><F100/><REACH who="2" ten="309,224,243,214" step="2"/><W49/><G101/><T59/><D123/><U127/><E127/><V3/><F3/><W56/><G97/><T67/><D116/><U45/><E69/><V35/><F35/><W14/><G7/><N who="1" m="2634" /><E0/><V62/><F62/><W42/><G42/><T12/><D12/><N who="3" m="4649" /><G20/><AGARI ba="0,1" hai="20,25,31,45,50,52,64,65,90,92,96" m="2634" machi="20" ten="30,3900,0" yaku="8,1,52,1,54,1" doraHai="87" who="1" fromWho="3" sc="309,0,224,49,243,0,214,-39" /><INIT seed="3,0,0,5,1,38" ten="309,273,243,175" oya="3" hai0="116,126,89,40,32,5,135,87,91,43,112,133,58" hai1="90,94,78,83,108,125,122,17,45,77,12,123,44" hai2="118,69,57,121,72,88,33,79,53,71,63,6,127" hai3="131,14,60,27,111,117,134,110,66,80,11,92,114"/><W99/><G117/><T36/><D116/><U10/><E108/><N who="3" m="41514" /><G114/><T54/><D126/><U95/><E125/><V101/><F69/><N who="3" m="42183" /><G134/><N who="0" m="51211" /><D112/><U85/><E122/><V15/><F71/><W107/><G131/><T132/><D132/><U8/><E123/><V119/><F121/><W41/><G107/><T42/><D42/><U67/><BYE who="0" /><E67/><V2/><F118/><W84/><G27/><T82/><D82/><UN n0="%E3%81%8B%E3%82%8F%E3%81%A1%E3%82%83%E3%82%93%35%38" /><U74/><E8/><V105/><F127/><W18/><G41/><N who="0" m="15947" /><D32/><U102/><E74/><V109/><F72/><W115/><G115/><T81/><D5/><U124/><E124/><V75/><F6/><W97/><G92/><T73/><D73/><U13/><E95/><V106/><F75/><W7/><G7/><T100/><D100/><U48/><E102/><V98/><F101/><W50/><G50/><N who="0" m="31063" /><D36/><U70/><E83/><V16/><F119/><W34/><G34/><T21/><D21/><U59/><E10/><V93/><F33/><W68/><G68/><T96/><D96/><U25/><E70/><V51/><F98/><W26/><G26/><T19/><D19/><U30/><E17/><V64/><F16/><W113/><G113/><T76/><AGARI ba="0,0" hai="76,81,87,89,91" m="31063,15947,51211" machi="76" ten="30,7900,0" yaku="20,1,52,3" doraHai="38" who="0" fromWho="0" sc="309,79,273,-20,243,-20,175,-39" owari="388,48.8,253,5.3,223,-17.7,136,-36.4" /></mjloggm>