<mjloggm ver="2.3"><GO type="225" lobby="0"/><UN n0="%E4%BF%BA%E3%81%A8%E5%A6%96%E5%A4%A2" n1="%65%6B%61%72%75%74%65" n2="%E3%82%BC%E3%83%AB%E3%83%80%E3%81%AE%E4%BC%9D%E8%AA%AC" n3="%EF%BC%B3%E3%81%9E%E3%81%88%E2%98%86" dan="17,16,17,16" rate="2174.48,2134.32,2225.59,2091.70" sx="F,M,M,F"/><TAIKYOKU oya="0"/><INIT seed="0,0,0,4,4,112" ten="250,250,250,250" oya="0" hai0="35,80,121,98,91,134,125,28,100,41,126,53,21" hai1="48,24,87,97,1,34,94,60,59,85,88,39,86" hai2="46,44,78,25,68,127,0,113,14,62,116,107,90" hai3="118,108,43,72,130,51,71,36,31,131,73,83,63"/><T81/><D121/><U26/><E39/><V27/><F0/><W16/><G108/><T64/><D35/><U104/><E1/><V69/><F113/><W55/><G31/><T58/><D41/><U135/><E135/><V19/><F107/><W92/><G92/><T8/><D8/><U6/><E6/><V96/><F78/><W50/><G50/><T101/><D134/><U38/><E38/><V29/><F127/><N who="0" m="48650" /><D64/><N who="1" m="38943" /><E104/><V103/><F90/><W133/><G43/><T111/><D91/><N who="1" m="55519" /><E34/><V4/><F4/><W82/><G36/><T128/><D111/><U3/><E3/><V20/><F69/><W5/><G71/><T75/><D75/><U42/><E88/><V18/><F68/><W102/><G5/><T15/><D128/><U105/><E105/><V117/><F62/><W120/><G73/><T32/><D32/><U74/><E74/><V93/><F27/><W7/><G7/><T54/><D54/><U70/><E70/><V65/><F65/><W129/><G55/><T122/><D122/><U49/><E49/><V84/><F84/><W76/><G72/><T2/><D2/><U22/><E22/><N who="2" m="11607" /><F29/><W95/><G120/><T66/><D66/><U52/><E42/><V23/><F23/><W13/><G133/><T61/><D101/><U30/><E30/><V114/><F114/><W11/><G102/><T9/><D21/><U109/><E109/><V124/><F124/><W79/><G130/><T106/><D28/><U12/><E12/><V47/><F103/><W119/><G131/><T17/><AGARI ba="0,0" hai="9,15,17,53,58,61,80,81,98,100,106" m="48650" machi="17" ten="30,1500,0" yaku="18,1" doraHai="112" who="0" fromWho="0" sc="250,15,250,-5,250,-5,250,-5" /><INIT seed="0,1,0,2,1,21" ten="265,245,245,245" oya="0" hai0="78,83,28,84,117,30,11,64,58,99,119,80,125" hai1="122,9,35,82,106,19,77,39,113,16,88,100,52" hai2="91,44,129,13,87,75,43,105,14,0,20,126,32" hai3="46,81,116,63,62,95,115,60,97,79,86,51,127"/><T123/><D123/><U26/><E122/><V47/><F32/><W61/><G127/><T41/><D125/><U85/><E39/><V70/><F126/><W69/><G115/><T48/><D11/><U114/><E106/><V7/><F75/><W134/><G134/><T76/><D99/><U128/><E128/><V72/><F72/><W92/><G116/><T104/><D104/><U2/><E100/><V40/><F105/><W36/><G36/><T71/><D71/><U31/><E77/><V12/><F70/><W6/><G6/><T1/><D1/><U107/><E107/><V37/><F129/><W49/><N who="3" m="15360" /><DORA hai="65" /><W10/><G10/><T124/><D64/><U96/><E52/><V133/><F133/><W17/><G17/><T56/><D124/><U23/><E96/><V90/><F87/><W55/><G69/><T57/><D41/><U5/><REACH who="1" step="1"/><E19/><REACH who="1" ten="265,235,245,245" step="2"/><V93/><F37/><W112/><G112/><T34/><D78/><U94/><E94/><V118/><F93/><W98/><G95/><T110/><D76/><U121/><E121/><V33/><F40/><W25/><G92/><T50/><D119/><U66/><E66/><V102/><F43/><W27/><G51/><T130/><D117/><U67/><E67/><V131/><F118/><W108/><G98/><T18/><D130/><U111/><E111/><V59/><F131/><W68/><G68/><T135/><D110/><U89/><E89/><V132/><F91/><W38/><G38/><T4/><D18/><U22/><E22/><V73/><F102/><W15/><G97/><T42/><D50/><RYUUKYOKU ba="1,1" sc="265,-10,235,30,245,-10,245,-10" hai1="2,5,9,16,23,26,31,35,82,85,88,113,114" /><INIT seed="1,2,1,4,2,88" ten="255,265,235,235" oya="1" hai0="122,79,129,14,115,98,36,135,27,10,68,126,13" hai1="124,90,87,130,97,65,78,45,9,95,33,0,100" hai2="34,60,16,21,15,84,69,58,25,106,54,93,127" hai3="19,11,82,96,74,99,23,8,2,113,12,32,55"/><U108/><E124/><V128/><F106/><W111/><G113/><T26/><D115/><U86/><E130/><V59/><F128/><W37/><G111/><T110/><D110/><U73/><E108/><V17/><F127/><W1/><G32/><T85/><D126/><U44/><E33/><V123/><F123/><W81/><G37/><T18/><D129/><U121/><E121/><V38/><F38/><W71/><G71/><T50/><D36/><U5/><E65/><V89/><F34/><W3/><G55/><T46/><D68/><U30/><E30/><V134/><F134/><W40/><G40/><T116/><D116/><U132/><E132/><V75/><F75/><W66/><G66/><T53/><D122/><U61/><E61/><V125/><F125/><W7/><G11/><T105/><D105/><U77/><E87/><V39/><F39/><W4/><G7/><T6/><D98/><U107/><E78/><V117/><F117/><W133/><G133/><T62/><D62/><U63/><E63/><N who="2" m="36311" /><F69/><W24/><G82/><AGARI ba="2,1" hai="0,5,9,44,45,73,77,82,86,90,95,97,100,107" machi="82" ten="40,7700,0" yaku="24,2,52,1" doraHai="88" who="1" fromWho="3" sc="255,0,265,93,235,0,235,-83" /><INIT seed="1,3,0,5,1,128" ten="255,358,235,152" oya="1" hai0="93,98,131,49,105,91,122,61,35,11,113,28,55" hai1="127,21,94,12,132,25,29,59,100,62,24,10,84" hai2="85,68,39,42,81,111,1,3,101,108,125,56,0" hai3="123,79,119,114,46,82,50,67,52,116,104,66,88"/><U32/><E132/><V18/><F68/><W6/><G114/><T96/><D113/><U5/><E127/><V40/><F125/><W9/><G123/><T48/><D131/><U72/><E72/><V80/><F101/><W13/><G104/><T51/><D122/><U95/><E84/><V78/><F39/><W97/><G119/><T70/><D35/><U43/><E43/><V102/><F102/><W14/><G116/><T75/><D75/><U109/><E109/><N who="2" m="42059" /><F18/><W47/><G47/><T53/><D28/><U7/><E7/><V17/><F17/><W106/><G106/><T87/><D105/><U60/><E60/><V73/><F56/><W124/><G14/><T76/><D11/><U27/><E32/><V31/><F31/><W115/><G124/><T64/><D98/><N who="1" m="59479" /><E95/><V130/><F130/><W74/><REACH who="3" step="1"/><G115/><REACH who="3" ten="255,358,235,142" step="2"/><T19/><D70/><U34/><E34/><V16/><F3/><W58/><G58/><T45/><D45/><U38/><E38/><V83/><F1/><W36/><G36/><T110/><D110/><U121/><E121/><V54/><F0/><W129/><G129/><T22/><D64/><AGARI ba="3,1" hai="5,10,12,21,24,25,27,29,59,62,64" m="59479" machi="64" ten="30,2900,0" yaku="25,1,8,1" doraHai="128" who="1" fromWho="0" sc="255,-38,358,48,235,0,142,0" /><INIT seed="1,4,0,2,4,19" ten="217,406,235,142" oya="1" hai0="41,111,38,76,33,23,78,114,10,103,115,1,15" hai1="65,124,86,18,126,42,110,132,0,63,87,128,32" hai2="31,66,82,40,26,20,88,60,80,98,34,135,3" hai3="36,52,7,129,51,123,77,8,90,50,104,9,58"/><U62/><E32/><V117/><F117/><W37/><G123/><T61/><D33/><U67/><E0/><V24/><F3/><W131/><G104/><T30/><D111/><U54/><E110/><V5/><F5/><W134/><G134/><T47/><D1/><U106/><E106/><V83/><F40/><W57/><G77/><T73/><D103/><U102/><E42/><V91/><F98/><W64/><G64/><T25/><D61/><U35/><E35/><V71/><REACH who="2" step="1"/><F135/><REACH who="2" ten="217,406,225,142" step="2"/><W120/><G120/><T92/><D114/><U100/><E132/><V14/><F14/><W6/><REACH who="3" step="1"/><G90/><REACH who="3" ten="217,406,225,132" step="2"/><T48/><D115/><U70/><E102/><V81/><N who="2" m="20480" /><DORA hai="59" /><V96/><F96/><W22/><G22/><T99/><D76/><U21/><E100/><V105/><F105/><W112/><G112/><T13/><D78/><U130/><E21/><V45/><F45/><W11/><G11/><T39/><D73/><U101/><E101/><V16/><AGARI ba="4,2" hai="16,20,24,26,31,34,60,66,71,88,91" m="20480" machi="16" ten="40,12000,2" yaku="1,1,0,1,52,2,54,2,53,1" doraHai="19,59" doraHaiUra="68,17" who="2" fromWho="2" sc="217,-34,406,-64,225,152,132,-34" /><INIT seed="2,0,0,0,2,112" ten="183,342,377,98" oya="2" hai0="90,125,13,102,120,12,57,130,55,50,22,47,77" hai1="42,71,30,39,33,109,105,86,5,92,129,97,41" hai2="114,82,118,38,133,113,25,93,40,51,15,81,121" hai3="91,66,126,28,123,6,75,10,35,106,53,19,52"/><V96/><F38/><W37/><G123/><T2/><D120/><U101/><E109/><V84/><F121/><W85/><G126/><T72/><D2/><U134/><E129/><V29/><F133/><W98/><G75/><T27/><D125/><U0/><E134/><V61/><F118/><W116/><G37/><T58/><D130/><U43/><E71/><V127/><F127/><W4/><G4/><T111/><D111/><U46/><E0/><V124/><F124/><W62/><G19/><T7/><D102/><U17/><E5/><V104/><F104/><W131/><G131/><T68/><D68/><U115/><E115/><V79/><F15/><W59/><G98/><T32/><D32/><U128/><E128/><V45/><F61/><W80/><G106/><T94/><D77/><U83/><E105/><V21/><REACH who="2" step="1"/><F82/><REACH who="2" ten="183,342,367,98" step="2"/><W3/><REACH who="3" step="1"/><G116/><REACH who="3" ten="183,342,367,88" step="2"/><T69/><D7/><U110/><E39/><V78/><F78/><W74/><G74/><T132/><D72/><U31/><E110/><V48/><F48/><W67/><G67/><T65/><D132/><U49/><E49/><V76/><F76/><W117/><G117/><T26/><D65/><U108/><E108/><V100/><AGARI ba="0,2" hai="21,25,29,40,45,51,79,81,84,93,96,100,113,114" machi="100" ten="20,3900,0" yaku="1,1,0,1,7,1,53,0" doraHai="112" doraHaiUra="60" who="2" fromWho="2" sc="183,-13,342,-13,367,59,88,-13" /><INIT seed="2,1,0,3,3,59" ten="170,329,426,75" oya="2" hai0="32,13,107,51,110,18,35,93,83,134,30,2,98" hai1="89,130,37,112,46,36,113,49,116,5,127,55,28" hai2="80,29,109,111,96,88,79,84,58,61,106,92,31" hai3="4,121,75,33,53,133,7,21,40,8,11,100,10"/><V47/><F47/><W66/><G121/><T45/><D107/><U91/><E28/><V104/><F31/><W124/><G133/><T56/><D134/><U27/><E91/><V17/><F17/><W3/><G124/><T1/><D110/><N who="2" m="41994" /><F29/><W22/><G75/><T65/><D83/><U25/><E89/><V9/><F9/><W94/><G33/><T24/><D35/><U12/><E5/><V86/><F86/><W126/><G126/><T23/><D98/><U119/><E12/><V63/><F63/><W129/><G129/><T39/><D93/><U16/><E130/><V26/><F26/><W67/><G40/><T71/><D71/><U105/><E127/><V48/><F48/><W78/><G78/><T118/><D39/><N who="1" m="14923" /><E105/><V123/><F123/><W70/><G70/><T132/><D132/><U64/><E16/><V42/><F42/><W135/><G135/><T43/><REACH who="0" step="1"/><D118/><REACH who="0" ten="160,329,426,75" step="2"/><U131/><E119/><V120/><F120/><W125/><G125/><T57/><D57/><U81/><E116/><V19/><F106/><W128/><G128/><T15/><D15/><U115/><E81/><V102/><F104/><W97/><G11/><T60/><AGARI ba="1,1" hai="1,2,13,18,23,24,30,32,43,45,51,56,60,65" machi="60" ten="30,7900,0" yaku="1,1,0,1,52,1,53,1" doraHai="59" doraHaiUra="41" who="0" fromWho="0" sc="160,92,329,-21,426,-40,75,-21" /><INIT seed="3,0,0,4,2,102" ten="252,308,386,54" oya="3" hai0="59,85,114,104,92,58,90,74,7,41,48,83,17" hai1="0,101,103,9,62,84,28,93,30,88,53,6,38" hai2="18,126,22,109,65,98,82,31,44,130,112,57,105" hai3="23,78,24,1,55,8,63,87,115,124,39,32,20"/><W110/><G115/><T118/><D118/><U4/><E38/><V64/><F112/><W11/><G39/><T89/><D114/><U15/><E4/><V52/><F31/><W42/><G124/><T34/><D34/><U2/><E2/><V100/><F126/><W108/><G42/><T135/><D135/><U12/><E0/><V131/><F109/><N who="3" m="42091" /><G32/><T94/><D104/><U129/><E129/><N who="2" m="49163" /><F82/><N who="3" m="47575" /><G1/><T19/><D7/><U106/><E15/><N who="2" m="9567" /><F44/><W113/><G113/><T27/><D74/><U51/><E62/><AGARI ba="0,0" hai="52,57,62,64,65,98,100,105" m="9567,49163" machi="62" ten="30,3900,0" yaku="19,1,52,1,54,1" doraHai="102" who="2" fromWho="1" sc="252,0,308,-39,386,39,54,0" owari="252,-14.8,269,6.9,425,52.5,54,-44.6" /></mjloggm>