<mjloggm ver="2.3"><GO type="225" lobby="0"/><UN n0="%E6%9D%B1%E9%A2%A8%E3%81%AE%E3%81%8D%E3%82%83%E3%81%B7%E3%81%95%E3%82%93" n1="%E7%99%BD%E6%97%A5%E9%9B%AA%E8%8F%9C" n2="%33%74%72%65%65" n3="%E3%81%8B%E3%82%8F%E3%81%A1%E3%82%83%E3%82%93%35%38" dan="17,17,16,16" rate="2203.60,2221.15,2118.19,2145.70" sx="M,M,F,M"/><TAIKYOKU oya="0"/><INIT seed="0,0,0,4,0,58" ten="250,250,250,250" oya="0" hai0="18,127,103,38,1,134,131,24,55,10,12,93,123" hai1="43,87,84,102,52,41,44,133,95,26,3,92,114" hai2="5,8,124,25,64,83,85,118,33,11,96,7,73" hai3="117,72,19,2,56,121,99,109,77,50,0,70,27"/><T35/><D38/><U94/><E3/><V129/><F73/><W67/><G99/><T90/><D123/><U98/><E133/><V47/><F129/><W14/><G117/><T80/><D134/><U57/><E114/><V23/><F33/><W97/><G70/><T79/><D131/><U89/><E26/><V104/><F124/><W62/><G109/><T74/><D127/><U48/><E41/><V49/><F104/><W60/><G121/><T113/><D103/><U15/><E15/><V125/><F96/><W22/><G72/><T54/><D1/><U75/><E75/><V46/><F64/><W6/><G77/><T128/><D128/><U61/><REACH who="1" step="1"/><E87/><REACH who="1" ten="250,240,250,250" step="2"/><V63/><F85/><W42/><G0/><T9/><D113/><U13/><E13/><V59/><F25/><W119/><G2/><T126/><D126/><U39/><E39/><V108/><F125/><W30/><G119/><T132/><D132/><U66/><E66/><V86/><F86/><W28/><G6/><T69/><D9/><U36/><E36/><V40/><F118/><W82/><G14/><T88/><D10/><U37/><E37/><N who="2" m="21775" /><F11/><W105/><G27/><T34/><D24/><U130/><E130/><V112/><F112/><W135/><G135/><T91/><D34/><U31/><E31/><V81/><F8/><W53/><G30/><T21/><D35/><U122/><E122/><V4/><F23/><W101/><G28/><T68/><D93/><AGARI ba="0,1" hai="43,44,48,52,57,61,84,89,92,93,94,95,98,102" machi="93" ten="30,8000,1" yaku="1,1,7,1,8,1,52,1,54,1,53,0" doraHai="58" doraHaiUra="76" who="1" fromWho="0" sc="250,-80,240,90,250,0,250,0" /><INIT seed="1,0,0,0,2,45" ten="170,330,250,250" oya="1" hai0="20,105,17,118,26,96,52,109,25,79,130,21,82" hai1="116,81,100,133,131,57,24,93,11,84,2,134,35" hai2="99,56,5,92,41,30,64,101,74,12,23,49,28" hai3="102,3,58,132,39,90,128,68,97,87,85,94,103"/><U22/><E116/><V31/><F74/><W16/><G68/><T47/><D118/><U88/><E35/><V34/><F34/><W75/><G3/><T48/><D109/><U10/><E131/><V89/><F101/><N who="3" m="38411" /><G39/><T40/><D130/><U124/><E124/><V135/><F135/><N who="1" m="51721" /><E2/><V114/><F114/><W44/><G128/><T29/><D105/><U7/><E7/><V108/><F108/><W50/><G75/><T18/><D96/><N who="1" m="59407" /><E57/><V110/><F110/><W53/><G132/><T42/><REACH who="0" step="1"/><D29/><AGARI ba="0,0" hai="10,11,22,24,29,81,84,88" m="59407,51721" machi="29" ten="30,2900,0" yaku="20,1,54,1" doraHai="45" who="1" fromWho="0" sc="170,-29,330,29,250,0,250,0" /><INIT seed="1,1,0,3,4,63" ten="141,359,250,250" oya="1" hai0="116,72,4,125,115,31,131,130,21,106,66,107,103" hai1="79,90,100,14,94,16,50,24,1,47,127,113,54" hai2="11,60,132,102,56,135,26,19,104,68,34,69,42" hai3="120,86,43,110,45,65,20,0,112,87,96,129,52"/><U73/><E1/><V91/><F42/><W46/><G0/><T51/><D72/><U76/><E73/><V8/><F102/><W44/><G112/><T64/><D115/><U40/><E127/><V133/><F104/><W126/><G120/><T55/><D4/><U119/><E119/><V17/><F91/><W2/><G2/><T49/><D116/><U10/><E100/><V18/><F26/><W99/><G43/><T58/><D125/><U93/><E113/><V77/><F77/><W98/><G126/><T7/><D7/><U83/><E24/><V128/><F34/><W38/><G38/><T9/><D9/><N who="2" m="3658" /><F128/><N who="0" m="49194" /><D49/><U36/><E90/><V35/><F35/><W82/><G129/><T22/><D31/><U41/><E76/><V117/><F117/><W71/><G20/><N who="0" m="7787" /><D103/><U105/><E105/><AGARI ba="1,0" hai="51,55,58,64,66,105,106,107" m="7787,49194" machi="105" ten="30,3900,0" yaku="19,1,52,2" doraHai="63" who="0" fromWho="1" sc="141,42,359,-42,250,0,250,0" /><INIT seed="2,0,0,5,4,94" ten="183,317,250,250" oya="2" hai0="77,119,44,53,132,36,40,103,51,19,116,16,9" hai1="47,89,112,38,99,61,27,121,63,118,104,0,88" hai2="68,24,35,18,23,130,100,62,21,91,115,85,10" hai3="80,50,31,52,76,127,13,133,69,101,45,4,123"/><V14/><F115/><W102/><G123/><T33/><D33/><U26/><E112/><V29/><F130/><W71/><G31/><T75/><D103/><U135/><E118/><N who="0" m="45097" /><D132/><U54/><E0/><V8/><F100/><W57/><G133/><T37/><D9/><U131/><E135/><V60/><F68/><W90/><G127/><T67/><D67/><U5/><E5/><V74/><F74/><W107/><G90/><T105/><D105/><U128/><E121/><V55/><F35/><W73/><G102/><T83/><D36/><U41/><E104/><V95/><F60/><N who="1" m="23113" /><E54/><V49/><REACH who="2" step="1"/><F62/><REACH who="2" ten="183,317,240,250" step="2"/><W65/><G65/><T126/><D126/><U58/><E131/><V81/><F81/><W70/><G101/><T87/><D75/><U106/><E128/><V39/><F39/><W72/><G107/><T124/><D124/><U82/><E106/><V11/><F11/><W96/><G73/><T120/><D120/><U84/><E38/><V97/><F97/><W28/><G96/><T125/><D125/><U25/><E99/><V129/><F129/><W20/><G71/><T46/><AGARI ba="0,1" hai="16,19,37,40,44,46,51,53,77,83,87" m="45097" machi="46" ten="30,2000,0" yaku="12,1,54,1" doraHai="94" who="0" fromWho="0" sc="183,30,317,-5,240,-10,250,-5" /><INIT seed="3,0,0,0,2,86" ten="213,312,230,245" oya="3" hai0="88,89,71,0,6,126,63,101,58,110,11,98,24" hai1="121,75,32,115,8,92,96,106,37,47,59,87,130" hai2="40,43,84,81,90,123,45,97,56,95,117,111,46" hai3="1,124,85,10,68,19,109,108,18,99,133,9,134"/><W53/><G68/><T2/><D2/><U14/><E32/><V57/><F117/><W25/><G124/><T80/><D71/><U77/><E115/><V4/><F111/><N who="3" m="42571" /><G99/><T29/><D110/><U50/><E121/><V12/><F123/><W61/><G85/><T21/><D80/><N who="1" m="47503" /><E75/><V125/><F125/><W72/><G72/><T34/><D34/><U118/><E106/><V73/><F73/><W91/><G91/><T28/><D28/><U112/><E112/><V51/><F4/><N who="3" m="1167" /><G10/><T55/><D126/><U60/><E37/><V30/><F12/><W39/><G39/><T16/><D29/><U70/><E70/><V64/><F30/><W135/><G25/><T33/><D33/><U41/><E118/><V74/><F74/><W38/><G38/><T83/><D83/><U107/><E107/><AGARI ba="0,0" hai="0,6,11,16,21,24,55,58,63,88,89,98,101,107" machi="107" ten="30,8000,1" yaku="7,1,52,2,54,2" doraHai="86" who="0" fromWho="1" sc="213,80,312,-80,230,0,245,0" /><INIT seed="4,0,0,4,5,36" ten="293,232,230,245" oya="0" hai0="119,43,24,104,121,69,113,38,76,77,15,99,117" hai1="90,125,64,42,33,130,1,82,16,126,39,128,60" hai2="55,57,116,124,86,120,103,61,106,92,96,8,89" hai3="112,41,91,30,52,65,10,68,49,23,70,108,100"/><T93/><D104/><U28/><E1/><V129/><F120/><W107/><G108/><T25/><D69/><U133/><E133/><V12/><F129/><N who="1" m="49769" /><E33/><V59/><F124/><N who="1" m="47721" /><E28/><V20/><F116/><W2/><G30/><T11/><D121/><U29/><E29/><V78/><F57/><W94/><G68/><T44/><D113/><U102/><E102/><V21/><REACH who="2" step="1"/><F78/><REACH who="2" ten="293,232,220,245" step="2"/><W40/><G70/><T134/><D134/><U67/><E60/><V3/><F3/><W73/><G2/><T81/><D119/><U37/><E67/><V26/><F26/><W63/><G63/><T87/><D117/><U114/><E64/><V47/><F47/><W66/><G66/><T34/><D77/><U53/><E114/><V132/><F132/><W62/><G62/><T101/><D34/><U98/><E39/><V9/><F9/><W109/><G10/><T80/><D80/><U58/><E37/><V51/><F51/><W135/><G112/><T115/><D115/><U118/><E118/><V88/><F88/><W27/><G91/><T17/><AGARI ba="0,1" hai="11,15,17,24,25,38,43,44,76,81,87,93,99,101" machi="17" ten="20,3900,0" yaku="0,1,7,1,52,1" doraHai="36" who="0" fromWho="0" sc="293,49,232,-13,220,-13,245,-13" owari="342,44.2,219,-18.1,207,-29.3,232,3.2" /></mjloggm>