<mjloggm ver="2.3"><GO type="225" lobby="0"/><UN n0="%E3%82%B8%E3%83%A3%E3%83%9E%E3%83%BC%E3%83%AB%E3%83%9E%E3%83%AC%E3%83%BC" n1="%E6%97%A5%E6%9B%9C%E6%97%A5%E3%82%88%E3%82%8A%E3%81%AE%E4%BD%BF%E8%80%85" n2="%65%6B%61%72%75%74%65" n3="%E3%82%A2%E3%83%9E%E3%83%9D%EF%BD%9E%EF%BD%9E%E3%83%A9" dan="17,18,16,17" rate="2210.24,2164.28,2133.12,2177.54" sx="M,M,M,M"/><TAIKYOKU oya="0"/><INIT seed="0,0,0,3,0,84" ten="250,250,250,250" oya="0" hai0="14,67,74,35,73,118,80,103,121,57,96,11,17" hai1="111,12,120,54,16,60,42,36,95,132,49,130,0" hai2="58,45,72,3,1,13,22,55,65,108,8,83,10" hai3="88,110,112,71,46,56,75,6,93,23,39,97,119"/><T25/><D118/><U70/><E0/><V9/><F108/><W133/><G71/><T78/><D121/><U99/><E120/><V24/><F65/><W48/><G112/><T31/><D67/><U101/><E111/><V87/><F45/><W127/><G119/><T51/><D51/><U2/><E2/><V7/><F72/><W40/><G110/><T29/><D29/><U90/><E130/><V59/><F59/><W68/><G68/><T19/><D57/><U27/><E132/><V104/><F104/><W69/><G69/><T124/><D124/><U20/><E36/><V116/><F1/><W102/><G75/><T128/><D73/><U43/><E101/><V62/><F3/><W18/><G6/><T131/><REACH who="0" step="1"/><D19/><REACH who="0" ten="240,250,250,250" step="2"/><U134/><E134/><V76/><REACH who="2" step="1"/><F116/><REACH who="2" ten="240,250,240,250" step="2"/><W64/><G127/><T77/><D77/><U86/><E70/><V32/><F32/><W5/><G64/><T66/><D66/><U126/><E126/><V94/><F94/><AGARI ba="0,2" hai="11,14,17,25,31,35,74,78,80,94,96,103,128,131" machi="94" ten="40,2000,0" yaku="1,1,53,0" doraHai="84" doraHaiUra="135" who="0" fromWho="2" sc="240,40,250,0,240,-20,250,0" /><INIT seed="0,1,0,1,1,123" ten="280,250,220,250" oya="0" hai0="96,12,92,111,4,55,130,15,103,9,106,5,61" hai1="124,36,43,100,41,34,117,120,32,46,83,88,45" hai2="77,58,62,44,11,51,135,56,89,99,95,14,79" hai3="28,72,75,22,39,25,18,20,52,7,101,93,84"/><T91/><D130/><U48/><E117/><V40/><F135/><W113/><G113/><T50/><D61/><U131/><E120/><V70/><F70/><W24/><G39/><T80/><D111/><U3/><E3/><V127/><F127/><W19/><G7/><T125/><D125/><U0/><E0/><V37/><F37/><W122/><G122/><T90/><D80/><U85/><E124/><V112/><F112/><W21/><G52/><T118/><D118/><U110/><E131/><V74/><F74/><W134/><G134/><T66/><D66/><U6/><E6/><V105/><F105/><W115/><G115/><T104/><D104/><U69/><E69/><V65/><REACH who="2" step="1"/><F58/><REACH who="2" ten="280,250,210,250" step="2"/><W114/><G114/><T53/><D106/><U2/><E36/><V17/><AGARI ba="1,1" hai="11,14,17,40,44,51,56,62,65,77,79,89,95,99" machi="17" ten="20,12000,2" yaku="1,1,2,1,0,1,7,1,8,1,53,1" doraHai="123" doraHaiUra="57" who="2" fromWho="2" sc="280,-61,250,-31,210,133,250,-31" /><INIT seed="1,0,0,5,3,19" ten="219,219,343,219" oya="1" hai0="45,76,130,93,41,49,87,71,86,38,57,16,124" hai1="116,13,98,61,33,92,127,129,17,69,125,105,26" hai2="54,3,14,39,133,21,118,46,113,15,24,43,110" hai3="72,25,2,56,82,95,128,106,89,58,5,101,122"/><U4/><E116/><V44/><F118/><W35/><G122/><T80/><D71/><U10/><E129/><V119/><F3/><W37/><G37/><T73/><D130/><U6/><E105/><V28/><F119/><W7/><G128/><T90/><D124/><N who="1" m="47691" /><E69/><V64/><F64/><W79/><G35/><T109/><D109/><U66/><E33/><V94/><F110/><W97/><G25/><T81/><D16/><N who="1" m="8247" /><E61/><V55/><F133/><W117/><G117/><T78/><REACH who="0" step="1"/><D57/><REACH who="0" ten="209,219,343,219" step="2"/><U65/><E4/><V22/><F113/><W0/><G7/><T9/><D9/><U83/><E6/><V31/><F31/><W68/><G68/><T34/><D34/><U42/><E17/><V70/><F28/><W123/><G123/><T103/><D103/><N who="1" m="60871" /><E26/><V84/><F24/><W121/><G121/><T112/><D112/><U1/><E1/><V12/><F70/><W20/><G0/><T48/><AGARI ba="0,1" hai="38,41,45,48,49,73,76,78,80,81,86,87,90,93" machi="48" ten="30,4000,0" yaku="1,1,0,1,53,1" doraHai="19" doraHaiUra="104" who="0" fromWho="0" sc="209,50,219,-20,343,-10,219,-10" /><INIT seed="2,0,0,0,5,72" ten="259,199,333,209" oya="2" hai0="69,84,89,134,124,12,135,30,68,26,23,36,39" hai1="125,42,6,95,31,91,126,102,96,76,115,130,22" hai2="29,40,52,41,7,63,111,67,120,24,49,32,43" hai3="77,17,25,93,80,79,66,33,118,113,101,55,60"/><V73/><F120/><W105/><G118/><T103/><D103/><U85/><E115/><V13/><F73/><W121/><G121/><T34/><D124/><N who="1" m="47723" /><E130/><V4/><F13/><W0/><G0/><T53/><D53/><U132/><E132/><N who="0" m="50729" /><D34/><U44/><E6/><V14/><F14/><W19/><G93/><N who="0" m="54439" /><D12/><U78/><E22/><V127/><F111/><W16/><G55/><T48/><D48/><N who="1" m="26647" /><E31/><V5/><F127/><W109/><G113/><T99/><D99/><U108/><E108/><V128/><F128/><W133/><G109/><T110/><D110/><U98/><E98/><V35/><F35/><W83/><G133/><T119/><D119/><U10/><E10/><V62/><REACH who="2" step="1"/><F67/><REACH who="2" ten="259,199,323,209" step="2"/><W3/><G33/><T122/><D122/><U82/><AGARI ba="0,1" hai="76,78,82,85,91,95,96,102" m="26647,47723" machi="82" ten="30,4000,0" yaku="18,1,52,2" doraHai="72" who="1" fromWho="1" sc="259,-10,199,50,323,-20,209,-10" /><INIT seed="3,0,0,1,3,14" ten="249,249,303,199" oya="3" hai0="5,71,43,118,114,87,88,57,19,20,109,7,127" hai1="61,125,50,34,47,104,46,90,2,3,89,108,116" hai2="53,98,113,17,124,64,32,18,129,122,4,65,126" hai3="97,51,67,59,100,75,84,55,92,111,56,37,91"/><W103/><G111/><T23/><D71/><U130/><E104/><V101/><F113/><W60/><G75/><T86/><D118/><U110/><E34/><V28/><F129/><W74/><G74/><T29/><D127/><N who="2" m="48682" /><F4/><W13/><G37/><T120/><D120/><U76/><E76/><V115/><F115/><W69/><G13/><T8/><D87/><U73/><E73/><V133/><F133/><W62/><REACH who="3" step="1"/><G84/><REACH who="3" ten="249,249,303,189" step="2"/><T70/><D86/><U41/><E125/><V25/><F122/><W134/><G134/><T121/><D109/><N who="1" m="42091" /><E116/><V9/><F25/><W128/><G128/><T132/><D121/><U38/><E130/><V54/><F65/><AGARI ba="0,1" hai="51,55,56,59,60,62,65,67,69,91,92,97,100,103" machi="65" ten="30,2900,0" yaku="1,1,7,1,53,0" doraHai="14" doraHaiUra="68" who="3" fromWho="2" sc="249,0,249,0,303,-29,189,39" /><INIT seed="3,1,0,1,3,59" ten="249,249,274,228" oya="3" hai0="39,123,44,37,33,22,107,135,7,111,81,9,98" hai1="78,121,52,42,54,51,87,12,61,19,93,91,20" hai2="88,130,21,75,60,119,99,32,134,71,77,102,127" hai3="43,73,56,58,132,13,49,6,36,55,41,128,96"/><W68/><G68/><T126/><D33/><U8/><E121/><V65/><F119/><W133/><G73/><T30/><D123/><U24/><E78/><V124/><F32/><W79/><G79/><T35/><D22/><U57/><E42/><N who="3" m="15882" /><G96/><T16/><D44/><U105/><E105/><V103/><F130/><W114/><G114/><T82/><D16/><N who="1" m="12295" /><E51/><V120/><F134/><N who="3" m="51819" /><G36/><T23/><D98/><U90/><E91/><V2/><F2/><W11/><G58/><T70/><D70/><U4/><E54/><V0/><F0/><W62/><G128/><T89/><D39/><U14/><E14/><V63/><F77/><W113/><G113/><T45/><D37/><U34/><E34/><V106/><F75/><W29/><G29/><T86/><D30/><U26/><E26/><V46/><F120/><W3/><G3/><T67/><D35/><U10/><E10/><V31/><F46/><W5/><G49/><T131/><D45/><U74/><E74/><V83/><F103/><W18/><AGARI ba="1,0" hai="5,6,11,13,18,55,56,62" m="51819,15882" machi="18" ten="30,3000,0" yaku="20,1,52,1" doraHai="59" who="3" fromWho="3" sc="249,-11,249,-11,274,-11,228,33" /><INIT seed="3,2,0,4,2,14" ten="238,238,263,261" oya="3" hai0="110,107,119,122,10,112,80,93,38,129,36,90,117" hai1="0,85,88,74,13,99,87,30,20,114,126,133,128" hai2="66,97,27,19,55,89,121,60,72,65,23,77,59" hai3="22,15,111,134,94,57,95,98,67,96,127,84,7"/><W106/><G127/><T135/><D107/><U50/><E114/><V104/><F121/><W24/><G134/><T132/><D122/><U86/><E0/><V62/><F104/><W16/><G111/><T33/><D33/><U83/><E126/><V63/><F72/><W113/><G113/><T51/><D112/><U46/><E133/><N who="0" m="51273" /><D110/><U4/><E128/><V29/><F77/><W61/><G106/><T37/><D129/><U6/><E74/><V82/><F29/><N who="3" m="17559" /><G7/><N who="1" m="2602" /><E99/><N who="3" m="37930" /><G84/><N who="0" m="52423" /><D10/><AGARI ba="2,0" hai="10,15,16,57,61,67,94,95" m="37930,17559" machi="10" ten="30,5800,0" yaku="8,1,52,1,54,1" doraHai="14" who="3" fromWho="0" sc="238,-64,238,0,263,0,261,64" owari="174,-32.6,238,-16.2,263,6.3,325,42.5" /></mjloggm>