<mjloggm ver="2.3"><GO type="225" lobby="0"/><UN n0="%E7%AD%89%E3%80%85%E5%8A%9B%E5%8A%87%E5%A0%B4" n1="%E7%B4%94%E6%BD%94%E3%83%94%E3%83%A9%E3%83%8B%E3%82%A2" n2="%E6%9D%BE%E6%9C%AC%E5%81%A5%E7%94%B7" n3="%E3%81%AF%E3%82%88%E3%81%8A%E3%81%98%E3%81%95%E3%82%93" dan="16,18,16,17" rate="2141.35,2289.32,2172.54,2215.28" sx="M,M,M,M"/><TAIKYOKU oya="0"/><INIT seed="0,0,0,3,1,112" ten="250,250,250,250" oya="0" hai0="120,3,40,79,99,96,95,36,63,132,0,24,55" hai1="54,93,130,43,29,98,64,71,11,49,100,86,108" hai2="22,74,62,32,85,84,20,101,133,115,4,13,27" hai3="127,45,25,15,109,128,47,88,14,8,134,60,77"/><T66/><D120/><U33/><E108/><V30/><F74/><W118/><G118/><T38/><D79/><U94/><E130/><V111/><F115/><W46/><G109/><T107/><D132/><U131/><E131/><V61/><F111/><W122/><G128/><T68/><D99/><U91/><E33/><V103/><F133/><W126/><G134/><T70/><D70/><U83/><E29/><V6/><F32/><W119/><G119/><T2/><D107/><U69/><E43/><V53/><F53/><W21/><G77/><T105/><D105/><U124/><E124/><N who="3" m="47658" /><G122/><T34/><D55/><U42/><E42/><V113/><F113/><W59/><G8/><T17/><D40/><U50/><E50/><V82/><F13/><W123/><G88/><T114/><D114/><U52/><E54/><V37/><F27/><W104/><G104/><T90/><REACH who="0" step="1"/><D17/><REACH who="0" ten="240,250,250,250" step="2"/><U106/><E71/><V116/><F116/><W75/><G123/><T65/><D65/><U19/><E64/><V72/><F72/><W10/><G75/><T110/><D110/><U9/><E69/><V23/><F103/><W7/><G59/><T117/><D117/><U48/><E48/><V16/><F101/><W41/><G41/><T56/><D56/><N who="1" m="32783" /><E106/><V135/><F135/><W80/><G60/><T89/><D89/><N who="1" m="51423" /><E19/><V92/><F62/><W73/><G73/><T5/><D5/><U76/><E76/><V26/><F61/><W125/><G125/><T28/><AGARI ba="0,1" hai="0,2,3,24,28,34,36,38,63,66,68,90,95,96" machi="28" ten="40,3900,0" yaku="1,1,0,1,53,0" doraHai="112" doraHaiUra="12" who="0" fromWho="0" sc="240,49,250,-13,250,-13,250,-13" /><INIT seed="0,1,0,3,3,75" ten="289,237,237,237" oya="0" hai0="115,6,83,51,13,33,22,91,42,129,55,49,127" hai1="130,44,7,59,15,53,21,106,26,81,58,24,11" hai2="124,52,25,79,92,86,41,12,43,50,98,38,72" hai3="36,31,108,97,113,107,8,0,32,60,19,125,18"/><T71/><D33/><U96/><E130/><V68/><F72/><W103/><G113/><T88/><D115/><U14/><E106/><V61/><F124/><W77/><G36/><T54/><D71/><U4/><E96/><V121/><F121/><W105/><G107/><T65/><D65/><U74/><E74/><V93/><F38/><W78/><G125/><T62/><D127/><U119/><E119/><V95/><F98/><W101/><G101/><T90/><D129/><U111/><E111/><V45/><F25/><W87/><G108/><T94/><D62/><U118/><E118/><V46/><F46/><W64/><G0/><T128/><D42/><U73/><E73/><V3/><F3/><W82/><G8/><T76/><D128/><U48/><E81/><N who="2" m="47423" /><F68/><N who="3" m="41991" /><G78/><T35/><D35/><U66/><E66/><V67/><F61/><W104/><G105/><T116/><D116/><U30/><E26/><AGARI ba="1,0" hai="18,19,26,31,32,77,82,87,97,103,104" m="41991" machi="26" ten="30,2000,0" yaku="25,1,52,1" doraHai="75" who="3" fromWho="1" sc="289,0,237,-23,237,0,237,23" /><INIT seed="1,0,0,3,5,68" ten="289,214,237,260" oya="1" hai0="106,80,28,24,6,27,101,111,132,105,95,20,121" hai1="66,52,46,42,49,126,89,62,128,8,102,71,76" hai2="87,0,7,65,48,96,3,78,32,19,69,133,72" hai3="107,2,77,99,103,92,127,97,74,21,117,125,104"/><U33/><E33/><V13/><F133/><W110/><G2/><T16/><D111/><U31/><E31/><V15/><F32/><W129/><G21/><T60/><D132/><U18/><E126/><N who="3" m="48138" /><G110/><T43/><D121/><U39/><E128/><V75/><F7/><W56/><G56/><T22/><D6/><U131/><E131/><V134/><F134/><W82/><G129/><T123/><D123/><U45/><E76/><V124/><F124/><W5/><G5/><T94/><D43/><U41/><E89/><V85/><F69/><W11/><G11/><T79/><D60/><U10/><E102/><V12/><F65/><W118/><G99/><T29/><D29/><U67/><E67/><V113/><F113/><W119/><AGARI ba="0,0" hai="74,77,82,92,97,103,104,107,117,118,119" m="48138" machi="119" ten="40,8000,1" yaku="12,1,18,1,34,2" doraHai="68" who="3" fromWho="3" sc="289,-20,214,-40,237,-20,260,80" /><INIT seed="2,0,0,0,5,44" ten="269,174,217,340" oya="2" hai0="55,96,100,65,57,9,115,82,0,66,60,92,80" hai1="98,52,132,116,79,12,134,120,27,104,11,94,17" hai2="5,14,124,106,28,131,26,105,83,97,20,112,110" hai3="38,114,111,46,18,129,16,22,73,95,19,135,25"/><V102/><F112/><W31/><G73/><T61/><D115/><U107/><E116/><V34/><F124/><W43/><G114/><T75/><D66/><U15/><E79/><V103/><F131/><W47/><G129/><T133/><D133/><N who="1" m="51307" /><E27/><V81/><F110/><W130/><G130/><T29/><D29/><U127/><E127/><V85/><F81/><W24/><G135/><T30/><D75/><U39/><E39/><V35/><F103/><W122/><G122/><T77/><D77/><U63/><E12/><V54/><F106/><W99/><G111/><T121/><D121/><U67/><E120/><V42/><F42/><W59/><G47/><T86/><D86/><U119/><E119/><V118/><F118/><W50/><G59/><T88/><D100/><N who="1" m="60503" /><E52/><V58/><F14/><W3/><G3/><T56/><REACH who="0" step="1"/><D30/><REACH who="0" ten="259,174,217,340" step="2"/><U87/><E87/><V76/><REACH who="2" step="1"/><F5/><AGARI ba="0,1" hai="0,5,9,55,56,57,60,61,65,80,82,88,92,96" machi="5" ten="40,8000,1" yaku="1,1,2,1,54,1,53,1" doraHai="44" doraHaiUra="2" who="0" fromWho="2" sc="259,90,174,0,217,-80,340,0" /><INIT seed="3,0,0,2,3,120" ten="349,174,137,340" oya="3" hai0="27,20,43,96,2,64,57,102,45,75,60,71,38" hai1="109,14,36,88,105,107,44,128,83,129,39,11,108" hai2="76,32,37,86,52,34,28,81,74,19,135,3,21" hai3="79,69,15,8,72,70,61,67,66,89,78,0,121"/><W134/><G121/><T29/><D75/><U35/><E35/><V132/><F37/><N who="1" m="14409" /><E14/><V56/><F3/><W124/><G0/><T49/><D2/><U114/><E11/><V33/><F28/><W13/><G124/><T50/><D71/><U18/><E18/><V90/><F76/><W4/><G134/><T22/><D22/><U97/><E114/><V55/><F74/><W116/><G116/><T98/><D98/><U16/><E16/><V77/><F77/><W47/><G47/><T133/><D133/><U93/><E83/><V80/><F80/><W7/><G72/><T58/><D58/><U104/><E44/><V101/><F101/><W1/><G1/><T68/><D68/><U30/><E30/><V130/><F55/><W119/><G119/><T131/><D131/><AGARI ba="0,0" hai="88,93,97,104,105,107,108,109,128,129,131" m="14409" machi="131" ten="40,8000,1" yaku="19,1,52,2,54,1" doraHai="120" who="1" fromWho="0" sc="349,-80,174,80,137,0,340,0" owari="269,6.9,254,-14.6,137,-36.3,340,44.0" /></mjloggm>