<mjloggm ver="2.3"><GO type="225" lobby="0"/><UN n0="%4B%2E%32%2E%4B%2E" n1="%E8%81%B7%E6%A5%AD%E3%80%81%E9%A2%A8%32" n2="%E3%83%96%E3%83%A9%E3%82%B6%E3%83%BC" n3="%72%69%6F%75%63%68%61%6E" dan="16,16,16,16" rate="2119.46,2151.97,2093.11,2123.77" sx="M,M,M,M"/><TAIKYOKU oya="0"/><INIT seed="0,0,0,4,0,95" ten="250,250,250,250" oya="0" hai0="102,134,87,58,61,31,17,11,16,89,53,46,78" hai1="13,75,10,59,65,55,15,86,123,109,72,73,41" hai2="98,115,32,12,118,88,79,82,14,110,5,120,19" hai3="4,42,69,116,0,3,50,94,56,127,122,100,47"/><T39/><D134/><U49/><E109/><V45/><F115/><W103/><G127/><T125/><D125/><U34/><E123/><V91/><F120/><W81/><G116/><T104/><D78/><U106/><E34/><V35/><F110/><W135/><G135/><T112/><D112/><U131/><E106/><V24/><F118/><W121/><G69/><T27/><D11/><U93/><E131/><V130/><F130/><W83/><G4/><T48/><D39/><U80/><E93/><V68/><F68/><W54/><G103/><T105/><D105/><U40/><E65/><V36/><F32/><W23/><G122/><T77/><D77/><U64/><E64/><V101/><F12/><W26/><G121/><T22/><D102/><U43/><REACH who="1" step="1"/><E10/><REACH who="1" ten="250,240,250,250" step="2"/><V62/><F35/><W44/><G94/><N who="0" m="54591" /><D104/><U1/><E1/><V8/><F8/><W133/><G0/><T18/><D31/><U114/><E114/><V29/><F29/><W74/><G3/><T30/><D30/><U128/><E128/><V66/><F66/><AGARI ba="0,1" hai="16,17,18,22,27,46,48,53,58,61,66" m="54591" machi="66" ten="30,2900,0" yaku="8,1,54,1" doraHai="95" who="0" fromWho="2" sc="250,39,240,0,250,-29,250,0" /><INIT seed="0,1,0,4,0,128" ten="289,240,221,250" oya="0" hai0="27,32,105,12,108,74,118,120,63,125,14,6,13" hai1="88,21,23,123,19,31,107,81,122,67,116,73,59" hai2="101,58,36,60,80,126,131,78,42,103,39,4,69" hai3="104,50,89,109,8,98,75,87,55,111,119,20,132"/><T83/><D118/><U30/><E116/><V110/><F131/><W92/><G132/><T43/><D120/><U37/><E107/><V90/><F110/><N who="3" m="41995" /><G119/><T24/><D108/><U46/><E73/><V41/><F126/><W121/><G75/><T49/><D125/><U76/><E76/><V18/><F69/><W65/><G121/><T114/><D114/><U66/><E37/><V17/><F4/><W113/><G65/><N who="1" m="24586" /><E46/><V77/><F90/><W35/><G35/><T86/><D105/><U34/><E34/><V100/><F58/><W10/><G113/><T115/><D74/><U16/><E59/><V61/><F101/><N who="3" m="62519" /><G20/><N who="1" m="7754" /><E123/><V96/><F96/><W56/><AGARI ba="1,0" hai="8,10,50,55,56,87,89,92" m="62519,41995" machi="56" ten="30,1100,0" yaku="14,1" doraHai="128" who="3" fromWho="3" sc="289,-6,240,-4,221,-4,250,14" /><INIT seed="1,0,0,0,0,38" ten="283,236,217,264" oya="1" hai0="75,32,15,72,50,14,76,68,13,79,16,124,104" hai1="86,102,127,58,98,4,42,128,93,77,56,87,92" hai2="7,82,134,65,17,43,121,0,35,30,40,28,63" hai3="112,125,26,61,132,25,85,62,46,21,117,123,12"/><U133/><E128/><V126/><F121/><W116/><G123/><T97/><D68/><U23/><E127/><V52/><F126/><W135/><G112/><T70/><D124/><U6/><E133/><N who="3" m="51274" /><G125/><T31/><D70/><U44/><E23/><V118/><F118/><N who="3" m="45675" /><G85/><N who="1" m="32266" /><E77/><V94/><F134/><W1/><G1/><T20/><D79/><U105/><E93/><V57/><F0/><W115/><G115/><T103/><D76/><U53/><E105/><V131/><F131/><W47/><G12/><T18/><D50/><N who="1" m="26903" /><E58/><N who="2" m="37111" /><F35/><W129/><G129/><T91/><D75/><U55/><E55/><V59/><F7/><W67/><G61/><AGARI ba="0,0" hai="4,6,53,56,61,92,98,102" m="26903,32266" machi="61" ten="30,2900,0" yaku="8,1,52,1" doraHai="38" who="1" fromWho="3" sc="283,0,236,29,217,0,264,-29" /><INIT seed="1,1,0,4,1,133" ten="283,265,217,235" oya="1" hai0="80,2,20,127,58,111,18,128,66,126,120,106,50" hai1="77,49,94,109,93,43,4,67,23,63,19,22,71" hai2="68,5,72,98,45,55,107,14,101,122,113,60,51" hai3="37,108,41,35,75,131,64,52,96,47,89,33,12"/><U46/><E109/><V7/><F122/><W40/><G108/><T3/><D111/><U27/><E77/><V135/><F135/><W59/><G131/><T102/><D102/><U79/><E79/><V26/><F113/><W65/><G75/><T95/><D106/><U29/><REACH who="1" step="1"/><E4/><REACH who="1" ten="283,255,217,235" step="2"/><V6/><F72/><W121/><G121/><T110/><D110/><U125/><E125/><V36/><F36/><W90/><G37/><T70/><D120/><U10/><E10/><V34/><F6/><W73/><G73/><T116/><D127/><U1/><E1/><V24/><F7/><W21/><G35/><T83/><D126/><U62/><E62/><V117/><F5/><W32/><G33/><T16/><D2/><U39/><E39/><V115/><F60/><W38/><G32/><T0/><D0/><U97/><E97/><V112/><F34/><W30/><G96/><T28/><D3/><U104/><E104/><V53/><F112/><W88/><G40/><T8/><D8/><U44/><E44/><V119/><F115/><W124/><G124/><T91/><D128/><U99/><E99/><V118/><F45/><W87/><G87/><T31/><D20/><U74/><E74/><V76/><F76/><W81/><G38/><T48/><D48/><U103/><E103/><V86/><F51/><W84/><G47/><T92/><D50/><U25/><AGARI ba="1,1" hai="19,22,23,25,27,29,43,46,49,63,67,71,93,94" machi="25" ten="20,12000,1" yaku="1,1,0,1,7,1,53,2" doraHai="133" doraHaiUra="17" who="1" fromWho="1" sc="283,-41,255,133,217,-41,235,-41" /><INIT seed="1,2,0,4,4,72" ten="242,388,176,194" oya="1" hai0="4,81,21,71,75,50,104,1,76,82,128,106,133" hai1="135,103,110,96,67,73,38,26,13,70,30,80,0" hai2="33,22,51,126,79,116,15,97,17,8,18,43,127" hai3="132,42,119,93,27,123,47,62,36,16,6,11,124"/><U95/><E135/><V134/><F116/><W112/><G123/><T118/><D118/><U69/><E0/><V99/><F33/><W91/><G119/><T101/><D133/><U115/><E115/><V29/><F134/><W10/><G132/><T90/><D71/><U108/><E38/><V105/><F29/><W45/><G112/><T60/><D128/><U24/><E13/><V113/><F113/><W129/><G129/><T83/><D60/><U9/><E9/><V61/><F61/><W87/><G124/><N who="2" m="47657" /><F105/><W109/><G109/><N who="1" m="42090" /><E67/><V39/><F39/><W5/><G62/><T107/><D107/><U117/><E117/><V12/><F79/><W32/><G47/><AGARI ba="2,0" hai="8,12,15,17,18,22,43,47,51,97,99" m="47657" machi="47" ten="30,1000,0" yaku="18,1" doraHai="72" who="2" fromWho="3" sc="242,0,388,0,176,16,194,-16" /><INIT seed="2,0,0,1,3,3" ten="242,388,192,178" oya="2" hai0="1,24,31,29,122,116,14,94,30,91,12,53,57" hai1="33,125,111,25,128,66,43,118,69,76,89,40,38" hai2="61,13,22,110,79,95,56,34,26,113,87,44,124" hai3="45,49,54,21,101,72,109,46,132,133,2,37,48"/><V106/><F113/><W131/><G72/><T103/><D1/><U88/><E111/><V114/><F114/><W134/><G2/><T135/><D122/><U41/><E118/><V28/><F106/><W96/><G109/><T52/><D116/><U51/><E38/><V47/><F124/><W0/><G0/><T112/><D112/><U123/><E69/><V98/><F110/><W73/><G73/><T130/><D103/><U126/><E66/><V70/><F70/><W81/><G37/><T86/><D130/><U120/><E128/><V64/><F13/><N who="0" m="5226" /><D135/><U20/><E33/><V71/><F71/><W32/><G32/><T99/><D24/><U92/><E76/><V97/><F34/><W5/><G131/><T58/><D86/><N who="1" m="52247" /><E89/><V65/><F65/><W35/><G35/><T63/><D29/><N who="1" m="17575" /><E51/><AGARI ba="0,0" hai="30,31,51,52,53,57,58,63,91,94,99" m="5226" machi="51" ten="30,2000,0" yaku="8,1,54,1" doraHai="3" who="0" fromWho="1" sc="242,20,388,-20,192,0,178,0" /><INIT seed="3,0,0,5,5,3" ten="262,368,192,178" oya="3" hai0="86,55,52,24,60,89,68,92,131,100,39,117,44" hai1="91,75,129,58,48,31,59,36,40,71,114,72,113" hai2="5,42,34,98,70,69,108,99,94,79,56,37,105" hai3="2,65,135,119,28,62,127,134,85,14,78,102,74"/><W49/><G119/><T67/><D117/><U33/><E71/><V19/><F108/><W61/><G74/><T29/><D131/><U73/><E36/><V45/><F34/><W110/><G2/><T107/><D44/><U83/><E31/><V66/><F79/><W115/><G115/><T122/><D39/><U57/><E33/><V64/><F105/><W96/><G110/><T11/><D122/><U35/><E35/><V120/><F5/><W125/><G28/><T27/><D27/><U130/><E91/><V41/><F41/><W13/><G49/><T16/><D11/><U51/><E83/><V80/><F80/><N who="3" m="47255" /><G13/><T106/><D16/><U111/><E111/><V126/><F126/><N who="3" m="48139" /><G14/><T22/><REACH who="0" step="1"/><D107/><REACH who="0" ten="252,368,192,178" step="2"/><U104/><E104/><V84/><F120/><W17/><G17/><T90/><D90/><U6/><E129/><V95/><F19/><W128/><G128/><T103/><D103/><U43/><E130/><V54/><F37/><W101/><G102/><T8/><D8/><U93/><E114/><V123/><F123/><W18/><G18/><T26/><D26/><U23/><E113/><V121/><F121/><W87/><G87/><T132/><D132/><N who="3" m="50729" /><G65/><T63/><D63/><U10/><E75/><V32/><F84/><W133/><N who="3" m="50737" /><W76/><DORA hai="47" /><G76/><T9/><D9/><U21/><E10/><V53/><F64/><W15/><G15/><T112/><D112/><U116/><E73/><V1/><F66/><W97/><G101/><T77/><D77/><U109/><E72/><V50/><F1/><W46/><G46/><T7/><D7/><RYUUKYOKU ba="0,1" sc="252,15,368,-15,192,-15,178,15" hai0="22,24,29,52,55,60,67,68,86,89,92,100,106" hai3="61,62,96,97" /><INIT seed="3,1,1,2,4,81" ten="267,353,177,193" oya="3" hai0="75,58,115,17,60,116,23,68,55,0,26,112,53" hai1="109,79,39,62,114,84,22,102,96,94,15,122,45" hai2="13,100,85,134,70,8,24,77,113,1,37,76,73" hai3="67,18,124,88,42,10,63,7,11,103,126,3,78"/><W107/><G78/><T87/><D75/><U130/><E114/><N who="0" m="43561" /><D116/><U74/><E109/><V82/><F113/><W29/><G29/><T52/><D0/><U95/><E122/><V92/><F134/><W120/><G120/><T117/><D117/><U41/><E130/><V127/><F127/><N who="3" m="48683" /><G42/><T16/><D68/><U106/><E62/><V119/><F119/><W61/><G67/><T97/><D97/><U93/><E15/><V21/><F37/><W90/><G103/><T47/><D47/><U83/><REACH who="1" step="1"/><E22/><REACH who="1" ten="267,343,177,193" step="2"/><V31/><F1/><W86/><G61/><T32/><D32/><U66/><E66/><V99/><F70/><W59/><G63/><T34/><D34/><U14/><E14/><V30/><F73/><AGARI ba="1,2" hai="39,41,45,73,74,79,83,84,93,94,95,96,102,106" machi="73" ten="40,2600,0" yaku="1,1,52,1,53,0" doraHai="81" doraHaiUra="44" who="1" fromWho="2" sc="267,0,343,49,177,-29,193,0" owari="267,6.7,392,49.2,148,-35.2,193,-20.7" /></mjloggm>