<mjloggm ver="2.3"><GO type="225" lobby="0"/><UN n0="%70%68%65%6E%6F%6D%65" n1="%E3%82%B7%E3%83%B3%E5%A4%AA%E6%9C%97" n2="%E6%B8%A9%E2%98%85%E6%83%85%E2%98%85%E6%8E%AA%E2%98%85%E7%BD%AE" n3="%E5%86%B7%E5%87%8D%E3%82%AE%E3%83%A7%E3%83%BC%E3%82%B6" dan="16,16,17,16" rate="2141.12,2169.96,2266.32,2216.83" sx="M,M,M,M"/><TAIKYOKU oya="0"/><INIT seed="0,0,0,0,2,31" ten="250,250,250,250" oya="0" hai0="92,7,20,43,57,66,128,51,93,39,2,30,58" hai1="114,108,105,60,8,12,70,37,42,103,109,106,90" hai2="84,124,91,65,21,98,23,115,133,75,97,110,94" hai3="102,1,61,55,33,47,135,134,28,56,15,131,44"/><T83/><D128/><U17/><E114/><V35/><F115/><W9/><G131/><T68/><D2/><U120/><E120/><V48/><F75/><W86/><G1/><T96/><D7/><U59/><E70/><V24/><F110/><N who="1" m="42601" /><E103/><V18/><F133/><N who="3" m="50699" /><G102/><T32/><D20/><U74/><E74/><V0/><F124/><W121/><G121/><T29/><D83/><U126/><E126/><V80/><F0/><W63/><G86/><T117/><D117/><U13/><E90/><V50/><F35/><W52/><G63/><N who="0" m="40031" /><D57/><U113/><E113/><V100/><F65/><W11/><G55/><N who="0" m="32127" /><D32/><U3/><E3/><V79/><REACH who="2" step="1"/><F23/><REACH who="2" ten="250,250,240,250" step="2"/><W38/><G9/><T5/><D5/><U62/><E8/><V71/><F71/><W34/><G34/><T73/><D73/><U67/><E67/><V125/><F125/><W40/><G33/><T88/><D93/><AGARI ba="0,1" hai="18,21,24,48,50,79,80,84,91,93,94,97,98,100" machi="93" ten="30,3900,0" yaku="1,1,7,1,8,1,53,0" doraHai="31" doraHaiUra="25" who="2" fromWho="0" sc="250,-39,250,0,240,49,250,0" /><INIT seed="1,0,0,0,1,68" ten="211,250,289,250" oya="1" hai0="58,34,75,87,41,90,71,18,121,95,116,91,16" hai1="105,3,31,122,36,42,33,83,111,60,135,22,101" hai2="79,0,11,62,46,134,14,65,106,51,57,82,54" hai3="19,113,44,127,35,28,47,86,70,37,29,73,80"/><U133/><E122/><V112/><F134/><N who="1" m="51209" /><E111/><V125/><F125/><W7/><G113/><T1/><D71/><U107/><E3/><V4/><F112/><W32/><G70/><T27/><D116/><U123/><E123/><V13/><REACH who="2" step="1"/><F106/><REACH who="2" ten="211,250,279,250" step="2"/><W45/><G127/><T12/><D121/><U117/><E107/><V103/><F103/><W126/><G126/><T108/><D108/><U53/><E101/><V119/><F119/><W38/><G32/><T69/><D69/><U84/><E105/><V61/><F61/><W114/><G35/><T2/><D1/><U97/><E117/><V67/><F67/><W55/><G114/><T24/><D2/><U100/><E60/><V48/><F48/><W64/><G64/><T74/><D34/><U52/><E33/><V104/><F104/><W131/><G131/><T77/><D74/><AGARI ba="0,1" hai="0,4,11,13,14,46,51,54,57,62,65,74,79,82" machi="74" ten="30,3900,0" yaku="1,1,7,1,53,1" doraHai="68" doraHaiUra="50" who="2" fromWho="0" sc="211,-39,250,0,279,49,250,0" /><INIT seed="2,0,0,0,2,98" ten="172,250,328,250" oya="2" hai0="90,101,118,117,110,91,43,70,109,34,68,122,0" hai1="115,45,6,127,133,64,82,41,97,120,46,53,104" hai2="66,24,84,93,108,69,40,72,83,48,20,42,17" hai3="44,58,77,85,14,65,59,50,96,23,51,100,28"/><V26/><F108/><N who="0" m="41578" /><D43/><U61/><E115/><V25/><F72/><W123/><G123/><T60/><D122/><U67/><E133/><V103/><F66/><W8/><G65/><T57/><D34/><U54/><E127/><V30/><F69/><N who="0" m="26730" /><D0/><U102/><E120/><V128/><F128/><W92/><G50/><T49/><D101/><U107/><E6/><V22/><F26/><N who="3" m="16479" /><G85/><T16/><D16/><U36/><E107/><V10/><F10/><W135/><G77/><T15/><D15/><U121/><E121/><V73/><F48/><W18/><G135/><T88/><D49/><U78/><E46/><V76/><F73/><W5/><G18/><T11/><D11/><U33/><E33/><V38/><F38/><W125/><G125/><T12/><D12/><U63/><E61/><V71/><F71/><W106/><G106/><T113/><D113/><U119/><E64/><AGARI ba="0,0" hai="57,60,64,88,90,91,117,118" m="26730,41578" machi="64" ten="40,2600,0" yaku="14,1,54,1" doraHai="98" who="0" fromWho="1" sc="172,26,250,-26,328,0,250,0" /><INIT seed="3,0,0,5,4,23" ten="198,224,328,250" oya="3" hai0="2,106,120,55,105,40,20,73,61,133,91,17,42" hai1="44,135,13,5,70,76,18,78,68,41,8,26,121" hai2="9,74,83,56,122,129,31,63,27,21,125,101,71" hai3="34,108,4,88,110,90,130,119,118,19,132,39,96"/><W7/><G39/><T67/><D120/><U57/><E121/><V79/><F122/><W116/><G34/><T48/><D133/><U131/><E135/><V25/><F129/><W85/><G132/><T16/><D2/><U32/><E131/><V0/><F125/><W53/><G130/><T127/><D127/><U51/><E57/><V123/><F123/><W46/><G19/><T95/><D73/><U99/><E99/><V33/><F101/><W50/><G96/><T98/><D105/><U3/><E78/><V89/><F89/><W128/><G90/><T10/><D106/><U113/><E76/><V86/><F71/><W94/><REACH who="3" step="1"/><G128/><REACH who="3" ten="198,224,328,240" step="2"/><T103/><D91/><U60/><E113/><V64/><F33/><W80/><G80/><T37/><D37/><U104/><E104/><V107/><F107/><W47/><G47/><N who="0" m="28063" /><D17/><U72/><E32/><V97/><F97/><W24/><G24/><N who="0" m="14343" /><D10/><U45/><E26/><V114/><F25/><W112/><G112/><T30/><D30/><U117/><E117/><V52/><F114/><W62/><G62/><T111/><D111/><AGARI ba="0,1" hai="4,7,46,50,53,85,88,94,108,110,111,116,118,119" machi="111" ten="50,12000,1" yaku="1,1,14,1,10,1,54,1,53,0" doraHai="23" doraHaiUra="11" who="3" fromWho="0" sc="198,-120,224,0,328,0,240,130" owari="78,-42.2,224,-17.6,328,12.8,370,47.0" /></mjloggm>