<mjloggm ver="2.3"><GO type="225" lobby="0"/><UN n0="%E7%B5%82%E6%9C%AB%E3%81%AE%E6%95%91%E3%81%84" n1="%6E%69%63%6F%6E%74%6F" n2="%E9%B3%B3%E6%9D%B1%E3%81%AE%E3%81%BF%E3%81%91%E3%81%AB%E3%82%83%E3%82%93" n3="%E3%81%82%E3%81%99%E3%81%AB%E3%82%83%E3%82%80" dan="16,17,16,16" rate="2086.21,2123.23,2099.73,2131.19" sx="F,M,F,F"/><TAIKYOKU oya="0"/><INIT seed="0,0,0,1,0,11" ten="250,250,250,250" oya="0" hai0="73,102,130,80,99,36,17,29,39,72,35,20,98" hai1="111,85,52,48,116,18,79,126,124,125,28,27,122" hai2="63,0,46,26,88,14,31,129,55,41,38,100,37" hai3="91,118,84,92,69,94,5,134,21,9,60,34,75"/><T16/><D130/><U6/><E116/><V10/><F0/><W30/><G34/><T128/><D128/><U44/><E122/><V112/><F112/><W3/><G75/><T115/><D115/><U90/><E111/><V24/><F100/><W25/><G134/><T64/><D64/><U32/><E6/><V71/><F38/><W96/><G118/><T135/><D35/><U95/><E18/><V120/><F120/><W62/><REACH who="3" step="1"/><G69/><REACH who="3" ten="250,250,250,240" step="2"/><T119/><D119/><U77/><AGARI ba="0,1" hai="27,28,32,44,48,52,77,79,85,90,95,124,125,126" machi="77" ten="40,5200,0" yaku="0,1,18,1,54,1" doraHai="11" who="1" fromWho="1" sc="250,-26,250,62,250,-13,240,-13" /><INIT seed="1,0,0,3,3,17" ten="224,312,237,227" oya="1" hai0="57,41,6,130,77,119,123,63,0,113,112,3,60" hai1="49,61,116,82,51,83,98,33,22,13,73,12,111" hai2="24,74,55,11,104,14,117,76,125,10,86,109,84" hai3="106,133,27,131,91,59,129,5,37,32,94,18,75"/><U134/><E116/><V65/><F117/><W118/><G133/><T128/><D119/><U92/><E33/><V88/><F104/><W48/><G106/><T31/><D77/><U54/><E134/><V64/><F74/><W120/><G37/><T50/><D6/><U95/><E73/><V19/><F109/><W72/><G120/><T127/><D31/><U1/><E1/><V56/><F125/><W108/><G108/><T97/><D97/><U58/><E111/><V80/><F24/><W66/><G5/><T44/><D0/><U103/><E92/><V8/><F65/><W46/><G118/><T105/><D3/><U25/><E12/><V68/><F64/><W62/><G129/><N who="0" m="49771" /><D105/><U114/><E13/><V85/><F68/><W34/><G34/><T4/><D4/><U79/><E114/><N who="0" m="44137" /><D127/><U26/><E26/><V47/><F47/><W126/><G126/><T115/><D115/><U71/><E71/><V36/><F36/><W43/><G131/><T89/><D89/><U39/><E39/><V9/><F76/><W38/><G32/><T23/><D23/><U67/><E79/><V2/><F2/><W40/><G38/><N who="0" m="21559" /><D123/><U15/><E15/><V69/><F69/><W28/><G28/><T110/><D110/><U81/><E22/><V53/><F53/><AGARI ba="0,0" hai="50,53,57,60,63" m="21559,44137,49771" machi="53" ten="30,3900,0" yaku="19,1,34,2" doraHai="17" who="0" fromWho="2" sc="224,39,312,0,237,-39,227,0" /><INIT seed="2,0,0,1,1,79" ten="263,312,198,227" oya="2" hai0="37,96,44,100,101,123,59,83,36,16,27,69,98" hai1="61,105,21,135,9,119,45,90,77,4,39,0,28" hai2="91,13,3,20,55,52,85,15,24,127,40,109,93" hai3="26,66,112,68,1,74,71,110,14,73,60,49,114"/><V67/><F3/><W30/><G1/><T115/><D69/><U53/><E119/><V18/><F127/><W75/><G110/><T103/><D123/><U8/><E135/><V29/><F109/><W94/><G71/><T80/><D115/><N who="3" m="44073" /><G14/><N who="2" m="5129" /><F67/><W132/><G132/><T133/><D133/><U12/><E105/><V5/><F5/><W89/><G49/><T17/><D59/><U82/><E90/><V106/><F106/><W58/><G58/><T65/><D65/><U76/><E76/><V113/><F113/><W11/><G11/><T72/><D72/><U99/><E99/><N who="0" m="37929" /><D27/><U129/><E39/><N who="0" m="14921" /><D103/><U116/><E9/><V130/><F130/><W34/><G73/><T51/><D101/><U50/><E129/><V87/><F40/><W70/><G70/><T92/><D92/><U117/><E0/><V121/><F121/><W25/><G25/><T2/><D100/><U46/><E46/><V19/><F87/><AGARI ba="0,0" hai="26,30,34,60,66,68,74,75,87,89,94" m="44073" machi="87" ten="30,1000,0" yaku="11,1" doraHai="79" who="3" fromWho="2" sc="263,0,312,0,198,-10,227,10" /><INIT seed="3,0,0,2,2,109" ten="263,312,188,237" oya="3" hai0="90,38,104,13,135,28,124,9,34,85,10,113,74" hai1="78,22,44,0,92,75,84,61,127,77,81,18,6" hai2="4,93,26,89,126,119,132,47,36,60,133,112,45" hai3="27,125,30,99,43,102,67,21,29,71,82,131,97"/><W16/><G131/><T32/><D74/><U64/><E127/><V114/><F119/><W68/><G125/><T48/><D38/><U87/><E0/><V69/><F126/><W3/><G3/><T88/><D124/><U110/><E6/><V120/><F120/><W96/><G102/><T31/><D104/><U17/><E110/><V11/><F26/><W46/><G67/><T55/><D135/><N who="2" m="51786" /><F69/><W107/><G107/><T115/><D48/><U76/><E44/><N who="2" m="16971" /><F60/><W19/><G82/><T52/><D85/><U33/><E33/><V59/><F59/><W7/><G7/><T54/><D54/><U129/><E129/><V53/><F53/><W8/><G71/><T118/><REACH who="0" step="1"/><D13/><REACH who="0" ten="253,312,188,237" step="2"/><U37/><E37/><V14/><F36/><W12/><G68/><T66/><D66/><U62/><E75/><V49/><F49/><AGARI ba="0,1" hai="8,12,16,19,21,27,29,30,43,46,49,96,97,99" machi="49" ten="40,3900,0" yaku="8,1,54,1" doraHai="109" who="3" fromWho="2" sc="253,0,312,0,188,-39,237,49" /><INIT seed="3,1,0,0,1,90" ten="253,312,149,286" oya="3" hai0="19,46,93,1,3,2,84,13,71,111,52,5,49" hai1="61,23,99,128,130,12,59,58,4,0,35,68,116" hai2="98,27,45,44,32,18,102,30,107,120,67,28,135" hai3="65,66,10,133,103,69,53,79,105,9,92,85,76"/><W101/><G133/><T60/><D111/><U112/><E112/><V57/><F135/><W37/><G37/><T80/><D5/><U17/><E35/><V108/><F108/><W86/><G105/><T41/><D71/><U89/><E116/><V88/><F120/><W56/><G69/><T123/><D123/><U7/><E68/><V115/><F115/><W124/><G124/><T94/><D60/><U15/><E0/><V104/><F104/><W126/><G126/><T97/><D97/><U129/><E15/><V33/><F18/><W118/><G118/><T110/><D41/><U91/><E59/><V96/><F67/><W125/><G125/><T25/><D25/><U127/><E127/><V36/><F57/><W48/><G65/><T122/><D110/><U50/><E50/><V131/><F131/><W119/><G66/><T75/><D75/><U64/><E91/><V62/><F62/><W38/><G38/><T6/><D6/><U16/><E17/><V8/><F8/><N who="3" m="3179" /><G119/><T31/><D31/><U100/><E89/><V134/><F134/><W47/><G47/><T70/><D70/><U78/><E78/><N who="3" m="29738" /><G103/><T81/><D122/><U43/><E43/><V55/><F36/><W87/><G101/><T51/><D49/><U72/><E72/><V82/><F55/><W21/><G21/><T24/><D2/><U54/><E64/><V117/><F117/><W42/><G42/><T132/><D132/><U40/><E40/><V121/><F121/><W95/><AGARI ba="1,0" hai="48,53,56,85,86,87,92,95" m="29738,3179" machi="95" ten="40,7800,0" yaku="8,1,52,2" doraHai="90" who="3" fromWho="3" sc="253,-27,312,-27,149,-27,286,81" owari="226,-17.4,285,8.5,122,-37.8,367,46.7" /></mjloggm>