<mjloggm ver="2.3"><GO type="225" lobby="0"/><UN n0="%E3%81%86%E3%81%A9%E3%82%93%E3%81%93" n1="%4C%4F%4C%49%54%41" n2="%E3%81%86%E3%81%A3%E3%81%97%E3%83%BC%30%30" n3="%77%72%77%72%77%72%77%72" dan="16,16,16,16" rate="2127.02,2172.84,2071.74,2071.66" sx="M,F,M,M"/><TAIKYOKU oya="0"/><INIT seed="0,0,0,4,1,37" ten="250,250,250,250" oya="0" hai0="28,47,60,6,7,35,22,45,99,116,49,36,128" hai1="13,23,107,57,63,135,70,0,132,71,96,24,113" hai2="122,124,34,55,103,86,30,104,120,31,118,106,46" hai3="9,64,58,40,102,88,133,56,125,121,59,123,18"/><T82/><D116/><U8/><E0/><V33/><F86/><W27/><G102/><T39/><D35/><U19/><E113/><V66/><F103/><W92/><G133/><N who="1" m="51274" /><E96/><V127/><F46/><W20/><G125/><T1/><D128/><U101/><E107/><V44/><F44/><W51/><G51/><T52/><D99/><U38/><E38/><V95/><F95/><W134/><G9/><T54/><D82/><U83/><E83/><V76/><F66/><W16/><G18/><T110/><D110/><U80/><E80/><V43/><F55/><W119/><G119/><T17/><D28/><N who="1" m="17439" /><E101/><V48/><F48/><W53/><G64/><AGARI ba="0,0" hai="8,13,19,57,63,64,70,71" m="17439,51274" machi="64" ten="30,1000,0" yaku="20,1" doraHai="37" who="1" fromWho="3" sc="250,0,250,10,250,0,250,-10" /><INIT seed="1,0,0,0,4,4" ten="250,260,250,240" oya="1" hai0="19,45,42,128,14,130,40,135,120,16,24,33,54" hai1="103,18,71,81,27,0,36,65,126,15,17,1,52" hai2="108,70,96,77,80,56,9,2,49,84,95,92,112" hai3="73,105,20,37,89,66,91,131,22,38,129,134,125"/><U64/><E36/><N who="3" m="13930" /><G73/><T110/><D110/><U93/><E126/><V127/><F70/><W90/><G105/><T97/><D135/><U28/><E71/><V68/><F68/><W53/><G53/><T85/><D120/><U104/><E104/><V43/><F108/><W107/><G107/><T21/><D97/><U13/><E81/><V3/><F127/><W31/><G31/><T5/><D5/><U72/><E72/><V124/><F124/><W44/><G44/><T113/><D113/><U109/><E109/><V60/><F95/><W99/><G125/><T69/><D69/><U76/><E76/><V29/><F29/><W11/><G99/><T25/><D85/><U67/><E93/><V6/><F112/><W116/><G66/><T48/><D33/><U7/><E103/><V87/><F87/><W57/><G57/><T100/><D100/><U59/><BYE who="3" /><E1/><UN n3="%77%72%77%72%77%72%77%72" /><V32/><F32/><W102/><G102/><T23/><REACH who="0" step="1"/><D14/><REACH who="0" ten="240,260,250,240" step="2"/><N who="1" m="5131" /><E0/><V8/><F3/><W26/><G134/><T101/><D101/><U47/><E7/><V86/><F2/><W98/><G98/><T118/><D118/><U41/><E27/><V58/><F6/><W61/><G26/><T75/><D75/><U10/><E65/><N who="2" m="39047" /><F86/><W119/><G119/><T133/><D133/><U46/><E67/><V30/><F96/><W121/><G116/><T63/><D63/><U74/><E64/><V34/><F84/><W123/><G61/><T132/><D132/><U12/><E74/><V79/><F34/><W111/><G111/><T117/><D117/><U78/><E12/><V94/><F77/><RYUUKYOKU ba="0,1" sc="240,30,260,-10,250,-10,240,-10" hai0="16,19,21,23,24,25,40,42,45,48,54,128,130" /><INIT seed="2,1,1,2,4,47" ten="270,250,240,230" oya="2" hai0="14,48,88,132,49,67,114,13,103,122,81,84,10" hai1="85,11,12,17,24,32,116,98,105,106,16,86,125" hai2="60,95,62,69,22,20,128,120,104,124,133,126,76" hai3="53,99,94,1,97,29,38,23,31,118,121,50,27"/><V109/><F104/><W130/><G118/><T34/><D114/><U25/><E116/><V41/><F120/><W56/><G121/><T3/><D122/><U51/><E125/><N who="2" m="48235" /><F128/><W15/><G1/><T73/><D34/><U4/><E32/><V90/><F133/><W52/><G38/><T68/><D3/><U134/><E134/><V63/><F109/><W57/><G15/><T119/><D132/><U26/><E105/><V93/><F69/><W110/><G130/><T131/><D131/><U54/><E98/><N who="3" m="37386" /><G110/><T59/><D68/><U30/><E30/><V44/><F76/><W80/><G94/><N who="2" m="35849" /><F90/><W45/><G80/><T42/><D73/><U117/><E106/><V7/><F7/><W0/><G0/><T100/><D119/><U64/><E117/><V111/><F111/><W6/><G6/><N who="0" m="3287" /><D14/><U108/><E108/><V55/><F55/><N who="3" m="21067" /><G31/><T77/><D77/><U74/><E64/><V87/><F87/><N who="1" m="33289" /><E74/><V61/><N who="2" m="15360" /><DORA hai="112" /><V71/><F71/><W79/><G79/><T92/><D67/><U18/><E4/><V2/><F2/><W35/><G35/><T36/><D81/><U91/><E91/><V83/><F83/><W72/><G72/><T40/><D88/><U107/><E107/><V96/><F96/><W115/><G115/><T37/><D84/><U39/><E39/><AGARI ba="1,1" hai="20,22,39,41,44" m="15360,35849,48235" machi="39" ten="50,2400,0" yaku="18,1" doraHai="47,112" who="2" fromWho="1" sc="270,0,250,-27,240,37,230,0" /><INIT seed="2,2,0,4,0,8" ten="270,223,277,230" oya="2" hai0="105,87,3,89,42,116,70,53,13,113,57,131,58" hai1="129,100,88,123,40,121,125,86,6,63,122,48,80" hai2="71,114,128,49,67,126,12,104,90,15,117,115,96" hai3="41,28,101,34,35,97,31,25,103,32,56,66,60"/><V46/><F117/><W43/><G103/><T9/><D113/><U29/><E125/><V65/><F126/><W4/><G4/><BYE who="3" /><UN n3="%77%72%77%72%77%72%77%72" /><T119/><D3/><U82/><E29/><V78/><F78/><W22/><REACH who="3" step="1"/><G31/><REACH who="3" ten="270,223,277,220" step="2"/><T99/><D119/><U132/><E129/><V69/><F128/><W102/><G102/><T52/><D116/><U134/><E100/><V92/><F114/><W7/><G7/><T50/><D131/><U81/><E6/><V44/><F115/><W62/><G62/><T2/><D2/><U109/><E63/><V93/><F104/><AGARI ba="2,1" hai="22,25,28,32,34,35,41,43,56,60,66,97,101,104" machi="104" ten="40,1300,0" yaku="1,1,53,0" doraHai="8" doraHaiUra="5" who="3" fromWho="2" sc="270,0,223,0,277,-19,220,29" /><INIT seed="3,0,0,2,0,31" ten="270,223,258,249" oya="3" hai0="70,6,94,91,115,108,135,13,33,9,1,87,124" hai1="64,134,40,121,100,4,77,47,113,60,11,52,21" hai2="125,36,117,67,126,61,133,19,15,26,35,69,76" hai3="10,32,106,7,72,24,85,132,8,68,82,20,25"/><W58/><G58/><T90/><BYE who="3" /><D70/><UN n3="%77%72%77%72%77%72%77%72" /><U99/><E121/><V59/><F117/><W3/><G68/><T71/><D71/><U78/><E113/><V81/><F36/><W98/><G72/><T123/><D123/><U28/><E134/><V130/><F133/><W48/><G132/><T22/><D135/><U84/><E64/><V46/><F130/><W120/><G120/><T103/><D108/><U16/><E28/><N who="2" m="19863" /><F46/><W39/><G39/><T42/><D42/><U101/><E84/><V127/><F59/><W45/><G10/><T0/><D33/><U63/><E63/><V116/><F116/><W118/><G32/><T97/><D124/><U80/><E40/><V128/><F128/><W62/><G62/><T66/><D66/><U43/><E43/><V110/><F110/><W112/><G112/><T102/><D115/><U122/><E122/><V38/><F38/><W27/><G98/><T65/><D65/><U37/><E37/><V104/><F104/><W92/><G92/><T111/><D111/><U73/><E99/><V54/><F54/><W53/><G106/><T34/><D34/><U56/><E78/><V131/><F131/><W74/><G74/><T51/><D51/><U93/><E93/><V44/><F44/><W105/><G105/><T86/><D103/><U14/><REACH who="1" step="1"/><E47/><REACH who="1" ten="270,213,258,249" step="2"/><V83/><F76/><N who="3" m="46279" /><G118/><T23/><D87/><U75/><E75/><V88/><F125/><W55/><G55/><T89/><D86/><U57/><E57/><V5/><F126/><W41/><G53/><T17/><D94/><U114/><E114/><V50/><F127/><RYUUKYOKU ba="0,1" sc="270,-15,213,15,258,-15,249,15" hai1="4,11,14,16,21,52,56,60,73,77,80,100,101" hai3="3,7,8,20,24,25,27,41,45,48" /><INIT seed="3,1,1,0,4,46" ten="255,228,243,264" oya="3" hai0="92,132,70,6,45,56,81,134,108,106,14,30,117" hai1="124,17,113,63,93,55,21,49,111,122,18,104,8" hai2="107,120,38,71,12,75,57,25,88,129,37,91,27" hai3="119,51,127,133,130,19,112,116,125,66,118,90,110"/><W62/><G112/><T76/><D70/><U44/><E104/><V114/><F71/><W53/><G110/><T82/><D106/><U20/><E122/><V100/><F114/><W54/><G130/><T60/><D108/><U32/><E111/><V97/><F129/><W13/><G133/><N who="0" m="51307" /><D30/><U126/><E32/><V16/><F75/><W64/><G90/><T4/><D117/><U65/><E113/><V39/><F120/><W7/><G7/><N who="0" m="2603" /><D76/><U31/><E93/><V99/><F57/><N who="3" m="35119" /><G13/><T80/><D14/><U79/><E79/><V121/><F121/><W42/><G19/><N who="1" m="7178" /><E8/><V105/><F27/><W40/><G127/><N who="1" m="48682" /><E31/><V33/><F25/><W2/><G125/><T22/><D22/><U10/><E10/><V43/><F33/><W89/><G89/><T73/><D92/><U115/><E115/><V131/><F131/><W95/><G95/><T5/><D5/><U98/><E98/><V58/><F58/><AGARI ba="1,1" hai="20,21,44,49,55,58,63,65" m="48682,7178" machi="58" ten="30,2000,0" yaku="18,1,52,1" doraHai="46" who="1" fromWho="2" sc="255,0,228,33,243,-23,264,0" /><INIT seed="4,0,0,4,0,80" ten="255,261,220,264" oya="0" hai0="47,6,76,42,72,116,0,8,133,59,35,64,81" hai1="40,96,82,105,114,104,109,60,53,112,87,98,33" hai2="126,32,55,89,49,21,22,97,48,51,110,70,101" hai3="16,84,28,131,123,65,73,90,36,94,41,120,14"/><T106/><D116/><U38/><E33/><V113/><F32/><W78/><G28/><T99/><D133/><U54/><E109/><V2/><F110/><W19/><G65/><T10/><D10/><U31/><E31/><V66/><F113/><N who="1" m="43625" /><E38/><V44/><F126/><W74/><G19/><T67/><D35/><U62/><E40/><V18/><F2/><W26/><G26/><T52/><D99/><N who="1" m="37931" /><E53/><V37/><F89/><W9/><G131/><T5/><D5/><U24/><E24/><V134/><F134/><W1/><G1/><T12/><D12/><U11/><E11/><V118/><F118/><W93/><G41/><T132/><D106/><N who="1" m="41067" /><E54/><V75/><F75/><W13/><G13/><T103/><D103/><U122/><E122/><V61/><F37/><W29/><G36/><N who="0" m="21959" /><D132/><U68/><E68/><V57/><F70/><W25/><G73/><T69/><D69/><U127/><E127/><V115/><F115/><W30/><G25/><T23/><D23/><N who="2" m="8714" /><F18/><W117/><G117/><T92/><D92/><AGARI ba="0,0" hai="44,48,49,51,55,57,61,66,92,97,101" m="8714" machi="92" ten="30,1000,0" yaku="8,1" doraHai="80" who="2" fromWho="0" sc="255,-10,261,0,220,10,264,0" /><INIT seed="5,0,0,2,1,102" ten="245,261,230,264" oya="1" hai0="62,53,133,20,109,9,132,17,84,94,65,105,120" hai1="119,5,95,28,69,61,88,76,114,135,12,98,86" hai2="129,6,44,90,73,22,2,127,36,121,4,74,57" hai3="89,125,33,118,1,106,63,103,52,45,104,108,111"/><U3/><E119/><V72/><F121/><W14/><G1/><T78/><D109/><U26/><E3/><V21/><F129/><W75/><G75/><T59/><D120/><U80/><E114/><V24/><F127/><W110/><G33/><T50/><D9/><U92/><E135/><V87/><F57/><W99/><G125/><T41/><D41/><U47/><E47/><V51/><F36/><W100/><G14/><T117/><D117/><U30/><E69/><V13/><F2/><W35/><G35/><T131/><D105/><U70/><E61/><V66/><F66/><W43/><G89/><T96/><D131/><U8/><E70/><V37/><F37/><W56/><G118/><T67/><D84/><U85/><E26/><V29/><F22/><W77/><G77/><T93/><D78/><U126/><E126/><V101/><F101/><AGARI ba="0,0" hai="5,8,12,28,30,76,80,85,86,88,92,95,98,101" machi="101" ten="30,5800,0" yaku="7,1,8,1,54,1" doraHai="102" who="1" fromWho="2" sc="245,0,261,58,230,-58,264,0" owari="245,-15.5,319,41.9,172,-32.8,264,6.4" /></mjloggm>