<mjloggm ver="2.3"><GO type="225" lobby="0"/><UN n0="%6D%75%75%6D%75%72%61" n1="%E5%A4%96%E5%B7%9D%E7%AB%9C%E6%88%90" n2="%E3%83%AD%E3%83%83%E3%83%86%E9%9B%80%E7%90%83" n3="%E7%B4%94%E6%BD%94%E3%83%94%E3%83%A9%E3%83%8B%E3%82%A2" dan="16,16,17,17" rate="2235.54,2241.18,2279.55,2219.76" sx="F,M,M,M"/><TAIKYOKU oya="0"/><INIT seed="0,0,0,0,4,60" ten="250,250,250,250" oya="0" hai0="38,14,19,7,32,101,106,40,3,88,110,63,92" hai1="72,23,42,50,77,108,128,71,105,134,20,85,30" hai2="11,18,25,103,10,64,76,33,6,126,31,54,81" hai3="117,96,125,37,79,43,133,102,4,115,74,114,82"/><T112/><D112/><U13/><E105/><V34/><F126/><W91/><G125/><T15/><D32/><U124/><E72/><V69/><F34/><W84/><G4/><T98/><D110/><U65/><E124/><V129/><F129/><W36/><G117/><T12/><D3/><U90/><E77/><V51/><F18/><W118/><G118/><T119/><D119/><U80/><E128/><V73/><F103/><W53/><G53/><T27/><D7/><U97/><E97/><V45/><REACH who="2" step="1"/><F6/><REACH who="2" ten="250,250,240,250" step="2"/><W52/><G115/><T122/><D122/><U111/><E108/><V127/><F127/><W89/><G114/><T120/><D120/><U62/><E111/><V109/><F109/><W29/><G102/><T123/><D123/><U0/><E30/><V95/><F95/><W116/><G29/><T86/><D27/><U17/><E134/><V46/><F46/><W130/><G133/><T131/><D131/><U1/><REACH who="1" step="1"/><E23/><REACH who="1" ten="250,240,240,250" step="2"/><V56/><F56/><W67/><G130/><T93/><D106/><U104/><E104/><V78/><F78/><W66/><G79/><T47/><REACH who="0" step="1"/><D63/><AGARI ba="0,2" hai="10,11,25,31,33,45,51,54,63,64,69,73,76,81" machi="63" ten="40,2600,0" yaku="1,1,52,1,53,0" doraHai="60" doraHaiUra="87" who="2" fromWho="0" sc="250,-26,240,0,240,46,250,0" /><INIT seed="1,0,0,4,5,101" ten="224,240,286,250" oya="1" hai0="10,46,7,12,29,133,62,48,63,120,45,9,121" hai1="78,82,134,72,68,1,14,15,85,56,118,94,116" hai2="60,74,5,114,80,57,111,107,50,88,41,26,39" hai3="103,66,23,53,64,47,59,87,73,17,112,105,89"/><U61/><E68/><V125/><F39/><W126/><G73/><T20/><D133/><U131/><E1/><V11/><F111/><W93/><G126/><T100/><D100/><U122/><E122/><N who="0" m="47209" /><D10/><U25/><E134/><V65/><F107/><W75/><G75/><T2/><D46/><U16/><E131/><V86/><F125/><W95/><G47/><T84/><D84/><U71/><E71/><V81/><F114/><W31/><G31/><T106/><D106/><U92/><E15/><N who="2" m="5615" /><F74/><W98/><G105/><T27/><D2/><U13/><E13/><V117/><F26/><N who="3" m="14703" /><G112/><T6/><D6/><U0/><E25/><V34/><F34/><W110/><G110/><T18/><D7/><U58/><E58/><N who="2" m="37015" /><F117/><W28/><G28/><T8/><D8/><U127/><E0/><V40/><F81/><W69/><G69/><T124/><D124/><U119/><E127/><V22/><F22/><W24/><G24/><T77/><D77/><U76/><E76/><V49/><F57/><W52/><G53/><AGARI ba="0,0" hai="9,12,18,20,27,29,45,48,53,62,63" m="47209" machi="53" ten="30,1000,0" yaku="13,1" doraHai="101" who="0" fromWho="3" sc="224,10,240,0,286,0,250,-10" /><INIT seed="2,0,0,0,1,29" ten="234,240,286,240" oya="2" hai0="6,82,91,108,56,43,132,44,121,77,97,64,61" hai1="27,48,62,4,39,59,92,110,95,36,8,57,113" hai2="98,74,89,12,9,37,118,58,73,85,69,116,14" hai3="86,51,10,119,122,71,126,68,40,22,75,11,111"/><V24/><F69/><W120/><G75/><T55/><D121/><U1/><E113/><V72/><F37/><W127/><G127/><T15/><D108/><U101/><E110/><V41/><F41/><W20/><G111/><T5/><D132/><U130/><E130/><V17/><F98/><W30/><G30/><T129/><D129/><U99/><E92/><V84/><F24/><W83/><G83/><T19/><D64/><U134/><E134/><V42/><F42/><W25/><G40/><T65/><D65/><U81/><E48/><V54/><F14/><W46/><G51/><T114/><D114/><U88/><E27/><V53/><F85/><W123/><G25/><T135/><D135/><U128/><E128/><V124/><F124/><W100/><G100/><T49/><D91/><U45/><E45/><V31/><F31/><W107/><G120/><T76/><D97/><U32/><E32/><V13/><F13/><W96/><G96/><T131/><D131/><U78/><E101/><V18/><F18/><W2/><G126/><T70/><D70/><U102/><E102/><V79/><F79/><N who="0" m="30282" /><D82/><U38/><REACH who="1" step="1"/><E62/><REACH who="1" ten="234,230,286,240" step="2"/><V0/><F118/><W94/><G119/><T109/><D109/><U115/><E115/><V7/><F116/><W63/><G94/><T133/><D133/><U21/><E21/><AGARI ba="0,1" hai="5,6,15,19,21,43,44,49,55,56,61" m="30282" machi="21" ten="30,1000,0" yaku="8,1" doraHai="29" who="0" fromWho="1" sc="234,20,230,-10,286,0,240,0" /><INIT seed="3,0,0,4,5,101" ten="254,220,286,240" oya="3" hai0="13,14,87,106,132,59,32,38,89,84,58,3,72" hai1="96,111,39,28,40,67,30,70,71,119,83,22,60" hai2="77,124,6,107,7,56,4,79,121,109,126,120,134" hai3="113,55,29,48,24,115,31,26,114,98,46,112,90"/><W63/><N who="3" m="28672" /><DORA hai="43" /><W36/><G36/><T78/><D3/><U128/><E111/><V18/><F109/><W66/><G98/><T69/><D69/><U105/><E128/><V33/><F134/><W19/><G90/><T10/><D32/><U35/><E119/><V9/><F33/><W53/><G53/><T99/><D38/><U12/><E71/><V74/><F107/><W100/><G100/><N who="0" m="62751" /><D87/><U76/><E12/><N who="2" m="7439" /><F56/><W11/><G11/><T131/><D13/><U25/><E22/><V62/><F62/><W130/><G130/><T116/><D116/><U88/><E30/><V110/><F110/><W21/><REACH who="3" step="1"/><G24/><REACH who="3" ten="254,220,286,230" step="2"/><T94/><D131/><U47/><E88/><V51/><F121/><W37/><G37/><T93/><D132/><U127/><E127/><V61/><F120/><W2/><G2/><T103/><D103/><N who="1" m="62695" /><E83/><V129/><F126/><W68/><AGARI ba="0,1" hai="19,21,26,29,31,46,48,55,63,66,68" m="28672" machi="68" ten="60,12000,1" yaku="1,1,0,1,52,1,53,1" doraHai="101,43" doraHaiUra="44,0" who="3" fromWho="3" sc="254,-40,220,-40,286,-40,230,130" owari="214,-18.6,180,-32.0,246,4.6,360,46.0" /></mjloggm>