<mjloggm ver="2.3"><GO type="225" lobby="0"/><UN n0="%E3%81%8F%E3%82%8A%E3%83%94%E3%83%BC" n1="%E7%BD%AA%E5%88%91%E6%B3%95%E5%AE%9A%E4%B8%BB%E7%BE%A9" n2="%E2%91%A3%E9%81%BF%E9%81%8A%E6%88%AF%E3%80%90%E6%9D%B1%E5%8D%97%E3%80%91" n3="%E3%81%8F%E3%81%BE%E3%81%96%E3%82%8F" dan="16,16,16,16" rate="2098.66,2156.82,2110.11,2059.37" sx="M,M,M,M"/><TAIKYOKU oya="0"/><INIT seed="0,0,0,5,4,40" ten="250,250,250,250" oya="0" hai0="64,49,76,130,28,39,92,13,135,93,36,128,109" hai1="44,62,61,16,14,52,120,4,118,89,31,101,17" hai2="63,55,125,98,34,32,126,1,84,85,10,133,99" hai3="23,65,90,96,27,86,30,111,97,3,124,115,102"/><T75/><D135/><U104/><E118/><V94/><F1/><W45/><G111/><T46/><D64/><U21/><E104/><V7/><F133/><W70/><G124/><T105/><D105/><U72/><E120/><V107/><F107/><W91/><G115/><T113/><D113/><U88/><E72/><V77/><F7/><W50/><G3/><T24/><D13/><N who="1" m="9359" /><E101/><V106/><F10/><W73/><G73/><T25/><D109/><U74/><E74/><V2/><F2/><W79/><G102/><T78/><D75/><U67/><E4/><V58/><F106/><W81/><G65/><T123/><D123/><U54/><E31/><V119/><F119/><W127/><G70/><T69/><D69/><U82/><E82/><V66/><F77/><N who="0" m="29802" /><D93/><U131/><E131/><N who="0" m="50217" /><D92/><U47/><E67/><V95/><F66/><W0/><G127/><T110/><D110/><U129/><E129/><V87/><F126/><W59/><G0/><T33/><D24/><U80/><E62/><V48/><F125/><W20/><G27/><T108/><D108/><U43/><E80/><V29/><F63/><W37/><G81/><T56/><D56/><N who="1" m="34951" /><E54/><AGARI ba="0,0" hai="25,28,33,36,39,46,49,54" m="50217,29802" machi="54" ten="30,2900,0" yaku="19,1,52,1" doraHai="40" who="0" fromWho="1" sc="250,29,250,-29,250,0,250,0" /><INIT seed="0,1,0,0,0,55" ten="279,221,250,250" oya="0" hai0="91,128,23,45,2,100,89,24,41,95,129,46,118" hai1="66,51,38,0,10,61,19,63,25,135,14,84,133" hai2="20,82,109,67,26,18,50,28,77,43,21,69,29" hai3="125,54,34,8,111,64,103,70,121,62,30,56,101"/><T102/><D118/><U35/><E38/><V6/><F109/><W71/><G111/><T132/><D2/><U4/><E51/><V88/><F69/><W9/><G125/><T113/><D113/><U105/><E105/><V110/><F67/><W131/><G131/><N who="0" m="50251" /><D132/><N who="1" m="50763" /><E84/><V44/><F110/><W104/><G71/><T11/><D11/><N who="1" m="6623" /><E66/><V93/><F6/><W12/><G121/><T112/><D112/><U5/><E5/><V106/><F106/><W76/><G104/><T48/><D45/><U74/><E74/><V123/><F123/><W79/><G64/><T37/><D37/><U117/><E117/><V7/><F7/><W130/><G130/><T58/><D58/><U127/><E127/><V90/><F93/><W75/><G75/><T122/><D122/><U1/><E1/><V52/><F43/><W3/><G70/><T32/><D32/><U107/><E107/><V78/><F29/><AGARI ba="1,0" hai="0,4,10,25,29,35,61,63" m="6623,50763" machi="29" ten="30,1000,0" yaku="20,1" doraHai="55" who="1" fromWho="2" sc="279,0,221,13,250,-13,250,0" /><INIT seed="1,0,0,0,4,6" ten="279,234,237,250" oya="1" hai0="1,96,60,71,86,87,105,80,65,108,0,117,43" hai1="34,62,20,76,97,106,40,113,81,70,127,39,119" hai2="101,10,120,21,83,53,31,77,89,19,54,63,57" hai3="78,121,109,59,58,30,93,26,73,68,49,125,79"/><U116/><E113/><V48/><F120/><W94/><G121/><T84/><D108/><U104/><E20/><V123/><F123/><W27/><G68/><T118/><D43/><U107/><E97/><V13/><F101/><W2/><G2/><T18/><D80/><U85/><E127/><V16/><F31/><W111/><G73/><T45/><D45/><U11/><E34/><V5/><F89/><W7/><G7/><T50/><D50/><U129/><E129/><V32/><F32/><W92/><G49/><T41/><D41/><U61/><E61/><V46/><REACH who="2" step="1"/><F21/><REACH who="2" ten="279,234,227,250" step="2"/><W8/><G30/><T42/><D117/><U132/><E119/><V112/><F112/><W37/><G125/><T126/><D118/><U91/><E116/><V88/><F88/><W3/><G111/><T28/><D28/><U95/><E132/><V110/><F110/><W9/><G109/><T38/><D126/><U130/><E130/><V100/><F100/><W23/><G23/><T128/><D128/><U115/><E115/><V44/><F44/><W51/><G78/><T33/><D33/><U66/><E76/><V124/><F124/><W114/><G79/><T69/><D105/><U47/><E81/><V74/><AGARI ba="0,1" hai="5,10,13,16,19,46,48,53,54,57,63,74,77,83" machi="74" ten="20,8000,1" yaku="1,1,0,1,7,1,52,1,54,1,53,0" doraHai="6" doraHaiUra="90" who="2" fromWho="2" sc="279,-20,234,-40,227,90,250,-20" /><INIT seed="2,0,0,1,5,122" ten="259,194,317,230" oya="2" hai0="80,12,90,25,89,84,5,19,45,116,31,82,0" hai1="124,114,85,131,28,88,125,101,135,37,104,52,68" hai2="91,107,118,33,102,34,119,50,62,13,49,106,21" hai3="47,36,75,130,29,109,86,15,134,3,81,77,87"/><V56/><F34/><W10/><G130/><T103/><D116/><U59/><E114/><V97/><F107/><W1/><G134/><T92/><D0/><U83/><E37/><V95/><F33/><W112/><G112/><T18/><D103/><U57/><E68/><V66/><F118/><W115/><G115/><T100/><D100/><U26/><E135/><V69/><F69/><W105/><G105/><T121/><D121/><U7/><E7/><V96/><F119/><W94/><G29/><T70/><D70/><U79/><E131/><V123/><F123/><W111/><G111/><T127/><D127/><N who="1" m="48715" /><E101/><V98/><F98/><W16/><G109/><T8/><D45/><U30/><E104/><V93/><F106/><W61/><G61/><T2/><D2/><U128/><E128/><V4/><F4/><W39/><G39/><T78/><D90/><U11/><E11/><V53/><F66/><W67/><G67/><T65/><D65/><U9/><E9/><V117/><F117/><W113/><G113/><T43/><D43/><U126/><N who="1" m="48723" /><U32/><DORA hai="17" /><E30/><V24/><F13/><W14/><G15/><T51/><D51/><N who="1" m="30879" /><E59/><V63/><F62/><W64/><G64/><T133/><D133/><U120/><E120/><V40/><F40/><N who="3" m="22919" /><G1/><T58/><D58/><U60/><E60/><V74/><F74/><W73/><G3/><T48/><D48/><U44/><E44/><V110/><F110/><W42/><G42/><T46/><D46/><U54/><E54/><V132/><F132/><W22/><G10/><T76/><D8/><U38/><E38/><RYUUKYOKU ba="0,0" sc="259,-30,194,10,317,10,230,10" hai1="26,28,32,79,83,85,88" hai2="21,24,49,50,53,56,63,91,93,95,96,97,102" hai3="14,16,22,73,75,77,81,86,87,94" /><INIT seed="2,1,0,4,3,120" ten="229,204,327,240" oya="2" hai0="45,13,130,36,112,35,33,8,42,124,34,59,21" hai1="107,63,80,65,97,11,70,24,3,103,49,0,28" hai2="19,78,39,90,75,106,30,109,10,135,76,87,110" hai3="7,131,102,111,22,14,122,66,82,5,129,108,83"/><V61/><F39/><W114/><G122/><T115/><D124/><U125/><E125/><V118/><F118/><W47/><G66/><T17/><D130/><N who="3" m="49673" /><G102/><T18/><REACH who="0" step="1"/><D59/><REACH who="0" ten="219,204,327,240" step="2"/><U43/><E11/><V41/><F135/><W40/><G114/><T84/><D84/><U92/><E80/><V68/><F75/><W16/><G83/><T27/><AGARI ba="1,1" hai="8,13,17,18,21,27,33,34,35,36,42,45,112,115" machi="27" ten="30,2000,0" yaku="1,1,0,1,53,0" doraHai="120" doraHaiUra="58" who="0" fromWho="0" sc="219,33,204,-6,327,-11,240,-6" /><INIT seed="3,0,0,0,2,21" ten="252,198,316,234" oya="3" hai0="3,46,101,135,100,89,98,58,113,36,103,119,23" hai1="50,92,11,83,41,104,110,42,74,13,125,35,73" hai2="118,29,132,75,27,32,15,14,44,124,71,40,17" hai3="2,66,68,67,52,55,10,122,97,63,38,107,134"/><W72/><G122/><T121/><D119/><U25/><E110/><V6/><F118/><W34/><G134/><T53/><D3/><U79/><E125/><V91/><F124/><W12/><G72/><T18/><D113/><U87/><E104/><V93/><F75/><W33/><G38/><T69/><D69/><U133/><E133/><V130/><F132/><W105/><G2/><T94/><D121/><U19/><E50/><V51/><F71/><W43/><G43/><T8/><D8/><U57/><E57/><V84/><F130/><W112/><G112/><T28/><D28/><U116/><E116/><V111/><F111/><W1/><G1/><T120/><D120/><U49/><E49/><V65/><F6/><W20/><G20/><T99/><D46/><U78/><E74/><V80/><F65/><W56/><G67/><T90/><D36/><U82/><REACH who="1" step="1"/><E92/><REACH who="1" ten="252,188,316,234" step="2"/><V81/><F15/><W5/><G107/><T26/><D135/><U114/><E114/><V60/><F60/><W47/><G47/><T39/><D39/><U109/><E109/><V127/><F127/><W45/><G45/><T102/><D94/><U54/><E54/><V16/><F17/><W88/><G55/><T96/><D53/><U61/><E61/><V70/><F70/><W64/><G64/><T37/><D37/><U0/><E0/><V77/><F77/><W86/><G66/><T59/><D18/><U131/><E131/><V85/><F85/><W115/><G86/><T76/><D76/><U95/><E95/><V30/><F30/><AGARI ba="0,1" hai="11,13,19,25,30,35,41,42,73,78,79,82,83,87" machi="30" ten="40,2600,0" yaku="1,1,52,1,53,0" doraHai="21" doraHaiUra="108" who="1" fromWho="2" sc="252,0,188,36,316,-26,234,0" /><INIT seed="4,0,0,2,4,99" ten="252,224,290,234" oya="0" hai0="69,7,95,112,115,55,107,22,13,109,77,15,41" hai1="62,61,56,9,57,68,8,104,6,40,34,110,102" hai2="19,63,114,67,58,70,78,74,2,122,88,45,108" hai3="94,54,50,89,28,43,134,123,126,36,60,38,31"/><T116/><D107/><U65/><E110/><V80/><F108/><W103/><G126/><T127/><D116/><U47/><E34/><V130/><F122/><W82/><G134/><T37/><D69/><U49/><E68/><V119/><F2/><W135/><G135/><T118/><D118/><U17/><E17/><V39/><F119/><W111/><G111/><T24/><D127/><U66/><E6/><V18/><F130/><W29/><G123/><T23/><D109/><U27/><E27/><V16/><F114/><W97/><G60/><T124/><D77/><U46/><E46/><V73/><F88/><W21/><G43/><T59/><D124/><U51/><E51/><V33/><F33/><W86/><G38/><T30/><D95/><U64/><E64/><V85/><F70/><W44/><G36/><T105/><D105/><U96/><AGARI ba="0,0" hai="8,9,40,47,49,56,57,61,62,65,66,96,102,104" machi="96" ten="30,4000,0" yaku="0,1,9,1,52,1" doraHai="99" who="1" fromWho="1" sc="252,-20,224,40,290,-10,234,-10" /><INIT seed="5,0,0,0,5,39" ten="232,264,280,224" oya="1" hai0="81,104,31,23,44,82,88,78,62,30,94,33,52" hai1="66,42,65,55,4,113,18,7,25,50,3,102,57" hai2="74,135,91,9,101,90,116,86,125,29,2,17,14" hai3="115,53,61,10,100,98,110,123,124,130,63,119,11"/><U48/><E113/><V26/><F116/><W19/><G110/><T87/><D104/><U27/><E3/><V67/><F74/><W58/><G115/><T24/><D33/><U56/><E102/><V70/><F135/><W80/><G123/><T13/><D13/><U114/><E114/><V120/><F120/><W73/><G124/><T38/><D38/><U117/><E117/><V118/><F125/><W5/><G119/><T36/><D36/><U129/><E129/><V37/><F37/><W20/><G130/><T112/><D112/><U134/><E134/><V111/><F111/><W49/><G80/><T43/><D43/><U69/><E69/><V71/><F67/><N who="1" m="25609" /><E57/><V41/><F2/><W79/><G79/><T83/><D30/><U64/><N who="1" m="25617" /><U54/><DORA hai="132" /><E42/><V108/><F41/><W131/><G73/><T84/><D44/><N who="1" m="27911" /><E18/><V76/><F118/><W22/><G131/><T121/><D121/><U106/><E106/><V46/><F46/><W59/><G59/><AGARI ba="0,0" hai="23,24,31,52,59,62,78,81,82,83,84,87,88,94" machi="59" ten="40,5200,0" yaku="8,1,54,2" doraHai="39,132" who="0" fromWho="3" sc="232,52,264,0,280,0,224,-52" /><INIT seed="6,0,0,2,5,70" ten="284,264,280,172" oya="2" hai0="91,14,120,21,32,61,39,26,3,68,89,45,53" hai1="71,23,59,33,96,86,111,0,74,52,103,20,13" hai2="34,128,49,122,11,28,10,82,69,83,44,27,42" hai3="116,134,41,76,115,65,124,78,99,35,64,92,51"/><V66/><F122/><W19/><G116/><T5/><D120/><U123/><E111/><V107/><F128/><W85/><G35/><T22/><D32/><U114/><E74/><V40/><F40/><W112/><G134/><T127/><D127/><U118/><E0/><V18/><F107/><W75/><G75/><T101/><D101/><U105/><E33/><V55/><F10/><W110/><G110/><T79/><D79/><N who="3" m="30249" /><G85/><T108/><D108/><U126/><E71/><V25/><F69/><W94/><G124/><T95/><D3/><U87/><E114/><N who="3" m="43562" /><G19/><T106/><D106/><U54/><E126/><V121/><F66/><N who="3" m="25707" /><G99/><T38/><D21/><U98/><E118/><V48/><F121/><W37/><G51/><T119/><D22/><U17/><E123/><V46/><F27/><W67/><N who="3" m="25715" /><W24/><DORA hai="58" /><G24/><T50/><D26/><U56/><E98/><V113/><F113/><W73/><G73/><T135/><D50/><U104/><E104/><V133/><F133/><W102/><G102/><T97/><D97/><U8/><E105/><V130/><F130/><W12/><G12/><T88/><D14/><U4/><E103/><V15/><AGARI ba="0,0" hai="11,15,18,25,28,34,42,44,46,48,49,55,82,83" machi="15" ten="30,1500,0" yaku="0,1" doraHai="70,58" who="2" fromWho="2" sc="284,-5,264,-5,280,15,172,-5" /><INIT seed="6,1,0,2,1,125" ten="279,259,295,167" oya="2" hai0="88,57,127,2,55,83,27,34,100,51,53,96,9" hai1="119,92,71,86,67,60,129,24,8,112,45,79,65" hai2="25,105,18,0,15,17,21,39,6,5,35,99,109" hai3="12,98,126,135,73,89,58,52,10,76,46,56,29"/><V107/><F39/><W110/><G110/><T82/><D127/><U80/><E119/><V47/><F109/><W121/><G126/><T72/><D72/><U54/><E112/><V87/><F47/><W32/><G121/><T134/><D134/><U81/><E67/><V41/><F41/><W70/><G70/><T68/><D68/><U26/><E81/><V59/><F87/><W69/><G69/><T3/><D3/><U104/><E104/><V64/><F99/><W90/><G135/><T78/><D88/><N who="3" m="33897" /><G32/><T37/><D37/><U133/><E133/><V63/><F18/><N who="3" m="8471" /><G29/><T117/><D117/><U14/><E92/><V115/><F115/><W132/><G132/><T11/><D2/><U31/><E31/><N who="2" m="19951" /><F6/><W48/><G73/><T19/><D34/><U40/><E54/><V123/><F123/><W28/><G28/><T130/><D53/><U44/><E44/><V43/><F43/><W114/><G114/><T62/><D130/><U13/><E129/><V23/><F23/><W120/><G120/><T113/><D113/><U122/><E122/><V30/><F30/><W66/><G76/><T20/><D78/><U4/><REACH who="1" step="1"/><E14/><REACH who="1" ten="279,249,295,167" step="2"/><V74/><F74/><W93/><G66/><N who="0" m="39247" /><D83/><U50/><AGARI ba="1,1" hai="4,8,13,24,26,40,45,50,60,65,71,79,80,86" machi="50" ten="20,8000,1" yaku="1,1,0,1,7,1,25,2,53,0" doraHai="125" doraHaiUra="102" who="1" fromWho="1" sc="279,-21,249,93,295,-41,167,-21" owari="258,5.8,342,44.2,254,-14.6,146,-35.4" /></mjloggm>