<mjloggm ver="2.3"><GO type="225" lobby="0"/><UN n0="%E5%AF%82%E5%AF%9E%E3%82%AE%E3%83%8D%E3%82%B9%E3%83%93%E3%83%BC%E3%83%AB" n1="%48%61%61%61%6C%61%6E%64" n2="%E5%B0%8F%E9%B3%A5%E9%81%8A%E7%B7%B4%E7%84%A1%32%31%E6%AD%B3" n3="%E8%81%B7%E6%A5%AD%E3%80%81%E9%A2%A8%32" dan="16,18,16,16" rate="2161.39,2207.94,2126.82,2175.15" sx="M,M,F,M"/><TAIKYOKU oya="0"/><INIT seed="0,0,0,3,3,61" ten="250,250,250,250" oya="0" hai0="112,59,114,0,79,92,104,63,96,24,20,33,111" hai1="70,18,73,49,129,23,127,95,94,9,97,78,65" hai2="53,52,27,106,16,7,8,69,17,81,37,130,90" hai3="56,57,100,21,99,124,85,131,134,76,32,62,40"/><T22/><D104/><U68/><E127/><V105/><F37/><W108/><G108/><T46/><D0/><U43/><E129/><V34/><F130/><W4/><G32/><T67/><D111/><U19/><E73/><V41/><F69/><W42/><G124/><T101/><D79/><U110/><E78/><V44/><F106/><W89/><G134/><T47/><D20/><U118/><E118/><V14/><F105/><W39/><G76/><T125/><D33/><U54/><E43/><V82/><F34/><W25/><G4/><T64/><D125/><U30/><E110/><V55/><F27/><W98/><G57/><T117/><D117/><U26/><E95/><V87/><F81/><N who="3" m="49327" /><G39/><T28/><REACH who="0" step="1"/><D67/><REACH who="0" ten="240,250,250,250" step="2"/><U58/><E65/><V11/><F8/><W66/><G131/><T13/><D13/><U77/><E77/><V103/><F103/><W119/><G119/><T1/><D1/><U135/><E9/><V3/><F3/><W74/><G74/><T84/><D84/><U2/><E2/><V123/><F123/><W35/><G35/><T102/><D102/><U38/><E23/><V132/><F132/><W29/><G100/><T107/><D107/><U51/><E135/><V109/><F109/><W113/><G113/><AGARI ba="0,1" hai="22,24,28,46,47,59,63,64,92,96,101,112,113,114" machi="113" ten="40,12000,1" yaku="1,1,25,2,52,1,53,0" doraHai="61" doraHaiUra="72" who="0" fromWho="3" sc="240,130,250,0,250,0,250,-120" /><INIT seed="0,1,0,2,2,47" ten="370,250,250,130" oya="0" hai0="96,108,91,68,52,54,23,121,48,38,17,82,21" hai1="26,94,130,101,15,57,120,85,70,117,61,24,64" hai2="107,39,50,88,28,127,2,124,8,92,110,113,74" hai3="78,58,104,62,73,36,40,9,41,10,51,134,112"/><T16/><D121/><U31/><E120/><V29/><F39/><W125/><G112/><T56/><D68/><U11/><E117/><V60/><F107/><W5/><G104/><T81/><D38/><U33/><E130/><V79/><F60/><W0/><G125/><N who="2" m="48201" /><F113/><W128/><G128/><T19/><D108/><U77/><E26/><V83/><F110/><W129/><G129/><T20/><D54/><U90/><E77/><V34/><F34/><W114/><G114/><T133/><D133/><U102/><REACH who="1" step="1"/><E70/><REACH who="1" ten="370,240,250,130" step="2"/><V75/><F75/><W42/><G134/><T116/><D116/><U119/><E119/><V59/><F2/><W132/><G132/><T87/><D96/><U27/><E27/><V32/><F32/><W66/><G73/><T86/><D21/><U84/><E84/><N who="2" m="52231" /><F8/><W126/><G126/><T95/><D81/><U93/><E93/><V72/><F74/><W99/><G78/><AGARI ba="1,1" hai="16,17,19,20,23,48,52,56,78,82,86,87,91,95" machi="78" ten="40,12000,1" yaku="8,1,52,1,54,2" doraHai="47" who="0" fromWho="3" sc="370,133,240,0,250,0,130,-123" /><INIT seed="0,2,0,1,1,20" ten="503,240,250,7" oya="0" hai0="116,90,70,5,94,49,34,21,122,26,97,113,98" hai1="81,61,128,74,121,9,111,77,115,107,135,129,78" hai2="53,57,42,8,64,133,73,37,24,118,59,58,13" hai3="63,19,17,75,1,68,109,33,114,11,39,22,91"/><T50/><D113/><U55/><E121/><V60/><F73/><W67/><G39/><T126/><D122/><U83/><E115/><V130/><F133/><W27/><G114/><T95/><D70/><U105/><E135/><V10/><F130/><N who="1" m="50281" /><E9/><V28/><F118/><W65/><G75/><T25/><D116/><U38/><E38/><V101/><F101/><W54/><G109/><T125/><D5/><U2/><E2/><V127/><F127/><N who="0" m="48650" /><D34/><U51/><E61/><V40/><F37/><W106/><G106/><N who="1" m="40458" /><E111/><V85/><F85/><W87/><G67/><T52/><D21/><U102/><E102/><V82/><F82/><N who="1" m="31241" /><E74/><V108/><F108/><W112/><G112/><T131/><D50/><U30/><E30/><V45/><F8/><W47/><G33/><T18/><D131/><U7/><E7/><V23/><F64/><W123/><G123/><T62/><D62/><U93/><E93/><V6/><F60/><W100/><G100/><N who="0" m="60471" /><D18/><U15/><E51/><AGARI ba="2,0" hai="6,10,13,23,24,28,40,42,45,51,53,57,58,59" machi="51" ten="40,2600,0" yaku="8,1,52,1" doraHai="20" who="2" fromWho="1" sc="503,0,240,-32,250,32,7,0" /><INIT seed="1,0,0,0,2,31" ten="503,208,282,7" oya="1" hai0="42,45,71,64,86,29,51,121,101,39,117,80,113" hai1="33,97,109,20,115,111,123,112,98,28,6,92,107" hai2="57,1,34,128,44,7,60,66,88,130,94,14,55" hai3="116,43,122,114,76,50,21,62,87,22,102,8,4"/><U77/><E123/><V69/><F1/><W68/><G114/><T36/><D117/><U106/><E20/><V99/><F34/><W103/><G122/><T63/><D113/><N who="1" m="43595" /><E6/><V41/><F14/><N who="3" m="5383" /><G68/><T131/><D131/><N who="2" m="50218" /><F7/><W90/><G62/><T38/><D101/><N who="3" m="38409" /><G116/><T82/><D121/><U134/><E77/><V2/><F2/><W48/><G76/><T119/><D119/><U11/><E11/><V47/><F41/><W118/><G118/><T59/><D29/><U125/><E28/><V9/><F9/><W23/><G43/><T83/><REACH who="0" step="1"/><D71/><REACH who="0" ten="493,208,282,7" step="2"/><U32/><E107/><V85/><F69/><W19/><G19/><T132/><D132/><U89/><E134/><V91/><F66/><W105/><G105/><T67/><D67/><U53/><E106/><V124/><F124/><W108/><G108/><N who="1" m="41546" /><E125/><V84/><F99/><N who="1" m="37897" /><E53/><V81/><AGARI ba="0,1" hai="44,47,55,57,60,81,84,85,88,91,94" m="50218" machi="81" ten="30,2000,0" yaku="19,1,54,1" doraHai="31" who="2" fromWho="2" sc="493,-5,208,-10,282,30,7,-5" /><INIT seed="2,0,0,2,0,86" ten="488,198,312,2" oya="2" hai0="77,53,26,135,71,39,123,67,3,129,12,134,20" hai1="68,59,8,6,24,106,111,122,47,54,18,87,74" hai2="110,95,81,51,23,100,29,9,91,35,30,13,52" hai3="38,62,11,60,117,48,102,41,61,90,4,17,84"/><V37/><F37/><W34/><G34/><T131/><D123/><U64/><E122/><V21/><F35/><W92/><G117/><T130/><D3/><U2/><E74/><V79/><F100/><W113/><G113/><T120/><D120/><U99/><E111/><V63/><F63/><W69/><G38/><T127/><D127/><U16/><E47/><V28/><F110/><W78/><G69/><T40/><D77/><U101/><E64/><V36/><F81/><N who="3" m="47159" /><G102/><T104/><D104/><U119/><E68/><V89/><F79/><W109/><G109/><T97/><D12/><U66/><E66/><V98/><F36/><W58/><G4/><T93/><D53/><U55/><E119/><V132/><F132/><N who="0" m="50730" /><D67/><U73/><E73/><V88/><F95/><W19/><G11/><T49/><D71/><U22/><E87/><V105/><F98/><N who="3" m="57623" /><G41/><T70/><D70/><U42/><E42/><V33/><F33/><W108/><G108/><T125/><D39/><U72/><E72/><V56/><F105/><W25/><G25/><T0/><D125/><U107/><E106/><V31/><N who="2" m="7168" /><DORA hai="112" /><V43/><F43/><W44/><G44/><N who="0" m="25735" /><D0/><U80/><E2/><V27/><F27/><W116/><G116/><T15/><D15/><U57/><E24/><V65/><F65/><W94/><G94/><T14/><D26/><U5/><E107/><V76/><F76/><W133/><G133/><T50/><D93/><U82/><E82/><V75/><F75/><W10/><G10/><T7/><D97/><U103/><E99/><V114/><F114/><W115/><G115/><RYUUKYOKU ba="0,0" sc="488,-15,198,-15,312,15,2,15" hai2="9,13,21,23,51,52,56,88,89,91" hai3="17,19,48,58,60,61,62" /><INIT seed="2,1,0,0,4,59" ten="473,183,327,17" oya="2" hai0="124,111,0,66,29,41,76,89,73,14,94,12,38" hai1="98,103,116,16,122,55,81,101,135,113,63,118,91" hai2="102,127,48,3,35,120,56,78,28,30,36,84,75" hai3="64,37,83,125,23,2,5,117,44,82,85,20,69"/><V18/><F3/><W72/><G117/><T68/><D0/><U57/><E113/><V42/><F36/><W129/><G129/><T52/><D29/><U92/><E135/><V19/><F75/><W130/><G130/><T39/><D124/><U112/><E112/><V1/><F1/><W86/><G125/><T132/><D132/><U70/><E122/><V6/><F6/><W32/><G32/><T107/><D107/><U15/><E70/><V31/><F35/><W131/><G131/><T34/><D34/><U71/><E71/><V99/><F120/><W4/><G72/><T49/><D76/><U58/><E81/><V43/><F127/><W13/><G2/><T100/><D100/><U133/><E133/><V50/><F50/><W104/><G104/><T8/><D73/><U96/><E58/><V61/><F84/><W80/><G37/><T51/><D51/><U134/><E134/><V62/><F78/><W60/><G44/><T65/><D39/><U93/><REACH who="1" step="1"/><E91/><REACH who="1" ten="473,173,327,17" step="2"/><V126/><F126/><W105/><G83/><T87/><D89/><U97/><E97/><V123/><F123/><W67/><G69/><T17/><D68/><U33/><E33/><V119/><F119/><W95/><G82/><T40/><D66/><U108/><E108/><V90/><F90/><W110/><G80/><T11/><D111/><U115/><E115/><V26/><F99/><W109/><G105/><T88/><D88/><U7/><E7/><V24/><F56/><W45/><G45/><T21/><D87/><U121/><E121/><V22/><F102/><W114/><G114/><RYUUKYOKU ba="1,1" sc="473,-10,173,30,327,-10,17,-10" hai1="15,16,55,57,63,92,93,96,98,101,103,116,118" /><INIT seed="3,2,1,2,1,111" ten="463,203,317,7" oya="3" hai0="123,134,34,135,79,82,113,1,126,2,62,28,29" hai1="46,94,55,3,40,124,44,89,58,110,133,48,128" hai2="97,101,108,96,26,49,85,12,51,75,117,11,19" hai3="105,81,47,106,86,41,22,93,77,130,100,43,16"/><W132/><G130/><T115/><D126/><U102/><E110/><V20/><F75/><W61/><G132/><N who="0" m="50731" /><D62/><U76/><E133/><V63/><F117/><W83/><G106/><T103/><D103/><U64/><E3/><N who="0" m="1033" /><D123/><U60/><E124/><V52/><F108/><W65/><G105/><T71/><D71/><U118/><E118/><V18/><F85/><N who="3" m="48303" /><G47/><T7/><D7/><U125/><E125/><V45/><F101/><W122/><G122/><T38/><D38/><U57/><E128/><V31/><F63/><W8/><G8/><T131/><D131/><U21/><E102/><V59/><REACH who="2" step="1"/><F18/><REACH who="2" ten="463,203,307,7" step="2"/><W127/><G127/><T4/><D4/><U67/><E76/><V37/><F37/><W129/><G129/><T14/><D79/><U50/><E21/><V104/><F104/><W78/><G61/><T24/><D34/><U6/><E6/><V80/><F80/><W74/><G74/><T73/><D82/><U13/><E60/><V99/><F99/><N who="3" m="59503" /><G65/><T70/><D73/><U0/><E0/><V72/><F72/><W109/><G109/><T95/><D70/><U92/><E44/><V90/><F90/><W112/><G112/><T69/><D115/><U98/><E67/><V23/><F23/><W32/><G32/><T87/><D113/><U91/><E64/><V66/><F66/><W42/><G22/><T35/><D69/><U25/><E46/><V39/><F39/><W68/><G68/><T84/><D35/><U107/><E107/><V33/><F33/><W10/><G16/><T30/><D95/><U36/><E94/><V17/><F17/><RYUUKYOKU ba="2,2" sc="463,-15,203,-15,307,15,7,15" hai2="11,12,19,20,26,31,45,49,51,52,59,96,97" hai3="10,41,42,43,78,83,86" /><INIT seed="3,3,2,1,3,109" ten="448,188,322,22" oya="3" hai0="15,54,56,77,116,50,111,81,128,48,123,65,133" hai1="61,74,32,18,19,36,33,67,113,127,88,72,66" hai2="97,84,14,79,70,135,108,40,12,27,53,86,49" hai3="119,120,124,38,80,41,59,39,7,92,10,4,89"/><W87/><G120/><T103/><D111/><U0/><E88/><V22/><F108/><W134/><G119/><T101/><D123/><U26/><E61/><V85/><F70/><W2/><G124/><T46/><D128/><U24/><E0/><V68/><F68/><W102/><G134/><T8/><D116/><U45/><E45/><V63/><F79/><W5/><G41/><T60/><D50/><U95/><E95/><V6/><F40/><W131/><G131/><T83/><D133/><U132/><E132/><V43/><F63/><W91/><G102/><N who="0" m="38923" /><D77/><U106/><E106/><V130/><F130/><W64/><G39/><T23/><D23/><U58/><E58/><V114/><F43/><W122/><G38/><T20/><D20/><U125/><E36/><V21/><F6/><AGARI ba="3,2" hai="6,8,15,46,48,54,56,60,65,81,83" m="38923" machi="6" ten="30,1000,0" yaku="8,1" doraHai="109" who="0" fromWho="2" sc="448,39,188,0,322,-19,22,0" owari="487,58.7,188,-21.2,303,10.3,22,-47.8" /></mjloggm>