<mjloggm ver="2.3"><GO type="225" lobby="0"/><UN n0="%E3%83%81%E3%83%AF%E3%83%AF%E9%9A%8A%E9%95%B7" n1="%77%72%77%72%77%72%77%72" n2="%E7%89%B9%E6%9D%B1%E3%81%AF%E4%B8%96%E7%95%8C%E3%82%92%E6%95%91%E3%81%86" n3="%E3%81%B5%E3%81%98%E3%81%8B%E3%81%A4" dan="16,17,16,16" rate="2168.80,2193.65,2137.70,2171.33" sx="M,M,M,M"/><TAIKYOKU oya="0"/><INIT seed="0,0,0,5,4,73" ten="250,250,250,250" oya="0" hai0="74,9,43,101,33,16,32,13,121,119,65,120,100" hai1="50,56,79,114,66,46,27,105,62,8,109,77,22" hai2="11,110,80,18,42,17,81,29,20,30,86,72,14" hai3="68,51,34,82,75,118,38,7,134,49,69,39,4"/><T37/><D119/><U104/><E109/><V47/><F72/><W107/><G118/><T55/><D65/><U84/><E114/><V12/><F110/><W93/><G93/><T135/><D135/><U41/><E8/><V95/><F95/><W125/><G134/><T111/><D111/><U3/><E3/><V21/><F11/><W123/><G123/><T71/><D71/><U117/><E117/><V76/><REACH who="2" step="1"/><F81/><REACH who="2" ten="250,250,240,250" step="2"/><W28/><G75/><T25/><D74/><U63/><E105/><V19/><F19/><W48/><G82/><T90/><D9/><U128/><E104/><V31/><F31/><W6/><G107/><T67/><D121/><U57/><E128/><V115/><F115/><W132/><G132/><T36/><D120/><U78/><E84/><V2/><F2/><W97/><G97/><T23/><D16/><N who="1" m="12743" /><E66/><V35/><F35/><W88/><G34/><T102/><D32/><U24/><E24/><V108/><F108/><W112/><G28/><T15/><D33/><U116/><E116/><V26/><F26/><W70/><G112/><T106/><D106/><U5/><E5/><V91/><F91/><W61/><G88/><T87/><D67/><U64/><E64/><V54/><F54/><W85/><G85/><T58/><D87/><U1/><E1/><V133/><F133/><W53/><G125/><T89/><D25/><U60/><AGARI ba="0,1" hai="41,46,50,56,57,60,62,63,77,78,79" m="12743" machi="60" ten="30,8000,1" yaku="8,1,52,3,54,1" doraHai="73" who="1" fromWho="1" sc="250,-40,250,90,240,-20,250,-20" /><INIT seed="1,0,0,2,4,99" ten="210,340,220,230" oya="1" hai0="115,130,7,77,126,10,101,66,40,131,79,123,120" hai1="5,46,68,41,16,25,102,39,4,85,29,50,48" hai2="86,67,52,12,38,31,105,78,107,33,22,30,111" hai3="133,84,9,56,1,42,127,100,91,37,3,18,0"/><U54/><E68/><V62/><F38/><W96/><G127/><T43/><D115/><U92/><E39/><V94/><F33/><W95/><G133/><T104/><D126/><U44/><E29/><V13/><F111/><W117/><G117/><T89/><D66/><U15/><E25/><V55/><F78/><N who="0" m="29706" /><D89/><N who="1" m="53295" /><E102/><V81/><F94/><W135/><G135/><T51/><D51/><U108/><E108/><V122/><F122/><N who="0" m="46634" /><D104/><U69/><E69/><V98/><F67/><W97/><G97/><T45/><D45/><U47/><E44/><V75/><F98/><W6/><G18/><T57/><D57/><U49/><E48/><V82/><F62/><W109/><G109/><T128/><D101/><U34/><E34/><V114/><F114/><W83/><REACH who="3" step="1"/><G56/><REACH who="3" ten="210,340,220,220" step="2"/><T93/><D93/><U119/><E119/><V63/><F107/><W58/><G58/><T88/><D88/><U124/><E124/><V73/><F105/><W28/><G28/><T80/><D80/><U87/><E87/><V61/><F86/><W64/><G64/><T76/><D76/><U59/><E46/><AGARI ba="0,1" hai="0,1,3,6,9,37,42,46,83,84,91,95,96,100" machi="46" ten="40,2600,0" yaku="1,1,52,1,53,0" doraHai="99" doraHaiUra="65" who="3" fromWho="1" sc="210,0,340,-26,220,0,220,36" /><INIT seed="2,0,0,3,4,4" ten="210,314,220,256" oya="2" hai0="43,81,90,45,17,97,112,118,19,23,128,58,83" hai1="95,127,88,70,109,63,106,55,51,85,61,9,117" hai2="15,12,121,82,2,29,130,132,110,62,5,129,119" hai3="72,114,105,78,11,96,100,66,41,50,73,33,30"/><V36/><F36/><W31/><G66/><T124/><D112/><U126/><E117/><V68/><F119/><W14/><G114/><T20/><D118/><U123/><E70/><V71/><F121/><W26/><G31/><T113/><D113/><U135/><E123/><V101/><F132/><W21/><G78/><T25/><D124/><N who="1" m="47659" /><E109/><V56/><F101/><W64/><G64/><T94/><D128/><N who="2" m="49258" /><F29/><W77/><G77/><T86/><D58/><U18/><E106/><V93/><F93/><W3/><G50/><N who="0" m="26943" /><D97/><U103/><E103/><V89/><F110/><W54/><G41/><T6/><D6/><U24/><E135/><V98/><F2/><W111/><G54/><T52/><D52/><U39/><E39/><V35/><F35/><W16/><G111/><T79/><D79/><U0/><E0/><V69/><F5/><AGARI ba="0,0" hai="3,5,11,14,16,21,26,30,33,72,73,96,100,105" machi="5" ten="40,8000,1" yaku="24,2,52,1,54,1" doraHai="4" who="3" fromWho="2" sc="210,0,314,0,220,-80,256,80" /><INIT seed="3,0,0,5,0,103" ten="210,314,140,336" oya="3" hai0="40,25,123,22,9,84,6,39,38,108,115,100,33" hai1="63,13,58,19,118,46,20,102,91,126,68,14,16" hai2="97,119,54,121,112,11,44,67,93,10,109,0,80" hai3="69,105,3,4,41,32,37,135,104,114,133,53,8"/><W36/><G53/><T26/><D123/><U51/><E126/><V17/><F109/><W34/><G114/><T73/><D73/><U124/><E124/><V83/><F119/><W129/><G129/><T86/><D108/><U94/><E68/><V65/><F112/><W2/><G69/><T62/><D115/><U24/><E102/><V81/><F121/><W116/><G116/><T131/><D131/><U92/><E118/><V99/><F0/><W98/><G2/><T88/><D33/><N who="3" m="12905" /><G98/><T76/><D100/><U15/><E19/><V23/><F44/><N who="3" m="23591" /><G37/><T64/><D40/><N who="1" m="25031" /><E91/><V71/><F54/><W117/><G117/><T82/><D25/><U29/><E29/><V48/><F48/><W85/><G85/><T113/><D113/><U12/><N who="1" m="3072" /><DORA hai="59" /><U52/><AGARI ba="0,0" hai="16,20,24,52,58,63,92,94" m="3072,25031" machi="52" ten="40,8000,1" yaku="4,1,8,1,52,1,54,2" doraHai="103,59" who="1" fromWho="1" sc="210,-20,314,80,140,-20,336,-40" owari="190,-21.0,394,49.4,120,-38.0,296,9.6" /></mjloggm>