<mjloggm ver="2.3"><GO type="225" lobby="0"/><UN n0="%E3%82%BC%E3%83%AB%E3%83%80%E3%81%AE%E4%BC%9D%E8%AA%AC" n1="%E3%81%B5%E3%81%98%E3%81%8B%E3%81%A4" n2="%65%2D%73%65%70%65%6E%3B" n3="%E8%B6%85%E7%B4%9A%E9%B3%B3%E5%87%B0" dan="18,16,16,17" rate="2168.72,2166.36,2118.25,2164.73" sx="M,M,M,F"/><TAIKYOKU oya="0"/><INIT seed="0,0,0,2,5,67" ten="250,250,250,250" oya="0" hai0="92,60,21,101,127,126,131,98,53,104,29,102,73" hai1="82,65,10,46,69,13,111,33,48,62,3,119,122" hai2="2,72,56,81,15,1,84,90,134,88,95,28,52" hai3="93,132,35,34,78,117,63,130,4,125,41,5,32"/><T55/><D73/><U105/><E122/><V106/><F106/><W112/><G112/><T133/><D133/><U61/><E119/><V59/><F59/><W124/><G117/><T99/><D131/><U74/><E105/><V108/><F28/><W86/><G130/><T129/><D129/><U58/><E111/><V75/><F108/><W43/><G132/><T14/><D60/><U87/><E33/><V85/><F134/><W70/><G63/><T135/><D135/><U11/><E74/><V71/><F71/><W96/><G70/><T27/><REACH who="0" step="1"/><D14/><REACH who="0" ten="240,250,250,250" step="2"/><U9/><E13/><V24/><F75/><W16/><G124/><AGARI ba="0,1" hai="21,27,29,53,55,92,98,99,101,102,104,124,126,127" machi="124" ten="40,7700,0" yaku="1,1,2,1,18,1,53,0" doraHai="67" doraHaiUra="121" who="0" fromWho="3" sc="240,87,250,0,250,0,250,-77" /><INIT seed="0,1,0,0,0,80" ten="327,250,250,173" oya="0" hai0="76,124,7,91,95,131,8,68,121,67,77,86,34" hai1="133,26,134,46,35,98,83,58,27,19,107,104,0" hai2="40,20,102,129,62,52,101,72,118,65,43,11,51" hai3="78,75,29,57,123,37,127,3,33,105,63,12,49"/><T88/><D121/><U13/><E0/><V45/><F72/><W74/><G3/><T114/><D114/><U25/><E46/><V18/><F129/><W119/><G119/><T42/><D34/><U32/><E58/><N who="2" m="37079" /><F118/><W1/><G1/><T56/><D68/><U82/><E98/><V120/><F11/><W31/><G37/><T60/><D131/><U128/><E128/><V81/><F81/><N who="1" m="30729" /><E13/><N who="2" m="9295" /><F120/><W116/><G116/><T15/><D124/><U73/><E19/><V94/><F94/><W66/><G105/><N who="1" m="40522" /><E73/><V106/><F106/><W89/><G75/><T53/><D42/><AGARI ba="1,0" hai="40,42,43,45,51,52,101,102" m="9295,37079" machi="42" ten="30,2000,0" yaku="8,1,54,1" doraHai="80" who="2" fromWho="0" sc="327,-23,250,0,250,23,173,0" /><INIT seed="1,0,0,5,4,106" ten="304,250,273,173" oya="1" hai0="51,99,34,31,89,64,26,83,119,70,71,35,96" hai1="41,72,133,38,86,11,67,58,135,78,24,125,63" hai2="131,55,61,65,39,93,7,52,121,56,33,23,6" hai3="95,129,103,115,42,91,47,25,84,66,68,101,28"/><U27/><E86/><V10/><F121/><W73/><G115/><T113/><D119/><U77/><E125/><V123/><F33/><W22/><G129/><T104/><D113/><U110/><E11/><V53/><F123/><W62/><REACH who="3" step="1"/><G73/><REACH who="3" ten="304,250,273,163" step="2"/><T100/><D35/><U69/><E72/><V5/><F131/><W127/><G127/><T16/><D34/><U19/><E135/><V111/><F111/><W108/><G108/><T90/><D70/><U124/><E110/><V21/><F39/><AGARI ba="0,1" hai="22,25,28,39,42,47,62,66,68,84,91,95,101,103" machi="39" ten="30,2000,0" yaku="1,1,7,1,53,0" doraHai="106" doraHaiUra="109" who="3" fromWho="2" sc="304,0,250,0,273,-20,163,30" /><INIT seed="2,0,0,5,5,81" ten="304,250,253,193" oya="2" hai0="38,108,97,41,14,94,72,32,60,6,31,42,91" hai1="90,13,25,107,84,35,128,20,106,53,21,67,15" hai2="87,105,64,4,131,10,98,69,135,93,65,44,39" hai3="9,100,73,16,59,124,50,63,33,95,11,55,30"/><V120/><F120/><W96/><G73/><T77/><D38/><U113/><E113/><V24/><F131/><W45/><G124/><T61/><D72/><U117/><E128/><V57/><F69/><W17/><G33/><T51/><D32/><U28/><E67/><V3/><F135/><W101/><G30/><T47/><D108/><U56/><E117/><V48/><F39/><W119/><G119/><T52/><D77/><U27/><E35/><V129/><F129/><W68/><G68/><T110/><D31/><U2/><E2/><V118/><F118/><W125/><G125/><T102/><D110/><U40/><E40/><N who="0" m="15465" /><D102/><U23/><E106/><V22/><F105/><W85/><G101/><T109/><D109/><U80/><E107/><V122/><F122/><W29/><G29/><T1/><D1/><U26/><REACH who="1" step="1"/><E28/><REACH who="1" ten="304,240,253,193" step="2"/><V75/><F64/><W66/><REACH who="3" step="1"/><G85/><REACH who="3" ten="304,240,253,183" step="2"/><T74/><D74/><U70/><E70/><V103/><F75/><W19/><AGARI ba="0,2" hai="9,11,16,17,19,45,50,55,59,63,66,95,96,100" machi="19" ten="30,12000,2" yaku="1,1,2,1,0,1,8,1,54,1,53,1" doraHai="81" doraHaiUra="92" who="3" fromWho="3" sc="304,-30,240,-30,253,-60,183,140" /><INIT seed="3,0,0,3,5,120" ten="274,210,193,323" oya="3" hai0="15,75,74,117,90,5,8,92,12,101,13,27,49" hai1="69,121,68,54,20,76,71,87,0,34,72,125,64" hai2="36,43,9,57,50,45,70,73,59,79,44,10,30" hai3="63,114,62,42,78,110,132,89,104,126,81,22,3"/><W52/><G114/><T96/><D117/><U124/><E121/><V6/><F30/><W127/><G104/><T91/><D75/><U40/><E34/><V1/><F70/><W25/><G3/><T67/><D74/><U46/><E0/><V105/><F105/><W83/><G132/><T58/><D27/><U31/><E54/><V115/><F115/><W55/><G42/><T94/><D101/><U112/><E112/><V11/><F11/><W18/><G89/><T128/><D128/><U65/><E20/><V133/><F9/><W7/><G7/><T102/><D102/><U35/><E35/><V88/><F133/><W16/><G22/><T32/><D32/><U60/><E31/><V129/><F129/><W28/><G78/><T21/><D21/><U82/><E87/><V93/><F79/><W61/><G61/><N who="0" m="38327" /><D49/><U122/><E122/><V100/><F100/><W99/><G28/><T41/><D41/><U134/><E134/><V119/><F73/><W85/><G25/><T37/><D37/><N who="1" m="21775" /><E65/><V103/><F119/><W98/><G85/><AGARI ba="0,0" hai="5,8,12,13,15,85,90,91,92,94,96" m="38327" machi="85" ten="30,1000,0" yaku="8,1" doraHai="120" who="0" fromWho="3" sc="274,10,210,0,193,0,323,-10" owari="284,8.4,210,-19.0,193,-30.7,313,41.3" /></mjloggm>