<mjloggm ver="2.3"><GO type="225" lobby="0"/><UN n0="%E5%AF%82%E5%AF%9E%E3%82%AE%E3%83%8D%E3%82%B9%E3%83%93%E3%83%BC%E3%83%AB" n1="%E9%89%A2%E5%B7%BB%E3%82%AC%E3%83%96" n2="%73%75%7A%75%6D%65%33" n3="%E8%81%B7%E6%A5%AD%E3%80%81%E9%A2%A8%32" dan="16,16,17,16" rate="2151.56,2101.75,2212.20,2130.40" sx="M,M,M,M"/><TAIKYOKU oya="0"/><INIT seed="0,0,0,2,5,22" ten="250,250,250,250" oya="0" hai0="51,125,113,72,134,39,104,112,92,55,30,33,59" hai1="3,10,24,100,25,56,121,118,65,78,50,48,14" hai2="132,84,83,32,131,58,42,4,129,68,74,29,81" hai3="77,88,45,52,117,8,46,135,115,13,80,128,41"/><T53/><D104/><U102/><E118/><V71/><F132/><W108/><G117/><T107/><D107/><U11/><E78/><N who="2" m="44247" /><F4/><W97/><G115/><T76/><D134/><U87/><E87/><V109/><F109/><W1/><G108/><T49/><D39/><U133/><E133/><V19/><F19/><W5/><G128/><N who="2" m="49225" /><F42/><W91/><G135/><T21/><D21/><U95/><E121/><V111/><F111/><W98/><G13/><T114/><D125/><U86/><E3/><V2/><F2/><W73/><G97/><T69/><D69/><U34/><E34/><V44/><F44/><W37/><G98/><T40/><D92/><U9/><E14/><V101/><F58/><W6/><G6/><T94/><D94/><U28/><E28/><V99/><F101/><N who="1" m="39017" /><E65/><V17/><F17/><W66/><G66/><T89/><D30/><U67/><E67/><V124/><F99/><W31/><G31/><T60/><D33/><U79/><E56/><V23/><F23/><W61/><G61/><T120/><D60/><U130/><E95/><V96/><F96/><W123/><G123/><T16/><D120/><U54/><E130/><V110/><F124/><W82/><G80/><T18/><D112/><U36/><E36/><V63/><F63/><W15/><G15/><T43/><D114/><U119/><E119/><V38/><F38/><W20/><G20/><T35/><D113/><U64/><E64/><V27/><F110/><W126/><G126/><T75/><D35/><U122/><E122/><V57/><F57/><W70/><G70/><T127/><D127/><RYUUKYOKU ba="0,0" sc="250,-15,250,-15,250,15,250,15" hai2="27,29,32,68,71,83,84" hai3="1,5,8,37,41,45,46,52,73,77,82,88,91" /><INIT seed="1,1,0,4,2,125" ten="235,235,265,265" oya="1" hai0="29,53,96,82,126,10,73,1,133,4,22,69,88" hai1="70,104,46,59,80,63,78,112,120,92,57,42,36" hai2="95,115,93,13,8,11,131,65,86,106,44,111,64" hai3="5,47,58,2,38,19,26,33,54,17,91,18,79"/><U89/><E112/><V101/><F115/><W66/><G66/><N who="2" m="25705" /><F106/><W67/><G67/><T34/><D69/><U21/><E120/><V85/><F111/><W14/><G79/><T135/><D126/><U75/><E70/><V98/><F131/><W113/><G113/><T100/><D34/><U55/><E59/><V94/><F44/><W9/><G91/><T28/><D53/><U128/><E104/><V117/><F117/><W132/><G132/><N who="0" m="50763" /><D22/><U83/><E21/><V121/><F121/><W30/><G47/><T41/><D41/><U52/><E55/><V56/><F56/><W20/><G38/><T105/><D73/><U77/><E128/><V134/><F134/><W7/><REACH who="3" step="1"/><G5/><REACH who="3" ten="235,235,265,255" step="2"/><T72/><D88/><U103/><E103/><V31/><F101/><W124/><G124/><T130/><D130/><U116/><E116/><V27/><F98/><W68/><G68/><T109/><D109/><U74/><REACH who="1" step="1"/><E89/><REACH who="1" ten="235,225,265,255" step="2"/><V6/><F8/><W37/><G37/><T43/><D43/><U118/><E118/><V12/><F11/><W119/><G119/><T0/><D10/><U16/><E16/><V108/><F108/><W24/><G24/><T114/><D114/><U107/><E107/><V60/><F6/><W99/><G99/><T110/><D4/><U49/><E49/><AGARI ba="1,2" hai="2,7,9,14,17,18,19,20,26,30,33,49,54,58" machi="49" ten="30,7700,0" yaku="1,1,7,1,24,2,53,0" doraHai="125" doraHaiUra="84" who="3" fromWho="1" sc="235,0,225,-80,265,0,255,100" /><INIT seed="2,0,0,4,5,123" ten="235,145,265,355" oya="2" hai0="58,54,50,42,57,15,112,134,61,96,117,24,28" hai1="103,132,66,120,124,6,135,60,119,63,18,121,3" hai2="19,128,55,70,127,88,2,35,74,113,44,1,10" hai3="87,104,97,93,106,131,31,108,83,71,94,56,22"/><V30/><F70/><W95/><G108/><T105/><D112/><U27/><E119/><V29/><F74/><W72/><G131/><T101/><D117/><U46/><E103/><V118/><F118/><W7/><G7/><T102/><D134/><N who="1" m="51243" /><E46/><V68/><F68/><W125/><G125/><T73/><D102/><U111/><E66/><V36/><F113/><W11/><G11/><T115/><D115/><U76/><E76/><V82/><F127/><W48/><G71/><T51/><D73/><U99/><E99/><V65/><F65/><W47/><G56/><T23/><D42/><U43/><E43/><V21/><F128/><W26/><G106/><T0/><D0/><N who="2" m="106" /><F21/><W34/><G104/><T52/><REACH who="0" step="1"/><D15/><REACH who="0" ten="225,145,265,355" step="2"/><U13/><E124/><V85/><F36/><W69/><G72/><T14/><D14/><U8/><E60/><AGARI ba="0,1" hai="23,24,28,50,51,52,54,57,58,60,61,96,101,105" machi="60" ten="30,7700,0" yaku="1,1,7,1,9,1,54,1,53,0" doraHai="123" doraHaiUra="64" who="0" fromWho="1" sc="225,87,145,-77,265,0,355,0" /><INIT seed="3,0,0,5,4,17" ten="312,68,265,355" oya="3" hai0="103,88,101,112,43,7,33,53,127,115,61,120,13" hai1="132,71,109,47,40,64,108,58,97,38,27,41,32" hai2="60,92,14,114,68,82,134,119,29,78,49,123,9" hai3="37,1,98,96,73,133,65,50,2,95,5,89,52"/><W83/><G37/><T94/><D120/><U19/><E97/><V99/><F123/><W16/><G133/><T12/><D33/><U76/><E19/><V59/><F134/><W104/><G5/><T102/><D43/><U55/><E27/><V54/><F114/><N who="0" m="43562" /><D7/><U10/><E10/><V72/><F119/><W111/><G2/><T91/><D127/><U79/><E79/><V30/><F68/><W70/><G1/><T126/><D126/><U84/><E84/><V81/><F81/><W44/><G104/><T57/><D91/><U66/><E76/><V75/><F75/><W45/><G89/><T20/><D20/><U11/><E11/><V62/><F30/><W93/><G73/><T22/><D22/><U117/><E32/><V28/><F28/><W74/><G74/><T42/><D42/><U105/><E105/><V18/><REACH who="2" step="1"/><F29/><REACH who="2" ten="312,68,255,355" step="2"/><W80/><G83/><T31/><D31/><U63/><E132/><V8/><F8/><W125/><G80/><T15/><D103/><AGARI ba="0,1" hai="9,14,18,49,54,59,60,62,72,78,82,92,99,103" machi="103" ten="30,3900,0" yaku="1,1,7,1,53,1" doraHai="17" doraHaiUra="6" who="2" fromWho="0" sc="312,-39,68,0,255,49,355,0" owari="273,-12.7,68,-43.2,304,10.4,355,45.5" /></mjloggm>