<mjloggm ver="2.3"><GO type="225" lobby="0"/><UN n0="%E5%B8%86%E7%AB%8B%E5%A4%8F%E8%A1%A3" n1="%E9%80%9F%E6%B0%B4%E5%87%9B%E9%A6%99" n2="%E3%81%8F%E3%82%8A%E3%83%94%E3%83%BC" n3="%E3%81%A1%E3%82%85%E3%81%86%E3%81%A9%E3%81%8F%E8%B1%A1%E3%81%95%E3%82%93" dan="17,16,16,17" rate="2129.42,2116.38,2098.99,2211.09" sx="M,F,M,M"/><TAIKYOKU oya="0"/><INIT seed="0,0,0,4,1,123" ten="250,250,250,250" oya="0" hai0="114,70,91,102,32,36,80,8,82,9,94,50,6" hai1="131,48,101,116,77,89,106,51,105,109,95,79,44" hai2="100,12,126,2,135,42,41,61,63,58,0,25,49" hai3="60,55,115,113,93,47,45,40,127,5,111,72,90"/><T57/><D114/><N who="3" m="43529" /><G72/><T125/><D125/><U76/><E116/><V26/><F135/><W133/><G5/><T39/><D32/><U18/><E51/><V120/><F49/><N who="3" m="29103" /><G90/><T67/><D70/><U52/><E131/><V84/><F12/><W31/><G31/><T56/><D102/><U29/><E29/><V62/><F62/><W66/><G93/><T88/><D94/><U3/><E3/><V87/><F58/><N who="3" m="37143" /><G127/><T85/><D50/><U134/><E134/><V96/><F126/><W81/><G81/><T110/><D67/><U1/><E1/><V83/><F100/><W59/><G133/><T122/><D122/><U73/><E73/><V74/><F74/><W10/><G10/><T46/><D6/><U11/><E101/><V35/><F83/><W92/><G92/><T33/><D33/><U23/><E11/><V17/><F35/><W65/><G65/><T28/><D28/><U19/><E19/><V13/><F13/><W64/><G64/><T124/><D124/><U118/><E118/><V75/><F75/><W112/><N who="3" m="43537" /><W37/><DORA hai="20" /><G59/><T128/><D85/><U71/><E71/><V129/><F17/><W15/><G15/><T43/><D80/><U68/><E68/><V69/><F69/><W130/><G130/><T21/><D82/><U27/><E106/><V121/><F96/><W108/><AGARI ba="0,0" hai="37,40,47,108,111" m="37143,29103,43537" machi="108" ten="50,8000,1" yaku="34,2,52,2" doraHai="123,20" who="3" fromWho="3" sc="250,-40,250,-20,250,-20,250,80" /><INIT seed="1,0,0,3,3,60" ten="210,230,230,330" oya="1" hai0="107,31,45,83,85,133,78,123,51,29,65,12,67" hai1="73,125,58,89,130,97,119,17,114,93,52,7,86" hai2="64,2,91,82,44,39,43,23,102,36,103,127,48" hai3="10,134,113,38,26,50,79,59,106,47,92,25,15"/><U72/><E119/><V122/><F122/><W90/><G113/><T120/><D107/><U112/><E130/><V35/><F35/><W8/><G106/><T100/><D133/><U16/><E125/><V46/><F127/><W5/><G38/><T61/><D100/><U116/><E116/><V27/><F2/><W3/><G79/><T19/><D120/><U105/><E7/><V87/><F64/><N who="0" m="24650" /><D61/><U69/><E69/><V37/><REACH who="2" step="1"/><F46/><REACH who="2" ten="210,230,220,330" step="2"/><W88/><G3/><T80/><D123/><U129/><E114/><V98/><F98/><W108/><G134/><T109/><D109/><U34/><E112/><V28/><AGARI ba="0,1" hai="23,27,28,36,37,39,43,44,48,82,87,91,102,103" machi="28" ten="30,4000,0" yaku="1,1,0,1,53,1" doraHai="60" doraHaiUra="40" who="2" fromWho="2" sc="210,-10,230,-20,220,50,330,-10" /><INIT seed="2,0,0,3,4,48" ten="200,210,270,320" oya="2" hai0="74,7,60,37,31,114,104,81,15,4,112,13,80" hai1="128,29,33,54,64,47,109,125,127,119,68,5,41" hai2="92,20,70,100,98,129,38,69,102,18,124,78,85" hai3="14,52,55,2,134,101,77,133,130,23,11,110,71"/><V122/><F122/><W86/><G71/><T107/><D37/><U6/><E119/><V93/><F38/><W39/><G39/><T105/><D31/><U121/><E121/><V76/><F124/><N who="1" m="47689" /><E109/><V89/><F129/><W115/><G110/><T82/><D60/><N who="1" m="39943" /><E128/><V10/><F70/><W22/><G130/><T27/><D27/><N who="1" m="18623" /><E41/><V106/><F69/><W79/><G101/><T19/><D74/><U118/><E118/><V42/><F42/><W21/><G115/><N who="0" m="44075" /><D19/><U34/><E34/><V67/><F67/><W117/><G2/><T45/><D45/><U108/><E108/><V111/><F111/><W95/><G117/><T16/><D16/><U123/><E123/><V43/><F43/><W50/><G50/><AGARI ba="0,0" hai="5,6,47,50,54" m="18623,39943,47689" machi="50" ten="30,2000,0" yaku="18,1,52,1" doraHai="48" who="1" fromWho="3" sc="200,0,210,20,270,0,320,-20" /><INIT seed="3,0,0,0,3,128" ten="200,230,270,300" oya="3" hai0="72,53,113,47,69,97,50,78,124,60,18,57,120" hai1="100,103,80,92,46,14,117,67,112,52,34,87,74" hai2="111,93,16,26,82,27,98,35,21,23,65,89,25" hai3="106,56,43,90,129,15,0,118,4,68,33,95,44"/><W107/><G68/><T37/><D120/><U5/><E34/><V131/><F111/><W83/><G118/><T49/><D72/><U24/><E74/><V73/><F131/><W58/><G33/><T76/><D113/><U104/><E104/><V94/><F35/><W19/><G83/><T9/><D124/><U96/><E112/><V101/><F65/><W59/><G129/><T29/><D29/><U13/><E67/><V75/><F82/><W77/><G77/><T62/><D69/><U1/><E1/><V41/><F41/><W134/><G134/><T61/><D37/><U123/><E123/><V122/><F122/><W115/><G4/><T119/><D97/><U133/><E133/><V88/><F101/><W86/><G0/><T20/><D9/><U66/><E66/><V127/><F127/><W116/><G116/><T71/><D71/><U51/><E117/><V64/><F64/><W17/><G115/><T109/><D109/><U48/><E24/><V121/><F121/><W30/><G30/><T132/><D119/><U110/><E110/><V54/><F54/><W70/><G70/><T22/><D132/><U39/><E39/><V2/><F2/><W31/><G31/><T42/><REACH who="0" step="1"/><D22/><REACH who="0" ten="190,230,270,300" step="2"/><U7/><E7/><V102/><F75/><W114/><G114/><T130/><D130/><U91/><E5/><V10/><F10/><N who="3" m="6391" /><G19/><T108/><D108/><U55/><E103/><V99/><F73/><W38/><G106/><T28/><D28/><U84/><E84/><N who="2" m="52359" /><F23/><W40/><G107/><T3/><D3/><U126/><E126/><V63/><F21/><RYUUKYOKU ba="0,1" sc="190,10,230,10,270,-30,300,10" hai0="18,20,42,47,49,50,53,57,60,61,62,76,78" hai1="13,14,46,48,51,52,55,80,87,91,92,96,100" hai3="38,40,43,44,56,58,59,86,90,95" owari="200,-30.0,240,4.0,240,-16.0,320,42.0" /></mjloggm>