<mjloggm ver="2.3"><GO type="225" lobby="0"/><UN n0="%E5%B0%8F%E9%B3%A5%E9%81%8A%E7%B7%B4%E7%84%A1%32%31%E6%AD%B3" n1="%E5%A4%9C%E3%81%AE%E3%82%AC%E3%82%B9%E3%83%91%E3%83%BC%E3%83%AB" n2="%6D%61%74%69%67%75%73%61" n3="%E6%9D%B1%E9%A2%A8%E3%81%AE%E3%81%8D%E3%82%83%E3%81%B7%E3%81%95%E3%82%93" dan="16,16,17,16" rate="2157.20,2109.69,2235.04,2217.95" sx="F,M,M,M"/><TAIKYOKU oya="0"/><INIT seed="0,0,0,5,5,108" ten="250,250,250,250" oya="0" hai0="77,95,71,10,118,31,109,133,52,102,8,44,11" hai1="128,114,129,56,50,6,86,12,51,98,74,27,131" hai2="65,5,79,35,68,122,47,13,127,123,82,120,14" hai3="54,0,67,66,111,130,49,84,33,29,3,57,94"/><T125/><D118/><U17/><E74/><V85/><F35/><W90/><G111/><T23/><D71/><U58/><E6/><V18/><F127/><W113/><G113/><T121/><D121/><U110/><E110/><V116/><F116/><W80/><G130/><T48/><D133/><U1/><E1/><V89/><F68/><W119/><G119/><T112/><D125/><U104/><E27/><V22/><F65/><W76/><G29/><T96/><D109/><U38/><E38/><V72/><F47/><W41/><G33/><T4/><D77/><U99/><E86/><V135/><F135/><W103/><G103/><T105/><D112/><U55/><E114/><V81/><F5/><W32/><G32/><T107/><REACH who="0" step="1"/><D4/><REACH who="0" ten="240,250,250,250" step="2"/><U2/><E128/><V117/><F117/><W124/><G124/><T59/><D59/><U21/><E129/><V134/><F134/><W126/><G126/><T100/><D100/><U20/><E131/><V34/><F123/><W24/><G3/><T53/><D53/><U9/><E2/><V15/><F122/><W26/><G0/><T30/><D30/><U101/><E58/><V78/><F120/><W97/><G41/><T70/><D70/><U73/><E56/><V43/><F43/><W37/><G37/><T61/><D61/><U28/><E55/><V132/><F132/><W62/><G66/><T16/><D16/><U92/><E28/><V115/><F115/><W106/><G106/><T42/><D42/><U63/><E63/><V7/><F7/><W19/><G19/><T39/><D39/><U88/><E73/><RYUUKYOKU ba="0,1" sc="240,10,250,10,250,-30,250,10" hai0="8,10,11,23,31,44,48,52,95,96,102,105,107" hai1="9,12,17,20,21,50,51,88,92,98,99,101,104" hai3="24,26,49,54,57,62,67,76,80,84,90,94,97" /><INIT seed="0,1,1,2,2,133" ten="250,260,220,260" oya="0" hai0="39,84,15,54,135,35,129,9,49,3,106,6,48" hai1="131,89,100,44,14,88,10,16,19,108,23,22,26" hai2="86,21,55,70,45,27,127,134,52,62,103,97,111" hai3="94,98,107,24,57,20,69,61,68,95,79,40,121"/><T30/><D129/><U109/><E131/><V120/><F120/><W58/><G121/><T51/><D106/><U25/><E100/><V11/><F134/><W85/><G40/><T32/><D39/><U46/><E14/><V59/><F111/><W77/><G107/><T118/><D118/><U13/><REACH who="1" step="1"/><E13/><REACH who="1" ten="250,250,220,260" step="2"/><V56/><F11/><AGARI ba="1,2" hai="10,11,16,19,22,23,25,26,44,46,88,89,108,109" machi="11" ten="25,16000,3" yaku="1,1,2,1,22,2,54,2,53,2" doraHai="133" doraHaiUra="18" who="1" fromWho="2" sc="250,0,250,183,220,-163,260,0" /><INIT seed="1,0,0,2,3,116" ten="250,433,57,260" oya="1" hai0="62,44,126,9,113,78,122,61,74,36,26,105,31" hai1="68,107,66,59,115,46,124,104,50,101,53,13,135" hai2="23,96,95,37,55,41,39,54,70,127,48,5,35" hai3="30,17,3,99,15,71,52,93,102,85,65,7,90"/><U32/><E115/><V123/><F35/><W76/><G71/><T43/><D113/><U110/><E32/><V40/><F5/><W47/><G65/><T125/><D105/><U83/><E110/><V1/><F1/><W0/><G76/><T8/><D78/><U33/><E33/><V112/><F23/><W18/><G30/><T67/><D74/><U49/><E124/><N who="0" m="47721" /><D62/><U117/><E117/><V119/><F127/><W64/><G64/><T98/><D98/><U81/><E135/><V27/><F119/><W130/><G130/><T73/><D73/><U134/><E134/><V38/><F27/><W86/><G86/><T51/><D36/><U57/><E68/><V108/><F112/><W106/><G7/><T87/><D87/><U75/><E75/><V19/><F70/><W92/><G106/><T88/><D26/><U132/><E66/><V79/><F79/><W80/><G93/><T34/><D31/><U20/><E132/><V24/><F24/><W121/><G121/><T10/><D34/><U11/><E107/><V29/><F95/><W56/><G47/><T120/><D88/><U63/><E104/><V6/><F96/><W100/><G100/><T42/><D43/><U94/><E101/><V16/><F29/><W4/><G4/><T60/><D67/><U21/><E94/><V133/><F6/><W131/><G131/><T118/><D118/><U111/><E46/><V109/><F38/><W129/><G129/><T84/><D84/><U89/><E89/><V45/><F133/><W91/><G91/><T14/><D14/><U12/><E12/><RYUUKYOKU ba="0,0" sc="250,30,433,-10,57,-10,260,-10" hai0="8,9,10,42,44,51,60,61,120,122" /><INIT seed="2,1,0,5,1,25" ten="280,423,47,250" oya="2" hai0="83,44,97,99,110,67,49,43,46,94,51,31,65" hai1="3,61,91,28,56,128,116,32,45,57,119,69,88" hai2="10,85,2,81,100,60,54,74,112,77,134,125,106" hai3="80,13,33,70,14,108,126,5,12,103,118,131,129"/><V98/><F112/><W1/><G70/><T124/><D110/><U36/><E3/><V102/><F134/><W17/><G103/><T86/><D124/><U6/><E6/><V58/><F125/><W19/><G80/><T50/><D50/><U24/><E128/><N who="3" m="49226" /><G126/><T15/><D15/><U53/><E69/><V109/><F102/><W82/><G82/><T22/><D94/><U87/><E91/><V39/><F39/><W47/><G47/><T123/><D123/><U0/><E0/><V76/><F109/><W127/><G127/><T7/><D7/><U52/><E45/><V16/><F2/><W121/><G108/><T18/><D99/><U9/><E9/><V122/><F122/><W23/><G121/><T48/><D97/><U130/><E36/><V133/><F133/><W71/><G71/><T20/><D51/><U55/><E55/><V66/><F54/><W21/><G33/><T72/><D72/><U105/><E105/><V63/><F63/><W42/><G42/><T41/><D18/><N who="3" m="6665" /><G118/><T29/><D83/><U93/><E130/><V73/><REACH who="2" step="1"/><F77/><REACH who="2" ten="280,423,37,250" step="2"/><W89/><G89/><T92/><D67/><U40/><E40/><V96/><F96/><W104/><G104/><T107/><D65/><U132/><E132/><V30/><F30/><N who="0" m="11274" /><D107/><U84/><E61/><V35/><F35/><W64/><G64/><T4/><D4/><U37/><E37/><V101/><F101/><W38/><G38/><T90/><AGARI ba="1,1" hai="20,22,41,43,44,46,48,49,86,90,92" m="11274" machi="90" ten="30,7900,0" yaku="8,1,52,3" doraHai="25" who="0" fromWho="0" sc="280,92,423,-21,37,-40,250,-21" owari="372,17.2,402,50.2,-3,-50.3,229,-17.1" /></mjloggm>