<mjloggm ver="2.3"><GO type="225" lobby="0"/><UN n0="%E3%81%A1%E3%82%85%E3%81%86%E3%81%A9%E3%81%8F%E8%B1%A1%E3%81%95%E3%82%93" n1="%E3%82%A2%E3%83%9E%E3%83%9D%EF%BD%9E%EF%BD%9E%E3%83%A9" n2="%E9%80%9F%E6%B0%B4%E5%87%9B%E9%A6%99" n3="%E3%83%B4%E3%83%A0%EF%BC%99%E3%81%A6" dan="16,17,17,16" rate="2164.46,2208.98,2159.99,2169.18" sx="M,M,F,M"/><TAIKYOKU oya="0"/><INIT seed="0,0,0,5,5,109" ten="250,250,250,250" oya="0" hai0="75,106,53,125,34,48,107,44,80,79,8,132,91" hai1="118,128,54,22,124,93,111,72,81,90,104,30,20" hai2="113,32,97,98,9,4,7,69,74,50,105,45,60" hai3="0,31,114,87,110,108,73,25,11,6,42,57,102"/><T23/><D34/><U41/><E104/><V126/><F74/><W2/><G73/><T17/><D125/><U29/><E41/><V63/><F32/><N who="3" m="20591" /><G102/><T96/><D132/><U14/><E128/><V83/><F126/><W116/><G42/><T131/><D131/><U89/><E111/><N who="3" m="42538" /><G87/><T130/><D130/><U27/><E118/><V64/><F60/><W129/><G57/><T51/><D8/><U16/><E124/><V122/><F4/><W133/><G129/><T15/><REACH who="0" step="1"/><D51/><REACH who="0" ten="240,250,250,250" step="2"/><U134/><E134/><V52/><F122/><W37/><G133/><T38/><D38/><U84/><E72/><V117/><F117/><W28/><G37/><T46/><D46/><U77/><E22/><V12/><F113/><W78/><G116/><T36/><D36/><U127/><E20/><V82/><F105/><W99/><G114/><T26/><D26/><U88/><E27/><V47/><F47/><W94/><G0/><T35/><D35/><U24/><E24/><V10/><F10/><W70/><G2/><T3/><D3/><U1/><E1/><V119/><REACH who="2" step="1"/><F119/><REACH who="2" ten="240,250,240,250" step="2"/><W76/><G11/><T56/><D56/><U92/><E127/><V18/><F18/><W115/><G115/><T61/><D61/><U103/><E16/><V71/><F71/><W43/><G70/><T135/><D135/><U58/><E58/><V121/><F121/><W95/><G6/><T13/><D13/><U112/><E14/><V101/><F101/><W5/><G5/><T120/><D120/><U33/><E103/><V39/><F39/><W40/><G28/><N who="1" m="10858" /><E112/><V68/><F68/><RYUUKYOKU ba="0,2" sc="240,15,250,-15,240,15,250,-15" hai0="15,17,23,44,48,53,75,79,80,91,96,106,107" hai2="7,9,12,45,50,52,63,64,69,82,83,97,98" /><INIT seed="0,1,2,5,4,48" ten="255,235,255,235" oya="0" hai0="61,99,100,5,47,104,126,16,106,76,3,39,36" hai1="72,29,15,111,50,10,37,19,49,90,92,83,55" hai2="28,117,93,42,108,44,0,129,21,65,116,70,22" hai3="119,101,35,89,27,131,7,134,94,68,78,26,77"/><T121/><D121/><U30/><E111/><V67/><F0/><W110/><G119/><N who="2" m="45641" /><F108/><W128/><G110/><T81/><D126/><U102/><E37/><V40/><F129/><N who="3" m="49739" /><G134/><T95/><D61/><U58/><E102/><V8/><F8/><W74/><G68/><T96/><D47/><U45/><E83/><V51/><F70/><W23/><G101/><T124/><D124/><U66/><E72/><V52/><F93/><W6/><G35/><T13/><D5/><N who="3" m="1545" /><G74/><T62/><D3/><U107/><E107/><V59/><F40/><W123/><G123/><T79/><D62/><N who="1" m="38231" /><E49/><N who="2" m="31119" /><F21/><W73/><G73/><T113/><D113/><U18/><E18/><V125/><F125/><W1/><G1/><T33/><D33/><U91/><E92/><V46/><F46/><W135/><G23/><T69/><D69/><U88/><AGARI ba="1,2" hai="10,15,19,29,30,45,50,55,88,90,91" m="38231" machi="88" ten="30,4000,0" yaku="8,1,52,1,54,1" doraHai="48" who="1" fromWho="1" sc="255,-21,235,63,255,-11,235,-11" /><INIT seed="1,0,0,2,1,69" ten="234,298,244,224" oya="1" hai0="42,120,62,103,82,78,92,41,50,65,57,61,102" hai1="58,47,27,59,89,46,5,60,30,10,132,72,128" hai2="1,119,116,0,118,35,74,100,114,56,93,88,16" hai3="13,31,44,75,34,9,52,3,105,25,33,66,84"/><U53/><E128/><V73/><F35/><W91/><G75/><T99/><D120/><U2/><E132/><V4/><F100/><W85/><G105/><T54/><D103/><U64/><E89/><V124/><F124/><W129/><G129/><T6/><D6/><U130/><E72/><V43/><F114/><W90/><G33/><T113/><D113/><U110/><E110/><V40/><F73/><W86/><G3/><T8/><D8/><U38/><E38/><V67/><F74/><W20/><G66/><T96/><D96/><U7/><E7/><V29/><F29/><W32/><G32/><T107/><D107/><U123/><E123/><V22/><F4/><N who="3" m="3239" /><G34/><T19/><D19/><U18/><E30/><V81/><F81/><W104/><G104/><T131/><D131/><U11/><E130/><V95/><F95/><W21/><G20/><T115/><D115/><U125/><E125/><V117/><F0/><W55/><G44/><N who="0" m="27975" /><D61/><U101/><E101/><V111/><F1/><W37/><G37/><T12/><D12/><N who="1" m="7447" /><E27/><V28/><F28/><W97/><G90/><T36/><D36/><U45/><E2/><V127/><F127/><W80/><G80/><T87/><AGARI ba="0,0" hai="41,42,57,62,65,78,82,87,92,99,102" m="27975" machi="87" ten="30,1100,0" yaku="8,1" doraHai="69" who="0" fromWho="0" sc="234,11,298,-5,244,-3,224,-3" /><INIT seed="2,0,0,4,3,132" ten="245,293,241,221" oya="2" hai0="6,95,89,77,98,74,105,40,29,12,111,10,18" hai1="71,115,28,106,87,38,114,116,73,25,47,109,69" hai2="133,62,99,43,20,131,78,117,70,60,17,88,107" hai3="5,128,76,94,19,91,39,26,33,127,120,34,84"/><V130/><F117/><W50/><G120/><T0/><D111/><U1/><E87/><V32/><F32/><W14/><G39/><T68/><D68/><U35/><E109/><V85/><F70/><N who="1" m="26633" /><E116/><V112/><F43/><W125/><G128/><N who="2" m="49193" /><F133/><W4/><G50/><T126/><D105/><U52/><E106/><V123/><F123/><W46/><G46/><T49/><D29/><U3/><E52/><V51/><F51/><W93/><G76/><T100/><D40/><N who="1" m="22935" /><E73/><V134/><F134/><W104/><G104/><T101/><D49/><U21/><E21/><V56/><F78/><W86/><G33/><T83/><REACH who="0" step="1"/><D126/><REACH who="0" ten="235,293,241,221" step="2"/><N who="3" m="48137" /><G34/><T24/><D24/><U53/><E25/><N who="2" m="14479" /><F112/><W31/><G26/><T61/><D61/><U102/><E35/><V82/><F56/><W64/><G31/><T65/><D65/><U58/><E28/><V8/><F60/><W13/><G64/><T9/><AGARI ba="0,1" hai="0,6,9,10,12,18,74,77,83,89,95,98,100,101" machi="9" ten="20,5200,0" yaku="1,1,0,1,7,1,53,1" doraHai="132" doraHaiUra="79" who="0" fromWho="0" sc="235,62,293,-13,241,-26,221,-13" /><INIT seed="3,0,0,2,4,115" ten="297,280,215,208" oya="3" hai0="87,131,128,121,60,59,13,86,38,42,26,0,114" hai1="83,44,31,35,109,15,79,99,111,64,110,78,112" hai2="7,50,36,41,74,17,130,46,123,88,23,32,52" hai3="113,1,132,11,120,118,6,3,77,14,12,134,21"/><W108/><G113/><T40/><D114/><U72/><E112/><V49/><F74/><W122/><G77/><T66/><D121/><N who="3" m="46697" /><G108/><T53/><D0/><N who="3" m="73" /><G118/><T117/><D117/><U93/><E79/><V84/><F123/><W69/><G69/><N who="0" m="42183" /><D26/><N who="1" m="18935" /><E15/><N who="2" m="9663" /><F32/><W80/><G80/><T106/><D13/><U107/><E64/><V105/><F105/><W100/><G100/><T27/><D27/><U124/><E107/><V34/><F34/><W47/><G47/><N who="0" m="23959" /><D42/><U45/><E44/><V98/><F7/><W127/><G127/><T9/><D9/><U135/><E45/><N who="2" m="27695" /><F36/><W43/><G43/><T25/><D25/><U70/><E124/><V73/><F73/><W133/><G12/><T129/><D106/><U67/><E70/><V56/><F56/><W91/><G91/><T24/><D24/><U65/><E65/><V28/><F28/><W39/><G39/><T33/><D33/><U8/><E67/><V104/><F104/><W81/><G81/><T116/><D116/><U90/><E8/><V97/><F130/><W58/><G58/><T75/><D75/><U92/><E92/><AGARI ba="0,0" hai="41,46,50,84,88,92,97,98" m="27695,9663" machi="92" ten="30,3900,0" yaku="8,1,54,2" doraHai="115" who="2" fromWho="1" sc="297,0,280,-39,215,39,208,0" /><INIT seed="4,0,0,3,0,41" ten="297,241,254,208" oya="0" hai0="73,113,59,52,30,42,134,70,91,17,23,69,127" hai1="112,67,130,94,63,99,123,61,133,132,128,100,115" hai2="92,131,7,55,78,38,31,27,45,51,108,48,119" hai3="8,40,72,77,56,95,57,103,53,50,6,33,83"/><T14/><D73/><U16/><E123/><V37/><F108/><W87/><G33/><T80/><D42/><U71/><E63/><V44/><F131/><N who="1" m="50217" /><E16/><V102/><F7/><W0/><G40/><T98/><D113/><AGARI ba="0,0" hai="61,67,71,94,99,100,112,113,115,132,133" m="50217" machi="113" ten="30,3900,0" yaku="15,1,11,1,19,1" doraHai="41" who="1" fromWho="0" sc="297,-39,241,39,254,0,208,0" /><INIT seed="5,0,0,1,4,16" ten="258,280,254,208" oya="1" hai0="63,101,104,77,94,113,65,64,66,49,111,78,102" hai1="73,95,117,23,90,91,45,53,50,69,62,36,119" hai2="109,126,85,71,70,76,89,34,74,106,58,17,121" hai3="99,81,75,118,133,92,129,61,40,96,130,27,108"/><U28/><E73/><V20/><F106/><W72/><G40/><T5/><D111/><U33/><E33/><V2/><F2/><W0/><G0/><T86/><D104/><U128/><E36/><V51/><F121/><W52/><G108/><T127/><D5/><U13/><E128/><N who="3" m="49258" /><G133/><T57/><D127/><U29/><E69/><V114/><F34/><W12/><G118/><T30/><D49/><U56/><E91/><V122/><F122/><W131/><N who="3" m="49266" /><W98/><DORA hai="3" /><G92/><T14/><D14/><U88/><E90/><V135/><F135/><W59/><G81/><N who="0" m="47407" /><D78/><U115/><E115/><V83/><F109/><W124/><G124/><T46/><D46/><U11/><E119/><V48/><F114/><W26/><G12/><T93/><D113/><U55/><E117/><V24/><F126/><W19/><G26/><T67/><D30/><U21/><E29/><V107/><F107/><W103/><G103/><AGARI ba="0,0" hai="57,63,64,65,66,67,93,94,101,102,103" m="47407" machi="103" ten="30,1000,0" yaku="8,1" doraHai="16,3" who="0" fromWho="3" sc="258,10,280,0,254,0,208,-10" /><INIT seed="6,0,0,1,4,18" ten="268,280,254,198" oya="2" hai0="110,126,63,44,41,57,92,116,94,13,97,25,113" hai1="5,33,46,7,121,50,93,29,95,8,40,31,111" hai2="132,15,87,83,3,47,109,52,35,71,4,0,69" hai3="81,59,98,26,1,102,34,22,79,68,39,107,38"/><V124/><F35/><W14/><G68/><T45/><D110/><U10/><E121/><V17/><F109/><W127/><G127/><T135/><D126/><U128/><E128/><V6/><F124/><W66/><G1/><T118/><D135/><U56/><E111/><V28/><F28/><W19/><G34/><T53/><D13/><U16/><E56/><V119/><F119/><N who="0" m="45610" /><D113/><U75/><E75/><V72/><F72/><W101/><G101/><N who="0" m="60583" /><D41/><U37/><E37/><V86/><F0/><W122/><G122/><T106/><D106/><U134/><E40/><V85/><F3/><W108/><G108/><T43/><D43/><U82/><E5/><N who="2" m="2155" /><F71/><W84/><REACH who="3" step="1"/><G14/><REACH who="3" ten="268,280,254,188" step="2"/><T115/><D115/><U11/><E33/><V61/><F69/><W123/><G123/><T100/><D25/><U62/><E134/><V67/><F132/><W89/><G89/><T120/><D120/><U88/><E88/><N who="2" m="51263" /><F67/><W24/><G24/><T54/><D54/><U78/><E78/><V99/><F99/><AGARI ba="0,1" hai="44,45,53,57,63,94,99,100" m="60583,45610" machi="99" ten="30,1000,0" yaku="12,1" doraHai="18" who="0" fromWho="2" sc="268,20,280,0,254,-10,188,0" /><INIT seed="7,0,0,5,3,101" ten="288,280,244,188" oya="3" hai0="42,18,100,98,132,70,135,94,38,87,19,71,34" hai1="97,31,133,3,13,107,123,104,108,59,60,131,7" hai2="47,57,5,72,28,90,64,14,6,33,110,78,124" hai3="83,93,49,52,1,65,44,30,4,75,56,27,32"/><W92/><G1/><T115/><D115/><U122/><E108/><V8/><F110/><W46/><G4/><T36/><D34/><U80/><E3/><V102/><F124/><W23/><G32/><T79/><D79/><U109/><E109/><V82/><F33/><W89/><G75/><T15/><D87/><U99/><E31/><V21/><F28/><W45/><REACH who="3" step="1"/><G65/><REACH who="3" ten="288,280,244,178" step="2"/><T114/><D114/><U113/><E7/><V50/><F5/><W10/><G10/><T125/><D125/><U43/><E113/><V96/><F64/><W51/><G51/><T69/><D36/><U77/><E123/><V22/><F22/><W26/><G26/><T127/><D127/><U103/><E122/><V73/><F21/><W20/><G20/><T67/><D67/><U2/><E2/><V62/><F72/><W128/><G128/><T41/><D38/><U91/><E131/><V16/><F6/><W117/><G117/><T134/><D18/><U95/><E13/><V68/><F50/><W85/><AGARI ba="0,1" hai="23,27,30,44,45,46,49,52,56,83,85,89,92,93" machi="85" ten="30,18000,2" yaku="1,1,0,1,8,1,54,1,53,3" doraHai="101" doraHaiUra="40" who="3" fromWho="3" sc="288,-60,280,-60,244,-60,178,190" owari="228,2.8,220,-18.0,184,-31.6,368,46.8" /></mjloggm>