<mjloggm ver="2.3"><GO type="225" lobby="0"/><UN n0="%E7%B4%94%E6%BD%94%E3%83%94%E3%83%A9%E3%83%8B%E3%82%A2" n1="%E7%99%BD%E6%97%A5%E9%9B%AA%E8%8F%9C" n2="%E5%B8%86%E7%AB%8B%E5%A4%8F%E8%A1%A3" n3="%E3%81%BF%E3%81%BF%E3%81%9A" dan="16,16,16,16" rate="2116.40,2204.59,2128.48,2165.70" sx="M,M,M,M"/><TAIKYOKU oya="0"/><INIT seed="0,0,0,5,2,64" ten="250,250,250,250" oya="0" hai0="116,97,16,13,135,12,14,93,108,67,134,88,127" hai1="94,81,83,115,78,106,49,51,113,54,100,45,60" hai2="124,99,50,36,28,63,132,130,77,48,18,0,79" hai3="24,129,102,7,125,92,95,55,1,46,6,123,96"/><T76/><D116/><U131/><E106/><V5/><F5/><W58/><G125/><T89/><D127/><U20/><E131/><V15/><F15/><BYE who="2" /><W4/><G129/><T98/><D76/><U53/><E60/><V10/><F10/><W107/><G123/><T3/><D3/><U41/><E41/><V39/><F39/><W85/><G1/><T91/><D108/><U118/><E118/><V31/><F31/><W38/><G24/><T75/><D75/><U86/><E20/><V32/><F32/><W57/><G38/><T44/><D44/><U25/><E25/><V101/><F101/><W73/><G73/><T59/><D59/><U8/><E8/><V2/><F2/><W27/><G27/><T68/><D67/><U35/><E35/><V82/><F82/><W122/><G122/><T22/><D68/><U30/><E30/><V90/><F90/><N who="3" m="53327" /><G107/><T84/><D91/><U126/><E126/><V112/><F112/><N who="1" m="43081" /><E78/><V74/><F74/><W40/><G40/><T120/><D120/><U11/><E11/><V19/><F19/><W80/><G80/><N who="0" m="49159" /><D97/><N who="1" m="59447" /><E86/><V103/><F103/><W26/><G26/><N who="0" m="14663" /><D135/><U56/><AGARI ba="0,0" hai="45,49,51,53,54,56,81,83" m="59447,43081" machi="56" ten="30,1100,0" yaku="11,1" doraHai="64" who="1" fromWho="1" sc="250,-5,250,11,250,-3,250,-3" /><INIT seed="1,0,0,3,5,102" ten="245,261,247,247" oya="1" hai0="123,74,33,87,94,49,127,1,45,40,72,89,77" hai1="53,57,100,90,37,115,0,13,30,20,3,47,46" hai2="83,70,133,129,9,50,25,130,125,126,52,65,107" hai3="101,42,71,48,113,51,18,78,36,69,38,106,117"/><U109/><E115/><V64/><F64/><W84/><G18/><T31/><D1/><U21/><E100/><V59/><F59/><W23/><G101/><T119/><D119/><U41/><E47/><V96/><F96/><W134/><G23/><T93/><D127/><U124/><E124/><V73/><F73/><W116/><G84/><T111/><D111/><U75/><E75/><V86/><F86/><W97/><G97/><T16/><D123/><U35/><E109/><V108/><F108/><W62/><G78/><T61/><D93/><U6/><E35/><V98/><F98/><W66/><G106/><T12/><D77/><U79/><E79/><V122/><F122/><W105/><G105/><T14/><D14/><U67/><E67/><V63/><F63/><W7/><G7/><T28/><D28/><U8/><E90/><V22/><F22/><W104/><G104/><T99/><D87/><U131/><E131/><V114/><F114/><W60/><G113/><T132/><D61/><U121/><E121/><V82/><F82/><W19/><G19/><T68/><D68/><U26/><REACH who="1" step="1"/><E21/><REACH who="1" ten="245,251,247,247" step="2"/><V32/><F32/><W11/><G66/><T120/><D72/><U58/><E58/><V4/><F4/><W54/><G54/><T112/><D74/><U2/><E2/><V27/><F27/><W29/><G42/><T118/><D112/><U88/><E88/><V44/><F44/><W80/><G69/><T56/><D120/><U34/><E34/><V92/><F92/><W24/><G71/><T15/><D33/><U95/><E95/><V103/><F103/><RYUUKYOKU ba="0,1" sc="245,-10,251,30,247,-10,247,-10" hai1="0,3,6,8,13,20,26,30,37,41,46,53,57" /><INIT seed="1,1,1,0,3,129" ten="235,281,237,237" oya="1" hai0="6,120,37,123,62,94,23,98,83,42,33,63,67" hai1="127,115,121,46,53,80,13,133,12,19,21,119,96" hai2="40,93,16,101,84,36,110,91,92,9,106,1,38" hai3="99,134,95,61,109,68,48,47,29,34,88,45,74"/><U20/><E119/><V0/><F0/><W70/><G74/><T111/><D33/><U8/><E121/><N who="0" m="46665" /><D111/><U49/><E115/><V114/><F114/><W131/><G109/><T122/><N who="0" m="46673" /><T124/><DORA hai="97" /><D124/><U118/><E118/><V52/><F52/><W24/><G131/><T76/><D6/><U58/><E127/><V100/><F100/><W71/><G134/><T39/><D23/><U130/><E130/><V105/><F105/><W51/><REACH who="3" step="1"/><G61/><REACH who="3" ten="235,281,237,227" step="2"/><T64/><D62/><U22/><E133/><V50/><F50/><AGARI ba="1,2" hai="24,29,34,45,47,48,50,51,68,70,71,88,95,99" machi="50" ten="40,8000,1" yaku="1,1,2,1,54,1,53,1" doraHai="129,97" doraHaiUra="75,27" who="3" fromWho="2" sc="235,0,281,0,237,-83,227,103" /><INIT seed="2,0,0,0,3,56" ten="235,281,154,330" oya="2" hai0="106,73,131,75,0,11,99,17,15,41,72,94,53" hai1="39,129,45,78,32,16,126,103,67,88,24,6,122" hai2="132,104,9,26,134,38,128,18,127,43,20,66,95" hai3="111,23,85,10,117,96,114,80,49,51,123,5,100"/><V3/><F3/><W101/><G117/><T119/><D119/><U69/><E129/><V81/><F81/><W19/><G123/><T130/><D106/><U40/><E122/><V135/><F135/><W109/><G114/><T14/><D0/><U47/><E78/><V68/><F68/><W12/><G109/><T28/><D41/><U92/><E103/><N who="3" m="39498" /><G96/><T31/><D53/><U21/><E126/><V77/><F77/><N who="3" m="46223" /><G111/><T4/><D94/><U22/><E6/><V133/><F133/><W120/><G120/><T44/><D44/><U25/><E32/><V55/><F55/><W102/><N who="3" m="39506" /><W33/><DORA hai="125" /><G33/><T74/><N who="0" m="18432" /><DORA hai="83" /><T65/><D65/><U62/><E47/><V93/><F93/><W35/><G35/><T110/><D99/><U107/><E107/><V29/><F29/><W87/><G87/><T42/><D42/><U116/><E116/><V27/><F27/><AGARI ba="0,0" hai="5,10,12,19,23,27,49,51" m="46223,39506" machi="27" ten="30,2000,0" yaku="8,1,52,1" doraHai="56,125,83" who="3" fromWho="2" sc="235,0,281,0,154,-20,330,20" /><INIT seed="3,0,0,4,5,73" ten="235,281,134,350" oya="3" hai0="88,11,38,8,29,15,24,80,105,118,6,75,23" hai1="124,30,10,122,68,3,102,31,4,63,54,14,2" hai2="134,28,77,78,58,93,94,59,100,41,70,125,36" hai3="7,115,87,120,95,16,96,67,5,42,130,12,53"/><W117/><G115/><T62/><D118/><U107/><E122/><V57/><F57/><W39/><G120/><T50/><D38/><U48/><E124/><V111/><F111/><W126/><G67/><T33/><D105/><U119/><E119/><V22/><F22/><W9/><G117/><T103/><D103/><U40/><E40/><V127/><F127/><W114/><G114/><T17/><D62/><U49/><E49/><V0/><F0/><W79/><G42/><T104/><D104/><U99/><E3/><V82/><F82/><N who="3" m="47583" /><G39/><T13/><D50/><U37/><E37/><V52/><F52/><W61/><G130/><T98/><D75/><U71/><E2/><V89/><F89/><N who="3" m="55407" /><G126/><T113/><D113/><U47/><REACH who="1" step="1"/><E63/><REACH who="1" ten="235,271,134,350" step="2"/><V74/><F74/><W60/><G61/><T121/><D121/><U81/><E81/><V110/><F110/><W106/><G106/><T1/><D80/><U131/><E131/><V55/><F55/><W123/><G123/><T72/><D72/><U44/><E44/><V76/><F76/><W85/><G60/><T97/><REACH who="0" step="1"/><D88/><REACH who="0" ten="225,271,134,350" step="2"/><U135/><E135/><V19/><F19/><AGARI ba="0,2" hai="1,6,8,11,13,15,17,19,23,24,29,33,97,98" machi="19" ten="30,12000,2" yaku="1,1,2,1,7,1,24,2,53,1" doraHai="73" doraHaiUra="35" who="0" fromWho="2" sc="225,140,271,0,134,-120,350,0" owari="365,46.5,271,-12.9,14,-48.6,350,15.0" /></mjloggm>