<mjloggm ver="2.3"><GO type="225" lobby="0"/><UN n0="%E3%81%86%E3%81%A9%E3%82%93%E3%81%93" n1="%E3%81%B5%E3%81%98%E3%81%8B%E3%81%A4" n2="%28%EF%BF%A3%E2%96%BD%EF%BF%A3%29%CE%B4%E2%8C%92%E3%83%BB" n3="%E6%9D%B1%E9%A2%A8%E3%81%AE%E3%81%8D%E3%82%83%E3%81%B7%E3%81%95%E3%82%93" dan="16,16,16,17" rate="2123.26,2159.36,2092.70,2158.96" sx="M,M,M,M"/><TAIKYOKU oya="0"/><INIT seed="0,0,0,5,1,86" ten="250,250,250,250" oya="0" hai0="1,41,76,78,7,105,59,46,27,4,51,20,97" hai1="70,26,63,108,128,33,134,82,55,43,123,112,120" hai2="65,110,24,124,13,54,75,50,118,28,23,44,90" hai3="133,68,93,96,66,48,79,69,73,42,130,111,21"/><T14/><D1/><U92/><E43/><V84/><F75/><W129/><G21/><T37/><D105/><U58/><E82/><V0/><F0/><W91/><G79/><T98/><D37/><U62/><E92/><V53/><F110/><W61/><G73/><T125/><D125/><U6/><E26/><V77/><F77/><N who="0" m="29802" /><D59/><N who="1" m="35199" /><E6/><N who="0" m="2089" /><D14/><U45/><E33/><V5/><F124/><W22/><G111/><T49/><D51/><U94/><E94/><N who="2" m="54599" /><F65/><W116/><G116/><T47/><D46/><U99/><E99/><V36/><F36/><W109/><G109/><T85/><D85/><U57/><E108/><V102/><F118/><W8/><G8/><T83/><D83/><U103/><E103/><V32/><F102/><W95/><G95/><T10/><D10/><U121/><E45/><V71/><F32/><W64/><G22/><T16/><AGARI ba="0,0" hai="16,20,27,41,47,49,97,98" m="2089,29802" machi="16" ten="30,3000,0" yaku="8,1,54,1" doraHai="86" who="0" fromWho="0" sc="250,30,250,-10,250,-10,250,-10" /><INIT seed="0,1,0,1,2,13" ten="280,240,240,240" oya="0" hai0="46,4,113,129,44,73,42,103,67,80,32,128,59" hai1="134,49,10,1,119,14,81,58,116,90,27,56,106" hai2="74,6,25,115,48,23,8,36,69,64,29,96,130" hai3="52,18,12,97,51,57,120,78,2,33,121,41,109"/><T123/><D123/><N who="3" m="47177" /><G2/><T105/><D113/><U9/><E134/><V54/><F36/><W47/><G33/><T22/><D32/><U20/><E106/><V50/><F74/><W131/><G78/><T40/><D4/><U93/><E81/><V72/><F72/><W79/><G79/><T7/><D7/><U43/><E1/><V107/><F115/><W3/><G3/><T91/><D73/><U83/><E83/><V102/><F130/><N who="0" m="50282" /><D103/><U127/><E127/><V63/><REACH who="2" step="1"/><F54/><REACH who="2" ten="280,240,230,240" step="2"/><W114/><G131/><T118/><D118/><U135/><E135/><V99/><F99/><W62/><G97/><T15/><D42/><U126/><E119/><V88/><F88/><W11/><G114/><T45/><D40/><U87/><E116/><V68/><F68/><W75/><G75/><T5/><D45/><N who="1" m="25791" /><E126/><V101/><F101/><W89/><G89/><T122/><D46/><U133/><E133/><V26/><F26/><W100/><G100/><T95/><D44/><U70/><E70/><V24/><F24/><W66/><G41/><T124/><D124/><U16/><E9/><V132/><F132/><W61/><G61/><T0/><D122/><U55/><E55/><V71/><F71/><W104/><G104/><T86/><D105/><U111/><E111/><AGARI ba="1,1" hai="11,12,18,47,51,52,57,62,66,109,111" m="47177" machi="111" ten="30,3900,0" yaku="13,1,52,1,54,1" doraHai="13" who="3" fromWho="1" sc="280,0,240,-42,230,0,240,52" /><INIT seed="1,0,0,4,1,103" ten="280,198,230,292" oya="1" hai0="52,36,90,114,122,89,3,44,101,53,51,21,15" hai1="133,69,127,60,26,12,105,116,7,128,62,2,48" hai2="87,11,16,125,1,20,43,132,104,18,117,59,28" hai3="77,49,58,121,111,85,92,109,86,25,131,99,14"/><U79/><E116/><V63/><F117/><W97/><G121/><T39/><D3/><U123/><E123/><V55/><F125/><W46/><G131/><T83/><D114/><U56/><E127/><V107/><F132/><W40/><G99/><T4/><D122/><U124/><E133/><V19/><F43/><W102/><G77/><T106/><D53/><U37/><E2/><V41/><F41/><W30/><G14/><T29/><D29/><U96/><E37/><V31/><F87/><W119/><G58/><T8/><D21/><U9/><E124/><V91/><F91/><W88/><G119/><T22/><D22/><U126/><E126/><V45/><F45/><W78/><G78/><T66/><D66/><U113/><E113/><V84/><F84/><W134/><G134/><T81/><D89/><U54/><E128/><V17/><F31/><W33/><REACH who="3" step="1"/><G85/><REACH who="3" ten="280,198,230,282" step="2"/><T38/><REACH who="0" step="1"/><D90/><REACH who="0" ten="270,198,230,282" step="2"/><U70/><E79/><V94/><F28/><W5/><G5/><T108/><D108/><U27/><E27/><V0/><F0/><W93/><AGARI ba="0,2" hai="25,30,33,40,46,49,86,88,92,93,97,102,109,111" machi="93" ten="30,4000,0" yaku="1,1,0,1,54,1,53,0" doraHai="103" doraHaiUra="71" who="3" fromWho="3" sc="270,-10,198,-20,230,-10,282,60" /><INIT seed="2,0,0,5,4,106" ten="260,178,220,342" oya="2" hai0="127,125,124,71,98,60,62,41,55,65,130,37,64" hai1="24,105,121,44,116,16,115,30,29,19,45,38,135" hai2="51,88,4,103,92,3,27,81,89,18,57,79,1" hai3="96,109,8,77,70,113,54,9,13,46,42,94,52"/><V20/><F103/><W117/><G70/><T122/><D98/><U47/><E116/><V10/><F1/><W31/><G117/><T6/><D6/><U28/><E115/><V119/><F119/><W78/><G113/><T59/><D122/><U133/><E105/><V76/><F76/><W2/><G109/><T7/><D7/><U58/><E38/><V32/><F92/><W34/><G2/><T5/><D5/><U15/><E58/><V33/><F33/><W131/><G131/><T123/><D123/><U132/><E121/><V102/><F102/><W107/><G107/><T48/><D130/><U93/><E93/><V68/><F68/><W67/><G67/><T40/><D37/><U69/><E69/><V39/><F39/><W66/><G66/><T73/><D73/><U25/><REACH who="1" step="1"/><E15/><REACH who="1" ten="260,168,220,342" step="2"/><N who="2" m="9311" /><F57/><AGARI ba="0,1" hai="40,41,48,55,57,59,60,62,64,65,71,124,125,127" machi="57" ten="40,8000,1" yaku="18,1,34,3" doraHai="106" who="0" fromWho="2" sc="260,90,168,0,220,-80,342,0" /><INIT seed="3,0,0,3,3,127" ten="350,168,140,342" oya="3" hai0="57,105,1,126,68,58,118,49,103,33,10,14,7" hai1="108,15,29,42,73,130,116,35,46,128,61,123,82" hai2="51,102,106,22,98,31,85,34,18,121,64,20,59" hai3="47,113,37,52,9,72,77,92,94,75,111,65,89"/><W134/><G113/><T93/><D105/><U80/><E123/><V12/><F121/><W24/><G65/><T54/><D68/><U45/><E116/><V74/><F74/><W120/><G120/><T39/><D118/><U70/><E108/><V91/><F34/><W99/><G111/><T109/><D39/><N who="1" m="21727" /><E15/><V62/><F51/><W129/><G37/><T69/><D69/><U0/><E46/><V87/><F31/><W122/><G122/><T27/><D126/><U16/><E16/><V25/><F87/><W55/><G9/><T110/><D33/><U23/><E23/><V83/><REACH who="2" step="1"/><F25/><REACH who="2" ten="350,168,130,342" step="2"/><W79/><G24/><T56/><D27/><N who="1" m="18879" /><E0/><V44/><F44/><W67/><G47/><T60/><D1/><U53/><E73/><V86/><F86/><W107/><G72/><T114/><D110/><U95/><E70/><V119/><F119/><W81/><G75/><T8/><D109/><U32/><E32/><V78/><F78/><W6/><G77/><T132/><D49/><U5/><E61/><V104/><F104/><W4/><G79/><T125/><D60/><U101/><E53/><V28/><F28/><W133/><G107/><T11/><D54/><N who="3" m="20521" /><G67/><T38/><D125/><U2/><E2/><V63/><F63/><W17/><G134/><T112/><D132/><U115/><E115/><N who="0" m="44073" /><D38/><U36/><E36/><V13/><F13/><W71/><G133/><T100/><D14/><U135/><E135/><V84/><F84/><W30/><G30/><T43/><D57/><U50/><E50/><V21/><AGARI ba="0,1" hai="12,18,20,21,22,59,62,64,83,85,91,98,102,106" machi="21" ten="20,2700,0" yaku="1,1,0,1,7,1,53,0" doraHai="127" doraHaiUra="90" who="2" fromWho="2" sc="350,-7,168,-7,130,37,342,-13" owari="343,44.3,161,-33.9,167,-23.3,329,12.9" /></mjloggm>