<mjloggm ver="2.3"><GO type="225" lobby="0"/><UN n0="%72%69%6F%75%63%68%61%6E" n1="%E6%A1%9C%E8%8A%B1%E9%96%83%E3%80%85" n2="%54%4F%52" n3="%E9%BB%92%E9%89%84%E7%8F%A0%E9%9B%AB" dan="17,18,17,16" rate="2218.40,2293.54,2257.33,2172.33" sx="M,M,M,M"/><TAIKYOKU oya="0"/><INIT seed="0,0,0,5,5,65" ten="250,250,250,250" oya="0" hai0="6,8,86,42,102,74,69,123,61,108,66,80,24" hai1="57,91,11,109,132,38,118,1,64,75,81,79,22" hai2="131,115,68,16,31,50,97,117,18,95,93,83,20" hai3="88,133,120,124,46,33,99,49,4,116,125,32,23"/><T77/><D123/><U54/><E118/><V5/><F115/><W60/><G116/><T2/><D108/><U19/><E109/><V39/><F39/><W28/><G133/><T53/><D102/><U85/><E38/><V67/><F117/><W48/><G4/><T106/><D106/><U58/><E132/><V70/><F131/><W104/><G104/><T130/><D130/><U15/><E64/><V36/><F36/><W17/><G120/><T27/><D42/><U134/><E134/><V7/><F31/><W13/><G60/><T59/><REACH who="0" step="1"/><D74/><REACH who="0" ten="240,250,250,250" step="2"/><U40/><E40/><V78/><F95/><W63/><G124/><T100/><D100/><U44/><E75/><V3/><F93/><W41/><G125/><T135/><D135/><U129/><E129/><V76/><F97/><W96/><G96/><T94/><D94/><U119/><E119/><V110/><F110/><W29/><G99/><T47/><D47/><U128/><E44/><V56/><F83/><W51/><G46/><T0/><D0/><U25/><E1/><V111/><F3/><W90/><G41/><T103/><D103/><U52/><E128/><V35/><F111/><W92/><G92/><T9/><D9/><U73/><E73/><V62/><F7/><W107/><G107/><T55/><D55/><N who="1" m="21035" /><E91/><V21/><F5/><AGARI ba="0,1" hai="5,11,15,19,22,25,57,58,79,81,85" m="21035" machi="5" ten="30,2000,0" yaku="8,1,54,1" doraHai="65" who="1" fromWho="2" sc="240,0,250,30,250,-20,250,0" /><INIT seed="1,0,0,4,4,24" ten="240,280,230,250" oya="1" hai0="56,123,15,53,94,66,78,105,68,0,103,126,121" hai1="1,9,95,57,114,10,99,54,91,127,52,69,131" hai2="112,67,111,48,44,90,6,27,35,119,72,38,45" hai3="117,43,113,125,40,60,77,84,106,26,32,30,108"/><U130/><E114/><V86/><F112/><W128/><G113/><T71/><D0/><U61/><E127/><V59/><F119/><W132/><G106/><T124/><D105/><U98/><E69/><N who="0" m="26697" /><D78/><U129/><E1/><V2/><F72/><W8/><G108/><T122/><D15/><U7/><E7/><V23/><F111/><W102/><G102/><T29/><D66/><U87/><REACH who="1" step="1"/><E54/><REACH who="1" ten="240,270,230,250" step="2"/><V39/><F6/><W21/><G125/><T63/><D29/><U25/><E25/><V49/><F2/><W58/><G26/><T41/><D41/><U42/><E42/><V88/><F35/><W92/><G43/><T80/><D126/><U85/><E85/><V47/><F86/><W135/><G40/><T55/><D124/><U81/><E81/><V4/><F4/><W109/><G32/><T19/><D80/><U107/><E107/><V120/><F39/><W100/><G84/><T83/><D83/><U82/><E82/><V115/><F38/><W33/><G33/><T134/><D19/><U96/><AGARI ba="0,1" hai="9,10,52,57,61,87,91,95,96,98,99,129,130,131" machi="96" ten="40,12000,1" yaku="1,1,0,1,19,1,54,1,53,0" doraHai="24" doraHaiUra="104" who="1" fromWho="1" sc="240,-40,270,130,230,-40,250,-40" /><INIT seed="1,1,0,0,3,102" ten="200,400,190,210" oya="1" hai0="57,93,8,94,117,134,31,124,129,34,19,65,60" hai1="76,78,135,43,53,126,66,133,103,132,128,7,113" hai2="3,45,75,68,49,44,73,30,88,101,91,62,58" hai3="87,33,121,100,54,41,85,116,37,1,9,108,90"/><U50/><E113/><V80/><F3/><W10/><G121/><T63/><D124/><U95/><E126/><V84/><F68/><W12/><G33/><T107/><D129/><U23/><E128/><V59/><F30/><W48/><G1/><T35/><D134/><U40/><E66/><V119/><F119/><W25/><G25/><T61/><D117/><U98/><E7/><V77/><F101/><W11/><G108/><T105/><D65/><U64/><E64/><N who="2" m="38999" /><F75/><W111/><G111/><T127/><D127/><U27/><E43/><N who="2" m="24735" /><F73/><W47/><G116/><T72/><D72/><U70/><E40/><V74/><F74/><W56/><G100/><T125/><D125/><U86/><E86/><V123/><F123/><W21/><G21/><T115/><D57/><N who="1" m="32951" /><E70/><V131/><F131/><W67/><G67/><T82/><D115/><U106/><E95/><N who="0" m="36361" /><D31/><AGARI ba="1,0" hai="23,27,31,76,78,98,103,106,132,133,135" m="32951" machi="31" ten="30,2900,0" yaku="20,1,52,1" doraHai="102" who="1" fromWho="0" sc="200,-32,400,32,190,0,210,0" /><INIT seed="1,2,0,5,4,21" ten="168,432,190,210" oya="1" hai0="59,131,58,133,37,80,82,28,35,88,106,110,83" hai1="30,44,31,5,103,9,81,29,79,36,114,19,130" hai2="96,47,3,89,1,122,127,2,121,12,42,41,33" hai3="60,22,90,86,54,64,98,102,45,71,120,132,4"/><U65/><E114/><V23/><F33/><W62/><G120/><T93/><D106/><U43/><E130/><V10/><F127/><W48/><G132/><T25/><D110/><U109/><E109/><V16/><F41/><W15/><G60/><T105/><D105/><U100/><E19/><V94/><REACH who="2" step="1"/><F23/><REACH who="2" ten="168,432,180,210" step="2"/><W0/><G22/><T99/><D131/><U77/><E65/><V72/><F72/><W8/><G0/><T51/><D133/><U26/><E26/><V69/><F69/><W13/><G8/><T119/><D119/><U27/><E27/><V117/><F117/><W123/><G123/><T55/><REACH who="0" step="1"/><D37/><AGARI ba="2,1" hai="1,2,3,10,12,16,37,42,47,89,94,96,121,122" machi="37" ten="40,2600,0" yaku="1,1,54,1,53,0" doraHai="21" doraHaiUra="129" who="2" fromWho="0" sc="168,-32,432,0,180,42,210,0" /><INIT seed="2,0,0,2,1,52" ten="136,432,222,210" oya="2" hai0="115,89,91,77,4,128,51,111,132,133,74,23,105" hai1="85,60,124,92,82,113,46,15,100,78,121,42,134" hai2="122,29,27,107,53,55,64,106,135,35,101,68,114" hai3="97,103,47,79,98,12,73,109,125,3,119,130,131"/><V26/><F114/><W31/><G3/><T24/><D115/><U86/><E113/><V108/><F122/><W38/><G119/><T19/><D111/><U37/><E121/><V43/><F135/><W66/><G109/><T126/><D126/><U83/><E124/><V57/><F108/><W80/><G125/><T69/><D128/><U21/><E134/><N who="0" m="51817" /><D105/><U117/><E117/><V94/><F43/><W16/><G31/><T110/><D69/><U34/><E34/><V48/><F26/><W28/><G28/><T71/><D71/><U59/><E92/><V120/><F120/><W96/><G66/><T62/><D110/><U84/><E100/><V6/><F6/><W9/><REACH who="3" step="1"/><G103/><REACH who="3" ten="136,432,222,200" step="2"/><T118/><D118/><U33/><E33/><V40/><F64/><W93/><G93/><T99/><D4/><U13/><E83/><V25/><F94/><W112/><G112/><T123/><D123/><U67/><REACH who="1" step="1"/><E21/><REACH who="1" ten="136,422,222,200" step="2"/><V17/><F107/><W2/><G2/><T8/><D23/><U54/><E54/><V70/><F55/><W102/><G102/><T1/><D1/><U39/><E39/><V18/><F101/><W41/><AGARI ba="0,2" hai="9,12,16,38,41,47,73,79,80,96,97,98,130,131" machi="41" ten="30,8000,1" yaku="1,1,0,1,54,1,53,2" doraHai="52" doraHaiUra="127" who="3" fromWho="3" sc="136,-20,422,-20,222,-40,200,100" /><INIT seed="3,0,0,5,0,101" ten="116,402,182,300" oya="3" hai0="38,86,84,63,6,68,113,120,89,26,70,115,75" hai1="135,112,62,43,95,32,58,105,59,98,93,65,4" hai2="8,99,50,21,20,131,102,33,111,133,121,10,46" hai3="79,128,3,110,78,92,83,87,47,103,125,18,56"/><W91/><G3/><T0/><D120/><U132/><E112/><V106/><F33/><W57/><G128/><T119/><D119/><U94/><E32/><V69/><F69/><W17/><G125/><T71/><D75/><U97/><E4/><V104/><F131/><W53/><G47/><T30/><D38/><U72/><E72/><V123/><F111/><W108/><G103/><T2/><D63/><U11/><E11/><V96/><F102/><W82/><G82/><T42/><D42/><U81/><E81/><V100/><F100/><W23/><G79/><T61/><D61/><N who="1" m="38071" /><E43/><V9/><F133/><N who="1" m="51273" /><E105/><V24/><F24/><W31/><G31/><T40/><D40/><U80/><E80/><V27/><F27/><N who="3" m="14831" /><G18/><T66/><D6/><U44/><E44/><V107/><F50/><W55/><G57/><T85/><D66/><AGARI ba="0,0" hai="59,62,66,93,94,95,97,98" m="51273,38071" machi="66" ten="30,1000,0" yaku="20,1" doraHai="101" who="1" fromWho="0" sc="116,-10,402,10,182,0,300,0" owari="106,-39.4,412,51.2,182,-21.8,300,10.0" /></mjloggm>