<mjloggm ver="2.3"><GO type="225" lobby="0"/><UN n0="%61%6D%65%6B%69" n1="%E3%82%AF%E3%82%A3%E3%82%A6" n2="%74%61%6B%75%61%6B%61" n3="%43%68%65" dan="16,16,16,16" rate="2076.17,2108.18,2149.89,2136.82" sx="M,M,M,M"/><TAIKYOKU oya="0"/><INIT seed="0,0,0,5,1,42" ten="250,250,250,250" oya="0" hai0="85,130,39,23,114,5,48,95,61,33,59,6,131" hai1="106,90,70,50,55,74,110,53,91,81,62,80,76" hai2="128,12,45,26,64,101,96,20,66,92,8,31,41" hai3="111,52,132,38,22,119,126,73,115,43,87,14,25"/><T103/><D39/><U56/><E106/><V124/><F124/><W89/><G73/><T17/><D33/><U7/><E110/><V47/><F128/><N who="0" m="49194" /><D114/><U94/><E7/><V100/><F100/><W82/><G115/><T133/><D133/><U69/><E81/><V78/><F78/><W129/><G129/><T19/><D48/><U99/><REACH who="1" step="1"/><E91/><REACH who="1" ten="250,240,250,250" step="2"/><V112/><F112/><W54/><G111/><T16/><D6/><U2/><E2/><V24/><F24/><W109/><G109/><T86/><D5/><U125/><E125/><V79/><F79/><W120/><G126/><T107/><D107/><U46/><AGARI ba="0,1" hai="46,50,53,55,56,62,69,70,74,76,80,90,94,99" machi="46" ten="20,8000,1" yaku="1,1,0,1,7,1,52,1,53,1" doraHai="42" doraHaiUra="93" who="1" fromWho="1" sc="250,-40,240,90,250,-20,250,-20" /><INIT seed="1,0,0,0,3,112" ten="210,330,230,230" oya="1" hai0="16,85,71,107,118,119,10,58,29,75,132,37,124" hai1="12,28,73,72,131,134,95,14,9,48,49,97,42" hai2="130,2,80,94,34,88,128,125,116,4,81,55,27" hai3="35,79,135,89,67,90,64,50,23,11,53,120,17"/><U126/><E126/><V87/><F125/><W47/><G120/><T15/><D71/><U86/><E131/><N who="2" m="50219" /><F116/><W65/><G35/><T77/><D75/><U59/><E134/><V31/><F55/><W96/><G135/><T83/><D124/><U93/><E28/><V7/><F2/><W68/><G68/><T38/><D132/><U84/><E59/><V70/><F70/><W103/><G11/><T5/><D107/><U62/><E62/><V122/><F122/><W61/><G79/><T57/><D29/><U26/><E26/><V98/><F80/><W44/><G44/><T56/><REACH who="0" step="1"/><D5/><REACH who="0" ten="200,330,230,230" step="2"/><U111/><E111/><V0/><F0/><W46/><G46/><T45/><D45/><U108/><E108/><V78/><AGARI ba="0,1" hai="4,7,27,31,34,78,81,87,88,94,98" m="50219" machi="78" ten="30,2000,0" yaku="19,1,54,1" doraHai="112" who="2" fromWho="2" sc="200,-5,330,-10,230,30,230,-5" /><INIT seed="2,0,0,3,5,131" ten="195,320,260,225" oya="2" hai0="49,110,96,19,68,111,26,36,98,114,101,89,115" hai1="64,9,109,4,10,106,11,118,47,5,35,120,31" hai2="123,91,27,28,7,53,3,55,54,100,105,85,61" hai3="121,90,87,56,20,127,112,62,81,2,0,34,117"/><V76/><F123/><W58/><G117/><T29/><D68/><U78/><E106/><V15/><F3/><W74/><G34/><T71/><D71/><U63/><E118/><V135/><F76/><W40/><G121/><T12/><D36/><U52/><E120/><V130/><F130/><W23/><G127/><T92/><D49/><N who="1" m="28735" /><E35/><V37/><F37/><W65/><G112/><T48/><D48/><U84/><E109/><V102/><F105/><W21/><G74/><T38/><D38/><U42/><E42/><V51/><F61/><W104/><G104/><T95/><D26/><U33/><E33/><V97/><F97/><W82/><G40/><T103/><D29/><U119/><E119/><V66/><F66/><W67/><G82/><T77/><D77/><U43/><E43/><V122/><F122/><W113/><G113/><N who="0" m="43019" /><D19/><U17/><E17/><V107/><F51/><W13/><G13/><T83/><D12/><U32/><E31/><V88/><F107/><W46/><G46/><T25/><D25/><U79/><E32/><V133/><F27/><W41/><G41/><T80/><D103/><N who="2" m="39466" /><F28/><W8/><G8/><T18/><D18/><U72/><E72/><V93/><F91/><W69/><G69/><T1/><D1/><U16/><E16/><V50/><F50/><W134/><G2/><T94/><D94/><U45/><E45/><V75/><F75/><W59/><G0/><T124/><D124/><U99/><E99/><V132/><F15/><W44/><G44/><T22/><D22/><U108/><E108/><AGARI ba="0,0" hai="80,83,89,92,95,96,98,101,108,110,111" m="43019" machi="108" ten="30,3900,0" yaku="14,1,34,2" doraHai="131" who="0" fromWho="1" sc="195,39,320,-39,260,0,225,0" /><INIT seed="3,0,0,1,0,127" ten="234,281,260,225" oya="3" hai0="8,72,128,49,110,15,71,132,21,107,56,126,88" hai1="23,55,5,1,68,94,31,91,86,35,27,64,34" hai2="12,77,125,18,57,38,78,24,108,32,106,116,6" hai3="30,85,75,59,10,102,25,3,76,117,130,82,96"/><W133/><G117/><T7/><D72/><U81/><E55/><V104/><F116/><W115/><G115/><T42/><D71/><U123/><E123/><V43/><F108/><W120/><G120/><T95/><D107/><U33/><E1/><V53/><F125/><W60/><G133/><T67/><D126/><U26/><E5/><V131/><F104/><W29/><G130/><T113/><D110/><U101/><E101/><V84/><F106/><W62/><G75/><T47/><D132/><U90/><E68/><V13/><F43/><W48/><G48/><T92/><D113/><U50/><E50/><V14/><F38/><W118/><G118/><T98/><D95/><U119/><E64/><V112/><F6/><W41/><G41/><T80/><D80/><U17/><E119/><V105/><F105/><W114/><G114/><T39/><D128/><U61/><REACH who="1" step="1"/><E61/><REACH who="1" ten="234,271,260,225" step="2"/><V52/><F53/><N who="3" m="33903" /><G62/><T40/><D40/><U19/><E19/><V103/><F18/><W9/><G3/><T37/><D67/><U87/><AGARI ba="0,1" hai="17,23,26,27,31,33,34,35,81,86,87,90,91,94" machi="87" ten="20,8000,1" yaku="1,1,0,1,7,1,53,2" doraHai="127" doraHaiUra="83" who="1" fromWho="1" sc="234,-20,271,90,260,-20,225,-40" owari="214,-18.6,361,46.1,240,4.0,185,-31.5" /></mjloggm>