<mjloggm ver="2.3"><GO type="225" lobby="0"/><UN n0="%E3%81%B5%E3%81%98%E3%81%8B%E3%81%A4" n1="%E5%86%B7%E5%87%8D%E3%82%AE%E3%83%A7%E3%83%BC%E3%82%B6" n2="%E3%80%93%E3%81%97%E3%83%BC%E3%82%89%E3%80%93" n3="%E3%81%BF%E3%81%BF%E3%81%9A" dan="16,17,16,17" rate="2186.95,2193.55,2081.19,2248.99" sx="M,M,M,M"/><TAIKYOKU oya="0"/><INIT seed="0,0,0,1,4,35" ten="250,250,250,250" oya="0" hai0="116,103,44,8,34,120,72,128,15,47,30,69,74" hai1="82,42,61,118,90,126,84,56,115,62,134,93,37" hai2="66,31,131,11,48,91,51,130,113,125,119,71,46" hai3="114,102,122,127,96,124,5,29,53,43,105,33,23"/><T59/><D120/><U99/><E118/><V68/><F31/><W60/><G114/><T16/><D116/><U95/><E126/><N who="3" m="48170" /><G122/><T104/><D69/><N who="2" m="26698" /><F91/><W121/><G121/><T106/><D128/><N who="2" m="49194" /><F11/><W21/><G43/><T100/><D59/><U135/><E115/><V38/><F119/><W110/><G110/><T45/><D30/><U2/><E2/><V28/><F28/><W81/><G81/><T75/><REACH who="0" step="1"/><D34/><REACH who="0" ten="240,250,250,250" step="2"/><U7/><E134/><V10/><F125/><W80/><G29/><T111/><D111/><U40/><E135/><V14/><F113/><W52/><G33/><T13/><D13/><U18/><E37/><V55/><F38/><W87/><G60/><T98/><D98/><U3/><E62/><V101/><F14/><W109/><G109/><T49/><D49/><U89/><E61/><V1/><F51/><W107/><G107/><AGARI ba="0,1" hai="8,15,16,44,45,47,72,74,75,100,103,104,106,107" machi="107" ten="50,9600,0" yaku="1,1,54,1,53,1" doraHai="35" doraHaiUra="6" who="0" fromWho="3" sc="240,106,250,0,250,0,250,-96" /><INIT seed="0,1,0,3,5,104" ten="346,250,250,154" oya="0" hai0="74,79,70,78,20,97,24,130,123,15,127,115,36" hai1="87,77,2,31,38,118,57,113,9,86,0,96,8" hai2="91,101,71,30,50,93,75,76,133,28,40,61,55" hai3="132,52,131,18,5,73,116,63,124,128,135,35,46"/><T54/><D123/><U7/><E118/><V102/><F133/><N who="3" m="51275" /><G35/><T90/><D115/><U58/><E38/><V34/><F40/><W122/><G5/><T64/><D36/><U105/><E113/><V25/><F30/><W47/><G18/><T119/><D127/><U48/><E31/><V92/><F92/><W72/><G116/><T109/><D119/><U89/><E77/><V49/><F49/><W39/><G122/><T88/><D15/><U67/><E67/><V66/><F76/><W80/><G80/><T95/><D54/><U69/><E69/><V117/><F75/><N who="3" m="28747" /><G124/><T59/><D20/><U32/><E32/><V14/><F14/><W29/><G29/><T3/><D24/><U85/><E7/><V106/><F117/><W99/><G99/><T6/><D97/><U107/><E96/><V45/><F106/><W1/><G1/><T21/><D3/><U134/><E134/><V17/><F17/><W81/><G81/><T121/><D21/><U26/><E87/><AGARI ba="1,0" hai="25,28,34,45,50,55,61,66,71,87,91,93,101,102" machi="87" ten="30,1000,0" yaku="7,1" doraHai="104" who="2" fromWho="1" sc="346,0,250,-13,250,13,154,0" /><INIT seed="1,0,0,0,0,118" ten="346,237,263,154" oya="1" hai0="122,89,71,7,9,85,19,34,88,103,23,26,91" hai1="5,21,99,50,65,98,39,44,73,15,127,63,29" hai2="35,96,66,115,36,83,37,121,11,77,53,27,46" hai3="70,52,92,80,61,38,68,16,18,109,120,45,25"/><U124/><E73/><V64/><F115/><W102/><G109/><T67/><D103/><U82/><E39/><V31/><F121/><W125/><G125/><N who="1" m="48202" /><E82/><V2/><F96/><W42/><G120/><T108/><D108/><U100/><E5/><N who="2" m="1463" /><F53/><W90/><G80/><T49/><D34/><U119/><E119/><V22/><F35/><W114/><G102/><T107/><D107/><U72/><E72/><N who="2" m="43431" /><F37/><W60/><G114/><T4/><D122/><U30/><E15/><V55/><F55/><W97/><G61/><T84/><D71/><N who="1" m="42431" /><E21/><V116/><F116/><W75/><G75/><T126/><D126/><U130/><E130/><V28/><F28/><N who="1" m="10857" /><E100/><V129/><F129/><W133/><G133/><T117/><D117/><U128/><E128/><V1/><F1/><W33/><G33/><T105/><D105/><U74/><E74/><V132/><F132/><W94/><G94/><T24/><D4/><U134/><E134/><V87/><F87/><W110/><G110/><T78/><D7/><U69/><E69/><V112/><F112/><W113/><G113/><T41/><D85/><U79/><E79/><V51/><F51/><W47/><G18/><T48/><D78/><U86/><E86/><V8/><F8/><W58/><G45/><N who="0" m="25647" /><D9/><U54/><AGARI ba="0,0" hai="44,50,54,98,99" m="10857,42431,48202" machi="54" ten="30,1500,0" yaku="18,1" doraHai="118" who="1" fromWho="1" sc="346,-5,237,15,263,-5,154,-5" /><INIT seed="1,1,0,0,4,114" ten="341,252,258,149" oya="1" hai0="27,79,102,25,132,50,117,34,109,66,14,10,57" hai1="89,45,43,121,63,22,21,134,33,88,69,103,92" hai2="123,29,75,116,73,124,120,46,31,115,2,97,4" hai3="106,3,20,12,96,26,99,130,126,59,77,83,54"/><U111/><E121/><V37/><F115/><W135/><G3/><T95/><D117/><U104/><E33/><V107/><F31/><W19/><G126/><T36/><D36/><U56/><E69/><V84/><F29/><W23/><G130/><T18/><D34/><U16/><E104/><V61/><F61/><W122/><G135/><T13/><D132/><U131/><E131/><V81/><F124/><W82/><G106/><T67/><D79/><U7/><E7/><V11/><F84/><W17/><G122/><N who="2" m="46633" /><F81/><W42/><G42/><T101/><D109/><U51/><E22/><V112/><F116/><W15/><G26/><N who="0" m="9739" /><D14/><N who="1" m="9367" /><E111/><V118/><F118/><W100/><G100/><N who="0" m="38507" /><D95/><U80/><E80/><V38/><F112/><W78/><REACH who="3" step="1"/><G59/><REACH who="3" ten="341,252,258,139" step="2"/><T87/><D57/><U105/><E105/><V128/><F107/><W68/><G68/><T110/><D110/><U40/><E43/><V48/><F128/><W41/><G41/><T49/><D13/><U1/><E1/><V127/><F2/><W86/><G86/><T91/><D87/><U94/><E134/><V35/><F127/><W76/><G76/><T60/><D91/><N who="1" m="34891" /><E103/><V52/><F75/><W72/><G72/><T32/><D32/><U30/><E30/><V98/><F73/><W62/><G62/><T39/><D60/><U119/><E119/><V90/><F35/><W125/><G125/><T64/><D39/><N who="2" m="14858" /><F90/><W65/><G65/><AGARI ba="1,1" hai="40,45,51,56,63,65,92,94" m="34891,9367" machi="65" ten="30,5800,0" yaku="8,1,54,2" doraHai="114" who="1" fromWho="3" sc="341,0,252,71,258,0,139,-61" /><INIT seed="1,2,0,3,5,94" ten="341,323,258,78" oya="1" hai0="88,42,60,78,131,52,124,99,15,43,64,12,134" hai1="86,70,119,90,83,76,54,2,13,45,17,44,111" hai2="116,130,61,74,128,112,77,92,87,37,50,132,85" hai3="25,26,66,105,39,120,108,113,32,9,5,100,106"/><U109/><E2/><V93/><F37/><W62/><G120/><T47/><D124/><U71/><E119/><V57/><F50/><W30/><G113/><T127/><D127/><U69/><E76/><V73/><F57/><W81/><G108/><N who="1" m="41546" /><E54/><V84/><F61/><W91/><G26/><T59/><D134/><U48/><E48/><V115/><F116/><W114/><G114/><N who="2" m="43561" /><F132/><W79/><G91/><T75/><D75/><N who="2" m="28682" /><F77/><W110/><G110/><T123/><D78/><U95/><E83/><V125/><F125/><W36/><G81/><T7/><D123/><U23/><AGARI ba="2,0" hai="13,17,23,44,45,69,70,71,86,90,95" m="41546" machi="23" ten="40,3900,0" yaku="14,1,10,1" doraHai="94" who="1" fromWho="1" sc="341,-15,323,45,258,-15,78,-15" /><INIT seed="1,3,0,0,3,105" ten="326,368,243,63" oya="1" hai0="4,60,73,83,12,21,20,34,2,14,118,103,126" hai1="65,131,98,108,36,17,41,38,48,94,30,114,82" hai2="86,121,50,68,55,113,46,58,111,47,26,19,107" hai3="77,76,10,129,52,51,95,28,96,49,74,75,106"/><U15/><E114/><V27/><F107/><W61/><G106/><T53/><D118/><U64/><E131/><V120/><F113/><W69/><G129/><T3/><D103/><U54/><E30/><V112/><F112/><W81/><G28/><T7/><D126/><U109/><E82/><V45/><F68/><W1/><G69/><T102/><D102/><U100/><E41/><V5/><F111/><N who="1" m="42569" /><E64/><V89/><F5/><N who="0" m="2122" /><D53/><U119/><E65/><V16/><F121/><W42/><G10/><T9/><D60/><U91/><E100/><V0/><F0/><N who="0" m="42" /><D73/><U8/><E119/><V39/><F39/><W88/><G1/><T85/><D85/><U44/><AGARI ba="3,0" hai="8,15,17,36,38,44,48,54,91,94,98" m="42569" machi="44" ten="30,3000,0" yaku="14,1,10,1" doraHai="105" who="1" fromWho="1" sc="326,-13,368,39,243,-13,63,-13" /><INIT seed="1,4,0,1,4,67" ten="313,407,230,50" oya="1" hai0="15,109,32,130,114,12,75,71,19,107,24,131,53" hai1="41,68,52,11,3,18,38,98,30,83,46,64,113" hai2="60,86,119,97,96,48,104,92,27,123,93,17,110" hai3="6,135,69,106,10,95,116,126,26,122,125,90,22"/><U99/><E113/><V40/><F119/><W50/><G122/><T54/><D114/><U80/><E30/><V120/><F104/><W66/><G106/><T77/><D107/><U33/><E33/><V128/><F110/><W82/><G116/><T57/><D109/><U58/><E83/><V117/><F117/><W129/><G82/><N who="0" m="45375" /><D71/><U112/><E80/><V91/><F128/><N who="0" m="49194" /><D54/><U49/><E112/><V55/><F40/><W87/><G129/><T47/><D47/><U65/><E65/><V44/><F60/><W35/><G35/><T9/><D32/><U23/><E11/><V118/><F118/><W25/><G50/><T133/><D133/><U5/><E5/><V14/><F27/><W84/><G84/><T43/><D43/><U37/><E3/><V111/><F111/><W16/><G26/><T70/><D70/><U61/><E37/><V36/><F36/><W2/><REACH who="3" step="1"/><G135/><REACH who="3" ten="313,407,230,40" step="2"/><T0/><D24/><AGARI ba="4,1" hai="18,23,24,38,41,46,49,52,58,61,64,68,98,99" machi="24" ten="30,12000,1" yaku="7,1,24,2,52,1,54,1" doraHai="67" who="1" fromWho="0" sc="313,-132,407,142,230,0,40,0" /><INIT seed="1,5,0,5,1,107" ten="181,549,230,40" oya="1" hai0="131,120,55,116,0,1,76,115,64,16,18,23,14" hai1="54,3,71,6,121,118,122,111,72,114,74,80,135" hai2="98,86,21,5,7,57,37,130,77,65,82,9,84" hai3="108,79,66,4,34,126,110,32,53,41,48,8,100"/><U125/><E54/><V2/><F37/><W103/><G66/><T70/><D116/><U13/><E13/><V133/><F133/><W31/><G41/><T102/><D115/><U49/><E49/><V29/><F130/><W44/><G126/><T30/><D76/><U17/><E17/><V63/><F7/><W24/><G32/><T105/><D55/><U132/><E80/><V69/><F98/><W68/><G68/><T62/><D131/><U92/><E92/><V52/><F29/><W38/><G38/><T104/><D120/><U81/><E81/><V12/><F21/><W85/><G85/><T19/><D19/><U129/><E6/><V89/><F2/><W42/><G53/><T22/><D30/><U46/><E46/><V10/><F10/><W87/><G87/><T28/><D28/><U97/><E97/><V51/><F89/><W95/><G79/><T101/><D105/><U117/><E71/><V134/><F134/><W20/><G34/><T90/><D90/><U47/><E47/><V45/><REACH who="2" step="1"/><F86/><REACH who="2" ten="181,549,220,40" step="2"/><W78/><G78/><T15/><D102/><U25/><E3/><V39/><F39/><W123/><G123/><T26/><D26/><U94/><E25/><V33/><F33/><W113/><G113/><T59/><D104/><U119/><E114/><V60/><F60/><W127/><G127/><T93/><D101/><N who="3" m="38985" /><G95/><T99/><D93/><U128/><E94/><V75/><F75/><W61/><G61/><N who="0" m="40207" /><D99/><U91/><E118/><V35/><F35/><W67/><G67/><N who="0" m="39391" /><D0/><U27/><E125/><V56/><AGARI ba="5,1" hai="5,9,12,45,51,52,56,57,63,65,69,77,82,84" machi="56" ten="30,4000,0" yaku="1,1,0,1,54,1,53,0" doraHai="107" doraHaiUra="109" who="2" fromWho="2" sc="181,-15,549,-25,220,65,40,-15" /><INIT seed="2,0,0,2,1,112" ten="166,524,285,25" oya="2" hai0="135,105,103,43,60,55,23,42,69,0,50,3,14" hai1="121,17,86,70,83,97,81,74,123,134,66,10,44" hai2="28,132,71,116,36,2,67,58,39,61,94,27,32" hai3="95,24,133,87,20,93,85,78,79,131,59,7,115"/><V113/><F113/><W124/><G115/><T21/><D135/><U52/><E74/><V129/><F2/><W77/><G133/><T30/><D105/><U68/><E97/><V57/><F132/><W38/><G38/><T126/><D103/><U109/><E83/><V72/><F72/><W63/><G131/><T65/><D126/><U47/><E47/><V80/><F80/><W107/><G107/><T125/><D125/><U49/><E109/><V96/><F129/><W16/><G124/><T119/><D119/><U26/><E26/><V88/><F116/><W46/><G46/><T12/><D0/><U62/><E70/><V31/><F71/><W91/><G7/><T5/><D3/><U11/><E11/><V130/><F130/><W64/><REACH who="3" step="1"/><G95/><REACH who="3" ten="166,524,285,15" step="2"/><T9/><D5/><U128/><E128/><V73/><F39/><W6/><G6/><T22/><D30/><U110/><E134/><V15/><F36/><W35/><G35/><T13/><REACH who="0" step="1"/><D9/><REACH who="0" ten="156,524,285,15" step="2"/><U84/><E110/><V117/><F31/><W118/><G118/><T48/><D48/><U4/><E4/><V56/><F117/><W33/><G33/><T45/><AGARI ba="0,2" hai="12,13,14,21,22,23,42,43,45,50,55,60,65,69" machi="45" ten="30,2000,0" yaku="1,1,0,1,53,0" doraHai="112" doraHaiUra="127" who="0" fromWho="0" sc="156,40,524,-5,285,-10,15,-5" /><INIT seed="3,0,0,5,5,68" ten="196,519,275,10" oya="3" hai0="26,29,4,58,88,84,87,78,3,57,95,118,108" hai1="82,101,109,43,110,93,64,7,111,77,46,120,6" hai2="45,28,21,114,73,23,80,16,117,125,107,97,34" hai3="69,8,5,30,100,76,106,129,134,24,135,98,44"/><W31/><G129/><T119/><D108/><U66/><E120/><V63/><F114/><W14/><G76/><T83/><D3/><U72/><E101/><V90/><F117/><W40/><G69/><T47/><D4/><N who="1" m="1579" /><E93/><V32/><F45/><W113/><G113/><T70/><D70/><U105/><E105/><V22/><F63/><W115/><G115/><T54/><D119/><U10/><E10/><V41/><F41/><W15/><G15/><T124/><D124/><U86/><E72/><V81/><F23/><W79/><G79/><T19/><D19/><U11/><E11/><V53/><F53/><W59/><G59/><T25/><D118/><U56/><E56/><V52/><F52/><W33/><REACH who="3" step="1"/><G30/><REACH who="3" ten="196,519,275,0" step="2"/><T128/><D29/><U99/><E99/><V92/><F28/><W96/><G96/><T60/><D128/><U0/><E0/><V65/><F97/><W121/><G121/><T49/><D58/><U1/><E1/><V94/><F125/><W89/><G89/><T103/><D103/><U133/><E133/><V91/><F90/><W123/><G123/><T132/><D132/><U71/><E71/><V131/><F91/><W35/><G35/><T2/><D2/><U13/><E13/><V20/><F131/><W62/><G62/><T116/><D116/><U37/><AGARI ba="0,1" hai="37,43,46,64,66,77,82,86,109,110,111" m="1579" machi="37" ten="40,2700,0" yaku="14,1,52,1" doraHai="68" who="1" fromWho="1" sc="196,-7,519,37,275,-7,0,-13" owari="189,-21.1,556,65.6,268,6.8,-13,-51.3" /></mjloggm>