<mjloggm ver="2.3"><GO type="225" lobby="0"/><UN n0="%E3%83%A9%E3%83%BC%E3%83%A1%E3%83%B3%E4%BA%94%E9%83%8E" n1="%E6%97%A5%E6%9B%9C%E6%97%A5%E3%82%88%E3%82%8A%E3%81%AE%E4%BD%BF%E8%80%85" n2="%72%69%6F%75%63%68%61%6E" n3="%E3%81%A1%E3%82%85%E3%81%86%E3%81%A9%E3%81%8F%E8%B1%A1%E3%81%95%E3%82%93" dan="16,17,17,16" rate="2120.83,2197.14,2227.72,2080.49" sx="M,M,M,M"/><TAIKYOKU oya="0"/><INIT seed="0,0,0,0,0,70" ten="250,250,250,250" oya="0" hai0="113,67,19,34,36,11,14,102,33,133,65,128,76" hai1="121,125,75,120,69,85,62,0,57,31,91,79,84" hai2="8,129,93,83,53,72,101,86,127,68,116,35,103" hai3="89,123,55,26,32,114,10,9,39,95,131,115,29"/><T60/><D113/><U51/><E0/><V134/><F35/><W17/><G131/><T111/><D128/><U49/><E69/><V13/><F129/><W20/><G123/><T88/><D133/><U5/><E75/><V23/><F68/><W3/><G39/><T44/><D102/><U90/><E125/><V50/><F134/><W22/><G55/><T105/><D105/><U58/><E5/><V54/><F127/><W74/><G74/><T12/><D76/><U108/><E31/><V37/><F37/><W81/><G81/><T1/><D1/><U27/><E27/><V110/><F110/><W7/><G9/><T61/><D111/><U73/><E73/><V112/><F112/><W99/><REACH who="3" step="1"/><G20/><REACH who="3" ten="250,250,250,240" step="2"/><T15/><D33/><U106/><E108/><V18/><F72/><W122/><G122/><T41/><D34/><U16/><E121/><V109/><F109/><W77/><G77/><T104/><D11/><U124/><E79/><V80/><F53/><W63/><G63/><T47/><D36/><U71/><E120/><V46/><F23/><W96/><G96/><T135/><D135/><U56/><E124/><V24/><F83/><W119/><G119/><T40/><D60/><U78/><E78/><N who="2" m="46359" /><F116/><W132/><G132/><T6/><D61/><U82/><E62/><V117/><F117/><W97/><G97/><T25/><D65/><U2/><E71/><V94/><F24/><AGARI ba="0,1" hai="3,7,10,17,22,24,26,29,32,89,95,99,114,115" machi="24" ten="30,2000,0" yaku="1,1,7,1,53,0" doraHai="70" doraHaiUra="48" who="3" fromWho="2" sc="250,0,250,0,250,-20,240,30" /><INIT seed="1,0,0,2,5,4" ten="250,250,230,270" oya="1" hai0="95,72,7,84,20,14,118,87,17,23,61,51,50" hai1="109,115,24,66,55,2,38,93,111,15,126,62,85" hai2="54,49,75,91,131,129,88,1,34,59,70,104,60" hai3="18,44,125,25,128,53,132,96,36,99,110,119,123"/><U81/><E2/><V133/><F104/><W13/><G123/><T39/><D118/><U116/><E116/><V47/><F34/><W30/><G119/><T94/><D72/><U64/><E38/><V103/><F103/><W82/><G110/><N who="1" m="41994" /><E115/><V21/><F133/><W56/><G125/><T11/><D39/><U46/><E126/><V71/><F75/><W32/><G128/><N who="2" m="49225" /><F1/><W37/><G82/><T108/><D108/><U135/><E135/><V52/><F21/><N who="0" m="8266" /><D7/><U9/><E93/><N who="0" m="35337" /><D61/><U27/><E46/><V112/><F112/><W12/><G36/><T68/><D68/><AGARI ba="0,0" hai="47,49,52,54,59,60,68,70,71,88,91" m="49225" machi="68" ten="30,3900,0" yaku="19,1,54,2" doraHai="4" who="2" fromWho="0" sc="250,-39,250,0,230,39,270,0" /><INIT seed="2,0,0,0,5,31" ten="211,250,269,270" oya="2" hai0="33,134,13,64,68,91,131,120,74,62,28,111,86" hai1="100,14,102,63,5,89,37,23,41,132,107,124,10" hai2="127,115,113,44,95,47,43,118,109,61,133,1,116" hai3="25,97,84,0,77,57,40,88,17,122,24,9,4"/><V83/><F1/><W2/><G122/><T79/><D120/><U22/><E124/><V101/><F83/><W117/><G117/><N who="2" m="45161" /><F95/><W29/><G0/><T53/><D111/><U12/><E132/><V51/><F101/><N who="1" m="39017" /><E37/><N who="2" m="21615" /><F127/><W110/><G40/><T7/><D134/><U6/><E41/><N who="2" m="25071" /><F133/><W73/><G110/><T65/><D74/><U27/><E107/><V106/><F106/><W56/><G97/><T76/><D79/><U94/><E27/><V16/><F16/><W104/><G104/><T49/><D76/><U30/><E30/><V129/><F109/><W114/><G114/><N who="2" m="43529" /><F61/><W34/><G73/><T90/><D62/><U50/><E63/><V80/><F80/><W36/><G77/><T38/><D28/><U70/><E22/><V130/><AGARI ba="0,0" hai="129,130" m="43529,25071,21615,45161" machi="130" ten="40,3900,0" yaku="34,2" doraHai="31" who="2" fromWho="2" sc="211,-13,250,-13,269,39,270,-13" /><INIT seed="2,1,0,0,2,111" ten="198,237,308,257" oya="2" hai0="128,25,50,32,64,34,82,35,19,117,120,21,48" hai1="16,78,14,92,84,24,89,73,62,28,31,96,44" hai2="5,130,129,74,132,108,45,47,76,86,126,60,94" hai3="118,26,22,56,131,77,36,109,71,3,59,122,52"/><V41/><F126/><W75/><G118/><T30/><D128/><N who="2" m="49258" /><F132/><W115/><G3/><T124/><D124/><U11/><E73/><V81/><F108/><W1/><G1/><T6/><D120/><U49/><E62/><V107/><F107/><W114/><G122/><T51/><D117/><U2/><E2/><V121/><F121/><W87/><G131/><T97/><D64/><U65/><E65/><V63/><F5/><W106/><G109/><T69/><D69/><U8/><E8/><V68/><F68/><W9/><G71/><T42/><D6/><U40/><E24/><V12/><F12/><W55/><G36/><T98/><D42/><U66/><E66/><V79/><F79/><W61/><G106/><T135/><D135/><U7/><E16/><V100/><F86/><W91/><G9/><T0/><D0/><U18/><E18/><V80/><F81/><AGARI ba="1,0" hai="7,11,14,28,31,40,44,49,78,81,84,89,92,96" machi="81" ten="40,5200,0" yaku="25,2,8,1" doraHai="111" who="1" fromWho="2" sc="198,0,237,55,308,-55,257,0" /><INIT seed="3,0,0,3,3,60" ten="198,292,253,257" oya="3" hai0="124,20,128,67,33,131,64,132,62,19,2,74,93" hai1="121,78,18,21,55,130,126,90,47,87,101,134,98" hai2="81,13,61,75,80,30,105,68,79,117,107,9,91" hai3="11,120,83,31,111,70,106,41,84,17,65,113,123"/><W28/><G113/><T53/><D124/><U76/><E121/><V7/><F117/><W45/><G106/><T43/><D132/><U71/><E130/><N who="0" m="49705" /><D2/><U12/><E71/><V37/><F37/><W42/><G28/><T5/><D74/><U6/><E6/><V100/><F30/><W4/><G31/><T109/><D109/><U95/><E126/><V72/><F100/><W92/><G17/><T97/><D5/><U46/><E134/><V88/><F107/><W59/><G111/><T38/><D33/><U114/><E114/><V122/><F105/><W104/><G104/><T129/><N who="0" m="49713" /><T94/><DORA hai="50" /><D43/><U40/><E55/><V39/><F39/><W103/><G41/><T57/><D38/><U44/><E40/><V112/><F122/><W69/><G120/><T73/><D73/><U82/><AGARI ba="0,0" hai="12,18,21,44,46,47,76,78,82,87,90,95,98,101" machi="82" ten="30,2000,0" yaku="0,1,8,1" doraHai="60,50" who="1" fromWho="1" sc="198,-5,292,20,253,-5,257,-10" owari="193,-30.7,312,41.2,248,4.8,247,-15.3" /></mjloggm>