<mjloggm ver="2.3"><GO type="225" lobby="0"/><UN n0="%E7%AD%89%E3%80%85%E5%8A%9B%E5%8A%87%E5%A0%B4" n1="%E6%B8%A9%E2%98%85%E6%83%85%E2%98%85%E6%8E%AA%E2%98%85%E7%BD%AE" n2="%6D%75%75%6D%75%72%61" n3="%E5%8F%AF%E5%85%90%E9%82%A3%E7%94%B1%E5%A4%9A" dan="16,16,16,16" rate="2092.62,2154.40,2164.30,2192.05" sx="M,M,F,F"/><TAIKYOKU oya="0"/><INIT seed="0,0,0,2,5,110" ten="250,250,250,250" oya="0" hai0="64,62,94,78,76,119,113,74,37,44,42,22,15" hai1="58,23,40,57,107,92,26,116,38,63,20,127,19" hai2="98,102,100,60,125,115,108,114,35,104,16,41,46" hai3="81,77,47,34,73,118,80,132,9,53,79,1,48"/><T7/><D7/><U14/><BYE who="0" /><E107/><V95/><F108/><W85/><G132/><T39/><D39/><U131/><E116/><V83/><F35/><W69/><G34/><T93/><D93/><U0/><E0/><V54/><F125/><W49/><G69/><T11/><D11/><U70/><E127/><V87/><F104/><W103/><G118/><T88/><D88/><U67/><E131/><V97/><F102/><W126/><G126/><T17/><D17/><U101/><E40/><V3/><F3/><W99/><G1/><T68/><D68/><U43/><E43/><V61/><F97/><W29/><G29/><T75/><D75/><U45/><E45/><V52/><F60/><W111/><G111/><T32/><D32/><U28/><REACH who="1" step="1"/><E38/><REACH who="1" ten="250,240,250,250" step="2"/><UN n0="%E7%AD%89%E3%80%85%E5%8A%9B%E5%8A%87%E5%A0%B4" /><V13/><F46/><W122/><G122/><T8/><D44/><U30/><E30/><V56/><F41/><W5/><G47/><T25/><D42/><U24/><E24/><V109/><F109/><W55/><G48/><T96/><D37/><U112/><E112/><V51/><F51/><W12/><REACH who="3" step="1"/><G49/><REACH who="3" ten="250,240,250,240" step="2"/><T89/><D119/><U105/><E105/><AGARI ba="0,2" hai="5,9,12,53,55,73,77,79,80,81,85,99,103,105" machi="105" ten="30,3900,0" yaku="1,1,2,1,7,1,53,0" doraHai="110" doraHaiUra="31" who="3" fromWho="1" sc="250,0,240,-39,250,0,240,59" /><INIT seed="1,0,0,1,2,83" ten="250,201,250,299" oya="1" hai0="29,36,61,85,97,10,128,67,124,92,79,31,119" hai1="70,90,88,108,130,4,8,74,132,71,41,50,75" hai2="81,86,117,80,25,12,60,40,21,59,105,76,125" hai3="22,20,28,44,82,11,57,133,3,101,18,56,53"/><U47/><E130/><V131/><F117/><W23/><G133/><T126/><D119/><U116/><E116/><V62/><F131/><W87/><G101/><T2/><D36/><U0/><E132/><V91/><F105/><W99/><G99/><T51/><D128/><U84/><E108/><V24/><F125/><W103/><G103/><T66/><D51/><U13/><E90/><V14/><F40/><W19/><G28/><T112/><D112/><U73/><REACH who="1" step="1"/><E0/><REACH who="1" ten="250,191,250,299" step="2"/><V77/><F91/><N who="3" m="51703" /><G3/><T54/><D2/><U98/><E98/><V46/><F77/><W64/><G64/><T123/><D67/><U34/><E34/><V26/><F76/><W111/><G111/><T63/><D66/><U45/><E45/><V118/><F46/><W104/><G44/><T52/><D97/><U65/><E65/><V95/><F118/><W102/><G102/><T38/><D79/><U7/><E7/><V43/><F59/><W49/><G57/><T17/><D124/><U107/><E107/><V134/><F134/><W1/><G104/><T16/><D126/><U122/><E122/><V93/><F80/><AGARI ba="0,1" hai="4,8,13,41,47,50,70,71,73,74,75,80,84,88" machi="80" ten="40,7700,0" yaku="1,1,52,1,54,1,53,0" doraHai="83" doraHaiUra="35" who="1" fromWho="2" sc="250,0,191,87,250,-77,299,0" /><INIT seed="1,1,0,4,3,85" ten="250,278,173,299" oya="1" hai0="20,10,116,50,106,48,95,53,104,5,63,65,32" hai1="93,105,130,128,83,100,55,30,124,9,81,118,13" hai2="69,84,102,18,76,80,58,109,114,129,22,12,115" hai3="21,134,56,49,14,70,98,6,52,72,54,73,64"/><U126/><E118/><V1/><F69/><W121/><G121/><T79/><D32/><U40/><E40/><V2/><F109/><W77/><G134/><T133/><D116/><U131/><E30/><V19/><F129/><W101/><G77/><T74/><D133/><U92/><E55/><V135/><F135/><W111/><G111/><T45/><D50/><U117/><E117/><V17/><F102/><W43/><G43/><T87/><D74/><U0/><E0/><V113/><F18/><W122/><G122/><T37/><D37/><U25/><E25/><V66/><F66/><W41/><G41/><T8/><D20/><U127/><E105/><V82/><F58/><W62/><G54/><T38/><D38/><U89/><E93/><V23/><REACH who="2" step="1"/><F82/><REACH who="2" ten="250,278,163,299" step="2"/><W96/><G101/><T86/><D65/><U71/><E71/><V7/><F7/><W4/><G4/><T11/><D5/><N who="1" m="3247" /><E100/><V47/><F47/><W94/><G6/><T36/><D45/><U110/><E110/><V108/><F108/><W31/><G70/><T97/><D106/><U60/><E60/><V33/><F33/><W26/><G62/><T42/><D104/><U15/><E83/><V119/><F119/><W99/><G64/><T29/><D63/><U61/><E81/><V125/><F125/><W16/><REACH who="3" step="1"/><G94/><REACH who="3" ten="250,278,163,289" step="2"/><T132/><D95/><U88/><E61/><V75/><F75/><W34/><AGARI ba="1,2" hai="14,16,21,26,31,34,49,52,56,72,73,96,98,99" machi="34" ten="30,12000,2" yaku="1,1,2,1,0,1,54,2,53,1" doraHai="85" doraHaiUra="24" who="3" fromWho="3" sc="250,-31,278,-61,163,-31,289,143" /><INIT seed="2,0,0,2,4,44" ten="219,217,132,432" oya="2" hai0="31,97,96,113,60,61,125,110,107,21,16,84,51" hai1="127,25,108,90,121,66,132,112,95,62,19,67,7" hai2="123,133,30,35,70,77,34,122,109,50,12,88,5" hai3="18,41,2,57,93,134,68,65,20,130,105,118,53"/><V106/><F106/><W17/><G118/><T40/><D113/><U10/><E112/><V135/><F70/><W94/><G105/><T3/><D3/><U79/><E108/><V111/><F77/><W114/><G2/><T27/><D110/><N who="2" m="41994" /><F88/><W101/><G41/><T85/><D125/><U117/><E90/><V14/><F50/><W81/><G81/><T78/><D107/><U47/><E127/><V36/><F36/><W126/><G68/><T8/><D78/><U129/><E79/><V58/><F58/><W6/><G57/><T55/><D40/><U52/><E117/><V22/><F22/><W98/><G20/><T73/><D73/><U92/><E92/><V69/><F69/><W103/><G94/><T4/><D97/><U99/><E95/><V83/><F83/><W9/><G93/><T29/><D96/><U128/><E99/><V74/><F74/><W131/><G98/><T59/><D85/><U23/><E23/><V124/><F124/><W39/><G39/><T116/><D84/><U24/><E129/><V63/><F63/><W76/><G76/><T45/><D116/><U43/><E128/><V102/><F102/><W0/><G126/><T104/><D104/><U1/><E62/><V13/><F5/><W26/><G103/><T56/><D61/><U119/><E7/><V82/><F82/><W120/><G101/><T48/><D60/><U42/><E119/><V86/><F86/><W71/><G130/><T11/><D4/><U72/><E72/><V32/><F30/><N who="0" m="11274" /><D51/><U80/><E80/><V54/><F54/><W37/><G131/><RYUUKYOKU ba="0,0" sc="219,15,217,-15,132,15,432,-15" hai0="8,11,16,21,27,45,48,55,56,59" hai2="12,13,14,32,34,35,122,123,133,135" /><INIT seed="2,1,0,1,4,81" ten="234,202,147,417" oya="2" hai0="112,2,66,3,61,60,72,14,116,87,118,109,26" hai1="0,132,57,50,10,119,86,7,43,48,105,111,135" hai2="19,64,131,34,127,52,44,123,63,40,17,51,76" hai3="82,28,124,31,75,70,103,120,16,114,13,67,47"/><V113/><F113/><W108/><G120/><T101/><D72/><U74/><E74/><V79/><F123/><W69/><G114/><T126/><D112/><U80/><E105/><V99/><F131/><W89/><G108/><T77/><D101/><U38/><E119/><N who="0" m="45609" /><D109/><U30/><E111/><V107/><F34/><W29/><G124/><T15/><D26/><U37/><E30/><V22/><F127/><W117/><G117/><T94/><D126/><U1/><E1/><N who="0" m="9" /><D77/><N who="1" m="46351" /><E57/><V106/><F40/><W36/><G103/><T58/><D61/><U100/><E100/><V6/><F6/><W71/><G47/><T53/><D66/><U33/><E33/><V59/><F99/><W91/><G36/><N who="1" m="13930" /><E43/><V62/><F62/><W24/><G67/><T98/><D98/><U55/><E55/><V129/><F129/><W122/><G122/><T45/><D45/><U23/><E23/><V84/><F76/><W20/><G75/><T8/><D8/><U35/><E35/><V41/><F41/><W32/><G32/><T125/><D125/><U42/><E42/><V134/><F134/><AGARI ba="1,0" hai="0,7,10,48,50,132,134,135" m="13930,46351" machi="134" ten="30,2000,0" yaku="20,1,52,1" doraHai="81" who="1" fromWho="2" sc="234,0,202,23,147,-23,417,0" /><INIT seed="3,0,0,1,5,32" ten="234,225,124,417" oya="3" hai0="10,69,93,21,31,86,133,74,27,107,22,76,19" hai1="14,44,29,40,122,101,70,129,112,99,124,26,62" hai2="15,114,123,113,72,116,16,135,109,55,25,90,126" hai3="118,59,4,132,8,5,24,45,3,83,134,47,53"/><W56/><G118/><T105/><D69/><U92/><E112/><V36/><F116/><W64/><G5/><T103/><D74/><U127/><E122/><V75/><F123/><W80/><G24/><T108/><D105/><U9/><E129/><V111/><F36/><W54/><G64/><T51/><D107/><U7/><E62/><V115/><F25/><W88/><G88/><T95/><D21/><U33/><REACH who="1" step="1"/><E70/><REACH who="1" ten="234,215,124,417" step="2"/><V128/><F128/><W66/><G66/><T61/><D61/><U68/><E68/><V38/><F38/><AGARI ba="0,1" hai="7,9,14,26,29,33,38,40,44,92,99,101,124,127" machi="38" ten="40,1300,0" yaku="1,1,53,0" doraHai="32" doraHaiUra="50" who="1" fromWho="2" sc="234,0,215,23,124,-13,417,0" owari="234,-16.6,238,3.8,111,-38.9,417,51.7" /></mjloggm>