<mjloggm ver="2.3"><GO type="225" lobby="0"/><UN n0="%E9%80%86%E9%80%A3%E5%B8%AF%E3%81%AE%E9%AC%BC" n1="%6D%75%75%6D%75%72%61" n2="%4E%6F%2E%30%30%30%31" n3="%E3%83%AB%E3%83%9B%E3%83%B3%E3%83%87%E3%82%A3%E3%82%A8" dan="16,16,18,16" rate="2149.44,2147.35,2240.96,2137.39" sx="M,F,M,M"/><TAIKYOKU oya="0"/><INIT seed="0,0,0,0,3,122" ten="250,250,250,250" oya="0" hai0="31,26,32,89,115,36,44,76,7,55,4,129,120" hai1="116,112,93,111,38,41,65,2,46,18,74,104,47" hai2="0,114,6,108,72,99,94,132,52,135,39,20,126" hai3="123,63,92,101,90,84,124,81,50,9,45,68,113"/><T17/><D120/><U83/><E104/><V61/><F114/><W73/><G113/><T54/><D115/><U60/><E112/><V75/><F39/><W11/><G124/><T30/><D129/><U64/><E116/><V23/><F126/><W27/><G123/><T14/><D76/><U130/><E130/><V103/><F108/><W119/><G119/><T10/><D31/><U21/><E2/><V110/><F110/><W88/><G101/><T105/><D105/><U107/><E107/><V42/><F42/><W19/><G68/><T25/><D89/><U24/><E111/><V78/><F6/><W66/><G73/><N who="2" m="28233" /><F78/><W82/><G63/><T8/><D26/><U51/><E60/><V58/><F0/><W29/><G66/><T15/><REACH who="0" step="1"/><D17/><REACH who="0" ten="240,250,250,250" step="2"/><U91/><E74/><V40/><F103/><W85/><G19/><T35/><D35/><U121/><E121/><V100/><F100/><W12/><G27/><T128/><D128/><U134/><E18/><V28/><F28/><W3/><G29/><T53/><D53/><U125/><E24/><V102/><F40/><AGARI ba="0,1" hai="4,7,8,10,14,15,25,30,32,36,40,44,54,55" machi="40" ten="40,12000,1" yaku="1,1,9,1,53,2" doraHai="122" doraHaiUra="5" who="0" fromWho="2" sc="240,130,250,0,250,-120,250,0" /><INIT seed="0,1,0,2,5,123" ten="370,250,130,250" oya="0" hai0="1,69,87,43,64,68,78,98,63,52,107,114,62" hai1="31,26,135,100,74,39,125,25,34,80,50,75,44" hai2="53,90,23,85,129,122,28,95,106,102,56,36,19" hai3="109,79,97,77,61,2,55,127,94,96,4,112,8"/><T92/><D1/><U133/><E39/><V117/><F122/><W59/><G112/><T16/><D114/><U58/><E125/><V71/><F71/><W126/><G97/><T18/><D43/><U120/><E120/><V22/><F129/><W48/><G48/><T76/><D107/><U0/><E0/><V130/><F130/><W35/><G35/><T116/><D116/><U15/><E100/><V40/><F117/><W86/><G86/><T51/><D63/><U119/><E119/><V6/><F6/><W10/><G10/><T128/><D69/><U81/><E58/><V29/><F106/><W41/><G41/><T5/><D5/><U32/><E15/><V21/><F102/><W24/><G24/><T108/><D128/><U17/><E17/><V103/><F103/><W118/><G118/><T131/><D131/><U11/><E11/><V111/><F111/><W121/><G121/><T83/><D78/><U54/><E80/><V20/><F40/><W38/><G38/><T57/><D108/><U46/><E46/><V99/><F36/><W12/><G2/><T110/><D110/><U72/><E81/><V104/><F104/><W30/><G30/><AGARI ba="1,0" hai="25,26,30,31,32,34,44,50,54,72,74,75,133,135" machi="30" ten="50,1600,0" yaku="9,1" doraHai="123" who="1" fromWho="3" sc="370,0,250,19,130,0,250,-19" /><INIT seed="1,0,0,3,1,17" ten="370,269,130,231" oya="1" hai0="58,31,76,38,63,83,93,7,128,96,109,13,81" hai1="116,72,59,70,99,27,6,20,33,40,75,4,89" hai2="21,108,73,97,79,91,50,118,125,34,77,87,90" hai3="102,101,64,51,85,133,121,35,29,131,42,114,111"/><U78/><E70/><V88/><F34/><W23/><G35/><T24/><D38/><U124/><E116/><V74/><F118/><W113/><G121/><T46/><D128/><U62/><E33/><V82/><F50/><W66/><G131/><T8/><D109/><U25/><E124/><V12/><F12/><W104/><G104/><T119/><D46/><U80/><E27/><V94/><F108/><W10/><G133/><T15/><D15/><U5/><E40/><V117/><F21/><W123/><G123/><T39/><D39/><U14/><E14/><V11/><F11/><W49/><G10/><T37/><D37/><U28/><E99/><V43/><F43/><W3/><G3/><T130/><D130/><U115/><E89/><N who="2" m="34411" /><F125/><W45/><G85/><T52/><D119/><U0/><E115/><V48/><F48/><W107/><G107/><T95/><D96/><U106/><E106/><V126/><F126/><W44/><G111/><T53/><D53/><U2/><REACH who="1" step="1"/><E72/><REACH who="1" ten="370,259,130,231" step="2"/><N who="2" m="27755" /><F117/><W19/><G113/><T112/><D112/><U135/><E135/><V120/><F120/><W60/><G114/><T127/><D127/><U69/><E69/><V105/><F105/><W68/><G68/><T86/><D13/><U36/><E36/><V16/><F16/><W71/><G19/><T65/><D24/><U41/><E41/><V1/><F1/><W32/><G32/><T56/><D7/><U110/><E110/><V103/><AGARI ba="0,1" hai="77,79,82,87,91,94,97,103" m="27755,34411" machi="103" ten="30,12000,2" yaku="35,5,54,1" doraHai="17" who="2" fromWho="2" sc="370,-30,259,-60,130,130,231,-30" /><INIT seed="2,0,0,3,3,72" ten="340,199,260,201" oya="2" hai0="92,113,119,117,124,132,61,42,76,78,27,70,126" hai1="98,91,49,103,21,99,77,52,67,85,30,111,7" hai2="47,6,2,35,108,130,5,127,79,105,93,75,89" hai3="43,59,81,73,28,87,57,134,3,97,55,58,39"/><V69/><F69/><W46/><G134/><T22/><D132/><U37/><E111/><V56/><F35/><W133/><G133/><T71/><D113/><U68/><E37/><V50/><F105/><W86/><G28/><T129/><D129/><U23/><E68/><V0/><F130/><W29/><G29/><T74/><D42/><U101/><E67/><V110/><F56/><W34/><G34/><T19/><D92/><U131/><E7/><N who="2" m="2571" /><F127/><N who="0" m="48682" /><D71/><U17/><E131/><V122/><F122/><W116/><G3/><T107/><D107/><U62/><E62/><V96/><F75/><W8/><G8/><T10/><D10/><U14/><E101/><V40/><F79/><N who="0" m="30250" /><D74/><U51/><E103/><V135/><F135/><W12/><G73/><T104/><D104/><U115/><E115/><V25/><F0/><W106/><G106/><T112/><D112/><U114/><E114/><V63/><F2/><W38/><G43/><T90/><D90/><U80/><E91/><V15/><F89/><W18/><G38/><T45/><D45/><U11/><E11/><V36/><F36/><W4/><G39/><T94/><D94/><U121/><E121/><V33/><F93/><W123/><G123/><T20/><D20/><U100/><E100/><V88/><F88/><W64/><G46/><T102/><D102/><U9/><E9/><V95/><F95/><W82/><G82/><T44/><D44/><N who="1" m="27687" /><E23/><V120/><F120/><W60/><G81/><T48/><D48/><U32/><E51/><V13/><F50/><W53/><G64/><AGARI ba="0,0" hai="19,22,27,61,64,70,117,119" m="30250,48682" machi="64" ten="30,7700,0" yaku="18,1,52,3" doraHai="72" who="0" fromWho="3" sc="340,77,199,0,260,0,201,-77" /><INIT seed="3,0,0,4,5,4" ten="417,199,260,124" oya="3" hai0="20,135,134,29,122,97,51,60,35,104,21,112,87" hai1="46,94,50,7,126,42,15,58,116,61,85,12,33" hai2="45,80,118,8,14,108,16,41,2,99,75,130,93" hai3="91,57,34,48,66,37,84,68,120,110,76,101,31"/><W6/><G120/><T123/><D112/><U63/><E63/><V67/><F118/><W109/><G37/><T49/><D87/><U78/><E33/><V59/><F108/><N who="3" m="41579" /><G68/><T74/><D74/><U5/><E126/><V38/><F130/><W9/><G101/><T44/><D60/><U11/><E116/><V13/><F67/><W19/><G76/><T128/><D128/><U70/><E70/><V52/><F2/><N who="3" m="215" /><G19/><T107/><D123/><U39/><E39/><V25/><F38/><W125/><G125/><T36/><D36/><U89/><E78/><V24/><F75/><W17/><G17/><T47/><D122/><U102/><E102/><V65/><F65/><W64/><G31/><T0/><D29/><U106/><E106/><V88/><F16/><W127/><G34/><T23/><D35/><U129/><E129/><V96/><F88/><W132/><G127/><T53/><D0/><U114/><E114/><V43/><F14/><N who="1" m="5161" /><E11/><V86/><F8/><W10/><G10/><T90/><D107/><U133/><E133/><V3/><F13/><W124/><G132/><T105/><D105/><U69/><E69/><V79/><F3/><W72/><G72/><T83/><D104/><U92/><E7/><V30/><F30/><W73/><G73/><T77/><D77/><U82/><E5/><V121/><F121/><W56/><G124/><T28/><D135/><U111/><E111/><V62/><F79/><W100/><G100/><T95/><D134/><U113/><E113/><V22/><F24/><W81/><G56/><T54/><D28/><U119/><E119/><RYUUKYOKU ba="0,0" sc="417,10,199,10,260,-30,124,10" hai0="20,21,23,44,47,49,51,53,54,83,90,95,97" hai1="42,46,50,58,61,82,85,89,92,94" hai3="48,57,64,66,81,84,91" /><INIT seed="3,1,0,5,5,7" ten="427,209,230,134" oya="3" hai0="110,103,63,90,23,99,86,82,9,16,80,132,133" hai1="6,129,69,50,130,113,85,56,58,43,41,94,18" hai2="119,134,47,97,19,88,118,91,106,64,81,74,51" hai3="71,89,77,24,123,38,107,73,109,102,111,70,112"/><W0/><G112/><T31/><D110/><N who="3" m="41993" /><G123/><T116/><D116/><U21/><E69/><N who="3" m="26122" /><G38/><T26/><D63/><U60/><E6/><V4/><F134/><W2/><G89/><T1/><D82/><U62/><E113/><V5/><F91/><W59/><G59/><N who="1" m="22570" /><E94/><V125/><F88/><W14/><G24/><T105/><D1/><N who="3" m="617" /><G14/><T117/><D117/><U92/><E50/><V46/><F51/><W22/><G22/><T75/><D133/><U36/><E36/><V98/><F118/><W33/><G33/><T65/><D132/><U49/><E49/><V54/><F119/><W25/><G25/><T93/><D90/><N who="1" m="53327" /><E130/><V8/><F46/><W67/><G67/><T124/><D26/><N who="1" m="14647" /><E129/><V30/><F47/><W83/><G102/><T45/><D65/><U48/><E48/><V127/><F64/><W87/><G87/><T122/><D23/><U15/><E15/><V126/><F126/><W115/><G115/><T53/><D86/><U121/><E121/><V39/><F127/><W32/><G32/><T52/><D124/><U95/><E60/><V76/><F125/><W84/><G84/><T29/><D103/><U42/><E62/><V108/><F39/><W120/><G120/><T40/><D122/><U66/><E66/><V100/><F108/><W44/><G44/><T17/><D45/><U27/><E27/><V72/><F100/><W68/><N who="3" m="26130" /><W96/><DORA hai="128" /><G96/><T3/><D99/><U11/><E95/><V135/><F135/><W79/><G79/><T114/><D93/><U13/><E13/><N who="2" m="7591" /><F76/><W10/><G107/><T28/><D105/><RYUUKYOKU ba="1,0" sc="427,-15,209,15,230,-15,134,15" hai1="11,41,42,43" hai3="10,73,77,83" /><INIT seed="3,2,0,0,0,90" ten="412,224,215,149" oya="3" hai0="53,7,20,23,103,5,96,135,66,105,10,104,77" hai1="55,115,102,113,131,107,4,30,106,27,123,92,125" hai2="68,51,15,109,45,31,65,39,71,59,100,95,87" hai3="69,110,14,97,126,17,60,124,132,3,33,111,89"/><W83/><G3/><T108/><D135/><U112/><E123/><V122/><F109/><N who="3" m="41483" /><G33/><T82/><D108/><U12/><E131/><V58/><F122/><W13/><G132/><T85/><D105/><U129/><E129/><V11/><F39/><W86/><G69/><T75/><D66/><U91/><E125/><N who="3" m="48234" /><G60/><T128/><D128/><U26/><E113/><V61/><F71/><W64/><G64/><T24/><D53/><U99/><E55/><V21/><F68/><W46/><G46/><T1/><D5/><U78/><E112/><V130/><F130/><W119/><G119/><T67/><D67/><U40/><E115/><V9/><F59/><W79/><G17/><T50/><D50/><U81/><E30/><V84/><F31/><W93/><AGARI ba="2,0" hai="13,14,79,83,86,89,93,97" m="48234,41483" machi="93" ten="40,12000,1" yaku="14,1,10,1,18,1,52,1" doraHai="90" who="3" fromWho="3" sc="412,-42,224,-42,215,-42,149,126" /><INIT seed="3,3,0,5,3,74" ten="370,182,173,275" oya="3" hai0="105,1,111,73,118,79,55,122,7,116,70,107,75" hai1="131,34,62,38,82,126,30,59,23,36,44,119,99" hai2="56,76,61,42,93,29,133,104,41,21,11,58,85" hai3="35,63,51,54,91,28,125,87,6,114,96,123,135"/><W109/><G114/><T52/><D122/><U14/><E131/><V20/><F104/><W110/><G123/><T15/><D70/><U50/><E126/><V64/><F133/><W77/><G135/><T2/><D15/><U68/><E68/><V18/><F56/><W89/><G125/><T57/><D57/><U48/><E34/><V5/><F29/><W4/><G63/><T134/><D134/><U45/><E38/><V124/><F124/><W33/><G96/><T97/><D97/><U102/><E36/><V86/><F86/><W132/><G132/><T80/><D111/><N who="3" m="42505" /><G91/><T39/><D39/><U66/><E102/><V32/><F32/><N who="3" m="12363" /><G28/><T120/><D120/><U9/><E99/><V121/><F121/><W71/><G71/><T60/><D60/><U100/><E100/><V130/><F130/><W69/><G69/><T49/><D107/><U27/><E119/><V40/><F76/><W16/><G16/><T19/><D105/><U103/><E103/><V112/><F112/><W12/><G12/><T84/><D19/><U113/><E113/><V25/><F18/><W67/><G67/><T95/><D118/><U83/><E14/><N who="2" m="5487" /><F25/><W46/><G89/><AGARI ba="3,0" hai="20,21,40,41,42,58,61,64,85,89,93" m="5487" machi="89" ten="30,1000,0" yaku="8,1" doraHai="74" who="2" fromWho="3" sc="370,0,182,0,173,19,275,-19" owari="370,47.0,182,-31.8,192,-20.8,256,5.6" /></mjloggm>