<mjloggm ver="2.3"><GO type="225" lobby="0"/><UN n0="%70%68%65%6E%6F%6D%65" n1="%E5%80%89%E6%A9%8B%EF%BC%A0%E4%BA%8B%E5%8B%99" n2="%E5%B8%86%E7%AB%8B%E5%A4%8F%E8%A1%A3" n3="%41%54%53%4D" dan="17,16,16,16" rate="2163.25,2102.70,2128.66,2091.73" sx="M,M,M,M"/><TAIKYOKU oya="0"/><INIT seed="0,0,0,4,5,16" ten="250,250,250,250" oya="0" hai0="80,42,13,126,57,15,130,105,17,77,30,55,21" hai1="12,82,53,94,120,93,108,44,2,135,0,63,101" hai2="110,87,40,100,66,5,1,78,73,71,7,59,18" hai3="84,129,96,106,76,36,72,60,28,61,52,69,41"/><T58/><D126/><U83/><E120/><V10/><F110/><W81/><G129/><T121/><D121/><U85/><E108/><V107/><F71/><W31/><G61/><T122/><D122/><U134/><E12/><V20/><F7/><W64/><G72/><T98/><D130/><U115/><E115/><V51/><F73/><W92/><G106/><T6/><D42/><U86/><E63/><V118/><F118/><W75/><G75/><T35/><D30/><U128/><E128/><V90/><F78/><W99/><G99/><T43/><D43/><U102/><E44/><V32/><F32/><W116/><G116/><T26/><D35/><U131/><E131/><V117/><F117/><W127/><G127/><T49/><D57/><U119/><E119/><V4/><F4/><W74/><G74/><T97/><D105/><U123/><E123/><V125/><F125/><W47/><REACH who="3" step="1"/><G52/><AGARI ba="0,0" hai="0,2,52,53,82,83,85,86,93,94,101,102,134,135" machi="52" ten="25,3200,0" yaku="22,2,54,1" doraHai="16" who="1" fromWho="3" sc="250,0,250,32,250,0,250,-32" /><INIT seed="1,0,0,3,2,56" ten="250,282,250,218" oya="1" hai0="37,7,57,120,93,29,89,67,64,92,66,38,106" hai1="54,47,72,34,18,79,81,27,26,49,44,4,12" hai2="9,135,86,63,108,30,119,14,97,95,45,43,112" hai3="75,60,50,134,70,8,90,53,17,105,113,13,118"/><U46/><E4/><V76/><F108/><W100/><G113/><T69/><D106/><U0/><E0/><V51/><F135/><W102/><G134/><T48/><D120/><U122/><E122/><V59/><F119/><W1/><G118/><T83/><D69/><U52/><E34/><V2/><F2/><W96/><G75/><T71/><D71/><U129/><E129/><V111/><F111/><W32/><G32/><T82/><D29/><U125/><E125/><V55/><F30/><W77/><G77/><T121/><D121/><U15/><E15/><V10/><F112/><W19/><G1/><T25/><D25/><U99/><E99/><V114/><F114/><W80/><G102/><T104/><D104/><U68/><E68/><V36/><F36/><W85/><G70/><T116/><D116/><U91/><E91/><V65/><F14/><W88/><G19/><T24/><D24/><U123/><E123/><V103/><F43/><W127/><G90/><T33/><D7/><U73/><E73/><V22/><F22/><W107/><G107/><T74/><D92/><U130/><E130/><V31/><F31/><W126/><REACH who="3" step="1"/><G60/><REACH who="3" ten="250,282,250,208" step="2"/><T132/><D132/><U28/><E28/><V101/><F103/><W61/><G61/><T42/><D74/><U58/><REACH who="1" step="1"/><E54/><REACH who="1" ten="250,272,250,208" step="2"/><V23/><F101/><W35/><G35/><T78/><D33/><U128/><E128/><V39/><F76/><W21/><G21/><AGARI ba="0,2" hai="12,18,21,26,27,44,46,47,49,52,58,72,79,81" machi="21" ten="40,3900,0" yaku="1,1,54,1,53,0" doraHai="56" doraHaiUra="6" who="1" fromWho="3" sc="250,0,272,59,250,0,208,-39" /><INIT seed="1,1,0,2,4,20" ten="250,331,250,169" oya="1" hai0="61,29,67,17,32,0,36,90,79,109,35,114,130" hai1="12,86,91,19,58,31,25,95,96,97,68,131,23" hai2="18,5,115,132,81,73,52,83,57,50,134,42,48" hai3="117,34,8,16,74,38,49,88,41,103,44,121,4"/><U72/><E68/><V9/><F115/><W28/><G121/><T113/><D36/><U70/><E131/><V69/><F69/><W56/><G117/><T1/><D90/><U124/><E124/><V59/><F18/><W30/><G74/><T62/><D79/><U126/><E126/><V108/><F108/><W51/><G103/><T98/><D98/><U7/><E70/><V66/><F73/><W104/><G104/><T84/><D84/><U27/><E72/><V111/><F111/><W39/><G39/><T80/><D109/><U11/><REACH who="1" step="1"/><E58/><REACH who="1" ten="250,321,250,169" step="2"/><V55/><F59/><W71/><G71/><T40/><D130/><U93/><E93/><V13/><F57/><W102/><G56/><T112/><D113/><U77/><E77/><V6/><F132/><W75/><G75/><T3/><D112/><U100/><E100/><V15/><F134/><W106/><G102/><T133/><D114/><U54/><E54/><V92/><F92/><W123/><G106/><T64/><D133/><U10/><E10/><V120/><F9/><W129/><G123/><T53/><D53/><U22/><AGARI ba="1,1" hai="7,11,12,19,22,23,25,27,31,86,91,95,96,97" machi="22" ten="20,18000,2" yaku="1,1,0,1,7,1,8,1,52,2,53,0" doraHai="20" doraHaiUra="118" who="1" fromWho="1" sc="250,-61,321,193,250,-61,169,-61" /><INIT seed="1,2,0,4,2,16" ten="189,514,189,108" oya="1" hai0="129,73,107,98,46,0,74,112,123,38,11,17,43" hai1="15,93,35,58,111,72,91,2,3,31,67,80,19" hai2="85,115,108,100,21,88,27,127,42,14,102,120,20" hai3="135,114,132,113,39,1,94,75,24,28,48,104,9"/><U95/><E35/><V6/><F108/><W33/><G104/><T65/><D112/><N who="3" m="43113" /><G94/><T7/><D129/><U44/><E31/><N who="2" m="17895" /><F127/><W47/><G48/><T96/><D123/><U12/><E44/><V8/><F120/><W50/><G50/><T54/><D54/><U71/><E71/><V4/><F115/><W79/><G79/><T117/><D117/><U64/><E111/><V86/><F42/><N who="3" m="23007" /><G75/><T70/><D17/><U40/><E40/><V61/><F61/><W32/><G32/><T134/><D134/><N who="3" m="51241" /><G9/><T122/><D122/><U128/><E128/><V90/><F21/><W63/><G63/><N who="0" m="40255" /><D98/><U60/><E72/><V121/><F121/><W133/><N who="3" m="51249" /><W34/><DORA hai="109" /><G34/><T119/><D119/><U66/><E60/><V69/><F86/><W18/><G18/><T131/><D131/><U53/><E19/><V116/><F85/><W5/><G5/><T13/><D96/><U106/><E95/><V52/><F6/><W125/><G1/><T87/><D107/><U83/><E106/><V56/><F4/><W29/><G28/><T126/><D87/><N who="1" m="52479" /><E2/><V82/><F8/><W97/><G97/><T78/><D0/><U45/><E3/><V92/><F92/><W41/><G41/><T55/><D78/><U30/><E30/><V23/><F90/><W124/><AGARI ba="2,0" hai="24,29,33,124,125" m="51249,23007,43113" machi="124" ten="50,8000,1" yaku="20,1,23,1,52,3" doraHai="16,109" who="3" fromWho="3" sc="189,-22,514,-42,189,-22,108,86" /><INIT seed="2,0,0,1,4,56" ten="167,472,167,194" oya="2" hai0="69,41,77,120,73,31,22,19,59,82,17,15,24" hai1="89,108,87,32,13,105,18,39,93,128,3,5,23" hai2="94,78,126,65,60,33,52,30,50,47,27,12,96" hai3="72,131,99,21,112,53,43,38,44,135,88,54,58"/><V42/><F126/><W81/><G131/><T49/><D69/><U116/><E116/><V113/><F113/><W10/><G112/><T98/><D120/><U106/><E39/><V6/><F78/><W9/><G135/><T2/><D2/><U100/><E32/><V26/><F42/><W97/><G21/><T117/><D117/><U1/><E128/><V71/><F27/><W67/><G72/><T20/><D98/><U45/><E45/><V51/><F50/><W62/><G97/><T103/><D103/><U34/><E34/><V16/><F6/><W70/><G54/><T63/><D41/><U101/><E108/><V119/><F119/><W84/><REACH who="3" step="1"/><G99/><REACH who="3" ten="167,472,167,184" step="2"/><T46/><D31/><U134/><E23/><V115/><F115/><W125/><G125/><T57/><D20/><U0/><E134/><V85/><F85/><W25/><G25/><T109/><D109/><U121/><E87/><V64/><F64/><W129/><G129/><T133/><D133/><U124/><E124/><V11/><REACH who="2" step="1"/><F96/><REACH who="2" ten="167,472,157,184" step="2"/><W111/><G111/><T123/><D24/><U90/><E100/><V55/><F55/><W95/><G95/><AGARI ba="0,2" hai="11,12,16,26,30,33,47,51,52,60,65,71,94,95" machi="95" ten="40,12000,1" yaku="1,1,52,1,54,2,53,0" doraHai="56" doraHaiUra="80" who="2" fromWho="3" sc="167,0,472,0,157,140,184,-120" /><INIT seed="2,1,0,4,3,54" ten="167,472,297,64" oya="2" hai0="102,33,34,118,108,56,84,76,11,48,132,40,50" hai1="53,95,32,105,98,15,0,111,26,9,16,109,63" hai2="79,80,69,31,123,81,127,17,30,39,120,60,115" hai3="89,124,91,110,70,8,85,78,88,55,73,114,86"/><V71/><F115/><W62/><G114/><T119/><D108/><N who="1" m="41547" /><E105/><V42/><F127/><W21/><G110/><T25/><D132/><U24/><E32/><V19/><F42/><W129/><G124/><T10/><D102/><N who="1" m="60767" /><E0/><V99/><F99/><W92/><G129/><T6/><D40/><U94/><E94/><V90/><F60/><W134/><G134/><T131/><D84/><U4/><E4/><V22/><F22/><W72/><G78/><T41/><D76/><U97/><E97/><V2/><F79/><W83/><G91/><T117/><D41/><U68/><E53/><V96/><F96/><W5/><G21/><T3/><D131/><U122/><E122/><V35/><F35/><W49/><G62/><T59/><D118/><U37/><E37/><V43/><F43/><W93/><G83/><T101/><D101/><U77/><E77/><V14/><F2/><W66/><G66/><AGARI ba="1,0" hai="9,15,16,24,26,63,66,68" m="60767,41547" machi="66" ten="30,2000,0" yaku="14,1,54,1" doraHai="54" who="1" fromWho="3" sc="167,0,472,23,297,0,64,-23" /><INIT seed="3,0,0,2,4,109" ten="167,495,297,41" oya="3" hai0="6,59,134,38,34,44,52,9,36,45,112,2,93" hai1="118,65,39,98,25,67,128,54,90,121,30,55,21" hai2="100,43,133,26,83,17,79,85,80,106,107,22,119" hai3="102,135,62,91,51,72,41,57,114,101,130,42,88"/><W70/><G72/><T14/><D34/><U12/><E121/><V115/><F115/><W37/><G130/><T29/><D29/><U63/><E39/><V48/><F119/><W105/><G135/><T73/><D73/><U95/><E128/><V110/><F110/><W60/><G114/><T84/><D134/><U24/><E118/><V56/><F133/><W5/><G5/><T50/><D112/><U94/><E12/><V111/><F111/><W131/><G131/><T68/><D68/><U40/><E40/><N who="3" m="15466" /><G37/><T125/><D125/><U4/><E4/><V49/><F100/><N who="3" m="38507" /><G70/><T122/><D122/><U23/><E94/><V127/><F127/><W46/><G105/><T129/><D129/><U86/><E86/><N who="2" m="48415" /><F107/><W77/><G77/><T16/><D38/><U123/><E123/><V66/><F43/><N who="3" m="25055" /><G62/><T33/><D36/><U19/><E65/><AGARI ba="0,0" hai="57,60,65,88,91" m="25055,38507,15466" machi="65" ten="30,2900,0" yaku="8,1,54,1" doraHai="109" who="3" fromWho="1" sc="167,0,495,-29,297,0,41,29" /><INIT seed="3,1,0,0,0,26" ten="167,466,297,70" oya="3" hai0="22,103,70,45,43,116,134,30,37,35,96,28,41" hai1="69,113,4,115,5,80,118,86,7,89,54,34,60" hai2="66,13,42,31,93,53,55,126,0,36,9,108,127" hai3="8,72,95,87,20,129,67,73,51,3,65,19,111"/><W88/><G129/><T1/><D1/><U32/><E118/><V99/><F31/><W14/><G111/><T130/><D116/><U117/><E117/><V63/><F0/><W56/><G73/><T76/><D70/><U33/><REACH who="1" step="1"/><E54/><REACH who="1" ten="167,456,297,70" step="2"/><V97/><F108/><W84/><G72/><T119/><D130/><U109/><E109/><V62/><F93/><W114/><G114/><T124/><D134/><U81/><E81/><V44/><F97/><W122/><G122/><T132/><D124/><U29/><E29/><V133/><F13/><W120/><G120/><T79/><D132/><U92/><E92/><V58/><F9/><W125/><G125/><T110/><D110/><U27/><E27/><V17/><F17/><W74/><G74/><T105/><D35/><U15/><E15/><V6/><F36/><W61/><G67/><AGARI ba="1,1" hai="4,5,7,32,33,34,60,67,69,80,86,89,113,115" machi="67" ten="50,1600,0" yaku="1,1,53,0" doraHai="26" doraHaiUra="91" who="1" fromWho="3" sc="167,0,456,29,297,0,70,-19" owari="167,-23.3,485,58.5,297,9.7,51,-44.9" /></mjloggm>