<mjloggm ver="2.3"><GO type="225" lobby="0"/><UN n0="%6D%75%75%6D%75%72%61" n1="%30%2E%31%32%30" n2="%45%6C%79%73%69%75%6D" n3="%E3%81%95%E3%81%8D%E3%81%9F%E3%81%BE%E6%9E%97%E6%AA%8E" dan="17,16,18,16" rate="2183.42,2076.49,2165.74,2096.63" sx="F,M,F,M"/><TAIKYOKU oya="0"/><INIT seed="0,0,0,2,3,129" ten="250,250,250,250" oya="0" hai0="127,77,71,68,110,32,26,94,93,58,54,47,52" hai1="57,130,22,27,100,86,12,83,11,59,33,106,104" hai2="121,80,109,72,19,13,96,74,29,95,123,91,105" hai3="48,35,44,73,85,40,69,98,39,88,56,117,99"/><T14/><D127/><U122/><E33/><V111/><F29/><W113/><G113/><T89/><D77/><U70/><E70/><V21/><F105/><W9/><G117/><T84/><D110/><N who="2" m="41994" /><F80/><W16/><G73/><AGARI ba="0,0" hai="13,19,21,72,73,74,91,95,96,121,123" m="41994" machi="73" ten="30,1000,0" yaku="14,1" doraHai="129" who="2" fromWho="3" sc="250,0,250,0,250,10,250,-10" /><INIT seed="1,0,0,2,2,128" ten="250,250,260,240" oya="1" hai0="44,56,130,99,20,23,58,120,77,4,45,91,16" hai1="104,102,114,40,101,48,88,92,100,72,57,122,13" hai2="24,8,28,109,54,90,134,121,117,65,31,123,116" hai3="87,82,59,83,112,35,94,17,79,43,126,1,74"/><U34/><E114/><V118/><F65/><W110/><G112/><T26/><D130/><U21/><E34/><V96/><F54/><W5/><G35/><T81/><D120/><U42/><E72/><V95/><F109/><W113/><G110/><T9/><D99/><N who="1" m="57735" /><E104/><V68/><F68/><W6/><G126/><T71/><D71/><U86/><E86/><V89/><F8/><W84/><G113/><T50/><D91/><U29/><E122/><V108/><F108/><W60/><G1/><T64/><D23/><U125/><E125/><V127/><F127/><W22/><G74/><T30/><D30/><U76/><E76/><V12/><F31/><W132/><G132/><T53/><D64/><U18/><E29/><V70/><F70/><W131/><G131/><T0/><REACH who="0" step="1"/><D58/><REACH who="0" ten="240,250,260,240" step="2"/><U97/><E97/><V41/><F121/><W119/><G119/><T135/><D135/><U105/><E105/><V14/><F134/><W7/><G94/><T10/><D10/><U27/><E27/><V25/><F123/><W98/><G98/><T51/><D51/><U75/><E57/><V111/><F111/><W115/><G115/><T85/><AGARI ba="0,1" hai="0,4,9,16,20,26,44,45,50,53,56,77,81,85" machi="85" ten="20,8000,1" yaku="1,1,0,1,7,1,54,1,53,1" doraHai="128" doraHaiUra="33" who="0" fromWho="0" sc="240,90,250,-40,260,-20,240,-20" /><INIT seed="2,0,0,4,5,68" ten="330,210,240,220" oya="2" hai0="23,84,128,118,19,65,86,92,33,14,135,41,103" hai1="91,76,51,5,78,96,15,2,36,60,7,57,58" hai2="93,54,39,56,61,89,21,119,67,44,127,55,112" hai3="85,131,113,120,69,95,77,124,34,81,63,126,108"/><V115/><F119/><W90/><G34/><T66/><D118/><U3/><E15/><V130/><F130/><W105/><G69/><T129/><D128/><U20/><E20/><V50/><F127/><N who="3" m="48683" /><G131/><T106/><D129/><U111/><E111/><V73/><F73/><N who="3" m="43183" /><G63/><T125/><D125/><U16/><E36/><V123/><F123/><W74/><G108/><T88/><D33/><U30/><E30/><V24/><F39/><W35/><G35/><T13/><D135/><U46/><E2/><V42/><F112/><W6/><G6/><N who="1" m="2058" /><E3/><V97/><REACH who="2" step="1"/><F115/><REACH who="2" ten="330,210,230,220" step="2"/><W18/><G113/><T107/><D107/><U0/><E0/><V1/><F1/><W9/><G74/><T22/><D106/><U37/><E37/><V11/><F11/><W62/><G105/><T104/><D104/><U53/><E78/><V109/><F109/><W48/><G120/><T25/><D23/><U133/><E76/><V31/><AGARI ba="0,1" hai="21,24,31,42,44,50,54,55,56,61,67,89,93,97" machi="31" ten="20,7800,0" yaku="1,1,0,1,7,1,8,1,53,0" doraHai="68" doraHaiUra="28" who="2" fromWho="2" sc="330,-26,210,-26,230,88,220,-26" /><INIT seed="2,1,0,1,2,90" ten="304,184,318,194" oya="2" hai0="88,98,87,8,60,29,92,112,125,33,97,127,43" hai1="66,129,50,124,49,25,134,55,47,48,113,73,82" hai2="111,83,114,52,101,5,119,2,79,0,122,78,100" hai3="67,37,61,103,23,89,115,95,9,41,91,62,21"/><V59/><F119/><W45/><G115/><T40/><D112/><U56/><E113/><V132/><F114/><W11/><G103/><T31/><D60/><U72/><E129/><V15/><F122/><W77/><G77/><T94/><D8/><U76/><E124/><N who="0" m="47689" /><D87/><U27/><E134/><V107/><F132/><W99/><G62/><T109/><D109/><U106/><E106/><V44/><F44/><W108/><G108/><T22/><D33/><U32/><E73/><V12/><F111/><W117/><G117/><T42/><D22/><U17/><E66/><V104/><F59/><W14/><G11/><T123/><D123/><U110/><E110/><V84/><F84/><W93/><G9/><T68/><D68/><U3/><E3/><V133/><F133/><W19/><G14/><T28/><D40/><U74/><E74/><V71/><F71/><W7/><G7/><T135/><D135/><U128/><E128/><V46/><F5/><W24/><G23/><T10/><D10/><U4/><E4/><V69/><F69/><W35/><G35/><T126/><N who="0" m="47697" /><T20/><DORA hai="30" /><D20/><U6/><E6/><V58/><F12/><W80/><G80/><T86/><D86/><U85/><E72/><V96/><F15/><W26/><G26/><N who="1" m="9738" /><E32/><V1/><F1/><W57/><G57/><T75/><D75/><U121/><E121/><V18/><F58/><W54/><G54/><T38/><D38/><U102/><E17/><V116/><F18/><W51/><G37/><T120/><D120/><U34/><E34/><V65/><F0/><W130/><G130/><RYUUKYOKU ba="1,0" sc="304,30,184,-10,318,-10,194,-10" hai0="28,29,31,42,43,88,92,94,97,98" /><INIT seed="3,2,0,0,4,72" ten="334,174,308,184" oya="3" hai0="79,8,68,37,133,47,115,127,10,3,123,108,93" hai1="118,40,11,56,116,55,104,135,45,128,75,130,110" hai2="38,50,12,53,23,51,82,44,76,124,19,91,122" hai3="105,31,16,61,120,9,21,36,33,103,52,42,134"/><W101/><G120/><T60/><D123/><U80/><E110/><V88/><F122/><W121/><G121/><T77/><D108/><U86/><E104/><V107/><F107/><W5/><G105/><T59/><D68/><U35/><E35/><V97/><F38/><W100/><G36/><T29/><D127/><U111/><E75/><V112/><F112/><W85/><G42/><T17/><D115/><U27/><E111/><V0/><F0/><W18/><G33/><T58/><D29/><U63/><E27/><V6/><F6/><W67/><G134/><T71/><D71/><U126/><E126/><V95/><F51/><W114/><G114/><T66/><D133/><U34/><E34/><V90/><F124/><W62/><G67/><T102/><D3/><U96/><E96/><V131/><F131/><N who="1" m="50217" /><E11/><N who="0" m="4137" /><D47/><U24/><E24/><V113/><F113/><W25/><G85/><AGARI ba="2,0" hai="12,19,23,44,50,53,76,82,85,88,90,91,95,97" machi="85" ten="30,7700,0" yaku="7,1,8,1,52,1,54,1" doraHai="72" who="2" fromWho="3" sc="334,0,174,0,308,83,184,-83" owari="334,13.4,174,-22.6,391,49.1,101,-39.9" /></mjloggm>