<mjloggm ver="2.3"><GO type="225" lobby="0"/><UN n0="%E5%B8%86%E7%AB%8B%E5%A4%8F%E8%A1%A3" n1="%E6%A1%9C%E8%8A%B1%E9%96%83%E3%80%85" n2="%E3%83%AB%E3%83%9B%E3%83%B3%E3%83%87%E3%82%A3%E3%82%A8" n3="%4E%49%4A%49%49%52%4F" dan="16,17,17,16" rate="2111.78,2225.36,2197.58,2167.53" sx="M,M,M,M"/><TAIKYOKU oya="0"/><INIT seed="0,0,0,4,5,124" ten="250,250,250,250" oya="0" hai0="51,35,79,78,57,130,54,63,93,118,10,19,133" hai1="113,13,132,91,38,111,24,29,49,25,9,31,6" hai2="98,77,58,69,104,106,36,134,107,83,59,37,21" hai3="85,61,116,122,87,17,135,30,101,82,8,28,128"/><T127/><D127/><U11/><E38/><V95/><F69/><W42/><G116/><T72/><D133/><U7/><E132/><V108/><F134/><W94/><G135/><T67/><D35/><N who="1" m="20903" /><E91/><V121/><F121/><W3/><G122/><T125/><D72/><U120/><E49/><V56/><F21/><W20/><G42/><T52/><D125/><U66/><E66/><V43/><F108/><W68/><G68/><T117/><D117/><U109/><E120/><V123/><F123/><W27/><G61/><T53/><D118/><U129/><E113/><V46/><F36/><W16/><G3/><T15/><D130/><U112/><E112/><V100/><REACH who="2" step="1"/><F59/><REACH who="2" ten="250,250,240,250" step="2"/><W32/><G20/><T44/><REACH who="0" step="1"/><D93/><REACH who="0" ten="240,250,240,250" step="2"/><U90/><E129/><V92/><F92/><W34/><G94/><T88/><D88/><U5/><E90/><V26/><F26/><W89/><G27/><T73/><D73/><AGARI ba="0,2" hai="37,43,46,56,58,73,77,83,95,98,100,104,106,107" machi="73" ten="40,1300,0" yaku="1,1,53,0" doraHai="124" doraHaiUra="33" who="2" fromWho="0" sc="240,-13,250,0,240,33,250,0" /><INIT seed="1,0,0,0,5,110" ten="227,250,273,250" oya="1" hai0="106,45,16,11,132,35,135,123,115,77,5,74,82" hai1="124,58,64,3,12,75,101,14,87,119,49,105,84" hai2="114,126,131,120,0,117,99,89,133,98,53,15,1" hai3="109,48,17,78,102,125,2,94,37,112,44,76,13"/><U93/><E119/><V62/><F117/><W38/><G109/><T61/><D106/><U67/><E3/><V71/><F120/><W86/><G2/><T24/><D123/><U113/><E75/><V21/><F99/><W81/><G125/><T127/><D127/><U96/><E124/><V56/><F71/><W51/><G78/><T20/><D35/><U128/><E128/><V121/><F121/><W50/><G44/><T107/><D107/><U134/><E134/><N who="0" m="51241" /><D45/><U118/><E113/><V7/><F131/><W104/><G104/><T92/><D92/><U33/><E33/><V116/><F116/><W22/><REACH who="3" step="1"/><G112/><REACH who="3" ten="227,250,273,240" step="2"/><T63/><D115/><U18/><E105/><V46/><F46/><W39/><G39/><T73/><D74/><U42/><E118/><V69/><F0/><AGARI ba="0,1" hai="0,5,11,16,20,24,61,63,73,77,82" m="51241" machi="0" ten="30,2000,0" yaku="20,1,54,1" doraHai="110" who="0" fromWho="2" sc="227,30,250,0,273,-20,240,0" /><INIT seed="2,0,0,0,4,106" ten="257,250,253,240" oya="2" hai0="10,66,126,41,3,82,81,42,56,27,38,83,84" hai1="33,97,32,105,26,114,122,67,62,70,37,79,30" hai2="135,90,88,99,86,5,47,132,19,39,12,72,11" hai3="124,68,76,116,119,109,60,96,108,123,95,104,93"/><V29/><F29/><W14/><G14/><T61/><D126/><U34/><E114/><V17/><F99/><W128/><G68/><T80/><D38/><U21/><E37/><V125/><F125/><W94/><G60/><T100/><D100/><N who="1" m="62607" /><E21/><V7/><F72/><W24/><G24/><T36/><D36/><U75/><E122/><V63/><F63/><W58/><G58/><T111/><D111/><N who="3" m="42569" /><G124/><T134/><D134/><N who="2" m="51242" /><F5/><W101/><G123/><T85/><D27/><U48/><E48/><V92/><F90/><W31/><G31/><T102/><D102/><U6/><E6/><V133/><N who="2" m="51250" /><V43/><AGARI ba="0,0" hai="7,11,12,17,19,39,43,47,86,88,92" m="51250" machi="43" ten="40,7800,0" yaku="4,1,20,1,54,1" doraHai="106" who="2" fromWho="2" sc="257,-26,250,-26,253,78,240,-26" /><INIT seed="2,1,0,5,1,106" ten="231,224,331,214" oya="2" hai0="64,92,69,30,1,115,111,134,36,39,98,125,57" hai1="46,131,83,88,105,29,41,60,0,122,113,8,72" hai2="127,51,35,31,77,81,73,87,103,19,135,126,34" hai3="114,9,124,117,24,10,129,101,108,42,116,13,15"/><V107/><F19/><W45/><G101/><T52/><D115/><U128/><E113/><V78/><F51/><W5/><G114/><T76/><D1/><U17/><E105/><V84/><F31/><W56/><G108/><T28/><D111/><U7/><E122/><V96/><F135/><W100/><G100/><T3/><D3/><U58/><E17/><V38/><F38/><W65/><G129/><N who="1" m="49738" /><E29/><V80/><REACH who="2" step="1"/><F87/><REACH who="2" ten="231,224,321,214" step="2"/><W25/><G117/><T90/><D30/><U97/><E41/><V59/><F59/><W75/><G116/><T4/><D28/><U6/><E46/><V55/><F55/><W62/><G45/><T32/><D134/><U18/><E18/><V43/><F43/><W68/><G42/><T130/><D130/><U23/><E7/><V21/><F21/><W99/><G5/><T71/><D4/><U110/><E23/><V95/><F95/><W2/><G56/><T14/><D39/><U50/><E50/><V82/><F82/><W63/><G9/><T20/><D36/><U33/><E110/><V123/><F123/><W89/><G10/><T121/><D121/><U93/><E33/><AGARI ba="1,1" hai="33,34,35,73,77,78,80,81,84,96,103,107,126,127" machi="33" ten="40,3900,0" yaku="1,1,52,1,53,0" doraHai="106" doraHaiUra="47" who="2" fromWho="1" sc="231,0,224,-42,321,52,214,0" /><INIT seed="2,2,0,0,0,41" ten="231,182,373,214" oya="2" hai0="32,4,126,59,127,122,114,45,80,76,107,74,56" hai1="30,135,17,6,15,117,24,93,91,92,121,124,62" hai2="48,1,14,81,75,31,95,0,68,84,3,71,55" hai3="113,101,22,72,97,13,51,96,46,77,109,67,25"/><V23/><F75/><W52/><G109/><T131/><D122/><U58/><E121/><V19/><F31/><W43/><G113/><T66/><D114/><U37/><E117/><V8/><F95/><W130/><G130/><T16/><D107/><U61/><E124/><N who="0" m="47657" /><D131/><U7/><E135/><V132/><F23/><W5/><G67/><T20/><D32/><U102/><E37/><V47/><F132/><W36/><G77/><T116/><D4/><U63/><E58/><V94/><F94/><W27/><G72/><T110/><D110/><U108/><E93/><V57/><F57/><W42/><G36/><T79/><D79/><U120/><E102/><V11/><F11/><N who="3" m="4335" /><G25/><N who="0" m="14471" /><D66/><U100/><E100/><V85/><F85/><W134/><G134/><T123/><D123/><U26/><E120/><V12/><F12/><W133/><G133/><T128/><D128/><U21/><E26/><V105/><F105/><W88/><G101/><T9/><D116/><U44/><E44/><V87/><F87/><W53/><G88/><AGARI ba="2,0" hai="0,1,3,8,14,19,47,48,55,68,71,81,84,88" machi="88" ten="40,12000,1" yaku="25,2,52,1,54,1" doraHai="41" who="2" fromWho="3" sc="231,0,182,0,373,126,214,-126" /><INIT seed="2,3,0,3,5,81" ten="231,182,499,88" oya="2" hai0="89,50,55,38,63,8,10,128,41,29,119,85,11" hai1="88,97,106,102,80,16,46,49,79,32,7,44,94" hai2="104,19,61,68,96,105,135,27,13,3,21,126,66" hai3="51,99,78,132,72,118,100,40,64,24,37,26,65"/><V58/><F3/><W91/><G118/><T28/><D119/><U1/><E32/><V111/><F126/><W84/><G37/><T125/><D128/><U62/><E62/><V123/><F123/><W108/><G108/><T103/><D103/><U42/><E46/><V36/><F36/><W20/><G132/><T31/><D125/><U77/><E16/><V59/><F68/><W25/><G72/><T129/><D129/><U110/><E110/><V0/><F0/><W30/><G78/><T95/><D38/><U5/><E1/><V56/><F105/><W48/><G25/><T57/><D63/><U17/><E17/><V14/><F104/><W124/><G26/><T45/><D57/><U9/><E9/><V127/><F135/><W53/><G40/><AGARI ba="3,0" hai="8,10,11,28,29,31,40,41,45,50,55,85,89,95" machi="40" ten="40,2600,0" yaku="8,1,52,1" doraHai="81" who="0" fromWho="3" sc="231,35,182,0,499,0,88,-35" /><INIT seed="3,0,0,0,3,101" ten="266,182,499,53" oya="3" hai0="112,28,134,16,74,2,122,119,67,41,118,44,22" hai1="32,114,78,102,98,24,123,39,71,3,94,86,7" hai2="77,130,85,79,56,10,45,80,20,103,92,37,31" hai3="36,126,8,117,91,42,13,30,6,27,49,15,9"/><W100/><G36/><T84/><D74/><U128/><E71/><V62/><F10/><W88/><G117/><T48/><D122/><U40/><E123/><V33/><F33/><W17/><G126/><T63/><D112/><U23/><E32/><V89/><F45/><N who="3" m="25783" /><G100/><T104/><D104/><U57/><E114/><V18/><F37/><W111/><G111/><T106/><D106/><U19/><E128/><V75/><F31/><W38/><G38/><T60/><D2/><U87/><E78/><V66/><F130/><W59/><G59/><T35/><D134/><U95/><E57/><V4/><F4/><W47/><G47/><T65/><D35/><U46/><REACH who="1" step="1"/><E94/><REACH who="1" ten="266,172,499,53" step="2"/><V14/><F75/><W43/><G43/><N who="0" m="24607" /><D119/><U29/><E29/><V131/><F131/><W81/><G81/><T58/><D28/><U90/><E90/><N who="2" m="51495" /><F103/><W116/><G116/><T26/><D41/><U132/><E132/><V50/><F50/><W121/><G121/><T25/><D118/><U108/><E108/><V115/><F115/><W124/><G124/><T11/><D58/><U54/><E54/><V127/><F127/><W125/><G125/><T1/><D63/><U73/><E73/><V99/><AGARI ba="0,1" hai="14,18,20,56,62,66,77,79,89,92,99" m="51495" machi="99" ten="30,1100,0" yaku="8,1" doraHai="101" who="2" fromWho="2" sc="266,-3,172,-3,499,21,53,-5" owari="263,6.3,169,-23.1,520,62.0,48,-45.2" /></mjloggm>