<mjloggm ver="2.3"><GO type="225" lobby="0"/><UN n0="%E3%81%8B%E3%82%8F%E3%81%A1%E3%82%83%E3%82%93%35%38" n1="%28%EF%BF%A3%E2%96%BD%EF%BF%A3%29%CE%B4%E2%8C%92%E3%83%BB" n2="%33%74%72%65%65" n3="%E6%B4%BE%E9%81%A3%E3%81%AE%E3%82%B8%E3%83%A3%E3%83%83%E3%82%AF" dan="17,16,16,17" rate="2243.79,2102.98,2172.21,2225.60" sx="M,M,F,M"/><TAIKYOKU oya="0"/><INIT seed="0,0,0,1,4,30" ten="250,250,250,250" oya="0" hai0="109,4,19,80,59,60,37,77,128,24,119,15,124" hai1="108,27,32,118,51,50,26,68,105,8,79,127,107" hai2="69,104,89,129,10,22,25,132,116,61,95,48,1" hai3="57,45,120,81,35,9,110,29,83,0,84,90,3"/><T131/><D119/><U135/><E68/><V101/><F116/><W134/><G110/><T49/><D37/><U78/><E118/><V39/><F39/><W16/><G134/><T36/><D36/><U126/><E8/><V114/><F132/><W33/><G45/><T71/><D124/><U46/><E46/><V117/><F117/><W41/><G41/><T99/><D109/><U40/><E40/><V44/><F129/><N who="0" m="49738" /><D99/><U20/><E20/><V72/><F22/><W56/><G29/><T75/><D24/><U66/><E135/><V52/><F25/><W42/><G42/><T18/><D49/><U47/><E47/><V11/><F48/><W133/><G133/><T94/><D94/><U93/><E93/><V103/><F95/><W67/><G120/><T113/><D71/><U76/><E76/><V115/><F69/><W92/><G92/><T17/><D113/><U53/><E53/><V130/><F52/><W85/><G9/><N who="0" m="6383" /><D4/><U106/><E106/><V54/><F104/><W21/><G21/><T6/><D6/><U34/><REACH who="1" step="1"/><E108/><REACH who="1" ten="250,240,250,250" step="2"/><V86/><F130/><W74/><G81/><T70/><D70/><U2/><E2/><V102/><F1/><W112/><G112/><T13/><D13/><U12/><E12/><V82/><F115/><W31/><G83/><T43/><D43/><U5/><E5/><V14/><F114/><W98/><G0/><T73/><D73/><U55/><E55/><AGARI ba="0,1" hai="18,19,55,59,60,75,77,80" m="6383,49738" machi="55" ten="30,1500,0" yaku="19,1" doraHai="30" who="0" fromWho="1" sc="250,25,240,-15,250,0,250,0" /><INIT seed="0,1,0,5,4,70" ten="275,225,250,250" oya="0" hai0="41,110,99,51,89,33,113,125,13,46,37,67,40" hai1="15,57,92,16,64,55,108,22,69,23,24,29,87" hai2="111,119,60,66,107,123,6,11,12,32,83,128,127" hai3="53,72,95,103,124,1,58,0,131,10,102,9,97"/><T76/><D33/><U106/><E106/><V84/><F123/><W44/><G72/><T101/><D113/><U118/><E108/><V61/><F111/><W75/><G75/><T56/><D110/><U36/><E118/><V65/><F119/><W121/><G124/><T90/><D125/><U35/><E69/><V21/><F32/><W8/><G131/><T93/><D76/><U122/><E64/><N who="2" m="24683" /><F107/><W45/><G121/><T42/><D13/><U17/><E122/><V38/><F38/><W114/><G114/><T25/><D25/><U74/><E74/><V19/><F128/><W3/><REACH who="3" step="1"/><G103/><REACH who="3" ten="275,225,250,240" step="2"/><T49/><D101/><U135/><E135/><V115/><F127/><W104/><G104/><T109/><D109/><U96/><E35/><V91/><F115/><W4/><G4/><T43/><D37/><U34/><E36/><V105/><F105/><W50/><AGARI ba="1,1" hai="0,1,3,8,9,10,44,45,50,53,58,95,97,102" machi="50" ten="40,2700,0" yaku="1,1,0,1,53,0" doraHai="70" doraHaiUra="14" who="3" fromWho="3" sc="275,-14,225,-8,250,-8,240,40" /><INIT seed="1,0,0,1,2,125" ten="261,217,242,280" oya="1" hai0="116,15,9,25,120,131,94,0,133,112,97,59,40" hai1="45,127,132,52,135,38,61,117,72,22,19,57,46" hai2="3,130,115,21,8,118,12,123,48,128,23,2,50" hai3="78,121,76,30,77,11,89,62,80,90,102,4,13"/><U63/><E72/><V98/><F118/><W34/><G121/><T26/><D116/><U103/><E117/><V109/><F123/><W87/><G34/><T24/><D112/><U49/><E103/><V81/><F109/><W47/><G30/><T16/><D120/><U33/><E33/><V84/><F115/><W17/><G102/><T74/><D74/><U88/><E127/><V43/><F98/><W7/><G62/><N who="1" m="23562" /><E38/><V105/><F105/><W71/><G71/><T14/><D0/><U54/><E88/><N who="3" m="33898" /><G47/><N who="1" m="17930" /><E22/><N who="2" m="8203" /><F43/><W37/><G37/><T10/><D25/><U41/><E19/><N who="2" m="8583" /><F3/><W28/><G28/><T82/><D40/><U29/><E29/><V60/><F60/><W122/><G122/><T36/><D36/><U20/><E20/><V51/><F2/><W99/><G99/><T67/><D97/><U69/><E69/><V65/><F65/><W32/><G32/><T83/><D67/><U124/><E124/><V5/><F5/><AGARI ba="0,0" hai="4,5,7,11,13,17,76,77,78,80,87" m="33898" machi="5" ten="30,2000,0" yaku="8,1,54,1" doraHai="125" who="3" fromWho="2" sc="261,0,217,0,242,-20,280,20" /><INIT seed="2,0,0,1,5,100" ten="261,217,222,300" oya="2" hai0="20,128,70,118,87,121,75,25,51,36,59,27,50" hai1="115,6,117,102,41,82,84,21,42,105,114,113,61" hai2="28,2,116,29,9,55,96,53,26,132,4,135,94" hai3="32,108,40,80,57,45,112,64,67,8,77,12,83"/><V58/><F116/><W30/><G108/><T101/><D75/><U39/><E117/><V49/><F53/><W33/><G112/><T97/><D70/><U89/><E39/><V14/><F2/><W10/><G10/><T62/><D36/><U124/><E124/><V56/><F56/><W126/><G126/><T99/><D121/><U69/><E6/><V24/><F26/><W19/><G30/><T31/><D128/><U13/><E13/><V66/><F66/><W120/><G120/><T16/><D118/><U133/><E21/><V81/><F81/><W92/><G92/><T79/><D79/><U34/><E34/><V76/><F76/><W109/><G109/><T5/><D87/><U74/><E74/><V106/><F106/><W127/><G127/><T48/><D5/><U52/><E133/><N who="2" m="51275" /><F24/><W107/><G107/><T122/><D122/><U119/><E119/><V54/><F54/><W44/><G80/><T88/><D27/><U71/><E71/><V65/><F65/><N who="3" m="25163" /><G57/><T47/><D59/><N who="1" m="35047" /><E69/><V134/><N who="2" m="51283" /><V1/><DORA hai="86" /><F1/><W63/><G83/><T68/><D68/><U90/><E41/><V129/><F129/><W35/><G40/><N who="0" m="24679" /><D62/><U37/><E42/><V104/><F104/><W38/><G63/><T7/><D31/><U46/><E37/><V11/><F11/><W93/><G38/><T91/><D25/><U95/><E46/><N who="3" m="18026" /><G77/><T123/><D123/><U72/><E72/><V18/><F4/><W110/><G110/><T22/><D7/><U0/><E115/><V111/><F111/><W98/><G32/><T125/><D125/><RYUUKYOKU ba="0,0" sc="261,-15,217,-15,222,15,300,15" hai2="9,14,18,28,29,49,55,58,94,96" hai3="8,12,19,33,35,93,98" /><INIT seed="2,1,0,3,3,30" ten="246,202,237,315" oya="2" hai0="12,103,7,130,90,39,112,0,134,74,52,36,129" hai1="64,15,92,50,18,97,43,4,24,21,55,46,122" hai2="105,77,51,78,79,124,108,13,100,29,59,73,106" hai3="25,135,104,58,38,14,75,116,119,8,66,70,94"/><V54/><F73/><W109/><G104/><T80/><D112/><U83/><E122/><V101/><F124/><W22/><G75/><T102/><D0/><U61/><E83/><V53/><F108/><W95/><G38/><T84/><D74/><U33/><E33/><V71/><F71/><W65/><G70/><T40/><D134/><U107/><E107/><V17/><F29/><W91/><G135/><T72/><D72/><U57/><E4/><V37/><F37/><N who="0" m="14410" /><D40/><U19/><E64/><V87/><F106/><W123/><G123/><T56/><D12/><U60/><E60/><N who="2" m="35951" /><F87/><W89/><G109/><T131/><D7/><U68/><E68/><V42/><F42/><W125/><G125/><T99/><D99/><U31/><REACH who="1" step="1"/><E15/><REACH who="1" ten="246,192,237,315" step="2"/><V114/><F105/><W115/><G65/><T126/><D126/><U110/><E110/><V5/><F5/><W41/><G66/><T32/><D32/><U117/><E117/><V98/><F114/><W6/><G115/><T35/><D35/><U16/><E16/><V9/><F98/><N who="3" m="57679" /><G116/><T76/><D76/><U10/><E10/><V23/><F9/><W2/><G119/><T128/><D128/><U133/><E133/><V82/><F82/><W34/><G34/><T96/><D96/><U85/><E85/><V120/><F120/><W11/><G11/><T62/><AGARI ba="1,1" hai="52,56,62,80,84,90,102,103,129,130,131" m="14410" machi="62" ten="40,2700,0" yaku="19,1,54,1" doraHai="30" who="0" fromWho="0" sc="246,40,192,-8,237,-14,315,-8" /><INIT seed="3,0,0,1,2,55" ten="286,184,223,307" oya="3" hai0="58,74,47,117,127,82,29,103,12,110,36,13,72" hai1="4,73,65,118,109,35,59,80,33,124,83,79,75" hai2="90,44,96,10,134,1,6,86,14,64,104,8,0" hai3="67,46,93,37,7,42,129,112,106,69,81,49,126"/><W57/><G112/><T28/><D117/><U11/><E118/><V9/><F134/><W43/><G106/><T119/><D119/><U56/><E109/><V76/><F76/><W99/><G81/><T16/><D103/><U50/><E124/><V131/><F131/><W62/><G129/><T25/><D82/><U130/><E130/><V32/><F32/><W61/><G126/><T5/><D127/><U100/><E100/><V45/><F96/><W53/><G7/><T63/><D5/><U17/><E17/><V84/><F104/><W95/><G95/><T78/><D78/><U85/><E50/><V101/><F101/><N who="3" m="60655" /><G62/><T91/><D91/><U48/><E48/><V135/><F135/><W128/><G128/><T102/><D102/><U122/><E122/><V108/><F108/><W98/><G98/><T21/><D110/><U60/><E59/><V121/><F121/><W120/><G42/><T92/><D92/><U66/><E66/><V77/><F64/><W97/><G97/><T34/><D29/><U105/><E105/><V107/><F107/><W52/><G53/><T38/><D12/><U89/><REACH who="1" step="1"/><E75/><REACH who="1" ten="286,174,223,307" step="2"/><N who="0" m="28713" /><D47/><U115/><E115/><V132/><F45/><W22/><G120/><T26/><D26/><U41/><E41/><V23/><F44/><W15/><G15/><AGARI ba="0,1" hai="4,11,15,33,35,56,60,65,73,79,80,83,85,89" machi="15" ten="30,3900,0" yaku="1,1,7,1,52,1,53,0" doraHai="55" doraHaiUra="71" who="1" fromWho="3" sc="286,0,174,49,223,0,307,-39" /><INIT seed="4,0,0,5,2,71" ten="286,223,223,268" oya="0" hai0="27,24,17,60,129,32,51,26,123,23,21,63,81" hai1="7,69,46,75,42,74,3,98,68,30,126,88,113" hai2="9,2,84,112,39,86,37,99,6,40,73,67,13" hai3="121,76,89,127,11,15,18,102,87,80,53,125,64"/><T109/><D123/><U34/><E126/><N who="3" m="48138" /><G102/><T45/><D32/><U52/><E113/><V54/><F73/><N who="1" m="27657" /><E52/><V105/><F112/><W95/><G64/><T120/><D120/><U31/><E88/><V33/><F33/><W114/><G114/><T85/><D129/><U128/><E98/><V62/><F54/><W48/><G121/><T110/><D110/><U16/><E16/><V79/><F13/><W101/><G101/><T103/><D103/><U82/><E82/><V58/><F40/><W135/><G135/><T104/><D104/><U41/><E41/><V124/><F124/><W131/><G131/><T90/><D109/><U111/><E31/><V43/><F43/><W4/><G18/><N who="0" m="12343" /><D26/><N who="1" m="18775" /><E128/><V100/><REACH who="2" step="1"/><F79/><REACH who="2" ten="286,223,213,268" step="2"/><W117/><G76/><T55/><AGARI ba="0,1" hai="17,23,27,45,51,55,60,63,81,85,90" m="12343" machi="55" ten="30,1500,0" yaku="8,1" doraHai="71" who="0" fromWho="0" sc="286,25,223,-5,213,-5,268,-5" owari="311,41.1,218,-18.2,208,-29.2,263,6.3" /></mjloggm>