<mjloggm ver="2.3"><GO type="225" lobby="0"/><UN n0="%E9%80%9F%E6%B0%B4%E5%87%9B%E9%A6%99" n1="%E3%82%B7%E3%83%B3%E5%A4%AA%E6%9C%97" n2="%E3%81%A9%E3%82%8F%E3%82%93%E3%81%94" n3="%E3%81%8C%E3%81%9F" dan="17,16,16,16" rate="2185.35,2162.95,2152.24,2149.75" sx="F,M,M,F"/><TAIKYOKU oya="0"/><INIT seed="0,0,0,1,4,57" ten="250,250,250,250" oya="0" hai0="135,56,42,127,86,66,78,36,94,21,27,51,5" hai1="119,1,18,84,67,91,39,8,88,60,120,49,108" hai2="41,129,30,24,131,103,109,2,12,33,111,62,83" hai3="98,22,96,0,50,107,73,38,48,126,114,81,16"/><T99/><D135/><U35/><E119/><V72/><F103/><W132/><G114/><T3/><D36/><U102/><E120/><V130/><F41/><W128/><G38/><T89/><D127/><U80/><E39/><V116/><F116/><W74/><G132/><T31/><D3/><U112/><E112/><V110/><F2/><W121/><G0/><T37/><D37/><U75/><E108/><V82/><F72/><W105/><G126/><T59/><D5/><U123/><E35/><V71/><F12/><W124/><G124/><T43/><D59/><U26/><E102/><V54/><F54/><W29/><G29/><T93/><D78/><U15/><E1/><V64/><AGARI ba="0,0" hai="24,30,33,62,64,71,82,83,109,110,111,129,130,131" machi="64" ten="40,8000,1" yaku="0,1,14,1,19,1,52,1" doraHai="57" who="2" fromWho="2" sc="250,-40,250,-20,250,80,250,-20" /><INIT seed="1,0,0,5,3,19" ten="210,230,330,230" oya="1" hai0="112,113,83,106,132,126,49,117,34,62,63,26,53" hai1="7,42,86,2,3,33,82,66,78,73,131,124,45" hai2="61,122,94,123,95,58,65,37,59,15,44,118,10" hai3="87,14,11,68,60,93,99,104,40,108,25,16,107"/><U38/><E131/><V98/><F118/><W29/><G108/><T54/><D106/><U17/><E124/><V43/><F95/><W116/><G116/><T32/><D117/><U51/><E33/><V50/><F59/><W115/><G115/><T80/><D26/><U130/><E130/><V41/><F37/><W21/><G40/><T103/><D103/><U110/><E110/><V67/><F43/><W31/><G31/><T48/><REACH who="0" step="1"/><D132/><REACH who="0" ten="200,230,330,230" step="2"/><U52/><E38/><V22/><F123/><W134/><G134/><T125/><AGARI ba="0,1" hai="32,34,48,49,53,54,62,63,80,83,112,113,125,126" machi="125" ten="25,8000,1" yaku="1,1,2,1,0,1,22,2,53,0" doraHai="19" doraHaiUra="69" who="0" fromWho="0" sc="200,90,230,-40,330,-20,230,-20" /><INIT seed="2,0,0,3,0,101" ten="290,190,310,210" oya="2" hai0="56,118,133,119,135,59,14,6,31,20,113,26,46" hai1="108,104,110,90,93,11,117,43,24,88,95,70,111" hai2="89,47,53,48,23,65,69,54,98,49,2,97,83" hai3="85,125,75,106,32,16,28,76,66,84,22,50,99"/><V105/><F2/><W44/><G125/><T128/><D46/><U25/><E70/><V120/><F120/><W92/><G66/><T18/><D56/><U62/><E117/><N who="0" m="44553" /><D59/><U100/><E43/><V40/><F105/><W45/><G32/><T61/><D61/><U5/><E62/><V130/><F69/><W112/><G28/><T115/><D6/><U9/><E100/><V10/><F65/><W0/><G0/><T12/><D12/><N who="1" m="5167" /><E11/><V60/><F10/><W107/><G112/><N who="0" m="43083" /><D128/><U63/><E63/><V78/><F47/><W74/><G45/><T129/><D129/><U15/><E104/><V17/><F53/><W57/><G57/><T134/><D134/><U41/><E41/><V109/><F54/><W91/><G106/><T114/><N who="0" m="43091" /><T87/><DORA hai="27" /><D87/><N who="1" m="52447" /><E15/><V116/><F40/><W82/><G107/><T34/><AGARI ba="0,0" hai="14,18,20,26,31,34,133,135" m="43091,44553" machi="34" ten="50,8000,1" yaku="12,1,34,2,52,1" doraHai="101,27" who="0" fromWho="0" sc="290,80,190,-20,310,-40,210,-20" /><INIT seed="3,0,0,4,2,19" ten="370,170,270,190" oya="3" hai0="92,24,13,85,49,109,34,106,4,51,81,8,57" hai1="27,124,43,26,94,56,135,101,87,68,104,118,32" hai2="71,53,123,18,30,23,73,16,28,97,112,37,42" hai3="121,88,115,6,93,75,2,46,5,62,66,44,14"/><W82/><G115/><T80/><D106/><U63/><E68/><V128/><F112/><W129/><G121/><T70/><D70/><U33/><E104/><V47/><F73/><W114/><G114/><T15/><D109/><U67/><E135/><V52/><F123/><W29/><G2/><T107/><D107/><U108/><E108/><V127/><F71/><W96/><G129/><T39/><D39/><U7/><E7/><V0/><F0/><W12/><G29/><T1/><D34/><U50/><E124/><V17/><F128/><W25/><G25/><T69/><D24/><U61/><E118/><V103/><F127/><W98/><G98/><T110/><D69/><U102/><E43/><V36/><F36/><W21/><G75/><T20/><D1/><U122/><E50/><V41/><F41/><W99/><G99/><T111/><D111/><U59/><E122/><V131/><F131/><W64/><G82/><T48/><D57/><U117/><E117/><V54/><REACH who="2" step="1"/><F23/><REACH who="2" ten="370,170,260,190" step="2"/><W9/><G21/><T126/><D110/><U65/><E87/><V78/><F78/><W91/><G91/><N who="0" m="53359" /><D126/><U100/><E102/><V45/><F45/><N who="3" m="17515" /><G62/><T125/><D125/><U86/><E86/><V60/><F60/><W35/><G35/><T22/><D22/><U77/><E77/><V31/><F31/><W95/><G95/><AGARI ba="0,1" hai="26,27,32,33,56,59,61,63,65,67,94,95,100,101" machi="95" ten="25,1600,0" yaku="22,2" doraHai="19" who="1" fromWho="3" sc="370,0,170,26,260,0,190,-16" /><AGARI ba="0,0" hai="16,17,18,28,30,37,42,47,52,53,54,95,97,103" machi="95" ten="40,8000,1" yaku="1,1,54,2,53,1" doraHai="19" doraHaiUra="90" who="2" fromWho="3" sc="370,0,196,0,260,80,174,-80" owari="370,47.0,196,-20.4,340,14.0,94,-40.6" /></mjloggm>