<mjloggm ver="2.3"><GO type="225" lobby="0"/><UN n0="%E3%82%BC%E3%83%AB%E3%83%80%E3%81%AE%E4%BC%9D%E8%AA%AC" n1="%68%6F%72%69%30%39%30%31" n2="%E3%81%B2%E3%81%AA%E3%81%AE%E3%82%8A%E3%81%8F" n3="%E5%AF%82%E5%AF%9E%E3%82%AE%E3%83%8D%E3%82%B9%E3%83%93%E3%83%BC%E3%83%AB" dan="16,16,17,16" rate="2186.07,2051.19,2201.70,2112.34" sx="M,M,M,M"/><TAIKYOKU oya="0"/><INIT seed="0,0,0,5,4,66" ten="250,250,250,250" oya="0" hai0="14,33,98,51,57,52,37,135,23,121,111,67,29" hai1="10,77,24,108,56,133,118,117,103,128,47,132,69" hai2="15,18,84,38,17,40,70,20,78,0,55,36,102" hai3="71,79,3,41,59,65,4,89,73,82,7,129,72"/><T134/><D121/><U35/><E77/><V94/><F0/><W16/><G72/><T85/><D37/><U115/><E128/><V101/><F78/><W81/><G129/><T74/><D74/><U107/><E10/><V27/><F70/><W113/><G113/><T112/><D112/><U54/><E115/><V64/><F64/><W124/><G124/><T68/><D111/><U53/><E108/><V32/><F32/><W76/><G89/><T28/><D85/><U110/><E110/><V116/><F116/><W22/><G59/><T26/><D98/><N who="1" m="61943" /><E47/><V13/><F27/><W127/><G41/><T123/><D123/><U63/><E54/><V48/><F40/><W12/><G3/><T21/><D29/><N who="1" m="19879" /><E69/><V62/><F62/><W80/><G127/><T11/><D21/><U119/><E119/><V90/><F38/><W114/><G114/><T83/><D23/><U43/><E43/><V44/><REACH who="2" step="1"/><F36/><REACH who="2" ten="250,250,240,250" step="2"/><W86/><G71/><T30/><D30/><U2/><E2/><V126/><F126/><W96/><G79/><T87/><D26/><U130/><E130/><V39/><F39/><W46/><G76/><N who="0" m="46567" /><D28/><U92/><E118/><V100/><F100/><W95/><G73/><T88/><D33/><U6/><E117/><V34/><F34/><W1/><G1/><T93/><D67/><U131/><E131/><V105/><F105/><W45/><G65/><T9/><D68/><U25/><E25/><V42/><F42/><W5/><G86/><N who="0" m="52375" /><D14/><U58/><E63/><V50/><F50/><W104/><G104/><T97/><D97/><U61/><E61/><RYUUKYOKU ba="0,1" sc="250,10,250,-30,240,10,250,10" hai0="9,11,51,52,57,134,135" hai2="13,15,17,18,20,44,48,55,84,90,94,101,102" hai3="4,5,7,12,16,22,45,46,80,81,82,95,96" /><INIT seed="0,1,1,2,2,4" ten="260,220,250,260" oya="0" hai0="110,101,116,104,98,32,51,81,131,50,37,69,25" hai1="40,1,28,94,71,120,10,45,14,54,73,55,128" hai2="93,30,59,58,114,26,82,123,74,92,127,18,72" hai3="70,122,124,53,29,0,108,16,132,2,121,134,107"/><T109/><D116/><U84/><E73/><V89/><F123/><N who="3" m="47115" /><G107/><T65/><D37/><U83/><E71/><V87/><F114/><W63/><G53/><T41/><D131/><U36/><E120/><V77/><F127/><W126/><G29/><N who="0" m="19503" /><D81/><U67/><E128/><V56/><F18/><W39/><G39/><T80/><D80/><U15/><E67/><V111/><F111/><N who="0" m="42506" /><D41/><U118/><E118/><V99/><REACH who="2" step="1"/><F93/><REACH who="2" ten="260,220,240,260" step="2"/><W17/><G108/><T113/><D113/><U135/><E94/><V129/><F129/><W76/><G17/><T57/><D69/><U68/><E68/><V61/><F61/><AGARI ba="1,2" hai="50,51,57,61,65,98,101,104" m="42506,19503" machi="61" ten="30,2900,0" yaku="14,1,10,1" doraHai="4" who="0" fromWho="2" sc="260,52,220,0,240,-32,260,0" /><INIT seed="0,2,0,2,3,77" ten="312,220,208,260" oya="0" hai0="16,134,105,111,34,14,36,55,89,41,9,73,80" hai1="24,135,131,133,72,25,23,20,42,56,4,45,64" hai2="81,39,29,0,71,129,12,63,107,15,27,49,62" hai3="18,78,30,117,115,68,32,67,75,121,88,104,57"/><T1/><D105/><U5/><E72/><V37/><F0/><W130/><G115/><T76/><D34/><U124/><E124/><V101/><F129/><W86/><G117/><T11/><D134/><N who="1" m="51211" /><E131/><V114/><F114/><W109/><G109/><T44/><D111/><U92/><E92/><V54/><F39/><W112/><G112/><T2/><D55/><U103/><E103/><V119/><F37/><W53/><G104/><T6/><D89/><U82/><E82/><V97/><F119/><W99/><G99/><T87/><REACH who="0" step="1"/><D1/><REACH who="0" ten="302,220,208,260" step="2"/><U108/><E108/><V48/><F54/><W94/><G88/><T120/><D120/><U83/><E64/><V118/><F107/><W100/><G67/><T40/><D40/><U91/><E91/><V61/><F118/><W113/><G53/><T85/><AGARI ba="2,1" hai="2,6,9,11,14,16,36,41,44,73,76,80,85,87" machi="85" ten="30,18000,2" yaku="1,1,0,1,25,2,52,1,54,1,53,1" doraHai="77" doraHaiUra="35" who="0" fromWho="0" sc="302,196,220,-62,208,-62,260,-62" /><INIT seed="0,3,0,3,1,113" ten="498,158,146,198" oya="0" hai0="127,8,110,105,115,55,27,13,77,43,131,38,90" hai1="101,46,6,20,62,10,70,118,111,33,88,25,65" hai2="82,2,12,31,108,16,64,37,54,41,117,103,63" hai3="135,87,74,36,83,112,22,71,17,123,30,109,73"/><T35/><D115/><U28/><E111/><V3/><F108/><W116/><G112/><T93/><D105/><U61/><E61/><V26/><F103/><W45/><G109/><T24/><D110/><U51/><E101/><V104/><F104/><W49/><G71/><T68/><D68/><U44/><E33/><V5/><F5/><W50/><G30/><T4/><D35/><U86/><E51/><V102/><F102/><W1/><G1/><T47/><D127/><U18/><E28/><V134/><F54/><W95/><G50/><T53/><D77/><U125/><E118/><V67/><F134/><W124/><G36/><T7/><D131/><U32/><E32/><V23/><F117/><W91/><G116/><T60/><D4/><U19/><E19/><V130/><F130/><W42/><G124/><T66/><D66/><U14/><REACH who="1" step="1"/><E125/><REACH who="1" ten="498,148,146,198" step="2"/><V126/><F126/><W21/><G135/><T128/><D128/><U79/><E79/><V81/><F37/><W97/><G123/><T39/><D39/><U75/><E75/><V107/><F107/><W89/><REACH who="3" step="1"/><G22/><REACH who="3" ten="498,148,146,188" step="2"/><T98/><D60/><U48/><E48/><V100/><F63/><W106/><G106/><T133/><D133/><U69/><E69/><V78/><F23/><W9/><G9/><T94/><D38/><U0/><E0/><V34/><F3/><W96/><G96/><T85/><D98/><U40/><E40/><V80/><F41/><W122/><G122/><T92/><D43/><U57/><E57/><V59/><F59/><W129/><G129/><T56/><D56/><U99/><E99/><RYUUKYOKU ba="3,2" sc="498,-15,148,15,146,-15,188,15" hai1="6,10,14,18,20,25,44,46,62,65,70,86,88" hai3="17,21,42,45,49,73,74,83,87,89,91,95,97" /><INIT seed="1,4,2,5,4,5" ten="483,163,131,203" oya="1" hai0="97,68,25,55,53,74,79,27,0,6,121,85,93" hai1="64,110,132,8,98,19,56,109,11,115,106,90,23" hai2="112,10,104,63,94,133,96,33,44,75,65,89,4" hai3="77,78,88,12,119,13,29,111,50,127,32,134,83"/><U35/><E115/><V52/><F112/><W14/><G111/><N who="1" m="42506" /><E35/><V36/><F33/><W26/><G127/><T28/><D68/><U15/><E132/><V118/><F118/><W91/><G134/><T20/><D74/><U71/><E71/><V107/><F75/><W73/><G119/><T58/><D121/><U80/><E106/><V124/><F124/><W120/><G120/><T49/><D0/><U70/><E70/><V67/><F133/><W113/><G113/><T31/><D6/><U46/><E46/><V122/><F122/><W69/><G77/><T135/><D53/><U48/><E48/><V9/><F104/><W54/><REACH who="3" step="1"/><G69/><REACH who="3" ten="483,163,131,193" step="2"/><T47/><D79/><U38/><E38/><V43/><F36/><W45/><AGARI ba="4,3" hai="12,13,14,26,29,32,45,50,54,73,78,83,88,91" machi="45" ten="30,7900,0" yaku="1,1,2,1,0,1,54,1,53,0" doraHai="5" doraHaiUra="2" who="3" fromWho="3" sc="483,-24,163,-43,131,-24,193,121" /><INIT seed="2,0,0,4,2,115" ten="459,120,107,314" oya="2" hai0="65,86,50,42,39,7,117,96,68,19,26,104,84" hai1="124,20,106,59,66,81,132,83,116,15,48,72,100" hai2="9,44,99,54,52,18,1,70,8,47,134,37,34" hai3="3,67,36,94,128,125,130,17,98,107,60,64,118"/><V119/><F34/><W2/><G118/><T105/><D39/><U38/><E38/><V57/><F119/><W40/><G107/><T12/><D117/><U77/><E132/><V14/><F70/><W90/><G125/><T25/><D7/><U58/><E124/><V21/><F134/><W74/><G74/><T6/><D6/><U53/><E83/><V123/><F123/><W110/><G110/><T22/><D68/><U41/><E41/><V89/><F1/><W55/><G17/><T69/><D69/><U63/><E116/><V10/><F37/><W80/><G80/><T108/><D104/><U13/><E20/><V31/><F31/><W103/><G103/><T92/><D65/><N who="3" m="25161" /><G60/><T97/><D97/><U88/><REACH who="1" step="1"/><E88/><REACH who="1" ten="459,110,107,314" step="2"/><V120/><F120/><W113/><G40/><T5/><D22/><U30/><E30/><V23/><F23/><W126/><G36/><T91/><D91/><U28/><E28/><V11/><N who="2" m="2048" /><DORA hai="101" /><V4/><F4/><W75/><G126/><T35/><D42/><U121/><E121/><V131/><F131/><W71/><G130/><T51/><D5/><U129/><E129/><V27/><F27/><W127/><G128/><T46/><D26/><U76/><E76/><V122/><F122/><W135/><G127/><T93/><D25/><U49/><E49/><N who="2" m="30863" /><F54/><W109/><G55/><T78/><D78/><U61/><E61/><V29/><F29/><W133/><G135/><T0/><D35/><U33/><E33/><V111/><F111/><W62/><G109/><T73/><D108/><U82/><E82/><V16/><F18/><RYUUKYOKU ba="0,1" sc="459,-15,110,15,107,15,314,-15" hai1="13,15,48,53,58,59,63,66,72,77,81,100,106" hai2="14,16,21,44,47,89,99" /><INIT seed="2,1,1,1,0,63" ten="444,125,122,299" oya="2" hai0="19,60,32,13,49,109,106,41,83,85,4,39,55" hai1="18,126,105,111,134,57,117,108,2,71,113,29,30" hai2="96,93,48,115,5,42,28,25,103,51,52,130,34" hai3="107,1,3,44,114,89,97,125,88,6,86,90,123"/><V64/><F115/><W12/><G123/><T119/><D32/><U15/><E105/><V14/><F130/><W94/><G114/><T118/><D106/><U77/><E113/><V124/><F124/><W27/><G125/><T98/><D98/><U21/><E126/><V100/><F100/><W87/><G107/><T76/><D109/><N who="1" m="42059" /><E117/><N who="0" m="44553" /><D60/><U40/><E71/><V68/><F42/><W26/><G44/><N who="0" m="23615" /><D4/><U35/><E35/><V121/><F121/><W69/><G69/><T133/><D133/><U102/><E102/><V128/><F128/><W110/><G110/><T53/><D49/><U79/><E40/><V70/><F51/><W54/><G54/><T17/><D17/><U50/><E2/><V80/><F80/><N who="3" m="49223" /><G3/><T67/><D67/><U127/><E134/><V120/><F120/><W78/><G1/><T82/><D82/><U8/><E127/><V7/><F64/><W131/><G78/><N who="1" m="29706" /><E21/><AGARI ba="1,1" hai="13,19,21,53,55,76,83,85" m="23615,44553" machi="21" ten="30,1000,0" yaku="12,1" doraHai="63" who="0" fromWho="1" sc="444,23,125,-13,122,0,299,0" /><INIT seed="3,0,0,2,0,135" ten="467,112,122,299" oya="3" hai0="7,50,8,71,93,90,113,114,24,105,57,89,13" hai1="97,103,126,27,40,112,1,88,41,58,35,96,20" hai2="107,79,118,78,19,81,76,110,134,92,111,108,100" hai3="28,10,56,34,85,31,29,116,49,54,65,0,69"/><W53/><G116/><T26/><D71/><U64/><E112/><N who="0" m="43113" /><D105/><U83/><E35/><V73/><F118/><W39/><G39/><T18/><D18/><U37/><E1/><V95/><F134/><W36/><G36/><T22/><D22/><U127/><E37/><V59/><F59/><W3/><G34/><T70/><D70/><U47/><E96/><N who="2" m="61831" /><F19/><W128/><G128/><T130/><D130/><U91/><E83/><N who="2" m="45455" /><F79/><W124/><G124/><N who="1" m="47658" /><E64/><V30/><F30/><W46/><G65/><T2/><D13/><U77/><E77/><V86/><AGARI ba="0,0" hai="78,81,86,92,95,108,110,111" m="45455,61831" machi="86" ten="30,4000,0" yaku="14,1,34,2" doraHai="135" who="2" fromWho="2" sc="467,-10,112,-10,122,40,299,-20" owari="457,55.7,102,-39.8,162,-23.8,279,7.9" /></mjloggm>