<mjloggm ver="2.3"><GO type="225" lobby="0"/><UN n0="%E3%83%AD%E3%83%83%E3%83%86%E9%9B%80%E7%90%83" n1="%E6%98%93%E5%88%A9%E8%96%A9%E4%BC%AF" n2="%E8%A8%88%E7%AE%97%E6%A9%9F%E8%87%AA%E7%84%B6" n3="%73%6C%69%63%6B%33%31%39" dan="17,16,17,16" rate="2230.67,2120.29,2242.35,2207.47" sx="M,F,M,M"/><TAIKYOKU oya="0"/><INIT seed="0,0,0,0,0,0" ten="250,250,250,250" oya="0" hai0="6,63,116,99,73,132,68,18,60,88,16,19,72" hai1="59,51,85,11,38,39,115,8,23,25,126,93,104" hai2="108,4,124,133,45,47,80,135,36,70,120,10,41" hai3="54,49,106,14,52,130,50,127,79,40,105,112,61"/><T74/><D116/><U29/><E104/><V111/><F70/><W26/><G112/><T84/><D132/><N who="2" m="50762" /><F124/><W66/><G127/><T107/><D6/><U114/><E126/><V65/><F65/><W98/><G130/><T13/><D13/><U77/><E39/><V121/><F80/><W89/><G79/><T122/><D122/><N who="2" m="47210" /><F45/><W125/><G125/><T87/><D68/><U9/><E38/><V64/><F64/><W22/><G14/><AGARI ba="0,0" hai="4,10,14,36,41,47,108,111" m="47210,50762" machi="14" ten="30,2000,0" yaku="20,1,52,1" doraHai="0" who="2" fromWho="3" sc="250,0,250,0,250,20,250,-20" /><INIT seed="1,0,0,0,0,92" ten="250,250,270,230" oya="1" hai0="88,70,22,29,0,133,9,27,24,7,116,121,56" hai1="54,112,102,11,75,87,127,46,103,33,91,6,113" hai2="129,66,76,49,67,95,120,68,79,21,5,123,12" hai3="106,108,97,13,39,1,43,55,125,26,18,59,77"/><U115/><E75/><V60/><F129/><W94/><G1/><T4/><D116/><U32/><E127/><V109/><F109/><W71/><G71/><T89/><D133/><U20/><E20/><V118/><F118/><W62/><G106/><T105/><D70/><U114/><N who="1" m="28672" /><DORA hai="69" /><U117/><E117/><V41/><F66/><W99/><G108/><T111/><D105/><U28/><E46/><V81/><F76/><W50/><G125/><T17/><D121/><U122/><E54/><V130/><F95/><W124/><G124/><T135/><D135/><U42/><E42/><V86/><F130/><W85/><G26/><T52/><D7/><U53/><E53/><V40/><F21/><N who="3" m="11471" /><G39/><T3/><D3/><U63/><E63/><V31/><F31/><W64/><G43/><T73/><D73/><U104/><E122/><V35/><F35/><W65/><G94/><T90/><D111/><U51/><E51/><V100/><F40/><W132/><G132/><T126/><D126/><U44/><E44/><N who="2" m="25743" /><F100/><W34/><G34/><T84/><D29/><U131/><E131/><V8/><AGARI ba="0,0" hai="5,8,12,60,67,68,79,81,86,120,123" m="25743" machi="8" ten="30,1100,0" yaku="25,1" doraHai="92,69" who="2" fromWho="2" sc="250,-3,250,-5,270,11,230,-3" /><INIT seed="2,0,0,0,0,40" ten="247,245,281,227" oya="2" hai0="72,51,43,74,112,82,96,83,59,80,75,98,69" hai1="19,67,32,47,113,23,27,76,53,60,6,90,42" hai2="122,70,13,16,57,14,66,30,73,81,95,55,0" hai3="93,88,65,25,127,26,118,84,123,94,50,129,49"/><V115/><F115/><W109/><G118/><T63/><D112/><U35/><E113/><V52/><F0/><W9/><G123/><T104/><D69/><U130/><E130/><V48/><F122/><W54/><G129/><T124/><D124/><U45/><E76/><V61/><F30/><W106/><G106/><T132/><D132/><U131/><E131/><V116/><F116/><W3/><G127/><T24/><D104/><U119/><E6/><V89/><F73/><W101/><G109/><T85/><D85/><U126/><E126/><V18/><F81/><W46/><G65/><T79/><D79/><U21/><E90/><V71/><F55/><N who="3" m="30135" /><G3/><T97/><D24/><N who="3" m="9321" /><G9/><T110/><D110/><U87/><E23/><V105/><F105/><W102/><G94/><T107/><D107/><U17/><E17/><V125/><F125/><W33/><G33/><T5/><D5/><U20/><E20/><V99/><F70/><W39/><G39/><T44/><REACH who="0" step="1"/><D74/><REACH who="0" ten="237,245,281,227" step="2"/><U78/><E119/><V64/><F71/><W121/><G121/><T117/><D117/><U4/><E4/><V15/><F64/><AGARI ba="0,1" hai="43,44,51,59,63,64,72,75,80,82,83,96,97,98" machi="64" ten="40,2600,0" yaku="1,1,52,1,53,0" doraHai="40" doraHaiUra="11" who="0" fromWho="2" sc="237,36,245,0,281,-26,227,0" /><INIT seed="3,0,0,0,2,93" ten="273,245,255,227" oya="3" hai0="44,25,109,1,74,63,12,122,90,92,7,72,15" hai1="50,78,71,21,51,34,61,111,97,123,55,53,126" hai2="26,31,16,17,73,87,38,0,75,45,10,76,47" hai3="13,52,124,32,115,6,118,48,89,102,42,91,96"/><W43/><G124/><T79/><D122/><U127/><E34/><V33/><F87/><W62/><G118/><T95/><D109/><U8/><E123/><V120/><F120/><W110/><G115/><T2/><D63/><U114/><E78/><V60/><F60/><W86/><G32/><T23/><D44/><U56/><E8/><V99/><F99/><W105/><G110/><T82/><D74/><U41/><E111/><V57/><F57/><W64/><G6/><T84/><D95/><U116/><E21/><V27/><F45/><W28/><G13/><T46/><D46/><N who="1" m="25935" /><E97/><V98/><F98/><W77/><G28/><T24/><D24/><U94/><E94/><V107/><F107/><W103/><G77/><T9/><D12/><U18/><E18/><AGARI ba="0,0" hai="1,2,7,9,15,18,23,25,72,79,82,84,90,92" machi="18" ten="30,1000,0" yaku="7,1" doraHai="93" who="0" fromWho="1" sc="273,10,245,-10,255,0,227,0" /><INIT seed="4,0,0,3,0,131" ten="283,235,255,227" oya="0" hai0="97,48,5,10,44,43,1,30,64,121,84,33,125" hai1="124,22,102,51,23,128,8,32,90,72,101,115,57" hai2="39,78,36,93,116,0,59,117,133,94,79,15,119" hai3="4,86,50,96,21,40,68,75,70,35,76,132,109"/><T56/><D121/><U110/><E32/><V73/><F0/><W63/><G109/><T24/><D125/><U61/><E72/><V27/><F15/><W95/><G35/><T60/><D84/><U19/><E110/><V100/><F59/><W13/><G75/><T52/><REACH who="0" step="1"/><D97/><REACH who="0" ten="273,235,255,227" step="2"/><U98/><E124/><V81/><F73/><W77/><G132/><T130/><D130/><U7/><E128/><V53/><F133/><W82/><G77/><T26/><D26/><U105/><E98/><V25/><F116/><W106/><G106/><T91/><D91/><U67/><E90/><V42/><F117/><W112/><G112/><T12/><D12/><U83/><E115/><V34/><F119/><W14/><G14/><T126/><D126/><U20/><E105/><V118/><F118/><W122/><G122/><T46/><D46/><U108/><E108/><V135/><F135/><W88/><G63/><T69/><D69/><U49/><E61/><V71/><F71/><W55/><G70/><T103/><D103/><U89/><E102/><V16/><F100/><W9/><G68/><T114/><D114/><U111/><E101/><V28/><F78/><W120/><G120/><T58/><D58/><U92/><E57/><V127/><F127/><W2/><G2/><T62/><D62/><U41/><E111/><V65/><F79/><W74/><G74/><T11/><D11/><U87/><E8/><V134/><F134/><W29/><G40/><AGARI ba="0,1" hai="1,5,10,24,30,33,40,43,44,48,52,56,60,64" machi="40" ten="40,3900,0" yaku="1,1,54,1,53,0" doraHai="131" doraHaiUra="17" who="0" fromWho="3" sc="273,49,235,0,255,0,227,-39" owari="322,42.2,235,-16.5,255,5.5,188,-31.2" /></mjloggm>