<mjloggm ver="2.3"><GO type="225" lobby="0"/><UN n0="%E5%BA%97%E9%95%B7%4D" n1="%6D%75%75%73%61%6E%6D%75" n2="%72%69%6F%75%63%68%61%6E" n3="%E3%81%AA%E3%81%BE%E3%81%91%E8%80%85" dan="16,17,16,16" rate="2071.36,2168.05,2195.05,2139.05" sx="M,F,M,M"/><TAIKYOKU oya="0"/><INIT seed="0,0,0,5,4,132" ten="250,250,250,250" oya="0" hai0="105,73,47,58,109,64,12,5,82,51,30,40,96" hai1="37,78,122,126,10,42,59,94,88,93,14,66,110" hai2="50,49,83,90,2,98,60,61,31,116,131,33,123" hai3="87,135,21,36,134,54,130,104,34,56,38,15,29"/><T91/><D30/><U125/><E122/><V70/><F123/><W27/><G104/><T100/><D109/><U115/><E110/><V79/><F2/><W99/><G99/><T84/><D73/><U103/><E78/><V1/><F1/><W124/><G130/><T41/><D41/><U101/><E37/><V6/><F131/><W20/><G87/><T67/><REACH who="0" step="1"/><D58/><REACH who="0" ten="240,250,250,250" step="2"/><U111/><E111/><V55/><F31/><W17/><G135/><T45/><D45/><U97/><E42/><V4/><F33/><W102/><G134/><T44/><D44/><U128/><E128/><V118/><F116/><W19/><G34/><T107/><D107/><U7/><E115/><V3/><F118/><W74/><G74/><T85/><D85/><U52/><E66/><V53/><F70/><W117/><G29/><T92/><D92/><U71/><E71/><V119/><F119/><W18/><G56/><T106/><D106/><U23/><E94/><V46/><F98/><W8/><G117/><T121/><D121/><U0/><E101/><V89/><F46/><W113/><G102/><T9/><AGARI ba="0,1" hai="5,9,12,40,47,51,64,67,82,84,91,96,100,105" machi="9" ten="30,6000,0" yaku="1,1,0,1,53,1" doraHai="132" doraHaiUra="43" who="0" fromWho="0" sc="240,70,250,-20,250,-20,250,-20" /><INIT seed="0,1,0,3,4,101" ten="310,230,230,230" oya="0" hai0="118,96,38,103,65,119,133,98,99,109,127,59,83" hai1="73,117,120,126,45,71,6,114,75,93,3,111,130" hai2="19,23,35,51,56,55,134,112,8,20,67,78,49" hai3="10,24,85,113,68,42,122,13,104,22,50,29,124"/><T1/><D1/><U97/><RYUUKYOKU type="yao9" ba="1,0" sc="310,0,230,0,230,0,230,0" hai1="3,6,45,71,73,75,93,97,111,114,117,120,126,130" /><INIT seed="0,2,0,0,1,26" ten="310,230,230,230" oya="0" hai0="128,2,69,10,87,60,83,80,1,73,42,98,58" hai1="40,27,7,24,17,33,46,22,43,127,84,107,90" hai2="93,56,72,91,25,16,115,76,100,114,71,30,112" hai3="116,97,85,3,23,19,101,41,32,5,63,61,13"/><T135/><D69/><U110/><E107/><V133/><F71/><W105/><G116/><T8/><D128/><U62/><E110/><V96/><F133/><W31/><G41/><T28/><D135/><U45/><E127/><V67/><F16/><N who="3" m="10639" /><G85/><T82/><D73/><U54/><E7/><V74/><F76/><W113/><G113/><T9/><D42/><U51/><E62/><N who="2" m="38343" /><F91/><W12/><G12/><T38/><D38/><U94/><REACH who="1" step="1"/><E45/><REACH who="1" ten="310,220,230,230" step="2"/><V48/><F48/><W134/><G134/><T92/><D1/><U6/><E6/><V47/><F47/><W89/><G5/><T20/><D2/><U59/><E59/><V81/><F81/><W14/><G63/><T88/><D58/><U66/><E66/><V75/><F114/><W18/><G61/><T0/><D60/><U65/><E65/><V103/><F103/><W35/><G101/><T109/><D0/><U123/><E123/><V4/><F4/><W120/><G105/><T118/><D118/><U68/><E68/><V117/><F117/><W132/><G120/><T49/><D109/><U129/><E129/><V121/><F121/><W21/><G3/><T126/><D126/><U111/><E111/><V106/><F106/><W34/><G132/><T102/><D49/><U77/><E77/><V53/><F53/><W124/><G124/><T50/><D50/><U37/><E37/><V55/><F55/><W122/><G122/><T11/><N who="0" m="2048" /><DORA hai="104" /><T108/><D108/><U130/><E130/><V15/><F15/><W95/><G14/><T70/><D70/><U39/><E39/><V86/><F112/><RYUUKYOKU ba="2,1" sc="310,10,220,10,230,-30,230,10" hai0="20,28,80,82,83,87,88,92,98,102" hai1="17,22,24,27,33,40,43,46,51,54,84,90,94" hai3="18,19,21,31,32,34,35,89,95,97" /><INIT seed="0,3,1,2,4,46" ten="320,230,200,240" oya="0" hai0="96,122,15,91,79,71,69,28,63,32,103,47,109" hai1="95,37,85,68,0,133,57,92,44,114,127,51,49" hai2="115,117,45,59,64,104,113,90,94,75,87,77,14" hai3="8,132,1,20,30,67,70,128,16,102,4,116,12"/><T74/><D122/><U33/><E68/><V76/><F117/><W83/><G116/><T89/><D109/><U55/><E33/><V72/><F104/><W118/><G118/><T93/><D74/><U111/><E0/><V65/><F45/><W81/><G102/><T22/><D79/><N who="2" m="30282" /><F14/><W105/><G105/><T126/><D126/><U24/><E37/><V38/><F38/><W23/><G128/><T53/><D32/><U84/><E114/><N who="2" m="43531" /><F59/><W123/><G123/><T86/><D89/><U52/><E127/><V56/><F56/><W21/><G67/><N who="2" m="25673" /><F90/><W3/><G70/><T129/><D129/><U134/><E111/><V99/><F87/><N who="1" m="33353" /><E24/><V29/><F29/><W43/><G83/><T39/><D39/><U10/><E10/><V73/><F94/><W58/><G81/><T106/><D63/><U17/><E17/><V97/><AGARI ba="3,1" hai="72,73,75,97,99" m="25673,43531,30282" machi="97" ten="40,2700,0" yaku="28,2" doraHai="46" who="2" fromWho="2" sc="320,-16,230,-10,200,46,240,-10" /><INIT seed="1,0,0,0,4,102" ten="304,220,246,230" oya="1" hai0="95,43,25,63,21,4,62,33,36,91,131,94,77" hai1="42,64,84,120,24,1,19,107,109,50,31,133,97" hai2="46,121,112,13,81,39,68,75,11,101,67,53,110" hai3="119,117,66,26,92,5,16,22,69,48,89,6,15"/><U72/><E120/><V82/><F121/><W71/><G66/><T86/><D33/><U52/><E72/><V115/><F110/><W85/><G48/><T10/><D131/><U41/><E109/><V18/><F101/><W47/><G47/><T90/><D77/><U125/><E1/><V56/><F67/><W44/><G44/><T93/><D43/><U40/><E125/><V38/><F68/><W104/><G104/><T45/><D45/><U132/><E64/><V118/><F118/><N who="3" m="45067" /><G5/><T105/><D105/><U135/><E19/><V57/><F57/><W127/><G127/><T30/><D36/><N who="2" m="13866" /><F46/><W27/><G27/><T134/><D134/><U9/><E9/><AGARI ba="0,0" hai="6,9,15,16,22,26,69,71,85,89,92" m="45067" machi="9" ten="30,2000,0" yaku="12,1,54,1" doraHai="102" who="3" fromWho="1" sc="304,0,220,-20,246,0,230,20" /><INIT seed="2,0,0,4,4,111" ten="304,200,246,250" oya="2" hai0="13,45,103,3,0,30,56,122,22,92,2,73,19" hai1="132,16,18,129,64,82,44,40,75,100,65,33,28" hai2="26,66,80,107,17,116,55,94,85,128,38,135,36" hai3="118,81,78,23,106,37,115,50,11,25,119,86,24"/><V53/><F116/><W43/><G106/><T15/><D73/><U62/><E129/><V126/><F107/><W93/><G37/><T124/><D122/><U31/><E132/><V1/><F1/><W83/><G25/><T125/><D45/><U76/><E100/><V39/><F128/><W77/><G11/><T69/><D69/><U67/><E62/><V127/><F135/><W108/><G108/><T117/><D117/><U131/><E131/><V87/><F66/><W88/><G43/><T90/><D103/><U110/><E110/><V41/><F41/><W57/><G115/><T112/><D112/><U68/><E68/><V70/><F70/><W9/><G9/><T63/><D30/><U52/><E31/><V61/><F94/><W49/><G119/><T96/><REACH who="0" step="1"/><D15/><REACH who="0" ten="294,200,246,250" step="2"/><U46/><E28/><V10/><F26/><W6/><G118/><T121/><D121/><U74/><E75/><V8/><F17/><W47/><G6/><T120/><D120/><U29/><E29/><V91/><F127/><W58/><G47/><T71/><D71/><U14/><E33/><V35/><F126/><W5/><G5/><T4/><D4/><U130/><E130/><V32/><F35/><W21/><G58/><T134/><D134/><U12/><E12/><V42/><F32/><W113/><G57/><T84/><D84/><U101/><E101/><V104/><F87/><N who="3" m="48559" /><G113/><T72/><D72/><U79/><E14/><V51/><F104/><W60/><G24/><T59/><D59/><U95/><E76/><V48/><F85/><N who="3" m="48375" /><G60/><T98/><D98/><U123/><E123/><RYUUKYOKU ba="0,1" sc="294,15,200,-15,246,-15,250,15" hai0="0,2,3,13,19,22,56,63,90,92,96,124,125" hai3="21,23,49,50,86,88,93" /><INIT seed="3,1,1,1,1,125" ten="309,185,231,265" oya="3" hai0="72,71,16,0,91,63,14,121,81,43,112,37,103" hai1="122,60,118,13,26,109,101,25,110,7,123,29,45" hai2="99,102,89,83,17,19,77,22,27,88,55,95,67" hai3="8,92,59,5,4,105,124,111,93,84,41,36,68"/><W90/><G105/><T100/><D0/><U70/><E101/><V64/><F55/><W53/><G68/><T3/><D3/><U98/><E98/><V131/><F131/><W127/><G41/><T96/><D121/><N who="1" m="46091" /><E70/><V97/><F17/><W69/><G36/><T132/><D132/><U76/><E60/><V62/><F62/><W79/><G69/><T33/><D33/><U39/><E76/><V119/><F119/><W57/><G79/><T82/><D112/><U32/><E45/><V12/><F12/><W20/><G20/><T116/><D116/><U115/><E39/><V28/><F19/><W49/><G59/><T52/><D43/><U75/><E75/><V74/><REACH who="2" step="1"/><F89/><REACH who="2" ten="309,185,221,265" step="2"/><N who="3" m="53287" /><G111/><N who="1" m="42506" /><E118/><V78/><F78/><W9/><G127/><T21/><D14/><U2/><E2/><V135/><F135/><W58/><G124/><T44/><D63/><U11/><E26/><V85/><F85/><N who="3" m="52431" /><G58/><T31/><D71/><U47/><E47/><V61/><F61/><W114/><G114/><AGARI ba="1,2" hai="7,11,13,25,29,32,114,115" m="42506,46091" machi="114" ten="30,3900,0" yaku="14,1,34,2" doraHai="125" who="1" fromWho="3" sc="309,0,185,62,221,0,265,-42" owari="309,40.9,247,4.7,221,-27.9,223,-17.7" /></mjloggm>