<mjloggm ver="2.3"><GO type="225" lobby="0"/><UN n0="%E4%B8%AD%E5%B9%B4%E3%81%AE%E5%8D%B1%E6%A9%9F" n1="%E3%81%A9%E3%82%8F%E3%82%93%E3%81%94" n2="%72%61%6B%33" n3="%E5%A4%8F%E9%88%B4%E9%88%B4%E5%A4%8F" dan="17,16,16,16" rate="2150.67,2241.93,2205.59,2116.13" sx="M,M,M,M"/><TAIKYOKU oya="0"/><INIT seed="0,0,0,0,1,91" ten="250,250,250,250" oya="0" hai0="109,34,44,28,42,7,16,58,29,75,85,108,74" hai1="31,131,113,56,67,133,63,19,41,8,49,40,96" hai2="87,95,62,104,22,124,43,53,52,134,98,100,38" hai3="69,80,9,1,79,23,3,101,128,27,122,24,21"/><T111/><D7/><U126/><E133/><V6/><F134/><W107/><G69/><T0/><D0/><N who="3" m="73" /><G80/><T2/><D2/><U57/><E131/><V39/><F6/><W50/><G50/><T72/><D34/><U83/><E126/><V47/><F124/><W81/><G81/><T125/><D125/><U118/><E118/><V30/><F38/><W129/><G101/><T59/><D85/><U60/><E113/><V45/><F45/><W68/><G107/><T105/><D105/><U97/><E31/><N who="0" m="11849" /><D16/><U115/><E115/><V102/><F62/><W114/><G68/><T33/><D33/><U71/><E83/><V76/><F76/><W12/><G79/><T26/><D26/><N who="3" m="9769" /><G122/><T121/><D121/><U20/><E71/><V25/><REACH who="2" step="1"/><F87/><REACH who="2" ten="250,250,240,250" step="2"/><W78/><G78/><T51/><AGARI ba="0,1" hai="42,44,51,58,59,72,74,75,108,109,111" m="11849" machi="51" ten="40,3900,0" yaku="14,1,10,1" doraHai="91" who="0" fromWho="0" sc="250,49,250,-13,240,-13,250,-13" /><INIT seed="0,1,0,1,5,3" ten="299,237,227,237" oya="0" hai0="122,78,99,54,53,30,97,83,32,19,108,86,92" hai1="68,106,5,114,29,87,131,9,38,60,56,123,71" hai2="115,107,27,61,65,45,72,110,112,132,82,50,59" hai3="23,47,93,41,96,55,52,25,64,18,12,36,48"/><T14/><D122/><U57/><E123/><V13/><F107/><W58/><G64/><T77/><D108/><U109/><E38/><V116/><F110/><W105/><G105/><T6/><D78/><U7/><E106/><V63/><F27/><W119/><G119/><T35/><D97/><U101/><E101/><V43/><F116/><W80/><G80/><T100/><D30/><U98/><E98/><V4/><F132/><W24/><REACH who="3" step="1"/><G55/><REACH who="3" ten="299,237,227,227" step="2"/><T1/><D54/><U88/><E109/><V81/><F81/><W120/><G120/><T134/><D134/><U20/><E114/><V103/><F82/><W69/><G69/><T79/><D79/><U11/><E71/><V33/><F115/><W124/><G124/><T135/><D135/><U111/><E68/><V75/><F112/><W118/><G118/><T39/><D53/><U84/><E111/><V90/><F65/><W62/><G62/><T31/><D39/><U51/><E51/><V130/><F50/><W67/><G67/><T127/><D127/><U21/><E60/><V125/><F61/><W17/><G17/><T15/><D19/><U0/><E29/><V91/><F63/><W8/><G8/><T46/><D31/><U37/><E37/><V22/><F125/><W76/><G76/><T133/><D133/><U113/><E113/><V42/><F75/><W126/><G126/><T2/><D6/><U89/><E0/><N who="0" m="105" /><D46/><U74/><E74/><V70/><F72/><W34/><G34/><N who="0" m="12843" /><D77/><U66/><E66/><V128/><F45/><W104/><G104/><N who="0" m="63519" /><D83/><U117/><E117/><V44/><F44/><RYUUKYOKU ba="1,1" sc="299,10,237,10,227,-30,227,10" hai0="14,15,86,92" hai1="5,7,9,11,20,21,56,57,84,87,88,89,131" hai3="12,18,23,24,25,36,41,47,48,52,58,93,96" /><INIT seed="0,2,1,3,2,120" ten="309,247,197,237" oya="0" hai0="130,84,51,62,75,105,134,58,37,119,49,7,35" hai1="116,85,123,14,30,42,131,94,6,87,77,72,81" hai2="53,71,64,113,43,110,68,18,69,102,76,83,2" hai3="38,44,34,22,95,4,88,78,74,9,135,103,3"/><T67/><D75/><U27/><E123/><V45/><F113/><W56/><G34/><T47/><D105/><U99/><E116/><V90/><F2/><W13/><G103/><T109/><D35/><U60/><E131/><V115/><F115/><W28/><G135/><T10/><D119/><U46/><E60/><V50/><F102/><W36/><G56/><T107/><D107/><U63/><E63/><V12/><F110/><W112/><G112/><T24/><D24/><U117/><E117/><V128/><F128/><W16/><G28/><T8/><D130/><U23/><E6/><V61/><F43/><W20/><G22/><T121/><D121/><U96/><E14/><V48/><F48/><W79/><G44/><T127/><D134/><U15/><E15/><V106/><F106/><W114/><G114/><T73/><D73/><U126/><E126/><V118/><F118/><W129/><G129/><T111/><D127/><U70/><E70/><V132/><F132/><W29/><G29/><T33/><D33/><U100/><REACH who="1" step="1"/><E96/><REACH who="1" ten="309,237,197,237" step="2"/><V31/><F61/><W98/><REACH who="3" step="1"/><G74/><REACH who="3" ten="309,237,197,227" step="2"/><T40/><D10/><U133/><E133/><V86/><F71/><W65/><G65/><T122/><D122/><U97/><E97/><V39/><F69/><W80/><G80/><T0/><D84/><U89/><E89/><V26/><F90/><W82/><G82/><T124/><D124/><U52/><E52/><V11/><F68/><W25/><G25/><T54/><D67/><U17/><E17/><V92/><F64/><W91/><G91/><T5/><D5/><U108/><E108/><AGARI ba="2,3" hai="0,7,8,37,40,47,49,51,54,58,62,108,109,111" machi="108" ten="40,18000,2" yaku="6,1,14,1,10,1,52,3" doraHai="120" who="0" fromWho="1" sc="309,216,237,-186,197,0,227,0" /><INIT seed="0,3,0,1,4,108" ten="525,51,197,227" oya="0" hai0="98,87,29,129,67,48,43,73,76,44,78,10,75" hai1="47,90,133,54,124,18,38,97,82,123,26,70,111" hai2="27,66,55,13,9,28,58,95,121,33,118,5,6" hai3="17,0,68,104,60,4,102,128,23,135,30,22,93"/><T34/><D129/><U69/><E123/><V41/><F121/><W130/><G104/><T19/><D67/><U115/><E111/><V39/><F118/><W110/><G110/><T88/><D75/><U131/><E131/><V46/><F95/><W91/><G102/><T126/><D73/><U62/><E133/><V24/><F24/><N who="3" m="16663" /><G4/><T56/><D126/><U105/><E124/><V25/><F25/><W79/><G79/><T92/><D34/><U71/><E105/><V84/><F84/><N who="3" m="52455" /><G0/><T57/><D29/><U101/><E101/><V3/><F66/><W32/><G32/><T132/><D132/><U96/><E38/><V103/><F103/><W99/><G99/><T100/><D78/><U122/><E122/><V94/><F94/><W116/><G116/><T12/><REACH who="0" step="1"/><D76/><REACH who="0" ten="515,51,197,227" step="2"/><U119/><E119/><V127/><F127/><W109/><G109/><T86/><D86/><N who="1" m="50519" /><E71/><V61/><F33/><W37/><G68/><T45/><D45/><U59/><E47/><V74/><F74/><W51/><G135/><T49/><D49/><U81/><E69/><V114/><F46/><W89/><G51/><T83/><AGARI ba="3,1" hai="10,12,19,43,44,48,56,57,83,87,88,92,98,100" machi="83" ten="20,12000,1" yaku="1,1,0,1,7,1,8,1,54,1,53,0" doraHai="108" doraHaiUra="64" who="0" fromWho="0" sc="515,139,51,-43,197,-43,227,-43" /><INIT seed="0,4,0,2,4,32" ten="654,8,154,184" oya="0" hai0="42,39,123,103,77,37,46,72,3,97,79,70,92" hai1="63,109,119,95,60,78,130,117,98,133,73,85,9" hai2="87,5,74,40,67,56,30,24,100,132,102,107,80" hai3="8,47,36,113,54,90,51,121,125,18,128,49,10"/><T28/><D123/><U84/><E9/><N who="3" m="3690" /><G36/><T118/><D118/><N who="1" m="45067" /><E60/><V61/><F132/><W86/><G113/><T35/><D39/><U45/><E45/><V122/><F122/><W111/><G121/><T0/><D70/><U33/><E63/><V21/><F74/><W71/><G71/><T4/><D4/><U26/><E26/><V120/><F120/><W20/><G111/><T112/><D112/><U16/><E16/><V50/><F107/><W34/><G34/><T38/><D38/><U96/><E33/><V89/><REACH who="2" step="1"/><F5/><REACH who="2" ten="654,8,144,184" step="2"/><W52/><G125/><T105/><D105/><U62/><E133/><V11/><F11/><W124/><G124/><T66/><D66/><U14/><E14/><V115/><F115/><W53/><G128/><T58/><D58/><U64/><E130/><V99/><F99/><N who="1" m="37929" /><E109/><V41/><F41/><W134/><G134/><T68/><D68/><N who="1" m="42007" /><E95/><V104/><F104/><W110/><G110/><T108/><D108/><U6/><E6/><V31/><F31/><W15/><G47/><AGARI ba="4,1" hai="21,24,30,40,47,50,56,61,67,80,87,89,100,102" machi="47" ten="40,2600,0" yaku="1,1,8,1,53,0" doraHai="32" doraHaiUra="29" who="2" fromWho="3" sc="654,0,8,0,144,48,184,-38" /><INIT seed="1,0,0,0,2,62" ten="654,8,192,146" oya="1" hai0="5,92,54,78,4,66,116,23,67,134,98,82,30" hai1="102,53,133,93,56,108,47,13,60,41,117,6,3" hai2="52,88,84,135,9,25,73,121,99,48,90,74,112" hai3="0,14,104,119,21,32,19,7,109,132,29,69,1"/><U120/><E117/><V89/><F121/><W68/><G104/><T20/><D116/><U130/><E120/><V45/><F135/><W127/><G119/><T57/><D134/><U46/><E133/><V15/><F112/><W122/><G132/><T36/><D36/><U11/><E130/><V83/><F25/><N who="3" m="18479" /><G69/><T131/><D131/><U65/><E3/><N who="3" m="1098" /><G68/><T114/><D114/><U27/><E27/><V22/><F22/><N who="0" m="8234" /><D30/><U129/><E129/><V44/><F44/><N who="1" m="16937" /><E108/><V97/><F73/><W10/><G122/><T42/><D42/><U100/><E41/><V39/><F74/><W18/><G109/><T123/><D123/><U34/><E34/><V26/><F26/><N who="3" m="14647" /><G127/><T64/><D78/><U85/><E53/><V128/><F128/><W103/><G103/><N who="0" m="60871" /><D82/><U106/><E106/><V50/><F39/><W107/><G107/><T12/><D12/><U77/><E77/><N who="2" m="46191" /><F48/><AGARI ba="0,0" hai="4,5,48,54,57,64,66,67" m="60871,8234" machi="48" ten="30,7700,0" yaku="8,1,52,3" doraHai="62" who="0" fromWho="2" sc="654,77,8,0,192,-77,146,0" /><INIT seed="2,0,0,0,3,17" ten="731,8,115,146" oya="2" hai0="28,39,42,132,121,103,52,128,78,130,61,50,44" hai1="21,134,81,36,96,82,79,9,127,41,75,74,129" hai2="51,62,34,68,4,126,56,58,113,29,83,104,8" hai3="10,89,91,131,123,73,106,125,12,53,54,48,6"/><V133/><F113/><W85/><G123/><T118/><D121/><U2/><E134/><V116/><F116/><W11/><G73/><T35/><D78/><N who="1" m="44247" /><E96/><V66/><F133/><W65/><G106/><T111/><D132/><U49/><E49/><V76/><F126/><W7/><G125/><T32/><D118/><U88/><E127/><V93/><F104/><W86/><G65/><T0/><D0/><U119/><E119/><V97/><F51/><W1/><G131/><N who="0" m="50219" /><D103/><U47/><E129/><V20/><F34/><N who="0" m="12842" /><D28/><U3/><E88/><N who="3" m="33866" /><G1/><T14/><D14/><U64/><E64/><V24/><F97/><W33/><G33/><T109/><D61/><U92/><E92/><V108/><F93/><W16/><G54/><T63/><D63/><U69/><E3/><V71/><F71/><W98/><G98/><T13/><D13/><U45/><E45/><V94/><F94/><W38/><G38/><T110/><D39/><U114/><E114/><V15/><REACH who="2" step="1"/><F108/><REACH who="2" ten="731,8,105,146" step="2"/><N who="0" m="27650" /><T26/><DORA hai="43" /><D26/><U122/><E122/><V102/><F102/><W135/><G135/><T100/><D100/><U60/><E69/><V55/><F55/><AGARI ba="0,1" hai="42,44,50,52,55" m="27650,12842,50219" machi="55" ten="50,8000,1" yaku="19,1,14,1,52,1,54,1" doraHai="17,43" who="0" fromWho="2" sc="731,90,8,0,105,-80,146,0" /><INIT seed="3,0,0,5,0,17" ten="821,8,25,146" oya="3" hai0="75,88,55,33,12,124,119,52,133,74,66,120,89" hai1="44,15,43,39,14,30,0,59,85,56,16,100,26" hai2="1,114,107,47,135,7,102,134,116,22,71,96,101" hai3="2,108,68,84,123,73,67,61,127,45,93,79,13"/><W58/><G13/><T80/><D120/><U112/><E112/><V95/><F114/><W69/><G93/><T87/><D33/><U40/><E0/><V35/><F35/><W111/><G84/><T91/><D119/><U121/><E121/><V34/><F34/><W130/><G79/><T60/><D124/><U27/><E100/><V117/><F71/><W81/><G81/><T129/><D133/><N who="2" m="50698" /><F47/><W19/><G61/><T109/><D129/><U49/><E39/><V11/><F22/><W78/><G45/><T115/><D115/><U41/><E85/><V131/><F131/><W113/><G68/><T8/><D109/><U3/><E3/><V97/><AGARI ba="0,0" hai="1,7,11,95,96,97,101,102,107,116,117" m="50698" machi="97" ten="30,1100,0" yaku="20,1" doraHai="17" who="2" fromWho="2" sc="821,-3,8,-3,25,11,146,-5" owari="818,91.8,5,-49.5,36,-36.4,141,-5.9" /></mjloggm>