<mjloggm ver="2.3"><GO type="225" lobby="0"/><UN n0="%E6%B8%A9%E2%98%85%E6%83%85%E2%98%85%E6%8E%AA%E2%98%85%E7%BD%AE" n1="%E3%83%B4%E3%82%A3%E3%83%AF%E3%82%B3%E3%82%B0%E3%83%8B" n2="%E5%AF%82%E5%AF%9E%E3%82%AE%E3%83%8D%E3%82%B9%E3%83%93%E3%83%BC%E3%83%AB" n3="%72%69%6F%75%63%68%61%6E" dan="16,16,16,16" rate="2143.34,2129.58,2131.15,2115.97" sx="M,M,M,M"/><TAIKYOKU oya="0"/><INIT seed="0,0,0,1,1,13" ten="250,250,250,250" oya="0" hai0="108,131,84,98,55,106,120,20,24,125,46,90,32" hai1="75,69,119,23,89,39,14,114,22,54,68,126,35" hai2="41,50,48,107,60,11,56,5,34,129,128,27,115" hai3="26,110,127,36,66,118,51,113,93,99,123,100,61"/><T53/><D120/><U47/><E35/><V72/><F107/><W43/><G110/><T95/><D32/><U76/><E119/><V45/><F72/><W109/><G127/><T81/><D125/><U83/><E126/><V7/><F115/><W73/><G109/><T71/><D108/><U3/><E3/><V30/><F50/><W40/><G113/><T130/><D71/><U19/><E114/><V62/><F62/><W80/><G36/><T18/><D106/><U88/><E23/><V49/><F49/><W65/><G118/><T101/><REACH who="0" step="1"/><D46/><REACH who="0" ten="240,250,250,250" step="2"/><U121/><E121/><V33/><F34/><W135/><G123/><T103/><D103/><U1/><E68/><V132/><F132/><W105/><G135/><T31/><D31/><U44/><E69/><V25/><F33/><W58/><G100/><T28/><D28/><U59/><E44/><V0/><F30/><W116/><G116/><T67/><D67/><U124/><E124/><V52/><REACH who="2" step="1"/><F7/><REACH who="2" ten="240,250,240,250" step="2"/><W79/><G105/><T10/><D10/><U85/><E47/><V102/><F102/><N who="3" m="60783" /><G65/><T15/><D15/><U12/><E12/><V86/><F86/><W82/><G26/><AGARI ba="0,2" hai="0,5,11,25,26,27,41,45,48,52,56,60,128,129" machi="26" ten="40,2600,0" yaku="1,1,54,1,53,0" doraHai="13" doraHaiUra="87" who="2" fromWho="3" sc="240,0,250,0,240,46,250,-26" /><INIT seed="1,0,0,1,2,59" ten="240,250,286,224" oya="1" hai0="14,64,61,123,126,127,63,28,17,9,102,90,65" hai1="8,46,119,114,10,89,103,122,23,20,73,69,78" hai2="121,54,48,56,2,130,51,72,115,75,53,85,37" hai3="106,60,7,99,40,25,84,76,43,32,34,27,118"/><U124/><E114/><V15/><F2/><W47/><G118/><T1/><D123/><U82/><E119/><V68/><F121/><W120/><G120/><T80/><D28/><U107/><E122/><V129/><F37/><W5/><G106/><T112/><D112/><U62/><E124/><N who="0" m="47657" /><D102/><U77/><E77/><V57/><F115/><W16/><G99/><T113/><D1/><U111/><E46/><V116/><F116/><W74/><G74/><T83/><D113/><U131/><E131/><N who="2" m="50187" /><F68/><W132/><G132/><T55/><D55/><U95/><E111/><V128/><N who="2" m="50195" /><V19/><DORA hai="26" /><F85/><W104/><G104/><T24/><D24/><N who="3" m="9289" /><G32/><T93/><D65/><U0/><E107/><V33/><F33/><W21/><G34/><T49/><D49/><U41/><E103/><V105/><F105/><W101/><G101/><T87/><D63/><U3/><E62/><V88/><F88/><W4/><G60/><T12/><D12/><U117/><E69/><AGARI ba="0,0" hai="9,14,17,61,64,69,80,83,87,90,93" m="47657" machi="69" ten="30,2000,0" yaku="18,1,52,1" doraHai="59,26" who="0" fromWho="1" sc="240,20,250,-20,286,0,224,0" /><INIT seed="2,0,0,0,2,55" ten="260,230,286,224" oya="2" hai0="102,83,0,3,103,126,122,129,6,101,14,95,26" hai1="62,79,32,67,1,109,84,111,77,58,72,30,65" hai2="51,118,45,89,66,88,5,15,127,37,10,123,31" hai3="85,19,74,98,113,116,105,20,21,132,46,69,35"/><V36/><F118/><W11/><G116/><T13/><D122/><U70/><E1/><V18/><F123/><W44/><G35/><T91/><D129/><U130/><E72/><V78/><F31/><W17/><G74/><T68/><D68/><U27/><E130/><V53/><F127/><W50/><G69/><T133/><D126/><U119/><E119/><V34/><F34/><W2/><G132/><T42/><D42/><U28/><E28/><V63/><F78/><W112/><G85/><T73/><D26/><U115/><E115/><N who="3" m="44106" /><G105/><T104/><D104/><U86/><E77/><V134/><F134/><W110/><G110/><N who="1" m="41994" /><E79/><V124/><F124/><W107/><G107/><T47/><D73/><U33/><E32/><V114/><F114/><W40/><G98/><T106/><D106/><U99/><E99/><V135/><F135/><W38/><G2/><T76/><D3/><U49/><E67/><V93/><F5/><W59/><G19/><T23/><D133/><U48/><E70/><V25/><F25/><W41/><G59/><T54/><D0/><U52/><E65/><V4/><F18/><W94/><G94/><T8/><D76/><U90/><E84/><V131/><F131/><W39/><G38/><N who="2" m="14953" /><F93/><AGARI ba="0,0" hai="27,30,33,48,49,52,58,62,86,90,93" m="41994" machi="93" ten="30,3900,0" yaku="14,1,52,1,54,1" doraHai="55" who="1" fromWho="2" sc="260,0,230,39,286,-39,224,0" /><INIT seed="3,0,0,0,1,116" ten="260,269,247,224" oya="3" hai0="127,73,110,4,35,12,38,76,16,112,97,33,128" hai1="113,86,100,37,3,84,119,29,96,89,15,39,68" hai2="124,80,60,90,57,28,130,115,22,45,123,101,49" hai3="70,6,71,59,93,77,81,95,53,118,79,32,120"/><W36/><G120/><T48/><D38/><U40/><E3/><V74/><F115/><W25/><G118/><T1/><D112/><U94/><E113/><V65/><F130/><W85/><G36/><T63/><D48/><U126/><E119/><V50/><F124/><W134/><G134/><T107/><D63/><U41/><E68/><V87/><F74/><W106/><G106/><T66/><D66/><U46/><E126/><V19/><F101/><W114/><G114/><T121/><D121/><U58/><E29/><V5/><F5/><W129/><G129/><T17/><D17/><U42/><E15/><V102/><F123/><W51/><G6/><T23/><D127/><U21/><E21/><V133/><F133/><W109/><G109/><T11/><D110/><U72/><E72/><V82/><F102/><W55/><G79/><T105/><D128/><U7/><E7/><V20/><F45/><W88/><G53/><T26/><D97/><U135/><E135/><V111/><F111/><W47/><G47/><T34/><REACH who="0" step="1"/><D1/><REACH who="0" ten="250,269,247,224" step="2"/><U125/><E125/><V104/><F50/><W67/><G67/><T14/><D14/><U44/><E40/><V9/><F49/><W24/><G95/><T61/><D61/><U99/><REACH who="1" step="1"/><E58/><REACH who="1" ten="250,259,247,224" step="2"/><V92/><F57/><W117/><G117/><T122/><D122/><U31/><E31/><V27/><F28/><N who="3" m="19463" /><G25/><T54/><D54/><U0/><E0/><V69/><F27/><W91/><G70/><T131/><D131/><U103/><E103/><V13/><F69/><W52/><G71/><T8/><D8/><U56/><E56/><RYUUKYOKU ba="0,2" sc="250,15,259,15,247,-15,224,-15" hai0="4,11,12,16,23,26,33,34,35,73,76,105,107" hai1="37,39,41,42,44,46,84,86,89,94,96,99,100" /><INIT seed="4,1,2,0,1,20" ten="265,274,232,209" oya="0" hai0="36,117,118,29,111,60,114,8,4,13,134,94,9" hai1="61,11,43,56,95,79,18,48,131,33,52,55,73" hai2="44,78,49,28,74,96,113,50,103,45,37,76,116" hai3="34,10,54,98,58,68,51,27,101,85,65,47,64"/><T72/><D72/><U122/><E122/><V124/><F113/><W119/><G119/><T75/><D75/><U120/><E120/><V12/><F116/><W42/><G68/><T93/><D36/><U16/><E33/><V14/><F37/><W17/><G85/><T0/><D114/><U91/><E131/><V5/><F124/><W112/><G112/><T31/><D134/><U24/><E43/><V19/><F28/><W22/><G34/><T62/><D13/><U23/><E73/><V97/><F74/><W26/><G10/><T67/><D67/><U130/><E79/><V100/><REACH who="2" step="1"/><F19/><REACH who="2" ten="265,274,222,209" step="2"/><W77/><G77/><T106/><D31/><U38/><E38/><V40/><F40/><W2/><G2/><T59/><D29/><U135/><E18/><V7/><AGARI ba="1,3" hai="5,7,12,14,44,45,49,50,76,78,96,97,100,103" machi="7" ten="25,8000,1" yaku="1,1,0,1,22,2,8,1,53,0" doraHai="20" doraHaiUra="21" who="2" fromWho="2" sc="265,-41,274,-21,222,113,209,-21" owari="224,-17.6,253,5.3,335,43.5,188,-31.2" /></mjloggm>