<mjloggm ver="2.3"><GO type="225" lobby="0"/><UN n0="%79%75%72%69%6D%6F%67" n1="%E3%80%93%E3%81%97%E3%83%BC%E3%82%89%E3%80%93" n2="%E6%98%93%E5%88%A9%E8%96%A9%E4%BC%AF" n3="%E3%81%95%E3%81%8D%E3%81%9F%E3%81%BE%E6%9E%97%E6%AA%8E" dan="16,16,16,16" rate="2130.19,2158.78,2055.71,2062.51" sx="F,M,F,M"/><TAIKYOKU oya="0"/><INIT seed="0,0,0,4,2,128" ten="250,250,250,250" oya="0" hai0="29,12,52,44,108,129,95,54,34,76,0,30,94" hai1="66,23,5,74,37,60,122,83,33,89,9,67,97" hai2="133,68,20,84,87,25,21,125,88,124,46,59,96" hai3="55,22,85,91,116,92,120,4,135,49,24,42,43"/><T80/><D0/><U65/><E33/><V3/><F68/><W47/><G116/><T35/><D129/><U10/><E37/><V121/><F3/><W81/><G135/><T62/><D35/><U53/><E122/><V41/><F121/><W38/><G120/><T78/><D34/><U14/><E74/><V115/><F115/><W18/><G38/><T57/><D108/><U102/><E10/><V56/><F96/><W101/><G4/><T130/><D130/><U40/><E40/><V32/><F32/><W11/><G11/><T90/><D12/><U13/><E13/><V69/><F69/><W1/><G1/><T118/><D118/><U106/><E23/><V112/><F87/><W103/><G92/><T72/><D78/><U119/><E119/><V51/><F133/><W6/><G6/><T86/><REACH who="0" step="1"/><D95/><REACH who="0" ten="240,250,250,250" step="2"/><U39/><E14/><V111/><F111/><W17/><G17/><T104/><D104/><U98/><E106/><V19/><F112/><W73/><G73/><T79/><D79/><U58/><E5/><V126/><REACH who="2" step="1"/><F21/><REACH who="2" ten="240,250,240,250" step="2"/><W71/><G22/><T131/><D131/><U61/><E9/><V45/><F45/><W7/><G47/><T70/><D70/><U48/><E58/><V105/><F105/><W31/><G71/><T15/><D15/><U75/><E102/><V16/><F16/><W132/><G18/><T123/><D123/><U63/><E67/><V127/><N who="2" m="31744" /><DORA hai="93" /><V82/><AGARI ba="0,2" hai="19,20,25,41,46,51,56,59,82,84,88" m="31744" machi="82" ten="60,12000,2" yaku="1,1,4,1,0,1,18,1,54,1,53,1" doraHai="128,93" doraHaiUra="77,107" who="2" fromWho="2" sc="240,-60,250,-30,240,140,250,-30" /><INIT seed="1,0,0,0,5,25" ten="180,220,380,220" oya="1" hai0="14,89,101,125,130,134,68,128,99,100,86,111,65" hai1="106,118,22,105,90,117,27,10,113,16,71,23,114" hai2="6,119,53,115,52,74,11,112,30,12,79,121,26" hai3="33,108,69,7,131,95,73,67,36,43,70,124,78"/><U92/><E71/><V55/><F119/><W49/><G108/><T54/><D68/><U122/><E122/><V15/><F121/><W17/><G7/><T35/><D65/><U58/><E118/><V47/><F74/><W21/><G33/><T102/><D35/><U104/><E117/><V132/><F79/><W3/><G3/><T97/><D54/><U9/><E58/><V81/><F81/><W66/><G36/><T42/><D14/><U0/><E23/><V77/><F77/><W126/><G131/><N who="0" m="50219" /><D42/><U1/><E1/><V56/><F132/><W63/><G73/><T2/><D2/><U64/><E64/><V91/><F91/><W107/><G107/><T80/><D111/><U98/><REACH who="1" step="1"/><E0/><REACH who="1" ten="180,210,380,220" step="2"/><V72/><F56/><W84/><G67/><T8/><D8/><AGARI ba="0,1" hai="8,9,10,16,22,27,90,92,98,104,105,106,113,114" machi="8" ten="40,7700,0" yaku="1,1,2,1,54,1,53,0" doraHai="25" doraHaiUra="45" who="1" fromWho="0" sc="180,-77,210,87,380,0,220,0" /><INIT seed="1,1,0,1,3,32" ten="103,297,380,220" oya="1" hai0="60,109,29,101,16,55,36,106,84,1,49,61,13" hai1="111,17,20,129,30,42,9,65,92,4,5,114,122" hai2="85,50,118,14,119,72,44,76,59,39,89,2,12" hai3="103,73,91,134,99,93,96,24,11,58,8,28,26"/><U126/><E114/><V79/><F2/><W83/><G134/><T127/><D109/><U31/><E122/><V74/><F59/><W64/><G26/><T48/><D127/><U15/><E126/><V70/><F70/><W52/><G64/><T112/><D36/><U87/><E111/><V0/><F0/><W25/><G25/><T18/><D112/><U86/><E129/><V75/><F39/><W7/><G73/><T40/><D106/><U115/><E65/><V51/><F89/><W27/><G27/><T33/><D101/><U117/><E115/><V68/><F85/><W46/><G46/><T135/><D135/><U120/><E117/><V108/><F44/><W78/><G78/><T45/><D1/><U128/><E128/><V80/><F68/><W102/><G83/><T132/><D33/><U41/><E87/><V95/><F95/><W130/><G130/><T10/><D29/><N who="1" m="10763" /><E120/><V3/><F3/><W121/><G121/><T22/><D132/><U97/><E86/><V124/><F124/><W107/><G103/><T19/><D84/><U71/><E71/><V94/><F94/><W54/><G7/><N who="1" m="2634" /><E9/><V133/><F133/><W125/><G125/><T38/><D38/><U77/><E77/><V47/><F75/><W105/><G105/><T116/><D116/><U88/><AGARI ba="1,0" hai="15,17,20,41,42,88,92,97" m="2634,10763" machi="88" ten="30,3000,0" yaku="8,1,54,1" doraHai="32" who="1" fromWho="1" sc="103,-11,297,33,380,-11,220,-11" /><INIT seed="1,2,0,4,4,37" ten="92,330,369,209" oya="1" hai0="54,117,71,14,82,119,49,40,1,6,133,93,106" hai1="39,69,73,56,109,12,47,125,127,105,118,124,90" hai2="5,33,17,129,100,98,96,19,132,83,31,113,122" hai3="120,72,3,115,131,43,134,110,52,61,34,42,27"/><U16/><E69/><V114/><F122/><W59/><G115/><N who="2" m="44041" /><F5/><W23/><G120/><T45/><D106/><U88/><E105/><V51/><F132/><W41/><G34/><T8/><D71/><U121/><E121/><V29/><F83/><W74/><G134/><T46/><D133/><U135/><E135/><V35/><F51/><W55/><G3/><T9/><D93/><U75/><E118/><V15/><F129/><W85/><G131/><T80/><D119/><U123/><E109/><V67/><F67/><W25/><G110/><T63/><D117/><U58/><E123/><V62/><F62/><W92/><G55/><T84/><D63/><U111/><E111/><V94/><F98/><W53/><G53/><T11/><D1/><U108/><E108/><V38/><F19/><W107/><G107/><T116/><D82/><U32/><E32/><N who="2" m="12363" /><F38/><W103/><G27/><T101/><D101/><U87/><E75/><V7/><F7/><W112/><G112/><T128/><D128/><U104/><E73/><V20/><AGARI ba="2,0" hai="15,17,20,29,31,94,96,100" m="12363,44041" machi="20" ten="30,1100,0" yaku="11,1" doraHai="37" who="2" fromWho="2" sc="92,-5,330,-7,369,17,209,-5" /><INIT seed="2,0,0,3,2,87" ten="87,323,386,204" oya="2" hai0="30,85,9,96,135,75,89,11,34,82,73,120,65" hai1="62,127,22,86,58,134,91,88,56,59,80,112,68" hai2="1,76,6,63,14,10,81,26,36,20,115,39,18" hai3="126,38,66,33,106,64,15,42,109,77,129,25,79"/><V51/><F115/><W119/><G109/><T19/><D120/><U7/><E112/><V114/><F114/><W103/><G119/><T104/><D135/><U78/><E134/><V71/><F51/><W110/><G110/><T72/><D65/><U27/><E127/><V105/><F105/><W121/><G121/><T99/><D99/><U95/><E7/><V55/><F1/><W97/><G126/><T41/><D41/><U0/><E0/><V50/><F63/><W122/><G122/><T54/><D54/><N who="1" m="34071" /><E68/><V48/><F48/><W100/><G100/><T28/><D19/><N who="1" m="12767" /><E78/><V92/><F92/><W24/><G129/><T35/><D104/><U93/><E95/><V70/><F70/><W113/><G113/><T12/><D96/><AGARI ba="0,0" hai="58,59,80,86,88,91,93,96" m="12767,34071" machi="96" ten="30,8000,1" yaku="25,1,8,1,52,2,54,1" doraHai="87" who="1" fromWho="0" sc="87,-80,323,80,386,0,204,0" /><INIT seed="3,0,0,5,0,51" ten="7,403,386,204" oya="3" hai0="54,2,101,52,111,119,87,40,63,1,47,26,109" hai1="122,110,95,42,57,117,31,102,133,123,132,127,97" hai2="64,73,116,130,85,106,67,80,128,86,74,56,44" hai3="15,10,23,33,99,50,65,89,72,131,125,34,53"/><W91/><G125/><T113/><D119/><U94/><E117/><V77/><F106/><W104/><G131/><N who="2" m="50217" /><F44/><W103/><G72/><N who="2" m="27753" /><F116/><W96/><G65/><N who="2" m="25161" /><F56/><W36/><G36/><T118/><D63/><U37/><E127/><V35/><F35/><W13/><G99/><T114/><D26/><U107/><E57/><V21/><F21/><W0/><G0/><N who="0" m="107" /><D87/><N who="2" m="33290" /><F80/><W83/><G83/><T48/><D101/><U71/><E31/><V124/><F124/><W62/><G34/><T22/><D22/><U43/><E71/><V88/><F88/><N who="3" m="33867" /><G33/><T46/><D46/><N who="1" m="23887" /><E43/><V25/><F25/><W76/><G104/><T20/><D20/><U68/><E68/><V16/><F16/><N who="3" m="10639" /><G62/><T29/><D29/><U49/><E49/><V60/><F60/><W66/><G66/><T7/><D7/><U4/><E4/><V79/><AGARI ba="0,0" hai="77,79" m="33290,25161,27753,50217" machi="79" ten="40,5200,0" yaku="28,2,19,1" doraHai="51" who="2" fromWho="2" sc="7,-13,403,-13,386,52,204,-26" owari="-6,-50.6,390,19.0,438,53.8,178,-22.2" /></mjloggm>