<mjloggm ver="2.3"><GO type="225" lobby="0"/><UN n0="%E3%81%AF%E3%82%88%E3%81%8A%E3%81%98%E3%81%95%E3%82%93" n1="%E7%89%B9%E6%9D%B1%E3%81%AF%E4%B8%96%E7%95%8C%E3%82%92%E6%95%91%E3%81%86" n2="%E7%99%BD%E9%9B%AA%E4%B9%83%E6%84%9B" n3="%E6%80%AA%E3%81%97%E3%81%99%E3%81%8E%E3%82%8B%E3%83%81%E3%83%BC" dan="16,16,16,16" rate="2197.56,2151.24,2062.42,2144.73" sx="M,M,F,M"/><TAIKYOKU oya="0"/><INIT seed="0,0,0,1,5,79" ten="250,250,250,250" oya="0" hai0="22,59,122,123,81,31,43,77,107,99,53,19,67" hai1="80,102,4,63,39,70,37,94,111,25,130,10,26" hai2="75,17,121,100,72,50,96,24,76,2,73,55,64" hai3="103,126,82,106,93,104,89,132,56,44,46,127,34"/><T60/><D31/><U61/><E111/><V74/><F121/><W47/><G34/><T20/><D43/><U91/><E130/><V9/><F64/><W92/><G132/><T115/><D115/><U87/><E39/><V35/><F75/><W16/><G56/><T98/><D53/><U108/><E37/><V128/><F128/><W30/><G30/><T33/><D33/><U135/><E108/><V32/><F24/><W36/><G16/><T101/><D99/><U97/><E135/><V51/><F51/><W5/><G5/><T11/><D11/><U41/><E41/><V124/><F124/><N who="3" m="47659" /><G36/><T13/><REACH who="0" step="1"/><D22/><REACH who="0" ten="240,250,250,250" step="2"/><U84/><E10/><V118/><F35/><W69/><G104/><T29/><D29/><U66/><E97/><V95/><F32/><W109/><G106/><T65/><D65/><U134/><E134/><V119/><F9/><W48/><G109/><T83/><D83/><U40/><E40/><V86/><F2/><W14/><G82/><T18/><D18/><U78/><E66/><V113/><F17/><W3/><G93/><T28/><D28/><U0/><E94/><V12/><F113/><W1/><G92/><T116/><D116/><U105/><E80/><N who="2" m="47367" /><F119/><W62/><G44/><T120/><D120/><U90/><E0/><V8/><F118/><W49/><G46/><T117/><D117/><U7/><E7/><N who="2" m="3103" /><F55/><W110/><G3/><T23/><D23/><U71/><E4/><V133/><F133/><W21/><G1/><T125/><D125/><U15/><E105/><V52/><F52/><N who="3" m="29727" /><G110/><T38/><D38/><U85/><E102/><RYUUKYOKU ba="0,1" sc="240,15,250,-15,250,15,250,-15" hai0="13,19,20,59,60,67,77,81,98,101,107,122,123" hai2="50,72,73,74,95,96,100" /><INIT seed="0,1,1,4,1,97" ten="255,235,265,235" oya="0" hai0="26,12,28,19,74,92,119,57,10,103,135,24,118" hai1="95,53,94,20,17,52,121,113,134,33,123,37,110" hai2="27,104,60,112,7,88,120,132,6,102,72,42,65" hai3="23,77,108,78,2,34,114,48,115,61,71,18,35"/><T0/><D74/><U49/><E33/><V84/><F120/><W9/><G108/><T131/><D57/><U39/><E110/><V96/><F112/><W105/><G105/><T41/><D41/><U63/><E113/><N who="3" m="43018" /><G48/><T66/><D66/><U128/><E128/><V43/><F72/><W44/><G61/><T5/><D131/><U98/><E134/><V85/><F132/><W8/><G44/><T40/><D40/><U50/><E20/><V90/><F27/><N who="3" m="14839" /><G77/><T122/><D135/><U107/><E98/><V45/><F43/><W86/><G86/><T127/><D122/><U80/><E17/><V117/><F117/><W75/><G78/><T14/><D127/><U116/><E116/><N who="0" m="44585" /><D103/><U22/><E22/><V69/><F45/><W51/><G51/><T67/><D92/><U101/><E107/><V16/><F42/><W59/><G59/><T93/><D93/><U32/><E32/><N who="3" m="12330" /><G71/><T125/><D67/><U30/><E30/><V111/><F69/><W46/><G46/><T25/><D125/><U130/><E130/><V38/><F65/><W55/><G55/><T4/><D28/><U21/><E21/><V11/><F60/><W76/><G2/><N who="0" m="279" /><D19/><U13/><E63/><V99/><F16/><W109/><G109/><T89/><D89/><U36/><E36/><V83/><F38/><W64/><G64/><T106/><D106/><U1/><E101/><N who="2" m="62503" /><F111/><W100/><G100/><T79/><D79/><U15/><E80/><N who="2" m="49159" /><F11/><AGARI ba="1,1" hai="0,5,11,12,14,24,25,26" m="279,44585" machi="11" ten="30,2900,0" yaku="34,2" doraHai="97" who="0" fromWho="2" sc="255,42,235,0,265,-32,235,0" /><INIT seed="0,2,0,1,4,115" ten="297,235,233,235" oya="0" hai0="89,133,56,59,32,68,122,2,79,113,3,24,31" hai1="62,55,130,87,40,120,22,101,60,112,97,128,64" hai2="81,15,63,82,109,80,23,57,111,99,119,39,54" hai3="117,126,107,135,125,50,124,106,41,25,16,45,8"/><T26/><D68/><U65/><E120/><V90/><F39/><W47/><G135/><T10/><D113/><U14/><E40/><V131/><F131/><N who="1" m="50217" /><E87/><V27/><F15/><N who="3" m="7271" /><G117/><T95/><D122/><U4/><E112/><V129/><F129/><W104/><G25/><T118/><D118/><U21/><E55/><V78/><F78/><W114/><G114/><T7/><D133/><U13/><E13/><V132/><F132/><W88/><G88/><T17/><D79/><U66/><E4/><V36/><F36/><N who="3" m="21671" /><G106/><T48/><D2/><U37/><E37/><V102/><F119/><W72/><G72/><T94/><D94/><N who="1" m="58551" /><E14/><V49/><F49/><W18/><G18/><T19/><D48/><U98/><E98/><V127/><F127/><W61/><G61/><AGARI ba="2,0" hai="21,22,60,61,62,64,65,66" m="58551,50217" machi="61" ten="30,1000,0" yaku="19,1" doraHai="115" who="1" fromWho="3" sc="297,0,235,16,233,0,235,-16" /><INIT seed="1,0,0,3,3,76" ten="297,251,233,219" oya="1" hai0="97,34,130,63,96,82,94,59,135,57,121,118,62" hai1="71,90,128,98,10,74,129,26,33,44,127,80,86" hai2="46,29,43,106,52,131,116,85,102,92,0,109,41" hai3="4,134,7,50,45,70,99,42,67,36,54,60,110"/><U64/><E127/><V16/><F116/><W6/><G110/><T58/><D118/><U13/><E74/><V12/><F0/><W89/><G134/><T48/><D34/><U15/><E44/><V37/><F109/><W112/><G112/><T108/><D108/><U3/><E98/><V32/><F131/><N who="1" m="50249" /><E64/><V14/><F14/><N who="1" m="5129" /><E71/><V65/><F65/><W91/><REACH who="3" step="1"/><G99/><REACH who="3" ten="297,251,233,209" step="2"/><T1/><D97/><U104/><E104/><V20/><F106/><W68/><G68/><T72/><D96/><U9/><E3/><V133/><F133/><W132/><G132/><T119/><D1/><U73/><E73/><V81/><F102/><W83/><G83/><T95/><D82/><U88/><E90/><V27/><F92/><W28/><G28/><AGARI ba="0,1" hai="9,10,26,28,33,80,86,88" m="5129,50249" machi="28" ten="30,5800,0" yaku="19,1,52,1,54,1" doraHai="76" who="1" fromWho="3" sc="297,0,251,68,233,0,209,-58" /><INIT seed="1,1,0,1,2,52" ten="297,319,233,151" oya="1" hai0="70,33,23,113,26,107,42,73,106,74,24,77,102" hai1="108,135,8,118,75,83,56,38,115,76,6,112,21" hai2="36,109,90,9,47,45,2,4,103,19,87,72,12" hai3="18,25,29,5,80,62,22,55,66,110,92,94,57"/><U63/><E118/><V41/><F109/><W35/><G110/><T134/><D113/><U129/><E108/><V93/><F47/><W79/><G5/><T86/><D70/><U88/><E38/><V91/><F72/><W58/><G35/><T60/><D134/><U96/><E129/><V28/><F28/><W51/><REACH who="3" step="1"/><G29/><REACH who="3" ten="297,319,233,141" step="2"/><T123/><D33/><U50/><E135/><V27/><F2/><W3/><G3/><T11/><D123/><U64/><E115/><V100/><F4/><W101/><G101/><T131/><D102/><U43/><E112/><V120/><F120/><W104/><G104/><T34/><D107/><U65/><E6/><V44/><F103/><W85/><AGARI ba="1,1" hai="18,22,25,51,55,57,58,62,66,79,80,85,92,94" machi="85" ten="20,12000,2" yaku="1,1,0,1,7,1,8,1,52,2,53,1" doraHai="52" doraHaiUra="17" who="3" fromWho="3" sc="297,-31,319,-61,233,-31,141,133" /><INIT seed="2,0,0,5,2,81" ten="266,258,202,274" oya="2" hai0="62,128,89,31,8,97,24,95,37,69,68,32,79" hai1="73,134,45,44,18,46,124,54,126,75,10,88,109" hai2="78,129,30,51,115,91,26,132,119,130,6,103,28" hai3="4,71,42,65,60,11,87,17,122,99,35,41,67"/><V2/><F115/><W55/><G122/><T111/><D111/><U64/><E109/><V70/><F119/><W52/><G35/><T33/><D128/><N who="2" m="49258" /><F70/><W43/><G67/><T117/><D117/><U113/><E113/><V40/><F132/><W121/><G121/><T25/><D37/><U90/><E134/><V16/><F103/><W12/><G99/><T15/><D79/><U56/><E64/><V48/><F78/><W13/><REACH who="3" step="1"/><G87/><REACH who="3" ten="266,258,202,264" step="2"/><T58/><D33/><U74/><E126/><V84/><F2/><W61/><G61/><T53/><D25/><U112/><E124/><V123/><F123/><W94/><G94/><T38/><D38/><U7/><E112/><V101/><F101/><W39/><G39/><T133/><D133/><U36/><E36/><V19/><F51/><W105/><G105/><T85/><REACH who="0" step="1"/><D97/><REACH who="0" ten="256,258,202,264" step="2"/><U102/><E75/><V23/><F6/><AGARI ba="0,2" hai="6,8,15,24,31,32,53,58,62,68,69,85,89,95" machi="6" ten="30,8000,1" yaku="1,1,2,1,7,1,52,1,53,1" doraHai="81" doraHaiUra="20" who="0" fromWho="2" sc="256,100,258,0,202,-80,264,0" /><INIT seed="3,0,0,4,0,51" ten="356,258,122,264" oya="3" hai0="124,24,56,12,112,110,41,40,130,62,108,86,102" hai1="27,32,120,60,28,58,43,128,111,132,54,99,90" hai2="122,71,44,72,106,123,3,10,29,5,63,34,53" hai3="31,89,117,125,7,47,16,127,2,1,42,76,87"/><W21/><G117/><T30/><D124/><N who="3" m="47689" /><G76/><T49/><D130/><U35/><E120/><V103/><F72/><W107/><G31/><T91/><D102/><U66/><E128/><V78/><F78/><W100/><G7/><T39/><D12/><U59/><E111/><N who="0" m="42537" /><D49/><U74/><E74/><V57/><F44/><W73/><G73/><T68/><D68/><U45/><E132/><V17/><F17/><W33/><G33/><N who="0" m="20679" /><D39/><U8/><E8/><V105/><F105/><W79/><G107/><T80/><D112/><U69/><E35/><V15/><F15/><N who="3" m="9375" /><G100/><T97/><D97/><U26/><E26/><V19/><F19/><W133/><G79/><T119/><D119/><U25/><E25/><V96/><F57/><W22/><G22/><T85/><D86/><U55/><E58/><V11/><F11/><W37/><G133/><T134/><D134/><U118/><E118/><V65/><REACH who="2" step="1"/><F53/><AGARI ba="0,0" hai="40,41,53,56,62,80,85,91" m="20679,42537" machi="53" ten="30,2000,0" yaku="14,1,52,1" doraHai="51" who="0" fromWho="2" sc="356,20,258,0,122,-20,264,0" owari="376,47.6,258,-14.2,102,-39.8,264,6.4" /></mjloggm>