<mjloggm ver="2.3"><GO type="225" lobby="0"/><UN n0="%E3%81%86%E3%83%BC%E3%81%B1%E3%83%BC" n1="%6D%75%75%6D%75%72%61" n2="%E7%BD%AA%E5%88%91%E6%B3%95%E5%AE%9A%E4%B8%BB%E7%BE%A9" n3="%E3%81%AF%E3%82%88%E3%81%8A%E3%81%98%E3%81%95%E3%82%93" dan="17,17,16,17" rate="2162.61,2164.38,2186.79,2188.37" sx="F,F,M,M"/><TAIKYOKU oya="0"/><INIT seed="0,0,0,4,4,19" ten="250,250,250,250" oya="0" hai0="73,28,87,107,79,18,32,90,15,91,114,133,52" hai1="50,67,129,46,105,117,14,113,57,70,12,121,99" hai2="96,116,24,125,62,65,102,109,118,134,130,92,0" hai3="103,13,122,23,1,128,132,33,45,112,71,39,115"/><T56/><D114/><U94/><E117/><N who="2" m="45163" /><F0/><W49/><G1/><T77/><D107/><U78/><E121/><V124/><F109/><W47/><G33/><T7/><D133/><U120/><E120/><V76/><F134/><W108/><G122/><T30/><D7/><U100/><E129/><V10/><F10/><W64/><G132/><T51/><D73/><U25/><E70/><N who="2" m="42295" /><F76/><N who="0" m="29258" /><D32/><U26/><E113/><V63/><F130/><W11/><G128/><T2/><D2/><U6/><E105/><V53/><F24/><N who="1" m="9321" /><E78/><V135/><F135/><W44/><G108/><T43/><D43/><N who="1" m="24927" /><E6/><V34/><F34/><W69/><G39/><T75/><D75/><U98/><E98/><V72/><F72/><W37/><G37/><T16/><D18/><U119/><E119/><V31/><F31/><N who="0" m="11818" /><D87/><U123/><E123/><V126/><F63/><AGARI ba="0,0" hai="12,14,57,63,67,94,99,100" m="24927,9321" machi="63" ten="30,1000,0" yaku="8,1" doraHai="19" who="1" fromWho="2" sc="250,0,250,10,250,-10,250,0" /><INIT seed="1,0,0,4,4,79" ten="250,260,240,250" oya="1" hai0="124,127,15,60,121,40,16,20,77,27,59,114,11" hai1="53,41,90,56,44,34,80,35,64,105,1,93,28" hai2="132,0,18,126,36,94,67,82,5,13,21,97,116" hai3="115,84,117,47,31,51,49,110,37,103,109,30,99"/><U76/><E105/><V42/><F116/><W33/><G115/><T8/><D114/><U131/><E1/><V48/><F126/><N who="0" m="48170" /><D121/><U91/><E64/><V46/><F132/><W98/><G117/><T55/><D40/><U129/><E28/><V134/><F134/><W130/><G130/><N who="1" m="49674" /><E56/><V38/><F67/><W86/><G37/><T54/><D77/><U113/><E53/><N who="0" m="19977" /><D27/><U25/><E113/><V66/><F66/><AGARI ba="0,0" hai="8,11,15,16,20,59,60,66" m="19977,48170" machi="66" ten="30,2000,0" yaku="18,1,54,1" doraHai="79" who="0" fromWho="2" sc="250,20,260,0,240,-20,250,0" /><INIT seed="2,0,0,0,1,119" ten="270,260,220,250" oya="2" hai0="24,91,70,122,88,76,92,89,121,39,18,42,17" hai1="75,71,120,87,124,80,20,74,1,58,64,118,101" hai2="56,48,4,27,106,131,45,103,116,110,130,72,63" hai3="94,113,95,12,84,68,109,9,7,79,25,83,50"/><V10/><F116/><W59/><G109/><T100/><D70/><U47/><E118/><V54/><F72/><W115/><G68/><T51/><D39/><U21/><E71/><V127/><F127/><W43/><G25/><T66/><D76/><U123/><E1/><V6/><F110/><W61/><G113/><T5/><D5/><U78/><E124/><V2/><F6/><W36/><G36/><T112/><D66/><U90/><E101/><V31/><F103/><W135/><G135/><T117/><D117/><U49/><E58/><V99/><F99/><W82/><G83/><T105/><D112/><U107/><E64/><V52/><REACH who="2" step="1"/><F106/><REACH who="2" ten="270,260,210,250" step="2"/><W16/><G115/><T133/><D105/><U111/><E107/><V33/><AGARI ba="0,1" hai="2,4,10,27,31,33,45,48,52,54,56,63,130,131" machi="33" ten="30,12000,1" yaku="1,1,2,1,0,1,54,1,53,1" doraHai="119" doraHaiUra="23" who="2" fromWho="2" sc="270,-40,260,-40,210,130,250,-40" /><INIT seed="2,1,0,4,2,121" ten="230,220,340,210" oya="2" hai0="128,45,99,80,44,127,95,116,58,27,11,83,78" hai1="96,55,113,13,74,88,31,73,118,53,94,23,92" hai2="65,3,130,52,39,37,102,117,62,5,93,105,114" hai3="43,135,32,71,33,56,134,57,26,82,48,85,47"/><V68/><F114/><W49/><G71/><T16/><D127/><U84/><E113/><V119/><F105/><W79/><G26/><T9/><D128/><U50/><E118/><V98/><F130/><W28/><G28/><T61/><D116/><U123/><E123/><V108/><F108/><W14/><G14/><N who="0" m="7247" /><D11/><U12/><E74/><V133/><F133/><N who="3" m="50699" /><G49/><T115/><D27/><N who="1" m="16895" /><E73/><V25/><F25/><W8/><G8/><T4/><D4/><U70/><E70/><V77/><F5/><W51/><G51/><T36/><D36/><U17/><E17/><V1/><F119/><W64/><G64/><N who="0" m="38967" /><D115/><U100/><E53/><V69/><F117/><W103/><G103/><N who="0" m="60927" /><D78/><U129/><E129/><V81/><F69/><W24/><G24/><T107/><D107/><U106/><E106/><V46/><F39/><W35/><AGARI ba="1,0" hai="32,33,35,43,47,48,56,57,79,82,85" m="50699" machi="35" ten="40,1500,0" yaku="20,1" doraHai="121" who="3" fromWho="3" sc="230,-5,220,-5,340,-8,210,18" /><INIT seed="3,0,0,4,5,9" ten="225,215,332,228" oya="3" hai0="74,21,73,68,115,59,82,44,22,6,76,49,133" hai1="66,101,53,71,131,113,0,123,103,55,4,122,34" hai2="48,104,109,3,96,15,5,97,92,45,119,16,124" hai3="8,75,120,65,64,114,33,108,63,46,102,106,25"/><W88/><G114/><T121/><D121/><U51/><E113/><V7/><F119/><W47/><G120/><T62/><D68/><U70/><E34/><V1/><F109/><W24/><G75/><T11/><D74/><U43/><E43/><V40/><F124/><W100/><G108/><T35/><D35/><U79/><E131/><V93/><F104/><W86/><G8/><T81/><D133/><U72/><E0/><V17/><F3/><W112/><G112/><T28/><D28/><U27/><E4/><N who="2" m="1611" /><F1/><W110/><G110/><T13/><D81/><U128/><E128/><V58/><F58/><N who="3" m="36983" /><G65/><T31/><D31/><U80/><E122/><V98/><F17/><W61/><G61/><T36/><D36/><U127/><E123/><V10/><AGARI ba="0,0" hai="10,15,16,40,45,48,92,93,96,97,98" m="1611" machi="10" ten="30,4000,0" yaku="8,1,52,1,54,1" doraHai="9" who="2" fromWho="2" sc="225,-10,215,-10,332,40,228,-20" owari="215,1.5,205,-29.5,372,47.2,208,-19.2" /></mjloggm>