<mjloggm ver="2.3"><GO type="225" lobby="0"/><UN n0="%E3%81%BE%E3%81%A8%E3%81%9F" n1="%33%74%72%65%65" n2="%E3%83%B4%E3%83%A0%EF%BC%99%E3%81%A6" n3="%E6%A1%9C%E8%8A%B1%E9%96%83%E3%80%85" dan="17,16,16,16" rate="2249.40,2095.77,2118.88,2117.41" sx="M,F,M,M"/><TAIKYOKU oya="0"/><INIT seed="0,0,0,2,1,77" ten="250,250,250,250" oya="0" hai0="41,81,105,113,84,16,13,123,96,33,103,24,45" hai1="34,8,27,66,4,68,74,86,99,39,51,58,28" hai2="70,25,37,48,44,131,87,75,65,36,57,101,133" hai3="135,23,85,7,95,22,10,3,107,117,63,12,43"/><T69/><D69/><U97/><E74/><V110/><F75/><W42/><G117/><T38/><D113/><U124/><E39/><N who="2" m="14923" /><F87/><W120/><G107/><T100/><D123/><U55/><E124/><V92/><F92/><W125/><G135/><T90/><D100/><U40/><E40/><N who="3" m="15402" /><G3/><T126/><D126/><U108/><E108/><V94/><F94/><W53/><G125/><T59/><D59/><U67/><E86/><V35/><F25/><W73/><G73/><T127/><D127/><U93/><E68/><V0/><F35/><W52/><G120/><T111/><D111/><U76/><E76/><V116/><F0/><W17/><G63/><T49/><D38/><U102/><REACH who="1" step="1"/><E99/><REACH who="1" ten="250,240,250,250" step="2"/><V31/><F110/><W134/><G134/><T115/><D115/><U30/><E30/><V121/><F133/><W112/><G112/><T18/><REACH who="0" step="1"/><D13/><AGARI ba="0,1" hai="4,8,13,27,28,34,51,55,58,66,67,93,97,102" machi="13" ten="30,2000,0" yaku="1,1,7,1,53,0" doraHai="77" doraHaiUra="64" who="1" fromWho="0" sc="250,-20,240,30,250,0,250,0" /><INIT seed="1,0,0,3,1,39" ten="230,270,250,250" oya="1" hai0="8,90,46,94,106,108,88,85,11,34,120,118,19" hai1="32,30,57,40,65,126,51,101,130,107,99,1,79" hai2="86,121,104,22,80,123,20,98,28,89,49,14,2" hai3="76,119,116,62,44,134,115,21,61,58,105,75,97"/><U41/><E130/><V71/><F2/><W113/><G21/><T111/><D118/><N who="3" m="45097" /><G134/><T87/><D106/><U63/><E126/><V9/><F71/><W16/><G16/><T35/><D120/><U100/><E1/><V95/><F104/><W27/><G27/><T12/><D46/><U18/><E100/><V54/><F121/><W3/><G3/><T109/><REACH who="0" step="1"/><D11/><REACH who="0" ten="220,270,250,250" step="2"/><U112/><E107/><V53/><F123/><W4/><G44/><T47/><D47/><U77/><E112/><V23/><F28/><W114/><G114/><T68/><D68/><U92/><E30/><V38/><F38/><W131/><G115/><T66/><D66/><U83/><E65/><V7/><REACH who="2" step="1"/><F49/><REACH who="2" ten="220,270,240,250" step="2"/><W133/><G113/><T82/><AGARI ba="0,2" hai="8,12,19,34,35,82,85,87,88,90,94,108,109,111" machi="82" ten="30,7900,0" yaku="1,1,0,1,14,1,54,1,53,0" doraHai="39" doraHaiUra="64" who="0" fromWho="0" sc="220,99,270,-39,240,-20,250,-20" /><INIT seed="2,0,0,1,4,65" ten="319,231,220,230" oya="2" hai0="103,106,4,101,98,23,129,48,34,87,112,70,90" hai1="124,76,29,60,134,125,107,38,83,57,3,117,72" hai2="52,84,116,75,63,42,121,5,122,77,130,6,0" hai3="14,99,17,41,15,21,71,79,2,12,19,62,131"/><V132/><F116/><W36/><G2/><T30/><D112/><U93/><E117/><V25/><F75/><W86/><G131/><T113/><D34/><U8/><E107/><V32/><F130/><W16/><G36/><T18/><D113/><U58/><E134/><V82/><F132/><W81/><G41/><T28/><D103/><U20/><E38/><V126/><F42/><W97/><REACH who="3" step="1"/><G21/><REACH who="3" ten="319,231,220,220" step="2"/><T108/><D129/><U33/><E20/><V119/><F119/><W95/><G95/><T45/><D23/><U78/><E93/><V31/><F126/><W111/><G111/><T135/><D108/><U89/><E3/><V96/><F0/><W37/><G37/><T69/><D135/><U9/><E125/><V94/><F121/><W68/><G68/><T35/><D106/><U55/><E124/><V39/><F39/><W7/><G7/><T128/><D69/><U51/><E33/><V127/><F127/><W44/><G44/><T49/><D70/><U1/><E1/><V109/><F122/><W56/><G56/><T123/><D45/><U43/><E58/><V104/><F109/><W59/><G59/><T80/><D128/><U10/><E43/><V26/><F104/><W102/><G102/><T100/><D100/><U22/><E57/><N who="2" m="35239" /><F25/><W13/><N who="3" m="3072" /><DORA hai="120" /><W67/><AGARI ba="0,1" hai="16,17,19,62,67,71,79,81,86,97,99" m="3072" machi="67" ten="50,12000,2" yaku="1,1,4,1,0,1,52,1,54,1,53,1" doraHai="65,120" doraHaiUra="47,74" who="3" fromWho="3" sc="319,-30,231,-30,220,-60,220,130" /><INIT seed="3,0,0,1,5,95" ten="289,201,160,350" oya="3" hai0="21,20,93,68,70,85,130,121,51,99,77,11,46" hai1="115,36,2,23,59,30,129,58,16,105,7,86,101" hai2="14,97,116,27,76,25,10,41,65,42,98,35,73" hai3="75,56,57,9,38,120,91,126,72,113,53,5,102"/><W118/><G113/><T132/><D121/><U104/><E115/><V110/><F116/><W15/><G120/><T117/><D117/><U1/><E36/><V54/><F65/><W52/><G38/><T32/><D32/><U0/><E7/><N who="2" m="3423" /><F35/><W66/><G102/><T81/><D132/><U96/><E105/><V133/><F133/><W50/><G66/><T122/><D122/><U103/><E129/><V84/><F73/><W134/><G134/><T71/><D11/><U127/><E127/><V3/><F3/><W106/><G106/><T89/><D130/><U12/><E103/><V80/><F110/><W64/><G64/><T112/><D112/><U61/><E61/><V45/><F54/><W135/><G126/><T107/><D107/><U90/><REACH who="1" step="1"/><E30/><REACH who="1" ten="289,191,160,350" step="2"/><V128/><F128/><W60/><G135/><T87/><REACH who="0" step="1"/><D85/><REACH who="0" ten="279,191,160,350" step="2"/><U34/><E34/><V44/><F42/><AGARI ba="0,2" hai="20,21,42,46,51,68,70,71,77,81,87,89,93,99" machi="42" ten="40,12000,2" yaku="1,1,2,1,52,1,53,3" doraHai="95" doraHaiUra="67" who="0" fromWho="2" sc="279,140,191,0,160,-120,350,0" owari="419,51.9,191,-20.9,40,-46.0,350,15.0" /></mjloggm>