<mjloggm ver="2.3"><GO type="225" lobby="0"/><UN n0="%E3%81%86%E3%83%BC%E3%81%B1%E3%83%BC" n1="%4B%2E%32%2E%4B%2E" n2="%E3%82%A2%E3%82%A4%E3%82%B9%E3%83%86%E3%82%A3%E3%83%BC%E3%81%82%E3%81%B9" n3="%72%61%6B%33" dan="16,16,16,18" rate="2172.76,2101.88,2092.02,2250.14" sx="M,M,M,M"/><TAIKYOKU oya="0"/><INIT seed="0,0,0,0,5,49" ten="250,250,250,250" oya="0" hai0="102,74,71,127,79,32,51,3,129,2,103,48,88" hai1="86,52,67,34,132,98,25,60,6,89,72,120,55" hai2="84,104,44,131,53,56,45,126,35,38,40,78,16" hai3="59,94,107,42,12,81,19,83,64,110,111,109,66"/><T17/><D71/><U47/><E120/><V29/><F104/><W14/><G107/><T106/><D32/><U20/><E34/><V43/><F126/><W21/><G42/><T112/><D112/><U4/><E72/><V113/><F131/><W128/><G128/><T30/><D30/><N who="1" m="17703" /><E98/><V58/><F58/><W130/><G130/><T24/><D127/><U91/><E132/><V50/><F113/><W133/><G133/><T101/><D106/><U96/><E96/><V18/><F35/><W13/><G94/><T11/><D129/><U135/><E135/><V63/><REACH who="2" step="1"/><F29/><REACH who="2" ten="250,250,240,250" step="2"/><W27/><REACH who="3" step="1"/><G59/><REACH who="3" ten="250,250,240,240" step="2"/><T0/><D2/><U73/><E47/><V1/><F1/><W33/><G33/><T97/><D0/><U57/><E73/><V117/><F117/><W90/><G90/><N who="1" m="34314" /><E86/><V92/><F92/><W114/><G114/><T124/><D124/><U108/><E108/><V39/><F39/><W10/><G10/><T8/><D74/><U46/><E46/><V61/><F61/><W125/><G125/><T82/><D3/><U7/><AGARI ba="0,2" hai="4,6,7,52,55,57,60,67" m="34314,17703" machi="7" ten="30,7900,0" yaku="8,1,52,2,54,1" doraHai="49" who="1" fromWho="1" sc="250,-39,250,99,240,-20,240,-20" /><INIT seed="1,0,0,1,4,112" ten="211,349,220,220" oya="1" hai0="133,132,123,102,70,129,92,74,72,88,105,90,77" hai1="39,130,17,58,101,24,26,67,38,81,116,25,37" hai2="57,96,104,22,60,125,106,62,111,122,76,110,44" hai3="131,118,93,31,98,2,55,5,49,23,27,95,35"/><U36/><E36/><V108/><F122/><W89/><G131/><T59/><D70/><U107/><E130/><V80/><F125/><W32/><G118/><T109/><D129/><U66/><E116/><V127/><F127/><W120/><G120/><T126/><D126/><U75/><E17/><V14/><F44/><W6/><G2/><T128/><D128/><U100/><E107/><N who="2" m="41003" /><F96/><W42/><G42/><T12/><D123/><U11/><E11/><V115/><F115/><W113/><G113/><T20/><D59/><U10/><E10/><V63/><F22/><W82/><G82/><N who="0" m="45351" /><D74/><U121/><E121/><V68/><F14/><W13/><G95/><T29/><D105/><U47/><E47/><V79/><F68/><W41/><G41/><T43/><D43/><U9/><E9/><V134/><F134/><N who="0" m="51818" /><D109/><U52/><E75/><N who="2" m="43039" /><F79/><W87/><G98/><N who="0" m="59719" /><D12/><U34/><E34/><V86/><F86/><W33/><REACH who="3" step="1"/><G13/><REACH who="3" ten="211,349,220,210" step="2"/><T97/><D97/><U69/><E81/><V83/><F83/><W21/><G21/><T65/><D20/><U61/><REACH who="1" step="1"/><E67/><AGARI ba="0,1" hai="57,60,62,63,67,108,110,111" m="43039,41003" machi="67" ten="40,1300,0" yaku="14,1" doraHai="112" who="2" fromWho="1" sc="211,0,349,-13,220,23,210,0" /><INIT seed="2,0,0,3,5,31" ten="211,336,243,210" oya="2" hai0="71,13,64,69,72,61,120,27,24,128,16,74,116" hai1="77,56,81,112,10,99,55,105,110,20,3,57,5" hai2="111,52,132,75,14,98,124,25,88,103,21,65,43" hai3="90,127,106,108,104,29,2,63,78,1,11,33,46"/><V76/><F124/><W49/><G127/><T35/><D120/><U79/><E112/><V38/><F65/><W92/><G108/><T113/><D113/><U122/><E110/><V119/><F111/><W135/><G135/><T102/><D128/><U109/><E109/><V7/><F119/><W83/><G63/><T67/><D102/><U129/><E129/><V96/><F132/><W19/><G19/><T95/><D95/><U44/><E44/><V51/><F38/><W91/><G106/><T118/><D61/><U70/><E70/><V84/><F43/><W94/><G104/><T15/><D16/><U68/><E68/><V36/><F36/><W97/><G11/><T59/><D59/><U26/><E57/><N who="2" m="32927" /><F76/><W39/><G39/><T30/><D30/><U8/><E79/><V9/><F103/><W87/><G29/><T28/><D28/><U133/><E77/><V18/><F75/><W47/><G33/><AGARI ba="0,0" hai="13,15,24,27,33,35,64,67,69,71,72,74,116,118" machi="33" ten="25,6400,0" yaku="22,2,52,2" doraHai="31" who="0" fromWho="3" sc="211,64,336,0,243,0,210,-64" /><INIT seed="3,0,0,2,2,17" ten="275,336,243,146" oya="3" hai0="1,102,60,48,3,42,79,130,7,106,80,35,92" hai1="123,118,69,65,87,62,72,59,63,104,88,41,34" hai2="89,19,40,131,105,30,12,96,113,45,58,15,37" hai3="121,107,39,95,55,49,124,90,61,134,115,56,98"/><W119/><G115/><T117/><D35/><U47/><E72/><V126/><F113/><W99/><G119/><T93/><D106/><U31/><E104/><V6/><F126/><W132/><G124/><T71/><D117/><U16/><E118/><V14/><F131/><W51/><G39/><T74/><D130/><U120/><E31/><V127/><F30/><W81/><G121/><T83/><D83/><U111/><E34/><V2/><F2/><W26/><G81/><T50/><D50/><U33/><E16/><V24/><F6/><W10/><G10/><T44/><D92/><U66/><E33/><V43/><F40/><W122/><G122/><T54/><D7/><U67/><E111/><V64/><F24/><W91/><G26/><T109/><D109/><U68/><E59/><V75/><F75/><W73/><G73/><T101/><D101/><U108/><E108/><V57/><F57/><W27/><G27/><T116/><D116/><U133/><E67/><V53/><F64/><W114/><G114/><T82/><D82/><U11/><E11/><V0/><F0/><W110/><G110/><T22/><D3/><U36/><E133/><N who="3" m="51306" /><G90/><T21/><D1/><U94/><AGARI ba="0,0" hai="36,41,47,62,63,65,66,68,69,87,88,94,120,123" machi="94" ten="20,5200,0" yaku="0,1,7,1,9,1,54,1" doraHai="17" who="1" fromWho="1" sc="275,-13,336,52,243,-13,146,-26" owari="262,6.2,388,48.8,230,-17.0,120,-38.0" /></mjloggm>