<mjloggm ver="2.3"><GO type="225" lobby="0"/><UN n0="%EF%BC%81%E3%81%BC%E3%81%9F%E3%82%82%E3%81%A1%EF%BC%81" n1="%72%61%6B%33" n2="%E3%81%82%E3%83%BC%E3%81%97" n3="%E2%91%A3%E9%81%BF%E9%81%8A%E6%88%AF%E3%80%90%E6%9D%B1%E5%8D%97%E3%80%91" dan="16,16,16,16" rate="2150.07,2158.84,2124.96,2043.74" sx="M,M,M,M"/><TAIKYOKU oya="0"/><INIT seed="0,0,0,0,3,3" ten="250,250,250,250" oya="0" hai0="113,0,121,90,93,95,86,66,85,122,35,29,1" hai1="87,64,41,94,40,6,97,71,102,99,60,65,30" hai2="72,49,38,103,63,82,32,125,28,120,128,101,25" hai3="4,31,129,52,135,116,106,54,84,130,107,57,96"/><T8/><D113/><U61/><E30/><V22/><F120/><W45/><G116/><T17/><D66/><U124/><E124/><V132/><F38/><W110/><G31/><T9/><D29/><U34/><E34/><V51/><F125/><W55/><G135/><T67/><D67/><U75/><E75/><V33/><F132/><W27/><G27/><T83/><D35/><U16/><E87/><V131/><F63/><W118/><G118/><T89/><D17/><U76/><E76/><N who="2" m="44295" /><F22/><W134/><G134/><T18/><D18/><U39/><E39/><V48/><F33/><W11/><G45/><T100/><D83/><U79/><E79/><V88/><F88/><W111/><G57/><T36/><D36/><U114/><E114/><V47/><F47/><W59/><G84/><T127/><REACH who="0" step="1"/><D100/><REACH who="0" ten="240,250,250,250" step="2"/><U20/><E97/><V44/><F103/><N who="3" m="62823" /><G59/><T42/><D42/><U108/><E108/><N who="3" m="41514" /><G107/><T133/><D133/><U126/><E126/><AGARI ba="0,1" hai="0,1,8,9,85,86,89,90,93,95,121,122,126,127" machi="126" ten="25,4800,0" yaku="1,1,22,2,53,0" doraHai="3" doraHaiUra="53" who="0" fromWho="1" sc="240,58,250,-48,250,0,250,0" /><INIT seed="0,1,0,4,0,18" ten="298,202,250,250" oya="0" hai0="51,85,7,55,57,113,102,13,26,117,74,129,37" hai1="75,68,120,1,80,44,67,0,54,82,91,132,108" hai2="104,62,15,64,92,20,86,134,39,21,127,112,43" hai3="77,99,95,105,96,42,124,45,47,49,130,65,100"/><T10/><D74/><U28/><E120/><V38/><F104/><W81/><G130/><T115/><D117/><U101/><E108/><V106/><F106/><W3/><G124/><T30/><D37/><U71/><E132/><V27/><F112/><W24/><G3/><T5/><D129/><U88/><E28/><V69/><F134/><W119/><G119/><T56/><D102/><U16/><E101/><V66/><F66/><W4/><G4/><T46/><D5/><U29/><E29/><V31/><F43/><W36/><G65/><T107/><D107/><U35/><E67/><V98/><F86/><W73/><G24/><T6/><D6/><U22/><E35/><V53/><F53/><W59/><G59/><T103/><D103/><U40/><E54/><V9/><F127/><W93/><G99/><T12/><D12/><U33/><E33/><V14/><F14/><W111/><G111/><T48/><D85/><U34/><E34/><V135/><F135/><W72/><G73/><T89/><D89/><U118/><E75/><V23/><F39/><W94/><G105/><T70/><D70/><U32/><E32/><V131/><F38/><W58/><G58/><T19/><D7/><U123/><E123/><V60/><F131/><W128/><G128/><T83/><D57/><U126/><E118/><V78/><F78/><W133/><G133/><T97/><D97/><U84/><E126/><V2/><F2/><N who="1" m="1129" /><E82/><V25/><F62/><W116/><G116/><T41/><D83/><U109/><E109/><V17/><F31/><W61/><G61/><T11/><D11/><RYUUKYOKU ba="1,0" sc="298,10,202,-30,250,10,250,10" hai0="10,13,19,26,30,41,46,48,51,55,56,113,115" hai2="9,15,17,20,21,23,25,27,60,64,69,92,98" hai3="36,42,45,47,49,72,77,81,93,94,95,96,100" /><INIT seed="0,2,0,2,2,130" ten="308,172,260,260" oya="0" hai0="18,107,24,123,95,20,7,109,1,69,46,70,15" hai1="41,39,128,133,19,5,26,65,21,42,71,64,112" hai2="27,93,84,35,30,90,77,114,14,4,58,52,131" hai3="92,13,79,55,101,117,17,81,47,132,54,72,111"/><T45/><D107/><U2/><E128/><V103/><F114/><W33/><G117/><T98/><D123/><U6/><E112/><V66/><F131/><W91/><G33/><T115/><D115/><U105/><E105/><V62/><F77/><W102/><G111/><T22/><D109/><U116/><E116/><V68/><F103/><W119/><G119/><T86/><D1/><U75/><E75/><V89/><F90/><W59/><G47/><T85/><D70/><U50/><E39/><V104/><F104/><W29/><G29/><T126/><D69/><U40/><E71/><V76/><F76/><W61/><G55/><T80/><D126/><U113/><E113/><V134/><F134/><W11/><REACH who="3" step="1"/><G132/><REACH who="3" ten="308,172,260,250" step="2"/><T96/><D46/><U124/><E133/><V37/><F37/><W118/><G118/><T48/><D45/><U87/><E124/><V110/><F110/><W43/><G43/><T57/><D7/><U100/><E6/><V129/><F129/><W122/><G122/><T74/><D18/><U0/><E5/><V49/><F4/><W8/><G8/><T73/><D20/><U63/><E41/><V32/><F32/><W23/><G23/><T82/><D22/><U121/><E42/><V135/><F135/><W9/><G9/><T34/><D34/><U106/><E40/><V127/><F127/><W51/><G51/><T60/><D48/><U94/><E50/><V36/><F36/><W88/><G88/><T67/><D67/><U120/><E21/><V10/><F10/><W44/><G44/><T28/><D28/><U12/><E19/><RYUUKYOKU ba="2,1" sc="308,-15,172,-15,260,15,250,15" hai2="14,27,30,35,49,52,58,62,66,68,84,89,93" hai3="11,13,17,54,59,61,72,79,81,91,92,101,102" /><INIT seed="1,3,1,4,1,1" ten="293,157,275,265" oya="1" hai0="46,93,56,111,104,124,95,127,84,33,119,26,11" hai1="122,63,103,0,71,97,40,2,101,107,76,47,88" hai2="118,73,126,125,85,82,62,133,31,132,92,83,74" hai3="23,35,13,131,75,135,58,81,12,41,114,18,32"/><U120/><E76/><V15/><F31/><W94/><G114/><T50/><D104/><U100/><E100/><V60/><F15/><W19/><G135/><N who="2" m="51785" /><F62/><W121/><G131/><T54/><D119/><U20/><E20/><V112/><F60/><W42/><G121/><T30/><D111/><U25/><E25/><V80/><F118/><W57/><G94/><T5/><D46/><U134/><E134/><V99/><F85/><W3/><G3/><T117/><D117/><U128/><E128/><V116/><F112/><W65/><G65/><T27/><D27/><U10/><E103/><N who="2" m="60903" /><F116/><W38/><G38/><T22/><D22/><U69/><E88/><V24/><F24/><W48/><G23/><T67/><D67/><N who="1" m="41215" /><E71/><V59/><F59/><W9/><G75/><AGARI ba="3,1" hai="73,74,75,80,82,83,125,126" m="60903,51785" machi="75" ten="40,5200,0" yaku="20,1,34,2" doraHai="1" who="2" fromWho="3" sc="293,0,157,0,275,71,265,-61" /><INIT seed="2,0,0,5,3,52" ten="293,157,346,204" oya="2" hai0="2,49,125,122,16,33,114,18,121,123,35,96,73" hai1="43,24,42,117,87,98,72,10,132,0,55,69,1" hai2="64,7,93,60,91,59,20,84,112,67,51,37,39" hai3="70,17,22,23,108,115,36,40,120,102,53,28,5"/><V48/><F112/><W34/><G115/><T19/><D114/><U111/><E72/><V76/><F7/><W63/><G120/><T85/><D73/><U11/><E117/><V130/><F76/><W89/><G34/><T100/><D2/><U32/><E69/><V26/><F130/><W128/><G128/><T83/><D49/><N who="2" m="19018" /><F39/><W99/><G5/><T79/><REACH who="0" step="1"/><D125/><REACH who="0" ten="283,157,346,204" step="2"/><U133/><E0/><V47/><F37/><W58/><G36/><T106/><AGARI ba="0,1" hai="16,18,19,33,35,79,83,85,96,100,106,121,122,123" machi="106" ten="40,8000,1" yaku="1,1,2,1,0,1,54,1,53,0" doraHai="52" doraHaiUra="131" who="0" fromWho="0" sc="283,90,157,-20,346,-40,204,-20" /><INIT seed="3,0,0,3,3,121" ten="373,137,306,184" oya="3" hai0="88,6,25,65,71,95,1,45,5,41,92,68,77" hai1="90,129,115,130,26,111,69,131,35,100,3,63,50" hai2="120,16,116,125,4,108,84,79,83,110,8,113,97" hai3="87,40,105,109,19,36,62,93,81,54,74,73,76"/><W94/><G36/><T27/><D77/><U17/><E115/><V127/><F113/><W48/><G40/><T30/><D27/><U122/><E122/><V58/><F120/><W59/><G105/><T86/><D95/><U38/><E38/><V67/><F116/><W32/><G32/><T98/><D98/><U99/><E3/><V133/><F97/><W34/><G34/><T37/><D65/><N who="1" m="41151" /><E50/><V33/><F33/><W124/><G93/><T85/><D85/><U49/><E49/><V11/><F133/><W15/><G62/><T13/><D1/><U51/><E51/><V10/><F67/><W66/><G66/><T135/><D135/><U82/><E82/><V7/><F58/><W57/><G59/><T39/><D39/><U47/><E47/><V96/><F16/><W29/><G29/><T18/><D71/><U119/><E90/><V43/><F96/><W53/><G53/><T31/><D68/><U126/><E119/><V52/><F52/><W64/><G64/><T0/><D0/><U72/><E72/><V60/><F60/><W28/><G28/><T22/><D31/><N who="1" m="19959" /><E17/><V106/><F106/><W107/><G107/><T123/><D123/><U46/><E46/><V70/><F43/><W14/><G74/><T112/><D112/><U75/><E75/><V2/><F70/><W89/><G73/><T20/><AGARI ba="0,0" hai="5,6,13,18,20,22,25,30,37,41,45,86,88,92" machi="20" ten="20,2700,0" yaku="0,1,7,1,54,1" doraHai="121" who="0" fromWho="0" sc="373,27,137,-7,306,-7,184,-13" owari="400,50.0,130,-37.0,299,9.9,171,-22.9" /></mjloggm>