<mjloggm ver="2.3"><GO type="225" lobby="0"/><UN n0="%E3%81%82%E3%81%84%E3%81%82%E3%81%8A%E3%81%84" n1="%E5%B8%86%E7%AB%8B%E5%A4%8F%E8%A1%A3" n2="%72%61%6B%33" n3="%E9%80%86%E9%80%A3%E5%B8%AF%E3%81%AE%E9%AC%BC" dan="18,16,16,16" rate="2207.38,2095.78,2157.34,2121.07" sx="M,M,M,M"/><TAIKYOKU oya="0"/><INIT seed="0,0,0,2,0,47" ten="250,250,250,250" oya="0" hai0="11,76,93,25,26,101,27,125,98,5,56,85,131" hai1="95,90,100,61,18,84,62,110,120,54,118,28,65" hai2="15,14,73,87,119,57,1,58,83,20,102,34,36" hai3="81,133,113,78,21,16,23,19,29,4,89,104,51"/><T116/><D116/><U75/><E110/><V70/><F34/><W50/><G133/><T60/><D125/><U33/><E120/><V123/><F70/><W59/><G104/><T6/><D131/><U108/><E108/><V86/><F1/><W111/><G113/><T12/><D76/><U7/><E7/><V49/><F36/><W77/><G4/><T128/><D128/><U88/><E75/><V80/><F73/><W71/><G71/><T130/><D130/><U114/><E114/><V17/><F123/><W46/><G29/><T42/><D85/><U31/><E33/><V79/><F119/><W127/><G127/><T10/><D42/><U94/><E100/><V2/><F2/><W0/><G0/><T74/><D74/><U109/><E109/><V22/><F102/><W24/><G59/><T135/><D135/><U91/><E18/><V38/><F38/><W134/><G134/><T103/><D103/><U82/><E118/><V92/><F92/><N who="1" m="35369" /><E65/><V68/><F68/><W55/><G111/><T121/><D121/><U67/><E67/><V45/><F20/><W129/><G129/><T9/><REACH who="0" step="1"/><D5/><REACH who="0" ten="240,250,250,250" step="2"/><U99/><E99/><V43/><REACH who="2" step="1"/><F14/><REACH who="2" ten="240,250,240,250" step="2"/><W37/><G24/><T69/><D69/><U64/><E84/><V72/><F72/><W8/><G19/><T97/><D97/><U48/><E31/><V3/><F3/><W32/><G16/><T105/><D105/><U40/><E28/><V13/><F13/><W66/><G37/><T106/><D106/><U41/><E82/><V112/><F112/><W44/><G81/><T115/><D115/><RYUUKYOKU ba="0,2" sc="240,15,250,-15,240,15,250,-15" hai0="6,9,10,11,12,25,26,27,56,60,93,98,101" hai2="15,17,22,43,45,49,57,58,79,80,83,86,87" /><INIT seed="0,1,2,5,5,103" ten="255,235,255,235" oya="0" hai0="46,18,82,78,104,114,36,111,66,94,119,31,118" hai1="71,123,37,45,1,42,16,92,91,86,56,17,125" hai2="20,41,116,105,48,61,117,26,127,63,55,30,113" hai3="14,11,132,3,134,128,88,69,19,21,81,5,107"/><T96/><D114/><U77/><E125/><V50/><F113/><W13/><G69/><T4/><D31/><U22/><E123/><V75/><F127/><W35/><G128/><T74/><D66/><U80/><E71/><V47/><F75/><W40/><G35/><T64/><D64/><U29/><E1/><V129/><F105/><W83/><G107/><T7/><D18/><U25/><REACH who="1" step="1"/><E56/><REACH who="1" ten="255,225,255,235" step="2"/><N who="2" m="32871" /><F129/><W120/><G120/><T8/><D118/><AGARI ba="1,3" hai="20,26,30,41,47,50,61,63,116,117,118" m="32871" machi="118" ten="30,1000,0" yaku="12,1" doraHai="103" who="2" fromWho="0" sc="255,-13,225,0,255,43,235,0" /><INIT seed="1,0,0,3,5,73" ten="242,225,298,235" oya="1" hai0="32,59,84,1,134,63,127,72,49,25,8,6,22" hai1="14,51,17,33,124,24,77,116,80,92,135,114,37" hai2="29,19,96,130,52,42,90,110,133,23,28,120,67" hai3="35,46,104,102,50,75,45,103,31,5,64,36,44"/><U118/><E114/><V81/><F120/><W129/><G129/><T94/><D72/><U30/><E37/><V41/><F130/><W128/><G128/><T119/><D119/><U97/><E124/><V26/><F133/><W93/><G104/><T111/><D111/><U57/><E135/><V113/><F110/><W78/><G36/><T27/><D134/><U60/><E51/><V74/><F113/><W0/><G64/><T55/><D127/><U115/><E115/><V7/><F67/><W79/><G75/><T88/><D32/><U100/><E80/><V89/><F7/><W21/><G35/><T69/><REACH who="0" step="1"/><D22/><REACH who="0" ten="232,225,298,235" step="2"/><U108/><E108/><V98/><F23/><W109/><G109/><T68/><D68/><U18/><E118/><V117/><F74/><W40/><G21/><T15/><D15/><U47/><E116/><V91/><F117/><W123/><G123/><T56/><D56/><U86/><E14/><V76/><F26/><W34/><G34/><T58/><D58/><U48/><E57/><V3/><F3/><W106/><G0/><T9/><D9/><U4/><E33/><V131/><F131/><W43/><G31/><T70/><D70/><U112/><E30/><V82/><F28/><W125/><G125/><T105/><D105/><U2/><E112/><V11/><F29/><W53/><G106/><T126/><D126/><U87/><E2/><V54/><F11/><W132/><G132/><T85/><D85/><U39/><E24/><V16/><F91/><W10/><G10/><T13/><D13/><U62/><E87/><V121/><F121/><RYUUKYOKU ba="0,1" sc="232,15,225,-15,298,15,235,-15" hai0="1,6,8,25,27,49,55,59,63,69,84,88,94" hai2="16,19,41,42,52,54,76,81,82,89,90,96,98" /><INIT seed="2,1,1,2,4,80" ten="247,210,313,220" oya="2" hai0="110,35,90,99,23,131,74,41,83,116,8,115,72" hai1="112,5,81,43,109,32,105,97,12,48,54,11,129" hai2="7,123,119,19,17,87,9,133,127,22,118,29,31" hai3="18,101,122,28,37,10,13,38,15,34,114,93,67"/><V92/><F92/><W88/><G122/><T65/><D35/><U56/><E112/><V1/><F123/><W96/><G114/><T79/><D65/><U45/><E109/><V2/><F87/><W66/><G66/><T130/><D23/><U89/><E129/><N who="0" m="49161" /><D8/><U128/><E128/><V36/><F36/><W117/><G117/><T94/><D41/><U0/><E32/><V126/><F133/><W33/><G67/><T47/><D47/><U3/><E105/><V134/><F134/><W6/><G28/><N who="2" m="10825" /><F1/><W91/><G38/><T16/><D115/><U77/><E97/><V24/><F19/><W50/><G37/><T132/><D16/><U100/><E100/><V25/><F25/><W73/><G34/><T84/><D132/><U58/><E58/><V135/><F135/><W102/><G33/><T59/><D59/><U61/><REACH who="1" step="1"/><E89/><REACH who="1" ten="247,200,313,220" step="2"/><V27/><F27/><W49/><G91/><N who="0" m="55775" /><D110/><U108/><E108/><V120/><F120/><W52/><G102/><T60/><D116/><AGARI ba="1,2" hai="2,7,9,17,22,24,116,118,119,126,127" m="10825" machi="116" ten="30,2900,0" yaku="34,2" doraHai="80" who="2" fromWho="0" sc="247,-32,200,0,313,52,220,0" /><INIT seed="2,2,0,0,5,92" ten="215,200,365,220" oya="2" hai0="135,6,117,98,55,28,102,75,59,134,22,39,126" hai1="71,64,37,119,34,11,13,101,90,66,115,83,18" hai2="52,84,94,1,95,69,25,123,96,87,7,67,5" hai3="26,56,14,114,120,100,54,85,124,73,44,0,74"/><V47/><F123/><W106/><G0/><T99/><D126/><U109/><E109/><V8/><F5/><W49/><G120/><T60/><D117/><U72/><E119/><V51/><F95/><W61/><G114/><T40/><D75/><U27/><E115/><V63/><REACH who="2" step="1"/><F25/><REACH who="2" ten="215,200,355,220" step="2"/><W4/><G26/><N who="0" m="16471" /><D6/><U24/><E24/><V104/><F104/><W3/><G4/><T129/><D129/><U122/><E27/><V48/><F48/><W112/><G106/><T32/><D32/><U9/><E34/><V53/><F53/><W33/><G33/><T133/><D102/><AGARI ba="2,1" hai="1,7,8,47,51,52,63,67,69,84,87,94,96,102" machi="102" ten="30,11600,0" yaku="1,1,7,1,52,1,54,1,53,0" doraHai="92" doraHaiUra="86" who="2" fromWho="0" sc="215,-122,200,0,355,132,220,0" /><INIT seed="2,3,0,4,4,128" ten="93,200,487,220" oya="2" hai0="80,34,123,4,67,8,96,13,135,14,118,88,58" hai1="30,116,5,71,51,29,49,107,42,61,26,126,19" hai2="115,41,104,40,23,63,93,17,12,72,9,21,56" hai3="36,11,85,76,65,86,111,62,124,18,10,95,109"/><V66/><F104/><W22/><G36/><T50/><D123/><U83/><E116/><V3/><F115/><W43/><G124/><T74/><D118/><U37/><E126/><V113/><F72/><W114/><G114/><T35/><D74/><U20/><E107/><V68/><F113/><W91/><G43/><T100/><D14/><U16/><E5/><V129/><F129/><W103/><G103/><T122/><D122/><U32/><E37/><V84/><F68/><W70/><G76/><T78/><D78/><U131/><E131/><V69/><F69/><W106/><G106/><T48/><D67/><U108/><E108/><N who="3" m="41546" /><G85/><T81/><D81/><U1/><E1/><V90/><F3/><W101/><G101/><T7/><D7/><U134/><E83/><V52/><F66/><W133/><G133/><T25/><D25/><AGARI ba="3,0" hai="10,11,18,22,25,62,65,70,86,91,95" m="41546" machi="25" ten="30,1000,0" yaku="14,1" doraHai="128" who="3" fromWho="0" sc="93,-19,200,0,487,0,220,19" /><INIT seed="3,0,0,2,2,72" ten="74,200,487,239" oya="3" hai0="73,94,20,25,117,95,13,33,130,55,108,3,97" hai1="120,6,9,101,11,10,115,81,118,1,119,134,46" hai2="19,54,116,68,50,61,26,2,48,17,88,22,8" hai3="58,53,23,34,124,15,106,82,28,66,111,41,57"/><W30/><G124/><T38/><D38/><U24/><E101/><V133/><F116/><N who="1" m="44585" /><E115/><V71/><F133/><W36/><G106/><T70/><D117/><U37/><E120/><V132/><F132/><W4/><G111/><T12/><D3/><U107/><E107/><V91/><F50/><W80/><G34/><T59/><D70/><U126/><E134/><V83/><F61/><W121/><G121/><T131/><D33/><U60/><E60/><V21/><F2/><W49/><G41/><T75/><D75/><U77/><E24/><V43/><F43/><W125/><G36/><T7/><D73/><N who="1" m="43183" /><E126/><V110/><F8/><W45/><G125/><T14/><D108/><U128/><E128/><V99/><F99/><W0/><G0/><T31/><D95/><U84/><E84/><V67/><F67/><W5/><G66/><T113/><D113/><U79/><E79/><V29/><F29/><W122/><G30/><T64/><D55/><U44/><E44/><V135/><F110/><W90/><G122/><T42/><D42/><AGARI ba="0,0" hai="1,6,9,10,11,37,42,46" m="43183,44585" machi="42" ten="30,3900,0" yaku="25,1,12,1,52,1" doraHai="72" who="1" fromWho="0" sc="74,-39,200,39,487,0,239,0" owari="35,-46.5,239,3.9,487,58.7,239,-16.1" /></mjloggm>