<mjloggm ver="2.3"><GO type="225" lobby="0"/><UN n0="%E6%B0%B7%E5%B7%9D%E9%87%8C%E5%A5%88" n1="%72%69%6F%75%63%68%61%6E" n2="%E7%BD%AA%E5%88%91%E6%B3%95%E5%AE%9A%E4%B8%BB%E7%BE%A9" n3="%72%61%6B%33" dan="16,17,16,17" rate="2124.88,2241.18,2191.61,2152.99" sx="F,M,M,M"/><TAIKYOKU oya="0"/><INIT seed="0,0,0,2,4,30" ten="250,250,250,250" oya="0" hai0="79,48,19,87,67,83,57,36,58,123,115,72,63" hai1="91,129,85,3,24,90,125,31,27,74,132,65,128" hai2="56,29,47,99,133,98,107,53,41,0,122,110,106" hai3="78,113,104,89,52,64,28,40,23,7,93,111,76"/><T92/><D115/><U25/><E74/><V6/><F122/><W127/><G113/><T101/><D123/><U14/><E3/><V54/><F110/><W13/><G104/><T116/><D116/><U10/><E125/><V108/><F108/><W37/><G111/><T73/><D36/><U118/><E118/><V82/><F133/><W43/><G127/><T49/><D73/><U11/><E132/><V4/><F29/><W21/><G64/><T2/><D2/><U20/><E65/><V135/><F135/><W8/><G37/><T1/><D1/><U62/><E62/><V35/><F0/><W84/><G52/><T70/><D70/><U12/><E85/><V94/><F82/><W97/><G23/><T130/><D130/><N who="1" m="50283" /><E91/><V134/><F134/><W33/><G33/><T50/><D19/><N who="1" m="8599" /><E90/><V105/><F35/><W46/><G84/><T59/><REACH who="0" step="1"/><D72/><REACH who="0" ten="240,250,250,250" step="2"/><U100/><E100/><V9/><F6/><AGARI ba="0,1" hai="6,11,14,20,24,25,27,31" m="8599,50283" machi="6" ten="30,3900,0" yaku="19,1,34,2" doraHai="30" who="1" fromWho="2" sc="240,0,250,49,250,-39,250,0" /><INIT seed="1,0,0,3,2,129" ten="240,299,211,250" oya="1" hai0="100,84,119,16,117,74,63,101,73,124,88,22,49" hai1="83,97,118,77,7,96,98,80,64,23,55,36,130" hai2="14,43,53,114,107,105,79,113,13,34,115,133,26" hai3="86,61,92,65,27,59,38,9,81,126,5,134,93"/><U70/><E130/><V32/><F43/><W30/><G134/><T8/><D124/><U33/><E118/><V132/><F79/><W122/><G38/><T0/><D74/><U37/><E33/><N who="2" m="12907" /><F26/><W110/><G110/><T19/><D73/><U106/><E106/><N who="2" m="40459" /><F53/><W109/><G126/><T82/><D119/><U45/><E7/><V20/><F20/><W131/><G122/><T66/><D117/><U95/><E95/><V21/><F21/><W125/><G131/><T123/><D123/><U75/><E80/><V40/><F40/><W89/><G109/><T54/><D0/><U112/><E112/><V2/><F2/><W121/><G125/><T91/><D91/><U111/><E111/><V47/><F47/><W4/><G121/><T44/><D19/><U42/><E55/><V116/><F116/><W128/><G128/><T76/><D76/><U52/><E52/><V108/><F108/><W17/><G17/><T103/><D8/><U127/><E127/><V135/><AGARI ba="0,0" hai="13,14,113,114,115,132,133,135" m="40459,12907" machi="135" ten="50,12000,2" yaku="28,2,11,1,20,1,52,3" doraHai="129" who="2" fromWho="2" sc="240,-30,299,-60,211,120,250,-30" /><INIT seed="2,0,0,3,3,134" ten="210,239,331,220" oya="2" hai0="90,50,105,116,17,93,15,88,10,1,4,99,80" hai1="75,16,14,124,8,91,68,107,103,84,129,125,126" hai2="27,51,30,87,54,109,11,35,52,62,131,57,83" hai3="108,23,43,32,34,53,61,63,71,28,113,69,79"/><V47/><F131/><W9/><G108/><T59/><D116/><U55/><E129/><V76/><REACH who="2" step="1"/><F11/><REACH who="2" ten="210,239,321,220" step="2"/><W100/><G9/><T102/><D105/><U18/><E107/><V46/><F46/><W135/><G135/><T122/><D122/><U26/><E75/><V12/><F12/><W5/><G113/><T123/><D123/><U36/><E36/><V19/><F19/><W98/><G5/><T7/><D7/><N who="1" m="3359" /><E68/><V114/><F114/><W65/><G71/><T86/><D17/><U24/><E18/><V92/><F92/><W39/><G39/><T133/><D133/><U40/><E16/><V67/><F67/><W73/><G65/><T38/><D38/><U20/><E20/><V64/><F64/><W66/><G23/><T58/><D1/><U130/><E130/><V56/><F56/><W21/><G21/><T132/><D132/><U119/><E119/><V110/><AGARI ba="0,1" hai="27,30,35,47,51,52,54,57,62,76,83,87,109,110" machi="110" ten="30,6000,0" yaku="1,1,0,1,54,1,53,0" doraHai="134" doraHaiUra="101" who="2" fromWho="2" sc="210,-20,239,-20,321,70,220,-20" /><INIT seed="2,1,0,1,5,64" ten="190,219,391,200" oya="2" hai0="126,99,107,15,89,113,38,124,123,98,58,110,45" hai1="74,102,2,71,44,87,29,59,78,23,117,8,40" hai2="35,68,70,120,14,63,67,47,5,92,7,114,72" hai3="16,132,85,34,134,0,115,51,75,131,111,11,3"/><V61/><F114/><W18/><G75/><T50/><D113/><U55/><E117/><V118/><F118/><W21/><G115/><T88/><D123/><U9/><E74/><V127/><F35/><W48/><G34/><T1/><D1/><U73/><E73/><V37/><F72/><W109/><G85/><T52/><D110/><N who="3" m="41993" /><G131/><T76/><D76/><U90/><E71/><V65/><F120/><W83/><G83/><T53/><D15/><U129/><E129/><V121/><F121/><W60/><G60/><T4/><D4/><U81/><E102/><V112/><F112/><W13/><G51/><T97/><D107/><U77/><E2/><N who="3" m="554" /><G48/><N who="0" m="31015" /><D38/><U108/><E108/><V56/><F127/><AGARI ba="1,0" hai="45,50,52,88,89,97,98,99,124,126,127" m="31015" machi="127" ten="30,3900,0" yaku="18,1,54,2" doraHai="64" who="0" fromWho="2" sc="190,42,219,0,391,-42,200,0" /><INIT seed="3,0,0,2,5,117" ten="232,219,349,200" oya="3" hai0="123,124,98,94,113,8,13,91,100,131,49,104,66" hai1="112,82,32,9,107,108,52,47,74,6,46,114,27" hai2="132,58,134,53,93,129,65,81,42,51,28,77,12" hai3="116,2,89,38,54,55,36,45,60,37,92,110,70"/><W97/><G116/><T59/><D113/><U133/><E107/><V26/><F129/><W43/><G2/><T56/><D124/><U48/><E108/><V19/><F93/><W120/><G110/><T71/><D123/><U111/><E111/><V121/><F121/><W96/><G120/><T64/><D131/><U78/><E133/><N who="2" m="51307" /><F65/><N who="0" m="25194" /><D71/><U106/><E106/><V39/><F42/><W41/><G70/><T10/><D104/><U105/><E105/><V1/><F1/><W75/><G75/><T76/><D76/><U84/><E74/><N who="2" m="43191" /><F39/><W20/><G97/><T119/><D119/><U125/><E125/><V7/><F7/><W109/><G109/><T61/><D100/><U79/><E79/><V16/><F12/><W86/><G86/><T34/><D34/><AGARI ba="0,0" hai="16,19,26,28,34,51,53,58" m="43191,51307" machi="34" ten="30,2000,0" yaku="20,1,54,1" doraHai="117" who="2" fromWho="0" sc="232,-20,219,0,349,20,200,0" owari="212,-18.8,219,1.9,369,46.9,200,-30.0" /></mjloggm>