<mjloggm ver="2.3"><GO type="225" lobby="0"/><UN n0="%E3%81%A8%E3%82%93%E3%81%A8%E3%81%93%E3%81%A8%E3%82%93" n1="%E6%B8%A9%E2%98%85%E6%83%85%E2%98%85%E6%8E%AA%E2%98%85%E7%BD%AE" n2="%E5%A4%96%E5%B7%9D%E7%AB%9C%E6%88%90" n3="%E3%81%BF%E3%81%BF%E3%81%9A" dan="16,17,16,16" rate="2164.69,2264.76,2155.01,2116.47" sx="F,M,M,M"/><TAIKYOKU oya="0"/><INIT seed="0,0,0,3,2,130" ten="250,250,250,250" oya="0" hai0="111,38,93,36,88,112,10,126,53,63,9,50,110" hai1="62,104,100,23,103,99,59,128,51,66,72,69,57" hai2="102,37,77,122,73,127,115,30,87,118,0,129,12" hai3="45,68,61,123,15,75,108,18,95,6,34,76,97"/><T90/><D112/><U14/><E128/><V7/><F87/><W43/><G34/><T21/><D63/><U83/><E100/><V101/><F12/><W119/><G119/><T47/><D126/><U92/><E104/><V94/><F94/><W41/><G6/><T17/><D9/><U85/><E72/><V132/><F77/><W58/><G68/><T134/><D10/><U106/><E106/><V27/><F27/><W82/><G108/><N who="0" m="41515" /><D134/><U131/><E131/><V49/><F132/><W55/><G45/><T78/><D78/><U28/><E51/><V96/><F7/><W40/><G123/><T13/><D90/><U39/><E39/><V20/><F0/><W64/><G64/><T60/><D60/><U22/><E69/><V11/><F11/><W80/><G76/><T117/><D117/><U24/><E57/><V25/><F102/><N who="3" m="60735" /><G75/><T65/><D65/><U135/><E135/><V91/><F91/><W74/><G74/><T133/><D133/><U54/><E66/><V109/><F73/><W125/><G125/><T46/><D47/><U81/><E85/><AGARI ba="0,0" hai="13,17,21,36,38,46,50,53,85,88,93" m="41515" machi="85" ten="30,5800,0" yaku="14,1,10,1,54,1" doraHai="130" who="0" fromWho="1" sc="250,58,250,-58,250,0,250,0" /><INIT seed="0,1,0,4,0,101" ten="308,192,250,250" oya="0" hai0="92,0,44,128,58,41,52,72,21,60,125,33,12" hai1="69,123,81,47,13,89,124,30,3,133,62,95,31" hai2="6,108,75,93,40,106,120,20,115,32,18,97,26" hai3="16,73,74,78,37,88,50,122,90,70,99,66,71"/><T8/><D33/><U91/><E123/><V46/><F120/><W131/><G122/><T126/><D72/><U4/><E3/><V36/><F115/><W117/><G117/><T29/><D0/><U11/><E133/><V22/><F75/><W109/><G37/><T39/><D128/><U111/><E111/><V64/><F108/><W104/><G109/><T105/><D92/><U15/><E124/><V7/><F32/><W56/><G131/><T23/><D105/><U86/><E69/><V65/><F106/><W38/><G38/><T83/><D83/><U53/><E15/><V10/><F22/><W42/><G42/><T2/><D2/><U45/><E45/><V25/><F25/><W14/><G74/><T135/><D135/><U94/><E81/><V61/><F10/><W132/><G132/><T100/><D100/><U17/><E4/><V54/><F65/><W127/><G127/><N who="0" m="48651" /><D29/><U5/><E5/><AGARI ba="1,0" hai="5,8,12,21,23,39,41,44,52,58,60" m="48651" machi="5" ten="30,2900,0" yaku="18,1,54,1" doraHai="101" who="0" fromWho="1" sc="308,32,192,-32,250,0,250,0" /><INIT seed="0,2,0,4,1,122" ten="340,160,250,250" oya="0" hai0="55,37,48,12,79,90,106,108,119,2,16,38,85" hai1="28,73,89,39,53,86,20,3,30,128,126,36,18" hai2="14,26,41,65,34,112,4,40,51,27,58,105,91" hai3="114,54,95,129,29,66,49,17,92,33,21,74,87"/><T100/><D2/><U97/><E73/><V67/><F105/><W1/><G114/><T104/><D79/><U107/><E3/><V42/><F34/><W44/><G74/><T110/><D119/><U62/><E128/><V10/><F112/><W127/><G129/><T113/><D113/><U135/><E135/><V57/><F91/><W131/><G131/><T78/><D78/><U118/><E118/><V96/><F96/><W94/><G1/><T116/><D116/><U23/><E126/><V6/><F6/><W88/><G127/><T99/><D106/><U125/><E125/><V70/><F70/><W81/><G33/><T43/><D43/><U5/><E5/><V103/><F103/><W121/><G121/><T59/><D38/><U47/><E39/><V31/><F31/><W72/><G29/><T111/><D37/><U9/><E9/><V82/><F82/><W98/><G66/><N who="2" m="25097" /><F51/><W60/><G60/><T52/><D55/><U11/><E36/><V84/><F84/><W25/><REACH who="3" step="1"/><G72/><REACH who="3" ten="340,160,250,240" step="2"/><T93/><REACH who="0" step="1"/><D110/><REACH who="0" ten="330,160,250,240" step="2"/><U63/><E63/><V7/><F42/><W120/><G120/><T117/><D117/><U61/><E61/><V32/><F41/><W132/><G132/><T130/><D130/><U68/><E62/><V76/><F40/><W24/><G24/><T22/><AGARI ba="2,2" hai="12,16,22,48,52,59,85,90,93,99,100,104,108,111" machi="22" ten="30,24000,3" yaku="1,1,0,1,25,2,52,2,54,2,53,1" doraHai="122" doraHaiUra="8" who="0" fromWho="0" sc="330,266,160,-82,250,-82,240,-82" /><INIT seed="0,3,0,4,4,130" ten="596,78,168,158" oya="0" hai0="77,128,34,124,108,67,57,49,117,66,16,74,60" hai1="102,93,116,38,36,100,133,110,129,46,43,33,42" hai2="11,69,111,5,32,44,14,90,88,59,78,19,115" hai3="123,81,127,114,104,79,131,95,118,132,65,52,112"/><T6/><D34/><U71/><E116/><V122/><F122/><W119/><G65/><T98/><D117/><N who="3" m="44553" /><G52/><T96/><D6/><U20/><E33/><V50/><F115/><N who="3" m="44075" /><G131/><T68/><D128/><U15/><E129/><V35/><F111/><W10/><G10/><T51/><D108/><U8/><E110/><V37/><F69/><W106/><G123/><T18/><D67/><U41/><E71/><V105/><F59/><W17/><G17/><T28/><D28/><U22/><E38/><V21/><F37/><W80/><G127/><T125/><D68/><U101/><E36/><V121/><F121/><W134/><G95/><T64/><D57/><U4/><E46/><V99/><F44/><W89/><G89/><T62/><D77/><U12/><E93/><V56/><F78/><W63/><G63/><T2/><D2/><U94/><E94/><V23/><F90/><W70/><G70/><T0/><D0/><U75/><E15/><V54/><F88/><W109/><G109/><T30/><D30/><U97/><E12/><V135/><F19/><W73/><G81/><T76/><D76/><U27/><E4/><V107/><F5/><W61/><G61/><T83/><D83/><U113/><E113/><V53/><F14/><W86/><G86/><T9/><D9/><U48/><E8/><V39/><F11/><W47/><G47/><T91/><D91/><U120/><E27/><V85/><F85/><W25/><G25/><T72/><AGARI ba="3,0" hai="16,18,49,51,60,62,64,66,72,74,96,98,124,125" machi="72" ten="25,9600,0" yaku="0,1,22,2,54,1" doraHai="130" who="0" fromWho="0" sc="596,105,78,-35,168,-35,158,-35" /><INIT seed="0,4,0,1,0,15" ten="701,43,133,123" oya="0" hai0="107,59,58,115,103,0,131,46,63,81,109,2,61" hai1="16,133,130,129,98,92,106,40,6,47,128,25,53" hai2="55,17,30,24,69,45,27,1,114,72,89,91,119" hai3="33,86,60,56,108,70,39,123,10,80,104,85,44"/><T100/><D115/><U90/><E133/><V14/><F114/><W8/><G104/><T42/><D81/><U71/><E71/><V19/><F1/><W36/><G33/><T76/><D76/><U120/><E120/><V135/><F69/><W116/><G116/><T121/><D107/><U87/><E6/><V64/><F72/><W124/><G70/><T118/><D46/><U66/><E66/><V126/><F64/><W23/><G123/><T50/><D50/><U97/><E53/><V67/><F67/><W3/><G108/><T94/><D42/><U127/><E127/><V68/><F68/><W74/><G124/><T110/><D94/><U22/><REACH who="1" step="1"/><E106/><REACH who="1" ten="701,33,133,123" step="2"/><V77/><F55/><W99/><G3/><T82/><D121/><U73/><E73/><V43/><F135/><W101/><G74/><T83/><D131/><U57/><E57/><V122/><F122/><W9/><G56/><T49/><D118/><U88/><E88/><V117/><F91/><W18/><G44/><T102/><D100/><U12/><E12/><V105/><F89/><W26/><G60/><T54/><D54/><U78/><E78/><V113/><F77/><W4/><G4/><T28/><D49/><AGARI ba="4,1" hai="16,22,25,40,47,49,87,90,92,97,98,128,129,130" machi="49" ten="40,8000,1" yaku="1,1,19,1,52,1,54,1,53,1" doraHai="15" doraHaiUra="13" who="1" fromWho="0" sc="701,-92,33,102,133,0,123,0" /><INIT seed="1,0,0,4,0,59" ten="609,135,133,123" oya="1" hai0="133,121,122,44,43,8,79,129,130,65,132,81,104" hai1="61,68,49,14,96,10,30,39,58,85,78,7,135" hai2="55,64,106,53,47,126,51,26,11,38,27,28,24" hai3="101,83,131,32,45,52,4,76,75,25,41,124,33"/><U112/><E112/><V113/><F106/><W56/><G124/><T74/><D8/><U102/><E135/><N who="0" m="51785" /><D65/><U37/><E68/><V57/><F113/><W89/><G131/><N who="0" m="50187" /><D104/><U84/><E30/><V98/><F126/><W114/><G114/><T3/><D3/><U91/><E49/><AGARI ba="0,0" hai="43,44,49,74,79,81,121,122" m="50187,51785" machi="49" ten="30,2000,0" yaku="20,1,19,1" doraHai="59" who="0" fromWho="1" sc="609,20,135,-20,133,0,123,0" /><INIT seed="2,0,0,2,3,46" ten="629,115,133,123" oya="2" hai0="93,34,59,77,87,102,27,36,60,96,106,50,105" hai1="130,2,67,22,38,111,114,98,54,55,76,41,48" hai2="83,128,5,44,21,70,26,43,92,135,88,42,25" hai3="61,58,9,125,103,109,99,1,95,3,68,131,8"/><V73/><F70/><W100/><G109/><T12/><D36/><U122/><E114/><V112/><F112/><W17/><G68/><T104/><D50/><U81/><E2/><V116/><F116/><W133/><G125/><T53/><D12/><U65/><E111/><V56/><F135/><W15/><G133/><T19/><D19/><U127/><E127/><V47/><F128/><W108/><G108/><T24/><REACH who="0" step="1"/><D34/><REACH who="0" ten="619,115,133,123" step="2"/><U129/><E38/><V107/><F5/><W120/><G17/><T6/><D6/><U10/><E48/><V78/><F44/><W64/><G15/><T16/><D16/><U113/><E130/><V66/><F47/><W117/><G1/><T28/><D28/><U51/><E51/><V89/><F26/><W132/><G3/><T82/><AGARI ba="0,1" hai="24,27,53,59,60,77,82,87,93,96,102,104,105,106" machi="82" ten="40,5200,0" yaku="1,1,0,1,53,1" doraHai="46" doraHaiUra="80" who="0" fromWho="0" sc="619,62,115,-13,133,-26,123,-13" /><INIT seed="3,0,0,0,2,95" ten="681,102,107,110" oya="3" hai0="83,5,25,49,71,135,78,120,90,121,35,48,86" hai1="44,31,45,73,132,75,2,130,74,40,3,12,133" hai2="11,68,18,41,47,107,50,51,70,127,101,62,13" hai3="55,123,129,15,56,122,97,1,32,124,43,39,61"/><W80/><G1/><N who="1" m="10" /><E130/><V67/><F127/><W105/><G32/><T84/><D71/><U37/><E31/><V29/><F29/><W103/><G124/><T8/><D25/><U42/><E12/><V23/><F70/><W69/><G129/><T27/><D27/><U98/><E98/><V21/><F101/><W46/><G80/><T109/><D35/><U96/><E96/><V30/><F107/><W92/><G105/><T20/><D20/><U114/><E114/><V91/><F30/><W76/><G76/><T38/><D38/><AGARI ba="0,0" hai="37,38,40,42,44,45,73,74,75,132,133" m="10" machi="38" ten="40,1300,0" yaku="23,1" doraHai="95" who="1" fromWho="0" sc="681,-13,102,13,107,0,110,0" owari="668,76.8,115,-8.5,107,-39.3,110,-29.0" /></mjloggm>