<mjloggm ver="2.3"><GO type="225" lobby="0"/><UN n0="%E9%80%9F%E6%B0%B4%E5%87%9B%E9%A6%99" n1="%72%65%6E%6B%75%6E" n2="%43%68%65" n3="%E3%81%95%E3%81%8D%E3%81%9F%E3%81%BE%E6%9E%97%E6%AA%8E" dan="16,17,16,16" rate="2159.96,2227.24,2077.52,2165.96" sx="F,M,M,M"/><TAIKYOKU oya="0"/><INIT seed="0,0,0,5,2,19" ten="250,250,250,250" oya="0" hai0="42,110,133,134,24,80,44,85,104,125,49,76,46" hai1="121,52,78,60,48,13,1,22,21,25,88,4,92" hai2="115,116,70,79,101,45,33,32,35,75,53,74,102" hai3="130,56,65,14,119,39,135,6,17,109,77,12,2"/><T89/><D104/><U10/><E121/><V27/><F115/><W28/><G109/><T31/><D125/><U86/><E78/><V131/><F70/><W129/><G119/><T29/><D110/><U100/><E100/><V50/><F116/><W43/><G135/><T120/><D120/><U112/><E112/><V23/><F131/><W83/><G28/><T30/><D44/><U71/><E1/><V0/><F0/><W54/><G65/><T58/><D58/><N who="1" m="34887" /><E71/><V96/><F79/><W84/><G2/><T51/><D51/><U26/><E48/><V95/><REACH who="2" step="1"/><F102/><REACH who="2" ten="250,250,240,250" step="2"/><W124/><G77/><T82/><REACH who="0" step="1"/><D24/><AGARI ba="0,1" hai="4,10,13,21,22,24,25,26,86,88,92" m="34887" machi="24" ten="30,8000,1" yaku="8,1,52,2,54,2" doraHai="19" who="1" fromWho="0" sc="250,-80,250,90,240,0,250,0" /><INIT seed="1,0,0,2,5,132" ten="170,340,240,250" oya="1" hai0="75,117,126,59,113,27,69,109,100,88,8,65,42" hai1="99,116,89,50,73,94,96,121,32,4,34,21,78" hai2="110,79,36,20,119,43,85,98,103,107,54,60,7" hai3="105,49,112,118,82,58,108,67,129,86,24,30,127"/><U10/><E121/><V57/><F119/><W97/><G127/><T12/><D113/><U95/><E116/><V61/><F110/><W134/><G134/><T80/><D117/><U92/><E21/><V35/><F35/><W77/><G129/><T15/><D69/><U53/><E73/><V45/><F7/><W5/><G108/><T11/><D109/><U111/><E78/><V115/><F115/><W3/><G112/><T46/><D126/><U101/><E94/><V63/><F79/><W71/><G71/><T131/><D131/><U13/><REACH who="1" step="1"/><E111/><REACH who="1" ten="170,330,240,250" step="2"/><V39/><F20/><W68/><G77/><T41/><D75/><U76/><E76/><V29/><F107/><W37/><G118/><T6/><D100/><U26/><E26/><V23/><F23/><W48/><G24/><T18/><D27/><U130/><E130/><V16/><F103/><W9/><G105/><T38/><D80/><U91/><E91/><V62/><F98/><W102/><G82/><T2/><D88/><U114/><E114/><V74/><F74/><W122/><G97/><T84/><D84/><U123/><E123/><V56/><F85/><W72/><G86/><T90/><D90/><U28/><E28/><V25/><F29/><W106/><G72/><T135/><D135/><U1/><E1/><V52/><F25/><W83/><G102/><T0/><D42/><U81/><E81/><V104/><F104/><W47/><G83/><T124/><D124/><U14/><E14/><V120/><F120/><W128/><G106/><T33/><D33/><U64/><E64/><V55/><F43/><RYUUKYOKU ba="0,1" sc="170,15,330,15,240,-15,250,-15" hai0="0,2,6,8,11,12,15,18,38,41,46,59,65" hai1="4,10,13,32,34,50,53,89,92,95,96,99,101" /><INIT seed="1,1,1,3,0,115" ten="185,345,225,235" oya="1" hai0="104,113,28,114,11,17,125,53,29,10,48,5,36" hai1="133,45,63,56,83,81,72,109,42,91,118,66,34" hai2="61,38,110,69,67,129,68,59,30,84,98,35,96" hai3="57,24,100,8,21,70,76,127,41,123,78,88,122"/><U13/><E133/><V94/><F38/><W51/><G70/><T117/><D53/><U0/><E0/><V44/><F110/><W74/><G100/><T55/><D55/><U33/><E109/><V132/><F132/><W3/><G127/><T31/><D48/><U130/><E130/><V90/><F129/><W119/><G119/><T103/><D103/><U12/><E118/><V87/><F44/><W102/><G102/><T92/><D92/><U4/><E81/><V65/><F87/><W46/><G74/><T27/><D36/><U43/><E43/><V112/><F112/><N who="0" m="43114" /><D104/><U25/><E25/><V89/><F67/><W39/><G39/><T60/><D60/><U79/><E91/><V108/><F108/><W47/><G47/><T86/><D86/><U37/><REACH who="1" step="1"/><E4/><REACH who="1" ten="185,335,225,235" step="2"/><V134/><F134/><W75/><G88/><T52/><D117/><U126/><E126/><V32/><F90/><W101/><G3/><T20/><D125/><U2/><E2/><V18/><F89/><W95/><G41/><T40/><D40/><U80/><E80/><V14/><F98/><W73/><G24/><T6/><D52/><U58/><E58/><V71/><F59/><W105/><G57/><T82/><D82/><U64/><E64/><V50/><F65/><W116/><G101/><T131/><D131/><U22/><E22/><V135/><F135/><W107/><G78/><T85/><D85/><U49/><E49/><V16/><F84/><W121/><G76/><T99/><D99/><U1/><E1/><V9/><F50/><W54/><G51/><T120/><D120/><RYUUKYOKU ba="1,2" sc="185,15,335,15,225,-15,235,-15" hai0="5,6,10,11,17,20,27,28,29,31" hai1="12,13,33,34,37,42,45,56,63,66,72,79,83" /><INIT seed="1,2,2,4,2,3" ten="200,350,210,220" oya="1" hai0="26,9,19,30,114,113,46,20,31,111,121,120,41" hai1="18,15,73,13,100,29,108,93,79,122,126,17,116" hai2="57,82,128,119,118,85,54,23,32,34,84,10,102" hai3="124,0,112,81,132,12,115,117,4,1,22,66,90"/><U69/><E69/><V5/><F128/><W109/><G66/><T129/><D46/><U135/><E29/><N who="0" m="10761" /><D41/><U105/><E105/><V94/><F23/><W50/><G50/><T67/><D67/><U65/><E13/><V42/><F42/><W101/><G101/><T28/><D129/><U53/><E17/><V25/><F25/><W56/><G56/><T95/><D95/><U86/><E93/><V70/><F70/><W59/><G59/><T127/><D111/><U38/><E79/><V72/><F72/><W110/><G90/><T78/><D78/><U58/><E53/><V6/><F119/><W88/><G88/><T49/><D49/><U36/><E36/><V107/><F107/><W131/><G131/><T47/><D47/><U63/><E63/><V87/><F82/><W104/><G104/><T96/><D96/><U80/><E80/><V8/><F118/><W35/><G81/><T55/><D55/><U123/><E100/><V14/><F94/><W98/><G98/><T24/><D127/><U92/><E92/><V61/><REACH who="2" step="1"/><F102/><REACH who="2" ten="200,350,200,220" step="2"/><W99/><G117/><T75/><D75/><U83/><E73/><V130/><F130/><W71/><G71/><T52/><D52/><U11/><E116/><V39/><F39/><W74/><G110/><T44/><D26/><U133/><E38/><V33/><F33/><W76/><G35/><T134/><D134/><U97/><E108/><V45/><F45/><W2/><G109/><T43/><D43/><U89/><E133/><V48/><F48/><W62/><G132/><T103/><D44/><U21/><E135/><RYUUKYOKU ba="2,3" sc="200,-10,350,-10,200,30,220,-10" hai2="5,6,8,10,14,32,34,54,57,61,84,85,87" /><INIT seed="2,3,3,2,5,0" ten="190,340,230,210" oya="2" hai0="9,133,121,131,4,127,58,126,47,21,31,80,103" hai1="71,65,18,7,10,94,85,68,3,56,27,11,35" hai2="29,135,101,124,61,77,50,130,48,30,105,79,132" hai3="92,60,114,128,72,55,37,107,23,32,74,125,43"/><V97/><F124/><N who="0" m="47658" /><D121/><U54/><E65/><V119/><F119/><W93/><G125/><T42/><D131/><U49/><E11/><V86/><F130/><W63/><G107/><T39/><D103/><U53/><E53/><V120/><F120/><W88/><G128/><T123/><D123/><U81/><E94/><V12/><F61/><W99/><G32/><T44/><D44/><U76/><REACH who="1" step="1"/><E18/><REACH who="1" ten="190,330,230,210" step="2"/><V98/><F98/><BYE who="2" /><W26/><G55/><T46/><D133/><U110/><E110/><V78/><F78/><W5/><G92/><T83/><D47/><U13/><E13/><V115/><F115/><W111/><G93/><UN n2="%43%68%65" /><T38/><D58/><U1/><E1/><V113/><F12/><W33/><G99/><T112/><D112/><U108/><E108/><V102/><F113/><W24/><G111/><T62/><D62/><U117/><E117/><V14/><F14/><W36/><G114/><T73/><D73/><U89/><E89/><V2/><F2/><W134/><G63/><T122/><D122/><U17/><E17/><V16/><F16/><W34/><G60/><T75/><D75/><U8/><E8/><V70/><F102/><W64/><G88/><T40/><D46/><U84/><E84/><V22/><F86/><W95/><G72/><T66/><D66/><U116/><E116/><V15/><F15/><W59/><G74/><T87/><D87/><U91/><E91/><V118/><F118/><W51/><G64/><T100/><D100/><U52/><E52/><V106/><F106/><W96/><G59/><T45/><D45/><U129/><E129/><RYUUKYOKU ba="3,4" sc="190,-10,330,30,230,-10,210,-10" hai1="3,7,10,27,35,49,54,56,68,71,76,81,85" /><INIT seed="3,4,4,0,3,134" ten="180,360,220,200" oya="3" hai0="81,94,68,29,95,60,64,43,108,62,102,57,114" hai1="28,124,0,86,123,47,79,97,103,128,19,61,65" hai2="15,9,76,80,30,33,49,7,51,36,133,77,88" hai3="132,22,41,98,73,75,63,27,37,46,99,131,56"/><W107/><G131/><T120/><D120/><U5/><E123/><V14/><F133/><W121/><G132/><T101/><D43/><U6/><E28/><V31/><F36/><W35/><G121/><T122/><D122/><U70/><E19/><V111/><F111/><W69/><G99/><T20/><D108/><U91/><E79/><N who="2" m="30283" /><F33/><W106/><G22/><T125/><D114/><U85/><E85/><N who="2" m="50215" /><F15/><W17/><G17/><T13/><D81/><U45/><E61/><N who="0" m="23657" /><D68/><U39/><E65/><V21/><F31/><N who="3" m="19967" /><G56/><T55/><D64/><U113/><E70/><V18/><F18/><W126/><G126/><T87/><D125/><U8/><E45/><V135/><F135/><W12/><G12/><T10/><D87/><U4/><E113/><V84/><F84/><W112/><G112/><T3/><D3/><U74/><E124/><V11/><F11/><W83/><G83/><T66/><D66/><U67/><E67/><V58/><F58/><W52/><G69/><T72/><D72/><N who="3" m="27721" /><G98/><T117/><D117/><U115/><E74/><V42/><F42/><W110/><G110/><T40/><D40/><N who="1" m="22943" /><E128/><V16/><F16/><W90/><G90/><T32/><D32/><U78/><E91/><V105/><F105/><BYE who="2" /><W2/><G2/><T50/><D29/><UN n2="%43%68%65" /><U23/><E115/><V92/><F92/><N who="0" m="35370" /><D20/><U44/><E23/><V34/><F34/><W109/><G109/><T93/><N who="0" m="35378" /><T38/><DORA hai="1" /><D38/><U54/><E0/><V119/><F119/><W96/><G96/><T127/><D127/><U24/><E97/><V82/><F82/><W118/><G118/><RYUUKYOKU ba="4,4" sc="180,10,360,-30,220,10,200,10" hai0="10,13,50,55,57,101,102" hai2="7,9,14,21,30,49,51" hai3="37,41,46,52,63,106,107" /><INIT seed="3,5,4,2,1,105" ten="190,330,230,210" oya="3" hai0="89,76,50,66,31,0,96,91,65,75,61,112,28" hai1="115,69,125,21,47,104,120,132,128,62,27,42,119" hai2="54,103,15,116,59,87,124,81,113,78,68,117,14" hai3="1,82,34,29,23,90,10,129,9,56,101,45,40"/><W63/><G129/><T79/><D0/><U88/><E115/><V55/><F55/><BYE who="2" /><W36/><G34/><T43/><D112/><U134/><E104/><UN n2="%43%68%65" /><V122/><F113/><W100/><G100/><T57/><D66/><N who="1" m="41175" /><E120/><V6/><F68/><W3/><G101/><T18/><D75/><U20/><E128/><V83/><F124/><W17/><G29/><N who="0" m="11339" /><D18/><U109/><E125/><V110/><F110/><W121/><G121/><T19/><D19/><U38/><E109/><V94/><F122/><W131/><G131/><T7/><D7/><U133/><E119/><V37/><F37/><W39/><G39/><T44/><D96/><U52/><E27/><V8/><F15/><W102/><G102/><T32/><D32/><U53/><E88/><AGARI ba="5,4" hai="43,44,50,57,61,65,76,79,88,89,91" m="11339" machi="88" ten="30,2000,0" yaku="8,1,54,1" doraHai="105" who="0" fromWho="1" sc="190,75,330,-35,230,0,210,0" /><INIT seed="4,0,0,4,1,52" ten="265,295,230,210" oya="0" hai0="43,44,92,70,0,127,100,32,71,33,104,25,107" hai1="60,86,39,64,66,26,49,24,42,124,57,23,16" hai2="81,35,22,129,5,98,19,131,14,110,46,102,37" hai3="55,134,63,9,93,132,47,18,2,105,94,89,34"/><T13/><D13/><N who="1" m="9615" /><E39/><V69/><F35/><N who="0" m="13386" /><D25/><N who="1" m="9835" /><E124/><V123/><F110/><W31/><G105/><N who="0" m="40523" /><D92/><U51/><E66/><V48/><F37/><W50/><G34/><T109/><D100/><U17/><E42/><V87/><F69/><N who="0" m="26122" /><D0/><U54/><E17/><V30/><F19/><W53/><G31/><T80/><D80/><U68/><E68/><V97/><F81/><W108/><G108/><T120/><D120/><U36/><E36/><V62/><F30/><W27/><G2/><T82/><D82/><U135/><E86/><V61/><F102/><W90/><G94/><T76/><D76/><U6/><E6/><V15/><F5/><W72/><G72/><T112/><D112/><U29/><E29/><V7/><F87/><W75/><G75/><T41/><D127/><U84/><E84/><V111/><F123/><W101/><G101/><T78/><D78/><U99/><E99/><V3/><F98/><W128/><G93/><T114/><D114/><U133/><E64/><V85/><F97/><W67/><G67/><T125/><D125/><U117/><E117/><V4/><F85/><W130/><G90/><T65/><D65/><U126/><E126/><V45/><F3/><W83/><G89/><T10/><D10/><U28/><E28/><V116/><F116/><W113/><G113/><T103/><D103/><U79/><E79/><V12/><F111/><W91/><G9/><T77/><D77/><U11/><E11/><V115/><F115/><W40/><G91/><T119/><D119/><U1/><E1/><V88/><F88/><W56/><G83/><T122/><D109/><RYUUKYOKU ba="0,0" sc="265,-10,295,30,230,-10,210,-10" hai1="49,51,54,57,60,133,135" owari="255,5.5,325,42.5,220,-18.0,200,-30.0" /></mjloggm>