<mjloggm ver="2.3"><GO type="225" lobby="0"/><UN n0="%E3%83%AD%E3%83%83%E3%83%86%E9%9B%80%E7%90%83" n1="%E3%81%A1%E3%82%85%E3%81%86%E3%81%A9%E3%81%8F%E8%B1%A1%E3%81%95%E3%82%93" n2="%E3%81%AF%E3%82%88%E3%81%8A%E3%81%98%E3%81%95%E3%82%93" n3="%E8%A8%88%E7%AE%97%E6%A9%9F%E8%87%AA%E7%84%B6" dan="17,17,16,17" rate="2192.53,2201.73,2118.89,2207.55" sx="M,M,M,M"/><TAIKYOKU oya="0"/><INIT seed="0,0,0,5,1,70" ten="250,250,250,250" oya="0" hai0="130,96,95,42,37,61,63,31,21,23,29,135,64" hai1="82,126,60,92,57,47,89,3,30,69,113,50,52" hai2="78,27,41,9,101,74,39,131,73,84,86,133,105" hai3="108,53,87,16,104,20,62,28,4,2,46,106,14"/><T90/><D130/><U33/><E3/><V18/><F131/><W77/><G108/><T15/><D135/><U11/><E113/><V56/><F133/><W38/><G28/><T48/><D37/><U10/><E126/><V58/><F101/><W8/><G62/><N who="0" m="23563" /><D64/><U99/><E33/><V13/><F105/><W85/><G53/><T76/><D76/><U83/><E30/><N who="0" m="11273" /><D15/><U117/><E117/><V125/><F27/><W111/><G111/><T65/><D65/><N who="1" m="39055" /><E69/><V66/><F66/><W36/><G77/><T40/><D48/><U127/><E127/><V71/><F125/><W110/><G110/><T129/><D129/><U91/><E91/><V35/><F35/><W67/><G67/><T59/><D59/><U19/><E19/><V0/><F0/><W68/><G68/><T54/><D54/><U17/><E17/><V114/><F114/><W25/><G2/><T7/><D7/><U94/><E94/><V88/><F58/><W24/><G24/><T128/><D128/><U75/><E75/><V109/><F56/><W116/><G116/><T120/><D120/><U80/><AGARI ba="0,0" hai="10,11,47,50,52,80,82,83,89,92,99" m="39055" machi="80" ten="30,2000,0" yaku="8,1,54,1" doraHai="70" who="1" fromWho="1" sc="250,-10,250,20,250,-5,250,-5" /><INIT seed="1,0,0,5,2,41" ten="240,270,245,245" oya="1" hai0="97,39,131,101,121,29,124,107,13,79,47,118,116" hai1="63,94,110,67,83,23,104,69,52,113,109,56,128" hai2="7,115,112,93,11,54,28,48,0,74,55,60,82" hai3="80,88,22,90,81,10,71,25,117,30,129,19,27"/><U45/><E113/><N who="2" m="43595" /><F28/><W64/><G129/><T95/><D131/><U57/><E104/><V1/><F1/><W84/><G117/><T123/><D124/><U2/><E128/><V100/><F60/><W108/><G108/><N who="1" m="41578" /><E2/><V46/><F55/><W42/><G71/><T89/><D79/><U34/><E34/><V66/><F66/><W9/><G64/><T44/><D29/><U59/><E83/><V26/><F26/><W103/><G103/><T105/><D13/><U31/><E94/><V75/><F82/><W5/><G42/><T70/><D70/><U77/><E77/><V53/><F53/><W91/><G80/><T102/><D39/><U24/><E45/><N who="0" m="17481" /><D105/><U111/><E111/><V126/><F126/><W125/><G125/><T134/><D107/><U32/><E32/><V72/><F93/><W61/><G5/><T98/><D118/><U130/><E130/><V87/><F87/><W119/><G119/><T49/><D49/><AGARI ba="0,0" hai="23,24,31,49,52,56,57,59,63,67,69" m="41578" machi="49" ten="30,5800,0" yaku="14,1,10,1,54,1" doraHai="41" who="1" fromWho="0" sc="240,-58,270,58,245,0,245,0" /><INIT seed="1,1,0,1,3,119" ten="182,328,245,245" oya="1" hai0="53,3,81,18,47,37,133,86,28,20,120,71,108" hai1="82,106,115,1,23,99,8,45,122,66,0,73,6" hai2="95,61,22,57,77,75,13,70,21,63,2,68,32" hai3="97,89,17,134,39,31,24,33,127,5,40,76,113"/><U16/><E115/><V72/><F32/><W126/><G113/><T60/><D3/><U87/><E0/><V19/><F2/><W80/><G134/><T10/><D133/><U135/><E135/><V14/><F95/><N who="3" m="56559" /><G5/><T43/><D108/><U29/><E66/><V103/><F103/><W12/><G40/><T42/><D42/><U9/><E9/><V125/><F125/><N who="3" m="47627" /><G39/><T84/><D28/><U112/><E112/><V129/><F129/><W54/><G54/><T85/><D10/><U35/><E45/><V59/><F77/><W7/><G7/><T107/><D107/><U111/><E111/><V38/><F19/><W118/><G118/><T104/><D104/><U26/><E73/><V30/><F30/><W83/><G76/><T102/><D102/><U98/><E106/><V15/><F13/><W52/><G52/><T91/><D53/><U92/><E92/><V88/><F88/><W128/><G128/><T74/><D74/><U58/><E58/><V123/><F38/><W109/><G109/><T110/><D110/><U4/><E4/><V130/><F130/><W51/><G51/><T25/><REACH who="0" step="1"/><D120/><AGARI ba="1,0" hai="14,15,21,22,57,59,61,63,68,70,72,75,120,123" machi="120" ten="25,6400,0" yaku="22,2,52,2" doraHai="119" who="2" fromWho="0" sc="182,-67,328,0,245,67,245,0" /><INIT seed="2,0,0,4,0,49" ten="115,328,312,245" oya="2" hai0="43,108,99,31,12,122,13,135,111,102,53,45,103" hai1="32,121,18,68,123,78,61,88,95,113,6,65,101" hai2="56,109,83,134,107,35,105,94,46,80,127,27,67" hai3="59,117,62,33,74,7,128,23,114,55,63,22,40"/><V129/><F127/><W133/><G117/><T118/><D122/><N who="1" m="46603" /><E113/><V76/><F129/><W131/><G33/><T89/><D118/><U9/><E32/><V132/><F109/><N who="0" m="42058" /><D135/><N who="2" m="51754" /><F94/><W115/><G74/><T39/><D31/><U70/><E78/><V24/><F46/><W25/><G133/><T124/><D124/><U48/><E48/><V110/><F110/><W1/><G40/><T5/><D89/><U11/><E101/><N who="0" m="38409" /><D99/><N who="1" m="57831" /><E18/><V17/><F83/><W15/><G128/><T3/><D3/><N who="1" m="223" /><E11/><V44/><F17/><W86/><G131/><T97/><D97/><U81/><E81/><V2/><F2/><W93/><G1/><T96/><D96/><U50/><E50/><V37/><F35/><W98/><G98/><T57/><D5/><U77/><E77/><V4/><F4/><W104/><G7/><T119/><D119/><U19/><E19/><V10/><F10/><W42/><G114/><T91/><D91/><U84/><E84/><V28/><F28/><W58/><G86/><T82/><D82/><U38/><E38/><V106/><F76/><W0/><G115/><T69/><D69/><AGARI ba="0,0" hai="61,65,68,69,70" m="223,57831,46603" machi="69" ten="30,2000,0" yaku="13,1,54,1" doraHai="49" who="1" fromWho="0" sc="115,-20,328,20,312,0,245,0" /><INIT seed="3,0,0,1,2,40" ten="95,348,312,245" oya="3" hai0="34,122,58,8,30,133,101,109,10,53,16,54,95" hai1="81,5,41,74,65,117,47,6,94,129,110,93,0" hai2="68,130,14,82,116,114,22,61,20,87,59,48,123" hai3="89,83,71,134,3,86,7,26,52,91,36,124,27"/><W18/><G71/><T135/><D109/><U56/><E110/><V75/><F75/><W131/><G36/><T60/><D122/><U37/><E129/><V45/><F116/><W112/><G112/><T69/><D69/><U119/><E56/><V100/><F114/><W12/><G124/><T35/><D30/><U106/><E65/><N who="2" m="39103" /><F68/><W111/><G134/><T127/><D58/><U9/><E5/><V118/><F118/><N who="1" m="45065" /><E106/><V1/><F1/><W46/><G131/><T77/><D60/><U2/><E2/><V38/><F38/><W32/><G32/><T102/><D77/><AGARI ba="0,0" hai="0,6,9,37,41,47,74,77,81,93,94" m="45065" machi="77" ten="30,3900,0" yaku="25,1,12,1,52,1" doraHai="40" who="1" fromWho="0" sc="95,-39,348,39,312,0,245,0" owari="56,-44.4,387,48.7,312,11.2,245,-15.5" /></mjloggm>