<mjloggm ver="2.3"><GO type="225" lobby="0"/><UN n0="%E3%81%B5%E3%81%98%E3%81%8B%E3%81%A4" n1="%47%68%6F%73%74%55%30" n2="%E3%83%9D%E3%83%B3%E3%83%9D%E3%82%B3%E5%95%86%E4%BA%8B" n3="%E6%A1%9C%E8%8A%B1%E9%96%83%E3%80%85" dan="16,17,16,16" rate="2071.98,2149.71,2143.62,2059.72" sx="M,M,M,M"/><TAIKYOKU oya="0"/><INIT seed="0,0,0,4,5,125" ten="250,250,250,250" oya="0" hai0="44,21,89,60,134,58,16,29,91,113,68,6,109" hai1="66,45,64,4,46,51,23,106,80,115,128,5,94" hai2="2,132,43,54,34,119,15,104,7,63,38,52,114" hai3="95,25,100,126,71,107,111,65,67,3,72,40,102"/><T93/><D113/><U110/><E106/><V57/><F114/><W50/><G126/><T124/><D124/><U74/><E115/><V75/><F104/><W108/><G72/><T78/><D68/><U133/><E110/><V47/><F34/><W81/><G3/><T97/><D109/><U79/><E133/><V22/><F132/><W62/><G107/><T87/><D134/><U118/><E118/><V32/><F32/><W131/><G81/><T123/><D123/><U42/><E23/><V11/><F119/><W59/><G25/><T82/><D6/><U10/><E128/><V37/><F37/><W35/><G35/><T92/><D44/><U31/><E31/><V105/><F105/><W12/><G12/><T26/><D29/><U9/><E94/><V77/><F22/><W8/><G8/><T0/><D0/><U20/><E20/><V41/><F41/><W14/><G14/><T36/><D36/><U112/><E112/><V83/><F15/><W103/><G131/><T121/><D121/><U117/><E45/><V130/><F130/><W69/><G95/><N who="0" m="36427" /><D97/><U27/><E117/><V73/><F73/><W88/><G108/><T120/><D120/><U90/><E90/><V85/><F85/><W28/><G88/><N who="0" m="33867" /><D60/><U55/><E42/><V13/><F13/><W86/><G28/><T17/><D17/><U56/><E46/><V1/><F1/><W116/><G116/><T129/><D129/><U76/><E27/><V48/><F38/><W49/><G71/><T53/><D58/><U135/><E135/><V101/><F101/><W19/><G111/><RYUUKYOKU ba="0,0" sc="250,15,250,-15,250,15,250,-15" hai0="16,21,26,53,78,82,87" hai2="2,7,11,43,47,48,52,54,57,63,75,77,83" /><INIT seed="0,1,0,3,1,108" ten="265,235,265,235" oya="0" hai0="49,125,135,37,40,8,122,48,20,127,19,54,84" hai1="126,26,30,38,90,96,58,91,88,69,94,44,1" hai2="10,43,75,97,12,71,89,31,51,45,128,65,86" hai3="93,99,92,29,104,132,105,27,112,129,70,131,7"/><T50/><D122/><U79/><E69/><V98/><F75/><W77/><G132/><T63/><D135/><U41/><E126/><N who="0" m="48137" /><D8/><U55/><E1/><V134/><F134/><W24/><G70/><T130/><D130/><N who="3" m="49673" /><G77/><T35/><D35/><U61/><REACH who="1" step="1"/><E79/><REACH who="1" ten="265,225,265,235" step="2"/><V52/><F128/><W6/><G112/><T116/><D116/><U72/><E72/><V32/><F71/><W23/><G27/><N who="0" m="14751" /><D84/><U83/><E83/><V18/><F86/><W33/><G33/><AGARI ba="1,1" hai="26,30,33,38,41,44,55,58,61,88,90,91,94,96" machi="33" ten="30,3900,0" yaku="1,1,7,1,54,1,53,0" doraHai="108" doraHaiUra="106" who="1" fromWho="3" sc="265,0,225,52,265,0,235,-42" /><INIT seed="1,0,0,5,0,101" ten="265,277,265,193" oya="1" hai0="104,103,8,134,52,13,39,45,122,24,97,77,18" hai1="56,50,124,41,27,85,19,71,132,121,60,106,6" hai2="118,28,46,20,131,1,54,32,36,16,64,135,55" hai3="43,47,30,12,116,66,130,65,81,105,82,86,78"/><U72/><E121/><V75/><F118/><W88/><G116/><T31/><D122/><U129/><E72/><V34/><F1/><W125/><G125/><T89/><D134/><U38/><E6/><V23/><F75/><W93/><G130/><T80/><D89/><U100/><E85/><V94/><F64/><W35/><G105/><T49/><D39/><U91/><E91/><V22/><F131/><W61/><G12/><T74/><D24/><U48/><E129/><V33/><F135/><W96/><G81/><T98/><D98/><U123/><E132/><V15/><F94/><W126/><G126/><T5/><REACH who="0" step="1"/><D31/><REACH who="0" ten="255,277,265,193" step="2"/><U115/><E123/><V133/><F133/><W14/><G30/><T87/><D87/><U17/><E124/><V90/><F90/><W119/><G119/><T63/><D63/><U44/><E27/><V107/><F28/><W29/><G61/><T117/><D117/><U120/><E120/><V110/><F36/><W73/><G73/><T7/><AGARI ba="0,1" hai="5,7,8,13,18,45,49,52,74,77,80,97,103,104" machi="7" ten="30,7900,0" yaku="1,1,0,1,52,1,54,1,53,0" doraHai="101" doraHaiUra="21" who="0" fromWho="0" sc="255,89,277,-39,265,-20,193,-20" /><INIT seed="2,0,0,1,1,51" ten="344,238,245,173" oya="2" hai0="120,112,83,10,17,43,101,94,87,84,127,129,68" hai1="37,15,28,126,122,23,89,35,69,21,75,3,26" hai2="79,117,72,85,118,39,123,59,103,92,106,98,25" hai3="121,40,97,8,116,22,93,47,133,65,110,24,73"/><V58/><F39/><W100/><G110/><T62/><D120/><U14/><E75/><V130/><F25/><W18/><G133/><T113/><D43/><U4/><E69/><V54/><F59/><W33/><G116/><T11/><D127/><U13/><E89/><N who="2" m="53295" /><F123/><W115/><G121/><T1/><D10/><N who="1" m="2335" /><E37/><V119/><F130/><W95/><G115/><T31/><D31/><U80/><E80/><N who="2" m="45159" /><F58/><W109/><G109/><T64/><D129/><U20/><E122/><V131/><F131/><W71/><G73/><T135/><D135/><U49/><E49/><V57/><F57/><W91/><G33/><T108/><D108/><U19/><E126/><V74/><F74/><W63/><G8/><AGARI ba="0,0" hai="8,13,14,15,19,20,21,23,26,28,35" m="2335" machi="8" ten="30,8000,1" yaku="35,5" doraHai="51" who="1" fromWho="3" sc="344,0,238,80,245,0,173,-80" /><INIT seed="3,0,0,2,0,86" ten="344,318,245,93" oya="3" hai0="72,126,82,116,93,35,80,104,56,118,2,78,103" hai1="37,45,0,11,33,113,105,12,28,3,8,34,61" hai2="59,120,95,75,79,71,36,135,132,70,110,101,100" hai3="46,96,129,119,29,26,40,115,13,77,39,99,49"/><W112/><G119/><T6/><D35/><N who="1" m="13323" /><E61/><V125/><F36/><W130/><G77/><N who="0" m="44071" /><D56/><U18/><E105/><V81/><F59/><W133/><G13/><T69/><D69/><U20/><E45/><V131/><F70/><W106/><G49/><T121/><D6/><N who="1" m="1095" /><E37/><V62/><F62/><W108/><G133/><N who="2" m="51273" /><F71/><W27/><G108/><T111/><D2/><U128/><E128/><N who="3" m="49258" /><G26/><T50/><D50/><U91/><E91/><V31/><F31/><W55/><G55/><T114/><D111/><U60/><E60/><V21/><F131/><W58/><G58/><T123/><D93/><U10/><E113/><N who="3" m="43594" /><G106/><T73/><D114/><U124/><E3/><V64/><F110/><W66/><G66/><T23/><D23/><AGARI ba="0,0" hai="23,27,29,39,40,46,96,99" m="43594,49258" machi="23" ten="30,1500,0" yaku="19,1" doraHai="86" who="3" fromWho="0" sc="344,-15,318,0,245,0,93,15" /><INIT seed="3,1,0,3,3,1" ten="329,318,245,108" oya="3" hai0="124,102,81,52,42,41,115,47,87,45,106,107,67" hai1="40,17,21,117,31,103,38,101,10,58,121,119,131" hai2="85,23,34,39,110,30,5,51,127,113,114,129,68" hai3="13,72,122,65,70,135,50,61,22,130,7,71,111"/><W37/><G122/><T2/><D2/><U99/><E131/><V32/><F39/><W59/><G130/><T125/><D67/><U82/><E121/><V54/><F68/><W120/><G120/><T62/><D115/><U8/><E58/><V20/><F129/><W69/><G135/><T76/><D62/><U46/><E82/><V56/><F127/><N who="0" m="48714" /><D102/><N who="1" m="38923" /><E99/><V28/><F85/><W49/><G72/><T91/><D91/><U100/><N who="1" m="38931" /><U108/><DORA hai="126" /><E31/><V3/><F56/><W75/><G75/><T25/><D25/><N who="1" m="14511" /><E108/><V112/><F51/><W118/><G118/><AGARI ba="1,0" hai="8,10,38,40,46,117,118,119" m="14511,38931" machi="118" ten="40,1300,0" yaku="12,1" doraHai="1,126" who="1" fromWho="3" sc="329,0,318,16,245,0,108,-16" owari="329,12.9,334,43.4,245,-15.5,92,-40.8" /></mjloggm>