<mjloggm ver="2.3"><GO type="225" lobby="0"/><UN n0="%E6%97%A5%E6%9B%9C%E6%97%A5%E3%82%88%E3%82%8A%E3%81%AE%E4%BD%BF%E8%80%85" n1="%E5%A4%96%E5%B7%9D%E7%AB%9C%E6%88%90" n2="%E3%81%86%E3%83%BC%E3%81%B1%E3%83%BC" n3="%E7%AD%89%E3%80%85%E5%8A%9B%E5%8A%87%E5%A0%B4" dan="18,16,16,16" rate="2174.66,2213.72,2128.80,2169.17" sx="M,M,F,M"/><TAIKYOKU oya="0"/><INIT seed="0,0,0,5,0,52" ten="250,250,250,250" oya="0" hai0="23,93,29,121,9,77,5,110,40,82,36,84,2" hai1="16,18,99,113,108,86,1,54,127,26,111,3,92" hai2="81,100,42,15,89,49,125,57,67,75,7,98,11" hai3="65,102,115,90,117,34,109,134,80,116,0,83,120"/><T44/><D121/><U62/><E86/><V135/><F135/><W126/><G65/><T30/><D110/><N who="1" m="42027" /><E127/><V10/><F10/><W43/><G43/><T48/><D23/><N who="1" m="13671" /><E113/><V97/><F125/><W105/><G134/><T124/><D124/><U104/><E104/><V25/><F100/><W51/><G102/><T95/><D95/><U87/><E87/><N who="2" m="50415" /><F75/><W76/><G83/><T8/><D8/><U22/><E54/><N who="2" m="31951" /><F42/><W85/><G80/><T19/><D19/><U122/><E62/><V33/><F33/><W94/><G34/><T130/><D130/><U91/><E122/><V24/><F67/><W28/><G105/><T71/><D71/><U21/><E21/><V78/><F78/><W50/><G76/><T32/><D32/><U13/><AGARI ba="0,0" hai="1,3,13,18,22,91,92,99" m="13671,42027" machi="13" ten="30,2000,0" yaku="14,1,54,1" doraHai="52" who="1" fromWho="1" sc="250,-10,250,20,250,-5,250,-5" /><INIT seed="1,0,0,1,1,50" ten="240,270,245,245" oya="1" hai0="40,45,114,87,7,21,90,95,128,135,93,56,129" hai1="99,64,33,52,17,14,82,74,22,18,71,116,115" hai2="41,29,11,25,92,134,103,91,53,0,96,24,130" hai3="31,2,131,61,34,49,39,1,81,133,23,6,106"/><U54/><E115/><V5/><F134/><W84/><G39/><T80/><D114/><U78/><E116/><V20/><F130/><N who="0" m="50282" /><D135/><U121/><E121/><V69/><F69/><W123/><G106/><T88/><D7/><U65/><E33/><V109/><F109/><W38/><G38/><N who="0" m="21655" /><D21/><U73/><E99/><V110/><F110/><W83/><G23/><T55/><D90/><U79/><E71/><V63/><F41/><W3/><G6/><T76/><D76/><U59/><E18/><V127/><F127/><W112/><G31/><T97/><D97/><U75/><E78/><V13/><F0/><W72/><G2/><T85/><D85/><U46/><E46/><V10/><F11/><W94/><G84/><T124/><D124/><U26/><E26/><N who="2" m="16583" /><F91/><W9/><G1/><T28/><D28/><U119/><E119/><V118/><F118/><W113/><G3/><T68/><D68/><U86/><REACH who="1" step="1"/><E54/><REACH who="1" ten="240,260,245,245" step="2"/><V47/><F47/><W4/><G34/><T104/><D104/><U132/><E132/><V27/><F27/><W105/><G133/><T62/><AGARI ba="0,1" hai="55,56,62,80,87,88,93,95" m="21655,50282" machi="62" ten="30,4000,0" yaku="19,1,52,1,54,1" doraHai="50" who="0" fromWho="0" sc="240,50,260,-20,245,-10,245,-10" /><INIT seed="2,0,0,3,3,50" ten="290,240,235,235" oya="2" hai0="85,19,3,132,38,103,58,21,47,131,84,14,123" hai1="2,116,25,87,76,90,0,134,13,106,32,110,59" hai2="56,91,82,74,101,68,26,35,48,108,7,79,98" hai3="122,20,63,4,39,111,71,126,105,97,128,8,99"/><V57/><F68/><W15/><G122/><T102/><D123/><U30/><E116/><V92/><F7/><W113/><G39/><T44/><D3/><U43/><E106/><V129/><F129/><W125/><G111/><T24/><D131/><U34/><E34/><V86/><F108/><W18/><G128/><T135/><D24/><U46/><E110/><V75/><F75/><W12/><G113/><T51/><D38/><U70/><E70/><V36/><F36/><W54/><G105/><T67/><D135/><U29/><E29/><V52/><F56/><N who="3" m="35223" /><G71/><T10/><D10/><U45/><E76/><V53/><F53/><W100/><G100/><T81/><D85/><U94/><E134/><V6/><F6/><W127/><AGARI ba="0,0" hai="4,8,12,15,18,20,97,99,125,126,127" m="35223" machi="127" ten="30,2000,0" yaku="18,1,52,1" doraHai="50" who="3" fromWho="3" sc="290,-5,240,-5,235,-10,235,20" /><INIT seed="3,0,0,2,1,35" ten="285,235,225,255" oya="3" hai0="73,110,18,135,132,51,84,7,19,21,134,38,22" hai1="59,94,16,116,41,3,1,128,0,63,49,75,47" hai2="93,72,45,9,56,123,108,78,126,12,46,25,95" hai3="105,17,101,30,42,104,44,100,57,99,67,70,32"/><W58/><G17/><N who="0" m="6155" /><D73/><U120/><E120/><V13/><F72/><W54/><G54/><T83/><D38/><U129/><E75/><V111/><F78/><W23/><G32/><T50/><D110/><N who="2" m="42026" /><F123/><W106/><G70/><T74/><D74/><U119/><E94/><N who="2" m="35851" /><F126/><W112/><G112/><T96/><D96/><U121/><E121/><V69/><F69/><W90/><G99/><T87/><D7/><U52/><E16/><N who="2" m="8207" /><F13/><W64/><G106/><T107/><D107/><U117/><AGARI ba="0,0" hai="0,1,3,41,47,49,52,59,63,116,117,119,128,129" machi="117" ten="40,12000,2" yaku="0,1,12,1,52,3,54,1" doraHai="35" who="1" fromWho="1" sc="285,-30,235,120,225,-30,255,-60" owari="255,5.5,355,45.5,195,-20.5,195,-30.5" /></mjloggm>