<mjloggm ver="2.3"><GO type="225" lobby="0"/><UN n0="%E3%81%B5%E3%81%98%E3%81%8B%E3%81%A4" n1="%E3%81%BE%E3%81%A8%E3%81%9F" n2="%E3%83%8F%E3%83%B3%E3%83%89%E3%83%A9%E3%83%BC%E3%83%BB%E3%83%AF%E3%83%B3" n3="%E3%82%BC%E3%83%AB%E3%83%80%E3%81%AE%E4%BC%9D%E8%AA%AC" dan="16,16,17,18" rate="2160.18,2201.79,2244.56,2174.61" sx="M,M,M,M"/><TAIKYOKU oya="0"/><INIT seed="0,0,0,3,4,30" ten="250,250,250,250" oya="0" hai0="25,62,106,103,80,13,21,133,108,42,86,19,17" hai1="130,57,34,105,37,31,101,54,134,46,110,120,69" hai2="88,131,72,123,45,77,58,16,84,129,6,95,114" hai3="66,29,126,82,109,73,83,111,99,48,51,124,119"/><T28/><D133/><U112/><RYUUKYOKU type="yao9" ba="0,0" sc="250,0,250,0,250,0,250,0" hai1="31,34,37,46,54,57,69,101,105,110,112,120,130,134" /><INIT seed="0,1,0,5,5,22" ten="250,250,250,250" oya="0" hai0="108,72,134,36,27,31,122,95,116,42,3,8,60" hai1="57,1,5,32,104,11,66,90,87,68,7,121,97" hai2="55,38,70,110,28,35,40,39,19,128,123,21,4" hai3="23,109,101,106,117,0,58,25,86,76,37,83,44"/><T102/><D116/><U14/><E121/><V41/><F123/><W114/><G114/><T56/><D122/><U45/><E68/><V16/><F70/><W88/><G117/><T73/><D134/><U48/><E32/><V26/><F110/><W6/><G109/><T2/><D108/><U96/><E1/><V130/><F4/><W105/><G101/><T91/><D102/><U47/><E5/><V93/><F55/><W67/><G67/><T103/><D103/><U107/><E107/><V13/><F93/><W131/><G131/><N who="2" m="50217" /><F19/><W115/><G58/><T33/><D42/><AGARI ba="1,0" hai="13,16,21,26,28,35,38,39,40,41,42" m="50217" machi="42" ten="30,3900,0" yaku="19,1,52,1,54,1" doraHai="22" who="2" fromWho="0" sc="250,-42,250,0,250,42,250,0" /><INIT seed="1,0,0,4,4,83" ten="208,250,292,250" oya="1" hai0="91,112,32,88,60,27,52,17,128,64,31,105,108" hai1="11,28,113,40,2,3,46,53,102,78,87,65,74" hai2="7,81,67,1,37,56,33,107,117,50,110,77,20" hai3="21,80,34,82,122,100,42,57,41,39,19,111,103"/><U127/><E113/><V126/><F117/><W68/><G68/><T48/><D112/><U135/><E65/><V123/><F33/><W22/><G57/><T120/><D105/><U25/><E74/><V131/><F37/><W36/><G19/><T13/><D108/><U96/><E11/><V70/><F123/><W62/><G62/><T85/><D128/><U94/><E53/><V63/><F107/><W98/><G98/><T8/><D120/><U93/><E127/><V114/><F114/><W51/><G51/><T29/><D27/><U59/><E59/><V5/><F110/><W61/><G61/><T16/><D17/><U133/><E3/><V43/><F131/><W55/><G55/><T90/><D32/><U14/><E14/><V72/><F1/><W130/><G34/><T73/><D73/><U104/><E2/><V121/><F126/><W75/><G75/><T71/><REACH who="0" step="1"/><D85/><REACH who="0" ten="198,250,292,250" step="2"/><U86/><E104/><V132/><F121/><W6/><G122/><T129/><D129/><U38/><E94/><V26/><F26/><W24/><G24/><T89/><N who="0" m="22528" /><DORA hai="119" /><T49/><D49/><U23/><E78/><V76/><F76/><W12/><G130/><T92/><D92/><U9/><E9/><V47/><F77/><W95/><G95/><T124/><D124/><U35/><E35/><V109/><F72/><W118/><G111/><T106/><D106/><U58/><E86/><V101/><F109/><W18/><G118/><T116/><D116/><U44/><E87/><V125/><F125/><W84/><G84/><T99/><D99/><U10/><E96/><RYUUKYOKU ba="0,1" sc="198,30,250,-10,292,-10,250,-10" hai0="8,13,16,29,31,48,52,60,64,71" /><INIT seed="2,1,1,2,2,3" ten="228,240,282,240" oya="2" hai0="102,64,7,100,52,77,80,134,74,43,60,27,95" hai1="96,82,106,81,103,18,55,67,120,93,83,73,63" hai2="70,116,117,126,29,86,41,119,127,113,87,114,30" hai3="5,36,22,6,44,59,108,71,124,28,51,107,19"/><V94/><F70/><W65/><G107/><T104/><D43/><U111/><E111/><V16/><F41/><N who="3" m="22567" /><G28/><N who="2" m="10857" /><F94/><W54/><G124/><N who="2" m="47657" /><F16/><W135/><G135/><T57/><D104/><U123/><E73/><V76/><F76/><W101/><G101/><T92/><D134/><U2/><E2/><V40/><F40/><W13/><G108/><T45/><D27/><U66/><E93/><V115/><AGARI ba="1,1" hai="86,87,113,114,115,116,117,119" m="47657,10857" machi="115" ten="50,9600,0" yaku="28,2,18,1" doraHai="3" who="2" fromWho="2" sc="228,-33,240,-33,282,109,240,-33" /><INIT seed="2,2,0,2,1,57" ten="195,207,391,207" oya="2" hai0="45,46,114,117,15,39,128,12,62,87,5,103,8" hai1="61,53,73,79,26,40,101,104,67,92,47,106,59" hai2="23,133,84,129,32,18,2,58,71,7,105,44,38" hai3="77,109,95,30,4,111,6,113,56,11,115,35,16"/><V96/><F71/><W69/><G69/><T99/><D114/><N who="3" m="43529" /><G77/><T24/><D128/><U127/><E127/><V22/><F32/><W54/><G95/><N who="0" m="58879" /><D39/><U36/><E92/><V94/><F105/><W51/><G30/><T65/><D117/><U70/><E26/><V120/><F94/><W63/><G35/><T64/><D87/><U80/><REACH who="1" step="1"/><E101/><REACH who="1" ten="195,197,391,207" step="2"/><V116/><F116/><W74/><G74/><T90/><D24/><U43/><E43/><V52/><F129/><W28/><G28/><T88/><D15/><U25/><E25/><V123/><F123/><W76/><G76/><T31/><D31/><U3/><E3/><V37/><F2/><W118/><G118/><T131/><D131/><U68/><E68/><V41/><F41/><W135/><G135/><T78/><D78/><U55/><E55/><V1/><F52/><N who="3" m="34183" /><G111/><T91/><D65/><U29/><E29/><V83/><F133/><W97/><G109/><T9/><D64/><U82/><E82/><V27/><F83/><W86/><G97/><T66/><D66/><U72/><E72/><V75/><F96/><W134/><G86/><T130/><D130/><U108/><E108/><V89/><F84/><W20/><G134/><T33/><D33/><U100/><E100/><V49/><F120/><W10/><G4/><T60/><D9/><U125/><E125/><V110/><F75/><W112/><G112/><T121/><D121/><U19/><E19/><V102/><F18/><W0/><G11/><T132/><D132/><U124/><E124/><V42/><F110/><W119/><G119/><T122/><D122/><RYUUKYOKU ba="2,1" sc="195,15,197,15,391,-15,207,-15" hai0="5,8,12,45,46,60,62,88,90,91" hai1="36,40,47,53,59,61,67,70,73,79,80,104,106" /><INIT seed="3,3,1,4,5,49" ten="210,212,376,192" oya="3" hai0="39,75,100,15,123,85,88,99,5,135,32,10,73" hai1="33,11,36,112,106,51,4,34,29,101,9,64,98" hai2="90,118,70,19,12,97,60,114,92,132,128,113,102" hai3="117,80,116,56,58,42,67,129,38,87,109,13,62"/><W72/><G72/><T93/><D123/><U2/><E36/><V54/><F118/><W27/><G129/><T24/><D39/><U53/><E64/><V44/><F128/><W74/><G74/><T131/><D131/><U68/><E68/><V16/><F19/><W91/><G109/><T55/><D135/><U119/><E112/><V130/><F132/><W8/><G27/><T46/><D32/><U127/><E29/><V82/><F130/><W65/><G42/><T52/><D24/><U40/><E40/><V122/><F122/><W76/><G38/><T95/><D75/><U3/><E127/><V66/><F82/><W50/><G76/><T28/><D28/><U61/><E119/><V83/><F83/><W18/><REACH who="3" step="1"/><G67/><REACH who="3" ten="210,212,376,182" step="2"/><T107/><D73/><U22/><E34/><V121/><F66/><W7/><G7/><T77/><D77/><U23/><E33/><V41/><F41/><W124/><G124/><T45/><D107/><U89/><E4/><V71/><F121/><W96/><G96/><T1/><D1/><U59/><E2/><V105/><F97/><W31/><G31/><T47/><AGARI ba="3,2" hai="5,10,15,45,46,47,52,55,85,88,93,95,99,100" machi="47" ten="30,12000,2" yaku="0,1,8,1,52,2,54,2" doraHai="49" who="0" fromWho="0" sc="210,149,212,-33,376,-33,182,-63" owari="359,45.9,179,-22.1,343,14.3,119,-38.1" /></mjloggm>