<mjloggm ver="2.3"><GO type="225" lobby="0"/><UN n0="%E3%81%8B%E3%82%8F%E3%81%A1%E3%82%83%E3%82%93%35%38" n1="%E5%8D%8D%E6%B1%A0%E8%A2%8B%E6%9C%80%E5%BC%B7%E5%8D%8D" n2="%E6%A1%9C%E8%8A%B1%E9%96%83%E3%80%85" n3="%E7%AB%8B%E8%8A%B1%E9%9F%BF" dan="16,16,17,17" rate="2140.88,2136.44,2221.03,2154.69" sx="M,M,M,F"/><TAIKYOKU oya="0"/><INIT seed="0,0,0,3,5,82" ten="250,250,250,250" oya="0" hai0="84,59,93,70,11,127,29,116,69,68,14,123,128" hai1="118,72,47,37,75,61,62,18,31,42,71,15,97" hai2="103,74,83,45,98,12,76,3,88,67,86,92,64" hai3="79,87,134,32,6,21,8,20,39,80,55,54,51"/><T23/><D123/><U113/><E113/><V7/><F12/><W5/><G39/><T56/><D116/><U58/><E118/><V112/><F112/><W111/><G32/><T85/><D127/><U30/><E97/><V90/><F45/><W43/><G111/><T129/><D29/><U77/><E62/><V117/><F117/><W65/><G65/><T132/><D23/><N who="3" m="8777" /><G134/><T126/><D126/><U104/><E104/><V9/><REACH who="2" step="1"/><F90/><REACH who="2" ten="250,250,240,250" step="2"/><W40/><G40/><T100/><D132/><U96/><E15/><V63/><F63/><W49/><G43/><T119/><D119/><U38/><E61/><V1/><F1/><W124/><G124/><T122/><D122/><U33/><E47/><V91/><F91/><W48/><G8/><T115/><D115/><U41/><E42/><V27/><F27/><W25/><G25/><T108/><D14/><U53/><E41/><V105/><AGARI ba="0,1" hai="3,7,9,64,67,74,76,83,86,88,92,98,103,105" machi="105" ten="20,16000,3" yaku="1,1,0,1,7,1,24,2,52,1,54,1,53,1" doraHai="82" doraHaiUra="106" who="2" fromWho="2" sc="250,-80,250,-40,240,170,250,-40" /><INIT seed="1,0,0,4,0,134" ten="170,210,410,210" oya="1" hai0="4,46,51,120,67,63,58,3,132,49,13,98,92" hai1="103,19,93,42,125,114,97,15,126,121,11,31,74" hai2="32,36,7,9,129,8,12,116,26,80,10,14,88" hai3="2,35,48,78,27,16,20,106,96,104,5,57,77"/><U108/><E114/><V124/><F36/><W22/><G35/><T21/><D132/><U52/><E121/><V34/><F116/><W123/><G123/><T55/><D120/><U65/><E108/><V130/><F124/><N who="1" m="47721" /><E65/><V111/><F111/><W131/><G131/><N who="2" m="50185" /><F26/><W69/><G69/><T37/><D3/><U45/><E31/><V71/><F71/><W64/><G5/><T76/><D37/><N who="1" m="21711" /><E52/><V94/><F80/><W56/><G2/><T83/><D51/><U59/><E59/><V50/><F50/><W73/><G64/><T91/><D46/><U53/><E53/><V40/><F40/><W28/><G48/><T75/><D49/><U0/><E0/><V90/><F7/><W72/><G28/><T87/><D4/><U82/><E82/><V70/><F70/><W127/><G127/><T128/><D128/><U89/><E74/><V117/><F117/><W105/><G72/><T100/><D55/><U6/><E6/><V1/><F1/><W60/><G73/><T33/><D58/><U41/><E41/><V119/><F119/><W54/><G57/><T24/><D67/><U133/><E133/><V95/><F34/><W18/><REACH who="3" step="1"/><G96/><REACH who="3" ten="170,210,410,200" step="2"/><T109/><D109/><U17/><E17/><V61/><F32/><W62/><G62/><T102/><D63/><U135/><E135/><V30/><F61/><W81/><G81/><T43/><D75/><U115/><E115/><V25/><F30/><W38/><G38/><T112/><D112/><U39/><E39/><V86/><F86/><W113/><G113/><T68/><D68/><U122/><E122/><RYUUKYOKU ba="0,1" sc="170,-15,210,15,410,-15,200,15" hai1="11,15,19,89,93,97,103" hai3="16,18,20,22,27,54,56,60,77,78,104,105,106" /><INIT seed="1,1,1,4,3,37" ten="155,225,395,215" oya="1" hai0="5,87,123,106,127,117,35,134,22,15,120,116,88" hai1="115,20,12,63,85,77,23,0,91,95,121,76,25" hai2="92,29,84,45,110,39,129,40,122,74,47,59,52" hai3="119,32,135,100,57,1,36,68,107,55,99,17,50"/><U105/><E0/><V19/><F122/><N who="0" m="46634" /><D35/><U11/><E115/><V8/><F74/><W103/><G135/><T130/><D106/><U27/><E105/><V89/><F110/><W125/><G125/><T131/><D5/><U90/><E121/><V70/><F70/><W34/><G103/><T54/><D54/><U128/><E128/><N who="0" m="49193" /><D15/><U46/><E46/><V94/><F129/><W113/><G1/><T72/><D22/><N who="1" m="8235" /><E63/><V60/><F45/><W16/><G113/><T83/><D127/><U102/><E102/><V64/><F29/><W69/><G119/><N who="0" m="45643" /><D72/><U21/><E21/><V118/><F118/><W61/><G32/><T6/><D6/><N who="1" m="3191" /><E25/><V41/><F8/><W62/><G34/><T111/><D111/><U31/><E27/><V28/><F19/><W79/><G17/><T56/><D56/><U26/><E26/><V4/><F28/><W7/><G16/><T9/><D9/><U10/><E10/><V51/><F4/><W2/><G7/><T80/><D134/><U109/><E109/><V38/><F92/><AGARI ba="1,1" hai="80,83,87,88,92" m="45643,49193,46634" machi="92" ten="40,8000,1" yaku="13,1,19,1,34,2,54,1" doraHai="37" who="0" fromWho="2" sc="155,93,225,0,395,-83,215,0" /><INIT seed="2,0,0,3,0,104" ten="248,225,312,215" oya="2" hai0="111,83,121,86,76,73,107,64,118,88,44,29,108" hai1="92,9,75,112,5,47,106,54,97,70,126,132,26" hai2="31,130,15,79,129,87,28,89,105,49,125,13,84" hai3="109,35,71,102,81,90,3,63,69,134,135,114,55"/><V7/><F105/><W52/><G35/><T20/><D121/><U19/><E112/><V1/><F125/><W80/><G3/><T94/><D118/><U117/><E126/><V95/><F1/><W133/><G114/><T60/><D44/><U116/><E106/><V11/><F49/><W21/><G102/><T74/><D107/><U6/><E132/><N who="3" m="33794" /><W93/><DORA hai="82" /><G21/><T62/><D74/><U8/><E75/><V10/><F79/><W45/><G109/><N who="0" m="42059" /><D64/><U18/><E70/><N who="3" m="26634" /><G63/><N who="0" m="24107" /><D20/><N who="1" m="13591" /><E117/><V123/><F123/><W30/><G30/><AGARI ba="0,0" hai="29,30,73,76,83,86,88,94" m="24107,42059" machi="30" ten="30,7700,0" yaku="14,1,52,2,54,1" doraHai="104,82" who="0" fromWho="3" sc="248,77,225,0,312,0,215,-77" /><INIT seed="3,0,0,4,4,46" ten="325,225,312,138" oya="3" hai0="7,61,40,56,17,9,67,16,111,11,79,72,119" hai1="52,36,76,120,103,68,128,35,112,25,54,91,96" hai2="8,65,31,1,115,80,123,27,41,113,50,100,21" hai3="59,121,37,10,129,90,107,95,127,114,110,13,134"/><W19/><G114/><T74/><D119/><U97/><E112/><V71/><F100/><W24/><G121/><T0/><D40/><U70/><E120/><V117/><F123/><W42/><G107/><T83/><D111/><U15/><E128/><V131/><F131/><W98/><G129/><T64/><D74/><U135/><E135/><V58/><F117/><W6/><G134/><T14/><D64/><U84/><E76/><V108/><F108/><W92/><G110/><T82/><D82/><U87/><E36/><V5/><F71/><W60/><G127/><T88/><D88/><U89/><E25/><V106/><F106/><W28/><G92/><T132/><D132/><U102/><REACH who="1" step="1"/><E15/><REACH who="1" ten="325,215,312,138" step="2"/><N who="2" m="5519" /><F115/><W75/><G75/><T77/><D77/><U20/><E20/><V51/><F1/><W43/><G37/><T30/><D30/><U85/><E85/><V122/><F122/><W73/><G73/><T104/><D0/><U86/><E86/><V57/><F113/><W116/><G116/><T81/><D72/><U44/><E44/><N who="2" m="25871" /><F80/><W18/><G43/><T3/><D81/><U62/><E62/><N who="2" m="38095" /><F51/><W4/><G42/><T94/><D83/><U105/><E105/><V99/><F99/><W109/><G109/><T47/><D104/><U48/><E48/><V78/><F78/><W39/><G39/><T26/><D79/><U124/><E124/><V126/><F126/><W22/><REACH who="3" step="1"/><G28/><REACH who="3" ten="325,215,312,128" step="2"/><T33/><D94/><U29/><E29/><V101/><F31/><W63/><G63/><T130/><D130/><U133/><E133/><V66/><F101/><W49/><G49/><RYUUKYOKU ba="0,2" sc="325,-15,215,15,312,-15,128,15" hai1="35,52,54,68,70,84,87,89,91,96,97,102,103" hai3="4,6,10,13,18,19,22,24,59,60,90,95,98" /><INIT seed="3,1,2,4,1,40" ten="310,230,297,143" oya="3" hai0="39,114,35,48,79,107,121,135,9,131,30,101,103" hai1="21,2,54,102,36,113,87,29,31,49,124,71,8" hai2="122,96,47,26,68,67,125,110,44,41,3,42,82" hai3="127,83,19,133,37,73,78,25,18,56,84,15,126"/><W61/><G37/><T28/><D39/><U77/><E36/><V52/><F3/><W109/><G133/><T16/><D121/><U123/><E123/><V85/><F122/><W59/><G109/><T22/><D79/><U32/><E113/><V119/><F119/><W69/><G25/><T100/><D107/><U53/><E71/><V38/><F110/><W112/><G112/><T50/><D114/><U111/><E32/><V20/><F125/><N who="3" m="47627" /><G73/><T23/><D35/><U58/><E124/><V66/><F96/><W64/><G18/><T11/><D135/><U75/><E75/><V86/><F68/><W72/><G72/><T55/><D50/><N who="1" m="31031" /><E111/><V1/><F1/><W104/><G104/><T57/><D23/><AGARI ba="1,2" hai="15,19,23,56,59,61,64,69,78,83,84" m="47627" machi="23" ten="30,1500,0" yaku="18,1" doraHai="40" who="3" fromWho="0" sc="310,-18,230,0,297,0,143,38" /><INIT seed="3,2,0,1,5,91" ten="292,230,297,181" oya="3" hai0="3,4,63,90,76,84,66,89,75,117,122,108,44" hai1="53,86,62,93,0,114,16,79,70,107,126,58,42" hai2="100,59,81,47,106,1,127,46,119,71,118,111,131" hai3="101,22,88,23,41,31,52,45,95,11,13,130,48"/><W8/><G130/><T67/><D122/><U6/><E107/><V98/><F71/><W10/><G101/><T14/><D117/><U74/><E114/><V110/><F131/><W128/><G128/><T73/><D3/><U96/><E126/><V99/><F127/><W129/><G129/><T20/><D75/><U2/><E74/><V69/><F69/><W40/><G31/><T113/><D73/><U133/><E133/><V104/><F1/><W87/><G13/><T35/><D35/><U17/><E70/><V85/><F59/><W72/><G72/><T61/><D108/><N who="2" m="41514" /><F98/><W50/><G40/><T105/><D105/><U51/><E6/><V33/><F33/><W60/><G60/><N who="0" m="23115" /><D113/><U28/><E28/><V25/><F25/><W38/><G38/><T39/><D39/><U12/><E2/><V80/><F80/><W57/><AGARI ba="2,0" hai="8,10,11,22,23,41,45,48,50,52,57,87,88,95" machi="57" ten="30,12000,1" yaku="0,1,8,1,52,1,54,2" doraHai="91" who="3" fromWho="3" sc="292,-42,230,-42,297,-42,181,126" owari="250,-15.0,188,-31.2,255,5.5,307,40.7" /></mjloggm>