<mjloggm ver="2.3"><GO type="225" lobby="0"/><UN n0="%E6%80%AA%E3%81%97%E3%81%99%E3%81%8E%E3%82%8B%E3%83%81%E3%83%BC" n1="%72%69%6F%75%63%68%61%6E" n2="%E3%81%B7%E3%82%8A%E3%82%93%E8%81%96%E4%BA%BA" n3="%E3%81%A6%E3%81%A4%EF%BC%A3" dan="16,17,16,16" rate="2183.94,2257.49,2131.39,2047.79" sx="M,M,M,M"/><TAIKYOKU oya="0"/><INIT seed="0,0,0,2,0,119" ten="250,250,250,250" oya="0" hai0="33,120,29,122,7,28,89,74,22,125,95,134,5" hai1="8,9,31,91,129,46,58,116,87,44,68,86,124" hai2="40,128,2,35,109,131,133,135,13,111,130,67,110" hai3="42,38,70,4,53,80,121,104,37,115,36,21,93"/><T11/><D74/><U54/><E116/><V94/><F67/><W24/><G104/><T108/><D125/><U0/><E129/><V81/><F40/><W15/><G115/><T123/><D134/><N who="2" m="51210" /><F81/><W19/><G70/><T51/><D51/><U62/><E124/><V10/><F94/><W26/><G121/><T73/><D73/><U41/><E31/><V132/><N who="2" m="51218" /><V66/><DORA hai="98" /><F66/><W100/><G42/><T71/><D71/><U52/><E68/><V85/><F85/><W99/><G80/><T39/><D39/><U84/><E0/><V118/><F2/><W92/><G4/><N who="0" m="1611" /><D89/><U23/><E23/><V96/><F96/><W75/><G75/><T101/><D95/><U45/><E41/><V103/><F118/><W48/><REACH who="3" step="1"/><G92/><REACH who="3" ten="250,250,250,240" step="2"/><T1/><D123/><U50/><REACH who="1" step="1"/><E91/><REACH who="1" ten="250,240,250,240" step="2"/><V82/><F82/><W113/><G113/><T55/><D120/><U57/><AGARI ba="0,2" hai="8,9,44,45,46,50,52,54,57,58,62,84,86,87" machi="57" ten="40,12000,2" yaku="1,1,2,1,0,1,8,1,54,1,53,1" doraHai="119,98" doraHaiUra="106,47" who="1" fromWho="1" sc="250,-60,240,140,250,-30,240,-30" /><INIT seed="1,0,0,3,0,85" ten="190,380,220,210" oya="1" hai0="126,61,13,95,5,25,74,54,16,4,78,77,98" hai1="59,117,128,10,62,46,52,63,81,57,49,26,71" hai2="133,43,0,113,3,80,53,104,31,99,39,9,96" hai3="68,110,55,40,108,64,14,72,11,44,109,67,87"/><U6/><E128/><V30/><F133/><W33/><G72/><T15/><D126/><U20/><E117/><V135/><F135/><W114/><G114/><T115/><D115/><U45/><E81/><V121/><F121/><W129/><G33/><T125/><D125/><U32/><E32/><V90/><F53/><W97/><G129/><T101/><D74/><U92/><E71/><V23/><F43/><W88/><G97/><T107/><D107/><U79/><E79/><N who="0" m="30217" /><D25/><U123/><E123/><V106/><F80/><N who="3" m="49255" /><G68/><T75/><D75/><U12/><E92/><V86/><F86/><W47/><G55/><T122/><D122/><U105/><E105/><V2/><F39/><N who="3" m="21535" /><G47/><N who="1" m="17930" /><E59/><V118/><F113/><W58/><G58/><N who="0" m="35031" /><D15/><U1/><E1/><V24/><F31/><AGARI ba="0,0" hai="6,10,12,20,26,31,49,52,57,62,63" m="17930" machi="31" ten="30,2900,0" yaku="8,1,54,1" doraHai="85" who="1" fromWho="2" sc="190,0,380,29,220,-29,210,0" /><INIT seed="1,1,0,0,1,58" ten="190,409,191,210" oya="1" hai0="131,63,12,96,54,86,43,93,29,22,66,114,24" hai1="17,134,70,55,73,118,103,53,124,75,57,80,116" hai2="62,74,45,130,107,97,1,79,129,38,60,31,33" hai3="8,11,111,113,122,68,5,35,101,40,2,88,61"/><U77/><E70/><V46/><F1/><W56/><G122/><T13/><D114/><U135/><E124/><V6/><F6/><W44/><G113/><T82/><D131/><N who="2" m="50186" /><F74/><W15/><G111/><T18/><D43/><U71/><E71/><V64/><F79/><W47/><G68/><T89/><D54/><U91/><E103/><N who="2" m="62959" /><F64/><W128/><G35/><T132/><D132/><U10/><E73/><V27/><F46/><W30/><G30/><T99/><D99/><U92/><E53/><V36/><F45/><W39/><G44/><T121/><D121/><U37/><E37/><AGARI ba="1,0" hai="27,31,33,36,37,38,60,62" m="62959,50186" machi="37" ten="30,3900,0" yaku="19,1,52,2" doraHai="58" who="2" fromWho="1" sc="190,0,409,-42,191,42,210,0" /><INIT seed="2,0,0,1,3,98" ten="190,367,233,210" oya="2" hai0="59,74,39,60,31,104,64,93,33,130,13,94,50" hai1="85,47,78,131,43,92,103,1,95,127,38,57,67" hai2="108,102,37,46,55,125,105,75,90,111,132,91,41" hai3="97,65,123,106,40,118,28,29,96,10,120,17,135"/><V70/><F75/><W82/><G118/><T107/><D39/><U42/><E1/><V73/><F73/><W53/><G135/><T126/><D74/><U3/><E3/><V18/><F70/><W76/><G40/><T27/><D130/><U69/><E69/><V26/><F132/><W72/><G65/><T32/><D126/><U101/><E131/><V84/><F55/><W110/><G110/><N who="2" m="42025" /><F125/><W71/><G71/><T112/><D112/><U83/><E127/><V44/><F46/><W4/><G17/><T119/><D119/><U122/><E122/><V21/><F84/><W11/><G53/><T63/><D33/><U14/><E43/><V61/><F61/><W25/><G96/><AGARI ba="0,0" hai="18,21,26,37,41,44,90,91,96,102,105" m="42025" machi="96" ten="30,5800,0" yaku="14,1,10,1,52,1" doraHai="98" who="2" fromWho="3" sc="190,0,367,0,233,58,210,-58" /><INIT seed="2,1,0,2,5,106" ten="190,367,291,152" oya="2" hai0="86,87,105,42,95,116,76,52,78,20,118,127,57" hai1="64,77,80,0,126,115,11,70,97,22,109,56,111" hai2="2,100,35,51,18,34,132,93,10,46,45,83,24" hai3="91,134,73,113,68,30,4,84,117,43,53,82,99"/><V131/><F132/><W60/><G134/><T129/><D105/><U38/><E115/><V81/><F131/><W16/><G113/><T58/><D129/><U7/><E126/><V6/><F35/><W112/><G112/><T17/><D127/><U36/><E56/><V39/><F39/><W94/><G117/><N who="0" m="45163" /><D42/><U119/><E119/><V79/><F34/><W47/><G30/><T63/><D58/><U110/><E22/><V122/><F83/><W121/><G4/><T14/><D95/><U41/><E97/><V114/><F122/><W37/><G73/><T13/><D13/><U48/><E48/><V3/><F3/><W75/><G75/><T59/><D59/><U85/><REACH who="1" step="1"/><E41/><REACH who="1" ten="190,357,291,152" step="2"/><V130/><F130/><W33/><G33/><T54/><D54/><U1/><E1/><V104/><F51/><W69/><G121/><T25/><D25/><U40/><E40/><V101/><F114/><W9/><G53/><T128/><D128/><U50/><E50/><V135/><F135/><W65/><G69/><T103/><D103/><U31/><E31/><V44/><F104/><W71/><G71/><T8/><D20/><U133/><E133/><V124/><F124/><W12/><REACH who="3" step="1"/><G99/><REACH who="3" ten="190,357,291,142" step="2"/><T26/><D26/><U89/><E89/><V74/><F24/><W120/><G120/><T61/><D61/><AGARI ba="1,2" hai="0,7,11,36,38,61,64,70,77,80,85,109,110,111" machi="61" ten="40,2600,0" yaku="1,1,14,1,53,0" doraHai="106" doraHaiUra="98" who="1" fromWho="0" sc="190,-29,357,49,291,0,142,0" /><INIT seed="3,0,0,1,4,20" ten="161,406,291,142" oya="3" hai0="75,97,78,85,53,89,126,46,66,69,23,119,26" hai1="88,42,108,40,81,0,11,132,61,1,13,12,82" hai2="87,83,129,47,6,64,91,22,93,107,8,117,15" hai3="106,70,131,37,130,110,104,14,9,101,33,86,72"/><W50/><G37/><T105/><D119/><U77/><E108/><V134/><F107/><W5/><G70/><T99/><D126/><U59/><E132/><V63/><F117/><W32/><G72/><T17/><D105/><U103/><E103/><V133/><F129/><N who="3" m="49163" /><G110/><T128/><D128/><U74/><E0/><V3/><F3/><W90/><G50/><N who="0" m="28887" /><D69/><U4/><E1/><V111/><F111/><W122/><G122/><T113/><D75/><U84/><E12/><V25/><F47/><W60/><G60/><T120/><D113/><U36/><E36/><V125/><F125/><W19/><G5/><T31/><D120/><U55/><AGARI ba="0,0" hai="4,11,13,40,42,55,59,61,74,77,81,82,84,88" machi="55" ten="20,2700,0" yaku="0,1,7,1,54,1" doraHai="20" who="1" fromWho="1" sc="161,-7,406,27,291,-7,142,-13" owari="154,-24.6,433,53.3,284,8.4,129,-37.1" /></mjloggm>