<mjloggm ver="2.3"><GO type="225" lobby="0"/><UN n0="%E3%83%B4%E3%82%A3%E3%83%AF%E3%82%B3%E3%82%B0%E3%83%8B" n1="%E7%AD%89%E3%80%85%E5%8A%9B%E5%8A%87%E5%A0%B4" n2="%E3%83%AD%E3%83%83%E3%83%86%E9%9B%80%E7%90%83" n3="%6D%75%75%6D%75%72%61" dan="16,16,17,16" rate="2126.10,2182.31,2189.99,2114.18" sx="M,M,M,F"/><TAIKYOKU oya="0"/><INIT seed="0,0,0,1,5,13" ten="250,250,250,250" oya="0" hai0="89,35,24,129,132,106,122,120,42,112,2,98,37" hai1="31,93,12,46,70,78,110,8,18,23,126,48,111" hai2="22,117,101,99,121,26,116,59,105,85,92,33,56" hai3="15,124,9,50,104,94,77,68,32,45,114,131,10"/><T14/><D42/><U1/><E70/><V36/><F36/><W95/><G104/><T28/><D37/><U84/><E126/><V16/><F121/><N who="0" m="46698" /><D89/><U40/><E93/><V44/><F33/><W66/><G114/><T79/><D98/><U61/><E61/><V96/><F85/><W127/><G131/><T87/><D87/><U73/><E73/><V100/><REACH who="2" step="1"/><F44/><REACH who="2" ten="250,250,240,250" step="2"/><W58/><G45/><T109/><D35/><U17/><E84/><V128/><F128/><W0/><G32/><T34/><D129/><U63/><E46/><V133/><F133/><W3/><G124/><T74/><D132/><U43/><E111/><V64/><F64/><W75/><G127/><T67/><D67/><U47/><E47/><V80/><F80/><W76/><G66/><T53/><D109/><U134/><E110/><V5/><F5/><W49/><G75/><T113/><D74/><U125/><E134/><V39/><F39/><W21/><G76/><T65/><D65/><U38/><E78/><V6/><F6/><W69/><G77/><T29/><D79/><U52/><E38/><V83/><F83/><W72/><G72/><T4/><D4/><U60/><E125/><V102/><F102/><W11/><G69/><T108/><D108/><U62/><E43/><V88/><F88/><W57/><G68/><T25/><D34/><U30/><E40/><V20/><F20/><W103/><G103/><T71/><D71/><U130/><E23/><V135/><F135/><W86/><G86/><T41/><D41/><U119/><E130/><V51/><F51/><N who="3" m="19467" /><G21/><T54/><D113/><RYUUKYOKU ba="0,1" sc="250,-10,250,-10,240,30,250,-10" hai2="16,22,26,56,59,92,96,99,100,101,105,116,117" /><INIT seed="1,1,1,5,1,30" ten="240,240,270,240" oya="1" hai0="68,103,106,5,67,33,132,114,24,98,42,113,100" hai1="85,40,23,105,8,57,45,60,62,2,127,35,108" hai2="51,130,99,117,79,66,116,80,128,118,76,87,72" hai3="83,36,3,28,15,18,21,20,7,97,64,124,129"/><U112/><E112/><V70/><F51/><W111/><G36/><T96/><D5/><U78/><E105/><V61/><F99/><W22/><G111/><T19/><D42/><U41/><E127/><V109/><F109/><W9/><G64/><T82/><D132/><U44/><E108/><V121/><F121/><W1/><G97/><T11/><D82/><U123/><E123/><V53/><F53/><W46/><G46/><T77/><D77/><U50/><E35/><V90/><REACH who="2" step="1"/><F72/><REACH who="2" ten="240,240,260,240" step="2"/><W134/><G124/><T84/><D98/><U93/><E50/><V17/><F17/><W125/><G125/><T13/><D96/><U6/><E41/><V58/><F58/><W91/><G134/><T14/><D19/><U126/><E57/><V81/><F81/><W54/><G54/><T86/><D113/><U88/><E40/><V89/><F89/><W26/><G91/><T32/><D114/><U0/><E88/><V43/><F43/><W27/><G83/><T25/><D100/><U65/><E45/><V120/><F120/><W107/><G107/><T31/><D103/><U49/><E44/><V101/><F101/><W122/><G122/><T73/><D73/><U29/><E49/><V133/><F133/><W4/><G129/><AGARI ba="1,2" hai="61,66,70,76,79,80,87,90,116,117,118,128,129,130" machi="129" ten="50,3200,0" yaku="1,1,19,1,53,0" doraHai="30" doraHaiUra="71" who="2" fromWho="3" sc="240,0,240,0,260,55,240,-35" /><INIT seed="2,0,0,5,4,70" ten="240,240,315,205" oya="2" hai0="98,61,93,76,42,107,27,26,14,71,79,39,30" hai1="96,105,102,109,40,113,7,128,104,92,33,88,81" hai2="95,54,43,111,8,10,11,52,25,22,19,85,55" hai3="68,97,78,6,18,69,125,16,17,58,135,86,65"/><V57/><F111/><W67/><G125/><T126/><D126/><U119/><E113/><V62/><F43/><W99/><G135/><T134/><D107/><U90/><E119/><V131/><F131/><W60/><G6/><T103/><D26/><U1/><E33/><V112/><F112/><W49/><G69/><T74/><D74/><U3/><E109/><V72/><F72/><W116/><G116/><T101/><D101/><U80/><E40/><V24/><F25/><W115/><G115/><T37/><D14/><U59/><E59/><V41/><F41/><W23/><G23/><T108/><D134/><U83/><E128/><V89/><AGARI ba="0,0" hai="8,10,11,19,22,24,52,54,55,57,62,85,89,95" machi="89" ten="30,6000,0" yaku="0,1,8,1,54,1" doraHai="70" who="2" fromWho="2" sc="240,-20,240,-20,315,60,205,-20" /><INIT seed="2,1,0,4,0,59" ten="220,220,375,185" oya="2" hai0="2,102,120,116,130,83,105,134,0,107,26,77,94" hai1="20,114,132,41,38,128,103,4,7,91,31,104,18" hai2="28,57,22,93,106,51,11,6,96,52,67,133,69" hai3="117,131,85,97,23,118,49,92,5,21,86,73,99"/><V48/><F106/><W80/><G131/><T113/><D120/><U54/><E114/><V74/><F74/><W42/><G73/><T115/><D26/><U81/><E132/><V33/><F33/><W127/><G127/><T98/><D0/><U24/><E128/><V8/><F133/><W45/><G5/><T53/><D2/><U61/><E38/><V68/><F67/><W87/><G80/><T72/><D130/><U40/><E103/><V58/><F11/><W62/><G117/><T121/><D121/><U122/><E104/><N who="0" m="40009" /><D53/><U9/><E122/><V14/><F57/><W65/><G118/><T17/><D17/><U111/><E111/><V10/><F51/><W95/><G95/><T36/><D36/><U75/><E75/><V79/><F79/><W124/><G124/><T35/><D35/><U56/><E18/><V37/><F37/><W3/><G3/><T126/><D134/><U63/><E63/><V12/><F22/><W64/><G64/><T30/><D30/><U88/><E7/><V78/><F28/><W25/><G25/><T109/><D126/><U84/><E91/><V135/><F135/><W112/><G112/><N who="0" m="43083" /><D116/><U82/><E82/><V125/><F125/><W1/><G1/><AGARI ba="1,0" hai="1,4,9,20,24,31,40,41,54,56,61,81,84,88" machi="1" ten="30,3900,0" yaku="7,1,52,1,54,1" doraHai="59" who="1" fromWho="3" sc="220,0,220,42,375,0,185,-42" /><INIT seed="3,0,0,1,3,8" ten="220,262,375,143" oya="3" hai0="62,32,98,28,126,23,22,121,113,74,40,54,80" hai1="44,4,88,81,128,93,69,2,27,99,5,94,60" hai2="119,61,41,86,39,91,133,33,108,38,64,13,106" hai3="49,79,37,7,110,82,17,34,55,72,127,102,112"/><W70/><G112/><T103/><D121/><U95/><E128/><V73/><F73/><W96/><G127/><T114/><D126/><U87/><E2/><V16/><F106/><W134/><G134/><T68/><D40/><U57/><E69/><V26/><F119/><W20/><G37/><T131/><D131/><U29/><E44/><V6/><F41/><W135/><G135/><T19/><D74/><U120/><E120/><V59/><F108/><W118/><G110/><T10/><D80/><U47/><E47/><V129/><F129/><W0/><G70/><T65/><D54/><U18/><E18/><V36/><F6/><N who="1" m="2665" /><E27/><V124/><F124/><W77/><G77/><T56/><D56/><U42/><E29/><V31/><F133/><W122/><G122/><T123/><D123/><U100/><E42/><V53/><F53/><AGARI ba="0,0" hai="53,57,60,81,87,88,93,94,95,99,100" m="2665" machi="53" ten="30,2000,0" yaku="8,1,54,1" doraHai="8" who="1" fromWho="2" sc="220,0,262,20,375,-20,143,0" owari="220,-18.0,282,8.2,355,45.5,143,-35.7" /></mjloggm>