<mjloggm ver="2.3"><GO type="225" lobby="0"/><UN n0="%E3%82%BC%E3%83%AB%E3%83%80%E3%81%AE%E4%BC%9D%E8%AA%AC" n1="%E5%8F%AF%E5%85%90%E9%82%A3%E7%94%B1%E5%A4%9A" n2="%38%63%E3%81%AF%E3%81%A3%E3%81%97%E3%83%BC" n3="%72%69%6F%75%63%68%61%6E" dan="16,16,16,16" rate="2185.12,2183.84,2116.73,2152.55" sx="M,F,M,M"/><TAIKYOKU oya="0"/><INIT seed="0,0,0,3,0,117" ten="250,250,250,250" oya="0" hai0="132,35,61,40,121,115,131,97,14,122,21,126,100" hai1="105,51,26,23,103,27,110,17,54,7,76,87,16" hai2="78,111,33,135,5,41,95,99,39,37,42,36,90" hai3="77,53,43,128,38,96,73,68,119,94,93,65,15"/><T72/><D115/><U80/><E110/><V10/><F111/><W106/><G128/><T47/><D35/><U84/><E7/><V92/><F33/><W67/><G119/><T116/><D116/><U19/><E105/><V71/><F71/><W45/><G15/><T107/><D72/><U79/><E103/><V120/><F135/><W88/><G106/><T83/><D132/><U63/><E63/><V31/><F31/><W114/><G114/><T64/><D131/><U134/><E134/><V112/><F78/><W75/><G77/><T123/><D126/><U1/><E1/><V32/><F32/><W4/><G4/><T34/><D34/><U81/><E27/><V24/><F24/><W89/><G53/><T62/><D83/><U46/><AGARI ba="0,0" hai="16,17,19,23,26,46,51,54,76,79,80,81,84,87" machi="46" ten="20,8000,1" yaku="0,1,7,1,9,1,8,1,54,1" doraHai="117" who="1" fromWho="1" sc="250,-40,250,80,250,-20,250,-20" /><INIT seed="1,0,0,1,4,7" ten="210,330,230,230" oya="1" hai0="127,126,55,116,134,34,77,107,103,5,36,87,102" hai1="16,15,105,22,98,61,75,14,0,45,37,124,8" hai2="117,44,100,129,49,92,67,41,131,115,57,13,76" hai3="56,24,33,80,25,84,135,93,96,74,32,128,109"/><U81/><E124/><N who="0" m="47657" /><D116/><U68/><E0/><V3/><F3/><W50/><G109/><T73/><D34/><U54/><E105/><V1/><F1/><W91/><G128/><T79/><D36/><U89/><E75/><V118/><F76/><N who="0" m="29258" /><D5/><U72/><E72/><V46/><F92/><W106/><G135/><T53/><D73/><U63/><E68/><V112/><F13/><W130/><G130/><N who="2" m="49673" /><F100/><N who="0" m="38442" /><D87/><N who="1" m="50415" /><E37/><V66/><F46/><W65/><G74/><T83/><D83/><U64/><E64/><N who="2" m="24619" /><F57/><W19/><G65/><T18/><D107/><U85/><E85/><V21/><F21/><N who="3" m="13375" /><G106/><T47/><D47/><U121/><E45/><V39/><F39/><W120/><G32/><T71/><D71/><U9/><E22/><V23/><F23/><W122/><G33/><T97/><D97/><U86/><E86/><V99/><F99/><W95/><G96/><T2/><D2/><U30/><E98/><V31/><F31/><W62/><G93/><T101/><N who="0" m="38450" /><T114/><DORA hai="35" /><D134/><U59/><E30/><V40/><F40/><W119/><G95/><T108/><D108/><U10/><E59/><V12/><F12/><W48/><G119/><AGARI ba="0,0" hai="41,44,49,112,115,117,118,119" m="24619,49673" machi="119" ten="40,5200,0" yaku="19,1,34,2" doraHai="7,35" who="2" fromWho="3" sc="210,0,330,0,230,52,230,-52" /><INIT seed="2,0,0,2,3,35" ten="210,330,282,178" oya="2" hai0="110,27,66,126,72,22,17,116,109,21,125,61,74" hai1="53,81,119,115,131,7,113,16,103,43,88,105,80" hai2="75,122,99,106,40,71,12,4,59,3,133,121,63" hai3="47,25,37,128,85,65,52,107,92,129,111,44,50"/><V82/><F133/><W15/><G107/><T64/><D116/><U8/><E119/><V118/><F12/><W98/><G111/><N who="0" m="42507" /><D21/><U9/><E131/><N who="3" m="50250" /><G65/><N who="0" m="25195" /><D61/><U45/><E53/><V117/><F71/><W130/><N who="3" m="50258" /><W49/><DORA hai="112" /><G37/><T120/><D120/><U96/><E16/><V114/><F40/><N who="3" m="24711" /><G25/><T5/><D5/><U19/><E19/><V33/><F33/><W67/><G67/><T11/><D11/><U29/><E9/><V10/><F114/><W135/><G135/><T30/><D30/><U90/><E29/><V32/><F32/><W38/><G38/><T69/><D69/><U31/><E31/><V73/><F122/><W60/><G60/><T86/><D86/><U104/><E115/><V1/><F121/><W62/><G62/><T2/><D2/><U51/><E113/><V78/><F73/><AGARI ba="0,0" hai="17,22,27,72,73,74,125,126" m="25195,42507" machi="73" ten="40,1300,0" yaku="14,1" doraHai="35,112" who="0" fromWho="2" sc="210,13,330,0,282,-13,178,0" /><INIT seed="3,0,0,5,3,59" ten="223,330,269,178" oya="3" hai0="77,122,11,5,7,9,8,13,71,18,91,114,113" hai1="20,115,93,66,45,92,58,62,27,128,32,131,22" hai2="105,94,17,104,129,3,99,47,124,118,21,12,111" hai3="48,0,34,80,82,60,132,75,98,90,119,31,50"/><W72/><G119/><T123/><D77/><U36/><E115/><N who="0" m="44041" /><D91/><U67/><E32/><V16/><F118/><W49/><G0/><T54/><D54/><U103/><E67/><V4/><F111/><W121/><G121/><N who="0" m="46091" /><D71/><U76/><E76/><V37/><F129/><N who="1" m="49737" /><E103/><V70/><F70/><W78/><G132/><T42/><D42/><N who="1" m="22727" /><E22/><AGARI ba="0,0" hai="5,7,8,9,11,13,18,22" m="46091,44041" machi="22" ten="40,5200,0" yaku="11,1,34,2" doraHai="59" who="0" fromWho="1" sc="223,52,330,-52,269,0,178,0" /><INIT seed="4,0,0,1,5,7" ten="275,278,269,178" oya="0" hai0="77,44,9,59,90,54,121,41,47,125,20,16,86" hai1="116,40,63,32,5,130,89,30,51,81,105,13,21" hai2="131,129,127,61,88,108,76,68,58,46,134,101,69" hai3="82,107,35,85,45,122,72,80,118,26,22,119,38"/><T117/><D117/><U91/><E116/><V37/><F76/><W10/><G122/><T48/><D121/><U114/><E105/><V100/><F108/><W33/><G107/><T0/><D125/><U132/><E132/><V15/><F127/><W126/><G126/><T92/><D77/><U71/><E130/><V53/><F134/><W64/><G64/><T103/><D103/><U8/><E32/><V11/><F101/><W112/><G112/><T14/><D41/><U28/><E114/><V111/><F100/><W98/><G98/><T135/><D135/><U2/><E71/><V36/><F111/><W57/><G57/><T83/><D83/><U66/><E2/><V93/><F69/><W65/><G65/><T75/><D75/><U78/><E63/><V55/><F68/><W102/><G102/><T95/><D95/><U87/><E66/><V43/><F53/><W29/><G72/><T106/><D106/><U49/><E49/><V120/><F37/><W12/><G119/><T52/><D54/><U70/><E70/><V99/><REACH who="2" step="1"/><F120/><REACH who="2" ten="275,278,259,178" step="2"/><W67/><G118/><T27/><D0/><U128/><E128/><V74/><F74/><W73/><G73/><T124/><D124/><U84/><E78/><V133/><F133/><W110/><G110/><T17/><AGARI ba="0,1" hai="9,14,16,17,20,27,44,47,48,52,59,86,90,92" machi="17" ten="20,18000,2" yaku="0,1,7,1,8,1,52,1,54,2" doraHai="7" who="0" fromWho="0" sc="275,190,278,-60,259,-60,178,-60" owari="465,56.5,218,1.8,199,-20.1,118,-38.2" /></mjloggm>