<mjloggm ver="2.3"><GO type="225" lobby="0"/><UN n0="%E5%8F%AF%E5%85%90%E9%82%A3%E7%94%B1%E5%A4%9A" n1="%E3%81%B2%E3%81%BE%E3%81%A4%E3%81%B6%E3%81%97" n2="%E6%98%93%E5%88%A9%E8%96%A9%E4%BC%AF" n3="%E5%A4%96%E5%B7%9D%E7%AB%9C%E6%88%90" dan="17,16,16,16" rate="2181.45,2172.70,2061.77,2190.66" sx="F,M,F,M"/><TAIKYOKU oya="0"/><INIT seed="0,0,0,3,1,24" ten="250,250,250,250" oya="0" hai0="84,121,32,19,107,131,115,127,73,43,94,74,5" hai1="23,114,52,18,78,106,1,102,15,108,118,88,50" hai2="86,38,46,66,48,41,55,35,72,44,104,36,0" hai3="117,77,12,37,14,103,30,100,116,111,82,81,34"/><T59/><D32/><U76/><E118/><V64/><F72/><N who="0" m="27754" /><D19/><U39/><E39/><N who="2" m="21567" /><F104/><W53/><G34/><T65/><D5/><U97/><E108/><V101/><F101/><W9/><G9/><T113/><D43/><U26/><E114/><N who="0" m="43529" /><D59/><U133/><E133/><V28/><F86/><W16/><G16/><T95/><D65/><N who="2" m="25194" /><F28/><W11/><G11/><T67/><D67/><U40/><E40/><N who="2" m="24647" /><F35/><W21/><G77/><T130/><D121/><U98/><E1/><V125/><F0/><W13/><G13/><T31/><D31/><U68/><E26/><V17/><F17/><W126/><G30/><T85/><D107/><U54/><E68/><V120/><F120/><W122/><G122/><T90/><D127/><U56/><REACH who="1" step="1"/><E54/><REACH who="1" ten="250,240,250,250" step="2"/><V25/><F25/><W93/><G53/><T60/><D60/><U135/><E135/><V123/><F123/><W83/><G117/><T57/><D57/><U2/><E2/><V124/><F55/><W27/><G116/><T42/><D42/><U132/><E132/><V71/><F71/><W128/><G27/><T6/><D6/><U49/><E49/><V69/><F69/><W45/><G12/><T63/><D63/><U8/><E8/><V89/><F89/><AGARI ba="0,1" hai="84,85,89,90,94,95,130,131" m="43529,27754" machi="89" ten="40,3900,0" yaku="34,2" doraHai="24" who="0" fromWho="2" sc="250,49,240,0,250,-39,250,0" /><INIT seed="0,1,0,3,5,38" ten="299,240,211,250" oya="0" hai0="0,73,116,13,68,46,54,130,56,92,121,8,126" hai1="29,3,117,93,128,120,19,33,124,37,9,67,101" hai2="127,125,95,111,66,4,49,88,40,62,55,79,23" hai3="113,109,21,57,59,74,34,12,112,96,44,17,14"/><T6/><D116/><U16/><E117/><V133/><F111/><W94/><G74/><T89/><D121/><U50/><E120/><V65/><F133/><W81/><G34/><T41/><D68/><U71/><E37/><V30/><F79/><W18/><G109/><T32/><D32/><U64/><E124/><V135/><F4/><W87/><G44/><T85/><D73/><U76/><E128/><V134/><F30/><W106/><G106/><T25/><D130/><U118/><E76/><V98/><F23/><W78/><G113/><T77/><D77/><U39/><E39/><V107/><F107/><W105/><G105/><T86/><D25/><U82/><E82/><V91/><F91/><W99/><G112/><T24/><D24/><U60/><E67/><N who="2" m="25611" /><F62/><W84/><G84/><T69/><D69/><U53/><E33/><V43/><F55/><W123/><G123/><T114/><D114/><U132/><E29/><V7/><F7/><W129/><G129/><T36/><D126/><N who="2" m="48138" /><F49/><W63/><G63/><T122/><D122/><U80/><E132/><V131/><F131/><W5/><G5/><T47/><D0/><U1/><E118/><V97/><F135/><W110/><G110/><T10/><D10/><U42/><E9/><V90/><F134/><W52/><G52/><T100/><D100/><U45/><E1/><V103/><F103/><W26/><G94/><AGARI ba="1,0" hai="40,43,88,90,94,95,97,98" m="48138,25611" machi="94" ten="30,7700,0" yaku="18,1,52,2,54,1" doraHai="38" who="2" fromWho="3" sc="299,0,240,0,211,80,250,-80" /><INIT seed="1,0,0,3,5,60" ten="299,240,291,170" oya="1" hai0="113,44,110,6,89,33,109,15,37,42,53,12,18" hai1="102,40,69,96,124,32,31,22,118,41,98,51,121" hai2="38,48,117,103,71,62,8,0,97,68,2,66,126" hai3="26,65,123,133,13,1,130,114,125,104,101,105,58"/><U5/><E118/><V39/><F117/><W63/><G114/><T100/><D113/><U85/><E121/><V7/><F126/><W29/><G123/><T134/><D33/><U55/><E69/><V20/><F2/><W127/><G1/><T28/><D28/><U92/><E32/><V36/><F48/><W90/><G130/><T120/><D120/><U82/><E5/><V87/><F87/><W54/><G133/><T75/><D134/><U115/><E115/><V77/><F77/><W52/><G13/><T49/><D75/><U80/><E124/><N who="3" m="47690" /><G90/><T108/><D100/><U112/><E112/><V129/><F20/><N who="3" m="15559" /><G101/><T9/><D89/><U84/><E22/><V61/><F129/><W88/><G88/><T79/><D79/><U10/><E31/><V132/><F132/><W50/><G54/><T74/><D74/><U57/><E96/><V45/><F97/><W122/><G122/><T116/><D116/><U34/><E34/><V4/><F4/><W24/><G24/><T119/><D119/><U19/><E84/><V70/><F103/><W94/><G94/><T73/><D73/><U67/><E85/><V56/><REACH who="2" step="1"/><F62/><REACH who="2" ten="299,240,281,170" step="2"/><W59/><AGARI ba="0,1" hai="50,52,58,59,63,65,104,105" m="15559,47690" machi="59" ten="30,4000,0" yaku="18,1,52,1,54,1" doraHai="60" who="3" fromWho="3" sc="299,-10,240,-20,281,-10,170,50" /><INIT seed="2,0,0,5,5,113" ten="289,220,271,220" oya="2" hai0="104,121,60,85,0,41,133,22,7,63,15,126,118" hai1="29,45,124,62,57,69,115,130,99,110,112,6,81" hai2="67,64,78,17,84,107,129,24,55,106,94,40,31" hai3="102,10,122,25,105,117,56,39,101,51,16,2,92"/><V32/><F129/><W61/><G122/><T80/><D121/><U1/><E130/><V50/><F40/><W18/><G39/><T13/><D104/><U4/><E69/><V75/><F75/><W74/><BYE who="2" /><G74/><T127/><D133/><U52/><E124/><N who="0" m="47657" /><D118/><U134/><E134/><UN n2="%E6%98%93%E5%88%A9%E8%96%A9%E4%BC%AF" /><V123/><F123/><W28/><G105/><T66/><D41/><U120/><E120/><V135/><F135/><W26/><G51/><T114/><D114/><U88/><E29/><V128/><F128/><W96/><G102/><T37/><D37/><U109/><E45/><V9/><F107/><W73/><G73/><T89/><D22/><U38/><E38/><V21/><F9/><W97/><G97/><T58/><D63/><U95/><E81/><V82/><F94/><W27/><G117/><T83/><D83/><U119/><E119/><V30/><F30/><W49/><G49/><T8/><AGARI ba="0,0" hai="0,7,8,13,15,58,60,66,80,85,89" m="47657" machi="8" ten="30,1100,0" yaku="18,1" doraHai="113" who="0" fromWho="0" sc="289,11,220,-3,271,-5,220,-3" /><INIT seed="3,0,0,1,3,30" ten="300,217,266,217" oya="3" hai0="31,98,4,81,123,88,71,53,101,94,27,92,115" hai1="80,90,93,56,82,7,76,135,12,6,66,47,104" hai2="14,34,49,24,44,26,75,48,18,54,91,106,89" hai3="70,121,32,127,118,20,132,63,39,41,8,108,62"/><W17/><G118/><T21/><D123/><U109/><E109/><V57/><F75/><W124/><G121/><T51/><D71/><U23/><E104/><V84/><F106/><W102/><G108/><T119/><D115/><U52/><E135/><V19/><F91/><W36/><G132/><T129/><D129/><U73/><E66/><V42/><F34/><W64/><G102/><T72/><D119/><U113/><E47/><V2/><F2/><W126/><G8/><T0/><D0/><U33/><E33/><V11/><REACH who="2" step="1"/><F19/><REACH who="2" ten="300,217,256,217" step="2"/><W45/><G32/><T38/><D72/><U13/><E113/><V130/><F130/><W5/><G5/><T22/><D4/><U110/><E7/><V86/><F86/><W28/><G28/><T100/><D31/><U65/><E6/><V96/><F96/><W114/><G114/><T128/><D128/><U95/><E110/><V79/><F79/><W50/><G17/><T60/><D98/><U25/><E73/><V105/><F105/><W97/><G97/><T9/><D88/><U103/><E76/><V83/><AGARI ba="0,1" hai="11,14,18,24,26,42,44,48,49,54,57,83,84,89" machi="83" ten="20,5200,0" yaku="1,1,0,1,7,1,8,1,53,0" doraHai="30" doraHaiUra="35" who="2" fromWho="2" sc="300,-13,217,-13,256,62,217,-26" owari="287,8.7,204,-19.6,318,41.8,191,-30.9" /></mjloggm>