<mjloggm ver="2.3"><GO type="225" lobby="0"/><UN n0="%E3%83%AD%E3%83%83%E3%83%86%E9%9B%80%E7%90%83" n1="%72%69%6F%75%63%68%61%6E" n2="%E3%82%AD%E3%83%AA%E3%83%B3%E3%82%AD%E3%83%AA%E3%83%B3" n3="%6D%75%75%6D%75%72%61" dan="17,17,16,16" rate="2271.34,2233.72,2054.40,2173.77" sx="M,M,M,F"/><TAIKYOKU oya="0"/><INIT seed="0,0,0,4,2,54" ten="250,250,250,250" oya="0" hai0="26,102,81,5,39,15,73,119,84,22,43,18,95" hai1="4,105,65,71,9,57,80,75,29,74,125,1,49" hai2="27,70,34,21,66,130,111,122,108,114,86,38,78" hai3="93,37,12,31,58,44,41,62,123,107,35,50,23"/><T94/><D119/><U72/><E125/><V30/><F38/><W116/><G107/><T112/><D112/><U118/><E118/><V121/><F130/><W48/><G116/><T55/><D73/><U83/><E105/><V110/><F114/><W103/><G123/><T77/><D102/><U120/><E120/><V0/><F0/><W46/><G35/><T8/><D39/><U87/><E29/><V40/><F40/><W61/><G37/><T82/><D43/><U33/><E33/><V36/><F36/><W56/><G103/><T99/><D99/><U90/><E71/><V133/><F133/><W59/><G93/><T42/><D42/><U32/><E32/><V47/><F47/><N who="3" m="17963" /><G41/><T132/><D132/><U52/><REACH who="1" step="1"/><E65/><REACH who="1" ten="250,240,250,250" step="2"/><V28/><F66/><W69/><G69/><T98/><D98/><U13/><E13/><V85/><F70/><W11/><G12/><T131/><D131/><U127/><E127/><V17/><F121/><W51/><G11/><T104/><D104/><U7/><E7/><V92/><F122/><W53/><G53/><T2/><D55/><U89/><E89/><N who="2" m="53295" /><F34/><W79/><G79/><AGARI ba="0,1" hai="1,4,9,49,52,57,72,74,75,79,80,83,87,90" machi="79" ten="40,5200,0" yaku="1,1,52,1,54,1,53,0" doraHai="54" doraHaiUra="101" who="1" fromWho="3" sc="250,0,240,62,250,0,250,-52" /><INIT seed="1,0,0,3,0,130" ten="250,302,250,198" oya="1" hai0="94,102,85,109,132,3,23,48,33,22,107,39,37" hai1="78,44,40,82,87,116,38,68,131,114,115,127,120" hai2="41,52,93,112,98,77,105,1,92,2,32,118,59" hai3="111,16,97,46,25,99,21,128,63,135,55,124,101"/><U75/><E131/><V88/><F118/><W35/><G128/><T43/><D33/><U50/><E127/><V129/><F129/><W49/><G124/><T17/><D3/><U65/><E116/><V8/><F32/><W79/><G111/><T80/><D107/><U54/><E120/><V126/><F126/><W122/><G122/><T73/><D73/><U11/><E87/><V51/><F105/><W31/><G135/><T57/><D132/><U106/><E106/><V5/><F112/><W28/><G79/><T36/><D109/><U86/><E86/><V18/><F77/><W12/><G31/><T103/><D94/><U91/><E91/><V89/><F41/><W7/><G101/><T14/><D23/><U0/><E65/><V83/><F83/><W20/><G20/><T66/><D66/><U30/><E68/><V6/><F18/><W29/><G29/><T61/><D61/><U4/><REACH who="1" step="1"/><E30/><REACH who="1" ten="250,292,250,198" step="2"/><V90/><F98/><W113/><G113/><T104/><D104/><U110/><E110/><V58/><F58/><AGARI ba="0,1" hai="0,4,11,38,40,44,50,54,58,75,78,82,114,115" machi="58" ten="30,12000,1" yaku="1,1,7,1,25,2,53,1" doraHai="130" doraHaiUra="74" who="1" fromWho="2" sc="250,0,292,130,250,-120,198,0" /><INIT seed="1,1,0,0,0,72" ten="250,422,130,198" oya="1" hai0="16,37,18,122,77,73,28,61,109,116,115,70,32" hai1="117,86,34,102,10,0,81,65,82,53,78,22,125" hai2="33,107,38,51,57,39,25,96,59,20,91,3,54" hai3="8,98,52,2,132,89,127,17,133,68,90,35,45"/><U134/><E117/><V80/><F3/><W47/><G68/><T111/><D116/><U106/><E34/><V131/><F131/><W105/><G35/><T123/><D115/><U7/><E125/><V56/><F33/><W1/><G127/><T46/><D37/><U112/><E112/><V119/><F119/><W67/><G67/><N who="0" m="41327" /><D46/><U6/><E134/><N who="3" m="51818" /><G17/><N who="0" m="6763" /><D28/><U118/><E118/><V108/><F108/><N who="0" m="41546" /><D32/><U55/><E65/><V126/><F126/><W99/><G47/><T42/><D42/><U36/><E36/><V27/><F39/><W19/><G19/><T135/><D135/><U63/><E63/><V74/><F38/><W50/><G8/><T103/><D103/><U84/><E7/><V30/><F27/><W23/><G23/><T40/><D40/><U87/><E22/><V95/><REACH who="2" step="1"/><F107/><REACH who="2" ten="250,422,120,198" step="2"/><W14/><G105/><T101/><D101/><U41/><E102/><V13/><F13/><W114/><G14/><T71/><D71/><U21/><E106/><V31/><F31/><W120/><G114/><T92/><D92/><U85/><E21/><V83/><F83/><AGARI ba="1,1" hai="73,77,83,122,123" m="41546,6763,41327" machi="83" ten="30,3900,0" yaku="14,1,52,1,54,1" doraHai="72" who="0" fromWho="2" sc="250,52,422,0,120,-42,198,0" /><INIT seed="2,0,0,2,4,19" ten="302,422,78,198" oya="2" hai0="69,0,101,73,71,96,124,10,35,133,91,7,50" hai1="38,64,85,90,15,98,120,32,61,109,79,76,12" hai2="55,99,105,8,41,102,25,9,93,23,113,66,87" hai3="28,100,75,1,131,43,27,60,117,47,107,95,114"/><V2/><F2/><W4/><G117/><T3/><D124/><U94/><E32/><V88/><F113/><W44/><G107/><T22/><D133/><U110/><E38/><V83/><F66/><W121/><G121/><T58/><D35/><U130/><E130/><V53/><F41/><W127/><G127/><T116/><D73/><U13/><E120/><V115/><F115/><W29/><G131/><T92/><D0/><U123/><E123/><V70/><F70/><W42/><G75/><T31/><D116/><U122/><E122/><V97/><F97/><N who="3" m="59455" /><G1/><T72/><D72/><U20/><E20/><V129/><F129/><W45/><G114/><T86/><D50/><U6/><E6/><V80/><F80/><W24/><G4/><T46/><D46/><N who="3" m="18025" /><G60/><T134/><D58/><N who="1" m="36919" /><E85/><V59/><F105/><W84/><G84/><T34/><D34/><U106/><E106/><V103/><F103/><W89/><G89/><T67/><D134/><U48/><E48/><N who="2" m="31143" /><F55/><W125/><G125/><T14/><D67/><U112/><E112/><V18/><AGARI ba="0,0" hai="8,9,18,23,25,83,87,88,93,99,102" m="31143" machi="18" ten="30,6000,0" yaku="8,1,52,1,54,1" doraHai="19" who="2" fromWho="2" sc="302,-20,422,-20,78,60,198,-20" /><INIT seed="2,1,0,3,3,22" ten="282,402,138,178" oya="2" hai0="17,79,43,23,112,58,98,27,102,66,118,61,5" hai1="16,36,70,90,81,67,86,107,108,72,85,45,133" hai2="18,44,56,97,82,109,24,53,135,122,117,12,111" hai3="52,92,31,26,84,51,39,121,9,35,128,57,87"/><V6/><F122/><W80/><G121/><T105/><D118/><U101/><E108/><N who="2" m="41547" /><F117/><W124/><G124/><T10/><D112/><U115/><E115/><V73/><F44/><W114/><G128/><T46/><D79/><U59/><E70/><V99/><F6/><W0/><G114/><T8/><REACH who="0" step="1"/><D5/><REACH who="0" ten="272,402,138,178" step="2"/><U40/><E133/><V33/><F135/><W125/><G125/><T116/><D116/><U103/><E72/><V3/><F73/><W55/><G39/><AGARI ba="1,1" hai="8,10,17,23,27,39,43,46,58,61,66,98,102,105" machi="39" ten="30,7700,0" yaku="1,1,7,1,52,1,53,1" doraHai="22" doraHaiUra="14" who="0" fromWho="3" sc="272,90,402,0,138,0,178,-80" /><INIT seed="3,0,0,3,4,83" ten="362,402,138,98" oya="3" hai0="48,101,38,57,32,17,53,128,47,1,58,49,79" hai1="86,131,55,104,14,115,16,52,34,23,95,99,129" hai2="56,43,40,80,26,28,70,102,119,87,123,41,90" hai3="19,82,96,100,3,15,8,45,67,98,117,10,109"/><W111/><G117/><T132/><D32/><U88/><E115/><V37/><F70/><W7/><G67/><T78/><D1/><U124/><E124/><V118/><F102/><W31/><G31/><T20/><D132/><U72/><E72/><V61/><F37/><W0/><G0/><T12/><D128/><N who="1" m="49227" /><E34/><V13/><F13/><W133/><G133/><T46/><D38/><U27/><E27/><V85/><F123/><W5/><G5/><T108/><D108/><N who="3" m="41545" /><G100/><AGARI ba="0,0" hai="14,16,23,52,55,86,88,95,99,100,104" m="49227" machi="100" ten="30,8000,1" yaku="19,1,52,1,54,3" doraHai="83" who="1" fromWho="3" sc="362,0,402,80,138,0,98,-80" owari="362,16.2,482,58.2,138,-26.2,18,-48.2" /></mjloggm>