<mjloggm ver="2.3"><GO type="225" lobby="0"/><UN n0="%4D%50%43%32%38%30%30" n1="%E9%B3%B3%E6%9D%B1%E3%81%AE%E3%81%BF%E3%81%91%E3%81%AB%E3%82%83%E3%82%93" n2="%33%74%72%65%65" n3="%E3%82%A2%E3%83%A1%E3%82%A2%E3%83%A9%E3%83%AC" dan="16,17,16,16" rate="2154.12,2191.24,2108.41,2073.67" sx="M,F,F,M"/><TAIKYOKU oya="0"/><INIT seed="0,0,0,5,0,48" ten="250,250,250,250" oya="0" hai0="98,38,58,3,24,127,69,85,92,96,116,64,31" hai1="16,40,13,103,86,73,104,91,122,6,93,18,130" hai2="33,78,37,68,95,133,80,59,83,52,51,88,115" hai3="118,119,99,0,89,102,55,12,41,76,132,42,82"/><T27/><D116/><U113/><E122/><V77/><F115/><W114/><G114/><T84/><D3/><U121/><E121/><V105/><F105/><W87/><G132/><T44/><D69/><U29/><E130/><V39/><F133/><W21/><G0/><T75/><D75/><U19/><E73/><V60/><F33/><W32/><G32/><T106/><D106/><U30/><E113/><V135/><F135/><W61/><G118/><T8/><D8/><U128/><E128/><V120/><F120/><W108/><G108/><T23/><D127/><U72/><E72/><V100/><F37/><W50/><G61/><N who="0" m="37943" /><D98/><U20/><E40/><V11/><F39/><W107/><G119/><T4/><D4/><U125/><E125/><V67/><F100/><W1/><G1/><T53/><D27/><U56/><E20/><V94/><F11/><W111/><G111/><T49/><D38/><U25/><E25/><V17/><F17/><W74/><G12/><T22/><D22/><U36/><E36/><V15/><F15/><W2/><G2/><T9/><D9/><N who="1" m="4279" /><E104/><V131/><F131/><W109/><G21/><T46/><D46/><U57/><E103/><AGARI ba="0,0" hai="23,24,31,44,49,53,84,85,92,96,103" m="37943" machi="103" ten="30,5800,0" yaku="25,1,8,1,52,1" doraHai="48" who="0" fromWho="1" sc="250,58,250,-58,250,0,250,0" /><INIT seed="0,1,0,2,1,95" ten="308,192,250,250" oya="0" hai0="68,27,109,128,116,61,71,118,124,77,24,133,117" hai1="58,42,125,33,78,35,18,73,107,16,87,127,101" hai2="121,20,80,131,97,55,19,28,49,93,103,76,119" hai3="60,51,10,43,62,25,2,75,0,110,17,6,90"/><T40/><D133/><U83/><E42/><V44/><F121/><W57/><G110/><T105/><D105/><U48/><E73/><V41/><F131/><W74/><G2/><T84/><D128/><U94/><E107/><V114/><F114/><W112/><G62/><T65/><D71/><U21/><E48/><V100/><F119/><W1/><G1/><T122/><D122/><U36/><E58/><V81/><F28/><W66/><G112/><T89/><D124/><N who="1" m="47691" /><E36/><V134/><F134/><W11/><G90/><T23/><D109/><U13/><E18/><V92/><F76/><W106/><G106/><T46/><D77/><U108/><E108/><V104/><F41/><W59/><G59/><T132/><D132/><U32/><E32/><V45/><F45/><W111/><G111/><T86/><D86/><U130/><E130/><V29/><F29/><W47/><G11/><T52/><D40/><U34/><E34/><V72/><F72/><W126/><G126/><T22/><D116/><U115/><E115/><V123/><F123/><W39/><G39/><T85/><D85/><U8/><E8/><V3/><F104/><W54/><G43/><T4/><D117/><U67/><E67/><V91/><F3/><W102/><G74/><T70/><D68/><U63/><E63/><V88/><F80/><W14/><G75/><T38/><D118/><U7/><E7/><V64/><F81/><W99/><G0/><T120/><D120/><U82/><E82/><V96/><F64/><W69/><G69/><T50/><D65/><U15/><E15/><AGARI ba="1,0" hai="15,19,20,44,49,55,88,91,92,93,96,97,100,103" machi="15" ten="30,12000,2" yaku="7,1,9,1,8,1,52,2,54,1" doraHai="95" who="2" fromWho="1" sc="308,0,192,-123,250,123,250,0" /><INIT seed="1,0,0,3,0,13" ten="308,69,373,250" oya="1" hai0="55,134,64,4,42,101,105,76,77,45,73,10,24" hai1="103,29,85,34,102,49,11,111,25,112,113,87,18" hai2="75,31,21,91,70,131,132,15,51,53,52,109,96" hai3="32,124,19,26,7,100,98,56,128,37,44,108,3"/><U125/><E125/><V35/><F109/><W117/><G108/><T104/><D134/><U119/><E119/><V65/><F132/><W130/><G124/><T107/><D101/><U93/><E111/><V1/><F1/><W88/><G117/><T79/><D64/><U129/><E129/><N who="3" m="49770" /><G56/><T120/><D120/><U133/><E133/><V60/><F75/><W47/><G37/><T122/><D122/><U71/><E71/><V17/><F131/><W27/><G27/><T116/><D116/><U0/><E49/><V63/><F63/><W9/><G88/><T86/><D73/><U6/><E102/><V81/><F51/><W67/><G67/><T33/><D55/><U114/><E103/><V59/><F70/><W16/><G32/><T36/><D33/><U115/><N who="1" m="28672" /><DORA hai="61" /><U5/><E5/><V126/><F126/><W40/><G26/><T2/><REACH who="0" step="1"/><D24/><REACH who="0" ten="298,69,373,250" step="2"/><U89/><REACH who="1" step="1"/><E18/><REACH who="1" ten="298,59,373,250" step="2"/><N who="3" m="6698" /><G40/><T92/><D92/><AGARI ba="0,2" hai="3,7,9,44,47,92,98,100" m="6698,49770" machi="92" ten="30,8000,1" yaku="19,1,52,3,54,1" doraHai="13,61" who="3" fromWho="0" sc="298,-80,59,0,373,0,250,100" /><INIT seed="2,0,0,1,0,58" ten="218,59,373,350" oya="2" hai0="84,6,7,75,87,21,12,128,39,124,9,119,59" hai1="129,106,93,1,95,101,132,5,22,20,44,25,116" hai2="117,42,102,47,64,33,107,133,52,98,38,63,13" hai3="49,66,16,36,2,70,57,50,122,54,10,8,71"/><V55/><F117/><W37/><G122/><T99/><D119/><U78/><E44/><V100/><F133/><W123/><G123/><T79/><D128/><U30/><E78/><V14/><F102/><W62/><G71/><T73/><D39/><U40/><E40/><V114/><F114/><W28/><G28/><T130/><D130/><U68/><E93/><V67/><F67/><W127/><G127/><T131/><D131/><U35/><E95/><V24/><F13/><W11/><G2/><T76/><D124/><U88/><E88/><V43/><F43/><W74/><G74/><T17/><D99/><U23/><E101/><V115/><F115/><W29/><G29/><T94/><D75/><U90/><E90/><V53/><F14/><W60/><REACH who="3" step="1"/><G16/><REACH who="3" ten="218,59,373,340" step="2"/><N who="0" m="8207" /><D73/><U31/><E68/><V72/><F72/><W26/><G26/><N who="0" m="14639" /><D6/><U18/><E129/><V19/><F19/><W86/><G86/><N who="0" m="32811" /><D7/><U125/><E125/><V45/><F24/><W97/><G97/><T121/><D121/><U85/><E116/><V4/><F4/><W51/><AGARI ba="0,1" hai="8,10,11,36,37,49,50,51,54,57,60,62,66,70" machi="51" ten="30,7900,0" yaku="1,1,0,1,52,2,53,0" doraHai="58" doraHaiUra="77" who="3" fromWho="3" sc="218,-20,59,-20,373,-39,340,89" /><INIT seed="3,0,0,4,5,30" ten="198,39,334,429" oya="3" hai0="22,51,100,36,78,74,56,55,73,0,129,42,16" hai1="98,32,38,2,64,72,26,117,12,87,13,31,40" hai2="110,101,130,107,21,9,93,127,116,3,124,111,19" hai3="112,134,88,45,54,131,121,46,81,8,99,135,37"/><W33/><G121/><T15/><D129/><U77/><E87/><V62/><F93/><N who="3" m="56743" /><G33/><T5/><D100/><U128/><E98/><V125/><F62/><W69/><G69/><T50/><D36/><U20/><E64/><V115/><F101/><W39/><G112/><T65/><D65/><U97/><E97/><V63/><F63/><W94/><G131/><T70/><D70/><U49/><E49/><V28/><F107/><W67/><G67/><T17/><D78/><U106/><E106/><V95/><F95/><W119/><G119/><T23/><D5/><U90/><E90/><V41/><F41/><W6/><G94/><T7/><D7/><U34/><E128/><V44/><F44/><N who="3" m="17003" /><G54/><T24/><D0/><U48/><E48/><V10/><F130/><W18/><G18/><T123/><D123/><U35/><E117/><V29/><F116/><W82/><G82/><T84/><D42/><U80/><E2/><V132/><F115/><W52/><G52/><T1/><D1/><U76/><REACH who="1" step="1"/><E76/><REACH who="1" ten="198,29,334,429" step="2"/><V109/><F3/><W104/><G104/><T86/><D51/><U113/><E113/><V71/><F71/><W120/><G120/><T96/><D96/><U85/><E85/><V25/><REACH who="2" step="1"/><F132/><REACH who="2" ten="198,29,324,429" step="2"/><N who="3" m="50731" /><G81/><T57/><D86/><U4/><E4/><V47/><F47/><AGARI ba="0,2" hai="12,13,20,26,31,32,34,35,38,40,47,72,77,80" machi="47" ten="40,8000,1" yaku="1,1,52,3,53,0" doraHai="30" doraHaiUra="91" who="1" fromWho="2" sc="198,0,29,100,324,-80,429,0" owari="198,-20.2,129,-37.1,244,4.4,429,52.9" /></mjloggm>