<mjloggm ver="2.3"><GO type="225" lobby="0"/><UN n0="%E3%81%9F%E3%81%A3%E3%81%A1%E3%82%87" n1="%E3%81%9F%E3%81%8C%E3%82%84%E3%81%99" n2="%E6%80%AA%E3%81%97%E3%81%99%E3%81%8E%E3%82%8B%E3%83%81%E3%83%BC" n3="%E5%B6%BA%E4%B8%8A%E5%92%B2" dan="16,16,16,16" rate="2063.94,2131.92,2144.72,2084.72" sx="M,M,M,F"/><TAIKYOKU oya="0"/><INIT seed="0,0,0,4,4,126" ten="250,250,250,250" oya="0" hai0="1,16,125,15,77,123,70,22,90,132,85,30,133" hai1="122,104,51,48,36,27,43,65,96,103,13,3,61" hai2="134,50,28,49,14,69,33,130,42,11,23,124,47" hai3="111,56,73,37,100,87,110,71,58,80,34,55,74"/><T92/><D125/><U39/><E3/><V7/><F69/><W89/><G34/><T76/><D123/><U128/><E122/><V72/><F72/><W91/><G71/><T8/><D70/><U84/><E27/><V95/><F124/><W82/><G37/><T79/><REACH who="0" step="1"/><D30/><REACH who="0" ten="240,250,250,250" step="2"/><U63/><E36/><V75/><F28/><W6/><G110/><T108/><D108/><U129/><E39/><V35/><F134/><W113/><G111/><T18/><D18/><U62/><E65/><V4/><F7/><AGARI ba="0,1" hai="1,7,8,15,16,22,76,77,79,85,90,92,132,133" machi="7" ten="40,3900,0" yaku="1,1,54,1,53,0" doraHai="126" doraHaiUra="78" who="0" fromWho="2" sc="240,49,250,0,250,-39,250,0" /><INIT seed="0,1,0,4,4,42" ten="289,250,211,250" oya="0" hai0="118,24,128,30,132,66,21,36,13,28,64,1,103" hai1="117,32,97,51,121,70,87,9,89,82,111,25,58" hai2="11,35,40,124,63,14,31,26,20,56,12,110,105" hai3="2,75,10,76,67,41,115,134,23,94,83,114,77"/><T102/><D118/><U44/><E70/><V123/><F123/><W50/><G134/><T5/><D36/><U15/><E111/><V4/><F110/><W59/><G76/><T80/><D1/><U73/><E121/><V74/><F74/><W100/><G23/><T37/><D37/><U130/><E130/><V57/><F105/><W127/><G127/><T7/><D132/><U55/><E117/><V60/><F124/><W16/><G67/><N who="0" m="25643" /><D128/><U107/><E73/><V47/><F35/><W95/><G2/><T113/><D113/><U54/><E32/><V120/><F14/><W0/><G0/><T119/><D30/><U90/><E25/><V22/><F22/><W79/><G79/><T17/><D80/><U29/><E29/><V71/><F71/><W109/><G109/><T62/><D62/><N who="2" m="23594" /><F120/><W49/><G49/><AGARI ba="1,0" hai="4,11,12,20,26,31,40,47,49,56,57" m="23594" machi="49" ten="30,2000,0" yaku="8,1,52,1" doraHai="42" who="2" fromWho="3" sc="289,0,250,0,211,23,250,-23" /><INIT seed="1,0,0,4,4,120" ten="289,250,234,227" oya="1" hai0="74,115,4,112,5,6,132,86,122,128,113,135,41" hai1="63,20,92,101,116,21,60,52,87,69,71,104,38" hai2="44,64,82,53,10,102,24,2,105,85,121,33,118" hai3="13,78,35,0,99,117,36,55,32,30,47,127,76"/><U16/><E38/><V48/><F118/><W72/><G127/><T54/><D74/><U130/><E116/><V84/><F121/><W57/><G0/><T88/><D122/><U103/><E104/><V126/><F126/><W3/><G3/><T133/><D54/><U61/><E130/><V124/><F124/><W123/><G123/><T125/><D125/><U108/><E108/><V42/><F64/><W22/><G117/><T114/><D114/><U50/><E21/><V37/><F105/><W31/><G72/><T80/><REACH who="0" step="1"/><D41/><REACH who="0" ten="279,250,234,227" step="2"/><U66/><E66/><V77/><F53/><W25/><G55/><T119/><D119/><U89/><E71/><V15/><F42/><W45/><G57/><T11/><D11/><U27/><E69/><V111/><F10/><W51/><G45/><AGARI ba="0,1" hai="16,20,27,45,50,52,60,61,63,87,89,92,101,103" machi="45" ten="40,7700,0" yaku="8,1,54,2" doraHai="120" who="1" fromWho="3" sc="279,0,250,87,234,0,227,-77" /><INIT seed="1,1,0,5,5,32" ten="279,337,234,150" oya="1" hai0="18,93,65,115,114,66,43,60,6,19,9,117,28" hai1="75,48,52,25,73,80,132,120,99,85,33,31,63" hai2="54,13,98,30,104,56,45,90,121,123,51,127,125" hai3="79,21,7,35,122,16,113,76,112,130,87,97,24"/><U103/><E63/><N who="2" m="36247" /><F30/><W67/><G122/><N who="2" m="46601" /><F13/><W107/><G130/><T42/><D28/><U135/><E120/><V53/><F90/><W47/><G67/><N who="0" m="25611" /><D117/><U92/><E75/><V72/><F72/><W58/><G58/><T41/><D60/><U110/><E73/><V105/><F98/><W1/><G47/><T81/><D114/><U70/><E70/><V126/><AGARI ba="1,0" hai="45,51,53,104,105,125,126,127" m="46601,36247" machi="126" ten="40,1500,0" yaku="18,1" doraHai="32" who="2" fromWho="2" sc="279,-5,337,-8,234,18,150,-5" /><INIT seed="2,0,0,5,0,36" ten="274,329,252,145" oya="2" hai0="117,92,119,78,58,76,94,46,120,35,4,99,105" hai1="34,96,24,83,19,116,131,90,10,16,104,70,125" hai2="56,37,44,3,49,87,84,57,1,115,62,5,100" hai3="130,21,30,77,29,81,80,11,86,79,17,82,39"/><V72/><F72/><W7/><G39/><T111/><D35/><U85/><E70/><V8/><F115/><W20/><G130/><T71/><D4/><U40/><E116/><N who="0" m="44617" /><D71/><U13/><E125/><V133/><F133/><W129/><G129/><T45/><D58/><U124/><E124/><V122/><F122/><W101/><G101/><N who="0" m="62655" /><D120/><U109/><E131/><V107/><F3/><W121/><G121/><T74/><D111/><U123/><E109/><V128/><F128/><W27/><G21/><T33/><D33/><U65/><E65/><V9/><F9/><W47/><G47/><N who="0" m="17931" /><D74/><U113/><E34/><V51/><F37/><W23/><G23/><T68/><D68/><U97/><E10/><V38/><F38/><W98/><G98/><T73/><D73/><U91/><E97/><V112/><F57/><W31/><REACH who="3" step="1"/><G77/><AGARI ba="0,0" hai="76,77,78,92,94" m="17931,62655,44617" machi="77" ten="30,1000,0" yaku="12,1" doraHai="36" who="0" fromWho="3" sc="274,10,329,0,252,0,145,-10" /><INIT seed="3,0,0,4,1,73" ten="284,329,252,135" oya="3" hai0="39,103,78,114,81,99,106,15,17,26,127,86,9" hai1="74,85,13,112,55,125,83,110,80,102,29,68,116" hai2="36,16,126,97,66,134,42,107,61,46,6,48,92" hai3="18,122,117,49,62,44,95,63,57,69,56,19,38"/><W93/><G117/><T135/><D127/><U64/><E29/><V77/><F126/><W100/><G38/><T124/><D124/><U31/><E80/><V10/><F134/><W58/><G122/><T84/><D135/><U28/><E85/><V2/><F107/><W71/><G100/><T120/><D120/><U30/><E83/><V91/><F16/><N who="3" m="6187" /><G49/><T5/><D39/><U108/><E74/><V43/><F77/><W130/><G44/><T88/><D114/><U111/><E102/><V37/><REACH who="2" step="1"/><F42/><REACH who="2" ten="284,329,242,135" step="2"/><W104/><G104/><T79/><REACH who="0" step="1"/><D86/><REACH who="0" ten="274,329,242,135" step="2"/><U52/><E125/><V41/><F41/><W45/><G130/><T87/><D87/><U121/><E121/><V82/><F82/><W14/><G45/><T123/><D123/><U96/><E110/><V53/><F53/><W4/><G4/><T105/><D105/><U118/><E52/><V1/><F1/><W32/><G14/><T89/><D89/><U23/><E13/><V21/><F21/><AGARI ba="0,2" hai="5,9,15,17,21,26,78,79,81,84,88,99,103,106" machi="21" ten="40,8000,1" yaku="1,1,52,2,54,1,53,0" doraHai="73" doraHaiUra="60" who="0" fromWho="2" sc="274,100,329,0,242,-80,135,0" owari="374,47.4,329,12.9,162,-23.8,135,-36.5" /></mjloggm>