<mjloggm ver="2.3"><GO type="225" lobby="0"/><UN n0="%72%65%6E%6B%75%6E" n1="%E6%B8%A9%E2%98%85%E6%83%85%E2%98%85%E6%8E%AA%E2%98%85%E7%BD%AE" n2="%E3%81%BF%E3%81%BF%E3%81%9A" n3="%E3%81%86%E3%81%A9%E3%82%93%E3%81%93" dan="17,18,17,16" rate="2195.96,2213.18,2274.01,2142.29" sx="M,M,M,M"/><TAIKYOKU oya="0"/><INIT seed="0,0,0,3,3,86" ten="250,250,250,250" oya="0" hai0="67,85,73,60,39,99,121,66,127,64,89,84,27" hai1="92,70,44,114,72,1,124,4,8,110,35,132,106" hai2="19,103,13,49,133,131,101,120,54,82,40,26,10" hai3="91,36,37,122,52,32,111,23,129,57,42,17,63"/><T94/><D121/><U61/><RYUUKYOKU type="yao9" ba="0,0" sc="250,0,250,0,250,0,250,0" hai1="1,4,8,35,44,61,70,72,92,106,110,114,124,132" /><INIT seed="0,1,0,3,2,33" ten="250,250,250,250" oya="0" hai0="9,100,7,118,121,84,43,8,93,32,104,114,103" hai1="105,59,116,98,52,130,1,63,22,122,3,53,88" hai2="101,135,18,131,25,115,46,54,126,111,34,56,30" hai3="41,83,74,57,108,82,117,28,14,95,13,10,71"/><T37/><D114/><U35/><E35/><V90/><F115/><W99/><G71/><T133/><D32/><U80/><E116/><V75/><F111/><W45/><G117/><T26/><D118/><U64/><E122/><V16/><F126/><W73/><G108/><T11/><D121/><U23/><E130/><V47/><F131/><W124/><G124/><T109/><D109/><U94/><E105/><V132/><F75/><W68/><G68/><T76/><D26/><U87/><E3/><V67/><F101/><W58/><G28/><T72/><D72/><U60/><E1/><V107/><F107/><W120/><G120/><T0/><D133/><N who="2" m="51274" /><F67/><W55/><G74/><T96/><D103/><U49/><E63/><N who="2" m="36247" /><F90/><W20/><G20/><N who="1" m="7722" /><E49/><V38/><F38/><W91/><G73/><T125/><D125/><U44/><E44/><AGARI ba="1,0" hai="16,18,25,30,34,44,46,47" m="36247,51274" machi="44" ten="30,2000,0" yaku="20,1,54,1" doraHai="33" who="2" fromWho="1" sc="250,0,250,-23,250,23,250,0" /><INIT seed="1,0,0,4,5,14" ten="250,227,273,250" oya="1" hai0="8,135,47,125,110,41,120,106,29,21,35,51,16" hai1="82,113,26,10,59,7,75,28,101,78,9,124,36" hai2="69,52,49,58,126,60,64,62,93,19,76,0,131" hai3="94,133,112,1,56,27,84,95,116,99,71,42,83"/><U20/><E113/><V79/><F126/><W33/><G71/><T109/><D106/><U122/><E124/><V132/><F131/><W17/><G112/><T92/><D125/><U111/><E122/><V44/><F132/><W91/><G133/><T31/><D135/><U23/><E111/><N who="0" m="42505" /><D120/><U50/><E36/><V55/><F0/><W80/><G1/><T85/><D35/><U90/><E101/><V130/><F130/><W108/><G108/><T117/><D8/><U6/><E90/><V32/><F32/><W11/><G116/><T40/><D40/><U54/><REACH who="1" step="1"/><E20/><REACH who="1" ten="250,217,273,250" step="2"/><V2/><F2/><W30/><G33/><T107/><D117/><U77/><E77/><V53/><F79/><W48/><G91/><N who="0" m="53359" /><D107/><U100/><E100/><V70/><F76/><W22/><G22/><T43/><D41/><U89/><E89/><V12/><F93/><W115/><G94/><T37/><D37/><U72/><E72/><V15/><F70/><W57/><G42/><T97/><D97/><U119/><E119/><V129/><F129/><W114/><G99/><T24/><AGARI ba="0,1" hai="16,21,24,29,31,43,47,51" m="53359,42505" machi="24" ten="30,4000,0" yaku="14,1,52,1,54,1" doraHai="14" who="0" fromWho="0" sc="250,50,217,-20,273,-10,250,-10" /><INIT seed="2,0,0,0,5,2" ten="300,197,263,240" oya="2" hai0="33,14,106,34,5,108,90,22,42,19,129,67,11" hai1="38,6,115,81,3,16,69,98,68,65,46,24,77" hai2="95,83,86,119,49,8,111,80,85,94,30,88,57" hai3="96,107,117,122,13,47,28,12,84,53,59,92,31"/><V17/><F119/><W60/><G117/><T113/><D106/><U37/><E115/><V75/><F75/><W79/><G122/><T101/><D101/><U87/><E98/><V102/><F30/><N who="3" m="11307" /><G107/><T56/><D113/><U97/><E97/><V55/><F111/><W109/><G109/><T91/><D108/><U128/><E128/><V132/><F132/><W58/><G47/><T135/><D129/><U48/><E38/><V72/><F72/><W121/><G121/><T0/><D42/><U41/><E65/><V29/><F29/><W118/><G118/><T4/><D135/><U114/><E114/><V103/><F102/><N who="3" m="60679" /><G59/><T63/><REACH who="0" step="1"/><D5/><REACH who="0" ten="290,197,263,240" step="2"/><U131/><E131/><V93/><F103/><W64/><G53/><T44/><D44/><U1/><E37/><V51/><F55/><W10/><G10/><T110/><D110/><U76/><E3/><V45/><F45/><W133/><G133/><T99/><D99/><U89/><E1/><V82/><F57/><W40/><G40/><T70/><D70/><U74/><E69/><V126/><F8/><W50/><G50/><T66/><D66/><U23/><E68/><V32/><F49/><W100/><G100/><T35/><AGARI ba="0,1" hai="0,4,11,14,19,22,33,34,35,56,63,67,90,91" machi="35" ten="30,4000,0" yaku="1,1,0,1,52,1,53,0" doraHai="2" doraHaiUra="116" who="0" fromWho="0" sc="290,50,197,-10,263,-20,240,-10" /><INIT seed="3,0,0,2,3,74" ten="340,187,243,230" oya="3" hai0="120,87,127,81,118,72,106,63,134,93,123,79,82" hai1="102,109,11,95,97,19,2,37,84,36,52,58,94" hai2="68,33,83,9,16,131,89,103,133,128,47,27,99" hai3="108,115,67,38,71,119,49,21,43,91,105,14,29"/><W51/><G119/><T66/><D118/><U132/><E132/><V107/><F68/><W46/><G115/><T39/><D39/><U90/><E109/><V88/><F133/><W80/><G105/><T24/><D106/><U122/><E122/><V12/><F47/><W1/><G1/><T22/><D93/><U23/><E2/><V85/><REACH who="2" step="1"/><F89/><REACH who="2" ten="340,187,233,230" step="2"/><W129/><G91/><T125/><D134/><U73/><E73/><V40/><F40/><W110/><G43/><T45/><D45/><U30/><E30/><AGARI ba="0,1" hai="9,12,16,27,30,33,83,85,88,99,103,107,128,131" machi="30" ten="40,5200,0" yaku="1,1,54,2,53,0" doraHai="74" doraHaiUra="50" who="2" fromWho="1" sc="340,0,187,-52,233,62,230,0" owari="340,44.0,135,-36.5,295,9.5,230,-17.0" /></mjloggm>