<mjloggm ver="2.3"><GO type="225" lobby="0"/><UN n0="%48%61%61%61%6C%61%6E%64" n1="%E3%81%BF%E3%81%BF%E3%81%9A" n2="%E3%81%B5%E3%81%98%E3%81%8B%E3%81%A4" n3="%E5%A4%9C%E3%81%AE%E3%82%AC%E3%82%B9%E3%83%91%E3%83%BC%E3%83%AB" dan="18,17,16,16" rate="2292.95,2231.23,2224.44,2148.16" sx="M,M,M,M"/><TAIKYOKU oya="0"/><INIT seed="0,0,0,2,0,28" ten="250,250,250,250" oya="0" hai0="64,132,12,16,14,86,13,88,1,78,20,95,0" hai1="32,121,102,51,33,98,22,89,92,80,105,135,113" hai2="109,10,26,3,84,99,108,19,129,117,57,59,36" hai3="120,91,7,72,118,61,45,2,50,130,52,133,77"/><T54/><D132/><U73/><E121/><V124/><F36/><W37/><G118/><T25/><D64/><U29/><E135/><V55/><F117/><W115/><G133/><T75/><REACH who="0" step="1"/><D54/><REACH who="0" ten="240,250,250,250" step="2"/><U134/><E134/><V106/><F55/><W60/><G52/><T76/><D76/><N who="1" m="44047" /><E113/><V44/><F108/><W97/><G77/><T96/><D96/><U69/><E69/><V82/><F99/><W49/><G115/><T65/><D65/><U48/><E22/><V23/><F23/><W47/><G97/><T30/><D30/><U101/><E101/><V63/><F109/><W71/><G71/><T24/><D24/><N who="1" m="18471" /><E33/><V85/><F26/><W131/><G130/><T110/><D110/><U41/><E41/><V5/><F129/><W87/><G131/><T122/><D122/><U116/><E116/><V83/><F63/><W93/><G120/><T39/><D39/><U35/><E35/><V17/><F10/><W81/><G37/><T119/><D119/><U74/><E74/><V94/><F44/><W100/><G47/><T9/><D9/><U67/><E67/><V62/><F62/><W43/><G72/><T70/><D70/><U127/><E127/><V4/><F124/><W6/><G61/><T40/><D40/><U53/><E53/><V114/><F114/><W11/><G60/><T112/><D112/><U90/><E90/><V34/><F34/><W15/><G43/><T79/><D79/><U27/><E27/><V38/><F38/><W123/><G123/><T68/><D68/><U58/><E58/><V128/><F59/><W46/><G91/><RYUUKYOKU ba="0,1" sc="240,15,250,15,250,-15,250,-15" hai0="0,1,12,13,14,16,20,25,75,78,86,88,95" hai1="48,51,89,92,98,102,105" /><INIT seed="0,1,1,0,3,40" ten="255,265,235,235" oya="0" hai0="52,115,48,104,120,132,22,28,61,58,41,112,114" hai1="30,0,16,36,66,122,5,39,133,45,134,64,23" hai2="99,60,33,51,79,21,15,9,29,26,18,119,127" hai3="20,87,53,56,118,35,2,14,6,4,10,123,32"/><T129/><D104/><U24/><E122/><V44/><F127/><W57/><G118/><T67/><D120/><U76/><E76/><V54/><F119/><W74/><G123/><T75/><D75/><U90/><E90/><V130/><F130/><W101/><G74/><T105/><D105/><U108/><E108/><V12/><F79/><W55/><G101/><T19/><D129/><U7/><E30/><V50/><F99/><W92/><G4/><N who="1" m="1610" /><E0/><V72/><F72/><W83/><G92/><T107/><D107/><U80/><E80/><V59/><F51/><N who="3" m="30783" /><G35/><T128/><D128/><U97/><E97/><V8/><REACH who="2" step="1"/><F15/><REACH who="2" ten="255,265,225,235" step="2"/><W131/><G131/><T94/><D115/><U27/><E36/><V71/><F71/><W81/><G2/><T98/><D114/><U70/><E70/><V65/><AGARI ba="1,2" hai="8,9,12,18,21,26,29,33,44,50,54,59,60,65" machi="65" ten="20,8000,1" yaku="1,1,0,1,7,1,52,1,53,1" doraHai="40" doraHaiUra="31" who="2" fromWho="2" sc="255,-41,265,-21,225,103,235,-21" /><INIT seed="1,0,0,2,2,40" ten="214,244,328,214" oya="1" hai0="122,71,80,127,16,27,50,130,69,77,44,62,82" hai1="34,100,61,81,23,119,10,98,30,41,28,94,7" hai2="48,42,54,120,6,35,102,86,121,105,97,52,67" hai3="129,12,108,110,74,29,107,84,38,1,106,59,47"/><U43/><E119/><V83/><F35/><W78/><G1/><T125/><D130/><U13/><E34/><V103/><F103/><W57/><G74/><T91/><D122/><U104/><E104/><V131/><F131/><W89/><G129/><T128/><D128/><U9/><E61/><V117/><F117/><W124/><G78/><T95/><D62/><U134/><E134/><V36/><F67/><W85/><G124/><N who="0" m="47691" /><D69/><U96/><E96/><V53/><F6/><W73/><G73/><T2/><D2/><U4/><E81/><V0/><F0/><W118/><G118/><T64/><D64/><U37/><E23/><V92/><F36/><W46/><G38/><T32/><D71/><U63/><E63/><V11/><F11/><W3/><G3/><T79/><D80/><U66/><E66/><V31/><F31/><N who="1" m="11817" /><E37/><V26/><F26/><W123/><G29/><T39/><D82/><U49/><E49/><V72/><F42/><N who="1" m="15881" /><E10/><V45/><F72/><W109/><G123/><T5/><D32/><U111/><E111/><V112/><F105/><W24/><G110/><T132/><D132/><U93/><E94/><V133/><F133/><W22/><G22/><N who="0" m="13767" /><D39/><U15/><E15/><V76/><REACH who="2" step="1"/><F112/><REACH who="2" ten="214,244,318,214" step="2"/><W75/><G75/><T18/><D5/><AGARI ba="0,1" hai="4,5,7,9,13,93,98,100" m="15881,11817" machi="5" ten="30,1500,0" yaku="8,1" doraHai="40" who="1" fromWho="0" sc="214,-15,244,25,318,0,214,0" /><INIT seed="1,1,0,2,5,86" ten="199,269,318,214" oya="1" hai0="89,8,114,76,34,82,22,129,83,2,79,101,102" hai1="20,61,130,25,37,29,13,72,111,7,10,104,68" hai2="51,131,132,27,60,120,133,94,21,28,108,80,16" hai3="119,52,46,92,73,23,1,113,45,100,53,88,65"/><U62/><E72/><V35/><F120/><W134/><G113/><T0/><D34/><U118/><E118/><V117/><F117/><W96/><G1/><T33/><D33/><U125/><E37/><V84/><F131/><W59/><G119/><T32/><D32/><U110/><E130/><V55/><F108/><N who="1" m="41513" /><E125/><V31/><F60/><N who="1" m="23145" /><E104/><V14/><F94/><N who="3" m="58391" /><G73/><T3/><D129/><U38/><E38/><V122/><F122/><W90/><G134/><N who="2" m="51817" /><F35/><W18/><G65/><T127/><D127/><U106/><E106/><V97/><F97/><N who="3" m="57479" /><G90/><T109/><D109/><U17/><E68/><V71/><F71/><W48/><G53/><T75/><D114/><U6/><AGARI ba="1,0" hai="6,7,10,13,17,20,25,29" m="23145,41513" machi="6" ten="30,3000,0" yaku="14,1,10,1" doraHai="86" who="1" fromWho="1" sc="199,-11,269,33,318,-11,214,-11" /><INIT seed="1,2,0,0,4,134" ten="188,302,307,203" oya="1" hai0="96,85,52,84,92,86,127,12,123,44,42,8,19" hai1="65,74,40,15,87,53,9,135,64,117,63,43,116" hai2="100,5,67,23,104,54,103,112,107,30,20,25,110" hai3="37,39,22,119,98,0,121,56,32,125,118,124,55"/><U45/><E74/><V13/><F112/><W105/><G121/><T109/><D123/><U113/><E113/><V130/><F110/><W129/><G32/><T95/><D109/><U80/><E135/><V81/><F130/><W108/><G108/><T27/><D127/><N who="3" m="48713" /><G129/><T72/><D72/><U3/><E3/><V24/><F54/><W97/><G22/><T90/><D27/><U66/><E117/><N who="3" m="44554" /><G0/><T11/><D52/><U94/><E94/><V31/><F67/><W60/><G105/><T46/><D8/><U59/><E116/><V126/><F126/><W6/><G6/><T120/><D120/><U57/><E57/><V69/><F5/><W17/><G17/><T77/><D77/><N who="1" m="46479" /><E45/><N who="0" m="17513" /><D42/><U79/><E79/><V88/><F107/><W71/><G71/><T47/><N who="0" m="17521" /><T70/><DORA hai="89" /><D70/><U4/><AGARI ba="2,0" hai="4,9,15,40,43,53,59,63,64,65,66" m="46479" machi="4" ten="30,1500,0" yaku="8,1" doraHai="134,89" who="1" fromWho="1" sc="188,-7,302,21,307,-7,203,-7" /><INIT seed="1,3,0,3,2,59" ten="181,323,300,196" oya="1" hai0="123,116,35,71,16,105,33,131,64,48,58,57,27" hai1="14,120,38,119,23,8,106,29,101,129,53,135,124" hai2="130,132,45,54,93,28,72,118,80,84,32,40,37" hai3="83,65,6,60,87,67,11,9,26,0,95,19,66"/><U127/><E119/><V76/><F118/><W112/><G112/><T128/><D116/><U20/><E120/><V7/><F132/><W43/><G43/><T91/><D123/><U4/><E38/><V51/><F130/><N who="0" m="49706" /><D105/><U81/><E129/><V133/><F7/><W92/><G95/><T77/><D77/><U75/><E135/><V107/><F107/><W114/><G92/><T1/><D1/><U103/><E53/><V55/><F133/><W82/><G114/><T47/><D91/><U88/><E75/><V17/><F17/><W24/><G83/><T98/><D98/><U22/><E29/><V42/><F42/><W85/><G85/><T61/><D33/><U102/><REACH who="1" step="1"/><E106/><REACH who="1" ten="181,313,300,196" step="2"/><V99/><F37/><W89/><G67/><T12/><D35/><U117/><E117/><V52/><F32/><W121/><G66/><T2/><D2/><U49/><E49/><V46/><F28/><W109/><G121/><T104/><D104/><U63/><E63/><V122/><F122/><W39/><G39/><T97/><D61/><U68/><E68/><V36/><F72/><W25/><G60/><T10/><D64/><U100/><N who="1" m="25600" /><DORA hai="78" /><U56/><E56/><V79/><F36/><W31/><G65/><T41/><D71/><U86/><AGARI ba="3,1" hai="4,8,14,20,22,23,81,86,88,124,127" m="25600" machi="86" ten="50,12000,1" yaku="1,1,0,1,52,1,54,1,53,0" doraHai="59,78" doraHaiUra="90,21" who="1" fromWho="1" sc="181,-43,313,139,300,-43,196,-43" /><INIT seed="1,4,0,5,4,82" ten="138,452,257,153" oya="1" hai0="3,81,131,74,42,4,135,37,0,46,54,120,115" hai1="76,86,38,5,83,62,29,112,134,126,107,33,44" hai2="96,52,65,34,125,35,105,50,79,69,117,91,93" hai3="129,121,88,15,61,90,119,113,36,49,8,94,19"/><U106/><E112/><V60/><F117/><W84/><G113/><T45/><D115/><U124/><E134/><V40/><F125/><N who="1" m="48233" /><E5/><V10/><F79/><W16/><G36/><T13/><D135/><U28/><E62/><V66/><F66/><W2/><G2/><T75/><D131/><U55/><E55/><V114/><F114/><W57/><G121/><T102/><D120/><U18/><E18/><V58/><F40/><W6/><G129/><T108/><D108/><U99/><E99/><V43/><F105/><N who="1" m="39945" /><E33/><V26/><F26/><W104/><G104/><T109/><D109/><U17/><E17/><V39/><REACH who="2" step="1"/><F10/><REACH who="2" ten="138,452,247,153" step="2"/><W98/><G119/><T20/><D42/><AGARI ba="4,1" hai="28,29,38,42,44,76,83,86" m="39945,48233" machi="42" ten="30,2900,0" yaku="18,1,52,1" doraHai="82" who="1" fromWho="0" sc="138,-41,452,51,247,0,153,0" /><INIT seed="1,5,0,1,3,103" ten="97,503,247,153" oya="1" hai0="69,61,84,39,58,3,48,82,43,27,104,52,94" hai1="98,125,55,135,53,11,86,130,63,33,118,10,51" hai2="95,18,5,67,1,16,102,28,111,20,44,40,62" hai3="35,57,131,110,12,22,0,90,7,89,59,99,101"/><U50/><E118/><V23/><F111/><W133/><G35/><T85/><D3/><U14/><E33/><V36/><F1/><W83/><G110/><T132/><D132/><U114/><E114/><V88/><F5/><W79/><G133/><T65/><D104/><U124/><E135/><V30/><F102/><W25/><G0/><T119/><D119/><U4/><E130/><V31/><F20/><W72/><G131/><T108/><D108/><U56/><E98/><V75/><F75/><W112/><G112/><T80/><D27/><U66/><E86/><N who="0" m="33385" /><D94/><U97/><E97/><N who="2" m="57575" /><F36/><W32/><G32/><T47/><AGARI ba="5,0" hai="39,43,47,48,52,58,61,65,69,80,82" m="33385" machi="47" ten="30,2000,0" yaku="24,1,54,1" doraHai="103" who="0" fromWho="0" sc="97,35,503,-15,247,-10,153,-10" /><INIT seed="2,0,0,4,4,124" ten="132,488,237,143" oya="2" hai0="52,76,65,29,87,117,5,122,47,75,44,81,24" hai1="121,73,115,101,43,18,133,129,106,54,68,120,28" hai2="23,32,97,118,38,6,30,59,48,33,132,4,7" hai3="51,15,37,36,53,123,56,31,62,12,107,1,13"/><V128/><F38/><W67/><G123/><T83/><D122/><U20/><E68/><V42/><F118/><W64/><G1/><T114/><D114/><U61/><E73/><V14/><F97/><W93/><G107/><T98/><D117/><U96/><E43/><V60/><F132/><W135/><G135/><T131/><D131/><U25/><E129/><V100/><F100/><W58/><G31/><T49/><D65/><U78/><E78/><V84/><F84/><W39/><REACH who="3" step="1"/><G93/><REACH who="3" ten="132,488,237,133" step="2"/><T41/><D5/><U50/><E133/><V0/><F30/><W57/><G57/><T74/><D98/><U26/><E115/><V130/><F59/><W82/><G82/><T69/><D83/><U112/><E112/><V3/><F7/><W113/><G113/><T55/><D69/><U11/><E61/><V70/><F60/><W105/><G105/><T94/><D94/><U103/><E103/><V111/><F70/><W126/><G126/><T86/><D86/><U109/><E109/><V89/><F6/><W72/><G72/><T16/><D29/><U85/><E85/><V45/><F4/><W46/><G46/><T22/><REACH who="0" step="1"/><D55/><AGARI ba="0,1" hai="12,13,15,36,37,39,51,53,55,56,58,62,64,67" machi="55" ten="50,1600,0" yaku="1,1,53,0" doraHai="124" doraHaiUra="66" who="3" fromWho="0" sc="132,-16,488,0,237,0,133,26" /><INIT seed="3,0,0,4,0,123" ten="116,488,237,159" oya="3" hai0="95,93,88,4,106,6,100,40,99,115,22,24,27" hai1="39,117,63,71,118,83,17,53,94,129,51,78,74" hai2="110,81,30,42,2,60,20,101,59,28,105,104,108" hai3="82,102,7,135,132,44,52,119,21,36,109,64,76"/><W90/><G119/><N who="1" m="45578" /><E129/><V103/><F2/><W70/><G7/><T58/><D115/><U124/><E124/><V10/><F42/><W45/><G102/><T120/><D120/><U43/><E39/><V113/><F10/><W107/><G107/><T49/><D106/><U127/><E127/><V69/><F81/><W37/><G90/><T12/><D12/><U79/><E79/><V75/><F59/><W84/><G21/><T46/><D58/><N who="1" m="35279" /><E71/><V116/><F20/><W0/><G0/><T66/><D66/><U121/><E121/><V133/><F133/><N who="3" m="51275" /><G45/><T18/><REACH who="0" step="1"/><D27/><REACH who="0" ten="106,488,237,159" step="2"/><U9/><E17/><V38/><F105/><W126/><G126/><T41/><D41/><U3/><E94/><V13/><F104/><W87/><G64/><T31/><D31/><U91/><E91/><V128/><F30/><W61/><G70/><T80/><D80/><U68/><E68/><V8/><F69/><W29/><G29/><T56/><D56/><U47/><E9/><V35/><F28/><W5/><G82/><T77/><D77/><N who="1" m="44471" /><E3/><V125/><F125/><W55/><G76/><T16/><D16/><U19/><E78/><V34/><F8/><W67/><G67/><T111/><D111/><U96/><E19/><V92/><F110/><W11/><G109/><T98/><AGARI ba="0,1" hai="4,6,18,22,24,40,46,49,88,93,95,98,99,100" machi="98" ten="20,8000,1" yaku="1,1,0,1,7,1,8,1,54,1,53,0" doraHai="123" doraHaiUra="32" who="0" fromWho="0" sc="106,90,488,-20,237,-20,159,-40" owari="196,-20.4,468,56.8,217,1.7,119,-38.1" /></mjloggm>