<mjloggm ver="2.3"><GO type="225" lobby="0"/><UN n0="%E3%81%A9%E3%82%8F%E3%82%93%E3%81%94" n1="%E4%B8%AD%E5%B9%B4%E3%81%AE%E5%8D%B1%E6%A9%9F" n2="%E3%81%99%E3%81%84%E3%81%BE%E3%81%9B%E3%83%BC%E3%82%93" n3="%E3%81%A6%E3%81%A4%EF%BC%A3" dan="16,16,16,16" rate="2165.73,2123.39,2134.53,2092.83" sx="M,M,M,M"/><TAIKYOKU oya="0"/><INIT seed="0,0,0,5,1,48" ten="250,250,250,250" oya="0" hai0="119,101,33,5,44,60,116,58,122,42,123,88,102" hai1="25,6,93,90,126,115,23,19,121,97,124,28,134" hai2="11,100,55,13,103,99,135,82,95,74,86,45,107" hai3="12,70,62,3,106,46,81,109,22,63,52,75,113"/><T1/><D33/><U20/><E121/><N who="0" m="46089" /><D5/><U4/><E134/><V26/><F135/><W59/><G106/><T120/><D1/><U15/><REACH who="1" step="1"/><E115/><REACH who="1" ten="250,240,250,250" step="2"/><V77/><F107/><W85/><G113/><T78/><D120/><U108/><E108/><V72/><F72/><W67/><G109/><T7/><D119/><U0/><E0/><V111/><F74/><W39/><G3/><T105/><D116/><U112/><E112/><V35/><F111/><W91/><G75/><T41/><D105/><U14/><E14/><V89/><F35/><W10/><G39/><T76/><D102/><U96/><E96/><V27/><F103/><W94/><G22/><T37/><D101/><U2/><E2/><V92/><F100/><W98/><G98/><T34/><D34/><U31/><E31/><V18/><F95/><W17/><REACH who="3" step="1"/><G46/><REACH who="3" ten="250,240,250,240" step="2"/><T80/><D44/><U40/><E40/><V53/><F45/><W8/><G8/><T43/><D42/><U131/><E131/><V73/><F73/><W129/><G129/><T71/><D43/><U54/><E54/><AGARI ba="0,2" hai="11,13,18,26,27,53,54,55,77,82,86,89,92,99" machi="54" ten="40,8000,1" yaku="8,1,52,3" doraHai="48" who="2" fromWho="1" sc="250,0,240,-80,250,100,240,0" /><INIT seed="1,0,0,0,2,112" ten="250,160,350,240" oya="1" hai0="94,110,47,32,44,63,108,117,109,103,57,15,39" hai1="36,74,92,129,93,10,67,20,113,111,77,122,8" hai2="76,90,17,46,33,48,61,51,91,100,87,123,64" hai3="59,40,62,89,125,134,21,75,49,26,1,99,2"/><U18/><E113/><V65/><F33/><W11/><G75/><T4/><D32/><U72/><E122/><V24/><F123/><W19/><G134/><T101/><D117/><U82/><E36/><V130/><F130/><W6/><G125/><T14/><D94/><U68/><E74/><V84/><F100/><N who="0" m="38474" /><D4/><U121/><E121/><V41/><F51/><W114/><G114/><T50/><D39/><U115/><E115/><V13/><F24/><W116/><G1/><T120/><D120/><U16/><E129/><V52/><F41/><W56/><G56/><T12/><D50/><U42/><E42/><V133/><F133/><W5/><G5/><T35/><D35/><U3/><E111/><V54/><F54/><AGARI ba="0,0" hai="12,14,15,44,47,54,57,63,108,109,110" m="38474" machi="54" ten="40,1300,0" yaku="14,1" doraHai="112" who="0" fromWho="2" sc="250,13,160,0,350,-13,240,0" /><INIT seed="2,0,0,3,3,59" ten="263,160,337,240" oya="2" hai0="121,112,127,111,66,135,105,91,119,45,4,61,79" hai1="89,133,28,29,41,124,93,65,0,110,16,40,35" hai2="108,118,44,70,25,7,92,98,83,109,18,103,107" hai3="1,2,85,100,81,84,11,52,31,97,129,13,73"/><V130/><F118/><W33/><G129/><T27/><D121/><U78/><E0/><V72/><F130/><W21/><G73/><T42/><D112/><U17/><E78/><N who="2" m="44487" /><F70/><W122/><G33/><T50/><D105/><U69/><E124/><V32/><F7/><W123/><G85/><T43/><D111/><N who="2" m="42570" /><F44/><W55/><G1/><T8/><D45/><U57/><E69/><V49/><F49/><W80/><G2/><T113/><D50/><U56/><E35/><V9/><F9/><W106/><G80/><T68/><D8/><U82/><E110/><V14/><F14/><W46/><G46/><T6/><D4/><U117/><E82/><V47/><F47/><W36/><G36/><T115/><D6/><U15/><E133/><V88/><F18/><N who="1" m="7273" /><E15/><V131/><F131/><W24/><G123/><T64/><D135/><U38/><E57/><V114/><F114/><W37/><G37/><T99/><D115/><U12/><E12/><V30/><F107/><W104/><G106/><T134/><D68/><U19/><N who="1" m="7281" /><U86/><DORA hai="58" /><E117/><V102/><AGARI ba="0,0" hai="25,30,32,88,92,98,102,103" m="42570,44487" machi="102" ten="30,6000,0" yaku="14,1,10,1,54,1" doraHai="59,58" who="2" fromWho="2" sc="263,-20,160,-20,337,60,240,-20" /><INIT seed="2,1,0,0,0,30" ten="243,140,397,220" oya="2" hai0="55,90,27,56,117,123,44,101,64,40,114,77,7" hai1="11,134,74,43,2,48,72,110,29,5,96,26,21" hai2="42,28,62,118,67,22,116,24,70,68,111,66,80" hai3="135,25,41,31,33,79,52,14,127,129,65,93,119"/><V122/><F122/><W121/><G121/><T128/><D123/><U109/><E134/><V133/><F133/><W39/><G135/><T95/><D114/><U54/><E43/><V105/><F105/><W78/><G119/><T87/><D128/><U75/><REACH who="1" step="1"/><E96/><REACH who="1" ten="243,130,397,220" step="2"/><V97/><F42/><W115/><G129/><T37/><D40/><U73/><N who="1" m="18432" /><DORA hai="99" /><U84/><E84/><V76/><F97/><W113/><G113/><T71/><D87/><U53/><E53/><V112/><F112/><W98/><G52/><T104/><D55/><U58/><AGARI ba="1,1" hai="2,5,11,21,26,29,48,54,58,109,110" m="18432" machi="58" ten="60,7900,0" yaku="1,1,0,1,53,1" doraHai="30,99" doraHaiUra="130,19" who="1" fromWho="1" sc="243,-21,130,92,397,-40,220,-21" /><INIT seed="3,0,0,0,4,130" ten="222,222,357,199" oya="3" hai0="35,99,83,7,121,23,34,118,82,52,26,106,103" hai1="8,18,127,125,120,114,55,94,56,100,6,14,90" hai2="28,46,51,21,39,32,77,88,13,93,129,133,47" hai3="113,126,54,107,27,25,0,78,109,9,123,102,76"/><W58/><G123/><T84/><D118/><U104/><E120/><V42/><F129/><W53/><G113/><T68/><D121/><U101/><E104/><V91/><F133/><W37/><G37/><T72/><D68/><U43/><E43/><V40/><F77/><W98/><G126/><N who="1" m="48138" /><E6/><V132/><F132/><W44/><G109/><T65/><D65/><U11/><E11/><V20/><F91/><W49/><G76/><T116/><D116/><U38/><E38/><V61/><F61/><W1/><G78/><T89/><D72/><U66/><E66/><V71/><F71/><W15/><G0/><T119/><D7/><U5/><E5/><V128/><F128/><W86/><G86/><T59/><D83/><U97/><E114/><V112/><F112/><W62/><REACH who="3" step="1"/><G1/><REACH who="3" ten="222,222,357,189" step="2"/><T64/><D119/><U115/><E115/><V85/><F85/><W74/><G74/><T80/><D80/><U131/><E131/><V10/><F39/><W19/><AGARI ba="0,1" hai="9,15,19,25,27,44,49,53,54,58,62,98,102,107" machi="19" ten="20,3900,0" yaku="1,1,0,1,7,1,53,0" doraHai="130" doraHaiUra="60" who="3" fromWho="3" sc="222,-13,222,-13,357,-13,189,49" /><INIT seed="3,1,0,4,5,39" ten="209,209,344,238" oya="3" hai0="124,79,126,38,17,98,32,82,41,51,112,96,107" hai1="62,58,5,77,25,86,59,118,108,9,19,50,130" hai2="52,23,47,22,7,44,76,109,119,43,101,87,128" hai3="89,91,27,24,0,80,61,57,37,10,95,102,122"/><W73/><G122/><T36/><D32/><U88/><E118/><V31/><F119/><W120/><G120/><T3/><D3/><U13/><E130/><V72/><F72/><W49/><G37/><N who="0" m="14443" /><D17/><U48/><E77/><V63/><F109/><W6/><G73/><N who="0" m="43375" /><D107/><U110/><E110/><V20/><F101/><W64/><G49/><N who="1" m="19050" /><E108/><V133/><F133/><W81/><G102/><T21/><D21/><N who="1" m="13503" /><E62/><V46/><F7/><W16/><G89/><T26/><D26/><U55/><E55/><V30/><F128/><W131/><G131/><T68/><D68/><U117/><E117/><V132/><F132/><W106/><G106/><T114/><D98/><U70/><E70/><V11/><F11/><W35/><G27/><T100/><D96/><U14/><E14/><V97/><F97/><W18/><G18/><T45/><D100/><U84/><E84/><V69/><F69/><W127/><G24/><T42/><D42/><U75/><E75/><V56/><F43/><W74/><G35/><T134/><D134/><U12/><E12/><V67/><F67/><W1/><G74/><T2/><D2/><U90/><E90/><V28/><F28/><W115/><G0/><T60/><D60/><U111/><E111/><V83/><AGARI ba="1,0" hai="20,22,23,30,31,44,46,47,52,56,63,76,83,87" machi="83" ten="40,5200,0" yaku="0,1,8,1,54,1" doraHai="39" who="2" fromWho="2" sc="209,-14,209,-14,344,55,238,-27" owari="195,-20.5,195,-30.5,399,49.9,211,1.1" /></mjloggm>