<mjloggm ver="2.3"><GO type="225" lobby="0"/><UN n0="%E8%B6%85%E7%B4%9A%E9%B3%B3%E5%87%B0" n1="%E6%98%93%E5%88%A9%E8%96%A9%E4%BC%AF" n2="%E3%81%B2%E3%81%AA%E3%81%AE%E3%82%8A%E3%81%8F" n3="%E5%91%A8%E6%9D%B1" dan="16,16,17,17" rate="2203.32,2102.43,2167.04,2186.14" sx="F,F,M,M"/><TAIKYOKU oya="0"/><INIT seed="0,0,0,4,3,111" ten="250,250,250,250" oya="0" hai0="60,126,40,55,113,8,128,61,106,66,24,71,19" hai1="102,86,109,35,110,38,80,116,44,26,97,75,100" hai2="81,23,123,3,134,63,70,10,68,94,131,67,87" hai3="1,120,130,76,135,14,78,103,115,62,107,64,16"/><T104/><D128/><U22/><E75/><V117/><F123/><W122/><G1/><T52/><D126/><U65/><E116/><V129/><F117/><W56/><G130/><N who="2" m="49673" /><F134/><W95/><G107/><T101/><D40/><U74/><E74/><V49/><F94/><W132/><G115/><T5/><D101/><U45/><E35/><V83/><F70/><W27/><G27/><T9/><D61/><U34/><E34/><V112/><F112/><W20/><G103/><T25/><D113/><U96/><E65/><V99/><F99/><W114/><G114/><T48/><D24/><U42/><E45/><V90/><F49/><W37/><G95/><T53/><D48/><U15/><E15/><V91/><F23/><W29/><G29/><T32/><D8/><U133/><E133/><N who="3" m="51274" /><G37/><T89/><D19/><U82/><E102/><V118/><F118/><W41/><G41/><T88/><D106/><U92/><E97/><V84/><F10/><W127/><G127/><T73/><D104/><U57/><E57/><V7/><F7/><W85/><G85/><T59/><D73/><U28/><REACH who="1" step="1"/><E86/><REACH who="1" ten="250,240,250,250" step="2"/><V43/><F43/><W47/><G47/><T4/><D59/><U13/><E13/><V108/><F108/><AGARI ba="0,1" hai="22,26,28,38,42,44,80,82,92,96,100,108,109,110" machi="108" ten="40,2600,0" yaku="1,1,14,1,53,0" doraHai="111" doraHaiUra="72" who="1" fromWho="2" sc="250,0,240,36,250,-26,250,0" /><INIT seed="1,0,0,0,0,36" ten="250,276,224,250" oya="1" hai0="73,64,114,96,46,10,128,4,129,135,103,127,70" hai1="77,90,6,35,69,39,106,92,101,34,119,108,85" hai2="62,50,43,66,107,79,117,130,19,100,91,95,47" hai3="22,98,83,72,115,33,124,126,55,74,68,105,45"/><U132/><E119/><V116/><F130/><N who="0" m="50282" /><D114/><U84/><E69/><V80/><F100/><N who="3" m="62615" /><G33/><T38/><D73/><U11/><E132/><V78/><F107/><W67/><G68/><T75/><D75/><U112/><E112/><V15/><F80/><W23/><G67/><T54/><D135/><U12/><E108/><V29/><F29/><W111/><G115/><T121/><D127/><N who="3" m="48681" /><G111/><T89/><D121/><U17/><E39/><V82/><F82/><W28/><G28/><T109/><D109/><U58/><E77/><V56/><F117/><W41/><G55/><T63/><D89/><U1/><E85/><N who="2" m="52719" /><F116/><W27/><G27/><T16/><D38/><U134/><E134/><V51/><F51/><N who="3" m="27055" /><G74/><T59/><D46/><U37/><E37/><V53/><F53/><W49/><G49/><T14/><D54/><U125/><E125/><V122/><F122/><W65/><G65/><T113/><D113/><U48/><E101/><V9/><AGARI ba="0,0" hai="9,15,19,43,47,50,56,62,66,78,79" m="52719" machi="9" ten="30,2000,0" yaku="8,1,52,1" doraHai="36" who="2" fromWho="2" sc="250,-5,276,-10,224,20,250,-5" /><INIT seed="2,0,0,1,2,13" ten="245,266,244,245" oya="2" hai0="112,98,106,111,1,104,28,4,9,0,62,63,35" hai1="127,134,115,25,43,48,128,2,50,65,91,29,130" hai2="22,129,100,18,58,74,38,120,8,24,67,10,61" hai3="54,122,37,23,119,26,57,12,102,55,77,109,89"/><V70/><F120/><W82/><G119/><T45/><D112/><U52/><E115/><V51/><F38/><W64/><G37/><T79/><D111/><U6/><E127/><V72/><F129/><N who="1" m="49769" /><E65/><V11/><F100/><W15/><G109/><T16/><D79/><U108/><E134/><V75/><REACH who="2" step="1"/><F51/><REACH who="2" ten="245,266,234,245" step="2"/><W56/><G102/><T131/><D131/><U118/><E50/><V105/><F105/><W7/><G122/><T17/><D106/><U86/><E108/><V33/><F33/><W125/><G125/><T78/><D35/><U80/><E48/><V92/><F92/><W66/><G82/><T135/><D104/><U20/><E80/><V101/><F101/><W121/><G121/><T68/><D135/><U47/><E118/><V84/><F84/><W31/><G7/><T103/><D4/><U53/><E6/><V42/><F42/><W87/><G87/><T69/><D98/><U41/><E41/><V60/><F60/><W14/><G77/><T88/><D78/><U99/><E86/><V5/><F5/><W40/><G40/><T44/><D62/><U126/><E126/><V133/><F133/><W49/><G89/><T21/><D63/><AGARI ba="0,1" hai="12,14,15,23,26,31,49,54,55,56,57,63,64,66" machi="63" ten="40,1300,0" yaku="8,1" doraHai="13" who="3" fromWho="0" sc="245,-13,266,0,234,0,245,23" /><INIT seed="3,0,0,3,0,134" ten="232,266,234,268" oya="3" hai0="3,16,103,17,53,104,120,42,49,30,118,80,27" hai1="119,128,50,60,24,32,69,133,93,47,43,20,121" hai2="90,78,15,31,68,48,54,95,28,100,84,9,21" hai3="51,56,122,13,45,14,108,114,6,92,1,135,2"/><W91/><G122/><T97/><D120/><U7/><E121/><V79/><F68/><W46/><G114/><T125/><D3/><U116/><E133/><V19/><F100/><W65/><G135/><T18/><D118/><U26/><E128/><V106/><F106/><W38/><G108/><T89/><D125/><U59/><E69/><V40/><F40/><W131/><G131/><T58/><D42/><U35/><E7/><V117/><F117/><N who="1" m="45129" /><E93/><V72/><F72/><W64/><G38/><T85/><REACH who="0" step="1"/><D18/><REACH who="0" ten="222,266,234,268" step="2"/><N who="1" m="12311" /><E26/><N who="2" m="16463" /><F31/><W36/><G1/><T126/><D126/><U102/><E102/><V5/><F5/><W130/><G2/><T109/><D109/><U123/><E123/><V132/><F132/><W105/><G6/><T75/><D75/><U62/><E62/><V52/><F54/><AGARI ba="0,1" hai="32,35,43,47,50,54,59,60" m="12311,45129" machi="54" ten="30,1000,0" yaku="12,1" doraHai="134" who="1" fromWho="2" sc="222,0,266,20,234,-10,268,0" /><INIT seed="4,0,0,1,3,76" ten="222,286,224,268" oya="0" hai0="8,13,2,53,46,92,3,24,72,56,98,97,89" hai1="104,35,23,10,18,99,52,36,125,121,49,101,96" hai2="75,25,110,94,129,87,54,5,41,81,71,115,102" hai3="62,90,60,6,17,40,38,107,66,112,85,105,73"/><T34/><D72/><U55/><E36/><V135/><F110/><W4/><G73/><T119/><D119/><U43/><E35/><V100/><F75/><W70/><G112/><T31/><D46/><N who="1" m="25823" /><E104/><V0/><F71/><W61/><G107/><T106/><D98/><N who="1" m="37419" /><E121/><V120/><F120/><W45/><G105/><T117/><D106/><U1/><E1/><V88/><F115/><W132/><G132/><T95/><D95/><U126/><E10/><V51/><F135/><W48/><G38/><T9/><D117/><U128/><E128/><V134/><F41/><W30/><G30/><T22/><D34/><U109/><E109/><V118/><F134/><W83/><G70/><T44/><D44/><U124/><E101/><V122/><F122/><W74/><G66/><T82/><D82/><U39/><E39/><V57/><F129/><W32/><G32/><T108/><D108/><U29/><E29/><V116/><F116/><W42/><G42/><T63/><REACH who="0" step="1"/><D9/><REACH who="0" ten="212,286,224,268" step="2"/><U12/><AGARI ba="0,1" hai="12,18,23,52,55,124,125,126" m="37419,25823" machi="12" ten="40,2700,0" yaku="18,1,54,1" doraHai="76" who="1" fromWho="1" sc="212,-13,286,37,224,-7,268,-7" owari="199,-30.1,323,42.3,217,-18.3,261,6.1" /></mjloggm>