<mjloggm ver="2.3"><GO type="225" lobby="0"/><UN n0="%E3%81%B5%E3%81%98%E3%81%8B%E3%81%A4" n1="%48%61%61%61%6C%61%6E%64" n2="%77%72%77%72%77%72%77%72" n3="%E9%B3%B3%E6%9D%B1%E3%81%AE%E3%81%BF%E3%81%91%E3%81%AB%E3%82%83%E3%82%93" dan="16,18,16,17" rate="2205.58,2284.45,2216.26,2187.78" sx="M,M,M,F"/><TAIKYOKU oya="0"/><INIT seed="0,0,0,3,4,31" ten="250,250,250,250" oya="0" hai0="47,39,65,15,78,91,74,57,54,101,119,63,49" hai1="0,114,45,106,3,26,73,29,104,30,110,71,96" hai2="75,35,58,124,50,129,135,85,105,117,93,82,100" hai3="134,98,16,108,67,107,20,4,76,99,69,109,55"/><T18/><D119/><U116/><E116/><V83/><F117/><W90/><G134/><T103/><D74/><U97/><E110/><N who="3" m="42602" /><G76/><T133/><D78/><U59/><E71/><V112/><F135/><W66/><G4/><T9/><D133/><U86/><E73/><V42/><F112/><W38/><G38/><T13/><D39/><U8/><E114/><V126/><F105/><W46/><G69/><T11/><REACH who="0" step="1"/><D91/><REACH who="0" ten="240,250,250,250" step="2"/><U23/><E106/><V128/><F75/><W56/><G90/><T68/><D68/><U10/><E104/><V33/><F126/><W102/><G107/><T95/><D95/><U12/><E0/><V127/><F93/><W61/><G102/><T125/><D125/><N who="2" m="48202" /><F100/><W1/><G99/><T87/><D87/><U52/><E86/><V36/><F36/><W130/><G98/><T43/><D43/><U51/><E96/><V132/><F132/><W79/><G79/><T41/><D41/><U111/><E97/><V72/><F72/><W122/><G1/><T118/><D118/><U53/><E111/><V48/><F82/><W121/><G121/><T70/><D70/><U37/><E37/><V62/><F42/><W5/><G122/><T14/><D14/><U131/><E3/><V19/><F85/><W94/><G94/><T89/><D89/><U34/><E12/><V88/><F88/><W24/><G130/><T22/><D22/><U40/><E131/><V113/><F83/><W17/><G20/><T84/><D84/><U32/><E23/><V28/><F129/><W44/><G24/><T2/><D2/><U64/><E26/><RYUUKYOKU ba="0,1" sc="240,30,250,-10,250,-10,250,-10" hai0="9,11,13,15,18,47,49,54,57,63,65,101,103" /><INIT seed="0,1,1,3,3,115" ten="270,240,240,240" oya="0" hai0="81,6,93,84,95,106,85,23,45,104,109,122,17" hai1="112,46,87,89,118,39,10,48,53,71,58,31,91" hai2="12,98,56,66,110,8,18,114,90,100,37,22,77" hai3="19,64,42,82,43,40,7,44,83,50,54,101,29"/><T79/><D6/><U116/><E112/><V96/><F114/><W65/><G29/><T68/><D68/><U62/><E31/><V0/><F37/><W80/><G7/><T26/><D122/><U21/><E21/><V34/><F34/><W69/><G69/><T124/><D124/><U132/><E132/><V47/><F110/><W32/><G32/><T49/><D109/><U70/><E10/><V133/><F133/><W13/><REACH who="3" step="1"/><G101/><REACH who="3" ten="270,240,240,230" step="2"/><T78/><D106/><U9/><E70/><V2/><F100/><W61/><G61/><T92/><D104/><U99/><E71/><V117/><F0/><W52/><G52/><N who="0" m="29743" /><D78/><U94/><E39/><V107/><F77/><W75/><G75/><T3/><D3/><U128/><E128/><V119/><F107/><W38/><G38/><T33/><D33/><U57/><E62/><V108/><F108/><W25/><G25/><T36/><D36/><U86/><E53/><V105/><F105/><W41/><N who="3" m="10240" /><DORA hai="30" /><W72/><G72/><T5/><D5/><U28/><E28/><V15/><F2/><W121/><G121/><T127/><D127/><U63/><E63/><V51/><F66/><W123/><G123/><T126/><D126/><U55/><E55/><V113/><F113/><W130/><G130/><T125/><D125/><U102/><E102/><V88/><F15/><W11/><AGARI ba="1,2" hai="11,13,19,44,50,54,64,65,80,82,83" m="10240" machi="11" ten="50,6400,0" yaku="1,1,0,1,8,1,53,0" doraHai="115,30" doraHaiUra="16,20" who="3" fromWho="3" sc="270,-33,240,-17,240,-17,230,87" /><INIT seed="1,0,0,1,3,129" ten="237,223,223,317" oya="1" hai0="119,82,113,59,115,109,126,48,72,106,125,128,84" hai1="18,121,51,2,96,12,111,78,134,97,80,89,21" hai2="86,58,15,91,40,79,35,27,63,4,60,32,132" hai3="54,34,77,133,100,25,64,6,74,118,38,39,87"/><U65/><E121/><V68/><F79/><W66/><G74/><T76/><D48/><U5/><E111/><V0/><F0/><W37/><G100/><T43/><D43/><U114/><E114/><V102/><F102/><W116/><G6/><T67/><D59/><U69/><E134/><V7/><F132/><W11/><G11/><T62/><D62/><U55/><E89/><V90/><F40/><W52/><G133/><T8/><D67/><N who="3" m="25641" /><G87/><T104/><D8/><U26/><E2/><V93/><F63/><W1/><G77/><T81/><D119/><N who="3" m="45609" /><G1/><T122/><D122/><U123/><E123/><V36/><F4/><W33/><G25/><T30/><D30/><U28/><E5/><V117/><F27/><W29/><G29/><T17/><D17/><U42/><E42/><V56/><F36/><W101/><G101/><T131/><D109/><U92/><E28/><V24/><F24/><W75/><G75/><T20/><D20/><U22/><E22/><V105/><F105/><N who="0" m="40554" /><D115/><U135/><E135/><V47/><F117/><W70/><G70/><T9/><D9/><U130/><E26/><V14/><F68/><W71/><G71/><T23/><D23/><U107/><E21/><V108/><F7/><W73/><G73/><T10/><D10/><U16/><E69/><V44/><F108/><W110/><G110/><T13/><D13/><U98/><E12/><V127/><F86/><W45/><G45/><T49/><D113/><U99/><E18/><V88/><F14/><W61/><G61/><T57/><D72/><U94/><N who="1" m="24576" /><DORA hai="53" /><U46/><E16/><RYUUKYOKU ba="0,0" sc="237,-10,223,-10,223,-10,317,30" hai3="33,34,37,38,39,52,54" /><INIT seed="2,1,0,1,5,121" ten="227,213,213,347" oya="2" hai0="116,13,78,105,91,19,127,128,26,85,95,69,25" hai1="129,132,111,115,72,61,106,10,53,33,108,57,44" hai2="96,65,87,67,97,104,45,16,134,12,100,54,59" hai3="27,21,86,7,31,46,2,135,49,88,130,125,40"/><V82/><F134/><W66/><G135/><T119/><D105/><U133/><E115/><V3/><F3/><W52/><G130/><T102/><D69/><U92/><E106/><V41/><F96/><W56/><G125/><T42/><D127/><U51/><E129/><V89/><F59/><W93/><G2/><T84/><D128/><U71/><E33/><V9/><REACH who="2" step="1"/><F54/><REACH who="2" ten="227,213,203,347" step="2"/><W17/><G66/><T75/><D116/><U109/><E71/><V47/><F47/><W60/><G7/><T22/><D119/><U80/><E132/><V81/><F81/><W74/><G74/><T36/><D75/><U14/><E133/><V18/><F18/><AGARI ba="1,1" hai="17,18,21,27,31,40,46,49,52,56,60,86,88,93" machi="18" ten="40,5200,0" yaku="8,1,54,2" doraHai="121" who="3" fromWho="2" sc="227,0,213,0,203,-55,347,65" /><INIT seed="3,0,0,4,1,123" ten="227,213,148,412" oya="3" hai0="83,126,76,23,105,18,104,115,116,11,107,42,3" hai1="88,119,93,24,61,46,132,135,121,19,81,80,44" hai2="72,41,113,0,73,64,37,109,127,92,120,68,29" hai3="84,49,48,47,65,111,95,77,129,131,43,122,103"/><W78/><G111/><T70/><D116/><U21/><E121/><V125/><F29/><W58/><G122/><T33/><D33/><U51/><E119/><V34/><F92/><W35/><G35/><T26/><D70/><U82/><E61/><V2/><F120/><W130/><G65/><T50/><D126/><U28/><E28/><V134/><F34/><W32/><G32/><T22/><D115/><U14/><E24/><V75/><F113/><W89/><G103/><T112/><D112/><U133/><E51/><V15/><F15/><W108/><G108/><T53/><D42/><U59/><E59/><V106/><F106/><W7/><G7/><T100/><D100/><U63/><E63/><V79/><F79/><W36/><G58/><T118/><D118/><U10/><E21/><V39/><F109/><W38/><G48/><T114/><D23/><U101/><E101/><V1/><F134/><W67/><G67/><T45/><D105/><U6/><E6/><V62/><F41/><W128/><G128/><T124/><D124/><AGARI ba="0,0" hai="0,1,2,37,39,62,64,68,72,73,75,124,125,127" machi="124" ten="50,6400,0" yaku="18,1,23,2" doraHai="123" who="2" fromWho="0" sc="227,-64,213,0,148,64,412,0" owari="163,-33.7,213,1.3,212,-18.8,412,51.2" /></mjloggm>