<mjloggm ver="2.3"><GO type="225" lobby="0"/><UN n0="%E9%B3%B3%E6%9D%B1%E3%81%AE%E3%81%86%E3%81%95%E3%81%8E%E3%81%95%E3%82%93" n1="%6D%75%75%6D%75%72%61" n2="%E6%80%AA%E3%81%97%E3%81%99%E3%81%8E%E3%82%8B%E3%83%81%E3%83%BC" n3="%4C%4F%4C%49%54%41" dan="16,16,16,16" rate="2256.82,2175.09,2130.80,2206.40" sx="M,F,M,F"/><TAIKYOKU oya="0"/><INIT seed="0,0,0,1,0,45" ten="250,250,250,250" oya="0" hai0="127,20,70,104,102,42,31,28,61,15,13,128,78" hai1="56,19,22,81,91,51,126,12,105,37,133,110,108" hai2="66,63,2,121,90,118,41,60,10,38,111,74,1" hai3="129,117,84,80,135,82,122,113,57,23,0,72,55"/><T93/><D104/><U134/><E105/><V5/><F121/><W17/><G113/><T125/><D78/><U89/><E37/><V54/><F111/><N who="1" m="42537" /><E126/><N who="0" m="48137" /><D128/><U39/><E39/><V73/><F118/><W29/><G117/><T52/><D42/><U123/><E123/><V114/><F2/><W79/><G122/><T76/><D76/><U92/><E81/><V48/><F114/><W33/><G135/><N who="1" m="51722" /><E92/><V11/><F11/><W69/><G69/><T47/><D70/><U59/><E59/><V34/><F34/><W77/><G0/><T25/><D28/><U62/><E51/><V44/><F90/><W132/><G129/><T40/><D40/><U32/><E32/><V106/><F106/><W83/><G132/><T49/><D61/><U101/><E101/><V115/><F115/><W65/><G33/><T130/><D130/><U131/><E131/><V119/><F119/><W116/><G116/><T95/><D95/><U94/><E94/><V18/><F18/><W27/><G80/><T8/><D8/><U3/><E3/><V36/><F36/><W35/><G35/><T9/><D9/><U99/><E99/><AGARI ba="0,0" hai="13,15,20,25,31,47,49,52,93,99,102" m="48137" machi="99" ten="30,5800,0" yaku="18,1,52,1,54,1" doraHai="45" who="0" fromWho="1" sc="250,58,250,-58,250,0,250,0" /><INIT seed="0,1,0,4,0,96" ten="308,192,250,250" oya="0" hai0="114,17,15,0,30,68,110,58,42,80,61,121,50" hai1="31,81,99,29,113,65,70,33,72,103,4,104,88" hai2="51,20,22,116,78,56,115,100,134,62,111,12,55" hai3="75,95,124,11,43,19,109,131,64,39,25,23,60"/><T47/><D114/><U41/><E113/><V1/><F115/><W16/><G75/><T118/><D118/><U3/><E41/><V32/><F1/><W2/><G109/><T67/><D121/><U49/><E49/><V69/><F32/><W38/><G124/><T36/><D0/><U48/><E48/><V126/><F111/><W102/><G131/><T10/><D110/><U82/><E72/><V53/><F126/><W40/><G39/><T101/><D30/><U28/><E33/><V35/><F134/><W57/><G38/><T122/><D122/><U87/><E82/><V85/><F35/><W108/><G108/><T107/><D80/><U128/><E128/><V26/><F69/><W54/><G54/><N who="0" m="32087" /><D107/><U97/><E97/><V123/><F123/><W133/><G133/><T74/><D74/><U90/><E90/><V14/><F116/><W106/><G106/><T5/><D17/><U130/><E130/><V37/><F37/><W77/><G77/><T129/><D129/><U86/><E86/><V132/><F132/><W9/><G19/><T135/><D135/><U125/><E125/><V93/><F78/><W24/><G2/><T8/><D8/><N who="3" m="3145" /><G25/><T94/><D94/><U13/><E3/><V79/><F79/><W6/><G6/><T112/><D112/><U7/><REACH who="1" step="1"/><E13/><REACH who="1" ten="308,182,250,250" step="2"/><V83/><F14/><W84/><G84/><T119/><D119/><U21/><E21/><N who="2" m="8299" /><F12/><W59/><G23/><T44/><D44/><U120/><E120/><V66/><F83/><W73/><G73/><T27/><D27/><U98/><E98/><V105/><F26/><RYUUKYOKU ba="1,1" sc="308,15,182,15,250,-15,250,-15" hai0="5,10,15,36,42,47,61,67,68,101" hai1="4,7,28,29,31,65,70,81,87,88,99,103,104" /><INIT seed="0,2,1,0,1,116" ten="323,197,235,235" oya="0" hai0="15,24,72,97,17,96,80,111,28,48,13,5,20" hai1="53,105,38,87,14,102,67,64,131,41,107,103,110" hai2="49,37,128,34,45,69,119,33,86,91,62,100,3" hai3="121,109,51,124,19,79,117,123,8,2,113,93,23"/><T78/><D111/><U47/><E110/><V31/><F37/><W118/><G109/><T81/><D48/><U127/><E127/><V61/><F3/><W70/><G113/><T71/><D71/><U35/><E131/><V16/><F128/><W74/><G70/><T7/><D80/><U4/><E35/><V43/><F119/><W82/><G124/><T60/><D60/><U89/><E53/><V133/><F133/><W46/><G93/><T63/><D63/><U85/><E105/><V90/><F100/><W22/><G8/><T112/><D112/><U76/><E76/><V130/><F130/><W122/><G22/><T25/><D13/><U36/><E107/><V40/><F49/><W126/><G2/><T77/><D77/><U18/><E4/><V12/><F12/><N who="3" m="9703" /><G126/><T125/><D125/><U59/><E14/><V55/><F69/><W115/><G115/><T29/><D24/><U134/><E134/><V44/><F31/><W101/><G101/><T50/><D29/><U57/><E18/><V99/><F55/><AGARI ba="2,1" hai="46,51,55,74,79,82,117,118,121,122,123" m="9703" machi="55" ten="30,7700,0" yaku="13,1,52,3" doraHai="116" who="3" fromWho="2" sc="323,0,197,0,235,-83,235,93" /><INIT seed="1,0,0,3,3,15" ten="323,197,152,328" oya="1" hai0="80,104,14,31,0,105,61,118,71,82,91,99,84" hai1="87,74,102,40,132,20,18,48,2,34,59,32,21" hai2="65,36,23,131,53,115,94,63,117,73,77,88,9" hai3="7,81,54,124,52,55,37,133,56,29,60,101,78"/><U75/><E2/><V33/><F117/><W108/><G37/><T26/><D0/><U64/><E132/><V114/><F33/><W68/><G108/><T69/><D118/><U57/><E102/><V66/><F131/><W22/><G133/><T125/><D125/><U30/><E30/><V46/><F9/><W13/><G68/><T25/><D14/><U106/><E106/><V83/><F36/><W5/><G124/><T62/><D99/><U12/><E64/><V16/><F46/><W49/><G101/><T38/><D38/><U8/><E34/><V50/><F50/><W111/><G111/><T95/><D95/><U24/><E32/><V4/><F4/><W58/><G54/><T3/><D3/><U27/><E74/><V43/><F43/><W130/><G130/><T123/><D84/><U93/><E75/><V127/><F127/><W121/><G121/><T135/><D31/><N who="1" m="17799" /><E48/><V47/><F47/><W110/><G110/><T119/><D119/><U112/><E40/><V35/><F35/><W70/><G70/><T122/><D135/><U97/><E112/><N who="2" m="43051" /><F53/><W10/><G29/><T42/><D42/><U113/><E113/><V17/><F63/><W67/><G67/><N who="2" m="25609" /><F23/><W129/><G22/><T98/><D71/><U120/><E120/><V116/><F116/><W126/><G129/><T45/><D69/><U134/><E134/><V39/><F39/><W92/><G126/><T89/><D45/><U103/><E59/><V72/><F73/><W41/><G41/><T1/><D1/><U19/><E57/><V86/><AGARI ba="0,0" hai="16,17,72,77,83,86,88,94" m="25609,43051" machi="86" ten="30,8000,1" yaku="11,1,52,2,54,2" doraHai="15" who="2" fromWho="2" sc="323,-20,197,-40,152,80,328,-20" /><INIT seed="2,0,0,4,2,130" ten="303,157,232,308" oya="2" hai0="8,44,62,25,43,98,126,132,64,5,91,133,135" hai1="36,61,24,101,54,72,100,78,33,108,16,39,35" hai2="48,52,55,112,11,30,86,122,111,88,58,128,121" hai3="41,1,9,12,70,107,120,87,95,93,80,131,96"/><V22/><F112/><W47/><G120/><T40/><D126/><U10/><E108/><V104/><F104/><W129/><G70/><N who="0" m="42263" /><D25/><U32/><E72/><V4/><F128/><N who="3" m="49227" /><G1/><N who="0" m="47" /><D44/><U63/><E78/><V46/><F111/><W21/><G21/><T6/><D6/><U105/><E54/><V13/><F22/><W3/><G3/><T17/><D17/><U49/><E49/><V65/><F30/><W27/><G27/><T97/><D91/><U109/><E109/><V116/><F65/><W89/><G96/><AGARI ba="0,0" hai="40,43,96,97,98,132,133,135" m="47,42263" machi="96" ten="30,7700,0" yaku="20,1,52,3" doraHai="130" who="0" fromWho="3" sc="303,77,157,0,232,0,308,-77" /><INIT seed="3,0,0,3,0,52" ten="380,157,232,231" oya="3" hai0="98,109,113,87,39,103,36,8,15,0,126,22,71" hai1="32,38,108,74,66,69,112,90,27,54,17,61,105" hai2="67,30,106,55,49,80,94,21,111,91,50,26,47" hai3="129,102,134,76,20,110,86,93,16,121,4,132,122"/><W9/><G129/><T1/><D71/><U78/><E108/><V41/><F111/><W65/><G110/><T92/><D109/><U128/><E112/><V48/><F106/><W77/><G65/><T18/><D113/><U96/><E128/><V115/><F115/><W73/><G73/><T81/><D126/><U116/><E116/><V7/><F7/><W62/><G62/><T2/><REACH who="0" step="1"/><D8/><REACH who="0" ten="370,157,232,231" step="2"/><U120/><E120/><V33/><F33/><W125/><G9/><T64/><D64/><U3/><E3/><V135/><F67/><W46/><G125/><T60/><D60/><U124/><E124/><V6/><F21/><W97/><G20/><T5/><D5/><U14/><E38/><V119/><F6/><W118/><G4/><T56/><D56/><U100/><E90/><AGARI ba="0,1" hai="0,1,2,15,18,22,36,39,81,87,90,92,98,103" machi="90" ten="40,1300,0" yaku="1,1,53,0" doraHai="52" doraHaiUra="51" who="0" fromWho="1" sc="370,23,157,-13,232,0,231,0" owari="393,49.3,144,-35.6,232,3.2,231,-16.9" /></mjloggm>