<mjloggm ver="2.3"><GO type="225" lobby="0"/><UN n0="%E5%A4%9C%E5%85%89%E5%A4%A9%E6%A5%BC" n1="%2D%E8%B1%8A%E5%8F%A3%E3%82%81%E3%81%90%E3%81%BF%2D" n2="%E5%8D%A0%E3%81%84%E5%B8%AB%E8%A3%8F%E3%81%AA%E3%81%84%E3%81%97" n3="%E3%81%AF%E3%82%88%E3%81%8A%E3%81%98%E3%81%95%E3%82%93" dan="17,16,17,17" rate="2120.32,2149.81,2210.76,2188.66" sx="M,F,M,M"/><TAIKYOKU oya="0"/><INIT seed="0,0,0,1,0,89" ten="250,250,250,250" oya="0" hai0="3,107,5,112,47,76,13,27,95,101,86,73,81" hai1="123,94,7,14,67,80,105,37,75,96,62,20,111" hai2="135,128,22,129,15,24,31,51,35,40,79,60,122" hai3="125,91,114,33,116,61,52,8,97,26,66,41,127"/><T32/><D112/><U70/><E123/><V103/><F122/><W68/><G114/><T21/><D3/><U92/><E111/><V48/><F135/><W98/><G116/><T64/><D64/><U104/><E37/><V36/><F79/><W133/><G133/><T44/><D32/><U59/><E70/><V6/><F60/><W58/><G41/><T82/><D107/><U108/><E108/><V39/><F103/><W28/><G8/><N who="0" m="4239" /><D81/><U42/><E42/><V34/><F6/><W74/><G74/><T49/><D73/><U38/><E38/><V4/><F4/><W117/><G117/><T16/><D49/><U19/><E7/><V55/><F40/><W84/><G127/><T54/><D54/><U63/><E63/><V43/><F43/><W1/><G1/><T18/><D18/><U10/><E10/><V57/><F48/><W124/><G124/><T121/><D121/><U85/><E75/><V134/><F134/><W45/><G45/><T12/><D12/><U23/><E23/><V78/><F15/><W53/><G125/><T56/><D56/><U109/><E109/><V9/><F9/><W30/><G28/><T65/><D65/><U93/><REACH who="1" step="1"/><E96/><AGARI ba="0,0" hai="16,21,27,44,47,76,82,86,95,96,101" m="4239" machi="96" ten="30,5800,0" yaku="8,1,52,1,54,1" doraHai="89" who="0" fromWho="1" sc="250,58,250,-58,250,0,250,0" /><INIT seed="0,1,0,5,3,78" ten="308,192,250,250" oya="0" hai0="72,102,122,96,50,9,134,0,37,75,71,114,38" hai1="118,128,29,5,16,60,54,116,67,23,11,115,88" hai2="17,112,103,15,107,46,43,44,39,13,20,97,64" hai3="4,99,19,126,106,26,83,49,70,18,129,80,86"/><T77/><D114/><U58/><E29/><V21/><F112/><W127/><G70/><T94/><D122/><U24/><E115/><V73/><F73/><W69/><G69/><T34/><D71/><U42/><E128/><V62/><F46/><W32/><G129/><T35/><D50/><U121/><E121/><V7/><F7/><W84/><G4/><T10/><D77/><U87/><E42/><V135/><F135/><W53/><G99/><T52/><D96/><U95/><REACH who="1" step="1"/><E67/><REACH who="1" ten="308,182,250,250" step="2"/><V27/><F20/><W98/><G32/><T3/><D134/><U74/><E74/><V22/><REACH who="2" step="1"/><F21/><REACH who="2" ten="308,182,240,250" step="2"/><W91/><G127/><T82/><D75/><U120/><E120/><V25/><F25/><W101/><G26/><T92/><D72/><U93/><E93/><V6/><F6/><W47/><REACH who="3" step="1"/><G126/><REACH who="3" ten="308,182,240,240" step="2"/><T109/><D35/><U119/><E119/><V108/><F108/><W14/><G14/><AGARI ba="1,3" hai="5,11,14,16,23,24,54,58,60,87,88,95,116,118" machi="14" ten="30,8000,1" yaku="1,1,7,1,54,2,53,1" doraHai="78" doraHaiUra="8" who="1" fromWho="3" sc="308,0,182,113,240,0,240,-83" /><INIT seed="1,0,0,2,2,132" ten="308,295,240,157" oya="1" hai0="56,15,29,14,13,100,0,117,86,6,124,31,116" hai1="129,65,66,106,48,128,76,94,47,61,81,84,58" hai2="10,45,32,70,38,59,98,91,87,111,134,102,36" hai3="127,28,7,12,71,39,69,99,27,60,9,51,108"/><U133/><E106/><V118/><F118/><N who="0" m="45674" /><D86/><U85/><E133/><V41/><F134/><W130/><G39/><T80/><D80/><U114/><E114/><V73/><F70/><W21/><G108/><T82/><D82/><U26/><E26/><V83/><F111/><W30/><G130/><T90/><D56/><U105/><E105/><N who="2" m="63703" /><F32/><W5/><G99/><T93/><D100/><U57/><E94/><N who="2" m="54655" /><F10/><W40/><G5/><T17/><D93/><U79/><E79/><N who="2" m="44527" /><F59/><W125/><G28/><N who="0" m="10827" /><D17/><U131/><E85/><V63/><F63/><W33/><G33/><T46/><D46/><U68/><REACH who="1" step="1"/><E66/><REACH who="1" ten="308,285,240,157" step="2"/><V35/><F35/><W109/><G109/><T74/><D74/><U78/><E78/><V4/><F4/><W75/><G75/><T8/><D90/><U119/><E119/><V43/><F43/><AGARI ba="0,1" hai="43,47,48,57,58,61,65,68,76,81,84,128,129,131" machi="43" ten="40,12000,1" yaku="1,1,19,1,53,3" doraHai="132" doraHaiUra="126" who="1" fromWho="2" sc="308,0,285,130,240,-120,157,0" /><INIT seed="1,1,0,1,2,8" ten="308,415,120,157" oya="1" hai0="110,30,88,49,17,105,118,124,16,133,31,106,12" hai1="80,120,5,90,89,26,116,125,24,135,91,11,0" hai2="14,71,32,75,42,47,107,127,94,122,13,35,43" hai3="101,63,78,70,58,113,38,126,97,36,117,57,10"/><U9/><E116/><V50/><F122/><W34/><G113/><T1/><D1/><U39/><E120/><V95/><F107/><W119/><G34/><T44/><D118/><N who="3" m="45065" /><G126/><T123/><D123/><U83/><E39/><N who="3" m="14890" /><G78/><T33/><D124/><U108/><E125/><V46/><F127/><W48/><G48/><T115/><D115/><U132/><E108/><V27/><F50/><W99/><G10/><T86/><D110/><U61/><E61/><V68/><REACH who="2" step="1"/><F27/><REACH who="2" ten="308,415,110,157" step="2"/><W59/><G101/><T98/><D49/><U62/><E24/><V76/><F76/><W128/><G128/><T66/><D106/><U28/><E26/><V87/><F87/><W130/><G130/><T134/><D105/><U109/><E109/><V41/><F41/><W92/><G92/><T25/><D25/><U111/><E111/><V96/><F96/><W7/><G7/><T131/><D98/><U74/><E5/><V60/><F60/><W85/><G85/><T104/><D86/><U19/><E62/><V72/><AGARI ba="1,1" hai="13,14,32,35,42,43,46,47,68,71,72,75,94,95" machi="72" ten="25,12000,2" yaku="1,1,0,1,22,2,52,2,53,0" doraHai="8" doraHaiUra="112" who="2" fromWho="2" sc="308,-31,415,-61,110,133,157,-31" /><INIT seed="2,0,0,3,4,115" ten="277,354,243,126" oya="2" hai0="121,49,1,36,38,63,67,86,110,33,126,130,100" hai1="135,74,99,25,69,41,31,50,134,10,16,37,80" hai2="82,54,44,64,122,42,131,85,77,15,112,40,107" hai3="105,7,2,125,23,91,47,21,28,96,119,101,116"/><V106/><F112/><W14/><G2/><T56/><D121/><U71/><E37/><V52/><F122/><W87/><G125/><T102/><D1/><U79/><E99/><V76/><F131/><W94/><G47/><T123/><D123/><U8/><E50/><V84/><F64/><W11/><REACH who="3" step="1"/><G28/><REACH who="3" ten="277,354,243,116" step="2"/><T32/><D126/><U109/><E31/><V83/><F44/><W81/><G81/><T92/><D130/><U61/><E80/><V45/><F45/><W34/><G34/><T66/><D33/><U5/><E135/><V3/><F3/><W20/><AGARI ba="0,1" hai="7,11,14,20,21,23,87,91,94,96,101,105,116,119" machi="20" ten="30,7900,0" yaku="1,1,0,1,52,2,53,0" doraHai="115" doraHaiUra="132" who="3" fromWho="3" sc="277,-20,354,-20,243,-39,116,89" /><INIT seed="3,0,0,0,2,37" ten="257,334,204,205" oya="3" hai0="26,64,53,48,44,29,3,40,39,80,133,107,4" hai1="84,87,14,25,43,6,115,76,13,9,79,22,23" hai2="16,117,82,127,100,98,83,41,7,38,34,129,128" hai3="119,72,111,102,24,75,132,12,135,59,101,123,68"/><W94/><G123/><T47/><D133/><N who="3" m="51273" /><G119/><T61/><D107/><U42/><E115/><V112/><F117/><W126/><G68/><T49/><D80/><N who="2" m="30762" /><F34/><W131/><G126/><T77/><D77/><N who="1" m="29771" /><E14/><V5/><F127/><W65/><G131/><N who="2" m="50249" /><F112/><W21/><G12/><T103/><D103/><N who="3" m="39433" /><G94/><T19/><D3/><U97/><E97/><V105/><F16/><N who="3" m="12327" /><G111/><T130/><D130/><U60/><E22/><V110/><F110/><W85/><G85/><N who="1" m="32842" /><E60/><AGARI ba="0,0" hai="59,60,65,72,75" m="12327,39433,51273" machi="60" ten="30,2900,0" yaku="20,1,54,1" doraHai="37" who="3" fromWho="1" sc="257,0,334,-29,204,0,205,29" /><INIT seed="3,1,0,3,4,100" ten="257,305,204,234" oya="3" hai0="113,40,129,6,20,106,112,107,10,95,98,96,99" hai1="88,18,9,120,16,118,105,11,84,7,47,25,87" hai2="34,49,52,135,33,73,109,23,82,35,77,1,127" hai3="60,53,114,104,128,5,122,50,130,75,134,102,108"/><W126/><G122/><T74/><D74/><U133/><E105/><N who="0" m="39945" /><D40/><U45/><E133/><V59/><F135/><W39/><G114/><N who="0" m="44139" /><D20/><N who="1" m="13447" /><E118/><V4/><F109/><W56/><G39/><T94/><D129/><N who="3" m="49769" /><G75/><T80/><D80/><N who="1" m="49159" /><E120/><V101/><F101/><W103/><G108/><T12/><AGARI ba="1,0" hai="6,10,12,94,95,96,98,99" m="44139,39945" machi="12" ten="40,8000,1" yaku="11,1,52,3" doraHai="100" who="0" fromWho="0" sc="257,83,305,-21,204,-21,234,-41" owari="340,44.0,284,8.4,183,-31.7,193,-20.7" /></mjloggm>