<mjloggm ver="2.3"><GO type="225" lobby="0"/><UN n0="%72%65%6E%6B%75%6E" n1="%E3%81%BF%E3%81%BF%E3%81%9A" n2="%E6%B4%BE%E9%81%A3%E3%81%AE%E3%82%B8%E3%83%A3%E3%83%83%E3%82%AF" n3="%E3%81%82%E3%81%99%E3%81%AB%E3%82%83%E3%82%80" dan="17,17,17,16" rate="2219.06,2256.49,2166.75,2136.23" sx="M,M,M,F"/><TAIKYOKU oya="0"/><INIT seed="0,0,0,4,1,94" ten="250,250,250,250" oya="0" hai0="121,40,22,83,68,49,31,117,77,96,109,88,29" hai1="119,60,1,47,2,86,46,65,125,73,84,79,81" hai2="116,10,18,33,91,39,70,38,113,5,13,104,92" hai3="36,9,24,43,27,80,21,85,25,63,98,131,114"/><T135/><D117/><U90/><E119/><V103/><F116/><W14/><G114/><T126/><D68/><U132/><E125/><V44/><F33/><W15/><G131/><T58/><D121/><U55/><E132/><V23/><F70/><W110/><G110/><T0/><D0/><U19/><E73/><V128/><F128/><W42/><G36/><T120/><D120/><U82/><E19/><V108/><F108/><W30/><G63/><T123/><D123/><U51/><REACH who="1" step="1"/><E46/><REACH who="1" ten="250,240,250,250" step="2"/><V99/><F44/><W76/><G30/><T133/><D126/><U106/><E106/><V69/><F113/><W130/><G130/><T32/><D109/><U52/><E52/><V48/><F48/><W107/><G107/><T127/><D127/><U16/><E16/><V4/><F69/><AGARI ba="0,1" hai="1,2,47,51,55,60,65,69,79,81,82,84,86,90" machi="69" ten="30,3900,0" yaku="1,1,7,1,53,1" doraHai="94" doraHaiUra="66" who="1" fromWho="2" sc="250,0,240,49,250,-39,250,0" /><INIT seed="1,0,0,1,3,4" ten="250,289,211,250" oya="1" hai0="77,67,68,119,124,47,53,70,34,25,120,19,107" hai1="106,23,66,22,8,55,15,17,37,3,85,128,31" hai2="109,43,132,32,56,49,105,133,2,108,71,48,113" hai3="10,44,24,33,90,18,112,75,65,57,100,79,50"/><U58/><E106/><V6/><F105/><W7/><G112/><T28/><D119/><U121/><E121/><V78/><F32/><W29/><G100/><T59/><D124/><U39/><E66/><V13/><F13/><W99/><G18/><T116/><D116/><U69/><E69/><V51/><F78/><W74/><G79/><T60/><D120/><U80/><E128/><V87/><F87/><W52/><G99/><T103/><D77/><U110/><E110/><N who="2" m="42603" /><F71/><W134/><G134/><N who="2" m="51817" /><F113/><W89/><G74/><T76/><D76/><N who="1" m="46215" /><E3/><V0/><F0/><W92/><G75/><T95/><D107/><U125/><E125/><V40/><F56/><W117/><G117/><T127/><D70/><U27/><E37/><V20/><F20/><W36/><G36/><T118/><D68/><U88/><E39/><V91/><F91/><W101/><G101/><T122/><D122/><U42/><E88/><V35/><F35/><W123/><G123/><T111/><D111/><U61/><E22/><V5/><F2/><W38/><G38/><T45/><D118/><U30/><E31/><V11/><F11/><W82/><G82/><T93/><D127/><U86/><E86/><V94/><F94/><W130/><G92/><T98/><D95/><U135/><E135/><V26/><F26/><W81/><G81/><T96/><D96/><U114/><E114/><V14/><F14/><N who="3" m="5471" /><G130/><T41/><D34/><U12/><E15/><V73/><F73/><W104/><G104/><T54/><D28/><U115/><E115/><V126/><F126/><W21/><G33/><T84/><D84/><RYUUKYOKU ba="0,0" sc="250,-30,289,10,211,10,250,10" hai1="8,12,17,23,27,30,42,55,58,61" hai2="5,6,40,43,48,49,51" hai3="21,24,29,44,50,52,57,65,89,90" /><INIT seed="1,1,0,0,3,107" ten="220,299,221,260" oya="1" hai0="83,0,87,1,108,102,2,64,12,86,95,47,67" hai1="114,29,36,23,50,44,121,62,3,97,27,31,54" hai2="5,96,82,84,52,10,11,60,115,16,118,134,55" hai3="57,15,119,81,93,53,126,26,129,28,20,38,48"/><U89/><E114/><V24/><F118/><W51/><G38/><T6/><D108/><U35/><E121/><V106/><F134/><W113/><G113/><T135/><D135/><U91/><E3/><V77/><F115/><W58/><G119/><T68/><D68/><U90/><E36/><V45/><F106/><W79/><G129/><T39/><D6/><U111/><E111/><V131/><F131/><W80/><G126/><T125/><D125/><U49/><E35/><V132/><F132/><W73/><G81/><T122/><D12/><U112/><E112/><V69/><F96/><W117/><G117/><T34/><D34/><U22/><E62/><V65/><F45/><W123/><G123/><T74/><D74/><U17/><E97/><V37/><F37/><W133/><G133/><T61/><D122/><U72/><E72/><V41/><F41/><W19/><G93/><T124/><D124/><U66/><E66/><V30/><F30/><W8/><REACH who="3" step="1"/><G51/><REACH who="3" ten="220,299,221,250" step="2"/><T85/><D83/><U101/><E101/><V33/><F33/><W70/><G70/><T25/><D95/><U43/><REACH who="1" step="1"/><E23/><REACH who="1" ten="220,289,221,250" step="2"/><V120/><F120/><W99/><G99/><T78/><D102/><U59/><AGARI ba="1,2" hai="17,22,27,29,31,43,44,49,50,54,59,89,90,91" machi="59" ten="30,11700,0" yaku="1,1,2,1,0,1,8,1,53,0" doraHai="107" doraHaiUra="4" who="1" fromWho="1" sc="220,-40,289,140,221,-40,250,-40" /><INIT seed="1,2,0,0,5,103" ten="180,429,181,210" oya="1" hai0="105,0,51,110,53,130,125,45,90,86,14,95,18" hai1="80,134,109,34,76,62,20,58,132,17,112,122,93" hai2="56,64,40,11,111,68,83,114,6,78,121,101,71" hai3="60,13,2,19,115,30,67,49,79,39,59,8,7"/><U97/><E112/><V94/><F121/><W10/><G39/><T31/><D110/><U113/><E34/><V120/><F120/><W16/><G79/><T5/><D130/><U27/><E122/><V92/><F111/><W23/><G115/><T116/><D116/><U24/><E113/><V42/><F114/><W4/><G30/><T21/><D125/><U124/><E124/><V70/><F64/><W43/><G43/><T123/><D123/><U82/><E109/><V84/><F56/><W69/><G69/><T102/><D31/><U25/><E134/><V28/><F28/><W37/><G37/><T104/><REACH who="0" step="1"/><D102/><REACH who="0" ten="170,429,181,210" step="2"/><N who="1" m="60719" /><E132/><V35/><F35/><W133/><G133/><T41/><D41/><U63/><E63/><V22/><F40/><W77/><G49/><T81/><D81/><N who="1" m="31339" /><E76/><V129/><F42/><W100/><G77/><T47/><D47/><U38/><E38/><V108/><F108/><W61/><G100/><T36/><D36/><U99/><E99/><V91/><F129/><W117/><G117/><T107/><D107/><U55/><AGARI ba="2,1" hai="17,20,24,25,27,55,58,62" m="31339,60719" machi="55" ten="30,1500,0" yaku="8,1" doraHai="103" who="1" fromWho="1" sc="170,-7,429,31,181,-7,210,-7" /><INIT seed="1,3,0,3,5,35" ten="163,460,174,203" oya="1" hai0="10,114,13,36,50,16,127,81,106,98,53,68,133" hai1="30,87,1,84,107,55,14,104,80,9,32,15,42" hai2="97,26,118,39,4,101,76,71,37,6,100,83,2" hai3="52,56,48,131,25,120,69,113,134,65,24,122,86"/><U78/><E42/><V108/><F118/><W44/><G113/><T72/><D36/><U130/><E130/><V82/><F71/><W117/><G131/><T75/><D114/><U63/><E32/><V73/><F108/><W115/><G115/><T85/><D68/><U92/><E30/><V61/><F61/><W59/><G117/><T21/><D127/><U88/><E14/><V124/><F124/><W41/><G86/><T123/><D123/><U89/><E1/><V5/><F26/><W128/><G24/><T46/><D133/><U90/><E104/><V57/><F57/><W17/><G17/><T19/><D98/><U67/><E55/><V66/><F66/><W3/><G25/><T49/><D49/><U91/><E107/><V132/><F132/><W94/><G94/><T18/><D106/><U28/><E28/><V79/><F6/><W23/><G23/><T93/><D93/><U135/><E135/><V43/><F43/><W60/><G3/><T74/><REACH who="0" step="1"/><D21/><REACH who="0" ten="153,460,174,203" step="2"/><U129/><E129/><V7/><F97/><W126/><G134/><T31/><D31/><U111/><E111/><V38/><REACH who="2" step="1"/><F2/><REACH who="2" ten="153,460,164,203" step="2"/><W0/><G0/><T47/><D47/><U33/><E33/><V54/><F54/><N who="3" m="31815" /><G128/><T96/><D96/><N who="1" m="57351" /><E67/><V103/><F103/><W77/><G126/><T34/><D34/><U99/><E99/><V121/><F121/><W110/><G110/><T119/><D119/><U70/><E70/><V40/><F40/><W109/><G109/><T116/><D116/><U102/><E102/><V8/><F8/><W95/><G122/><T51/><D51/><RYUUKYOKU ba="3,2" sc="153,15,460,-15,164,15,203,-15" hai0="10,13,16,18,19,46,50,53,72,74,75,81,85" hai2="4,5,7,37,38,39,73,76,79,82,83,100,101" /><INIT seed="2,4,2,3,2,106" ten="168,445,179,188" oya="2" hai0="39,93,19,123,20,67,77,111,119,82,75,129,7" hai1="135,118,121,6,15,40,36,28,99,65,14,52,72" hai2="9,59,87,114,21,84,10,124,42,31,56,98,64" hai3="57,18,46,102,12,23,53,86,24,90,134,94,51"/><V50/><F114/><W100/><G134/><T38/><D123/><U49/><E118/><V3/><F124/><W4/><G4/><T116/><D111/><U125/><E72/><V32/><F32/><W132/><G132/><T25/><D129/><U81/><E135/><V13/><F3/><W11/><REACH who="3" step="1"/><G46/><REACH who="3" ten="168,445,179,178" step="2"/><T131/><D131/><U109/><E6/><V78/><F98/><W30/><AGARI ba="4,3" hai="11,12,18,23,24,30,51,53,57,86,90,94,100,102" machi="30" ten="20,8000,1" yaku="1,1,2,1,0,1,7,1,8,1,53,0" doraHai="106" doraHaiUra="43" who="3" fromWho="3" sc="168,-24,445,-24,179,-44,178,122" /><INIT seed="3,0,0,5,0,79" ten="144,421,135,300" oya="3" hai0="60,93,108,134,4,19,67,21,129,64,125,35,22" hai1="103,34,61,52,95,42,9,11,128,50,110,94,75" hai2="96,66,118,116,73,18,1,107,13,133,36,30,91" hai3="55,81,8,49,124,76,45,122,48,43,24,6,117"/><W26/><G117/><T27/><D35/><U126/><E75/><V135/><F36/><W97/><G124/><T44/><D108/><U47/><E34/><V10/><F73/><W83/><G122/><T68/><D125/><U54/><E126/><V120/><F120/><W109/><G109/><T130/><D134/><N who="2" m="51210" /><F66/><W16/><G97/><T121/><D121/><U100/><E110/><V111/><F111/><W2/><G76/><T78/><D78/><U56/><E128/><N who="0" m="49257" /><D4/><U112/><E112/><V57/><F30/><W89/><G89/><T41/><D67/><U46/><E95/><N who="2" m="56447" /><F107/><W29/><G16/><N who="0" m="12711" /><D93/><U123/><E123/><V85/><F57/><W17/><G17/><T131/><N who="0" m="49265" /><T7/><DORA hai="65" /><D7/><U14/><E94/><V63/><F1/><W59/><REACH who="3" step="1"/><G26/><REACH who="3" ten="144,421,135,290" step="2"/><T39/><D19/><N who="1" m="8655" /><E11/><V33/><F33/><AGARI ba="0,1" hai="2,6,8,24,29,33,43,45,48,49,55,59,81,83" machi="33" ten="30,11600,0" yaku="1,1,7,1,52,2,53,0" doraHai="79,65" doraHaiUra="12,114" who="3" fromWho="2" sc="144,0,421,0,135,-116,290,126" /><INIT seed="3,1,0,0,1,2" ten="144,421,19,416" oya="3" hai0="5,8,97,131,46,21,114,117,116,71,43,0,130" hai1="107,106,20,123,11,66,61,100,125,118,111,31,6" hai2="84,110,102,96,12,50,91,74,55,79,3,9,90" hai3="54,56,93,77,49,83,52,113,87,7,99,17,78"/><W86/><G113/><T4/><D97/><U68/><E123/><V65/><F110/><W72/><G7/><T108/><D46/><U88/><E111/><V75/><F3/><W82/><G17/><T124/><D43/><U64/><E125/><V105/><F65/><W92/><G72/><T129/><D71/><U95/><E100/><V59/><F90/><W41/><G41/><T16/><D108/><U101/><E101/><V30/><F30/><W23/><G23/><T76/><D76/><U13/><E66/><V38/><F38/><W132/><G132/><T89/><D89/><U127/><E127/><V42/><F42/><W26/><G26/><T104/><D104/><U53/><E53/><V10/><F75/><W14/><G14/><T47/><D47/><U67/><E67/><V36/><F36/><W51/><G99/><T27/><D124/><U40/><E40/><V81/><REACH who="2" step="1"/><F12/><REACH who="2" ten="144,421,9,416" step="2"/><W133/><G133/><T119/><D114/><U98/><E118/><V37/><F37/><W134/><G134/><T58/><D58/><AGARI ba="1,1" hai="49,51,52,54,56,58,77,78,82,83,86,87,92,93" machi="58" ten="30,18000,2" yaku="7,1,32,3,8,1,54,1" doraHai="2" who="3" fromWho="0" sc="144,-183,421,0,9,0,416,193" owari="-39,-53.9,421,22.1,9,-39.1,609,70.9" /></mjloggm>