<mjloggm ver="2.3"><GO type="225" lobby="0"/><UN n0="%E9%B3%B3%E6%9D%B1%E3%81%AE%E3%81%86%E3%81%95%E3%81%8E%E3%81%95%E3%82%93" n1="%E3%83%AD%E3%83%83%E3%83%86%E9%9B%80%E7%90%83" n2="%33%74%72%65%65" n3="%73%75%7A%75%6D%65%33" dan="17,17,16,18" rate="2265.76,2198.92,2135.07,2248.25" sx="M,M,F,M"/><TAIKYOKU oya="0"/><INIT seed="0,0,0,1,0,87" ten="250,250,250,250" oya="0" hai0="17,35,133,83,33,32,42,105,51,56,85,40,13" hai1="70,78,94,23,112,26,27,9,114,8,48,52,65" hai2="59,2,90,4,21,86,68,44,16,11,74,10,12" hai3="131,1,111,71,92,117,134,84,97,79,15,25,93"/><T58/><D133/><U54/><E78/><V119/><F68/><W64/><G1/><T135/><D135/><U132/><E132/><V61/><F74/><W109/><G134/><T80/><D105/><U126/><E126/><V107/><F107/><W28/><G117/><T101/><D101/><U95/><E70/><V89/><F119/><W113/><G113/><T108/><D108/><N who="3" m="41545" /><G131/><T103/><D103/><U75/><E75/><V60/><F44/><W19/><G71/><T102/><D102/><U37/><E65/><V49/><F10/><N who="3" m="6647" /><G64/><T53/><D56/><U121/><E48/><V7/><F7/><W128/><G128/><T127/><D127/><U99/><E23/><V34/><F34/><N who="3" m="20751" /><G97/><T63/><D63/><U76/><E99/><V36/><F36/><W123/><G123/><T104/><D104/><U5/><E37/><V67/><F60/><W57/><G57/><T82/><REACH who="0" step="1"/><D85/><REACH who="0" ten="240,250,250,250" step="2"/><U30/><E114/><V100/><F100/><W124/><G124/><T31/><D31/><U39/><E30/><V88/><REACH who="2" step="1"/><F49/><REACH who="2" ten="240,250,240,250" step="2"/><W115/><G115/><T0/><D0/><U50/><E50/><V77/><F77/><W20/><G79/><T62/><D62/><U98/><E76/><V116/><F116/><W130/><G130/><T43/><D43/><U22/><E112/><V118/><F118/><W129/><G129/><T81/><N who="0" m="20480" /><DORA hai="45" /><T38/><D38/><U29/><E39/><V41/><F41/><W120/><G120/><T14/><D14/><U3/><E121/><V47/><F47/><W96/><G84/><AGARI ba="0,2" hai="2,4,11,12,16,21,59,61,67,84,86,88,89,90" machi="84" ten="40,12000,2" yaku="1,1,52,3,54,2,53,0" doraHai="87,45" doraHaiUra="122,110" who="2" fromWho="3" sc="240,0,250,0,240,140,250,-120" /><INIT seed="1,0,0,5,1,94" ten="240,250,380,130" oya="1" hai0="101,83,76,128,50,119,29,91,98,45,5,15,46" hai1="55,106,117,23,22,112,54,107,7,60,104,88,84" hai2="66,127,100,130,109,124,21,16,34,121,0,110,80" hai3="62,69,133,6,78,70,82,65,123,116,37,97,48"/><U122/><E117/><V134/><F66/><W1/><G116/><T102/><D128/><U33/><E112/><V39/><F39/><W11/><G123/><T51/><D119/><U36/><E122/><V75/><F121/><W47/><G133/><T30/><D91/><U92/><E33/><V20/><F34/><W13/><G70/><T118/><D118/><U93/><E36/><V113/><F113/><W24/><G24/><T14/><D83/><U87/><E7/><V68/><F68/><W135/><G135/><T25/><D5/><U56/><E55/><V58/><F134/><W120/><G120/><T90/><D90/><AGARI ba="0,0" hai="22,23,54,56,60,84,87,88,90,92,93,104,106,107" machi="90" ten="40,3900,0" yaku="9,1,54,1" doraHai="94" who="1" fromWho="0" sc="240,-39,250,39,380,0,130,0" /><INIT seed="1,1,0,2,4,16" ten="201,289,380,130" oya="1" hai0="10,65,23,92,63,2,45,77,34,5,130,103,49" hai1="68,17,64,41,109,114,0,26,54,100,71,48,120" hai2="84,96,98,14,36,60,39,88,3,47,128,56,132" hai3="8,129,113,6,83,86,7,93,104,73,124,134,94"/><U19/><E114/><V13/><F3/><W82/><G113/><T22/><D34/><U135/><E0/><V90/><F132/><W108/><G104/><T30/><D130/><U31/><E120/><V53/><F128/><W42/><G129/><T21/><D77/><U121/><E121/><V55/><F39/><W111/><G42/><T123/><D123/><U72/><E72/><V95/><F96/><W105/><G105/><T40/><D103/><U27/><E41/><V131/><F131/><W107/><G107/><T62/><D92/><U89/><E100/><V78/><F78/><W81/><G73/><T38/><D30/><U46/><E109/><V35/><F35/><W85/><G8/><T80/><D80/><U118/><E118/><V44/><F36/><W59/><G59/><T50/><REACH who="0" step="1"/><D62/><REACH who="0" ten="191,289,380,130" step="2"/><U67/><E31/><V116/><F60/><W12/><G83/><T66/><D66/><U11/><E67/><V99/><F95/><W58/><G93/><T119/><D119/><U75/><E64/><V37/><F116/><W1/><G94/><T79/><D79/><U87/><E135/><V33/><F33/><W125/><G134/><T25/><D25/><U70/><E27/><V91/><F91/><W127/><G127/><T110/><D110/><U97/><E26/><V20/><F90/><W74/><G74/><T106/><D106/><U9/><E89/><V28/><F88/><W102/><G102/><T117/><D117/><U112/><E75/><V122/><F122/><W15/><G1/><T133/><D133/><U69/><E112/><V24/><F28/><RYUUKYOKU ba="1,1" sc="191,15,289,-15,380,-15,130,15" hai0="2,5,10,21,22,23,38,40,45,49,50,63,65" hai3="6,7,12,15,58,81,82,85,86,108,111,124,125" /><INIT seed="2,2,1,4,1,15" ten="206,274,365,145" oya="2" hai0="43,97,90,56,69,45,25,133,4,48,98,89,20" hai1="107,42,29,78,49,128,32,3,84,91,55,86,22" hai2="62,75,72,28,117,35,109,113,26,77,67,6,52" hai3="65,81,44,36,96,30,85,38,80,92,14,108,125"/><V82/><F113/><W39/><G108/><T120/><D133/><U121/><E32/><V130/><F117/><W23/><G125/><T33/><D69/><U34/><E34/><V66/><F109/><W88/><G65/><T63/><D33/><U53/><E3/><V5/><F130/><W12/><G80/><T17/><D4/><U103/><E107/><V68/><F66/><W134/><G134/><T10/><D10/><U51/><E103/><V129/><F129/><W21/><G44/><T114/><D120/><U83/><E121/><V94/><F75/><W19/><G30/><T74/><D74/><U40/><E128/><V126/><F126/><W16/><REACH who="3" step="1"/><G38/><REACH who="3" ten="206,274,365,135" step="2"/><T79/><D114/><U93/><E29/><V7/><F67/><W104/><G104/><T18/><D79/><AGARI ba="2,2" hai="12,14,16,19,21,23,36,39,79,81,85,88,92,96" machi="79" ten="30,12000,2" yaku="1,1,7,1,9,1,52,2,54,2,53,0" doraHai="15" doraHaiUra="64" who="3" fromWho="0" sc="206,-126,274,0,365,0,135,146" /><INIT seed="3,0,0,2,2,111" ten="80,274,365,281" oya="3" hai0="47,57,27,50,108,113,116,13,24,35,115,135,0" hai1="83,7,119,58,4,40,100,122,134,33,129,17,110" hai2="114,80,77,22,72,52,93,45,69,23,86,112,29" hai3="85,18,37,82,98,15,9,106,84,11,54,97,14"/><W66/><G37/><T65/><D65/><U107/><E122/><V78/><F69/><W61/><G54/><T42/><D108/><U25/><E110/><V44/><F93/><W6/><G106/><T56/><D116/><U121/><E121/><V19/><F29/><W130/><G130/><T73/><D0/><U31/><E129/><V102/><F102/><W21/><G11/><T109/><D109/><U71/><E71/><V67/><F67/><W36/><G36/><T41/><D73/><U3/><E134/><V53/><F72/><W132/><G132/><T34/><D135/><U39/><E119/><V48/><F19/><W124/><G124/><T51/><REACH who="0" step="1"/><D13/><REACH who="0" ten="70,274,365,281" step="2"/><U118/><E3/><V28/><F28/><W64/><G64/><T63/><D63/><U68/><E31/><V12/><F12/><W2/><G2/><T103/><D103/><U90/><E100/><V70/><F70/><W127/><G127/><T59/><D59/><U5/><E58/><V128/><F128/><W88/><G84/><T131/><D131/><U30/><E68/><AGARI ba="0,1" hai="6,9,14,15,18,21,61,66,68,82,85,88,97,98" machi="68" ten="30,2900,0" yaku="7,1,54,1" doraHai="111" who="3" fromWho="1" sc="70,0,274,-29,365,0,281,39" /><INIT seed="3,1,0,5,2,64" ten="70,245,365,320" oya="3" hai0="13,106,62,20,87,59,91,86,121,30,134,26,67" hai1="49,31,133,6,55,1,92,52,104,10,118,2,105" hai2="107,0,101,122,82,132,93,11,77,29,100,119,80" hai3="112,109,43,37,17,45,127,51,128,84,96,111,15"/><W7/><G112/><T34/><D134/><U71/><E133/><V38/><F132/><W113/><G113/><T63/><D121/><U40/><E118/><V103/><F38/><W123/><G123/><T47/><D106/><U22/><E71/><V98/><F122/><W5/><G128/><T110/><D110/><N who="3" m="41993" /><G127/><T90/><D34/><U120/><E120/><V124/><F119/><W21/><G84/><T72/><D72/><U97/><E1/><V126/><F29/><W53/><G96/><T99/><D47/><AGARI ba="1,0" hai="5,7,15,17,21,37,43,45,47,51,53" m="41993" machi="47" ten="30,2900,0" yaku="14,1,10,1" doraHai="64" who="3" fromWho="0" sc="70,-32,245,0,365,0,320,32" /><INIT seed="3,2,0,5,3,82" ten="38,245,365,352" oya="3" hai0="97,23,73,50,93,40,4,87,94,57,37,85,24" hai1="115,121,27,52,111,118,92,25,54,125,39,2,28" hai2="124,101,43,55,105,86,77,133,13,90,70,22,100" hai3="96,5,18,59,123,12,128,88,30,38,109,80,127"/><W7/><G123/><T64/><D37/><U32/><E92/><N who="2" m="54359" /><F70/><W62/><G38/><T60/><D4/><N who="3" m="1609" /><G109/><T29/><D73/><U65/><E65/><V45/><F105/><W91/><G128/><T103/><D40/><U98/><E98/><V0/><F0/><W17/><G127/><T130/><D130/><U122/><E28/><V95/><F124/><W76/><G30/><T119/><D119/><U53/><E39/><V51/><F133/><W42/><G42/><T26/><D26/><U48/><E48/><N who="2" m="26687" /><F77/><W108/><G108/><T9/><D9/><U8/><E8/><V104/><F104/><W81/><G17/><T11/><D11/><U79/><E79/><V35/><F35/><W6/><N who="3" m="1617" /><W102/><DORA hai="74" /><G102/><N who="2" m="39529" /><F95/><N who="3" m="56423" /><G91/><T19/><D19/><U107/><E107/><V114/><F114/><W106/><G76/><T33/><D33/><U69/><E32/><V120/><F120/><W72/><G72/><T132/><D132/><U131/><E2/><V117/><F117/><W44/><G44/><T67/><D94/><U16/><E16/><N who="2" m="10511" /><F51/><W113/><G113/><T129/><D129/><U56/><E131/><V75/><F75/><W61/><G106/><T14/><D14/><U66/><E125/><V36/><F36/><W1/><G1/><T21/><D21/><U110/><E115/><V84/><F84/><W58/><G62/><T89/><D50/><N who="1" m="30743" /><E111/><V68/><F68/><W10/><G61/><N who="0" m="37935" /><D103/><U46/><E121/><V71/><F71/><W83/><AGARI ba="2,0" hai="10,12,18,58,59,80,81,83" m="56423,1617" machi="83" ten="40,3900,0" yaku="8,1,54,1" doraHai="82,74" who="3" fromWho="3" sc="38,-15,245,-15,365,-15,352,45" owari="23,-47.7,230,-17.0,350,15.0,397,49.7" /></mjloggm>