<mjloggm ver="2.3"><GO type="225" lobby="0"/><UN n0="%E3%81%A8%E3%82%93%E3%81%A8%E3%81%93%E3%81%A8%E3%82%93" n1="%4B%2E%32%2E%4B%2E" n2="%E3%82%BC%E3%83%AB%E3%83%80%E3%81%AE%E4%BC%9D%E8%AA%AC" n3="%63%68%78%62%64" dan="16,17,17,16" rate="2121.63,2185.07,2166.40,2153.13" sx="F,M,M,M"/><TAIKYOKU oya="0"/><INIT seed="0,0,0,3,4,102" ten="250,250,250,250" oya="0" hai0="116,132,121,86,125,130,90,48,4,123,50,111,73" hai1="119,70,43,10,110,55,66,98,131,22,51,103,46" hai2="39,0,69,11,12,106,54,61,75,57,77,34,7" hai3="104,81,133,5,19,71,126,35,38,117,25,47,97"/><T96/><D4/><U134/><E119/><V78/><F34/><W26/><G117/><T83/><D116/><U127/><E110/><V42/><F106/><W76/><G133/><T107/><D132/><U100/><E134/><V13/><F69/><W8/><G126/><T28/><D28/><U2/><E127/><V85/><F85/><W101/><G71/><T84/><D125/><U114/><E131/><V79/><REACH who="2" step="1"/><F75/><REACH who="2" ten="250,250,240,250" step="2"/><W128/><G128/><T14/><D73/><U21/><E70/><V20/><F20/><W49/><G35/><T27/><D130/><U92/><E21/><V112/><F112/><W72/><G38/><T88/><D111/><U120/><E22/><V53/><F53/><W80/><G80/><T118/><D118/><U62/><E55/><V60/><F60/><W6/><G19/><T59/><D86/><U1/><E62/><V32/><F32/><W31/><G31/><T124/><D124/><U64/><E114/><V99/><F99/><W105/><G105/><T3/><D96/><U115/><E98/><V40/><F40/><W63/><G63/><T82/><D107/><U52/><E43/><V68/><F68/><W9/><G9/><T67/><D83/><U44/><E115/><V41/><F41/><W113/><G113/><T108/><D82/><U17/><E10/><V18/><F18/><W45/><G6/><T89/><D84/><U30/><E30/><V36/><F36/><W29/><G29/><T95/><D108/><U33/><E17/><V15/><F15/><N who="3" m="5519" /><G49/><T109/><D109/><U24/><E51/><V56/><F56/><RYUUKYOKU ba="0,1" sc="250,-15,250,-15,240,15,250,15" hai2="0,7,11,12,13,39,42,54,57,61,77,78,79" hai3="25,26,45,47,72,76,81,97,101,104" /><INIT seed="1,1,1,2,4,77" ten="235,235,255,265" oya="1" hai0="87,23,78,133,40,120,46,44,9,13,29,27,48" hai1="55,135,1,62,24,95,126,105,121,103,80,79,86" hai2="104,6,111,83,28,84,16,51,110,8,32,69,68" hai3="101,129,37,102,97,14,106,118,99,123,4,19,74"/><U89/><E121/><V39/><F39/><W71/><G123/><T20/><D120/><U57/><E1/><V49/><F104/><W21/><G129/><T36/><D133/><U34/><E135/><V76/><F32/><W5/><G37/><T91/><D78/><U18/><E126/><V12/><F28/><W116/><G74/><T112/><D112/><U109/><E109/><N who="2" m="41483" /><F6/><W73/><G73/><T134/><D134/><U131/><E131/><V42/><F42/><W130/><G71/><AGARI ba="1,1" hai="8,12,16,49,51,68,69,71,76,83,84" m="41483" machi="71" ten="30,3900,0" yaku="14,1,52,1,54,1" doraHai="77" who="2" fromWho="3" sc="235,0,235,0,255,52,265,-42" /><INIT seed="2,0,0,1,4,27" ten="235,235,307,223" oya="2" hai0="13,48,60,85,1,2,88,38,82,97,6,16,74" hai1="120,78,65,87,90,71,49,117,104,40,61,41,77" hai2="110,84,100,125,43,91,7,14,63,123,95,3,66" hai3="30,51,44,28,20,50,102,52,114,111,62,21,128"/><V129/><F123/><W107/><G114/><T101/><D38/><U31/><E117/><V32/><F125/><W18/><G128/><T76/><D6/><U22/><E104/><V39/><F129/><W42/><G111/><T37/><D37/><U29/><E120/><V17/><F110/><W134/><G134/><T67/><D48/><U135/><E22/><V86/><F32/><W4/><G62/><T99/><D67/><U24/><E24/><V105/><F7/><W46/><G4/><T121/><D60/><U124/><E124/><V118/><F3/><W9/><G107/><T108/><D121/><U15/><E15/><V23/><F118/><W79/><G102/><T5/><D5/><U116/><E135/><V72/><F72/><W69/><G69/><T8/><D108/><U11/><E11/><V12/><F12/><N who="3" m="7439" /><G79/><T57/><D57/><U10/><E10/><V132/><F132/><W103/><G103/><T133/><D133/><U119/><E119/><V58/><F100/><W25/><G20/><T35/><D35/><U112/><E112/><V53/><F105/><W106/><G106/><N who="0" m="63791" /><D99/><U94/><E116/><V93/><F66/><W34/><G34/><T98/><D98/><U81/><E49/><V130/><F130/><W92/><G92/><AGARI ba="0,0" hai="1,2,8,13,16,74,76,82,85,88,92" m="63791" machi="92" ten="30,3900,0" yaku="24,1,54,2" doraHai="27" who="0" fromWho="3" sc="235,39,235,0,307,0,223,-39" /><INIT seed="3,0,0,5,0,75" ten="274,235,307,184" oya="3" hai0="134,38,44,50,6,41,120,111,72,103,83,117,58" hai1="16,79,69,109,42,46,107,82,113,86,74,56,49" hai2="87,24,23,27,29,15,123,30,104,85,114,63,11" hai3="92,116,119,31,60,81,21,47,53,67,57,13,18"/><W5/><G5/><T68/><D117/><U132/><E113/><V1/><F114/><W39/><G31/><T80/><D120/><U34/><E69/><V8/><F123/><W77/><G92/><T118/><D118/><U126/><E34/><V62/><F104/><W115/><G115/><T108/><D68/><U121/><E121/><V36/><F36/><W95/><G95/><T61/><D134/><U25/><E132/><V48/><F48/><W125/><G125/><T20/><D103/><U112/><E112/><V71/><F1/><W96/><G96/><T91/><D6/><U90/><E126/><V12/><F71/><W32/><G32/><T101/><D101/><U73/><E107/><V129/><F23/><W26/><G26/><T98/><D20/><U55/><E109/><V22/><F22/><W4/><G4/><T59/><D38/><U70/><E70/><V33/><F33/><W99/><G99/><T52/><D59/><U2/><E2/><V131/><AGARI ba="0,0" hai="8,11,12,15,24,27,29,30,62,63,85,87,129,131" machi="131" ten="25,3200,0" yaku="0,1,22,2" doraHai="75" who="2" fromWho="2" sc="274,-8,235,-8,307,32,184,-16" owari="266,6.6,227,-17.3,339,43.9,168,-33.2" /></mjloggm>