<mjloggm ver="2.3"><GO type="225" lobby="0"/><UN n0="%E5%AF%82%E5%AF%9E%E3%82%AE%E3%83%8D%E3%82%B9%E3%83%93%E3%83%BC%E3%83%AB" n1="%E3%83%A9%E3%82%B9%E7%8E%87%EF%BC%93%E5%89%B2" n2="%33%74%72%65%65" n3="%E3%81%A1%E3%82%85%E3%81%86%E3%81%A9%E3%81%8F%E8%B1%A1%E3%81%95%E3%82%93" dan="16,16,17,16" rate="2145.59,2102.45,2150.60,2110.82" sx="M,F,F,M"/><TAIKYOKU oya="0"/><INIT seed="0,0,0,3,3,33" ten="250,250,250,250" oya="0" hai0="122,67,56,62,109,73,79,92,36,31,111,51,119" hai1="0,72,19,64,84,34,14,70,35,45,28,88,124" hai2="29,130,132,22,8,100,59,71,24,95,6,48,75" hai3="61,38,98,68,129,25,131,11,39,18,42,116,69"/><T32/><D119/><U106/><E72/><V55/><F132/><W120/><G116/><T37/><D122/><U78/><E78/><V133/><F133/><W16/><G120/><T90/><D51/><U99/><E124/><V81/><F130/><N who="3" m="49675" /><G98/><T118/><D118/><U128/><E128/><V23/><F71/><N who="3" m="27211" /><G61/><T27/><D79/><U57/><E70/><V63/><F75/><W80/><G80/><T126/><D73/><U82/><E45/><V123/><F123/><W65/><G65/><T3/><D126/><U30/><E35/><V40/><F81/><W135/><G135/><T20/><D32/><U13/><E34/><V97/><F40/><W76/><G76/><T87/><REACH who="0" step="1"/><D3/><REACH who="0" ten="240,250,250,250" step="2"/><U93/><E0/><V74/><F74/><W113/><G113/><T110/><AGARI ba="0,1" hai="20,27,31,36,37,56,62,67,87,90,92,109,110,111" machi="110" ten="30,12000,1" yaku="1,1,2,1,0,1,14,1,10,1,53,0" doraHai="33" doraHaiUra="47" who="0" fromWho="0" sc="240,130,250,-40,250,-40,250,-40" /><INIT seed="0,1,0,2,5,83" ten="370,210,210,210" oya="0" hai0="87,63,96,48,126,130,19,92,110,21,124,34,128" hai1="121,64,22,50,10,118,116,95,2,46,81,100,11" hai2="90,127,75,103,7,55,85,89,107,26,112,16,17" hai3="0,105,115,54,58,4,122,6,135,23,61,67,62"/><T125/><D34/><U3/><E121/><V82/><F112/><W94/><G115/><T56/><D48/><U86/><E64/><V65/><F127/><W37/><G105/><T25/><D110/><U123/><E123/><V79/><F65/><W102/><G37/><T74/><D74/><U111/><E111/><V30/><F7/><W33/><G33/><T78/><D78/><U97/><E3/><V18/><F55/><W109/><G109/><T5/><D5/><U104/><E2/><V120/><F120/><W44/><G122/><T113/><D87/><U93/><E104/><V39/><F39/><W31/><G135/><T76/><D76/><U12/><E95/><V13/><F13/><W73/><G73/><T134/><D134/><U57/><E57/><V43/><F43/><W20/><G0/><T69/><D69/><U70/><E70/><V45/><F45/><W91/><G102/><T114/><D114/><U99/><E99/><V29/><F75/><W77/><G77/><T66/><REACH who="0" step="1"/><D113/><REACH who="0" ten="360,210,210,210" step="2"/><U8/><E86/><V80/><F79/><W52/><G4/><T32/><D32/><U15/><E81/><V35/><F82/><W129/><G6/><T1/><D1/><U24/><E118/><V51/><F80/><W60/><G62/><T59/><D59/><U98/><E116/><V38/><F85/><N who="3" m="52591" /><G61/><T68/><D68/><U27/><E98/><N who="2" m="61943" /><F51/><W40/><G44/><T49/><D49/><U53/><REACH who="1" step="1"/><E27/><REACH who="1" ten="360,200,210,210" step="2"/><V71/><F71/><W101/><G58/><T84/><D84/><U36/><E36/><V88/><F38/><W47/><G47/><RYUUKYOKU ba="1,2" sc="360,10,200,10,210,10,210,-30" hai0="19,21,25,56,63,66,92,96,124,125,126,128,130" hai1="8,10,11,12,15,22,24,46,50,53,93,97,100" hai2="16,17,18,26,29,30,35,88,89,90" /><INIT seed="0,2,2,1,1,63" ten="370,210,220,180" oya="0" hai0="74,69,85,108,89,75,45,14,123,62,125,11,133" hai1="40,39,98,16,64,3,61,132,13,113,18,103,83" hai2="58,49,120,70,67,88,135,100,115,21,78,28,96" hai3="87,109,101,43,94,24,36,128,84,130,97,31,73"/><T55/><D123/><U48/><E3/><V107/><F120/><W26/><G73/><T129/><D125/><U8/><E39/><V65/><F115/><W38/><G109/><T25/><D129/><N who="3" m="49769" /><G26/><T95/><D133/><U118/><E118/><V51/><F135/><W80/><G43/><T23/><D108/><U34/><E34/><V15/><F78/><N who="3" m="46103" /><G87/><T112/><D112/><U35/><E35/><AGARI ba="2,2" hai="24,31,35,36,38,94,97,101" m="46103,49769" machi="35" ten="30,1000,0" yaku="19,1" doraHai="63" who="3" fromWho="1" sc="370,0,210,-16,220,0,180,36" /><INIT seed="1,0,0,1,5,103" ten="370,194,220,216" oya="1" hai0="32,30,69,3,128,118,33,26,74,15,73,23,70" hai1="72,115,99,92,43,19,97,41,12,116,7,51,28" hai2="101,126,125,49,98,123,9,55,27,111,58,77,4" hai3="105,119,104,8,13,17,45,56,132,21,85,24,48"/><U20/><E115/><V86/><F123/><W78/><G132/><T134/><D118/><U35/><E116/><V79/><F111/><W68/><G68/><T29/><D134/><U88/><E72/><V62/><F27/><W83/><G56/><T133/><D133/><U38/><E38/><V110/><F110/><W39/><G39/><T114/><D114/><U31/><E7/><V121/><F121/><W81/><G81/><T2/><D26/><U64/><E64/><V60/><F60/><W112/><G112/><T1/><D23/><U124/><E124/><N who="2" m="47723" /><F86/><W117/><G117/><T34/><D15/><U46/><E35/><V40/><F40/><W54/><REACH who="3" step="1"/><G119/><REACH who="3" ten="370,194,220,206" step="2"/><T52/><D70/><U91/><E43/><V127/><F127/><W44/><G44/><T102/><D69/><U50/><E50/><V93/><F49/><W100/><G100/><T37/><D102/><U10/><E10/><V76/><F76/><W89/><G89/><T16/><D37/><U131/><E131/><V82/><F82/><W90/><G90/><T96/><D128/><U94/><AGARI ba="0,1" hai="12,19,20,28,31,41,46,51,88,91,92,94,97,99" machi="94" ten="30,11700,0" yaku="0,1,9,1,8,1,54,1" doraHai="103" who="1" fromWho="1" sc="370,-39,194,127,220,-39,206,-39" /><INIT seed="1,1,0,0,3,133" ten="331,321,181,167" oya="1" hai0="22,114,75,69,7,81,13,83,76,42,98,115,48" hai1="101,37,90,49,47,126,124,43,59,61,84,14,127" hai2="0,117,32,74,9,89,125,112,130,116,19,57,97" hai3="55,11,134,73,111,92,15,63,25,107,34,1,93"/><U45/><E101/><V30/><F74/><W120/><G120/><T96/><D69/><U119/><E14/><V113/><F57/><W33/><G107/><T56/><D83/><U50/><E119/><N who="2" m="45643" /><F97/><W80/><G1/><T12/><D98/><U44/><E37/><V17/><F89/><W54/><G134/><T106/><D96/><U100/><E43/><V35/><F130/><W88/><G111/><T39/><D106/><U71/><E71/><V118/><N who="2" m="45651" /><V26/><DORA hai="21" /><F35/><W28/><G34/><T58/><D39/><U95/><E100/><V94/><F94/><W23/><G33/><T110/><D58/><U70/><E70/><V2/><F125/><W66/><G73/><T123/><D56/><U85/><E84/><V24/><F19/><W6/><G80/><T72/><D81/><U87/><E85/><V67/><F67/><AGARI ba="1,0" hai="44,45,47,49,50,59,61,67,87,90,95,124,126,127" machi="67" ten="50,12000,1" yaku="18,1,52,3" doraHai="133,21" who="1" fromWho="2" sc="331,0,321,123,181,-123,167,0" /><INIT seed="1,2,0,3,5,0" ten="331,444,58,167" oya="1" hai0="103,75,24,70,29,134,125,47,63,107,65,59,95" hai1="88,69,86,71,66,80,74,13,60,22,110,21,96" hai2="32,50,36,23,1,58,109,92,3,57,48,119,100" hai3="55,108,20,53,111,83,82,27,41,78,54,42,8"/><U6/><E74/><V64/><F32/><W14/><G82/><T9/><D75/><U77/><E110/><V123/><F36/><W17/><G108/><T28/><D28/><U94/><REACH who="1" step="1"/><E69/><REACH who="1" ten="331,434,58,167" step="2"/><V34/><F109/><W115/><G111/><T101/><D70/><U122/><E122/><V40/><F123/><W76/><G115/><T128/><D125/><U12/><E12/><V35/><F1/><W97/><G76/><T113/><D113/><U26/><E26/><V38/><F3/><W116/><G116/><T127/><D127/><U15/><E15/><V39/><F119/><W132/><G14/><T25/><D25/><U67/><E67/><V130/><F64/><W87/><G27/><T11/><D24/><U114/><E114/><V91/><F35/><W30/><G30/><T19/><D29/><U45/><E45/><V90/><F34/><W124/><G124/><T51/><D47/><U37/><E37/><V46/><F46/><W10/><G10/><AGARI ba="2,1" hai="6,10,13,21,22,60,66,71,77,80,86,88,94,96" machi="10" ten="40,7700,0" yaku="1,1,52,1,54,1,53,0" doraHai="0" doraHaiUra="52" who="1" fromWho="3" sc="331,0,434,93,58,0,167,-83" /><INIT seed="1,3,0,0,5,69" ten="331,527,58,84" oya="1" hai0="90,37,135,71,22,128,76,122,86,12,82,131,73" hai1="118,115,26,33,63,99,29,113,54,72,55,42,45" hai2="79,87,57,70,100,66,68,64,91,15,124,85,6" hai3="102,83,110,93,114,104,46,4,18,27,23,120,52"/><U103/><E72/><V125/><F100/><W49/><G120/><T56/><D71/><N who="2" m="27178" /><F79/><W35/><G114/><T16/><D122/><U32/><E118/><V94/><F57/><W50/><G110/><T53/><D37/><U1/><E1/><V75/><F75/><W88/><G35/><T25/><D25/><U51/><E32/><V130/><F130/><N who="0" m="49706" /><D135/><U7/><E7/><V96/><F6/><W107/><G4/><T108/><D108/><U80/><E80/><V30/><F30/><W116/><G116/><T106/><D106/><U31/><E31/><V8/><F15/><W2/><G2/><T92/><D53/><U84/><E84/><N who="2" m="32331" /><F8/><W98/><G83/><T36/><D36/><U105/><REACH who="1" step="1"/><E63/><REACH who="1" ten="331,517,58,84" step="2"/><V112/><F112/><AGARI ba="3,1" hai="26,29,33,42,45,51,54,55,99,103,105,112,113,115" machi="112" ten="40,7700,0" yaku="1,1,2,1,53,1" doraHai="69" doraHaiUra="40" who="1" fromWho="2" sc="331,0,517,96,58,-86,84,0" owari="331,13.1,613,71.3,-28,-52.8,84,-31.6" /></mjloggm>