<mjloggm ver="2.3"><GO type="225" lobby="0"/><UN n0="%33%74%72%65%65" n1="%73%61%6E%64%69%72%69%73" n2="%E6%B4%BE%E9%81%A3%E3%81%AE%E3%82%B8%E3%83%A3%E3%83%83%E3%82%AF" n3="%E9%B3%B3%E6%9D%B1%E3%81%AE%E3%81%86%E3%81%95%E3%81%8E%E3%81%95%E3%82%93" dan="16,16,16,17" rate="2094.62,2167.80,2149.38,2268.19" sx="F,M,M,M"/><TAIKYOKU oya="0"/><INIT seed="0,0,0,4,3,77" ten="250,250,250,250" oya="0" hai0="52,34,64,80,13,95,9,127,78,11,41,57,42" hai1="60,19,29,76,113,116,33,114,131,53,73,90,45" hai2="126,14,96,24,10,22,46,54,55,71,112,32,102" hai3="39,129,103,117,104,107,109,47,111,120,56,15,134"/><T87/><D127/><U98/><E116/><V69/><F112/><W125/><G117/><T3/><D34/><U51/><E131/><V99/><F32/><W130/><G15/><T101/><D3/><U124/><E124/><V48/><F126/><W38/><G125/><T121/><D121/><U65/><E19/><V67/><F55/><W62/><G103/><T31/><D31/><U68/><E29/><V59/><F69/><W8/><G8/><N who="0" m="3147" /><D64/><U25/><E25/><V81/><F71/><W119/><G119/><T63/><D13/><U110/><E110/><N who="3" m="41994" /><G107/><T37/><D37/><N who="3" m="13833" /><G104/><T133/><D133/><U108/><E108/><V17/><F102/><W123/><G47/><T100/><D100/><U135/><E135/><V44/><F81/><W50/><G50/><T82/><D82/><U93/><E33/><V49/><F67/><N who="3" m="39367" /><G134/><T20/><D20/><U128/><E128/><AGARI ba="0,0" hai="120,123,128,129,130" m="39367,13833,41994" machi="128" ten="40,8000,1" yaku="19,1,14,1,34,2" doraHai="77" who="3" fromWho="1" sc="250,0,250,-80,250,0,250,80" /><INIT seed="1,0,0,0,1,114" ten="250,170,250,330" oya="1" hai0="15,105,17,102,20,43,36,41,69,67,85,75,123" hai1="83,40,78,44,61,103,5,2,94,107,100,57,79" hai2="90,88,0,127,3,35,42,81,86,65,31,96,106" hai3="18,24,30,95,54,92,49,70,64,4,62,116,122"/><U48/><E107/><V73/><F127/><W89/><G122/><T124/><D75/><U47/><E79/><V22/><F35/><W82/><G4/><T109/><D124/><U128/><E128/><V133/><F133/><W45/><G18/><T115/><D115/><U113/><E113/><V38/><F65/><W134/><G134/><T39/><D39/><U98/><E2/><V50/><F38/><W58/><G116/><T59/><D69/><U21/><E5/><V130/><F73/><W55/><G82/><T7/><D36/><U13/><E47/><V126/><F126/><W33/><G89/><T87/><D109/><U23/><E13/><V97/><F130/><W51/><AGARI ba="0,0" hai="24,30,33,45,49,51,54,55,58,62,64,70,92,95" machi="51" ten="20,1500,0" yaku="0,1,7,1" doraHai="114" who="3" fromWho="3" sc="250,-4,170,-7,250,-4,330,15" /><INIT seed="2,0,0,2,5,41" ten="246,163,246,345" oya="2" hai0="63,120,9,115,132,15,108,122,50,83,87,84,77" hai1="116,43,51,37,31,119,65,114,57,0,17,131,16" hai2="49,134,58,18,29,42,13,8,56,27,112,36,104" hai3="68,78,86,79,59,2,3,6,94,21,47,10,98"/><V52/><F112/><W69/><G2/><T129/><D115/><U23/><E114/><V128/><F104/><W24/><G59/><T106/><D108/><U130/><E0/><V74/><F74/><W66/><G47/><T95/><D106/><U80/><E80/><V71/><F134/><W38/><G38/><T44/><D129/><N who="1" m="49163" /><E37/><V111/><F71/><W93/><G93/><T124/><D124/><U64/><E31/><V85/><F128/><W45/><G45/><T90/><D132/><U133/><E133/><V75/><F75/><W25/><G25/><T100/><D100/><U28/><E28/><V103/><F103/><W61/><G86/><T91/><D63/><N who="1" m="37999" /><E65/><V99/><F111/><W22/><G69/><T127/><D127/><U125/><E125/><V4/><F29/><W39/><G39/><T117/><D117/><N who="1" m="45131" /><E23/><V62/><F36/><W123/><G22/><T14/><D14/><U135/><E135/><V101/><F27/><W113/><G113/><T121/><D77/><U12/><E12/><V81/><F62/><W88/><G123/><T30/><D30/><AGARI ba="0,0" hai="3,6,10,21,24,30,61,66,68,78,79,88,94,98" machi="30" ten="30,2000,0" yaku="7,1,54,1" doraHai="41" who="3" fromWho="0" sc="246,-20,163,0,246,0,345,20" /><INIT seed="3,0,0,5,1,61" ten="226,163,246,365" oya="3" hai0="11,35,21,42,36,4,34,105,49,109,103,63,128" hai1="50,88,76,20,2,29,107,60,121,44,85,51,41" hai2="131,78,75,74,71,124,17,82,31,59,40,99,8" hai3="58,92,108,80,10,69,130,22,89,83,25,133,79"/><W39/><G69/><T15/><D36/><U84/><E121/><V117/><F71/><W68/><G68/><T111/><D128/><U64/><E2/><V67/><F117/><W114/><G114/><T13/><D63/><U46/><E107/><V94/><F31/><W24/><G39/><T118/><D118/><U52/><E76/><V45/><F124/><W65/><G133/><T98/><D42/><U90/><E29/><V1/><F17/><W19/><G108/><N who="0" m="41547" /><D49/><U126/><E126/><V125/><F131/><W96/><G10/><N who="0" m="4295" /><D21/><U38/><E38/><V127/><F74/><W47/><G83/><T134/><D134/><U93/><E20/><V66/><F59/><W101/><G89/><N who="1" m="34410" /><E93/><V120/><F120/><W72/><G101/><T123/><D123/><U95/><E95/><V116/><F116/><W135/><G79/><T62/><D62/><U100/><E100/><N who="2" m="60535" /><F127/><W18/><G92/><T27/><D27/><U119/><E119/><V129/><F129/><W91/><G24/><T122/><D122/><U112/><E112/><V86/><F125/><W5/><G25/><T23/><D23/><U73/><E73/><V115/><F115/><W33/><G72/><T77/><D77/><U110/><E110/><V81/><F1/><W106/><G130/><T14/><D34/><U55/><E41/><V102/><F102/><W56/><G33/><T6/><D35/><U12/><E12/><AGARI ba="0,0" hai="6,11,12,14,15,98,103,105" m="4295,41547" machi="12" ten="30,1000,0" yaku="14,1" doraHai="61" who="0" fromWho="1" sc="226,10,163,-10,246,0,365,0" owari="236,-16.4,153,-34.7,246,4.6,365,46.5" /></mjloggm>