<mjloggm ver="2.3"><GO type="225" lobby="0"/><UN n0="%65%6B%61%72%75%74%65" n1="%E3%81%99%E3%81%84%E3%81%BE%E3%81%9B%E3%83%BC%E3%82%93" n2="%E6%B8%A9%E2%98%85%E6%83%85%E2%98%85%E6%8E%AA%E2%98%85%E7%BD%AE" n3="%72%69%6F%75%63%68%61%6E" dan="16,18,18,16" rate="2136.44,2209.89,2218.25,2226.81" sx="M,M,M,M"/><TAIKYOKU oya="0"/><INIT seed="0,0,0,3,0,54" ten="250,250,250,250" oya="0" hai0="78,73,125,119,17,41,20,99,100,86,16,120,66" hai1="134,108,40,95,129,114,38,82,76,43,5,133,6" hai2="68,130,24,112,75,98,39,34,44,111,105,97,74" hai3="26,64,83,85,2,15,70,101,96,47,57,4,9"/><T60/><D119/><U63/><E108/><V7/><F98/><W103/><G70/><T135/><D120/><U1/><E129/><V84/><F84/><W42/><G2/><T12/><D125/><U115/><E95/><V117/><F112/><N who="1" m="43049" /><E63/><V69/><F7/><N who="1" m="2569" /><E1/><V52/><F52/><W62/><G26/><T81/><D135/><N who="1" m="51723" /><E38/><V58/><F111/><W29/><G29/><T59/><D41/><U61/><E61/><V33/><F130/><W56/><G96/><T65/><D17/><U131/><E131/><V25/><F39/><W102/><G62/><T46/><D46/><U89/><E89/><V45/><F105/><W28/><G28/><T71/><D73/><AGARI ba="0,0" hai="40,43,73,76,82" m="51723,2569,43049" machi="73" ten="30,2000,0" yaku="11,1,20,1" doraHai="54" who="1" fromWho="0" sc="250,-20,250,20,250,0,250,0" /><INIT seed="1,0,0,4,4,37" ten="230,270,250,250" oya="1" hai0="5,27,111,130,73,86,84,133,135,70,23,91,6" hai1="79,118,76,102,54,96,44,13,33,57,104,41,11" hai2="30,85,26,88,82,56,124,40,34,63,106,126,99" hai3="15,94,120,93,47,109,69,3,50,55,48,80,10"/><U58/><E33/><V74/><F74/><W49/><G109/><T95/><D111/><U108/><E118/><V32/><F32/><W78/><G120/><T87/><D130/><U1/><E1/><V38/><F106/><W125/><G125/><N who="2" m="48233" /><F99/><W119/><G119/><T90/><D70/><U127/><E127/><V113/><F113/><W66/><G3/><T97/><D73/><U105/><E104/><V51/><F38/><W39/><G66/><T43/><D43/><U4/><E108/><V12/><F12/><W61/><G69/><T122/><D91/><U25/><E25/><V7/><F7/><W110/><G110/><T14/><D122/><U64/><E64/><N who="2" m="39015" /><F51/><W53/><G39/><T20/><D135/><U101/><E101/><V98/><F98/><W72/><G61/><T42/><D42/><AGARI ba="0,0" hai="26,30,34,40,42,82,85,88" m="39015,48233" machi="42" ten="30,7700,0" yaku="18,1,52,2,54,1" doraHai="37" who="2" fromWho="0" sc="230,-77,270,0,250,77,250,0" /><INIT seed="2,0,0,2,0,37" ten="153,270,327,250" oya="2" hai0="9,41,88,92,77,118,111,56,10,74,73,61,97" hai1="132,84,13,29,62,24,28,3,50,129,80,20,27" hai2="122,131,47,83,48,66,133,39,21,43,127,64,105" hai3="93,89,117,7,94,26,2,59,58,68,46,113,128"/><V107/><F122/><W67/><G117/><T135/><D111/><U45/><E3/><V95/><F133/><W120/><G120/><T54/><D135/><U40/><E132/><V17/><F131/><W72/><G72/><T35/><D118/><U110/><E110/><V38/><F127/><W103/><G128/><T87/><D35/><U8/><E62/><V115/><F115/><W99/><G113/><T71/><D71/><U22/><E129/><V123/><F123/><W104/><G2/><T101/><D41/><U76/><E13/><V31/><F31/><W0/><G0/><T124/><D124/><U78/><E8/><V15/><F83/><W70/><G7/><T30/><D30/><U33/><E33/><V69/><F95/><W57/><G46/><T60/><D60/><U134/><E134/><V11/><F69/><W34/><G67/><T91/><D91/><AGARI ba="0,0" hai="20,22,24,27,28,29,40,45,50,76,78,80,84,91" machi="91" ten="30,7700,0" yaku="7,1,9,1,8,1,52,1" doraHai="37" who="1" fromWho="0" sc="153,-77,270,77,327,0,250,0" /><INIT seed="3,0,0,2,5,126" ten="76,347,327,250" oya="3" hai0="82,90,48,72,33,45,59,127,11,96,119,12,21" hai1="27,124,74,15,60,93,47,58,0,28,69,2,20" hai2="39,95,84,99,118,135,37,66,80,134,132,23,65" hai3="43,51,54,31,122,57,97,115,55,71,16,29,112"/><W14/><G122/><T3/><D119/><U123/><E123/><V103/><F118/><W53/><G71/><T42/><D127/><U41/><E69/><V88/><F23/><W62/><G115/><T50/><D33/><U81/><E124/><V49/><REACH who="2" step="1"/><F49/><REACH who="2" ten="76,347,317,250" step="2"/><W108/><G112/><T38/><D3/><U22/><E22/><V102/><F102/><W76/><G108/><T100/><D38/><AGARI ba="0,1" hai="37,38,39,65,66,80,84,88,95,99,103,132,134,135" machi="38" ten="50,6400,0" yaku="1,1,20,1,54,1,53,0" doraHai="126" doraHaiUra="52" who="2" fromWho="0" sc="76,-64,347,0,317,74,250,0" owari="12,-48.8,347,14.7,391,49.1,250,-15.0" /></mjloggm>