<mjloggm ver="2.3"><GO type="225" lobby="0"/><UN n0="%E3%81%8C%E3%81%9F" n1="%E6%9D%B1%E9%A2%A8%E3%81%AE%E3%81%8D%E3%82%83%E3%81%B7%E3%81%95%E3%82%93" n2="%72%69%6F%75%63%68%61%6E" n3="%E3%81%BF%E3%81%BF%E3%81%9A" dan="16,17,16,17" rate="2131.42,2259.06,2132.49,2294.40" sx="M,M,M,M"/><TAIKYOKU oya="0"/><INIT seed="0,0,0,0,1,36" ten="250,250,250,250" oya="0" hai0="94,13,33,126,39,29,105,131,132,88,35,85,65" hai1="14,34,123,66,9,50,86,19,120,11,98,128,51" hai2="59,125,5,75,47,71,69,54,27,103,10,82,8" hai3="55,26,56,116,61,77,110,21,92,93,97,28,32"/><T20/><D39/><U108/><E34/><V18/><F125/><W122/><G110/><T106/><D126/><U38/><E38/><V90/><F103/><W133/><G133/><T64/><D132/><U43/><E108/><V114/><F114/><W101/><G122/><T57/><D131/><U52/><E128/><V76/><F47/><W111/><G111/><T89/><D33/><U72/><E72/><V40/><F40/><W96/><G116/><T83/><D35/><U112/><E112/><V48/><F90/><W80/><G32/><T37/><D37/><U100/><E66/><V22/><REACH who="2" step="1"/><F10/><REACH who="2" ten="250,250,240,250" step="2"/><W87/><REACH who="3" step="1"/><G97/><REACH who="3" ten="250,250,240,240" step="2"/><T0/><D105/><AGARI ba="0,2" hai="21,26,28,55,56,61,77,80,87,92,93,96,101,105" machi="105" ten="30,3900,0" yaku="1,1,2,1,7,1,53,0" doraHai="36" doraHaiUra="134" who="3" fromWho="0" sc="250,-39,250,0,240,0,240,59" /><INIT seed="1,0,0,3,0,3" ten="211,250,240,299" oya="1" hai0="6,128,48,34,26,58,61,122,80,27,43,41,107" hai1="82,52,74,17,119,35,30,71,31,105,67,50,102" hai2="121,83,78,21,29,4,22,89,57,68,49,113,84" hai3="16,134,93,12,111,56,104,36,75,88,98,8,14"/><U2/><E2/><V45/><F121/><W85/><G134/><T1/><D107/><U60/><E119/><V37/><F68/><W81/><G36/><T28/><D122/><U96/><E17/><V123/><F123/><W101/><G111/><T63/><D128/><U66/><E66/><V118/><F118/><W129/><G129/><T64/><D80/><U97/><E97/><V65/><F113/><W18/><G56/><T47/><D27/><U23/><E23/><V0/><F29/><W112/><G112/><T9/><REACH who="0" step="1"/><D63/><REACH who="0" ten="201,250,240,299" step="2"/><U90/><E35/><V114/><F114/><W40/><G40/><AGARI ba="0,1" hai="1,6,9,26,28,34,40,41,43,47,48,58,61,64" machi="40" ten="30,7700,0" yaku="1,1,2,1,7,1,52,1,53,0" doraHai="3" doraHaiUra="86" who="0" fromWho="3" sc="201,87,250,0,240,0,299,-77" /><INIT seed="2,0,0,2,0,12" ten="288,250,240,222" oya="2" hai0="42,40,76,47,102,38,51,69,25,21,10,109,22" hai1="94,91,86,46,23,129,33,59,29,113,130,121,101" hai2="39,60,24,98,26,6,52,31,123,54,124,111,105" hai3="89,88,35,75,71,117,74,43,114,28,70,1,44"/><V49/><F123/><W132/><G117/><T80/><D109/><U72/><E72/><V14/><F39/><W96/><G1/><T78/><D69/><U73/><E73/><V45/><F111/><W67/><G28/><T83/><D102/><U5/><E5/><V126/><F105/><W18/><G35/><T36/><D10/><U57/><E121/><V107/><F60/><W0/><G0/><T65/><D65/><U87/><E101/><V95/><F107/><W66/><G132/><T2/><D2/><U106/><E106/><V3/><F3/><W34/><G34/><T48/><D25/><U110/><E33/><V17/><F54/><W62/><G114/><T20/><D20/><U84/><E46/><AGARI ba="0,0" hai="21,22,36,38,40,42,46,47,48,51,76,78,80,83" machi="46" ten="25,1600,0" yaku="22,2" doraHai="12" who="0" fromWho="1" sc="288,16,250,-16,240,0,222,0" /><INIT seed="3,0,0,4,3,63" ten="304,234,240,222" oya="3" hai0="94,25,131,109,17,64,91,132,123,45,92,80,79" hai1="134,1,135,77,51,117,113,47,122,13,4,41,57" hai2="21,48,8,66,115,23,84,88,71,130,12,62,46" hai3="124,14,38,89,6,37,99,26,114,100,126,34,81"/><W43/><G114/><T58/><D123/><U44/><E122/><V2/><F130/><W108/><G6/><T74/><D131/><U106/><E106/><V56/><F71/><W67/><G14/><T101/><D109/><U76/><E117/><V86/><F2/><W33/><G108/><T7/><D132/><N who="1" m="50731" /><E113/><V65/><F65/><W54/><G54/><T121/><D121/><U59/><E1/><V3/><F3/><W104/><G67/><T35/><D7/><U133/><E133/><V9/><F84/><N who="3" m="50319" /><G43/><T73/><D73/><U75/><E47/><V29/><F115/><W24/><G26/><T52/><D64/><U95/><E95/><N who="2" m="54679" /><F29/><N who="3" m="19623" /><G34/><T82/><D35/><U11/><E75/><V97/><F97/><W70/><G70/><T116/><D74/><U16/><E4/><N who="2" m="3079" /><F9/><W127/><AGARI ba="0,0" hai="37,38,99,100,104,124,126,127" m="19623,50319" machi="127" ten="30,1500,0" yaku="18,1" doraHai="63" who="3" fromWho="3" sc="304,-5,234,-5,240,-5,222,15" /><INIT seed="3,1,0,5,5,66" ten="299,229,235,237" oya="3" hai0="119,41,111,87,80,93,16,133,123,82,19,33,2" hai1="86,129,130,57,29,88,54,38,25,70,14,46,97" hai2="91,117,118,62,92,26,78,42,1,34,3,59,110" hai3="132,47,39,79,10,68,60,104,31,65,40,100,131"/><W23/><G131/><N who="1" m="50186" /><E14/><V17/><F110/><W106/><G132/><T77/><D119/><U20/><E97/><V74/><F42/><W52/><G79/><T18/><D123/><U51/><E38/><V64/><F78/><W105/><G10/><T101/><D2/><U53/><E70/><V83/><F83/><W5/><G5/><T63/><D33/><U50/><E86/><V35/><F74/><W98/><REACH who="3" step="1"/><G52/><REACH who="3" ten="299,229,235,227" step="2"/><T103/><D133/><U11/><E11/><V56/><F118/><W75/><G75/><T124/><D77/><U58/><E88/><V84/><F117/><W15/><G15/><T67/><D111/><U30/><E46/><V72/><F72/><W102/><G102/><T127/><D103/><U90/><E90/><V125/><F1/><W13/><G13/><T99/><D101/><U122/><E122/><V4/><F3/><W116/><G116/><T7/><D7/><U71/><E71/><V27/><F4/><W69/><G69/><T44/><D44/><U48/><E48/><V0/><F0/><W112/><G112/><T21/><D124/><U135/><E135/><V114/><F125/><W89/><G89/><T36/><D127/><U43/><E43/><V73/><F114/><W76/><G76/><T6/><D6/><U96/><E96/><V22/><F73/><W55/><G55/><T108/><D99/><U85/><E85/><V9/><F9/><W134/><G134/><T81/><D108/><U61/><E50/><V128/><F128/><W94/><G94/><T95/><D87/><U28/><AGARI ba="1,1" hai="20,25,28,29,30,51,53,54,57,58,61" m="50186" machi="28" ten="30,1100,0" yaku="19,1" doraHai="66" who="1" fromWho="1" sc="299,-4,229,24,235,-4,227,-6" /><INIT seed="4,0,0,2,0,107" ten="295,253,231,221" oya="0" hai0="82,22,111,102,25,27,109,122,8,2,18,90,19" hai1="130,60,41,92,95,115,80,23,79,124,100,70,59" hai2="110,97,9,66,3,38,48,34,49,10,36,26,56" hai3="28,47,103,39,4,131,87,52,116,32,73,135,11"/><T13/><D122/><U106/><E70/><V123/><F123/><W74/><G116/><T94/><D2/><U104/><E41/><V98/><F110/><N who="0" m="41994" /><D82/><U114/><E23/><V125/><F125/><W128/><G103/><T50/><D50/><U7/><E7/><V134/><F134/><W77/><G135/><T65/><D65/><U96/><E124/><V93/><F3/><N who="3" m="415" /><G87/><N who="0" m="52575" /><D102/><U15/><E106/><V108/><F108/><W72/><G77/><T51/><D51/><U105/><E105/><V83/><F48/><W0/><G0/><T117/><D117/><U119/><E119/><V58/><F49/><W99/><G52/><T69/><D69/><U42/><E42/><V86/><F83/><W16/><G99/><T129/><D25/><U53/><E15/><V113/><F86/><W1/><G1/><T62/><D62/><U68/><E68/><V133/><F133/><W12/><G47/><T64/><D64/><U17/><E104/><V45/><F66/><W67/><G39/><N who="2" m="14889" /><F45/><W33/><G67/><T35/><D35/><U118/><E118/><V37/><N who="2" m="14897" /><V112/><DORA hai="31" /><F34/><W55/><G55/><T46/><D46/><U91/><E53/><V81/><F81/><W120/><G120/><T6/><D6/><U121/><E80/><V40/><F40/><W126/><G126/><T84/><D84/><N who="1" m="52327" /><E121/><V85/><F85/><W75/><N who="3" m="18432" /><DORA hai="76" /><W5/><G5/><T61/><D61/><U30/><E60/><V20/><F56/><W29/><G32/><T101/><D101/><N who="1" m="60575" /><E59/><V127/><F127/><W57/><G57/><T54/><D54/><RYUUKYOKU ba="0,0" sc="295,30,253,-10,231,-10,221,-10" hai0="8,13,18,19,22,27,129" owari="325,42.5,243,4.3,221,-17.9,211,-28.9" /></mjloggm>