<mjloggm ver="2.3"><GO type="225" lobby="0"/><UN n0="%4E%6F%2E%30%30%30%31" n1="%E7%BD%AA%E5%88%91%E6%B3%95%E5%AE%9A%E4%B8%BB%E7%BE%A9" n2="%E6%A0%B9%E5%85%83%E3%81%8B%E3%82%89%E5%90%B9%E3%81%A3%E9%A3%9B%E3%81%B6" n3="%E9%BA%BB%E9%9B%80%E5%B0%91%E5%B9%B4" dan="18,16,17,17" rate="2308.04,2193.78,2214.29,2158.46" sx="M,M,F,M"/><TAIKYOKU oya="0"/><INIT seed="0,0,0,3,4,34" ten="250,250,250,250" oya="0" hai0="132,74,67,18,39,93,47,121,100,30,106,55,17" hai1="2,122,26,84,58,86,20,7,16,125,27,114,32" hai2="72,45,64,5,63,13,15,42,115,129,23,59,25" hai3="60,113,120,11,12,85,119,94,111,102,79,68,89"/><T49/><D121/><U135/><E122/><V109/><F109/><W1/><G120/><T110/><D74/><U99/><E125/><V50/><F129/><W128/><G113/><T88/><D132/><U71/><E71/><V77/><F115/><W19/><G119/><T24/><D110/><U48/><E114/><V104/><F104/><W56/><G111/><T54/><D39/><U133/><E99/><V81/><REACH who="2" step="1"/><F5/><REACH who="2" ten="250,250,240,250" step="2"/><W73/><G128/><T22/><D67/><U41/><E135/><V53/><F53/><N who="0" m="19978" /><D106/><U44/><E133/><V95/><F95/><W46/><G94/><T101/><D101/><U117/><E117/><V131/><F131/><W103/><G102/><T3/><D100/><U6/><E6/><V0/><F0/><W80/><G1/><T31/><D3/><U4/><E4/><V69/><F69/><W65/><G103/><T87/><D17/><AGARI ba="0,1" hai="13,15,17,23,25,42,45,50,59,63,64,72,77,81" machi="17" ten="30,3900,0" yaku="1,1,7,1,53,1" doraHai="34" doraHaiUra="14" who="2" fromWho="0" sc="250,-39,250,0,240,49,250,0" /><INIT seed="1,0,0,5,4,86" ten="211,250,289,250" oya="1" hai0="39,108,3,107,91,101,13,20,134,127,116,75,121" hai1="33,21,68,123,78,65,97,46,54,93,112,115,102" hai2="34,98,114,27,43,50,103,72,14,128,9,79,94" hai3="60,88,47,92,7,133,84,64,52,118,105,131,81"/><U117/><E117/><V77/><F128/><W55/><G105/><T69/><D91/><U12/><E123/><V15/><F114/><W36/><G131/><T122/><D101/><U109/><E33/><V18/><F72/><W113/><G113/><T59/><D59/><U16/><E109/><V49/><F34/><W40/><G118/><T17/><D17/><U56/><E78/><N who="2" m="29707" /><F43/><W38/><G38/><T66/><D13/><N who="2" m="4618" /><F9/><W119/><G119/><T37/><D20/><AGARI ba="0,0" hai="18,20,27,49,50,94,98,103" m="4618,29707" machi="20" ten="30,1000,0" yaku="8,1" doraHai="86" who="2" fromWho="0" sc="211,-10,250,0,289,10,250,0" /><INIT seed="2,0,0,2,5,62" ten="201,250,299,250" oya="2" hai0="114,33,130,47,21,92,125,51,83,105,61,109,0" hai1="46,29,127,38,90,119,80,49,89,131,23,59,60" hai2="85,97,13,86,123,70,12,120,56,100,66,71,20" hai3="22,115,122,36,69,10,7,134,128,77,108,6,50"/><V15/><F20/><W79/><G36/><T57/><D114/><U75/><E119/><V26/><F26/><W5/><G122/><T44/><D105/><U17/><E127/><V118/><F118/><W3/><G108/><T98/><D33/><U78/><E131/><V106/><F56/><W58/><G69/><T37/><D109/><U82/><E38/><V55/><F55/><W14/><G128/><T112/><D112/><U43/><E82/><V94/><F106/><W42/><G115/><T24/><D0/><U28/><E28/><V101/><F66/><W9/><G134/><T113/><D130/><U30/><E30/><V72/><F72/><W74/><G5/><T116/><D125/><U129/><E29/><V35/><F35/><W73/><G22/><T126/><D126/><U135/><E135/><V34/><F34/><W18/><G6/><T67/><D113/><U8/><E8/><V121/><REACH who="2" step="1"/><F100/><REACH who="2" ten="201,250,289,250" step="2"/><W103/><G103/><T1/><D116/><U99/><E129/><V31/><F31/><W65/><G74/><T132/><D132/><U54/><E99/><V95/><F95/><W63/><G73/><T93/><D93/><U52/><REACH who="1" step="1"/><E54/><REACH who="1" ten="201,240,289,250" step="2"/><V53/><F53/><W39/><G9/><T76/><D98/><U40/><E40/><V45/><F45/><W133/><G133/><T96/><D47/><U88/><E88/><V87/><AGARI ba="0,2" hai="12,13,15,70,71,85,86,87,94,97,101,120,121,123" machi="87" ten="40,12000,1" yaku="1,1,0,1,29,2,53,0" doraHai="62" doraHaiUra="84" who="2" fromWho="2" sc="201,-40,240,-40,289,140,250,-40" /><INIT seed="2,1,0,4,4,90" ten="161,200,429,210" oya="2" hai0="113,42,32,108,22,48,77,66,88,30,4,15,109" hai1="52,78,1,120,11,83,76,104,85,40,41,116,64" hai2="27,56,57,47,20,106,124,129,44,6,33,75,29" hai3="23,54,94,122,118,112,125,13,71,84,0,86,65"/><V126/><F75/><W60/><G0/><T110/><D113/><U28/><E116/><V79/><F79/><W53/><G118/><T37/><D37/><U89/><E104/><V19/><F106/><W98/><G122/><T17/><D77/><U63/><E120/><V7/><F129/><W16/><G125/><T21/><D66/><U95/><E28/><V67/><F33/><W55/><REACH who="3" step="1"/><G112/><REACH who="3" ten="161,200,429,200" step="2"/><T61/><D110/><U121/><E121/><V69/><F126/><W134/><G134/><T91/><D109/><U3/><E3/><V50/><F124/><W115/><G115/><T103/><D108/><U93/><E1/><V31/><F29/><W45/><G45/><T10/><D32/><U127/><E127/><V43/><F43/><BYE who="2" /><W8/><G8/><T14/><D14/><U132/><E132/><V123/><F123/><W18/><G18/><T80/><D30/><U87/><E11/><V5/><F5/><W34/><G34/><T26/><D22/><U102/><E40/><V114/><F114/><W72/><G72/><T2/><D2/><U24/><E41/><UN n2="%E6%A0%B9%E5%85%83%E3%81%8B%E3%82%89%E5%90%B9%E3%81%A3%E9%A3%9B%E3%81%B6" /><V51/><F44/><W36/><G36/><T9/><D9/><U59/><E24/><V74/><F47/><W111/><G111/><T12/><D26/><U133/><E133/><V119/><F27/><W68/><G68/><T99/><D4/><U92/><E102/><AGARI ba="1,1" hai="13,16,23,53,54,55,60,65,71,84,86,94,98,102" machi="102" ten="40,5200,0" yaku="1,1,52,1,54,1,53,0" doraHai="90" doraHaiUra="131" who="3" fromWho="1" sc="161,0,200,-55,429,0,200,65" /><INIT seed="3,0,0,0,4,116" ten="161,145,429,265" oya="3" hai0="95,24,99,58,34,51,39,3,64,40,87,93,50" hai1="44,88,26,115,74,85,73,20,133,122,101,9,117" hai2="10,80,86,118,111,91,25,60,106,128,69,15,104" hai3="110,33,96,130,97,120,126,0,30,41,98,62,61"/><W54/><G120/><T77/><D3/><U2/><E122/><V29/><F118/><W129/><G0/><T4/><D39/><U48/><E115/><V53/><F111/><W28/><G110/><T55/><D34/><U42/><E117/><V13/><F128/><N who="3" m="49259" /><G126/><T127/><D4/><U79/><E133/><V131/><F131/><W45/><G33/><T134/><D134/><U125/><E125/><V102/><F102/><W81/><G81/><N who="0" m="47535" /><D127/><U59/><E101/><V11/><F11/><W78/><G78/><T71/><D71/><U119/><E119/><V27/><F15/><W16/><G16/><T68/><D68/><U31/><E79/><V56/><F69/><W7/><G7/><T57/><D24/><U21/><E21/><V113/><F113/><W47/><G54/><N who="0" m="31959" /><D64/><U90/><E90/><V114/><F114/><W32/><G32/><T70/><D70/><U109/><E109/><V112/><F112/><W17/><G17/><T65/><D65/><U67/><E2/><V94/><F27/><W14/><G14/><T123/><D123/><U105/><E105/><V121/><F80/><W35/><G35/><T76/><D76/><U52/><E67/><V37/><F121/><W6/><G6/><T100/><D40/><U75/><E9/><V63/><F13/><W84/><G84/><T1/><D1/><U92/><E75/><V82/><F10/><W103/><G103/><T38/><D95/><U43/><E43/><V124/><F124/><W22/><G22/><T89/><D100/><U5/><E5/><V66/><F25/><W108/><G41/><RYUUKYOKU ba="0,0" sc="161,15,145,15,429,-15,265,-15" hai0="38,51,55,58,89,93,99" hai1="20,26,31,42,44,48,52,59,73,74,85,88,92" owari="176,-22.4,160,-34.0,414,51.4,250,5.0" /></mjloggm>