<mjloggm ver="2.3"><GO type="225" lobby="0"/><UN n0="%E3%83%97%E3%83%AC%E3%83%B4%E3%82%A1%E3%83%86%E3%82%A3" n1="%E3%81%A8%E3%82%93%E3%81%A8%E3%81%93%E3%81%A8%E3%82%93" n2="%E3%82%BC%E3%83%AB%E3%83%80%E3%81%AE%E4%BC%9D%E8%AA%AC" n3="%E3%82%B2%E3%82%B9%E8%8C%82%E5%8B%9D" dan="16,16,17,16" rate="2160.21,2132.08,2134.89,2074.60" sx="F,F,M,F"/><TAIKYOKU oya="0"/><INIT seed="0,0,0,3,3,133" ten="250,250,250,250" oya="0" hai0="46,29,114,96,50,48,99,113,59,109,135,125,70" hai1="85,134,54,112,115,128,126,25,15,31,14,62,19" hai2="53,45,101,64,42,93,127,77,52,76,121,21,58" hai3="9,36,39,22,12,84,16,92,110,89,35,6,7"/><T13/><D70/><U66/><E54/><V0/><F121/><W73/><G110/><T116/><D135/><U95/><E134/><V71/><F0/><W81/><G35/><T27/><D116/><U1/><E1/><V117/><F127/><W28/><G28/><T123/><D123/><U32/><E128/><V55/><F117/><W82/><G6/><T105/><D109/><U104/><E104/><V107/><F107/><W33/><G33/><T102/><D96/><U26/><E85/><V44/><F71/><W49/><G49/><T108/><D108/><U103/><E95/><V88/><F101/><W86/><G73/><T68/><D68/><U67/><E103/><V11/><F11/><W106/><G106/><T75/><D75/><U87/><E87/><N who="2" m="52383" /><F21/><W97/><G84/><T83/><D83/><U38/><E38/><V122/><F122/><W8/><G8/><T10/><D125/><U63/><E126/><V56/><F56/><W131/><G131/><T30/><D59/><U41/><E32/><V74/><F74/><W23/><G23/><N who="0" m="15615" /><D30/><U2/><E31/><V111/><F111/><W34/><G34/><T130/><D130/><U3/><REACH who="1" step="1"/><E19/><REACH who="1" ten="250,240,250,250" step="2"/><V57/><F55/><W124/><G124/><T37/><D37/><U65/><E65/><V78/><F64/><W40/><G40/><AGARI ba="0,1" hai="2,3,14,15,25,26,40,41,62,63,66,67,112,115" machi="40" ten="25,3200,0" yaku="1,1,22,2,53,0" doraHai="133" doraHaiUra="90" who="1" fromWho="3" sc="250,0,240,42,250,0,250,-32" /><INIT seed="1,0,0,5,1,131" ten="250,282,250,218" oya="1" hai0="124,55,50,73,69,126,89,76,119,82,98,62,16" hai1="92,46,113,102,23,97,13,63,24,95,70,125,38" hai2="115,79,94,37,130,47,9,54,20,17,103,28,12" hai3="104,75,10,64,117,36,132,39,128,66,105,53,19"/><U58/><E113/><V74/><F115/><W8/><G75/><T21/><D119/><U122/><E122/><V86/><F130/><W7/><G128/><T99/><D69/><U25/><E70/><V15/><F74/><W5/><G19/><T42/><D42/><U4/><E125/><N who="0" m="48233" /><D62/><U40/><E92/><V3/><F3/><W14/><G14/><N who="0" m="9367" /><D89/><U96/><E97/><N who="2" m="59831" /><F37/><W88/><G53/><T72/><D72/><U85/><E85/><V49/><F28/><W41/><G88/><T67/><D67/><U26/><E4/><N who="2" m="3111" /><F86/><W48/><G41/><T108/><D108/><U68/><E68/><V87/><F87/><W43/><G43/><T81/><D81/><U60/><REACH who="1" step="1"/><E58/><AGARI ba="0,0" hai="50,55,58,73,76,82,98,99" m="9367,48233" machi="58" ten="30,2000,0" yaku="18,1,54,1" doraHai="131" who="0" fromWho="1" sc="250,20,282,-20,250,0,218,0" /><INIT seed="2,0,0,1,0,102" ten="270,262,250,218" oya="2" hai0="99,16,119,37,0,49,96,6,128,44,69,103,81" hai1="79,45,66,94,43,90,1,134,62,30,12,95,80" hai2="21,41,52,18,77,131,28,29,73,63,13,110,105" hai3="68,100,101,64,71,76,87,38,53,9,54,115,70"/><V32/><F105/><W126/><G38/><T92/><D128/><U20/><E1/><V91/><F131/><W19/><G126/><T58/><D69/><U106/><E106/><V7/><F32/><W17/><G64/><T23/><D119/><U112/><E134/><V130/><F130/><W14/><G115/><T4/><D0/><U61/><E112/><V60/><F110/><W15/><G76/><T129/><D129/><U26/><E12/><V123/><F123/><W57/><G87/><T108/><D108/><U116/><E116/><V56/><F41/><W111/><G111/><T89/><D37/><U10/><E10/><N who="2" m="4319" /><F77/><W55/><REACH who="3" step="1"/><G57/><REACH who="3" ten="270,262,250,208" step="2"/><T51/><D58/><U88/><E79/><V122/><F73/><W3/><G3/><T117/><D117/><U109/><E66/><V25/><F122/><W98/><G98/><T132/><D132/><U8/><E109/><V75/><F75/><W31/><G31/><N who="2" m="11849" /><F91/><W93/><G93/><N who="0" m="58767" /><D81/><U34/><E80/><V59/><F59/><W67/><G67/><T85/><D99/><U83/><E83/><V118/><F118/><W135/><G135/><T40/><D85/><U27/><E95/><V36/><F36/><W39/><G39/><T114/><D92/><U97/><E90/><V42/><F42/><W50/><G50/><AGARI ba="0,1" hai="18,21,25,50,52,56,60,63" m="11849,4319" machi="50" ten="30,2900,0" yaku="8,1,54,1" doraHai="102" who="2" fromWho="3" sc="270,0,262,0,250,39,208,-29" /><INIT seed="2,1,0,3,0,111" ten="270,262,289,179" oya="2" hai0="99,17,105,135,27,49,123,134,131,117,0,52,5" hai1="44,83,97,28,24,32,68,91,16,103,64,4,89" hai2="55,26,73,118,51,35,110,69,113,125,87,18,95" hai3="46,100,38,93,50,14,19,85,106,119,43,36,12"/><V116/><F73/><W88/><G119/><T56/><D117/><U98/><E4/><V77/><F69/><W80/><G106/><T114/><D123/><U126/><E126/><V58/><F113/><W129/><G129/><T25/><D131/><U92/><E44/><V40/><F125/><W108/><G108/><T128/><D128/><U120/><E120/><V20/><F110/><W82/><G12/><T76/><D76/><U79/><E68/><V2/><F2/><W101/><G80/><T75/><D75/><U107/><E64/><V7/><F7/><W70/><G70/><T127/><D127/><U66/><E66/><V122/><F122/><W21/><G36/><T37/><D37/><U74/><REACH who="1" step="1"/><E16/><REACH who="1" ten="270,252,289,179" step="2"/><V94/><F18/><W23/><G21/><T124/><D124/><U29/><E29/><V102/><F20/><W41/><G38/><T81/><D17/><U30/><E30/><V84/><F118/><W54/><G41/><T104/><D5/><U90/><AGARI ba="1,1" hai="24,28,32,74,79,83,89,90,91,92,97,98,103,107" machi="90" ten="20,2700,0" yaku="1,1,0,1,7,1,53,0" doraHai="111" doraHaiUra="39" who="1" fromWho="1" sc="270,-8,252,40,289,-14,179,-8" /><INIT seed="3,0,0,3,2,76" ten="262,292,275,171" oya="3" hai0="55,108,118,122,6,42,110,68,52,4,62,50,43" hai1="60,129,83,120,36,84,75,73,61,115,116,32,47" hai2="81,64,101,37,2,80,69,39,98,114,40,57,25" hai3="19,70,65,102,44,103,77,5,79,30,21,46,86"/><W10/><G30/><T0/><D0/><U66/><E120/><V93/><F114/><W13/><G65/><N who="0" m="41015" /><D4/><U127/><E115/><V119/><F119/><W126/><G70/><T72/><D6/><U12/><E32/><V99/><F2/><W59/><G126/><T49/><D72/><U74/><E129/><V8/><F8/><W109/><G109/><N who="0" m="42091" /><D122/><U20/><E116/><V31/><F98/><W117/><G117/><T87/><D87/><U113/><E113/><V15/><F15/><N who="3" m="5583" /><G59/><N who="0" m="33167" /><D118/><U97/><E97/><V78/><F69/><W125/><G125/><T26/><D26/><U106/><E106/><V132/><F132/><W22/><G22/><T51/><D51/><U48/><E127/><V130/><F130/><W82/><G77/><T58/><AGARI ba="0,0" hai="42,43,50,55,58" m="33167,42091,41015" machi="58" ten="30,7900,0" yaku="14,1,34,2,54,1" doraHai="76" who="0" fromWho="0" sc="262,79,292,-20,275,-20,171,-39" owari="341,44.1,272,7.2,255,-14.5,132,-36.8" /></mjloggm>