<mjloggm ver="2.3"><GO type="225" lobby="0"/><UN n0="%6D%75%75%6D%75%72%61" n1="%E3%83%B4%E3%82%A3%E3%83%AF%E3%82%B3%E3%82%B0%E3%83%8B" n2="%E9%80%9F%E6%B0%B4%E5%87%9B%E9%A6%99" n3="%E5%8D%A0%E3%81%84%E5%B8%AB%E8%A3%8F%E3%81%AA%E3%81%84%E3%81%97" dan="17,16,16,17" rate="2175.19,2180.94,2134.18,2169.34" sx="F,M,F,M"/><TAIKYOKU oya="0"/><INIT seed="0,0,0,2,5,20" ten="250,250,250,250" oya="0" hai0="77,85,8,109,115,0,113,123,6,37,24,122,106" hai1="108,39,26,57,119,53,14,61,110,42,54,21,47" hai2="13,51,11,44,72,76,67,89,16,134,90,50,66" hai3="55,116,19,86,91,32,121,125,131,49,102,130,31"/><T43/><D106/><U60/><E14/><V64/><F134/><W75/><G75/><T88/><D77/><U12/><E12/><V56/><F72/><W58/><G116/><T5/><D5/><U97/><E119/><V133/><F133/><W128/><G125/><T59/><D109/><N who="1" m="42091" /><E97/><V87/><F76/><W9/><G102/><T18/><D59/><U118/><E118/><V70/><F70/><W36/><G36/><T2/><D2/><U107/><E107/><V40/><F50/><W52/><G121/><T92/><D123/><U15/><E15/><V68/><F68/><W25/><G19/><T98/><D122/><U135/><E135/><V48/><F48/><W33/><G55/><N who="1" m="21002" /><E57/><V103/><F103/><W69/><G69/><T132/><D132/><U96/><E96/><V3/><F3/><W80/><REACH who="3" step="1"/><G9/><REACH who="3" ten="250,250,250,240" step="2"/><T4/><D8/><U104/><E104/><V38/><F38/><W81/><G81/><T71/><D71/><U1/><E39/><V114/><F114/><W120/><G120/><T29/><D115/><U73/><E73/><V28/><F28/><W79/><G79/><T41/><D113/><U95/><E95/><N who="2" m="54719" /><F90/><W35/><AGARI ba="0,1" hai="25,31,32,33,35,49,52,58,80,86,91,128,130,131" machi="35" ten="40,8000,1" yaku="1,1,0,1,19,1,52,1,54,1,53,0" doraHai="20" doraHaiUra="111" who="3" fromWho="3" sc="250,-40,250,-20,250,-20,240,90" /><INIT seed="1,0,0,2,2,77" ten="210,230,230,330" oya="1" hai0="134,41,64,108,33,118,91,66,55,89,78,110,101" hai1="58,3,42,75,105,71,113,68,0,56,51,70,62" hai2="50,11,13,63,60,80,90,59,119,20,114,69,121" hai3="45,131,22,17,43,93,73,57,95,8,92,115,83"/><U76/><E113/><V16/><F121/><W44/><G115/><T79/><D118/><U4/><E105/><V14/><F119/><W87/><G73/><T132/><D101/><U103/><E103/><V24/><F114/><W61/><G8/><T34/><REACH who="0" step="1"/><D55/><REACH who="0" ten="200,230,230,330" step="2"/><U35/><E35/><V116/><F116/><W36/><G131/><T120/><D120/><U32/><E32/><V9/><F69/><W86/><G93/><T6/><D6/><U18/><E4/><N who="2" m="3239" /><F50/><W40/><G95/><T53/><D53/><U15/><E70/><V23/><F59/><W28/><G92/><T2/><D2/><U82/><E68/><V10/><F10/><W133/><G57/><T26/><D26/><U129/><E129/><V111/><F111/><W81/><G44/><T126/><D126/><U38/><E71/><V94/><F94/><W122/><G45/><T12/><D12/><U117/><E117/><V88/><F80/><W67/><G122/><T25/><D25/><U102/><E51/><V127/><F127/><W97/><G83/><T106/><D106/><U98/><E56/><V74/><F74/><W84/><G81/><T107/><D107/><U48/><E48/><V19/><F11/><W21/><G86/><T39/><D39/><U27/><E27/><V130/><F130/><W37/><G84/><T112/><D112/><U47/><E15/><V46/><F46/><W109/><G87/><T85/><D85/><U124/><E124/><V99/><F99/><W72/><G97/><T128/><D128/><U125/><E125/><V52/><F52/><W31/><G37/><RYUUKYOKU ba="0,1" sc="200,15,230,-15,230,15,330,-15" hai0="33,34,41,64,66,78,79,89,91,108,110,132,134" hai2="14,16,19,20,23,24,60,63,88,90" /><INIT seed="2,1,1,5,3,6" ten="215,215,245,315" oya="2" hai0="124,5,133,61,92,65,42,51,126,49,93,135,1" hai1="55,80,132,57,110,109,89,28,113,104,52,128,112" hai2="120,8,24,48,63,103,27,32,90,31,118,81,4" hai3="46,7,72,34,122,83,50,35,74,85,66,73,20"/><V102/><F118/><W43/><G122/><T62/><D5/><U12/><E104/><V105/><F120/><W2/><G66/><T25/><D25/><U114/><E128/><V106/><F27/><W94/><G94/><N who="0" m="36459" /><D1/><U79/><E132/><N who="0" m="50761" /><D42/><U86/><E28/><V40/><F63/><N who="0" m="24074" /><D65/><U22/><E89/><V26/><F26/><W11/><REACH who="3" step="1"/><G20/><REACH who="3" ten="215,215,245,305" step="2"/><T111/><D111/><N who="1" m="42507" /><E57/><V53/><F106/><W115/><G115/><T95/><D95/><U19/><AGARI ba="1,2" hai="12,19,22,52,55,79,80,86,112,113,114" m="42507" machi="19" ten="40,2700,0" yaku="14,1,54,1" doraHai="6" who="1" fromWho="1" sc="215,-8,215,50,245,-14,305,-8" /><INIT seed="3,0,0,4,5,82" ten="207,265,231,297" oya="3" hai0="73,36,37,71,39,56,13,113,34,46,32,128,64" hai1="29,121,88,70,80,20,74,98,77,62,4,130,45" hai2="61,122,127,107,23,31,30,94,123,41,132,129,43" hai3="115,7,25,95,8,100,66,69,76,59,99,28,44"/><W54/><G115/><T79/><D113/><U112/><E112/><V92/><F107/><W110/><G110/><T67/><D71/><U48/><E121/><N who="2" m="46091" /><F132/><W104/><G76/><T111/><D111/><U35/><E35/><V33/><F33/><N who="3" m="20623" /><G95/><N who="2" m="36393" /><F129/><W78/><G78/><T55/><D128/><U22/><E29/><N who="2" m="10763" /><F127/><W2/><G59/><T53/><D13/><U5/><E130/><V84/><F23/><W117/><G54/><T119/><D119/><U14/><E22/><V114/><F114/><W21/><G21/><T58/><D34/><U120/><E20/><V26/><F26/><W126/><G44/><T125/><D32/><U49/><E45/><V6/><F6/><W109/><G109/><T106/><D106/><U91/><E4/><V63/><F84/><W47/><G47/><T18/><D125/><U105/><E120/><V86/><F86/><W85/><G85/><T81/><D18/><U116/><E5/><V133/><F133/><W10/><G10/><T3/><D3/><U38/><E105/><V65/><F65/><W60/><G126/><T134/><D134/><U93/><E93/><V9/><F9/><W68/><G68/><T103/><D46/><U72/><E70/><V27/><F27/><W17/><G17/><T102/><D67/><U15/><E15/><V57/><F57/><N who="0" m="22122" /><D64/><U75/><E14/><V90/><F90/><W40/><G117/><T19/><D19/><U16/><E16/><V131/><F131/><W0/><G0/><T12/><D12/><U83/><E116/><V89/><F89/><W42/><AGARI ba="0,0" hai="2,7,8,40,42,60,66,69,99,100,104" m="20623" machi="42" ten="30,1500,0" yaku="25,1" doraHai="82" who="3" fromWho="3" sc="207,-5,265,-5,231,-5,297,15" owari="202,-29.8,260,6.0,226,-17.4,312,41.2" /></mjloggm>