<mjloggm ver="2.3"><GO type="225" lobby="0"/><UN n0="%E7%B4%94%E6%BD%94%E3%83%94%E3%83%A9%E3%83%8B%E3%82%A2" n1="%73%69%72%6F%75%74" n2="%E3%81%AF%E3%82%88%E3%81%8A%E3%81%98%E3%81%95%E3%82%93" n3="%E8%81%B7%E6%A5%AD%E3%80%81%E9%A2%A8%32" dan="16,16,16,16" rate="2086.31,2144.66,2183.76,2104.32" sx="M,M,M,M"/><TAIKYOKU oya="0"/><INIT seed="0,0,0,4,4,73" ten="250,250,250,250" oya="0" hai0="100,28,21,97,39,13,43,110,30,82,76,49,120" hai1="128,129,17,81,116,27,70,133,19,106,1,22,84" hai2="117,10,68,3,25,94,74,41,102,121,61,96,124" hai3="113,107,46,56,126,135,75,114,50,29,108,134,104"/><T33/><D39/><U103/><E70/><V93/><F121/><W32/><G75/><T88/><D120/><U132/><E116/><V115/><F115/><N who="3" m="44043" /><G29/><N who="0" m="11371" /><D33/><U83/><E1/><V11/><F41/><N who="3" m="24911" /><G32/><T2/><D2/><U44/><E83/><V15/><F61/><W80/><G80/><T23/><D110/><U130/><E44/><V86/><F68/><W62/><G108/><T38/><D38/><U95/><E19/><V85/><F124/><W112/><G126/><T6/><D43/><U87/><E106/><V4/><F74/><W65/><G112/><T35/><D49/><U66/><E66/><V60/><F60/><W105/><G105/><T63/><D63/><U127/><E127/><V45/><F45/><W131/><G107/><T57/><D57/><U92/><E87/><V109/><F117/><W91/><G104/><T7/><D35/><U118/><E118/><V0/><F109/><W72/><G72/><T54/><D54/><U122/><E122/><V18/><F0/><W26/><G26/><T48/><D48/><U90/><REACH who="1" step="1"/><E103/><REACH who="1" ten="250,240,250,250" step="2"/><V125/><F125/><W71/><G71/><T8/><D100/><U51/><E51/><V119/><F119/><W42/><G65/><T14/><D7/><U99/><E99/><V20/><F93/><AGARI ba="0,1" hai="17,22,27,81,84,90,92,93,95,128,129,130,132,133" machi="93" ten="50,6400,0" yaku="1,1,19,1,53,1" doraHai="73" doraHaiUra="16" who="1" fromWho="2" sc="250,0,240,74,250,-64,250,0" /><INIT seed="1,0,0,3,4,88" ten="250,314,186,250" oya="1" hai0="98,78,57,72,48,94,115,22,109,37,102,135,12" hai1="101,34,112,3,97,126,51,40,82,125,50,96,95" hai2="23,33,91,83,43,42,6,63,5,124,61,99,128" hai3="110,74,16,81,105,75,64,4,9,70,0,65,85"/><U2/><E34/><V93/><F33/><W41/><G110/><T53/><D109/><U113/><E82/><V7/><F124/><N who="1" m="47721" /><E40/><V17/><F128/><W123/><G123/><T76/><D115/><N who="1" m="44107" /><E97/><V119/><F119/><W118/><G105/><T73/><D37/><U38/><E38/><V120/><F120/><W92/><G118/><T66/><D135/><U54/><E51/><V132/><F132/><W39/><G41/><T107/><D107/><U103/><E101/><V1/><F1/><W10/><G39/><T25/><D12/><U60/><E60/><V59/><F83/><W24/><G0/><T58/><D73/><U68/><E68/><V129/><F63/><W30/><G70/><T8/><D8/><U62/><E62/><V31/><F31/><W114/><G10/><T69/><D69/><U20/><E20/><V104/><F104/><W67/><G75/><T14/><D14/><U77/><E77/><N who="0" m="29801" /><D72/><U18/><E18/><V49/><F49/><W44/><G74/><T86/><D86/><U55/><E54/><V84/><F84/><W87/><G87/><T89/><D66/><U26/><E26/><N who="2" m="14703" /><F129/><W46/><G81/><T27/><D27/><U131/><E131/><V134/><F134/><W47/><G114/><T71/><D71/><U122/><E122/><V28/><F28/><W133/><G133/><T32/><D32/><U116/><E116/><V29/><F29/><W13/><G30/><N who="0" m="17719" /><D102/><U15/><E15/><V52/><AGARI ba="0,0" hai="5,6,7,42,43,52,59,61,91,93,99" m="14703" machi="52" ten="30,7900,0" yaku="25,1,8,1,52,1,54,1" doraHai="88" who="2" fromWho="2" sc="250,-20,314,-39,186,79,250,-20" /><INIT seed="2,0,0,2,0,37" ten="230,275,265,230" oya="2" hai0="95,111,129,25,12,45,65,72,73,108,101,81,16" hai1="100,74,43,80,31,33,8,117,38,51,103,3,68" hai2="14,30,22,24,102,19,13,124,52,4,104,21,98" hai3="2,77,36,92,27,113,112,63,110,69,131,107,132"/><V29/><F124/><W116/><RYUUKYOKU type="yao9" ba="0,0" sc="230,0,275,0,265,0,230,0" hai3="2,27,36,63,69,77,92,107,110,112,113,116,131,132" /><INIT seed="2,1,0,5,0,107" ten="230,275,265,230" oya="2" hai0="83,133,114,67,117,37,81,39,91,65,4,32,99" hai1="33,86,111,113,88,98,92,61,124,85,7,100,6" hai2="80,103,59,78,87,38,40,82,1,77,30,2,52" hai3="9,66,131,51,64,8,53,132,94,3,95,118,63"/><V14/><F30/><W101/><G118/><T123/><D32/><U110/><E33/><V73/><F103/><W106/><G131/><T102/><D114/><U56/><E113/><V79/><F79/><W128/><G128/><T12/><D123/><U109/><E124/><V119/><F119/><W11/><G132/><T5/><D117/><U17/><E17/><V121/><F121/><W28/><G3/><T43/><D12/><U24/><E24/><V20/><F40/><W0/><G0/><T62/><D99/><U15/><E15/><V42/><F42/><W71/><G66/><T130/><D130/><U129/><E129/><V18/><REACH who="2" step="1"/><F38/><REACH who="2" ten="230,275,255,230" step="2"/><W60/><G28/><T54/><D43/><U112/><E112/><V41/><F41/><W74/><G101/><T48/><D102/><U105/><E86/><V19/><F19/><W26/><G106/><T134/><D91/><U120/><E120/><V75/><F75/><W84/><G84/><T44/><D39/><U13/><E13/><V90/><F90/><W70/><G74/><T108/><D37/><U76/><E76/><V58/><F58/><W93/><G26/><T47/><D134/><U31/><E31/><V115/><F115/><W104/><G104/><T29/><D133/><U135/><E135/><V116/><F116/><W35/><G71/><T10/><D29/><U50/><E6/><V46/><F46/><N who="3" m="27895" /><G35/><T27/><D44/><U89/><E89/><V25/><F25/><W49/><G70/><T127/><D27/><U21/><E7/><V22/><F22/><W126/><G126/><T96/><D127/><RYUUKYOKU ba="1,1" sc="230,-10,275,-10,255,30,230,-10" hai2="1,2,14,18,20,52,59,73,77,78,80,82,87" /><INIT seed="2,2,1,4,5,52" ten="220,265,285,220" oya="2" hai0="72,58,38,120,45,35,129,91,131,55,67,39,41" hai1="10,19,133,65,121,115,118,34,76,36,3,100,74" hai2="77,103,31,0,80,125,60,108,33,63,1,6,49" hai3="57,69,97,128,93,29,59,96,117,24,90,106,17"/><V26/><F125/><W132/><G69/><T126/><D72/><U61/><E115/><V7/><F103/><W102/><G117/><T62/><D35/><U79/><E118/><V110/><F49/><W95/><G128/><N who="0" m="49227" /><D91/><U48/><E36/><V43/><F43/><W12/><G106/><T54/><D126/><U113/><E113/><V124/><F124/><W64/><G64/><T70/><D120/><U46/><E34/><V14/><F14/><W104/><G104/><T27/><D27/><U21/><E121/><V4/><F0/><W130/><G130/><T134/><D134/><U105/><E133/><V89/><F89/><W22/><REACH who="3" step="1"/><G132/><REACH who="3" ten="220,265,285,210" step="2"/><T56/><D39/><U71/><E105/><V86/><F1/><W30/><G30/><T119/><D119/><U92/><E3/><V98/><F31/><W109/><G109/><T15/><D15/><U51/><E65/><V40/><F110/><W82/><G82/><T87/><D87/><U2/><E71/><V13/><F108/><W8/><AGARI ba="2,2" hai="8,12,17,22,24,29,57,59,90,93,95,96,97,102" machi="8" ten="20,12000,2" yaku="1,1,0,1,7,1,8,1,52,2,53,0" doraHai="52" doraHaiUra="75" who="3" fromWho="3" sc="220,-32,265,-32,285,-62,210,146" /><INIT seed="3,0,0,4,0,74" ten="188,233,223,356" oya="3" hai0="43,62,13,26,109,121,125,55,108,38,16,6,64" hai1="102,14,44,134,30,60,32,40,132,100,122,101,18" hai2="114,4,112,45,68,135,133,61,83,34,17,20,76" hai3="2,95,47,77,22,35,27,48,11,5,12,103,92"/><W113/><G113/><T53/><D121/><U91/><E122/><V33/><F4/><W123/><G123/><T128/><D125/><U73/><E73/><N who="2" m="43407" /><F45/><W3/><G77/><T107/><D107/><U23/><E60/><V99/><F99/><W49/><G49/><T78/><D128/><U1/><E1/><V28/><F28/><N who="3" m="19871" /><G103/><T82/><D26/><N who="1" m="18519" /><E91/><V54/><F34/><W89/><G89/><T42/><D6/><U86/><E86/><V65/><F54/><N who="3" m="29983" /><G3/><T106/><D106/><U69/><E69/><V80/><F80/><W9/><G9/><T7/><D7/><U70/><E70/><V98/><F98/><W119/><G119/><T131/><D131/><U71/><E71/><V15/><F33/><W97/><G97/><T52/><D64/><U96/><E40/><V81/><F81/><W129/><G129/><T51/><D62/><U118/><E44/><V79/><F79/><W36/><G36/><T84/><D38/><U29/><E29/><V130/><F130/><W59/><G59/><T56/><D55/><U57/><E57/><V117/><F117/><W110/><G110/><N who="0" m="42603" /><D53/><U115/><E115/><V41/><F41/><W126/><G126/><T90/><D90/><U39/><E118/><V75/><F75/><W127/><G127/><T8/><AGARI ba="0,0" hai="8,13,16,42,43,51,52,56,78,82,84" m="42603" machi="8" ten="30,7900,0" yaku="14,1,52,1,54,2" doraHai="74" who="0" fromWho="0" sc="188,79,233,-20,223,-20,356,-39" owari="267,6.7,213,-18.7,203,-29.7,317,41.7" /></mjloggm>