<mjloggm ver="2.3"><GO type="225" lobby="0"/><UN n0="%6D%75%75%6D%75%72%61" n1="%72%69%6F%75%63%68%61%6E" n2="%E3%81%91%E3%83%BC%E3%81%9E%E3%81%88" n3="%73%75%7A%75%6D%65%33" dan="16,17,16,17" rate="2212.34,2157.71,2189.94,2231.13" sx="F,M,F,M"/><TAIKYOKU oya="0"/><INIT seed="0,0,0,3,4,114" ten="250,250,250,250" oya="0" hai0="35,55,108,66,111,109,98,5,121,1,31,93,30" hai1="13,90,19,102,52,2,85,11,115,26,45,44,132" hai2="105,42,18,24,130,83,77,125,39,51,9,126,40" hai3="103,110,61,58,135,117,20,84,17,123,54,134,73"/><T81/><D121/><U128/><E128/><V29/><F130/><W64/><G73/><T71/><D55/><U89/><E132/><N who="3" m="50730" /><G103/><T104/><D104/><U92/><E115/><V133/><F39/><W124/><G110/><T12/><D1/><U41/><E2/><V38/><F38/><W62/><G123/><T15/><D81/><U86/><E102/><V113/><F51/><W57/><G84/><T37/><D37/><U33/><E41/><V4/><F18/><W74/><G74/><T116/><D116/><U60/><E33/><N who="2" m="20647" /><F105/><W129/><G129/><T112/><D112/><U25/><E44/><V43/><F43/><W97/><G97/><T119/><D119/><U76/><E76/><V101/><F101/><W127/><G117/><T80/><D80/><N who="1" m="49319" /><E60/><V22/><F42/><W79/><G79/><T122/><D122/><U118/><E118/><V16/><F40/><W120/><G120/><T34/><D34/><U96/><E86/><V68/><F133/><W87/><G87/><T27/><D31/><U21/><E21/><V10/><F113/><W82/><G82/><T14/><D5/><U47/><E47/><V59/><F83/><W50/><G62/><N who="0" m="40407" /><D15/><AGARI ba="0,0" hai="15,17,20,50,54,57,58,61,64,124,127" m="50730" machi="15" ten="30,1000,0" yaku="20,1" doraHai="114" who="3" fromWho="0" sc="250,-10,250,0,250,0,250,10" /><INIT seed="1,0,0,0,5,9" ten="240,250,250,260" oya="1" hai0="68,111,88,58,6,82,64,79,13,8,23,35,53" hai1="10,5,101,80,50,73,78,81,102,21,52,71,54" hai2="46,36,28,7,124,134,2,45,43,112,96,135,51" hai3="113,127,14,56,118,128,125,131,114,98,70,129,77"/><U94/><E71/><V17/><F124/><N who="3" m="47691" /><G70/><T25/><D111/><U100/><E80/><V92/><F112/><N who="3" m="43115" /><G56/><T57/><D35/><U126/><E126/><V30/><F7/><W15/><G118/><T47/><D68/><U75/><E73/><V3/><F3/><W19/><G77/><T26/><D79/><U66/><E66/><V65/><F2/><W110/><G110/><T130/><D130/><U120/><E120/><V132/><F17/><W37/><G37/><T97/><D97/><BYE who="0" /><U20/><E94/><V24/><F24/><W0/><G0/><T123/><D123/><U27/><E50/><UN n0="%6D%75%75%6D%75%72%61" /><V39/><F65/><W16/><G98/><T33/><D33/><U115/><E115/><V117/><F117/><W42/><G42/><T84/><D64/><U41/><E41/><N who="2" m="25007" /><F39/><W55/><G55/><T108/><D108/><U86/><E75/><V12/><F12/><AGARI ba="0,0" hai="12,14,15,16,19,128,129,131" m="43115,47691" machi="12" ten="40,16000,3" yaku="28,2,19,1,18,1,34,2,52,3,54,1" doraHai="9" who="3" fromWho="2" sc="240,0,250,0,250,-160,260,160" /><INIT seed="2,0,0,0,0,12" ten="240,250,90,420" oya="2" hai0="4,51,124,62,57,1,39,93,78,80,14,40,99" hai1="63,90,48,19,87,110,30,117,111,106,69,29,119" hai2="68,16,17,20,114,38,59,112,81,56,115,120,132" hai3="72,96,54,31,46,8,105,25,53,86,134,65,34"/><V36/><F120/><W15/><G72/><T5/><D39/><N who="2" m="14890" /><F68/><W118/><G118/><T73/><D124/><U100/><E48/><V33/><F20/><W127/><G127/><T37/><D1/><U113/><E113/><N who="2" m="28931" /><V82/><DORA hai="135" /><F33/><W60/><G86/><T61/><D37/><U58/><E69/><V13/><F13/><W7/><G46/><T92/><D92/><U79/><E79/><V97/><F97/><W129/><G134/><T23/><D51/><U26/><E106/><V6/><F6/><W130/><G54/><T77/><D40/><U70/><E100/><V44/><F44/><W75/><G53/><T28/><D77/><U11/><E70/><V98/><F98/><W2/><G75/><T122/><D62/><U43/><E43/><V10/><F10/><W131/><G15/><T49/><D49/><U116/><E11/><V22/><F22/><W47/><G47/><T91/><D122/><U108/><E87/><V76/><F76/><W42/><G42/><T89/><D89/><U84/><E84/><V104/><F104/><W3/><G3/><T0/><D0/><U133/><E90/><V67/><F67/><W52/><G65/><T88/><D91/><U103/><E103/><V50/><F132/><W102/><G130/><T71/><D71/><U64/><E133/><V123/><F123/><W35/><G35/><T121/><D121/><U94/><E94/><V101/><F101/><W55/><G55/><N who="0" m="33983" /><D14/><U21/><AGARI ba="0,0" hai="19,21,26,29,30,58,63,64,108,110,111,116,117,119" machi="21" ten="40,5200,0" yaku="0,1,14,1,52,1" doraHai="12,135" who="1" fromWho="1" sc="240,-13,250,52,90,-26,420,-13" /><INIT seed="3,0,0,5,2,126" ten="227,302,64,407" oya="3" hai0="26,90,1,97,92,122,48,46,113,95,30,36,0" hai1="130,24,32,7,114,115,135,21,89,44,15,58,80" hai2="50,13,37,107,55,104,69,52,18,81,5,12,45" hai3="17,2,23,19,16,82,101,131,31,3,87,124,105"/><W71/><G71/><T109/><D122/><U63/><E130/><V106/><F69/><W119/><G131/><T49/><D109/><U121/><E121/><V65/><F37/><W57/><G119/><T29/><D36/><U132/><E32/><V11/><F65/><W33/><G124/><T42/><D113/><U127/><E127/><V117/><F117/><W47/><G33/><T59/><D30/><U112/><E44/><V88/><F107/><W78/><G57/><T66/><D92/><U53/><E15/><V34/><F34/><W60/><G60/><T108/><D108/><U10/><E80/><V25/><F25/><W56/><G56/><T110/><D110/><U70/><E70/><V98/><F106/><W68/><G68/><T102/><D90/><U67/><E67/><V128/><F104/><W64/><G64/><T54/><D66/><U93/><E10/><V38/><F38/><W129/><G129/><T79/><D79/><U40/><E7/><V9/><F128/><W62/><G62/><T20/><AGARI ba="0,0" hai="0,1,20,26,29,42,46,48,49,54,59,95,97,102" machi="20" ten="20,1500,0" yaku="0,1,7,1" doraHai="126" who="0" fromWho="0" sc="227,15,302,-4,64,-4,407,-7" owari="242,-15.8,298,9.8,60,-44.0,400,50.0" /></mjloggm>