<mjloggm ver="2.3"><GO type="225" lobby="0"/><UN n0="%E3%80%93%E3%81%97%E3%83%BC%E3%82%89%E3%80%93" n1="%E5%A4%9C%E3%81%AE%E3%82%AC%E3%82%B9%E3%83%91%E3%83%BC%E3%83%AB" n2="%E3%81%8C%E3%81%9F" n3="%E3%81%BF%E3%81%BF%E3%81%9A" dan="16,16,16,17" rate="2118.19,2146.47,2092.88,2254.97" sx="M,M,M,M"/><TAIKYOKU oya="0"/><INIT seed="0,0,0,3,0,122" ten="250,250,250,250" oya="0" hai0="107,34,125,26,3,2,16,41,22,49,31,102,18" hai1="35,6,106,91,134,51,13,78,15,89,27,109,97" hai2="37,29,25,133,98,21,132,92,79,100,14,64,46" hai3="127,5,70,94,69,111,55,77,90,20,40,93,82"/><T54/><D41/><U52/><E134/><N who="2" m="51819" /><F79/><W80/><G40/><T120/><D120/><U73/><E109/><V24/><F37/><W99/><G127/><T96/><D125/><U71/><E71/><V65/><F46/><W74/><G111/><T58/><REACH who="0" step="1"/><D18/><REACH who="0" ten="240,250,250,250" step="2"/><U57/><E6/><V87/><F14/><AGARI ba="0,1" hai="2,3,14,16,22,26,31,34,49,54,58,96,102,107" machi="14" ten="30,12000,1" yaku="1,1,2,1,7,1,54,1,53,1" doraHai="122" doraHaiUra="44" who="0" fromWho="2" sc="240,130,250,0,250,-120,250,0" /><INIT seed="0,1,0,5,1,29" ten="370,250,130,250" oya="0" hai0="53,16,57,12,44,124,49,90,31,117,28,42,8" hai1="14,111,50,37,39,112,92,116,55,27,88,80,77" hai2="23,115,33,101,83,9,3,128,34,131,98,91,25" hai3="102,94,121,95,79,59,52,6,46,61,74,47,78"/><T122/><D122/><U110/><E116/><V113/><F91/><W108/><G108/><N who="1" m="41514" /><E112/><N who="2" m="43083" /><F83/><W22/><G121/><T30/><D117/><U60/><E60/><V7/><F98/><W58/><G74/><T119/><D119/><U1/><E1/><V41/><F101/><W87/><G6/><T133/><D124/><U38/><E14/><V100/><F100/><W107/><G107/><T103/><D103/><U11/><E11/><V63/><F63/><W48/><G22/><T123/><D123/><U85/><E27/><V43/><F43/><W129/><G129/><N who="2" m="49737" /><F41/><W93/><G102/><T106/><D106/><U135/><E135/><V45/><F45/><N who="3" m="16907" /><G87/><T84/><D133/><U18/><E18/><AGARI ba="1,0" hai="3,7,9,18,23,25,33,34" m="49737,43083" machi="18" ten="30,8000,1" yaku="19,1,34,2,52,2" doraHai="29" who="2" fromWho="1" sc="370,0,250,-83,130,83,250,0" /><INIT seed="1,0,0,3,5,120" ten="370,167,213,250" oya="1" hai0="61,71,111,44,54,125,86,37,7,105,102,12,19" hai1="10,51,4,113,56,24,98,107,112,46,76,31,64" hai2="94,117,131,42,58,84,127,32,108,60,55,130,0" hai3="57,83,114,62,124,104,66,26,77,69,128,129,103"/><U65/><E76/><V73/><F117/><W43/><G114/><T99/><D125/><U91/><E112/><V106/><F106/><W5/><G124/><T18/><D7/><U16/><E113/><V101/><F73/><W28/><G5/><T92/><D19/><U116/><E116/><V29/><F127/><W82/><G43/><T90/><D37/><U123/><E123/><V81/><F0/><W110/><G110/><T49/><D111/><U2/><E56/><V93/><F42/><W132/><G132/><T121/><D121/><U11/><E107/><V39/><F39/><W109/><G109/><T8/><D61/><U33/><E98/><V52/><F55/><W115/><G115/><T59/><D59/><U3/><E91/><V13/><F13/><W50/><G50/><T97/><REACH who="0" step="1"/><D99/><REACH who="0" ten="360,167,213,250" step="2"/><U70/><E70/><AGARI ba="0,1" hai="8,12,18,44,49,54,70,71,86,90,92,97,102,105" machi="70" ten="40,2600,0" yaku="1,1,2,1,53,0" doraHai="120" doraHaiUra="119" who="0" fromWho="1" sc="360,36,167,-26,213,0,250,0" /><INIT seed="2,0,0,0,1,106" ten="396,141,213,250" oya="2" hai0="29,15,109,129,37,33,78,3,125,67,104,120,8" hai1="101,119,92,127,115,42,116,95,21,76,23,122,123" hai2="7,60,100,30,86,133,24,49,36,96,121,124,47" hai3="64,55,46,17,9,128,20,88,4,25,16,0,52"/><V62/><F121/><N who="1" m="46089" /><E42/><V87/><F36/><W91/><G128/><T77/><D37/><U56/><E56/><V34/><F7/><W110/><G110/><T19/><D67/><U44/><E44/><V28/><F28/><W107/><G107/><T40/><D40/><U2/><E2/><V112/><F112/><W10/><G64/><T83/><D3/><U11/><E11/><N who="3" m="4106" /><G0/><T81/><D109/><U12/><E12/><V48/><F124/><W103/><G4/><T1/><D125/><U82/><E127/><V71/><F133/><W43/><G103/><T89/><D1/><U70/><E70/><V80/><F49/><N who="3" m="26847" /><G17/><T118/><D19/><U79/><E115/><V13/><F71/><W65/><G65/><T32/><D32/><U134/><E134/><V6/><F6/><W38/><G38/><T113/><D33/><U84/><E101/><V93/><F13/><W63/><G55/><T102/><D15/><U131/><E131/><V98/><F34/><W69/><G69/><T114/><D102/><U126/><E126/><V35/><F100/><W14/><G25/><T57/><D113/><U66/><E66/><V99/><F35/><W18/><G18/><T53/><D114/><U72/><E23/><V111/><F24/><W54/><G54/><T22/><D53/><U5/><E21/><V135/><F111/><W39/><G39/><T97/><D129/><U41/><E5/><V132/><F132/><W61/><G61/><T75/><D120/><U59/><E41/><V130/><F135/><W73/><G73/><T117/><D75/><U85/><E72/><RYUUKYOKU ba="0,0" sc="396,-10,141,-10,213,-10,250,30" hai3="14,16,20,52,63,88,91" /><INIT seed="3,1,0,4,3,94" ten="386,131,203,280" oya="3" hai0="105,127,63,21,26,41,124,111,38,47,104,75,65" hai1="84,117,39,1,131,88,11,64,107,82,46,5,66" hai2="22,108,25,60,20,23,45,112,90,7,62,28,3" hai3="93,30,83,53,55,103,32,9,2,56,51,123,35"/><W96/><G123/><T33/><D75/><U86/><E131/><V19/><F112/><W120/><G120/><T43/><D43/><U29/><E117/><V49/><F108/><W6/><G30/><N who="0" m="19671" /><D21/><U73/><E29/><V78/><F78/><W71/><G71/><N who="0" m="42431" /><D111/><U79/><E107/><AGARI ba="1,0" hai="38,41,47,104,105,107,124,127" m="42431,19671" machi="107" ten="30,1000,0" yaku="23,1" doraHai="94" who="0" fromWho="1" sc="386,13,131,-13,203,0,280,0" owari="399,49.9,118,-38.2,203,-19.7,280,8.0" /></mjloggm>