<mjloggm ver="2.3"><GO type="225" lobby="0"/><UN n0="%43%68%65" n1="%E8%A8%88%E7%AE%97%E6%A9%9F%E8%87%AA%E7%84%B6" n2="%E3%83%AD%E3%83%83%E3%83%86%E9%9B%80%E7%90%83" n3="%33%74%72%65%65" dan="16,17,17,17" rate="2167.12,2216.61,2260.32,2144.48" sx="M,M,M,F"/><TAIKYOKU oya="0"/><INIT seed="0,0,0,0,1,39" ten="250,250,250,250" oya="0" hai0="93,70,5,29,34,77,126,125,87,43,19,25,99" hai1="8,110,0,42,133,13,67,121,28,109,69,106,68" hai2="71,24,58,116,124,96,6,80,120,114,33,35,1" hai3="23,132,22,62,30,73,4,57,32,65,84,2,47"/><T95/><D70/><U3/><E121/><V90/><F114/><W41/><G73/><T26/><D5/><U11/><E106/><V74/><F71/><N who="1" m="27209" /><E67/><V97/><F124/><W78/><G132/><T76/><D43/><U50/><E28/><V59/><F120/><W101/><G101/><T14/><D26/><U88/><E88/><V91/><F74/><W20/><G32/><T104/><D104/><U112/><E133/><V64/><F64/><W46/><G30/><T55/><D55/><U17/><E8/><V21/><F6/><W113/><G113/><T38/><D38/><U81/><BYE who="0" /><E81/><V48/><F80/><W135/><G135/><UN n0="%43%68%65" /><T130/><D130/><U122/><E122/><V15/><F15/><W53/><G65/><T79/><D87/><U86/><E86/><V108/><F1/><W102/><G84/><T128/><D128/><U9/><E9/><V94/><F116/><W72/><G2/><T12/><D12/><U85/><E85/><V7/><F7/><W115/><G115/><T37/><D37/><U117/><E117/><V127/><F127/><N who="0" m="48650" /><D99/><U51/><E112/><V18/><F108/><N who="1" m="41577" /><E51/><V103/><F48/><N who="3" m="28823" /><G4/><T52/><D52/><U119/><E119/><V49/><F49/><N who="3" m="26863" /><G72/><T63/><D63/><U118/><E118/><V131/><F131/><W75/><G75/><T111/><D111/><U89/><E0/><V10/><F35/><W100/><G78/><T45/><D45/><N who="1" m="25911" /><E3/><V134/><F33/><W31/><G31/><T83/><D83/><U105/><E105/><N who="2" m="63719" /><F134/><W44/><G44/><T56/><D56/><N who="2" m="21546" /><F10/><AGARI ba="0,0" hai="10,14,19,25,29,34,76,77,79,93,95" m="48650" machi="10" ten="30,1500,0" yaku="18,1" doraHai="39" who="0" fromWho="2" sc="250,15,250,0,250,-15,250,0" /><INIT seed="0,1,0,4,0,134" ten="265,250,235,250" oya="0" hai0="131,84,53,104,83,130,8,44,12,75,42,38,46" hai1="124,51,103,16,126,96,37,132,33,74,5,2,14" hai2="58,66,22,89,29,92,122,69,31,19,70,15,23" hai3="47,113,27,127,72,93,87,73,77,105,52,108,133"/><T90/><D104/><U114/><E37/><V86/><F122/><W32/><G105/><T55/><D75/><U40/><E74/><V49/><F66/><W123/><G113/><T111/><D111/><U71/><E33/><V81/><F81/><W60/><G108/><T98/><D98/><U95/><E71/><V43/><F43/><W121/><G133/><T61/><D61/><U6/><E132/><V10/><F10/><W28/><G127/><N who="1" m="48682" /><E2/><V129/><F129/><N who="0" m="49162" /><D46/><N who="1" m="26055" /><E114/><V125/><F125/><W80/><G93/><T54/><D54/><U118/><E118/><V119/><F119/><W106/><G106/><T7/><AGARI ba="1,0" hai="7,8,12,38,42,44,53,55,83,84,90" m="49162" machi="7" ten="30,1500,0" yaku="19,1" doraHai="134" who="0" fromWho="0" sc="265,18,250,-6,235,-6,250,-6" /><INIT seed="0,2,0,0,3,66" ten="283,244,229,244" oya="0" hai0="65,116,26,108,33,90,106,8,60,23,31,77,73" hai1="128,15,16,17,55,48,79,32,36,49,130,67,2" hai2="9,43,133,82,100,50,123,20,68,35,132,114,40" hai3="47,97,11,118,105,109,99,110,113,21,104,62,18"/><T71/><D116/><U112/><E2/><V103/><F35/><W72/><G118/><T93/><D106/><N who="3" m="41065" /><G113/><T27/><D108/><N who="3" m="41577" /><G72/><T12/><D73/><U84/><E36/><V30/><F123/><W56/><G11/><T0/><D0/><U85/><BYE who="0" /><E32/><V124/><F124/><W80/><G80/><T88/><D88/><U121/><E121/><V74/><F114/><W58/><G47/><T25/><D25/><U37/><E112/><UN n0="%43%68%65" /><V98/><F9/><W92/><G92/><T129/><D77/><U51/><E37/><V45/><F43/><W24/><G56/><T102/><D102/><U38/><E38/><V115/><F103/><W70/><G70/><T14/><D129/><N who="1" m="49771" /><E79/><V42/><F68/><W39/><G39/><T101/><D101/><U5/><E55/><AGARI ba="2,0" hai="18,21,24,55,58,62,97,99" m="41577,41065" machi="55" ten="30,1000,0" yaku="14,1" doraHai="66" who="3" fromWho="1" sc="283,0,244,-16,229,0,244,16" /><INIT seed="1,0,0,0,1,49" ten="283,228,229,260" oya="1" hai0="52,0,71,61,69,99,47,51,67,130,10,36,45" hai1="55,94,126,12,53,96,43,57,106,24,65,85,114" hai2="31,107,75,66,21,87,79,16,109,78,15,125,64" hai3="90,50,95,103,134,18,9,110,62,88,133,91,68"/><U116/><E114/><V104/><F109/><W101/><G110/><T115/><D115/><U119/><E126/><V123/><F123/><W117/><G117/><T74/><D74/><U11/><E106/><V118/><F118/><W58/><G68/><N who="0" m="42095" /><D99/><U102/><E119/><V7/><F125/><W44/><G95/><T3/><D10/><U39/><E116/><V82/><F7/><W6/><G18/><T42/><D3/><U76/><E39/><V54/><F31/><W89/><N who="3" m="22528" /><DORA hai="63" /><W112/><G112/><T105/><D0/><U131/><E43/><V135/><F135/><N who="3" m="51723" /><G9/><T46/><D105/><U4/><E131/><V40/><F40/><N who="3" m="24839" /><G6/><T128/><D46/><U83/><E24/><V1/><F107/><W8/><G8/><T22/><D22/><U33/><E33/><V98/><F1/><W70/><G70/><AGARI ba="0,0" hai="36,42,45,47,51,52,69,70,71,128,130" m="42095" machi="70" ten="30,8000,1" yaku="34,2,52,2,54,1" doraHai="49,63" who="0" fromWho="3" sc="283,80,228,0,229,0,260,-80" /><INIT seed="2,0,0,2,0,21" ten="363,228,229,180" oya="2" hai0="133,107,12,18,73,89,76,135,117,94,98,4,62" hai1="19,130,1,93,65,113,92,111,23,84,38,79,124" hai2="39,99,51,24,33,116,20,102,3,66,82,0,46" hai3="58,112,26,128,80,134,28,110,67,101,59,56,77"/><V34/><F116/><W53/><G110/><T15/><D117/><U88/><E113/><V103/><F39/><W47/><G112/><T35/><D35/><U29/><E38/><V6/><F66/><W68/><G134/><T13/><D4/><U17/><E1/><V16/><F82/><W87/><G128/><T125/><D125/><U108/><E124/><V32/><F6/><W119/><G119/><T49/><D107/><U109/><E130/><V74/><F74/><W50/><G101/><T121/><D121/><U71/><E79/><V60/><F60/><W90/><G68/><T43/><D62/><N who="1" m="40375" /><E92/><V91/><F91/><W57/><N who="3" m="14336" /><DORA hai="120" /><W118/><G118/><T45/><D18/><N who="1" m="6667" /><E23/><V85/><F85/><W41/><G67/><T127/><D127/><U69/><E29/><V63/><F63/><W7/><G7/><T10/><D10/><U114/><E114/><V27/><F27/><W2/><G2/><T131/><D131/><U48/><E48/><V132/><F132/><N who="0" m="50762" /><D76/><U129/><E129/><V83/><F83/><W5/><G5/><T14/><D14/><U70/><AGARI ba="0,0" hai="69,70,84,88,93,108,109,111" m="6667,40375" machi="70" ten="40,8000,1" yaku="14,1,52,3,54,1" doraHai="21,120" who="1" fromWho="1" sc="363,-20,228,80,229,-40,180,-20" /><INIT seed="3,0,0,2,2,110" ten="343,308,189,160" oya="3" hai0="17,57,68,79,98,14,94,97,95,85,70,111,130" hai1="8,60,80,59,117,24,26,46,100,5,93,28,33" hai2="112,4,90,44,81,123,99,96,76,78,6,51,3" hai3="118,66,92,128,50,18,104,67,0,71,72,27,30"/><W89/><G118/><T31/><D111/><U19/><E117/><V34/><F112/><W9/><G104/><T129/><D31/><U113/><E80/><V131/><F34/><W126/><G72/><T1/><D1/><U13/><E46/><V2/><F131/><N who="0" m="50186" /><D57/><U120/><E120/><V12/><F2/><W54/><G128/><T49/><D49/><U56/><E113/><V20/><F3/><W135/><G135/><T132/><D132/><U21/><E100/><V134/><F134/><W53/><G126/><T10/><D85/><U124/><E124/><V91/><F123/><W82/><G82/><T64/><D79/><N who="2" m="30250" /><F20/><N who="3" m="15719" /><G71/><N who="0" m="27179" /><D64/><N who="3" m="24617" /><G0/><T133/><D133/><U107/><E107/><V42/><F81/><W87/><G50/><T40/><D40/><U86/><REACH who="1" step="1"/><E60/><REACH who="1" ten="343,298,189,160" step="2"/><V32/><F44/><W102/><G102/><T23/><D10/><U45/><E45/><V109/><F42/><W16/><G9/><T52/><D52/><AGARI ba="0,1" hai="16,18,52,53,54,87,89,92" m="24617,15719" machi="52" ten="30,5800,0" yaku="8,1,54,2" doraHai="110" who="3" fromWho="0" sc="343,-58,298,0,189,0,160,68" /><INIT seed="3,1,0,3,4,73" ten="285,298,189,228" oya="3" hai0="9,18,65,68,48,39,30,113,120,11,102,32,52" hai1="25,115,45,70,90,84,13,35,59,0,124,101,15" hai2="123,117,54,53,92,56,126,55,93,58,19,21,106" hai3="78,122,135,24,130,14,104,103,86,134,127,85,96"/><W5/><G122/><T128/><D120/><U108/><E115/><V67/><F126/><W42/><G127/><T98/><D39/><U61/><E0/><V26/><F117/><W1/><G130/><T17/><D128/><U87/><E70/><V34/><F123/><W57/><G1/><T80/><D113/><U33/><E101/><V44/><F106/><W75/><G42/><T79/><D18/><U97/><E124/><V31/><F44/><W50/><G24/><N who="0" m="18503" /><D17/><U16/><E108/><V129/><F129/><W81/><G14/><N who="1" m="5130" /><E33/><V83/><F83/><W4/><G85/><N who="0" m="48287" /><D52/><N who="2" m="13314" /><V82/><DORA hai="95" /><F34/><W72/><G50/><T116/><D48/><U20/><E35/><V10/><F10/><W47/><G47/><T22/><D22/><U88/><E45/><V107/><F107/><W118/><G118/><T133/><D133/><N who="3" m="50697" /><G57/><N who="2" m="22121" /><F67/><W23/><G23/><T91/><D116/><U76/><E76/><V27/><F19/><W74/><AGARI ba="1,0" hai="4,5,72,74,75,78,81,86,96,103,104" m="50697" machi="74" ten="40,7800,0" yaku="20,1,52,2" doraHai="73,95" who="3" fromWho="3" sc="285,-27,298,-27,189,-27,228,81" owari="258,-14.2,271,7.1,162,-33.8,309,40.9" /></mjloggm>