<mjloggm ver="2.3"><GO type="225" lobby="0"/><UN n0="%73%6C%69%63%6B%33%31%39" n1="%45%6C%79%73%69%75%6D" n2="%6D%75%75%6D%75%72%61" n3="%E3%81%AF%E3%82%88%E3%81%8A%E3%81%98%E3%81%95%E3%82%93" dan="16,17,16,16" rate="2182.43,2126.03,2116.26,2160.27" sx="M,F,F,M"/><TAIKYOKU oya="0"/><INIT seed="0,0,0,0,2,26" ten="250,250,250,250" oya="0" hai0="12,120,72,30,81,53,62,102,130,44,73,13,111" hai1="65,104,80,15,82,48,50,43,51,115,75,126,93" hai2="41,60,14,103,35,109,84,18,20,90,45,54,70" hai3="85,83,97,116,8,36,86,92,95,27,114,112,105"/><T133/><D120/><U19/><E104/><V6/><F109/><W68/><G68/><T56/><D130/><U58/><E126/><V100/><F35/><W1/><G36/><T63/><D133/><U87/><E115/><V77/><F77/><W119/><G27/><T124/><D124/><U42/><E75/><V52/><F6/><W25/><G25/><T69/><D102/><U121/><E121/><V76/><F76/><W7/><G8/><T127/><D127/><U113/><E93/><N who="3" m="35914" /><G7/><T4/><D44/><U37/><E37/><V31/><F70/><W17/><G17/><T74/><D30/><U3/><E3/><V122/><F122/><W89/><G85/><T24/><D24/><U66/><E113/><N who="3" m="43626" /><G1/><T57/><D69/><U10/><E87/><V67/><F31/><W135/><G135/><T78/><D111/><U117/><E58/><N who="2" m="37271" /><F103/><AGARI ba="0,0" hai="83,86,89,97,103,105,116,119" m="43626,35914" machi="103" ten="30,2000,0" yaku="34,2" doraHai="26" who="3" fromWho="2" sc="250,0,250,0,250,-20,250,20" /><INIT seed="1,0,0,5,2,84" ten="250,250,230,270" oya="1" hai0="28,65,8,10,56,116,44,14,26,113,71,81,58" hai1="39,40,130,118,33,94,37,12,5,17,23,97,46" hai2="7,109,96,1,100,57,79,74,114,63,123,102,101" hai3="66,103,99,3,125,30,106,77,2,34,68,104,15"/><U83/><E118/><V126/><F123/><W135/><G106/><T119/><D113/><U134/><E130/><V32/><F109/><W27/><G125/><T124/><D124/><U73/><E134/><V49/><F126/><W25/><G135/><T111/><D111/><U88/><E33/><V131/><F131/><W20/><G15/><T24/><D71/><U41/><E5/><V72/><F32/><W80/><G25/><T19/><D44/><U93/><E93/><V89/><F114/><W105/><G20/><T75/><D8/><U122/><E122/><V21/><F49/><W22/><G22/><T112/><D112/><U120/><E120/><V29/><F7/><W82/><G82/><T67/><D24/><U95/><E95/><N who="2" m="56431" /><F1/><W90/><G90/><T92/><D92/><U78/><E40/><V55/><F72/><N who="3" m="43047" /><G105/><T16/><D19/><U117/><E117/><V35/><F74/><W70/><G70/><T59/><D67/><U86/><E73/><V52/><F79/><W45/><G45/><T76/><REACH who="0" step="1"/><D65/><REACH who="0" ten="240,250,230,270" step="2"/><U9/><E9/><V121/><F121/><W69/><G69/><T127/><D127/><U91/><REACH who="1" step="1"/><E39/><REACH who="1" ten="240,240,230,270" step="2"/><V31/><F35/><AGARI ba="0,2" hai="10,14,16,26,28,35,56,58,59,75,76,81,116,119" machi="35" ten="40,2600,0" yaku="1,1,54,1,53,0" doraHai="84" doraHaiUra="50" who="0" fromWho="2" sc="240,46,240,0,230,-26,270,0" /><INIT seed="2,0,0,2,0,25" ten="286,240,204,270" oya="2" hai0="118,101,33,106,107,126,59,102,22,50,17,13,62" hai1="117,28,95,79,4,97,52,29,23,10,54,19,37" hai2="44,104,127,130,135,89,116,124,1,27,53,6,119" hai3="36,94,98,128,11,47,96,105,67,123,49,82,48"/><V46/><F104/><W15/><G123/><T26/><D126/><N who="2" m="48170" /><F130/><W84/><G128/><T14/><D118/><N who="2" m="45098" /><F135/><W5/><G105/><T121/><D121/><U9/><E37/><V58/><F89/><W7/><G36/><T108/><D108/><U20/><E79/><V38/><F38/><W85/><G67/><T129/><D129/><U51/><E117/><V113/><F113/><W8/><G94/><T131/><D131/><U133/><E133/><V40/><F40/><W132/><G132/><T32/><D106/><U83/><E83/><V92/><F92/><W120/><G120/><T57/><D107/><U0/><E54/><V75/><F75/><W81/><G15/><T68/><D13/><N who="1" m="5287" /><E10/><N who="2" m="2383" /><F27/><W109/><G109/><T77/><D26/><N who="1" m="14623" /><E0/><V43/><F43/><W93/><G93/><T103/><D77/><U65/><E65/><V18/><F18/><W115/><G115/><T61/><D17/><U88/><E23/><V34/><F34/><W99/><G99/><T122/><D22/><U100/><E100/><V3/><F3/><W114/><G114/><T80/><D122/><U125/><E125/><V71/><F71/><W35/><G35/><T90/><D32/><U12/><E12/><V31/><F31/><W69/><G69/><T91/><D33/><U64/><E64/><V66/><F66/><W70/><G70/><T110/><D14/><U86/><E97/><V112/><F112/><W16/><G16/><T111/><D68/><U74/><E74/><V45/><F53/><W56/><G98/><T72/><D72/><U73/><E73/><V39/><F39/><RYUUKYOKU ba="0,0" sc="286,-15,240,15,204,15,270,-15" hai1="28,29,51,52,86,88,95" hai2="44,45,46,58" /><INIT seed="2,1,0,1,3,88" ten="271,255,219,255" oya="2" hai0="65,71,21,89,18,129,124,99,85,80,28,60,122" hai1="19,72,107,48,58,117,57,34,116,95,114,111,23" hai2="6,83,45,119,47,30,112,38,27,92,16,2,51" hai3="127,97,84,59,131,7,81,113,121,100,87,105,20"/><V44/><F112/><W69/><G69/><T46/><D129/><U10/><E107/><V53/><F119/><W106/><G121/><T50/><D124/><U35/><E72/><V1/><F83/><W12/><G106/><T37/><D37/><U52/><E114/><V61/><F6/><W40/><G131/><T130/><D130/><U22/><E111/><V4/><F61/><W33/><G33/><T74/><D74/><U82/><E34/><V101/><F4/><W70/><G70/><T115/><D122/><U63/><E35/><V118/><F30/><W0/><G113/><T3/><D3/><U125/><E125/><V109/><F118/><W17/><G127/><T104/><D28/><U54/><E82/><V78/><F78/><W43/><G87/><T67/><D67/><U103/><E116/><V96/><F109/><W91/><G59/><T79/><D115/><U25/><E117/><V102/><F102/><W134/><G134/><T123/><D123/><U15/><E25/><V132/><F132/><W62/><G62/><T31/><D31/><U110/><E110/><V64/><F64/><W93/><G105/><T32/><D32/><U29/><E29/><V11/><F38/><W5/><G0/><T86/><D86/><U68/><E68/><V108/><F108/><W36/><G36/><T49/><D46/><N who="2" m="18026" /><F27/><W128/><G128/><T98/><D104/><U55/><E55/><V133/><F133/><W14/><G5/><T90/><D65/><U39/><E39/><V42/><F53/><W77/><G77/><T8/><D71/><U135/><E135/><RYUUKYOKU ba="1,0" sc="271,-30,255,10,219,10,255,10" hai1="10,15,19,22,23,48,52,54,57,58,63,95,103" hai2="1,2,11,16,42,47,51,92,96,101" hai3="7,12,14,17,20,40,43,81,84,91,93,97,100" /><INIT seed="2,2,0,0,5,51" ten="241,265,229,265" oya="2" hai0="112,93,114,76,16,113,134,6,89,128,70,135,117" hai1="28,19,99,126,132,69,20,46,130,34,36,39,118" hai2="44,72,11,35,124,10,59,129,37,42,84,3,88" hai3="96,12,55,57,100,58,91,38,66,82,111,77,17"/><V119/><F119/><W101/><G111/><T127/><D70/><U52/><E118/><V18/><F72/><W92/><G38/><T83/><D6/><U60/><E130/><V30/><F129/><W131/><G131/><T14/><D128/><U29/><E132/><N who="0" m="50729" /><D117/><U120/><E126/><V9/><F124/><W67/><G77/><T106/><D106/><U68/><E34/><V80/><F35/><W94/><G82/><T24/><D24/><U105/><E120/><V81/><F30/><W78/><G58/><T125/><D16/><U98/><E68/><V107/><F107/><W43/><G43/><T86/><D14/><U22/><E69/><V56/><F3/><W25/><G78/><T110/><D110/><U50/><E105/><V103/><F103/><W64/><G94/><T133/><N who="0" m="50737" /><T63/><DORA hai="65" /><D63/><U123/><E60/><V48/><F81/><W104/><G25/><T61/><D61/><U108/><E108/><V31/><F31/><W4/><G4/><T75/><AGARI ba="2,0" hai="75,76,83,86,89,93,112,113,114,125,127" m="50737" machi="75" ten="50,6400,0" yaku="20,1,34,2" doraHai="51,65" who="0" fromWho="0" sc="241,70,265,-18,229,-34,265,-18" /><INIT seed="3,0,0,5,0,128" ten="311,247,195,247" oya="3" hai0="20,121,97,125,92,103,18,102,33,1,54,111,31" hai1="94,132,15,30,53,14,71,118,134,113,29,83,135" hai2="72,50,93,81,74,79,70,26,101,48,112,36,19" hai3="82,59,98,129,22,122,23,52,131,12,60,4,76"/><W68/><G122/><T38/><D121/><U107/><E107/><V0/><F112/><W8/><G68/><T49/><D38/><U91/><E113/><V73/><F36/><W106/><G106/><T108/><D1/><U64/><E118/><V61/><F0/><W133/><G98/><T3/><D3/><U57/><E83/><V117/><F117/><W95/><G95/><T27/><D103/><U51/><E64/><V67/><F101/><W39/><G39/><T35/><D125/><U9/><E71/><V10/><F93/><W6/><G6/><T41/><D41/><U34/><E34/><V84/><F10/><W45/><G45/><N who="0" m="27951" /><D18/><N who="1" m="8527" /><E15/><V40/><F40/><W66/><G66/><T21/><D21/><U28/><E28/><V104/><REACH who="2" step="1"/><F104/><REACH who="2" ten="311,247,185,247" step="2"/><W100/><G100/><T87/><D33/><U17/><E17/><V13/><F13/><W90/><G12/><T130/><D35/><U32/><E32/><V24/><F24/><W105/><G105/><T126/><D130/><U16/><E16/><V110/><F110/><W120/><G131/><T43/><D43/><U123/><E123/><V58/><F58/><W86/><G120/><T114/><D114/><U56/><E57/><V65/><F65/><W7/><G129/><T88/><D111/><U124/><E124/><V78/><F78/><N who="3" m="46423" /><G8/><T115/><D108/><U55/><E55/><V75/><N who="2" m="18432" /><DORA hai="89" /><V2/><F2/><W109/><G76/><T37/><D126/><U80/><E94/><V46/><F46/><W116/><G52/><T44/><D115/><U42/><E42/><V77/><F77/><RYUUKYOKU ba="0,1" sc="311,-15,247,15,185,15,247,-15" hai1="29,30,51,53,56,80,91,132,134,135" hai2="19,26,48,50,61,67,70,79,81,84" /><INIT seed="4,1,1,3,0,41" ten="296,262,200,232" oya="0" hai0="106,4,68,51,93,74,5,65,135,72,26,52,129" hai1="8,97,39,23,132,9,122,43,19,63,11,76,27" hai2="77,101,32,121,82,123,1,120,105,40,2,49,14" hai3="20,38,69,46,95,33,56,83,133,127,96,37,99"/><T110/><D106/><U12/><E122/><V92/><F105/><W103/><G33/><T111/><D129/><U29/><E132/><V47/><F32/><W87/><G69/><T15/><D135/><U13/><E76/><V54/><F14/><W108/><G108/><N who="0" m="41515" /><D26/><U90/><E63/><V44/><F92/><W70/><G70/><T124/><D124/><U45/><E97/><V119/><F101/><W79/><G127/><T58/><D68/><U67/><E67/><V36/><REACH who="2" step="1"/><F119/><REACH who="2" ten="296,262,190,232" step="2"/><W81/><G95/><T100/><D15/><U117/><E117/><V89/><F89/><W53/><G103/><T57/><D93/><U21/><E90/><V30/><F30/><W88/><G133/><T6/><D100/><U60/><E60/><AGARI ba="1,2" hai="4,5,6,51,52,57,58,60,65,72,74" m="41515" machi="60" ten="30,2900,0" yaku="10,1,54,1" doraHai="41" who="0" fromWho="1" sc="296,52,262,-32,190,0,232,0" owari="348,44.8,230,-17.0,190,-31.0,232,3.2" /></mjloggm>