<mjloggm ver="2.3"><GO type="225" lobby="0"/><UN n0="%74%61%6B%75%61%6B%61" n1="%E9%97%98%E5%B0%86%E3%81%A0%E3%82%93%E3%81%A7%E3%81%83" n2="%E3%81%BF%E3%81%BF%E3%81%9A" n3="%E7%99%BD%E6%97%A5%E9%9B%AA%E8%8F%9C" dan="16,16,17,17" rate="2093.42,2126.39,2316.50,2212.62" sx="M,M,M,M"/><TAIKYOKU oya="0"/><INIT seed="0,0,0,0,2,28" ten="250,250,250,250" oya="0" hai0="52,57,114,48,42,10,110,117,67,72,107,64,68" hai1="34,99,65,100,13,93,122,84,8,14,69,53,128" hai2="115,75,77,87,56,125,78,116,123,66,43,82,19" hai3="3,59,54,60,130,46,103,24,16,17,9,6,1"/><T0/><D117/><U91/><E122/><V40/><F123/><W83/><G130/><T89/><D114/><U76/><E128/><V79/><F115/><W86/><G103/><T131/><D131/><U119/><E119/><V121/><F116/><W95/><G95/><T97/><D72/><U109/><E109/><V32/><F32/><W30/><G46/><T26/><D110/><U92/><E34/><V98/><F121/><W105/><G105/><T62/><D26/><U49/><E69/><V5/><F5/><W27/><G1/><T90/><D64/><U88/><E65/><V21/><F98/><W135/><G135/><T63/><D10/><U108/><E76/><N who="2" m="29291" /><F125/><W71/><G71/><T134/><D0/><U11/><E108/><V126/><F126/><W127/><G27/><T44/><REACH who="0" step="1"/><D134/><REACH who="0" ten="240,250,250,250" step="2"/><U74/><E74/><V37/><F75/><W35/><REACH who="3" step="1"/><G127/><REACH who="3" ten="240,250,250,240" step="2"/><T33/><D33/><U73/><E73/><V47/><F37/><W101/><G101/><AGARI ba="0,2" hai="42,44,48,52,57,62,63,67,68,89,90,97,101,107" machi="101" ten="40,7700,0" yaku="1,1,54,1,53,1" doraHai="28" doraHaiUra="45" who="0" fromWho="3" sc="240,97,250,0,250,0,240,-77" /><INIT seed="0,1,0,0,3,124" ten="337,250,250,163" oya="0" hai0="100,7,43,127,4,21,87,122,20,81,52,22,119" hai1="93,91,123,72,102,92,26,64,69,13,51,66,0" hai2="126,118,83,97,103,27,96,59,53,46,6,128,30" hai3="94,49,133,95,82,78,45,11,112,41,24,34,135"/><T33/><D122/><U125/><E0/><V17/><F126/><W106/><G106/><T115/><D127/><U32/><E72/><V80/><F6/><W35/><G112/><T65/><D33/><U18/><E69/><V134/><F134/><N who="3" m="51211" /><G11/><T98/><D119/><U42/><E123/><V2/><F2/><W88/><G24/><T73/><D73/><U111/><E93/><V90/><F46/><W89/><G95/><N who="0" m="58463" /><D65/><U132/><E102/><V15/><F118/><W86/><G89/><N who="0" m="51439" /><D43/><U101/><E101/><V14/><F90/><W108/><G108/><T48/><D115/><U114/><E111/><V23/><F14/><W85/><AGARI ba="1,0" hai="34,35,41,45,49,78,82,85,86,88,94" m="51211" machi="85" ten="30,2000,0" yaku="20,1,54,1" doraHai="124" who="3" fromWho="3" sc="337,-11,250,-6,250,-6,163,23" /><INIT seed="1,0,0,2,5,37" ten="326,244,244,186" oya="1" hai0="92,6,3,38,108,79,40,63,134,51,87,7,91" hai1="131,66,100,46,36,106,69,50,13,82,61,114,83" hai2="5,117,121,90,58,129,110,128,104,120,49,67,72" hai3="24,71,78,8,74,44,133,119,43,126,55,109,99"/><U127/><E114/><V23/><F72/><W85/><G109/><T26/><D108/><U75/><E131/><N who="2" m="50251" /><F110/><W45/><G74/><T59/><D38/><U107/><E127/><V29/><F104/><W41/><G71/><T135/><D26/><U97/><E106/><V47/><F5/><W84/><G126/><T22/><D22/><U18/><E36/><V102/><F102/><W112/><G112/><T12/><D3/><U0/><E0/><V130/><N who="2" m="50259" /><V20/><DORA hai="33" /><F117/><W19/><G133/><N who="0" m="50699" /><D12/><U32/><E32/><V28/><F90/><W123/><G123/><N who="2" m="47177" /><F58/><W77/><G119/><T125/><D79/><U86/><E75/><V21/><F67/><W53/><G99/><T116/><D116/><U88/><E83/><V4/><F4/><W11/><G19/><T16/><D16/><U25/><E25/><AGARI ba="0,0" hai="8,11,24,25,41,43,44,45,53,55,77,78,84,85" machi="25" ten="25,8000,1" yaku="22,2,8,1,52,2" doraHai="37,33" who="3" fromWho="1" sc="326,0,244,-80,244,0,186,80" /><INIT seed="2,0,0,3,5,96" ten="326,164,244,266" oya="2" hai0="88,80,119,127,51,25,41,118,83,23,82,12,132" hai1="102,0,10,24,71,44,116,22,84,124,90,31,94" hai2="13,129,73,89,64,47,46,20,112,74,123,50,1" hai3="68,16,61,121,27,32,59,133,81,49,92,18,11"/><V110/><F112/><W55/><G121/><T134/><D127/><U103/><E124/><V67/><F123/><W8/><G133/><N who="0" m="51307" /><D12/><U97/><E116/><N who="0" m="44585" /><D41/><U87/><E71/><V36/><F1/><W79/><G92/><T109/><D51/><U56/><E87/><V6/><F129/><W91/><G91/><T35/><D35/><U28/><E28/><V114/><F114/><W66/><G32/><T21/><D109/><U39/><E56/><V29/><F110/><W130/><G130/><T42/><D42/><U77/><E39/><V131/><F36/><W15/><G27/><T30/><D21/><U5/><REACH who="1" step="1"/><E44/><REACH who="1" ten="326,154,244,266" step="2"/><V105/><F74/><W17/><G8/><T99/><D99/><U45/><E45/><V78/><F29/><W76/><G76/><T34/><D34/><U63/><E63/><V115/><F46/><W38/><G38/><T93/><D80/><AGARI ba="0,1" hai="0,5,10,22,24,31,77,80,84,90,94,97,102,103" machi="80" ten="40,5200,0" yaku="1,1,52,2,53,0" doraHai="96" doraHaiUra="70" who="1" fromWho="0" sc="326,-52,154,62,244,0,266,0" /><INIT seed="3,0,0,2,5,50" ten="274,216,244,266" oya="3" hai0="10,59,16,86,11,89,116,94,13,78,128,126,28" hai1="41,93,114,135,107,69,74,90,57,111,0,80,40" hai2="48,14,87,83,119,43,127,103,84,88,91,129,123" hai3="17,113,18,26,125,30,8,105,20,9,49,124,76"/><W71/><G105/><T100/><D116/><U70/><E107/><V120/><F119/><W33/><G71/><T85/><D126/><N who="3" m="48745" /><G76/><T112/><D128/><U104/><E104/><V61/><F127/><W6/><G49/><T58/><D112/><U55/><E0/><V109/><F109/><W67/><G67/><T22/><D100/><U5/><E5/><V47/><F129/><W7/><G113/><T38/><D38/><U92/><E114/><V54/><F103/><W35/><G18/><T79/><D79/><U97/><E70/><V37/><F61/><W44/><G44/><T29/><D29/><U39/><E69/><V24/><F24/><N who="3" m="18631" /><G35/><T23/><D28/><U68/><E68/><V36/><F43/><W99/><G99/><T110/><D110/><U32/><E32/><V51/><F48/><W31/><G17/><T77/><D16/><U118/><E118/><V72/><F72/><W82/><G82/><T56/><D94/><U27/><E111/><V66/><F66/><W19/><G19/><T3/><D77/><N who="1" m="44087" /><E39/><V108/><F108/><W132/><G132/><T4/><D78/><U96/><E135/><V75/><F75/><W121/><G121/><N who="2" m="46665" /><F37/><W65/><G65/><T15/><D3/><U73/><E73/><V63/><F36/><W98/><G98/><T117/><D117/><U53/><E96/><V2/><F2/><W25/><G25/><T101/><D85/><N who="2" m="32842" /><F83/><W45/><G45/><T134/><D134/><U115/><E115/><V1/><F1/><W60/><G60/><T12/><D86/><U42/><E27/><V102/><F47/><RYUUKYOKU ba="0,0" sc="274,-10,216,-10,244,-10,266,30" hai3="6,7,8,9,20,26,31" /><INIT seed="3,1,0,3,0,69" ten="264,206,234,296" oya="3" hai0="119,95,108,102,30,91,6,3,47,112,129,66,106" hai1="75,131,26,86,56,40,97,83,62,1,121,116,64" hai2="90,41,65,135,48,125,127,105,98,21,13,25,16" hai3="73,50,82,42,122,45,120,27,117,133,37,55,33"/><W28/><G117/><T36/><D119/><U72/><E116/><V49/><F135/><W101/><G133/><T85/><D108/><U89/><E131/><V114/><F114/><W54/><G101/><T14/><D3/><U80/><E121/><V118/><F118/><W68/><G68/><T99/><D129/><U70/><E1/><V29/><F65/><W24/><G55/><T43/><D112/><U51/><E80/><V113/><F113/><W10/><G10/><T130/><D130/><U31/><E97/><V2/><F2/><W35/><G82/><T46/><D66/><U124/><E124/><N who="2" m="47691" /><F41/><W19/><G73/><T44/><REACH who="0" step="1"/><D30/><REACH who="0" ten="254,206,234,296" step="2"/><U126/><E126/><V87/><F29/><W0/><G0/><T134/><D134/><U111/><E111/><V77/><F13/><W79/><G122/><T57/><D57/><U103/><E70/><V18/><F18/><W52/><G120/><T84/><D84/><U96/><E31/><V76/><F16/><W67/><G19/><T7/><D7/><U78/><E26/><V22/><F25/><W5/><G5/><T17/><D17/><U12/><E12/><V61/><F87/><W8/><G67/><T74/><D74/><U20/><E75/><V93/><F21/><N who="3" m="15375" /><G27/><T104/><D104/><N who="1" m="63591" /><E20/><V9/><F22/><W107/><G107/><T132/><D132/><U39/><E72/><V38/><F105/><W59/><G35/><T128/><D128/><U88/><E39/><V71/><F38/><W110/><G33/><T53/><D53/><U23/><E23/><V92/><F9/><AGARI ba="1,1" hai="6,9,14,36,43,44,46,47,85,91,95,99,102,106" machi="9" ten="40,2600,0" yaku="1,1,52,1,53,0" doraHai="69" doraHaiUra="58" who="0" fromWho="2" sc="254,39,206,0,234,-29,296,0" /><INIT seed="4,0,0,0,0,34" ten="293,206,205,296" oya="0" hai0="14,19,37,86,9,133,124,88,127,126,89,28,107" hai1="6,38,122,68,12,134,65,45,44,7,46,71,25" hai2="16,119,70,42,50,110,60,2,11,82,128,104,105" hai3="85,49,90,53,75,62,132,98,22,95,106,81,117"/><T84/><D133/><U63/><E122/><V40/><F110/><W77/><G132/><T43/><D107/><U0/><E134/><V58/><F128/><W27/><G62/><T99/><D28/><U130/><E130/><V18/><F70/><W52/><G117/><T15/><D99/><U55/><E0/><V80/><F119/><W74/><G49/><T51/><D37/><U32/><E68/><V118/><F118/><W4/><G4/><T66/><D66/><U31/><E38/><V115/><F115/><W121/><G74/><T129/><D129/><U103/><E103/><V54/><F2/><W57/><G57/><T111/><D111/><U112/><E112/><V21/><F105/><W102/><G121/><T35/><D35/><U47/><E12/><N who="2" m="7199" /><F104/><W5/><G5/><T26/><D26/><U113/><E113/><V36/><F36/><W116/><G116/><T92/><D14/><U135/><E135/><V48/><F48/><W64/><G64/><T108/><D108/><U1/><E1/><V120/><F120/><W131/><G131/><T91/><D92/><U94/><E94/><V20/><F20/><W61/><G61/><T93/><D93/><U97/><E97/><V41/><F60/><W23/><G23/><T59/><D59/><U33/><E33/><V125/><F125/><W123/><G123/><T72/><D72/><U96/><E96/><V29/><F29/><AGARI ba="0,0" hai="22,27,29,52,53,75,77,81,85,90,95,98,102,106" machi="29" ten="30,7700,0" yaku="7,1,24,2,54,1" doraHai="34" who="3" fromWho="2" sc="293,0,206,0,205,-77,296,77" owari="293,9.3,206,-19.4,128,-37.2,373,47.3" /></mjloggm>