<mjloggm ver="2.3"><GO type="225" lobby="0"/><UN n0="%E7%B4%94%E6%BD%94%E3%83%94%E3%83%A9%E3%83%8B%E3%82%A2" n1="%6D%75%75%6D%75%72%61" n2="%E5%B0%8F%E9%B3%A5%E9%81%8A%E7%B7%B4%E7%84%A1%32%31%E6%AD%B3" n3="%E5%AF%82%E5%AF%9E%E3%82%AE%E3%83%8D%E3%82%B9%E3%83%93%E3%83%BC%E3%83%AB" dan="17,16,16,16" rate="2216.75,2220.60,2130.50,2169.41" sx="M,F,F,M"/><TAIKYOKU oya="0"/><INIT seed="0,0,0,2,3,102" ten="250,250,250,250" oya="0" hai0="40,91,71,114,69,79,117,88,7,12,16,63,122" hai1="120,4,77,57,112,94,82,75,115,130,128,8,1" hai2="70,73,5,48,76,127,18,15,78,85,27,119,89" hai3="64,110,34,111,93,125,96,108,134,129,0,46,86"/><T11/><D114/><N who="1" m="43563" /><E120/><V135/><F119/><W35/><G125/><T123/><D117/><U61/><E94/><V44/><F127/><W60/><G134/><T33/><D33/><U22/><E22/><V99/><F70/><N who="3" m="42247" /><G129/><T24/><D40/><U29/><E29/><V21/><F73/><W30/><G0/><T109/><D79/><U6/><E6/><V19/><F99/><W103/><G30/><T101/><D101/><U3/><E3/><V13/><F5/><W32/><G46/><T65/><D71/><U2/><E2/><V58/><F27/><W59/><G59/><T84/><D109/><N who="3" m="27905" /><W50/><DORA hai="97" /><G50/><T55/><D55/><AGARI ba="0,0" hai="1,4,8,55,57,61,75,77,82,128,130" m="43563" machi="55" ten="30,1000,0" yaku="11,1" doraHai="102,97" who="1" fromWho="0" sc="250,-10,250,10,250,0,250,0" /><INIT seed="1,0,0,4,1,22" ten="240,260,250,250" oya="1" hai0="109,130,15,52,5,119,31,124,12,65,111,27,29" hai1="96,46,87,82,80,20,133,44,16,100,14,40,74" hai2="84,127,43,38,70,132,114,48,94,49,79,118,42" hai3="73,28,23,45,107,121,19,69,99,89,56,54,47"/><U106/><E133/><V0/><F118/><W78/><G121/><T122/><D65/><U91/><REACH who="1" step="1"/><E40/><REACH who="1" ten="240,250,250,250" step="2"/><V25/><F132/><W8/><G47/><T33/><D119/><U67/><E67/><V101/><F42/><W2/><G45/><T10/><D122/><U110/><E110/><V104/><F43/><W98/><G69/><T35/><D124/><U71/><E71/><V116/><F70/><W1/><G56/><T24/><D130/><U50/><E50/><V62/><F49/><W9/><G54/><T75/><D52/><U128/><E128/><V21/><F48/><W66/><G66/><T125/><D125/><U41/><E41/><V81/><F127/><W77/><G1/><T39/><D39/><U7/><E7/><V112/><F0/><W68/><G2/><N who="0" m="311" /><D75/><U76/><AGARI ba="0,1" hai="14,16,20,44,46,74,76,80,82,87,91,96,100,106" machi="76" ten="30,11700,0" yaku="1,1,0,1,54,1,53,1" doraHai="22" doraHaiUra="83" who="1" fromWho="1" sc="240,-39,250,127,250,-39,250,-39" /><INIT seed="1,1,0,5,4,132" ten="201,377,211,211" oya="1" hai0="74,87,79,131,64,90,20,80,34,26,72,12,10" hai1="77,28,31,130,59,98,103,68,112,53,17,42,104" hai2="119,45,108,7,133,33,5,129,93,82,14,95,11" hai3="6,96,9,38,78,54,62,85,116,88,69,135,18"/><U94/><E112/><V52/><F119/><W81/><G38/><T56/><D34/><U76/><E68/><V100/><F133/><W37/><G37/><T50/><D131/><U84/><E130/><V41/><F129/><W120/><G135/><T13/><D13/><U24/><E42/><V115/><F33/><W86/><G120/><T27/><D27/><U105/><E17/><V125/><F108/><W46/><G116/><T29/><D90/><U89/><E105/><V99/><F5/><W0/><G18/><T118/><D118/><U61/><REACH who="1" step="1"/><E31/><REACH who="1" ten="201,367,211,211" step="2"/><V2/><F115/><W44/><G69/><T16/><REACH who="0" step="1"/><D64/><REACH who="0" ten="191,367,211,211" step="2"/><U65/><E65/><V4/><F41/><W30/><G54/><AGARI ba="1,2" hai="10,12,16,20,26,29,50,54,56,72,74,79,80,87" machi="54" ten="40,5200,0" yaku="1,1,2,1,54,1,53,0" doraHai="132" doraHaiUra="92" who="0" fromWho="3" sc="191,75,367,0,211,0,211,-55" /><INIT seed="2,0,0,3,1,23" ten="266,367,211,156" oya="2" hai0="81,69,127,50,40,107,111,67,63,29,130,38,37" hai1="84,70,71,92,27,115,75,106,52,128,62,54,104" hai2="109,3,22,119,26,21,103,6,126,0,5,93,112" hai3="55,105,20,64,53,108,72,101,11,123,110,34,13"/><V100/><F119/><W51/><G123/><T90/><D107/><U58/><E115/><V66/><F112/><W32/><G72/><T78/><D111/><N who="3" m="42537" /><G64/><T74/><D130/><U125/><E75/><V102/><F109/><W124/><G124/><T65/><D65/><U4/><E128/><V131/><F131/><W14/><G101/><T77/><D77/><U25/><E125/><V61/><F93/><W46/><G105/><T10/><D10/><U113/><E113/><V16/><F126/><W12/><G11/><T48/><D127/><U133/><E133/><V68/><REACH who="2" step="1"/><F22/><REACH who="2" ten="266,367,201,156" step="2"/><W19/><G32/><T118/><D118/><U73/><E104/><V117/><F117/><W45/><G34/><T57/><D81/><U76/><E106/><V82/><F82/><W87/><G87/><T60/><D74/><U99/><E73/><V80/><F80/><W129/><G129/><T15/><D78/><U41/><E76/><V31/><F31/><W89/><G89/><T33/><D90/><U94/><E84/><V2/><AGARI ba="0,1" hai="0,2,3,5,6,16,21,26,61,66,68,100,102,103" machi="2" ten="40,12000,1" yaku="1,1,0,1,52,1,54,1,53,0" doraHai="23" doraHaiUra="24" who="2" fromWho="2" sc="266,-40,367,-40,201,130,156,-40" /><INIT seed="2,1,0,2,0,6" ten="226,327,331,116" oya="2" hai0="95,33,76,21,77,62,123,37,14,90,34,56,35" hai1="116,9,108,15,54,20,103,57,29,25,78,61,106" hai2="87,53,31,0,72,96,28,84,107,63,7,46,121" hai3="12,112,131,52,11,127,81,122,89,124,100,59,83"/><V134/><F72/><W43/><G122/><T86/><D37/><U91/><E116/><V85/><F134/><W41/><G100/><T26/><D123/><U118/><E118/><V99/><F121/><W82/><G89/><T39/><D39/><U51/><E108/><V18/><F107/><W110/><G110/><T58/><D14/><U1/><E1/><V5/><F0/><W94/><G94/><T17/><REACH who="0" step="1"/><D56/><REACH who="0" ten="216,327,331,116" step="2"/><U135/><E57/><N who="2" m="35247" /><F46/><W30/><G112/><T48/><D48/><U93/><E51/><V23/><F5/><N who="3" m="3183" /><G131/><T130/><D130/><U113/><E113/><V129/><F7/><W104/><G104/><T38/><D38/><U102/><E106/><V32/><F129/><W125/><G30/><N who="2" m="11305" /><F32/><W50/><AGARI ba="1,1" hai="41,43,50,52,59,81,82,83,124,125,127" m="3183" machi="50" ten="40,5200,0" yaku="18,1,52,1,54,1" doraHai="6" who="3" fromWho="3" sc="216,-14,327,-14,331,-27,116,65" /><INIT seed="3,0,0,0,2,104" ten="202,313,304,181" oya="3" hai0="40,46,84,76,61,62,103,88,38,13,124,43,53" hai1="10,42,51,4,47,102,90,91,7,122,25,99,20" hai2="9,115,55,110,22,112,71,96,19,3,126,72,0" hai3="129,105,26,86,75,116,70,123,81,17,48,32,16"/><W106/><G116/><T114/><D114/><U23/><E122/><V108/><F71/><W87/><G123/><T121/><D121/><U66/><E66/><V83/><F126/><W118/><G118/><T6/><D124/><U11/><E102/><V59/><F96/><W24/><G70/><T132/><D132/><U128/><E128/><V78/><F9/><N who="1" m="3081" /><E20/><V50/><F3/><W8/><G8/><N who="0" m="4247" /><D38/><U92/><E91/><V2/><F2/><W36/><G36/><T57/><D76/><U119/><E119/><V94/><F94/><W63/><G129/><T133/><D133/><U44/><E44/><V100/><F100/><W54/><G75/><T29/><D29/><AGARI ba="0,0" hai="4,7,23,25,29,42,47,51,90,92,99" m="3081" machi="29" ten="30,1000,0" yaku="8,1" doraHai="104" who="1" fromWho="0" sc="202,-10,313,10,304,0,181,0" owari="192,-20.8,323,42.3,304,10.4,181,-31.9" /></mjloggm>