<mjloggm ver="2.3"><GO type="225" lobby="0"/><UN n0="%E3%81%A8%E3%82%93%E3%81%A8%E3%81%93%E3%81%A8%E3%82%93" n1="%E7%BD%AA%E5%88%91%E6%B3%95%E5%AE%9A%E4%B8%BB%E7%BE%A9" n2="%E6%9A%87%E4%BA%BA%EF%BC%A0%E9%85%8D%E4%BF%A1%E5%9E%A2" n3="%E5%8F%AF%E5%85%90%E9%82%A3%E7%94%B1%E5%A4%9A" dan="16,16,17,17" rate="2108.24,2183.08,2181.41,2230.16" sx="M,M,F,F"/><TAIKYOKU oya="0"/><INIT seed="0,0,0,5,1,110" ten="250,250,250,250" oya="0" hai0="115,107,135,76,134,3,61,37,130,0,94,21,91" hai1="82,70,121,113,34,5,125,120,49,77,101,33,17" hai2="62,103,124,42,67,84,90,14,83,41,109,11,71" hai3="116,51,58,132,15,59,89,80,53,85,36,118,127"/><T60/><D107/><U104/><E70/><V63/><F109/><W55/><G36/><T28/><D37/><U56/><E5/><V98/><F124/><W8/><G132/><N who="0" m="50731" /><D76/><U102/><E125/><V19/><REACH who="2" step="1"/><F63/><REACH who="2" ten="250,250,240,250" step="2"/><W45/><G127/><T123/><D123/><U7/><E121/><V16/><F16/><N who="3" m="8295" /><G59/><T100/><D60/><AGARI ba="0,1" hai="45,51,53,55,58,60,80,85,89,116,118" m="8295" machi="60" ten="30,2000,0" yaku="25,1,54,1" doraHai="110" who="3" fromWho="0" sc="250,-20,250,0,240,0,250,30" /><INIT seed="1,0,0,1,4,7" ten="230,250,240,280" oya="1" hai0="24,129,79,25,52,87,128,36,63,40,39,17,54" hai1="31,120,59,92,127,42,53,44,29,9,26,71,3" hai2="10,11,32,70,110,82,125,90,67,13,38,58,22" hai3="62,27,115,55,81,4,104,51,69,65,77,124,106"/><U73/><E120/><V1/><F32/><W12/><G115/><T121/><D121/><U14/><E3/><V20/><F70/><W2/><G124/><T117/><D117/><U47/><E73/><V30/><F38/><W86/><G2/><T89/><D79/><U28/><E71/><V60/><F125/><W98/><G98/><T5/><D5/><U95/><E26/><N who="2" m="16711" /><F1/><W126/><G126/><T118/><D118/><U135/><E135/><V66/><F66/><W6/><G27/><N who="0" m="10315" /><D17/><U68/><E68/><V132/><F110/><W116/><G6/><T84/><D63/><U45/><E42/><V93/><F82/><W131/><G131/><N who="0" m="50251" /><D40/><U76/><E76/><V130/><F132/><W33/><G33/><T102/><D102/><U83/><E83/><V16/><F130/><W50/><G116/><T49/><D49/><N who="1" m="31151" /><E127/><V103/><F103/><W113/><G51/><T107/><D107/><U85/><E85/><AGARI ba="0,0" hai="10,11,13,16,22,58,60,67,85,90,93" m="16711" machi="85" ten="30,7700,0" yaku="8,1,52,2,54,1" doraHai="7" who="2" fromWho="1" sc="230,0,250,-77,240,77,280,0" /><INIT seed="2,0,0,2,3,7" ten="230,173,317,280" oya="2" hai0="34,49,71,80,63,108,36,115,47,18,56,9,37" hai1="87,1,93,99,85,6,73,127,84,75,123,14,132" hai2="13,57,78,27,69,65,72,118,10,5,29,64,39" hai3="32,134,11,25,104,52,114,130,22,102,88,100,3"/><V126/><F118/><W107/><G32/><T44/><D115/><U116/><E1/><V128/><F39/><N who="0" m="14922" /><D34/><U98/><E116/><V54/><F126/><W58/><G114/><T15/><D80/><U23/><E127/><V103/><F128/><W117/><G117/><T42/><D15/><U74/><E132/><V95/><F72/><W19/><G134/><T81/><D18/><U16/><E123/><V90/><F103/><W121/><G121/><T125/><D9/><U76/><E76/><V96/><F69/><W0/><G130/><T109/><D81/><U105/><E105/><V79/><F79/><W24/><G107/><T70/><D47/><U43/><E43/><V119/><F78/><W62/><G104/><T94/><D94/><U112/><E112/><V51/><REACH who="2" step="1"/><F119/><REACH who="2" ten="230,173,307,280" step="2"/><W33/><G102/><T20/><D125/><U60/><E6/><V28/><F28/><W82/><G100/><T129/><D129/><U86/><REACH who="1" step="1"/><E60/><REACH who="1" ten="230,163,307,280" step="2"/><V41/><F41/><W50/><G62/><T45/><D63/><U92/><E92/><V68/><F68/><W17/><G82/><T21/><D70/><U122/><E122/><V120/><F120/><W133/><G133/><T91/><D71/><U2/><E2/><V55/><F55/><W97/><G0/><T59/><D42/><U89/><AGARI ba="0,2" hai="14,16,23,73,74,75,84,85,86,87,89,93,98,99" machi="89" ten="40,5200,0" yaku="1,1,0,1,54,1,53,0" doraHai="7" doraHaiUra="101" who="1" fromWho="1" sc="230,-13,163,72,307,-26,280,-13" /><INIT seed="3,0,0,2,5,39" ten="217,235,281,267" oya="3" hai0="114,22,110,33,66,13,109,88,121,57,112,78,92" hai1="120,50,84,62,68,52,104,69,10,14,2,75,111" hai2="9,131,89,4,47,26,1,44,91,127,103,135,27" hai3="74,7,46,80,28,70,43,119,16,31,21,32,12"/><W59/><G119/><T20/><D33/><U34/><E120/><V128/><F103/><W115/><G115/><N who="0" m="44075" /><D78/><U54/><E75/><V45/><F127/><W96/><G70/><T48/><D121/><U129/><E104/><V100/><F100/><W102/><G7/><T82/><D82/><U24/><E2/><V60/><F135/><W17/><G32/><T30/><D30/><U125/><E125/><V73/><F73/><W97/><G59/><T63/><D48/><U122/><E122/><V67/><F26/><W65/><G65/><T86/><D13/><U90/><E111/><AGARI ba="0,0" hai="20,22,57,63,66,86,88,92,109,110,111" m="44075" machi="111" ten="30,3900,0" yaku="14,1,11,1,54,1" doraHai="39" who="0" fromWho="1" sc="217,39,235,-39,281,0,267,0" /><INIT seed="4,0,0,5,4,123" ten="256,196,281,267" oya="0" hai0="91,122,118,7,47,45,40,48,50,11,81,92,57" hai1="56,24,77,37,117,64,13,131,53,14,113,41,93" hai2="111,98,101,132,28,33,80,100,120,39,62,75,125" hai3="49,106,107,74,86,83,3,126,72,127,22,68,26"/><T9/><D122/><U130/><E117/><V114/><F120/><W65/><G3/><T135/><D118/><U63/><E77/><V108/><F39/><W6/><G6/><T54/><D135/><U96/><E113/><V31/><F101/><W15/><G15/><T32/><D32/><U129/><E24/><V115/><F132/><W4/><G4/><T61/><D81/><U51/><E41/><V21/><F21/><W94/><G49/><T73/><D73/><N who="3" m="28265" /><G65/><T110/><D110/><N who="2" m="42026" /><F62/><W95/><G22/><T109/><D7/><U20/><E20/><V16/><F16/><W23/><G23/><T18/><D18/><U84/><E84/><V70/><F70/><W46/><G68/><T38/><D109/><U55/><E37/><V19/><F19/><W59/><G86/><N who="0" m="52343" /><D38/><U30/><E30/><V71/><F71/><W69/><G69/><T76/><D76/><U105/><E105/><N who="2" m="63639" /><F125/><W85/><G106/><T5/><D5/><U8/><E8/><V89/><F28/><W52/><G107/><T87/><D87/><U0/><E0/><V25/><F89/><W134/><G134/><T112/><D112/><U60/><E60/><V88/><F88/><W42/><G127/><T58/><D61/><U43/><E43/><V66/><F66/><W128/><G42/><T2/><D2/><U79/><E79/><AGARI ba="0,0" hai="25,31,33,75,79,80,114,115" m="63639,42026" machi="79" ten="30,7700,0" yaku="23,1,52,3" doraHai="123" who="2" fromWho="1" sc="256,0,196,-77,281,77,267,0" owari="256,-14.4,119,-38.1,358,45.8,267,6.7" /></mjloggm>