<mjloggm ver="2.3"><GO type="225" lobby="0"/><UN n0="%E3%81%AF%E3%82%88%E3%81%8A%E3%81%98%E3%81%95%E3%82%93" n1="%E5%A4%9C%E5%85%89%E5%A4%A9%E6%A5%BC" n2="%E6%A1%9C%E8%8A%B1%E9%96%83%E3%80%85" n3="%E3%81%B5%E3%81%98%E3%81%8B%E3%81%A4" dan="17,17,16,16" rate="2175.51,2163.44,2147.49,2141.21" sx="M,M,M,M"/><TAIKYOKU oya="0"/><INIT seed="0,0,0,2,1,53" ten="250,250,250,250" oya="0" hai0="83,24,0,114,41,44,110,16,120,46,34,112,128" hai1="101,97,8,52,51,108,79,22,91,11,65,50,68" hai2="70,132,4,133,57,26,56,92,117,27,5,1,40" hai3="60,21,113,134,29,109,130,103,9,75,66,19,45"/><T59/><D120/><U93/><E108/><V104/><F104/><W69/><G109/><T72/><D110/><U123/><E123/><V13/><F1/><W23/><G113/><T118/><D118/><U78/><E68/><V42/><F92/><W87/><G75/><T61/><D0/><U37/><E65/><V2/><F2/><W67/><G134/><N who="2" m="51817" /><F70/><W89/><G130/><T14/><D128/><U63/><E37/><V106/><F106/><W121/><G103/><T124/><D124/><U6/><E22/><V17/><F117/><W43/><G67/><T10/><D44/><U127/><E127/><V122/><F27/><W15/><G29/><T71/><D71/><U107/><E6/><N who="2" m="2667" /><F26/><W96/><G96/><T94/><D94/><U12/><E12/><V32/><F32/><W98/><G98/><T80/><D24/><U31/><E31/><V64/><F64/><W84/><G121/><T20/><D34/><U102/><E107/><V111/><F111/><W48/><G87/><T49/><D20/><U135/><E135/><V76/><F76/><N who="1" m="29225" /><E101/><V25/><F25/><W81/><AGARI ba="0,0" hai="9,15,19,21,23,43,45,48,60,66,69,81,84,89" machi="81" ten="20,1500,0" yaku="0,1,7,1" doraHai="53" who="3" fromWho="3" sc="250,-7,250,-4,250,-4,250,15" /><INIT seed="1,0,0,0,2,133" ten="243,246,246,265" oya="1" hai0="62,96,119,104,1,85,75,89,82,64,48,113,61" hai1="36,7,105,27,2,131,20,52,112,34,42,57,128" hai2="56,8,11,26,13,60,51,59,14,100,21,111,134" hai3="94,121,97,55,53,74,76,30,93,114,25,125,31"/><U24/><E112/><V107/><F134/><W0/><G114/><T135/><D113/><U18/><E105/><V40/><F111/><W103/><G0/><T132/><D119/><U65/><E65/><V106/><F100/><W120/><G74/><T115/><D115/><U37/><E42/><V81/><F81/><W117/><G76/><T77/><D1/><U15/><E2/><V80/><F80/><W28/><G117/><T6/><D6/><U44/><E44/><N who="2" m="25991" /><F107/><W17/><G125/><T95/><D48/><N who="1" m="30855" /><E7/><N who="2" m="3231" /><F60/><N who="0" m="23146" /><D64/><U109/><E109/><V66/><F106/><W87/><G121/><T5/><D5/><U3/><E3/><V83/><F83/><W47/><G47/><T101/><AGARI ba="0,0" hai="75,77,82,85,89,95,96,101,104,132,135" m="23146" machi="101" ten="30,1100,0" yaku="24,1" doraHai="133" who="0" fromWho="0" sc="243,11,246,-5,246,-3,265,-3" /><INIT seed="2,0,0,1,4,120" ten="254,241,243,262" oya="2" hai0="68,135,20,126,127,72,90,65,118,28,27,125,13" hai1="57,26,47,96,66,39,46,49,113,15,0,54,43" hai2="69,94,104,76,6,117,42,44,91,82,101,45,130" hai3="22,17,100,60,53,74,59,16,55,34,31,106,122"/><V84/><F117/><W11/><G122/><T121/><D121/><U114/><E0/><V132/><F132/><W23/><G74/><T37/><D37/><U112/><E96/><N who="2" m="61479" /><F130/><W92/><G106/><T40/><D40/><N who="1" m="24807" /><E15/><V5/><F69/><W79/><G79/><T70/><D72/><U48/><E26/><V38/><F44/><W115/><G115/><T33/><D135/><U30/><E30/><V83/><F83/><W108/><G34/><T29/><D118/><U102/><E102/><V81/><F82/><W124/><G124/><T10/><D65/><AGARI ba="0,0" hai="39,43,46,48,54,57,65,66,112,113,114" m="24807" machi="65" ten="30,2000,0" yaku="34,2" doraHai="120" who="1" fromWho="0" sc="254,-20,241,20,243,0,262,0" /><INIT seed="3,0,0,4,2,134" ten="234,261,243,262" oya="3" hai0="3,75,116,2,21,17,66,129,51,15,11,122,61" hai1="39,45,33,0,101,74,4,35,100,89,20,14,5" hai2="32,119,27,79,124,114,82,107,53,52,68,65,121" hai3="127,19,38,115,47,62,12,41,93,48,91,84,55"/><W13/><G115/><T50/><D122/><U23/><E74/><V132/><F114/><W76/><G76/><T37/><D116/><U112/><E112/><V42/><F119/><W8/><G62/><T105/><D37/><U135/><E0/><V44/><F132/><W85/><G13/><T71/><D105/><U64/><E64/><V128/><F107/><W49/><G127/><T1/><D75/><U28/><E39/><V99/><F99/><W24/><G24/><T125/><D129/><U9/><E45/><V67/><F121/><W130/><G130/><T25/><REACH who="0" step="1"/><D125/><REACH who="0" ten="224,261,243,262" step="2"/><U86/><E135/><V110/><F124/><W87/><G38/><T131/><D131/><U118/><E118/><V88/><F128/><W60/><G60/><T78/><D78/><U109/><E109/><V26/><F79/><W16/><REACH who="3" step="1"/><G19/><AGARI ba="0,1" hai="1,2,3,11,15,17,19,21,25,50,51,61,66,71" machi="19" ten="40,1300,0" yaku="1,1,53,0" doraHai="134" doraHaiUra="95" who="0" fromWho="3" sc="224,23,261,0,243,0,262,-13" /><INIT seed="4,0,0,2,0,46" ten="247,261,243,249" oya="0" hai0="15,25,110,31,76,89,67,63,111,1,68,72,39" hai1="16,123,122,73,24,65,86,10,19,12,61,106,27" hai2="49,64,5,4,109,30,107,99,22,77,18,98,21" hai3="35,128,34,44,60,48,116,79,33,130,59,88,115"/><T95/><D1/><U20/><E73/><V118/><F109/><N who="0" m="41482" /><D39/><U57/><E106/><V97/><F107/><W135/><G116/><T41/><D41/><U92/><E86/><V45/><F118/><W71/><G79/><T36/><D36/><U2/><E2/><V93/><F77/><W129/><G71/><T62/><D62/><U7/><E92/><V17/><F64/><N who="3" m="38943" /><G135/><T26/><D31/><U37/><E37/><V14/><F93/><W84/><G115/><T29/><D29/><U127/><E127/><V54/><REACH who="2" step="1"/><F30/><REACH who="2" ten="247,261,233,249" step="2"/><W0/><G35/><T101/><D101/><U85/><E65/><V38/><F38/><W43/><G0/><T81/><D15/><AGARI ba="0,1" hai="4,5,14,15,17,18,21,22,45,49,54,97,98,99" machi="15" ten="40,8000,1" yaku="1,1,9,1,8,1,52,1,53,0" doraHai="46" doraHaiUra="87" who="2" fromWho="0" sc="247,-80,261,0,233,90,249,0" owari="167,-33.3,261,6.1,323,42.3,249,-15.1" /></mjloggm>