<mjloggm ver="2.3"><GO type="225" lobby="0"/><UN n0="%E6%B8%A9%E2%98%85%E6%83%85%E2%98%85%E6%8E%AA%E2%98%85%E7%BD%AE" n1="%E3%83%AD%E3%83%BC%E3%83%89%E3%82%AB%E3%83%8A%E3%83%AD%E3%82%A2" n2="%72%69%6F%75%63%68%61%6E" n3="%E3%82%B7%E3%83%B3%E5%A4%AA%E6%9C%97" dan="17,16,17,16" rate="2236.40,2095.68,2141.70,2191.09" sx="M,M,M,M"/><TAIKYOKU oya="0"/><INIT seed="0,0,0,2,1,27" ten="250,250,250,250" oya="0" hai0="3,60,35,19,59,64,5,120,68,112,97,48,45" hai1="66,2,100,114,113,67,17,118,73,95,46,33,102" hai2="117,110,74,79,80,98,22,47,92,71,87,72,75" hai3="83,131,132,63,39,89,85,130,25,7,49,82,9"/><T41/><D112/><N who="1" m="43115" /><E2/><V18/><F110/><W32/><G39/><T24/><D120/><U0/><E0/><V109/><F109/><W104/><G132/><T14/><D3/><U42/><E118/><V128/><F128/><N who="3" m="49195" /><G104/><T91/><D5/><U36/><E73/><V16/><F117/><W125/><G125/><T62/><D97/><U93/><E33/><V26/><F71/><W90/><G63/><T10/><D91/><N who="3" m="34825" /><G49/><T84/><D84/><U116/><E116/><V51/><F98/><W126/><G126/><T133/><D133/><U103/><E17/><V53/><REACH who="2" step="1"/><F92/><AGARI ba="0,0" hai="36,42,46,66,67,92,93,95,100,102,103" m="43115" machi="92" ten="30,1000,0" yaku="11,1" doraHai="27" who="1" fromWho="2" sc="250,0,250,10,250,-10,250,0" /><INIT seed="1,0,0,2,3,29" ten="250,260,240,250" oya="1" hai0="42,85,43,92,84,33,13,22,7,4,59,130,31" hai1="49,18,123,58,39,54,62,103,17,35,25,8,51" hai2="3,90,37,12,129,40,73,95,63,52,6,76,118" hai3="101,11,80,34,44,110,70,32,67,127,60,96,122"/><U111/><E123/><V133/><F118/><W121/><G110/><T114/><D114/><U16/><E111/><V20/><F129/><W106/><G127/><T61/><D130/><U82/><E39/><V116/><F133/><W134/><G134/><T9/><D33/><N who="3" m="12905" /><G44/><T23/><D7/><U66/><E103/><V36/><F116/><W21/><G21/><N who="0" m="7691" /><D31/><U0/><E82/><V64/><F40/><N who="0" m="15402" /><D92/><U30/><E0/><V86/><F3/><W108/><G108/><T81/><D81/><U88/><E88/><V94/><F94/><W19/><G19/><T120/><D120/><N who="3" m="46185" /><G11/><T89/><D89/><U71/><REACH who="1" step="1"/><E51/><REACH who="1" ten="250,250,240,250" step="2"/><V79/><F36/><W119/><G80/><T107/><D107/><U100/><E100/><V78/><F37/><W125/><G125/><T26/><D26/><U10/><AGARI ba="0,1" hai="8,10,16,17,18,25,30,35,49,54,58,62,66,71" machi="10" ten="30,12000,1" yaku="1,1,0,1,52,1,54,1,53,1" doraHai="29" doraHaiUra="45" who="1" fromWho="1" sc="250,-40,250,130,240,-40,250,-40" /><INIT seed="1,1,0,5,2,123" ten="210,380,200,210" oya="1" hai0="75,58,122,61,106,67,72,38,101,119,3,60,71" hai1="80,100,108,42,50,53,64,23,73,97,88,107,9" hai2="132,90,126,98,82,135,115,66,103,57,46,133,14" hai3="49,134,79,27,116,11,16,91,33,29,102,117,56"/><U44/><E64/><V45/><F126/><W8/><G134/><T125/><D119/><N who="3" m="45641" /><G102/><T87/><D122/><U22/><E108/><V83/><F115/><W81/><G91/><T105/><D125/><U32/><E32/><V41/><F14/><N who="3" m="7239" /><G11/><T24/><D38/><U129/><E129/><V35/><F35/><W15/><G15/><T19/><D3/><U54/><E9/><V62/><F90/><W51/><G56/><T21/><D87/><AGARI ba="1,0" hai="27,29,33,49,51,79,81,87" m="7239,45641" machi="87" ten="30,2000,0" yaku="12,1,54,1" doraHai="123" who="3" fromWho="0" sc="210,-23,380,0,200,0,210,23" /><INIT seed="2,0,0,2,1,72" ten="187,380,200,233" oya="2" hai0="10,38,16,113,66,15,21,25,50,88,104,69,93" hai1="126,70,105,94,55,95,112,26,111,68,133,96,5" hai2="22,109,40,61,39,58,49,52,17,130,101,43,106" hai3="122,89,107,34,2,45,62,71,75,118,64,20,114"/><V44/><F130/><W14/><G114/><T46/><D113/><U1/><E112/><V35/><F35/><W57/><G34/><T127/><D104/><U63/><E111/><V48/><F109/><W7/><G75/><T80/><D127/><U32/><E133/><V4/><F4/><W42/><G107/><T67/><D38/><U128/><E128/><V12/><REACH who="2" step="1"/><F40/><REACH who="2" ten="187,380,190,233" step="2"/><W29/><G7/><N who="0" m="3551" /><D69/><U116/><E68/><V98/><AGARI ba="0,1" hai="12,17,22,39,43,44,48,49,52,58,61,98,101,106" machi="98" ten="30,11700,0" yaku="1,1,0,1,54,1,53,1" doraHai="72" doraHaiUra="59" who="2" fromWho="2" sc="187,-39,380,-39,190,127,233,-39" /><INIT seed="2,1,0,5,2,18" ten="148,341,317,194" oya="2" hai0="41,13,62,48,47,43,71,20,5,111,59,22,74" hai1="30,92,58,124,33,54,0,66,121,131,6,108,25" hai2="83,42,127,2,73,119,93,45,129,29,65,34,102" hai3="103,28,89,12,49,104,97,90,68,57,60,106,27"/><V4/><F119/><W117/><G117/><T86/><D74/><U7/><E108/><V3/><F129/><W51/><G106/><T39/><D111/><U1/><E131/><V94/><F127/><W44/><G12/><T91/><D71/><U31/><E124/><V84/><F65/><W69/><G69/><T17/><D5/><U32/><E66/><V50/><F73/><W95/><G49/><T99/><D99/><U11/><E121/><V81/><F81/><W15/><G15/><T88/><D41/><U21/><E92/><V130/><F130/><W61/><G61/><T40/><D40/><U112/><E112/><V122/><F122/><W135/><G135/><T80/><D39/><U75/><E75/><V67/><F67/><W101/><G101/><T123/><D123/><U85/><E85/><V76/><F4/><N who="1" m="1577" /><E58/><V79/><F79/><W64/><G57/><T55/><D91/><U63/><E54/><V78/><F78/><W134/><G95/><T23/><AGARI ba="1,0" hai="13,17,20,22,23,43,47,48,55,59,62,80,86,88" machi="23" ten="20,12000,2" yaku="0,1,7,1,8,1,52,3,54,1" doraHai="18" who="0" fromWho="0" sc="148,123,341,-31,317,-61,194,-31" /><INIT seed="3,0,0,5,5,3" ten="271,310,256,163" oya="3" hai0="65,69,49,22,33,0,130,81,121,12,10,39,9" hai1="73,128,100,96,99,48,98,80,117,21,135,41,89" hai2="60,76,56,90,2,70,46,133,85,88,74,26,59" hai3="40,127,43,91,30,108,110,52,87,132,106,6,5"/><W58/><G106/><T67/><D39/><U57/><E135/><V20/><F2/><W54/><G30/><T14/><D121/><U1/><E1/><V68/><F133/><W7/><G132/><T116/><D116/><U19/><E128/><V101/><F101/><W24/><G24/><T4/><D33/><U16/><E16/><N who="2" m="12551" /><F68/><W64/><G64/><T104/><D104/><U126/><E126/><V61/><F70/><W35/><G35/><T114/><D69/><U122/><E122/><V8/><F74/><W97/><G97/><T28/><D130/><U107/><E117/><V53/><F8/><W42/><G127/><T71/><D71/><U25/><E89/><N who="2" m="34411" /><F46/><W11/><G11/><T77/><D0/><U112/><E112/><V92/><F92/><N who="3" m="54399" /><G58/><N who="2" m="22057" /><F53/><W13/><G13/><T103/><D114/><U93/><E107/><V55/><F55/><W44/><G44/><T72/><D103/><U102/><E102/><V86/><F86/><W115/><G115/><T105/><D105/><U84/><E73/><V123/><F123/><W83/><G83/><AGARI ba="0,0" hai="60,61,76,83,85" m="22057,34411,12551" machi="83" ten="30,3900,0" yaku="8,1,54,2" doraHai="3" who="2" fromWho="3" sc="271,0,310,0,256,39,163,-39" owari="271,-12.9,310,41.0,295,9.5,124,-37.6" /></mjloggm>