<mjloggm ver="2.3"><GO type="225" lobby="0"/><UN n0="%E3%81%95%E3%81%8D%E3%81%9F%E3%81%BE%E6%9E%97%E6%AA%8E" n1="%E3%81%A1%E3%82%85%E3%81%86%E3%81%A9%E3%81%8F%E8%B1%A1%E3%81%95%E3%82%93" n2="%E3%81%9F%E3%81%93%E2%98%86%E7%84%BC%E3%81%8D" n3="%E3%81%A9%E3%82%8F%E3%82%93%E3%81%94" dan="16,17,16,16" rate="2162.33,2181.13,2074.92,2191.82" sx="M,M,M,M"/><TAIKYOKU oya="0"/><INIT seed="0,0,0,5,3,30" ten="250,250,250,250" oya="0" hai0="44,53,85,79,19,65,91,74,111,77,8,17,43" hai1="23,133,36,58,80,51,95,28,39,64,83,31,52" hai2="113,69,67,96,90,15,61,106,42,16,10,126,99" hai3="131,40,127,57,14,70,49,55,82,92,73,101,47"/><T97/><D65/><U9/><E133/><V33/><F113/><W117/><G131/><T89/><D74/><U105/><E105/><V118/><F126/><W115/><G127/><T1/><D1/><U76/><E64/><V102/><F118/><W7/><G70/><T62/><D111/><U48/><E9/><V132/><F132/><W63/><G117/><T75/><D75/><U134/><E134/><V26/><F42/><W109/><G109/><T98/><D43/><U29/><E23/><V88/><REACH who="2" step="1"/><F96/><REACH who="2" ten="250,250,240,250" step="2"/><W68/><G115/><T122/><D122/><U2/><E36/><V81/><F81/><W4/><G82/><T41/><D41/><U121/><E39/><V107/><F107/><W13/><G92/><T24/><D98/><U116/><E121/><V100/><F100/><W54/><G101/><T22/><D97/><U27/><E116/><V60/><F60/><W59/><G68/><T45/><D62/><U38/><E80/><V21/><F21/><W124/><G124/><T110/><D110/><U86/><E38/><V93/><F93/><W112/><G112/><T3/><D22/><U120/><E120/><V5/><F5/><N who="3" m="2123" /><G73/><T37/><D37/><U20/><E95/><V18/><F18/><W66/><G40/><T25/><D85/><U50/><REACH who="1" step="1"/><E2/><REACH who="1" ten="250,240,240,250" step="2"/><V34/><F34/><W12/><G66/><T56/><D3/><U119/><E119/><V72/><F72/><W35/><G35/><T78/><D19/><AGARI ba="0,2" hai="19,20,27,28,29,31,48,50,51,52,58,76,83,86" machi="19" ten="40,5200,0" yaku="1,1,8,1,54,1,53,0" doraHai="30" doraHaiUra="0" who="1" fromWho="0" sc="250,-52,240,72,240,0,250,0" /><INIT seed="1,0,0,0,4,126" ten="198,312,240,250" oya="1" hai0="55,103,62,80,9,98,11,131,50,57,20,90,19" hai1="72,6,51,86,28,78,40,113,97,119,53,73,99" hai2="66,30,7,129,81,74,128,32,5,10,111,17,21" hai3="121,117,70,43,41,35,16,45,61,49,67,123,31"/><U102/><E119/><V95/><F66/><W75/><G75/><T114/><D114/><U112/><E40/><V88/><F30/><W76/><G117/><T22/><D131/><N who="2" m="50250" /><F32/><W68/><G76/><T42/><D22/><U8/><E28/><V0/><F111/><W84/><G84/><N who="0" m="50439" /><D103/><U96/><E102/><V44/><F44/><W29/><G70/><T94/><D94/><U24/><E24/><N who="2" m="14383" /><F5/><W37/><G35/><T27/><D98/><U3/><E113/><V106/><F106/><W116/><G116/><T64/><D42/><U92/><E112/><V39/><F39/><W2/><G37/><T25/><D25/><U65/><E73/><V132/><F74/><W109/><G31/><T127/><D127/><U48/><E72/><V133/><F81/><W79/><G29/><T100/><D100/><U87/><E6/><V52/><F52/><W34/><G34/><T83/><D83/><U14/><E53/><V89/><F89/><W105/><G105/><T71/><D71/><U107/><E65/><V13/><F0/><W108/><G2/><T104/><D104/><U59/><E3/><V69/><F69/><W122/><G43/><T135/><D135/><U47/><E107/><V125/><F125/><W58/><G68/><T4/><D4/><U46/><E46/><V12/><F12/><W120/><G120/><T101/><D101/><U77/><E47/><V134/><F88/><W115/><G115/><T91/><D91/><U110/><E14/><V1/><F1/><W82/><G16/><T60/><D64/><U124/><E124/><V118/><F118/><RYUUKYOKU ba="0,0" sc="198,10,312,-30,240,10,250,10" hai0="9,11,19,20,27,50,55,57,60,62" hai2="7,10,13,95,132,133,134" hai3="41,45,49,58,61,67,79,82,108,109,121,122,123" /><INIT seed="2,1,0,2,4,122" ten="208,282,250,260" oya="2" hai0="74,16,44,105,84,128,100,6,31,15,47,25,58" hai1="83,55,61,41,56,108,13,131,111,64,80,3,45" hai2="9,123,19,104,57,97,92,88,107,62,42,46,18" hai3="72,98,76,126,71,70,12,23,130,96,109,135,27"/><V8/><F123/><W87/><G72/><T85/><D74/><U52/><E3/><V28/><F28/><W114/><G135/><T60/><D128/><U65/><E131/><V121/><F107/><W59/><G130/><T94/><D105/><U5/><E5/><V129/><F104/><W69/><G126/><T24/><D6/><U90/><E13/><V127/><F121/><W77/><G12/><T49/><D100/><U75/><E64/><V14/><F127/><W124/><G124/><T95/><D31/><U119/><E119/><V4/><F8/><W93/><G114/><T51/><D60/><U125/><E125/><V78/><F78/><W2/><G2/><T50/><D58/><U37/><E90/><V38/><REACH who="2" step="1"/><F129/><REACH who="2" ten="208,282,240,260" step="2"/><W34/><G76/><T35/><D35/><U67/><E75/><V118/><F118/><W17/><G34/><T33/><D33/><U132/><E132/><V113/><F113/><W39/><G77/><T120/><D120/><U21/><E21/><V116/><F116/><W7/><G23/><N who="0" m="11679" /><D47/><U11/><E11/><V134/><F134/><W0/><G0/><T81/><D44/><U133/><E133/><V30/><F30/><W36/><G17/><T53/><D53/><AGARI ba="1,1" hai="4,9,14,18,19,38,42,46,53,57,62,88,92,97" machi="53" ten="30,11600,0" yaku="1,1,7,1,54,1,53,1" doraHai="122" doraHaiUra="68" who="2" fromWho="0" sc="208,-119,282,0,240,129,260,0" /><INIT seed="2,2,0,3,1,90" ten="89,282,369,260" oya="2" hai0="125,105,113,45,20,26,14,13,19,35,122,131,69" hai1="48,99,21,61,84,74,134,67,65,118,24,42,46" hai2="4,101,109,103,28,98,87,62,130,23,54,92,93" hai3="57,79,104,132,80,49,115,30,36,77,128,47,40"/><V112/><F112/><W0/><G115/><T106/><D113/><U110/><E118/><V111/><F4/><W124/><G128/><T68/><D122/><U133/><E74/><V2/><F2/><W89/><G132/><N who="1" m="50794" /><E110/><N who="2" m="41995" /><F28/><W78/><G124/><T1/><D125/><U17/><E61/><V15/><F23/><W119/><G104/><T29/><D45/><U96/><E84/><V129/><F15/><W55/><G0/><T76/><D131/><N who="2" m="50186" /><F54/><W86/><REACH who="3" step="1"/><G30/><REACH who="3" ten="89,282,369,250" step="2"/><T135/><D106/><U70/><E70/><V73/><F73/><W120/><G120/><T22/><D105/><U11/><E11/><V33/><F33/><W81/><G81/><T60/><D1/><U58/><E58/><V85/><F62/><W39/><G39/><T108/><D60/><U52/><E42/><V27/><F27/><W34/><G34/><T82/><D35/><U71/><E71/><V114/><F114/><W56/><G56/><T9/><D26/><U63/><E63/><V97/><AGARI ba="2,1" hai="85,87,92,93,97,98,101,103" m="50186,41995" machi="97" ten="40,18000,2" yaku="14,1,10,1,19,1,34,2,52,2" doraHai="90" who="2" fromWho="2" sc="89,-62,282,-62,369,196,250,-62" /><INIT seed="2,3,0,1,1,2" ten="27,220,565,188" oya="2" hai0="71,131,82,113,48,86,88,46,52,102,104,28,13" hai1="38,49,111,29,25,85,73,64,57,15,120,18,59" hai2="83,87,126,75,36,119,58,98,60,19,92,109,34" hai3="114,117,31,9,53,134,3,76,70,95,133,39,96"/><V62/><F36/><W47/><G117/><T37/><D131/><U10/><E38/><V35/><F75/><W14/><G70/><T63/><D113/><U24/><E73/><V65/><F119/><W6/><G114/><T67/><D104/><U108/><E120/><V94/><F126/><W0/><G76/><T129/><D129/><U20/><E85/><V112/><F112/><W17/><G31/><T81/><D28/><N who="1" m="17415" /><E64/><V103/><F19/><W123/><G123/><T122/><D122/><U118/><E49/><V79/><F109/><N who="1" m="42057" /><E118/><V7/><F7/><W72/><G72/><T22/><D102/><U80/><E80/><V116/><F116/><W125/><G125/><T61/><D61/><U16/><E18/><V84/><F60/><W74/><G74/><T43/><D22/><AGARI ba="3,0" hai="10,15,16,22,25,29,57,59" m="42057,17415" machi="22" ten="30,2000,0" yaku="14,1,54,1" doraHai="2" who="1" fromWho="0" sc="27,-29,220,29,565,0,188,0" owari="-2,-50.2,249,4.9,565,66.5,188,-21.2" /></mjloggm>