<mjloggm ver="2.3"><GO type="225" lobby="0"/><UN n0="%72%69%6F%75%63%68%61%6E" n1="%E3%81%B5%E3%81%98%E3%81%8B%E3%81%A4" n2="%E5%87%BA%E6%B0%B4" n3="%28%EF%BF%A3%E2%96%BD%EF%BF%A3%29%CE%B4%E2%8C%92%E3%83%BB" dan="16,16,16,16" rate="2259.70,2137.56,2111.12,2094.34" sx="M,M,F,M"/><TAIKYOKU oya="0"/><INIT seed="0,0,0,4,0,86" ten="250,250,250,250" oya="0" hai0="17,71,103,129,20,133,119,39,94,5,99,70,89" hai1="35,135,40,108,66,24,125,68,31,106,118,120,67" hai2="116,124,36,97,88,45,27,113,93,19,107,112,57" hai3="111,44,102,73,9,49,123,13,54,58,127,47,64"/><T75/><D119/><U55/><E118/><V29/><F124/><W56/><G73/><T76/><D39/><U30/><E120/><V46/><F116/><W34/><G34/><T10/><D129/><U42/><E106/><V25/><F57/><W16/><G127/><T110/><D133/><U92/><E125/><V132/><F132/><W61/><G123/><T134/><D134/><U22/><E135/><V105/><F19/><W15/><G111/><T1/><D110/><U11/><E108/><V128/><F128/><W4/><REACH who="3" step="1"/><G102/><REACH who="3" ten="250,250,250,240" step="2"/><T48/><D103/><U95/><E35/><V87/><F113/><W41/><G41/><T117/><D117/><U63/><E42/><V12/><F112/><W32/><G32/><T14/><REACH who="0" step="1"/><D48/><REACH who="0" ten="240,250,250,240" step="2"/><U0/><E63/><V72/><F36/><W21/><AGARI ba="0,2" hai="4,9,13,15,16,21,44,47,49,54,56,58,61,64" machi="21" ten="20,12000,2" yaku="1,1,0,1,7,1,8,1,54,1,53,2" doraHai="86" doraHaiUra="43" who="3" fromWho="3" sc="240,-60,250,-30,250,-30,240,140" /><INIT seed="1,0,0,5,2,130" ten="180,220,220,380" oya="1" hai0="63,2,68,36,39,62,121,91,126,120,48,133,85" hai1="70,8,18,54,117,5,57,55,128,23,73,84,100" hai2="72,47,69,60,3,97,116,42,99,71,38,13,76" hai3="110,65,28,107,51,45,25,103,82,21,87,7,109"/><U115/><E117/><V24/><F116/><W79/><G65/><N who="0" m="41015" /><D2/><U58/><E115/><V89/><F13/><W92/><G107/><T67/><D85/><U9/><E128/><V35/><F89/><W56/><G56/><N who="0" m="37351" /><D91/><U15/><E70/><V10/><F60/><W1/><G1/><T88/><D88/><U20/><E73/><V131/><F131/><W106/><G106/><T30/><D30/><U90/><E100/><V29/><F99/><W127/><G127/><T123/><D126/><U49/><E23/><V22/><F22/><W129/><G129/><T4/><D4/><U0/><E5/><N who="2" m="1343" /><F97/><W80/><G7/><T118/><D118/><U37/><E37/><N who="0" m="14409" /><D48/><N who="1" m="30919" /><E0/><V98/><F98/><N who="3" m="59847" /><G87/><T125/><D125/><U41/><E41/><V119/><F119/><W94/><G94/><AGARI ba="0,0" hai="8,9,15,18,20,49,55,58,84,90,94" m="30919" machi="94" ten="30,2900,0" yaku="25,1,8,1" doraHai="130" who="1" fromWho="3" sc="180,0,220,29,220,0,380,-29" /><INIT seed="1,1,0,3,3,17" ten="180,249,220,351" oya="1" hai0="47,118,36,12,75,103,16,123,49,19,93,20,80" hai1="120,46,33,126,121,65,6,70,58,133,82,24,3" hai2="125,119,29,96,64,132,57,50,99,134,22,112,84" hai3="41,67,77,59,1,44,31,85,26,23,38,27,92"/><U113/><E113/><V5/><F119/><W116/><G1/><T53/><D118/><U104/><E104/><V127/><F5/><W10/><G116/><T94/><D123/><U21/><E126/><N who="2" m="48139" /><F112/><W81/><G10/><N who="0" m="6167" /><D75/><U35/><E133/><N who="2" m="51307" /><F84/><W14/><G14/><N who="0" m="9335" /><D36/><U9/><E70/><V39/><F39/><W42/><G42/><T7/><D7/><U95/><E82/><V97/><F50/><W73/><G73/><T68/><D68/><U15/><E95/><N who="0" m="36361" /><D80/><U130/><E120/><V43/><F43/><W30/><G92/><T66/><D66/><U110/><E65/><V61/><F99/><W28/><G67/><T56/><D103/><U48/><E121/><V129/><F129/><W106/><G106/><T117/><D117/><U25/><E130/><V89/><F89/><W83/><G83/><T54/><D54/><U55/><E3/><V37/><F37/><W52/><G27/><AGARI ba="1,0" hai="22,27,29,57,61,64,96,97" m="51307,48139" machi="27" ten="30,3900,0" yaku="18,1,20,1,52,1" doraHai="17" who="2" fromWho="3" sc="180,0,249,0,220,42,351,-42" /><INIT seed="2,0,0,2,3,111" ten="180,249,262,309" oya="2" hai0="130,10,43,134,61,17,73,125,118,21,13,67,122" hai1="40,72,35,3,46,78,101,93,104,66,28,24,88" hai2="112,119,54,5,11,85,26,87,53,100,52,75,83" hai3="34,48,131,133,36,70,16,91,44,89,74,80,99"/><V123/><F112/><W121/><G70/><T29/><D122/><U108/><E3/><V9/><F123/><W20/><G34/><T103/><D125/><U59/><E108/><V49/><F119/><W86/><G36/><T132/><D130/><U81/><E66/><V120/><F120/><W84/><G74/><T77/><D118/><U109/><E109/><V79/><F100/><W6/><G121/><T19/><D29/><U115/><E59/><V128/><F128/><W14/><G131/><T126/><D126/><U23/><E23/><V127/><F49/><W39/><G39/><T90/><D103/><U107/><E115/><V68/><F68/><W117/><G117/><T31/><D31/><U114/><E114/><V25/><F127/><W18/><G133/><T135/><D43/><U4/><E4/><V8/><REACH who="2" step="1"/><F5/><REACH who="2" ten="180,249,252,309" step="2"/><W62/><G6/><T65/><D90/><U2/><E101/><V1/><F1/><W63/><G99/><T113/><D113/><U110/><E110/><V56/><F56/><W98/><G98/><T96/><D96/><U60/><E2/><V30/><F30/><W97/><G97/><T15/><REACH who="0" step="1"/><D61/><REACH who="0" ten="170,249,252,309" step="2"/><U129/><E60/><V42/><F42/><N who="3" m="24599" /><G18/><T92/><D92/><AGARI ba="0,2" hai="14,16,20,62,63,80,84,86,89,91,92" m="24599" machi="92" ten="30,2000,0" yaku="8,1,54,1" doraHai="111" who="3" fromWho="0" sc="170,-20,249,0,252,0,309,40" /><INIT seed="3,0,0,1,4,96" ten="150,249,252,349" oya="3" hai0="106,70,30,0,19,55,95,120,34,73,60,46,108" hai1="125,131,40,10,107,77,58,133,76,26,88,53,132" hai2="114,122,41,4,31,75,15,117,71,85,27,97,86" hai3="11,6,42,50,66,129,99,126,32,110,82,93,119"/><W72/><G32/><T56/><D120/><U18/><E107/><V44/><F71/><W47/><G119/><T7/><D106/><U109/><E109/><V43/><F43/><W20/><G126/><T22/><D73/><U94/><E125/><V111/><F75/><W5/><G129/><T25/><D108/><U63/><E40/><V130/><F114/><W67/><G6/><T74/><D74/><U16/><E131/><V103/><F117/><W28/><G110/><T2/><D70/><U17/><E10/><V102/><F102/><W36/><G36/><T52/><D95/><U49/><E26/><V87/><F111/><W112/><G112/><T118/><D118/><U80/><E49/><V3/><F3/><W45/><G45/><T81/><D81/><U37/><E37/><V29/><F29/><W21/><G82/><T13/><REACH who="0" step="1"/><D7/><REACH who="0" ten="140,249,252,349" step="2"/><U104/><E104/><V121/><F4/><W64/><G72/><T24/><D24/><U59/><E80/><V35/><F122/><W134/><G5/><T33/><D33/><U123/><E123/><V116/><F121/><W14/><G93/><T57/><D57/><U54/><E133/><V12/><F116/><W115/><G134/><T62/><D62/><N who="1" m="36175" /><E132/><V124/><F124/><W79/><G115/><T92/><D92/><U90/><E90/><V23/><F35/><W48/><G79/><T84/><D84/><AGARI ba="0,1" hai="16,17,18,54,59,63,76,77,84,88,94" m="36175" machi="84" ten="30,3900,0" yaku="8,1,54,2" doraHai="96" who="1" fromWho="0" sc="140,-39,249,49,252,0,349,0" owari="101,-39.9,298,9.8,252,-14.8,349,44.9" /></mjloggm>