<mjloggm ver="2.3"><GO type="225" lobby="0"/><UN n0="%E8%83%83%E3%81%A8%E8%85%B8" n1="%72%61%6B%33" n2="%E7%99%BD%E9%9B%AA%E4%B9%83%E6%84%9B" n3="%28%EF%BF%A3%E2%96%BD%EF%BF%A3%29%CE%B4%E2%8C%92%E3%83%BB" dan="17,16,16,16" rate="2251.72,2102.75,2102.71,2155.41" sx="M,M,F,M"/><TAIKYOKU oya="0"/><INIT seed="0,0,0,0,2,24" ten="250,250,250,250" oya="0" hai0="86,78,125,135,87,45,126,62,112,92,52,58,17" hai1="63,119,20,121,50,127,93,54,28,96,43,106,68" hai2="40,5,73,103,110,30,82,72,22,26,95,1,33" hai3="13,90,56,123,31,94,105,6,85,3,32,55,98"/><T128/><D112/><U74/><E127/><N who="0" m="48649" /><D135/><U80/><E119/><V101/><F110/><W60/><G123/><T10/><D128/><U4/><E121/><V132/><F40/><W130/><G130/><T35/><D78/><U18/><E106/><V14/><F132/><W51/><G3/><T64/><D92/><U0/><E43/><V19/><F95/><W111/><G111/><T65/><D35/><U16/><E80/><V118/><F118/><W113/><G113/><T12/><D45/><U104/><E104/><V129/><F129/><W102/><G6/><T48/><D48/><U84/><E84/><AGARI ba="0,0" hai="10,12,17,52,58,62,64,65,84,86,87" m="48649" machi="84" ten="30,2900,0" yaku="18,1,54,1" doraHai="24" who="0" fromWho="1" sc="250,29,250,-29,250,0,250,0" /><INIT seed="0,1,0,4,0,107" ten="279,221,250,250" oya="0" hai0="131,89,99,12,100,124,8,117,46,63,35,80,125" hai1="38,22,29,41,105,108,61,81,72,74,129,32,51" hai2="135,73,86,23,31,68,53,79,2,10,3,55,11" hai3="82,43,17,93,134,112,5,115,110,56,114,48,116"/><T7/><D117/><U0/><E22/><V103/><F68/><W106/><G106/><T44/><D35/><U94/><E51/><V122/><F135/><W127/><G116/><T83/><D131/><U98/><E129/><V42/><F122/><W39/><G134/><T96/><D63/><U77/><E108/><V18/><F103/><W87/><G93/><N who="0" m="58383" /><D125/><U25/><E0/><V47/><F31/><W54/><G127/><T30/><D30/><U52/><E105/><V20/><F86/><W90/><G110/><T36/><D36/><U85/><E41/><V57/><F18/><W34/><G34/><T132/><D132/><U45/><E45/><N who="0" m="17513" /><D124/><U62/><E38/><V76/><F47/><W19/><G39/><T133/><D133/><U78/><E78/><V126/><F126/><W58/><G43/><T65/><D65/><U67/><E52/><V109/><F42/><W15/><REACH who="3" step="1"/><G58/><REACH who="3" ten="279,221,250,240" step="2"/><T14/><D14/><U95/><E95/><AGARI ba="1,1" hai="7,8,12,80,83,89,95,99" m="17513,58383" machi="95" ten="30,1500,0" yaku="8,1" doraHai="107" who="0" fromWho="1" sc="279,28,221,-18,250,0,240,0" /><INIT seed="0,2,0,0,2,42" ten="307,203,250,240" oya="0" hai0="105,86,37,55,123,54,93,38,24,117,84,13,14" hai1="101,132,85,120,106,89,102,127,59,133,81,129,32" hai2="95,90,72,47,34,78,35,82,94,8,26,92,87" hai3="7,25,65,28,57,74,83,70,53,23,11,40,45"/><T80/><D105/><U48/><E32/><V103/><F8/><W12/><G70/><T31/><D117/><U79/><E59/><V15/><F15/><W66/><G83/><T96/><D123/><U52/><E120/><V46/><F103/><W75/><G75/><T76/><D84/><U44/><E127/><V71/><F71/><W9/><G9/><T104/><D104/><U3/><E129/><V97/><F35/><W112/><G74/><T43/><D37/><U19/><E3/><V67/><F67/><W122/><G112/><T113/><D113/><U33/><E33/><V56/><F56/><W20/><G20/><N who="0" m="15751" /><D43/><U29/><E29/><V131/><F131/><W6/><G6/><T1/><D38/><U73/><E19/><V16/><F34/><W128/><G128/><T10/><D1/><U68/><E68/><V118/><F118/><W17/><G28/><T0/><D0/><U77/><E77/><V100/><REACH who="2" step="1"/><F95/><REACH who="2" ten="307,203,240,240" step="2"/><W110/><G122/><T62/><D13/><U108/><E108/><V39/><F39/><W63/><G110/><T30/><D14/><U41/><E102/><V130/><F130/><W124/><G124/><T4/><D10/><U125/><E125/><V27/><F27/><W116/><G116/><T88/><D4/><U69/><E69/><V99/><F99/><W91/><G91/><T119/><D119/><U49/><E101/><V61/><F61/><W51/><AGARI ba="2,1" hai="7,11,12,17,23,25,40,45,51,53,57,63,65,66" machi="51" ten="20,5200,0" yaku="0,1,7,1,8,1,52,1" doraHai="42" who="3" fromWho="3" sc="307,-28,203,-15,240,-15,240,68" /><INIT seed="1,0,0,0,2,34" ten="279,188,225,308" oya="1" hai0="10,26,21,44,113,15,30,122,8,75,7,103,36" hai1="71,125,105,45,69,56,33,92,37,79,107,112,87" hai2="43,86,62,47,53,129,20,134,106,114,108,110,40" hai3="120,58,93,121,46,42,123,66,102,31,52,74,78"/><U68/><E112/><V101/><F114/><W3/><G66/><T2/><D113/><U48/><E125/><V27/><F101/><W19/><G31/><T64/><D122/><U100/><E33/><V91/><F106/><W65/><G65/><T63/><D75/><U128/><E128/><V61/><F134/><W84/><G19/><T127/><D103/><U9/><E37/><V94/><F129/><W131/><G131/><T4/><D127/><U29/><E29/><V73/><F73/><W24/><G24/><T0/><D36/><U117/><E117/><V76/><F76/><W72/><G3/><T25/><D44/><U119/><E119/><V132/><F132/><W135/><G135/><T67/><D63/><N who="2" m="24074" /><F53/><W99/><G84/><T98/><D98/><U109/><E56/><V13/><F13/><W116/><G78/><T23/><D30/><U6/><E109/><N who="2" m="42091" /><F47/><W22/><G22/><T96/><D96/><U28/><E28/><AGARI ba="0,0" hai="20,27,28,40,43,86,91,94" m="42091,24074" machi="28" ten="30,1000,0" yaku="14,1" doraHai="34" who="2" fromWho="1" sc="279,0,188,-10,225,10,308,0" /><INIT seed="2,0,0,0,5,62" ten="279,178,235,308" oya="2" hai0="79,73,49,21,70,85,124,135,48,76,129,106,93" hai1="116,100,94,123,132,111,11,16,50,98,3,19,63" hai2="37,134,87,77,4,101,82,28,64,112,14,67,33" hai3="53,117,54,13,71,128,44,6,41,81,68,97,133"/><V9/><F112/><W15/><G117/><T27/><D106/><U40/><E116/><V83/><F37/><W74/><G133/><T115/><D73/><U121/><E132/><V59/><F134/><W58/><G128/><T84/><D135/><U118/><E118/><V95/><F33/><W90/><G54/><T119/><D70/><U31/><E31/><V86/><F28/><W35/><G35/><T38/><D38/><U120/><E111/><V34/><F34/><W45/><G45/><T17/><D119/><U24/><E24/><V5/><F5/><W55/><G55/><T126/><D115/><U88/><E63/><V89/><F59/><W75/><G75/><T72/><D72/><U99/><E3/><V47/><F47/><W131/><G131/><T56/><D129/><U52/><E11/><V61/><F61/><W102/><G6/><T104/><D104/><N who="1" m="63511" /><E40/><V105/><F105/><W80/><G71/><T92/><D56/><AGARI ba="0,0" hai="16,19,50,52,56,88,94,99,120,121,123" m="63511" machi="56" ten="30,7700,0" yaku="13,1,54,3" doraHai="62" who="1" fromWho="0" sc="279,-77,178,77,235,0,308,0" /><INIT seed="3,0,0,0,0,22" ten="202,255,235,308" oya="3" hai0="99,1,94,43,134,101,27,38,74,133,10,117,62" hai1="102,125,19,81,37,129,111,79,59,64,63,127,105" hai2="83,86,123,31,34,46,42,71,84,61,70,95,21" hai3="88,36,18,60,9,40,20,72,112,32,100,77,52"/><W48/><G32/><T132/><D117/><U67/><E37/><V115/><F34/><W87/><G100/><T116/><D116/><U12/><E111/><V57/><F115/><W41/><G36/><T118/><D118/><U16/><E129/><V45/><F123/><W0/><G72/><T78/><D62/><U82/><E67/><V29/><F71/><W98/><G0/><T26/><D78/><U35/><E35/><V23/><F70/><W75/><G75/><T65/><D65/><U66/><E66/><N who="2" m="39215" /><F95/><N who="3" m="56679" /><G60/><T56/><D56/><U6/><E6/><V126/><F126/><W92/><G9/><T50/><D38/><U5/><E5/><V96/><F96/><W25/><G112/><T109/><D74/><U97/><E82/><V113/><F113/><W121/><G121/><T30/><D109/><U44/><E44/><N who="2" m="17003" /><F42/><W93/><G41/><T89/><D101/><U130/><E130/><V120/><F120/><W7/><G40/><T85/><D99/><U8/><E81/><V51/><F51/><W28/><G93/><T54/><D43/><U110/><E110/><V68/><F68/><W107/><G92/><T2/><D10/><U108/><E108/><V114/><F114/><W106/><G107/><T4/><D4/><N who="1" m="3079" /><E79/><N who="2" m="46207" /><F86/><W15/><G106/><T128/><D128/><U13/><E127/><V104/><F104/><W91/><G87/><T135/><N who="0" m="33792" /><DORA hai="39" /><T3/><REACH who="0" step="1"/><D30/><AGARI ba="0,0" hai="21,23,29,30,31" m="46207,17003,39215" machi="30" ten="30,1000,0" yaku="8,1" doraHai="22,39" who="2" fromWho="0" sc="202,-10,255,0,235,10,308,0" owari="192,-30.8,255,5.5,245,-15.5,308,40.8" /></mjloggm>