<mjloggm ver="2.3"><GO type="225" lobby="0"/><UN n0="%E6%81%A5%E6%99%92%E3%81%97" n1="%4D%6F%6E%61%6E%61" n2="%E3%81%B2%E3%81%AA%E3%81%AE%E3%82%8A%E3%81%8F" n3="%61%6D%65%6B%69" dan="16,16,16,16" rate="2097.75,2125.31,2099.51,2063.75" sx="M,F,M,M"/><TAIKYOKU oya="0"/><INIT seed="0,0,0,4,5,135" ten="250,250,250,250" oya="0" hai0="58,16,74,90,89,39,47,52,62,76,30,33,103" hai1="68,109,102,81,119,17,1,69,40,106,95,49,121" hai2="82,77,104,35,7,2,14,133,85,108,132,0,130" hai3="6,34,61,42,37,88,101,55,46,8,122,56,20"/><T19/><D103/><U123/><E119/><V64/><F35/><W84/><G122/><T116/><D116/><U112/><E109/><V111/><F104/><W25/><G101/><T115/><D115/><U29/><E1/><N who="2" m="619" /><F64/><W92/><G34/><T113/><D113/><U13/><E106/><V120/><F120/><W51/><G8/><T4/><D4/><U110/><E112/><V38/><F38/><W114/><G114/><T98/><D74/><U67/><E110/><N who="2" m="42027" /><F130/><W63/><REACH who="3" step="1"/><G6/><REACH who="3" ten="250,250,250,240" step="2"/><T5/><D5/><U94/><E121/><V24/><F24/><W93/><G93/><T73/><D33/><U48/><E123/><V11/><AGARI ba="0,1" hai="7,11,14,77,82,85,132,133" m="42027,619" machi="11" ten="40,1500,0" yaku="14,1" doraHai="135" who="2" fromWho="2" sc="250,-7,250,-4,250,25,240,-4" /><INIT seed="1,0,0,2,3,132" ten="243,246,275,236" oya="1" hai0="80,11,113,121,108,63,25,98,109,91,2,22,19" hai1="40,18,124,114,14,3,55,41,87,64,104,120,68" hai2="116,131,49,81,7,86,15,33,111,28,31,85,12" hai3="133,10,125,37,79,48,5,16,74,57,70,43,53"/><U62/><E114/><V127/><F116/><W54/><G133/><T119/><D113/><U71/><E120/><V42/><F111/><N who="0" m="42570" /><D119/><U72/><E72/><V39/><F39/><W76/><G70/><T84/><D121/><U134/><E3/><V46/><F131/><W4/><G74/><T77/><D63/><U96/><E134/><V61/><F127/><W0/><G125/><T78/><D98/><U45/><E124/><V89/><F33/><W103/><G103/><T110/><N who="0" m="42578" /><T8/><DORA hai="105" /><D2/><U44/><E71/><V83/><F61/><W24/><G5/><T100/><D100/><U67/><E104/><V13/><REACH who="2" step="1"/><F7/><REACH who="2" ten="243,246,265,236" step="2"/><W35/><G35/><T102/><D102/><U56/><E62/><V50/><F50/><W30/><G37/><T123/><D123/><U92/><E68/><V69/><F69/><W36/><G36/><T101/><D101/><U51/><E67/><V118/><F118/><W23/><G43/><T32/><D32/><U135/><E64/><V9/><F9/><AGARI ba="0,1" hai="8,9,11,19,22,25,77,78,80,84,91" m="42578" machi="9" ten="40,1300,0" yaku="14,1" doraHai="132,105" who="0" fromWho="2" sc="243,23,246,0,265,-13,236,0" /><INIT seed="2,0,0,1,1,66" ten="266,246,252,236" oya="2" hai0="5,63,8,74,4,108,113,68,131,78,60,79,75" hai1="72,125,73,53,97,90,0,44,31,42,41,29,1" hai2="57,101,132,85,121,30,88,61,115,69,124,65,129" hai3="99,126,119,100,34,49,70,83,24,120,71,55,102"/><V3/><F115/><W21/><G119/><T134/><D113/><U23/><E125/><V135/><F121/><W127/><G120/><T48/><D48/><U117/><E117/><V82/><F124/><N who="3" m="47659" /><G34/><T95/><D95/><U25/><E73/><V133/><F129/><W52/><G83/><T40/><D40/><U98/><E72/><N who="0" m="27689" /><D8/><U56/><E1/><V76/><F3/><W123/><G123/><T89/><D89/><U80/><E0/><V51/><F101/><N who="3" m="39019" /><G99/><T11/><D11/><U62/><E97/><V109/><F109/><W67/><G67/><T93/><D93/><N who="1" m="56631" /><E80/><V47/><F30/><N who="1" m="11273" /><E44/><V50/><F76/><W33/><G33/><T59/><D108/><U77/><E77/><V92/><F82/><W103/><G103/><T118/><D118/><U14/><E14/><V112/><F112/><W110/><G110/><T35/><D35/><U105/><E105/><V38/><F57/><N who="3" m="32911" /><G55/><T104/><D104/><U122/><E122/><V86/><F86/><W36/><G36/><T128/><D79/><U20/><E25/><V46/><F46/><W22/><G24/><T27/><D27/><U58/><E58/><V111/><F111/><W81/><G81/><T2/><D78/><U13/><E13/><V114/><F114/><W12/><G12/><T43/><D59/><U26/><E26/><V39/><F39/><W87/><G87/><T9/><D2/><U18/><E18/><V19/><F19/><W28/><G28/><T130/><D128/><U7/><E7/><N who="0" m="2633" /><D130/><U96/><E96/><V16/><F16/><W91/><G91/><T6/><D131/><RYUUKYOKU ba="0,0" sc="266,-30,246,10,252,10,236,10" hai1="20,23,41,42,53,56,62" hai2="38,47,50,51,61,65,69,85,88,92,132,133,135" hai3="21,22,70,71" /><INIT seed="2,1,0,3,4,69" ten="236,256,262,246" oya="2" hai0="44,91,39,55,78,25,123,88,51,30,107,12,31" hai1="20,64,96,18,54,116,61,10,106,125,99,102,74" hai2="101,104,89,119,105,26,17,82,67,85,98,111,58" hai3="37,126,47,100,68,35,1,2,16,72,60,48,9"/><V83/><F119/><W62/><G35/><T28/><D123/><U22/><E116/><V40/><F105/><W71/><G72/><T110/><D107/><U114/><E74/><V53/><F67/><W128/><G100/><T95/><D110/><U11/><E114/><V15/><F111/><W36/><G128/><T93/><D78/><U0/><E125/><V21/><F40/><W127/><G48/><T97/><D12/><U77/><E77/><V13/><REACH who="2" step="1"/><F83/><REACH who="2" ten="236,256,252,246" step="2"/><W23/><G126/><T42/><D31/><U112/><E64/><V5/><F5/><W4/><G127/><T41/><D41/><U46/><E106/><V94/><F94/><W49/><G71/><T24/><D30/><U134/><E112/><V133/><F133/><W122/><G122/><T124/><D28/><U115/><E134/><V129/><F129/><W135/><G135/><T120/><D124/><U59/><E115/><V27/><F27/><W63/><G68/><T87/><D120/><U131/><E131/><V109/><F109/><W118/><G118/><T43/><D43/><U38/><E54/><V19/><F19/><W34/><G34/><T84/><D97/><U76/><E99/><V86/><F86/><W79/><G2/><T75/><D75/><U57/><E96/><V3/><F3/><W130/><G130/><T66/><D66/><U14/><E0/><V73/><F73/><W32/><G32/><T81/><D81/><U65/><E18/><V132/><F132/><W45/><G1/><T117/><D117/><U8/><E65/><V7/><F7/><W6/><G4/><RYUUKYOKU ba="1,1" sc="236,15,256,-15,252,15,246,-15" hai0="24,25,39,42,44,51,55,84,87,88,91,93,95" hai2="13,15,17,21,26,53,58,82,85,89,98,101,104" /><INIT seed="2,2,1,4,4,88" ten="251,241,267,231" oya="2" hai0="94,65,31,24,87,20,118,92,83,63,106,73,11" hai1="61,133,125,121,15,80,84,97,44,71,117,10,9" hai2="100,79,35,119,76,104,126,48,45,14,127,111,85" hai3="91,60,108,47,5,116,28,40,129,39,4,32,77"/><V37/><F119/><W130/><G116/><T89/><D106/><U99/><E117/><V78/><F37/><W131/><G108/><T113/><D113/><U66/><E121/><V29/><F111/><W69/><G77/><T42/><D118/><U25/><E125/><N who="2" m="47627" /><F85/><W86/><G28/><T56/><D73/><U54/><E133/><V102/><F104/><W43/><G43/><T122/><D122/><U46/><E10/><V95/><F95/><N who="0" m="36394" /><D11/><U22/><E97/><V23/><F35/><W3/><G3/><T64/><D42/><U59/><E99/><V30/><F14/><W120/><G32/><T62/><D62/><U19/><E66/><AGARI ba="2,1" hai="20,24,31,56,63,64,65,66,83,87,89" m="36394" machi="66" ten="30,7700,0" yaku="8,1,52,3" doraHai="88" who="0" fromWho="1" sc="251,93,241,-83,267,0,231,0" /><INIT seed="3,0,0,1,5,6" ten="344,158,267,231" oya="3" hai0="49,73,92,7,58,26,30,109,117,28,31,125,29" hai1="12,95,8,74,35,121,48,59,118,133,83,113,123" hai2="32,39,51,108,42,104,115,88,79,53,77,15,52" hai3="46,135,21,50,75,96,65,116,64,127,72,93,100"/><W62/><G116/><T4/><D117/><U78/><E35/><V13/><F32/><W98/><G127/><T0/><D73/><U44/><E118/><V94/><F104/><W14/><G135/><T19/><D125/><U119/><E113/><V36/><F115/><W9/><G21/><N who="0" m="15439" /><D0/><U82/><E119/><V57/><F108/><W63/><G98/><T112/><D109/><U132/><E95/><V40/><F39/><W5/><G65/><T56/><D112/><U37/><E82/><V81/><F36/><W66/><G66/><T85/><D19/><U80/><E80/><V47/><F40/><W110/><G110/><T84/><D49/><U128/><E128/><V122/><F122/><W111/><G111/><T61/><D58/><U124/><E124/><V24/><F24/><W16/><G5/><N who="0" m="2123" /><D92/><U68/><E68/><V43/><F43/><W114/><G114/><T67/><AGARI ba="0,0" hai="29,30,31,56,61,67,84,85" m="2123,15439" machi="67" ten="30,1100,0" yaku="8,1" doraHai="6" who="0" fromWho="0" sc="344,11,158,-3,267,-3,231,-5" owari="355,45.5,155,-34.5,264,6.4,226,-17.4" /></mjloggm>