<mjloggm ver="2.3"><GO type="225" lobby="0"/><UN n0="%E3%81%B5%E3%81%98%E3%81%8B%E3%81%A4" n1="%72%69%6F%75%63%68%61%6E" n2="%EF%BC%B3%E3%81%9E%E3%81%88%E2%98%86" n3="%E8%91%B5%E3%81%A1%E3%82%83%E3%82%93" dan="17,16,16,17" rate="2220.85,2179.95,2086.57,2198.72" sx="M,M,M,F"/><TAIKYOKU oya="0"/><INIT seed="0,0,0,5,2,101" ten="250,250,250,250" oya="0" hai0="5,103,91,27,56,41,129,52,72,65,116,119,75" hai1="77,51,36,2,87,123,132,80,122,108,8,24,48" hai2="17,49,88,29,96,78,86,70,54,60,26,34,11" hai3="114,106,102,15,10,82,67,95,93,58,128,53,74"/><T111/><D65/><U64/><E108/><V104/><F78/><W107/><G114/><T25/><D41/><U68/><E132/><V37/><F37/><W12/><G128/><T84/><D103/><U30/><E36/><V62/><F70/><W45/><G67/><T0/><D129/><U47/><E2/><V113/><F113/><W32/><G32/><T16/><D111/><U99/><E8/><V23/><F96/><W81/><G45/><T7/><D0/><U40/><E48/><V76/><F76/><W71/><G102/><T6/><D27/><U105/><E99/><V115/><F104/><W79/><G71/><T13/><D25/><U85/><E105/><V3/><F3/><W61/><G82/><T1/><D1/><U46/><E87/><V21/><F34/><W33/><G33/><T57/><D57/><U55/><E55/><V4/><F4/><W121/><G121/><T9/><D119/><U109/><E46/><N who="2" m="27959" /><F115/><W134/><G134/><T124/><D124/><U31/><E109/><V18/><F18/><W131/><G131/><T92/><REACH who="0" step="1"/><D116/><REACH who="0" ten="240,250,250,250" step="2"/><U118/><E118/><V89/><F26/><W39/><G15/><T117/><D117/><U125/><E125/><V130/><F130/><W20/><G58/><T126/><D126/><U22/><REACH who="1" step="1"/><E31/><REACH who="1" ten="240,240,250,250" step="2"/><V69/><F29/><W14/><G10/><T83/><D83/><U73/><E73/><V94/><F11/><W43/><G81/><T59/><D59/><U42/><E42/><V98/><F69/><W97/><G43/><T35/><D35/><U110/><E110/><V19/><F94/><RYUUKYOKU ba="0,2" sc="240,15,240,15,250,-15,250,-15" hai0="5,6,7,9,13,16,52,56,72,75,84,91,92" hai1="22,24,30,40,47,51,64,68,77,80,85,122,123" /><INIT seed="0,1,2,4,1,7" ten="255,255,235,235" oya="0" hai0="54,55,127,20,22,56,36,23,15,135,95,3,118" hai1="6,92,134,128,43,85,71,119,87,46,106,32,72" hai2="67,14,91,58,69,63,29,1,53,50,110,41,66" hai3="68,121,98,80,28,10,45,111,40,125,24,18,26"/><T101/><D118/><U77/><E119/><V132/><F1/><W21/><G68/><T13/><D3/><U62/><E106/><V57/><F110/><W117/><G117/><T33/><D33/><U82/><E32/><V34/><F132/><W96/><G111/><T97/><D36/><U19/><E134/><V122/><F122/><W130/><G121/><T81/><D135/><U103/><E128/><V83/><F41/><W2/><G130/><T31/><D31/><U99/><E6/><V90/><F83/><W25/><G125/><T84/><D127/><U78/><E78/><V0/><F0/><W104/><G2/><T107/><D107/><U120/><E120/><V47/><F14/><N who="0" m="5130" /><D56/><U64/><REACH who="1" step="1"/><E19/><REACH who="1" ten="255,245,235,235" step="2"/><V61/><REACH who="2" step="1"/><F69/><REACH who="2" ten="255,245,225,235" step="2"/><W75/><G104/><T108/><D108/><U79/><E79/><AGARI ba="1,4" hai="20,22,23,54,55,79,81,84,95,97,101" m="5130" machi="79" ten="30,1500,0" yaku="8,1" doraHai="7" who="0" fromWho="1" sc="255,58,245,-18,225,0,235,0" /><INIT seed="0,2,0,3,2,108" ten="313,227,225,235" oya="0" hai0="94,118,134,5,91,32,115,24,35,58,116,12,113" hai1="49,64,38,65,41,46,70,20,43,21,79,73,6" hai2="98,53,44,80,96,105,29,123,114,18,62,121,25" hai3="76,55,86,104,48,31,97,74,132,19,1,4,27"/><T89/><D58/><U107/><E107/><V87/><F114/><N who="0" m="43530" /><D94/><U7/><E73/><V61/><F105/><W51/><G74/><T127/><D89/><U9/><E79/><N who="2" m="46495" /><F29/><W112/><G112/><T124/><D91/><U93/><E70/><V15/><F25/><W37/><G37/><T39/><D39/><U22/><E6/><V17/><F17/><W34/><G132/><T52/><D52/><U30/><E30/><V66/><F66/><W129/><G129/><T102/><D102/><U56/><E93/><V50/><F123/><W106/><G106/><T103/><D103/><U59/><E41/><V77/><F77/><W54/><G104/><T42/><D42/><U126/><E126/><N who="0" m="48169" /><D134/><U101/><E101/><V71/><F121/><W69/><G69/><T47/><D47/><U111/><E111/><V81/><F81/><W130/><G130/><T2/><D2/><U82/><E82/><V84/><F71/><W67/><G1/><T125/><D125/><U109/><E109/><V14/><F53/><W122/><G122/><T133/><D133/><U131/><E131/><V100/><F44/><W75/><G55/><T95/><D95/><U128/><E128/><V45/><F100/><W0/><G54/><T33/><D24/><U119/><E38/><V68/><F45/><W10/><G27/><T8/><AGARI ba="2,0" hai="5,8,12,32,33,35,116,118" m="48169,43530" machi="8" ten="40,18000,2" yaku="18,1,34,2,52,3" doraHai="108" who="0" fromWho="0" sc="313,186,227,-62,225,-62,235,-62" /><INIT seed="0,3,0,2,5,134" ten="499,165,163,173" oya="0" hai0="72,73,105,33,107,19,82,88,70,80,18,118,68" hai1="127,64,38,133,17,90,36,32,94,4,5,69,29" hai2="132,43,48,37,135,11,51,86,62,124,45,106,20" hai3="44,57,21,79,76,10,16,50,108,83,42,40,14"/><T81/><D118/><U104/><E104/><V100/><F124/><W77/><G108/><T113/><D33/><U96/><E133/><N who="2" m="51275" /><F20/><W55/><G83/><T109/><D81/><U91/><E127/><V63/><F86/><W35/><G35/><T74/><D109/><U2/><E2/><V59/><F11/><W8/><REACH who="3" step="1"/><G42/><REACH who="3" ten="499,165,163,163" step="2"/><T93/><D80/><U15/><E32/><V31/><F31/><W115/><G115/><T114/><D82/><U47/><E29/><V56/><F106/><W0/><G0/><T75/><D75/><U27/><E36/><AGARI ba="3,1" hai="8,10,14,16,21,36,40,44,50,55,57,76,77,79" machi="36" ten="40,8000,1" yaku="1,1,54,1,53,2" doraHai="134" doraHaiUra="7" who="3" fromWho="1" sc="499,0,165,-89,163,0,163,99" /><INIT seed="1,0,0,5,0,67" ten="499,76,163,262" oya="1" hai0="59,90,118,48,57,44,8,74,55,30,116,80,84" hai1="34,100,109,26,53,2,113,128,119,102,69,101,36" hai2="5,39,16,64,24,112,111,114,43,56,62,46,11" hai3="123,42,66,1,19,134,83,105,4,94,73,107,108"/><U72/><RYUUKYOKU type="yao9" ba="0,0" sc="499,0,76,0,163,0,262,0" hai1="2,26,34,36,53,69,72,100,101,102,109,113,119,128" /><INIT seed="1,1,0,0,1,45" ten="499,76,163,262" oya="1" hai0="105,7,6,79,103,114,33,30,97,26,13,17,86" hai1="35,87,82,57,15,117,129,20,124,83,89,66,64" hai2="93,112,70,19,77,74,106,78,38,21,46,39,125" hai3="36,54,102,48,121,14,28,56,127,41,5,72,108"/><U50/><E117/><V76/><F106/><W110/><G121/><T132/><D132/><U1/><E1/><V55/><F74/><W11/><G72/><T131/><D131/><U85/><E129/><V75/><F75/><W8/><G127/><T96/><D114/><U99/><E124/><V94/><F70/><W84/><G28/><T12/><D12/><U100/><E35/><V4/><F125/><W120/><G120/><T29/><D29/><U47/><E57/><V90/><F112/><W135/><G135/><T113/><D113/><U133/><E133/><V107/><F107/><W2/><G102/><T31/><D31/><U122/><E122/><V115/><F4/><W53/><G41/><T18/><D18/><N who="1" m="10335" /><E99/><N who="2" m="57783" /><F115/><W3/><G36/><T23/><REACH who="0" step="1"/><D97/><REACH who="0" ten="489,76,163,262" step="2"/><U52/><E100/><V73/><F73/><W65/><G3/><T67/><D67/><U119/><E119/><V0/><F19/><W134/><G65/><T10/><D10/><U128/><E128/><V32/><F0/><W27/><G8/><T88/><D88/><AGARI ba="1,1" hai="47,50,52,64,66,82,83,85,87,88,89" m="10335" machi="88" ten="30,11600,0" yaku="8,1,52,1,54,2" doraHai="45" who="1" fromWho="0" sc="489,-119,76,129,163,0,262,0" /><INIT seed="1,2,0,5,4,85" ten="370,205,163,262" oya="1" hai0="129,78,7,50,133,54,39,41,118,68,82,59,10" hai1="21,100,33,6,20,90,115,77,28,8,114,55,70" hai2="109,17,98,93,105,14,23,15,122,30,128,103,95" hai3="84,61,119,96,74,107,132,130,116,58,69,67,99"/><U108/><E70/><V47/><F122/><W101/><G74/><N who="0" m="43351" /><D118/><N who="3" m="45097" /><G130/><T26/><D133/><U45/><E100/><V57/><F128/><W89/><G132/><T75/><D129/><U42/><E77/><V79/><F109/><W11/><G99/><T110/><D68/><U31/><E108/><V76/><F30/><N who="1" m="11305" /><E55/><V34/><F34/><W60/><G11/><T125/><D26/><U37/><E90/><V111/><F111/><W86/><G89/><T4/><D4/><U3/><E45/><V63/><F47/><W35/><G35/><T18/><D125/><U24/><E42/><V44/><F44/><W81/><G81/><T64/><D64/><AGARI ba="2,0" hai="58,60,61,64,67,69,84,86,96,101,107" m="45097" machi="64" ten="30,1000,0" yaku="12,1" doraHai="85" who="3" fromWho="0" sc="370,-16,205,0,163,0,262,16" /><INIT seed="2,0,0,3,5,127" ten="354,205,163,278" oya="2" hai0="100,20,29,112,4,58,105,103,1,15,57,73,72" hai1="61,34,86,75,27,121,44,96,8,32,69,52,11" hai2="26,135,68,118,16,59,21,54,93,41,82,94,115" hai3="102,107,45,133,25,71,2,18,9,10,76,128,51"/><V114/><F118/><W113/><G71/><T95/><D112/><U87/><E75/><V124/><F68/><W12/><G113/><T31/><D105/><U67/><E121/><V65/><F124/><W37/><G37/><T62/><D1/><U24/><E96/><V35/><F135/><W131/><G133/><T90/><D58/><N who="1" m="37303" /><E32/><V92/><F65/><W14/><G2/><T78/><D78/><U64/><E34/><V119/><F119/><W132/><G132/><T13/><D73/><U17/><E64/><V123/><F123/><W111/><G111/><T47/><D47/><U106/><E106/><V84/><F41/><W0/><G0/><T126/><D126/><U55/><E69/><V125/><F35/><W40/><G76/><T89/><D89/><U120/><E120/><V80/><F80/><W7/><G25/><N who="1" m="9802" /><E17/><V117/><F117/><W110/><G110/><T22/><D20/><U83/><E86/><V30/><F125/><W77/><G77/><T134/><D90/><N who="1" m="51583" /><E44/><V33/><F84/><W6/><G18/><T91/><D15/><U48/><E48/><V28/><F82/><W5/><G5/><T129/><D57/><U60/><E55/><V74/><F74/><W97/><AGARI ba="0,0" hai="6,7,9,10,12,14,40,45,51,97,102,107,128,131" machi="97" ten="30,7900,0" yaku="0,1,9,1,52,2" doraHai="127" who="3" fromWho="3" sc="354,-20,205,-20,163,-39,278,79" /><INIT seed="3,0,0,3,5,70" ten="334,185,124,357" oya="3" hai0="27,0,25,106,77,14,30,92,3,31,17,47,20" hai1="60,113,103,90,85,68,32,48,130,89,82,41,110" hai2="65,12,53,57,19,40,44,8,100,104,58,80,6" hai3="61,2,129,79,81,135,35,29,124,22,101,55,18"/><W74/><G2/><N who="0" m="555" /><D92/><U16/><E113/><V134/><F134/><W50/><G135/><T59/><D77/><U88/><E32/><V15/><F104/><W115/><G115/><T94/><D94/><U69/><E110/><V36/><F100/><W117/><G117/><T72/><D59/><U5/><E130/><V42/><F65/><W11/><G129/><T111/><D47/><N who="1" m="25711" /><E68/><V91/><F53/><W87/><G61/><T133/><D106/><U118/><E69/><V75/><F75/><W13/><G74/><T45/><D45/><U116/><E5/><V86/><REACH who="2" step="1"/><F42/><REACH who="2" ten="334,185,114,357" step="2"/><W73/><G101/><T119/><D72/><U51/><E103/><V108/><F108/><W95/><G73/><T34/><D111/><U99/><E118/><V125/><F125/><W28/><G124/><T26/><D133/><U37/><E116/><V71/><F71/><W4/><G55/><T62/><D119/><U76/><E99/><V66/><F66/><W9/><G87/><T126/><D126/><U98/><E98/><V93/><F93/><W123/><G95/><T63/><D34/><U54/><E54/><V120/><F120/><W121/><G35/><N who="0" m="20959" /><D31/><U122/><E122/><V7/><F7/><W78/><G123/><T84/><D84/><U39/><E85/><V107/><F107/><W52/><G121/><T1/><D1/><U24/><E82/><V21/><AGARI ba="0,1" hai="6,8,12,15,19,21,36,40,44,57,58,80,86,91" machi="21" ten="20,5200,0" yaku="1,1,0,1,7,1,52,1,53,0" doraHai="70" doraHaiUra="105" who="2" fromWho="2" sc="334,-13,185,-13,114,62,357,-26" owari="321,12.1,172,-32.8,176,-22.4,331,43.1" /></mjloggm>