<mjloggm ver="2.3"><GO type="225" lobby="0"/><UN n0="%E3%82%82%E3%81%90%E3%82%89" n1="%E3%81%AF%E3%82%88%E3%81%8A%E3%81%98%E3%81%95%E3%82%93" n2="%E6%A1%9C%E8%8A%B1%E9%96%83%E3%80%85" n3="%E3%81%8C%E3%81%9F" dan="17,16,16,16" rate="2208.21,2117.48,2124.63,2086.11" sx="M,M,M,F"/><TAIKYOKU oya="0"/><INIT seed="0,0,0,4,0,62" ten="250,250,250,250" oya="0" hai0="68,43,28,74,114,45,84,20,130,133,63,40,119" hai1="110,18,71,2,88,26,44,101,135,94,4,22,52" hai2="21,23,118,73,31,90,127,102,42,64,85,107,109" hai3="86,29,14,38,79,41,99,57,35,111,34,77,78"/><T116/><D74/><U132/><E71/><V92/><F109/><W112/><G112/><T97/><D114/><U13/><E110/><V67/><F127/><W115/><G115/><T37/><D130/><U6/><E101/><V124/><F124/><W9/><G111/><T17/><D133/><N who="1" m="51275" /><E2/><V134/><F134/><W126/><G126/><T128/><D128/><U66/><E66/><N who="2" m="25131" /><F118/><W47/><G99/><T58/><D43/><U50/><E13/><V123/><F123/><W5/><G57/><T122/><D68/><U54/><E54/><V117/><F117/><W39/><G39/><T89/><D97/><AGARI ba="0,0" hai="4,6,18,22,26,44,50,52,88,94,97" m="51275" machi="97" ten="30,3900,0" yaku="20,1,54,2" doraHai="62" who="1" fromWho="0" sc="250,-39,250,39,250,0,250,0" /><INIT seed="1,0,0,5,3,34" ten="211,289,250,250" oya="1" hai0="13,107,15,12,72,119,122,23,116,94,21,8,77" hai1="51,39,63,33,105,47,92,48,127,130,3,59,98" hai2="7,125,124,66,71,52,30,115,27,93,5,11,83" hai3="123,108,4,70,16,128,79,44,6,2,103,60,36"/><U109/><E33/><V1/><F115/><W26/><G123/><T87/><D107/><U49/><E105/><V82/><F7/><W89/><G108/><T84/><D72/><U45/><E109/><V24/><F93/><W86/><G128/><T75/><D75/><U10/><E130/><V101/><F101/><W96/><G79/><T9/><D77/><U50/><E127/><N who="2" m="48715" /><F66/><W131/><G131/><T67/><D67/><U17/><E39/><V129/><F71/><W31/><G60/><T57/><D57/><U90/><N who="1" m="12288" /><DORA hai="40" /><U62/><E62/><V61/><F129/><W135/><G70/><T100/><D100/><U113/><E113/><V32/><F27/><W78/><G78/><T42/><D42/><U22/><E10/><N who="0" m="4201" /><D94/><U14/><E3/><V64/><F64/><AGARI ba="0,0" hai="14,17,22,45,47,59,63,64,90,92,98" m="12288" machi="64" ten="50,9600,0" yaku="8,1,52,2" doraHai="34,40" who="1" fromWho="2" sc="211,0,289,96,250,-96,250,0" /><INIT seed="1,1,0,2,4,29" ten="211,385,154,250" oya="1" hai0="5,4,57,124,64,26,41,87,59,56,11,115,122" hai1="34,40,95,70,61,110,72,88,12,108,65,104,27" hai2="73,119,38,83,33,30,99,98,131,84,22,113,100" hai3="9,46,50,89,111,39,17,43,81,28,7,54,37"/><U114/><E104/><V132/><F119/><W35/><G111/><N who="1" m="42538" /><E72/><V36/><F131/><W32/><G28/><T103/><D115/><U0/><E0/><V90/><F113/><W25/><G25/><T71/><D124/><U102/><E114/><V128/><F128/><W8/><G8/><T6/><D122/><U107/><E40/><V23/><F132/><W51/><G51/><T13/><D103/><U105/><E102/><V92/><F98/><W134/><G134/><T48/><D87/><N who="1" m="52639" /><E12/><V121/><F121/><W31/><G43/><T53/><D41/><U66/><E65/><V126/><F126/><W47/><G39/><T62/><REACH who="0" step="1"/><D26/><REACH who="0" ten="201,385,154,250" step="2"/><U14/><E14/><V93/><F100/><W63/><G37/><T67/><D67/><U133/><E133/><V1/><F38/><W60/><G35/><T58/><AGARI ba="1,1" hai="4,5,6,11,13,48,53,56,57,58,59,62,64,71" machi="58" ten="30,2000,0" yaku="1,1,0,1,53,0" doraHai="29" doraHaiUra="118" who="0" fromWho="0" sc="201,33,385,-11,154,-6,250,-6" /><INIT seed="2,0,0,0,3,113" ten="234,374,148,244" oya="2" hai0="35,81,61,122,37,65,14,63,19,24,4,123,6" hai1="53,29,49,100,97,103,52,85,108,57,45,17,2" hai2="20,34,42,12,129,13,133,62,95,33,1,74,93" hai3="106,23,41,50,64,26,115,40,118,89,105,75,102"/><V7/><F74/><W79/><G115/><T114/><D37/><U94/><E108/><V111/><F42/><W67/><G89/><T46/><D114/><U21/><E2/><V112/><F112/><W22/><G102/><T25/><D46/><U78/><E29/><V104/><F104/><W98/><G98/><T90/><D35/><N who="2" m="13322" /><F62/><W51/><G26/><N who="0" m="10347" /><D123/><U134/><E134/><V120/><F120/><W59/><G59/><N who="0" m="37055" /><D122/><U73/><E73/><V70/><F70/><W47/><G75/><T135/><D135/><U27/><E100/><V38/><F38/><W5/><G5/><T54/><D54/><N who="1" m="29999" /><E57/><V130/><F133/><W71/><G47/><T28/><D28/><U96/><E97/><V88/><F111/><W32/><G32/><T99/><D63/><U80/><AGARI ba="0,0" hai="17,21,27,52,53,78,80,85,94,96,103" m="29999" machi="80" ten="30,2000,0" yaku="8,1,54,1" doraHai="113" who="1" fromWho="1" sc="234,-5,374,20,148,-10,244,-5" /><INIT seed="3,0,0,5,5,85" ten="229,394,138,239" oya="3" hai0="19,58,60,39,122,50,35,105,29,18,33,45,5" hai1="120,118,54,108,63,71,73,11,98,74,129,55,43" hai2="2,34,52,57,69,91,4,131,127,61,22,26,77" hai3="37,96,134,65,66,67,24,111,78,31,30,100,89"/><W21/><G37/><T116/><D122/><U88/><E120/><V106/><F34/><W93/><G134/><T17/><D39/><U48/><E43/><V27/><F127/><W124/><G124/><T51/><D105/><U25/><E108/><V40/><F131/><W114/><G114/><T42/><D116/><U62/><E129/><V121/><F121/><W12/><G111/><T47/><D5/><U13/><E25/><V135/><F135/><W133/><G133/><T109/><D109/><U128/><E128/><V99/><F77/><W16/><G78/><T79/><D79/><U3/><E3/><V101/><F40/><W44/><G44/><T72/><D72/><U94/><E118/><V41/><F41/><W103/><REACH who="3" step="1"/><G31/><REACH who="3" ten="229,394,138,229" step="2"/><T68/><D29/><U23/><E74/><V86/><F69/><W92/><G92/><T76/><D76/><U119/><E73/><V113/><F113/><W87/><G87/><T28/><D28/><U59/><E119/><V125/><F125/><W8/><AGARI ba="0,1" hai="8,12,16,21,24,30,65,66,67,89,93,96,100,103" machi="8" ten="30,12000,1" yaku="1,1,0,1,8,1,52,1,54,1,53,0" doraHai="85" doraHaiUra="53" who="3" fromWho="3" sc="229,-40,394,-40,138,-40,229,130" owari="189,-21.1,354,15.4,98,-40.2,359,45.9" /></mjloggm>