<mjloggm ver="2.3"><GO type="225" lobby="0"/><UN n0="%E5%B0%8F%37%34" n1="%E9%B3%B3%E6%9D%B1%E3%81%AE%E3%81%BF%E3%81%91%E3%81%AB%E3%82%83%E3%82%93" n2="%E6%B8%A9%E2%98%85%E6%83%85%E2%98%85%E6%8E%AA%E2%98%85%E7%BD%AE" n3="%E5%8F%AF%E5%85%90%E9%82%A3%E7%94%B1%E5%A4%9A" dan="16,16,17,17" rate="2155.71,2033.74,2268.88,2152.00" sx="M,F,M,F"/><TAIKYOKU oya="0"/><INIT seed="0,0,0,3,3,28" ten="250,250,250,250" oya="0" hai0="15,72,32,4,96,118,3,93,22,49,134,57,9" hai1="54,83,58,98,20,116,24,77,6,61,46,12,125" hai2="113,97,104,95,106,130,127,53,64,101,29,108,123" hai3="62,19,87,11,40,48,129,7,103,75,105,47,111"/><T90/><D118/><U68/><E116/><V43/><F123/><W99/><G75/><T51/><D134/><U73/><E125/><V63/><F113/><W81/><G111/><T31/><D72/><U89/><E68/><V126/><F108/><W41/><G129/><T110/><D110/><U114/><E114/><V34/><F43/><W60/><G41/><T74/><D74/><U86/><E46/><V10/><F10/><W121/><G19/><N who="0" m="10623" /><D57/><U78/><E98/><V56/><F130/><W128/><G128/><T88/><D90/><U92/><E77/><V33/><F29/><W80/><G80/><T120/><D120/><U132/><E132/><V5/><F5/><W1/><REACH who="3" step="1"/><G121/><REACH who="3" ten="250,250,250,240" step="2"/><T135/><D135/><U115/><E115/><V69/><F106/><W122/><G122/><T50/><D50/><U107/><E107/><V13/><F104/><W82/><G82/><T44/><D44/><U26/><E73/><V84/><F127/><W66/><G66/><T59/><D59/><U55/><E55/><V45/><F126/><W117/><G117/><T71/><D71/><U17/><E6/><V18/><F69/><W52/><G52/><T112/><D112/><U109/><E109/><V102/><F45/><W131/><G131/><T35/><D35/><U8/><E54/><V94/><F53/><W30/><G30/><T38/><D38/><U67/><E67/><V124/><F124/><W119/><G119/><T79/><D79/><AGARI ba="0,1" hai="1,7,11,40,47,48,60,62,79,81,87,99,103,105" machi="79" ten="30,3900,0" yaku="1,1,7,1,53,1" doraHai="28" doraHaiUra="0" who="3" fromWho="0" sc="250,-39,250,0,250,0,240,49" /><INIT seed="1,0,0,3,0,98" ten="211,250,250,289" oya="1" hai0="101,90,4,52,29,107,44,97,50,27,109,58,59" hai1="63,108,76,6,31,103,20,15,113,84,89,2,105" hai2="78,123,22,36,40,19,60,72,74,67,130,39,11" hai3="38,110,112,0,94,82,53,16,120,47,126,64,99"/><U95/><E113/><V69/><F123/><W62/><G120/><T43/><D109/><U117/><E117/><V30/><F130/><W33/><G112/><T115/><D115/><U131/><E2/><V104/><F104/><W55/><G0/><T7/><D90/><U87/><E131/><V71/><F71/><W41/><G33/><T96/><D96/><U77/><E108/><V49/><F30/><W127/><G110/><T12/><D12/><U35/><E35/><V85/><F11/><W17/><G82/><T56/><REACH who="0" step="1"/><D43/><REACH who="0" ten="201,250,250,289" step="2"/><U75/><E89/><V23/><F40/><W14/><G14/><T133/><D133/><U32/><E15/><V5/><F5/><W46/><G127/><T114/><D114/><U79/><E6/><V57/><F78/><W122/><G126/><T54/><D54/><U118/><E79/><V134/><F134/><W37/><G122/><T28/><D28/><U21/><E77/><V111/><F111/><W83/><G53/><T34/><AGARI ba="0,1" hai="4,7,27,29,34,44,50,52,56,58,59,97,101,107" machi="34" ten="30,7900,0" yaku="1,1,0,1,52,1,54,1,53,0" doraHai="98" doraHaiUra="86" who="0" fromWho="0" sc="201,89,250,-39,250,-20,289,-20" /><INIT seed="2,0,0,0,0,129" ten="290,211,230,269" oya="2" hai0="58,37,36,55,69,133,63,84,41,75,126,77,57" hai1="43,29,44,50,2,28,14,46,38,66,132,23,40" hai2="100,112,42,61,122,92,19,115,31,82,81,117,135" hai3="26,4,60,121,114,89,12,98,11,79,9,24,47"/><V20/><F122/><W78/><G121/><T119/><D75/><U118/><E118/><V27/><F117/><W131/><G131/><T64/><D119/><U97/><E2/><V107/><F107/><W53/><G114/><T83/><D126/><U62/><E97/><N who="2" m="59431" /><F115/><W102/><G89/><T105/><D105/><U91/><E91/><V18/><F112/><W13/><G98/><T16/><D41/><U123/><E123/><V21/><F42/><W86/><G102/><T67/><D67/><U59/><E14/><N who="2" m="9303" /><F135/><W74/><G74/><T6/><D133/><U3/><E3/><V15/><F61/><W49/><G60/><T103/><D69/><U5/><E5/><V109/><F109/><W93/><G93/><T120/><D120/><U80/><E132/><V33/><F33/><W56/><G47/><T104/><D104/><U124/><E124/><V35/><F35/><W76/><REACH who="3" step="1"/><G86/><REACH who="3" ten="290,211,230,259" step="2"/><T101/><D103/><U51/><E80/><V113/><F113/><W99/><G99/><T128/><D101/><U72/><E72/><V17/><F31/><W22/><G22/><AGARI ba="0,1" hai="15,17,19,21,22,27,81,82" m="9303,59431" machi="22" ten="30,1500,0" yaku="8,1" doraHai="129" who="2" fromWho="3" sc="290,0,211,0,230,25,259,-15" /><INIT seed="2,1,0,5,5,14" ten="290,211,255,244" oya="2" hai0="29,15,113,73,98,112,9,51,31,27,103,32,90" hai1="19,4,55,106,44,30,43,134,39,128,7,77,72" hai2="42,89,45,12,17,104,50,86,66,121,65,40,48" hai3="37,58,127,80,125,41,3,120,92,10,118,35,95"/><V96/><F121/><W81/><G35/><T88/><D73/><U60/><E106/><V132/><F132/><W110/><G120/><T5/><D31/><U57/><E30/><V46/><F96/><W59/><G118/><T133/><D133/><U82/><E134/><V16/><F104/><W84/><G110/><T131/><D131/><U78/><E128/><V52/><F42/><W2/><G41/><T0/><D51/><U11/><E78/><V119/><F119/><W124/><G37/><T83/><D0/><N who="3" m="41" /><G10/><T22/><D32/><U61/><REACH who="1" step="1"/><E60/><REACH who="1" ten="290,201,255,244" step="2"/><V129/><F129/><W122/><G122/><T74/><D112/><U123/><E123/><V63/><F63/><W126/><G126/><T8/><D113/><U33/><E33/><V1/><F1/><W107/><G107/><T79/><D8/><U53/><E53/><V114/><F114/><W24/><G125/><T49/><D49/><U34/><E34/><V28/><F28/><W105/><G105/><AGARI ba="1,1" hai="5,9,15,22,27,29,74,79,83,88,90,98,103,105" machi="105" ten="30,2000,0" yaku="7,1,54,1" doraHai="14" who="0" fromWho="3" sc="290,33,201,0,255,0,244,-23" /><INIT seed="3,0,0,1,3,10" ten="323,201,255,221" oya="3" hai0="57,59,41,126,125,53,86,6,101,64,77,25,58" hai1="34,22,82,118,48,117,107,80,43,74,102,131,89" hai2="67,7,1,50,36,110,62,4,127,115,109,73,30" hai3="88,135,99,111,71,76,51,40,16,49,85,42,128"/><W11/><G71/><T39/><D101/><U20/><E34/><V12/><F36/><W81/><G128/><T15/><D64/><U133/><E131/><V13/><F115/><W5/><G135/><T68/><D68/><U105/><E43/><N who="3" m="16426" /><G5/><N who="2" m="2121" /><F1/><W26/><G111/><N who="2" m="42505" /><F73/><W28/><G28/><T3/><D3/><U121/><E121/><V56/><F127/><W70/><G70/><T46/><D125/><U91/><E48/><V134/><F134/><W130/><G130/><T84/><D126/><U37/><E133/><V90/><F30/><W14/><G26/><T32/><D25/><U35/><E35/><V132/><F132/><W8/><G8/><T112/><D32/><U83/><E74/><V33/><F33/><W78/><G99/><T0/><D112/><U120/><E120/><V54/><F90/><N who="1" m="34313" /><E102/><V23/><F23/><N who="1" m="8745" /><E37/><V21/><F21/><W124/><G124/><T45/><D39/><U75/><E75/><V65/><F65/><W31/><G31/><T93/><D41/><U129/><E129/><V100/><F100/><W61/><G61/><T87/><D0/><U92/><E92/><V108/><N who="2" m="42513" /><V69/><AGARI ba="0,0" hai="12,13,50,54,56,62,67,69" m="42513,2121" machi="69" ten="40,8000,1" yaku="4,1,14,1,52,2" doraHai="10" who="2" fromWho="2" sc="323,-20,201,-20,255,80,221,-40" owari="303,10.3,181,-21.9,335,43.5,181,-31.9" /></mjloggm>