<mjloggm ver="2.3"><GO type="225" lobby="0"/><UN n0="%E3%81%86%E3%81%A1%E3%83%BC" n1="%E9%B3%B3%E6%9D%B1%E3%81%AE%E3%81%86%E3%81%95%E3%81%8E%E3%81%95%E3%82%93" n2="%45%6C%79%73%69%75%6D" n3="%E5%B8%86%E7%AB%8B%E5%A4%8F%E8%A1%A3" dan="17,16,18,17" rate="2165.65,2158.43,2165.78,2133.13" sx="M,M,F,M"/><TAIKYOKU oya="0"/><INIT seed="0,0,0,1,4,100" ten="250,250,250,250" oya="0" hai0="82,87,79,35,26,37,24,44,15,85,56,104,11" hai1="81,67,7,51,72,21,52,119,50,90,127,124,92" hai2="14,132,18,30,110,0,126,9,106,113,70,107,47" hai3="13,48,73,108,78,105,1,58,109,60,122,89,42"/><T76/><D104/><N who="2" m="39978" /><F70/><W80/><G1/><T86/><D56/><U36/><E119/><V4/><F47/><W33/><G122/><T103/><D103/><U43/><E67/><V64/><F64/><W98/><G33/><T118/><D118/><U31/><E7/><V93/><F93/><N who="3" m="56623" /><G105/><T27/><D35/><U53/><E36/><V5/><F5/><W41/><G48/><T61/><D61/><U111/><E92/><V45/><F45/><W46/><G13/><T77/><D44/><U49/><E49/><V8/><F113/><W2/><G2/><T55/><D37/><U125/><E50/><V117/><F117/><W59/><G46/><T96/><D96/><U128/><E51/><V133/><F30/><W123/><G123/><T94/><D55/><U23/><E52/><V75/><F75/><W99/><G99/><T131/><D94/><U12/><E53/><V135/><F110/><N who="3" m="42603" /><G59/><T54/><D54/><AGARI ba="0,0" hai="41,42,54,58,60,73,78,80" m="42603,56623" machi="54" ten="30,1000,0" yaku="14,1" doraHai="100" who="3" fromWho="0" sc="250,-10,250,0,250,0,250,10" /><INIT seed="1,0,0,0,3,130" ten="240,250,250,260" oya="1" hai0="132,121,64,106,40,99,77,2,30,6,70,20,131" hai1="126,114,102,61,56,66,19,35,58,24,38,17,63" hai2="71,10,78,94,54,43,27,117,41,108,133,62,37" hai3="86,109,85,120,91,5,12,15,125,39,29,95,103"/><U90/><E126/><V0/><F117/><W107/><G120/><T25/><D131/><U53/><E114/><V105/><F105/><W134/><G39/><T115/><D115/><U52/><E38/><V36/><F133/><W26/><G134/><T128/><D128/><U118/><E118/><V97/><F78/><W7/><G109/><T93/><D106/><U75/><E75/><V87/><F87/><W55/><G125/><T82/><D121/><U81/><E102/><V14/><F0/><W73/><G73/><T11/><D40/><U42/><E42/><V22/><F37/><W72/><G72/><T32/><D132/><U33/><E66/><V119/><F108/><W76/><G55/><T88/><D64/><U18/><E24/><V9/><F71/><W16/><G15/><T31/><D70/><U51/><E51/><V92/><F92/><W60/><G60/><T13/><D31/><U129/><E129/><V3/><F3/><W124/><G103/><T21/><REACH who="0" step="1"/><D2/><REACH who="0" ten="230,250,250,260" step="2"/><U44/><E44/><V68/><F68/><W8/><G107/><T79/><D79/><U50/><E50/><V111/><F111/><W135/><G135/><T45/><D45/><U96/><E61/><V4/><F36/><W123/><G123/><T100/><D100/><U34/><E56/><N who="2" m="35095" /><F119/><W69/><G69/><T23/><D23/><U113/><E113/><V89/><F9/><W83/><G124/><T74/><AGARI ba="0,1" hai="6,11,13,20,21,25,30,32,74,77,82,88,93,99" machi="74" ten="20,5200,0" yaku="1,1,0,1,7,1,54,1,53,0" doraHai="130" doraHaiUra="48" who="0" fromWho="0" sc="230,62,250,-26,250,-13,260,-13" /><INIT seed="2,0,0,1,3,1" ten="292,224,237,247" oya="2" hai0="21,81,28,66,105,7,45,60,57,103,67,134,47" hai1="59,119,68,13,117,82,33,17,20,9,90,84,72" hai2="51,118,115,69,22,80,79,50,70,120,127,64,65" hai3="36,131,94,52,116,32,96,123,8,42,37,77,109"/><V135/><F120/><W114/><G116/><T99/><D134/><U19/><E68/><N who="2" m="26219" /><F22/><W100/><G123/><T48/><D7/><U125/><E125/><V93/><F93/><W12/><G114/><T63/><D81/><U101/><E33/><V121/><F121/><W113/><G113/><T56/><D48/><N who="2" m="18474" /><F80/><W53/><G32/><T75/><D75/><U38/><E38/><V102/><F102/><W49/><G37/><T85/><D85/><U55/><E72/><V129/><F79/><W27/><G77/><T130/><D130/><U104/><E104/><V3/><F3/><W24/><G131/><T132/><D132/><U29/><E101/><V71/><F135/><W133/><G109/><T112/><D112/><U74/><E29/><V43/><F115/><W58/><G133/><T2/><D2/><U126/><E126/><V97/><F97/><W124/><G124/><T88/><D88/><U16/><E74/><V122/><F122/><W78/><G78/><T6/><D6/><U98/><E98/><V107/><F107/><W44/><REACH who="3" step="1"/><G53/><REACH who="3" ten="292,224,237,237" step="2"/><T26/><AGARI ba="0,1" hai="21,26,28,45,47,56,57,60,63,66,67,99,103,105" machi="26" ten="30,2000,0" yaku="0,1,9,1" doraHai="1" who="0" fromWho="0" sc="292,30,224,-5,237,-10,237,-5" /><INIT seed="3,0,0,3,4,45" ten="322,219,227,232" oya="3" hai0="8,50,82,14,99,77,90,68,118,62,43,93,110" hai1="69,58,79,26,123,121,41,130,107,15,133,131,85" hai2="36,16,80,129,73,104,64,75,134,71,84,70,76" hai3="7,19,67,120,126,117,122,5,91,89,2,39,97"/><W115/><G117/><T66/><D110/><U109/><E109/><V11/><F36/><W21/><G115/><T10/><D118/><U113/><E113/><V65/><F104/><W98/><G39/><T27/><D27/><U135/><E69/><V48/><F129/><N who="1" m="49161" /><E107/><V83/><F134/><N who="1" m="51209" /><E41/><V95/><F70/><W63/><G126/><T94/><D94/><U74/><E74/><V128/><F128/><W88/><G122/><N who="1" m="46602" /><E15/><N who="2" m="7295" /><F75/><W59/><G120/><T18/><D43/><U111/><E111/><V25/><F71/><W6/><G2/><T127/><D68/><U32/><E58/><V57/><F95/><W81/><G81/><T132/><D82/><N who="1" m="47327" /><E26/><AGARI ba="0,0" hai="5,6,7,19,21,26,59,63,67,88,89,91,97,98" machi="26" ten="40,3900,0" yaku="8,1,54,1" doraHai="45" who="3" fromWho="1" sc="322,0,219,-39,227,0,232,39" /><INIT seed="3,1,0,5,4,122" ten="322,180,227,271" oya="3" hai0="128,31,59,21,92,35,10,50,30,127,3,99,6" hai1="66,58,14,12,86,27,56,65,113,5,110,36,22" hai2="109,17,34,23,70,16,51,60,77,20,114,108,133" hai3="39,106,33,67,96,87,105,121,43,28,26,7,98"/><W15/><G121/><T117/><D117/><U8/><E113/><V102/><F34/><W90/><G39/><T93/><D35/><U32/><E36/><V0/><F0/><W64/><G43/><T83/><D92/><U75/><E75/><V45/><F114/><W81/><G98/><T129/><D83/><U120/><E120/><V80/><F102/><W11/><G105/><T82/><D82/><U55/><E32/><V1/><F1/><W126/><G126/><T107/><D107/><U118/><E118/><V40/><F133/><W24/><REACH who="3" step="1"/><G26/><REACH who="3" ten="322,180,227,261" step="2"/><T54/><D127/><U97/><E110/><V124/><F124/><W53/><G53/><T44/><D128/><U73/><E73/><V2/><F108/><W62/><G62/><T130/><D130/><U52/><E97/><V103/><F60/><W72/><G72/><T91/><D129/><U46/><E86/><V85/><F109/><W47/><G47/><T71/><D71/><U19/><E46/><V4/><F45/><W112/><G112/><T88/><D44/><U94/><E27/><V100/><F70/><W25/><G25/><T48/><D50/><N who="1" m="30839" /><E94/><V101/><F51/><AGARI ba="1,1" hai="5,8,12,14,19,22,51,52,58,65,66" m="30839" machi="51" ten="30,2000,0" yaku="8,1,54,1" doraHai="122" who="1" fromWho="2" sc="322,0,180,33,227,-23,261,0" owari="322,42.2,213,-18.7,204,-29.6,261,6.1" /></mjloggm>