<mjloggm ver="2.3"><GO type="225" lobby="0"/><UN n0="%E3%82%B2%E3%82%B9%E8%8C%82%E5%8B%9D" n1="%E7%AB%8B%E8%8A%B1%E9%9F%BF" n2="%E3%82%A2%E3%83%BC%E3%83%A2%E3%83%AD%E3%83%BC%E3%83%B4%E3%82%A1" n3="%E3%81%BF%E3%81%BF%E3%81%9A" dan="16,17,16,16" rate="2094.65,2140.27,2145.52,2128.02" sx="F,F,M,M"/><TAIKYOKU oya="0"/><INIT seed="0,0,0,5,5,12" ten="250,250,250,250" oya="0" hai0="35,69,5,7,121,46,57,61,66,104,68,133,33" hai1="39,10,87,113,8,130,63,49,25,2,26,96,126" hai2="100,71,18,80,125,14,73,75,16,94,52,106,62" hai3="21,11,103,27,97,30,50,19,72,65,116,91,53"/><T36/><D121/><U86/><E39/><V101/><F106/><W70/><G116/><T44/><D133/><U109/><E109/><V28/><F71/><W9/><G72/><T54/><D104/><U132/><E132/><V32/><F32/><W74/><G74/><T123/><D123/><U122/><E122/><V59/><F28/><W88/><G65/><T124/><D124/><U85/><E130/><V83/><F125/><W40/><G40/><T95/><D95/><U77/><E126/><V79/><F94/><N who="3" m="58807" /><G70/><T38/><D66/><U51/><E2/><V58/><F58/><N who="3" m="33079" /><G30/><T90/><D57/><U134/><E134/><V135/><F135/><W22/><G22/><T47/><D47/><U102/><E63/><V115/><F115/><W89/><AGARI ba="0,0" hai="9,11,19,21,27,88,89,91" m="33079,58807" machi="89" ten="30,4000,0" yaku="8,1,52,1,54,1" doraHai="12" who="3" fromWho="3" sc="250,-20,250,-10,250,-10,250,40" /><INIT seed="1,0,0,0,0,59" ten="230,240,240,290" oya="1" hai0="127,120,66,95,28,76,134,82,37,26,94,79,119" hai1="70,17,43,96,107,133,123,8,73,132,5,129,22" hai2="48,99,106,19,45,54,117,27,49,11,69,101,110" hai3="6,18,97,36,89,78,130,57,1,44,71,33,86"/><U128/><E70/><V10/><F117/><W125/><G71/><T25/><D119/><U102/><E73/><V126/><F110/><W83/><G33/><T91/><D37/><U38/><E123/><V31/><F126/><W72/><G125/><T100/><D127/><U108/><E108/><V92/><F69/><W35/><G35/><T111/><D111/><U0/><E43/><V47/><F106/><W93/><G130/><T46/><D46/><U30/><E30/><V42/><REACH who="2" step="1"/><F19/><REACH who="2" ten="230,240,230,290" step="2"/><W121/><G18/><T104/><D104/><U12/><REACH who="1" step="1"/><E38/><REACH who="1" ten="230,230,230,290" step="2"/><V7/><F7/><W23/><G121/><T115/><D120/><U29/><E29/><V56/><F56/><W75/><G57/><T24/><D28/><U14/><E14/><V103/><F103/><W63/><G6/><T77/><D100/><U68/><E68/><V114/><F114/><W84/><G1/><T53/><D115/><U60/><E60/><V61/><F61/><W105/><G63/><T58/><D58/><U87/><E87/><V81/><F81/><W131/><G84/><T32/><D82/><U3/><E3/><V67/><F67/><W2/><G2/><T85/><D66/><U21/><E21/><AGARI ba="0,2" hai="10,11,21,27,31,42,45,47,48,49,54,92,99,101" machi="21" ten="30,3900,0" yaku="1,1,7,1,8,1,53,0" doraHai="59" doraHaiUra="116" who="2" fromWho="1" sc="230,0,230,-39,230,59,290,0" /><INIT seed="2,0,0,5,5,17" ten="230,191,289,290" oya="2" hai0="129,88,24,110,109,14,115,60,92,58,68,35,34" hai1="63,41,42,112,8,81,105,74,103,120,73,126,40" hai2="9,67,52,128,70,75,19,29,53,48,18,26,96" hai3="54,108,43,77,6,97,111,30,57,10,39,32,38"/><V107/><F75/><W131/><G131/><T134/><D134/><U47/><E112/><V0/><F128/><W1/><G97/><T62/><D129/><U12/><E126/><V101/><F0/><W93/><G93/><T2/><D2/><U76/><E120/><V22/><F9/><W116/><G116/><T82/><D82/><U50/><E74/><V119/><F119/><W125/><G77/><T13/><D68/><U113/><E113/><V49/><F67/><W59/><G125/><T91/><D24/><U20/><E103/><V86/><F86/><W72/><G72/><T114/><D92/><U124/><E105/><V46/><REACH who="2" step="1"/><F70/><REACH who="2" ten="230,191,279,290" step="2"/><W56/><G10/><T122/><REACH who="0" step="1"/><D58/><AGARI ba="0,1" hai="18,19,22,26,29,46,48,49,52,53,58,96,101,107" machi="58" ten="30,12000,1" yaku="1,1,2,1,7,1,52,1,54,1,53,0" doraHai="17" doraHaiUra="90" who="2" fromWho="0" sc="230,-120,191,0,279,130,290,0" /><INIT seed="2,1,0,0,1,117" ten="110,191,409,290" oya="2" hai0="49,107,135,4,70,23,130,7,58,15,90,71,42" hai1="50,82,57,79,47,127,86,121,94,21,31,76,95" hai2="1,98,52,45,85,89,122,27,25,32,112,81,103" hai3="91,44,38,40,13,0,68,67,83,110,62,59,133"/><V6/><F112/><W43/><G0/><T105/><D130/><U84/><E127/><V69/><F69/><W65/><G110/><T34/><D34/><U102/><E121/><V33/><F122/><W115/><G13/><T28/><D135/><U48/><E57/><V51/><F1/><W74/><G91/><T22/><D28/><U97/><E31/><V54/><F6/><W87/><G87/><T125/><D58/><U124/><E124/><V37/><F37/><N who="3" m="21519" /><G83/><T14/><D42/><U12/><E47/><V66/><F66/><N who="3" m="41047" /><G74/><T77/><D49/><U108/><E108/><V19/><F54/><W132/><G115/><T118/><D90/><N who="1" m="53591" /><E79/><V8/><F27/><W63/><G67/><T11/><D125/><U17/><AGARI ba="1,0" hai="12,17,21,48,50,76,82,84,95,97,102" m="53591" machi="17" ten="30,1100,0" yaku="8,1" doraHai="117" who="1" fromWho="1" sc="110,-4,191,14,409,-6,290,-4" /><INIT seed="3,0,0,4,4,45" ten="106,205,403,286" oya="3" hai0="50,52,75,16,107,126,91,37,81,118,34,9,130" hai1="129,21,101,76,43,103,111,73,132,104,82,48,72" hai2="114,119,70,11,47,90,30,12,1,134,125,67,5" hai3="0,41,44,22,32,60,100,105,10,85,36,46,35"/><W124/><G124/><T65/><D126/><U135/><E21/><V133/><F125/><W20/><G20/><T109/><D109/><U88/><E48/><V79/><F114/><W56/><G46/><N who="0" m="27735" /><D107/><U120/><E43/><V98/><F119/><W131/><G131/><T24/><D130/><U96/><E129/><V92/><F79/><W51/><G36/><T110/><D75/><U95/><E120/><V66/><F30/><W83/><G22/><N who="0" m="13383" /><D34/><U58/><E58/><V2/><F47/><W57/><G57/><T28/><D37/><U53/><E53/><V99/><F99/><W117/><G117/><T71/><D118/><U33/><E33/><V106/><F106/><W38/><G38/><T14/><D71/><U62/><E62/><N who="2" m="40279" /><F67/><W54/><G100/><N who="1" m="38474" /><E111/><V6/><F6/><W115/><G105/><T42/><D110/><U64/><E64/><V127/><F127/><W94/><G115/><T108/><D108/><U19/><E19/><V121/><F121/><W113/><G113/><T74/><D74/><N who="1" m="43287" /><E104/><V89/><F1/><W128/><G128/><T122/><D122/><U68/><E68/><V17/><F5/><W116/><G116/><T78/><D28/><U27/><E135/><N who="2" m="51723" /><F2/><W3/><G3/><T23/><D65/><U69/><E69/><V123/><F123/><W39/><G39/><T102/><D42/><U112/><E112/><V31/><F31/><W15/><G0/><T87/><D102/><AGARI ba="0,0" hai="11,12,17,89,90,92,98,102" m="51723,40279" machi="102" ten="30,1000,0" yaku="20,1" doraHai="45" who="2" fromWho="0" sc="106,-10,205,0,403,10,286,0" owari="96,-40.4,205,-19.5,413,51.3,286,8.6" /></mjloggm>