<mjloggm ver="2.3"><GO type="225" lobby="0"/><UN n0="%E6%B4%BE%E9%81%A3%E3%81%AE%E3%82%B8%E3%83%A3%E3%83%83%E3%82%AF" n1="%E4%B8%AD%E5%B9%B4%E3%81%AE%E5%8D%B1%E6%A9%9F" n2="%E3%82%BC%E3%83%AB%E3%83%80%E3%81%AE%E4%BC%9D%E8%AA%AC" n3="%72%69%6F%75%63%68%61%6E" dan="16,17,17,17" rate="2210.35,2231.24,2257.33,2250.25" sx="M,M,M,M"/><TAIKYOKU oya="0"/><INIT seed="0,0,0,0,5,103" ten="250,250,250,250" oya="0" hai0="6,105,96,3,61,104,101,59,1,70,93,84,47" hai1="130,124,15,0,39,35,17,50,102,46,41,36,81" hai2="45,108,69,89,7,90,34,71,49,110,98,55,118" hai3="116,43,129,4,112,86,115,127,80,2,95,111,62"/><T132/><D70/><U18/><E124/><V24/><F118/><W8/><G111/><N who="2" m="42537" /><F7/><W53/><G129/><T125/><D125/><U30/><E130/><V123/><F123/><W76/><G127/><T16/><D132/><U38/><E0/><V44/><F44/><W51/><G116/><T21/><D47/><U100/><E81/><V92/><F90/><W77/><G43/><T117/><D117/><U63/><E63/><V135/><F135/><W131/><G131/><T87/><D87/><U28/><E18/><V114/><F114/><W67/><G76/><T37/><D37/><U27/><REACH who="1" step="1"/><E30/><AGARI ba="0,0" hai="24,30,34,45,49,55,69,71,89,92,98" m="42537" machi="30" ten="30,1000,0" yaku="14,1" doraHai="103" who="2" fromWho="1" sc="250,0,250,-10,250,10,250,0" /><INIT seed="1,0,0,5,5,27" ten="250,240,260,250" oya="1" hai0="28,101,47,79,66,133,18,111,122,120,6,91,114" hai1="109,57,4,12,135,38,106,108,77,19,89,69,0" hai2="10,119,113,110,96,22,107,54,7,123,60,25,33" hai3="125,1,16,53,115,52,56,39,35,14,131,50,88"/><U31/><E69/><V95/><F119/><W130/><G125/><T62/><D114/><U5/><E106/><V58/><F110/><N who="1" m="42601" /><E38/><V75/><F113/><W73/><G115/><T105/><D111/><U124/><E77/><V94/><F33/><W41/><G35/><T116/><D116/><U68/><E68/><V92/><F75/><W48/><G1/><T128/><D79/><U74/><E74/><V97/><F123/><W87/><G73/><T32/><D133/><U55/><E0/><V11/><F107/><W102/><G102/><T21/><D128/><N who="3" m="49193" /><G39/><T134/><D6/><U29/><E135/><V129/><F129/><W117/><G117/><T70/><D134/><U3/><E124/><V59/><F59/><N who="3" m="33159" /><G41/><T37/><D37/><U15/><E3/><V61/><F61/><W24/><G24/><N who="0" m="18439" /><D47/><U43/><E43/><V104/><F104/><W98/><G98/><N who="2" m="37993" /><F7/><N who="1" m="2633" /><E89/><V118/><F118/><W9/><G87/><T86/><D105/><U65/><E65/><V85/><F85/><W84/><G84/><T45/><D101/><U78/><E78/><V36/><F36/><W83/><G88/><T17/><D45/><U40/><E40/><V121/><F121/><N who="0" m="46698" /><D86/><U2/><E2/><V90/><F90/><W46/><G46/><T42/><D42/><U34/><E34/><V30/><AGARI ba="0,0" hai="10,11,22,25,30,54,58,60,92,94,95" m="37993" machi="30" ten="30,2000,0" yaku="8,1,52,1" doraHai="27" who="2" fromWho="2" sc="250,-5,240,-10,260,20,250,-5" /><INIT seed="2,0,0,3,2,0" ten="245,230,280,245" oya="2" hai0="47,76,59,50,75,123,87,79,122,124,20,102,46" hai1="14,71,60,86,9,52,109,77,113,135,104,110,128" hai2="129,11,26,18,105,95,32,91,19,114,3,31,40" hai3="56,89,106,28,5,55,62,103,54,126,34,53,69"/><V100/><F114/><W81/><G126/><T132/><D75/><U88/><E113/><V134/><F134/><W57/><G5/><T13/><D132/><U93/><E135/><V117/><F117/><W41/><G41/><T125/><D102/><U63/><E104/><V33/><F129/><W99/><G89/><T44/><D59/><U16/><E128/><V21/><F105/><W97/><G99/><T8/><D20/><U92/><E77/><N who="0" m="29769" /><D50/><U119/><E119/><V82/><F40/><W107/><G81/><T130/><D87/><U6/><E93/><V12/><F82/><W94/><G69/><T68/><D68/><U78/><E78/><V70/><F100/><W45/><G45/><T118/><D130/><U30/><E30/><V127/><F70/><W23/><G34/><T111/><D118/><U49/><E71/><V39/><F39/><W48/><REACH who="3" step="1"/><G54/><REACH who="3" ten="245,230,280,235" step="2"/><T27/><D122/><U131/><E131/><V108/><F33/><W84/><G84/><T120/><D120/><U2/><E110/><V58/><F32/><W115/><G115/><T90/><D111/><U72/><E109/><V17/><F108/><W7/><G7/><N who="0" m="3231" /><D90/><U36/><E72/><V85/><F127/><N who="0" m="48714" /><D123/><U66/><E36/><V98/><F85/><W112/><G112/><T61/><D47/><U121/><E121/><V10/><F58/><W24/><AGARI ba="0,1" hai="23,24,28,48,53,55,56,57,62,94,97,103,106,107" machi="24" ten="30,2000,0" yaku="1,1,0,1,53,0" doraHai="0" doraHaiUra="29" who="3" fromWho="3" sc="245,-5,230,-5,280,-10,235,30" /><INIT seed="3,0,0,5,0,80" ten="240,225,270,265" oya="3" hai0="71,84,40,103,15,16,69,27,87,39,106,61,46" hai1="123,79,54,104,89,22,3,111,113,120,81,121,125" hai2="34,13,76,64,129,92,2,130,101,59,94,45,78" hai3="93,109,49,68,119,24,131,73,30,4,72,66,43"/><W86/><G119/><T91/><D27/><U102/><E3/><V83/><F2/><W82/><G131/><N who="2" m="50185" /><F34/><W52/><G43/><T90/><D103/><U63/><E113/><V135/><F45/><W127/><G127/><T56/><D106/><U17/><E125/><V60/><F135/><W14/><G109/><T20/><D90/><U105/><E111/><V55/><F13/><W134/><G134/><T1/><D1/><U96/><E89/><V32/><F32/><W88/><G93/><N who="2" m="35945" /><F101/><W126/><G126/><T117/><D117/><U107/><E54/><V67/><F76/><W74/><G68/><T132/><D132/><U10/><E10/><V58/><F59/><W115/><G115/><T85/><REACH who="0" step="1"/><D91/><REACH who="0" ten="230,225,270,265" step="2"/><U29/><E29/><V57/><F57/><W19/><G30/><T18/><D18/><U12/><REACH who="1" step="1"/><E63/><REACH who="1" ten="230,215,270,265" step="2"/><V38/><F60/><W26/><G4/><T110/><D110/><U37/><E37/><V0/><F38/><W7/><G7/><T5/><D5/><U48/><E48/><N who="2" m="31079" /><F0/><W51/><G49/><T35/><D35/><U122/><N who="1" m="30720" /><DORA hai="95" /><U53/><E53/><AGARI ba="0,2" hai="15,16,20,39,40,46,53,56,61,69,71,84,85,87" machi="53" ten="40,12000,2" yaku="1,1,52,3,54,1,53,2" doraHai="80,95" doraHaiUra="65,124" who="0" fromWho="1" sc="230,140,215,-120,270,0,265,0" owari="370,47.0,95,-40.5,270,7.0,265,-13.5" /></mjloggm>