<mjloggm ver="2.3"><GO type="225" lobby="0"/><UN n0="%E3%83%81%E3%83%AF%E3%83%AF%E9%9A%8A%E9%95%B7" n1="%E3%81%B5%E3%81%98%E3%81%8B%E3%81%A4" n2="%E7%99%BD%E6%97%A5%E9%9B%AA%E8%8F%9C" n3="%E8%B6%85%E7%B4%9A%E9%B3%B3%E5%87%B0" dan="16,17,17,17" rate="2117.12,2206.00,2216.04,2144.85" sx="M,M,M,F"/><TAIKYOKU oya="0"/><INIT seed="0,0,0,1,5,2" ten="250,250,250,250" oya="0" hai0="41,59,9,90,108,81,121,18,93,83,84,57,24" hai1="16,72,0,43,35,92,58,3,44,107,69,10,113" hai2="31,129,60,27,30,1,64,70,119,37,47,28,94" hai3="102,105,50,82,77,8,21,134,86,12,4,76,78"/><T46/><D121/><U65/><E107/><V45/><F129/><W51/><G134/><T53/><D108/><U48/><E72/><V133/><F133/><W75/><G21/><N who="0" m="13367" /><D57/><U15/><E35/><V110/><F110/><W99/><REACH who="3" step="1"/><G75/><REACH who="3" ten="250,250,250,240" step="2"/><T61/><D9/><U115/><E69/><V34/><F119/><W97/><G97/><T132/><D132/><U52/><E115/><V54/><F34/><W88/><AGARI ba="0,1" hai="4,8,12,50,51,76,77,78,82,86,88,99,102,105" machi="88" ten="30,8000,1" yaku="1,1,0,1,52,1,54,1,53,1" doraHai="2" doraHaiUra="6" who="3" fromWho="3" sc="250,-40,250,-20,250,-20,240,90" /><INIT seed="1,0,0,0,2,92" ten="210,230,230,330" oya="1" hai0="61,27,8,13,123,23,84,0,95,1,112,17,14" hai1="42,107,55,72,26,20,93,10,115,45,131,78,41" hai2="39,100,62,35,70,30,38,21,105,80,114,52,82" hai3="129,37,65,90,69,57,94,81,75,51,6,128,88"/><U64/><E115/><V40/><F114/><W29/><G37/><T106/><D106/><U103/><E131/><N who="3" m="50250" /><G6/><T104/><D104/><U83/><E64/><N who="2" m="41239" /><F21/><W130/><G130/><T96/><D112/><U11/><E107/><V58/><F40/><W97/><G29/><T79/><D123/><U16/><E55/><V126/><F126/><W133/><G133/><T124/><D124/><U91/><E103/><V86/><F80/><W66/><G69/><T18/><D14/><U34/><E34/><V74/><F86/><N who="3" m="50511" /><G75/><T117/><D117/><U121/><E121/><V12/><F82/><W85/><G85/><T102/><D79/><U68/><E68/><V3/><F3/><W108/><G108/><T25/><D84/><U24/><E24/><N who="2" m="18887" /><F74/><W56/><G51/><T98/><D27/><U36/><REACH who="1" step="1"/><E42/><REACH who="1" ten="210,220,230,330" step="2"/><V43/><F43/><W101/><G101/><T73/><D102/><U134/><E134/><V46/><F100/><W47/><G47/><T33/><D33/><U50/><E50/><V31/><F46/><W60/><G60/><T110/><D61/><U53/><E53/><V5/><F105/><W44/><G44/><T120/><D120/><U54/><E54/><V99/><F39/><W49/><G49/><T135/><D135/><U111/><E111/><V19/><F38/><W32/><G32/><T67/><D110/><U132/><E132/><V7/><F52/><W77/><G65/><T71/><D67/><U48/><E48/><V116/><F58/><N who="3" m="22635" /><G66/><T28/><D71/><U4/><E4/><V125/><F5/><W119/><G119/><T127/><D127/><RYUUKYOKU ba="0,1" sc="210,-15,220,15,230,-15,330,15" hai1="10,11,16,20,26,36,41,45,72,78,83,91,93" hai3="77,88,94,97" /><INIT seed="1,1,1,4,2,43" ten="195,235,215,345" oya="1" hai0="118,46,129,15,57,84,85,47,7,87,2,111,54" hai1="120,24,76,69,113,90,61,119,95,13,12,35,25" hai2="58,135,59,9,26,28,131,100,34,121,126,128,42" hai3="116,1,23,102,17,75,96,123,127,33,49,130,107"/><U81/><E113/><V78/><F121/><W77/><G123/><T108/><D2/><U41/><E119/><V71/><F71/><W62/><G33/><T0/><D0/><U101/><E101/><V20/><F78/><W56/><G1/><T66/><D118/><U64/><E120/><V98/><F126/><W21/><G116/><T92/><D66/><U53/><E53/><V125/><F125/><W6/><G127/><T27/><D129/><N who="2" m="49738" /><F135/><W31/><G130/><T74/><D74/><U5/><E41/><V88/><F42/><W70/><G70/><T39/><D39/><U105/><E105/><N who="2" m="63639" /><F9/><W3/><G49/><T93/><D27/><U14/><E5/><V79/><F79/><W97/><G97/><T30/><D30/><U83/><E35/><V133/><F133/><W106/><G106/><T52/><D54/><U104/><E104/><V80/><F20/><W94/><G107/><T32/><D32/><U50/><E83/><V4/><F4/><W10/><G31/><T38/><D38/><U91/><E91/><V132/><F132/><W124/><G124/><T55/><D55/><U29/><E29/><V37/><F37/><W122/><G122/><T115/><D115/><U73/><REACH who="1" step="1"/><E50/><REACH who="1" ten="195,225,215,345" step="2"/><V63/><F63/><W114/><G114/><T16/><D7/><U8/><E8/><V82/><F82/><N who="3" m="45375" /><G17/><T117/><D117/><U60/><E60/><V103/><F103/><W109/><G62/><N who="0" m="36135" /><D92/><U68/><E68/><V22/><F34/><W19/><G19/><T11/><D93/><U89/><E89/><V112/><F112/><W48/><G3/><RYUUKYOKU ba="1,2" sc="195,10,225,10,215,10,345,-30" hai0="11,15,16,46,47,84,85,87,108,111" hai1="12,13,14,24,25,61,64,69,73,76,81,90,95" hai2="22,26,28,58,59,80,88" /><INIT seed="1,2,2,2,5,105" ten="205,235,225,315" oya="1" hai0="70,134,107,66,135,68,39,65,98,48,77,60,117" hai1="51,78,19,120,53,49,42,114,6,118,110,112,11" hai2="31,25,94,34,15,111,20,88,92,82,131,85,45" hai3="28,91,100,1,73,13,40,22,76,122,121,96,14"/><U81/><E118/><V67/><F111/><W7/><G40/><T71/><D117/><U36/><E120/><V43/><F131/><W44/><G44/><T103/><D39/><U93/><E110/><V46/><F67/><W17/><G91/><T69/><D65/><U35/><E35/><V132/><F132/><N who="0" m="50730" /><D77/><U83/><E19/><V58/><F58/><W74/><G1/><T79/><D79/><U55/><E93/><V12/><F46/><W104/><G28/><T23/><D23/><U99/><E99/><V38/><F34/><W5/><G5/><T21/><D21/><U2/><E51/><AGARI ba="2,2" hai="48,51,60,66,68,69,70,71,98,103,107" m="50730" machi="51" ten="40,1300,0" yaku="20,1" doraHai="105" who="0" fromWho="1" sc="205,39,235,-19,225,0,315,0" /><INIT seed="2,0,0,3,1,47" ten="244,216,225,315" oya="2" hai0="31,85,75,112,28,64,71,97,106,18,24,100,124" hai1="84,110,68,86,20,91,128,134,93,42,118,46,9" hai2="15,78,107,102,35,57,76,17,129,25,43,125,131" hai3="30,26,66,89,67,108,23,63,95,113,21,22,62"/><V10/><F125/><W8/><G108/><T3/><D75/><U114/><E114/><V72/><F43/><W73/><G73/><T104/><D112/><U111/><E68/><V50/><F107/><W12/><G113/><T115/><D115/><U88/><E118/><V101/><F35/><W121/><G121/><T16/><D3/><U109/><E134/><V45/><F25/><W80/><G80/><T14/><D124/><U37/><E128/><N who="2" m="49227" /><F72/><W90/><G63/><N who="0" m="40351" /><D106/><U19/><E9/><V117/><F117/><W52/><G52/><T51/><D28/><U56/><E56/><V135/><F135/><W49/><G49/><T59/><D85/><U58/><E58/><V123/><F123/><W87/><G90/><N who="1" m="34346" /><E93/><V126/><F126/><W92/><G95/><T11/><D59/><U33/><E33/><V40/><F57/><N who="3" m="37199" /><G67/><T133/><D133/><U116/><E116/><V82/><F82/><W119/><G119/><T27/><D104/><U130/><E130/><V55/><F40/><W74/><G74/><T122/><D122/><U29/><E29/><V69/><F69/><W65/><G65/><T34/><D31/><U41/><E41/><V5/><F17/><AGARI ba="0,0" hai="8,12,17,21,22,23,26,30,87,89,92" m="37199" machi="17" ten="30,1000,0" yaku="8,1" doraHai="47" who="3" fromWho="2" sc="244,0,216,0,225,-10,315,10" /><INIT seed="3,0,0,3,2,114" ten="244,216,215,325" oya="3" hai0="8,100,106,16,111,129,98,50,42,48,134,60,35" hai1="21,94,9,76,55,119,73,29,17,6,11,96,18" hai2="2,44,92,93,101,20,75,115,80,30,27,110,128" hai3="125,127,72,14,109,3,5,61,84,78,43,54,59"/><W45/><G109/><T90/><D35/><U112/><E112/><V102/><F115/><W133/><G3/><T51/><D111/><U79/><E119/><V132/><F110/><W19/><G72/><T107/><D129/><U24/><E73/><V69/><F2/><W63/><G5/><T56/><D134/><U120/><E120/><V39/><F128/><W70/><G133/><T124/><D124/><N who="3" m="47689" /><G78/><N who="1" m="29738" /><E55/><V135/><F75/><W36/><G84/><T83/><D107/><U68/><E68/><V116/><F116/><W74/><G74/><T118/><D118/><U130/><E130/><V53/><F69/><W82/><G82/><T113/><D113/><U26/><E6/><V71/><F71/><W86/><G86/><T122/><D122/><U47/><E47/><V91/><F80/><W65/><G14/><T89/><D83/><U57/><E57/><V7/><F7/><W95/><G19/><N who="1" m="7178" /><E26/><V40/><F53/><W85/><G85/><T81/><D81/><U15/><E15/><V88/><F132/><W13/><G13/><T131/><D131/><U121/><E121/><V23/><F135/><W67/><G95/><T46/><D106/><U31/><E31/><V103/><REACH who="2" step="1"/><F23/><REACH who="2" ten="244,216,205,325" step="2"/><W49/><G65/><T33/><D33/><U77/><E77/><V12/><F12/><W99/><G54/><T32/><D32/><U37/><E37/><V52/><F52/><W22/><G36/><T104/><D46/><U64/><E64/><V34/><F34/><W1/><G45/><T41/><D41/><U62/><E62/><V126/><F126/><W0/><G63/><RYUUKYOKU ba="0,1" sc="244,-15,216,15,205,15,325,-15" hai1="9,11,21,24,29,94,96" hai2="20,27,30,39,40,44,88,91,92,93,101,102,103" owari="229,-17.1,231,3.1,220,-28.0,320,42.0" /></mjloggm>