<mjloggm ver="2.3"><GO type="225" lobby="0"/><UN n0="%E5%8F%AF%E5%85%90%E9%82%A3%E7%94%B1%E5%A4%9A" n1="%6D%75%75%6D%75%72%61" n2="%E3%81%86%E3%82%8B%E3%81%8A%E3%81%A1%E3%82%83" n3="%E3%81%AF%E3%82%88%E3%81%8A%E3%81%98%E3%81%95%E3%82%93" dan="17,17,16,17" rate="2246.30,2185.32,2052.77,2181.87" sx="F,F,F,M"/><TAIKYOKU oya="0"/><INIT seed="0,0,0,0,4,46" ten="250,250,250,250" oya="0" hai0="57,28,14,60,47,116,16,92,26,64,124,111,24" hai1="69,132,108,56,82,115,33,63,125,61,107,66,74" hai2="32,98,52,113,117,3,2,118,44,104,48,73,8" hai3="128,77,72,27,91,25,51,80,34,131,55,90,133"/><T78/><D116/><N who="2" m="44650" /><F113/><W122/><G133/><T23/><D124/><U102/><E132/><V65/><F32/><W134/><G134/><T67/><D111/><U30/><E108/><V37/><F73/><W10/><G122/><T49/><D78/><U130/><E125/><V12/><F37/><W18/><G10/><T41/><D67/><U50/><E130/><N who="3" m="49706" /><G18/><T76/><D76/><U120/><E120/><V87/><F65/><W43/><G43/><T62/><D62/><U83/><E115/><V127/><F87/><W84/><G34/><T5/><D5/><U38/><E38/><V15/><F127/><W6/><G6/><T110/><D110/><U109/><E109/><V53/><F53/><W13/><G13/><N who="2" m="5193" /><F8/><W7/><G7/><T68/><D68/><U123/><E74/><V29/><F29/><W79/><G77/><T35/><D14/><U21/><E123/><V75/><F75/><W135/><G135/><T89/><D35/><U22/><E22/><V101/><AGARI ba="0,0" hai="2,3,44,48,52,98,101,104" m="5193,44650" machi="101" ten="30,4000,0" yaku="12,1,52,1,54,1" doraHai="46" who="2" fromWho="2" sc="250,-20,250,-10,250,40,250,-10" /><INIT seed="1,0,0,3,0,72" ten="230,240,290,240" oya="1" hai0="61,17,27,14,122,49,30,103,55,25,44,98,108" hai1="20,84,45,133,92,135,96,131,53,24,39,11,73" hai2="12,64,18,85,65,117,37,9,78,79,38,70,58" hai3="106,16,111,34,6,76,125,68,60,8,0,59,80"/><U42/><E73/><V81/><F117/><W21/><G111/><T41/><D108/><U132/><E131/><V87/><F70/><W71/><G125/><T36/><D122/><U23/><E84/><V26/><F37/><W51/><G51/><T13/><D61/><U77/><E77/><N who="2" m="29195" /><F38/><W2/><G34/><T3/><D3/><U75/><E75/><V66/><F81/><W83/><G106/><T31/><D31/><U112/><E112/><V134/><F134/><W52/><G0/><T124/><D124/><U67/><E67/><N who="2" m="25675" /><F26/><W46/><G46/><T114/><D114/><U40/><E24/><V28/><F28/><W56/><G56/><T102/><D25/><U57/><E40/><V119/><F119/><W86/><G83/><T123/><D123/><U101/><REACH who="1" step="1"/><E11/><REACH who="1" ten="230,230,290,240" step="2"/><V109/><F109/><W22/><G21/><T130/><D130/><U4/><E4/><V107/><F107/><W63/><G60/><AGARI ba="0,1" hai="20,23,39,42,45,53,57,60,92,96,101,132,133,135" machi="60" ten="40,7700,0" yaku="1,1,20,1,53,1" doraHai="72" doraHaiUra="95" who="1" fromWho="3" sc="230,0,230,87,290,0,240,-77" /><AGARI ba="0,0" hai="9,12,18,58,60,66,85,87" m="25675,29195" machi="60" ten="30,7700,0" yaku="8,1,52,3" doraHai="72" who="2" fromWho="3" sc="230,0,317,0,290,77,163,-77" /><INIT seed="1,1,0,0,2,85" ten="230,317,367,86" oya="1" hai0="7,35,48,120,107,22,127,57,25,114,110,33,93" hai1="97,44,89,84,98,38,76,94,2,46,3,12,104" hai2="17,60,45,79,24,30,103,116,102,135,78,124,117" hai3="9,106,31,66,18,119,65,112,63,55,29,113,49"/><U99/><E104/><V111/><F117/><W11/><G106/><T125/><D114/><U87/><E12/><V109/><F116/><W105/><G119/><T51/><D107/><U13/><E13/><V134/><F17/><W27/><G105/><T0/><D110/><N who="2" m="41994" /><F45/><W132/><G132/><N who="2" m="50729" /><F60/><W126/><G126/><T62/><D120/><U41/><REACH who="1" step="1"/><E44/><REACH who="1" ten="230,307,367,86" step="2"/><V96/><F124/><W8/><G113/><T115/><D115/><U73/><E73/><V90/><F103/><W121/><G112/><T28/><D127/><U59/><E59/><V81/><F102/><W53/><G121/><T83/><D125/><U19/><E19/><V15/><F15/><W68/><G18/><T129/><D57/><U77/><E77/><V130/><F130/><W118/><G118/><T39/><D129/><U23/><E23/><N who="2" m="15647" /><F96/><W101/><G68/><T86/><D22/><U88/><E88/><V36/><F36/><W50/><G101/><T42/><D39/><U40/><E40/><V58/><F58/><W4/><G8/><T122/><D42/><U6/><E6/><V47/><F47/><W80/><G4/><T20/><D7/><U10/><E10/><V108/><F108/><W16/><G16/><T26/><D20/><U14/><E14/><V37/><F37/><W82/><REACH who="3" step="1"/><G63/><REACH who="3" ten="230,307,367,76" step="2"/><T74/><D62/><U133/><E133/><V43/><F43/><W5/><G5/><T123/><D123/><U64/><E64/><V71/><F71/><W91/><G91/><T61/><D61/><U95/><E95/><V131/><F131/><W52/><G52/><T21/><D122/><RYUUKYOKU ba="1,2" sc="230,-30,307,10,367,10,76,10" hai1="2,3,38,41,46,76,84,87,89,94,97,98,99" hai2="78,79,81,90" hai3="9,11,27,29,31,49,50,53,55,65,66,80,82" /><INIT seed="1,2,2,0,3,92" ten="200,317,377,86" oya="1" hai0="54,33,9,132,62,31,82,120,124,0,38,114,27" hai1="52,14,91,102,34,6,24,109,106,46,37,58,83" hai2="22,78,15,43,107,95,108,1,39,45,115,130,135" hai3="103,122,50,48,18,127,84,59,35,112,32,69,55"/><U121/><E121/><V97/><F1/><W134/><G122/><T85/><D120/><U17/><E109/><V3/><F3/><W8/><G112/><T86/><D38/><U71/><E71/><V81/><F107/><W77/><G69/><T126/><D114/><U65/><E65/><V101/><F115/><W57/><G127/><N who="0" m="48683" /><D132/><U73/><E6/><V41/><F135/><W110/><G134/><T66/><D54/><U49/><E34/><V5/><F130/><W72/><G72/><T98/><D98/><U2/><E2/><V21/><F41/><W36/><G36/><T29/><D29/><U60/><E24/><V40/><F40/><W133/><G133/><T88/><D86/><U74/><E37/><V23/><F108/><W63/><G110/><T89/><D89/><U75/><E91/><V111/><F111/><W19/><G103/><T118/><D118/><U100/><E83/><V12/><REACH who="2" step="1"/><F5/><REACH who="2" ten="200,317,367,86" step="2"/><W90/><G77/><T44/><D0/><U93/><E106/><V7/><F7/><W68/><G35/><T80/><D33/><U28/><E28/><V25/><F25/><W16/><G32/><T47/><D27/><U113/><E113/><V42/><F42/><W123/><G123/><T61/><D31/><U30/><E30/><V11/><F11/><W117/><G8/><T53/><D9/><U13/><E17/><V76/><F76/><W96/><G19/><T64/><D80/><U79/><E79/><V119/><F119/><W104/><G117/><T56/><D82/><U70/><E14/><V129/><F129/><W26/><G104/><RYUUKYOKU ba="2,3" sc="200,-10,317,-10,367,30,86,-10" hai2="12,15,21,22,23,39,43,45,78,81,95,97,101" /><INIT seed="2,3,3,5,4,132" ten="190,307,397,76" oya="2" hai0="119,53,131,115,28,108,114,110,20,6,82,87,63" hai1="67,29,50,113,54,38,84,45,11,90,25,21,123" hai2="105,58,78,18,130,126,127,60,31,17,116,55,13" hai3="135,62,46,85,0,92,122,93,73,27,81,8,117"/><V88/><F116/><W94/><G117/><T97/><D131/><U83/><E113/><V65/><F130/><W47/><G122/><T15/><D119/><U41/><E123/><V111/><F105/><W22/><G73/><T91/><D97/><U125/><E125/><N who="2" m="47627" /><F78/><W101/><G135/><T129/><D129/><U102/><E102/><V49/><F31/><W133/><G133/><T37/><D37/><U39/><E67/><V32/><F32/><W104/><G104/><T19/><D6/><U100/><E100/><V24/><F24/><W121/><G121/><T56/><REACH who="0" step="1"/><D28/><REACH who="0" ten="180,307,397,76" step="2"/><U43/><E38/><V99/><F111/><AGARI ba="3,4" hai="15,19,20,53,56,63,82,87,91,108,110,111,114,115" machi="111" ten="40,5200,0" yaku="1,1,2,1,14,1,53,0" doraHai="132" doraHaiUra="96" who="0" fromWho="2" sc="180,101,307,0,397,-61,76,0" /><INIT seed="3,0,0,5,0,40" ten="281,307,336,76" oya="3" hai0="65,22,73,31,96,59,121,53,71,88,113,75,118" hai1="92,97,17,55,83,42,116,49,98,39,38,129,111" hai2="44,72,93,36,24,69,64,23,126,85,9,106,46" hai3="43,115,52,76,1,74,112,108,68,122,82,105,33"/><W99/><G122/><T25/><D118/><U8/><E116/><V51/><F106/><W21/><G33/><T29/><D121/><U5/><E111/><V133/><F72/><W63/><G108/><T89/><D113/><U58/><E129/><V3/><F126/><W4/><G43/><T14/><D31/><U12/><E83/><V6/><F133/><W26/><G4/><T11/><D71/><U77/><E77/><V94/><F36/><W61/><G1/><T128/><D65/><U7/><E97/><V130/><F130/><W56/><G68/><T0/><D0/><U124/><E124/><V45/><F51/><W13/><G13/><T79/><D128/><U110/><E110/><V32/><F32/><W60/><G105/><T123/><D123/><U81/><E81/><V80/><F64/><W35/><G99/><T102/><D79/><U109/><E109/><V117/><F69/><W120/><G35/><T114/><D114/><U10/><E42/><V57/><F57/><W20/><G20/><T34/><D34/><U84/><E84/><V87/><F87/><W107/><G107/><T67/><D67/><U15/><REACH who="1" step="1"/><E17/><REACH who="1" ten="281,297,336,76" step="2"/><V132/><F117/><W2/><G120/><T119/><D119/><U90/><AGARI ba="0,1" hai="5,7,8,10,12,15,38,39,49,55,58,90,92,98" machi="90" ten="20,8000,1" yaku="1,1,2,1,0,1,7,1,9,1,53,0" doraHai="40" doraHaiUra="16" who="1" fromWho="1" sc="281,-20,297,90,336,-20,76,-40" owari="261,-13.9,387,48.7,316,11.6,36,-46.4" /></mjloggm>