<mjloggm ver="2.3"><GO type="225" lobby="0"/><UN n0="%E3%83%81%E3%83%83%E3%82%BF%E3%82%BD%E3%83%BC" n1="%E3%81%95%E3%81%8D%E3%81%9F%E3%81%BE%E6%9E%97%E6%AA%8E" n2="%E3%81%AE%E3%81%AA%E3%82%81%E3%83%BC%E3%82%93" n3="%E5%B8%86%E7%AB%8B%E5%A4%8F%E8%A1%A3" dan="17,16,16,16" rate="2200.80,2092.03,2095.34,2185.97" sx="F,M,M,M"/><TAIKYOKU oya="0"/><INIT seed="0,0,0,5,2,110" ten="250,250,250,250" oya="0" hai0="11,25,60,125,82,107,46,78,2,41,31,73,64" hai1="89,87,1,13,44,66,49,118,16,93,38,12,80" hai2="40,112,51,43,90,103,119,63,77,3,104,105,122" hai3="32,126,120,69,55,5,108,71,86,59,20,0,134"/><T36/><D125/><U121/><E118/><V115/><F119/><W127/><G32/><T22/><D107/><N who="2" m="41034" /><F122/><W102/><G108/><T84/><D84/><U106/><E1/><V42/><F3/><W68/><G120/><T133/><D133/><U27/><E106/><V132/><F103/><W58/><G102/><T135/><D135/><U21/><E38/><V37/><F37/><W35/><G35/><T6/><REACH who="0" step="1"/><D60/><REACH who="0" ten="240,250,250,250" step="2"/><U99/><E121/><V30/><F63/><W57/><G134/><T48/><D48/><U96/><E96/><V26/><F51/><W109/><G109/><T85/><D85/><U56/><E56/><V116/><F132/><W129/><G86/><T88/><D88/><N who="1" m="51303" /><E66/><AGARI ba="0,1" hai="2,6,11,22,25,31,36,41,46,64,66,73,78,82" machi="66" ten="40,7700,0" yaku="1,1,25,2,53,0" doraHai="110" doraHaiUra="92" who="0" fromWho="1" sc="240,87,250,-77,250,0,250,0" /><INIT seed="0,1,0,2,1,9" ten="327,173,250,250" oya="0" hai0="122,126,3,112,54,47,79,85,135,121,30,128,103" hai1="108,52,74,83,109,36,120,35,62,17,18,70,105" hai2="7,72,86,76,132,95,23,89,125,25,43,0,31" hai3="40,98,61,63,8,91,4,26,68,1,75,110,12"/><T49/><D126/><U80/><E120/><V87/><F125/><W10/><G75/><T39/><D128/><U102/><E35/><V118/><F132/><W5/><G110/><N who="1" m="42602" /><E36/><V116/><F43/><W45/><G68/><T11/><D135/><U48/><E105/><V14/><F0/><W134/><G134/><T99/><D112/><U94/><E74/><V53/><F53/><W51/><G91/><T107/><D39/><U113/><E113/><V55/><F55/><W123/><G123/><T20/><D85/><U127/><E127/><V106/><F106/><W56/><G98/><T24/><REACH who="0" step="1"/><D79/><REACH who="0" ten="317,173,250,250" step="2"/><U129/><E129/><V90/><F72/><W58/><REACH who="3" step="1"/><G26/><REACH who="3" ten="317,173,250,240" step="2"/><T92/><D92/><U73/><E94/><V130/><F130/><W78/><G78/><T84/><D84/><U46/><E73/><V32/><F76/><W69/><G69/><T131/><D131/><U133/><E133/><V81/><F87/><W117/><G117/><T82/><D82/><N who="1" m="31275" /><E102/><V101/><F101/><W114/><G114/><T104/><D104/><U66/><AGARI ba="1,2" hai="17,18,46,48,52,62,66,70" m="31275,42602" machi="66" ten="30,2000,0" yaku="14,1,54,1" doraHai="9" who="1" fromWho="1" sc="317,-11,173,43,250,-6,240,-6" /><INIT seed="1,0,0,4,0,44" ten="306,216,244,234" oya="1" hai0="93,91,7,108,66,84,51,59,28,133,104,27,115" hai1="53,1,41,122,111,32,106,9,19,2,125,99,124" hai2="58,94,52,36,5,35,21,65,50,15,12,74,128" hai3="4,25,114,88,81,116,130,30,63,89,16,49,103"/><U96/><E122/><V6/><F74/><W101/><G114/><T39/><D108/><U110/><E32/><V135/><F35/><W134/><G134/><T121/><D133/><U47/><E53/><V98/><F36/><W112/><G112/><T118/><D115/><U56/><E56/><N who="2" m="32791" /><F135/><W8/><G130/><T79/><D39/><U117/><E117/><V80/><F80/><W83/><G116/><T109/><D104/><U127/><E19/><N who="2" m="10471" /><F15/><N who="3" m="7271" /><G63/><T23/><D109/><N who="1" m="41483" /><E106/><V48/><F128/><W46/><G4/><T77/><D118/><U57/><E57/><V17/><F17/><W75/><G75/><T14/><D121/><U34/><E34/><V87/><F87/><N who="3" m="50287" /><G83/><T67/><D66/><U71/><E71/><V90/><F65/><W76/><G76/><T132/><D67/><U69/><E69/><V0/><F0/><N who="1" m="105" /><E9/><V68/><F68/><W64/><G64/><T22/><D132/><U33/><E33/><V129/><F129/><W123/><G123/><T95/><D23/><U29/><E29/><V119/><F119/><W37/><G30/><T126/><D28/><U60/><E60/><V97/><F5/><W70/><G70/><T78/><D7/><U85/><E85/><N who="2" m="52559" /><F6/><W40/><G25/><T45/><D27/><U105/><E105/><V54/><AGARI ba="0,0" hai="48,54,58,97,98" m="52559,10471,32791" machi="54" ten="30,8000,1" yaku="25,1,8,1,52,2,54,1" doraHai="44" who="2" fromWho="2" sc="306,-20,216,-40,244,80,234,-20" /><INIT seed="2,0,0,5,4,30" ten="286,176,324,214" oya="2" hai0="105,32,36,73,25,3,125,72,70,113,41,22,100" hai1="19,24,63,5,115,106,45,135,68,107,27,95,52" hai2="88,26,44,35,59,114,39,64,99,122,76,34,133" hai3="20,4,15,108,130,123,13,90,1,85,120,126,128"/><V92/><F114/><W29/><G85/><T40/><D113/><U2/><E115/><V121/><F133/><W78/><G78/><T12/><D3/><U10/><E135/><V18/><F76/><W116/><G90/><T79/><D79/><U11/><E68/><V67/><F122/><N who="3" m="46635" /><G116/><T31/><D70/><U97/><E27/><V94/><F121/><W111/><G126/><T104/><D125/><U43/><E43/><V33/><F59/><W47/><G47/><T50/><D50/><U96/><E96/><V82/><F82/><W58/><G58/><T84/><D40/><U8/><E8/><V66/><F44/><W86/><G86/><T112/><D84/><U83/><E83/><V21/><REACH who="2" step="1"/><F94/><REACH who="2" ten="286,176,314,214" step="2"/><W110/><G1/><T28/><D112/><U93/><E93/><V89/><F89/><W60/><G60/><T53/><D73/><U131/><E95/><V6/><F6/><W16/><G29/><T57/><D28/><U102/><E2/><V0/><F0/><W74/><G74/><T14/><D72/><U103/><E107/><V87/><F87/><W132/><G132/><T98/><D105/><U38/><E106/><V56/><F56/><W119/><G119/><T37/><D104/><U71/><E5/><V91/><F91/><W75/><G75/><T55/><D57/><N who="1" m="35239" /><E71/><V42/><F42/><W117/><G117/><T7/><D41/><U17/><E45/><V51/><F51/><W134/><G134/><T77/><D7/><U54/><E103/><V101/><F101/><W49/><G49/><T61/><D100/><U81/><E102/><RYUUKYOKU ba="0,1" sc="286,-15,176,-15,314,15,214,15" hai2="18,21,26,33,34,35,39,64,66,67,88,92,99" hai3="4,13,15,16,20,108,110,111,128,130" /><INIT seed="2,1,1,2,2,81" ten="271,161,329,229" oya="2" hai0="9,88,64,16,116,101,13,127,128,121,19,12,3" hai1="26,112,1,131,5,78,62,96,129,30,87,102,43" hai2="94,125,46,44,51,123,2,20,104,18,82,58,40" hai3="7,61,93,15,29,126,89,113,74,76,132,90,111"/><V36/><F123/><W130/><G29/><T27/><D121/><U92/><E112/><V77/><F104/><W35/><G35/><T59/><D128/><N who="1" m="49227" /><E43/><V23/><F125/><W11/><G130/><T85/><D127/><U122/><E122/><V6/><F94/><W22/><G126/><T42/><D3/><U17/><E17/><V71/><F58/><W105/><G105/><T14/><D42/><U65/><E1/><V41/><F71/><W60/><G111/><T21/><D101/><U72/><E72/><N who="2" m="43303" /><F18/><W57/><G132/><T109/><D109/><U37/><E37/><V119/><F119/><W70/><G113/><T84/><D84/><U106/><E5/><V45/><F45/><W115/><G115/><T55/><D64/><U80/><E106/><V68/><F68/><W91/><G70/><T75/><D75/><U99/><E99/><V97/><F97/><W67/><G74/><T118/><D116/><U120/><E120/><V134/><F134/><W117/><G117/><T10/><D10/><AGARI ba="1,1" hai="2,6,10,20,23,36,40,41,44,46,51" m="43303" machi="10" ten="30,1500,0" yaku="25,1" doraHai="81" who="2" fromWho="0" sc="271,-18,161,0,329,28,229,0" /><INIT seed="2,2,0,4,4,107" ten="253,161,357,229" oya="2" hai0="134,2,55,20,9,109,33,65,0,34,87,64,101" hai1="45,15,60,135,40,11,95,90,117,128,122,81,96" hai2="10,25,127,116,133,92,13,22,44,58,32,83,16" hai3="85,48,104,106,114,82,26,35,8,99,79,100,73"/><V57/><F116/><W97/><G8/><T52/><D109/><U69/><E117/><V110/><F110/><W47/><G114/><T1/><D101/><U66/><E135/><V102/><F127/><W7/><G7/><T31/><D9/><U129/><E122/><V125/><F125/><W19/><G99/><T17/><D87/><U51/><REACH who="1" step="1"/><E81/><REACH who="1" ten="253,151,357,229" step="2"/><V63/><F83/><W46/><G82/><T124/><D134/><U6/><AGARI ba="2,1" hai="6,11,15,40,45,51,60,66,69,90,95,96,128,129" machi="6" ten="30,7900,0" yaku="1,1,2,1,0,1,53,1" doraHai="107" doraHaiUra="41" who="1" fromWho="1" sc="253,-22,151,95,357,-41,229,-22" /><INIT seed="3,0,0,1,3,34" ten="231,246,316,207" oya="3" hai0="7,46,117,116,18,66,14,80,109,119,83,96,12" hai1="31,60,73,99,5,41,74,124,123,70,85,26,36" hai2="101,71,37,52,58,100,122,86,121,50,134,69,76" hai3="84,1,129,27,110,81,11,133,44,22,128,65,98"/><W104/><G65/><T57/><D109/><U112/><E123/><N who="2" m="47115" /><F37/><W88/><G133/><T30/><D30/><U51/><E51/><V111/><F111/><W77/><G110/><T90/><D46/><N who="1" m="23847" /><E124/><V68/><F134/><W19/><G44/><T127/><D127/><U15/><E15/><V103/><F86/><W118/><G118/><T17/><D7/><U115/><E85/><V23/><F23/><W132/><G132/><T49/><D96/><U4/><E4/><V0/><F0/><W113/><G113/><T29/><D29/><U35/><E99/><V130/><F76/><W75/><G11/><T9/><D90/><U6/><E6/><V42/><F42/><W126/><G1/><T93/><D93/><U108/><E5/><V53/><F53/><W25/><G25/><T21/><D49/><U62/><E62/><V79/><F79/><W125/><G125/><T59/><REACH who="0" step="1"/><D66/><REACH who="0" ten="221,246,316,207" step="2"/><N who="1" m="41287" /><E108/><V72/><F130/><N who="3" m="50283" /><G126/><T47/><D47/><U91/><E91/><V64/><F64/><W2/><G2/><T48/><D48/><U10/><E10/><V102/><N who="2" m="25600" /><DORA hai="106" /><V8/><F8/><W16/><G104/><T87/><D87/><U97/><E97/><V135/><F135/><W54/><G98/><T78/><D78/><U95/><E95/><V13/><F50/><W28/><G54/><T3/><D3/><U55/><E55/><V120/><F52/><W39/><G39/><T32/><D32/><U24/><E24/><V131/><F131/><W20/><G20/><T61/><D61/><U107/><E107/><V94/><N who="2" m="47123" /><V45/><DORA hai="63" /><F94/><AGARI ba="0,1" hai="16,19,22,27,28,75,77,81,84,88,94" m="50283" machi="94" ten="30,12000,1" yaku="6,1,19,1,52,1,54,2" doraHai="34,106,63" who="3" fromWho="2" sc="221,0,246,0,316,-120,207,130" owari="221,-17.9,246,4.6,196,-30.4,337,43.7" /></mjloggm>