<mjloggm ver="2.3"><GO type="225" lobby="0"/><UN n0="%E6%9D%B1%E9%A2%A8%E3%81%AE%E3%81%8D%E3%82%83%E3%81%B7%E3%81%95%E3%82%93" n1="%E5%8F%AF%E5%85%90%E9%82%A3%E7%94%B1%E5%A4%9A" n2="%72%69%6F%75%63%68%61%6E" n3="%E3%82%A2%E3%82%A4%E3%82%B9%E3%83%86%E3%82%A3%E3%83%BC%E3%81%82%E3%81%B9" dan="16,17,17,16" rate="2144.89,2194.13,2219.27,2112.20" sx="M,F,M,M"/><TAIKYOKU oya="0"/><INIT seed="0,0,0,0,0,132" ten="250,250,250,250" oya="0" hai0="105,52,82,2,114,31,34,113,15,16,100,7,108" hai1="69,68,0,54,104,12,33,5,97,40,51,43,17" hai2="83,19,131,30,24,90,46,95,23,22,64,41,85" hai3="47,102,9,89,66,79,62,127,56,45,61,125,18"/><T10/><D100/><U39/><E33/><V109/><F109/><W117/><G117/><T42/><D105/><U14/><E0/><V57/><F131/><W29/><G79/><T130/><D42/><U49/><E39/><V87/><F64/><W135/><G135/><T6/><D82/><U119/><E119/><V48/><F57/><W20/><G102/><T28/><D130/><U103/><E5/><N who="0" m="1545" /><D52/><U101/><E17/><V123/><F123/><W124/><G89/><T26/><D2/><U91/><E91/><V4/><F4/><W111/><G111/><T67/><D67/><U133/><E133/><V126/><F126/><W96/><G96/><T92/><D92/><U99/><E54/><V35/><REACH who="2" step="1"/><F19/><REACH who="2" ten="250,250,240,250" step="2"/><W70/><G29/><N who="0" m="19767" /><D108/><U58/><E104/><V86/><F86/><W59/><G9/><T129/><D129/><U60/><E60/><V53/><F53/><N who="3" m="33935" /><G59/><AGARI ba="0,1" hai="12,14,40,43,49,51,58,59,68,69,97,99,101,103" machi="59" ten="25,1600,0" yaku="22,2" doraHai="132" who="1" fromWho="3" sc="250,0,250,26,240,0,250,-16" /><INIT seed="1,0,0,3,4,35" ten="250,276,240,234" oya="1" hai0="13,14,50,89,106,105,15,127,34,18,0,40,54" hai1="101,61,36,49,78,17,75,72,109,68,33,74,24" hai2="3,69,131,56,110,104,112,117,98,46,45,95,79" hai3="27,66,59,37,52,119,132,77,103,5,84,4,116"/><U23/><E36/><V115/><F117/><N who="3" m="45131" /><G37/><T28/><D40/><U129/><E129/><V10/><F69/><W114/><G114/><N who="2" m="43561" /><F104/><W38/><G38/><T42/><D42/><U122/><E122/><V58/><F110/><W80/><G132/><T70/><D70/><U41/><E109/><V93/><F131/><W71/><G103/><T62/><D62/><U133/><E133/><V19/><F79/><W22/><G66/><T51/><D18/><U7/><E33/><V48/><F19/><N who="3" m="12767" /><G71/><T2/><D89/><U86/><E101/><N who="2" m="60623" /><F95/><W91/><G77/><T57/><D50/><AGARI ba="0,0" hai="4,5,50,52,59,80,84,91" m="12767,45131" machi="50" ten="30,2000,0" yaku="12,1,54,1" doraHai="35" who="3" fromWho="0" sc="250,-20,276,0,240,0,234,20" /><INIT seed="2,0,0,1,3,103" ten="230,276,240,254" oya="2" hai0="96,106,124,70,59,135,50,42,24,54,83,117,23" hai1="127,121,82,8,77,2,81,14,130,40,87,53,64" hai2="13,34,111,101,16,5,49,74,129,46,97,99,9" hai3="88,61,78,94,56,95,38,60,128,32,11,119,67"/><V45/><F129/><W19/><G128/><T71/><D124/><U118/><E130/><V37/><F34/><W48/><G38/><T17/><D135/><U31/><E118/><V109/><F74/><W6/><G32/><T84/><D117/><U3/><E127/><V28/><F28/><W92/><G78/><T134/><D134/><U57/><E121/><V15/><F37/><W68/><G48/><T51/><D51/><U114/><E114/><V44/><F49/><W30/><G30/><T26/><D26/><U86/><E31/><V120/><F120/><W63/><G19/><T39/><D42/><U76/><E64/><V89/><F89/><W20/><G20/><T12/><D24/><U47/><E47/><V116/><F116/><W52/><G63/><T62/><D62/><U102/><E40/><V100/><F100/><W66/><G66/><T132/><D39/><U29/><E29/><V91/><F91/><W98/><REACH who="3" step="1"/><G119/><REACH who="3" ten="230,276,240,244" step="2"/><T4/><D132/><U110/><E76/><V131/><F131/><W115/><G115/><T21/><D21/><U33/><E77/><V113/><F113/><W69/><G69/><T85/><D4/><U133/><E33/><V18/><F5/><W75/><G75/><T112/><D112/><U90/><E133/><V10/><REACH who="2" step="1"/><F101/><REACH who="2" ten="230,276,230,244" step="2"/><W108/><G108/><AGARI ba="0,2" hai="9,10,13,15,16,18,44,45,46,97,99,108,109,111" machi="108" ten="40,18000,2" yaku="1,1,2,1,9,1,14,1,10,1,54,1,53,0" doraHai="103" doraHaiUra="25" who="2" fromWho="3" sc="230,0,276,0,230,200,244,-180" /><INIT seed="2,1,0,3,5,38" ten="230,276,430,64" oya="2" hai0="56,74,49,67,53,55,52,86,96,12,121,117,64" hai1="123,10,8,6,31,66,130,60,94,83,1,116,25" hai2="59,79,65,88,22,28,100,105,13,7,30,41,85" hai3="23,17,72,81,20,19,98,129,51,106,68,71,58"/><V43/><F79/><W133/><G133/><T46/><D74/><U27/><E116/><V125/><F125/><W122/><G129/><T15/><D121/><U78/><E130/><V61/><F100/><W69/><G122/><T108/><D108/><U104/><E123/><V89/><F105/><W107/><G72/><T119/><D86/><U124/><E124/><V134/><F134/><W135/><G135/><T113/><D96/><U16/><E104/><V11/><F89/><W82/><G58/><T9/><D113/><U32/><E94/><N who="2" m="54543" /><F28/><W91/><G51/><T110/><D110/><U37/><E37/><V36/><F36/><W44/><G44/><T90/><D90/><U42/><E42/><N who="2" m="15883" /><F30/><W3/><G91/><T84/><D84/><U97/><E97/><V132/><F132/><W103/><G3/><T118/><D118/><U95/><E31/><V57/><F59/><W101/><G71/><T5/><D56/><N who="1" m="37127" /><E32/><V62/><F61/><W114/><REACH who="3" step="1"/><G98/><REACH who="3" ten="230,276,430,54" step="2"/><T115/><D119/><U0/><E0/><V99/><F99/><W50/><G50/><T126/><D49/><U112/><E1/><V127/><F127/><W39/><G39/><T77/><D126/><U93/><E78/><V47/><F47/><W26/><G26/><T70/><D70/><U21/><E27/><V40/><N who="2" m="15891" /><V18/><DORA hai="75" /><F57/><W4/><G4/><T92/><D46/><U76/><E6/><V48/><F48/><W29/><G29/><T87/><D115/><AGARI ba="1,1" hai="17,19,20,23,68,69,81,82,101,103,106,107,114,115" machi="115" ten="25,3200,0" yaku="1,1,22,2,53,0" doraHai="38,75" doraHaiUra="2,35" who="3" fromWho="0" sc="230,-35,276,0,430,0,54,45" /><INIT seed="3,0,0,4,4,36" ten="195,276,430,99" oya="3" hai0="64,122,1,74,61,121,8,27,43,71,15,35,40" hai1="47,37,11,46,83,65,72,85,126,2,89,82,48" hai2="50,95,84,93,130,110,116,24,128,60,54,123,6" hai3="102,120,16,70,39,10,20,7,96,125,44,97,104"/><W118/><G120/><T80/><D1/><U41/><E126/><V3/><F116/><W49/><G118/><T53/><D53/><U68/><E65/><V103/><F110/><W59/><G125/><T4/><D121/><U73/><E68/><V69/><F123/><W34/><G70/><T86/><D74/><U30/><E30/><V91/><F24/><W87/><G34/><T29/><REACH who="0" step="1"/><D122/><REACH who="0" ten="185,276,430,99" step="2"/><U19/><E2/><V33/><F3/><W76/><G97/><T55/><D55/><U94/><E73/><V28/><F69/><W117/><G117/><T79/><AGARI ba="0,1" hai="4,8,15,27,29,35,40,43,61,64,71,79,80,86" machi="79" ten="20,8000,1" yaku="1,1,0,1,7,1,52,2,53,0" doraHai="36" doraHaiUra="112" who="0" fromWho="0" sc="185,90,276,-20,430,-20,99,-40" owari="275,7.5,256,-14.4,410,51.0,59,-44.1" /></mjloggm>