<mjloggm ver="2.3"><GO type="225" lobby="0"/><UN n0="%E3%81%82%E3%81%99%E3%81%AB%E3%82%83%E3%82%80" n1="%E3%82%BC%E3%83%AB%E3%83%80%E3%81%AE%E4%BC%9D%E8%AA%AC" n2="%72%69%6F%75%63%68%61%6E" n3="%E3%83%A9%E3%83%BC%E3%83%A1%E3%83%B3%E4%BA%94%E9%83%8E" dan="16,17,16,16" rate="2108.99,2176.90,2154.76,2090.95" sx="F,M,M,M"/><TAIKYOKU oya="0"/><INIT seed="0,0,0,4,0,8" ten="250,250,250,250" oya="0" hai0="61,70,101,91,58,64,7,113,50,38,5,117,83" hai1="108,98,62,120,87,77,100,92,29,36,57,2,128" hai2="4,22,40,106,103,17,97,104,42,81,34,131,130" hai3="1,56,46,65,99,19,123,105,135,63,54,51,82"/><T16/><D38/><U0/><E120/><V134/><F34/><W25/><G135/><T52/><D113/><U35/><E36/><V126/><F134/><W78/><G123/><T85/><D117/><U93/><E108/><V39/><F126/><W74/><G1/><T41/><D41/><U11/><E128/><N who="2" m="49195" /><F4/><W121/><G121/><T20/><REACH who="0" step="1"/><D101/><REACH who="0" ten="240,250,250,250" step="2"/><U44/><E100/><N who="2" m="62479" /><F39/><W13/><G105/><T67/><D67/><U32/><E32/><V75/><F103/><W96/><REACH who="3" step="1"/><G25/><AGARI ba="0,1" hai="5,7,16,20,25,50,52,58,61,64,70,83,85,91" machi="25" ten="30,11600,0" yaku="1,1,7,1,54,2,53,0" doraHai="8" doraHaiUra="89" who="0" fromWho="3" sc="240,126,250,0,250,0,250,-116" /><INIT seed="0,1,0,0,4,19" ten="366,250,250,134" oya="0" hai0="52,25,1,51,34,14,96,100,86,13,41,27,36" hai1="81,65,37,6,38,18,66,110,116,31,79,35,135" hai2="76,106,109,103,24,97,5,46,68,45,23,124,0" hai3="118,77,9,92,126,2,58,29,85,30,121,101,127"/><T56/><D1/><U57/><E116/><V42/><F68/><W125/><G118/><T63/><D36/><U98/><E110/><V17/><F109/><W32/><G121/><T111/><D111/><U67/><E6/><V88/><F124/><W70/><G70/><T83/><D34/><U130/><E135/><V80/><F88/><N who="3" m="53263" /><G77/><T82/><D14/><U15/><E130/><V74/><REACH who="2" step="1"/><F42/><REACH who="2" ten="366,250,240,134" step="2"/><W22/><G101/><T64/><D41/><U93/><E79/><V4/><F4/><N who="3" m="1175" /><G32/><T47/><D100/><U20/><E35/><V48/><F48/><W59/><G30/><T117/><D117/><U72/><E31/><V95/><F95/><W129/><G129/><T114/><D83/><U104/><E93/><V99/><F99/><W107/><G107/><T91/><D96/><U131/><E131/><V12/><F12/><W8/><G8/><AGARI ba="1,1" hai="0,5,8,17,23,24,45,46,74,76,80,97,103,106" machi="8" ten="40,2600,0" yaku="1,1,52,1,53,0" doraHai="19" doraHaiUra="90" who="2" fromWho="3" sc="366,0,250,0,240,39,134,-29" /><INIT seed="1,0,0,0,3,119" ten="366,250,279,105" oya="1" hai0="16,25,109,122,106,71,104,10,8,69,131,61,52" hai1="130,97,76,86,19,81,95,36,50,22,9,115,120" hai2="93,135,46,74,72,32,45,99,53,7,44,85,129" hai3="18,12,55,132,65,24,40,13,39,112,49,21,116"/><U90/><E130/><V15/><F32/><W66/><G132/><T79/><D109/><U114/><E36/><V113/><F135/><W11/><G112/><T51/><D131/><U57/><E120/><V105/><F129/><W35/><G116/><T14/><D79/><U75/><E9/><N who="2" m="4543" /><F105/><W92/><G35/><T101/><D8/><U58/><E75/><V59/><F113/><W47/><G92/><T29/><D122/><U124/><E124/><V0/><F0/><W83/><G83/><T68/><D61/><U64/><E58/><V118/><F72/><W63/><G13/><T89/><D89/><U42/><E64/><V78/><F74/><W87/><G87/><T80/><D80/><U98/><E98/><V103/><F118/><W134/><G134/><T20/><REACH who="0" step="1"/><D101/><REACH who="0" ten="356,250,279,105" step="2"/><U28/><E115/><V2/><F78/><W30/><REACH who="3" step="1"/><G63/><REACH who="3" ten="356,250,279,95" step="2"/><T33/><D33/><U111/><E114/><V4/><F2/><W38/><G38/><T102/><D102/><U3/><E3/><V125/><F103/><W91/><G91/><T133/><D133/><U128/><E90/><V126/><F125/><W67/><G67/><T1/><D1/><U127/><E127/><V62/><F126/><W73/><G73/><T70/><N who="0" m="17408" /><DORA hai="27" /><T84/><D84/><U107/><E86/><V6/><F85/><W17/><G17/><T5/><D5/><U108/><E19/><V56/><F4/><W23/><G23/><T34/><D34/><U82/><E22/><V77/><F6/><W60/><G60/><T41/><D41/><U88/><E42/><V121/><F121/><RYUUKYOKU ba="0,2" sc="356,15,250,-15,279,-15,95,15" hai0="10,14,16,20,25,29,51,52,104,106" hai3="11,12,18,21,24,30,39,40,47,49,55,65,66" /><INIT seed="2,1,2,5,4,90" ten="371,235,264,110" oya="2" hai0="93,39,92,40,25,19,54,103,113,27,18,100,121" hai1="91,53,118,61,9,17,13,68,23,79,37,62,88" hai2="15,81,111,11,83,123,132,75,76,82,59,26,120" hai3="66,41,32,110,117,10,115,5,133,124,98,51,52"/><V65/><F132/><W127/><G117/><T33/><D113/><U70/><E118/><V116/><F116/><W63/><G133/><T22/><D121/><U114/><E114/><V130/><F130/><W58/><G115/><T46/><D54/><U30/><E37/><V134/><F134/><W84/><G32/><T16/><D33/><U74/><E74/><V89/><F111/><W105/><G110/><T131/><D131/><U94/><E79/><V69/><F69/><W126/><G41/><T24/><REACH who="0" step="1"/><D22/><REACH who="0" ten="361,235,264,110" step="2"/><U129/><E53/><V99/><F123/><W34/><G34/><T3/><D3/><U6/><E129/><V119/><F120/><W42/><G42/><T29/><D29/><U1/><E30/><V28/><F119/><W77/><G126/><T2/><D2/><U104/><E23/><V101/><F65/><W12/><G124/><T36/><D36/><U8/><E1/><V80/><F76/><W87/><G127/><T125/><D125/><U72/><E9/><V44/><F75/><W78/><G78/><T109/><D109/><U57/><E8/><V4/><F44/><W55/><G77/><T60/><D60/><U21/><E62/><V73/><F73/><W107/><G55/><T71/><D71/><U64/><E72/><V47/><F47/><W97/><G66/><T108/><D108/><U48/><E70/><V112/><F112/><W67/><G67/><T35/><D35/><U43/><E68/><V0/><F0/><W106/><REACH who="3" step="1"/><G63/><REACH who="3" ten="361,235,264,100" step="2"/><T49/><D49/><U7/><E48/><V14/><N who="2" m="20480" /><DORA hai="128" /><V50/><F50/><RYUUKYOKU ba="1,4" sc="361,15,235,-15,264,-15,100,15" hai0="16,18,19,24,25,27,39,40,46,92,93,100,103" hai3="5,10,12,51,52,58,84,87,97,98,105,106,107" /><INIT seed="3,2,4,1,1,114" ten="376,220,249,115" oya="3" hai0="21,113,127,130,66,74,11,34,100,118,105,115,57" hai1="123,75,109,95,72,61,108,77,128,60,3,71,59" hai2="46,0,82,12,58,25,68,37,83,7,41,19,110" hai3="116,99,54,62,125,56,134,18,24,52,36,88,131"/><W6/><G116/><T94/><D118/><U107/><E123/><V1/><F68/><W79/><G36/><T119/><D34/><U8/><E107/><V39/><F37/><W135/><G131/><T84/><D74/><U33/><E128/><V29/><F110/><N who="1" m="42601" /><E33/><N who="2" m="20655" /><F58/><N who="3" m="35143" /><G125/><T35/><D57/><U129/><E129/><V40/><F41/><W78/><G6/><T132/><D21/><U90/><E71/><V51/><F39/><W121/><G121/><T124/><D94/><U9/><E61/><V73/><F0/><W55/><G55/><T27/><D66/><N who="1" m="39199" /><E77/><V15/><F12/><W80/><G18/><T112/><D84/><N who="1" m="52679" /><E9/><N who="2" m="2287" /><F73/><W2/><G2/><T103/><D27/><U85/><E85/><V106/><F106/><W5/><G24/><T17/><D17/><U70/><E70/><V111/><F111/><W42/><G5/><AGARI ba="2,4" hai="3,5,8,72,75" m="52679,39199,42601" machi="5" ten="30,1000,0" yaku="14,1" doraHai="114" who="1" fromWho="3" sc="376,0,220,56,249,0,115,-16" owari="376,47.6,276,7.6,249,-15.1,99,-40.1" /></mjloggm>