<mjloggm ver="2.3"><GO type="225" lobby="0"/><UN n0="%E3%81%A8%E3%82%93%E3%81%A8%E3%81%93%E3%81%A8%E3%82%93" n1="%E5%B0%8F%E9%B3%A5%E9%81%8A%E7%B7%B4%E7%84%A1%32%31%E6%AD%B3" n2="%E7%99%BD%E9%9B%AA%E4%B9%83%E6%84%9B" n3="%E6%B4%BE%E9%81%A3%E3%81%AE%E3%82%B8%E3%83%A3%E3%83%83%E3%82%AF" dan="16,16,16,17" rate="2130.64,2177.39,2095.77,2185.74" sx="F,F,F,M"/><TAIKYOKU oya="0"/><INIT seed="0,0,0,1,0,23" ten="250,250,250,250" oya="0" hai0="101,126,102,118,121,106,19,5,63,43,28,4,60" hai1="124,122,70,12,52,8,57,26,50,91,62,95,3" hai2="55,21,125,73,81,120,33,111,61,51,104,29,99" hai3="6,0,53,1,85,30,18,32,39,90,13,119,134"/><T48/><D118/><U47/><E124/><V133/><F120/><W15/><G39/><T20/><D121/><U98/><E3/><V58/><F33/><W89/><G119/><T67/><D28/><U112/><E122/><V115/><F115/><W128/><G134/><T123/><D106/><U66/><E112/><V49/><F111/><W117/><G117/><T109/><D109/><U92/><E92/><V22/><F125/><W132/><G132/><T105/><D105/><U88/><E26/><V56/><F133/><W24/><G128/><T131/><D131/><U64/><E70/><V54/><F61/><N who="0" m="23626" /><D67/><U87/><E87/><V69/><F69/><W31/><G53/><T44/><D126/><U41/><REACH who="1" step="1"/><E91/><REACH who="1" ten="250,240,250,250" step="2"/><V103/><REACH who="2" step="1"/><F29/><REACH who="2" ten="250,240,240,250" step="2"/><W110/><G31/><T9/><D123/><U2/><E2/><V68/><F68/><W25/><G30/><T130/><D130/><U35/><E35/><V97/><F97/><W27/><G32/><T108/><D108/><U7/><AGARI ba="0,2" hai="7,8,12,41,47,50,52,57,62,64,66,88,95,98" machi="7" ten="20,12000,2" yaku="1,1,0,1,7,1,8,1,54,2,53,1" doraHai="23" doraHaiUra="37" who="1" fromWho="1" sc="250,-60,240,140,240,-30,250,-30" /><INIT seed="1,0,0,3,3,98" ten="190,380,210,220" oya="1" hai0="24,57,117,40,89,69,31,77,100,106,131,86,107" hai1="34,134,110,41,96,84,66,36,29,17,32,133,101" hai2="78,104,4,64,87,6,18,35,68,128,118,2,51" hai3="83,38,116,14,13,72,67,16,50,82,109,75,30"/><U44/><E66/><V21/><F118/><W9/><G38/><T65/><D117/><U1/><E1/><V130/><F35/><W80/><G116/><T70/><D131/><N who="2" m="50218" /><F104/><W97/><G109/><T81/><D40/><U105/><E110/><V127/><F127/><W12/><G30/><T94/><D57/><U59/><E59/><V112/><F112/><W114/><G114/><T8/><D8/><U74/><E74/><V48/><F2/><W3/><G3/><T55/><D55/><U111/><E111/><V93/><F64/><W20/><G67/><T53/><D53/><U63/><E63/><V73/><F73/><W124/><G124/><T115/><D115/><U79/><E17/><V10/><F68/><W52/><G97/><T62/><D70/><U119/><E119/><V71/><F71/><W122/><G122/><T27/><D100/><U135/><E29/><V28/><F28/><W125/><G125/><T121/><D121/><U19/><E19/><V26/><F10/><W102/><G102/><T49/><D49/><N who="2" m="19018" /><F93/><W33/><G33/><N who="1" m="12906" /><E84/><V126/><F126/><W11/><G72/><T90/><D31/><U88/><E79/><V22/><F22/><W45/><G75/><N who="0" m="43199" /><D90/><AGARI ba="0,0" hai="36,41,44,88,90,96,101,105,133,134,135" m="12906" machi="90" ten="40,7700,0" yaku="20,1,52,1,54,1" doraHai="98" who="1" fromWho="0" sc="190,-77,380,77,210,0,220,0" /><INIT seed="1,1,0,0,3,8" ten="113,457,210,220" oya="1" hai0="116,7,120,122,89,22,51,66,23,37,39,69,119" hai1="36,101,26,105,93,80,25,107,19,81,67,56,27" hai2="30,65,38,110,57,2,121,112,3,48,84,83,133" hai3="33,15,4,35,124,91,29,128,70,31,20,129,21"/><U123/><E36/><N who="0" m="13897" /><D7/><U60/><E123/><N who="0" m="47145" /><D89/><U62/><E19/><V75/><F38/><W28/><G70/><T100/><D100/><U44/><E44/><V68/><F75/><W5/><G91/><T78/><D78/><U92/><E101/><V46/><F68/><W94/><G94/><N who="1" m="36458" /><E56/><V87/><F30/><W109/><G109/><T135/><D135/><U14/><E67/><V131/><F110/><W103/><G103/><T76/><D76/><U58/><E58/><V79/><F133/><W82/><G82/><N who="1" m="31850" /><E14/><V43/><F57/><W127/><G31/><T117/><D51/><U71/><E71/><V10/><F48/><W45/><G45/><T111/><D111/><U52/><E52/><V125/><F46/><W16/><G16/><T132/><D132/><U41/><E41/><V32/><F43/><W114/><G114/><T134/><D134/><U126/><E126/><V85/><F125/><W96/><G96/><T50/><D50/><U0/><E0/><V42/><F112/><W102/><G102/><T130/><D130/><U54/><E54/><V64/><F131/><W24/><G15/><T74/><D74/><U40/><E40/><V118/><F42/><W77/><G77/><T49/><D49/><U34/><E34/><V99/><F32/><W12/><G12/><T47/><D47/><U106/><AGARI ba="1,0" hai="25,26,27,60,62,105,106,107" m="31850,36458" machi="106" ten="40,3900,0" yaku="28,2" doraHai="8" who="1" fromWho="1" sc="113,-14,457,42,210,-14,220,-14" /><INIT seed="1,2,0,4,0,23" ten="99,499,196,206" oya="1" hai0="37,122,9,53,34,5,108,43,4,107,134,94,93" hai1="7,135,29,0,25,40,115,106,68,130,116,90,78" hai2="128,42,64,96,127,49,46,59,13,84,131,71,48" hai3="55,104,117,65,44,19,85,58,125,2,86,1,33"/><U67/><E116/><V32/><F32/><W57/><G104/><T112/><D112/><U120/><E115/><V56/><F84/><W30/><G125/><T63/><D34/><U62/><E130/><N who="2" m="49707" /><F13/><W3/><G117/><T98/><D108/><U69/><E135/><V77/><F96/><W111/><G111/><T38/><D134/><U105/><E120/><V20/><F20/><W21/><G30/><T73/><D73/><U119/><E119/><V95/><F95/><W60/><G33/><T110/><D110/><U17/><E69/><V109/><F77/><W15/><REACH who="3" step="1"/><G44/><REACH who="3" ten="99,499,196,196" step="2"/><T118/><D118/><U72/><E106/><V97/><F109/><W123/><G123/><T81/><D122/><U114/><E105/><V82/><F127/><W61/><AGARI ba="2,1" hai="1,2,3,15,19,21,55,57,58,60,61,65,85,86" machi="61" ten="40,2700,0" yaku="1,1,0,1,53,0" doraHai="23" doraHaiUra="70" who="3" fromWho="3" sc="99,-9,499,-15,196,-9,196,43" /><INIT seed="2,0,0,5,5,79" ten="90,484,187,239" oya="2" hai0="103,48,6,2,70,124,108,86,38,110,97,8,39" hai1="101,46,63,77,126,4,80,31,3,129,115,53,99" hai2="106,105,54,116,19,28,85,96,66,40,82,29,104" hai3="22,0,43,16,65,89,42,130,9,71,84,121,76"/><V131/><F116/><W56/><G121/><T13/><D124/><U15/><E115/><V41/><F131/><W109/><G109/><T117/><D117/><U133/><E126/><V119/><F119/><W68/><G76/><T59/><D70/><U20/><E3/><V36/><F66/><W64/><G130/><T78/><D13/><U95/><E129/><V118/><F118/><W34/><G34/><T58/><D48/><U123/><E133/><V91/><F96/><W132/><G132/><T49/><D49/><U61/><E123/><V21/><F54/><W122/><G122/><T93/><D59/><U14/><E4/><V102/><F102/><W17/><G56/><T35/><D35/><U81/><E77/><V87/><F87/><W98/><G98/><T111/><REACH who="0" step="1"/><D58/><REACH who="0" ten="80,484,187,239" step="2"/><N who="1" m="35023" /><E46/><V10/><F36/><W55/><G68/><T90/><D90/><U72/><E63/><V47/><F47/><W107/><G71/><T5/><D5/><U51/><E51/><V88/><F91/><W100/><G89/><T67/><D67/><U1/><E14/><V25/><F40/><W18/><G43/><T27/><D27/><U12/><E15/><V128/><F41/><W73/><G42/><T74/><D74/><U50/><E12/><V112/><F128/><W32/><G65/><T83/><AGARI ba="0,1" hai="2,6,8,38,39,78,83,86,93,97,103,108,110,111" machi="83" ten="40,8000,1" yaku="1,1,0,1,14,1,52,1,53,0" doraHai="79" doraHaiUra="60" who="0" fromWho="0" sc="80,90,484,-20,187,-40,239,-20" /><INIT seed="3,0,0,1,3,84" ten="170,464,147,219" oya="3" hai0="39,109,119,60,69,128,115,113,116,120,77,99,100" hai1="92,53,134,28,47,121,85,33,126,32,19,70,62" hai2="89,106,132,131,51,13,78,75,57,73,20,91,112" hai3="104,45,67,30,43,129,61,111,35,101,37,65,95"/><W46/><G95/><N who="0" m="58495" /><D120/><U64/><E28/><V21/><F112/><N who="0" m="43082" /><D109/><U40/><E126/><V90/><F106/><W86/><G45/><T55/><D128/><U42/><E134/><V0/><F0/><W34/><G65/><N who="0" m="41127" /><D39/><U127/><E53/><V83/><F132/><W82/><G46/><T133/><D133/><U26/><E40/><V50/><F131/><W81/><G43/><T124/><D124/><U36/><E121/><V105/><F105/><W74/><G104/><T76/><D55/><U88/><E127/><V125/><F125/><W24/><G37/><T98/><D98/><U11/><E26/><V117/><F117/><AGARI ba="0,0" hai="76,77,116,117,119" m="41127,43082,58495" machi="117" ten="30,1000,0" yaku="11,1" doraHai="84" who="0" fromWho="2" sc="170,10,464,0,147,-10,219,0" owari="180,-22.0,464,56.4,137,-36.3,219,1.9" /></mjloggm>