<mjloggm ver="2.3"><GO type="225" lobby="0"/><UN n0="%E3%81%BF%E3%81%BF%E3%81%9A" n1="%72%65%6E%6B%75%6E" n2="%E6%9D%B1%E9%A2%A8%E3%81%AE%E3%81%8D%E3%82%83%E3%81%B7%E3%81%95%E3%82%93" n3="%E6%A1%9C%E8%8A%B1%E9%96%83%E3%80%85" dan="17,17,17,16" rate="2289.18,2222.19,2269.40,2123.72" sx="M,M,M,M"/><TAIKYOKU oya="0"/><INIT seed="0,0,0,2,0,43" ten="250,250,250,250" oya="0" hai0="74,58,118,1,48,108,31,80,51,104,70,61,134" hai1="50,57,56,26,120,93,87,53,54,10,12,116,91" hai2="66,28,27,55,132,90,119,112,47,115,15,89,30" hai3="25,75,117,36,5,71,44,6,85,128,103,102,111"/><T97/><D118/><U14/><E120/><V99/><F119/><W121/><G117/><T9/><D134/><U32/><E116/><V133/><F66/><W34/><G75/><T3/><D31/><N who="2" m="11818" /><F27/><W98/><G71/><T125/><D125/><U81/><E32/><V17/><F99/><W62/><G111/><T35/><D35/><U96/><E26/><V38/><F115/><W20/><G34/><T4/><D108/><U83/><E10/><N who="2" m="6391" /><F112/><W19/><G98/><T72/><D1/><U23/><E23/><V60/><F38/><W105/><G105/><T107/><D70/><U109/><E109/><V39/><F39/><W22/><G22/><T8/><D8/><U33/><E33/><V49/><F60/><W130/><G62/><T63/><D63/><N who="1" m="36239" /><E83/><V73/><F73/><W86/><G121/><T24/><D24/><U92/><E92/><V68/><F68/><W129/><G5/><T18/><D18/><U41/><E41/><V0/><F0/><W69/><G6/><T76/><D74/><U124/><E124/><V131/><F131/><W79/><G69/><T29/><D29/><U59/><E14/><V106/><F106/><W42/><REACH who="3" step="1"/><G79/><REACH who="3" ten="250,250,250,240" step="2"/><N who="0" m="44135" /><D107/><U100/><E12/><V13/><F13/><W67/><G67/><N who="0" m="39351" /><D76/><U123/><E123/><V37/><F37/><W88/><G88/><T46/><D104/><U126/><E126/><V122/><F122/><W114/><G114/><T45/><D97/><U78/><E78/><V21/><F21/><W113/><G113/><T101/><D101/><AGARI ba="0,1" hai="19,20,25,36,42,44,85,86,101,102,103,128,129,130" machi="101" ten="40,5200,0" yaku="1,1,19,1,52,1,53,0" doraHai="43" doraHaiUra="77" who="3" fromWho="0" sc="250,-52,250,0,250,0,240,62" /><INIT seed="1,0,0,4,0,66" ten="198,250,250,302" oya="1" hai0="97,63,30,102,50,16,119,53,118,96,43,0,79" hai1="124,57,134,31,74,83,117,37,35,45,99,115,10" hai2="47,1,33,70,98,100,21,22,84,69,78,123,42" hai3="89,67,91,12,38,86,25,64,125,44,27,6,81"/><U34/><E115/><V76/><F33/><W23/><G125/><T82/><D0/><U51/><E117/><V94/><F1/><W108/><G108/><T77/><D30/><U24/><E124/><V128/><F123/><W9/><G38/><T68/><D43/><U133/><E37/><V93/><F128/><W111/><G111/><T15/><D79/><N who="1" m="44535" /><E57/><V48/><F76/><W2/><G2/><T105/><D97/><U8/><E99/><V29/><F29/><N who="3" m="17599" /><G44/><T3/><D3/><U109/><E35/><V85/><F78/><N who="3" m="46391" /><G27/><T113/><D113/><U88/><E88/><AGARI ba="0,0" hai="6,9,12,64,67,88,89,91" m="46391,17599" machi="88" ten="30,2000,0" yaku="8,1,54,1" doraHai="66" who="3" fromWho="1" sc="198,0,250,-20,250,0,302,20" /><INIT seed="2,0,0,3,0,65" ten="198,230,250,322" oya="2" hai0="53,70,112,31,49,0,64,93,35,126,125,87,14" hai1="51,45,88,20,54,33,123,26,121,107,15,23,102" hai2="50,122,114,36,68,76,1,7,97,134,24,82,5" hai3="63,94,133,30,108,130,9,75,43,135,74,56,17"/><V47/><F122/><N who="1" m="46601" /><E107/><V60/><F114/><W32/><G108/><T8/><D112/><U77/><E77/><V92/><F134/><N who="3" m="51211" /><G130/><T40/><D0/><U4/><E102/><V62/><F24/><N who="3" m="18503" /><G43/><T44/><D31/><N who="1" m="19703" /><E88/><N who="2" m="55431" /><F68/><W119/><G119/><T103/><D35/><U73/><E73/><V105/><F105/><W116/><G116/><T58/><D103/><U91/><E91/><V16/><F36/><W52/><G94/><T46/><D93/><U90/><E90/><V13/><F1/><W22/><G9/><AGARI ba="0,0" hai="4,9,15,20,23,45,51,54" m="19703,46601" machi="9" ten="30,1000,0" yaku="13,1" doraHai="65" who="1" fromWho="3" sc="198,0,230,10,250,0,322,-10" /><INIT seed="3,0,0,5,4,4" ten="198,240,250,312" oya="3" hai0="71,37,30,13,21,48,11,110,27,96,10,119,66" hai1="59,117,129,134,68,101,88,12,40,90,118,29,132" hai2="63,89,23,41,107,125,34,38,25,65,9,80,35" hai3="97,3,20,86,49,92,124,2,67,85,133,16,104"/><W78/><G104/><T127/><D37/><U45/><E68/><V60/><F107/><W54/><G133/><N who="1" m="51306" /><E129/><V57/><F125/><W109/><G124/><T62/><D127/><U98/><E29/><V74/><F63/><W64/><G109/><T84/><D119/><N who="1" m="45579" /><E59/><V22/><F22/><W99/><G2/><T51/><D110/><U93/><E12/><V131/><F131/><W7/><G97/><T116/><D116/><U120/><E120/><V121/><F121/><W79/><G85/><T73/><D73/><U103/><E90/><V87/><F74/><W61/><G3/><T47/><D96/><U122/><E122/><V112/><F38/><AGARI ba="0,0" hai="38,40,45,88,93,98,101,103" m="45579,51306" machi="38" ten="30,3900,0" yaku="20,1,12,1,54,1" doraHai="4" who="1" fromWho="2" sc="198,0,240,39,250,-39,312,0" owari="198,-30.2,279,7.9,211,-18.9,312,41.2" /></mjloggm>