<mjloggm ver="2.3"><GO type="225" lobby="0"/><UN n0="%E5%8D%A0%E3%81%84%E5%B8%AB%E8%A3%8F%E3%81%AA%E3%81%84%E3%81%97" n1="%E3%81%A8%E3%81%82%E3%82%8B%E3%83%A1%E3%83%B3%E3%83%90%E3%83%BC" n2="%E3%81%BF%E3%81%BF%E3%81%9A" n3="%E3%81%99%E3%81%84%E3%81%BE%E3%81%9B%E3%83%BC%E3%82%93" dan="16,16,16,17" rate="2164.12,2092.91,2128.41,2238.20" sx="M,M,M,M"/><TAIKYOKU oya="0"/><INIT seed="0,0,0,3,3,48" ten="250,250,250,250" oya="0" hai0="29,76,71,42,99,0,111,4,97,108,109,45,98" hai1="49,57,18,21,66,135,32,103,91,15,134,50,44" hai2="34,81,133,30,94,55,78,62,56,93,39,37,74" hai3="10,64,52,2,106,73,33,51,129,23,14,47,87"/><T77/><D71/><U17/><E32/><V35/><F133/><N who="1" m="50697" /><E103/><V124/><F124/><W88/><G73/><T86/><D29/><U25/><E91/><V118/><F118/><W100/><G129/><T11/><REACH who="0" step="1"/><D86/><REACH who="0" ten="240,250,250,250" step="2"/><U36/><E36/><AGARI ba="0,1" hai="0,4,11,36,42,45,76,77,97,98,99,108,109,111" machi="36" ten="50,12000,1" yaku="1,1,2,1,14,1,10,1,53,1" doraHai="48" doraHaiUra="5" who="0" fromWho="1" sc="240,130,250,-120,250,0,250,0" /><INIT seed="0,1,0,1,3,127" ten="370,130,250,250" oya="0" hai0="17,3,108,13,88,124,65,78,24,109,34,37,111" hai1="123,74,99,116,77,75,36,59,66,94,50,46,11" hai2="2,61,130,119,52,62,120,76,95,6,39,35,128" hai3="55,103,81,16,86,26,107,33,54,57,93,84,100"/><T101/><D124/><U80/><E123/><V15/><F120/><W19/><G107/><T0/><D37/><U118/><E75/><V10/><F39/><W117/><G117/><T29/><D101/><N who="3" m="38985" /><G33/><T1/><D78/><U122/><E122/><V49/><F35/><W64/><G64/><T28/><D65/><U126/><E126/><V125/><F125/><W22/><G93/><T23/><D88/><U32/><E32/><V70/><F119/><W105/><G105/><T72/><D72/><U47/><E11/><V79/><F2/><W4/><G4/><T114/><D29/><U82/><E80/><V134/><F134/><W92/><G92/><T67/><D67/><U98/><E36/><V18/><F6/><W40/><G40/><T63/><D63/><N who="2" m="24074" /><F70/><W96/><G96/><T43/><D43/><U51/><E66/><V97/><F97/><W89/><G86/><T45/><D45/><U102/><E99/><V112/><F112/><AGARI ba="1,0" hai="0,1,3,13,17,23,24,28,34,108,109,111,112,114" machi="112" ten="50,12000,1" yaku="14,1,10,1,34,3" doraHai="127" who="0" fromWho="2" sc="370,123,130,0,250,-123,250,0" /><INIT seed="0,2,0,4,1,98" ten="493,130,127,250" oya="0" hai0="30,15,124,108,4,135,86,113,126,62,79,1,35" hai1="66,88,105,125,103,27,133,81,67,14,120,75,34" hai2="57,8,64,13,82,130,41,90,72,132,97,77,96" hai3="127,7,128,42,21,70,44,80,94,111,76,5,23"/><T37/><D113/><U54/><E120/><V38/><F130/><W112/><G112/><T0/><D37/><U115/><E115/><V39/><F132/><W74/><G128/><T16/><D135/><U102/><E133/><V106/><F41/><W134/><G134/><T69/><D79/><U118/><E118/><V25/><F25/><W91/><G70/><T58/><D69/><U116/><E116/><V123/><F123/><W18/><G111/><T63/><D63/><U22/><E125/><N who="0" m="48233" /><D108/><U33/><E54/><V53/><F64/><W87/><G127/><T114/><D114/><U24/><E34/><V49/><F97/><W20/><REACH who="3" step="1"/><G18/><REACH who="3" ten="493,130,127,240" step="2"/><T48/><D16/><N who="1" m="10519" /><E33/><V71/><F71/><W31/><G31/><T92/><D30/><U119/><E119/><V10/><F10/><W51/><AGARI ba="2,1" hai="5,7,20,21,23,42,44,51,74,76,80,87,91,94" machi="51" ten="30,2000,0" yaku="1,1,0,1,53,0" doraHai="98" doraHaiUra="59" who="3" fromWho="3" sc="493,-12,130,-7,127,-7,240,36" /><INIT seed="1,0,0,1,4,52" ten="481,123,120,276" oya="1" hai0="31,8,119,109,106,3,107,16,35,122,23,68,17" hai1="110,87,14,95,112,46,99,66,94,90,89,54,61" hai2="37,70,50,131,15,18,100,24,77,11,125,22,43" hai3="135,13,134,88,9,36,127,32,49,103,128,121,47"/><U12/><E112/><V44/><F131/><W83/><G121/><T69/><D109/><U132/><E132/><N who="3" m="50730" /><G32/><T60/><D119/><U129/><E110/><V105/><F125/><W27/><G27/><T133/><D133/><U0/><E0/><V96/><F70/><W58/><G103/><T85/><D17/><U6/><E129/><V79/><REACH who="2" step="1"/><F37/><REACH who="2" ten="481,123,110,276" step="2"/><W93/><G127/><T84/><D68/><U98/><E6/><AGARI ba="0,1" hai="6,11,15,18,22,24,43,44,50,77,79,96,100,105" machi="6" ten="30,7700,0" yaku="1,1,2,1,7,1,53,1" doraHai="52" doraHaiUra="92" who="2" fromWho="1" sc="481,0,123,-77,110,87,276,0" /><INIT seed="2,0,0,3,3,12" ten="481,46,197,276" oya="2" hai0="103,20,122,91,40,34,126,0,60,130,81,119,7" hai1="85,19,71,86,16,111,110,13,46,61,42,121,30" hai2="66,107,89,98,95,56,90,82,32,41,84,54,113" hai3="105,114,24,123,65,52,33,45,31,132,2,53,43"/><V72/><F113/><W99/><G123/><T128/><D122/><U67/><E121/><V106/><F32/><W18/><G114/><T118/><D34/><U68/><E30/><V51/><F72/><W96/><G132/><T125/><D103/><U44/><E13/><V22/><F41/><W39/><G65/><T115/><D115/><U77/><E77/><V55/><F66/><W63/><G2/><T14/><D0/><U8/><E8/><V120/><F120/><W108/><G108/><N who="1" m="41514" /><E71/><V21/><F106/><W4/><G4/><T109/><D40/><U92/><E46/><V80/><F107/><W9/><G105/><T117/><D60/><U50/><E92/><V5/><F5/><W88/><G63/><T29/><D109/><U3/><E3/><V35/><F35/><W100/><G39/><T17/><D29/><U102/><E102/><V62/><REACH who="2" step="1"/><F82/><REACH who="2" ten="481,46,187,276" step="2"/><W79/><G33/><T69/><D7/><U37/><E37/><V129/><F129/><N who="0" m="49770" /><D69/><U10/><E10/><V87/><F87/><AGARI ba="0,1" hai="14,17,20,81,87,91,117,118,119,125,126" m="49770" machi="87" ten="40,5200,0" yaku="12,1,19,1,52,1" doraHai="12" who="0" fromWho="2" sc="481,62,46,0,187,-52,276,0" /><AGARI ba="0,0" hai="16,19,42,44,50,61,67,68,85,86,87" m="41514" machi="87" ten="30,7700,0" yaku="14,1,52,2,54,1" doraHai="12" who="1" fromWho="2" sc="543,0,46,77,135,-77,276,0" /><INIT seed="3,0,0,3,3,21" ten="543,123,58,276" oya="3" hai0="14,95,40,115,65,29,71,12,19,91,112,67,32" hai1="28,56,70,1,39,46,105,119,110,55,34,125,85" hai2="77,76,5,113,135,74,92,3,22,53,9,63,130" hai3="133,18,48,27,103,20,41,122,86,128,118,7,57"/><W43/><G122/><T15/><D40/><U114/><RYUUKYOKU type="yao9" ba="0,0" sc="543,0,123,0,58,0,276,0" hai1="1,28,34,39,46,55,56,70,85,105,110,114,119,125" /><INIT seed="3,1,0,4,4,130" ten="543,123,58,276" oya="3" hai0="15,4,127,128,122,17,77,95,121,58,132,14,1" hai1="45,68,80,101,37,110,25,104,74,72,22,24,48" hai2="62,106,56,31,94,43,2,41,92,118,111,86,113" hai3="29,79,117,98,59,28,23,51,96,76,21,99,57"/><W5/><G117/><T119/><D132/><U124/><E68/><V6/><F113/><W93/><G5/><T19/><D119/><U36/><E110/><V38/><F118/><W27/><G93/><T90/><D77/><U97/><E124/><V26/><F106/><W53/><G59/><T52/><D127/><U0/><E0/><V65/><F111/><W42/><G42/><T13/><D128/><U85/><E25/><AGARI ba="1,0" hai="21,23,25,27,28,29,51,53,57,76,79,96,98,99" machi="25" ten="40,3900,0" yaku="9,1,8,1" doraHai="130" who="3" fromWho="1" sc="543,0,123,-42,58,0,276,42" /><INIT seed="3,2,0,3,0,36" ten="543,81,58,318" oya="3" hai0="26,128,53,2,56,74,67,119,109,61,12,24,103" hai1="95,76,105,73,3,124,88,14,115,123,99,7,113" hai2="35,100,69,42,86,112,80,52,75,32,27,122,72" hai3="87,66,48,51,19,96,118,6,111,90,71,121,89"/><W40/><G118/><T43/><D119/><U64/><E123/><V106/><F112/><W37/><G121/><T46/><D2/><U93/><E124/><V44/><F122/><W131/><G131/><T9/><D74/><U91/><E3/><V68/><F52/><W85/><G6/><T45/><D109/><U17/><E7/><V23/><F69/><W83/><G111/><T82/><D128/><U63/><E105/><V16/><F68/><W101/><G19/><N who="0" m="8591" /><D103/><U39/><E76/><V81/><F100/><W94/><G66/><T25/><D43/><U117/><E39/><V50/><F106/><W30/><G30/><T104/><D104/><U33/><E33/><V60/><F60/><W18/><G18/><T108/><D108/><U59/><E73/><V135/><F135/><W11/><G11/><T31/><D31/><U125/><E125/><V38/><F38/><W114/><G71/><T97/><D97/><U92/><E117/><V15/><F80/><W107/><REACH who="3" step="1"/><G114/><REACH who="3" ten="543,81,58,308" step="2"/><T8/><D8/><N who="1" m="6343" /><E115/><V5/><F35/><W47/><AGARI ba="2,1" hai="37,40,47,48,51,83,85,87,89,90,94,96,101,107" machi="47" ten="30,6000,0" yaku="1,1,0,1,52,1,53,0" doraHai="36" doraHaiUra="65" who="3" fromWho="3" sc="543,-22,81,-22,58,-22,308,76" /><INIT seed="3,3,0,5,3,92" ten="521,59,36,384" oya="3" hai0="84,45,125,12,109,11,68,6,129,10,66,55,27" hai1="1,112,122,0,73,24,54,106,74,75,110,34,90" hai2="126,79,62,58,43,19,8,128,28,99,123,105,18" hai3="86,82,69,107,135,41,72,97,103,101,83,115,60"/><W51/><G115/><T63/><D109/><U81/><E122/><V44/><F123/><W20/><G135/><T70/><D70/><U22/><E112/><V39/><F126/><W7/><G7/><T59/><D125/><U76/><E110/><V38/><F38/><W96/><G72/><T14/><D129/><U13/><E106/><V21/><F128/><W108/><G108/><T17/><D84/><U130/><E130/><V53/><F79/><W124/><G124/><T114/><D114/><U113/><E90/><V127/><F127/><W2/><G2/><T48/><REACH who="0" step="1"/><D27/><REACH who="0" ten="511,59,36,384" step="2"/><U46/><E113/><V30/><F8/><W94/><G86/><T121/><D121/><U98/><E24/><V65/><F65/><W61/><G20/><T4/><D4/><U56/><E22/><V132/><F132/><W36/><G36/><T88/><D88/><U78/><E76/><V93/><F105/><W3/><G3/><T9/><D9/><U87/><E0/><V47/><F47/><W91/><G91/><T77/><D77/><U118/><E1/><V40/><F40/><W104/><G69/><T26/><D26/><U35/><E46/><V133/><F133/><W49/><REACH who="3" step="1"/><G41/><REACH who="3" ten="511,59,36,374" step="2"/><T80/><D80/><U134/><E134/><V89/><F19/><W25/><G25/><AGARI ba="3,2" hai="18,21,25,28,30,39,43,44,53,58,62,89,93,99" machi="25" ten="30,7700,0" yaku="7,1,25,2,52,1" doraHai="92" who="2" fromWho="3" sc="511,0,59,0,36,106,374,-86" owari="511,61.1,59,-44.1,142,-25.8,288,8.8" /></mjloggm>