<mjloggm ver="2.3"><GO type="225" lobby="0"/><UN n0="%E7%AD%89%E3%80%85%E5%8A%9B%E5%8A%87%E5%A0%B4" n1="%E3%81%A9%E3%82%93%E3%82%88%E3%81%8F%4D%6B%2E%32" n2="%E3%81%82%E3%81%B9%E3%81%99%E3%81%91" n3="%E3%81%B2%E3%81%AA%E3%81%AE%E3%82%8A%E3%81%8F" dan="16,16,16,17" rate="2149.07,2189.26,2117.41,2197.72" sx="M,M,M,M"/><TAIKYOKU oya="0"/><INIT seed="0,0,0,5,5,8" ten="250,250,250,250" oya="0" hai0="1,77,35,32,48,4,122,44,43,87,96,106,54" hai1="38,3,86,101,81,113,124,47,22,95,90,39,15" hai2="126,79,18,73,135,11,123,133,119,14,68,56,21" hai3="69,20,93,110,59,6,112,13,85,76,97,45,98"/><T92/><D122/><U49/><E3/><V0/><F123/><W115/><G69/><T78/><D106/><U9/><E124/><V41/><F126/><W70/><G70/><T51/><D1/><U62/><E113/><V91/><F68/><W17/><G110/><T42/><D4/><U23/><E38/><V10/><F119/><W114/><G6/><T134/><D134/><N who="2" m="51210" /><F41/><W33/><G33/><T130/><D130/><U82/><E39/><V25/><F91/><W61/><G45/><T66/><D66/><U118/><E62/><V102/><F102/><W24/><G24/><T65/><D65/><U99/><E82/><N who="2" m="45423" /><F0/><W28/><G28/><T71/><D71/><U103/><E103/><V46/><F46/><W2/><G2/><T27/><D43/><U128/><E128/><V60/><F25/><W74/><G74/><T67/><D27/><U30/><E30/><V108/><F108/><W116/><G116/><T26/><D26/><U72/><E72/><V105/><F105/><W84/><G76/><T55/><D42/><N who="1" m="24823" /><E118/><V37/><F37/><W104/><G104/><T94/><D44/><U100/><E100/><V58/><F58/><W109/><G109/><T31/><D31/><U88/><E101/><V34/><F34/><W7/><G93/><T52/><D94/><U29/><E29/><V63/><F63/><W111/><G111/><T89/><D32/><U120/><E120/><V16/><F18/><AGARI ba="0,0" hai="9,15,18,22,23,81,86,88,90,95,99" m="24823" machi="18" ten="30,3900,0" yaku="8,1,52,1,54,1" doraHai="8" who="1" fromWho="2" sc="250,0,250,39,250,-39,250,0" /><INIT seed="1,0,0,1,3,13" ten="250,289,211,250" oya="1" hai0="74,62,99,34,105,111,28,106,65,107,95,96,120" hai1="54,23,84,130,42,114,35,5,121,109,126,6,32" hai2="52,9,85,61,4,40,75,30,86,122,112,49,92" hai3="46,43,59,72,56,89,29,129,79,17,133,25,14"/><U101/><E114/><V55/><F122/><W116/><G133/><T97/><D74/><U60/><E121/><V93/><F75/><W33/><G129/><T64/><D120/><U47/><E130/><V125/><F125/><W90/><G116/><T26/><D111/><U39/><E126/><V2/><F112/><W8/><G79/><T16/><D95/><U67/><E54/><V115/><F115/><W69/><G69/><T83/><D83/><U94/><E109/><V58/><F40/><W53/><G72/><T91/><D91/><U68/><E23/><V78/><F30/><W22/><G59/><T108/><D108/><U12/><E12/><V50/><F61/><W82/><G82/><T51/><D51/><U73/><E73/><V48/><F48/><N who="3" m="26719" /><G33/><T27/><REACH who="0" step="1"/><D62/><AGARI ba="0,0" hai="8,14,17,22,25,29,53,56,62,89,90" m="26719" machi="62" ten="30,2000,0" yaku="8,1,52,1" doraHai="13" who="3" fromWho="0" sc="250,-20,289,0,211,0,250,20" /><INIT seed="2,0,0,1,1,74" ten="230,289,211,270" oya="2" hai0="3,114,37,99,26,100,113,115,106,71,34,66,60" hai1="128,68,103,76,133,119,58,94,134,21,121,47,132" hai2="65,53,69,27,85,86,31,22,73,20,30,83,45" hai3="110,116,117,97,57,52,124,93,91,25,125,131,90"/><V84/><F69/><W79/><G110/><T101/><D101/><U120/><E68/><V38/><F65/><W1/><G1/><T32/><D37/><U104/><E104/><V19/><F73/><W2/><G2/><T123/><D123/><N who="1" m="47179" /><E119/><V33/><F33/><W42/><G42/><T24/><D26/><U105/><E105/><V54/><F31/><W62/><G131/><T64/><D64/><U82/><E58/><V28/><F28/><W35/><G79/><T46/><D46/><U72/><E21/><V102/><F102/><W41/><G41/><T81/><D3/><U118/><E47/><V96/><F96/><W87/><G25/><T92/><D92/><U59/><E118/><V122/><F122/><W18/><G18/><T135/><D135/><U7/><E7/><V36/><F45/><W108/><G108/><T5/><D5/><U67/><E128/><V112/><F112/><W8/><G8/><T61/><D61/><N who="1" m="38335" /><E103/><V4/><F4/><W89/><G35/><T14/><D14/><U11/><E94/><V9/><F9/><AGARI ba="0,0" hai="9,11,72,76,82,132,133,134" m="38335,47179" machi="9" ten="40,5200,0" yaku="20,1,13,1,52,1" doraHai="74" who="1" fromWho="2" sc="230,0,289,52,211,-52,270,0" /><INIT seed="3,0,0,3,5,10" ten="230,341,159,270" oya="3" hai0="11,65,72,133,44,42,55,130,100,83,28,104,6" hai1="29,86,69,45,15,98,121,94,116,66,12,95,40" hai2="62,78,47,51,108,24,21,89,56,17,87,58,106" hai3="107,132,91,33,14,16,93,4,9,32,127,112,25"/><W105/><G112/><T35/><D133/><U8/><E121/><V84/><F108/><W124/><G132/><T0/><D130/><U120/><E120/><V3/><F3/><W5/><G5/><T113/><D113/><U81/><E116/><V34/><F34/><N who="3" m="13419" /><G25/><T27/><D55/><U18/><E29/><V101/><F106/><W103/><G103/><T123/><D65/><U70/><E66/><V43/><F101/><W88/><G91/><T76/><D123/><U114/><E114/><V61/><F78/><W49/><G49/><T129/><D129/><U31/><E31/><V122/><F122/><W2/><G4/><T118/><D118/><U126/><E126/><N who="3" m="48170" /><G2/><T110/><D100/><U13/><E70/><V111/><F111/><W92/><G92/><N who="1" m="35370" /><E69/><V97/><F97/><AGARI ba="0,0" hai="9,14,16,88,93,97,105,107" m="48170,13419" machi="97" ten="30,11600,0" yaku="18,1,52,1,54,2" doraHai="10" who="3" fromWho="2" sc="230,0,341,0,159,-116,270,116" owari="230,-17.0,341,14.1,43,-45.7,386,48.6" /></mjloggm>