<mjloggm ver="2.3"><GO type="225" lobby="0"/><UN n0="%E6%B0%B7%E5%B7%9D%E9%87%8C%E5%A5%88" n1="%E3%81%B5%E3%81%98%E3%81%8B%E3%81%A4" n2="%E3%81%8B%E3%82%8F%E3%81%A1%E3%82%83%E3%82%93%35%38" n3="%E5%82%8D%E8%8B%A5%E7%84%A1%E4%BA%BA%35%31" dan="16,16,16,16" rate="2056.92,2177.90,2142.42,2139.78" sx="F,M,M,M"/><TAIKYOKU oya="0"/><INIT seed="0,0,0,4,4,97" ten="250,250,250,250" oya="0" hai0="32,14,18,49,87,65,89,67,94,0,86,24,76" hai1="61,13,1,31,19,26,7,131,77,10,80,66,101" hai2="88,28,47,39,102,25,114,11,21,45,125,43,120" hai3="36,105,99,96,59,22,46,113,108,90,133,92,95"/><T27/><D0/><U85/><E131/><V82/><F120/><W38/><G108/><T23/><D32/><U72/><E72/><V124/><F114/><W78/><G113/><T126/><D126/><N who="2" m="48746" /><F11/><W127/><G133/><T106/><D106/><U103/><E61/><V2/><F2/><W123/><G105/><T42/><D76/><U74/><E66/><V111/><F111/><W69/><G69/><T109/><D109/><U37/><E37/><V104/><F47/><W63/><G123/><T115/><D115/><U9/><REACH who="1" step="1"/><E74/><REACH who="1" ten="250,240,250,250" step="2"/><V3/><F3/><W121/><G127/><T53/><D42/><U100/><E100/><V70/><F70/><W119/><G121/><T17/><D86/><U55/><E55/><V48/><F39/><W12/><G38/><T40/><D40/><U118/><E118/><V44/><F43/><W29/><G36/><T79/><D79/><U33/><AGARI ba="0,1" hai="1,7,9,10,13,19,26,31,33,77,80,85,101,103" machi="33" ten="20,8000,1" yaku="1,1,0,1,7,1,52,2,53,0" doraHai="97" doraHaiUra="60" who="1" fromWho="1" sc="250,-40,240,90,250,-20,250,-20" /><INIT seed="1,0,0,0,5,99" ten="210,330,230,230" oya="1" hai0="48,130,90,13,82,7,40,73,56,112,0,98,118" hai1="30,87,23,28,80,43,64,49,129,19,34,5,116" hai2="65,38,92,81,41,36,12,68,35,89,10,125,134" hai3="101,76,62,42,131,120,104,58,66,32,18,59,133"/><U37/><E129/><V84/><F35/><W105/><G120/><T75/><D112/><U54/><E116/><V103/><F134/><W61/><G133/><T72/><D118/><U97/><E64/><V51/><F125/><W126/><G131/><T14/><D0/><U70/><E5/><V16/><F68/><W67/><G126/><T95/><D130/><U115/><E70/><V6/><F65/><W119/><G119/><T94/><D82/><U27/><E115/><V106/><F106/><W135/><G135/><T117/><D117/><U50/><E37/><V127/><F127/><W107/><G76/><T69/><D69/><U44/><E97/><N who="2" m="59815" /><F36/><W85/><G85/><T63/><D7/><U52/><E34/><V88/><F38/><W122/><G122/><T108/><D108/><U3/><E3/><V111/><F111/><W93/><G42/><T110/><D110/><U57/><REACH who="1" step="1"/><E43/><REACH who="1" ten="210,320,230,230" step="2"/><V33/><F33/><W78/><G32/><T21/><D21/><U132/><E132/><V46/><F6/><W86/><G18/><T15/><D95/><U100/><E100/><V20/><F10/><W1/><G1/><T24/><D24/><U26/><E26/><V53/><F41/><W31/><G31/><T8/><D40/><U121/><E121/><V60/><F60/><W124/><G124/><T79/><D8/><U2/><E2/><V39/><F39/><W83/><G93/><T102/><D63/><U113/><E113/><V9/><F9/><W128/><G128/><T25/><D25/><U22/><E22/><V55/><F55/><W45/><G101/><RYUUKYOKU ba="0,1" sc="210,-30,320,10,230,10,230,10" hai1="19,23,27,28,30,44,49,50,52,54,57,80,87" hai2="12,16,20,46,51,53,81,84,88,89" hai3="45,58,59,61,62,66,67,78,83,86,104,105,107" /><INIT seed="1,1,1,3,1,18" ten="180,330,240,240" oya="1" hai0="83,14,7,126,87,2,58,0,43,78,120,121,86" hai1="109,44,116,122,30,91,57,1,99,84,62,6,45" hai2="60,85,80,107,54,50,73,110,64,25,93,47,46" hai3="123,21,102,63,124,11,117,23,51,112,74,68,4"/><U90/><E122/><N who="0" m="47209" /><D43/><U81/><E116/><V92/><F107/><W97/><G117/><T69/><D69/><U130/><E130/><V13/><F73/><W77/><G112/><T98/><D98/><U89/><E109/><V9/><F110/><W67/><G124/><T135/><D58/><U56/><E1/><N who="0" m="617" /><D135/><U131/><E6/><V101/><F101/><W115/><G115/><T88/><D126/><U41/><E30/><V27/><F47/><N who="1" m="17993" /><E131/><V33/><F33/><W12/><G51/><T36/><D36/><U72/><E72/><V125/><F125/><W103/><G123/><T34/><D34/><U128/><E128/><V35/><F35/><W40/><G40/><T29/><D29/><U66/><E41/><V48/><F48/><W96/><G77/><N who="0" m="46447" /><D7/><U28/><E28/><V129/><F129/><W19/><G74/><T8/><D78/><N who="1" m="46135" /><E56/><N who="2" m="36871" /><F93/><AGARI ba="1,1" hai="57,62,66,89,90,91,93,99" m="46135,17993" machi="93" ten="30,1500,0" yaku="8,1" doraHai="18" who="1" fromWho="2" sc="180,0,330,28,240,-18,240,0" /><INIT seed="1,2,0,1,0,118" ten="180,358,222,240" oya="1" hai0="44,34,98,74,112,107,78,124,91,122,90,58,134" hai1="28,113,37,114,125,5,77,6,80,92,43,85,40" hai2="17,115,16,57,132,0,30,109,42,64,100,51,104" hai3="49,21,95,88,18,26,46,86,83,15,22,56,81"/><U25/><E125/><V131/><F0/><W50/><G56/><T33/><D58/><U135/><E135/><V39/><F30/><W123/><G123/><T101/><D112/><U99/><E114/><V108/><F115/><W106/><G106/><T102/><D44/><U116/><E116/><V129/><F39/><W47/><G46/><T79/><D98/><U67/><E67/><V96/><F132/><W12/><G50/><T127/><D134/><U10/><E113/><V31/><F31/><W27/><G81/><T66/><D66/><U76/><E76/><V2/><F2/><W61/><G61/><T62/><D62/><U126/><E126/><V29/><F29/><N who="3" m="17615" /><G95/><T111/><D111/><N who="2" m="42570" /><F42/><AGARI ba="2,0" hai="12,15,18,22,27,42,47,49,83,86,88" m="17615" machi="42" ten="30,2000,0" yaku="8,1,54,1" doraHai="118" who="3" fromWho="2" sc="180,0,358,0,222,-26,240,26" /><INIT seed="2,0,0,2,2,114" ten="180,358,196,266" oya="2" hai0="97,55,122,43,77,51,120,113,71,5,134,91,23" hai1="33,123,80,89,38,16,62,0,115,60,25,69,10" hai2="19,73,101,45,4,37,61,6,93,2,121,44,76" hai3="68,21,87,72,31,35,9,84,3,39,95,24,117"/><V116/><F121/><W13/><G117/><T130/><D113/><U81/><E115/><V1/><F93/><W67/><G72/><T34/><D71/><U57/><E38/><V105/><F19/><N who="3" m="10479" /><G39/><T133/><D34/><U54/><E123/><N who="0" m="47145" /><D77/><U128/><E128/><V46/><F61/><N who="3" m="40047" /><G95/><N who="0" m="56575" /><D5/><AGARI ba="0,0" hai="3,5,9,24,31,35,84,87" m="40047,10479" machi="5" ten="30,1000,0" yaku="24,1" doraHai="114" who="3" fromWho="0" sc="180,-10,358,0,196,0,266,10" /><INIT seed="3,0,0,1,0,1" ten="170,358,196,276" oya="3" hai0="117,118,89,7,37,46,74,3,31,70,33,60,130" hai1="36,127,28,73,8,106,114,45,34,91,87,35,75" hai2="25,53,39,134,97,112,12,50,92,49,64,131,44" hai3="111,100,15,103,124,21,107,80,132,5,68,105,20"/><W61/><G132/><T135/><D89/><U116/><E114/><V78/><F112/><W95/><G80/><T101/><D135/><U67/><E127/><V102/><F134/><W59/><G68/><T122/><D122/><U62/><E106/><V4/><F39/><W63/><G124/><T104/><D130/><U76/><E116/><N who="0" m="44649" /><D74/><U86/><E75/><V110/><F131/><W14/><G95/><T77/><D77/><U43/><E73/><V40/><F110/><W128/><G59/><T10/><D46/><U120/><E28/><V13/><F64/><W96/><G128/><T81/><D81/><U9/><E35/><V38/><F38/><W94/><G94/><T26/><D37/><U6/><E34/><V29/><F78/><W24/><G111/><T121/><D121/><U23/><E76/><V55/><F4/><W85/><G85/><T52/><D52/><N who="2" m="20042" /><F50/><W126/><G126/><T108/><D108/><U19/><E86/><V109/><F109/><W18/><G103/><T93/><D93/><U79/><E9/><V88/><F102/><W32/><G32/><T69/><D60/><U48/><E91/><V27/><F29/><N who="3" m="17543" /><G107/><T30/><D30/><U22/><E120/><V99/><F99/><AGARI ba="0,0" hai="3,7,10,26,31,33,69,70,99,101,104" m="44649" machi="99" ten="30,2000,0" yaku="23,1,52,1" doraHai="1" who="0" fromWho="2" sc="170,20,358,0,196,-20,276,0" owari="190,-21.0,358,45.8,176,-32.4,276,7.6" /></mjloggm>