<mjloggm ver="2.3"><GO type="225" lobby="0"/><UN n0="%E9%B4%A8%4E%45%47%49" n1="%E5%BA%97%E9%95%B7%4D" n2="%E5%8F%AF%E5%85%90%E9%82%A3%E7%94%B1%E5%A4%9A" n3="%72%69%6F%75%63%68%61%6E" dan="16,16,16,16" rate="2120.90,2084.09,2096.61,2184.30" sx="M,M,F,M"/><TAIKYOKU oya="0"/><INIT seed="0,0,0,4,4,72" ten="250,250,250,250" oya="0" hai0="98,134,26,10,14,30,133,4,57,106,5,33,13" hai1="104,132,73,29,61,82,53,64,119,125,114,39,31" hai2="95,116,88,3,65,63,76,124,20,48,89,90,102" hai3="15,36,18,1,40,2,75,84,24,131,19,85,54"/><T50/><D106/><U108/><E104/><V115/><F115/><W110/><G110/><T42/><D98/><U118/><E108/><V99/><F3/><W103/><G131/><T68/><D68/><U83/><E39/><V23/><F124/><W120/><G75/><T79/><D79/><U59/><E125/><V66/><F116/><W97/><G120/><T44/><REACH who="0" step="1"/><D57/><REACH who="0" ten="240,250,250,250" step="2"/><U67/><E119/><V78/><F78/><W100/><G97/><T105/><D105/><U38/><E118/><V0/><F76/><W129/><G84/><T135/><D135/><U112/><E132/><V8/><F99/><W126/><G85/><T9/><AGARI ba="0,1" hai="4,5,9,10,13,14,26,30,33,42,44,50,133,134" machi="9" ten="30,6000,0" yaku="1,1,0,1,9,1,53,0" doraHai="72" doraHaiUra="101" who="0" fromWho="0" sc="240,70,250,-20,250,-20,250,-20" /><INIT seed="0,1,0,3,5,100" ten="310,230,230,230" oya="0" hai0="9,60,15,74,130,29,119,102,92,90,108,17,54" hai1="79,85,128,94,18,38,93,131,57,112,46,72,3" hai2="99,120,117,11,62,88,134,52,8,103,109,42,98" hai3="107,55,132,82,115,30,32,124,58,65,12,116,64"/><T118/><D74/><U69/><E69/><V86/><F120/><W135/><G115/><T50/><D130/><N who="1" m="49707" /><E3/><V121/><F121/><W78/><G116/><T96/><D108/><U73/><E112/><V89/><F117/><W21/><G124/><T6/><D29/><U34/><E34/><V40/><F109/><W122/><G122/><T114/><D114/><U33/><E33/><V111/><F134/><N who="3" m="51243" /><G107/><T31/><D31/><U41/><E57/><N who="2" m="35111" /><F111/><W37/><G37/><T51/><D119/><U24/><E85/><V70/><F70/><W80/><G32/><T56/><D118/><U127/><E127/><V53/><F53/><W0/><G0/><T97/><REACH who="0" step="1"/><D6/><REACH who="0" ten="300,230,230,230" step="2"/><U2/><E73/><V1/><F1/><W84/><G30/><T91/><D91/><U28/><E28/><V61/><F89/><W76/><G76/><T129/><D129/><U25/><E2/><V44/><F88/><W22/><G80/><T71/><D71/><U106/><E79/><V36/><F103/><W16/><G22/><T105/><AGARI ba="1,1" hai="9,15,17,50,51,54,56,60,90,92,96,97,102,105" machi="105" ten="20,7800,0" yaku="1,1,0,1,7,1,52,1,53,0" doraHai="100" doraHaiUra="23" who="0" fromWho="0" sc="300,91,230,-27,230,-27,230,-27" /><INIT seed="0,2,0,2,0,35" ten="391,203,203,203" oya="0" hai0="73,133,54,55,96,100,88,30,118,94,135,58,78" hai1="72,106,10,38,81,119,31,14,114,91,27,86,53" hai2="132,103,107,71,44,21,131,126,3,125,117,90,109" hai3="75,110,13,57,22,4,17,20,128,43,61,102,134"/><T93/><D118/><U122/><E119/><V123/><RYUUKYOKU type="yao9" ba="2,0" sc="391,0,203,0,203,0,203,0" hai2="3,21,44,71,90,103,107,109,117,123,125,126,131,132" /><INIT seed="0,3,0,3,4,61" ten="391,203,203,203" oya="0" hai0="20,10,57,11,103,77,92,74,101,122,89,105,112" hai1="45,55,119,24,130,16,65,123,116,28,118,21,43" hai2="68,84,8,27,114,133,7,125,38,97,50,49,82" hai3="44,62,128,104,129,30,32,69,94,29,37,75,102"/><T6/><D112/><U34/><E123/><V9/><F114/><W98/><G75/><T127/><D122/><U80/><E130/><V33/><F38/><W40/><G94/><T109/><D105/><U72/><E55/><V100/><F133/><W70/><G29/><T99/><D127/><U76/><E65/><V48/><F125/><W56/><G56/><T91/><D91/><U25/><REACH who="1" step="1"/><E118/><REACH who="1" ten="391,193,203,203" step="2"/><V47/><F68/><N who="3" m="26219" /><G62/><T63/><D63/><U64/><E64/><V26/><F47/><W19/><G19/><T31/><D57/><U1/><E1/><V78/><F33/><W2/><G2/><T46/><D46/><U113/><E113/><V81/><F7/><W93/><G93/><T83/><D109/><U54/><E54/><V18/><F18/><W115/><G115/><T131/><D131/><N who="3" m="50249" /><G30/><T73/><D31/><U107/><E107/><V41/><F41/><W51/><G32/><T13/><D6/><U87/><E87/><V42/><F42/><W67/><G67/><T4/><D4/><U126/><E126/><V132/><F132/><W58/><G58/><T15/><D74/><U85/><E85/><V71/><F71/><W35/><G35/><T111/><D111/><U135/><E135/><V66/><F66/><W117/><G117/><T17/><D73/><U23/><E23/><V106/><F82/><W124/><G124/><T90/><D20/><U88/><E88/><V134/><F134/><W14/><G14/><T36/><D90/><U95/><E95/><V53/><F53/><W12/><G12/><N who="0" m="7319" /><D89/><U110/><E110/><V86/><F86/><RYUUKYOKU ba="3,1" sc="391,-30,193,10,203,10,203,10" hai1="16,21,24,25,28,34,43,45,72,76,80,116,119" hai2="8,9,26,27,48,49,50,78,81,84,97,100,106" hai3="37,40,44,51,98,102,104" /><INIT seed="1,4,1,2,1,105" ten="361,203,213,213" oya="1" hai0="68,27,119,100,91,115,65,123,79,44,37,64,111" hai1="46,47,13,49,0,14,129,54,15,3,133,34,113" hai2="25,23,9,72,104,114,77,102,112,71,19,98,24" hai3="74,89,122,22,6,81,124,101,97,29,41,117,4"/><U131/><E113/><N who="2" m="43627" /><F71/><W20/><G122/><T78/><D91/><U2/><E34/><V36/><F36/><W110/><G110/><T30/><D100/><U134/><REACH who="1" step="1"/><E47/><REACH who="1" ten="361,193,213,213" step="2"/><V32/><F32/><W94/><G117/><T95/><D115/><U16/><E16/><V43/><F43/><W99/><G41/><T70/><D44/><U69/><E69/><V86/><F9/><W118/><G118/><T55/><D70/><U56/><E56/><V40/><F40/><W87/><G124/><T125/><D68/><U107/><E107/><V21/><F21/><W26/><G20/><T83/><D125/><U96/><E96/><V57/><F57/><W63/><G63/><T61/><D61/><U84/><E84/><V50/><F86/><W7/><REACH who="3" step="1"/><G97/><REACH who="3" ten="361,193,213,203" step="2"/><T60/><D119/><U109/><E109/><V33/><F33/><W103/><G103/><T48/><D60/><U92/><E92/><V38/><F23/><W45/><G45/><T85/><D95/><U93/><E93/><V31/><F102/><W66/><G66/><T17/><D65/><U12/><N who="1" m="3072" /><DORA hai="132" /><U73/><E73/><AGARI ba="4,3" hai="4,6,7,22,26,29,73,74,81,87,89,94,99,101" machi="73" ten="40,5200,0" yaku="1,1,52,2,53,0" doraHai="105,132" doraHaiUra="135,120" who="3" fromWho="1" sc="361,0,193,-64,213,0,203,94" /><INIT seed="2,0,0,3,1,82" ten="361,129,213,297" oya="2" hai0="107,17,24,48,30,81,4,12,116,134,26,23,88" hai1="58,39,19,104,79,72,71,1,85,102,51,37,47" hai2="9,13,41,68,105,18,62,113,5,31,33,32,38" hai3="43,63,108,7,73,103,36,80,114,110,121,97,60"/><V117/><F113/><W132/><G121/><T127/><D107/><U84/><E71/><V44/><F117/><W124/><G114/><T76/><D116/><U54/><E1/><V2/><F105/><W125/><G132/><T69/><D69/><U83/><E104/><V14/><F14/><W78/><G7/><T95/><D134/><U128/><E102/><V93/><F31/><W59/><G43/><T16/><D127/><N who="3" m="48713" /><G36/><T49/><D4/><U90/><E128/><V42/><F42/><W27/><G27/><T25/><D81/><U50/><E19/><N who="0" m="7241" /><D76/><U126/><E126/><V21/><REACH who="2" step="1"/><F93/><REACH who="2" ten="361,129,203,297" step="2"/><N who="3" m="58799" /><G63/><T89/><D12/><U92/><REACH who="1" step="1"/><E72/><REACH who="1" ten="361,119,203,297" step="2"/><V101/><F101/><W99/><G99/><N who="0" m="57831" /><D30/><U100/><E100/><V66/><AGARI ba="0,2" hai="2,5,9,13,18,21,32,33,38,41,44,62,66,68" machi="66" ten="30,6000,0" yaku="1,1,0,1,53,1" doraHai="82" doraHaiUra="3" who="2" fromWho="2" sc="361,-20,119,-20,203,80,297,-20" /><INIT seed="2,1,0,3,5,130" ten="341,99,283,277" oya="2" hai0="9,10,66,52,0,17,39,56,128,7,41,125,85" hai1="119,64,12,94,33,16,91,127,72,20,88,86,45" hai2="29,98,97,100,58,123,25,30,53,15,70,18,83" hai3="132,14,108,120,90,103,111,78,101,60,50,27,63"/><V2/><F123/><W77/><G132/><T35/><D128/><U114/><E72/><V93/><F2/><W8/><G120/><T48/><D35/><U109/><E114/><V46/><F70/><W23/><G90/><T118/><D118/><U54/><E119/><V26/><F46/><W61/><G50/><T95/><D66/><U71/><E33/><V31/><F83/><W112/><G112/><T42/><D39/><U122/><E122/><V32/><F98/><W3/><G3/><T126/><D95/><U121/><E121/><V59/><F32/><W1/><G1/><T5/><D85/><U55/><E109/><N who="3" m="42058" /><G103/><T68/><D68/><U34/><E34/><V62/><REACH who="2" step="1"/><F59/><REACH who="2" ten="341,99,273,277" step="2"/><W81/><G81/><T11/><D0/><U129/><E129/><V49/><F49/><W4/><G101/><T116/><D116/><U102/><E102/><V67/><F67/><W80/><G80/><T51/><D51/><U40/><E127/><N who="0" m="48649" /><D17/><AGARI ba="1,1" hai="4,8,14,17,23,27,60,61,63,77,78" m="42058" machi="17" ten="30,1000,0" yaku="14,1" doraHai="130" who="3" fromWho="0" sc="341,-13,99,0,273,0,277,23" /><INIT seed="3,0,0,5,3,124" ten="328,99,273,300" oya="3" hai0="132,109,98,9,13,69,76,77,27,43,51,6,129" hai1="24,78,94,80,71,99,33,19,2,82,53,113,102" hai2="40,47,62,29,50,115,4,25,116,90,3,79,38" hai3="64,87,42,130,23,103,21,66,74,37,97,81,72"/><W111/><G130/><T86/><D129/><U114/><E71/><V52/><F115/><W41/><G111/><T65/><D132/><U34/><E2/><V110/><F116/><W16/><G37/><T89/><D109/><U67/><E67/><N who="3" m="25642" /><G72/><T28/><D69/><U48/><E82/><V63/><F110/><W70/><G74/><T59/><D65/><U108/><E108/><V125/><F125/><W57/><G70/><T8/><D98/><U118/><E118/><V123/><F123/><W105/><G105/><T120/><D9/><U1/><E1/><V18/><F79/><N who="3" m="46527" /><G21/><N who="0" m="15471" /><D120/><U56/><E33/><V91/><F18/><W46/><G46/><N who="0" m="26079" /><D59/><U85/><REACH who="1" step="1"/><E19/><REACH who="1" ten="328,89,273,300" step="2"/><V104/><F3/><W96/><G57/><T12/><D77/><U55/><E55/><V35/><F4/><W75/><G75/><T119/><D76/><U135/><E135/><V26/><F35/><W20/><G20/><T92/><D119/><U93/><E93/><V61/><F104/><W60/><G60/><T121/><D121/><U106/><E106/><V133/><F133/><W127/><G127/><T101/><D6/><U22/><E22/><V14/><F62/><W54/><G54/><T31/><D8/><U112/><E112/><V128/><F61/><W7/><G7/><T44/><D31/><AGARI ba="0,1" hai="24,31,34,48,53,56,78,80,85,94,99,102,113,114" machi="31" ten="40,1300,0" yaku="1,1,53,0" doraHai="124" doraHaiUra="107" who="1" fromWho="0" sc="328,-13,89,23,273,0,300,0" owari="315,41.5,112,-38.8,273,-12.7,300,10.0" /></mjloggm>