<mjloggm ver="2.3"><GO type="225" lobby="0"/><UN n0="%E6%A1%9C%E8%8A%B1%E9%96%83%E3%80%85" n1="%61%69%73%79%6F" n2="%6D%75%75%6D%75%72%61" n3="%E3%82%BC%E3%83%AB%E3%83%80%E3%81%AE%E4%BC%9D%E8%AA%AC" dan="18,17,16,16" rate="2249.96,2160.37,2145.03,2137.29" sx="M,M,F,M"/><TAIKYOKU oya="0"/><INIT seed="0,0,0,3,4,7" ten="250,250,250,250" oya="0" hai0="51,97,22,5,59,73,28,79,17,30,64,135,67" hai1="118,121,52,132,95,57,102,24,61,46,125,6,0" hai2="111,23,101,48,18,114,21,78,38,89,107,54,106" hai3="16,83,13,96,76,63,43,62,66,2,71,105,3"/><T100/><D135/><U53/><E118/><V58/><F114/><W116/><G116/><T12/><D5/><U47/><E121/><V126/><F111/><W103/><G43/><T55/><D73/><U36/><E125/><V27/><F126/><W129/><G129/><T85/><D79/><U1/><E132/><V8/><F38/><W84/><REACH who="3" step="1"/><G62/><REACH who="3" ten="250,250,250,240" step="2"/><T37/><D37/><U88/><E36/><V70/><F48/><W9/><AGARI ba="0,1" hai="2,3,9,13,16,63,66,71,76,83,84,96,103,105" machi="9" ten="20,12000,2" yaku="1,1,2,1,0,1,7,1,52,1,54,1,53,1" doraHai="7" doraHaiUra="92" who="3" fromWho="3" sc="250,-60,250,-30,250,-30,240,130" /><INIT seed="1,0,0,4,2,8" ten="190,220,220,370" oya="1" hai0="3,78,45,81,42,34,127,97,93,2,36,115,110" hai1="125,72,118,0,58,26,94,66,105,124,62,38,120" hai2="117,86,54,50,87,9,39,40,106,119,55,63,92" hai3="130,69,84,7,51,17,100,53,80,113,104,108,135"/><U27/><E118/><V61/><F106/><W123/><G69/><T85/><D115/><U23/><E120/><V13/><F39/><W28/><G123/><T33/><D110/><U133/><E105/><V43/><F117/><W101/><G113/><T95/><D127/><N who="1" m="48715" /><E0/><V83/><F119/><W37/><G37/><T20/><D95/><U46/><E133/><V91/><F63/><W30/><G7/><T116/><D116/><U6/><E6/><N who="2" m="3255" /><F61/><W109/><G130/><T15/><D2/><U21/><E72/><V48/><F48/><W12/><G135/><T75/><D75/><U121/><E94/><V126/><F126/><W76/><G104/><T73/><D73/><U114/><E121/><V65/><F65/><W68/><G68/><T129/><D3/><U77/><E77/><N who="2" m="46447" /><F55/><W99/><G109/><T44/><D129/><U64/><E64/><V14/><F14/><W47/><G108/><T98/><D98/><U67/><E67/><V128/><F128/><W10/><G99/><T74/><D74/><U70/><E70/><V111/><F111/><W16/><G17/><T25/><D15/><U32/><E114/><V134/><F134/><W107/><G107/><T22/><D36/><U88/><E88/><V71/><F71/><W24/><G30/><N who="0" m="19663" /><D42/><N who="1" m="22871" /><E27/><V29/><F29/><AGARI ba="0,0" hai="21,23,26,29,32,58,62,66" m="22871,48715" machi="29" ten="30,1500,0" yaku="18,1" doraHai="8" who="1" fromWho="2" sc="190,0,220,15,220,-15,370,0" /><INIT seed="1,1,0,2,4,67" ten="190,235,205,370" oya="1" hai0="69,32,9,12,19,15,5,57,34,131,35,3,45" hai1="130,119,87,65,30,99,123,116,53,111,37,1,76" hai2="26,31,33,63,39,135,98,10,89,79,6,29,46" hai3="82,77,71,7,62,11,83,97,129,93,58,106,85"/><U92/><E37/><V18/><F135/><W84/><G129/><T109/><D131/><U107/><E1/><V80/><F63/><W90/><G106/><T112/><D57/><U117/><E30/><V4/><F31/><W23/><G71/><T108/><D45/><U41/><E41/><V70/><F70/><W133/><G133/><T103/><D103/><N who="1" m="62975" /><E53/><V56/><F56/><W113/><G113/><T100/><D100/><U110/><E65/><V114/><F114/><W38/><G38/><T91/><D91/><N who="1" m="53375" /><E130/><V132/><F132/><W75/><G83/><T54/><D54/><U22/><E22/><V86/><F18/><W47/><G47/><T94/><D112/><U60/><E60/><V13/><F4/><W115/><G23/><N who="0" m="11751" /><D94/><U42/><E42/><V0/><F0/><W52/><G115/><T28/><D69/><U102/><E102/><V43/><REACH who="2" step="1"/><F98/><REACH who="2" ten="190,235,195,370" step="2"/><W44/><G44/><T66/><D66/><U125/><E123/><V72/><F72/><W27/><G27/><N who="0" m="18463" /><D15/><AGARI ba="1,1" hai="7,11,15,52,58,62,75,77,82,84,85,90,93,97" machi="15" ten="30,2000,0" yaku="7,1,54,1" doraHai="67" who="3" fromWho="0" sc="190,-23,235,0,195,0,370,33" /><INIT seed="2,0,0,3,4,31" ten="167,235,195,403" oya="2" hai0="49,16,102,83,37,36,34,135,60,113,82,41,80" hai1="30,97,59,71,39,7,78,110,96,93,89,104,23" hai2="44,64,98,84,122,10,33,53,2,63,51,129,86" hai3="0,19,105,121,134,76,107,52,133,43,18,28,111"/><V15/><F122/><W65/><G121/><T100/><D113/><U14/><E71/><V128/><F2/><W11/><G111/><T6/><D6/><U69/><E69/><V112/><F112/><W26/><G65/><T81/><D135/><N who="3" m="51721" /><G43/><T42/><D60/><U95/><E39/><V73/><F73/><W45/><G76/><T74/><D74/><U62/><E104/><N who="3" m="40010" /><G0/><T17/><D81/><U117/><E78/><V32/><F98/><W38/><G11/><T108/><D82/><U114/><E110/><V67/><F84/><W47/><G38/><T25/><D25/><N who="1" m="16703" /><E117/><V54/><F86/><W21/><G52/><T8/><D8/><N who="1" m="4383" /><E114/><V35/><F53/><W99/><G99/><N who="1" m="37962" /><E89/><V56/><REACH who="2" step="1"/><F67/><AGARI ba="0,0" hai="59,62,67,93,95" m="37962,4383,16703" machi="67" ten="30,1000,0" yaku="8,1" doraHai="31" who="1" fromWho="2" sc="167,0,235,10,195,-10,403,0" /><INIT seed="3,0,0,1,1,109" ten="167,245,185,403" oya="3" hai0="27,125,83,17,41,1,57,35,74,21,72,50,55" hai1="71,53,88,80,94,13,37,98,67,132,102,3,81" hai2="128,66,87,97,30,112,62,26,58,90,20,133,73" hai3="84,39,49,110,118,64,4,106,115,33,46,23,54"/><W44/><G84/><T16/><D125/><U0/><E37/><V12/><F112/><W91/><G115/><T130/><D130/><U69/><E132/><V18/><F73/><W108/><G46/><T121/><D121/><U36/><E36/><V56/><F128/><W82/><G44/><N who="0" m="25871" /><D1/><U95/><E53/><V134/><F97/><W47/><G91/><T60/><D35/><U113/><E113/><V2/><F2/><W129/><G23/><N who="0" m="13799" /><D74/><U65/><E13/><V104/><F104/><W79/><G54/><T42/><D72/><U48/><E48/><V11/><REACH who="2" step="1"/><F58/><REACH who="2" ten="167,245,175,403" step="2"/><W119/><G106/><T63/><D42/><U75/><E75/><V96/><F96/><W116/><G129/><T126/><D126/><U59/><E59/><V124/><F124/><W31/><G116/><T101/><D101/><U7/><E98/><V24/><F24/><W14/><G118/><T103/><D103/><U89/><E102/><V51/><F51/><W70/><G49/><N who="0" m="30959" /><D83/><AGARI ba="0,1" hai="11,12,18,20,26,30,56,62,66,83,87,90,133,134" machi="83" ten="40,2600,0" yaku="1,1,53,1" doraHai="109" doraHaiUra="5" who="2" fromWho="0" sc="167,-26,245,0,175,36,403,0" owari="141,-35.9,245,4.5,211,-18.9,403,50.3" /></mjloggm>