<mjloggm ver="2.3"><GO type="225" lobby="0"/><UN n0="%E8%BE%9B%E5%8F%A3%E3%82%AB%E3%83%AC%E3%83%BC%E3%83%A9%E3%82%A4%E3%82%B9" n1="%E9%89%A2%E5%B7%BB%E3%82%AC%E3%83%96" n2="%73%6C%69%63%6B%33%31%39" n3="%E6%97%A5%E6%9B%9C%E6%97%A5%E3%82%88%E3%82%8A%E3%81%AE%E4%BD%BF%E8%80%85" dan="16,16,16,18" rate="2167.03,2130.65,2196.86,2176.03" sx="M,M,M,M"/><TAIKYOKU oya="0"/><INIT seed="0,0,0,4,3,131" ten="250,250,250,250" oya="0" hai0="106,121,75,127,99,96,57,64,66,105,43,17,60" hai1="16,54,94,6,73,50,15,59,88,91,11,27,28" hai2="117,2,92,101,33,104,63,45,35,18,39,93,79" hai3="115,31,110,38,80,111,37,118,78,56,14,107,89"/><T83/><D121/><U40/><E73/><V32/><F2/><W8/><G115/><T126/><D43/><U103/><E40/><V86/><F117/><W113/><G113/><T69/><D69/><U51/><E51/><V41/><F104/><N who="0" m="40042" /><D66/><U130/><E130/><V0/><F0/><W84/><G118/><T124/><D17/><U62/><E62/><V58/><F101/><W3/><G3/><T90/><D90/><U132/><E132/><V49/><F39/><W119/><G119/><T30/><D30/><U108/><E103/><V71/><F71/><W26/><G107/><T128/><D128/><U21/><E108/><N who="3" m="41514" /><G89/><T97/><D97/><U36/><E36/><V4/><F4/><N who="3" m="3335" /><G56/><T122/><D122/><U82/><E82/><V42/><F41/><W129/><G129/><T76/><AGARI ba="0,0" hai="57,60,64,75,76,83,96,99,124,126,127" m="40042" machi="76" ten="40,2100,0" yaku="18,1" doraHai="131" who="0" fromWho="0" sc="250,21,250,-7,250,-7,250,-7" /><INIT seed="0,1,0,3,1,91" ten="271,243,243,243" oya="0" hai0="43,44,36,87,37,124,63,122,69,80,135,75,54" hai1="94,38,84,12,134,100,71,16,5,11,132,26,15" hai2="55,114,45,32,17,86,24,118,50,106,40,25,88" hai3="14,130,1,89,98,105,111,61,103,60,78,53,21"/><T58/><D122/><U13/><E38/><V95/><F114/><W7/><G111/><T41/><D75/><U57/><E71/><V52/><F106/><W90/><G1/><T117/><D117/><U113/><E113/><V18/><F118/><W123/><G123/><T49/><D135/><N who="1" m="51755" /><E57/><V23/><F32/><W131/><G78/><T126/><D87/><U109/><E109/><V115/><F115/><W48/><G90/><T31/><D31/><U82/><E26/><V4/><F4/><W0/><G0/><T22/><D22/><AGARI ba="1,0" hai="17,18,22,23,24,25,40,45,50,52,55,86,88,95" machi="22" ten="40,8000,1" yaku="9,1,8,1,52,1,54,2" doraHai="91" who="2" fromWho="0" sc="271,-83,243,0,243,83,243,0" /><INIT seed="1,0,0,2,4,114" ten="188,243,326,243" oya="1" hai0="126,118,44,52,91,39,30,26,71,120,47,11,12" hai1="103,55,4,54,5,89,106,46,58,121,27,21,6" hai2="59,31,99,7,13,82,119,133,83,128,95,93,130" hai3="65,131,1,61,32,33,69,42,76,97,123,79,92"/><U104/><E121/><V124/><F124/><W63/><G123/><T19/><D126/><U87/><E46/><V84/><F133/><W134/><G1/><T70/><D120/><U110/><E110/><V116/><F31/><W108/><G42/><T73/><D73/><U105/><E103/><V125/><F125/><W36/><G36/><T62/><D91/><U28/><REACH who="1" step="1"/><E58/><REACH who="1" ten="188,233,326,243" step="2"/><V53/><F59/><W18/><G108/><T14/><D47/><U43/><E43/><V9/><F128/><W98/><G131/><T122/><D122/><U107/><N who="1" m="26624" /><DORA hai="40" /><U96/><E96/><V85/><F99/><W0/><G98/><T25/><D71/><U109/><E109/><V49/><F130/><W51/><G97/><T35/><D70/><U20/><E20/><V29/><F119/><W60/><G69/><T72/><D118/><U2/><E2/><V34/><F116/><W113/><G0/><T135/><D44/><U24/><E24/><V80/><F34/><W77/><G33/><T64/><D26/><U127/><E127/><V129/><F129/><W56/><G32/><T15/><D25/><U45/><E45/><N who="2" m="27823" /><F29/><W3/><G56/><T22/><D22/><U75/><E75/><V100/><F100/><W78/><G3/><T90/><D30/><U10/><E10/><V57/><F57/><W48/><N who="3" m="19456" /><DORA hai="88" /><W112/><G112/><T16/><D35/><U41/><E41/><V102/><F102/><W111/><G113/><T17/><D11/><U67/><E67/><V8/><F8/><W86/><G111/><T37/><D72/><U74/><E74/><RYUUKYOKU ba="0,1" sc="188,-15,233,15,326,15,243,-15" hai1="4,5,6,21,27,28,54,55,87,89" hai2="7,9,13,80,82,83,84,85,93,95" /><INIT seed="1,1,1,5,2,44" ten="173,248,341,228" oya="1" hai0="84,126,71,67,111,92,95,28,68,49,63,10,81" hai1="7,45,93,115,61,116,31,118,33,41,80,106,89" hai2="97,69,78,79,5,127,74,53,90,52,48,85,4" hai3="35,130,129,86,24,29,59,94,23,34,124,128,40"/><U100/><E115/><V120/><F69/><W102/><G124/><T104/><D111/><U60/><E33/><V112/><F120/><W133/><G133/><T70/><D126/><U6/><E31/><V119/><F119/><W42/><G59/><T114/><D104/><U39/><E116/><V131/><F127/><W3/><G3/><T51/><D114/><U77/><E6/><N who="2" m="2667" /><F74/><W99/><REACH who="3" step="1"/><G86/><REACH who="3" ten="173,248,341,218" step="2"/><T110/><D110/><U16/><E118/><V91/><F85/><W19/><G19/><T20/><D10/><U55/><E16/><V108/><F108/><W82/><G82/><T11/><D11/><U121/><E7/><V57/><F112/><W21/><G21/><T98/><D20/><U109/><E109/><V22/><F22/><W132/><G132/><T134/><D134/><U30/><E80/><V87/><F87/><W38/><G38/><T25/><D70/><U14/><E39/><V62/><F131/><W13/><G13/><T1/><D71/><U75/><E14/><V125/><F125/><W56/><G56/><T15/><D15/><U113/><E113/><V103/><F57/><W18/><G18/><T47/><D1/><U66/><E75/><V88/><F62/><W83/><G83/><T8/><D81/><U123/><E60/><V76/><F79/><W135/><G135/><T9/><D9/><U43/><E77/><V27/><F78/><W36/><G36/><T2/><D8/><U26/><E61/><V58/><F76/><W117/><G117/><T101/><D2/><U96/><E123/><V122/><F122/><W46/><G46/><RYUUKYOKU ba="1,2" sc="173,-10,248,-10,341,-10,218,30" hai3="23,24,29,34,35,40,42,94,99,102,128,129,130" /><INIT seed="2,2,2,2,0,83" ten="163,238,331,248" oya="2" hai0="53,112,76,64,113,5,20,118,36,129,90,103,42" hai1="133,11,104,117,28,78,68,39,131,86,87,70,100" hai2="6,58,77,114,1,119,106,32,4,63,94,102,51" hai3="44,47,109,116,107,81,84,29,27,15,67,127,57"/><V12/><F114/><W80/><G116/><T125/><D125/><U14/><E117/><V16/><F32/><W25/><G107/><T49/><D129/><U46/><E104/><V54/><F106/><W55/><G127/><T92/><D103/><U48/><E100/><V62/><F119/><W134/><G109/><T9/><D118/><U115/><E115/><V33/><F33/><W93/><G67/><T108/><D108/><U69/><E39/><V35/><F35/><W135/><G93/><T37/><D64/><U97/><E97/><N who="2" m="59703" /><F77/><N who="3" m="46095" /><G81/><T22/><D76/><U8/><E78/><V52/><F1/><W30/><G15/><T23/><D112/><U3/><E28/><N who="3" m="10858" /><G135/><T91/><D113/><U50/><E133/><V105/><F105/><W121/><G121/><T34/><D34/><U110/><E110/><V43/><F43/><W7/><G7/><N who="2" m="2601" /><F54/><W59/><G134/><T128/><D128/><U13/><E69/><V89/><F89/><W56/><G55/><T79/><D79/><U60/><E131/><V95/><F95/><W82/><G82/><T31/><D42/><U21/><E3/><V2/><F2/><W98/><G98/><T0/><D31/><U41/><E41/><V40/><F40/><W65/><G65/><T26/><D91/><U132/><E132/><V45/><F45/><AGARI ba="2,2" hai="25,27,44,45,47,56,57,59" m="10858,46095" machi="45" ten="30,2000,0" yaku="8,1,52,1" doraHai="83" who="3" fromWho="2" sc="163,0,238,0,331,-26,248,46" /><INIT seed="3,0,0,2,3,58" ten="163,238,305,294" oya="3" hai0="65,42,47,5,95,88,104,92,135,78,34,25,31" hai1="121,21,8,10,118,130,57,102,108,18,85,44,74" hai2="59,103,68,35,3,41,93,69,23,129,106,36,63" hai3="38,73,32,86,14,55,48,120,45,105,122,27,54"/><W51/><G73/><T75/><D135/><U115/><E74/><V124/><F35/><W53/><G105/><T113/><D104/><U22/><E57/><V50/><F3/><W33/><G38/><T70/><D113/><U17/><E85/><V61/><F106/><W28/><G33/><T79/><D5/><U126/><E44/><N who="2" m="23591" /><F23/><W111/><G111/><T116/><D116/><U91/><E91/><V76/><F93/><W19/><G86/><T119/><D119/><U66/><E121/><V84/><F103/><W2/><G2/><T87/><D95/><U100/><E118/><V0/><F76/><W117/><G117/><T97/><D75/><U77/><E77/><V26/><F26/><W15/><G15/><T123/><D123/><U89/><E89/><V30/><F30/><W20/><G55/><T24/><D24/><U94/><E66/><N who="2" m="39231" /><F84/><W114/><G114/><T11/><D11/><U4/><E94/><V37/><F0/><W16/><G19/><T1/><D1/><U49/><E115/><V56/><F37/><W81/><G81/><T72/><D72/><U90/><E4/><V99/><F99/><W127/><G127/><T131/><D131/><U112/><E126/><V7/><F7/><W67/><G67/><T132/><D132/><U62/><E130/><V71/><F124/><W46/><AGARI ba="0,0" hai="14,16,20,27,28,32,45,46,48,51,53,54,120,122" machi="46" ten="20,7800,0" yaku="0,1,7,1,9,1,54,1" doraHai="58" who="3" fromWho="3" sc="163,-26,238,-26,305,-26,294,78" owari="137,-36.3,212,-18.8,279,7.9,372,47.2" /></mjloggm>