<mjloggm ver="2.3"><GO type="225" lobby="0"/><UN n0="%E6%98%93%E5%88%A9%E8%96%A9%E4%BC%AF" n1="%E6%81%A5%E6%99%92%E3%81%97" n2="%E6%B4%BE%E9%81%A3%E3%81%AE%E3%82%B8%E3%83%A3%E3%83%83%E3%82%AF" n3="%E5%8D%A0%E3%81%84%E5%B8%AB%E8%A3%8F%E3%81%AA%E3%81%84%E3%81%97" dan="16,16,17,17" rate="2106.95,2146.57,2232.23,2165.76" sx="F,M,M,M"/><TAIKYOKU oya="0"/><INIT seed="0,0,0,5,5,49" ten="250,250,250,250" oya="0" hai0="63,87,9,71,3,0,29,13,106,58,96,28,18" hai1="61,6,30,109,129,34,1,127,119,33,42,12,135" hai2="41,98,94,72,69,14,4,59,27,53,115,123,102" hai3="46,70,39,131,15,48,52,93,35,90,126,36,57"/><T100/><D71/><U67/><E119/><V32/><F123/><W89/><G35/><T40/><D40/><U20/><E109/><V112/><F72/><W101/><G70/><T21/><D87/><U19/><E127/><V134/><F69/><W133/><G126/><T73/><D73/><U45/><E129/><V66/><F66/><W97/><G131/><T122/><D122/><U108/><E135/><V31/><F41/><W17/><G133/><T75/><D75/><U76/><E76/><V22/><F134/><W79/><G79/><T78/><D78/><U47/><E108/><V84/><F84/><W2/><G2/><T85/><D85/><U95/><E95/><V105/><F105/><W5/><G5/><T117/><D117/><U38/><E47/><V77/><F77/><W68/><G68/><T83/><D83/><U26/><E34/><V60/><REACH who="2" step="1"/><F4/><REACH who="2" ten="250,250,240,250" step="2"/><W125/><G125/><T51/><D106/><U116/><E116/><V54/><F54/><N who="3" m="29975" /><G39/><T65/><D65/><U82/><E67/><V56/><F56/><W104/><G36/><T86/><D58/><U23/><E6/><V74/><F74/><W24/><G104/><T80/><D86/><U10/><E42/><V7/><F7/><W128/><G128/><T37/><D37/><U120/><E38/><V64/><F64/><W92/><G92/><T103/><D80/><U25/><E82/><V118/><F118/><W111/><G111/><T62/><D96/><U113/><E120/><V130/><F130/><W44/><G97/><T16/><D3/><U121/><E121/><V81/><F81/><RYUUKYOKU ba="0,1" sc="250,-10,250,-10,240,30,250,-10" hai2="14,22,27,31,32,53,59,60,94,98,102,112,115" /><INIT seed="1,1,1,5,3,131" ten="240,240,270,240" oya="1" hai0="86,22,66,53,35,19,55,48,69,123,82,91,77" hai1="135,99,0,95,101,23,78,126,42,36,59,6,51" hai2="15,34,75,7,14,84,52,97,87,17,72,41,18" hai3="28,100,5,124,37,58,125,121,88,128,65,24,38"/><U120/><E120/><V2/><F34/><W1/><G121/><T64/><D35/><U133/><E126/><N who="3" m="48746" /><G128/><T74/><D123/><U40/><E78/><V83/><F41/><W60/><G100/><T13/><D69/><U107/><E107/><V20/><F97/><W54/><G5/><T132/><D132/><N who="1" m="50763" /><E36/><V29/><F29/><W117/><G1/><T94/><REACH who="0" step="1"/><D55/><REACH who="0" ten="230,240,270,240" step="2"/><N who="1" m="32255" /><E23/><V30/><F20/><W31/><G54/><T57/><AGARI ba="1,2" hai="13,19,22,48,53,57,64,66,74,77,82,86,91,94" machi="57" ten="20,12000,2" yaku="1,1,0,1,7,1,25,2,53,2" doraHai="131" doraHaiUra="62" who="0" fromWho="0" sc="230,143,240,-61,270,-31,240,-31" /><INIT seed="2,0,0,4,0,125" ten="373,179,239,209" oya="2" hai0="61,77,56,102,51,135,10,11,127,23,116,122,106" hai1="91,1,80,83,25,30,14,101,57,87,42,92,18" hai2="36,66,67,119,6,40,38,12,13,117,115,8,113" hai3="96,43,121,74,72,2,32,133,21,88,54,46,114"/><V110/><F110/><W53/><G121/><T75/><D127/><U64/><E1/><V99/><F99/><W76/><G32/><T100/><D135/><U9/><E42/><V118/><F12/><W0/><G133/><T95/><D106/><U107/><E107/><V124/><F124/><W48/><G114/><T45/><D75/><U17/><E17/><V37/><REACH who="2" step="1"/><F40/><REACH who="2" ten="373,179,229,209" step="2"/><W132/><G43/><T34/><D122/><U123/><E123/><V39/><N who="2" m="9216" /><DORA hai="105" /><V126/><F126/><W60/><G132/><T49/><D116/><U55/><E101/><V41/><F41/><W71/><G0/><T33/><D102/><U20/><REACH who="1" step="1"/><E64/><AGARI ba="0,1" hai="6,8,13,64,66,67,113,115,117,118,119" m="9216" machi="64" ten="80,12000,1" yaku="1,1,53,3" doraHai="125,105" doraHaiUra="62,94" who="2" fromWho="1" sc="373,0,179,-120,229,130,209,0" /><INIT seed="2,1,0,3,2,65" ten="373,59,359,209" oya="2" hai0="66,127,106,119,39,88,11,28,12,125,62,52,61" hai1="0,114,10,126,103,3,41,59,37,5,92,34,120" hai2="9,71,69,14,68,70,131,63,50,97,54,133,17" hai3="128,4,122,29,123,75,112,109,82,13,91,19,49"/><V35/><F35/><W130/><G109/><T22/><D106/><U129/><E114/><V96/><F133/><W100/><G112/><T84/><D39/><U85/><E126/><N who="0" m="48137" /><D119/><U40/><E129/><N who="3" m="49770" /><G100/><T30/><D22/><U8/><E120/><V31/><F31/><N who="0" m="11818" /><D52/><U67/><E34/><V79/><F79/><N who="3" m="44415" /><G29/><T2/><D66/><U45/><E41/><V118/><F118/><W15/><G49/><T95/><D2/><U117/><E117/><V124/><F124/><W21/><G91/><T80/><D80/><U105/><E105/><V26/><F26/><W46/><G46/><T7/><AGARI ba="1,0" hai="7,11,12,61,62,84,88,95" m="11818,48137" machi="7" ten="30,2000,0" yaku="18,1,54,1" doraHai="65" who="0" fromWho="0" sc="373,23,59,-6,359,-11,209,-6" /><INIT seed="3,0,0,5,1,103" ten="396,53,348,203" oya="3" hai0="64,15,19,104,111,123,78,43,31,49,54,18,88" hai1="100,50,70,27,20,93,117,2,116,35,97,52,61" hai2="132,53,92,87,57,5,82,90,96,73,99,135,107" hai3="98,17,108,7,45,26,51,102,77,46,42,110,81"/><W23/><G7/><T1/><D1/><U6/><E2/><V94/><F5/><W38/><G38/><T12/><D104/><U72/><E6/><V106/><F73/><W13/><G26/><T76/><D111/><N who="3" m="42537" /><G51/><T0/><D64/><U118/><E72/><V79/><F53/><W11/><G42/><T69/><D69/><U29/><E20/><V55/><F55/><W130/><G11/><N who="0" m="6431" /><D31/><U28/><E28/><V40/><F40/><W25/><G25/><T124/><D123/><U91/><E91/><N who="2" m="55327" /><F57/><W127/><G127/><T74/><D74/><U67/><REACH who="1" step="1"/><E116/><REACH who="1" ten="396,43,348,203" step="2"/><V109/><F109/><W22/><G23/><N who="0" m="11775" /><D0/><U48/><E48/><V65/><F65/><W101/><G22/><T68/><D124/><U66/><E66/><V33/><F33/><W133/><G17/><T121/><D121/><U41/><E41/><V47/><F47/><W80/><G45/><T44/><D43/><U126/><E126/><V112/><F112/><W113/><G46/><T120/><D120/><U21/><E21/><V129/><F129/><W128/><G113/><T39/><D39/><U115/><E115/><V32/><F32/><W63/><G130/><T85/><D68/><U4/><E4/><V56/><F56/><W34/><G34/><T3/><D3/><U30/><E30/><V10/><F10/><W105/><G128/><T131/><D131/><U58/><AGARI ba="0,1" hai="27,29,35,50,52,58,61,67,70,93,97,100,117,118" machi="58" ten="30,7900,0" yaku="1,1,0,1,54,1,53,1" doraHai="103" doraHaiUra="60" who="1" fromWho="1" sc="396,-20,43,89,348,-20,203,-39" owari="376,47.6,132,-36.8,328,12.8,164,-23.6" /></mjloggm>