<mjloggm ver="2.3"><GO type="225" lobby="0"/><UN n0="%65%6B%61%72%75%74%65" n1="%E6%A1%9C%E8%8A%B1%E9%96%83%E3%80%85" n2="%6E%69%63%6B%6C%6F%77" n3="%72%69%6F%75%63%68%61%6E" dan="16,18,16,17" rate="2135.85,2209.19,2103.18,2187.14" sx="M,M,M,M"/><TAIKYOKU oya="0"/><INIT seed="0,0,0,0,5,110" ten="250,250,250,250" oya="0" hai0="34,112,47,117,79,54,100,25,29,24,51,13,135" hai1="95,82,96,116,46,50,94,33,93,104,52,53,77" hai2="9,37,107,66,130,113,118,21,73,132,109,0,23" hai3="90,7,20,75,124,42,81,89,74,122,15,44,48"/><T27/><D117/><U61/><E33/><V1/><RYUUKYOKU type="yao9" ba="0,0" sc="250,0,250,0,250,0,250,0" hai2="0,1,9,21,23,37,66,73,107,109,113,118,130,132" /><INIT seed="0,1,0,5,3,39" ten="250,250,250,250" oya="0" hai0="94,72,64,106,60,21,84,65,129,103,115,11,107" hai1="10,78,90,125,61,69,120,105,50,83,114,57,116" hai2="5,121,126,34,119,16,53,86,135,47,81,14,23" hai3="19,12,80,100,113,74,88,89,2,51,15,96,52"/><T38/><D115/><U41/><E116/><V46/><F121/><W82/><G113/><T24/><D72/><U0/><E114/><V71/><F119/><W17/><G2/><T45/><D129/><U93/><E105/><V20/><F34/><W68/><G68/><T67/><D11/><U56/><E120/><V99/><F71/><W55/><G74/><T104/><D103/><U73/><E125/><V109/><F109/><W98/><G100/><T30/><D94/><U29/><E29/><V117/><F135/><W4/><REACH who="3" step="1"/><G51/><REACH who="3" ten="250,250,250,240" step="2"/><T37/><D37/><U131/><E69/><V123/><F117/><W36/><G36/><T44/><D38/><U70/><E70/><V9/><F123/><W97/><G97/><T108/><D108/><U66/><E131/><V49/><F99/><W79/><G79/><T58/><REACH who="0" step="1"/><D84/><REACH who="0" ten="240,250,250,240" step="2"/><U95/><E73/><V48/><F126/><W118/><G118/><T122/><D122/><U133/><E133/><V54/><REACH who="2" step="1"/><F5/><AGARI ba="1,2" hai="4,5,12,15,17,19,52,55,80,82,88,89,96,98" machi="5" ten="25,12000,2" yaku="1,1,22,2,8,1,54,2,53,0" doraHai="39" doraHaiUra="7" who="3" fromWho="2" sc="240,0,250,0,250,-123,240,143" /><INIT seed="1,0,0,0,5,44" ten="240,250,127,383" oya="1" hai0="81,9,89,130,23,71,74,31,8,57,106,64,48" hai1="78,88,84,19,41,121,2,42,133,105,94,115,119" hai2="52,49,67,97,0,79,15,11,26,50,72,120,125" hai3="54,68,82,6,21,17,37,18,39,4,129,77,126"/><U107/><E115/><V58/><F120/><W59/><G68/><T35/><D35/><U20/><E121/><V12/><F125/><W32/><G32/><T62/><D106/><U109/><E119/><V1/><F0/><W90/><G126/><T22/><D130/><U55/><E2/><V43/><F1/><W98/><G129/><T29/><D29/><U60/><E133/><V69/><F72/><W132/><G132/><T99/><D74/><U10/><E109/><V30/><F69/><W36/><G17/><T70/><D70/><U16/><E78/><V122/><F122/><W38/><N who="3" m="9216" /><DORA hai="45" /><W14/><G90/><T102/><D102/><U3/><E105/><V116/><F116/><W131/><G98/><T5/><D31/><U93/><E93/><V114/><F114/><W103/><G103/><T86/><D99/><U92/><E92/><V65/><F97/><W127/><G131/><T27/><D27/><N who="1" m="14727" /><E3/><V75/><F75/><W56/><G127/><T110/><D110/><U128/><E107/><V76/><F26/><W123/><G59/><T83/><D81/><U117/><E117/><V53/><F30/><W46/><G46/><T25/><D25/><U104/><E104/><V111/><F111/><W61/><REACH who="3" step="1"/><G123/><REACH who="3" ten="240,250,127,373" step="2"/><T80/><D57/><N who="1" m="34879" /><E128/><V101/><F101/><W118/><G118/><T87/><D71/><U108/><E108/><V124/><F124/><W113/><G113/><T112/><D112/><U24/><E24/><V47/><F43/><N who="1" m="16393" /><E19/><N who="2" m="8607" /><F15/><W134/><G134/><T96/><D96/><U63/><E10/><V13/><F13/><W73/><AGARI ba="0,1" hai="4,6,14,18,21,54,56,61,73,77,82" m="9216" machi="73" ten="60,7900,0" yaku="1,1,5,1,0,1,53,0" doraHai="44,45" doraHaiUra="135,91" who="3" fromWho="3" sc="240,-20,250,-39,127,-20,373,89" /><INIT seed="2,0,0,4,3,108" ten="220,211,107,462" oya="2" hai0="116,106,78,18,19,39,123,51,81,14,96,44,89" hai1="6,69,30,22,127,132,79,92,27,75,77,122,114" hai2="67,11,59,58,12,133,72,73,31,135,112,21,16" hai3="0,119,2,52,25,33,26,110,63,76,115,1,117"/><V7/><F31/><W126/><G110/><T103/><D123/><U32/><E69/><V129/><F129/><W130/><G130/><T97/><D116/><U50/><E114/><V43/><F43/><W36/><G36/><T118/><D118/><U134/><E122/><V71/><F71/><W20/><G126/><T3/><D3/><U98/><E127/><V53/><F67/><W24/><G115/><T91/><D39/><U64/><E64/><V49/><F59/><W15/><G76/><T37/><D37/><U95/><E6/><V125/><F125/><W88/><G33/><T17/><D96/><U85/><E75/><V9/><F9/><W55/><G88/><T13/><D91/><N who="1" m="53359" /><E50/><V66/><F66/><W56/><REACH who="3" step="1"/><G55/><REACH who="3" ten="220,211,107,452" step="2"/><T54/><REACH who="0" step="1"/><D89/><REACH who="0" ten="210,211,107,452" step="2"/><N who="1" m="55663" /><E32/><V94/><F112/><W4/><G4/><T83/><D83/><U38/><E38/><V107/><F107/><W100/><G100/><T10/><D10/><U29/><E134/><N who="2" m="51211" /><F94/><W113/><G113/><T111/><D111/><U90/><E132/><V109/><F109/><W60/><G60/><T42/><D42/><U41/><E41/><V105/><F105/><W84/><G84/><AGARI ba="0,2" hai="13,14,17,18,19,44,51,54,78,81,84,97,103,106" machi="84" ten="40,1300,0" yaku="1,1,53,0" doraHai="108" doraHaiUra="62" who="0" fromWho="3" sc="210,33,211,0,107,0,452,-13" /><INIT seed="3,0,0,3,1,57" ten="243,211,107,439" oya="3" hai0="115,103,128,63,30,135,94,101,106,56,133,121,31" hai1="16,123,38,84,46,28,73,27,67,5,51,12,70" hai2="42,37,117,100,29,129,48,50,130,3,95,24,20" hai3="132,111,58,86,13,79,97,0,113,75,15,4,82"/><W60/><G113/><T53/><D106/><U44/><E123/><V47/><F3/><W80/><G132/><N who="0" m="50763" /><D128/><U19/><E73/><V102/><F117/><W61/><G111/><T40/><D121/><U11/><E38/><V124/><F124/><W98/><G0/><T45/><D115/><U36/><E36/><V22/><F37/><W107/><G60/><T85/><D85/><U108/><E108/><V76/><F130/><W34/><G34/><T68/><D68/><U54/><E44/><V83/><F129/><W88/><G4/><T91/><D91/><U116/><E116/><V99/><F50/><W6/><G6/><T18/><D18/><U114/><E114/><V25/><F76/><W17/><G107/><T55/><D55/><U7/><E19/><V92/><F83/><W35/><G35/><T39/><D94/><U62/><E84/><V8/><F8/><W110/><G110/><T71/><D71/><U59/><E70/><V134/><F134/><W14/><REACH who="3" step="1"/><G17/><REACH who="3" ten="243,211,107,429" step="2"/><T52/><D63/><U96/><E96/><V109/><F109/><W26/><G26/><T126/><D126/><U23/><AGARI ba="0,1" hai="5,7,11,12,16,23,27,28,46,51,54,59,62,67" machi="23" ten="20,8000,1" yaku="0,1,7,1,8,1,52,1,54,1" doraHai="57" who="1" fromWho="1" sc="243,-20,211,90,107,-20,429,-40" owari="223,-17.7,301,10.1,87,-41.3,389,48.9" /></mjloggm>