<mjloggm ver="2.3"><GO type="225" lobby="0"/><UN n0="%E3%81%86%E3%81%A3%E3%81%97%E3%83%BC%30%30" n1="%E3%81%A8%E3%82%93%E3%81%A8%E3%81%93%E3%81%A8%E3%82%93" n2="%E3%81%A9%E3%82%8F%E3%82%93%E3%81%94" n3="%E3%81%86%E3%83%BC%E3%81%B1%E3%83%BC" dan="16,16,16,16" rate="2071.27,2092.96,2079.08,2124.83" sx="M,M,M,F"/><TAIKYOKU oya="0"/><INIT seed="0,0,0,5,4,98" ten="250,250,250,250" oya="0" hai0="111,19,60,131,83,87,67,104,117,135,20,79,4" hai1="94,74,96,17,58,132,118,102,72,85,126,61,55" hai2="42,124,33,63,5,88,3,73,32,90,46,89,22" hai3="50,10,130,70,86,35,75,16,112,56,30,52,66"/><T11/><D117/><U119/><E126/><V78/><F124/><W28/><G75/><T25/><D131/><U106/><E132/><V14/><F3/><W9/><G112/><T24/><D104/><U95/><E17/><V38/><F63/><N who="3" m="38247" /><G35/><T45/><D135/><U71/><E71/><V41/><F41/><W107/><G70/><T57/><D45/><U125/><E125/><V114/><F114/><W68/><G68/><T105/><D105/><U29/><E29/><V53/><F53/><W115/><G107/><T127/><D127/><U81/><E95/><V62/><F62/><W93/><G130/><T40/><D40/><U47/><E47/><V37/><F37/><W8/><G16/><T15/><REACH who="0" step="1"/><D111/><REACH who="0" ten="240,250,250,250" step="2"/><U64/><E106/><V116/><F116/><W13/><G115/><T103/><D103/><U82/><E118/><V1/><F42/><W12/><G13/><AGARI ba="0,1" hai="4,11,13,15,19,20,24,25,57,60,67,79,83,87" machi="13" ten="30,11600,0" yaku="1,1,7,1,8,1,53,1" doraHai="98" doraHaiUra="7" who="0" fromWho="3" sc="240,126,250,0,250,0,250,-116" /><INIT seed="0,1,0,0,1,115" ten="366,250,250,134" oya="0" hai0="123,134,76,70,46,28,119,7,135,118,53,116,63" hai1="59,106,6,97,111,91,96,125,88,54,24,57,2" hai2="86,66,17,52,113,9,58,34,81,94,49,124,89" hai3="127,131,74,35,122,75,56,43,121,12,1,19,129"/><T132/><D123/><N who="3" m="47113" /><G43/><T105/><D105/><U30/><E111/><V65/><F124/><W64/><G127/><T60/><D76/><U33/><E125/><V18/><F34/><W40/><G40/><T72/><D72/><U68/><E68/><V22/><F113/><W39/><G39/><T11/><D28/><U51/><E59/><V31/><F31/><W109/><G109/><T10/><D70/><U98/><REACH who="1" step="1"/><E106/><REACH who="1" ten="366,240,250,134" step="2"/><V107/><F107/><W45/><G56/><T71/><D71/><U93/><E93/><V55/><F81/><W78/><G45/><T90/><D90/><U69/><E69/><V85/><F66/><W8/><G64/><T4/><D46/><U13/><E13/><N who="2" m="7343" /><F65/><W3/><G78/><T23/><D132/><U82/><E82/><V50/><F94/><W126/><G126/><T133/><D134/><U61/><E61/><V38/><F89/><W37/><G1/><T77/><D63/><U84/><E84/><V117/><F117/><W21/><G74/><T73/><D60/><U41/><E41/><V80/><F80/><W100/><G75/><T108/><D135/><U83/><E83/><V27/><F38/><W20/><G37/><T79/><D73/><U36/><E36/><V95/><F95/><W110/><G110/><T62/><D108/><U44/><E44/><AGARI ba="1,1" hai="18,22,27,44,49,50,52,55,58,85,86" m="7343" machi="44" ten="30,2000,0" yaku="8,1,54,1" doraHai="115" who="2" fromWho="1" sc="366,0,240,-23,250,33,134,0" /><INIT seed="1,0,0,5,5,131" ten="366,217,283,134" oya="1" hai0="117,47,10,106,86,53,121,20,22,11,23,107,0" hai1="118,41,130,113,6,60,61,102,69,36,65,28,111" hai2="96,59,39,56,95,18,46,77,71,99,8,52,64" hai3="83,76,55,85,135,90,75,7,19,128,72,88,14"/><U30/><E113/><V114/><F77/><W63/><G128/><T80/><D117/><U125/><E118/><V93/><F114/><W43/><G7/><T89/><D121/><U78/><E130/><V82/><F82/><W70/><G135/><T2/><D47/><U122/><E122/><V101/><F71/><W1/><G1/><T25/><D53/><U33/><E33/><V4/><F18/><W116/><G116/><T15/><D25/><U73/><E125/><V79/><F79/><W103/><G103/><T120/><D120/><U26/><E102/><V49/><F39/><W32/><G32/><T40/><D40/><U133/><E111/><V97/><F64/><W110/><G110/><T119/><D119/><U17/><E133/><V109/><F109/><W129/><G43/><T16/><REACH who="0" step="1"/><D11/><REACH who="0" ten="356,217,283,134" step="2"/><U50/><E41/><V108/><F108/><W105/><G55/><T51/><D51/><U132/><E50/><V9/><F8/><W98/><G129/><T74/><D74/><U126/><E26/><V12/><F99/><W27/><G27/><T87/><D87/><U58/><E73/><V66/><F66/><N who="3" m="41311" /><G75/><T21/><N who="0" m="5120" /><DORA hai="67" /><T54/><D54/><U42/><E42/><V115/><F115/><W104/><G72/><T24/><D24/><U57/><E65/><V48/><F49/><W84/><G98/><T5/><D5/><U37/><E6/><V123/><F123/><W44/><G44/><T81/><D81/><U29/><E37/><V38/><F38/><W124/><G85/><T31/><D31/><U91/><E30/><V13/><F13/><RYUUKYOKU ba="0,1" sc="356,15,217,-15,283,15,134,-15" hai0="0,2,10,15,16,80,86,89,106,107" hai2="4,9,12,46,48,52,56,59,93,95,96,97,101" /><INIT seed="2,1,1,4,3,9" ten="371,202,298,119" oya="2" hai0="31,94,105,13,7,40,80,12,35,131,66,63,99" hai1="112,3,54,75,70,23,51,74,6,24,82,95,79" hai2="132,33,72,73,92,126,123,19,110,77,36,45,17" hai3="27,67,61,28,10,11,127,16,125,108,88,121,60"/><V15/><F123/><W119/><G121/><T107/><D131/><U124/><E112/><V81/><F33/><W30/><G119/><T56/><D40/><U25/><E70/><V5/><F132/><W46/><G108/><T89/><D35/><U120/><E120/><V48/><F110/><W133/><G133/><T113/><D31/><N who="3" m="11817" /><G46/><T130/><D130/><U22/><E124/><N who="3" m="47690" /><G67/><T109/><D113/><U29/><E75/><V129/><F36/><W84/><G27/><T49/><D49/><U32/><E95/><V42/><F129/><W57/><G57/><T37/><D37/><U59/><REACH who="1" step="1"/><E24/><REACH who="1" ten="371,192,298,119" step="2"/><V43/><F126/><W118/><G118/><T76/><D109/><U0/><E0/><V100/><F73/><W53/><G10/><AGARI ba="1,2" hai="3,6,10,22,23,25,29,32,51,54,59,74,79,82" machi="10" ten="40,1300,0" yaku="1,1,53,0" doraHai="9" doraHaiUra="62" who="1" fromWho="3" sc="371,0,192,36,298,0,119,-16" /><INIT seed="3,0,0,1,0,14" ten="371,228,298,103" oya="3" hai0="102,61,83,5,28,18,107,76,90,58,122,86,104" hai1="109,80,123,46,134,20,105,49,54,33,44,30,95" hai2="9,67,74,69,35,100,97,57,55,52,118,47,99" hai3="60,29,8,87,111,127,110,31,65,126,135,26,12"/><W114/><G87/><T124/><D122/><U25/><E105/><V11/><F118/><W75/><G75/><T94/><D124/><N who="3" m="47657" /><G65/><T24/><D5/><U82/><E123/><V43/><F35/><N who="3" m="20919" /><G60/><T45/><D18/><U91/><E109/><N who="3" m="41482" /><G31/><T116/><D45/><N who="1" m="27951" /><E134/><V62/><F74/><W3/><G135/><T93/><D93/><U2/><E33/><V16/><F69/><W121/><G121/><T77/><D77/><U132/><E132/><V117/><F99/><W15/><G114/><T129/><D76/><U120/><E120/><V56/><F97/><W1/><G15/><T103/><D86/><N who="1" m="52727" /><E2/><V53/><F67/><W32/><G32/><T4/><D61/><U130/><E130/><V112/><F62/><W85/><G85/><T68/><D90/><U115/><E115/><V51/><F112/><W131/><G131/><T98/><D58/><U23/><E46/><V108/><F100/><W133/><G133/><T88/><D103/><U41/><E44/><V106/><F108/><W19/><AGARI ba="0,0" hai="1,3,8,12,19" m="41482,20919,47657" machi="19" ten="30,18000,2" yaku="18,1,14,1,10,1,34,2,52,1" doraHai="14" who="3" fromWho="3" sc="371,-60,228,-60,298,-60,103,180" /><INIT seed="3,1,0,5,5,93" ten="311,168,238,283" oya="3" hai0="104,65,22,59,118,47,35,115,61,88,37,54,21" hai1="128,30,52,50,48,64,127,87,125,62,24,1,74" hai2="20,86,40,75,34,0,39,76,126,38,58,16,7" hai3="89,41,36,84,102,73,83,134,82,129,106,108,23"/><W123/><G123/><T13/><D35/><U8/><E74/><V27/><F75/><W6/><G6/><T117/><D115/><U63/><E128/><V60/><F126/><N who="1" m="48137" /><E87/><V33/><F0/><W14/><G129/><T79/><D104/><U81/><E81/><V17/><F7/><W121/><G121/><T53/><D79/><U120/><E120/><V68/><F68/><W99/><G134/><T32/><D32/><N who="1" m="20551" /><E64/><V103/><F34/><W25/><G14/><T31/><D31/><U95/><E1/><V67/><F33/><W77/><G108/><T49/><D37/><U26/><E8/><V72/><F39/><W12/><G12/><T131/><D131/><U110/><E26/><V42/><F27/><W114/><G114/><T130/><D130/><U66/><E110/><V29/><F86/><W15/><G15/><T133/><D65/><U132/><E132/><V90/><F38/><W124/><G124/><T51/><D133/><U94/><E48/><V98/><F72/><W101/><G101/><T44/><D13/><U46/><E63/><V4/><F60/><W105/><G105/><T43/><D61/><U19/><E19/><V92/><F17/><W45/><G25/><T69/><D49/><U28/><E28/><V113/><F16/><W135/><G135/><T100/><D51/><U96/><E94/><V78/><F29/><W122/><G122/><T109/><D109/><U71/><E95/><V107/><F107/><W9/><G9/><T111/><D111/><U55/><E55/><V57/><F113/><W112/><G112/><T11/><D54/><RYUUKYOKU ba="1,0" sc="311,-15,168,15,238,-15,283,15" hai1="46,50,52,62,66,71,96" hai3="23,36,41,45,73,77,82,83,84,89,99,102,106" /><INIT seed="3,2,0,1,4,115" ten="296,183,223,298" oya="3" hai0="67,61,51,35,88,2,12,91,135,44,101,127,58" hai1="80,79,98,128,103,114,19,123,111,49,133,69,124" hai2="42,5,45,25,125,89,10,104,108,83,131,9,105" hai3="53,15,112,68,47,20,38,11,6,52,4,72,0"/><W17/><G112/><T8/><D2/><U119/><E69/><V31/><F108/><W117/><G117/><T78/><D35/><U26/><E114/><V50/><F131/><W84/><G68/><T40/><D135/><U41/><E123/><V94/><F125/><W93/><G6/><T85/><D127/><U23/><E124/><V55/><F83/><W56/><G72/><T70/><D101/><U122/><E122/><V32/><F55/><W113/><G113/><T121/><D121/><U96/><E111/><V46/><F46/><W110/><G110/><T75/><D75/><U62/><E128/><V59/><F59/><W21/><G21/><T99/><D99/><U126/><E126/><V129/><F10/><W87/><G93/><T33/><D33/><U1/><E1/><V109/><F129/><W43/><G53/><T120/><D120/><U76/><E133/><V22/><F32/><W118/><G118/><T14/><D14/><U82/><E62/><AGARI ba="2,0" hai="0,4,11,15,17,20,38,43,47,52,56,62,84,87" machi="62" ten="30,2900,0" yaku="7,1,54,1" doraHai="115" who="3" fromWho="1" sc="296,0,183,-35,223,0,298,35" owari="296,9.6,148,-35.2,223,-17.7,333,43.3" /></mjloggm>