<mjloggm ver="2.3"><GO type="225" lobby="0"/><UN n0="%E5%A4%8F%E9%88%B4%E9%88%B4%E5%A4%8F" n1="%E7%AD%89%E3%80%85%E5%8A%9B%E5%8A%87%E5%A0%B4" n2="%E6%B8%A9%E2%98%85%E6%83%85%E2%98%85%E6%8E%AA%E2%98%85%E7%BD%AE" n3="%E3%82%BC%E3%83%AB%E3%83%80%E3%81%AE%E4%BC%9D%E8%AA%AC" dan="16,16,16,16" rate="2111.82,2177.45,2124.45,2208.88" sx="M,M,M,M"/><TAIKYOKU oya="0"/><BYE who="3" /><BYE who="1" /><UN n3="%E3%82%BC%E3%83%AB%E3%83%80%E3%81%AE%E4%BC%9D%E8%AA%AC" /><INIT seed="0,0,0,2,5,29" ten="250,250,250,250" oya="0" hai0="2,77,135,63,39,74,34,133,23,25,103,73,101" hai1="88,46,44,53,30,67,36,32,78,68,113,106,11" hai2="70,91,122,60,21,112,92,45,35,28,49,16,85" hai3="80,69,27,1,125,66,41,52,90,5,86,75,15"/><T119/><D119/><U104/><E104/><V6/><F122/><UN n1="%E7%AD%89%E3%80%85%E5%8A%9B%E5%8A%87%E5%A0%B4" /><W4/><G4/><T20/><BYE who="3" /><D2/><UN n3="%E3%82%BC%E3%83%AB%E3%83%80%E3%81%AE%E4%BC%9D%E8%AA%AC" /><U18/><E18/><V0/><BYE who="1" /><F112/><UN n1="%E7%AD%89%E3%80%85%E5%8A%9B%E5%8A%87%E5%A0%B4" /><W102/><G102/><BYE who="3" /><N who="0" m="38923" /><BYE who="1" /><D39/><UN n3="%E3%82%BC%E3%83%AB%E3%83%80%E3%81%AE%E4%BC%9D%E8%AA%AC" /><U93/><E93/><V48/><F0/><W83/><G83/><BYE who="3" /><N who="0" m="45487" /><D74/><UN n3="%E3%82%BC%E3%83%AB%E3%83%80%E3%81%AE%E4%BC%9D%E8%AA%AC" /><U62/><E62/><V116/><F6/><W84/><G84/><UN n1="%E7%AD%89%E3%80%85%E5%8A%9B%E5%8A%87%E5%A0%B4" /><T43/><BYE who="3" /><D43/><U14/><E113/><V128/><F128/><W64/><G64/><T117/><D117/><U19/><E36/><V82/><F116/><W13/><G13/><T26/><D63/><U7/><E14/><V123/><F123/><W111/><G111/><T100/><N who="0" m="38931" /><T33/><DORA hai="120" /><D20/><U51/><E11/><V12/><F60/><W50/><G50/><T40/><D40/><U42/><E51/><V114/><F114/><W107/><G107/><T8/><D8/><U17/><E42/><V31/><F70/><W132/><G132/><N who="0" m="50763" /><D25/><U109/><E106/><V127/><F48/><W94/><G94/><T134/><N who="0" m="50771" /><T61/><DORA hai="115" /><D61/><U110/><E46/><V22/><F92/><W105/><G105/><T129/><D129/><U76/><E44/><V24/><F49/><W9/><G9/><T59/><D59/><U72/><E67/><V118/><F45/><W99/><G99/><T79/><D79/><U81/><E76/><V47/><F47/><W58/><G58/><T71/><D71/><U38/><E68/><V55/><F118/><W126/><G126/><T37/><D37/><U95/><E38/><V96/><F24/><W108/><G108/><T98/><D98/><U89/><E72/><V57/><F127/><RYUUKYOKU ba="0,0" sc="250,30,250,-10,250,-10,250,-10" hai0="23,26,33,34" /><INIT seed="0,1,0,1,3,115" ten="280,240,240,240" oya="0" hai0="23,16,74,134,109,25,42,66,117,111,110,121,18" hai1="21,131,129,43,41,13,15,62,120,75,31,14,83" hai2="29,12,104,4,53,9,79,45,39,116,128,27,72" hai3="68,123,130,22,69,7,93,28,102,103,118,50,3"/><T122/><D134/><U81/><E120/><N who="0" m="46185" /><D74/><U99/><E75/><V105/><F128/><N who="1" m="49225" /><E62/><V70/><F70/><W100/><G100/><T84/><D117/><U76/><E99/><V34/><F116/><W114/><G114/><T132/><D132/><U106/><E106/><V125/><F125/><W44/><G44/><T11/><D66/><U30/><E21/><V58/><F79/><W133/><G133/><T89/><D42/><N who="1" m="15883" /><E76/><V88/><F72/><W17/><G17/><N who="0" m="12527" /><D11/><U19/><E19/><V108/><F39/><W47/><G47/><T135/><D135/><U97/><E97/><V1/><F45/><W82/><G82/><AGARI ba="1,0" hai="16,18,82,84,89,109,110,111" m="12527,46185" machi="82" ten="40,7700,0" yaku="14,1,10,1,54,1" doraHai="115" who="0" fromWho="3" sc="280,80,240,0,240,0,240,-80" /><AGARI ba="1,0" hai="13,14,15,30,31,81,82,83" m="15883,49225" machi="82" ten="40,5200,0" yaku="28,2,19,1" doraHai="115" who="1" fromWho="3" sc="360,0,240,52,240,0,160,-52" /><INIT seed="0,2,0,1,0,49" ten="360,292,240,108" oya="0" hai0="32,29,10,54,128,99,61,97,91,36,4,93,44" hai1="124,71,46,38,73,115,132,25,2,117,87,0,114" hai2="125,79,31,14,83,94,27,102,81,18,134,37,66" hai3="70,68,1,64,95,75,126,123,23,130,85,113,69"/><T119/><D119/><U109/><RYUUKYOKU type="yao9" ba="2,0" sc="360,0,292,0,240,0,108,0" hai1="0,2,25,38,46,71,73,87,109,114,115,117,124,132" /><INIT seed="0,3,0,4,5,96" ten="360,292,240,108" oya="0" hai0="25,13,110,24,135,18,94,117,69,79,46,101,5" hai1="116,62,131,67,129,92,87,39,57,14,82,7,134" hai2="114,75,41,113,19,61,86,93,124,40,34,42,15" hai3="50,21,112,78,53,122,47,30,59,16,125,107,26"/><T36/><D117/><U128/><E116/><V95/><F124/><W85/><G85/><T12/><D69/><U83/><E39/><V2/><F75/><W27/><G27/><T104/><D104/><U63/><E134/><V17/><F34/><W99/><G99/><N who="0" m="59639" /><D36/><U126/><E126/><V109/><F2/><W72/><G72/><T8/><D135/><U38/><E38/><V23/><F109/><W58/><G58/><T37/><D37/><U98/><E62/><V121/><F121/><W77/><G77/><T115/><D115/><U35/><E35/><V49/><F49/><W52/><G52/><T51/><D79/><U6/><E87/><V73/><F73/><W81/><G81/><N who="1" m="30730" /><E14/><V33/><F33/><W70/><G70/><T100/><D100/><AGARI ba="3,0" hai="6,7,57,63,67,92,98,100,128,129,131" m="30730" machi="100" ten="30,2000,0" yaku="19,1,52,1" doraHai="96" who="1" fromWho="0" sc="360,-29,292,29,240,0,108,0" /><INIT seed="1,0,0,4,5,46" ten="331,321,240,108" oya="1" hai0="0,134,81,93,129,104,135,20,125,112,13,15,80" hai1="84,26,105,64,53,33,118,44,103,16,115,35,116" hai2="77,4,63,122,21,74,89,101,130,32,100,131,65" hai3="3,6,51,97,57,133,92,25,55,128,5,24,87"/><U73/><E115/><V49/><F32/><W69/><G69/><T109/><D112/><U76/><E73/><V38/><F38/><W37/><G37/><T75/><D104/><U119/><E64/><V42/><F4/><W60/><G60/><T117/><D117/><U85/><E103/><V102/><F122/><W99/><G99/><T111/><D0/><U62/><E105/><V17/><F89/><W113/><G113/><T45/><D129/><N who="2" m="49162" /><F77/><W91/><G91/><T27/><D93/><U12/><E62/><V72/><F42/><W70/><G70/><T59/><D125/><U34/><E26/><N who="2" m="14639" /><F49/><W58/><G58/><AGARI ba="0,0" hai="58,63,65,72,74,100,101,102" m="14639,49162" machi="58" ten="30,1000,0" yaku="19,1" doraHai="46" who="2" fromWho="3" sc="331,0,321,0,240,10,108,-10" /><INIT seed="2,0,0,2,1,46" ten="331,321,250,98" oya="2" hai0="57,2,126,20,96,93,122,28,98,53,21,38,54" hai1="58,76,105,32,36,67,43,17,88,27,80,26,116" hai2="128,11,99,72,83,10,130,102,81,48,9,22,35" hai3="131,34,29,68,12,51,89,97,133,90,107,125,18"/><V94/><F35/><W14/><G14/><T6/><D122/><U64/><E116/><V0/><F0/><W30/><G30/><T5/><D126/><U56/><E105/><V1/><F1/><W16/><G16/><T85/><D38/><U104/><E104/><V103/><F103/><W74/><G74/><T91/><D53/><U92/><E36/><V49/><F22/><N who="0" m="8810" /><D28/><U100/><E43/><V77/><REACH who="2" step="1"/><F83/><REACH who="2" ten="331,321,240,98" step="2"/><W33/><G33/><T55/><D2/><U123/><E100/><V129/><AGARI ba="0,1" hai="9,10,11,48,49,72,77,81,94,99,102,128,129,130" machi="129" ten="40,18000,2" yaku="1,1,2,1,0,1,19,1,52,2,53,0" doraHai="46" doraHaiUra="132" who="2" fromWho="2" sc="331,-60,321,-60,240,190,98,-60" /><INIT seed="2,1,0,3,4,45" ten="271,261,430,38" oya="2" hai0="118,14,107,47,92,115,59,78,26,127,66,101,68" hai1="97,10,88,52,36,69,109,113,106,133,48,62,85" hai2="73,55,17,90,93,19,81,11,12,110,60,130,122" hai3="40,29,42,76,80,16,54,123,132,15,50,31,125"/><V20/><F122/><W33/><G33/><T71/><D115/><U9/><E113/><V27/><F130/><W111/><G111/><T13/><D107/><U34/><E36/><V72/><F81/><W104/><G104/><T22/><D78/><U131/><E34/><V87/><F110/><W102/><G102/><T43/><D127/><U8/><E109/><V18/><F18/><W129/><G129/><T98/><D118/><U39/><E131/><V79/><F79/><W25/><G25/><T44/><D71/><U38/><E133/><V41/><F41/><W7/><G7/><T89/><D68/><U100/><E62/><V135/><F135/><W95/><G95/><T77/><D89/><U35/><E35/><V84/><F84/><W1/><G1/><T134/><D77/><U121/><E69/><V63/><F63/><W56/><G56/><T82/><D82/><U30/><E30/><V6/><F6/><W2/><G2/><T23/><D23/><U46/><REACH who="1" step="1"/><E121/><REACH who="1" ten="271,251,430,38" step="2"/><V57/><AGARI ba="1,1" hai="11,12,17,19,20,27,55,57,60,72,73,87,90,93" machi="57" ten="30,1500,0" yaku="0,1" doraHai="45" who="2" fromWho="2" sc="271,-6,251,-6,430,28,38,-6" /><INIT seed="2,2,0,0,0,105" ten="265,245,458,32" oya="2" hai0="12,130,5,23,123,135,109,25,115,43,98,68,64" hai1="13,93,3,31,75,41,125,81,32,37,67,55,92" hai2="127,99,35,20,33,9,88,18,87,36,39,57,114" hai3="112,47,121,119,42,60,54,30,15,101,107,102,97"/><V59/><F114/><W108/><G108/><T124/><D123/><U34/><E3/><V27/><F127/><W133/><G133/><T76/><D115/><U82/><E67/><V65/><F99/><W61/><G61/><T48/><D109/><U2/><E2/><V113/><F113/><W49/><G49/><T53/><D43/><U28/><E13/><V91/><F91/><W66/><G66/><T73/><D98/><U7/><E7/><V56/><F65/><W45/><G45/><T79/><D130/><U118/><E41/><V89/><F89/><W126/><G126/><T52/><D53/><U26/><E37/><V120/><F120/><W117/><G117/><T46/><D135/><U131/><E26/><V4/><F39/><W104/><G104/><T103/><D103/><U94/><E92/><V90/><F90/><W72/><G72/><T0/><D0/><U84/><E84/><V70/><F70/><W24/><G24/><T74/><D124/><U62/><E125/><V50/><F50/><W95/><G95/><T40/><D40/><U29/><E28/><V14/><REACH who="2" step="1"/><F36/><REACH who="2" ten="265,245,448,32" step="2"/><W85/><G85/><T110/><D64/><U8/><E62/><V19/><F19/><W86/><G86/><T111/><D68/><U80/><E31/><V96/><F96/><W116/><G116/><T6/><D110/><U22/><E29/><V63/><F63/><W134/><G134/><T58/><D111/><U16/><E118/><V51/><F51/><W83/><G83/><AGARI ba="2,1" hai="4,9,14,18,20,27,33,35,56,57,59,83,87,88" machi="83" ten="40,3900,0" yaku="1,1,54,1,53,0" doraHai="105" doraHaiUra="129" who="2" fromWho="3" sc="265,0,245,0,448,55,32,-45" owari="265,6.5,245,-15.5,503,60.3,-13,-51.3" /></mjloggm>