<mjloggm ver="2.3"><GO type="225" lobby="0"/><UN n0="%72%65%6E%6B%75%6E" n1="%72%69%6F%75%63%68%61%6E" n2="%E3%81%BF%E3%81%BF%E3%81%9A" n3="%E3%82%B2%E3%82%B9%E8%8C%82%E5%8B%9D" dan="17,16,16,16" rate="2246.14,2091.34,2180.34,2062.85" sx="M,M,M,F"/><TAIKYOKU oya="0"/><INIT seed="0,0,0,0,3,15" ten="250,250,250,250" oya="0" hai0="72,58,71,24,55,78,41,118,110,32,120,7,126" hai1="34,2,84,100,92,8,50,79,20,98,73,57,28" hai2="116,6,10,31,35,117,5,97,27,11,46,66,115" hai3="68,122,38,1,114,48,132,54,36,134,25,70,133"/><T124/><D71/><N who="3" m="27177" /><G25/><T4/><D118/><N who="2" m="45674" /><F66/><W112/><G1/><T45/><D120/><U83/><E34/><V30/><F97/><W103/><G103/><T43/><D110/><U67/><E50/><V90/><F90/><W52/><G122/><T82/><D32/><U33/><E33/><V29/><F46/><N who="3" m="27671" /><G54/><T80/><D80/><U26/><E2/><N who="2" m="311" /><F115/><AGARI ba="0,0" hai="36,38,112,114,115,132,133,134" m="27671,27177" machi="115" ten="40,8000,1" yaku="20,1,34,2,54,1" doraHai="15" who="3" fromWho="2" sc="250,0,250,0,250,-80,250,80" /><INIT seed="1,0,0,2,3,0" ten="250,250,170,330" oya="1" hai0="20,18,70,121,9,16,86,117,84,87,79,99,26" hai1="78,65,40,46,3,123,131,63,48,91,127,96,37" hai2="122,5,83,73,100,17,94,76,115,59,104,114,43" hai3="14,38,19,21,90,51,62,110,68,128,54,33,32"/><U8/><E123/><V111/><F43/><W44/><G110/><T107/><D70/><U60/><E127/><V50/><F111/><W49/><G128/><T75/><D121/><U108/><E131/><V102/><F122/><W125/><G125/><T133/><D117/><U39/><E108/><V72/><F17/><W95/><G38/><T85/><D133/><U93/><E78/><V97/><F50/><W47/><G62/><T22/><D9/><U118/><E118/><V67/><F59/><W61/><G61/><T119/><D119/><U10/><E63/><V29/><F29/><W28/><G28/><T24/><N who="0" m="21504" /><DORA hai="57" /><T58/><D58/><U52/><E3/><V15/><F67/><W80/><G80/><T130/><D130/><U109/><E109/><V82/><F15/><W42/><G68/><T129/><D129/><U55/><E37/><V126/><F5/><W106/><G106/><T98/><REACH who="0" step="1"/><D107/><REACH who="0" ten="240,250,170,330" step="2"/><U7/><E8/><V89/><F126/><W113/><G113/><N who="2" m="43017" /><F104/><W134/><G134/><T2/><D2/><U101/><E10/><V11/><F11/><W66/><G44/><T132/><D132/><U30/><E7/><V135/><F135/><W69/><G47/><T41/><D41/><U64/><E40/><V103/><F76/><W124/><G42/><T88/><D88/><U71/><E91/><V4/><F4/><W31/><G90/><T105/><D105/><U45/><E46/><V81/><AGARI ba="0,1" hai="72,73,81,82,83,89,94,97,100,102,103" m="43017" machi="81" ten="40,5200,0" yaku="11,1,34,2" doraHai="0,57" who="2" fromWho="2" sc="240,-13,250,-26,170,62,330,-13" /><INIT seed="2,0,0,1,5,41" ten="227,224,232,317" oya="2" hai0="130,81,116,103,102,134,51,80,16,107,88,115,14" hai1="20,110,131,86,45,30,90,84,69,62,19,75,3" hai2="15,114,11,74,38,44,117,70,89,100,78,8,21" hai3="85,52,111,12,47,104,125,73,94,4,17,135,105"/><V40/><F114/><W71/><G71/><T46/><D115/><U57/><E110/><V113/><F113/><W25/><G111/><T2/><D2/><U61/><E131/><V129/><F117/><W27/><G73/><T77/><D130/><U23/><E75/><V82/><F129/><W48/><G135/><T126/><D134/><U121/><E3/><V79/><F70/><W7/><G125/><T34/><D34/><U29/><E121/><V72/><F100/><N who="0" m="38442" /><D126/><U1/><E1/><V66/><F66/><W68/><G68/><T67/><D107/><U50/><E69/><V22/><F89/><N who="3" m="53551" /><G105/><T26/><D26/><N who="3" m="9737" /><G104/><T36/><D36/><U28/><E19/><V91/><F91/><W55/><G55/><N who="0" m="30199" /><D116/><U127/><E127/><V108/><F108/><W93/><G93/><T53/><D67/><N who="1" m="39343" /><E62/><V39/><F38/><W0/><G0/><T24/><D24/><U35/><E35/><V119/><F119/><W58/><G58/><T18/><D77/><U120/><E120/><V59/><F59/><W76/><G76/><T128/><D128/><U95/><E86/><V133/><F133/><W109/><G109/><T10/><D53/><AGARI ba="0,0" hai="20,23,28,29,30,45,50,53,84,90,95" m="39343" machi="53" ten="30,2000,0" yaku="8,1,52,1" doraHai="41" who="1" fromWho="0" sc="227,-20,224,20,232,0,317,0" /><INIT seed="3,0,0,5,4,20" ten="207,244,232,317" oya="3" hai0="48,129,84,65,19,55,64,12,23,40,39,21,77" hai1="34,92,123,13,135,25,52,56,124,75,26,63,60" hai2="105,58,78,117,76,109,74,80,36,11,16,103,42" hai3="89,133,132,120,108,130,0,5,127,15,10,54,85"/><W27/><G120/><T70/><D129/><U97/><E123/><V82/><F117/><W100/><G130/><T3/><D3/><U62/><E75/><V49/><F109/><W126/><G108/><T67/><D39/><U99/><E124/><N who="3" m="47658" /><G100/><T44/><D70/><U72/><E72/><V106/><F36/><W125/><G125/><T37/><D37/><U1/><E1/><V94/><F94/><N who="3" m="54575" /><G54/><T22/><REACH who="0" step="1"/><D55/><REACH who="0" ten="197,244,232,317" step="2"/><U81/><E52/><V93/><F42/><W38/><G38/><T87/><D87/><U111/><E111/><V17/><F49/><W121/><G121/><T53/><D53/><U88/><E63/><V41/><F41/><W116/><G116/><T98/><D98/><U66/><E99/><V28/><F58/><W102/><G0/><T59/><D59/><U4/><E60/><V6/><F28/><W31/><G102/><T71/><D71/><U91/><E56/><V18/><F103/><W69/><G69/><T24/><D24/><U29/><E25/><V104/><F93/><W35/><AGARI ba="0,1" hai="5,10,15,27,31,35,132,133" m="54575,47658" machi="35" ten="30,3000,0" yaku="18,1,52,1" doraHai="20" who="3" fromWho="3" sc="197,-10,244,-10,232,-10,317,40" owari="187,-31.3,234,3.4,222,-17.8,357,45.7" /></mjloggm>