<mjloggm ver="2.3"><GO type="225" lobby="0"/><UN n0="%E3%81%BE%E3%81%8B%E3%81%B7%E3%82%93" n1="%E6%A1%9C%E8%8A%B1%E9%96%83%E3%80%85" n2="%E3%81%99%E3%81%84%E3%81%BE%E3%81%9B%E3%83%BC%E3%82%93" n3="%6D%75%75%73%61%6E%6D%75" dan="16,16,18,16" rate="2076.56,2212.88,2270.63,2123.26" sx="M,M,M,F"/><TAIKYOKU oya="0"/><INIT seed="0,0,0,2,2,87" ten="250,250,250,250" oya="0" hai0="131,64,0,31,108,75,5,57,125,78,123,97,1" hai1="30,106,49,119,22,121,113,126,110,7,42,132,102" hai2="117,77,48,12,103,46,111,70,17,51,124,71,27" hai3="130,47,55,53,38,13,99,10,40,89,15,86,25"/><T105/><D123/><U72/><E121/><V134/><F124/><W107/><G130/><T118/><D118/><U63/><E119/><V81/><F117/><W83/><G25/><T9/><D0/><U133/><E72/><V98/><F27/><W19/><REACH who="3" step="1"/><G15/><REACH who="3" ten="250,250,250,240" step="2"/><T14/><D131/><U112/><E126/><V128/><F12/><W43/><G43/><T120/><D14/><U93/><E42/><V6/><F128/><W34/><G34/><T116/><D125/><U65/><E113/><V3/><F3/><W36/><G36/><T127/><D127/><U44/><E112/><V84/><F134/><W59/><G59/><T104/><D57/><U96/><E133/><V60/><F71/><W95/><G95/><T88/><D1/><U91/><E132/><V18/><F70/><W39/><G39/><T80/><D116/><U26/><E93/><V122/><F122/><W129/><G129/><T62/><D105/><U101/><E106/><V54/><F46/><W114/><G114/><T24/><D104/><U68/><E44/><V74/><F81/><W109/><G109/><T100/><D108/><U76/><E26/><V21/><F111/><W33/><G33/><T92/><D120/><U58/><E110/><V2/><F2/><W20/><G20/><T4/><D24/><U29/><E22/><V41/><F41/><W115/><G115/><T79/><D80/><U23/><E68/><V69/><F69/><W90/><G90/><T50/><D88/><U135/><E23/><V52/><F21/><W35/><G35/><T45/><D45/><U73/><E135/><RYUUKYOKU ba="0,1" sc="250,-10,250,-10,250,-10,240,30" hai3="10,13,19,38,40,47,53,55,83,86,89,99,107" /><INIT seed="1,1,1,5,2,53" ten="240,240,240,270" oya="1" hai0="98,124,112,5,76,74,93,61,11,82,85,15,70" hai1="17,73,116,42,2,122,86,107,87,45,32,48,80" hai2="102,55,100,22,16,34,57,36,26,128,25,27,66" hai3="72,134,121,114,77,0,1,89,113,111,120,10,109"/><U24/><E116/><V18/><F36/><W135/><G89/><T59/><D124/><U40/><E122/><N who="3" m="47210" /><G77/><T62/><D112/><N who="3" m="43113" /><G72/><T54/><D74/><U13/><E2/><N who="3" m="1130" /><G10/><T3/><D3/><U129/><E73/><V79/><F128/><W68/><G68/><T132/><D132/><AGARI ba="1,1" hai="109,111,132,134,135" m="1130,43113,47210" machi="132" ten="40,12000,2" yaku="28,2,20,1,31,2,34,2" doraHai="53" who="3" fromWho="0" sc="240,-123,240,0,240,0,270,133" /><INIT seed="2,0,0,1,5,56" ten="117,240,240,403" oya="2" hai0="107,16,41,62,127,1,103,61,122,119,55,117,24" hai1="51,39,129,52,12,26,33,121,54,92,106,134,93" hai2="109,64,71,21,97,35,116,112,4,80,47,15,46" hai3="53,0,9,34,86,75,63,49,84,83,19,20,23"/><V66/><F116/><N who="0" m="44618" /><D122/><U76/><E39/><V128/><F35/><W79/><G34/><T22/><D127/><U30/><E106/><V2/><F112/><W36/><G36/><T68/><D1/><U124/><E129/><V102/><F128/><W108/><G108/><T114/><D114/><U118/><E118/><V69/><F2/><W14/><G63/><N who="0" m="24075" /><D68/><U123/><E134/><V115/><F115/><W18/><G0/><T89/><D41/><U72/><E54/><V78/><F71/><W8/><G53/><T125/><D125/><U132/><E132/><V48/><F69/><W100/><G49/><T77/><D77/><U135/><E135/><V27/><F48/><W74/><G79/><T11/><D55/><U38/><E124/><V111/><F111/><W43/><G43/><T13/><D89/><U57/><E121/><V3/><F3/><W67/><G67/><T81/><D81/><U82/><E123/><V37/><F109/><W105/><G83/><T32/><D32/><U130/><E130/><V44/><F80/><W91/><G91/><T45/><D45/><U31/><E82/><V101/><F78/><W58/><G75/><T10/><D24/><N who="1" m="18631" /><E76/><V95/><F66/><W88/><G74/><T126/><D126/><U59/><E72/><V70/><F64/><W90/><G90/><T5/><D5/><U65/><E65/><V60/><F70/><W42/><G42/><T28/><D28/><U131/><E131/><V6/><F6/><W7/><G7/><T104/><D104/><U40/><E40/><V50/><F4/><W120/><G120/><RYUUKYOKU ba="0,0" sc="117,30,240,-10,240,-10,403,-10" hai0="10,11,13,16,22,103,107" /><INIT seed="3,1,0,0,3,78" ten="147,230,230,393" oya="3" hai0="94,30,97,63,15,120,130,4,85,88,114,72,44" hai1="29,87,111,22,49,101,11,46,122,62,131,55,89" hai2="58,95,100,27,124,43,112,107,47,135,19,79,59" hai3="10,93,1,133,82,8,41,125,53,83,42,70,26"/><W116/><G70/><T38/><D120/><U110/><E122/><V77/><F107/><W86/><G116/><T80/><D130/><U3/><E131/><V108/><F112/><W35/><G125/><T32/><D114/><U65/><E101/><V52/><F108/><N who="1" m="41513" /><E22/><N who="2" m="13791" /><F135/><W68/><G68/><T36/><D72/><U92/><E29/><V121/><F124/><W64/><G1/><T2/><D2/><U37/><E37/><V132/><F132/><W50/><G64/><T0/><D0/><U56/><E3/><V84/><F59/><W104/><G26/><T60/><D30/><U105/><E11/><V25/><F25/><W40/><G104/><AGARI ba="1,0" hai="46,49,55,56,62,65,87,89,92,104,105" m="41513" machi="104" ten="30,1000,0" yaku="14,1" doraHai="78" who="1" fromWho="3" sc="147,0,230,13,230,0,393,-13" owari="147,-35.3,243,4.3,230,-17.0,380,48.0" /></mjloggm>