<mjloggm ver="2.3"><GO type="225" lobby="0"/><UN n0="%74%75%72%74%6C%65%2E" n1="%4C%4F%4C%49%54%41" n2="%E5%A4%9C%E3%81%AE%E3%82%AC%E3%82%B9%E3%83%91%E3%83%BC%E3%83%AB" n3="%E6%9D%B1%E9%A2%A8%E3%81%AE%E3%81%8D%E3%82%83%E3%81%B7%E3%81%95%E3%82%93" dan="16,16,17,17" rate="2038.51,2203.01,2225.44,2173.41" sx="M,F,M,M"/><TAIKYOKU oya="0"/><INIT seed="0,0,0,0,3,47" ten="250,250,250,250" oya="0" hai0="62,123,43,8,11,50,56,108,115,38,133,119,113" hai1="3,97,90,64,14,112,76,79,73,92,9,77,26" hai2="88,80,104,78,75,44,65,124,39,114,120,45,91" hai3="58,33,86,94,60,125,51,24,16,131,93,0,18"/><T27/><D123/><U29/><E112/><V34/><F114/><W55/><G0/><T82/><D119/><U12/><E64/><V98/><F120/><W109/><G109/><T46/><D108/><U23/><E3/><V15/><F34/><W28/><G131/><T135/><D38/><U48/><E73/><V67/><F124/><W132/><G132/><N who="0" m="50763" /><D27/><U87/><E12/><V117/><F117/><W84/><G125/><T54/><D82/><U19/><REACH who="1" step="1"/><E48/><REACH who="1" ten="250,240,250,250" step="2"/><V35/><F67/><W42/><G60/><T101/><D101/><U107/><E107/><V106/><F65/><W68/><G68/><T71/><D71/><U122/><E122/><V99/><F106/><W6/><G6/><T110/><D110/><U127/><E127/><V36/><F104/><W17/><REACH who="3" step="1"/><G42/><REACH who="3" ten="250,240,250,240" step="2"/><T2/><D2/><U10/><E10/><AGARI ba="0,2" hai="8,10,11,43,46,50,54,56,62,113,115" m="50763" machi="10" ten="30,2900,0" yaku="20,1,52,1" doraHai="47" who="0" fromWho="1" sc="250,49,240,-29,250,0,240,0" /><INIT seed="0,1,0,0,0,110" ten="299,211,250,240" oya="0" hai0="82,32,81,29,124,114,80,31,25,99,38,10,128" hai1="83,8,105,40,108,42,13,66,129,26,49,58,119" hai2="56,130,5,37,57,97,77,53,85,52,59,87,45" hai3="16,43,106,116,111,46,109,0,51,24,20,113,18"/><T48/><D38/><U7/><E119/><V11/><F130/><W35/><G116/><T44/><D128/><U126/><E105/><V27/><F97/><W132/><G106/><T84/><D124/><U112/><E129/><V118/><F118/><W3/><G35/><T95/><D29/><U89/><E108/><N who="3" m="41546" /><G18/><T88/><D10/><U50/><E126/><V60/><F27/><W55/><G132/><T121/><D121/><U23/><E112/><V62/><F77/><W94/><G94/><T98/><REACH who="0" step="1"/><D114/><REACH who="0" ten="289,211,250,240" step="2"/><U96/><E8/><V9/><F9/><W125/><G125/><T74/><D74/><U104/><E7/><V33/><F11/><W100/><G113/><T22/><D22/><U76/><E23/><V117/><F117/><W133/><G133/><T75/><D75/><U28/><E28/><V103/><F5/><W4/><G4/><T72/><D72/><U64/><E40/><AGARI ba="1,1" hai="25,31,32,40,44,48,80,81,82,84,88,95,98,99" machi="40" ten="40,3900,0" yaku="1,1,54,1,53,0" doraHai="110" doraHaiUra="70" who="0" fromWho="1" sc="289,52,211,-42,250,0,240,0" /><INIT seed="0,2,0,5,4,69" ten="341,169,250,240" oya="0" hai0="110,14,38,92,114,123,106,91,36,37,90,47,113" hai1="134,71,115,61,57,30,81,80,84,132,79,101,70" hai2="26,97,33,135,73,1,44,54,62,124,75,83,85" hai3="122,20,72,60,67,25,31,16,98,100,50,116,8"/><T78/><D106/><U52/><E115/><V89/><F1/><W117/><G72/><T127/><D123/><U43/><E30/><V86/><F124/><W102/><G122/><T121/><D121/><U5/><E5/><V77/><F135/><N who="1" m="51753" /><E101/><V126/><F126/><W94/><G102/><T88/><D127/><U40/><E81/><V41/><F97/><W4/><G50/><T118/><D118/><U53/><E53/><V129/><F129/><W3/><REACH who="3" step="1"/><G31/><REACH who="3" ten="341,169,250,230" step="2"/><T76/><D114/><U11/><E11/><V104/><F75/><W32/><G32/><T15/><D113/><U66/><E71/><AGARI ba="2,1" hai="3,4,8,16,20,25,60,67,71,94,98,100,116,117" machi="71" ten="30,7700,0" yaku="1,1,7,1,54,1,53,1" doraHai="69" doraHaiUra="96" who="3" fromWho="1" sc="341,0,169,-83,250,0,230,93" /><INIT seed="1,0,0,0,3,60" ten="341,86,250,323" oya="1" hai0="107,14,22,62,59,30,11,6,98,61,55,63,34" hai1="114,83,31,84,5,64,122,127,48,36,33,101,121" hai2="70,111,82,110,135,72,56,89,58,91,47,15,4" hai3="115,97,80,118,50,88,25,35,87,99,32,75,49"/><U108/><E36/><V116/><F116/><W94/><G115/><T52/><D34/><U93/><E114/><V77/><F70/><W130/><G118/><T103/><D30/><U0/><E127/><V113/><F113/><W102/><G130/><T106/><D106/><U78/><E108/><N who="2" m="41515" /><F47/><W51/><G75/><T2/><D22/><U126/><E126/><V85/><F135/><W117/><G117/><T120/><D120/><U24/><E48/><V95/><F91/><W54/><G25/><T71/><D71/><U65/><E121/><V66/><F66/><W74/><G54/><T129/><D129/><U13/><E0/><V41/><F41/><W10/><G10/><AGARI ba="0,0" hai="4,10,15,56,58,72,77,82,85,89,95" m="41515" machi="10" ten="30,1000,0" yaku="14,1" doraHai="60" who="2" fromWho="3" sc="341,0,86,0,250,10,323,-10" /><INIT seed="2,0,0,4,0,64" ten="341,86,260,313" oya="2" hai0="85,59,77,124,18,32,75,7,19,49,43,68,116" hai1="16,34,60,0,115,24,129,102,93,29,56,58,25" hai2="109,37,105,88,66,103,125,106,107,13,67,48,86" hai3="3,78,91,118,128,33,50,132,62,100,133,95,8"/><V26/><F37/><W55/><G33/><T123/><D75/><U42/><E115/><V135/><F135/><W5/><G118/><T94/><D32/><U90/><E0/><V45/><F125/><W30/><G30/><T72/><D68/><U12/><E129/><V47/><F103/><W31/><G31/><T74/><D123/><U35/><E42/><V119/><F119/><W81/><G62/><T104/><D104/><U101/><E25/><V44/><F109/><W126/><G100/><T14/><D74/><U131/><E35/><V83/><F48/><W20/><G20/><T79/><D72/><U134/><E58/><V54/><F54/><W21/><G21/><T61/><D124/><U38/><E38/><V122/><F122/><W117/><G126/><T27/><D27/><U71/><E131/><V6/><REACH who="2" step="1"/><F26/><REACH who="2" ten="341,86,250,313" step="2"/><W51/><G128/><T36/><D36/><U99/><E134/><N who="3" m="51818" /><G55/><T110/><D110/><U98/><E98/><V1/><F1/><W92/><G117/><T40/><D116/><U130/><E130/><V10/><AGARI ba="0,1" hai="6,10,13,44,45,47,66,67,83,86,88,105,106,107" machi="10" ten="40,7800,0" yaku="1,1,0,1,54,1,53,0" doraHai="64" doraHaiUra="57" who="2" fromWho="2" sc="341,-26,86,-26,250,88,313,-26" /><INIT seed="2,1,0,5,5,9" ten="315,60,338,287" oya="2" hai0="12,123,66,48,17,15,34,113,79,109,56,89,37" hai1="117,96,134,7,45,0,133,20,80,74,27,43,71" hai2="6,97,127,129,94,121,59,115,118,104,72,23,119" hai3="99,112,90,62,30,39,81,124,5,40,100,70,88"/><V106/><F115/><W92/><G112/><T67/><D37/><U130/><E117/><V50/><F121/><W83/><G124/><T91/><D34/><U85/><E130/><V8/><F72/><W19/><G39/><T93/><D113/><U87/><E87/><V77/><F77/><W107/><G40/><T75/><D123/><U53/><E53/><V131/><F127/><W44/><G44/><T21/><D109/><U1/><E71/><V38/><F38/><W54/><G5/><T64/><D75/><U29/><E96/><V82/><F82/><W49/><G30/><T2/><D2/><U120/><E120/><V95/><F23/><W11/><G62/><T69/><D69/><U22/><E22/><V126/><F126/><W51/><G70/><T108/><D79/><U101/><E101/><V98/><F59/><W105/><G105/><T102/><D108/><U14/><E74/><V73/><F73/><W36/><G36/><T58/><D102/><U57/><E57/><N who="0" m="22121" /><D48/><N who="3" m="18505" /><G54/><T65/><D65/><U55/><E55/><V47/><BYE who="1" /><F50/><W60/><G60/><T103/><D103/><U16/><E16/><V28/><F28/><W111/><G111/><T63/><D63/><UN n1="%4C%4F%4C%49%54%41" /><U41/><E41/><V24/><F47/><W33/><G33/><T31/><D31/><U4/><E0/><V26/><F6/><N who="1" m="2089" /><E1/><V42/><F42/><W35/><G35/><T61/><D61/><U46/><E43/><V52/><F52/><W84/><G90/><N who="0" m="34315" /><D93/><U13/><E46/><V122/><F122/><W128/><G128/><T25/><AGARI ba="1,0" hai="12,15,17,21,25,64,66,67" m="34315,22121" machi="25" ten="30,4000,0" yaku="8,1,52,2" doraHai="9" who="0" fromWho="0" sc="315,43,60,-11,338,-21,287,-11" /><INIT seed="3,0,0,0,0,129" ten="358,49,317,276" oya="3" hai0="101,31,105,84,59,43,64,28,41,110,130,68,122" hai1="34,106,90,77,96,81,27,79,92,52,102,116,107" hai2="95,124,70,51,39,49,72,29,23,54,45,44,127" hai3="83,104,80,18,11,126,63,14,100,47,17,87,25"/><W135/><G135/><T20/><D68/><U112/><E27/><N who="2" m="16639" /><F72/><W5/><G126/><N who="2" m="48169" /><F70/><W38/><G83/><T2/><D2/><U15/><E15/><V97/><F39/><W61/><G104/><T46/><D41/><U56/><E34/><V0/><F0/><W89/><G100/><T119/><D119/><U48/><E48/><N who="2" m="28935" /><F45/><W85/><G38/><T115/><D31/><U58/><E52/><V109/><F109/><W6/><G47/><T134/><D64/><U113/><E56/><V16/><F16/><N who="3" m="6251" /><G5/><T94/><D59/><U65/><E65/><V67/><F67/><W62/><G87/><T32/><D28/><U19/><E19/><V121/><F121/><W35/><G35/><T99/><D46/><U1/><E1/><V50/><F50/><W57/><G25/><T128/><D122/><U60/><E116/><V69/><F69/><W13/><G13/><T120/><D120/><U66/><E58/><AGARI ba="0,0" hai="6,11,14,57,58,61,62,63,80,85,89" m="6251" machi="58" ten="30,2900,0" yaku="8,1,54,1" doraHai="129" who="3" fromWho="1" sc="358,0,49,-29,317,0,276,29" /><INIT seed="3,1,0,3,1,59" ten="358,20,317,305" oya="3" hai0="99,91,112,63,30,11,40,71,45,28,38,9,62" hai1="107,90,64,88,75,22,4,103,87,110,132,104,78" hai2="66,79,100,77,35,93,65,135,131,121,25,58,61" hai3="49,81,24,17,5,86,8,29,14,34,74,122,133"/><W119/><G74/><T32/><D71/><U118/><E4/><V130/><F135/><W26/><G133/><T69/><D69/><U94/><E22/><V98/><F121/><W51/><G122/><T0/><D32/><U54/><E54/><V92/><F92/><W21/><REACH who="3" step="1"/><G119/><REACH who="3" ten="358,20,317,295" step="2"/><T134/><D134/><U15/><E132/><V36/><F36/><W33/><G33/><T120/><D120/><U16/><E118/><V19/><F66/><W44/><G44/><T123/><D45/><U46/><E64/><V3/><F3/><W126/><G126/><T129/><D38/><U18/><E110/><V128/><F35/><W27/><G27/><T116/><D0/><U115/><E115/><V109/><F109/><W41/><G41/><T83/><D40/><U96/><E46/><V95/><F95/><W42/><G42/><T10/><D112/><U84/><E18/><V105/><F93/><W31/><G31/><T1/><D1/><U39/><E39/><V89/><F89/><AGARI ba="1,1" hai="5,8,14,17,21,24,26,29,34,49,51,81,86,89" machi="89" ten="30,2900,0" yaku="1,1,7,1,53,0" doraHai="59" doraHaiUra="124" who="3" fromWho="2" sc="358,0,20,0,317,-32,295,42" /><INIT seed="3,2,0,4,1,57" ten="358,20,285,337" oya="3" hai0="9,61,87,80,26,7,118,89,109,36,64,33,35" hai1="51,0,66,14,58,24,120,110,107,17,113,119,112" hai2="133,83,21,27,97,95,15,82,99,50,16,93,106" hai3="116,94,129,6,108,3,91,67,10,105,92,20,19"/><W101/><G116/><T29/><D118/><U123/><E51/><V11/><F106/><W68/><G129/><T77/><D109/><U49/><E49/><V25/><F133/><W1/><G108/><T102/><D102/><U117/><E107/><V74/><F74/><W44/><G1/><T73/><D36/><U135/><E0/><V38/><F38/><W81/><G44/><T45/><D45/><U53/><E24/><V84/><F27/><W43/><G43/><T32/><D73/><U114/><E66/><V90/><F50/><W96/><G81/><T75/><D89/><U85/><E85/><V72/><F72/><W63/><G91/><T40/><D40/><U8/><E53/><V78/><F83/><W4/><G4/><T128/><D87/><U126/><E58/><V5/><REACH who="2" step="1"/><F95/><REACH who="2" ten="358,20,275,337" step="2"/><W103/><G103/><T12/><D128/><U121/><E110/><V76/><F76/><W98/><G98/><T41/><D41/><U60/><E60/><V131/><F131/><W31/><G31/><T2/><D2/><U37/><E37/><V56/><F56/><AGARI ba="2,1" hai="7,9,12,26,29,32,33,35,56,61,64,75,77,80" machi="56" ten="30,2000,0" yaku="7,1,52,1" doraHai="57" who="0" fromWho="2" sc="358,36,20,0,275,-26,337,0" owari="394,49.4,20,-48.0,249,-15.1,337,13.7" /></mjloggm>