<mjloggm ver="2.3"><GO type="225" lobby="0"/><UN n0="%6D%75%75%6D%75%72%61" n1="%E7%99%BD%E6%97%A5%E9%9B%AA%E8%8F%9C" n2="%72%61%6B%33" n3="%E3%83%87%E3%83%A9%E3%82%B3%E3%83%83%E3%82%B3" dan="17,16,16,17" rate="2202.95,2147.19,2118.86,2196.71" sx="F,M,M,M"/><TAIKYOKU oya="0"/><INIT seed="0,0,0,5,3,43" ten="250,250,250,250" oya="0" hai0="123,5,127,99,124,19,16,86,40,26,93,64,111" hai1="88,112,75,126,45,84,9,24,95,114,63,98,90" hai2="55,14,109,52,53,37,83,116,117,119,121,32,94" hai3="72,120,79,39,85,41,73,62,135,51,54,60,2"/><T65/><D123/><U35/><E75/><V61/><F121/><W30/><G120/><T87/><D5/><U130/><E130/><V105/><F105/><W118/><G118/><T8/><D111/><U47/><E126/><N who="0" m="48169" /><D40/><U22/><E35/><V28/><F109/><W6/><G30/><T1/><D1/><U91/><E9/><V15/><F37/><W96/><G135/><T100/><D26/><U125/><E125/><V76/><F94/><W101/><G41/><T133/><D133/><U21/><E63/><N who="3" m="24106" /><G39/><T23/><D23/><U27/><E112/><V122/><F122/><W78/><G6/><T131/><D131/><U46/><E114/><V57/><F28/><W36/><G36/><T129/><D129/><U82/><E90/><V20/><F32/><W10/><G10/><T104/><D8/><U132/><E132/><V107/><F107/><N who="3" m="63911" /><G2/><T3/><D3/><U77/><E77/><N who="3" m="29194" /><G85/><N who="0" m="32267" /><D104/><U38/><E38/><V12/><REACH who="2" step="1"/><F20/><AGARI ba="0,0" hai="20,21,22,24,27,45,46,47,82,84,88,91,95,98" machi="20" ten="40,8000,1" yaku="8,1,52,3,54,1" doraHai="43" who="1" fromWho="2" sc="250,0,250,80,250,-80,250,0" /><INIT seed="1,0,0,3,2,68" ten="250,330,170,250" oya="1" hai0="29,124,116,64,63,26,47,44,76,31,5,104,105" hai1="87,120,43,101,88,84,131,72,71,38,77,132,73" hai2="52,39,65,93,30,128,21,115,23,129,12,8,22" hai3="54,40,79,0,48,24,102,133,62,99,67,41,74"/><U20/><E120/><V33/><F65/><W91/><G133/><T80/><D116/><U130/><E71/><V7/><F93/><W14/><G0/><T98/><D124/><U69/><E69/><V108/><F108/><W96/><G24/><T119/><D119/><U121/><E121/><V60/><F39/><W94/><G74/><T90/><D5/><U13/><E132/><V45/><F115/><W17/><G79/><T46/><D90/><U122/><E122/><V56/><REACH who="2" step="1"/><F45/><REACH who="2" ten="250,330,160,250" step="2"/><N who="3" m="27919" /><G67/><T85/><D104/><U36/><E36/><V126/><F126/><W100/><G62/><T37/><D37/><U89/><E38/><V32/><F32/><W34/><G34/><T110/><D110/><U50/><E131/><V66/><F66/><W49/><G49/><T123/><D123/><U106/><E50/><V78/><F78/><W92/><G102/><T19/><D64/><U81/><E130/><V86/><F86/><W53/><G53/><T55/><D63/><U51/><E77/><V95/><F95/><W28/><G41/><T58/><D105/><U10/><E106/><V125/><F125/><W82/><G40/><T107/><D107/><U83/><E101/><V117/><F117/><W3/><G82/><T118/><D118/><U109/><E109/><V15/><F15/><W25/><G3/><T135/><D135/><U4/><E43/><V59/><F59/><W103/><G103/><T134/><D134/><U6/><E51/><V61/><F61/><W1/><G1/><T35/><D58/><U18/><E13/><V16/><F16/><W42/><G17/><RYUUKYOKU ba="0,1" sc="250,-10,330,-10,160,30,250,-10" hai2="7,8,12,21,22,23,30,33,52,56,60,128,129" /><INIT seed="2,1,1,4,3,120" ten="240,320,190,240" oya="2" hai0="103,25,109,4,10,122,50,62,126,19,0,98,55" hai1="84,20,102,26,34,89,11,123,79,18,69,16,105" hai2="114,112,68,38,75,86,125,42,58,66,101,44,74" hai3="14,61,134,53,135,36,15,132,59,63,17,31,56"/><V76/><F101/><W57/><G36/><T90/><D122/><U92/><E123/><V35/><F86/><W85/><G31/><T72/><D72/><U133/><E69/><V91/><F91/><W13/><G85/><T51/><D126/><U117/><E117/><V22/><F125/><W115/><G115/><T71/><D109/><U95/><E34/><V96/><F96/><W100/><G100/><T37/><D37/><U52/><E105/><V45/><F22/><W65/><G17/><T48/><D90/><U8/><E79/><V80/><F45/><W108/><G108/><T77/><D77/><U5/><E18/><V110/><F110/><W1/><G1/><T127/><D127/><U12/><E133/><V107/><F107/><W131/><G131/><T3/><D3/><U24/><E52/><V27/><F58/><AGARI ba="1,1" hai="13,14,15,53,56,57,58,59,61,63,65,132,134,135" machi="58" ten="50,1600,0" yaku="20,1" doraHai="120" who="3" fromWho="2" sc="240,0,320,0,190,-19,240,29" /><INIT seed="3,0,0,5,4,76" ten="240,320,171,269" oya="3" hai0="57,82,22,1,2,32,91,16,69,94,111,83,102" hai1="63,73,10,107,31,21,106,29,93,61,7,53,86" hai2="121,6,59,0,54,78,127,41,109,12,90,17,132" hai3="116,70,110,99,115,19,75,108,23,133,64,11,25"/><W52/><G115/><T123/><D69/><U5/><E73/><V27/><F109/><N who="3" m="42091" /><G116/><T66/><D32/><U104/><E93/><V118/><F118/><W80/><G133/><T18/><D123/><U14/><E86/><V42/><F132/><W24/><G99/><N who="0" m="59767" /><D2/><U74/><E74/><V8/><F127/><W81/><G75/><T65/><D1/><U58/><E5/><V71/><F71/><W87/><G11/><T67/><D111/><U60/><REACH who="1" step="1"/><E21/><REACH who="1" ten="240,310,171,269" step="2"/><V96/><F121/><W35/><G87/><N who="0" m="50679" /><D83/><U92/><E92/><N who="2" m="56343" /><F0/><W34/><G34/><T85/><D85/><U44/><E44/><V119/><F119/><W103/><G35/><T30/><D57/><U49/><AGARI ba="0,1" hai="7,10,14,29,31,49,53,58,60,61,63,104,106,107" machi="49" ten="40,5200,0" yaku="1,1,0,1,53,1" doraHai="76" doraHaiUra="48" who="1" fromWho="1" sc="240,-13,310,62,171,-13,269,-26" owari="227,-17.3,372,47.2,158,-34.2,243,4.3" /></mjloggm>