<mjloggm ver="2.3"><GO type="225" lobby="0"/><UN n0="%E8%80%81%E6%A5%BD" n1="%E3%83%A1%E3%82%AC%E3%83%87%E3%82%B8" n2="%72%69%6F%75%63%68%61%6E" n3="%E3%81%9F%E3%81%A3%E3%81%A1%E3%82%87" dan="16,16,17,16" rate="2094.56,2078.40,2170.05,2065.21" sx="M,F,M,M"/><TAIKYOKU oya="0"/><INIT seed="0,0,0,2,0,132" ten="250,250,250,250" oya="0" hai0="135,39,67,47,32,97,101,71,41,6,10,74,26" hai1="84,8,14,3,45,125,20,88,35,111,43,103,113" hai2="63,48,112,115,123,42,86,131,55,7,21,58,100" hai3="127,60,91,122,2,33,121,72,38,73,24,5,126"/><T54/><D135/><U98/><E35/><V99/><F123/><N who="3" m="47115" /><G38/><T90/><D90/><U36/><E111/><V116/><F131/><W130/><G130/><T108/><D54/><U40/><E113/><V52/><F116/><W22/><G33/><T114/><D114/><U82/><E43/><V94/><F42/><W34/><G34/><T96/><D108/><U134/><E134/><V93/><F7/><W57/><G91/><T118/><D118/><U66/><E66/><V133/><F133/><W25/><G5/><T64/><D97/><U46/><E46/><V53/><F53/><N who="3" m="33839" /><G2/><T104/><D74/><N who="3" m="28777" /><G25/><T18/><D71/><U102/><E3/><V62/><F63/><W23/><G23/><T15/><REACH who="0" step="1"/><D6/><REACH who="0" ten="240,250,250,250" step="2"/><U87/><E88/><N who="2" m="53399" /><F115/><W110/><G110/><T51/><D51/><U19/><E36/><V49/><F112/><W106/><G106/><T4/><D4/><U11/><E103/><V119/><F119/><W80/><G80/><T107/><D107/><U105/><E82/><V12/><F55/><W0/><G0/><T76/><D76/><U89/><E89/><V16/><AGARI ba="0,1" hai="12,16,21,48,49,52,58,62,94,99,100" m="53399" machi="16" ten="30,7900,0" yaku="8,1,54,3" doraHai="132" who="2" fromWho="2" sc="240,-39,250,-20,250,89,250,-20" /><INIT seed="1,0,0,5,1,48" ten="201,230,339,230" oya="1" hai0="39,98,6,24,49,81,116,122,47,19,67,99,90" hai1="87,59,71,76,33,63,83,5,54,31,18,132,32" hai2="79,60,68,93,124,11,118,66,70,131,36,135,17" hai3="128,40,55,42,74,107,129,134,100,22,10,105,57"/><U96/><E132/><V0/><F118/><W50/><G74/><T13/><D116/><U85/><E5/><V41/><F135/><W89/><G134/><T127/><D39/><U102/><E18/><V38/><F131/><N who="3" m="50251" /><G10/><T88/><D127/><U78/><E71/><V64/><F124/><W27/><G89/><N who="0" m="34411" /><D122/><U1/><E1/><V23/><F41/><N who="3" m="15979" /><G100/><T117/><D117/><U61/><E61/><V115/><F115/><W73/><G73/><T80/><D6/><U77/><E31/><AGARI ba="0,0" hai="22,27,31,50,55,57,105,107" m="15979,50251" machi="31" ten="30,2000,0" yaku="19,1,52,1" doraHai="48" who="3" fromWho="1" sc="201,0,230,-20,339,0,230,20" /><INIT seed="2,0,0,2,3,72" ten="201,210,339,250" oya="2" hai0="87,18,16,130,100,128,117,26,124,135,4,35,118" hai1="84,98,2,97,46,99,60,27,62,54,113,41,59" hai2="115,22,58,23,49,19,63,24,57,121,129,77,85" hai3="39,17,68,107,53,133,29,80,86,83,28,74,69"/><V125/><F125/><W5/><G133/><T94/><D100/><U101/><E113/><V3/><F129/><N who="0" m="49770" /><D94/><U126/><E126/><V34/><F121/><W61/><G39/><T32/><D124/><U111/><E2/><V110/><F115/><W31/><G5/><T44/><D44/><U79/><E111/><V82/><F3/><W10/><G53/><T42/><D42/><U56/><E27/><V89/><F110/><W66/><G68/><T6/><D87/><U12/><E12/><V65/><F34/><N who="0" m="12842" /><D135/><U122/><E122/><V78/><F22/><W47/><G47/><T131/><N who="0" m="49778" /><T88/><DORA hai="109" /><D88/><U75/><E75/><V45/><F57/><W112/><G107/><T0/><D26/><U73/><E73/><V1/><F1/><W7/><G74/><T93/><D93/><N who="1" m="58543" /><E41/><AGARI ba="0,0" hai="19,23,24,41,45,49,58,63,65,77,78,82,85,89" machi="41" ten="30,11600,0" yaku="7,1,8,1,52,2" doraHai="72,109" who="2" fromWho="1" sc="201,0,210,-116,339,116,250,0" /><INIT seed="2,1,0,4,1,56" ten="201,94,455,250" oya="2" hai0="37,20,55,23,29,84,125,75,9,40,114,64,18" hai1="33,76,122,110,43,113,7,123,49,88,11,62,101" hai2="4,10,0,71,91,118,47,31,97,87,70,127,128" hai3="53,12,6,17,32,106,58,24,50,42,112,119,131"/><V80/><F118/><W5/><G119/><T83/><D75/><U104/><E113/><V51/><F127/><W54/><G106/><T81/><D114/><U25/><E76/><V96/><F128/><W1/><G131/><T90/><D125/><U19/><E110/><V72/><F72/><W30/><G112/><T45/><D64/><U130/><E130/><V103/><F31/><W99/><G42/><T102/><D102/><U124/><E124/><V105/><REACH who="2" step="1"/><F96/><REACH who="2" ten="201,94,445,250" step="2"/><W35/><G30/><T85/><D29/><U109/><E123/><V61/><F61/><W120/><G99/><T134/><D134/><U78/><E62/><V116/><F116/><W16/><G120/><T73/><D73/><U59/><E122/><V66/><F66/><W117/><G117/><T3/><D85/><U77/><E109/><V14/><F14/><W46/><G12/><T63/><D63/><U34/><E25/><V36/><F36/><W95/><G32/><T108/><D84/><U60/><E60/><V52/><AGARI ba="1,1" hai="0,4,10,47,51,52,70,71,80,87,91,97,103,105" machi="52" ten="20,12000,1" yaku="1,1,0,1,7,1,54,1,53,1" doraHai="56" doraHaiUra="82" who="2" fromWho="2" sc="201,-41,94,-41,445,133,250,-41" /><INIT seed="2,2,0,3,4,76" ten="160,53,578,209" oya="2" hai0="52,5,99,36,22,19,28,21,64,44,82,48,56" hai1="130,55,110,1,100,69,7,94,63,3,2,79,122" hai2="81,27,93,51,80,26,37,45,112,4,25,109,101" hai3="67,46,11,58,66,131,102,23,89,77,75,119,92"/><V14/><F112/><W31/><G119/><T106/><D5/><U16/><E110/><V104/><F104/><W88/><G75/><T57/><D36/><U6/><E130/><V108/><F37/><W38/><G77/><T103/><D64/><U121/><E69/><V62/><F62/><N who="3" m="38231" /><G67/><T118/><D118/><U98/><E79/><V39/><F39/><W41/><G11/><T111/><D111/><N who="2" m="42570" /><F101/><W78/><G78/><T32/><D32/><U33/><E33/><V95/><F93/><W87/><G131/><T116/><D116/><U117/><E117/><V84/><F95/><W12/><G87/><T126/><D126/><U115/><E115/><V24/><F84/><W0/><G0/><T60/><D82/><N who="2" m="31850" /><F24/><N who="3" m="16799" /><G12/><T128/><D128/><U105/><E105/><V85/><F85/><W129/><G129/><T35/><D106/><U73/><E73/><V30/><F4/><W113/><G113/><T34/><D103/><U20/><E7/><V59/><F14/><W114/><G114/><T47/><D99/><AGARI ba="2,0" hai="38,41,46,88,89,92,99,102" m="16799,38231" machi="99" ten="30,2000,0" yaku="25,1,54,1" doraHai="76" who="3" fromWho="0" sc="160,-26,53,0,578,0,209,26" /><INIT seed="3,0,0,5,3,75" ten="134,53,578,235" oya="3" hai0="76,61,84,106,3,60,5,89,129,120,102,80,123" hai1="74,134,68,55,32,26,40,37,108,56,21,99,41" hai2="130,50,88,6,59,104,52,12,126,25,16,100,110" hai3="128,97,43,18,112,1,94,58,62,11,70,48,119"/><W19/><G112/><T71/><D129/><U35/><E108/><V103/><F130/><W51/><G119/><T72/><D5/><U69/><E134/><V27/><F110/><W87/><G70/><T131/><D3/><U0/><E0/><V54/><F126/><W116/><G116/><T57/><D131/><U4/><E4/><V111/><F111/><W78/><G1/><T127/><D127/><U113/><E113/><V66/><F66/><W93/><G128/><T92/><D71/><U109/><E109/><V114/><F114/><W63/><G63/><N who="0" m="24139" /><D57/><U39/><E99/><AGARI ba="0,0" hai="72,76,80,84,89,92,99,102,106,120,123" m="24139" machi="99" ten="30,2000,0" yaku="24,1,52,1" doraHai="75" who="0" fromWho="1" sc="134,20,53,-20,578,0,235,0" owari="154,-24.6,33,-46.7,578,67.8,235,3.5" /></mjloggm>