<mjloggm ver="2.3"><GO type="225" lobby="0"/><UN n0="%E3%81%AF%E3%82%88%E3%81%8A%E3%81%98%E3%81%95%E3%82%93" n1="%E3%82%BC%E3%83%AB%E3%83%80%E3%81%AE%E4%BC%9D%E8%AA%AC" n2="%E3%83%8F%E3%82%AC%E3%82%BF%E3%82%AB%E3%81%AE%E3%81%88%E3%81%98%E3%81%8D" n3="%E3%81%99%E3%81%84%E3%81%BE%E3%81%9B%E3%83%BC%E3%82%93" dan="17,16,16,16" rate="2228.65,2215.23,2176.59,2120.18" sx="M,M,M,M"/><TAIKYOKU oya="0"/><INIT seed="0,0,0,3,1,74" ten="250,250,250,250" oya="0" hai0="7,9,88,8,60,68,103,41,24,65,15,118,21" hai1="44,85,56,18,53,101,55,125,121,94,51,63,33" hai2="81,133,69,62,76,20,80,99,61,73,50,128,93" hai3="10,117,46,89,47,36,107,75,6,48,16,127,126"/><T42/><D118/><U13/><E125/><N who="3" m="47626" /><G117/><T78/><D103/><U87/><E33/><V129/><F133/><W45/><G107/><T49/><D49/><U27/><E27/><V135/><F135/><W134/><G134/><T39/><D39/><U132/><E121/><V122/><F122/><W97/><G36/><T96/><D9/><N who="1" m="6447" /><E132/><V0/><F0/><W57/><G75/><T17/><REACH who="0" step="1"/><D78/><REACH who="0" ten="240,250,250,250" step="2"/><U25/><E25/><V22/><F76/><W35/><G48/><T58/><D58/><U112/><E112/><V120/><F50/><W26/><G57/><T52/><D52/><U95/><E101/><V5/><F120/><W91/><G26/><T111/><D111/><U38/><E38/><V114/><F114/><W31/><G10/><T4/><D4/><U14/><E55/><V72/><F5/><W32/><G6/><T110/><D110/><U19/><E51/><V1/><F69/><W67/><G47/><T30/><D30/><U92/><E44/><V66/><F129/><W116/><G46/><T11/><D11/><AGARI ba="0,1" hai="11,14,19,53,56,63,85,87,92,94,95" m="6447" machi="11" ten="30,1000,0" yaku="8,1" doraHai="74" who="1" fromWho="0" sc="240,-10,250,20,250,0,250,0" /><INIT seed="1,0,0,3,0,81" ten="230,270,250,250" oya="1" hai0="106,97,56,128,8,67,108,31,42,72,35,109,30" hai1="84,66,98,9,38,82,94,117,75,52,50,116,126" hai2="87,17,71,69,78,7,33,0,79,110,114,24,25" hai3="76,11,121,62,60,95,44,118,40,32,15,68,120"/><U89/><E126/><V86/><F110/><N who="0" m="42602" /><D72/><U73/><E38/><V21/><F114/><W28/><G118/><T113/><D113/><U59/><E66/><V131/><F131/><W124/><G124/><T2/><D128/><U18/><E75/><V37/><F37/><W6/><G76/><T58/><D42/><U54/><E73/><V41/><F41/><W10/><G68/><T14/><D2/><U16/><E116/><V13/><F79/><W12/><G28/><N who="0" m="10795" /><D67/><U4/><E54/><V48/><F78/><W101/><G32/><T70/><D70/><U135/><E135/><V46/><F33/><W130/><G130/><T43/><D43/><U77/><E117/><V96/><F71/><W112/><G112/><T36/><D35/><U53/><E53/><N who="2" m="29847" /><F69/><W134/><G134/><T55/><D36/><U64/><E64/><V74/><F74/><W80/><G121/><T45/><D97/><U104/><E104/><V57/><F0/><AGARI ba="0,0" hai="0,4,9,16,18,50,52,59,77,82,84,89,94,98" machi="0" ten="30,11600,0" yaku="7,1,52,1,54,2" doraHai="81" who="1" fromWho="2" sc="230,0,270,116,250,-116,250,0" /><INIT seed="1,1,0,1,0,94" ten="230,386,134,250" oya="1" hai0="112,12,21,105,63,29,42,69,58,79,56,130,86" hai1="26,66,74,108,43,82,52,31,46,8,125,93,45" hai2="102,55,17,62,109,124,15,23,53,65,90,119,28" hai3="73,32,132,77,27,129,51,114,71,67,134,88,19"/><U20/><E125/><V80/><F119/><W87/><G114/><T95/><D112/><U6/><E108/><V18/><F109/><W97/><G129/><T35/><D105/><U89/><E66/><V91/><F124/><W13/><G51/><T120/><D130/><U101/><E101/><V37/><F37/><W122/><G122/><T133/><D120/><U41/><E82/><V2/><F2/><W99/><G77/><T44/><D133/><N who="3" m="51305" /><G73/><T47/><D35/><U85/><E74/><V92/><F28/><N who="3" m="19487" /><G67/><T117/><D117/><U24/><E24/><V25/><F80/><N who="3" m="49255" /><G71/><T107/><D69/><U40/><REACH who="1" step="1"/><E52/><REACH who="1" ten="230,376,134,250" step="2"/><V30/><F102/><W16/><G19/><T70/><D29/><U96/><E96/><V83/><F17/><W110/><G110/><T60/><D86/><U131/><E131/><V126/><F126/><W0/><G0/><AGARI ba="1,1" hai="0,6,8,20,26,31,40,41,43,45,46,85,89,93" machi="0" ten="40,12000,1" yaku="1,1,53,3" doraHai="94" doraHaiUra="38" who="1" fromWho="3" sc="230,0,376,133,134,0,250,-123" /><INIT seed="1,2,0,4,3,115" ten="230,509,134,127" oya="1" hai0="25,117,61,32,20,33,131,51,88,113,90,80,98" hai1="44,23,38,6,63,69,53,78,19,13,96,24,68" hai2="18,35,12,16,110,83,26,94,120,5,55,125,29" hai3="109,114,43,130,121,21,65,82,2,122,99,79,132"/><U100/><E78/><V72/><F120/><W71/><G43/><T116/><D113/><U107/><E38/><V0/><F94/><W135/><G114/><T8/><D131/><U112/><E112/><V108/><F55/><W40/><G130/><T42/><D8/><U104/><E104/><V77/><F125/><W62/><G2/><T49/><D61/><U84/><E84/><V119/><F119/><W9/><G9/><T97/><D20/><U27/><E6/><V111/><F0/><W22/><G40/><T11/><D11/><AGARI ba="2,0" hai="5,11,12,16,18,26,29,35,72,77,83,108,110,111" machi="11" ten="40,2600,0" yaku="14,1,54,1" doraHai="115" who="2" fromWho="0" sc="230,-32,509,0,134,32,127,0" /><INIT seed="2,0,0,1,3,13" ten="198,509,166,127" oya="2" hai0="0,10,40,89,92,21,15,1,110,55,26,74,30" hai1="105,100,66,85,58,123,113,14,48,87,106,59,108" hai2="135,86,102,98,49,43,25,82,71,125,35,131,128" hai3="29,44,95,2,53,124,12,18,16,28,38,65,42"/><V46/><F71/><W62/><G2/><T6/><D110/><U99/><E113/><V104/><F125/><W69/><G124/><T119/><D74/><U52/><E106/><V132/><F25/><W84/><G53/><T112/><D112/><U73/><E73/><V90/><REACH who="2" step="1"/><F35/><REACH who="2" ten="198,509,156,127" step="2"/><W67/><G67/><T41/><D26/><U126/><E126/><V54/><F54/><W3/><G3/><T70/><D55/><U109/><E66/><V61/><F61/><W64/><G65/><T130/><D70/><U121/><E109/><V57/><F57/><W76/><G18/><T93/><D0/><U24/><E59/><V79/><F79/><W8/><REACH who="3" step="1"/><G76/><REACH who="3" ten="198,509,156,117" step="2"/><T36/><D1/><U134/><E108/><V11/><F11/><W91/><AGARI ba="0,2" hai="8,12,16,28,29,38,42,44,62,64,69,84,91,95" machi="91" ten="30,8000,1" yaku="1,1,2,1,0,1,52,1,54,1,53,0" doraHai="13" doraHaiUra="19" who="3" fromWho="3" sc="198,-20,509,-20,156,-40,117,100" /><INIT seed="3,0,0,0,5,31" ten="178,489,116,217" oya="3" hai0="69,74,6,92,85,29,35,25,22,124,130,58,23" hai1="76,67,109,96,91,87,55,131,84,93,71,12,134" hai2="34,75,36,126,120,56,20,18,132,27,88,24,125" hai3="123,51,32,37,50,111,45,110,106,60,28,113,100"/><W4/><G4/><T33/><D69/><U0/><E0/><V16/><F36/><W66/><G100/><T17/><D74/><U115/><E115/><V11/><F75/><W122/><G106/><T42/><D124/><N who="2" m="47722" /><F56/><W59/><G113/><T65/><D42/><U19/><E55/><V129/><F88/><W83/><G83/><T121/><D6/><U43/><E87/><V104/><F104/><W10/><G37/><T30/><D65/><U72/><E12/><N who="2" m="7199" /><F132/><W79/><G79/><T48/><D58/><U102/><E19/><V54/><F54/><W47/><G47/><T127/><D127/><U101/><E43/><V8/><F129/><W94/><G94/><T13/><D130/><U103/><E134/><V114/><F114/><W5/><G50/><T9/><D48/><U82/><E131/><V116/><F116/><W21/><G51/><T80/><D92/><U73/><E109/><V97/><F97/><W39/><G39/><T46/><D46/><U78/><REACH who="1" step="1"/><E76/><REACH who="1" ten="178,479,116,217" step="2"/><V70/><F120/><W128/><G123/><T68/><D121/><U63/><AGARI ba="0,1" hai="63,67,71,72,73,78,82,84,91,93,96,101,102,103" machi="63" ten="30,4000,0" yaku="1,1,2,1,0,1,53,0" doraHai="31" doraHaiUra="15" who="1" fromWho="1" sc="178,-10,479,50,116,-10,217,-20" owari="168,-23.2,529,62.9,106,-39.4,197,-0.3" /></mjloggm>