<mjloggm ver="2.3"><GO type="225" lobby="0"/><UN n0="%54%4F%52" n1="%E3%83%AD%E3%83%83%E3%83%86%E9%9B%80%E7%90%83" n2="%E6%80%AA%E3%81%97%E3%81%99%E3%81%8E%E3%82%8B%E3%83%81%E3%83%BC" n3="%E3%81%A1%E3%82%85%E3%81%86%E3%81%A9%E3%81%8F%E8%B1%A1%E3%81%95%E3%82%93" dan="17,17,17,16" rate="2244.00,2275.76,2144.82,2082.07" sx="M,M,M,M"/><TAIKYOKU oya="0"/><INIT seed="0,0,0,0,0,109" ten="250,250,250,250" oya="0" hai0="69,116,115,123,118,106,89,135,104,35,95,64,40" hai1="51,47,92,53,30,20,11,2,42,33,128,79,90" hai2="85,83,38,68,130,27,98,93,52,23,124,119,0" hai3="45,121,125,55,112,5,105,41,122,101,61,14,70"/><T86/><D123/><N who="3" m="47113" /><G101/><T75/><D135/><U88/><E128/><V29/><F130/><W17/><G5/><T6/><D35/><U59/><E33/><V94/><F124/><W25/><G25/><T43/><D75/><U7/><E79/><V57/><F68/><W62/><G105/><T78/><D78/><U81/><E81/><V120/><F38/><N who="3" m="21687" /><G125/><T16/><D6/><U39/><REACH who="1" step="1"/><E92/><REACH who="1" ten="250,240,250,250" step="2"/><V76/><F120/><W46/><G70/><T74/><D69/><U21/><E21/><V26/><F119/><W91/><G91/><T50/><D89/><U67/><E67/><V22/><F0/><W103/><G103/><T117/><D104/><U19/><E19/><N who="2" m="12639" /><F98/><W54/><G17/><T9/><D16/><U56/><E56/><V111/><F111/><W12/><G46/><T44/><D44/><U113/><E113/><V66/><F66/><W87/><G112/><T13/><D115/><U77/><E77/><V133/><F133/><W127/><G127/><T65/><D106/><U37/><E37/><V63/><AGARI ba="0,1" hai="23,27,29,52,57,63,76,83,85,93,94" m="12639" machi="63" ten="30,2000,0" yaku="8,1,54,1" doraHai="109" who="2" fromWho="2" sc="250,-10,240,-5,250,30,250,-5" /><INIT seed="1,0,0,0,0,84" ten="240,235,280,245" oya="1" hai0="4,91,61,15,74,66,64,118,23,2,87,98,81" hai1="43,85,5,68,86,112,113,60,108,57,53,135,126" hai2="55,8,28,39,19,78,31,65,35,122,120,25,106" hai3="105,7,11,9,99,110,24,34,119,130,133,49,77"/><U17/><E126/><V3/><F106/><W79/><G130/><T45/><D118/><U50/><E135/><V14/><F39/><W18/><G133/><T129/><D129/><U73/><E73/><V95/><F28/><W117/><G110/><T132/><D132/><U100/><E108/><V63/><F78/><W59/><G105/><T62/><D2/><U128/><E128/><V32/><F32/><W36/><G36/><T58/><D74/><U30/><E5/><V123/><F95/><W0/><G99/><T93/><D45/><U94/><E30/><V47/><F3/><W83/><G77/><T13/><D23/><U71/><E71/><V111/><F111/><W116/><G9/><T76/><REACH who="0" step="1"/><D4/><REACH who="0" ten="230,235,280,245" step="2"/><U1/><E1/><V67/><F47/><W114/><G0/><T20/><D20/><U51/><E113/><V92/><F122/><W69/><G7/><T42/><D42/><U124/><E43/><V72/><F72/><W101/><G116/><T52/><D52/><U29/><E53/><V22/><F22/><W46/><G114/><T96/><D96/><U107/><E112/><V131/><F131/><W37/><G119/><T48/><D48/><U90/><E51/><V27/><F55/><W41/><G49/><T33/><D33/><U125/><E50/><V104/><F120/><W103/><G34/><T80/><D80/><U102/><E125/><V82/><F35/><W21/><G117/><T10/><D10/><U26/><E124/><V89/><F8/><W115/><G11/><T75/><D75/><U70/><E29/><V44/><F31/><RYUUKYOKU ba="0,1" sc="230,30,235,-10,280,-10,245,-10" hai0="13,15,58,61,62,64,66,76,81,87,91,93,98" /><INIT seed="2,1,1,5,1,92" ten="260,225,270,235" oya="2" hai0="99,48,118,127,114,52,73,37,68,50,121,9,14" hai1="112,93,106,111,120,66,61,85,13,0,16,123,90" hai2="60,25,35,39,53,75,133,33,42,79,134,97,91" hai3="41,129,27,110,57,58,113,23,125,69,2,98,89"/><V70/><F42/><W44/><G69/><T81/><D121/><N who="1" m="46667" /><E111/><V5/><F39/><W108/><G2/><T10/><D114/><U56/><E0/><V24/><F5/><W102/><G89/><T36/><D68/><N who="1" m="42063" /><E106/><V131/><F131/><W51/><G113/><T17/><D127/><U126/><E112/><V87/><F79/><W21/><G129/><T88/><D118/><U63/><E126/><V78/><F78/><W18/><G21/><T119/><D119/><U11/><E56/><N who="2" m="34831" /><F75/><W62/><G125/><T95/><D48/><U101/><E63/><V64/><F97/><W43/><G43/><T105/><D105/><U46/><E46/><V124/><F64/><W49/><G49/><T94/><D73/><U40/><E40/><V32/><F70/><W77/><G77/><T84/><D10/><U72/><E72/><V26/><F124/><W22/><G22/><T116/><D116/><U103/><AGARI ba="1,1" hai="11,13,16,85,90,93,101,103" m="42063,46667" machi="103" ten="30,2000,0" yaku="13,1,54,1" doraHai="92" who="1" fromWho="1" sc="260,-6,225,33,270,-11,235,-6" /><INIT seed="3,0,0,0,3,108" ten="254,258,259,229" oya="3" hai0="106,100,7,72,114,68,96,79,0,17,109,39,115" hai1="69,32,120,82,66,44,126,91,22,10,37,95,135" hai2="47,59,125,78,1,18,64,99,31,16,46,134,129" hai3="53,63,110,12,130,62,132,71,70,112,50,49,54"/><W122/><G122/><T43/><D109/><U94/><E32/><V84/><F1/><W86/><G110/><T65/><D17/><U9/><E82/><N who="2" m="47191" /><F129/><W93/><G130/><T67/><D79/><U107/><E22/><V24/><F125/><W60/><G12/><T92/><D72/><U113/><E135/><V118/><F118/><W104/><G104/><T11/><D92/><U121/><E66/><V83/><F134/><W26/><G132/><T48/><D48/><N who="3" m="18537" /><G26/><T13/><D13/><U127/><E44/><N who="2" m="16939" /><F83/><W27/><G27/><T55/><D55/><N who="3" m="21001" /><G93/><T128/><D128/><U33/><E33/><V41/><F41/><W21/><G86/><T6/><D6/><U85/><E85/><V123/><F99/><W73/><G21/><T5/><D5/><U51/><E107/><V61/><F123/><W45/><G73/><T119/><D119/><U131/><E131/><V35/><F35/><W105/><G105/><T8/><D8/><U34/><E9/><V98/><F98/><W111/><G111/><T88/><D88/><U117/><E91/><V101/><F101/><W19/><G19/><N who="2" m="7209" /><F24/><W23/><G23/><T15/><D0/><U3/><E3/><V103/><F103/><W90/><G90/><T40/><D7/><U42/><E34/><V29/><AGARI ba="0,0" hai="29,31,59,61,64" m="7209,16939,47191" machi="29" ten="30,2000,0" yaku="8,1,54,1" doraHai="108" who="2" fromWho="2" sc="254,-5,258,-5,259,20,229,-10" /><INIT seed="4,0,0,1,0,128" ten="249,253,279,219" oya="0" hai0="35,45,57,8,89,83,90,43,100,126,72,28,34" hai1="53,55,61,10,114,96,131,15,68,73,6,86,44" hai2="42,80,97,79,105,127,112,40,69,24,7,58,123" hai3="116,63,78,102,49,70,38,107,130,36,30,31,13"/><T54/><D126/><U65/><E73/><V60/><F69/><W66/><G116/><T115/><D115/><U14/><E131/><V134/><F123/><W108/><G130/><T59/><D100/><U88/><E114/><V16/><F134/><W52/><G108/><T26/><D35/><U77/><E77/><V48/><F127/><W122/><G122/><T12/><D72/><U94/><E44/><V32/><F7/><W120/><G120/><T119/><D119/><U101/><REACH who="1" step="1"/><E15/><REACH who="1" ten="249,243,279,219" step="2"/><V84/><F112/><W19/><G78/><T74/><D74/><U47/><E47/><V56/><F79/><W135/><G135/><T117/><D117/><U87/><E87/><V104/><F84/><W129/><G129/><T1/><D1/><U51/><E51/><V98/><F48/><W5/><G36/><T113/><D113/><U99/><E99/><V20/><F98/><N who="3" m="61911" /><G38/><T17/><D43/><U103/><E103/><V33/><F40/><W9/><G5/><T92/><D89/><U27/><E27/><V18/><F42/><W41/><G41/><T81/><D45/><U91/><E91/><V4/><F4/><W2/><G2/><T64/><D90/><U93/><AGARI ba="0,1" hai="6,10,14,53,55,61,65,68,86,88,93,94,96,101" machi="93" ten="20,8000,1" yaku="1,1,0,1,7,1,54,1,53,1" doraHai="128" doraHaiUra="3" who="1" fromWho="1" sc="249,-40,243,90,279,-20,219,-20" owari="209,-19.1,333,43.3,259,5.9,199,-30.1" /></mjloggm>