<mjloggm ver="2.3"><GO type="225" lobby="0"/><UN n0="%E2%91%A3%E9%81%BF%E9%81%8A%E6%88%AF%E3%80%90%E6%9D%B1%E5%8D%97%E3%80%91" n1="%74%61%6B%65%2D%79%6F%75" n2="%72%69%6F%75%63%68%61%6E" n3="%73%6C%69%63%6B%33%31%39" dan="16,17,17,16" rate="2099.04,2133.53,2243.95,2184.42" sx="M,M,M,M"/><TAIKYOKU oya="0"/><INIT seed="0,0,0,5,4,25" ten="250,250,250,250" oya="0" hai0="52,62,112,11,6,41,69,58,9,95,102,85,22" hai1="28,64,73,47,12,119,89,15,80,87,45,39,130" hai2="98,74,18,48,96,101,113,115,59,110,75,43,57" hai3="13,42,29,67,104,19,44,50,128,65,14,68,109"/><T10/><D112/><N who="2" m="43082" /><F48/><W38/><G104/><T117/><D117/><U53/><E119/><V97/><F43/><W93/><G109/><T111/><D111/><U36/><E130/><V123/><F110/><W76/><G128/><T116/><D116/><U4/><E64/><V33/><F18/><W1/><G1/><T83/><D69/><U79/><E39/><V16/><F16/><W133/><G76/><T78/><D41/><U51/><E36/><V63/><F33/><W2/><G2/><T49/><D22/><U121/><E121/><V105/><F63/><W56/><G14/><T40/><D102/><U120/><E120/><V103/><F123/><W88/><G133/><T127/><D95/><U21/><E47/><V100/><F105/><W55/><G29/><T30/><D30/><U27/><REACH who="1" step="1"/><E4/><REACH who="1" ten="250,240,250,250" step="2"/><V71/><F71/><W61/><G68/><T90/><D127/><U125/><E125/><V34/><F34/><W92/><G38/><T23/><D6/><U66/><E66/><V20/><F20/><W132/><G132/><T70/><D23/><U126/><E126/><V124/><F124/><W86/><G67/><T35/><D35/><U31/><E31/><V134/><F134/><W37/><G37/><T0/><D0/><U94/><AGARI ba="0,1" hai="12,15,21,27,28,45,51,53,73,79,80,87,89,94" machi="94" ten="20,8000,1" yaku="1,1,0,1,7,1,52,1,53,1" doraHai="25" doraHaiUra="84" who="1" fromWho="1" sc="250,-40,240,90,250,-20,250,-20" /><INIT seed="1,0,0,2,4,108" ten="210,330,230,230" oya="1" hai0="96,121,36,19,1,75,116,66,60,63,52,39,122" hai1="32,21,125,11,55,31,129,20,16,2,70,76,90" hai2="78,120,77,111,124,29,37,117,58,23,49,104,98" hai3="17,14,133,18,73,91,38,41,81,22,27,110,59"/><U68/><E129/><V82/><F111/><W114/><G110/><T130/><D75/><U88/><E125/><V135/><F117/><W44/><G133/><T72/><D72/><U85/><E76/><V113/><F120/><N who="0" m="46186" /><D1/><U13/><E55/><V101/><F124/><W6/><G6/><T43/><D96/><U119/><E119/><V95/><F135/><W134/><G134/><T112/><D19/><U26/><E90/><V61/><F113/><W7/><G7/><T118/><D112/><U62/><E62/><V30/><F37/><N who="0" m="14410" /><D43/><U83/><E21/><V57/><F104/><W25/><G114/><T123/><N who="0" m="46194" /><T24/><DORA hai="10" /><D24/><U132/><E132/><V28/><F23/><W100/><G100/><T103/><D103/><U115/><E115/><V47/><F82/><W54/><G18/><T87/><D87/><U48/><E48/><V46/><F78/><W126/><G126/><T105/><D105/><U86/><E86/><V35/><F77/><W9/><G73/><T53/><D118/><U89/><E89/><V99/><F98/><W64/><G81/><T94/><D116/><U56/><E56/><V5/><F35/><W127/><G91/><T33/><D33/><U51/><E51/><V74/><F74/><W42/><G127/><T106/><D106/><U45/><E45/><N who="2" m="16907" /><F49/><N who="3" m="28967" /><G38/><T3/><D3/><U131/><E131/><V80/><F80/><W40/><G22/><T93/><D130/><U65/><E65/><N who="2" m="39087" /><F58/><W34/><G34/><T71/><D53/><U128/><E128/><V8/><F30/><W84/><G84/><T12/><D12/><AGARI ba="0,0" hai="5,8,12,28,29,95,99,101" m="39087,16907" machi="12" ten="30,3900,0" yaku="6,1,8,1,52,1" doraHai="108,10" who="2" fromWho="0" sc="210,-39,330,0,230,39,230,0" /><INIT seed="2,0,0,2,3,24" ten="171,330,269,230" oya="2" hai0="6,5,11,125,42,33,22,47,25,103,43,12,112" hai1="1,96,101,28,32,104,30,19,2,0,10,21,122" hai2="82,85,9,78,70,83,79,59,38,126,128,66,123" hai3="129,56,4,37,69,86,45,106,64,3,92,39,94"/><V48/><F123/><W31/><G106/><T110/><D125/><U46/><E122/><V29/><F126/><W107/><G107/><T84/><D112/><U131/><E131/><V40/><F128/><W87/><G69/><T55/><D110/><U36/><E32/><V68/><F29/><W15/><G3/><T81/><D33/><U44/><E10/><V77/><F9/><N who="3" m="4519" /><G39/><T54/><D103/><U105/><E105/><V73/><F77/><W117/><G117/><T102/><D102/><U80/><E80/><V130/><F130/><W20/><G37/><T124/><D6/><U26/><E46/><V89/><F38/><W53/><G64/><T65/><D65/><U50/><REACH who="1" step="1"/><E36/><REACH who="1" ten="171,320,269,230" step="2"/><V132/><F132/><W41/><G45/><T127/><D124/><U90/><E90/><V115/><F115/><W27/><G41/><AGARI ba="0,1" hai="0,1,2,19,21,26,28,30,41,44,50,96,101,104" machi="41" ten="40,8000,1" yaku="1,1,52,2,53,1" doraHai="24" doraHaiUra="95" who="1" fromWho="3" sc="171,0,320,90,269,0,230,-80" /><INIT seed="3,0,0,4,2,134" ten="171,410,269,150" oya="3" hai0="77,11,7,70,113,125,27,120,36,65,68,131,46" hai1="41,99,25,30,3,55,82,116,13,135,58,42,109" hai2="61,78,5,2,86,124,17,110,19,123,62,79,33" hai3="4,8,87,90,57,10,24,127,35,26,14,92,102"/><W71/><G71/><T84/><D120/><U76/><E3/><V44/><F33/><W34/><G127/><T117/><D117/><U72/><E135/><V50/><F124/><W103/><G35/><T64/><D125/><U63/><E116/><V111/><F123/><W69/><G69/><T53/><D113/><U73/><E109/><N who="2" m="41483" /><F5/><W48/><G34/><T80/><D131/><U66/><E73/><V60/><F2/><W18/><G26/><T93/><D27/><U91/><E13/><V40/><F78/><W118/><G118/><T20/><D20/><U105/><E55/><V85/><F86/><W97/><G24/><T114/><D70/><U0/><E0/><V130/><F130/><W104/><G103/><T74/><D68/><U29/><E29/><V133/><F133/><W28/><G28/><T21/><D21/><U108/><E108/><V81/><AGARI ba="0,0" hai="17,19,40,44,50,60,61,62,79,81,85" m="41483" machi="81" ten="40,1500,0" yaku="14,1" doraHai="134" who="2" fromWho="2" sc="171,-4,410,-4,269,15,150,-7" owari="167,-23.3,406,50.6,284,8.4,143,-35.7" /></mjloggm>