<mjloggm ver="2.3"><GO type="225" lobby="0"/><UN n0="%48%61%61%61%6C%61%6E%64" n1="%6D%75%75%6D%75%72%61" n2="%E3%81%AF%E3%82%88%E3%81%8A%E3%81%98%E3%81%95%E3%82%93" n3="%E3%81%99%E3%81%84%E3%81%BE%E3%81%9B%E3%83%BC%E3%82%93" dan="17,16,16,16" rate="2149.06,2140.55,2114.87,2109.93" sx="M,F,M,M"/><TAIKYOKU oya="0"/><INIT seed="0,0,0,2,4,117" ten="250,250,250,250" oya="0" hai0="96,83,82,29,19,6,104,81,106,42,89,57,37" hai1="113,76,55,28,50,72,63,10,116,109,52,5,74" hai2="18,22,120,70,94,79,125,127,51,33,27,66,67" hai3="58,124,102,15,77,45,131,134,23,98,86,31,91"/><T26/><D6/><U3/><E116/><V13/><F79/><W129/><G124/><N who="2" m="47689" /><F70/><W65/><G134/><T75/><D75/><U39/><E109/><V121/><F51/><W126/><G126/><T9/><D57/><U40/><E113/><V69/><F94/><W59/><G77/><T7/><D19/><U122/><E122/><N who="2" m="47211" /><F69/><W47/><G102/><T101/><D42/><U112/><E50/><V80/><F80/><W132/><G132/><T99/><D37/><U60/><E72/><V95/><F95/><W128/><G128/><T35/><D89/><U84/><E84/><V49/><F49/><W93/><G86/><T87/><D87/><U130/><E63/><V44/><F44/><W48/><G48/><T92/><REACH who="0" step="1"/><D99/><REACH who="0" ten="240,250,250,250" step="2"/><U54/><E40/><V90/><F90/><W30/><G98/><T110/><D110/><U118/><E39/><V20/><F66/><W61/><G65/><T103/><D103/><U56/><E74/><V25/><F67/><W64/><G64/><T32/><D32/><U11/><E56/><V97/><F97/><W41/><G91/><T14/><AGARI ba="0,1" hai="7,9,14,26,29,35,81,82,83,92,96,101,104,106" machi="14" ten="30,3000,0" yaku="1,1,0,1,53,0" doraHai="117" doraHaiUra="17" who="0" fromWho="0" sc="240,40,250,-10,250,-10,250,-10" /><INIT seed="0,1,0,5,0,23" ten="280,240,240,240" oya="0" hai0="122,107,46,95,112,47,50,70,28,74,109,6,105" hai1="130,35,15,67,19,69,102,84,36,8,79,89,7" hai2="5,114,125,72,123,75,18,92,10,128,60,54,11" hai3="126,62,25,17,115,101,63,108,48,116,110,41,78"/><T129/><D112/><U80/><E130/><V55/><F114/><W135/><G115/><T100/><D122/><U127/><E127/><V32/><F32/><W14/><G116/><T68/><D74/><U22/><E36/><V39/><F39/><W99/><G126/><T30/><D95/><U118/><E118/><V9/><F125/><W16/><G78/><T93/><D93/><U76/><E35/><V113/><F113/><W13/><G135/><T52/><D6/><U83/><E102/><V51/><F123/><W43/><G48/><T58/><D129/><U42/><E42/><N who="3" m="15882" /><G25/><T12/><D68/><U96/><E69/><V33/><F33/><W104/><G99/><T71/><D71/><U2/><E67/><V124/><F124/><W111/><G101/><T64/><D100/><U82/><REACH who="1" step="1"/><E96/><REACH who="1" ten="280,230,240,240" step="2"/><V4/><F128/><W77/><G104/><T106/><D107/><U65/><E65/><V44/><F4/><W38/><G38/><T132/><D106/><U3/><E3/><V20/><F5/><W88/><G77/><AGARI ba="1,1" hai="2,7,8,15,19,22,76,77,79,80,82,83,84,89" machi="77" ten="40,1300,0" yaku="1,1,53,0" doraHai="23" doraHaiUra="134" who="1" fromWho="3" sc="280,0,230,26,240,0,240,-16" /><INIT seed="1,0,0,2,2,0" ten="280,256,240,224" oya="1" hai0="97,91,88,15,68,89,81,111,1,132,22,93,61" hai1="29,76,121,87,80,33,105,129,16,9,48,90,19" hai2="4,26,18,110,101,53,83,104,10,2,98,85,96" hai3="49,56,40,69,115,20,95,55,21,124,112,130,6"/><U32/><E121/><V28/><F110/><W106/><G106/><T79/><D1/><U11/><E129/><V13/><F98/><W42/><G69/><T5/><D111/><U63/><E105/><V12/><F53/><W66/><G130/><T44/><D132/><U60/><E48/><V67/><F67/><W82/><G124/><T51/><D68/><U128/><E128/><V39/><F39/><W108/><G108/><T113/><D61/><U34/><E29/><V127/><F127/><W84/><G66/><T118/><D113/><U125/><E125/><V54/><F54/><W17/><G115/><T134/><D118/><U46/><E46/><V8/><F2/><W25/><G112/><T109/><D134/><U47/><E47/><V50/><F50/><W78/><G6/><T117/><D117/><U122/><E122/><V35/><F13/><W52/><G55/><N who="0" m="30183" /><D109/><U37/><E37/><V7/><REACH who="2" step="1"/><F10/><REACH who="2" ten="280,256,230,224" step="2"/><W74/><REACH who="3" step="1"/><G21/><REACH who="3" ten="280,256,230,214" step="2"/><T116/><D116/><U30/><E33/><V133/><F133/><W45/><G45/><T27/><D22/><U135/><E32/><V92/><F92/><W100/><G100/><T14/><D93/><U3/><E135/><V123/><F123/><W75/><G75/><T73/><D73/><U36/><E34/><V43/><F43/><W31/><G31/><T94/><D94/><U107/><E30/><V41/><F41/><W102/><G102/><T59/><D81/><U86/><E80/><V24/><F24/><W38/><G38/><T120/><D27/><U23/><E36/><V62/><F62/><W72/><G72/><RYUUKYOKU ba="0,2" sc="280,-15,256,-15,230,15,214,15" hai2="4,7,8,12,18,26,28,35,83,85,96,101,104" hai3="17,20,25,40,42,49,52,56,74,78,82,84,95" /><INIT seed="2,1,2,5,3,13" ten="265,241,245,229" oya="2" hai0="59,50,117,62,58,93,72,116,133,79,24,69,39" hai1="80,33,125,101,46,64,28,21,1,56,90,29,109" hai2="108,53,47,6,123,99,8,83,77,16,104,27,98" hai3="19,107,44,36,23,122,124,17,114,20,61,105,32"/><V18/><F123/><W81/><G122/><T132/><D39/><U0/><E33/><V119/><F119/><N who="0" m="45642" /><D93/><U54/><E109/><V34/><F108/><W120/><G120/><T15/><D24/><U111/><E125/><V88/><F104/><W11/><G32/><T43/><D15/><U82/><E29/><V85/><F34/><W22/><G124/><T129/><D129/><U35/><E28/><V49/><F27/><W91/><G114/><T63/><D79/><U37/><E1/><V112/><F112/><W57/><G107/><T5/><D5/><U131/><E37/><V51/><F49/><W110/><G105/><T75/><D69/><U2/><E2/><V102/><F102/><W87/><G110/><T38/><D50/><U118/><E0/><V14/><F98/><W78/><G78/><T127/><D127/><U26/><E35/><V65/><F65/><W60/><G11/><T3/><D3/><U31/><E118/><V86/><F99/><W52/><REACH who="3" step="1"/><G60/><REACH who="3" ten="265,241,245,219" step="2"/><T9/><D9/><U7/><E111/><V89/><F77/><W71/><G71/><T10/><D10/><U12/><E131/><V66/><F66/><W100/><G100/><T94/><D62/><U67/><E101/><V96/><F96/><W126/><G126/><T121/><D121/><U41/><E67/><V134/><F134/><W113/><G113/><T97/><D133/><U103/><E64/><V95/><AGARI ba="1,3" hai="6,8,14,16,18,47,51,53,83,85,86,88,89,95" machi="95" ten="20,18000,2" yaku="0,1,7,1,8,1,52,2,54,2" doraHai="13" who="2" fromWho="2" sc="265,-61,241,-61,245,213,219,-61" /><INIT seed="2,2,0,2,5,115" ten="204,180,458,158" oya="2" hai0="8,105,81,32,16,31,100,20,111,79,82,121,80" hai1="113,34,49,78,66,68,88,126,19,85,2,61,125" hai2="56,87,35,23,15,117,67,10,69,6,51,48,50" hai3="119,60,128,72,45,62,96,24,42,91,99,123,44"/><V59/><F117/><W71/><G123/><T130/><D121/><U98/><E113/><V58/><F35/><W74/><G128/><T112/><D112/><U118/><E118/><V94/><F69/><W64/><G119/><T22/><D130/><U73/><E34/><V65/><F23/><W28/><G60/><T63/><D111/><U93/><E2/><V107/><F107/><W114/><G114/><T30/><D79/><U53/><E73/><V18/><F6/><W108/><G108/><T76/><D76/><U97/><E19/><V109/><F109/><W40/><G74/><T89/><D89/><AGARI ba="2,0" hai="10,15,18,48,50,51,56,58,59,65,67,87,89,94" machi="89" ten="40,2000,0" yaku="8,1" doraHai="115" who="2" fromWho="0" sc="204,-26,180,0,458,26,158,0" /><INIT seed="2,3,0,4,1,67" ten="178,180,484,158" oya="2" hai0="6,96,81,119,90,129,12,101,23,84,93,52,108" hai1="127,59,76,86,80,126,1,111,72,85,27,17,77" hai2="5,44,100,39,79,94,25,13,50,132,75,55,56" hai3="110,133,41,8,43,60,114,83,115,69,21,45,70"/><V46/><F132/><W34/><G133/><T130/><D108/><U117/><E1/><V61/><F75/><W29/><G34/><T116/><D52/><U73/><E117/><N who="0" m="45129" /><D23/><U113/><E113/><N who="3" m="43018" /><G110/><T51/><D51/><U92/><E111/><V57/><F79/><W82/><G8/><AGARI ba="3,0" hai="6,8,12,81,84,90,93,96,101,129,130" m="45129" machi="8" ten="30,1000,0" yaku="12,1" doraHai="67" who="0" fromWho="3" sc="178,19,180,0,484,0,158,-19" /><INIT seed="3,0,0,4,2,127" ten="197,180,484,139" oya="3" hai0="35,83,55,88,42,70,135,117,90,27,71,63,50" hai1="22,92,20,4,0,133,89,53,74,82,81,101,80" hai2="72,86,54,104,114,128,103,37,15,97,65,119,95" hai3="105,25,7,85,60,28,106,134,120,29,98,47,39"/><W94/><G120/><T16/><D117/><U31/><E0/><V87/><F37/><W19/><G134/><T96/><D135/><U2/><E2/><V76/><F65/><W33/><G7/><T41/><D90/><U107/><E74/><V129/><F119/><W73/><G73/><T40/><D63/><U57/><E107/><V49/><F114/><W43/><G29/><T69/><D35/><U91/><E133/><V102/><F15/><W93/><G19/><T79/><D16/><U58/><E4/><V14/><F14/><W61/><G61/><T3/><D27/><N who="1" m="16871" /><E22/><V36/><F36/><W46/><G46/><T112/><D3/><U10/><E10/><V5/><F5/><W100/><REACH who="3" step="1"/><G60/><REACH who="3" ten="197,180,484,129" step="2"/><T52/><D112/><U1/><E1/><V125/><F125/><W64/><G64/><T6/><D6/><U75/><E75/><V126/><F126/><W59/><G59/><N who="1" m="22538" /><E53/><V44/><F103/><W48/><G48/><T18/><D50/><U21/><E21/><V68/><F68/><W38/><G38/><T115/><D115/><U13/><E13/><V84/><F104/><W8/><G8/><T17/><D70/><U56/><E56/><V123/><F123/><W32/><G32/><T109/><D69/><U124/><E124/><V132/><F132/><W62/><G62/><T11/><D71/><U110/><E110/><V9/><F9/><W131/><G131/><N who="2" m="50249" /><F72/><W121/><G121/><T66/><D66/><U130/><E130/><V118/><F118/><W12/><G12/><T113/><D113/><U51/><E51/><V26/><F49/><RYUUKYOKU ba="0,1" sc="197,-15,180,15,484,-15,129,15" hai1="80,81,82,89,91,92,101" hai3="25,28,33,39,43,47,85,93,94,98,100,105,106" /><INIT seed="3,1,1,0,5,25" ten="182,195,469,144" oya="3" hai0="15,133,46,54,86,17,135,2,39,71,58,76,126" hai1="92,70,114,33,4,118,97,103,41,6,122,90,62" hai2="102,23,55,63,34,28,119,21,29,117,110,38,31" hai3="10,91,32,83,49,16,19,53,57,130,78,94,121"/><W79/><G121/><T36/><D2/><U131/><E114/><V128/><F38/><W85/><G130/><T18/><D71/><U108/><E122/><V84/><F34/><W44/><G32/><T98/><D126/><U12/><E108/><V52/><F110/><W60/><G10/><T111/><D111/><U104/><E131/><V20/><F128/><W0/><G0/><T13/><D98/><U30/><E12/><N who="0" m="4681" /><D76/><N who="3" m="29225" /><G83/><T75/><D75/><U88/><E41/><AGARI ba="1,1" hai="16,19,41,44,49,53,57,60,85,91,94" m="29225" machi="41" ten="30,2900,0" yaku="8,1,54,1" doraHai="25" who="3" fromWho="1" sc="182,0,195,-32,469,0,144,42" /><INIT seed="3,2,0,1,4,4" ten="182,163,469,186" oya="3" hai0="33,59,74,14,15,131,106,32,17,52,68,63,87" hai1="10,22,96,117,102,78,84,65,21,34,25,92,44" hai2="56,19,3,60,128,20,0,54,64,122,115,1,5" hai3="62,88,6,125,11,83,119,95,86,111,36,85,28"/><W73/><G119/><T77/><D74/><U27/><E117/><V47/><F115/><W103/><G36/><T39/><D106/><U49/><E34/><V112/><F112/><W108/><G125/><T50/><D39/><U48/><E65/><V118/><F118/><W80/><G28/><T120/><D120/><U53/><E78/><V29/><F122/><W16/><G73/><T45/><D68/><U2/><E84/><V81/><F128/><W130/><G130/><T23/><D131/><U61/><E61/><V99/><F29/><W51/><G62/><T107/><D107/><U97/><E97/><V35/><F35/><W30/><G30/><T89/><D77/><U9/><E2/><V91/><F5/><W94/><G51/><T93/><D15/><U135/><E135/><V105/><F81/><W134/><G134/><T110/><D110/><N who="3" m="42025" /><G16/><T100/><D100/><U69/><E69/><V55/><F19/><W109/><N who="3" m="42033" /><W133/><DORA hai="72" /><G133/><T116/><D116/><U12/><E22/><V26/><F20/><W101/><G103/><T46/><D46/><N who="1" m="27799" /><E27/><V124/><F26/><W90/><G101/><T43/><AGARI ba="2,0" hai="14,17,23,32,33,43,45,50,52,59,63,87,89,93" machi="43" ten="20,2700,0" yaku="0,1,7,1,54,1" doraHai="4,72" who="0" fromWho="0" sc="182,33,163,-9,469,-9,186,-15" owari="215,1.5,154,-34.6,460,56.0,171,-22.9" /></mjloggm>