<mjloggm ver="2.3"><GO type="225" lobby="0"/><UN n0="%79%75%72%69%6D%6F%67" n1="%E3%83%B4%E3%83%A0%EF%BC%99%E3%81%A6" n2="%E3%81%B9%E3%81%A3%E3%81%97%E3%83%BC" n3="%E3%80%90%E3%83%88%E3%83%AA%E3%83%A5%E3%83%95%E3%80%91" dan="16,16,16,16" rate="2148.20,2133.00,2068.31,2053.53" sx="F,M,M,M"/><TAIKYOKU oya="0"/><INIT seed="0,0,0,2,2,97" ten="250,250,250,250" oya="0" hai0="85,67,7,14,135,121,0,45,125,105,102,133,32" hai1="15,62,78,91,4,122,25,100,49,26,18,114,90" hai2="60,59,79,40,64,19,36,50,112,72,16,108,29" hai3="13,6,2,87,107,30,94,130,22,63,73,20,23"/><T84/><D121/><U129/><E122/><V120/><F120/><W35/><G73/><T44/><D32/><U9/><E129/><V131/><F112/><W61/><G107/><T113/><D0/><U123/><E123/><V17/><F131/><W132/><G132/><T39/><D39/><U69/><E78/><V116/><F108/><W52/><G130/><T53/><D67/><U8/><E114/><V86/><F72/><W83/><G2/><T33/><D33/><U55/><E62/><N who="3" m="23562" /><G94/><T126/><D113/><U95/><E69/><V103/><F36/><W48/><G35/><T111/><D7/><U110/><E110/><V109/><F109/><W21/><G6/><T89/><D14/><U74/><E74/><V41/><F116/><W119/><G119/><T104/><D111/><U37/><E37/><V128/><F128/><W66/><G66/><T99/><D53/><U96/><E25/><V3/><F3/><W43/><G43/><N who="2" m="16457" /><F29/><W12/><N who="3" m="5120" /><DORA hai="11" /><W93/><G93/><N who="0" m="58735" /><D85/><U68/><E26/><V57/><F57/><N who="3" m="32903" /><G30/><T115/><D44/><U10/><E68/><V70/><F70/><W134/><G134/><N who="0" m="51211" /><D45/><N who="1" m="28079" /><E8/><V38/><F38/><W77/><AGARI ba="0,0" hai="12,13,77,83,87" m="32903,5120,23562" machi="77" ten="40,8000,1" yaku="8,1,52,2,54,1" doraHai="97,11" who="3" fromWho="3" sc="250,-40,250,-20,250,-20,250,80" /><INIT seed="1,0,0,2,0,117" ten="210,230,230,330" oya="1" hai0="0,120,36,109,99,23,74,104,59,91,103,102,30" hai1="95,116,84,65,62,87,56,128,60,64,58,94,10" hai2="26,7,108,101,114,5,24,54,19,55,1,121,48" hai3="75,6,80,8,72,9,73,70,135,2,47,33,85"/><U49/><E116/><V67/><F108/><W17/><G70/><T77/><D109/><U110/><E110/><V82/><F114/><W46/><G33/><T81/><D36/><U100/><E128/><V13/><F67/><W90/><G135/><T115/><D0/><U35/><E35/><V130/><F130/><W93/><G9/><T34/><D115/><U21/><E10/><V15/><F101/><W127/><G127/><T22/><D34/><U45/><E21/><V44/><F1/><W131/><G131/><T76/><D76/><U51/><E100/><V83/><F121/><W113/><G113/><T119/><D119/><U42/><E49/><V125/><F125/><W78/><REACH who="3" step="1"/><G17/><REACH who="3" ten="210,230,230,320" step="2"/><T69/><D69/><U57/><E57/><V16/><F48/><W39/><G39/><T14/><D30/><U20/><E20/><V28/><F44/><AGARI ba="0,1" hai="2,6,8,44,46,47,72,73,75,78,80,85,90,93" machi="44" ten="40,1300,0" yaku="1,1,53,0" doraHai="117" doraHaiUra="66" who="3" fromWho="2" sc="210,0,230,0,230,-13,320,23" /><INIT seed="2,0,0,0,0,20" ten="210,230,217,343" oya="2" hai0="117,51,76,11,42,16,88,101,106,121,77,120,125" hai1="62,108,74,127,2,95,129,73,99,135,84,21,85" hai2="44,28,89,97,35,119,94,130,49,45,7,128,86" hai3="80,122,81,31,48,63,61,41,67,92,9,111,102"/><V58/><F119/><W68/><G111/><T8/><D106/><U43/><E2/><V29/><F7/><W33/><G122/><T22/><D101/><U19/><E43/><V64/><F45/><W70/><G9/><N who="0" m="3659" /><D121/><U100/><E108/><V12/><F12/><W87/><G48/><T82/><D120/><U98/><E127/><V6/><F6/><W109/><G109/><T57/><D125/><U25/><E135/><V72/><F72/><W0/><G41/><T13/><D117/><U126/><E126/><V113/><F113/><W32/><G0/><T65/><D65/><U71/><E129/><N who="2" m="49771" /><F35/><W46/><G46/><N who="0" m="26071" /><D57/><U39/><E39/><V56/><F97/><W133/><G133/><T52/><D52/><U124/><E124/><V83/><F83/><W10/><G10/><T123/><D123/><U110/><E110/><V60/><F58/><W59/><G33/><T54/><D54/><AGARI ba="0,0" hai="28,29,44,49,54,56,60,64,86,89,94" m="49771" machi="54" ten="30,1500,0" yaku="19,1" doraHai="20" who="2" fromWho="0" sc="210,-15,230,0,217,15,343,0" /><INIT seed="2,1,0,3,1,65" ten="195,230,232,343" oya="2" hai0="57,59,44,94,39,5,8,45,10,34,95,35,84" hai1="101,29,64,83,127,43,21,77,124,17,74,93,18" hai2="71,22,113,72,120,54,46,73,1,0,126,62,80" hai3="49,58,56,42,132,130,75,128,36,27,82,107,6"/><V16/><F113/><W109/><G109/><T3/><D84/><U79/><E43/><V88/><F120/><W105/><G6/><T37/><REACH who="0" step="1"/><D5/><REACH who="0" ten="185,230,232,343" step="2"/><U26/><E79/><V112/><F72/><W7/><G7/><T114/><D114/><U4/><E4/><V23/><F112/><W99/><G75/><T50/><D50/><U100/><E127/><V122/><F126/><W96/><G49/><T135/><D135/><U119/><E124/><V41/><F73/><W68/><G132/><T31/><D31/><U40/><E74/><V110/><F122/><W32/><G128/><T78/><D78/><U104/><E77/><V111/><F111/><W19/><G130/><T13/><D13/><U28/><E29/><V55/><F110/><W90/><G36/><T69/><D69/><U98/><E28/><V76/><F76/><W66/><G68/><T103/><D103/><U47/><E100/><V108/><F108/><W129/><G129/><T121/><D121/><U11/><E101/><V20/><F0/><AGARI ba="1,1" hai="0,3,8,10,34,35,37,39,44,45,57,59,94,95" machi="0" ten="25,3200,0" yaku="1,1,22,2,53,0" doraHai="65" doraHaiUra="24" who="0" fromWho="2" sc="185,45,230,0,232,-35,343,0" /><INIT seed="3,0,0,1,3,85" ten="230,230,197,343" oya="3" hai0="94,80,38,71,55,122,22,106,29,127,105,18,72" hai1="52,124,57,133,37,25,24,60,3,96,64,8,28" hai2="79,128,54,21,34,121,111,88,110,14,112,43,74" hai3="70,40,58,82,107,32,66,6,98,26,117,86,77"/><W30/><G58/><T95/><D71/><U123/><E123/><V131/><F121/><W10/><G40/><T73/><D38/><U118/><E37/><V116/><F116/><W135/><G135/><T108/><D122/><U56/><E133/><V90/><F34/><W93/><G93/><T53/><D105/><U15/><E118/><V113/><F43/><W81/><G81/><T78/><D106/><U109/><E3/><V35/><F35/><W5/><G10/><T134/><D73/><U75/><E75/><V39/><F39/><W103/><G117/><T20/><D134/><U44/><E44/><V61/><F79/><W65/><G65/><T130/><D108/><N who="2" m="41514" /><F74/><W4/><G4/><T0/><D0/><U1/><E1/><V92/><F61/><AGARI ba="0,0" hai="5,6,26,30,32,61,66,70,77,82,86,98,103,107" machi="61" ten="40,3900,0" yaku="25,2" doraHai="85" who="3" fromWho="2" sc="230,0,230,0,197,-39,343,39" owari="230,3.0,230,-17.0,158,-34.2,382,48.2" /></mjloggm>