<mjloggm ver="2.3"><GO type="225" lobby="0"/><UN n0="%6D%75%75%6D%75%72%61" n1="%33%74%72%65%65" n2="%E5%B8%86%E7%AB%8B%E5%A4%8F%E8%A1%A3" n3="%E9%80%9F%E6%B0%B4%E5%87%9B%E9%A6%99" dan="17,17,16,16" rate="2204.71,2182.45,2136.75,2090.45" sx="F,F,M,F"/><TAIKYOKU oya="0"/><INIT seed="0,0,0,0,2,94" ten="250,250,250,250" oya="0" hai0="128,48,125,79,34,13,31,5,111,121,20,130,97" hai1="70,15,131,59,14,46,88,40,96,11,85,102,51" hai2="23,115,82,8,127,66,45,35,25,109,119,114,87" hai3="113,41,105,80,132,36,76,104,123,83,53,89,95"/><T55/><D121/><U74/><E74/><V75/><F109/><W28/><G53/><T112/><D112/><U91/><E70/><V134/><F134/><W44/><G113/><T108/><D79/><U60/><E131/><N who="0" m="50217" /><D125/><U0/><E0/><V68/><F119/><W124/><G132/><T71/><D71/><U54/><E85/><V3/><F127/><W135/><G124/><T81/><D81/><U98/><E15/><V72/><F72/><W65/><G65/><T19/><D5/><N who="1" m="3439" /><E102/><V33/><F75/><W67/><G67/><T92/><D34/><U7/><E7/><V17/><F115/><W117/><G135/><T42/><D42/><U73/><E73/><V78/><F114/><W133/><G133/><T126/><D126/><U120/><E120/><V58/><F68/><W39/><G123/><T24/><D13/><U61/><E60/><V21/><F35/><W62/><G117/><T107/><D107/><U30/><E30/><V116/><F33/><W2/><G62/><T86/><D31/><U93/><E91/><V37/><F116/><W16/><G28/><T69/><D86/><N who="1" m="52375" /><E40/><V10/><F3/><W1/><G1/><T47/><D69/><U43/><AGARI ba="0,0" hai="43,46,51,54,59,61,96,98" m="52375,3439" machi="43" ten="30,7900,0" yaku="8,1,52,2,54,1" doraHai="94" who="1" fromWho="1" sc="250,-39,250,79,250,-20,250,-20" /><INIT seed="1,0,0,5,3,91" ten="211,329,230,230" oya="1" hai0="107,118,77,100,19,103,64,16,76,88,10,104,87" hai1="132,56,66,0,90,29,9,62,54,30,119,45,28" hai2="2,4,3,61,50,94,41,24,49,12,21,96,81" hai3="83,99,1,95,46,92,63,22,79,117,131,51,113"/><U65/><E119/><V116/><F116/><W89/><G1/><T15/><D118/><U97/><E132/><V59/><F3/><W130/><G113/><T110/><D110/><U134/><E134/><V68/><F2/><W129/><G117/><T67/><D19/><U112/><E112/><V6/><F81/><W39/><G39/><T72/><D72/><U27/><E27/><V86/><F86/><W53/><G63/><T25/><D25/><U80/><E45/><N who="2" m="25775" /><F50/><W115/><G115/><T78/><D104/><U121/><E121/><V55/><F12/><W35/><G35/><T74/><D74/><U69/><E69/><V32/><F68/><W14/><G89/><T13/><D13/><U98/><E9/><V75/><F75/><W40/><G99/><N who="1" m="37898" /><E0/><V85/><F85/><AGARI ba="0,0" hai="28,29,30,54,56,62,65,66,80,85,90" m="37898" machi="85" ten="30,1500,0" yaku="8,1" doraHai="91" who="1" fromWho="2" sc="211,0,329,15,230,-15,230,0" /><INIT seed="1,1,0,2,3,33" ten="211,344,215,230" oya="1" hai0="73,43,96,80,19,77,102,64,72,16,69,8,9" hai1="121,109,134,81,78,13,37,132,87,90,0,112,115" hai2="45,57,68,79,60,122,59,94,66,108,50,34,27" hai3="61,84,99,107,70,7,51,110,3,75,116,111,106"/><U126/><E37/><V31/><F108/><N who="3" m="41515" /><G75/><T128/><D73/><N who="1" m="43215" /><E13/><V125/><F125/><W24/><G116/><T135/><D128/><U5/><E5/><V15/><F122/><W26/><G84/><T131/><D131/><U63/><E63/><V44/><F79/><W62/><G51/><T97/><D135/><N who="1" m="51755" /><E0/><V12/><F45/><W93/><G70/><T20/><D43/><U76/><E121/><V56/><REACH who="2" step="1"/><F94/><REACH who="2" ten="211,344,205,230" step="2"/><W54/><G93/><T21/><D77/><U6/><E76/><V49/><F49/><W123/><G123/><T65/><D72/><U127/><E109/><V28/><F28/><W35/><G107/><T30/><D30/><U113/><E6/><V55/><AGARI ba="1,1" hai="12,15,27,31,34,44,50,55,56,57,59,60,66,68" machi="55" ten="30,4000,0" yaku="1,1,0,1,53,1" doraHai="33" doraHaiUra="22" who="2" fromWho="2" sc="211,-11,344,-21,205,53,230,-11" /><INIT seed="2,0,0,2,1,127" ten="200,323,258,219" oya="2" hai0="6,12,109,134,120,108,5,28,96,75,19,13,78" hai1="60,125,51,100,74,123,27,14,47,135,97,23,32" hai2="62,128,37,114,1,85,59,124,38,8,133,48,33" hai3="36,43,24,2,107,91,95,121,15,98,89,9,80"/><V3/><F33/><W56/><G121/><T55/><D120/><U126/><E123/><V116/><F116/><W10/><G107/><T29/><D75/><U84/><E74/><V111/><F114/><W64/><G2/><T58/><D78/><U39/><E39/><V31/><F31/><N who="0" m="11850" /><D96/><U34/><E84/><V68/><F133/><W129/><G129/><T67/><D67/><U25/><E14/><N who="0" m="5737" /><D58/><U0/><E0/><V46/><F128/><W90/><G36/><T11/><D55/><N who="1" m="30207" /><E135/><V65/><F124/><N who="1" m="47721" /><E60/><V53/><F3/><W110/><G80/><T88/><D134/><U81/><E81/><V44/><F85/><W71/><G71/><T57/><D57/><U76/><E76/><V93/><F38/><W45/><G45/><T118/><D118/><U73/><E73/><V103/><F37/><W94/><G56/><T105/><D105/><N who="1" m="63631" /><E27/><V112/><F112/><W21/><G64/><T132/><D132/><U79/><E79/><V49/><F49/><W115/><G115/><T83/><D83/><U101/><E101/><V70/><F70/><W119/><G119/><T99/><D88/><U54/><E54/><V4/><F103/><W102/><G102/><T82/><D82/><U18/><AGARI ba="0,0" hai="18,23,25,32,34" m="63631,47721,30207" machi="18" ten="30,1100,0" yaku="18,1" doraHai="127" who="1" fromWho="1" sc="200,-3,323,11,258,-5,219,-3" /><INIT seed="3,0,0,3,4,96" ten="197,334,253,216" oya="3" hai0="37,134,52,83,49,69,120,80,74,128,77,63,30" hai1="13,82,5,11,46,12,32,6,23,59,125,58,56" hai2="100,94,10,122,114,60,116,123,4,24,39,91,50" hai3="95,135,64,107,90,81,22,70,25,85,14,26,97"/><W99/><G135/><T121/><D134/><U16/><E125/><V113/><F100/><W33/><G33/><T118/><D118/><U55/><E32/><V27/><F39/><W108/><G107/><T42/><D128/><U72/><E72/><V3/><F50/><W0/><G0/><T40/><D30/><U44/><E82/><V84/><F60/><W127/><G127/><T67/><D80/><U101/><E101/><V28/><F27/><W61/><G108/><T75/><D75/><U8/><REACH who="1" step="1"/><E55/><REACH who="1" ten="197,324,253,216" step="2"/><V43/><F116/><W51/><G99/><T117/><D117/><U71/><E71/><V87/><F114/><W54/><G97/><T92/><D92/><U7/><E7/><V66/><F113/><W9/><G81/><T21/><D21/><U119/><E119/><V115/><F115/><W53/><G53/><T20/><D20/><U93/><E93/><V48/><F94/><W88/><G90/><T104/><D104/><U112/><E112/><V62/><F91/><W38/><G22/><T130/><D130/><U31/><E31/><V124/><F124/><W126/><G126/><T65/><D65/><U102/><E102/><V41/><F87/><W47/><REACH who="3" step="1"/><G38/><REACH who="3" ten="197,324,253,206" step="2"/><T76/><D76/><U78/><E78/><V79/><F3/><AGARI ba="0,2" hai="3,5,6,8,11,12,13,16,23,44,46,56,58,59" machi="3" ten="40,8000,1" yaku="1,1,54,1,53,2" doraHai="96" doraHaiUra="2" who="1" fromWho="2" sc="197,0,324,100,253,-80,206,0" owari="197,-20.3,424,52.4,173,-32.7,206,0.6" /></mjloggm>