<mjloggm ver="2.3"><GO type="225" lobby="0"/><UN n0="%E3%83%97%E3%83%AC%E3%83%B4%E3%82%A1%E3%83%86%E3%82%A3" n1="%E5%8F%AF%E5%85%90%E9%82%A3%E7%94%B1%E5%A4%9A" n2="%43%68%65" n3="%E3%81%8B%E3%82%8F%E3%81%A1%E3%82%83%E3%82%93%35%38" dan="16,16,16,17" rate="2094.48,2204.89,2165.32,2218.01" sx="F,F,M,M"/><TAIKYOKU oya="0"/><INIT seed="0,0,0,3,2,41" ten="250,250,250,250" oya="0" hai0="130,108,103,57,27,21,69,122,11,102,125,42,10" hai1="132,133,25,29,26,98,117,48,78,76,123,96,74" hai2="22,0,33,61,111,3,37,105,58,34,46,55,93" hai3="119,118,20,86,84,64,101,28,79,32,1,30,36"/><T89/><D122/><U7/><E123/><V54/><F105/><W135/><G1/><T129/><D69/><U73/><E7/><V91/><F111/><W72/><G32/><T99/><D108/><U62/><E48/><V134/><F134/><W109/><G36/><T50/><D125/><U31/><REACH who="1" step="1"/><E62/><REACH who="1" ten="250,240,250,250" step="2"/><V19/><F3/><W4/><G4/><T112/><D112/><U9/><E9/><N who="0" m="3081" /><D130/><U121/><E121/><V44/><F0/><W43/><G109/><T92/><D129/><U104/><E104/><V67/><F37/><W12/><G119/><AGARI ba="0,1" hai="25,26,29,31,73,74,76,78,96,98,117,119,132,133" machi="119" ten="25,3200,0" yaku="1,1,22,2,53,0" doraHai="41" doraHaiUra="127" who="1" fromWho="3" sc="250,0,240,42,250,0,250,-32" /><INIT seed="1,0,0,1,3,116" ten="250,282,250,218" oya="1" hai0="127,32,95,11,61,89,111,132,110,15,1,54,94" hai1="98,36,0,135,41,109,24,90,86,102,117,133,76" hai2="134,19,122,119,6,88,34,44,58,124,87,22,81" hai3="25,74,18,14,56,77,129,63,69,83,52,66,9"/><U42/><E0/><V35/><F119/><W73/><G129/><T37/><D37/><U62/><E117/><V65/><F122/><W46/><G46/><T115/><D115/><U53/><E76/><V38/><F124/><W97/><G97/><T121/><D32/><U16/><E109/><N who="0" m="41481" /><D1/><U71/><E36/><V100/><F6/><W51/><REACH who="3" step="1"/><G25/><REACH who="3" ten="250,282,250,208" step="2"/><T27/><D27/><U20/><E98/><V103/><F44/><W79/><G79/><T84/><D127/><U80/><E102/><V60/><F38/><W125/><G125/><T28/><D132/><N who="1" m="50763" /><E71/><V55/><F134/><W106/><G106/><T99/><D99/><U93/><E93/><V33/><REACH who="2" step="1"/><F65/><REACH who="2" ten="250,282,240,208" step="2"/><W13/><G13/><AGARI ba="0,2" hai="13,19,22,33,34,35,55,58,60,81,87,88,100,103" machi="13" ten="40,5200,0" yaku="1,1,2,1,54,1,53,0" doraHai="116" doraHaiUra="72" who="2" fromWho="3" sc="250,0,282,0,240,72,208,-52" /><INIT seed="2,0,0,4,3,32" ten="250,282,312,156" oya="2" hai0="21,73,83,106,112,13,25,69,135,37,44,36,111" hai1="110,133,74,109,124,89,41,35,82,2,72,128,53" hai2="102,39,40,81,123,70,22,117,95,49,118,80,96" hai3="38,48,56,3,105,9,54,65,76,75,24,62,63"/><V122/><F70/><W99/><G38/><T61/><D112/><U87/><E35/><V46/><F39/><W78/><G75/><N who="1" m="28714" /><E41/><V116/><REACH who="2" step="1"/><F22/><REACH who="2" ten="250,282,302,156" step="2"/><W4/><G24/><T90/><D36/><U107/><E110/><V132/><F132/><W12/><G62/><T50/><D111/><U86/><E133/><V79/><F79/><W29/><G29/><T15/><D37/><U134/><E134/><V1/><F1/><W31/><G31/><T33/><D135/><U43/><E2/><V77/><F77/><W120/><G120/><AGARI ba="0,1" hai="40,46,49,80,81,95,96,102,116,117,118,120,122,123" machi="120" ten="50,12000,1" yaku="1,1,53,3" doraHai="32" doraHaiUra="114" who="2" fromWho="3" sc="250,0,282,0,302,130,156,-120" /><INIT seed="2,1,0,3,2,72" ten="250,282,432,36" oya="2" hai0="125,56,126,87,73,80,32,17,46,11,84,44,113" hai1="120,81,90,2,116,26,123,47,68,62,132,115,35" hai2="135,10,24,76,104,106,94,93,66,13,108,36,85" hai3="89,40,39,102,53,41,0,130,34,3,12,110,55"/><V117/><F117/><W79/><G12/><N who="0" m="7327" /><D32/><U129/><E116/><V77/><F36/><W100/><G39/><T23/><D113/><U50/><E115/><V119/><F119/><W103/><G34/><T86/><D23/><U28/><E2/><V51/><F66/><W75/><G75/><T16/><D56/><U5/><E5/><V59/><F24/><W31/><G31/><T128/><D128/><U131/><E132/><V92/><F135/><W14/><G14/><T70/><D70/><U60/><E90/><V9/><F85/><N who="0" m="32874" /><D73/><U82/><E82/><V57/><F108/><W74/><G74/><T98/><D98/><U124/><E81/><V109/><F109/><W43/><G110/><T20/><D126/><U49/><E124/><V78/><F51/><N who="1" m="19465" /><E47/><V42/><F42/><W91/><G130/><N who="1" m="49674" /><E68/><V97/><F97/><W107/><G107/><N who="2" m="41001" /><F13/><W114/><G114/><T1/><D1/><U38/><E38/><V63/><F63/><AGARI ba="1,0" hai="26,28,35,60,62,63,120,123" m="49674,19465" machi="63" ten="30,1000,0" yaku="19,1" doraHai="72" who="1" fromWho="2" sc="250,0,282,13,432,-13,36,0" /><INIT seed="3,0,0,5,0,26" ten="250,295,419,36" oya="3" hai0="90,56,14,128,66,122,92,116,131,21,88,67,100" hai1="36,73,71,30,113,57,135,25,50,82,95,119,106" hai2="4,89,121,62,24,74,115,125,13,77,80,48,8" hai3="109,38,68,69,58,84,37,76,107,2,105,134,40"/><W110/><G40/><T29/><D116/><U32/><E113/><V43/><F115/><W60/><G76/><T96/><D122/><U11/><E36/><N who="3" m="13930" /><G84/><T54/><D14/><U39/><E39/><V55/><F62/><W94/><G94/><T12/><D12/><U129/><E106/><N who="3" m="40458" /><G58/><T18/><D18/><U65/><E95/><V42/><F121/><W7/><G60/><N who="0" m="38151" /><D54/><U98/><E57/><V104/><F55/><W46/><G46/><T20/><D67/><U81/><E65/><V133/><F43/><W22/><G22/><T0/><D20/><U87/><E87/><V126/><F42/><W102/><G102/><T127/><D0/><U19/><E19/><V59/><F59/><W70/><G134/><T33/><D127/><U49/><E135/><V6/><F133/><W61/><G61/><T93/><D33/><U23/><E32/><V27/><F104/><W1/><G7/><T63/><D63/><U79/><E23/><V35/><F35/><W28/><G28/><T72/><D72/><U117/><E30/><V78/><F78/><W10/><G10/><T44/><D44/><U108/><E73/><V91/><F4/><W45/><G45/><T112/><D112/><U16/><E11/><V99/><F126/><W111/><AGARI ba="0,0" hai="1,2,68,69,70,109,110,111" m="40458,13930" machi="111" ten="50,18000,2" yaku="28,2,14,1,10,1,31,2" doraHai="26" who="3" fromWho="3" sc="250,-60,295,-60,419,-60,36,180" /><INIT seed="3,1,0,2,3,41" ten="190,235,359,216" oya="3" hai0="32,96,20,106,45,74,133,49,3,57,55,94,19" hai1="29,42,98,129,103,101,53,128,38,109,7,75,99" hai2="40,16,28,10,14,50,78,85,100,36,77,92,5" hai3="121,124,2,68,0,26,119,79,8,134,108,25,62"/><W110/><G79/><T80/><D3/><N who="3" m="1065" /><G68/><T51/><D32/><U22/><E75/><V17/><F36/><W66/><G66/><T69/><D69/><U116/><E7/><V18/><F28/><W112/><G62/><T86/><D74/><U95/><E109/><N who="3" m="42090" /><G112/><T113/><D106/><U35/><E116/><V114/><F114/><W82/><G82/><T111/><D111/><U107/><E35/><V91/><F100/><W24/><G119/><T88/><D113/><U84/><E84/><V125/><F125/><W126/><G121/><T13/><D133/><U93/><E107/><V47/><AGARI ba="1,0" hai="5,10,14,16,17,18,40,47,50,77,78,85,91,92" machi="47" ten="30,7900,0" yaku="0,1,8,1,52,1,54,1" doraHai="41" who="2" fromWho="2" sc="190,-21,235,-21,359,82,216,-40" owari="169,-33.1,214,1.4,441,54.1,176,-22.4" /></mjloggm>