<mjloggm ver="2.3"><GO type="225" lobby="0"/><UN n0="%40%79%75%6B%69%73" n1="%E5%8F%AF%E5%85%90%E9%82%A3%E7%94%B1%E5%A4%9A" n2="%E9%A2%A8%E3%81%A7%E9%B3%B4%E3%81%8F" n3="%E3%82%A2%E3%82%A4%E3%82%B9%E3%83%86%E3%82%A3%E3%83%BC%E3%81%82%E3%81%B9" dan="16,17,16,16" rate="2157.88,2248.30,2155.10,2118.76" sx="M,F,M,M"/><TAIKYOKU oya="0"/><INIT seed="0,0,0,4,0,23" ten="250,250,250,250" oya="0" hai0="3,115,14,11,88,76,30,36,105,35,70,71,21" hai1="48,79,94,56,61,29,78,131,9,90,60,83,69" hai2="34,10,126,74,124,121,68,118,98,1,96,103,57" hai3="45,17,107,125,37,66,101,89,19,134,84,13,119"/><T43/><D115/><U4/><E131/><V72/><F68/><W25/><G119/><T104/><D76/><U67/><E48/><V128/><F34/><W127/><G134/><T38/><D21/><U16/><E29/><V31/><F121/><W55/><G66/><T26/><D14/><U39/><E39/><N who="0" m="14889" /><D88/><U111/><E111/><V62/><F31/><W102/><G107/><N who="0" m="41035" /><D43/><U93/><E90/><V77/><F128/><W135/><G135/><T112/><D112/><U44/><E79/><V87/><F87/><W28/><G102/><T7/><AGARI ba="0,0" hai="3,7,11,26,30,35,70,71" m="41035,14889" machi="7" ten="40,7800,0" yaku="33,2,52,1" doraHai="23" who="0" fromWho="0" sc="250,78,250,-26,250,-26,250,-26" /><INIT seed="0,1,0,0,5,57" ten="328,224,224,224" oya="0" hai0="2,4,97,21,1,107,29,106,39,94,9,133,17" hai1="23,118,0,44,101,105,80,12,47,135,30,129,89" hai2="116,31,130,85,124,126,84,96,83,46,93,109,119" hai3="111,114,99,27,3,8,58,26,132,35,7,11,127"/><T56/><D39/><U117/><E0/><V51/><F31/><W87/><G111/><T90/><D133/><U54/><E135/><V69/><F69/><W91/><G132/><T63/><D1/><U36/><E129/><V61/><F61/><W75/><G75/><T92/><D92/><U108/><E108/><V86/><F109/><W68/><G68/><T88/><D90/><U66/><E66/><V72/><F130/><W18/><G127/><N who="2" m="48681" /><F51/><W50/><G99/><T38/><D38/><U32/><E32/><V16/><F16/><W43/><G35/><T82/><D82/><U134/><E134/><V115/><F46/><W53/><G43/><T65/><REACH who="0" step="1"/><D29/><REACH who="0" ten="318,224,224,224" step="2"/><U70/><E30/><V102/><F115/><W20/><G114/><T28/><D28/><U112/><E112/><V40/><F40/><W95/><REACH who="3" step="1"/><G11/><REACH who="3" ten="318,224,224,214" step="2"/><T113/><D113/><U49/><E36/><V41/><F41/><W45/><G45/><T42/><D42/><U73/><E47/><V122/><F122/><W103/><G103/><T78/><D78/><AGARI ba="1,2" hai="72,78,83,84,85,86,93,96,102,116,119" m="48681" machi="78" ten="40,5200,0" yaku="18,1,34,2" doraHai="57" who="2" fromWho="0" sc="318,-55,224,0,224,75,214,0" /><INIT seed="1,0,0,2,0,66" ten="263,224,299,214" oya="1" hai0="102,27,71,124,98,31,123,24,88,13,65,70,72" hai1="58,14,52,45,55,0,104,119,54,30,115,1,105" hai2="95,96,127,62,50,3,36,106,11,56,82,29,116" hai3="20,9,10,90,69,53,68,43,23,21,107,93,122"/><U61/><E115/><V12/><F106/><W7/><G107/><T49/><D72/><U77/><E119/><V97/><F36/><W46/><G122/><T85/><D123/><U128/><E128/><V80/><F3/><W6/><G53/><T35/><D124/><U32/><E105/><V22/><F50/><W2/><G93/><T91/><D49/><U44/><E104/><V34/><F34/><W100/><G100/><T51/><D24/><U8/><E77/><V103/><F97/><W28/><G90/><T134/><D134/><U47/><E0/><V111/><F111/><W126/><G28/><T67/><D13/><U59/><E1/><V26/><F127/><W117/><G117/><T79/><D79/><U17/><E32/><V130/><F130/><W38/><REACH who="3" step="1"/><G126/><REACH who="3" ten="263,224,299,204" step="2"/><T15/><D91/><U81/><E30/><V40/><F116/><W42/><G42/><T89/><D89/><U18/><E81/><V120/><F40/><W125/><G125/><T109/><D102/><U57/><REACH who="1" step="1"/><E17/><REACH who="1" ten="263,214,299,204" step="2"/><N who="2" m="8351" /><F120/><W37/><G37/><T4/><D31/><U5/><E5/><V60/><F82/><W86/><G86/><T78/><D85/><U94/><E94/><V110/><F80/><W75/><G75/><T63/><D4/><U118/><E118/><V41/><F95/><W135/><G135/><T129/><D129/><U133/><E133/><V101/><F29/><W84/><G84/><T112/><D78/><U74/><E74/><V39/><F39/><W121/><G121/><T33/><D109/><U76/><E76/><V114/><F110/><W19/><G19/><RYUUKYOKU ba="0,2" sc="263,-15,214,15,299,-15,204,15" hai1="8,14,18,44,45,47,52,54,55,57,58,59,61" hai3="2,6,7,9,10,20,21,23,38,43,46,68,69" /><INIT seed="1,1,2,1,5,132" ten="248,229,284,219" oya="1" hai0="27,106,24,15,18,110,134,100,44,21,77,102,61" hai1="32,48,86,129,127,101,89,25,83,108,46,135,117" hai2="47,107,7,31,68,75,4,49,128,54,34,81,45" hai3="43,56,52,62,20,23,58,26,6,30,133,126,3"/><U50/><E117/><V67/><F107/><W42/><G133/><T63/><D134/><U66/><E135/><V111/><F111/><W17/><G126/><T53/><D110/><U13/><E108/><V121/><F121/><W130/><G130/><T96/><D77/><U9/><E129/><V87/><F75/><W78/><G78/><T71/><D100/><U74/><E74/><V2/><F128/><W16/><G30/><T123/><D123/><U92/><E66/><V55/><F2/><W118/><G118/><T124/><D124/><U11/><E127/><V0/><F0/><W69/><G69/><T98/><D98/><N who="1" m="59591" /><E32/><V109/><F109/><W12/><G3/><T72/><D72/><U8/><E25/><V28/><F34/><W57/><G6/><N who="2" m="2089" /><F67/><W97/><G97/><T84/><D84/><U99/><E99/><V37/><F37/><W14/><G26/><T120/><D120/><U94/><E94/><V105/><F105/><W73/><G73/><T80/><D71/><U112/><E112/><V113/><F113/><W115/><G115/><T79/><D27/><U91/><E91/><N who="2" m="51695" /><F68/><W41/><AGARI ba="1,2" hai="12,14,16,17,20,23,41,42,43,52,56,57,58,62" machi="41" ten="30,8000,1" yaku="0,1,9,1,8,1,54,2" doraHai="132" who="3" fromWho="3" sc="248,-21,229,-41,284,-21,219,103" /><INIT seed="2,0,0,1,3,70" ten="227,188,263,322" oya="2" hai0="121,19,43,30,35,94,47,58,9,2,49,87,67" hai1="53,31,126,64,20,114,68,29,16,28,11,46,110" hai2="41,26,23,69,62,97,8,12,45,55,72,119,34" hai3="83,24,59,116,56,106,117,3,65,111,125,40,10"/><V21/><F72/><W89/><G111/><T95/><D121/><U0/><E114/><V5/><F119/><W84/><G106/><T78/><D35/><U63/><E110/><V48/><F34/><W96/><G125/><T18/><D30/><U76/><E126/><V129/><F129/><W7/><G40/><T82/><D2/><U135/><E135/><V102/><F26/><W115/><G115/><T42/><D42/><U108/><E108/><V132/><F132/><W14/><G96/><T128/><D128/><U22/><E76/><V27/><F27/><W50/><G24/><T113/><D113/><U33/><E33/><V120/><F120/><W77/><G89/><T103/><D9/><U101/><E101/><V15/><F15/><W124/><G124/><T79/><D79/><U122/><E122/><V131/><F131/><W36/><G36/><T51/><D103/><U104/><E104/><V73/><F73/><W85/><G84/><T6/><D6/><U60/><E0/><V99/><F99/><W127/><G3/><T123/><D123/><U39/><E60/><V80/><F80/><W133/><G133/><T88/><D95/><U107/><E107/><V52/><F97/><W118/><G127/><T44/><D44/><U32/><E32/><V90/><F102/><W1/><G1/><T25/><D25/><U38/><E11/><V100/><F100/><W86/><G65/><T93/><D93/><U54/><E22/><N who="2" m="8203" /><F90/><N who="3" m="51519" /><G50/><T109/><D109/><U71/><E39/><V105/><F105/><W112/><G112/><T130/><D130/><U13/><E71/><RYUUKYOKU ba="0,0" sc="227,-30,188,10,263,10,322,10" hai1="13,16,20,28,29,31,38,46,53,54,63,64,68" hai2="5,8,12,41,45,48,52,55,62,69" hai3="7,10,14,56,59,77,86,116,117,118" /><INIT seed="2,1,0,1,3,102" ten="197,198,273,332" oya="2" hai0="3,43,120,30,93,34,112,87,128,74,89,58,75" hai1="119,127,39,106,73,111,22,36,68,122,130,19,23" hai2="62,129,49,64,38,123,118,113,114,108,97,32,8" hai3="9,10,81,95,12,5,131,45,105,88,24,61,72"/><V124/><F32/><W48/><G105/><T100/><D112/><N who="2" m="43114" /><F8/><N who="3" m="4111" /><G72/><T18/><D3/><U1/><E19/><V4/><F97/><N who="3" m="57575" /><G131/><T71/><D43/><U53/><E53/><V65/><F4/><W84/><G61/><T40/><D40/><U107/><E23/><V109/><F129/><W82/><G82/><T28/><D71/><U21/><E22/><V52/><F118/><W54/><G24/><T25/><D128/><U63/><E21/><V42/><F123/><W85/><G85/><T6/><D74/><U99/><E63/><V47/><F124/><W83/><G83/><T115/><D75/><U101/><E39/><V116/><F116/><W14/><G14/><T126/><D34/><U94/><E36/><V86/><F86/><W104/><G104/><T70/><D87/><U134/><E1/><V16/><F16/><W29/><G29/><T132/><D18/><U27/><E27/><V90/><F90/><AGARI ba="1,0" hai="9,10,45,48,54,81,84,90" m="57575,4111" machi="90" ten="30,2000,0" yaku="8,1,54,1" doraHai="102" who="3" fromWho="2" sc="197,0,198,0,273,-23,332,23" /><INIT seed="3,0,0,3,0,98" ten="197,198,250,355" oya="3" hai0="135,121,107,53,131,68,129,36,43,57,59,45,62" hai1="105,47,104,1,15,49,52,42,61,6,123,4,67" hai2="106,100,95,5,132,55,34,87,88,20,82,133,70" hai3="30,97,120,18,44,26,19,64,81,22,28,39,84"/><W124/><G120/><T17/><D107/><U126/><E123/><V51/><F34/><W110/><G110/><T114/><D121/><U90/><E1/><V118/><F70/><W10/><G124/><T94/><D114/><U85/><E126/><V33/><F33/><W31/><G64/><N who="0" m="40983" /><D17/><U83/><E42/><V109/><F118/><W74/><G74/><T117/><D94/><U93/><E93/><V54/><F109/><W8/><G97/><T32/><D32/><U40/><E40/><V86/><F5/><W7/><G39/><T60/><D117/><U96/><E15/><V3/><F3/><W65/><G65/><N who="0" m="39055" /><D135/><U66/><E66/><V75/><F20/><N who="3" m="13591" /><G44/><T23/><D23/><U99/><E105/><V48/><F106/><W0/><G7/><N who="1" m="2602" /><E104/><V134/><F75/><W29/><G29/><T112/><D112/><U72/><E72/><V103/><F87/><W108/><G108/><T2/><D2/><U101/><E101/><N who="2" m="38987" /><F95/><W127/><G127/><T102/><D102/><U41/><E67/><V122/><F122/><W38/><G38/><T91/><D91/><U21/><E21/><V56/><F55/><W9/><G0/><T50/><AGARI ba="0,0" hai="36,43,45,50,53,59,129,131" m="39055,40983" machi="50" ten="30,4000,0" yaku="24,1,34,2" doraHai="98" who="0" fromWho="0" sc="197,40,198,-10,250,-10,355,-20" owari="237,-16.3,188,-31.2,240,4.0,335,43.5" /></mjloggm>