<mjloggm ver="2.3"><GO type="225" lobby="0"/><UN n0="%E3%81%A0%E3%81%8A" n1="%E8%83%83%E3%81%A8%E8%85%B8" n2="%73%6C%69%63%6B%33%31%39" n3="%E3%82%B2%E3%82%B9%E8%8C%82%E5%8B%9D" dan="16,17,16,16" rate="2042.28,2228.80,2048.66,2054.70" sx="M,M,M,F"/><TAIKYOKU oya="0"/><INIT seed="0,0,0,3,4,59" ten="250,250,250,250" oya="0" hai0="118,70,78,10,92,110,114,25,18,15,60,16,57" hai1="49,122,36,48,47,133,41,115,46,91,32,20,96" hai2="42,102,121,117,76,71,63,68,127,98,128,14,5" hai3="83,17,23,132,1,31,64,107,109,125,82,61,35"/><T67/><D114/><U69/><E32/><V84/><F121/><W62/><G109/><T65/><D118/><U80/><E122/><V21/><F117/><W89/><G107/><T12/><D110/><U131/><E115/><V8/><F127/><W77/><G125/><T44/><D78/><U3/><E131/><V7/><F128/><W33/><G1/><T129/><D129/><U50/><E133/><V99/><F42/><W111/><G111/><T37/><D25/><U116/><E116/><V94/><F5/><W105/><G105/><T79/><D79/><U74/><E3/><V56/><F98/><W90/><G132/><T53/><D70/><U95/><E69/><V123/><F123/><W30/><G64/><T9/><D92/><U51/><E74/><V81/><REACH who="2" step="1"/><F21/><REACH who="2" ten="250,250,240,250" step="2"/><W112/><G23/><T103/><D103/><U6/><E20/><V86/><F86/><W119/><G119/><T75/><D75/><U4/><REACH who="1" step="1"/><E80/><REACH who="1" ten="250,240,240,250" step="2"/><V39/><F39/><W87/><G112/><T54/><REACH who="0" step="1"/><D53/><AGARI ba="0,2" hai="4,6,36,41,46,47,48,49,50,51,53,91,95,96" machi="53" ten="40,5200,0" yaku="1,1,2,1,53,1" doraHai="59" doraHaiUra="93" who="1" fromWho="0" sc="250,-52,240,72,240,0,250,0" /><AGARI ba="0,0" hai="7,8,14,53,56,63,68,71,76,81,84,94,99,102" machi="53" ten="30,7700,0" yaku="1,1,7,1,52,1,53,1" doraHai="59" doraHaiUra="93" who="2" fromWho="0" sc="198,-77,312,0,240,77,250,0" /><INIT seed="1,0,0,2,5,111" ten="121,312,317,250" oya="1" hai0="91,94,48,103,77,105,27,89,125,60,72,135,49" hai1="31,114,116,34,86,22,85,18,100,64,54,17,69" hai2="78,79,117,5,124,109,43,7,21,102,52,40,66" hai3="30,82,106,37,63,120,134,25,123,127,67,131,90"/><U119/><E100/><V87/><F117/><W14/><G106/><T44/><D125/><U2/><E54/><V92/><F109/><W16/><G127/><T110/><D110/><U3/><E64/><V32/><F32/><W112/><G112/><T33/><D135/><U38/><E38/><V101/><F66/><W6/><G134/><T39/><D39/><U59/><E59/><V81/><F124/><W104/><G104/><T108/><D108/><U121/><E69/><V0/><F0/><N who="1" m="41" /><E85/><V95/><F21/><W62/><G6/><N who="2" m="2057" /><F52/><W65/><G37/><T76/><D27/><N who="1" m="18815" /><E86/><V122/><F122/><W98/><G120/><T4/><D4/><U115/><E121/><V45/><F45/><W58/><G123/><T84/><D33/><U26/><E18/><V99/><F79/><W128/><G82/><T20/><D77/><U15/><E26/><V51/><F51/><W36/><G36/><T70/><D48/><U132/><E132/><V9/><F9/><W93/><G25/><T96/><D49/><U68/><E68/><V12/><F12/><W8/><REACH who="3" step="1"/><G30/><REACH who="3" ten="121,312,317,240" step="2"/><T113/><D105/><U13/><E13/><V75/><F75/><W42/><G42/><T71/><D72/><U35/><E35/><V55/><F40/><W57/><AGARI ba="0,1" hai="8,14,16,57,58,62,63,65,67,90,93,98,128,131" machi="57" ten="30,7900,0" yaku="1,1,0,1,9,1,54,1,53,0" doraHai="111" doraHaiUra="28" who="3" fromWho="3" sc="121,-20,312,-39,317,-20,240,89" /><INIT seed="2,0,0,2,0,106" ten="101,273,297,329" oya="2" hai0="2,64,112,37,74,12,58,131,68,86,32,84,92" hai1="123,28,19,116,119,36,62,114,91,72,38,98,20" hai2="21,127,7,51,46,11,59,4,31,53,5,80,121" hai3="104,130,50,66,111,89,70,24,10,113,42,0,78"/><V43/><F121/><W120/><G111/><T77/><D2/><U17/><E114/><V18/><F127/><W128/><G104/><T133/><D32/><U82/><E123/><V125/><F125/><W9/><G120/><T15/><D37/><U81/><E28/><V52/><F31/><W101/><G101/><T65/><D112/><U22/><E62/><V26/><F80/><W87/><G113/><T44/><D68/><U39/><E39/><V45/><F45/><W108/><G108/><T60/><D131/><N who="3" m="50217" /><G78/><T97/><D133/><U100/><E98/><V75/><F75/><W132/><G0/><T47/><D74/><U55/><E100/><V115/><F115/><W35/><G66/><T134/><D65/><U48/><E48/><V109/><F109/><W129/><G70/><T25/><D134/><U117/><E117/><V16/><F59/><W67/><G67/><T3/><D64/><U57/><E57/><V103/><F103/><W99/><G99/><T61/><D97/><U90/><REACH who="1" step="1"/><E55/><REACH who="1" ten="101,263,297,329" step="2"/><V41/><F53/><W88/><G129/><T73/><D58/><U107/><E107/><V8/><F18/><W96/><G132/><T102/><D61/><U54/><E54/><V13/><REACH who="2" step="1"/><F4/><REACH who="2" ten="101,263,287,329" step="2"/><W83/><G42/><T30/><D102/><U105/><E105/><V27/><F27/><W63/><G63/><T95/><D25/><U85/><E85/><V110/><F110/><W34/><G24/><T69/><D86/><U71/><E71/><V124/><F124/><W40/><G40/><T23/><D84/><U1/><E1/><AGARI ba="0,2" hai="1,5,7,8,11,13,16,21,26,41,43,46,51,52" machi="1" ten="30,11600,0" yaku="1,1,7,1,54,2,53,0" doraHai="106" doraHaiUra="135" who="2" fromWho="1" sc="101,0,263,-116,287,136,329,0" /><INIT seed="2,1,0,0,4,26" ten="101,147,423,329" oya="2" hai0="114,122,90,96,27,2,129,127,100,135,121,92,50" hai1="24,116,54,110,130,17,8,79,124,101,36,58,103" hai2="113,131,25,30,23,104,16,63,29,77,117,10,3" hai3="62,1,34,33,133,94,41,4,32,82,71,43,72"/><V80/><F113/><W5/><G133/><T7/><D114/><U64/><E116/><V112/><F112/><W108/><G108/><T19/><D127/><U102/><E110/><V11/><F104/><W106/><G106/><T83/><D129/><U123/><E130/><V81/><F131/><W12/><G1/><T65/><D135/><U125/><E123/><V85/><F117/><W28/><G94/><T59/><D2/><U128/><E128/><V45/><F63/><W0/><G0/><T76/><D7/><U38/><E64/><V68/><F68/><W6/><G12/><T53/><D65/><U37/><E79/><V98/><F98/><W14/><G14/><T69/><D100/><U22/><REACH who="1" step="1"/><E8/><REACH who="1" ten="101,137,423,329" step="2"/><V78/><F10/><W119/><G119/><T99/><D69/><U49/><AGARI ba="1,1" hai="17,22,24,36,37,38,49,54,58,101,102,103,124,125" machi="49" ten="40,5200,0" yaku="1,1,2,1,0,1,53,0" doraHai="26" doraHaiUra="84" who="1" fromWho="1" sc="101,-14,137,65,423,-27,329,-14" /><INIT seed="3,0,0,5,1,2" ten="87,202,396,315" oya="3" hai0="33,54,66,60,38,102,99,63,39,84,67,73,37" hai1="119,96,65,89,108,59,34,83,71,103,57,36,11" hai2="91,51,15,8,80,40,77,130,56,98,70,61,47" hai3="81,105,114,100,31,128,112,82,120,30,53,10,28"/><W50/><G120/><T55/><D73/><U109/><E119/><V20/><F130/><W101/><G128/><T85/><D33/><U74/><E36/><V106/><F70/><W104/><G10/><T124/><D99/><U22/><E34/><V107/><F20/><W49/><REACH who="3" step="1"/><G31/><REACH who="3" ten="87,202,396,305" step="2"/><T27/><D102/><U133/><E11/><V88/><F106/><W9/><G9/><T43/><D124/><U12/><E103/><V6/><F107/><W25/><G25/><T0/><D0/><U86/><E12/><V87/><F98/><W117/><G117/><T94/><D27/><U3/><E96/><V121/><F121/><W14/><G14/><T52/><D43/><U135/><E3/><V111/><F111/><W45/><G45/><T23/><D23/><U17/><E108/><V93/><F93/><W69/><G69/><T58/><D94/><U127/><E109/><V76/><F91/><W113/><G113/><T35/><D35/><U32/><E32/><V18/><F18/><W129/><G129/><T115/><D115/><U62/><E127/><V116/><F116/><W41/><G41/><T122/><D122/><U123/><E123/><V95/><F95/><W42/><G42/><T44/><D44/><U46/><E46/><V21/><F21/><W64/><G64/><AGARI ba="0,1" hai="6,8,15,40,47,51,56,61,64,76,77,80,87,88" machi="64" ten="30,7700,0" yaku="7,1,8,1,52,1,54,1" doraHai="2" who="2" fromWho="3" sc="87,0,202,0,396,87,305,-77" owari="87,-41.3,202,-19.8,483,58.3,228,2.8" /></mjloggm>