<mjloggm ver="2.3"><GO type="225" lobby="0"/><UN n0="%E3%82%B3%E3%83%90%E3%83%AC%E3%82%A4" n1="%E3%81%A4%E3%81%A3%E3%81%B1%E3%82%8A%E3%83%9D%E3%83%BC%E3%83%AB" n2="%4B%2E%32%2E%4B%2E" n3="%E3%81%BE%E3%81%A8%E3%81%9F" dan="16,17,16,17" rate="2075.30,2228.48,2108.74,2130.68" sx="M,M,M,M"/><TAIKYOKU oya="0"/><INIT seed="0,0,0,4,1,11" ten="250,250,250,250" oya="0" hai0="114,34,30,62,127,22,10,130,116,66,109,14,38" hai1="124,21,129,52,43,102,83,94,108,0,131,78,3" hai2="93,63,101,7,47,99,97,32,59,80,117,113,134" hai3="74,35,39,23,57,18,46,61,67,49,91,122,106"/><T133/><D38/><U13/><E43/><V135/><F113/><W69/><G122/><T48/><D114/><U73/><E108/><V95/><F32/><W65/><G106/><T12/><D109/><U71/><E71/><V20/><F117/><W105/><G105/><T90/><D116/><U81/><E124/><V68/><F68/><W115/><G74/><T42/><D127/><U17/><E83/><V103/><F47/><W92/><G35/><T16/><D133/><U119/><E119/><V15/><F80/><W132/><G39/><T40/><D130/><N who="1" m="49675" /><E52/><V64/><REACH who="2" step="1"/><F7/><REACH who="2" ten="250,250,240,250" step="2"/><W54/><G132/><T4/><D34/><U85/><E73/><V87/><F87/><N who="3" m="52351" /><G115/><T72/><D72/><U33/><E33/><V37/><F37/><W36/><G36/><T110/><D110/><U121/><E121/><V70/><F70/><W5/><G5/><T55/><D30/><U6/><E6/><V126/><F126/><W86/><G86/><T8/><D40/><U41/><E41/><V60/><F60/><W79/><G69/><T100/><D42/><U98/><AGARI ba="0,1" hai="0,3,13,17,21,78,81,85,94,98,102" m="49675" machi="98" ten="30,2000,0" yaku="19,1,52,1" doraHai="11" who="1" fromWho="1" sc="250,-10,250,30,240,-5,250,-5" /><INIT seed="1,0,0,4,4,53" ten="240,280,235,245" oya="1" hai0="100,106,14,5,131,127,56,57,60,129,54,20,4" hai1="88,50,51,42,12,59,79,112,48,97,119,125,1" hai2="21,91,7,46,28,73,63,36,92,41,15,31,111" hai3="39,90,6,81,76,89,33,72,105,99,71,123,84"/><U67/><E1/><V133/><F73/><W62/><G39/><T43/><D43/><U37/><E112/><V30/><F111/><W44/><G33/><T2/><D2/><U29/><E119/><V103/><F133/><W128/><G128/><N who="0" m="49227" /><D127/><U93/><E125/><V110/><F110/><W95/><G123/><T74/><D74/><U3/><E3/><V26/><F103/><W115/><G115/><T130/><D130/><U121/><E121/><V66/><F15/><W126/><G126/><T78/><D78/><U19/><E29/><V45/><F7/><W104/><G6/><T113/><D113/><U8/><E79/><V118/><F46/><W107/><G44/><T77/><D77/><U85/><E37/><V96/><REACH who="2" step="1"/><F118/><REACH who="2" ten="240,280,225,245" step="2"/><W38/><G38/><T40/><D100/><U55/><E42/><V108/><F108/><W32/><G32/><T24/><D40/><U94/><E67/><V11/><F11/><W0/><G0/><T17/><D106/><U47/><E47/><V49/><F49/><W122/><G122/><T13/><D5/><U69/><E69/><AGARI ba="0,1" hai="21,26,28,30,31,36,41,45,63,66,69,91,92,96" machi="69" ten="30,2000,0" yaku="1,1,7,1,53,0" doraHai="53" doraHaiUra="117" who="2" fromWho="1" sc="240,0,280,-20,225,30,245,0" /><INIT seed="2,0,0,1,3,44" ten="240,260,255,245" oya="2" hai0="108,79,134,91,29,8,112,47,74,83,133,99,77" hai1="132,97,131,78,13,111,59,21,123,117,135,105,103" hai2="51,107,46,98,73,12,15,48,7,71,38,36,3" hai3="124,127,41,27,116,2,67,23,101,125,129,10,9"/><V130/><F73/><W115/><G116/><T55/><D112/><U4/><E117/><V14/><F71/><W119/><G119/><T114/><D29/><U88/><E111/><V86/><F130/><W82/><G129/><T19/><D114/><U93/><E131/><V66/><F66/><W61/><G115/><T110/><D77/><U96/><E123/><V11/><F86/><W45/><G101/><T90/><D19/><N who="1" m="10479" /><E78/><V56/><F56/><N who="3" m="37287" /><G82/><T75/><D8/><U65/><E59/><V72/><F72/><W58/><G58/><T122/><D122/><U22/><E22/><V63/><F63/><W85/><G85/><T20/><D20/><U43/><E43/><V87/><F87/><W31/><G2/><T121/><D121/><U42/><E42/><V16/><F16/><W81/><G81/><T89/><D74/><U25/><E65/><V54/><REACH who="2" step="1"/><F51/><AGARI ba="0,0" hai="9,10,23,27,31,41,45,51,124,125,127" m="37287" machi="51" ten="30,2000,0" yaku="18,1,52,1" doraHai="44" who="3" fromWho="2" sc="240,0,260,0,255,-20,245,20" /><INIT seed="3,0,0,2,3,95" ten="240,260,235,265" oya="3" hai0="25,102,108,22,63,11,131,82,83,86,49,8,126" hai1="37,66,36,115,76,58,77,67,54,135,53,34,44" hai2="65,14,60,68,106,6,129,132,28,112,93,127,130" hai3="7,21,47,29,32,125,122,19,56,24,18,81,99"/><W85/><G125/><T50/><D126/><U124/><E34/><V105/><F127/><W89/><G122/><T46/><D131/><N who="2" m="50186" /><F112/><W111/><G111/><T80/><D108/><U9/><E124/><V69/><F132/><W116/><G116/><T40/><D102/><U96/><E115/><V73/><F73/><W128/><G128/><T10/><D63/><U61/><E135/><V62/><F28/><W3/><G56/><T71/><D71/><U110/><E110/><V79/><F79/><W87/><G87/><T123/><D123/><U118/><E77/><V98/><F6/><W109/><G109/><T41/><D50/><N who="1" m="28871" /><E76/><V84/><F14/><W64/><G32/><T88/><REACH who="0" step="1"/><D41/><REACH who="0" ten="230,260,235,265" step="2"/><U35/><E118/><V20/><F68/><W31/><G47/><T17/><AGARI ba="0,1" hai="8,10,11,17,22,25,40,46,49,80,82,83,86,88" machi="17" ten="30,8000,1" yaku="1,1,2,1,0,1,8,1,54,1,53,0" doraHai="95" doraHaiUra="0" who="0" fromWho="0" sc="230,90,260,-20,235,-20,265,-40" owari="320,42.0,240,4.0,215,-28.5,225,-17.5" /></mjloggm>