<mjloggm ver="2.3"><GO type="225" lobby="0"/><UN n0="%E5%91%A8%E6%9D%B1" n1="%E3%81%8B%E3%82%8F%E3%81%A1%E3%82%83%E3%82%93%35%38" n2="%4B%2E%32%2E%4B%2E" n3="%E4%BF%BA%E3%81%A8%E5%A6%96%E5%A4%A2" dan="17,17,16,17" rate="2169.34,2204.81,2123.62,2200.27" sx="M,M,M,F"/><TAIKYOKU oya="0"/><INIT seed="0,0,0,5,1,58" ten="250,250,250,250" oya="0" hai0="19,123,99,61,26,15,43,115,71,65,33,11,39" hai1="77,52,46,38,13,53,21,36,27,109,127,16,129" hai2="105,132,17,119,47,51,96,122,56,125,57,0,103" hai3="100,9,133,101,78,110,5,135,45,114,87,25,24"/><T134/><D115/><U59/><E109/><V74/><F122/><W8/><G114/><T28/><D123/><U84/><E127/><V22/><F74/><W32/><G110/><T124/><D124/><U10/><E129/><V60/><F125/><W63/><G45/><T34/><D134/><N who="3" m="51209" /><G32/><T1/><D1/><U81/><E46/><V107/><F132/><W69/><G78/><T108/><D108/><U14/><E14/><V82/><F119/><W102/><G87/><T130/><D130/><U95/><E95/><V98/><F0/><N who="3" m="39" /><G9/><T18/><D18/><U88/><E77/><V80/><F98/><W83/><G83/><T89/><D34/><U93/><E81/><V76/><F76/><W44/><G44/><T6/><D6/><U50/><REACH who="1" step="1"/><E53/><REACH who="1" ten="250,240,250,250" step="2"/><V106/><F82/><W97/><G97/><T48/><D39/><U120/><E120/><V111/><F80/><W35/><G35/><T75/><D75/><U29/><AGARI ba="0,1" hai="10,13,16,21,27,29,36,38,50,52,59,84,88,93" machi="29" ten="20,12000,2" yaku="1,1,0,1,7,1,54,3,53,1" doraHai="58" doraHaiUra="86" who="1" fromWho="1" sc="250,-60,240,130,250,-30,250,-30" /><INIT seed="1,0,0,1,4,134" ten="190,370,220,220" oya="1" hai0="112,49,76,6,12,110,26,9,84,56,131,60,90" hai1="11,85,54,3,126,31,25,14,0,22,23,120,59" hai2="69,10,30,108,95,82,88,45,121,83,44,32,94" hai3="57,2,80,36,24,67,65,118,17,46,61,132,100"/><U114/><E114/><V105/><F121/><W48/><G36/><T21/><D110/><U113/><E113/><V51/><F105/><W8/><G132/><T58/><D131/><U107/><E107/><V96/><F69/><W18/><G118/><T127/><D112/><U13/><E120/><V123/><F123/><W29/><G67/><T97/><D127/><U7/><E85/><V106/><F106/><W74/><G100/><T20/><D76/><U93/><E93/><V116/><F116/><W129/><G129/><T122/><D122/><U103/><E103/><V68/><F68/><W1/><G74/><T19/><D97/><U133/><E133/><V37/><F37/><W52/><G80/><T47/><D21/><N who="1" m="7691" /><E59/><V77/><F108/><W135/><G135/><T63/><D58/><U99/><E54/><V109/><F109/><W89/><G89/><T5/><D56/><U124/><E99/><N who="2" m="57799" /><F32/><W40/><G65/><T34/><D34/><N who="1" m="20847" /><E13/><V101/><F77/><W128/><G128/><T98/><D98/><U27/><E27/><V62/><F62/><W115/><G115/><T71/><D71/><U81/><E81/><V15/><F83/><W104/><G104/><T43/><REACH who="0" step="1"/><D5/><REACH who="0" ten="180,370,220,220" step="2"/><U41/><E41/><V16/><F101/><W73/><G40/><T102/><D102/><U28/><E28/><V79/><F30/><W38/><G29/><T72/><D72/><U42/><E42/><V39/><F96/><W4/><G73/><T119/><D119/><U86/><E86/><V50/><F79/><W33/><G57/><T70/><D70/><U53/><E53/><RYUUKYOKU ba="0,1" sc="180,15,370,15,220,-15,220,-15" hai0="6,9,12,19,20,26,43,47,49,60,63,84,90" hai1="0,3,7,11,14,124,126" /><INIT seed="1,1,1,2,5,96" ten="195,385,205,205" oya="1" hai0="119,121,10,132,107,83,27,26,1,4,20,36,74" hai1="22,41,94,81,110,9,100,133,108,47,131,56,6" hai2="88,98,109,51,101,0,64,55,130,8,18,115,128" hai3="62,49,125,2,86,89,57,59,60,129,95,120,105"/><U16/><E131/><N who="2" m="50219" /><F109/><N who="1" m="42089" /><E133/><V93/><F115/><W87/><G105/><T23/><D107/><U14/><E56/><N who="2" m="32895" /><F64/><W135/><G129/><T32/><D36/><U104/><E104/><V29/><F29/><W67/><G120/><T117/><D32/><U44/><E81/><V21/><F0/><W19/><G2/><T72/><D83/><U114/><E114/><V7/><F7/><W34/><G34/><T122/><D132/><U102/><E94/><V38/><F8/><W69/><G135/><T123/><D74/><U112/><E112/><V99/><F38/><W28/><G28/><N who="0" m="17479" /><D72/><U80/><E80/><V68/><F68/><W46/><G69/><T24/><D24/><N who="1" m="14407" /><E47/><V82/><F82/><W53/><G19/><AGARI ba="1,1" hai="1,4,10,19,23,27,117,119,121,122,123" m="17479" machi="19" ten="30,3900,0" yaku="13,1,34,2" doraHai="96" who="0" fromWho="3" sc="195,52,385,0,205,0,205,-42" /><INIT seed="2,0,0,5,0,50" ten="247,385,205,163" oya="2" hai0="33,100,59,89,6,62,10,97,86,91,66,47,103" hai1="52,28,129,128,57,70,114,76,24,124,98,9,19" hai2="83,45,42,22,92,127,132,72,43,34,56,107,4" hai3="135,16,31,120,113,93,26,44,106,126,14,39,74"/><V110/><F107/><W63/><G120/><T46/><D33/><U18/><E70/><V73/><F34/><W68/><G106/><T60/><D60/><N who="1" m="35879" /><E114/><V58/><F127/><W117/><G117/><T64/><D64/><U123/><E76/><V99/><F132/><W81/><G135/><T8/><D8/><U80/><E80/><V55/><F110/><W5/><G126/><T78/><D78/><U61/><E124/><V90/><F4/><W32/><G113/><T54/><D66/><U51/><E61/><V108/><F58/><W21/><G63/><T122/><D122/><U25/><E9/><V2/><F2/><W119/><G68/><T71/><D71/><U118/><E25/><V96/><F83/><W116/><G93/><T1/><D103/><U49/><E98/><V41/><F99/><W3/><G81/><T48/><D62/><U95/><E95/><V88/><F108/><W130/><G74/><T77/><D77/><U15/><E123/><V111/><F111/><W105/><G130/><N who="1" m="50282" /><E118/><V13/><F90/><W27/><G27/><T7/><D91/><U35/><E18/><N who="2" m="10575" /><F73/><W29/><G105/><T101/><D101/><U82/><E82/><V104/><F72/><W23/><G31/><T131/><D131/><U40/><E35/><V94/><F94/><W109/><G109/><T20/><D97/><U84/><E84/><V121/><F104/><W37/><G23/><T17/><D100/><U115/><E115/><V67/><F121/><W133/><G133/><T112/><D112/><U87/><E87/><V53/><F96/><W102/><G116/><RYUUKYOKU ba="0,0" sc="247,0,385,0,205,0,163,0" /><INIT seed="3,1,0,4,3,52" ten="247,385,205,163" oya="3" hai0="96,48,3,31,37,54,58,34,14,125,74,25,97" hai1="32,82,23,100,117,80,65,57,131,61,124,95,18" hai2="88,26,16,78,69,107,36,62,35,30,73,5,105" hai3="45,71,128,109,94,29,132,46,20,9,27,66,55"/><W87/><G128/><T115/><D3/><U99/><E32/><V134/><F36/><W21/><G132/><T113/><D37/><U90/><E131/><V114/><F114/><N who="0" m="43530" /><D125/><U49/><E124/><V81/><F134/><W93/><G109/><T50/><D74/><U79/><E117/><V19/><F5/><W98/><G71/><T120/><D120/><U15/><E49/><V47/><F47/><W106/><G106/><T24/><D24/><U89/><E82/><V86/><F105/><W28/><G66/><T118/><D118/><U2/><E2/><V108/><F107/><W123/><G123/><T84/><D50/><U119/><E119/><V122/><F108/><W12/><G87/><AGARI ba="1,0" hai="15,18,23,57,61,65,79,80,87,89,90,95,99,100" machi="87" ten="30,3900,0" yaku="7,1,8,1,52,1" doraHai="52" who="1" fromWho="3" sc="247,0,385,42,205,0,163,-42" owari="247,4.7,427,52.7,205,-19.5,121,-37.9" /></mjloggm>