<mjloggm ver="2.3"><GO type="225" lobby="0"/><UN n0="%6D%75%75%73%61%6E%6D%75" n1="%E6%B4%BE%E9%81%A3%E3%81%AE%E3%82%B8%E3%83%A3%E3%83%83%E3%82%AF" n2="%E6%9D%B1%E9%A2%A8%E3%81%AE%E3%81%8D%E3%82%83%E3%81%B7%E3%81%95%E3%82%93" n3="%72%69%6F%75%63%68%61%6E" dan="16,17,17,16" rate="2126.80,2187.87,2207.74,2157.13" sx="F,M,M,M"/><TAIKYOKU oya="0"/><INIT seed="0,0,0,2,2,47" ten="250,250,250,250" oya="0" hai0="42,118,54,9,32,105,58,85,31,114,93,24,113" hai1="8,34,120,18,12,17,109,79,124,0,28,126,101" hai2="37,73,3,22,133,106,77,53,115,48,122,135,99" hai3="104,97,84,6,45,29,4,83,95,90,16,52,74"/><T89/><D118/><U33/><E101/><N who="2" m="62783" /><F37/><W39/><G29/><T119/><D119/><U43/><E79/><V103/><F3/><W116/><G116/><T64/><D105/><U69/><E69/><V91/><F103/><W130/><G130/><T123/><D123/><U21/><E43/><V30/><F91/><W96/><G39/><T15/><D42/><U127/><E120/><V5/><F5/><W46/><G104/><T87/><D87/><U86/><E86/><V56/><F122/><W19/><G74/><T60/><REACH who="0" step="1"/><D64/><REACH who="0" ten="240,250,250,250" step="2"/><U36/><E36/><V26/><F115/><W27/><G97/><T98/><D98/><U11/><E109/><V44/><F73/><W107/><G107/><T129/><D129/><U63/><E63/><V62/><F77/><W70/><G96/><T80/><D80/><U94/><E94/><V2/><F62/><W88/><G83/><T134/><D134/><N who="2" m="51210" /><F2/><W1/><G1/><T117/><D117/><U125/><E125/><V78/><F78/><W61/><G95/><T92/><D92/><U71/><E0/><V108/><F108/><W20/><G84/><T41/><D41/><U51/><E124/><V10/><F10/><W40/><G40/><T49/><D49/><U131/><E51/><V23/><F44/><W128/><G45/><T75/><D75/><U112/><E131/><V76/><F76/><W110/><G128/><T81/><D81/><U55/><E8/><V132/><F132/><W14/><G110/><T100/><D100/><U59/><E11/><V57/><F48/><W82/><G46/><T67/><D67/><RYUUKYOKU ba="0,1" sc="240,30,250,-10,250,-10,250,-10" hai0="9,15,24,31,32,54,58,60,85,89,93,113,114" /><INIT seed="0,1,1,1,4,60" ten="270,240,240,240" oya="0" hai0="42,115,31,54,94,24,77,55,73,106,82,124,6" hai1="98,68,30,38,19,108,13,35,118,47,49,26,65" hai2="101,103,45,113,12,75,72,3,27,102,96,93,135" hai3="79,43,70,10,5,107,119,61,104,22,100,109,1"/><T14/><D115/><U114/><E118/><V50/><F113/><W51/><G119/><T131/><D106/><U58/><E114/><V46/><F3/><W32/><G109/><T40/><D124/><U91/><E108/><V90/><F135/><W127/><G32/><T110/><D131/><U44/><E38/><V80/><F45/><W33/><G33/><T78/><D110/><U11/><E68/><V18/><F27/><W116/><G116/><T59/><D78/><U64/><E58/><V97/><F80/><W20/><G127/><T120/><D120/><U95/><REACH who="1" step="1"/><E47/><REACH who="1" ten="270,230,240,240" step="2"/><V21/><REACH who="2" step="1"/><F97/><REACH who="2" ten="270,230,230,240" step="2"/><W37/><G37/><T84/><D59/><U34/><E34/><V133/><F133/><W134/><G134/><T126/><D126/><U74/><E74/><V56/><F56/><W0/><G70/><T87/><D73/><U2/><E2/><V67/><F67/><W71/><G0/><T63/><D63/><U111/><E111/><V25/><F25/><W16/><G71/><T52/><D24/><U17/><E17/><V39/><F39/><W15/><G61/><T28/><D28/><U123/><E123/><V41/><AGARI ba="1,3" hai="12,18,21,41,46,50,72,75,90,93,96,101,102,103" machi="41" ten="30,4000,0" yaku="1,1,0,1,53,1" doraHai="60" doraHaiUra="88" who="2" fromWho="2" sc="270,-21,230,-11,230,73,240,-11" /><INIT seed="1,0,0,4,4,24" ten="249,219,303,229" oya="1" hai0="32,8,120,34,6,79,39,103,13,92,55,62,0" hai1="31,36,134,96,119,57,117,131,75,132,37,47,125" hai2="14,28,49,1,22,98,59,3,86,100,26,112,113" hai3="71,18,69,94,127,109,63,72,20,102,52,21,33"/><U110/><E75/><V68/><F86/><W107/><G72/><T126/><D39/><N who="1" m="14923" /><E96/><V10/><F68/><W121/><G109/><T99/><D126/><U93/><E93/><V95/><F49/><W25/><G127/><T108/><D108/><U85/><E85/><V7/><REACH who="2" step="1"/><F59/><REACH who="2" ten="249,219,293,229" step="2"/><N who="3" m="35303" /><G69/><T11/><D120/><U61/><E125/><V67/><F67/><W16/><G71/><T90/><D62/><U4/><E110/><V30/><F30/><N who="3" m="17703" /><G121/><T73/><D73/><U15/><E31/><V65/><F65/><W135/><G135/><N who="1" m="51754" /><E131/><V97/><F97/><N who="3" m="59703" /><G107/><T66/><D66/><N who="1" m="39215" /><E47/><V84/><F84/><W89/><G33/><T122/><D32/><U58/><E58/><V104/><F104/><W27/><G89/><T106/><D34/><U23/><E117/><V114/><AGARI ba="0,1" hai="1,3,7,10,14,22,26,28,95,98,100,112,113,114" machi="114" ten="30,7900,0" yaku="1,1,0,1,11,1,52,1,53,0" doraHai="24" doraHaiUra="44" who="2" fromWho="2" sc="249,-20,219,-39,293,89,229,-20" /><INIT seed="2,0,0,3,0,33" ten="229,180,382,209" oya="2" hai0="135,51,88,125,11,70,117,26,73,109,34,130,65" hai1="119,32,75,52,12,5,91,102,36,40,27,111,9" hai2="4,17,19,48,64,14,82,50,107,22,121,106,10" hai3="0,120,15,35,85,42,132,129,54,28,71,97,96"/><V93/><F121/><W37/><G120/><T56/><D73/><U46/><E119/><V61/><F107/><W90/><G71/><T128/><D117/><U3/><E75/><V78/><F106/><W24/><G0/><T127/><D109/><U95/><E111/><V83/><F93/><W58/><G129/><N who="0" m="49771" /><D70/><U8/><E102/><V57/><F19/><W69/><G69/><T131/><N who="0" m="49779" /><T122/><DORA hai="80" /><D122/><U99/><E52/><V68/><F68/><W1/><G1/><T38/><D38/><U21/><E32/><V98/><F98/><W115/><G132/><T72/><D72/><U74/><E74/><V7/><F7/><W66/><G66/><T81/><D11/><U13/><REACH who="1" step="1"/><E9/><REACH who="1" ten="229,170,382,209" step="2"/><V133/><F133/><W39/><G42/><T59/><D135/><U41/><E41/><V25/><F64/><W89/><G115/><T45/><D65/><U30/><AGARI ba="0,1" hai="3,5,8,12,13,21,27,30,36,40,46,91,95,99" machi="30" ten="20,8000,1" yaku="1,1,0,1,7,1,52,1,53,1" doraHai="33,80" doraHaiUra="6,108" who="1" fromWho="1" sc="229,-20,170,90,382,-40,209,-20" /><INIT seed="3,0,0,2,4,12" ten="209,260,342,189" oya="3" hai0="59,120,102,93,52,99,110,21,47,7,116,28,63" hai1="24,25,104,124,44,78,77,43,133,49,76,60,0" hai2="97,69,111,134,55,34,72,53,90,101,125,39,83" hai3="85,91,29,6,79,2,27,9,103,33,1,92,86"/><W123/><G123/><T96/><D120/><U42/><E104/><V108/><F39/><W109/><G109/><N who="2" m="42057" /><F69/><W51/><G103/><T65/><D110/><U16/><E0/><V31/><F134/><W126/><G126/><T107/><D116/><U81/><E133/><V58/><F125/><W54/><G1/><T87/><D7/><U30/><E124/><V113/><F113/><W45/><REACH who="3" step="1"/><G79/><REACH who="3" ten="209,260,342,179" step="2"/><T18/><D102/><U131/><E76/><N who="2" m="44423" /><F90/><W74/><G74/><T66/><D107/><U57/><E77/><V128/><F128/><W100/><G100/><T112/><D112/><U73/><E131/><V5/><F5/><W129/><G129/><T22/><D99/><AGARI ba="0,1" hai="2,6,9,27,29,33,45,51,54,85,86,91,92,99" machi="99" ten="30,2900,0" yaku="1,1,7,1,53,0" doraHai="12" doraHaiUra="64" who="3" fromWho="0" sc="209,-29,260,0,342,0,179,39" /><INIT seed="3,1,0,3,5,68" ten="180,260,342,218" oya="3" hai0="118,89,110,32,126,100,44,99,74,2,24,62,124" hai1="18,69,57,17,129,84,121,102,12,80,52,85,49" hai2="77,73,40,33,111,97,96,41,108,60,120,132,13" hai3="91,92,23,81,88,37,79,28,20,105,38,119,59"/><W54/><G119/><T8/><D118/><U27/><E121/><V19/><F33/><W36/><G105/><T55/><D74/><U16/><E69/><V107/><F60/><W9/><G9/><T112/><D89/><N who="1" m="51335" /><E129/><V61/><F132/><W48/><G28/><T39/><D62/><U25/><E102/><N who="2" m="62919" /><F61/><W1/><G1/><T127/><D55/><U76/><E12/><V63/><F63/><W42/><G42/><T21/><D32/><U116/><E116/><V4/><F4/><W122/><G122/><T130/><D130/><U7/><E7/><V30/><F97/><W94/><G92/><T131/><D131/><U10/><E10/><V43/><F120/><W115/><G115/><T78/><D78/><U95/><E76/><V109/><F30/><W6/><G6/><T87/><D112/><U90/><AGARI ba="1,0" hai="16,17,18,25,27,49,52,57,85,90,95" m="51335" machi="90" ten="30,4000,0" yaku="8,1,54,2" doraHai="68" who="1" fromWho="1" sc="180,-11,260,43,342,-11,218,-21" owari="169,-33.1,303,10.3,331,43.1,197,-20.3" /></mjloggm>