<mjloggm ver="2.3"><GO type="225" lobby="0"/><UN n0="%72%69%6F%75%63%68%61%6E" n1="%6D%75%75%6D%75%72%61" n2="%E7%BD%AA%E5%88%91%E6%B3%95%E5%AE%9A%E4%B8%BB%E7%BE%A9" n3="%E3%81%AA%E3%81%A1%30%39%32%37" dan="17,17,16,16" rate="2196.85,2183.96,2171.61,2118.40" sx="M,F,M,M"/><TAIKYOKU oya="0"/><INIT seed="0,0,0,4,4,17" ten="250,250,250,250" oya="0" hai0="56,49,40,47,18,120,6,21,0,2,57,32,16" hai1="106,83,85,109,81,61,108,119,52,82,66,126,28" hai2="87,29,104,10,24,101,123,41,13,5,74,75,12" hai3="70,15,76,54,9,90,107,64,38,134,117,19,111"/><T122/><D32/><U59/><E119/><V118/><F123/><W48/><G117/><T95/><D18/><U84/><E106/><V89/><F118/><W26/><G111/><N who="1" m="42570" /><E126/><V8/><F41/><W110/><G107/><T60/><D56/><N who="1" m="37159" /><E28/><V4/><F101/><W1/><G134/><T46/><D95/><U67/><E67/><V102/><F102/><W35/><G38/><T73/><D73/><U11/><E11/><V62/><F62/><AGARI ba="0,0" hai="52,59,62,81,82,83,84,85" m="37159,42570" machi="62" ten="30,2000,0" yaku="14,1,54,1" doraHai="17" who="1" fromWho="2" sc="250,0,250,20,250,-20,250,0" /><INIT seed="1,0,0,0,5,97" ten="250,270,230,250" oya="1" hai0="129,89,78,135,124,106,73,28,72,26,21,58,35" hai1="67,30,44,29,104,59,99,128,120,33,94,75,41" hai2="77,50,10,54,88,60,82,86,112,8,12,23,134" hai3="93,47,66,100,110,22,102,38,18,57,39,127,119"/><U55/><E120/><V49/><F134/><W122/><G122/><T118/><D129/><U31/><E128/><V113/><F60/><W117/><G110/><T43/><D124/><U3/><E3/><V61/><F61/><N who="3" m="38191" /><G93/><T79/><D135/><U108/><E75/><V91/><F23/><W115/><G115/><N who="2" m="44105" /><F49/><W32/><G32/><T103/><D118/><N who="3" m="45065" /><G127/><T56/><D43/><U109/><E104/><V51/><F50/><W7/><G7/><T17/><D89/><N who="2" m="34378" /><F12/><N who="3" m="9543" /><G47/><AGARI ba="0,0" hai="8,10,47,51,54,77,82,86" m="34378,44105" machi="47" ten="30,2000,0" yaku="11,1,54,1" doraHai="97" who="2" fromWho="3" sc="250,0,270,0,230,20,250,-20" /><INIT seed="2,0,0,5,4,4" ten="250,270,250,230" oya="2" hai0="117,44,124,26,88,39,110,109,24,65,27,59,116" hai1="13,7,48,54,45,62,81,41,129,130,84,6,69" hai2="133,86,19,66,32,71,75,37,68,29,30,128,46" hai3="92,61,107,3,101,40,99,120,50,64,134,131,25"/><V63/><F75/><W34/><G120/><T106/><D106/><U1/><E1/><V89/><F133/><W73/><G134/><T8/><D124/><U10/><E6/><V103/><F128/><W118/><G118/><N who="0" m="45675" /><D88/><U102/><E102/><V33/><F103/><W23/><G131/><T53/><D65/><N who="1" m="41143" /><E54/><V67/><F19/><W58/><G73/><T28/><D28/><U57/><E57/><V127/><F127/><W90/><G3/><T112/><D112/><U35/><E35/><V55/><F33/><W119/><G119/><T15/><D44/><U125/><E125/><V76/><F76/><AGARI ba="0,0" hai="7,10,13,41,45,48,76,81,84,129,130" m="41143" machi="76" ten="30,2000,0" yaku="25,1,52,1" doraHai="4" who="1" fromWho="2" sc="250,0,270,20,250,-20,230,0" /><INIT seed="3,0,0,4,4,73" ten="250,290,230,230" oya="3" hai0="88,128,20,101,22,51,53,66,113,135,63,82,28" hai1="75,56,105,74,36,49,130,109,93,59,24,10,50" hai2="65,54,116,16,98,23,32,69,62,79,70,14,134" hai3="118,30,39,103,4,1,100,119,9,37,76,94,42"/><W18/><G18/><T38/><D38/><U55/><E105/><V97/><F116/><W21/><G21/><T124/><D124/><U33/><E36/><V96/><F32/><W92/><G30/><T40/><D128/><U117/><E130/><V13/><F134/><W58/><G58/><T123/><D123/><U72/><E10/><V115/><F115/><W126/><G126/><T111/><D111/><U68/><E109/><V61/><F79/><W44/><G37/><T114/><D135/><U86/><E68/><V19/><F54/><W48/><G48/><T131/><D101/><U108/><E108/><V83/><F83/><W106/><G106/><T104/><D104/><U127/><E127/><V133/><F133/><W2/><G2/><T8/><D40/><U80/><E93/><V90/><F62/><W99/><REACH who="3" step="1"/><G76/><REACH who="3" ten="250,290,230,220" step="2"/><T5/><D28/><U89/><E56/><V132/><F132/><W78/><G78/><T15/><D20/><U27/><E50/><V43/><F70/><W46/><G46/><T122/><D22/><U34/><E117/><V71/><F69/><W110/><G110/><T47/><D47/><U129/><E129/><V121/><F121/><W81/><G81/><T67/><D122/><U17/><E17/><V102/><F43/><W77/><G77/><T95/><D131/><U120/><E120/><V31/><F31/><W26/><G26/><T60/><D82/><U7/><E7/><V125/><F125/><W0/><G0/><T91/><D51/><U41/><E41/><V3/><F3/><W45/><G45/><T107/><D107/><RYUUKYOKU ba="0,1" sc="250,-15,290,15,230,-15,220,15" hai1="24,27,33,34,49,55,59,72,74,75,80,86,89" hai3="1,4,9,39,42,44,92,94,99,100,103,118,119" /><INIT seed="3,1,1,3,1,78" ten="235,305,215,235" oya="3" hai0="99,64,75,77,106,128,6,44,48,103,115,8,70" hai1="65,71,45,85,120,20,132,69,96,40,18,124,100" hai2="5,123,29,9,26,92,42,135,89,47,12,24,54" hai3="23,50,105,76,4,121,74,10,34,108,2,93,81"/><W87/><G121/><T16/><D128/><U125/><E120/><V7/><F123/><W130/><G34/><T32/><D115/><U56/><E56/><V119/><F119/><W82/><G105/><T37/><D32/><U116/><E85/><V11/><F135/><W117/><G117/><T59/><D70/><U104/><E65/><V3/><F54/><W51/><G130/><T113/><D113/><U122/><E122/><V118/><F29/><W80/><G108/><T62/><D37/><N who="1" m="21647" /><E132/><V60/><F60/><W1/><G1/><T31/><D31/><U107/><E107/><V46/><F46/><W0/><G0/><T22/><D75/><U68/><E68/><V39/><REACH who="2" step="1"/><F118/><REACH who="2" ten="235,305,205,235" step="2"/><W112/><G112/><T55/><D44/><U88/><E116/><V17/><F17/><W73/><G73/><T30/><D30/><U134/><E134/><V25/><F25/><W66/><G74/><T53/><D53/><U63/><E63/><V101/><F101/><W95/><G66/><T102/><D103/><U14/><E100/><V98/><AGARI ba="1,2" hai="3,5,7,9,11,12,24,26,39,42,47,89,92,98" machi="98" ten="20,2700,0" yaku="1,1,0,1,7,1,53,0" doraHai="78" doraHaiUra="72" who="2" fromWho="2" sc="235,-8,305,-8,205,50,235,-14" /><INIT seed="4,0,0,1,4,123" ten="227,297,255,221" oya="0" hai0="52,98,69,108,43,47,6,73,83,124,90,11,24" hai1="25,109,14,120,97,65,31,132,28,76,30,71,64" hai2="10,59,88,68,22,93,91,37,49,19,17,33,57" hai3="42,125,58,92,99,104,102,94,133,119,70,95,27"/><T134/><D124/><U84/><E109/><V36/><F33/><W106/><G58/><T12/><D69/><U20/><E71/><V79/><F68/><W89/><G42/><T80/><D134/><U46/><E132/><V44/><F79/><W39/><G133/><T7/><D73/><U101/><E14/><N who="2" m="7383" /><F37/><W77/><G39/><T45/><D108/><U122/><E46/><V60/><F36/><W50/><G50/><N who="0" m="26943" /><D6/><U121/><E84/><N who="2" m="52359" /><F91/><W53/><G27/><T127/><D127/><U40/><E76/><V21/><F60/><W74/><G70/><T66/><D24/><U135/><E135/><V62/><F62/><W4/><G4/><T35/><D35/><U9/><E120/><V81/><F81/><N who="3" m="45239" /><G53/><T114/><D114/><U56/><E121/><V130/><F130/><W87/><G125/><T78/><D78/><U15/><E122/><V67/><F67/><W54/><G54/><T5/><D7/><N who="1" m="3519" /><E65/><V55/><F22/><W107/><G119/><T63/><D66/><U8/><E40/><V32/><F32/><W18/><G18/><T72/><D72/><U129/><E129/><V41/><F41/><W1/><G1/><T112/><D112/><U38/><E38/><V111/><F111/><W126/><G126/><T113/><D113/><U13/><E13/><AGARI ba="0,0" hai="13,19,21,44,49,55,57,59" m="52359,7383" machi="13" ten="30,2000,0" yaku="8,1,54,1" doraHai="123" who="2" fromWho="1" sc="227,0,297,-20,255,20,221,0" /><INIT seed="5,0,0,2,2,36" ten="227,277,275,221" oya="1" hai0="79,54,81,73,15,116,26,6,18,76,109,107,117" hai1="57,68,87,53,44,58,4,14,38,64,105,129,115" hai2="132,7,78,33,99,8,41,106,30,48,113,47,125" hai3="9,88,59,119,83,89,3,120,124,110,63,118,28"/><U22/><E105/><V45/><F113/><W77/><G110/><T12/><D109/><U74/><E74/><V80/><F125/><W130/><G120/><T31/><D107/><U93/><E129/><V2/><F132/><W32/><G124/><T135/><D135/><U131/><E131/><V121/><F121/><W66/><G130/><T70/><D70/><U42/><E115/><V123/><F123/><W21/><G32/><T82/><D6/><U103/><E58/><V86/><F30/><W27/><G9/><T108/><D108/><U126/><E126/><V98/><F33/><W20/><G20/><T1/><D1/><U50/><E4/><V97/><REACH who="2" step="1"/><F47/><REACH who="2" ten="227,277,265,221" step="2"/><W92/><G3/><T60/><D31/><U127/><E127/><V90/><F90/><W10/><G10/><T62/><D117/><N who="3" m="44553" /><G92/><T85/><D116/><U94/><E94/><V112/><F112/><W122/><G122/><T24/><D79/><U35/><E35/><V67/><F67/><W40/><G40/><T34/><D34/><U104/><E104/><AGARI ba="0,1" hai="2,7,8,41,45,48,78,80,86,97,98,99,104,106" machi="104" ten="40,5200,0" yaku="1,1,52,1,53,1" doraHai="36" doraHaiUra="75" who="2" fromWho="1" sc="227,0,277,-52,265,62,221,0" owari="227,2.7,225,-17.5,327,42.7,221,-27.9" /></mjloggm>