<mjloggm ver="2.3"><GO type="225" lobby="0"/><UN n0="%E3%81%8F%E3%82%8A%E3%83%94%E3%83%BC" n1="%73%6C%69%63%6B%33%31%39" n2="%6B%79%6F%6E%6B%6F%31%31" n3="%E9%80%9F%E6%B0%B4%E5%87%9B%E9%A6%99" dan="16,17,17,16" rate="2081.44,2176.34,2197.82,2169.75" sx="M,M,M,F"/><TAIKYOKU oya="0"/><INIT seed="0,0,0,3,2,107" ten="250,250,250,250" oya="0" hai0="117,112,124,39,70,78,59,121,73,46,74,108,77" hai1="10,106,103,16,65,130,1,118,49,71,88,28,18" hai2="92,119,82,102,21,90,100,2,44,30,57,55,89" hai3="105,66,5,134,96,69,29,81,34,9,97,4,131"/><T43/><D112/><U47/><E118/><V72/><F2/><W135/><G66/><T45/><D117/><U87/><E28/><V33/><F33/><W116/><G69/><T61/><D121/><U101/><E71/><V75/><F119/><W32/><G116/><T50/><D124/><U25/><E65/><V109/><F44/><W93/><G105/><T126/><D126/><U62/><E62/><V84/><F109/><W115/><G115/><T23/><D108/><U14/><E1/><V60/><F30/><W35/><G29/><T113/><D113/><U91/><E106/><V37/><F37/><W128/><G81/><T3/><D3/><U64/><E64/><V11/><F11/><W110/><G93/><T98/><D70/><U127/><E130/><N who="3" m="49706" /><G9/><T83/><D98/><N who="3" m="37993" /><G110/><T104/><D104/><U26/><E127/><V42/><F42/><W114/><G114/><T38/><D23/><N who="1" m="13543" /><E26/><V79/><F21/><W129/><G129/><T68/><D68/><U13/><E14/><V67/><F67/><W52/><G52/><T86/><D38/><U8/><E10/><V76/><F89/><N who="1" m="34377" /><E87/><V123/><F123/><W53/><G53/><AGARI ba="0,0" hai="8,13,18,47,49,53,101,103" m="34377,13543" machi="53" ten="30,3900,0" yaku="8,1,54,2" doraHai="107" who="1" fromWho="3" sc="250,0,250,39,250,0,250,-39" /><INIT seed="1,0,0,5,1,8" ten="250,289,250,211" oya="1" hai0="47,52,49,122,126,75,6,68,34,14,114,46,11" hai1="62,119,57,43,86,87,26,35,105,135,79,118,71" hai2="31,18,133,131,4,104,10,99,108,82,107,88,106" hai3="67,95,58,100,39,25,15,91,81,134,33,5,59"/><U54/><E105/><V22/><F108/><W102/><G39/><T101/><D114/><U74/><E74/><V7/><F133/><W23/><G134/><T128/><D68/><U30/><E135/><V78/><F131/><W56/><G81/><T123/><D128/><U116/><E79/><V63/><F31/><W127/><G33/><T37/><D126/><U90/><E43/><V51/><F51/><W72/><G72/><T84/><D75/><U129/><E129/><V48/><F78/><W28/><G67/><T2/><D34/><U45/><E45/><V121/><F48/><W55/><G55/><T0/><D101/><U29/><E29/><V89/><F121/><N who="0" m="46090" /><D84/><U12/><E71/><V98/><F63/><W80/><G80/><T20/><D20/><U38/><E38/><V124/><F124/><W112/><G112/><T69/><D69/><U53/><E53/><V21/><F82/><W64/><G64/><T103/><D103/><U109/><E109/><V50/><F50/><W85/><REACH who="3" step="1"/><G127/><REACH who="3" ten="250,289,250,201" step="2"/><T13/><D0/><U27/><E118/><V41/><F41/><AGARI ba="0,1" hai="2,6,11,13,14,37,41,46,47,49,52" m="46090" machi="41" ten="30,7700,0" yaku="13,1,52,2,54,1" doraHai="8" who="0" fromWho="2" sc="250,87,289,0,250,-77,201,0" /><INIT seed="2,0,0,5,0,44" ten="337,289,173,201" oya="2" hai0="129,17,66,106,35,5,20,62,68,46,128,117,54" hai1="43,56,92,64,119,130,61,4,95,76,127,21,16" hai2="96,40,27,94,11,110,87,50,10,120,8,65,52" hai3="18,63,99,60,14,126,6,53,1,105,97,82,51"/><V42/><F120/><W67/><G126/><T116/><D35/><U32/><E119/><N who="0" m="45641" /><D106/><U100/><E32/><V48/><F110/><W28/><G28/><T71/><D5/><U41/><E127/><V30/><F87/><W59/><G105/><T36/><D71/><U29/><E29/><V49/><F65/><W102/><G102/><T134/><D134/><U115/><E115/><V98/><F52/><W26/><G26/><N who="0" m="14607" /><D54/><U81/><E4/><V58/><F58/><W25/><G25/><T89/><D89/><U101/><E100/><V55/><F55/><W3/><G3/><T57/><D57/><U91/><E101/><V114/><F114/><W123/><G6/><T13/><D13/><N who="1" m="9359" /><E76/><V109/><F109/><W121/><G1/><T73/><D73/><U39/><E39/><V72/><F72/><W38/><G38/><T0/><D0/><U24/><E24/><V19/><F19/><W33/><G33/><T118/><D118/><U113/><E113/><V125/><F125/><W112/><G112/><T78/><D78/><U34/><E34/><V122/><F122/><W84/><G123/><T9/><D9/><U85/><E130/><V74/><F74/><W103/><G103/><T7/><D7/><U132/><E132/><V23/><F94/><AGARI ba="0,0" hai="41,43,56,61,64,81,85,91,92,94,95" m="9359" machi="94" ten="30,2000,0" yaku="8,1,54,1" doraHai="44" who="1" fromWho="2" sc="337,0,289,20,173,-20,201,0" /><INIT seed="3,0,0,2,1,129" ten="337,309,153,201" oya="3" hai0="80,81,24,124,34,19,12,125,2,62,43,134,100" hai1="48,131,9,90,70,92,61,15,38,40,106,39,57" hai2="14,68,89,49,94,105,63,56,135,0,16,133,65" hai3="17,128,28,44,64,51,11,111,78,72,54,60,29"/><W41/><G128/><T115/><D134/><N who="2" m="51210" /><F105/><W86/><G72/><T82/><D2/><U104/><E131/><V120/><F0/><W67/><G111/><T21/><D115/><U58/><E70/><V5/><F120/><W118/><G118/><T79/><D100/><U13/><E39/><V74/><F74/><W71/><G67/><T36/><D62/><U127/><E38/><V50/><F68/><W121/><G121/><T103/><D103/><U30/><E30/><V73/><F5/><W37/><G78/><T112/><D112/><U108/><E127/><V107/><F73/><W1/><G86/><T45/><D79/><U123/><E108/><V47/><F47/><W77/><G77/><T75/><D75/><U132/><E123/><V26/><F26/><W102/><G102/><T116/><D116/><U53/><E15/><V98/><F107/><W114/><G114/><T35/><D24/><U76/><E76/><V109/><F109/><W18/><G18/><T91/><D45/><N who="1" m="25639" /><E58/><V87/><F98/><W130/><G130/><T27/><D27/><U20/><E132/><V33/><F33/><W10/><G17/><T6/><D6/><N who="1" m="3255" /><E106/><V85/><F87/><W52/><G1/><T32/><D125/><U22/><E104/><V4/><F4/><W93/><G71/><T126/><D124/><U31/><E31/><N who="3" m="11850" /><G44/><N who="0" m="23655" /><D126/><U66/><E57/><V7/><F7/><W8/><G37/><T69/><D69/><U3/><E3/><V110/><F110/><W101/><G41/><T96/><D34/><U88/><E92/><V119/><F119/><W83/><G93/><RYUUKYOKU ba="0,0" sc="337,15,309,-15,153,15,201,-15" hai0="12,19,21,32,35,80,81,82,91,96" hai2="14,16,49,50,56,63,65,85,89,94" owari="352,45.2,294,9.4,168,-33.2,186,-21.4" /></mjloggm>