<mjloggm ver="2.3"><GO type="225" lobby="0"/><UN n0="%6B%79%6F%6E%6B%6F%31%31" n1="%E5%B0%8F%E9%B3%A5%E9%81%8A%E7%B7%B4%E7%84%A1%32%31%E6%AD%B3" n2="%E6%98%BC%E4%B8%8B%E3%81%8C%E3%82%8A%E3%81%AE%E5%9B%A3%E5%9C%B0%E5%A6%BB" n3="%47%68%6F%73%74%55%30" dan="16,16,16,17" rate="2133.88,2170.00,2143.18,2133.68" sx="M,F,F,F"/><TAIKYOKU oya="0"/><INIT seed="0,0,0,3,2,78" ten="250,250,250,250" oya="0" hai0="80,128,104,93,118,26,114,8,107,108,68,51,69" hai1="115,32,74,1,129,47,81,79,116,130,73,7,76" hai2="122,132,38,103,37,82,94,121,45,71,29,11,27" hai3="89,21,124,54,61,119,110,113,4,25,13,10,133"/><T34/><D114/><U33/><E116/><V95/><F71/><W98/><G119/><T14/><D118/><U18/><E18/><V106/><F106/><W46/><G113/><T72/><D69/><U50/><E115/><V5/><F132/><W22/><G133/><T92/><D68/><U0/><E50/><V30/><F103/><W35/><G110/><T2/><D2/><U59/><E59/><V41/><F82/><W101/><G124/><T97/><D93/><U99/><E99/><V12/><F38/><W44/><G22/><T70/><D70/><U86/><E86/><V127/><F127/><W85/><G35/><T84/><D72/><U90/><E90/><V135/><F135/><W87/><G61/><T42/><D108/><U125/><E47/><V100/><F30/><W63/><G63/><T123/><D123/><U52/><E125/><V28/><F29/><W31/><G54/><T3/><D3/><U88/><E52/><V6/><F6/><W109/><G109/><T23/><D34/><U57/><E88/><V96/><REACH who="2" step="1"/><F94/><REACH who="2" ten="250,250,240,250" step="2"/><N who="3" m="56655" /><G101/><N who="0" m="60583" /><D104/><U49/><E7/><V58/><F58/><W83/><G83/><T24/><D107/><U120/><E57/><V134/><F134/><W60/><G60/><T131/><D131/><U36/><E36/><V15/><F15/><W62/><G62/><T77/><D128/><U16/><E49/><V91/><F91/><W117/><G117/><T43/><D51/><U112/><E112/><V53/><F53/><W48/><G48/><T65/><D14/><U66/><E129/><V56/><F56/><W55/><G55/><RYUUKYOKU ba="0,1" sc="250,-15,250,-15,240,15,250,15" hai2="5,11,12,27,28,37,41,45,95,96,100,121,122" hai3="4,10,13,21,25,31,44,46,85,87" /><INIT seed="1,1,1,0,0,112" ten="235,235,255,265" oya="1" hai0="1,67,56,63,65,111,20,91,53,10,93,60,134" hai1="132,85,39,125,77,118,33,71,72,114,24,27,108" hai2="15,18,22,19,86,121,7,106,81,41,6,47,124" hai3="11,46,48,122,115,123,103,78,74,16,102,14,26"/><U98/><RYUUKYOKU type="yao9" ba="1,1" sc="235,0,235,0,255,0,265,0" hai1="24,27,33,39,71,72,77,85,98,108,114,118,125,132" /><INIT seed="1,2,1,4,3,42" ten="235,235,255,265" oya="1" hai0="3,40,90,91,23,113,12,79,126,115,14,80,65" hai1="16,88,0,96,78,2,33,107,58,97,75,22,100" hai2="101,76,59,7,49,36,114,4,87,17,55,24,98" hai3="15,130,122,131,121,70,74,77,57,45,73,103,47"/><U46/><E33/><V108/><F108/><W134/><G70/><T111/><D3/><U54/><E78/><V11/><F114/><W21/><G103/><T83/><D111/><U66/><E75/><N who="3" m="28682" /><G57/><T127/><D40/><U95/><E66/><V61/><F36/><W37/><G77/><T116/><D79/><U85/><E46/><N who="3" m="17418" /><G37/><T129/><D23/><U99/><E99/><V19/><F61/><W27/><G15/><N who="0" m="5675" /><D129/><N who="3" m="49161" /><G134/><T68/><D68/><U124/><E124/><N who="0" m="47657" /><D65/><U69/><E69/><V18/><F24/><W81/><G81/><N who="0" m="31307" /><D116/><U53/><E97/><V8/><F76/><W132/><G132/><T102/><D102/><U48/><E54/><V106/><F101/><W110/><G110/><T56/><D56/><U39/><E39/><V1/><F59/><W128/><N who="3" m="49169" /><W34/><DORA hai="71" /><G34/><T125/><N who="0" m="47665" /><T93/><DORA hai="25" /><D93/><U82/><REACH who="1" step="1"/><E82/><REACH who="1" ten="235,225,255,265" step="2"/><V6/><F55/><W118/><G118/><T133/><D133/><U52/><E52/><V35/><F35/><W104/><G104/><T50/><D50/><U51/><E51/><V105/><F105/><W43/><G43/><T64/><D64/><U120/><E120/><V67/><F106/><W94/><G94/><T32/><D32/><U60/><E60/><V30/><F49/><W29/><AGARI ba="2,2" hai="21,27,29,121,122" m="49169,17418,28682" machi="29" ten="50,8000,1" yaku="19,1,52,4" doraHai="42,71,25" who="3" fromWho="3" sc="235,-22,225,-42,255,-22,265,106" /><INIT seed="2,0,0,2,0,68" ten="213,183,233,371" oya="2" hai0="43,125,47,135,110,83,94,87,75,30,52,78,8" hai1="0,37,7,39,126,122,111,84,20,59,130,109,17" hai2="121,88,77,134,54,31,9,4,92,23,61,95,1" hai3="82,12,127,40,5,86,42,96,119,91,79,56,25"/><V38/><F121/><W112/><G119/><T123/><D123/><U93/><E122/><V27/><F134/><W71/><G71/><T33/><D135/><U114/><E114/><V3/><F77/><W104/><G112/><T53/><D110/><N who="1" m="41995" /><E59/><V106/><F106/><W19/><G127/><T34/><D125/><U76/><E126/><V35/><F38/><N who="1" m="14345" /><E130/><V103/><F103/><W102/><G5/><T105/><D105/><U45/><E45/><V73/><F73/><W117/><G117/><T51/><D34/><U14/><E0/><V48/><F61/><W70/><G56/><T99/><D75/><U16/><E7/><V132/><F132/><W46/><G70/><T24/><REACH who="0" step="1"/><D8/><REACH who="0" ten="203,183,233,371" step="2"/><U21/><E93/><V29/><F95/><W63/><G104/><T26/><D26/><N who="1" m="14599" /><E84/><V55/><F35/><W69/><G86/><T66/><D66/><U62/><E76/><V18/><F92/><W81/><G79/><T64/><D64/><U133/><E133/><V50/><F27/><W44/><G25/><T72/><D72/><U118/><E118/><V6/><F9/><W49/><G12/><T108/><D108/><U97/><E97/><V11/><F11/><W107/><G96/><T58/><D58/><U80/><E80/><V57/><F57/><W60/><G107/><T65/><D65/><U89/><E89/><AGARI ba="0,1" hai="24,30,33,43,47,51,52,53,78,83,87,89,94,99" machi="89" ten="30,7700,0" yaku="1,1,7,1,54,1,53,1" doraHai="68" doraHaiUra="74" who="0" fromWho="1" sc="203,87,183,-77,233,0,371,0" /><INIT seed="3,0,0,5,3,12" ten="290,106,233,371" oya="3" hai0="64,10,98,15,67,86,122,130,19,113,75,83,101" hai1="78,95,94,104,31,129,52,132,79,131,32,3,29" hai2="77,115,57,33,22,105,91,0,118,70,72,1,34" hai3="89,134,61,117,111,114,21,35,66,108,46,36,28"/><W54/><G35/><T97/><D122/><U30/><E32/><V85/><F70/><W23/><G114/><T112/><D75/><U107/><E3/><V24/><F105/><W16/><G117/><T88/><D130/><U71/><E71/><V27/><F77/><W7/><G7/><T53/><D98/><U106/><E52/><V38/><F38/><W121/><G121/><T40/><D40/><U119/><E132/><V99/><F99/><W37/><G23/><T123/><D123/><U93/><REACH who="1" step="1"/><E119/><REACH who="1" ten="290,96,233,371" step="2"/><V13/><F118/><W25/><G134/><T42/><D42/><U90/><E90/><V69/><F69/><W43/><G89/><T65/><REACH who="0" step="1"/><D53/><REACH who="0" ten="280,96,233,371" step="2"/><U124/><E124/><V39/><F91/><W45/><G54/><T8/><D8/><U47/><E47/><V51/><F0/><W73/><G45/><T60/><D60/><U14/><E14/><V18/><F34/><W128/><G128/><AGARI ba="0,2" hai="29,30,31,78,79,93,94,95,104,106,107,128,129,131" machi="128" ten="50,12000,2" yaku="1,1,29,2,28,2,19,1,53,0" doraHai="12" doraHaiUra="133" who="1" fromWho="3" sc="280,0,96,140,233,0,371,-120" /><INIT seed="4,0,0,4,5,81" ten="280,236,233,251" oya="0" hai0="98,39,91,110,79,112,75,68,104,97,18,96,107" hai1="36,130,15,26,7,44,77,69,16,40,17,42,132" hai2="53,61,12,133,21,2,78,90,43,125,51,108,100" hai3="57,20,76,10,82,52,25,34,94,37,95,109,101"/><T86/><D39/><U118/><E118/><V24/><F108/><W120/><G109/><T48/><D68/><U102/><E132/><V6/><F133/><W87/><G37/><T113/><D48/><U121/><E121/><V1/><F125/><W84/><G120/><T119/><D110/><U111/><E111/><V13/><F78/><W56/><G34/><T28/><D28/><U31/><E69/><V80/><F100/><W11/><G57/><T135/><D135/><U89/><E77/><V66/><F43/><W58/><G56/><T114/><D119/><U14/><E42/><V27/><F27/><W131/><G101/><T93/><D18/><U127/><E102/><V5/><F66/><W64/><G64/><T23/><D23/><U67/><E67/><V55/><F61/><N who="3" m="36039" /><G131/><T106/><D79/><U9/><E127/><V72/><F72/><AGARI ba="0,0" hai="72,75,86,91,93,96,97,98,104,106,107,112,113,114" machi="72" ten="60,18000,2" yaku="29,2,15,1,34,3,52,1" doraHai="81" who="0" fromWho="2" sc="280,180,236,0,233,-180,251,0" owari="460,56.0,236,-16.4,53,-44.7,251,5.1" /></mjloggm>