<mjloggm ver="2.3"><GO type="225" lobby="0"/><UN n0="%E3%81%A1%E3%82%85%E3%81%86%E3%81%A9%E3%81%8F%E8%B1%A1%E3%81%95%E3%82%93" n1="%48%61%61%61%6C%61%6E%64" n2="%E6%80%AA%E3%81%97%E3%81%99%E3%81%8E%E3%82%8B%E3%83%81%E3%83%BC" n3="%E3%83%92%E3%82%B3" dan="16,17,16,16" rate="2161.36,2259.63,2185.99,2093.51" sx="M,M,M,M"/><TAIKYOKU oya="0"/><INIT seed="0,0,0,3,5,78" ten="250,250,250,250" oya="0" hai0="118,54,81,18,100,71,19,9,45,111,40,104,59" hai1="20,48,79,91,30,12,133,125,66,72,109,56,57" hai2="105,96,74,127,52,70,134,68,69,124,21,123,60" hai3="110,62,58,89,61,16,112,34,115,2,0,46,113"/><T94/><D118/><U38/><E38/><V27/><F123/><W32/><G110/><T44/><D71/><U129/><E109/><V51/><F74/><W23/><G89/><T14/><D111/><U25/><E125/><N who="2" m="48203" /><F134/><W84/><G84/><T126/><D104/><U88/><E133/><V132/><F132/><W13/><G62/><T108/><D108/><U26/><E129/><V98/><F60/><W130/><G130/><T92/><D126/><U63/><E12/><V35/><F35/><W128/><G128/><T50/><D44/><U4/><E4/><V116/><F105/><W76/><G76/><T101/><D19/><U97/><E97/><V106/><F106/><W135/><G135/><T15/><D15/><U102/><E102/><N who="0" m="39529" /><D81/><U22/><E72/><V83/><F83/><W6/><G46/><T37/><D37/><U85/><E26/><V49/><F49/><W55/><REACH who="3" step="1"/><G6/><REACH who="3" ten="250,250,250,240" step="2"/><T42/><D45/><U43/><E63/><V36/><F116/><W7/><G7/><T3/><D3/><AGARI ba="0,1" hai="0,2,3,13,16,23,32,34,55,58,61,112,113,115" machi="3" ten="50,3200,0" yaku="1,1,54,1,53,0" doraHai="78" doraHaiUra="73" who="3" fromWho="0" sc="250,-32,250,0,250,0,240,42" /><INIT seed="1,0,0,4,1,100" ten="218,250,250,282" oya="1" hai0="110,43,97,28,30,16,33,119,121,109,101,27,65" hai1="104,93,124,127,76,98,57,102,58,103,90,87,50" hai2="82,114,73,69,5,35,9,7,44,21,63,113,34" hai3="59,96,120,38,84,20,14,111,107,132,46,54,123"/><U89/><E58/><V62/><F21/><W105/><G111/><N who="0" m="42507" /><D119/><U12/><E12/><V125/><F125/><N who="1" m="48201" /><E50/><V2/><F82/><W26/><G132/><T17/><D121/><U15/><E15/><V75/><F44/><W112/><G112/><N who="2" m="43113" /><F7/><W116/><G116/><T40/><D30/><U42/><E57/><V61/><F69/><W31/><G120/><T23/><D65/><U0/><E42/><N who="0" m="15913" /><D33/><AGARI ba="0,0" hai="2,5,9,33,34,35,61,62,63,73,75" m="43113" machi="33" ten="40,1300,0" yaku="11,1" doraHai="100" who="2" fromWho="0" sc="218,-13,250,0,250,13,282,0" /><INIT seed="2,0,0,3,2,53" ten="205,250,263,282" oya="2" hai0="42,9,4,5,117,102,71,78,113,26,52,74,75" hai1="127,62,89,3,67,32,20,124,99,13,125,56,65" hai2="101,48,77,39,134,73,94,27,104,46,85,79,100" hai3="24,84,107,103,2,55,90,118,41,97,130,109,50"/><V68/><F134/><W60/><G118/><T82/><D113/><U19/><E3/><V98/><F68/><W115/><G2/><T110/><D117/><U57/><E32/><V22/><F39/><W76/><G115/><T21/><D110/><U38/><E38/><V36/><F73/><W34/><G109/><T105/><D71/><N who="1" m="42423" /><E67/><V1/><F1/><W135/><G135/><T8/><D42/><U29/><E29/><V112/><F36/><W106/><G41/><T28/><D105/><U70/><E70/><V0/><F0/><W17/><G130/><T12/><D102/><U131/><E131/><V35/><F35/><W93/><G60/><T133/><D133/><U66/><E66/><V33/><F33/><W80/><G34/><T6/><D75/><U61/><E61/><V11/><F11/><W88/><G107/><T81/><D81/><U49/><E49/><V10/><F10/><W69/><G69/><T83/><D83/><U86/><E99/><N who="2" m="59511" /><F85/><W128/><G128/><T25/><D8/><U37/><E37/><V23/><F112/><W51/><G51/><T63/><REACH who="0" step="1"/><D25/><REACH who="0" ten="195,250,263,282" step="2"/><U120/><E120/><V116/><F116/><W126/><G106/><T91/><D91/><U111/><E111/><V123/><F123/><W47/><G126/><T87/><D87/><U114/><E114/><V96/><F27/><W7/><G7/><T16/><D16/><U31/><E31/><V43/><F98/><W59/><G17/><T95/><D95/><AGARI ba="0,1" hai="13,19,20,56,57,86,89,95,124,125,127" m="42423" machi="95" ten="30,3900,0" yaku="18,1,52,2" doraHai="53" who="1" fromWho="0" sc="195,-39,250,49,263,0,282,0" /><INIT seed="3,0,0,2,5,105" ten="156,299,263,282" oya="3" hai0="10,40,20,8,90,79,76,0,75,77,14,112,64" hai1="71,104,54,102,122,5,42,27,58,13,94,25,6" hai2="135,69,108,113,50,116,18,48,41,88,44,131,23" hai3="21,125,16,86,31,78,67,45,26,30,93,35,70"/><W34/><G125/><T115/><D64/><U123/><E104/><V15/><F113/><N who="0" m="43594" /><D40/><U130/><E71/><V99/><F116/><W87/><G45/><T47/><D47/><U63/><E130/><V33/><F108/><W134/><G134/><T56/><D56/><U28/><E42/><V2/><F2/><W117/><G117/><T19/><D0/><U91/><E102/><V4/><F33/><W3/><G3/><T43/><D43/><U100/><E100/><V127/><F131/><W80/><G35/><T121/><D121/><U68/><E68/><V61/><F135/><W59/><G70/><T37/><D37/><U53/><E123/><V65/><F127/><W110/><G110/><T9/><D90/><U72/><E122/><V84/><F4/><W81/><G93/><T98/><D98/><U29/><E94/><V89/><F99/><W97/><G34/><T38/><D38/><U85/><E91/><V57/><F69/><W129/><G97/><T132/><D132/><U126/><E126/><V83/><F89/><N who="3" m="51399" /><G129/><T66/><D66/><U46/><E46/><V36/><AGARI ba="0,0" hai="15,18,23,36,41,44,48,50,57,61,65,83,84,88" machi="36" ten="20,2700,0" yaku="0,1,7,1,54,1" doraHai="105" who="2" fromWho="2" sc="156,-7,299,-7,263,27,282,-13" /><INIT seed="4,0,0,5,0,93" ten="149,292,290,269" oya="0" hai0="99,104,16,91,15,4,46,42,8,118,23,10,133" hai1="98,9,31,12,37,28,60,95,86,67,108,121,103" hai2="78,36,5,84,7,53,135,126,30,0,101,24,71" hai3="14,26,39,134,44,73,96,89,88,33,79,54,27"/><T32/><D118/><U80/><E121/><V111/><F111/><W122/><G122/><T114/><D133/><U123/><E37/><V45/><F71/><W82/><G134/><T19/><D114/><U56/><E108/><V51/><F126/><W40/><G54/><T6/><D32/><U75/><E75/><V117/><F0/><W85/><G33/><T63/><D63/><U49/><E49/><V35/><F117/><W120/><G120/><T113/><D113/><U52/><E67/><V55/><F36/><W57/><G57/><T1/><D23/><U110/><E110/><V34/><F34/><W41/><G41/><T72/><D72/><U48/><E60/><V64/><F64/><W61/><G61/><T105/><D105/><U70/><E70/><V130/><F130/><W66/><G66/><T2/><D15/><U50/><E50/><V92/><F135/><W20/><G14/><T68/><D68/><U131/><E131/><V38/><F38/><W94/><G20/><T119/><D119/><U112/><E112/><V13/><F13/><W69/><G69/><T11/><D11/><U76/><E123/><V83/><F55/><W115/><G115/><T132/><D132/><U59/><E59/><V107/><F107/><W25/><G27/><T87/><D104/><U102/><E102/><V128/><F128/><W90/><G90/><T17/><D99/><U100/><E100/><V3/><F3/><W129/><G129/><T116/><D116/><U97/><E97/><N who="2" m="59559" /><F35/><W124/><G124/><T74/><D74/><U109/><E109/><V81/><F81/><AGARI ba="0,0" hai="25,26,39,40,44,73,79,81,82,85,88,89,94,96" machi="81" ten="30,7700,0" yaku="6,1,7,1,52,1,54,1" doraHai="93" who="3" fromWho="2" sc="149,0,292,0,290,-77,269,77" owari="149,-35.1,292,9.2,213,-18.7,346,44.6" /></mjloggm>