<mjloggm ver="2.3"><GO type="225" lobby="0"/><UN n0="%E3%81%99%E3%81%84%E3%81%BE%E3%81%9B%E3%83%BC%E3%82%93" n1="%E5%A4%96%E5%B7%9D%E7%AB%9C%E6%88%90" n2="%E3%81%A6%E3%82%93%E3%81%8F%E3%81%86" n3="%E8%81%B7%E6%A5%AD%E3%80%81%E9%A2%A8%32" dan="16,16,16,16" rate="2112.91,2115.49,2032.52,2104.40" sx="M,M,M,M"/><TAIKYOKU oya="0"/><INIT seed="0,0,0,0,0,114" ten="250,250,250,250" oya="0" hai0="82,8,65,121,81,9,123,46,70,107,53,92,10" hai1="25,63,19,72,117,109,78,48,99,131,11,59,55" hai2="130,75,101,102,68,3,60,96,31,21,110,129,100" hai3="34,18,6,125,51,20,127,24,98,64,23,52,66"/><T61/><D107/><U58/><E117/><V56/><F75/><W1/><G34/><T128/><D128/><N who="2" m="49258" /><F68/><W132/><G132/><T26/><D92/><U69/><E69/><V30/><F3/><W84/><G98/><T124/><D124/><N who="3" m="47689" /><G84/><T71/><D71/><U87/><E72/><V88/><F110/><W2/><G6/><T12/><D12/><U115/><E115/><V104/><F21/><W54/><G54/><T119/><D119/><U36/><E36/><V77/><F77/><W89/><G89/><T76/><D26/><U27/><E99/><V94/><F104/><W106/><G106/><T85/><REACH who="0" step="1"/><D81/><REACH who="0" ten="240,250,250,250" step="2"/><N who="1" m="47543" /><E131/><V38/><F38/><W90/><G2/><T79/><D79/><U29/><E109/><V103/><N who="2" m="25600" /><DORA hai="42" /><V47/><F47/><N who="3" m="27775" /><G1/><T116/><D116/><U5/><E27/><V13/><F13/><N who="3" m="9295" /><G90/><T15/><D15/><U50/><E25/><V41/><F88/><W118/><G118/><T74/><D74/><U83/><E83/><V105/><F94/><W134/><G134/><T4/><D4/><U108/><E5/><V67/><F105/><W122/><G122/><T86/><D86/><U44/><E108/><V97/><F96/><W112/><G112/><T45/><D45/><U7/><E7/><V111/><F97/><W62/><G62/><T73/><D73/><U33/><E63/><V39/><F111/><W95/><G95/><T57/><D57/><U93/><E59/><V49/><F39/><W0/><G0/><T43/><D43/><N who="1" m="24607" /><E93/><V35/><F35/><W133/><G133/><T120/><D120/><U22/><E33/><RYUUKYOKU ba="0,1" sc="240,10,250,-30,250,10,250,10" hai0="8,9,10,46,53,61,65,70,76,82,85,121,123" hai2="30,31,41,49,56,60,67" hai3="23,24,64,66" /><INIT seed="0,1,1,3,5,86" ten="250,220,260,260" oya="0" hai0="105,110,43,22,32,94,2,116,91,13,83,17,71" hai1="50,39,24,57,21,76,107,29,99,33,14,23,111" hai2="15,56,31,68,119,135,26,87,5,72,4,25,38" hai3="9,128,52,75,112,8,81,70,53,12,127,73,19"/><T104/><D116/><U0/><E0/><V61/><F72/><W101/><G112/><T120/><D120/><U108/><E39/><V109/><F38/><W66/><G127/><T36/><D71/><U100/><E76/><V84/><F119/><W67/><G128/><T58/><D32/><U42/><E14/><V102/><F68/><W59/><G75/><T129/><D2/><U18/><E18/><V35/><F102/><W44/><G73/><T90/><D129/><U124/><E124/><V125/><F125/><W117/><G117/><T6/><D6/><U133/><E133/><V97/><F97/><W74/><G74/><T96/><D58/><U78/><E78/><V63/><F135/><W41/><G101/><T47/><REACH who="0" step="1"/><D110/><REACH who="0" ten="240,220,260,260" step="2"/><N who="1" m="42027" /><E57/><V93/><F56/><W121/><G121/><T54/><D54/><U60/><E60/><V92/><F109/><W65/><G70/><T118/><D118/><U27/><E33/><V11/><F35/><W103/><G53/><T37/><D37/><U115/><E115/><V64/><F4/><W132/><G52/><T48/><D48/><U131/><E131/><V51/><F5/><W122/><G132/><T45/><D45/><U85/><E50/><V95/><F51/><W34/><G122/><T30/><D30/><N who="1" m="17679" /><E42/><V134/><F134/><W77/><G41/><T49/><D49/><U98/><E29/><V88/><F63/><W80/><G59/><T106/><D106/><U69/><E69/><V55/><F61/><W113/><G44/><T10/><D10/><U20/><E107/><V7/><F31/><W62/><G62/><RYUUKYOKU ba="1,2" sc="240,30,220,-10,260,-10,260,-10" hai0="13,17,22,36,43,47,83,90,91,94,96,104,105" /><INIT seed="0,2,2,2,4,123" ten="270,210,250,250" oya="0" hai0="127,0,86,40,83,8,69,77,1,18,29,48,12" hai1="16,15,68,37,100,21,88,39,31,33,42,105,124" hai2="134,90,111,93,119,6,97,28,36,52,14,19,117" hai3="38,130,5,73,98,95,72,75,128,55,82,91,110"/><T35/><D69/><U78/><E68/><V135/><F36/><W61/><G38/><T70/><D70/><U63/><E78/><V96/><F28/><W27/><G5/><T56/><D127/><U126/><E63/><V17/><F6/><W32/><G55/><T87/><D87/><U45/><E39/><V46/><F111/><W84/><G61/><T22/><D35/><U49/><E37/><V129/><F129/><N who="3" m="49771" /><G27/><N who="0" m="16631" /><D0/><U67/><E67/><V92/><F52/><W62/><G62/><T11/><D1/><U30/><E33/><V94/><F46/><W65/><G65/><T7/><D7/><U115/><E115/><V44/><F44/><W125/><G32/><T89/><D77/><U118/><E118/><N who="2" m="45067" /><F90/><N who="3" m="51479" /><G125/><N who="1" m="48234" /><E88/><V108/><F108/><AGARI ba="2,2" hai="72,73,75,91,95,98,108,110" m="51479,49771" machi="108" ten="40,8000,1" yaku="19,1,34,2,52,2" doraHai="123" who="3" fromWho="2" sc="270,0,210,0,250,-86,250,106" /><INIT seed="1,0,0,1,2,44" ten="270,210,164,356" oya="1" hai0="123,33,68,32,39,83,61,112,107,11,53,111,42" hai1="41,95,65,55,129,34,10,1,78,60,70,3,87" hai2="114,51,18,97,9,24,89,84,80,14,98,69,88" hai3="72,77,115,128,17,46,8,12,47,64,30,106,85"/><U27/><E129/><V94/><F114/><W59/><G106/><T0/><D112/><U16/><E41/><V5/><F69/><W101/><G128/><T20/><D107/><U79/><E55/><V92/><F24/><W35/><G72/><T73/><D20/><U43/><E43/><V122/><F122/><W57/><G35/><T117/><D53/><U105/><E105/><V40/><F40/><W134/><G101/><T81/><D81/><U118/><E118/><V71/><F71/><W13/><G30/><T36/><D117/><U28/><E79/><V7/><REACH who="2" step="1"/><F51/><REACH who="2" ten="270,210,154,356" step="2"/><W130/><G130/><T76/><D123/><U54/><E70/><V38/><F38/><W6/><G115/><T19/><D39/><U110/><E27/><V86/><F86/><W4/><G85/><T31/><D42/><U75/><E87/><V29/><F29/><W131/><G131/><T126/><D31/><U21/><E28/><V26/><F26/><W100/><G134/><T120/><D36/><U135/><E135/><V124/><F124/><W132/><G132/><T90/><D126/><U48/><E48/><V108/><F108/><W37/><G37/><T91/><D111/><U104/><E75/><V66/><F66/><W116/><G64/><T62/><D120/><U63/><E65/><V74/><F74/><W99/><G116/><T127/><D127/><U56/><E110/><V52/><F52/><W50/><G50/><T82/><D73/><U93/><E34/><V49/><F49/><W125/><G125/><T67/><D67/><N who="1" m="39303" /><E63/><V96/><F96/><W133/><G99/><RYUUKYOKU ba="0,1" sc="270,-10,210,-10,154,30,356,-10" hai2="5,7,9,14,18,80,84,88,89,92,94,97,98" /><INIT seed="2,1,1,3,1,46" ten="260,200,184,346" oya="2" hai0="82,97,120,16,73,125,20,42,57,40,54,36,133" hai1="51,41,113,131,135,24,121,87,91,59,32,127,123" hai2="8,23,86,112,6,79,108,21,39,66,34,126,18" hai3="100,116,12,19,65,44,104,129,134,25,105,72,89"/><V48/><F39/><W115/><G72/><T52/><D120/><N who="1" m="46155" /><E113/><V124/><F112/><W130/><G116/><T58/><D125/><N who="2" m="48234" /><F34/><W75/><G75/><T33/><D33/><U63/><E127/><V67/><F108/><W106/><G65/><N who="2" m="24585" /><F48/><W30/><G115/><T11/><D36/><U111/><E111/><V102/><F102/><W37/><G100/><T27/><D133/><U55/><E135/><V45/><F45/><W98/><G134/><T35/><D35/><U47/><E131/><N who="3" m="50186" /><G44/><T99/><D11/><U101/><E101/><V61/><F61/><W81/><G37/><T15/><D27/><U26/><E32/><V90/><F79/><W88/><G25/><T53/><D73/><U70/><E70/><V95/><F18/><W109/><G109/><T31/><D31/><U1/><E1/><AGARI ba="1,1" hai="1,6,8,21,23,86,90,95" m="24585,48234" machi="1" ten="30,1500,0" yaku="18,1" doraHai="46" who="2" fromWho="1" sc="260,0,200,-18,184,28,346,0" /><INIT seed="2,2,0,3,1,103" ten="260,182,212,346" oya="2" hai0="63,119,6,88,50,76,123,32,59,1,133,21,24" hai1="84,20,118,89,91,54,41,132,70,120,126,23,62" hai2="49,58,33,106,71,16,113,98,56,45,2,101,31" hai3="75,4,87,96,8,27,52,122,57,17,3,102,78"/><V77/><F113/><W95/><G122/><T53/><D123/><U97/><E120/><V85/><F71/><W55/><G75/><T29/><D133/><U125/><E118/><V64/><F2/><W28/><G17/><T36/><D36/><U124/><E132/><V26/><F64/><W12/><G3/><T9/><D119/><U93/><E41/><V135/><F135/><W25/><G25/><T111/><D76/><U61/><E70/><V34/><F34/><W72/><G72/><T112/><D111/><U83/><REACH who="1" step="1"/><E54/><REACH who="1" ten="260,172,212,346" step="2"/><V86/><F86/><W128/><G55/><T114/><D53/><U90/><E90/><V35/><F85/><W14/><G52/><T47/><D88/><U107/><E107/><V110/><F77/><W7/><G87/><T82/><D114/><U30/><E30/><V51/><F110/><W18/><G28/><T40/><D112/><U67/><E67/><V10/><F106/><W65/><G65/><T127/><D29/><U5/><E5/><V42/><F33/><W66/><G7/><T115/><D32/><U74/><E74/><V104/><REACH who="2" step="1"/><F51/><REACH who="2" ten="260,172,202,346" step="2"/><W19/><G66/><T22/><D50/><U46/><E46/><V13/><AGARI ba="2,2" hai="10,13,16,26,31,35,42,45,49,56,58,98,101,104" machi="13" ten="30,18000,2" yaku="1,1,2,1,0,1,52,1,54,1,53,1" doraHai="103" doraHaiUra="11" who="2" fromWho="2" sc="260,-62,172,-62,202,206,346,-62" /><INIT seed="2,3,0,5,4,128" ten="198,110,408,284" oya="2" hai0="41,119,107,70,102,23,126,127,79,100,131,99,54" hai1="28,86,30,116,68,57,80,20,76,109,75,63,6" hai2="92,77,81,104,83,88,64,44,89,122,73,62,16" hai3="49,40,21,8,123,112,32,65,67,26,46,55,51"/><V72/><F122/><W60/><G32/><T59/><D131/><U53/><E116/><V97/><F44/><W94/><G112/><T118/><D70/><U93/><E109/><V132/><F132/><W74/><G74/><T52/><D41/><U14/><E68/><V48/><F48/><W13/><G94/><T2/><D2/><U124/><E124/><N who="0" m="47657" /><D102/><U9/><E75/><V38/><F38/><W69/><G123/><T103/><D103/><U33/><E33/><V56/><F104/><W117/><G117/><N who="0" m="44555" /><D79/><U121/><E121/><V36/><F36/><W90/><G90/><T61/><D23/><U129/><E129/><V120/><F120/><W50/><G69/><T24/><D24/><U71/><E71/><V10/><F73/><W87/><G21/><T82/><D82/><U115/><E115/><V7/><F81/><W96/><G26/><T58/><D58/><U91/><REACH who="1" step="1"/><E20/><REACH who="1" ten="198,100,408,284" step="2"/><V4/><F72/><W29/><G40/><T106/><D106/><U43/><E43/><V84/><F77/><W110/><G46/><T5/><D5/><U78/><E78/><V133/><F4/><W114/><G114/><T135/><D135/><U34/><E34/><V39/><F133/><W0/><G110/><T95/><D107/><U111/><E111/><V108/><F108/><W85/><G0/><T17/><D17/><U18/><E18/><V1/><F16/><W3/><G3/><T134/><D134/><U113/><E113/><V35/><F35/><W47/><G47/><T101/><D59/><U125/><E125/><V27/><F39/><W25/><G25/><AGARI ba="3,1" hai="1,7,10,25,27,56,62,64,83,84,88,89,92,97" machi="25" ten="40,3900,0" yaku="6,1,54,1" doraHai="128" who="2" fromWho="3" sc="198,0,100,0,408,58,284,-48" /><INIT seed="2,4,0,5,0,81" ten="198,100,466,236" oya="2" hai0="44,55,66,42,56,31,5,118,37,9,76,93,74" hai1="48,92,8,33,62,104,73,127,122,75,101,6,114" hai2="67,110,11,125,99,49,87,78,68,51,57,69,129" hai3="82,113,19,58,105,16,46,14,115,128,22,89,70"/><V103/><F129/><W65/><G128/><T29/><D118/><U38/><E48/><V52/><F125/><W60/><G105/><T12/><D66/><U61/><E62/><V7/><F110/><W95/><G82/><T96/><D76/><U126/><E61/><V64/><F68/><W40/><G19/><T86/><D74/><U108/><E108/><V100/><F69/><W98/><REACH who="3" step="1"/><G70/><REACH who="3" ten="198,100,466,226" step="2"/><T54/><D31/><U20/><E104/><V107/><F107/><W120/><G120/><T21/><D29/><U94/><E122/><V1/><F51/><AGARI ba="4,1" hai="14,16,22,40,46,51,58,60,65,89,95,98,113,115" machi="51" ten="40,2600,0" yaku="1,1,54,1,53,0" doraHai="81" doraHaiUra="102" who="3" fromWho="2" sc="198,0,100,0,466,-38,226,48" /><INIT seed="3,0,0,2,2,93" ten="198,100,428,274" oya="3" hai0="13,67,96,27,42,132,69,109,1,75,60,41,0" hai1="37,80,24,17,76,104,100,5,11,36,114,9,111" hai2="56,59,20,121,30,51,129,91,65,54,130,38,58" hai3="73,108,107,102,44,99,26,72,10,126,48,116,84"/><W94/><G116/><T47/><D75/><U88/><E114/><V19/><F121/><W25/><G126/><T46/><D109/><U117/><E111/><V89/><F38/><W68/><G68/><T21/><D13/><U64/><E64/><V134/><F30/><W53/><G108/><T110/><D132/><U112/><E112/><V135/><F65/><W118/><G118/><T90/><D110/><U23/><E117/><V63/><F91/><W86/><G73/><T131/><D131/><N who="2" m="50186" /><F89/><W97/><G72/><T123/><D123/><U34/><E100/><V85/><F85/><W22/><G10/><T52/><D42/><U35/><E104/><V115/><F115/><W6/><G6/><T12/><D12/><U106/><E106/><V62/><F62/><W15/><G15/><T39/><D47/><U2/><E11/><V43/><F43/><W92/><G107/><T83/><D52/><U28/><E34/><V122/><F122/><W33/><G33/><T50/><D39/><U113/><E76/><V81/><F81/><W128/><G128/><T71/><D71/><U119/><E113/><V124/><F124/><W61/><G61/><T66/><D66/><U70/><E70/><V98/><F98/><W40/><G40/><T32/><D32/><U55/><E55/><N who="2" m="34207" /><F59/><W16/><G26/><AGARI ba="0,0" hai="19,20,26,51,54,58,134,135" m="34207,50186" machi="26" ten="30,1000,0" yaku="19,1" doraHai="93" who="2" fromWho="3" sc="198,0,100,0,428,10,274,-10" owari="198,-20.2,100,-40.0,438,53.8,264,6.4" /></mjloggm>