<mjloggm ver="2.3"><GO type="225" lobby="0"/><UN n0="%E5%84%AA%40%41%42%43" n1="%E7%AD%89%E3%80%85%E5%8A%9B%E5%8A%87%E5%A0%B4" n2="%6D%75%75%6D%75%72%61" n3="%E3%82%A2%E3%83%8A%E3%83%BC%E3%81%8D%E3%83%BC" dan="18,16,16,16" rate="2222.66,2172.21,2122.60,2082.59" sx="M,M,F,M"/><TAIKYOKU oya="0"/><INIT seed="0,0,0,0,2,35" ten="250,250,250,250" oya="0" hai0="74,65,93,55,69,71,117,97,6,80,42,48,106" hai1="89,17,85,86,3,8,58,113,38,33,19,114,129" hai2="11,15,118,84,25,68,73,18,24,130,27,108,128" hai3="135,112,96,111,30,5,31,34,63,75,52,102,72"/><T22/><D117/><U105/><E33/><V39/><F73/><W26/><G112/><T9/><D106/><U53/><E38/><V32/><F39/><W2/><G111/><T62/><D42/><U79/><E105/><V1/><F68/><W59/><G31/><T56/><D22/><U87/><E79/><V28/><F84/><W36/><G36/><T40/><D40/><U110/><E89/><V21/><F108/><W116/><G135/><T51/><D51/><U95/><E95/><V124/><F124/><W20/><G20/><T107/><D107/><U54/><E110/><V131/><F118/><W101/><G116/><T23/><D23/><U125/><E129/><V81/><F81/><W50/><G63/><T76/><D93/><U49/><E54/><V0/><F0/><W88/><G88/><T92/><D92/><U119/><E125/><V100/><F100/><W44/><G44/><T7/><D97/><U77/><E77/><V57/><F57/><W45/><G45/><T109/><D109/><U99/><E99/><V90/><F90/><W103/><REACH who="3" step="1"/><G96/><REACH who="3" ten="250,250,250,240" step="2"/><T120/><D120/><U37/><E37/><V16/><F27/><W115/><G115/><T104/><D62/><U64/><E119/><V10/><F10/><AGARI ba="0,1" hai="2,5,10,26,30,34,50,52,59,72,75,101,102,103" machi="10" ten="40,5200,0" yaku="1,1,52,1,54,1,53,0" doraHai="35" doraHaiUra="133" who="3" fromWho="2" sc="250,0,250,0,250,-52,240,62" /><INIT seed="1,0,0,0,4,102" ten="250,250,198,302" oya="1" hai0="89,17,79,123,30,132,105,94,22,108,44,85,60" hai1="130,68,5,64,66,49,126,4,54,86,95,41,129" hai2="134,82,62,27,100,35,46,21,75,7,8,70,18" hai3="32,125,92,24,0,11,47,83,120,73,57,61,67"/><U16/><E41/><V6/><F134/><W71/><G120/><T45/><D108/><U122/><E122/><V29/><F100/><W48/><G125/><T26/><D132/><U43/><E43/><V121/><F121/><W10/><G92/><T113/><D113/><U118/><E118/><V77/><F46/><W114/><G71/><T25/><D123/><U110/><E126/><V51/><F51/><W55/><G0/><T88/><D79/><U135/><E135/><V91/><F91/><W50/><G50/><T38/><D105/><U106/><E106/><V109/><F109/><W133/><G133/><T13/><D26/><U90/><E110/><V28/><F35/><W19/><G114/><T72/><D72/><U20/><E4/><V76/><F76/><W107/><G107/><T74/><D74/><U34/><E5/><V96/><F96/><W97/><G97/><N who="0" m="57543" /><D60/><U81/><E34/><V99/><F6/><W3/><G61/><T59/><D59/><N who="1" m="33231" /><E81/><V9/><F99/><W69/><G83/><N who="0" m="49343" /><D38/><U124/><E124/><V36/><F36/><W42/><G69/><T12/><D12/><N who="1" m="9223" /><E68/><V103/><F103/><W119/><G3/><T37/><D37/><U111/><E111/><V112/><F112/><W56/><G73/><T115/><D115/><U52/><E86/><V31/><REACH who="2" step="1"/><F7/><REACH who="2" ten="250,250,188,302" step="2"/><W78/><G32/><T131/><D45/><U15/><E90/><V63/><F63/><W87/><G47/><T104/><D44/><U39/><E39/><V58/><F58/><W65/><G57/><T128/><D104/><U127/><E127/><V14/><F14/><RYUUKYOKU ba="0,1" sc="250,15,250,-15,188,15,302,-15" hai0="13,17,22,25,30,128,131" hai2="8,9,18,21,27,28,29,31,62,70,75,77,82" /><INIT seed="2,1,1,5,1,90" ten="265,235,203,287" oya="2" hai0="49,106,18,1,14,111,58,104,8,96,78,62,67" hai1="135,83,46,94,82,6,44,20,43,130,24,113,28" hai2="124,76,131,115,79,87,72,86,56,16,108,4,66" hai3="93,69,126,91,60,129,121,33,37,75,23,61,116"/><V50/><F115/><W29/><G116/><T38/><D111/><U10/><E113/><V54/><F108/><W64/><G121/><T73/><D38/><U59/><E135/><V26/><F124/><W70/><G33/><T31/><D1/><U55/><E130/><V120/><F120/><W19/><G29/><T27/><D73/><U133/><E133/><V21/><F131/><W112/><G112/><T114/><D78/><N who="2" m="29738" /><F72/><W88/><G126/><T103/><D49/><U65/><E65/><V127/><F127/><W36/><G129/><T0/><D0/><U5/><E43/><V35/><F35/><W89/><G75/><T51/><D51/><U107/><E107/><V101/><F4/><W40/><G40/><T102/><D114/><U41/><E41/><V117/><F117/><W3/><G3/><T15/><D15/><U84/><E5/><V42/><F42/><W71/><G93/><N who="0" m="58639" /><D103/><U80/><E6/><V81/><F101/><W12/><REACH who="3" step="1"/><G60/><REACH who="3" ten="265,235,203,277" step="2"/><T30/><D30/><U119/><E119/><V85/><F81/><W74/><G74/><T25/><D106/><U57/><E82/><V63/><F63/><W134/><G134/><T47/><D104/><U22/><E80/><V45/><F66/><W109/><G109/><T13/><D31/><U77/><E28/><V9/><F9/><W128/><G128/><T105/><D105/><U7/><E10/><V123/><F123/><W118/><G118/><T110/><D110/><U100/><E77/><V39/><F39/><AGARI ba="1,2" hai="12,19,23,36,37,39,61,64,69,70,71,88,89,91" machi="39" ten="40,2600,0" yaku="1,1,54,1,53,0" doraHai="90" doraHaiUra="99" who="3" fromWho="2" sc="265,0,235,0,203,-29,277,49" /><INIT seed="3,0,0,2,3,8" ten="265,235,174,326" oya="3" hai0="83,38,43,32,61,41,24,134,57,120,27,115,72" hai1="52,75,59,29,82,3,47,112,44,122,67,90,49" hai2="110,39,113,18,84,132,5,37,6,116,9,12,77" hai3="40,129,35,19,55,101,11,0,111,54,104,10,94"/><W42/><G35/><T60/><D120/><U99/><E112/><V33/><F113/><W30/><G104/><T117/><D117/><U126/><E122/><V74/><F116/><W79/><G0/><T95/><D38/><U23/><E3/><V62/><F110/><W63/><G30/><T85/><D72/><U127/><E75/><V13/><F132/><W133/><G79/><T105/><D105/><U28/><E67/><V16/><F74/><W88/><G55/><T87/><D95/><N who="1" m="56823" /><E82/><N who="2" m="47183" /><F33/><W97/><G10/><T45/><D83/><U34/><E34/><V100/><F39/><W76/><G94/><T48/><D134/><U130/><E130/><V103/><F37/><W98/><G98/><T89/><D89/><U125/><E29/><V25/><F25/><AGARI ba="0,0" hai="23,25,28,44,47,49,52,59,125,126,127" m="56823" machi="25" ten="30,2000,0" yaku="18,1,54,1" doraHai="8" who="1" fromWho="2" sc="265,0,235,20,174,-20,326,0" owari="265,6.5,255,-14.5,154,-34.6,326,42.6" /></mjloggm>