<mjloggm ver="2.3"><GO type="225" lobby="0"/><UN n0="%E6%9A%87%E4%BA%BA%EF%BC%A0%E9%85%8D%E4%BF%A1%E5%9E%A2" n1="%E3%81%9F%E3%81%8C%E3%82%84%E3%81%99" n2="%E3%81%BE%E3%81%A8%E3%81%9F" n3="%6D%75%75%6D%75%72%61" dan="17,17,16,16" rate="2147.70,2180.08,2136.02,2184.10" sx="F,M,M,F"/><TAIKYOKU oya="0"/><INIT seed="0,0,0,5,4,2" ten="250,250,250,250" oya="0" hai0="77,109,52,107,85,22,59,27,94,84,101,49,119" hai1="50,51,28,88,105,23,19,18,60,98,116,93,9" hai2="24,131,121,130,133,8,100,112,114,26,45,124,117" hai3="96,126,122,87,110,74,39,80,53,72,125,4,56"/><T89/><D119/><U17/><E105/><V71/><F117/><W99/><G39/><T65/><D109/><U58/><E116/><V102/><F121/><W12/><G110/><T3/><D3/><U123/><E123/><V108/><F108/><W81/><G122/><T0/><D0/><U78/><E78/><V97/><F71/><W62/><G12/><T118/><D118/><U11/><E28/><V115/><F124/><N who="3" m="47723" /><G4/><T135/><D135/><U86/><E98/><N who="3" m="37418" /><G80/><N who="0" m="47119" /><D107/><U104/><E104/><V64/><F133/><W111/><G111/><T54/><D101/><N who="2" m="39018" /><F97/><W83/><G83/><T42/><D65/><U57/><E23/><V128/><F64/><W70/><G70/><T92/><D92/><U7/><E9/><V134/><F134/><W75/><G75/><T95/><D95/><U1/><REACH who="1" step="1"/><E58/><REACH who="1" ten="250,240,250,250" step="2"/><V46/><F8/><W15/><G15/><T29/><D59/><U90/><E90/><AGARI ba="0,1" hai="53,56,62,72,74,81,87,90" m="37418,47723" machi="90" ten="30,1000,0" yaku="18,1" doraHai="2" who="3" fromWho="1" sc="250,0,240,-10,250,0,250,20" /><INIT seed="1,0,0,1,2,133" ten="250,230,250,270" oya="1" hai0="82,101,89,71,95,48,53,63,31,38,52,130,107" hai1="99,49,108,16,9,29,28,41,85,12,68,131,56" hai2="19,27,34,132,13,36,7,60,4,54,113,75,72" hai3="67,37,87,84,46,3,106,1,74,39,83,111,86"/><U120/><E68/><V122/><F122/><W5/><G106/><T117/><D117/><U92/><E131/><V18/><F132/><W97/><G111/><T79/><D38/><U69/><E69/><V77/><F36/><W73/><G67/><T35/><D130/><U105/><E120/><V118/><F118/><W126/><G37/><T80/><D95/><U22/><E105/><V30/><F113/><W0/><G97/><N who="0" m="61871" /><D89/><U21/><E85/><V62/><F18/><W96/><G96/><T44/><D53/><N who="1" m="31791" /><E41/><V15/><F15/><W14/><G14/><T100/><D79/><U129/><E129/><V125/><F77/><N who="3" m="44463" /><G74/><T47/><D47/><U91/><E108/><V51/><F72/><W6/><G6/><T61/><D61/><U78/><E78/><V11/><F75/><W10/><G1/><T134/><D100/><U26/><E22/><V33/><F33/><W17/><G17/><AGARI ba="0,0" hai="9,12,16,17,21,26,28,29,91,92,99" m="31791" machi="17" ten="30,2900,0" yaku="8,1,54,1" doraHai="133" who="1" fromWho="3" sc="250,0,230,29,250,0,270,-29" /><INIT seed="1,1,0,1,3,107" ten="250,259,250,241" oya="1" hai0="70,128,38,93,123,15,2,56,40,23,103,94,91" hai1="85,35,130,12,105,92,125,63,95,7,27,44,88" hai2="22,71,61,64,122,115,41,43,78,106,18,3,101" hai3="121,33,67,87,1,21,8,16,36,112,75,10,80"/><U49/><E105/><V90/><F122/><W133/><G121/><T57/><D123/><U46/><E130/><V83/><F3/><W11/><G112/><T131/><D2/><U65/><E125/><V119/><F119/><W82/><G33/><T51/><D70/><U113/><E113/><V84/><F101/><W118/><G133/><T32/><D32/><U98/><E27/><V135/><F106/><W74/><G36/><T73/><D103/><U54/><E35/><V58/><F135/><W14/><G1/><T127/><D127/><U20/><E46/><V0/><F0/><W111/><G111/><T77/><D38/><U114/><E114/><V31/><F31/><W24/><G118/><T72/><D77/><U69/><E7/><V50/><F115/><W60/><G24/><T47/><D57/><U120/><E120/><V48/><F71/><W100/><G100/><T129/><D56/><U55/><E98/><V52/><F90/><W102/><G102/><T96/><D93/><U89/><E89/><V17/><F17/><AGARI ba="1,0" hai="15,17,23,40,47,51,72,73,91,94,96,128,129,131" machi="17" ten="40,5200,0" yaku="19,1,52,2" doraHai="107" who="0" fromWho="2" sc="250,55,259,0,250,-55,241,0" /><INIT seed="2,0,0,0,5,64" ten="305,259,195,241" oya="2" hai0="56,113,100,104,63,43,16,93,89,42,102,17,118" hai1="125,76,41,29,98,82,1,66,88,90,135,61,59" hai2="110,49,0,97,48,71,31,123,122,85,84,115,25" hai3="99,112,36,38,6,114,34,26,105,14,74,11,91"/><V72/><F72/><W95/><G74/><T81/><D113/><N who="3" m="43625" /><G105/><T111/><D111/><U107/><E1/><V106/><F115/><W120/><G120/><T27/><D118/><U2/><E2/><V77/><F110/><W79/><G79/><T133/><D133/><U103/><E135/><V39/><F39/><W30/><AGARI ba="0,0" hai="6,11,14,26,30,34,36,38,91,95,99" m="43625" machi="30" ten="30,1100,0" yaku="11,1" doraHai="64" who="3" fromWho="3" sc="305,-3,259,-3,195,-5,241,11" /><INIT seed="3,0,0,3,0,51" ten="302,256,190,252" oya="3" hai0="67,84,135,89,88,85,70,53,77,25,73,132,4" hai1="74,62,50,48,123,37,128,55,52,2,41,103,118" hai2="96,1,133,95,101,18,97,66,26,21,106,3,90" hai3="22,28,102,68,86,60,72,15,130,100,92,107,122"/><W127/><G122/><T38/><D38/><U12/><E2/><V78/><F133/><N who="0" m="51274" /><D4/><U76/><E37/><V17/><F66/><W46/><G72/><T57/><D70/><U58/><E123/><V5/><F5/><W83/><G107/><T45/><D73/><U65/><E128/><V47/><F78/><W126/><G130/><T109/><D109/><U108/><E108/><V54/><REACH who="2" step="1"/><F18/><REACH who="2" ten="302,256,180,252" step="2"/><N who="3" m="10591" /><G127/><T105/><D77/><U81/><E118/><V82/><F82/><W98/><G126/><T131/><D131/><U104/><E81/><V125/><F125/><W129/><G129/><T115/><D67/><U93/><E65/><V34/><F34/><W116/><G116/><T75/><D115/><U7/><E76/><V16/><F16/><W43/><G68/><T19/><D19/><U33/><E7/><V32/><F32/><W31/><G31/><T112/><D112/><U114/><E33/><V124/><F124/><W110/><G110/><T56/><D75/><U69/><E74/><V99/><F99/><W23/><G28/><T36/><D85/><U63/><E114/><V9/><F9/><W14/><G83/><T79/><D79/><U71/><E71/><V64/><F64/><W29/><G86/><T8/><D84/><U80/><E80/><V59/><F59/><W44/><G29/><T120/><D56/><U40/><E58/><V10/><F10/><W87/><G87/><T13/><D8/><U134/><E69/><V24/><F24/><W6/><G6/><T113/><D113/><U42/><E134/><V117/><F117/><W11/><G11/><RYUUKYOKU ba="0,1" sc="302,-10,256,-10,180,30,252,-10" hai2="1,3,17,21,26,47,54,90,95,96,97,101,106" /><INIT seed="4,1,1,0,5,111" ten="292,246,210,242" oya="0" hai0="73,55,100,116,60,90,30,3,25,115,104,134,31" hai1="58,1,37,2,132,40,49,22,16,19,120,13,23" hai2="53,32,89,12,7,36,24,106,76,6,95,10,0" hai3="105,34,98,87,42,62,97,5,78,86,80,21,59"/><T51/><D116/><U20/><E37/><V56/><F106/><W113/><G34/><T54/><D3/><N who="1" m="1035" /><E58/><V57/><F36/><W93/><G5/><T41/><D73/><U48/><E40/><V67/><F76/><W46/><G113/><T18/><D115/><U118/><E49/><V101/><F101/><W96/><G105/><T43/><D134/><U50/><E50/><V66/><F6/><W61/><G87/><T8/><D104/><U119/><E48/><V109/><F0/><W122/><G122/><T39/><D100/><U77/><E77/><V124/><F124/><W92/><G42/><T52/><D39/><U44/><E44/><V28/><F109/><W102/><G46/><T15/><D60/><U9/><E120/><V63/><REACH who="2" step="1"/><F57/><REACH who="2" ten="292,246,200,242" step="2"/><W108/><G108/><T79/><D79/><U129/><E132/><V33/><F33/><W127/><G127/><T126/><D126/><U128/><E19/><V4/><F4/><W69/><G102/><T110/><D110/><U114/><E114/><V11/><F11/><W38/><G38/><T27/><D18/><U123/><E123/><V35/><F35/><W65/><REACH who="3" step="1"/><G21/><REACH who="3" ten="292,246,200,232" step="2"/><T70/><D8/><U17/><E17/><V14/><F14/><W81/><G81/><T121/><D15/><U88/><E88/><V26/><F26/><W71/><G71/><T75/><D70/><U64/><E16/><V117/><F117/><N who="1" m="44553" /><E13/><V112/><F112/><W94/><G94/><T47/><D90/><U103/><E9/><V133/><F133/><W83/><G83/><T72/><D121/><U29/><E20/><RYUUKYOKU ba="1,3" sc="292,-15,246,-15,200,15,232,15" hai2="7,10,12,24,28,32,53,56,63,66,67,89,95" hai3="59,61,62,65,69,78,80,86,92,93,96,97,98" /><INIT seed="5,2,3,5,4,50" ten="277,231,215,247" oya="1" hai0="93,68,132,85,94,86,60,79,82,1,103,37,125" hai1="15,104,127,84,56,14,8,48,88,54,73,83,11" hai2="118,55,53,29,78,69,44,133,90,126,81,36,115" hai3="42,58,66,27,130,25,95,24,26,20,135,23,0"/><U67/><E104/><V119/><F126/><W43/><G0/><T105/><D1/><U63/><E127/><V64/><F133/><W13/><G135/><T117/><D125/><U49/><E73/><V98/><F115/><W3/><G3/><T76/><D37/><U45/><E48/><V111/><F111/><W40/><G130/><T47/><D132/><U70/><E70/><V7/><F7/><W30/><G95/><N who="0" m="36363" /><D47/><U46/><E46/><V106/><F90/><W72/><G72/><N who="0" m="43271" /><D60/><U96/><E96/><V80/><F80/><W34/><REACH who="3" step="1"/><G13/><AGARI ba="2,3" hai="8,11,13,14,15,45,49,54,56,63,67,83,84,88" machi="13" ten="40,7700,0" yaku="8,1,52,1,54,1" doraHai="50" who="1" fromWho="3" sc="277,0,231,113,215,0,247,-83" owari="277,7.7,344,44.4,215,-18.5,164,-33.6" /></mjloggm>