<mjloggm ver="2.3"><GO type="225" lobby="0"/><UN n0="%E3%82%82%E3%81%90%E3%82%89" n1="%E3%81%8F%E3%81%BE%E3%81%96%E3%82%8F" n2="%E3%81%A1%E3%82%85%E3%81%86%E3%81%A9%E3%81%8F%E8%B1%A1%E3%81%95%E3%82%93" n3="%E5%88%9D%E5%8F%B7%E6%A9%9F%E3%81%A8%E4%BA%8C%E5%8F%B7%E6%A9%9F" dan="17,16,17,17" rate="2164.56,2028.35,2183.54,2177.05" sx="M,M,M,M"/><TAIKYOKU oya="0"/><INIT seed="0,0,0,4,1,30" ten="250,250,250,250" oya="0" hai0="96,32,131,46,57,65,13,55,76,85,105,54,108" hai1="26,0,120,84,7,11,4,17,101,77,115,114,16" hai2="72,40,97,49,81,87,34,14,135,1,103,24,93" hai3="29,128,59,15,6,12,118,44,99,92,47,20,90"/><T94/><D131/><U43/><E101/><V89/><F1/><W119/><G128/><T116/><D116/><U67/><E67/><V61/><F135/><W51/><G59/><T122/><D122/><U110/><E43/><V22/><F61/><W126/><G126/><T69/><D69/><U109/><E84/><V41/><F14/><W91/><G44/><T79/><D105/><U48/><E77/><V124/><F124/><W19/><G29/><T129/><D129/><U21/><E48/><V104/><F49/><W62/><G62/><T107/><D107/><U27/><E120/><V121/><F121/><W28/><G28/><T45/><D57/><U78/><E78/><N who="2" m="44231" /><F34/><W18/><G6/><T42/><D85/><U82/><E82/><V86/><F86/><W23/><REACH who="3" step="1"/><G91/><REACH who="3" ten="250,250,250,240" step="2"/><T25/><D46/><U102/><E102/><V98/><F98/><W70/><G70/><T132/><D45/><U100/><E100/><V112/><F112/><N who="1" m="43049" /><E7/><V9/><F9/><W56/><G56/><T73/><D42/><AGARI ba="0,1" hai="12,15,18,19,20,23,42,47,51,90,92,99,118,119" machi="42" ten="30,3900,0" yaku="1,1,7,1,9,1,53,0" doraHai="30" doraHaiUra="60" who="3" fromWho="0" sc="250,-39,250,0,250,0,240,49" /><INIT seed="1,0,0,3,0,75" ten="211,250,250,289" oya="1" hai0="21,54,121,66,111,43,38,8,57,99,26,93,47" hai1="6,9,107,104,132,113,68,96,119,64,58,97,134" hai2="19,118,109,22,65,81,114,14,82,34,71,55,49" hai3="50,79,27,0,89,128,63,108,28,100,124,32,83"/><U88/><E113/><V84/><F114/><W40/><G0/><T36/><D111/><U126/><E68/><V20/><F118/><W45/><G108/><T76/><D121/><U74/><E74/><V120/><F120/><W130/><G124/><T11/><D36/><U110/><E119/><V53/><F34/><W91/><G100/><T103/><D76/><U98/><E110/><V5/><F5/><W112/><G63/><T95/><D95/><U35/><E35/><V123/><F123/><W7/><G7/><T90/><D66/><U39/><E39/><V2/><F2/><W37/><G37/><T129/><D129/><N who="3" m="49769" /><G112/><T122/><D103/><U62/><E126/><V17/><F109/><W94/><G94/><T25/><D122/><U87/><E107/><V61/><F49/><W46/><G45/><T44/><D44/><U127/><E104/><V15/><REACH who="2" step="1"/><F81/><REACH who="2" ten="211,250,240,289" step="2"/><W1/><G1/><T67/><D67/><U41/><E127/><V24/><F24/><W92/><G92/><T51/><REACH who="0" step="1"/><D26/><REACH who="0" ten="201,250,240,289" step="2"/><U31/><E64/><V52/><F52/><W60/><G83/><T3/><D3/><U33/><E132/><V77/><AGARI ba="0,2" hai="14,15,17,19,20,22,53,55,61,65,71,77,82,84" machi="77" ten="20,8000,1" yaku="1,1,0,1,7,1,9,1,52,1,53,0" doraHai="75" doraHaiUra="125" who="2" fromWho="2" sc="201,-20,250,-40,240,100,289,-20" /><INIT seed="2,0,0,5,4,0" ten="181,210,340,269" oya="2" hai0="13,94,27,24,23,81,74,63,86,78,80,128,135" hai1="117,132,55,60,125,113,97,91,96,28,134,20,111" hai2="57,108,68,103,106,51,26,4,34,120,65,77,56" hai3="99,118,127,70,52,9,1,45,53,110,42,30,11"/><V104/><F120/><W49/><G118/><T46/><D128/><U40/><E113/><V50/><F108/><W73/><G73/><T58/><D135/><N who="1" m="51755" /><E117/><V39/><F39/><W122/><G122/><T88/><D46/><U22/><E111/><V19/><F77/><W15/><G110/><T38/><D38/><U114/><E114/><V89/><F89/><W105/><G70/><T85/><D13/><U67/><E55/><V100/><F68/><W16/><G30/><T90/><REACH who="0" step="1"/><D23/><REACH who="0" ten="171,210,340,269" step="2"/><U54/><E20/><V43/><F34/><W47/><G47/><T79/><D79/><U116/><E40/><V121/><F43/><W37/><G37/><T98/><D98/><U8/><E116/><V84/><F121/><W61/><G1/><T92/><D92/><U130/><E97/><V62/><F106/><W87/><G105/><T7/><D7/><U109/><E109/><V126/><F4/><W115/><G99/><T66/><AGARI ba="0,1" hai="24,27,58,63,66,74,78,80,81,85,86,88,90,94" machi="66" ten="20,5200,0" yaku="1,1,0,1,7,1,54,1,53,0" doraHai="0" doraHaiUra="29" who="0" fromWho="0" sc="171,62,210,-13,340,-26,269,-13" /><INIT seed="3,0,0,4,5,28" ten="233,197,314,256" oya="3" hai0="118,43,22,124,81,115,70,86,93,90,4,49,97" hai1="30,54,68,16,32,14,76,106,128,109,98,131,103" hai2="21,112,7,125,44,104,105,89,135,64,107,56,63" hai3="40,46,94,69,113,15,75,80,71,95,47,11,110"/><W123/><G123/><T132/><D118/><U82/><E109/><V102/><F112/><W88/><G110/><T8/><D70/><U27/><E68/><V10/><F135/><W24/><G95/><T51/><D132/><U101/><E101/><V120/><F120/><W57/><G24/><T134/><D134/><U62/><E62/><V65/><F125/><W78/><G57/><T117/><D124/><U66/><E54/><V5/><F44/><W25/><G25/><T31/><D117/><U100/><E66/><V12/><F89/><W39/><G46/><T99/><D115/><U36/><E36/><V84/><F84/><W48/><G39/><T72/><D72/><U0/><E0/><V19/><F102/><W126/><G126/><T9/><D9/><U6/><E6/><V91/><F91/><W33/><G33/><T79/><D99/><U35/><E103/><V37/><F37/><W1/><G1/><T61/><D61/><U127/><E32/><V26/><F65/><W122/><G122/><T53/><D43/><U3/><E3/><V18/><AGARI ba="0,0" hai="5,7,10,12,18,19,21,26,56,63,64,104,105,107" machi="18" ten="30,1100,0" yaku="0,1" doraHai="28" who="2" fromWho="2" sc="233,-3,197,-3,314,11,256,-5" owari="230,-17.0,194,-30.6,325,42.5,251,5.1" /></mjloggm>