<mjloggm ver="2.3"><GO type="225" lobby="0"/><UN n0="%4E%49%4A%49%49%52%4F" n1="%E3%83%B4%E3%83%A0%EF%BC%99%E3%81%A6" n2="%72%69%6F%75%63%68%61%6E" n3="%E3%81%82%E3%81%99%E3%81%AB%E3%82%83%E3%82%80" dan="16,17,17,16" rate="2179.22,2172.73,2229.13,2081.48" sx="M,M,M,F"/><TAIKYOKU oya="0"/><INIT seed="0,0,0,2,5,105" ten="250,250,250,250" oya="0" hai0="92,115,12,111,103,44,121,125,62,100,49,72,29" hai1="16,7,117,87,46,13,77,0,52,41,102,76,101" hai2="81,1,42,74,45,34,31,134,25,60,135,110,98" hai3="51,83,56,126,82,9,4,113,3,108,54,133,21"/><T64/><D121/><U104/><E117/><V71/><F110/><W10/><G113/><T55/><D115/><U14/><E0/><V28/><F1/><W128/><G108/><T84/><D111/><U15/><E7/><V67/><F28/><W118/><G118/><T97/><D125/><U18/><E104/><V124/><F124/><W5/><G126/><T63/><D72/><U80/><E76/><N who="2" m="44183" /><F98/><W43/><G128/><T109/><D109/><U89/><E89/><V93/><F93/><W11/><G133/><N who="2" m="50697" /><F45/><W69/><G69/><T73/><D73/><U75/><E75/><V2/><F2/><W53/><G43/><AGARI ba="0,0" hai="25,31,34,42,43,60,67,71" m="50697,44183" machi="43" ten="30,2000,0" yaku="20,1,52,1" doraHai="105" who="2" fromWho="3" sc="250,0,250,0,250,20,250,-20" /><INIT seed="1,0,0,3,2,84" ten="250,250,270,230" oya="1" hai0="122,68,35,74,76,121,14,126,6,101,52,62,93" hai1="89,108,79,56,45,33,63,106,95,22,82,94,29" hai2="4,44,69,132,64,28,70,3,13,9,87,85,128" hai3="21,119,24,54,7,116,65,107,105,10,1,118,111"/><U32/><E106/><V115/><F128/><W17/><G111/><T50/><D35/><U18/><E108/><V109/><F109/><W49/><REACH who="3" step="1"/><G65/><REACH who="3" ten="250,250,270,220" step="2"/><T40/><D121/><U0/><E32/><V58/><F64/><W47/><AGARI ba="0,1" hai="1,7,10,17,21,24,47,49,54,105,107,116,118,119" machi="47" ten="30,8000,1" yaku="1,1,2,1,0,1,12,1,53,1" doraHai="84" doraHaiUra="34" who="3" fromWho="3" sc="250,-20,250,-40,270,-20,220,90" /><INIT seed="2,0,0,2,4,19" ten="230,210,250,310" oya="2" hai0="29,91,94,75,21,45,120,81,103,74,112,14,99" hai1="98,64,5,80,128,7,104,36,107,132,24,37,69" hai2="67,58,92,65,129,49,50,1,122,59,108,95,125" hai3="62,89,96,54,16,53,88,77,6,102,47,23,48"/><V109/><F1/><W43/><G6/><T93/><D120/><U35/><E80/><V87/><F122/><W4/><G4/><T121/><D121/><U26/><E128/><V52/><F129/><W25/><G77/><T46/><D112/><U133/><E64/><N who="2" m="24651" /><F125/><W39/><G54/><T114/><D114/><U41/><E98/><V68/><F87/><W110/><G110/><N who="2" m="42601" /><F68/><W60/><G60/><T130/><D130/><U85/><E85/><V17/><F17/><W66/><G39/><T51/><D81/><U33/><REACH who="1" step="1"/><E41/><REACH who="1" ten="230,200,250,310" step="2"/><V13/><F13/><W115/><G43/><T2/><D14/><U126/><E126/><V11/><F11/><W79/><G115/><T61/><D75/><U72/><E72/><V113/><F113/><W9/><G79/><T57/><D74/><U56/><E56/><N who="2" m="21547" /><F52/><W55/><G53/><N who="0" m="31935" /><D2/><U70/><AGARI ba="0,1" hai="5,7,24,26,33,35,36,37,69,70,104,107,132,133" machi="70" ten="25,6400,0" yaku="1,1,0,1,22,2,53,0" doraHai="19" doraHaiUra="106" who="1" fromWho="1" sc="230,-16,200,74,250,-32,310,-16" /><INIT seed="3,0,0,4,4,94" ten="214,274,218,294" oya="3" hai0="11,91,47,43,9,110,79,74,121,59,22,103,116" hai1="88,81,39,130,95,15,104,72,21,128,28,71,14" hai2="27,114,129,52,10,3,111,102,25,31,106,119,122" hai3="51,55,131,58,45,97,67,20,13,12,60,80,54"/><W30/><G131/><N who="1" m="50218" /><E104/><V113/><F129/><W36/><G36/><T126/><D121/><U17/><E71/><V105/><F119/><W19/><G97/><T57/><D116/><U41/><E28/><V23/><F122/><W75/><G30/><T83/><D126/><U89/><E14/><N who="3" m="5738" /><G75/><T73/><D73/><U5/><E5/><V68/><F111/><W93/><G93/><T38/><D110/><U35/><E35/><V63/><F27/><N who="3" m="14751" /><G80/><T29/><D103/><U99/><E72/><V100/><F102/><W92/><G92/><T112/><D112/><U48/><E39/><V125/><F125/><W107/><G107/><T133/><D133/><U96/><E81/><V86/><F106/><W69/><G69/><T85/><D9/><U132/><E132/><V123/><F123/><W56/><G56/><T34/><D11/><U115/><E115/><V8/><F8/><W134/><G134/><T127/><D127/><U46/><E96/><N who="2" m="61575" /><F68/><W26/><G26/><N who="0" m="16599" /><D34/><U117/><E117/><V64/><F114/><W108/><G108/><T84/><D74/><U4/><E4/><N who="2" m="1311" /><F113/><W120/><G120/><T70/><D70/><U32/><E32/><V135/><F135/><W6/><G6/><T49/><D38/><U90/><AGARI ba="0,0" hai="15,17,21,41,46,48,88,89,90,95,99" m="50218" machi="90" ten="30,4000,0" yaku="19,1,52,1,54,1" doraHai="94" who="1" fromWho="1" sc="214,-10,274,40,218,-10,294,-20" owari="204,-29.6,314,41.4,208,-19.2,274,7.4" /></mjloggm>