<mjloggm ver="2.3"><GO type="225" lobby="0"/><UN n0="%72%61%6B%33" n1="%E3%81%BF%E3%81%BF%E3%81%9A" n2="%E3%81%8B%E3%82%8F%E3%81%A1%E3%82%83%E3%82%93%35%38" n3="%6D%75%75%6D%75%72%61" dan="16,16,17,16" rate="2150.96,2133.94,2133.72,2122.59" sx="M,M,M,F"/><TAIKYOKU oya="0"/><INIT seed="0,0,0,5,0,22" ten="250,250,250,250" oya="0" hai0="30,134,107,113,115,72,130,96,104,73,19,93,26" hai1="94,42,51,133,25,5,78,21,103,127,135,41,24" hai2="52,6,97,112,120,126,46,85,71,132,89,62,59" hai3="69,100,60,110,64,91,74,53,28,13,70,32,4"/><T63/><D130/><U7/><E78/><V27/><F112/><W17/><G74/><T15/><D134/><N who="1" m="51211" /><E127/><V82/><F132/><W58/><G110/><T86/><D86/><U95/><E21/><V2/><F120/><W29/><G4/><N who="1" m="1610" /><E51/><V106/><F126/><W66/><G100/><T118/><D118/><U14/><E14/><V111/><F111/><W54/><G32/><T37/><D37/><U79/><E79/><V9/><F71/><W44/><G70/><T84/><D84/><U1/><E1/><V87/><F106/><W20/><G69/><T33/><D72/><U68/><E68/><V23/><F46/><W102/><G102/><T131/><D73/><U11/><E11/><V16/><REACH who="2" step="1"/><F82/><REACH who="2" ten="250,250,240,250" step="2"/><W114/><G114/><T39/><D115/><U108/><E108/><V129/><F129/><W123/><G123/><T116/><D131/><U90/><E95/><AGARI ba="0,1" hai="2,6,9,16,23,27,52,59,62,85,87,89,95,97" machi="95" ten="40,12000,2" yaku="1,1,25,2,52,1,54,2,53,0" doraHai="22" doraHaiUra="36" who="2" fromWho="1" sc="250,0,250,-120,240,130,250,0" /><INIT seed="1,0,0,4,5,92" ten="250,130,370,250" oya="1" hai0="127,49,31,48,20,96,88,45,75,56,128,105,68" hai1="11,76,51,119,74,18,60,53,40,124,133,85,122" hai2="14,26,33,89,108,91,118,77,5,107,95,38,62" hai3="113,115,98,64,2,69,43,73,67,121,126,72,13"/><U50/><E119/><V25/><F107/><W42/><G2/><T12/><D68/><U129/><E122/><V110/><F118/><W46/><G121/><T71/><D71/><U65/><E129/><V116/><F116/><W66/><G126/><T81/><D127/><U22/><E124/><V6/><F38/><W29/><G69/><T114/><D114/><U104/><E104/><V80/><F62/><W117/><G117/><T3/><D3/><U120/><E120/><V106/><F106/><W87/><G87/><T10/><D75/><U9/><E74/><N who="2" m="43063" /><F89/><W99/><G67/><T36/><D36/><U82/><E133/><V97/><F14/><W90/><G90/><T0/><D0/><U84/><E84/><V41/><F41/><W32/><G13/><T21/><D31/><U94/><E40/><V19/><F19/><W125/><G125/><T86/><D128/><U47/><E51/><V54/><F54/><W109/><G29/><T130/><D130/><U70/><REACH who="1" step="1"/><E94/><REACH who="1" ten="250,120,370,250" step="2"/><V23/><F95/><W63/><G113/><T35/><D49/><U27/><AGARI ba="0,1" hai="9,11,18,22,27,47,50,53,60,65,70,76,82,85" machi="27" ten="20,7800,0" yaku="1,1,2,1,0,1,7,1,53,0" doraHai="92" doraHaiUra="1" who="1" fromWho="1" sc="250,-26,120,88,370,-26,250,-26" /><INIT seed="1,1,0,2,2,51" ten="224,208,344,224" oya="1" hai0="24,121,94,76,93,128,78,80,13,43,53,64,25" hai1="134,37,28,30,48,62,6,50,81,21,103,32,96" hai2="100,79,71,5,15,124,119,0,26,22,60,4,14" hai3="52,106,40,17,130,112,58,122,70,2,91,38,86"/><U69/><E37/><V3/><F100/><W109/><G122/><T61/><D121/><U10/><E134/><V105/><F79/><W12/><G112/><T125/><D128/><U41/><E21/><V46/><F105/><W116/><G130/><T133/><D125/><U113/><E113/><V75/><F75/><W89/><G106/><T55/><D43/><U127/><E81/><V57/><F71/><W131/><G131/><T9/><D133/><U77/><E77/><V72/><F72/><W66/><G2/><T98/><D24/><U117/><E117/><V27/><F46/><W18/><G116/><T135/><D25/><N who="1" m="18447" /><E30/><V120/><F22/><W115/><G115/><T67/><D94/><U99/><E99/><V101/><F119/><W87/><G109/><T123/><D123/><U39/><E41/><V7/><F27/><W56/><G70/><T36/><D36/><U68/><E68/><V45/><F26/><W11/><G40/><T20/><D20/><U132/><E39/><V110/><F110/><W118/><G18/><T23/><D23/><U42/><E42/><V111/><F111/><W74/><G74/><T92/><D92/><N who="1" m="58759" /><E132/><V82/><F120/><W63/><G38/><T126/><D126/><U31/><E31/><V34/><F124/><W84/><G118/><T97/><D135/><U129/><E129/><V19/><F34/><W95/><G89/><N who="0" m="55471" /><D98/><U108/><E108/><V104/><F104/><W44/><G44/><T8/><D78/><U54/><E127/><V59/><F45/><W33/><G33/><T88/><D76/><U65/><E69/><RYUUKYOKU ba="1,0" sc="224,-10,208,-10,344,-10,224,30" hai3="11,12,17,52,56,58,63,66,84,86,87,91,95" /><INIT seed="2,2,0,0,4,78" ten="214,198,334,254" oya="2" hai0="60,89,47,100,80,24,99,13,5,59,95,84,30" hai1="12,15,132,105,83,117,55,38,69,28,1,72,63" hai2="64,111,120,41,9,122,121,76,123,131,101,46,73" hai3="119,34,62,133,18,104,77,32,103,42,35,49,93"/><V90/><F122/><W23/><G119/><T92/><D47/><U39/><E1/><V130/><F111/><W114/><G133/><T22/><D13/><U110/><E117/><V27/><F90/><W21/><G104/><T54/><REACH who="0" step="1"/><D5/><REACH who="0" ten="204,198,334,254" step="2"/><U108/><E12/><V116/><F46/><W109/><G109/><T2/><D2/><U96/><E15/><V87/><F121/><W125/><G114/><T65/><D65/><N who="1" m="41151" /><E132/><V19/><F64/><W33/><G125/><T124/><D124/><U97/><E110/><V36/><F123/><W86/><G42/><T74/><D74/><U44/><E108/><V53/><F41/><W88/><G32/><T56/><D56/><U135/><E135/><V118/><F120/><W113/><G33/><T66/><D66/><U67/><E67/><V40/><F40/><W68/><G34/><T43/><D43/><N who="1" m="22647" /><E39/><V81/><F36/><W71/><G35/><T75/><D75/><U57/><E105/><AGARI ba="2,1" hai="22,24,30,54,59,60,80,84,89,92,95,99,100,105" machi="105" ten="30,3900,0" yaku="1,1,7,1,52,1,53,0" doraHai="78" doraHaiUra="8" who="0" fromWho="1" sc="204,55,198,-45,334,0,254,0" /><INIT seed="3,0,0,4,3,23" ten="259,153,334,254" oya="3" hai0="42,96,47,108,48,133,110,14,21,92,50,2,52" hai1="82,135,127,10,38,24,102,73,31,79,12,37,75" hai2="112,54,70,22,55,115,77,0,130,124,117,3,6" hai3="35,105,81,97,33,129,49,132,17,93,91,106,62"/><W74/><G129/><T83/><D2/><U45/><E127/><V94/><F70/><W88/><G132/><T26/><D133/><U57/><E135/><V65/><F65/><W87/><G74/><T72/><D14/><U43/><E102/><V113/><F77/><W7/><G7/><T19/><D72/><U67/><E75/><V122/><F117/><W80/><G62/><T63/><D83/><U114/><E114/><V34/><F34/><W103/><G80/><T85/><D85/><U84/><E73/><V30/><F6/><W32/><G103/><T71/><D71/><U61/><E37/><V78/><F78/><W51/><REACH who="3" step="1"/><G17/><REACH who="3" ten="259,153,334,244" step="2"/><T116/><D116/><U128/><E128/><V15/><F130/><W90/><G90/><N who="0" m="55319" /><D50/><AGARI ba="0,1" hai="32,33,35,49,50,51,81,87,88,91,93,97,105,106" machi="50" ten="40,3900,0" yaku="1,1,54,1,53,0" doraHai="23" doraHaiUra="25" who="3" fromWho="0" sc="259,-39,153,0,334,0,244,49" /><INIT seed="3,1,0,4,2,1" ten="220,153,334,293" oya="3" hai0="33,128,91,2,130,116,39,106,112,5,59,56,49" hai1="43,121,90,9,79,41,103,22,68,15,104,23,55" hai2="51,89,37,78,77,123,0,25,129,6,109,126,135" hai3="83,66,54,46,47,69,7,100,67,132,63,74,13"/><W57/><G132/><T44/><D116/><U62/><E121/><V102/><F37/><W94/><G74/><T124/><D33/><U73/><E104/><V11/><F102/><W81/><G69/><T58/><D39/><U70/><E103/><V125/><F135/><W38/><G38/><T48/><D106/><U30/><E70/><V108/><F123/><W92/><G47/><T21/><D124/><N who="2" m="47722" /><F129/><W113/><G113/><T82/><D112/><U61/><E68/><V107/><F107/><W60/><G60/><T84/><D21/><U72/><E73/><V29/><F89/><W76/><G76/><N who="2" m="29289" /><F51/><N who="3" m="29047" /><G67/><T8/><D44/><U16/><E90/><V114/><F114/><W105/><G105/><T95/><D82/><N who="3" m="31241" /><G100/><T45/><REACH who="0" step="1"/><D48/><REACH who="0" ten="210,153,334,293" step="2"/><U87/><E72/><V52/><F109/><W32/><G32/><T4/><D4/><N who="1" m="3495" /><E79/><V122/><F108/><W20/><G20/><T118/><D118/><U111/><E111/><V24/><F122/><W85/><G94/><T88/><D88/><U26/><E87/><V50/><F50/><W42/><G92/><T133/><D133/><U40/><E55/><AGARI ba="1,1" hai="2,5,8,45,49,55,56,58,59,84,91,95,128,130" machi="55" ten="40,2600,0" yaku="1,1,52,1,53,0" doraHai="1" doraHaiUra="71" who="0" fromWho="1" sc="210,39,153,-29,334,0,293,0" owari="249,-15.1,124,-37.6,334,43.4,293,9.3" /></mjloggm>