<mjloggm ver="2.3"><GO type="225" lobby="0"/><UN n0="%E5%AF%82%E5%AF%9E%E3%82%AE%E3%83%8D%E3%82%B9%E3%83%93%E3%83%BC%E3%83%AB" n1="%E8%81%B7%E6%A5%AD%E3%80%81%E9%A2%A8%32" n2="%E7%AD%89%E3%80%85%E5%8A%9B%E5%8A%87%E5%A0%B4" n3="%6D%75%75%6D%75%72%61" dan="16,16,16,16" rate="2111.88,2157.71,2143.06,2150.32" sx="M,M,M,F"/><TAIKYOKU oya="0"/><INIT seed="0,0,0,5,1,45" ten="250,250,250,250" oya="0" hai0="78,81,114,30,121,59,36,21,56,33,7,74,100" hai1="66,1,83,27,107,130,23,31,95,67,51,14,38" hai2="13,48,117,116,103,20,92,49,11,91,58,111,128" hai3="125,80,106,64,118,50,8,5,90,109,47,34,87"/><T4/><D114/><U79/><E107/><V2/><F2/><W10/><G109/><T98/><D121/><U124/><E38/><V46/><F111/><W63/><G118/><N who="2" m="45673" /><F128/><W101/><G125/><T99/><D33/><U42/><E1/><V75/><F75/><W94/><G34/><T120/><D36/><U16/><E130/><V29/><F103/><W52/><G106/><T134/><D134/><U86/><E124/><V89/><F58/><W110/><G110/><T24/><D99/><U85/><E85/><V26/><F46/><W105/><G105/><T72/><D72/><U60/><E95/><V123/><F123/><W129/><G129/><T53/><D59/><U35/><REACH who="1" step="1"/><E60/><REACH who="1" ten="250,240,250,250" step="2"/><V108/><F108/><W55/><G94/><T112/><D120/><U97/><E97/><N who="2" m="57487" /><F91/><W82/><G101/><T61/><D112/><U133/><E133/><V54/><F54/><W12/><G55/><T115/><D115/><U0/><E0/><V122/><F122/><W41/><G82/><T37/><D37/><U57/><E57/><V102/><F102/><W119/><G119/><T93/><AGARI ba="0,1" hai="4,7,21,24,30,53,56,61,74,78,81,93,98,100" machi="93" ten="20,2100,0" yaku="0,1,7,1" doraHai="45" who="0" fromWho="0" sc="250,31,240,-7,250,-7,250,-7" /><INIT seed="0,1,0,3,2,21" ten="281,233,243,243" oya="0" hai0="69,128,41,24,123,130,82,4,135,3,11,27,116" hai1="94,18,81,96,14,64,59,129,20,58,91,79,33" hai2="72,60,16,19,132,46,121,37,54,122,0,30,47" hai3="127,97,93,2,70,108,42,10,65,12,40,13,86"/><T38/><D123/><U71/><E33/><V120/><F72/><W57/><G108/><T61/><D116/><U25/><E129/><N who="0" m="49769" /><D135/><U114/><E114/><V104/><F104/><W52/><G127/><T105/><D105/><U56/><E71/><V39/><F0/><W17/><G2/><T28/><D28/><U73/><REACH who="1" step="1"/><E14/><REACH who="1" ten="281,223,243,243" step="2"/><V99/><F121/><W22/><G70/><T101/><D101/><U85/><E85/><V119/><F122/><W80/><G13/><T110/><D110/><U53/><E53/><V111/><F54/><W45/><G65/><AGARI ba="1,1" hai="18,20,25,56,58,59,64,65,73,79,81,91,94,96" machi="65" ten="40,2600,0" yaku="1,1,52,1,53,0" doraHai="21" doraHaiUra="50" who="1" fromWho="3" sc="281,0,223,39,243,0,243,-29" /><INIT seed="1,0,0,5,1,43" ten="281,262,243,214" oya="1" hai0="31,74,79,116,84,90,81,55,37,56,44,41,38" hai1="1,14,22,26,82,103,9,119,117,95,110,13,28" hai2="49,62,132,27,71,50,91,133,65,114,6,58,78" hai3="85,7,100,77,89,102,10,66,120,99,40,0,25"/><U88/><E110/><V48/><F78/><W126/><G120/><T113/><D113/><U107/><E1/><V129/><F6/><W54/><G126/><T60/><D116/><U12/><E9/><V109/><F91/><W70/><G77/><T134/><D134/><N who="2" m="51818" /><F27/><W19/><G40/><T24/><D37/><U29/><E29/><V135/><F135/><W20/><G54/><T21/><REACH who="0" step="1"/><D90/><REACH who="0" ten="271,262,243,214" step="2"/><U131/><E117/><V112/><F109/><W61/><REACH who="3" step="1"/><G99/><REACH who="3" ten="271,262,243,204" step="2"/><T115/><D115/><N who="2" m="44074" /><F129/><W124/><G124/><T47/><D47/><U23/><E131/><V69/><AGARI ba="0,2" hai="48,49,50,58,62,65,69,71" m="44074,51818" machi="69" ten="40,8000,1" yaku="20,1,11,1,34,2" doraHai="43" who="2" fromWho="2" sc="271,-20,262,-40,243,100,204,-20" /><INIT seed="2,0,0,2,4,126" ten="251,222,343,184" oya="2" hai0="92,20,94,36,111,79,87,65,31,93,4,51,56" hai1="60,90,62,122,47,41,85,72,57,50,124,63,30" hai2="83,117,61,28,0,29,119,37,9,84,109,35,27" hai3="123,49,14,7,128,95,48,5,3,81,59,101,132"/><V88/><F37/><W98/><G123/><T77/><D36/><U113/><E72/><V12/><F0/><W125/><G132/><T131/><D131/><U22/><E122/><V40/><F40/><W121/><G125/><T54/><D111/><U69/><E69/><V108/><F29/><W82/><G121/><T112/><D112/><U15/><E113/><V71/><F61/><W89/><G3/><T10/><D65/><U42/><E42/><V86/><F71/><W13/><G128/><T107/><D107/><U1/><E1/><V6/><REACH who="2" step="1"/><F86/><REACH who="2" ten="251,222,333,184" step="2"/><W26/><G48/><T43/><D43/><U74/><E124/><V52/><F52/><W64/><G49/><T55/><D54/><N who="1" m="33847" /><E30/><V33/><F33/><W106/><G64/><T115/><D115/><U68/><E68/><V120/><F120/><W46/><G59/><T80/><D31/><U24/><E62/><V11/><F11/><W129/><G129/><T114/><D114/><U17/><E63/><V44/><F44/><W39/><G46/><T25/><D51/><U110/><E50/><V100/><F100/><W102/><G39/><T18/><D55/><U2/><E2/><V104/><F104/><W67/><G67/><T134/><D56/><U8/><E47/><V66/><F66/><W135/><G106/><T23/><D23/><U70/><E70/><V97/><F97/><W78/><G102/><T53/><D53/><U116/><E41/><V103/><F103/><W76/><G101/><T73/><D20/><U34/><E22/><V58/><F58/><W21/><G21/><N who="0" m="13495" /><D10/><U91/><E8/><RYUUKYOKU ba="0,1" sc="251,-10,222,-10,333,30,184,-10" hai2="6,9,12,27,28,35,83,84,88,108,109,117,119" /><INIT seed="2,1,1,3,0,74" ten="241,212,363,174" oya="2" hai0="113,63,37,83,57,120,6,68,8,135,32,104,44" hai1="111,134,105,2,87,79,114,61,89,129,75,121,91" hai2="131,52,127,88,11,24,85,90,77,62,106,116,96" hai3="47,10,16,49,112,128,53,18,107,0,117,28,99"/><V65/><F116/><W7/><G117/><T119/><D119/><U69/><RYUUKYOKU type="yao9" ba="1,1" sc="241,0,212,0,363,0,174,0" hai1="2,61,69,75,79,87,89,91,105,111,114,121,129,134" /><INIT seed="2,2,1,5,5,26" ten="241,212,363,174" oya="2" hai0="82,114,9,131,85,71,4,99,89,105,20,11,65" hai1="22,8,130,75,116,39,33,34,124,103,113,133,24" hai2="127,122,91,18,76,128,74,110,129,83,41,57,27" hai3="94,90,95,59,134,50,97,7,68,10,15,102,30"/><V2/><F122/><W1/><G134/><T32/><D114/><U80/><E39/><V60/><F2/><W48/><G68/><T108/><D32/><U98/><E113/><V23/><F127/><W120/><G120/><T12/><D108/><U36/><E116/><V56/><F41/><W88/><G1/><T64/><D131/><U47/><E130/><N who="2" m="50283" /><F110/><W101/><G30/><T121/><D71/><U5/><E124/><V61/><F91/><W67/><G67/><T100/><D121/><U109/><E109/><V25/><F57/><W16/><G7/><T0/><D20/><U112/><E133/><V81/><F83/><W46/><G59/><T118/><D118/><U86/><E112/><V78/><F76/><W29/><G29/><T63/><D63/><U43/><E75/><V104/><F104/><W123/><G123/><T84/><D84/><U87/><E80/><V49/><F27/><W62/><G62/><T6/><AGARI ba="2,1" hai="0,4,6,9,11,12,64,65,82,85,89,99,100,105" machi="6" ten="20,1500,0" yaku="0,1,7,1" doraHai="26" who="0" fromWho="0" sc="241,31,212,-6,363,-9,174,-6" /><INIT seed="3,0,0,3,1,12" ten="272,206,354,168" oya="3" hai0="127,92,47,102,112,39,95,4,7,22,5,67,79" hai1="125,105,81,114,104,6,85,18,50,128,96,77,63" hai2="76,58,41,73,115,30,56,93,62,37,98,45,48" hai3="113,1,111,11,57,72,0,19,91,118,69,84,75"/><W103/><G113/><T116/><D116/><U108/><E114/><V106/><F106/><W133/><G69/><T3/><D112/><U68/><E6/><V26/><F115/><W21/><G118/><T27/><D67/><U88/><E125/><V110/><F110/><W9/><G133/><T119/><D119/><U40/><E108/><V89/><F37/><W25/><G111/><T32/><D32/><U82/><E128/><V8/><F73/><W2/><G103/><T53/><D79/><U107/><E68/><V49/><F76/><W80/><REACH who="3" step="1"/><G57/><REACH who="3" ten="272,206,354,158" step="2"/><T100/><D102/><U121/><E121/><V94/><F58/><W17/><G17/><T86/><D100/><U59/><E18/><V38/><F56/><W117/><G117/><T124/><D124/><U16/><E16/><V120/><F120/><W42/><G42/><T83/><D127/><U28/><E40/><V64/><F41/><W33/><G33/><T126/><D126/><U14/><E63/><V135/><F62/><W35/><G35/><T55/><D4/><U109/><E109/><V10/><F135/><W130/><G130/><T71/><D71/><U23/><E59/><V15/><F30/><W90/><G90/><T54/><D7/><U74/><E28/><V131/><F89/><W43/><G43/><N who="0" m="23039" /><D5/><U24/><E50/><V123/><F48/><W29/><G29/><N who="0" m="17655" /><D3/><U101/><E24/><V51/><F26/><W132/><G132/><T70/><D70/><U34/><E34/><V134/><F134/><W66/><G66/><T122/><D122/><U78/><E88/><V99/><F123/><RYUUKYOKU ba="0,1" sc="272,10,206,10,354,-30,158,10" hai0="53,54,55,83,86,92,95" hai1="14,23,74,77,78,81,82,85,96,101,104,105,107" hai3="0,1,2,9,11,19,21,25,72,75,80,84,91" /><INIT seed="3,1,1,4,3,13" ten="282,216,324,168" oya="3" hai0="31,122,73,67,127,90,99,98,69,123,44,101,54" hai1="18,32,111,7,30,9,82,78,92,80,48,79,6" hai2="105,17,85,71,53,125,109,81,96,11,59,50,84" hai3="61,112,134,63,60,114,55,107,89,94,56,47,40"/><W131/><G107/><T118/><D73/><U97/><E111/><V52/><F71/><W37/><G131/><T57/><D118/><U5/><E32/><V87/><F109/><W35/><G35/><T16/><D31/><U100/><E30/><V24/><F125/><W130/><G130/><T72/><D72/><U108/><E108/><V135/><F135/><W58/><G134/><T64/><D44/><U33/><E33/><V132/><F132/><W38/><G38/><T29/><D29/><U95/><E95/><V83/><F105/><W21/><G21/><T129/><D129/><U45/><E79/><V25/><F96/><W120/><G120/><T20/><D69/><U115/><E115/><V103/><F103/><W51/><REACH who="3" step="1"/><G56/><REACH who="3" ten="282,216,324,158" step="2"/><T102/><D123/><U4/><N who="1" m="1024" /><DORA hai="66" /><U42/><E78/><V43/><F59/><W65/><G65/><T3/><D67/><U76/><E76/><V86/><F83/><W133/><G133/><T1/><D57/><U0/><E82/><V117/><F81/><W26/><G26/><T39/><D64/><U2/><REACH who="1" step="1"/><E80/><REACH who="1" ten="282,206,324,158" step="2"/><V124/><F117/><W77/><G77/><T46/><D122/><U106/><E106/><V91/><F124/><W22/><G22/><T12/><D20/><U128/><E128/><V19/><F11/><W27/><G27/><T15/><D127/><U36/><E36/><V68/><F25/><W110/><G110/><T93/><D39/><U88/><E88/><V62/><F91/><W14/><G14/><AGARI ba="1,3" hai="0,2,9,14,18,42,45,48,92,97,100" m="1024" machi="14" ten="50,6400,0" yaku="1,1,52,1,53,1" doraHai="13,66" doraHaiUra="10,23" who="1" fromWho="3" sc="282,0,206,97,324,0,158,-67" owari="282,-11.8,303,10.3,324,42.4,91,-40.9" /></mjloggm>