<mjloggm ver="2.3"><GO type="225" lobby="0"/><UN n0="%E3%81%B2%E3%81%BE%E3%81%A4%E3%81%B6%E3%81%97" n1="%E7%99%BD%E6%97%A5%E9%9B%AA%E8%8F%9C" n2="%E3%82%A2%E3%82%A4%E3%82%B9%E3%83%86%E3%82%A3%E3%83%BC%E3%81%82%E3%81%B9" n3="%E3%82%BF%E3%83%BC%E3%83%90%E3%83%B3%E9%87%8E%E5%8F%A3" dan="16,16,16,16" rate="2168.81,2175.80,2106.94,2124.28" sx="M,M,M,M"/><TAIKYOKU oya="0"/><INIT seed="0,0,0,1,5,90" ten="250,250,250,250" oya="0" hai0="13,87,18,14,101,116,60,15,36,31,55,76,133" hai1="39,30,40,65,19,35,82,103,104,34,79,88,49" hai2="75,52,112,4,105,53,109,108,7,98,114,9,8" hai3="97,118,27,135,106,92,43,85,127,10,37,67,58"/><T111/><D116/><U5/><E39/><V89/><F75/><W48/><G118/><T3/><D36/><U86/><E5/><N who="2" m="2123" /><F89/><W41/><G135/><T129/><D3/><U99/><E65/><V120/><F98/><W62/><G127/><T115/><D115/><N who="2" m="44074" /><F105/><W33/><G10/><N who="2" m="4201" /><F120/><W63/><G37/><T44/><D101/><U0/><E0/><V81/><F81/><W124/><G124/><T23/><D87/><U50/><E82/><V73/><F73/><W57/><G106/><T95/><D76/><U56/><E79/><V113/><F113/><W130/><G48/><T47/><D60/><U80/><E50/><V25/><F25/><W54/><G85/><T117/><D47/><U66/><E86/><V12/><F12/><W1/><G1/><T42/><D13/><U128/><E80/><V24/><F24/><W16/><G130/><T110/><D14/><U28/><E128/><V119/><F119/><W26/><G26/><T91/><D129/><U126/><E104/><V100/><F100/><W22/><REACH who="3" step="1"/><G33/><REACH who="3" ten="250,250,250,240" step="2"/><T123/><D117/><U45/><E35/><V11/><F11/><W29/><G29/><T132/><D15/><U46/><E34/><V71/><F71/><W21/><G21/><T96/><D23/><U38/><E30/><V102/><F102/><AGARI ba="0,1" hai="16,22,27,41,43,54,57,58,62,63,67,92,97,102" machi="102" ten="30,8000,1" yaku="1,1,7,1,8,1,52,1,54,1,53,0" doraHai="90" doraHaiUra="6" who="3" fromWho="2" sc="250,0,250,0,250,-80,240,90" /><INIT seed="1,0,0,5,5,97" ten="250,250,170,330" oya="1" hai0="51,106,39,108,121,9,81,116,118,21,113,49,127" hai1="110,44,25,47,91,56,89,13,133,48,131,11,3" hai2="102,107,104,32,109,93,123,120,58,122,59,55,45" hai3="100,33,54,62,126,85,36,61,111,68,35,19,67"/><U7/><E7/><V63/><BYE who="1" /><F32/><W28/><G36/><T101/><D113/><U16/><E16/><V64/><F109/><UN n1="%E7%99%BD%E6%97%A5%E9%9B%AA%E8%8F%9C" /><W95/><G111/><T132/><D108/><U22/><E3/><V34/><F34/><W71/><G126/><T15/><D127/><U38/><E110/><V70/><F45/><N who="1" m="17481" /><E38/><V52/><F70/><W105/><G19/><T84/><D39/><U8/><E133/><V43/><F43/><W1/><G1/><T41/><D132/><U96/><E131/><V17/><F17/><W76/><G76/><T124/><D124/><U53/><E13/><V74/><F74/><W78/><G78/><T125/><D125/><U128/><E128/><V82/><F82/><W119/><G119/><T129/><D129/><U80/><E96/><V6/><F6/><W115/><G115/><T94/><D106/><U65/><E65/><V83/><F83/><W2/><G2/><T29/><D121/><U92/><E80/><V14/><F14/><W40/><G105/><T46/><D51/><U66/><E66/><V27/><F27/><N who="3" m="18591" /><G35/><T90/><D21/><U12/><E12/><V112/><F112/><W117/><G117/><T26/><D26/><U98/><E91/><V31/><F31/><W57/><G40/><T87/><D29/><N who="1" m="17591" /><E11/><V103/><F93/><W30/><G30/><T75/><D75/><U134/><E8/><V50/><REACH who="2" step="1"/><F64/><REACH who="2" ten="250,250,160,330" step="2"/><W0/><G0/><T86/><D116/><U73/><E134/><V77/><F77/><W99/><G71/><T88/><D118/><U23/><E73/><V42/><F42/><W18/><G18/><RYUUKYOKU ba="0,1" sc="250,-30,250,10,160,10,330,10" hai1="23,48,53,56,89,92,98" hai2="50,52,55,58,59,63,102,103,104,107,120,122,123" hai3="54,57,61,62,67,68,85,95,99,100" /><INIT seed="1,1,1,4,0,118" ten="220,260,170,340" oya="1" hai0="69,90,24,133,76,120,55,37,51,107,42,46,39" hai1="11,40,49,20,56,98,19,72,47,16,41,132,13" hai2="33,45,77,57,9,22,68,63,60,4,79,91,18" hai3="62,81,8,87,30,97,28,123,85,23,58,109,108"/><U54/><E72/><V117/><F33/><W25/><G123/><T92/><D107/><U48/><E132/><V128/><F117/><W119/><G119/><T131/><D133/><U115/><E115/><V5/><F128/><W34/><G97/><T44/><D131/><U129/><E129/><V32/><F32/><W38/><G38/><T67/><D76/><N who="2" m="29258" /><F68/><W99/><G99/><T75/><D75/><U6/><E98/><V96/><F45/><W104/><G104/><T61/><D24/><U31/><E31/><V124/><F9/><W27/><G8/><T10/><D10/><U83/><E83/><V12/><F124/><W36/><G36/><N who="0" m="13899" /><D90/><U21/><REACH who="1" step="1"/><E41/><REACH who="1" ten="220,250,170,340" step="2"/><V94/><F63/><W29/><G28/><T110/><D92/><U64/><E64/><AGARI ba="1,2" hai="4,5,12,18,22,57,60,64,91,94,96" m="29258" machi="64" ten="30,1000,0" yaku="8,1" doraHai="118" who="2" fromWho="1" sc="220,0,250,-13,170,33,340,0" /><INIT seed="2,0,0,4,1,40" ten="220,237,203,340" oya="2" hai0="3,70,47,82,113,23,85,66,11,98,56,64,84" hai1="69,71,68,75,17,73,62,97,111,28,9,79,102" hai2="10,134,16,132,93,86,30,104,60,124,67,96,27" hai3="32,128,131,119,35,80,72,109,87,18,117,135,29"/><V52/><F124/><W101/><G109/><T7/><D113/><U46/><E111/><V1/><F104/><W83/><G135/><N who="2" m="51753" /><F86/><W15/><G101/><T24/><D70/><U39/><E28/><V110/><F110/><W100/><G100/><T122/><D122/><U106/><E62/><V44/><F1/><W107/><G107/><T53/><D98/><U103/><E103/><N who="2" m="60815" /><F10/><N who="3" m="6519" /><G29/><T105/><D105/><U59/><E79/><V38/><F38/><W57/><G57/><T2/><D2/><U55/><E59/><N who="2" m="37279" /><F30/><W116/><G72/><T21/><D85/><U115/><E115/><V45/><F52/><W91/><G80/><T34/><D34/><U118/><E55/><V77/><F77/><W127/><G127/><T94/><D94/><U114/><E114/><V89/><F89/><W61/><G61/><T6/><D11/><U14/><E118/><V49/><F49/><W8/><G8/><T37/><D3/><U108/><E108/><V123/><F123/><W42/><G42/><T5/><D37/><U78/><E78/><V126/><F126/><W95/><G83/><T121/><D121/><U99/><E99/><V130/><F130/><AGARI ba="0,0" hai="32,35,87,91,95,116,117,119,128,130,131" m="6519" machi="130" ten="40,1300,0" yaku="19,1" doraHai="40" who="3" fromWho="2" sc="220,0,237,0,203,-13,340,13" /><INIT seed="3,0,0,0,1,21" ten="220,237,190,353" oya="3" hai0="80,45,37,12,81,20,51,0,125,63,18,26,88" hai1="15,92,56,19,123,40,41,42,127,34,17,10,131" hai2="54,91,133,116,111,60,109,121,108,38,79,118,36" hai3="57,77,84,130,5,68,96,64,124,101,13,112,61"/><W102/><G112/><T49/><D125/><U53/><E123/><V22/><F79/><W31/><G102/><T119/><D0/><U39/><E34/><V104/><F104/><W27/><G130/><T78/><D119/><U65/><E131/><V113/><F133/><W117/><G117/><N who="2" m="45161" /><F91/><W55/><G124/><T87/><D37/><N who="2" m="14442" /><F22/><W71/><G64/><T16/><D63/><N who="1" m="38119" /><E39/><V62/><F121/><W48/><G61/><N who="2" m="23657" /><F54/><W70/><G84/><N who="0" m="50183" /><D45/><U93/><E53/><V90/><F90/><W89/><G89/><T72/><D72/><U32/><E127/><V9/><F9/><AGARI ba="0,0" hai="9,12,16,18,20,26,49,51,78,81,87" m="50183" machi="9" ten="30,7700,0" yaku="8,1,52,1,54,2" doraHai="21" who="0" fromWho="2" sc="220,77,237,0,190,-77,353,0" owari="297,9.7,237,-16.3,113,-38.7,353,45.3" /></mjloggm>