<mjloggm ver="2.3"><GO type="225" lobby="0"/><UN n0="%4B%2E%32%2E%4B%2E" n1="%E3%81%93%E3%81%8F%E3%82%89%E3%82%AB%E3%83%90%E8%94%B5" n2="%E6%A1%9C%E8%8A%B1%E9%96%83%E3%80%85" n3="%72%69%6F%75%63%68%61%6E" dan="17,16,17,16" rate="2198.77,2080.34,2214.88,2210.14" sx="M,M,M,M"/><TAIKYOKU oya="0"/><INIT seed="0,0,0,3,0,18" ten="250,250,250,250" oya="0" hai0="23,27,0,109,125,53,40,94,1,90,92,116,78" hai1="74,25,30,11,15,67,69,5,89,103,134,115,21" hai2="96,64,14,84,101,16,8,81,93,114,75,2,87" hai3="29,58,71,3,126,51,33,122,47,112,17,12,99"/><T32/><D116/><U36/><E36/><V76/><F114/><W26/><G126/><T37/><D32/><U135/><E74/><V70/><REACH who="2" step="1"/><F2/><REACH who="2" ten="250,250,240,250" step="2"/><W20/><G112/><T85/><D0/><U4/><E115/><V19/><F19/><W56/><G3/><T121/><D1/><U127/><E127/><V108/><F108/><W79/><G122/><T63/><D125/><U106/><E4/><V35/><F35/><W131/><G131/><T41/><D121/><U42/><E134/><V97/><F97/><W31/><G31/><T123/><D123/><U10/><E135/><V100/><F100/><W128/><G128/><T62/><D109/><U34/><E103/><V45/><F45/><W95/><G71/><T133/><D133/><U22/><E69/><V86/><F86/><W83/><G99/><T6/><D6/><U105/><E34/><V113/><F113/><W77/><G33/><T46/><D78/><U49/><E5/><V61/><AGARI ba="0,1" hai="8,14,16,61,64,70,75,76,81,84,87,93,96,101" machi="61" ten="30,4000,0" yaku="1,1,0,1,54,1,53,0" doraHai="18" doraHaiUra="39" who="2" fromWho="2" sc="250,-20,250,-10,240,50,250,-10" /><INIT seed="1,0,0,1,4,52" ten="230,240,290,240" oya="1" hai0="111,70,3,53,105,59,11,75,131,43,47,46,48" hai1="60,114,84,9,27,4,81,12,119,116,74,115,96" hai2="65,89,20,79,76,109,50,68,90,108,5,106,61" hai3="101,128,102,85,78,14,130,121,135,103,86,92,18"/><U13/><E74/><V91/><F106/><W80/><G121/><T40/><D105/><U28/><E96/><V134/><F134/><W66/><G66/><T17/><D75/><U39/><E60/><V127/><F127/><W87/><G135/><T15/><D111/><N who="2" m="42570" /><F5/><W118/><G118/><T88/><D131/><N who="3" m="50217" /><G14/><T2/><D70/><U77/><E39/><V35/><F35/><W129/><N who="3" m="50225" /><W36/><DORA hai="94" /><G18/><T16/><D17/><U22/><REACH who="1" step="1"/><E12/><REACH who="1" ten="230,230,290,240" step="2"/><V64/><F50/><W69/><G36/><T63/><REACH who="0" step="1"/><D88/><REACH who="0" ten="220,230,290,240" step="2"/><U10/><E10/><V41/><F91/><N who="3" m="53359" /><G69/><T133/><D133/><U93/><E93/><V104/><F68/><W19/><G19/><T82/><D82/><U72/><E72/><AGARI ba="0,2" hai="72,78,80,86,87,101,102,103" m="53359,50225" machi="72" ten="40,5200,0" yaku="19,1,34,2" doraHai="52,94" who="3" fromWho="1" sc="220,0,230,-52,290,0,240,72" /><INIT seed="2,0,0,2,4,64" ten="220,178,290,312" oya="2" hai0="97,125,28,57,130,132,119,31,102,4,8,107,82" hai1="39,15,1,52,58,72,22,108,45,51,30,50,14" hai2="25,59,55,115,60,126,118,21,87,38,47,113,114" hai3="37,0,11,98,92,32,18,61,48,44,53,111,134"/><V133/><F118/><W131/><G32/><T91/><D119/><U122/><E1/><V79/><F133/><W43/><G134/><T94/><D132/><U66/><E39/><V65/><F126/><W103/><G111/><T6/><D125/><U101/><E108/><V129/><F129/><W20/><G131/><T78/><D130/><U13/><E72/><V35/><F35/><W117/><G117/><T127/><D57/><U99/><E122/><V10/><F10/><W54/><G61/><T90/><D90/><U80/><E80/><V73/><F87/><W56/><G54/><T3/><D6/><U86/><E86/><V2/><F2/><W68/><G68/><T81/><D127/><U77/><E77/><V106/><F106/><W5/><G18/><T88/><D82/><U85/><E85/><V121/><F121/><W100/><G20/><T29/><REACH who="0" step="1"/><D107/><REACH who="0" ten="210,178,290,312" step="2"/><U19/><E30/><V89/><F89/><AGARI ba="0,1" hai="0,5,11,37,43,44,48,53,56,89,92,98,100,103" machi="89" ten="30,1000,0" yaku="7,1" doraHai="64" who="3" fromWho="2" sc="210,0,178,0,290,-10,312,20" /><INIT seed="3,0,0,0,1,78" ten="210,178,280,332" oya="3" hai0="36,74,10,97,5,0,18,92,106,94,61,23,129" hai1="31,80,17,69,45,110,73,37,35,28,24,2,76" hai2="119,117,89,29,43,77,103,123,102,25,51,71,9" hai3="27,20,63,75,87,26,6,21,95,46,115,99,85"/><W53/><G115/><T7/><D74/><U62/><E17/><V60/><F89/><N who="3" m="55791" /><G75/><T113/><D36/><U134/><E28/><V96/><F9/><W122/><G122/><T120/><D120/><U81/><E110/><V47/><F103/><W118/><G118/><T59/><D113/><U82/><E2/><V40/><F40/><W52/><G6/><T88/><D129/><U30/><E30/><V128/><F77/><W4/><G4/><T105/><D94/><U3/><E3/><V64/><F128/><W84/><G63/><T86/><D86/><U101/><E134/><V68/><F68/><W48/><G53/><T130/><D7/><U135/><E135/><V12/><F12/><W127/><G127/><T116/><D116/><U32/><E32/><V109/><F109/><W41/><G41/><T126/><D126/><U121/><E121/><V66/><F66/><W131/><G131/><T125/><D125/><U19/><E19/><V50/><F50/><W57/><G46/><T79/><D79/><U114/><E114/><V67/><F67/><W15/><G15/><T8/><D8/><U16/><E16/><V83/><F123/><W100/><G100/><T39/><D39/><U111/><E111/><V1/><F1/><W42/><G42/><T22/><D130/><U98/><E45/><V13/><F119/><W90/><G90/><T93/><D93/><U44/><E44/><V108/><F47/><W54/><G54/><N who="0" m="34039" /><D18/><U70/><E37/><V112/><F108/><W33/><G33/><T49/><D49/><U14/><E35/><V132/><F117/><RYUUKYOKU ba="0,0" sc="210,15,178,-15,280,-15,332,15" hai0="0,5,10,22,23,88,92,97,105,106" hai3="20,21,26,27,48,52,57,84,85,87" owari="225,-17.5,163,-33.7,265,6.5,347,44.7" /></mjloggm>