<mjloggm ver="2.3"><GO type="225" lobby="0"/><UN n0="%E8%83%83%E3%81%A8%E8%85%B8" n1="%30%2E%31%32%30" n2="%E3%81%BF%E3%81%BF%E3%81%9A" n3="%E6%AF%9B%E8%8D%92%E3%82%8C%E3%83%BB%E3%82%B9%E3%83%9F%E3%82%B9" dan="16,16,16,16" rate="2212.78,2130.58,2151.39,2017.77" sx="M,M,M,F"/><TAIKYOKU oya="0"/><INIT seed="0,0,0,0,2,126" ten="250,250,250,250" oya="0" hai0="21,37,100,26,119,32,51,20,11,111,74,120,60" hai1="6,90,19,8,98,127,22,124,77,45,3,78,114" hai2="67,28,53,118,92,59,80,89,109,43,79,75,29" hai3="70,36,106,35,52,105,116,117,57,2,5,130,72"/><T42/><D119/><U84/><E98/><V30/><F118/><W110/><RYUUKYOKU type="yao9" ba="0,0" sc="250,0,250,0,250,0,250,0" hai3="2,5,35,36,52,57,70,72,105,106,110,116,117,130" /><INIT seed="0,1,0,0,3,45" ten="250,250,250,250" oya="0" hai0="6,12,57,77,29,33,62,8,5,61,103,41,106" hai1="93,44,58,76,124,48,121,20,83,85,94,129,38" hai2="80,10,96,118,108,37,75,17,64,127,26,90,55" hai3="99,86,63,100,102,46,125,59,105,28,51,113,132"/><T9/><D77/><U68/><E68/><V69/><F37/><W21/><G113/><T7/><D41/><N who="1" m="24591" /><E38/><V117/><F108/><W115/><G115/><T122/><D122/><U78/><E121/><V88/><F127/><W31/><G125/><T60/><D106/><U14/><E124/><V114/><F114/><W95/><G132/><T133/><D133/><U4/><E129/><V47/><F64/><W101/><G86/><T109/><D103/><N who="3" m="39497" /><G105/><T110/><D57/><U52/><E78/><V32/><F69/><W67/><G21/><T74/><D74/><U84/><E84/><N who="2" m="50183" /><F32/><W112/><G112/><T89/><D89/><U35/><E35/><V87/><F96/><W50/><G50/><T18/><D33/><U116/><E116/><V23/><F75/><W30/><G28/><T70/><D29/><U16/><E4/><V15/><F87/><W53/><AGARI ba="1,0" hai="30,31,46,51,53,59,63,67,95,99,102" m="39497" machi="53" ten="30,2000,0" yaku="8,1,52,1" doraHai="45" who="3" fromWho="3" sc="250,-11,250,-6,250,-6,250,23" /><INIT seed="1,0,0,3,4,47" ten="239,244,244,273" oya="1" hai0="123,25,102,5,88,70,16,99,87,62,77,125,96" hai1="45,90,105,21,84,42,101,43,30,135,89,117,126" hai2="103,94,33,79,109,37,23,108,81,95,36,53,80" hai3="40,74,3,52,34,132,48,71,4,22,58,112,129"/><U111/><E117/><V131/><F33/><W67/><G112/><T11/><D125/><U106/><E126/><V19/><F131/><W133/><G34/><T8/><D123/><U63/><E111/><N who="2" m="42571" /><F53/><W75/><G129/><T46/><D77/><U59/><E135/><N who="3" m="51786" /><G40/><T98/><D102/><U91/><E43/><V2/><F2/><W85/><G22/><N who="0" m="13511" /><D70/><U14/><E101/><V32/><F32/><W86/><G4/><T64/><D5/><U56/><E84/><N who="3" m="32362" /><G3/><T17/><D17/><U118/><E118/><V12/><F103/><W35/><G35/><T134/><D134/><U29/><E21/><V69/><F69/><W9/><G9/><T82/><D11/><U72/><E72/><N who="2" m="43111" /><F81/><W13/><G13/><T115/><D8/><U20/><E20/><V51/><F51/><W127/><G127/><T78/><D115/><U65/><E14/><V0/><F0/><W116/><G116/><T44/><D78/><U93/><E30/><V92/><AGARI ba="0,0" hai="12,19,23,36,37,92,94,95" m="43111,42571" machi="92" ten="30,1100,0" yaku="14,1" doraHai="47" who="2" fromWho="2" sc="239,-3,244,-5,244,11,273,-3" /><INIT seed="2,0,0,4,3,87" ten="236,239,255,270" oya="2" hai0="62,108,98,85,111,123,121,28,54,56,101,0,91" hai1="73,81,115,128,118,9,75,109,106,21,76,72,64" hai2="103,19,49,117,99,10,30,92,44,16,66,77,11" hai3="105,25,107,133,135,29,94,90,39,82,88,55,79"/><V27/><F117/><W78/><G39/><T5/><D28/><U119/><E115/><V126/><F126/><W53/><G78/><T89/><D5/><U83/><E9/><N who="2" m="3083" /><F66/><W14/><G14/><T61/><D0/><U97/><E64/><V23/><F77/><W50/><G107/><T51/><D85/><N who="1" m="48295" /><E21/><V134/><F134/><N who="3" m="51211" /><G105/><T4/><D4/><U35/><E35/><V48/><F48/><W68/><G68/><T17/><D17/><U69/><E69/><V86/><F86/><N who="3" m="48479" /><G94/><N who="0" m="58583" /><D123/><U13/><E13/><V52/><AGARI ba="0,0" hai="16,19,23,27,30,44,49,52,92,99,103" m="3083" machi="52" ten="30,6000,0" yaku="8,1,54,2" doraHai="87" who="2" fromWho="2" sc="236,-20,239,-20,255,60,270,-20" /><INIT seed="2,1,0,1,2,17" ten="216,219,315,250" oya="2" hai0="88,84,12,104,25,117,79,47,5,81,34,68,91" hai1="20,3,119,4,21,29,93,120,86,66,38,58,129" hai2="71,13,36,109,40,39,0,132,52,82,59,108,98" hai3="83,128,121,92,65,2,22,50,112,37,124,126,18"/><V110/><F0/><W16/><G121/><T63/><D104/><U51/><E38/><V125/><F71/><W99/><G37/><T41/><D117/><U72/><E72/><V76/><F125/><N who="3" m="48235" /><G2/><T57/><D68/><U80/><E120/><V7/><F40/><W115/><G128/><T24/><D34/><U78/><E119/><V96/><F132/><W85/><G65/><T35/><D35/><U113/><E113/><N who="3" m="43594" /><G50/><N who="0" m="26991" /><D24/><U54/><E129/><V53/><F36/><W133/><G133/><T90/><D25/><U95/><E29/><V74/><F39/><W89/><G22/><N who="1" m="8810" /><E3/><V103/><F59/><W6/><G6/><T27/><D27/><U87/><E4/><V131/><F131/><W28/><G28/><T134/><D134/><U31/><E31/><V1/><F1/><W10/><G10/><N who="0" m="4175" /><D91/><AGARI ba="1,0" hai="16,18,83,85,89,91,92,99" m="43594,48235" machi="91" ten="30,3900,0" yaku="18,1,11,1,54,1" doraHai="17" who="3" fromWho="0" sc="216,-42,219,0,315,0,250,42" /><INIT seed="3,0,0,1,5,93" ten="174,219,315,292" oya="3" hai0="84,3,43,47,16,109,25,130,72,45,48,77,94" hai1="85,37,2,17,125,46,12,135,6,104,82,100,96" hai2="134,9,39,74,92,131,61,55,114,56,18,122,19" hai3="31,32,118,89,13,38,106,7,87,20,80,90,49"/><W53/><G118/><T26/><D3/><U98/><E135/><V51/><F114/><W1/><G38/><T102/><D109/><U50/><E125/><V66/><F74/><W35/><G106/><T14/><D130/><U65/><E37/><V69/><F131/><W63/><G63/><T119/><D119/><U120/><E120/><V27/><F134/><W4/><G1/><T112/><D112/><U15/><E65/><V57/><F122/><W113/><G113/><T108/><D108/><U121/><E121/><V5/><F39/><W67/><G67/><T44/><D72/><U8/><E17/><V10/><F69/><W24/><G90/><T79/><D43/><U21/><E21/><N who="2" m="13751" /><F5/><W30/><G30/><T52/><D84/><U95/><E85/><V34/><F34/><W71/><G71/><T88/><D102/><U22/><E22/><V28/><F28/><W107/><G107/><T42/><D77/><U133/><E82/><V41/><F19/><W78/><G78/><T117/><D79/><U126/><E126/><V0/><F0/><W60/><G60/><T64/><D64/><U70/><E70/><V59/><F41/><W86/><G86/><N who="0" m="52503" /><D117/><U115/><E115/><V116/><F116/><W132/><G132/><T58/><D42/><U129/><E129/><V68/><F92/><W128/><G128/><T91/><D91/><U101/><REACH who="1" step="1"/><E133/><REACH who="1" ten="174,209,315,292" step="2"/><V83/><F83/><W127/><G127/><T54/><D54/><AGARI ba="0,1" hai="2,6,8,12,15,46,50,54,95,96,98,100,101,104" machi="54" ten="30,8000,1" yaku="1,1,2,1,7,1,52,2,53,0" doraHai="93" doraHaiUra="75" who="1" fromWho="0" sc="174,-80,209,90,315,0,292,0" owari="94,-40.6,299,9.9,315,41.5,292,-10.8" /></mjloggm>