<mjloggm ver="2.3"><GO type="225" lobby="0"/><UN n0="%4C%4F%4C%49%54%41" n1="%72%69%6F%75%63%68%61%6E" n2="%E3%81%B5%E3%81%98%E3%81%8B%E3%81%A4" n3="%E6%9D%B1%E9%A2%A8%E3%81%AE%E3%81%8D%E3%82%83%E3%81%B7%E3%81%95%E3%82%93" dan="16,16,17,17" rate="2131.48,2203.16,2206.14,2191.34" sx="F,M,M,M"/><TAIKYOKU oya="0"/><INIT seed="0,0,0,3,0,114" ten="250,250,250,250" oya="0" hai0="82,64,62,29,104,6,125,97,18,99,50,55,12" hai1="131,105,129,102,73,30,65,15,75,120,13,128,110" hai2="56,132,108,107,5,123,61,71,72,14,20,119,38" hai3="49,7,98,42,59,68,111,16,52,8,48,2,3"/><T93/><D125/><U26/><E120/><V76/><F123/><W19/><G68/><T91/><D29/><U126/><E126/><V77/><F107/><W106/><G2/><T124/><D124/><U33/><E110/><V88/><F108/><W45/><REACH who="3" step="1"/><G111/><REACH who="3" ten="250,250,250,240" step="2"/><T44/><D104/><U103/><E105/><V25/><F71/><W41/><G41/><T134/><D134/><U101/><REACH who="1" step="1"/><E65/><REACH who="1" ten="250,240,250,240" step="2"/><V47/><F132/><W122/><G122/><T80/><D64/><U37/><E37/><V36/><F36/><W89/><G89/><T35/><D91/><U67/><E67/><V58/><F88/><W133/><G133/><T51/><D55/><U94/><E94/><V130/><F38/><W39/><G39/><T31/><D93/><U109/><E109/><V70/><F70/><W127/><G127/><T79/><D79/><U85/><E85/><V84/><F84/><W100/><AGARI ba="0,2" hai="3,7,8,16,19,42,45,48,49,52,59,98,100,106" machi="100" ten="30,7900,0" yaku="1,1,0,1,54,2,53,0" doraHai="114" doraHaiUra="24" who="3" fromWho="3" sc="250,-39,240,-20,250,-20,240,99" /><INIT seed="1,0,0,3,1,42" ten="211,220,230,339" oya="1" hai0="133,77,30,129,29,85,65,62,134,92,28,27,22" hai1="15,17,49,18,94,23,83,57,101,45,81,7,128" hai2="117,8,41,52,68,79,109,123,14,103,35,0,44" hai3="107,74,95,34,82,54,38,86,91,110,89,78,127"/><U104/><E128/><V105/><F123/><W113/><G38/><T130/><D77/><U118/><E118/><V111/><F117/><W135/><G34/><T120/><D120/><U124/><E124/><V50/><F35/><W96/><G54/><T51/><D51/><U39/><E104/><V119/><F119/><W115/><G127/><T75/><D75/><U3/><E39/><V46/><F79/><W12/><G12/><T43/><D43/><N who="1" m="24767" /><E3/><V99/><F68/><W97/><G135/><N who="0" m="51723" /><D85/><U106/><E106/><V6/><REACH who="2" step="1"/><F0/><REACH who="2" ten="211,220,220,339" step="2"/><W60/><G110/><T116/><D116/><U40/><E7/><V24/><F24/><W55/><G115/><T98/><D129/><U69/><E69/><V1/><F1/><W122/><G122/><T58/><D130/><U102/><E57/><V36/><AGARI ba="0,1" hai="6,8,14,36,41,44,46,50,52,99,103,105,109,111" machi="36" ten="30,8000,1" yaku="1,1,0,1,52,2,54,1,53,0" doraHai="42" doraHaiUra="73" who="2" fromWho="2" sc="211,-20,220,-40,220,90,339,-20" /><INIT seed="2,0,0,4,1,104" ten="191,180,310,319" oya="2" hai0="118,121,107,130,75,50,123,102,91,22,117,112,65" hai1="63,43,111,49,73,116,86,96,67,46,36,19,23" hai2="48,12,72,27,14,119,84,34,135,8,88,62,3" hai3="77,69,115,105,110,25,16,9,109,129,125,108,5"/><V10/><F119/><N who="0" m="45578" /><D65/><U60/><E116/><V55/><F135/><W37/><G37/><T64/><D64/><U90/><E111/><V114/><F114/><W61/><G115/><T79/><D112/><U127/><E127/><V59/><F72/><W40/><G129/><T85/><D130/><U38/><E96/><V68/><F68/><W83/><G125/><T126/><D126/><U11/><E73/><V89/><F3/><W134/><G105/><T57/><D22/><U120/><E120/><V2/><F2/><W39/><G134/><T24/><D24/><U21/><E11/><V45/><F34/><W74/><G61/><T122/><D57/><U76/><E76/><V53/><F27/><W29/><G69/><T101/><D50/><U30/><E30/><V92/><REACH who="2" step="1"/><F89/><REACH who="2" ten="191,180,300,319" step="2"/><W95/><G25/><T128/><D128/><U106/><E90/><V1/><F1/><W98/><G109/><T78/><D75/><U42/><E106/><V94/><F94/><W103/><G110/><T100/><D107/><U4/><E86/><V6/><F6/><W20/><G108/><T97/><D97/><U52/><E4/><V82/><F82/><AGARI ba="0,1" hai="78,79,82,85,91,100,101,102,121,122,123" m="45578" machi="82" ten="40,5200,0" yaku="12,1,34,2" doraHai="104" who="0" fromWho="2" sc="191,62,180,0,300,-52,319,0" /><INIT seed="3,0,0,5,1,87" ten="253,180,248,319" oya="3" hai0="117,25,42,83,51,108,59,75,92,40,68,107,129" hai1="125,105,43,112,18,66,4,118,133,55,48,76,60" hai2="84,124,0,16,50,132,115,85,119,20,86,131,67" hai3="127,33,14,96,72,31,12,62,57,114,27,94,120"/><W10/><G72/><T39/><D107/><U135/><E105/><V103/><F119/><W109/><G109/><T56/><D68/><U100/><E100/><V7/><F115/><W130/><G114/><T41/><D39/><U106/><E106/><V134/><F103/><W81/><G81/><T34/><D117/><U47/><E4/><V13/><F124/><W61/><G120/><T11/><D51/><U21/><E112/><V80/><F131/><W126/><G130/><T53/><D129/><U35/><E35/><V79/><F67/><W58/><G58/><T110/><D11/><U89/><E118/><V32/><F32/><W9/><G9/><T102/><D53/><U17/><E76/><V37/><F37/><W73/><G73/><T77/><D25/><U54/><E125/><N who="3" m="47626" /><G10/><T24/><D108/><U38/><E89/><N who="2" m="51335" /><F0/><W26/><G26/><T74/><D74/><U28/><E28/><V95/><F7/><W8/><G8/><T71/><D71/><N who="1" m="42439" /><E21/><V123/><F123/><W29/><G29/><N who="0" m="19751" /><D110/><U82/><E82/><V30/><F79/><W113/><G113/><T99/><D75/><U64/><E64/><V5/><F5/><W1/><G1/><T70/><D70/><U88/><E88/><N who="2" m="53647" /><F30/><W46/><G33/><T19/><D19/><N who="1" m="7179" /><E38/><V69/><F69/><W3/><G3/><T122/><D122/><U63/><E63/><V2/><F2/><W97/><G62/><T22/><D77/><U128/><E128/><V116/><F116/><W6/><G61/><T90/><D102/><U98/><E98/><N who="3" m="37994" /><G6/><T104/><D104/><U44/><E43/><RYUUKYOKU ba="0,0" sc="253,-10,180,30,248,-10,319,-10" hai1="44,47,48,54,55,133,135" owari="243,4.3,210,-29.0,238,-16.2,309,40.9" /></mjloggm>