<mjloggm ver="2.3"><GO type="225" lobby="0"/><UN n0="%E3%81%8B%E3%82%8F%E3%81%A1%E3%82%83%E3%82%93%35%38" n1="%33%74%72%65%65" n2="%72%69%6F%75%63%68%61%6E" n3="%E4%BF%BA%E3%81%A8%E5%A6%96%E5%A4%A2" dan="16,16,16,17" rate="2134.39,2130.97,2155.64,2185.01" sx="M,F,M,F"/><TAIKYOKU oya="0"/><INIT seed="0,0,0,5,1,40" ten="250,250,250,250" oya="0" hai0="51,106,98,102,48,61,86,84,3,78,53,128,87" hai1="12,41,135,2,62,89,99,124,18,57,7,95,30" hai2="134,121,85,110,133,69,33,97,24,129,6,93,83" hai3="34,71,104,70,131,123,115,112,59,5,72,56,101"/><T81/><D128/><U113/><E135/><N who="2" m="51723" /><F69/><N who="3" m="26123" /><G5/><T126/><D126/><U37/><E124/><V109/><F121/><W21/><G21/><T65/><D3/><U42/><E113/><N who="3" m="43594" /><G72/><T1/><D1/><U35/><E7/><V36/><F36/><W74/><G74/><T96/><D96/><U8/><E2/><V68/><F68/><W54/><G34/><T63/><D48/><U100/><E37/><V127/><F129/><W73/><G73/><T75/><REACH who="0" step="1"/><D65/><REACH who="0" ten="240,250,250,250" step="2"/><U13/><E99/><V19/><F127/><W17/><G131/><T118/><D118/><U108/><E12/><V60/><F97/><W38/><G123/><T132/><D132/><U125/><E13/><V122/><F122/><W50/><G101/><T79/><D79/><U111/><E100/><V119/><F119/><W47/><G104/><T114/><D114/><U23/><E125/><V67/><F67/><W26/><G26/><T49/><D49/><U116/><E116/><V52/><F24/><W82/><G38/><T120/><D120/><U43/><E89/><V117/><F117/><W88/><G88/><T130/><D130/><U107/><E107/><V14/><F14/><W45/><G50/><T80/><D80/><U9/><E95/><V25/><F83/><W32/><G82/><T64/><D64/><U28/><E8/><V77/><F77/><W29/><G54/><T31/><D31/><U15/><E28/><V76/><F76/><W20/><G29/><T105/><D105/><U103/><E9/><V0/><F93/><W94/><G94/><T22/><D22/><U16/><E23/><RYUUKYOKU ba="0,1" sc="240,30,250,-10,250,-10,250,-10" hai0="51,53,61,63,75,78,81,84,86,87,98,102,106" /><INIT seed="0,1,1,3,5,64" ten="270,240,240,240" oya="0" hai0="76,18,3,119,97,72,1,28,66,74,98,67,32" hai1="24,90,69,121,13,112,78,27,17,33,15,43,37" hai2="30,22,54,35,56,36,85,103,53,44,65,128,4" hai3="100,107,14,88,12,129,105,5,94,34,120,55,8"/><T115/><D76/><U60/><E121/><V126/><F35/><W45/><G120/><T73/><D115/><U58/><E112/><V114/><F114/><W62/><G34/><T91/><D32/><U9/><E78/><V19/><F126/><W106/><G129/><T132/><D28/><U68/><E37/><V23/><F128/><W11/><G100/><T127/><D119/><U93/><E43/><V89/><F4/><W38/><G38/><T39/><D39/><U59/><E59/><V46/><F103/><W6/><G62/><T20/><D20/><BYE who="0" /><U81/><E81/><V133/><F133/><W95/><G95/><T130/><D130/><U7/><E27/><N who="2" m="16759" /><F65/><W52/><REACH who="3" step="1"/><G45/><REACH who="3" ten="270,240,240,230" step="2"/><N who="2" m="17513" /><F36/><W118/><G118/><T101/><D101/><U57/><E33/><UN n0="%E3%81%8B%E3%82%8F%E3%81%A1%E3%82%83%E3%82%93%35%38" /><V92/><F56/><W124/><G124/><T109/><D127/><U40/><E58/><V51/><F51/><W41/><G41/><T125/><D125/><U104/><E40/><V134/><F134/><W42/><G42/><T96/><D132/><U61/><E61/><V102/><F102/><W86/><AGARI ba="1,2" hai="5,6,8,11,12,14,52,55,86,88,94,105,106,107" machi="86" ten="30,8000,1" yaku="1,1,0,1,9,1,54,2,53,0" doraHai="64" doraHaiUra="63" who="3" fromWho="3" sc="270,-41,240,-21,240,-21,230,103" /><INIT seed="1,0,0,1,3,134" ten="229,219,219,333" oya="1" hai0="96,127,12,32,17,29,114,115,65,101,82,100,135" hai1="44,52,67,112,2,50,108,21,74,22,68,125,124" hai2="128,36,15,72,37,66,46,3,129,5,63,77,49" hai3="78,93,58,88,1,89,94,25,34,27,131,76,102"/><U104/><E112/><N who="0" m="43049" /><D65/><U113/><E113/><V35/><F35/><W126/><G1/><T42/><D42/><U45/><E2/><V91/><F15/><W53/><G131/><N who="2" m="50249" /><F91/><W123/><G123/><T57/><D57/><U48/><E104/><V85/><F72/><W10/><G10/><T8/><D82/><U133/><E74/><V99/><F99/><N who="3" m="59759" /><G34/><T33/><D96/><U120/><E120/><V79/><F85/><N who="3" m="52495" /><G126/><N who="1" m="48746" /><E133/><V98/><F98/><W23/><G89/><T28/><D127/><U55/><E108/><V20/><F20/><N who="1" m="7785" /><E67/><V19/><F19/><W24/><G23/><T18/><D135/><U40/><E68/><N who="2" m="42079" /><F5/><W87/><G87/><T41/><D32/><U118/><E118/><V121/><F121/><W110/><G110/><T6/><D33/><U56/><E40/><N who="2" m="24775" /><F3/><W26/><G26/><T51/><D41/><U109/><E109/><V14/><F14/><W107/><G107/><T106/><D106/><U64/><E64/><V116/><F116/><W80/><G25/><T105/><D105/><U119/><E119/><V62/><F77/><W39/><G76/><T70/><D12/><U9/><E9/><V30/><F79/><W54/><G78/><T86/><D8/><U84/><E84/><V130/><F130/><W81/><G24/><T0/><D86/><U117/><E117/><V59/><F30/><W73/><G27/><T60/><D29/><U111/><E111/><V122/><F122/><W103/><G73/><T95/><D28/><U69/><E69/><V71/><F71/><W61/><G80/><T4/><D70/><U11/><E11/><RYUUKYOKU ba="0,0" sc="229,-15,219,15,219,15,333,-15" hai1="44,45,48,50,52,55,56" hai2="36,37,59,62" /><INIT seed="1,1,0,4,3,116" ten="214,234,234,318" oya="1" hai0="41,79,10,135,47,94,65,105,100,1,42,77,33" hai1="110,109,9,113,50,76,122,132,55,49,73,21,6" hai2="16,27,81,107,88,82,102,0,23,51,30,61,45" hai3="114,64,38,126,37,80,62,26,15,63,87,20,98"/><U3/><E113/><V19/><F0/><W134/><G114/><T11/><D105/><U40/><E132/><V32/><F61/><W120/><G134/><T86/><D135/><U31/><E40/><N who="0" m="15465" /><D33/><U104/><E104/><V2/><F2/><W8/><G98/><N who="0" m="59479" /><D1/><U13/><E122/><V70/><F70/><W118/><G120/><T7/><D7/><U96/><E96/><V5/><F5/><W36/><G126/><T59/><D47/><U69/><E69/><V131/><F131/><W111/><G111/><N who="1" m="42506" /><E55/><N who="2" m="30191" /><F107/><W17/><G64/><T46/><D46/><U78/><E73/><V68/><F68/><W115/><G118/><T121/><D121/><U128/><E128/><V39/><F32/><W92/><G115/><T18/><D86/><U127/><E127/><V99/><F39/><W35/><G35/><T89/><D89/><U44/><E3/><V34/><F34/><W91/><REACH who="3" step="1"/><G80/><REACH who="3" ten="214,234,234,308" step="2"/><N who="2" m="30825" /><F102/><W4/><AGARI ba="1,1" hai="4,8,15,17,20,26,36,37,38,62,63,87,91,92" machi="4" ten="30,2000,0" yaku="1,1,0,1,53,0" doraHai="116" doraHaiUra="66" who="3" fromWho="3" sc="214,-6,234,-11,234,-6,308,33" /><INIT seed="2,0,0,5,3,89" ten="208,223,228,341" oya="2" hai0="108,94,20,112,127,15,59,26,9,58,110,32,124" hai1="98,69,68,70,105,3,104,57,117,31,77,133,123" hai2="44,95,126,33,50,47,37,120,34,122,19,128,49" hai3="119,93,82,113,43,88,111,131,39,46,85,79,61"/><V83/><F83/><W13/><G119/><T42/><D42/><U118/><E3/><V72/><F72/><W7/><G111/><N who="0" m="42539" /><D32/><N who="2" m="12394" /><F19/><W36/><G131/><T99/><D112/><U80/><E31/><V56/><F56/><N who="0" m="21546" /><D20/><U8/><E57/><V0/><F0/><W86/><G113/><T121/><D26/><U75/><E8/><V10/><F10/><N who="3" m="4319" /><G61/><T97/><D121/><N who="2" m="46698" /><F95/><W71/><G71/><T92/><D97/><U132/><E123/><V115/><F37/><W38/><G38/><T103/><D94/><U51/><E51/><N who="2" m="19467" /><F115/><W84/><G36/><T27/><D27/><U96/><E96/><V102/><F102/><W2/><G2/><T90/><D103/><N who="1" m="62583" /><E105/><V54/><F54/><W67/><G39/><T30/><D30/><U53/><E53/><V65/><F65/><W114/><G67/><T66/><D66/><U129/><E129/><V40/><F40/><W109/><G109/><T130/><D130/><U41/><E41/><V73/><F128/><W125/><G114/><T74/><D74/><U101/><E101/><V14/><F73/><W76/><G82/><T106/><D106/><U18/><E118/><V78/><F78/><W64/><G64/><T28/><D28/><U45/><E117/><V91/><F91/><W16/><G43/><T55/><D55/><U87/><E75/><V107/><F107/><W134/><G79/><T4/><AGARI ba="0,0" hai="4,9,15,90,92,99,124,127" m="21546,42539" machi="4" ten="30,2000,0" yaku="14,1,52,1" doraHai="89" who="0" fromWho="0" sc="208,20,223,-5,228,-10,341,-5" /><INIT seed="3,0,0,5,5,24" ten="228,218,218,336" oya="3" hai0="27,10,112,113,5,107,11,52,98,130,57,97,124" hai1="2,95,6,119,100,66,45,104,123,26,54,70,43" hai2="78,110,75,118,115,82,116,36,31,49,108,37,12" hai3="7,87,77,25,76,106,120,39,86,125,88,14,29"/><W56/><G120/><T129/><D124/><U132/><E123/><V68/><F115/><N who="0" m="44106" /><D27/><U33/><E95/><V117/><F68/><W61/><G39/><N who="2" m="14921" /><F12/><W63/><G106/><T94/><D107/><U122/><E122/><V58/><F49/><W81/><G125/><T79/><D79/><U65/><E54/><V126/><F58/><W18/><G7/><T99/><D94/><U60/><E66/><V89/><F89/><W50/><G50/><N who="0" m="30871" /><D10/><U17/><E119/><N who="2" m="30467" /><V72/><DORA hai="0" /><F126/><W71/><G71/><T64/><D64/><U8/><E100/><V22/><F22/><N who="3" m="15543" /><G56/><T47/><D47/><U127/><E127/><V34/><F72/><W23/><G77/><T109/><D109/><N who="2" m="42090" /><F31/><W69/><G69/><T3/><AGARI ba="0,0" hai="3,5,11,97,98,99,129,130" m="30871,44106" machi="3" ten="40,5200,0" yaku="11,1,52,1,54,1" doraHai="24,0" who="0" fromWho="0" sc="228,52,218,-13,218,-13,336,-26" owari="280,8.0,205,-19.5,205,-29.5,310,41.0" /></mjloggm>