<mjloggm ver="2.3"><GO type="225" lobby="0"/><UN n0="%E5%8F%AF%E5%85%90%E9%82%A3%E7%94%B1%E5%A4%9A" n1="%E3%83%9D%E3%83%B3%E3%83%9D%E3%82%B3%E5%95%86%E4%BA%8B" n2="%E4%BF%BA%E3%81%A8%E5%A6%96%E5%A4%A2" n3="%E3%81%A8%E3%82%93%E3%81%A8%E3%81%93%E3%81%A8%E3%82%93" dan="17,16,17,16" rate="2163.33,2152.00,2219.39,2131.43" sx="F,M,F,F"/><TAIKYOKU oya="0"/><INIT seed="0,0,0,3,5,66" ten="250,250,250,250" oya="0" hai0="131,108,67,107,30,115,88,111,104,16,56,20,125" hai1="82,48,1,22,93,92,68,5,118,106,95,25,130" hai2="27,103,24,119,44,75,85,36,0,43,87,71,54" hai3="64,74,110,70,23,83,65,89,135,114,17,13,100"/><T37/><D115/><U39/><E118/><V21/><F75/><W101/><G114/><T113/><D113/><U102/><E39/><V63/><F119/><W97/><G110/><N who="0" m="42027" /><D37/><U96/><E130/><V26/><F0/><W123/><G135/><T10/><D131/><U72/><E48/><V49/><F103/><W94/><G123/><T6/><D30/><U14/><E1/><V8/><F8/><W62/><REACH who="3" step="1"/><G64/><REACH who="3" ten="250,250,250,240" step="2"/><T133/><D133/><U29/><E72/><V3/><F3/><W45/><G45/><T47/><D47/><U122/><E122/><V60/><F21/><W84/><G84/><T11/><D125/><U120/><E120/><V7/><F87/><W18/><G18/><T4/><D11/><U55/><E22/><V2/><F85/><W41/><G41/><T124/><D124/><U69/><E29/><V121/><F121/><W129/><G129/><T132/><D132/><U19/><E19/><V99/><F43/><W86/><G86/><T128/><D128/><U46/><E46/><V57/><F44/><W35/><G35/><T12/><D10/><U34/><E34/><V76/><F36/><W80/><G80/><T91/><D4/><U50/><E82/><V81/><F81/><W58/><G58/><T90/><D6/><U40/><E5/><V105/><F7/><W42/><G42/><T15/><D15/><U126/><E14/><V9/><F9/><W98/><G98/><T117/><D117/><U77/><E96/><V38/><F38/><W116/><G116/><T33/><D33/><U32/><E32/><V109/><F109/><RYUUKYOKU ba="0,1" sc="250,15,250,-15,250,-15,240,15" hai0="12,16,20,56,67,88,90,91,104,107" hai3="13,17,23,62,65,70,74,83,89,94,97,100,101" /><INIT seed="0,1,1,1,5,123" ten="265,235,235,255" oya="0" hai0="40,47,124,17,109,89,0,77,96,60,116,133,13" hai1="25,55,132,75,108,11,130,21,12,84,86,10,43" hai2="117,24,125,45,62,107,18,53,57,72,67,127,69" hai3="51,59,2,46,70,93,80,128,121,36,31,41,56"/><T102/><D116/><U129/><E75/><V110/><F72/><W112/><G2/><T135/><D0/><U35/><E43/><V91/><F107/><W28/><G80/><T100/><D77/><U87/><E132/><N who="0" m="50761" /><D60/><U30/><E55/><V131/><F117/><W83/><G83/><T39/><D124/><N who="2" m="47690" /><F91/><W4/><G93/><N who="0" m="56367" /><D109/><U29/><E108/><V14/><F110/><W19/><G121/><T94/><D94/><U82/><E82/><V42/><F131/><W126/><G128/><N who="1" m="49258" /><E30/><V32/><F69/><W85/><G70/><T101/><D101/><U22/><E11/><AGARI ba="1,1" hai="11,13,17,39,40,47,100,102" m="56367,50761" machi="11" ten="30,1500,0" yaku="20,1" doraHai="123" who="0" fromWho="1" sc="265,28,235,-18,235,0,255,0" /><INIT seed="0,2,0,1,5,47" ten="293,217,235,255" oya="0" hai0="17,21,135,111,96,16,31,78,72,18,90,126,56" hai1="2,97,36,130,25,44,68,109,52,50,12,99,1" hai2="113,125,98,79,41,6,105,92,67,131,24,114,27" hai3="100,76,59,123,132,94,46,120,53,15,65,104,14"/><T103/><D135/><U128/><E68/><V26/><F105/><W127/><G104/><T116/><D116/><U39/><E109/><V32/><F32/><W20/><G127/><T64/><D126/><U28/><E12/><V54/><F125/><W34/><G34/><T115/><D115/><U8/><E39/><V40/><F131/><N who="1" m="50217" /><E36/><V85/><F67/><W87/><G65/><T5/><D111/><U102/><E8/><V107/><F107/><W133/><G46/><T37/><D37/><U49/><E102/><V95/><F6/><W60/><G76/><T4/><D90/><U134/><E134/><N who="3" m="51818" /><G20/><T43/><D43/><N who="1" m="24735" /><E2/><V7/><F41/><W30/><G30/><T77/><D72/><U62/><E62/><V129/><F40/><W13/><G100/><T80/><D4/><U74/><E1/><V110/><F110/><W73/><G73/><T69/><D5/><U118/><E74/><V9/><F129/><W29/><G29/><T101/><D69/><U108/><E108/><V66/><F114/><W121/><G14/><T93/><D103/><U51/><E118/><V122/><F113/><W10/><G10/><T106/><D106/><U23/><E51/><V33/><F9/><W57/><G59/><AGARI ba="2,0" hai="23,25,28,50,52,59,97,99" m="24735,50217" machi="59" ten="30,7700,0" yaku="19,1,52,2,54,1" doraHai="47" who="1" fromWho="3" sc="293,0,217,83,235,0,255,-83" /><INIT seed="1,0,0,1,5,32" ten="293,300,235,172" oya="1" hai0="30,83,33,129,70,53,63,22,39,108,130,47,85" hai1="107,97,17,67,73,78,124,127,120,0,14,9,13" hai2="57,102,11,92,40,16,135,121,116,103,106,26,25" hai3="21,115,91,42,88,113,95,24,93,132,104,77,19"/><U52/><E120/><V119/><F121/><W49/><G104/><T31/><D33/><U66/><E78/><V58/><F106/><W15/><G132/><T28/><D108/><U65/><E73/><V71/><F71/><W69/><G69/><T111/><D111/><U3/><E13/><N who="2" m="7231" /><F135/><W90/><G77/><T110/><D110/><U35/><E35/><V117/><F117/><W123/><G123/><T7/><D7/><U126/><REACH who="1" step="1"/><E52/><REACH who="1" ten="293,290,235,172" step="2"/><V96/><F119/><W109/><G109/><T27/><D53/><U89/><E89/><N who="2" m="55311" /><F116/><W79/><G79/><T134/><D134/><U133/><E133/><V1/><F40/><W44/><REACH who="3" step="1"/><G15/><REACH who="3" ten="293,290,235,162" step="2"/><T74/><D74/><U131/><E131/><V114/><F114/><AGARI ba="0,2" hai="19,21,24,42,44,49,88,90,91,93,95,113,114,115" machi="114" ten="40,5200,0" yaku="1,1,2,1,54,1,53,0" doraHai="32" doraHaiUra="56" who="3" fromWho="2" sc="293,0,290,0,235,-52,162,72" /><INIT seed="2,0,0,1,0,0" ten="293,290,183,234" oya="2" hai0="130,113,88,49,133,112,72,110,124,74,27,60,9" hai1="34,86,108,17,93,96,92,1,58,59,46,67,106" hai2="131,30,97,81,57,123,22,61,118,63,82,75,26" hai3="135,71,122,90,10,98,20,100,28,91,94,70,54"/><V16/><F118/><W25/><G122/><T66/><D110/><U121/><E108/><V4/><F123/><W79/><G135/><T119/><D133/><U64/><E34/><V51/><F131/><W126/><G126/><T111/><D111/><U128/><E121/><V23/><F75/><W40/><G40/><T76/><D124/><U109/><E109/><V125/><F125/><W68/><G79/><T13/><D130/><U19/><E1/><V15/><F51/><W24/><G54/><T77/><D119/><U33/><E33/><V41/><F41/><W6/><REACH who="3" step="1"/><G25/><REACH who="3" ten="293,290,183,224" step="2"/><T107/><D27/><U120/><E120/><V45/><F45/><W39/><G39/><T95/><D77/><U84/><E46/><V80/><F57/><W14/><AGARI ba="0,1" hai="6,10,14,20,24,28,68,70,71,90,91,94,98,100" machi="14" ten="30,4000,0" yaku="1,1,0,1,52,1,53,0" doraHai="0" doraHaiUra="48" who="3" fromWho="3" sc="293,-10,290,-10,183,-20,224,50" /><INIT seed="3,0,0,5,3,114" ten="283,280,163,274" oya="3" hai0="26,29,98,105,73,61,65,2,39,6,78,54,3" hai1="56,108,35,12,72,83,62,53,100,23,24,85,122" hai2="45,13,57,125,94,16,9,44,27,75,1,130,99" hai3="37,69,60,36,76,79,84,21,22,8,10,116,95"/><W51/><G116/><T91/><D54/><U113/><E122/><V106/><F106/><W66/><G51/><T104/><D91/><U70/><E72/><V68/><F68/><W86/><G95/><T33/><D39/><U52/><E70/><V126/><F75/><W131/><G69/><N who="0" m="42159" /><D6/><U43/><E35/><V48/><F1/><N who="0" m="10" /><D98/><U101/><E43/><V28/><F57/><W20/><G60/><T120/><D120/><U117/><E117/><V121/><F121/><W124/><G66/><T102/><D102/><N who="1" m="39531" /><E108/><V92/><F130/><W93/><G93/><T77/><D77/><N who="3" m="29769" /><G124/><N who="2" m="47721" /><F99/><W19/><G19/><T31/><D29/><N who="1" m="17567" /><E113/><V50/><F50/><W25/><G25/><T49/><D49/><U18/><E53/><N who="2" m="29831" /><F45/><W134/><G131/><T32/><D32/><AGARI ba="0,0" hai="9,13,16,27,28,32,92,94" m="29831,47721" machi="32" ten="30,2000,0" yaku="18,1,54,1" doraHai="114" who="2" fromWho="0" sc="283,-20,280,0,163,20,274,0" /><INIT seed="4,0,0,2,3,120" ten="263,280,183,274" oya="0" hai0="53,122,113,106,6,30,45,127,99,132,39,110,74" hai1="31,64,90,25,35,72,84,128,13,101,73,115,7" hai2="97,67,40,21,107,51,22,16,119,93,134,57,130" hai3="85,48,108,50,76,2,28,129,79,112,56,88,58"/><T37/><D122/><U94/><E128/><V78/><F130/><W8/><G108/><T60/><D74/><U123/><E123/><V44/><F134/><W54/><G129/><T89/><D132/><U36/><E36/><V104/><F119/><W81/><G112/><T131/><D131/><U46/><E115/><V109/><F78/><W118/><G118/><T19/><D113/><U125/><E125/><V10/><F10/><W38/><G38/><T96/><D6/><U5/><E64/><V77/><F77/><W52/><G28/><T4/><D4/><AGARI ba="0,0" hai="2,4,8,48,50,52,54,56,58,76,79,81,85,88" machi="4" ten="40,5200,0" yaku="9,1,54,2" doraHai="120" who="3" fromWho="0" sc="263,-52,280,0,183,0,274,52" owari="211,-18.9,280,8.0,183,-31.7,326,42.6" /></mjloggm>