<mjloggm ver="2.3"><GO type="225" lobby="0"/><UN n0="%E3%81%AF%E3%82%88%E3%81%8A%E3%81%98%E3%81%95%E3%82%93" n1="%E6%A1%9C%E8%8A%B1%E9%96%83%E3%80%85" n2="%E3%82%A2%E3%83%BC%E3%83%A2%E3%83%AD%E3%83%BC%E3%83%B4%E3%82%A1" n3="%E3%81%B2%E3%81%AA%E3%81%AE%E3%82%8A%E3%81%8F" dan="16,18,16,17" rate="2208.26,2249.78,2089.49,2197.63" sx="M,M,M,M"/><TAIKYOKU oya="0"/><INIT seed="0,0,0,1,4,34" ten="250,250,250,250" oya="0" hai0="112,6,24,33,45,38,120,23,16,126,123,26,0" hai1="11,117,74,35,48,40,43,92,90,89,70,65,113" hai2="130,4,41,54,68,18,101,15,3,93,13,2,37" hai3="106,116,100,88,56,85,129,122,32,22,87,84,53"/><T73/><D73/><U30/><E117/><V60/><F130/><W14/><G116/><T9/><D45/><U131/><E74/><V114/><F114/><W119/><G119/><T83/><D83/><U28/><E131/><V99/><F4/><W66/><G32/><T58/><D58/><U96/><E113/><V10/><F15/><W86/><G129/><T78/><D78/><U115/><E35/><V36/><F54/><W17/><G122/><N who="0" m="46635" /><D38/><U124/><E124/><V95/><F95/><W125/><G125/><T12/><D112/><U55/><E115/><V52/><F41/><W57/><G66/><T91/><D91/><U29/><E11/><V21/><F10/><W19/><G19/><T104/><D104/><U105/><E105/><V82/><F82/><W107/><G57/><T71/><D71/><U118/><E118/><V31/><F31/><W47/><G47/><T79/><D79/><U25/><E25/><N who="0" m="9833" /><D33/><U134/><E89/><V97/><F97/><W94/><REACH who="3" step="1"/><G100/><REACH who="3" ten="250,250,250,240" step="2"/><T8/><D23/><U80/><E65/><V75/><F68/><W110/><G110/><T108/><D126/><U27/><E70/><V20/><F20/><W103/><G103/><T76/><D76/><U69/><E69/><V51/><F101/><W44/><G44/><T59/><D59/><U121/><E121/><V50/><F21/><W61/><AGARI ba="0,1" hai="14,17,22,53,56,61,84,85,86,87,88,94,106,107" machi="61" ten="30,8000,1" yaku="1,1,0,1,54,1,53,2" doraHai="34" doraHaiUra="102" who="3" fromWho="3" sc="250,-40,250,-20,250,-20,240,90" /><INIT seed="1,0,0,4,3,69" ten="210,230,230,330" oya="1" hai0="105,62,68,104,21,59,56,117,13,46,41,135,70" hai1="22,115,19,89,49,133,108,110,51,45,84,94,87" hai2="3,130,18,77,92,86,100,0,124,109,25,17,48" hai3="10,65,27,112,102,79,74,47,20,85,44,72,128"/><U57/><E115/><V73/><F109/><N who="1" m="42089" /><E133/><V29/><F130/><W131/><G112/><T23/><D117/><U60/><E87/><V114/><F114/><W33/><G33/><T111/><D111/><U5/><E5/><V116/><F116/><W53/><G65/><T95/><D135/><U40/><E60/><V30/><F124/><W64/><G64/><T52/><D56/><U63/><E63/><V88/><F100/><W34/><G34/><T122/><D122/><U54/><E19/><V106/><F106/><W12/><G85/><T76/><D76/><U113/><E113/><V97/><F73/><W132/><G74/><T31/><D95/><U103/><E22/><N who="2" m="13527" /><F0/><W78/><G20/><T38/><D21/><U129/><E103/><N who="2" m="60839" /><F3/><W35/><G102/><T81/><D81/><U119/><E119/><V61/><F61/><W71/><G72/><T101/><D101/><U98/><E98/><V120/><F17/><W66/><G132/><T26/><REACH who="0" step="1"/><D13/><REACH who="0" ten="200,230,230,330" step="2"/><U32/><E32/><V82/><F120/><W123/><G12/><T134/><D134/><U36/><E129/><V58/><F77/><W125/><G79/><T91/><D91/><U43/><E94/><V14/><F14/><W15/><G15/><T99/><D99/><U90/><E84/><V50/><F58/><W42/><G35/><T93/><D93/><U7/><E7/><V75/><F75/><W1/><G128/><T67/><D67/><U37/><E89/><V80/><F82/><W96/><G131/><T9/><D9/><U28/><E90/><V121/><F121/><W55/><G123/><RYUUKYOKU ba="0,1" sc="200,15,230,-15,230,15,330,-15" hai0="23,26,31,38,41,46,52,59,62,68,70,104,105" hai2="29,30,48,50,80,86,88" /><INIT seed="2,1,1,0,0,93" ten="215,215,245,315" oya="2" hai0="26,58,120,128,32,61,113,115,132,13,85,84,2" hai1="104,52,60,68,102,80,90,8,3,0,25,7,103" hai2="126,27,57,130,10,83,122,47,87,96,41,24,117" hai3="67,116,134,127,121,48,78,15,74,91,118,72,9"/><V35/><F117/><W44/><G121/><T75/><D120/><U97/><E0/><V86/><F122/><W123/><G123/><T105/><D75/><U1/><E1/><V59/><F130/><W22/><G67/><T51/><D2/><U124/><E124/><V36/><F126/><W20/><G127/><T95/><D105/><U63/><E103/><V110/><F110/><W4/><G74/><T100/><D128/><U129/><E129/><V43/><F43/><W45/><G45/><T11/><D132/><U37/><E37/><V131/><F131/><W46/><G46/><T88/><D100/><U112/><E112/><V29/><F10/><W119/><G134/><T30/><D51/><U133/><E133/><V16/><F87/><W111/><G111/><T21/><D84/><N who="1" m="50439" /><E68/><V89/><REACH who="2" step="1"/><F96/><REACH who="2" ten="215,215,235,315" step="2"/><W53/><G116/><T69/><D113/><U12/><E8/><V33/><F33/><W65/><G118/><T34/><D115/><U18/><E97/><V92/><F92/><W39/><G9/><T64/><REACH who="0" step="1"/><D69/><REACH who="0" ten="205,215,235,315" step="2"/><U56/><E104/><V6/><F6/><AGARI ba="1,3" hai="6,11,13,21,26,30,32,34,58,61,64,85,88,95" machi="6" ten="30,7700,0" yaku="1,1,2,1,7,1,54,1,53,0" doraHai="93" doraHaiUra="107" who="0" fromWho="2" sc="205,110,215,0,235,-80,315,0" /><INIT seed="3,0,0,5,2,39" ten="315,215,155,315" oya="3" hai0="91,27,53,18,26,9,43,3,105,83,92,75,129" hai1="24,23,78,84,98,121,94,122,71,16,40,2,62" hai2="126,6,10,22,25,33,19,46,50,115,106,67,111" hai3="57,21,68,125,133,131,41,132,56,72,119,69,108"/><W60/><G119/><T100/><D129/><U4/><E2/><V32/><F115/><W77/><G131/><T97/><D53/><U58/><E71/><V30/><F126/><W59/><G125/><T28/><D43/><U54/><E4/><V0/><F111/><W1/><G1/><T66/><D66/><U113/><E113/><V31/><F106/><W80/><G108/><T73/><D28/><N who="2" m="10794" /><F50/><W61/><G41/><T42/><D42/><U90/><E40/><V114/><F46/><W103/><G103/><T96/><D73/><U79/><E84/><V52/><F52/><W110/><G21/><T99/><D97/><U82/><E82/><V128/><F67/><W5/><G5/><T12/><D3/><U35/><E35/><N who="2" m="13387" /><F114/><W88/><G88/><T34/><D34/><U86/><E86/><V36/><F36/><W48/><G48/><T81/><D81/><U76/><AGARI ba="0,0" hai="16,23,24,54,58,62,76,78,79,90,94,98,121,122" machi="76" ten="30,7900,0" yaku="0,1,25,2,54,1" doraHai="39" who="1" fromWho="1" sc="315,-20,215,79,155,-20,315,-39" /><INIT seed="4,0,0,5,5,4" ten="295,294,135,276" oya="0" hai0="23,8,1,98,104,56,41,81,51,65,44,36,122" hai1="67,131,78,21,2,92,127,64,7,85,45,54,53" hai2="42,39,84,48,99,97,66,118,90,130,83,11,6" hai3="33,12,14,70,58,31,13,57,135,61,24,43,96"/><T5/><D122/><U77/><E127/><V63/><F130/><W121/><G121/><T82/><D23/><U117/><E117/><V126/><F126/><W105/><G135/><T28/><D28/><U88/><E131/><V60/><F39/><W115/><G115/><T52/><D104/><U62/><E2/><V89/><F118/><W113/><G43/><T111/><D111/><U15/><E53/><V93/><F97/><W22/><G22/><T86/><D98/><U25/><E15/><V123/><F123/><W50/><G50/><T19/><D65/><N who="1" m="25163" /><E7/><V91/><F91/><W27/><G113/><T94/><D19/><N who="1" m="12479" /><E45/><V69/><F63/><W102/><G27/><T76/><D82/><U107/><E107/><V68/><F68/><W133/><G133/><T38/><D94/><U101/><E101/><V46/><REACH who="2" step="1"/><F6/><REACH who="2" ten="295,294,125,276" step="2"/><W106/><G106/><T75/><D38/><U132/><E132/><V74/><F74/><W30/><G70/><T34/><D75/><U119/><E119/><V80/><F80/><W40/><G105/><T29/><D36/><U73/><E73/><V35/><F35/><W59/><G33/><T26/><D34/><U49/><E62/><V16/><F16/><W79/><G61/><N who="0" m="35975" /><D29/><U37/><E37/><V9/><AGARI ba="0,1" hai="9,11,42,46,48,60,66,69,83,84,89,90,93,99" machi="9" ten="30,7900,0" yaku="1,1,0,1,52,2,53,0" doraHai="4" doraHaiUra="17" who="2" fromWho="2" sc="295,-39,294,-20,125,89,276,-20" /><INIT seed="5,0,0,3,1,32" ten="256,274,214,256" oya="1" hai0="58,0,25,99,5,120,56,42,115,97,35,124,23" hai1="90,14,129,71,73,112,122,1,110,51,31,11,4" hai2="30,19,86,72,64,60,54,123,131,102,116,101,109" hai3="28,87,83,6,55,17,59,85,33,135,133,114,16"/><U46/><E122/><V69/><F123/><W20/><G114/><T119/><D119/><U15/><E112/><V132/><F109/><W9/><G33/><T66/><D120/><U74/><E110/><V63/><F116/><W49/><G28/><T128/><D115/><U29/><E71/><V21/><F72/><W118/><G118/><T75/><D75/><U39/><E39/><V52/><F132/><N who="3" m="50763" /><G20/><T107/><D35/><U76/><E74/><V96/><F131/><W61/><G49/><T117/><D117/><U113/><E90/><V10/><F63/><W106/><G106/><T82/><D82/><U36/><E129/><V126/><F126/><W22/><G22/><T68/><D42/><N who="1" m="22855" /><E51/><V44/><F44/><W121/><G121/><T43/><D43/><U100/><E100/><V57/><F69/><W95/><G95/><T103/><D124/><U67/><E67/><V24/><F86/><N who="3" m="32779" /><G83/><T50/><D50/><U80/><E113/><V7/><F19/><W130/><G130/><T62/><D128/><U94/><E94/><N who="2" m="58519" /><F102/><W70/><G70/><T89/><D89/><U47/><E47/><V104/><F104/><W8/><G8/><N who="0" m="2087" /><D107/><U40/><E40/><V48/><F48/><W88/><G88/><T18/><D103/><U81/><E81/><V3/><AGARI ba="0,0" hai="3,7,10,21,24,30,52,54,57,60,64" m="58519" machi="3" ten="30,4000,0" yaku="25,1,52,1,54,1" doraHai="32" who="2" fromWho="2" sc="256,-10,274,-20,214,40,256,-10" /><INIT seed="6,0,0,1,2,43" ten="246,254,254,246" oya="2" hai0="91,37,53,54,55,72,27,7,71,74,22,63,62" hai1="19,75,129,8,85,56,46,110,16,51,14,44,112" hai2="57,90,122,105,84,30,25,98,70,81,119,83,34" hai3="100,29,106,20,102,52,117,49,126,99,64,66,78"/><V24/><F119/><W118/><G126/><T77/><D37/><U92/><E110/><V125/><F122/><W10/><G78/><T40/><D40/><U113/><E75/><V124/><F70/><W69/><G102/><T116/><D116/><U108/><E108/><V58/><F24/><W2/><G117/><T123/><D123/><U68/><E68/><V17/><F17/><W9/><G118/><T96/><D7/><U107/><E107/><V1/><F1/><W13/><G2/><T11/><D11/><U38/><E129/><V23/><F34/><W127/><G69/><T104/><D77/><U101/><E19/><V3/><F3/><W60/><G9/><T134/><D134/><U132/><E132/><V89/><F105/><W86/><G127/><N who="2" m="48713" /><F81/><W28/><G20/><T88/><D71/><U33/><E33/><V50/><F50/><W87/><G29/><T12/><D12/><U73/><E38/><V59/><F98/><W15/><G28/><N who="0" m="17527" /><D104/><U135/><E135/><V18/><F30/><W4/><G15/><T26/><D26/><U35/><E35/><V95/><F95/><W128/><G128/><T103/><D72/><U0/><E73/><V121/><F121/><W67/><REACH who="3" step="1"/><G60/><REACH who="3" ten="246,254,254,236" step="2"/><N who="0" m="23083" /><D74/><U133/><E133/><V76/><AGARI ba="0,1" hai="18,23,25,57,58,59,76,83,84,89,90" m="48713" machi="76" ten="30,1500,0" yaku="18,1" doraHai="43" who="2" fromWho="2" sc="246,-5,254,-5,254,25,236,-5" /><INIT seed="6,1,0,4,3,15" ten="241,249,279,231" oya="2" hai0="101,70,60,6,133,112,127,115,46,65,41,116,29" hai1="74,52,64,111,11,85,106,17,123,114,7,81,94" hai2="125,45,32,87,124,38,54,97,3,19,131,76,84" hai3="75,31,82,71,37,119,14,117,95,89,50,96,51"/><V104/><F32/><W105/><G37/><N who="0" m="21807" /><D6/><U67/><E106/><V13/><F3/><W72/><G71/><T91/><D101/><U21/><E111/><V63/><F76/><W135/><G135/><T49/><D29/><U78/><E114/><N who="0" m="43561" /><D91/><U107/><E107/><V118/><F118/><W92/><G31/><T25/><D25/><N who="1" m="14511" /><E74/><V20/><F38/><W98/><G105/><T66/><D116/><U90/><E123/><V73/><F73/><W102/><G82/><T0/><D0/><U23/><E7/><V121/><F121/><W30/><G30/><T132/><D127/><N who="2" m="48714" /><F84/><W55/><G14/><T5/><D5/><U68/><E78/><V59/><F87/><W39/><G39/><T27/><D27/><U62/><E81/><V8/><F97/><W80/><G80/><T22/><D22/><U130/><E23/><V40/><F20/><W77/><G77/><T99/><D99/><U69/><E11/><V16/><F104/><W18/><G102/><T9/><D9/><U86/><E86/><V26/><F26/><W58/><G89/><T44/><D65/><U28/><E28/><V33/><F33/><W100/><G100/><T48/><D44/><U12/><E12/><V36/><F19/><W1/><G1/><T128/><D128/><AGARI ba="1,0" hai="8,13,16,36,40,45,54,59,63,128,131" m="48714" machi="128" ten="30,5800,0" yaku="18,1,52,1,54,1" doraHai="15" who="2" fromWho="0" sc="241,-61,249,0,279,61,231,0" owari="180,-32.0,249,4.9,340,44.0,231,-16.9" /></mjloggm>