<mjloggm ver="2.3"><GO type="225" lobby="0"/><UN n0="%E3%81%95%E3%81%8D%E3%81%9F%E3%81%BE%E6%9E%97%E6%AA%8E" n1="%70%68%65%6E%6F%6D%65" n2="%74%61%6B%75%61%6B%61" n3="%72%69%6F%75%63%68%61%6E" dan="16,17,17,16" rate="2107.91,2191.61,2247.13,2125.39" sx="M,M,M,M"/><TAIKYOKU oya="0"/><INIT seed="0,0,0,0,2,23" ten="250,250,250,250" oya="0" hai0="48,130,123,103,127,107,135,41,28,60,53,93,134" hai1="33,65,74,20,98,131,43,6,105,21,94,85,45" hai2="124,114,44,126,12,0,106,121,82,31,129,10,89" hai3="64,52,97,55,59,133,32,102,75,111,51,122,109"/><T8/><D123/><U73/><E33/><V13/><F106/><W24/><G133/><N who="0" m="50699" /><D107/><U100/><E131/><V132/><F132/><W49/><G122/><T112/><D112/><U118/><E118/><V58/><F44/><W40/><G75/><T26/><D130/><U79/><E6/><N who="2" m="1351" /><F58/><W128/><G128/><T63/><D41/><U38/><E65/><V87/><F121/><W91/><G64/><T113/><D113/><U90/><REACH who="1" step="1"/><E73/><REACH who="1" ten="250,240,250,250" step="2"/><V57/><F129/><W68/><G32/><N who="0" m="20503" /><D127/><U99/><E99/><V88/><F114/><W76/><G97/><N who="0" m="59823" /><D8/><U70/><E70/><V116/><F116/><W47/><G68/><T120/><D120/><U61/><E61/><V25/><F126/><W115/><G115/><T119/><D119/><U71/><E71/><V125/><F124/><W14/><G111/><T36/><D36/><U1/><E1/><V95/><F125/><W92/><G109/><T84/><D84/><U30/><E30/><V101/><F31/><W18/><G102/><T37/><D37/><U104/><E104/><V42/><F101/><W54/><G76/><T81/><D81/><AGARI ba="0,1" hai="20,21,38,43,45,74,79,81,85,90,94,98,100,105" machi="81" ten="40,5200,0" yaku="1,1,24,2,53,0" doraHai="23" doraHaiUra="3" who="1" fromWho="0" sc="250,-52,240,62,250,0,250,0" /><INIT seed="1,0,0,5,2,102" ten="198,302,250,250" oya="1" hai0="72,104,106,61,93,111,20,23,53,25,3,94,122" hai1="5,90,98,21,11,63,128,57,108,125,127,30,48" hai2="97,36,103,105,70,31,58,2,44,91,33,19,67" hai3="100,56,15,99,92,66,73,29,9,83,131,41,89"/><U109/><E48/><V42/><F58/><W50/><G131/><T76/><D3/><U86/><E128/><V60/><F91/><W88/><G29/><T12/><D72/><U123/><E123/><V71/><F71/><W6/><G66/><T34/><D34/><U130/><E130/><V114/><F19/><W126/><G126/><N who="1" m="48138" /><E21/><V107/><F114/><W26/><G26/><T77/><D12/><N who="1" m="5231" /><E30/><V45/><F45/><W135/><G135/><T133/><D133/><U18/><E18/><V65/><F65/><W4/><G4/><T78/><D122/><U54/><E98/><V62/><F62/><W40/><G73/><T17/><D61/><U84/><E90/><N who="3" m="34922" /><G83/><T69/><D111/><AGARI ba="0,0" hai="54,57,63,84,86,108,109,111" m="5231,48138" machi="111" ten="30,5800,0" yaku="14,1,10,1,18,1" doraHai="102" who="1" fromWho="0" sc="198,-58,302,58,250,0,250,0" /><INIT seed="1,1,0,1,2,78" ten="140,360,250,250" oya="1" hai0="36,37,96,103,82,74,31,0,62,46,124,50,98" hai1="69,15,43,59,115,88,3,25,9,18,28,23,11" hai2="91,30,21,54,134,66,89,49,44,29,57,33,116" hai3="117,73,81,129,86,22,107,75,76,119,2,39,40"/><U42/><E69/><V77/><F33/><W63/><G129/><T58/><D124/><U110/><E115/><V67/><F116/><N who="3" m="44619" /><G107/><T72/><D0/><U45/><E110/><V132/><F77/><W105/><G105/><T53/><D31/><N who="2" m="11786" /><F21/><W131/><G131/><T100/><D36/><U113/><E113/><V111/><F111/><W14/><G2/><T61/><D37/><U130/><E130/><V85/><F85/><W99/><G99/><T93/><D62/><U121/><E121/><V112/><F112/><W122/><G122/><T38/><D38/><U6/><E45/><V114/><F114/><W87/><G63/><T97/><D97/><U108/><E108/><V106/><F106/><W17/><G86/><T52/><REACH who="0" step="1"/><D82/><REACH who="0" ten="130,360,250,250" step="2"/><U35/><E35/><V84/><F134/><W20/><G20/><T47/><D47/><AGARI ba="1,1" hai="14,17,22,39,40,47,73,75,76,81,87" m="44619" machi="47" ten="30,2000,0" yaku="12,1,52,1" doraHai="78" who="3" fromWho="0" sc="130,-23,360,0,250,0,250,33" /><INIT seed="2,0,0,2,1,42" ten="107,360,250,283" oya="2" hai0="59,125,126,52,43,23,115,93,47,54,24,19,46" hai1="77,57,32,40,12,117,102,90,49,118,98,114,76" hai2="94,18,53,36,58,38,56,109,122,73,20,131,104" hai3="69,121,2,100,92,17,62,9,127,72,83,105,15"/><V112/><F122/><W124/><G121/><T80/><D115/><U79/><E114/><V110/><F112/><W74/><G105/><T31/><D43/><U68/><E68/><V84/><F104/><W87/><G2/><T78/><D93/><U91/><E32/><V133/><F73/><W89/><G69/><T135/><D135/><U48/><E12/><N who="2" m="9287" /><F131/><W130/><G130/><T82/><D31/><U96/><E40/><V44/><F133/><W63/><G72/><T8/><D8/><U67/><E67/><V86/><F56/><W29/><G29/><T132/><D132/><U128/><E128/><V60/><F94/><W4/><G17/><T81/><D78/><U95/><E57/><V70/><F70/><W27/><G27/><T3/><D3/><U108/><E108/><N who="2" m="41579" /><F44/><N who="0" m="16938" /><D59/><U85/><E117/><V97/><F97/><N who="3" m="59431" /><G74/><T7/><D7/><U111/><E118/><V134/><F134/><W22/><G22/><T123/><D123/><U13/><E111/><V6/><F6/><W50/><G4/><T14/><D24/><U35/><E35/><V71/><F71/><W55/><G9/><T41/><D41/><U107/><REACH who="1" step="1"/><E13/><REACH who="1" ten="107,350,250,283" step="2"/><V120/><F120/><W0/><G15/><T61/><D61/><U64/><E64/><V66/><F66/><W116/><G0/><T65/><D65/><U103/><E103/><V39/><AGARI ba="0,1" hai="36,38,39,53,58,60,84,86" m="41579,9287" machi="39" ten="40,3900,0" yaku="14,1,10,1" doraHai="42" who="2" fromWho="2" sc="107,-13,350,-13,250,49,283,-13" /><INIT seed="2,1,0,3,0,34" ten="94,337,299,270" oya="2" hai0="40,42,21,20,80,51,101,121,60,4,83,33,71" hai1="12,58,72,27,50,49,87,134,57,73,38,75,74" hai2="82,52,102,13,35,114,79,68,66,23,77,63,59" hai3="117,76,1,107,86,6,84,85,89,17,131,125,124"/><V133/><F114/><W11/><G117/><T128/><D121/><U36/><E73/><V111/><F133/><W92/><G131/><T19/><D128/><U31/><E134/><V39/><F35/><W104/><G17/><T10/><D33/><U18/><E87/><N who="3" m="33354" /><G76/><T7/><D71/><U129/><E129/><V32/><F32/><W8/><G8/><T90/><D101/><U96/><E96/><V44/><F111/><W70/><G70/><T28/><D28/><U97/><E97/><V62/><F102/><W45/><G45/><T91/><D10/><U81/><E81/><V105/><F105/><W61/><G61/><T88/><D60/><U69/><E69/><V55/><F82/><N who="0" m="31274" /><D51/><U78/><E78/><V16/><REACH who="2" step="1"/><F55/><REACH who="2" ten="94,337,289,270" step="2"/><W93/><G93/><T119/><D119/><U120/><E120/><V130/><F130/><W100/><G100/><T110/><D110/><U113/><E113/><V14/><F14/><W37/><G37/><T9/><D9/><N who="1" m="6415" /><E38/><V56/><F56/><W116/><G116/><T41/><D19/><U2/><E36/><V5/><F5/><AGARI ba="1,1" hai="4,5,7,20,21,40,41,42,88,90,91" m="31274" machi="5" ten="40,8000,1" yaku="28,2,8,1,54,1" doraHai="34" who="0" fromWho="2" sc="94,93,337,0,289,-83,270,0" /><INIT seed="3,0,0,3,1,66" ten="187,337,206,270" oya="3" hai0="29,4,108,25,68,67,72,124,15,77,70,103,42" hai1="110,98,90,53,19,2,74,21,132,109,63,82,39" hai2="40,34,85,87,51,104,60,125,22,45,76,128,134" hai3="118,36,117,38,61,37,50,0,46,62,75,112,69"/><W49/><G0/><T80/><D103/><U31/><E39/><N who="3" m="14922" /><G75/><T83/><D42/><U106/><E31/><V56/><F125/><W54/><G112/><T133/><D124/><U9/><E132/><V114/><F128/><W8/><G8/><T81/><D133/><U59/><E9/><V91/><F34/><W30/><G30/><T18/><D4/><U120/><E2/><V55/><F104/><W93/><G93/><T122/><D122/><U89/><E120/><V99/><F114/><W65/><N who="3" m="14930" /><W96/><DORA hai="41" /><G96/><T113/><D113/><U32/><E32/><V57/><F134/><W100/><G100/><T129/><D129/><U84/><E74/><V33/><F33/><W121/><G121/><T17/><D17/><U105/><E106/><V115/><F115/><W78/><G78/><T94/><D94/><N who="1" m="56655" /><E105/><V20/><F57/><N who="3" m="32975" /><G61/><T52/><D52/><AGARI ba="0,0" hai="46,50,52,62,65,69,117,118" m="32975,14930" machi="52" ten="40,12000,1" yaku="34,2,52,2,54,1" doraHai="66,41" who="3" fromWho="0" sc="187,-120,337,0,206,0,270,120" owari="67,-43.3,337,13.7,206,-19.4,390,49.0" /></mjloggm>