<mjloggm ver="2.3"><GO type="225" lobby="0"/><UN n0="%E5%8F%AF%E5%85%90%E9%82%A3%E7%94%B1%E5%A4%9A" n1="%E3%81%82%E3%81%B9%E3%81%99%E3%81%91" n2="%6D%75%75%6D%75%72%61" n3="%4C%4F%4C%49%54%41" dan="16,16,16,16" rate="2184.05,2093.52,2137.65,2161.53" sx="F,M,F,F"/><TAIKYOKU oya="0"/><INIT seed="0,0,0,5,3,38" ten="250,250,250,250" oya="0" hai0="24,112,66,26,129,70,50,111,17,36,135,2,118" hai1="100,87,27,73,58,54,114,77,119,88,56,104,55" hai2="96,4,65,11,99,91,42,53,10,106,19,101,134" hai3="37,0,20,67,82,60,29,117,81,9,133,78,52"/><T98/><D36/><U33/><E119/><V64/><F134/><W34/><G117/><T121/><D112/><U128/><E128/><V7/><F53/><W95/><G133/><T57/><D118/><U15/><E114/><V40/><F19/><W8/><G34/><T124/><D2/><U76/><E104/><V21/><F21/><W6/><G37/><T46/><D70/><U31/><E100/><V45/><F91/><W43/><G81/><T127/><D121/><U126/><E15/><V69/><F106/><W107/><G107/><T105/><D129/><U72/><E126/><N who="0" m="48169" /><D135/><U75/><E55/><V116/><F116/><W25/><G8/><T130/><D130/><U94/><REACH who="1" step="1"/><E58/><REACH who="1" ten="250,240,250,250" step="2"/><V44/><F69/><W16/><G52/><N who="0" m="29783" /><D111/><U49/><AGARI ba="0,1" hai="27,31,33,49,54,56,72,73,75,76,77,87,88,94" machi="49" ten="30,8000,1" yaku="1,1,0,1,54,1,53,2" doraHai="38" doraHaiUra="74" who="1" fromWho="1" sc="250,-40,240,90,250,-20,250,-20" /><INIT seed="1,0,0,0,4,9" ten="210,330,230,230" oya="1" hai0="21,103,91,93,60,45,26,104,119,83,130,67,62" hai1="52,86,99,35,57,12,125,113,110,132,24,100,123" hai2="55,13,121,51,92,8,97,31,68,96,74,89,79" hai3="0,20,134,61,94,1,109,41,54,129,85,126,10"/><U87/><E113/><V38/><F38/><W81/><G109/><T70/><D119/><U108/><E123/><V76/><F121/><W69/><G129/><T2/><D130/><U117/><E117/><V118/><F118/><W116/><G116/><T64/><D2/><U40/><E132/><V18/><F68/><W78/><G134/><T133/><D133/><U17/><E40/><V131/><F131/><W63/><G126/><T5/><D5/><U105/><E125/><V16/><F31/><W42/><G1/><T128/><D128/><U32/><E86/><N who="2" m="52279" /><F74/><W114/><G114/><T127/><D127/><U72/><E87/><V46/><F18/><W3/><G3/><T58/><D83/><U112/><E72/><V122/><F122/><W56/><G0/><T77/><D77/><AGARI ba="0,0" hai="8,13,16,46,51,55,76,77,79,96,97" m="52279" machi="77" ten="30,3900,0" yaku="8,1,52,1,54,1" doraHai="9" who="2" fromWho="0" sc="210,-39,330,0,230,39,230,0" /><INIT seed="2,0,0,5,2,63" ten="171,330,269,230" oya="2" hai0="120,59,16,83,69,101,74,51,72,5,45,41,109" hai1="88,62,27,43,85,78,91,103,132,22,7,18,116" hai2="118,36,4,61,2,38,54,56,99,75,117,107,111" hai3="126,131,1,3,24,70,122,86,90,28,133,48,135"/><V100/><F75/><W89/><G122/><T6/><D120/><U20/><E116/><V26/><F111/><W124/><G70/><T87/><D69/><U93/><E132/><N who="3" m="50762" /><G48/><T46/><D109/><U65/><E7/><V71/><F36/><W12/><G89/><T104/><D74/><U21/><E43/><V57/><F71/><W110/><G110/><T108/><D72/><U33/><E33/><V9/><F38/><W19/><G90/><N who="1" m="34346" /><E78/><V95/><F107/><W11/><G86/><T82/><D108/><U77/><E93/><V64/><REACH who="2" step="1"/><F26/><REACH who="2" ten="171,330,259,230" step="2"/><W66/><G131/><T98/><D87/><U30/><E85/><V113/><F113/><W40/><G24/><T32/><D104/><U96/><E27/><V79/><F79/><W31/><G124/><T53/><D83/><U106/><E77/><V34/><F34/><W15/><G126/><T42/><D82/><U129/><E106/><V84/><F84/><W67/><G31/><T123/><D32/><U94/><E30/><V58/><F58/><W102/><G28/><T49/><D123/><U25/><E129/><V35/><F35/><W81/><G81/><T17/><D101/><U0/><E25/><V68/><F68/><W60/><G102/><T128/><D128/><U50/><E103/><V97/><F97/><W121/><G121/><T39/><REACH who="0" step="1"/><D98/><REACH who="0" ten="161,330,259,230" step="2"/><U47/><E96/><V130/><F130/><W52/><G1/><T115/><D115/><U92/><E0/><V125/><F125/><W80/><G3/><T29/><D29/><U14/><E94/><V13/><F13/><W76/><G15/><RYUUKYOKU ba="0,2" sc="161,15,330,-15,259,15,230,-15" hai0="5,6,16,17,39,41,42,45,46,49,51,53,59" hai2="2,4,9,54,56,57,61,64,95,99,100,117,118" /><INIT seed="2,1,2,5,5,0" ten="176,315,274,215" oya="2" hai0="36,20,69,1,13,2,127,62,115,27,91,101,120" hai1="85,34,121,79,47,61,35,40,82,9,125,56,51" hai2="26,113,59,31,23,133,41,29,53,12,129,107,48" hai3="83,117,50,10,73,58,64,32,132,44,70,72,114"/><V130/><F113/><W135/><G117/><T39/><D115/><U100/><E125/><V88/><F107/><W126/><G32/><T78/><D120/><U63/><E121/><V99/><F133/><N who="3" m="51275" /><G114/><T97/><D127/><U109/><E109/><V98/><F41/><W106/><G106/><T38/><D78/><U19/><E100/><V15/><F31/><W95/><G70/><T7/><D91/><U90/><E63/><V43/><F43/><W110/><G110/><T30/><D62/><U89/><E35/><V45/><F45/><W108/><G108/><T52/><D69/><U93/><E93/><N who="2" m="56615" /><F99/><W123/><G123/><T94/><REACH who="0" step="1"/><D52/><REACH who="0" ten="166,315,274,215" step="2"/><U17/><E90/><V84/><F84/><W5/><G126/><T75/><D75/><U54/><E89/><V68/><F68/><W3/><G83/><T46/><D46/><U6/><REACH who="1" step="1"/><E34/><REACH who="1" ten="166,305,274,215" step="2"/><V81/><F81/><W4/><G64/><T57/><D57/><U24/><E24/><V66/><F66/><W22/><G58/><T104/><D104/><U105/><E105/><V134/><F134/><W14/><G95/><T8/><AGARI ba="1,4" hai="1,2,7,8,13,20,27,30,36,38,39,94,97,101" machi="8" ten="40,12000,2" yaku="1,1,0,1,52,1,53,3" doraHai="0" doraHaiUra="71" who="0" fromWho="0" sc="166,163,305,-31,274,-61,215,-31" /><INIT seed="3,0,0,2,1,67" ten="329,274,213,184" oya="3" hai0="120,129,92,13,45,121,22,49,55,24,105,15,73" hai1="44,25,101,109,10,21,26,53,30,42,77,94,39" hai2="125,51,6,57,114,88,118,35,28,82,2,108,78" hai3="107,72,76,91,130,69,47,34,54,8,117,104,17"/><W62/><G117/><T132/><D105/><U98/><E109/><V75/><F118/><W9/><G34/><T36/><D73/><U29/><E77/><V59/><F108/><W0/><G130/><T123/><D129/><U1/><E53/><V70/><F70/><W71/><G76/><T43/><D132/><U50/><E10/><V127/><F114/><W135/><G72/><T119/><D119/><U19/><E1/><V116/><F116/><W115/><G115/><T86/><D86/><U33/><E19/><V111/><F111/><W41/><G135/><T96/><D36/><U84/><E84/><V4/><F88/><W93/><G9/><T66/><D66/><U31/><E31/><V83/><F83/><W103/><G103/><T99/><D55/><U79/><E79/><V23/><F35/><W89/><G89/><T81/><D81/><U48/><AGARI ba="0,0" hai="21,25,26,29,30,33,39,42,44,48,50,94,98,101" machi="48" ten="30,1100,0" yaku="0,1" doraHai="67" who="1" fromWho="1" sc="329,-3,274,11,213,-3,184,-5" owari="326,42.6,285,8.5,210,-19.0,179,-32.1" /></mjloggm>