<mjloggm ver="2.3"><GO type="225" lobby="0"/><UN n0="%E7%B4%94%E6%BD%94%E3%83%94%E3%83%A9%E3%83%8B%E3%82%A2" n1="%E5%B0%8F%E9%B3%A5%E9%81%8A%E7%B7%B4%E7%84%A1%32%31%E6%AD%B3" n2="%E6%A1%9C%E8%8A%B1%E9%96%83%E3%80%85" n3="%E3%81%B5%E3%81%98%E3%81%8B%E3%81%A4" dan="16,16,16,16" rate="2104.46,2171.75,2116.07,2169.75" sx="M,F,M,M"/><TAIKYOKU oya="0"/><INIT seed="0,0,0,4,5,103" ten="250,250,250,250" oya="0" hai0="86,35,119,27,3,111,89,106,23,10,30,74,66" hai1="2,113,77,97,123,107,8,32,41,124,131,51,101" hai2="118,58,20,114,85,109,79,40,6,92,44,18,115" hai3="104,127,43,9,22,73,64,38,94,72,47,90,34"/><T60/><D119/><U125/><E123/><V133/><F109/><W130/><G127/><N who="1" m="48714" /><E32/><V56/><F133/><W49/><G34/><T13/><D74/><U62/><E131/><V105/><F6/><W71/><G130/><T48/><D48/><U50/><E41/><V67/><F118/><W46/><G9/><T65/><D111/><U7/><E77/><V33/><F33/><W42/><G104/><T93/><D106/><U82/><E82/><V112/><F105/><W98/><G71/><T68/><D66/><U37/><E37/><V45/><F45/><W17/><REACH who="3" step="1"/><G64/><REACH who="3" ten="250,250,250,240" step="2"/><T99/><D35/><U135/><E135/><V78/><F67/><W102/><G102/><T15/><D3/><U57/><E113/><V11/><F11/><W53/><G53/><AGARI ba="0,1" hai="2,7,8,50,51,53,57,62,97,101,107" m="48714" machi="53" ten="30,2000,0" yaku="18,1,52,1" doraHai="103" who="1" fromWho="3" sc="250,0,250,30,250,0,240,-20" /><INIT seed="1,0,0,3,1,135" ten="250,280,250,220" oya="1" hai0="76,26,90,133,66,81,113,99,80,69,86,87,128" hai1="118,72,115,35,96,119,60,70,53,33,40,68,71" hai2="92,11,91,103,50,117,9,44,30,45,85,110,125" hai3="79,37,93,77,67,27,20,12,94,10,129,89,106"/><U29/><E115/><V59/><F110/><W22/><G106/><T56/><D133/><U6/><E72/><V114/><F117/><W28/><G37/><T0/><D0/><U52/><E40/><V47/><F114/><W55/><G129/><T105/><D113/><U102/><E6/><V17/><F125/><W7/><G67/><T39/><D39/><U8/><E8/><V131/><F131/><W31/><G94/><T116/><D116/><U132/><E132/><V58/><F30/><W78/><G55/><T4/><D4/><U43/><E43/><V34/><F34/><W108/><G108/><T104/><D69/><U23/><E119/><V16/><F103/><W5/><G5/><T127/><D127/><U88/><E102/><V18/><F50/><W109/><G109/><T101/><D26/><U100/><E100/><V112/><F112/><W73/><G73/><T120/><D120/><U54/><E60/><V82/><F92/><W57/><G57/><AGARI ba="0,0" hai="9,11,16,17,18,44,45,47,57,58,59,82,85,91" machi="57" ten="40,2600,0" yaku="8,1,54,1" doraHai="135" who="2" fromWho="3" sc="250,0,280,0,250,26,220,-26" /><INIT seed="2,0,0,0,1,109" ten="250,280,276,194" oya="2" hai0="54,51,17,121,68,95,89,3,113,26,94,1,69" hai1="40,22,30,4,124,98,61,46,91,57,97,114,102" hai2="11,100,33,128,39,116,43,14,34,23,16,8,49" hai3="47,5,24,62,6,74,75,37,19,129,77,105,2"/><V88/><F39/><W108/><G108/><T76/><D76/><U104/><E4/><V126/><F116/><W78/><G105/><T67/><D121/><U96/><E124/><V53/><F126/><W41/><G129/><T101/><D101/><U132/><E132/><V103/><F128/><W90/><G90/><T135/><D135/><U117/><E117/><V7/><F43/><W56/><G78/><T131/><D131/><U115/><E30/><V45/><F11/><W106/><G106/><T93/><D89/><U119/><E22/><V10/><F10/><W92/><G92/><T13/><D26/><U120/><E120/><V111/><F111/><W28/><G19/><T63/><D68/><U48/><E119/><V65/><F65/><W66/><G2/><T122/><D122/><U85/><E98/><V38/><F38/><W72/><REACH who="3" step="1"/><G77/><REACH who="3" ten="250,280,276,184" step="2"/><T32/><D3/><U15/><E97/><V36/><F88/><W118/><G118/><T52/><D1/><U73/><E73/><V134/><F134/><W133/><G133/><T50/><D93/><U9/><E91/><V58/><F103/><W25/><G25/><T107/><D94/><U18/><REACH who="1" step="1"/><E85/><REACH who="1" ten="250,270,276,184" step="2"/><V99/><F99/><W64/><G64/><AGARI ba="0,2" hai="9,15,18,40,46,48,57,61,64,96,102,104,114,115" machi="64" ten="30,8000,1" yaku="1,1,2,1,7,1,52,2,53,0" doraHai="109" doraHaiUra="125" who="1" fromWho="3" sc="250,0,270,100,276,0,184,-80" /><INIT seed="3,0,0,3,4,33" ten="250,370,276,104" oya="3" hai0="27,47,32,44,96,115,52,67,62,112,88,103,9" hai1="31,17,132,92,126,11,74,80,76,48,90,0,65" hai2="81,111,29,84,128,57,25,8,61,127,54,64,69" hai3="56,105,60,24,104,97,68,131,63,50,77,13,55"/><W110/><G131/><T34/><D9/><U22/><E31/><V87/><F111/><W58/><G77/><T53/><D103/><U98/><E132/><V108/><F108/><W129/><G129/><T95/><D44/><U102/><E126/><V117/><F128/><W26/><G110/><T38/><D38/><U83/><E83/><V119/><F8/><W28/><G13/><T85/><D85/><U113/><E113/><N who="0" m="43593" /><D47/><U122/><E65/><V120/><F120/><W49/><G68/><N who="0" m="42103" /><D32/><U72/><E48/><V93/><F87/><W15/><G15/><T7/><D7/><U99/><E72/><V106/><F127/><W10/><G10/><T5/><D5/><U40/><E40/><V91/><F106/><W14/><G14/><T35/><D35/><U18/><E122/><V16/><F117/><W89/><G89/><T109/><D109/><U133/><E133/><V118/><F118/><W59/><G59/><T114/><N who="0" m="43601" /><T19/><DORA hai="100" /><D19/><U3/><E17/><V41/><F16/><W134/><G134/><T70/><D70/><U4/><E4/><V45/><F119/><W43/><G43/><T101/><D101/><U39/><E39/><V30/><F81/><W1/><G1/><T36/><D36/><U75/><E75/><V79/><F79/><W123/><G123/><T86/><D86/><U116/><E11/><V37/><F25/><N who="3" m="9835" /><G28/><AGARI ba="0,0" hai="27,28,34,52,53,88,95,96" m="42103,43601" machi="28" ten="40,5200,0" yaku="11,1,54,2" doraHai="33,100" who="0" fromWho="3" sc="250,52,370,0,276,0,104,-52" owari="302,10.2,370,47.0,276,-12.4,52,-44.8" /></mjloggm>