<mjloggm ver="2.3"><GO type="225" lobby="0"/><UN n0="%E3%81%B7%E3%82%8A%E3%82%93%E8%81%96%E4%BA%BA" n1="%E7%9C%9F%E4%B8%80" n2="%72%69%6F%75%63%68%61%6E" n3="%E6%A1%9C%E8%8A%B1%E9%96%83%E3%80%85" dan="16,17,17,18" rate="2142.02,2268.65,2229.47,2213.01" sx="M,M,M,M"/><TAIKYOKU oya="0"/><INIT seed="0,0,0,2,1,7" ten="250,250,250,250" oya="0" hai0="2,110,40,47,72,74,12,135,55,42,83,54,4" hai1="44,103,71,41,70,77,62,95,119,53,91,108,99" hai2="109,27,104,122,81,14,35,1,105,90,30,32,0" hai3="10,118,58,85,123,79,63,68,24,43,92,65,69"/><T115/><D2/><U31/><E119/><V100/><F122/><W45/><G118/><T18/><D115/><U116/><E116/><V64/><F109/><W8/><G123/><T126/><D4/><U124/><E108/><V3/><F32/><W107/><G107/><T112/><D112/><U106/><E124/><V11/><F64/><W33/><G69/><T82/><D110/><U125/><E125/><V34/><F34/><W133/><G68/><T132/><D126/><U98/><E77/><V102/><F105/><W49/><G133/><T9/><D82/><U75/><E75/><V50/><F104/><W78/><G33/><T101/><D101/><U80/><E80/><V15/><F15/><W117/><G24/><T46/><D83/><U121/><E121/><V93/><F50/><W86/><G117/><T127/><D127/><U88/><E91/><V21/><F35/><W37/><G37/><T36/><D72/><U66/><E53/><V48/><F48/><W97/><G79/><T114/><D74/><U61/><E31/><V89/><F81/><N who="3" m="47287" /><G86/><T129/><D114/><U56/><REACH who="1" step="1"/><E62/><REACH who="1" ten="250,240,250,250" step="2"/><V28/><F30/><W87/><G87/><T17/><D129/><U60/><E60/><V38/><F90/><AGARI ba="0,1" hai="8,10,43,45,49,58,63,65,90,92,97" m="47287" machi="90" ten="30,3900,0" yaku="8,1,52,2" doraHai="7" who="3" fromWho="2" sc="250,0,240,0,250,-39,250,49" /><INIT seed="1,0,0,5,2,97" ten="250,240,211,299" oya="1" hai0="75,120,89,82,15,49,123,6,115,9,72,37,79" hai1="101,44,53,3,87,121,98,70,80,14,17,113,32" hai2="134,20,122,39,69,132,95,58,94,102,29,1,51" hai3="40,73,92,107,54,112,26,59,85,62,46,34,64"/><U31/><E121/><N who="0" m="46665" /><D115/><U13/><E113/><V57/><F122/><W106/><G73/><T42/><D89/><U30/><E70/><V128/><F128/><W41/><G112/><T56/><D37/><U60/><E3/><V8/><F39/><W47/><G34/><T133/><D133/><N who="2" m="51306" /><F69/><W10/><G26/><T135/><D135/><U66/><E32/><V111/><F111/><W84/><G10/><T2/><D2/><U127/><E127/><V91/><F51/><N who="3" m="29055" /><G107/><T18/><D18/><U5/><E5/><N who="2" m="1071" /><F94/><W19/><G106/><T71/><D71/><U0/><E0/><V83/><F83/><W43/><G19/><T129/><D129/><U125/><E125/><V109/><F109/><W130/><G130/><T52/><D42/><U28/><E17/><V88/><F102/><W27/><G27/><T116/><D116/><U126/><E126/><V131/><F131/><W45/><G92/><T114/><D114/><U90/><E101/><V33/><F33/><W12/><G12/><T35/><D35/><U25/><E25/><N who="2" m="16551" /><F91/><W21/><G21/><T105/><D105/><U78/><E90/><V110/><F110/><W63/><G63/><T96/><D96/><AGARI ba="0,0" hai="57,58,88,95,96" m="16551,1071,51306" machi="96" ten="30,2000,0" yaku="20,1,54,1" doraHai="97" who="2" fromWho="0" sc="250,-20,240,0,211,20,299,0" /><INIT seed="2,0,0,0,4,36" ten="230,240,231,299" oya="2" hai0="2,68,108,110,85,100,74,52,71,20,81,11,79" hai1="103,8,119,104,109,129,130,105,61,40,135,57,65" hai2="116,53,1,114,92,97,33,23,25,29,88,0,4" hai3="41,84,32,64,49,34,13,128,50,86,58,73,96"/><V101/><F114/><W66/><G73/><T98/><D74/><U91/><E119/><V75/><F116/><W111/><G111/><N who="0" m="42539" /><D20/><U120/><E109/><V35/><F75/><W51/><G128/><N who="1" m="49258" /><E135/><V30/><F53/><W93/><G34/><T123/><D123/><U132/><E132/><V121/><F121/><W67/><G32/><T70/><D11/><U63/><E120/><V78/><F78/><W94/><G58/><T69/><D2/><U83/><E103/><V125/><F125/><W42/><G13/><T55/><N who="0" m="17408" /><DORA hai="87" /><T80/><D80/><U90/><E63/><V60/><F60/><W5/><G5/><T43/><D43/><N who="3" m="16393" /><G94/><AGARI ba="0,0" hai="52,55,79,81,85,94,98,100" m="17408,42539" machi="94" ten="60,3900,0" yaku="14,1,54,1" doraHai="36,87" who="0" fromWho="3" sc="230,39,240,0,231,0,299,-39" /><INIT seed="3,0,0,1,5,21" ten="269,240,231,260" oya="3" hai0="4,127,27,81,82,72,90,116,71,63,84,2,31" hai1="68,86,105,83,22,54,32,88,134,49,97,24,99" hai2="126,120,131,129,119,7,42,20,25,52,50,115,106" hai3="128,70,9,56,16,111,124,33,35,108,93,96,34"/><W118/><G70/><T55/><D127/><U48/><E68/><V29/><F115/><W59/><G118/><T135/><D116/><U62/><E32/><V11/><F119/><W44/><G124/><T6/><D2/><U57/><E134/><V30/><F126/><W18/><G44/><T26/><D71/><U79/><E105/><V80/><F106/><W78/><G78/><T76/><D135/><U114/><E114/><V37/><F120/><W87/><G87/><T117/><D117/><U58/><E79/><V14/><F30/><W132/><G128/><N who="2" m="49225" /><F80/><W13/><G18/><T5/><D31/><N who="1" m="17815" /><E48/><V85/><F85/><W3/><G3/><T40/><D40/><U95/><E83/><V77/><F77/><W0/><G0/><T103/><D103/><U64/><AGARI ba="0,0" hai="49,54,57,58,62,64,86,88,95,97,99" m="17815" machi="64" ten="30,4000,0" yaku="8,1,52,1,54,1" doraHai="21" who="1" fromWho="1" sc="269,-10,240,40,231,-10,260,-20" /><INIT seed="4,0,0,2,1,84" ten="259,280,221,240" oya="0" hai0="135,4,118,5,113,131,33,13,24,6,116,31,56" hai1="126,18,127,36,48,123,58,119,130,67,65,71,72" hai2="82,57,83,73,98,2,45,117,79,29,59,91,124" hai3="104,21,15,87,120,94,28,122,111,107,86,68,23"/><T97/><D113/><U34/><E72/><V16/><F124/><N who="1" m="47657" /><E34/><V103/><F2/><W121/><G68/><T35/><D135/><U46/><E123/><V69/><F69/><W99/><G111/><T74/><D74/><U27/><E119/><V100/><F117/><W42/><G42/><T110/><D110/><U22/><E71/><V109/><F109/><W128/><G128/><T9/><D35/><U61/><E36/><V102/><F29/><W95/><G28/><T49/><D131/><U75/><E75/><V3/><F3/><W114/><G114/><T134/><D134/><U70/><E130/><V0/><F0/><W80/><G87/><T43/><D116/><U8/><E8/><V133/><F133/><W106/><G15/><T85/><D97/><U1/><E1/><V50/><F16/><W76/><REACH who="3" step="1"/><G95/><REACH who="3" ten="259,280,221,230" step="2"/><T64/><D118/><U19/><E70/><V90/><F98/><W11/><G11/><T20/><D33/><U52/><E18/><V12/><F12/><W26/><G26/><T66/><D85/><U89/><E89/><AGARI ba="0,1" hai="21,23,76,80,86,89,94,99,104,106,107,120,121,122" machi="89" ten="50,6400,0" yaku="1,1,13,1,52,1,53,0" doraHai="84" doraHaiUra="38" who="3" fromWho="1" sc="259,0,280,-64,221,0,230,74" owari="259,5.9,216,-28.4,221,-17.9,304,40.4" /></mjloggm>