<mjloggm ver="2.3"><GO type="225" lobby="0"/><UN n0="%E3%83%AD%E3%83%BC%E3%83%89%E3%82%AB%E3%83%8A%E3%83%AD%E3%82%A2" n1="%E9%98%BF%E9%83%A8%E5%AF%9B%EF%BC%A0%E9%B3%B3%E5%8D%93" n2="%E3%82%A2%E3%82%A4%E3%82%B9%E3%83%86%E3%82%A3%E3%83%BC%E3%81%82%E3%81%B9" n3="%E3%82%B2%E3%82%B9%E8%8C%82%E5%8B%9D" dan="16,16,16,16" rate="2100.53,2138.40,2127.12,2037.15" sx="M,F,M,F"/><TAIKYOKU oya="0"/><INIT seed="0,0,0,0,3,38" ten="250,250,250,250" oya="0" hai0="51,75,20,98,110,14,135,85,95,134,80,130,59" hai1="114,93,13,131,25,46,39,11,5,113,107,48,27" hai2="54,43,111,31,16,57,112,6,82,86,67,119,29" hai3="52,76,118,88,1,17,64,41,106,2,42,22,33"/><T56/><D75/><U65/><E107/><V44/><F111/><W63/><G118/><T97/><D130/><U74/><E131/><V99/><F112/><N who="1" m="43113" /><E39/><V34/><F6/><W90/><G33/><T49/><D110/><U79/><E65/><V77/><F34/><W121/><G121/><T84/><D20/><U122/><E122/><V102/><F67/><W71/><G106/><T28/><D14/><U128/><E128/><V35/><F35/><W72/><G76/><T105/><D28/><U21/><E21/><V87/><F87/><N who="0" m="33354" /><D80/><N who="1" m="45175" /><E93/><N who="2" m="58735" /><F119/><W61/><G72/><T0/><D0/><U109/><E109/><V108/><F108/><W120/><G120/><T126/><D105/><U18/><E5/><V47/><F16/><W36/><G36/><T50/><D126/><U3/><E3/><V96/><F96/><N who="0" m="36970" /><D95/><U101/><E101/><V26/><F26/><W23/><G1/><T117/><D117/><U92/><E92/><V70/><F70/><W66/><G2/><T9/><D9/><U133/><E133/><AGARI ba="0,0" hai="49,50,51,56,59,133,134,135" m="36970,33354" machi="133" ten="40,7700,0" yaku="28,2,20,1" doraHai="38" who="0" fromWho="1" sc="250,77,250,-77,250,0,250,0" /><INIT seed="0,1,0,0,4,5" ten="327,173,250,250" oya="0" hai0="48,90,2,107,87,125,116,26,12,54,78,84,129" hai1="102,93,112,105,38,133,97,50,101,20,41,61,68" hai2="40,71,22,65,62,43,15,10,60,130,94,6,98" hai3="83,132,88,55,75,11,99,18,23,122,46,85,86"/><T0/><D116/><U29/><E133/><V9/><F130/><W95/><G132/><T31/><D107/><U121/><E121/><V36/><F36/><W19/><G122/><T69/><D69/><U77/><E112/><V49/><F22/><W135/><G135/><T4/><D125/><U51/><E77/><V24/><F24/><N who="3" m="14455" /><G75/><T7/><D78/><U117/><E117/><V80/><F80/><W45/><G55/><T113/><D84/><N who="3" m="32361" /><G83/><T82/><D129/><U16/><E29/><V81/><F81/><W106/><G106/><T33/><D113/><U52/><E38/><V28/><F28/><W39/><G39/><T64/><D64/><U103/><E105/><V21/><F21/><W1/><G1/><T14/><D2/><U70/><E70/><V124/><F124/><W73/><G73/><T13/><REACH who="0" step="1"/><D0/><REACH who="0" ten="317,173,250,250" step="2"/><U67/><E41/><V79/><F79/><W89/><G89/><T35/><D35/><U127/><E127/><V25/><F43/><W3/><G3/><T37/><D37/><U110/><E67/><V44/><F65/><W134/><G134/><T27/><D27/><N who="1" m="14727" /><E68/><V119/><F25/><W42/><G42/><T53/><D53/><U108/><E108/><V74/><F74/><W104/><G104/><T47/><AGARI ba="1,1" hai="4,7,12,13,14,26,31,33,47,48,54,82,87,90" machi="47" ten="30,3000,0" yaku="1,1,0,1,53,0" doraHai="5" doraHaiUra="57" who="0" fromWho="0" sc="317,43,173,-11,250,-11,250,-11" /><INIT seed="0,2,0,2,5,57" ten="360,162,239,239" oya="0" hai0="17,61,2,126,97,130,48,95,0,58,30,128,35" hai1="117,21,74,84,83,123,127,4,93,107,131,15,51" hai2="98,32,24,45,63,91,101,28,115,52,6,72,65" hai3="80,16,22,68,77,71,46,100,135,89,92,59,37"/><T43/><D126/><U99/><E117/><V108/><F108/><W114/><G135/><T113/><D113/><U82/><E123/><V26/><F72/><W3/><G3/><T120/><D120/><U88/><E127/><V73/><F73/><W69/><G100/><T19/><D35/><U25/><E131/><N who="0" m="50217" /><D30/><U11/><E74/><V14/><F115/><W62/><G114/><T81/><D81/><U23/><E107/><V50/><F26/><W110/><G110/><T27/><D48/><U67/><E82/><V64/><F91/><W133/><G133/><T9/><D43/><U119/><E119/><V47/><F6/><W121/><G121/><T20/><D17/><U134/><E134/><V36/><F14/><W44/><G37/><T125/><D9/><U34/><E51/><V1/><F1/><W129/><G129/><T112/><D112/><U42/><E42/><V33/><F65/><W53/><G80/><T122/><D125/><U70/><E34/><V116/><F116/><W39/><G77/><T96/><D96/><U38/><E38/><V132/><F132/><W86/><REACH who="3" step="1"/><G39/><REACH who="3" ten="360,162,239,229" step="2"/><T10/><D122/><U111/><E111/><V29/><F36/><W66/><G66/><N who="0" m="39223" /><D10/><U31/><E67/><V106/><F33/><W40/><G40/><T102/><AGARI ba="2,1" hai="0,2,19,20,27,95,97,102" m="39223,50217" machi="102" ten="30,3000,0" yaku="19,1,52,1" doraHai="57" who="0" fromWho="0" sc="360,46,162,-12,239,-12,229,-12" /><INIT seed="0,3,0,4,1,83" ten="406,150,227,217" oya="0" hai0="79,68,30,37,35,54,76,131,65,24,46,52,108" hai1="31,82,49,81,99,98,20,22,12,85,106,59,11" hai2="94,27,43,72,14,78,42,56,80,101,129,93,84" hai3="133,57,87,105,96,3,25,23,114,41,33,111,1"/><T95/><D131/><U4/><E106/><V21/><F129/><W102/><G111/><T18/><D108/><U64/><E81/><V75/><F14/><W2/><G133/><T73/><D73/><U36/><E36/><V109/><F109/><W110/><G110/><T100/><D68/><U104/><E104/><V48/><F75/><W50/><G114/><T116/><D65/><U135/><E135/><V69/><F69/><W89/><G33/><T119/><D119/><U39/><E39/><V51/><F72/><W13/><G13/><T66/><D66/><U122/><E122/><V115/><F115/><W74/><G74/><T53/><D116/><U123/><E123/><V126/><F126/><W19/><G3/><T71/><D71/><U5/><E5/><V130/><F130/><W124/><G124/><T103/><D18/><U77/><E31/><V70/><F70/><W0/><G1/><T90/><D100/><U67/><E67/><V32/><F32/><W15/><G25/><T6/><D103/><U88/><E77/><V55/><F51/><W10/><G10/><T28/><D6/><U112/><E112/><V63/><F48/><W47/><REACH who="3" step="1"/><G57/><REACH who="3" ten="406,150,227,207" step="2"/><T91/><D35/><U128/><E128/><V34/><F34/><W107/><G107/><T58/><D24/><U7/><E4/><V17/><F101/><W60/><G60/><T127/><D58/><U121/><E121/><V44/><F44/><W62/><G62/><T125/><D125/><U120/><E120/><V29/><F29/><W97/><G97/><N who="1" m="36874" /><E64/><V132/><F132/><W134/><G134/><RYUUKYOKU ba="3,1" sc="406,-30,150,10,227,10,207,10" hai1="7,11,12,20,22,49,59,82,85,88" hai2="17,21,27,42,43,55,56,63,78,80,84,93,94" hai3="0,2,15,19,23,41,47,50,87,89,96,102,105" /><INIT seed="1,4,1,1,5,16" ten="376,160,237,217" oya="1" hai0="20,122,1,34,133,104,61,30,0,77,90,66,114" hai1="56,86,112,93,130,129,59,52,75,99,28,6,124" hai2="62,46,4,106,65,72,78,113,22,120,108,48,35" hai3="32,121,17,27,84,43,92,8,123,101,15,23,111"/><U45/><E112/><V63/><F35/><W42/><G111/><T24/><D114/><U40/><E75/><V117/><F117/><W38/><G32/><T10/><D133/><U55/><E6/><V14/><F108/><W103/><G103/><T110/><D104/><U12/><E86/><V102/><F120/><W125/><G125/><T87/><D110/><U70/><E124/><V31/><F113/><W60/><G60/><T54/><D77/><U89/><E70/><V95/><F106/><W18/><G38/><T19/><D54/><N who="1" m="20523" /><E12/><V37/><F37/><W135/><G135/><T44/><D44/><U33/><E28/><V47/><F78/><W85/><G85/><T116/><D116/><U109/><E33/><V5/><F72/><W29/><G29/><T134/><D122/><U107/><E107/><V9/><F5/><W13/><G121/><T132/><D132/><U81/><E81/><V7/><F4/><N who="3" m="3207" /><G123/><T64/><D0/><U105/><E105/><V69/><F63/><W96/><G84/><T39/><D39/><N who="1" m="21663" /><E109/><V74/><F74/><W2/><G2/><T25/><D134/><U79/><E79/><V26/><REACH who="2" step="1"/><F48/><REACH who="2" ten="376,160,227,217" step="2"/><W94/><G94/><N who="0" m="54623" /><D61/><U76/><E76/><V119/><F119/><W128/><G128/><AGARI ba="4,2" hai="56,59,89,93,99,128,129,130" m="21663,20523" machi="128" ten="30,2900,0" yaku="19,1,54,1" doraHai="16" who="1" fromWho="3" sc="376,0,160,61,227,0,217,-41" /><INIT seed="1,5,0,5,3,113" ten="376,221,227,176" oya="1" hai0="17,70,6,10,62,93,39,74,71,16,132,95,133" hai1="131,108,43,35,68,15,23,2,109,78,120,81,47" hai2="121,82,26,87,19,33,25,125,105,97,79,73,29" hai3="55,4,107,104,48,110,40,103,66,89,49,102,32"/><U116/><E120/><V20/><F125/><W52/><G40/><T51/><D39/><U38/><E131/><V3/><F3/><W44/><G110/><N who="1" m="42602" /><E35/><V111/><F111/><W58/><G32/><T54/><D74/><N who="1" m="43223" /><E2/><V69/><F69/><N who="0" m="26122" /><D62/><U63/><E23/><V124/><F124/><W28/><G28/><T119/><D95/><U36/><E15/><V65/><F65/><W99/><G66/><T106/><D93/><U91/><E36/><V83/><F121/><W96/><G89/><T134/><D106/><U86/><E68/><V123/><F123/><W12/><G12/><T42/><D6/><AGARI ba="5,0" hai="4,6,44,48,49,52,55,58,96,99,102,103,104,107" machi="6" ten="40,2600,0" yaku="9,1,54,1" doraHai="113" who="3" fromWho="0" sc="376,-41,221,0,227,0,176,41" /><INIT seed="2,0,0,5,4,22" ten="335,221,227,217" oya="2" hai0="83,64,3,43,5,34,89,99,124,63,127,123,28" hai1="38,65,69,49,97,120,36,11,57,71,55,26,33" hai2="23,75,98,110,46,21,117,20,115,121,91,87,68" hai3="129,96,67,80,15,41,130,42,119,133,17,103,58"/><V82/><F121/><W2/><G2/><T1/><D123/><U77/><E120/><V62/><F117/><W18/><G119/><T101/><D43/><U79/><E11/><V116/><F116/><W93/><G80/><T27/><D83/><U111/><E111/><V50/><F115/><W61/><G133/><T56/><D89/><U35/><E97/><V31/><F110/><W60/><G60/><T104/><D5/><U109/><E109/><V47/><F75/><W126/><G126/><AGARI ba="0,0" hai="1,3,27,28,34,56,63,64,99,101,104,124,126,127" machi="126" ten="40,2600,0" yaku="18,1,52,1" doraHai="22" who="0" fromWho="3" sc="335,26,221,0,227,0,217,-26" /><INIT seed="3,0,0,3,4,95" ten="361,221,227,191" oya="3" hai0="22,30,109,33,115,17,53,121,14,81,36,39,89" hai1="18,58,129,63,83,93,23,82,103,114,59,131,61" hai2="123,99,73,19,88,130,64,47,44,128,54,100,120" hai3="6,97,118,21,87,35,13,124,48,126,125,26,0"/><W3/><G118/><T110/><D121/><N who="2" m="46666" /><F73/><W38/><G38/><T12/><D115/><U84/><E114/><V135/><F135/><W9/><G35/><T51/><D12/><U8/><E8/><V134/><F134/><W94/><G87/><N who="0" m="50415" /><D30/><U42/><E42/><V127/><F127/><W71/><G48/><T34/><D34/><U43/><E43/><V78/><F78/><W79/><G79/><T119/><D33/><U132/><E132/><V65/><F19/><N who="3" m="12607" /><G71/><T116/><D39/><U102/><E84/><V66/><F88/><AGARI ba="0,0" hai="0,3,6,9,13,88,94,97,124,125,126" m="12607" machi="88" ten="30,5800,0" yaku="18,1,52,1,54,1" doraHai="95" who="3" fromWho="2" sc="361,0,221,0,227,-58,191,58" /><INIT seed="3,1,0,4,4,124" ten="361,221,169,249" oya="3" hai0="5,80,73,74,48,100,123,55,125,133,108,77,6" hai1="56,131,35,78,106,102,85,4,71,9,23,116,40" hai2="0,76,91,92,109,50,26,122,101,127,31,8,60" hai3="14,32,19,53,117,38,34,121,33,81,86,28,12"/><W95/><G117/><T105/><D123/><U58/><E116/><V89/><F127/><W82/><G121/><T11/><D125/><U70/><E23/><V25/><F122/><W79/><G38/><T68/><D68/><U43/><E85/><V110/><F76/><W66/><G66/><T67/><D67/><U75/><E35/><V30/><F60/><W118/><G118/><T3/><D108/><U45/><E43/><V84/><F101/><W69/><G69/><T54/><D6/><U61/><E58/><V112/><F112/><W2/><G2/><T120/><D120/><U104/><E104/><V114/><F114/><W49/><G95/><T135/><D73/><U52/><E75/><V10/><F50/><W20/><G81/><T27/><D27/><U113/><E106/><V21/><F0/><W51/><G12/><T97/><REACH who="0" step="1"/><D55/><REACH who="0" ten="351,221,169,249" step="2"/><U128/><E70/><V15/><F91/><W65/><G65/><T72/><D72/><U29/><E71/><V47/><F47/><AGARI ba="1,1" hai="3,5,11,47,48,54,74,77,80,97,100,105,133,135" machi="47" ten="40,2600,0" yaku="1,1,53,1" doraHai="124" doraHaiUra="99" who="0" fromWho="2" sc="351,39,221,0,169,-29,249,0" owari="390,49.0,221,-17.9,140,-36.0,249,4.9" /></mjloggm>