<mjloggm ver="2.3"><GO type="225" lobby="0"/><UN n0="%E5%A4%96%E5%B7%9D%E7%AB%9C%E6%88%90" n1="%E3%81%AF%E3%82%88%E3%81%8A%E3%81%98%E3%81%95%E3%82%93" n2="%E3%81%A9%E3%82%93%E3%82%88%E3%81%8F%4D%6B%2E%32" n3="%4D%6F%6E%61%6E%61" dan="16,17,16,16" rate="2083.52,2191.66,2155.63,2100.33" sx="M,M,M,F"/><TAIKYOKU oya="0"/><INIT seed="0,0,0,0,0,117" ten="250,250,250,250" oya="0" hai0="120,126,19,40,87,2,96,125,81,104,9,20,133" hai1="75,79,74,35,46,18,11,112,68,118,54,59,7" hai2="91,27,28,84,65,107,123,82,95,86,80,70,99" hai3="53,76,110,98,55,97,101,22,26,32,45,6,132"/><T47/><D133/><U57/><E68/><V38/><F38/><W29/><G110/><T8/><D104/><U25/><E118/><V85/><F70/><W16/><G132/><T13/><D96/><U92/><E112/><V64/><F107/><W119/><G119/><T78/><D120/><U127/><E127/><N who="0" m="48649" /><D2/><U106/><E106/><V62/><F123/><W43/><G76/><T122/><D122/><U44/><E92/><V21/><REACH who="2" step="1"/><F65/><REACH who="2" ten="250,250,240,250" step="2"/><W48/><G6/><T71/><D71/><U49/><E7/><V34/><F34/><W102/><G102/><T24/><D24/><U100/><E25/><V88/><F88/><W124/><G124/><T10/><D20/><U114/><E35/><V89/><F89/><W111/><G111/><T134/><D134/><U128/><E100/><V66/><F66/><W37/><G101/><T30/><D30/><U17/><E114/><V41/><F41/><W116/><G116/><T94/><D94/><U12/><E54/><V39/><F39/><AGARI ba="0,1" hai="8,9,10,13,19,39,40,47,78,81,87" m="48649" machi="39" ten="30,1500,0" yaku="18,1" doraHai="117" who="0" fromWho="2" sc="250,25,250,0,240,-15,250,0" /><INIT seed="0,1,0,1,1,45" ten="275,250,225,250" oya="0" hai0="17,51,124,64,100,122,25,63,2,62,50,52,95" hai1="13,26,29,79,81,112,72,84,56,96,16,55,105" hai2="75,69,93,59,87,80,4,103,104,71,74,40,89" hai3="39,117,102,114,97,99,41,131,90,132,92,20,82"/><T47/><D122/><U133/><E133/><V125/><F125/><W123/><G39/><T0/><D124/><U121/><E121/><V135/><F135/><W134/><G41/><T48/><D0/><U38/><E112/><V129/><F40/><W118/><G20/><N who="0" m="13455" /><D2/><U86/><E38/><V43/><F43/><W6/><G6/><T12/><D12/><U60/><E96/><N who="2" m="61543" /><F4/><W3/><G3/><T58/><D62/><U98/><E98/><AGARI ba="1,0" hai="47,48,50,51,52,58,63,64,95,98,100" m="13455" machi="98" ten="30,12000,1" yaku="8,1,52,3,54,1" doraHai="45" who="0" fromWho="1" sc="275,123,250,-123,225,0,250,0" /><INIT seed="0,2,0,5,0,2" ten="398,127,225,250" oya="0" hai0="24,96,25,103,121,77,34,22,1,79,19,57,126" hai1="95,113,97,107,127,131,72,7,112,56,42,66,62" hai2="45,69,98,78,117,46,93,91,109,61,99,76,94" hai3="0,47,87,39,38,130,83,6,23,15,111,101,35"/><T122/><D1/><U14/><E72/><V63/><F109/><W132/><G111/><T37/><D37/><U36/><E107/><V59/><F69/><W31/><G130/><T102/><D126/><U119/><E119/><V120/><F117/><W64/><G132/><T118/><D118/><U55/><E131/><V134/><F134/><W49/><G64/><T92/><D103/><U5/><E127/><V13/><F120/><W53/><G101/><T65/><D34/><U60/><E14/><V88/><F13/><W9/><G35/><T8/><D25/><U82/><E82/><V51/><F51/><W86/><G86/><T106/><D106/><U110/><E110/><V74/><F59/><W12/><G0/><T26/><D26/><U123/><E123/><V21/><F21/><W11/><G23/><T75/><D75/><AGARI ba="2,0" hai="45,46,61,63,74,75,76,78,88,91,93,94,98,99" machi="75" ten="25,3200,0" yaku="22,2,54,1" doraHai="2" who="2" fromWho="0" sc="398,-38,127,0,225,38,250,0" /><INIT seed="1,0,0,1,5,128" ten="360,127,263,250" oya="1" hai0="82,20,6,92,109,36,95,130,125,101,18,114,8" hai1="108,84,63,81,51,26,71,127,129,45,10,54,31" hai2="131,7,35,126,116,32,100,72,121,0,73,104,48" hai3="134,119,96,33,124,64,105,78,97,74,52,98,90"/><U28/><E127/><V27/><F121/><W85/><G33/><T9/><D36/><U14/><E129/><V37/><F37/><W102/><G64/><T70/><D70/><U77/><E108/><V94/><F131/><W46/><G124/><T61/><D114/><U56/><E71/><V69/><F69/><W34/><G34/><T110/><D125/><U87/><E87/><V29/><F126/><W75/><G119/><T93/><D130/><U44/><E26/><V66/><F66/><W2/><G2/><T16/><D101/><U76/><E76/><V60/><F60/><W117/><G117/><T67/><D82/><U58/><E44/><V43/><F104/><W57/><G46/><T103/><D103/><U99/><E99/><V83/><F35/><W42/><G42/><T118/><D118/><U38/><E38/><V115/><F115/><W68/><G68/><N who="0" m="42095" /><D20/><U22/><E22/><V23/><F32/><W132/><G78/><T19/><D6/><U107/><E107/><V62/><F62/><N who="3" m="36135" /><G102/><T39/><D39/><U86/><E86/><V88/><F100/><W15/><G15/><T89/><D89/><U112/><E112/><V122/><F122/><W79/><G79/><T55/><D55/><N who="1" m="34207" /><E58/><V133/><F73/><N who="3" m="27659" /><G105/><T49/><D49/><U3/><E3/><V91/><F48/><W24/><G24/><T17/><N who="0" m="4096" /><DORA hai="25" /><T120/><D120/><U113/><E113/><V40/><F0/><W12/><G12/><T53/><D53/><U21/><E21/><N who="2" m="15599" /><F72/><W13/><G13/><T50/><D50/><U47/><E45/><V4/><F23/><RYUUKYOKU ba="0,0" sc="360,10,127,10,263,-30,250,10" hai0="8,9,92,93,95,109,110" hai1="10,14,28,31,47,51,54,77,81,84" hai3="85,90,96,97,98,132,134" /><INIT seed="1,1,0,4,1,74" ten="370,137,233,260" oya="1" hai0="82,123,98,43,75,9,101,53,118,25,111,50,47" hai1="133,63,104,125,60,6,97,64,99,116,28,24,91" hai2="132,1,48,102,18,30,76,49,130,4,40,135,66" hai3="42,11,27,87,72,110,5,103,67,126,96,0,23"/><U55/><E116/><V100/><F130/><W121/><G110/><T105/><D118/><U17/><E125/><V79/><F30/><W69/><G121/><T119/><D119/><U129/><E129/><V120/><F120/><W26/><G126/><T36/><D123/><U109/><E133/><N who="2" m="51275" /><F66/><W21/><G72/><T10/><D111/><U62/><E109/><V127/><F127/><W54/><G42/><T29/><D82/><U107/><E6/><V3/><F18/><W77/><G54/><T131/><D75/><U38/><E38/><V68/><F68/><W32/><G26/><T80/><D80/><U113/><E113/><V8/><F3/><W56/><G56/><T114/><D114/><U95/><E17/><V41/><F41/><W112/><G112/><T57/><REACH who="0" step="1"/><D131/><REACH who="0" ten="360,137,233,260" step="2"/><U92/><E64/><V13/><F1/><W22/><G67/><T46/><D46/><U134/><E134/><V12/><F12/><W31/><G69/><T89/><D89/><U14/><E14/><V16/><F4/><W94/><REACH who="3" step="1"/><G87/><REACH who="3" ten="360,137,233,250" step="2"/><T35/><AGARI ba="1,2" hai="9,10,25,29,35,36,43,47,50,53,57,98,101,105" machi="35" ten="20,2700,0" yaku="1,1,0,1,7,1,53,0" doraHai="74" doraHaiUra="15" who="0" fromWho="0" sc="360,50,137,-14,233,-8,250,-8" /><INIT seed="2,0,0,0,1,119" ten="410,123,225,242" oya="2" hai0="9,73,123,30,21,120,87,11,5,53,41,82,29" hai1="51,23,130,84,27,6,18,122,99,110,63,69,85" hai2="24,135,54,71,55,134,64,109,74,59,56,45,125" hai3="65,86,42,37,90,47,60,58,128,22,117,35,39"/><V76/><F76/><W127/><G117/><T3/><D73/><U2/><E110/><V95/><F74/><W25/><G127/><T34/><D41/><U20/><E130/><V10/><F10/><W61/><G128/><T28/><D53/><N who="2" m="19978" /><F95/><W70/><G35/><T67/><D67/><U88/><E51/><V46/><F24/><W83/><G60/><T38/><D38/><U121/><E20/><V26/><F26/><W102/><G102/><T111/><D111/><U103/><E6/><V15/><F15/><W8/><G8/><T0/><D34/><U12/><E2/><V131/><F109/><W57/><REACH who="3" step="1"/><G39/><REACH who="3" ten="410,123,225,232" step="2"/><T94/><D9/><U33/><E103/><V7/><F125/><W75/><G75/><T97/><D0/><U104/><E104/><V89/><F131/><W93/><G93/><T17/><D94/><N who="1" m="56775" /><E63/><N who="2" m="40351" /><F7/><W43/><G43/><T91/><REACH who="0" step="1"/><D97/><REACH who="0" ten="400,123,225,232" step="2"/><U116/><E116/><V79/><F135/><W113/><G113/><T106/><D106/><U66/><E66/><V112/><F112/><W80/><G80/><T108/><D108/><U72/><E72/><V132/><F134/><W48/><G48/><T124/><D124/><U78/><E69/><V77/><F132/><W14/><G14/><AGARI ba="0,2" hai="3,5,11,14,17,21,28,29,30,82,87,91,120,123" machi="14" ten="40,8000,1" yaku="1,1,52,2,53,1" doraHai="119" doraHaiUra="81" who="0" fromWho="3" sc="400,100,123,0,225,0,232,-80" /><INIT seed="3,0,0,4,5,50" ten="500,123,225,152" oya="3" hai0="103,115,36,121,85,122,59,56,107,38,68,61,7" hai1="42,87,82,64,33,129,130,43,100,23,94,26,41" hai2="48,83,80,76,90,19,79,18,34,75,45,86,20" hai3="15,28,105,93,96,62,98,8,39,112,123,29,60"/><W51/><G39/><N who="0" m="14891" /><D7/><U58/><E33/><V133/><F34/><W120/><G105/><T66/><D85/><U114/><E114/><V99/><F133/><W46/><G112/><T102/><D107/><U17/><E64/><V111/><F111/><W132/><G132/><T32/><D102/><U89/><REACH who="1" step="1"/><E58/><REACH who="1" ten="500,113,225,152" step="2"/><N who="0" m="22057" /><D103/><U81/><E81/><V95/><F20/><W104/><G120/><N who="0" m="46187" /><D32/><U116/><E116/><V10/><F10/><W127/><G123/><T52/><D115/><U78/><E78/><V55/><AGARI ba="0,1" hai="18,19,45,48,55,75,76,79,80,83,86,90,95,99" machi="55" ten="20,2700,0" yaku="0,1,7,1,52,1" doraHai="50" who="2" fromWho="2" sc="500,-7,113,-7,225,37,152,-13" owari="493,59.3,106,-39.4,262,6.2,139,-26.1" /></mjloggm>