<mjloggm ver="2.3"><GO type="225" lobby="0"/><UN n0="%4C%4F%4C%49%54%41" n1="%E3%81%8B%E3%81%9F%32%36%E3%82%8A" n2="%E3%82%B3%E3%83%90%E3%83%AC%E3%82%A4" n3="%E3%83%81%E3%83%83%E3%82%BF%E3%82%BD%E3%83%BC" dan="16,16,16,17" rate="2165.40,2100.66,2111.97,2204.51" sx="F,M,M,F"/><TAIKYOKU oya="0"/><INIT seed="0,0,0,2,4,42" ten="250,250,250,250" oya="0" hai0="74,19,108,77,8,134,30,87,75,64,17,29,33" hai1="129,133,125,70,132,51,116,62,79,22,102,58,92" hai2="78,63,114,91,96,83,0,35,100,1,31,48,13" hai3="23,47,97,50,82,14,18,39,41,12,16,122,115"/><T107/><D107/><U61/><E116/><V15/><F114/><W124/><G122/><T36/><D36/><U9/><E79/><V32/><F91/><W67/><G124/><T20/><D134/><N who="1" m="51819" /><E125/><V117/><F117/><W131/><G131/><T27/><D64/><N who="1" m="41231" /><E129/><V76/><F63/><W4/><G115/><T106/><D106/><U2/><E22/><V123/><F48/><W38/><G4/><T40/><D33/><U112/><E51/><V109/><F31/><W56/><G82/><N who="0" m="47567" /><D74/><U105/><E105/><V128/><F83/><W119/><G119/><T55/><D40/><U72/><E72/><V53/><F128/><W121/><G121/><T21/><D8/><U120/><E120/><V60/><F32/><W37/><G97/><T24/><D75/><U85/><E112/><V110/><F35/><W71/><G71/><T5/><D108/><U98/><E85/><V88/><F96/><W43/><G43/><T118/><D118/><U25/><E25/><V101/><F123/><W28/><G28/><N who="0" m="10859" /><D5/><U6/><E62/><V44/><F60/><W52/><G67/><T86/><D86/><U93/><E93/><V57/><F110/><W104/><G104/><T103/><D103/><U66/><E66/><V54/><F109/><W111/><G111/><T126/><D126/><U10/><E10/><AGARI ba="0,0" hai="10,12,14,16,18,23,37,38,39,41,47,50,52,56" machi="10" ten="30,7700,0" yaku="7,1,52,1,54,2" doraHai="42" who="3" fromWho="1" sc="250,0,250,-77,250,0,250,77" /><INIT seed="1,0,0,3,3,88" ten="250,173,250,327" oya="1" hai0="110,78,18,113,99,69,111,77,14,45,89,97,13" hai1="63,28,75,126,85,44,56,109,95,12,121,24,134" hai2="83,6,31,92,124,71,115,66,30,54,67,15,125" hai3="106,11,29,107,61,1,23,103,42,98,96,52,68"/><U34/><E121/><V48/><F83/><W102/><G42/><T129/><D113/><U65/><E75/><V41/><F41/><W20/><G29/><N who="2" m="10761" /><F71/><W57/><REACH who="3" step="1"/><G68/><REACH who="3" ten="250,173,250,317" step="2"/><T25/><D69/><U38/><E134/><V123/><F123/><W90/><G90/><T116/><D89/><U2/><E126/><V51/><F115/><W84/><G84/><T33/><D77/><U40/><E109/><V79/><F79/><W37/><G37/><T101/><D78/><U104/><E104/><V58/><F125/><W3/><G3/><T86/><D86/><U19/><E2/><V73/><F73/><W93/><G93/><T59/><D110/><U122/><E122/><V21/><F124/><W74/><G74/><T62/><D111/><U5/><E85/><V55/><F92/><W120/><G120/><T27/><D101/><U64/><E95/><V81/><F81/><W112/><G112/><T4/><D33/><U9/><REACH who="1" step="1"/><E5/><AGARI ba="0,1" hai="1,5,11,20,23,52,57,61,96,98,102,103,106,107" machi="5" ten="40,5200,0" yaku="1,1,9,1,54,1,53,0" doraHai="88" doraHaiUra="114" who="3" fromWho="1" sc="250,0,173,-52,250,0,317,62" /><INIT seed="2,0,0,4,1,23" ten="250,121,250,379" oya="2" hai0="102,123,69,0,108,55,27,40,37,72,51,133,57" hai1="7,30,48,113,125,84,50,9,31,109,73,60,59" hai2="111,45,129,114,29,130,83,103,4,89,127,126,49" hai3="105,104,1,67,118,71,97,91,21,87,107,101,122"/><V85/><F4/><W10/><G122/><T35/><D123/><U95/><E73/><V58/><F58/><W100/><G118/><T77/><D0/><U56/><E113/><V75/><F29/><W115/><G115/><T28/><D69/><U93/><E125/><N who="2" m="47627" /><F114/><W116/><G116/><T94/><D108/><U20/><E109/><V11/><F11/><W62/><G101/><T70/><D133/><U76/><E76/><N who="2" m="44447" /><F49/><W25/><G10/><T19/><D70/><U112/><E112/><V81/><F45/><W132/><G132/><T13/><D77/><U52/><E84/><V90/><F111/><W24/><G1/><T80/><D40/><U16/><E50/><V135/><F103/><W32/><G32/><T96/><D37/><U33/><E33/><V99/><F135/><W5/><G5/><T66/><D66/><U6/><E30/><V46/><F46/><W64/><G64/><T22/><D72/><U120/><E31/><V26/><F26/><W74/><G74/><T134/><D134/><U128/><E128/><N who="2" m="49259" /><F99/><W65/><G65/><T86/><D35/><U78/><E120/><V34/><F34/><W61/><G61/><T42/><D42/><U88/><E9/><V3/><F3/><W18/><G25/><T15/><D28/><U79/><E6/><V12/><F12/><W41/><G41/><T98/><D96/><N who="1" m="57383" /><E7/><V119/><F89/><W117/><G117/><AGARI ba="0,0" hai="81,85,90,117,119" m="49259,44447,47627" machi="117" ten="30,11600,0" yaku="18,1,19,1,34,2" doraHai="23" who="2" fromWho="3" sc="250,0,121,0,250,116,379,-116" /><INIT seed="2,1,0,1,2,77" ten="250,121,366,263" oya="2" hai0="104,25,115,116,102,6,45,41,113,118,105,52,35" hai1="123,119,26,46,55,83,16,90,12,64,86,53,101" hai2="42,84,133,44,93,14,126,31,38,125,18,134,36" hai3="22,111,110,50,29,20,65,69,62,48,33,39,85"/><V37/><F31/><W67/><G39/><N who="2" m="14921" /><F18/><W43/><G85/><T109/><D41/><U128/><E128/><V95/><F14/><W27/><G65/><T8/><D109/><N who="3" m="41481" /><G43/><T129/><D129/><U130/><E130/><V24/><F24/><N who="3" m="18599" /><G20/><T80/><D25/><U94/><E119/><N who="0" m="45609" /><D35/><U107/><E123/><V70/><F70/><W60/><G62/><T7/><D80/><U76/><E64/><V112/><F84/><W1/><G1/><N who="0" m="79" /><D7/><U3/><E3/><V15/><F95/><W54/><G54/><T79/><D79/><U47/><E26/><V72/><F93/><W2/><G2/><T34/><D34/><U87/><E107/><N who="0" m="41033" /><D102/><U132/><E101/><V19/><F72/><W40/><G40/><T58/><D45/><U0/><E0/><V61/><F61/><AGARI ba="1,0" hai="52,58,61,113,115" m="41033,79,45609" machi="61" ten="30,2000,0" yaku="12,1,54,1" doraHai="77" who="0" fromWho="2" sc="250,23,121,0,366,-23,263,0" /><INIT seed="3,0,0,2,4,49" ten="273,121,343,263" oya="3" hai0="50,61,130,18,21,54,118,122,41,116,93,120,52" hai1="39,28,51,4,13,75,132,65,119,43,58,83,26" hai2="112,95,12,27,60,129,70,63,3,102,25,62,42" hai3="59,69,9,20,87,40,1,47,30,114,6,67,89"/><W34/><G114/><T8/><D8/><U24/><E83/><V105/><F3/><W17/><G69/><T31/><D31/><U57/><E75/><V97/><F70/><W131/><G131/><T46/><D130/><U7/><E51/><V78/><F129/><W76/><G76/><T108/><D93/><U32/><E65/><V37/><F112/><W110/><G110/><T44/><D108/><U84/><E84/><V134/><F134/><W107/><G107/><T74/><D74/><U124/><E43/><V125/><F125/><W2/><G2/><T22/><D18/><U29/><E39/><V10/><F78/><W99/><G99/><T104/><D104/><U19/><E132/><V106/><F106/><W77/><G77/><T80/><D80/><U128/><E128/><V100/><F37/><W66/><G59/><N who="0" m="35063" /><D21/><U64/><E64/><V55/><F42/><W82/><G34/><T92/><D22/><U81/><E81/><V45/><F102/><W94/><G30/><T127/><D92/><U85/><E85/><V79/><F79/><W98/><G98/><T115/><D127/><U56/><E124/><V15/><F105/><W71/><G82/><T126/><D115/><U23/><REACH who="1" step="1"/><E119/><REACH who="1" ten="273,111,343,263" step="2"/><N who="0" m="45609" /><D126/><U91/><E91/><V123/><F100/><W72/><G72/><T33/><D33/><AGARI ba="0,1" hai="4,7,13,19,23,24,26,28,29,32,33,56,57,58" machi="33" ten="40,2600,0" yaku="1,1,9,1,53,0" doraHai="49" doraHaiUra="73" who="1" fromWho="0" sc="273,-26,111,36,343,0,263,0" owari="247,-15.3,147,-35.3,343,44.3,263,6.3" /></mjloggm>