<mjloggm ver="2.3"><GO type="225" lobby="0"/><UN n0="%4B%2E%32%2E%4B%2E" n1="%E6%A0%B9%E5%85%83%E3%81%8B%E3%82%89%E5%90%B9%E3%81%A3%E9%A3%9B%E3%81%B6" n2="%28%EF%BF%A3%E2%96%BD%EF%BF%A3%29%CE%B4%E2%8C%92%E3%83%BB" n3="%4C%4F%4C%49%54%41" dan="17,17,16,16" rate="2181.55,2181.96,2143.34,2174.29" sx="M,F,M,F"/><TAIKYOKU oya="0"/><INIT seed="0,0,0,1,5,111" ten="250,250,250,250" oya="0" hai0="39,51,24,61,110,16,116,134,46,57,58,11,43" hai1="28,83,47,115,54,12,10,85,0,123,131,120,128" hai2="2,95,91,78,79,25,112,92,9,21,108,119,50" hai3="75,23,14,69,101,48,35,64,129,71,118,29,130"/><T93/><D116/><U98/><E28/><V1/><F108/><W32/><G118/><T133/><D110/><U76/><E0/><V89/><F119/><W109/><G109/><T30/><D93/><U53/><E98/><V37/><F37/><W99/><G75/><T96/><D96/><U63/><E63/><V3/><F9/><W4/><G48/><T70/><D70/><U41/><E115/><V94/><F50/><W44/><G44/><T97/><D97/><U34/><E34/><N who="3" m="12842" /><G64/><T121/><D121/><U135/><E135/><N who="0" m="51721" /><D39/><U18/><E54/><V31/><REACH who="2" step="1"/><F112/><REACH who="2" ten="250,250,240,250" step="2"/><W13/><G129/><N who="1" m="49738" /><E41/><V68/><F68/><W59/><G69/><T113/><D113/><U80/><E123/><V84/><F84/><W33/><G71/><T100/><D61/><U86/><E120/><V20/><F20/><W132/><G23/><N who="0" m="15647" /><D100/><U104/><E86/><V125/><F125/><W106/><G130/><T90/><D90/><AGARI ba="0,1" hai="1,2,3,21,25,31,78,79,89,90,91,92,94,95" machi="90" ten="50,1600,0" yaku="1,1,53,0" doraHai="111" doraHaiUra="67" who="2" fromWho="0" sc="250,-16,250,0,240,26,250,0" /><INIT seed="1,0,0,1,1,57" ten="234,250,266,250" oya="1" hai0="91,98,101,64,28,106,68,104,6,90,41,125,65" hai1="29,47,111,59,82,17,62,8,86,16,129,103,119" hai2="132,131,71,60,94,107,35,79,3,117,88,58,124" hai3="105,66,120,89,70,87,23,102,5,76,33,0,46"/><U133/><E119/><V126/><F107/><W54/><G120/><T122/><D122/><U27/><E129/><V81/><F117/><W38/><G33/><T100/><D68/><U83/><E133/><V50/><F71/><W25/><G76/><T22/><D6/><U19/><E111/><V18/><F35/><W44/><G102/><T10/><D10/><U39/><E103/><V78/><F3/><W95/><G105/><T77/><D77/><U9/><E39/><V52/><F132/><W34/><G34/><T127/><D41/><U15/><E47/><N who="2" m="27743" /><F81/><W96/><G96/><N who="0" m="61447" /><D22/><N who="1" m="15607" /><E8/><V97/><F131/><W92/><G0/><T135/><D28/><U20/><E86/><V113/><F113/><W114/><G114/><T55/><D55/><N who="1" m="34175" /><E17/><V37/><F37/><W115/><G115/><T45/><D45/><U109/><E109/><V108/><F108/><W1/><G38/><T93/><D135/><U56/><E56/><V51/><F18/><N who="3" m="12535" /><G1/><T63/><D106/><U48/><E48/><V30/><F51/><N who="3" m="29031" /><G5/><T49/><D49/><U36/><E36/><V134/><F134/><W72/><G46/><T21/><D21/><U74/><E74/><V80/><F30/><W2/><G72/><T112/><D112/><U99/><E99/><V40/><F40/><W14/><G2/><T85/><D101/><U26/><AGARI ba="0,0" hai="9,15,16,19,20,26,82,83" m="34175,15607" machi="26" ten="30,6000,0" yaku="8,1,52,1,54,1" doraHai="57" who="1" fromWho="1" sc="234,-20,250,60,266,-20,250,-20" /><INIT seed="1,1,0,4,1,0" ten="214,310,246,230" oya="1" hai0="118,120,93,55,101,134,110,71,132,73,123,38,65" hai1="20,102,30,59,87,95,92,84,119,15,129,83,42" hai2="97,47,127,11,133,16,91,27,96,126,121,113,56" hai3="75,44,62,76,77,8,6,14,82,88,74,32,41"/><U13/><E129/><V10/><F121/><N who="0" m="46666" /><D73/><U108/><E42/><V54/><F133/><N who="0" m="51306" /><D101/><U81/><E59/><V103/><F47/><W19/><G32/><T66/><D93/><N who="1" m="35915" /><E30/><V51/><F91/><W89/><G62/><T45/><D110/><U24/><E119/><V130/><F130/><W25/><G25/><T12/><D12/><N who="1" m="4683" /><E102/><V85/><F113/><W49/><G19/><T125/><D125/><N who="2" m="47626" /><F85/><N who="1" m="32841" /><E24/><V5/><F103/><W1/><G14/><T31/><D31/><U106/><E106/><V4/><F11/><W69/><G69/><T86/><D86/><U21/><E108/><V34/><F10/><W58/><G58/><T72/><D72/><U7/><E7/><N who="2" m="2635" /><F34/><W90/><G89/><T2/><D2/><U37/><E37/><V22/><AGARI ba="1,0" hai="16,22,27,51,54,56,96,97" m="2635,47626" machi="22" ten="30,8000,1" yaku="18,1,52,3,54,1" doraHai="0" who="2" fromWho="2" sc="214,-21,310,-41,246,83,230,-21" /><INIT seed="2,0,0,3,1,74" ten="193,269,329,209" oya="2" hai0="116,124,4,120,63,51,54,131,112,3,30,49,93" hai1="122,96,90,68,52,10,38,12,37,17,33,60,119" hai2="98,44,15,31,106,6,18,56,40,77,41,21,117" hai3="58,86,125,76,27,66,61,102,91,79,14,57,73"/><V34/><F117/><W67/><G73/><T5/><D112/><U1/><E119/><V100/><F6/><N who="0" m="2666" /><D3/><U19/><E33/><V8/><F34/><W87/><G125/><T2/><D2/><U123/><E1/><V55/><F77/><N who="3" m="29771" /><G102/><T22/><D116/><U134/><E134/><V69/><F69/><W39/><G39/><T65/><D120/><N who="1" m="46123" /><E17/><V121/><F121/><W95/><G27/><N who="0" m="16759" /><D124/><U59/><E68/><V109/><F100/><W97/><G14/><T110/><D110/><U129/><E129/><V42/><F109/><W126/><G126/><T72/><D72/><U71/><E71/><V81/><F15/><W0/><G0/><T127/><D131/><U46/><E46/><V83/><F106/><W48/><G48/><T99/><D65/><U24/><E24/><V7/><F44/><W94/><G95/><AGARI ba="0,0" hai="10,12,19,37,38,52,59,60,90,95,96" m="46123" machi="95" ten="30,2000,0" yaku="13,1,54,1" doraHai="74" who="1" fromWho="3" sc="193,0,269,20,329,0,209,-20" /><INIT seed="3,0,0,4,5,34" ten="193,289,329,189" oya="3" hai0="7,1,15,45,32,24,59,99,64,76,109,8,91" hai1="96,37,66,117,78,54,55,19,131,26,11,62,47" hai2="105,132,86,42,52,101,114,100,122,113,85,29,40" hai3="102,95,39,98,126,77,97,69,4,3,70,2,83"/><W12/><G39/><T6/><D109/><U23/><E131/><V120/><F29/><W84/><G126/><T44/><D76/><U89/><E117/><V115/><F52/><W116/><G116/><T88/><D7/><U118/><E118/><V22/><F22/><W49/><G49/><T130/><D130/><U128/><E78/><V124/><F105/><W90/><G12/><T68/><D68/><U50/><E37/><V14/><F14/><W87/><G97/><T28/><D1/><U48/><E11/><V5/><F5/><W38/><G38/><T92/><REACH who="0" step="1"/><D91/><REACH who="0" ten="183,289,329,189" step="2"/><U119/><E128/><V93/><F115/><W123/><G123/><T79/><D79/><U104/><E104/><V129/><F120/><W103/><G102/><T63/><AGARI ba="0,1" hai="6,8,15,24,28,32,44,45,59,63,64,88,92,99" machi="63" ten="30,7900,0" yaku="1,1,0,1,54,1,53,1" doraHai="34" doraHaiUra="25" who="0" fromWho="0" sc="183,89,289,-20,329,-20,189,-39" owari="272,7.2,269,-13.1,309,40.9,150,-35.0" /></mjloggm>