<mjloggm ver="2.3"><GO type="225" lobby="0"/><UN n0="%E3%81%82%E3%82%93%E3%81%AA%E3%81%A4" n1="%E6%A1%9C%E8%8A%B1%E9%96%83%E3%80%85" n2="%6B%79%6F%6E%6B%6F%31%31" n3="%E7%8B%82%E6%B0%97%E3%81%AE%E7%9E%B3" dan="17,16,16,16" rate="2196.59,2181.50,2142.24,2054.35" sx="M,M,M,F"/><TAIKYOKU oya="0"/><INIT seed="0,0,0,4,2,95" ten="250,250,250,250" oya="0" hai0="94,68,63,30,78,69,2,45,121,118,59,126,16" hai1="46,107,49,53,86,8,128,65,119,102,76,66,56" hai2="75,1,3,114,132,124,36,122,93,39,135,70,24" hai3="88,19,52,21,26,127,97,5,115,32,117,129,133"/><T38/><D118/><U57/><E119/><V55/><F114/><W11/><G117/><T90/><D2/><N who="2" m="522" /><F122/><W130/><G115/><T18/><D121/><U84/><E128/><N who="3" m="49258" /><G133/><N who="2" m="51273" /><F70/><W43/><G43/><T74/><D30/><U44/><E8/><V79/><F124/><W20/><G127/><T92/><D92/><U58/><E44/><V13/><F55/><W17/><G32/><T99/><D126/><U33/><E33/><V82/><F13/><N who="3" m="5359" /><G52/><T28/><D68/><U61/><E76/><V42/><F42/><W87/><G97/><T6/><D69/><U51/><E51/><V54/><F24/><W104/><G104/><T98/><D98/><U91/><E66/><V112/><F112/><W29/><G21/><T106/><D106/><U105/><E105/><V116/><F116/><W12/><G12/><T125/><D125/><U62/><E62/><V89/><F54/><W120/><G120/><T131/><D131/><U50/><E50/><V15/><F15/><W100/><G100/><T14/><D14/><U81/><E102/><V113/><F113/><W10/><G10/><T73/><D63/><U71/><E107/><V110/><F110/><W23/><G20/><T67/><D99/><AGARI ba="0,0" hai="36,39,75,79,82,89,93,99" m="51273,522" machi="99" ten="30,2000,0" yaku="20,1,52,1" doraHai="95" who="2" fromWho="0" sc="250,-20,250,0,250,20,250,0" /><INIT seed="1,0,0,0,0,120" ten="230,250,270,250" oya="1" hai0="87,45,69,59,132,53,47,98,93,27,78,68,23" hai1="20,73,65,66,70,62,134,129,112,10,133,8,14" hai2="48,43,24,63,57,115,76,22,29,19,97,103,101" hai3="79,11,82,118,135,74,61,131,15,44,86,119,111"/><U55/><E112/><V39/><F115/><W26/><G135/><N who="1" m="51722" /><E73/><V128/><F128/><W3/><G3/><T1/><D1/><U18/><E129/><V104/><F103/><W42/><G131/><T0/><D0/><U13/><E66/><V41/><F39/><W107/><G107/><T109/><D68/><U96/><E55/><V83/><F48/><W34/><G61/><N who="0" m="36079" /><D69/><U50/><E50/><V108/><F19/><W35/><G74/><T16/><D109/><U28/><E28/><V123/><F108/><W85/><G85/><T105/><D105/><U90/><E14/><V32/><F32/><W6/><G111/><T31/><D31/><U95/><AGARI ba="0,0" hai="8,10,13,18,20,62,65,70,90,95,96" m="51722" machi="95" ten="30,1500,0" yaku="20,1" doraHai="120" who="1" fromWho="1" sc="230,-5,250,15,270,-5,250,-5" /><INIT seed="1,1,0,4,3,9" ten="225,265,265,245" oya="1" hai0="67,19,26,32,24,91,37,2,41,12,6,79,97" hai1="8,108,42,48,80,114,116,111,61,110,54,20,83" hai2="96,27,10,68,13,7,46,3,82,15,70,135,34" hai3="62,122,66,132,35,65,109,118,59,130,74,123,45"/><U89/><E114/><V78/><F135/><W16/><G74/><T60/><D79/><U84/><E116/><V103/><F46/><W127/><G35/><T71/><D2/><U119/><E119/><V53/><F53/><W22/><G118/><T77/><D77/><U21/><E42/><V113/><F113/><W124/><G132/><T5/><D41/><U4/><E80/><V56/><F56/><W81/><G81/><T0/><D37/><U93/><E61/><V76/><F76/><W47/><G109/><T128/><D0/><U121/><E83/><V55/><F55/><W134/><G130/><T98/><D128/><U101/><E101/><V73/><F27/><W106/><G106/><T94/><D98/><U29/><E29/><V75/><F34/><W58/><G134/><T88/><D91/><U85/><E85/><V38/><F38/><W17/><G22/><T63/><D63/><AGARI ba="1,0" hai="16,17,45,47,58,59,62,63,65,66,122,123,124,127" machi="63" ten="25,3200,0" yaku="22,2,54,1" doraHai="9" who="3" fromWho="0" sc="225,-35,265,0,265,0,245,35" /><INIT seed="2,0,0,3,4,115" ten="190,265,265,280" oya="2" hai0="127,7,2,132,95,4,13,33,133,107,78,97,52" hai1="91,11,114,67,56,69,48,118,82,123,109,53,24" hai2="18,134,50,37,29,129,96,45,87,25,81,89,36" hai3="90,68,71,40,121,38,75,86,31,63,131,111,104"/><V58/><F129/><W60/><G131/><T27/><D2/><U47/><E114/><V102/><F134/><N who="0" m="51818" /><D107/><U44/><E109/><V124/><F124/><W125/><G104/><T32/><D127/><U14/><E123/><V119/><F119/><W112/><G75/><T30/><D78/><U64/><E118/><V42/><F58/><W9/><G9/><N who="0" m="4263" /><D7/><U85/><E24/><V99/><F18/><W16/><G16/><T62/><D62/><U41/><E69/><V79/><F79/><W105/><G105/><T21/><D52/><U106/><E106/><V6/><F6/><W116/><G116/><T93/><D93/><U35/><E35/><N who="0" m="13385" /><D95/><U126/><E126/><V65/><F65/><N who="1" m="25161" /><E41/><V20/><F99/><AGARI ba="0,0" hai="21,27,30,97,99" m="13385,4263,51818" machi="99" ten="30,1000,0" yaku="20,1" doraHai="115" who="0" fromWho="2" sc="190,10,265,0,265,-10,280,0" /><INIT seed="3,0,0,3,5,60" ten="200,265,255,280" oya="3" hai0="130,10,35,121,115,104,34,17,33,11,20,131,72" hai1="51,56,123,110,94,70,66,1,13,78,12,31,73" hai2="112,44,36,62,133,37,79,107,122,86,59,52,111" hai3="84,93,77,39,65,92,25,67,90,0,98,89,19"/><W22/><G0/><T3/><D72/><U127/><E123/><V46/><F107/><W4/><G39/><N who="2" m="14921" /><F79/><W7/><G77/><T28/><D104/><U58/><E1/><V125/><F86/><W43/><G43/><T68/><D68/><U61/><E110/><V108/><F122/><W27/><G27/><N who="0" m="16487" /><D121/><U134/><E134/><V102/><F102/><W76/><G76/><T41/><D41/><U45/><E127/><V9/><F9/><N who="0" m="3082" /><D115/><U49/><E31/><V87/><F87/><W135/><G135/><T96/><D96/><U55/><E94/><V124/><F133/><W23/><G23/><T103/><D103/><U30/><E30/><V114/><F114/><W118/><G118/><T54/><D54/><U83/><REACH who="1" step="1"/><E70/><REACH who="1" ten="200,255,255,280" step="2"/><V69/><F69/><W74/><G74/><T63/><D3/><U105/><E105/><V101/><F112/><W95/><G95/><T97/><D97/><U109/><E109/><N who="2" m="42059" /><F101/><W119/><G119/><T88/><D88/><U82/><E82/><V47/><AGARI ba="0,1" hai="44,46,47,52,59,62,124,125" m="42059,14921" machi="47" ten="40,8000,1" yaku="14,1,34,2,54,1" doraHai="60" who="2" fromWho="2" sc="200,-20,255,-20,255,90,280,-40" owari="180,-32.0,235,-16.5,345,44.5,240,4.0" /></mjloggm>