<mjloggm ver="2.3"><GO type="225" lobby="0"/><UN n0="%E6%80%AA%E3%81%97%E3%81%99%E3%81%8E%E3%82%8B%E3%83%81%E3%83%BC" n1="%E3%81%AF%E3%82%88%E3%81%8A%E3%81%98%E3%81%95%E3%82%93" n2="%6D%75%75%6D%75%72%61" n3="%E3%81%A1%E3%82%85%E3%81%86%E3%81%A9%E3%81%8F%E8%B1%A1%E3%81%95%E3%82%93" dan="16,16,17,17" rate="2148.44,2165.74,2225.29,2204.87" sx="M,M,F,M"/><TAIKYOKU oya="0"/><INIT seed="0,0,0,0,3,105" ten="250,250,250,250" oya="0" hai0="126,78,28,94,113,97,79,23,74,110,96,15,59" hai1="124,83,99,68,56,119,39,9,17,38,11,106,60" hai2="109,34,51,2,14,43,64,31,98,52,55,81,35" hai3="125,6,75,108,132,82,92,114,16,76,13,0,18"/><T85/><D113/><U129/><E119/><V111/><F2/><W133/><G114/><T1/><D1/><U10/><E68/><V5/><F64/><W112/><G112/><T40/><D126/><U58/><E124/><V65/><F65/><W71/><G125/><T77/><D74/><U72/><E129/><V33/><F31/><W100/><G71/><T84/><D110/><N who="2" m="41994" /><F98/><N who="0" m="37994" /><D40/><U48/><E17/><N who="3" m="6762" /><G108/><T47/><D15/><U115/><E115/><V131/><F131/><W116/><G116/><T36/><D36/><U120/><E120/><V135/><F135/><N who="3" m="51787" /><G0/><T134/><D134/><U102/><E48/><V29/><F29/><W104/><G104/><T70/><D70/><U20/><E20/><V91/><F14/><W54/><G54/><N who="2" m="20521" /><F5/><W73/><G100/><T90/><D47/><U101/><E102/><V62/><F62/><W121/><G121/><T103/><D59/><U26/><E26/><V25/><F25/><W53/><G53/><T127/><D103/><U95/><E106/><V67/><F67/><W3/><G92/><T8/><D127/><U123/><E123/><V130/><F130/><W30/><G30/><T46/><D46/><U44/><E60/><V57/><F57/><N who="1" m="22121" /><E44/><N who="2" m="26015" /><F35/><W89/><G3/><T12/><D28/><U50/><E50/><V7/><F7/><W49/><G49/><T88/><D23/><U21/><E21/><V4/><F4/><W87/><G76/><T19/><D77/><N who="1" m="44455" /><E38/><V45/><F45/><W117/><G117/><T24/><D24/><U107/><E39/><V80/><F91/><W61/><G61/><T128/><D128/><RYUUKYOKU ba="0,0" sc="250,0,250,0,250,0,250,0" hai0="8,12,19,78,79,84,85,88,90,94" hai1="9,10,11,95,99,101,107" hai2="33,34,80,81" hai3="6,13,73,75,82,87,89" /><INIT seed="0,1,0,3,2,87" ten="250,250,250,250" oya="0" hai0="73,6,85,44,129,77,132,24,114,38,57,21,131" hai1="8,15,92,98,45,16,11,91,134,117,28,83,126" hai2="127,48,55,40,119,108,115,82,3,112,34,128,23" hai3="94,22,65,121,78,107,10,102,86,99,25,84,81"/><T61/><D114/><U5/><E117/><V89/><F34/><W109/><G109/><T135/><D73/><U70/><E70/><V19/><F108/><W2/><G121/><T46/><D6/><U50/><E126/><V14/><F127/><W75/><G65/><N who="0" m="39087" /><D85/><N who="1" m="50623" /><E134/><N who="0" m="51241" /><D77/><U130/><E130/><N who="0" m="49673" /><D38/><U13/><E28/><AGARI ba="1,0" hai="21,24,28,44,46" m="49673,51241,39087" machi="28" ten="30,2900,0" yaku="20,1,19,1" doraHai="87" who="0" fromWho="1" sc="250,32,250,-32,250,0,250,0" /><INIT seed="0,2,0,4,1,83" ten="282,218,250,250" oya="0" hai0="2,1,86,130,36,72,13,77,92,5,42,9,68" hai1="15,58,102,67,120,135,128,117,70,108,97,62,84" hai2="80,55,24,127,21,118,71,30,57,85,113,111,65" hai3="60,123,35,75,37,49,23,53,14,48,124,95,4"/><T99/><D130/><U25/><E117/><V64/><F111/><W115/><G115/><T109/><D68/><U105/><E120/><V45/><F113/><W122/><G37/><T11/><D109/><U41/><E108/><V66/><F118/><W17/><G35/><T39/><D72/><U131/><E135/><V52/><F127/><W63/><G124/><T8/><D8/><U73/><E73/><V103/><F71/><W31/><G75/><T51/><D2/><U0/><E0/><V110/><F110/><W10/><G31/><T112/><D112/><U32/><E41/><V26/><F103/><W50/><G95/><T33/><D33/><U54/><E15/><V125/><F125/><W96/><G96/><T7/><D51/><U116/><E116/><V89/><F26/><W18/><G18/><T3/><D42/><U27/><E84/><V78/><F45/><W90/><G90/><T20/><D20/><U121/><E121/><N who="3" m="46090" /><G53/><N who="2" m="20553" /><F89/><W93/><G93/><T40/><D40/><U46/><E46/><V104/><F104/><W114/><G114/><T107/><D107/><U133/><E133/><V34/><F34/><W38/><G38/><T61/><D61/><AGARI ba="2,0" hai="21,24,30,57,61,64,65,66,78,80,85" m="20553" machi="61" ten="30,3900,0" yaku="8,1,52,1,54,1" doraHai="83" who="2" fromWho="0" sc="282,-45,218,0,250,45,250,0" /><INIT seed="1,0,0,3,1,81" ten="237,218,295,250" oya="1" hai0="128,46,98,55,48,1,41,82,53,99,133,110,120" hai1="73,95,40,62,90,134,118,129,51,20,50,126,29" hai2="36,9,2,17,72,23,14,125,105,61,6,124,34" hai3="71,84,92,74,69,31,68,45,101,116,44,18,4"/><U30/><E118/><V78/><F36/><W37/><G74/><T33/><D1/><U106/><E106/><V79/><F105/><W43/><G116/><T109/><D33/><U63/><E73/><V49/><F72/><W21/><G4/><T87/><D133/><U85/><E134/><V103/><F103/><W42/><G31/><N who="1" m="11786" /><E126/><N who="2" m="48747" /><F34/><W5/><G5/><T24/><D128/><U60/><E129/><V112/><F112/><W115/><G115/><T56/><D120/><U131/><E131/><V39/><F39/><W94/><G101/><T19/><D24/><U0/><E0/><V54/><F61/><N who="1" m="15617" /><U96/><DORA hai="8" /><E40/><V86/><F86/><W102/><G102/><T100/><D100/><N who="1" m="60447" /><E20/><V77/><F78/><W80/><G42/><T117/><D117/><U10/><E10/><V35/><F35/><W111/><G111/><T93/><D41/><U121/><E121/><V38/><F38/><W122/><G122/><T132/><D109/><U28/><N who="1" m="11794" /><U114/><DORA hai="65" /><E114/><V58/><AGARI ba="0,0" hai="2,6,9,14,17,23,49,54,58,77,79" m="48747" machi="58" ten="30,2000,0" yaku="18,1,52,1" doraHai="81,8,65" who="2" fromWho="2" sc="237,-5,218,-10,295,20,250,-5" /><INIT seed="2,0,0,0,4,6" ten="232,208,315,245" oya="2" hai0="117,75,45,71,20,19,30,82,24,124,73,80,88" hai1="25,89,21,126,116,36,61,47,64,54,69,128,23" hai2="107,53,68,132,43,103,48,98,9,91,102,55,52" hai3="110,5,22,106,3,70,44,67,37,108,129,27,56"/><V39/><F68/><W34/><G106/><T85/><D71/><U66/><E116/><V125/><F125/><W135/><G135/><T109/><D124/><U58/><E126/><V29/><F132/><W49/><G129/><T28/><D117/><U100/><E128/><V40/><F39/><W7/><G34/><T87/><D109/><N who="3" m="42089" /><G37/><T10/><D45/><U15/><E100/><V95/><F29/><N who="3" m="17655" /><G70/><T111/><D111/><U130/><E130/><V33/><F33/><W38/><G38/><T60/><D60/><U65/><E69/><V26/><F26/><W133/><G133/><T13/><D28/><N who="1" m="17455" /><E36/><V8/><F107/><W17/><G17/><T41/><REACH who="0" step="1"/><D41/><REACH who="0" ten="222,208,315,245" step="2"/><N who="2" m="15946" /><F48/><W42/><G3/><T59/><D59/><U0/><E0/><V32/><F32/><W12/><G12/><T121/><D121/><U101/><E47/><V46/><F46/><W120/><G120/><T96/><D96/><U118/><E118/><V112/><F112/><W77/><G56/><T113/><D113/><U78/><E15/><V2/><F2/><W134/><G134/><T127/><D127/><U119/><E119/><V93/><F103/><W18/><G44/><T81/><D81/><U104/><E101/><V51/><F51/><W4/><G49/><T122/><D122/><U99/><E58/><V123/><F123/><W86/><G42/><T31/><D31/><U79/><E61/><V84/><AGARI ba="0,1" hai="8,9,52,53,55,84,91,93,95,98,102" m="15946" machi="84" ten="30,11700,0" yaku="8,1,52,2,54,1" doraHai="6" who="2" fromWho="2" sc="222,-39,208,-39,315,127,245,-39" /><INIT seed="2,1,0,2,5,31" ten="183,169,442,206" oya="2" hai0="117,47,57,132,121,96,87,37,106,46,8,65,68" hai1="108,90,99,80,107,30,123,115,59,75,69,14,20" hai2="110,83,111,39,50,125,93,63,131,58,17,24,7" hai3="16,62,89,81,113,98,85,48,135,5,2,122,51"/><V19/><F39/><W70/><G122/><T76/><D121/><U79/><E115/><V102/><F125/><W64/><G135/><T114/><D114/><U10/><E69/><V77/><F131/><W35/><G113/><T22/><D132/><U9/><E123/><V73/><F7/><W127/><G127/><T55/><D117/><U12/><E108/><V95/><F50/><W21/><G98/><T66/><D68/><U72/><E72/><V116/><F116/><W126/><G126/><T34/><D34/><U92/><E107/><V71/><F71/><W130/><G130/><T13/><D22/><U128/><E128/><V120/><F120/><W45/><G35/><T74/><D74/><U11/><REACH who="1" step="1"/><E59/><REACH who="1" ten="183,159,442,206" step="2"/><V40/><F58/><W26/><REACH who="3" step="1"/><G45/><REACH who="3" ten="183,159,442,196" step="2"/><T33/><D46/><U1/><E1/><V53/><F110/><W60/><G60/><T15/><D47/><U103/><E103/><V86/><F63/><W67/><G67/><T105/><D66/><U133/><E133/><V109/><F102/><W27/><G27/><AGARI ba="1,2" hai="9,10,11,12,14,20,27,30,75,79,80,90,92,99" machi="27" ten="40,1300,0" yaku="1,1,53,0" doraHai="31" doraHaiUra="119" who="1" fromWho="3" sc="183,0,159,36,442,0,196,-16" /><INIT seed="3,0,0,2,5,119" ten="183,195,442,180" oya="3" hai0="107,45,124,41,116,101,83,70,115,131,66,38,86" hai1="51,54,55,63,126,134,123,75,7,20,111,22,122" hai2="26,36,112,93,80,108,2,48,132,12,100,46,109" hai3="65,76,3,117,125,118,25,113,40,9,90,14,37"/><W128/><G113/><T10/><D115/><U67/><E75/><V16/><F112/><W39/><G3/><T32/><D116/><U103/><E103/><V23/><F132/><W114/><G114/><T69/><D131/><U57/><E7/><V21/><F2/><W88/><G76/><T27/><D124/><U58/><E126/><V79/><F36/><W73/><G125/><T95/><D10/><U72/><E72/><V84/><F100/><W17/><G73/><T106/><D95/><U127/><E127/><V50/><F93/><W121/><G128/><T29/><D66/><U68/><E134/><V43/><REACH who="2" step="1"/><F50/><REACH who="2" ten="183,195,432,180" step="2"/><W92/><G121/><T47/><D101/><U64/><E51/><V33/><F33/><W53/><G65/><T42/><D106/><U8/><E122/><V28/><AGARI ba="0,1" hai="12,16,21,23,26,28,43,46,48,79,80,84,108,109" machi="28" ten="30,8000,1" yaku="1,1,0,1,54,1,53,2" doraHai="119" doraHaiUra="19" who="2" fromWho="2" sc="183,-20,195,-20,432,90,180,-40" owari="163,-23.7,175,-2.5,522,62.2,140,-36.0" /></mjloggm>