<mjloggm ver="2.3"><GO type="225" lobby="0"/><UN n0="%E3%83%81%E3%83%AF%E3%83%AF%E9%9A%8A%E9%95%B7" n1="%72%65%6E%6B%75%6E" n2="%E3%81%BF%E3%81%BF%E3%81%9A" n3="%E8%91%B5%E3%81%A1%E3%82%83%E3%82%93" dan="16,17,18,17" rate="2093.77,2190.64,2279.63,2208.34" sx="M,M,M,F"/><TAIKYOKU oya="0"/><INIT seed="0,0,0,3,2,20" ten="250,250,250,250" oya="0" hai0="41,66,57,65,31,6,58,35,81,72,113,37,51" hai1="68,131,60,61,74,133,69,14,112,86,52,109,117" hai2="90,27,130,59,101,67,62,26,106,39,12,78,38" hai3="84,63,93,28,135,132,123,56,107,87,46,5,92"/><T97/><D37/><U1/><E1/><V79/><F106/><W122/><G107/><T4/><D113/><U98/><E74/><V99/><F101/><W2/><G28/><T115/><D115/><U34/><E86/><N who="3" m="32810" /><G46/><T75/><D97/><U45/><E14/><V83/><F83/><W54/><G5/><T23/><D35/><U24/><E24/><N who="2" m="9259" /><F39/><W129/><G2/><T119/><D119/><U30/><E30/><V10/><F38/><W0/><G0/><T7/><D31/><U85/><E68/><V114/><F130/><W17/><G17/><T134/><D72/><U53/><E69/><V25/><N who="2" m="9267" /><V108/><DORA hai="44" /><F108/><W103/><G129/><T55/><D75/><U89/><E117/><V76/><F114/><W22/><G22/><T36/><D23/><U88/><E34/><V121/><F121/><N who="3" m="46091" /><G103/><T11/><D36/><U49/><E109/><V104/><F104/><W33/><G33/><T102/><D102/><U94/><E131/><V110/><F110/><W15/><G15/><T80/><D80/><N who="1" m="49191" /><E112/><V48/><F78/><W127/><G127/><T29/><D81/><U16/><E16/><N who="2" m="8215" /><F48/><W77/><G77/><T96/><D51/><N who="1" m="28783" /><E133/><AGARI ba="0,0" hai="54,56,63,92,93,132,133,135" m="46091,32810" machi="133" ten="30,2000,0" yaku="20,1,13,1" doraHai="20,44" who="3" fromWho="1" sc="250,0,250,-20,250,0,250,20" /><INIT seed="1,0,0,3,4,54" ten="250,230,250,270" oya="1" hai0="28,129,50,96,43,89,67,0,123,14,16,133,22" hai1="79,21,60,47,120,122,98,125,56,127,30,113,99" hai2="128,72,85,59,3,41,112,102,45,106,76,116,8" hai3="35,135,48,130,52,83,9,75,109,104,32,115,29"/><U91/><E79/><V53/><F116/><W39/><G115/><T40/><D0/><U69/><E69/><V105/><F112/><W107/><G39/><T74/><D74/><U15/><E113/><V6/><F128/><W57/><G130/><T63/><D129/><U71/><E71/><V124/><F124/><N who="1" m="47689" /><E47/><V55/><F85/><W70/><G70/><T42/><D123/><N who="1" m="47147" /><E91/><V68/><F68/><W61/><G109/><T51/><D133/><U44/><E44/><V134/><F134/><W84/><G135/><T87/><D96/><U19/><E30/><V38/><F53/><AGARI ba="0,0" hai="15,19,21,53,56,60,98,99" m="47147,47689" machi="53" ten="30,2900,0" yaku="18,1,52,1" doraHai="54" who="1" fromWho="2" sc="250,0,230,29,250,-29,270,0" /><INIT seed="1,1,0,5,4,61" ten="250,259,221,270" oya="1" hai0="53,12,130,17,27,62,24,82,102,90,25,33,117" hai1="94,125,78,113,73,7,20,43,46,23,19,80,126" hai2="105,3,1,59,68,104,91,98,15,63,54,71,100" hai3="131,70,39,8,57,65,85,56,120,10,52,42,109"/><U106/><E106/><V38/><F38/><W67/><G85/><T35/><D117/><U48/><E113/><V0/><F105/><W64/><G10/><T41/><D130/><U101/><E7/><V6/><REACH who="2" step="1"/><F91/><REACH who="2" ten="250,259,211,270" step="2"/><W93/><G131/><T32/><D90/><U55/><E43/><V51/><F51/><W123/><G39/><T89/><D41/><U69/><E69/><V112/><F112/><W31/><G42/><T95/><D89/><U29/><E29/><V26/><F26/><W92/><G31/><T4/><D24/><U110/><E110/><V88/><F88/><W129/><G70/><T22/><D25/><U122/><E122/><V40/><F40/><W128/><G109/><T76/><D27/><U81/><E81/><V118/><F118/><W49/><G123/><T16/><D82/><U9/><E125/><V44/><F44/><W134/><G120/><T30/><D30/><U87/><E126/><V77/><F77/><W97/><G128/><T99/><D76/><U124/><E124/><V115/><F115/><W103/><G129/><T28/><D28/><U13/><REACH who="1" step="1"/><E73/><REACH who="1" ten="250,249,211,270" step="2"/><V119/><F119/><W2/><G93/><T107/><D95/><U45/><E45/><V111/><F111/><W60/><G92/><T18/><D107/><U36/><E36/><V21/><F21/><W79/><G79/><T83/><D22/><U114/><E114/><V84/><F84/><W37/><G37/><T75/><D75/><U58/><E58/><V132/><F132/><W47/><G134/><T116/><D116/><U5/><E5/><V72/><F72/><RYUUKYOKU ba="1,2" sc="250,-15,249,15,211,15,270,-15" hai1="9,13,19,20,23,46,48,55,78,80,87,94,101" hai2="0,1,3,6,15,54,59,63,68,71,98,100,104" /><INIT seed="1,2,2,5,4,81" ten="235,264,226,255" oya="1" hai0="133,68,102,35,83,58,88,115,76,24,9,11,48" hai1="129,42,126,114,7,117,131,80,26,104,122,32,46" hai2="4,84,33,2,60,40,43,5,30,13,25,82,119" hai3="97,91,87,67,54,99,15,71,101,123,79,17,63"/><U65/><E104/><V41/><F119/><W0/><G123/><T62/><D115/><U56/><E7/><V10/><F60/><W39/><G0/><T52/><D133/><U1/><E1/><V113/><F113/><W110/><G39/><T98/><D35/><U73/><E114/><V14/><REACH who="2" step="1"/><F5/><REACH who="2" ten="235,264,216,255" step="2"/><W49/><G63/><T64/><D62/><N who="1" m="38087" /><E117/><V31/><F31/><W20/><G110/><T111/><D111/><U3/><E122/><V120/><F120/><W72/><G67/><T45/><D64/><U61/><E61/><V130/><F130/><W95/><G71/><T70/><D70/><U116/><E116/><V90/><AGARI ba="2,3" hai="2,4,10,13,14,25,30,33,40,41,43,82,84,90" machi="90" ten="30,4000,0" yaku="1,1,0,1,52,1,53,0" doraHai="81" doraHaiUra="59" who="2" fromWho="2" sc="235,-12,264,-22,216,76,255,-12" /><INIT seed="2,0,0,5,4,92" ten="223,242,292,243" oya="2" hai0="111,96,134,8,104,41,125,119,27,22,118,24,89" hai1="44,123,10,73,99,13,105,97,86,68,1,57,88" hai2="52,72,47,121,61,11,112,65,64,115,43,103,15" hai3="98,122,87,117,70,135,129,93,113,77,5,60,74"/><V51/><F72/><W31/><G31/><T124/><D134/><U102/><E68/><V116/><F116/><N who="0" m="44586" /><D111/><U85/><E73/><V3/><F3/><W69/><G69/><T108/><D108/><U91/><E1/><V106/><F121/><W37/><G70/><T55/><D41/><U26/><E123/><V20/><F20/><W95/><G37/><T82/><D8/><U58/><E44/><V90/><F90/><N who="1" m="34345" /><E105/><V6/><F43/><W12/><G113/><T131/><D131/><U0/><E26/><V101/><F65/><W83/><G135/><T7/><D7/><N who="1" m="3295" /><E0/><V17/><F6/><W54/><G5/><T110/><D110/><U128/><E128/><V130/><F130/><W109/><G129/><T29/><D27/><U71/><E71/><V63/><F106/><W39/><G109/><T35/><D35/><U75/><E75/><V81/><F115/><W19/><G117/><T132/><D132/><U33/><E33/><V50/><F112/><W9/><G122/><T79/><D104/><U100/><E58/><V4/><F47/><W30/><G39/><T126/><D126/><U23/><E57/><V114/><F114/><W107/><G107/><T133/><D133/><U32/><E23/><V21/><F21/><W120/><G120/><T42/><D125/><U45/><E45/><V28/><F11/><W25/><G74/><N who="0" m="43383" /><D124/><U34/><E34/><V46/><F4/><W62/><G25/><T67/><D24/><U59/><E32/><V40/><F15/><W18/><G9/><T80/><D22/><U48/><E85/><V2/><F40/><RYUUKYOKU ba="0,0" sc="223,0,242,0,292,0,243,0" /><INIT seed="3,1,0,4,2,52" ten="223,242,292,243" oya="3" hai0="36,55,74,50,92,65,124,111,53,21,116,0,100" hai1="56,135,88,14,63,133,59,32,112,16,105,62,102" hai2="48,47,123,69,118,93,64,126,34,101,91,27,134" hai3="77,25,113,72,108,13,19,127,121,4,60,2,20"/><W107/><G107/><T18/><D36/><U30/><E112/><V76/><F118/><W97/><G97/><T26/><D74/><U23/><E105/><V96/><F76/><W70/><G113/><T132/><D0/><U99/><E102/><V45/><F126/><W94/><G127/><T8/><D124/><U40/><E40/><V129/><F129/><W46/><G94/><T11/><D116/><U125/><E125/><V22/><F34/><W31/><G46/><T54/><D132/><N who="1" m="50763" /><E63/><V73/><F73/><W110/><G121/><T95/><D111/><N who="3" m="42537" /><G4/><T119/><D119/><U80/><E62/><V103/><F47/><W49/><G49/><T57/><D50/><U130/><E130/><V87/><F134/><W6/><G6/><T81/><D100/><U79/><E32/><V86/><F123/><W68/><G2/><T115/><D115/><U75/><E30/><V114/><F114/><W58/><G77/><T33/><D95/><AGARI ba="1,0" hai="14,16,23,56,59,75,79,80,88,95,99" m="50763" machi="95" ten="30,8000,1" yaku="20,1,52,2,54,2" doraHai="52" who="1" fromWho="0" sc="223,-83,242,83,292,0,243,0" owari="140,-36.0,325,42.5,292,9.2,243,-15.7" /></mjloggm>