<mjloggm ver="2.3"><GO type="225" lobby="0"/><UN n0="%6D%75%75%6D%75%72%61" n1="%E3%81%82%E3%81%99%E3%81%AB%E3%82%83%E3%82%80" n2="%E8%B1%86%59%E5%A4%AA%E9%83%8E" n3="%E3%81%B8%E3%82%80%E3%81%B8%E3%82%80%EF%BC%92%E5%8F%B7" dan="17,16,16,16" rate="2171.28,2117.51,2033.17,2119.58" sx="F,F,M,M"/><TAIKYOKU oya="0"/><INIT seed="0,0,0,0,4,35" ten="250,250,250,250" oya="0" hai0="95,29,91,78,106,75,101,117,26,61,18,34,58" hai1="39,42,133,115,56,105,118,128,135,44,63,64,17" hai2="86,97,45,31,116,69,125,123,90,109,23,121,8" hai3="98,83,54,9,60,20,36,51,16,131,111,93,88"/><T52/><D117/><U5/><E105/><V12/><F69/><W102/><G36/><T79/><D75/><U40/><E5/><V66/><F66/><W122/><G122/><T114/><D114/><U24/><E118/><V65/><F65/><W59/><G131/><T119/><D119/><U32/><E115/><V130/><F109/><W70/><G111/><T30/><D30/><U94/><E94/><V81/><F125/><W27/><G9/><T71/><D71/><U47/><E128/><V120/><F130/><W89/><G70/><T28/><D28/><U134/><E32/><V10/><F116/><W43/><REACH who="3" step="1"/><G83/><REACH who="3" ten="250,250,250,240" step="2"/><T1/><D1/><U33/><E33/><V99/><F8/><W4/><G4/><T112/><D112/><U3/><E135/><V53/><F10/><W49/><G49/><T126/><D126/><U48/><E3/><V21/><F23/><W22/><G22/><T11/><D11/><U46/><E133/><V100/><F12/><W41/><G41/><T19/><D78/><U127/><E134/><V15/><F15/><W85/><G85/><T37/><D79/><U82/><E127/><V13/><F13/><W96/><G96/><N who="0" m="61735" /><D37/><U67/><E82/><V74/><F97/><W6/><G6/><T68/><D68/><U72/><E24/><N who="2" m="16783" /><F74/><W80/><G80/><T0/><D0/><U38/><E72/><V103/><F99/><W132/><G132/><T104/><D104/><U129/><E129/><V92/><F81/><W113/><G113/><T76/><D76/><U55/><E17/><N who="0" m="6153" /><D34/><U84/><E84/><V50/><AGARI ba="0,1" hai="45,50,53,86,90,92,100,103,120,121,123" m="16783" machi="50" ten="40,1500,0" yaku="5,1" doraHai="35" who="2" fromWho="2" sc="250,-7,250,-4,250,25,240,-4" /><INIT seed="1,0,0,5,4,114" ten="243,246,275,236" oya="1" hai0="75,41,112,105,61,82,90,87,59,81,108,49,20" hai1="55,50,57,62,100,98,47,11,66,106,72,115,126" hai2="10,48,89,12,4,16,103,40,64,117,78,39,69" hai3="42,99,104,28,132,21,120,2,93,91,32,134,111"/><U102/><E115/><V1/><F103/><W122/><G2/><T7/><D112/><U53/><E126/><V24/><F89/><W73/><G73/><T45/><D108/><U33/><E33/><V0/><F69/><W127/><G127/><T67/><D105/><U31/><E31/><V110/><F64/><W94/><G104/><T23/><REACH who="0" step="1"/><D7/><REACH who="0" ten="233,246,275,236" step="2"/><U113/><E113/><V46/><F110/><W51/><G111/><T26/><D26/><U65/><E72/><V8/><F24/><N who="3" m="16399" /><G32/><T34/><D34/><U123/><E123/><V58/><F78/><AGARI ba="0,1" hai="20,23,41,45,49,59,61,67,75,78,81,82,87,90" machi="78" ten="40,1300,0" yaku="1,1,53,0" doraHai="114" doraHaiUra="27" who="0" fromWho="2" sc="233,23,246,0,275,-13,236,0" /><INIT seed="2,0,0,1,5,5" ten="256,246,262,236" oya="2" hai0="59,48,121,56,34,66,0,77,74,60,102,126,42" hai1="26,10,62,76,54,47,44,21,35,20,82,65,12" hai2="70,11,27,128,90,24,94,14,85,33,97,130,8" hai3="68,87,133,134,4,63,120,117,41,104,96,16,67"/><V78/><F70/><W9/><G120/><T105/><D121/><U107/><E107/><V28/><F24/><W88/><G117/><T135/><D34/><U7/><E35/><V52/><F14/><N who="3" m="7247" /><G41/><T108/><D108/><U17/><E54/><V93/><F78/><W29/><G29/><T72/><D126/><U131/><E21/><V19/><F19/><W119/><G4/><T64/><D135/><N who="3" m="51721" /><G119/><T115/><D115/><U1/><E1/><V25/><F25/><W43/><G43/><T125/><D125/><U123/><E131/><N who="2" m="50219" /><F52/><W55/><G55/><T30/><D30/><U32/><E32/><V69/><F69/><W127/><G127/><T49/><D42/><U39/><E39/><V106/><F106/><W99/><G104/><T58/><D105/><U84/><REACH who="1" step="1"/><E123/><REACH who="1" ten="256,236,262,236" step="2"/><V18/><F18/><W45/><G45/><T100/><D66/><U38/><E38/><V37/><F37/><W86/><G86/><T89/><D64/><U3/><E3/><V101/><AGARI ba="0,1" hai="8,11,27,28,33,85,90,93,94,97,101" m="50219" machi="101" ten="30,6000,0" yaku="19,1,52,2" doraHai="5" who="2" fromWho="2" sc="256,-20,236,-20,262,70,236,-20" /><INIT seed="2,1,0,2,4,55" ten="236,216,332,216" oya="2" hai0="130,12,103,122,52,43,119,2,54,131,45,75,114" hai1="69,107,5,25,83,44,116,20,30,79,90,111,40" hai2="9,61,48,1,17,42,19,64,7,63,76,66,56" hai3="88,110,13,78,33,53,99,3,125,26,14,94,81"/><V65/><F76/><W27/><G3/><T86/><D122/><U50/><E116/><V121/><F121/><W102/><G110/><T106/><D114/><U22/><E111/><V84/><F84/><N who="3" m="48183" /><G125/><T74/><D2/><U113/><E113/><V92/><F92/><N who="3" m="58727" /><G33/><T23/><D119/><U11/><E107/><V29/><F29/><W100/><G100/><T117/><D117/><U80/><E69/><V70/><F66/><W46/><G14/><T10/><D23/><U96/><E20/><V72/><F72/><W128/><G13/><T15/><D86/><U115/><E115/><V127/><F127/><W95/><G95/><T51/><D15/><U71/><E71/><V98/><F98/><N who="3" m="57671" /><G128/><N who="0" m="49195" /><D103/><U38/><E79/><V118/><F118/><W87/><G87/><T47/><D106/><U101/><E38/><V41/><F41/><W135/><G135/><T21/><D21/><U37/><E37/><V126/><F126/><W77/><G77/><T60/><D75/><U120/><E120/><V123/><F123/><W89/><G89/><T34/><D34/><U82/><E101/><V32/><F32/><W4/><G4/><N who="0" m="3143" /><D74/><U91/><REACH who="1" step="1"/><E96/><REACH who="1" ten="236,206,332,216" step="2"/><V8/><F8/><W112/><G112/><T16/><D16/><U109/><E109/><V85/><F85/><W0/><G0/><AGARI ba="1,1" hai="0,5,11,22,25,30,40,44,50,80,82,83,90,91" machi="0" ten="40,1300,0" yaku="1,1,53,0" doraHai="55" doraHaiUra="73" who="1" fromWho="3" sc="236,0,206,26,332,0,216,-16" /><INIT seed="3,0,0,3,2,129" ten="236,232,332,200" oya="3" hai0="102,109,93,54,27,124,133,61,64,85,5,19,91" hai1="14,8,50,80,67,99,0,92,100,52,107,105,18" hai2="30,69,15,101,110,35,81,135,74,26,58,72,10" hai3="108,16,11,111,76,83,90,45,131,117,46,128,47"/><W12/><G117/><T55/><D109/><N who="3" m="42057" /><G90/><T78/><D124/><U68/><E0/><V121/><F69/><W75/><AGARI ba="0,0" hai="11,12,16,45,46,47,75,76,83,128,131" m="42057" machi="75" ten="40,7800,0" yaku="14,1,10,1,54,1" doraHai="129" who="3" fromWho="3" sc="236,-26,232,-26,332,-26,200,78" /><INIT seed="3,1,0,5,3,32" ten="210,206,306,278" oya="3" hai0="82,117,22,29,9,118,68,113,51,31,45,17,127" hai1="43,20,84,6,35,135,131,115,78,64,106,76,83" hai2="61,1,26,81,77,72,103,69,11,95,33,71,25" hai3="57,49,116,28,52,59,93,56,97,27,53,114,48"/><W79/><G114/><T41/><D113/><U2/><E115/><V47/><F61/><W111/><G111/><T125/><D68/><U37/><E35/><V30/><F26/><W133/><G133/><T10/><D82/><U108/><E108/><V130/><F130/><W8/><G8/><N who="0" m="3179" /><D17/><U12/><E135/><V40/><F95/><W24/><G116/><N who="0" m="44651" /><D22/><U42/><E131/><V15/><F103/><N who="3" m="60847" /><G79/><T34/><D34/><U128/><E128/><V75/><F15/><W3/><G3/><T104/><D104/><U126/><E2/><V44/><F44/><N who="3" m="27655" /><G28/><T19/><D19/><N who="1" m="10343" /><E37/><N who="2" m="21903" /><F75/><W109/><G109/><T86/><D31/><U60/><E106/><V121/><F121/><W54/><G57/><T85/><D29/><U63/><E76/><V67/><F67/><W134/><G134/><T50/><D50/><AGARI ba="1,0" hai="24,27,49,50,53,54,56,59" m="27655,60847" machi="50" ten="30,2900,0" yaku="8,1,54,1" doraHai="32" who="3" fromWho="0" sc="210,-32,206,0,306,0,278,32" owari="178,-32.2,206,-19.4,306,10.6,310,41.0" /></mjloggm>