<mjloggm ver="2.3"><GO type="225" lobby="0"/><UN n0="%72%69%6F%75%63%68%61%6E" n1="%E7%89%B9%E6%9D%B1%E3%81%AF%E4%B8%96%E7%95%8C%E3%82%92%E6%95%91%E3%81%86" n2="%E3%83%8F%E3%82%AC%E3%82%BF%E3%82%AB%E3%81%AE%E3%81%88%E3%81%98%E3%81%8D" n3="%E3%81%B5%E3%81%98%E3%81%8B%E3%81%A4" dan="17,16,17,16" rate="2269.09,2088.95,2193.36,2168.04" sx="M,M,M,M"/><TAIKYOKU oya="0"/><INIT seed="0,0,0,5,0,65" ten="250,250,250,250" oya="0" hai0="4,38,39,81,70,44,109,124,30,135,18,67,48" hai1="117,116,11,8,87,64,93,56,59,37,46,21,36" hai2="114,123,126,32,14,13,22,43,98,82,57,90,34" hai3="73,69,78,1,91,85,20,62,63,127,53,106,26"/><T101/><D124/><U128/><E128/><V10/><F123/><W72/><G127/><T51/><D135/><U133/><E133/><V105/><F43/><W134/><G106/><T83/><D4/><U23/><E64/><V96/><F114/><W5/><G134/><T84/><D109/><U25/><E93/><V108/><F57/><W100/><G100/><T99/><D30/><U66/><E66/><V125/><F22/><W110/><G62/><T74/><D74/><U45/><REACH who="1" step="1"/><E87/><REACH who="1" ten="250,240,250,250" step="2"/><V24/><F125/><W19/><G110/><T61/><D84/><U28/><E28/><V131/><F108/><W94/><G73/><T47/><D83/><U54/><E54/><V40/><F82/><W89/><G53/><T68/><D81/><U42/><E42/><V102/><F40/><W16/><G72/><T121/><D121/><U27/><AGARI ba="0,1" hai="8,11,21,23,25,27,36,37,45,46,56,59,116,117" machi="27" ten="25,6400,0" yaku="1,1,0,1,22,2,53,0" doraHai="65" doraHaiUra="97" who="1" fromWho="1" sc="250,-32,240,74,250,-16,250,-16" /><INIT seed="1,0,0,3,2,82" ten="218,314,234,234" oya="1" hai0="125,1,93,10,8,62,107,2,52,124,3,114,121" hai1="99,126,112,32,45,105,73,58,63,91,123,42,22" hai2="119,44,68,130,39,78,37,0,89,92,122,51,77" hai3="53,96,118,106,72,104,84,65,109,80,103,74,71"/><U41/><E112/><V5/><F122/><W85/><G71/><T120/><D107/><N who="3" m="41001" /><G65/><T59/><D114/><U64/><E32/><V134/><F68/><W15/><G53/><T86/><D93/><U16/><E73/><N who="3" m="28266" /><G15/><T88/><D8/><U54/><E126/><N who="0" m="48745" /><D10/><U69/><E123/><N who="0" m="47177" /><D86/><N who="3" m="33385" /><G109/><T13/><D13/><U101/><E91/><AGARI ba="0,0" hai="1,2,3,52,59,62,88,91" m="47177,48745" machi="91" ten="40,8000,1" yaku="18,1,13,1,54,2" doraHai="82" who="0" fromWho="1" sc="218,80,314,-80,234,0,234,0" /><INIT seed="2,0,0,2,1,56" ten="298,234,234,234" oya="2" hai0="18,83,67,7,85,41,27,63,108,86,113,31,70" hai1="34,54,48,84,111,50,10,24,8,16,15,132,21" hai2="20,19,75,0,130,92,90,127,17,39,115,45,9" hai3="99,121,107,60,81,43,95,118,14,96,103,49,114"/><V100/><F115/><W36/><G118/><T98/><D113/><U62/><E111/><V22/><F75/><W128/><G114/><T87/><D108/><U105/><E105/><V2/><F100/><W93/><G128/><T106/><D7/><U89/><E132/><V1/><F130/><W80/><G121/><T11/><D41/><U3/><E3/><V117/><F117/><W94/><G36/><T52/><D52/><U119/><E119/><V116/><F116/><W44/><G14/><T123/><D123/><U61/><E34/><V55/><F39/><W42/><G42/><T133/><D133/><U134/><E134/><V101/><F101/><W6/><G6/><T35/><D18/><N who="1" m="12343" /><E10/><V126/><F55/><W51/><G51/><N who="1" m="19498" /><E54/><V12/><F45/><W104/><G104/><T59/><D11/><U77/><E77/><V82/><F82/><AGARI ba="0,0" hai="8,15,16,61,62,82,84,89" m="19498,12343" machi="82" ten="30,7700,0" yaku="8,1,52,2,54,1" doraHai="56" who="1" fromWho="2" sc="298,0,234,77,234,-77,234,0" /><INIT seed="3,0,0,1,3,2" ten="298,311,157,234" oya="3" hai0="104,80,73,108,25,100,26,64,21,90,110,125,103" hai1="52,83,23,96,93,120,79,126,135,72,45,98,133" hai2="54,115,35,10,38,76,41,65,40,101,122,85,17" hai3="57,99,42,113,67,87,15,61,59,19,92,77,43"/><W121/><G121/><T84/><D125/><U117/><E120/><V27/><F122/><W14/><G113/><T44/><D64/><U9/><E126/><V123/><F123/><W22/><G14/><T119/><D119/><U51/><E117/><V74/><F74/><W47/><G57/><T11/><D44/><U34/><E34/><V69/><F38/><W63/><G63/><T129/><D129/><U111/><E111/><N who="0" m="42537" /><D73/><U75/><E75/><V33/><F101/><N who="0" m="38986" /><D104/><U16/><E9/><V89/><F76/><W13/><G13/><T88/><D11/><U7/><E7/><V28/><F35/><W106/><G106/><T131/><D131/><U55/><E55/><V49/><F69/><W29/><G29/><N who="0" m="17583" /><D26/><N who="1" m="14695" /><E93/><V78/><F65/><W102/><REACH who="3" step="1"/><G47/><REACH who="3" ten="298,311,157,224" step="2"/><T3/><D3/><U24/><E24/><V132/><F10/><W32/><G32/><T37/><D37/><U128/><E128/><V58/><F115/><W105/><G105/><T50/><D50/><U114/><E114/><V71/><F71/><W53/><G53/><T20/><D20/><U39/><E39/><V97/><F33/><W124/><G124/><T81/><D81/><AGARI ba="0,1" hai="15,19,22,42,43,59,61,67,77,81,87,92,99,102" machi="81" ten="40,12000,1" yaku="1,1,8,1,53,2" doraHai="2" doraHaiUra="36" who="3" fromWho="0" sc="298,-120,311,0,157,0,224,130" owari="178,-22.2,311,11.1,157,-34.3,354,45.4" /></mjloggm>