<mjloggm ver="2.3"><GO type="225" lobby="0"/><UN n0="%74%61%6B%75%61%6B%61" n1="%E3%81%A1%E3%82%85%E3%81%86%E3%81%A9%E3%81%8F%E8%B1%A1%E3%81%95%E3%82%93" n2="%E6%9C%9D%E6%97%A5" n3="%4E%49%4A%49%49%52%4F" dan="17,16,18,16" rate="2259.37,2160.73,2214.50,2192.19" sx="M,M,F,M"/><TAIKYOKU oya="0"/><INIT seed="0,0,0,1,5,95" ten="250,250,250,250" oya="0" hai0="3,37,54,60,102,6,104,122,111,119,98,12,47" hai1="41,91,125,61,26,53,75,86,2,120,84,100,115" hai2="57,55,121,77,66,103,134,85,79,89,126,110,27" hai3="133,68,23,106,17,67,70,124,78,114,20,101,130"/><T65/><D122/><U97/><E120/><V39/><F121/><W58/><G114/><T19/><D119/><U48/><E2/><V131/><F110/><W112/><G112/><T46/><D111/><U116/><E115/><V99/><F131/><W52/><G124/><T50/><D3/><U21/><E75/><V82/><F126/><W128/><G133/><T11/><D37/><U16/><E125/><V73/><F134/><W113/><G113/><T24/><D24/><U129/><E129/><N who="3" m="49770" /><G78/><T29/><D29/><U90/><E116/><V9/><F39/><W127/><G127/><T71/><REACH who="0" step="1"/><D6/><REACH who="0" ten="240,250,250,250" step="2"/><U10/><E10/><V109/><F109/><W72/><G17/><T94/><D94/><N who="1" m="56535" /><E100/><V13/><F27/><W62/><G101/><T35/><D35/><U117/><E117/><V14/><F9/><W80/><G106/><T0/><D0/><U1/><E1/><V51/><F13/><W105/><G105/><T4/><D4/><U28/><E28/><V30/><F14/><W76/><G68/><T38/><D38/><U83/><E86/><V42/><F30/><W59/><G70/><T118/><D118/><U81/><E81/><V25/><F25/><W123/><G123/><T31/><D31/><U5/><E5/><V43/><F73/><W44/><G20/><T93/><D93/><U74/><E74/><V32/><F32/><W87/><G23/><T34/><D34/><U40/><E61/><V56/><F82/><W135/><G72/><T36/><D36/><U107/><E107/><V33/><F33/><W69/><G135/><T22/><D22/><RYUUKYOKU ba="0,1" sc="240,10,250,10,250,-30,250,10" hai0="11,12,19,46,47,50,54,60,65,71,98,102,104" hai1="16,21,26,40,41,48,53,83,84,91" hai3="44,52,58,59,62,67,69,76,80,87" /><INIT seed="0,1,1,2,0,40" ten="250,260,220,260" oya="0" hai0="94,107,131,113,19,36,1,98,120,87,129,35,26" hai1="74,91,48,124,73,85,68,121,109,115,56,84,15" hai2="80,100,122,66,59,42,12,13,96,92,83,55,86" hai3="46,76,114,21,14,70,79,8,16,60,133,95,3"/><T118/><D120/><U6/><E121/><V116/><F116/><W71/><G114/><T106/><D118/><U63/><E115/><V4/><F122/><W5/><G133/><T132/><D113/><U24/><E68/><V65/><F42/><W57/><G95/><T127/><D1/><U38/><E38/><V111/><F111/><W44/><G70/><T25/><D132/><U52/><E109/><V125/><F125/><W30/><G71/><T53/><D36/><U54/><E124/><V23/><F83/><W69/><G69/><T0/><D0/><U7/><E24/><V39/><F39/><W31/><G76/><T17/><D87/><U50/><E63/><V20/><F20/><W51/><G79/><T82/><D82/><U123/><E123/><V22/><F22/><W99/><G99/><T45/><D127/><U75/><E15/><N who="2" m="5707" /><F23/><W112/><G112/><T117/><D117/><U81/><REACH who="1" step="1"/><E84/><REACH who="1" ten="250,250,220,260" step="2"/><V58/><F4/><W101/><G51/><N who="0" m="28911" /><D25/><U49/><E49/><N who="2" m="31087" /><F59/><AGARI ba="1,2" hai="6,7,48,50,52,54,56,59,73,74,75,81,85,91" machi="59" ten="40,5200,0" yaku="1,1,9,1,54,1,53,0" doraHai="40" doraHaiUra="72" who="1" fromWho="2" sc="250,0,250,75,220,-55,260,0" /><INIT seed="1,0,0,1,3,30" ten="250,325,165,260" oya="1" hai0="13,117,109,53,133,91,46,88,52,96,49,11,123" hai1="81,135,21,124,34,86,54,40,39,132,98,14,131" hai2="22,35,102,38,20,134,95,64,72,84,82,104,60" hai3="36,66,121,71,24,69,92,75,1,50,101,25,111"/><U107/><E124/><V7/><F134/><N who="1" m="51241" /><E131/><V18/><F38/><W23/><G36/><T108/><D133/><U15/><E54/><V93/><F7/><W67/><G75/><T3/><D3/><U33/><E40/><V120/><F120/><W79/><G1/><T5/><D117/><U62/><E62/><V77/><F20/><W59/><G121/><T116/><D116/><U0/><E0/><V17/><F17/><W68/><G111/><N who="0" m="42571" /><D123/><U16/><E39/><V19/><F19/><W119/><G119/><T44/><D96/><U76/><E14/><V114/><F114/><W51/><G79/><T85/><D85/><U9/><E21/><V58/><F104/><W106/><G106/><T41/><D53/><U118/><E118/><V105/><F105/><W31/><G25/><T45/><D45/><U87/><E87/><V90/><F95/><W94/><G94/><T122/><D122/><U8/><E8/><V99/><F72/><W100/><G100/><AGARI ba="0,0" hai="9,15,16,33,34,76,81,86,98,100,107" m="51241" machi="100" ten="30,11600,0" yaku="20,1,52,2,54,1" doraHai="30" who="1" fromWho="3" sc="250,0,325,116,165,0,260,-116" /><INIT seed="1,1,0,2,3,68" ten="250,441,165,144" oya="1" hai0="106,112,41,18,35,80,111,118,40,66,64,14,110" hai1="29,82,115,123,0,12,17,59,3,11,93,7,88" hai2="99,24,46,127,25,57,104,119,4,49,75,95,58" hai3="135,27,134,30,81,38,130,23,92,13,96,44,37"/><U105/><E105/><V120/><F120/><W101/><G130/><T43/><D112/><U1/><E123/><V26/><F119/><W32/><G44/><T19/><D106/><U5/><E115/><V102/><F75/><W129/><G129/><T87/><D35/><U28/><E82/><V98/><F127/><W89/><G81/><T126/><D118/><U121/><E121/><V71/><F71/><W53/><G53/><T77/><D126/><U67/><E67/><N who="0" m="25641" /><D14/><U74/><E59/><V78/><F78/><W72/><G72/><T116/><D116/><U8/><E74/><V21/><F4/><W50/><G50/><T36/><D36/><U79/><E79/><V60/><F60/><W16/><REACH who="3" step="1"/><G101/><REACH who="3" ten="250,441,165,134" step="2"/><T124/><D124/><U56/><E0/><V20/><F57/><W69/><G69/><T91/><D77/><U62/><E56/><V131/><F58/><W39/><AGARI ba="1,1" hai="13,16,23,27,30,32,37,38,39,89,92,96,134,135" machi="39" ten="40,12000,2" yaku="1,1,0,1,52,3,54,1,53,1" doraHai="68" doraHaiUra="15" who="3" fromWho="3" sc="250,-31,441,-61,165,-31,134,133" /><INIT seed="2,0,0,4,2,21" ten="219,380,134,267" oya="2" hai0="133,117,125,55,28,27,4,53,130,7,23,88,126" hai1="29,3,49,76,62,84,89,124,69,80,66,74,129" hai2="127,79,33,17,99,110,64,58,94,46,47,83,52" hai3="96,98,111,43,116,9,95,24,81,100,30,102,75"/><V50/><F127/><N who="0" m="48650" /><D133/><U44/><E3/><V113/><F113/><W31/><G111/><T22/><D130/><U73/><E124/><V128/><F128/><W8/><G116/><T106/><D106/><U12/><E129/><V78/><F110/><W36/><G36/><T91/><D117/><U135/><E135/><V105/><F105/><W71/><G71/><T104/><D104/><U131/><E131/><V87/><F33/><W56/><G43/><T63/><D22/><U32/><E12/><V101/><F78/><W5/><G56/><N who="0" m="35215" /><D55/><U97/><E97/><V120/><F120/><W68/><G68/><T107/><D107/><U37/><E37/><V67/><REACH who="2" step="1"/><F17/><REACH who="2" ten="219,380,124,267" step="2"/><W13/><G102/><T1/><D4/><U45/><E76/><V114/><F114/><W39/><G100/><T123/><D123/><U132/><E32/><V51/><F51/><W122/><G122/><T85/><D85/><U19/><E49/><V92/><F92/><W2/><G95/><T109/><D109/><U103/><E84/><V61/><F61/><W20/><G39/><T35/><D35/><U40/><E62/><V93/><F93/><W0/><G5/><T119/><D119/><U6/><E6/><V48/><F48/><W26/><G75/><T118/><D118/><U18/><E74/><V86/><F86/><W54/><G98/><T16/><D16/><U108/><E18/><V38/><F38/><W115/><G96/><T57/><D7/><U112/><E19/><V10/><F10/><W70/><G115/><T42/><D28/><N who="3" m="10793" /><G9/><T15/><D42/><U11/><E73/><RYUUKYOKU ba="0,1" sc="219,-10,380,-10,124,30,267,-10" hai2="46,47,50,52,58,64,67,79,83,87,94,99,101" /><INIT seed="2,1,1,2,1,46" ten="209,370,154,257" oya="2" hai0="116,100,96,2,61,31,105,77,53,37,128,12,52" hai1="23,69,62,115,47,29,48,25,43,75,99,60,7" hai2="82,1,22,104,113,66,122,54,13,95,59,129,118" hai3="76,98,121,88,135,117,17,56,28,21,64,120,90"/><V73/><F104/><W79/><G117/><T83/><D2/><U106/><E115/><V34/><F113/><W130/><G130/><T51/><D128/><U58/><E75/><V81/><F118/><W4/><G135/><T93/><D37/><U126/><E126/><V125/><F129/><W20/><G4/><T101/><D116/><U11/><E69/><V92/><F1/><W89/><G98/><T94/><D31/><U123/><E123/><V14/><F122/><W33/><G33/><T35/><D35/><U71/><E71/><V102/><F34/><W16/><G28/><T110/><D110/><U57/><E99/><N who="2" m="59751" /><F73/><W68/><G68/><T3/><D3/><U19/><E29/><V114/><F66/><W133/><G133/><T86/><D101/><U134/><E134/><V80/><F114/><W6/><G6/><T0/><D0/><U132/><E132/><V27/><F95/><W67/><G90/><T72/><D72/><U8/><E106/><V42/><F42/><W63/><G56/><N who="1" m="21610" /><E7/><V107/><F107/><W18/><G18/><T39/><D39/><U45/><E45/><V5/><F5/><W9/><G9/><AGARI ba="1,1" hai="8,9,11,19,23,25,43,47,48,60,62" m="21610" machi="9" ten="30,2000,0" yaku="8,1,52,1" doraHai="46" who="1" fromWho="3" sc="209,0,370,33,154,0,257,-23" /><INIT seed="3,0,0,5,1,87" ten="209,403,154,234" oya="3" hai0="20,7,97,71,0,57,115,28,119,81,47,19,11" hai1="38,108,26,30,39,23,18,5,96,132,55,89,2" hai2="56,80,16,64,42,126,32,116,112,134,25,69,94" hai3="98,77,76,104,103,13,29,49,10,131,102,106,65"/><W40/><G131/><T133/><D119/><U21/><E108/><V109/><F109/><W59/><G29/><T52/><D71/><U111/><E132/><V15/><F134/><W53/><G40/><T70/><D70/><U82/><E2/><V99/><F126/><W6/><G65/><T122/><D133/><U27/><E5/><V129/><F129/><W46/><G46/><T118/><D118/><U117/><E117/><V107/><F69/><W34/><G34/><T58/><D115/><U79/><E111/><V110/><F110/><W33/><G33/><T12/><D122/><U37/><E55/><V72/><F116/><W35/><G35/><T120/><D120/><U105/><E105/><V45/><F107/><W88/><G103/><T9/><D97/><U14/><E14/><V130/><F130/><W24/><G24/><T85/><D28/><U135/><E135/><V113/><F25/><W93/><G104/><T1/><D20/><U95/><E38/><V92/><F32/><W121/><G121/><T43/><D0/><U67/><E67/><V128/><F128/><W101/><G101/><T125/><D125/><U124/><E124/><V73/><F113/><W63/><G63/><T50/><D43/><U100/><E100/><V36/><F112/><W62/><G62/><T90/><AGARI ba="0,0" hai="1,7,9,11,12,19,47,50,52,57,58,81,85,90" machi="90" ten="20,12000,2" yaku="0,1,7,1,25,2,52,1,54,1" doraHai="87" who="0" fromWho="0" sc="209,120,403,-30,154,-30,234,-60" owari="329,12.9,373,47.3,124,-37.6,174,-22.6" /></mjloggm>