<mjloggm ver="2.3"><GO type="225" lobby="0"/><UN n0="%E5%84%AA%40%41%42%43" n1="%65%6B%61%72%75%74%65" n2="%E8%81%B7%E6%A5%AD%E3%80%81%E9%A2%A8%32" n3="%E3%83%B4%E3%83%A0%EF%BC%99%E3%81%A6" dan="18,16,16,17" rate="2242.52,2204.48,2150.51,2190.21" sx="M,M,M,M"/><TAIKYOKU oya="0"/><INIT seed="0,0,0,0,5,37" ten="250,250,250,250" oya="0" hai0="110,105,83,24,55,41,39,38,123,42,34,114,121" hai1="76,33,64,11,116,102,94,131,66,22,78,99,95" hai2="70,113,15,44,31,18,107,84,21,43,5,130,87" hai3="13,98,119,49,134,8,75,0,4,20,45,1,79"/><T86/><D114/><U29/><E116/><V16/><F113/><W108/><G119/><T19/><D105/><U71/><E33/><V103/><F70/><W80/><G108/><T118/><D118/><U3/><E71/><V68/><F68/><W133/><G98/><T72/><D72/><U51/><E131/><V126/><F130/><W40/><REACH who="3" step="1"/><G20/><REACH who="3" ten="250,250,250,240" step="2"/><T61/><D110/><U35/><E22/><V101/><F21/><W46/><G46/><T104/><D34/><U67/><E99/><V30/><F44/><W25/><G25/><T62/><D24/><U63/><E35/><V57/><F31/><W117/><G117/><T128/><D128/><U129/><E129/><V97/><F30/><W69/><G69/><T127/><D104/><U28/><E29/><V48/><F97/><W90/><G90/><T112/><D112/><U135/><E28/><V89/><F107/><W115/><G115/><T54/><D127/><U73/><E102/><V124/><F89/><W53/><G53/><T85/><D19/><U23/><E23/><V32/><F32/><W56/><G56/><T14/><D14/><U82/><E67/><V77/><F15/><W26/><G26/><T10/><REACH who="0" step="1"/><D83/><REACH who="0" ten="240,250,250,240" step="2"/><U120/><E82/><V12/><F12/><W7/><G7/><T92/><D92/><U93/><E94/><V9/><F5/><W74/><G74/><T125/><D125/><U58/><E95/><V106/><F124/><W111/><G111/><T17/><D17/><U50/><E93/><V52/><F106/><W47/><G47/><T109/><D109/><U27/><E73/><RYUUKYOKU ba="0,2" sc="240,15,250,-15,250,-15,240,15" hai0="10,38,39,41,42,54,55,61,62,85,86,121,123" hai3="0,1,4,8,13,40,45,49,75,79,80,133,134" /><INIT seed="0,1,2,3,1,67" ten="255,235,235,255" oya="0" hai0="61,55,78,118,98,107,13,123,52,84,103,17,39" hai1="18,54,73,3,37,85,125,91,8,90,88,23,127" hai2="53,1,115,132,86,101,97,80,57,12,133,68,41" hai3="66,48,5,31,126,62,112,105,96,134,40,87,129"/><T100/><D118/><U14/><E73/><V16/><F1/><W45/><G112/><T27/><D123/><U131/><E37/><V82/><F115/><W25/><G126/><N who="1" m="48138" /><E54/><V121/><F121/><W135/><G129/><T74/><D74/><U81/><E131/><V38/><F68/><N who="3" m="42071" /><G5/><AGARI ba="1,2" hai="3,5,8,14,18,23,81,85,88,90,91" m="48138" machi="5" ten="30,2000,0" yaku="18,1,54,1" doraHai="67" who="1" fromWho="3" sc="255,0,235,43,235,0,255,-23" /><INIT seed="1,0,0,4,2,87" ten="255,278,235,232" oya="1" hai0="105,57,80,39,68,47,86,84,59,102,81,2,109" hai1="106,40,58,127,124,75,103,1,85,70,118,100,45" hai2="119,30,122,4,78,88,79,77,117,71,98,101,14" hai3="61,91,72,17,38,67,53,42,43,23,21,112,69"/><U12/><E118/><V60/><F122/><W92/><G112/><T19/><D68/><U116/><E116/><V94/><F117/><W95/><G72/><T44/><D2/><U7/><E70/><V33/><F119/><W50/><G95/><T128/><D105/><U90/><E75/><V24/><F71/><W9/><G9/><T46/><D39/><U36/><E1/><V107/><F60/><W123/><G123/><T15/><D102/><U76/><E76/><V54/><F54/><W111/><G111/><T97/><D97/><U121/><E106/><V3/><F3/><W131/><G131/><T129/><D109/><U56/><E12/><V41/><F41/><W28/><G28/><T37/><D37/><U133/><E7/><V32/><F14/><W20/><G17/><T35/><D35/><U130/><E133/><V31/><F4/><W64/><G64/><T29/><D29/><U89/><E85/><N who="0" m="32873" /><D19/><U18/><E18/><V120/><F120/><W16/><G16/><T27/><D15/><U113/><E113/><V110/><F110/><W49/><G38/><T114/><D27/><U135/><E135/><V25/><F79/><W134/><G134/><T62/><D62/><U52/><E58/><N who="0" m="22025" /><D114/><U73/><E73/><V93/><F107/><W34/><G34/><T48/><D48/><N who="1" m="30727" /><E121/><V22/><F33/><W11/><G50/><T82/><AGARI ba="0,0" hai="44,46,47,80,81,82,128,129" m="22025,32873" machi="82" ten="40,2700,0" yaku="28,2" doraHai="87" who="0" fromWho="0" sc="255,27,278,-13,235,-7,232,-7" /><INIT seed="2,0,0,0,5,35" ten="282,265,228,225" oya="2" hai0="134,29,34,44,123,98,126,10,32,43,40,87,124" hai1="130,18,111,77,14,115,38,132,20,64,4,27,36" hai2="117,101,92,50,55,25,94,76,42,89,106,48,105" hai3="9,45,5,118,75,110,30,103,11,113,102,109,114"/><V57/><F117/><W79/><G118/><T8/><D123/><U67/><E115/><N who="3" m="44042" /><G30/><T97/><D87/><U122/><E77/><V56/><F76/><W7/><G45/><T85/><D85/><U107/><E107/><V104/><F25/><W28/><G28/><T3/><D29/><U70/><E70/><V95/><F101/><N who="3" m="38411" /><G79/><T83/><D83/><U13/><E27/><V86/><REACH who="2" step="1"/><F42/><REACH who="2" ten="282,265,218,225" step="2"/><W46/><G75/><T71/><D43/><U12/><E122/><V135/><F135/><W60/><G46/><T133/><D44/><U22/><E132/><V116/><F116/><W65/><G109/><T31/><D40/><U128/><E111/><V84/><F84/><W17/><G110/><T0/><D31/><U41/><E41/><V49/><F49/><W1/><G17/><T74/><REACH who="0" step="1"/><D71/><REACH who="0" ten="272,265,218,225" step="2"/><U59/><E38/><V82/><F82/><W91/><G91/><T129/><D129/><U58/><E36/><V88/><F88/><W119/><G119/><T19/><D19/><U61/><E18/><V112/><F112/><W53/><G7/><T120/><D120/><U131/><E4/><V72/><F72/><AGARI ba="0,2" hai="0,3,8,10,32,34,72,74,97,98,124,126,133,134" machi="72" ten="25,8000,1" yaku="1,1,22,2,52,2,53,0" doraHai="35" doraHaiUra="121" who="0" fromWho="2" sc="272,100,265,0,218,-80,225,0" /><INIT seed="3,0,0,4,4,32" ten="372,265,138,225" oya="3" hai0="93,29,112,52,116,12,88,48,13,71,17,67,10" hai1="95,122,33,19,125,134,34,8,123,131,30,68,78" hai2="73,108,65,96,70,81,54,39,64,27,9,41,62" hai3="2,89,100,36,120,25,75,91,79,110,69,6,117"/><W60/><G117/><T23/><D116/><U74/><E68/><V84/><F108/><W127/><G120/><T55/><D112/><U97/><E74/><V133/><F73/><W37/><G100/><T1/><D1/><U59/><E78/><V7/><F133/><W11/><G110/><T101/><D101/><U15/><E30/><V4/><F96/><W135/><G135/><T90/><D71/><U83/><E83/><V80/><F39/><W119/><G119/><T129/><D67/><U35/><E59/><V18/><F70/><W0/><G25/><N who="0" m="16575" /><D129/><U76/><E76/><V128/><F41/><W26/><G26/><T77/><D77/><U47/><E47/><V103/><F128/><W50/><G50/><T42/><D13/><U109/><E109/><V38/><F38/><W40/><G0/><T46/><D90/><U130/><E134/><V72/><F72/><W66/><G127/><T114/><D114/><U24/><E24/><V126/><F126/><W82/><G36/><T44/><D46/><AGARI ba="0,0" hai="2,6,11,37,40,46,60,66,69,75,79,82,89,91" machi="46" ten="40,7700,0" yaku="25,2,52,1" doraHai="32" who="3" fromWho="0" sc="372,-77,265,0,138,0,225,77" owari="295,9.5,265,-13.5,138,-36.2,302,40.2" /></mjloggm>