<mjloggm ver="2.3"><GO type="225" lobby="0"/><UN n0="%E6%A1%9C%E8%8A%B1%E9%96%83%E3%80%85" n1="%E7%B4%94%E6%BD%94%E3%83%94%E3%83%A9%E3%83%8B%E3%82%A2" n2="%E6%A0%B9%E5%85%83%E3%81%8B%E3%82%89%E5%90%B9%E3%81%A3%E9%A3%9B%E3%81%B6" n3="%E5%84%AA%40%41%42%43" dan="17,18,17,18" rate="2144.20,2306.62,2227.21,2236.07" sx="M,M,F,M"/><TAIKYOKU oya="0"/><INIT seed="0,0,0,3,3,0" ten="250,250,250,250" oya="0" hai0="78,14,68,25,64,88,111,7,44,94,73,96,2" hai1="87,80,51,121,106,103,17,105,66,127,31,93,4" hai2="19,16,52,84,46,67,41,77,123,76,45,113,135" hai3="62,20,110,86,124,71,81,72,122,11,95,58,33"/><T27/><D2/><U50/><E31/><V21/><F123/><W70/><G33/><T89/><D111/><U85/><E17/><V59/><F135/><W98/><G124/><T101/><D68/><U10/><E66/><V55/><F113/><W65/><G72/><T3/><D3/><U40/><E121/><V18/><F21/><W30/><G11/><N who="0" m="4479" /><D73/><U112/><E103/><V83/><F76/><W37/><G37/><T99/><D78/><U117/><E93/><V107/><F107/><W22/><G110/><T100/><D64/><U74/><E74/><V97/><F97/><N who="0" m="37450" /><D44/><N who="2" m="17002" /><F41/><W13/><G122/><T8/><D8/><U130/><E10/><V116/><F116/><W34/><G20/><T36/><D36/><U91/><E40/><V120/><F120/><W129/><G34/><T48/><D48/><U53/><E117/><V6/><F6/><W109/><G109/><T57/><D57/><U39/><E4/><V108/><F108/><W24/><G13/><T35/><D35/><U104/><E39/><V23/><F23/><W9/><G9/><T1/><D1/><U114/><E127/><V43/><F43/><W49/><G49/><T12/><D12/><U47/><E51/><V60/><AGARI ba="0,0" hai="16,18,19,52,55,59,60,67,77,83,84" m="17002" machi="60" ten="30,4000,0" yaku="8,1,54,2" doraHai="0" who="2" fromWho="2" sc="250,-20,250,-10,250,40,250,-10" /><INIT seed="1,0,0,1,2,70" ten="230,240,290,240" oya="1" hai0="26,17,128,63,125,80,109,58,29,130,44,71,111" hai1="74,82,19,110,56,119,50,38,78,21,89,81,88" hai2="72,6,116,47,31,1,49,12,77,76,53,133,117" hai3="126,95,42,118,102,13,93,59,65,39,36,107,33"/><U16/><E119/><V97/><F133/><W79/><G33/><N who="0" m="20663" /><D71/><U54/><E110/><N who="0" m="41993" /><D125/><U40/><E19/><V46/><F1/><W32/><G32/><T122/><D122/><U73/><E73/><V108/><F108/><W100/><G42/><T28/><D28/><U52/><E54/><V7/><F31/><W67/><G107/><T3/><D3/><U27/><REACH who="1" step="1"/><E81/><REACH who="1" ten="230,230,290,240" step="2"/><V123/><F53/><W2/><G118/><T30/><D30/><U34/><E34/><V91/><F117/><W51/><G126/><T14/><D80/><U120/><E120/><V99/><F72/><W62/><G67/><N who="0" m="39415" /><D44/><AGARI ba="0,1" hai="16,21,27,38,40,44,50,52,56,74,78,82,88,89" machi="44" ten="40,18000,2" yaku="1,1,52,1,54,3,53,1" doraHai="70" doraHaiUra="15" who="1" fromWho="0" sc="230,-180,230,190,290,0,240,0" /><INIT seed="1,1,0,0,4,116" ten="50,420,290,240" oya="1" hai0="133,3,39,6,131,122,28,5,55,14,98,101,73" hai1="36,65,62,71,49,121,111,33,22,40,47,59,79" hai2="53,54,103,19,52,56,25,94,115,123,91,130,32" hai3="51,9,21,87,13,83,31,109,113,1,50,128,126"/><U85/><E33/><V125/><F123/><W10/><G113/><T61/><D3/><U41/><E121/><V66/><F125/><W24/><G109/><T48/><D39/><U81/><E111/><V96/><F130/><W95/><G126/><T20/><D122/><U114/><E114/><V77/><F115/><W100/><G1/><T17/><D131/><U132/><E132/><V86/><F77/><W118/><G118/><T57/><D73/><U18/><E71/><V127/><F66/><W74/><G74/><T4/><D133/><U43/><REACH who="1" step="1"/><E36/><REACH who="1" ten="50,410,290,240" step="2"/><V135/><F135/><W92/><G128/><T7/><N who="0" m="1024" /><DORA hai="0" /><T68/><D28/><U8/><E8/><V67/><F32/><W60/><G9/><T45/><D68/><U120/><E120/><V16/><F25/><AGARI ba="1,1" hai="18,22,25,40,41,43,47,49,59,62,65,79,81,85" machi="25" ten="30,5800,0" yaku="1,1,7,1,8,1,53,0" doraHai="116,0" doraHaiUra="88,89" who="1" fromWho="2" sc="50,0,410,71,290,-61,240,0" /><INIT seed="1,2,0,4,3,82" ten="50,481,229,240" oya="1" hai0="85,79,88,77,69,23,6,1,96,121,33,49,31" hai1="27,103,74,21,46,104,76,126,25,10,67,78,115" hai2="54,97,61,56,70,47,29,32,109,22,68,108,35" hai3="38,48,93,101,59,19,111,94,0,17,113,45,39"/><U83/><E78/><V18/><F47/><W16/><G113/><T117/><D117/><U51/><E115/><V129/><F129/><W112/><G112/><T57/><D69/><U123/><E123/><V131/><F131/><W89/><G0/><T75/><D75/><U8/><E27/><N who="2" m="18495" /><F35/><W36/><G111/><N who="2" m="42569" /><F97/><W44/><G101/><T122/><D33/><U91/><E67/><V124/><F124/><W66/><G93/><N who="0" m="54415" /><D96/><U119/><E126/><V2/><F2/><W64/><G59/><T127/><D127/><U58/><E58/><V90/><F90/><W107/><G107/><T100/><D100/><U95/><E103/><V98/><F98/><W12/><G12/><AGARI ba="2,0" hai="12,18,22,54,56,61,68,70" m="42569,18495" machi="12" ten="30,1000,0" yaku="14,1" doraHai="82" who="2" fromWho="3" sc="50,0,481,0,229,16,240,-16" /><INIT seed="2,0,0,3,5,75" ten="50,481,245,224" oya="2" hai0="71,91,78,86,116,5,63,72,98,74,33,69,128" hai1="28,20,84,6,90,34,117,37,52,36,3,42,10" hai2="16,48,130,94,113,19,120,17,104,23,30,105,0" hai3="22,61,11,68,123,108,103,112,93,76,40,96,32"/><V50/><F113/><W135/><G32/><T79/><D33/><U25/><E117/><V115/><F115/><W4/><G123/><T47/><D116/><U18/><E42/><V49/><F0/><W45/><G108/><T62/><D5/><U81/><E52/><V132/><F132/><W8/><G135/><T13/><D128/><U110/><E110/><V85/><F120/><W99/><G112/><T2/><D2/><U89/><E89/><V102/><F130/><W51/><G68/><T88/><D13/><AGARI ba="0,0" hai="3,6,10,13,18,20,25,28,34,36,37,81,84,90" machi="13" ten="30,3900,0" yaku="7,1,24,2" doraHai="75" who="1" fromWho="0" sc="50,-39,481,39,245,0,224,0" /><INIT seed="3,0,0,4,0,108" ten="11,520,245,224" oya="3" hai0="99,40,69,61,16,135,118,50,92,39,65,88,54" hai1="2,30,0,52,45,123,89,72,110,8,97,10,71" hai2="84,55,24,26,18,100,112,87,94,85,6,25,32" hai3="111,78,59,60,13,106,76,17,115,38,44,133,119"/><W120/><G119/><T73/><D73/><U33/><BYE who="0" /><E71/><V15/><F32/><W132/><G120/><T36/><D36/><U4/><E72/><V104/><F112/><W91/><G106/><T64/><D64/><U68/><E68/><V114/><F114/><W90/><G115/><T70/><D70/><U130/><E110/><V96/><F55/><W3/><G3/><T21/><D21/><U80/><E123/><V31/><F6/><W103/><G103/><T5/><D5/><U53/><E130/><V67/><F67/><W63/><G111/><T49/><D49/><U20/><E33/><V37/><F37/><W75/><G38/><T29/><D29/><U34/><E34/><V98/><F31/><W46/><G75/><T134/><D134/><N who="3" m="51817" /><G44/><T23/><D23/><U121/><E20/><N who="2" m="11359" /><F104/><W102/><G102/><T124/><D124/><U105/><E45/><V125/><F125/><W27/><G27/><T81/><D81/><U122/><E80/><V58/><F96/><W117/><G46/><T74/><D74/><U93/><E105/><V77/><F58/><W12/><G117/><T43/><D43/><U1/><E0/><V9/><F9/><N who="3" m="6287" /><G13/><T107/><D107/><U48/><E1/><V7/><F7/><W116/><G116/><T11/><D11/><U62/><E8/><V22/><F22/><W66/><G63/><T101/><D101/><U56/><E30/><V35/><F35/><W28/><G28/><T83/><D83/><AGARI ba="0,0" hai="24,25,26,77,83,84,85,87,94,98,100" m="11359" machi="83" ten="30,1000,0" yaku="8,1" doraHai="108" who="2" fromWho="0" sc="11,-10,520,0,245,10,224,0" owari="1,-49.9,520,62.0,255,5.5,224,-17.6" /></mjloggm>