<mjloggm ver="2.3"><GO type="225" lobby="0"/><UN n0="%33%74%72%65%65" n1="%72%69%6F%75%63%68%61%6E" n2="%E3%83%9E%E3%83%AB%E3%83%9E%E3%83%AB%E3%81%A1%E3%82%83%E3%82%93" n3="%E3%82%B2%E3%82%B9%E8%8C%82%E5%8B%9D" dan="16,17,16,16" rate="2120.74,2194.88,2098.65,2134.24" sx="F,M,M,F"/><TAIKYOKU oya="0"/><INIT seed="0,0,0,1,3,71" ten="250,250,250,250" oya="0" hai0="75,68,6,62,72,18,52,41,10,126,22,93,63" hai1="24,127,123,53,107,134,0,31,51,49,128,32,96" hai2="82,111,129,1,57,132,92,81,11,26,95,125,86" hai3="119,54,21,19,38,12,20,113,135,58,110,35,130"/><T39/><D126/><U17/><E123/><V23/><F125/><W103/><G119/><T99/><D63/><U87/><E127/><V67/><F111/><W102/><G113/><T121/><D121/><U5/><E128/><V59/><F129/><W37/><G35/><T7/><D7/><U9/><E134/><V91/><F132/><W65/><G130/><T28/><D28/><U48/><E87/><V61/><F1/><W88/><G65/><T120/><D120/><U45/><E107/><V46/><F11/><W13/><G135/><T47/><D68/><U105/><E105/><V27/><F27/><W112/><G112/><T55/><D62/><U34/><E34/><V84/><F46/><W85/><G110/><T42/><D42/><U98/><E17/><V100/><F59/><W89/><G58/><T109/><D109/><U74/><E74/><V2/><F100/><W94/><G54/><T122/><D122/><U14/><E0/><V106/><F106/><W117/><G117/><T79/><D72/><U29/><E29/><V124/><F2/><W44/><G44/><T73/><D73/><U33/><E33/><V76/><REACH who="2" step="1"/><F124/><REACH who="2" ten="250,250,240,250" step="2"/><W50/><G103/><T133/><D133/><U15/><E15/><V66/><F66/><W78/><G102/><N who="0" m="60783" /><D10/><U118/><E118/><V64/><F64/><W83/><G50/><N who="1" m="19562" /><E45/><V101/><F101/><W60/><G60/><T3/><D3/><U114/><E114/><V36/><F36/><W69/><G69/><T104/><D104/><U70/><E70/><V77/><F77/><W30/><G78/><T40/><D79/><RYUUKYOKU ba="0,1" sc="250,-15,250,15,240,15,250,-15" hai1="5,9,14,24,31,32,51,53,96,98" hai2="23,26,57,61,67,76,81,82,84,86,91,92,95" /><INIT seed="1,1,1,4,0,29" ten="235,265,255,235" oya="1" hai0="45,134,13,14,16,51,5,129,125,64,90,126,124" hai1="67,38,62,26,84,50,69,15,41,63,23,85,106" hai2="4,113,118,116,103,36,107,57,130,93,72,21,20" hai3="109,112,108,92,76,100,88,66,95,111,7,133,22"/><U89/><E106/><V37/><F72/><W58/><G112/><T91/><D134/><U1/><E38/><V12/><F107/><W44/><G133/><T18/><D129/><U28/><E1/><V2/><F2/><W3/><G76/><T86/><D64/><U71/><E15/><N who="0" m="5641" /><D5/><U52/><E41/><V83/><F83/><W70/><G70/><T42/><D90/><U117/><E117/><V135/><F135/><W82/><G100/><T39/><D39/><U27/><E89/><V120/><F120/><W6/><G44/><T60/><D60/><U79/><E79/><V96/><F130/><W114/><G114/><T48/><D51/><U0/><E0/><V98/><F12/><W33/><G33/><T31/><D31/><U132/><E132/><V119/><F113/><W87/><G22/><T61/><D61/><U73/><E73/><V122/><F122/><W121/><G121/><T123/><D123/><U101/><E101/><V68/><F68/><W35/><G35/><T128/><D128/><U81/><E81/><AGARI ba="1,1" hai="16,18,42,45,48,81,86,91,124,125,126" m="5641" machi="81" ten="30,2000,0" yaku="18,1,54,1" doraHai="29" who="0" fromWho="1" sc="235,33,265,-23,255,0,235,0" /><INIT seed="2,0,0,0,5,79" ten="268,242,255,235" oya="2" hai0="0,37,35,10,42,103,15,75,111,41,89,57,63" hai1="84,44,31,120,70,96,25,108,104,17,20,116,51" hai2="74,130,45,38,65,1,99,22,55,47,58,83,29" hai3="105,81,129,16,87,36,23,133,94,134,69,34,66"/><V135/><F1/><W2/><G34/><T109/><D0/><U28/><E116/><V60/><F130/><W113/><G113/><T30/><D103/><U7/><E70/><V124/><F124/><W43/><G105/><T125/><D125/><U52/><E108/><N who="0" m="41545" /><D37/><U64/><E120/><V71/><F135/><N who="3" m="51723" /><G2/><T97/><D75/><U100/><E64/><V119/><F119/><W72/><G72/><T121/><D121/><U5/><REACH who="1" step="1"/><E84/><REACH who="1" ten="268,232,255,235" step="2"/><V18/><F71/><W131/><G66/><N who="0" m="39279" /><D35/><U76/><E76/><V26/><F65/><W40/><G69/><T50/><D30/><AGARI ba="0,1" hai="5,7,17,20,25,28,30,31,44,51,52,96,100,104" machi="30" ten="40,2600,0" yaku="1,1,54,1,53,0" doraHai="79" doraHaiUra="127" who="1" fromWho="0" sc="268,-26,232,36,255,0,235,0" /><INIT seed="3,0,0,3,4,65" ten="242,268,255,235" oya="3" hai0="89,114,116,9,1,108,32,73,69,8,75,88,36" hai1="68,77,19,127,67,26,23,40,17,133,7,49,123" hai2="64,52,79,37,4,134,92,45,131,62,57,125,81" hai3="59,109,126,110,63,13,38,103,112,128,54,18,55"/><W106/><G112/><T86/><D36/><U80/><E123/><V76/><F125/><W113/><G113/><T6/><D114/><U129/><E127/><V105/><F105/><W22/><G126/><T111/><D116/><U39/><E39/><V104/><F104/><W15/><G38/><T21/><D32/><U74/><E129/><V29/><F4/><W97/><G128/><T24/><D9/><U124/><E124/><V5/><F5/><W120/><G120/><T60/><D75/><U42/><E133/><V101/><F29/><W130/><G130/><T11/><D11/><U48/><E17/><V90/><F101/><W10/><REACH who="3" step="1"/><G54/><REACH who="3" ten="242,268,255,225" step="2"/><T132/><D132/><U95/><E40/><V2/><F52/><W61/><G61/><T84/><D73/><U30/><E42/><V78/><F62/><W56/><G56/><T102/><D60/><U20/><E74/><V51/><F57/><W82/><G82/><T98/><D69/><U119/><E80/><V135/><F131/><W34/><G34/><T66/><D66/><U122/><E67/><V93/><F64/><W27/><G27/><T70/><D70/><U91/><E68/><V33/><F33/><W99/><G99/><T47/><D47/><U16/><E122/><V107/><F37/><W121/><G121/><T83/><D86/><U71/><E71/><V0/><F45/><W43/><G43/><T31/><REACH who="0" step="1"/><D89/><REACH who="0" ten="232,268,255,225" step="2"/><U28/><E91/><V14/><F90/><W115/><G115/><T41/><D41/><U25/><E49/><V94/><F135/><W46/><G46/><T85/><D85/><RYUUKYOKU ba="0,2" sc="232,15,268,-15,255,-15,225,15" hai0="1,6,8,21,24,31,83,84,88,98,102,108,111" hai3="10,13,15,18,22,55,59,63,97,103,106,109,110" /><INIT seed="3,1,2,2,0,102" ten="247,253,240,240" oya="3" hai0="40,115,123,15,110,26,53,38,4,104,66,65,124" hai1="46,34,41,77,69,94,3,44,119,92,55,13,21" hai2="129,112,97,107,121,45,36,98,33,85,23,96,57" hai3="32,78,16,22,6,47,127,70,9,122,29,128,24"/><W58/><G122/><T54/><D110/><U103/><E34/><V113/><F33/><W60/><G70/><T87/><D123/><U5/><E69/><V8/><F107/><W88/><G127/><T131/><D104/><U118/><E3/><V18/><F121/><W35/><G128/><T74/><D74/><U80/><E55/><N who="0" m="21001" /><D38/><U93/><E103/><V68/><F68/><W116/><G116/><N who="1" m="44586" /><E41/><V76/><F57/><W83/><G47/><N who="1" m="17962" /><E21/><V109/><F8/><W43/><G43/><T49/><D131/><U130/><E130/><V89/><F129/><W11/><G88/><T28/><D40/><U72/><E13/><V10/><F109/><W50/><G50/><T63/><D49/><U67/><E5/><V59/><F36/><W108/><G108/><T39/><D39/><U99/><E67/><V84/><F113/><W79/><G35/><N who="0" m="20887" /><D66/><U101/><AGARI ba="1,2" hai="72,77,80,92,93,94,99,101" m="17962,44586" machi="101" ten="30,1100,0" yaku="12,1" doraHai="102" who="1" fromWho="1" sc="247,-4,253,34,240,-4,240,-6" /><INIT seed="4,0,0,1,3,88" ten="243,287,236,234" oya="0" hai0="106,74,60,94,53,46,80,39,87,26,0,64,107" hai1="71,73,45,84,37,123,65,121,23,27,96,112,19" hai2="117,66,108,127,93,132,102,119,115,78,57,49,114" hai3="109,72,28,16,21,99,6,34,75,7,110,116,15"/><T90/><D0/><U8/><E73/><V55/><F108/><N who="3" m="41579" /><G99/><T4/><D4/><N who="3" m="1577" /><G75/><T124/><D124/><U79/><E112/><N who="2" m="43051" /><F127/><W68/><G68/><T10/><D10/><U135/><E135/><V86/><F132/><W1/><G72/><T128/><D128/><U91/><E37/><V13/><F13/><W120/><G116/><N who="2" m="44617" /><F66/><W77/><G77/><T61/><D26/><U42/><E79/><V43/><F43/><W3/><G120/><T18/><D64/><U12/><E65/><V129/><F129/><W41/><G41/><T22/><D39/><U76/><E71/><V38/><F38/><W40/><G40/><T51/><D74/><U130/><E130/><V122/><F122/><W70/><G70/><T111/><D111/><U54/><E42/><V36/><F36/><W59/><G59/><T100/><D107/><U103/><E76/><V125/><F125/><W126/><G126/><T50/><D106/><U11/><E123/><V69/><F69/><W31/><G34/><T30/><D51/><N who="1" m="29039" /><E121/><V62/><F78/><W20/><G20/><T105/><D105/><U35/><E35/><V48/><F86/><W97/><G97/><AGARI ba="0,0" hai="48,49,55,57,62,93,97,102" m="44617,43051" machi="97" ten="30,3900,0" yaku="15,1,12,1,52,1" doraHai="88" who="2" fromWho="3" sc="243,0,287,0,236,39,234,-39" /><INIT seed="5,0,0,4,1,90" ten="243,287,275,195" oya="1" hai0="57,98,86,29,108,78,59,63,110,6,107,72,38" hai1="28,83,92,60,129,87,68,119,40,82,58,0,25" hai2="76,85,32,12,95,101,49,67,121,73,20,36,44" hai3="23,111,105,71,52,3,27,96,51,112,45,65,128"/><U41/><E119/><V134/><F32/><W16/><G111/><T54/><D38/><U39/><E0/><V4/><F36/><W42/><G112/><T77/><D72/><U116/><E68/><V102/><F73/><W61/><G128/><T79/><D6/><U81/><E116/><V122/><F134/><W133/><G133/><T91/><D29/><U18/><E129/><V10/><F121/><W56/><G3/><T55/><D107/><U47/><E18/><V135/><F135/><W88/><G105/><T15/><D15/><U66/><E92/><V31/><F67/><W62/><REACH who="3" step="1"/><G88/><REACH who="3" ten="243,287,275,185" step="2"/><T124/><D110/><U7/><E7/><V99/><F122/><W30/><G30/><T100/><D108/><U125/><E125/><V17/><F31/><W19/><G19/><T22/><D124/><U8/><E28/><V109/><F109/><W35/><G35/><T84/><D91/><U130/><E130/><V21/><F101/><W70/><G70/><T106/><REACH who="0" step="1"/><D22/><REACH who="0" ten="233,287,275,185" step="2"/><U9/><E9/><V127/><F127/><W43/><G43/><T48/><AGARI ba="0,2" hai="48,54,55,57,59,63,77,78,79,84,86,98,100,106" machi="48" ten="30,4000,0" yaku="1,1,2,1,0,1,53,0" doraHai="90" doraHaiUra="89" who="0" fromWho="0" sc="233,60,287,-20,275,-10,185,-10" /><INIT seed="6,0,0,4,0,82" ten="293,267,265,175" oya="2" hai0="49,28,87,33,133,25,95,18,42,131,35,89,100" hai1="90,128,22,16,60,125,63,44,72,68,21,126,114" hai2="19,32,108,76,56,129,57,116,62,69,77,92,13" hai3="26,6,37,34,12,99,2,132,29,20,24,103,47"/><V124/><F116/><W46/><G132/><T96/><D133/><U97/><E114/><V55/><F32/><W109/><G109/><T85/><D131/><U54/><E128/><V36/><F69/><W52/><G37/><T48/><D35/><U115/><E115/><V118/><F36/><W66/><G66/><T45/><D18/><U31/><E72/><V0/><F0/><W10/><G52/><T123/><D123/><U117/><E117/><V101/><F118/><W107/><REACH who="3" step="1"/><G24/><REACH who="3" ten="293,267,265,165" step="2"/><T119/><D119/><U17/><E54/><N who="2" m="34071" /><F108/><W113/><G113/><T11/><D49/><U27/><E63/><N who="2" m="36287" /><F129/><W4/><G4/><T15/><D100/><U67/><E44/><V91/><F124/><N who="1" m="47721" /><E22/><N who="2" m="11631" /><F101/><W98/><G98/><AGARI ba="0,1" hai="76,77,91,92,98" m="11631,36287,34071" machi="98" ten="30,1500,0" yaku="8,1" doraHai="82" who="2" fromWho="3" sc="293,0,267,0,265,25,165,-15" /><INIT seed="6,1,0,5,3,95" ten="293,267,290,150" oya="2" hai0="29,111,103,53,35,13,87,72,91,26,57,109,126" hai1="75,3,19,88,84,127,77,69,62,20,85,21,78" hai2="116,96,113,34,110,5,128,92,79,1,101,24,119" hai3="49,80,97,22,131,67,133,73,48,66,2,41,65"/><V31/><F113/><W50/><G2/><T121/><D121/><U132/><E3/><V52/><F128/><W115/><G131/><T47/><D72/><U6/><E75/><V93/><F110/><W43/><G133/><T51/><D126/><U54/><E6/><V28/><F28/><W83/><G115/><T8/><D103/><U118/><E118/><V130/><F130/><W36/><G36/><T58/><D109/><U33/><E33/><V39/><F39/><W9/><G9/><T94/><D111/><U104/><E104/><V125/><F125/><W135/><G135/><T114/><D114/><U71/><E127/><V40/><F40/><W117/><G117/><T59/><D47/><U60/><E132/><V90/><F79/><W89/><G22/><T42/><D42/><N who="3" m="15881" /><G73/><T18/><AGARI ba="1,0" hai="8,13,18,26,29,35,51,53,57,58,59,87,91,94" machi="18" ten="20,1500,0" yaku="0,1,7,1" doraHai="95" who="0" fromWho="0" sc="293,18,267,-5,290,-8,150,-5" owari="311,41.1,262,-13.8,282,8.2,145,-35.5" /></mjloggm>