<mjloggm ver="2.3"><GO type="225" lobby="0"/><UN n0="%72%69%6F%75%63%68%61%6E" n1="%E6%B4%BE%E9%81%A3%E3%81%AE%E3%82%B8%E3%83%A3%E3%83%83%E3%82%AF" n2="%EF%BC%AE%EF%BC%A1%EF%BC%AF%33%33%39" n3="%E3%82%BC%E3%83%AB%E3%83%80%E3%81%AE%E4%BC%9D%E8%AA%AC" dan="16,17,17,17" rate="2241.53,2234.17,2155.83,2237.94" sx="M,M,M,M"/><TAIKYOKU oya="0"/><INIT seed="0,0,0,4,5,42" ten="250,250,250,250" oya="0" hai0="73,0,89,26,124,13,132,116,118,27,49,19,68" hai1="123,90,8,81,100,105,95,58,1,114,62,98,21" hai2="16,39,113,119,31,15,32,20,135,107,71,131,66" hai3="6,50,110,22,96,24,91,51,86,61,125,17,5"/><T65/><D0/><U69/><E123/><V34/><F39/><W55/><G110/><T29/><D73/><U121/><E121/><V48/><F107/><W74/><G74/><T28/><D68/><U94/><E69/><V14/><F66/><W102/><G125/><T117/><D65/><U46/><E114/><V128/><F71/><W77/><G77/><T11/><D89/><U78/><E21/><V12/><F48/><W56/><G51/><T70/><D70/><U134/><E134/><V18/><F113/><W7/><G50/><T47/><D124/><U9/><E46/><V38/><F38/><W40/><G40/><T36/><D36/><U63/><E1/><V130/><F135/><W115/><G115/><T37/><D37/><U108/><E108/><V44/><F44/><W33/><G33/><N who="2" m="12905" /><F119/><W57/><G57/><T80/><D80/><U75/><E62/><V2/><F2/><W88/><REACH who="3" step="1"/><G86/><REACH who="3" ten="250,250,250,240" step="2"/><T120/><D120/><U60/><E60/><V54/><F54/><W97/><G97/><T103/><D132/><U82/><E63/><V109/><F109/><W23/><G23/><T111/><D111/><U3/><E58/><V72/><F72/><W99/><G99/><T35/><D103/><U25/><E75/><V84/><F84/><W41/><G41/><T127/><D127/><U76/><E76/><V133/><F133/><W45/><G45/><T52/><D117/><U129/><E78/><V83/><F83/><W30/><G30/><T43/><D43/><U92/><E81/><V79/><F79/><W106/><AGARI ba="0,1" hai="5,6,7,17,22,24,55,56,61,88,91,96,102,106" machi="106" ten="30,4000,0" yaku="1,1,0,1,54,1,53,0" doraHai="42" doraHaiUra="126" who="3" fromWho="3" sc="250,-20,250,-10,250,-10,240,50" /><INIT seed="1,0,0,3,5,31" ten="230,240,240,290" oya="1" hai0="100,132,53,15,123,35,1,121,25,133,85,84,77" hai1="108,11,127,114,47,89,4,73,105,52,97,54,56" hai2="62,3,45,16,64,32,117,124,79,37,116,36,65" hai3="92,26,69,80,24,23,72,86,115,91,102,74,49"/><U111/><E114/><V40/><F3/><W10/><G115/><T129/><D1/><U48/><E73/><V71/><F79/><W87/><G69/><T17/><D129/><U39/><E127/><V95/><F124/><W2/><G26/><T96/><D53/><U43/><E54/><V99/><F37/><W82/><G49/><T81/><D85/><U67/><E67/><V119/><F65/><W28/><G102/><T38/><D38/><U9/><E89/><V5/><F5/><W60/><G60/><T7/><D7/><U61/><E39/><V94/><F32/><W0/><G92/><T75/><D84/><U42/><E42/><V66/><F66/><W113/><G113/><T93/><D25/><U134/><E134/><N who="0" m="51817" /><D35/><U126/><E126/><V50/><F99/><W103/><G0/><T135/><N who="0" m="51825" /><T57/><DORA hai="19" /><D57/><U22/><E22/><AGARI ba="0,0" hai="15,17,22,75,77,81,93,96,100,121,123" m="51825" machi="22" ten="40,2600,0" yaku="20,1,52,1" doraHai="31,19" who="0" fromWho="1" sc="230,26,240,-26,240,0,290,0" /><INIT seed="2,0,0,2,3,118" ten="256,214,240,290" oya="2" hai0="31,122,20,97,62,135,38,53,32,63,46,103,15" hai1="87,93,127,71,9,130,95,126,99,61,106,111,34" hai2="3,16,66,17,64,81,92,1,28,52,55,2,8" hai3="78,14,24,50,88,27,109,79,42,23,124,12,74"/><V96/><F28/><W117/><G117/><T40/><D122/><U131/><E34/><V129/><F129/><N who="1" m="49161" /><E9/><V22/><F81/><W0/><G0/><T85/><D135/><U33/><E33/><V51/><F8/><W35/><G109/><T25/><D85/><U54/><E111/><V56/><F55/><W58/><G124/><N who="1" m="47658" /><E54/><V116/><F116/><W30/><G74/><T84/><D84/><U89/><E71/><V77/><F77/><W7/><G7/><T11/><D53/><U43/><E43/><V121/><F121/><W90/><G78/><T134/><D134/><U110/><E61/><V47/><F47/><W133/><G42/><T29/><D29/><U59/><E59/><V68/><F68/><W101/><G58/><T76/><D76/><U83/><E110/><V105/><F105/><W104/><G79/><T18/><REACH who="0" step="1"/><D32/><REACH who="0" ten="246,214,240,290" step="2"/><U94/><E106/><AGARI ba="0,1" hai="11,15,18,20,25,31,38,40,46,62,63,97,103,106" machi="106" ten="30,7700,0" yaku="1,1,2,1,7,1,53,1" doraHai="118" doraHaiUra="37" who="0" fromWho="1" sc="246,87,214,-77,240,0,290,0" /><INIT seed="3,0,0,0,0,63" ten="333,137,240,290" oya="3" hai0="84,19,116,105,59,8,114,96,129,52,10,110,92" hai1="72,132,107,30,126,61,93,95,101,54,11,76,70" hai2="48,74,127,89,75,85,17,12,82,131,0,118,16" hai3="34,67,45,24,28,51,88,66,21,49,4,135,22"/><W32/><G4/><T35/><D116/><U13/><E126/><V7/><F118/><W14/><G135/><T68/><D68/><U47/><E132/><V104/><F104/><W36/><G36/><T33/><D110/><U60/><E72/><V9/><F127/><W23/><G34/><T111/><D111/><U43/><E107/><V115/><F115/><W39/><G39/><T42/><D114/><U57/><E70/><V99/><F131/><W2/><G2/><T124/><D124/><U81/><E30/><V25/><F99/><W87/><G14/><T27/><D129/><U133/><E133/><V134/><F134/><W80/><REACH who="3" step="1"/><G51/><REACH who="3" ten="333,137,240,280" step="2"/><N who="0" m="31135" /><D33/><U103/><E61/><V1/><F1/><W53/><AGARI ba="0,1" hai="21,22,23,24,28,32,45,49,53,66,67,80,87,88" machi="53" ten="30,12000,1" yaku="1,1,0,1,52,2,54,1,53,0" doraHai="63" doraHaiUra="117" who="3" fromWho="3" sc="333,-40,137,-40,240,-40,280,130" owari="293,9.3,97,-40.3,200,-20.0,410,51.0" /></mjloggm>