<mjloggm ver="2.3"><GO type="225" lobby="0"/><UN n0="%74%61%6B%75%61%6B%61" n1="%E5%8D%8D%E6%B1%A0%E8%A2%8B%E6%9C%80%E5%BC%B7%E5%8D%8D" n2="%E5%B8%86%E7%AB%8B%E5%A4%8F%E8%A1%A3" n3="%E9%B3%B3%E6%9D%B1%E3%81%AE%E3%81%86%E3%81%95%E3%81%8E%E3%81%95%E3%82%93" dan="16,16,16,16" rate="2147.36,2140.07,2081.46,2257.51" sx="M,M,M,M"/><TAIKYOKU oya="0"/><INIT seed="0,0,0,1,5,116" ten="250,250,250,250" oya="0" hai0="37,78,122,24,19,62,52,20,57,29,75,41,28" hai1="128,47,2,18,43,124,1,44,129,133,10,46,30" hai2="49,101,34,64,25,108,59,71,14,74,127,67,109" hai3="55,11,76,6,54,79,66,9,102,114,88,16,97"/><T22/><D122/><U131/><E133/><V92/><F74/><W120/><G114/><T135/><D135/><U104/><E104/><V3/><F3/><W35/><G35/><T132/><D132/><U130/><N who="1" m="32768" /><DORA hai="111" /><U121/><E121/><V113/><F127/><W33/><G33/><T36/><D41/><U112/><E112/><V93/><F14/><N who="3" m="7263" /><G66/><T23/><D29/><U85/><E124/><V42/><F34/><W125/><G120/><T27/><REACH who="0" step="1"/><D22/><REACH who="0" ten="240,250,250,250" step="2"/><U70/><E30/><V81/><F109/><W80/><G125/><T106/><D106/><U26/><E43/><V5/><F42/><W84/><G54/><T123/><D123/><U15/><E70/><V83/><F71/><W31/><G31/><T73/><D73/><U17/><REACH who="1" step="1"/><E85/><REACH who="1" ten="240,240,250,250" step="2"/><V68/><F68/><W72/><G72/><T115/><D115/><U107/><E107/><V61/><F113/><W32/><G84/><T96/><D96/><U4/><E4/><V40/><F5/><W91/><G6/><T39/><D39/><U56/><E56/><V117/><F59/><W87/><G87/><T65/><D65/><U98/><E98/><V21/><F67/><W100/><G97/><T60/><D60/><U105/><E105/><V38/><F61/><W86/><G86/><T48/><D48/><U7/><E7/><V45/><F64/><W90/><G79/><T8/><D8/><U12/><E12/><V50/><F49/><W134/><G9/><T58/><D58/><U103/><E103/><V0/><F101/><W110/><G102/><T63/><D63/><U13/><E13/><RYUUKYOKU ba="0,2" sc="240,15,240,15,250,-15,250,-15" hai0="19,20,23,24,27,28,36,37,52,57,62,75,78" hai1="1,2,10,15,17,18,26,44,46,47" /><INIT seed="0,1,2,1,3,130" ten="255,255,235,235" oya="0" hai0="133,55,66,126,57,30,21,72,118,61,19,62,93" hai1="122,97,87,38,63,71,68,64,34,31,6,128,43" hai2="53,59,88,65,28,112,73,83,75,100,125,47,27" hai3="96,120,70,98,106,3,9,114,39,33,41,107,60"/><T4/><D118/><U5/><E128/><V74/><F112/><W91/><G114/><T121/><D121/><U8/><E122/><V85/><F125/><W90/><G120/><T14/><D126/><U7/><E71/><V51/><F100/><N who="3" m="62727" /><G91/><T109/><D72/><U52/><E97/><V36/><F65/><N who="3" m="41255" /><G90/><T76/><D109/><U92/><E34/><V54/><F36/><W26/><G98/><T11/><D76/><U16/><E31/><V37/><F37/><W15/><G15/><T117/><D117/><U1/><E38/><V86/><F86/><W103/><G103/><T129/><D30/><U22/><E43/><V69/><F69/><W132/><G107/><T113/><D113/><U78/><E78/><V50/><REACH who="2" step="1"/><F74/><REACH who="2" ten="255,255,225,235" step="2"/><W79/><G39/><T32/><D129/><U2/><E87/><V115/><F115/><W49/><G79/><T80/><D66/><U108/><E108/><V95/><F95/><W94/><G94/><T119/><D93/><U10/><E92/><V58/><F58/><W82/><G82/><T17/><D80/><U40/><E64/><V23/><AGARI ba="1,3" hai="23,27,28,47,50,51,53,54,59,73,75,83,85,88" machi="23" ten="20,5200,0" yaku="1,1,0,1,7,1,54,1,53,0" doraHai="130" doraHaiUra="124" who="2" fromWho="2" sc="255,-27,255,-14,225,85,235,-14" /><INIT seed="1,0,0,2,0,94" ten="228,241,310,221" oya="1" hai0="41,35,31,28,123,71,19,64,6,11,133,74,116" hai1="7,95,62,86,29,50,80,8,48,30,120,102,1" hai2="42,131,105,85,101,87,67,21,22,52,115,122,33" hai3="43,16,18,75,97,58,88,10,17,46,119,89,2"/><U39/><E39/><V111/><F122/><W4/><G119/><T125/><D74/><U82/><E120/><V14/><F33/><W135/><G135/><T59/><D123/><U68/><E82/><V57/><F42/><W47/><G75/><T65/><D71/><U61/><E29/><V129/><F111/><W32/><G32/><T91/><D41/><U124/><E124/><V128/><F67/><W98/><G58/><T69/><D69/><U66/><E62/><N who="2" m="36135" /><F115/><W26/><G26/><T109/><D125/><U12/><E30/><V107/><F22/><W44/><REACH who="3" step="1"/><G43/><REACH who="3" ten="228,241,310,211" step="2"/><T37/><D59/><U25/><E25/><V5/><F129/><W93/><G93/><T121/><D35/><U113/><E113/><V70/><F131/><W53/><G53/><T54/><D54/><U127/><E127/><V78/><F128/><W49/><G49/><T23/><D133/><U106/><E95/><V117/><F117/><W103/><G103/><T51/><D51/><U76/><REACH who="1" step="1"/><E1/><REACH who="1" ten="228,231,310,211" step="2"/><V73/><F107/><W81/><G81/><T99/><D121/><U45/><E45/><V112/><F105/><W63/><G63/><T56/><D116/><U132/><E132/><V110/><F112/><W108/><G108/><T27/><D109/><U100/><E100/><V114/><F101/><W104/><G104/><T77/><D37/><U134/><E134/><V34/><F110/><W40/><G40/><T72/><D64/><U13/><E13/><V36/><F14/><W96/><AGARI ba="0,2" hai="2,4,10,16,17,18,44,46,47,88,89,96,97,98" machi="96" ten="40,16000,3" yaku="1,1,0,1,29,2,52,3,54,2,53,0" doraHai="94" doraHaiUra="118" who="3" fromWho="3" sc="228,-40,231,-80,310,-40,211,180" /><INIT seed="2,0,0,1,3,15" ten="188,151,270,391" oya="2" hai0="105,84,39,0,22,35,8,127,107,108,104,67,68" hai1="7,42,9,122,92,58,49,70,10,31,66,55,12" hai2="26,54,106,132,14,78,87,114,21,121,4,72,36" hai3="110,19,116,91,75,74,37,13,118,60,44,83,6"/><V96/><F114/><W77/><G74/><T40/><D108/><U90/><E122/><V131/><F121/><W20/><G110/><T103/><D22/><U27/><E42/><V113/><F113/><W48/><G37/><T28/><D84/><U73/><E73/><V123/><F123/><W99/><G6/><N who="0" m="1095" /><D103/><U100/><E100/><V38/><F72/><W5/><G5/><T119/><D127/><U3/><E70/><V130/><F96/><W47/><G47/><N who="0" m="23967" /><D119/><U124/><E124/><V57/><F106/><W82/><G82/><T29/><D29/><U98/><E66/><V94/><F94/><W34/><G60/><N who="0" m="40039" /><D104/><U18/><E31/><V117/><F117/><W93/><G34/><T80/><D80/><U61/><REACH who="1" step="1"/><E27/><AGARI ba="0,0" hai="27,28,35,105,107" m="40039,23967,1095" machi="27" ten="30,2000,0" yaku="33,2" doraHai="15" who="0" fromWho="1" sc="188,20,151,-20,270,0,391,0" /><INIT seed="3,0,0,4,0,35" ten="208,131,270,391" oya="3" hai0="80,122,134,74,66,42,34,10,41,88,118,46,57" hai1="14,129,2,73,25,113,115,97,11,0,37,43,63" hai2="103,131,124,123,48,79,111,36,106,51,85,105,126" hai3="5,81,127,4,93,62,60,23,128,6,16,17,21"/><W29/><G128/><T132/><D34/><U99/><E73/><V69/><F131/><W92/><G81/><T65/><D122/><U50/><E37/><V27/><F69/><W39/><G39/><T133/><D118/><U56/><E129/><V53/><F36/><W19/><G127/><T3/><D57/><U18/><E25/><V38/><F38/><W112/><G112/><T130/><D130/><U83/><E83/><V24/><F111/><W44/><G44/><T26/><D26/><U95/><E99/><V59/><F123/><W33/><G33/><T70/><D70/><U49/><E113/><V91/><F79/><W75/><G75/><T89/><D46/><U104/><E104/><V40/><F27/><N who="3" m="16639" /><G21/><T82/><D10/><U45/><E50/><V120/><F51/><W13/><G13/><T78/><D78/><U72/><E72/><V28/><F24/><W22/><G22/><T15/><D74/><U68/><E68/><V31/><F31/><W52/><G52/><T76/><D15/><U117/><E117/><V108/><F28/><W121/><G121/><T71/><D76/><U119/><E119/><V94/><F120/><W8/><G8/><T61/><D71/><U64/><REACH who="1" step="1"/><E115/><REACH who="1" ten="208,121,270,391" step="2"/><V67/><F106/><W30/><G30/><T20/><D80/><U98/><E98/><V9/><F105/><W84/><G93/><T102/><D82/><U77/><E77/><V114/><F114/><W12/><G92/><T7/><D133/><U47/><E47/><N who="2" m="25703" /><F94/><W96/><G96/><T135/><D134/><U32/><E32/><V116/><F116/><RYUUKYOKU ba="0,1" sc="208,-10,121,30,270,-10,391,-10" hai1="0,2,11,14,18,43,45,49,56,63,64,95,97" owari="198,-20.2,151,-34.9,260,6.0,391,49.1" /></mjloggm>