<mjloggm ver="2.3"><GO type="225" lobby="0"/><UN n0="%6D%75%75%6D%75%72%61" n1="%E9%A2%A8%E3%81%A7%E9%B3%B4%E3%81%8F" n2="%72%69%6F%75%63%68%61%6E" n3="%E6%98%93%E5%88%A9%E8%96%A9%E4%BC%AF" dan="16,16,17,16" rate="2114.75,2163.15,2191.39,2055.31" sx="F,M,M,F"/><TAIKYOKU oya="0"/><INIT seed="0,0,0,0,1,9" ten="250,250,250,250" oya="0" hai0="21,109,61,27,39,70,37,94,81,0,34,60,44" hai1="25,69,36,47,92,101,91,5,78,58,73,54,82" hai2="125,45,103,23,108,134,19,98,71,26,20,83,8" hai3="41,93,49,50,133,48,96,6,40,57,120,127,33"/><T68/><D0/><U16/><E69/><V113/><F108/><W80/><G33/><T17/><D109/><U55/><E5/><V59/><F125/><W119/><G119/><T3/><D3/><U53/><E101/><V12/><F134/><W22/><G133/><T87/><D70/><U110/><E110/><V75/><F71/><W76/><G120/><T123/><D123/><U130/><E130/><V107/><F113/><W77/><G6/><T88/><D34/><U97/><E36/><V102/><F103/><W99/><G127/><T46/><D37/><U35/><E35/><V66/><F45/><W43/><G80/><T121/><D121/><U135/><E135/><V18/><F75/><W30/><G57/><T117/><D117/><U85/><E47/><V24/><F83/><W86/><G86/><T95/><D44/><U4/><E4/><V7/><F59/><W1/><G1/><T28/><D28/><U31/><E31/><V129/><REACH who="2" step="1"/><F66/><REACH who="2" ten="250,250,240,250" step="2"/><W100/><REACH who="3" step="1"/><G96/><REACH who="3" ten="250,250,240,240" step="2"/><T2/><D68/><U79/><E73/><V74/><F74/><W14/><G14/><T126/><D126/><U122/><E122/><V84/><F84/><W112/><G112/><T104/><D2/><U115/><E115/><V111/><F111/><W128/><G128/><AGARI ba="0,2" hai="7,8,12,18,19,20,23,24,26,98,102,107,128,129" machi="128" ten="40,8000,1" yaku="1,1,9,1,52,1,53,2" doraHai="9" doraHaiUra="124" who="2" fromWho="3" sc="250,0,250,0,240,100,240,-80" /><INIT seed="1,0,0,1,5,31" ten="250,250,340,160" oya="1" hai0="47,131,12,80,103,115,2,51,24,117,87,119,23" hai1="62,54,109,104,4,50,10,121,135,35,21,17,34" hai2="79,37,133,14,83,91,111,25,60,48,58,8,118" hai3="112,36,105,63,46,128,74,68,99,81,38,110,32"/><U65/><E104/><V13/><F111/><W132/><G110/><T67/><D2/><U73/><E73/><V22/><F133/><W98/><G98/><T30/><D115/><U102/><E102/><V70/><F37/><W29/><G112/><T44/><D131/><U72/><E72/><V130/><F130/><W96/><G96/><T107/><D67/><U122/><E135/><V43/><F118/><W5/><G5/><T6/><D103/><U92/><E92/><V27/><F70/><W3/><G3/><T41/><D107/><U78/><E78/><V100/><F100/><N who="3" m="62623" /><G46/><T88/><REACH who="0" step="1"/><D47/><REACH who="0" ten="240,250,340,160" step="2"/><U126/><E109/><V56/><F56/><W33/><G128/><T129/><D129/><U113/><E113/><V93/><F58/><W76/><G132/><T108/><D108/><U116/><E116/><V26/><F60/><W127/><G127/><T53/><D53/><U59/><E126/><V123/><F43/><W85/><G85/><T9/><AGARI ba="0,1" hai="6,9,12,23,24,30,41,44,51,80,87,88,117,119" machi="9" ten="30,7900,0" yaku="1,1,0,1,54,1,53,1" doraHai="31" doraHaiUra="11" who="0" fromWho="0" sc="240,89,250,-39,340,-20,160,-20" /><INIT seed="2,0,0,4,4,10" ten="329,211,320,140" oya="2" hai0="57,128,65,97,27,98,86,121,83,36,8,132,131" hai1="85,90,5,75,70,47,74,134,17,59,95,94,123" hai2="12,50,96,49,21,18,63,115,22,108,66,60,68" hai3="114,107,104,53,23,61,101,100,84,126,102,13,35"/><V58/><F115/><W109/><G35/><T111/><D121/><U44/><E70/><V73/><F73/><W45/><G114/><T78/><D36/><U25/><E123/><V34/><F34/><W135/><G109/><T38/><D111/><U2/><E134/><V54/><F108/><W103/><G126/><T69/><D132/><U33/><E5/><V72/><F72/><W112/><G112/><T6/><D69/><U26/><E2/><V55/><F96/><W82/><N who="3" m="25600" /><DORA hai="113" /><W9/><G23/><T64/><D38/><U93/><E75/><V20/><REACH who="2" step="1"/><F63/><REACH who="2" ten="329,211,310,140" step="2"/><W80/><G135/><T31/><D97/><U122/><E74/><V119/><F119/><W133/><G133/><T116/><D98/><U92/><E122/><V39/><F39/><W120/><G120/><T76/><D116/><U52/><E33/><V125/><F125/><W117/><G117/><T51/><D128/><U129/><E129/><V130/><F130/><W14/><G61/><T79/><D131/><U56/><E26/><V106/><F106/><W11/><G107/><T88/><D27/><U105/><E105/><V46/><AGARI ba="0,1" hai="12,18,20,21,22,46,49,50,54,55,58,60,66,68" machi="46" ten="20,7800,0" yaku="1,1,0,1,7,1,52,1,53,0" doraHai="10,113" doraHaiUra="1,37" who="2" fromWho="2" sc="329,-26,211,-26,310,88,140,-26" /><INIT seed="2,1,0,1,2,26" ten="303,185,398,114" oya="2" hai0="43,81,134,2,61,66,113,63,83,38,111,8,85" hai1="4,117,54,112,5,32,120,39,59,95,94,82,114" hai2="42,30,133,90,118,24,1,121,12,27,119,77,37" hai3="76,69,108,46,35,115,99,106,33,135,127,23,40"/><V123/><F77/><W25/><G108/><T65/><D113/><U124/><E39/><V104/><F104/><W92/><G69/><T21/><D111/><U62/><E32/><N who="2" m="20551" /><F90/><W47/><G127/><T110/><D110/><U18/><E117/><N who="2" m="44555" /><F42/><W91/><G135/><T22/><D134/><U122/><E18/><V9/><F37/><W0/><G0/><T116/><D116/><U105/><E105/><V50/><F50/><W128/><G128/><T28/><D43/><U73/><E124/><V103/><F103/><W17/><G115/><T29/><D38/><U34/><E34/><V74/><F74/><W98/><G76/><T53/><D2/><U101/><E112/><V7/><F133/><W102/><REACH who="3" step="1"/><G47/><REACH who="3" ten="303,185,398,104" step="2"/><T19/><D66/><N who="1" m="39263" /><E114/><V68/><F68/><W88/><G88/><T31/><D65/><U11/><E101/><V96/><F96/><W20/><G20/><T14/><D21/><U67/><E67/><V48/><F48/><AGARI ba="1,1" hai="17,23,25,33,35,40,46,48,91,92,98,99,102,106" machi="48" ten="30,3900,0" yaku="1,1,7,1,53,1" doraHai="26" doraHaiUra="87" who="3" fromWho="2" sc="303,0,185,0,398,-42,104,52" /><INIT seed="3,0,0,1,0,128" ten="303,185,356,156" oya="3" hai0="16,100,52,14,66,120,36,38,97,86,47,37,13" hai1="103,20,71,92,89,0,124,118,127,84,131,30,11" hai2="31,130,122,99,76,27,129,109,4,135,51,8,5" hai3="70,108,110,17,107,26,85,88,93,126,10,55,69"/><W64/><G126/><N who="1" m="48170" /><E71/><V15/><F135/><W94/><G107/><T119/><D119/><U105/><E131/><N who="2" m="50187" /><F109/><N who="3" m="42091" /><G64/><T22/><D120/><U54/><E118/><V40/><F122/><W53/><G94/><T48/><D66/><U46/><E20/><N who="2" m="15847" /><F76/><W82/><G82/><T34/><D34/><U50/><E30/><V7/><F99/><W106/><G106/><T95/><D13/><U87/><E87/><V73/><F73/><W62/><G62/><T45/><REACH who="0" step="1"/><D86/><REACH who="0" ten="293,185,356,156" step="2"/><U98/><E0/><V60/><F60/><W29/><G10/><AGARI ba="0,1" hai="10,11,46,50,54,84,89,92,98,103,105" m="48170" machi="10" ten="30,1000,0" yaku="18,1" doraHai="128" who="1" fromWho="3" sc="293,0,185,20,356,0,156,-10" owari="293,9.3,205,-19.5,356,45.6,146,-35.4" /></mjloggm>