<mjloggm ver="2.3"><GO type="225" lobby="0"/><UN n0="%E3%81%A4%E3%81%A3%E3%81%B1%E3%82%8A%E3%83%9D%E3%83%BC%E3%83%AB" n1="%E6%97%A5%E6%9B%9C%E6%97%A5%E3%82%88%E3%82%8A%E3%81%AE%E4%BD%BF%E8%80%85" n2="%E8%B6%85%E7%B4%9A%E9%B3%B3%E5%87%B0" n3="%E3%81%B2%E3%81%AA%E3%81%AE%E3%82%8A%E3%81%8F" dan="16,16,16,17" rate="2080.52,2099.63,2128.83,2166.34" sx="M,M,F,M"/><TAIKYOKU oya="0"/><INIT seed="0,0,0,1,0,16" ten="250,250,250,250" oya="0" hai0="66,93,112,30,114,118,9,36,120,6,88,86,11" hai1="33,90,8,119,27,10,47,25,77,4,78,81,32" hai2="87,99,46,59,35,121,50,44,105,80,65,41,28" hai3="113,19,60,74,26,37,61,102,39,127,82,56,20"/><T98/><D118/><U69/><E69/><V108/><F121/><W100/><G113/><T111/><D120/><U14/><E119/><V101/><F108/><W123/><G123/><T49/><D36/><U57/><E47/><V134/><F134/><W129/><G129/><T43/><D111/><U58/><E90/><V34/><F28/><W84/><G74/><T122/><D122/><U124/><E124/><V130/><F130/><W51/><G127/><T53/><D43/><U96/><E96/><V13/><F13/><W12/><G39/><T67/><D30/><U0/><E33/><V21/><F21/><BYE who="2" /><N who="3" m="11495" /><G37/><T75/><D75/><U72/><E77/><V24/><F24/><W89/><G51/><T29/><D29/><U52/><E32/><UN n2="%E8%B6%85%E7%B4%9A%E9%B3%B3%E5%87%B0" /><V48/><F59/><W133/><G133/><T135/><D135/><U103/><E103/><N who="3" m="39466" /><G56/><N who="0" m="32815" /><D114/><U83/><E58/><V1/><F65/><N who="0" m="24586" /><D112/><U104/><E104/><V55/><REACH who="2" step="1"/><F1/><REACH who="2" ten="250,250,240,250" step="2"/><W76/><G76/><AGARI ba="0,1" hai="34,35,41,44,46,48,50,55,76,80,87,99,101,105" machi="76" ten="30,7700,0" yaku="1,1,2,1,7,1,53,1" doraHai="16" doraHaiUra="38" who="2" fromWho="3" sc="250,0,250,0,240,87,250,-77" /><INIT seed="1,0,0,4,3,124" ten="250,250,327,173" oya="1" hai0="91,67,73,103,109,26,113,37,102,52,27,32,42" hai1="0,101,129,75,70,3,65,16,68,133,86,130,34" hai2="61,38,6,95,122,2,11,23,74,54,78,5,108" hai3="80,121,110,97,83,76,116,82,85,10,128,118,125"/><U131/><E133/><V135/><F122/><W115/><G121/><T120/><D73/><U15/><E75/><V56/><F38/><W89/><G10/><T30/><D120/><U71/><E34/><V51/><F135/><W96/><G125/><T13/><D113/><U20/><E101/><V100/><F108/><W90/><G115/><T22/><D109/><U36/><E36/><V66/><F5/><W53/><G53/><T46/><D67/><U57/><E86/><V123/><F123/><W12/><G12/><T98/><D13/><U43/><E43/><V24/><F74/><N who="3" m="43031" /><G110/><T8/><D8/><U41/><E41/><V77/><F95/><W9/><G9/><T40/><D40/><U93/><E93/><V45/><REACH who="2" step="1"/><F100/><REACH who="2" ten="250,250,317,173" step="2"/><W28/><G118/><T25/><D103/><U64/><E64/><V47/><F47/><W48/><G116/><T107/><D102/><U88/><E88/><V14/><F14/><W94/><G90/><T104/><D91/><U1/><E1/><V17/><AGARI ba="0,1" hai="2,6,11,17,23,24,45,51,54,56,61,66,77,78" machi="17" ten="20,2700,0" yaku="1,1,0,1,7,1,53,0" doraHai="124" doraHaiUra="105" who="2" fromWho="2" sc="250,-7,250,-13,317,37,173,-7" /><INIT seed="2,0,0,5,5,127" ten="243,237,354,166" oya="2" hai0="111,8,1,48,39,43,74,42,109,2,120,107,70" hai1="14,115,72,9,6,122,53,79,117,116,37,31,77" hai2="64,133,62,129,45,132,66,36,84,24,114,95,113" hai3="125,30,44,123,26,10,85,15,0,3,61,59,103"/><V58/><F129/><W81/><G125/><T126/><D126/><U135/><E115/><N who="2" m="44043" /><F24/><W35/><G123/><T5/><D120/><U22/><E122/><V101/><F101/><W76/><G103/><T27/><D70/><U102/><E37/><V89/><F89/><W97/><G97/><T71/><D71/><U49/><E135/><N who="2" m="51787" /><F84/><W80/><G80/><T134/><D134/><U88/><E102/><V69/><F95/><W92/><G92/><T130/><D74/><U50/><E72/><V75/><F75/><W105/><G105/><T16/><D107/><U104/><E104/><V110/><F64/><W18/><REACH who="3" step="1"/><G44/><REACH who="3" ten="243,237,354,156" step="2"/><N who="0" m="25631" /><D2/><U63/><E117/><V20/><F20/><W90/><BYE who="2" /><G90/><T33/><D1/><U60/><E116/><V52/><F52/><AGARI ba="0,1" hai="0,3,10,15,18,26,30,35,52,59,61,76,81,85" machi="52" ten="30,7700,0" yaku="1,1,7,1,54,1,53,1" doraHai="127" doraHaiUra="56" who="3" fromWho="2" sc="243,0,237,0,354,-77,156,87" /><UN n2="%E8%B6%85%E7%B4%9A%E9%B3%B3%E5%87%B0" /><INIT seed="3,0,0,5,0,72" ten="243,237,277,243" oya="3" hai0="1,73,29,135,54,33,118,35,95,25,61,123,99" hai1="7,122,30,107,55,108,75,28,83,56,103,13,15" hai2="101,58,74,87,79,128,100,78,6,50,77,85,112" hai3="91,134,98,125,34,19,127,119,64,66,97,96,18"/><W92/><G119/><T88/><D123/><U109/><E122/><V11/><F112/><W51/><G34/><T3/><D118/><U68/><E68/><V104/><F128/><W31/><G31/><N who="1" m="11818" /><E103/><N who="2" m="39499" /><F74/><W102/><G134/><T43/><D135/><U21/><E107/><V36/><F36/><W115/><G115/><T126/><D126/><N who="3" m="48137" /><G51/><T105/><D105/><U116/><E21/><V65/><F104/><N who="3" m="63559" /><G98/><T39/><D73/><U133/><E133/><V32/><F32/><W120/><G120/><T124/><D35/><U37/><E37/><V114/><F114/><W10/><G10/><T8/><D8/><U49/><E116/><V57/><F50/><W130/><G130/><T121/><D121/><U71/><E7/><V4/><F11/><W47/><G47/><T129/><D129/><U111/><E71/><V69/><F69/><W82/><G82/><T90/><D124/><U22/><E22/><V41/><F41/><W0/><G0/><T131/><D131/><U48/><E49/><V46/><F46/><W26/><G26/><T94/><D43/><U76/><AGARI ba="0,0" hai="13,15,48,55,56,75,76,83,108,109,111" m="11818" machi="76" ten="40,2700,0" yaku="14,1,52,1" doraHai="72" who="1" fromWho="1" sc="243,-7,237,27,277,-7,243,-13" /><INIT seed="4,0,0,2,1,110" ten="236,264,270,230" oya="0" hai0="30,36,7,98,33,48,74,56,105,25,73,81,66" hai1="115,83,93,90,59,99,94,37,8,34,42,126,86" hai2="111,41,106,118,14,63,53,85,82,28,9,5,17" hai3="76,46,125,31,72,128,26,133,71,68,78,124,3"/><T104/><D36/><U57/><E34/><V109/><F106/><W88/><G3/><T67/><D7/><U113/><E126/><N who="3" m="48746" /><G133/><T29/><D29/><U91/><E8/><V35/><F118/><W116/><G116/><T123/><D123/><U16/><E16/><V101/><F41/><W45/><G128/><T22/><D33/><U65/><E83/><V80/><F101/><W117/><G117/><T132/><D132/><U122/><E122/><V15/><F80/><N who="3" m="45063" /><G78/><T27/><D81/><U58/><REACH who="1" step="1"/><E65/><REACH who="1" ten="236,254,270,230" step="2"/><V60/><F82/><W69/><G88/><T75/><D67/><U119/><E119/><V23/><F109/><W1/><G1/><T11/><D66/><U77/><E77/><V102/><F111/><W40/><G40/><T20/><D11/><U103/><E103/><V121/><F102/><W4/><G4/><T54/><REACH who="0" step="1"/><D98/><REACH who="0" ten="226,254,270,230" step="2"/><U55/><E55/><V0/><F53/><W130/><G130/><T89/><D89/><U10/><E10/><V18/><F121/><W100/><G100/><T49/><D49/><U64/><E64/><V32/><F35/><AGARI ba="0,2" hai="26,31,35,45,46,68,69,71" m="45063,48746" machi="35" ten="40,1300,0" yaku="18,1" doraHai="110" who="3" fromWho="2" sc="226,0,254,0,270,-13,230,33" /><INIT seed="5,0,0,5,0,5" ten="226,254,257,263" oya="1" hai0="107,1,77,40,18,24,118,80,67,65,21,119,37" hai1="26,68,91,27,131,103,93,3,84,31,71,62,69" hai2="120,81,9,10,17,25,12,133,13,72,57,108,130" hai3="16,8,82,29,88,6,36,111,123,122,99,23,101"/><U76/><E3/><V48/><F120/><W126/><G111/><T43/><D107/><U55/><E131/><V49/><F108/><W7/><G36/><T89/><D1/><U73/><E103/><V4/><F130/><W30/><G126/><T61/><D89/><U125/><E125/><V33/><F133/><W11/><G122/><T95/><D95/><U47/><E31/><N who="3" m="11786" /><G123/><T50/><D37/><U96/><E73/><V128/><F128/><W109/><G109/><T34/><D34/><U92/><E76/><V116/><F116/><W64/><G64/><T102/><D102/><U53/><E47/><V74/><F81/><W114/><G114/><T134/><D134/><U46/><E46/><V98/><F98/><W79/><G79/><T110/><D110/><U15/><E15/><V38/><F38/><W42/><G42/><T66/><D61/><U54/><REACH who="1" step="1"/><E62/><REACH who="1" ten="226,244,257,263" step="2"/><V75/><F12/><N who="3" m="9607" /><G101/><T105/><D105/><U45/><E45/><V0/><F72/><W39/><G39/><T2/><D2/><U86/><E86/><V112/><F74/><W113/><G113/><T22/><D119/><U90/><AGARI ba="0,1" hai="26,27,53,54,55,68,69,71,84,90,91,92,93,96" machi="90" ten="40,3900,0" yaku="1,1,0,1,53,0" doraHai="5" doraHaiUra="78" who="1" fromWho="1" sc="226,-13,244,49,257,-13,263,-13" /><INIT seed="5,1,0,0,3,30" ten="213,293,244,250" oya="1" hai0="102,127,103,128,59,129,109,111,11,116,9,81,123" hai1="13,114,38,119,117,132,134,84,44,19,68,3,2" hai2="17,50,16,77,29,25,61,23,95,45,4,125,67" hai3="105,87,75,104,65,7,93,46,26,62,99,131,112"/><U58/><E68/><V1/><F125/><W5/><G75/><T53/><D116/><N who="1" m="44619" /><E58/><N who="2" m="37303" /><F1/><W88/><G112/><T55/><D127/><U40/><E84/><V35/><F35/><W101/><G131/><N who="0" m="50251" /><D81/><U22/><E114/><V33/><F33/><W96/><G26/><T92/><D92/><U133/><AGARI ba="1,0" hai="2,3,13,19,22,38,40,44,132,133,134" m="44619" machi="133" ten="40,2100,0" yaku="20,1" doraHai="30" who="1" fromWho="1" sc="213,-8,293,24,244,-8,250,-8" owari="205,-29.5,317,41.7,236,-16.4,242,4.2" /></mjloggm>