<mjloggm ver="2.3"><GO type="225" lobby="0"/><UN n0="%E7%99%BD%E6%97%A5%E9%9B%AA%E8%8F%9C" n1="%E6%97%A5%E6%9B%9C%E6%97%A5%E3%82%88%E3%82%8A%E3%81%AE%E4%BD%BF%E8%80%85" n2="%E3%82%BF%E3%83%BC%E3%83%90%E3%83%B3%E9%87%8E%E5%8F%A3" n3="%6D%61%74%69%67%75%73%61" dan="17,17,16,17" rate="2243.82,2125.90,2123.74,2217.01" sx="M,M,M,M"/><TAIKYOKU oya="0"/><INIT seed="0,0,0,4,3,79" ten="250,250,250,250" oya="0" hai0="4,11,47,58,7,1,64,93,56,119,33,70,53" hai1="122,13,40,106,107,99,51,126,2,5,96,62,32" hai2="123,25,55,118,108,74,84,8,130,131,6,89,18" hai3="115,103,0,38,129,76,29,133,134,26,92,132,135"/><T75/><D119/><U95/><E122/><V19/><F123/><W49/><N who="3" m="33792" /><DORA hai="42" /><W97/><G129/><N who="2" m="49161" /><F74/><W87/><G115/><T120/><D120/><U60/><E2/><N who="2" m="87" /><F118/><W16/><G38/><T9/><D33/><U52/><E32/><V66/><F108/><W125/><G125/><T15/><D75/><U78/><E40/><V36/><F66/><W21/><G0/><T14/><D1/><U41/><E41/><V17/><F36/><W128/><G49/><N who="0" m="28863" /><D70/><U80/><E126/><V12/><F25/><W45/><G45/><T105/><D105/><U54/><E107/><V10/><F55/><W34/><G128/><T61/><D58/><U20/><E106/><V116/><F116/><W77/><REACH who="3" step="1"/><G87/><REACH who="3" ten="250,250,250,240" step="2"/><T59/><D56/><U112/><E112/><V57/><F57/><W31/><G31/><T72/><D72/><U104/><E51/><V102/><F102/><W113/><G113/><T44/><D44/><U117/><E117/><V28/><F28/><W22/><G22/><T37/><D37/><U35/><E54/><V63/><F63/><W27/><AGARI ba="0,1" hai="16,21,26,27,29,34,76,77,92,97,103" m="33792" machi="27" ten="60,8000,1" yaku="1,1,0,1,20,1,54,1,53,1" doraHai="79,42" doraHaiUra="88,65" who="3" fromWho="3" sc="250,-40,250,-20,250,-20,240,90" /><INIT seed="1,0,0,0,0,44" ten="210,230,230,330" oya="1" hai0="9,6,90,120,111,100,102,51,15,75,57,67,126" hai1="107,74,86,89,103,121,109,128,115,45,82,72,43" hai2="31,49,81,17,122,25,54,87,65,5,39,114,99" hai3="61,92,110,14,27,85,91,47,13,108,0,37,3"/><U119/><E119/><V70/><F122/><W95/><G27/><T52/><D111/><N who="3" m="42537" /><G61/><T42/><D126/><U53/><E109/><V104/><F39/><W33/><G33/><T38/><D75/><U21/><E121/><V56/><F5/><W19/><G95/><T28/><D120/><U132/><E115/><V66/><F114/><W63/><G63/><T124/><D124/><U117/><E117/><V2/><F70/><W58/><G58/><T133/><D133/><U50/><E132/><V24/><F2/><N who="3" m="555" /><G19/><T79/><D67/><U73/><E128/><V40/><F17/><W29/><G29/><T101/><D28/><U20/><REACH who="1" step="1"/><E43/><AGARI ba="0,0" hai="13,14,37,43,47,85,91,92" m="555,42537" machi="43" ten="30,1000,0" yaku="14,1" doraHai="44" who="3" fromWho="1" sc="210,0,230,-10,230,0,330,10" /><INIT seed="2,0,0,3,0,2" ten="210,220,230,340" oya="2" hai0="6,114,125,27,127,123,124,103,83,59,19,62,55" hai1="68,112,37,92,9,49,110,70,15,43,8,128,101" hai2="74,77,30,135,24,14,21,23,18,28,60,52,47" hai3="4,7,10,108,84,44,99,38,3,130,117,80,54"/><V95/><F135/><W39/><G117/><T86/><D123/><U71/><E37/><V36/><F36/><W134/><G108/><T31/><D114/><U42/><E112/><V105/><F105/><W121/><G130/><T41/><D103/><U102/><E110/><V88/><F74/><W87/><G121/><T40/><D19/><U93/><E128/><V106/><F106/><W90/><G99/><T63/><D63/><U51/><E70/><V82/><F77/><W0/><G134/><T61/><D62/><U29/><E29/><N who="2" m="17551" /><F82/><W11/><G84/><T118/><D6/><U131/><E131/><V64/><F64/><W1/><G1/><T5/><D5/><U104/><E104/><V34/><F34/><W17/><G17/><T20/><REACH who="0" step="1"/><D118/><REACH who="0" ten="200,220,230,340" step="2"/><U78/><REACH who="1" step="1"/><E15/><REACH who="1" ten="200,210,230,340" step="2"/><V132/><F132/><W53/><G38/><T91/><AGARI ba="0,2" hai="20,27,31,40,41,55,59,61,83,86,91,124,125,127" machi="91" ten="30,7900,0" yaku="1,1,2,1,0,1,18,1,53,0" doraHai="2" doraHaiUra="13" who="0" fromWho="0" sc="200,99,210,-20,230,-39,340,-20" /><INIT seed="3,0,0,5,4,101" ten="299,190,191,320" oya="3" hai0="51,118,40,54,87,112,47,36,50,82,55,93,52" hai1="128,3,44,58,86,89,10,85,46,39,7,43,25" hai2="37,24,94,95,65,8,111,97,16,73,120,96,135" hai3="113,107,121,26,14,64,19,68,125,38,91,2,56"/><W130/><G113/><T108/><D118/><U45/><E128/><V13/><F37/><W29/><G121/><T32/><D32/><U119/><E119/><V84/><F73/><W34/><G38/><T48/><D112/><U67/><E25/><V92/><F120/><W115/><G125/><T123/><D123/><U131/><E131/><V103/><F111/><W27/><G107/><T88/><REACH who="0" step="1"/><D108/><REACH who="0" ten="289,190,191,320" step="2"/><U4/><E4/><V1/><F135/><W126/><G115/><T72/><D72/><U21/><E21/><V22/><F22/><W61/><G130/><T81/><AGARI ba="0,1" hai="36,40,47,48,50,51,52,54,55,81,82,87,88,93" machi="81" ten="40,8000,1" yaku="1,1,0,1,54,2,53,0" doraHai="101" doraHaiUra="114" who="0" fromWho="0" sc="289,90,190,-20,191,-20,320,-40" owari="379,47.9,170,-33.0,171,-22.9,280,8.0" /></mjloggm>