<mjloggm ver="2.3"><GO type="225" lobby="0"/><UN n0="%72%69%6F%75%63%68%61%6E" n1="%6D%75%75%6D%75%72%61" n2="%E6%A1%9C%E8%8A%B1%E9%96%83%E3%80%85" n3="%E3%81%A9%E3%82%8F%E3%82%93%E3%81%94" dan="16,17,16,16" rate="2188.64,2164.18,2084.02,2115.95" sx="M,F,M,M"/><TAIKYOKU oya="0"/><INIT seed="0,0,0,1,0,30" ten="250,250,250,250" oya="0" hai0="5,127,125,9,99,44,82,2,105,38,94,63,76" hai1="42,102,26,135,53,60,88,80,8,116,72,41,67" hai2="131,69,100,11,93,65,21,52,128,61,56,33,32" hai3="95,108,111,0,92,50,106,55,85,13,77,51,62"/><T120/><D120/><U6/><E116/><V90/><F100/><W117/><G0/><T96/><D63/><U43/><E135/><V123/><F21/><W20/><G106/><T104/><D99/><U112/><E112/><V78/><F78/><W64/><G117/><T54/><D54/><U66/><E102/><V31/><F11/><W10/><G20/><T34/><D34/><U74/><E26/><V28/><F28/><W36/><G36/><T68/><D68/><U17/><E17/><V129/><F31/><W14/><G77/><T83/><D83/><U29/><E29/><V114/><F114/><W79/><G79/><T58/><D58/><U4/><E53/><V132/><F132/><W87/><G55/><T109/><D109/><U134/><E134/><V89/><F123/><W73/><G62/><T113/><D113/><U49/><E49/><N who="2" m="30735" /><F90/><W47/><G47/><T7/><D7/><U75/><E60/><V126/><F126/><N who="0" m="48138" /><D94/><U91/><E80/><V107/><F107/><W27/><G27/><T1/><D96/><AGARI ba="0,0" hai="32,33,61,65,69,89,93,96,128,129,131" m="30735" machi="96" ten="30,7700,0" yaku="19,1,52,2,54,1" doraHai="30" who="2" fromWho="0" sc="250,-77,250,0,250,77,250,0" /><INIT seed="1,0,0,1,0,79" ten="173,250,327,250" oya="1" hai0="131,5,114,54,115,74,87,47,69,16,91,4,10" hai1="76,73,37,125,102,11,44,9,103,39,84,88,132" hai2="22,119,49,15,80,33,40,133,111,1,0,24,123" hai3="105,90,66,61,127,50,112,120,106,92,71,89,109"/><U41/><E125/><V28/><F119/><W3/><G127/><T107/><D74/><U121/><E121/><V55/><F40/><W129/><G120/><T95/><D107/><U18/><E39/><V122/><F111/><W20/><G112/><T72/><D72/><U19/><E132/><V59/><F133/><W13/><G3/><T23/><D131/><U46/><E46/><V81/><F122/><W82/><G109/><T86/><D69/><U94/><E73/><V7/><F123/><W51/><G129/><T126/><D126/><U110/><E76/><V53/><F0/><W116/><G116/><T78/><D10/><U30/><E30/><V63/><F1/><W62/><G62/><T17/><D115/><U100/><REACH who="1" step="1"/><E110/><REACH who="1" ten="173,240,327,250" step="2"/><V6/><F33/><W67/><G51/><N who="0" m="29055" /><D114/><U60/><E60/><V58/><F6/><W101/><G50/><T96/><D17/><AGARI ba="0,1" hai="9,11,17,18,19,37,41,44,84,88,94,100,102,103" machi="17" ten="40,3900,0" yaku="1,1,54,1,53,0" doraHai="79" doraHaiUra="52" who="1" fromWho="0" sc="173,-39,240,49,327,0,250,0" /><INIT seed="1,1,0,0,4,45" ten="134,289,327,250" oya="1" hai0="72,2,67,49,86,69,82,53,130,123,43,38,122" hai1="19,66,5,87,63,135,132,124,121,22,109,11,115" hai2="100,101,76,9,20,60,54,3,18,92,78,75,31" hai3="117,46,57,51,81,127,26,24,85,128,48,83,96"/><U64/><E115/><V0/><F0/><W25/><G128/><T29/><D2/><U58/><E121/><N who="0" m="46089" /><D72/><U131/><E131/><V118/><F118/><W80/><G127/><T114/><D130/><U88/><E124/><V7/><F31/><W59/><G117/><T14/><D29/><U36/><E36/><V104/><F104/><W21/><G96/><T89/><D114/><U50/><E109/><V65/><F54/><N who="3" m="31967" /><G59/><N who="0" m="33199" /><D14/><U129/><E129/><V56/><F75/><W107/><G107/><T91/><D43/><U4/><E66/><V113/><F113/><W111/><G111/><T97/><D38/><U126/><E126/><V102/><REACH who="2" step="1"/><F92/><REACH who="2" ten="134,289,317,250" step="2"/><W13/><G13/><AGARI ba="1,1" hai="3,7,9,13,18,20,56,60,65,76,78,100,101,102" machi="13" ten="40,5200,0" yaku="1,1,2,1,53,1" doraHai="45" doraHaiUra="32" who="2" fromWho="3" sc="134,0,289,0,317,65,250,-55" /><INIT seed="2,0,0,5,2,26" ten="134,289,382,195" oya="2" hai0="1,69,128,79,29,17,76,73,41,8,15,97,122" hai1="120,110,64,104,115,116,44,23,126,67,75,131,99" hai2="109,80,70,49,39,22,36,133,53,51,71,14,20" hai3="10,4,48,102,50,24,113,125,38,62,105,63,130"/><V11/><F133/><W88/><G38/><T3/><D128/><U65/><E115/><V5/><F109/><W78/><G130/><T6/><D122/><U77/><E131/><V91/><F70/><W61/><G113/><T37/><D69/><U33/><E116/><V72/><F71/><W108/><G108/><T47/><D97/><U57/><E33/><V90/><F72/><W119/><G119/><T114/><D114/><U19/><E110/><V95/><F39/><W123/><G78/><T103/><D103/><U66/><E126/><V89/><F36/><W68/><G68/><T46/><D46/><U96/><E120/><V31/><F80/><W7/><G125/><T40/><D40/><U132/><E132/><V55/><F95/><W52/><G102/><T129/><D129/><U101/><E99/><V100/><F100/><W82/><G105/><T30/><D1/><U107/><E107/><V12/><F31/><W111/><G24/><T112/><D112/><U16/><E44/><N who="2" m="27815" /><F14/><N who="3" m="5447" /><G111/><T121/><D121/><U81/><REACH who="1" step="1"/><E23/><REACH who="1" ten="134,279,382,195" step="2"/><V2/><F2/><W127/><G127/><T93/><D93/><U0/><E0/><V60/><F60/><AGARI ba="0,1" hai="16,19,57,60,64,65,66,67,75,77,81,96,101,104" machi="60" ten="40,2600,0" yaku="1,1,54,1,53,0" doraHai="26" doraHaiUra="28" who="1" fromWho="2" sc="134,0,279,36,382,-26,195,0" /><INIT seed="3,0,0,3,0,100" ten="134,315,356,195" oya="3" hai0="70,112,124,117,28,53,132,85,58,25,10,51,16" hai1="122,13,21,4,91,106,125,123,42,118,104,29,90" hai2="120,31,79,95,23,19,61,7,82,69,46,12,17" hai3="50,105,52,102,99,59,63,87,32,38,33,72,60"/><W62/><G72/><T74/><D117/><U75/><E75/><V15/><F120/><W3/><G3/><T47/><D124/><U83/><E125/><V86/><F7/><W56/><G38/><T26/><D132/><U41/><E118/><V65/><F31/><W81/><REACH who="3" step="1"/><G59/><REACH who="3" ten="134,315,356,185" step="2"/><T24/><D74/><U97/><E122/><V114/><F114/><W6/><G6/><T14/><D112/><U88/><E123/><V18/><F12/><W20/><G20/><T78/><D70/><U39/><E39/><V64/><F15/><W68/><G68/><T108/><D108/><U22/><E22/><V98/><F23/><W34/><G34/><T111/><D111/><U103/><E4/><V57/><F69/><W37/><G37/><T43/><D28/><U107/><E13/><V54/><F46/><W8/><G8/><T121/><D121/><U93/><REACH who="1" step="1"/><E83/><REACH who="1" ten="134,305,356,185" step="2"/><V110/><F110/><W115/><G115/><T130/><D130/><U134/><E134/><V5/><F5/><W35/><G35/><T71/><D71/><U2/><E2/><V116/><F116/><W129/><G129/><T0/><D0/><U73/><E73/><V135/><F135/><W36/><G36/><T11/><D11/><U101/><E101/><AGARI ba="0,2" hai="17,18,19,54,57,61,64,65,79,82,86,95,98,101" machi="101" ten="40,1300,0" yaku="8,1" doraHai="100" who="2" fromWho="1" sc="134,0,305,-13,356,33,185,0" owari="134,-36.6,292,9.2,389,48.9,185,-21.5" /></mjloggm>