<mjloggm ver="2.3"><GO type="225" lobby="0"/><UN n0="%E8%B7%AF%E9%9C%B8" n1="%77%72%77%72%77%72%77%72" n2="%E5%86%B7%E5%87%8D%E3%82%AE%E3%83%A7%E3%83%BC%E3%82%B6" n3="%E5%8D%A0%E3%81%84%E5%B8%AB%E8%A3%8F%E3%81%AA%E3%81%84%E3%81%97" dan="17,16,16,16" rate="2141.12,2136.14,2145.11,2123.11" sx="M,M,M,M"/><TAIKYOKU oya="0"/><INIT seed="0,0,0,5,1,30" ten="250,250,250,250" oya="0" hai0="6,128,90,50,3,67,68,115,119,118,112,33,77" hai1="57,134,58,43,49,2,25,65,80,107,93,72,82" hai2="11,102,101,131,40,85,74,24,129,103,79,54,62" hai3="87,104,94,130,21,108,92,98,35,38,48,123,19"/><T37/><D37/><U105/><E2/><V0/><F74/><W23/><G38/><T31/><D77/><U9/><E134/><V91/><F79/><W66/><G108/><T83/><D128/><N who="2" m="49226" /><F40/><W109/><G109/><T111/><D111/><U100/><E9/><V117/><F117/><N who="0" m="44554" /><D50/><U16/><E72/><V135/><F135/><W63/><G130/><T28/><D90/><U14/><E25/><V97/><F24/><W61/><G87/><T76/><D31/><U12/><E65/><V55/><F97/><W122/><G48/><T17/><D17/><U22/><E12/><V121/><F121/><W29/><G29/><T127/><D127/><U126/><E126/><V46/><F46/><W88/><G19/><T84/><D67/><U114/><E114/><V78/><F78/><W75/><G66/><T15/><D68/><U52/><E43/><V5/><F62/><W10/><G75/><N who="0" m="43423" /><D15/><U132/><E132/><V113/><F113/><W8/><G98/><T120/><D84/><U51/><E107/><V70/><F70/><W96/><G96/><T59/><D120/><U69/><E105/><V32/><F55/><W4/><G104/><T124/><D124/><U34/><E69/><V36/><F54/><W106/><G106/><T27/><D59/><U133/><E133/><V60/><F36/><W116/><G116/><T53/><D53/><N who="1" m="31919" /><E93/><N who="2" m="54511" /><F60/><W89/><G4/><T95/><D95/><U71/><E71/><V73/><F73/><W20/><G20/><T13/><D3/><U7/><E100/><V39/><F39/><W42/><G42/><T110/><D110/><RYUUKYOKU ba="0,0" sc="250,10,250,-30,250,10,250,10" hai0="6,13,27,28,33,112,115" hai2="0,5,11,32,101,102,103" hai3="8,10,21,23,35,61,63,88,89,92,94,122,123" /><INIT seed="0,1,0,4,1,96" ten="260,220,260,260" oya="0" hai0="109,92,54,98,124,105,1,91,83,133,27,119,50" hai1="75,78,111,122,120,36,24,45,61,55,22,3,76" hai2="16,126,23,62,99,9,64,41,20,15,0,58,90" hai3="47,59,135,69,43,88,29,12,108,95,65,114,71"/><T67/><D119/><U25/><E3/><V101/><F126/><W72/><G114/><T32/><D1/><U56/><E111/><V11/><F41/><W117/><G117/><T102/><D124/><U53/><E25/><V7/><REACH who="2" step="1"/><F90/><REACH who="2" ten="260,220,250,260" step="2"/><W10/><G43/><T112/><D112/><U52/><E122/><V115/><F115/><W51/><G88/><T107/><D109/><U86/><E120/><V37/><F37/><W74/><G108/><T70/><D133/><U66/><E36/><V118/><F118/><W40/><G40/><T79/><D91/><U130/><E130/><V131/><F131/><W121/><G135/><T129/><D129/><U110/><E110/><V82/><F82/><W28/><G121/><T44/><D83/><U132/><E132/><V8/><F8/><W87/><G10/><T97/><D79/><U14/><E75/><V113/><F113/><W100/><G72/><T39/><D39/><U13/><E78/><V6/><F6/><W5/><G5/><T93/><D105/><AGARI ba="1,1" hai="0,7,9,11,15,16,20,23,58,62,64,99,101,105" machi="105" ten="30,7700,0" yaku="1,1,7,1,52,1,54,1,53,0" doraHai="96" doraHaiUra="77" who="2" fromWho="0" sc="260,-80,220,0,250,90,260,0" /><INIT seed="1,0,0,4,0,108" ten="180,220,340,260" oya="1" hai0="65,3,128,29,60,90,81,106,2,75,41,113,125" hai1="9,66,35,85,107,12,19,82,73,86,10,62,78" hai2="71,76,20,36,121,109,91,26,15,49,110,88,59" hai3="51,89,27,25,18,129,5,63,96,31,11,124,39"/><U37/><E107/><V87/><F71/><W23/><G39/><T132/><D132/><U70/><E35/><V119/><F36/><W93/><G124/><T67/><D128/><U118/><E118/><V95/><F121/><W14/><G129/><T0/><D125/><U50/><E37/><V122/><F122/><W46/><G63/><T68/><D106/><U100/><E100/><V64/><F76/><W44/><REACH who="3" step="1"/><G51/><REACH who="3" ten="180,220,340,250" step="2"/><T42/><D67/><U97/><E50/><V105/><F49/><W38/><G38/><T92/><D29/><U8/><REACH who="1" step="1"/><E97/><REACH who="1" ten="180,210,340,250" step="2"/><V79/><F110/><W123/><G123/><T6/><D60/><U101/><E101/><V103/><F103/><W54/><G54/><T40/><D65/><U111/><E111/><V115/><F64/><W74/><G74/><T61/><D61/><U130/><E130/><V84/><F109/><W94/><G94/><T17/><D92/><U57/><E57/><V104/><F59/><W58/><G58/><T117/><D117/><U28/><E28/><V120/><F119/><W32/><AGARI ba="0,2" hai="5,11,14,18,23,25,27,31,32,44,46,89,93,96" machi="32" ten="20,5200,0" yaku="1,1,0,1,7,1,53,1" doraHai="108" doraHaiUra="30" who="3" fromWho="3" sc="180,-13,210,-26,340,-13,250,72" /><INIT seed="2,0,0,5,3,112" ten="167,184,327,322" oya="2" hai0="66,104,40,124,135,50,26,31,98,6,51,9,14" hai1="109,106,1,7,47,37,73,13,130,45,131,94,58" hai2="79,77,2,123,30,23,41,118,18,55,57,93,48" hai3="129,28,12,86,74,108,117,60,15,107,69,75,54"/><V110/><F123/><W102/><G108/><T89/><D135/><U10/><E106/><V3/><F110/><W96/><G129/><N who="1" m="49162" /><E109/><V63/><F30/><W20/><G54/><T4/><D124/><U17/><E73/><V126/><F126/><W122/><G122/><T88/><D66/><U105/><E105/><V22/><F118/><W32/><G86/><T92/><D104/><U52/><E37/><V38/><F38/><W72/><G20/><N who="0" m="15815" /><D40/><U78/><E94/><V33/><F33/><W56/><G56/><T133/><D133/><U101/><E78/><V62/><F22/><W35/><G35/><T21/><D21/><N who="1" m="11439" /><E101/><V97/><F2/><W113/><G113/><T128/><D128/><U25/><E25/><V59/><F3/><W81/><G81/><T85/><D4/><U29/><E29/><V115/><F115/><W44/><G44/><T39/><D39/><U5/><E7/><V111/><F111/><W34/><G34/><T132/><D132/><U8/><E8/><V36/><F36/><W121/><G121/><T95/><AGARI ba="0,0" hai="6,9,14,50,51,85,88,89,92,95,98" m="15815" machi="95" ten="30,2000,0" yaku="8,1,54,1" doraHai="112" who="0" fromWho="0" sc="167,20,184,-5,327,-10,322,-5" /><INIT seed="3,0,0,4,4,122" ten="187,179,317,317" oya="3" hai0="47,87,21,61,130,9,123,42,62,105,95,43,0" hai1="48,109,39,40,103,7,113,86,135,11,73,14,44" hai2="115,96,49,118,89,57,75,6,32,80,18,82,88" hai3="50,85,117,111,52,41,71,66,127,59,90,3,25"/><W17/><G117/><T22/><D105/><U16/><E113/><V106/><F32/><W72/><G3/><T76/><D123/><U125/><E73/><V114/><F6/><W110/><G72/><T60/><D130/><U79/><E109/><N who="3" m="41482" /><G127/><T4/><D43/><U24/><E125/><V128/><F18/><W38/><G71/><T65/><D65/><U107/><E135/><V46/><F57/><W36/><G66/><T131/><D131/><U56/><E107/><V37/><F37/><N who="3" m="14443" /><G41/><T29/><D42/><U26/><E103/><N who="2" m="62823" /><F118/><W132/><G132/><T91/><D0/><U121/><E121/><V58/><F58/><W54/><G54/><T33/><D47/><U100/><E100/><V63/><F63/><W5/><G5/><T68/><D61/><U2/><E56/><V102/><F128/><W116/><G116/><T77/><D60/><U101/><E101/><V134/><F134/><W119/><G119/><T124/><D62/><U98/><E39/><V84/><F102/><W67/><G67/><T10/><D68/><U83/><REACH who="1" step="1"/><E98/><REACH who="1" ten="187,169,317,317" step="2"/><V64/><F75/><W78/><G78/><N who="0" m="30315" /><D124/><U35/><E35/><V133/><F133/><W23/><G90/><T51/><D33/><U81/><E81/><V92/><F80/><W120/><G120/><T108/><D108/><U34/><E34/><V126/><F126/><W12/><G85/><T1/><D51/><U30/><E30/><V74/><F74/><W104/><G104/><T20/><D29/><U15/><E15/><AGARI ba="0,1" hai="12,15,17,23,25,50,52,59" m="14443,41482" machi="15" ten="30,18000,2" yaku="14,1,10,1,52,3,54,1" doraHai="122" who="3" fromWho="1" sc="187,0,169,-180,317,0,317,190" owari="187,-21.3,-11,-51.1,317,11.7,507,60.7" /></mjloggm>