<mjloggm ver="2.3"><GO type="225" lobby="0"/><UN n0="%72%65%6E%6B%75%6E" n1="%77%72%77%72%77%72%77%72" n2="%E7%99%BD%E6%97%A5%E9%9B%AA%E8%8F%9C" n3="%E3%81%A8%E3%82%93%E3%81%A8%E3%81%93%E3%81%A8%E3%82%93" dan="17,16,16,16" rate="2212.10,2255.85,2200.60,2098.29" sx="M,M,M,F"/><TAIKYOKU oya="0"/><INIT seed="0,0,0,0,2,117" ten="250,250,250,250" oya="0" hai0="56,120,17,134,99,58,38,21,126,42,129,31,20" hai1="43,57,5,108,73,71,3,15,69,34,51,70,132" hai2="91,124,12,76,128,122,22,35,80,87,133,72,125" hai3="74,86,8,75,39,119,10,18,135,83,123,1,65"/><T67/><D120/><U11/><E108/><V13/><F35/><W64/><G119/><T131/><D99/><U114/><E132/><V45/><F133/><W53/><G39/><T68/><D68/><U54/><E114/><V113/><F113/><W100/><G100/><T60/><D134/><U110/><E110/><V90/><F122/><W105/><G105/><T6/><D6/><U44/><E73/><V49/><F128/><N who="0" m="49226" /><D126/><N who="2" m="48746" /><F22/><N who="0" m="8810" /><D17/><U24/><E3/><V109/><F109/><W27/><G18/><T88/><D31/><U103/><E103/><V101/><F101/><W4/><G135/><T118/><D118/><U7/><E7/><V33/><F33/><W89/><G123/><T28/><D28/><U92/><E34/><V14/><F72/><W62/><G74/><T32/><D32/><U63/><E24/><V106/><F106/><W37/><G75/><T26/><D26/><U0/><E0/><V9/><F9/><W30/><G8/><T84/><D56/><U29/><E29/><V36/><F36/><W79/><G37/><T121/><D121/><U55/><E71/><V19/><F19/><W97/><G30/><T112/><D112/><U16/><E5/><V48/><F45/><W47/><G47/><N who="0" m="24023" /><D84/><U98/><E43/><V41/><F41/><W2/><G86/><T85/><D85/><U40/><E40/><V93/><F76/><W82/><G79/><T127/><D127/><U61/><E61/><V23/><F23/><W104/><G62/><T116/><D116/><U52/><E54/><V130/><F130/><W115/><G53/><T81/><D81/><RYUUKYOKU ba="0,0" sc="250,10,250,10,250,10,250,-30" hai0="58,60,67,88" hai1="11,15,16,44,51,52,55,57,63,69,70,92,98" hai2="12,13,14,48,49,80,87,90,91,93" /><INIT seed="0,1,0,0,4,89" ten="260,260,260,220" oya="0" hai0="116,108,47,33,30,92,109,87,111,105,61,58,57" hai1="71,128,39,78,16,103,34,48,88,83,9,44,90" hai2="27,56,31,101,94,77,49,129,127,25,11,67,32" hai3="22,84,119,20,21,66,51,5,69,41,26,82,0"/><T50/><D105/><U35/><E71/><V1/><F127/><W73/><G73/><T76/><D116/><U121/><E39/><V8/><F129/><W95/><G119/><T117/><D117/><U54/><E121/><V62/><F77/><W80/><G0/><T42/><D76/><U104/><E128/><V93/><F101/><W65/><G5/><T135/><D135/><U10/><E104/><V23/><F49/><W17/><G69/><T63/><D30/><U68/><E68/><V28/><REACH who="2" step="1"/><F11/><REACH who="2" ten="260,260,250,220" step="2"/><W126/><G126/><T102/><D33/><U131/><E103/><V130/><F130/><W134/><G51/><T81/><D61/><U79/><E79/><V85/><F85/><W13/><G84/><T120/><D63/><U45/><E34/><V110/><F110/><W97/><G134/><T133/><D133/><U29/><E9/><V6/><AGARI ba="1,1" hai="1,6,8,23,25,27,28,31,32,56,62,67,93,94" machi="6" ten="30,7900,0" yaku="1,1,0,1,52,2,53,0" doraHai="89" doraHaiUra="122" who="2" fromWho="2" sc="260,-40,260,-21,250,92,220,-21" /><INIT seed="1,0,0,0,4,40" ten="220,239,342,199" oya="1" hai0="61,57,16,71,131,8,101,116,85,62,49,68,102" hai1="122,124,115,108,132,112,27,90,86,84,41,133,42" hai2="60,89,21,94,54,64,65,45,109,80,114,51,87" hai3="1,63,17,34,23,15,113,74,25,107,111,7,47"/><U29/><E122/><V0/><F109/><W98/><G74/><T96/><D116/><U106/><E106/><V12/><F0/><W59/><G113/><T30/><D30/><U88/><E108/><V24/><F114/><W56/><G111/><T66/><D131/><U103/><E103/><V44/><F12/><W121/><G121/><T28/><D28/><U14/><E14/><V11/><F11/><W120/><G120/><T135/><D135/><N who="1" m="51787" /><E124/><V9/><F9/><W26/><G34/><T119/><D119/><U22/><E115/><V67/><F60/><W123/><G123/><T6/><D16/><N who="1" m="12743" /><E112/><V97/><F45/><W82/><G1/><T72/><D72/><U77/><E77/><N who="2" m="46479" /><F65/><W19/><G7/><T13/><D85/><N who="1" m="32875" /><E29/><AGARI ba="0,0" hai="21,24,29,44,51,54,64,67,89,94,97" m="46479" machi="29" ten="30,2000,0" yaku="8,1,52,1" doraHai="40" who="2" fromWho="1" sc="220,0,239,-20,342,20,199,0" /><INIT seed="2,0,0,3,0,113" ten="220,219,362,199" oya="2" hai0="18,11,26,101,1,111,81,3,82,40,109,133,128" hai1="58,24,2,103,30,39,79,17,69,123,52,72,119" hai2="92,29,16,9,91,44,96,105,57,125,95,75,67" hai3="130,50,15,45,46,71,60,6,36,84,134,21,55"/><V74/><F105/><W99/><G130/><T78/><D128/><U76/><E119/><V33/><F44/><W51/><G134/><T56/><D133/><U62/><E2/><N who="0" m="521" /><D101/><U121/><E39/><V118/><F118/><W48/><G36/><T70/><D70/><U53/><E69/><V127/><F33/><W7/><G99/><T131/><D131/><U31/><E103/><V129/><F29/><N who="1" m="10761" /><E72/><V64/><F129/><W135/><G135/><T77/><D40/><U116/><E116/><V34/><F34/><W35/><G35/><T104/><D104/><U25/><E123/><V32/><F32/><W5/><G84/><T65/><D81/><U98/><E98/><V22/><F96/><W108/><G108/><N who="0" m="41547" /><D82/><U93/><E93/><V61/><F95/><W89/><G89/><T54/><D65/><U68/><E68/><V37/><F67/><W47/><G71/><T23/><D11/><U63/><E121/><V94/><F94/><W8/><G21/><T87/><D87/><U38/><E38/><V86/><F22/><W83/><G83/><T120/><D120/><U80/><E80/><V102/><F37/><W0/><G0/><T73/><D73/><U97/><E97/><V112/><F75/><W117/><G117/><T85/><D85/><U132/><E132/><V107/><F74/><W14/><G8/><T10/><D10/><U110/><E110/><V49/><F9/><W100/><G100/><T90/><D90/><U41/><E41/><V106/><F91/><W12/><G60/><AGARI ba="0,0" hai="18,23,26,54,56,60,77,78" m="41547,521" machi="60" ten="30,1000,0" yaku="14,1" doraHai="113" who="0" fromWho="3" sc="220,10,219,0,362,0,199,-10" /><INIT seed="3,0,0,2,0,49" ten="230,219,362,189" oya="3" hai0="53,87,97,38,58,54,113,107,69,28,78,20,61" hai1="36,18,106,67,126,37,19,94,31,30,100,115,47" hai2="121,123,7,84,110,135,51,129,48,77,4,50,59" hai3="98,0,125,71,23,3,16,103,10,120,90,45,34"/><W114/><G114/><T81/><D38/><U6/><E106/><V40/><F110/><W65/><G120/><T91/><D69/><U112/><E6/><N who="2" m="2091" /><F129/><W99/><G34/><T52/><D113/><U88/><E67/><V13/><F13/><W102/><G10/><T21/><D107/><U29/><E100/><V111/><F111/><W89/><G125/><T127/><D127/><U9/><E30/><V109/><F135/><W22/><G45/><T42/><D42/><U27/><E94/><V14/><F14/><W70/><REACH who="3" step="1"/><G65/><REACH who="3" ten="230,219,362,179" step="2"/><N who="0" m="39095" /><D28/><U26/><E47/><V35/><F35/><W11/><G11/><T104/><D104/><U39/><E9/><V41/><F123/><W79/><G79/><T124/><D124/><U66/><E126/><V76/><F76/><W95/><G95/><AGARI ba="0,1" hai="20,21,52,53,54,78,81,87,91,95,97" m="39095" machi="95" ten="30,8000,1" yaku="8,1,52,3,54,1" doraHai="49" who="0" fromWho="3" sc="230,90,219,0,362,0,179,-80" owari="320,12.0,219,-18.1,362,46.2,99,-40.1" /></mjloggm>