<mjloggm ver="2.3"><GO type="225" lobby="0"/><UN n0="%E4%BF%BA%E3%81%A8%E5%A6%96%E5%A4%A2" n1="%E3%81%BE%E3%81%A8%E3%81%9F" n2="%E5%91%A8%E6%9D%B1" n3="%E3%81%AF%E3%82%88%E3%81%8A%E3%81%98%E3%81%95%E3%82%93" dan="17,17,17,17" rate="2188.53,2216.45,2151.19,2176.15" sx="F,M,M,M"/><TAIKYOKU oya="0"/><INIT seed="0,0,0,3,4,118" ten="250,250,250,250" oya="0" hai0="11,128,18,69,48,71,17,123,49,113,59,89,100" hai1="7,13,88,5,57,130,41,79,111,102,33,20,54" hai2="87,99,64,63,85,126,51,15,22,47,6,73,117" hai3="44,95,112,94,21,52,101,125,9,61,91,124,55"/><T106/><D113/><U0/><E33/><V98/><F73/><W77/><G112/><T122/><D89/><U121/><E121/><N who="0" m="46089" /><D11/><U92/><E102/><V28/><F117/><W10/><G77/><T53/><D100/><U38/><E41/><V2/><F2/><W129/><G129/><T107/><D59/><U80/><E38/><V120/><F120/><W86/><G21/><T72/><D53/><U103/><E130/><V75/><F126/><N who="3" m="48747" /><G44/><T84/><D84/><U36/><E103/><V50/><F75/><W132/><G132/><T78/><D78/><U115/><E54/><N who="3" m="20522" /><G61/><T82/><D82/><U62/><E80/><V31/><F47/><W134/><G134/><T133/><D72/><U14/><E79/><V109/><F63/><W127/><N who="3" m="48755" /><W24/><DORA hai="23" /><G24/><T81/><D81/><U35/><E62/><V27/><F27/><W131/><G131/><T56/><D56/><U19/><E57/><V29/><F22/><W70/><G70/><N who="0" m="26635" /><D133/><U34/><E115/><V96/><F64/><W65/><G65/><T37/><D37/><U26/><E36/><V74/><F74/><W8/><G101/><T42/><D42/><U45/><E45/><V76/><F76/><W60/><G60/><T135/><D135/><U16/><E26/><V93/><F50/><N who="0" m="19562" /><D128/><U108/><E20/><V1/><F51/><W97/><G95/><T104/><AGARI ba="0,0" hai="17,18,104,106,107" m="19562,26635,46089" machi="104" ten="40,12000,1" yaku="28,2,52,3" doraHai="118,23" who="0" fromWho="0" sc="250,120,250,-40,250,-40,250,-40" /><INIT seed="0,1,0,2,4,118" ten="370,210,210,210" oya="0" hai0="19,77,36,18,66,116,7,110,30,129,96,84,31" hai1="80,130,68,121,3,42,8,41,97,100,125,52,60" hai2="16,91,38,85,4,54,114,99,44,61,46,32,94" hai3="34,133,1,81,49,33,21,76,86,0,123,22,92"/><T12/><D116/><U87/><E125/><V117/><F32/><W14/><G133/><T5/><D36/><U98/><E130/><V65/><F117/><W29/><G123/><T55/><D129/><U115/><E115/><V62/><F114/><W78/><G34/><T106/><D66/><U43/><E121/><V9/><F38/><W51/><G33/><T53/><D106/><U10/><E3/><V112/><F112/><W132/><G132/><T105/><D105/><U89/><E68/><V28/><F28/><W15/><G0/><T56/><D96/><N who="1" m="36971" /><E100/><V104/><F104/><W111/><G1/><T113/><D113/><U59/><AGARI ba="1,0" hai="8,10,41,42,43,52,59,60,80,87,89" m="36971" machi="59" ten="30,2000,0" yaku="8,1,54,1" doraHai="118" who="1" fromWho="1" sc="370,-11,210,23,210,-6,210,-6" /><INIT seed="1,0,0,5,5,127" ten="359,233,204,204" oya="1" hai0="36,3,95,46,34,125,29,88,97,96,81,114,38" hai1="98,87,106,113,0,25,59,64,112,135,24,37,43" hai2="76,122,23,79,99,32,20,66,19,12,2,107,60" hai3="116,83,115,31,89,18,1,105,51,33,42,104,21"/><U68/><E25/><V82/><F32/><W6/><G115/><T47/><D114/><U50/><E0/><V56/><F2/><W40/><G116/><T49/><D125/><U134/><E87/><V30/><F122/><W70/><G70/><T45/><D3/><U111/><E24/><N who="2" m="16647" /><F107/><W67/><G67/><T14/><D29/><U4/><E4/><V13/><F82/><W77/><G89/><T28/><D28/><U11/><E11/><V84/><F84/><W74/><G31/><T26/><D26/><U27/><E27/><V75/><F75/><W130/><G33/><T63/><D81/><U10/><E10/><V61/><F61/><W17/><G6/><T48/><D97/><U126/><E98/><V22/><F99/><W58/><G1/><T131/><D14/><U16/><E106/><N who="3" m="41066" /><G58/><T109/><D96/><U35/><E35/><V121/><F121/><W94/><G94/><T52/><D95/><U118/><E118/><V85/><F85/><W100/><G100/><T132/><D88/><U133/><E68/><V62/><F62/><W129/><G51/><T90/><D48/><U92/><E126/><V55/><F66/><W91/><G91/><T108/><D90/><U39/><E113/><V53/><F53/><W120/><G120/><T72/><D63/><N who="1" m="38015" /><E112/><V128/><F128/><N who="3" m="49259" /><G17/><AGARI ba="0,0" hai="12,13,17,19,22,23,55,56,60,76,79" m="16647" machi="17" ten="30,1000,0" yaku="8,1" doraHai="127" who="2" fromWho="3" sc="359,0,233,0,204,10,204,-10" /><INIT seed="2,0,0,1,4,71" ten="359,233,214,194" oya="2" hai0="75,121,38,5,52,79,58,33,134,68,49,105,123" hai1="111,98,37,2,42,22,118,67,73,17,51,1,41" hai2="31,115,125,27,82,61,43,69,116,63,16,64,100" hai3="122,120,50,78,13,60,40,88,7,57,130,87,109"/><V3/><F116/><W128/><G78/><T0/><D105/><U21/><E73/><V95/><F115/><W103/><G103/><T62/><D33/><U70/><E51/><V72/><F3/><W107/><G107/><T106/><D106/><U126/><E70/><V24/><F125/><W48/><G109/><T15/><D0/><U97/><E67/><V131/><F131/><N who="3" m="50219" /><G7/><T113/><D79/><U99/><E118/><V34/><F72/><W94/><G13/><T35/><D75/><U12/><E111/><V4/><F4/><W9/><G9/><T114/><D35/><U81/><E81/><V14/><F82/><W23/><G23/><T26/><D26/><U132/><E132/><V28/><F28/><W96/><G87/><T18/><D5/><U90/><E90/><V39/><F27/><W29/><G29/><T30/><D30/><U80/><E98/><V56/><F100/><W119/><G119/><T104/><D104/><U129/><E12/><V108/><F108/><W101/><G101/><T20/><D134/><U77/><E129/><V10/><F95/><W86/><G96/><T83/><D83/><U8/><E80/><V59/><REACH who="2" step="1"/><F63/><REACH who="2" ten="359,233,204,194" step="2"/><W112/><G112/><T89/><D114/><U74/><E77/><V55/><F55/><N who="3" m="31975" /><G60/><T110/><D113/><U44/><E74/><V47/><AGARI ba="0,1" hai="10,14,16,24,31,34,39,43,47,56,59,61,64,69" machi="47" ten="30,12000,1" yaku="1,1,0,1,52,1,54,1,53,1" doraHai="71" doraHaiUra="11" who="2" fromWho="2" sc="359,-40,233,-40,204,130,194,-40" /><INIT seed="2,1,0,4,5,35" ten="319,193,334,154" oya="2" hai0="99,39,115,84,11,86,20,27,72,110,46,25,95" hai1="56,69,122,50,7,131,76,13,18,54,117,33,101" hai2="0,3,61,123,44,55,4,29,10,94,129,100,132" hai3="126,40,51,66,6,118,12,104,60,64,103,62,85"/><V42/><F123/><W31/><G118/><T93/><D115/><U9/><E117/><V98/><F132/><W36/><G36/><T125/><D72/><U30/><E131/><V79/><F129/><W52/><G126/><T68/><D68/><U23/><E69/><V116/><F116/><W15/><G40/><T70/><D70/><U105/><E76/><V57/><F79/><W114/><G114/><T71/><D71/><U90/><E101/><V109/><F109/><W119/><G119/><T32/><D32/><U41/><E105/><V107/><F29/><W96/><G31/><T21/><D46/><U48/><E90/><V53/><F107/><W91/><G62/><T37/><D11/><U47/><E122/><V97/><F97/><W88/><G60/><T120/><D99/><U87/><E87/><V92/><F92/><W81/><G91/><T38/><D38/><U135/><E33/><V134/><F134/><W49/><G49/><T112/><D112/><U75/><E75/><V14/><REACH who="2" step="1"/><F55/><REACH who="2" ten="319,193,324,154" step="2"/><W58/><REACH who="3" step="1"/><G6/><REACH who="3" ten="319,193,324,144" step="2"/><T17/><D120/><U128/><E135/><V28/><F28/><W77/><G77/><T124/><D17/><U121/><E121/><V127/><F127/><W106/><G106/><T34/><D34/><U63/><E128/><V2/><F2/><W59/><G59/><T133/><D133/><U83/><E30/><V19/><F19/><W111/><G111/><AGARI ba="1,2" hai="20,21,25,27,37,39,84,86,93,95,110,111,124,125" machi="111" ten="25,1600,0" yaku="22,2" doraHai="35" who="0" fromWho="3" sc="319,39,193,0,324,0,144,-19" /><INIT seed="3,0,0,3,0,50" ten="358,193,324,125" oya="3" hai0="19,119,12,8,135,103,79,108,55,71,56,39,93" hai1="64,10,1,112,78,63,86,101,47,98,130,128,57" hai2="37,36,105,102,83,74,6,62,69,106,28,77,52" hai3="9,49,11,75,111,27,54,99,124,46,48,22,15"/><W53/><G124/><T104/><D104/><N who="1" m="63543" /><E112/><V30/><F6/><W123/><G123/><T113/><D71/><U114/><E114/><V21/><F69/><W134/><G134/><T95/><D113/><U17/><E47/><V91/><F91/><W26/><G75/><T40/><D135/><U32/><E32/><V109/><F109/><W13/><G111/><T72/><D108/><U34/><E34/><V18/><F106/><W125/><G125/><T132/><D119/><U133/><E133/><V5/><F5/><W24/><G99/><T97/><D132/><U59/><E1/><V118/><F118/><W81/><G81/><T3/><D3/><U23/><E10/><N who="3" m="3594" /><G22/><T16/><D93/><U42/><E42/><V41/><F105/><W7/><G7/><T126/><D126/><U90/><E78/><V82/><F82/><W87/><G87/><T120/><D120/><U100/><E100/><V35/><F102/><W110/><G110/><T25/><D79/><U68/><E90/><V38/><F35/><W131/><G131/><N who="1" m="50218" /><E86/><V115/><F115/><W116/><G116/><T117/><D117/><U67/><E67/><V121/><F121/><W70/><G70/><T65/><D65/><U129/><E129/><V4/><F4/><W84/><G84/><T127/><D72/><U61/><E23/><V51/><F41/><W29/><G29/><T66/><D66/><N who="1" m="41055" /><E17/><V33/><F33/><W122/><G122/><T60/><D127/><U44/><E64/><V85/><F74/><W45/><AGARI ba="0,0" hai="13,15,24,26,27,45,46,48,49,53,54" m="3594" machi="45" ten="30,6000,0" yaku="8,1,52,2" doraHai="50" who="3" fromWho="3" sc="358,-20,193,-20,324,-20,125,60" /><INIT seed="3,1,0,4,5,12" ten="338,173,304,185" oya="3" hai0="0,84,108,117,122,41,88,105,100,54,125,78,46" hai1="13,123,106,37,24,17,77,91,92,104,72,90,69" hai2="28,63,5,33,89,19,8,52,26,85,98,112,7" hai3="66,35,99,6,116,49,120,93,80,40,16,130,82"/><W102/><G116/><T2/><D117/><U110/><E123/><V75/><F75/><W86/><G120/><T57/><D122/><U79/><E37/><V42/><F112/><W76/><G35/><T71/><D71/><U97/><E69/><V115/><F115/><W64/><G130/><T60/><D78/><N who="1" m="29707" /><E72/><V70/><F42/><W131/><G131/><T107/><D108/><U134/><E110/><V65/><F98/><W103/><G6/><T10/><D125/><U101/><E106/><V109/><F109/><W27/><G102/><T58/><D58/><U31/><E104/><V45/><F8/><W67/><G82/><T111/><D10/><N who="1" m="6327" /><E134/><V61/><F19/><W127/><G127/><T135/><D135/><U56/><E56/><V36/><F36/><W81/><G80/><T73/><D73/><U133/><E133/><V30/><F30/><W119/><G119/><T129/><D129/><U44/><E44/><V68/><F68/><W48/><G40/><T94/><D107/><U114/><E114/><V59/><REACH who="2" step="1"/><F45/><REACH who="2" ten="338,173,294,185" step="2"/><W53/><G16/><T55/><D41/><U22/><AGARI ba="1,1" hai="22,24,31,90,91,92,97,101" m="6327,29707" machi="22" ten="30,2000,0" yaku="8,1,52,1" doraHai="12" who="1" fromWho="1" sc="338,-6,173,33,294,-6,185,-11" owari="332,43.2,206,-19.4,288,8.8,174,-32.6" /></mjloggm>