<mjloggm ver="2.3"><GO type="225" lobby="0"/><UN n0="%E4%B8%AD%E5%B9%B4%E3%81%AE%E5%8D%B1%E6%A9%9F" n1="%E5%B8%86%E7%AB%8B%E5%A4%8F%E8%A1%A3" n2="%6D%75%75%6D%75%72%61" n3="%43%68%65" dan="17,16,17,16" rate="2168.58,2095.11,2163.81,2164.84" sx="M,M,F,M"/><TAIKYOKU oya="0"/><INIT seed="0,0,0,4,0,116" ten="250,250,250,250" oya="0" hai0="68,39,36,131,24,130,10,30,62,108,49,79,125" hai1="86,102,42,14,73,1,107,51,106,101,31,65,75" hai2="105,103,83,18,71,48,21,97,70,32,57,85,122" hai3="77,37,95,17,0,76,34,72,90,66,11,6,56"/><T63/><D79/><U16/><E1/><V58/><F32/><W115/><G115/><T119/><D10/><U43/><E31/><V88/><F122/><W104/><G104/><T3/><D3/><U38/><E38/><N who="0" m="14377" /><D119/><U113/><E65/><V28/><F28/><W12/><G37/><T84/><D84/><U64/><E64/><V46/><F71/><W23/><G72/><T13/><D13/><U67/><E67/><V41/><REACH who="2" step="1"/><F70/><REACH who="2" ten="250,250,240,250" step="2"/><W132/><G34/><N who="0" m="20807" /><D68/><U133/><E113/><V45/><F45/><W15/><G0/><T93/><D125/><U47/><E47/><V118/><F118/><W81/><G132/><T121/><D121/><U22/><E133/><V19/><F19/><W89/><G56/><T91/><D108/><U5/><E16/><V61/><F61/><W124/><G124/><T98/><D49/><U128/><E51/><V78/><F78/><W80/><G77/><T69/><D69/><U9/><E5/><V114/><F114/><W135/><G135/><T134/><D134/><U20/><E75/><V117/><F117/><W87/><G76/><T74/><D74/><U59/><E73/><V129/><F129/><AGARI ba="0,1" hai="62,63,91,93,98,129,130,131" m="20807,14377" machi="129" ten="30,1500,0" yaku="19,1" doraHai="116" who="0" fromWho="2" sc="250,25,250,0,240,-15,250,0" /><INIT seed="0,1,0,4,1,6" ten="275,250,225,250" oya="0" hai0="85,122,93,32,104,47,59,86,73,118,125,76,91" hai1="55,128,105,41,71,132,89,35,69,45,117,29,83" hai2="96,109,33,68,95,78,74,113,119,67,57,107,19" hai3="46,101,1,23,56,30,66,94,53,34,80,131,26"/><T90/><D32/><U112/><E117/><V49/><F113/><W123/><G131/><T40/><D118/><U81/><E112/><V116/><F107/><W60/><G123/><T100/><D122/><U13/><E128/><V106/><F106/><W21/><G1/><T51/><D125/><U9/><E132/><V39/><F39/><W25/><G80/><T8/><D104/><U58/><E105/><V99/><F68/><W70/><G46/><T38/><D73/><U88/><E69/><V103/><F109/><W18/><G34/><T110/><D110/><U92/><E71/><V77/><F33/><W126/><G126/><T87/><D76/><U84/><E29/><V121/><F121/><W0/><G0/><T24/><D24/><U17/><E89/><V75/><F103/><W115/><G115/><T134/><D134/><U129/><E129/><V102/><F102/><W127/><G127/><T14/><D38/><U2/><E2/><V133/><F133/><W11/><G11/><T28/><D28/><U62/><E35/><V15/><F95/><W50/><G94/><T12/><D59/><U114/><E114/><V52/><F116/><W97/><G97/><N who="2" m="37449" /><F119/><W120/><G101/><T48/><D100/><U42/><E42/><V79/><F74/><W108/><G108/><T65/><D93/><U61/><E62/><N who="2" m="38351" /><F75/><W130/><G130/><T37/><D65/><U3/><E3/><V27/><F77/><W22/><G120/><T111/><D111/><U82/><E92/><V54/><F78/><W31/><G31/><T44/><D44/><U36/><AGARI ba="1,0" hai="9,13,17,36,41,45,55,58,61,81,82,83,84,88" machi="36" ten="20,8000,1" yaku="5,1,0,1,7,1,52,1,54,1" doraHai="6" who="1" fromWho="1" sc="275,-41,250,83,225,-21,250,-21" /><INIT seed="1,0,0,3,1,108" ten="234,333,204,229" oya="1" hai0="78,106,65,5,13,73,46,88,90,45,52,105,40" hai1="64,11,75,116,28,74,54,135,95,121,17,24,69" hai2="66,43,134,122,100,10,126,39,71,81,99,21,42" hai3="35,60,29,49,93,4,3,131,112,115,118,82,1"/><U27/><E116/><V6/><F122/><W92/><G118/><T80/><D65/><U19/><E121/><V123/><F123/><W38/><G38/><T67/><D67/><U0/><E54/><V30/><F126/><W58/><G49/><T101/><D46/><U98/><E135/><V22/><F134/><W120/><G120/><T53/><D13/><U79/><E27/><V68/><F81/><W129/><G82/><T47/><D5/><U102/><E0/><V87/><F87/><W33/><G58/><T51/><D53/><U20/><E79/><V103/><F66/><W9/><G29/><T130/><D130/><N who="3" m="49673" /><G60/><T18/><D18/><U63/><E19/><V109/><F109/><W36/><G36/><T62/><D62/><U76/><E76/><V12/><F39/><W72/><G72/><T25/><D25/><U15/><AGARI ba="0,0" hai="11,15,17,20,24,28,63,64,69,74,75,95,98,102" machi="15" ten="30,1500,0" yaku="0,1" doraHai="108" who="1" fromWho="1" sc="234,-5,333,15,204,-5,229,-5" /><INIT seed="1,1,0,2,4,32" ten="229,348,199,224" oya="1" hai0="115,118,129,120,116,105,106,22,39,25,80,61,88" hai1="114,85,82,121,78,74,58,84,5,100,53,98,51" hai2="91,96,49,47,107,23,87,8,20,119,69,34,29" hai3="92,44,110,75,15,99,43,26,89,68,77,124,17"/><U12/><E114/><V27/><F119/><W52/><G110/><T64/><D39/><U7/><E121/><V14/><F69/><W126/><G68/><T76/><D115/><U9/><REACH who="1" step="1"/><E5/><REACH who="1" ten="229,338,199,224" step="2"/><V127/><F127/><W56/><G126/><T81/><D120/><U122/><E122/><V108/><F108/><W37/><G124/><T65/><D118/><U13/><E13/><V135/><F135/><W59/><G26/><T16/><D116/><U24/><E24/><V134/><F134/><W18/><G15/><T66/><D129/><U19/><E19/><V28/><F14/><W54/><G18/><T94/><D61/><U36/><E36/><V95/><F8/><W70/><G17/><T63/><D63/><U50/><E50/><V0/><F28/><W55/><REACH who="3" step="1"/><G70/><REACH who="3" ten="229,338,199,214" step="2"/><T38/><D38/><U125/><E125/><V79/><F27/><W30/><G30/><T62/><D62/><U31/><E31/><V11/><F29/><W6/><G6/><T93/><D25/><U10/><E10/><V101/><F11/><W42/><G42/><T123/><D123/><U111/><E111/><V73/><F34/><W117/><G117/><T4/><D4/><U112/><E112/><V130/><F130/><W132/><G132/><T35/><D35/><U46/><E46/><V133/><F133/><W57/><G57/><T131/><D131/><U104/><AGARI ba="1,2" hai="7,9,12,51,53,58,74,78,82,84,85,98,100,104" machi="104" ten="20,3900,0" yaku="1,1,0,1,7,1,53,0" doraHai="32" doraHaiUra="67" who="1" fromWho="1" sc="229,-14,338,62,199,-14,214,-14" /><INIT seed="1,2,0,4,2,43" ten="215,400,185,200" oya="1" hai0="22,125,12,75,15,119,65,57,134,104,132,97,102" hai1="120,74,8,79,106,2,14,68,3,30,9,70,109" hai2="39,18,96,25,87,77,112,53,26,32,20,56,31" hai3="91,1,80,52,63,131,84,101,42,44,85,124,128"/><U118/><E118/><V0/><F0/><W48/><G124/><T76/><D119/><U62/><E120/><V127/><F127/><W100/><G1/><T108/><D125/><U17/><E106/><V11/><F112/><W126/><G126/><T116/><D116/><U86/><E74/><V51/><F39/><W35/><G35/><T50/><D108/><U78/><E30/><V123/><F123/><W59/><REACH who="3" step="1"/><G85/><REACH who="3" ten="215,400,185,190" step="2"/><T29/><D75/><U117/><E86/><V21/><F96/><W49/><G49/><T55/><D132/><U88/><E2/><V71/><F87/><W105/><G105/><T94/><D134/><U67/><E3/><V103/><F51/><W73/><G73/><T27/><D104/><U23/><E117/><V121/><F121/><W107/><G107/><T13/><D76/><U72/><E79/><V82/><F32/><W135/><G135/><T37/><D37/><U24/><E78/><V115/><F77/><W99/><G99/><T10/><REACH who="0" step="1"/><D65/><REACH who="0" ten="205,400,185,190" step="2"/><U45/><E67/><V41/><F115/><W61/><G61/><T133/><D133/><U83/><E62/><V7/><F82/><W98/><G98/><T40/><D40/><U89/><E83/><V46/><F41/><W28/><G28/><T114/><D114/><U6/><E72/><V36/><F31/><W110/><G110/><T4/><AGARI ba="2,2" hai="4,10,12,13,15,22,27,29,50,55,57,94,97,102" machi="4" ten="20,8000,1" yaku="1,1,0,1,7,1,8,1,53,1" doraHai="43" doraHaiUra="95" who="0" fromWho="0" sc="205,106,400,-42,185,-22,190,-22" /><INIT seed="2,0,0,3,3,101" ten="311,358,163,168" oya="2" hai0="80,134,11,135,55,118,48,46,43,96,70,126,86" hai1="124,31,22,32,61,82,69,103,104,39,115,133,106" hai2="108,98,125,111,74,30,97,4,16,53,87,128,6" hai3="121,8,110,105,38,18,88,50,129,117,21,67,100"/><V81/><F74/><W41/><G117/><T90/><D70/><U7/><E22/><V132/><F30/><W92/><G121/><T42/><D118/><U19/><E19/><V51/><F125/><W71/><G38/><T94/><D126/><U91/><E91/><V120/><F120/><W10/><G110/><N who="2" m="42025" /><F132/><N who="0" m="50730" /><D11/><U84/><E133/><V114/><F114/><W49/><G129/><T59/><D59/><U40/><E124/><V23/><F128/><W29/><G29/><T12/><D12/><U62/><E7/><N who="2" m="2603" /><F87/><W64/><G10/><T95/><D95/><U35/><E115/><V14/><F81/><W77/><G77/><AGARI ba="0,0" hai="42,43,46,48,55,77,80,86,90,94,96" m="50730" machi="77" ten="30,1000,0" yaku="20,1" doraHai="101" who="0" fromWho="3" sc="311,10,358,0,163,0,168,-10" /><INIT seed="3,0,0,4,5,119" ten="321,358,163,158" oya="3" hai0="101,62,131,118,29,76,97,51,0,67,127,28,92" hai1="47,78,36,54,14,43,53,116,94,34,48,41,104" hai2="93,88,6,134,39,11,35,61,46,83,98,1,103" hai3="73,117,4,64,57,75,126,79,59,114,121,120,108"/><W115/><G4/><T7/><D118/><U111/><E111/><V85/><F35/><W125/><G117/><T123/><D123/><U25/><E104/><V17/><F134/><W72/><G79/><T113/><D113/><N who="3" m="43017" /><G108/><T95/><D127/><N who="3" m="48649" /><G64/><T82/><D131/><U23/><E78/><V20/><F61/><W105/><G105/><T44/><D92/><U9/><E34/><V3/><F39/><W55/><G57/><T30/><D7/><N who="1" m="3391" /><E36/><V42/><F46/><W19/><G19/><T32/><D0/><U8/><E8/><V37/><F37/><W52/><G55/><T69/><D32/><U13/><E116/><V22/><F42/><W109/><G109/><T132/><D132/><U12/><E54/><V71/><F1/><W49/><AGARI ba="0,0" hai="49,52,59,72,73,75,120,121" m="48649,43017" machi="49" ten="40,12000,1" yaku="18,1,52,2,54,1" doraHai="119" who="3" fromWho="3" sc="321,-40,358,-40,163,-40,158,120" /><INIT seed="3,1,0,4,3,6" ten="281,318,123,278" oya="3" hai0="40,50,96,48,3,42,104,92,77,17,52,131,4" hai1="125,80,55,13,81,109,68,20,123,36,27,122,12" hai2="127,31,64,61,9,16,110,115,76,135,134,51,19" hai3="132,114,5,66,54,118,28,60,11,32,22,8,91"/><W97/><G114/><T10/><D104/><U113/><E36/><V44/><F115/><W73/><G32/><T111/><D111/><U18/><E68/><V87/><F110/><W49/><G73/><T35/><D35/><U133/><E109/><V101/><F31/><W26/><G118/><T119/><D119/><U39/><E39/><V75/><F75/><W130/><G130/><T15/><D77/><U94/><E113/><V70/><F127/><W2/><G132/><T88/><D131/><U121/><E125/><V124/><F124/><W14/><G91/><T89/><D89/><U30/><E133/><V46/><F101/><W74/><G97/><T58/><D50/><U41/><E41/><V102/><F102/><W24/><G24/><T128/><D128/><U79/><E94/><V21/><F134/><W107/><G74/><T62/><D62/><U83/><E79/><V116/><F116/><W126/><G107/><T23/><AGARI ba="1,0" hai="3,4,10,15,17,23,40,42,48,52,58,88,92,96" machi="23" ten="20,8000,1" yaku="0,1,7,1,52,1,54,2" doraHai="6" who="0" fromWho="0" sc="281,83,318,-21,123,-21,278,-41" owari="364,46.4,297,9.7,102,-39.8,237,-16.3" /></mjloggm>