<mjloggm ver="2.3"><GO type="225" lobby="0"/><UN n0="%E3%83%B4%E3%83%A0%EF%BC%99%E3%81%A6" n1="%E8%81%B7%E6%A5%AD%E3%80%81%E9%A2%A8%32" n2="%65%6B%61%72%75%74%65" n3="%E6%A1%9C%E8%8A%B1%E9%96%83%E3%80%85" dan="17,16,16,17" rate="2195.27,2160.99,2139.57,2145.67" sx="M,M,M,M"/><TAIKYOKU oya="0"/><INIT seed="0,0,0,2,5,62" ten="250,250,250,250" oya="0" hai0="30,28,90,112,54,93,91,45,66,107,99,98,19" hai1="73,80,23,115,40,123,87,59,25,7,42,129,128" hai2="68,56,96,55,26,135,63,105,46,32,104,6,16" hai3="126,3,53,21,131,132,69,124,103,82,9,15,120"/><T108/><D112/><U71/><E123/><V11/><F135/><W102/><G132/><T72/><D72/><U36/><E71/><V64/><F46/><W10/><G120/><T95/><D108/><U47/><E42/><V34/><F104/><W5/><G131/><N who="1" m="50250" /><E7/><V39/><F39/><W49/><G21/><T110/><D110/><U113/><E73/><V12/><F96/><W43/><G82/><T116/><D116/><U81/><E59/><V83/><F83/><N who="1" m="31817" /><E87/><V88/><F88/><W121/><G69/><T27/><D107/><U94/><E94/><V76/><F76/><W8/><G43/><T130/><D130/><U0/><E0/><V33/><F105/><W52/><G121/><T117/><D117/><U60/><E60/><V31/><REACH who="2" step="1"/><F6/><REACH who="2" ten="250,250,240,250" step="2"/><W58/><G103/><T37/><D37/><U1/><E1/><V4/><F4/><W24/><G102/><T17/><D45/><U61/><E61/><AGARI ba="0,1" hai="11,12,16,26,31,32,33,34,55,56,61,63,64,68" machi="61" ten="30,8000,1" yaku="1,1,7,1,52,1,54,1,53,1" doraHai="62" doraHaiUra="65" who="2" fromWho="1" sc="250,0,250,-80,240,90,250,0" /><INIT seed="1,0,0,0,3,56" ten="250,170,330,250" oya="1" hai0="105,32,114,112,103,108,117,82,62,15,87,6,97" hai1="65,73,8,10,63,66,54,24,130,131,25,99,67" hai2="70,57,122,29,41,0,123,115,121,47,133,21,31" hai3="91,102,3,51,69,134,46,77,9,42,45,120,53"/><U125/><E73/><V17/><F70/><W100/><G120/><T43/><D32/><U79/><E79/><V48/><F0/><W7/><G134/><T126/><D117/><U37/><E37/><V83/><F133/><W27/><G69/><T129/><D43/><U90/><E90/><V71/><F71/><W76/><G91/><T36/><D36/><U95/><E95/><V30/><F115/><W96/><G27/><N who="1" m="10314" /><E99/><V85/><F57/><W50/><REACH who="3" step="1"/><G102/><REACH who="3" ten="250,170,330,240" step="2"/><T13/><D103/><U119/><E119/><V98/><F122/><W124/><G124/><T55/><D126/><U106/><E125/><V109/><F121/><W5/><G5/><T49/><D6/><U19/><E19/><V38/><F17/><W101/><G101/><T33/><D112/><U84/><E84/><V78/><F85/><W81/><G81/><T93/><D82/><U127/><E127/><V118/><F83/><W12/><G12/><T14/><D114/><U132/><E132/><V52/><F123/><W72/><G72/><T26/><D13/><U28/><E28/><V111/><F31/><W16/><G16/><T23/><D14/><U116/><E116/><V2/><F30/><W94/><AGARI ba="0,1" hai="3,7,9,42,45,46,50,51,53,76,77,94,96,100" machi="94" ten="20,8000,1" yaku="1,1,0,1,7,1,53,2" doraHai="56" doraHaiUra="75" who="3" fromWho="3" sc="250,-20,170,-40,330,-20,240,90" /><INIT seed="2,0,0,0,2,43" ten="230,130,310,330" oya="2" hai0="31,60,61,78,8,51,52,77,119,115,101,72,3" hai1="2,33,25,17,74,22,99,89,12,117,106,7,70" hai2="6,127,48,100,98,66,120,135,73,131,84,37,93" hai3="18,28,42,34,21,35,46,40,122,134,64,57,123"/><V9/><F120/><W114/><G28/><T121/><D121/><U50/><E70/><V68/><F37/><W44/><G134/><T76/><D115/><U1/><E74/><V108/><F73/><W128/><G114/><T23/><D72/><U13/><E117/><V103/><F135/><W4/><G4/><T69/><D119/><U36/><E36/><V79/><F68/><W67/><G21/><T27/><D69/><U58/><E106/><V80/><F66/><W5/><G5/><T112/><D112/><U29/><E50/><V30/><F30/><W113/><G113/><T116/><D116/><U24/><E89/><V105/><F127/><W133/><G18/><T45/><D101/><U20/><E58/><V92/><F103/><W16/><G16/><T87/><D3/><N who="1" m="1035" /><E99/><V107/><F107/><W85/><G85/><T126/><D126/><U109/><E109/><V55/><F108/><W14/><G14/><N who="1" m="5738" /><E7/><V95/><F6/><W0/><G0/><T118/><D118/><U110/><E110/><V90/><F84/><W47/><G47/><T130/><D87/><U81/><E81/><V71/><F80/><W26/><G57/><T129/><D8/><U56/><E56/><V62/><F9/><W88/><G133/><T19/><D31/><U96/><E96/><V124/><F98/><W15/><G122/><T111/><D111/><U59/><E59/><V86/><F86/><W11/><G11/><T102/><D102/><U39/><E39/><V53/><F100/><W91/><G123/><T54/><D61/><U94/><E94/><N who="2" m="36459" /><F71/><W32/><G91/><RYUUKYOKU ba="0,0" sc="230,15,130,15,310,-15,330,-15" hai0="19,23,27,45,51,52,54,60,76,77,78,129,130" hai1="17,20,22,24,25,29,33" /><INIT seed="3,1,0,3,2,19" ten="245,145,295,315" oya="3" hai0="4,63,130,127,99,133,16,7,72,135,91,128,84" hai1="116,20,103,14,101,37,113,87,96,97,82,52,48" hai2="40,67,13,17,6,27,79,92,36,125,123,10,58" hai3="66,11,71,121,132,60,88,21,117,45,33,95,70"/><W131/><G121/><T83/><D63/><U118/><E37/><V57/><F36/><W42/><G117/><N who="1" m="45162" /><E113/><V0/><F123/><W41/><G132/><N who="0" m="50763" /><D72/><U50/><E14/><N who="2" m="5463" /><F125/><W76/><G131/><N who="0" m="50219" /><D99/><N who="1" m="37963" /><E20/><N who="2" m="13711" /><F0/><W25/><G76/><T68/><D68/><U93/><E52/><V64/><F92/><W38/><G42/><T120/><D120/><U112/><E50/><V31/><F79/><W94/><G70/><T26/><D127/><U111/><E48/><V108/><F108/><W43/><G43/><T15/><D26/><U18/><E18/><V124/><F124/><W105/><G71/><T61/><D61/><U56/><E56/><N who="2" m="21611" /><F40/><W100/><G41/><T115/><D115/><U44/><E44/><V54/><F31/><W89/><G45/><T1/><D1/><U59/><E59/><V3/><F3/><W62/><G62/><T8/><AGARI ba="1,0" hai="4,7,8,15,16,83,84,91" m="50219,50763" machi="8" ten="30,4000,0" yaku="20,1,19,1,54,1" doraHai="19" who="0" fromWho="0" sc="245,43,145,-11,295,-11,315,-21" /><INIT seed="4,0,0,3,0,14" ten="288,134,284,294" oya="0" hai0="37,71,26,121,42,66,23,4,86,108,81,99,130" hai1="36,7,106,91,19,51,96,107,110,68,9,27,43" hai2="15,60,67,77,118,63,30,21,123,125,3,29,59" hai3="134,35,34,54,109,58,116,93,39,78,133,61,38"/><T135/><D121/><U95/><E110/><V79/><F3/><W100/><G109/><T53/><D108/><U88/><E68/><V85/><F125/><W17/><G116/><T1/><D37/><N who="3" m="13833" /><G78/><N who="2" m="29705" /><F123/><W33/><G17/><T49/><D42/><U52/><E36/><V47/><F47/><W87/><G87/><T105/><D71/><U56/><E43/><V80/><F63/><W76/><G76/><N who="0" m="46375" /><D66/><U115/><E115/><V18/><F118/><W117/><G93/><T122/><D122/><U31/><E91/><AGARI ba="0,0" hai="15,18,21,29,30,59,60,67,80,85,91" m="29705" machi="91" ten="30,2000,0" yaku="8,1,52,1" doraHai="14" who="2" fromWho="1" sc="288,0,134,-20,284,20,294,0" owari="288,-11.2,114,-38.6,304,40.4,294,9.4" /></mjloggm>