<mjloggm ver="2.3"><GO type="225" lobby="0"/><UN n0="%E5%B5%90%E9%9B%B2%E3%81%AE%E3%82%AB%E3%83%A9%E3%82%B9" n1="%E3%81%B7%E3%82%8A%E3%82%93%E8%81%96%E4%BA%BA" n2="%E3%83%AD%E3%83%83%E3%83%86%E9%9B%80%E7%90%83" n3="%70%68%65%6E%6F%6D%65" dan="16,16,17,16" rate="2064.31,2138.51,2216.85,2162.70" sx="F,M,M,M"/><TAIKYOKU oya="0"/><INIT seed="0,0,0,2,4,50" ten="250,250,250,250" oya="0" hai0="103,4,101,124,47,110,26,46,118,127,77,113,91" hai1="71,94,34,52,40,56,70,51,24,53,120,130,72" hai2="5,49,12,18,11,13,43,0,134,7,8,76,82" hai3="55,78,117,135,64,59,126,25,84,112,48,32,86"/><T29/><BYE who="3" /><D113/><U123/><E72/><UN n3="%70%68%65%6E%6F%6D%65" /><V39/><F134/><W23/><G112/><T88/><D118/><U104/><E104/><V60/><F39/><W83/><G117/><T28/><D4/><U1/><E1/><V31/><F31/><W85/><G135/><T92/><D77/><U36/><E34/><V125/><F125/><N who="0" m="48202" /><D110/><U10/><E10/><V67/><F18/><N who="3" m="12535" /><G32/><T14/><D14/><U35/><E35/><V90/><F90/><N who="0" m="34346" /><D92/><U73/><E94/><V16/><F0/><W119/><G119/><T114/><D114/><U93/><E93/><V106/><F106/><W79/><G126/><T121/><D121/><U62/><E24/><V44/><F5/><W131/><G131/><T41/><D26/><U80/><E80/><V21/><F8/><W122/><G122/><N who="1" m="46634" /><E73/><V81/><REACH who="2" step="1"/><F76/><REACH who="2" ten="250,250,240,250" step="2"/><W74/><G74/><T108/><D108/><U9/><E9/><V107/><F107/><W115/><G115/><T15/><D15/><U96/><E130/><V58/><AGARI ba="0,1" hai="7,11,12,13,16,21,43,44,49,58,60,67,81,82" machi="58" ten="20,12000,2" yaku="1,1,0,1,7,1,8,1,54,1,53,1" doraHai="50" doraHaiUra="38" who="2" fromWho="2" sc="250,-60,250,-30,240,130,250,-30" /><INIT seed="1,0,0,5,3,0" ten="190,220,370,220" oya="1" hai0="29,51,26,127,53,110,8,98,93,7,94,91,52" hai1="77,121,44,65,124,92,112,6,54,81,104,59,23" hai2="50,62,33,130,76,72,22,17,96,119,4,37,35" hai3="134,69,73,109,118,95,102,122,125,45,41,43,2"/><U40/><E104/><V80/><F37/><W5/><G122/><T85/><D110/><U3/><E121/><V78/><F119/><W68/><G109/><T47/><D127/><U105/><E105/><V16/><F4/><W133/><G125/><T42/><D94/><U38/><E65/><V46/><F130/><W20/><G118/><T14/><REACH who="0" step="1"/><D98/><REACH who="0" ten="180,220,370,220" step="2"/><U63/><E124/><V36/><F96/><W74/><G95/><T114/><D114/><U89/><E112/><V67/><F80/><W87/><G133/><T82/><D82/><U103/><E103/><V12/><F35/><AGARI ba="0,1" hai="7,8,14,26,29,35,42,47,51,52,53,85,91,93" machi="35" ten="30,8000,1" yaku="1,1,7,1,52,1,54,1,53,1" doraHai="0" doraHaiUra="9" who="0" fromWho="2" sc="180,90,220,0,370,-80,220,0" /><INIT seed="2,0,0,5,1,123" ten="270,220,290,220" oya="2" hai0="66,51,62,30,5,44,24,57,9,101,135,91,96" hai1="7,74,27,50,75,1,15,92,12,115,129,80,8" hai2="85,72,29,109,40,46,34,20,95,58,132,63,26" hai3="106,33,17,19,71,10,86,13,2,84,47,82,53"/><V52/><F132/><W56/><G71/><T36/><D91/><U16/><E115/><V111/><F72/><W126/><G126/><T88/><D135/><U118/><E118/><V64/><F34/><W100/><G33/><T11/><D36/><U14/><E129/><V103/><F85/><W104/><G2/><T116/><D116/><U117/><E117/><V128/><F128/><W107/><G47/><T134/><D134/><U25/><E92/><V23/><F23/><W124/><G124/><T99/><D101/><U122/><E122/><V28/><F28/><W102/><G19/><T130/><D130/><U105/><E105/><V81/><F81/><W22/><G22/><N who="0" m="15639" /><D5/><U35/><E80/><V67/><F95/><W55/><G86/><T98/><D88/><U37/><E37/><V77/><F103/><W94/><G94/><T42/><AGARI ba="0,0" hai="9,11,42,44,51,57,62,66,96,98,99" m="15639" machi="42" ten="30,1100,0" yaku="8,1" doraHai="123" who="0" fromWho="0" sc="270,11,220,-3,290,-5,220,-3" /><INIT seed="3,0,0,5,2,91" ten="281,217,285,217" oya="3" hai0="41,58,61,3,30,123,67,29,117,73,2,1,62" hai1="44,34,19,56,108,118,116,51,55,132,60,129,90" hai2="7,32,52,48,79,106,95,96,49,102,125,65,31" hai3="134,126,20,72,86,33,59,27,78,120,24,87,64"/><W124/><G120/><T103/><D117/><N who="1" m="45163" /><E108/><V11/><F125/><N who="3" m="48235" /><G33/><T71/><D73/><U13/><E34/><V83/><F65/><W114/><G114/><T21/><D41/><U121/><E121/><V69/><F69/><W115/><G115/><T6/><D123/><U15/><E129/><V97/><F31/><N who="3" m="17799" /><G134/><T37/><D37/><U63/><E132/><V36/><F36/><W99/><G27/><T89/><D103/><U17/><E90/><V38/><F38/><W25/><G25/><T122/><D122/><U12/><E60/><V68/><F68/><W92/><G64/><AGARI ba="0,0" hai="12,13,15,17,19,44,51,55,56,63,64" m="45163" machi="64" ten="30,1000,0" yaku="12,1" doraHai="91" who="1" fromWho="3" sc="281,0,217,10,285,0,217,-10" /><INIT seed="4,0,0,4,4,120" ten="281,227,285,207" oya="0" hai0="46,70,24,11,72,76,57,124,104,73,67,34,135" hai1="107,60,112,103,95,6,117,102,22,21,30,53,32" hai2="12,55,66,58,65,77,18,33,118,23,75,13,7" hai3="5,48,61,28,85,10,20,116,54,123,56,115,50"/><T40/><D104/><U114/><E107/><V19/><F33/><W3/><G123/><T99/><D70/><U92/><E6/><V45/><F118/><W63/><G116/><T126/><D135/><U106/><E106/><V35/><F35/><W47/><G115/><N who="1" m="44074" /><E117/><V113/><F7/><W111/><G111/><T62/><D99/><U134/><E32/><V105/><F105/><W38/><G38/><T37/><D11/><U119/><E119/><V98/><F98/><W88/><G20/><N who="1" m="7786" /><E30/><V59/><F19/><W94/><REACH who="3" step="1"/><G28/><REACH who="3" ten="281,227,285,197" step="2"/><T91/><D37/><U82/><E134/><V15/><F23/><W97/><G97/><T69/><D34/><U100/><E82/><V74/><F113/><W131/><G131/><T132/><D132/><U14/><E14/><V109/><F12/><W122/><G122/><T108/><D108/><U90/><E90/><V49/><F13/><W93/><G93/><N who="1" m="35914" /><E53/><AGARI ba="0,1" hai="3,5,10,47,48,50,53,54,56,61,63,85,88,94" machi="53" ten="30,7700,0" yaku="1,1,7,1,54,1,53,1" doraHai="120" doraHaiUra="86" who="3" fromWho="1" sc="281,0,227,-77,285,0,197,87" /><INIT seed="5,0,0,5,5,116" ten="281,150,285,284" oya="1" hai0="20,16,105,68,133,67,7,77,28,39,108,121,8" hai1="58,10,135,26,95,35,52,64,93,53,94,128,99" hai2="118,12,51,32,37,96,0,74,80,38,29,81,44" hai3="78,11,34,47,57,126,124,134,76,31,89,83,66"/><U120/><E135/><V3/><F12/><W85/><G134/><T82/><D108/><U75/><E75/><V129/><F118/><W70/><G70/><T119/><D119/><U30/><E128/><V88/><F129/><W24/><G47/><T17/><D133/><U42/><E42/><V22/><F32/><W14/><G66/><T86/><D105/><U55/><E10/><V107/><F22/><W5/><REACH who="3" step="1"/><G57/><REACH who="3" ten="281,150,285,274" step="2"/><T63/><D39/><U73/><E64/><V1/><F44/><W132/><G132/><T59/><D68/><U130/><E58/><V87/><F38/><W101/><G101/><T71/><D71/><U79/><E130/><V19/><F37/><W91/><G91/><T97/><D97/><U50/><E99/><V43/><F88/><W9/><G9/><T27/><D121/><U45/><REACH who="1" step="1"/><E120/><REACH who="1" ten="281,140,285,274" step="2"/><V62/><F96/><W114/><G114/><T102/><D102/><U127/><E127/><AGARI ba="0,2" hai="5,11,14,24,31,34,76,78,83,85,89,124,126,127" machi="127" ten="40,2600,0" yaku="1,1,18,1,53,0" doraHai="116" doraHaiUra="115" who="3" fromWho="1" sc="281,0,140,-26,285,0,274,46" owari="281,-11.9,114,-38.6,285,8.5,320,42.0" /></mjloggm>