<mjloggm ver="2.3"><GO type="225" lobby="0"/><UN n0="%73%75%7A%75%6D%65%33" n1="%E9%89%A2%E5%B7%BB%E3%82%AC%E3%83%96" n2="%4B%2E%32%2E%4B%2E" n3="%E3%82%B8%E3%83%A3%E3%83%9E%E3%83%BC%E3%83%AB%E3%83%9E%E3%83%AC%E3%83%BC" dan="17,16,16,17" rate="2208.60,2043.55,2041.27,2217.84" sx="M,M,M,M"/><TAIKYOKU oya="0"/><INIT seed="0,0,0,1,1,109" ten="250,250,250,250" oya="0" hai0="123,51,60,7,119,87,86,85,124,97,91,98,82" hai1="100,49,69,78,40,112,99,118,66,4,80,70,96" hai2="71,13,103,114,10,37,34,135,15,22,93,122,26" hai3="32,108,116,111,16,8,131,83,38,113,17,11,107"/><T75/><D123/><U65/><E118/><V27/><F37/><W23/><G38/><T72/><D7/><U20/><E69/><V79/><F71/><W42/><G42/><T95/><D51/><U89/><E4/><V33/><F79/><W57/><G107/><T28/><D28/><U125/><E125/><V29/><F103/><W94/><G32/><N who="2" m="12393" /><F93/><W59/><G116/><T58/><D119/><U14/><E89/><V6/><F122/><W133/><G94/><N who="0" m="56543" /><D58/><U117/><E96/><V115/><F135/><W64/><G83/><T67/><D67/><U130/><E80/><V21/><F15/><W63/><G133/><T5/><D5/><U1/><E14/><V47/><F47/><W102/><G23/><T76/><D60/><U101/><E20/><V0/><F0/><W134/><G134/><T129/><D124/><U31/><E1/><V121/><F121/><W128/><G63/><T35/><D35/><U126/><E70/><V56/><F56/><W110/><G110/><T77/><D129/><U12/><E130/><V127/><F127/><W43/><G64/><T46/><D46/><U81/><E66/><V106/><F106/><W120/><G43/><T52/><D52/><U55/><E65/><V90/><F90/><W88/><G120/><T50/><D50/><U36/><E49/><V74/><F74/><N who="0" m="28202" /><D82/><U105/><E126/><V53/><F53/><W9/><G111/><T62/><D62/><U3/><E117/><V24/><F24/><W61/><G108/><T39/><D39/><U92/><E36/><V68/><F68/><W19/><G131/><RYUUKYOKU ba="0,0" sc="250,15,250,-15,250,15,250,-15" hai0="76,77,85,86,87,95,98" hai2="6,10,13,21,22,26,27,29,114,115" /><INIT seed="0,1,0,4,5,36" ten="265,235,265,235" oya="0" hai0="88,110,119,39,54,17,75,99,118,120,98,32,12" hai1="62,124,135,44,129,130,13,76,91,3,40,8,11" hai2="18,78,20,1,86,67,7,50,123,127,89,16,87" hai3="101,61,84,60,26,106,33,108,133,29,23,68,41"/><T77/><D120/><U122/><E122/><V35/><F35/><W90/><G108/><T111/><D32/><U52/><E76/><V64/><F123/><W72/><G72/><T28/><D28/><U128/><E3/><V45/><F127/><W112/><G112/><T121/><D121/><U49/><E124/><V93/><F7/><W79/><G79/><T31/><D31/><U66/><E135/><V10/><F1/><W0/><G0/><T53/><D39/><U100/><E100/><V15/><F86/><W116/><G116/><N who="0" m="44587" /><D77/><U19/><E91/><V22/><F78/><W109/><G23/><T2/><D2/><U74/><E74/><V14/><F10/><W30/><G30/><T5/><D5/><U125/><E125/><V114/><F114/><W4/><G101/><T113/><D113/><U94/><E94/><V102/><F102/><W80/><G106/><T126/><D126/><U38/><E8/><V104/><F104/><W107/><G107/><T56/><D75/><U71/><E38/><V55/><AGARI ba="1,0" hai="14,15,16,18,20,22,45,50,55,64,67,87,89,93" machi="55" ten="20,8000,1" yaku="0,1,7,1,9,1,8,1,54,1" doraHai="36" who="2" fromWho="2" sc="265,-41,235,-21,265,83,235,-21" /><INIT seed="1,0,0,1,4,12" ten="224,214,348,214" oya="1" hai0="105,23,128,36,66,20,118,18,84,71,117,82,108" hai1="47,43,45,69,54,58,19,73,35,8,33,64,124" hai2="130,76,134,44,121,56,52,28,37,106,135,29,122" hai3="60,63,2,88,93,132,61,79,119,16,13,17,3"/><U115/><E115/><V110/><F106/><W15/><G79/><T10/><D105/><U9/><E73/><V131/><F110/><W0/><G132/><N who="2" m="50729" /><F76/><W68/><G119/><T72/><D72/><U34/><E124/><V98/><F98/><W133/><G133/><T42/><D108/><U126/><E126/><V55/><F44/><W96/><G68/><T26/><D71/><U107/><E107/><V38/><F28/><W81/><G81/><T49/><D36/><N who="2" m="13930" /><F55/><W103/><G103/><T70/><D118/><U5/><E47/><V102/><F29/><W80/><G80/><T62/><D117/><U25/><E45/><V116/><F102/><W48/><G48/><T46/><D128/><N who="2" m="49194" /><F116/><W113/><G113/><T51/><D51/><AGARI ba="0,0" hai="51,52,56,121,122" m="49194,13930,50729" machi="51" ten="40,8000,1" yaku="20,1,19,1,34,2,54,1" doraHai="12" who="2" fromWho="0" sc="224,-80,214,0,348,80,214,0" /><INIT seed="2,0,0,2,3,3" ten="144,214,428,214" oya="2" hai0="4,97,81,53,76,121,24,78,84,37,70,131,69" hai1="61,104,35,75,87,7,41,118,62,26,5,88,105" hai2="14,122,17,98,116,80,133,132,85,113,128,28,33" hai3="46,44,112,126,36,19,13,16,59,107,42,40,23"/><V73/><F73/><W95/><G126/><T82/><D37/><U101/><E118/><V21/><F116/><W27/><G112/><T56/><D121/><U72/><E41/><V34/><F122/><W54/><G107/><T29/><D131/><U123/><E35/><V65/><F65/><W111/><G111/><T6/><D97/><U115/><E123/><V129/><F98/><W89/><G42/><T125/><D125/><U86/><E26/><N who="2" m="18583" /><F34/><W48/><G40/><T66/><D66/><U102/><REACH who="1" step="1"/><E88/><REACH who="1" ten="144,204,428,214" step="2"/><N who="2" m="51239" /><F113/><AGARI ba="0,1" hai="5,7,61,62,72,75,86,87,101,102,104,105,113,115" machi="113" ten="25,8000,1" yaku="1,1,22,2,52,2,53,0" doraHai="3" doraHaiUra="60" who="1" fromWho="2" sc="144,0,204,90,428,-80,214,0" /><INIT seed="3,0,0,0,0,124" ten="144,294,348,214" oya="3" hai0="40,62,45,2,56,114,74,44,83,91,35,81,57" hai1="28,52,76,50,5,10,33,125,53,32,80,134,111" hai2="130,25,132,97,48,78,64,31,26,12,94,21,8" hai3="103,34,1,38,101,58,77,116,98,115,121,67,133"/><W4/><G115/><T87/><D114/><U16/><E125/><V71/><F130/><W15/><G1/><T42/><D35/><U7/><E111/><V102/><F132/><W69/><G69/><T59/><D2/><U9/><E134/><V18/><F71/><W122/><G34/><T6/><D6/><U110/><E110/><V0/><F64/><W36/><G133/><T109/><D109/><U46/><E33/><V11/><F78/><W117/><G77/><T123/><D123/><U129/><E32/><V24/><F0/><W72/><G67/><T51/><D74/><U54/><E28/><V118/><F118/><W82/><G82/><T85/><D62/><U104/><E104/><V39/><F39/><W41/><G58/><T106/><D106/><U90/><E129/><V135/><F135/><W61/><G98/><T43/><REACH who="0" step="1"/><D51/><REACH who="0" ten="134,294,348,214" step="2"/><U93/><E5/><V27/><F48/><W55/><G4/><T95/><D95/><U13/><E7/><V79/><F94/><W100/><G61/><T89/><AGARI ba="0,1" hai="40,42,43,44,45,56,57,59,81,83,85,87,89,91" machi="89" ten="30,7900,0" yaku="1,1,0,1,9,1,8,1,53,0" doraHai="124" doraHaiUra="120" who="0" fromWho="0" sc="134,89,294,-20,348,-20,214,-39" owari="223,-17.7,274,7.4,328,42.8,175,-32.5" /></mjloggm>