<mjloggm ver="2.3"><GO type="225" lobby="0"/><UN n0="%28%EF%BF%A3%E2%96%BD%EF%BF%A3%29%CE%B4%E2%8C%92%E3%83%BB" n1="%E5%AE%AE%E4%BF%9D%E9%B6%8F%E8%82%89" n2="%E6%A1%9C%E8%8A%B1%E9%96%83%E3%80%85" n3="%72%65%6E%6B%75%6E" dan="16,16,17,17" rate="2109.99,2135.84,2131.71,2312.01" sx="M,M,M,M"/><TAIKYOKU oya="0"/><INIT seed="0,0,0,2,4,72" ten="250,250,250,250" oya="0" hai0="70,121,51,0,108,10,48,12,66,103,16,123,52" hai1="99,46,22,62,75,23,76,1,89,87,25,60,64" hai2="126,122,94,133,32,13,17,4,35,79,135,130,5" hai3="109,37,41,111,120,119,69,45,85,118,86,128,44"/><T56/><D108/><N who="3" m="41545" /><G69/><T36/><D36/><U59/><E1/><V100/><F100/><W55/><G128/><T96/><D0/><U115/><E115/><V83/><F94/><W106/><G106/><T21/><D51/><U93/><E75/><V33/><F122/><W102/><G102/><T77/><D77/><U107/><E107/><V2/><F2/><W125/><G120/><T30/><D30/><U132/><E132/><N who="2" m="50763" /><F130/><W78/><G125/><T34/><D34/><N who="2" m="8706" /><V20/><DORA hai="73" /><F126/><W42/><G55/><T11/><D123/><U63/><E46/><N who="3" m="18026" /><G37/><T15/><D121/><U81/><E22/><V6/><F6/><W19/><G19/><AGARI ba="0,0" hai="19,23,25,59,60,62,63,64,76,81,87,89,93,99" machi="19" ten="30,7700,0" yaku="7,1,8,1,52,2" doraHai="72,73" who="1" fromWho="3" sc="250,0,250,77,250,0,250,-77" /><INIT seed="1,0,0,1,1,88" ten="250,327,250,173" oya="1" hai0="97,119,56,110,27,125,120,80,123,2,83,8,109" hai1="127,37,74,4,23,58,41,72,63,46,96,104,32" hai2="115,40,75,84,30,29,134,20,24,55,135,100,16" hai3="103,87,59,9,51,11,86,133,106,98,48,45,95"/><U3/><E127/><V60/><F75/><W128/><G133/><N who="2" m="50697" /><F115/><W62/><G128/><T91/><D125/><U112/><E112/><V21/><F40/><W6/><G106/><T101/><D119/><U39/><E32/><V111/><F111/><N who="0" m="42506" /><D91/><U10/><E39/><V14/><F100/><W116/><G116/><T85/><D85/><U130/><E130/><V47/><F84/><N who="3" m="32299" /><G6/><N who="0" m="1111" /><D56/><U53/><E104/><V69/><F47/><W126/><G126/><T108/><N who="0" m="42514" /><T13/><DORA hai="89" /><D13/><U76/><E76/><V129/><F129/><W121/><G121/><N who="0" m="46667" /><D27/><U18/><E96/><V44/><F44/><W17/><G17/><T66/><D66/><U70/><E70/><V0/><F0/><W131/><G131/><T19/><D19/><U33/><E33/><V132/><F132/><W93/><G98/><T25/><D25/><AGARI ba="0,0" hai="3,4,10,18,23,25,37,41,46,53,58,63,72,74" machi="25" ten="30,1500,0" yaku="7,1" doraHai="88,89" who="1" fromWho="0" sc="250,-15,327,15,250,0,173,0" /><INIT seed="1,1,0,3,5,55" ten="235,342,250,173" oya="1" hai0="116,77,67,14,29,35,115,101,9,91,131,87,119" hai1="24,112,105,5,121,113,81,97,72,103,100,88,15" hai2="31,49,132,135,45,19,30,133,117,54,32,114,56" hai3="128,129,58,83,8,99,6,27,62,51,16,104,18"/><U53/><E121/><V94/><F117/><W82/><G51/><T66/><D115/><U73/><E24/><V33/><F114/><N who="1" m="44137" /><E53/><V47/><F19/><N who="3" m="7211" /><G104/><T118/><D77/><U70/><E15/><V13/><F13/><N who="3" m="5271" /><G99/><T85/><D101/><N who="1" m="62639" /><E5/><V134/><N who="2" m="33792" /><DORA hai="60" /><V90/><F31/><W59/><G27/><T111/><D118/><U109/><E70/><V25/><REACH who="2" step="1"/><F33/><REACH who="2" ten="235,342,240,173" step="2"/><W52/><G59/><T3/><D116/><U46/><E46/><V69/><F69/><W71/><G71/><T108/><D35/><U40/><E109/><V98/><AGARI ba="1,1" hai="25,30,32,45,47,49,54,56,90,94,98" m="33792" machi="98" ten="60,8000,1" yaku="1,1,0,1,20,1,52,1,53,1" doraHai="55,60" doraHaiUra="84,124" who="2" fromWho="2" sc="235,-21,342,-41,240,93,173,-21" /><INIT seed="2,0,0,4,2,35" ten="214,301,333,152" oya="2" hai0="89,36,114,129,118,132,19,20,66,34,94,42,92" hai1="28,0,124,53,133,18,130,38,49,7,21,76,54" hai2="67,113,31,58,91,74,57,62,4,122,41,100,40" hai3="119,2,44,23,12,63,1,85,93,104,99,80,30"/><V88/><F113/><W22/><G104/><T10/><D34/><U86/><E38/><V109/><F122/><W50/><G119/><T83/><D114/><U117/><E117/><V59/><F74/><W6/><G63/><T29/><D129/><U81/><E130/><V127/><F127/><W65/><G65/><T131/><D132/><U56/><E133/><V107/><F31/><W101/><G30/><T48/><D36/><U27/><E124/><V125/><F125/><W95/><G95/><T75/><D66/><U11/><REACH who="1" step="1"/><E53/><REACH who="1" ten="214,291,333,152" step="2"/><V87/><F109/><W77/><G23/><T24/><D131/><U123/><E123/><V126/><F126/><W98/><G98/><T3/><D118/><U52/><E52/><V43/><F4/><W135/><G135/><T32/><D20/><U61/><E61/><V105/><F62/><W37/><G37/><T9/><D32/><U68/><E68/><V90/><F67/><W82/><G82/><T25/><D83/><U46/><E46/><V73/><F59/><W84/><G84/><T108/><D108/><U79/><E79/><V72/><F87/><W17/><REACH who="3" step="1"/><G6/><REACH who="3" ten="214,291,333,142" step="2"/><N who="0" m="1247" /><D75/><U5/><E5/><V112/><F73/><W33/><G33/><T128/><D128/><U8/><E8/><V121/><F72/><W16/><G16/><AGARI ba="0,2" hai="0,7,11,16,18,21,27,28,49,54,56,76,81,86" machi="16" ten="40,5200,0" yaku="1,1,52,1,54,1,53,0" doraHai="35" doraHaiUra="115" who="1" fromWho="3" sc="214,0,291,72,333,0,142,-52" /><INIT seed="3,0,0,5,3,112" ten="214,363,333,90" oya="3" hai0="125,8,75,96,131,1,21,110,34,46,6,18,114" hai1="60,41,70,9,64,108,120,62,49,32,129,38,102" hai2="95,23,72,59,27,97,99,119,69,77,115,100,28" hai3="107,106,57,19,66,73,121,103,17,2,42,85,92"/><W14/><G73/><T84/><D75/><U65/><E120/><V126/><F115/><W33/><G2/><T45/><D34/><U50/><E32/><V54/><F126/><W128/><G33/><T83/><D114/><U3/><E102/><V81/><F69/><W30/><G121/><T82/><D125/><U127/><E9/><V56/><F119/><W117/><G30/><T36/><D131/><U4/><E4/><V68/><F68/><W52/><G117/><T48/><D110/><U39/><E3/><V94/><REACH who="2" step="1"/><F54/><REACH who="2" ten="214,363,323,90" step="2"/><W133/><G128/><T113/><D113/><U15/><E129/><V89/><AGARI ba="0,1" hai="23,27,28,56,59,72,77,81,89,94,95,97,99,100" machi="89" ten="20,5200,0" yaku="1,1,2,1,0,1,7,1,53,0" doraHai="112" doraHaiUra="111" who="2" fromWho="2" sc="214,-13,363,-13,323,62,90,-26" owari="201,-19.9,350,15.0,385,48.5,64,-43.6" /></mjloggm>