<mjloggm ver="2.3"><GO type="225" lobby="0"/><UN n0="%E5%84%AA%40%41%42%43" n1="%73%69%72%6F%75%74" n2="%E2%91%A3%E9%81%BF%E9%81%8A%E6%88%AF%E3%80%90%E6%9D%B1%E5%8D%97%E3%80%91" n3="%E3%81%8C%E3%81%98%E3%82%8D%E3%83%BC" dan="17,16,16,16" rate="2221.23,2032.73,2136.16,2122.79" sx="M,M,M,M"/><TAIKYOKU oya="0"/><INIT seed="0,0,0,1,2,41" ten="250,250,250,250" oya="0" hai0="93,77,19,60,84,74,120,81,103,100,33,58,43" hai1="112,83,7,38,115,109,12,134,99,104,111,126,89" hai2="45,22,133,122,31,95,62,40,110,63,14,78,20" hai3="34,28,67,35,113,26,130,129,75,2,73,24,15"/><T44/><D120/><U68/><E68/><V90/><F122/><W9/><G67/><T32/><D100/><N who="1" m="62495" /><E7/><V53/><F78/><W72/><G2/><T5/><D5/><U127/><E12/><V17/><F133/><W27/><G113/><N who="1" m="43594" /><E38/><V65/><F53/><W125/><G125/><N who="1" m="47626" /><E134/><V116/><F116/><W56/><G56/><T118/><D118/><U124/><N who="1" m="47634" /><U0/><DORA hai="49" /><E0/><V47/><F40/><W48/><G48/><T51/><D19/><U66/><E66/><V6/><F6/><W37/><G37/><T69/><D69/><U128/><E128/><N who="3" m="49258" /><G28/><T46/><D46/><N who="2" m="17418" /><F65/><W23/><G23/><N who="2" m="8745" /><F31/><W80/><G35/><T92/><D32/><U52/><E52/><V54/><F54/><W76/><G34/><T8/><D33/><U94/><E83/><V39/><F39/><W4/><AGARI ba="0,0" hai="4,9,15,24,26,27,72,73,75,76,80" m="49258" machi="4" ten="30,1100,0" yaku="19,1" doraHai="41,49" who="3" fromWho="3" sc="250,-5,250,-3,250,-3,250,11" /><INIT seed="1,0,0,4,4,47" ten="245,247,247,261" oya="1" hai0="75,55,21,25,77,79,42,14,105,44,54,26,45" hai1="78,129,82,132,46,34,117,38,103,99,9,116,74" hai2="8,40,73,87,118,111,120,41,88,131,100,5,20" hai3="98,135,31,67,123,7,94,121,107,0,72,17,60"/><U97/><E129/><V36/><F131/><W39/><G135/><T96/><D105/><U18/><E132/><V59/><F73/><W1/><G39/><T51/><D75/><U89/><E34/><V6/><F120/><W85/><G72/><T112/><D112/><U53/><E18/><V109/><F118/><W61/><G31/><T4/><D96/><U92/><E9/><V2/><F100/><W13/><G85/><T56/><D44/><U48/><REACH who="1" step="1"/><E38/><REACH who="1" ten="245,237,247,261" step="2"/><V62/><F36/><W101/><G123/><T128/><D128/><U106/><AGARI ba="0,1" hai="46,48,53,74,78,82,89,92,97,99,103,106,116,117" machi="106" ten="20,12000,1" yaku="1,1,2,1,0,1,7,1,52,1,53,0" doraHai="47" doraHaiUra="69" who="1" fromWho="1" sc="245,-40,237,130,247,-40,261,-40" /><INIT seed="1,1,0,0,0,96" ten="205,367,207,221" oya="1" hai0="106,134,9,132,77,60,72,91,76,53,64,70,100" hai1="101,93,42,105,33,20,10,27,29,73,51,61,36" hai2="19,16,4,123,32,5,85,34,121,113,68,43,13" hai3="7,57,65,74,112,79,12,28,131,18,41,50,21"/><U83/><E36/><V25/><F68/><W38/><G112/><T2/><D91/><U0/><E42/><V89/><F43/><W26/><G131/><T24/><D53/><U62/><E93/><V86/><F113/><W99/><G7/><T110/><D110/><U39/><E39/><V128/><F128/><W129/><G129/><T30/><D9/><U56/><E51/><V111/><F89/><W133/><G133/><N who="0" m="51307" /><D2/><U95/><E62/><V115/><F115/><W81/><G99/><N who="0" m="61727" /><D72/><U116/><E105/><V104/><F104/><W102/><G102/><T103/><D103/><U8/><E0/><V44/><F44/><W84/><G74/><T3/><D3/><U23/><E73/><V122/><F111/><W125/><G41/><T88/><D88/><U35/><E83/><V31/><F85/><W48/><G84/><T92/><D92/><U119/><E8/><N who="2" m="6183" /><F86/><W120/><G81/><T75/><D75/><U37/><E95/><V118/><F34/><AGARI ba="1,0" hai="24,30,34,60,64,70,76,77" m="61727,51307" machi="34" ten="30,3900,0" yaku="25,1,20,1,52,1" doraHai="96" who="0" fromWho="2" sc="205,42,367,0,207,-42,221,0" /><INIT seed="2,0,0,0,2,99" ten="247,367,165,221" oya="2" hai0="72,39,130,3,58,40,98,83,29,12,66,111,5" hai1="74,22,64,1,92,44,35,8,38,135,53,81,104" hai2="21,67,23,30,43,94,17,60,36,97,123,57,31" hai3="127,56,110,11,89,79,101,88,73,51,85,28,91"/><V77/><F123/><W4/><G110/><T121/><D121/><U13/><E104/><V18/><F77/><W128/><G128/><T37/><D130/><U2/><E35/><V100/><F36/><W133/><G133/><T124/><D111/><U126/><E22/><V115/><F43/><W112/><G73/><T70/><D124/><U34/><E34/><V71/><F71/><W65/><G127/><T90/><D29/><U26/><E26/><V20/><F115/><W68/><G68/><T19/><D70/><U47/><E64/><V25/><F23/><W45/><G28/><T7/><D3/><U107/><E107/><V103/><F103/><W106/><G112/><T78/><D39/><U49/><E135/><V27/><AGARI ba="0,0" hai="17,18,20,21,25,27,30,31,57,60,67,94,97,100" machi="27" ten="30,18000,2" yaku="0,1,9,1,25,2,8,1,52,1" doraHai="99" who="2" fromWho="2" sc="247,-60,367,-60,165,180,221,-60" /><INIT seed="2,1,0,4,2,89" ten="187,307,345,161" oya="2" hai0="88,9,5,43,115,11,14,12,23,59,87,7,105" hai1="16,70,73,18,108,72,111,56,126,79,15,124,39" hai2="22,103,13,65,101,2,80,32,91,74,19,122,110" hai3="52,57,94,100,109,20,85,62,50,3,129,53,1"/><V99/><F122/><W93/><G109/><N who="1" m="42058" /><E39/><V125/><F110/><W86/><G129/><T69/><D115/><U98/><E70/><V41/><F32/><W55/><G1/><T130/><D130/><U118/><E118/><V67/><F2/><W21/><G3/><T25/><D69/><U134/><E134/><V68/><F41/><W95/><G100/><T24/><D105/><U120/><E120/><V82/><F68/><W60/><G60/><T47/><D59/><U133/><E133/><V66/><F74/><N who="1" m="28777" /><E79/><V117/><F117/><W8/><G8/><T71/><D71/><U131/><E131/><V61/><F61/><W6/><G6/><T37/><REACH who="0" step="1"/><D23/><REACH who="0" ten="177,307,345,161" step="2"/><N who="3" m="8777" /><G53/><T116/><D116/><U46/><E56/><AGARI ba="1,1" hai="50,52,55,56,57,62,85,86,93,94,95" m="8777" machi="56" ten="30,8000,1" yaku="8,1,52,3,54,1" doraHai="89" who="3" fromWho="1" sc="177,0,307,-83,345,0,161,93" /><INIT seed="3,0,0,1,4,16" ten="177,224,345,254" oya="3" hai0="87,121,36,133,58,77,62,105,54,88,129,38,114" hai1="20,100,52,107,6,7,123,15,3,98,128,93,94" hai2="33,56,102,103,10,35,111,14,68,106,131,73,78" hai3="92,104,91,120,127,124,51,99,59,9,119,110,18"/><W72/><G120/><T61/><D105/><U55/><E123/><V79/><F68/><W22/><G119/><T46/><D121/><U50/><E128/><V82/><F131/><W70/><G70/><T85/><D129/><U115/><E115/><V2/><F79/><W101/><G72/><T47/><D77/><U39/><E39/><V67/><F2/><W40/><G9/><T117/><D117/><U8/><E55/><V109/><F56/><W97/><G110/><N who="2" m="41993" /><F67/><W24/><REACH who="3" step="1"/><G59/><REACH who="3" ten="177,224,345,244" step="2"/><T30/><D114/><U95/><E8/><V132/><F132/><W57/><G57/><T76/><D133/><U4/><E3/><V66/><F66/><W23/><G23/><T27/><D62/><U134/><E134/><V74/><F73/><W113/><G113/><T21/><D36/><U17/><E107/><V135/><F135/><W118/><G118/><T25/><D38/><U31/><E4/><N who="2" m="3399" /><F106/><W65/><G65/><T60/><D60/><U43/><E6/><V5/><F5/><W83/><G83/><N who="0" m="47335" /><D27/><U48/><E7/><V81/><F81/><AGARI ba="0,1" hai="21,25,30,46,47,54,58,61,81,87,88" m="47335" machi="81" ten="30,3900,0" yaku="8,1,52,1,54,1" doraHai="16" who="0" fromWho="2" sc="177,49,224,0,345,-39,244,0" owari="226,-17.4,224,-27.6,306,40.6,244,4.4" /></mjloggm>