<mjloggm ver="2.3"><GO type="225" lobby="0"/><UN n0="%E8%80%81%E6%A5%BD" n1="%E5%B0%8F%37%34" n2="%E3%83%97%E3%83%AC%E3%83%B4%E3%82%A1%E3%83%86%E3%82%A3" n3="%6B%75%7A%75%6E" dan="16,16,16,17" rate="2107.53,2163.82,2123.61,2183.46" sx="M,M,F,M"/><TAIKYOKU oya="0"/><INIT seed="0,0,0,4,1,24" ten="250,250,250,250" oya="0" hai0="135,86,119,1,29,123,21,41,60,31,0,115,69" hai1="63,106,47,132,9,116,28,18,8,88,79,110,65" hai2="35,7,73,48,58,20,70,56,6,40,30,52,133" hai3="134,75,103,84,54,2,77,19,95,51,25,122,112"/><T124/><D41/><U97/><E116/><V127/><F73/><W71/><G112/><T101/><D101/><U96/><E79/><V16/><F70/><W59/><G2/><N who="0" m="1131" /><D86/><U114/><E110/><V26/><F127/><W113/><G71/><T76/><D76/><U68/><E132/><V10/><F133/><W87/><G113/><T72/><D60/><U61/><E114/><V128/><F128/><W131/><G131/><T74/><D69/><U64/><E47/><V3/><F7/><W17/><G122/><T12/><D115/><U36/><E36/><V100/><F100/><W42/><G42/><T27/><D135/><U120/><E120/><V45/><F40/><W62/><G62/><T50/><D50/><U85/><E106/><V46/><F46/><W126/><G126/><T11/><D124/><U92/><E28/><N who="0" m="10825" /><D123/><U118/><E118/><V104/><F104/><W130/><G75/><T105/><D105/><U66/><E68/><V67/><F67/><W111/><G103/><T109/><D119/><U38/><E38/><V125/><F125/><W39/><G39/><T22/><D109/><U15/><E61/><V4/><F4/><W94/><G111/><T43/><D43/><U102/><E63/><V49/><F49/><W13/><G51/><T108/><D108/><U89/><E97/><V14/><AGARI ba="0,0" hai="3,6,10,14,16,20,26,30,35,45,48,52,56,58" machi="14" ten="20,12000,2" yaku="0,1,7,1,24,2,52,1,54,2" doraHai="24" who="2" fromWho="2" sc="250,-60,250,-30,250,120,250,-30" /><INIT seed="1,0,0,2,5,92" ten="190,220,370,220" oya="1" hai0="16,36,123,132,42,35,73,56,67,65,114,25,3" hai1="116,97,40,62,23,60,4,100,68,78,102,91,88" hai2="11,129,104,85,71,128,43,134,76,80,101,59,12" hai3="37,41,61,17,44,86,28,79,13,58,125,8,57"/><U30/><E116/><V63/><F71/><W107/><G125/><T32/><D114/><U66/><E78/><V112/><F112/><W133/><G133/><T31/><D73/><U24/><E40/><V89/><F134/><W131/><G131/><N who="2" m="50249" /><F43/><W0/><G107/><T75/><D75/><U39/><E39/><V48/><F48/><W120/><G120/><T119/><D119/><U74/><E74/><V124/><F124/><W19/><G0/><T5/><D132/><U34/><E102/><V83/><F101/><W6/><G28/><T77/><D77/><U109/><E109/><V127/><F127/><W21/><G57/><T110/><D110/><U29/><E4/><N who="2" m="3175" /><F104/><W126/><G126/><T52/><D123/><U45/><E45/><V53/><F76/><W14/><G6/><T81/><D42/><U26/><E60/><V111/><F111/><W33/><G33/><T95/><D35/><U10/><REACH who="1" step="1"/><E10/><REACH who="1" ten="190,210,370,220" step="2"/><V117/><F117/><W1/><G37/><T87/><D36/><U98/><E98/><V7/><F7/><W49/><G44/><T46/><D46/><U72/><E72/><V2/><F2/><W115/><G1/><T113/><D3/><U108/><E108/><V38/><F38/><W51/><G115/><T20/><D113/><U82/><E82/><AGARI ba="0,1" hai="53,59,63,80,82,83,85,89" m="3175,50249" machi="82" ten="30,1000,0" yaku="19,1" doraHai="92" who="2" fromWho="1" sc="190,0,210,-10,370,20,220,0" /><INIT seed="2,0,0,4,2,119" ten="190,200,390,220" oya="2" hai0="73,28,88,124,134,71,24,6,93,32,100,66,79" hai1="44,74,51,117,123,58,62,118,129,33,86,57,48" hai2="75,34,108,52,8,102,130,41,39,16,0,77,53" hai3="72,135,96,133,95,98,46,78,82,125,80,101,4"/><V132/><F34/><W85/><G4/><T15/><D124/><U38/><E74/><V40/><F132/><N who="3" m="50763" /><G46/><T128/><D134/><U1/><E33/><V17/><F130/><W127/><G96/><T89/><D128/><U35/><E35/><V64/><F64/><W29/><G29/><T67/><D100/><U63/><E1/><V115/><F115/><W113/><G113/><T11/><D71/><U126/><E86/><V13/><F102/><W59/><G59/><T68/><D68/><U83/><E83/><V21/><F108/><W18/><G18/><N who="2" m="7273" /><F0/><W111/><G111/><T61/><D61/><U2/><E2/><V84/><F75/><W42/><G42/><N who="2" m="16489" /><F21/><W69/><G69/><T76/><D89/><AGARI ba="0,0" hai="72,78,80,82,85,89,95,98,101,125,127" m="50763" machi="89" ten="30,3900,0" yaku="20,1,34,2" doraHai="119" who="3" fromWho="0" sc="190,-39,200,0,390,0,220,39" /><INIT seed="3,0,0,4,4,96" ten="151,200,390,259" oya="3" hai0="35,94,125,88,74,130,48,103,24,37,47,101,49" hai1="16,81,71,42,73,45,105,123,63,57,129,32,92" hai2="121,132,51,118,7,4,95,77,23,112,133,33,104" hai3="30,8,82,62,87,75,119,134,43,127,14,99,65"/><W44/><G119/><T93/><D74/><U41/><E123/><V28/><F118/><W124/><G75/><T102/><D125/><U100/><E32/><V9/><F104/><W59/><G30/><T115/><D130/><U39/><E71/><V108/><F77/><W91/><G134/><N who="2" m="51817" /><F121/><W21/><G21/><T10/><D115/><U69/><E69/><V89/><F112/><W68/><G68/><T5/><D37/><U70/><E70/><V25/><F108/><W3/><G3/><T11/><D35/><U90/><E129/><V29/><F51/><W67/><G67/><T60/><D24/><U46/><E105/><V86/><F9/><N who="0" m="3082" /><D5/><N who="2" m="2122" /><F33/><W19/><REACH who="3" step="1"/><G99/><REACH who="3" ten="151,200,390,249" step="2"/><N who="0" m="59631" /><D60/><U27/><E63/><V72/><F72/><W80/><G80/><T1/><D1/><U98/><E73/><V126/><F126/><W84/><G84/><N who="0" m="52487" /><D48/><AGARI ba="0,1" hai="8,14,19,43,44,48,59,62,65,82,87,91,124,127" machi="48" ten="40,2000,0" yaku="1,1,53,0" doraHai="96" doraHaiUra="64" who="3" fromWho="0" sc="151,-20,200,0,390,0,249,30" /><INIT seed="3,1,0,4,4,132" ten="131,200,390,279" oya="3" hai0="106,10,9,64,123,95,90,81,125,114,13,12,88" hai1="39,86,79,71,99,118,26,84,20,68,1,98,73" hai2="103,110,8,100,52,41,128,108,127,43,56,61,129" hai3="3,45,131,17,51,120,59,44,35,28,130,23,119"/><W49/><G119/><T5/><D123/><U11/><E118/><V78/><F78/><W89/><G3/><T82/><D106/><U133/><E39/><V34/><F34/><W96/><G35/><T42/><D114/><U77/><E133/><V116/><F116/><W58/><G28/><T29/><D29/><U122/><E122/><V74/><F74/><W63/><G120/><T69/><D42/><N who="2" m="15882" /><F8/><W30/><G30/><T18/><D125/><U22/><E26/><V101/><F127/><W6/><G63/><T135/><D135/><U33/><E11/><V62/><F62/><W112/><G112/><T48/><D69/><U36/><E33/><V46/><F46/><W7/><G23/><T107/><D107/><U14/><E36/><V4/><F4/><W70/><G7/><T16/><D64/><U27/><E14/><V97/><F97/><W126/><G96/><T93/><D48/><U37/><E37/><V60/><F60/><W38/><G6/><AGARI ba="1,0" hai="5,6,9,10,12,13,16,18,81,82,88,90,93,95" machi="6" ten="25,8000,1" yaku="22,2,8,1,54,2" doraHai="132" who="0" fromWho="3" sc="131,83,200,0,390,0,279,-83" owari="214,1.4,200,-20.0,390,49.0,196,-30.4" /></mjloggm>