<mjloggm ver="2.3"><GO type="225" lobby="0"/><UN n0="%E6%B8%A9%E2%98%85%E6%83%85%E2%98%85%E6%8E%AA%E2%98%85%E7%BD%AE" n1="%E4%BA%BA%E9%96%93%E3%83%81%E3%83%A3%E3%83%BC%E3%83%8F%E3%83%B3" n2="%33%74%72%65%65" n3="%EF%BC%B3%E3%81%9E%E3%81%88%E2%98%86" dan="18,16,16,16" rate="2211.75,2114.05,2139.05,2090.57" sx="M,M,F,F"/><TAIKYOKU oya="0"/><INIT seed="0,0,0,1,0,17" ten="250,250,250,250" oya="0" hai0="8,111,104,89,121,99,44,72,20,33,53,135,98" hai1="82,129,50,65,25,103,96,84,107,101,54,71,41" hai2="81,132,91,80,19,126,46,122,43,58,3,97,90" hai3="119,38,59,62,88,115,0,77,124,31,11,45,22"/><T125/><D121/><U123/><E129/><V83/><F122/><W73/><G119/><T36/><D33/><U56/><E123/><V127/><F3/><W66/><G115/><T130/><D72/><U75/><E41/><V48/><F132/><W30/><G124/><N who="2" m="47657" /><F97/><W24/><G31/><T35/><D35/><U1/><E1/><V131/><F131/><W94/><G38/><T61/><D36/><U120/><E120/><V23/><F58/><W109/><G109/><T32/><D32/><U15/><E101/><V128/><F128/><W7/><G77/><T79/><D79/><U16/><E75/><V51/><F48/><W116/><G73/><T40/><D99/><U29/><E65/><V106/><F106/><W102/><G116/><T55/><D104/><U39/><E71/><V100/><F100/><W95/><G102/><T92/><D98/><U134/><E39/><V57/><F57/><W2/><G2/><T63/><D130/><U118/><E134/><V68/><F68/><W52/><REACH who="3" step="1"/><G88/><REACH who="3" ten="250,250,250,240" step="2"/><N who="2" m="33833" /><F83/><W86/><G86/><T85/><D85/><U105/><E118/><V13/><AGARI ba="0,1" hai="13,19,23,43,46,51,80,81" m="33833,47657" machi="13" ten="30,4000,0" yaku="18,1,52,1,54,1" doraHai="17" who="2" fromWho="2" sc="250,-20,250,-10,250,50,240,-10" /><INIT seed="1,0,0,0,4,85" ten="230,240,300,230" oya="1" hai0="53,111,66,110,4,77,97,46,58,3,70,29,48" hai1="133,56,78,124,50,131,80,20,22,105,34,37,21" hai2="2,115,13,69,60,11,98,49,65,89,123,117,27" hai3="47,108,75,26,120,51,8,87,45,91,101,52,126"/><U23/><E37/><V39/><F39/><W128/><G120/><T35/><D77/><U32/><E105/><V113/><F123/><W129/><G75/><T17/><D70/><U14/><E124/><V104/><F117/><W24/><G126/><T81/><D81/><U86/><E131/><N who="3" m="50250" /><G108/><N who="0" m="41515" /><D17/><U7/><N who="1" m="5120" /><DORA hai="57" /><U59/><E133/><V125/><F27/><N who="3" m="10283" /><G8/><N who="0" m="2079" /><D29/><U38/><E38/><V72/><F72/><W55/><G101/><T99/><D35/><U73/><E73/><V31/><F31/><W90/><G87/><T54/><D66/><U122/><E122/><V67/><F65/><W103/><G103/><T132/><D132/><U114/><E114/><V19/><F125/><W0/><G0/><T33/><D33/><U127/><E127/><V94/><F2/><W93/><G93/><T68/><D68/><U106/><E106/><V134/><F134/><W61/><G61/><AGARI ba="0,0" hai="46,48,53,54,58,61,97,99" m="2079,41515" machi="61" ten="30,2000,0" yaku="14,1,52,1" doraHai="85,57" who="0" fromWho="3" sc="230,20,240,0,300,0,230,-20" /><INIT seed="2,0,0,1,3,102" ten="250,240,300,210" oya="2" hai0="91,41,52,101,111,70,26,1,85,43,74,35,25" hai1="98,131,123,63,68,51,97,79,57,42,61,17,56" hai2="103,6,31,29,0,112,64,80,14,134,75,93,124" hai3="135,72,4,69,130,33,82,22,44,13,3,53,8"/><V116/><F112/><W49/><G135/><T18/><D74/><U19/><E68/><V90/><F116/><W28/><G130/><T128/><D1/><U71/><E71/><V32/><F0/><W89/><G69/><T58/><D70/><U66/><E131/><V84/><F134/><W23/><G72/><T62/><D128/><U110/><E110/><V122/><F122/><W92/><G82/><T106/><D111/><U60/><E79/><V24/><F31/><W119/><G119/><T30/><D25/><U113/><E113/><V20/><F124/><W109/><G109/><T83/><REACH who="0" step="1"/><D18/><REACH who="0" ten="240,240,300,210" step="2"/><U104/><E123/><V38/><F24/><W125/><G125/><T86/><D86/><U2/><E2/><V99/><F84/><W126/><G126/><T36/><D36/><U47/><E17/><V40/><F38/><W77/><G33/><T133/><D133/><U88/><E19/><V105/><F32/><W115/><G115/><T129/><D129/><U46/><E66/><V7/><F64/><W87/><G28/><T5/><D5/><U34/><E34/><V114/><F29/><W50/><G3/><T65/><D65/><U12/><E12/><V132/><F132/><W73/><G73/><T37/><D37/><U117/><E117/><V95/><F114/><W59/><REACH who="3" step="1"/><G77/><REACH who="3" ten="240,240,300,200" step="2"/><T16/><D16/><U94/><E47/><V10/><F75/><W118/><G118/><T100/><D100/><N who="1" m="62479" /><E46/><V81/><F103/><W48/><G48/><T39/><D39/><U27/><E27/><V76/><F76/><W9/><G9/><T107/><D107/><RYUUKYOKU ba="0,2" sc="240,10,240,10,300,-30,200,10" hai0="26,30,35,41,43,52,58,62,83,85,91,101,106" hai1="42,51,56,57,60,61,63,88,94,98" hai3="4,8,13,22,23,44,49,50,53,59,87,89,92" /><INIT seed="3,1,2,5,5,73" ten="250,250,270,210" oya="3" hai0="133,97,11,80,34,76,32,26,7,23,62,56,39" hai1="121,83,118,14,50,90,15,112,93,71,105,8,37" hai2="46,29,74,125,123,96,75,20,63,5,116,66,127" hai3="67,68,24,72,38,31,45,100,49,43,2,124,54"/><W120/><G120/><T48/><D39/><U111/><E121/><V85/><F123/><W107/><G124/><N who="2" m="47689" /><F116/><W88/><G72/><T134/><D48/><U21/><E37/><V41/><F5/><W9/><G2/><N who="0" m="503" /><D97/><U28/><E71/><N who="2" m="42463" /><F85/><W44/><G100/><T25/><D76/><U35/><E112/><V61/><F61/><W53/><G107/><T128/><D80/><U135/><E105/><V13/><F96/><W89/><G9/><T115/><D128/><U130/><E8/><V132/><F132/><W0/><G0/><T6/><D6/><U129/><E135/><V17/><F29/><W102/><G102/><T70/><D62/><U10/><E10/><V117/><F117/><W108/><G68/><T126/><D70/><U58/><E129/><V101/><F101/><W103/><G103/><T3/><D126/><U109/><E118/><V81/><F81/><W59/><G67/><T4/><D134/><U87/><E83/><V55/><F55/><W33/><REACH who="3" step="1"/><G108/><REACH who="3" ten="250,250,270,200" step="2"/><T52/><D133/><U86/><E111/><V99/><F74/><W27/><G27/><T84/><D26/><N who="1" m="16463" /><E109/><V57/><F75/><W12/><G12/><T40/><D3/><U69/><E130/><V16/><F13/><W106/><G106/><T82/><D25/><U47/><E69/><V94/><F20/><W78/><G78/><N who="0" m="46167" /><D23/><U79/><E15/><V110/><F110/><W92/><G92/><T18/><D34/><U113/><E35/><V19/><F94/><W36/><G36/><T51/><D32/><U104/><E14/><V77/><F77/><W131/><G131/><RYUUKYOKU ba="1,3" sc="250,-10,250,-10,270,-10,200,30" hai3="24,31,33,38,43,44,45,49,53,54,59,88,89" /><INIT seed="3,2,3,5,2,89" ten="240,240,260,230" oya="3" hai0="11,83,131,28,47,58,87,62,132,60,57,13,12" hai1="113,15,63,74,88,43,45,101,34,71,94,26,46" hai2="10,110,128,1,5,104,69,119,81,103,77,66,41" hai3="6,52,21,59,97,129,48,72,100,75,68,19,70"/><W9/><G129/><T76/><D132/><U98/><E113/><V39/><F128/><W56/><G70/><T106/><D106/><N who="1" m="63799" /><E15/><N who="0" m="5705" /><D131/><U42/><E46/><N who="2" m="23871" /><F119/><W114/><G68/><T117/><D117/><U125/><E45/><V124/><F110/><W86/><G114/><T61/><D28/><N who="1" m="19735" /><E74/><N who="2" m="43191" /><F124/><W96/><G86/><T116/><D116/><U49/><E49/><V112/><F112/><W134/><G134/><T79/><D11/><U29/><E29/><V123/><F123/><W2/><G59/><N who="0" m="22539" /><D47/><U93/><E125/><V3/><F3/><W127/><G127/><T36/><D36/><U7/><E7/><V115/><F115/><W16/><G19/><T82/><D82/><U33/><E33/><V20/><F69/><W85/><G85/><T107/><D107/><U109/><E109/><V64/><F20/><W51/><G51/><T0/><D0/><U25/><E25/><V92/><F104/><W95/><G97/><AGARI ba="2,3" hai="1,5,10,64,66,92,97,103" m="43191,23871" machi="97" ten="30,2000,0" yaku="25,1,52,1" doraHai="89" who="2" fromWho="3" sc="240,0,240,0,260,56,230,-26" owari="240,4.0,240,-16.0,316,41.6,204,-29.6" /></mjloggm>