<mjloggm ver="2.3"><GO type="225" lobby="0"/><UN n0="%E3%81%A9%E3%82%8F%E3%82%93%E3%81%94" n1="%65%6B%61%72%75%74%65" n2="%E5%AF%82%E5%AF%9E%E3%82%AE%E3%83%8D%E3%82%B9%E3%83%93%E3%83%BC%E3%83%AB" n3="%72%61%6B%33" dan="16,16,16,18" rate="2113.57,2200.81,2125.72,2220.85" sx="M,M,M,M"/><TAIKYOKU oya="0"/><INIT seed="0,0,0,0,4,110" ten="250,250,250,250" oya="0" hai0="42,94,111,90,39,24,34,68,128,73,25,106,66" hai1="38,51,28,124,50,97,56,108,117,54,29,2,134" hai2="53,99,103,84,1,16,81,92,131,31,72,129,58" hai3="11,78,82,105,23,45,125,88,74,96,57,86,9"/><T15/><D73/><U7/><E117/><V55/><F1/><W119/><G125/><T130/><D106/><U32/><E38/><V52/><F31/><W89/><G119/><T4/><D111/><U0/><E108/><V85/><F72/><W80/><G57/><T126/><D126/><U14/><E124/><V17/><F58/><W123/><G123/><T95/><D39/><U44/><E32/><V107/><F107/><W59/><G59/><T22/><D42/><U132/><E97/><V77/><REACH who="2" step="1"/><F84/><REACH who="2" ten="250,250,240,250" step="2"/><W60/><G105/><T98/><D130/><AGARI ba="0,1" hai="16,17,52,53,55,77,81,85,92,99,103,129,130,131" machi="130" ten="40,8000,1" yaku="1,1,2,1,19,1,54,2,53,0" doraHai="110" doraHaiUra="62" who="2" fromWho="0" sc="250,-80,250,0,240,90,250,0" /><INIT seed="1,0,0,5,3,104" ten="170,250,330,250" oya="1" hai0="121,53,119,23,35,72,130,76,108,5,16,47,95" hai1="100,91,48,55,6,0,134,45,40,103,92,51,112" hai2="90,125,32,79,87,59,54,97,99,1,75,28,9" hai3="24,29,88,132,110,113,14,133,39,26,111,120,10"/><U94/><E112/><V131/><F131/><W101/><G39/><T106/><D130/><U43/><E134/><N who="3" m="51818" /><G101/><T20/><D106/><U116/><E116/><V2/><F28/><W21/><G88/><T89/><D35/><U30/><E30/><V83/><F32/><W81/><G81/><T15/><D119/><U60/><E6/><V33/><F33/><W8/><G113/><T129/><D129/><U18/><E0/><V61/><F125/><W7/><G120/><T22/><D121/><U4/><E4/><V12/><F1/><N who="3" m="111" /><G26/><T84/><D5/><AGARI ba="0,0" hai="5,10,14,21,24,29,110,111" m="111,51818" machi="5" ten="30,3900,0" yaku="20,1,34,2" doraHai="104" who="3" fromWho="0" sc="170,-39,250,0,330,0,250,39" /><INIT seed="2,0,0,5,0,57" ten="131,250,330,289" oya="2" hai0="104,105,117,112,131,59,80,119,23,133,87,30,9" hai1="71,45,7,4,122,91,88,123,60,99,116,21,38" hai2="47,67,118,5,49,125,43,103,35,135,98,96,114" hai3="11,0,126,8,90,92,28,64,1,37,58,101,42"/><V10/><F114/><W124/><G101/><T108/><D9/><U77/><E77/><V110/><F118/><N who="0" m="45066" /><D23/><U17/><E45/><V14/><F125/><W34/><G42/><T84/><D30/><U15/><E38/><V41/><F135/><W128/><G37/><T69/><D69/><U132/><E132/><V85/><F35/><W39/><G39/><T56/><D133/><U19/><E19/><V18/><F110/><W2/><G128/><T113/><D56/><U32/><E32/><V27/><F67/><W26/><G11/><T65/><D59/><U82/><E82/><V107/><F85/><W54/><G8/><T29/><D29/><U16/><E17/><V13/><F96/><W12/><G12/><T111/><D65/><N who="1" m="41383" /><E116/><V31/><F18/><W73/><G73/><T61/><D61/><U74/><E74/><V36/><F36/><W79/><G64/><T76/><D131/><U78/><E78/><V106/><F14/><W52/><G79/><T50/><D50/><U24/><E99/><V53/><F41/><W129/><G129/><T66/><D66/><U115/><E115/><N who="0" m="44105" /><D87/><U97/><E15/><V33/><F43/><W51/><REACH who="3" step="1"/><G54/><REACH who="3" ten="131,250,330,279" step="2"/><T6/><D6/><U44/><E4/><V109/><F109/><AGARI ba="0,1" hai="76,80,84,104,105,108,109,111" m="44105,45066" machi="109" ten="40,8000,1" yaku="14,1,12,1,34,2" doraHai="57" who="0" fromWho="2" sc="131,90,250,0,330,-80,279,0" /><INIT seed="3,0,0,3,4,46" ten="221,250,250,279" oya="3" hai0="32,80,14,85,7,24,47,81,75,88,131,28,134" hai1="15,57,0,8,42,97,89,23,124,104,33,31,117" hai2="62,119,35,78,45,4,86,59,84,1,111,95,25" hai3="133,114,38,123,91,101,48,98,120,107,116,13,128"/><W127/><G38/><T11/><D134/><U93/><E124/><V94/><F119/><W49/><G116/><T39/><D131/><U71/><E71/><V54/><F111/><W36/><G36/><T92/><REACH who="0" step="1"/><D75/><REACH who="0" ten="211,250,250,279" step="2"/><U65/><E117/><V41/><F86/><W125/><G133/><T16/><D16/><U113/><E113/><V110/><F84/><W132/><G114/><T9/><D9/><U3/><E8/><V121/><F121/><W64/><G132/><T77/><D77/><U135/><E135/><V56/><F78/><W105/><G128/><T82/><D82/><U40/><E0/><V106/><F110/><W72/><G72/><T44/><D44/><U19/><E19/><V87/><F87/><W50/><G123/><T90/><D90/><U37/><E89/><V63/><F1/><W96/><G120/><T102/><D102/><U29/><E3/><V66/><F4/><W73/><G73/><T100/><D100/><U30/><E31/><V6/><F6/><W69/><G127/><T12/><D12/><U76/><E29/><V70/><F45/><W58/><G125/><T74/><D74/><U118/><E30/><V67/><F25/><W130/><G130/><T83/><D83/><U60/><E15/><V115/><F115/><W99/><G107/><T122/><D122/><U27/><E27/><V52/><F106/><W79/><G105/><T126/><D126/><U55/><E104/><V21/><F95/><W10/><G101/><T22/><D22/><U109/><E109/><V5/><F94/><N who="3" m="56415" /><G79/><T2/><D2/><U20/><E76/><RYUUKYOKU ba="0,1" sc="211,30,250,-10,250,-10,279,-10" hai0="7,11,14,24,28,32,39,47,80,81,85,88,92" /><INIT seed="4,1,1,1,3,49" ten="241,240,240,269" oya="0" hai0="31,120,95,37,68,91,81,98,47,17,88,48,29" hai1="36,9,52,63,46,106,116,97,101,75,108,50,39" hai2="126,35,34,134,57,104,107,71,44,92,93,4,7" hai3="0,113,96,78,94,77,16,60,73,62,2,66,103"/><T100/><D120/><U58/><E116/><V123/><F71/><W105/><G113/><T118/><D118/><U21/><E108/><V83/><F83/><W121/><G121/><T19/><D68/><U53/><E75/><V12/><F123/><W90/><G62/><T70/><D37/><U41/><E21/><V132/><F44/><W11/><G78/><T128/><D70/><U85/><E9/><V18/><F57/><W45/><G45/><T82/><D128/><U22/><E22/><V43/><F12/><W23/><G11/><T61/><D61/><U10/><E10/><V117/><F117/><W130/><G130/><T99/><D100/><U33/><E33/><V102/><F43/><W80/><G60/><T64/><D64/><U20/><E20/><V110/><F102/><W40/><G40/><N who="0" m="24679" /><D82/><U1/><E1/><V114/><F114/><W56/><G56/><T67/><D67/><U125/><E125/><V30/><F126/><W133/><G66/><T122/><D122/><U13/><E13/><V84/><F110/><W8/><G8/><T76/><D76/><U79/><REACH who="1" step="1"/><E41/><REACH who="1" ten="241,230,240,269" step="2"/><V28/><F18/><N who="0" m="6666" /><D81/><AGARI ba="1,2" hai="36,39,46,50,52,53,58,63,79,81,85,97,101,106" machi="81" ten="40,12000,2" yaku="1,1,52,2,54,1,53,2" doraHai="49" doraHaiUra="51" who="1" fromWho="0" sc="241,-123,230,143,240,0,269,0" owari="118,-38.2,373,47.3,240,-16.0,269,6.9" /></mjloggm>