<mjloggm ver="2.3"><GO type="225" lobby="0"/><UN n0="%E3%81%AF%E3%82%88%E3%81%8A%E3%81%98%E3%81%95%E3%82%93" n1="%E3%81%99%E3%81%84%E3%81%BE%E3%81%9B%E3%83%BC%E3%82%93" n2="%E5%8D%A0%E3%81%84%E5%B8%AB%E8%A3%8F%E3%81%AA%E3%81%84%E3%81%97" n3="%E3%82%A2%E3%83%BC%E3%83%A2%E3%83%AD%E3%83%BC%E3%83%B4%E3%82%A1" dan="17,17,16,16" rate="2177.61,2237.84,2160.27,2144.00" sx="M,M,M,M"/><TAIKYOKU oya="0"/><INIT seed="0,0,0,0,3,48" ten="250,250,250,250" oya="0" hai0="56,43,40,50,66,80,37,24,17,61,104,15,131" hai1="101,53,113,86,96,124,75,62,64,99,122,35,106" hai2="135,7,59,134,11,28,107,3,16,72,10,51,119" hai3="42,114,14,19,115,133,109,130,33,112,38,116,23"/><T49/><D104/><U21/><E122/><V89/><F119/><W100/><G116/><T127/><D127/><U121/><E121/><V69/><F69/><W123/><G123/><T126/><D126/><U54/><E35/><V57/><F72/><W102/><G33/><T52/><D131/><U90/><E124/><V78/><F78/><W65/><G130/><T12/><D37/><U8/><E75/><V83/><F28/><W79/><G79/><T5/><D80/><U77/><E99/><V29/><F29/><W47/><G109/><T18/><D5/><U32/><E32/><V105/><F83/><W67/><REACH who="3" step="1"/><G133/><REACH who="3" ten="250,250,250,240" step="2"/><T118/><D118/><U27/><E77/><V22/><F134/><W85/><G85/><T111/><D111/><U81/><E113/><V46/><F135/><W30/><G30/><T55/><D24/><U98/><E98/><V82/><F82/><W97/><G97/><T31/><D31/><U0/><E96/><V68/><F107/><W95/><G95/><T44/><D43/><U87/><E106/><V39/><F105/><W92/><G92/><T58/><D40/><U26/><E87/><V103/><F103/><AGARI ba="0,1" hai="14,19,23,38,42,47,65,67,100,102,103,112,114,115" machi="103" ten="40,1300,0" yaku="1,1,53,0" doraHai="48" doraHaiUra="25" who="3" fromWho="2" sc="250,0,250,0,250,-13,240,23" /><INIT seed="1,0,0,3,3,10" ten="250,250,237,263" oya="1" hai0="107,49,15,62,75,116,108,35,9,66,2,87,109" hai1="90,123,92,45,81,117,118,63,59,77,39,127,93" hai2="58,56,48,121,134,23,19,57,99,72,120,18,68" hai3="130,52,129,43,115,5,98,50,94,37,31,51,33"/><U97/><E123/><V76/><F68/><W122/><G122/><T27/><D75/><U53/><E127/><V101/><F134/><W79/><G115/><T47/><D116/><U96/><E39/><V106/><F120/><W86/><G5/><T128/><D107/><U14/><E45/><V84/><F121/><W103/><G37/><T30/><D128/><N who="3" m="49257" /><G43/><T82/><D2/><U112/><E112/><V70/><F70/><W125/><G125/><T111/><D62/><U83/><E14/><V17/><F72/><W78/><G50/><T60/><D60/><U95/><E95/><V124/><F124/><W65/><G65/><T0/><D66/><U21/><E21/><V105/><F48/><W61/><G61/><T91/><D0/><U38/><E38/><V20/><F106/><W135/><G86/><T26/><D30/><U8/><E118/><V28/><F28/><W113/><G135/><T131/><D35/><U4/><E117/><V89/><REACH who="2" step="1"/><F76/><REACH who="2" ten="250,250,227,263" step="2"/><W41/><G113/><T25/><D131/><U40/><E77/><V114/><F114/><W7/><G78/><T80/><D49/><U3/><REACH who="1" step="1"/><E40/><REACH who="1" ten="250,240,227,263" step="2"/><V74/><F74/><W12/><G41/><T102/><D109/><U22/><E22/><V104/><F104/><W44/><G79/><T69/><D111/><U42/><E42/><V133/><F133/><W16/><G33/><T54/><D108/><U1/><E1/><V100/><F100/><AGARI ba="0,2" hai="3,4,8,53,59,63,81,83,90,92,93,96,97,100" machi="100" ten="30,5800,0" yaku="1,1,7,1,53,1" doraHai="10" doraHaiUra="6" who="1" fromWho="2" sc="250,0,240,78,227,-58,263,0" /><INIT seed="1,1,0,4,5,92" ten="250,318,169,263" oya="1" hai0="14,52,90,118,63,82,115,132,48,60,127,70,117" hai1="31,54,99,76,98,25,131,97,42,73,110,8,15" hai2="93,124,26,10,34,35,107,19,121,66,33,53,100" hai3="7,106,125,126,45,120,129,105,24,27,55,17,86"/><U56/><E131/><V41/><F121/><W134/><G120/><T130/><D115/><U44/><E110/><V21/><F107/><W30/><G129/><T109/><D130/><U46/><E76/><V47/><F124/><N who="3" m="47723" /><G7/><T9/><D127/><U112/><E73/><V43/><F66/><W38/><G134/><T49/><D49/><U0/><E0/><V119/><F119/><W61/><G86/><N who="0" m="50519" /><D132/><U104/><E104/><V68/><F68/><W74/><G74/><T123/><D109/><U128/><E112/><V135/><F135/><W12/><G61/><N who="0" m="23627" /><D70/><U57/><E128/><V69/><F69/><W78/><G78/><T22/><D22/><N who="1" m="15799" /><E42/><V23/><F23/><N who="3" m="11687" /><G24/><T77/><D77/><U79/><E79/><V51/><REACH who="2" step="1"/><F10/><REACH who="2" ten="250,318,159,263" step="2"/><W133/><G133/><T116/><D123/><U18/><E54/><V101/><F101/><W108/><G108/><T111/><D111/><U50/><E50/><V65/><F65/><W71/><G71/><T4/><D118/><U39/><E39/><V72/><F72/><W80/><G55/><T32/><D116/><U64/><E64/><V2/><F2/><W83/><G105/><T36/><D36/><U28/><E28/><V113/><F113/><W11/><G106/><T29/><D117/><U102/><E102/><V13/><F13/><W3/><G3/><T62/><D62/><U91/><E91/><V6/><F6/><W75/><G75/><T5/><D4/><U85/><E15/><V122/><F122/><W103/><G103/><T114/><D114/><U87/><E8/><V89/><F89/><W58/><G11/><RYUUKYOKU ba="1,1" sc="250,-10,318,-10,159,30,263,-10" hai2="19,21,26,33,34,35,41,43,47,51,53,93,100" /><INIT seed="2,2,1,0,4,107" ten="240,308,189,253" oya="2" hai0="75,58,10,103,64,77,21,71,61,8,47,37,17" hai1="39,114,86,53,16,134,43,30,126,59,62,76,67" hai2="94,127,73,84,65,82,48,81,123,55,99,72,121" hai3="87,79,3,51,56,40,25,128,35,42,109,70,88"/><V89/><F65/><W31/><G3/><T95/><D71/><U36/><E114/><V122/><F55/><W135/><G70/><T13/><D75/><N who="2" m="28746" /><F48/><W4/><G4/><T105/><D105/><U49/><E30/><V27/><F27/><W91/><G91/><T83/><D37/><U100/><E16/><V26/><F26/><W125/><G88/><T120/><D120/><N who="2" m="30722" /><V118/><DORA hai="44" /><F118/><W90/><G90/><T101/><D47/><U124/><E36/><V54/><F54/><W29/><G25/><T11/><D95/><U119/><E119/><V116/><F116/><W24/><G24/><T18/><D17/><U85/><E39/><V98/><F127/><W28/><G51/><T78/><D83/><AGARI ba="2,1" hai="81,82,83,84,89,94,98,99" m="30722,28746" machi="83" ten="50,12000,1" yaku="34,2,52,3" doraHai="107,44" who="2" fromWho="0" sc="240,-126,308,0,189,136,253,0" /><INIT seed="2,3,0,5,5,85" ten="114,308,325,253" oya="2" hai0="93,2,59,62,84,86,92,0,18,123,56,24,38" hai1="72,5,14,31,16,51,47,79,25,55,75,124,132" hai2="13,20,105,77,96,99,128,69,6,42,120,114,112" hai3="101,10,8,21,37,94,49,103,74,3,100,32,106"/><V71/><F120/><W26/><G37/><T78/><D123/><U65/><E124/><V126/><F126/><W4/><G106/><T113/><D113/><U104/><E132/><V33/><F33/><W108/><G74/><T58/><D38/><U131/><E131/><V125/><F125/><W76/><G108/><T127/><D127/><U88/><E104/><V34/><F34/><W30/><G76/><T70/><D24/><U17/><E65/><V39/><F105/><W45/><G10/><T118/><D118/><U44/><E44/><V27/><F71/><W117/><G117/><T12/><D70/><U135/><E79/><V97/><F69/><W68/><G68/><T48/><D48/><U107/><E107/><V133/><F133/><W52/><REACH who="3" step="1"/><G32/><REACH who="3" ten="114,308,325,243" step="2"/><T66/><D0/><U82/><E75/><V83/><F114/><W73/><G73/><T80/><D2/><U28/><E72/><V116/><F112/><W67/><G67/><T134/><D134/><U122/><E135/><V23/><F39/><W53/><G53/><T40/><D40/><U46/><E55/><V15/><F116/><W9/><G9/><T41/><D41/><U111/><E111/><V87/><F42/><W54/><G54/><T22/><REACH who="0" step="1"/><D92/><AGARI ba="3,1" hai="3,4,8,21,26,30,45,49,52,92,94,100,101,103" machi="92" ten="40,2600,0" yaku="1,1,54,1,53,0" doraHai="85" doraHaiUra="63" who="3" fromWho="0" sc="114,-35,308,0,325,0,243,45" /><INIT seed="3,0,0,1,1,98" ten="79,308,325,288" oya="3" hai0="28,70,64,103,40,39,16,65,27,42,97,109,21" hai1="46,135,78,2,77,6,83,125,127,73,48,37,23" hai2="24,30,14,51,31,101,132,114,128,29,71,99,117" hai3="119,92,54,75,120,116,124,80,0,102,133,82,63"/><W18/><G0/><T53/><D109/><U13/><E135/><V72/><F117/><W108/><G120/><T126/><D126/><N who="1" m="48139" /><E78/><V25/><F72/><W55/><G124/><T107/><D53/><N who="3" m="19977" /><G75/><T79/><D79/><U129/><E129/><V50/><F71/><W112/><G112/><T122/><D122/><U52/><E37/><V100/><F114/><W22/><G133/><T43/><D39/><U32/><E32/><V91/><F132/><W86/><G116/><T61/><D65/><U69/><E69/><V12/><F128/><W85/><G63/><T57/><D57/><U59/><E59/><V58/><F58/><W7/><G7/><T94/><D43/><U8/><E23/><V89/><F30/><W113/><G113/><T76/><D76/><U38/><E38/><V41/><F99/><N who="3" m="59751" /><G108/><T90/><D94/><U81/><E81/><N who="3" m="31338" /><G119/><T19/><D90/><U4/><E4/><V15/><F89/><W74/><G74/><T104/><D19/><U87/><E73/><V34/><F91/><W84/><G84/><T106/><D107/><U45/><E45/><N who="2" m="25903" /><F51/><W26/><AGARI ba="0,0" hai="18,22,26,85,86" m="31338,59751,19977" machi="26" ten="30,3000,0" yaku="8,1,52,1" doraHai="98" who="3" fromWho="3" sc="79,-10,308,-10,325,-10,288,30" owari="69,-43.1,298,-10.2,315,11.5,318,41.8" /></mjloggm>