<mjloggm ver="2.3"><GO type="225" lobby="0"/><UN n0="%73%75%7A%75%6D%65%33" n1="%E9%80%9F%E6%B0%B4%E5%87%9B%E9%A6%99" n2="%E3%83%8F%E3%82%A4%E3%83%91%E3%83%BC%E3%83%84%E3%83%8A%E7%BC%B6" n3="%E3%83%B4%E3%83%A0%EF%BC%99%E3%81%A6" dan="16,16,16,17" rate="2193.01,2083.46,2098.60,2177.45" sx="M,F,M,M"/><TAIKYOKU oya="0"/><INIT seed="0,0,0,0,5,34" ten="250,250,250,250" oya="0" hai0="107,103,115,55,75,69,123,93,13,60,109,21,0" hai1="113,96,31,12,84,132,52,48,36,106,1,20,18" hai2="87,44,70,104,2,25,76,89,133,68,101,119,126" hai3="114,97,62,108,102,46,4,72,23,100,130,116,112"/><T127/><D123/><U56/><E132/><V61/><F133/><W14/><G116/><T94/><D115/><U88/><E113/><V45/><F119/><W59/><G72/><T51/><D75/><U17/><E36/><V128/><F76/><W80/><G108/><T33/><D33/><U16/><E1/><V118/><F118/><W105/><G130/><T79/><D79/><U124/><E124/><V43/><F128/><W47/><G80/><T19/><D127/><U57/><E31/><V77/><F77/><W58/><G23/><T117/><D117/><U129/><E129/><V82/><F2/><W92/><G92/><T3/><D107/><U81/><E106/><V8/><F8/><W50/><G105/><T6/><D109/><U95/><REACH who="1" step="1"/><E57/><REACH who="1" ten="250,240,250,250" step="2"/><V131/><F131/><W11/><G58/><T73/><D73/><U78/><AGARI ba="0,1" hai="12,16,17,18,20,48,52,56,78,81,84,88,95,96" machi="78" ten="20,16000,3" yaku="1,1,2,1,0,1,7,1,8,1,54,3,53,0" doraHai="34" doraHaiUra="5" who="1" fromWho="1" sc="250,-80,240,170,250,-40,250,-40" /><INIT seed="1,0,0,5,4,97" ten="170,410,210,210" oya="1" hai0="57,112,50,85,126,87,13,80,88,118,134,4,76" hai1="12,51,35,99,56,26,21,33,108,79,1,121,66" hai2="78,53,98,133,48,135,18,10,19,86,42,107,101" hai3="105,103,32,89,17,122,113,23,93,72,73,20,120"/><U77/><E121/><V55/><F42/><W40/><G113/><T39/><D112/><U49/><E1/><V125/><F125/><W110/><G32/><T29/><D126/><U47/><E12/><V115/><F115/><W123/><G110/><T54/><D118/><U43/><E108/><V37/><F37/><W83/><G40/><T91/><D134/><N who="2" m="51210" /><F10/><W82/><G20/><T22/><D39/><U117/><E117/><V0/><F0/><W58/><G58/><T9/><REACH who="0" step="1"/><D85/><REACH who="0" ten="160,410,210,210" step="2"/><U111/><E111/><V30/><F30/><W38/><G38/><T41/><D41/><U69/><E43/><V130/><F130/><W124/><G124/><T100/><D100/><U36/><E36/><V5/><F5/><W31/><G31/><T59/><D59/><U14/><E56/><N who="2" m="32807" /><F55/><W62/><G120/><T6/><D6/><U44/><E69/><V90/><F78/><W63/><G122/><T65/><D65/><U114/><E66/><V128/><F128/><W116/><G123/><T127/><D127/><U71/><E79/><V131/><F131/><W68/><G68/><T7/><D7/><U3/><E77/><V102/><F102/><W109/><G103/><T64/><D64/><U104/><E71/><V75/><F75/><W81/><G116/><T8/><D8/><U61/><E3/><V119/><F119/><W16/><G109/><T27/><AGARI ba="0,1" hai="4,9,13,22,27,29,50,54,57,76,80,87,88,91" machi="27" ten="30,7900,0" yaku="1,1,0,1,8,1,54,1,53,0" doraHai="97" doraHaiUra="95" who="0" fromWho="0" sc="160,89,410,-39,210,-20,210,-20" /><INIT seed="2,0,0,4,2,52" ten="249,371,190,190" oya="2" hai0="97,33,89,39,80,112,58,6,122,105,9,4,98" hai1="11,64,71,53,124,123,133,35,79,54,1,25,129" hai2="42,76,81,77,67,48,44,28,45,17,72,91,120" hai3="88,47,21,38,104,121,82,50,3,20,55,128,96"/><V75/><F120/><W132/><G121/><T0/><D122/><U85/><E123/><RYUUKYOKU type="kaze4" ba="0,0" sc="249,0,371,0,190,0,190,0" /><INIT seed="2,1,0,2,2,121" ten="249,371,190,190" oya="2" hai0="132,101,42,69,87,11,37,123,61,86,62,95,120" hai1="118,79,16,73,119,130,47,4,112,0,126,76,36" hai2="105,108,40,93,124,7,33,48,127,100,89,8,128" hai3="46,81,110,49,25,54,122,19,82,31,65,30,134"/><V88/><F33/><W113/><G122/><T28/><D132/><U23/><E112/><V94/><F128/><W2/><G134/><T70/><D28/><U135/><E130/><V57/><F105/><W131/><G113/><T98/><D11/><N who="1" m="2439" /><E79/><V116/><F116/><W71/><G131/><T3/><D3/><U43/><E135/><V72/><F72/><W99/><G2/><T102/><D42/><U74/><E74/><V97/><F100/><W29/><G71/><T50/><D50/><U96/><E96/><V20/><F20/><W22/><G65/><T109/><D98/><U104/><E104/><V125/><F93/><W55/><G99/><T44/><D44/><U68/><E68/><V91/><F108/><W45/><G110/><T133/><D133/><U53/><E53/><N who="2" m="31911" /><F40/><W10/><G10/><T60/><D95/><U90/><E90/><V14/><AGARI ba="1,0" hai="7,8,14,88,89,91,94,97,124,125,127" m="31911" machi="14" ten="30,3000,0" yaku="18,1,54,1" doraHai="121" who="2" fromWho="2" sc="249,-11,371,-11,190,33,190,-11" /><INIT seed="2,2,0,0,0,56" ten="238,360,223,179" oya="2" hai0="98,17,53,116,115,75,1,106,37,122,9,6,10" hai1="73,64,42,61,130,8,78,21,134,68,128,43,74" hai2="2,111,76,29,48,112,35,40,65,71,30,104,109" hai3="92,7,72,107,101,97,80,62,28,27,15,105,88"/><V3/><F112/><W95/><G7/><T108/><D115/><U69/><E69/><V41/><F104/><W79/><G15/><T22/><D122/><U55/><E55/><V34/><F76/><W118/><G118/><T83/><D116/><U59/><E68/><V113/><F113/><W100/><G100/><T85/><D108/><N who="2" m="41546" /><F71/><W135/><G135/><T52/><D10/><U81/><E134/><V117/><F65/><W33/><REACH who="3" step="1"/><G62/><REACH who="3" ten="238,360,223,169" step="2"/><T51/><D6/><U125/><E61/><V36/><F117/><W119/><G119/><T38/><D1/><N who="2" m="10" /><F36/><W14/><G14/><T23/><D38/><U114/><E114/><V50/><F50/><W58/><G58/><T120/><D51/><U124/><E59/><V131/><F48/><W54/><G54/><T87/><D52/><U49/><E49/><V94/><F131/><W90/><G90/><T45/><D53/><U32/><E130/><V39/><F39/><W96/><AGARI ba="2,1" hai="27,28,33,72,79,80,88,92,95,96,97,101,105,107" machi="96" ten="20,5200,0" yaku="1,1,0,1,7,1,54,1,53,0" doraHai="56" doraHaiUra="11" who="3" fromWho="3" sc="238,-15,360,-15,223,-28,169,68" /><INIT seed="3,0,0,4,2,82" ten="223,345,195,237" oya="3" hai0="134,121,70,13,40,85,36,54,20,77,102,129,86" hai1="41,132,37,115,96,31,3,118,49,111,78,7,60" hai2="29,33,90,110,11,131,84,30,80,114,125,133,10" hai3="48,45,93,26,71,100,5,127,67,55,1,53,89"/><W112/><G112/><T135/><D121/><U8/><E115/><V108/><F114/><W19/><G127/><T95/><D129/><U39/><E111/><V35/><F131/><W83/><G100/><T69/><D54/><U6/><E6/><V32/><F125/><W99/><G1/><T107/><D107/><U34/><E34/><V27/><F133/><N who="0" m="50698" /><D40/><U16/><E132/><V65/><F65/><W98/><G5/><T2/><D36/><U22/><E31/><V59/><F59/><W17/><G98/><N who="0" m="59743" /><D2/><U63/><E41/><V42/><F42/><W21/><G83/><N who="0" m="47343" /><D86/><U120/><E39/><V87/><F35/><W113/><G113/><T119/><D119/><U76/><E37/><V104/><F80/><W106/><G106/><T101/><D101/><U12/><E3/><V44/><F104/><W23/><G55/><T126/><D126/><U73/><E120/><V51/><F51/><W9/><G9/><T72/><D72/><U91/><E8/><V117/><F117/><W50/><G50/><T0/><D0/><U58/><E49/><V75/><F75/><W62/><G23/><T74/><D74/><U43/><E22/><V64/><F64/><W66/><G67/><T88/><D88/><U92/><E91/><V57/><F90/><W18/><AGARI ba="0,0" hai="17,18,19,21,26,45,48,53,62,66,71,89,93,99" machi="18" ten="20,2100,0" yaku="0,1,7,1" doraHai="82" who="3" fromWho="3" sc="223,-7,345,-7,195,-7,237,21" /><INIT seed="3,1,0,2,4,56" ten="216,338,188,258" oya="3" hai0="45,43,96,99,77,63,4,32,126,67,75,65,57" hai1="105,85,46,118,116,98,2,107,62,5,42,119,91" hai2="121,53,30,27,22,10,92,134,13,11,104,84,51" hai3="40,48,68,103,133,122,0,6,130,3,127,24,16"/><W89/><G122/><T71/><D126/><U21/><E98/><V47/><F104/><W50/><G68/><T38/><D32/><U28/><E5/><V81/><F134/><W36/><G127/><T86/><D86/><U78/><E78/><V34/><F121/><W72/><G72/><T39/><D39/><N who="1" m="21855" /><E2/><V111/><F111/><W112/><G112/><T79/><D79/><U135/><E135/><V1/><F1/><W41/><G36/><T64/><D4/><U90/><E90/><V25/><F92/><W97/><G133/><T37/><D37/><U55/><E55/><V61/><F13/><W52/><G89/><T14/><D14/><U129/><E129/><V93/><F93/><W35/><G35/><T124/><D124/><U15/><E15/><V70/><F70/><W29/><G29/><T17/><D17/><U12/><E12/><V66/><F34/><W80/><G130/><T18/><D18/><U83/><E21/><V120/><F27/><W33/><G33/><T20/><D20/><U9/><E28/><V101/><F101/><W8/><G103/><T19/><D19/><U109/><E109/><V94/><F94/><W73/><G0/><T117/><D117/><U74/><E74/><V7/><F7/><W115/><G73/><T128/><D128/><U87/><E119/><V44/><F120/><W102/><G24/><T100/><D71/><U131/><E118/><V113/><F113/><W106/><G115/><T49/><D38/><U82/><E116/><V58/><F47/><W108/><G6/><T123/><D123/><U31/><E131/><RYUUKYOKU ba="1,0" sc="216,-10,338,-10,188,30,258,-10" hai2="10,11,22,25,30,44,51,53,58,61,66,81,84" owari="206,-29.4,328,42.8,218,-18.2,248,4.8" /></mjloggm>