<mjloggm ver="2.3"><GO type="225" lobby="0"/><UN n0="%E6%80%AA%E3%81%97%E3%81%99%E3%81%8E%E3%82%8B%E3%83%81%E3%83%BC" n1="%E3%82%BC%E3%83%AB%E3%83%80%E3%81%AE%E4%BC%9D%E8%AA%AC" n2="%73%61%6E%64%69%72%69%73" n3="%E6%A1%9C%E8%8A%B1%E9%96%83%E3%80%85" dan="16,16,16,18" rate="2149.91,2147.31,2146.52,2205.67" sx="M,M,M,M"/><TAIKYOKU oya="0"/><INIT seed="0,0,0,3,3,51" ten="250,250,250,250" oya="0" hai0="41,90,77,23,54,79,60,114,9,83,30,8,119" hai1="27,65,35,48,4,112,1,104,129,125,57,110,78" hai2="131,128,14,98,111,122,124,70,73,91,40,101,80" hai3="100,25,0,32,86,37,87,69,3,126,132,133,88"/><T47/><D114/><U15/><E104/><V109/><F70/><W10/><G126/><T11/><D119/><U116/><E116/><V18/><F40/><W62/><G37/><T106/><D106/><U45/><E125/><V43/><F43/><W53/><G100/><T102/><D102/><U81/><E112/><V66/><F66/><N who="3" m="41175" /><G86/><N who="0" m="50527" /><D41/><U71/><E1/><V67/><F67/><W59/><G10/><T20/><D47/><U6/><E71/><V19/><F124/><W39/><G25/><N who="0" m="16679" /><D23/><U103/><E103/><V108/><F122/><W64/><G64/><T99/><D99/><U2/><E2/><V33/><F33/><W117/><G32/><T120/><D120/><U123/><E27/><V22/><F19/><W68/><G39/><T58/><AGARI ba="0,0" hai="8,9,11,54,58,60,77,79" m="16679,50527" machi="58" ten="30,3000,0" yaku="8,1,52,1" doraHai="51" who="0" fromWho="0" sc="250,30,250,-10,250,-10,250,-10" /><INIT seed="0,1,0,3,0,25" ten="280,240,240,240" oya="0" hai0="10,132,101,36,75,110,117,56,118,35,88,37,22" hai1="68,113,120,41,18,129,61,115,85,71,52,34,64" hai2="81,121,66,15,13,44,116,63,42,125,103,12,8" hai3="95,123,67,91,111,96,6,112,24,76,122,105,55"/><T62/><D35/><U11/><E120/><N who="3" m="46122" /><G112/><N who="1" m="43082" /><E129/><V57/><F121/><W4/><G111/><T33/><D33/><U70/><E34/><V59/><F125/><W90/><G67/><T126/><D126/><U72/><E72/><V97/><F116/><W130/><G130/><T27/><D75/><U30/><E41/><V2/><F2/><W80/><G91/><T92/><D110/><U23/><E85/><V45/><F81/><W54/><G24/><T78/><D101/><U46/><E11/><V16/><F59/><W73/><G105/><T127/><D10/><U65/><E30/><V131/><F131/><W0/><G0/><T1/><D78/><U99/><E99/><V17/><F42/><W32/><G32/><T47/><D1/><U79/><E79/><V39/><F39/><W19/><G19/><N who="0" m="12767" /><D132/><U43/><E18/><V102/><F15/><W104/><G104/><T50/><D127/><U29/><E29/><V128/><F128/><W93/><G93/><T100/><D100/><N who="2" m="38442" /><F97/><W133/><G133/><T134/><D134/><U108/><E108/><V89/><F89/><W74/><G74/><T28/><D28/><U106/><E106/><V21/><AGARI ba="1,0" hai="8,12,13,16,17,21,44,45,57,63,66" m="38442" machi="21" ten="30,2000,0" yaku="8,1,54,1" doraHai="25" who="2" fromWho="2" sc="280,-11,240,-6,240,23,240,-6" /><INIT seed="1,0,0,1,2,48" ten="269,234,263,234" oya="1" hai0="106,122,82,26,8,47,85,70,97,83,128,22,103" hai1="74,107,104,57,40,63,98,111,124,126,130,55,2" hai2="99,53,73,20,28,10,1,4,37,62,9,77,0" hai3="113,38,66,65,27,91,41,94,43,7,16,101,69"/><U87/><E74/><V131/><F37/><W125/><G113/><T46/><D70/><U95/><E2/><V134/><F134/><W105/><G125/><N who="1" m="48234" /><E130/><V115/><F131/><W59/><G69/><T86/><D128/><U23/><E111/><V75/><F115/><W127/><G127/><T67/><D122/><U102/><E40/><N who="3" m="15434" /><G105/><N who="1" m="40522" /><E23/><V89/><F77/><W132/><G38/><T68/><D8/><U12/><E87/><V114/><F114/><W31/><G101/><T110/><D110/><U133/><E12/><V123/><F123/><W84/><G132/><AGARI ba="0,0" hai="55,57,63,95,98,102,132,133" m="40522,48234" machi="132" ten="40,3900,0" yaku="18,1,52,1" doraHai="48" who="1" fromWho="3" sc="269,0,234,39,263,0,234,-39" /><INIT seed="1,1,0,0,2,49" ten="269,273,263,195" oya="1" hai0="87,44,47,3,2,94,66,65,132,58,13,111,99" hai1="19,68,102,23,70,74,116,133,51,80,53,129,121" hai2="28,10,46,21,42,24,77,100,104,85,25,16,108" hai3="18,4,34,57,119,78,32,101,6,125,22,127,37"/><U54/><E116/><V31/><F108/><W30/><G37/><T92/><D87/><U81/><E121/><V14/><F104/><W67/><G78/><T105/><D58/><U120/><E120/><V91/><F100/><W8/><G101/><T52/><D13/><U79/><E133/><V76/><F46/><W107/><G107/><T15/><D15/><U88/><E102/><V63/><F63/><N who="3" m="38383" /><G30/><T84/><D84/><U72/><E129/><V7/><F42/><W29/><G29/><N who="2" m="11337" /><F25/><N who="3" m="14551" /><G119/><T60/><D105/><U110/><E110/><V131/><F131/><W95/><G95/><AGARI ba="1,0" hai="7,10,14,16,21,24,76,77,85,91,95" m="11337" machi="95" ten="30,2000,0" yaku="8,1,54,1" doraHai="49" who="2" fromWho="3" sc="269,0,273,0,263,23,195,-23" /><INIT seed="2,0,0,4,4,64" ten="269,273,286,172" oya="2" hai0="20,1,81,68,43,110,19,99,91,37,3,116,32" hai1="39,27,96,71,129,53,98,47,97,135,115,48,7" hai2="89,12,121,8,109,67,130,65,119,133,36,74,58" hai3="125,83,26,24,100,41,131,0,118,49,93,79,88"/><V69/><F119/><W123/><G118/><T51/><D116/><U44/><E115/><V132/><F121/><W29/><G123/><T23/><D32/><U84/><E71/><V120/><F120/><W122/><G122/><T59/><D68/><U52/><E135/><V87/><F36/><W107/><G0/><T75/><D37/><U57/><E129/><V111/><F74/><W105/><G125/><T124/><D110/><N who="2" m="41994" /><F58/><W10/><G10/><T102/><D124/><U38/><E7/><N who="2" m="3103" /><F130/><W117/><G117/><T5/><D59/><U25/><E84/><V35/><F35/><W76/><G100/><T72/><D102/><U85/><E85/><V30/><F30/><W103/><G103/><T106/><D75/><U80/><E80/><N who="2" m="49383" /><F69/><W78/><G131/><T73/><D72/><U13/><E39/><V6/><F6/><W92/><G83/><T77/><D5/><U15/><E38/><V50/><F50/><W62/><G62/><T16/><D51/><N who="1" m="28775" /><E57/><V42/><F42/><W45/><G24/><AGARI ba="0,0" hai="13,15,24,25,27,47,48,53,96,97,98" m="28775" machi="24" ten="30,2000,0" yaku="8,1,54,1" doraHai="64" who="1" fromWho="3" sc="269,0,273,20,286,0,172,-20" /><INIT seed="3,0,0,5,3,49" ten="269,293,286,152" oya="3" hai0="128,77,83,61,30,42,97,107,116,110,125,134,103" hai1="115,29,7,108,113,24,90,79,89,99,63,27,10" hai2="16,98,100,0,78,96,93,119,130,69,20,13,112" hai3="105,74,54,57,44,102,66,86,76,28,67,80,8"/><W114/><G114/><T55/><D116/><U62/><E108/><V132/><F119/><W64/><G28/><T70/><D110/><U88/><E79/><V47/><F112/><W19/><G74/><T123/><D123/><U91/><E115/><V18/><F69/><W23/><G8/><T6/><D128/><U14/><E113/><V17/><F0/><W2/><G2/><T58/><D125/><U133/><E133/><V36/><F130/><W40/><G105/><T31/><D134/><U43/><E43/><V22/><F78/><W32/><G32/><T38/><D70/><U45/><E45/><V39/><F132/><W34/><G34/><T46/><REACH who="0" step="1"/><D6/><REACH who="0" ten="259,293,286,152" step="2"/><U121/><E121/><V35/><F35/><W11/><G102/><T5/><D5/><U26/><E29/><V120/><F120/><W82/><G11/><T131/><D131/><U118/><E118/><V56/><F18/><W85/><G40/><T87/><AGARI ba="0,1" hai="30,31,38,42,46,55,58,61,77,83,87,97,103,107" machi="87" ten="20,5200,0" yaku="1,1,0,1,7,1,52,1,53,0" doraHai="49" doraHaiUra="12" who="0" fromWho="0" sc="259,62,293,-13,286,-13,152,-26" owari="321,42.1,280,8.0,273,-12.7,126,-37.4" /></mjloggm>