<mjloggm ver="2.3"><GO type="225" lobby="0"/><UN n0="%E4%B8%AD%E5%B9%B4%E3%81%AE%E5%8D%B1%E6%A9%9F" n1="%E5%8D%A0%E3%81%84%E5%B8%AB%E8%A3%8F%E3%81%AA%E3%81%84%E3%81%97" n2="%68%6F%72%69%30%39%30%31" n3="%E5%8F%AF%E5%85%90%E9%82%A3%E7%94%B1%E5%A4%9A" dan="17,17,16,16" rate="2242.62,2167.24,2050.04,2183.69" sx="M,M,M,F"/><TAIKYOKU oya="0"/><INIT seed="0,0,0,2,5,44" ten="250,250,250,250" oya="0" hai0="130,100,19,86,20,83,68,111,56,117,78,103,98" hai1="112,45,97,84,37,31,66,110,116,3,28,64,30" hai2="89,93,1,121,58,18,61,91,119,32,101,72,41" hai3="49,77,69,48,81,13,132,67,21,126,16,14,15"/><T74/><D68/><U85/><E116/><V65/><F119/><W76/><G132/><T135/><D117/><U124/><E110/><V96/><F32/><W53/><G126/><T12/><D135/><U104/><E3/><V42/><F121/><W9/><G69/><T38/><D38/><U5/><E5/><V92/><F72/><W33/><G33/><T107/><D111/><U115/><E124/><V80/><F1/><W55/><G67/><N who="1" m="25642" /><E37/><V82/><F18/><N who="3" m="8495" /><G14/><T35/><D35/><U36/><E36/><V62/><F101/><W118/><G118/><T34/><D34/><U131/><E45/><V99/><REACH who="2" step="1"/><F62/><REACH who="2" ten="250,250,240,250" step="2"/><W79/><G81/><AGARI ba="0,1" hai="41,42,58,61,65,80,81,82,89,91,92,93,96,99" machi="81" ten="40,8000,1" yaku="1,1,2,1,9,1,8,1,53,0" doraHai="44" doraHaiUra="25" who="2" fromWho="3" sc="250,0,250,0,240,90,250,-80" /><INIT seed="1,0,0,5,3,79" ten="250,250,330,170" oya="1" hai0="64,83,8,112,76,93,81,133,118,91,68,9,127" hai1="108,14,17,29,109,120,45,26,33,103,104,114,1" hai2="75,37,135,122,115,51,98,28,44,23,84,40,48" hai3="57,60,55,134,42,59,10,101,74,71,89,106,116"/><U73/><E73/><V86/><F75/><W56/><G74/><T72/><D118/><U20/><E114/><V47/><F122/><W39/><G116/><T32/><D112/><U34/><E103/><V18/><F135/><W90/><G134/><T111/><D133/><U16/><E104/><V78/><F115/><W4/><G71/><T35/><D127/><U36/><E36/><V117/><F28/><W63/><G39/><T66/><D68/><U7/><E45/><V65/><F65/><N who="0" m="25194" /><D72/><U49/><E49/><V27/><F117/><W126/><G42/><T2/><D2/><U97/><E97/><V3/><F3/><W129/><G129/><T15/><D35/><N who="1" m="13323" /><E120/><V124/><F124/><W61/><G126/><T0/><D32/><N who="1" m="20535" /><E17/><V50/><F98/><W31/><G31/><T11/><D0/><U107/><E107/><V77/><F37/><W132/><G132/><T24/><D24/><U69/><E69/><V105/><F105/><W85/><G106/><T125/><D125/><U30/><E30/><V46/><F40/><W58/><G101/><T88/><D76/><AGARI ba="0,0" hai="18,23,27,44,46,47,48,50,51,76,77,78,84,86" machi="76" ten="40,1300,0" yaku="8,1" doraHai="79" who="2" fromWho="0" sc="250,-13,250,0,330,13,170,0" /><INIT seed="2,0,0,4,2,15" ten="237,250,343,170" oya="2" hai0="132,109,107,48,81,72,44,6,12,121,116,18,29" hai1="25,24,9,100,19,5,71,37,61,77,82,39,13" hai2="67,135,79,45,55,115,126,98,122,123,14,11,134" hai3="35,26,99,46,57,2,32,21,84,91,59,97,117"/><V108/><F79/><W133/><G117/><T3/><D121/><U30/><E100/><V51/><F115/><W78/><G2/><T130/><D107/><U95/><E95/><V129/><F108/><W7/><G133/><N who="2" m="50697" /><F126/><W106/><G7/><T113/><D132/><U125/><E125/><V94/><F67/><W80/><G46/><T128/><D113/><U89/><E89/><N who="2" m="55631" /><F129/><N who="0" m="49770" /><D109/><U74/><E5/><AGARI ba="0,0" hai="5,11,14,45,51,55,122,123" m="55631,50697" machi="5" ten="30,1500,0" yaku="20,1" doraHai="15" who="2" fromWho="1" sc="237,0,250,-15,343,15,170,0" /><INIT seed="2,1,0,5,4,50" ten="237,235,358,170" oya="2" hai0="58,45,34,69,15,118,125,18,104,75,95,29,128" hai1="82,10,62,123,71,46,76,109,26,21,16,79,77" hai2="3,65,28,61,44,33,30,40,120,35,84,67,60" hai3="20,103,107,14,68,42,124,48,130,17,6,11,110"/><V52/><F120/><W85/><G110/><T115/><D69/><U24/><E109/><V119/><F119/><W117/><G117/><T106/><D118/><U122/><E10/><V23/><F3/><W94/><G130/><T74/><D115/><U133/><E133/><V2/><F2/><W19/><G124/><T22/><D125/><U5/><E5/><V100/><F100/><W108/><G108/><T90/><D128/><U41/><E26/><V70/><F84/><W102/><G68/><T1/><D1/><U54/><E82/><V57/><F67/><W105/><G105/><T129/><D106/><U126/><E126/><V38/><REACH who="2" step="1"/><F23/><REACH who="2" ten="237,235,348,170" step="2"/><W98/><G20/><T72/><D129/><U114/><E123/><V135/><F135/><W81/><G103/><T27/><D104/><U89/><E122/><V132/><F132/><W64/><G64/><T113/><D113/><U121/><E114/><V83/><F83/><W80/><G80/><T96/><D34/><AGARI ba="1,1" hai="28,30,33,34,35,38,40,44,52,57,60,61,65,70" machi="34" ten="40,7700,0" yaku="1,1,52,1,54,1,53,0" doraHai="50" doraHaiUra="12" who="2" fromWho="0" sc="237,-80,235,0,348,90,170,0" /><INIT seed="2,2,0,3,1,84" ten="157,235,438,170" oya="2" hai0="17,41,100,96,62,6,80,7,132,22,4,99,56" hai1="36,68,50,122,135,40,8,49,67,104,119,97,35" hai2="85,31,30,48,121,114,10,81,125,91,94,120,133" hai3="90,14,106,66,43,110,2,71,34,21,111,28,130"/><V19/><F114/><W45/><G2/><T129/><D132/><U44/><E35/><V102/><F48/><W69/><G106/><T51/><D129/><U26/><E119/><V72/><F10/><W95/><G130/><T39/><D39/><U131/><E131/><V16/><F19/><N who="3" m="10487" /><G66/><T126/><D126/><U82/><E26/><V113/><F16/><W78/><G78/><T60/><D80/><U61/><E135/><V76/><F30/><W18/><G18/><T92/><D99/><U13/><E122/><V98/><F31/><W27/><G45/><N who="0" m="26031" /><D56/><U57/><E57/><V88/><F125/><W83/><G83/><T116/><D116/><U108/><E82/><N who="2" m="49207" /><F133/><W12/><G12/><AGARI ba="2,0" hai="4,6,7,12,17,22,60,62,92,96,100" m="26031" machi="12" ten="30,1000,0" yaku="8,1" doraHai="84" who="0" fromWho="3" sc="157,16,235,0,438,0,170,-16" /><INIT seed="3,0,0,5,1,14" ten="173,235,438,154" oya="3" hai0="26,33,55,29,106,11,31,76,41,38,35,135,47" hai1="40,44,20,64,97,70,134,71,75,86,46,117,5" hai2="84,77,68,32,66,39,91,109,110,89,9,80,131" hai3="0,83,45,65,96,13,87,93,108,22,12,82,107"/><W24/><G0/><T50/><D135/><U74/><E134/><V130/><F32/><W60/><G107/><T88/><D106/><U85/><E5/><V2/><F39/><W69/><G108/><N who="2" m="41577" /><F66/><W18/><G45/><T105/><D105/><U61/><E20/><V72/><F68/><W125/><G125/><T100/><D100/><U92/><E97/><V104/><F104/><W113/><G113/><T133/><D76/><U28/><E92/><N who="2" m="54311" /><F91/><W8/><G87/><T90/><D133/><U73/><E61/><V115/><F115/><W63/><G63/><T119/><D119/><U123/><E28/><V52/><F52/><W16/><REACH who="3" step="1"/><G24/><REACH who="3" ten="173,235,438,144" step="2"/><T98/><D98/><U132/><E85/><V23/><F2/><W42/><G42/><T7/><D41/><U54/><E86/><V53/><F72/><W101/><AGARI ba="0,1" hai="8,12,13,16,18,22,60,65,69,82,83,93,96,101" machi="101" ten="20,18000,2" yaku="1,1,0,1,7,1,52,2,54,1,53,1" doraHai="14" doraHaiUra="58" who="3" fromWho="3" sc="173,-60,235,-60,438,-60,144,190" /><INIT seed="3,1,0,3,1,58" ten="113,175,378,334" oya="3" hai0="50,51,64,82,6,127,60,15,120,68,18,4,12" hai1="121,35,22,10,11,7,122,83,48,132,28,106,34" hai2="54,108,103,24,125,130,46,66,69,20,79,117,87" hai3="89,42,5,72,76,97,75,16,118,25,74,90,1"/><W70/><G118/><T3/><D120/><U43/><E106/><V124/><F117/><W47/><G70/><T134/><D127/><N who="2" m="48714" /><F108/><W96/><G76/><T112/><D112/><U55/><E43/><V98/><F130/><W131/><G131/><T33/><D3/><U84/><E11/><V26/><F69/><W99/><G5/><T111/><D111/><U59/><E22/><V29/><F66/><W31/><G1/><T94/><D33/><U110/><E110/><V8/><F8/><W100/><G100/><T126/><D126/><U92/><E92/><N who="2" m="58823" /><F54/><W44/><G16/><T9/><D134/><U56/><E132/><V93/><F46/><W30/><G25/><T73/><D94/><U53/><E34/><N who="2" m="20775" /><F93/><W85/><G47/><T14/><D6/><U57/><E83/><N who="2" m="47615" /><F20/><W104/><G104/><T32/><D32/><U115/><E28/><V80/><F80/><W128/><G128/><T91/><D73/><U40/><E35/><V45/><F45/><W61/><G61/><T114/><D114/><U123/><E115/><V105/><F105/><W107/><G107/><T129/><D129/><U88/><E122/><V71/><F71/><W78/><G78/><T13/><REACH who="0" step="1"/><D4/><REACH who="0" ten="103,175,378,334" step="2"/><U37/><E121/><V119/><F119/><W21/><G21/><T67/><D67/><U63/><E123/><V95/><F95/><N who="3" m="54735" /><G89/><T81/><D81/><U86/><E88/><V113/><F113/><W41/><G41/><T133/><D133/><U36/><E40/><V38/><F26/><W116/><G116/><T62/><D62/><U49/><E63/><V77/><F77/><RYUUKYOKU ba="1,1" sc="103,10,175,-30,378,10,334,10" hai0="9,12,13,14,15,18,50,51,60,64,68,82,91" hai2="38" hai3="30,31,42,44,72,74,75,96,97,99" /><INIT seed="3,2,1,1,2,132" ten="113,145,388,344" oya="3" hai0="110,73,10,38,56,15,49,83,11,16,34,60,98" hai1="115,63,9,88,21,12,133,103,0,20,127,37,3" hai2="90,45,101,72,125,78,28,93,33,94,92,48,82" hai3="25,117,111,134,107,4,76,17,86,102,80,89,57"/><W131/><G117/><T35/><D38/><U129/><E127/><V59/><F125/><W118/><G118/><T41/><D110/><U8/><E37/><V121/><F121/><W116/><G116/><T81/><D35/><U104/><E115/><V44/><F101/><W113/><G113/><T99/><D34/><U114/><E114/><V7/><F7/><W77/><G134/><T79/><D11/><U87/><E133/><V5/><F5/><W6/><G131/><T55/><D81/><U26/><E9/><V74/><F74/><W32/><G111/><T29/><D29/><U31/><E21/><V75/><F75/><W46/><G107/><T64/><D41/><U135/><E129/><V122/><F122/><W108/><G108/><T84/><D73/><U61/><E135/><V68/><F68/><AGARI ba="2,1" hai="10,15,16,49,55,56,60,64,68,79,83,84,98,99" machi="68" ten="30,2000,0" yaku="7,1,54,1" doraHai="132" who="0" fromWho="2" sc="113,36,145,0,388,-26,344,0" owari="149,-25.1,145,-35.5,362,46.2,344,14.4" /></mjloggm>