<mjloggm ver="2.3"><GO type="225" lobby="0"/><UN n0="%E3%83%8F%E3%82%A4%E3%83%91%E3%83%BC%E3%83%84%E3%83%8A%E7%BC%B6" n1="%E3%83%97%E3%83%AC%E3%83%B4%E3%82%A1%E3%83%86%E3%82%A3" n2="%E5%8F%AF%E5%85%90%E9%82%A3%E7%94%B1%E5%A4%9A" n3="%E3%81%8B%E3%82%8F%E3%81%A1%E3%82%83%E3%82%93%35%38" dan="16,16,16,16" rate="2089.92,2102.15,2210.08,2187.07" sx="M,F,F,M"/><TAIKYOKU oya="0"/><INIT seed="0,0,0,3,2,77" ten="250,250,250,250" oya="0" hai0="56,119,24,37,22,113,120,67,18,44,33,107,99" hai1="8,58,66,123,79,47,72,13,81,132,46,114,87" hai2="134,73,85,25,52,40,124,130,115,131,97,34,90" hai3="36,101,118,2,96,11,51,60,41,57,109,53,4"/><T80/><D113/><U55/><E123/><V86/><F115/><W122/><G109/><T63/><D119/><U89/><E114/><V129/><F73/><W10/><G122/><T9/><D120/><U19/><E66/><V65/><F124/><W64/><G118/><T16/><D33/><U74/><E132/><V121/><F121/><W5/><G41/><T105/><D99/><U12/><E12/><V23/><F134/><W3/><G36/><T28/><D107/><U133/><E72/><V82/><F34/><W93/><REACH who="3" step="1"/><G51/><REACH who="3" ten="250,250,250,240" step="2"/><T31/><D37/><U116/><E116/><V128/><F40/><W20/><G20/><T78/><D105/><U106/><E106/><V91/><F129/><W59/><G59/><T126/><D44/><U95/><E133/><V69/><F69/><W112/><G112/><T84/><D126/><U6/><E6/><V30/><F65/><AGARI ba="0,1" hai="2,3,4,5,10,11,53,57,60,64,65,93,96,101" machi="65" ten="40,2600,0" yaku="1,1,9,1,53,0" doraHai="77" doraHaiUra="17" who="3" fromWho="2" sc="250,0,250,0,250,-26,240,36" /><INIT seed="1,0,0,2,4,121" ten="250,250,224,276" oya="1" hai0="112,22,46,63,100,89,133,64,56,74,13,75,40" hai1="49,93,131,79,127,105,103,41,90,5,98,82,0" hai2="48,88,50,68,18,9,44,3,33,119,122,114,62" hai3="128,83,113,32,53,16,37,120,97,106,55,118,12"/><U10/><E127/><V129/><F33/><W91/><G113/><T108/><D112/><U126/><E126/><V7/><F114/><W57/><G120/><T60/><D100/><U92/><E131/><V73/><F122/><W58/><G32/><T86/><D133/><U15/><E0/><V116/><F73/><W34/><G34/><T70/><D22/><U80/><E82/><V81/><F129/><W124/><G37/><T72/><D13/><U115/><E115/><V52/><F18/><W94/><G128/><T54/><D108/><U61/><E61/><V135/><F135/><W125/><G118/><T1/><D1/><U130/><E130/><V123/><F123/><W21/><G106/><T109/><D109/><U43/><E49/><V39/><F39/><W36/><G36/><T84/><REACH who="0" step="1"/><D89/><REACH who="0" ten="240,250,224,276" step="2"/><U19/><E5/><V14/><F3/><W47/><G125/><T71/><D71/><U11/><E11/><V77/><F77/><W28/><G124/><T24/><D24/><U134/><E134/><V23/><F23/><W26/><G26/><T69/><D69/><U78/><E78/><V132/><F132/><W35/><G12/><T6/><D6/><U111/><E111/><V25/><F25/><W96/><G35/><T20/><D20/><U85/><REACH who="1" step="1"/><E105/><REACH who="1" ten="240,240,224,276" step="2"/><V17/><F7/><W27/><G16/><T4/><D4/><U45/><E45/><V95/><F44/><W110/><G47/><T42/><D42/><U104/><E104/><V65/><F116/><W99/><G110/><T87/><D87/><AGARI ba="0,2" hai="10,15,19,41,43,79,80,85,87,90,92,93,98,103" machi="87" ten="30,5800,0" yaku="1,1,7,1,8,1,53,0" doraHai="121" doraHaiUra="66" who="1" fromWho="0" sc="240,-58,240,78,224,0,276,0" /><INIT seed="1,1,0,3,4,5" ten="182,318,224,276" oya="1" hai0="61,67,107,120,97,135,129,52,90,30,93,11,132" hai1="7,112,6,134,58,14,124,60,57,51,95,29,35" hai2="10,80,75,91,110,121,89,62,23,94,50,28,25" hai3="46,128,18,65,54,34,123,130,55,31,36,1,19"/><U41/><E112/><V87/><F121/><W72/><G123/><T27/><D120/><U13/><E124/><V77/><F110/><W48/><G72/><T33/><D107/><U105/><E105/><V44/><F62/><W102/><G36/><T32/><D32/><U8/><E134/><N who="0" m="51241" /><D129/><U73/><E73/><V131/><F131/><W126/><G1/><T63/><D67/><U92/><E35/><V70/><F70/><W71/><G102/><T83/><D83/><U85/><E29/><V17/><F89/><W109/><G126/><T79/><D79/><U47/><E85/><V38/><F38/><W96/><G34/><T84/><D97/><U4/><E58/><V64/><F64/><W68/><G96/><T113/><D113/><U12/><REACH who="1" step="1"/><E8/><REACH who="1" ten="182,308,224,276" step="2"/><V78/><F75/><W74/><G31/><T53/><D11/><U76/><E76/><V99/><F78/><W133/><G74/><T43/><D43/><U45/><E45/><V56/><F56/><W59/><G59/><T117/><D117/><U127/><E127/><V15/><F77/><W115/><G133/><T49/><D49/><U0/><E0/><V40/><REACH who="2" step="1"/><F99/><REACH who="2" ten="182,308,214,276" step="2"/><W101/><G115/><T100/><D100/><U108/><E108/><V103/><F103/><W16/><G101/><T86/><D86/><U24/><E24/><V119/><F119/><W42/><G109/><T22/><D33/><U69/><E69/><N who="3" m="26698" /><G130/><T81/><D61/><U104/><E104/><V122/><F122/><W98/><G128/><T125/><D63/><U2/><E2/><V37/><F37/><W3/><G3/><RYUUKYOKU ba="1,2" sc="182,-15,308,15,214,15,276,-15" hai1="4,6,7,12,13,14,41,47,51,57,60,92,95" hai2="10,15,17,23,25,28,40,44,50,80,87,91,94" /><INIT seed="1,2,2,0,3,91" ten="167,323,229,261" oya="1" hai0="84,30,113,37,132,3,29,20,27,76,64,115,124" hai1="122,62,4,66,93,95,81,18,128,99,44,112,59" hai2="114,119,120,106,10,125,111,126,104,74,80,39,17" hai3="45,15,46,89,48,75,133,41,87,96,72,52,77"/><U22/><E112/><V98/><F17/><W88/><G133/><T34/><D37/><U101/><E122/><V49/><F10/><W7/><G77/><T60/><D132/><U116/><E116/><V134/><F49/><W100/><G7/><T83/><D3/><U108/><E4/><V129/><F98/><W82/><G89/><T90/><D124/><U121/><E121/><V103/><F103/><W11/><G15/><T73/><D34/><U97/><E128/><V130/><F80/><W12/><G12/><T56/><REACH who="0" step="1"/><D30/><REACH who="0" ten="157,323,229,261" step="2"/><U71/><E108/><V8/><F126/><W55/><G11/><T26/><D26/><N who="1" m="14679" /><E71/><V33/><F8/><W38/><REACH who="3" step="1"/><G55/><REACH who="3" ten="157,323,229,251" step="2"/><T131/><D131/><U13/><E13/><V36/><F130/><W1/><G1/><T86/><D86/><U109/><E109/><V85/><F85/><W53/><G53/><T69/><D69/><U35/><E35/><V65/><F129/><W117/><G117/><T94/><AGARI ba="2,4" hai="20,27,29,56,60,64,73,76,83,84,90,94,113,115" machi="94" ten="20,5200,0" yaku="1,1,0,1,7,1,52,1,53,0" doraHai="91" doraHaiUra="70" who="0" fromWho="0" sc="157,98,323,-28,229,-15,251,-15" /><INIT seed="2,0,0,5,4,36" ten="255,295,214,236" oya="2" hai0="5,119,9,96,80,39,87,113,103,77,31,132,79" hai1="109,133,25,43,42,98,88,121,13,120,105,107,81" hai2="33,28,128,27,73,101,94,84,32,116,104,102,15" hai3="52,111,97,40,58,1,122,131,16,0,57,17,54"/><V67/><F116/><W99/><G111/><T108/><D113/><U53/><E109/><V76/><F128/><W37/><G37/><T91/><D108/><U49/><E25/><V78/><F33/><W61/><G131/><T95/><D119/><U129/><E129/><V106/><F73/><W21/><G40/><N who="1" m="15402" /><E13/><V74/><F74/><W85/><G122/><N who="1" m="47210" /><E133/><V45/><F67/><W63/><G85/><T135/><D39/><U115/><E115/><V35/><F84/><W20/><AGARI ba="0,0" hai="0,1,16,17,20,21,52,54,57,58,61,63,97,99" machi="20" ten="25,8000,1" yaku="0,1,22,2,54,2" doraHai="36" who="3" fromWho="3" sc="255,-20,295,-20,214,-40,236,80" /><INIT seed="3,0,0,1,4,88" ten="235,275,174,316" oya="3" hai0="24,21,45,69,103,104,76,50,16,59,40,49,102" hai1="17,37,105,22,127,79,29,13,114,39,60,20,12" hai2="118,120,25,115,126,122,46,35,63,123,15,5,42" hai3="125,119,73,27,131,108,113,6,68,134,33,106,4"/><W72/><RYUUKYOKU type="yao9" ba="0,0" sc="235,0,275,0,174,0,316,0" hai3="4,6,27,33,68,72,73,106,108,113,119,125,131,134" /><INIT seed="3,1,0,3,3,91" ten="235,275,174,316" oya="3" hai0="69,4,126,59,114,48,58,31,25,134,47,106,79" hai1="117,24,103,80,67,55,19,57,92,38,8,77,49" hai2="121,60,131,5,63,41,113,53,82,94,65,54,70" hai3="72,20,37,132,11,17,104,16,9,27,23,68,135"/><W105/><G68/><T33/><D69/><U2/><E38/><V100/><F113/><W15/><G72/><T18/><D114/><U64/><E117/><V116/><F116/><W26/><G15/><T50/><D106/><U40/><E40/><V119/><F119/><W96/><G96/><T108/><D108/><U109/><E109/><V34/><F34/><W51/><G51/><T88/><D126/><U75/><E2/><V0/><F131/><W86/><G86/><T127/><D127/><U13/><E24/><V95/><F121/><W118/><G118/><T120/><D79/><U97/><AGARI ba="1,0" hai="8,13,19,49,55,57,64,67,75,77,80,92,97,103" machi="97" ten="30,2000,0" yaku="0,1,52,1" doraHai="91" who="1" fromWho="1" sc="235,-6,275,23,174,-6,316,-11" owari="229,-17.1,298,9.8,168,-33.2,305,40.5" /></mjloggm>