<mjloggm ver="2.3"><GO type="225" lobby="0"/><UN n0="%E4%B8%AD%E5%B9%B4%E3%81%AE%E5%8D%B1%E6%A9%9F" n1="%E6%B2%A1%E7%94%B7" n2="%E9%BA%BB%E9%9B%80%E5%B0%91%E5%B9%B4" n3="%E3%81%A1%E3%82%85%E3%81%86%E3%81%A9%E3%81%8F%E8%B1%A1%E3%81%95%E3%82%93" dan="16,16,17,16" rate="2094.88,2086.83,2160.77,2110.43" sx="M,M,M,M"/><TAIKYOKU oya="0"/><INIT seed="0,0,0,2,1,18" ten="250,250,250,250" oya="0" hai0="56,133,36,68,23,121,102,113,20,58,99,76,107" hai1="124,79,39,24,89,90,126,42,94,65,82,33,43" hai2="17,52,13,30,4,26,55,85,5,101,11,105,115" hai3="132,34,57,9,119,27,70,45,112,19,31,59,48"/><T50/><D121/><U106/><E106/><V98/><F115/><W3/><G112/><T92/><D113/><U88/><E65/><V78/><F78/><W38/><G119/><T51/><D36/><U91/><E33/><V12/><F85/><W62/><G38/><T86/><D68/><U35/><E35/><V87/><F87/><W15/><G132/><T83/><D133/><U111/><E111/><V134/><F134/><W61/><G3/><T16/><D107/><U130/><E130/><V81/><F81/><W123/><G123/><T22/><D16/><U41/><E24/><V44/><F44/><W6/><G6/><T131/><D131/><U66/><E66/><V1/><F12/><W67/><REACH who="3" step="1"/><G61/><REACH who="3" ten="250,250,250,240" step="2"/><T71/><D71/><U28/><E39/><V73/><F4/><W49/><G49/><AGARI ba="0,1" hai="20,22,23,49,50,51,56,58,76,83,86,92,99,102" machi="49" ten="40,12000,1" yaku="8,1,52,3" doraHai="18" who="0" fromWho="3" sc="250,130,250,0,250,0,240,-120" /><INIT seed="0,1,0,1,1,7" ten="380,250,250,120" oya="0" hai0="0,113,9,68,11,6,126,105,96,44,79,24,89" hai1="39,61,26,86,84,122,90,36,33,114,80,59,128" hai2="55,29,35,115,13,67,99,28,110,91,100,123,21" hai3="25,27,30,46,47,83,37,50,49,74,117,52,51"/><T76/><D113/><U16/><E122/><V104/><F123/><W15/><G117/><T98/><D68/><U71/><E71/><V45/><F115/><W18/><G37/><T60/><D126/><U1/><E1/><V107/><F110/><W102/><G102/><T56/><D105/><U69/><E69/><V12/><F107/><W57/><G74/><T5/><D44/><U116/><E116/><V54/><F67/><W87/><G46/><T108/><D24/><U32/><E114/><V10/><F35/><W2/><G2/><T97/><D108/><U38/><E128/><V78/><F78/><N who="0" m="29738" /><D0/><U62/><E86/><V4/><F91/><W118/><G118/><T41/><D41/><U73/><E73/><V53/><REACH who="2" step="1"/><F45/><REACH who="2" ten="380,250,240,120" step="2"/><W125/><G47/><T135/><D135/><U112/><E112/><V75/><F75/><W133/><G133/><T93/><D5/><U127/><E127/><V42/><F42/><W65/><G125/><T120/><D6/><U72/><E72/><V119/><F119/><W17/><G65/><N who="0" m="39047" /><D120/><U101/><E101/><V14/><F14/><W109/><G109/><T43/><D43/><U70/><E33/><V58/><F58/><W23/><G15/><T40/><D40/><U3/><E32/><V22/><F22/><N who="3" m="13519" /><G30/><T20/><D20/><N who="1" m="13575" /><E3/><V134/><F134/><W124/><G124/><T130/><D130/><U85/><E70/><V31/><F31/><W63/><G63/><N who="1" m="24074" /><E59/><V111/><F111/><W64/><G64/><T129/><D129/><U106/><E106/><V103/><F103/><W34/><G34/><T19/><D19/><AGARI ba="1,1" hai="4,10,12,13,19,21,28,29,53,54,55,99,100,104" machi="19" ten="40,8000,1" yaku="1,1,6,1,52,1,53,2" doraHai="7" doraHaiUra="8" who="2" fromWho="0" sc="380,-83,250,0,240,93,120,0" /><INIT seed="1,0,0,4,3,15" ten="297,250,333,120" oya="1" hai0="75,67,100,1,124,129,11,70,65,95,40,3,127" hai1="6,89,111,93,90,52,69,79,105,16,39,12,71" hai2="24,17,61,55,20,38,130,41,2,103,82,8,72" hai3="74,132,131,56,57,117,118,36,73,113,81,128,123"/><U110/><E105/><V83/><F130/><N who="3" m="49707" /><G123/><T62/><D75/><N who="3" m="28681" /><G81/><T97/><D129/><U14/><E79/><V32/><F103/><W76/><G76/><T60/><D40/><U84/><E39/><V43/><F32/><W48/><G36/><T108/><D108/><N who="1" m="41515" /><E6/><V4/><F72/><W101/><G101/><T27/><D27/><U13/><E52/><V51/><F61/><W30/><G30/><T86/><D86/><N who="1" m="52407" /><E16/><V106/><F106/><W34/><G34/><T42/><D42/><U33/><E33/><V104/><F104/><W31/><G31/><T9/><D1/><U88/><E90/><V46/><F43/><W114/><G132/><T126/><REACH who="0" step="1"/><D3/><REACH who="0" ten="287,250,333,120" step="2"/><U21/><E21/><V19/><F41/><W49/><G113/><T133/><D133/><U63/><E63/><V135/><F38/><W37/><G37/><T59/><AGARI ba="0,1" hai="9,11,59,60,62,65,67,70,95,97,100,124,126,127" machi="59" ten="30,7900,0" yaku="1,1,0,1,18,1,53,1" doraHai="15" doraHaiUra="54" who="0" fromWho="0" sc="287,89,250,-39,333,-20,120,-20" /><INIT seed="2,0,0,4,5,29" ten="376,211,313,100" oya="2" hai0="48,28,134,109,132,23,86,76,83,69,87,89,4" hai1="98,91,127,126,52,54,93,56,119,51,25,95,22" hai2="7,82,58,27,63,64,46,41,60,123,88,67,104" hai3="14,118,78,90,55,70,31,47,33,35,61,34,1"/><V37/><F123/><W112/><G118/><T11/><D69/><U57/><E119/><V21/><F104/><W24/><G1/><T16/><D28/><U39/><E39/><V133/><F133/><N who="0" m="51306" /><D48/><U3/><E3/><V26/><F7/><W120/><G120/><T116/><D116/><U10/><E95/><V121/><F121/><W72/><G112/><T122/><D122/><U124/><E10/><V94/><F82/><W12/><G90/><T80/><D109/><U100/><E100/><V40/><F40/><W101/><G101/><T92/><D80/><U9/><E9/><V73/><F73/><W53/><G78/><T106/><D106/><U0/><E0/><V79/><F79/><W125/><G125/><T129/><D129/><U18/><REACH who="1" step="1"/><E127/><REACH who="1" ten="376,201,313,100" step="2"/><V115/><F115/><W75/><G72/><N who="0" m="43399" /><D11/><U71/><E71/><V32/><F94/><W97/><G75/><T50/><D4/><U113/><E113/><V130/><F130/><W17/><G97/><T81/><D87/><U110/><E110/><V2/><F2/><W96/><G96/><T111/><D111/><U108/><E108/><V8/><F8/><W30/><G47/><T43/><D92/><U114/><E114/><V65/><F46/><W66/><G14/><T42/><D81/><U38/><E38/><V6/><F37/><W74/><G74/><T84/><D84/><U62/><AGARI ba="0,1" hai="18,22,25,51,52,54,56,57,62,91,93,98,124,126" machi="62" ten="30,12000,2" yaku="1,1,0,1,25,2,54,1,53,1" doraHai="29" doraHaiUra="13" who="1" fromWho="1" sc="376,-30,201,130,313,-60,100,-30" /><INIT seed="3,0,0,5,0,28" ten="346,331,253,70" oya="3" hai0="53,73,22,80,52,62,67,86,0,19,12,84,78" hai1="37,76,118,21,2,74,88,111,16,57,68,10,115" hai2="125,61,120,121,8,82,55,112,91,54,49,83,101" hai3="5,113,38,23,71,29,44,14,90,132,92,13,3"/><W47/><G113/><T48/><D0/><U110/><E115/><V30/><F112/><W131/><G71/><T40/><D40/><U98/><E68/><V69/><F101/><W134/><G131/><T127/><D127/><U60/><E37/><V27/><F125/><W36/><G3/><T42/><D42/><U64/><E111/><V18/><F121/><W129/><G129/><T81/><D48/><U96/><E110/><V85/><F120/><W94/><G5/><T75/><D75/><U65/><E118/><V72/><F72/><W123/><G123/><T103/><D103/><U43/><E43/><V50/><F82/><W105/><G29/><T100/><D100/><U117/><E117/><V26/><F69/><W114/><G114/><T59/><D73/><U58/><E76/><AGARI ba="0,0" hai="12,19,22,52,53,59,62,67,76,78,80,81,84,86" machi="76" ten="30,7700,0" yaku="7,1,9,1,8,1,54,1" doraHai="28" who="0" fromWho="1" sc="346,77,331,-77,253,0,70,0" owari="423,52.3,254,5.4,253,-14.7,70,-43.0" /></mjloggm>