<mjloggm ver="2.3"><GO type="225" lobby="0"/><UN n0="%E3%81%95%E3%81%8D%E3%81%9F%E3%81%BE%E6%9E%97%E6%AA%8E" n1="%E2%91%A3%E9%81%BF%E9%81%8A%E6%88%AF%E3%80%90%E6%9D%B1%E5%8D%97%E3%80%91" n2="%72%69%6F%75%63%68%61%6E" n3="%73%61%6E%64%69%72%69%73" dan="16,16,17,16" rate="2147.93,2107.03,2240.55,2104.54" sx="M,M,M,M"/><TAIKYOKU oya="0"/><INIT seed="0,0,0,1,2,5" ten="250,250,250,250" oya="0" hai0="8,118,92,22,4,87,9,84,80,86,34,69,32" hai1="134,122,74,28,113,63,75,12,3,43,112,23,31" hai2="35,96,2,116,1,68,53,106,82,102,56,42,61" hai3="85,54,81,24,128,100,36,29,129,111,45,33,55"/><T66/><D118/><U19/><E122/><V27/><F116/><W126/><G100/><T98/><D69/><U130/><E43/><V59/><F42/><N who="3" m="22727" /><G111/><T21/><D66/><U71/><E3/><V50/><F82/><W123/><G126/><T73/><D73/><U51/><E51/><V133/><F133/><W48/><G48/><T114/><D114/><N who="1" m="44139" /><E134/><V70/><F70/><W105/><G105/><T60/><D60/><U40/><E40/><V14/><F68/><W93/><G93/><T17/><D4/><U104/><E104/><V125/><F125/><W95/><G95/><T72/><D72/><N who="1" m="27691" /><E130/><N who="3" m="50282" /><G123/><T131/><D131/><U108/><E108/><V30/><REACH who="2" step="1"/><F14/><REACH who="2" ten="250,250,240,250" step="2"/><W47/><G47/><T83/><D80/><U67/><AGARI ba="0,1" hai="12,19,23,28,31,63,67,71" m="27691,44139" machi="67" ten="40,1500,0" yaku="11,1" doraHai="5" who="1" fromWho="1" sc="250,-7,250,25,240,-4,250,-4" /><INIT seed="1,0,0,2,5,133" ten="243,275,236,246" oya="1" hai0="109,36,42,10,14,101,3,112,79,33,108,19,72" hai1="26,60,55,34,87,8,117,89,4,59,88,44,80" hai2="50,49,24,61,58,46,7,113,23,124,128,30,29" hai3="106,126,129,131,2,48,6,95,99,96,65,12,45"/><U123/><E123/><V121/><F124/><W11/><G65/><T115/><D101/><U100/><E117/><V74/><F128/><N who="3" m="49227" /><G106/><T52/><D79/><U105/><E89/><V35/><F121/><W17/><G95/><T75/><D33/><U125/><E125/><V41/><F113/><W69/><G69/><T119/><D119/><U103/><E105/><V32/><F74/><N who="0" m="28202" /><D36/><U107/><E107/><V135/><F135/><W86/><G86/><T64/><D64/><U63/><E60/><V102/><F102/><W90/><G90/><T57/><D42/><U9/><E9/><V20/><F7/><W111/><G111/><N who="0" m="42571" /><D3/><U38/><E26/><V85/><F85/><W54/><G126/><T27/><D27/><U31/><E31/><N who="2" m="11787" /><F32/><W62/><G62/><AGARI ba="0,0" hai="10,14,19,52,57,62,112,115" m="42571,28202" machi="62" ten="30,2000,0" yaku="14,1,54,1" doraHai="133" who="0" fromWho="3" sc="243,20,275,0,236,0,246,-20" /><INIT seed="2,0,0,4,1,94" ten="263,275,236,226" oya="2" hai0="66,46,67,41,121,19,122,18,44,22,14,35,88" hai1="107,45,2,16,95,56,129,93,83,13,12,126,32" hai2="26,119,89,86,74,71,57,23,25,20,24,31,6" hai3="51,64,120,62,92,59,75,21,69,109,70,5,48"/><V105/><F119/><W85/><G75/><T100/><D100/><U73/><E12/><V65/><F74/><W10/><G120/><T103/><D103/><U42/><E107/><V110/><F105/><W49/><G109/><T11/><D35/><U135/><E2/><V40/><F110/><W80/><G21/><T78/><D78/><U38/><E32/><V1/><F71/><W28/><G28/><T117/><D117/><U63/><E129/><V91/><F40/><W102/><G92/><T115/><D115/><U128/><E128/><V27/><F20/><W0/><REACH who="3" step="1"/><G102/><REACH who="3" ten="263,275,236,216" step="2"/><T7/><D122/><U33/><E93/><V118/><F118/><W36/><G36/><T116/><D116/><U98/><E73/><V39/><F39/><W60/><G60/><T124/><D22/><U8/><E33/><V134/><F134/><W37/><G37/><T9/><D121/><U15/><E135/><V17/><F31/><W50/><N who="3" m="12288" /><DORA hai="106" /><W4/><G4/><T123/><D7/><U90/><E38/><V81/><F6/><W131/><G131/><T133/><D123/><U104/><E95/><V43/><F43/><W97/><G97/><T55/><D41/><U53/><E98/><V79/><F1/><W76/><AGARI ba="0,1" hai="0,5,10,59,62,64,69,70,76,80,85" m="12288" machi="76" ten="40,2700,0" yaku="1,1,0,1,53,0" doraHai="94,106" doraHaiUra="132,113" who="3" fromWho="3" sc="263,-7,275,-7,236,-13,216,37" /><INIT seed="3,0,0,3,5,115" ten="256,268,223,253" oya="3" hai0="105,123,113,133,72,68,46,69,81,83,15,91,9" hai1="98,14,106,114,85,92,30,25,66,34,29,13,80" hai2="47,8,19,0,70,84,50,16,42,93,125,130,40" hai3="55,119,67,88,36,22,127,57,24,135,78,124,117"/><W116/><G36/><T4/><D123/><U54/><E114/><V3/><F70/><W126/><G135/><T97/><D113/><U74/><E30/><V37/><F125/><W38/><G38/><T107/><D133/><U6/><E6/><V65/><F130/><W49/><G78/><T75/><D46/><U128/><E128/><V53/><F65/><W7/><G7/><T94/><D69/><U2/><E2/><V112/><F112/><W134/><G134/><T62/><D62/><U109/><E74/><V103/><F40/><W76/><G76/><T41/><D41/><U99/><E54/><V101/><F101/><W1/><G1/><T45/><D68/><U96/><E106/><V108/><F108/><W51/><G88/><T12/><D45/><U20/><E66/><V95/><F84/><W132/><G132/><T90/><D94/><U17/><E109/><V110/><F110/><W89/><G89/><T32/><D9/><U23/><E34/><V71/><F71/><W10/><G10/><T26/><D4/><U59/><E59/><N who="2" m="33207" /><F8/><W60/><G67/><T64/><D64/><U21/><E92/><N who="2" m="35403" /><F103/><W87/><G87/><T31/><D31/><AGARI ba="0,0" hai="22,24,31,49,51,55,57,60,116,117,119,124,126,127" machi="31" ten="50,12000,1" yaku="18,1,52,3" doraHai="115" who="3" fromWho="0" sc="256,-120,268,0,223,0,253,120" owari="136,-36.4,268,6.8,223,-17.7,373,47.3" /></mjloggm>