<mjloggm ver="2.3"><GO type="225" lobby="0"/><UN n0="%72%69%6F%75%63%68%61%6E" n1="%4D%6F%6E%61%6E%61" n2="%6D%75%75%73%61%6E%6D%75" n3="%E6%98%93%E5%88%A9%E8%96%A9%E4%BC%AF" dan="16,16,16,16" rate="2171.76,2111.25,2130.19,2025.37" sx="M,F,F,F"/><TAIKYOKU oya="0"/><INIT seed="0,0,0,0,0,63" ten="250,250,250,250" oya="0" hai0="47,25,75,102,44,4,54,124,66,13,10,88,22" hai1="46,95,114,38,59,84,8,69,19,65,133,94,2" hai2="87,89,130,100,121,39,104,30,31,45,34,28,76" hai3="64,11,37,5,86,55,6,26,125,74,72,98,108"/><T111/><D124/><U106/><E106/><V7/><F121/><W62/><G37/><T80/><D111/><U53/><E133/><V35/><F130/><W23/><G125/><T67/><D102/><U127/><E127/><V129/><F129/><W131/><G108/><T112/><D112/><U33/><E114/><V51/><F39/><W60/><G131/><T36/><D75/><U90/><E33/><V132/><F132/><W113/><G113/><T21/><D21/><U134/><E134/><V110/><F110/><W15/><G6/><T20/><D20/><U83/><E46/><N who="0" m="17449" /><D36/><U93/><E38/><V107/><F76/><W48/><G86/><N who="0" m="50247" /><D54/><U85/><E2/><V3/><F7/><W14/><G14/><T50/><D50/><U115/><E115/><V123/><F3/><W40/><G98/><T117/><D117/><U32/><E53/><V52/><F123/><W118/><G62/><T91/><D91/><N who="1" m="51615" /><E32/><V16/><F34/><W24/><G118/><T78/><D78/><U57/><E69/><V43/><F35/><W79/><G79/><T68/><D68/><U17/><E57/><V135/><F135/><W126/><G126/><T41/><D41/><U97/><E8/><V99/><F107/><W101/><G40/><T42/><D42/><U119/><E119/><V73/><F43/><W29/><G101/><T58/><D58/><U82/><E97/><V116/><F116/><W1/><G1/><T27/><D27/><U122/><E122/><V103/><F73/><N who="3" m="28267" /><G26/><T81/><D81/><U0/><E0/><V105/><F105/><W120/><G120/><RYUUKYOKU ba="0,0" sc="250,15,250,15,250,-15,250,-15" hai0="4,10,13,22,25,66,67" hai1="17,19,59,65,82,85,90,93,94,95" /><INIT seed="0,1,0,4,1,108" ten="265,265,235,235" oya="0" hai0="28,98,32,72,87,12,116,15,46,112,65,3,56" hai1="77,52,76,100,22,48,18,109,127,0,111,123,120" hai2="14,99,85,13,41,134,132,27,96,62,82,63,93" hai3="6,35,97,90,118,61,43,34,38,25,55,130,67"/><T125/><D112/><U113/><E0/><V66/><F41/><W110/><G110/><N who="1" m="41994" /><E113/><V70/><F62/><W30/><G118/><T59/><D116/><U71/><E71/><V53/><F53/><W45/><G130/><T103/><D72/><U10/><E10/><V11/><F27/><W106/><G6/><T2/><D125/><U5/><E100/><V79/><F14/><W101/><G55/><T105/><D46/><N who="1" m="27671" /><E5/><V36/><F36/><W26/><G90/><T91/><D2/><U20/><E20/><V95/><F99/><W29/><G61/><T133/><D133/><N who="2" m="51306" /><F96/><W114/><G67/><T117/><D3/><U1/><E127/><V49/><F49/><W75/><G114/><T58/><D65/><U115/><E115/><V102/><F102/><W86/><G86/><T51/><D117/><U84/><E1/><V8/><F8/><W23/><G23/><T16/><D51/><U64/><E64/><V69/><F69/><W42/><REACH who="3" step="1"/><G43/><REACH who="3" ten="265,265,235,225" step="2"/><T135/><D135/><U121/><E84/><V47/><F47/><W126/><G126/><T60/><D60/><U4/><E4/><AGARI ba="1,1" hai="4,11,13,63,66,70,79,82,85,93,95" m="51306" machi="4" ten="30,1000,0" yaku="20,1" doraHai="108" who="2" fromWho="1" sc="265,0,265,-13,235,23,225,0" /><INIT seed="1,0,0,3,4,46" ten="265,252,258,225" oya="1" hai0="117,68,63,16,36,13,37,20,108,106,129,82,62" hai1="41,33,121,48,104,47,0,6,38,2,59,112,123" hai2="134,122,30,66,133,88,45,8,65,23,126,32,53" hai3="90,77,74,15,17,87,86,9,84,1,72,51,39"/><U28/><E104/><V27/><F122/><W78/><G39/><T64/><D117/><U11/><E112/><V110/><F110/><W114/><G114/><T118/><D118/><U43/><E0/><V14/><F126/><W61/><G61/><T103/><D108/><U50/><E38/><V26/><F66/><W125/><G125/><T76/><D129/><U5/><E5/><V113/><F65/><W100/><G100/><T35/><D35/><U42/><E59/><V124/><F124/><W49/><G90/><T4/><D62/><U60/><E60/><V55/><F113/><W67/><G67/><T56/><D68/><U101/><E101/><V127/><F127/><W115/><G1/><T10/><D106/><U97/><E97/><V85/><F26/><W116/><G115/><T93/><D93/><U31/><E31/><V24/><F24/><W79/><REACH who="3" step="1"/><G116/><REACH who="3" ten="265,252,258,215" step="2"/><T99/><D103/><U80/><E121/><V132/><F132/><W128/><G128/><T81/><D99/><U107/><E123/><V3/><F134/><W7/><G7/><T21/><D4/><U19/><E6/><V73/><F3/><W71/><G71/><T52/><D64/><U44/><E2/><V131/><F133/><W40/><G40/><T25/><D37/><U12/><E41/><V120/><F131/><W96/><G96/><T89/><D36/><U18/><E42/><V69/><F120/><W130/><G130/><T75/><D25/><N who="1" m="18575" /><E43/><V111/><F69/><W102/><G102/><T92/><D92/><U94/><E94/><V91/><F27/><W29/><G29/><RYUUKYOKU ba="0,1" sc="265,15,252,-15,258,-15,215,15" hai0="10,13,16,20,21,52,56,63,75,76,81,82,89" hai3="9,15,17,49,51,72,74,77,78,79,84,86,87" /><INIT seed="2,1,1,1,5,8" ten="280,237,243,230" oya="2" hai0="46,133,69,14,60,23,113,38,29,13,53,96,12" hai1="24,71,125,25,102,94,36,19,73,90,100,67,134" hai2="30,85,63,109,129,121,126,16,54,22,57,83,44" hai3="103,82,52,99,86,77,35,75,115,58,91,5,79"/><V93/><F121/><W110/><G35/><T84/><D113/><U72/><E36/><V104/><F104/><W37/><G37/><T92/><D133/><U6/><E6/><V48/><F129/><W27/><G110/><T28/><D84/><U51/><E134/><V56/><F109/><W10/><G27/><T59/><D69/><U31/><E71/><V112/><F112/><W123/><G123/><T49/><D38/><U41/><E67/><V101/><F126/><W17/><G17/><T4/><D23/><N who="1" m="15775" /><E72/><V21/><F30/><W111/><G111/><T130/><D4/><U32/><E73/><V9/><F9/><W47/><G47/><T76/><D76/><U33/><E33/><V107/><F107/><W105/><G75/><T66/><D130/><U42/><E32/><V97/><F22/><W124/><G124/><T18/><D18/><U135/><E135/><V78/><F63/><W39/><G39/><T108/><D108/><U64/><E64/><V62/><F62/><W117/><G117/><T43/><D66/><U68/><E68/><V120/><F120/><W7/><G7/><T20/><D20/><N who="1" m="13471" /><E125/><V128/><F128/><W40/><G40/><N who="1" m="15466" /><E51/><V34/><F34/><W114/><G114/><T119/><D119/><U88/><E90/><AGARI ba="1,1" hai="12,13,14,28,29,43,46,49,53,59,60,90,92,96" machi="90" ten="40,8000,1" yaku="8,1,52,3" doraHai="8" who="0" fromWho="1" sc="280,93,237,-83,243,0,230,0" /><INIT seed="3,0,0,5,0,12" ten="373,154,243,230" oya="3" hai0="100,28,74,34,110,46,129,113,98,62,86,14,134" hai1="58,89,41,27,37,133,105,43,120,108,106,5,0" hai2="103,8,130,71,38,50,2,22,87,40,7,3,39" hai3="76,66,82,54,92,97,83,48,124,13,18,80,33"/><W19/><G33/><T122/><D122/><U35/><E108/><V6/><F71/><W125/><G66/><T53/><D74/><U61/><E120/><V30/><F130/><W93/><G76/><T79/><D110/><U81/><E133/><V72/><F72/><W11/><G97/><T104/><D129/><U70/><E70/><V51/><F103/><W121/><G121/><T32/><D28/><U85/><E105/><V1/><F87/><W17/><G93/><T88/><D134/><U132/><E106/><V31/><F3/><W26/><G92/><T126/><D126/><N who="3" m="48745" /><G26/><T116/><D116/><U44/><E132/><V52/><F40/><W47/><AGARI ba="0,0" hai="11,13,17,18,19,47,48,54,80,82,83" m="48745" machi="47" ten="30,11700,0" yaku="18,1,52,3" doraHai="12" who="3" fromWho="3" sc="373,-39,154,-39,243,-39,230,117" owari="334,13.4,115,-38.5,204,-19.6,347,44.7" /></mjloggm>