<mjloggm ver="2.3"><GO type="225" lobby="0"/><UN n0="%E3%82%BC%E3%83%AB%E3%83%80%E3%81%AE%E4%BC%9D%E8%AA%AC" n1="%E8%90%BD%E6%97%A5" n2="%E3%81%A8%E3%82%93%E3%81%A8%E3%81%93%E3%81%A8%E3%82%93" n3="%E3%81%BF%E3%81%BF%E3%81%9A" dan="17,16,16,17" rate="2174.24,2178.02,2109.00,2253.90" sx="M,F,F,M"/><TAIKYOKU oya="0"/><INIT seed="0,0,0,5,0,118" ten="250,250,250,250" oya="0" hai0="97,113,52,70,72,55,65,42,120,6,51,126,53" hai1="63,71,77,0,20,64,62,26,101,32,60,94,46" hai2="110,122,123,114,54,37,18,124,35,49,43,133,115" hai3="47,39,19,12,131,48,86,25,29,92,34,93,87"/><T99/><D113/><N who="2" m="43018" /><F35/><W66/><G39/><T13/><D72/><U58/><E0/><V16/><F18/><W38/><G38/><T45/><D120/><N who="2" m="46122" /><F16/><W121/><G131/><T41/><D126/><U103/><E32/><V76/><F76/><W40/><G121/><T31/><D42/><U85/><E46/><N who="2" m="23919" /><F124/><W57/><G34/><T23/><D65/><U15/><E15/><V56/><F110/><W112/><G29/><T129/><D70/><U130/><E71/><V135/><AGARI ba="0,0" hai="49,54,56,133,135" m="23919,46122,43018" machi="135" ten="40,8000,1" yaku="34,2,52,3" doraHai="118" who="2" fromWho="2" sc="250,-40,250,-20,250,80,250,-20" /><INIT seed="1,0,0,4,1,3" ten="210,230,330,230" oya="1" hai0="22,31,102,129,12,9,89,15,1,123,84,6,119" hai1="49,27,116,87,128,43,99,96,34,50,109,79,76" hai2="130,105,120,29,8,13,18,48,86,45,117,133,80" hai3="103,20,38,97,61,39,66,127,131,100,53,121,70"/><U107/><E116/><V46/><F120/><W33/><G121/><T92/><D123/><U94/><E128/><V32/><F117/><W75/><G131/><T124/><D119/><U19/><E109/><V23/><F130/><W28/><G127/><T135/><D129/><U35/><E107/><V108/><F105/><W64/><G75/><T77/><D124/><U126/><E126/><V125/><F125/><W44/><G66/><T74/><D135/><U42/><E87/><V83/><F108/><W90/><G90/><T98/><D31/><U69/><E94/><V110/><F110/><W5/><G20/><T67/><D67/><U16/><REACH who="1" step="1"/><E27/><REACH who="1" ten="210,220,330,230" step="2"/><V47/><F133/><W71/><G103/><T111/><D111/><U10/><E10/><V56/><F86/><W59/><G100/><T4/><D74/><U14/><E14/><V106/><F106/><W30/><G97/><T40/><D1/><U72/><E72/><V112/><F8/><W0/><G0/><T114/><D102/><U21/><E21/><V132/><F13/><W11/><G33/><T113/><D22/><U82/><E82/><V68/><F23/><W24/><G24/><T88/><D98/><U36/><E36/><N who="3" m="13866" /><G28/><T52/><D9/><U7/><E7/><V81/><F32/><W78/><G30/><T25/><D25/><U118/><E118/><V104/><F29/><W2/><G78/><T60/><D77/><U134/><E134/><V93/><F132/><W101/><G101/><T58/><D92/><U55/><E55/><V57/><F93/><W115/><G115/><T62/><D114/><RYUUKYOKU ba="0,1" sc="210,-15,220,15,330,-15,230,15" hai1="16,19,34,35,42,43,49,50,69,76,79,96,99" hai3="2,5,11,44,53,59,61,64,70,71" /><INIT seed="1,1,1,3,4,97" ten="195,235,315,245" oya="1" hai0="94,48,127,95,78,7,80,69,17,14,23,24,13" hai1="39,115,89,75,3,110,107,53,33,1,38,91,58" hai2="79,18,96,134,15,123,86,50,72,83,111,67,130" hai3="118,31,11,102,74,47,68,85,16,114,20,10,98"/><U93/><E115/><V21/><F123/><W126/><G114/><T59/><D69/><U106/><E33/><V116/><F116/><W99/><G74/><T6/><D127/><U101/><E110/><V43/><F111/><W104/><G68/><T113/><D113/><U2/><E75/><V30/><F130/><W34/><G126/><T103/><D14/><U49/><E91/><V132/><F67/><W133/><G118/><T40/><D24/><U122/><E122/><V70/><F70/><W4/><G133/><T71/><D71/><U44/><E101/><V109/><F109/><W105/><G85/><N who="0" m="48279" /><D94/><U26/><E26/><V112/><F112/><W25/><G47/><N who="0" m="25703" /><D59/><U82/><E82/><V51/><F15/><W60/><G60/><T22/><D22/><U0/><N who="1" m="0" /><DORA hai="41" /><U73/><E73/><V88/><F21/><W64/><G4/><T32/><D32/><U61/><E107/><V63/><F83/><W42/><G42/><T125/><D125/><U52/><REACH who="1" step="1"/><E106/><REACH who="1" ten="195,225,315,245" step="2"/><V12/><F72/><W29/><G34/><T37/><D37/><U55/><E55/><V62/><F132/><W45/><G105/><T27/><D27/><U65/><E65/><V77/><F134/><W131/><G64/><T76/><D76/><U84/><AGARI ba="1,2" hai="38,39,44,49,52,53,58,61,84,89,93" m="0" machi="84" ten="60,12000,1" yaku="1,1,0,1,52,1,54,1,53,0" doraHai="97,41" doraHaiUra="117,121" who="1" fromWho="1" sc="195,-41,225,143,315,-41,245,-41" /><INIT seed="1,2,0,4,2,11" ten="154,368,274,204" oya="1" hai0="103,102,117,15,100,75,67,135,18,64,131,94,93" hai1="111,126,31,44,29,86,96,91,99,60,124,1,7" hai2="74,108,83,0,134,27,63,43,87,72,112,26,110" hai3="61,125,13,105,21,73,37,28,78,69,116,4,2"/><U59/><E44/><V25/><F134/><W8/><G105/><T19/><D117/><U120/><E120/><V123/><F123/><W88/><G37/><T32/><D135/><U35/><E1/><V41/><F0/><W38/><G38/><T95/><D75/><N who="2" m="28714" /><F63/><W101/><G101/><T46/><D32/><U133/><E7/><V33/><F33/><W53/><G116/><T16/><D131/><U30/><E35/><V48/><F48/><W77/><G125/><N who="1" m="48234" /><E133/><V128/><F128/><W66/><G73/><T47/><D15/><U118/><E118/><V22/><F22/><W132/><G132/><T54/><D54/><N who="1" m="33911" /><E111/><N who="2" m="42539" /><F112/><W97/><G53/><T12/><D12/><U82/><AGARI ba="2,0" hai="29,30,31,82,86,91,96,99" m="33911,48234" machi="82" ten="30,1500,0" yaku="18,1" doraHai="11" who="1" fromWho="1" sc="154,-7,368,21,274,-7,204,-7" /><INIT seed="1,3,0,1,3,119" ten="147,389,267,197" oya="1" hai0="22,58,28,105,124,0,63,76,100,42,112,91,34" hai1="72,71,3,121,126,129,67,56,132,96,25,81,51" hai2="131,24,8,66,83,110,5,78,88,40,94,99,90" hai3="29,49,113,44,1,16,109,87,41,4,84,102,31"/><U120/><E25/><V55/><F110/><W114/><G109/><T82/><D112/><U33/><E96/><V93/><F131/><W54/><G1/><T74/><D124/><U125/><E33/><V59/><F40/><W26/><G4/><T116/><D116/><U61/><E3/><V128/><F128/><W104/><G104/><T47/><D34/><U130/><E81/><V2/><F66/><W60/><G102/><T70/><D70/><U46/><E72/><V115/><F115/><W35/><G31/><T19/><D0/><U73/><E73/><V27/><F83/><W103/><G103/><T6/><D6/><U85/><E85/><V7/><F78/><W135/><G135/><T64/><D28/><U23/><E23/><V69/><F69/><W57/><G87/><T17/><D91/><U89/><E89/><V39/><F39/><W127/><G127/><N who="1" m="48650" /><E132/><V30/><F7/><W75/><G75/><T52/><D64/><U65/><E130/><V107/><F107/><W122/><G84/><T80/><D82/><U134/><E134/><V53/><F59/><W123/><REACH who="3" step="1"/><G16/><REACH who="3" ten="147,389,267,187" step="2"/><T10/><D10/><U18/><E18/><V98/><REACH who="2" step="1"/><F27/><REACH who="2" ten="147,389,257,187" step="2"/><W21/><G21/><AGARI ba="3,2" hai="2,5,8,21,24,30,53,55,88,90,93,94,98,99" machi="21" ten="30,12000,2" yaku="1,1,2,1,7,1,9,1,54,1,53,2" doraHai="119" doraHaiUra="48" who="2" fromWho="3" sc="147,0,389,0,257,149,187,-129" /><INIT seed="2,0,0,1,3,20" ten="147,389,406,58" oya="2" hai0="77,15,119,107,91,112,36,21,104,99,123,134,90" hai1="52,125,31,40,18,33,28,70,59,10,26,16,72" hai2="50,79,1,35,64,62,118,98,11,27,86,95,120" hai3="73,132,17,55,100,12,127,84,83,7,96,53,60"/><V110/><F118/><W22/><G127/><T71/><D71/><U94/><E70/><V85/><F120/><W74/><G132/><T13/><D36/><U87/><E72/><V88/><F79/><W130/><G130/><T75/><D21/><N who="1" m="13607" /><E33/><V82/><F50/><W49/><G7/><T43/><D43/><U56/><E40/><V30/><F110/><W111/><G111/><T105/><D15/><N who="1" m="7543" /><E125/><V61/><F82/><W9/><G60/><T124/><D13/><U97/><E87/><V3/><F62/><W101/><G55/><T131/><D112/><U34/><E34/><V51/><F51/><W48/><G49/><T68/><D68/><U47/><E47/><V113/><F113/><W24/><G74/><T23/><D107/><U8/><E8/><V69/><REACH who="2" step="1"/><F11/><REACH who="2" ten="147,389,396,58" step="2"/><W29/><G73/><T66/><D75/><U80/><E80/><V19/><F19/><W39/><G39/><T37/><D37/><U6/><E6/><V63/><F63/><W129/><G129/><T46/><D131/><U44/><E44/><V45/><F45/><N who="3" m="27791" /><G96/><T102/><D99/><U14/><E97/><V103/><F103/><W121/><G121/><T41/><D102/><U135/><E135/><V38/><F38/><W108/><G108/><T0/><D134/><U32/><E32/><V115/><F115/><W128/><G128/><T114/><D114/><U5/><E5/><V92/><F92/><W54/><G54/><T76/><D123/><U116/><E116/><V122/><F122/><W133/><G133/><T109/><D119/><U42/><E52/><V89/><F89/><AGARI ba="0,1" hai="9,12,17,22,24,29,83,84,89,100,101" m="27791" machi="89" ten="30,7700,0" yaku="6,1,25,1,8,1,52,1" doraHai="20" who="3" fromWho="2" sc="147,0,389,0,396,-77,58,87" /><INIT seed="3,0,0,5,4,121" ten="147,389,319,145" oya="3" hai0="79,40,97,35,3,29,48,26,87,30,25,104,19" hai1="62,81,89,14,32,37,133,17,6,27,0,10,58" hai2="125,46,31,98,57,115,49,124,96,88,77,39,84" hai3="54,114,130,9,129,74,5,28,16,43,122,75,18"/><W24/><G114/><T61/><D3/><U83/><E37/><V117/><F117/><W76/><G43/><T127/><D127/><U66/><E133/><V45/><F115/><W68/><G68/><T8/><D104/><U120/><E120/><V108/><F77/><W99/><G99/><T20/><D97/><N who="2" m="37482" /><F31/><N who="0" m="11786" /><D35/><U111/><E32/><V93/><F39/><W94/><G94/><T90/><D8/><U42/><E27/><V105/><F105/><W91/><G91/><T70/><D70/><U116/><E116/><V80/><F93/><W59/><G122/><T92/><D61/><U47/><E89/><V64/><F108/><W109/><G109/><T112/><D112/><U103/><E111/><V85/><F84/><W128/><G76/><T33/><D33/><U113/><E103/><V13/><F13/><N who="3" m="5295" /><G28/><T101/><D79/><U55/><E113/><V123/><F123/><W72/><G24/><N who="0" m="14367" /><D101/><U107/><E107/><V21/><F124/><W102/><G102/><T11/><D11/><U53/><E55/><V86/><F125/><W15/><G15/><T44/><AGARI ba="0,0" hai="25,26,40,44,48,87,90,92" m="14367,11786" machi="44" ten="30,1100,0" yaku="8,1" doraHai="121" who="0" fromWho="0" sc="147,11,389,-3,319,-3,145,-5" owari="158,-24.2,386,48.6,316,11.6,140,-36.0" /></mjloggm>