<mjloggm ver="2.3"><GO type="225" lobby="0"/><UN n0="%E9%B3%B3%E6%9D%B1%E3%81%AE%E3%81%86%E3%81%95%E3%81%8E%E3%81%95%E3%82%93" n1="%E3%83%AB%E3%83%9B%E3%83%B3%E3%83%87%E3%82%A3%E3%82%A8" n2="%E3%83%A1%E3%82%AC%E3%83%87%E3%82%B8" n3="%E3%81%9F%E3%81%A3%E3%81%A1%E3%82%87" dan="16,17,16,16" rate="2212.64,2204.52,2100.32,2060.34" sx="M,M,F,M"/><TAIKYOKU oya="0"/><INIT seed="0,0,0,5,3,85" ten="250,250,250,250" oya="0" hai0="110,71,128,13,48,1,92,7,66,35,24,118,32" hai1="87,116,62,108,86,18,134,50,54,70,53,105,76" hai2="52,22,122,47,103,9,6,15,81,83,21,74,89" hai3="114,68,27,46,119,58,100,37,117,106,41,98,126"/><T19/><D118/><U121/><E105/><V72/><F122/><W8/><G114/><T51/><D128/><U90/><E121/><V125/><F125/><W79/><G126/><T127/><D127/><U17/><E116/><V113/><F113/><W40/><G68/><T78/><D110/><U123/><E123/><V45/><F103/><W94/><G79/><T49/><D78/><U69/><E134/><V59/><F74/><W133/><G133/><T97/><D24/><U99/><E99/><V73/><F72/><W132/><G132/><T34/><D1/><U11/><E11/><V2/><F73/><W131/><G8/><T30/><D7/><U38/><E38/><V115/><F115/><W80/><G80/><N who="2" m="30793" /><F89/><W96/><G131/><T31/><D66/><U44/><E76/><V5/><F5/><W64/><G40/><T25/><D25/><U82/><E87/><V112/><F2/><W57/><G27/><T36/><D71/><U43/><E108/><V102/><F102/><W20/><G64/><T39/><D39/><U65/><REACH who="1" step="1"/><E69/><REACH who="1" ten="250,240,250,250" step="2"/><V56/><F112/><W42/><G117/><T28/><D36/><U29/><E29/><V135/><F135/><W4/><G37/><T88/><REACH who="0" step="1"/><D30/><REACH who="0" ten="240,240,250,250" step="2"/><U14/><E14/><V55/><F15/><W63/><G119/><T16/><D16/><AGARI ba="0,2" hai="16,17,18,43,44,50,53,54,62,65,70,82,86,90" machi="16" ten="40,5200,0" yaku="1,1,52,1,54,1,53,0" doraHai="85" doraHaiUra="23" who="1" fromWho="0" sc="240,-52,240,72,250,0,250,0" /><INIT seed="1,0,0,4,5,80" ten="188,312,250,250" oya="1" hai0="14,61,89,85,71,8,101,51,40,47,56,22,26" hai1="32,98,59,66,21,25,70,43,1,95,27,53,93" hai2="84,86,121,13,87,130,46,88,20,111,129,65,39" hai3="30,41,124,2,6,91,67,57,81,118,103,128,114"/><U132/><E1/><V112/><F121/><W76/><G114/><T77/><D71/><U45/><E32/><V105/><F105/><W110/><G110/><T125/><D125/><U17/><E132/><V122/><F122/><W42/><G124/><T29/><D101/><U92/><E70/><V90/><F65/><W28/><G128/><N who="2" m="49257" /><F111/><W16/><G2/><T52/><D77/><U131/><E66/><V75/><F75/><W31/><G6/><T117/><D117/><U73/><E73/><V33/><F33/><W9/><G103/><T104/><D104/><U135/><E135/><V116/><F116/><W78/><G91/><N who="2" m="34857" /><F112/><W36/><G118/><T119/><D119/><U68/><E68/><V7/><F20/><W133/><G133/><T102/><D102/><U49/><E131/><V72/><F72/><W24/><G36/><T120/><D120/><U12/><REACH who="1" step="1"/><E98/><REACH who="1" ten="188,302,250,250" step="2"/><V63/><F87/><W37/><G67/><T126/><D126/><U108/><E108/><V15/><F86/><W100/><G81/><T54/><D85/><U115/><E115/><V69/><F69/><W97/><G97/><T106/><D106/><U55/><E55/><V64/><F64/><W74/><G74/><T107/><D107/><U99/><E99/><V38/><F84/><W3/><G3/><T58/><D54/><U44/><E44/><V23/><F46/><W50/><G41/><T11/><D56/><U19/><E19/><N who="2" m="10735" /><F63/><AGARI ba="0,1" hai="12,17,21,25,27,43,45,49,53,59,63,92,93,95" machi="63" ten="40,3900,0" yaku="1,1,8,1,53,0" doraHai="80" doraHaiUra="79" who="1" fromWho="2" sc="188,0,302,49,250,-39,250,0" /><INIT seed="1,1,0,4,1,119" ten="188,351,211,250" oya="1" hai0="118,24,120,71,11,32,30,126,54,27,82,28,21" hai1="92,134,135,49,0,31,93,42,117,29,102,57,7" hai2="111,77,113,83,74,90,114,125,85,43,25,96,47" hai3="104,68,109,97,17,100,91,56,41,35,39,70,80"/><U59/><E0/><V50/><F111/><W51/><G35/><T20/><D118/><U123/><E7/><V3/><F3/><W76/><G109/><T19/><D71/><U127/><E42/><V69/><F69/><W13/><G39/><T110/><D110/><U40/><E40/><V2/><F2/><W6/><G6/><T94/><D126/><U121/><E49/><V101/><F25/><W55/><G91/><T73/><D54/><U86/><E86/><V15/><F15/><W115/><G41/><T37/><D37/><U65/><E102/><V48/><F48/><W22/><REACH who="3" step="1"/><G115/><REACH who="3" ten="188,351,211,240" step="2"/><T33/><D33/><U18/><E117/><V45/><F125/><W1/><G1/><T103/><D32/><U4/><E4/><V130/><F130/><W10/><G10/><T67/><D11/><U75/><E127/><V129/><F129/><W112/><G112/><T60/><D20/><U124/><E124/><V128/><F128/><W16/><G16/><T72/><D19/><U87/><E18/><V108/><F108/><W12/><G12/><T98/><D28/><U132/><E29/><V63/><F114/><W14/><G14/><T105/><D30/><U9/><E31/><V44/><F113/><W8/><G8/><T88/><D21/><U23/><E23/><V62/><F43/><W38/><G38/><T107/><D24/><U95/><E9/><V122/><F90/><W131/><G131/><T116/><D27/><U89/><E89/><V106/><F101/><W58/><G58/><T53/><D88/><U26/><E26/><V52/><F77/><RYUUKYOKU ba="1,1" sc="188,-10,351,-10,211,-10,240,30" hai3="13,17,22,51,55,56,68,70,76,80,97,100,104" /><INIT seed="2,2,1,0,0,35" ten="178,341,201,270" oya="2" hai0="33,71,128,34,52,134,64,62,58,60,31,77,12" hai1="68,36,113,47,112,79,87,120,81,6,21,99,73" hai2="123,124,106,131,74,102,50,43,76,125,45,127,69" hai3="122,93,89,55,88,46,8,59,15,49,30,94,133"/><V100/><F123/><W114/><G122/><T116/><D128/><U38/><E21/><V44/><F131/><W101/><G133/><T22/><D134/><U19/><E19/><V1/><F69/><W104/><G104/><T32/><D116/><U121/><E87/><V108/><F108/><W57/><G30/><T85/><D12/><U4/><E99/><V0/><F45/><W24/><G24/><T25/><D85/><U51/><E51/><V105/><F102/><W39/><G39/><N who="1" m="14890" /><E47/><V63/><F63/><W2/><G2/><N who="2" m="1129" /><F100/><W17/><G114/><T42/><REACH who="0" step="1"/><D77/><REACH who="0" ten="168,341,201,270" step="2"/><U103/><E79/><V117/><F117/><W20/><G8/><T11/><D11/><U83/><E120/><V118/><F118/><W67/><G94/><T40/><AGARI ba="2,2" hai="22,25,31,32,33,34,40,42,52,58,60,62,64,71" machi="40" ten="40,12000,2" yaku="1,1,0,1,54,1,53,3" doraHai="35" doraHaiUra="28" who="0" fromWho="0" sc="168,146,341,-32,201,-62,270,-32" /><INIT seed="3,0,0,5,3,108" ten="314,309,139,238" oya="3" hai0="46,95,105,123,52,12,107,85,32,73,71,54,8" hai1="1,16,11,100,65,82,14,96,20,87,23,59,3" hai2="121,111,75,131,92,81,126,122,76,18,119,128,127" hai3="42,27,2,120,80,62,57,36,26,6,133,25,70"/><W45/><G120/><N who="2" m="46185" /><F18/><W68/><G133/><T129/><D73/><U60/><E1/><V49/><F49/><W37/><G37/><T10/><D71/><U118/><E118/><V35/><F35/><W117/><G117/><T112/><D112/><U90/><E3/><V48/><F48/><W34/><G34/><T5/><D123/><U0/><E0/><V84/><F119/><W58/><G57/><T110/><D129/><N who="2" m="49738" /><F111/><W78/><G6/><T22/><D32/><U103/><E103/><V134/><F134/><W9/><G9/><T91/><D110/><U115/><E115/><V109/><F109/><W98/><G2/><T97/><D8/><U72/><E72/><V24/><F24/><W40/><G98/><T74/><D74/><U104/><AGARI ba="0,0" hai="11,14,16,20,23,59,60,65,82,87,90,96,100,104" machi="104" ten="20,2700,0" yaku="0,1,7,1,54,1" doraHai="108" who="1" fromWho="1" sc="314,-7,309,27,139,-7,238,-13" owari="307,10.7,336,43.6,132,-36.8,225,-17.5" /></mjloggm>