<mjloggm ver="2.3"><GO type="225" lobby="0"/><UN n0="%53%61%63%68%69%30%34" n1="%E5%86%B7%E5%87%8D%E3%82%AE%E3%83%A7%E3%83%BC%E3%82%B6" n2="%6D%75%75%6D%75%72%61" n3="%E3%83%A9%E3%82%B9%E7%8E%87%EF%BC%93%E5%89%B2" dan="16,16,17,16" rate="2086.22,2133.03,2149.95,2165.30" sx="M,M,F,F"/><TAIKYOKU oya="0"/><INIT seed="0,0,0,4,5,35" ten="250,250,250,250" oya="0" hai0="7,40,24,83,104,88,96,3,28,46,41,72,19" hai1="78,74,95,54,32,126,121,130,128,82,120,102,64" hai2="109,112,23,81,18,53,34,37,122,5,2,135,63" hai3="134,119,103,76,100,6,85,14,10,27,59,62,99"/><T133/><D133/><U117/><E32/><V69/><F112/><W44/><G119/><T55/><D19/><U98/><E64/><V52/><F122/><N who="1" m="47209" /><E54/><V125/><F135/><W26/><G134/><T58/><D104/><U9/><E9/><V20/><F109/><W15/><G15/><T16/><D72/><U70/><E70/><V101/><F125/><W49/><G76/><T67/><D67/><U39/><E39/><V115/><F34/><W90/><G59/><T113/><D113/><U33/><E33/><V75/><F37/><W50/><G50/><N who="0" m="31095" /><D28/><U106/><E117/><V21/><F115/><W48/><G48/><T71/><D3/><U131/><E95/><V22/><F69/><W80/><G62/><T114/><D71/><U124/><AGARI ba="0,0" hai="74,78,82,98,102,106,124,126,128,130,131" m="47209" machi="124" ten="40,8000,1" yaku="19,1,23,1,34,2" doraHai="35" who="1" fromWho="1" sc="250,-40,250,80,250,-20,250,-20" /><INIT seed="1,0,0,3,1,58" ten="210,330,230,230" oya="1" hai0="44,97,71,56,38,52,45,5,59,35,115,50,118" hai1="16,74,72,135,29,41,30,103,23,37,15,43,113" hai2="73,111,36,120,11,39,80,92,87,81,91,126,124" hai3="24,34,114,40,12,8,70,132,19,100,65,17,99"/><U42/><E113/><V90/><F120/><W49/><G114/><T102/><D35/><U1/><E135/><V4/><F111/><W60/><G132/><T129/><D115/><U14/><E1/><V84/><F73/><W104/><G49/><T79/><D118/><U107/><E37/><V26/><F92/><W57/><G40/><T21/><D71/><U133/><E133/><V89/><F89/><W78/><G78/><T75/><D129/><U69/><E69/><V127/><REACH who="2" step="1"/><F26/><REACH who="2" ten="210,330,220,230" step="2"/><W94/><G94/><T110/><D110/><U51/><E74/><V105/><F105/><W93/><G93/><T67/><D75/><U32/><E72/><V31/><F31/><W0/><G0/><AGARI ba="0,1" hai="0,4,11,36,39,80,81,84,87,90,91,124,126,127" machi="0" ten="40,5200,0" yaku="1,1,9,1,18,1,53,0" doraHai="58" doraHaiUra="88" who="2" fromWho="3" sc="210,0,330,0,220,62,230,-52" /><INIT seed="2,0,0,3,1,26" ten="210,330,282,178" oya="2" hai0="98,61,122,11,104,31,24,14,67,120,19,113,66" hai1="101,64,28,29,108,103,75,41,135,1,17,57,40" hai2="76,35,99,47,9,102,80,37,52,121,110,2,118" hai3="81,30,58,46,72,51,88,124,13,83,134,38,90"/><V8/><F118/><W89/><G134/><T56/><D113/><U21/><E1/><V39/><F121/><W34/><G124/><T82/><D67/><U43/><E75/><V107/><F35/><W128/><G128/><T92/><D104/><U77/><E77/><V49/><F110/><W123/><G123/><T0/><D0/><U33/><E135/><V27/><F27/><W42/><G72/><T45/><D45/><U73/><E73/><V97/><F97/><W44/><G58/><T69/><D82/><U117/><E117/><V133/><F133/><W84/><G83/><T79/><D69/><U130/><E130/><V68/><F68/><W95/><G95/><T7/><D79/><U62/><E108/><V111/><F111/><W5/><G30/><N who="1" m="11882" /><E33/><V4/><F8/><W15/><G34/><T114/><D114/><U105/><E105/><V127/><F127/><W59/><G59/><T126/><D126/><U71/><E71/><V129/><F129/><W16/><G5/><T22/><REACH who="0" step="1"/><D7/><REACH who="0" ten="200,330,282,178" step="2"/><U78/><E78/><V55/><F76/><W93/><G93/><T63/><D63/><U109/><E109/><V94/><F107/><W86/><G86/><T12/><D12/><AGARI ba="0,1" hai="12,17,21,40,41,43,57,62,64,101,103" m="11882" machi="12" ten="30,7700,0" yaku="8,1,52,3" doraHai="26" who="1" fromWho="0" sc="200,-77,330,87,282,0,178,0" /><INIT seed="3,0,0,4,1,35" ten="123,417,282,178" oya="3" hai0="83,121,60,79,47,88,40,105,8,113,85,80,74" hai1="37,3,42,25,70,120,0,100,71,89,124,27,20" hai2="110,84,62,111,115,91,96,108,75,61,5,49,53" hai3="22,123,56,97,94,68,30,77,102,15,11,92,129"/><W117/><G68/><T10/><D121/><U67/><E89/><V4/><F75/><W73/><G117/><T44/><D113/><U98/><E27/><V87/><F115/><W82/><G123/><T45/><D105/><U134/><E134/><V107/><F107/><W103/><G129/><T135/><D135/><U116/><E124/><V66/><F96/><W59/><G94/><T9/><REACH who="0" step="1"/><D60/><REACH who="0" ten="113,417,282,178" step="2"/><U99/><E120/><V19/><F61/><W57/><G103/><T58/><D58/><U64/><E42/><V16/><F62/><W1/><G57/><T24/><D24/><U48/><E37/><V118/><F118/><W39/><G39/><T18/><D18/><U29/><E48/><V6/><F19/><W95/><G59/><T133/><D133/><U125/><E125/><V109/><F109/><W69/><G56/><T52/><D52/><U34/><E71/><V78/><F53/><W33/><G69/><T36/><AGARI ba="0,1" hai="8,9,10,36,40,44,45,47,74,79,80,83,85,88" machi="36" ten="30,4000,0" yaku="1,1,0,1,54,1,53,0" doraHai="35" doraHaiUra="28" who="0" fromWho="0" sc="113,50,417,-10,282,-10,178,-20" owari="163,-23.7,407,50.7,272,7.2,158,-34.2" /></mjloggm>