<mjloggm ver="2.3"><GO type="225" lobby="0"/><UN n0="%E3%83%B4%E3%82%A3%E3%83%AF%E3%82%B3%E3%82%B0%E3%83%8B" n1="%E5%A4%96%E5%B7%9D%E7%AB%9C%E6%88%90" n2="%E7%B4%94%E6%BD%94%E3%83%94%E3%83%A9%E3%83%8B%E3%82%A2" n3="%E4%B8%89%E5%86%A0%E7%8E%8B%E3%83%BB%E5%B1%B1%E7%94%B0%E5%93%B2%E4%BA%BA" dan="16,16,18,16" rate="2152.01,2187.98,2204.54,2093.34" sx="M,M,M,M"/><TAIKYOKU oya="0"/><INIT seed="0,0,0,4,5,13" ten="250,250,250,250" oya="0" hai0="114,82,106,16,20,89,70,105,23,48,123,8,65" hai1="98,66,110,99,135,10,129,47,37,69,7,72,67" hai2="5,24,2,68,91,118,4,41,81,40,35,63,121" hai3="28,88,102,97,11,31,32,55,73,112,25,30,92"/><T86/><D114/><U58/><E72/><V19/><F35/><W84/><G112/><T131/><D123/><U124/><E110/><V49/><F2/><W127/><G127/><T9/><D131/><U125/><E69/><V59/><F68/><W79/><G55/><T15/><D23/><U83/><E83/><V94/><F81/><N who="3" m="45295" /><G11/><T36/><D36/><U62/><E67/><V12/><F118/><W61/><G61/><T87/><D48/><U74/><E74/><V100/><F100/><W103/><G103/><T43/><D43/><N who="2" m="16458" /><F49/><W133/><G133/><T34/><D34/><U33/><E33/><V54/><F121/><W80/><G80/><T52/><D52/><U17/><E129/><V46/><F46/><W26/><G32/><T75/><D75/><U60/><E60/><V111/><F111/><W109/><G109/><T119/><D119/><U107/><E135/><V113/><F24/><W76/><G76/><T1/><D86/><U126/><E107/><V116/><F113/><W117/><G117/><T104/><REACH who="0" step="1"/><D1/><REACH who="0" ten="240,250,250,250" step="2"/><N who="1" m="367" /><E37/><V39/><F39/><W6/><G84/><T90/><D90/><U71/><E47/><V27/><F116/><W78/><G88/><T95/><D95/><U85/><E85/><V21/><F91/><W93/><G93/><T44/><D44/><U56/><E99/><V134/><F94/><W45/><G45/><T42/><D42/><U101/><E98/><V108/><F134/><W64/><G78/><T115/><D115/><U3/><E101/><V14/><F108/><W77/><G102/><T132/><D132/><U96/><E126/><RYUUKYOKU ba="0,1" sc="240,15,250,-15,250,15,250,-15" hai0="8,9,15,16,20,65,70,82,87,89,104,105,106" hai2="4,5,12,14,19,21,27,54,59,63" /><INIT seed="0,1,1,5,5,32" ten="255,235,265,235" oya="0" hai0="3,108,126,115,41,84,24,104,120,129,65,97,23" hai1="37,75,87,8,6,44,98,121,103,100,132,12,31" hai2="13,71,46,113,67,130,125,33,99,61,34,36,94" hai3="18,119,90,4,63,5,49,85,1,73,79,109,80"/><T0/><D115/><U27/><E121/><V25/><F113/><W9/><G119/><T131/><D120/><U133/><E75/><V110/><F110/><W93/><G109/><T117/><D108/><U48/><E37/><V81/><F125/><W95/><G5/><T47/><D65/><U43/><E87/><V124/><F124/><W26/><G63/><T40/><D126/><U2/><E12/><V118/><F81/><W89/><G49/><T96/><D84/><U39/><E48/><V107/><F107/><W14/><G26/><T74/><D74/><U91/><E91/><V55/><F130/><N who="0" m="49674" /><D117/><U42/><E42/><N who="0" m="16489" /><D47/><U60/><E60/><V135/><F36/><W128/><G128/><T92/><D104/><U59/><E59/><V127/><F127/><W122/><G122/><T52/><D52/><U83/><E83/><V78/><F78/><W15/><REACH who="3" step="1"/><G18/><REACH who="3" ten="255,235,265,225" step="2"/><N who="0" m="12407" /><D97/><AGARI ba="1,2" hai="1,4,9,14,15,73,79,80,85,89,90,93,95,97" machi="97" ten="30,3900,0" yaku="1,1,7,1,52,1,53,0" doraHai="32" doraHaiUra="123" who="3" fromWho="0" sc="255,-42,235,0,265,0,225,62" /><INIT seed="1,0,0,0,5,41" ten="213,235,265,287" oya="1" hai0="35,24,83,14,43,57,13,47,81,88,63,70,29" hai1="125,130,101,67,115,18,99,54,133,0,31,77,102" hai2="90,118,38,128,36,86,69,79,22,95,100,19,75" hai3="76,4,23,28,48,8,123,3,51,39,119,103,80"/><U108/><E115/><V40/><F69/><W46/><G123/><T92/><D70/><U15/><E0/><V96/><F118/><W98/><G119/><T26/><D26/><U2/><E2/><V82/><F128/><W134/><G134/><T45/><D81/><U131/><E133/><V32/><F32/><W124/><G124/><T135/><D83/><U97/><E125/><V49/><F40/><N who="3" m="22815" /><G23/><N who="0" m="15519" /><D135/><U132/><E132/><V37/><F49/><W62/><G62/><T56/><D35/><U105/><E67/><V84/><REACH who="2" step="1"/><F90/><REACH who="2" ten="213,235,255,287" step="2"/><W61/><G61/><T87/><D43/><U55/><E131/><V53/><F53/><W30/><G51/><T111/><D111/><U113/><E108/><V44/><F44/><N who="0" m="16970" /><D56/><U34/><E130/><V89/><F89/><W109/><G109/><T64/><AGARI ba="0,1" hai="13,14,57,63,64,87,88,92" m="16970,15519" machi="64" ten="30,8000,1" yaku="8,1,52,3,54,1" doraHai="41" who="0" fromWho="0" sc="213,90,235,-40,255,-20,287,-20" /><INIT seed="2,0,0,1,2,8" ten="303,195,235,267" oya="2" hai0="29,69,34,134,115,41,16,25,97,57,0,127,56" hai1="95,124,92,38,93,118,114,37,126,7,70,36,17" hai2="77,117,81,129,39,84,89,85,116,108,63,91,100" hai3="120,74,2,107,82,46,88,15,135,125,32,4,98"/><V40/><F39/><N who="1" m="9985" /><U42/><DORA hai="103" /><E114/><V11/><F40/><W133/><G120/><T12/><D115/><U90/><E118/><V22/><F129/><W79/><G125/><N who="1" m="48234" /><E42/><V96/><F11/><N who="3" m="4583" /><G32/><T110/><D0/><U119/><E119/><N who="2" m="45643" /><F22/><W73/><G46/><T122/><D122/><U51/><E51/><V35/><F63/><W72/><G2/><T71/><D41/><U30/><E30/><V106/><F35/><W105/><G79/><T80/><D80/><U94/><E7/><V20/><F20/><W99/><G99/><T102/><D127/><U54/><E54/><V60/><F60/><W45/><G45/><T9/><D71/><U121/><E121/><V28/><F28/><W53/><G53/><T23/><D69/><U62/><E17/><V52/><F52/><W86/><G98/><T6/><D97/><N who="1" m="57495" /><E62/><V14/><F14/><W78/><G78/><T24/><D12/><U26/><E26/><V101/><F101/><W55/><G55/><T113/><D102/><U130/><E70/><V49/><F49/><W47/><G47/><T27/><D25/><U83/><E83/><N who="2" m="49311" /><F77/><W109/><G109/><AGARI ba="0,0" hai="81,85,91,96,100,106,108,109" m="49311,45643" machi="109" ten="30,5800,0" yaku="34,2,52,1" doraHai="8,103" who="2" fromWho="3" sc="303,0,195,0,235,58,267,-58" /><INIT seed="2,1,0,3,3,20" ten="303,195,293,209" oya="2" hai0="36,106,97,21,51,87,16,86,47,81,72,134,38" hai1="108,70,94,69,114,85,102,126,74,123,52,99,43" hai2="54,95,44,46,5,28,82,31,58,26,120,33,121" hai3="73,65,78,32,12,110,62,130,49,115,57,67,41"/><V118/><F118/><W34/><G73/><T63/><D72/><U37/><E114/><V109/><F5/><W35/><G78/><T107/><D134/><U10/><E74/><V25/><F82/><W11/><G115/><T19/><D63/><U133/><E133/><V55/><F95/><W84/><G110/><T2/><D2/><U66/><E108/><V40/><F109/><W15/><G130/><T27/><D19/><U3/><E126/><V18/><F18/><W119/><G119/><T132/><D87/><U129/><E129/><V8/><F8/><W111/><G111/><T124/><D124/><U39/><E123/><V64/><F64/><W13/><G84/><T4/><D4/><U112/><E112/><V24/><F58/><W100/><G100/><T29/><D29/><N who="2" m="11338" /><F40/><W59/><G41/><T56/><D56/><U122/><E43/><V103/><F103/><W6/><REACH who="3" step="1"/><G67/><REACH who="3" ten="303,195,293,199" step="2"/><T75/><D75/><U96/><E66/><V42/><F42/><W61/><G61/><T98/><D132/><U30/><E102/><V105/><F105/><W125/><G125/><T23/><D107/><U92/><E122/><N who="2" m="47211" /><F33/><W79/><G79/><T127/><D127/><U83/><E85/><V9/><F9/><W131/><G131/><T91/><D106/><U117/><E10/><V104/><F104/><W101/><G101/><T53/><D98/><U88/><E99/><V45/><AGARI ba="1,1" hai="24,25,26,44,45,46,54,55" m="47211,11338" machi="45" ten="40,12000,1" yaku="28,2,52,3" doraHai="20" who="2" fromWho="2" sc="303,-41,195,-41,293,133,199,-41" /><INIT seed="2,2,0,5,1,135" ten="262,154,426,158" oya="2" hai0="25,11,76,0,70,86,63,35,46,3,49,65,12" hai1="42,16,6,115,56,114,20,117,40,99,130,57,122" hai2="71,33,100,116,29,79,27,64,31,120,84,98,74" hai3="119,101,2,41,83,52,81,4,105,60,37,87,38"/><V104/><F31/><W32/><G32/><T45/><D35/><U21/><E114/><V110/><F84/><W62/><G119/><T53/><D25/><U44/><E115/><V59/><F59/><W43/><G105/><T125/><D45/><U58/><E117/><V55/><F55/><W30/><G101/><T109/><D109/><U19/><E130/><V23/><F23/><W112/><G112/><T26/><D26/><U121/><E6/><V95/><F95/><W47/><G30/><T93/><D125/><U131/><E131/><V13/><F13/><W15/><G2/><T51/><D51/><U48/><E99/><V113/><F120/><W102/><G102/><T107/><D107/><U77/><E77/><V89/><F89/><W17/><G4/><T69/><D69/><U50/><REACH who="1" step="1"/><E58/><REACH who="1" ten="262,144,426,158" step="2"/><V9/><F113/><W85/><G38/><T129/><D129/><U90/><E90/><V5/><F5/><W126/><G43/><T124/><D76/><U106/><E106/><V88/><F88/><W80/><G126/><T61/><D124/><U118/><E118/><V123/><F116/><W108/><G108/><T18/><D70/><U91/><E91/><V94/><F110/><W67/><G87/><T14/><D86/><U1/><E1/><V75/><F94/><W82/><G85/><T39/><D39/><U103/><E103/><V68/><F68/><N who="3" m="42087" /><G83/><T134/><D0/><U24/><E24/><V96/><F71/><W66/><G82/><T72/><D3/><U128/><E128/><V133/><F104/><W10/><G66/><T28/><D65/><RYUUKYOKU ba="2,1" sc="262,-15,144,15,426,-15,158,15" hai1="16,19,20,21,40,42,44,48,50,56,57,121,122" hai3="10,15,17,37,41,47,52,62,80,81" /><INIT seed="3,3,1,4,2,64" ten="247,159,411,173" oya="3" hai0="132,120,78,25,17,125,111,100,15,116,110,118,46" hai1="109,87,75,67,43,9,92,1,30,19,27,20,88" hai2="133,97,113,38,35,94,3,128,45,104,93,53,102" hai3="2,47,123,37,51,13,85,124,115,95,52,44,29"/><W126/><G2/><T86/><D120/><U121/><E121/><V10/><F35/><W105/><G105/><T72/><D72/><U119/><E75/><V107/><F107/><W89/><G123/><T58/><D125/><N who="3" m="48233" /><G29/><T4/><D132/><U68/><E109/><N who="0" m="41481" /><D100/><U61/><E119/><V103/><F102/><W134/><G115/><T33/><D58/><U56/><E68/><V71/><F103/><W55/><G134/><T76/><D46/><N who="3" m="17449" /><G37/><T42/><D42/><U59/><E43/><V6/><F3/><W108/><G108/><T54/><D54/><N who="3" m="20521" /><G13/><T106/><D106/><U65/><E1/><V34/><F38/><W74/><G74/><T8/><D33/><U7/><E7/><V81/><F45/><W57/><G57/><N who="1" m="22090" /><E61/><V83/><F34/><W79/><G79/><N who="0" m="30251" /><D25/><U69/><E69/><V0/><F0/><W117/><G51/><T12/><D86/><U26/><E26/><V99/><F104/><W91/><G91/><T11/><AGARI ba="3,1" hai="4,8,11,12,15,17,116,118" m="30251,41481" machi="11" ten="30,1100,0" yaku="14,1" doraHai="64" who="0" fromWho="0" sc="247,30,159,-6,411,-6,173,-8" owari="277,7.7,153,-34.7,405,50.5,165,-23.5" /></mjloggm>