<mjloggm ver="2.3"><GO type="225" lobby="0"/><UN n0="%E3%81%8B%E3%82%8F%E3%81%A1%E3%82%83%E3%82%93%35%38" n1="%E3%81%A8%E3%82%93%E3%81%A8%E3%81%93%E3%81%A8%E3%82%93" n2="%E3%81%BF%E3%81%BF%E3%81%9A" n3="%E5%B0%8F%E9%B3%A5%E9%81%8A%E7%B7%B4%E7%84%A1%32%31%E6%AD%B3" dan="17,16,16,16" rate="2128.34,2118.30,2157.28,2189.90" sx="M,M,M,F"/><TAIKYOKU oya="0"/><INIT seed="0,0,0,4,3,90" ten="250,250,250,250" oya="0" hai0="30,35,132,41,52,20,110,124,8,96,80,19,4" hai1="84,99,70,12,54,92,126,122,120,98,6,102,58" hai2="74,13,14,15,64,71,33,44,106,17,76,57,68" hai3="18,75,22,10,62,94,31,129,46,97,50,85,131"/><T121/><D121/><U116/><E116/><V29/><F106/><W49/><G75/><T9/><D124/><U83/><E70/><V34/><F17/><W93/><G31/><T115/><D115/><U81/><E126/><V21/><F44/><W37/><G10/><T69/><D69/><U107/><E6/><V89/><F57/><W28/><G62/><T88/><D132/><U130/><E12/><V95/><F21/><W117/><G28/><T101/><D35/><U82/><E130/><N who="3" m="49674" /><G117/><T119/><D30/><U78/><E54/><V47/><F47/><W113/><G113/><T118/><D118/><U16/><E16/><V25/><F34/><W86/><G97/><T125/><D119/><U79/><E58/><V42/><F42/><N who="3" m="22863" /><G85/><N who="0" m="50215" /><D41/><U24/><E24/><V38/><F38/><W114/><G86/><T7/><D125/><U53/><E53/><V103/><F64/><W100/><G100/><T2/><D2/><U56/><E56/><V1/><F103/><W134/><G134/><T65/><D65/><U27/><E84/><V11/><F1/><W39/><G39/><T91/><D52/><U133/><E133/><V55/><F55/><W59/><G114/><T66/><D66/><U73/><E73/><V87/><REACH who="2" step="1"/><F11/><REACH who="2" ten="250,250,240,250" step="2"/><N who="0" m="4170" /><D101/><N who="1" m="60615" /><E27/><V32/><F32/><W36/><G36/><T135/><D135/><U77/><AGARI ba="0,1" hai="77,78,79,81,82,83,99,102,107,120,122" m="60615" machi="77" ten="30,4000,0" yaku="34,2,52,1" doraHai="90" who="1" fromWho="1" sc="250,-20,250,50,240,-10,250,-10" /><INIT seed="1,0,0,5,2,96" ten="230,300,230,240" oya="1" hai0="65,59,27,69,120,30,74,125,107,7,127,33,5" hai1="58,41,85,114,56,16,10,80,103,9,109,63,83" hai2="75,44,6,82,134,26,20,46,93,108,128,2,71" hai3="118,79,17,131,34,95,112,135,42,12,89,76,104"/><U123/><E114/><V49/><F71/><W28/><G112/><T39/><D120/><U29/><E123/><V99/><F108/><W3/><G104/><T43/><D74/><U18/><E29/><V1/><F128/><W117/><G3/><T102/><D59/><U121/><E121/><V87/><F75/><W24/><G42/><T21/><D21/><U115/><E115/><V97/><F97/><W126/><G131/><T78/><D78/><U106/><E41/><V51/><F134/><W105/><G105/><T64/><D43/><U68/><E68/><V32/><F32/><W66/><G66/><T81/><D81/><U22/><E109/><V72/><F72/><W35/><G35/><T54/><D54/><U88/><E106/><V40/><F6/><N who="0" m="2058" /><D39/><U23/><E63/><V61/><F61/><W45/><G135/><T53/><D53/><U52/><E103/><N who="2" m="60911" /><F1/><W60/><G60/><N who="0" m="40071" /><D65/><U50/><E58/><V4/><F4/><W25/><G118/><T84/><D84/><U13/><E80/><V124/><F2/><W119/><G117/><T36/><D36/><U15/><AGARI ba="0,0" hai="9,10,13,15,16,18,22,23,50,52,56,83,85,88" machi="15" ten="20,18000,2" yaku="0,1,7,1,9,1,8,1,54,3" doraHai="96" who="1" fromWho="1" sc="230,-60,300,180,230,-60,240,-60" /><INIT seed="1,1,0,0,3,66" ten="170,480,170,180" oya="1" hai0="43,44,14,84,10,124,55,69,45,57,131,93,22" hai1="119,53,31,91,116,68,15,132,47,13,32,105,115" hai2="117,29,8,17,25,97,5,101,85,112,92,99,7" hai3="134,35,42,6,130,27,9,18,50,41,123,79,37"/><U23/><E115/><V56/><F117/><W121/><G37/><T108/><D69/><U72/><E72/><V34/><F112/><W38/><G38/><T20/><D108/><U39/><E105/><V21/><F85/><W107/><G107/><T118/><D118/><U0/><E0/><V78/><F78/><W28/><G130/><T74/><D74/><U33/><E68/><V94/><F56/><W63/><G79/><T103/><D124/><U127/><E91/><V67/><F67/><W133/><G63/><N who="0" m="36287" /><D131/><U77/><E77/><V64/><F64/><W86/><G86/><T95/><D84/><U89/><E89/><V61/><F61/><W110/><G18/><T36/><D36/><U104/><E104/><V109/><F109/><W48/><G110/><T12/><D12/><U100/><E100/><V125/><F125/><W16/><G42/><T65/><D65/><U46/><E39/><V24/><REACH who="2" step="1"/><F8/><REACH who="2" ten="170,480,160,180" step="2"/><W96/><G9/><T4/><D10/><U88/><E127/><V2/><F2/><W70/><G123/><T52/><D45/><U122/><E47/><V90/><AGARI ba="1,1" hai="5,7,17,21,24,25,29,34,90,92,94,97,99,101" machi="90" ten="20,5200,0" yaku="1,1,0,1,7,1,53,1" doraHai="66" doraHaiUra="19" who="2" fromWho="2" sc="170,-14,480,-27,160,65,180,-14" /><INIT seed="2,0,0,1,3,93" ten="156,453,225,166" oya="2" hai0="117,39,11,91,1,22,103,31,47,92,121,40,120" hai1="44,104,36,115,8,106,108,94,78,75,7,52,58" hai2="87,79,62,50,29,26,10,69,105,127,2,54,18" hai3="37,113,16,64,57,56,122,111,53,42,81,128,55"/><V61/><F127/><W43/><G122/><T73/><D73/><U96/><E115/><V68/><F68/><W28/><G28/><T63/><D103/><U89/><E108/><V107/><F79/><W116/><G116/><T133/><D63/><U84/><E75/><V30/><F87/><W38/><G81/><T125/><D125/><U126/><E126/><V82/><F82/><W102/><G102/><T34/><D34/><U21/><E21/><V123/><F123/><W90/><G90/><T9/><D9/><U19/><E19/><V134/><F30/><W85/><G85/><T41/><D41/><N who="3" m="15369" /><G16/><T101/><D101/><U20/><E36/><N who="3" m="13930" /><G111/><T60/><D60/><U0/><E20/><V70/><F70/><W129/><G64/><T5/><D117/><U88/><E89/><V24/><F24/><W95/><G95/><T59/><D22/><U17/><E17/><V33/><F107/><W99/><G99/><N who="0" m="57759" /><D31/><U66/><E96/><V130/><F105/><W109/><G109/><T25/><D25/><U51/><E78/><V72/><F26/><W135/><G135/><T76/><D133/><U12/><E0/><V13/><F134/><W114/><G57/><T14/><D76/><U27/><E27/><V100/><F2/><W48/><G55/><T97/><D97/><U67/><E58/><V4/><F100/><W65/><G65/><N who="1" m="24586" /><E104/><V119/><F29/><W77/><G77/><T45/><D59/><U6/><E106/><V49/><F72/><W32/><G32/><T112/><D1/><U83/><E83/><V110/><F33/><W118/><G118/><RYUUKYOKU ba="0,0" sc="156,-15,453,15,225,-15,166,15" hai1="6,7,8,12,44,51,52,84,88,94" hai3="48,53,56,113,114,128,129" /><INIT seed="3,1,0,1,4,36" ten="141,468,210,181" oya="3" hai0="42,64,46,16,120,84,22,9,29,110,121,21,87" hai1="102,73,119,17,111,104,60,43,128,24,124,133,32" hai2="65,74,25,3,103,100,109,85,4,94,75,40,112" hai3="72,95,2,44,127,55,62,115,47,92,91,48,101"/><W129/><G2/><T122/><D110/><U134/><E17/><V5/><F112/><W12/><G72/><T71/><D29/><U41/><E73/><V77/><F65/><W78/><G78/><T132/><D9/><U107/><E60/><V28/><F75/><W118/><G118/><T51/><D22/><U7/><E7/><V38/><F5/><W83/><G115/><T27/><REACH who="0" step="1"/><D132/><REACH who="0" ten="131,468,210,181" step="2"/><U26/><E102/><V59/><F103/><W90/><G101/><T70/><D70/><U58/><E58/><V93/><F59/><W50/><G127/><T98/><D98/><U8/><E24/><V56/><F25/><W96/><G96/><T69/><D69/><U0/><E43/><V37/><F56/><W15/><G129/><T99/><D99/><U49/><E49/><V135/><F37/><W54/><G62/><AGARI ba="1,1" hai="16,21,27,42,46,51,62,64,71,84,87,120,121,122" machi="62" ten="40,5200,0" yaku="1,1,52,1,54,1,53,0" doraHai="36" doraHaiUra="123" who="0" fromWho="3" sc="131,65,468,0,210,0,181,-55" owari="196,-20.4,468,56.8,210,1.0,126,-37.4" /></mjloggm>