<mjloggm ver="2.3"><GO type="225" lobby="0"/><UN n0="%E3%81%86%E3%83%BC%E3%81%B1%E3%83%BC" n1="%38%63%E3%81%AF%E3%81%A3%E3%81%97%E3%83%BC" n2="%E5%AE%AE%E4%BF%9D%E9%B6%8F%E8%82%89" n3="%72%69%6F%75%63%68%61%6E" dan="17,16,16,16" rate="2198.46,2129.84,2143.14,2157.29" sx="M,M,M,M"/><TAIKYOKU oya="0"/><INIT seed="0,0,0,1,1,88" ten="250,250,250,250" oya="0" hai0="134,38,8,54,84,125,20,90,126,114,36,111,132" hai1="67,121,77,118,15,102,85,14,68,133,47,18,86" hai2="3,116,48,83,131,41,87,106,55,43,94,45,25" hai3="101,71,120,57,104,128,127,56,39,44,59,80,95"/><T32/><D114/><U109/><E121/><V81/><F106/><W13/><G127/><N who="0" m="48651" /><D32/><U99/><E118/><V40/><F3/><W124/><G124/><T110/><D8/><U93/><E109/><N who="0" m="41481" /><D20/><U5/><E133/><N who="0" m="51305" /><D54/><U123/><E123/><V122/><F122/><W2/><G120/><T16/><D16/><U113/><E113/><V27/><F131/><W21/><G128/><T92/><AGARI ba="0,0" hai="36,38,84,90,92" m="51305,41481,48651" machi="92" ten="40,12000,1" yaku="18,1,14,1,10,1,20,1,52,1" doraHai="88" who="0" fromWho="0" sc="250,120,250,-40,250,-40,250,-40" /><INIT seed="0,1,0,1,5,31" ten="370,210,210,210" oya="0" hai0="14,8,101,9,122,35,21,114,90,6,1,4,129" hai1="24,79,109,107,88,15,87,91,40,127,63,18,118" hai2="54,96,80,64,75,17,66,98,102,105,52,83,94" hai3="108,57,56,51,128,22,39,103,84,112,20,132,115"/><T125/><D114/><U67/><E118/><V60/><F17/><W3/><G39/><T49/><D122/><U86/><E107/><V10/><F10/><W53/><G3/><T27/><D125/><U7/><E40/><V78/><F83/><W43/><G108/><T48/><D129/><U110/><E7/><V37/><F37/><W25/><G132/><T47/><D101/><U123/><E24/><V70/><REACH who="2" step="1"/><F66/><REACH who="2" ten="370,210,200,210" step="2"/><W126/><G115/><T50/><D8/><U131/><E67/><V95/><F95/><W89/><G112/><T12/><D6/><U0/><E110/><V81/><F81/><W73/><G128/><T33/><D9/><U62/><E109/><V32/><F32/><W59/><G126/><T36/><D33/><U65/><E18/><V74/><F74/><W92/><G73/><T23/><D4/><U38/><E65/><V42/><F42/><W99/><G43/><T72/><D72/><U41/><E41/><V2/><F2/><W113/><G113/><T26/><D35/><U130/><E38/><V85/><F85/><W34/><G34/><T28/><D1/><U93/><E0/><V134/><F134/><W120/><G120/><T61/><D36/><U82/><E127/><V58/><F58/><W106/><G20/><T111/><D111/><U13/><E82/><V76/><F76/><W45/><G57/><T116/><D23/><U135/><E135/><V124/><F124/><W97/><G84/><T117/><D21/><U69/><E123/><V46/><F46/><W119/><G119/><T133/><D116/><U5/><E130/><RYUUKYOKU ba="1,1" sc="370,-15,210,-15,200,15,210,15" hai2="52,54,60,64,70,75,78,80,94,96,98,102,105" hai3="22,25,45,51,53,56,59,89,92,97,99,103,106" /><INIT seed="1,2,1,3,1,133" ten="355,195,215,225" oya="1" hai0="37,124,4,96,92,123,51,104,53,42,103,132,20" hai1="23,41,98,58,108,52,119,97,130,127,11,61,129" hai2="43,68,78,95,29,5,116,115,86,6,102,34,85" hai3="82,33,118,3,25,28,1,73,67,63,32,106,125"/><U45/><E119/><V31/><F116/><W72/><G125/><T71/><D124/><U59/><E127/><V120/><F68/><N who="3" m="42111" /><G118/><T105/><D132/><U56/><E108/><V128/><F120/><W36/><G36/><T9/><D71/><U70/><E11/><V107/><F107/><W40/><G40/><T48/><D37/><U81/><E81/><V13/><F128/><N who="1" m="49257" /><E23/><V113/><F43/><W91/><G91/><T80/><D80/><U18/><E18/><V49/><F49/><W90/><G90/><T8/><D20/><U134/><E134/><V26/><F31/><N who="3" m="19567" /><G106/><T112/><D9/><U89/><E89/><N who="2" m="53679" /><F102/><W109/><G109/><T64/><D8/><U100/><E100/><V84/><F13/><W101/><G101/><T110/><D103/><U50/><E41/><V60/><F60/><W135/><G135/><T10/><D42/><U83/><E83/><N who="2" m="47223" /><F86/><W117/><G117/><T99/><D104/><U87/><E87/><V2/><F2/><N who="3" m="523" /><G82/><T111/><D105/><U94/><E94/><V62/><F62/><W57/><G72/><T74/><D92/><U65/><AGARI ba="2,1" hai="45,50,52,56,58,59,61,65,70,97,98" m="49257" machi="65" ten="40,3900,0" yaku="19,1,54,1" doraHai="133" who="1" fromWho="1" sc="355,-15,195,55,215,-15,225,-15" /><INIT seed="1,3,0,2,1,53" ten="340,250,200,210" oya="1" hai0="121,95,13,37,127,75,112,94,87,38,103,26,115" hai1="56,96,133,73,76,62,132,7,15,119,99,2,6" hai2="60,86,12,84,54,108,125,69,122,29,23,79,47" hai3="45,57,46,27,30,90,19,43,111,18,91,120,65"/><U3/><E119/><V67/><F122/><W78/><G111/><T22/><D75/><U42/><E42/><V124/><F108/><W20/><G120/><T58/><D127/><N who="2" m="48714" /><F79/><W116/><G116/><T14/><D38/><U74/><E76/><V81/><F81/><W8/><G78/><T48/><D37/><U35/><E35/><V70/><F70/><W100/><G100/><T55/><D112/><U64/><E15/><V39/><F12/><W126/><G126/><T50/><D115/><U17/><E17/><N who="3" m="6154" /><G8/><T72/><D72/><U97/><E74/><V135/><F135/><N who="1" m="51785" /><E73/><V118/><F118/><W36/><G36/><T98/><D121/><U1/><AGARI ba="3,0" hai="1,2,3,6,7,56,62,64,96,97,99" m="51785" machi="1" ten="40,3900,0" yaku="20,1,52,1" doraHai="53" who="1" fromWho="1" sc="340,-16,250,48,200,-16,210,-16" /><INIT seed="1,4,0,2,0,53" ten="324,298,184,194" oya="1" hai0="31,114,76,91,101,14,132,74,3,40,85,126,47" hai1="4,54,27,42,65,46,57,35,45,1,9,36,111" hai2="86,120,30,92,100,122,0,88,133,116,115,106,110" hai3="90,49,72,58,61,71,19,18,66,6,39,124,55"/><U22/><E35/><V104/><F0/><W48/><G124/><T99/><D3/><U8/><E8/><V2/><F2/><W95/><G39/><T103/><D114/><U81/><E111/><V105/><F30/><W94/><G72/><T123/><D31/><U80/><E46/><V109/><F115/><W67/><G6/><T25/><D25/><U33/><E65/><N who="3" m="24586" /><G71/><T32/><D32/><U15/><E33/><V96/><F133/><W129/><G129/><T17/><D74/><U68/><E68/><V93/><REACH who="2" step="1"/><F116/><REACH who="2" ten="324,298,174,194" step="2"/><W119/><G119/><T23/><D132/><U34/><E1/><V50/><F50/><N who="3" m="19563" /><G95/><T7/><D126/><U135/><E135/><V52/><F52/><W60/><G61/><T16/><D40/><U82/><E34/><V112/><F112/><W21/><G21/><T5/><D23/><U12/><E22/><V113/><F113/><W97/><AGARI ba="4,1" hai="18,19,55,58,60,90,94,97" m="19563,24586" machi="97" ten="30,2000,0" yaku="8,1,52,1" doraHai="53" who="3" fromWho="3" sc="324,-9,298,-14,174,-9,194,42" /><INIT seed="2,0,0,4,3,75" ten="315,284,165,236" oya="2" hai0="126,116,112,123,125,103,9,14,119,131,71,77,115" hai1="2,121,4,27,32,28,50,118,51,46,42,41,10" hai2="122,35,79,61,63,39,25,47,80,74,5,30,83" hai3="3,0,87,44,78,24,99,82,86,20,90,94,49"/><V38/><F122/><W124/><G124/><N who="0" m="47723" /><D123/><U48/><E121/><V54/><F5/><W1/><G87/><T89/><D131/><U108/><E118/><N who="0" m="45097" /><D71/><U106/><E106/><V8/><F8/><W33/><G33/><T43/><D103/><U113/><E113/><V81/><F81/><W100/><G100/><T17/><D77/><U97/><E108/><V45/><F83/><W52/><REACH who="3" step="1"/><G0/><REACH who="3" ten="315,284,165,226" step="2"/><T7/><D112/><U68/><E97/><V134/><F134/><W133/><G133/><T18/><D115/><U26/><E68/><V62/><REACH who="2" step="1"/><F47/><REACH who="2" ten="315,284,155,226" step="2"/><W88/><G88/><T66/><D89/><U109/><E46/><V55/><F55/><W104/><G104/><T58/><D43/><U64/><E42/><V31/><F31/><AGARI ba="0,2" hai="1,3,20,24,31,44,49,52,78,82,86,90,94,99" machi="31" ten="30,7700,0" yaku="1,1,7,1,52,1,54,1,53,0" doraHai="75" doraHaiUra="12" who="3" fromWho="2" sc="315,0,284,0,155,-77,226,97" /><INIT seed="3,0,0,2,3,47" ten="315,284,78,323" oya="3" hai0="43,59,103,19,112,119,129,86,16,21,2,118,17" hai1="48,50,78,90,133,51,113,57,46,75,6,96,5" hai2="72,120,127,4,83,20,55,32,39,115,61,93,0" hai3="135,54,27,33,91,24,45,68,87,42,124,102,30"/><W12/><G68/><T38/><D2/><U29/><E113/><V11/><F115/><W109/><G124/><T82/><D112/><U92/><E133/><V52/><F127/><W53/><G135/><T94/><D129/><U70/><E70/><V58/><F32/><W73/><G73/><T100/><D38/><U23/><E75/><V97/><F120/><W81/><G109/><T41/><D118/><U25/><E78/><V122/><F122/><W110/><G110/><T14/><D119/><U74/><E74/><V80/><F39/><W111/><G111/><T37/><D37/><U98/><E57/><V85/><F72/><W44/><G102/><N who="0" m="38955" /><D94/><N who="1" m="56407" /><E46/><N who="3" m="18026" /><G33/><T89/><D59/><U9/><E9/><V69/><F69/><W65/><G65/><T67/><D67/><U13/><E13/><V66/><F20/><N who="3" m="15623" /><G42/><AGARI ba="0,0" hai="14,16,17,19,21,41,42,43,82,86,89" m="38955" machi="42" ten="30,2000,0" yaku="8,1,54,1" doraHai="47" who="0" fromWho="3" sc="315,20,284,0,78,0,323,-20" owari="335,43.5,284,-11.6,78,-42.2,303,10.3" /></mjloggm>