<mjloggm ver="2.3"><GO type="225" lobby="0"/><UN n0="%E3%81%A4%E3%81%A3%E3%81%B1%E3%82%8A%E3%83%9D%E3%83%BC%E3%83%AB" n1="%E3%82%B7%E3%83%B3%E5%A4%AA%E6%9C%97" n2="%E3%81%BF%E3%81%BF%E3%81%9A" n3="%E3%83%94%E3%83%B3%E3%82%B5%E3%83%AD%E5%BA%97%E5%93%A1" dan="17,16,18,17" rate="2231.57,2154.49,2224.37,2205.93" sx="M,M,M,M"/><TAIKYOKU oya="0"/><INIT seed="0,0,0,5,2,100" ten="250,250,250,250" oya="0" hai0="44,4,43,131,75,134,37,128,3,63,38,39,36" hai1="31,87,17,45,125,25,130,51,59,30,64,99,62" hai2="66,32,6,20,69,73,26,22,48,121,65,47,46" hai3="104,132,113,94,85,35,28,83,124,107,118,10,112"/><T109/><D75/><U89/><E130/><N who="0" m="49705" /><D3/><U88/><E125/><V102/><F121/><W105/><G10/><T58/><D4/><U84/><E99/><V111/><F73/><W120/><G28/><T0/><D0/><U101/><E101/><V50/><F32/><W7/><G7/><T67/><D109/><U79/><E79/><V68/><F102/><W117/><G35/><T97/><D97/><U49/><E17/><V13/><F6/><W40/><G40/><T70/><D134/><U27/><E45/><V55/><F55/><W108/><G124/><T8/><D8/><U16/><E16/><V122/><F26/><W54/><G54/><T86/><D86/><U103/><E103/><V91/><F122/><W126/><G126/><T19/><D19/><U34/><E87/><V114/><F114/><N who="3" m="44139" /><G120/><T93/><D93/><U52/><E64/><V60/><F91/><N who="3" m="53615" /><G108/><T42/><D42/><U90/><REACH who="1" step="1"/><E84/><REACH who="1" ten="250,240,250,250" step="2"/><V119/><F111/><W80/><G132/><T129/><N who="0" m="49713" /><T74/><DORA hai="92" /><D74/><U135/><E135/><V29/><F29/><W98/><G98/><T81/><D81/><AGARI ba="0,1" hai="80,81,83,104,105,107,117,118" m="53615,44139" machi="81" ten="40,8000,1" yaku="34,2,52,3" doraHai="100,92" who="3" fromWho="0" sc="250,-80,240,0,250,0,250,90" /><INIT seed="1,0,0,3,0,73" ten="170,240,250,340" oya="1" hai0="44,46,41,76,121,29,58,83,90,127,19,39,17" hai1="61,92,102,22,84,87,6,81,34,119,97,134,78" hai2="129,9,42,110,116,57,3,80,16,135,113,105,77" hai3="15,109,35,103,63,49,72,100,131,133,104,37,5"/><U96/><E134/><V62/><F116/><W128/><G37/><T60/><D127/><U27/><E119/><V75/><F135/><W53/><G133/><T24/><D121/><U115/><E115/><V112/><F105/><W66/><G35/><T26/><D90/><U59/><E34/><V21/><F42/><W130/><G72/><T48/><D44/><U91/><E6/><V31/><F31/><W86/><G109/><T7/><D7/><U43/><E43/><V111/><F9/><N who="3" m="4527" /><G86/><T79/><D39/><U54/><REACH who="1" step="1"/><E102/><REACH who="1" ten="170,230,250,340" step="2"/><V89/><F3/><W101/><G104/><T55/><D26/><U36/><E36/><V114/><F129/><W45/><G103/><T98/><D98/><U1/><E1/><V33/><F33/><W65/><G65/><T40/><D40/><U20/><E20/><V95/><F21/><W64/><G64/><T99/><D99/><U47/><E47/><V14/><F113/><W11/><G11/><T126/><D126/><U18/><AGARI ba="0,1" hai="18,22,27,54,59,61,78,81,84,87,91,92,96,97" machi="18" ten="20,18000,2" yaku="1,1,0,1,7,1,8,1,52,1,53,1" doraHai="73" doraHaiUra="85" who="1" fromWho="1" sc="170,-60,230,190,250,-60,340,-60" /><INIT seed="1,1,0,0,3,11" ten="110,420,190,280" oya="1" hai0="89,56,24,127,71,126,1,31,132,83,72,92,87" hai1="45,4,19,51,50,99,15,2,114,10,125,116,8" hai2="78,66,57,20,134,55,130,128,67,119,109,131,30" hai3="49,68,54,28,35,91,76,33,22,88,29,77,106"/><U111/><E125/><V118/><F78/><N who="3" m="30315" /><G68/><T123/><D71/><U60/><E111/><V81/><F81/><W16/><G106/><T58/><D1/><U86/><E116/><N who="2" m="44587" /><F30/><N who="3" m="11883" /><G35/><T21/><D132/><U9/><E114/><V38/><F20/><W117/><G33/><T40/><D40/><U53/><E99/><V112/><F109/><W85/><G85/><T46/><D46/><U44/><E86/><V121/><F121/><W95/><G95/><T32/><D123/><U103/><E103/><V120/><F120/><W14/><G117/><T48/><D48/><U80/><E80/><V39/><F134/><W108/><G108/><T98/><D72/><U90/><E90/><V26/><F26/><W84/><G84/><T65/><D32/><U97/><E97/><V5/><F5/><W3/><G3/><T75/><D75/><U82/><E82/><V25/><F25/><W12/><G14/><T36/><D36/><N who="2" m="13866" /><F112/><W23/><G22/><T93/><D93/><U52/><E60/><AGARI ba="1,0" hai="55,57,60,66,67,128,130,131" m="13866,44587" machi="60" ten="40,5200,0" yaku="19,1,34,2" doraHai="11" who="2" fromWho="1" sc="110,0,420,-55,190,55,280,0" /><INIT seed="2,0,0,4,3,52" ten="110,365,245,280" oya="2" hai0="127,115,103,119,66,40,16,22,55,108,97,92,44" hai1="35,104,77,15,63,13,45,19,25,122,64,62,5" hai2="116,132,85,89,134,4,41,111,69,110,17,59,80" hai3="113,76,34,71,9,56,31,27,81,117,70,79,106"/><V73/><F69/><W38/><G117/><T112/><D119/><U94/><E104/><V29/><F116/><W32/><G38/><T84/><D108/><N who="2" m="41514" /><F29/><W48/><G106/><T130/><D130/><U58/><E122/><V124/><F124/><W99/><G34/><T33/><D33/><U8/><E77/><N who="2" m="44079" /><F4/><W86/><G113/><T120/><D120/><U54/><E45/><V2/><F2/><W21/><G79/><T10/><D10/><U91/><E35/><V18/><F41/><W42/><G99/><T74/><D74/><U121/><E121/><V47/><F47/><W129/><G129/><T135/><D127/><U49/><E25/><V26/><F26/><W78/><G78/><T125/><D125/><U105/><E105/><V88/><F89/><W83/><G32/><T11/><D135/><N who="2" m="51754" /><F59/><W133/><G133/><T126/><D126/><U7/><E15/><V128/><F128/><W28/><G28/><T50/><D40/><U61/><E64/><V6/><F6/><W46/><G56/><T102/><D66/><U131/><E131/><V101/><F101/><W39/><G39/><T93/><D103/><U14/><E14/><V3/><F3/><W90/><G9/><T68/><D11/><U0/><E0/><V82/><AGARI ba="0,0" hai="17,18,82,85,88" m="51754,44079,41514" machi="82" ten="30,11700,0" yaku="14,1,10,1,20,1,54,1" doraHai="52" who="2" fromWho="2" sc="110,-39,365,-39,245,117,280,-39" /><INIT seed="2,1,0,2,3,132" ten="71,326,362,241" oya="2" hai0="46,116,9,88,59,74,125,96,84,126,66,45,108" hai1="117,5,7,67,115,98,60,62,10,31,16,111,107" hai2="34,42,129,53,85,39,77,134,81,109,15,131,113" hai3="14,76,29,95,8,97,69,17,35,56,82,48,30"/><V112/><F34/><W57/><G69/><T50/><D74/><U47/><E117/><V103/><F53/><W40/><G35/><T23/><D116/><U104/><E115/><V28/><F28/><N who="3" m="10859" /><G82/><T72/><D72/><U99/><E111/><V105/><F15/><W106/><G76/><T41/><D108/><U25/><E47/><V36/><F42/><W33/><G106/><T119/><D119/><U0/><E7/><V1/><F1/><W89/><G33/><T90/><D23/><U43/><E43/><V52/><F109/><W94/><G94/><T86/><D9/><U123/><E62/><V49/><F134/><W92/><G92/><T124/><D46/><AGARI ba="1,0" hai="8,14,17,40,46,48,56,57,89,95,97" m="10859" machi="46" ten="30,1000,0" yaku="8,1" doraHai="132" who="3" fromWho="0" sc="71,-13,326,0,362,0,241,13" /><INIT seed="3,0,0,5,5,13" ten="58,326,362,254" oya="3" hai0="102,58,97,128,130,103,66,57,76,62,59,129,80" hai1="111,135,131,73,124,67,108,2,50,16,70,24,46" hai2="17,10,0,126,14,25,56,15,118,68,107,116,93" hai3="28,75,134,65,114,38,22,51,40,8,96,29,132"/><W26/><G114/><T104/><REACH who="0" step="1"/><D103/><REACH who="0" ten="48,326,362,254" step="2"/><U20/><E131/><V63/><F118/><W127/><G134/><T37/><D37/><U109/><E135/><V44/><F116/><W19/><G132/><T55/><D55/><N who="1" m="30167" /><E124/><V11/><F126/><W122/><G127/><T31/><D31/><U7/><E73/><V82/><F107/><W101/><G75/><T36/><D36/><U92/><E92/><V53/><F68/><W133/><G133/><T113/><D113/><U34/><E34/><V74/><F93/><W3/><G38/><T48/><D48/><U4/><E2/><V77/><F0/><W12/><G3/><T106/><D106/><U42/><E42/><V89/><F44/><W94/><G40/><T52/><D52/><U98/><E98/><V41/><F41/><W83/><G51/><T1/><D1/><U49/><E49/><V6/><F89/><W78/><G29/><T91/><D91/><U71/><E67/><V69/><F69/><AGARI ba="0,1" hai="4,7,16,20,24,69,70,71,108,109,111" m="30167" machi="69" ten="40,5200,0" yaku="14,1,52,1,54,1" doraHai="13" who="1" fromWho="2" sc="48,0,326,62,362,-52,254,0" owari="48,-45.2,388,48.8,310,11.0,254,-14.6" /></mjloggm>