<mjloggm ver="2.3"><GO type="225" lobby="0"/><UN n0="%6D%75%75%6D%75%72%61" n1="%E6%B4%BE%E9%81%A3%E3%81%AE%E3%82%B8%E3%83%A3%E3%83%83%E3%82%AF" n2="%E3%82%BC%E3%83%AB%E3%83%80%E3%81%AE%E4%BC%9D%E8%AA%AC" n3="%E5%86%B7%E5%87%8D%E3%82%AE%E3%83%A7%E3%83%BC%E3%82%B6" dan="16,16,16,16" rate="2140.85,2167.48,2208.09,2101.55" sx="F,M,M,M"/><TAIKYOKU oya="0"/><INIT seed="0,0,0,2,4,36" ten="250,250,250,250" oya="0" hai0="16,114,5,26,71,108,57,98,123,104,22,130,112" hai1="44,3,92,72,40,73,64,39,122,132,82,76,42" hai2="102,110,79,70,46,41,115,6,61,19,58,23,55" hai3="119,28,97,1,80,11,48,100,51,27,86,74,109"/><T12/><D123/><U127/><E122/><V101/><F110/><W96/><G119/><T87/><D71/><U68/><E127/><V135/><F135/><W78/><G109/><T43/><D108/><U38/><E92/><V103/><F115/><W49/><G74/><T125/><D125/><U118/><E132/><V124/><F124/><W20/><G1/><T93/><D130/><U107/><E3/><V120/><F120/><W90/><G11/><T45/><D104/><U121/><E121/><V65/><F6/><W77/><REACH who="3" step="1"/><G96/><REACH who="3" ten="250,250,250,240" step="2"/><T83/><D112/><U59/><E118/><V94/><F79/><W129/><G129/><T91/><D114/><U52/><E107/><AGARI ba="0,1" hai="20,27,28,48,49,51,77,78,80,86,90,97,100,107" machi="107" ten="40,1300,0" yaku="1,1,53,0" doraHai="36" doraHaiUra="60" who="3" fromWho="1" sc="250,0,250,-13,250,0,240,23" /><INIT seed="1,0,0,4,1,107" ten="250,237,250,263" oya="1" hai0="93,96,121,3,74,59,36,97,13,9,118,47,57" hai1="77,28,120,105,85,117,45,46,44,111,126,94,8" hai2="48,41,10,109,51,104,23,52,56,42,102,19,16" hai3="124,64,7,116,17,91,55,132,34,11,65,54,89"/><U112/><E105/><V50/><F109/><W113/><G113/><T133/><D118/><U12/><E117/><V61/><F104/><W18/><G116/><T95/><D133/><U127/><E112/><V14/><REACH who="2" step="1"/><F102/><REACH who="2" ten="250,237,240,263" step="2"/><W128/><G132/><T134/><D134/><U88/><E111/><V40/><F40/><W115/><G115/><T32/><D121/><U78/><E120/><V87/><F87/><W22/><G128/><T43/><D97/><U69/><E69/><V99/><F99/><W38/><G124/><N who="1" m="47658" /><E28/><V31/><F31/><W125/><G125/><T67/><D96/><U33/><E33/><V79/><F79/><W101/><G34/><T60/><D32/><U29/><E29/><V75/><F75/><W6/><G101/><T49/><D74/><U100/><E100/><V76/><F76/><W58/><G91/><T122/><D122/><U0/><E0/><V80/><F80/><W25/><G89/><T63/><D3/><U92/><E92/><V129/><F129/><W90/><G90/><T71/><D93/><U37/><E37/><V2/><F2/><W86/><G38/><T72/><D95/><U26/><E77/><V84/><F84/><W21/><G86/><T30/><D30/><U135/><E135/><V110/><F110/><W123/><G123/><T27/><D36/><U24/><E78/><V130/><F130/><W131/><G131/><T81/><D81/><U5/><AGARI ba="0,1" hai="5,8,12,24,26,44,45,46,85,88,94" m="47658" machi="5" ten="30,3000,0" yaku="18,1,54,1" doraHai="107" who="1" fromWho="1" sc="250,-10,237,40,240,-10,263,-10" /><INIT seed="1,1,0,1,5,77" ten="240,277,230,253" oya="1" hai0="33,26,18,108,54,100,3,99,101,50,76,37,43" hai1="46,85,90,113,109,47,53,15,8,49,68,16,23" hai2="34,70,110,72,14,84,19,130,106,4,120,104,56" hai3="88,128,102,9,58,91,82,44,36,38,80,114,78"/><U81/><E113/><V6/><F70/><W122/><G114/><T135/><D108/><U132/><E109/><V27/><F72/><W121/><G102/><T125/><D125/><U5/><E132/><V134/><F110/><W30/><G128/><T40/><D135/><U86/><E68/><V89/><F134/><W73/><G30/><T127/><D127/><U94/><E47/><V74/><F74/><W107/><G107/><T96/><D37/><U42/><E42/><V131/><F120/><W83/><G73/><T123/><D3/><U115/><E115/><V22/><F106/><W133/><G133/><T105/><D76/><N who="1" m="46247" /><E23/><V21/><F104/><W118/><G78/><T29/><D123/><N who="3" m="47113" /><G58/><T2/><D2/><U32/><E32/><V103/><F103/><N who="0" m="39498" /><D33/><U28/><E28/><N who="2" m="17519" /><F34/><W124/><G44/><N who="0" m="27975" /><D29/><U12/><E12/><V20/><F20/><W60/><G124/><T126/><D105/><U52/><E53/><V97/><F56/><W92/><G118/><T7/><D126/><U51/><E51/><V31/><F31/><W111/><G111/><T62/><D62/><U41/><E41/><V10/><F130/><W63/><G9/><T95/><D40/><U55/><E55/><V87/><F131/><W71/><G71/><T0/><D43/><U39/><E39/><N who="3" m="14890" /><G92/><T98/><D95/><U112/><E112/><V93/><F10/><W65/><G65/><T48/><D48/><U17/><AGARI ba="1,0" hai="5,8,15,16,17,46,49,52,86,90,94" m="46247" machi="17" ten="30,11700,0" yaku="8,1,52,1,54,2" doraHai="77" who="1" fromWho="1" sc="240,-40,277,120,230,-40,253,-40" /><INIT seed="1,2,0,2,4,25" ten="200,397,190,213" oya="1" hai0="131,13,108,47,95,80,51,23,21,38,132,114,109" hai1="34,112,93,116,99,134,84,127,61,113,68,27,58" hai2="22,90,24,15,129,4,111,54,43,26,44,119,96" hai3="87,40,104,101,78,31,106,107,83,81,67,55,36"/><U46/><E116/><V115/><F119/><W110/><G110/><N who="0" m="42603" /><D114/><U42/><E68/><V69/><F111/><W6/><G67/><T135/><D38/><U86/><E127/><V62/><F115/><W37/><G101/><T97/><D80/><U64/><E134/><N who="0" m="51241" /><D131/><U85/><E27/><V8/><F129/><W28/><G6/><T66/><D66/><U74/><E34/><V92/><F22/><W91/><G55/><N who="0" m="30207" /><D13/><U124/><E124/><V65/><REACH who="2" step="1"/><F54/><REACH who="2" ten="200,397,180,213" step="2"/><W73/><REACH who="3" step="1"/><G40/><REACH who="3" ten="200,397,180,203" step="2"/><T126/><D126/><U59/><E42/><V0/><F0/><W10/><G10/><T82/><D21/><U48/><E112/><V130/><F130/><W32/><G32/><T41/><D23/><U103/><E113/><V56/><F56/><W118/><G118/><T35/><D41/><U14/><E59/><V1/><F1/><W76/><G76/><T121/><D35/><U19/><E58/><V50/><AGARI ba="2,2" hai="4,8,15,24,26,43,44,50,62,65,69,90,92,96" machi="50" ten="20,5200,0" yaku="1,1,0,1,7,1,53,1" doraHai="25" doraHaiUra="45" who="2" fromWho="2" sc="200,-15,397,-28,180,78,203,-15" /><INIT seed="2,0,0,5,5,126" ten="185,369,258,188" oya="2" hai0="48,63,77,54,39,124,47,26,91,97,18,1,125" hai1="135,102,46,45,52,83,3,5,37,59,72,107,104" hai2="56,42,84,34,61,85,74,17,25,94,65,24,21" hai3="90,114,31,58,33,14,105,60,8,23,10,32,108"/><V27/><F74/><W98/><G108/><T7/><D39/><U133/><E102/><V50/><F34/><W44/><G44/><T9/><D77/><N who="1" m="44455" /><E45/><N who="2" m="25911" /><F94/><W127/><G114/><T106/><D63/><U131/><E5/><V79/><F79/><W101/><G90/><T11/><D106/><U57/><E3/><V123/><F123/><W13/><G127/><T55/><D55/><U64/><E64/><V30/><F30/><W29/><G32/><T69/><D69/><U134/><E59/><V71/><F71/><W2/><G2/><T35/><D35/><U4/><E4/><V78/><F78/><W66/><G33/><T129/><D97/><U22/><E22/><V110/><F110/><W28/><REACH who="3" step="1"/><G23/><REACH who="3" ten="185,369,258,178" step="2"/><T89/><D124/><U116/><E46/><V73/><F21/><W15/><AGARI ba="0,1" hai="8,10,13,14,15,28,29,31,58,60,66,98,101,105" machi="15" ten="30,7900,0" yaku="1,1,2,1,0,1,53,1" doraHai="126" doraHaiUra="95" who="3" fromWho="3" sc="185,-20,369,-20,258,-39,178,89" /><INIT seed="3,0,0,0,2,33" ten="165,349,219,267" oya="3" hai0="88,68,135,127,31,124,29,14,6,98,28,91,26" hai1="92,50,115,69,42,49,81,104,117,79,132,80,46" hai2="87,32,77,43,9,133,22,112,61,17,126,74,53" hai3="27,13,76,106,25,60,71,103,72,24,134,15,3"/><W48/><G134/><T114/><D135/><U96/><E104/><V35/><F133/><W0/><G48/><T90/><D68/><U36/><E69/><V2/><F112/><W57/><G71/><T37/><D37/><U34/><E34/><V8/><F74/><W21/><G76/><T40/><D40/><U75/><E132/><V129/><F2/><W54/><G72/><T84/><D98/><U20/><E115/><V122/><F43/><W89/><G89/><T83/><D114/><U113/><E113/><V59/><F35/><W51/><G60/><T63/><D63/><U62/><E117/><V82/><F32/><W52/><G54/><T66/><D66/><U107/><E80/><V39/><F39/><W65/><G65/><T58/><D58/><U47/><E107/><V23/><F126/><W5/><G15/><T120/><D120/><U97/><E62/><N who="2" m="36207" /><F122/><W11/><REACH who="3" step="1"/><G21/><REACH who="3" ten="165,349,219,257" step="2"/><T30/><N who="0" m="7168" /><DORA hai="99" /><T45/><D26/><U116/><E116/><V93/><F22/><W108/><G108/><T41/><D41/><U95/><E20/><V64/><F23/><W110/><G110/><T94/><D45/><U123/><E123/><V12/><F61/><W18/><G18/><T70/><D70/><U44/><E44/><V55/><F55/><W118/><G118/><T121/><D121/><U100/><E46/><V67/><F67/><W4/><G4/><T38/><D38/><U119/><E119/><V86/><F64/><W111/><G111/><T85/><REACH who="0" step="1"/><D90/><AGARI ba="0,1" hai="36,42,47,49,50,75,79,81,90,92,95,96,97,100" machi="90" ten="30,2000,0" yaku="7,1,52,1" doraHai="33,99" who="1" fromWho="0" sc="165,-20,349,30,219,0,257,0" owari="145,-35.5,379,47.9,219,-18.1,257,5.7" /></mjloggm>