<mjloggm ver="2.3"><GO type="225" lobby="0"/><UN n0="%E3%83%97%E3%83%AC%E3%83%B4%E3%82%A1%E3%83%86%E3%82%A3" n1="%72%69%6F%75%63%68%61%6E" n2="%E3%82%B2%E3%82%B9%E8%8C%82%E5%8B%9D" n3="%E9%B3%B3%E6%9D%B1%E3%81%AE%E3%81%BF%E3%81%91%E3%81%AB%E3%82%83%E3%82%93" dan="16,16,16,17" rate="2070.45,2152.89,2120.44,2159.66" sx="F,M,F,F"/><TAIKYOKU oya="0"/><INIT seed="0,0,0,5,4,67" ten="250,250,250,250" oya="0" hai0="133,107,75,35,22,54,52,84,41,127,105,118,5" hai1="19,58,87,73,64,81,45,38,4,103,63,112,16" hai2="98,47,125,88,116,21,24,86,91,66,83,82,56" hai3="70,34,128,109,25,72,89,99,123,134,94,121,23"/><T8/><D118/><U126/><E126/><V92/><F125/><W2/><G34/><T106/><D127/><U108/><E108/><V79/><F116/><W11/><G72/><T65/><D75/><U31/><E112/><V120/><F120/><N who="3" m="46155" /><G109/><T76/><D35/><U13/><E73/><V101/><F47/><W102/><G134/><T68/><D133/><U44/><E31/><N who="2" m="17807" /><F82/><W62/><G128/><T30/><D41/><U0/><E103/><V48/><F48/><W59/><G11/><T39/><D39/><U32/><E32/><V27/><F27/><W104/><G2/><T17/><D30/><U12/><E0/><V7/><F7/><W49/><G49/><T42/><D42/><U18/><E38/><V135/><F135/><W6/><G6/><T43/><D43/><U15/><REACH who="1" step="1"/><E4/><REACH who="1" ten="250,240,250,250" step="2"/><V40/><F40/><W60/><G102/><T10/><D5/><U61/><E61/><AGARI ba="0,1" hai="56,61,66,79,83,86,88,91,92,98,101" m="17807" machi="61" ten="30,3900,0" yaku="25,1,8,1,54,1" doraHai="67" who="2" fromWho="1" sc="250,0,240,-39,250,49,250,0" /><INIT seed="1,0,0,4,2,107" ten="250,201,299,250" oya="1" hai0="37,115,117,7,122,130,38,12,49,132,134,103,44" hai1="95,47,27,73,6,32,72,68,92,120,114,19,63" hai2="55,20,90,81,78,129,123,21,80,10,84,11,14" hai3="89,75,5,74,105,33,56,62,100,23,76,16,88"/><U109/><E114/><V36/><F129/><W93/><G33/><T9/><D115/><U124/><E120/><V111/><F123/><W83/><G5/><T108/><D122/><U1/><E124/><V119/><F111/><W59/><G89/><T99/><D108/><U50/><E109/><V121/><F121/><W96/><G62/><T35/><D35/><U118/><E118/><V22/><F119/><W25/><G74/><N who="1" m="28778" /><E50/><V91/><F36/><W42/><G42/><T98/><D117/><U61/><E63/><V77/><F55/><W112/><G112/><T104/><D130/><U39/><E95/><V97/><F97/><AGARI ba="0,0" hai="16,23,25,56,59,75,76,83,88,93,96,97,100,105" machi="97" ten="30,7700,0" yaku="7,1,52,1,54,2" doraHai="107" who="3" fromWho="2" sc="250,0,201,0,299,-77,250,77" /><INIT seed="2,0,0,2,5,14" ten="250,201,222,327" oya="2" hai0="64,135,27,57,1,46,101,50,17,26,49,100,60" hai1="123,132,122,110,2,75,48,18,108,7,129,131,53" hai2="77,34,118,13,68,88,72,98,85,119,74,111,12" hai3="3,54,70,82,128,133,69,37,23,126,99,134,39"/><V95/><F111/><N who="1" m="42537" /><E75/><V19/><F68/><W124/><G3/><T104/><D1/><U83/><E83/><V117/><F34/><W32/><G32/><T109/><D135/><N who="3" m="51721" /><G82/><T103/><D109/><U47/><E132/><V67/><F67/><W55/><G99/><T51/><D104/><U15/><E7/><V112/><F112/><W125/><G23/><N who="0" m="13679" /><D27/><U25/><E25/><V61/><F61/><W24/><G24/><T43/><AGARI ba="0,0" hai="43,46,49,50,51,57,60,64,100,101,103" m="13679" machi="43" ten="30,2000,0" yaku="8,1,52,1" doraHai="14" who="0" fromWho="0" sc="250,20,201,-5,222,-10,327,-5" /><INIT seed="3,0,0,0,2,132" ten="270,196,212,322" oya="3" hai0="122,101,135,38,94,28,54,52,83,124,117,3,92" hai1="78,109,72,41,20,96,98,66,21,90,68,31,125" hai2="32,15,37,62,107,48,95,13,84,59,34,88,127" hai3="0,128,129,74,44,133,40,67,63,35,11,46,104"/><W112/><G112/><T110/><D135/><U42/><E109/><V116/><F37/><W60/><G74/><T50/><D3/><U80/><E125/><V17/><F107/><W1/><G104/><T126/><D38/><U93/><E98/><V29/><F116/><W43/><G35/><T85/><D117/><U26/><REACH who="1" step="1"/><E20/><REACH who="1" ten="270,186,212,322" step="2"/><V134/><F127/><N who="0" m="48682" /><D110/><U30/><E30/><V120/><F120/><W130/><G130/><T82/><D122/><U53/><E53/><N who="0" m="20585" /><D28/><U56/><E56/><V75/><F29/><W61/><G129/><T71/><D71/><U58/><E58/><V8/><F134/><W131/><G128/><T105/><D50/><U97/><E97/><V6/><F48/><W87/><G131/><T14/><D14/><U4/><E4/><V70/><F70/><W49/><G133/><T79/><D105/><U51/><E51/><V114/><F114/><W55/><G49/><T22/><D22/><U24/><E24/><V99/><F99/><W12/><G12/><T77/><D101/><U19/><E19/><V5/><F6/><W25/><G25/><T27/><D27/><U18/><E18/><V76/><F13/><W103/><G0/><T111/><D111/><U69/><E69/><V64/><F5/><W89/><G1/><T115/><D115/><U123/><E123/><V65/><F64/><W121/><G121/><T119/><D119/><U36/><E36/><V10/><F8/><W39/><G11/><T45/><D45/><U118/><E118/><V106/><F106/><W100/><G46/><T47/><D47/><U23/><E23/><RYUUKYOKU ba="0,1" sc="270,10,186,10,212,10,322,-30" hai0="77,79,82,83,85,92,94" hai1="21,26,31,41,42,66,68,72,78,80,90,93,96" hai2="10,15,17,32,34,59,62,65,75,76,84,88,95" /><INIT seed="4,1,1,5,5,116" ten="280,196,222,292" oya="0" hai0="126,51,15,101,119,80,134,49,30,11,39,105,42" hai1="57,94,22,27,8,130,62,71,21,74,1,41,75" hai2="20,38,33,14,9,52,60,111,86,4,78,107,127" hai3="45,35,85,48,113,79,13,36,25,108,123,83,92"/><T106/><D119/><U117/><E117/><V95/><F111/><W91/><G108/><T120/><D126/><U18/><E71/><V56/><F127/><W77/><G36/><T16/><D120/><U28/><E130/><V53/><F33/><W76/><G113/><T132/><D30/><U131/><E131/><V24/><F38/><W37/><G37/><T72/><D39/><U59/><E41/><V90/><F107/><N who="0" m="40970" /><D101/><U55/><E94/><V63/><F78/><W43/><G123/><T65/><D65/><U67/><E1/><V3/><F3/><W66/><G66/><T125/><D42/><U96/><E96/><V34/><F34/><W69/><G69/><T104/><D104/><U128/><E8/><V89/><F89/><W87/><G13/><T54/><D54/><N who="2" m="21098" /><F56/><W26/><G35/><T44/><D44/><U133/><E128/><V29/><AGARI ba="1,1" hai="4,9,14,20,24,29,60,63,86,90,95" m="21098" machi="29" ten="30,2000,0" yaku="8,1,54,1" doraHai="116" who="2" fromWho="2" sc="280,-11,196,-6,222,33,292,-6" /><INIT seed="5,0,0,0,0,68" ten="269,190,255,286" oya="1" hai0="47,88,53,114,70,72,38,104,71,121,23,18,67" hai1="57,122,87,3,6,120,83,93,74,113,123,46,91" hai2="77,135,75,33,66,10,82,9,8,111,14,51,37" hai3="11,133,1,89,41,12,116,60,55,49,134,62,132"/><U15/><E113/><V54/><F111/><W117/><G1/><T115/><D104/><U118/><E118/><N who="3" m="45674" /><G41/><N who="0" m="22967" /><D72/><U58/><E3/><V21/><F135/><W127/><G89/><T69/><D53/><U99/><E74/><V112/><F33/><W128/><G128/><T110/><D110/><U4/><E46/><V59/><F112/><N who="0" m="43050" /><D121/><U73/><E73/><V17/><REACH who="2" step="1"/><F66/><REACH who="2" ten="269,190,245,286" step="2"/><W16/><G127/><T109/><D109/><U40/><E40/><V124/><F124/><W85/><G85/><T29/><D67/><U52/><E15/><V125/><F125/><W80/><G80/><T63/><D63/><U30/><E30/><V31/><F31/><W35/><G35/><T32/><D29/><U5/><REACH who="1" step="1"/><E52/><REACH who="1" ten="269,180,245,286" step="2"/><V107/><F107/><W56/><AGARI ba="0,2" hai="11,12,16,49,55,56,60,62,132,133,134" m="45674" machi="56" ten="40,5200,0" yaku="20,1,12,1,54,1" doraHai="68" who="3" fromWho="3" sc="269,-13,180,-26,245,-13,286,72" owari="256,5.6,154,-34.6,232,-16.8,358,45.8" /></mjloggm>