<mjloggm ver="2.3"><GO type="225" lobby="0"/><UN n0="%E8%BE%9B%E5%8F%A3%E3%82%AB%E3%83%AC%E3%83%BC%E3%83%A9%E3%82%A4%E3%82%B9" n1="%72%69%6F%75%63%68%61%6E" n2="%33%74%72%65%65" n3="%E6%B4%BE%E9%81%A3%E3%81%AE%E3%82%B8%E3%83%A3%E3%83%83%E3%82%AF" dan="17,16,16,17" rate="2280.47,2182.68,2110.24,2204.50" sx="M,M,F,M"/><TAIKYOKU oya="0"/><INIT seed="0,0,0,5,5,101" ten="250,250,250,250" oya="0" hai0="99,120,86,51,85,11,21,121,134,30,107,96,80" hai1="113,5,43,64,14,98,16,13,83,6,76,123,39" hai2="10,115,57,135,48,65,67,114,75,111,56,36,23" hai3="26,105,28,78,117,68,2,9,45,0,55,49,53"/><T66/><D134/><U61/><E123/><V102/><F36/><W34/><G117/><T132/><D132/><U1/><E113/><V25/><F135/><W54/><G78/><T70/><D70/><U60/><E1/><V32/><F32/><W74/><G74/><T88/><D66/><U100/><E13/><V79/><F111/><W119/><G68/><T12/><D51/><U112/><E112/><V8/><F75/><W104/><G119/><T58/><D58/><U91/><E91/><V63/><F79/><W127/><G127/><T59/><D59/><U37/><E37/><V118/><F118/><W81/><G81/><T47/><D47/><U87/><E43/><V92/><F115/><W40/><REACH who="3" step="1"/><G9/><REACH who="3" ten="250,250,250,240" step="2"/><T109/><D11/><U103/><E83/><V116/><F114/><W52/><N who="3" m="13312" /><DORA hai="106" /><W72/><G72/><T129/><D120/><U128/><E76/><V82/><F82/><W95/><G95/><T41/><D121/><U20/><E60/><N who="2" m="38023" /><F116/><W33/><G33/><T15/><D80/><U126/><E61/><V4/><F10/><W94/><G94/><T17/><D41/><U73/><E73/><V125/><F125/><W124/><G124/><T122/><D122/><U27/><E126/><V38/><F8/><W35/><G35/><T84/><D109/><U31/><E64/><V44/><F92/><W110/><G110/><T97/><D107/><AGARI ba="0,1" hai="0,2,26,28,34,40,45,49,104,105,107" m="13312" machi="107" ten="50,8000,1" yaku="1,1,52,3,54,1,53,0" doraHai="101,106" doraHaiUra="130,90" who="3" fromWho="0" sc="250,-80,250,0,250,0,240,90" /><INIT seed="1,0,0,5,1,46" ten="170,250,250,330" oya="1" hai0="35,44,68,28,93,91,3,53,101,112,48,121,135" hai1="40,2,39,31,124,131,90,8,16,92,127,115,111" hai2="9,113,36,10,32,57,76,98,59,78,77,134,84" hai3="132,70,96,18,0,106,83,22,94,12,33,71,110"/><U118/><E115/><V95/><F134/><W25/><G0/><T61/><D112/><U34/><E118/><V64/><F36/><W58/><G106/><T85/><D135/><U1/><E131/><V80/><F32/><W133/><G110/><T7/><D121/><U37/><E111/><V103/><F113/><W60/><G83/><T15/><D101/><U24/><E1/><V11/><REACH who="2" step="1"/><F64/><REACH who="2" ten="170,250,240,330" step="2"/><W79/><G132/><T6/><D35/><U100/><E37/><V19/><F19/><W65/><G133/><T52/><D28/><U117/><E117/><V23/><F23/><W107/><G33/><T122/><D122/><U86/><E39/><V109/><F109/><W73/><G25/><T13/><D7/><U102/><E16/><V104/><F104/><W74/><G107/><T119/><D119/><U20/><E34/><V29/><F29/><W26/><G26/><T97/><D6/><N who="1" m="1111" /><E40/><V87/><F87/><W108/><G108/><T130/><D130/><U89/><E31/><V81/><F81/><N who="3" m="45303" /><G73/><T120/><D120/><U125/><E20/><V62/><F62/><W50/><G50/><T88/><D3/><U45/><E24/><V69/><F69/><W54/><G65/><T66/><REACH who="0" step="1"/><D53/><REACH who="0" ten="160,250,240,330" step="2"/><U38/><E127/><V49/><F49/><W17/><G18/><T123/><D123/><U5/><E5/><V51/><F51/><W128/><G128/><T126/><D126/><U75/><E124/><V47/><F47/><W67/><G54/><T82/><AGARI ba="0,2" hai="13,15,44,48,52,61,66,68,82,85,88,91,93,97" machi="82" ten="20,12000,2" yaku="1,1,0,1,7,1,52,1,54,2,53,0" doraHai="46" doraHaiUra="116" who="0" fromWho="0" sc="160,140,250,-60,240,-30,330,-30" /><INIT seed="2,0,0,0,2,123" ten="300,190,210,300" oya="2" hai0="48,98,120,75,124,102,99,83,80,0,119,30,41" hai1="74,70,82,88,2,135,117,61,106,17,18,27,114" hai2="95,56,35,11,38,122,90,116,94,14,42,12,128" hai3="15,39,112,79,10,19,24,49,59,103,118,108,13"/><V104/><F122/><W60/><G118/><T132/><D120/><U127/><E114/><V91/><F116/><W46/><G39/><T67/><D119/><U129/><E117/><V32/><F104/><W66/><G112/><T121/><D121/><U73/><E2/><V97/><F128/><W96/><G108/><T85/><D0/><U125/><E129/><V52/><F38/><W36/><G36/><T110/><D75/><N who="1" m="28683" /><E106/><V78/><F78/><W6/><G79/><T54/><D67/><N who="1" m="41327" /><E27/><V45/><F45/><W1/><G24/><T101/><D30/><U81/><E135/><V84/><F42/><W43/><G19/><T131/><D41/><U126/><E81/><V25/><F25/><W63/><G63/><T134/><D131/><U3/><E3/><V57/><F57/><W28/><G28/><T31/><D31/><U29/><E29/><V16/><F14/><W69/><G69/><T115/><D115/><U130/><E130/><V23/><F11/><W87/><G87/><AGARI ba="0,0" hai="17,18,82,87,88,125,126,127" m="41327,28683" machi="87" ten="40,2600,0" yaku="18,1,54,1" doraHai="123" who="1" fromWho="3" sc="300,0,190,26,210,0,300,-26" /><INIT seed="3,0,0,1,3,16" ten="300,216,210,274" oya="3" hai0="84,92,58,72,120,86,110,83,125,71,1,19,24" hai1="108,118,50,87,103,99,26,88,62,4,123,77,2" hai2="134,91,68,25,75,11,115,109,129,100,95,60,76" hai3="33,10,104,34,49,98,64,80,12,63,97,29,41"/><W55/><G41/><T107/><D107/><U22/><E123/><V14/><F115/><W82/><G98/><T81/><D71/><U105/><E108/><V61/><F109/><W101/><G33/><T8/><D110/><U43/><E118/><V31/><F100/><W9/><G9/><T73/><D120/><U67/><E77/><V117/><F117/><W0/><G0/><T94/><D1/><U46/><E2/><V36/><F36/><W114/><G114/><T112/><D125/><U90/><E4/><V3/><F3/><W119/><G119/><T128/><D128/><U54/><E43/><V131/><F134/><W51/><G51/><T37/><D37/><U121/><E121/><V53/><F76/><W32/><G32/><T39/><D39/><U47/><E47/><V79/><F79/><W113/><G113/><T93/><D73/><U5/><E5/><N who="2" m="3439" /><F75/><W13/><G13/><N who="0" m="7591" /><D72/><U135/><E135/><V7/><F7/><W102/><G102/><T85/><D112/><U21/><E26/><V28/><F25/><W23/><G34/><T111/><D111/><U40/><E40/><V70/><F129/><W130/><G130/><T30/><D58/><U38/><E38/><V48/><F131/><W78/><G104/><T96/><D96/><U116/><E116/><V65/><F68/><W20/><G97/><T56/><D56/><N who="1" m="37319" /><E87/><N who="2" m="52735" /><F48/><W52/><G49/><T126/><D126/><U66/><E66/><V74/><F74/><W57/><G64/><T6/><D6/><U59/><E59/><N who="2" m="34927" /><F70/><W15/><G57/><T42/><D42/><U27/><E27/><RYUUKYOKU ba="0,0" sc="300,10,216,10,210,10,274,-30" hai0="24,30,81,83,84,85,86,92,93,94" hai1="21,22,46,50,54,88,90,99,103,105" hai2="28,31,61,65" owari="310,41.0,226,-17.4,220,-28.0,244,4.4" /></mjloggm>