<mjloggm ver="2.3"><GO type="225" lobby="0"/><UN n0="%E3%81%B5%E3%81%98%E3%81%8B%E3%81%A4" n1="%72%69%6F%75%63%68%61%6E" n2="%4C%4F%4C%49%54%41" n3="%E3%81%A9%E3%82%8F%E3%82%93%E3%81%94" dan="16,16,16,16" rate="2111.73,2138.85,2182.64,2047.36" sx="M,M,F,M"/><TAIKYOKU oya="0"/><INIT seed="0,0,0,5,0,4" ten="250,250,250,250" oya="0" hai0="74,2,111,56,97,5,33,9,45,114,11,42,122" hai1="55,21,102,94,129,98,29,107,132,27,117,52,76" hai2="49,78,85,134,66,63,95,133,126,108,18,120,22" hai3="35,82,83,50,101,71,88,19,59,130,30,8,64"/><T38/><D114/><U115/><E129/><V14/><F120/><W7/><G130/><T127/><D122/><U92/><E132/><N who="2" m="50795" /><F108/><W81/><G101/><T31/><D127/><U72/><E117/><V113/><F113/><W39/><G39/><T125/><D125/><U48/><E115/><V25/><F126/><W61/><G19/><T119/><D119/><U1/><E1/><V73/><F73/><W106/><G106/><T75/><D111/><U91/><E48/><V28/><F49/><W77/><G77/><T110/><D110/><U36/><E36/><V24/><F28/><W57/><G50/><T44/><D44/><U10/><E10/><V104/><F104/><W41/><G41/><T20/><D56/><U58/><E58/><N who="2" m="37239" /><F95/><W65/><G65/><T34/><D11/><U60/><E60/><V23/><F22/><W80/><G30/><T62/><D62/><U37/><E37/><V103/><F103/><W87/><REACH who="3" step="1"/><G35/><REACH who="3" ten="250,250,250,240" step="2"/><T15/><D34/><U69/><E69/><V90/><F78/><W131/><G131/><T68/><D68/><U109/><E109/><V53/><F53/><W46/><G46/><T3/><D33/><U116/><E116/><V13/><F90/><W70/><G70/><T54/><D54/><N who="1" m="20523" /><E91/><V99/><F18/><W128/><G128/><T26/><D31/><U51/><E51/><V67/><F67/><W121/><G121/><T0/><D38/><U105/><E107/><V123/><F123/><W12/><AGARI ba="0,1" hai="7,8,12,57,59,61,64,71,80,81,82,83,87,88" machi="12" ten="30,7900,0" yaku="1,1,0,1,52,1,54,1,53,0" doraHai="4" doraHaiUra="40" who="3" fromWho="3" sc="250,-39,250,-20,250,-20,240,89" /><INIT seed="1,0,0,5,3,87" ten="211,230,230,329" oya="1" hai0="33,135,62,52,15,97,119,89,25,90,98,73,9" hai1="8,120,24,23,70,88,3,20,85,127,44,111,77" hai2="93,107,53,130,5,122,12,124,99,59,132,17,47" hai3="109,123,75,7,91,92,10,131,6,31,57,126,28"/><U50/><E120/><V40/><F130/><W116/><G123/><T84/><D73/><U103/><E127/><V65/><F132/><W86/><G75/><T66/><D135/><U94/><E70/><V82/><F124/><W35/><G126/><T113/><D119/><U39/><E39/><V115/><F115/><W21/><G131/><T4/><D113/><U22/><E111/><V32/><F32/><W41/><G35/><T69/><D52/><N who="1" m="29767" /><E3/><V45/><F107/><W106/><G106/><T64/><D64/><U105/><E105/><V71/><F122/><W27/><G41/><T1/><D1/><U96/><E8/><V49/><F5/><W13/><G109/><T101/><D84/><U95/><E77/><V104/><F104/><W43/><G43/><T30/><REACH who="0" step="1"/><D98/><REACH who="0" ten="201,230,230,329" step="2"/><U63/><E63/><V133/><F65/><W37/><G116/><T29/><D29/><AGARI ba="0,1" hai="20,22,23,24,29,85,88,94,95,96,103" m="29767" machi="29" ten="30,11600,0" yaku="8,1,52,1,54,2" doraHai="87" who="1" fromWho="0" sc="201,-116,230,126,230,0,329,0" /><INIT seed="1,1,0,5,3,76" ten="85,356,230,329" oya="1" hai0="51,22,24,108,62,107,36,43,37,124,126,70,6" hai1="111,4,79,89,20,0,80,95,86,35,119,123,90" hai2="33,63,1,110,120,91,135,39,74,15,30,78,31" hai3="97,60,45,81,127,96,34,21,42,10,71,28,130"/><U122/><E35/><V92/><F1/><W18/><G34/><T13/><D107/><U77/><E20/><V3/><F3/><W66/><G130/><T59/><D6/><U99/><E119/><V121/><F39/><W46/><G127/><T55/><D13/><U75/><E111/><V17/><F135/><W125/><G10/><T85/><D108/><U82/><REACH who="1" step="1"/><E77/><REACH who="1" ten="85,346,230,329" step="2"/><V113/><F110/><W118/><G118/><T104/><D126/><U106/><E106/><V65/><F33/><W7/><G125/><T128/><D104/><U53/><E53/><V132/><F120/><W64/><G21/><T116/><D128/><U117/><E117/><V58/><F121/><W25/><G66/><T105/><D116/><U2/><E2/><V84/><F132/><W32/><G64/><T19/><D105/><U69/><E69/><V112/><F113/><W40/><G71/><T133/><D133/><U134/><E134/><V103/><F112/><W67/><G32/><T49/><D124/><U115/><E115/><V131/><F131/><W52/><G67/><T12/><D70/><U26/><E26/><V54/><F65/><W27/><G25/><T114/><D114/><U83/><E83/><V9/><F78/><W101/><G27/><T41/><D24/><U61/><E61/><V23/><F23/><W87/><G60/><T93/><D62/><U88/><E88/><V57/><F63/><W38/><G52/><N who="0" m="32143" /><D41/><U109/><E109/><V50/><F54/><W98/><G42/><T100/><D43/><U73/><E73/><V14/><F74/><W72/><G40/><RYUUKYOKU ba="1,1" sc="85,-10,346,30,230,-10,329,-10" hai1="0,4,75,79,80,82,86,89,90,95,99,122,123" /><INIT seed="1,2,1,4,1,135" ten="75,376,220,319" oya="1" hai0="24,49,47,98,48,11,6,78,29,26,70,39,1" hai1="93,28,132,10,46,30,64,90,33,81,105,38,106" hai2="51,66,133,45,65,36,67,43,13,4,108,0,134" hai3="58,41,32,21,76,71,95,60,53,91,123,25,92"/><U5/><E132/><N who="2" m="50795" /><F108/><W12/><G123/><T69/><D26/><U27/><E64/><V87/><F0/><W103/><G71/><T61/><D49/><U16/><E28/><V126/><F87/><W113/><G113/><T2/><D2/><U50/><E38/><V23/><F126/><W19/><G76/><T96/><D78/><U104/><E81/><V107/><F107/><W125/><G125/><T31/><D31/><U55/><E16/><N who="2" m="10639" /><F4/><W79/><G79/><T7/><D7/><U18/><E18/><V115/><F115/><W97/><G32/><T127/><D127/><U35/><E33/><V3/><F3/><W72/><G72/><T112/><D112/><U85/><REACH who="1" step="1"/><E104/><REACH who="1" ten="75,366,220,319" step="2"/><V86/><F36/><W84/><G12/><AGARI ba="2,2" hai="5,10,12,27,30,35,46,50,55,85,90,93,105,106" machi="12" ten="30,5800,0" yaku="1,1,2,1,7,1,53,0" doraHai="135" doraHaiUra="119" who="1" fromWho="3" sc="75,0,366,84,220,0,319,-64" /><INIT seed="1,3,0,5,2,22" ten="75,450,220,255" oya="1" hai0="126,90,46,18,66,35,30,55,107,112,124,15,51" hai1="65,53,98,72,104,38,100,127,3,69,120,68,114" hai2="133,134,71,12,103,70,131,6,10,80,132,21,78" hai3="81,43,59,101,25,88,128,108,42,129,110,130,123"/><U77/><E114/><V50/><F131/><W32/><G123/><T89/><D107/><U56/><E120/><V40/><F103/><W92/><G81/><T20/><D112/><U63/><E127/><V36/><F36/><W16/><G101/><T23/><D35/><U115/><E115/><V84/><F21/><N who="3" m="13479" /><G59/><T135/><D135/><U52/><E3/><V4/><F4/><W2/><G32/><T26/><REACH who="0" step="1"/><D66/><REACH who="0" ten="65,450,220,255" step="2"/><U106/><E104/><V102/><F133/><W39/><G130/><T74/><D74/><U45/><E65/><V105/><F134/><W48/><G129/><T5/><D5/><U99/><E72/><V0/><F132/><W79/><G128/><T28/><D28/><U94/><E77/><V9/><F105/><W67/><G79/><T29/><D29/><U121/><E121/><V61/><F6/><W91/><G67/><T118/><D118/><U60/><E106/><V75/><F75/><W96/><G110/><T41/><D41/><U86/><E53/><V24/><F40/><W17/><G108/><T1/><D1/><U58/><E52/><V14/><F0/><W76/><G2/><T116/><D116/><U57/><E60/><V11/><F61/><W85/><G76/><T64/><D64/><U87/><E63/><V54/><F54/><W82/><G39/><T33/><D33/><U125/><E38/><V19/><F78/><W44/><G43/><T47/><D47/><U109/><E45/><V111/><F111/><W7/><G7/><T62/><D62/><U34/><E109/><V95/><F19/><AGARI ba="3,1" hai="17,19,42,44,48,82,85,88,91,92,96" m="13479" machi="19" ten="30,7700,0" yaku="8,1,52,1,54,2" doraHai="22" who="3" fromWho="2" sc="65,0,450,0,220,-86,255,96" /><INIT seed="2,0,0,0,0,119" ten="65,450,134,351" oya="2" hai0="63,70,29,13,56,128,76,31,25,60,110,17,39" hai1="106,69,42,108,91,19,28,0,21,102,62,93,135" hai2="45,130,82,30,92,23,47,57,53,89,20,117,79" hai3="84,126,73,75,6,133,125,9,118,74,33,72,18"/><V27/><F130/><W111/><G118/><T58/><D128/><U85/><E108/><V134/><F134/><W127/><G111/><T116/><D110/><U15/><E135/><V98/><F20/><W120/><G133/><T16/><D39/><U80/><E0/><V131/><F117/><W104/><G104/><T78/><D116/><U37/><E28/><V71/><F71/><W67/><G33/><T36/><D36/><U44/><E106/><V83/><F131/><W97/><G97/><T49/><D70/><U22/><E102/><V101/><F101/><W40/><G40/><T114/><D114/><U26/><E80/><V1/><F1/><W86/><G67/><T109/><D109/><U103/><E103/><V96/><F98/><W24/><G75/><T113/><D113/><U55/><E55/><V115/><F115/><W12/><G120/><T112/><D112/><U14/><REACH who="1" step="1"/><E21/><AGARI ba="0,0" hai="6,9,12,18,21,24,72,73,74,84,86,125,126,127" machi="21" ten="50,1600,0" yaku="18,1" doraHai="119" who="3" fromWho="1" sc="65,0,450,-16,134,0,351,16" /><INIT seed="3,0,0,4,3,52" ten="65,434,134,367" oya="3" hai0="7,13,122,113,66,17,11,117,59,27,37,48,132" hai1="5,24,62,31,1,112,78,47,39,114,125,86,105" hai2="96,61,10,46,104,91,42,84,131,28,20,89,83" hai3="111,12,76,43,134,130,21,22,135,23,73,6,128"/><W74/><G43/><T3/><D122/><U68/><E86/><V110/><F110/><W36/><G36/><T55/><D117/><U65/><E78/><V108/><F108/><W60/><G111/><T80/><D113/><U34/><E125/><V121/><F131/><N who="3" m="50219" /><G76/><T94/><D132/><N who="3" m="50729" /><G60/><T40/><D80/><U102/><E5/><V8/><F61/><W44/><G44/><T53/><D27/><U33/><E1/><V98/><F83/><W92/><G92/><T15/><D37/><U95/><E33/><V107/><F46/><W0/><G0/><T127/><D127/><U90/><E90/><V69/><F89/><W93/><G93/><T63/><D40/><N who="1" m="22943" /><E95/><V38/><F91/><W58/><G58/><T14/><D94/><U2/><E2/><V32/><F42/><W129/><N who="3" m="50227" /><W49/><DORA hai="126" /><G49/><T64/><REACH who="0" step="1"/><D17/><REACH who="0" ten="55,434,134,367" step="2"/><U106/><E106/><V124/><F104/><W70/><G70/><T18/><D18/><U75/><E75/><N who="3" m="28682" /><G6/><T50/><D50/><U57/><E57/><AGARI ba="0,1" hai="3,7,11,13,14,15,48,53,55,57,59,63,64,66" machi="57" ten="40,5200,0" yaku="1,1,52,2,53,0" doraHai="52,126" doraHaiUra="79,99" who="0" fromWho="1" sc="55,62,434,-52,134,0,367,0" owari="117,-38.3,382,48.2,134,-26.6,367,16.7" /></mjloggm>