<mjloggm ver="2.3"><GO type="225" lobby="0"/><UN n0="%72%61%6B%33" n1="%E6%A1%9C%E8%8A%B1%E9%96%83%E3%80%85" n2="%6D%75%75%6D%75%72%61" n3="%E3%81%B2%E3%81%AA%E3%81%AE%E3%82%8A%E3%81%8F" dan="17,18,16,17" rate="2240.72,2258.63,2095.88,2184.74" sx="M,M,F,M"/><TAIKYOKU oya="0"/><INIT seed="0,0,0,2,0,102" ten="250,250,250,250" oya="0" hai0="86,33,98,89,96,75,14,1,16,18,53,110,104" hai1="111,124,88,11,49,47,60,44,72,77,133,51,5" hai2="8,21,3,131,85,45,112,99,132,35,48,94,82" hai3="10,68,81,41,34,106,12,116,103,90,42,121,28"/><T31/><D75/><U7/><E111/><V2/><F35/><W57/><G68/><T118/><D118/><U109/><E109/><V135/><F112/><W120/><G116/><T122/><D110/><U17/><E124/><V20/><F131/><W80/><G34/><T54/><D1/><U105/><E133/><V55/><F21/><W23/><G57/><T73/><D73/><U128/><E60/><V59/><F20/><W65/><G65/><T26/><D122/><N who="3" m="47209" /><G23/><T40/><D40/><N who="3" m="15465" /><G90/><T27/><D27/><U67/><E88/><V130/><F59/><W92/><G92/><T66/><D66/><U123/><E67/><V29/><F130/><W52/><G52/><T64/><D64/><U46/><E46/><V78/><F29/><W25/><G25/><T58/><D54/><U114/><E47/><V50/><F50/><W83/><G83/><T24/><D24/><U13/><E49/><V71/><F71/><W69/><G28/><T87/><D87/><U91/><E51/><V108/><F108/><W100/><G100/><T9/><D18/><U19/><E17/><V125/><F125/><W36/><G36/><T30/><D30/><U134/><E19/><V117/><F117/><W43/><N who="3" m="15473" /><W93/><DORA hai="107" /><G93/><T6/><D16/><U38/><E123/><V63/><F63/><W74/><G74/><T127/><D127/><U115/><E128/><V79/><F79/><W95/><G69/><T119/><D119/><U39/><E39/><V0/><F8/><W113/><G10/><T126/><D126/><U97/><E38/><V70/><F70/><RYUUKYOKU ba="0,0" sc="250,-10,250,-10,250,30,250,-10" hai2="0,2,3,45,48,55,78,82,85,94,99,132,135" /><INIT seed="1,1,0,4,5,70" ten="240,240,280,240" oya="1" hai0="92,25,77,69,102,83,35,54,117,100,8,19,4" hai1="119,74,73,58,75,40,108,93,112,65,57,111,10" hai2="103,129,56,61,36,55,88,51,81,71,32,0,105" hai3="133,109,135,52,2,28,134,72,99,116,113,23,33"/><U21/><E112/><V30/><F129/><W29/><G72/><T124/><D124/><U37/><E119/><V127/><F0/><W63/><G113/><T131/><D131/><U68/><E10/><V9/><F127/><W84/><G2/><T41/><D69/><U47/><E93/><V89/><F9/><W38/><G33/><T34/><D54/><U95/><E95/><V7/><F7/><W16/><G116/><T46/><D117/><U118/><E118/><V17/><F17/><W87/><G99/><T101/><D19/><U121/><E121/><V98/><F36/><W76/><G38/><T91/><D25/><U120/><E21/><V59/><F81/><N who="3" m="47143" /><G87/><T60/><D60/><N who="1" m="39975" /><E120/><V132/><F132/><W110/><G29/><T49/><D91/><U3/><E3/><V26/><REACH who="2" step="1"/><F71/><REACH who="2" ten="240,240,270,240" step="2"/><W22/><G28/><T14/><REACH who="0" step="1"/><D92/><REACH who="0" ten="230,240,270,240" step="2"/><U85/><E111/><N who="3" m="42506" /><G16/><T62/><D62/><U96/><E108/><V18/><F18/><W64/><G64/><AGARI ba="1,2" hai="26,30,32,51,55,56,59,61,64,88,89,98,103,105" machi="64" ten="30,7700,0" yaku="1,1,7,1,54,1,53,1" doraHai="70" doraHaiUra="97" who="2" fromWho="3" sc="230,0,240,0,270,100,240,-80" /><INIT seed="2,0,0,0,2,108" ten="230,240,370,160" oya="2" hai0="29,28,2,19,86,62,51,77,126,128,105,81,80" hai1="52,42,43,82,20,83,73,30,25,26,14,64,119" hai2="131,112,59,95,116,61,75,9,101,44,47,122,3" hai3="27,114,129,37,55,5,121,127,84,10,4,103,58"/><V35/><F116/><W104/><G121/><T32/><D105/><U50/><E119/><V134/><F122/><W74/><G74/><T7/><D126/><U22/><E64/><V31/><F75/><W98/><G127/><T46/><D128/><U6/><E73/><V93/><F131/><W130/><G37/><T72/><D62/><U38/><E38/><V85/><F134/><W107/><G107/><T1/><D19/><N who="1" m="10359" /><E26/><V94/><F101/><W8/><G27/><T100/><D100/><U48/><E6/><V49/><F35/><W66/><G66/><T13/><D32/><U53/><E83/><V76/><F31/><W54/><G84/><T89/><D13/><U12/><E82/><V45/><F3/><W87/><G87/><T16/><D16/><N who="1" m="10503" /><E25/><V18/><F18/><W23/><G23/><T40/><D2/><U106/><E106/><V11/><F76/><W135/><G135/><T78/><D78/><U63/><E63/><V99/><F49/><N who="1" m="19049" /><E30/><V34/><F34/><W123/><G123/><T67/><D67/><U118/><E118/><V57/><F61/><W33/><G33/><T124/><D124/><U15/><E15/><V113/><F94/><W132/><G132/><T24/><D24/><U120/><E120/><V60/><F60/><W41/><G104/><T17/><D17/><U92/><E92/><V96/><F45/><W97/><G129/><T90/><D28/><U0/><E0/><V68/><F85/><W65/><G130/><T102/><D29/><U71/><E71/><AGARI ba="0,0" hai="9,11,44,47,57,59,68,71,93,95,96,99,112,113" machi="71" ten="25,9600,0" yaku="22,2,52,2" doraHai="108" who="2" fromWho="1" sc="230,0,240,-96,370,96,160,0" /><INIT seed="2,1,0,5,0,45" ten="230,144,466,160" oya="2" hai0="51,42,17,18,62,93,105,108,109,6,19,35,37" hai1="0,55,134,10,83,41,58,115,68,89,2,90,135" hai2="82,66,92,77,104,59,71,127,87,122,118,24,107" hai3="76,94,43,113,65,120,63,102,14,46,30,114,36"/><V13/><F118/><W8/><G120/><T78/><D105/><U73/><E115/><N who="3" m="44042" /><G30/><T125/><D35/><U28/><E41/><V15/><F24/><W54/><G76/><T80/><D125/><U48/><E68/><V44/><F92/><W25/><G25/><T49/><D6/><N who="1" m="1351" /><E2/><V96/><F87/><W52/><G94/><T85/><D62/><U50/><E28/><V121/><F59/><N who="3" m="37119" /><G102/><T95/><D37/><U74/><E48/><N who="0" m="18505" /><D42/><U97/><E97/><V112/><F96/><W3/><G3/><T22/><D22/><U130/><E130/><V5/><F107/><W9/><G9/><T33/><D33/><U128/><E128/><V133/><F104/><W84/><G84/><T117/><D117/><U110/><E74/><V20/><F127/><W67/><G67/><T56/><D56/><U75/><E75/><V106/><F66/><W23/><G23/><T12/><D12/><U98/><E73/><V103/><F106/><W61/><G61/><T129/><D129/><U39/><E98/><V119/><F121/><W38/><G38/><T53/><D95/><U11/><E39/><V99/><F119/><W101/><G101/><T7/><D93/><U27/><E11/><V70/><F122/><W86/><G86/><T21/><D21/><U64/><E64/><V123/><F112/><W31/><G31/><T91/><D78/><U26/><E90/><V1/><F123/><W29/><G29/><T4/><D91/><U69/><E69/><V34/><F71/><W32/><G32/><T57/><D85/><N who="1" m="50367" /><E110/><V124/><F70/><W126/><G126/><RYUUKYOKU ba="1,0" sc="230,-15,144,15,466,-15,160,15" hai1="26,27,50,55,58,134,135" hai3="8,14,36,43,46,52,54" /><INIT seed="3,2,0,5,2,93" ten="215,159,451,175" oya="3" hai0="132,120,94,100,124,126,84,21,20,29,46,133,85" hai1="95,22,24,118,90,7,41,127,36,4,63,130,117" hai2="19,45,34,102,83,25,77,119,9,56,122,12,105" hai3="131,49,87,88,65,0,99,55,80,40,128,32,92"/><W98/><G0/><T27/><D120/><U57/><E127/><N who="0" m="48681" /><D46/><U60/><E130/><N who="3" m="49706" /><G32/><T68/><D68/><U48/><E36/><V116/><F34/><W52/><G65/><T123/><D123/><U15/><E41/><V76/><F122/><W53/><G40/><T2/><D2/><U16/><E48/><V75/><F119/><N who="1" m="45577" /><E15/><V42/><F116/><W72/><G72/><T43/><D43/><U111/><E111/><V3/><F75/><W44/><G99/><N who="0" m="59511" /><D20/><U26/><E26/><V71/><F3/><W37/><G37/><T86/><AGARI ba="2,0" hai="21,27,29,84,85,86,132,133" m="59511,48681" machi="86" ten="40,2700,0" yaku="18,1,52,1" doraHai="93" who="0" fromWho="0" sc="215,33,159,-9,451,-9,175,-15" owari="248,4.8,150,-35.0,442,54.2,160,-24.0" /></mjloggm>