<mjloggm ver="2.3"><GO type="225" lobby="0"/><UN n0="%E3%81%A0%E3%81%8A" n1="%E3%81%BF%E3%81%BF%E3%81%9A" n2="%E3%82%A2%E3%82%A4%E3%82%B9%E3%83%86%E3%82%A3%E3%83%BC%E3%81%82%E3%81%B9" n3="%E3%81%82%E3%81%99%E3%81%AA%E3%82%8D%E3%83%A9%E3%82%A4%E3%83%80%E3%83%BC" dan="16,16,16,16" rate="2042.82,2167.18,2080.59,2111.57" sx="M,M,M,M"/><TAIKYOKU oya="0"/><INIT seed="0,0,0,1,2,36" ten="250,250,250,250" oya="0" hai0="69,100,86,55,130,43,46,56,14,72,127,122,80" hai1="1,53,4,107,73,15,30,124,12,105,32,31,33" hai2="109,94,103,78,28,65,74,83,58,125,21,60,129" hai3="92,108,70,104,68,27,2,91,67,34,76,63,45"/><T51/><D122/><U39/><E39/><V113/><F109/><W22/><G108/><T84/><D69/><U134/><E73/><V120/><F125/><W77/><G104/><T8/><D127/><U35/><E53/><V126/><F126/><W62/><G34/><T75/><D130/><U106/><E124/><V5/><F129/><W49/><G2/><T44/><D100/><U135/><E4/><V41/><F5/><W118/><G118/><T40/><D75/><U3/><E12/><V117/><F117/><W17/><G63/><T123/><D72/><U48/><E15/><V47/><F113/><W9/><G9/><T29/><D29/><N who="1" m="10763" /><E48/><V114/><F114/><W90/><G70/><T59/><D123/><U66/><E66/><V99/><F120/><W18/><G18/><N who="0" m="8519" /><D59/><U98/><E98/><V128/><F128/><W97/><REACH who="3" step="1"/><G91/><REACH who="3" ten="250,250,250,240" step="2"/><N who="0" m="51591" /><D86/><U20/><E20/><V71/><F21/><W19/><G19/><T79/><D79/><U25/><E25/><V13/><F28/><W10/><G10/><T116/><D116/><U64/><E64/><V24/><F24/><W26/><G26/><T0/><D0/><AGARI ba="0,1" hai="0,1,3,32,33,35,105,106,107,134,135" m="10763" machi="0" ten="50,3200,0" yaku="28,2" doraHai="36" who="1" fromWho="0" sc="250,-32,250,42,250,0,240,0" /><INIT seed="1,0,0,0,4,48" ten="218,292,250,240" oya="1" hai0="113,103,135,104,117,46,13,47,64,57,76,119,75" hai1="90,35,31,11,86,8,130,87,94,92,107,100,97" hai2="95,121,41,79,114,52,63,96,69,111,85,65,68" hai3="32,4,112,3,45,120,126,73,58,78,40,84,101"/><U24/><REACH who="1" step="1"/><E130/><REACH who="1" ten="218,282,250,240" step="2"/><V23/><F121/><W125/><G120/><T129/><D129/><U110/><E110/><V77/><F111/><W6/><G125/><T81/><D119/><U70/><E70/><V22/><F69/><W106/><G126/><T99/><D117/><U17/><E17/><V124/><F124/><W53/><G112/><T33/><D113/><U9/><E9/><V109/><F114/><W43/><G6/><T83/><D46/><U115/><E115/><V134/><F109/><W62/><G4/><T98/><D47/><U36/><E36/><V56/><F134/><W25/><G45/><T14/><D135/><U16/><E16/><V15/><F41/><W93/><G43/><T18/><D18/><U44/><E44/><V59/><F68/><W89/><G40/><T39/><D39/><U80/><E80/><N who="2" m="47247" /><F79/><W26/><G78/><T27/><D76/><U61/><E61/><N who="2" m="35975" /><F15/><W20/><G62/><T5/><D13/><U50/><E50/><V131/><F131/><W54/><G3/><T19/><D14/><U132/><E132/><V102/><AGARI ba="0,1" hai="22,23,59,63,65,95,96,102" m="35975,47247" machi="102" ten="30,4000,0" yaku="8,1,52,1,54,1" doraHai="48" who="2" fromWho="2" sc="218,-10,282,-20,250,50,240,-10" /><INIT seed="2,0,0,3,3,27" ten="208,262,300,230" oya="2" hai0="72,11,98,81,8,130,83,64,6,43,1,40,69" hai1="117,50,34,118,126,120,22,101,134,132,85,128,29" hai2="33,12,87,47,76,18,57,106,107,93,19,97,17" hai3="123,10,32,122,124,73,105,135,56,96,4,0,80"/><V94/><F33/><W30/><G56/><T42/><D130/><U61/><E101/><V89/><F12/><W20/><G20/><T78/><D98/><U100/><E100/><V58/><F47/><W121/><G135/><N who="1" m="51754" /><E128/><V86/><F107/><W21/><G21/><T54/><D54/><U91/><E126/><V31/><F31/><W71/><G124/><T116/><D116/><U70/><E34/><V109/><F106/><W114/><G71/><T67/><D69/><U74/><E74/><V2/><F2/><W23/><G23/><T41/><N who="0" m="10240" /><DORA hai="26" /><T119/><D119/><U14/><E50/><V125/><F125/><W68/><G68/><T9/><D9/><U39/><E39/><V45/><F45/><W53/><G53/><T25/><D83/><N who="1" m="49599" /><E120/><V112/><F112/><W48/><G48/><T37/><D37/><U16/><E29/><V115/><F115/><W82/><G114/><T36/><D36/><U103/><E103/><N who="2" m="60847" /><F109/><W24/><G105/><T5/><REACH who="0" step="1"/><D25/><REACH who="0" ten="198,262,300,230" step="2"/><U111/><E111/><V110/><F110/><W55/><G55/><T102/><D102/><U49/><E49/><V79/><F79/><W7/><G96/><T90/><D90/><U59/><E70/><V108/><F108/><W60/><G123/><T3/><AGARI ba="0,1" hai="1,3,5,6,8,11,64,67,72,78,81" m="10240" machi="3" ten="40,12000,2" yaku="1,1,0,1,9,1,53,3" doraHai="27,26" doraHaiUra="62,77" who="0" fromWho="0" sc="198,130,262,-30,300,-60,230,-30" /><INIT seed="3,0,0,5,5,60" ten="328,232,240,200" oya="3" hai0="28,71,50,23,30,4,98,129,66,25,16,132,8" hai1="97,56,13,122,119,48,124,39,84,65,94,81,93" hai2="15,36,43,134,2,83,5,24,125,18,52,55,32" hai3="45,19,63,113,118,111,59,87,10,117,9,53,88"/><W77/><G113/><T46/><D129/><U82/><E39/><V17/><F36/><W127/><G127/><T62/><D132/><U131/><E122/><V35/><F43/><W79/><G117/><T130/><D98/><U123/><E123/><V6/><F134/><W108/><G118/><T64/><D64/><U112/><E112/><V107/><F107/><W75/><G75/><T74/><D74/><U38/><E38/><V110/><F110/><N who="3" m="42027" /><G45/><T1/><D130/><U86/><E124/><V57/><F125/><W101/><G101/><T99/><D99/><U114/><E114/><V126/><F126/><W109/><N who="3" m="42035" /><W33/><DORA hai="29" /><G33/><T105/><D105/><U103/><E131/><V100/><F100/><W21/><G79/><T49/><D49/><U89/><E119/><V37/><F37/><W85/><G77/><T73/><D73/><U80/><E13/><V51/><F2/><W133/><G133/><T76/><D76/><N who="1" m="46087" /><E48/><V90/><F35/><W3/><G3/><T95/><D95/><U26/><E26/><V120/><F120/><W34/><G34/><T68/><D71/><U42/><E42/><AGARI ba="0,0" hai="1,4,8,16,23,25,28,30,42,46,50,62,66,68" machi="42" ten="30,3900,0" yaku="7,1,52,1,54,1" doraHai="60,29" who="0" fromWho="1" sc="328,39,232,-39,240,0,200,0" owari="367,46.7,193,-30.7,240,4.0,200,-20.0" /></mjloggm>