<mjloggm ver="2.3"><GO type="225" lobby="0"/><UN n0="%45%6C%79%73%69%75%6D" n1="%E8%B6%85%E7%B4%9A%E9%B3%B3%E5%87%B0" n2="%E6%9D%B1%E9%A2%A8%E3%81%AE%E3%81%8D%E3%82%83%E3%81%B7%E3%81%95%E3%82%93" n3="%E3%81%A0%E3%81%8A" dan="17,16,16,16" rate="2112.20,2178.19,2177.49,2040.70" sx="F,M,M,M"/><TAIKYOKU oya="0"/><INIT seed="0,0,0,5,2,134" ten="250,250,250,250" oya="0" hai0="115,13,60,116,81,42,111,5,63,65,80,26,62" hai1="98,11,16,113,10,94,120,84,95,77,121,109,106" hai2="59,75,92,7,102,79,50,49,66,128,103,90,15" hai3="9,74,44,17,132,110,6,57,46,58,73,85,45"/><T35/><D115/><U64/><E113/><V41/><F75/><W89/><G110/><T69/><D116/><U54/><E109/><V55/><F128/><W87/><G132/><T30/><D111/><U130/><E130/><V91/><F79/><W133/><G133/><T97/><D42/><U76/><E64/><V71/><F71/><W107/><G107/><T43/><D43/><U12/><E54/><V126/><F66/><W52/><G17/><T125/><D125/><U118/><E118/><V70/><F126/><W117/><G58/><T112/><D112/><U135/><E135/><V72/><F70/><W48/><G87/><T104/><D60/><U21/><E106/><V131/><F72/><W38/><G38/><T8/><REACH who="0" step="1"/><D62/><REACH who="0" ten="240,250,250,250" step="2"/><U39/><E39/><V83/><F131/><W99/><G117/><T3/><D3/><U14/><E121/><V88/><F83/><W67/><G67/><T56/><D56/><U114/><E120/><V29/><F92/><W25/><G57/><T36/><D36/><U100/><E114/><V108/><F108/><W2/><G2/><T61/><D61/><U122/><E122/><V127/><F127/><W123/><G123/><T24/><D24/><U0/><E0/><V82/><F82/><W101/><G25/><T78/><D78/><N who="1" m="30315" /><E12/><V47/><F29/><W22/><G48/><T1/><D1/><U119/><E119/><V51/><F49/><W124/><G124/><T19/><D19/><U53/><E53/><V105/><F105/><W32/><G52/><T129/><D129/><U93/><E93/><V96/><F96/><RYUUKYOKU ba="0,1" sc="240,10,250,10,250,10,250,-30" hai0="5,8,13,26,30,35,63,65,69,80,81,97,104" hai1="10,11,14,16,21,84,94,95,98,100" hai2="7,15,41,47,50,51,55,59,88,90,91,102,103" /><INIT seed="0,1,1,3,0,10" ten="250,260,260,220" oya="0" hai0="117,52,124,57,60,82,105,76,77,78,91,84,135" hai1="81,56,54,80,4,19,131,134,132,21,48,8,69" hai2="43,133,71,128,0,118,130,41,6,12,62,59,14" hai3="44,7,13,58,64,15,65,102,100,92,115,37,49"/><T116/><D124/><U74/><E69/><V50/><F71/><W90/><G115/><T11/><D135/><N who="1" m="51755" /><E74/><V111/><F133/><W26/><G37/><T120/><D120/><U113/><E113/><V70/><F70/><W94/><G26/><T75/><D75/><U79/><E79/><V46/><F111/><W33/><G33/><T95/><D105/><U63/><E48/><V93/><F118/><W107/><G107/><T121/><D121/><U66/><E66/><N who="3" m="25706" /><G7/><T88/><REACH who="0" step="1"/><D11/><REACH who="0" ten="240,260,260,220" step="2"/><U108/><E108/><V83/><F130/><W36/><G36/><T20/><D20/><U25/><E131/><V123/><F128/><W27/><G94/><T126/><D126/><U85/><E85/><AGARI ba="1,2" hai="52,57,60,76,77,78,82,84,85,88,91,95,116,117" machi="85" ten="40,7700,0" yaku="1,1,54,2,53,0" doraHai="10" doraHaiUra="104" who="0" fromWho="1" sc="240,100,260,-80,260,0,220,0" /><INIT seed="0,2,0,3,0,127" ten="340,180,260,220" oya="0" hai0="35,52,53,8,11,92,49,38,34,116,2,129,27" hai1="85,101,18,63,58,118,81,29,97,110,78,42,107" hai2="133,122,120,14,3,31,36,91,80,6,15,16,104" hai3="47,88,76,112,96,60,26,111,86,5,100,48,41"/><T77/><D116/><U23/><E118/><V20/><F104/><W32/><G112/><T71/><D38/><U109/><E29/><V79/><F36/><W62/><G111/><T66/><D129/><U121/><E42/><V57/><F133/><W61/><G76/><T68/><D77/><U84/><E84/><V135/><F135/><W87/><G5/><T103/><D66/><U28/><E28/><V12/><F91/><W125/><G125/><T40/><D40/><U113/><E113/><V75/><F31/><W123/><G123/><T102/><D27/><U117/><E117/><V30/><F30/><W114/><G114/><T95/><REACH who="0" step="1"/><D49/><REACH who="0" ten="330,180,260,220" step="2"/><U70/><E121/><V69/><F122/><W33/><G26/><T0/><AGARI ba="2,1" hai="0,2,8,11,34,35,52,53,68,71,92,95,102,103" machi="0" ten="25,18000,2" yaku="1,1,2,1,0,1,22,2,54,1,53,0" doraHai="127" doraHaiUra="82" who="0" fromWho="0" sc="330,196,180,-62,260,-62,220,-62" /><INIT seed="0,3,0,2,5,100" ten="526,118,198,158" oya="0" hai0="90,16,126,72,113,121,40,70,97,14,112,79,108" hai1="47,68,58,131,56,42,93,23,84,15,17,75,102" hai2="2,30,63,129,26,101,52,45,57,114,76,78,80" hai3="91,31,44,128,46,118,62,105,9,1,11,4,109"/><T59/><D70/><U132/><E75/><V83/><F2/><W82/><G118/><T127/><D121/><U94/><E68/><V117/><F117/><W18/><G109/><T74/><D40/><U41/><E131/><V89/><F129/><W33/><G105/><T29/><D29/><U0/><E0/><V22/><F114/><W13/><G128/><T65/><D108/><U111/><E111/><V71/><F101/><W122/><G122/><T38/><D38/><U119/><E119/><V135/><F135/><W55/><G62/><T115/><D59/><U85/><E132/><V49/><F71/><W35/><G55/><T123/><D65/><U95/><E102/><V37/><F37/><W107/><G107/><T3/><D3/><U60/><E58/><V25/><F25/><W86/><REACH who="3" step="1"/><G31/><REACH who="3" ten="526,118,198,148" step="2"/><T88/><D123/><U81/><E47/><AGARI ba="3,1" hai="1,4,9,11,13,18,33,35,44,46,47,82,86,91" machi="47" ten="40,2600,0" yaku="1,1,2,1,53,0" doraHai="100" doraHaiUra="130" who="3" fromWho="1" sc="526,0,118,-35,198,0,148,45" /><INIT seed="1,0,0,1,5,95" ten="526,83,198,193" oya="1" hai0="35,5,39,34,103,6,114,64,58,80,45,27,54" hai1="10,48,24,123,63,130,85,84,53,57,71,9,78" hai2="55,96,100,17,120,131,7,65,41,15,22,128,21" hai3="112,50,11,109,31,108,126,110,99,119,47,66,90"/><U62/><E123/><V69/><F120/><W94/><G112/><T125/><D114/><U38/><E38/><V51/><F7/><W89/><G126/><T101/><D125/><U93/><E130/><N who="2" m="49707" /><F41/><N who="3" m="24943" /><G119/><T70/><D80/><N who="1" m="47127" /><E71/><V52/><F51/><W116/><G116/><T113/><D113/><U97/><E85/><V49/><F49/><W87/><G66/><T129/><D129/><U59/><E24/><V117/><F117/><W0/><G31/><T36/><D27/><U82/><E82/><V102/><F102/><N who="3" m="60791" /><G87/><T40/><D70/><U60/><E59/><V16/><F65/><W73/><G73/><T43/><D58/><U127/><E127/><V30/><F30/><W72/><G72/><T37/><D37/><U29/><E29/><V79/><F79/><W104/><G104/><T132/><D39/><U26/><E26/><N who="2" m="14639" /><F69/><W86/><G86/><T118/><D36/><U28/><E28/><V106/><AGARI ba="0,0" hai="15,16,22,52,55,96,100,106" m="14639,49707" machi="106" ten="30,7900,0" yaku="19,1,52,1,54,2" doraHai="95" who="2" fromWho="2" sc="526,-20,83,-39,198,79,193,-20" /><INIT seed="2,0,0,2,5,89" ten="506,44,277,173" oya="2" hai0="47,74,72,113,56,49,130,95,61,12,29,24,126" hai1="100,5,15,94,8,6,133,131,21,27,69,23,10" hai2="116,54,80,107,118,134,55,50,68,123,87,77,30" hai3="96,2,44,62,19,114,58,120,132,14,9,105,60"/><V64/><F107/><W109/><G120/><T53/><D113/><U3/><E69/><V34/><F123/><W32/><G32/><T39/><D39/><U22/><E131/><V124/><F124/><W117/><G114/><T102/><D12/><N who="1" m="5135" /><E94/><V37/><F134/><W36/><G117/><T20/><D126/><U129/><E100/><V125/><F37/><W51/><G36/><T28/><D28/><N who="1" m="17519" /><E133/><V18/><F125/><W48/><G96/><N who="0" m="59679" /><D130/><U82/><E82/><V52/><F50/><W41/><G51/><T7/><D7/><N who="1" m="1407" /><E129/><V26/><REACH who="2" step="1"/><F18/><REACH who="2" ten="506,44,267,173" step="2"/><W25/><G19/><T119/><D119/><U93/><E93/><V98/><F98/><W101/><G105/><T73/><D73/><U42/><E42/><V88/><F88/><W70/><G132/><T1/><D74/><U67/><E67/><V122/><F122/><W66/><G41/><T63/><D72/><U43/><E43/><V71/><F71/><W104/><G66/><T46/><D49/><U111/><E111/><V65/><F65/><W75/><G70/><T35/><D53/><U81/><E81/><V135/><F135/><W13/><G48/><T90/><D90/><U112/><E112/><V92/><F92/><W38/><G75/><T91/><D91/><U128/><E128/><V33/><F33/><W59/><G104/><T11/><D35/><U108/><E108/><V57/><F57/><W115/><G59/><T83/><D56/><U86/><E86/><V79/><F79/><W31/><G58/><T85/><D83/><U99/><E99/><V110/><F110/><W40/><G109/><RYUUKYOKU ba="0,1" sc="506,-15,44,15,267,15,173,-15" hai1="6,15,22,23" hai2="26,30,34,52,54,55,64,68,77,80,87,116,118" /><INIT seed="2,1,1,0,1,96" ten="491,59,282,158" oya="2" hai0="98,79,27,49,86,116,30,68,94,127,32,122,23" hai1="108,12,123,102,60,29,55,101,16,37,114,67,85" hai2="13,1,44,43,80,97,62,47,10,89,54,52,117" hai3="26,73,6,112,78,104,11,125,90,3,95,0,109"/><V8/><F117/><W133/><G104/><T74/><D74/><U40/><E114/><V120/><F120/><W63/><G109/><T92/><D122/><U21/><E123/><V58/><F1/><W119/><G119/><T135/><D68/><U76/><E108/><V124/><F124/><W35/><G133/><T31/><D135/><U2/><E2/><V25/><F25/><W84/><G125/><T128/><D127/><U105/><E55/><V132/><F132/><W4/><G112/><T41/><D128/><U77/><E29/><V48/><F13/><W87/><G0/><T53/><D41/><U17/><E105/><V99/><F99/><W50/><G4/><T71/><D71/><U118/><E118/><V42/><F54/><W33/><G6/><T20/><D116/><U100/><E85/><V126/><F126/><W36/><G84/><T19/><D31/><U81/><E81/><V103/><F89/><W88/><G90/><T107/><D107/><U24/><E40/><V46/><F80/><W51/><G87/><T82/><D98/><U110/><E37/><V121/><F121/><W57/><G36/><T5/><D5/><U45/><E45/><N who="2" m="17515" /><F42/><W61/><G88/><T69/><D69/><N who="1" m="42215" /><E110/><V15/><F15/><W106/><G3/><T130/><D130/><U83/><E83/><V14/><F14/><W38/><G33/><T72/><D72/><U65/><E65/><V34/><F34/><W59/><G73/><T39/><D32/><U93/><E93/><AGARI ba="1,1" hai="8,10,43,47,48,52,58,62,93,97,103" m="17515" machi="93" ten="30,5800,0" yaku="8,1,52,1,54,1" doraHai="96" who="2" fromWho="1" sc="491,0,59,-61,282,71,158,0" owari="491,59.1,-2,-50.2,353,15.3,158,-24.2" /></mjloggm>