<mjloggm ver="2.3"><GO type="225" lobby="0"/><UN n0="%E6%98%93%E5%88%A9%E8%96%A9%E4%BC%AF" n1="%E3%81%8B%E3%82%8F%E3%81%A1%E3%82%83%E3%82%93%35%38" n2="%E4%B8%89%E5%88%86%E5%B0%8F%E5%83%A7" n3="%E3%82%8C%E3%81%99%E3%81%93" dan="16,16,16,17" rate="2149.43,2168.37,2101.53,2182.65" sx="F,M,M,F"/><TAIKYOKU oya="0"/><INIT seed="0,0,0,4,2,104" ten="250,250,250,250" oya="0" hai0="120,12,61,21,35,66,135,105,65,69,26,13,102" hai1="113,40,101,59,18,117,86,116,9,125,15,57,77" hai2="62,53,130,109,76,52,11,63,115,124,112,64,38" hai3="107,87,103,41,119,60,110,22,34,28,36,78,29"/><T127/><D120/><U55/><E40/><V58/><F76/><W19/><G119/><T32/><D66/><U44/><E44/><V73/><F11/><W133/><G34/><T75/><D135/><U85/><E101/><V6/><F6/><W56/><G110/><T54/><D127/><U88/><E125/><V24/><F24/><W83/><G133/><T99/><D75/><U48/><E113/><N who="2" m="43595" /><F73/><W134/><G134/><T91/><D35/><U10/><E59/><N who="2" m="36959" /><F124/><W129/><G129/><T42/><D42/><U121/><E121/><V70/><F109/><W49/><G36/><T128/><D128/><U132/><E132/><V45/><F70/><W100/><G107/><T114/><D114/><U98/><E98/><V37/><F130/><W50/><G103/><T118/><D118/><U43/><E43/><N who="2" m="22767" /><F38/><W106/><G100/><T95/><D54/><AGARI ba="0,0" hai="52,53,54,58,63" m="22767,36959,43595" machi="54" ten="30,3900,0" yaku="34,2,54,1" doraHai="104" who="2" fromWho="0" sc="250,-39,250,0,250,39,250,0" /><INIT seed="1,0,0,1,0,127" ten="211,250,289,250" oya="1" hai0="121,64,115,104,73,83,32,16,57,128,46,87,125" hai1="23,2,20,39,111,77,0,24,18,106,30,122,99" hai2="90,58,49,95,110,133,134,109,63,36,103,22,93" hai3="97,82,88,35,15,114,56,79,84,81,42,94,80"/><U71/><E39/><V26/><F36/><W40/><G35/><T124/><D32/><N who="1" m="20551" /><E77/><V3/><F3/><N who="1" m="1065" /><E99/><N who="2" m="59887" /><F49/><W61/><G114/><T28/><D28/><U96/><E96/><N who="2" m="57463" /><F22/><W118/><G118/><T131/><D104/><U53/><E53/><N who="2" m="34255" /><F26/><W19/><G80/><T105/><D105/><U130/><E106/><V31/><F31/><W67/><REACH who="3" step="1"/><G82/><REACH who="3" ten="211,250,289,240" step="2"/><T7/><D115/><U86/><E122/><V21/><F21/><AGARI ba="0,1" hai="15,19,21,40,42,56,61,67,79,81,84,88,94,97" machi="21" ten="30,12000,2" yaku="1,1,2,1,7,1,8,1,54,1,53,1" doraHai="127" doraHaiUra="72" who="3" fromWho="2" sc="211,0,250,0,289,-120,240,130" /><INIT seed="2,0,0,1,4,116" ten="211,250,169,370" oya="2" hai0="83,68,79,21,90,51,69,80,9,115,52,26,72" hai1="87,99,62,38,43,23,31,92,114,73,17,86,65" hai2="32,46,54,120,96,10,16,39,25,5,130,98,97" hai3="74,12,104,53,132,108,66,128,125,119,89,95,48"/><V56/><F130/><W75/><G119/><T14/><D115/><U70/><E73/><V35/><F120/><W11/><G104/><T103/><D103/><U2/><E2/><V102/><F39/><W129/><G66/><T24/><D83/><U123/><E114/><V33/><F46/><W71/><G71/><T1/><D1/><U34/><E34/><V22/><F102/><W40/><G40/><T117/><D90/><U4/><E4/><V20/><F20/><W58/><G108/><T41/><D41/><U101/><E31/><V94/><F94/><W84/><G132/><T106/><D26/><U134/><E134/><V135/><F135/><W45/><G58/><T6/><D106/><U133/><E133/><V60/><REACH who="2" step="1"/><F33/><REACH who="2" ten="211,250,159,370" step="2"/><W110/><G129/><T85/><D117/><U37/><E123/><V121/><F121/><W44/><G128/><T49/><D72/><U50/><E38/><V77/><F77/><W78/><G74/><T113/><D113/><U55/><E37/><V59/><F59/><W126/><G78/><T28/><D51/><U112/><E112/><V88/><F88/><W61/><G75/><T3/><D3/><AGARI ba="0,1" hai="3,5,10,16,22,25,32,35,54,56,60,96,97,98" machi="3" ten="40,3900,0" yaku="1,1,54,1,53,0" doraHai="116" doraHaiUra="131" who="2" fromWho="0" sc="211,-39,250,0,159,49,370,0" /><INIT seed="2,1,0,0,3,6" ten="172,250,208,370" oya="2" hai0="51,19,59,27,74,2,128,60,50,129,100,32,26" hai1="72,40,126,86,84,81,63,105,109,49,134,65,4" hai2="15,69,36,107,118,48,56,8,95,131,37,96,133" hai3="123,0,125,106,111,3,113,5,1,9,47,97,53"/><V83/><F69/><W33/><G123/><T52/><D74/><U66/><E105/><V127/><F107/><W120/><G120/><T13/><D2/><U89/><E109/><V82/><F118/><W73/><G33/><T122/><D122/><U35/><E35/><V75/><F127/><W61/><G111/><T67/><D100/><U88/><E72/><V44/><F56/><W42/><G125/><T91/><D91/><U34/><E34/><V43/><F131/><N who="0" m="50250" /><D32/><U31/><E31/><V70/><F70/><W76/><G53/><T21/><D67/><U135/><E126/><V130/><F133/><N who="1" m="50697" /><E63/><V99/><F130/><W30/><G30/><N who="0" m="17743" /><D27/><U46/><E4/><V23/><F23/><AGARI ba="1,0" hai="13,19,23,50,51,52,59,60" m="17743,50250" machi="23" ten="30,2000,0" yaku="19,1,54,1" doraHai="6" who="0" fromWho="2" sc="172,23,250,0,208,-23,370,0" /><INIT seed="3,0,0,2,0,90" ten="195,250,185,370" oya="3" hai0="59,128,17,113,78,9,11,54,100,107,55,42,53" hai1="50,112,84,86,135,67,129,81,7,80,114,115,99" hai2="44,58,32,133,24,49,105,101,28,23,22,72,82" hai3="62,63,15,3,4,110,29,121,43,95,20,111,33"/><W126/><G121/><T109/><D109/><N who="3" m="41481" /><G126/><T106/><D78/><U131/><E50/><V12/><F133/><W70/><G70/><T45/><D128/><N who="1" m="49227" /><E67/><V13/><F105/><W51/><G33/><T2/><D59/><U46/><E46/><V108/><F108/><W21/><G3/><T0/><D17/><U64/><E64/><V91/><F101/><W25/><G43/><T132/><D11/><U52/><E52/><N who="2" m="29735" /><F32/><W68/><G51/><T77/><D77/><U35/><E7/><V37/><F72/><W1/><G1/><T134/><D113/><U122/><E35/><V76/><F76/><W124/><G68/><T48/><D100/><U57/><E122/><V26/><F37/><W88/><G124/><T125/><D125/><U127/><E127/><V18/><F58/><W119/><G4/><N who="0" m="1159" /><D2/><U98/><E57/><V40/><F40/><W69/><G69/><T94/><D94/><U16/><E135/><AGARI ba="0,0" hai="42,45,48,53,54,55,106,107,132,134,135" m="1159" machi="135" ten="30,1000,0" yaku="20,1" doraHai="90" who="0" fromWho="1" sc="195,10,250,-10,185,0,370,0" owari="205,-19.5,240,4.0,185,-31.5,370,47.0" /></mjloggm>