<mjloggm ver="2.3"><GO type="225" lobby="0"/><UN n0="%E8%81%B7%E6%A5%AD%E3%80%81%E9%A2%A8%32" n1="%6D%75%75%6D%75%72%61" n2="%73%61%6E%64%69%72%69%73" n3="%E3%82%A2%E3%82%A4%E3%82%B9%E3%83%86%E3%82%A3%E3%83%BC%E3%81%82%E3%81%B9" dan="16,16,16,16" rate="2163.91,2177.76,2136.73,2087.41" sx="M,F,M,M"/><TAIKYOKU oya="0"/><INIT seed="0,0,0,5,0,19" ten="250,250,250,250" oya="0" hai0="79,26,17,101,110,74,124,12,25,117,92,103,57" hai1="34,10,104,81,22,54,91,120,85,36,108,90,84" hai2="42,27,107,88,40,122,1,98,37,96,93,125,72" hai3="23,67,18,75,0,15,29,80,63,99,55,43,127"/><T119/><D124/><U24/><E120/><V95/><F122/><W64/><G0/><T3/><D3/><U116/><E116/><V68/><F125/><W82/><G127/><T28/><D110/><U14/><E108/><V94/><F72/><W47/><G29/><T52/><D74/><U9/><E104/><V33/><F68/><W38/><G99/><N who="0" m="59623" /><D119/><U65/><E36/><V58/><F1/><W106/><G106/><T73/><D73/><U30/><E65/><V53/><F107/><W70/><G75/><T123/><D123/><U4/><E9/><V5/><F5/><W61/><REACH who="3" step="1"/><G55/><REACH who="3" ten="250,250,250,240" step="2"/><T86/><D117/><U78/><E54/><V21/><F96/><W118/><G118/><T71/><D28/><U112/><E112/><V83/><F98/><W128/><G128/><T16/><D103/><U109/><E109/><V56/><F53/><W39/><G39/><T8/><D71/><AGARI ba="0,1" hai="15,18,23,38,43,47,61,63,64,67,70,71,80,82" machi="71" ten="30,7700,0" yaku="1,1,7,1,9,1,52,1,53,0" doraHai="19" doraHaiUra="126" who="3" fromWho="0" sc="250,-77,250,0,250,0,240,87" /><INIT seed="1,0,0,1,5,108" ten="173,250,250,327" oya="1" hai0="5,118,71,62,44,29,111,6,16,87,76,14,89" hai1="75,19,131,94,69,105,88,26,4,0,80,96,126" hai2="107,81,119,95,61,104,23,97,125,100,54,8,99" hai3="110,65,63,64,50,32,133,109,43,77,130,56,48"/><U132/><E69/><V103/><F119/><W46/><G32/><T57/><D111/><N who="3" m="42505" /><G77/><T72/><D118/><U84/><E126/><V24/><F125/><W90/><G90/><T66/><D72/><U36/><E36/><V58/><F81/><W17/><G17/><T22/><D71/><U38/><E38/><V113/><F8/><W15/><G15/><T45/><D76/><U49/><E131/><V67/><F113/><W68/><G130/><T35/><D35/><U60/><E132/><V79/><F79/><W101/><G101/><T28/><D29/><U2/><E60/><V135/><F135/><W52/><G65/><T85/><D85/><U53/><E75/><V59/><F95/><W122/><G133/><T123/><D123/><AGARI ba="0,0" hai="43,46,48,50,52,56,63,64,68,122,123" m="42505" machi="123" ten="30,7700,0" yaku="14,1,34,2,54,1" doraHai="108" who="3" fromWho="0" sc="173,-77,250,0,250,0,327,77" /><INIT seed="2,0,0,2,4,128" ten="96,250,250,404" oya="2" hai0="96,17,3,0,121,110,99,14,112,1,95,84,26" hai1="78,93,117,82,52,47,55,133,23,74,22,76,100" hai2="50,90,30,15,103,12,135,114,122,61,104,91,44" hai3="54,85,24,72,57,11,68,37,40,108,89,66,126"/><V27/><F114/><W116/><G72/><T33/><D84/><U86/><E117/><V8/><F122/><W41/><G116/><T18/><D99/><N who="1" m="59503" /><E74/><V75/><F75/><W45/><G108/><T125/><D96/><U13/><E133/><V131/><F135/><W88/><G41/><T70/><D95/><U111/><E111/><V73/><F73/><W113/><G113/><T19/><D70/><U107/><E107/><V98/><F131/><W36/><G36/><T48/><D48/><N who="1" m="28703" /><E78/><V35/><F61/><W77/><G66/><T49/><D49/><U69/><E69/><V63/><F63/><W67/><G67/><T7/><D110/><U6/><E55/><V51/><F15/><W119/><G11/><AGARI ba="0,0" hai="6,11,13,22,23,76,82,86" m="28703,59503" machi="11" ten="30,2000,0" yaku="8,1,54,1" doraHai="128" who="1" fromWho="3" sc="96,0,250,20,250,0,404,-20" /><INIT seed="3,0,0,1,2,71" ten="96,270,250,384" oya="3" hai0="68,82,76,117,1,83,74,46,30,86,35,13,79" hai1="31,0,89,28,7,45,27,24,130,134,54,88,33" hai2="62,101,65,15,6,38,116,131,97,5,72,44,112" hai3="63,50,25,56,122,52,115,135,80,96,87,47,53"/><W93/><G135/><T66/><D117/><U21/><E134/><V36/><F112/><W17/><G122/><T73/><D13/><U70/><E70/><V84/><F72/><W123/><G123/><T111/><D111/><U102/><E130/><V99/><F116/><W18/><G25/><T91/><D1/><U75/><E75/><V59/><F131/><W23/><G23/><T90/><D30/><U129/><E129/><V9/><F5/><W104/><G104/><T64/><D68/><U12/><E102/><V43/><F84/><W77/><G115/><T109/><D109/><U106/><E106/><V81/><F81/><W78/><G78/><T100/><D86/><U16/><E45/><V121/><F121/><W26/><G26/><T124/><D46/><U49/><E0/><V60/><F60/><W118/><G118/><T2/><D2/><U55/><E7/><V132/><F132/><W69/><G69/><T32/><D124/><U51/><E51/><V40/><F101/><AGARI ba="0,0" hai="17,18,47,50,52,53,56,63,77,80,87,93,96,101" machi="101" ten="30,5800,0" yaku="7,1,8,1,54,1" doraHai="71" who="3" fromWho="2" sc="96,0,270,0,250,-58,384,58" owari="96,-40.4,270,7.0,192,-20.8,442,54.2" /></mjloggm>