<mjloggm ver="2.3"><GO type="225" lobby="0"/><UN n0="%E3%83%AD%E3%83%83%E3%83%86%E9%9B%80%E7%90%83" n1="%E8%A8%88%E7%AE%97%E6%A9%9F%E8%87%AA%E7%84%B6" n2="%E3%83%B4%E3%83%A0%EF%BC%99%E3%81%A6" n3="%79%6B%66%35%35%33%38%39" dan="17,17,17,16" rate="2125.31,2203.33,2178.48,2165.05" sx="M,M,M,M"/><TAIKYOKU oya="0"/><INIT seed="0,0,0,4,4,24" ten="250,250,250,250" oya="0" hai0="39,101,125,109,94,64,45,133,67,29,40,128,132" hai1="5,43,15,74,55,18,123,95,27,23,8,66,25" hai2="46,0,106,80,107,33,87,72,11,118,30,120,65" hai3="105,116,115,103,100,110,20,76,52,77,21,36,34"/><T56/><D125/><U91/><E123/><V6/><F120/><W17/><G115/><T131/><D109/><U19/><E74/><V70/><F72/><W42/><G116/><T126/><D126/><U82/><E66/><N who="0" m="25129" /><D101/><U32/><E43/><V99/><F46/><W73/><G34/><T53/><D94/><U119/><E119/><V88/><F118/><W10/><G110/><T62/><D29/><U57/><E82/><V89/><F89/><W134/><G134/><AGARI ba="0,0" hai="39,40,45,53,56,62,128,131,132,133,134" m="25129" machi="134" ten="30,5800,0" yaku="20,1,34,2" doraHai="24" who="0" fromWho="3" sc="250,58,250,0,250,0,250,-58" /><INIT seed="0,1,0,1,3,91" ten="308,250,250,192" oya="0" hai0="6,53,55,119,85,109,114,23,110,38,107,98,102" hai1="67,3,24,7,22,130,79,69,2,118,36,17,25" hai2="65,106,103,16,34,52,57,40,132,125,101,68,51" hai3="84,39,96,115,73,28,100,18,74,20,111,124,78"/><T37/><D114/><U83/><E36/><N who="0" m="13929" /><D119/><U1/><E118/><V70/><F34/><W128/><G115/><T94/><D6/><U48/><E130/><V19/><F125/><W81/><G124/><T66/><D66/><U134/><E134/><V133/><F40/><W42/><G128/><T95/><D23/><U54/><E69/><V63/><F70/><W121/><G121/><T82/><D53/><U5/><E24/><V44/><F68/><W15/><G111/><N who="0" m="42507" /><D55/><U14/><E67/><V61/><F61/><W89/><G28/><T31/><D31/><U131/><E131/><V46/><F46/><W47/><REACH who="3" step="1"/><G78/><AGARI ba="1,0" hai="78,82,85,94,95,98,102,107" m="42507,13929" machi="78" ten="30,11600,0" yaku="14,1,10,1,52,2" doraHai="91" who="0" fromWho="3" sc="308,119,250,0,250,0,192,-119" /><INIT seed="0,2,0,3,2,114" ten="427,250,250,73" oya="0" hai0="87,15,109,14,93,122,46,2,72,111,89,119,84" hai1="130,106,85,19,133,39,80,27,120,1,47,12,35" hai2="43,82,86,62,21,67,134,42,117,94,70,105,56" hai3="83,76,110,54,61,38,99,4,97,30,75,95,13"/><T71/><D122/><U60/><E120/><V17/><F105/><W51/><G110/><N who="0" m="41995" /><D72/><U132/><E106/><V101/><F134/><W32/><G38/><T96/><D2/><U121/><E1/><V135/><F135/><W102/><G97/><T128/><D71/><U25/><E60/><V34/><F34/><W66/><G32/><T8/><D128/><U90/><E130/><V44/><F70/><W18/><G30/><T77/><D77/><U69/><E69/><V78/><F117/><W55/><G4/><T5/><D46/><U124/><E124/><V53/><F53/><W100/><G100/><T57/><D57/><U52/><E121/><V68/><F68/><W65/><G61/><T107/><D15/><U40/><E133/><V26/><F44/><W41/><G41/><T113/><D113/><U20/><E132/><V63/><F63/><W37/><G37/><T10/><D10/><U24/><E39/><V50/><F50/><W29/><G29/><T112/><D112/><U11/><E40/><V131/><F131/><W127/><G127/><T58/><D58/><U45/><E45/><V0/><F0/><W3/><G3/><T16/><D5/><U28/><E35/><V48/><F48/><AGARI ba="2,0" hai="11,12,19,20,24,25,27,28,47,48,52,80,85,90" machi="48" ten="40,8000,1" yaku="25,2,8,1,54,1" doraHai="114" who="1" fromWho="2" sc="427,0,250,86,250,-86,73,0" /><INIT seed="1,0,0,4,1,72" ten="427,336,164,73" oya="1" hai0="47,109,114,36,52,97,99,87,125,77,85,104,105" hai1="98,25,37,29,116,113,60,96,123,4,59,117,100" hai2="65,12,6,80,110,53,89,84,78,112,10,49,71" hai3="107,15,30,33,26,108,32,88,101,67,90,56,31"/><U19/><E113/><V20/><F112/><W76/><G108/><T14/><D114/><U17/><E37/><V134/><F110/><W68/><G56/><T51/><D109/><U55/><E123/><V129/><F129/><W73/><G15/><T115/><D115/><U54/><E4/><V81/><F134/><W86/><G86/><T131/><D125/><U35/><E96/><V106/><F106/><W126/><G126/><T121/><D131/><U48/><E116/><V64/><F20/><W28/><G28/><T102/><D121/><U91/><E91/><V79/><F71/><W120/><G120/><T62/><D36/><U24/><E24/><V130/><F130/><W22/><G22/><T92/><D77/><N who="2" m="29194" /><F80/><N who="3" m="45071" /><G32/><T7/><D105/><U46/><REACH who="1" step="1"/><E117/><REACH who="1" ten="427,326,164,73" step="2"/><V2/><F2/><W57/><G26/><T74/><D74/><U95/><AGARI ba="0,1" hai="17,19,25,29,35,46,48,54,55,59,60,95,98,100" machi="95" ten="20,7800,0" yaku="1,1,2,1,0,1,7,1,53,0" doraHai="72" doraHaiUra="1" who="1" fromWho="1" sc="427,-26,326,88,164,-26,73,-26" /><INIT seed="1,1,0,5,0,96" ten="401,414,138,47" oya="1" hai0="115,87,36,102,3,70,105,88,34,82,25,101,65" hai1="135,15,38,52,32,91,66,116,37,49,55,61,114" hai2="19,74,51,128,64,13,106,77,33,23,9,39,124" hai3="75,6,110,56,119,31,121,35,59,93,73,57,8"/><U2/><E2/><V100/><F39/><N who="1" m="14857" /><E15/><V50/><F33/><W58/><G121/><T108/><D108/><U53/><E91/><V29/><F124/><W130/><G110/><T131/><D131/><U97/><E97/><V20/><F128/><W22/><G130/><T41/><D115/><U92/><E92/><V86/><F64/><W98/><G35/><T40/><D3/><U103/><E103/><N who="0" m="39433" /><D36/><U81/><E81/><V125/><F125/><W42/><G119/><T26/><D70/><N who="1" m="42319" /><E114/><V4/><F77/><W43/><G73/><T133/><D133/><U62/><E32/><V44/><F86/><W69/><G75/><T95/><D105/><U18/><E18/><V126/><F100/><W54/><G69/><T109/><D109/><U134/><E116/><V112/><F106/><W10/><G98/><N who="0" m="57703" /><D65/><U120/><E120/><V79/><F112/><W78/><G93/><T45/><D34/><U118/><E118/><V127/><F74/><W67/><G67/><T94/><D94/><U117/><E117/><V113/><F113/><W21/><G78/><N who="0" m="46551" /><D45/><N who="1" m="27695" /><E62/><V17/><F79/><W85/><G85/><T11/><D11/><U72/><E72/><V80/><F126/><W71/><G71/><T14/><D14/><U123/><E123/><V89/><F127/><W24/><G10/><T111/><D111/><U122/><E122/><V46/><F9/><W84/><G84/><T129/><D129/><U90/><E90/><V28/><F89/><W5/><G8/><T7/><D7/><N who="3" m="2569" /><G22/><T132/><D132/><AGARI ba="1,0" hai="53,55,132,134,135" m="27695,42319,14857" machi="132" ten="30,11600,0" yaku="20,1,34,2,54,1" doraHai="96" who="1" fromWho="0" sc="401,-119,414,119,138,0,47,0" /><INIT seed="1,2,0,2,4,0" ten="282,533,138,47" oya="1" hai0="102,121,71,101,77,110,131,98,69,125,8,31,67" hai1="36,87,129,76,63,55,99,111,54,72,62,3,11" hai2="60,1,24,53,4,90,40,120,89,41,92,39,107" hai3="17,122,32,135,80,48,44,57,15,23,51,27,50"/><U116/><E116/><V2/><F107/><W38/><G135/><T59/><D110/><U14/><E3/><V56/><F120/><W26/><G122/><T5/><D125/><U13/><E72/><V21/><F1/><W93/><G32/><T113/><D113/><U84/><E36/><V66/><F39/><W25/><G80/><T124/><D124/><U78/><E99/><V20/><F20/><W103/><G57/><T16/><D131/><U22/><E22/><V133/><F133/><W81/><G81/><T18/><D31/><U65/><E11/><V108/><F108/><W19/><G38/><T130/><D77/><U37/><E37/><V114/><F66/><W34/><G34/><T106/><D102/><U88/><E65/><V127/><F89/><W100/><G44/><T52/><D130/><U46/><E46/><V79/><F79/><W115/><G115/><T47/><D47/><U95/><E129/><V10/><F127/><W91/><REACH who="3" step="1"/><G19/><REACH who="3" ten="282,533,138,37" step="2"/><T132/><D18/><U45/><E45/><V70/><F114/><W118/><G118/><T7/><D16/><U109/><E111/><V68/><F68/><W49/><N who="3" m="12288" /><DORA hai="112" /><W82/><G82/><T58/><D71/><U117/><E109/><V35/><F70/><W85/><AGARI ba="2,1" hai="15,17,23,25,26,27,85,91,93,100,103" m="12288" machi="85" ten="50,8000,1" yaku="1,1,0,1,8,1,53,1" doraHai="0,112" doraHaiUra="12,6" who="3" fromWho="3" sc="282,-22,533,-42,138,-22,37,96" /><INIT seed="2,0,0,1,2,23" ten="260,491,116,133" oya="2" hai0="17,129,106,119,108,37,111,1,101,71,120,109,59" hai1="95,31,87,65,67,27,21,80,60,99,13,56,88" hai2="0,128,130,104,46,102,49,127,77,41,3,118,73" hai3="116,44,36,76,133,10,81,78,16,132,58,45,82"/><V8/><F118/><W63/><G116/><T38/><D120/><U69/><E69/><V22/><F127/><W110/><G110/><T114/><D114/><U47/><E47/><V90/><F90/><W26/><G81/><T70/><D129/><N who="2" m="49770" /><F8/><W98/><G98/><N who="0" m="61751" /><D119/><U52/><E13/><V28/><F102/><AGARI ba="0,0" hai="21,27,31,52,56,60,65,67,80,87,88,95,99,102" machi="102" ten="30,8000,1" yaku="7,1,8,1,52,1,54,2" doraHai="23" who="1" fromWho="2" sc="260,0,491,80,116,-80,133,0" /><INIT seed="3,0,0,1,4,38" ten="260,571,36,133" oya="3" hai0="51,110,94,95,84,17,22,80,113,65,61,67,55" hai1="10,42,135,26,118,86,132,119,105,104,5,85,33" hai2="74,49,2,90,128,56,102,98,60,87,34,7,3" hai3="69,19,72,40,32,100,11,129,76,68,111,63,16"/><W116/><G116/><T0/><D110/><U18/><E42/><V96/><F74/><W25/><G129/><T57/><D0/><N who="1" m="295" /><E85/><V58/><F128/><W13/><G111/><T121/><D121/><U6/><E6/><V29/><F7/><W53/><G100/><T106/><D106/><U35/><E86/><V79/><F2/><W101/><G101/><T20/><D113/><U103/><E18/><V133/><F3/><W131/><G131/><T124/><D124/><U97/><E104/><V70/><F133/><N who="1" m="51273" /><E26/><V43/><F79/><W1/><G63/><T123/><D22/><U64/><E64/><N who="0" m="24649" /><D51/><U109/><E109/><V83/><F70/><W36/><G53/><T4/><D4/><U52/><E52/><V15/><F15/><W91/><G91/><N who="0" m="51591" /><D123/><U41/><E41/><V21/><F34/><AGARI ba="0,0" hai="33,34,35,97,103,105,118,119" m="51273,295" machi="34" ten="30,2000,0" yaku="20,1,23,1" doraHai="38" who="1" fromWho="2" sc="260,0,571,20,36,-20,133,0" owari="260,6.0,591,69.1,16,-48.4,133,-26.7" /></mjloggm>