<mjloggm ver="2.3"><GO type="225" lobby="0"/><UN n0="%72%61%6B%33" n1="%E6%97%A5%E6%9B%9C%E6%97%A5%E3%82%88%E3%82%8A%E3%81%AE%E4%BD%BF%E8%80%85" n2="%E7%99%BD%E6%97%A5%E9%9B%AA%E8%8F%9C" n3="%5C%28%E2%89%A7%E2%96%BD%E2%89%A6%29%2F" dan="16,17,16,16" rate="2034.33,2128.76,2209.49,2066.89" sx="M,M,F,M"/><TAIKYOKU oya="0"/><INIT seed="0,0,0,5,2,100" ten="250,250,250,250" oya="0" hai0="5,49,65,46,124,108,22,123,59,31,110,9,39" hai1="55,121,120,27,71,133,97,7,30,4,134,69,34" hai2="93,12,16,88,101,68,19,42,25,38,54,6,60" hai3="58,26,17,118,125,90,56,64,85,107,114,76,81"/><T129/><D123/><U98/><E55/><V80/><F101/><W96/><G114/><T84/><D39/><U112/><E112/><V116/><F80/><W40/><G118/><T47/><D124/><U92/><E4/><V104/><F104/><W35/><G40/><T41/><D129/><U70/><E7/><V73/><F73/><W91/><G125/><T63/><D31/><U61/><E61/><V95/><F95/><W119/><G119/><T62/><D22/><U36/><E36/><V13/><F116/><W3/><G3/><T10/><D47/><U37/><E37/><V109/><F109/><N who="0" m="42090" /><D5/><U106/><E97/><N who="2" m="57511" /><F38/><W89/><G64/><N who="0" m="39007" /><D84/><U52/><E52/><V78/><F42/><W1/><G1/><T11/><D11/><U2/><E2/><V20/><F68/><AGARI ba="0,0" hai="9,10,41,46,49,63,65,68" m="39007,42090" machi="68" ten="30,2900,0" yaku="14,1,10,1" doraHai="100" who="0" fromWho="2" sc="250,29,250,0,250,-29,250,0" /><INIT seed="0,1,0,1,0,52" ten="279,250,221,250" oya="0" hai0="115,126,50,101,64,56,117,107,26,110,61,129,16" hai1="73,89,9,80,44,68,70,28,95,114,0,11,18" hai2="83,14,120,124,96,132,48,5,119,104,90,135,54" hai3="66,69,130,121,109,72,133,87,24,34,74,51,20"/><T27/><D115/><U45/><E28/><V118/><F120/><W4/><G121/><T31/><D117/><N who="2" m="44554" /><F124/><W112/><G112/><T113/><D113/><U62/><E114/><V85/><F5/><W58/><G34/><T78/><D126/><U37/><E18/><V21/><F14/><W47/><G69/><T94/><D129/><U105/><E105/><V116/><N who="2" m="44562" /><V32/><DORA hai="6" /><F21/><W36/><G36/><T128/><D128/><U88/><E0/><V102/><F32/><W33/><G33/><T91/><D110/><U42/><E45/><AGARI ba="1,0" hai="45,48,54,83,85,90,96,102,104,132,135" m="44562" machi="45" ten="40,1300,0" yaku="12,1" doraHai="52,6" who="2" fromWho="1" sc="279,0,250,-16,221,16,250,0" /><INIT seed="1,0,0,1,0,65" ten="279,234,237,250" oya="1" hai0="67,81,97,38,71,117,61,132,100,128,119,126,41" hai1="77,69,90,66,3,121,84,113,72,91,92,75,52" hai2="134,115,24,34,125,80,7,109,104,110,82,99,107" hai3="130,42,124,106,15,55,18,123,59,131,83,60,29"/><U135/><E113/><V85/><F7/><W8/><G123/><T89/><D126/><U16/><E121/><V48/><F125/><W33/><G106/><T37/><D128/><N who="3" m="49193" /><G124/><T111/><D111/><N who="2" m="42506" /><F115/><W68/><G42/><T118/><D132/><U94/><E3/><V79/><F134/><W36/><G36/><T21/><D41/><U129/><E135/><V127/><F127/><W122/><G122/><T47/><D47/><U73/><E129/><V19/><F48/><W26/><G83/><T10/><D21/><U0/><E0/><V1/><F1/><W62/><G62/><T98/><D10/><U64/><E77/><N who="2" m="46223" /><F99/><W86/><G86/><T46/><D46/><U39/><E39/><V43/><F43/><W120/><G120/><T45/><D45/><U28/><E28/><N who="2" m="19719" /><F19/><W20/><G33/><T93/><REACH who="0" step="1"/><D81/><REACH who="0" ten="269,234,237,250" step="2"/><U9/><E9/><V54/><F54/><W70/><AGARI ba="0,1" hai="8,15,18,20,26,29,55,59,60,68,70" m="49193" machi="70" ten="30,4000,0" yaku="19,1,52,2" doraHai="65" who="3" fromWho="3" sc="269,-10,234,-20,237,-10,250,50" /><INIT seed="2,0,0,0,2,103" ten="259,214,227,300" oya="2" hai0="58,34,45,112,67,37,64,28,115,66,81,70,135" hai1="27,71,122,130,6,90,68,10,80,93,94,35,46" hai2="47,116,38,127,83,125,133,132,22,61,11,55,92" hai3="30,1,25,18,129,85,108,8,51,117,20,101,102"/><V119/><F92/><W79/><G117/><N who="2" m="45129" /><F22/><W49/><G108/><T124/><D81/><U56/><E130/><V43/><F11/><W95/><G129/><T62/><D28/><U106/><E122/><V63/><F83/><N who="3" m="47359" /><G1/><T23/><D23/><U96/><E56/><N who="2" m="34975" /><F63/><W128/><G128/><T88/><D34/><U36/><E80/><V40/><F40/><W118/><G118/><T110/><D110/><U84/><E27/><V16/><F16/><W17/><G17/><T15/><D15/><U100/><E35/><V54/><F54/><W7/><G7/><T99/><D99/><U89/><E89/><V73/><F73/><W9/><G9/><T107/><D88/><U123/><E93/><V26/><F26/><W76/><G76/><T19/><D19/><U74/><E74/><V113/><F113/><W42/><G42/><T78/><D78/><U41/><REACH who="1" step="1"/><E123/><REACH who="1" ten="259,204,227,300" step="2"/><V120/><F120/><W39/><G95/><T72/><D72/><U53/><E53/><V48/><F38/><W98/><G39/><T86/><D37/><U4/><E4/><V75/><F75/><W131/><G25/><T57/><D115/><U69/><E69/><V44/><F47/><W65/><G30/><T104/><D45/><U60/><E60/><V13/><F13/><AGARI ba="0,1" hai="6,10,13,36,41,46,68,71,84,90,94,96,100,106" machi="13" ten="30,7700,0" yaku="1,1,7,1,52,1,53,1" doraHai="103" doraHaiUra="2" who="1" fromWho="2" sc="259,0,204,87,227,-77,300,0" /><INIT seed="3,0,0,4,3,70" ten="259,291,150,300" oya="3" hai0="28,78,90,124,66,14,38,60,58,41,92,39,34" hai1="2,23,131,110,69,21,63,119,50,1,27,64,84" hai2="31,40,42,125,134,7,52,5,112,62,32,15,55" hai3="74,127,16,133,85,47,35,105,91,107,123,98,89"/><W68/><G68/><T51/><D78/><U122/><E122/><V67/><F112/><W25/><G74/><T29/><D124/><U65/><E110/><V102/><F125/><W135/><G127/><T121/><D121/><U53/><E131/><V72/><F72/><W113/><G123/><T97/><D14/><U37/><E119/><V18/><F134/><N who="3" m="51211" /><G113/><T24/><REACH who="0" step="1"/><D28/><REACH who="0" ten="249,291,150,300" step="2"/><U46/><E1/><V8/><F102/><N who="3" m="62679" /><G107/><T76/><D76/><U26/><E2/><V115/><F115/><W48/><G85/><T33/><D33/><U77/><E84/><V95/><F32/><W86/><G86/><T80/><D80/><U106/><E77/><V109/><F109/><W59/><G59/><T49/><D49/><U104/><E104/><V101/><F31/><N who="3" m="19951" /><G16/><T61/><D61/><U93/><E106/><V82/><F82/><W10/><G10/><T57/><D57/><U114/><E114/><V118/><F118/><W120/><G120/><T87/><D87/><U117/><E117/><V132/><F132/><W44/><G44/><AGARI ba="0,1" hai="24,29,34,38,39,41,44,51,58,60,66,90,92,97" machi="44" ten="40,5200,0" yaku="1,1,52,2,53,0" doraHai="70" doraHaiUra="103" who="0" fromWho="3" sc="249,62,291,0,150,0,300,-52" owari="311,41.1,291,9.1,150,-35.0,248,-15.2" /></mjloggm>