<mjloggm ver="2.3"><GO type="225" lobby="0"/><UN n0="%E4%B8%89%E5%86%A0%E7%8E%8B%E3%83%BB%E5%B1%B1%E7%94%B0%E5%93%B2%E4%BA%BA" n1="%48%61%61%61%6C%61%6E%64" n2="%E6%A0%B9%E5%85%83%E3%81%8B%E3%82%89%E5%90%B9%E3%81%A3%E9%A3%9B%E3%81%B6" n3="%6D%75%75%6D%75%72%61" dan="16,18,17,16" rate="2112.11,2221.28,2223.94,2158.44" sx="M,M,F,F"/><TAIKYOKU oya="0"/><INIT seed="0,0,0,3,0,70" ten="250,250,250,250" oya="0" hai0="33,49,104,105,30,135,112,24,12,106,78,45,123" hai1="122,102,99,95,107,34,91,56,67,108,121,76,111" hai2="57,134,51,109,85,128,21,73,4,6,3,62,101" hai3="90,103,61,83,14,86,71,100,63,9,27,80,127"/><T124/><D112/><U42/><E34/><V38/><F73/><W125/><G83/><T17/><D123/><N who="1" m="47115" /><E42/><V20/><F51/><W110/><G110/><N who="1" m="42026" /><E56/><V88/><F101/><N who="3" m="38987" /><G27/><T31/><D135/><U68/><E67/><V32/><F128/><W58/><G58/><T23/><D124/><N who="3" m="47689" /><G71/><T26/><D78/><U97/><E68/><V113/><F32/><W37/><G37/><T43/><REACH who="0" step="1"/><D105/><REACH who="0" ten="240,250,250,250" step="2"/><N who="1" m="63695" /><E76/><V44/><F109/><W1/><G1/><T48/><D48/><U69/><E69/><V39/><F3/><W13/><G13/><T52/><D52/><U66/><E66/><V19/><F38/><W82/><G63/><T129/><D129/><U131/><E131/><V94/><F62/><W11/><G61/><T64/><D64/><U92/><E92/><V15/><F39/><W133/><G133/><T50/><D50/><U5/><E5/><V119/><F6/><W18/><G80/><T79/><D79/><U7/><E7/><V2/><F4/><W72/><G72/><T16/><D16/><U46/><E107/><V120/><F120/><W81/><G82/><T74/><D74/><U35/><E95/><V132/><F94/><W60/><G60/><T22/><AGARI ba="0,1" hai="12,17,22,23,24,26,30,31,33,43,45,49,104,106" machi="22" ten="20,3900,0" yaku="1,1,0,1,7,1,53,0" doraHai="70" doraHaiUra="89" who="0" fromWho="0" sc="240,49,250,-13,250,-13,250,-13" /><INIT seed="0,1,0,0,2,38" ten="289,237,237,237" oya="0" hai0="42,94,60,22,54,99,48,79,19,70,66,101,58" hai1="132,77,46,91,39,109,76,80,104,90,34,72,124" hai2="49,4,100,128,13,119,6,63,127,133,122,65,96" hai3="123,113,134,27,28,68,1,85,32,35,103,52,45"/><T0/><D0/><U78/><E34/><V57/><F122/><W125/><G113/><T53/><D79/><N who="1" m="30283" /><E46/><V3/><F127/><W95/><G125/><T10/><D10/><U84/><E39/><V43/><F128/><W75/><G75/><T44/><REACH who="0" step="1"/><D70/><REACH who="0" ten="279,237,237,237" step="2"/><U16/><E124/><V112/><F3/><W88/><G68/><T31/><D31/><U73/><E132/><V21/><F133/><W55/><G134/><T64/><D64/><U5/><E78/><V98/><F65/><W9/><G123/><T36/><D36/><U107/><E73/><V30/><F30/><W26/><G1/><T108/><D108/><U7/><E72/><V82/><F4/><W8/><G8/><T118/><D118/><U17/><E109/><V51/><F6/><W87/><G9/><T126/><D126/><U81/><E5/><V29/><F119/><W61/><G28/><T116/><D116/><U11/><E7/><V92/><F29/><W89/><G32/><T105/><D105/><N who="1" m="40523" /><E11/><V131/><F131/><W83/><G35/><T111/><D111/><U114/><E17/><V130/><F130/><W59/><G103/><T47/><D47/><U18/><E18/><V71/><F100/><W41/><G55/><T12/><AGARI ba="1,1" hai="12,19,22,42,44,48,53,54,58,60,66,94,99,101" machi="12" ten="20,18000,2" yaku="1,1,0,1,7,1,8,1,52,1,53,1" doraHai="38" doraHaiUra="62" who="0" fromWho="0" sc="279,193,237,-61,237,-61,237,-61" /><INIT seed="0,2,0,4,2,64" ten="472,176,176,176" oya="0" hai0="94,79,66,72,95,23,128,83,102,54,56,20,41" hai1="115,135,99,31,7,112,129,55,4,38,113,61,75" hai2="58,62,34,98,82,87,133,33,19,131,108,0,30" hai3="117,122,6,93,10,91,22,109,53,130,44,89,76"/><T60/><D128/><U70/><E129/><V36/><F108/><W88/><G130/><T118/><D118/><U13/><E135/><V21/><F133/><W85/><G117/><T111/><D111/><U125/><E125/><V65/><F131/><W32/><G109/><T103/><D41/><U51/><E38/><V18/><F0/><W124/><G32/><T110/><D110/><U123/><E123/><V101/><F36/><W3/><G124/><T132/><D132/><U27/><E75/><V43/><F43/><W17/><G122/><T39/><D39/><U2/><E2/><V68/><F34/><W16/><G76/><T134/><D134/><U100/><E13/><V104/><F21/><W48/><REACH who="3" step="1"/><G17/><REACH who="3" ten="472,176,176,166" step="2"/><T119/><D119/><U11/><E113/><V46/><F19/><W24/><AGARI ba="2,1" hai="3,6,10,16,22,24,44,48,53,85,88,89,91,93" machi="24" ten="20,12000,2" yaku="1,1,2,1,0,1,7,1,54,2,53,0" doraHai="64" doraHaiUra="73" who="3" fromWho="3" sc="472,-62,176,-32,176,-32,166,136" /><INIT seed="1,0,0,5,0,51" ten="410,144,144,302" oya="1" hai0="54,16,37,60,10,23,114,15,126,117,106,47,49" hai1="0,76,19,48,95,102,27,128,72,81,82,17,33" hai2="18,133,20,61,115,97,4,29,7,110,120,44,134" hai3="65,104,124,79,83,56,112,90,50,22,67,105,116"/><U2/><E128/><V77/><F120/><W80/><G112/><T113/><D106/><U8/><E82/><V96/><F110/><W66/><G124/><T13/><D117/><U52/><E102/><V123/><F123/><W73/><G116/><T21/><D126/><U59/><E95/><V5/><F77/><W25/><G90/><T127/><D127/><U55/><E55/><V122/><F122/><W39/><G39/><T62/><D37/><U36/><E36/><V84/><F44/><W132/><G83/><T118/><D118/><U101/><E101/><V131/><F131/><W94/><G94/><T68/><D23/><U63/><E63/><V78/><F29/><W75/><G75/><T57/><D68/><U99/><E99/><V12/><F115/><W24/><G24/><T109/><D109/><U111/><E111/><V43/><F43/><W107/><G132/><N who="2" m="50793" /><F61/><W32/><G32/><T41/><D62/><U64/><E64/><V45/><F45/><W6/><G65/><T85/><D85/><U11/><E33/><V3/><F3/><W42/><G42/><T135/><D135/><U35/><E0/><V88/><F78/><W100/><G100/><T14/><D114/><U98/><E98/><V103/><F103/><W71/><G71/><T53/><D113/><U38/><E38/><V69/><F69/><W108/><G108/><T87/><D41/><U125/><E125/><V30/><F30/><W74/><G74/><T26/><D87/><U1/><E1/><V31/><F31/><AGARI ba="0,0" hai="10,13,14,15,16,21,26,31,47,49,53,54,57,60" machi="31" ten="30,8000,1" yaku="7,1,8,1,52,2,54,1" doraHai="51" who="0" fromWho="2" sc="410,80,144,0,144,-80,302,0" /><INIT seed="2,0,0,4,1,1" ten="490,144,64,302" oya="2" hai0="7,84,130,95,21,121,11,124,49,59,100,35,98" hai1="75,27,22,32,29,97,80,8,33,112,120,93,10" hai2="58,45,54,51,56,125,88,5,2,135,126,77,114" hai3="76,116,46,31,82,86,122,127,89,40,57,99,87"/><V55/><F77/><W15/><G116/><T106/><D35/><U91/><E112/><V79/><F79/><W96/><G122/><T12/><D121/><U36/><E36/><V70/><F70/><W128/><G128/><T4/><D124/><N who="2" m="47722" /><F114/><W9/><G127/><T105/><D130/><U41/><E41/><N who="2" m="25007" /><F135/><W6/><G31/><T28/><D105/><U24/><E120/><V38/><F38/><W42/><G57/><N who="2" m="22121" /><F88/><W30/><G96/><T74/><D74/><U48/><E48/><V65/><F65/><W109/><G99/><T3/><D49/><U119/><E119/><V72/><F72/><W20/><G46/><T94/><D84/><U118/><E118/><V60/><F60/><W90/><G76/><T68/><D68/><U110/><E75/><V104/><F104/><W13/><G40/><T78/><D78/><U102/><E91/><V108/><F108/><W14/><G42/><T47/><D47/><U25/><E110/><V81/><F81/><N who="3" m="49359" /><G109/><T131/><D131/><U64/><E64/><V71/><F71/><W39/><G39/><T129/><D129/><U52/><E80/><V107/><F107/><W66/><G66/><T103/><D59/><U26/><E97/><V63/><F63/><W17/><G90/><T16/><D106/><U18/><E33/><V85/><F85/><W69/><G69/><T61/><D61/><U73/><E73/><V132/><F132/><W23/><G87/><T111/><D98/><N who="1" m="59727" /><E52/><N who="2" m="20011" /><F2/><N who="3" m="215" /><G82/><T53/><D111/><U115/><E115/><V123/><F123/><W134/><G134/><T133/><D133/><U117/><E117/><RYUUKYOKU ba="0,0" sc="490,-30,144,10,64,10,302,10" hai1="8,10,18,22,24,25,26,27,29,32" hai2="5" hai3="13,14,15,17,20,23,30" /><INIT seed="2,1,0,4,3,0" ten="460,154,74,312" oya="2" hai0="125,37,61,117,68,35,84,36,57,23,21,80,46" hai1="91,40,131,96,66,100,64,43,92,75,118,72,86" hai2="58,81,3,67,78,113,123,13,59,98,14,55,130" hai3="79,52,11,89,50,15,38,107,49,135,24,109,82"/><V124/><F113/><W76/><G38/><T110/><D35/><U108/><E118/><V32/><F123/><W19/><G107/><T4/><D68/><U63/><E108/><V41/><F32/><W95/><G109/><T6/><D110/><U17/><E131/><V132/><F3/><W26/><G135/><T62/><D125/><U22/><E75/><V31/><F132/><W5/><G49/><T88/><D117/><U39/><E72/><V27/><F124/><W102/><G102/><T127/><D127/><U42/><E39/><V122/><F122/><W112/><G112/><T54/><D37/><U116/><E116/><V74/><F41/><W65/><G65/><T47/><D62/><U48/><E48/><V45/><F130/><W10/><G10/><T71/><D71/><U60/><E60/><V83/><F83/><W34/><G34/><T97/><D97/><U121/><E121/><V120/><F120/><W104/><G104/><T1/><D1/><U51/><E51/><N who="2" m="29167" /><F98/><N who="3" m="57711" /><G82/><T119/><D119/><U20/><E63/><N who="2" m="38391" /><F59/><N who="3" m="33175" /><G19/><T103/><D103/><U8/><E64/><V128/><F128/><W105/><G105/><T25/><D36/><U77/><E66/><V29/><F29/><W7/><G7/><N who="0" m="2603" /><D21/><U73/><E73/><V94/><F94/><W9/><G9/><T44/><D47/><U93/><E8/><V2/><F2/><W111/><G111/><T133/><D133/><U30/><E20/><V101/><F101/><W69/><G69/><T28/><AGARI ba="1,0" hai="23,25,28,44,46,54,57,61,80,84,88" m="2603" machi="28" ten="30,8000,1" yaku="8,1,52,3,54,1" doraHai="0" who="0" fromWho="0" sc="460,83,154,-21,74,-41,312,-21" /><INIT seed="3,0,0,5,5,102" ten="543,133,33,291" oya="3" hai0="13,88,48,3,20,77,127,10,87,32,38,57,4" hai1="67,2,66,120,89,29,27,97,72,126,51,134,96" hai2="81,105,111,0,30,40,121,85,110,59,43,92,6" hai3="7,135,8,113,100,114,90,84,9,103,26,1,15"/><W98/><G135/><T54/><D38/><U123/><E134/><V21/><F0/><W33/><G33/><T55/><D127/><U5/><E72/><V58/><F6/><W86/><G26/><T31/><D77/><U82/><E126/><V74/><F121/><W41/><G41/><T11/><D32/><U34/><E97/><V16/><F30/><W133/><G133/><T62/><D20/><U70/><E51/><V68/><F68/><W22/><G22/><T115/><D115/><U17/><E17/><V116/><F116/><W112/><G112/><T94/><D31/><U101/><E5/><V78/><F111/><W65/><G65/><T23/><D23/><U130/><E66/><V118/><F118/><W83/><G84/><T61/><D55/><U53/><E53/><V49/><F110/><W69/><G69/><T73/><D73/><U50/><E67/><V128/><F128/><W47/><G47/><T93/><D93/><U106/><E70/><V36/><F36/><W19/><G100/><T25/><D25/><U64/><E64/><V109/><F109/><W52/><G52/><T56/><D56/><N who="2" m="21546" /><F105/><AGARI ba="0,0" hai="1,7,8,9,15,19,83,86,90,98,103,105,113,114" machi="105" ten="30,2900,0" yaku="7,1,52,1" doraHai="102" who="3" fromWho="2" sc="543,0,133,0,33,-29,291,29" /><INIT seed="3,1,0,1,3,123" ten="543,133,4,320" oya="3" hai0="47,97,57,104,92,55,67,22,99,20,26,120,126" hai1="118,43,103,110,81,124,6,86,28,100,18,74,60" hai2="32,13,98,112,95,49,73,125,132,70,115,40,131" hai3="130,42,53,54,85,16,105,91,39,52,122,109,102"/><W116/><G122/><T0/><D0/><U34/><E110/><V58/><F13/><W101/><G116/><T3/><D3/><U127/><E74/><V59/><F32/><W90/><G105/><T46/><D120/><U96/><E118/><V30/><F30/><W50/><G39/><T129/><D126/><U37/><E6/><V48/><F95/><W64/><BYE who="2" /><G130/><UN n2="%E6%A0%B9%E5%85%83%E3%81%8B%E3%82%89%E5%90%B9%E3%81%A3%E9%A3%9B%E3%81%B6" /><T1/><D1/><U76/><E18/><V51/><F98/><W63/><G109/><T14/><D67/><U88/><E60/><V19/><F19/><W108/><G108/><T82/><D82/><U11/><E11/><V66/><F73/><W23/><G42/><T17/><D99/><U89/><E28/><V72/><F72/><W117/><G117/><T35/><D35/><U45/><E34/><V29/><F29/><W77/><G77/><T128/><D128/><U65/><E65/><V69/><F51/><W121/><G121/><T78/><D129/><U7/><E7/><V15/><F15/><W93/><G90/><N who="1" m="34922" /><E96/><V135/><F131/><W44/><G101/><N who="0" m="60583" /><D104/><U36/><E36/><V12/><F12/><W113/><G102/><T80/><D80/><U10/><E10/><V87/><F66/><W33/><G33/><T61/><D78/><U38/><E38/><V119/><F119/><W56/><REACH who="3" step="1"/><G113/><REACH who="3" ten="543,133,4,310" step="2"/><T31/><AGARI ba="1,1" hai="14,17,20,22,26,31,46,47,55,57,61" m="60583" machi="31" ten="30,1100,0" yaku="8,1" doraHai="123" who="0" fromWho="0" sc="543,24,133,-4,4,-4,310,-6" owari="567,66.7,129,-27.1,0,-50.0,304,10.4" /></mjloggm>