<mjloggm ver="2.3"><GO type="225" lobby="0"/><UN n0="%E8%A8%88%E7%AE%97%E6%A9%9F%E8%87%AA%E7%84%B6" n1="%E5%B8%86%E7%AB%8B%E5%A4%8F%E8%A1%A3" n2="%30%2E%31%32%30" n3="%E3%83%A9%E3%82%A4%E3%83%B3%E3%81%AE%E8%99%8E" dan="17,17,16,16" rate="2185.52,2137.85,2137.38,2115.50" sx="M,M,M,M"/><TAIKYOKU oya="0"/><INIT seed="0,0,0,1,0,0" ten="250,250,250,250" oya="0" hai0="60,132,104,30,117,86,72,22,65,76,7,58,46" hai1="33,49,64,88,36,23,59,40,127,18,131,56,26" hai2="34,113,108,130,100,9,21,85,94,57,92,62,87" hai3="135,91,2,126,129,90,102,83,31,13,32,17,123"/><T71/><D117/><U53/><E127/><V25/><F34/><W10/><G126/><T8/><D104/><U97/><E131/><V128/><F113/><W82/><G129/><N who="2" m="49769" /><F108/><W14/><G135/><T47/><D72/><U101/><E33/><V15/><F100/><W77/><G123/><T43/><D132/><U52/><E64/><N who="2" m="38991" /><F94/><W125/><G102/><T6/><D71/><U81/><E36/><V19/><F92/><W39/><G39/><T1/><D43/><U79/><E40/><V11/><F11/><W24/><G125/><T45/><D1/><U133/><E133/><V122/><F122/><W41/><G41/><T95/><D8/><U114/><E114/><V63/><F63/><W124/><G124/><T98/><D76/><U118/><E118/><V112/><F112/><W107/><G107/><T103/><D86/><N who="1" m="50255" /><E79/><V16/><AGARI ba="0,0" hai="9,15,16,19,21,25,85,87" m="38991,49769" machi="16" ten="30,2000,0" yaku="19,1,54,1" doraHai="0" who="2" fromWho="2" sc="250,-10,250,-5,250,20,250,-5" /><INIT seed="1,0,0,1,2,47" ten="240,245,270,245" oya="1" hai0="82,105,12,17,124,57,54,129,64,131,7,92,72" hai1="123,79,22,83,87,43,106,133,41,49,118,24,48" hai2="23,3,32,116,26,6,1,14,76,117,10,77,40" hai3="16,100,127,5,102,104,62,45,134,121,135,31,36"/><U84/><E123/><V27/><F40/><N who="1" m="15433" /><E106/><V88/><F88/><W112/><G36/><T35/><D105/><U39/><E39/><V109/><F77/><W8/><G31/><T37/><D37/><U11/><E133/><V46/><F76/><W90/><G121/><T69/><D35/><U68/><E68/><V28/><F46/><W98/><G102/><T125/><D7/><U107/><E107/><V65/><F65/><W0/><G112/><T19/><D72/><U61/><E118/><V114/><F114/><W58/><G127/><N who="0" m="48715" /><D82/><N who="1" m="47199" /><E61/><V74/><F109/><W128/><G134/><T30/><D30/><N who="1" m="17687" /><E11/><V93/><F74/><W132/><G132/><T113/><D113/><U67/><E67/><V51/><F93/><W9/><G104/><T53/><D92/><U73/><E73/><V21/><F32/><W38/><G38/><T78/><D78/><AGARI ba="0,0" hai="48,49,78,83,87" m="17687,47199,15433" machi="78" ten="30,5800,0" yaku="8,1,52,2" doraHai="47" who="1" fromWho="0" sc="240,-58,245,58,270,0,245,0" /><INIT seed="1,1,0,3,2,119" ten="182,303,270,245" oya="1" hai0="6,11,69,65,95,114,135,113,7,122,84,127,77" hai1="78,115,112,49,4,85,67,124,93,43,131,37,103" hai2="15,111,96,59,2,90,8,24,46,16,81,104,128" hai3="57,109,60,35,91,86,132,105,71,50,41,40,61"/><U13/><E37/><V125/><F2/><W39/><G35/><T64/><D69/><U19/><E131/><V101/><F128/><W17/><G105/><T25/><D127/><U70/><E124/><V52/><F125/><W134/><G39/><T121/><D25/><U75/><E75/><V110/><F46/><W99/><G99/><T107/><D107/><U118/><E118/><V14/><F14/><W73/><G73/><T27/><D27/><U23/><E4/><V133/><F133/><N who="3" m="51307" /><G109/><T12/><D135/><U32/><E32/><V62/><F24/><W72/><G17/><T82/><D6/><U108/><E108/><N who="2" m="41515" /><F81/><N who="3" m="49615" /><G72/><T129/><D129/><U31/><E31/><V30/><F30/><W55/><G71/><T120/><REACH who="0" step="1"/><D95/><REACH who="0" ten="172,303,270,245" step="2"/><U21/><E93/><N who="2" m="56375" /><F104/><W45/><G61/><T74/><D74/><U56/><E70/><V28/><F28/><W80/><G80/><T126/><D126/><U123/><E115/><AGARI ba="1,1" hai="7,11,12,64,65,77,82,84,113,114,115,120,121,122" machi="115" ten="50,8000,1" yaku="1,1,13,1,52,3,53,0" doraHai="119" doraHaiUra="18" who="0" fromWho="1" sc="172,93,303,-83,270,0,245,0" /><INIT seed="2,0,0,1,0,48" ten="265,220,270,245" oya="2" hai0="125,103,71,94,73,104,43,4,67,114,119,117,65" hai1="63,59,83,49,9,62,1,95,23,108,20,92,17" hai2="98,32,11,50,51,121,15,72,24,34,96,132,90" hai3="129,2,38,105,54,89,52,91,27,45,53,60,113"/><V0/><F72/><W122/><G122/><T86/><D73/><U66/><E108/><V47/><F121/><W77/><G105/><T25/><D114/><U88/><E1/><V68/><F68/><W102/><G2/><T111/><D111/><U75/><E75/><V28/><F0/><W33/><G102/><T64/><D125/><U134/><E134/><V78/><F78/><W93/><G77/><T76/><D4/><U100/><E63/><V127/><F127/><W19/><G113/><T130/><D130/><U14/><E83/><V39/><F34/><W58/><G129/><T74/><D43/><U41/><E95/><V123/><F123/><W6/><G6/><T57/><D71/><U80/><E80/><V124/><F132/><W79/><G79/><T85/><D104/><U3/><E100/><V10/><F10/><W30/><G19/><T135/><D135/><U115/><E115/><V82/><F124/><W107/><G107/><T61/><D74/><U81/><E81/><V69/><F69/><W55/><REACH who="3" step="1"/><G93/><REACH who="3" ten="265,220,270,235" step="2"/><T22/><D76/><U12/><E3/><V87/><F11/><W37/><G37/><T44/><D103/><U56/><E12/><V70/><F15/><W40/><AGARI ba="0,1" hai="27,30,33,38,40,45,52,53,54,55,58,60,89,91" machi="40" ten="30,16000,3" yaku="1,1,0,1,52,4,54,1,53,1" doraHai="48" doraHaiUra="42" who="3" fromWho="3" sc="265,-40,220,-40,270,-80,235,170" /><INIT seed="3,0,0,3,2,75" ten="225,180,190,405" oya="3" hai0="99,81,100,22,44,51,32,48,24,2,115,46,117" hai1="42,65,132,33,0,5,52,60,34,66,98,67,127" hai2="54,45,17,39,119,77,26,68,129,71,107,56,76" hai3="108,47,1,133,89,72,29,96,55,16,9,27,74"/><W114/><G133/><T101/><D2/><U93/><E132/><V88/><F107/><W4/><G114/><T10/><D32/><U124/><E42/><V123/><F119/><W14/><G108/><T20/><D10/><N who="1" m="2343" /><E52/><V126/><F71/><W37/><G89/><T121/><D81/><U110/><E60/><V59/><F68/><W120/><G96/><T8/><D8/><U28/><E28/><V122/><F56/><W82/><G120/><N who="2" m="46121" /><F88/><W73/><G82/><T7/><D99/><U102/><E110/><V49/><F126/><AGARI ba="0,0" hai="33,34,65,66,67,93,98,102,124,126,127" m="2343" machi="126" ten="30,1000,0" yaku="18,1" doraHai="75" who="1" fromWho="2" sc="225,0,180,10,190,-10,405,0" owari="225,2.5,190,-21.0,180,-32.0,405,50.5" /></mjloggm>