<mjloggm ver="2.3"><GO type="225" lobby="0"/><UN n0="%E3%82%A2%E3%83%9E%E3%83%9D%EF%BD%9E%EF%BD%9E%E3%83%A9" n1="%4D%50%43%32%38%30%30" n2="%E9%80%9F%E6%B0%B4%E5%87%9B%E9%A6%99" n3="%54%4F%52" dan="17,16,17,17" rate="2195.05,2132.56,2155.86,2253.17" sx="M,M,F,M"/><TAIKYOKU oya="0"/><INIT seed="0,0,0,5,4,96" ten="250,250,250,250" oya="0" hai0="47,15,59,31,28,135,77,41,61,79,13,78,11" hai1="84,25,76,106,7,46,14,131,82,108,48,45,113" hai2="30,116,55,44,101,3,88,107,49,98,23,26,85" hai3="34,75,8,21,16,70,43,24,128,51,97,83,18"/><T103/><D135/><U133/><E133/><V89/><F3/><W65/><G128/><T68/><D68/><U72/><E131/><V35/><F116/><W1/><G34/><T92/><D92/><U124/><E124/><V87/><REACH who="2" step="1"/><F35/><REACH who="2" ten="250,250,240,250" step="2"/><W27/><G1/><T42/><D103/><U33/><E33/><V118/><F118/><W122/><G122/><T117/><D117/><U66/><E113/><V112/><F112/><W121/><G121/><T63/><D28/><U104/><E108/><V60/><F60/><W105/><G27/><T69/><D31/><U62/><E25/><V119/><F119/><W127/><G24/><T40/><D15/><U2/><E62/><V29/><F29/><W57/><G127/><T99/><D63/><U56/><E14/><V10/><F10/><W58/><G8/><T6/><D69/><U4/><E2/><V86/><AGARI ba="0,1" hai="23,26,30,44,49,55,85,86,87,88,89,98,101,107" machi="86" ten="30,7900,0" yaku="1,1,0,1,52,1,54,1,53,0" doraHai="96" doraHaiUra="111" who="2" fromWho="2" sc="250,-39,250,-20,240,89,250,-20" /><INIT seed="1,0,0,5,5,88" ten="211,230,329,230" oya="1" hai0="27,29,115,116,38,58,57,82,85,77,135,4,47" hai1="69,15,89,7,90,127,49,113,28,63,21,35,98" hai2="97,120,119,19,125,130,73,105,124,30,103,104,110" hai3="45,55,14,121,95,80,24,52,108,16,41,48,64"/><U43/><E43/><V12/><BYE who="1" /><F30/><UN n1="%4D%50%43%32%38%30%30" /><W70/><G121/><T3/><D115/><U31/><E113/><V99/><F120/><W34/><G108/><T60/><D116/><U18/><E127/><N who="2" m="48715" /><F73/><W78/><G70/><T9/><D135/><U101/><E7/><V40/><F110/><W5/><G64/><T111/><D111/><U1/><E1/><V123/><F123/><W93/><G5/><T72/><D85/><U33/><E49/><V59/><F130/><W0/><G0/><T114/><D60/><U71/><E71/><V107/><F40/><W131/><G131/><T25/><D25/><N who="1" m="18575" /><E31/><V53/><F99/><W66/><G66/><T67/><D67/><N who="1" m="41215" /><E35/><V83/><F83/><W102/><G24/><T117/><D117/><U46/><E46/><V37/><F37/><W100/><G34/><N who="0" m="20799" /><D114/><U91/><E91/><V22/><F119/><W10/><G41/><AGARI ba="0,0" hai="3,4,9,38,41,47,57,58,72,77,82" m="20799" machi="41" ten="30,1000,0" yaku="25,1" doraHai="88" who="0" fromWho="3" sc="211,10,230,0,329,0,230,-10" /><INIT seed="2,0,0,2,5,77" ten="221,230,329,220" oya="2" hai0="99,109,93,51,26,64,4,67,119,33,29,76,70" hai1="84,1,110,94,123,24,50,95,60,5,112,116,43" hai2="120,49,73,122,53,132,98,37,61,6,105,20,65" hai3="40,134,18,100,23,54,7,16,74,118,48,14,19"/><V34/><F37/><W12/><G118/><T107/><D109/><U15/><E116/><V130/><F34/><W63/><G74/><T56/><D119/><U108/><E112/><V30/><F73/><W59/><G134/><T2/><D107/><U8/><E123/><V25/><F132/><W87/><G100/><T52/><D76/><U121/><E121/><V101/><F6/><W125/><G125/><T71/><D2/><U17/><E60/><V89/><F130/><W69/><G69/><T117/><D4/><U92/><E24/><V111/><F111/><N who="1" m="42537" /><E43/><V128/><F128/><W27/><G87/><T9/><D9/><N who="1" m="6383" /><E50/><V47/><F89/><AGARI ba="0,0" hai="1,5,8,84,89,92,94,95" m="6383,42537" machi="89" ten="30,1000,0" yaku="14,1" doraHai="77" who="1" fromWho="2" sc="221,0,230,10,329,-10,220,0" /><INIT seed="3,0,0,2,2,16" ten="221,240,319,220" oya="3" hai0="107,82,61,111,72,74,76,123,55,13,77,23,95" hai1="0,43,133,124,8,73,83,90,5,105,89,54,3" hai2="46,85,101,52,132,71,79,122,93,63,11,100,119" hai3="126,125,30,38,78,47,39,6,44,49,104,53,112"/><W129/><G112/><T87/><D123/><U35/><E35/><V36/><F119/><W60/><G104/><T12/><D107/><U130/><E105/><V50/><F132/><W106/><G106/><T62/><D111/><U118/><E118/><V19/><F36/><W131/><G6/><T64/><D95/><U56/><E3/><V29/><F29/><W108/><G78/><T98/><D98/><U113/><E113/><V86/><F71/><W58/><G30/><T59/><D77/><N who="1" m="44463" /><E130/><N who="3" m="49674" /><G108/><T1/><D1/><U4/><E4/><V28/><F28/><W68/><G68/><T117/><D117/><U37/><E124/><N who="3" m="47722" /><G44/><T120/><D120/><U57/><E57/><V48/><F46/><W102/><G102/><T75/><REACH who="0" step="1"/><D23/><REACH who="0" ten="211,240,319,220" step="2"/><U26/><E133/><V134/><F79/><W96/><G96/><T7/><D7/><U2/><E2/><V135/><F134/><W32/><G32/><T45/><D45/><U109/><E109/><V31/><F135/><W22/><G22/><T116/><D116/><U25/><E5/><V115/><F122/><W69/><G69/><AGARI ba="0,1" hai="12,13,55,59,61,62,64,69,72,74,75,76,82,87" machi="69" ten="40,2600,0" yaku="1,1,53,1" doraHai="16" doraHaiUra="81" who="0" fromWho="3" sc="211,36,240,0,319,0,220,-26" owari="247,4.7,240,-16.0,319,41.9,194,-30.6" /></mjloggm>