<mjloggm ver="2.3"><GO type="225" lobby="0"/><UN n0="%E5%AE%AE%E4%BF%9D%E9%B6%8F%E8%82%89" n1="%E9%80%9F%E6%B0%B4%E5%87%9B%E9%A6%99" n2="%E6%A0%B9%E5%85%83%E3%81%8B%E3%82%89%E5%90%B9%E3%81%A3%E9%A3%9B%E3%81%B6" n3="%E8%91%89%E5%B1%B1%E9%99%BD%E5%92%8C" dan="16,16,16,16" rate="2112.04,2094.85,2171.93,2104.36" sx="M,F,F,M"/><TAIKYOKU oya="0"/><INIT seed="0,0,0,5,1,89" ten="250,250,250,250" oya="0" hai0="83,60,11,6,124,74,63,50,47,30,121,44,78" hai1="26,126,108,91,28,93,37,25,13,105,0,39,16" hai2="22,58,9,77,8,102,96,127,92,107,73,2,111" hai3="101,31,35,52,86,68,54,122,40,57,66,4,48"/><T113/><D113/><U46/><E105/><V20/><F111/><W103/><G122/><T67/><D124/><U84/><E0/><V114/><F114/><W62/><G40/><T115/><D30/><U55/><E126/><V17/><F127/><W41/><G4/><T90/><D121/><U130/><E108/><V99/><F73/><W18/><G18/><T119/><D119/><U82/><E130/><V120/><F77/><W21/><G21/><T71/><D115/><U98/><E37/><V42/><F42/><W23/><G23/><T100/><D100/><U69/><E69/><V85/><F120/><W5/><G5/><T3/><D50/><N who="1" m="29143" /><E28/><V33/><F33/><W106/><G41/><T51/><D51/><U29/><E29/><V38/><F38/><W75/><G75/><T64/><REACH who="0" step="1"/><D90/><REACH who="0" ten="240,250,250,250" step="2"/><N who="1" m="55607" /><E39/><V45/><F102/><W87/><G103/><T59/><AGARI ba="0,1" hai="3,6,11,44,47,59,60,63,64,67,71,74,78,83" machi="59" ten="20,3900,0" yaku="1,1,0,1,7,1,53,0" doraHai="89" doraHaiUra="109" who="0" fromWho="0" sc="240,49,250,-13,250,-13,250,-13" /><INIT seed="0,1,0,4,2,84" ten="289,237,237,237" oya="0" hai0="112,122,34,50,92,134,104,121,123,68,94,40,77" hai1="11,125,102,98,4,108,128,78,2,95,43,13,19" hai2="66,24,88,58,32,18,31,64,117,54,52,126,93" hai3="22,59,101,51,119,113,72,90,57,39,41,10,46"/><T81/><D68/><U83/><E108/><V107/><F126/><W105/><G119/><T110/><D34/><U80/><E125/><V20/><F117/><W127/><G113/><T124/><D124/><U35/><E128/><V65/><F107/><W28/><G127/><T36/><D36/><U106/><E43/><V33/><F54/><W118/><G118/><T29/><D29/><U75/><E35/><V25/><F33/><W73/><G10/><T26/><D26/><U42/><E42/><V76/><F76/><W114/><G114/><T49/><D112/><U82/><REACH who="1" step="1"/><E106/><REACH who="1" ten="289,227,237,237" step="2"/><V55/><REACH who="2" step="1"/><F58/><REACH who="2" ten="289,227,227,237" step="2"/><W103/><G59/><T133/><D104/><U6/><E6/><V97/><AGARI ba="1,2" hai="18,20,24,25,31,32,52,55,64,65,66,88,93,97" machi="97" ten="30,12000,2" yaku="1,1,2,1,0,1,52,1,54,2,53,1" doraHai="84" doraHaiUra="85" who="2" fromWho="2" sc="289,-61,227,-31,227,143,237,-31" /><INIT seed="1,0,0,4,2,34" ten="228,196,370,206" oya="1" hai0="54,45,37,47,4,96,58,55,12,49,65,69,0" hai1="73,18,115,79,80,105,92,35,81,110,107,101,40" hai2="126,129,8,123,93,132,13,10,106,2,103,71,27" hai3="128,114,19,111,17,90,25,99,29,66,5,53,51"/><U38/><E35/><V98/><F123/><W61/><G114/><T100/><D12/><U30/><E30/><V20/><F126/><W1/><G111/><T21/><D21/><U14/><E40/><V120/><F129/><W82/><G128/><T64/><D0/><U6/><E38/><V95/><F132/><W52/><G5/><T44/><D4/><U85/><E6/><V130/><F130/><W41/><G41/><N who="0" m="22575" /><D96/><N who="1" m="59527" /><E14/><V117/><F71/><W26/><G1/><T11/><D100/><U112/><E18/><N who="3" m="6666" /><G29/><T32/><D11/><U67/><E67/><N who="0" m="25673" /><D32/><U133/><E133/><V86/><F2/><W78/><G78/><T75/><D75/><U104/><E110/><V28/><F117/><W76/><G76/><AGARI ba="0,0" hai="73,76,79,80,81,85,104,105,107,112,115" m="59527" machi="76" ten="30,2900,0" yaku="34,2" doraHai="34" who="1" fromWho="3" sc="228,0,196,29,370,0,206,-29" /><INIT seed="1,1,0,0,5,52" ten="228,225,370,177" oya="1" hai0="95,18,55,51,127,39,69,63,128,99,103,4,119" hai1="105,37,104,86,58,9,17,21,59,29,61,24,22" hai2="107,87,88,5,54,97,111,108,40,98,126,28,102" hai3="50,65,67,135,11,81,131,2,115,23,44,10,34"/><U41/><E37/><V43/><F126/><W84/><G115/><T48/><D119/><U1/><E41/><V79/><F5/><W121/><G121/><T45/><D39/><U53/><E105/><V36/><F28/><W13/><G34/><T15/><D127/><U120/><E104/><V47/><F43/><W68/><G131/><T122/><D128/><U96/><E120/><V130/><F130/><W72/><G72/><T16/><D122/><U30/><E96/><V66/><F79/><N who="3" m="46143" /><G68/><T133/><D133/><U32/><E32/><V118/><F118/><W94/><G94/><T74/><D74/><U112/><E112/><V125/><F125/><W110/><G2/><T12/><D69/><U19/><E1/><V106/><F66/><N who="3" m="25099" /><G110/><N who="2" m="42025" /><F54/><N who="3" m="30023" /><G135/><T114/><D63/><N who="1" m="36303" /><E9/><V75/><F75/><W57/><G11/><N who="0" m="4199" /><D114/><U0/><E86/><V117/><F117/><W124/><G124/><T89/><D51/><U27/><E0/><V7/><F7/><N who="3" m="3295" /><G23/><N who="0" m="11679" /><D18/><U80/><E80/><N who="2" m="49255" /><F98/><W33/><G33/><T3/><D3/><U129/><E129/><V82/><F107/><W60/><G60/><T100/><AGARI ba="1,0" hai="45,48,55,89,95,99,100,103" m="11679,4199" machi="100" ten="30,2000,0" yaku="8,1,54,1" doraHai="52" who="0" fromWho="0" sc="228,23,225,-11,370,-6,177,-6" /><INIT seed="2,0,0,1,4,123" ten="251,214,364,171" oya="2" hai0="17,24,127,124,71,20,98,25,75,9,6,35,8" hai1="82,2,52,118,120,57,62,28,110,102,83,42,97" hai2="133,27,70,77,59,39,111,65,1,34,30,121,134" hai3="99,67,66,119,95,132,69,107,96,11,23,88,89"/><V85/><F1/><W10/><G119/><T29/><D75/><U55/><E2/><V41/><F121/><W5/><G132/><N who="2" m="50793" /><F59/><W48/><G69/><T91/><D71/><U108/><E118/><V31/><F31/><W47/><G23/><N who="0" m="13423" /><D91/><U68/><E68/><V45/><F77/><W50/><G107/><T103/><D98/><U90/><E120/><V117/><F85/><W15/><G11/><N who="0" m="4171" /><D103/><U112/><E42/><V104/><F104/><W100/><G100/><T106/><D106/><U79/><E112/><V76/><F76/><W84/><G96/><T4/><D35/><U86/><E28/><V109/><F117/><W128/><G128/><T135/><D135/><U115/><E115/><V21/><F21/><W81/><REACH who="3" step="1"/><G50/><REACH who="3" ten="251,214,364,161" step="2"/><T122/><D122/><U101/><E101/><V54/><F70/><W51/><G51/><T78/><D78/><U80/><E102/><V16/><F34/><W93/><G93/><T3/><D3/><U114/><E114/><V49/><F49/><W13/><G13/><T43/><D43/><AGARI ba="0,1" hai="5,10,15,43,47,48,66,67,81,84,88,89,95,99" machi="43" ten="30,12000,2" yaku="1,1,7,1,8,1,54,1,53,2" doraHai="123" doraHaiUra="60" who="3" fromWho="0" sc="251,-120,214,0,364,0,161,130" /><INIT seed="3,0,0,4,0,3" ten="131,214,364,291" oya="3" hai0="1,34,100,44,71,57,83,20,75,14,89,111,114" hai1="119,110,120,67,106,60,19,95,48,76,130,18,33" hai2="53,10,62,32,109,122,134,86,127,88,124,21,26" hai3="16,12,94,24,7,81,50,118,38,112,107,54,58"/><W123/><G123/><T121/><D111/><U115/><E106/><V133/><F109/><W40/><G118/><T117/><D117/><U27/><E115/><V4/><F32/><W97/><G112/><T45/><D1/><U99/><E120/><V79/><F79/><W113/><G113/><T49/><D34/><U77/><E110/><V87/><F53/><W85/><G107/><T2/><D2/><U41/><E130/><V73/><F62/><W103/><G38/><T31/><D71/><U42/><E119/><V59/><F59/><W68/><G68/><T90/><D121/><U37/><E37/><V125/><F73/><W0/><G40/><N who="1" m="15466" /><E33/><V126/><F126/><W92/><G92/><T9/><D114/><U72/><E48/><V82/><F87/><W28/><G0/><T104/><D75/><U23/><E72/><V56/><F56/><W129/><G129/><T131/><D131/><U36/><E36/><V11/><F122/><W116/><G116/><T43/><D104/><U101/><E18/><N who="2" m="12599" /><F11/><N who="3" m="4223" /><G28/><T35/><D35/><U30/><E30/><V132/><F132/><W108/><G108/><T46/><D31/><U65/><E60/><V135/><F135/><W61/><G61/><T93/><D43/><U70/><E70/><V29/><F29/><W6/><G16/><T64/><D49/><U63/><E63/><V84/><F84/><W102/><G24/><T17/><D17/><U39/><E39/><V22/><F133/><W80/><G85/><T52/><D57/><U128/><E128/><V25/><F134/><W98/><G58/><T15/><D52/><RYUUKYOKU ba="0,0" sc="131,-10,214,30,364,-10,291,-10" hai1="19,23,27,65,67,76,77,95,99,101" owari="121,-37.9,244,-15.6,354,45.4,281,8.1" /></mjloggm>