<mjloggm ver="2.3"><GO type="225" lobby="0"/><UN n0="%E4%B8%89%E5%86%A0%E7%8E%8B%E3%83%BB%E5%B1%B1%E7%94%B0%E5%93%B2%E4%BA%BA" n1="%E3%81%9F%E3%81%8C%E3%82%84%E3%81%99" n2="%E3%81%95%E3%81%8D%E3%81%9F%E3%81%BE%E6%9E%97%E6%AA%8E" n3="%E9%80%9F%E6%B0%B4%E5%87%9B%E9%A6%99" dan="16,16,16,16" rate="2176.23,2093.26,2116.61,2165.57" sx="M,M,M,F"/><TAIKYOKU oya="0"/><INIT seed="0,0,0,0,3,34" ten="250,250,250,250" oya="0" hai0="3,10,77,86,59,50,83,42,36,14,22,122,31" hai1="60,44,93,68,82,129,123,114,1,9,18,100,37" hai2="113,54,89,110,109,17,76,101,70,20,55,15,71" hai3="99,128,25,66,133,103,118,4,132,69,13,23,67"/><T111/><D122/><U19/><E100/><V119/><F113/><W135/><G118/><T124/><D124/><U81/><E93/><V88/><F101/><W95/><G69/><N who="2" m="26121" /><F76/><W46/><G128/><T91/><D36/><U6/><E123/><V0/><F119/><W108/><G108/><N who="2" m="41577" /><F0/><W85/><G85/><T107/><D107/><U96/><E96/><V125/><F125/><W74/><G74/><T117/><D117/><U87/><E129/><V102/><F102/><W105/><G105/><T49/><D111/><U32/><E32/><V126/><F126/><W64/><G46/><N who="0" m="25815" /><D3/><U65/><E114/><V35/><F35/><W116/><G116/><T47/><D59/><U26/><E26/><V27/><F27/><W79/><G79/><T39/><D39/><U41/><REACH who="1" step="1"/><E82/><REACH who="1" ten="250,240,250,250" step="2"/><V63/><F63/><W94/><G94/><T57/><D83/><U58/><E58/><V7/><F7/><W56/><G56/><T84/><D57/><U48/><E48/><V97/><F97/><W21/><G25/><T51/><D51/><U38/><E38/><V53/><AGARI ba="0,1" hai="15,17,20,53,54,55,88,89" m="41577,26121" machi="53" ten="40,2700,0" yaku="14,1,54,1" doraHai="34" who="2" fromWho="2" sc="250,-13,240,-7,250,37,250,-7" /><INIT seed="1,0,0,4,2,60" ten="237,233,287,243" oya="1" hai0="72,16,47,134,34,30,65,100,39,84,68,56,28" hai1="86,91,32,26,57,31,45,92,123,89,13,9,1" hai2="29,40,5,109,36,101,126,53,115,20,61,64,73" hai3="18,103,113,135,119,8,54,74,77,3,27,81,110"/><U107/><E107/><V114/><F109/><W132/><G113/><N who="2" m="43017" /><F126/><W14/><G110/><T0/><D72/><U125/><E125/><V116/><F73/><W102/><G119/><T6/><D68/><U96/><E123/><V2/><F116/><W127/><G127/><T120/><D34/><U38/><E1/><V48/><F101/><W41/><G41/><T52/><D120/><U85/><E57/><N who="2" m="32935" /><F5/><W121/><G121/><T90/><D100/><U69/><E69/><N who="2" m="42127" /><F2/><W7/><G27/><T133/><D6/><U87/><E45/><N who="2" m="23687" /><F20/><W33/><G33/><T105/><D0/><U63/><E63/><V108/><F108/><W79/><G79/><T75/><D75/><U42/><E42/><V51/><F29/><W130/><G103/><T98/><D30/><U88/><REACH who="1" step="1"/><E38/><REACH who="1" ten="237,223,287,243" step="2"/><V97/><F51/><W71/><G3/><T21/><D105/><U62/><E62/><V117/><F117/><W95/><G71/><T24/><D56/><U131/><E131/><V55/><F55/><W76/><G130/><T111/><D52/><U17/><AGARI ba="0,1" hai="9,13,17,26,31,32,85,86,87,88,89,91,92,96" machi="17" ten="30,6000,0" yaku="1,1,0,1,54,1,53,0" doraHai="60" doraHaiUra="66" who="1" fromWho="1" sc="237,-20,223,70,287,-20,243,-20" /><INIT seed="1,1,0,5,1,56" ten="217,293,267,223" oya="1" hai0="71,2,35,48,7,16,102,55,135,8,24,88,22" hai1="114,127,84,134,38,94,74,97,18,11,36,124,103" hai2="73,58,17,113,49,10,70,116,122,60,42,51,5" hai3="106,31,61,28,96,66,26,131,117,76,63,54,37"/><U27/><E74/><V14/><F122/><W50/><G37/><T68/><D135/><U19/><E114/><V132/><F116/><W72/><G72/><T4/><D102/><U98/><E134/><V111/><F111/><W82/><G117/><T25/><D7/><U44/><E84/><V75/><F132/><W12/><G131/><T9/><D9/><U129/><E129/><V95/><F70/><W53/><G66/><T40/><D40/><U109/><E109/><V110/><F110/><W0/><G0/><T79/><D79/><U23/><E98/><V29/><F113/><W3/><G3/><T86/><D25/><U15/><REACH who="1" step="1"/><E44/><REACH who="1" ten="217,283,267,223" step="2"/><V80/><F75/><W121/><G96/><T65/><D35/><U83/><E83/><V64/><F73/><W34/><G121/><T123/><D123/><U41/><E41/><V52/><F80/><W91/><G82/><T120/><D120/><U99/><E99/><V47/><F95/><W69/><G34/><T125/><D125/><AGARI ba="1,1" hai="11,15,18,19,23,27,36,38,94,97,103,124,125,127" machi="125" ten="40,3900,0" yaku="1,1,18,1,53,0" doraHai="56" doraHaiUra="130" who="1" fromWho="0" sc="217,-42,283,52,267,0,223,0" /><INIT seed="1,2,0,1,5,89" ten="175,335,267,223" oya="1" hai0="33,96,62,57,76,26,60,41,67,50,32,83,104" hai1="39,23,82,28,17,43,99,27,122,133,7,113,109" hai2="46,129,63,34,111,119,75,131,12,48,37,94,110" hai3="6,121,61,40,31,74,52,81,16,105,54,108,36"/><U8/><E39/><V78/><F34/><W86/><G105/><T112/><D112/><U49/><E122/><V51/><F75/><W10/><G121/><T56/><D41/><U132/><E113/><V116/><F78/><W123/><G123/><T87/><D50/><N who="2" m="18986" /><F12/><W98/><G31/><T130/><D130/><N who="2" m="49674" /><F94/><W90/><G61/><T128/><D128/><U11/><E99/><V2/><F63/><W70/><G70/><T29/><D33/><U66/><E66/><V72/><F72/><W68/><G68/><T58/><REACH who="0" step="1"/><D67/><REACH who="0" ten="165,335,267,223" step="2"/><U114/><E114/><V30/><F2/><W79/><G36/><T127/><D127/><U59/><E49/><V0/><F0/><W93/><G40/><T124/><D124/><U1/><E1/><V19/><F37/><W4/><G108/><T21/><D21/><U97/><E23/><V85/><F111/><W44/><G44/><T22/><D22/><U55/><E109/><V42/><F46/><W118/><G118/><T20/><D20/><U9/><E43/><V88/><F42/><W92/><G54/><T77/><D77/><U106/><E55/><V80/><F110/><W84/><G52/><T71/><D71/><U120/><E120/><V135/><F119/><W5/><G74/><T53/><D53/><U115/><E115/><V47/><F47/><W126/><G126/><T38/><D38/><U69/><E69/><V107/><F116/><W117/><G117/><T101/><AGARI ba="2,1" hai="26,29,32,56,57,58,60,62,76,83,87,96,101,104" machi="101" ten="30,2000,0" yaku="1,1,0,1,53,0" doraHai="89" doraHaiUra="64" who="0" fromWho="0" sc="165,36,335,-12,267,-7,223,-7" /><INIT seed="2,0,0,2,2,101" ten="201,323,260,216" oya="2" hai0="48,110,59,98,120,13,109,3,99,104,19,2,61" hai1="117,28,16,71,90,70,25,57,37,56,115,30,12" hai2="65,122,43,27,21,78,34,114,76,134,45,121,49" hai3="62,103,82,29,105,111,7,77,112,92,69,35,47"/><V17/><F114/><W5/><G111/><N who="0" m="42507" /><D48/><U81/><E37/><V31/><F134/><W42/><G92/><T60/><D120/><U119/><E115/><V84/><F65/><N who="3" m="41143" /><G112/><T33/><D33/><U72/><E71/><V108/><F108/><W64/><G64/><N who="0" m="38943" /><D61/><U46/><E70/><V67/><F67/><W51/><G82/><T80/><D80/><U4/><E81/><V113/><F113/><W118/><G77/><T83/><D98/><U26/><E46/><V100/><F100/><W39/><G39/><T36/><D83/><U23/><E57/><V75/><F75/><W74/><G74/><T131/><D36/><U106/><E56/><V124/><F84/><W126/><G126/><T58/><D58/><U63/><E63/><V130/><F124/><W1/><G105/><T95/><D131/><U132/><E90/><V53/><F130/><W24/><G103/><N who="0" m="62591" /><D95/><U91/><E91/><V129/><F129/><W96/><G96/><T40/><D40/><U66/><E106/><V68/><F68/><W116/><G1/><T135/><D135/><U0/><E132/><V86/><F43/><W128/><G128/><T14/><D14/><U127/><E127/><V87/><F87/><W97/><G97/><T102/><D102/><U85/><E85/><V9/><F86/><W79/><G79/><N who="2" m="30249" /><F34/><W11/><G11/><AGARI ba="0,0" hai="2,3,11,13,19" m="62591,38943,42507" machi="11" ten="30,2000,0" yaku="14,1,52,1" doraHai="101" who="0" fromWho="3" sc="201,20,323,0,260,0,216,-20" /><INIT seed="3,0,0,3,2,119" ten="221,323,260,196" oya="3" hai0="49,134,23,52,35,135,8,71,77,128,46,127,85" hai1="121,125,95,15,59,53,76,41,32,7,111,48,124" hai2="88,67,106,40,56,25,65,90,83,118,81,98,14" hai3="29,13,123,116,97,44,82,78,50,126,131,115,91"/><W79/><G116/><T86/><D35/><U62/><E32/><V112/><F112/><W0/><G0/><T37/><D127/><N who="1" m="48715" /><E121/><V54/><F118/><W110/><G115/><T19/><D71/><U103/><E111/><V89/><F40/><W74/><G126/><T73/><D128/><U99/><E76/><V31/><F106/><W5/><G123/><T26/><D37/><U11/><E41/><V72/><F98/><W12/><G131/><T107/><D107/><U101/><E48/><V63/><F72/><W92/><G110/><T24/><D24/><U27/><E27/><V10/><F81/><W18/><G29/><T36/><D36/><U58/><E58/><V69/><F83/><W80/><G5/><T17/><D8/><U16/><E103/><V22/><REACH who="2" step="1"/><F69/><REACH who="2" ten="221,323,250,196" step="2"/><W20/><G80/><T1/><D73/><U47/><E47/><V87/><F87/><W105/><G79/><T39/><D46/><U132/><E132/><V109/><F109/><W84/><G105/><T133/><D77/><U42/><E42/><V96/><F96/><W104/><G104/><T55/><D86/><U68/><E68/><V113/><F113/><W57/><G74/><T45/><D134/><U93/><E93/><V117/><F117/><W38/><G38/><T94/><D39/><U120/><E120/><V9/><F9/><W64/><G44/><T34/><D135/><U70/><E70/><V2/><F2/><W122/><G122/><T114/><D133/><U21/><E11/><V129/><F129/><W60/><G50/><T43/><D45/><U28/><E7/><AGARI ba="0,1" hai="7,10,14,22,25,31,54,56,63,65,67,88,89,90" machi="7" ten="40,8000,1" yaku="1,1,6,1,8,1,54,1,53,1" doraHai="119" doraHaiUra="6" who="2" fromWho="1" sc="221,0,323,-80,250,90,196,0" owari="221,-17.9,243,4.3,340,44.0,196,-30.4" /></mjloggm>