<mjloggm ver="2.3"><GO type="225" lobby="0"/><UN n0="%E9%80%86%E9%80%A3%E5%B8%AF%E3%81%AE%E9%AC%BC" n1="%E3%82%A2%E3%83%A1%E3%82%A2%E3%83%A9%E3%83%AC" n2="%E3%81%A9%E3%82%93%E3%82%88%E3%81%8F%4D%6B%2E%32" n3="%61%6D%65%6B%69" dan="17,16,16,16" rate="2187.50,2174.81,2159.09,2084.25" sx="M,M,M,M"/><TAIKYOKU oya="0"/><INIT seed="0,0,0,3,2,77" ten="250,250,250,250" oya="0" hai0="123,16,52,58,51,59,76,32,2,106,48,71,67" hai1="20,12,132,3,98,117,63,93,28,87,125,8,43" hai2="110,4,19,29,105,37,129,39,101,74,6,96,68" hai3="30,0,128,53,31,102,61,116,10,54,109,82,9"/><T131/><D123/><U84/><E132/><V94/><F68/><W64/><G116/><T100/><D2/><U78/><E125/><V124/><F124/><W18/><G128/><T126/><D126/><U62/><E3/><V114/><F114/><W35/><G109/><T108/><D108/><U40/><E117/><V91/><F29/><W80/><G102/><T73/><D131/><U49/><E20/><V50/><F129/><W127/><G127/><T97/><D32/><U135/><E28/><N who="3" m="10794" /><G35/><T85/><D73/><U86/><E78/><V95/><F74/><W56/><G0/><T14/><D71/><U21/><E21/><V119/><F119/><W46/><G18/><T130/><D130/><U47/><E43/><V7/><F110/><W79/><G79/><T112/><D112/><U88/><REACH who="1" step="1"/><E135/><REACH who="1" ten="250,240,250,250" step="2"/><V60/><F37/><W34/><G34/><T134/><D134/><U65/><E65/><V70/><F39/><W15/><G53/><T92/><D67/><U89/><E89/><V25/><F91/><W75/><G75/><T13/><D76/><U22/><E22/><V133/><F133/><W33/><G33/><T72/><D72/><U121/><E121/><V36/><F36/><W99/><G64/><T1/><D1/><U103/><E103/><V42/><F42/><W23/><G23/><T120/><D120/><U104/><E104/><V41/><F41/><W107/><G10/><T11/><D106/><U118/><E118/><V17/><F105/><W57/><G107/><T55/><D14/><U27/><E27/><V113/><F113/><W81/><G15/><RYUUKYOKU ba="0,1" sc="250,15,240,15,250,-15,250,-15" hai0="11,13,16,48,51,52,55,58,59,85,92,97,100" hai1="8,12,40,47,49,62,63,84,86,87,88,93,98" /><INIT seed="0,1,1,0,4,131" ten="265,255,235,235" oya="0" hai0="100,78,62,108,58,65,127,69,10,74,42,102,92" hai1="94,93,75,14,111,38,24,76,30,80,16,2,97" hai2="31,27,66,132,20,26,47,82,45,103,39,118,41" hai3="112,33,83,120,48,0,60,126,37,107,85,19,3"/><T116/><D116/><U96/><E111/><V87/><F118/><W68/><G112/><T135/><D108/><U21/><E2/><V133/><F103/><W124/><G37/><T56/><D127/><N who="3" m="48681" /><G120/><T63/><D42/><U23/><REACH who="1" step="1"/><E38/><REACH who="1" ten="265,245,235,235" step="2"/><V44/><F66/><N who="3" m="41031" /><G33/><T90/><D65/><U22/><E22/><V119/><F119/><W50/><G107/><T72/><D10/><U8/><E8/><V57/><F27/><W36/><G36/><T115/><D115/><U9/><E9/><V84/><F39/><W12/><G3/><T61/><D69/><U67/><E67/><V64/><F41/><W52/><G0/><T101/><D56/><U121/><E121/><V123/><F123/><W59/><G59/><T35/><D58/><U130/><E130/><V95/><F57/><W17/><G52/><T55/><D55/><U15/><E15/><V89/><REACH who="2" step="1"/><F64/><REACH who="2" ten="265,245,225,235" step="2"/><W114/><G114/><T122/><D122/><U51/><E51/><N who="3" m="19498" /><G12/><T6/><D62/><U73/><E73/><V34/><F34/><W128/><G128/><T54/><D63/><U53/><E53/><V11/><F11/><W32/><G32/><T105/><D54/><U129/><E129/><V117/><F117/><W13/><G13/><T4/><D61/><U86/><E86/><V109/><F109/><W98/><G98/><AGARI ba="1,3" hai="14,16,21,23,24,30,75,76,80,93,94,96,97,98" machi="98" ten="40,2600,0" yaku="1,1,54,1,53,0" doraHai="131" doraHaiUra="29" who="1" fromWho="3" sc="265,0,245,59,225,0,235,-29" /><INIT seed="1,0,0,2,2,60" ten="265,304,225,206" oya="1" hai0="96,38,54,0,16,4,66,117,27,28,6,108,62" hai1="88,70,94,134,84,14,115,57,58,64,106,40,44" hai2="103,132,61,99,118,120,31,39,131,13,128,109,97" hai3="110,18,124,1,9,73,25,107,41,47,89,3,33"/><U12/><E115/><V34/><F118/><W59/><G107/><T15/><D117/><U21/><E106/><V85/><F39/><W79/><G110/><T127/><D108/><U51/><E134/><V123/><F109/><W78/><G124/><T105/><D127/><U80/><E70/><V129/><F132/><W23/><G33/><T91/><D0/><U63/><E57/><V112/><F112/><W46/><G46/><T86/><D38/><U48/><E48/><V45/><F45/><W71/><G71/><T29/><D54/><U10/><E21/><V87/><F13/><N who="1" m="5225" /><E10/><V119/><F119/><W55/><G89/><T19/><D105/><U7/><E7/><V68/><F31/><W2/><G9/><T32/><D29/><U90/><E90/><V75/><F75/><W22/><G22/><T104/><D4/><U24/><E24/><V92/><F34/><W135/><G73/><T17/><D6/><U52/><E80/><V76/><F99/><W83/><G83/><T56/><D96/><U53/><AGARI ba="0,0" hai="40,44,51,52,53,58,63,64,84,88,94" m="5225" machi="53" ten="30,11700,0" yaku="8,1,52,1,54,2" doraHai="60" who="1" fromWho="1" sc="265,-39,304,117,225,-39,206,-39" /><INIT seed="1,1,0,0,4,115" ten="226,421,186,167" oya="1" hai0="111,15,125,38,14,46,91,109,61,97,1,82,48" hai1="92,23,127,57,29,62,130,53,110,51,77,103,84" hai2="121,95,6,86,28,114,133,94,90,99,55,21,83" hai3="80,25,102,40,18,87,45,13,65,24,104,108,71"/><U7/><E130/><V16/><F121/><W32/><G108/><T11/><D125/><U44/><E127/><V122/><F122/><W101/><G32/><T112/><D112/><U63/><E110/><V68/><F68/><W3/><G3/><T126/><D38/><U74/><E74/><V120/><F120/><W37/><G65/><T9/><D126/><U69/><E7/><V117/><F114/><W50/><G37/><T123/><D1/><U8/><E8/><V132/><F6/><W105/><G105/><T20/><D123/><U93/><E63/><V4/><F4/><W66/><G66/><T88/><D20/><U119/><E119/><V129/><F28/><W78/><G71/><T98/><D61/><U35/><E103/><V73/><F129/><W60/><G60/><T89/><D82/><N who="1" m="47183" /><E35/><V17/><F73/><W2/><G2/><T43/><D111/><U85/><E85/><V31/><F95/><W58/><G58/><T54/><D109/><U41/><E69/><V134/><F117/><W75/><G75/><T106/><D106/><U34/><E34/><V100/><F55/><W72/><G72/><T135/><D135/><U0/><E0/><V36/><F36/><W33/><G33/><T26/><D54/><U12/><E29/><V81/><F81/><W107/><G107/><T30/><D98/><U76/><E76/><V5/><F5/><W59/><G104/><T19/><D97/><U47/><E44/><V42/><F42/><W52/><G102/><T113/><D113/><U10/><E41/><V70/><F70/><W128/><G128/><RYUUKYOKU ba="1,0" sc="226,-10,421,-10,186,30,167,-10" hai2="16,17,21,31,83,86,90,94,99,100,132,133,134" /><INIT seed="2,2,0,2,2,38" ten="216,411,216,157" oya="2" hai0="19,88,78,101,99,94,2,120,127,48,39,12,1" hai1="55,44,125,118,69,106,68,113,130,70,22,30,17" hai2="96,86,82,126,73,60,41,52,93,7,119,37,58" hai3="45,33,8,66,32,64,42,75,35,63,132,50,53"/><V26/><F119/><W20/><G75/><T29/><D39/><U102/><E113/><V89/><F126/><W100/><G132/><T128/><D120/><U28/><E118/><V87/><F7/><W67/><G100/><T21/><D128/><U4/><E4/><V110/><F110/><W71/><G8/><T98/><D127/><U10/><E10/><V3/><F3/><W47/><REACH who="3" step="1"/><G20/><REACH who="3" ten="216,411,216,147" step="2"/><T34/><D101/><U76/><E22/><V95/><F73/><W51/><AGARI ba="2,1" hai="32,33,35,42,45,47,50,51,53,63,64,66,67,71" machi="51" ten="40,8000,1" yaku="1,1,2,1,0,1,52,1,53,0" doraHai="38" doraHaiUra="14" who="3" fromWho="3" sc="216,-22,411,-22,216,-42,147,96" /><INIT seed="3,0,0,5,2,16" ten="194,389,174,243" oya="3" hai0="76,126,114,128,103,8,11,66,106,6,63,1,89" hai1="26,131,68,33,43,107,79,78,94,47,72,50,82" hai2="5,36,88,40,130,39,92,7,28,0,105,135,120" hai3="73,14,112,41,13,121,45,55,29,31,56,127,104"/><W19/><G73/><T132/><D128/><U17/><E107/><V64/><F105/><W32/><G104/><T67/><D132/><U69/><E79/><V133/><F130/><W53/><G121/><T3/><D126/><U15/><E131/><V123/><F64/><W97/><G112/><T129/><D129/><U2/><E2/><V22/><F40/><W74/><G74/><T54/><D114/><U84/><E26/><N who="2" m="16471" /><F7/><W101/><G32/><T49/><D76/><U62/><E62/><V58/><F58/><W77/><G14/><T4/><D89/><U100/><E84/><N who="2" m="52231" /><F5/><W9/><G77/><T24/><D24/><U124/><E17/><V57/><F0/><W85/><G85/><T52/><D49/><U125/><E15/><V109/><F57/><W91/><G127/><N who="1" m="48714" /><E33/><V110/><F39/><W59/><G59/><T116/><D116/><U42/><E42/><V27/><F27/><W30/><G56/><T48/><D48/><U60/><E60/><V118/><F36/><W46/><G41/><T44/><D44/><U35/><E35/><V102/><F102/><W80/><G101/><T83/><D83/><U51/><E51/><V95/><F95/><N who="3" m="56575" /><G80/><T99/><D67/><U37/><E37/><V108/><F118/><W134/><G134/><AGARI ba="0,0" hai="108,109,110,120,123,133,134,135" m="52231,16471" machi="134" ten="40,8000,1" yaku="14,1,20,1,52,1,54,1" doraHai="16" who="2" fromWho="3" sc="194,0,389,0,174,80,243,-80" owari="194,-20.6,389,48.9,254,5.4,163,-33.7" /></mjloggm>