<mjloggm ver="2.3"><GO type="225" lobby="0"/><UN n0="%E7%AD%89%E3%80%85%E5%8A%9B%E5%8A%87%E5%A0%B4" n1="%E3%83%8F%E3%82%AC%E3%82%BF%E3%82%AB%E3%81%AE%E3%81%88%E3%81%98%E3%81%8D" n2="%6D%75%75%6D%75%72%61" n3="%4E%49%4A%49%49%52%4F" dan="16,16,16,17" rate="2143.97,2181.26,2137.88,2240.95" sx="M,M,F,M"/><TAIKYOKU oya="0"/><INIT seed="0,0,0,3,1,107" ten="250,250,250,250" oya="0" hai0="12,122,121,86,20,29,26,45,53,6,101,74,69" hai1="40,91,23,112,97,93,75,109,52,65,67,51,60" hai2="17,106,117,129,90,132,68,80,16,126,1,114,88" hai3="50,119,39,33,10,124,133,24,11,5,72,55,42"/><T76/><D69/><U94/><E109/><V37/><RYUUKYOKU type="yao9" ba="0,0" sc="250,0,250,0,250,0,250,0" hai2="1,16,17,37,68,80,88,90,106,114,117,126,129,132" /><INIT seed="0,1,0,2,2,89" ten="250,250,250,250" oya="0" hai0="85,24,78,54,6,18,55,51,46,67,79,42,7" hai1="59,109,133,36,129,101,13,61,27,70,91,39,106" hai2="87,11,20,113,107,32,116,119,22,115,15,50,97" hai3="8,68,124,88,69,56,64,80,4,41,73,43,19"/><T111/><D67/><U35/><E91/><V120/><F87/><W121/><G121/><T94/><D111/><U12/><E59/><V84/><F84/><N who="3" m="50183" /><G73/><T40/><D85/><U134/><E109/><V58/><F97/><W21/><G68/><T75/><D75/><U49/><E49/><V108/><F107/><W104/><G104/><T17/><D51/><U3/><E129/><V96/><F96/><W26/><G69/><T77/><D46/><U9/><E13/><V44/><F58/><W131/><G131/><T29/><D29/><N who="1" m="19903" /><E12/><V117/><F120/><W114/><G124/><T0/><D24/><U66/><E9/><V48/><F32/><W53/><G114/><N who="2" m="43529" /><F108/><W81/><G64/><T82/><D78/><U16/><E3/><V86/><F86/><W98/><G81/><T126/><D82/><U123/><E16/><N who="2" m="8319" /><F50/><N who="3" m="30775" /><G98/><T110/><D110/><U1/><E1/><V105/><F105/><W10/><G4/><T128/><D0/><U102/><E123/><V62/><F62/><W76/><G76/><T127/><D128/><U38/><E106/><V93/><F93/><AGARI ba="1,0" hai="6,7,17,18,40,42,54,55,77,79,93,94,126,127" machi="93" ten="25,9600,0" yaku="22,2,52,2" doraHai="89" who="0" fromWho="2" sc="250,99,250,0,250,-99,250,0" /><INIT seed="0,2,0,5,3,16" ten="349,250,151,250" oya="0" hai0="68,125,75,118,121,38,44,96,10,51,65,81,108" hai1="83,61,117,59,70,105,27,12,32,52,78,102,69" hai2="128,100,14,19,49,114,84,37,106,2,0,1,46" hai3="99,29,97,95,57,40,79,26,90,82,64,47,20"/><T9/><D118/><U110/><E117/><V94/><F114/><W72/><G64/><T31/><D121/><U35/><E110/><V120/><F120/><W28/><G57/><T67/><D38/><U133/><E133/><V66/><F37/><W131/><G131/><T58/><D68/><U135/><E135/><V7/><F128/><W54/><G54/><T93/><D125/><U22/><E102/><V129/><F129/><W71/><G71/><T104/><D104/><U50/><E105/><V17/><F106/><W122/><G122/><T92/><D108/><U134/><E134/><V132/><F132/><W23/><G97/><T130/><D130/><U77/><E77/><V113/><F113/><W101/><G101/><T24/><D81/><U4/><E69/><V15/><F66/><W33/><REACH who="3" step="1"/><G28/><REACH who="3" ten="349,250,151,240" step="2"/><T76/><D31/><U126/><E70/><V98/><F84/><W39/><AGARI ba="2,1" hai="20,23,26,29,33,39,40,47,72,79,82,90,95,99" machi="39" ten="20,12000,2" yaku="1,1,2,1,0,1,7,1,52,2,53,1" doraHai="16" doraHaiUra="30" who="3" fromWho="3" sc="349,-62,250,-32,151,-32,240,136" /><INIT seed="1,0,0,0,0,11" ten="287,218,119,376" oya="1" hai0="6,83,118,50,66,72,71,122,3,41,89,109,117" hai1="108,92,23,64,24,51,76,21,17,99,88,102,82" hai2="86,37,87,8,134,74,56,104,13,79,114,124,106" hai3="91,112,38,28,101,94,123,65,18,75,121,2,49"/><U129/><E129/><V16/><F134/><W80/><G38/><T4/><D109/><U70/><E108/><V107/><F124/><W55/><G2/><T54/><D122/><U30/><E70/><V100/><F37/><W103/><G112/><T44/><D3/><U125/><E125/><V67/><F114/><W132/><G65/><T47/><D66/><U9/><E64/><V131/><F131/><W39/><G28/><T57/><D71/><U110/><E110/><V127/><F127/><W48/><G39/><T10/><D47/><U96/><E9/><V120/><F120/><W133/><G18/><T15/><D4/><U58/><E51/><V43/><F43/><W40/><G40/><T7/><D7/><U22/><E58/><V135/><F100/><W20/><G20/><T1/><D1/><U115/><E115/><V26/><F135/><W85/><G48/><T52/><D54/><U105/><REACH who="1" step="1"/><E30/><REACH who="1" ten="287,208,119,376" step="2"/><V63/><REACH who="2" step="1"/><F26/><REACH who="2" ten="287,208,109,376" step="2"/><W35/><G133/><T34/><D118/><U36/><E36/><V33/><F33/><W53/><G132/><T31/><D117/><U32/><E32/><V95/><F95/><W59/><G35/><T77/><D41/><U29/><E29/><V81/><AGARI ba="0,2" hai="8,13,16,56,63,67,74,79,81,86,87,104,106,107" machi="81" ten="40,8000,1" yaku="1,1,0,1,52,1,54,1,53,0" doraHai="11" doraHaiUra="113" who="2" fromWho="2" sc="287,-20,208,-40,109,100,376,-20" /><INIT seed="2,0,0,4,0,53" ten="267,168,209,356" oya="2" hai0="88,23,22,113,40,56,91,128,114,16,71,93,80" hai1="105,123,29,37,109,134,36,63,131,32,17,135,67" hai2="4,28,83,26,30,0,51,50,86,133,68,90,2" hai3="52,89,33,130,107,14,27,108,60,82,101,112,72"/><V66/><F133/><N who="1" m="50697" /><E17/><V79/><F68/><W55/><G130/><T13/><D71/><N who="1" m="42495" /><E131/><V125/><F125/><W127/><G108/><T84/><D128/><U69/><E109/><V48/><F66/><W31/><G127/><T118/><D118/><U11/><E11/><V3/><F4/><W43/><G112/><T95/><D40/><U110/><E110/><V46/><F46/><W49/><G14/><T124/><D124/><U74/><E69/><V122/><F122/><W100/><G43/><T45/><D45/><U54/><E54/><V61/><F61/><W57/><G107/><T62/><D23/><U132/><N who="1" m="50705" /><U47/><DORA hai="70" /><E47/><V121/><F121/><W12/><G12/><T15/><D15/><U10/><E123/><V115/><F115/><W19/><G19/><T1/><D1/><U99/><E74/><V25/><REACH who="2" step="1"/><F79/><REACH who="2" ten="267,168,199,356" step="2"/><W34/><G60/><T39/><D62/><U20/><E10/><V111/><F111/><W116/><G116/><T44/><D44/><U81/><E81/><V35/><F35/><W8/><G33/><T73/><D80/><U9/><E9/><V104/><F104/><W78/><G82/><T24/><D114/><U98/><E32/><V38/><F38/><N who="1" m="14953" /><E105/><V129/><F129/><W77/><G78/><T96/><D39/><U103/><E103/><V42/><F42/><W92/><G100/><T7/><D113/><U18/><E18/><V85/><F85/><W126/><G101/><T76/><D84/><U65/><E65/><V94/><F94/><W41/><G92/><T117/><D93/><U120/><E120/><RYUUKYOKU ba="0,1" sc="267,-15,168,15,199,15,356,-15" hai1="20,29,98,99" hai2="0,2,3,25,26,28,30,48,50,51,83,86,90" /><INIT seed="2,1,1,0,5,45" ten="252,183,214,341" oya="2" hai0="43,6,119,80,42,76,39,74,90,4,88,77,1" hai1="31,106,8,93,34,120,97,66,16,7,75,125,112" hai2="95,81,30,83,29,79,73,123,24,101,3,135,114" hai3="12,32,19,38,89,82,54,92,72,13,113,116,94"/><V25/><F114/><W103/><G38/><T50/><D39/><U60/><E112/><V36/><F123/><W130/><G32/><T91/><D119/><U46/><E75/><V17/><F135/><W59/><G116/><T121/><D121/><U71/><E120/><V21/><F36/><W20/><G130/><T0/><D91/><U44/><E125/><V111/><F3/><W52/><G113/><T18/><D80/><U58/><E106/><V98/><F111/><W129/><G129/><T108/><D74/><U40/><E71/><V85/><REACH who="2" step="1"/><F25/><REACH who="2" ten="252,183,204,341" step="2"/><W99/><G12/><T55/><D108/><U132/><E132/><V105/><F105/><W49/><G13/><T68/><D0/><U104/><E104/><V2/><F2/><W33/><G92/><T15/><D1/><U23/><E34/><V126/><F126/><W11/><G94/><T100/><D15/><N who="1" m="5535" /><E31/><V117/><F117/><W37/><G37/><T67/><D4/><U86/><E97/><V48/><F48/><W53/><G49/><T70/><D50/><U62/><E62/><V127/><F127/><W69/><G99/><T128/><D6/><U84/><E93/><V35/><F35/><W64/><G33/><T134/><D128/><U124/><E124/><V96/><F96/><W118/><G118/><T131/><D131/><U122/><E122/><V10/><F10/><W63/><G11/><T109/><D134/><U41/><E41/><V102/><F102/><W9/><G103/><T28/><D100/><U87/><E40/><V133/><F133/><W65/><G63/><T57/><D109/><RYUUKYOKU ba="1,2" sc="252,-15,183,15,204,15,341,-15" hai1="16,23,44,46,58,60,66,84,86,87" hai2="17,21,24,29,30,73,79,81,83,85,95,98,101" /><INIT seed="2,2,2,2,2,121" ten="237,198,219,326" oya="2" hai0="119,109,43,90,74,77,79,89,17,13,7,14,115" hai1="131,4,52,55,54,85,111,67,91,88,20,59,69" hai2="11,127,106,44,60,87,66,30,72,0,45,18,92" hai3="63,73,28,39,65,2,10,125,3,86,80,116,6"/><V70/><F106/><W108/><G116/><T26/><D115/><U46/><E131/><V113/><F113/><W99/><G125/><T118/><D43/><U114/><E114/><V53/><F72/><W5/><G39/><T34/><D7/><U123/><E123/><V15/><F127/><W31/><G73/><T50/><D74/><U8/><E69/><V57/><F0/><W122/><G122/><T32/><D50/><N who="1" m="28759" /><E111/><V132/><F132/><W68/><G99/><T40/><D40/><U19/><E8/><V95/><F30/><W37/><G108/><T120/><D120/><U48/><E4/><V12/><F12/><W29/><G37/><T41/><D41/><U134/><E134/><V126/><F126/><W97/><G97/><T128/><D26/><N who="1" m="14623" /><E67/><V78/><F70/><W25/><G6/><T107/><D107/><U47/><E85/><V104/><F104/><W135/><G135/><T49/><D49/><AGARI ba="2,2" hai="47,48,49,54,55,59,88,91" m="14623,28759" machi="49" ten="30,3900,0" yaku="8,1,54,2" doraHai="121" who="1" fromWho="0" sc="237,-45,198,65,219,0,326,0" /><INIT seed="3,0,0,1,0,64" ten="192,263,219,326" oya="3" hai0="120,37,97,78,129,126,12,135,58,9,108,7,67" hai1="74,34,134,8,95,118,132,86,31,73,29,63,109" hai2="36,81,53,39,79,105,60,47,87,30,10,99,115" hai3="14,83,103,51,21,18,17,101,66,76,44,128,104"/><W102/><G128/><T88/><D120/><U89/><E109/><V19/><F115/><W62/><G104/><T130/><D37/><U42/><E42/><V61/><F39/><W65/><G17/><T77/><D108/><U26/><E31/><V121/><F121/><W72/><REACH who="3" step="1"/><G62/><REACH who="3" ten="192,263,219,316" step="2"/><N who="0" m="38359" /><D135/><U123/><E63/><V50/><F61/><W56/><G56/><T96/><D126/><U35/><E123/><V46/><F60/><W59/><G59/><T24/><D130/><U127/><E127/><V112/><F105/><W84/><G84/><T16/><D129/><U116/><E86/><V119/><F112/><W33/><G33/><T125/><D125/><U70/><E35/><V92/><F119/><W23/><G23/><N who="0" m="13415" /><D97/><U43/><E118/><V20/><F99/><W131/><G131/><T133/><D133/><U124/><E34/><V28/><F87/><W85/><G85/><T71/><D71/><U2/><E70/><V15/><F92/><AGARI ba="0,1" hai="7,9,12,77,78,88,92,96" m="13415,38359" machi="92" ten="30,3900,0" yaku="8,1,54,2" doraHai="64" who="0" fromWho="2" sc="192,49,263,0,219,-39,316,0" owari="241,-15.9,263,6.3,180,-32.0,316,41.6" /></mjloggm>