<mjloggm ver="2.3"><GO type="225" lobby="0"/><UN n0="%72%69%6F%75%63%68%61%6E" n1="%E3%81%A9%E3%82%93%E3%82%88%E3%81%8F%4D%6B%2E%32" n2="%E3%80%93%E3%81%97%E3%83%BC%E3%82%89%E3%80%93" n3="%E3%82%B7%E3%83%A5%E3%83%9E%E3%82%A4%E3%82%B1%E3%83%AB" dan="16,16,16,16" rate="2135.21,2164.07,2160.17,2157.39" sx="M,M,M,M"/><TAIKYOKU oya="0"/><INIT seed="0,0,0,5,5,26" ten="250,250,250,250" oya="0" hai0="87,45,91,104,19,13,52,120,21,110,22,4,78" hai1="56,18,67,39,114,58,106,129,103,126,35,133,127" hai2="116,105,89,12,102,30,57,29,130,42,123,100,36" hai3="96,66,25,79,119,5,111,50,40,73,24,23,51"/><T68/><D120/><U72/><E72/><V55/><F123/><W132/><G119/><T117/><D117/><U27/><E39/><V47/><F116/><W83/><G111/><T1/><D68/><U109/><E109/><V95/><F130/><W80/><G25/><T15/><D110/><U20/><E114/><V60/><F12/><W16/><G132/><T134/><D104/><U75/><E75/><V121/><F121/><W135/><G135/><T9/><D134/><U8/><E133/><V10/><F10/><W124/><G124/><T2/><D78/><U28/><E8/><V59/><F105/><W6/><G83/><T53/><D45/><U94/><E106/><V62/><F102/><W65/><G96/><T46/><D46/><U61/><E129/><V122/><F100/><W99/><G99/><T43/><D43/><U92/><E58/><V17/><F17/><W115/><G115/><T76/><D76/><U82/><E82/><V69/><F69/><W84/><G73/><T77/><D77/><U93/><REACH who="1" step="1"/><E103/><REACH who="1" ten="250,240,250,250" step="2"/><V37/><F37/><W44/><REACH who="3" step="1"/><G51/><REACH who="3" ten="250,240,250,240" step="2"/><T88/><D1/><U118/><E118/><V90/><F122/><W63/><G63/><T64/><D2/><U0/><E0/><V108/><F108/><W81/><G81/><N who="0" m="49263" /><D91/><U3/><E3/><V112/><F112/><W34/><G34/><T41/><D13/><AGARI ba="0,2" hai="13,18,20,27,28,35,56,61,67,92,93,94,126,127" machi="13" ten="40,2600,0" yaku="1,1,52,1,53,0" doraHai="26" doraHaiUra="33" who="1" fromWho="0" sc="250,-26,240,46,250,0,240,0" /><INIT seed="1,0,0,5,3,93" ten="224,286,250,240" oya="1" hai0="74,34,89,133,127,35,32,129,128,60,76,121,11" hai1="77,2,14,91,45,73,64,44,69,33,67,19,88" hai2="23,120,57,78,42,30,41,61,90,109,125,43,37" hai3="132,117,100,104,86,8,1,13,126,48,135,50,113"/><U81/><E2/><V21/><F120/><W87/><G1/><T80/><D121/><U59/><E69/><V5/><F125/><W9/><G113/><T63/><D133/><U101/><E33/><V3/><F109/><W27/><G126/><T134/><D134/><N who="3" m="51241" /><G27/><T18/><D127/><U20/><E101/><V53/><F37/><W92/><G104/><T47/><D47/><U71/><E71/><V39/><F39/><W22/><G22/><T102/><D102/><U103/><E103/><V116/><F78/><W72/><G72/><T111/><D111/><U40/><E45/><V123/><F116/><W0/><G8/><T79/><D79/><U114/><E114/><V122/><F122/><W108/><G0/><T107/><D107/><U119/><E119/><V46/><F46/><W118/><G108/><T54/><D89/><U95/><E59/><V36/><F36/><W56/><G86/><T28/><D28/><U110/><E91/><V55/><F30/><W4/><G87/><T10/><D54/><U15/><E15/><V66/><F123/><W38/><G38/><T68/><D60/><U65/><E110/><V130/><F90/><W84/><G84/><T26/><D26/><U24/><E24/><V49/><F130/><N who="0" m="50282" /><D18/><U75/><E75/><V29/><F29/><W106/><G106/><T7/><D7/><U31/><E31/><V112/><F112/><W83/><G118/><T96/><D96/><N who="1" m="57447" /><E44/><N who="2" m="27815" /><F55/><N who="3" m="31847" /><G117/><T124/><D124/><U94/><E94/><V6/><F3/><W70/><G83/><T25/><D25/><U51/><E51/><V131/><F131/><RYUUKYOKU ba="0,0" sc="224,10,286,10,250,10,240,-30" hai0="10,11,32,34,35,63,68,74,76,80" hai1="14,19,20,40,64,65,67,73,77,81" hai2="5,6,21,23,41,42,43,57,61,66" /><INIT seed="1,1,0,4,2,115" ten="234,296,260,210" oya="1" hai0="12,65,98,36,90,37,35,69,42,134,47,73,113" hai1="80,109,132,59,41,118,58,85,38,11,116,0,125" hai2="131,16,95,88,87,63,19,122,126,107,123,7,76" hai3="130,96,102,56,127,86,78,67,50,4,33,112,44"/><U46/><E109/><V108/><F107/><W72/><G112/><T20/><D113/><U32/><E32/><V22/><F108/><W74/><G33/><T48/><D35/><U24/><E24/><V105/><F105/><W133/><G4/><T103/><D134/><U62/><E125/><V14/><F126/><W45/><G133/><T106/><D73/><U34/><E34/><V91/><F131/><W104/><G44/><T31/><D90/><U13/><E0/><V43/><F43/><W111/><G130/><T40/><D42/><U9/><E59/><V68/><F7/><W5/><G5/><T18/><REACH who="0" step="1"/><D31/><REACH who="0" ten="224,296,260,210" step="2"/><U120/><E132/><V135/><F135/><W26/><G127/><T27/><D27/><U77/><E120/><V57/><F91/><W2/><G26/><T89/><D89/><U10/><REACH who="1" step="1"/><E13/><REACH who="1" ten="224,286,260,210" step="2"/><V71/><F123/><W119/><G111/><T70/><D70/><U114/><E114/><V101/><F122/><W55/><G2/><T60/><AGARI ba="1,2" hai="12,18,20,36,37,40,47,48,60,65,69,98,103,106" machi="60" ten="30,2000,0" yaku="1,1,0,1,53,0" doraHai="115" doraHaiUra="6" who="0" fromWho="0" sc="224,43,286,-11,260,-6,210,-6" /><INIT seed="2,0,0,5,4,116" ten="267,275,254,204" oya="2" hai0="26,30,89,129,127,101,68,134,57,33,43,29,13" hai1="11,85,104,21,108,93,47,56,106,37,16,59,118" hai2="77,12,17,63,132,74,100,18,1,96,15,122,131" hai3="111,38,55,114,91,10,115,6,126,60,14,112,54"/><V82/><F1/><W109/><G38/><T51/><D68/><U48/><E118/><V103/><F131/><W32/><G32/><T46/><D129/><U97/><E37/><V117/><F117/><W125/><G91/><T7/><D127/><N who="3" m="48649" /><G60/><T40/><D134/><U64/><E85/><V124/><F132/><W28/><G28/><T87/><D29/><U98/><E11/><V53/><F124/><W75/><G75/><T99/><D57/><U65/><E108/><AGARI ba="0,0" hai="6,10,14,54,55,108,109,111,112,114,115" m="48649" machi="108" ten="40,5200,0" yaku="14,1,11,1,18,1" doraHai="116" who="3" fromWho="1" sc="267,0,275,-52,254,0,204,52" /><INIT seed="3,0,0,1,5,100" ten="267,223,254,256" oya="3" hai0="91,106,12,13,25,23,54,93,51,124,46,132,84" hai1="39,90,65,7,48,9,130,20,125,56,52,43,105" hai2="8,6,15,86,58,82,81,115,118,61,121,55,70" hai3="122,47,26,29,112,66,2,96,64,80,1,69,72"/><W76/><G112/><T45/><D124/><U89/><E125/><V116/><F115/><W85/><G122/><T30/><D132/><U34/><E34/><V38/><F121/><W71/><G64/><T129/><D129/><U53/><E130/><V17/><F38/><W42/><G85/><T99/><REACH who="0" step="1"/><D45/><REACH who="0" ten="257,223,254,256" step="2"/><U4/><E105/><V28/><F118/><W41/><G41/><T77/><D77/><U110/><E110/><V135/><F116/><W19/><G47/><T88/><D88/><N who="1" m="33899" /><E39/><V73/><F135/><W68/><G42/><T134/><D134/><U35/><E35/><V97/><F82/><W37/><G37/><T3/><D3/><U21/><E43/><V114/><F81/><W75/><G1/><T101/><AGARI ba="0,1" hai="12,13,23,25,30,46,51,54,84,91,93,99,101,106" machi="101" ten="30,4000,0" yaku="1,1,0,1,52,1,53,0" doraHai="100" doraHaiUra="57" who="0" fromWho="0" sc="257,50,223,-10,254,-10,256,-20" owari="307,40.7,213,-28.7,244,4.4,236,-16.4" /></mjloggm>