<mjloggm ver="2.3"><GO type="225" lobby="0"/><UN n0="%6B%65%6E%6E%64%69" n1="%E3%81%86%E3%82%8B%E3%81%8A%E3%81%A1%E3%82%83" n2="%E3%82%BC%E3%83%AB%E3%83%80%E3%81%AE%E4%BC%9D%E8%AA%AC" n3="%E3%83%AD%E3%83%83%E3%83%86%E9%9B%80%E7%90%83" dan="16,16,16,17" rate="2154.20,2079.20,2208.51,2213.85" sx="M,F,M,M"/><TAIKYOKU oya="0"/><INIT seed="0,0,0,5,1,112" ten="250,250,250,250" oya="0" hai0="103,99,113,2,132,107,96,9,127,58,26,83,111" hai1="31,135,123,73,29,92,93,84,72,36,105,7,125" hai2="18,4,52,129,6,88,35,1,15,126,61,134,94" hai3="63,131,12,14,48,0,104,46,56,54,24,19,51"/><T77/><D113/><U114/><E36/><V91/><F35/><W117/><G131/><T55/><D132/><U57/><E105/><V120/><F120/><W65/><G0/><T62/><D127/><U10/><E123/><V70/><F1/><W130/><G130/><T69/><D111/><U50/><E73/><V8/><F129/><W40/><G104/><T38/><D38/><U5/><E72/><V39/><F39/><W118/><G24/><T49/><D99/><U28/><E135/><V80/><F126/><W32/><G32/><T97/><D97/><U74/><E74/><V37/><F37/><W3/><G3/><T20/><D69/><U22/><E114/><V82/><F70/><W115/><G115/><T27/><D20/><U71/><E71/><V44/><F134/><W66/><G12/><T16/><D62/><U53/><E22/><V59/><F44/><W76/><G76/><T64/><D64/><U17/><E125/><V41/><F41/><W25/><G25/><T101/><D101/><U128/><E128/><V43/><F43/><W11/><REACH who="3" step="1"/><G66/><REACH who="3" ten="250,250,250,240" step="2"/><T86/><REACH who="0" step="1"/><D2/><REACH who="0" ten="240,250,250,240" step="2"/><U23/><E23/><V109/><F109/><W89/><G89/><T30/><D30/><U68/><E28/><V81/><REACH who="2" step="1"/><F91/><REACH who="2" ten="240,250,240,240" step="2"/><W85/><G85/><AGARI ba="0,3" hai="4,6,8,15,18,52,59,61,80,81,82,85,88,94" machi="85" ten="40,8000,1" yaku="1,1,2,1,8,1,54,2,53,0" doraHai="112" doraHaiUra="21" who="2" fromWho="3" sc="240,0,250,0,240,110,240,-80" /><INIT seed="1,0,0,2,2,35" ten="240,250,350,160" oya="1" hai0="76,110,7,68,54,29,108,123,82,43,6,13,14" hai1="57,50,55,92,60,20,93,122,111,120,96,23,133" hai2="88,19,58,62,52,4,97,21,103,115,2,37,126" hai3="101,117,129,113,42,74,65,127,8,41,30,39,40"/><U28/><E133/><V5/><F37/><W67/><G74/><T135/><D135/><U56/><E92/><V112/><F126/><W59/><G101/><T79/><D68/><U90/><E111/><N who="0" m="42537" /><D123/><U33/><E33/><V77/><F77/><N who="0" m="29770" /><D29/><U9/><E28/><V109/><F109/><W134/><G30/><T105/><D82/><U10/><E120/><V15/><F88/><W125/><G39/><T118/><D43/><U107/><E107/><N who="2" m="63983" /><F2/><W86/><G134/><T116/><D54/><U106/><E106/><V114/><AGARI ba="0,0" hai="4,5,15,19,21,52,58,62,112,114,115" m="63983" machi="114" ten="30,2000,0" yaku="11,1,54,1" doraHai="35" who="2" fromWho="2" sc="240,-5,250,-10,350,20,160,-5" /><INIT seed="2,0,0,3,5,26" ten="235,240,370,155" oya="2" hai0="129,19,38,29,40,75,42,121,81,107,98,127,108" hai1="39,99,66,69,51,89,92,8,82,25,95,61,109" hai2="84,126,124,65,58,50,17,125,10,53,35,48,128" hai3="80,88,106,115,86,2,24,122,16,93,135,67,103"/><V100/><F128/><W14/><G122/><T60/><D121/><U72/><E39/><V96/><F35/><W54/><G135/><T71/><D129/><U45/><E109/><V20/><F65/><W94/><G115/><T104/><D108/><U36/><E36/><V30/><F84/><W117/><G2/><T113/><D113/><U1/><E1/><V11/><F48/><W37/><G117/><T49/><D127/><U46/><E46/><V102/><F30/><W9/><G37/><T78/><D49/><U55/><E8/><V76/><F76/><W4/><G67/><N who="0" m="41447" /><D19/><U28/><E72/><V44/><F44/><W64/><G64/><T59/><D59/><U33/><E92/><V41/><F41/><W114/><G114/><T34/><D98/><U7/><E82/><V21/><F21/><N who="3" m="13351" /><G106/><T47/><D42/><U22/><REACH who="1" step="1"/><E7/><REACH who="1" ten="235,230,370,155" step="2"/><V112/><F112/><W70/><G70/><T77/><D77/><U111/><E111/><V13/><F124/><W62/><G103/><T68/><D68/><U43/><E43/><V118/><F102/><W101/><G101/><T134/><D134/><U52/><E52/><V131/><F131/><W83/><G94/><T63/><D107/><U97/><E97/><V120/><F126/><W27/><G27/><N who="0" m="18751" /><D104/><U23/><AGARI ba="0,1" hai="22,23,25,28,33,45,51,55,61,66,69,89,95,99" machi="23" ten="30,4000,0" yaku="1,1,0,1,52,1,53,0" doraHai="26" doraHaiUra="12" who="1" fromWho="1" sc="235,-10,230,50,370,-20,155,-10" /><INIT seed="3,0,0,1,1,109" ten="225,280,350,145" oya="3" hai0="43,131,36,63,76,125,73,18,118,72,107,133,100" hai1="75,44,113,88,56,58,45,77,41,105,10,39,11" hai2="101,120,7,97,59,57,14,1,19,70,83,99,126" hai3="119,28,15,26,34,37,50,35,90,62,102,23,84"/><W20/><G119/><T29/><D118/><U66/><E105/><V127/><F70/><W89/><G37/><T4/><D29/><U128/><E128/><V60/><F120/><W103/><G35/><T134/><D131/><U9/><E77/><V67/><F83/><W3/><G3/><T21/><D125/><N who="2" m="47626" /><F57/><W52/><G62/><T111/><D111/><U79/><E79/><V116/><F116/><W130/><G130/><T92/><D4/><U91/><E75/><V85/><F85/><W49/><G49/><T55/><D107/><U0/><E0/><V135/><F135/><N who="0" m="51722" /><D76/><U115/><E39/><V13/><F19/><N who="3" m="10367" /><G34/><T32/><D32/><U8/><E8/><N who="2" m="2159" /><F99/><W81/><G90/><N who="1" m="34346" /><E41/><V24/><F24/><W31/><G31/><T98/><D43/><U65/><E56/><AGARI ba="0,0" hai="23,26,28,50,52,56,81,84,89,102,103" m="10367" machi="56" ten="30,2900,0" yaku="8,1,54,1" doraHai="109" who="3" fromWho="1" sc="225,0,280,-29,350,0,145,29" /><INIT seed="3,1,0,4,1,51" ten="225,251,350,174" oya="3" hai0="22,80,63,123,16,89,115,93,41,90,74,97,24" hai1="70,119,45,99,95,102,116,130,84,7,127,120,78" hai2="3,87,101,20,13,126,133,114,58,106,103,29,55" hai3="43,0,61,19,56,9,81,35,47,52,40,49,86"/><W26/><G35/><T75/><D123/><U59/><E120/><V30/><F3/><W69/><G69/><T98/><D115/><U5/><E70/><V39/><F39/><W112/><G112/><T109/><D109/><U28/><E28/><V128/><F114/><W79/><G0/><T82/><D41/><U18/><E127/><V66/><F106/><W110/><G110/><T48/><D75/><U31/><E31/><N who="2" m="11787" /><F66/><W2/><G2/><T91/><D74/><U96/><E130/><V73/><F73/><W50/><G26/><T38/><D38/><U6/><E45/><V135/><F128/><W118/><G118/><N who="1" m="45098" /><E18/><N who="2" m="10319" /><F87/><W76/><G76/><T124/><D124/><U88/><E78/><V131/><F131/><W10/><G19/><T14/><D14/><U44/><E44/><AGARI ba="1,0" hai="9,10,40,43,44,47,49,50,52,56,61,79,81,86" machi="44" ten="40,12000,1" yaku="9,1,8,1,52,1,54,1" doraHai="51" who="3" fromWho="1" sc="225,0,251,-123,350,0,174,123" /><INIT seed="3,2,0,5,2,66" ten="225,128,350,297" oya="3" hai0="11,43,87,52,110,2,60,96,85,58,84,34,12" hai1="112,90,24,133,126,51,21,5,36,119,41,70,128" hai2="98,16,53,18,101,111,59,123,50,99,86,57,82" hai3="55,83,109,80,78,42,25,115,27,26,29,37,63"/><W72/><G115/><T15/><D34/><U104/><E51/><V81/><F111/><W69/><G109/><T4/><D110/><U102/><E90/><V75/><F123/><W73/><G29/><T89/><D43/><U19/><E19/><N who="2" m="7211" /><F75/><W6/><G6/><T116/><D116/><U39/><E5/><V38/><F38/><W67/><G55/><T22/><D22/><U132/><E24/><V61/><F101/><W40/><G37/><T9/><D9/><U92/><E92/><V23/><F23/><W127/><G127/><T88/><D96/><N who="2" m="36906" /><F86/><W120/><REACH who="3" step="1"/><G120/><REACH who="3" ten="225,128,350,287" step="2"/><T48/><D4/><U44/><E102/><V113/><F113/><W76/><AGARI ba="2,1" hai="25,26,27,40,42,63,67,69,72,73,76,78,80,83" machi="76" ten="30,12000,1" yaku="1,1,2,1,0,1,9,1,52,1,53,0" doraHai="66" doraHaiUra="30" who="3" fromWho="3" sc="225,-42,128,-42,350,-42,287,136" owari="183,-21.7,86,-41.4,308,10.8,423,52.3" /></mjloggm>