<mjloggm ver="2.3"><GO type="225" lobby="0"/><UN n0="%E9%89%A2%E5%B7%BB%E3%82%AC%E3%83%96" n1="%E6%97%A5%E6%9B%9C%E6%97%A5%E3%82%88%E3%82%8A%E3%81%AE%E4%BD%BF%E8%80%85" n2="%E5%AF%82%E5%AF%9E%E3%82%AE%E3%83%8D%E3%82%B9%E3%83%93%E3%83%BC%E3%83%AB" n3="%73%75%7A%75%6D%65%33" dan="16,18,16,17" rate="2131.35,2196.24,2152.90,2198.20" sx="M,M,M,M"/><TAIKYOKU oya="0"/><INIT seed="0,0,0,4,5,125" ten="250,250,250,250" oya="0" hai0="0,96,25,20,29,2,30,91,106,4,59,128,55" hai1="76,5,9,16,44,133,58,84,71,62,100,46,80" hai2="52,119,63,112,105,70,102,92,135,109,116,50,37" hai3="64,42,68,103,124,99,86,33,21,23,101,69,79"/><T48/><D4/><U61/><E133/><V134/><F105/><W7/><G124/><T115/><D115/><U117/><E117/><N who="2" m="45131" /><F112/><W14/><G33/><T51/><D29/><U110/><E110/><V126/><F126/><W66/><G42/><T6/><D6/><U24/><E100/><V130/><F92/><W111/><G111/><T93/><D128/><U15/><E71/><V22/><F22/><W94/><G103/><T3/><REACH who="0" step="1"/><D106/><REACH who="0" ten="240,250,250,250" step="2"/><U39/><E39/><V118/><F130/><W60/><G7/><T78/><D78/><U95/><E95/><V131/><F131/><W77/><G77/><T88/><D88/><U12/><E24/><V41/><F109/><W17/><G79/><T40/><D40/><U132/><E132/><V45/><F102/><W19/><G94/><T89/><D89/><U53/><REACH who="1" step="1"/><E62/><AGARI ba="0,1" hai="0,2,3,20,25,30,48,51,55,59,62,91,93,96" machi="62" ten="40,2000,0" yaku="1,1,53,0" doraHai="125" doraHaiUra="65" who="0" fromWho="1" sc="240,30,250,-20,250,0,250,0" /><INIT seed="0,1,0,0,2,112" ten="270,230,250,250" oya="0" hai0="32,3,58,110,91,40,107,122,24,39,84,21,89" hai1="57,76,88,35,16,134,75,94,1,113,120,38,51" hai2="56,10,125,45,5,124,81,133,104,80,106,130,53" hai3="50,63,132,119,60,69,128,67,46,28,19,101,68"/><T54/><D122/><U77/><E38/><V7/><F45/><W30/><G101/><T9/><D107/><N who="2" m="41002" /><F130/><W23/><G128/><T87/><D32/><U11/><E35/><V86/><F133/><W42/><G132/><T62/><D40/><U90/><E134/><V65/><F65/><W47/><G119/><T100/><D39/><U4/><E120/><V117/><F117/><W99/><G99/><T44/><D100/><U129/><E129/><V43/><F43/><W31/><G47/><T29/><D44/><U55/><E113/><V20/><F20/><W97/><G97/><T109/><D3/><U108/><E108/><N who="0" m="41577" /><D9/><U105/><E105/><V27/><F27/><W102/><G102/><T48/><D48/><U126/><E126/><N who="2" m="48747" /><F10/><W0/><G0/><T92/><D91/><U8/><E90/><N who="2" m="51527" /><F81/><W70/><REACH who="3" step="1"/><G67/><REACH who="3" ten="270,230,250,240" step="2"/><T15/><D15/><AGARI ba="1,1" hai="15,19,23,28,30,31,42,46,50,60,63,68,69,70" machi="15" ten="50,3200,0" yaku="1,1,2,1,53,0" doraHai="112" doraHaiUra="72" who="3" fromWho="0" sc="270,-35,230,0,250,0,240,45" /><INIT seed="1,0,0,2,4,9" ten="235,230,250,285" oya="1" hai0="81,129,123,118,67,90,52,1,53,56,80,59,103" hai1="127,34,63,25,128,94,73,104,106,66,51,97,96" hai2="68,91,84,122,27,29,46,58,85,92,116,79,12" hai3="36,108,28,114,133,43,57,62,120,93,48,65,134"/><U2/><E2/><V15/><F68/><W99/><G120/><T30/><D1/><U101/><E73/><V44/><F116/><W8/><G114/><T22/><D118/><U135/><E127/><V130/><F130/><W76/><G108/><T54/><D129/><U102/><E128/><V75/><F75/><W42/><G76/><T113/><D113/><U70/><E51/><V47/><F122/><W100/><G36/><T125/><D125/><U4/><E4/><V13/><F58/><W69/><G28/><T50/><D103/><U121/><E121/><V7/><F7/><W71/><G8/><T18/><D30/><N who="1" m="19791" /><E94/><V31/><F27/><W17/><G17/><T14/><D123/><U55/><E55/><N who="0" m="21065" /><D90/><U112/><E112/><V89/><F79/><W45/><REACH who="3" step="1"/><G43/><REACH who="3" ten="235,230,250,275" step="2"/><T21/><D21/><U11/><E11/><V110/><F110/><W38/><G38/><T33/><D33/><U87/><E87/><V126/><F126/><W119/><G119/><T64/><D64/><N who="1" m="41247" /><E135/><AGARI ba="0,1" hai="42,45,48,57,62,65,69,71,93,99,100,133,134,135" machi="135" ten="40,2600,0" yaku="1,1,20,1,53,0" doraHai="9" doraHaiUra="105" who="3" fromWho="1" sc="235,0,230,-26,250,0,275,36" /><INIT seed="2,0,0,5,4,85" ten="235,204,250,311" oya="2" hai0="106,50,16,21,97,38,131,70,113,41,31,128,111" hai1="20,83,64,96,102,62,134,58,11,60,14,39,79" hai2="130,25,23,101,104,98,17,4,93,82,73,123,55" hai3="47,72,119,110,75,0,22,18,69,103,54,112,53"/><V7/><F123/><W78/><G119/><T92/><D113/><U57/><E134/><V68/><F130/><N who="0" m="49706" /><D70/><U48/><E39/><V120/><F120/><W114/><G0/><T28/><D38/><U135/><E135/><V51/><F68/><W115/><G69/><T32/><D32/><U35/><E35/><V26/><F26/><W76/><G103/><T125/><D106/><U105/><E48/><V1/><F1/><W12/><G110/><T90/><D111/><U80/><E20/><V33/><F33/><W29/><G29/><T94/><D94/><U37/><E37/><V8/><F8/><W133/><G133/><T19/><D19/><U36/><E36/><V3/><F3/><W67/><G67/><T99/><D99/><U15/><E79/><N who="3" m="30250" /><G47/><N who="0" m="25967" /><D125/><U59/><E15/><AGARI ba="0,0" hai="15,16,21,28,31,90,92,97" m="25967,49706" machi="15" ten="30,3900,0" yaku="19,1,52,1,54,1" doraHai="85" who="0" fromWho="1" sc="235,39,204,-39,250,0,311,0" /><INIT seed="3,0,0,1,1,104" ten="274,165,250,311" oya="3" hai0="107,130,69,100,115,18,68,84,13,71,12,79,6" hai1="28,129,17,0,66,47,46,59,61,16,9,1,42" hai2="3,78,43,60,45,131,121,20,135,34,22,63,117" hai3="132,58,74,51,70,103,126,91,39,85,14,57,95"/><W38/><G74/><T64/><D130/><U133/><E129/><V83/><F34/><W101/><G70/><T30/><D30/><U40/><E133/><V119/><F3/><W2/><G2/><T53/><D100/><N who="3" m="38473" /><G132/><T93/><D107/><U92/><E28/><V124/><F135/><W26/><G126/><T110/><D110/><U113/><E113/><V27/><F124/><W24/><G39/><T21/><D64/><U31/><E31/><V96/><F96/><W116/><G38/><T81/><D93/><U55/><E92/><V125/><F20/><W7/><G116/><T97/><D97/><U123/><E123/><V56/><F63/><W89/><G89/><T50/><D115/><U105/><E105/><V35/><F45/><W48/><G48/><T88/><D79/><U25/><E0/><V76/><F27/><N who="3" m="10283" /><G51/><T80/><D80/><U67/><E1/><V94/><F83/><W65/><G65/><T44/><REACH who="0" step="1"/><D71/><REACH who="0" ten="264,165,250,311" step="2"/><U102/><E102/><V87/><F78/><W86/><G86/><T82/><D82/><U98/><E98/><V77/><F76/><W37/><G37/><T114/><D114/><U15/><E67/><V41/><F77/><W5/><G5/><T4/><D4/><U120/><E120/><V122/><F121/><W112/><G112/><T29/><D29/><U99/><E99/><V36/><F122/><W8/><AGARI ba="0,1" hai="7,8,14,57,58,85,91,95" m="10283,38473" machi="8" ten="30,1500,0" yaku="8,1" doraHai="104" who="3" fromWho="3" sc="264,-5,165,-5,250,-5,311,25" owari="259,5.9,160,-34.0,245,-15.5,336,43.6" /></mjloggm>