<mjloggm ver="2.3"><GO type="225" lobby="0"/><UN n0="%E6%98%93%E5%88%A9%E8%96%A9%E4%BC%AF" n1="%4B%2E%32%2E%4B%2E" n2="%E3%81%8B%E3%82%8F%E3%81%A1%E3%82%83%E3%82%93%35%38" n3="%E3%81%B5%E3%81%98%E3%81%8B%E3%81%A4" dan="16,16,17,16" rate="2092.23,2125.04,2194.40,2117.65" sx="F,M,M,M"/><TAIKYOKU oya="0"/><INIT seed="0,0,0,0,2,19" ten="250,250,250,250" oya="0" hai0="22,75,31,97,10,109,27,32,47,23,101,2,16" hai1="24,126,106,68,105,78,28,89,71,11,133,128,135" hai2="48,112,73,26,119,29,88,0,13,49,18,91,108" hai3="93,6,42,70,100,3,61,83,122,116,44,54,69"/><T127/><D127/><U58/><E126/><V9/><F112/><W50/><G116/><T125/><D125/><U12/><E128/><V79/><F119/><W36/><G83/><T55/><D75/><U51/><E78/><V84/><F108/><W117/><G117/><T15/><D109/><U111/><E111/><V8/><F73/><W7/><G122/><T82/><D82/><U103/><E89/><V123/><F123/><W43/><G43/><T120/><D120/><U14/><E51/><V41/><F91/><W57/><G3/><T63/><D2/><U20/><E58/><V130/><F79/><W30/><G30/><T72/><D72/><U40/><E40/><V92/><F130/><W114/><G114/><T104/><REACH who="0" step="1"/><D63/><REACH who="0" ten="240,250,250,250" step="2"/><U62/><E62/><V99/><F0/><W33/><G61/><T60/><D60/><U34/><E133/><V17/><F41/><W107/><G70/><T87/><D87/><U25/><E71/><V132/><F84/><W39/><G69/><T64/><D64/><U56/><E68/><V124/><F124/><W76/><G42/><T134/><D134/><U115/><E135/><V53/><F132/><W90/><G76/><T1/><D1/><U131/><E131/><V52/><F49/><AGARI ba="0,1" hai="10,15,16,22,23,27,31,32,47,49,55,97,101,104" machi="49" ten="40,12000,1" yaku="1,1,52,2,54,1,53,0" doraHai="19" doraHaiUra="121" who="0" fromWho="2" sc="240,130,250,0,250,-120,250,0" /><INIT seed="0,1,0,2,3,35" ten="370,250,130,250" oya="0" hai0="9,120,44,60,128,36,119,12,53,86,6,78,77" hai1="52,130,81,25,1,17,16,3,110,54,41,99,49" hai2="43,133,129,24,30,70,87,38,93,28,108,103,71" hai3="19,74,117,101,112,121,69,135,59,21,90,92,75"/><T0/><D119/><U102/><E110/><V96/><F108/><W33/><G69/><T82/><D120/><U79/><E130/><V14/><F129/><W113/><G33/><T91/><D128/><U4/><E41/><V51/><F133/><W76/><G117/><T26/><D26/><U134/><E134/><V104/><F30/><W80/><G135/><T73/><D12/><U62/><E62/><V67/><F38/><W31/><G31/><T131/><D131/><U98/><E4/><V15/><F43/><W22/><G121/><T106/><D106/><U66/><E66/><V115/><F51/><W40/><G40/><T42/><REACH who="0" step="1"/><D73/><REACH who="0" ten="360,250,130,250" step="2"/><U57/><E1/><V13/><F115/><W83/><G74/><T132/><D132/><U105/><E3/><V125/><F14/><W46/><G75/><T50/><D50/><N who="1" m="30935" /><E25/><V37/><F13/><W47/><G113/><T23/><D23/><U65/><E105/><V100/><F15/><W94/><G22/><T109/><D109/><U20/><E20/><V126/><F24/><W10/><G21/><T64/><D64/><U88/><E65/><V127/><F67/><W63/><G112/><T5/><D5/><U56/><E17/><V18/><F18/><W58/><G19/><T122/><D122/><U61/><E16/><V34/><F28/><W29/><G29/><T48/><D48/><U97/><E49/><V8/><F34/><W39/><G63/><T2/><D2/><U107/><E107/><N who="2" m="63879" /><F37/><W27/><G27/><T7/><D7/><U72/><E102/><V32/><F103/><W116/><G101/><RYUUKYOKU ba="1,1" sc="360,15,250,15,130,-15,250,-15" hai0="0,6,9,36,42,44,53,60,77,78,82,86,91" hai1="52,56,61,72,79,81,88,97,98,99" /><INIT seed="0,2,1,0,2,102" ten="375,265,115,235" oya="0" hai0="128,104,78,37,8,67,91,84,107,22,36,47,40" hai1="3,77,76,93,54,131,96,53,72,74,108,46,111" hai2="86,60,23,34,95,29,81,80,116,32,94,90,97" hai3="58,124,110,89,45,134,65,4,50,125,105,79,135"/><T12/><D128/><U98/><E3/><V113/><F113/><W49/><G79/><N who="1" m="30282" /><E46/><V99/><F116/><W82/><G89/><T101/><D78/><U114/><E93/><V39/><F39/><W1/><G82/><N who="2" m="31849" /><F32/><W21/><G21/><T68/><D37/><U118/><E118/><V19/><F34/><W20/><G20/><T33/><D33/><U66/><E66/><V133/><F133/><N who="3" m="50699" /><G4/><T73/><D73/><N who="1" m="28267" /><E131/><V62/><F29/><W51/><G1/><T13/><D101/><U25/><E25/><N who="2" m="14591" /><F99/><N who="1" m="37929" /><E114/><V42/><F42/><W61/><G45/><T121/><D22/><U117/><E117/><V17/><F17/><W14/><G14/><T92/><D13/><U56/><E56/><V38/><F38/><W48/><G48/><T10/><D10/><U70/><E70/><V129/><F129/><W87/><G87/><T30/><D30/><U69/><E69/><V26/><F26/><W83/><G83/><T88/><D67/><U0/><E0/><V85/><F85/><W27/><G27/><T126/><D84/><U57/><E57/><V9/><F9/><W55/><G65/><T109/><D8/><U106/><E106/><V132/><F132/><W24/><G24/><T7/><D107/><U115/><E115/><V15/><F15/><W11/><G11/><T41/><D104/><U6/><E6/><V63/><F97/><W123/><G105/><T130/><D41/><U28/><E28/><V122/><F95/><W2/><G2/><T103/><D12/><U71/><E71/><V75/><F75/><W52/><G58/><T64/><D68/><RYUUKYOKU ba="2,1" sc="375,-15,265,15,115,15,235,-15" hai1="53,54,108,111" hai2="60,62,63,86,90,94,122" /><INIT seed="1,3,1,0,1,12" ten="360,280,130,220" oya="1" hai0="62,67,65,52,91,11,102,55,92,39,5,48,119" hai1="23,76,103,17,128,94,29,89,6,79,86,107,13" hai2="131,24,58,64,1,10,31,47,63,126,97,37,124" hai3="81,40,30,18,78,73,56,26,130,22,69,4,109"/><U25/><E128/><V42/><F131/><W83/><G69/><T96/><D39/><U60/><E6/><V77/><F77/><W125/><G130/><T38/><D38/><U116/><E116/><V50/><F97/><W44/><G125/><N who="2" m="48233" /><F1/><W28/><G109/><T84/><D119/><U100/><E60/><V104/><F104/><W7/><G56/><N who="0" m="35079" /><D11/><U2/><E2/><V133/><F10/><W41/><G83/><N who="0" m="49567" /><D5/><U66/><E66/><V33/><F133/><W105/><G105/><T74/><D74/><U9/><REACH who="1" step="1"/><E107/><REACH who="1" ten="360,270,130,220" step="2"/><V110/><F110/><W134/><G134/><T53/><D53/><U27/><E27/><V111/><F111/><W15/><G4/><T68/><D68/><U43/><E43/><V117/><F117/><W122/><G40/><T54/><D54/><U114/><E114/><V88/><F37/><W72/><G122/><T127/><D127/><U57/><E57/><AGARI ba="3,2" hai="48,55,57,65,67,92,96,102" m="49567,35079" machi="57" ten="30,2000,0" yaku="8,1,54,1" doraHai="12" who="0" fromWho="1" sc="360,49,270,-29,130,0,220,0" /><INIT seed="2,0,0,3,5,92" ten="409,241,130,220" oya="2" hai0="75,23,67,102,49,35,87,120,29,128,3,0,9" hai1="34,17,82,114,104,119,118,8,44,122,53,36,86" hai2="112,27,72,51,58,131,18,132,90,40,135,110,4" hai3="32,79,10,70,84,106,16,47,30,76,69,45,74"/><V46/><F112/><W52/><G106/><T103/><D75/><U55/><E34/><V59/><F72/><W129/><G74/><T54/><D35/><U80/><E104/><V25/><F4/><W64/><G32/><T121/><D67/><U124/><E114/><V11/><F90/><W73/><G73/><T115/><D128/><U107/><E107/><V15/><F131/><W21/><G129/><T28/><D87/><U101/><E101/><V99/><F110/><W130/><G130/><T71/><D71/><U63/><E124/><V85/><F85/><W43/><G64/><T6/><D3/><U12/><E80/><V19/><F99/><W125/><G125/><T50/><D50/><N who="1" m="28871" /><E36/><V100/><F100/><W117/><G117/><T20/><D103/><U88/><E122/><V77/><F77/><W89/><G70/><T42/><D102/><U96/><E96/><V93/><F93/><N who="3" m="54439" /><G30/><T60/><D121/><U1/><E1/><V14/><F132/><W26/><G10/><T41/><D120/><U5/><E5/><V2/><F135/><W81/><G69/><T13/><D0/><U94/><E94/><V62/><F2/><W97/><G97/><T65/><D29/><U31/><E31/><V66/><REACH who="2" step="1"/><F59/><AGARI ba="0,0" hai="8,12,17,55,59,63,82,86,88,118,119" m="28871" machi="59" ten="30,2000,0" yaku="25,1,54,1" doraHai="92" who="1" fromWho="2" sc="409,0,241,20,130,-20,220,0" /><INIT seed="3,0,0,4,3,68" ten="409,261,110,220" oya="3" hai0="115,77,126,19,59,46,90,117,21,67,33,96,109" hai1="99,108,18,43,24,14,80,39,114,47,63,133,131" hai2="74,40,42,66,130,20,120,0,31,45,56,28,132" hai3="65,110,76,88,72,4,37,13,93,41,49,73,25"/><W32/><G65/><T44/><D33/><U26/><E114/><V2/><F56/><W113/><G113/><T129/><D117/><U9/><E108/><V27/><F66/><W17/><G110/><T51/><D129/><U70/><E131/><V91/><F130/><W36/><G4/><T58/><D126/><U104/><E133/><V55/><F74/><W34/><G49/><T86/><D77/><U84/><E70/><V122/><F45/><W61/><G41/><T5/><D96/><U16/><E63/><V121/><F132/><W106/><G61/><N who="0" m="38327" /><D5/><U8/><E99/><V23/><F55/><W101/><G34/><T83/><D115/><U98/><E98/><V3/><F91/><W69/><G69/><T60/><D51/><U79/><E104/><V85/><F85/><N who="3" m="52367" /><G25/><N who="0" m="14527" /><D109/><U103/><E103/><V134/><F134/><W105/><G32/><T78/><D78/><U102/><E102/><V22/><REACH who="2" step="1"/><F27/><REACH who="2" ten="409,261,100,220" step="2"/><W111/><G73/><T112/><D112/><U81/><E26/><V87/><F87/><W54/><G72/><T29/><D29/><AGARI ba="0,1" hai="0,2,3,20,22,23,28,29,31,40,42,120,121,122" machi="29" ten="60,12000,2" yaku="1,1,29,2,28,2,13,1,53,0" doraHai="68" doraHaiUra="7" who="2" fromWho="0" sc="409,-120,261,0,100,130,220,0" /><INIT seed="4,0,0,3,5,101" ten="289,261,230,220" oya="0" hai0="96,82,130,78,44,34,102,118,29,13,51,0,39" hai1="85,59,10,37,125,61,20,56,77,117,86,112,124" hai2="65,80,9,31,49,76,26,113,68,90,7,17,32" hai3="47,21,19,74,115,38,87,116,27,134,42,22,127"/><T108/><D0/><U58/><E117/><V36/><F36/><W126/><G116/><T129/><D39/><U33/><E33/><V111/><F111/><W14/><G74/><T109/><D118/><U97/><E37/><V40/><F113/><W35/><G115/><T99/><D13/><U67/><E112/><V52/><F40/><W114/><G114/><T60/><D60/><U2/><E20/><V66/><F90/><W23/><G134/><T135/><D99/><U84/><E77/><V131/><F17/><W121/><G121/><T70/><D70/><U100/><E10/><V43/><F43/><W128/><G128/><N who="0" m="49259" /><D29/><U75/><E75/><V69/><F69/><W79/><G87/><N who="0" m="48599" /><D34/><U15/><E15/><V71/><F71/><W98/><G98/><T123/><D135/><U132/><E2/><V122/><F68/><W73/><G73/><T83/><D83/><U5/><E5/><V105/><F131/><W16/><G79/><T72/><D72/><U4/><E4/><V133/><F133/><W1/><G1/><T57/><D57/><U8/><E8/><V18/><F18/><N who="3" m="12791" /><G35/><T88/><D88/><U53/><E132/><V41/><F7/><W30/><G30/><T55/><D123/><U64/><E64/><N who="2" m="24683" /><F122/><W6/><G6/><T62/><D62/><U28/><E28/><V11/><F105/><AGARI ba="0,0" hai="44,51,55,96,102,105,108,109" m="48599,49259" machi="105" ten="30,2900,0" yaku="19,1,52,1" doraHai="101" who="0" fromWho="2" sc="289,29,261,0,230,-29,220,0" owari="318,41.8,261,6.1,201,-29.9,220,-18.0" /></mjloggm>