<mjloggm ver="2.3"><GO type="225" lobby="0"/><UN n0="%72%61%6B%33" n1="%E2%91%A3%E9%81%BF%E9%81%8A%E6%88%AF%E3%80%90%E6%9D%B1%E5%8D%97%E3%80%91" n2="%48%61%61%61%6C%61%6E%64" n3="%E9%80%86%E9%80%A3%E5%B8%AF%E3%81%AE%E9%AC%BC" dan="16,16,17,16" rate="2213.49,2088.69,2139.02,2149.66" sx="M,M,M,M"/><TAIKYOKU oya="0"/><INIT seed="0,0,0,2,0,26" ten="250,250,250,250" oya="0" hai0="128,96,87,65,17,112,110,132,46,74,61,51,107" hai1="28,47,11,57,29,101,70,120,89,56,114,4,84" hai2="102,85,63,104,25,35,21,27,18,118,64,55,24" hai3="113,105,30,66,100,81,75,45,123,91,12,15,50"/><T5/><D112/><U41/><E70/><V78/><F118/><W115/><G123/><T131/><D74/><U83/><E120/><V94/><F55/><W127/><G127/><T19/><D132/><U119/><E119/><V33/><F104/><W76/><G66/><T133/><D133/><U53/><E101/><V6/><F6/><W134/><G134/><T58/><D5/><U36/><E114/><V77/><F33/><W37/><G37/><T14/><D87/><U121/><E121/><V52/><F64/><W99/><G91/><T32/><D32/><U98/><E98/><N who="2" m="59735" /><F35/><W10/><G12/><T2/><D2/><U48/><REACH who="1" step="1"/><E57/><REACH who="1" ten="250,240,250,250" step="2"/><N who="2" m="35239" /><F85/><W88/><G115/><T67/><D96/><U86/><E86/><V16/><F18/><W9/><G113/><T54/><D17/><U38/><E38/><V13/><AGARI ba="0,1" hai="13,16,21,24,25,27,77,78" m="35239,59735" machi="13" ten="30,4000,0" yaku="8,1,54,2" doraHai="26" who="2" fromWho="2" sc="250,-20,240,-10,250,50,250,-10" /><INIT seed="1,0,0,3,0,36" ten="230,230,300,240" oya="1" hai0="53,23,78,109,49,132,30,123,126,34,93,48,91" hai1="71,128,66,129,15,18,87,110,133,52,81,85,5" hai2="6,4,119,51,10,35,47,92,25,70,57,106,26" hai3="20,131,116,12,103,121,122,79,113,130,68,120,90"/><U50/><E5/><V28/><F119/><W99/><G68/><T135/><D34/><U14/><E133/><V38/><F106/><W39/><G39/><T94/><D109/><U117/><E117/><V11/><F70/><W65/><G116/><T124/><D78/><U125/><E125/><N who="0" m="48233" /><D30/><U67/><E110/><V46/><F26/><W96/><G65/><N who="1" m="24586" /><E71/><V100/><F38/><W42/><G113/><T59/><D23/><N who="1" m="11735" /><E15/><V54/><F10/><W24/><G79/><T56/><D123/><U0/><E0/><V19/><F19/><W75/><G75/><T118/><D118/><U104/><E104/><V115/><F115/><W27/><G12/><T40/><D59/><N who="1" m="33175" /><E81/><V16/><F4/><W64/><G121/><T105/><D105/><U41/><E41/><V80/><F80/><W61/><G122/><T17/><D40/><U107/><E107/><V1/><F16/><W2/><G120/><T73/><D17/><U69/><E69/><V101/><F35/><W37/><G2/><T44/><D73/><U134/><E134/><V111/><F28/><W9/><G9/><T77/><D135/><U88/><E87/><V112/><F111/><W60/><G20/><T127/><D132/><U22/><E22/><V86/><F112/><W8/><G8/><T62/><D127/><U45/><E45/><N who="2" m="16907" /><F25/><W97/><G24/><T95/><D44/><U98/><E98/><V83/><F83/><W74/><G27/><T55/><D56/><U89/><E85/><V32/><F32/><W72/><G72/><T84/><D84/><U63/><E63/><V58/><F58/><RYUUKYOKU ba="0,0" sc="230,-15,230,15,300,15,240,-15" hai1="88,89,128,129" hai2="1,6,11,51,54,57,86,92,100,101" /><INIT seed="1,1,0,4,1,64" ten="215,245,315,225" oya="1" hai0="133,73,61,39,17,31,102,88,97,96,14,74,83" hai1="81,105,72,16,112,120,6,89,27,63,91,124,82" hai2="107,93,5,30,77,118,117,43,29,127,115,60,111" hai3="36,129,35,32,108,70,100,71,103,13,126,121,76"/><U44/><E120/><V23/><F107/><W21/><G121/><T119/><D119/><U2/><E112/><V113/><F111/><W46/><G108/><T51/><D39/><U67/><E105/><V94/><F43/><W52/><G129/><T55/><D133/><U131/><E131/><V106/><F106/><W125/><G76/><T80/><D31/><N who="2" m="11786" /><F77/><W0/><G0/><T68/><D74/><U98/><E72/><V45/><F45/><W62/><G36/><T86/><D80/><U130/><E130/><V49/><F49/><W26/><G13/><T25/><D25/><U122/><E122/><V69/><F23/><W110/><G110/><T87/><D87/><U90/><E98/><V33/><F5/><W78/><G78/><T101/><D73/><U7/><E44/><V42/><F42/><W15/><G15/><T135/><D135/><U75/><E124/><N who="3" m="47722" /><G32/><T84/><D84/><U22/><E75/><V1/><F1/><W12/><G12/><T10/><D97/><U85/><E2/><V116/><F33/><W11/><G11/><T4/><D4/><N who="1" m="1579" /><E85/><V18/><F127/><W34/><G34/><T128/><D128/><U9/><E9/><V50/><F113/><W65/><G35/><T24/><D24/><U53/><E67/><N who="2" m="41191" /><F115/><W41/><G71/><T38/><D38/><U20/><E20/><V58/><F116/><W66/><G66/><N who="0" m="41039" /><D96/><U56/><AGARI ba="1,0" hai="16,22,27,53,56,63,81,82,89,90,91" m="1579" machi="56" ten="30,3000,0" yaku="8,1,54,1" doraHai="64" who="1" fromWho="1" sc="215,-11,245,33,315,-11,225,-11" /><INIT seed="1,2,0,4,3,2" ten="204,278,304,214" oya="1" hai0="29,33,108,51,119,110,64,24,37,27,131,130,80" hai1="126,99,115,103,90,48,25,102,32,81,62,47,15" hai2="31,100,88,23,113,129,134,92,18,39,82,7,98" hai3="75,123,61,70,28,127,8,77,74,71,46,17,83"/><U117/><E117/><V76/><F39/><W109/><G123/><T101/><D37/><U16/><E115/><V120/><F120/><W133/><G127/><T45/><D64/><U36/><E126/><V21/><F113/><W107/><G133/><T14/><D101/><U19/><E36/><V89/><F134/><W86/><G109/><N who="0" m="42091" /><D80/><U111/><E111/><V22/><F129/><N who="0" m="49162" /><D51/><U67/><E32/><V68/><F68/><W38/><G107/><T124/><D45/><U59/><E25/><V26/><F7/><W105/><G105/><T30/><D124/><U0/><E0/><V57/><F57/><W93/><G71/><T122/><D122/><U41/><E19/><V87/><REACH who="2" step="1"/><F18/><REACH who="2" ten="204,278,294,214" step="2"/><W118/><G17/><T52/><D119/><U85/><E99/><V42/><F42/><W49/><G70/><T84/><D52/><U95/><REACH who="1" step="1"/><E81/><REACH who="1" ten="204,268,294,214" step="2"/><V63/><F63/><W60/><G61/><T20/><D84/><U54/><E54/><V5/><F5/><W96/><G60/><T4/><D4/><U34/><E34/><AGARI ba="2,2" hai="21,22,23,26,31,34,76,82,87,88,89,92,98,100" machi="34" ten="40,2600,0" yaku="1,1,54,1,53,0" doraHai="2" doraHaiUra="13" who="2" fromWho="1" sc="204,0,268,-32,294,52,214,0" /><INIT seed="2,0,0,4,3,129" ten="204,236,346,214" oya="2" hai0="98,52,9,36,51,58,59,0,17,81,67,103,30" hai1="96,77,24,128,43,95,82,76,53,50,80,125,93" hai2="38,119,109,44,104,135,60,133,8,48,122,114,107" hai3="117,21,20,84,63,91,72,13,85,16,39,41,121"/><V78/><F114/><W101/><G121/><T73/><D36/><U33/><E128/><V79/><F122/><W97/><G117/><T100/><D30/><U66/><E125/><V120/><F120/><W113/><G72/><T65/><D100/><U14/><E66/><V102/><F119/><W34/><G34/><T45/><D65/><U46/><E33/><V19/><F38/><W90/><G113/><T11/><D0/><U69/><E69/><V112/><F60/><W15/><G63/><T32/><D32/><U123/><E24/><V7/><F19/><W131/><G131/><T108/><D108/><U88/><E123/><V74/><F112/><W23/><G41/><T99/><D99/><U54/><E95/><V37/><F109/><W10/><G39/><T134/><D134/><N who="2" m="51210" /><F37/><W31/><G31/><T26/><D17/><U47/><E47/><V42/><F74/><W130/><G130/><T3/><D45/><U28/><E28/><V12/><F102/><W116/><G116/><T124/><D73/><U127/><E127/><V55/><F42/><W71/><G71/><T61/><D103/><U1/><E43/><V83/><F83/><W40/><G40/><T94/><D81/><U126/><E82/><V27/><F27/><W57/><G101/><N who="0" m="60631" /><D26/><U132/><E80/><V5/><F5/><W89/><G16/><T87/><D124/><U22/><E126/><V75/><F75/><W35/><G35/><T29/><D29/><U106/><E132/><V111/><F111/><W6/><G6/><N who="0" m="1247" /><D11/><U68/><E77/><AGARI ba="0,0" hai="7,8,12,44,48,55,77,78,79,104,107" m="51210" machi="77" ten="30,11600,0" yaku="20,1,52,3" doraHai="129" who="2" fromWho="1" sc="204,0,236,-116,346,116,214,0" /><INIT seed="2,1,0,1,4,90" ten="204,120,462,214" oya="2" hai0="8,64,132,106,17,126,7,84,4,26,56,135,9" hai1="43,76,12,34,65,110,27,51,80,101,120,102,55" hai2="3,39,57,66,16,134,18,104,91,100,33,49,10" hai3="127,48,88,71,61,14,89,123,24,6,79,113,36"/><V129/><F39/><W37/><G123/><T108/><D106/><U42/><E120/><V40/><F33/><W119/><G119/><T77/><D84/><U70/><E110/><V92/><F129/><W19/><G127/><T63/><D77/><U53/><E70/><V107/><F134/><W25/><G113/><T45/><D108/><U124/><E65/><V30/><F30/><W105/><G105/><T118/><D126/><U2/><E124/><V83/><F83/><W122/><G122/><T114/><D114/><U32/><E2/><V68/><F68/><W96/><G79/><T23/><D118/><U44/><E34/><V31/><F31/><W111/><G111/><T46/><D8/><U5/><E32/><V21/><F100/><N who="1" m="38505" /><E27/><V11/><F3/><W87/><G6/><N who="0" m="2091" /><D9/><N who="1" m="4143" /><E43/><V50/><F40/><W62/><G71/><T81/><D135/><U93/><E93/><V82/><F82/><W67/><G37/><T112/><D132/><U69/><E69/><V103/><F107/><W125/><G67/><T133/><D133/><U94/><E94/><V131/><F66/><W116/><G36/><T72/><D112/><U99/><E99/><V130/><F104/><W86/><G96/><T73/><D73/><U85/><AGARI ba="1,0" hai="42,44,51,53,55,76,80,85" m="4143,38505" machi="85" ten="30,2000,0" yaku="25,1,8,1" doraHai="90" who="1" fromWho="1" sc="204,-6,120,23,462,-11,214,-6" /><INIT seed="3,0,0,2,5,70" ten="198,143,451,208" oya="3" hai0="25,21,135,32,62,119,1,42,111,102,34,16,28" hai1="13,107,54,71,88,114,86,50,133,19,123,53,116" hai2="6,96,9,126,89,47,27,101,74,15,99,134,26" hai3="98,72,109,94,45,38,30,130,105,113,61,23,46"/><W39/><G113/><T91/><D119/><U100/><E114/><V7/><F74/><W90/><G130/><T51/><D1/><U106/><E123/><V120/><F120/><W69/><G72/><T22/><D111/><U18/><E71/><V76/><F76/><W17/><G109/><T35/><D135/><U8/><E133/><V57/><F126/><W79/><G79/><T40/><D102/><U73/><E73/><V78/><F78/><W31/><G105/><T97/><D62/><U80/><E116/><V59/><F6/><W43/><G46/><T128/><D51/><U14/><E100/><V52/><F134/><W115/><G39/><T77/><D77/><U85/><E85/><V11/><F11/><W49/><G49/><T0/><D0/><U125/><E125/><V93/><F59/><W108/><G108/><T104/><D128/><U68/><E68/><V48/><F57/><W82/><G82/><T56/><D56/><U12/><E54/><V127/><F127/><W110/><G110/><T131/><D131/><U112/><E112/><V95/><AGARI ba="0,0" hai="7,9,15,26,27,47,48,52,89,93,95,96,99,101" machi="95" ten="20,5200,0" yaku="0,1,7,1,8,1,54,1" doraHai="70" who="2" fromWho="2" sc="198,-13,143,-13,451,52,208,-26" owari="185,-1.5,130,-37.0,503,60.3,182,-21.8" /></mjloggm>