<mjloggm ver="2.3"><GO type="225" lobby="0"/><UN n0="%E5%A4%9C%E5%85%89%E5%A4%A9%E6%A5%BC" n1="%E3%83%81%E3%83%AF%E3%83%AF%E9%9A%8A%E9%95%B7" n2="%E3%82%BC%E3%83%AB%E3%83%80%E3%81%AE%E4%BC%9D%E8%AA%AC" n3="%77%72%77%72%77%72%77%72" dan="17,16,17,17" rate="2162.20,2072.19,2203.94,2206.44" sx="F,M,M,M"/><TAIKYOKU oya="0"/><INIT seed="0,0,0,2,3,20" ten="250,250,250,250" oya="0" hai0="0,92,63,5,70,83,93,7,99,103,64,48,61" hai1="31,57,119,56,115,24,2,71,129,84,80,116,77" hai2="107,11,30,54,106,10,76,3,60,15,131,67,96" hai3="105,128,135,12,62,69,101,39,32,72,44,98,35"/><T14/><D0/><U121/><E71/><V38/><F38/><W49/><G128/><T118/><D118/><U122/><E2/><V36/><F36/><W114/><G114/><T25/><D63/><U47/><E115/><V33/><F131/><W4/><G135/><T55/><D83/><U104/><E104/><V132/><F132/><W94/><G72/><T108/><D108/><U46/><E129/><V88/><F76/><W126/><G126/><T91/><D14/><U102/><E102/><V113/><F54/><W82/><G82/><T123/><D25/><U127/><E127/><V9/><F3/><W45/><G39/><T53/><D123/><U21/><E121/><V111/><F111/><W75/><G44/><T52/><REACH who="0" step="1"/><D48/><REACH who="0" ten="240,250,250,250" step="2"/><U22/><E122/><V66/><F15/><W34/><G62/><T97/><AGARI ba="0,1" hai="5,7,52,53,55,61,64,70,91,92,93,97,99,103" machi="97" ten="30,11700,0" yaku="1,1,2,1,0,1,54,1,53,0" doraHai="20" doraHaiUra="23" who="0" fromWho="0" sc="240,127,250,-39,250,-39,250,-39" /><INIT seed="0,1,0,4,2,49" ten="367,211,211,211" oya="0" hai0="6,8,79,121,0,76,105,17,70,115,24,46,94" hai1="67,56,44,10,132,103,33,50,123,7,128,77,124" hai2="58,25,90,59,96,36,31,4,39,133,30,42,92" hai3="38,87,100,107,126,27,113,22,29,12,120,129,32"/><T78/><D115/><U62/><E33/><V125/><F125/><W71/><G113/><T35/><D121/><U28/><E123/><V5/><F133/><W80/><G120/><T9/><D105/><U88/><E132/><V1/><F1/><W83/><G126/><T86/><D70/><U60/><E124/><V95/><F96/><W108/><G108/><T99/><D9/><U15/><E128/><V135/><F135/><W82/><G129/><T52/><D86/><U106/><E28/><V72/><F90/><W54/><G38/><T93/><D35/><U41/><E77/><V11/><F11/><W45/><G71/><T102/><D94/><U20/><E20/><V47/><F47/><W110/><G110/><T51/><D24/><U63/><E106/><V14/><F14/><W91/><G100/><T37/><D17/><U61/><E103/><V3/><F42/><W116/><G116/><T48/><D37/><U18/><REACH who="1" step="1"/><E88/><REACH who="1" ten="367,201,211,211" step="2"/><V53/><F30/><W66/><G107/><T23/><D23/><U43/><E43/><V73/><F31/><W16/><REACH who="3" step="1"/><G66/><REACH who="3" ten="367,201,211,201" step="2"/><T40/><D79/><U74/><E74/><V57/><F73/><W13/><G13/><T112/><D112/><U98/><E98/><V68/><F72/><W2/><G2/><T134/><D134/><U101/><E101/><V21/><F3/><W117/><G117/><T34/><D78/><U109/><E109/><V118/><F118/><W19/><G19/><AGARI ba="1,2" hai="7,10,15,18,19,41,44,50,56,60,61,62,63,67" machi="19" ten="40,2600,0" yaku="1,1,8,1,53,0" doraHai="49" doraHaiUra="64" who="1" fromWho="3" sc="367,0,201,49,211,0,201,-29" /><INIT seed="1,0,0,3,5,37" ten="367,250,211,172" oya="1" hai0="29,32,80,21,95,10,50,46,59,96,117,11,24" hai1="134,88,78,6,12,1,86,116,62,17,123,79,47" hai2="15,84,18,89,135,60,105,104,54,44,121,100,127" hai3="108,28,129,66,36,131,111,8,97,14,102,82,64"/><U75/><E116/><V27/><F121/><W20/><G36/><T112/><D112/><U26/><E123/><V77/><F127/><W48/><G82/><T70/><D70/><U25/><E75/><V45/><F135/><W58/><G97/><T122/><D117/><U94/><E134/><V87/><F100/><W13/><G102/><N who="0" m="60703" /><D32/><U56/><E47/><V103/><F103/><W39/><G39/><T30/><D30/><U91/><E6/><V72/><F27/><N who="1" m="10249" /><E91/><V7/><F7/><N who="3" m="3231" /><G28/><T81/><D59/><U33/><E33/><V106/><F72/><W61/><G48/><T110/><D122/><U55/><E1/><V71/><F71/><W130/><G64/><T43/><D110/><N who="3" m="42025" /><G14/><T16/><D10/><AGARI ba="0,0" hai="10,12,17,55,56,62,78,79,86,88,94" m="10249" machi="10" ten="30,2900,0" yaku="8,1,54,1" doraHai="37" who="1" fromWho="0" sc="367,-29,250,29,211,0,172,0" /><INIT seed="1,1,0,2,3,105" ten="338,279,211,172" oya="1" hai0="80,40,97,78,72,57,6,119,46,24,108,83,113" hai1="35,19,115,20,91,14,111,8,86,54,41,17,135" hai2="87,56,55,94,42,131,23,60,33,9,62,76,96" hai3="90,32,0,123,102,31,37,122,49,13,81,25,12"/><U107/><E35/><V99/><F33/><W106/><G37/><T89/><D113/><U112/><E107/><V85/><F131/><W27/><G106/><T18/><D119/><U133/><E41/><V44/><F9/><W48/><G102/><T84/><D108/><U34/><E34/><V69/><F69/><W66/><G66/><T51/><D6/><U39/><E39/><V21/><F62/><W59/><G0/><T36/><D97/><U128/><E128/><V28/><F99/><W68/><G68/><T130/><D130/><U79/><E79/><V58/><F58/><W2/><G2/><T77/><D57/><U7/><E111/><V47/><F76/><N who="0" m="29290" /><D36/><U30/><E30/><V61/><F61/><W109/><G109/><T16/><D72/><U52/><E115/><V1/><F1/><W43/><G59/><T10/><D10/><U5/><E112/><V124/><F124/><W103/><G103/><T67/><D67/><U125/><E125/><V104/><F104/><W74/><G32/><T116/><D116/><U120/><E120/><V101/><F47/><W3/><G3/><T118/><D118/><U26/><E5/><V70/><F70/><W71/><G71/><T38/><D38/><U53/><REACH who="1" step="1"/><E7/><REACH who="1" ten="338,269,211,172" step="2"/><V22/><F28/><W11/><G123/><T64/><D40/><U134/><E134/><V110/><F110/><W92/><G122/><T45/><D18/><U98/><E98/><V95/><F42/><W121/><G43/><T126/><D126/><U29/><E29/><V93/><F44/><W63/><G121/><T114/><D114/><RYUUKYOKU ba="1,1" sc="338,-15,269,15,211,15,172,-15" hai1="8,14,17,19,20,26,52,53,54,86,91,133,135" hai2="21,22,23,55,56,60,85,87,93,94,95,96,101" /><INIT seed="1,2,1,5,3,111" ten="323,284,226,157" oya="1" hai0="23,73,50,56,54,102,26,70,66,1,44,97,134" hai1="46,62,81,100,88,68,133,87,122,123,52,103,112" hai2="104,37,72,108,77,36,38,2,63,131,14,124,29" hai3="117,119,76,51,25,98,74,9,20,105,82,30,84"/><U59/><E133/><V93/><F93/><W106/><G9/><T24/><D73/><U13/><E68/><V22/><F14/><W114/><G51/><T49/><D1/><U90/><E112/><V99/><F22/><W64/><G64/><T101/><D134/><U110/><E110/><V116/><F29/><W78/><G98/><T27/><D70/><U11/><E123/><V34/><F63/><W120/><G120/><T113/><D113/><U18/><E122/><V12/><F12/><W135/><G135/><T16/><D66/><U43/><REACH who="1" step="1"/><E90/><REACH who="1" ten="323,274,226,157" step="2"/><V128/><F108/><W47/><G114/><T7/><D7/><U45/><E45/><V3/><F131/><W6/><G47/><T32/><D32/><U10/><E10/><V40/><F34/><W71/><G6/><T118/><D118/><N who="3" m="45065" /><G71/><T60/><D44/><U92/><E92/><V41/><F116/><W69/><G69/><T8/><D8/><U96/><E96/><V85/><F99/><W28/><G28/><T107/><D101/><U89/><E89/><V53/><F128/><W61/><G106/><T5/><D5/><U33/><E33/><V79/><F104/><W17/><G105/><T83/><D83/><U19/><E19/><V42/><F2/><W48/><G30/><T129/><D129/><U80/><E80/><V35/><F3/><W31/><G31/><T57/><D57/><U91/><E91/><V115/><F35/><W39/><G82/><T132/><D132/><U21/><E21/><V65/><F115/><W0/><G20/><T130/><D130/><U94/><E94/><RYUUKYOKU ba="2,2" sc="323,15,274,15,226,-15,157,-15" hai0="16,23,24,26,27,49,50,54,56,60,97,102,107" hai1="11,13,18,43,46,52,59,62,81,87,88,100,103" /><INIT seed="1,3,2,0,3,22" ten="338,289,211,142" oya="1" hai0="21,20,53,46,69,79,98,97,123,43,7,105,67" hai1="63,33,73,85,6,54,75,99,28,93,106,44,92" hai2="14,96,41,71,130,108,42,13,131,32,88,35,0" hai3="111,37,83,4,2,55,38,117,135,118,116,45,101"/><U24/><E106/><V77/><F0/><W126/><G111/><T47/><D79/><U61/><E6/><V31/><F71/><W49/><G135/><T74/><D74/><U87/><E75/><V72/><F108/><W76/><G126/><T36/><D7/><U19/><E73/><V51/><F77/><W62/><G101/><T17/><D123/><U10/><E92/><N who="2" m="56327" /><F72/><N who="3" m="43399" /><G62/><T11/><D67/><U95/><E95/><V52/><F14/><W113/><G113/><T133/><D69/><U84/><E10/><AGARI ba="3,2" hai="2,4,10,37,38,45,49,55,116,117,118" m="43399" machi="10" ten="30,1000,0" yaku="12,1" doraHai="22" who="3" fromWho="1" sc="338,0,289,-19,211,0,142,39" /><INIT seed="2,0,0,3,5,63" ten="338,270,211,181" oya="2" hai0="17,38,61,70,30,125,116,3,134,115,130,13,39" hai1="129,14,101,132,69,107,75,57,33,51,131,46,40" hai2="32,83,20,78,68,80,8,105,37,90,126,24,98" hai3="6,124,117,111,94,18,36,99,110,26,59,27,112"/><V113/><F113/><W28/><G117/><T44/><D115/><U67/><E33/><V16/><F37/><W21/><G112/><T87/><D3/><U15/><E75/><V22/><F32/><W56/><G36/><T50/><D30/><U91/><E69/><V88/><F68/><W65/><G124/><T11/><D125/><U62/><E132/><V58/><F126/><W96/><G6/><T114/><D114/><U55/><E91/><V72/><F8/><W128/><G128/><N who="1" m="49226" /><E40/><V23/><F58/><W35/><G99/><AGARI ba="0,0" hai="14,15,46,51,55,57,62,67,99,101,107" m="49226" machi="99" ten="30,2000,0" yaku="19,1,52,1" doraHai="63" who="1" fromWho="3" sc="338,0,270,20,211,0,181,-20" /><INIT seed="3,0,0,1,3,79" ten="338,290,211,161" oya="3" hai0="108,128,121,2,84,85,23,98,58,106,55,103,60" hai1="18,133,105,69,32,64,35,13,10,117,61,74,17" hai2="119,50,90,76,99,31,77,88,36,101,104,126,129" hai3="92,78,3,37,40,87,59,52,130,115,118,57,27"/><W110/><G115/><T132/><D121/><U15/><E105/><V96/><F36/><W67/><G118/><T14/><D2/><U21/><E117/><V29/><F50/><W54/><G130/><T53/><D128/><U47/><E133/><V11/><F119/><W5/><G110/><T8/><D132/><U134/><E134/><V38/><F38/><W33/><G3/><T124/><D108/><U75/><REACH who="1" step="1"/><E47/><REACH who="1" ten="338,280,211,161" step="2"/><V122/><F104/><W20/><G33/><AGARI ba="0,1" hai="10,13,15,17,18,21,32,33,35,61,64,69,74,75" machi="33" ten="40,2600,0" yaku="1,1,2,1,53,0" doraHai="79" doraHaiUra="125" who="1" fromWho="3" sc="338,0,280,36,211,0,161,-26" owari="338,43.8,316,11.6,211,-18.9,135,-36.5" /></mjloggm>