<mjloggm ver="2.3"><GO type="225" lobby="0"/><UN n0="%E6%B4%BE%E9%81%A3%E3%81%AE%E3%82%B8%E3%83%A3%E3%83%83%E3%82%AF" n1="%4C%4F%4C%49%54%41" n2="%E3%81%86%E3%81%A3%E3%81%97%E3%83%BC%30%30" n3="%4B%2E%32%2E%4B%2E" dan="17,16,16,17" rate="2208.39,2170.18,2066.61,2185.02" sx="M,F,M,M"/><TAIKYOKU oya="0"/><INIT seed="0,0,0,5,4,84" ten="250,250,250,250" oya="0" hai0="47,116,110,130,83,91,60,106,64,99,117,118,114" hai1="44,100,52,103,45,32,21,37,53,133,75,78,24" hai2="129,3,10,41,134,62,120,113,128,50,135,80,81" hai3="13,54,67,43,35,111,2,82,12,94,92,6,93"/><T8/><D114/><U119/><E119/><V14/><F113/><W11/><G111/><T57/><D130/><N who="2" m="50282" /><F3/><W26/><G43/><T71/><D110/><U89/><E32/><V88/><F62/><W22/><G67/><T70/><D8/><U7/><E133/><N who="2" m="50699" /><F120/><W109/><G35/><T16/><D47/><N who="1" m="17995" /><E75/><V104/><F50/><W56/><G82/><N who="2" m="31849" /><F104/><W124/><G2/><T61/><D61/><U76/><E7/><N who="2" m="3423" /><F41/><W28/><G54/><T19/><D106/><U98/><E53/><V101/><F101/><W105/><G105/><T74/><D74/><U65/><E103/><V4/><F4/><W9/><G6/><T42/><D42/><U126/><E100/><V1/><F1/><W51/><G51/><T79/><D79/><U121/><E52/><V95/><F95/><W72/><G72/><T33/><D33/><U107/><E121/><V122/><F122/><W55/><G94/><T125/><D99/><U20/><E98/><V108/><F108/><W77/><G109/><T131/><D131/><U59/><E107/><V34/><F34/><W96/><G77/><T27/><D70/><U127/><E78/><V85/><F85/><W36/><G96/><T31/><D71/><U86/><E76/><V23/><F23/><W40/><G40/><T0/><D0/><U97/><E97/><V15/><F15/><W63/><G92/><T46/><D46/><U18/><E20/><V25/><F25/><W48/><G93/><T68/><D68/><U102/><E102/><V69/><F69/><W115/><G48/><T123/><D123/><U29/><E21/><RYUUKYOKU ba="0,0" sc="250,-10,250,-10,250,30,250,-10" hai2="88" /><INIT seed="1,1,0,4,5,58" ten="240,240,280,240" oya="1" hai0="77,75,40,57,106,105,38,131,133,108,86,66,21" hai1="25,79,97,2,50,47,23,56,85,35,76,14,17" hai2="28,117,68,8,104,99,42,127,71,63,110,9,89" hai3="24,31,29,5,46,111,0,27,39,112,7,107,102"/><U51/><E2/><V87/><F117/><W18/><G112/><T4/><D86/><U135/><E135/><V16/><F110/><W88/><G111/><T114/><D114/><U30/><E97/><V130/><F130/><W128/><G128/><T78/><D108/><U13/><E13/><V94/><F127/><W118/><G102/><T70/><D57/><U69/><E69/><V67/><F28/><W72/><G107/><T6/><D21/><U11/><E85/><V119/><F119/><W103/><G103/><T123/><D131/><U32/><E51/><V55/><F71/><W64/><G64/><T81/><D123/><U82/><E56/><V109/><F109/><W10/><G7/><T115/><D115/><U96/><E96/><V54/><F42/><W15/><G72/><T26/><D77/><U124/><E124/><V125/><F125/><W44/><G31/><T134/><D106/><U65/><E65/><V74/><F74/><W98/><G39/><T73/><D73/><U121/><E121/><V62/><F62/><W12/><G0/><T1/><D105/><U120/><E120/><V91/><F104/><W43/><G43/><T59/><D70/><U20/><E23/><V22/><F9/><N who="3" m="6415" /><G118/><T61/><D1/><U126/><E126/><V34/><F8/><W37/><G37/><T3/><D3/><U33/><REACH who="1" step="1"/><E82/><REACH who="1" ten="240,230,280,240" step="2"/><N who="2" m="49399" /><F34/><N who="3" m="20775" /><G27/><T53/><D26/><U101/><E101/><V48/><F48/><W90/><G98/><T41/><D38/><U129/><E129/><V100/><F100/><W60/><G60/><N who="0" m="35951" /><D75/><U52/><AGARI ba="1,1" hai="11,14,17,20,25,30,32,33,35,47,50,52,76,79" machi="52" ten="30,11700,0" yaku="1,1,0,1,54,1,53,1" doraHai="58" doraHaiUra="49" who="1" fromWho="1" sc="240,-40,230,130,280,-40,240,-40" /><INIT seed="1,2,0,5,0,18" ten="200,360,240,200" oya="1" hai0="70,7,120,23,54,123,125,122,45,22,56,130,117" hai1="12,15,62,113,103,126,4,43,79,38,31,51,101" hai2="20,49,76,71,86,10,44,65,73,68,90,92,5" hai3="100,60,46,36,27,78,0,77,91,111,134,107,63"/><U129/><E113/><V99/><F73/><W124/><G0/><T37/><D117/><U114/><E114/><V52/><F65/><W57/><G111/><T112/><D112/><U82/><E38/><V39/><F39/><W72/><G124/><T19/><D125/><U35/><E126/><V53/><F53/><W21/><G134/><T3/><D70/><U2/><E2/><V110/><F110/><W98/><G91/><T96/><D130/><U69/><E129/><V133/><F133/><W29/><G72/><T95/><D19/><U132/><E31/><V119/><F119/><W59/><G59/><T104/><D104/><U109/><E35/><V93/><F20/><W74/><G74/><T16/><D16/><U28/><E28/><V85/><F76/><W41/><REACH who="3" step="1"/><G63/><REACH who="3" ten="200,360,240,190" step="2"/><N who="0" m="36247" /><D3/><U131/><E109/><V106/><F71/><W118/><G118/><T108/><D108/><U42/><E69/><V87/><F68/><W121/><G121/><T9/><D45/><U40/><E132/><V26/><F44/><W66/><AGARI ba="2,1" hai="21,27,29,36,41,46,57,60,66,77,78,98,100,107" machi="66" ten="20,5200,0" yaku="1,1,0,1,7,1,52,1,53,0" doraHai="18" doraHaiUra="64" who="3" fromWho="3" sc="200,-15,360,-28,240,-15,190,68" /><INIT seed="2,0,0,1,3,126" ten="185,332,225,258" oya="2" hai0="25,18,8,98,58,100,114,16,5,65,110,74,6" hai1="92,109,53,60,67,33,86,44,90,7,82,3,121" hai2="131,64,78,51,20,123,55,56,106,87,105,15,129" hai3="1,40,22,61,94,95,107,81,125,4,130,134,128"/><V23/><F123/><W102/><G125/><T54/><D74/><U63/><E33/><V49/><F64/><W93/><G134/><T31/><D114/><U76/><E109/><V32/><F32/><W46/><G22/><N who="0" m="15799" /><D110/><U88/><E121/><V99/><F51/><W12/><G1/><T133/><D133/><U59/><E3/><V24/><F15/><W70/><G81/><T34/><D34/><U62/><E7/><N who="0" m="2569" /><D8/><U112/><E112/><V11/><F11/><N who="3" m="4199" /><G107/><N who="2" m="40969" /><F99/><N who="3" m="59759" /><G61/><N who="1" m="23658" /><E92/><V30/><F30/><W117/><G117/><T48/><D65/><U122/><E122/><V73/><F24/><W35/><G70/><T68/><D68/><U124/><E124/><V120/><F73/><W79/><G79/><T50/><D50/><AGARI ba="0,0" hai="44,50,53,59,63,67,76,82,86,88,90" m="23658" machi="50" ten="30,2000,0" yaku="8,1,54,1" doraHai="126" who="1" fromWho="0" sc="185,-20,332,20,225,0,258,0" /><INIT seed="3,0,0,5,5,89" ten="165,352,225,258" oya="3" hai0="60,114,20,106,101,80,117,25,11,66,2,43,49" hai1="36,61,21,13,16,123,115,40,73,72,32,34,59" hai2="131,24,126,33,127,103,125,88,74,12,28,27,95" hai3="26,133,93,45,6,9,57,5,58,55,94,30,98"/><W50/><G133/><T107/><D117/><U56/><E115/><V116/><F116/><W15/><G5/><T84/><D114/><U90/><E123/><V92/><F74/><W113/><G113/><T54/><D43/><U67/><E34/><V70/><F70/><W62/><G98/><T69/><D101/><U52/><E32/><V48/><F131/><W77/><G77/><T96/><D96/><U132/><E132/><V8/><F27/><W91/><G91/><T79/><D11/><U112/><E112/><V39/><F39/><W120/><G120/><T63/><D63/><U3/><E3/><V87/><F48/><W14/><G14/><T17/><REACH who="0" step="1"/><D2/><REACH who="0" ten="155,352,225,258" step="2"/><U100/><E40/><V135/><F135/><W86/><G62/><T38/><D38/><U19/><E36/><V83/><F103/><W53/><G9/><T110/><D110/><U109/><E100/><V97/><F97/><W37/><G37/><T4/><D4/><AGARI ba="0,1" hai="4,8,12,24,28,33,83,87,88,92,95,125,126,127" machi="4" ten="40,8000,1" yaku="18,1,52,2,54,1" doraHai="89" who="2" fromWho="0" sc="155,-80,352,0,225,90,258,0" owari="75,-42.5,352,45.2,315,11.5,258,-14.2" /></mjloggm>