<mjloggm ver="2.3"><GO type="225" lobby="0"/><UN n0="%E5%8D%A0%E3%81%84%E5%B8%AB%E8%A3%8F%E3%81%AA%E3%81%84%E3%81%97" n1="%E3%81%8B%E3%82%8F%E3%81%A1%E3%82%83%E3%82%93%35%38" n2="%E3%82%BF%E3%83%BC%E3%83%90%E3%83%B3%E9%87%8E%E5%8F%A3" n3="%72%69%6F%75%63%68%61%6E" dan="16,17,16,17" rate="2117.09,2126.77,2126.02,2199.35" sx="M,M,M,M"/><TAIKYOKU oya="0"/><INIT seed="0,0,0,4,1,76" ten="250,250,250,250" oya="0" hai0="127,79,6,16,36,53,24,113,25,109,49,14,81" hai1="41,9,115,54,114,128,99,117,90,21,27,15,83" hai2="96,74,4,131,12,69,45,34,60,125,121,29,11" hai3="37,84,30,85,0,87,65,39,58,110,67,28,70"/><T134/><D113/><U55/><E117/><V63/><F121/><W108/><G0/><T94/><D36/><N who="3" m="13897" /><G58/><T120/><D120/><U66/><E41/><V8/><F74/><W18/><G18/><T40/><D127/><U112/><E66/><N who="3" m="25098" /><G70/><T13/><D134/><U135/><E135/><V1/><F69/><W101/><G101/><T59/><D109/><AGARI ba="0,0" hai="28,30,84,85,87,108,109,110" m="25098,13897" machi="109" ten="40,5200,0" yaku="28,2,14,1" doraHai="76" who="3" fromWho="0" sc="250,-52,250,0,250,0,250,52" /><INIT seed="1,0,0,2,3,67" ten="198,250,250,302" oya="1" hai0="45,100,106,10,49,40,121,56,77,131,87,88,5" hai1="74,44,15,98,107,127,130,54,59,104,129,68,36" hai2="97,39,60,76,52,41,73,112,81,120,71,122,124" hai3="28,90,64,109,30,85,108,35,9,34,99,37,1"/><U116/><E116/><V80/><F124/><W38/><G64/><T128/><D121/><U50/><E74/><V58/><F112/><W51/><G99/><T134/><D134/><U55/><E127/><V78/><F71/><W113/><G113/><T133/><D133/><U103/><E68/><V102/><F41/><W6/><G51/><T91/><D106/><U83/><E83/><V18/><F18/><W33/><G28/><T29/><D29/><U117/><E117/><V135/><F39/><W115/><G115/><T22/><D100/><U94/><E15/><V13/><F13/><W17/><G30/><T132/><D22/><U3/><E3/><V111/><F111/><N who="3" m="42571" /><G17/><T4/><D56/><U62/><REACH who="1" step="1"/><E36/><REACH who="1" ten="198,240,250,302" step="2"/><V31/><F135/><W61/><G61/><T21/><D132/><U70/><E70/><V89/><F120/><W19/><G19/><T23/><D5/><U53/><E53/><V43/><F122/><W20/><G37/><T12/><D131/><AGARI ba="0,1" hai="44,50,54,55,59,62,94,98,103,104,107,129,130,131" machi="131" ten="40,7700,0" yaku="1,1,19,1,53,1" doraHai="67" doraHaiUra="96" who="1" fromWho="0" sc="198,-77,240,87,250,0,302,0" /><INIT seed="1,1,0,0,3,105" ten="121,327,250,302" oya="1" hai0="76,134,37,113,86,102,96,15,106,46,29,56,89" hai1="18,71,135,66,65,118,95,73,72,100,122,132,80" hai2="85,93,69,1,129,27,128,108,44,54,109,127,103" hai3="111,84,52,81,31,9,12,78,13,88,42,62,50"/><U133/><E122/><V34/><F69/><W51/><G111/><N who="2" m="42569" /><F1/><W33/><G33/><T131/><D113/><U60/><E118/><V43/><F34/><W7/><G31/><T107/><D107/><U104/><E104/><V22/><F54/><W21/><G42/><T94/><D131/><N who="2" m="50250" /><F85/><N who="3" m="48311" /><G21/><T126/><D126/><U91/><E66/><V19/><F93/><N who="3" m="54407" /><G12/><T123/><D123/><U68/><E68/><V55/><F103/><W70/><G70/><T16/><D134/><U121/><E121/><V117/><F117/><W38/><G38/><T90/><D29/><U5/><E5/><V36/><F55/><W115/><G115/><T3/><D3/><U82/><E100/><V67/><F127/><W47/><G50/><T41/><D56/><U83/><E18/><V49/><F67/><W25/><G25/><T32/><D32/><U2/><E2/><V11/><F11/><N who="3" m="4351" /><G62/><T114/><D114/><U130/><E130/><V75/><F75/><W63/><G63/><T58/><D58/><U61/><E61/><V110/><N who="2" m="42577" /><V125/><DORA hai="40" /><F125/><W87/><G87/><AGARI ba="1,0" hai="60,65,71,72,73,80,82,83,87,91,95,132,133,135" machi="87" ten="50,9600,0" yaku="20,1,52,2" doraHai="105,40" who="1" fromWho="3" sc="121,0,327,99,250,0,302,-99" /><INIT seed="1,2,0,5,4,112" ten="121,426,250,203" oya="1" hai0="99,120,52,48,73,109,130,92,30,90,69,0,49" hai1="98,29,5,14,85,88,93,113,126,45,28,67,22" hai2="116,84,19,127,39,33,15,60,23,71,123,46,4" hai3="3,16,102,66,7,105,96,56,44,86,47,97,26"/><U124/><E113/><V37/><F123/><W87/><G97/><T50/><D109/><U43/><E67/><V57/><F33/><W12/><G26/><T8/><D69/><U131/><E131/><V70/><F116/><W17/><G3/><T32/><D73/><U58/><E58/><V9/><F127/><N who="1" m="48681" /><E98/><V134/><F134/><W82/><G7/><T118/><D118/><U114/><E114/><V6/><F6/><W54/><G66/><T10/><D130/><U76/><E76/><V20/><F20/><W80/><G80/><T72/><D72/><U68/><E68/><V55/><F84/><W78/><G87/><T104/><D120/><U122/><E122/><V59/><F59/><W115/><G115/><T101/><D0/><U65/><E65/><V100/><F100/><W89/><G78/><T133/><D133/><U40/><E40/><V117/><F117/><W51/><REACH who="3" step="1"/><G17/><REACH who="3" ten="121,426,250,193" step="2"/><T62/><D104/><U128/><E128/><V36/><REACH who="2" step="1"/><F46/><REACH who="2" ten="121,426,240,193" step="2"/><W61/><G61/><T64/><D62/><U18/><E5/><V2/><AGARI ba="2,2" hai="2,4,9,15,19,23,36,37,39,55,57,60,70,71" machi="2" ten="30,4000,0" yaku="1,1,2,1,0,1,53,0" doraHai="112" doraHaiUra="74" who="2" fromWho="2" sc="121,-12,426,-22,240,66,193,-12" /><INIT seed="2,0,0,1,4,72" ten="109,404,306,181" oya="2" hai0="129,108,110,8,123,30,134,29,16,131,113,64,1" hai1="46,130,31,37,135,61,62,21,49,100,67,115,77" hai2="43,48,47,75,17,102,82,39,4,78,127,89,68" hai3="24,122,83,7,33,60,19,88,124,99,133,18,73"/><V32/><F68/><W44/><G122/><T128/><D64/><U70/><E115/><V42/><F32/><W118/><G118/><T79/><D123/><U28/><E37/><V86/><F127/><W69/><G124/><T95/><D113/><U93/><E77/><V132/><F132/><W97/><G133/><T65/><D134/><U20/><E135/><V54/><F102/><W121/><G121/><T2/><D95/><U71/><E93/><V92/><F39/><W11/><G44/><T98/><D98/><U114/><E100/><V126/><F126/><W96/><G33/><T120/><D65/><U90/><E90/><V36/><F36/><W76/><G24/><T94/><D94/><U0/><E0/><N who="0" m="105" /><D79/><U103/><E103/><V53/><F4/><W50/><G50/><T27/><D120/><U5/><E67/><V56/><REACH who="2" step="1"/><F17/><REACH who="2" ten="109,404,296,181" step="2"/><W22/><G69/><T52/><D52/><U23/><E5/><V12/><F12/><W55/><G55/><T10/><D16/><U15/><E71/><V35/><F35/><W38/><G18/><T111/><D27/><U105/><E70/><V91/><F91/><W66/><G88/><T34/><D34/><U13/><E114/><V104/><F104/><W74/><G19/><T51/><D51/><AGARI ba="0,1" hai="42,43,47,48,51,53,54,56,75,78,82,86,89,92" machi="51" ten="30,5800,0" yaku="1,1,7,1,52,1,53,0" doraHai="72" doraHaiUra="63" who="2" fromWho="0" sc="109,-58,404,0,296,68,181,0" /><INIT seed="2,1,0,4,5,89" ten="51,404,364,181" oya="2" hai0="62,20,78,49,84,125,14,35,95,51,107,115,16" hai1="101,61,25,36,4,87,32,135,3,17,113,123,15" hai2="74,106,46,26,13,48,9,100,76,82,102,91,92" hai3="2,42,133,110,130,111,103,50,41,67,85,27,90"/><V122/><F122/><W94/><G130/><T10/><D115/><U126/><E36/><V39/><F106/><W75/><G133/><T34/><D107/><U77/><E101/><V11/><F26/><W57/><G2/><T18/><D125/><U134/><E113/><V1/><F39/><W60/><G75/><T128/><D128/><U28/><E126/><V88/><F1/><W129/><G129/><T105/><D105/><U0/><E123/><V30/><F91/><W86/><G86/><T33/><D62/><U43/><E43/><V120/><F30/><W99/><G27/><T65/><D65/><U69/><E4/><V29/><F29/><W47/><REACH who="3" step="1"/><G42/><REACH who="3" ten="51,404,364,171" step="2"/><T38/><D38/><U7/><E0/><V31/><F120/><W63/><G63/><T66/><D66/><U132/><E3/><V114/><F114/><W52/><G52/><T73/><D73/><U83/><E134/><V6/><F31/><W70/><G70/><T45/><D45/><U117/><E135/><V22/><F11/><W54/><G54/><T80/><REACH who="0" step="1"/><D95/><AGARI ba="1,1" hai="41,47,50,57,60,67,85,90,94,95,99,103,110,111" machi="95" ten="40,8000,1" yaku="1,1,52,2,53,1" doraHai="89" doraHaiUra="44" who="3" fromWho="0" sc="51,-83,404,0,364,0,171,93" owari="-32,-53.2,404,50.4,364,16.4,264,-13.6" /></mjloggm>