<mjloggm ver="2.3"><GO type="225" lobby="0"/><UN n0="%6D%75%75%6D%75%72%61" n1="%E3%81%AF%E3%82%88%E3%81%8A%E3%81%98%E3%81%95%E3%82%93" n2="%72%69%6F%75%63%68%61%6E" n3="%E6%80%AA%E3%81%97%E3%81%99%E3%81%8E%E3%82%8B%E3%83%81%E3%83%BC" dan="16,16,17,16" rate="2121.85,2193.61,2292.60,2154.12" sx="F,M,M,M"/><TAIKYOKU oya="0"/><INIT seed="0,0,0,5,1,3" ten="250,250,250,250" oya="0" hai0="114,31,62,60,108,22,133,69,21,41,6,116,45" hai1="94,123,39,78,67,24,131,5,20,0,61,135,68" hai2="95,42,74,97,80,117,50,106,128,10,25,58,40" hai3="18,30,99,37,121,53,111,51,103,47,38,89,100"/><T36/><D114/><U90/><E123/><V85/><F128/><W73/><G121/><T27/><D116/><U2/><E39/><V66/><F117/><W91/><G73/><T118/><D118/><U130/><E78/><V113/><F113/><W55/><G111/><T83/><D133/><U32/><E32/><V4/><F106/><W98/><G18/><T134/><D134/><U70/><E68/><V57/><F74/><W71/><G51/><T26/><D108/><U132/><E135/><V88/><F25/><W110/><G110/><T119/><D119/><U63/><E61/><V65/><F65/><W72/><G72/><T81/><D6/><U109/><E109/><V76/><F66/><W104/><G47/><T33/><D33/><U17/><E132/><V34/><F34/><W82/><G82/><T107/><D107/><U48/><E48/><V84/><F84/><W126/><G104/><T29/><REACH who="0" step="1"/><D62/><REACH who="0" ten="240,250,250,250" step="2"/><U15/><E130/><V102/><F102/><W75/><G103/><T54/><D54/><U127/><E131/><V93/><F93/><W79/><G55/><T8/><D8/><N who="1" m="4495" /><E127/><V11/><F10/><W9/><G9/><T59/><D59/><U14/><E0/><V56/><REACH who="2" step="1"/><F50/><REACH who="2" ten="240,250,240,250" step="2"/><W92/><G100/><T35/><D35/><U28/><E94/><V12/><AGARI ba="0,2" hai="4,11,12,40,42,56,57,58,76,80,85,88,95,97" machi="12" ten="30,12000,2" yaku="1,1,2,1,0,1,8,1,52,1,54,1,53,0" doraHai="3" doraHaiUra="115" who="2" fromWho="2" sc="240,-60,250,-30,240,140,250,-30" /><INIT seed="1,0,0,2,4,99" ten="180,220,380,220" oya="1" hai0="55,93,133,47,75,61,94,96,110,20,11,23,0" hai1="18,9,81,42,49,34,102,100,1,84,2,32,69" hai2="26,72,68,123,129,29,33,118,48,80,91,64,62" hai3="106,130,87,7,37,45,25,114,117,101,126,51,124"/><U70/><E1/><V22/><F129/><W127/><G114/><T125/><D110/><U66/><E32/><V30/><F118/><W103/><G117/><T71/><D125/><U6/><E34/><V107/><F123/><W122/><G106/><T85/><D75/><U116/><E116/><V65/><F107/><W14/><G37/><T132/><D85/><U108/><E108/><V41/><F65/><W3/><G130/><T39/><D71/><U79/><E69/><V15/><F15/><W4/><G3/><T111/><D111/><U73/><E73/><V46/><F91/><W113/><G113/><T88/><D94/><U52/><E42/><V112/><F112/><W95/><G25/><T21/><D39/><U59/><REACH who="1" step="1"/><E18/><REACH who="1" ten="180,210,380,220" step="2"/><V8/><F33/><W89/><G122/><T57/><REACH who="0" step="1"/><D47/><REACH who="0" ten="170,210,380,220" step="2"/><U19/><E19/><V58/><F68/><W77/><G124/><T131/><D131/><U115/><E115/><V10/><REACH who="2" step="1"/><F30/><REACH who="2" ten="170,210,370,220" step="2"/><W90/><G126/><T98/><D98/><U97/><E97/><V63/><F63/><AGARI ba="0,3" hai="2,6,9,49,52,59,63,66,70,79,81,84,100,102" machi="63" ten="40,12000,1" yaku="1,1,52,2,54,1,53,1" doraHai="99" doraHaiUra="74" who="1" fromWho="2" sc="170,0,210,150,370,-120,220,0" /><INIT seed="1,1,0,2,1,17" ten="170,360,250,220" oya="1" hai0="58,101,32,116,26,31,59,120,40,78,56,135,18" hai1="82,13,5,28,77,117,11,9,72,105,60,94,104" hai2="102,64,24,29,8,80,92,62,128,79,74,68,37" hai3="91,99,38,54,121,53,0,93,41,89,123,34,19"/><U83/><E117/><V4/><F128/><W109/><G109/><T66/><D116/><U25/><E82/><V131/><F131/><W108/><G108/><T96/><D135/><U27/><E94/><V67/><F64/><W126/><G0/><T113/><D113/><U85/><E72/><V45/><F92/><W48/><G126/><T75/><D120/><U69/><E25/><V12/><F102/><W118/><G34/><T122/><D122/><U44/><E44/><V16/><F45/><W133/><G133/><T33/><D33/><U70/><E9/><V84/><F37/><W119/><G38/><T10/><D40/><U30/><E30/><V130/><F130/><W100/><G19/><T76/><D66/><U87/><E85/><V112/><F112/><W47/><G121/><T52/><D10/><U46/><E46/><V3/><F74/><W1/><G1/><T73/><D18/><U21/><REACH who="1" step="1"/><E60/><REACH who="1" ten="170,350,250,220" step="2"/><V61/><F62/><W97/><G123/><T127/><D75/><U35/><E35/><V51/><F51/><W50/><G118/><T71/><D73/><U134/><E134/><V2/><REACH who="2" step="1"/><F4/><REACH who="2" ten="170,350,240,220" step="2"/><W39/><G50/><T65/><D101/><U86/><E86/><V132/><F132/><W98/><G100/><T124/><D124/><U95/><E95/><V42/><F42/><W55/><G119/><T14/><D127/><U114/><E114/><V115/><F115/><W6/><G6/><T36/><D36/><U103/><E103/><V43/><F43/><N who="3" m="24703" /><G93/><T107/><D96/><N who="3" m="24577" /><W22/><DORA hai="63" /><G39/><T111/><D111/><U110/><E110/><RYUUKYOKU ba="1,2" sc="170,-15,350,15,240,15,220,-15" hai1="5,11,13,21,27,28,69,70,77,83,87,104,105" hai2="2,3,8,12,16,24,29,61,67,68,79,80,84" /><INIT seed="1,2,2,2,5,114" ten="155,365,255,205" oya="1" hai0="48,75,68,3,132,59,105,85,83,119,17,15,5" hai1="109,51,20,82,95,134,13,89,52,80,115,21,93" hai2="110,104,69,40,135,55,71,94,56,62,64,66,61" hai3="78,26,121,128,79,32,98,50,27,117,106,92,23"/><U102/><E115/><V65/><F104/><W45/><G106/><T131/><D68/><N who="2" m="26186" /><F94/><W118/><G121/><T36/><D36/><U42/><E134/><V87/><F87/><W0/><G0/><T47/><D75/><U46/><E109/><V53/><F110/><W88/><G128/><T38/><D131/><U60/><E102/><V18/><F18/><W123/><G123/><T116/><D38/><U29/><E93/><V16/><F16/><W67/><G67/><N who="2" m="25673" /><F135/><W101/><G32/><T99/><D59/><N who="1" m="34919" /><E13/><V37/><F61/><W77/><G101/><T33/><D132/><U84/><E29/><V35/><F35/><W124/><G124/><T126/><D33/><U22/><AGARI ba="2,2" hai="20,21,22,42,46,51,80,82,84,89,95" m="34919" machi="22" ten="30,3000,0" yaku="8,1,54,1" doraHai="114" who="1" fromWho="1" sc="155,-12,365,56,255,-12,205,-12" /><INIT seed="1,3,0,2,4,56" ten="143,421,243,193" oya="1" hai0="34,131,117,76,59,116,63,13,48,74,125,98,108" hai1="2,53,69,106,26,45,85,20,101,47,44,113,14" hai2="109,66,135,40,10,62,70,72,6,58,114,27,23" hai3="8,57,36,71,51,31,122,32,42,16,94,24,3"/><U133/><E2/><V46/><F109/><W103/><G71/><T129/><D34/><U123/><E113/><V28/><F135/><W105/><G105/><T132/><D132/><U4/><E123/><V100/><F114/><W12/><G36/><T79/><D108/><U104/><E69/><V49/><F72/><W86/><G122/><T111/><D111/><U0/><E0/><V83/><F100/><W11/><G42/><T87/><D74/><U107/><E133/><V119/><F119/><W84/><G103/><T25/><D48/><U67/><E67/><V77/><F70/><W1/><G94/><T52/><D25/><U65/><E65/><V91/><F91/><W96/><G96/><T39/><D39/><U41/><E101/><V17/><F17/><W93/><G93/><T130/><D125/><U54/><E41/><V43/><F43/><W99/><G99/><T73/><D73/><U61/><E85/><V120/><F120/><W124/><G124/><T5/><D98/><U78/><E78/><N who="0" m="29737" /><D87/><U127/><E127/><V68/><F68/><W134/><G134/><T128/><N who="0" m="32768" /><DORA hai="115" /><T38/><D38/><U33/><E33/><V102/><F102/><W75/><G75/><T60/><D60/><U29/><E61/><V110/><F110/><W112/><G112/><T50/><D50/><U97/><E97/><V89/><F77/><W21/><G84/><T95/><D95/><U35/><E35/><V18/><F89/><W15/><G86/><T81/><D81/><U19/><E29/><V88/><F28/><W64/><G31/><T126/><D126/><RYUUKYOKU ba="3,0" sc="143,15,421,15,243,-15,193,-15" hai0="5,13,52,59,63,116,117" hai1="4,14,19,20,26,44,45,47,53,54,104,106,107" /><INIT seed="1,4,0,4,5,20" ten="158,436,228,178" oya="1" hai0="14,41,28,69,56,133,15,29,121,47,91,68,45" hai1="42,17,131,4,0,105,115,92,35,104,77,1,44" hai2="102,5,10,60,81,39,52,125,78,43,96,71,33" hai3="75,119,8,58,80,84,23,123,61,116,63,31,114"/><U48/><E115/><V94/><F125/><W55/><G114/><T62/><D133/><U34/><E131/><V130/><F130/><W67/><G123/><T30/><D121/><U85/><E35/><V40/><F33/><W100/><G75/><T132/><D132/><U59/><E34/><V64/><F52/><W46/><G100/><T88/><D68/><U111/><E104/><V11/><F39/><W108/><G108/><T54/><D69/><U83/><E105/><V76/><F76/><W57/><G46/><N who="0" m="17419" /><D41/><U95/><E111/><V25/><F25/><N who="3" m="16831" /><G8/><T26/><D26/><U38/><E0/><V12/><REACH who="2" step="1"/><F11/><REACH who="2" ten="158,436,218,178" step="2"/><W70/><G116/><T74/><D74/><AGARI ba="4,1" hai="5,10,12,40,43,60,64,71,74,78,81,94,96,102" machi="74" ten="30,3900,0" yaku="1,1,2,1,7,1,53,0" doraHai="20" doraHaiUra="128" who="2" fromWho="0" sc="158,-51,436,0,218,61,178,0" /><INIT seed="2,0,0,0,1,62" ten="107,436,279,178" oya="2" hai0="14,129,22,101,124,2,82,13,112,21,29,60,54" hai1="125,135,114,77,48,105,9,91,108,58,39,67,31" hai2="107,118,64,78,6,123,98,45,57,3,75,56,4" hai3="134,36,44,89,11,97,132,80,17,81,35,53,90"/><V109/><F118/><W46/><G35/><T34/><D112/><U83/><E114/><V128/><F128/><W37/><G97/><T20/><D2/><U119/><E39/><N who="3" m="14922" /><G17/><T84/><D129/><U49/><E108/><V1/><F123/><W0/><G11/><T96/><D124/><U7/><E135/><N who="3" m="51754" /><G0/><T72/><D72/><U92/><E105/><V117/><F109/><W126/><G126/><T76/><D34/><U100/><E100/><V99/><F117/><W88/><G53/><T73/><D73/><U68/><E31/><V16/><F75/><W12/><G12/><T95/><REACH who="0" step="1"/><D29/><REACH who="0" ten="97,436,279,178" step="2"/><U69/><E125/><V19/><F107/><W115/><G115/><T50/><D50/><U121/><E49/><V87/><F1/><W65/><G65/><T103/><D103/><U5/><E48/><V116/><F3/><W55/><G55/><T120/><D120/><U41/><E67/><V113/><F64/><W51/><G51/><T26/><D26/><U133/><E121/><V71/><F113/><W32/><G32/><T23/><N who="0" m="5120" /><DORA hai="111" /><T122/><D122/><U43/><E133/><V28/><F28/><W59/><G59/><AGARI ba="0,1" hai="13,14,54,59,60,76,82,84,95,96,101" m="5120" machi="59" ten="50,3200,0" yaku="1,1,8,1,53,0" doraHai="62,111" doraHaiUra="24,106" who="0" fromWho="3" sc="97,42,436,0,279,0,178,-32" /><INIT seed="3,0,0,3,0,63" ten="139,436,279,146" oya="3" hai0="20,70,110,96,129,11,74,54,83,60,47,92,15" hai1="95,4,111,80,62,56,125,71,38,1,53,84,36" hai2="12,18,8,48,82,45,73,76,120,118,65,77,107" hai3="27,116,55,121,127,37,134,90,88,85,41,66,126"/><W102/><G116/><T16/><D110/><U100/><E111/><V87/><F118/><W124/><G121/><T5/><D129/><U31/><E125/><N who="3" m="32002" /><W30/><DORA hai="7" /><G134/><T104/><D104/><U34/><E71/><V98/><F120/><W108/><G108/><T94/><D70/><U81/><E81/><V44/><F65/><W26/><G66/><T32/><D32/><U69/><E69/><V59/><F73/><W105/><G55/><T21/><D74/><U86/><E31/><V39/><F39/><W23/><G27/><T67/><D83/><U123/><E34/><V28/><F28/><W128/><G128/><T33/><D33/><U109/><E109/><V58/><F77/><W51/><G37/><T119/><D119/><U24/><E123/><V68/><F68/><W117/><G117/><T103/><D92/><U0/><E24/><V57/><REACH who="2" step="1"/><F48/><REACH who="2" ten="139,436,269,146" step="2"/><W50/><G41/><T22/><D67/><N who="1" m="39367" /><E38/><V64/><F64/><W43/><G43/><T113/><D113/><U122/><E36/><V13/><F13/><W19/><G30/><T99/><D60/><U52/><E122/><V101/><AGARI ba="0,1" hai="8,12,18,44,45,57,58,59,76,82,87,98,101,107" machi="101" ten="30,4000,0" yaku="1,1,0,1,52,1,53,0" doraHai="63,7" doraHaiUra="115,25" who="2" fromWho="2" sc="139,-10,436,-10,269,50,146,-20" owari="129,-27.1,426,52.6,319,11.9,126,-37.4" /></mjloggm>