<mjloggm ver="2.3"><GO type="225" lobby="0"/><UN n0="%E9%89%A2%E5%B7%BB%E3%82%AC%E3%83%96" n1="%E8%81%B7%E6%A5%AD%E3%80%81%E9%A2%A8%32" n2="%E6%97%A5%E6%9B%9C%E6%97%A5%E3%82%88%E3%82%8A%E3%81%AE%E4%BD%BF%E8%80%85" n3="%6A%70%74%77%61%32" dan="16,16,18,16" rate="2133.99,2142.92,2187.56,2053.07" sx="M,M,M,M"/><TAIKYOKU oya="0"/><INIT seed="0,0,0,0,3,63" ten="250,250,250,250" oya="0" hai0="127,3,46,16,59,81,60,95,65,84,89,112,135" hai1="76,102,28,124,24,42,99,67,75,113,92,51,50" hai2="117,97,71,125,96,101,66,93,36,123,126,105,121" hai3="119,80,128,88,39,45,4,115,31,55,58,15,37"/><T47/><D135/><U35/><E113/><V110/><F36/><W33/><G115/><T8/><D112/><U1/><E124/><N who="2" m="47723" /><F110/><W44/><G119/><T90/><D127/><U2/><E75/><V91/><F117/><W129/><G31/><T69/><D69/><U134/><E134/><V78/><F78/><W20/><G33/><T94/><D81/><U104/><E76/><V40/><F40/><W120/><G120/><N who="2" m="46153" /><F71/><W25/><G25/><T12/><D3/><U56/><E42/><V85/><F66/><W83/><G83/><T13/><D12/><U17/><E17/><V27/><F27/><W70/><G70/><T100/><D100/><U64/><E104/><V131/><F97/><AGARI ba="0,0" hai="8,13,16,46,47,59,60,65,84,89,90,94,95,97" machi="97" ten="30,11600,0" yaku="7,1,8,1,52,1,54,1" doraHai="63" who="0" fromWho="2" sc="250,116,250,0,250,-116,250,0" /><INIT seed="0,1,0,2,1,94" ten="366,250,134,250" oya="0" hai0="113,30,82,44,75,106,86,8,26,111,85,129,9" hai1="91,3,1,46,59,24,52,43,49,54,47,33,102" hai2="6,15,14,63,127,77,61,95,110,37,87,29,11" hai3="76,40,20,79,115,71,13,103,124,36,66,32,51"/><T112/><D129/><U0/><E102/><V120/><F37/><W123/><G115/><T104/><D75/><U83/><E33/><V18/><F120/><W105/><G32/><T62/><D111/><U108/><E108/><V74/><F110/><W35/><G35/><T58/><D44/><U21/><E83/><V98/><F74/><W65/><G36/><T78/><D26/><U48/><E91/><V68/><F68/><W107/><G40/><T60/><D82/><U5/><E5/><V100/><F29/><W25/><G51/><T2/><D30/><U97/><E97/><V55/><F127/><W121/><G13/><T90/><D90/><U67/><E67/><V89/><F77/><W114/><G20/><T125/><D78/><U50/><REACH who="1" step="1"/><E3/><REACH who="1" ten="366,240,134,250" step="2"/><V70/><F70/><W22/><G103/><T126/><D2/><U72/><E72/><V38/><F38/><W42/><G65/><T31/><D125/><U134/><E134/><V116/><F116/><W119/><G66/><T19/><D126/><U133/><E133/><V41/><F41/><W39/><G42/><T81/><D81/><U130/><E130/><V73/><F73/><W122/><G39/><T16/><D113/><U4/><E4/><V34/><F34/><W56/><G71/><T53/><D112/><U12/><E12/><V128/><F128/><W92/><G114/><T80/><D80/><U10/><E10/><N who="2" m="6487" /><F55/><W118/><G124/><T88/><D53/><U17/><AGARI ba="1,1" hai="0,1,17,21,24,43,46,47,48,49,50,52,54,59" machi="17" ten="20,5200,0" yaku="1,1,0,1,7,1,54,1,53,0" doraHai="94" doraHaiUra="109" who="1" fromWho="1" sc="366,-27,240,65,134,-14,250,-14" /><INIT seed="1,0,0,4,4,70" ten="339,305,120,236" oya="1" hai0="36,116,100,6,47,73,102,111,69,134,42,19,122" hai1="105,130,23,20,64,1,39,123,95,87,56,52,129" hai2="135,2,41,110,26,53,72,131,88,75,5,24,51" hai3="83,66,3,60,108,25,90,114,81,22,99,43,124"/><U77/><E123/><V63/><F110/><W107/><G114/><T61/><D116/><U46/><E105/><V28/><F131/><N who="1" m="50185" /><E1/><V27/><F135/><W84/><G108/><T10/><D111/><U118/><E118/><V71/><F28/><W8/><G124/><T15/><D134/><U59/><E77/><V85/><F41/><W54/><G43/><T55/><D73/><U9/><E9/><V79/><F79/><W91/><G54/><T32/><D32/><U74/><E74/><V13/><F2/><W132/><G132/><T109/><D109/><U58/><E64/><V11/><F63/><W35/><G35/><T86/><D122/><U119/><E39/><V80/><REACH who="2" step="1"/><F71/><REACH who="2" ten="339,305,110,236" step="2"/><W7/><G60/><T65/><D55/><U40/><E40/><V128/><F128/><W94/><G66/><T33/><D33/><U82/><E52/><V68/><F68/><W0/><G0/><T37/><D37/><U115/><E119/><V48/><F48/><W121/><G121/><T17/><D36/><U104/><E115/><V44/><AGARI ba="0,1" hai="5,11,13,24,26,27,44,51,53,72,75,80,85,88" machi="44" ten="30,4000,0" yaku="1,1,0,1,54,1,53,0" doraHai="70" doraHaiUra="30" who="2" fromWho="2" sc="339,-10,305,-20,110,50,236,-10" /><INIT seed="2,0,0,1,2,37" ten="329,285,160,226" oya="2" hai0="2,103,13,61,10,69,113,9,24,71,93,121,97" hai1="78,20,62,72,34,15,39,102,36,124,87,89,122" hai2="107,14,54,79,75,109,94,90,119,47,134,12,105" hai3="1,21,68,73,85,64,49,60,65,46,29,76,70"/><V16/><F119/><W88/><G1/><T51/><D121/><U23/><E34/><V26/><F26/><W11/><G11/><T0/><D113/><U99/><E124/><V127/><F127/><W66/><G76/><T120/><D120/><U53/><E39/><V95/><F134/><W57/><G73/><T130/><D130/><U31/><E36/><V3/><F3/><W18/><G29/><T45/><D24/><U30/><E53/><V42/><F54/><W56/><G70/><T118/><D118/><U81/><E62/><V38/><F12/><W115/><G68/><T98/><D61/><U129/><E129/><V92/><F90/><W126/><G115/><T50/><D93/><N who="1" m="54463" /><E122/><V83/><REACH who="2" step="1"/><F109/><REACH who="2" ten="329,285,150,226" step="2"/><W63/><G126/><T84/><D13/><U19/><E23/><AGARI ba="0,1" hai="14,16,23,38,42,47,75,79,83,92,94,95,105,107" machi="23" ten="40,12000,1" yaku="1,1,2,1,52,1,54,1,53,0" doraHai="37" doraHaiUra="25" who="2" fromWho="1" sc="329,0,285,-120,150,130,226,0" /><INIT seed="2,1,0,4,2,115" ten="329,165,280,226" oya="2" hai0="68,118,83,64,84,45,112,18,72,65,36,24,92" hai1="39,21,88,90,48,77,2,37,58,74,55,131,97" hai2="11,5,49,66,76,130,42,94,9,113,135,44,70" hai3="35,67,125,127,23,26,41,82,22,34,128,86,96"/><V91/><F113/><W27/><G128/><T114/><D72/><U98/><E131/><V104/><F104/><W25/><G41/><T102/><D45/><U15/><E2/><V69/><F130/><W101/><G67/><T119/><D36/><U78/><E39/><V106/><F106/><W14/><G14/><T95/><D18/><U62/><E37/><V19/><F135/><W0/><G0/><T31/><D64/><U108/><E108/><V32/><F32/><W47/><G47/><T105/><D65/><U75/><E75/><V6/><F76/><W134/><G134/><T71/><D71/><U79/><E74/><V109/><F109/><W122/><G122/><T10/><D10/><U50/><E15/><V73/><F73/><W124/><G34/><N who="0" m="20839" /><D68/><U111/><E21/><V126/><F19/><W28/><G35/><T59/><D59/><U103/><E111/><V53/><F66/><W1/><G1/><T38/><D38/><U81/><E81/><V99/><F126/><W8/><G8/><N who="2" m="3145" /><F42/><W20/><G28/><T3/><D92/><U52/><E62/><V56/><F44/><W16/><G16/><T13/><D105/><U4/><E4/><N who="2" m="1643" /><F70/><W40/><G40/><T120/><D13/><U61/><E61/><V110/><F69/><W63/><G63/><T132/><D3/><U33/><E33/><V57/><F110/><W87/><G82/><T121/><D114/><U93/><E98/><N who="2" m="57695" /><F57/><AGARI ba="1,0" hai="48,50,52,55,57,58,77,78,79,88,90,93,97,103" machi="57" ten="40,8000,1" yaku="9,1,8,1,54,2" doraHai="115" who="1" fromWho="2" sc="329,0,165,83,280,-83,226,0" /><INIT seed="3,0,0,1,3,118" ten="329,248,197,226" oya="3" hai0="106,87,26,91,98,57,111,89,113,0,15,27,114" hai1="33,101,30,24,121,5,51,34,45,48,71,60,12" hai2="79,28,65,84,117,38,103,92,3,108,21,125,129" hai3="11,42,61,130,9,99,23,131,25,128,76,85,70"/><W94/><G42/><T16/><D0/><U44/><E121/><V80/><F117/><W2/><G2/><T36/><D36/><U4/><E101/><V116/><F116/><W56/><G70/><T39/><D39/><U43/><E12/><V124/><F38/><W62/><G85/><T93/><D57/><U112/><E34/><V47/><F3/><W77/><G76/><T135/><D111/><U126/><E126/><N who="2" m="48747" /><F108/><W69/><G77/><T46/><D46/><U49/><E112/><N who="0" m="43113" /><D135/><U127/><E51/><V110/><F110/><W31/><G69/><T35/><D35/><U107/><E107/><V53/><F65/><W8/><REACH who="3" step="1"/><G56/><REACH who="3" ten="329,248,197,216" step="2"/><T41/><D41/><U29/><E71/><V19/><F129/><W22/><G22/><N who="0" m="11551" /><D106/><U52/><E127/><V14/><F28/><W133/><G133/><T115/><D115/><U59/><E30/><V7/><F7/><W18/><G18/><T90/><D87/><U123/><E29/><V40/><F40/><W20/><G20/><T120/><D120/><U66/><E123/><V32/><F32/><W122/><G122/><T68/><D68/><U132/><E132/><V50/><F103/><AGARI ba="0,1" hai="8,9,11,23,25,31,61,62,94,99,103,128,130,131" machi="103" ten="50,4800,0" yaku="1,1,19,1,53,0" doraHai="118" doraHaiUra="55" who="3" fromWho="2" sc="329,0,248,0,197,-48,216,58" /><AGARI ba="0,0" hai="26,27,89,90,91,93,98,103" m="11551,43113" machi="103" ten="30,2000,0" yaku="11,1,54,1" doraHai="118" who="0" fromWho="2" sc="329,20,248,0,149,-20,274,0" /><INIT seed="3,1,0,1,1,25" ten="349,248,129,274" oya="3" hai0="103,119,19,3,100,28,39,33,107,43,9,48,5" hai1="96,4,65,121,88,26,34,133,57,97,55,110,127" hai2="1,93,116,112,21,64,91,75,126,49,123,132,130" hai3="114,87,35,94,32,80,113,38,58,27,16,30,95"/><W81/><G38/><T106/><D119/><U18/><E121/><V105/><F21/><W84/><G27/><N who="0" m="18591" /><D48/><U14/><E110/><V62/><F49/><W135/><G58/><T53/><D53/><U70/><E127/><V41/><F93/><W31/><REACH who="3" step="1"/><G16/><REACH who="3" ten="349,248,129,264" step="2"/><T128/><D19/><U120/><E57/><V7/><F7/><W74/><G74/><T20/><D39/><U42/><E26/><V24/><F24/><W11/><G11/><T54/><D9/><U134/><E18/><V72/><F64/><W92/><G92/><T79/><D107/><U44/><E4/><V98/><F62/><W47/><G47/><T73/><D106/><U29/><E44/><V108/><F41/><W104/><G104/><T89/><D43/><U99/><E65/><V13/><F13/><W0/><G0/><T51/><D5/><U125/><E14/><V17/><F17/><W67/><G67/><T118/><D3/><U2/><E2/><V15/><F15/><W83/><G83/><T131/><D73/><U8/><E8/><V37/><F98/><W59/><G59/><T6/><D6/><U109/><E96/><V77/><F77/><W78/><G78/><T117/><D79/><U23/><E97/><V60/><F60/><W129/><G129/><T36/><D128/><U85/><E99/><V12/><F12/><W66/><G66/><T86/><D131/><U63/><E63/><V102/><F102/><W111/><G111/><T90/><D36/><U82/><E109/><V46/><F75/><W101/><G101/><T68/><D103/><U115/><E42/><RYUUKYOKU ba="1,1" sc="349,-10,248,-10,129,-10,264,30" hai3="30,31,32,35,80,81,84,87,94,95,113,114,135" /><INIT seed="3,2,1,2,5,90" ten="339,238,119,294" oya="3" hai0="46,58,124,69,113,34,62,127,98,31,128,111,1" hai1="40,44,75,109,11,18,50,88,132,23,70,35,53" hai2="82,21,65,107,55,38,66,100,17,5,41,106,37" hai3="104,47,43,2,93,96,63,135,32,33,108,97,19"/><W16/><G135/><T103/><D111/><U126/><E109/><V95/><F107/><W48/><G108/><T74/><D1/><U134/><E70/><V72/><F106/><W116/><G116/><T120/><D74/><U59/><E35/><V119/><F119/><W99/><G2/><T51/><D120/><U101/><E101/><V118/><F118/><W29/><G104/><T64/><D128/><U112/><E112/><V22/><F72/><W80/><G80/><T79/><D79/><U133/><E126/><N who="0" m="48169" /><D113/><U8/><E75/><V56/><F38/><W77/><G77/><T122/><D122/><U36/><E88/><V81/><F37/><W7/><G7/><T89/><D89/><U4/><REACH who="1" step="1"/><E4/><REACH who="1" ten="339,228,119,294" step="2"/><V110/><F110/><W12/><G33/><T117/><D69/><U84/><E84/><V86/><F5/><W10/><G32/><T76/><D117/><U39/><E39/><V60/><F100/><W130/><G130/><T45/><D103/><U114/><E114/><V61/><F41/><W9/><G29/><T25/><D98/><U6/><E6/><V91/><F55/><W27/><G93/><T78/><D76/><U73/><E73/><V123/><F123/><W3/><G3/><T0/><D78/><U125/><E125/><V67/><F67/><W105/><G105/><T68/><D0/><U28/><E28/><V87/><F87/><W20/><G63/><T14/><D68/><U15/><AGARI ba="2,2" hai="8,11,15,18,23,36,40,44,50,53,59,132,133,134" machi="15" ten="30,4000,0" yaku="1,1,0,1,20,1,53,0" doraHai="90" doraHaiUra="102" who="1" fromWho="1" sc="339,-12,228,66,119,-12,294,-22" owari="327,42.7,294,9.4,107,-39.3,272,-12.8" /></mjloggm>