<mjloggm ver="2.3"><GO type="225" lobby="0"/><UN n0="%E3%81%B5%E3%81%98%E3%81%8B%E3%81%A4" n1="%E4%BA%BA%E9%96%93%E3%83%81%E3%83%A3%E3%83%BC%E3%83%8F%E3%83%B3" n2="%E6%9D%B1%E9%A2%A8%E3%81%AE%E3%81%8D%E3%82%83%E3%81%B7%E3%81%95%E3%82%93" n3="%E5%86%B7%E5%87%8D%E3%82%AE%E3%83%A7%E3%83%BC%E3%82%B6" dan="17,16,17,17" rate="2206.42,2095.58,2200.70,2219.75" sx="M,M,M,M"/><TAIKYOKU oya="0"/><INIT seed="0,0,0,3,1,122" ten="250,250,250,250" oya="0" hai0="80,64,105,132,29,2,3,120,42,103,107,92,7" hai1="87,82,16,99,17,23,77,127,74,35,129,85,113" hai2="112,104,0,88,81,61,13,44,79,50,26,14,67" hai3="33,125,69,10,32,73,110,40,63,8,55,58,95"/><T90/><D120/><U48/><E113/><V54/><F104/><W106/><G106/><T4/><D132/><U121/><E121/><V5/><F112/><W53/><G125/><T24/><D42/><U37/><E37/><V11/><F26/><W56/><G69/><T20/><D64/><U100/><E35/><V96/><F96/><W133/><G73/><T43/><D43/><U123/><E123/><V22/><F22/><W28/><G40/><T134/><D134/><U46/><E129/><V108/><F108/><W86/><G133/><T119/><D119/><U66/><E66/><V84/><REACH who="2" step="1"/><F79/><REACH who="2" ten="250,250,240,250" step="2"/><W49/><G33/><T6/><D107/><U114/><E114/><V97/><F97/><W78/><G78/><T45/><D105/><U126/><E126/><V25/><F25/><W101/><G32/><T135/><D135/><U62/><E127/><V34/><F34/><W115/><G115/><T21/><D21/><U30/><E23/><V59/><AGARI ba="0,1" hai="0,5,11,13,14,44,50,54,59,61,67,81,84,88" machi="59" ten="20,8000,1" yaku="1,1,0,1,7,1,54,1,53,1" doraHai="122" doraHaiUra="47" who="2" fromWho="2" sc="250,-40,250,-20,240,90,250,-20" /><INIT seed="1,0,0,0,4,15" ten="210,230,330,230" oya="1" hai0="131,45,53,93,43,123,109,5,66,105,128,86,59" hai1="49,10,41,28,103,24,116,90,75,106,74,97,70" hai2="22,119,35,62,102,36,54,98,21,26,31,113,115" hai3="129,87,63,42,61,118,91,4,60,64,68,56,104"/><U11/><E116/><V89/><F36/><W77/><G129/><N who="0" m="49739" /><D105/><U23/><E70/><V114/><F89/><W125/><G125/><T14/><D109/><U50/><E90/><V40/><F40/><W112/><G112/><T94/><D86/><U100/><E100/><V79/><F79/><W19/><G118/><T20/><D66/><U99/><E99/><V122/><F122/><W67/><G104/><T132/><D132/><U134/><E134/><V7/><F7/><W1/><G42/><T120/><D5/><U16/><E10/><V52/><F119/><W65/><G77/><T55/><D14/><U8/><E8/><V121/><F121/><N who="0" m="46666" /><D20/><N who="2" m="7786" /><F62/><W25/><G25/><T33/><D33/><U39/><E39/><V51/><F51/><W44/><G4/><T78/><D78/><U124/><E124/><V69/><F69/><W18/><G1/><T71/><D71/><U88/><E88/><V29/><F29/><W133/><G133/><T117/><D117/><U96/><E96/><V57/><F57/><W80/><G44/><T37/><D55/><U127/><E127/><V34/><F34/><W38/><G38/><T0/><D0/><U108/><E108/><V12/><F12/><W13/><G13/><T92/><D92/><AGARI ba="0,0" hai="26,31,35,52,54,92,98,102,113,114,115" m="7786" machi="92" ten="30,2000,0" yaku="11,1,54,1" doraHai="15" who="2" fromWho="0" sc="210,-20,230,0,330,20,230,0" /><INIT seed="2,0,0,2,4,7" ten="190,230,350,230" oya="2" hai0="6,133,132,78,101,62,124,89,110,91,16,32,35" hai1="61,5,130,126,76,3,95,48,83,75,14,100,114" hai2="52,57,98,0,77,117,134,92,108,115,15,47,127" hai3="12,93,38,81,66,123,68,79,64,8,67,86,36"/><V125/><F0/><W54/><G123/><T42/><D42/><U96/><E114/><V122/><F77/><W40/><G68/><T72/><D101/><U109/><E109/><V50/><F122/><W34/><G34/><T53/><D110/><U46/><E126/><V120/><F108/><W18/><G40/><T2/><D124/><U104/><E130/><V97/><F98/><W99/><REACH who="3" step="1"/><G54/><REACH who="3" ten="190,230,350,220" step="2"/><T90/><D53/><U102/><E3/><V24/><F52/><W128/><G128/><T70/><D70/><U107/><E100/><AGARI ba="0,1" hai="8,12,18,36,38,64,66,67,79,81,86,93,99,100" machi="100" ten="40,2600,0" yaku="1,1,52,1,53,0" doraHai="7" doraHaiUra="23" who="3" fromWho="1" sc="190,0,230,-26,350,0,220,36" /><INIT seed="3,0,0,2,4,101" ten="190,204,350,256" oya="3" hai0="49,79,98,119,38,45,71,85,16,92,113,11,95" hai1="54,14,19,3,133,37,12,94,82,8,66,42,0" hai2="73,68,64,76,24,114,10,44,89,77,5,9,23" hai3="62,106,80,27,47,56,127,32,124,2,103,109,129"/><W59/><G129/><T61/><D119/><U102/><E133/><V31/><F114/><W135/><G135/><T107/><D38/><U58/><E66/><V39/><F10/><W70/><G2/><T75/><D75/><U120/><E120/><V88/><F64/><N who="3" m="41239" /><G80/><N who="0" m="47263" /><D107/><U50/><E82/><N who="2" m="45327" /><F77/><W122/><G47/><T104/><D104/><U126/><E126/><N who="3" m="48170" /><G109/><T90/><D71/><U65/><E65/><V69/><F69/><W7/><G7/><T108/><D108/><U35/><E35/><V17/><F31/><N who="3" m="19583" /><G122/><T78/><D113/><U87/><E0/><N who="2" m="167" /><F68/><W29/><G29/><T99/><D78/><U33/><E33/><V46/><F46/><W132/><G132/><T86/><D95/><U125/><E125/><V30/><F30/><W130/><G130/><T128/><D128/><U131/><E131/><V93/><F93/><W84/><G84/><T25/><D86/><U118/><E118/><V4/><F4/><W91/><G91/><T63/><D99/><AGARI ba="0,0" hai="56,59,99,103,106" m="19583,48170,41239" machi="99" ten="30,5800,0" yaku="25,1,18,1,52,1" doraHai="101" who="3" fromWho="0" sc="190,-58,204,0,350,0,256,58" /><INIT seed="3,1,0,0,2,65" ten="132,204,350,314" oya="3" hai0="57,2,43,1,111,58,133,28,16,122,32,62,0" hai1="90,108,61,5,102,134,105,91,77,54,40,25,17" hai2="92,94,6,96,104,115,44,74,80,123,50,72,38" hai3="20,75,49,33,41,22,116,46,18,13,14,100,11"/><W45/><G116/><T84/><D122/><U31/><E108/><V124/><F38/><W76/><G33/><T128/><D111/><U130/><E130/><V98/><F6/><W66/><G100/><T81/><D128/><U73/><E134/><V110/><F104/><W4/><G76/><T60/><D133/><U52/><E40/><V29/><F29/><W85/><G75/><T71/><D43/><U10/><E17/><V135/><F115/><W48/><G85/><T24/><D62/><U93/><E105/><V68/><F68/><W7/><G66/><T95/><D95/><U51/><E102/><V112/><F112/><W34/><G34/><T125/><D125/><U63/><E77/><V114/><F114/><W87/><G87/><T119/><D119/><U83/><E83/><V89/><F135/><W121/><G121/><T19/><D71/><U88/><E93/><V3/><F3/><W27/><G20/><T126/><D126/><U42/><E42/><V56/><F123/><W64/><G64/><T78/><REACH who="0" step="1"/><D57/><REACH who="0" ten="122,204,350,314" step="2"/><N who="1" m="32927" /><E73/><V69/><F69/><W53/><REACH who="3" step="1"/><G14/><REACH who="3" ten="122,204,350,304" step="2"/><T118/><D118/><U131/><E131/><V67/><F72/><W103/><G103/><T101/><D101/><U30/><E25/><V86/><F74/><W99/><G99/><T21/><D21/><U82/><E82/><V59/><F124/><W79/><G79/><T26/><D26/><U36/><E90/><V12/><F98/><W15/><G15/><T120/><D120/><U132/><E132/><V127/><F12/><W37/><G37/><T8/><D8/><U117/><E36/><RYUUKYOKU ba="1,2" sc="122,15,204,-15,350,-15,304,15" hai0="0,1,2,16,19,24,28,32,58,60,78,81,84" hai3="4,7,11,13,18,22,27,41,45,46,48,49,53" /><INIT seed="3,2,2,1,0,98" ten="137,189,335,319" oya="3" hai0="10,99,105,39,71,0,127,57,52,133,43,108,86" hai1="16,40,37,18,46,28,70,90,75,116,32,84,61" hai2="129,54,83,56,33,97,76,67,130,120,6,63,111" hai3="87,91,38,95,45,80,123,5,26,11,1,65,102"/><W77/><G123/><T101/><D108/><U55/><E75/><V12/><F120/><W114/><G114/><T66/><D127/><U126/><E126/><V36/><F111/><W69/><G102/><T29/><D86/><U48/><E116/><V2/><F36/><W125/><G125/><T13/><D0/><U68/><E28/><V7/><F33/><W85/><G26/><T20/><D133/><U41/><E32/><V23/><F97/><W135/><G135/><T14/><D71/><U8/><E41/><V82/><F2/><W104/><G104/><T134/><D134/><U27/><E8/><V110/><F67/><W107/><G107/><T106/><D66/><U4/><E4/><V59/><F59/><W115/><G115/><T62/><D106/><U25/><E68/><V132/><F132/><W24/><G24/><N who="1" m="9290" /><E37/><V30/><F110/><W22/><G22/><T113/><D113/><U31/><E31/><V51/><F30/><W44/><REACH who="3" step="1"/><G38/><REACH who="3" ten="137,189,335,309" step="2"/><T124/><D124/><U9/><E9/><V103/><F103/><W19/><G19/><N who="0" m="10359" /><D29/><U58/><E70/><V34/><F34/><W64/><G64/><T81/><D39/><U73/><E73/><V21/><F21/><W122/><G122/><T15/><D10/><U109/><E109/><V89/><F23/><W117/><G117/><T96/><D105/><U88/><E18/><V121/><F121/><W3/><G3/><T79/><D15/><U112/><E112/><V60/><F12/><W74/><G74/><N who="0" m="43255" /><D13/><U119/><E119/><V72/><F72/><W131/><G131/><T78/><D101/><RYUUKYOKU ba="2,3" sc="137,-10,189,-10,335,-10,309,30" hai3="1,5,11,44,45,65,69,77,80,85,87,91,95" owari="127,-37.3,179,-22.1,325,12.5,369,46.9" /></mjloggm>