<mjloggm ver="2.3"><GO type="225" lobby="0"/><UN n0="%E3%81%AF%E3%82%88%E3%81%8A%E3%81%98%E3%81%95%E3%82%93" n1="%E9%80%9F%E6%B0%B4%E5%87%9B%E9%A6%99" n2="%E5%B8%86%E7%AB%8B%E5%A4%8F%E8%A1%A3" n3="%E3%81%8F%E3%82%8A%E3%83%94%E3%83%BC" dan="16,16,16,16" rate="2186.79,2116.83,2105.68,2091.24" sx="M,F,M,M"/><TAIKYOKU oya="0"/><INIT seed="0,0,0,3,3,6" ten="250,250,250,250" oya="0" hai0="65,121,59,76,104,73,110,106,52,62,131,37,111" hai1="18,3,120,118,67,51,42,41,125,129,21,12,32" hai2="56,74,128,24,102,86,122,72,100,5,68,115,66" hai3="27,39,7,134,58,79,20,13,91,107,25,75,22"/><T95/><D121/><U78/><E120/><V127/><F122/><W4/><G39/><T81/><D37/><U43/><E118/><V46/><F68/><W15/><G107/><T50/><D131/><U17/><E32/><V124/><F115/><W48/><G75/><N who="2" m="28713" /><F46/><W30/><G79/><T49/><D95/><U119/><E119/><V117/><F117/><W135/><G91/><T8/><D8/><U2/><E129/><V55/><F66/><W89/><G89/><T61/><D49/><U33/><E78/><V70/><F70/><W87/><G87/><T83/><D83/><U29/><E125/><N who="2" m="48203" /><F128/><W103/><G103/><T57/><REACH who="0" step="1"/><D50/><REACH who="0" ten="240,250,250,250" step="2"/><U109/><E51/><V112/><F102/><W84/><G48/><T10/><D10/><U114/><E2/><V1/><F1/><W101/><G101/><T77/><D77/><U0/><E0/><V97/><F100/><W40/><G4/><T71/><D71/><U133/><E3/><V99/><F5/><W31/><G7/><T53/><D53/><U23/><E43/><V19/><F55/><W123/><G40/><T130/><D130/><U28/><E42/><V93/><F93/><W11/><G11/><T98/><D98/><U44/><E41/><V105/><F99/><W92/><G123/><T108/><AGARI ba="0,1" hai="52,57,59,61,62,65,73,76,81,104,106,108,110,111" machi="108" ten="30,12000,1" yaku="1,1,0,1,14,1,10,1,54,1,53,0" doraHai="6" doraHaiUra="94" who="0" fromWho="0" sc="240,130,250,-40,250,-40,250,-40" /><INIT seed="0,1,0,0,3,40" ten="370,210,210,210" oya="0" hai0="130,128,61,133,134,132,65,113,127,0,118,49,73" hai1="25,90,16,17,45,135,46,18,9,72,98,58,112" hai2="4,91,6,97,60,96,92,43,85,114,34,26,2" hai3="21,121,84,109,69,119,48,27,105,37,79,15,55"/><T14/><D0/><U102/><E72/><V53/><F114/><W10/><G119/><T100/><D118/><U32/><E112/><V78/><F43/><W56/><G109/><T54/><D113/><U126/><E135/><V120/><F120/><W52/><G69/><T28/><D73/><U7/><E126/><V30/><F2/><W71/><G71/><N who="0" m="42415" /><D28/><U87/><E25/><V11/><F11/><W47/><G105/><T88/><D100/><U94/><E32/><V1/><F1/><W131/><G131/><N who="0" m="50219" /><D14/><N who="1" m="5439" /><E58/><V36/><F30/><W108/><G108/><T33/><D33/><U110/><E110/><V59/><F34/><W77/><G121/><T80/><D80/><AGARI ba="1,0" hai="16,17,18,45,46,80,87,90,94,98,102" m="5439" machi="80" ten="30,7700,0" yaku="8,1,52,2,54,1" doraHai="40" who="1" fromWho="0" sc="370,-80,210,80,210,0,210,0" /><INIT seed="1,0,0,3,4,54" ten="290,290,210,210" oya="1" hai0="61,26,115,134,14,5,10,78,41,29,35,15,47" hai1="53,57,67,44,114,1,40,48,39,102,112,80,81" hai2="126,33,84,55,96,23,131,94,17,46,72,82,13" hai3="60,52,9,6,7,16,113,107,85,100,2,22,50"/><U56/><E102/><V36/><F126/><W98/><G113/><N who="1" m="43626" /><E81/><V0/><F131/><W105/><G7/><T123/><D115/><U31/><E80/><V101/><F33/><W127/><G127/><T97/><D134/><U71/><E31/><V43/><F0/><W128/><G128/><T74/><D123/><U63/><E1/><V75/><REACH who="2" step="1"/><F55/><REACH who="2" ten="290,290,200,210" step="2"/><W73/><G60/><T76/><D61/><U132/><E132/><V38/><F38/><W92/><G73/><T12/><D74/><U133/><E133/><V51/><F51/><W20/><G20/><T130/><D130/><U90/><E90/><AGARI ba="0,1" hai="13,17,23,36,43,46,72,75,82,84,90,94,96,101" machi="90" ten="30,2000,0" yaku="1,1,7,1,53,0" doraHai="54" doraHaiUra="66" who="2" fromWho="1" sc="290,0,290,-20,200,30,210,0" /><INIT seed="2,0,0,5,5,17" ten="290,270,230,210" oya="2" hai0="92,45,93,97,124,70,131,114,94,123,30,26,127" hai1="29,68,115,120,43,87,15,61,42,32,11,51,67" hai2="108,57,132,58,89,126,39,118,69,56,23,60,77" hai3="0,2,36,104,8,1,100,12,50,119,117,90,106"/><V103/><F118/><W7/><G36/><T52/><D114/><U28/><E115/><V19/><F39/><W75/><G75/><T86/><D123/><U83/><E120/><V107/><F126/><N who="0" m="48170" /><D70/><U109/><E109/><V22/><F132/><W6/><G90/><N who="0" m="53335" /><D131/><U133/><E133/><V33/><F33/><W20/><G50/><N who="0" m="28751" /><D97/><U122/><E122/><V135/><F135/><W64/><G64/><T47/><D47/><U125/><E125/><V91/><F108/><W84/><G84/><T44/><D44/><U134/><E134/><V63/><F69/><W38/><G38/><T13/><D13/><U3/><E3/><V18/><F103/><W113/><G113/><T5/><D5/><U99/><E99/><V41/><F41/><W66/><G66/><T49/><D49/><U111/><E111/><V78/><F58/><W112/><G112/><T40/><D40/><U105/><E105/><AGARI ba="0,0" hai="18,19,22,23,56,57,60,63,77,78,89,91,105,107" machi="105" ten="25,9600,0" yaku="22,2,52,2" doraHai="17" who="2" fromWho="1" sc="290,0,270,-96,230,96,210,0" /><INIT seed="2,1,0,3,3,98" ten="290,174,326,210" oya="2" hai0="132,49,33,116,118,32,30,54,47,95,102,111,103" hai1="113,90,29,88,131,28,82,38,92,81,69,3,15" hai2="9,48,66,65,93,84,86,114,68,87,41,64,58" hai3="10,8,7,85,17,97,56,72,108,122,74,27,121"/><V127/><F114/><W105/><G108/><T36/><D111/><U124/><E113/><V12/><F127/><W109/><G109/><T71/><D71/><U63/><E38/><V45/><F68/><W60/><G85/><T104/><D104/><U23/><E3/><V76/><F93/><W26/><G74/><T91/><D36/><U119/><E119/><N who="0" m="45609" /><D132/><U42/><E42/><V55/><F76/><W22/><G27/><N who="0" m="18527" /><D33/><U134/><E134/><V4/><REACH who="2" step="1"/><F41/><REACH who="2" ten="290,174,316,210" step="2"/><W79/><G79/><T24/><D24/><U107/><E124/><V52/><F52/><W18/><G26/><T34/><D34/><U43/><E43/><V89/><F89/><W5/><G122/><T57/><D57/><AGARI ba="1,1" hai="4,9,12,45,48,55,57,58,64,65,66,84,86,87" machi="57" ten="40,3900,0" yaku="1,1,8,1,53,0" doraHai="98" doraHaiUra="130" who="2" fromWho="0" sc="290,-42,174,0,316,52,210,0" /><INIT seed="2,2,0,5,3,64" ten="248,174,368,210" oya="2" hai0="96,32,77,134,47,127,2,100,16,112,51,66,44" hai1="28,29,33,123,26,97,126,121,91,129,118,110,46" hai2="68,109,4,11,49,8,119,80,19,117,30,73,25" hai3="37,81,38,45,135,132,21,128,62,84,89,130,76"/><V103/><F103/><W79/><G21/><T113/><D2/><U36/><E118/><V56/><F73/><W15/><G15/><T98/><D32/><U107/><E110/><V13/><F80/><W105/><G45/><T99/><D100/><U6/><E6/><V102/><F102/><W83/><G105/><T48/><D66/><U12/><E107/><V27/><F109/><W95/><G62/><T58/><D58/><U114/><E114/><V90/><F90/><W60/><G60/><T75/><D127/><U88/><E97/><V43/><F68/><W42/><G42/><T39/><D39/><U0/><E0/><V111/><F111/><W85/><G89/><T108/><D108/><U92/><E126/><V17/><F27/><W20/><G20/><T78/><D134/><U87/><E129/><V31/><F31/><W122/><G95/><T86/><D75/><U67/><E12/><V116/><F11/><W70/><G122/><N who="1" m="46602" /><E67/><V72/><F72/><W10/><G10/><T74/><D74/><U65/><E65/><V106/><F106/><W101/><G101/><T57/><D96/><U59/><E59/><V94/><F56/><W124/><G124/><T63/><D57/><U71/><E71/><AGARI ba="2,0" hai="37,38,70,71,76,79,81,83,84,85,128,130,132,135" machi="71" ten="25,6400,0" yaku="22,2,52,2" doraHai="64" who="3" fromWho="1" sc="248,0,174,-70,368,0,210,70" /><INIT seed="3,0,0,5,5,68" ten="248,104,368,280" oya="3" hai0="99,71,84,55,57,94,134,11,125,44,115,112,87" hai1="118,17,15,52,41,129,113,42,38,91,102,119,116" hai2="37,85,126,82,10,120,70,6,56,21,127,39,124" hai3="45,31,33,19,32,83,105,34,95,98,62,88,63"/><W122/><G122/><T106/><D71/><U29/><E113/><N who="0" m="43593" /><D125/><U103/><E129/><V111/><F111/><W3/><G3/><T81/><D134/><U12/><E29/><V109/><F109/><W59/><G105/><T51/><D106/><U5/><E5/><V100/><F70/><W131/><G131/><T73/><D11/><U76/><E76/><V60/><F21/><W4/><G4/><T128/><D128/><U7/><E7/><V67/><F100/><W101/><G31/><T96/><D57/><U107/><E107/><V72/><F72/><W9/><G45/><T66/><D66/><U26/><E91/><N who="2" m="51639" /><F120/><W36/><G36/><T16/><D16/><U86/><E86/><N who="0" m="32809" /><D94/><U0/><E0/><AGARI ba="0,0" hai="0,6,10,37,39,56,60,67,124,126,127" m="51639" machi="0" ten="30,3900,0" yaku="18,1,52,2" doraHai="68" who="2" fromWho="1" sc="248,0,104,-39,368,39,280,0" owari="248,-15.2,65,-43.5,407,50.7,280,8.0" /></mjloggm>