<mjloggm ver="2.3"><GO type="225" lobby="0"/><UN n0="%6A%70%74%77%61%32" n1="%E6%80%AA%E3%81%97%E3%81%99%E3%81%8E%E3%82%8B%E3%83%81%E3%83%BC" n2="%E3%81%86%E3%83%BC%E3%81%B1%E3%83%BC" n3="%E3%81%AF%E3%82%88%E3%81%8A%E3%81%98%E3%81%95%E3%82%93" dan="16,16,16,17" rate="2044.61,2146.99,2102.21,2204.34" sx="M,M,F,M"/><TAIKYOKU oya="0"/><INIT seed="0,0,0,4,4,62" ten="250,250,250,250" oya="0" hai0="55,19,8,43,7,118,126,122,12,30,120,109,121" hai1="68,85,21,114,84,5,31,103,57,77,9,28,82" hai2="128,53,94,36,78,4,88,24,34,10,124,135,32" hai3="93,91,49,64,87,72,61,89,90,48,51,111,132"/><T33/><D43/><U2/><E68/><V76/><F36/><W39/><G111/><T38/><D38/><U67/><E114/><V56/><F135/><W79/><G132/><T40/><D40/><U92/><E21/><V29/><F124/><W63/><G63/><T58/><D118/><U101/><E57/><V123/><F128/><W47/><G72/><T22/><D126/><U98/><E67/><V70/><F34/><W108/><G108/><T73/><D73/><U69/><E69/><V106/><F106/><W13/><G39/><T80/><D80/><U54/><E54/><V113/><F70/><W18/><G47/><T112/><D112/><U52/><E52/><V14/><F113/><W125/><G125/><T3/><D109/><U99/><REACH who="1" step="1"/><E85/><REACH who="1" ten="250,240,250,250" step="2"/><V20/><F32/><W59/><REACH who="3" step="1"/><G79/><REACH who="3" ten="250,240,250,240" step="2"/><T134/><D134/><U116/><E116/><V86/><REACH who="2" step="1"/><F123/><REACH who="2" ten="250,240,240,240" step="2"/><W107/><G107/><AGARI ba="0,3" hai="2,5,9,28,31,77,82,84,92,98,99,101,103,107" machi="107" ten="30,2000,0" yaku="1,1,7,1,53,0" doraHai="62" doraHaiUra="133" who="1" fromWho="3" sc="250,0,240,50,240,0,240,-20" /><INIT seed="1,0,0,1,0,118" ten="250,290,240,220" oya="1" hai0="134,98,27,97,9,59,123,68,101,71,58,45,22" hai1="15,23,6,2,135,56,61,40,117,76,93,121,62" hai2="112,120,36,55,51,17,83,116,104,33,95,107,125" hai3="131,49,4,42,129,50,47,41,14,94,46,132,124"/><U52/><E121/><V5/><F116/><W38/><G94/><T13/><D123/><U32/><E117/><V74/><F36/><W130/><G4/><T8/><D134/><U88/><E32/><V128/><F120/><W0/><G0/><T82/><D82/><U7/><E2/><V133/><F33/><W102/><G102/><T43/><D68/><U11/><E135/><V109/><F5/><W126/><G132/><T67/><D71/><U26/><E7/><V86/><F74/><W21/><REACH who="3" step="1"/><G38/><REACH who="3" ten="250,290,240,210" step="2"/><T92/><D92/><U1/><E1/><V63/><F95/><W99/><G99/><T87/><D101/><U30/><E76/><V78/><F133/><W53/><G53/><T48/><D98/><N who="1" m="57639" /><E40/><V39/><F39/><W16/><AGARI ba="0,1" hai="14,16,21,41,42,46,47,49,50,124,126,129,130,131" machi="16" ten="40,12000,2" yaku="1,1,0,1,9,1,19,1,54,1,53,2" doraHai="118" doraHaiUra="44" who="3" fromWho="3" sc="250,-30,290,-60,240,-30,210,130" /><INIT seed="2,0,0,4,1,109" ten="220,230,210,340" oya="2" hai0="63,4,12,47,25,20,42,3,10,116,123,132,61" hai1="48,19,15,99,26,106,29,77,16,114,76,111,101" hai2="83,84,81,70,23,11,72,134,75,8,98,39,117" hai3="104,118,88,22,27,133,121,127,94,110,96,49,21"/><V103/><F117/><W113/><G121/><T130/><D123/><U129/><E111/><V126/><F39/><W2/><G2/><T33/><D116/><U120/><E120/><V90/><F70/><W131/><G110/><T17/><D130/><U54/><E114/><V52/><F126/><W43/><G118/><T44/><D132/><U45/><E129/><V82/><F134/><W18/><G133/><T5/><D5/><U91/><E91/><V74/><F23/><W125/><G131/><T122/><D122/><U124/><E124/><N who="3" m="47690" /><G104/><T71/><D71/><U36/><E36/><V79/><F52/><W80/><G80/><N who="2" m="30825" /><F11/><W135/><G135/><T40/><D40/><U62/><E62/><N who="0" m="23561" /><D42/><U128/><E128/><V14/><F8/><W56/><G22/><T0/><D0/><U68/><E68/><V105/><F14/><W93/><G94/><AGARI ba="0,0" hai="72,74,75,79,83,84,90,94,98,103,105" m="30825" machi="94" ten="30,18000,2" yaku="24,1,35,5" doraHai="109" who="2" fromWho="3" sc="220,0,230,0,210,180,340,-180" /><INIT seed="2,1,0,3,5,92" ten="220,230,390,160" oya="2" hai0="86,37,79,4,118,54,70,87,28,22,1,60,97" hai1="13,94,6,113,3,77,117,53,52,68,42,29,89" hai2="44,93,102,48,41,134,64,109,108,35,20,135,75" hai3="104,73,63,24,100,19,90,8,62,131,122,81,128"/><V9/><F35/><W96/><G122/><T11/><D37/><U120/><E113/><V0/><F64/><W47/><G47/><T84/><D118/><U83/><E68/><V72/><F20/><W65/><G63/><T67/><D54/><U38/><E117/><V56/><F56/><W21/><G8/><T2/><D2/><U61/><E120/><V33/><F33/><W14/><G14/><T36/><D36/><U49/><E29/><V114/><F114/><W127/><G127/><T66/><D66/><U15/><E61/><V125/><F125/><W101/><G100/><T40/><D40/><U123/><E123/><V82/><F9/><W16/><G19/><T55/><D55/><U45/><E3/><V105/><F105/><W95/><G81/><T133/><D133/><N who="2" m="50698" /><F0/><W107/><G73/><N who="2" m="28233" /><F82/><W121/><G121/><T43/><D43/><U34/><E34/><V10/><F10/><W124/><G124/><T30/><D79/><U74/><E38/><V18/><F18/><W26/><G24/><T130/><D22/><U98/><E6/><V126/><F126/><W57/><REACH who="3" step="1"/><G107/><REACH who="3" ten="220,230,390,150" step="2"/><T129/><D28/><U111/><E15/><V58/><F58/><W25/><G25/><T31/><D30/><U78/><E13/><V99/><AGARI ba="1,1" hai="41,44,48,93,99,102,108,109" m="28233,50698" machi="99" ten="40,3900,0" yaku="20,1,52,1" doraHai="92" who="2" fromWho="2" sc="220,-14,230,-14,390,52,150,-14" /><INIT seed="2,2,0,5,3,95" ten="206,216,442,136" oya="2" hai0="10,118,45,11,2,31,130,46,124,15,27,97,105" hai1="83,70,9,47,48,41,42,119,14,107,63,98,17" hai2="104,126,84,59,49,131,51,129,103,116,109,4,37" hai3="61,67,77,53,21,68,23,60,93,120,7,6,117"/><V32/><F37/><W113/><G117/><T108/><D118/><U1/><E119/><V80/><F4/><W18/><G120/><T111/><D124/><U132/><E132/><V87/><F32/><W29/><G113/><T94/><D105/><U24/><E1/><V39/><F39/><W135/><G135/><T71/><D71/><U133/><E133/><V0/><F0/><W89/><G77/><T101/><D130/><U106/><E41/><V78/><F87/><W128/><G128/><T73/><D73/><U57/><E70/><V38/><F38/><W54/><G23/><T3/><D3/><U86/><E98/><V75/><F84/><W56/><G53/><T82/><D82/><U25/><E106/><V88/><F104/><W66/><G29/><T125/><D2/><U28/><E107/><V96/><F80/><W52/><G54/><T110/><D125/><U65/><E28/><V13/><F126/><W19/><G67/><T74/><D74/><U16/><E17/><V99/><F75/><W100/><G18/><T112/><D112/><U40/><E42/><V90/><F116/><W58/><G100/><T8/><REACH who="0" step="1"/><D15/><REACH who="0" ten="196,216,442,136" step="2"/><U81/><E83/><V79/><F13/><W122/><G68/><T55/><D55/><U5/><E5/><V114/><F114/><W50/><G122/><T85/><D85/><U34/><E34/><AGARI ba="2,1" hai="8,10,11,27,31,34,45,46,94,97,101,108,110,111" machi="34" ten="50,6400,0" yaku="1,1,14,1,52,1,53,0" doraHai="95" doraHaiUra="62" who="0" fromWho="1" sc="196,80,216,-70,442,0,136,0" /><INIT seed="3,0,0,1,5,22" ten="276,146,442,136" oya="3" hai0="121,49,17,9,103,107,68,47,38,96,4,15,115" hai1="110,132,42,27,72,79,124,113,39,7,25,76,106" hai2="97,59,91,117,102,36,130,109,111,84,54,13,93" hai3="127,114,74,112,18,104,62,133,37,58,98,2,6"/><W52/><G74/><T43/><D121/><U122/><E113/><V120/><F36/><W90/><G37/><T20/><D115/><U71/><E122/><V119/><F13/><W83/><G127/><T40/><D68/><U56/><E71/><V128/><F120/><W105/><G133/><T16/><D20/><U19/><E106/><N who="2" m="63823" /><F117/><W108/><G108/><N who="2" m="41545" /><F119/><W118/><G118/><T126/><D126/><U88/><E132/><V63/><AGARI ba="0,0" hai="54,59,63,84,91,93,128,130" m="41545,63823" machi="63" ten="30,1100,0" yaku="14,1" doraHai="22" who="2" fromWho="2" sc="276,-3,146,-3,442,11,136,-5" owari="273,7.3,143,-25.7,453,55.3,131,-36.9" /></mjloggm>