<mjloggm ver="2.3"><GO type="225" lobby="0"/><UN n0="%E3%81%BF%E3%81%BF%E3%81%9A" n1="%E3%81%A4%E3%81%A3%E3%81%B1%E3%82%8A%E3%83%9D%E3%83%BC%E3%83%AB" n2="%E6%98%93%E5%88%A9%E8%96%A9%E4%BC%AF" n3="%4B%2E%32%2E%4B%2E" dan="18,17,16,16" rate="2243.90,2182.00,2028.57,2133.33" sx="M,M,F,M"/><TAIKYOKU oya="0"/><INIT seed="0,0,0,1,0,61" ten="250,250,250,250" oya="0" hai0="99,94,27,131,72,80,65,85,20,2,82,114,3" hai1="59,5,23,29,38,39,31,78,83,37,121,103,4" hai2="110,128,18,8,104,0,63,17,40,48,34,47,111" hai3="76,70,51,105,89,96,95,19,41,92,112,13,44"/><T97/><D114/><U88/><E121/><V35/><F104/><W64/><G112/><T134/><D131/><U10/><E103/><V42/><F128/><W135/><G135/><T126/><D134/><U127/><E127/><V50/><F63/><W133/><G133/><T71/><D126/><U15/><E5/><V33/><F0/><W91/><G76/><T66/><D71/><U101/><E101/><V43/><F8/><W24/><G105/><T130/><D130/><U81/><E59/><V6/><F6/><W113/><G113/><T117/><D117/><U75/><REACH who="1" step="1"/><E23/><REACH who="1" ten="250,240,250,250" step="2"/><V106/><F106/><W57/><G70/><T49/><D2/><U118/><E118/><V55/><REACH who="2" step="1"/><F50/><REACH who="2" ten="250,240,240,250" step="2"/><W116/><G51/><T11/><D3/><U46/><E46/><V25/><F25/><W30/><G44/><T77/><D49/><U67/><E67/><V120/><F120/><W7/><G64/><T74/><D65/><U36/><N who="1" m="9216" /><DORA hai="53" /><U86/><AGARI ba="0,2" hai="4,10,15,29,31,75,78,81,83,86,88" m="9216" machi="86" ten="60,16000,3" yaku="1,1,4,1,0,1,54,1,53,5" doraHai="61,53" doraHaiUra="107,68" who="1" fromWho="1" sc="250,-80,240,180,240,-40,250,-40" /><INIT seed="1,0,0,5,0,54" ten="170,420,200,210" oya="1" hai0="12,65,67,71,27,35,95,13,74,29,115,58,34" hai1="17,9,91,88,113,37,15,134,55,90,4,126,7" hai2="105,116,51,14,22,131,78,2,57,123,38,111,118" hai3="109,93,108,94,0,82,132,30,117,23,61,79,103"/><U110/><E113/><V127/><F2/><W119/><G0/><T18/><D115/><U6/><E37/><V70/><F70/><W130/><G61/><T56/><D74/><U44/><E134/><V39/><F123/><W89/><G30/><T42/><D71/><U85/><E110/><N who="3" m="42602" /><G23/><N who="0" m="15615" /><D42/><U60/><E126/><V10/><F111/><W41/><G41/><T20/><D34/><U36/><E36/><V114/><F114/><W97/><G130/><T135/><D35/><U125/><E125/><V75/><F131/><W50/><G50/><T100/><D135/><U101/><E101/><V43/><F39/><W128/><G128/><T107/><D107/><U52/><E44/><V32/><F105/><W129/><G132/><T11/><D100/><U63/><E85/><V112/><F32/><W3/><G3/><T98/><D95/><U40/><E40/><V106/><F106/><W26/><G129/><T92/><D92/><U99/><E99/><V86/><F38/><W53/><G53/><AGARI ba="0,0" hai="4,6,7,9,15,17,52,53,55,60,63,88,90,91" machi="53" ten="40,7700,0" yaku="8,1,54,2" doraHai="54" who="1" fromWho="3" sc="170,0,420,77,200,0,210,-77" /><INIT seed="1,1,0,2,0,59" ten="170,497,200,133" oya="1" hai0="75,96,98,46,82,124,30,57,123,49,0,56,92" hai1="27,113,39,81,64,40,62,38,128,95,3,33,85" hai2="5,29,12,72,116,22,10,121,76,45,68,104,84" hai3="18,133,105,35,127,13,23,118,51,11,106,71,117"/><U24/><E113/><V4/><F104/><W34/><G71/><T131/><D0/><U20/><E3/><V63/><F72/><W86/><G51/><T16/><D124/><U78/><E128/><V120/><F116/><N who="3" m="44651" /><G86/><T103/><D131/><U74/><E40/><V48/><F5/><N who="3" m="3311" /><G105/><T115/><D30/><U60/><E27/><N who="2" m="16631" /><F63/><W66/><G66/><T41/><D115/><U15/><E15/><V99/><F99/><W91/><G91/><T70/><D70/><U65/><E33/><N who="3" m="12298" /><G106/><T19/><D123/><U54/><E39/><V6/><F68/><W94/><G94/><N who="0" m="58775" /><D82/><U114/><E38/><V129/><F121/><W87/><G87/><T77/><D77/><U102/><E114/><V55/><F120/><W8/><G133/><T47/><D75/><U31/><E74/><V42/><F129/><W100/><G100/><N who="0" m="60487" /><D47/><U130/><E130/><V110/><F84/><W25/><G127/><T93/><D93/><U14/><E95/><V53/><F76/><W69/><G69/><T1/><D1/><U109/><E102/><V79/><F79/><W21/><G21/><T135/><D135/><U32/><E78/><V7/><F45/><W97/><G97/><T111/><D111/><U2/><E109/><V50/><F110/><W119/><N who="3" m="44659" /><W83/><DORA hai="132" /><G83/><T125/><D125/><U43/><E81/><V67/><F42/><W37/><G37/><T52/><D57/><U80/><E80/><V126/><F126/><W101/><G101/><T17/><D56/><U134/><E85/><V88/><F88/><W108/><G108/><T122/><D41/><RYUUKYOKU ba="1,0" sc="170,15,497,-15,200,-15,133,15" hai0="16,17,19,46,49,52,122" hai3="8,18,23,25" /><INIT seed="2,2,0,5,2,1" ten="185,482,185,148" oya="2" hai0="39,24,108,98,53,73,77,105,37,18,64,96,0" hai1="58,122,17,55,114,117,11,79,113,101,84,111,29" hai2="33,31,123,107,72,131,115,51,10,99,74,59,97" hai3="76,35,67,38,42,61,130,49,112,82,25,89,45"/><V41/><F115/><W15/><G112/><T69/><D0/><U7/><E117/><V81/><F123/><W5/><G130/><T40/><D53/><U65/><E122/><V9/><F131/><W44/><G35/><T43/><D18/><U106/><E29/><V21/><F33/><W85/><G25/><T48/><D24/><U135/><E65/><V129/><F31/><W93/><G38/><T2/><D2/><U34/><E17/><V83/><F21/><W66/><G44/><T3/><D3/><U102/><E106/><V133/><F107/><W4/><G15/><T47/><D108/><U50/><E34/><V60/><F133/><W90/><G90/><T63/><D105/><U27/><E27/><V92/><F99/><W13/><G13/><T118/><D118/><U120/><E111/><V104/><F104/><W68/><REACH who="3" step="1"/><G67/><REACH who="3" ten="185,482,185,138" step="2"/><T57/><D37/><U80/><E114/><V62/><F129/><W56/><G56/><T91/><D91/><U88/><E113/><V95/><F59/><W52/><G52/><N who="0" m="31879" /><D40/><U78/><E120/><V94/><F41/><W75/><AGARI ba="2,1" hai="4,5,42,45,49,61,66,68,75,76,82,85,89,93" machi="75" ten="20,8000,1" yaku="1,1,0,1,7,1,52,2,53,0" doraHai="1" doraHaiUra="110" who="3" fromWho="3" sc="185,-22,482,-22,185,-42,138,96" /><INIT seed="3,0,0,2,3,27" ten="163,460,143,234" oya="3" hai0="100,88,7,42,60,82,38,66,12,101,86,22,17" hai1="91,123,83,81,95,48,6,47,77,78,108,118,49" hai2="98,111,46,53,33,13,134,84,126,23,99,18,3" hai3="43,26,21,90,96,29,116,76,52,1,131,14,67"/><W72/><G1/><T37/><D7/><U75/><E123/><V5/><F111/><W74/><G76/><T105/><D42/><U107/><E107/><V109/><F109/><W65/><G43/><T124/><D124/><U16/><E16/><N who="2" m="10639" /><F33/><W41/><G67/><T89/><D89/><U15/><E49/><N who="2" m="28855" /><F3/><W45/><G96/><N who="2" m="36905" /><F126/><W62/><G131/><T57/><REACH who="0" step="1"/><D105/><REACH who="0" ten="153,460,143,234" step="2"/><U10/><E91/><V114/><F114/><W32/><G41/><T20/><D20/><U63/><E6/><V8/><F134/><W30/><G21/><T115/><D115/><U128/><E10/><V0/><F0/><W50/><G90/><T59/><D59/><U122/><E47/><V68/><F68/><W70/><G70/><T106/><D106/><U25/><E78/><V130/><F130/><W117/><G45/><T69/><D69/><U132/><E77/><V54/><F5/><W93/><G32/><T2/><D2/><U51/><E132/><V112/><F112/><W133/><G133/><T121/><D121/><U71/><E71/><V58/><F84/><W4/><G4/><T28/><D28/><U113/><E15/><N who="2" m="7527" /><F58/><W19/><G14/><T44/><D44/><U85/><E63/><V9/><F9/><W61/><G61/><T102/><AGARI ba="0,1" hai="12,17,22,37,38,57,60,66,82,86,88,100,101,102" machi="102" ten="30,4000,0" yaku="1,1,0,1,54,1,53,0" doraHai="27" doraHaiUra="135" who="0" fromWho="0" sc="153,50,460,-10,143,-10,234,-20" owari="203,-19.7,450,55.0,133,-36.7,214,1.4" /></mjloggm>