<mjloggm ver="2.3"><GO type="225" lobby="0"/><UN n0="%73%65%69%6A%69%64%6F%6E" n1="%E3%83%AB%E3%83%9B%E3%83%B3%E3%83%87%E3%82%A3%E3%82%A8" n2="%E3%83%B4%E3%83%A0%EF%BC%99%E3%81%A6" n3="%E3%81%BF%E3%81%BF%E3%81%9A" dan="16,17,17,17" rate="2169.77,2179.44,2193.05,2243.31" sx="M,M,M,M"/><TAIKYOKU oya="0"/><INIT seed="0,0,0,5,3,96" ten="250,250,250,250" oya="0" hai0="97,41,16,0,14,50,108,132,18,80,61,38,52" hai1="32,23,59,33,106,76,121,112,37,117,74,116,10" hai2="89,75,31,19,15,114,30,44,63,51,118,70,128" hai3="49,85,11,48,91,113,26,110,84,115,56,3,134"/><T53/><D0/><U46/><E121/><V130/><F114/><W126/><G110/><T68/><D108/><U77/><E59/><V21/><F75/><W123/><G134/><T42/><D132/><U72/><E23/><V67/><F118/><N who="1" m="45673" /><E10/><V120/><F120/><W125/><G26/><T35/><D35/><N who="1" m="13387" /><E46/><V133/><F89/><W107/><G107/><T24/><D38/><U103/><E37/><V131/><REACH who="2" step="1"/><F133/><REACH who="2" ten="250,250,240,250" step="2"/><W57/><G123/><T73/><D73/><U47/><E112/><V40/><AGARI ba="0,1" hai="15,19,21,30,31,40,44,51,63,67,70,128,130,131" machi="40" ten="30,8000,1" yaku="1,1,2,1,0,1,19,1,53,1" doraHai="96" doraHaiUra="12" who="2" fromWho="2" sc="250,-40,250,-20,240,90,250,-20" /><INIT seed="1,0,0,4,2,7" ten="210,230,330,230" oya="1" hai0="49,94,68,105,84,86,135,37,26,34,95,126,36" hai1="16,11,1,56,119,2,59,113,132,61,87,83,14" hai2="51,44,38,63,96,62,52,128,6,103,32,76,77" hai3="12,111,54,4,60,124,120,24,45,58,35,90,50"/><U133/><E113/><V99/><F32/><W25/><G111/><T91/><D105/><U46/><E46/><V107/><F128/><W80/><G124/><T108/><D126/><U104/><E104/><V43/><F6/><W41/><G120/><T33/><D68/><U81/><E119/><V112/><F112/><W17/><G4/><T101/><D108/><U53/><E81/><V98/><F98/><W19/><G35/><T121/><D121/><U72/><E72/><V100/><F77/><W106/><G106/><T64/><D64/><U97/><E97/><V109/><F76/><W15/><G80/><T10/><D135/><N who="1" m="51787" /><E59/><V118/><F118/><W55/><G90/><AGARI ba="0,0" hai="1,2,11,14,16,53,56,61,83,87,90" m="51787" machi="90" ten="30,5800,0" yaku="20,1,52,1,54,1" doraHai="7" who="1" fromWho="3" sc="210,0,230,58,330,0,230,-58" /><INIT seed="1,1,0,2,5,88" ten="210,288,330,172" oya="1" hai0="50,35,45,40,52,4,23,135,114,121,112,53,1" hai1="28,130,56,91,71,46,14,107,101,67,100,48,119" hai2="103,16,72,96,110,11,86,17,108,59,77,109,99" hai3="126,62,76,57,29,66,20,92,106,36,9,85,34"/><U98/><E119/><V32/><F32/><W134/><G106/><T54/><D35/><U95/><E130/><V12/><F72/><W117/><G117/><T30/><D135/><U128/><E128/><V58/><F17/><W60/><G36/><T123/><D4/><U93/><E71/><V113/><F113/><N who="0" m="43626" /><D1/><U65/><E107/><V39/><F39/><W25/><G134/><T83/><D23/><U24/><E14/><V75/><F75/><W47/><G126/><T131/><D30/><U124/><E124/><V22/><F22/><W44/><G34/><T51/><D131/><U63/><E67/><V49/><F49/><N who="0" m="18442" /><D83/><U69/><E69/><V64/><F64/><W21/><G9/><T104/><D104/><U118/><E118/><V68/><F68/><W0/><G0/><T102/><D102/><U97/><E91/><V37/><F37/><AGARI ba="1,0" hai="37,40,45,52,53,54,121,123" m="18442,43626" machi="37" ten="40,5200,0" yaku="34,2,54,1" doraHai="88" who="0" fromWho="2" sc="210,55,288,0,330,-55,172,0" /><INIT seed="2,0,0,4,4,38" ten="265,288,275,172" oya="2" hai0="109,2,132,31,44,14,63,102,114,58,92,127,40" hai1="103,9,80,84,78,29,119,18,66,37,33,101,8" hai2="133,120,57,96,77,87,19,93,6,41,91,60,22" hai3="128,39,43,42,53,11,123,131,34,134,16,51,85"/><V110/><F120/><W21/><G123/><T94/><D114/><U95/><E119/><V124/><F124/><W71/><G71/><T59/><D2/><U50/><E37/><V79/><F133/><W125/><G34/><T104/><D104/><U48/><E33/><V112/><F112/><W15/><G125/><T90/><D127/><U105/><E105/><V67/><F110/><W13/><G39/><T117/><D109/><U26/><E66/><V129/><F129/><N who="3" m="49739" /><G85/><T46/><D31/><U62/><E62/><V10/><F87/><W74/><G74/><T61/><D90/><U30/><E29/><V75/><F75/><W4/><G134/><T64/><D14/><U73/><E73/><V69/><F69/><W23/><G23/><T122/><D132/><U89/><E30/><V12/><REACH who="2" step="1"/><F41/><REACH who="2" ten="265,288,265,172" step="2"/><W76/><G76/><T45/><D40/><U0/><E84/><V5/><F5/><W72/><G72/><T25/><D122/><U70/><E70/><V17/><F17/><W98/><G98/><T116/><D117/><U107/><E18/><V126/><F126/><W111/><G111/><T113/><D116/><U68/><E68/><V56/><F56/><AGARI ba="0,1" hai="4,11,13,15,16,21,42,43,51,53,56" m="49739" machi="56" ten="30,7700,0" yaku="19,1,52,2,54,1" doraHai="38" who="3" fromWho="2" sc="265,0,288,0,265,-77,172,87" /><INIT seed="3,0,0,5,2,99" ten="265,288,188,259" oya="3" hai0="26,106,118,46,25,108,104,135,19,34,85,84,47" hai1="88,126,36,48,24,80,67,11,3,65,105,1,45" hai2="109,60,100,87,69,32,68,20,125,61,86,4,93" hai3="113,16,33,72,64,63,22,27,123,95,70,74,76"/><W13/><G113/><T7/><D108/><U62/><E36/><V89/><F32/><W83/><G123/><T103/><D7/><U133/><E105/><V58/><F109/><W14/><G74/><T119/><D19/><U124/><E133/><V17/><F125/><N who="1" m="48233" /><E24/><V75/><F75/><W131/><G131/><T23/><D23/><U134/><E134/><V121/><F121/><W96/><REACH who="3" step="1"/><G33/><REACH who="3" ten="265,288,188,249" step="2"/><T2/><D135/><U35/><E35/><V53/><F4/><W10/><G10/><T90/><D34/><U130/><E11/><V44/><F44/><W49/><G49/><T31/><D47/><U120/><E48/><V50/><F69/><W81/><G81/><T37/><D46/><U92/><E80/><V21/><F68/><W128/><G128/><T38/><D2/><U101/><E45/><V98/><F20/><W91/><AGARI ba="0,1" hai="13,14,16,22,27,63,64,70,72,76,83,91,95,96" machi="91" ten="20,7800,0" yaku="1,1,0,1,7,1,54,1,53,0" doraHai="99" doraHaiUra="102" who="3" fromWho="3" sc="265,-26,288,-26,188,-26,249,88" owari="239,-16.1,262,6.2,162,-33.8,337,43.7" /></mjloggm>