<mjloggm ver="2.3"><GO type="225" lobby="0"/><UN n0="%6D%75%75%73%61%6E%6D%75" n1="%E7%AB%8B%E8%8A%B1%E9%9F%BF" n2="%E9%80%86%E9%80%A3%E5%B8%AF%E3%81%AE%E9%AC%BC" n3="%E3%82%BC%E3%83%AB%E3%83%80%E3%81%AE%E4%BC%9D%E8%AA%AC" dan="17,17,17,17" rate="2174.94,2174.87,2114.09,2188.01" sx="F,F,M,M"/><TAIKYOKU oya="0"/><INIT seed="0,0,0,4,1,72" ten="250,250,250,250" oya="0" hai0="10,100,6,64,52,12,115,98,124,102,17,106,101" hai1="77,128,43,27,135,19,79,14,23,41,104,0,71" hai2="2,60,132,37,48,86,75,24,88,65,8,73,26" hai3="32,111,69,95,99,30,62,129,119,53,20,4,89"/><T78/><D115/><U105/><E0/><V59/><F37/><W9/><G119/><T11/><D64/><U74/><E71/><V51/><F132/><W120/><G111/><T34/><D34/><U112/><E74/><V39/><F39/><W38/><G38/><T87/><D124/><U66/><E135/><V55/><F75/><W40/><G129/><T57/><D87/><U109/><E109/><V15/><F73/><W76/><G32/><T126/><D126/><U94/><E128/><V56/><F51/><W96/><G40/><T45/><D45/><U70/><E112/><V61/><F61/><W67/><G53/><T107/><D78/><N who="1" m="29707" /><E105/><V25/><F2/><W110/><G76/><T63/><REACH who="0" step="1"/><D106/><REACH who="0" ten="240,250,250,250" step="2"/><U125/><E104/><V31/><F31/><W81/><G30/><T22/><D22/><N who="1" m="11639" /><E66/><V35/><F35/><W123/><G110/><T122/><D122/><U44/><E70/><V58/><F58/><W33/><G33/><T114/><D114/><U113/><E113/><V49/><F65/><W83/><G120/><T90/><D90/><U117/><E125/><V133/><F59/><W28/><G123/><T84/><D84/><U68/><E68/><V29/><F29/><W1/><G99/><T50/><D50/><N who="1" m="26895" /><E117/><V92/><REACH who="2" step="1"/><F133/><REACH who="2" ten="240,250,240,250" step="2"/><W91/><G69/><T54/><D54/><U93/><E43/><V47/><F47/><W121/><G121/><T18/><D18/><AGARI ba="0,2" hai="18,23,27,93,94" m="26895,11639,29707" machi="18" ten="30,7700,0" yaku="8,1,52,3" doraHai="72" who="1" fromWho="0" sc="240,-77,250,97,240,0,250,0" /><AGARI ba="0,0" hai="8,15,18,24,25,26,48,49,55,56,60,86,88,92" machi="18" ten="40,5200,0" yaku="1,1,8,1,54,1,53,0" doraHai="72" doraHaiUra="3" who="2" fromWho="0" sc="163,-52,347,0,240,52,250,0" /><INIT seed="1,0,0,5,4,134" ten="111,347,292,250" oya="1" hai0="45,34,74,33,82,122,118,81,53,50,68,116,19" hai1="60,6,49,31,80,106,89,28,105,70,36,86,15" hai2="83,37,21,75,58,18,26,57,23,133,40,55,110" hai3="43,42,132,47,76,20,79,51,12,54,129,91,121"/><U120/><E120/><V35/><F133/><W22/><G121/><T7/><D122/><U10/><E36/><V77/><F110/><W92/><G129/><T14/><D68/><U96/><E49/><V135/><F135/><W5/><G132/><T127/><D7/><U0/><E0/><V117/><F117/><W123/><G123/><T56/><D116/><U101/><REACH who="1" step="1"/><E105/><REACH who="1" ten="111,337,292,250" step="2"/><V128/><F37/><W52/><G43/><T99/><D118/><U125/><E125/><V102/><F40/><W48/><G42/><T27/><D127/><U3/><E3/><V87/><F128/><W97/><G79/><T9/><D74/><U126/><E126/><V30/><F75/><W94/><G76/><T78/><D78/><U90/><E90/><V32/><F102/><W62/><G62/><T98/><D45/><U131/><E131/><V85/><F77/><W63/><G63/><T2/><D2/><U112/><E112/><V115/><F115/><W93/><G91/><T111/><D111/><U29/><E29/><V24/><F30/><W1/><G1/><T44/><D44/><U119/><E119/><V61/><F61/><W104/><G104/><T46/><D46/><U72/><E72/><V107/><F107/><W73/><G73/><T4/><D50/><U113/><E113/><V17/><F55/><W114/><G114/><T8/><D53/><U95/><E95/><V59/><F83/><W124/><G124/><T39/><D39/><U100/><E100/><V130/><F130/><W88/><G54/><T71/><D81/><U16/><E16/><V66/><F66/><AGARI ba="0,1" hai="6,10,15,28,31,60,66,70,80,86,89,96,101,106" machi="66" ten="40,7700,0" yaku="1,1,6,1,53,1" doraHai="134" doraHaiUra="67" who="1" fromWho="2" sc="111,0,337,87,292,-77,250,0" /><INIT seed="1,1,0,2,1,91" ten="111,424,215,250" oya="1" hai0="98,88,122,126,36,4,41,96,105,16,127,3,69" hai1="51,56,78,125,35,110,128,59,95,34,37,117,6" hai2="38,33,87,11,40,124,44,99,64,0,63,84,31" hai3="93,75,50,106,52,2,132,92,79,27,97,100,53"/><U129/><E37/><V133/><F133/><W120/><G120/><T1/><D122/><U18/><E117/><V14/><F124/><N who="0" m="47658" /><D69/><U111/><E125/><V116/><F116/><W39/><G39/><T102/><D41/><U123/><E123/><V66/><F0/><W58/><G2/><T68/><D68/><U101/><E6/><V42/><F42/><W131/><G132/><T70/><D70/><U24/><E78/><V113/><F113/><W73/><G131/><N who="1" m="50250" /><E18/><V107/><F31/><W60/><G27/><T23/><D36/><U83/><E83/><V25/><F25/><W112/><G112/><T89/><D4/><U67/><E51/><V8/><F33/><N who="1" m="12297" /><E24/><V121/><F38/><W114/><G114/><T9/><D9/><U104/><E104/><V46/><F107/><W30/><G30/><T108/><D108/><N who="1" m="41515" /><E67/><V80/><F64/><W47/><REACH who="3" step="1"/><G79/><REACH who="3" ten="111,424,215,240" step="2"/><T10/><D1/><U134/><E134/><V119/><F121/><W57/><G57/><T45/><D3/><U54/><E54/><V77/><F119/><W81/><G81/><T71/><D71/><U109/><E109/><V72/><F80/><W20/><G20/><T118/><D118/><U90/><E101/><V13/><F77/><W21/><G21/><T43/><D10/><U49/><E49/><V74/><F8/><W85/><G85/><AGARI ba="1,1" hai="56,59,85,90,95" m="41515,12297,50250" machi="85" ten="40,12000,1" yaku="19,1,14,1,10,1,52,1" doraHai="91" who="1" fromWho="3" sc="111,0,424,133,215,0,240,-123" /><INIT seed="1,2,0,2,4,126" ten="111,557,215,117" oya="1" hai0="40,19,80,42,64,54,105,110,92,132,115,31,21" hai1="78,36,94,100,111,53,101,6,95,52,88,109,108" hai2="44,60,87,114,34,113,4,82,120,30,56,29,117" hai3="67,112,9,73,134,68,118,26,3,27,0,23,22"/><U66/><E36/><V107/><F117/><W128/><G73/><T46/><D105/><U84/><E78/><V20/><F107/><W59/><G59/><T86/><D115/><U93/><E66/><V123/><F34/><W99/><G99/><T5/><D110/><U127/><E6/><V58/><F4/><W133/><G67/><T16/><D132/><N who="3" m="50793" /><G68/><T71/><D71/><U83/><E127/><V91/><F44/><W2/><G112/><N who="2" m="43113" /><F58/><W8/><G118/><T77/><D5/><U104/><E104/><V131/><F131/><W74/><G74/><T55/><D64/><U81/><E81/><V49/><F49/><W18/><G128/><T37/><D92/><U72/><E72/><V14/><F123/><W121/><G121/><T43/><D37/><U75/><E75/><V79/><F120/><W47/><G47/><T61/><D61/><U65/><E65/><N who="2" m="39047" /><F91/><W125/><G125/><T39/><D39/><U122/><E122/><V48/><F48/><W116/><G116/><T15/><D46/><U69/><E69/><V35/><F35/><W32/><G32/><T33/><REACH who="0" step="1"/><D19/><AGARI ba="2,0" hai="14,19,20,29,30,79,82,87" m="39047,43113" machi="19" ten="30,1000,0" yaku="11,1" doraHai="126" who="2" fromWho="0" sc="111,-16,557,0,215,16,117,0" /><AGARI ba="2,0" hai="0,2,3,8,9,18,19,22,23,26,27" m="50793" machi="19" ten="40,5200,0" yaku="20,1,34,2" doraHai="126" who="3" fromWho="0" sc="95,-52,557,0,231,0,117,52" /><INIT seed="2,0,0,1,2,12" ten="43,557,231,169" oya="2" hai0="81,15,44,79,62,0,55,14,82,75,92,118,129" hai1="51,29,112,32,74,73,91,39,84,107,37,53,45" hai2="56,68,120,21,95,11,99,117,13,109,121,113,126" hai3="104,106,31,33,114,100,60,7,76,20,133,26,28"/><V40/><F68/><W78/><G133/><T8/><D0/><U86/><E107/><V103/><F117/><W128/><G128/><T122/><D129/><U43/><E112/><V58/><F113/><W25/><G114/><T1/><D122/><U69/><E69/><V36/><F126/><W127/><G127/><T130/><D118/><U35/><E84/><V131/><F131/><W23/><G7/><T71/><D130/><U66/><E66/><V27/><F109/><W47/><G47/><T124/><D124/><U30/><E35/><V96/><F36/><W46/><G46/><T16/><D1/><U77/><E77/><V93/><F40/><W90/><G90/><T105/><D105/><U98/><E98/><V89/><F121/><W9/><G9/><T102/><D81/><U63/><E63/><V111/><F111/><W2/><G2/><T38/><D71/><U70/><E70/><V49/><F49/><W67/><G33/><T57/><D102/><U54/><E54/><V116/><F116/><W119/><G119/><T110/><D110/><U52/><E53/><V4/><REACH who="2" step="1"/><F120/><REACH who="2" ten="43,557,221,169" step="2"/><W6/><G60/><T125/><D125/><U50/><E39/><V87/><F87/><W3/><G106/><T108/><D108/><U80/><E37/><V132/><F132/><W88/><G104/><T61/><D61/><U72/><E74/><V94/><F94/><W48/><G48/><N who="0" m="29063" /><D92/><U101/><E73/><V17/><AGARI ba="0,1" hai="4,11,13,17,21,27,56,58,89,93,95,96,99,103" machi="17" ten="20,12000,1" yaku="1,1,0,1,7,1,8,1,52,1,53,0" doraHai="12" doraHaiUra="42" who="2" fromWho="2" sc="43,-40,557,-40,221,130,169,-40" /><INIT seed="2,1,0,2,0,107" ten="3,517,351,129" oya="2" hai0="26,49,112,88,58,42,51,94,133,35,134,47,109" hai1="12,14,59,60,132,73,74,122,24,65,62,15,18" hai2="9,4,25,36,37,129,52,21,75,106,20,13,61" hai3="31,105,89,115,1,40,97,82,117,90,120,102,28"/><V123/><F106/><W46/><G117/><T126/><D112/><U63/><E132/><N who="0" m="50793" /><D109/><U96/><E122/><V80/><F123/><W86/><G120/><T48/><D126/><U125/><E125/><V114/><F129/><W11/><G115/><T101/><D101/><U124/><E124/><V29/><F114/><W5/><G90/><T66/><D66/><U30/><E18/><V113/><F113/><W121/><G121/><T41/><D58/><U83/><E96/><V81/><F21/><W100/><G100/><T0/><D0/><U55/><E83/><V33/><F33/><W85/><G85/><N who="0" m="52495" /><D42/><U130/><E130/><V79/><REACH who="2" step="1"/><F81/><REACH who="2" ten="3,517,341,129" step="2"/><W70/><G82/><T98/><D98/><U118/><E118/><V68/><F68/><W22/><G70/><T95/><D95/><U23/><REACH who="1" step="1"/><E65/><REACH who="1" ten="3,507,341,129" step="2"/><V17/><F17/><W87/><G97/><T44/><D41/><U128/><E128/><V56/><AGARI ba="1,2" hai="4,9,13,20,25,29,36,37,52,56,61,75,79,80" machi="56" ten="30,12000,1" yaku="1,1,0,1,52,1,54,1,53,1" doraHai="107" doraHaiUra="78" who="2" fromWho="2" sc="3,-41,507,-41,341,143,129,-41" owari="-38,-53.8,466,26.6,484,58.4,88,-31.2" /></mjloggm>