<mjloggm ver="2.3"><GO type="225" lobby="0"/><UN n0="%E3%81%A1%E3%82%85%E3%81%86%E3%81%A9%E3%81%8F%E8%B1%A1%E3%81%95%E3%82%93" n1="%E3%81%8A%E3%81%8B%E3%81%8F%E3%82%89" n2="%E3%83%A1%E3%82%AC%E3%83%87%E3%82%B8" n3="%47%32%E9%BE%8D%E9%96%80" dan="17,17,16,16" rate="2180.68,2094.76,2122.21,2093.45" sx="M,M,F,M"/><TAIKYOKU oya="0"/><INIT seed="0,0,0,0,0,29" ten="250,250,250,250" oya="0" hai0="43,14,45,9,0,84,52,61,85,66,127,33,124" hai1="15,83,92,18,56,131,101,121,50,2,54,90,53" hai2="80,63,112,125,104,57,20,65,44,32,39,3,59" hai3="103,87,22,68,133,73,1,41,48,98,79,55,12"/><T6/><D0/><U34/><E2/><V69/><F112/><W91/><G1/><T10/><D9/><U25/><E121/><V135/><F32/><W46/><G68/><T88/><D33/><U115/><E131/><V113/><F3/><W102/><G133/><T122/><D122/><U35/><E25/><V117/><F104/><W77/><G73/><T123/><D123/><U75/><E101/><N who="3" m="38410" /><G98/><T119/><D119/><U81/><E115/><V93/><F113/><W26/><G12/><T58/><D66/><U89/><E54/><V120/><F120/><W108/><G108/><T47/><D85/><U109/><E109/><V70/><F39/><W38/><G41/><T30/><D30/><U130/><E130/><V16/><F70/><W11/><G11/><T42/><D42/><U72/><E72/><V129/><F69/><W110/><G38/><T40/><D43/><U97/><E83/><V8/><F8/><W76/><G110/><T126/><REACH who="0" step="1"/><D40/><REACH who="0" ten="240,250,250,250" step="2"/><U17/><E75/><V21/><F117/><W62/><G87/><T4/><D4/><U13/><E34/><V49/><F129/><W111/><G111/><T94/><AGARI ba="0,1" hai="6,10,14,45,47,52,58,61,84,88,94,124,126,127" machi="94" ten="30,18000,2" yaku="1,1,0,1,18,1,54,2,53,1" doraHai="29" doraHaiUra="51" who="0" fromWho="0" sc="240,190,250,-60,250,-60,250,-60" /><INIT seed="0,1,0,0,5,72" ten="430,190,190,190" oya="0" hai0="60,17,73,77,106,56,129,70,52,47,113,46,12" hai1="116,94,127,79,81,35,61,82,27,133,16,84,30" hai2="7,50,119,78,14,105,19,98,80,128,122,66,58" hai3="134,48,26,100,8,10,132,11,90,120,68,125,124"/><T2/><D113/><U63/><E116/><V71/><F122/><W102/><G68/><T117/><D117/><U85/><E133/><N who="3" m="51306" /><G90/><T76/><D2/><U5/><E127/><N who="3" m="48714" /><G120/><T103/><D70/><U87/><E5/><V42/><F71/><W43/><G26/><T34/><D103/><N who="3" m="39465" /><G48/><T130/><D34/><U57/><E94/><V4/><F50/><W131/><G43/><T96/><D12/><U53/><E16/><V108/><F19/><W64/><G64/><T36/><D17/><U51/><REACH who="1" step="1"/><E85/><REACH who="1" ten="430,180,190,190" step="2"/><V6/><F119/><W86/><G86/><T121/><D121/><U118/><E118/><V21/><F4/><W97/><G97/><T69/><D96/><U135/><E135/><V1/><F6/><W99/><G99/><T29/><D29/><U37/><E37/><V44/><F7/><W88/><G88/><AGARI ba="1,1" hai="27,30,35,51,53,57,61,63,79,81,82,84,87,88" machi="88" ten="30,7700,0" yaku="1,1,7,1,52,1,54,1,53,0" doraHai="72" doraHaiUra="41" who="1" fromWho="3" sc="430,0,180,90,190,0,190,-80" /><INIT seed="1,0,0,5,3,126" ten="430,270,190,110" oya="1" hai0="68,84,110,93,11,105,39,111,114,13,92,103,131" hai1="49,118,70,9,43,95,22,121,81,94,36,51,98" hai2="100,97,18,47,34,28,87,15,112,41,23,108,14" hai3="79,117,77,19,90,123,45,74,38,78,122,86,85"/><U1/><E70/><V4/><F108/><W0/><G0/><T52/><D68/><U73/><E94/><V116/><F116/><W2/><G2/><T91/><D39/><U10/><E10/><V54/><F112/><W101/><G19/><T56/><D114/><U42/><E42/><V3/><F3/><W44/><G38/><T24/><D24/><U59/><E59/><V63/><F34/><W37/><G37/><T21/><D21/><U115/><E121/><V35/><F35/><W25/><G25/><T48/><D105/><U60/><E60/><V71/><F87/><W5/><G5/><T96/><D111/><U31/><E22/><V125/><F28/><W7/><G7/><T32/><D32/><U119/><E115/><V133/><F125/><W113/><G113/><T128/><REACH who="0" step="1"/><D110/><REACH who="0" ten="420,270,190,110" step="2"/><U124/><E124/><V55/><F71/><W26/><G26/><T12/><D12/><U102/><E118/><V30/><F15/><W40/><G117/><T88/><D88/><U89/><E89/><V76/><F14/><W33/><G33/><T72/><D72/><U61/><E73/><V69/><F23/><W109/><G74/><T130/><D130/><U8/><E119/><V57/><F69/><W75/><G109/><T135/><D135/><U127/><E127/><V104/><F133/><W82/><G75/><T106/><D106/><U67/><E36/><V27/><F104/><W20/><G20/><T120/><D120/><N who="3" m="46121" /><G101/><T99/><D99/><U29/><E98/><V80/><F100/><W17/><G90/><T134/><D134/><U6/><E102/><RYUUKYOKU ba="0,1" sc="420,30,270,-10,190,-10,110,-10" hai0="11,13,48,52,56,84,91,92,93,96,103,128,131" /><INIT seed="2,1,1,4,3,105" ten="450,260,180,100" oya="2" hai0="94,67,72,120,25,50,41,36,15,79,71,76,8" hai1="6,125,85,83,73,10,81,114,74,95,11,68,119" hai2="2,123,116,52,80,27,128,86,43,26,124,133,97" hai3="19,37,127,9,77,20,90,101,53,61,21,132,57"/><V13/><F2/><W24/><G132/><T102/><D36/><U98/><E68/><V117/><F123/><W103/><G127/><T35/><D71/><U66/><E66/><V22/><F124/><W87/><G37/><T23/><D67/><U134/><E125/><V107/><F133/><W0/><G77/><T99/><D35/><U46/><E11/><V75/><F75/><W14/><G0/><T108/><D72/><U5/><E6/><V135/><F135/><W112/><G112/><T69/><D69/><U92/><E92/><V65/><F65/><W30/><REACH who="3" step="1"/><G9/><REACH who="3" ten="450,260,180,90" step="2"/><T49/><D79/><U42/><E10/><V56/><F117/><W28/><G28/><T110/><D76/><U58/><E114/><V29/><F116/><W47/><G47/><T122/><D8/><U91/><E46/><V44/><F29/><W115/><G115/><T32/><D122/><U106/><E134/><V48/><F128/><W126/><G126/><T78/><D120/><U118/><E119/><V109/><F109/><W100/><G100/><T60/><D78/><U7/><E73/><V45/><F45/><W104/><G104/><T40/><D102/><U121/><E74/><V63/><F107/><W17/><G17/><T34/><D108/><U39/><E106/><V129/><F129/><W54/><G54/><T51/><D110/><U111/><E111/><V38/><F38/><W33/><G33/><T59/><D32/><U1/><E1/><V88/><F97/><W131/><G131/><T55/><D99/><N who="1" m="57855" /><E121/><V62/><F44/><W12/><G12/><T82/><D15/><RYUUKYOKU ba="1,2" sc="450,-10,260,-10,180,-10,90,30" hai3="14,19,20,21,24,30,53,57,61,87,90,101,103" /><INIT seed="3,2,2,5,4,62" ten="440,250,170,120" oya="3" hai0="10,63,82,7,25,92,119,3,105,69,84,29,98" hai1="94,90,27,113,86,102,26,122,36,129,11,97,0" hai2="99,52,66,32,64,106,130,1,112,132,58,38,21" hai3="53,39,127,33,118,124,44,68,4,31,59,74,65"/><W114/><G74/><T81/><D119/><U14/><E0/><V23/><F112/><W134/><G4/><T49/><D49/><U67/><E36/><V55/><F32/><W2/><G2/><T73/><D73/><U123/><E113/><V34/><F34/><W96/><G114/><T75/><D84/><U24/><E67/><N who="2" m="25643" /><F38/><W35/><G118/><T78/><D82/><U111/><E111/><V85/><F1/><W5/><G5/><T13/><D13/><U60/><E60/><N who="2" m="35911" /><F106/><W50/><G134/><T77/><D105/><U121/><E129/><V6/><F6/><W9/><G9/><T28/><D78/><U61/><E61/><V93/><F132/><W120/><G120/><T16/><D63/><U12/><REACH who="1" step="1"/><E11/><REACH who="1" ten="440,240,170,120" step="2"/><V104/><F130/><W57/><G68/><T45/><D69/><U18/><E18/><V15/><F104/><AGARI ba="2,3" hai="12,14,24,26,27,86,90,94,97,102,104,121,122,123" machi="104" ten="50,3200,0" yaku="1,1,53,1" doraHai="62" doraHaiUra="88" who="1" fromWho="2" sc="440,0,240,68,170,-38,120,0" owari="440,54.0,308,10.8,132,-26.8,120,-38.0" /></mjloggm>