<mjloggm ver="2.3"><GO type="225" lobby="0"/><UN n0="%70%68%65%6E%6F%6D%65" n1="%E5%8D%A0%E3%81%84%E5%B8%AB%E8%A3%8F%E3%81%AA%E3%81%84%E3%81%97" n2="%72%69%6F%75%63%68%61%6E" n3="%E3%81%A8%E3%82%93%E3%81%A8%E3%81%93%E3%81%A8%E3%82%93" dan="16,16,17,16" rate="2124.12,2121.63,2208.30,2120.12" sx="M,M,M,F"/><TAIKYOKU oya="0"/><INIT seed="0,0,0,5,2,27" ten="250,250,250,250" oya="0" hai0="70,102,60,123,105,40,90,29,55,80,21,67,44" hai1="76,106,99,88,64,100,89,38,28,61,72,41,12" hai2="84,30,122,36,75,98,53,83,111,93,135,132,133" hai3="4,22,96,42,50,131,23,97,5,109,37,66,32"/><T78/><D123/><U86/><E38/><V119/><F36/><W1/><G32/><T130/><D130/><U34/><E41/><V69/><F69/><W134/><G37/><T82/><D55/><U71/><E12/><V77/><F122/><W18/><G1/><T24/><D90/><U112/><E72/><V92/><F111/><W127/><G127/><T52/><D40/><U25/><E112/><V20/><F119/><W128/><G134/><T129/><D129/><N who="3" m="49737" /><G66/><T33/><D21/><N who="3" m="7689" /><G18/><T79/><D78/><U47/><E47/><V35/><F35/><W81/><G81/><AGARI ba="0,0" hai="25,28,34,61,64,71,76,81,86,88,89,99,100,106" machi="81" ten="40,8000,1" yaku="25,2,52,1,54,1" doraHai="27" who="1" fromWho="3" sc="250,0,250,80,250,0,250,-80" /><INIT seed="1,0,0,0,1,49" ten="250,330,250,170" oya="1" hai0="11,104,41,72,9,90,69,101,42,57,130,56,4" hai1="44,115,46,93,39,32,116,88,18,105,33,38,26" hai2="91,82,45,102,100,110,29,47,10,58,8,123,17" hai3="6,77,98,16,65,131,53,28,31,64,135,43,127"/><U14/><E115/><V113/><F123/><W68/><G127/><T5/><D101/><U129/><E105/><V37/><F110/><W133/><G131/><T35/><D104/><U36/><E116/><V74/><F113/><W103/><G43/><T70/><D90/><U125/><E125/><V134/><F134/><W75/><G6/><T111/><D35/><U81/><E81/><V12/><F29/><W51/><G75/><T124/><D124/><U128/><E44/><V118/><F118/><W106/><G77/><T119/><D119/><U83/><E83/><V21/><F58/><W67/><G68/><T126/><D126/><U112/><E112/><V96/><F102/><W55/><G31/><T2/><D72/><U132/><E132/><N who="3" m="50762" /><G28/><T89/><D89/><U107/><E107/><V79/><F91/><W122/><G122/><T24/><D24/><U23/><E46/><V95/><REACH who="2" step="1"/><F45/><REACH who="2" ten="250,330,240,170" step="2"/><N who="3" m="27887" /><G16/><T78/><D111/><U40/><E129/><V73/><F73/><W52/><AGARI ba="0,1" hai="52,55,64,65,67,98,103,106" m="27887,50762" machi="52" ten="40,8000,1" yaku="20,1,52,3,54,1" doraHai="49" who="3" fromWho="3" sc="250,-20,330,-40,240,-20,170,90" /><INIT seed="2,0,0,1,4,77" ten="230,290,220,260" oya="2" hai0="89,65,40,68,63,23,116,106,129,38,52,62,94" hai1="127,128,100,72,50,118,5,132,110,96,125,55,113" hai2="44,0,93,91,124,103,51,90,59,121,95,9,133" hai3="115,39,14,117,114,83,20,74,1,34,109,15,28"/><V135/><F121/><W11/><G39/><T57/><D129/><U76/><E113/><N who="3" m="43018" /><G117/><T35/><D35/><U130/><E118/><V3/><F124/><N who="1" m="47689" /><E5/><V46/><F103/><W107/><G107/><T86/><D116/><U112/><E112/><V80/><F59/><W42/><G42/><T37/><D106/><N who="1" m="63751" /><E110/><V33/><F33/><W82/><G109/><T92/><D40/><U47/><E76/><V27/><F27/><N who="3" m="18719" /><G74/><T70/><D70/><U21/><E72/><V22/><F22/><W85/><G85/><T123/><D123/><U18/><E132/><N who="2" m="50763" /><F9/><W79/><G79/><T45/><D45/><N who="2" m="17514" /><F51/><W17/><G1/><N who="2" m="585" /><F80/><N who="3" m="30763" /><G11/><T102/><REACH who="0" step="1"/><D23/><REACH who="0" ten="220,290,220,260" step="2"/><U48/><E21/><V4/><F4/><W120/><G120/><T29/><D29/><U122/><E122/><V69/><F69/><W131/><G131/><T99/><AGARI ba="0,1" hai="37,38,52,57,62,63,65,68,86,89,92,94,99,102" machi="99" ten="30,7900,0" yaku="1,1,0,1,54,1,53,1" doraHai="77" doraHaiUra="84" who="0" fromWho="0" sc="220,89,290,-20,220,-39,260,-20" /><INIT seed="3,0,0,3,2,8" ten="309,270,181,240" oya="3" hai0="2,47,34,74,24,129,99,135,114,63,93,72,64" hai1="10,17,26,65,127,35,57,89,95,131,115,27,102" hai2="56,85,77,84,62,133,111,3,18,120,33,50,14" hai3="90,123,128,88,0,66,110,126,48,53,87,58,16"/><W41/><G123/><T6/><D129/><U60/><E115/><V68/><F3/><W96/><G0/><T40/><D114/><U11/><E35/><V103/><F133/><W122/><G122/><T42/><D135/><U98/><E131/><V5/><F120/><W49/><G128/><T43/><D47/><U78/><E78/><V109/><F33/><W94/><G126/><T107/><D6/><U91/><E127/><V30/><F30/><W52/><G110/><N who="2" m="41993" /><F5/><W69/><G41/><T22/><D2/><U54/><E102/><V104/><F68/><W70/><G66/><T112/><D112/><U4/><E65/><N who="2" m="39111" /><F77/><W55/><G16/><T92/><D34/><U31/><E89/><V7/><F7/><W51/><REACH who="3" step="1"/><G58/><REACH who="3" ten="309,270,181,230" step="2"/><T59/><D59/><U45/><E57/><V36/><F36/><W117/><G117/><T97/><D64/><U13/><E17/><V76/><F76/><W67/><G67/><T124/><D124/><U105/><E4/><V118/><F118/><W82/><AGARI ba="0,1" hai="48,49,51,52,53,55,69,70,82,87,88,90,94,96" machi="82" ten="30,11700,0" yaku="1,1,0,1,54,2,53,0" doraHai="8" doraHaiUra="101" who="3" fromWho="3" sc="309,-39,270,-39,181,-39,230,127" owari="270,7.0,231,-16.9,142,-35.8,357,45.7" /></mjloggm>