<mjloggm ver="2.3"><GO type="225" lobby="0"/><UN n0="%E7%89%B9%E6%9D%B1%E3%81%AF%E4%B8%96%E7%95%8C%E3%82%92%E6%95%91%E3%81%86" n1="%E3%81%99%E3%81%84%E3%81%BE%E3%81%9B%E3%83%BC%E3%82%93" n2="%4B%2E%32%2E%4B%2E" n3="%6D%75%75%6D%75%72%61" dan="16,16,17,17" rate="2094.29,2207.17,2185.82,2191.78" sx="M,M,M,F"/><TAIKYOKU oya="0"/><INIT seed="0,0,0,5,5,112" ten="250,250,250,250" oya="0" hai0="36,94,32,41,113,69,56,97,121,30,48,91,7" hai1="110,77,118,122,43,49,70,108,72,130,28,42,96" hai2="127,45,54,124,80,132,134,21,117,4,67,19,84" hai3="57,111,83,12,59,86,52,73,93,50,55,20,126"/><T38/><D113/><U103/><E70/><V105/><F105/><W102/><G111/><N who="1" m="42538" /><E122/><V37/><F4/><W79/><G126/><N who="2" m="48169" /><F67/><W114/><G114/><T128/><D69/><U3/><E3/><V88/><F117/><W99/><G73/><T44/><D121/><U90/><E130/><V26/><F54/><W81/><G81/><T66/><D128/><U47/><E90/><V87/><F84/><W64/><G64/><T15/><D7/><U95/><E28/><V123/><F123/><W34/><G34/><T0/><D0/><U11/><E11/><V29/><F29/><W8/><G20/><T120/><D120/><U31/><E31/><V35/><F35/><W107/><G107/><T23/><D32/><U65/><E65/><V24/><F24/><W92/><G92/><T46/><D30/><U131/><E131/><V104/><F104/><W51/><G8/><T27/><D27/><U74/><E118/><V75/><F75/><N who="1" m="28713" /><E77/><V40/><AGARI ba="0,0" hai="19,21,26,37,40,45,80,87,88,132,134" m="48169" machi="40" ten="30,2000,0" yaku="18,1,54,1" doraHai="112" who="2" fromWho="2" sc="250,-10,250,-5,250,20,250,-5" /><INIT seed="1,0,0,3,0,48" ten="240,245,270,245" oya="1" hai0="4,60,107,7,56,53,74,15,118,110,126,19,89" hai1="25,104,66,119,3,82,13,37,40,116,77,2,58" hai2="109,102,54,38,105,64,98,132,112,68,12,80,90" hai3="73,1,79,93,59,35,39,17,23,122,30,36,85"/><U86/><E104/><V135/><F38/><W94/><G122/><T26/><D118/><U0/><E25/><V14/><F109/><W57/><G1/><T87/><D110/><U44/><E13/><V129/><F129/><W97/><G73/><T111/><D111/><U42/><E42/><V131/><F131/><W103/><G35/><T120/><D74/><U81/><E66/><V127/><F127/><W33/><G33/><T134/><D126/><U117/><E58/><V88/><F112/><W84/><G30/><T108/><D108/><U75/><REACH who="1" step="1"/><E119/><REACH who="1" ten="240,235,270,245" step="2"/><V115/><F64/><W71/><G57/><T83/><D107/><U27/><E27/><V96/><F14/><W61/><G71/><T124/><D124/><U91/><AGARI ba="0,1" hai="0,2,3,37,40,44,75,77,81,82,86,91,116,117" machi="91" ten="30,3000,0" yaku="1,1,0,1,53,0" doraHai="48" doraHaiUra="133" who="1" fromWho="1" sc="240,-10,235,40,270,-10,245,-10" /><INIT seed="1,1,0,5,0,60" ten="230,275,260,235" oya="1" hai0="70,8,1,83,84,28,135,23,61,66,53,108,123" hai1="42,104,111,69,29,20,55,59,122,86,64,129,46" hai2="120,125,87,102,131,116,78,89,105,134,63,41,80" hai3="75,58,128,15,76,101,62,88,31,16,81,44,68"/><U95/><E122/><V133/><F41/><W85/><G128/><T91/><D123/><U103/><E129/><V32/><F32/><W36/><G68/><T74/><D108/><U126/><E126/><V19/><F19/><W40/><G101/><T12/><D135/><N who="2" m="51722" /><F63/><W114/><G31/><T47/><D74/><U99/><E111/><V30/><F30/><W34/><G34/><T118/><D118/><U73/><E73/><N who="2" m="43087" /><F120/><W72/><G114/><T124/><D124/><U4/><E4/><V79/><F131/><W67/><G76/><T39/><D1/><U14/><E69/><V10/><F10/><AGARI ba="1,0" hai="10,15,16,36,40,44,58,62,67,72,75,81,85,88" machi="10" ten="30,7700,0" yaku="7,1,52,1,54,2" doraHai="60" who="3" fromWho="2" sc="230,0,275,0,260,-80,235,80" /><INIT seed="2,0,0,3,2,85" ten="230,275,180,315" oya="2" hai0="26,117,84,94,63,79,53,18,23,125,13,54,31" hai1="24,115,55,37,83,70,7,30,116,48,74,28,50" hai2="78,16,39,95,111,80,5,1,49,133,82,36,0" hai3="69,102,46,126,75,59,130,109,89,12,123,68,107"/><V92/><F133/><W62/><G123/><T72/><D125/><U21/><E70/><V8/><F0/><W14/><G126/><T61/><D72/><U45/><E37/><V91/><F111/><W56/><G75/><T135/><D135/><U120/><E115/><V106/><F106/><W122/><G122/><T90/><D79/><U64/><E64/><V10/><F49/><W100/><G109/><T2/><D2/><U58/><E116/><V32/><F32/><W98/><G130/><T60/><REACH who="0" step="1"/><D117/><REACH who="0" ten="220,275,180,315" step="2"/><U47/><E74/><V20/><F78/><W40/><G69/><T57/><D57/><U71/><E58/><V9/><F1/><W105/><G68/><T114/><D114/><U44/><E71/><V34/><F5/><W121/><G56/><T110/><D110/><U81/><E7/><V38/><F34/><AGARI ba="0,1" hai="13,18,23,26,31,34,53,54,60,61,63,84,90,94" machi="34" ten="40,8000,1" yaku="1,1,52,1,53,2" doraHai="85" doraHaiUra="51" who="0" fromWho="2" sc="220,90,275,0,180,-80,315,0" /><INIT seed="3,0,0,5,3,130" ten="310,275,100,315" oya="3" hai0="85,95,71,27,104,19,51,101,110,52,90,30,20" hai1="46,59,78,54,39,80,97,128,41,6,72,83,57" hai2="109,61,44,11,4,131,58,38,24,73,64,88,0" hai3="33,1,100,31,13,87,47,129,98,126,21,42,3"/><W134/><G129/><T32/><D71/><U106/><E128/><V2/><F131/><W91/><G33/><T84/><D110/><U117/><E117/><V22/><F109/><W127/><G134/><T49/><D101/><U40/><E40/><V23/><F73/><W67/><G67/><T77/><D104/><U69/><E69/><V123/><F123/><W103/><G31/><T125/><D125/><N who="3" m="47625" /><G21/><T50/><D77/><U89/><E6/><V113/><F113/><W36/><G13/><T48/><D84/><U133/><E133/><V116/><F116/><W45/><G45/><T17/><D32/><U135/><E135/><V121/><F121/><W35/><G35/><T7/><D7/><U111/><E111/><V75/><F0/><N who="3" m="75" /><G98/><T68/><D68/><U86/><E54/><V28/><F75/><W82/><AGARI ba="0,0" hai="36,42,47,82,87,91,100,103" m="75,47625" machi="82" ten="30,1500,0" yaku="18,1" doraHai="130" who="3" fromWho="3" sc="310,-5,275,-5,100,-5,315,15" owari="305,10.5,270,-13.0,95,-40.5,330,43.0" /></mjloggm>