<mjloggm ver="2.3"><GO type="225" lobby="0"/><UN n0="%E3%82%BC%E3%83%AB%E3%83%80%E3%81%AE%E4%BC%9D%E8%AA%AC" n1="%E3%83%97%E3%83%AC%E3%83%B4%E3%82%A1%E3%83%86%E3%82%A3" n2="%E3%81%8B%E3%82%8F%E3%81%A1%E3%82%83%E3%82%93%35%38" n3="%E5%A4%A9%E5%AE%89%E9%96%80%E5%BF%98%E5%8D%B4" dan="17,16,16,17" rate="2138.88,2171.59,2114.85,2243.53" sx="M,F,M,M"/><TAIKYOKU oya="0"/><INIT seed="0,0,0,4,1,114" ten="250,250,250,250" oya="0" hai0="135,27,56,76,101,38,59,23,58,33,50,89,102" hai1="124,90,45,109,14,104,123,112,7,84,81,113,133" hai2="30,91,48,97,21,103,5,46,88,39,120,87,73" hai3="22,19,66,0,3,47,4,69,108,53,71,95,44"/><T125/><D38/><U79/><E123/><V134/><F73/><W77/><G108/><T17/><D125/><U60/><E109/><V6/><F39/><W85/><G66/><T128/><D135/><U31/><E133/><V111/><F120/><W70/><G4/><T32/><D128/><U24/><E124/><V94/><F111/><W130/><G130/><T15/><D76/><U82/><E104/><V51/><F51/><W127/><G127/><T10/><D33/><U122/><E122/><V52/><F134/><W105/><G105/><T35/><D35/><U132/><E132/><V78/><F78/><W74/><G74/><T11/><D32/><U96/><E45/><V20/><F91/><W55/><G47/><T117/><D117/><U28/><E60/><V75/><F75/><W40/><G95/><T41/><D89/><U99/><E112/><V25/><REACH who="2" step="1"/><F20/><REACH who="2" ten="250,250,240,250" step="2"/><W131/><G131/><T49/><D49/><U29/><E113/><V106/><AGARI ba="0,1" hai="5,6,21,25,30,46,48,52,87,88,94,97,103,106" machi="106" ten="20,12000,2" yaku="1,1,2,1,0,1,7,1,54,2,53,0" doraHai="114" doraHaiUra="64" who="2" fromWho="2" sc="250,-60,250,-30,240,130,250,-30" /><INIT seed="1,0,0,5,3,93" ten="190,220,370,220" oya="1" hai0="78,63,47,41,79,17,89,94,9,10,33,134,49" hai1="38,30,43,74,12,7,51,121,98,62,116,69,8" hai2="82,102,37,55,117,36,133,114,3,65,124,73,132" hai3="72,59,66,44,60,45,15,105,111,31,0,122,16"/><U58/><E116/><V81/><F3/><W131/><G122/><T40/><D134/><U119/><E119/><V64/><F117/><W104/><G0/><T61/><D33/><U90/><E121/><V14/><F14/><W42/><G72/><T106/><D106/><U130/><E74/><V109/><F73/><W26/><G111/><T96/><D40/><U5/><E130/><V70/><F102/><W2/><G2/><T76/><REACH who="0" step="1"/><D17/><REACH who="0" ten="180,220,370,220" step="2"/><N who="1" m="8327" /><E38/><V86/><F36/><W18/><G131/><T91/><D91/><U100/><E69/><V32/><F37/><W25/><G18/><T126/><D126/><U20/><E90/><V54/><F70/><W97/><G42/><T39/><D39/><U57/><E43/><V6/><F32/><W52/><G105/><T129/><D129/><U112/><E112/><V34/><F34/><W123/><G123/><T71/><D71/><U125/><E125/><V87/><F124/><W22/><G104/><T27/><D27/><N who="1" m="16743" /><E51/><V101/><F114/><W84/><G26/><T56/><D56/><U28/><E58/><V77/><F133/><W85/><G25/><T107/><D107/><U53/><E28/><V13/><F132/><W135/><G31/><T21/><D21/><U88/><E100/><V103/><F103/><W19/><G135/><T48/><D48/><U118/><E118/><V99/><F101/><W127/><G127/><T113/><D113/><U128/><E128/><V108/><F77/><W50/><G45/><T23/><D23/><U4/><E88/><V1/><F6/><N who="1" m="1537" /><U68/><DORA hai="29" /><E68/><V75/><F1/><RYUUKYOKU ba="0,1" sc="180,15,220,15,370,-15,220,-15" hai0="9,10,41,47,49,61,63,76,78,79,89,94,96" hai1="53,57,62,98" /><INIT seed="1,1,1,4,1,46" ten="195,235,355,205" oya="1" hai0="71,29,61,66,26,108,24,102,17,131,59,110,0" hai1="74,134,57,64,15,30,80,98,118,115,39,25,100" hai2="22,31,38,53,103,75,54,28,12,76,10,112,41" hai3="5,95,40,101,73,13,104,85,119,50,93,36,72"/><U109/><E115/><V135/><F103/><W70/><G119/><T86/><D131/><U123/><E118/><V122/><F41/><W126/><G70/><T7/><D102/><U99/><E39/><V111/><F76/><W2/><G2/><T78/><D17/><U11/><E123/><V125/><F75/><W56/><G36/><T55/><D7/><U44/><E134/><V107/><F22/><W128/><G128/><T114/><D0/><U96/><E109/><N who="0" m="42089" /><D114/><U91/><E44/><V120/><F107/><W117/><G117/><T133/><D133/><U20/><E74/><V19/><F135/><W65/><G126/><T88/><D78/><U35/><E35/><V113/><F19/><W132/><G132/><T23/><D26/><U21/><E21/><V32/><F32/><W45/><G104/><T94/><D71/><U16/><E100/><V1/><F111/><W121/><G121/><T67/><AGARI ba="1,1" hai="23,24,29,55,59,61,66,67,86,88,94" m="42089" machi="67" ten="30,2000,0" yaku="14,1,54,1" doraHai="46" who="0" fromWho="0" sc="195,33,235,-11,355,-6,205,-6" /><INIT seed="2,0,0,2,5,66" ten="228,224,349,199" oya="2" hai0="134,108,14,37,107,123,127,19,57,83,78,35,22" hai1="5,93,62,20,84,96,3,117,105,88,97,128,82" hai2="50,39,76,121,113,52,133,68,1,90,18,54,118" hai3="91,26,92,81,120,114,101,99,4,85,126,103,12"/><V55/><F1/><W17/><G120/><T6/><D123/><U104/><E117/><V72/><F76/><W125/><G114/><T24/><D107/><U86/><E3/><V2/><F72/><W74/><G74/><T48/><D37/><U33/><E33/><V47/><F90/><W11/><G101/><T38/><D38/><U34/><E34/><V69/><F18/><W119/><G119/><T98/><D108/><U13/><E62/><V79/><F79/><W63/><G63/><T15/><D127/><U53/><E53/><N who="2" m="19979" /><F2/><W94/><REACH who="3" step="1"/><G81/><REACH who="3" ten="228,224,349,189" step="2"/><T65/><D83/><U36/><E128/><V41/><F118/><W109/><G109/><T21/><D134/><U129/><E129/><V28/><F121/><W16/><G16/><T80/><D80/><U110/><E110/><V77/><F113/><W71/><G71/><T111/><D19/><N who="1" m="10351" /><E36/><V59/><F133/><W44/><G44/><T100/><D111/><U46/><E46/><V7/><F69/><W32/><G32/><T135/><D35/><U56/><E5/><V116/><F68/><W51/><G51/><T124/><D48/><U45/><E45/><V95/><F47/><W75/><G75/><T30/><D6/><U8/><E56/><V10/><F59/><W132/><G132/><T43/><D135/><U29/><E29/><V23/><F116/><W42/><G42/><T60/><D43/><U27/><E8/><V0/><F39/><W67/><G67/><T61/><D65/><U31/><E31/><V112/><F28/><W58/><G58/><T73/><D57/><U87/><E82/><RYUUKYOKU ba="0,1" sc="228,-10,224,-10,349,-10,189,30" hai3="4,11,12,17,26,85,91,92,94,99,103,125,126" /><INIT seed="3,1,1,4,5,106" ten="218,214,339,219" oya="3" hai0="1,108,63,87,127,29,78,23,121,96,39,65,110" hai1="95,33,109,85,105,30,113,135,21,120,27,79,10" hai2="123,58,118,16,82,133,0,94,3,84,38,12,5" hai3="134,48,64,9,47,119,51,77,25,97,101,24,98"/><W129/><G119/><T56/><D121/><U59/><E120/><V111/><F38/><W99/><G129/><T90/><D39/><U54/><E113/><V17/><F5/><W92/><G134/><T43/><D1/><U126/><E135/><V36/><F36/><W71/><G77/><T125/><D43/><U91/><E105/><V80/><F80/><W4/><G71/><T55/><D96/><N who="3" m="36969" /><G64/><T44/><D78/><U116/><E116/><V130/><F0/><W28/><G28/><T35/><D35/><U46/><E109/><N who="0" m="42089" /><D44/><U100/><E100/><V103/><F3/><W88/><G101/><T18/><D65/><U68/><E68/><V89/><F103/><W19/><G4/><T61/><D61/><N who="1" m="36087" /><E33/><V81/><F118/><W107/><G107/><T74/><D29/><U53/><E126/><V86/><F111/><W83/><G47/><T73/><D125/><U40/><E79/><V20/><F133/><W93/><G51/><T69/><D69/><U70/><E70/><V117/><F117/><W72/><G48/><T67/><D67/><U42/><E10/><V6/><F123/><W104/><G104/><T14/><D127/><U62/><E46/><V115/><F6/><W128/><G128/><T114/><D114/><U8/><E8/><N who="2" m="6151" /><F130/><W75/><G9/><T11/><D11/><U132/><E132/><V32/><F115/><W49/><G49/><T13/><D13/><U37/><E37/><V66/><F32/><W45/><G45/><T7/><D7/><U52/><E62/><N who="2" m="38231" /><F86/><N who="3" m="50271" /><G99/><T76/><D76/><U102/><E102/><V112/><F112/><RYUUKYOKU ba="1,1" sc="218,10,214,10,339,10,219,-30" hai0="14,18,23,55,56,63,73,74,87,90" hai1="21,27,30,40,42,52,53,85,91,95" hai2="17,20,81,82,84,89,94" owari="228,2.8,224,-17.6,359,45.9,189,-31.1" /></mjloggm>