<mjloggm ver="2.3"><GO type="225" lobby="0"/><UN n0="%E6%B0%B7%E5%B7%9D%E9%87%8C%E5%A5%88" n1="%E3%81%82%E3%81%99%E3%81%AB%E3%82%83%E3%82%80" n2="%E3%81%BF%E3%81%BF%E3%81%9A" n3="%E7%B4%94%E6%BD%94%E3%83%94%E3%83%A9%E3%83%8B%E3%82%A2" dan="16,16,17,17" rate="2051.12,2120.76,2313.87,2214.53" sx="F,F,M,M"/><TAIKYOKU oya="0"/><INIT seed="0,0,0,4,2,32" ten="250,250,250,250" oya="0" hai0="45,43,71,104,123,125,17,77,62,44,30,57,126" hai1="97,7,111,68,70,0,93,27,47,21,5,8,119" hai2="128,135,26,39,53,95,83,49,73,122,23,81,54" hai3="58,37,10,116,106,22,120,127,59,9,115,13,61"/><T28/><D123/><U2/><E119/><V98/><F122/><W117/><G37/><T91/><D71/><U1/><E111/><V52/><F39/><W51/><G106/><T121/><D121/><U124/><E124/><N who="0" m="47721" /><D104/><U129/><E129/><V34/><F34/><W99/><G58/><T84/><D77/><U113/><E113/><V112/><F112/><W64/><G59/><T63/><D17/><U107/><E107/><V90/><F128/><W15/><G64/><N who="0" m="38991" /><D63/><U18/><E47/><N who="0" m="17993" /><D43/><U40/><E40/><V132/><F49/><W76/><G51/><T110/><D110/><U87/><E87/><V67/><F67/><W88/><G61/><T60/><D60/><U20/><E20/><V133/><REACH who="2" step="1"/><F73/><REACH who="2" ten="250,250,240,250" step="2"/><W38/><G115/><T86/><D86/><U50/><E50/><V25/><F25/><W36/><G120/><T103/><D103/><U85/><E85/><V48/><F48/><W65/><G127/><T102/><D102/><U78/><E68/><V33/><F33/><W72/><G72/><T74/><D74/><U80/><E70/><V105/><F105/><W101/><G101/><T114/><D114/><U94/><E27/><V41/><F41/><W134/><G65/><T16/><D16/><AGARI ba="0,1" hai="16,23,26,52,53,54,81,83,90,95,98,132,133,135" machi="16" ten="50,8000,1" yaku="1,1,20,1,54,2,53,0" doraHai="32" doraHaiUra="6" who="2" fromWho="0" sc="250,-80,250,0,240,90,250,0" /><INIT seed="1,0,0,5,5,2" ten="170,250,330,250" oya="1" hai0="44,105,20,69,128,133,26,17,13,38,45,89,15" hai1="87,129,100,74,32,10,42,80,118,121,98,9,85" hai2="43,51,19,0,88,94,58,23,24,76,90,103,60" hai3="37,16,72,102,131,65,64,96,68,130,46,71,67"/><U29/><E118/><V111/><F111/><W134/><G72/><T59/><D69/><U104/><E121/><V66/><F0/><W73/><G73/><T30/><D105/><U101/><E129/><N who="3" m="49162" /><G134/><T18/><D128/><U132/><E132/><V119/><F119/><W81/><G81/><T107/><D133/><U49/><E101/><V110/><F110/><W55/><G16/><T39/><D107/><U70/><E70/><N who="3" m="26666" /><G96/><T124/><D124/><U77/><E32/><V63/><F63/><W3/><G3/><T125/><D125/><U6/><E29/><V8/><F76/><W31/><G31/><T115/><D115/><U27/><E27/><V14/><F103/><W62/><G102/><T28/><D59/><U48/><E10/><V95/><F95/><W99/><G99/><T114/><D114/><U116/><E116/><V93/><F94/><W83/><G83/><T53/><D89/><U1/><REACH who="1" step="1"/><E42/><REACH who="1" ten="170,240,330,250" step="2"/><V36/><F43/><N who="3" m="22895" /><G55/><T11/><D53/><U78/><E78/><V47/><F90/><W127/><G127/><T91/><D91/><U113/><E113/><V112/><F112/><W84/><G67/><T61/><D26/><U75/><E75/><V117/><F117/><W92/><G64/><T97/><D20/><U35/><E35/><V106/><F24/><W120/><G120/><T52/><D52/><U21/><E21/><V41/><F23/><W126/><G126/><T82/><D11/><U135/><E135/><V50/><F106/><W54/><G54/><T79/><D79/><U34/><E34/><V123/><F123/><W25/><G65/><RYUUKYOKU ba="0,1" sc="170,-15,240,15,330,15,250,-15" hai1="1,6,9,48,49,74,77,80,85,87,98,100,104" hai2="8,14,19,36,41,47,50,51,58,60,66,88,93" /><INIT seed="1,1,1,2,5,26" ten="155,255,345,235" oya="1" hai0="118,24,122,117,52,76,100,15,71,55,8,74,0" hai1="13,113,40,70,35,37,75,123,22,99,49,10,62" hai2="80,94,111,112,4,23,60,102,58,115,51,14,73" hai3="105,69,61,19,34,63,42,33,92,129,2,81,36"/><U103/><E113/><N who="2" m="43595" /><F111/><W27/><G105/><T25/><D122/><U43/><E35/><V128/><F128/><W91/><G2/><T132/><D71/><U18/><E123/><V98/><F51/><W68/><G81/><T31/><D0/><U9/><E37/><V83/><F73/><W87/><G42/><T39/><D39/><U107/><E75/><V121/><F121/><W38/><G27/><T78/><D132/><U133/><E133/><V72/><F72/><W21/><G21/><T48/><D100/><U17/><E49/><V50/><F50/><W130/><G87/><T65/><D65/><U64/><REACH who="1" step="1"/><E9/><REACH who="1" ten="155,245,345,235" step="2"/><N who="2" m="4391" /><F23/><W45/><G36/><T104/><D48/><U30/><E30/><V86/><F86/><W1/><G38/><T57/><D74/><U66/><E66/><AGARI ba="1,2" hai="58,60,66,80,83,94,98,102" m="4391,43595" machi="66" ten="30,1000,0" yaku="11,1" doraHai="26" who="2" fromWho="1" sc="155,0,245,-13,345,33,235,0" /><INIT seed="2,0,0,5,5,58" ten="155,232,378,235" oya="2" hai0="19,59,125,99,106,120,119,129,116,89,81,71,126" hai1="107,1,16,91,101,131,55,43,73,94,97,40,49" hai2="12,20,84,123,92,8,52,79,46,37,113,4,111" hai3="105,134,86,103,61,21,96,112,15,93,30,38,130"/><V26/><F113/><W13/><G38/><T32/><D32/><U0/><E131/><V124/><F123/><W45/><G130/><T87/><D19/><U67/><E73/><V2/><F124/><N who="0" m="47722" /><D59/><U39/><E67/><V115/><F115/><W29/><G134/><T82/><D71/><U41/><E39/><V85/><F111/><W132/><G132/><T9/><D9/><U64/><E64/><V56/><F2/><W133/><G133/><T42/><D42/><U35/><E35/><V65/><F79/><W109/><G45/><T121/><D129/><U117/><E117/><N who="0" m="45129" /><D81/><U98/><REACH who="1" step="1"/><E16/><REACH who="1" ten="155,222,378,235" step="2"/><N who="2" m="12551" /><F37/><W83/><G112/><T118/><N who="0" m="45137" /><T102/><AGARI ba="0,1" hai="82,87,89,99,102,106,120,121" m="45137,47722" machi="102" ten="50,8000,1" yaku="4,1,18,1,12,1,34,2" doraHai="58" who="0" fromWho="0" sc="155,90,222,-20,378,-40,235,-20" /><INIT seed="3,0,0,3,1,102" ten="245,202,338,215" oya="3" hai0="111,41,121,128,110,44,11,123,75,85,108,12,73" hai1="6,4,94,37,122,77,104,28,5,84,109,24,125" hai2="83,30,56,61,1,91,58,135,98,70,38,13,131" hai3="97,74,46,27,39,21,59,67,51,114,78,35,60"/><W124/><G114/><T14/><D128/><U62/><E122/><N who="0" m="46601" /><D85/><U99/><E37/><V127/><F127/><W2/><G124/><T10/><D14/><U34/><E125/><V40/><F135/><W8/><G35/><T96/><D96/><U50/><E109/><V106/><F1/><W36/><G97/><T119/><D119/><U55/><E62/><V7/><F131/><W76/><G39/><N who="0" m="21567" /><D10/><U92/><E104/><V117/><F7/><AGARI ba="0,0" hai="7,11,12,73,75,108,110,111" m="21567,46601" machi="7" ten="40,1300,0" yaku="14,1" doraHai="102" who="0" fromWho="2" sc="245,13,202,0,338,-13,215,0" owari="258,5.8,202,-29.8,325,42.5,215,-18.5" /></mjloggm>