<mjloggm ver="2.3"><GO type="225" lobby="0"/><UN n0="%E4%BF%BA%E3%81%A8%E5%A6%96%E5%A4%A2" n1="%E8%B6%85%E7%B4%9A%E9%B3%B3%E5%87%B0" n2="%6D%75%75%6D%75%72%61" n3="%E3%81%8C%E3%81%9F" dan="17,16,16,17" rate="2251.17,2113.90,2147.99,2176.58" sx="F,M,F,F"/><TAIKYOKU oya="0"/><INIT seed="0,0,0,1,1,113" ten="250,250,250,250" oya="0" hai0="102,13,84,28,91,17,35,24,88,11,95,56,127" hai1="18,85,51,83,114,63,36,9,97,100,65,0,103" hai2="61,81,30,99,108,117,3,49,110,62,93,4,54" hai3="71,73,57,34,118,135,26,10,46,133,27,94,59"/><T39/><D127/><U116/><E36/><V119/><F30/><W89/><G71/><T111/><D39/><U16/><E114/><V37/><F37/><W14/><G73/><T68/><D68/><U130/><E130/><V90/><F81/><W8/><G46/><T50/><D111/><N who="2" m="42538" /><F4/><W78/><G78/><T66/><D102/><U80/><E80/><V87/><F3/><W128/><G128/><T124/><D124/><U20/><E100/><V48/><F48/><W77/><G77/><T52/><D66/><U75/><E75/><V79/><F99/><W47/><G47/><T58/><D91/><U126/><E126/><V96/><F96/><W132/><G10/><T22/><D35/><U115/><E115/><V69/><F79/><W74/><G74/><T104/><D104/><U42/><E51/><V134/><F134/><W70/><G70/><T6/><D6/><U98/><E0/><V120/><F120/><W67/><G34/><T129/><D129/><U40/><E83/><V2/><F2/><W19/><G67/><T60/><D60/><N who="2" m="23146" /><F69/><W21/><G26/><T12/><D12/><U121/><E121/><V123/><F123/><W33/><G33/><T53/><D53/><U15/><E98/><V23/><F23/><W45/><G45/><AGARI ba="0,0" hai="11,13,17,22,24,28,45,50,52,56,58,84,88,95" machi="45" ten="30,11600,0" yaku="7,1,8,1,54,2" doraHai="113" who="0" fromWho="3" sc="250,116,250,0,250,0,250,-116" /><AGARI ba="0,0" hai="45,49,54,87,90,93,117,119" m="23146,42538" machi="45" ten="30,3900,0" yaku="14,1,52,2" doraHai="113" who="2" fromWho="3" sc="366,0,250,0,250,39,134,-39" /><INIT seed="0,1,0,0,5,131" ten="366,250,289,95" oya="0" hai0="120,135,119,31,14,46,0,6,8,22,113,67,63" hai1="45,81,87,91,29,37,88,117,99,19,24,39,90" hai2="102,76,33,44,36,40,98,11,94,43,12,4,80" hai3="25,132,106,107,130,78,18,38,129,56,17,82,72"/><T69/><D113/><U50/><E117/><V13/><F40/><W71/><G71/><T100/><D119/><U59/><E19/><V66/><F33/><W41/><G56/><T97/><D120/><U51/><E59/><V42/><F42/><W70/><G70/><T118/><D118/><U64/><E64/><V16/><F66/><W122/><G122/><T101/><D101/><U128/><E128/><V127/><F127/><W27/><G130/><T55/><D31/><U126/><E126/><V10/><F10/><W52/><G129/><T74/><D74/><U93/><E91/><V57/><F57/><W5/><G5/><T35/><D35/><U121/><E121/><V116/><F116/><W23/><G41/><T77/><D77/><U104/><E104/><V110/><F110/><W84/><G38/><T92/><D22/><U112/><E112/><V123/><F123/><W9/><G72/><T20/><D20/><U48/><REACH who="1" step="1"/><E45/><REACH who="1" ten="366,240,289,95" step="2"/><V105/><F105/><W15/><G27/><T26/><D26/><U85/><E85/><V7/><REACH who="2" step="1"/><F13/><REACH who="2" ten="366,240,279,95" step="2"/><W53/><G107/><T28/><D14/><U62/><E62/><V79/><F79/><W73/><G106/><T58/><D46/><U86/><E86/><AGARI ba="1,2" hai="4,7,11,12,16,36,43,44,76,80,86,94,98,102" machi="86" ten="30,7700,0" yaku="1,1,7,1,54,1,53,1" doraHai="131" doraHaiUra="75" who="2" fromWho="1" sc="366,0,240,-80,279,100,95,0" /><INIT seed="1,0,0,1,3,44" ten="366,160,379,95" oya="1" hai0="47,12,51,38,8,15,121,52,109,107,49,42,35" hai1="112,87,55,99,58,120,78,22,94,66,43,93,6" hai2="45,106,116,27,67,111,28,108,10,72,20,13,128" hai3="34,24,29,17,122,74,130,19,71,39,133,102,4"/><U0/><E112/><V57/><F116/><W54/><G39/><T7/><D107/><U85/><E120/><V36/><F106/><W14/><G122/><T132/><D121/><U65/><E43/><V117/><F117/><W97/><G74/><T63/><D109/><U61/><E0/><V40/><F72/><W96/><G71/><T21/><D35/><U3/><E3/><V119/><F119/><W82/><G130/><T16/><REACH who="0" step="1"/><D132/><REACH who="0" ten="356,160,379,95" step="2"/><U53/><E22/><V76/><F111/><W73/><G133/><T77/><D77/><U129/><E78/><V37/><F108/><W104/><G34/><T125/><D125/><U127/><E127/><V23/><F76/><W115/><G104/><T56/><AGARI ba="0,1" hai="7,8,12,15,16,21,38,42,47,49,51,52,56,63" machi="56" ten="30,12000,2" yaku="1,1,0,1,52,2,54,2,53,0" doraHai="44" doraHaiUra="62" who="0" fromWho="0" sc="356,130,160,-60,379,-30,95,-30" /><INIT seed="2,0,0,0,4,39" ten="486,100,349,65" oya="2" hai0="120,122,72,38,73,123,124,95,51,103,129,64,92" hai1="48,29,116,4,83,31,79,11,13,84,32,87,63" hai2="110,109,121,0,133,67,80,70,65,60,8,99,12" hai3="71,128,130,134,52,93,77,135,55,100,96,105,7"/><V10/><F121/><W20/><G71/><T50/><D38/><U53/><E116/><V113/><F113/><W81/><G7/><T85/><D64/><U25/><E29/><V40/><F133/><N who="3" m="50699" /><G20/><T126/><D103/><U107/><E107/><V41/><F0/><W5/><G5/><T57/><D57/><U69/><E69/><V89/><F67/><W17/><G17/><T62/><D62/><U131/><E63/><V88/><F10/><W115/><G115/><T34/><D34/><U117/><E117/><V102/><F12/><W45/><G45/><T78/><D129/><N who="3" m="49769" /><G105/><T59/><D59/><U58/><REACH who="1" step="1"/><E131/><REACH who="1" ten="486,90,349,65" step="2"/><V15/><F70/><W74/><AGARI ba="0,1" hai="52,55,74,77,81,93,96,100" m="49769,50699" machi="74" ten="30,4000,0" yaku="20,1,19,1,54,1" doraHai="39" who="3" fromWho="3" sc="486,-10,90,-10,349,-20,65,50" /><INIT seed="3,0,0,0,1,7" ten="476,80,329,115" oya="3" hai0="23,13,122,34,127,46,63,66,58,116,135,42,89" hai1="29,47,65,4,32,67,115,131,44,41,52,106,51" hai2="90,109,111,62,74,19,91,132,25,59,104,84,81" hai3="103,119,69,70,72,126,121,26,100,73,38,80,1"/><W8/><G119/><T110/><D116/><U97/><E115/><V2/><F74/><W22/><G121/><T60/><D122/><U93/><E131/><V128/><F104/><W3/><G38/><T12/><D34/><U85/><E106/><V48/><F128/><W0/><G8/><T24/><D110/><U18/><E4/><V117/><F132/><W87/><G126/><T10/><D127/><U71/><E85/><V54/><F2/><W102/><G72/><T15/><D135/><U108/><E108/><V5/><F5/><W56/><G56/><T28/><D63/><U75/><E75/><V33/><F117/><W94/><G94/><T43/><D89/><U114/><E114/><V49/><F91/><W53/><G53/><T118/><D118/><U134/><E134/><V30/><F19/><W61/><G73/><T86/><D86/><U16/><E32/><V21/><F33/><W55/><G55/><T105/><D105/><U88/><E29/><V35/><F35/><W113/><G113/><T112/><D112/><U17/><REACH who="1" step="1"/><E71/><REACH who="1" ten="476,70,329,115" step="2"/><V11/><F109/><W125/><G125/><T64/><D64/><U6/><E6/><V39/><F111/><W9/><G70/><T37/><D42/><U123/><E123/><V36/><F84/><W98/><G69/><T27/><D27/><U77/><E77/><V107/><F107/><W99/><G87/><T31/><D31/><U40/><E40/><V14/><F30/><W129/><G26/><T101/><D24/><U76/><E76/><V120/><F120/><W124/><G124/><T83/><D43/><RYUUKYOKU ba="0,1" sc="476,-10,70,30,329,-10,115,-10" hai1="16,17,18,41,44,47,51,52,65,67,88,93,97" owari="476,57.6,100,-40.0,319,11.9,105,-29.5" /></mjloggm>