<mjloggm ver="2.3"><GO type="225" lobby="0"/><UN n0="%E3%81%BE%E3%81%A8%E3%81%9F" n1="%E5%A4%96%E5%B7%9D%E7%AB%9C%E6%88%90" n2="%E3%82%A2%E3%82%A4%E3%82%B9%E3%83%86%E3%82%A3%E3%83%BC%E3%81%82%E3%81%B9" n3="%E3%83%AD%E3%83%83%E3%83%86%E9%9B%80%E7%90%83" dan="16,16,16,17" rate="2141.13,2248.10,2087.01,2211.17" sx="M,M,M,M"/><TAIKYOKU oya="0"/><INIT seed="0,0,0,1,0,99" ten="250,250,250,250" oya="0" hai0="92,69,72,131,120,121,89,26,86,125,37,96,12" hai1="135,27,49,90,127,56,117,64,48,1,16,23,2" hai2="57,98,108,71,130,74,95,45,4,124,42,67,79" hai3="91,25,20,77,62,5,43,51,70,88,107,21,80"/><T54/><D37/><U97/><E117/><V115/><F108/><W24/><G107/><T47/><D69/><U112/><E127/><V35/><F115/><W132/><G132/><T30/><D72/><U81/><E135/><V10/><F35/><W13/><G70/><T39/><D131/><U46/><E112/><V94/><F71/><W55/><G62/><T9/><D125/><U66/><E1/><V61/><F130/><W19/><G43/><T6/><D86/><N who="1" m="50511" /><E2/><V111/><F111/><W53/><G5/><T22/><REACH who="0" step="1"/><D54/><REACH who="0" ten="240,250,250,250" step="2"/><N who="1" m="31815" /><E97/><V41/><F98/><W82/><G55/><AGARI ba="0,1" hai="16,23,27,46,49,55,64,66" m="31815,50511" machi="55" ten="30,2000,0" yaku="8,1,54,1" doraHai="99" who="1" fromWho="3" sc="240,0,250,30,250,0,250,-20" /><INIT seed="1,0,0,0,0,109" ten="240,280,250,230" oya="1" hai0="102,76,10,62,52,115,86,23,0,93,83,119,122" hai1="58,95,105,106,131,50,66,29,51,61,129,45,125" hai2="127,32,44,4,6,81,69,60,19,27,2,31,9" hai3="85,133,3,135,43,53,38,97,16,73,1,34,108"/><U13/><E125/><V39/><F6/><W100/><G73/><T12/><D115/><U15/><E29/><V90/><F90/><W74/><G74/><T47/><D119/><U37/><E37/><V110/><F110/><W117/><G108/><T20/><D0/><U103/><E95/><V36/><F127/><W126/><G34/><T24/><D122/><U68/><E58/><V92/><F92/><W134/><G117/><T123/><D123/><U120/><E51/><V28/><F31/><W70/><G70/><T63/><D63/><U64/><E64/><V25/><F81/><W113/><G113/><T41/><D24/><U111/><E120/><V18/><F27/><W22/><G53/><T104/><D93/><U67/><E67/><V114/><F114/><W130/><G85/><T54/><D104/><N who="1" m="40043" /><E103/><V82/><F82/><W30/><G30/><T77/><D77/><U35/><E35/><V14/><F19/><W124/><G124/><T98/><D98/><U59/><E68/><V128/><F44/><N who="3" m="23671" /><G126/><T118/><D118/><U91/><E91/><V72/><F72/><W99/><G100/><T88/><D76/><U21/><E111/><V11/><F39/><W46/><G46/><T57/><D54/><N who="1" m="30031" /><E21/><N who="2" m="11479" /><F36/><W33/><G33/><T89/><D89/><U79/><E79/><V71/><F11/><W96/><G130/><AGARI ba="0,0" hai="13,15,59,61,66,129,130,131" m="30031,40043" machi="130" ten="30,1500,0" yaku="19,1" doraHai="109" who="1" fromWho="3" sc="240,0,280,15,250,0,230,-15" /><INIT seed="1,1,0,5,4,119" ten="240,295,250,215" oya="1" hai0="67,130,97,118,33,96,13,111,88,107,129,108,44" hai1="19,101,38,133,109,78,65,60,36,127,91,9,93" hai2="75,135,23,73,2,15,64,51,83,7,112,61,43" hai3="52,92,45,126,86,128,29,71,95,90,121,24,39"/><U87/><E127/><V54/><F2/><W134/><G71/><T84/><D33/><U1/><E133/><V17/><F43/><W94/><G128/><N who="0" m="49259" /><D67/><U113/><E113/><V85/><F7/><W11/><G121/><T131/><N who="0" m="49267" /><T37/><DORA hai="42" /><D13/><U4/><E109/><N who="0" m="42057" /><D118/><U20/><E101/><V3/><F3/><W98/><G126/><T49/><D37/><U35/><E78/><V56/><F135/><W47/><G134/><T120/><D107/><U62/><E35/><V82/><F82/><N who="3" m="49495" /><G39/><T8/><D8/><U25/><E62/><V30/><F30/><W115/><G115/><T102/><D102/><U105/><E105/><V0/><F0/><W46/><G11/><T124/><D120/><U53/><E65/><V31/><F31/><W66/><G66/><T116/><D124/><U114/><E114/><V32/><F32/><W5/><G5/><T69/><D69/><U81/><E38/><V57/><REACH who="2" step="1"/><F112/><REACH who="2" ten="240,295,240,215" step="2"/><W103/><G52/><N who="0" m="29735" /><D116/><U16/><E1/><V21/><F21/><AGARI ba="1,1" hai="21,24,29,45,46,47,92,94,95,98,103" m="49495" machi="21" ten="30,7700,0" yaku="8,1,52,3" doraHai="119,42" who="3" fromWho="2" sc="240,0,295,0,240,-80,215,90" /><INIT seed="2,0,0,2,2,60" ten="240,295,160,305" oya="2" hai0="121,87,49,76,27,51,36,86,22,58,0,37,44" hai1="108,42,132,8,94,109,13,97,100,14,17,30,90" hai2="128,23,18,134,11,122,99,93,118,65,124,78,1" hai3="26,75,16,52,70,104,67,20,40,131,73,64,57"/><V33/><F33/><W21/><G104/><T53/><D121/><U4/><E132/><V74/><F122/><W114/><G70/><T126/><D0/><U105/><E30/><V80/><F118/><W89/><G75/><T38/><D126/><U45/><E90/><V34/><F34/><W125/><G73/><T12/><D12/><U47/><E105/><V115/><F115/><W102/><G102/><T35/><D35/><U84/><E84/><V5/><F134/><W31/><G131/><T98/><D98/><U116/><E116/><V130/><F124/><W95/><G40/><T81/><D86/><U85/><E85/><V54/><F54/><W120/><G114/><T59/><REACH who="0" step="1"/><D49/><REACH who="0" ten="230,295,160,305" step="2"/><U127/><E127/><V112/><F112/><W46/><G125/><T79/><D79/><U43/><E14/><V82/><F80/><W71/><G120/><T6/><D6/><U7/><E4/><V107/><F107/><W25/><G25/><T69/><D69/><U48/><E7/><V110/><F110/><W83/><G71/><T55/><D55/><U3/><E3/><V56/><F99/><W50/><G26/><T24/><D24/><U32/><E32/><V91/><F65/><W10/><G67/><T129/><D129/><N who="2" m="49770" /><F56/><W92/><G64/><T96/><D96/><U77/><E77/><V72/><F78/><W66/><G66/><T111/><D111/><U62/><E62/><V117/><F117/><W68/><G57/><T135/><D135/><U61/><E61/><V133/><F133/><W9/><G68/><T41/><D41/><U101/><E101/><RYUUKYOKU ba="0,1" sc="230,15,295,15,160,-15,305,-15" hai0="22,27,36,37,38,44,51,53,58,59,76,81,87" hai1="8,13,17,42,43,45,47,48,94,97,100,108,109" /><INIT seed="3,1,1,5,5,58" ten="245,310,145,290" oya="3" hai0="47,122,55,31,103,89,57,43,16,131,113,106,125" hai1="27,70,41,32,6,133,132,96,91,49,51,126,22" hai2="69,17,78,46,80,52,14,21,34,26,4,64,0" hai3="83,104,18,124,5,11,48,63,130,56,59,128,38"/><W85/><G124/><T40/><D125/><U62/><E126/><V117/><F117/><W107/><G38/><T45/><D122/><U68/><E32/><V118/><F118/><W108/><G18/><T35/><D131/><N who="3" m="50217" /><G48/><N who="1" m="18506" /><E6/><V7/><F0/><N who="3" m="423" /><G108/><T65/><D31/><N who="1" m="17911" /><E41/><V101/><F101/><W90/><G56/><T82/><D103/><U28/><E28/><V76/><F34/><W39/><G39/><T73/><D35/><U2/><E2/><V42/><F42/><W116/><G116/><T109/><D109/><U33/><E33/><V114/><F114/><W100/><G100/><T25/><D106/><U95/><E62/><V66/><F69/><W1/><G1/><T50/><D65/><AGARI ba="1,1" hai="59,63,65,83,85,90,104,107" m="423,50217" machi="65" ten="30,2900,0" yaku="19,1,52,1" doraHai="58" who="3" fromWho="0" sc="245,-32,310,0,145,0,290,42" owari="213,-18.7,310,11.0,145,-35.5,332,43.2" /></mjloggm>