<mjloggm ver="2.3"><GO type="225" lobby="0"/><UN n0="%E3%81%86%E3%82%8B%E3%81%8A%E3%81%A1%E3%82%83" n1="%72%61%6B%33" n2="%E7%89%B9%E6%9D%B1%E3%81%AF%E4%B8%96%E7%95%8C%E3%82%92%E6%95%91%E3%81%86" n3="%43%68%65" dan="16,17,16,16" rate="2056.93,2188.87,2150.81,2174.12" sx="F,M,M,M"/><TAIKYOKU oya="0"/><INIT seed="0,0,0,0,1,47" ten="250,250,250,250" oya="0" hai0="67,20,7,104,32,111,132,35,65,14,100,77,134" hai1="9,59,26,106,22,82,108,97,85,56,128,49,16" hai2="18,1,58,83,38,11,129,36,52,110,62,120,92" hai3="135,6,17,27,60,99,121,69,28,0,86,53,103"/><T54/><D77/><U113/><E108/><V95/><F120/><W84/><G121/><T133/><D111/><U68/><E68/><V74/><F110/><W15/><G135/><T114/><D114/><U81/><E128/><V19/><F129/><W75/><G75/><T31/><D104/><U10/><E113/><V130/><F130/><W40/><G40/><T115/><D100/><U89/><E82/><V105/><F105/><W42/><G42/><T116/><D116/><U45/><E106/><V48/><F18/><W80/><G6/><T37/><D37/><U101/><E97/><V73/><F95/><W131/><G0/><T125/><D125/><U13/><E101/><V91/><F62/><W41/><G41/><T71/><D115/><U93/><E93/><V23/><F11/><W123/><G123/><T34/><D71/><U122/><E122/><V96/><F1/><W112/><G112/><T57/><D31/><U124/><E124/><V4/><F4/><W98/><G131/><T119/><D119/><U3/><E3/><V88/><F91/><W8/><G103/><T78/><D78/><U33/><E33/><V39/><REACH who="2" step="1"/><F83/><REACH who="2" ten="250,250,240,250" step="2"/><W87/><G80/><T66/><D7/><N who="1" m="3263" /><E10/><V29/><F29/><W64/><G28/><T118/><D118/><U21/><E21/><V127/><F127/><W30/><G30/><T79/><D79/><U109/><E109/><V94/><F94/><W46/><G27/><AGARI ba="0,1" hai="19,23,27,36,38,39,48,52,58,73,74,88,92,96" machi="27" ten="40,8000,1" yaku="1,1,52,1,54,2,53,0" doraHai="47" doraHaiUra="126" who="2" fromWho="3" sc="250,0,250,0,240,90,250,-80" /><INIT seed="1,0,0,0,3,32" ten="250,250,330,170" oya="1" hai0="128,20,104,23,84,14,65,114,53,43,19,60,127" hai1="98,27,8,18,73,41,109,50,31,126,105,54,78" hai2="124,62,55,116,74,52,111,9,86,89,85,119,131" hai3="57,22,26,71,97,37,88,25,70,34,107,63,36"/><U123/><E123/><V61/><F74/><W102/><G34/><T30/><D104/><U72/><E41/><V80/><F111/><W46/><G26/><N who="0" m="16711" /><D114/><U134/><E109/><V76/><F131/><W49/><G37/><T11/><D127/><U24/><E126/><V51/><F124/><W100/><G36/><T133/><D43/><U7/><E18/><V17/><F119/><W75/><G75/><T135/><D128/><U82/><E73/><V35/><F35/><W93/><G70/><T87/><D53/><N who="2" m="20554" /><F51/><W3/><G3/><T99/><D99/><U47/><E31/><V77/><F116/><W118/><G71/><T103/><D103/><U66/><E66/><V110/><F110/><W92/><G107/><T40/><D40/><U94/><E105/><V108/><F108/><W29/><G118/><T0/><D0/><U21/><E21/><V120/><F120/><W130/><G130/><T113/><D113/><U129/><E129/><V48/><F48/><W91/><G49/><T39/><D39/><U58/><E47/><V79/><F86/><N who="3" m="52343" /><G46/><T2/><D2/><U117/><E117/><V42/><F42/><W45/><G45/><T81/><D135/><U5/><E134/><V115/><F115/><W28/><G28/><T1/><D133/><U15/><E7/><V106/><F106/><W125/><G125/><T33/><D33/><U95/><E95/><V10/><F17/><W69/><G69/><N who="0" m="42151" /><D81/><U64/><E64/><AGARI ba="0,0" hai="22,25,29,57,63,64,88,93,97,100,102" m="52343" machi="64" ten="30,2000,0" yaku="8,1,54,1" doraHai="32" who="3" fromWho="1" sc="250,0,250,-20,330,0,170,20" /><INIT seed="2,0,0,5,4,123" ten="250,230,330,190" oya="2" hai0="36,6,28,104,80,91,29,68,69,14,45,131,55" hai1="96,85,103,106,116,77,40,51,35,27,95,17,86" hai2="87,54,110,42,66,115,102,73,94,113,121,100,11" hai3="10,30,23,129,130,78,81,18,2,125,56,5,62"/><V119/><F121/><W74/><G30/><N who="0" m="11883" /><D104/><U79/><E116/><V61/><F119/><W71/><G71/><T22/><D36/><U0/><E0/><V101/><F73/><W53/><REACH who="3" step="1"/><G125/><REACH who="3" ten="250,230,330,180" step="2"/><T46/><D68/><U49/><E35/><V13/><F115/><W19/><G19/><N who="0" m="10615" /><D69/><U39/><E17/><V58/><F113/><W26/><AGARI ba="0,1" hai="2,5,10,18,23,26,53,56,62,74,78,81,129,130" machi="26" ten="30,4000,0" yaku="1,1,0,1,53,1" doraHai="123" doraHaiUra="50" who="3" fromWho="3" sc="250,-10,230,-10,330,-20,180,50" /><INIT seed="3,0,0,2,2,32" ten="240,220,310,230" oya="3" hai0="77,30,81,19,43,7,66,59,61,0,135,128,33" hai1="132,63,29,87,86,75,47,69,48,23,85,8,70" hai2="116,78,130,9,107,74,37,54,6,71,127,97,99" hai3="38,80,65,95,57,82,36,83,96,56,133,24,76"/><W4/><G133/><T21/><D43/><U98/><E75/><V118/><F71/><W113/><G113/><T124/><D135/><U90/><E132/><V103/><F37/><W42/><G76/><T25/><D128/><U92/><E63/><V60/><F130/><W93/><G93/><T22/><D124/><U11/><E70/><V100/><F127/><W119/><G119/><T16/><D33/><U51/><E69/><V14/><F78/><W117/><G117/><T126/><D126/><U106/><E106/><V44/><F74/><W12/><G24/><T109/><D109/><U94/><E94/><V53/><F53/><W58/><G65/><T111/><D111/><U102/><E102/><V27/><F27/><W131/><G131/><T46/><D46/><U89/><E89/><V28/><F28/><W18/><G4/><T3/><D7/><U123/><E123/><V52/><F54/><W110/><G42/><T101/><D101/><U1/><E1/><V55/><F55/><W2/><G2/><T41/><D41/><N who="1" m="24687" /><E51/><V120/><F120/><W125/><G110/><T62/><D61/><U129/><E129/><V88/><F88/><N who="3" m="55399" /><G125/><T10/><D3/><U20/><E29/><V26/><F44/><W17/><G17/><T67/><D67/><U112/><E112/><V115/><F115/><W84/><G84/><N who="1" m="21506" /><U35/><DORA hai="45" /><E35/><V39/><F39/><W49/><G49/><T40/><D40/><U122/><E122/><V72/><F72/><W91/><G91/><T15/><D0/><U68/><E68/><V50/><F118/><W108/><G108/><RYUUKYOKU ba="0,0" sc="240,-15,220,15,310,-15,230,15" hai1="8,11,20,23,90,92,98" hai3="12,18,36,38,56,57,58,80,82,83" /><INIT seed="3,1,0,1,4,53" ten="225,235,295,245" oya="3" hai0="90,45,114,86,51,36,74,54,61,35,55,110,28" hai1="64,38,1,71,16,134,32,56,73,52,132,109,20" hai2="126,135,129,25,48,50,2,58,10,62,105,123,104" hai3="75,22,116,68,92,31,79,76,18,11,60,106,70"/><W44/><G106/><T47/><D74/><U40/><E32/><V13/><F2/><W30/><G116/><T82/><D110/><U8/><E73/><V84/><F84/><W21/><G11/><T29/><D114/><U59/><E109/><V121/><F129/><W24/><G75/><T83/><D83/><U122/><E122/><N who="2" m="46603" /><F25/><W102/><G44/><T113/><D113/><U42/><E71/><V93/><F93/><W19/><G70/><T34/><D34/><U12/><E38/><V63/><F63/><W14/><G60/><T125/><D125/><U39/><E39/><V112/><F135/><N who="1" m="51753" /><E64/><N who="2" m="38999" /><F126/><W6/><G68/><T0/><D0/><U72/><E72/><V127/><F112/><W49/><G49/><N who="2" m="19049" /><F127/><W133/><G133/><T130/><D130/><U128/><E128/><V4/><AGARI ba="1,0" hai="4,10,13,104,105" m="19049,38999,46603" machi="4" ten="30,2000,0" yaku="13,1,52,1" doraHai="53" who="2" fromWho="2" sc="225,-6,235,-6,295,23,245,-11" owari="219,-28.1,229,-17.1,318,41.8,234,3.4" /></mjloggm>