<mjloggm ver="2.3"><GO type="225" lobby="0"/><UN n0="%77%72%77%72%77%72%77%72" n1="%E3%82%A2%E3%82%A4%E3%82%B9%E3%83%86%E3%82%A3%E3%83%BC%E3%81%82%E3%81%B9" n2="%E3%81%82%E3%81%99%E3%81%AB%E3%82%83%E3%82%80" n3="%28%EF%BF%A3%E2%96%BD%EF%BF%A3%29%CE%B4%E2%8C%92%E3%83%BB" dan="16,16,16,16" rate="2131.87,2106.94,2121.54,2111.29" sx="M,M,F,M"/><TAIKYOKU oya="0"/><INIT seed="0,0,0,4,4,100" ten="250,250,250,250" oya="0" hai0="50,91,122,18,108,13,131,14,109,42,19,130,48" hai1="75,61,94,53,112,31,55,66,123,47,38,68,34" hai2="37,20,25,113,1,22,124,111,49,99,12,87,73" hai3="96,64,63,40,39,93,92,110,6,120,11,58,95"/><T59/><D122/><U76/><E123/><V46/><F73/><W105/><G120/><T118/><D91/><U85/><E75/><V125/><F111/><N who="0" m="42570" /><D118/><U65/><E65/><V78/><F1/><W67/><G110/><T16/><D42/><U7/><E7/><V3/><F3/><W102/><G40/><T101/><D101/><U128/><E128/><N who="0" m="49193" /><D59/><U33/><E38/><V9/><F37/><W86/><G39/><T30/><D30/><U98/><E31/><V134/><F78/><W17/><G17/><T126/><D126/><U56/><E47/><V132/><F46/><W84/><REACH who="3" step="1"/><G67/><REACH who="3" ten="250,250,250,240" step="2"/><T54/><D54/><U135/><E55/><V5/><F124/><W72/><G72/><T107/><D107/><U70/><E53/><V32/><F125/><W52/><G52/><T79/><D79/><U121/><E66/><V43/><F43/><W89/><G89/><T104/><D104/><U26/><E76/><V24/><F49/><AGARI ba="0,1" hai="13,14,16,18,19,48,49,50" m="49193,42570" machi="49" ten="40,18000,2" yaku="28,2,14,1,10,1,19,1,54,1" doraHai="100" who="0" fromWho="2" sc="250,190,250,0,250,-180,240,0" /><INIT seed="0,1,0,2,2,37" ten="440,250,70,240" oya="0" hai0="76,18,4,68,27,7,17,96,126,94,50,33,95" hai1="46,42,40,35,88,32,11,16,84,10,13,2,80" hai2="43,66,79,109,105,97,5,64,39,73,31,111,129" hai3="49,23,38,121,29,58,108,72,87,75,52,8,110"/><T89/><D68/><U98/><E98/><V77/><F31/><W56/><G121/><T78/><D126/><U93/><E93/><V82/><F5/><N who="0" m="2122" /><D33/><U30/><E2/><V114/><F114/><W118/><G118/><T14/><D27/><U131/><E131/><V128/><F79/><N who="0" m="30250" /><D14/><U124/><E124/><V61/><F105/><W57/><G8/><T74/><D74/><N who="3" m="28201" /><G38/><T44/><D95/><U67/><E67/><V54/><F54/><AGARI ba="1,0" hai="17,18,44,50,54,89,94,96" m="30250,2122" machi="54" ten="30,1500,0" yaku="8,1" doraHai="37" who="0" fromWho="2" sc="440,18,250,0,70,-18,240,0" /><INIT seed="0,2,0,4,3,66" ten="458,250,52,240" oya="0" hai0="98,107,95,24,135,44,8,113,116,110,46,35,3" hai1="26,132,115,103,90,82,109,7,42,125,91,59,22" hai2="4,112,81,40,48,17,117,102,129,45,94,118,43" hai3="92,74,68,105,57,6,53,80,122,114,69,120,86"/><T58/><D113/><U89/><E115/><V65/><F112/><W19/><G105/><T1/><D116/><U133/><E109/><V25/><F129/><W124/><G114/><T127/><D107/><U121/><E121/><N who="3" m="46698" /><G124/><T18/><D127/><U101/><E125/><V108/><F108/><W76/><G6/><T131/><D110/><U73/><E42/><V20/><F40/><W61/><G19/><T30/><D131/><U119/><E119/><V126/><F126/><W104/><G104/><T123/><D123/><U54/><E7/><V9/><F81/><N who="3" m="45207" /><G92/><T83/><D83/><U128/><E128/><V62/><F117/><W64/><G53/><T77/><D77/><AGARI ba="2,0" hai="57,61,64,68,69,77,80,86" m="45207,46698" machi="77" ten="30,3900,0" yaku="13,1,52,2" doraHai="66" who="3" fromWho="0" sc="458,-45,250,0,52,0,240,45" /><INIT seed="1,0,0,5,4,64" ten="413,250,52,285" oya="1" hai0="44,87,104,126,32,91,46,131,4,6,73,24,63" hai1="83,9,98,97,93,3,94,59,84,113,95,77,28" hai2="33,103,1,119,123,101,7,47,120,116,66,38,13" hai3="60,26,105,127,122,0,75,21,102,88,39,65,125"/><U76/><E113/><V42/><F33/><W128/><G75/><T31/><D73/><U27/><E77/><V62/><F1/><W15/><G0/><T48/><D104/><U58/><E3/><V107/><F7/><W71/><G39/><T43/><D131/><U35/><E9/><V22/><F13/><W80/><G122/><T109/><D109/><U53/><REACH who="1" step="1"/><E59/><REACH who="1" ten="413,240,52,285" step="2"/><V78/><F78/><W133/><G127/><T100/><D126/><U110/><E110/><V57/><F120/><W124/><G125/><T5/><D5/><U90/><E90/><V36/><F123/><W54/><G124/><T40/><D4/><U16/><E16/><V106/><F103/><W56/><G102/><T85/><D6/><U129/><E129/><V92/><F101/><W10/><G128/><T82/><D100/><U29/><E29/><V67/><F106/><W135/><G105/><T108/><D108/><U12/><E12/><V89/><F107/><W37/><G15/><T8/><D8/><U112/><E112/><V121/><F89/><W2/><G10/><T86/><D91/><U45/><E45/><V115/><F115/><W132/><G2/><T30/><D30/><U81/><E81/><V52/><F121/><W69/><G88/><T19/><D19/><U51/><AGARI ba="0,1" hai="27,28,35,51,53,58,76,83,84,93,94,95,97,98" machi="51" ten="30,6000,0" yaku="1,1,0,1,53,1" doraHai="64" doraHaiUra="72" who="1" fromWho="1" sc="413,-20,240,70,52,-20,285,-20" /><INIT seed="1,1,0,1,0,87" ten="393,310,32,265" oya="1" hai0="55,11,86,39,120,34,78,57,84,80,66,15,101" hai1="58,63,26,31,5,59,128,16,73,67,72,18,114" hai2="23,121,132,79,116,27,36,2,28,65,109,105,61" hai3="135,40,115,51,91,35,94,50,30,4,22,17,82"/><U122/><E122/><V10/><F121/><W42/><G115/><T53/><D120/><U19/><E114/><V98/><F116/><W106/><G106/><T74/><D39/><U77/><E128/><V124/><F109/><W90/><G135/><T119/><D34/><U46/><E5/><V3/><F132/><W96/><G30/><T102/><D119/><U43/><E59/><V95/><F36/><W93/><G35/><T52/><D74/><U100/><E100/><N who="0" m="38505" /><D86/><U37/><REACH who="1" step="1"/><E77/><REACH who="1" ten="393,300,32,265" step="2"/><V99/><F79/><W29/><G4/><N who="0" m="3559" /><D66/><U89/><E89/><V64/><F105/><W88/><G82/><T92/><D92/><N who="3" m="35433" /><G96/><T76/><D78/><U7/><E7/><V134/><F95/><W9/><G29/><T107/><D107/><U32/><AGARI ba="1,1" hai="16,18,19,26,31,32,37,43,46,58,63,67,72,73" machi="32" ten="30,6000,0" yaku="1,1,0,1,54,1,53,0" doraHai="87" doraHaiUra="108" who="1" fromWho="1" sc="393,-21,300,73,32,-21,265,-21" /><INIT seed="1,2,0,4,4,28" ten="372,373,11,244" oya="1" hai0="75,68,13,95,16,134,40,125,91,85,104,7,84" hai1="94,25,17,11,33,48,96,80,79,52,114,23,121" hai2="93,120,83,38,24,128,49,101,70,45,29,66,89" hai3="34,115,10,113,116,73,57,60,19,112,3,55,97"/><U76/><E121/><V62/><F120/><W106/><G73/><T82/><D68/><U27/><E114/><V103/><F38/><W18/><G116/><T126/><D104/><U14/><E33/><V74/><F128/><W53/><G34/><T36/><D7/><N who="1" m="3455" /><E27/><V99/><F83/><W86/><G3/><T39/><D75/><U90/><E80/><V102/><F74/><W35/><G35/><T100/><D134/><U32/><E32/><V6/><F6/><W87/><G53/><T127/><D40/><U124/><E124/><V47/><F24/><W54/><G54/><T22/><D100/><U105/><E105/><V20/><F20/><W44/><G44/><T78/><AGARI ba="2,0" hai="13,16,22,36,39,78,82,84,85,91,95,125,126,127" machi="78" ten="30,4000,0" yaku="0,1,18,1,54,1" doraHai="28" who="0" fromWho="0" sc="372,46,373,-22,11,-12,244,-12" owari="418,51.8,351,15.1,-1,-50.1,232,-16.8" /></mjloggm>