<mjloggm ver="2.3"><GO type="225" lobby="0"/><UN n0="%E5%8D%A0%E3%81%84%E5%B8%AB%E8%A3%8F%E3%81%AA%E3%81%84%E3%81%97" n1="%6E%69%63%6F%6E%74%6F" n2="%33%74%72%65%65" n3="%E6%B4%BE%E9%81%A3%E3%81%AE%E3%82%B8%E3%83%A3%E3%83%83%E3%82%AF" dan="17,16,16,17" rate="2190.28,2093.82,2189.10,2214.05" sx="M,M,F,M"/><TAIKYOKU oya="0"/><INIT seed="0,0,0,3,3,102" ten="250,250,250,250" oya="0" hai0="107,124,69,1,21,8,45,132,5,61,78,56,92" hai1="72,117,110,68,58,79,42,65,93,109,118,7,54" hai2="26,113,0,25,60,43,52,49,12,81,127,62,67" hai3="122,24,126,85,31,47,37,82,66,35,2,76,20"/><T38/><D124/><U91/><E7/><V16/><F0/><W29/><G2/><T71/><D132/><U97/><E42/><V18/><F113/><W34/><G126/><T32/><D92/><U83/><E68/><V51/><F127/><W112/><G112/><T57/><D57/><U36/><E65/><V123/><F123/><W55/><G122/><T53/><D32/><U22/><E36/><V9/><F43/><W40/><G66/><T59/><D107/><U11/><E11/><V80/><F49/><W30/><REACH who="3" step="1"/><G55/><REACH who="3" ten="250,250,250,240" step="2"/><T88/><D1/><U108/><REACH who="1" step="1"/><E22/><REACH who="1" ten="250,240,250,240" step="2"/><N who="2" m="13511" /><F67/><W17/><AGARI ba="0,2" hai="17,20,24,29,30,31,34,35,37,40,47,76,82,85" machi="17" ten="30,2000,0" yaku="1,1,0,1,53,0" doraHai="102" doraHaiUra="99" who="3" fromWho="3" sc="250,-10,240,-5,250,-5,240,40" /><INIT seed="1,0,0,0,2,70" ten="240,235,245,280" oya="1" hai0="84,133,94,2,29,74,112,26,4,105,83,113,17" hai1="3,101,33,118,67,27,108,119,40,38,63,132,79" hai2="41,72,19,30,73,77,66,13,32,88,96,36,110" hai3="68,130,80,31,129,135,102,85,123,69,48,98,18"/><U52/><E3/><V90/><F66/><W107/><G31/><T45/><D133/><U46/><E79/><V34/><F110/><W55/><G18/><T57/><D17/><U61/><E132/><V127/><F127/><W6/><G6/><T56/><D56/><U114/><E114/><V65/><F65/><W22/><G22/><T21/><D105/><U47/><E101/><V78/><F30/><W59/><G123/><T10/><D57/><N who="1" m="34983" /><E27/><V58/><F58/><W93/><G107/><T87/><D87/><U53/><E33/><V50/><F19/><W75/><G75/><T54/><D94/><U76/><E76/><V134/><F13/><W109/><G109/><T12/><D74/><U23/><E23/><V104/><F104/><W120/><G120/><T100/><D100/><U81/><E81/><V9/><F78/><N who="3" m="46231" /><G135/><T60/><D2/><U35/><E35/><V121/><F34/><W20/><G20/><T92/><D113/><U8/><E8/><V111/><F72/><W125/><G125/><T86/><D112/><U103/><E103/><V39/><F73/><W62/><G62/><T91/><D60/><U115/><E115/><V97/><F32/><W25/><G25/><T82/><D84/><U49/><E108/><V42/><F111/><W131/><AGARI ba="0,0" hai="48,55,59,68,69,93,98,102,129,130,131" m="46231" machi="131" ten="30,1100,0" yaku="19,1" doraHai="70" who="3" fromWho="3" sc="240,-3,235,-5,245,-3,280,11" /><INIT seed="2,0,0,5,4,24" ten="237,230,242,291" oya="2" hai0="80,92,110,30,82,77,115,134,9,33,59,40,48" hai1="63,66,18,14,106,60,36,132,29,90,122,23,69" hai2="46,76,84,93,35,111,116,7,61,51,67,11,100" hai3="4,135,64,20,105,55,119,85,62,88,50,8,89"/><V131/><F116/><W26/><G119/><T22/><D115/><U81/><E132/><V123/><F123/><W79/><G105/><T73/><D110/><U128/><E122/><V52/><F111/><W98/><G135/><T43/><D33/><U41/><E128/><V104/><F131/><W54/><G98/><T101/><D134/><U120/><E120/><V34/><F104/><W71/><G79/><T108/><D108/><U49/><E106/><V109/><F109/><W86/><G86/><T126/><D126/><U19/><E63/><V1/><F100/><W44/><G85/><T28/><D9/><U95/><E81/><N who="0" m="31337" /><D73/><U127/><E127/><V16/><F76/><W107/><G55/><N who="0" m="32231" /><D22/><U10/><E36/><V45/><F45/><W129/><G107/><T102/><D102/><U124/><E124/><V5/><F84/><W133/><G133/><T0/><D0/><U96/><E10/><V72/><F72/><W130/><G130/><T56/><D56/><U53/><E41/><N who="0" m="15945" /><D77/><U103/><E103/><V32/><F93/><W99/><G129/><T31/><D101/><U3/><E3/><V74/><F74/><W75/><G75/><T37/><D37/><U6/><E6/><V70/><F5/><W12/><G99/><T68/><D68/><U58/><REACH who="1" step="1"/><E14/><REACH who="1" ten="237,220,242,291" step="2"/><V121/><F121/><W15/><G12/><T2/><D2/><U21/><E21/><V39/><F39/><W118/><G118/><T117/><D117/><U113/><E113/><V87/><F7/><W13/><G15/><T17/><D92/><U27/><AGARI ba="0,1" hai="18,19,23,27,29,49,53,58,60,66,69,90,95,96" machi="27" ten="30,7900,0" yaku="1,1,0,1,52,1,53,1" doraHai="24" doraHaiUra="65" who="1" fromWho="1" sc="237,-20,220,89,242,-39,291,-20" /><INIT seed="3,0,0,0,1,4" ten="217,309,203,271" oya="3" hai0="46,106,127,83,88,33,63,51,38,91,129,82,122" hai1="3,118,72,60,8,80,9,71,22,2,56,37,86" hai2="133,11,40,123,24,73,68,50,107,10,62,101,58" hai3="47,95,7,77,61,52,131,85,79,99,17,128,6"/><W12/><G85/><T135/><D122/><U109/><E37/><V116/><F116/><W39/><G39/><T31/><D38/><U120/><E120/><V55/><F73/><W104/><G104/><T78/><D106/><U81/><E71/><V65/><F123/><W44/><G44/><T110/><D110/><U36/><E36/><V124/><F40/><W108/><G108/><T30/><D129/><N who="3" m="49737" /><G6/><T89/><D135/><U69/><E69/><V19/><F133/><W53/><G7/><T130/><D130/><U105/><E105/><V27/><F124/><W113/><G113/><T94/><D127/><U5/><E109/><V35/><F19/><W42/><G42/><N who="0" m="25047" /><D33/><U74/><E5/><V20/><F20/><W26/><G26/><T96/><D78/><N who="3" m="29705" /><G47/><T84/><D84/><U54/><E22/><V59/><F27/><W117/><G61/><T16/><D63/><U32/><E60/><V92/><F107/><W23/><G117/><T49/><D49/><U25/><E25/><V97/><REACH who="2" step="1"/><F68/><REACH who="2" ten="217,309,193,271" step="2"/><W14/><G23/><T121/><D121/><U87/><E118/><V103/><F103/><N who="3" m="60927" /><G17/><T29/><D16/><U1/><E32/><V90/><F90/><AGARI ba="0,1" hai="29,30,31,82,83,88,89,90,91,94,96" m="25047" machi="90" ten="30,2000,0" yaku="8,1,54,1" doraHai="4" who="0" fromWho="2" sc="217,30,309,0,193,-20,271,0" owari="247,-15.3,309,40.9,173,-32.7,271,7.1" /></mjloggm>