<mjloggm ver="2.3"><GO type="225" lobby="0"/><UN n0="%65%2D%73%65%70%65%6E%3B" n1="%E3%81%99%E3%81%84%E3%81%BE%E3%81%9B%E3%83%BC%E3%82%93" n2="%E3%81%BF%E3%81%BF%E3%81%9A" n3="%72%69%6F%75%63%68%61%6E" dan="16,17,16,16" rate="2143.84,2269.36,2153.33,2138.60" sx="M,M,M,M"/><TAIKYOKU oya="0"/><INIT seed="0,0,0,4,1,30" ten="250,250,250,250" oya="0" hai0="82,71,133,85,104,113,20,3,56,59,38,87,101" hai1="54,129,28,97,128,84,74,23,21,47,48,6,70" hai2="105,35,103,90,131,135,29,119,25,76,14,9,92" hai3="11,98,22,110,80,60,99,61,106,32,81,114,10"/><T0/><D113/><U86/><E74/><V58/><F131/><N who="1" m="50249" /><E70/><V7/><F135/><W62/><G114/><T66/><D71/><U46/><E6/><V89/><F119/><W116/><G116/><T115/><D115/><U122/><E122/><V95/><F76/><W69/><G69/><T19/><D38/><U121/><E121/><V79/><F79/><W49/><G110/><T5/><D133/><U16/><E97/><N who="3" m="36874" /><G106/><T91/><D101/><U4/><E4/><V75/><F75/><W39/><G39/><T100/><D100/><U83/><E83/><N who="3" m="31818" /><G32/><T72/><D104/><U126/><E126/><V40/><F103/><W117/><G117/><T15/><D72/><U108/><E108/><V120/><F105/><W88/><G49/><T45/><D85/><N who="1" m="32875" /><E28/><V17/><F120/><W2/><G2/><T125/><D125/><U96/><E96/><V53/><F40/><W93/><G22/><T68/><D68/><U27/><E23/><V130/><F130/><W124/><G124/><T43/><D5/><U134/><E134/><V18/><F95/><W55/><G55/><T123/><D123/><U77/><E77/><V109/><F109/><W1/><G1/><T41/><D41/><U8/><E8/><N who="3" m="3114" /><G93/><T24/><D0/><U65/><E65/><V12/><F92/><W127/><G127/><T102/><D3/><U57/><AGARI ba="0,0" hai="16,21,27,46,47,48,54,57" m="32875,50249" machi="57" ten="30,2000,0" yaku="19,1,54,1" doraHai="30" who="1" fromWho="1" sc="250,-10,250,20,250,-5,250,-5" /><INIT seed="1,0,0,5,3,67" ten="240,270,245,245" oya="1" hai0="92,110,98,85,83,122,34,94,44,132,127,41,18" hai1="96,30,2,52,7,97,86,89,71,91,51,22,15" hai2="126,100,101,121,29,109,8,33,68,54,118,25,104" hai3="129,14,93,72,82,20,74,36,26,43,63,131,134"/><U59/><E2/><V35/><F118/><W4/><G134/><T46/><D132/><U107/><E71/><V48/><F121/><W31/><G63/><T53/><D34/><U95/><E107/><V117/><F117/><W69/><G69/><T77/><D122/><U80/><E7/><V16/><F109/><W113/><G113/><T40/><D110/><U3/><E3/><V79/><F126/><W32/><G93/><T112/><D112/><U120/><E120/><V128/><F128/><N who="3" m="49227" /><G82/><T88/><D127/><U60/><E97/><V13/><F79/><W102/><G102/><T87/><D18/><N who="1" m="10591" /><E30/><V130/><F130/><W45/><G4/><T57/><D40/><U108/><E108/><V42/><F104/><W19/><AGARI ba="0,0" hai="14,19,20,26,31,32,36,43,45,72,74" m="49227" machi="19" ten="30,1100,0" yaku="19,1" doraHai="67" who="3" fromWho="3" sc="240,-3,270,-5,245,-3,245,11" /><INIT seed="2,0,0,0,1,95" ten="237,265,242,256" oya="2" hai0="37,111,10,91,0,27,19,11,36,21,26,18,82" hai1="90,33,75,12,67,130,56,57,29,66,71,48,46" hai2="120,28,53,63,106,105,81,3,24,38,97,34,128" hai3="60,125,7,131,101,73,96,4,78,85,62,58,76"/><V129/><F120/><W121/><G121/><T94/><D82/><U133/><E75/><V51/><F38/><W5/><G125/><T74/><D74/><U49/><E130/><N who="2" m="50283" /><F3/><W69/><G131/><T22/><D111/><U80/><E133/><V17/><F81/><W109/><G109/><T123/><D123/><U126/><E126/><V45/><F17/><W132/><G132/><T108/><D108/><U50/><E71/><V84/><F84/><W70/><G73/><T32/><D32/><U47/><E33/><V114/><F114/><W6/><N who="3" m="1024" /><DORA hai="117" /><W99/><G85/><T103/><D103/><U1/><E1/><V135/><F135/><W98/><G101/><T40/><D0/><U20/><E80/><V43/><F97/><W89/><G89/><T42/><D94/><U124/><E90/><AGARI ba="0,0" hai="10,11,18,19,21,22,26,27,36,37,40,42,90,91" machi="90" ten="25,1600,0" yaku="22,2" doraHai="95,117" who="0" fromWho="1" sc="237,16,265,-16,242,0,256,0" /><INIT seed="3,0,0,3,3,121" ten="253,249,242,256" oya="3" hai0="15,42,38,17,36,52,108,14,119,41,79,16,130" hai1="57,113,56,102,81,3,118,127,120,134,126,31,92" hai2="58,83,132,9,29,123,94,72,25,53,70,89,107" hai3="59,33,7,20,12,77,67,54,96,64,99,35,110"/><W39/><G110/><T74/><D119/><U117/><E3/><V85/><F70/><W106/><G39/><T129/><D79/><U135/><E31/><V128/><F123/><W103/><G77/><T114/><D74/><U1/><E1/><V13/><F107/><W46/><G46/><T105/><D105/><U109/><E120/><V122/><F122/><W4/><G99/><T101/><D52/><U2/><E2/><V124/><F128/><W50/><G4/><T21/><D101/><U34/><E34/><V95/><F124/><W116/><G116/><N who="1" m="44650" /><E113/><V125/><F132/><N who="1" m="50729" /><E81/><V80/><F125/><N who="1" m="47625" /><E109/><V10/><F80/><W55/><G33/><T28/><D28/><U76/><E76/><V51/><F72/><W49/><G35/><T88/><D114/><U112/><E112/><V5/><F9/><W37/><G37/><T73/><D73/><U43/><E43/><V75/><F75/><W22/><G22/><AGARI ba="0,0" hai="5,10,13,22,25,29,51,53,58,83,85,89,94,95" machi="22" ten="30,2000,0" yaku="7,1,8,1" doraHai="121" who="2" fromWho="3" sc="253,0,249,0,242,20,256,-20" /><INIT seed="4,0,0,1,0,117" ten="253,249,262,236" oya="0" hai0="35,114,133,17,11,16,10,27,69,101,104,119,79" hai1="59,61,24,91,52,43,108,81,88,54,130,47,105" hai2="37,33,8,53,9,39,55,106,66,60,93,103,34" hai3="7,14,21,49,30,124,135,125,112,73,72,58,51"/><T2/><D119/><U15/><E108/><V42/><F93/><W121/><G112/><T96/><D69/><U18/><E130/><V26/><F103/><W89/><G135/><T77/><D114/><U38/><E105/><V67/><F26/><W65/><G121/><T116/><D116/><U76/><E54/><V19/><F60/><N who="3" m="38039" /><G89/><T100/><D133/><U120/><E24/><V132/><F132/><W75/><G30/><T111/><D111/><U87/><REACH who="1" step="1"/><E120/><REACH who="1" ten="253,239,262,236" step="2"/><V71/><F106/><W129/><G129/><T40/><D40/><U36/><E36/><V0/><F42/><W48/><G21/><AGARI ba="0,1" hai="15,18,21,38,43,47,52,59,61,76,81,87,88,91" machi="21" ten="30,7700,0" yaku="1,1,7,1,54,2,53,0" doraHai="117" doraHaiUra="23" who="1" fromWho="3" sc="253,0,239,87,262,0,236,-77" owari="253,-14.7,326,42.6,262,6.2,159,-34.1" /></mjloggm>