<mjloggm ver="2.3"><GO type="225" lobby="0"/><UN n0="%6C%61%6D%62" n1="%E6%81%A5%E6%99%92%E3%81%97" n2="%61%6D%65%6B%69" n3="%E3%81%AF%E3%82%88%E3%81%8A%E3%81%98%E3%81%95%E3%82%93" dan="16,16,16,17" rate="2159.49,2119.95,2091.86,2130.46" sx="M,M,M,M"/><TAIKYOKU oya="0"/><INIT seed="0,0,0,0,2,83" ten="250,250,250,250" oya="0" hai0="135,10,86,57,70,34,131,35,16,104,36,24,78" hai1="133,89,8,125,76,99,75,48,11,21,20,41,66" hai2="127,64,38,45,2,60,111,17,116,130,84,115,77" hai3="73,67,25,29,82,68,128,97,30,112,80,18,108"/><T61/><D36/><U37/><E37/><V122/><F2/><W19/><G112/><T101/><D70/><U50/><E125/><V23/><F115/><W14/><G108/><T28/><D131/><U123/><E75/><V96/><F122/><W71/><G128/><T121/><D121/><U100/><E133/><V44/><F38/><W42/><G42/><T65/><D135/><U62/><E76/><V53/><F111/><W90/><G67/><T40/><D40/><U103/><E123/><V94/><F127/><W33/><G29/><T81/><D35/><U32/><E32/><V88/><F64/><W13/><G97/><T124/><D124/><U110/><E110/><V79/><F116/><W105/><G105/><T69/><D57/><U59/><E89/><V74/><F74/><W120/><G120/><T0/><D16/><U98/><E41/><V118/><F118/><W46/><G46/><N who="2" m="18025" /><F96/><W52/><G52/><T1/><D10/><U134/><E134/><V31/><F31/><W3/><G3/><T58/><D58/><U9/><E99/><AGARI ba="0,0" hai="0,1,24,28,34,61,65,69,78,81,86,99,101,104" machi="99" ten="40,7700,0" yaku="25,2,52,1" doraHai="83" who="0" fromWho="1" sc="250,77,250,-77,250,0,250,0" /><INIT seed="0,1,0,3,3,60" ten="327,173,250,250" oya="0" hai0="55,2,20,71,127,24,73,15,77,126,23,129,104" hai1="91,78,93,135,65,50,7,31,101,121,64,61,6" hai2="81,83,72,12,41,16,9,28,100,3,102,57,87" hai3="85,34,45,14,8,108,119,56,82,122,54,27,110"/><T114/><D2/><U25/><E135/><V79/><F3/><W53/><G119/><T22/><D104/><U4/><E121/><V103/><F28/><W133/><G122/><T89/><D71/><U92/><E78/><V117/><F117/><W107/><G107/><T112/><D89/><U17/><E17/><V49/><F72/><W29/><G133/><T75/><D24/><U124/><E124/><N who="0" m="47657" /><D77/><U33/><E61/><V30/><F30/><W94/><G94/><T48/><D15/><U19/><E19/><V38/><F38/><W39/><G39/><T84/><D84/><U36/><E36/><V134/><F134/><W88/><G45/><N who="0" m="28047" /><D129/><U1/><E1/><V90/><F83/><W32/><G34/><T68/><D68/><U5/><N who="1" m="1024" /><DORA hai="106" /><U11/><E11/><V46/><F57/><W109/><G56/><T13/><D13/><U69/><E69/><V26/><F26/><W132/><G132/><T113/><AGARI ba="1,0" hai="20,22,23,73,75,112,113,114" m="28047,47657" machi="113" ten="40,7800,0" yaku="18,1,52,2" doraHai="60,106" who="0" fromWho="0" sc="327,81,173,-27,250,-27,250,-27" /><INIT seed="0,2,0,4,0,127" ten="408,146,223,223" oya="0" hai0="38,76,33,129,85,43,100,59,4,95,125,6,134" hai1="54,53,118,120,42,135,119,102,90,132,37,20,91" hai2="115,46,31,7,88,26,83,5,28,130,98,111,44" hai3="45,109,65,108,103,92,62,110,60,8,121,116,77"/><T35/><D125/><U1/><E1/><V106/><F115/><W97/><G116/><N who="1" m="44586" /><E20/><V117/><F111/><W75/><G121/><T73/><D73/><U49/><E102/><V2/><F117/><W48/><G8/><T74/><D74/><U84/><E84/><V10/><F7/><W63/><G75/><T0/><D43/><U131/><E42/><V123/><F123/><W41/><REACH who="3" step="1"/><G77/><REACH who="3" ten="408,146,223,213" step="2"/><T112/><D76/><U24/><E120/><V126/><F126/><W55/><G55/><T107/><D112/><U30/><E54/><V96/><F10/><W89/><G89/><T57/><D0/><U133/><E90/><V3/><F88/><W22/><G22/><T66/><D35/><N who="1" m="20935" /><E91/><V50/><F83/><W128/><G128/><T105/><D4/><U70/><E131/><V16/><F130/><W14/><G14/><T69/><D6/><U68/><E37/><V114/><F114/><W36/><G36/><T19/><D38/><U9/><E9/><V104/><F5/><W81/><G81/><T23/><D129/><U51/><E53/><V122/><F122/><W93/><G93/><T39/><D95/><U27/><E27/><V17/><REACH who="2" step="1"/><F26/><REACH who="2" ten="408,146,213,213" step="2"/><W78/><G78/><T29/><D33/><U13/><E13/><V67/><F67/><AGARI ba="2,2" hai="41,45,48,60,62,63,65,67,92,97,103,108,109,110" machi="67" ten="50,8000,1" yaku="1,1,14,1,53,2" doraHai="127" doraHaiUra="61" who="3" fromWho="2" sc="408,0,146,0,213,-86,213,106" /><INIT seed="1,0,0,0,4,120" ten="408,146,127,319" oya="1" hai0="43,39,61,110,112,24,45,109,4,5,83,65,81" hai1="53,114,34,90,117,29,102,127,44,16,111,27,121" hai2="132,51,103,135,7,88,70,122,82,13,84,11,129" hai3="98,91,128,74,130,104,2,41,124,30,58,26,8"/><U17/><E114/><V97/><F122/><W94/><G74/><T1/><D112/><U89/><E117/><V46/><F70/><W25/><G124/><T119/><D119/><U59/><E121/><V31/><F129/><N who="3" m="49771" /><G41/><T42/><D24/><U123/><E127/><V21/><F21/><W95/><G104/><T105/><D105/><U131/><E123/><V79/><F31/><W52/><G30/><T116/><D116/><U108/><E44/><V15/><F15/><W63/><G95/><T23/><D23/><U55/><E102/><V10/><F10/><W40/><G40/><T118/><D42/><U60/><E53/><V19/><F7/><AGARI ba="0,0" hai="2,7,8,25,26,52,58,63,91,94,98" m="49771" machi="7" ten="30,2000,0" yaku="19,1,54,1" doraHai="120" who="3" fromWho="2" sc="408,0,146,0,127,-20,319,20" /><INIT seed="2,0,0,5,0,77" ten="408,146,107,339" oya="2" hai0="130,65,88,79,87,15,54,128,44,103,6,19,121" hai1="124,57,27,11,105,42,108,74,3,75,30,51,37" hai2="49,50,112,80,81,68,53,115,7,92,125,117,25" hai3="62,119,28,23,96,116,58,98,16,40,24,104,46"/><V85/><F117/><W61/><G61/><T106/><D65/><U102/><E57/><V126/><F68/><W93/><G104/><T84/><D121/><U13/><E108/><V1/><F1/><W36/><G28/><T4/><D79/><U33/><E124/><N who="2" m="47723" /><F7/><W38/><G38/><T10/><D87/><U107/><E51/><N who="2" m="19467" /><F53/><W32/><G32/><T8/><D54/><U100/><E13/><V26/><F85/><W59/><G98/><N who="0" m="61815" /><D10/><U123/><E123/><V110/><F92/><W41/><G40/><T97/><D97/><N who="1" m="61583" /><E42/><V86/><F86/><W120/><G120/><T2/><D44/><U66/><E66/><V113/><F110/><W78/><G78/><T135/><D2/><U70/><E70/><V83/><AGARI ba="0,0" hai="25,26,80,81,83,112,113,115" m="19467,47723" machi="83" ten="40,18000,2" yaku="28,2,18,1,52,3" doraHai="77" who="2" fromWho="2" sc="408,-60,146,-60,107,180,339,-60" /><INIT seed="2,1,0,0,1,35" ten="348,86,287,279" oya="2" hai0="56,30,38,124,33,135,113,57,84,106,87,0,20" hai1="69,17,99,119,40,59,120,78,95,47,108,70,39" hai2="72,107,29,32,11,125,134,126,64,100,42,105,22" hai3="67,61,65,44,1,51,82,118,52,130,41,9,26"/><V16/><F72/><W88/><G118/><T50/><D38/><U24/><E108/><V131/><F42/><W45/><G130/><T133/><D33/><U43/><E119/><V93/><F131/><W4/><G26/><N who="0" m="16711" /><D113/><U75/><E120/><V127/><F134/><W54/><G61/><T116/><D106/><U7/><E59/><V73/><F73/><W13/><G1/><T14/><D0/><U60/><E17/><V31/><F64/><N who="3" m="24651" /><G44/><T102/><D102/><U49/><E24/><N who="2" m="18471" /><F31/><W12/><G13/><T37/><D37/><U28/><E28/><V90/><F100/><W89/><G82/><T98/><D56/><U2/><E43/><V53/><F11/><W86/><G86/><T71/><D71/><U114/><E60/><V63/><F63/><W27/><G27/><T18/><D98/><U25/><E114/><V76/><F76/><W112/><G112/><T21/><D116/><U92/><E49/><V48/><F90/><AGARI ba="1,0" hai="4,9,12,41,45,51,52,54,88,89,90" m="24651" machi="90" ten="30,3900,0" yaku="8,1,54,2" doraHai="35" who="3" fromWho="2" sc="348,0,86,0,287,-42,279,42" /><INIT seed="3,0,0,0,0,42" ten="348,86,245,321" oya="3" hai0="128,74,73,79,65,12,96,56,27,26,19,132,23" hai1="14,28,66,126,89,98,111,36,25,86,20,15,75" hai2="16,62,69,108,109,100,91,106,129,122,92,5,90" hai3="3,103,131,30,114,2,35,33,85,40,95,22,70"/><W83/><G114/><T116/><D116/><U135/><E111/><N who="2" m="42571" /><F129/><W81/><G70/><T123/><D123/><U124/><E75/><V41/><F122/><W80/><G131/><T119/><D119/><U78/><E36/><V71/><F5/><W39/><G40/><T125/><D128/><U76/><E135/><V46/><F62/><W24/><G39/><T104/><D104/><U77/><E98/><V37/><F100/><W130/><G130/><T68/><D96/><U134/><E134/><V101/><F101/><W43/><G43/><T48/><D68/><U4/><E66/><V54/><F106/><W13/><G103/><T6/><D6/><U117/><E117/><V1/><F1/><W60/><G60/><T34/><D34/><U120/><E120/><V52/><F71/><W121/><G121/><T55/><D65/><U64/><E64/><V133/><F69/><W84/><G35/><T67/><D67/><U93/><REACH who="1" step="1"/><E4/><REACH who="1" ten="348,76,245,321" step="2"/><V94/><F133/><W127/><G84/><T0/><D74/><U105/><E105/><V45/><F37/><W110/><G110/><T107/><D107/><U118/><E118/><V57/><F57/><W49/><G85/><T97/><D97/><U51/><E51/><V82/><F82/><W10/><G83/><N who="0" m="45551" /><D132/><U113/><E113/><V58/><F58/><W63/><G81/><T112/><D112/><U53/><E53/><V8/><F54/><W72/><G80/><T61/><D48/><U21/><E21/><V17/><F52/><W47/><G49/><T87/><D55/><U38/><E38/><V102/><F94/><RYUUKYOKU ba="0,1" sc="348,-10,76,30,245,-10,321,-10" hai1="14,15,20,25,28,76,77,78,86,89,93,124,126" owari="348,44.8,106,-39.4,235,-16.5,311,11.1" /></mjloggm>