<mjloggm ver="2.3"><GO type="225" lobby="0"/><UN n0="%E3%83%99%E3%83%AB%E3%83%A2%E3%83%83%E3%83%88" n1="%72%61%6B%33" n2="%E3%81%B5%E3%81%98%E3%81%8B%E3%81%A4" n3="%E6%97%A5%E6%9B%9C%E6%97%A5%E3%82%88%E3%82%8A%E3%81%AE%E4%BD%BF%E8%80%85" dan="16,16,16,17" rate="2101.25,2055.79,2160.50,2123.97" sx="M,M,M,M"/><TAIKYOKU oya="0"/><INIT seed="0,0,0,0,4,115" ten="250,250,250,250" oya="0" hai0="135,11,57,12,118,94,100,15,108,52,10,130,9" hai1="111,43,107,1,26,127,134,77,37,98,76,116,44" hai2="128,97,121,104,131,64,84,122,93,132,46,123,8" hai3="47,58,63,126,16,92,66,114,29,85,103,4,25"/><T74/><D74/><U67/><E1/><V79/><F64/><W129/><G114/><T119/><D130/><N who="2" m="49706" /><F46/><W120/><G129/><T50/><D135/><U81/><E134/><V14/><F132/><W105/><G126/><T70/><D70/><U53/><E127/><V27/><F27/><W3/><G120/><T6/><D108/><U75/><E77/><V28/><F28/><W17/><G105/><T60/><D50/><U106/><E111/><V101/><F14/><W33/><G47/><T41/><D41/><U102/><E107/><V51/><F8/><W71/><G71/><T82/><D82/><U30/><E53/><V42/><F51/><W112/><G112/><T113/><D113/><U109/><E67/><V24/><F24/><W86/><G103/><T31/><D31/><U55/><E55/><V40/><F40/><W96/><G96/><T36/><D36/><U90/><E109/><V68/><F68/><W78/><G78/><T95/><D11/><U35/><E90/><N who="2" m="53447" /><F42/><W99/><G3/><T80/><D80/><U2/><E2/><V39/><F39/><W88/><REACH who="3" step="1"/><G4/><REACH who="3" ten="250,250,250,240" step="2"/><T0/><D0/><U133/><E133/><V56/><F56/><W45/><G45/><T32/><D6/><U65/><E65/><V7/><F7/><W89/><G89/><T59/><D32/><U83/><E44/><V38/><F38/><W125/><G125/><T87/><D59/><U13/><E37/><V110/><F110/><W23/><G23/><T22/><D22/><U73/><E35/><V5/><F5/><W20/><G20/><T117/><D57/><RYUUKYOKU ba="0,1" sc="250,-15,250,-15,250,15,240,15" hai2="79,97,101,104,121,122,123" hai3="16,17,25,29,33,58,63,66,85,86,88,92,99" /><INIT seed="1,1,1,5,5,107" ten="235,235,265,255" oya="1" hai0="23,81,113,106,21,64,55,85,57,114,17,97,109" hai1="27,24,7,77,105,89,11,34,112,127,1,29,83" hai2="28,37,59,61,47,41,131,76,42,16,115,2,19" hai3="92,117,67,8,50,132,108,5,63,35,104,45,26"/><U118/><E127/><V84/><F2/><W119/><G104/><T99/><D109/><U116/><E112/><V43/><F115/><W10/><G92/><T44/><D64/><U93/><E105/><V32/><F131/><W100/><G100/><T4/><D4/><U101/><E101/><V33/><F37/><W78/><G78/><T53/><D106/><U36/><E24/><V62/><F47/><W133/><G108/><T56/><D44/><U90/><E36/><V15/><F28/><N who="3" m="19863" /><G50/><T60/><D113/><U82/><E82/><N who="2" m="47175" /><F33/><W31/><G31/><T71/><D71/><U134/><E134/><N who="3" m="51818" /><G45/><T66/><D114/><U135/><E135/><V69/><F69/><N who="3" m="42239" /><G10/><T46/><D66/><U20/><E34/><V120/><F120/><W54/><G54/><T6/><D46/><U3/><E90/><V102/><F102/><W75/><G75/><T58/><D58/><U87/><REACH who="1" step="1"/><E3/><AGARI ba="1,1" hai="3,5,8,117,119" m="42239,51818,19863" machi="3" ten="30,2000,0" yaku="20,1,23,1" doraHai="107" who="3" fromWho="1" sc="235,0,235,-23,265,0,255,33" /><INIT seed="2,0,0,0,2,9" ten="235,212,265,288" oya="2" hai0="7,103,88,59,8,115,21,108,120,128,60,127,117" hai1="23,77,42,89,19,29,15,31,129,53,112,98,73" hai2="16,106,80,111,61,118,70,131,46,69,36,32,68" hai3="65,20,52,86,71,11,133,18,91,84,0,43,100"/><V47/><F118/><W97/><G133/><T92/><D120/><U66/><E112/><V130/><F32/><W82/><G43/><T78/><D115/><U94/><E129/><N who="2" m="49163" /><F106/><W125/><G125/><T87/><D108/><U99/><E66/><V35/><F35/><W44/><G65/><T132/><D132/><U58/><E42/><N who="2" m="22855" /><F111/><W85/><G71/><T28/><D127/><U40/><E40/><V39/><F80/><W109/><G109/><T48/><D128/><U126/><E126/><V121/><F121/><W67/><G67/><T75/><D75/><U95/><E77/><V102/><F102/><W114/><G114/><T2/><D103/><U93/><E73/><V64/><F16/><W41/><G11/><T12/><D78/><U26/><E89/><V76/><F76/><W51/><G0/><T10/><D117/><U107/><E107/><V56/><F47/><W124/><G124/><T104/><D104/><U4/><E4/><V81/><F81/><W3/><G3/><T13/><D2/><U50/><REACH who="1" step="1"/><E29/><REACH who="1" ten="235,202,265,288" step="2"/><V45/><F45/><W5/><G5/><N who="0" m="3087" /><D28/><U123/><E123/><V33/><F33/><AGARI ba="0,1" hai="15,19,23,26,31,33,50,53,58,93,94,95,98,99" machi="33" ten="40,5200,0" yaku="1,1,52,1,53,1" doraHai="9" doraHaiUra="25" who="1" fromWho="2" sc="235,0,202,62,265,-52,288,0" /><INIT seed="3,0,0,2,0,3" ten="235,264,213,288" oya="3" hai0="29,113,110,1,127,13,23,107,121,7,101,34,115" hai1="103,54,21,125,87,128,12,73,8,41,50,126,58" hai2="33,83,94,116,43,39,30,31,122,14,2,6,98" hai3="61,119,106,135,48,37,112,81,124,15,28,132,40"/><W111/><G112/><N who="0" m="43083" /><D101/><U69/><E73/><V133/><F116/><W100/><G119/><T42/><D42/><U120/><E69/><V60/><F133/><N who="3" m="51275" /><G124/><T102/><D102/><U55/><E120/><V63/><F2/><W131/><G131/><T36/><D36/><U88/><E128/><V25/><F122/><W74/><G111/><T118/><D118/><U51/><E21/><V89/><F31/><W27/><G61/><T53/><D107/><U99/><E41/><V20/><F83/><W67/><G67/><T79/><D53/><U46/><E99/><V49/><F39/><W44/><G15/><T80/><D121/><U56/><E103/><V129/><F129/><W24/><G37/><T11/><D110/><U10/><E46/><N who="2" m="25823" /><F33/><W0/><G0/><T104/><D104/><U123/><E123/><V47/><F47/><W32/><G32/><T5/><D127/><U76/><E76/><V26/><F26/><W22/><G27/><N who="0" m="18751" /><D1/><U105/><E105/><V71/><F71/><W66/><G66/><T84/><D23/><U4/><E10/><AGARI ba="0,0" hai="6,10,14,20,25,30,60,63,89,94,98" m="25823" machi="10" ten="30,2000,0" yaku="8,1,52,1" doraHai="3" who="2" fromWho="1" sc="235,0,264,-20,213,20,288,0" /><INIT seed="4,0,0,4,0,78" ten="235,244,233,288" oya="0" hai0="85,47,129,31,45,97,44,68,130,70,93,90,84" hai1="51,38,124,122,131,46,87,104,83,94,60,33,123" hai2="28,89,121,88,14,13,8,54,119,128,106,32,10" hai3="67,25,134,133,64,101,53,99,125,110,73,107,6"/><T63/><D31/><U41/><E104/><V26/><F121/><W100/><G110/><T37/><D37/><U22/><E33/><V7/><F106/><W35/><G73/><T19/><D85/><U30/><E124/><V15/><F119/><W20/><G35/><T115/><D115/><U126/><E126/><V16/><F128/><N who="0" m="49258" /><D63/><U102/><E131/><V120/><F120/><W127/><G6/><T79/><D19/><U4/><E4/><V17/><REACH who="2" step="1"/><F54/><REACH who="2" ten="235,244,223,288" step="2"/><W65/><G53/><T95/><D79/><U75/><E123/><V114/><F114/><W82/><G127/><T56/><D56/><U118/><E122/><V2/><F2/><W0/><G0/><T21/><D21/><AGARI ba="0,1" hai="7,8,10,13,14,15,16,17,21,26,28,32,88,89" machi="21" ten="30,7700,0" yaku="1,1,7,1,54,2,53,0" doraHai="78" doraHaiUra="40" who="2" fromWho="0" sc="235,-77,244,0,223,87,288,0" owari="158,-34.2,244,-15.6,310,41.0,288,8.8" /></mjloggm>