<mjloggm ver="2.3"><GO type="225" lobby="0"/><UN n0="%E3%81%B5%E3%81%98%E3%81%8B%E3%81%A4" n1="%E3%83%B4%E3%83%A0%EF%BC%99%E3%81%A6" n2="%33%74%72%65%65" n3="%E4%BF%BA%E3%81%A8%E5%A6%96%E5%A4%A2" dan="16,16,16,17" rate="2177.72,2114.02,2122.44,2156.47" sx="M,M,F,F"/><TAIKYOKU oya="0"/><INIT seed="0,0,0,5,1,27" ten="250,250,250,250" oya="0" hai0="72,57,51,29,39,41,95,122,90,67,44,23,62" hai1="68,58,59,45,118,24,80,9,107,109,71,12,135" hai2="37,100,113,99,32,65,5,106,33,110,74,79,81" hai3="7,92,83,78,0,1,128,56,76,47,86,55,36"/><T105/><D122/><U69/><E118/><V88/><F113/><W54/><G128/><T11/><D105/><U87/><E107/><V102/><F110/><W93/><G76/><T8/><D72/><U116/><E116/><V123/><F123/><W22/><G22/><T112/><D112/><U77/><E109/><V66/><F100/><W30/><G30/><T2/><D2/><U53/><E135/><V115/><F115/><W96/><G7/><T108/><D108/><U73/><E73/><V31/><F37/><W134/><G134/><T13/><D39/><U26/><E45/><V120/><F120/><W16/><G16/><N who="0" m="10639" /><D29/><U98/><E98/><AGARI ba="0,0" hai="8,11,41,44,51,57,62,67,90,95,98" m="10639" machi="98" ten="30,2900,0" yaku="8,1,54,1" doraHai="27" who="0" fromWho="1" sc="250,29,250,-29,250,0,250,0" /><INIT seed="0,1,0,1,3,15" ten="279,221,250,250" oya="0" hai0="82,9,117,135,40,69,134,83,92,95,86,106,45" hai1="48,112,116,7,1,57,4,10,22,74,96,11,107" hai2="25,20,114,127,53,98,110,101,3,32,70,102,36" hai3="62,55,5,60,79,75,17,16,19,39,8,103,111"/><T71/><D117/><U91/><E116/><V52/><F114/><W61/><G39/><T72/><D106/><U125/><E112/><V68/><F110/><W49/><G111/><T120/><D120/><U89/><E74/><V14/><F3/><W105/><G103/><T21/><D72/><U29/><E125/><V76/><F127/><W65/><G105/><T108/><D82/><U43/><E107/><V26/><F36/><W132/><G132/><N who="0" m="50731" /><D9/><U46/><E96/><V131/><F131/><W94/><G94/><N who="0" m="35883" /><D21/><U100/><E100/><V33/><F76/><W99/><G99/><T81/><D81/><U133/><E133/><V126/><F126/><W56/><G75/><T104/><D104/><U129/><E129/><V23/><F98/><W124/><G124/><T27/><D27/><U119/><E119/><V128/><F128/><W88/><G88/><N who="0" m="51295" /><D108/><U37/><E22/><V67/><REACH who="2" step="1"/><F14/><REACH who="2" ten="279,221,240,250" step="2"/><N who="3" m="5391" /><G79/><T47/><D47/><AGARI ba="1,1" hai="16,17,19,47,49,55,56,60,61,62,65" m="5391" machi="47" ten="30,8000,1" yaku="8,1,52,3,54,1" doraHai="15" who="3" fromWho="0" sc="279,-83,221,0,240,0,250,93" /><INIT seed="1,0,0,2,3,56" ten="196,221,240,343" oya="1" hai0="83,115,102,40,71,49,59,46,50,98,100,120,19" hai1="58,116,104,2,45,63,108,67,8,97,34,48,105" hai2="121,39,53,94,84,36,61,14,85,124,73,103,130" hai3="110,13,77,91,82,96,44,126,131,76,0,101,33"/><U54/><E116/><V99/><F121/><W38/><G0/><T16/><D120/><U119/><E119/><V74/><F124/><W65/><G33/><T107/><D115/><U79/><E34/><V68/><F130/><W32/><G32/><T132/><D71/><U72/><E108/><V11/><F74/><W113/><G13/><T92/><D132/><U20/><E20/><V89/><F73/><W30/><G30/><T129/><D129/><U133/><E133/><V42/><F42/><W1/><G1/><T28/><D28/><U47/><E47/><V55/><F84/><W57/><G91/><T117/><D117/><U106/><E72/><V78/><F78/><W51/><G77/><T86/><D107/><U118/><E79/><V75/><F75/><W3/><G3/><T125/><D102/><U88/><E118/><V60/><F36/><W127/><G113/><T23/><D23/><U25/><E25/><V80/><F39/><W122/><G38/><T17/><D125/><U5/><REACH who="1" step="1"/><E88/><REACH who="1" ten="196,211,240,343" step="2"/><V24/><F24/><W26/><G26/><T135/><D135/><U15/><E15/><V111/><F111/><W123/><G110/><T22/><D22/><U10/><E10/><V21/><F21/><W35/><G35/><T62/><D86/><U64/><E64/><V27/><F27/><W69/><G123/><T37/><REACH who="0" step="1"/><D83/><REACH who="0" ten="186,211,240,343" step="2"/><U95/><E95/><V41/><F94/><N who="3" m="58519" /><G122/><T90/><D90/><U6/><E6/><V114/><F89/><W109/><G127/><T31/><D31/><U112/><E112/><V43/><F114/><W29/><G126/><RYUUKYOKU ba="0,2" sc="186,15,211,15,240,-15,343,-15" hai0="16,17,19,37,40,46,49,50,59,62,92,98,100" hai1="2,5,8,45,48,54,58,63,67,97,104,105,106" /><INIT seed="1,1,2,5,4,131" ten="201,226,225,328" oya="1" hai0="25,44,120,80,107,93,106,110,23,65,103,88,125" hai1="68,70,111,3,52,4,40,19,37,69,133,102,11" hai2="46,55,51,1,81,58,122,8,49,66,118,53,105" hai3="10,5,127,89,112,77,22,29,85,56,13,74,90"/><U50/><E111/><V82/><F118/><W64/><G112/><T15/><D110/><U109/><E109/><V124/><F122/><W48/><G74/><T130/><D120/><U129/><E129/><V100/><F124/><W32/><G32/><T101/><D130/><U61/><E133/><V83/><F66/><W135/><G135/><T95/><D125/><U73/><E73/><V38/><F38/><W132/><G132/><T57/><D44/><U43/><E37/><V79/><F79/><W121/><G121/><T119/><D106/><U0/><E102/><N who="0" m="38921" /><D15/><U116/><E116/><V67/><F67/><W30/><G127/><T36/><D36/><U42/><E19/><V33/><F33/><W128/><G128/><T45/><D45/><U99/><E99/><V84/><F84/><W123/><G123/><T35/><D35/><U24/><E24/><V6/><REACH who="2" step="1"/><F100/><REACH who="2" ten="201,226,215,328" step="2"/><W60/><G77/><T17/><D107/><AGARI ba="1,3" hai="1,6,8,46,49,51,53,55,58,81,82,83,105,107" machi="107" ten="40,2600,0" yaku="1,1,2,1,53,0" doraHai="131" doraHaiUra="39" who="2" fromWho="0" sc="201,-29,226,0,215,59,328,0" /><INIT seed="2,0,0,4,3,93" ten="172,226,274,328" oya="2" hai0="109,114,102,123,48,103,69,85,32,118,97,130,8" hai1="13,133,21,34,51,16,15,117,41,87,116,79,63" hai2="105,98,113,83,40,59,101,49,75,76,92,78,10" hai3="27,126,95,81,107,111,115,24,25,46,125,17,56"/><V35/><F113/><W135/><G107/><T73/><D118/><U52/><E34/><V99/><F35/><W36/><G115/><T120/><D114/><U2/><E2/><V39/><F76/><W30/><G111/><T106/><D69/><U38/><E133/><V22/><F39/><W4/><G135/><T53/><D32/><U50/><E38/><V67/><F10/><W7/><G81/><T42/><D73/><U9/><E63/><V84/><F22/><W94/><G30/><T12/><D42/><U45/><E87/><V65/><F75/><W70/><G17/><T132/><D109/><U1/><E79/><V86/><F86/><W104/><G104/><T60/><D132/><U28/><E1/><V58/><F58/><W128/><G70/><T61/><D130/><U29/><E117/><V20/><F20/><W88/><G56/><T80/><D103/><U64/><E64/><V47/><REACH who="2" step="1"/><F59/><REACH who="2" ten="172,226,264,328" step="2"/><W14/><G36/><T112/><D112/><U44/><E116/><V5/><F5/><AGARI ba="0,1" hai="5,9,13,15,16,21,28,29,41,44,45,50,51,52" machi="5" ten="30,7700,0" yaku="7,1,8,1,54,2" doraHai="93" who="1" fromWho="2" sc="172,0,226,87,264,-77,328,0" /><INIT seed="3,0,0,1,1,64" ten="172,313,187,328" oya="3" hai0="124,106,22,128,95,133,75,19,13,8,63,115,36" hai1="71,37,126,14,32,6,50,84,93,104,68,129,91" hai2="47,11,15,45,55,34,119,73,108,135,98,7,121" hai3="132,27,77,85,99,131,134,70,123,89,41,52,1"/><W24/><G123/><T20/><D106/><U76/><E37/><V54/><F119/><W100/><G70/><T56/><D75/><U107/><E32/><V31/><F121/><W49/><G1/><T72/><D72/><U78/><E126/><V125/><F125/><W87/><G77/><T48/><D124/><U127/><E127/><V130/><F73/><W69/><G69/><T97/><D36/><U29/><E29/><V57/><F130/><W65/><G65/><T58/><D128/><U61/><E129/><V102/><F108/><W114/><G41/><T9/><D133/><N who="3" m="51305" /><G114/><T109/><D109/><U10/><E68/><V53/><F135/><W116/><G116/><T88/><D115/><U80/><E76/><V86/><F55/><W67/><G67/><N who="0" m="39399" /><D8/><U92/><E71/><V111/><F54/><AGARI ba="0,0" hai="9,13,19,20,22,48,54,58,88,95,97" m="39399" machi="54" ten="30,2000,0" yaku="8,1,54,1" doraHai="64" who="0" fromWho="2" sc="172,20,313,0,187,-20,328,0" owari="192,-20.8,313,11.3,167,-33.3,328,42.8" /></mjloggm>