<mjloggm ver="2.3"><GO type="225" lobby="0"/><UN n0="%E5%AE%AE%E4%BF%9D%E9%B6%8F%E8%82%89" n1="%E4%B8%AD%E5%B9%B4%E3%81%AE%E5%8D%B1%E6%A9%9F" n2="%E3%82%82%E3%81%90%E3%82%89" n3="%E2%91%A3%E9%81%BF%E9%81%8A%E6%88%AF%E3%80%90%E6%9D%B1%E5%8D%97%E3%80%91" dan="16,17,17,16" rate="2115.43,2104.98,2164.88,2099.58" sx="M,M,M,M"/><TAIKYOKU oya="0"/><INIT seed="0,0,0,2,0,88" ten="250,250,250,250" oya="0" hai0="22,119,9,71,7,55,63,85,45,65,15,8,57" hai1="132,106,40,14,108,61,126,109,62,82,123,117,68" hai2="105,76,129,18,13,131,110,16,127,98,38,83,44" hai3="101,125,58,79,89,97,100,121,32,124,31,20,50"/><T53/><D119/><U25/><E14/><V90/><F110/><N who="1" m="42601" /><E117/><V114/><F114/><W46/><G32/><T6/><D45/><U59/><E106/><V69/><F69/><W12/><G58/><T72/><D72/><U64/><E25/><V36/><F127/><N who="3" m="48715" /><G79/><T41/><D41/><U91/><E126/><V113/><F113/><W34/><G34/><T95/><D22/><U37/><E82/><V112/><F112/><W3/><G3/><T56/><D71/><U43/><E91/><V133/><F133/><W49/><G49/><T4/><D65/><N who="1" m="41007" /><E132/><V67/><F105/><W17/><G31/><T70/><D70/><U102/><E102/><V47/><F76/><W78/><G78/><T99/><D85/><U104/><E104/><V2/><F2/><W93/><G121/><T39/><D39/><U35/><E35/><V80/><F13/><W10/><G20/><T115/><D115/><U116/><E116/><V130/><F130/><W81/><G81/><T28/><D28/><U5/><E5/><V66/><REACH who="2" step="1"/><F90/><REACH who="2" ten="250,250,240,250" step="2"/><W0/><G0/><T87/><D15/><U23/><E123/><V24/><F24/><W94/><G101/><N who="0" m="60671" /><D87/><U51/><E37/><V134/><F134/><W107/><G89/><T48/><AGARI ba="0,1" hai="4,6,7,8,9,48,53,55,56,57,63" m="60671" machi="48" ten="30,3000,0" yaku="8,1,52,1" doraHai="88" who="0" fromWho="0" sc="250,40,250,-10,240,-10,250,-10" /><INIT seed="0,1,0,3,0,54" ten="290,240,230,240" oya="0" hai0="25,134,65,20,102,127,94,78,37,47,88,113,7" hai1="63,85,132,123,98,21,74,39,62,14,57,130,32" hai2="128,19,40,105,43,52,103,104,82,17,12,4,109" hai3="114,31,55,112,64,2,118,30,24,119,3,89,38"/><T96/><D113/><N who="3" m="43625" /><G64/><T23/><D127/><U22/><E74/><V51/><F109/><W71/><G71/><T28/><D134/><U81/><E123/><V121/><F121/><W91/><G55/><T46/><D78/><U110/><E110/><V107/><F128/><W50/><G50/><T126/><D126/><U95/><E39/><V133/><F133/><W0/><G38/><T58/><D7/><U16/><E130/><V106/><F4/><W10/><G10/><T120/><D120/><U87/><E32/><V67/><F67/><W66/><G66/><T68/><D68/><U33/><E33/><V56/><F82/><W45/><G45/><N who="0" m="16907" /><D37/><U93/><E132/><V97/><REACH who="2" step="1"/><F19/><REACH who="2" ten="290,240,220,240" step="2"/><W79/><G118/><T84/><D65/><N who="1" m="39119" /><E63/><V111/><F111/><W48/><G119/><T117/><D117/><U53/><E53/><V90/><F90/><W101/><G91/><T9/><D88/><N who="1" m="55591" /><E81/><V6/><F6/><W116/><G89/><T115/><D102/><U60/><E60/><V129/><F129/><W99/><G101/><T80/><D115/><U41/><E41/><V18/><F18/><W61/><G61/><T5/><D80/><U35/><E35/><V108/><F108/><W42/><G42/><T77/><D5/><U73/><E73/><V124/><F124/><W83/><G116/><T36/><D77/><U135/><E135/><V100/><F100/><W76/><G79/><T75/><D75/><U44/><E44/><V72/><F72/><W1/><G76/><T70/><D36/><U13/><E95/><V11/><AGARI ba="1,1" hai="11,12,17,40,43,51,52,56,97,103,104,105,106,107" machi="11" ten="30,7900,0" yaku="1,1,0,1,52,1,54,1,53,0" doraHai="54" doraHaiUra="122" who="2" fromWho="2" sc="290,-40,240,-21,220,92,240,-21" /><INIT seed="1,0,0,2,2,45" ten="250,219,312,219" oya="1" hai0="24,131,66,89,12,29,71,47,85,9,88,82,53" hai1="119,8,30,97,107,78,93,65,121,113,127,39,35" hai2="77,103,25,90,2,19,94,98,102,114,48,108,101" hai3="27,133,72,21,49,55,135,69,5,126,64,16,26"/><U20/><E121/><V61/><F2/><W38/><G72/><T46/><D131/><U37/><E119/><V0/><F0/><W91/><G38/><T11/><D71/><U17/><E113/><V68/><F108/><W74/><G74/><T31/><D66/><U122/><E122/><V43/><F114/><W83/><G5/><T117/><D117/><U132/><E107/><V73/><F73/><W120/><G120/><T57/><D89/><U75/><E127/><V115/><F115/><W54/><G126/><T3/><D3/><U50/><E132/><N who="3" m="50762" /><G55/><T36/><D36/><U110/><E35/><V87/><F68/><W84/><G69/><T99/><D99/><U28/><E39/><V56/><F77/><W10/><G64/><T6/><D9/><U13/><E37/><V104/><F104/><W44/><G21/><N who="0" m="15503" /><D31/><N who="1" m="11819" /><E75/><V59/><F19/><W42/><G42/><T105/><D105/><U70/><E65/><N who="2" m="39079" /><F43/><W123/><G123/><T15/><D12/><AGARI ba="0,0" hai="10,12,16,26,27,44,49,54,83,84,91" m="50762" machi="12" ten="30,7700,0" yaku="25,1,20,1,52,1,54,1" doraHai="45" who="3" fromWho="0" sc="250,-77,219,0,312,0,219,77" /><INIT seed="2,0,0,3,1,70" ten="173,219,312,296" oya="2" hai0="79,81,117,86,109,102,132,4,112,13,124,12,135" hai1="105,41,40,95,10,22,80,62,103,2,82,54,31" hai2="133,68,72,63,98,30,52,42,57,108,75,15,77" hai3="97,14,28,61,121,37,127,101,120,49,8,100,118"/><V17/><F133/><N who="0" m="51274" /><D4/><U89/><E105/><V44/><F77/><W96/><G118/><T59/><D59/><N who="1" m="35191" /><E2/><V26/><F108/><W16/><G28/><T50/><D50/><U25/><E103/><V113/><F113/><W6/><G127/><T60/><D60/><U67/><E10/><V104/><F68/><W119/><G119/><T21/><D117/><U46/><E67/><V69/><F69/><W34/><G34/><T88/><D112/><U107/><E107/><V53/><F53/><W134/><G61/><T11/><D21/><U20/><E20/><V65/><F65/><W35/><G35/><T94/><D109/><U99/><E46/><V91/><F26/><W83/><G49/><T74/><D11/><U47/><E47/><V1/><F1/><W33/><G33/><T58/><D58/><U0/><E0/><V48/><F30/><W51/><G51/><T24/><D24/><U130/><E130/><V92/><REACH who="2" step="1"/><F104/><REACH who="2" ten="173,219,302,296" step="2"/><W73/><G134/><T56/><D124/><U19/><E31/><V38/><F38/><W90/><G37/><T114/><D114/><U71/><E71/><V87/><F87/><W7/><G73/><T39/><D39/><U18/><E18/><V93/><F93/><N who="3" m="58415" /><G120/><T64/><D102/><U116/><E116/><V126/><F126/><W128/><G121/><T43/><D43/><AGARI ba="0,1" hai="19,22,25,40,41,43,80,82,89,95,99" m="35191" machi="43" ten="30,2000,0" yaku="25,1,8,1" doraHai="70" who="1" fromWho="0" sc="173,-20,219,30,302,0,296,0" /><INIT seed="3,0,0,3,5,91" ten="153,249,302,296" oya="3" hai0="117,34,128,8,16,57,120,25,79,81,71,42,2" hai1="124,90,131,27,13,73,36,17,62,74,10,51,101" hai2="56,63,47,78,23,11,37,130,125,105,93,43,126" hai3="83,6,114,86,12,75,100,9,40,72,77,109,54"/><W135/><G114/><T21/><D117/><U69/><E36/><V108/><F105/><W15/><G135/><T58/><D120/><U64/><E124/><N who="2" m="47723" /><F108/><W39/><G109/><T88/><D71/><U26/><E131/><V85/><F130/><W82/><G100/><T113/><D128/><U98/><E90/><N who="2" m="53455" /><F11/><W84/><G15/><N who="0" m="7271" /><D34/><U61/><E61/><V32/><F32/><W59/><G40/><T70/><D70/><U44/><E73/><V18/><F78/><W76/><G39/><T110/><D2/><U35/><E74/><V45/><F43/><W19/><G6/><T87/><D113/><U119/><E119/><V122/><F122/><W1/><G1/><T50/><D110/><U31/><E27/><N who="2" m="14839" /><F37/><W96/><G96/><T68/><D68/><U65/><E65/><AGARI ba="0,0" hai="45,47,56,63,65" m="14839,53455,47723" machi="65" ten="30,2000,0" yaku="18,1,52,1" doraHai="91" who="2" fromWho="1" sc="153,0,249,-20,302,20,296,0" owari="153,-34.7,229,-17.1,322,42.2,296,9.6" /></mjloggm>