<mjloggm ver="2.3"><GO type="225" lobby="0"/><UN n0="%E8%BE%9B%E5%8F%A3%E3%82%AB%E3%83%AC%E3%83%BC%E3%83%A9%E3%82%A4%E3%82%B9" n1="%E8%AB%B8%E8%91%9B%E4%BA%AE" n2="%E6%B8%A1%E5%A4%A9%E8%97%8D" n3="%6D%75%75%6D%75%72%61" dan="16,16,16,16" rate="2196.24,2128.38,2124.18,2097.28" sx="M,M,M,F"/><TAIKYOKU oya="0"/><INIT seed="0,0,0,4,5,74" ten="250,250,250,250" oya="0" hai0="41,64,38,134,102,72,105,3,130,124,22,127,112" hai1="28,126,25,30,8,59,97,47,14,6,116,26,121" hai2="18,54,80,10,94,33,34,70,131,60,24,71,36" hai3="100,40,0,42,50,128,96,86,29,19,57,11,85"/><T68/><RYUUKYOKU type="yao9" ba="0,0" sc="250,0,250,0,250,0,250,0" hai0="3,22,38,41,64,68,72,102,105,112,124,127,130,134" /><INIT seed="0,1,0,4,0,88" ten="250,250,250,250" oya="0" hai0="74,25,51,41,36,95,33,73,54,82,27,17,110" hai1="89,125,114,134,113,106,70,77,28,66,101,10,100" hai2="97,90,55,48,53,15,11,96,1,29,64,86,124" hai3="49,87,131,84,102,5,126,104,103,135,63,115,72"/><T59/><D110/><U9/><E134/><V37/><F124/><W111/><G115/><T67/><D67/><U91/><E125/><V43/><F1/><W108/><G126/><T112/><D112/><N who="1" m="43115" /><E77/><V30/><F64/><W23/><G72/><T61/><D36/><U65/><E28/><N who="2" m="10859" /><F37/><W75/><G75/><T57/><D33/><U119/><E119/><V83/><F43/><W98/><G135/><T52/><D41/><U40/><E40/><V32/><F32/><W24/><G131/><T34/><D34/><U85/><E66/><V69/><F69/><W8/><G63/><T121/><D121/><U0/><E91/><V35/><F35/><W80/><G49/><T68/><D68/><U109/><E109/><N who="3" m="42058" /><G103/><N who="1" m="39498" /><E0/><V129/><F129/><W39/><G39/><T21/><D82/><N who="1" m="49335" /><E106/><V19/><F53/><W76/><G76/><T44/><D44/><AGARI ba="1,0" hai="11,15,19,44,48,55,83,86,90,96,97" m="10859" machi="44" ten="30,2000,0" yaku="25,1,8,1" doraHai="88" who="2" fromWho="0" sc="250,-23,250,0,250,23,250,0" /><INIT seed="1,0,0,5,4,4" ten="227,250,273,250" oya="1" hai0="11,89,41,81,39,106,3,22,45,90,100,60,33" hai1="53,117,113,82,118,49,108,10,66,51,83,133,109" hai2="47,78,125,14,63,101,72,19,7,98,107,12,126" hai3="15,104,79,91,67,42,124,1,46,16,115,69,17"/><U121/><E66/><V99/><F72/><W94/><G1/><T36/><D33/><U71/><E71/><V122/><F122/><W13/><G115/><T76/><D36/><U97/><E97/><V18/><F78/><W128/><G104/><T129/><D129/><U48/><E133/><V56/><F7/><W5/><G128/><T50/><D22/><U23/><E23/><V112/><F112/><W93/><G124/><N who="2" m="47721" /><F47/><W75/><G69/><T57/><D50/><U77/><E113/><V59/><F98/><W20/><G67/><T96/><D3/><U130/><E130/><V55/><F59/><W111/><G5/><T127/><D11/><U27/><E27/><V21/><F18/><W8/><G111/><N who="1" m="42570" /><E121/><V38/><F38/><W0/><G0/><T6/><D6/><U73/><E82/><V123/><F123/><W2/><G2/><T35/><D35/><U9/><E53/><V64/><F55/><W32/><G32/><T120/><D120/><U135/><E135/><V131/><F131/><W44/><G93/><T31/><D31/><U74/><E73/><V24/><AGARI ba="0,0" hai="12,14,19,21,24,56,63,64,99,101,107" m="47721" machi="24" ten="30,1100,0" yaku="18,1" doraHai="4" who="2" fromWho="2" sc="227,-3,250,-5,273,11,250,-3" /><INIT seed="2,0,0,0,0,101" ten="224,245,284,247" oya="2" hai0="58,115,1,96,118,63,70,6,67,94,95,89,16" hai1="90,18,66,0,5,123,83,65,57,99,48,127,51" hai2="105,79,78,54,112,27,12,98,92,46,97,109,50" hai3="111,21,39,100,69,75,126,74,82,133,14,19,76"/><V121/><F112/><W117/><G117/><T93/><D115/><U30/><E127/><V45/><F121/><W23/><G126/><T110/><D110/><U122/><E30/><V8/><F109/><W36/><G111/><T68/><D118/><U41/><E18/><V13/><F13/><W25/><G133/><T47/><D1/><U108/><E108/><V24/><F105/><W59/><G69/><T44/><D6/><U31/><E31/><V116/><F116/><W130/><G130/><T80/><D70/><U107/><E5/><N who="2" m="3087" /><F46/><N who="0" m="17450" /><D68/><U128/><E128/><V61/><F61/><W113/><G113/><T10/><D80/><U125/><E0/><V120/><F120/><N who="1" m="46121" /><E125/><V9/><F9/><W106/><G74/><T77/><D77/><N who="2" m="29194" /><F98/><W134/><G134/><T43/><D43/><U22/><E22/><V135/><F135/><W17/><G39/><T42/><D42/><U73/><E41/><V40/><F40/><W88/><G36/><T52/><D67/><N who="1" m="25611" /><E57/><V3/><F3/><W37/><G37/><T84/><D96/><U71/><E71/><V32/><F32/><W38/><G38/><T81/><D10/><U4/><E4/><V28/><F28/><W11/><G11/><T124/><D124/><U49/><E73/><V87/><F87/><W15/><G59/><T64/><D64/><U55/><E55/><V33/><F33/><W60/><G75/><T85/><D85/><N who="1" m="50495" /><E99/><V104/><F92/><W86/><G76/><T119/><D119/><U132/><E132/><V35/><F35/><W102/><G23/><T62/><D62/><U129/><E129/><RYUUKYOKU ba="0,0" sc="224,10,245,10,284,10,247,-30" hai0="16,52,58,63,81,84,89,93,94,95" hai1="48,49,51,107" hai2="24,27,45,50,54,97,104" /><INIT seed="2,1,0,2,3,55" ten="234,255,294,217" oya="2" hai0="119,21,106,77,44,15,79,125,107,86,53,99,28" hai1="124,2,37,11,109,45,68,6,81,96,23,33,105" hai2="128,19,111,40,104,127,3,110,123,75,4,114,122" hai3="5,120,20,134,103,0,43,1,90,82,25,130,87"/><V74/><F40/><W8/><G120/><N who="2" m="46121" /><F19/><W17/><G130/><T113/><D113/><U133/><E23/><V118/><F4/><W39/><G134/><T52/><D125/><U18/><E18/><V10/><F10/><W80/><G103/><T27/><D119/><U12/><E109/><N who="2" m="41483" /><F3/><W129/><G129/><T67/><D67/><U46/><E12/><V47/><F47/><W97/><G97/><T22/><D99/><U14/><E14/><V42/><F42/><W78/><G43/><T93/><D106/><U59/><E133/><V9/><F9/><W121/><G121/><T30/><D107/><U73/><E124/><V76/><F128/><W116/><G116/><T29/><D15/><U117/><E117/><V101/><F118/><W51/><G1/><T64/><D64/><U61/><E68/><V58/><F58/><W95/><G51/><N who="0" m="28775" /><D53/><U83/><E37/><V41/><F76/><N who="0" m="29258" /><D21/><U16/><E33/><V69/><F69/><W35/><G35/><T50/><D50/><U32/><E32/><V34/><F34/><W65/><G65/><T84/><D22/><U88/><E2/><V66/><F66/><W26/><G39/><T49/><D49/><U132/><E6/><V36/><F127/><W102/><G26/><T56/><D56/><U126/><E59/><V115/><F36/><W135/><G135/><T57/><D57/><U91/><E132/><V62/><F41/><W31/><G17/><T108/><D108/><U60/><E16/><V63/><F114/><W131/><G131/><T38/><D38/><U72/><E126/><V92/><F115/><RYUUKYOKU ba="1,0" sc="234,0,255,0,294,0,217,0" /><INIT seed="3,2,0,1,1,2" ten="234,255,294,217" oya="3" hai0="41,117,95,74,5,73,123,105,68,76,91,133,69" hai1="102,16,66,55,113,72,3,80,64,25,129,118,59" hai2="122,15,46,93,96,112,90,52,21,108,89,33,43" hai3="35,29,1,38,121,8,45,100,82,30,81,103,60"/><W126/><G121/><T97/><D117/><U14/><E113/><V40/><F33/><W114/><G114/><T26/><D123/><U107/><E3/><V28/><F108/><W131/><G131/><T0/><D105/><U49/><E129/><V124/><F124/><W115/><G115/><T79/><D41/><U109/><E109/><V10/><F122/><W42/><G126/><T119/><D119/><U98/><E118/><V71/><F71/><W127/><G127/><T53/><D74/><U130/><E130/><V78/><F78/><W13/><G1/><T44/><D26/><U99/><E25/><N who="2" m="16431" /><F90/><W58/><G30/><T27/><D133/><U19/><E19/><N who="2" m="8695" /><F112/><W110/><G110/><T85/><D79/><U67/><E72/><V70/><F70/><W94/><G29/><T83/><D73/><U101/><E107/><V6/><F6/><W50/><G38/><T128/><D128/><U77/><E77/><V87/><F96/><N who="1" m="36905" /><E80/><N who="3" m="30826" /><G35/><T47/><D68/><U116/><E116/><V75/><F75/><W132/><G132/><T11/><D69/><U120/><E120/><V37/><F37/><W62/><G94/><T34/><D34/><U65/><N who="1" m="16384" /><DORA hai="48" /><U54/><E102/><N who="3" m="38954" /><G58/><T106/><D106/><U20/><E101/><V36/><F36/><W12/><G12/><T56/><D27/><U84/><E84/><V32/><F32/><W134/><G134/><T51/><AGARI ba="2,0" hai="0,5,11,44,47,51,53,56,76,83,85,91,95,97" machi="51" ten="20,5200,0" yaku="0,1,7,1,52,2" doraHai="2,48" who="0" fromWho="0" sc="234,58,255,-15,294,-15,217,-28" /><INIT seed="4,0,0,1,5,8" ten="292,240,279,189" oya="0" hai0="109,92,88,123,72,9,31,83,20,14,107,126,24" hai1="63,96,47,1,129,30,86,23,22,133,44,78,130" hai2="69,55,111,41,87,28,135,64,106,121,119,39,97" hai3="102,42,25,67,0,75,5,34,17,68,61,127,80"/><T120/><D107/><U113/><E1/><V115/><F121/><W66/><G127/><T48/><D126/><U32/><E96/><V85/><F111/><W18/><G42/><T89/><D48/><U40/><E63/><V122/><F122/><W103/><G66/><T4/><D109/><U36/><E133/><V54/><F28/><W90/><G18/><T110/><D110/><U13/><E47/><V51/><F85/><W6/><G34/><T84/><D72/><U100/><E100/><V71/><F87/><AGARI ba="0,0" hai="4,9,14,20,24,31,83,84,87,88,89,92,120,123" machi="87" ten="30,5800,0" yaku="7,1,52,1,54,1" doraHai="8" who="0" fromWho="2" sc="292,58,240,0,279,-58,189,0" owari="350,45.0,240,4.0,221,-17.9,189,-31.1" /></mjloggm>