<mjloggm ver="2.3"><GO type="225" lobby="0"/><UN n0="%E3%81%AB%E3%81%97%E3%81%A0%E3%81%8F%E3%82%93" n1="%72%65%6E%6B%75%6E" n2="%E3%83%81%E3%83%83%E3%82%BF%E3%82%BD%E3%83%BC" n3="%E5%B8%86%E7%AB%8B%E5%A4%8F%E8%A1%A3" dan="16,17,17,16" rate="2066.37,2240.98,2192.20,2174.37" sx="M,M,F,M"/><TAIKYOKU oya="0"/><INIT seed="0,0,0,4,1,53" ten="250,250,250,250" oya="0" hai0="21,50,94,74,34,127,12,69,88,106,104,135,14" hai1="55,71,27,10,60,4,125,32,131,62,118,90,98" hai2="38,108,116,6,33,124,113,93,48,9,101,75,22" hai3="39,43,64,26,18,30,87,95,72,59,36,8,3"/><T47/><D34/><U81/><E118/><V99/><F113/><W78/><G72/><T17/><D69/><U119/><E119/><V20/><F116/><W46/><G39/><T89/><D74/><U44/><E125/><V120/><F120/><W63/><G18/><T126/><D135/><U112/><E112/><V117/><F124/><N who="0" m="47658" /><D12/><U65/><E131/><V85/><F117/><W41/><G41/><N who="0" m="24943" /><D89/><U114/><E114/><V103/><F75/><W0/><G8/><T77/><D77/><U23/><E32/><V58/><F38/><W130/><G130/><T102/><D102/><U31/><E90/><V133/><F108/><W2/><G95/><T86/><AGARI ba="0,0" hai="14,17,21,86,88,94,104,106" m="24943,47658" machi="86" ten="30,3000,0" yaku="18,1,54,1" doraHai="53" who="0" fromWho="0" sc="250,30,250,-10,250,-10,250,-10" /><INIT seed="0,1,0,2,2,87" ten="280,240,240,240" oya="0" hai0="4,74,117,95,65,113,86,57,125,9,23,122,46" hai1="42,52,93,51,82,12,49,29,30,70,90,96,67" hai2="83,97,16,54,109,20,58,22,108,124,39,28,121" hai3="126,68,25,2,81,71,111,129,120,64,32,18,31"/><T55/><D122/><U44/><E82/><V114/><F121/><W34/><G120/><T110/><D117/><U26/><E12/><V61/><F114/><W36/><G2/><T63/><D74/><U119/><E119/><V1/><F1/><W128/><G36/><T43/><D113/><U10/><E10/><V13/><F39/><W38/><G38/><T94/><D125/><U24/><E67/><V127/><F97/><W135/><G135/><T69/><D23/><U101/><E70/><V91/><F28/><N who="1" m="10857" /><E101/><V80/><F22/><W107/><G34/><T103/><D103/><U73/><E73/><V47/><F47/><AGARI ba="1,0" hai="24,26,42,44,47,49,51,52,90,93,96" m="10857" machi="47" ten="30,3900,0" yaku="8,1,52,1,54,1" doraHai="87" who="1" fromWho="2" sc="280,0,240,42,240,-42,240,0" /><INIT seed="1,0,0,3,0,49" ten="280,282,198,240" oya="1" hai0="20,48,24,108,69,59,100,70,64,46,15,77,109" hai1="71,26,31,128,63,45,7,1,121,13,95,98,65" hai2="11,36,120,33,134,133,103,37,132,39,125,66,117" hai3="75,105,32,21,4,135,50,130,76,115,23,67,131"/><U68/><E121/><V18/><F120/><W22/><G115/><T99/><D77/><U122/><E122/><V84/><F125/><W16/><G32/><T53/><D15/><U35/><E128/><N who="3" m="49194" /><G105/><T111/><D59/><U2/><E71/><V61/><F33/><W0/><G67/><T44/><D64/><U6/><E45/><V88/><F103/><W118/><G135/><T78/><D78/><U102/><REACH who="1" step="1"/><E13/><REACH who="1" ten="280,272,198,240" step="2"/><N who="2" m="7487" /><F117/><W17/><G118/><T80/><D46/><U129/><E129/><V60/><F66/><W112/><G112/><T12/><D12/><U87/><E87/><V43/><F43/><W28/><G0/><AGARI ba="0,1" hai="0,1,2,6,7,26,31,35,63,65,68,95,98,102" machi="0" ten="40,3900,0" yaku="1,1,53,1" doraHai="49" doraHaiUra="96" who="1" fromWho="3" sc="280,0,272,49,198,0,240,-39" /><INIT seed="1,1,0,2,0,100" ten="280,321,198,201" oya="1" hai0="64,67,135,68,15,73,63,134,101,49,18,66,54" hai1="5,97,30,12,17,128,112,129,34,39,58,72,74" hai2="80,31,118,26,102,89,104,120,44,45,110,1,115" hai3="126,78,90,105,52,42,11,96,83,122,51,20,95"/><U124/><E39/><V3/><F118/><W37/><G122/><T111/><D73/><U109/><E112/><V7/><F120/><W82/><G126/><T88/><D101/><U130/><E124/><V38/><F115/><W43/><G37/><T99/><D111/><U79/><E109/><V27/><F110/><W106/><G20/><T121/><D121/><U19/><E97/><V33/><F26/><W87/><G11/><T131/><D131/><U61/><E5/><V70/><F70/><W75/><G43/><T59/><D99/><U85/><E85/><V125/><F125/><W113/><G42/><T84/><D68/><U46/><E46/><V55/><F38/><W23/><G23/><T13/><D63/><U76/><E30/><V35/><F44/><W24/><G24/><T98/><D98/><U107/><E107/><V9/><F1/><W48/><G48/><T21/><REACH who="0" step="1"/><D13/><REACH who="0" ten="270,321,198,201" step="2"/><U103/><E103/><V40/><F102/><W60/><G60/><T6/><D6/><U123/><E123/><V116/><F116/><W62/><G62/><T65/><N who="0" m="16384" /><DORA hai="10" /><T53/><D53/><N who="1" m="33999" /><E12/><V91/><F7/><W69/><G69/><T81/><AGARI ba="1,1" hai="15,18,21,49,54,59,81,84,88,134,135" m="16384" machi="81" ten="40,8000,1" yaku="1,1,0,1,52,1,54,1,53,1" doraHai="100,10" doraHaiUra="14,28" who="0" fromWho="0" sc="270,93,321,-41,198,-21,201,-21" /><INIT seed="2,0,0,5,3,4" ten="363,280,177,180" oya="2" hai0="6,57,13,58,54,39,60,92,16,19,90,120,94" hai1="109,83,41,45,114,108,127,32,76,63,131,73,86" hai2="24,106,110,17,27,75,69,85,55,2,36,89,95" hai3="100,29,119,68,70,126,65,102,1,61,80,14,128"/><V28/><F106/><W31/><G119/><T111/><D39/><N who="1" m="21695" /><E114/><V130/><F130/><W20/><G126/><T10/><D120/><U96/><E131/><V8/><F75/><W101/><G1/><T23/><D111/><N who="1" m="42571" /><E32/><V22/><F110/><W115/><G115/><T5/><D58/><U84/><E127/><V93/><F36/><W132/><G132/><T91/><D91/><U123/><E123/><V67/><F67/><W82/><G128/><T40/><D40/><U18/><E63/><V52/><F69/><W133/><G133/><T11/><D90/><U50/><E50/><V42/><F42/><W88/><G70/><T59/><D59/><U118/><E118/><V21/><REACH who="2" step="1"/><F93/><REACH who="2" ten="363,280,167,180" step="2"/><W105/><G105/><T103/><D94/><U135/><E135/><V51/><F51/><W77/><G68/><T122/><D92/><U35/><E96/><V12/><F12/><W0/><G65/><T49/><D122/><U125/><E125/><V79/><F79/><W7/><G61/><T53/><D60/><U64/><E64/><V116/><F116/><W34/><G14/><T33/><D49/><U62/><E62/><V134/><F134/><W9/><G77/><T46/><D13/><U72/><E72/><V44/><F44/><W107/><G107/><T47/><D46/><U37/><E37/><V97/><F97/><W87/><G82/><T104/><D47/><U99/><E99/><V71/><F71/><W26/><G34/><T129/><D33/><U124/><E124/><V74/><F74/><W78/><G78/><T48/><D129/><U117/><E117/><RYUUKYOKU ba="0,1" sc="363,-15,280,-15,167,15,180,15" hai2="2,8,17,21,22,24,27,28,52,55,85,89,95" hai3="0,7,9,20,26,29,31,80,87,88,100,101,102" /><INIT seed="2,1,1,2,4,38" ten="348,265,182,195" oya="2" hai0="59,96,62,36,10,63,124,8,52,78,1,49,84" hai1="39,87,115,95,28,89,80,118,93,106,35,47,101" hai2="13,135,107,45,43,44,12,32,110,11,119,3,73" hai3="122,27,85,51,114,75,123,82,98,34,33,24,71"/><V66/><F119/><W94/><G75/><T50/><D36/><U116/><E35/><V7/><F135/><W120/><G71/><T74/><D74/><U81/><E28/><V79/><F32/><W128/><G34/><T121/><D1/><U31/><E31/><V37/><F107/><W2/><G2/><T26/><D26/><U127/><E47/><N who="2" m="24047" /><F66/><W111/><G33/><T41/><D124/><U55/><E55/><V91/><F91/><W130/><G114/><T21/><D96/><N who="1" m="61735" /><E39/><V88/><F88/><N who="3" m="55623" /><G51/><T108/><D21/><U57/><E57/><V61/><F61/><W99/><G99/><T104/><D104/><U72/><E115/><V97/><F97/><W134/><G134/><T83/><D121/><U46/><E46/><N who="2" m="18027" /><F110/><W9/><G111/><T86/><D108/><U58/><E58/><V30/><F30/><W70/><G70/><T109/><D109/><U56/><E56/><V132/><F132/><W5/><G5/><T77/><D41/><U15/><E15/><V102/><F102/><W67/><G67/><T60/><D49/><U42/><E42/><V48/><F48/><W126/><G126/><T125/><D125/><U133/><E133/><V54/><F54/><W19/><G27/><T29/><D29/><U92/><E127/><V17/><F17/><W105/><G105/><T69/><D69/><U0/><E0/><V23/><F23/><N who="3" m="13439" /><G9/><T113/><D113/><U112/><E112/><V100/><F100/><W6/><G6/><T68/><D68/><U64/><E64/><V4/><F4/><W22/><G22/><T65/><D65/><RYUUKYOKU ba="1,1" sc="348,0,265,0,182,0,195,0" hai0="8,10,50,52,59,60,62,63,77,78,83,84,86" hai1="72,80,81,87,89,92,93,95,116,118" hai2="3,7,11,12,13,73,79" hai3="82,85,120,122,123,128,130" /><INIT seed="2,2,1,3,0,22" ten="348,265,182,195" oya="2" hai0="19,39,128,131,54,27,41,102,94,73,92,14,118" hai1="23,127,98,124,55,83,90,106,20,10,115,87,130" hai2="100,51,62,104,89,60,111,0,88,26,75,18,72" hai3="43,80,29,8,112,120,67,125,50,31,103,66,77"/><V68/><F0/><W86/><G120/><T11/><D73/><U42/><E115/><V44/><F111/><W24/><G125/><N who="1" m="48202" /><E130/><N who="0" m="49705" /><D118/><U81/><E42/><V133/><F133/><W32/><G103/><T47/><D102/><N who="1" m="62807" /><E55/><V16/><F100/><W28/><G112/><T7/><D54/><U3/><E83/><V49/><F44/><W63/><G67/><T30/><D7/><AGARI ba="2,1" hai="3,7,10,20,23,81,87,90" m="62807,48202" machi="7" ten="30,1000,0" yaku="18,1" doraHai="22" who="1" fromWho="0" sc="348,-16,265,26,182,0,195,0" /><INIT seed="3,0,0,2,0,6" ten="332,291,182,195" oya="3" hai0="60,49,79,72,83,70,75,86,3,101,88,107,22" hai1="0,9,131,4,31,121,5,46,104,98,82,73,7" hai2="28,91,43,16,132,87,102,103,55,115,23,95,111" hai3="112,37,119,42,78,58,97,127,77,26,113,45,130"/><W93/><G119/><T18/><D3/><U90/><E121/><V126/><F111/><W10/><G127/><T48/><D75/><U29/><E131/><V35/><F132/><W27/><G130/><T94/><D60/><U32/><E90/><V74/><F74/><W21/><G27/><N who="0" m="14807" /><D70/><U125/><E125/><V19/><F115/><W59/><G59/><T84/><D84/><U38/><E29/><V108/><F108/><W134/><G134/><T20/><D20/><U11/><E98/><AGARI ba="0,0" hai="48,49,72,79,83,86,88,94,98,101,107" m="14807" machi="98" ten="30,2000,0" yaku="24,1,54,1" doraHai="6" who="0" fromWho="1" sc="332,20,291,-20,182,0,195,0" owari="352,45.2,271,7.1,182,-31.8,195,-20.5" /></mjloggm>