<mjloggm ver="2.3"><GO type="225" lobby="0"/><UN n0="%E3%82%BC%E3%83%AB%E3%83%80%E3%81%AE%E4%BC%9D%E8%AA%AC" n1="%4B%2E%32%2E%4B%2E" n2="%E7%AD%89%E3%80%85%E5%8A%9B%E5%8A%87%E5%A0%B4" n3="%E7%B4%94%E6%BD%94%E3%83%94%E3%83%A9%E3%83%8B%E3%82%A2" dan="16,16,16,18" rate="2196.87,2219.12,2115.73,2195.06" sx="M,M,M,M"/><TAIKYOKU oya="0"/><INIT seed="0,0,0,5,3,57" ten="250,250,250,250" oya="0" hai0="114,118,12,132,16,4,45,67,0,15,49,70,61" hai1="107,24,103,90,40,35,126,53,77,30,108,5,23" hai2="115,81,33,101,119,34,82,133,102,9,10,121,88" hai3="59,123,19,134,91,69,39,80,86,87,31,135,92"/><T66/><D114/><U41/><E108/><V43/><F43/><W129/><G69/><T84/><D118/><U110/><E110/><V112/><F88/><N who="3" m="53271" /><G39/><T44/><D132/><N who="3" m="50729" /><G31/><T29/><D29/><U38/><E126/><V26/><F133/><W37/><G37/><T127/><D127/><U54/><E77/><V1/><F26/><W104/><G19/><T93/><D66/><U99/><E5/><V65/><F65/><W11/><G11/><T106/><D106/><U78/><E78/><V46/><F1/><W13/><G13/><T83/><D93/><U125/><E125/><V131/><F46/><W22/><G22/><T6/><D0/><U8/><E8/><V50/><F50/><W52/><G104/><T122/><D122/><U71/><E23/><V109/><F109/><W74/><G74/><T95/><D15/><U97/><E71/><V63/><F121/><W7/><G7/><T20/><D45/><U100/><E38/><V58/><F58/><W98/><G98/><T124/><D124/><U96/><E96/><V105/><F105/><W21/><G21/><T36/><D36/><U128/><E107/><V120/><F120/><W73/><G73/><T130/><D4/><U14/><E14/><V17/><F17/><W117/><G123/><T85/><D6/><U60/><E30/><V51/><F51/><N who="3" m="31135" /><G129/><T94/><D130/><U47/><E128/><V116/><REACH who="2" step="1"/><F131/><REACH who="2" ten="250,250,240,250" step="2"/><W2/><G2/><T111/><D111/><U64/><E24/><V32/><F32/><W113/><G113/><T27/><D27/><U3/><E35/><V68/><F68/><RYUUKYOKU ba="0,1" sc="250,-15,250,-15,240,15,250,15" hai2="9,10,33,34,63,81,82,101,102,112,115,116,119" hai3="80,87,91,117" /><INIT seed="1,1,1,3,1,60" ten="235,235,255,265" oya="1" hai0="77,14,19,5,109,47,124,125,31,20,114,3,117" hai1="95,13,37,35,90,66,1,53,44,133,131,83,96" hai2="46,65,28,134,8,93,49,111,100,85,17,71,69" hai3="9,58,74,116,97,42,29,130,128,78,40,104,79"/><U80/><E1/><V0/><F111/><W105/><G29/><T34/><D77/><N who="3" m="29193" /><G74/><T101/><D101/><U126/><E35/><V103/><F134/><W72/><G72/><T122/><D47/><U129/><E133/><V38/><F38/><W6/><G58/><T98/><D98/><U67/><E126/><N who="0" m="48745" /><D109/><U91/><E13/><V106/><F106/><N who="3" m="41067" /><G97/><T45/><D45/><U10/><E10/><V87/><F46/><W56/><G56/><T115/><D117/><U120/><E120/><V25/><F49/><W107/><N who="3" m="41075" /><W92/><DORA hai="75" /><G92/><T57/><D57/><U86/><E80/><V110/><F93/><W43/><G116/><T68/><D68/><U54/><E54/><V132/><F132/><W24/><G24/><N who="0" m="18791" /><D122/><U21/><E21/><V99/><F71/><W112/><G112/><T51/><D51/><N who="1" m="28903" /><E37/><V52/><F69/><W55/><G55/><T33/><D33/><U41/><E41/><V121/><F52/><W70/><G70/><T32/><D32/><U23/><E96/><V61/><F99/><W62/><G62/><T123/><D123/><U113/><E95/><V11/><F61/><W2/><G42/><T94/><D94/><U18/><E91/><V27/><F121/><W63/><G63/><T84/><D84/><U82/><E82/><V108/><F87/><W26/><G26/><T73/><D73/><U30/><E90/><V12/><F85/><W59/><G59/><T89/><D89/><U50/><E86/><V39/><F27/><W48/><G40/><T118/><D118/><U88/><E88/><V135/><F135/><RYUUKYOKU ba="1,1" sc="235,15,235,-15,255,-15,265,15" hai0="3,5,14,19,20,114,115" hai3="2,6,9,43,48,128,130" /><INIT seed="2,2,1,1,1,122" ten="250,220,240,280" oya="2" hai0="60,43,48,89,116,90,105,16,130,47,93,127,97" hai1="54,115,87,38,121,100,73,126,45,2,99,18,109" hai2="110,83,131,70,132,24,106,120,74,129,20,125,4" hai3="134,103,52,33,22,39,69,58,25,15,128,6,68"/><V36/><RYUUKYOKU type="yao9" ba="2,1" sc="250,0,220,0,240,0,280,0" hai2="4,20,24,36,70,74,83,106,110,120,125,129,131,132" /><INIT seed="2,3,1,0,1,122" ten="250,220,240,280" oya="2" hai0="52,33,101,121,81,51,73,28,129,68,71,53,26" hai1="78,41,19,31,12,11,74,127,70,76,67,27,117" hai2="105,132,89,123,7,120,125,102,94,35,54,65,100" hai3="3,109,91,16,84,25,8,96,77,42,5,92,37"/><V29/><F132/><W103/><G109/><T40/><D121/><U38/><E117/><V93/><F105/><W87/><G37/><T2/><D2/><U126/><E70/><V63/><F125/><N who="1" m="47625" /><E67/><V24/><F7/><W0/><G42/><T131/><D101/><U134/><E134/><V23/><F102/><W4/><G77/><N who="1" m="29802" /><E74/><V49/><F100/><W61/><G87/><T116/><D116/><U108/><E41/><V99/><F94/><W107/><G5/><T10/><D81/><U21/><E38/><V90/><F90/><W45/><G45/><N who="0" m="26023" /><D10/><U88/><E88/><V119/><F119/><W20/><G61/><T60/><D73/><U44/><E44/><V97/><F97/><W55/><G55/><N who="0" m="21067" /><D60/><U79/><N who="1" m="29810" /><U13/><DORA hai="57" /><E12/><AGARI ba="3,1" hai="0,3,4,8,12,16,20,25,84,91,92,96,103,107" machi="12" ten="30,2000,0" yaku="7,1,54,1" doraHai="122,57" who="3" fromWho="1" sc="250,0,220,-29,240,0,280,39" /><INIT seed="3,0,0,1,2,52" ten="250,191,240,319" oya="3" hai0="70,125,25,33,13,40,103,28,11,21,86,57,37" hai1="65,79,94,115,42,0,50,46,10,55,27,29,45" hai2="92,95,104,36,1,18,47,100,123,101,88,23,38" hai3="130,71,58,60,128,3,39,30,49,53,134,105,41"/><W98/><G3/><T126/><D70/><U69/><E115/><V121/><F1/><W78/><G78/><T112/><D112/><U93/><E79/><V85/><F104/><W15/><G134/><T127/><D103/><N who="2" m="39498" /><F95/><W113/><G113/><T6/><D86/><U124/><E124/><V97/><F47/><N who="3" m="23999" /><G98/><T26/><D57/><U54/><E69/><V14/><F85/><W19/><G30/><N who="0" m="19663" /><D40/><U8/><E65/><V102/><F102/><W75/><G75/><T51/><D51/><U132/><E132/><V48/><F48/><W74/><G74/><T77/><D37/><U73/><E73/><V44/><F44/><W9/><G105/><T131/><D77/><U24/><E0/><V108/><F108/><W59/><G59/><T20/><D131/><N who="3" m="50217" /><G71/><T64/><D64/><U110/><E110/><V7/><F38/><W91/><G91/><T89/><D89/><U87/><E87/><V109/><F36/><W84/><G84/><T122/><D122/><N who="2" m="46602" /><F109/><W2/><G2/><T35/><AGARI ba="0,0" hai="6,11,13,20,21,26,28,35,125,126,127" m="19663" machi="35" ten="30,4000,0" yaku="18,1,34,2" doraHai="52" who="0" fromWho="0" sc="250,40,191,-10,240,-10,319,-20" /><INIT seed="4,0,0,4,1,127" ten="290,181,230,299" oya="0" hai0="89,78,118,79,7,8,26,128,96,49,121,76,115" hai1="74,46,31,13,93,120,61,94,30,63,83,116,53" hai2="40,85,135,57,87,114,59,37,111,68,134,66,11" hai3="56,44,36,4,82,132,27,106,33,105,67,104,39"/><T113/><D128/><U110/><E110/><V62/><F114/><N who="0" m="43530" /><D118/><U129/><E116/><V124/><F124/><W1/><G56/><N who="2" m="21577" /><F11/><N who="3" m="2447" /><G67/><T81/><D121/><U103/><E120/><V64/><F87/><W109/><G109/><T32/><D49/><N who="1" m="28855" /><E74/><V130/><F85/><W5/><G5/><T60/><D60/><N who="1" m="23115" /><E83/><V54/><F66/><W73/><G44/><T71/><D71/><U3/><E3/><V42/><F54/><W19/><G19/><T34/><D26/><U51/><E129/><V52/><F111/><W131/><G132/><N who="2" m="50729" /><F52/><W17/><G17/><T10/><D10/><U92/><E103/><V133/><F133/><W91/><G91/><T35/><D81/><U24/><E51/><V80/><F80/><W119/><G131/><T28/><D28/><N who="1" m="10795" /><E24/><V12/><F130/><W97/><G97/><T15/><D35/><U90/><E13/><V43/><F12/><W125/><G125/><T14/><D14/><U6/><E6/><V9/><F9/><W65/><G119/><T48/><D48/><U41/><E41/><V25/><F25/><W107/><G107/><T47/><D47/><AGARI ba="0,0" hai="37,40,42,43,47,62,64,68" m="50729,21577" machi="47" ten="30,3900,0" yaku="20,1,34,2" doraHai="127" who="2" fromWho="0" sc="290,-39,181,0,230,39,299,0" /><INIT seed="5,0,0,2,0,75" ten="251,181,269,299" oya="1" hai0="86,122,23,77,93,20,11,30,102,54,98,26,123" hai1="15,4,8,130,69,48,56,115,50,43,63,12,125" hai2="79,129,78,91,64,117,82,70,95,58,35,90,57" hai3="34,110,28,33,21,38,68,65,52,66,120,42,55"/><U49/><E115/><V92/><F35/><W36/><G110/><T60/><D11/><U29/><E125/><V46/><F70/><W111/><G111/><T106/><D20/><U39/><E130/><V83/><F46/><W37/><G42/><T67/><D54/><U97/><E69/><V31/><F31/><W87/><G87/><T62/><D106/><U105/><E29/><V53/><F64/><W112/><G112/><T131/><D131/><U22/><E39/><V135/><F129/><W89/><G89/><T24/><D24/><U71/><E71/><V132/><F53/><N who="3" m="20555" /><G68/><T116/><D116/><AGARI ba="0,0" hai="57,58,78,79,82,83,90,91,92,95,116,117,132,135" machi="116" ten="25,6400,0" yaku="22,2,52,2" doraHai="75" who="2" fromWho="0" sc="251,-64,181,0,269,64,299,0" owari="187,-21.3,181,-31.9,333,43.3,299,9.9" /></mjloggm>