<mjloggm ver="2.3"><GO type="225" lobby="0"/><UN n0="%E3%81%B5%E3%81%98%E3%81%8B%E3%81%A4" n1="%E9%97%98%E5%B0%86%E3%81%A0%E3%82%93%E3%81%A7%E3%81%83" n2="%E3%83%89%E3%83%A9%E3%81%8F%E3%82%8C" n3="%E7%99%BD%E6%97%A5%E9%9B%AA%E8%8F%9C" dan="17,16,17,17" rate="2214.28,2120.60,2220.29,2208.73" sx="M,M,M,M"/><TAIKYOKU oya="0"/><INIT seed="0,0,0,1,0,34" ten="250,250,250,250" oya="0" hai0="123,19,133,125,41,4,50,25,113,75,86,13,51" hai1="88,68,61,128,21,108,80,92,37,8,14,43,103" hai2="33,96,85,73,17,91,102,66,49,94,3,38,104" hai3="59,48,112,53,26,87,10,7,42,15,89,24,1"/><T131/><D113/><U116/><E108/><V76/><F38/><W55/><G112/><T22/><D123/><U64/><E116/><V44/><F33/><W39/><G39/><T83/><D75/><U47/><E128/><V45/><F66/><W0/><G42/><T56/><D131/><U54/><E103/><V107/><F107/><W30/><G53/><T63/><D125/><U129/><E129/><V29/><F29/><W65/><G65/><T18/><D4/><U77/><E21/><V114/><F114/><W72/><G72/><T84/><D133/><U99/><E54/><V9/><F49/><W121/><G121/><T97/><D97/><U70/><E70/><V130/><F130/><W57/><G59/><T67/><D41/><U78/><REACH who="1" step="1"/><E80/><REACH who="1" ten="250,240,250,250" step="2"/><N who="2" m="45071" /><F17/><AGARI ba="0,1" hai="8,14,17,37,43,47,61,64,68,77,78,88,92,99" machi="17" ten="30,3900,0" yaku="1,1,7,1,54,1,53,0" doraHai="34" doraHaiUra="132" who="1" fromWho="2" sc="250,0,240,49,250,-39,250,0" /><INIT seed="1,0,0,5,1,20" ten="250,289,211,250" oya="1" hai0="33,71,5,54,45,103,25,17,77,112,43,130,47" hai1="80,135,11,30,61,58,101,96,86,27,97,15,9" hai2="29,121,42,16,82,46,55,21,31,102,122,28,10" hai3="87,134,1,74,90,34,59,117,14,72,118,113,85"/><U57/><E135/><V48/><F102/><W120/><G1/><T75/><D112/><U105/><E96/><V2/><F82/><W125/><G120/><T108/><D71/><U133/><E133/><V4/><REACH who="2" step="1"/><F42/><REACH who="2" ten="250,289,201,250" step="2"/><W76/><G134/><T91/><D103/><U38/><E38/><V66/><F66/><W8/><G117/><T98/><D43/><U81/><E81/><V32/><F32/><W127/><G118/><T79/><D33/><U100/><E100/><V116/><F116/><W124/><G34/><T73/><D73/><U40/><E40/><V84/><F84/><W19/><G113/><T95/><D75/><U99/><E99/><V18/><F18/><W89/><G74/><T51/><D17/><U56/><E86/><V70/><F70/><W24/><G72/><T65/><D98/><U123/><E80/><V37/><F37/><W67/><G85/><T0/><D79/><U104/><E97/><V6/><F6/><W7/><G76/><T132/><D77/><U35/><E101/><V78/><F78/><W49/><G87/><T22/><D5/><U44/><E35/><V23/><F23/><N who="3" m="13439" /><G67/><T94/><D65/><U131/><E104/><V128/><F128/><W3/><G3/><T39/><D130/><U119/><E131/><V69/><F69/><W41/><G41/><T114/><D0/><U63/><E105/><V92/><F92/><W26/><G26/><AGARI ba="0,1" hai="2,4,10,16,21,26,28,29,31,46,48,55,121,122" machi="26" ten="40,5200,0" yaku="1,1,52,1,54,1,53,0" doraHai="20" doraHaiUra="106" who="2" fromWho="3" sc="250,0,289,0,201,62,250,-52" /><INIT seed="2,0,0,3,0,118" ten="250,289,263,198" oya="2" hai0="106,26,6,81,82,73,134,57,105,44,38,7,19" hai1="69,68,31,58,114,98,28,36,48,120,116,94,54" hai2="27,66,20,117,77,46,59,33,22,83,71,21,121" hai3="126,45,91,100,50,13,17,102,23,76,131,32,29"/><V42/><F121/><W65/><G126/><T89/><D134/><U86/><E114/><V125/><F117/><W132/><G132/><T0/><D57/><U1/><E116/><V107/><F125/><W35/><G131/><T43/><D82/><U119/><E119/><V74/><F107/><W93/><G76/><T67/><D67/><U123/><E1/><V51/><F71/><W70/><G70/><T92/><D7/><U110/><E36/><V115/><F115/><W88/><G65/><T72/><D19/><U40/><E40/><V96/><F96/><W60/><G60/><T108/><D108/><U133/><E133/><V18/><REACH who="2" step="1"/><F33/><REACH who="2" ten="250,289,253,198" step="2"/><W52/><G35/><T130/><D106/><U90/><E69/><V87/><F87/><W25/><REACH who="3" step="1"/><G91/><REACH who="3" ten="250,289,253,188" step="2"/><T95/><D89/><U39/><E68/><V34/><F34/><W24/><G24/><T8/><D26/><U103/><E90/><V53/><F53/><W80/><G80/><T113/><D81/><U84/><E54/><V129/><F129/><W109/><G109/><T4/><D130/><U104/><E110/><V111/><F111/><W16/><G16/><T101/><D113/><U64/><E64/><V2/><F2/><W3/><G3/><T122/><D0/><U78/><E123/><V112/><F112/><W97/><AGARI ba="0,2" hai="13,17,23,25,29,32,45,50,52,88,93,97,100,102" machi="97" ten="20,8000,1" yaku="1,1,0,1,7,1,54,2,53,0" doraHai="118" doraHaiUra="128" who="3" fromWho="3" sc="250,-20,289,-20,253,-40,188,100" /><INIT seed="3,0,0,0,5,80" ten="230,269,213,288" oya="3" hai0="90,60,2,62,9,114,20,106,40,24,4,117,27" hai1="15,22,99,30,63,109,95,64,91,72,104,39,69" hai2="131,10,33,31,26,110,17,93,5,3,61,73,105" hai3="51,47,86,81,58,92,55,1,56,119,19,126,78"/><W49/><G119/><T122/><D117/><U75/><E109/><V125/><F105/><W84/><G1/><T12/><D122/><U98/><E39/><V38/><F110/><W129/><G129/><T29/><D106/><U112/><E112/><V50/><F131/><W65/><G126/><T76/><D76/><U0/><E0/><V70/><F38/><W134/><G134/><T7/><D40/><U100/><E30/><V66/><F125/><W14/><G65/><T46/><D46/><U121/><E121/><V32/><F73/><W13/><G13/><T28/><D90/><U96/><E96/><V77/><F77/><W34/><G34/><N who="0" m="20743" /><D62/><U128/><E128/><V133/><F133/><W48/><G58/><T52/><D52/><U113/><E113/><V83/><F83/><N who="3" m="47223" /><G92/><T37/><D60/><U123/><E123/><V45/><F93/><W82/><G47/><T108/><D37/><U57/><E69/><V102/><F102/><W25/><G25/><T41/><D41/><U16/><AGARI ba="0,0" hai="15,16,22,57,63,64,72,75,91,95,98,99,100,104" machi="16" ten="30,2000,0" yaku="0,1,54,1" doraHai="80" who="1" fromWho="1" sc="230,-5,269,20,213,-5,288,-10" /><INIT seed="4,0,0,2,4,50" ten="225,289,208,278" oya="0" hai0="84,104,22,91,44,103,71,68,76,53,119,86,2" hai1="112,42,85,10,7,58,101,51,106,133,31,109,14" hai2="18,134,78,95,130,26,19,30,105,66,20,39,122" hai3="37,117,93,36,116,89,1,23,72,111,92,48,97"/><T28/><D119/><U131/><E109/><V3/><F105/><W45/><G111/><T9/><D76/><U123/><E123/><V8/><F122/><W100/><G72/><T75/><D75/><U59/><E131/><V38/><F130/><W29/><G1/><T27/><D86/><U64/><E133/><V60/><F134/><W77/><G77/><T129/><D129/><U21/><E106/><V41/><F78/><W32/><G32/><T43/><D104/><U62/><E101/><V94/><F41/><W121/><G121/><T52/><D103/><U115/><E85/><V4/><F39/><W17/><G29/><T12/><D2/><U135/><E135/><V49/><F38/><W5/><G5/><N who="0" m="3119" /><D71/><U110/><E110/><V81/><F81/><W55/><G117/><T67/><D67/><U63/><E112/><V61/><F49/><W102/><G116/><T57/><D57/><U47/><E115/><V79/><F79/><W132/><G132/><T108/><D68/><U69/><E63/><V118/><F61/><W16/><G102/><T80/><D108/><U46/><E46/><V88/><F118/><W54/><G37/><T73/><D73/><U127/><E127/><V74/><F74/><W114/><G36/><T107/><D107/><U56/><E69/><V98/><REACH who="2" step="1"/><F95/><REACH who="2" ten="225,289,198,278" step="2"/><W25/><G114/><T6/><D6/><U99/><E62/><V113/><F113/><W82/><G93/><T125/><D125/><U90/><E7/><V15/><F15/><W0/><G92/><T40/><D43/><U83/><E42/><V34/><F34/><RYUUKYOKU ba="0,1" sc="225,15,289,-15,198,15,278,-15" hai0="22,27,28,40,44,52,53,80,84,91" hai2="3,4,8,18,19,20,26,30,60,66,88,94,98" /><INIT seed="4,1,1,0,0,110" ten="240,274,213,263" oya="0" hai0="22,55,23,21,18,86,7,120,73,3,2,123,0" hai1="128,135,87,127,134,40,34,10,62,103,121,30,89" hai2="104,38,64,78,76,39,46,50,122,11,25,29,41" hai3="118,94,101,116,84,102,20,63,36,70,26,6,111"/><T132/><D73/><U47/><E121/><N who="0" m="46665" /><D86/><U67/><E103/><V107/><F122/><W69/><G111/><T42/><D42/><U28/><E10/><V83/><F64/><W77/><G36/><T72/><D55/><U117/><E117/><V5/><F78/><W119/><G6/><T113/><D72/><U8/><E8/><V9/><F9/><W44/><G44/><T52/><D52/><U105/><E105/><V129/><F129/><W92/><G77/><T99/><D99/><U1/><E1/><N who="0" m="617" /><D132/><U81/><E128/><V17/><F39/><W115/><G84/><T68/><D68/><U114/><E62/><V16/><F104/><W88/><G63/><T65/><D65/><U49/><E67/><V95/><F95/><W93/><G88/><T133/><D133/><U91/><E91/><V24/><F107/><W56/><G56/><T60/><D60/><U130/><E130/><V54/><F38/><W33/><G70/><T124/><D124/><U79/><E127/><V75/><F41/><W106/><G69/><T100/><D100/><U98/><E135/><V14/><REACH who="2" step="1"/><F25/><REACH who="2" ten="240,274,203,263" step="2"/><W35/><G106/><T45/><D7/><U13/><E134/><V53/><F53/><W108/><G108/><T32/><D3/><U43/><E43/><V57/><F57/><W31/><G119/><T80/><D45/><U61/><E79/><V126/><F126/><W51/><G118/><T37/><D37/><U4/><E4/><V109/><F109/><W82/><G116/><T15/><D80/><U48/><E40/><V12/><F12/><W85/><G82/><RYUUKYOKU ba="1,2" sc="240,-10,274,-10,203,30,263,-10" hai2="5,11,14,16,17,24,29,46,50,54,75,76,83" /><INIT seed="5,2,2,1,4,25" ten="230,264,233,253" oya="1" hai0="46,22,53,76,129,60,135,104,134,72,114,101,6" hai1="17,35,57,54,108,67,65,15,68,37,69,13,49" hai2="133,95,55,80,78,94,106,73,105,116,20,111,4" hai3="59,40,26,118,38,125,61,51,41,79,5,98,96"/><U34/><E37/><V93/><F4/><W75/><G38/><T31/><D6/><U110/><E15/><V112/><F20/><W1/><G125/><T64/><D114/><U85/><E67/><V56/><F116/><W91/><G118/><T77/><D129/><U11/><E65/><V122/><F122/><W19/><G75/><T45/><D104/><U82/><E35/><V48/><F111/><N who="1" m="42537" /><E34/><V103/><F112/><W132/><G79/><AGARI ba="2,2" hai="11,13,17,49,54,57,68,69,79,82,85" m="42537" machi="79" ten="30,1500,0" yaku="10,1" doraHai="25" who="1" fromWho="3" sc="230,0,264,41,233,0,253,-21" owari="230,-27.0,305,40.5,233,3.3,232,-16.8" /></mjloggm>