<mjloggm ver="2.3"><GO type="225" lobby="0"/><UN n0="%E6%B0%B7%E5%B7%9D%E9%87%8C%E5%A5%88" n1="%E9%A2%A8%E3%81%A7%E9%B3%B4%E3%81%8F" n2="%43%68%65" n3="%72%69%6F%75%63%68%61%6E" dan="16,16,16,17" rate="2119.89,2146.69,2165.22,2271.29" sx="F,M,M,M"/><TAIKYOKU oya="0"/><INIT seed="0,0,0,0,0,96" ten="250,250,250,250" oya="0" hai0="64,50,63,126,56,129,54,27,53,59,79,57,74" hai1="14,119,11,10,30,105,134,4,72,21,34,7,6" hai2="93,23,123,113,15,100,130,39,58,104,127,8,83" hai3="98,112,55,38,31,132,70,19,107,75,40,24,103"/><T95/><D129/><U125/><E72/><V47/><F113/><W66/><G112/><T0/><D0/><U12/><E105/><V78/><F123/><W102/><G132/><T28/><D126/><U20/><E119/><V5/><F104/><W88/><G75/><T116/><D116/><U86/><E86/><V97/><F127/><W32/><G55/><T91/><D74/><U115/><E125/><V120/><F120/><W43/><G38/><T62/><D79/><U61/><E61/><V18/><F130/><W37/><G37/><T90/><REACH who="0" step="1"/><D95/><REACH who="0" ten="240,250,250,250" step="2"/><U49/><E115/><V16/><F78/><W99/><G88/><T133/><D133/><U46/><E134/><V17/><F83/><W25/><G103/><T128/><D128/><U73/><E73/><V65/><F39/><W3/><G3/><T42/><D42/><U81/><E81/><V111/><F111/><W77/><G77/><T124/><D124/><U135/><E135/><V51/><F65/><W89/><G89/><T114/><D114/><U71/><E71/><V35/><F35/><AGARI ba="0,1" hai="27,28,35,50,53,54,56,57,59,62,63,64,90,91" machi="35" ten="30,12000,1" yaku="1,1,7,1,53,3" doraHai="96" doraHaiUra="52" who="0" fromWho="2" sc="240,130,250,0,250,-120,250,0" /><INIT seed="0,1,0,2,1,32" ten="370,250,130,250" oya="0" hai0="122,128,60,66,105,104,80,94,50,37,17,16,117" hai1="42,3,71,46,110,70,81,78,100,73,88,79,75" hai2="31,62,103,69,55,101,133,6,93,53,43,68,125" hai3="90,85,107,118,1,45,57,29,5,35,126,129,23"/><T22/><D117/><U59/><E110/><V34/><F125/><W99/><G118/><T25/><D37/><U64/><E100/><V92/><F43/><W28/><G129/><T65/><D122/><U19/><E19/><V127/><F127/><W61/><G126/><T10/><D128/><U56/><E88/><V82/><F82/><W95/><G35/><T77/><D94/><U134/><E134/><V4/><F34/><W106/><G45/><T0/><D50/><U74/><E3/><V111/><F62/><W132/><G132/><T119/><D119/><U63/><E59/><V121/><F133/><W2/><G5/><T84/><D66/><U112/><E112/><V83/><F83/><W89/><G107/><T44/><D44/><U91/><E91/><V108/><REACH who="2" step="1"/><F31/><REACH who="2" ten="370,250,120,250" step="2"/><W123/><G29/><T41/><D41/><U12/><E81/><V13/><F13/><W8/><G123/><AGARI ba="1,1" hai="4,6,53,55,68,69,92,93,101,103,108,111,121,123" machi="123" ten="25,3200,0" yaku="1,1,22,2,53,0" doraHai="32" doraHaiUra="38" who="2" fromWho="3" sc="370,0,250,0,120,45,250,-35" /><INIT seed="1,0,0,0,2,16" ten="370,250,165,215" oya="1" hai0="121,64,1,63,110,98,113,119,36,35,43,115,33" hai1="92,57,128,45,72,103,70,60,74,88,54,40,117" hai2="118,37,100,20,48,17,3,59,0,85,56,134,9" hai3="83,22,99,39,7,51,61,130,44,65,8,123,10"/><U41/><E117/><V94/><F37/><W96/><G123/><T23/><D119/><U125/><E125/><V62/><F118/><W79/><G130/><T107/><D1/><U75/><E128/><V89/><F134/><W11/><G39/><T93/><D110/><U13/><E103/><V124/><F124/><W133/><G133/><T50/><D121/><U105/><E105/><V58/><F62/><W4/><G22/><T127/><D127/><U102/><E102/><V73/><F73/><W132/><G132/><T15/><D50/><U108/><E108/><V77/><F77/><W19/><G19/><T101/><D93/><U27/><E13/><V69/><F69/><W31/><G31/><T26/><D15/><U112/><E112/><V80/><F9/><W49/><G49/><T104/><D104/><U25/><E70/><V21/><F48/><W55/><G4/><T14/><D14/><U38/><REACH who="1" step="1"/><E41/><REACH who="1" ten="370,240,165,215" step="2"/><V109/><F109/><W52/><G7/><T53/><D115/><U114/><E114/><V66/><F3/><W47/><G47/><T24/><D113/><U126/><E126/><V76/><F0/><W90/><G55/><T116/><D53/><U82/><E82/><V71/><F100/><W84/><REACH who="3" step="1"/><G90/><REACH who="3" ten="370,240,165,205" step="2"/><T131/><D131/><U78/><E78/><V86/><F89/><W87/><G87/><AGARI ba="0,2" hai="25,27,38,40,45,54,57,60,72,74,75,87,88,92" machi="87" ten="40,3900,0" yaku="1,1,54,1,53,0" doraHai="16" doraHaiUra="5" who="1" fromWho="3" sc="370,0,240,59,165,0,205,-39" /><INIT seed="1,1,0,4,5,122" ten="370,299,165,166" oya="1" hai0="28,27,99,39,43,9,56,97,70,20,83,10,0" hai1="19,67,127,80,64,4,53,21,104,40,45,35,6" hai2="111,130,126,84,46,109,76,98,54,8,2,29,23" hai3="16,59,115,119,49,128,93,113,124,79,103,116,55"/><U47/><E35/><V17/><F130/><W42/><G124/><T68/><D0/><U131/><E104/><V85/><F126/><W24/><G128/><T15/><D39/><U44/><E127/><V36/><F98/><N who="0" m="37386" /><D70/><U135/><E131/><V61/><F29/><W110/><G93/><T118/><D68/><U96/><E135/><V108/><F76/><W63/><G103/><T102/><D118/><N who="3" m="45097" /><G79/><T57/><D102/><U52/><E40/><N who="2" m="22791" /><F54/><N who="1" m="21097" /><E80/><V106/><F61/><W75/><G75/><T50/><D83/><U94/><E67/><V12/><F106/><W89/><G89/><T60/><D60/><U14/><E64/><V5/><AGARI ba="1,0" hai="2,5,8,12,17,23,84,85,108,109,111" m="22791" machi="5" ten="40,8000,1" yaku="14,1,52,3" doraHai="122" who="2" fromWho="2" sc="370,-21,299,-41,165,83,166,-21" /><INIT seed="2,0,0,4,5,11" ten="349,258,248,145" oya="2" hai0="26,29,35,126,19,67,107,129,34,36,44,45,37" hai1="85,15,31,9,20,132,30,130,39,55,84,131,133" hai2="7,102,70,111,46,100,95,18,60,41,22,66,123" hai3="109,75,112,54,127,21,120,61,105,5,110,23,74"/><V80/><F123/><W13/><G120/><T17/><D107/><U117/><E55/><V96/><F111/><N who="3" m="42507" /><G105/><T124/><D67/><U64/><E64/><V73/><F7/><W113/><G127/><N who="0" m="48683" /><D129/><N who="1" m="49163" /><E39/><N who="0" m="14921" /><D35/><U118/><E85/><V47/><F102/><W77/><G77/><T125/><D125/><U50/><E84/><V59/><F70/><W115/><G21/><T86/><D86/><U8/><E50/><V71/><F71/><W4/><G4/><T24/><D24/><N who="1" m="16647" /><E8/><V122/><F122/><W10/><G23/><T40/><D45/><U88/><E88/><V81/><F73/><W27/><G27/><T108/><D108/><U28/><E31/><V99/><F99/><W134/><G134/><N who="1" m="51818" /><E28/><V106/><F106/><W63/><G54/><T98/><D98/><U58/><E58/><V76/><F76/><W121/><G121/><T93/><D93/><U57/><E57/><V92/><F92/><W48/><G48/><AGARI ba="0,0" hai="17,19,26,29,34,40,44,48" m="14921,48683" machi="48" ten="30,1000,0" yaku="18,1" doraHai="11" who="0" fromWho="3" sc="349,10,258,0,248,0,145,-10" /><INIT seed="3,0,0,1,1,75" ten="359,258,248,135" oya="3" hai0="51,38,135,106,109,7,129,45,117,33,17,123,36" hai1="32,39,42,6,28,46,71,94,74,110,47,97,31" hai2="59,34,105,63,56,111,30,2,61,14,13,12,24" hai3="70,52,85,48,128,93,54,134,44,108,91,82,73"/><W80/><G128/><T87/><D117/><U26/><E71/><V35/><F105/><W118/><G118/><T116/><D116/><U122/><E74/><V120/><F2/><W22/><G134/><T133/><D123/><U58/><E110/><V37/><F111/><W40/><G108/><T103/><D109/><U104/><E104/><V90/><F120/><W107/><G107/><T67/><D129/><U113/><E113/><V66/><F37/><W81/><G70/><T60/><D33/><U83/><E31/><V76/><F90/><W114/><G114/><T15/><D7/><U23/><E47/><V0/><F0/><W55/><REACH who="3" step="1"/><G22/><REACH who="3" ten="359,258,248,125" step="2"/><T20/><D133/><U29/><E23/><V65/><F76/><AGARI ba="0,1" hai="40,44,48,52,54,55,73,76,80,81,82,85,91,93" machi="76" ten="40,12000,1" yaku="1,1,2,1,52,1,54,1,53,1" doraHai="75" doraHaiUra="72" who="3" fromWho="2" sc="359,0,258,0,248,-120,125,130" /><INIT seed="3,1,0,0,2,112" ten="359,258,128,255" oya="3" hai0="131,109,63,35,97,13,28,90,37,62,32,56,23" hai1="118,44,19,30,121,11,129,104,135,2,18,99,40" hai2="87,89,110,64,115,47,46,55,71,78,10,9,73" hai3="17,130,42,29,49,20,6,5,103,84,52,122,95"/><W94/><G122/><T61/><D37/><U3/><E121/><V41/><F115/><W50/><G130/><T70/><D70/><U72/><E72/><V48/><F110/><W34/><G34/><T58/><D109/><U4/><E2/><V83/><F64/><W128/><G29/><T1/><D1/><U98/><E30/><V119/><F71/><W7/><G128/><T14/><D131/><U77/><E77/><V21/><F21/><W8/><G8/><T105/><D105/><U102/><E129/><V124/><F124/><W80/><G42/><T24/><D35/><U53/><E135/><V59/><F47/><W31/><G31/><T126/><D126/><U45/><E99/><V82/><F10/><W85/><G49/><T27/><D27/><U76/><E76/><V67/><F67/><W91/><G103/><T75/><D75/><U66/><E66/><V96/><F96/><W38/><G38/><T43/><D43/><U92/><E104/><V74/><F9/><W60/><G60/><T111/><D111/><U54/><E118/><V120/><F74/><W93/><G85/><T133/><D133/><U51/><E54/><V107/><F107/><W88/><G91/><T132/><D132/><U108/><E108/><V123/><F123/><W33/><G33/><T100/><D100/><U113/><E113/><V12/><F12/><N who="0" m="4714" /><D32/><U25/><E25/><V69/><F69/><W114/><G114/><T125/><D125/><U16/><E18/><V106/><F106/><W127/><G127/><T39/><D39/><AGARI ba="1,0" hai="3,4,11,16,19,39,40,44,45,51,53,92,98,102" machi="39" ten="30,2000,0" yaku="7,1,54,1" doraHai="112" who="1" fromWho="0" sc="359,-23,258,23,128,0,255,0" owari="336,43.6,281,8.1,128,-37.2,255,-14.5" /></mjloggm>