<mjloggm ver="2.3"><GO type="225" lobby="0"/><UN n0="%E9%80%86%E9%80%A3%E5%B8%AF%E3%81%AE%E9%AC%BC" n1="%E7%B4%94%E6%BD%94%E3%83%94%E3%83%A9%E3%83%8B%E3%82%A2" n2="%E3%81%B8%E3%82%80%E3%81%B8%E3%82%80%EF%BC%92%E5%8F%B7" n3="%E9%B3%B3%E6%9D%B1%E3%81%AE%E3%81%86%E3%81%95%E3%81%8E%E3%81%95%E3%82%93" dan="16,17,16,17" rate="2104.65,2206.62,2118.84,2248.96" sx="M,M,M,M"/><TAIKYOKU oya="0"/><INIT seed="0,0,0,3,4,30" ten="250,250,250,250" oya="0" hai0="7,108,65,83,126,48,113,66,130,39,76,117,106" hai1="101,46,50,31,122,81,129,128,67,77,133,3,105" hai2="57,41,29,86,120,47,6,97,20,59,64,53,80" hai3="107,35,14,33,54,58,109,52,9,12,44,25,90"/><T15/><D117/><U121/><E3/><V127/><F120/><W24/><G107/><T0/><D113/><U115/><E115/><V43/><F127/><W60/><G109/><T85/><D126/><U42/><E133/><V89/><F6/><W18/><G90/><T91/><D130/><N who="1" m="50283" /><E67/><V100/><F64/><W104/><G104/><T93/><D39/><U22/><E22/><V134/><F134/><W78/><G78/><T94/><D106/><U13/><E13/><V114/><F114/><W8/><G44/><T88/><D0/><U49/><E31/><V70/><F70/><W2/><G2/><T11/><D108/><U28/><E28/><V135/><F135/><W19/><G54/><T5/><D5/><U16/><E16/><V56/><F53/><W99/><G99/><T116/><D116/><U36/><E101/><V132/><F132/><W119/><G119/><T69/><D69/><U68/><E105/><V34/><F34/><AGARI ba="0,0" hai="8,9,12,14,18,19,24,25,33,34,35,52,58,60" machi="34" ten="40,8000,1" yaku="9,1,52,3,54,1" doraHai="30" who="3" fromWho="2" sc="250,0,250,0,250,-80,250,80" /><INIT seed="1,0,0,3,1,128" ten="250,250,170,330" oya="1" hai0="90,71,10,58,85,135,63,86,2,123,89,116,70" hai1="114,99,37,23,35,36,110,14,107,83,121,40,66" hai2="41,105,129,98,69,3,11,133,38,60,111,32,120" hai3="39,102,45,97,50,19,124,43,22,61,26,30,31"/><U100/><E121/><V6/><F120/><W126/><G39/><T82/><D116/><U93/><E114/><V80/><F129/><W92/><REACH who="3" step="1"/><G61/><REACH who="3" ten="250,250,170,320" step="2"/><T48/><D123/><U7/><E36/><V8/><F38/><W94/><G94/><T52/><D63/><U24/><E37/><V74/><F60/><W72/><G72/><T77/><D71/><U49/><E66/><V104/><F69/><W103/><G103/><T28/><D70/><U64/><E64/><V27/><F111/><W15/><G15/><T125/><D48/><U117/><E110/><V20/><F105/><W118/><G118/><T18/><D2/><U62/><E62/><V122/><F122/><W51/><G51/><T67/><D67/><U113/><E117/><V73/><F104/><W16/><G16/><T44/><D18/><U91/><E113/><V75/><F75/><W96/><G96/><T1/><D1/><U115/><E115/><V78/><F98/><W53/><G53/><T81/><D52/><U127/><E49/><V131/><F74/><W87/><G87/><T76/><D86/><U5/><E40/><V109/><F41/><W54/><G54/><T65/><D85/><U25/><E14/><V84/><F131/><W9/><G9/><T119/><D10/><U57/><E99/><V101/><F109/><W95/><G95/><T134/><D65/><U33/><E93/><V29/><F11/><W56/><G56/><T47/><D58/><U130/><E107/><V4/><F101/><W108/><G108/><T55/><D119/><U79/><E130/><V68/><F8/><RYUUKYOKU ba="0,1" sc="250,-10,250,-10,170,-10,320,30" hai3="19,22,26,30,31,43,45,50,92,97,102,124,126" /><INIT seed="2,1,1,4,3,1" ten="240,240,160,350" oya="2" hai0="61,103,106,129,114,113,30,100,68,131,78,32,108" hai1="77,35,24,124,15,22,46,88,58,42,65,135,85" hai2="118,102,74,79,16,11,48,47,72,91,127,70,84" hai3="63,55,39,52,14,17,107,69,95,6,3,37,89"/><V13/><F118/><W27/><G107/><T9/><D108/><U111/><E111/><V112/><F112/><W0/><G69/><T4/><D78/><U44/><E124/><V45/><F127/><W54/><G63/><T43/><D43/><U33/><E135/><V123/><F123/><W19/><G0/><T41/><D41/><U116/><E77/><V104/><F70/><W67/><G3/><T8/><D30/><U73/><E73/><V134/><F134/><W50/><G67/><T94/><D94/><U5/><E116/><V59/><F59/><W81/><G81/><T28/><D28/><U126/><E126/><V109/><F109/><W119/><G119/><T23/><D23/><U121/><E42/><V132/><F132/><W122/><G50/><T51/><D32/><U71/><E71/><V120/><F120/><W97/><G122/><T128/><D51/><U105/><E105/><V87/><F79/><W101/><G101/><T2/><D9/><N who="1" m="4527" /><E35/><V115/><F115/><N who="0" m="44042" /><D106/><U92/><E33/><V82/><F84/><W12/><G27/><T133/><D133/><U117/><E121/><V56/><F56/><W80/><G80/><T34/><D34/><U98/><E85/><V57/><F57/><W26/><G26/><T93/><D93/><U29/><E117/><V125/><F125/><W38/><G14/><T83/><D83/><U49/><E49/><V31/><F31/><W110/><G110/><T7/><D7/><U66/><E58/><V10/><F10/><W62/><G62/><T36/><D36/><N who="3" m="9217" /><W25/><DORA hai="53" /><G25/><T75/><D75/><RYUUKYOKU ba="1,1" sc="240,10,240,10,160,-30,350,10" hai0="2,4,8,61,68,100,103,128,129,131" hai1="22,24,29,44,46,65,66,88,92,98" hai3="6,12,17,19,52,54,55,89,95,97" /><INIT seed="3,2,1,1,4,82" ten="250,250,130,360" oya="3" hai0="28,69,51,2,121,112,0,91,129,14,5,41,39" hai1="40,92,71,18,63,16,52,109,125,62,58,46,86" hai2="56,33,103,127,61,57,35,89,95,7,64,42,128" hai3="26,37,107,59,55,17,108,118,67,3,130,43,25"/><W22/><G118/><T4/><D121/><U96/><E109/><V102/><F127/><W101/><G3/><T93/><D69/><U111/><E111/><V20/><F128/><W31/><G108/><T135/><D129/><U15/><E125/><V87/><F7/><W133/><G130/><T1/><D135/><U134/><E134/><V49/><F35/><W131/><G131/><T81/><D39/><U90/><E71/><V75/><F33/><W73/><G73/><T132/><D112/><U23/><E18/><V94/><F75/><W12/><G67/><T104/><D104/><U66/><E66/><V70/><F70/><W88/><G37/><T36/><D36/><N who="1" m="21767" /><E96/><V113/><F113/><W119/><G119/><T65/><D65/><U54/><E54/><V10/><F10/><W21/><G43/><T110/><D110/><U74/><E74/><V53/><F42/><W114/><G133/><T80/><D28/><U9/><E9/><V34/><F34/><W84/><G101/><T126/><D126/><U30/><E30/><V124/><F124/><W45/><G107/><T105/><D105/><U32/><E32/><V78/><F78/><W68/><G114/><T106/><D106/><U27/><E27/><V13/><F95/><W48/><G26/><T79/><D132/><U11/><E11/><V24/><F24/><W6/><G68/><T83/><D79/><U44/><E44/><V76/><F76/><W85/><G45/><N who="0" m="26031" /><D14/><U120/><E120/><V77/><F77/><W100/><G12/><T98/><D4/><U117/><E117/><V60/><F60/><AGARI ba="2,1" hai="15,16,23,52,58,60,62,63,86,90,92" m="21767" machi="60" ten="30,7700,0" yaku="6,1,52,1,54,2" doraHai="82" who="1" fromWho="2" sc="250,0,250,93,130,-83,360,0" owari="250,-15.0,343,14.3,47,-45.3,360,46.0" /></mjloggm>