<mjloggm ver="2.3"><GO type="225" lobby="0"/><UN n0="%E3%81%B5%E3%81%98%E3%81%8B%E3%81%A4" n1="%E3%81%BF%E3%81%BF%E3%81%9A" n2="%E3%83%A9%E3%83%BC%E3%83%A1%E3%83%B3%E4%BA%94%E9%83%8E" n3="%E6%A1%9C%E8%8A%B1%E9%96%83%E3%80%85" dan="16,16,16,16" rate="2198.70,2162.38,2046.39,2108.15" sx="M,M,M,M"/><TAIKYOKU oya="0"/><INIT seed="0,0,0,2,0,133" ten="250,250,250,250" oya="0" hai0="110,115,129,33,135,117,41,32,14,8,38,87,2" hai1="75,124,116,89,34,103,28,11,97,6,37,114,125" hai2="61,95,52,119,130,9,36,93,134,0,57,98,65" hai3="43,29,58,40,105,20,68,42,64,86,30,10,66"/><T22/><D117/><U108/><E116/><V100/><F119/><W84/><G68/><T92/><D115/><U26/><E89/><V4/><F134/><W76/><G105/><T67/><D135/><U39/><E75/><V126/><F130/><W122/><G122/><T46/><D129/><U123/><E123/><V102/><F36/><W18/><G10/><T24/><D67/><N who="3" m="25641" /><G58/><T80/><D92/><U85/><E85/><N who="3" m="32874" /><G76/><T99/><D99/><U69/><E108/><V113/><F113/><W91/><G91/><T35/><D2/><N who="1" m="471" /><E69/><V7/><F7/><W21/><G18/><T109/><D8/><U5/><E5/><V83/><F83/><W120/><G120/><T59/><D14/><U73/><E73/><V44/><F44/><W81/><G81/><T131/><D131/><U25/><E25/><V121/><F121/><W47/><G47/><T56/><D24/><U50/><E50/><V94/><F65/><W13/><G13/><T132/><D22/><AGARI ba="0,0" hai="20,21,22,29,30,40,42,43" m="32874,25641" machi="22" ten="30,3900,0" yaku="28,2,8,1" doraHai="133" who="3" fromWho="0" sc="250,-39,250,0,250,0,250,39" /><INIT seed="1,0,0,1,1,80" ten="211,250,250,289" oya="1" hai0="128,96,14,81,57,70,109,88,39,25,28,60,105" hai1="26,43,0,111,115,131,73,59,104,34,123,61,85" hai2="19,75,1,106,120,50,32,116,72,21,86,6,84" hai3="3,27,101,24,76,79,113,64,46,92,77,67,33"/><U126/><RYUUKYOKU type="yao9" ba="0,0" sc="211,0,250,0,250,0,289,0" hai1="0,26,34,43,59,61,73,85,104,111,115,123,126,131" /><INIT seed="1,1,0,5,0,132" ten="211,250,250,289" oya="1" hai0="41,4,104,64,57,7,111,78,108,134,107,123,127" hai1="12,11,98,13,16,86,73,110,72,135,99,46,66" hai2="93,115,56,80,18,35,52,88,117,51,22,105,49" hai3="90,83,70,81,113,6,36,50,55,126,89,130,121"/><U20/><E135/><V8/><F117/><W85/><G121/><T62/><D134/><U128/><E128/><V84/><F105/><N who="0" m="40522" /><D78/><U122/><E122/><V131/><F35/><W58/><G126/><T38/><D123/><U71/><E110/><N who="0" m="42025" /><D41/><U30/><E86/><N who="2" m="52375" /><F131/><W119/><G113/><T32/><D32/><U34/><E34/><V33/><F33/><W103/><G130/><T53/><D38/><U45/><E66/><V77/><F8/><W79/><G119/><T9/><D9/><U28/><E71/><V67/><F67/><W29/><G29/><N who="1" m="11370" /><E72/><V25/><F115/><W120/><G36/><T26/><D26/><U109/><E73/><V95/><F95/><W106/><G70/><T118/><D118/><U133/><E109/><V2/><F2/><W31/><G31/><T100/><D100/><U19/><E133/><V97/><F97/><AGARI ba="1,0" hai="11,12,13,16,19,20,45,46,97,98,99" m="11370" machi="97" ten="30,2900,0" yaku="8,1,54,1" doraHai="132" who="1" fromWho="2" sc="211,0,250,32,250,-32,289,0" /><INIT seed="1,2,0,0,1,38" ten="211,282,218,289" oya="1" hai0="67,2,4,16,58,124,88,64,36,79,43,63,18" hai1="70,48,57,74,111,115,109,32,66,7,24,93,92" hai2="21,135,112,22,52,60,6,82,87,47,80,98,55" hai3="72,20,97,103,129,44,40,126,1,54,76,25,37"/><U121/><E115/><V94/><F135/><W10/><G129/><T51/><D79/><U127/><E121/><V122/><F122/><W102/><G126/><T106/><D106/><U91/><E74/><V33/><F33/><W68/><G68/><T86/><D124/><U83/><E127/><V117/><F117/><W42/><G54/><T50/><D36/><U71/><E7/><V108/><F108/><N who="1" m="41545" /><E83/><N who="2" m="31787" /><F87/><W107/><G102/><T34/><D34/><U96/><E93/><V41/><F6/><W45/><G76/><T131/><D131/><U81/><E81/><V49/><F112/><W12/><G1/><T110/><D110/><U123/><E123/><V11/><F11/><W0/><G0/><T125/><D125/><U69/><E48/><V132/><F132/><W85/><G72/><T5/><D2/><U23/><E32/><V39/><F39/><W13/><G85/><T65/><D51/><U133/><E133/><V26/><F60/><W114/><G114/><T62/><D4/><U73/><E73/><V53/><F26/><W89/><G37/><T17/><D5/><U46/><E24/><V119/><F119/><W104/><G104/><T56/><D67/><U75/><E75/><V100/><AGARI ba="2,0" hai="21,22,41,47,49,52,53,55,94,98,100" m="31787" machi="100" ten="30,4000,0" yaku="8,1,52,1,54,1" doraHai="38" who="2" fromWho="2" sc="211,-12,282,-22,218,46,289,-12" /><INIT seed="2,0,0,2,0,42" ten="199,260,264,277" oya="2" hai0="13,102,15,126,26,105,36,27,78,37,25,34,11" hai1="109,112,49,106,107,96,128,104,123,6,52,40,32" hai2="56,64,77,125,117,10,62,122,31,48,98,79,35" hai3="81,33,108,74,12,41,86,110,60,91,9,7,50"/><V90/><F117/><W44/><G33/><T119/><D119/><U124/><E112/><V67/><F122/><W18/><G74/><T87/><D34/><U129/><E123/><V8/><F125/><W127/><G127/><T3/><D126/><U23/><E124/><V131/><F131/><N who="1" m="50249" /><E32/><V69/><F35/><W115/><G115/><T29/><D29/><U38/><E109/><V22/><F69/><W43/><G43/><T85/><D105/><U4/><E96/><V134/><F67/><W65/><REACH who="3" step="1"/><G7/><REACH who="3" ten="199,260,264,267" step="2"/><T80/><D102/><U19/><E40/><V51/><F134/><W89/><G89/><T2/><D87/><U93/><E4/><V70/><F90/><W47/><G47/><T97/><D97/><U58/><E6/><V84/><F98/><W59/><AGARI ba="0,1" hai="9,12,18,41,44,50,59,60,65,81,86,91,108,110" machi="59" ten="30,4000,0" yaku="1,1,0,1,52,1,53,0" doraHai="42" doraHaiUra="68" who="3" fromWho="3" sc="199,-10,260,-10,264,-20,267,50" /><INIT seed="3,0,0,2,2,80" ten="189,250,244,317" oya="3" hai0="102,120,45,126,63,113,71,87,15,44,23,46,116" hai1="8,75,53,82,31,29,32,55,42,98,38,112,58" hai2="12,60,41,69,33,125,92,22,34,28,131,134,114" hai3="4,105,6,119,88,124,36,129,130,61,43,5,7"/><W117/><G124/><T39/><D120/><U59/><E112/><V17/><F114/><W95/><G105/><T47/><D113/><U84/><E75/><V128/><F134/><W107/><G107/><T118/><D126/><U68/><E68/><V40/><F125/><W9/><G61/><T108/><D102/><U21/><E32/><N who="2" m="12395" /><F28/><W1/><G43/><T81/><D108/><U70/><E70/><V14/><F14/><W76/><G76/><T94/><D94/><U100/><E8/><V16/><F17/><W24/><G24/><T122/><D122/><U52/><E42/><V127/><F92/><W101/><G36/><T66/><N who="0" m="11264" /><DORA hai="106" /><T62/><D62/><U103/><E38/><V48/><F48/><W73/><G73/><T19/><REACH who="0" step="1"/><D39/><REACH who="0" ten="179,250,244,317" step="2"/><U57/><E103/><V50/><F127/><W111/><G111/><T93/><D93/><N who="1" m="58447" /><E21/><V25/><F41/><W99/><G101/><T13/><D13/><U109/><E109/><V37/><F37/><W2/><G2/><T77/><AGARI ba="0,1" hai="15,19,23,63,66,71,77,81,87,116,118" m="11264" machi="77" ten="40,8000,1" yaku="1,1,0,1,52,1,53,2" doraHai="80,106" doraHaiUra="11,72" who="0" fromWho="0" sc="179,90,250,-20,244,-20,317,-40" /><INIT seed="4,0,0,2,4,42" ten="269,230,224,277" oya="0" hai0="12,41,47,39,96,64,107,98,54,67,34,48,5" hai1="89,58,4,79,91,85,17,68,23,61,128,110,108" hai2="16,7,105,104,103,82,38,53,29,124,97,26,11" hai3="66,50,83,45,93,78,43,119,13,36,95,44,22"/><T116/><D34/><U14/><E68/><V56/><F38/><W120/><G119/><T59/><D107/><U70/><E70/><V72/><F124/><W1/><G1/><T131/><D131/><U20/><E128/><V9/><F105/><W112/><G66/><T134/><D134/><U76/><E110/><V33/><F7/><W8/><G112/><T63/><D116/><U75/><E75/><V35/><F35/><W28/><G120/><T2/><D2/><U87/><E108/><V46/><F16/><N who="3" m="8231" /><G45/><T55/><D55/><U74/><E4/><V114/><F114/><W57/><G57/><T6/><D67/><U133/><E74/><V71/><F71/><W30/><G36/><T31/><D31/><N who="3" m="11817" /><G22/><T69/><D5/><U130/><E23/><V52/><F46/><W3/><G3/><T109/><D109/><U101/><E133/><V77/><REACH who="2" step="1"/><F53/><REACH who="2" ten="269,230,214,277" step="2"/><W73/><G44/><T121/><D121/><U115/><E115/><V80/><F80/><W10/><G10/><AGARI ba="0,1" hai="6,10,12,39,41,47,48,54,59,63,64,69,96,98" machi="10" ten="40,7700,0" yaku="24,2,52,1" doraHai="42" who="0" fromWho="3" sc="269,87,230,0,214,0,277,-77" owari="356,45.6,230,3.0,214,-18.6,200,-30.0" /></mjloggm>