<mjloggm ver="2.3"><GO type="225" lobby="0"/><UN n0="%72%69%6F%75%63%68%61%6E" n1="%E3%81%BF%E3%81%BF%E3%81%9A" n2="%E3%81%A9%E3%82%8F%E3%82%93%E3%81%94" n3="%E3%82%89%E3%81%84%E3%81%B5%E3%81%8C%E3%83%BC%E3%81%A9%E3%81%99%E3%81%8D" dan="16,17,16,16" rate="2132.93,2211.26,2092.22,2127.84" sx="M,M,M,M"/><TAIKYOKU oya="0"/><INIT seed="0,0,0,5,0,93" ten="250,250,250,250" oya="0" hai0="23,86,46,98,58,119,14,40,18,101,3,60,21" hai1="79,117,92,53,5,63,42,39,34,9,103,68,82" hai2="87,75,12,83,44,135,31,38,59,122,134,11,121" hai3="84,20,112,90,100,57,76,64,24,56,133,33,49"/><T13/><D119/><U22/><E117/><V110/><F75/><W96/><G112/><T123/><D123/><U47/><E34/><V95/><F31/><W0/><G133/><N who="2" m="50697" /><F110/><W41/><G0/><T118/><D118/><U106/><E92/><V115/><F115/><W114/><G76/><T113/><D3/><N who="1" m="191" /><E22/><V62/><F95/><N who="3" m="58399" /><G33/><T99/><D113/><U6/><E53/><N who="2" m="34159" /><F44/><N who="3" m="25743" /><G64/><T105/><D86/><U132/><E6/><N who="2" m="3191" /><F38/><W88/><G114/><T7/><D7/><U28/><E28/><V130/><F130/><W124/><G124/><T78/><D78/><AGARI ba="0,0" hai="78,83,87,121,122" m="3191,34159,50697" machi="78" ten="30,1000,0" yaku="20,1" doraHai="93" who="2" fromWho="0" sc="250,-10,250,0,250,10,250,0" /><INIT seed="1,0,0,5,2,80" ten="240,250,260,250" oya="1" hai0="107,60,96,28,15,16,76,94,117,130,34,23,18" hai1="119,36,61,25,6,52,99,5,38,63,39,77,87" hai2="72,101,30,33,91,74,3,89,79,127,112,2,40" hai3="105,67,32,126,104,86,71,14,56,124,24,4,132"/><U11/><E119/><V17/><F101/><W10/><G71/><T78/><D117/><U1/><E99/><V47/><F127/><N who="3" m="48683" /><G132/><T12/><D130/><U68/><E6/><V131/><F131/><W125/><N who="3" m="48691" /><W100/><DORA hai="121" /><G100/><T85/><D107/><U69/><E25/><V29/><F17/><W110/><G110/><T81/><D60/><U21/><E21/><V93/><F112/><W31/><G86/><T115/><D115/><U0/><E63/><AGARI ba="0,0" hai="4,10,14,24,31,32,56,63,67,104,105" m="48691" machi="63" ten="40,1300,0" yaku="18,1" doraHai="80,121" who="3" fromWho="1" sc="240,0,250,-13,260,0,250,13" /><INIT seed="2,0,0,3,0,66" ten="240,237,260,263" oya="2" hai0="52,119,55,127,84,86,14,6,63,82,118,60,92" hai1="83,36,56,88,102,95,122,72,133,22,41,67,10" hai2="75,33,116,16,90,134,1,132,71,34,125,130,42" hai3="107,121,70,18,99,115,68,15,13,124,111,113,128"/><V39/><RYUUKYOKU type="yao9" ba="0,0" sc="240,0,237,0,260,0,263,0" hai2="1,16,33,34,39,42,71,75,90,116,125,130,132,134" /><INIT seed="2,1,0,2,5,72" ten="240,237,260,263" oya="2" hai0="3,4,25,31,70,19,110,102,49,47,118,124,134" hai1="116,61,13,84,33,90,71,135,16,123,8,94,24" hai2="99,64,27,7,46,60,109,57,68,130,117,97,83" hai3="133,82,62,129,9,59,51,12,120,125,20,29,128"/><V67/><F117/><W37/><G120/><T104/><D118/><U14/><E116/><V52/><F7/><W121/><G121/><T126/><D110/><U111/><E123/><V65/><F109/><W58/><G37/><T39/><D134/><U43/><E111/><V81/><F130/><W30/><G133/><T101/><D70/><U93/><E135/><V38/><F68/><W95/><G125/><N who="0" m="48235" /><D104/><U78/><E43/><V2/><F2/><W105/><G105/><T96/><D39/><U92/><E78/><V113/><F113/><W36/><G36/><T48/><D19/><U85/><E14/><V63/><F63/><W77/><G95/><N who="0" m="58527" /><D102/><U32/><E24/><V5/><F5/><W132/><G132/><T26/><D47/><U45/><E45/><V86/><F38/><W50/><G30/><T80/><D80/><U22/><E8/><V15/><F46/><W76/><G29/><T69/><D69/><U54/><E93/><V55/><F83/><W11/><G82/><T115/><D115/><U34/><E71/><V23/><F15/><W131/><G11/><N who="0" m="2463" /><D25/><U106/><E106/><V42/><F42/><W107/><G107/><T6/><D6/><U89/><E33/><AGARI ba="1,0" hai="26,31,33,48,49" m="2463,58527,48235" machi="33" ten="30,1000,0" yaku="18,1" doraHai="72" who="0" fromWho="1" sc="240,13,237,-13,260,0,263,0" /><INIT seed="3,0,0,3,3,132" ten="253,224,260,263" oya="3" hai0="55,27,67,56,126,52,130,123,13,38,8,44,97" hai1="26,75,119,77,107,34,35,19,113,62,103,128,122" hai2="98,25,53,4,30,102,135,90,115,118,104,66,134" hai3="89,20,65,1,5,37,87,40,11,57,24,60,16"/><W105/><G105/><T110/><D126/><U120/><E19/><V64/><F118/><W101/><G101/><T71/><D123/><N who="1" m="47147" /><E26/><V33/><F115/><W99/><G99/><T74/><D110/><U114/><E62/><V51/><F4/><W73/><G73/><T76/><D130/><U125/><E128/><V17/><F17/><W6/><G6/><T121/><D121/><U83/><E119/><V42/><F42/><W69/><G37/><T117/><D117/><U12/><E12/><V96/><F96/><W7/><G40/><T88/><D71/><U68/><E68/><V10/><F90/><W95/><G7/><T45/><D38/><U18/><E18/><V72/><F72/><W93/><REACH who="3" step="1"/><G69/><REACH who="3" ten="253,224,260,253" step="2"/><T29/><D74/><U41/><E41/><V91/><F104/><W39/><G39/><T63/><D97/><N who="1" m="61935" /><E125/><V9/><F135/><W108/><G108/><T54/><D76/><U81/><E81/><AGARI ba="0,1" hai="1,5,11,16,20,24,57,60,65,81,87,89,93,95" machi="81" ten="30,5800,0" yaku="1,1,7,1,54,1,53,0" doraHai="132" doraHaiUra="100" who="3" fromWho="1" sc="253,0,224,-58,260,0,253,68" owari="253,-14.7,166,-33.4,260,6.0,321,42.1" /></mjloggm>