<mjloggm ver="2.3"><GO type="225" lobby="0"/><UN n0="%E9%9B%80%E6%A5%B5%E3%81%AE%E3%81%B8" n1="%E9%81%85%E5%88%BB%E3%81%AE%E3%83%97%E3%83%AA%E3%83%B3%E3%82%B9%E2%99%AA" n2="%E8%81%B7%E6%A5%AD%E3%80%81%E9%A2%A8%32" n3="%6D%75%75%6D%75%72%61" dan="16,16,16,16" rate="2091.21,2147.64,2150.40,2085.94" sx="M,F,M,F"/><TAIKYOKU oya="0"/><INIT seed="0,0,0,5,2,36" ten="250,250,250,250" oya="0" hai0="67,129,99,124,77,5,13,104,26,60,47,9,30" hai1="85,126,90,112,62,115,131,78,101,14,93,49,57" hai2="51,6,27,69,103,20,100,31,12,52,19,0,59" hai3="113,120,23,17,55,56,50,94,66,95,65,106,118"/><T42/><D129/><U16/><E131/><V18/><F69/><W132/><G113/><N who="1" m="43594" /><E126/><V1/><F0/><W116/><G106/><T37/><D124/><U71/><E78/><V88/><F19/><W38/><G132/><T114/><D114/><U122/><E122/><V80/><F6/><W33/><G33/><T128/><D77/><U10/><E101/><V134/><F1/><W89/><G38/><T29/><D128/><U39/><E39/><V82/><F134/><W70/><G120/><T96/><D104/><U81/><E49/><V73/><F82/><W35/><G35/><T110/><D110/><U28/><E28/><V40/><F40/><W53/><G53/><T79/><D79/><U84/><E71/><V121/><F121/><W117/><G70/><T32/><REACH who="0" step="1"/><D30/><REACH who="0" ten="240,250,250,250" step="2"/><U130/><E130/><V46/><F73/><W83/><G95/><T3/><D3/><U74/><E74/><V7/><F7/><W48/><G83/><T64/><D64/><N who="1" m="38991" /><E81/><V127/><F127/><W102/><G66/><T63/><D63/><U34/><E34/><V107/><F107/><W98/><G65/><T2/><D2/><U45/><E45/><V86/><F59/><AGARI ba="0,1" hai="5,9,13,26,29,32,37,42,47,59,60,67,96,99" machi="59" ten="30,11600,0" yaku="1,1,7,1,52,1,53,1" doraHai="36" doraHaiUra="54" who="0" fromWho="2" sc="240,126,250,0,250,-116,250,0" /><INIT seed="0,1,0,2,5,64" ten="366,250,134,250" oya="0" hai0="34,0,57,61,125,45,121,114,82,63,35,24,134" hai1="15,51,132,2,107,16,133,44,55,23,8,19,50" hai2="30,112,1,22,85,79,72,118,81,70,71,111,4" hai3="97,13,47,73,90,74,78,7,95,89,131,53,76"/><T69/><D114/><U29/><E107/><V36/><F112/><W17/><G131/><T62/><D121/><U48/><E29/><V109/><F36/><W49/><G7/><T98/><D0/><U84/><E2/><V52/><F118/><W96/><G73/><T33/><D125/><U91/><E133/><V100/><F100/><W18/><G74/><T99/><D134/><U59/><E132/><V128/><F128/><W39/><G39/><T14/><D24/><U11/><E11/><V60/><F4/><W83/><G17/><T113/><D82/><N who="1" m="49559" /><E59/><N who="2" m="34919" /><F72/><W80/><G80/><T104/><D104/><U127/><E127/><V27/><F1/><W21/><REACH who="3" step="1"/><G96/><REACH who="3" ten="366,250,134,240" step="2"/><T3/><D99/><U25/><AGARI ba="1,1" hai="8,15,16,19,23,25,44,48,50,51,55" m="49559" machi="25" ten="30,4000,0" yaku="25,1,8,1,54,1" doraHai="64" who="1" fromWho="1" sc="366,-21,250,53,134,-11,240,-11" /><INIT seed="1,0,0,2,2,36" ten="345,303,123,229" oya="1" hai0="79,62,52,96,59,44,106,60,28,43,112,92,93" hai1="25,67,97,0,38,85,68,55,9,51,58,33,69" hai2="110,22,100,21,105,131,128,104,80,101,98,49,75" hai3="56,114,24,130,29,4,2,103,48,65,20,115,126"/><U121/><E121/><V84/><F110/><W118/><G126/><T40/><D112/><U109/><E38/><V41/><F75/><W102/><G130/><T27/><D79/><U31/><E109/><V71/><F71/><W72/><G72/><T91/><D106/><U57/><E97/><V45/><F101/><W120/><G120/><T81/><D81/><U8/><E85/><V46/><F105/><W87/><G118/><T14/><D44/><U10/><REACH who="1" step="1"/><E0/><REACH who="1" ten="345,293,123,229" step="2"/><V124/><F124/><W76/><G2/><T108/><D108/><U17/><E17/><V94/><F104/><W7/><G87/><T63/><D93/><U47/><E47/><V61/><F61/><AGARI ba="0,1" hai="8,9,10,25,31,33,51,55,57,58,61,67,68,69" machi="61" ten="40,2000,0" yaku="1,1,53,0" doraHai="36" doraHaiUra="86" who="1" fromWho="2" sc="345,0,293,30,123,-20,229,0" /><INIT seed="1,1,0,3,0,26" ten="345,323,103,229" oya="1" hai0="86,132,22,109,3,44,89,98,15,31,51,76,119" hai1="38,58,48,69,123,79,28,66,100,85,30,46,124" hai2="24,118,54,49,96,68,16,87,88,129,110,121,23" hai3="70,64,11,101,130,41,94,97,127,67,77,83,7"/><U17/><E123/><V52/><F118/><W57/><G130/><T131/><D3/><U2/><E2/><V122/><F129/><W18/><G127/><T1/><D1/><U55/><E124/><V33/><F68/><W0/><G70/><T36/><D132/><U114/><E114/><V73/><F73/><W125/><G125/><T34/><D36/><U39/><E39/><V93/><F110/><W40/><G18/><T13/><D34/><U35/><E35/><V14/><F54/><W20/><G20/><T12/><D109/><U108/><E108/><V102/><F24/><W134/><G134/><T32/><D32/><U92/><E69/><V10/><F33/><W115/><G115/><T27/><D119/><U45/><E38/><V91/><F91/><W120/><G120/><T111/><D111/><U80/><E17/><V81/><F23/><W47/><G57/><AGARI ba="1,0" hai="10,14,16,49,52,57,81,87,88,93,96,102,121,122" machi="57" ten="30,7700,0" yaku="7,1,54,3" doraHai="26" who="2" fromWho="3" sc="345,0,323,0,103,80,229,-80" /><INIT seed="2,0,0,1,3,35" ten="345,323,183,149" oya="2" hai0="130,131,77,46,88,86,121,85,51,37,42,41,52" hai1="114,13,34,6,3,61,14,27,109,84,5,40,116" hai2="126,53,92,103,20,95,2,12,115,58,39,96,108" hai3="79,132,8,98,62,38,74,22,45,25,16,44,26"/><V76/><F2/><W64/><G132/><T117/><D121/><U129/><E114/><V60/><F39/><W100/><G38/><T123/><D123/><U135/><E116/><V70/><F126/><W107/><G26/><T101/><D117/><U106/><E106/><V102/><F115/><W43/><G43/><T56/><D42/><U23/><E34/><V124/><F124/><W128/><G128/><N who="0" m="49195" /><D77/><U11/><E129/><V36/><F36/><W65/><G8/><T111/><D111/><U72/><E72/><V0/><F0/><W73/><G65/><T67/><D101/><U87/><E109/><V91/><F70/><W33/><G33/><T122/><D122/><U83/><E135/><V47/><F76/><W112/><G112/><T29/><D29/><U49/><E61/><V104/><F104/><W89/><G89/><T24/><D24/><U19/><E6/><V57/><F108/><W99/><G99/><T55/><D67/><U93/><E93/><V71/><F71/><W50/><G50/><N who="0" m="30743" /><D88/><U80/><E49/><N who="2" m="28863" /><F60/><W81/><REACH who="3" step="1"/><G74/><REACH who="3" ten="345,323,183,139" step="2"/><T54/><D54/><U30/><E40/><V134/><F134/><W66/><G66/><T82/><D37/><U31/><E31/><V10/><F103/><W69/><AGARI ba="0,1" hai="16,22,25,44,45,62,64,69,73,79,81,98,100,107" machi="69" ten="20,8000,1" yaku="1,1,0,1,7,1,54,1,53,1" doraHai="35" doraHaiUra="97" who="3" fromWho="3" sc="345,-20,323,-20,183,-40,139,90" /><INIT seed="3,0,0,4,0,6" ten="325,303,143,229" oya="3" hai0="35,54,80,72,112,47,118,7,90,108,34,22,45" hai1="82,129,131,61,100,97,85,134,20,64,88,2,133" hai2="50,5,98,23,40,44,79,123,93,3,28,1,130" hai3="101,10,62,89,109,27,13,132,104,37,53,63,14"/><W39/><G132/><N who="1" m="50794" /><E2/><V110/><F110/><W121/><G121/><T107/><D34/><U125/><E20/><V124/><F123/><W94/><G109/><T52/><D22/><U11/><E11/><V120/><F120/><W4/><G27/><T83/><D35/><U127/><E61/><V49/><F124/><N who="1" m="47689" /><E64/><V42/><F130/><W74/><G74/><T106/><D72/><U46/><E46/><V105/><F105/><AGARI ba="0,0" hai="82,85,88,97,100,105,129,131" m="47689,50794" machi="105" ten="30,12000,2" yaku="30,2,20,1,18,1,34,2,54,1" doraHai="6" who="1" fromWho="2" sc="325,0,303,120,143,-120,229,0" owari="325,12.5,423,52.3,23,-47.7,229,-17.1" /></mjloggm>