<mjloggm ver="2.3"><GO type="225" lobby="0"/><UN n0="%E9%80%86%E9%80%A3%E5%B8%AF%E3%81%AE%E9%AC%BC" n1="%E3%81%BF%E3%81%BF%E3%81%9A" n2="%E3%81%95%E3%81%8D%E3%81%9F%E3%81%BE%E6%9E%97%E6%AA%8E" n3="%E4%B8%89%E5%86%A0%E7%8E%8B%E3%83%BB%E5%B1%B1%E7%94%B0%E5%93%B2%E4%BA%BA" dan="16,17,16,16" rate="2137.84,2209.78,2145.26,2186.88" sx="M,M,M,M"/><TAIKYOKU oya="0"/><INIT seed="0,0,0,3,5,99" ten="250,250,250,250" oya="0" hai0="27,121,9,12,3,91,123,94,85,102,60,4,127" hai1="20,7,108,2,71,16,31,15,92,72,126,80,50" hai2="1,53,62,113,10,119,89,49,135,35,59,88,87" hai3="101,111,64,134,96,122,110,61,106,109,82,107,17"/><T56/><D127/><U8/><E71/><V63/><F113/><W112/><G112/><T131/><D131/><U38/><E38/><V133/><F35/><W21/><G134/><N who="2" m="51209" /><F119/><W51/><G122/><T116/><D116/><U40/><E126/><V73/><F73/><W104/><G82/><T13/><D27/><U6/><E108/><V70/><F70/><W66/><G51/><T117/><D117/><U115/><E115/><V19/><F89/><W14/><REACH who="3" step="1"/><G66/><REACH who="3" ten="250,250,250,240" step="2"/><T11/><D123/><U52/><E80/><N who="2" m="49255" /><F19/><W81/><G81/><T58/><D121/><U86/><E72/><V55/><F55/><W24/><G24/><T130/><D130/><U67/><E67/><V25/><F25/><W120/><G120/><T65/><D65/><U90/><E40/><V39/><F39/><W5/><G5/><AGARI ba="0,1" hai="1,5,10,49,53,59,62,63" m="49255,51209" machi="5" ten="30,2000,0" yaku="20,1,54,1" doraHai="99" who="2" fromWho="3" sc="250,0,250,0,250,30,240,-20" /><INIT seed="1,0,0,1,5,36" ten="250,250,280,220" oya="1" hai0="123,109,96,127,104,87,27,95,119,16,122,19,90" hai1="91,70,12,43,22,92,2,69,24,84,120,9,21" hai2="28,53,76,60,35,107,18,68,40,25,99,131,108" hai3="116,59,135,39,44,71,6,83,74,78,56,13,50"/><U89/><E120/><V38/><F108/><W121/><G121/><N who="0" m="46091" /><D119/><U29/><E2/><V47/><F131/><W30/><G116/><T124/><D109/><U113/><E113/><V94/><F76/><W86/><G71/><T4/><D4/><U128/><E128/><V110/><F110/><W80/><G135/><T81/><D104/><U132/><E132/><V20/><F107/><W51/><G39/><T5/><D5/><U37/><E22/><V62/><F68/><W63/><G30/><T48/><D48/><U112/><E112/><V45/><F45/><W15/><G51/><T34/><D34/><U73/><E73/><V117/><F117/><W72/><G6/><T8/><D8/><U55/><E55/><V106/><F106/><W26/><G26/><T77/><D27/><U93/><E12/><V102/><REACH who="2" step="1"/><F53/><REACH who="2" ten="250,250,270,220" step="2"/><W3/><G59/><T23/><D23/><U33/><E69/><V49/><F49/><W64/><G3/><T57/><D57/><U14/><E70/><V52/><F52/><W0/><G0/><T61/><D61/><U66/><E66/><V118/><F118/><W85/><G74/><T100/><D77/><U79/><E79/><V134/><F134/><W101/><G72/><T114/><D114/><U67/><E67/><V105/><F105/><W17/><G50/><T65/><D65/><U130/><E130/><V82/><F82/><W58/><G44/><T10/><D10/><U54/><E54/><V97/><F97/><W126/><G64/><T115/><D115/><U42/><E9/><V31/><F31/><W125/><G78/><RYUUKYOKU ba="0,1" sc="250,15,250,-15,270,15,220,-15" hai0="16,19,81,87,90,95,96,100,124,127" hai2="18,20,25,28,35,38,40,47,60,62,94,99,102" /><INIT seed="2,1,1,3,2,63" ten="265,235,285,205" oya="2" hai0="122,126,58,98,96,73,19,46,92,109,128,27,97" hai1="36,9,105,111,67,45,38,83,93,17,14,127,65" hai2="33,103,28,18,82,3,77,12,64,85,108,13,100" hai3="41,91,110,71,60,37,80,4,62,115,23,61,90"/><V70/><F3/><W32/><G32/><T35/><D122/><U22/><E105/><V134/><F134/><W5/><G110/><T102/><D109/><U47/><E111/><V86/><F12/><W48/><G37/><T25/><D128/><U107/><E107/><V113/><F113/><W44/><G115/><T74/><D126/><U6/><E127/><V15/><F15/><W95/><G71/><T40/><D58/><U26/><E83/><V133/><F133/><W120/><G120/><T0/><D0/><U55/><E38/><V52/><F28/><W42/><G42/><T87/><D87/><U66/><E36/><V118/><F33/><W135/><G135/><T88/><D19/><U8/><E8/><V7/><F7/><W59/><G59/><T51/><D25/><U89/><E55/><V99/><F52/><N who="3" m="29703" /><G23/><T123/><D123/><U16/><E6/><N who="3" m="2666" /><G41/><T29/><D98/><AGARI ba="1,1" hai="9,14,16,17,22,26,45,47,65,66,67,89,93,98" machi="98" ten="40,8000,1" yaku="8,1,52,3,54,1" doraHai="63" who="1" fromWho="0" sc="265,-83,235,93,285,0,205,0" /><INIT seed="3,0,0,1,2,118" ten="182,328,285,205" oya="3" hai0="0,63,5,105,120,81,67,100,104,64,96,25,20" hai1="90,31,124,24,51,122,37,115,46,41,9,99,8" hai2="134,60,110,17,85,19,109,45,131,57,116,102,94" hai3="49,92,126,117,61,88,16,129,133,40,15,21,83"/><W13/><G117/><T35/><D105/><U97/><E122/><V98/><F134/><W66/><G133/><T29/><D120/><U43/><E124/><V23/><F131/><W132/><G132/><T71/><D67/><U107/><E115/><V119/><F45/><N who="3" m="25767" /><G126/><T69/><D69/><U55/><E107/><V2/><F2/><W32/><G32/><T52/><D81/><U33/><E41/><V28/><F28/><W130/><G83/><T3/><D20/><U75/><E75/><V22/><F85/><N who="3" m="52239" /><G130/><T38/><D38/><U114/><E114/><V87/><F87/><W125/><G125/><T95/><D5/><U84/><E97/><V106/><F106/><W93/><G129/><T36/><D36/><U4/><E99/><V112/><F112/><W76/><G76/><T73/><D73/><U121/><E121/><V101/><F119/><W58/><G93/><T128/><D128/><U12/><E8/><V70/><F70/><W72/><G72/><T74/><D74/><U39/><E43/><V59/><F94/><AGARI ba="0,0" hai="4,9,12,24,31,33,37,39,46,51,55,84,90,94" machi="94" ten="30,1000,0" yaku="7,1" doraHai="118" who="1" fromWho="2" sc="182,0,328,10,285,-10,205,0" owari="182,-31.8,338,43.8,275,7.5,205,-19.5" /></mjloggm>