<mjloggm ver="2.3"><GO type="225" lobby="0"/><UN n0="%E3%83%97%E3%83%AC%E3%83%B4%E3%82%A1%E3%83%86%E3%82%A3" n1="%E4%BA%95%E5%B8%AF" n2="%72%69%6F%75%63%68%61%6E" n3="%65%2D%73%65%70%65%6E%3B" dan="16,16,16,16" rate="2084.91,2056.17,2132.76,2147.95" sx="F,M,M,M"/><TAIKYOKU oya="0"/><INIT seed="0,0,0,5,3,47" ten="250,250,250,250" oya="0" hai0="2,14,69,118,122,80,28,87,7,106,44,17,109" hai1="70,25,84,66,67,54,124,100,112,58,96,71,93" hai2="121,55,115,63,103,114,35,98,53,74,92,50,11" hai3="119,110,12,133,125,49,4,8,135,40,1,72,43"/><T60/><D118/><U104/><E124/><V46/><F121/><W59/><G72/><T105/><D122/><U22/><E112/><V107/><F35/><W9/><G119/><T62/><D28/><U108/><E108/><V33/><F33/><W41/><G110/><T82/><D109/><U85/><E71/><V15/><F74/><W78/><G78/><T90/><D69/><U81/><E70/><V51/><F63/><W126/><G59/><T26/><D82/><U89/><E85/><V31/><F31/><W83/><G83/><T13/><D2/><U130/><E104/><V61/><F61/><W23/><G23/><T113/><D113/><U86/><E84/><V57/><REACH who="2" step="1"/><F107/><REACH who="2" ten="250,250,240,250" step="2"/><W127/><REACH who="3" step="1"/><G49/><REACH who="3" ten="250,250,240,240" step="2"/><T32/><D32/><U117/><E117/><V129/><F129/><W95/><G95/><T3/><D106/><U16/><E130/><V39/><F39/><W24/><G24/><T128/><D105/><U99/><E99/><V91/><F91/><W101/><G101/><T123/><D128/><U42/><REACH who="1" step="1"/><E42/><REACH who="1" ten="250,240,240,240" step="2"/><V18/><AGARI ba="0,3" hai="11,15,18,46,50,51,53,55,57,92,98,103,114,115" machi="18" ten="20,8000,1" yaku="1,1,0,1,7,1,52,2,53,0" doraHai="47" doraHaiUra="21" who="2" fromWho="2" sc="250,-40,240,-20,240,110,240,-20" /><INIT seed="1,0,0,5,2,109" ten="210,220,350,220" oya="1" hai0="55,24,43,42,9,101,115,72,107,41,102,70,73" hai1="116,103,45,5,46,128,53,98,90,63,130,40,31" hai2="129,124,68,121,35,91,26,21,0,11,23,44,49" hai3="106,71,34,7,81,132,52,18,60,64,87,105,62"/><U8/><E116/><V118/><F118/><W89/><G34/><T13/><D70/><U56/><E31/><V127/><F121/><W32/><G32/><T33/><D55/><U110/><E90/><V29/><F129/><N who="1" m="49769" /><E40/><V134/><F134/><W57/><G7/><T114/><D33/><U117/><E117/><V79/><F68/><W28/><G28/><T37/><D24/><U92/><E110/><V86/><F79/><W51/><G132/><T16/><D37/><U111/><E111/><V10/><F21/><W108/><G108/><T96/><REACH who="0" step="1"/><D102/><REACH who="0" ten="200,220,350,220" step="2"/><U17/><E17/><V135/><F35/><W95/><G18/><T80/><D80/><U94/><E94/><N who="2" m="54647" /><F135/><W4/><G4/><T27/><D27/><U1/><AGARI ba="0,1" hai="1,5,8,45,46,53,56,63,92,98,103" m="49769" machi="1" ten="30,1500,0" yaku="19,1" doraHai="109" who="1" fromWho="1" sc="200,-5,220,25,350,-5,220,-5" /><INIT seed="1,1,0,2,2,55" ten="195,245,345,215" oya="1" hai0="44,102,64,9,76,56,122,42,121,107,127,72,39" hai1="128,27,109,4,114,36,123,41,52,113,73,25,16" hai2="0,131,59,98,18,86,132,103,43,65,23,124,15" hai3="60,77,75,10,95,21,71,3,117,12,34,133,104"/><U125/><E123/><N who="0" m="47113" /><D9/><U7/><E73/><V94/><F124/><W134/><G104/><T116/><D72/><U29/><E36/><V111/><F111/><W33/><G3/><T120/><D76/><U46/><E41/><V99/><F131/><W118/><G21/><T97/><N who="0" m="47121" /><T105/><DORA hai="83" /><D127/><U101/><E101/><V90/><F132/><N who="3" m="50795" /><G77/><T78/><D78/><U40/><E40/><V1/><F43/><W89/><G75/><T112/><D112/><U84/><E84/><V110/><F110/><W37/><G37/><T13/><D13/><U62/><E29/><V53/><F65/><N who="3" m="41383" /><G34/><T96/><D116/><U88/><E109/><V80/><REACH who="2" step="1"/><F99/><REACH who="2" ten="195,245,335,215" step="2"/><N who="0" m="37962" /><D102/><U2/><E128/><V135/><F135/><W48/><G118/><T61/><AGARI ba="1,1" hai="39,42,44,56,61,64,105,107" m="37962,47121" machi="61" ten="50,3200,0" yaku="13,1,52,1" doraHai="55,83" who="0" fromWho="0" sc="195,45,245,-17,335,-9,215,-9" /><INIT seed="2,0,0,3,1,22" ten="240,228,326,206" oya="2" hai0="37,9,105,129,4,8,52,51,78,108,29,15,97" hai1="28,34,82,75,133,39,90,61,47,23,83,101,35" hai2="58,71,46,74,72,104,66,89,20,3,92,113,1" hai3="98,36,12,99,5,42,26,95,132,10,102,112,33"/><V87/><F113/><W79/><G112/><T73/><D37/><U84/><E133/><V18/><F71/><W50/><G36/><T25/><D108/><U59/><E101/><V131/><F104/><W118/><G118/><T123/><D123/><U31/><E39/><V121/><F131/><W126/><G132/><T62/><D129/><U117/><E47/><V11/><F121/><W91/><G79/><T32/><D62/><U76/><E117/><V56/><F46/><W57/><G126/><T119/><D119/><U122/><E122/><V2/><F11/><W49/><G42/><T107/><D97/><U115/><E115/><V19/><F19/><W100/><G57/><T130/><D130/><U53/><REACH who="1" step="1"/><E23/><REACH who="1" ten="240,218,326,206" step="2"/><V14/><REACH who="2" step="1"/><F66/><REACH who="2" ten="240,218,316,206" step="2"/><W43/><G10/><T60/><D9/><U85/><E85/><V109/><F109/><W128/><G128/><T103/><D107/><U70/><E70/><V110/><F110/><W80/><G98/><T114/><D105/><U13/><E13/><V111/><F111/><W88/><G12/><T68/><D114/><U44/><E44/><V7/><F7/><W45/><G5/><T127/><D68/><U81/><E81/><V106/><F106/><W86/><G80/><N who="0" m="45135" /><D127/><U93/><E93/><V116/><F116/><W17/><G95/><T24/><D15/><U6/><E6/><V135/><F135/><W94/><G94/><T65/><D4/><U69/><E69/><V77/><F77/><W27/><G99/><T64/><D8/><U67/><E67/><V96/><F96/><W16/><G45/><T55/><D65/><RYUUKYOKU ba="0,2" sc="240,-15,218,15,316,15,206,-15" hai1="28,31,34,35,53,59,61,75,76,82,83,84,90" hai2="1,2,3,14,18,20,56,58,72,74,87,89,92" /><INIT seed="2,1,2,5,5,2" ten="225,233,331,191" oya="2" hai0="128,112,56,43,118,51,25,12,65,62,71,28,107" hai1="15,82,21,54,102,57,133,41,115,22,4,79,18" hai2="88,85,14,37,16,78,23,98,87,111,10,104,30" hai3="68,48,114,119,96,93,13,50,31,100,9,0,49"/><V58/><F37/><W75/><G119/><T132/><D118/><U123/><E115/><V46/><F111/><W59/><G68/><T122/><D112/><U27/><E133/><V35/><F35/><W66/><G114/><T19/><D132/><U106/><E123/><V121/><F121/><W17/><G75/><T127/><D122/><U116/><E116/><V26/><F46/><W42/><G0/><T8/><D128/><U95/><E41/><V76/><F58/><W47/><REACH who="3" step="1"/><G31/><REACH who="3" ten="225,233,331,181" step="2"/><T103/><D127/><U32/><E106/><V1/><F1/><W135/><G135/><T130/><D130/><U29/><E29/><V72/><F72/><W91/><G91/><T20/><D107/><U89/><E89/><V34/><F34/><W101/><G101/><T81/><D103/><U131/><E102/><V113/><F113/><W39/><G39/><T33/><D33/><U105/><E131/><V74/><F74/><W99/><G99/><T3/><D3/><U7/><E32/><V86/><F104/><W124/><G124/><T44/><D71/><U67/><E105/><V134/><F134/><W120/><G120/><T69/><D69/><U94/><E94/><AGARI ba="1,3" hai="10,14,16,23,26,30,76,78,85,86,87,88,94,98" machi="94" ten="40,7700,0" yaku="8,1,54,2" doraHai="2" who="2" fromWho="1" sc="225,0,233,-80,331,110,181,0" /><INIT seed="2,2,0,3,5,19" ten="225,153,441,181" oya="2" hai0="40,5,106,34,39,104,10,101,13,38,87,86,51" hai1="57,46,47,36,102,103,59,72,62,26,93,114,127" hai2="99,9,118,131,48,77,64,29,122,54,91,79,42" hai3="82,112,56,134,18,6,111,70,110,84,69,121,89"/><V71/><F118/><W132/><G121/><T135/><D34/><U67/><E114/><V24/><F122/><W78/><G6/><T23/><D135/><N who="3" m="51753" /><G112/><T60/><D39/><U98/><E127/><V83/><F131/><W74/><G56/><T22/><D38/><U20/><E72/><V2/><F42/><W49/><G49/><T27/><D106/><U63/><E103/><V1/><F64/><W76/><G76/><T12/><D104/><U43/><E43/><V68/><F77/><W53/><G53/><T31/><D101/><U90/><E36/><V0/><F9/><W105/><G105/><T52/><D40/><U7/><E7/><V124/><F124/><W116/><G18/><N who="0" m="10567" /><D60/><U4/><E4/><V80/><F80/><N who="3" m="45143" /><G116/><T75/><D75/><U107/><E107/><V65/><F65/><W130/><G130/><T11/><D11/><U96/><E96/><V81/><F99/><W35/><G35/><T14/><D14/><U66/><E90/><V15/><F91/><W125/><G125/><T92/><D92/><U108/><E108/><AGARI ba="2,0" hai="69,70,82,84,89,108,110,111" m="45143,51753" machi="108" ten="30,2000,0" yaku="14,1,20,1" doraHai="19" who="3" fromWho="1" sc="225,0,153,-26,441,0,181,26" /><INIT seed="3,0,0,0,1,103" ten="225,127,441,207" oya="3" hai0="78,15,87,38,66,81,96,49,57,40,32,1,117" hai1="25,93,70,10,59,44,74,9,18,115,12,90,97" hai2="132,85,35,53,112,86,83,134,119,46,118,91,122" hai3="92,22,13,73,47,28,17,111,3,31,11,8,133"/><W89/><G73/><T37/><D117/><U127/><E70/><V56/><F35/><W39/><G133/><N who="2" m="51305" /><F112/><W0/><G111/><T130/><D32/><U61/><E115/><V27/><F122/><W104/><G104/><T41/><D1/><N who="3" m="585" /><G89/><T55/><D130/><U80/><E127/><V75/><F75/><W94/><G47/><T36/><D15/><U120/><E120/><V48/><F27/><N who="3" m="14799" /><G92/><T71/><D96/><U110/><E110/><V2/><F2/><W109/><G94/><T84/><D87/><U14/><E44/><V126/><F126/><W30/><G39/><T16/><D16/><U64/><E74/><V51/><F85/><W121/><G109/><T95/><D95/><U125/><E125/><V60/><F51/><W26/><G121/><T65/><D84/><U54/><E80/><V24/><F24/><W129/><G129/><T58/><D81/><U29/><E64/><AGARI ba="0,0" hai="46,48,53,56,60,64,83,86,91,118,119" m="51305" machi="64" ten="30,1000,0" yaku="20,1" doraHai="103" who="2" fromWho="1" sc="225,0,127,-10,441,10,207,0" owari="225,2.5,117,-38.3,451,55.1,207,-19.3" /></mjloggm>