<mjloggm ver="2.3"><GO type="225" lobby="0"/><UN n0="%E3%81%BF%E3%81%BF%E3%81%9A" n1="%E3%81%B2%E3%81%BE%E3%81%A4%E3%81%B6%E3%81%97" n2="%E5%8D%A0%E3%81%84%E5%B8%AB%E8%A3%8F%E3%81%AA%E3%81%84%E3%81%97" n3="%6D%75%75%6D%75%72%61" dan="16,16,16,17" rate="2142.71,2149.16,2110.17,2139.29" sx="M,M,M,F"/><TAIKYOKU oya="0"/><INIT seed="0,0,0,0,0,110" ten="250,250,250,250" oya="0" hai0="80,30,14,96,0,51,71,43,1,122,26,114,101" hai1="134,61,83,74,37,67,36,63,38,76,57,52,49" hai2="50,41,55,116,29,17,87,24,88,70,47,22,72" hai3="11,28,105,2,129,90,81,42,106,133,33,59,40"/><T31/><D122/><U92/><E134/><V113/><F72/><W128/><G133/><T89/><D71/><U100/><E100/><V135/><F135/><W10/><G59/><T131/><D114/><U58/><E92/><V60/><F116/><W25/><G81/><T53/><D43/><N who="3" m="16425" /><G90/><T127/><D127/><U121/><E121/><V86/><F113/><W35/><G2/><T99/><D131/><N who="3" m="50249" /><G35/><T4/><D0/><U54/><REACH who="1" step="1"/><E38/><REACH who="1" ten="250,240,250,250" step="2"/><V97/><F70/><AGARI ba="0,1" hai="36,37,49,52,54,57,58,61,63,67,70,74,76,83" machi="70" ten="30,7700,0" yaku="1,1,2,1,7,1,54,1,53,0" doraHai="110" doraHaiUra="7" who="1" fromWho="2" sc="250,0,240,87,250,-77,250,0" /><INIT seed="1,0,0,0,4,55" ten="250,327,173,250" oya="1" hai0="45,134,47,6,127,70,84,46,5,96,24,41,37" hai1="109,71,67,40,95,74,54,73,25,108,60,48,27" hai2="36,57,53,28,98,124,81,8,16,132,102,21,22" hai3="32,105,118,26,31,79,62,7,103,33,51,107,72"/><U19/><E95/><V116/><F116/><W120/><G120/><T35/><D127/><U129/><E40/><V4/><F124/><W29/><G118/><T94/><D134/><U87/><E87/><V63/><F36/><W86/><G72/><T75/><D70/><U135/><E129/><V92/><F132/><W119/><G119/><T91/><D75/><U42/><E42/><V77/><F28/><W3/><G3/><T69/><D69/><U9/><E135/><V93/><F93/><W49/><G7/><T133/><D133/><U39/><E39/><V83/><F83/><W110/><G110/><N who="1" m="42602" /><E27/><V58/><F4/><W88/><G79/><T68/><D68/><U123/><E123/><V20/><F57/><W1/><G1/><T13/><D37/><U122/><E122/><V104/><F104/><W113/><G113/><T65/><D65/><U114/><E114/><V99/><F99/><W131/><G131/><T115/><D115/><U12/><E25/><V112/><F112/><W82/><G31/><T80/><D41/><U111/><N who="1" m="42610" /><U30/><DORA hai="23" /><E30/><V85/><REACH who="2" step="1"/><F8/><REACH who="2" ten="250,327,163,250" step="2"/><W90/><G105/><T121/><D5/><U78/><E78/><V43/><F43/><W64/><G33/><T101/><D121/><U89/><E89/><V11/><F11/><W50/><G90/><T125/><D125/><U2/><E71/><V128/><F128/><W10/><G10/><N who="0" m="4311" /><D35/><U34/><E9/><V56/><F56/><N who="3" m="36935" /><G107/><T100/><D100/><U17/><E34/><V126/><F126/><W18/><G103/><T15/><D101/><U38/><E38/><RYUUKYOKU ba="0,1" sc="250,-15,327,-15,163,15,250,15" hai2="16,20,21,22,53,58,63,77,81,85,92,98,102" hai3="18,26,29,32,49,50,51,82,86,88" /><INIT seed="2,1,1,2,3,38" ten="235,312,178,265" oya="2" hai0="81,25,126,54,66,2,87,101,108,123,39,68,51" hai1="24,53,1,11,110,35,90,62,99,31,74,91,50" hai2="77,82,89,34,3,12,109,127,98,7,73,103,115" hai3="18,107,85,44,4,15,13,118,88,60,72,116,16"/><V83/><F115/><W111/><G72/><T124/><D123/><U22/><E74/><V8/><F34/><W40/><G107/><T134/><D2/><U45/><E110/><V84/><F109/><W70/><G111/><T95/><D108/><U119/><E119/><V43/><F127/><N who="0" m="48682" /><D134/><U71/><E99/><V76/><F3/><W131/><G131/><T19/><D39/><U78/><E78/><V67/><F67/><W30/><G70/><T93/><D101/><U26/><E62/><V20/><F20/><W69/><G69/><T42/><D42/><U55/><E55/><V86/><F43/><W128/><G128/><T61/><D19/><U133/><E71/><V97/><REACH who="2" step="1"/><F103/><REACH who="2" ten="235,312,168,265" step="2"/><W94/><G116/><T32/><D32/><U130/><E130/><V120/><F120/><W56/><G118/><T57/><D25/><U102/><E102/><V96/><F96/><W105/><G40/><T28/><D28/><U112/><E31/><V113/><F113/><W129/><G30/><T48/><D48/><U132/><E50/><V79/><F79/><AGARI ba="1,2" hai="51,54,57,61,66,68,79,81,87,93,95" m="48682" machi="79" ten="30,1000,0" yaku="18,1" doraHai="38" who="0" fromWho="2" sc="235,33,312,0,168,-13,265,0" /><INIT seed="3,0,0,2,5,45" ten="268,312,155,265" oya="3" hai0="23,69,67,73,85,75,112,81,34,33,96,80,13" hai1="41,89,71,8,14,53,110,19,116,126,83,88,47" hai2="63,103,114,74,28,30,62,84,15,48,134,6,99" hai3="51,93,109,86,101,59,100,115,25,72,107,125,10"/><W133/><G115/><T58/><D112/><U76/><E110/><V35/><F74/><W77/><G109/><T70/><D58/><U121/><E71/><V92/><F114/><W60/><G107/><T27/><D13/><U2/><E2/><V21/><F35/><W43/><G72/><T57/><D57/><U82/><E121/><V24/><F134/><W16/><G133/><T120/><D96/><U97/><E126/><V38/><F38/><W78/><G125/><T66/><D23/><U118/><E53/><V22/><F84/><W46/><G93/><T4/><D85/><N who="1" m="48327" /><E83/><V3/><F3/><W105/><G105/><T31/><D27/><U7/><E7/><V122/><F122/><W0/><G0/><T12/><D12/><U119/><E97/><V129/><F129/><W40/><G40/><T108/><D4/><U29/><E29/><V95/><F95/><W130/><G130/><T32/><D31/><U128/><E128/><V1/><F1/><W65/><G86/><T90/><D108/><U117/><E117/><V42/><F28/><W64/><G64/><N who="0" m="24619" /><D120/><U79/><E79/><N who="3" m="30218" /><G25/><T44/><D75/><U18/><E19/><V26/><F26/><W123/><G123/><T94/><D73/><U50/><AGARI ba="0,0" hai="8,14,18,41,47,50,88,89,116,118,119" m="48327" machi="50" ten="30,4000,0" yaku="12,1,52,1,54,1" doraHai="45" who="1" fromWho="1" sc="268,-10,312,40,155,-10,265,-20" owari="258,5.8,352,45.2,145,-35.5,245,-15.5" /></mjloggm>