<mjloggm ver="2.3"><GO type="225" lobby="0"/><UN n0="%E3%81%A1%E3%82%85%E3%81%86%E3%81%A9%E3%81%8F%E8%B1%A1%E3%81%95%E3%82%93" n1="%E3%81%B7%E3%82%8A%E3%82%93%E8%81%96%E4%BA%BA" n2="%72%61%6B%33" n3="%E8%A8%88%E7%AE%97%E6%A9%9F%E8%87%AA%E7%84%B6" dan="16,16,16,17" rate="2156.43,2137.25,2200.63,2200.53" sx="M,M,M,M"/><TAIKYOKU oya="0"/><INIT seed="0,0,0,3,0,58" ten="250,250,250,250" oya="0" hai0="29,104,28,31,132,34,69,46,64,30,119,116,114" hai1="42,73,2,12,83,90,92,8,133,52,26,121,47" hai2="11,106,56,112,78,68,17,76,19,54,123,96,88" hai3="94,53,84,97,118,4,67,82,130,127,89,38,98"/><T59/><D114/><U70/><E70/><V107/><F68/><W61/><G118/><T14/><D104/><U1/><E121/><V32/><F123/><W48/><G130/><T134/><D69/><U128/><E128/><V55/><F32/><W95/><G127/><T108/><D46/><U102/><E102/><V60/><F112/><W115/><G38/><T105/><D105/><U109/><E26/><V49/><F107/><W91/><G4/><T45/><D45/><U101/><E101/><V86/><F96/><W33/><G33/><T129/><D129/><U87/><E133/><N who="0" m="51305" /><D64/><U72/><E72/><V51/><F106/><W110/><G110/><T25/><D59/><U0/><E73/><V120/><F120/><W5/><G5/><T66/><D66/><U75/><E75/><V93/><F51/><W15/><G15/><T81/><D81/><U18/><E42/><V23/><F11/><W63/><G67/><T10/><D108/><U37/><E37/><V117/><F117/><W103/><G115/><T24/><D24/><U71/><E71/><V124/><F124/><W7/><G7/><AGARI ba="0,0" hai="7,10,14,25,28,29,30,31,34,116,119" m="51305" machi="7" ten="30,5800,0" yaku="20,1,34,2" doraHai="58" who="0" fromWho="3" sc="250,58,250,0,250,0,250,-58" /><INIT seed="0,1,0,1,2,87" ten="308,250,250,192" oya="0" hai0="110,105,72,98,95,48,88,70,16,58,20,19,60" hai1="51,126,123,92,111,3,41,11,43,42,113,45,54" hai2="2,64,100,18,117,35,36,82,119,57,69,59,75" hai3="24,17,4,7,66,27,125,25,132,120,46,104,49"/><T5/><D72/><U99/><E123/><V8/><F35/><W83/><G104/><T33/><D33/><U131/><E131/><V26/><F36/><W116/><G116/><T14/><D105/><U6/><E113/><V112/><F112/><W107/><G107/><T73/><D73/><U77/><E126/><V9/><F100/><W74/><G125/><T135/><D135/><U133/><E133/><V129/><F129/><W13/><G132/><T115/><D115/><U109/><REACH who="1" step="1"/><E77/><REACH who="1" ten="308,240,250,192" step="2"/><V50/><F119/><W122/><G122/><T121/><D121/><U97/><E97/><V68/><F117/><W23/><G120/><T124/><D124/><U78/><E78/><V10/><F2/><W106/><G106/><T32/><D110/><U118/><E118/><V61/><F75/><W114/><G114/><T44/><D32/><U55/><E55/><V38/><F64/><W15/><G66/><N who="0" m="39191" /><D70/><U127/><E127/><V0/><F69/><W96/><G74/><T63/><D63/><U28/><E28/><V65/><F68/><W128/><G128/><T31/><D31/><U53/><E53/><V34/><F34/><W79/><G79/><T12/><D5/><U108/><E108/><V85/><F65/><W62/><G62/><T130/><D130/><U30/><E30/><V103/><F61/><W56/><G4/><T89/><D19/><U22/><E22/><V86/><F18/><W76/><G7/><T134/><D134/><U102/><AGARI ba="1,1" hai="3,6,11,41,42,43,45,51,54,92,99,102,109,111" machi="102" ten="30,2000,0" yaku="1,1,0,1,53,0" doraHai="87" doraHaiUra="84" who="1" fromWho="1" sc="308,-11,240,33,250,-6,192,-6" /><INIT seed="1,0,0,3,1,37" ten="297,273,244,186" oya="1" hai0="90,33,104,83,107,67,122,99,132,44,110,29,108" hai1="91,109,1,51,82,113,28,84,0,8,118,62,19" hai2="86,61,30,129,120,60,94,65,119,134,52,50,47" hai3="74,105,34,9,95,23,32,111,31,40,124,16,81"/><U73/><E73/><V38/><F119/><W77/><G105/><T46/><D122/><U41/><E118/><V68/><F120/><W27/><G111/><N who="0" m="42539" /><D132/><U96/><E109/><V36/><F134/><W13/><G124/><T133/><D133/><U76/><E28/><V130/><F30/><W11/><G95/><N who="0" m="56823" /><D83/><U4/><E113/><V85/><F85/><W57/><G57/><T5/><D5/><U106/><E62/><V97/><F86/><W116/><G116/><T45/><D67/><U114/><E114/><V12/><F12/><W102/><G102/><T126/><D126/><U135/><E135/><V117/><F117/><W22/><REACH who="3" step="1"/><G40/><REACH who="3" ten="297,273,244,176" step="2"/><T101/><D101/><U71/><E106/><V35/><F94/><W56/><G56/><T39/><D39/><U70/><E70/><V59/><F97/><W48/><G48/><T115/><D115/><U15/><E71/><V78/><F36/><W17/><G17/><T112/><D112/><U72/><E19/><V98/><F98/><W87/><G87/><T43/><D43/><U93/><E72/><V92/><F92/><W24/><G24/><AGARI ba="0,1" hai="24,29,33,44,45,46,104,107" m="56823,42539" machi="24" ten="30,1000,0" yaku="14,1" doraHai="37" who="0" fromWho="3" sc="297,20,273,0,244,0,176,-10" /><INIT seed="2,0,0,5,3,102" ten="317,273,244,166" oya="2" hai0="30,84,91,119,13,37,121,8,115,60,82,132,58" hai1="48,64,118,36,16,22,127,25,111,130,49,71,78" hai2="20,1,76,86,80,122,94,131,43,81,4,128,41" hai3="59,135,68,29,3,73,109,54,38,47,28,126,70"/><V99/><F122/><W46/><G3/><T72/><D121/><U56/><E71/><V67/><F81/><W129/><G73/><T120/><D37/><U9/><E36/><V88/><F67/><W39/><G109/><T33/><D72/><U2/><E111/><V44/><F20/><W19/><G129/><N who="2" m="49737" /><F44/><W31/><G126/><T117/><D120/><U125/><E130/><V61/><F61/><W69/><G135/><T17/><D115/><U66/><E66/><V77/><F77/><W65/><G65/><N who="0" m="39063" /><D132/><U75/><E75/><V95/><F95/><W104/><G38/><T18/><D30/><U134/><E78/><V105/><F105/><W10/><G39/><T89/><D33/><U96/><E134/><V100/><F76/><W53/><G104/><T57/><D89/><U112/><E112/><V123/><F123/><W108/><G108/><T23/><D57/><U24/><E24/><V87/><F87/><W110/><G110/><T62/><D62/><N who="1" m="37959" /><E96/><V55/><F55/><W0/><G59/><T40/><D40/><N who="2" m="15434" /><F4/><N who="3" m="1287" /><G19/><N who="0" m="8615" /><D23/><U101/><E101/><V107/><F1/><W116/><G116/><AGARI ba="0,0" hai="17,18,82,84,91,116,117,119" m="8615,39063" machi="116" ten="30,1000,0" yaku="12,1" doraHai="102" who="0" fromWho="3" sc="317,10,273,0,244,0,166,-10" /><INIT seed="3,0,0,2,0,68" ten="327,273,244,156" oya="3" hai0="22,2,72,71,5,105,107,111,114,117,104,133,81" hai1="40,25,62,135,93,115,125,88,86,6,129,103,128" hai2="79,33,110,29,131,37,67,58,44,109,50,19,51" hai3="34,47,66,134,119,3,78,76,53,97,90,82,122"/><W130/><G119/><T13/><D71/><U38/><E115/><V32/><F79/><W59/><G122/><T55/><D2/><U116/><E116/><V20/><F29/><W39/><G34/><T121/><D117/><U36/><E40/><N who="2" m="22543" /><F131/><N who="1" m="50249" /><E6/><V31/><F31/><W83/><G130/><T108/><D121/><U41/><E41/><V11/><F11/><W9/><G134/><T126/><D133/><U106/><E135/><V0/><F0/><W84/><G66/><T7/><D55/><U18/><E62/><N who="2" m="38359" /><F50/><W74/><G97/><T48/><D48/><U118/><E118/><V10/><F10/><W101/><G101/><T112/><D5/><U42/><E42/><V1/><F51/><W46/><G90/><T123/><D7/><U4/><E4/><V16/><F1/><W120/><G120/><T85/><D72/><U45/><E45/><V80/><F80/><W15/><G3/><T91/><D123/><U23/><E125/><V27/><F19/><W124/><G124/><T132/><D126/><U43/><E43/><V77/><F77/><W69/><G69/><T73/><D132/><U17/><E18/><V12/><F12/><W63/><REACH who="3" step="1"/><G39/><REACH who="3" ten="327,273,244,146" step="2"/><T100/><D112/><U98/><AGARI ba="0,1" hai="17,23,25,36,38,86,88,93,98,103,106" m="50249" machi="98" ten="30,7900,0" yaku="19,1,52,2,54,1" doraHai="68" who="1" fromWho="1" sc="327,-20,273,89,244,-20,146,-39" owari="307,10.7,362,46.2,224,-17.6,107,-39.3" /></mjloggm>