<mjloggm ver="2.3"><GO type="225" lobby="0"/><UN n0="%E3%82%B2%E3%82%B9%E8%8C%82%E5%8B%9D" n1="%E3%83%AB%E3%83%9B%E3%83%B3%E3%83%87%E3%82%A3%E3%82%A8" n2="%72%61%6B%33" n3="%E3%81%8B%E3%82%8F%E3%81%A1%E3%82%83%E3%82%93%35%38" dan="16,17,16,16" rate="2130.36,2174.08,2042.30,2135.28" sx="F,M,M,M"/><TAIKYOKU oya="0"/><INIT seed="0,0,0,0,2,127" ten="250,250,250,250" oya="0" hai0="20,100,80,135,27,60,37,108,81,56,36,68,109" hai1="79,121,101,125,30,2,54,40,112,88,74,10,77" hai2="43,34,69,97,99,45,9,107,32,3,35,117,31" hai3="61,41,11,17,26,82,75,49,8,48,113,102,132"/><T19/><D68/><U123/><E54/><V122/><F122/><N who="1" m="46601" /><E40/><V22/><F117/><W21/><G113/><T44/><D100/><U1/><E10/><V24/><F69/><W65/><G132/><T29/><D29/><U73/><E30/><V89/><F89/><W0/><G102/><T28/><D28/><U116/><E1/><V15/><F107/><W93/><G93/><T6/><D6/><U23/><E23/><V92/><F92/><W71/><G41/><T118/><D118/><U131/><E2/><V83/><F83/><N who="0" m="31818" /><D44/><U130/><E101/><V67/><F67/><W14/><G8/><T52/><D135/><U72/><E116/><V59/><F59/><W111/><G0/><T39/><D36/><U55/><E55/><V38/><REACH who="2" step="1"/><F3/><REACH who="2" ten="250,250,240,250" step="2"/><W18/><G71/><T86/><D37/><U51/><E88/><V106/><F106/><W42/><G65/><T134/><D39/><U46/><E112/><V114/><F114/><W115/><G115/><T98/><D134/><U50/><E46/><V105/><F105/><W58/><G58/><T64/><D64/><U110/><E125/><V76/><F76/><N who="1" m="29257" /><E110/><V25/><F25/><W78/><G111/><N who="0" m="42571" /><D98/><U94/><E94/><V103/><F103/><W85/><G78/><T12/><D27/><U133/><E133/><V5/><AGARI ba="0,1" hai="5,9,15,22,24,31,32,34,35,38,43,45,97,99" machi="5" ten="30,2000,0" yaku="1,1,0,1,53,0" doraHai="127" doraHaiUra="53" who="2" fromWho="2" sc="250,-10,250,-5,240,30,250,-5" /><INIT seed="1,0,0,0,2,111" ten="240,245,270,245" oya="1" hai0="70,48,96,16,135,54,44,66,98,89,23,121,32" hai1="18,77,5,106,122,12,34,94,55,115,125,100,76" hai2="28,10,36,68,11,109,2,43,118,86,91,24,35" hai3="59,33,85,67,103,17,128,20,116,104,46,79,22"/><U42/><E106/><V124/><F118/><W84/><G33/><T62/><D135/><U61/><E34/><V81/><F109/><W78/><G104/><T117/><D121/><U123/><E122/><V3/><F68/><W69/><G69/><T50/><D117/><U1/><E1/><V74/><F124/><W30/><G103/><T75/><D32/><U110/><E123/><V112/><F112/><W101/><G101/><T38/><D38/><U126/><E5/><V14/><F74/><W71/><G71/><T83/><D48/><U21/><E42/><V80/><F80/><W120/><G46/><T134/><D134/><U6/><E6/><V113/><F113/><W13/><G128/><T87/><REACH who="0" step="1"/><D75/><REACH who="0" ten="230,245,270,245" step="2"/><U105/><E115/><V52/><F36/><W56/><G120/><T41/><D41/><U49/><E49/><V51/><F43/><W8/><G116/><T7/><D7/><U129/><E129/><V97/><F51/><W90/><G79/><T37/><D37/><U72/><E110/><V60/><F35/><W0/><G78/><T64/><D64/><U93/><E72/><V25/><F52/><W107/><G67/><T88/><D88/><U73/><E73/><V27/><F91/><W63/><G90/><T19/><D19/><U133/><E133/><V108/><F108/><W9/><G17/><T58/><D58/><N who="1" m="35039" /><E76/><V65/><F65/><W132/><G132/><T114/><D114/><U130/><E77/><V40/><F40/><W4/><G59/><T53/><D53/><U31/><E130/><V119/><F119/><W99/><G4/><RYUUKYOKU ba="0,1" sc="230,30,245,-10,270,-10,245,-10" hai0="16,23,44,50,54,62,66,70,83,87,89,96,98" /><INIT seed="2,1,1,3,4,133" ten="260,235,260,235" oya="2" hai0="52,108,130,97,113,55,33,94,50,123,135,1,117" hai1="125,29,28,115,59,82,47,24,122,99,68,57,61" hai2="41,127,62,46,79,102,88,3,120,103,20,37,96" hai3="126,18,19,80,67,104,86,43,74,17,91,124,66"/><V93/><F120/><W32/><G32/><T106/><RYUUKYOKU type="yao9" ba="1,1" sc="260,0,235,0,260,0,235,0" hai0="1,33,50,52,55,94,97,106,108,113,117,123,130,135" /><INIT seed="2,2,1,4,3,102" ten="260,235,260,235" oya="2" hai0="24,127,33,40,11,106,51,26,85,129,39,94,81" hai1="0,61,111,28,68,75,87,12,63,17,88,50,42" hai2="123,124,83,35,78,9,34,1,29,60,74,45,46" hai3="52,73,37,80,2,107,8,84,134,31,56,7,44"/><V114/><F114/><W91/><G134/><T112/><D112/><U130/><E0/><V128/><F123/><W125/><G125/><T101/><D39/><U27/><E75/><V30/><F124/><W57/><G31/><T97/><D127/><U95/><E68/><V10/><F128/><W115/><G115/><T133/><D129/><U53/><E42/><V66/><F1/><W89/><G107/><T113/><D113/><U92/><E92/><V13/><F30/><W121/><G121/><T32/><D133/><U93/><E93/><V109/><F10/><W122/><G122/><T98/><D11/><U5/><E5/><V64/><F64/><W16/><G73/><T43/><D32/><U135/><E111/><V105/><F105/><W22/><G89/><T19/><D33/><U55/><E55/><V120/><F109/><W69/><G69/><T99/><D97/><U110/><E110/><V126/><F120/><W25/><REACH who="3" step="1"/><G37/><REACH who="3" ten="260,235,260,225" step="2"/><T90/><D106/><U108/><E108/><V116/><F126/><W48/><AGARI ba="2,2" hai="2,7,8,16,22,25,44,48,52,56,57,80,84,91" machi="48" ten="30,8000,1" yaku="1,1,2,1,0,1,54,2,53,0" doraHai="102" doraHaiUra="67" who="3" fromWho="3" sc="260,-22,235,-22,260,-42,225,106" /><INIT seed="3,0,0,3,0,46" ten="238,213,218,331" oya="3" hai0="7,106,65,18,68,105,80,28,93,6,22,23,25" hai1="95,130,83,26,11,34,128,20,60,42,52,45,66" hai2="87,38,19,124,17,67,51,50,36,90,135,91,39" hai3="35,16,116,29,13,114,15,126,129,76,110,53,115"/><W133/><G76/><T99/><D80/><U32/><E11/><V4/><F67/><W121/><G53/><T81/><D81/><U109/><E109/><V113/><F113/><W21/><G110/><T120/><D120/><U30/><E83/><V33/><F33/><W3/><G121/><T127/><D127/><U48/><E42/><V56/><F124/><W78/><G78/><T100/><D6/><U102/><E32/><V8/><F135/><W132/><G126/><T2/><D7/><U134/><E34/><V24/><F56/><W125/><G125/><T47/><D2/><U1/><E1/><V73/><F73/><W58/><G58/><T5/><D5/><U107/><E107/><V89/><F87/><W84/><G84/><T117/><D47/><U54/><E54/><V86/><F86/><W101/><G3/><T31/><D117/><U111/><E111/><V12/><REACH who="2" step="1"/><F4/><REACH who="2" ten="238,213,208,331" step="2"/><W118/><G132/><T131/><D65/><U72/><E72/><V92/><F92/><W122/><G133/><T97/><D68/><U94/><E134/><V123/><F123/><W44/><G122/><T10/><D93/><U70/><E95/><V75/><F75/><W27/><G115/><T112/><D112/><U62/><E62/><V77/><F77/><W14/><G114/><T71/><D71/><U40/><E40/><V69/><F69/><W85/><G35/><T96/><D105/><U64/><E64/><V103/><F103/><W41/><G101/><T43/><D106/><U63/><E63/><V119/><F119/><W9/><G118/><T104/><D104/><RYUUKYOKU ba="0,1" sc="238,-15,213,15,208,15,331,-15" hai1="20,26,30,45,48,52,60,66,70,94,102,128,130" hai2="8,12,17,19,24,36,38,39,50,51,89,90,91" owari="223,-17.7,228,2.8,223,-27.7,326,42.6" /></mjloggm>