<mjloggm ver="2.3"><GO type="225" lobby="0"/><UN n0="%6D%75%75%6D%75%72%61" n1="%E3%82%82%E3%81%90%E3%82%89" n2="%E3%81%B7%E3%82%8A%E3%82%93%E8%81%96%E4%BA%BA" n3="%72%61%6B%33" dan="16,17,16,17" rate="2097.49,2146.45,2104.90,2246.25" sx="F,M,M,M"/><TAIKYOKU oya="0"/><INIT seed="0,0,0,1,3,53" ten="250,250,250,250" oya="0" hai0="127,80,91,84,110,5,83,36,56,131,122,124,18" hai1="27,37,15,75,96,21,102,60,88,51,135,19,66" hai2="57,64,125,90,116,2,112,46,81,47,117,34,73" hai3="82,39,8,79,114,65,92,105,74,100,50,54,93"/><T62/><D122/><U106/><E37/><V7/><F34/><W98/><G39/><T42/><D131/><U128/><E128/><V113/><F7/><W9/><G114/><T55/><D5/><U17/><E135/><V0/><F73/><W87/><G65/><T95/><D110/><U97/><E75/><V104/><F104/><W22/><G22/><T14/><D42/><U126/><E126/><N who="0" m="48169" /><D36/><U101/><E51/><V118/><F125/><W10/><REACH who="3" step="1"/><G74/><REACH who="3" ten="250,250,250,240" step="2"/><T129/><D129/><U89/><E66/><V31/><F112/><W23/><G23/><AGARI ba="0,1" hai="14,18,23,55,56,62,80,83,84,91,95" m="48169" machi="23" ten="30,2900,0" yaku="18,1,52,1" doraHai="53" who="0" fromWho="3" sc="250,39,250,0,250,0,240,-29" /><INIT seed="0,1,0,0,3,133" ten="289,250,250,211" oya="0" hai0="108,109,85,92,86,114,97,11,120,51,132,115,6" hai1="90,87,121,119,89,38,123,32,99,118,82,101,83" hai2="96,13,2,126,130,0,44,53,70,49,67,73,46" hai3="30,18,103,25,15,16,93,76,7,117,128,84,3"/><T54/><D120/><N who="1" m="46155" /><E38/><V81/><F130/><W95/><G128/><T27/><D132/><U23/><E23/><V14/><F70/><W94/><G117/><N who="1" m="44554" /><E32/><V106/><F67/><W59/><G3/><T122/><D27/><U131/><E131/><V35/><F35/><W37/><G37/><T134/><D134/><U29/><E29/><V113/><F113/><W69/><G69/><T104/><D122/><U52/><E52/><V40/><F0/><W78/><G103/><N who="0" m="62575" /><D11/><U21/><E21/><V33/><F33/><W98/><G98/><T31/><D31/><U60/><E60/><V71/><F96/><W74/><G74/><T105/><D6/><U24/><E24/><V63/><F73/><W10/><G59/><T135/><D54/><U57/><E57/><V124/><F63/><W77/><REACH who="3" step="1"/><G84/><REACH who="3" ten="289,250,250,201" step="2"/><T9/><D85/><N who="1" m="50359" /><E99/><V22/><F2/><W4/><G4/><T100/><D135/><U39/><E39/><V125/><F71/><W42/><G42/><T19/><D115/><U43/><E43/><V28/><F40/><W72/><G72/><T110/><D114/><U34/><E34/><AGARI ba="1,1" hai="7,10,15,16,18,25,30,34,76,77,78,93,94,95" machi="34" ten="40,2600,0" yaku="1,1,54,1,53,0" doraHai="133" doraHaiUra="68" who="3" fromWho="1" sc="289,0,250,-29,250,0,201,39" /><INIT seed="1,0,0,4,1,45" ten="289,221,250,240" oya="1" hai0="33,27,47,29,6,91,58,15,52,59,118,115,1" hai1="64,65,85,31,84,77,74,86,50,4,44,101,66" hai2="23,87,88,104,112,49,70,60,80,81,75,110,72" hai3="32,53,102,67,76,30,103,129,71,7,43,35,42"/><U125/><E125/><V17/><F104/><W69/><G7/><T126/><D115/><U135/><E135/><V121/><F121/><W46/><G76/><T63/><D118/><U21/><E101/><V97/><F97/><W116/><G53/><T22/><D126/><U79/><E4/><V36/><F36/><W73/><G73/><T114/><D114/><U92/><E92/><V123/><F123/><W109/><G46/><T117/><D117/><U24/><REACH who="1" step="1"/><E74/><REACH who="1" ten="289,211,250,240" step="2"/><V111/><F112/><W124/><G124/><T2/><D6/><U41/><AGARI ba="0,1" hai="21,24,31,41,44,50,64,65,66,77,79,84,85,86" machi="41" ten="30,12000,1" yaku="1,1,2,1,0,1,8,1,52,1,53,0" doraHai="45" doraHaiUra="68" who="1" fromWho="1" sc="289,-40,211,130,250,-40,240,-40" /><INIT seed="1,1,0,0,5,14" ten="249,341,210,200" oya="1" hai0="70,53,26,20,61,126,98,59,50,102,100,48,32" hai1="73,86,122,96,39,7,91,3,119,124,33,82,5" hai2="79,27,29,113,75,56,28,21,22,129,62,66,108" hai3="54,135,49,57,69,51,92,1,103,47,132,37,133"/><U12/><E122/><V99/><F108/><W94/><G1/><T18/><D126/><U13/><E119/><V97/><F113/><W106/><G69/><T9/><D70/><U107/><E33/><V31/><F129/><W45/><G37/><T116/><D116/><U112/><E112/><V90/><F75/><W111/><G111/><T0/><D32/><U95/><E39/><V55/><F79/><W15/><G57/><T77/><D77/><U65/><E124/><V2/><F2/><W25/><G25/><T88/><D0/><U115/><E115/><V40/><F40/><W118/><G118/><T4/><D4/><U110/><E110/><V80/><F21/><W84/><G84/><T123/><D9/><U127/><E127/><V83/><F97/><N who="3" m="61807" /><G15/><T81/><D123/><U17/><E3/><V87/><F99/><W60/><G60/><T117/><D117/><U128/><E107/><V130/><F130/><W34/><G34/><T8/><D8/><U35/><E35/><V63/><F80/><W121/><G121/><T23/><D23/><U134/><E73/><V109/><F109/><W104/><G104/><T38/><D38/><U120/><E120/><V11/><F11/><W71/><G71/><AGARI ba="1,0" hai="22,27,28,29,31,55,56,62,63,66,71,83,87,90" machi="71" ten="30,1000,0" yaku="7,1" doraHai="14" who="2" fromWho="3" sc="249,0,341,0,210,13,200,-13" /><INIT seed="2,0,0,2,5,60" ten="249,341,223,187" oya="2" hai0="32,81,7,125,120,6,127,114,57,34,113,61,27" hai1="106,23,46,18,83,22,42,101,65,133,88,67,44" hai2="109,8,47,31,96,82,4,86,134,75,26,129,87" hai3="91,55,66,53,43,20,58,62,12,111,54,29,98"/><V108/><F129/><W94/><G111/><N who="2" m="42569" /><F134/><W104/><G104/><T70/><D70/><U123/><E133/><V118/><F118/><W71/><G43/><T76/><D120/><U14/><E123/><V0/><F96/><W99/><G71/><T3/><D81/><U24/><E106/><V116/><F116/><W135/><G135/><T38/><D38/><U49/><E101/><V51/><F82/><W52/><N who="3" m="13312" /><DORA hai="64" /><W41/><G41/><T2/><D76/><U112/><E46/><V5/><F5/><N who="0" m="1546" /><D57/><U107/><E107/><V63/><F75/><W95/><G12/><T131/><D61/><U78/><E112/><N who="0" m="43113" /><D131/><U128/><E128/><V117/><F117/><W28/><REACH who="3" step="1"/><G20/><REACH who="3" ten="249,341,223,177" step="2"/><T48/><D48/><U45/><E45/><V25/><F63/><W36/><G36/><T124/><D27/><N who="2" m="10250" /><F31/><W97/><G97/><T93/><D93/><U56/><E42/><AGARI ba="0,1" hai="0,4,8,42,47,51,86,87" m="10250,42569" machi="42" ten="30,2900,0" yaku="14,1,10,1" doraHai="60,64" who="2" fromWho="1" sc="249,0,341,-29,223,39,177,0" /><INIT seed="2,1,0,5,4,51" ten="249,312,262,177" oya="2" hai0="12,129,32,71,48,23,46,97,78,90,77,36,112" hai1="45,40,85,79,102,103,92,6,65,114,69,121,33" hai2="62,19,20,35,100,80,27,63,125,84,107,81,0" hai3="60,122,70,86,28,74,105,26,31,18,131,135,34"/><V64/><F0/><W108/><G122/><T83/><D32/><U44/><E114/><V42/><F42/><W101/><G86/><N who="0" m="50527" /><D36/><U8/><E121/><V16/><F35/><W30/><G108/><T57/><D71/><U38/><E33/><V56/><F107/><W50/><G131/><T68/><D68/><U13/><E45/><V87/><F100/><W72/><G135/><T17/><D112/><U3/><E65/><V89/><F63/><W58/><G72/><T10/><D129/><U118/><E69/><V124/><REACH who="2" step="1"/><F19/><REACH who="2" ten="249,312,252,177" step="2"/><W49/><G18/><T96/><D17/><U9/><E118/><V110/><F110/><W66/><G30/><T116/><D116/><U59/><E103/><V76/><AGARI ba="1,1" hai="16,20,27,56,62,64,76,80,81,84,87,89,124,125" machi="76" ten="30,6000,0" yaku="1,1,0,1,54,1,53,0" doraHai="51" doraHaiUra="127" who="2" fromWho="2" sc="249,-21,312,-21,252,73,177,-21" /><INIT seed="2,2,0,3,3,24" ten="228,291,325,156" oya="2" hai0="10,88,87,91,38,98,106,124,66,118,39,52,12" hai1="125,57,33,89,110,46,71,132,21,105,47,20,69" hai2="35,50,95,96,68,0,44,9,28,94,29,122,126" hai3="36,115,65,78,42,85,58,76,55,101,108,5,41"/><V117/><F122/><W3/><G108/><T135/><D66/><U1/><E110/><V73/><F73/><W53/><G115/><T30/><D124/><U83/><E105/><V97/><F68/><W49/><G101/><T77/><D135/><U43/><E33/><V64/><F64/><W48/><G65/><T61/><D118/><U6/><E125/><V93/><F35/><W22/><G36/><T114/><D114/><U23/><E132/><V54/><F126/><W84/><G3/><T63/><D63/><U112/><E112/><V133/><F133/><W19/><G5/><T80/><D106/><U40/><E57/><V56/><F0/><W103/><G103/><T16/><D30/><N who="2" m="11882" /><F9/><W74/><G74/><T123/><D123/><U131/><E71/><V4/><F4/><W27/><G78/><T134/><D134/><U17/><E6/><V2/><F2/><W60/><G76/><T86/><D77/><U51/><E69/><V37/><F37/><W25/><G25/><T109/><D109/><U127/><E1/><V128/><F128/><W79/><G79/><T14/><D14/><N who="1" m="9271" /><E131/><V62/><F117/><W31/><G19/><T113/><D113/><U59/><E127/><V13/><F13/><W90/><G85/><T18/><D18/><U129/><E129/><V102/><F102/><W32/><G32/><T104/><D104/><U100/><E100/><V107/><F107/><W120/><G120/><T92/><REACH who="0" step="1"/><D86/><REACH who="0" ten="218,291,325,156" step="2"/><N who="1" m="50399" /><E59/><AGARI ba="2,1" hai="10,12,16,38,39,52,59,61,80,87,88,91,92,98" machi="59" ten="40,12000,2" yaku="1,1,54,3,53,2" doraHai="24" doraHaiUra="70" who="0" fromWho="1" sc="218,136,291,-126,325,0,156,0" /><INIT seed="3,0,0,5,0,48" ten="354,165,325,156" oya="3" hai0="134,4,37,18,3,47,20,81,41,34,122,60,97" hai1="73,63,65,55,1,96,94,23,36,2,22,103,53" hai2="56,91,77,92,128,17,123,130,67,127,64,13,129" hai3="5,85,24,82,30,38,69,7,21,12,72,16,104"/><W40/><G69/><T8/><D122/><U49/><E73/><V27/><F123/><W15/><G104/><T31/><D134/><U95/><E36/><V89/><F77/><W75/><G38/><T106/><D81/><U105/><E2/><V133/><F133/><W62/><G40/><T80/><D80/><U25/><E1/><V117/><F117/><W132/><G132/><T46/><D46/><U111/><E111/><V11/><F89/><W124/><G124/><T71/><D34/><U114/><E114/><V52/><F27/><W19/><G62/><T84/><D84/><U125/><E125/><V108/><F108/><W98/><G98/><T87/><D87/><U135/><E135/><V66/><F127/><W59/><G59/><T26/><D97/><N who="1" m="59831" /><E105/><V120/><F120/><W131/><G131/><T86/><D106/><U33/><E33/><V126/><F126/><W45/><G45/><T79/><D86/><U14/><E14/><N who="3" m="5162" /><G75/><T115/><D79/><U43/><E43/><V76/><F76/><N who="3" m="46279" /><G72/><T29/><D115/><U101/><E49/><N who="2" m="30735" /><F67/><W68/><G68/><T112/><D112/><U109/><E109/><V61/><F61/><W0/><G0/><T6/><D6/><AGARI ba="0,0" hai="5,6,7,16,19,21,24,30" m="46279,5162" machi="6" ten="30,2900,0" yaku="8,1,54,1" doraHai="48" who="3" fromWho="0" sc="354,-29,165,0,325,0,156,29" /><INIT seed="3,1,0,1,5,33" ten="325,165,325,185" oya="3" hai0="7,0,118,40,41,120,62,102,18,66,79,99,32" hai1="11,24,39,50,49,127,45,36,106,82,9,93,19" hai2="38,121,37,30,56,65,128,6,43,8,60,112,114" hai3="85,78,57,27,113,25,5,98,73,53,4,100,71"/><W81/><G71/><T51/><D118/><U70/><E106/><V97/><F30/><W48/><G113/><T44/><D120/><U55/><E127/><V94/><F121/><W134/><G134/><T80/><D32/><U35/><E70/><V111/><F128/><W29/><G73/><T68/><D18/><U131/><E131/><V63/><F111/><W107/><REACH who="3" step="1"/><G27/><REACH who="3" ten="325,165,325,175" step="2"/><T135/><D135/><U58/><E82/><V123/><F123/><W119/><G119/><T13/><D68/><U64/><E93/><V95/><F95/><W21/><AGARI ba="1,1" hai="4,5,21,25,29,48,53,57,78,81,85,98,100,107" machi="21" ten="20,3900,0" yaku="1,1,0,1,7,1,53,0" doraHai="33" doraHaiUra="124" who="3" fromWho="3" sc="325,-14,165,-14,325,-14,175,52" /><INIT seed="3,2,0,0,0,65" ten="311,151,311,227" oya="3" hai0="79,75,25,73,130,119,91,18,127,3,105,24,104" hai1="98,81,103,40,37,8,41,116,21,60,117,134,72" hai2="74,39,135,54,107,97,132,86,64,125,131,15,99" hai3="57,38,120,43,48,67,71,53,32,89,128,61,45"/><W88/><G120/><T95/><D119/><U129/><E129/><V87/><F74/><W42/><G128/><T68/><D130/><U14/><E134/><N who="2" m="51243" /><F39/><W84/><G32/><T126/><D3/><U124/><E124/><N who="0" m="47657" /><D68/><U55/><E21/><V121/><F131/><W51/><G84/><N who="2" m="32297" /><F64/><W22/><G22/><N who="0" m="13399" /><D25/><U93/><E60/><V20/><F125/><W5/><G5/><T12/><D12/><U94/><E55/><V90/><F107/><N who="0" m="41034" /><D79/><U31/><E31/><V59/><F90/><W62/><G62/><T109/><D109/><U56/><E56/><V102/><F102/><W16/><G16/><T96/><AGARI ba="2,0" hai="73,75,91,95,96" m="41034,13399,47657" machi="96" ten="30,1100,0" yaku="18,1" doraHai="65" who="0" fromWho="0" sc="311,17,151,-5,311,-5,227,-7" owari="328,42.8,146,-35.4,306,10.6,220,-18.0" /></mjloggm>