<mjloggm ver="2.3"><GO type="225" lobby="0"/><UN n0="%E7%AD%89%E3%80%85%E5%8A%9B%E5%8A%87%E5%A0%B4" n1="%E3%81%A9%E3%82%93%E3%82%88%E3%81%8F%4D%6B%2E%32" n2="%28%EF%BF%A3%E2%96%BD%EF%BF%A3%29%CE%B4%E2%8C%92%E3%83%BB" n3="%E3%81%B2%E3%81%AA%E3%81%AE%E3%82%8A%E3%81%8F" dan="16,16,16,17" rate="2175.25,2172.28,2143.42,2200.56" sx="M,M,M,M"/><TAIKYOKU oya="0"/><INIT seed="0,0,0,5,5,1" ten="250,250,250,250" oya="0" hai0="90,15,31,100,99,26,16,35,3,120,117,85,22" hai1="53,62,112,91,123,89,111,110,56,92,40,49,109" hai2="102,119,61,65,45,135,82,94,25,66,68,114,101" hai3="27,118,58,64,122,104,57,55,71,80,113,12,5"/><T84/><D117/><U79/><E123/><V88/><F119/><W51/><G113/><T130/><D120/><U41/><E112/><V133/><F114/><W32/><G104/><T95/><D130/><U38/><E79/><V44/><F82/><W126/><G122/><T106/><REACH who="0" step="1"/><D3/><REACH who="0" ten="240,250,250,250" step="2"/><U9/><E38/><V28/><F133/><W60/><G118/><T0/><D0/><U11/><E91/><V97/><F135/><W115/><G115/><T73/><D73/><U48/><E40/><V134/><F134/><W69/><G126/><T96/><AGARI ba="0,1" hai="15,16,22,26,31,35,84,85,90,95,96,99,100,106" machi="96" ten="20,12000,1" yaku="1,1,0,1,7,1,54,1,53,1" doraHai="1" doraHaiUra="10" who="0" fromWho="0" sc="240,130,250,-40,250,-40,250,-40" /><INIT seed="0,1,0,1,5,113" ten="370,210,210,210" oya="0" hai0="73,27,102,4,23,129,106,55,87,111,2,127,6" hai1="84,35,69,14,39,18,97,37,104,13,66,24,130" hai2="88,60,119,82,56,134,46,53,76,19,45,49,85" hai3="79,10,63,123,17,125,108,34,3,20,128,21,103"/><T44/><D73/><U52/><E130/><V48/><F134/><W83/><G34/><T122/><D122/><U26/><E84/><V131/><F131/><W112/><G112/><T74/><D74/><U28/><E24/><V94/><F119/><W51/><G103/><T41/><D129/><U72/><E72/><V22/><F49/><W50/><G125/><T135/><D135/><U64/><E13/><N who="2" m="9583" /><F60/><W31/><G108/><T105/><D127/><U47/><E39/><V121/><F121/><W32/><G32/><T124/><D124/><U61/><E66/><V30/><F30/><W96/><G63/><T80/><D111/><U86/><E86/><AGARI ba="1,0" hai="45,46,48,53,56,76,82,85,86,88,94" m="9583" machi="86" ten="30,3900,0" yaku="25,1,8,1,54,1" doraHai="113" who="2" fromWho="1" sc="370,0,210,-42,210,42,210,0" /><INIT seed="1,0,0,5,1,110" ten="370,168,252,210" oya="1" hai0="35,89,14,9,84,22,24,101,28,65,90,118,57" hai1="30,77,61,4,70,107,26,82,129,15,51,135,41" hai2="60,111,29,86,88,79,16,34,68,6,121,8,105" hai3="49,50,92,10,106,116,98,5,18,21,63,130,133"/><U119/><E119/><V122/><F105/><W1/><G116/><T112/><D118/><U47/><E129/><V48/><F79/><W76/><G130/><T85/><D101/><U128/><E128/><V113/><F111/><W37/><G37/><T87/><D35/><U19/><E107/><V64/><F113/><W11/><G106/><T124/><D124/><U104/><E104/><V36/><F36/><W91/><G133/><T59/><D112/><U25/><E4/><V97/><F97/><W72/><G11/><T102/><D102/><U45/><E135/><V94/><F48/><W81/><REACH who="3" step="1"/><G63/><REACH who="3" ten="370,168,252,200" step="2"/><T66/><D9/><U33/><E61/><V7/><F60/><W2/><G2/><T123/><D123/><U31/><E70/><V109/><F122/><W132/><G132/><T99/><D66/><U71/><E71/><V40/><F64/><W23/><G23/><T43/><D22/><U42/><E33/><V131/><F34/><W67/><G67/><T117/><D65/><U58/><E31/><V100/><F29/><W120/><G120/><T3/><D3/><U12/><E30/><V93/><F68/><W114/><G114/><T127/><D117/><U0/><E0/><V27/><F121/><W17/><G17/><T38/><D38/><N who="1" m="21687" /><E19/><V52/><F16/><W62/><G62/><T96/><D28/><U46/><E46/><V54/><F131/><W134/><G134/><T13/><D59/><U32/><E58/><V44/><F44/><W56/><G56/><T115/><D57/><U74/><E32/><V125/><F8/><W78/><G78/><RYUUKYOKU ba="0,1" sc="370,-15,168,15,252,-15,200,15" hai1="12,15,25,26,42,47,51,74,77,82" hai3="1,5,10,18,21,49,50,72,76,81,91,92,98" /><INIT seed="1,1,1,4,2,43" ten="355,183,237,215" oya="1" hai0="7,80,33,85,107,32,56,19,30,69,36,54,132" hai1="14,3,84,96,2,41,108,40,103,92,109,28,61" hai2="25,63,21,35,9,48,51,95,39,88,37,117,127" hai3="0,10,29,58,11,83,116,128,55,71,115,125,5"/><U24/><E14/><V102/><F35/><W101/><G115/><T1/><D69/><U131/><E131/><V6/><F117/><W104/><G116/><T105/><D132/><U98/><E84/><V120/><F127/><W135/><G71/><T18/><D36/><U50/><E61/><V118/><F118/><W47/><G125/><T15/><D33/><U110/><E96/><V94/><F39/><W129/><G29/><T8/><D19/><U75/><E75/><V65/><F37/><W64/><G64/><T66/><D66/><U76/><E76/><V57/><F95/><W22/><G22/><T90/><D30/><U67/><E67/><V26/><F102/><W52/><G104/><T134/><D32/><U91/><E103/><V82/><F82/><W89/><G101/><T73/><D73/><U38/><E38/><V12/><F120/><W87/><G11/><T34/><D34/><N who="1" m="20743" /><E41/><V62/><F62/><W17/><G17/><T59/><D134/><U44/><AGARI ba="1,1" hai="2,3,40,44,50,91,92,98,108,109,110" m="20743" machi="44" ten="40,7800,0" yaku="14,1,10,1,52,1" doraHai="43" who="1" fromWho="1" sc="355,-27,183,91,237,-27,215,-27" /><INIT seed="1,2,0,5,3,52" ten="328,274,210,188" oya="1" hai0="38,92,11,93,76,33,83,89,105,4,108,94,66" hai1="67,74,56,64,98,82,79,81,15,106,29,61,46" hai2="128,87,101,127,122,31,59,71,57,60,21,117,48" hai3="134,120,42,118,41,86,99,39,69,119,23,63,131"/><U25/><E15/><V5/><F122/><W50/><G120/><T96/><D33/><U7/><E7/><V72/><F72/><W109/><G39/><T45/><D108/><U126/><E126/><V30/><F117/><W8/><G109/><T73/><D105/><U27/><E67/><N who="2" m="39311" /><F71/><W111/><G111/><T2/><D66/><U6/><E6/><V1/><F1/><W75/><G75/><T36/><D36/><U10/><E10/><V77/><F5/><W90/><G69/><T121/><D121/><U107/><E82/><N who="2" m="47567" /><F128/><W34/><G34/><T124/><D124/><U54/><E98/><V113/><F127/><W22/><G131/><T88/><REACH who="0" step="1"/><D96/><REACH who="0" ten="318,274,210,188" step="2"/><U78/><E107/><V85/><F113/><W43/><G99/><T68/><D68/><U102/><E106/><V116/><F116/><W19/><G118/><T104/><D104/><U135/><E64/><V65/><F65/><W47/><G119/><T100/><D100/><U37/><E102/><V18/><F101/><W133/><G133/><T132/><D132/><U49/><E135/><V24/><F85/><W14/><G134/><T114/><D114/><U110/><E110/><V58/><F48/><W12/><G63/><T17/><D17/><U40/><E37/><V70/><F70/><W91/><G50/><T62/><D62/><U129/><E129/><V84/><F84/><W97/><G97/><T55/><D55/><U80/><E29/><AGARI ba="2,1" hai="18,21,24,29,30,31,58,59" m="47567,39311" machi="29" ten="30,7700,0" yaku="8,1,52,3" doraHai="52" who="2" fromWho="1" sc="318,0,274,-83,210,93,188,0" /><INIT seed="2,0,0,1,0,25" ten="318,191,303,188" oya="2" hai0="99,91,36,129,24,105,9,57,54,98,26,61,0" hai1="80,27,77,43,81,45,74,51,15,82,20,33,130" hai2="108,119,11,68,53,107,90,94,21,3,63,28,2" hai3="14,60,59,30,39,135,6,113,73,104,56,12,64"/><V67/><F107/><W78/><G104/><T97/><D36/><U86/><E130/><V72/><F72/><W48/><G39/><T92/><D129/><U134/><E134/><V40/><F40/><W55/><G135/><T128/><D128/><U46/><E33/><V110/><F119/><W16/><G113/><T89/><D98/><U115/><E115/><V32/><F32/><W101/><G101/><T34/><D105/><U131/><E131/><V58/><F11/><W93/><G93/><T103/><D103/><U66/><E66/><V31/><F21/><W17/><G30/><N who="2" m="11305" /><F94/><W84/><G73/><T112/><D112/><U8/><E74/><V5/><F90/><W23/><G6/><T83/><D34/><U10/><E46/><V123/><F5/><W49/><G49/><T35/><D35/><U62/><E8/><V88/><F88/><W100/><G100/><T124/><D89/><U22/><E22/><V96/><F96/><W42/><G42/><T7/><D99/><U70/><E70/><V29/><N who="2" m="11313" /><V106/><DORA hai="50" /><F106/><W52/><G84/><T41/><D41/><U111/><E20/><V18/><F18/><W127/><G78/><T126/><D83/><U125/><E82/><V133/><F133/><W75/><G75/><T19/><D19/><U117/><E81/><V13/><F123/><W95/><G95/><T69/><D69/><U4/><E86/><V44/><F44/><W121/><G121/><T109/><D92/><U85/><E80/><V47/><F47/><W120/><G120/><T37/><D97/><U1/><E77/><RYUUKYOKU ba="0,0" sc="318,0,191,0,303,0,188,0" /><INIT seed="3,1,0,5,2,55" ten="318,191,303,188" oya="3" hai0="28,69,2,14,133,72,42,1,10,66,63,125,39" hai1="91,68,104,22,46,77,97,114,123,11,82,44,101" hai2="61,18,31,8,52,126,15,34,29,113,84,127,35" hai3="99,94,132,81,60,47,67,56,95,50,75,90,70"/><W17/><G132/><T129/><D72/><U96/><E123/><V88/><F113/><W3/><G3/><T106/><D106/><U98/><E68/><V7/><F18/><W0/><G0/><T120/><D120/><U4/><E114/><V19/><F19/><W49/><G95/><T38/><D129/><U12/><E91/><V89/><F52/><W6/><G6/><T21/><D125/><N who="2" m="47626" /><F61/><W58/><G17/><T20/><D133/><U79/><E44/><V109/><F89/><W74/><G50/><T87/><D1/><U78/><E46/><V128/><F109/><W116/><G116/><T100/><D2/><U71/><E4/><V51/><F51/><W92/><G92/><T118/><D118/><U23/><E104/><V43/><F43/><W80/><G75/><T27/><D21/><U9/><E23/><V108/><F108/><W93/><G93/><T117/><D117/><U24/><E22/><V48/><F48/><W37/><G37/><T103/><D87/><U57/><E9/><V130/><F128/><W16/><G16/><T13/><D39/><U25/><E11/><V110/><F110/><W62/><G74/><T131/><D131/><U41/><E41/><V59/><F130/><W112/><G112/><T107/><D10/><U115/><E115/><V54/><F35/><W73/><G73/><T65/><D38/><U135/><E135/><V119/><F34/><W121/><G121/><T26/><D42/><U122/><E122/><V85/><F119/><W30/><G30/><N who="2" m="11273" /><F88/><W64/><G70/><T105/><D69/><U102/><E71/><RYUUKYOKU ba="1,0" sc="318,-15,191,-15,303,15,188,15" hai2="7,8,15,54,59,84,85" hai3="47,49,56,58,60,62,64,67,80,81,90,94,99" /><INIT seed="3,2,0,3,3,7" ten="303,176,318,203" oya="3" hai0="23,0,20,12,127,28,97,66,2,93,83,94,73" hai1="44,18,72,27,120,1,3,52,92,31,54,71,85" hai2="15,132,24,9,88,21,13,42,5,116,107,134,10" hai3="96,124,46,63,33,99,117,35,45,125,74,34,69"/><W133/><G117/><T130/><D130/><U22/><E72/><V110/><F107/><W59/><G74/><T39/><D39/><U78/><E71/><V109/><F42/><W11/><G69/><T126/><D66/><U62/><E120/><V79/><F88/><W101/><G133/><N who="2" m="51305" /><F79/><W60/><G11/><N who="2" m="4105" /><F5/><W105/><G99/><T16/><D73/><U106/><E106/><V37/><F37/><W30/><G30/><T87/><D28/><U129/><E129/><V36/><F36/><W135/><G135/><T104/><D104/><U123/><E123/><V41/><F41/><W49/><G49/><T70/><D70/><U75/><E75/><V118/><F13/><W64/><REACH who="3" step="1"/><G63/><REACH who="3" ten="303,176,318,193" step="2"/><T111/><D97/><U29/><E62/><V122/><F118/><W100/><G100/><T32/><D87/><U95/><E31/><V86/><F116/><W61/><G61/><T84/><D84/><U128/><E128/><V26/><F86/><W108/><G108/><T82/><D111/><U48/><E29/><V56/><F110/><W119/><G119/><T121/><D121/><U19/><E19/><V98/><F109/><W47/><AGARI ba="2,1" hai="33,34,35,45,46,47,59,60,64,96,101,105,124,125" machi="47" ten="40,12000,1" yaku="1,1,0,1,53,3" doraHai="7" doraHaiUra="43" who="3" fromWho="3" sc="303,-42,176,-42,318,-42,193,136" owari="261,-13.9,134,-36.6,276,7.6,329,42.9" /></mjloggm>