<mjloggm ver="2.3"><GO type="225" lobby="0"/><UN n0="%45%6C%79%73%69%75%6D" n1="%E3%81%8F%E3%81%BE%E3%81%96%E3%82%8F" n2="%E6%A1%9C%E8%8A%B1%E9%96%83%E3%80%85" n3="%4D%50%43%32%38%30%30" dan="18,16,17,16" rate="2167.05,2052.29,2262.13,2138.16" sx="F,M,M,M"/><TAIKYOKU oya="0"/><INIT seed="0,0,0,1,2,110" ten="250,250,250,250" oya="0" hai0="65,42,44,16,86,33,122,113,43,56,18,119,99" hai1="106,94,0,40,63,126,6,30,1,129,74,41,107" hai2="114,8,124,12,131,59,71,47,28,68,76,78,3" hai3="69,75,96,105,14,24,54,125,58,92,132,10,27"/><T34/><D119/><U62/><E74/><V50/><F3/><W84/><G75/><T29/><D122/><U46/><E30/><V53/><F124/><W37/><G69/><T85/><D99/><U48/><E94/><V11/><F131/><W60/><G37/><T15/><D56/><U23/><E23/><V38/><F28/><W61/><G125/><T7/><D7/><U72/><E72/><V90/><F8/><W52/><G105/><T25/><D65/><U91/><E126/><V31/><F31/><W135/><G84/><T101/><D101/><U120/><E91/><V127/><F114/><W103/><G61/><T22/><D113/><U13/><E13/><V104/><F104/><W115/><G115/><T116/><D116/><U121/><E6/><V117/><F90/><W5/><G5/><T97/><BYE who="3" /><D97/><U36/><E48/><V39/><F39/><W102/><G102/><T81/><D85/><U80/><E36/><V108/><F108/><UN n3="%4D%50%43%32%38%30%30" /><W118/><G118/><T51/><D42/><U55/><E46/><V73/><F117/><W130/><G130/><T17/><REACH who="0" step="1"/><D33/><REACH who="0" ten="240,250,250,250" step="2"/><U100/><E129/><V66/><F127/><W70/><G70/><T109/><D109/><U77/><E100/><V2/><F73/><W4/><G54/><T134/><D134/><AGARI ba="0,1" hai="4,10,14,24,27,52,58,60,92,96,103,132,134,135" machi="134" ten="40,2600,0" yaku="20,1,54,1" doraHai="110" who="3" fromWho="0" sc="240,-26,250,0,250,0,250,36" /><INIT seed="1,0,0,1,2,133" ten="214,250,250,286" oya="1" hai0="123,26,104,74,85,10,13,117,134,106,61,108,30" hai1="53,59,88,83,107,5,124,52,114,112,95,11,71" hai2="3,51,64,92,24,27,2,90,105,40,34,43,113" hai3="129,101,65,84,80,9,41,98,20,72,35,135,109"/><U38/><E107/><V8/><F105/><W82/><G35/><T120/><D74/><U91/><E71/><V21/><F113/><W4/><G65/><T58/><D117/><U68/><E68/><V42/><F64/><W39/><G135/><T49/><D134/><U96/><E38/><V55/><F34/><W115/><G115/><T73/><D73/><U126/><E112/><V75/><F75/><W56/><G56/><T132/><D49/><U86/><E114/><V111/><F111/><W125/><G20/><N who="0" m="15687" /><D85/><U99/><E99/><V48/><F48/><W45/><G82/><T0/><D0/><U29/><E29/><V77/><F77/><N who="3" m="44071" /><G129/><T130/><D108/><U16/><E16/><V46/><F8/><W122/><G84/><T44/><D44/><U78/><E78/><V17/><F27/><W12/><G12/><T14/><D14/><U23/><E23/><V131/><F131/><W102/><G122/><N who="0" m="46635" /><D132/><U50/><REACH who="1" step="1"/><E53/><REACH who="1" ten="214,240,250,286" step="2"/><V79/><F79/><W18/><G39/><T60/><D130/><U7/><E7/><V94/><F55/><W31/><G4/><N who="0" m="3271" /><D61/><U100/><E100/><V121/><F121/><W103/><G102/><T1/><D1/><AGARI ba="0,1" hai="1,5,11,50,52,59,83,86,88,91,95,96,124,126" machi="1" ten="40,12000,1" yaku="1,1,52,2,54,2,53,0" doraHai="133" doraHaiUra="22" who="1" fromWho="0" sc="214,-120,240,130,250,0,286,0" /><INIT seed="1,1,0,4,5,51" ten="94,370,250,286" oya="1" hai0="61,129,127,76,59,54,39,58,29,110,56,16,10" hai1="101,52,132,114,102,15,22,109,128,42,100,8,43" hai2="63,73,49,74,21,11,88,60,120,117,44,133,53" hai3="96,46,95,50,80,9,130,98,70,122,0,111,90"/><U125/><E114/><V7/><F117/><W103/><G122/><T23/><D39/><U66/><E125/><V34/><F120/><W126/><G126/><T68/><D127/><U55/><E128/><V135/><F34/><W134/><G130/><T2/><D129/><U77/><E132/><N who="2" m="50763" /><F21/><W85/><G134/><T124/><D124/><U115/><E115/><V62/><F88/><W41/><G70/><T48/><D110/><U6/><E109/><V89/><F89/><W84/><G111/><T81/><D29/><U71/><E77/><V123/><F123/><W14/><G0/><AGARI ba="1,0" hai="0,7,11,44,49,53,60,62,63,73,74" m="50763" machi="0" ten="30,2000,0" yaku="20,1,52,1" doraHai="51" who="2" fromWho="3" sc="94,0,370,0,250,23,286,-23" /><INIT seed="2,0,0,3,3,20" ten="94,370,273,263" oya="2" hai0="110,49,32,1,14,92,16,26,116,17,96,51,123" hai1="115,24,35,109,122,91,19,70,104,132,67,66,62" hai2="111,73,44,52,90,121,7,82,78,4,119,130,94" hai3="8,31,43,48,125,50,108,87,127,103,131,99,41"/><V39/><F119/><W105/><G108/><T10/><D123/><U56/><E115/><V12/><F121/><W79/><G131/><T83/><D110/><U117/><E122/><V13/><F111/><W74/><G74/><T84/><D116/><U46/><E109/><V57/><F130/><W2/><G31/><T69/><D69/><U60/><E117/><V47/><F12/><W102/><G102/><T93/><D1/><U88/><E104/><V42/><F47/><W64/><G64/><T113/><D113/><U71/><E132/><V45/><F45/><W107/><G107/><T33/><D33/><U34/><E56/><V59/><F59/><W38/><G2/><T0/><D0/><U80/><E46/><V53/><F13/><W37/><G8/><T9/><D9/><U68/><E68/><V11/><F11/><W134/><G134/><T86/><D93/><U3/><E3/><V76/><F76/><W55/><G43/><T36/><D36/><N who="3" m="13929" /><G55/><T63/><D63/><U21/><E80/><V23/><F23/><W112/><G112/><T65/><D65/><U25/><E35/><V85/><REACH who="2" step="1"/><F53/><REACH who="2" ten="94,370,263,263" step="2"/><W120/><G120/><T95/><D32/><U15/><E15/><V128/><F128/><W5/><G41/><T29/><D29/><AGARI ba="0,1" hai="19,21,24,25,29,34,60,62,66,67,70,71,88,91" machi="29" ten="40,8000,1" yaku="9,1,52,2,54,1" doraHai="20" who="1" fromWho="0" sc="94,-80,370,90,263,0,263,0" /><INIT seed="3,0,0,0,5,49" ten="14,460,263,263" oya="3" hai0="88,86,97,3,70,96,87,66,69,12,100,92,39" hai1="67,8,95,34,133,0,65,75,25,10,5,135,41" hai2="61,27,57,59,114,113,23,110,28,80,63,76,45" hai3="36,1,104,74,115,24,51,35,56,112,60,44,18"/><W30/><G74/><T128/><D3/><U98/><E75/><V71/><F71/><W78/><G78/><T47/><D128/><U68/><E41/><V48/><F110/><W118/><G118/><T6/><D39/><U2/><E34/><V108/><F108/><W89/><G36/><T17/><D6/><N who="1" m="1095" /><E25/><V83/><F113/><W94/><G104/><T52/><D66/><U102/><E68/><V93/><F93/><W119/><G119/><T127/><D127/><U105/><E105/><V43/><F114/><W117/><G117/><T16/><D69/><U9/><E9/><V111/><F111/><W32/><G1/><T121/><D70/><U26/><E26/><V77/><F77/><W132/><G132/><AGARI ba="0,0" hai="2,5,10,65,67,95,98,102,132,133,135" m="1095" machi="132" ten="30,1000,0" yaku="20,1" doraHai="49" who="1" fromWho="3" sc="14,0,460,10,263,0,263,-10" owari="14,-48.6,470,57.0,263,6.3,253,-14.7" /></mjloggm>