<mjloggm ver="2.3"><GO type="225" lobby="0"/><UN n0="%E8%81%B7%E6%A5%AD%E3%80%81%E9%A2%A8%32" n1="%E9%80%9F%E6%B0%B4%E5%87%9B%E9%A6%99" n2="%43%68%65" n3="%E9%81%85%E5%88%BB%E3%81%AE%E3%83%97%E3%83%AA%E3%83%B3%E3%82%B9%E2%99%AA" dan="16,16,16,16" rate="2142.67,2051.32,2155.75,2174.18" sx="M,F,M,F"/><TAIKYOKU oya="0"/><INIT seed="0,0,0,3,0,85" ten="250,250,250,250" oya="0" hai0="56,105,3,110,70,1,31,90,100,15,39,114,95" hai1="16,91,103,12,36,82,37,38,113,79,119,27,89" hai2="97,65,78,118,42,80,26,41,33,20,128,46,52" hai3="25,47,7,102,35,101,55,112,48,120,4,21,64"/><T135/><D114/><U57/><E119/><V53/><F128/><W30/><G112/><T45/><D70/><U126/><E126/><V88/><F118/><W43/><G120/><T72/><D72/><U0/><E0/><V76/><F33/><W132/><G132/><T51/><D135/><U73/><E113/><V77/><F65/><W86/><G64/><T54/><D110/><U109/><E109/><V104/><F104/><W9/><G35/><T60/><D31/><U5/><E5/><N who="3" m="2122" /><G9/><T124/><D124/><U17/><E103/><N who="3" m="39434" /><G86/><T83/><D83/><U22/><REACH who="1" step="1"/><E57/><REACH who="1" ten="250,240,250,250" step="2"/><V61/><F80/><W14/><G14/><T93/><D105/><U2/><E2/><V23/><F61/><W130/><G130/><T18/><D1/><U34/><E34/><V106/><F106/><W11/><G11/><AGARI ba="0,1" hai="11,12,16,17,22,27,36,37,38,73,79,82,89,91" machi="11" ten="40,8000,1" yaku="1,1,52,2,54,1,53,0" doraHai="85" doraHaiUra="32" who="1" fromWho="3" sc="250,0,240,90,250,0,250,-80" /><INIT seed="1,0,0,3,3,94" ten="250,330,250,170" oya="1" hai0="75,43,124,126,56,21,57,111,115,97,125,67,36" hai1="122,120,29,128,62,86,40,33,35,19,10,106,77" hai2="1,9,90,64,5,0,99,31,112,82,84,109,50" hai3="63,23,131,11,118,87,95,89,34,54,123,25,42"/><U13/><E106/><V93/><F109/><W28/><G123/><N who="1" m="47146" /><E62/><V132/><F132/><W130/><G118/><T65/><D111/><U59/><E86/><V14/><F112/><W22/><G42/><T121/><D75/><U116/><E59/><N who="0" m="22601" /><D115/><U52/><E52/><V81/><F64/><N who="0" m="24650" /><D97/><U72/><E77/><V98/><F31/><W58/><REACH who="3" step="1"/><G11/><REACH who="3" ten="250,330,250,160" step="2"/><T24/><D121/><U135/><E40/><V105/><F9/><W61/><G61/><T68/><D43/><U26/><E116/><V70/><F50/><W110/><G110/><T71/><D36/><U47/><E10/><V53/><F70/><W113/><G113/><T30/><AGARI ba="0,1" hai="21,24,30,68,71,124,125,126" m="24650,22601" machi="30" ten="40,1500,0" yaku="18,1" doraHai="94" who="0" fromWho="0" sc="250,25,330,-7,250,-4,160,-4" /><INIT seed="2,0,0,4,3,13" ten="275,323,246,156" oya="2" hai0="85,117,31,44,49,35,8,88,77,80,51,90,55" hai1="98,42,120,107,40,124,4,54,48,10,0,112,121" hai2="92,106,74,36,34,75,25,102,99,62,6,115,5" hai3="114,113,59,103,134,133,128,131,83,93,125,9,7"/><V14/><F115/><N who="3" m="44043" /><G59/><T3/><D117/><U89/><E112/><V86/><F36/><W61/><G61/><T52/><D35/><U43/><E124/><V64/><F86/><W58/><G58/><T24/><D3/><U127/><E127/><V67/><F67/><W84/><G9/><T129/><D129/><N who="3" m="49737" /><G7/><T76/><D8/><U72/><E72/><N who="2" m="27691" /><F14/><W110/><G125/><T82/><D24/><U108/><E108/><V47/><F47/><W96/><G110/><T15/><D31/><U21/><E21/><V2/><F2/><W1/><G1/><T45/><D15/><U130/><E130/><V119/><F119/><W28/><G28/><T57/><D57/><U109/><E109/><V41/><F41/><W91/><AGARI ba="0,0" hai="83,84,91,93,96,103,133,134" m="49737,44043" machi="91" ten="40,8000,1" yaku="11,1,19,1,34,2" doraHai="13" who="3" fromWho="3" sc="275,-20,323,-20,246,-40,156,80" /><INIT seed="3,0,0,2,2,13" ten="255,303,206,236" oya="3" hai0="2,83,112,28,55,50,40,98,64,63,74,76,97" hai1="37,72,126,58,15,35,61,38,90,43,27,60,99" hai2="103,118,25,127,115,66,129,49,56,70,85,108,19" hai3="128,34,30,88,18,106,4,91,87,123,133,67,22"/><W104/><G123/><T14/><D2/><U57/><E72/><V135/><F115/><W119/><G119/><T94/><D112/><U48/><E126/><V29/><F118/><W39/><G39/><T45/><D28/><U68/><E68/><V33/><F127/><W96/><G4/><T46/><D94/><U12/><E27/><V23/><F108/><W9/><G9/><T42/><D14/><U75/><E75/><V69/><F135/><W11/><G11/><T95/><D95/><N who="1" m="56823" /><E35/><V131/><F103/><W73/><G73/><T6/><D6/><U132/><E37/><V101/><F101/><W52/><G133/><T121/><D121/><U53/><E38/><V71/><F85/><W1/><G1/><T105/><D105/><U100/><E100/><V86/><F86/><W8/><G8/><T44/><D44/><N who="1" m="25631" /><E132/><V111/><F111/><W0/><G0/><T32/><D32/><U16/><E16/><V17/><F49/><W31/><G34/><T120/><D120/><U79/><E79/><V54/><F54/><AGARI ba="0,0" hai="12,15,53,54,57,58,60,61" m="25631,56823" machi="54" ten="30,1000,0" yaku="8,1" doraHai="13" who="1" fromWho="2" sc="255,0,303,10,206,-10,236,0" owari="255,5.5,313,41.3,196,-30.4,236,-16.4" /></mjloggm>