<mjloggm ver="2.3"><GO type="225" lobby="0"/><UN n0="%65%6B%61%72%75%74%65" n1="%E5%AF%82%E5%AF%9E%E3%82%AE%E3%83%8D%E3%82%B9%E3%83%93%E3%83%BC%E3%83%AB" n2="%E3%81%91%E3%83%BC%E3%81%9E%E3%81%88" n3="%E3%83%B4%E3%83%A0%EF%BC%99%E3%81%A6" dan="16,16,16,17" rate="2138.71,2193.54,2188.84,2188.19" sx="M,M,F,M"/><TAIKYOKU oya="0"/><INIT seed="0,0,0,1,2,80" ten="250,250,250,250" oya="0" hai0="7,41,56,88,94,82,34,2,67,122,129,54,0" hai1="24,116,127,58,62,20,103,135,85,15,12,17,128" hai2="38,83,22,40,45,27,119,57,84,96,117,77,126" hai3="123,25,50,86,75,16,51,113,60,11,74,53,93"/><T118/><D118/><U130/><E116/><V125/><F119/><W13/><G113/><T98/><D122/><U44/><E135/><V87/><F117/><W97/><G123/><T33/><D129/><N who="1" m="49771" /><E127/><N who="2" m="48651" /><F57/><N who="3" m="34863" /><G74/><T79/><D41/><U1/><E1/><V134/><F96/><W115/><G75/><T99/><D67/><N who="1" m="39383" /><E103/><V66/><F66/><W76/><G25/><T73/><D98/><U70/><E70/><V109/><F134/><W104/><G104/><T65/><D65/><U23/><E44/><V21/><F109/><W101/><G115/><T64/><D64/><U81/><E23/><N who="2" m="8715" /><F27/><W59/><G59/><T124/><D124/><U131/><N who="1" m="49779" /><U72/><DORA hai="90" /><E72/><AGARI ba="0,0" hai="38,40,45,72,77,83,84,87" m="8715,48651" machi="72" ten="30,3900,0" yaku="18,1,52,2" doraHai="80,90" who="2" fromWho="1" sc="250,0,250,-39,250,39,250,0" /><INIT seed="1,0,0,3,3,81" ten="250,211,289,250" oya="1" hai0="95,86,74,72,91,110,54,71,127,97,119,14,69" hai1="100,67,7,130,104,93,124,40,70,99,13,76,57" hai2="59,79,63,109,116,27,24,17,35,60,92,80,103" hai3="18,132,68,19,51,44,11,1,61,31,36,84,29"/><U131/><E124/><V89/><F109/><W26/><G36/><T39/><D127/><U66/><E70/><V111/><F116/><W77/><G132/><T45/><D110/><U56/><E40/><V75/><F103/><W65/><G1/><T15/><D119/><U122/><E122/><V33/><F63/><W125/><G125/><T102/><D71/><U88/><E76/><V129/><F129/><N who="1" m="49161" /><E13/><V114/><F114/><W121/><G121/><T12/><D69/><U50/><E7/><V112/><F112/><W0/><G0/><T4/><D4/><U48/><E57/><V82/><F111/><W21/><G11/><T55/><D39/><U2/><E2/><V90/><F27/><W87/><G18/><T43/><D43/><U118/><E118/><V126/><F17/><W120/><G120/><T117/><D117/><U46/><E46/><V37/><F24/><W94/><G77/><T101/><D101/><U16/><E16/><V83/><F37/><W128/><G128/><T105/><REACH who="0" step="1"/><D45/><REACH who="0" ten="240,211,289,250" step="2"/><U22/><E56/><V9/><F59/><W64/><G68/><T135/><D135/><U3/><E3/><V25/><F126/><W133/><G133/><T52/><AGARI ba="0,1" hai="12,14,15,52,54,55,72,74,86,91,95,97,102,105" machi="52" ten="30,7900,0" yaku="1,1,0,1,52,1,54,1,53,0" doraHai="81" doraHaiUra="6" who="0" fromWho="0" sc="240,89,211,-39,289,-20,250,-20" /><INIT seed="2,0,0,0,2,22" ten="329,172,269,230" oya="2" hai0="85,46,51,18,119,63,43,50,101,118,122,68,52" hai1="17,31,74,61,88,92,91,49,23,84,16,108,133" hai2="21,9,105,95,103,26,42,67,127,60,73,112,58" hai3="111,70,41,48,97,126,76,120,82,121,32,130,8"/><V34/><F112/><W115/><G70/><T117/><D122/><U128/><E74/><V79/><F127/><W66/><G66/><N who="0" m="41055" /><D101/><U86/><E108/><V83/><F34/><W81/><G111/><T27/><D85/><U2/><E2/><V129/><F129/><W35/><G126/><T98/><D98/><U100/><E128/><V36/><F105/><W14/><G130/><T71/><D71/><U45/><E61/><V20/><F95/><W87/><G115/><T90/><D90/><U77/><E77/><V62/><F103/><W5/><G97/><T25/><D18/><U30/><E100/><V96/><F96/><W39/><G81/><T12/><D12/><U125/><E125/><V19/><F62/><W7/><G7/><T107/><D107/><U53/><E133/><V104/><F104/><W56/><G39/><T65/><D65/><U44/><E44/><AGARI ba="0,0" hai="25,27,43,44,46,50,51,52,117,118,119" m="41055" machi="44" ten="30,7700,0" yaku="12,1,52,2,54,1" doraHai="22" who="0" fromWho="1" sc="329,77,172,-77,269,0,230,0" /><INIT seed="3,0,0,5,0,125" ten="406,95,269,230" oya="3" hai0="66,79,37,9,48,27,49,39,31,60,91,112,81" hai1="100,124,22,2,51,127,6,61,53,108,17,59,15" hai2="42,45,3,44,98,32,96,111,14,83,103,50,63" hai3="131,86,5,95,73,97,29,62,70,101,94,109,56"/><W92/><G73/><T82/><D112/><U46/><E100/><V24/><F3/><W1/><G70/><T116/><D116/><U128/><E108/><V99/><F111/><W30/><G109/><T47/><D9/><U114/><E114/><V105/><F83/><W135/><G135/><T54/><D49/><U129/><E6/><V10/><F63/><W107/><G1/><T16/><D16/><U134/><E2/><V69/><F69/><W12/><G131/><N who="1" m="50250" /><E134/><V71/><F71/><W121/><G121/><T126/><D91/><U68/><E68/><V25/><F45/><W21/><G5/><T80/><D27/><U64/><E127/><V28/><F25/><W76/><G101/><T88/><D31/><U26/><E124/><V78/><F78/><W133/><G97/><T115/><D88/><U40/><E26/><V84/><F84/><W74/><G86/><T106/><D106/><U75/><E75/><V41/><F41/><W20/><G107/><T57/><D79/><U38/><E38/><V19/><AGARI ba="0,0" hai="10,14,19,24,28,32,42,44,50,96,98,99,103,105" machi="19" ten="20,1500,0" yaku="0,1,7,1" doraHai="125" who="2" fromWho="2" sc="406,-4,95,-4,269,15,230,-7" owari="402,50.2,91,-40.9,284,8.4,223,-17.7" /></mjloggm>