<mjloggm ver="2.3"><GO type="225" lobby="0"/><UN n0="%E3%81%B5%E3%81%98%E3%81%8B%E3%81%A4" n1="%E3%80%93%E3%81%97%E3%83%BC%E3%82%89%E3%80%93" n2="%72%69%6F%75%63%68%61%6E" n3="%E3%81%8B%E3%82%8F%E3%81%A1%E3%82%83%E3%82%93%35%38" dan="17,16,16,17" rate="2200.52,2162.26,2230.55,2189.41" sx="M,M,M,M"/><TAIKYOKU oya="0"/><INIT seed="0,0,0,2,5,51" ten="250,250,250,250" oya="0" hai0="38,16,80,114,82,57,123,39,75,46,22,127,98" hai1="116,33,4,0,67,58,134,62,65,29,2,107,17" hai2="6,125,71,61,77,48,74,90,11,43,81,112,92" hai3="44,1,26,14,60,53,59,119,32,13,7,117,104"/><T135/><D123/><U118/><E107/><V68/><F112/><W78/><G104/><T12/><D114/><U115/><E115/><V52/><F125/><W126/><G126/><T21/><D127/><U103/><E103/><V10/><F43/><W3/><G78/><T50/><D135/><U93/><E93/><V108/><F108/><W111/><G111/><T15/><D98/><U89/><E89/><V20/><F20/><W18/><G14/><T73/><D57/><U56/><E134/><V83/><F83/><W94/><G1/><T19/><REACH who="0" step="1"/><D50/><REACH who="0" ten="240,250,250,250" step="2"/><U132/><E132/><V5/><F48/><W54/><G59/><T128/><D128/><U35/><E58/><N who="2" m="35015" /><F68/><W45/><G117/><T102/><D102/><U69/><E69/><V27/><F71/><W9/><G119/><T30/><D30/><U23/><E29/><V42/><F74/><W47/><G60/><T131/><D131/><U121/><E121/><V28/><F28/><N who="3" m="19479" /><G94/><T84/><D84/><U85/><E85/><N who="2" m="48303" /><F42/><W76/><G76/><T110/><D110/><U109/><E109/><V31/><F92/><W36/><G36/><T106/><D106/><U95/><E95/><V105/><F105/><W88/><G88/><T64/><D64/><U86/><E67/><V8/><F90/><W66/><G66/><T72/><D72/><U91/><E116/><V37/><F37/><W122/><G122/><T40/><D40/><U97/><E118/><V79/><F79/><W25/><G3/><N who="1" m="1066" /><E91/><V70/><F70/><W120/><G120/><T101/><D101/><U24/><E65/><V129/><F129/><RYUUKYOKU ba="0,1" sc="240,10,250,-30,250,10,250,10" hai0="12,15,16,19,21,22,38,39,46,73,75,80,82" hai2="5,6,8,10,11,27,31" hai3="7,9,13,18,25,44,45,47,53,54" /><INIT seed="0,1,1,2,1,114" ten="250,220,260,260" oya="0" hai0="22,45,60,6,5,20,63,92,1,106,3,27,29" hai1="40,101,46,53,43,39,121,126,97,0,80,117,42" hai2="119,12,44,102,48,64,26,36,49,41,70,105,62" hai3="47,38,51,2,35,50,120,125,52,79,76,86,72"/><T9/><D106/><U58/><E0/><V108/><F108/><W81/><G35/><T123/><D123/><U37/><E121/><V133/><F133/><W109/><G120/><T16/><D45/><U89/><E126/><V11/><F119/><W28/><G28/><T25/><D92/><U66/><E66/><V13/><F12/><W104/><G104/><T127/><D127/><U34/><E34/><V30/><F102/><W91/><G125/><T56/><D56/><U87/><E117/><V19/><REACH who="2" step="1"/><F105/><REACH who="2" ten="250,220,250,260" step="2"/><W100/><G100/><T75/><REACH who="0" step="1"/><D75/><REACH who="0" ten="240,220,250,260" step="2"/><U103/><E37/><V24/><F24/><W90/><G72/><T67/><D67/><U135/><E39/><V8/><F8/><AGARI ba="1,3" hai="1,3,5,6,8,9,16,20,22,25,27,29,60,63" machi="8" ten="40,7700,0" yaku="1,1,9,1,54,1,53,0" doraHai="114" doraHaiUra="77" who="0" fromWho="2" sc="240,110,220,0,250,-80,260,0" /><INIT seed="0,2,0,1,2,105" ten="350,220,170,260" oya="0" hai0="108,64,88,75,122,51,133,42,62,80,72,12,99" hai1="95,128,67,92,97,2,66,43,61,94,57,101,39" hai2="50,65,44,53,56,90,79,130,29,111,112,16,124" hai3="91,20,76,41,132,34,17,26,106,63,103,59,40"/><T52/><D122/><U98/><E2/><V102/><F112/><W114/><G114/><T0/><D0/><U71/><E128/><V100/><F124/><W107/><G132/><T68/><D133/><U3/><E3/><V60/><F130/><W45/><G34/><T21/><D42/><U93/><E39/><V87/><F111/><W33/><G33/><T85/><D108/><U22/><E43/><V126/><F126/><W125/><G125/><T5/><D99/><U131/><E131/><V110/><F29/><W23/><G103/><T135/><D135/><U15/><E71/><V119/><F119/><W30/><G91/><T96/><D96/><U77/><E77/><V73/><F110/><W70/><G70/><T38/><D38/><U6/><E67/><V25/><F73/><W83/><G41/><T35/><D35/><U78/><E78/><V1/><F1/><W116/><G116/><T109/><D109/><U18/><REACH who="1" step="1"/><E6/><REACH who="1" ten="350,210,170,260" step="2"/><V86/><F79/><W123/><G123/><T121/><D121/><U24/><E24/><V120/><F120/><W10/><G76/><T8/><REACH who="0" step="1"/><D21/><REACH who="0" ten="340,210,170,260" step="2"/><U19/><E19/><V47/><F16/><W31/><G23/><T134/><D134/><U81/><E81/><N who="2" m="49487" /><F25/><W37/><G83/><T46/><AGARI ba="2,2" hai="5,8,12,46,51,52,62,64,68,72,75,80,85,88" machi="46" ten="20,18000,2" yaku="1,1,0,1,7,1,52,2,54,2,53,0" doraHai="105" doraHaiUra="14" who="0" fromWho="0" sc="340,206,210,-62,170,-62,260,-62" /><INIT seed="0,3,0,0,1,95" ten="546,148,108,198" oya="0" hai0="45,58,60,107,57,30,84,13,34,116,83,42,132" hai1="43,77,28,102,96,1,27,33,100,20,134,9,54" hai2="99,24,36,127,15,110,76,121,68,71,61,130,53" hai3="69,104,59,8,67,90,113,11,48,26,64,135,66"/><T16/><D107/><U39/><E134/><V126/><F121/><W25/><G113/><T65/><D132/><U63/><E77/><V125/><F110/><W98/><G69/><T82/><D116/><U7/><E102/><V114/><F114/><W72/><G72/><T38/><D58/><U93/><E63/><V122/><F122/><W129/><G135/><T133/><D133/><U89/><E54/><V22/><F36/><W49/><G129/><T56/><D56/><U101/><REACH who="1" step="1"/><E33/><REACH who="1" ten="546,138,108,198" step="2"/><V124/><F130/><W12/><G66/><T73/><D73/><U35/><E35/><V62/><F76/><W44/><G67/><T119/><D119/><U78/><E78/><V112/><F112/><W4/><G64/><T74/><D74/><U37/><E37/><V17/><N who="2" m="31744" /><DORA hai="88" /><V55/><F61/><W32/><G49/><T10/><REACH who="0" step="1"/><D84/><REACH who="0" ten="536,138,108,198" step="2"/><U92/><E92/><V131/><F131/><W51/><G104/><T31/><D31/><U111/><E111/><V85/><F85/><W47/><G59/><T2/><D2/><U41/><E41/><V75/><F75/><W29/><G29/><T103/><D103/><U40/><E40/><V52/><F62/><W14/><G47/><AGARI ba="3,2" hai="1,7,9,20,27,28,39,43,47,89,93,96,100,101" machi="47" ten="40,8000,1" yaku="1,1,52,2,53,2" doraHai="95,88" doraHaiUra="6,87" who="1" fromWho="3" sc="536,0,138,109,108,0,198,-89" /><INIT seed="1,0,0,4,0,59" ten="536,247,108,109" oya="1" hai0="71,61,56,73,88,69,134,112,27,90,65,86,124" hai1="84,67,58,38,129,52,4,79,121,133,111,75,36" hai2="16,41,40,89,29,20,9,76,93,2,85,15,68" hai3="70,7,48,98,45,50,102,115,92,96,108,43,116"/><U60/><E75/><V128/><F128/><W78/><G115/><T46/><D112/><U123/><E4/><V95/><F68/><W100/><G108/><T53/><D124/><U21/><E21/><V3/><F76/><W0/><G116/><T97/><D134/><U18/><E18/><V51/><F95/><W14/><G70/><T72/><D27/><U83/><E133/><V33/><F51/><W23/><G78/><T39/><D97/><U106/><E106/><V55/><F55/><W87/><G87/><T120/><D120/><U25/><E25/><N who="2" m="18607" /><F2/><W118/><G0/><T122/><D122/><U37/><E129/><V12/><F15/><W32/><G118/><T10/><D10/><U57/><REACH who="1" step="1"/><E111/><REACH who="1" ten="536,237,108,109" step="2"/><V30/><F30/><W80/><G7/><AGARI ba="0,1" hai="3,7,9,12,16,20,40,41,85,89,93" m="18607" machi="7" ten="30,2000,0" yaku="24,1,54,1" doraHai="59" who="2" fromWho="3" sc="536,0,237,0,108,30,109,-20" /><INIT seed="2,0,0,5,3,97" ten="536,237,138,89" oya="2" hai0="55,113,60,49,110,89,3,70,79,18,135,120,124" hai1="129,14,53,84,25,72,50,28,91,32,93,123,117" hai2="83,87,23,58,46,74,96,76,63,6,15,57,107" hai3="42,125,22,0,86,127,9,21,12,68,105,109,99"/><V17/><F6/><N who="3" m="1223" /><G42/><T51/><D3/><U122/><E72/><V19/><F46/><W41/><G41/><T54/><D79/><U48/><E129/><V10/><F74/><W106/><G68/><T75/><D75/><U16/><E117/><V66/><F107/><W69/><G69/><T64/><D113/><U133/><E133/><V5/><F96/><W112/><G106/><T29/><D124/><U71/><E71/><V116/><F116/><W101/><G112/><T88/><D110/><U13/><E13/><V81/><F81/><W121/><G121/><N who="1" m="46090" /><E53/><V94/><F94/><W2/><G2/><T65/><D29/><U40/><E40/><V130/><F130/><W37/><G37/><T128/><D120/><U62/><E62/><V38/><F38/><W100/><G109/><T44/><D135/><U52/><E52/><V7/><REACH who="2" step="1"/><F57/><REACH who="2" ten="536,237,128,89" step="2"/><W119/><G119/><T103/><D128/><U59/><E59/><V47/><F47/><W35/><G105/><T102/><D44/><U30/><E93/><V34/><F34/><W92/><G35/><T98/><D70/><U67/><E32/><V134/><F134/><W36/><G36/><T85/><D98/><U111/><E111/><V33/><F33/><W73/><G73/><T26/><D60/><U114/><E114/><V20/><F20/><N who="3" m="7787" /><G100/><T11/><D103/><U80/><E80/><V4/><F4/><W95/><G95/><T24/><D102/><U104/><E104/><V115/><F115/><W43/><G86/><T39/><D85/><U45/><E84/><V118/><F118/><W56/><G101/><RYUUKYOKU ba="0,1" sc="536,-10,237,-10,128,30,89,-10" hai2="5,7,10,15,17,19,23,58,63,66,76,83,87" /><INIT seed="2,1,1,3,4,65" ten="526,227,158,79" oya="2" hai0="117,79,88,120,69,91,72,133,73,110,85,51,109" hai1="116,18,32,15,24,118,11,27,131,26,92,13,55" hai2="103,34,70,134,54,83,81,67,29,99,0,132,122" hai3="126,25,87,63,56,115,127,119,102,121,37,76,101"/><V100/><F122/><W3/><G3/><T84/><D120/><U47/><E92/><V5/><F103/><W45/><G121/><T48/><D79/><U53/><E47/><V78/><F54/><W93/><G115/><T82/><D133/><N who="2" m="51306" /><F5/><W33/><G119/><N who="1" m="45610" /><E55/><V61/><F0/><W71/><G45/><T128/><D117/><U43/><E43/><V35/><F29/><W125/><G37/><T135/><D135/><U64/><E64/><V36/><F36/><W21/><G33/><N who="2" m="12297" /><F78/><W86/><G76/><T7/><D7/><N who="1" m="3327" /><E53/><V42/><F42/><W31/><G71/><T41/><D41/><U57/><E57/><V113/><F113/><W50/><G50/><T74/><D69/><U89/><E89/><V16/><F16/><W114/><G114/><T104/><D104/><AGARI ba="1,1" hai="61,67,70,81,83,99,100,104" m="12297,51306" machi="104" ten="30,2900,0" yaku="20,1,52,1" doraHai="65" who="2" fromWho="0" sc="526,-32,227,0,158,42,79,0" /><INIT seed="2,2,0,5,1,99" ten="494,227,200,79" oya="2" hai0="51,49,17,13,54,29,23,60,12,82,83,27,52" hai1="31,69,90,94,26,134,5,19,91,104,112,62,38" hai2="66,65,1,30,78,95,44,127,102,0,59,50,20" hai3="14,107,2,72,124,93,7,77,109,21,75,41,114"/><V57/><F127/><W92/><G41/><T42/><D60/><U89/><E38/><V58/><F78/><W28/><G2/><T106/><D106/><U73/><E73/><N who="3" m="28234" /><G14/><T68/><D68/><U71/><E104/><V64/><F30/><W15/><G21/><N who="0" m="15599" /><D13/><U133/><E112/><V88/><F20/><W96/><G15/><T18/><D18/><U32/><E19/><V122/><F122/><W25/><G25/><T48/><D42/><U53/><E5/><V63/><F63/><W67/><G67/><T76/><D76/><U117/><E117/><V45/><F45/><W46/><G7/><T43/><D43/><U120/><E120/><V10/><F10/><W4/><G4/><T115/><D115/><U110/><E94/><N who="3" m="36458" /><G28/><T126/><D126/><U61/><E61/><V84/><REACH who="2" step="1"/><F102/><REACH who="2" ten="494,227,190,79" step="2"/><N who="3" m="62919" /><G46/><N who="0" m="27671" /><D49/><U16/><E62/><V108/><F108/><W119/><G124/><T118/><D118/><U111/><E110/><V97/><F97/><W55/><G119/><T86/><D86/><U9/><E111/><V47/><F47/><AGARI ba="2,1" hai="12,17,23,47,51,54,82,83" m="27671,15599" machi="47" ten="30,2000,0" yaku="8,1,54,1" doraHai="99" who="0" fromWho="2" sc="494,36,227,0,190,-26,79,0" /><INIT seed="3,0,0,5,5,0" ten="530,227,164,79" oya="3" hai0="82,87,50,10,55,33,135,74,7,72,104,30,8" hai1="86,32,121,103,51,101,43,63,83,96,16,54,48" hai2="20,14,106,64,65,119,1,78,53,112,2,98,76" hai3="108,47,99,94,70,31,24,84,35,89,105,90,60"/><W114/><G114/><T91/><D135/><U118/><E32/><V69/><F112/><W107/><G108/><T75/><D104/><U116/><E121/><V128/><F69/><W95/><REACH who="3" step="1"/><G47/><REACH who="3" ten="530,227,164,69" step="2"/><N who="0" m="28127" /><D72/><U6/><E118/><V37/><F119/><W126/><G126/><T49/><D74/><U5/><E116/><V67/><F128/><W77/><G77/><T97/><D75/><U127/><E127/><V131/><F131/><W117/><G117/><T110/><D110/><U27/><E43/><V129/><F129/><W88/><G88/><T124/><D124/><U93/><E103/><V125/><F125/><W130/><G130/><T29/><D33/><U122/><E101/><V120/><F78/><W59/><G59/><T11/><D97/><U44/><E96/><V13/><F76/><W4/><G4/><T36/><D7/><U3/><E6/><V28/><F98/><W115/><G115/><T109/><D109/><U42/><E5/><V56/><F56/><W123/><G123/><T85/><D85/><U46/><E86/><V66/><F120/><W18/><G18/><T133/><D133/><U21/><E122/><V38/><F1/><W15/><G15/><T80/><D91/><U111/><E3/><V19/><F2/><W41/><G41/><T132/><D87/><U102/><E111/><V113/><F13/><W81/><G81/><T34/><D132/><U100/><E83/><V52/><F113/><W22/><G22/><T57/><D34/><U12/><E12/><V68/><F14/><W23/><G23/><T26/><D57/><N who="1" m="35255" /><E93/><V62/><F20/><RYUUKYOKU ba="0,1" sc="530,-15,227,15,164,-15,69,15" hai1="16,21,27,42,44,46,48,51,100,102" hai3="24,31,35,60,70,84,89,90,94,95,99,105,107" /><INIT seed="3,1,1,3,0,6" ten="515,242,149,84" oya="3" hai0="10,74,82,15,92,99,16,45,58,84,50,18,8" hai1="40,60,24,34,53,109,78,43,102,77,134,90,13" hai2="54,121,103,2,25,113,5,14,63,123,79,49,66" hai3="115,29,59,112,114,22,57,56,105,95,127,133,33"/><W110/><G105/><T41/><D74/><U75/><E102/><V68/><F113/><W131/><G33/><T108/><D108/><U65/><E109/><V104/><F2/><W42/><G110/><T47/><D58/><U96/><E53/><V119/><F119/><W23/><G127/><T36/><D36/><U129/><E13/><V124/><F124/><W94/><G29/><T17/><D15/><U52/><E52/><V35/><F79/><W39/><G133/><T0/><D47/><U89/><E96/><N who="2" m="61543" /><F5/><W86/><G131/><T11/><D0/><U26/><E65/><V38/><F14/><W19/><G86/><T87/><D82/><U67/><E24/><V118/><F38/><W69/><G69/><T71/><D71/><U106/><E129/><V20/><F20/><W62/><G62/><T111/><D111/><U80/><E60/><V46/><F118/><W128/><G128/><T48/><D48/><U135/><E106/><V51/><F51/><W81/><G81/><T1/><D1/><U83/><E75/><V97/><F97/><W101/><G101/><AGARI ba="1,1" hai="8,10,11,16,17,18,41,45,50,84,87,92,99,101" machi="101" ten="40,8000,1" yaku="8,1,52,3,54,1" doraHai="6" who="0" fromWho="3" sc="515,93,242,0,149,0,84,-83" owari="608,70.8,242,4.2,149,-25.1,1,-49.9" /></mjloggm>