<mjloggm ver="2.3"><GO type="225" lobby="0"/><UN n0="%E6%97%A5%E6%9B%9C%E6%97%A5%E3%82%88%E3%82%8A%E3%81%AE%E4%BD%BF%E8%80%85" n1="%E3%81%AF%E3%82%88%E3%81%8A%E3%81%98%E3%81%95%E3%82%93" n2="%61%6D%65%6B%69" n3="%E6%81%A5%E6%99%92%E3%81%97" dan="16,17,16,16" rate="2093.55,2151.88,2084.04,2098.83" sx="M,M,M,M"/><TAIKYOKU oya="0"/><INIT seed="0,0,0,2,5,43" ten="250,250,250,250" oya="0" hai0="40,28,76,88,125,64,51,38,39,114,120,66,99" hai1="12,2,119,59,11,75,23,103,73,15,52,44,127" hai2="67,65,53,70,134,33,80,102,96,97,46,90,81" hai3="115,4,77,109,68,93,118,121,13,22,20,87,54"/><T57/><D114/><U56/><E119/><V110/><F33/><W123/><G115/><T100/><D120/><N who="3" m="46153" /><G118/><T132/><D125/><U104/><E104/><BYE who="1" /><UN n1="%E3%81%AF%E3%82%88%E3%81%8A%E3%81%98%E3%81%95%E3%82%93" /><V61/><F110/><W105/><G105/><T113/><D113/><U83/><E103/><V8/><F67/><W101/><G68/><T82/><D132/><U48/><E127/><V107/><F134/><W3/><G3/><T74/><D28/><U47/><E2/><V25/><F8/><N who="3" m="4231" /><G109/><T36/><D100/><U9/><E23/><V117/><F117/><W7/><G7/><T26/><D26/><U42/><E83/><V71/><F71/><W126/><G126/><T98/><D98/><U37/><E73/><V10/><F10/><W72/><G54/><T16/><D16/><U78/><E78/><V84/><F97/><N who="3" m="59567" /><G87/><T63/><D66/><U50/><E75/><V45/><F53/><W27/><G27/><T129/><D129/><U79/><E79/><V86/><REACH who="2" step="1"/><F25/><REACH who="2" ten="250,250,240,250" step="2"/><W55/><G55/><T133/><D99/><U29/><E9/><V30/><F30/><W130/><G130/><T5/><D133/><U92/><E29/><V62/><F62/><W14/><G14/><T131/><D131/><U116/><E116/><V60/><F60/><W49/><G22/><T108/><D108/><U31/><E31/><V124/><F124/><W19/><G20/><T41/><D64/><U69/><E69/><V111/><F111/><W1/><G1/><T32/><D63/><U106/><E12/><V112/><F112/><W122/><G122/><T6/><D32/><U91/><E15/><V128/><F128/><RYUUKYOKU ba="0,1" sc="250,-10,250,-10,240,30,250,-10" hai2="45,46,61,65,70,80,81,84,86,90,96,102,107" /><INIT seed="1,1,1,2,3,34" ten="240,240,270,240" oya="1" hai0="18,41,61,107,36,17,62,116,10,92,70,82,47" hai1="31,64,113,54,33,133,25,111,66,117,0,106,98" hai2="131,60,29,3,95,114,86,14,101,135,105,127,8" hai3="21,1,28,39,81,24,48,55,59,52,58,83,26"/><U115/><E117/><V40/><F105/><W89/><G39/><T119/><D107/><U12/><E0/><V16/><F131/><W23/><G89/><T112/><D112/><U51/><E133/><V87/><F135/><W4/><G4/><T13/><D92/><U22/><E111/><V79/><F127/><W65/><G65/><T46/><D46/><U118/><E118/><V76/><F3/><W94/><G94/><T132/><D132/><U7/><E115/><V108/><F108/><W134/><G134/><T104/><D104/><U38/><E38/><V69/><F69/><W72/><G1/><T73/><D18/><U68/><E68/><V123/><F123/><W45/><G72/><T125/><D125/><U96/><E113/><V126/><F126/><W32/><G32/><T74/><D74/><U90/><E106/><V11/><F29/><W9/><G9/><N who="2" m="3657" /><F40/><W129/><G129/><T2/><D70/><U88/><E7/><V102/><F60/><N who="3" m="35911" /><G59/><T5/><D119/><U110/><E110/><V35/><F35/><W63/><G63/><T49/><D116/><U67/><E12/><V120/><F120/><W103/><G103/><N who="2" m="39433" /><F114/><W122/><G122/><T75/><D75/><U15/><E15/><V53/><F53/><W85/><G85/><N who="2" m="32265" /><F95/><W30/><AGARI ba="1,1" hai="21,23,24,26,28,30,45,48,55,81,83" m="35911" machi="30" ten="30,2000,0" yaku="8,1,54,1" doraHai="34" who="3" fromWho="3" sc="240,-6,240,-11,270,-6,240,33" /><INIT seed="2,0,0,4,0,26" ten="234,229,264,273" oya="2" hai0="82,1,99,75,53,123,98,58,84,44,34,115,57" hai1="31,66,110,50,48,86,87,41,135,116,101,85,130" hai2="108,94,5,119,132,25,39,118,35,134,73,47,0" hai3="9,37,65,74,91,12,96,69,3,46,113,15,117"/><V30/><F73/><W36/><G117/><T18/><D1/><U40/><E116/><N who="2" m="44587" /><F94/><W106/><G74/><T55/><D34/><U22/><E110/><V28/><F108/><W89/><G3/><T77/><D115/><U38/><E38/><V125/><F30/><W16/><G113/><T52/><D123/><U11/><E130/><V97/><F97/><N who="0" m="36874" /><D75/><U60/><E135/><N who="2" m="51755" /><F47/><W21/><G46/><T45/><D18/><U126/><E126/><V61/><F61/><W13/><G106/><T80/><D80/><U14/><E101/><V131/><F39/><W83/><G37/><T78/><D78/><U4/><E22/><V17/><F17/><W114/><G21/><T100/><D100/><U102/><E31/><V90/><F90/><W72/><G36/><T62/><D53/><U109/><E102/><V67/><F67/><W81/><G72/><T120/><D120/><U19/><E19/><V133/><F133/><W33/><G114/><T122/><D122/><U7/><E7/><V79/><F79/><W29/><G65/><T64/><D64/><U105/><E105/><V63/><F63/><AGARI ba="0,0" hai="44,45,52,55,57,58,62,63,77,82,84" m="36874" machi="63" ten="30,2000,0" yaku="8,1,54,1" doraHai="26" who="0" fromWho="2" sc="234,20,229,0,264,-20,273,0" /><INIT seed="3,0,0,2,2,14" ten="254,229,244,273" oya="3" hai0="117,127,103,8,121,80,56,104,3,75,132,29,26" hai1="130,85,112,25,0,47,83,114,31,125,59,107,36" hai2="27,98,108,39,48,106,6,24,49,53,126,46,87" hai3="122,118,134,40,78,11,101,113,81,55,135,38,65"/><W17/><G113/><T131/><D56/><U116/><E107/><V102/><F39/><W79/><G118/><T97/><D117/><U35/><E116/><V69/><F69/><W41/><G122/><T64/><D64/><U13/><E0/><V91/><F108/><W105/><G65/><T96/><D96/><U19/><E125/><V128/><F126/><W93/><G105/><T119/><D119/><U12/><E130/><V111/><F111/><W2/><G55/><T57/><D57/><U15/><E59/><V120/><F120/><W71/><G71/><T67/><D67/><U109/><E109/><V42/><F6/><W16/><G2/><T77/><D127/><U129/><E129/><V70/><F70/><W89/><G101/><T73/><D121/><U9/><E114/><V54/><F42/><N who="3" m="16491" /><G11/><T100/><D100/><U66/><E66/><V60/><F60/><W45/><G45/><T72/><D131/><U88/><REACH who="1" step="1"/><E112/><REACH who="1" ten="254,219,244,273" step="2"/><V18/><F128/><W124/><G124/><T92/><D104/><U51/><E51/><V23/><F49/><W33/><G38/><T1/><D1/><U110/><E110/><V21/><F48/><W133/><G134/><T4/><D132/><U5/><E5/><V74/><F46/><W10/><G133/><T86/><D72/><U52/><E52/><V95/><REACH who="2" step="1"/><F74/><REACH who="2" ten="254,219,234,273" step="2"/><W82/><G135/><T115/><D115/><U30/><E30/><AGARI ba="0,2" hai="18,21,23,24,27,30,53,54,87,91,95,98,102,106" machi="30" ten="30,8000,1" yaku="1,1,2,1,7,1,52,1,53,1" doraHai="14" doraHaiUra="90" who="2" fromWho="1" sc="254,0,219,-80,234,100,273,0" owari="254,-14.6,139,-36.1,334,43.4,273,7.3" /></mjloggm>