<mjloggm ver="2.3"><GO type="225" lobby="0"/><UN n0="%E3%81%95%E3%81%8D%E3%81%9F%E3%81%BE%E6%9E%97%E6%AA%8E" n1="%E3%81%A9%E3%82%8F%E3%82%93%E3%81%94" n2="%E3%83%B4%E3%83%A0%EF%BC%99%E3%81%A6" n3="%6D%75%75%6D%75%72%61" dan="16,16,17,16" rate="2068.51,2164.70,2194.39,2156.16" sx="M,M,M,F"/><TAIKYOKU oya="0"/><INIT seed="0,0,0,0,1,22" ten="250,250,250,250" oya="0" hai0="107,36,68,0,92,98,61,27,17,78,82,73,129" hai1="34,12,120,131,117,40,35,104,95,64,86,125,47" hai2="111,49,90,18,13,130,99,134,123,4,2,19,29" hai3="32,6,126,53,7,41,88,23,96,79,91,60,54"/><T87/><D129/><U1/><E120/><V121/><F130/><W105/><G32/><T109/><D36/><U43/><E117/><V114/><F114/><W15/><G105/><T56/><D68/><U85/><E104/><V76/><F76/><W72/><G72/><T10/><D109/><U135/><E1/><V48/><F111/><W24/><G126/><T31/><D0/><U21/><E64/><V57/><F134/><W80/><G79/><T5/><D5/><U55/><E135/><V39/><F39/><W93/><G41/><T108/><D108/><U119/><E125/><V14/><F4/><N who="3" m="1579" /><G60/><T118/><D118/><U30/><E35/><V71/><F29/><N who="3" m="17567" /><G15/><T122/><D122/><U106/><E34/><V45/><F71/><W127/><G127/><T46/><D46/><U38/><E47/><V65/><F45/><W110/><G110/><T115/><D115/><U66/><E106/><V124/><F2/><W102/><G80/><T50/><D50/><U63/><E38/><V16/><F48/><W81/><G81/><T69/><D69/><U28/><E12/><N who="2" m="4715" /><F49/><W94/><G91/><N who="0" m="55583" /><D107/><U59/><E131/><V74/><F74/><W113/><G113/><T70/><D70/><U52/><E119/><V100/><F124/><W83/><G83/><T89/><D73/><U51/><E51/><V116/><F116/><W26/><G26/><T20/><D78/><U101/><E43/><V44/><F121/><W133/><G133/><T3/><D3/><U37/><E40/><V97/><F123/><W9/><G9/><T11/><D31/><N who="1" m="11819" /><E37/><V75/><F75/><RYUUKYOKU ba="0,0" sc="250,15,250,-15,250,-15,250,15" hai0="10,11,17,20,27,56,61,82,87,89" hai3="53,54,88,93,94,96,102" /><INIT seed="0,1,0,2,2,21" ten="265,235,235,265" oya="0" hai0="80,73,128,76,132,59,93,131,9,104,11,56,42" hai1="83,25,74,69,51,43,62,84,34,99,103,85,113" hai2="46,20,123,133,110,120,32,61,50,27,29,71,121" hai3="94,18,79,129,117,49,31,87,57,127,116,5,41"/><T44/><D104/><U96/><E113/><V88/><F110/><W114/><G114/><T86/><D132/><U119/><E119/><V12/><F133/><W54/><G129/><N who="0" m="49739" /><D73/><U30/><E43/><V98/><F12/><W14/><G127/><T90/><D59/><U72/><E99/><V16/><F71/><W135/><G135/><T24/><D56/><U82/><E51/><V55/><F61/><W89/><G79/><T47/><D47/><U67/><E85/><V58/><F58/><W92/><G41/><T105/><D105/><N who="1" m="63719" /><E83/><V108/><F108/><W97/><G5/><T48/><D24/><U10/><E10/><V36/><F36/><W124/><G124/><T64/><D64/><U35/><E35/><V102/><F102/><W38/><G38/><T75/><AGARI ba="1,0" hai="9,11,42,44,48,75,76,80,86,90,93" m="49739" machi="75" ten="30,1500,0" yaku="19,1" doraHai="21" who="0" fromWho="0" sc="265,18,235,-6,235,-6,265,-6" /><INIT seed="0,2,0,5,3,106" ten="283,229,229,259" oya="0" hai0="87,24,72,75,121,126,122,3,110,51,117,67,23" hai1="86,26,98,102,127,132,111,38,28,91,37,5,79" hai2="125,8,62,128,103,124,64,131,109,63,133,41,77" hai3="31,65,99,16,49,44,71,82,22,123,10,50,19"/><T118/><D67/><U13/><E111/><V0/><F109/><W96/><G123/><N who="0" m="47115" /><D3/><U39/><E132/><V29/><F29/><W54/><G71/><T7/><D7/><U52/><E127/><N who="2" m="48715" /><F103/><W46/><G65/><T66/><D66/><U107/><E79/><V85/><F41/><W15/><G82/><T32/><D32/><U61/><E5/><N who="2" m="1063" /><F62/><W20/><G31/><T105/><D23/><U59/><E13/><V58/><F133/><W119/><G119/><N who="0" m="45579" /><D24/><U42/><E42/><V55/><F55/><W83/><G83/><AGARI ba="2,0" hai="58,63,64,77,83,85,128,131" m="1063,48715" machi="83" ten="30,1000,0" yaku="18,1" doraHai="106" who="2" fromWho="3" sc="283,0,229,0,229,16,259,-16" /><INIT seed="1,0,0,5,5,109" ten="283,229,245,243" oya="1" hai0="20,125,107,42,110,103,118,44,5,26,121,19,102" hai1="52,82,133,64,87,85,57,3,37,73,66,65,117" hai2="21,78,67,13,132,77,119,91,40,9,79,51,134" hai3="108,72,92,35,74,16,48,116,81,129,22,76,24"/><U30/><E3/><V96/><F119/><W95/><G108/><T126/><D110/><U97/><E117/><V86/><F96/><W63/><G116/><T122/><D118/><U49/><E133/><V25/><F67/><W68/><G129/><T2/><D2/><U36/><E97/><V58/><F40/><W54/><G74/><T55/><D5/><U100/><E100/><N who="0" m="38441" /><D55/><U127/><E127/><N who="0" m="48649" /><D107/><U128/><E30/><V111/><F111/><W62/><G35/><T31/><D31/><U70/><E70/><V17/><F51/><AGARI ba="0,0" hai="19,20,26,42,44,51,121,122" m="48649,38441" machi="51" ten="30,1000,0" yaku="18,1" doraHai="109" who="0" fromWho="2" sc="283,10,229,0,245,-10,243,0" /><INIT seed="2,0,0,1,0,50" ten="293,229,235,243" oya="2" hai0="94,120,95,58,125,79,132,26,4,18,39,72,86" hai1="96,67,65,42,11,1,56,64,77,5,47,63,33" hai2="8,7,10,48,115,15,57,59,101,110,99,31,130" hai3="113,81,75,126,89,0,14,73,106,93,45,43,28"/><V13/><F115/><W27/><G0/><T34/><D120/><U117/><E117/><V111/><F31/><W25/><G106/><T91/><D39/><U37/><E33/><V80/><F80/><W131/><G131/><T30/><D132/><U52/><E96/><V29/><F29/><W102/><G126/><T46/><D125/><U19/><E19/><V85/><F85/><W32/><G113/><T78/><D4/><U62/><REACH who="1" step="1"/><E77/><REACH who="1" ten="293,219,235,243" step="2"/><V23/><F130/><W134/><G32/><T51/><D79/><U69/><AGARI ba="0,1" hai="1,5,11,37,42,47,52,56,62,63,64,65,67,69" machi="69" ten="20,12000,2" yaku="1,1,2,1,0,1,7,1,52,1,54,1,53,0" doraHai="50" doraHaiUra="17" who="1" fromWho="1" sc="293,-30,219,130,235,-60,243,-30" /><INIT seed="3,0,0,1,2,59" ten="263,349,175,213" oya="3" hai0="44,60,43,99,32,125,86,30,79,114,111,67,129" hai1="22,45,42,112,128,74,69,55,87,47,36,50,130" hai2="26,48,103,110,70,49,40,35,132,118,19,104,96" hai3="106,120,5,76,62,25,11,89,23,115,91,21,13"/><W16/><G120/><T64/><D111/><U98/><E112/><V127/><F118/><W88/><G106/><T28/><D129/><N who="1" m="49771" /><E74/><V37/><F110/><W31/><G115/><T24/><D125/><U92/><E69/><V113/><F113/><W82/><G62/><T18/><D114/><U105/><E105/><V117/><F117/><W123/><G123/><T107/><D67/><U124/><E124/><V29/><F127/><W65/><G65/><T3/><D3/><U1/><E1/><V133/><F70/><W15/><REACH who="3" step="1"/><G91/><REACH who="3" ten="263,349,175,203" step="2"/><T33/><D107/><U78/><E78/><V14/><F37/><W51/><G51/><T20/><D60/><U27/><E36/><V100/><F100/><W119/><G119/><T54/><D64/><U2/><E50/><V6/><F6/><W122/><G122/><T101/><D54/><U131/><E55/><V9/><REACH who="2" step="1"/><F48/><REACH who="2" ten="263,349,165,203" step="2"/><W63/><G63/><T80/><D101/><U93/><E131/><V4/><F4/><W97/><G97/><T46/><D99/><U52/><E98/><V7/><F7/><W17/><G17/><T121/><D18/><U81/><E42/><V94/><F94/><W102/><G102/><T72/><D43/><U66/><E93/><V8/><F8/><W10/><G10/><T77/><D121/><U135/><E92/><V58/><F58/><W12/><G12/><T68/><D68/><U126/><E126/><V109/><F109/><W38/><G38/><T56/><D56/><U85/><E45/><AGARI ba="0,2" hai="9,14,19,26,29,35,40,45,49,96,103,104,132,133" machi="45" ten="40,1300,0" yaku="1,1,53,0" doraHai="59" doraHaiUra="61" who="2" fromWho="1" sc="263,0,349,-13,165,33,203,0" owari="263,6.3,336,43.6,198,-30.2,203,-19.7" /></mjloggm>