<mjloggm ver="2.3"><GO type="225" lobby="0"/><UN n0="%E4%B8%AD%E5%B9%B4%E3%81%AE%E5%8D%B1%E6%A9%9F" n1="%E2%91%A3%E9%81%BF%E9%81%8A%E6%88%AF%E3%80%90%E6%9D%B1%E5%8D%97%E3%80%91" n2="%E5%A0%80%E5%B7%9D%E9%9B%B7%E9%BC%93" n3="%48%61%61%61%6C%61%6E%64" dan="17,16,16,17" rate="2110.91,2093.43,2092.79,2194.92" sx="M,M,F,M"/><TAIKYOKU oya="0"/><INIT seed="0,0,0,1,1,5" ten="250,250,250,250" oya="0" hai0="81,51,23,79,0,133,20,8,25,66,125,93,87" hai1="70,40,94,69,134,57,34,42,127,52,115,46,76" hai2="16,33,21,106,15,30,50,135,1,32,39,103,44" hai3="91,107,45,12,28,17,128,111,43,11,59,48,102"/><T75/><D125/><U72/><E127/><V98/><F1/><W112/><G112/><T29/><D133/><U37/><E134/><V22/><F135/><W60/><G111/><T6/><D66/><U104/><E115/><V101/><F39/><W96/><G128/><T85/><D51/><U19/><E104/><V24/><REACH who="2" step="1"/><F101/><REACH who="2" ten="250,250,240,250" step="2"/><W114/><G114/><T77/><D77/><U36/><E76/><V109/><F109/><W3/><G3/><T38/><D38/><U54/><E37/><V18/><F18/><W99/><G28/><T120/><D120/><U116/><E19/><V84/><F84/><W67/><G99/><T130/><D130/><U110/><E36/><V47/><F47/><W124/><G124/><T71/><D71/><U41/><E46/><V64/><F64/><W83/><G91/><T63/><D63/><U95/><E70/><V14/><F14/><W58/><REACH who="3" step="1"/><G83/><REACH who="3" ten="250,250,240,240" step="2"/><T56/><D81/><U31/><E110/><V88/><F88/><W13/><G13/><T97/><D97/><U131/><E131/><V74/><F74/><W7/><G7/><T35/><D75/><U61/><E72/><V9/><F9/><W53/><G53/><AGARI ba="0,2" hai="15,16,21,22,24,30,32,33,44,50,53,98,103,106" machi="53" ten="30,7700,0" yaku="1,1,7,1,54,1,53,1" doraHai="5" doraHaiUra="100" who="2" fromWho="3" sc="250,0,250,0,240,97,240,-77" /><INIT seed="1,0,0,3,5,60" ten="250,250,337,163" oya="1" hai0="106,34,12,17,79,107,96,93,108,89,70,29,114" hai1="13,78,19,2,112,69,62,26,23,124,98,30,53" hai2="35,11,84,36,97,16,66,110,51,118,81,90,48" hai3="9,25,57,135,131,109,43,40,105,31,33,119,128"/><U49/><E112/><V1/><F118/><W37/><G119/><T115/><D70/><U121/><E121/><V103/><F36/><W86/><G109/><T94/><D108/><U123/><E123/><V22/><F35/><W91/><G105/><N who="0" m="39947" /><D29/><U59/><E124/><V76/><F110/><W44/><G135/><T38/><D34/><U72/><E2/><V27/><F76/><W127/><G127/><T4/><D17/><U83/><E98/><V54/><F66/><W52/><G40/><T61/><D12/><U133/><E133/><V58/><F1/><W111/><G9/><T63/><D61/><U55/><E69/><V21/><F11/><W64/><G64/><T39/><D63/><U18/><REACH who="1" step="1"/><E13/><REACH who="1" ten="250,240,337,163" step="2"/><N who="2" m="9359" /><F97/><W99/><G99/><N who="0" m="57775" /><D115/><U56/><AGARI ba="0,1" hai="18,19,23,26,30,49,53,55,56,59,62,72,78,83" machi="56" ten="20,3900,0" yaku="1,1,0,1,7,1,53,0" doraHai="60" doraHaiUra="8" who="1" fromWho="1" sc="250,-13,240,49,337,-13,163,-13" /><INIT seed="1,1,0,5,4,81" ten="237,289,324,150" oya="1" hai0="111,50,135,110,10,39,44,37,86,64,63,99,15" hai1="71,27,56,123,87,112,116,55,90,40,68,134,104" hai2="133,12,1,16,30,11,105,0,46,94,22,80,6" hai3="79,24,120,83,38,2,74,49,93,31,121,102,119"/><U92/><E123/><V34/><F105/><W51/><G38/><T13/><D99/><U53/><E116/><V33/><F133/><W58/><G2/><T117/><D13/><U54/><E134/><V130/><F130/><W107/><G119/><T77/><D117/><U9/><E112/><V25/><F94/><W70/><G70/><T108/><D135/><U84/><E104/><V18/><F46/><W76/><G107/><T85/><D77/><U113/><E113/><V7/><F80/><W14/><G76/><T19/><D39/><U47/><E56/><V61/><F61/><W20/><G14/><T21/><D10/><U4/><E27/><N who="2" m="18655" /><F34/><W122/><REACH who="3" step="1"/><G58/><REACH who="3" ten="237,289,324,140" step="2"/><N who="0" m="36983" /><D37/><U109/><E71/><V42/><F42/><AGARI ba="1,1" hai="15,19,21,42,44,50,85,86,108,110,111" m="36983" machi="42" ten="30,3900,0" yaku="14,1,52,2" doraHai="81" who="0" fromWho="2" sc="237,52,289,0,324,-42,140,0" /><INIT seed="2,0,0,5,1,105" ten="289,289,282,140" oya="2" hai0="21,96,133,114,81,68,22,85,132,117,121,49,33" hai1="9,84,97,130,95,131,104,57,113,11,129,123,8" hai2="17,98,16,13,75,83,59,88,6,109,103,39,128" hai3="92,89,116,27,102,32,111,30,40,15,52,25,100"/><V38/><F6/><W112/><G116/><T23/><D117/><U91/><E113/><V125/><F128/><W47/><G111/><T78/><D114/><U74/><E123/><V28/><F28/><W107/><G107/><T72/><D33/><U45/><E45/><V86/><F125/><W51/><G112/><T67/><D121/><U79/><E57/><V110/><F59/><W14/><G27/><T43/><D96/><U41/><E41/><V62/><F62/><W42/><G102/><T94/><D43/><U93/><E104/><N who="2" m="63607" /><F17/><W118/><G100/><T4/><D4/><U26/><E26/><V0/><F0/><W124/><G124/><T35/><D35/><U66/><E66/><V29/><F29/><W122/><G122/><T19/><D49/><U12/><E95/><N who="2" m="54679" /><F13/><W135/><G118/><T71/><D19/><U1/><E1/><V5/><F16/><W61/><G135/><N who="0" m="51787" /><D67/><U18/><E97/><V70/><F70/><N who="0" m="26666" /><D94/><U46/><E46/><V10/><F10/><W87/><REACH who="3" step="1"/><G40/><REACH who="3" ten="289,289,282,130" step="2"/><T134/><N who="0" m="51795" /><T69/><N who="0" m="26674" /><DORA hai="53" /><T101/><DORA hai="65" /><D101/><U36/><E130/><V37/><F110/><W34/><G34/><T77/><D77/><U44/><E131/><V2/><F109/><W3/><G3/><T56/><D56/><AGARI ba="0,1" hai="14,15,25,30,32,42,47,51,52,56,61,87,89,92" machi="56" ten="40,8000,1" yaku="1,1,52,1,54,1,53,2" doraHai="105,53,65" doraHaiUra="99,31,24" who="3" fromWho="0" sc="289,-80,289,0,282,0,130,90" /><INIT seed="3,0,0,1,3,129" ten="209,289,282,220" oya="3" hai0="21,69,36,82,7,74,15,29,37,3,57,30,17" hai1="33,2,111,109,22,9,62,114,90,134,70,110,93" hai2="86,48,38,121,103,41,1,10,73,53,25,101,113" hai3="67,31,32,81,23,24,100,88,49,11,106,42,46"/><W102/><G106/><T80/><D69/><U71/><E134/><V92/><F73/><W122/><G122/><T75/><D3/><U50/><E114/><V89/><F113/><W91/><G67/><T78/><D7/><N who="1" m="1271" /><E33/><V77/><F121/><W19/><G11/><T34/><D57/><U56/><E50/><V135/><F135/><W64/><G64/><T18/><D34/><U84/><E22/><V99/><F38/><W60/><G60/><T108/><D108/><N who="1" m="27651" /><U79/><DORA hai="118" /><E79/><V132/><F132/><W95/><G32/><T4/><D4/><U116/><E116/><V66/><F66/><AGARI ba="0,0" hai="56,62,66,70,71,84,90,93" m="27651,1271" machi="66" ten="40,1300,0" yaku="14,1" doraHai="129,118" who="1" fromWho="2" sc="209,0,289,13,282,-13,220,0" owari="209,-29.1,302,40.2,269,6.9,220,-18.0" /></mjloggm>