<mjloggm ver="2.3"><GO type="225" lobby="0"/><UN n0="%E9%9B%80%E6%A5%B5%E3%81%AE%E3%81%B8" n1="%28%EF%BF%A3%E2%96%BD%EF%BF%A3%29%CE%B4%E2%8C%92%E3%83%BB" n2="%E4%BE%BF%E6%89%80" n3="%E3%81%BF%E3%81%BF%E3%81%9A" dan="16,16,16,16" rate="2130.25,2145.56,2082.89,2135.18" sx="M,M,M,M"/><TAIKYOKU oya="0"/><INIT seed="0,0,0,1,1,68" ten="250,250,250,250" oya="0" hai0="41,10,5,64,96,63,3,78,40,21,19,35,50" hai1="15,92,38,65,100,106,16,132,60,122,76,99,56" hai2="127,1,34,102,45,26,9,12,29,77,91,101,88" hai3="20,81,55,22,51,116,32,123,42,118,121,48,84"/><T17/><D35/><U115/><E122/><N who="3" m="46602" /><G32/><T49/><D78/><U44/><E115/><V117/><F127/><W61/><G61/><T18/><D21/><N who="3" m="8297" /><G42/><T89/><D40/><U53/><E132/><V133/><F133/><W43/><G43/><T93/><REACH who="0" step="1"/><D41/><REACH who="0" ten="240,250,250,250" step="2"/><U33/><E76/><V130/><F77/><N who="3" m="46127" /><G48/><T95/><D95/><U134/><E33/><V129/><F34/><W66/><G66/><T120/><D120/><U111/><E134/><V126/><F129/><W125/><G125/><T113/><D113/><U2/><E92/><V112/><F130/><W109/><G109/><T23/><D23/><U58/><E111/><V62/><F112/><W59/><AGARI ba="0,1" hai="51,55,59,116,118" m="46127,8297,46602" machi="59" ten="30,1100,0" yaku="13,1" doraHai="68" who="3" fromWho="3" sc="240,-5,250,-3,250,-3,250,21" /><INIT seed="1,0,0,5,0,72" ten="235,247,247,271" oya="1" hai0="117,32,83,31,59,113,53,6,111,64,49,74,106" hai1="29,21,88,135,27,90,112,39,120,105,12,123,122" hai2="30,128,131,96,2,14,100,97,45,124,70,109,86" hai3="127,80,66,44,77,89,93,35,71,115,79,54,67"/><U101/><E112/><V5/><F70/><W130/><G115/><T20/><D113/><U104/><E135/><V108/><F124/><W17/><G35/><T69/><D117/><U85/><E39/><V37/><F2/><W28/><G28/><T3/><D106/><U98/><E105/><V129/><F30/><W42/><G127/><T23/><D111/><N who="2" m="42570" /><F86/><N who="3" m="50375" /><G71/><T26/><D6/><U95/><E90/><V47/><F37/><W121/><G42/><T87/><D74/><U1/><REACH who="1" step="1"/><E12/><REACH who="1" ten="235,237,247,271" step="2"/><V132/><F132/><W22/><G121/><T63/><D3/><AGARI ba="0,1" hai="1,3,21,27,29,85,88,95,98,101,104,120,122,123" machi="3" ten="40,12000,1" yaku="1,1,2,1,54,1,53,1" doraHai="72" doraHaiUra="92" who="1" fromWho="0" sc="235,-120,237,130,247,0,271,0" /><INIT seed="1,1,0,4,0,93" ten="115,367,247,271" oya="1" hai0="112,4,109,95,115,74,23,61,87,92,24,20,5" hai1="135,101,58,91,69,133,132,105,31,51,65,83,72" hai2="117,90,29,2,43,3,100,130,16,108,41,86,52" hai3="82,34,40,96,7,102,57,56,99,36,120,22,73"/><U76/><E31/><V49/><F117/><W39/><G120/><T55/><D74/><U106/><E101/><V127/><F108/><W128/><G34/><T119/><D109/><U26/><E26/><V35/><F130/><W15/><G128/><T64/><D119/><U0/><E0/><V18/><F127/><W131/><G131/><T70/><BYE who="3" /><D92/><U37/><E37/><UN n3="%E3%81%BF%E3%81%BF%E3%81%9A" /><V80/><F2/><W113/><G113/><T68/><D68/><U10/><E10/><V45/><F3/><W21/><G102/><T8/><D23/><U63/><REACH who="1" step="1"/><E91/><REACH who="1" ten="115,357,247,271" step="2"/><V71/><F100/><W33/><G15/><T77/><D8/><U53/><AGARI ba="1,1" hai="51,53,58,63,65,69,72,76,83,105,106,132,133,135" machi="53" ten="40,12000,1" yaku="1,1,2,1,0,1,20,1,53,0" doraHai="93" doraHaiUra="121" who="1" fromWho="1" sc="115,-41,357,133,247,-41,271,-41" /><INIT seed="1,2,0,3,2,108" ten="74,490,206,230" oya="1" hai0="130,123,5,21,77,24,129,57,14,32,2,31,44" hai1="126,102,79,107,133,66,85,98,3,46,106,112,135" hai2="42,103,62,22,26,61,95,105,78,10,82,69,94" hai3="72,12,118,104,127,30,51,117,96,18,55,120,115"/><U76/><E3/><V16/><F105/><N who="1" m="39945" /><E46/><V34/><F34/><W35/><G120/><T73/><D77/><N who="1" m="29771" /><E66/><V7/><F42/><W74/><G115/><T67/><D73/><U56/><E56/><V53/><F69/><W17/><G127/><T52/><D123/><U116/><E126/><V134/><F134/><N who="1" m="51209" /><E85/><V4/><F53/><W100/><G72/><T39/><D67/><U132/><E132/><V28/><F28/><W25/><G74/><T89/><D44/><U83/><E83/><V68/><F68/><W38/><G38/><T40/><D40/><U91/><E91/><V33/><F33/><W1/><G1/><T45/><D45/><U86/><E86/><N who="2" m="48471" /><F62/><W50/><G55/><T29/><D89/><U49/><E49/><N who="3" m="18442" /><G12/><T11/><D39/><U9/><E9/><V36/><F36/><W124/><G124/><T13/><D13/><U54/><E54/><V131/><F61/><W59/><G59/><T101/><D31/><U99/><E116/><AGARI ba="2,0" hai="17,18,25,30,35,96,100,104,116,117,118" m="18442" machi="116" ten="30,1000,0" yaku="12,1" doraHai="108" who="3" fromWho="1" sc="74,0,490,-16,206,0,230,16" /><INIT seed="2,0,0,1,5,111" ten="74,474,206,246" oya="2" hai0="129,119,63,43,14,78,86,95,76,24,134,47,41" hai1="34,88,80,6,16,85,32,5,50,22,64,42,10" hai2="49,127,26,110,53,28,130,90,30,0,31,52,94" hai3="4,62,105,1,66,73,39,77,81,40,59,118,96"/><V101/><F0/><W69/><G118/><T36/><D129/><U123/><E123/><V108/><F130/><W17/><G17/><T48/><D134/><U107/><E107/><V55/><F101/><W87/><G59/><T104/><D104/><U29/><E29/><V25/><F49/><W19/><G19/><T27/><D119/><U99/><E99/><N who="2" m="57815" /><F127/><W79/><G79/><T115/><D36/><U128/><E128/><V45/><F45/><N who="3" m="23711" /><G87/><T109/><D109/><AGARI ba="0,0" hai="25,26,28,30,31,52,53,55,108,109,110" m="57815" machi="109" ten="40,7700,0" yaku="14,1,10,1,54,1" doraHai="111" who="2" fromWho="0" sc="74,-77,474,0,206,77,246,0" owari="-3,-50.3,474,57.4,283,8.3,246,-15.4" /></mjloggm>