<mjloggm ver="2.3"><GO type="225" lobby="0"/><UN n0="%E3%81%A8%E3%82%93%E3%81%A8%E3%81%93%E3%81%A8%E3%82%93" n1="%E3%81%86%E3%82%8C%E3%81%9F%E3%82%93%E6%9E%95" n2="%E3%81%B8%E3%82%80%E3%81%B8%E3%82%80%EF%BC%92%E5%8F%B7" n3="%74%61%6B%75%61%6B%61" dan="16,16,16,16" rate="2121.92,2083.80,2113.24,2108.63" sx="M,F,M,M"/><TAIKYOKU oya="0"/><INIT seed="0,0,0,2,2,26" ten="250,250,250,250" oya="0" hai0="98,69,112,94,115,3,34,46,71,135,58,107,122" hai1="100,23,54,14,86,22,133,103,28,81,75,79,43" hai2="63,13,37,59,19,117,25,4,92,49,68,85,45" hai3="40,101,29,77,33,24,124,70,67,21,118,0,104"/><T61/><D122/><U12/><E133/><V78/><F117/><W66/><G118/><T57/><D107/><U11/><E43/><V132/><F132/><W102/><G0/><T90/><D135/><U97/><E75/><V121/><F121/><W108/><G108/><T64/><D3/><U65/><E65/><V95/><F68/><W111/><G111/><T88/><D34/><U91/><E54/><V113/><F25/><W131/><G131/><T62/><D46/><U36/><E36/><V44/><F37/><W87/><G124/><T80/><D80/><U83/><E28/><V129/><F129/><W6/><G6/><T42/><D42/><U16/><E23/><N who="2" m="11759" /><F4/><W119/><G119/><T93/><D98/><U120/><E120/><V106/><F106/><W31/><G40/><T82/><D82/><U53/><E53/><N who="2" m="34287" /><F113/><W30/><G33/><T10/><REACH who="0" step="1"/><D10/><REACH who="0" ten="240,250,250,250" step="2"/><U99/><E99/><V47/><F49/><W127/><G104/><T51/><D51/><U56/><E97/><V35/><F35/><W55/><G127/><T89/><D89/><U38/><E38/><V126/><F126/><W110/><G110/><T9/><D9/><U2/><E2/><V20/><F20/><W123/><G123/><T96/><D96/><U60/><E83/><AGARI ba="0,1" hai="44,45,47,78,83,85,92,95" m="34287,11759" machi="83" ten="30,1000,0" yaku="8,1" doraHai="26" who="2" fromWho="1" sc="240,0,250,-10,250,20,250,0" /><INIT seed="1,0,0,4,0,89" ten="240,240,270,250" oya="1" hai0="84,98,35,62,95,119,82,40,32,63,123,130,125" hai1="83,131,104,27,14,110,108,128,31,107,0,44,77" hai2="61,96,29,3,2,18,38,1,81,45,23,34,54" hai3="134,71,115,64,121,135,88,58,42,118,73,129,97"/><U5/><E0/><V105/><F81/><W87/><G121/><T12/><D119/><U20/><E44/><V43/><F34/><W33/><G73/><T17/><D125/><U28/><E5/><V112/><F29/><W132/><G115/><T30/><D130/><N who="1" m="49707" /><E14/><V59/><F112/><W9/><G129/><T75/><D123/><U122/><E31/><V51/><F105/><N who="1" m="40521" /><E122/><V67/><F96/><W116/><G33/><T26/><D35/><U76/><E76/><V133/><F133/><W72/><G71/><T21/><D40/><U65/><E65/><V66/><REACH who="2" step="1"/><F38/><REACH who="2" ten="240,240,260,250" step="2"/><W106/><G135/><T24/><D32/><U48/><E48/><V6/><F6/><W74/><G134/><T47/><D30/><U93/><E93/><V124/><F124/><W49/><G132/><T41/><D95/><U70/><E70/><V22/><F22/><W92/><G49/><T56/><D21/><U55/><E55/><V109/><F109/><W120/><G120/><T79/><D41/><U101/><E101/><V53/><F53/><W50/><G50/><T86/><D63/><U69/><E69/><V117/><F117/><W37/><G118/><T90/><D62/><U113/><E113/><V36/><F36/><W10/><G116/><T78/><D75/><AGARI ba="0,1" hai="20,27,28,75,77,83,108,110" m="40521,49707" machi="75" ten="40,2000,0" yaku="19,1" doraHai="89" who="1" fromWho="0" sc="240,-20,240,30,260,0,250,0" /><INIT seed="1,1,0,0,1,20" ten="220,270,260,250" oya="1" hai0="45,50,104,135,112,69,132,75,9,21,17,117,71" hai1="73,113,43,62,121,100,68,53,81,47,31,107,8" hai2="111,130,94,5,1,79,49,18,89,101,56,103,55" hai3="64,124,25,66,65,95,80,99,19,118,115,82,27"/><U86/><E113/><V22/><F130/><W77/><G115/><T36/><D112/><U35/><E121/><V105/><F111/><W78/><G124/><T28/><D117/><U88/><E73/><V38/><F38/><W110/><G110/><T74/><D104/><U131/><E131/><V83/><F105/><W125/><G125/><T13/><D36/><U11/><E35/><V30/><F30/><W61/><G61/><T92/><D92/><U129/><E31/><V51/><F51/><W102/><G118/><T32/><D32/><U120/><E120/><V46/><F46/><W128/><G128/><T0/><D74/><U134/><E134/><N who="0" m="51241" /><D75/><U41/><E41/><V33/><F33/><W106/><G106/><T2/><D28/><U29/><E29/><V59/><F59/><W109/><G19/><T122/><D122/><U40/><E40/><V54/><F54/><W96/><G109/><T126/><D126/><U37/><E129/><V44/><F44/><W133/><G133/><T90/><D90/><U57/><REACH who="1" step="1"/><E68/><REACH who="1" ten="220,260,260,250" step="2"/><N who="0" m="26185" /><D21/><U14/><E14/><V76/><F22/><W23/><G23/><T3/><D0/><U114/><E114/><V58/><F1/><W34/><G34/><T119/><D119/><U26/><E26/><N who="3" m="9738" /><G96/><AGARI ba="1,1" hai="8,11,37,43,47,53,57,62,81,86,88,96,100,107" machi="96" ten="40,7700,0" yaku="1,1,54,1,53,1" doraHai="20" doraHaiUra="84" who="1" fromWho="3" sc="220,0,260,90,260,0,250,-80" /><INIT seed="1,2,0,2,2,116" ten="220,350,260,170" oya="1" hai0="63,54,51,108,66,6,83,49,110,7,107,98,50" hai1="47,33,115,2,41,16,24,68,26,117,17,31,122" hai2="20,77,35,37,59,101,114,88,123,32,94,119,118" hai3="81,3,60,67,34,124,12,87,135,120,14,76,111"/><U132/><E122/><V128/><F37/><W69/><G111/><N who="0" m="42539" /><D54/><U82/><E115/><V30/><F123/><W97/><G120/><T125/><D125/><U70/><E132/><V62/><F77/><W18/><G124/><T133/><D83/><U99/><E117/><V27/><F128/><W90/><G3/><T113/><D113/><U22/><E2/><V55/><F114/><W29/><G135/><T15/><D15/><U78/><E17/><V36/><F36/><W84/><G97/><T91/><D133/><U86/><REACH who="1" step="1"/><E99/><REACH who="1" ten="220,340,260,170" step="2"/><V93/><F118/><W105/><G18/><T85/><D98/><U1/><E1/><V80/><F119/><W109/><G109/><T45/><D107/><U44/><E44/><V92/><REACH who="2" step="1"/><F101/><REACH who="2" ten="220,340,250,170" step="2"/><W121/><G121/><T58/><D45/><U11/><E11/><V25/><F25/><W38/><G105/><T130/><D130/><U21/><E21/><V0/><F0/><W28/><G34/><T56/><D6/><U53/><E53/><V19/><F19/><W4/><G4/><T23/><D7/><U104/><E104/><V40/><F40/><W48/><G12/><T89/><D23/><U131/><E131/><V71/><F71/><W112/><G112/><T102/><D102/><U79/><E79/><V61/><F61/><W64/><G14/><T100/><D100/><U5/><E5/><V72/><F72/><W127/><G60/><N who="0" m="38151" /><D85/><AGARI ba="2,2" hai="20,27,30,32,35,55,59,62,80,85,88,92,93,94" machi="85" ten="40,2600,0" yaku="1,1,54,1,53,0" doraHai="116" doraHaiUra="134" who="2" fromWho="0" sc="220,-32,340,0,250,52,170,0" /><INIT seed="2,0,0,2,0,80" ten="188,340,302,170" oya="2" hai0="10,81,127,72,7,85,2,95,33,84,42,105,49" hai1="53,9,55,75,123,124,120,6,119,54,111,63,35" hai2="69,76,68,29,125,58,62,1,107,48,14,32,92" hai3="88,133,122,40,19,5,82,132,56,38,71,52,129"/><V94/><F107/><W57/><G122/><N who="1" m="46634" /><E111/><V74/><F1/><W110/><G71/><T101/><D105/><U97/><E119/><V15/><F74/><W99/><G110/><T135/><D33/><U3/><E75/><V51/><F76/><W50/><G129/><T45/><D135/><N who="3" m="51785" /><G5/><T130/><D130/><U131/><E124/><V65/><F29/><W96/><G57/><T109/><D109/><U11/><E35/><V18/><F32/><W102/><G19/><T41/><D127/><U116/><E116/><V26/><F26/><W117/><G117/><T87/><D72/><U103/><E11/><V28/><F28/><W98/><G38/><T77/><REACH who="0" step="1"/><D41/><REACH who="0" ten="178,340,302,170" step="2"/><U4/><E131/><V112/><F125/><W8/><G40/><T93/><D93/><N who="1" m="58799" /><E4/><V66/><F92/><N who="3" m="58631" /><G8/><T108/><D108/><U44/><E63/><V39/><F62/><W47/><G47/><AGARI ba="0,1" hai="3,6,9,44,47,53,54,55" m="58799,46634" machi="47" ten="30,1000,0" yaku="13,1" doraHai="80" who="1" fromWho="3" sc="178,0,340,20,302,0,170,-10" /><INIT seed="3,0,0,2,5,99" ten="178,360,302,160" oya="3" hai0="24,117,65,47,59,121,41,120,67,1,130,70,97" hai1="126,16,85,13,29,25,35,104,114,112,38,53,103" hai2="115,4,54,127,96,20,2,23,39,132,95,110,133" hai3="101,78,77,28,34,6,46,100,74,123,66,98,84"/><W40/><G123/><T30/><D117/><U125/><E38/><V94/><F115/><W14/><G74/><T32/><D1/><U88/><E53/><V131/><F39/><W87/><G66/><T58/><D130/><U15/><E103/><N who="3" m="39498" /><G34/><T111/><D111/><U36/><E36/><V26/><F110/><W62/><G62/><T72/><D72/><U64/><E64/><V9/><F131/><W60/><G60/><T105/><D59/><U90/><E13/><V8/><F127/><N who="1" m="48649" /><E104/><V109/><F109/><W129/><G28/><T102/><D58/><U10/><E90/><V42/><F133/><W71/><G98/><T27/><D27/><U80/><AGARI ba="0,0" hai="10,15,16,25,29,35,80,85,88,112,114" m="48649" machi="80" ten="30,4000,0" yaku="18,1,54,2" doraHai="99" who="1" fromWho="1" sc="178,-10,360,40,302,-10,160,-20" owari="168,-23.2,400,50.0,292,9.2,140,-36.0" /></mjloggm>