<mjloggm ver="2.3"><GO type="225" lobby="0"/><UN n0="%E3%81%82%E3%80%81%E8%B2%A0%E3%81%91%E3%81%BE%E3%81%97%E3%81%9F" n1="%77%72%77%72%77%72%77%72" n2="%65%2D%73%65%70%65%6E%3B" n3="%E3%81%82%E3%81%B9%E3%81%99%E3%81%91" dan="16,16,16,16" rate="2120.17,2205.44,2133.84,2089.57" sx="M,M,M,M"/><TAIKYOKU oya="0"/><INIT seed="0,0,0,5,0,81" ten="250,250,250,250" oya="0" hai0="26,42,75,92,70,3,63,41,126,8,36,98,83" hai1="24,118,86,49,25,31,37,135,27,12,32,52,47" hai2="128,46,28,72,14,78,17,22,51,30,40,124,9" hai3="109,91,105,113,6,101,117,100,112,33,4,110,73"/><T116/><D116/><U29/><E135/><V111/><F111/><N who="3" m="42507" /><G117/><T57/><D70/><U76/><E118/><V121/><F121/><W82/><G33/><T114/><D114/><N who="3" m="44137" /><G105/><T120/><D120/><U34/><E37/><V104/><F128/><W53/><G53/><T44/><D42/><U134/><E134/><V130/><F130/><W58/><G58/><T23/><D126/><U95/><E12/><V127/><F104/><W38/><G38/><T97/><D3/><U48/><E48/><V66/><F66/><W108/><N who="3" m="42515" /><W103/><DORA hai="106" /><G73/><T132/><D132/><U21/><E95/><V10/><F10/><W56/><G56/><T35/><D8/><U15/><E15/><V125/><REACH who="2" step="1"/><F9/><REACH who="2" ten="250,250,240,250" step="2"/><W55/><G55/><T11/><D11/><U94/><E32/><V122/><F122/><W88/><G82/><AGARI ba="0,1" hai="14,17,22,28,30,40,46,51,72,78,82,124,125,127" machi="82" ten="40,5200,0" yaku="1,1,18,1,52,1,53,0" doraHai="81,106" doraHaiUra="119,87" who="2" fromWho="3" sc="250,0,250,0,240,62,250,-52" /><INIT seed="1,0,0,5,5,1" ten="250,250,302,198" oya="1" hai0="102,43,76,35,19,107,53,114,7,30,118,10,11" hai1="124,82,73,26,129,69,81,125,33,71,5,103,131" hai2="111,40,97,123,58,23,16,117,54,34,47,127,87" hai3="24,44,126,63,86,99,48,78,85,89,77,41,62"/><U14/><E103/><V9/><F117/><W134/><G134/><T15/><D118/><U104/><E104/><V22/><F123/><W119/><G126/><N who="1" m="48746" /><E33/><V70/><F70/><N who="1" m="26633" /><E26/><V12/><F34/><W133/><G133/><T29/><D114/><U84/><E73/><V25/><F111/><W36/><G119/><T93/><D107/><U49/><E49/><N who="2" m="26855" /><F127/><W132/><G132/><T56/><D35/><U122/><E122/><V8/><F87/><W135/><G135/><T6/><D76/><N who="1" m="46119" /><E82/><V18/><F97/><W120/><G120/><T67/><D67/><U17/><E17/><V0/><F0/><W116/><G116/><T31/><D43/><U65/><E65/><V21/><F21/><W32/><G78/><T57/><D53/><U59/><E59/><V113/><F113/><W45/><G77/><T112/><D19/><U75/><E75/><V88/><F88/><W95/><G32/><T72/><D72/><U4/><E14/><V92/><F92/><W90/><G24/><T128/><D112/><U2/><E2/><V61/><AGARI ba="0,0" hai="8,9,12,16,18,22,23,25,54,58,61" m="26855" machi="61" ten="30,2000,0" yaku="8,1,54,1" doraHai="1" who="2" fromWho="2" sc="250,-5,250,-10,302,20,198,-5" /><INIT seed="2,0,0,2,3,133" ten="245,240,322,193" oya="2" hai0="72,68,127,36,60,110,87,88,9,125,93,10,134" hai1="15,24,101,126,63,65,108,102,12,8,41,1,33" hai2="53,5,120,111,79,18,35,0,3,66,130,40,43" hai3="70,77,76,96,81,82,29,98,34,31,132,32,47"/><V105/><F105/><W121/><G47/><T84/><D110/><U25/><E108/><V80/><F111/><W45/><G45/><T61/><D134/><U100/><E41/><V124/><F120/><W123/><REACH who="3" step="1"/><G132/><REACH who="3" ten="245,240,322,183" step="2"/><T69/><D72/><U20/><E102/><V83/><F43/><W94/><G94/><T49/><D49/><U27/><E101/><V116/><F40/><W122/><G122/><T135/><D135/><U115/><E100/><V4/><F80/><W21/><G21/><T6/><D36/><U59/><E20/><V103/><F83/><W112/><G112/><T55/><D55/><U92/><E115/><V71/><F53/><W44/><G44/><T54/><D54/><U97/><E92/><V13/><F103/><W26/><G26/><T104/><D104/><U74/><E25/><V119/><F119/><W78/><G78/><T42/><D42/><U90/><E24/><V73/><F79/><W91/><G91/><T128/><D128/><U109/><E27/><V46/><F130/><W37/><G37/><T19/><D93/><U52/><E90/><V64/><F46/><W62/><G62/><T117/><D88/><U30/><E63/><V114/><F116/><W51/><G51/><T113/><D113/><U38/><E52/><V7/><F114/><W57/><G57/><T23/><D23/><U75/><E59/><V95/><F95/><W39/><G39/><T67/><D117/><U89/><E38/><V48/><F48/><W17/><G17/><T129/><D129/><U107/><E89/><V16/><F18/><W2/><G2/><RYUUKYOKU ba="0,1" sc="245,-10,240,-10,322,-10,183,30" hai3="29,31,32,34,70,76,77,81,82,96,98,121,123" /><INIT seed="3,1,1,5,5,6" ten="235,230,312,213" oya="3" hai0="2,99,34,68,96,7,20,58,64,123,116,29,117" hai1="39,23,11,113,31,77,62,9,48,16,125,45,81" hai2="10,129,19,78,86,46,79,56,63,74,4,72,90" hai3="27,54,130,28,82,128,8,51,97,118,33,5,115"/><W119/><G115/><T65/><D123/><U94/><E113/><V100/><F74/><W37/><G37/><T107/><D20/><U80/><E39/><V131/><F100/><W106/><G82/><N who="1" m="31850" /><E77/><V110/><F110/><W124/><G124/><T126/><D58/><U91/><E62/><V13/><F72/><W12/><G97/><T73/><D64/><U109/><E31/><V41/><F19/><W15/><G15/><T133/><D96/><N who="1" m="57439" /><E109/><V47/><F79/><W35/><G35/><T105/><D133/><U18/><E18/><V102/><F78/><W25/><G25/><N who="0" m="18735" /><D126/><U111/><E111/><V14/><F102/><W40/><G106/><T93/><D93/><U57/><E57/><V75/><F13/><W30/><G30/><T103/><D73/><U17/><E17/><V135/><F75/><W50/><G40/><T21/><D21/><U70/><E70/><V83/><F41/><W49/><REACH who="3" step="1"/><G54/><REACH who="3" ten="235,230,312,203" step="2"/><T132/><D107/><U53/><E125/><V55/><F135/><W66/><G66/><T36/><D36/><U134/><E134/><V69/><F14/><AGARI ba="1,2" hai="9,11,14,16,23,45,48,53" m="57439,31850" machi="14" ten="30,7700,0" yaku="8,1,52,2,54,1" doraHai="6" who="1" fromWho="2" sc="235,0,230,100,312,-80,203,0" owari="235,3.5,330,43.0,232,-16.8,203,-29.7" /></mjloggm>