<mjloggm ver="2.3"><GO type="225" lobby="0"/><UN n0="%28%EF%BF%A3%E2%96%BD%EF%BF%A3%29%CE%B4%E2%8C%92%E3%83%BB" n1="%E3%81%8B%E3%82%8F%E3%81%A1%E3%82%83%E3%82%93%35%38" n2="%E3%82%B2%E3%82%B9%E8%8C%82%E5%8B%9D" n3="%72%61%6B%33" dan="16,17,16,16" rate="2143.10,2132.40,2072.00,2080.74" sx="M,M,F,M"/><TAIKYOKU oya="0"/><INIT seed="0,0,0,1,3,91" ten="250,250,250,250" oya="0" hai0="35,22,85,56,78,135,36,44,71,67,128,124,5" hai1="55,8,75,66,37,83,79,106,74,73,80,105,49" hai2="113,54,101,12,117,72,64,103,122,104,96,26,38" hai3="131,20,98,116,2,107,45,81,48,97,17,30,95"/><T112/><D35/><U9/><E37/><V118/><F113/><W62/><G2/><T21/><D71/><U15/><E66/><V19/><F122/><W86/><G116/><T129/><D112/><U13/><E49/><V110/><F110/><W77/><G131/><T68/><D68/><U89/><E55/><V92/><F72/><W93/><G30/><T34/><D34/><U100/><E89/><V24/><F38/><W58/><G107/><T29/><D5/><U16/><E100/><V108/><F108/><W88/><G62/><N who="0" m="38343" /><D29/><U123/><E123/><V127/><F127/><W51/><G58/><T76/><D124/><U27/><E27/><V126/><F126/><W25/><G45/><T14/><D14/><U120/><E120/><V33/><F64/><W70/><G70/><T87/><D135/><U11/><E79/><N who="0" m="30249" /><D44/><U53/><E53/><V6/><F6/><W125/><G125/><T69/><D36/><U43/><E43/><V61/><F33/><W134/><G134/><T42/><D42/><U7/><REACH who="1" step="1"/><E9/><REACH who="1" ten="250,240,250,250" step="2"/><V99/><F117/><W52/><G52/><T10/><D10/><U32/><E32/><V1/><F118/><W57/><G57/><T4/><D69/><U47/><E47/><V84/><F101/><AGARI ba="0,1" hai="17,20,25,48,51,77,81,86,88,93,95,97,98,101" machi="101" ten="30,8000,1" yaku="7,1,8,1,52,2,54,1" doraHai="91" who="3" fromWho="2" sc="250,0,240,0,250,-80,250,90" /><INIT seed="1,0,0,2,1,133" ten="250,240,170,340" oya="1" hai0="68,53,47,126,134,57,88,128,17,112,39,28,25" hai1="42,29,91,33,63,49,129,95,45,113,100,110,2" hai2="66,60,24,46,93,99,55,31,82,50,111,16,7" hai3="77,35,73,132,41,76,89,118,115,121,21,70,69"/><U58/><E113/><V131/><F111/><W15/><G35/><T5/><D68/><U125/><E2/><V65/><F131/><W14/><G115/><T105/><D105/><U43/><E129/><V86/><F7/><W22/><G41/><N who="0" m="22975" /><D5/><U4/><E4/><V11/><F60/><W101/><G101/><T90/><D128/><U61/><E42/><V102/><F31/><W109/><G121/><T124/><D17/><U80/><E110/><V92/><F92/><W64/><G132/><T123/><D134/><U75/><E100/><V40/><F40/><W106/><G109/><T34/><D123/><U27/><E58/><V23/><REACH who="2" step="1"/><F11/><REACH who="2" ten="250,240,160,340" step="2"/><W0/><G106/><T67/><D112/><U9/><E9/><V108/><F108/><W10/><G10/><T78/><D67/><U81/><E63/><V85/><F85/><W62/><G62/><N who="0" m="36143" /><D78/><AGARI ba="0,1" hai="16,23,24,46,50,55,65,66,78,82,86,93,99,102" machi="78" ten="30,7700,0" yaku="1,1,7,1,8,1,54,1,53,0" doraHai="133" doraHaiUra="6" who="2" fromWho="0" sc="250,-77,240,0,160,87,340,0" /><INIT seed="2,0,0,0,5,13" ten="173,240,247,340" oya="2" hai0="15,9,133,62,72,37,129,98,40,128,126,84,92" hai1="35,88,16,134,110,90,63,52,99,89,2,87,69" hai2="67,130,10,114,86,28,95,106,19,81,97,112,8" hai3="80,68,105,54,73,4,1,58,75,108,116,53,94"/><V113/><F106/><W11/><G105/><T39/><D72/><U85/><E35/><V125/><F130/><N who="0" m="50282" /><D40/><U107/><E2/><V20/><F125/><W30/><G68/><T96/><D126/><U56/><E69/><V29/><F67/><W33/><G116/><T60/><D84/><N who="1" m="32331" /><E107/><V82/><F28/><W22/><G33/><T119/><D133/><U78/><E110/><V102/><F29/><W135/><G53/><T100/><D98/><U61/><E134/><V64/><F64/><W43/><G43/><T42/><D119/><U7/><E7/><V115/><N who="2" m="28672" /><DORA hai="51" /><V70/><F70/><W14/><G4/><T31/><D31/><U36/><E36/><N who="0" m="13897" /><D42/><U104/><E104/><V59/><F59/><W21/><G58/><T50/><D50/><N who="1" m="30743" /><E78/><V34/><F34/><W79/><G79/><T24/><D24/><U32/><E32/><V0/><F0/><W25/><G1/><T121/><D121/><U26/><E99/><V48/><F86/><W27/><G135/><T55/><D55/><U91/><N who="1" m="22528" /><DORA hai="17" /><U123/><E123/><V109/><F109/><W46/><G54/><T111/><D111/><U3/><E3/><V71/><F48/><W83/><G108/><T124/><D124/><U23/><AGARI ba="0,0" hai="16,23,26,61,63" m="22528,30743,32331" machi="23" ten="50,12000,2" yaku="8,1,52,3,54,3" doraHai="13,51,17" who="1" fromWho="1" sc="173,-30,240,120,247,-60,340,-30" /><INIT seed="3,0,0,4,5,98" ten="143,360,187,310" oya="3" hai0="77,23,113,134,51,99,111,87,130,50,94,60,48" hai1="96,27,135,92,85,28,124,33,59,54,109,78,62" hai2="133,123,129,16,86,75,3,53,25,100,93,4,76" hai3="46,107,52,80,112,82,44,45,30,36,114,119,20"/><W10/><G119/><T132/><D111/><U116/><E109/><V32/><F123/><W68/><G68/><T17/><D130/><U70/><E70/><V131/><F133/><W47/><G107/><T115/><D77/><U40/><E40/><V26/><F75/><W38/><G10/><T58/><D87/><U61/><E135/><N who="0" m="51753" /><D23/><U84/><E124/><V65/><F65/><W97/><G97/><T35/><D17/><U11/><E116/><V39/><F39/><W5/><G5/><T13/><D13/><U67/><E78/><V91/><F76/><W117/><G117/><T7/><D7/><U49/><E11/><V0/><F0/><W66/><G66/><N who="0" m="39191" /><D35/><U63/><REACH who="1" step="1"/><E67/><REACH who="1" ten="143,350,187,310" step="2"/><V1/><F3/><W88/><G36/><T110/><D110/><U43/><E43/><V121/><F1/><W127/><G38/><T89/><D89/><AGARI ba="0,1" hai="27,28,33,49,54,59,61,62,63,84,85,89,92,96" machi="89" ten="40,2600,0" yaku="1,1,53,1" doraHai="98" doraHaiUra="90" who="1" fromWho="0" sc="143,-26,350,36,187,0,310,0" owari="117,-38.3,386,48.6,187,-21.3,310,11.0" /></mjloggm>