<mjloggm ver="2.3"><GO type="225" lobby="0"/><UN n0="%E3%81%82%E3%81%99%E3%81%AB%E3%82%83%E3%82%80" n1="%E7%B4%94%E6%BD%94%E3%83%94%E3%83%A9%E3%83%8B%E3%82%A2" n2="%E5%A4%96%E5%B7%9D%E7%AB%9C%E6%88%90" n3="%43%68%65" dan="16,18,16,16" rate="2154.17,2229.34,2225.13,2122.50" sx="F,M,M,M"/><TAIKYOKU oya="0"/><INIT seed="0,0,0,4,5,108" ten="250,250,250,250" oya="0" hai0="76,83,51,126,114,77,99,113,36,28,16,84,87" hai1="13,100,12,8,79,60,106,131,112,0,41,62,19" hai2="110,66,3,102,39,50,130,20,42,129,123,96,57" hai3="118,25,135,94,93,132,117,86,15,63,89,116,104"/><T85/><D36/><U27/><E0/><V52/><F3/><W98/><G25/><T91/><D28/><U128/><E41/><V71/><F123/><W2/><G2/><T72/><D51/><U88/><E79/><N who="0" m="30281" /><D16/><N who="1" m="8199" /><E100/><V134/><F20/><W35/><G15/><T58/><D58/><U95/><E106/><V67/><F134/><N who="3" m="51243" /><G63/><T32/><D32/><U30/><E112/><N who="0" m="43113" /><D126/><U18/><E18/><V24/><F24/><W49/><G49/><T121/><D121/><U133/><E133/><V64/><F71/><W1/><G35/><T26/><D26/><U44/><E44/><N who="2" m="23647" /><F96/><W73/><G1/><T127/><D127/><U124/><E124/><V68/><F102/><N who="3" m="62551" /><G73/><T80/><D72/><U82/><E27/><V45/><F68/><W43/><G43/><T65/><D65/><N who="2" m="25194" /><F110/><W11/><G11/><T33/><D33/><U125/><E30/><V97/><F97/><W47/><G47/><T61/><D61/><AGARI ba="0,0" hai="45,50,52,57,61,67,129,130" m="25194,23647" machi="61" ten="30,3900,0" yaku="34,2,54,1" doraHai="108" who="2" fromWho="0" sc="250,-39,250,0,250,39,250,0" /><INIT seed="1,0,0,1,3,5" ten="211,250,289,250" oya="1" hai0="76,21,1,50,62,12,114,121,100,98,101,31,4" hai1="33,124,42,129,34,9,78,126,53,68,127,87,130" hai2="123,132,44,27,88,65,6,106,47,93,29,48,0" hai3="7,2,128,56,108,30,8,58,20,85,97,90,39"/><U57/><E68/><V89/><F123/><W66/><G108/><T32/><D114/><U110/><E42/><V18/><F106/><W107/><G39/><T70/><D121/><U134/><E78/><V11/><F132/><W116/><G128/><N who="1" m="49258" /><E87/><V51/><F65/><W49/><G116/><T60/><D76/><U41/><E41/><V38/><F18/><W28/><G66/><T103/><D98/><U63/><E110/><V35/><F38/><W61/><G49/><T91/><D70/><U45/><E45/><V80/><F80/><W73/><G73/><T46/><D91/><U14/><E134/><V104/><F104/><W77/><G77/><T92/><D92/><U117/><E117/><V59/><F59/><W17/><G58/><T79/><D79/><U84/><E84/><V55/><F93/><W67/><G97/><T118/><D118/><U54/><E53/><AGARI ba="0,0" hai="0,6,11,27,29,35,44,47,48,51,53,55,88,89" machi="53" ten="30,7700,0" yaku="7,1,9,1,52,1,54,1" doraHai="5" who="2" fromWho="1" sc="211,0,250,-77,289,77,250,0" /><INIT seed="2,0,0,4,4,38" ten="211,173,366,250" oya="2" hai0="133,29,14,96,127,28,31,80,9,90,122,103,114" hai1="24,33,30,7,88,104,128,2,57,39,0,56,25" hai2="95,97,19,92,49,119,23,27,36,65,8,54,26" hai3="44,82,51,13,64,116,74,102,121,87,58,10,41"/><V76/><F119/><W115/><G121/><T79/><D114/><U50/><E104/><V94/><F36/><W84/><G116/><T17/><D122/><U117/><E39/><V81/><F65/><W15/><G115/><T70/><D70/><U69/><E69/><V135/><F135/><W126/><G126/><T106/><D127/><U113/><E113/><V125/><F125/><W48/><G102/><T59/><D133/><U108/><E117/><V53/><F8/><W60/><G74/><T67/><D90/><U73/><E73/><V93/><F27/><W61/><G61/><T89/><D89/><U110/><E128/><V47/><F54/><W72/><G51/><T37/><D37/><U20/><E88/><N who="2" m="55431" /><F81/><W22/><G72/><T98/><D98/><U123/><E123/><V129/><F129/><W111/><G111/><T134/><D134/><U85/><E85/><V130/><F130/><W77/><G87/><T75/><D59/><U101/><E56/><V62/><F62/><W43/><G22/><T21/><REACH who="0" step="1"/><D67/><REACH who="0" ten="201,173,366,250" step="2"/><U68/><E68/><V45/><F45/><W11/><REACH who="3" step="1"/><G43/><REACH who="3" ten="201,173,366,240" step="2"/><T34/><D34/><U35/><E33/><V32/><F32/><W40/><G40/><T6/><D6/><U118/><E7/><V124/><F124/><W42/><G42/><T71/><D71/><U1/><E118/><V12/><F76/><W131/><G131/><T52/><D52/><N who="1" m="31895" /><E101/><V109/><F109/><W55/><G55/><T132/><D132/><U4/><E4/><V107/><F53/><W120/><G120/><T112/><D112/><U99/><E99/><RYUUKYOKU ba="0,2" sc="201,10,173,10,366,-30,240,10" hai0="9,14,17,21,28,29,31,75,79,80,96,103,106" hai1="0,1,2,20,24,25,30,35,108,110" hai3="10,11,13,15,41,44,48,58,60,64,77,82,84" /><INIT seed="3,1,2,2,4,115" ten="211,183,336,250" oya="3" hai0="121,133,93,14,6,49,53,1,84,114,113,42,78" hai1="129,23,51,56,119,79,107,99,30,55,134,52,36" hai2="120,22,131,59,126,2,68,94,33,77,62,75,44" hai3="43,12,10,69,117,26,57,25,109,91,21,0,24"/><W58/><G69/><T76/><D121/><U74/><E36/><V48/><F33/><W54/><G117/><T67/><D1/><U72/><E119/><V102/><F2/><W110/><G43/><T27/><D133/><U11/><E134/><V112/><F68/><W104/><G0/><T28/><D67/><U65/><E65/><V101/><F75/><W63/><G104/><T128/><D128/><U111/><E129/><V20/><F77/><W86/><G58/><T95/><D42/><U130/><E130/><V19/><F20/><W47/><G47/><T50/><D14/><U103/><E111/><N who="3" m="42506" /><G12/><T127/><D6/><U81/><E55/><V9/><F59/><W46/><G10/><T88/><D127/><U70/><E70/><V32/><F9/><W38/><G46/><T61/><D61/><U13/><E23/><V64/><F22/><W5/><G5/><T40/><D40/><U92/><E30/><V16/><F44/><W39/><G21/><N who="0" m="15471" /><D53/><U106/><E74/><V83/><F131/><W8/><G8/><T85/><D113/><U108/><E108/><V124/><F32/><W3/><G3/><T96/><D114/><U73/><E72/><V135/><F112/><W34/><G34/><T37/><D37/><U4/><AGARI ba="1,2" hai="4,11,13,51,52,56,73,79,81,92,99,103,106,107" machi="4" ten="20,2700,0" yaku="0,1,7,1,54,1" doraHai="115" who="1" fromWho="1" sc="211,-8,183,50,336,-8,250,-14" owari="203,-29.7,233,-16.7,328,42.8,236,3.6" /></mjloggm>