<mjloggm ver="2.3"><GO type="225" lobby="0"/><UN n0="%E4%B8%89%E5%88%86%E5%B0%8F%E5%83%A7" n1="%E3%81%AF%E3%82%88%E3%81%8A%E3%81%98%E3%81%95%E3%82%93" n2="%E5%91%A8%E6%9D%B1" n3="%6D%61%74%69%67%75%73%61" dan="16,17,17,17" rate="2089.63,2155.01,2149.89,2173.34" sx="M,M,M,M"/><TAIKYOKU oya="0"/><INIT seed="0,0,0,0,5,133" ten="250,250,250,250" oya="0" hai0="7,12,25,88,28,55,70,128,85,87,116,19,96" hai1="117,74,57,41,64,31,6,2,24,93,30,15,59" hai2="34,4,122,69,3,48,71,91,39,62,134,42,104" hai3="47,83,90,107,73,79,102,121,16,27,95,1,51"/><T13/><D116/><U46/><E74/><V86/><F122/><W11/><G121/><T21/><D128/><U49/><E117/><V18/><F134/><W63/><G107/><T72/><D72/><U37/><E2/><V38/><F104/><W84/><G102/><T120/><D120/><U26/><E93/><V108/><F34/><W44/><G63/><T35/><D70/><U127/><E127/><V56/><F18/><W123/><G123/><T89/><D55/><U40/><E40/><V22/><F22/><W100/><G100/><T66/><D66/><U125/><E125/><V115/><F115/><W130/><G130/><T110/><D110/><U105/><E105/><V77/><F77/><W53/><G1/><T81/><D96/><U75/><E75/><V10/><F108/><W129/><G129/><T17/><D7/><U82/><E82/><V113/><F48/><W54/><G27/><N who="1" m="10282" /><E37/><V0/><F0/><W65/><G65/><T9/><REACH who="0" step="1"/><D87/><REACH who="0" ten="240,250,250,250" step="2"/><U5/><E6/><V135/><F135/><W111/><G111/><T126/><D126/><U67/><E64/><N who="2" m="38983" /><F113/><W43/><G44/><T8/><D8/><N who="1" m="4495" /><E67/><V80/><F42/><W131/><G131/><T112/><D112/><U23/><E23/><V106/><F106/><W50/><G73/><T118/><D118/><U78/><E59/><V20/><F20/><W45/><G43/><T92/><D92/><U60/><E57/><V114/><F114/><W103/><G95/><T58/><D58/><U109/><E109/><V68/><F71/><W97/><G11/><T52/><D52/><U36/><E41/><RYUUKYOKU ba="0,1" sc="240,15,250,-15,250,15,250,-15" hai0="9,12,13,17,19,21,25,28,35,81,85,88,89" hai2="3,4,10,38,39,68,69,80,86,91" /><INIT seed="0,1,1,2,1,116" ten="255,235,265,235" oya="0" hai0="68,23,37,72,97,54,117,41,0,129,53,6,35" hai1="48,27,91,33,46,15,120,44,2,67,20,115,40" hai2="47,100,71,119,64,81,131,50,25,36,122,63,9" hai3="75,11,19,39,8,73,130,14,76,108,28,92,3"/><T124/><D35/><U96/><E2/><V133/><F119/><W127/><G39/><T79/><D117/><U103/><E115/><V110/><F133/><W134/><G28/><T60/><D124/><U109/><E109/><V21/><F110/><W34/><G34/><T4/><D129/><U51/><E33/><V66/><F131/><W24/><G24/><T7/><D0/><U65/><E120/><V94/><F36/><W84/><G130/><T18/><D97/><U78/><E78/><V89/><F64/><W99/><G108/><T77/><D68/><U98/><E15/><V17/><F9/><W118/><G118/><T85/><D72/><U93/><E98/><V56/><F71/><W87/><G134/><T121/><D121/><U83/><E83/><V5/><F5/><W125/><G11/><T55/><D60/><U22/><E22/><V114/><F114/><W45/><G45/><T29/><D29/><U90/><E67/><V102/><F81/><N who="3" m="45215" /><G73/><T105/><D105/><U111/><E65/><V128/><F122/><W42/><G3/><T16/><D85/><U86/><E86/><N who="2" m="52535" /><F128/><W82/><G82/><T1/><D1/><U70/><E70/><V80/><F80/><W61/><G87/><T95/><D95/><U62/><E62/><V123/><F123/><W31/><G84/><T26/><REACH who="0" step="1"/><D18/><REACH who="0" ten="245,235,265,235" step="2"/><N who="1" m="12695" /><E111/><V58/><F58/><W132/><G61/><T69/><D69/><U126/><E126/><N who="3" m="48138" /><G132/><T113/><D113/><U32/><E32/><V107/><F107/><W59/><G31/><T43/><D43/><AGARI ba="1,2" hai="40,43,44,46,48,51,90,91,93,96,103" m="12695" machi="43" ten="30,1000,0" yaku="8,1" doraHai="116" who="1" fromWho="0" sc="245,-13,235,33,265,0,235,0" /><AGARI ba="1,0" hai="17,21,25,43,47,50,56,63,66,100,102" m="52535" machi="43" ten="30,1000,0" yaku="8,1" doraHai="116" who="2" fromWho="0" sc="232,-10,268,0,265,10,235,0" /><INIT seed="1,0,0,3,1,78" ten="222,268,275,235" oya="1" hai0="21,92,7,45,22,57,116,105,20,126,131,62,114" hai1="48,115,68,40,11,72,130,63,29,73,85,97,120" hai2="127,83,36,56,80,43,4,119,42,111,75,84,16" hai3="94,47,89,86,74,104,17,133,81,23,25,128,135"/><U67/><E120/><V58/><F119/><W31/><G104/><T79/><D105/><U6/><E115/><V18/><F111/><W49/><G128/><T15/><D114/><U59/><E130/><V32/><F32/><W51/><G74/><T109/><D109/><U2/><E29/><V117/><F117/><W28/><G51/><T64/><D116/><U70/><E97/><V5/><F36/><W101/><G101/><T38/><D131/><U69/><E85/><V112/><F84/><W27/><G94/><T99/><D79/><U19/><E19/><V134/><F112/><W10/><G10/><N who="0" m="4575" /><D38/><U88/><E88/><V0/><F0/><W8/><G8/><T123/><D126/><U106/><E106/><V90/><F90/><W100/><G100/><N who="0" m="60519" /><D123/><U35/><E35/><V102/><F102/><W50/><G50/><T132/><D132/><N who="3" m="50761" /><G27/><T124/><D124/><U118/><E118/><V125/><REACH who="2" step="1"/><F134/><REACH who="2" ten="222,268,265,235" step="2"/><W98/><G98/><T54/><D45/><U129/><E129/><V60/><F60/><W30/><G47/><T110/><D110/><U65/><E73/><AGARI ba="0,1" hai="4,5,16,18,42,43,56,58,73,75,80,83,125,127" machi="73" ten="25,12000,2" yaku="1,1,22,2,52,2,54,1,53,0" doraHai="78" doraHaiUra="41" who="2" fromWho="1" sc="222,0,268,-120,265,130,235,0" /><INIT seed="2,0,0,2,0,99" ten="222,148,395,235" oya="2" hai0="8,119,58,32,96,62,69,66,111,42,104,113,57" hai1="54,59,61,98,126,81,103,78,45,120,2,13,105" hai2="26,48,125,91,122,35,124,37,86,11,63,64,135" hai3="127,16,27,117,3,55,18,15,112,82,89,87,19"/><V21/><F37/><W33/><G117/><T75/><D113/><U10/><E126/><V134/><F35/><W95/><G127/><N who="2" m="48713" /><F48/><W44/><G3/><T51/><D75/><U40/><E120/><V7/><F122/><W60/><G112/><T46/><D32/><U1/><E13/><N who="2" m="5375" /><F86/><W115/><G115/><T9/><D111/><U6/><E1/><V68/><F91/><W109/><G109/><T85/><D85/><U50/><E81/><V20/><F26/><W5/><G33/><T34/><D34/><U107/><REACH who="1" step="1"/><E78/><REACH who="1" ten="222,138,395,235" step="2"/><V106/><F135/><W108/><G108/><T24/><D119/><U38/><E38/><V83/><F134/><W4/><G82/><T41/><D24/><U101/><E101/><V73/><F83/><W131/><G27/><T56/><REACH who="0" step="1"/><D42/><REACH who="0" ten="212,138,395,235" step="2"/><U100/><E100/><AGARI ba="0,2" hai="8,9,41,46,51,56,57,58,62,66,69,96,100,104" machi="100" ten="40,5200,0" yaku="1,1,2,1,52,1,53,0" doraHai="99" doraHaiUra="121" who="0" fromWho="1" sc="212,72,138,-52,395,0,235,0" /><INIT seed="3,0,0,3,1,135" ten="284,86,395,235" oya="3" hai0="19,71,31,120,81,102,24,60,130,15,106,87,47" hai1="7,123,1,101,131,75,86,105,4,50,114,2,0" hai2="100,49,8,95,107,104,33,32,126,34,124,11,56" hai3="69,10,79,61,68,22,66,59,65,23,21,20,113"/><W72/><G113/><T12/><D120/><U93/><E123/><V125/><F95/><W134/><G134/><T121/><D47/><U55/><E114/><V118/><F118/><W110/><N who="3" m="5120" /><DORA hai="53" /><W67/><G110/><T27/><D19/><U29/><E75/><V112/><F112/><W18/><G79/><T26/><D130/><U45/><E131/><V74/><F74/><W84/><G84/><T43/><D43/><U111/><E111/><V41/><F100/><W46/><G72/><T77/><D26/><U13/><E105/><N who="2" m="40523" /><F56/><W70/><REACH who="3" step="1"/><G46/><AGARI ba="0,0" hai="8,11,32,33,34,41,46,49,124,125,126" m="40523" machi="46" ten="50,8000,1" yaku="18,1,52,3" doraHai="135,53" who="2" fromWho="3" sc="284,0,86,0,395,80,235,-80" owari="284,8.4,86,-41.4,475,57.5,155,-24.5" /></mjloggm>