<mjloggm ver="2.3"><GO type="225" lobby="0"/><UN n0="%E3%81%BE%E3%81%A8%E3%81%9F" n1="%79%6B%66%35%35%33%38%39" n2="%47%68%6F%73%74%55%30" n3="%E5%B8%86%E7%AB%8B%E5%A4%8F%E8%A1%A3" dan="16,16,17,16" rate="2083.07,2131.50,2160.93,2072.43" sx="M,M,M,M"/><TAIKYOKU oya="0"/><INIT seed="0,0,0,3,2,101" ten="250,250,250,250" oya="0" hai0="58,19,125,46,104,66,103,21,67,8,89,7,92" hai1="132,118,107,53,95,83,114,24,105,29,23,115,77" hai2="63,27,134,122,111,73,120,14,30,94,54,20,50" hai3="2,133,62,69,82,96,1,84,129,59,39,35,98"/><T106/><D125/><U68/><E118/><V128/><F73/><W31/><G39/><T3/><D46/><U99/><E68/><V25/><F111/><W80/><G133/><T61/><D103/><N who="1" m="60927" /><E53/><V36/><F36/><W108/><G108/><T13/><REACH who="0" step="1"/><D67/><REACH who="0" ten="240,250,250,250" step="2"/><U131/><E132/><V28/><F134/><W52/><G129/><T112/><D112/><N who="1" m="43051" /><E131/><V127/><F128/><W121/><G121/><T65/><D65/><U110/><E110/><V26/><F127/><W93/><G59/><T109/><D109/><U87/><AGARI ba="0,1" hai="23,24,29,77,83,87,105,107" m="43051,60927" machi="87" ten="30,4000,0" yaku="11,1,52,2" doraHai="101" who="1" fromWho="1" sc="240,-20,250,50,250,-10,250,-10" /><INIT seed="1,0,0,1,5,90" ten="220,300,240,240" oya="1" hai0="72,30,41,78,36,69,7,52,85,4,3,103,105" hai1="97,0,118,123,82,131,25,74,37,9,43,93,104" hai2="129,47,49,130,53,65,83,12,115,127,2,95,92" hai3="33,77,75,84,116,18,54,26,120,64,66,45,107"/><U80/><E118/><V76/><F2/><W89/><G120/><T106/><D69/><U27/><E123/><V86/><F127/><W51/><G116/><T128/><D85/><U24/><E104/><V46/><F115/><W121/><G107/><T113/><D113/><U108/><E131/><N who="2" m="50187" /><F65/><W15/><G121/><T10/><D30/><U62/><E108/><V73/><F12/><W122/><G122/><T101/><D105/><U57/><E74/><V5/><F5/><W48/><G75/><T132/><D106/><U40/><E0/><V1/><F1/><W81/><G77/><T133/><D7/><U58/><E9/><V22/><F22/><W6/><G51/><T100/><D52/><N who="1" m="34087" /><E37/><V70/><F70/><W32/><G32/><T55/><D55/><U79/><E58/><N who="2" m="33071" /><F73/><W63/><G63/><T117/><D117/><U60/><E60/><V38/><F38/><W67/><G33/><T124/><D124/><U98/><E98/><V59/><F59/><W28/><G28/><T21/><D128/><U134/><E134/><V50/><F50/><W125/><G125/><T87/><D72/><U99/><E99/><V31/><F31/><W19/><G6/><T16/><D36/><U109/><E109/><V119/><F119/><W20/><G66/><T23/><D23/><AGARI ba="0,0" hai="15,18,19,20,23,26,45,48,54,64,67,81,84,89" machi="23" ten="30,2000,0" yaku="7,1,8,1" doraHai="90" who="3" fromWho="0" sc="220,-20,300,0,240,0,240,20" /><INIT seed="2,0,0,4,0,19" ten="200,300,240,260" oya="2" hai0="95,53,72,130,61,131,9,115,25,106,112,133,46" hai1="67,51,90,45,91,8,99,76,44,89,17,97,127" hai2="116,34,63,11,18,132,65,111,33,50,109,37,66" hai3="119,80,48,0,77,79,102,70,7,105,59,68,4"/><V20/><F116/><W55/><G119/><T35/><D106/><U81/><E127/><V36/><F132/><W113/><G113/><T27/><D72/><U42/><E67/><V128/><F128/><N who="0" m="49194" /><D95/><U94/><E45/><V84/><F11/><W6/><G0/><T60/><D46/><U23/><E8/><V28/><F50/><W93/><G105/><T78/><D53/><U21/><E97/><V2/><F2/><W96/><REACH who="3" step="1"/><G77/><REACH who="3" ten="200,300,240,250" step="2"/><T64/><D78/><U121/><E121/><V120/><F120/><W69/><G69/><T43/><D133/><U39/><E39/><V29/><F36/><W110/><G110/><N who="2" m="41993" /><F37/><W103/><G103/><T57/><D115/><U71/><E71/><N who="2" m="42431" /><F66/><W123/><G123/><T92/><D112/><U83/><E76/><V73/><F33/><W98/><G98/><T15/><D35/><U3/><E3/><V62/><F34/><W108/><G108/><T129/><D129/><U134/><E134/><V118/><F118/><W114/><G114/><T52/><D64/><U5/><E99/><V31/><F73/><AGARI ba="0,1" hai="4,6,7,48,55,59,68,70,73,79,80,93,96,102" machi="73" ten="40,2600,0" yaku="1,1,53,1" doraHai="19" doraHaiUra="74" who="3" fromWho="2" sc="200,0,300,0,240,-26,250,36" /><INIT seed="3,0,0,2,0,40" ten="200,300,214,286" oya="3" hai0="100,5,94,59,78,111,92,15,117,88,80,98,9" hai1="124,55,23,127,60,36,16,81,125,1,25,56,128" hai2="41,90,122,120,65,11,84,38,85,93,39,44,33" hai3="126,48,32,10,135,115,129,121,75,34,112,42,68"/><W116/><RYUUKYOKU type="yao9" ba="0,0" sc="200,0,300,0,214,0,286,0" hai3="10,32,34,42,48,68,75,112,115,116,121,126,129,135" /><INIT seed="3,1,0,1,4,108" ten="200,300,214,286" oya="3" hai0="14,8,81,119,99,41,56,38,20,113,27,28,35" hai1="63,107,92,40,76,47,23,60,130,39,90,109,67" hai2="71,98,64,122,123,52,34,24,70,17,121,83,102" hai3="18,115,96,43,88,87,57,37,68,95,5,124,116"/><W7/><G116/><T65/><D119/><U25/><E109/><V2/><F2/><W42/><G115/><T100/><D35/><U101/><E130/><V134/><F134/><W10/><G68/><T55/><D38/><U75/><E107/><N who="2" m="63959" /><F64/><W131/><G124/><T6/><D41/><N who="3" m="15369" /><G131/><T11/><D11/><U69/><E101/><V9/><F52/><W89/><G37/><T114/><D81/><U59/><E75/><V45/><F45/><W0/><G0/><T44/><D44/><U104/><E104/><V79/><F9/><W91/><G57/><T62/><REACH who="0" step="1"/><D55/><REACH who="0" ten="190,300,214,286" step="2"/><U126/><E47/><V16/><F34/><W3/><G3/><T73/><D73/><U74/><E74/><N who="2" m="43511" /><F17/><W135/><G18/><T48/><D48/><U84/><E40/><V32/><F16/><W105/><G10/><T132/><D132/><U110/><E39/><V21/><F21/><W85/><G135/><T127/><D127/><U93/><E126/><V29/><AGARI ba="1,1" hai="24,29,32,70,71,121,122,123" m="43511,63959" machi="29" ten="40,2700,0" yaku="13,1,23,1" doraHai="108" who="2" fromWho="2" sc="190,-8,300,-8,214,40,286,-14" /><INIT seed="4,0,0,1,1,60" ten="182,292,254,272" oya="0" hai0="1,98,84,20,123,72,54,88,89,35,78,112,131" hai1="114,120,113,8,86,19,91,61,74,50,134,49,21" hai2="79,46,7,43,53,62,32,93,59,107,23,3,117" hai3="130,12,125,10,104,45,51,116,115,2,122,4,96"/><T77/><D123/><U31/><E120/><V48/><F107/><W30/><G122/><T56/><D35/><U36/><E36/><V111/><F32/><W71/><G115/><N who="1" m="44042" /><E134/><V100/><F111/><W97/><G116/><T135/><D112/><U70/><E74/><V38/><F79/><W34/><G125/><T44/><D1/><U37/><E37/><V80/><F80/><W41/><G130/><T67/><D72/><U94/><E31/><V83/><F83/><W58/><G71/><T5/><D5/><U22/><E8/><V26/><F117/><W47/><G104/><T76/><D131/><U118/><E118/><V6/><F3/><W28/><G2/><T103/><D20/><N who="1" m="7787" /><E19/><N who="2" m="12671" /><F38/><W39/><G34/><T128/><D128/><U126/><E126/><V99/><AGARI ba="0,0" hai="6,7,43,46,48,53,59,62,93,99,100" m="12671" machi="99" ten="30,1100,0" yaku="8,1" doraHai="60" who="2" fromWho="2" sc="182,-5,292,-3,254,11,272,-3" /><INIT seed="5,0,0,4,3,129" ten="177,289,265,269" oya="1" hai0="55,68,101,17,73,14,67,40,22,105,104,52,24" hai1="90,76,123,26,60,66,118,8,1,59,58,62,82" hai2="4,102,50,130,135,0,84,74,3,19,63,64,41" hai3="109,83,2,5,120,132,45,99,111,122,134,95,81"/><U70/><E118/><V29/><F74/><W80/><G45/><T30/><D73/><U31/><E123/><N who="3" m="47146" /><G5/><T44/><D67/><U133/><E133/><N who="3" m="51306" /><G2/><T20/><D68/><U117/><E117/><V88/><F130/><W7/><G7/><T124/><D124/><U100/><E1/><V78/><F78/><W23/><G23/><T12/><D12/><U106/><E90/><AGARI ba="0,0" hai="80,81,83,90,95,99,109,111" m="51306,47146" machi="90" ten="40,12000,2" yaku="20,1,34,2,52,3" doraHai="129" who="3" fromWho="1" sc="177,0,289,-120,265,0,269,120" owari="177,-22.3,169,-33.1,265,6.5,389,48.9" /></mjloggm>