<mjloggm ver="2.3"><GO type="225" lobby="0"/><UN n0="%E3%83%AD%E3%83%83%E3%83%86%E9%9B%80%E7%90%83" n1="%E5%AE%AE%E4%BF%9D%E9%B6%8F%E8%82%89" n2="%E6%97%A5%E6%9B%9C%E6%97%A5%E3%82%88%E3%82%8A%E3%81%AE%E4%BD%BF%E8%80%85" n3="%E3%82%82%E3%81%90%E3%82%89" dan="17,16,17,17" rate="2266.78,2132.34,2152.51,2171.31" sx="M,M,M,M"/><TAIKYOKU oya="0"/><INIT seed="0,0,0,3,0,129" ten="250,250,250,250" oya="0" hai0="12,119,132,78,117,115,42,52,6,9,124,130,99" hai1="101,16,69,15,27,131,66,98,0,127,118,14,61" hai2="113,104,25,23,81,21,93,39,4,125,46,90,38" hai3="107,92,33,45,32,59,65,8,123,97,120,58,48"/><T63/><D115/><U41/><E118/><V80/><F113/><W49/><G107/><T31/><D130/><U55/><E0/><V67/><F104/><W30/><G8/><T105/><D124/><U29/><E127/><V82/><F125/><W56/><G65/><T17/><D132/><U75/><E75/><V106/><F106/><W62/><G62/><T76/><D31/><U114/><E131/><V36/><F67/><W5/><G5/><T20/><D42/><U73/><E73/><V126/><F126/><W71/><G71/><T47/><D119/><U103/><E114/><V50/><F4/><W57/><N who="3" m="14336" /><DORA hai="35" /><W87/><G87/><T72/><D63/><U116/><E55/><V24/><F21/><W108/><G108/><T109/><D109/><U40/><E14/><V34/><F34/><W134/><G134/><T122/><D122/><N who="3" m="46633" /><G30/><T121/><D121/><U74/><E74/><V60/><F60/><W54/><G48/><N who="0" m="28703" /><D72/><U22/><E116/><V7/><F7/><W10/><G10/><T19/><D117/><U1/><E1/><V96/><REACH who="2" step="1"/><F23/><REACH who="2" ten="250,250,240,250" step="2"/><W112/><G112/><T111/><D111/><U94/><REACH who="1" step="1"/><E101/><AGARI ba="0,1" hai="32,33,45,49,54,92,97,101" m="46633,14336" machi="101" ten="40,1300,0" yaku="13,1" doraHai="129,35" who="3" fromWho="1" sc="250,0,250,-13,240,0,250,23" /><INIT seed="1,0,0,2,4,101" ten="250,237,240,273" oya="1" hai0="27,25,64,90,51,8,15,14,28,111,39,112,60" hai1="85,99,22,65,4,12,36,21,44,125,116,78,91" hai2="87,97,72,109,16,54,103,107,1,34,57,123,113" hai3="110,95,92,86,115,88,23,104,49,120,69,126,59"/><U42/><E116/><V0/><F123/><W47/><G120/><T19/><D111/><U33/><E33/><V82/><F34/><W98/><G115/><T68/><D39/><U9/><E125/><V96/><F109/><W130/><G69/><T94/><D112/><U13/><E65/><V121/><F121/><W11/><G110/><T55/><D28/><U37/><E37/><V73/><F113/><W46/><G126/><T29/><D29/><U7/><E78/><V2/><F97/><W26/><G104/><T35/><D15/><U30/><E99/><V77/><REACH who="2" step="1"/><F16/><REACH who="2" ten="250,237,230,273" step="2"/><N who="3" m="12647" /><G11/><T83/><D35/><U24/><E22/><V124/><F124/><W61/><G130/><T131/><D131/><U43/><E43/><V76/><F76/><W6/><G6/><T114/><D114/><U70/><E70/><V20/><F20/><W118/><G118/><T67/><D19/><U105/><E105/><V63/><AGARI ba="0,1" hai="0,1,2,54,57,63,72,73,77,82,87,96,103,107" machi="63" ten="30,4000,0" yaku="1,1,0,1,52,1,53,0" doraHai="101" doraHaiUra="84" who="2" fromWho="2" sc="250,-10,237,-20,230,50,273,-10" /><INIT seed="2,0,0,5,4,118" ten="240,217,280,263" oya="2" hai0="130,101,91,25,22,35,33,28,44,62,0,117,124" hai1="74,41,24,31,110,134,75,83,121,38,86,43,123" hai2="54,65,66,18,29,42,58,93,2,36,122,81,12" hai3="17,94,120,45,20,15,112,80,109,76,105,126,30"/><V111/><F2/><W90/><G105/><T115/><D115/><U5/><E110/><V32/><F32/><W92/><G109/><T8/><D101/><U56/><E5/><V72/><F72/><W70/><G70/><T104/><D104/><U10/><E10/><N who="2" m="6423" /><F36/><W34/><G112/><T23/><D124/><U87/><E134/><V128/><F122/><N who="1" m="46601" /><E87/><V55/><F128/><W129/><G129/><T132/><D117/><U97/><E97/><V48/><F111/><W59/><G126/><T11/><D11/><U98/><E98/><V133/><F133/><W69/><G69/><T37/><D8/><U49/><E38/><V106/><F106/><W103/><G103/><T125/><D37/><U50/><E74/><V107/><F107/><W60/><G120/><T27/><D125/><U9/><E9/><V67/><F81/><W7/><G80/><T47/><D0/><U1/><E1/><V131/><F131/><W14/><G94/><T114/><D132/><U53/><E75/><V13/><F29/><W79/><G30/><N who="0" m="17727" /><D114/><U119/><E119/><V21/><F93/><W4/><G92/><T113/><D113/><U135/><E135/><V68/><F68/><W19/><G4/><T57/><D130/><U63/><E41/><V84/><F84/><W85/><G85/><T100/><D100/><U61/><E43/><V95/><F95/><W82/><G82/><T99/><D99/><U78/><E50/><V127/><F127/><W39/><G7/><T96/><D96/><U40/><E40/><V52/><F42/><W88/><G39/><T71/><D91/><RYUUKYOKU ba="0,0" sc="240,-15,217,15,280,15,263,-15" hai1="24,31,49,53,56,61,63,78,83,86" hai2="13,21,48,52,54,55,58,65,66,67" /><INIT seed="2,1,0,3,1,125" ten="225,232,295,248" oya="2" hai0="89,65,5,119,96,131,92,81,76,3,95,132,52" hai1="117,78,22,105,53,129,107,7,45,61,84,62,40" hai2="73,66,31,94,108,103,8,69,100,90,113,2,79" hai3="63,20,99,14,18,80,1,82,36,25,91,23,57"/><V39/><F113/><W110/><G110/><T60/><D132/><U134/><E117/><V15/><F39/><W10/><G36/><T54/><D119/><U13/><E134/><V112/><F2/><W16/><G1/><T0/><D131/><U33/><E33/><V4/><F112/><W97/><G10/><T123/><D123/><U49/><E129/><V32/><F69/><W122/><G122/><T118/><D118/><U111/><E111/><V50/><F108/><W21/><G21/><T68/><D0/><U126/><E126/><V87/><F66/><W88/><G91/><T43/><D43/><U27/><E105/><V24/><F73/><W72/><G72/><T77/><D77/><U74/><E107/><V71/><F71/><W70/><G70/><T116/><D116/><U67/><E53/><V86/><F50/><W120/><G120/><T104/><D104/><U17/><E74/><V34/><F34/><W106/><G106/><T121/><D95/><U114/><E67/><V6/><F6/><W135/><G135/><T58/><D68/><U51/><E51/><V55/><F55/><N who="3" m="34239" /><G99/><T29/><D29/><U98/><E98/><V109/><REACH who="2" step="1"/><F109/><REACH who="2" ten="225,232,285,248" step="2"/><W101/><G101/><T30/><D121/><U11/><E114/><V28/><F28/><W75/><G75/><N who="0" m="43167" /><D30/><U12/><E12/><V93/><F93/><AGARI ba="1,1" hai="14,16,18,20,23,25,80,82,88,93,97" m="34239" machi="93" ten="30,7700,0" yaku="25,1,8,1,54,2" doraHai="125" who="3" fromWho="2" sc="225,0,232,0,285,-80,248,90" /><INIT seed="3,0,0,3,0,24" ten="225,232,205,338" oya="3" hai0="59,82,6,78,94,109,44,121,54,103,56,0,42" hai1="73,15,18,25,126,17,79,8,84,40,2,135,65" hai2="53,11,60,104,105,132,83,134,111,116,108,128,77" hai3="52,122,22,107,130,69,118,75,133,70,5,33,38"/><W66/><RYUUKYOKU type="yao9" ba="0,0" sc="225,0,232,0,205,0,338,0" hai3="5,22,33,38,52,66,69,70,75,107,118,122,130,133" /><INIT seed="3,1,0,4,0,104" ten="225,232,205,338" oya="3" hai0="119,1,0,8,22,80,84,73,98,30,18,108,10" hai1="20,41,43,39,70,68,27,65,76,110,58,52,19" hai2="123,103,29,133,53,23,114,40,93,46,111,21,135" hai3="87,78,32,42,120,50,38,113,5,86,33,28,125"/><W77/><G120/><T34/><D73/><U129/><E39/><V44/><F114/><W47/><G125/><T57/><D119/><U101/><E101/><V81/><F123/><W124/><G124/><T75/><D75/><U62/><E76/><V89/><F111/><W60/><G60/><T96/><D108/><U66/><E110/><V31/><F103/><W7/><G28/><N who="2" m="10825" /><F81/><W54/><G87/><T122/><D122/><U88/><E129/><V74/><F53/><W64/><G64/><N who="1" m="24682" /><E68/><V3/><F3/><W83/><G78/><N who="0" m="46103" /><D34/><U61/><E70/><V94/><F74/><W14/><G113/><T85/><D30/><U67/><N who="1" m="24690" /><U134/><DORA hai="95" /><E62/><V69/><F69/><W100/><G100/><T35/><D35/><U11/><E134/><N who="2" m="51211" /><F94/><W132/><G132/><T112/><D0/><U13/><E88/><V17/><F17/><AGARI ba="1,0" hai="11,13,17,19,20,27,41,43,52,58,61" m="24690" machi="17" ten="30,2000,0" yaku="8,1,54,1" doraHai="104,95" who="1" fromWho="2" sc="225,0,232,23,205,-23,338,0" owari="225,-17.5,255,5.5,182,-31.8,338,43.8" /></mjloggm>