<mjloggm ver="2.3"><GO type="225" lobby="0"/><UN n0="%E9%B3%B3%E6%9D%B1%E3%81%AE%E3%81%86%E3%81%95%E3%81%8E%E3%81%95%E3%82%93" n1="%4B%2E%32%2E%4B%2E" n2="%E6%A1%9C%E8%8A%B1%E9%96%83%E3%80%85" n3="%E4%BF%BA%E3%81%A8%E5%A6%96%E5%A4%A2" dan="17,17,17,16" rate="2233.63,2209.07,2176.89,2124.71" sx="M,M,M,F"/><TAIKYOKU oya="0"/><INIT seed="0,0,0,1,1,87" ten="250,250,250,250" oya="0" hai0="90,108,8,64,1,82,5,15,19,105,44,16,38" hai1="65,57,129,113,69,73,45,74,88,51,110,37,75" hai2="99,131,130,25,67,96,60,62,126,92,32,95,71" hai3="86,24,13,28,66,63,80,93,30,18,50,7,53"/><T23/><D105/><U109/><E129/><N who="2" m="49163" /><F126/><W97/><G7/><T27/><D64/><U132/><E132/><V116/><F116/><W124/><G124/><T3/><D108/><N who="1" m="41579" /><E113/><V94/><F62/><W114/><G114/><T83/><D90/><U84/><E69/><V6/><F6/><W20/><G63/><T115/><D115/><U134/><E134/><V107/><F107/><W85/><G66/><T101/><D101/><U68/><E68/><V112/><F112/><W33/><G30/><AGARI ba="0,0" hai="25,30,32,60,67,71,92,94,95,96,99" m="49163" machi="30" ten="30,1000,0" yaku="19,1" doraHai="87" who="2" fromWho="3" sc="250,0,250,0,250,10,250,-10" /><INIT seed="1,0,0,3,4,8" ten="250,250,260,240" oya="1" hai0="76,22,110,36,33,58,127,59,74,87,34,89,53" hai1="60,19,7,13,35,85,57,111,101,108,16,1,41" hai2="84,107,86,124,61,130,128,28,97,48,43,26,45" hai3="131,116,37,42,90,83,5,129,94,49,11,24,3"/><U122/><E122/><V9/><F124/><W71/><G37/><T133/><D127/><U121/><E121/><V2/><F61/><W88/><G71/><T6/><D36/><U68/><E35/><V66/><F66/><W62/><G116/><T112/><D112/><U64/><E41/><V98/><F2/><W75/><G62/><T106/><D6/><U20/><E101/><N who="2" m="62895" /><F98/><W123/><G24/><T100/><D110/><N who="1" m="42027" /><E85/><V40/><F9/><W115/><G115/><T96/><D133/><U135/><E135/><V134/><F43/><W21/><G21/><T44/><D22/><N who="1" m="11631" /><E7/><V114/><F114/><W104/><G123/><T4/><D4/><U77/><E77/><V73/><F134/><W113/><G113/><T79/><D79/><U17/><E1/><V93/><F84/><W47/><G104/><T67/><D33/><U54/><E20/><V81/><F86/><W29/><G29/><T69/><D34/><U27/><E27/><V119/><F26/><W120/><G120/><T91/><D87/><U105/><E105/><V39/><F28/><W46/><G94/><T63/><D89/><U99/><E99/><V31/><F31/><W117/><G90/><T118/><D91/><U55/><E55/><N who="2" m="30095" /><F93/><W30/><G30/><T52/><D118/><U25/><E25/><V102/><F119/><W95/><G117/><T72/><D53/><U18/><E54/><V56/><F102/><W126/><G126/><T82/><D74/><U14/><E14/><V51/><F73/><W32/><G75/><T109/><D109/><U0/><E0/><V70/><F40/><RYUUKYOKU ba="0,0" sc="250,15,250,15,260,-15,240,-15" hai0="44,52,58,59,63,67,69,72,76,82,96,100,106" hai1="16,17,18,57,60,64,68" /><INIT seed="1,1,0,0,4,74" ten="265,265,245,225" oya="1" hai0="49,56,72,65,23,81,1,42,106,111,123,95,50" hai1="133,62,19,94,76,41,90,32,16,121,93,75,34" hai2="11,3,109,71,122,70,92,132,126,21,6,25,64" hai3="4,61,48,86,66,80,22,57,29,9,59,8,44"/><U129/><E121/><V5/><F122/><W31/><G57/><T38/><D106/><U104/><E104/><V118/><F118/><W113/><G113/><T84/><D123/><U101/><E129/><V91/><F109/><W63/><G63/><T54/><D111/><U96/><E133/><V99/><F132/><W105/><G105/><T114/><D114/><U52/><E41/><V73/><F126/><W125/><G125/><T20/><D1/><U28/><E75/><V85/><F73/><W24/><G29/><T14/><D38/><U69/><E76/><V102/><F6/><W77/><REACH who="3" step="1"/><G4/><REACH who="3" ten="265,265,245,215" step="2"/><T33/><D56/><U87/><E28/><V127/><F127/><W128/><G128/><T0/><D65/><U15/><E69/><V88/><F64/><W58/><G58/><T26/><D33/><U36/><E32/><V55/><F71/><W40/><AGARI ba="1,1" hai="8,9,22,24,31,40,44,48,59,61,66,77,80,86" machi="40" ten="20,8000,1" yaku="1,1,0,1,7,1,8,1,52,1,53,0" doraHai="74" doraHaiUra="10" who="3" fromWho="3" sc="265,-21,265,-41,245,-21,215,93" /><INIT seed="2,0,0,4,0,113" ten="244,224,224,308" oya="2" hai0="97,38,126,42,13,83,53,132,68,94,105,128,117" hai1="36,70,119,52,72,75,125,112,84,43,29,102,101" hai2="79,89,92,107,21,46,56,106,127,16,54,100,60" hai3="93,99,10,7,114,27,34,71,122,12,104,82,2"/><V133/><F133/><W118/><G122/><T0/><D0/><U48/><E70/><V61/><F127/><W69/><G82/><T110/><D68/><U62/><E112/><V41/><F79/><W73/><G114/><T64/><D64/><U63/><E125/><V78/><F100/><W58/><G104/><T124/><D132/><U81/><E119/><V30/><F30/><W49/><G73/><T90/><D110/><U39/><E29/><V76/><F61/><W40/><G2/><T33/><D33/><U87/><E43/><V51/><F107/><W15/><G15/><T35/><D35/><U131/><E48/><V130/><F106/><W55/><G40/><T108/><D128/><U120/><E81/><V57/><F57/><W116/><G69/><T109/><D105/><U5/><E5/><V24/><F130/><W18/><G71/><T95/><D83/><U44/><E44/><V129/><F129/><W1/><G27/><T65/><D65/><U6/><E6/><V135/><F135/><W98/><G34/><T88/><D53/><U121/><REACH who="1" step="1"/><E52/><REACH who="1" ten="244,214,224,308" step="2"/><V28/><REACH who="2" step="1"/><F28/><REACH who="2" ten="244,214,214,308" step="2"/><W123/><G58/><T9/><D126/><U23/><E23/><V91/><F91/><W20/><G55/><T59/><D124/><U26/><E26/><V86/><AGARI ba="0,2" hai="16,21,24,41,46,51,54,56,60,76,78,86,89,92" machi="86" ten="20,18000,2" yaku="1,1,0,1,7,1,8,1,54,1,53,1" doraHai="113" doraHaiUra="80" who="2" fromWho="2" sc="244,-60,214,-60,214,200,308,-60" /><INIT seed="2,1,0,5,4,90" ten="184,154,414,248" oya="2" hai0="20,19,6,115,107,113,126,64,88,43,73,97,114" hai1="75,83,132,61,2,127,111,57,53,112,87,104,0" hai2="58,67,86,32,34,89,129,68,38,116,23,37,65" hai3="14,79,39,25,46,10,93,118,36,85,121,26,22"/><V1/><F116/><W4/><G118/><T55/><D73/><U48/><E112/><V56/><F1/><W71/><G71/><T3/><D126/><U103/><E127/><V5/><F5/><W28/><G121/><T63/><D43/><U99/><E111/><V128/><F89/><W105/><G105/><T47/><D6/><U60/><E132/><V108/><F23/><W40/><G36/><T74/><D74/><U9/><E75/><V52/><F86/><W94/><REACH who="3" step="1"/><G26/><REACH who="3" ten="184,154,414,238" step="2"/><T131/><D107/><U100/><E104/><V27/><F27/><W101/><G101/><T24/><D24/><U12/><E103/><V82/><F68/><W92/><G92/><T119/><D119/><U125/><E125/><V29/><F38/><W102/><G102/><T49/><D114/><U18/><E100/><V76/><F37/><W69/><G69/><T50/><D113/><U134/><E134/><V62/><F128/><W117/><G117/><T135/><D131/><U106/><E106/><V130/><F130/><W21/><G21/><T59/><D135/><U70/><E70/><V8/><F129/><W95/><G95/><T17/><D17/><BYE who="0" /><U31/><E18/><UN n0="%E9%B3%B3%E6%9D%B1%E3%81%AE%E3%81%86%E3%81%95%E3%81%8E%E3%81%95%E3%82%93" /><V72/><F34/><W13/><G13/><N who="0" m="9327" /><D115/><U35/><E35/><V44/><F32/><W66/><G66/><T133/><D133/><U11/><E12/><V98/><F67/><W109/><G109/><T80/><D3/><U123/><E0/><V77/><F65/><W7/><G7/><T54/><D64/><U51/><E2/><V124/><F108/><W16/><G16/><T81/><D50/><RYUUKYOKU ba="1,1" sc="184,15,154,-15,414,-15,238,15" hai0="47,49,54,55,59,63,80,81,88,97" hai3="4,10,14,22,25,28,39,40,46,79,85,93,94" /><INIT seed="3,2,1,3,1,8" ten="199,139,399,253" oya="3" hai0="33,18,55,57,0,119,15,48,113,53,68,35,97" hai1="130,108,51,110,103,44,93,29,3,22,99,98,116" hai2="111,107,92,67,115,66,50,4,2,64,20,88,109" hai3="39,7,38,12,131,102,28,25,21,46,69,13,128"/><W70/><G102/><T118/><D0/><U121/><E121/><V94/><F115/><W37/><G46/><T105/><D113/><U122/><E122/><V5/><F107/><W9/><REACH who="3" step="1"/><G13/><REACH who="3" ten="199,139,399,243" step="2"/><T86/><D15/><U75/><E103/><V91/><F2/><W132/><G132/><T42/><D105/><U56/><E3/><V16/><F111/><W100/><G100/><T58/><D119/><U120/><E116/><V19/><F109/><W77/><G77/><T49/><D118/><U17/><E120/><V45/><F91/><W36/><N who="3" m="9216" /><DORA hai="114" /><W78/><G78/><T135/><D135/><U23/><E110/><V80/><F88/><W40/><G40/><T87/><D42/><U129/><E108/><V72/><F45/><W63/><G63/><T79/><D79/><U47/><E47/><V95/><F50/><W14/><G14/><T96/><D48/><U106/><E44/><V85/><F4/><W59/><G59/><T30/><D49/><U65/><E56/><V81/><F5/><W31/><G31/><T61/><D30/><U1/><E1/><V43/><F43/><W10/><G10/><T41/><D41/><U89/><E29/><V117/><F117/><W6/><G6/><T24/><D61/><U101/><E51/><V104/><F19/><W112/><G112/><T127/><D18/><U125/><E17/><V124/><F16/><W134/><G134/><T74/><D57/><U133/><E133/><V126/><F126/><W123/><G123/><T73/><D58/><U82/><E125/><V83/><F124/><W26/><G26/><RYUUKYOKU ba="2,2" sc="199,-10,139,-10,399,-10,243,30" hai3="7,9,12,21,25,28,69,70,128,131" /><INIT seed="3,3,2,4,2,21" ten="189,129,389,273" oya="3" hai0="8,69,97,135,4,99,98,25,1,70,62,49,92" hai1="125,56,66,42,63,88,101,46,5,35,113,100,44" hai2="54,124,105,19,115,55,18,27,94,114,41,22,24" hai3="130,131,64,50,111,128,28,112,122,103,39,87,91"/><W36/><G112/><T84/><D135/><U132/><E35/><V121/><F105/><W58/><G122/><T119/><D119/><U81/><E113/><V76/><F121/><W83/><G111/><T73/><D73/><U79/><E125/><V117/><F117/><W37/><G103/><T96/><D49/><U72/><E132/><V32/><F124/><W77/><G28/><T29/><D62/><U26/><E26/><V67/><F67/><W2/><G2/><T65/><D65/><U89/><E5/><V93/><F22/><W108/><G108/><T74/><D74/><U20/><E20/><V60/><F60/><N who="3" m="37911" /><G50/><T106/><D106/><U33/><E33/><V90/><F32/><W80/><G80/><T59/><D59/><U95/><E46/><V104/><F104/><W38/><G38/><T71/><N who="0" m="24576" /><DORA hai="118" /><T0/><D0/><U6/><E6/><V12/><F94/><W102/><G102/><T134/><D134/><U116/><E89/><AGARI ba="3,2" hai="36,37,39,77,83,87,89,91,128,130,131" m="37911" machi="89" ten="40,2000,0" yaku="19,1" doraHai="21,118" who="3" fromWho="1" sc="189,0,129,-29,389,0,273,49" /><INIT seed="3,4,0,5,3,64" ten="189,100,389,322" oya="3" hai0="69,19,88,96,48,76,24,67,20,15,95,1,77" hai1="97,60,128,11,129,134,4,107,23,27,18,45,74" hai2="42,33,71,8,49,110,123,106,132,28,93,72,115" hai3="26,99,135,30,92,80,25,29,73,78,85,14,124"/><W83/><G124/><T103/><D1/><U51/><E74/><V81/><F106/><W32/><G135/><T111/><D111/><U119/><E134/><V31/><F71/><W54/><G14/><T36/><D36/><U120/><E120/><V0/><F132/><W13/><G13/><T102/><D48/><U131/><E119/><V43/><F93/><W12/><G12/><T38/><D38/><U98/><E107/><V6/><F110/><W16/><G54/><T84/><D103/><U56/><E11/><V125/><F115/><W37/><G37/><T108/><D108/><U59/><E4/><V109/><F109/><W94/><G99/><T79/><D69/><U35/><E35/><V7/><F7/><W3/><G3/><T133/><D67/><U52/><REACH who="1" step="1"/><E59/><REACH who="1" ten="189,90,389,322" step="2"/><V46/><F33/><W100/><G73/><T90/><D133/><U39/><E39/><V10/><F10/><W86/><G100/><T53/><D102/><U116/><E116/><V66/><F123/><W104/><G104/><T70/><D70/><U118/><E118/><V130/><F8/><W41/><G32/><T55/><REACH who="0" step="1"/><D15/><REACH who="0" ten="179,90,389,322" step="2"/><U113/><E113/><V122/><F0/><W68/><G68/><T57/><D57/><U58/><E58/><V121/><F121/><W127/><G41/><AGARI ba="4,2" hai="18,23,27,41,45,51,52,56,60,97,98,128,129,131" machi="41" ten="40,5200,0" yaku="1,1,19,1,54,1,53,0" doraHai="64" doraHaiUra="112" who="1" fromWho="3" sc="179,0,90,84,389,0,322,-64" owari="179,-22.1,174,-32.6,389,48.9,258,5.8" /></mjloggm>