<mjloggm ver="2.3"><GO type="225" lobby="0"/><UN n0="%E7%AD%89%E3%80%85%E5%8A%9B%E5%8A%87%E5%A0%B4" n1="%E3%81%AF%E3%82%88%E3%81%8A%E3%81%98%E3%81%95%E3%82%93" n2="%6D%75%75%6D%75%72%61" n3="%72%61%6B%33" dan="16,17,16,18" rate="2134.29,2201.13,2168.42,2181.16" sx="M,M,F,M"/><TAIKYOKU oya="0"/><INIT seed="0,0,0,1,1,100" ten="250,250,250,250" oya="0" hai0="123,33,44,13,88,135,5,35,99,63,96,126,46" hai1="66,69,64,114,65,93,109,125,117,98,53,87,30" hai2="70,116,4,95,118,127,48,101,90,55,24,72,133" hai3="34,111,58,6,103,31,67,17,84,37,56,122,77"/><T9/><D123/><U74/><E74/><V22/><F72/><W1/><G111/><T79/><D135/><U68/><E117/><V41/><F133/><W81/><G122/><T21/><D126/><U89/><E109/><V61/><F127/><W104/><G37/><T124/><D124/><U47/><E125/><V39/><F39/><W60/><G17/><T16/><D79/><U112/><E30/><V54/><F4/><W28/><G56/><T19/><D19/><U12/><E12/><V120/><F101/><W107/><G103/><T85/><D63/><U115/><REACH who="1" step="1"/><E98/><REACH who="1" ten="250,240,250,250" step="2"/><N who="2" m="57719" /><F120/><W57/><G31/><T0/><D99/><U42/><E42/><V106/><F41/><W52/><G28/><T75/><D75/><U91/><E91/><V29/><F118/><W11/><REACH who="3" step="1"/><G34/><REACH who="3" ten="250,240,250,240" step="2"/><T97/><D35/><U43/><E43/><V36/><F116/><W73/><G73/><T45/><REACH who="0" step="1"/><D33/><REACH who="0" ten="240,240,250,240" step="2"/><U49/><AGARI ba="0,3" hai="47,49,53,64,65,66,68,69,87,89,93,112,114,115" machi="49" ten="40,5200,0" yaku="1,1,0,1,11,1,53,0" doraHai="100" doraHaiUra="71" who="1" fromWho="1" sc="240,-26,240,82,250,-13,240,-13" /><INIT seed="1,0,0,2,1,49" ten="214,322,237,227" oya="1" hai0="122,121,123,120,96,71,61,56,47,93,111,129,50" hai1="82,97,37,65,2,54,53,134,119,64,42,90,69" hai2="17,59,34,29,74,132,135,105,78,103,89,4,113" hai3="51,86,18,24,100,118,87,67,31,46,8,98,45"/><U58/><E2/><V108/><F108/><W6/><G118/><T117/><N who="0" m="30720" /><DORA hai="36" /><T126/><D117/><U83/><E119/><V9/><F113/><W99/><G67/><T10/><D111/><U30/><E69/><V133/><F17/><W44/><G18/><T16/><D71/><U35/><E134/><V125/><F125/><W68/><G68/><T116/><D116/><U5/><E5/><V112/><F112/><W110/><G110/><T107/><D107/><U1/><E1/><V40/><F89/><W124/><G124/><T3/><D126/><U23/><E35/><V79/><F74/><W52/><G87/><T106/><D106/><U127/><E127/><V95/><F105/><W81/><G8/><T109/><D129/><U32/><E32/><V131/><F131/><W27/><G6/><T94/><D109/><U66/><E42/><V75/><F40/><W14/><G14/><N who="0" m="7255" /><D96/><U38/><E37/><V62/><F75/><W80/><G80/><N who="1" m="30762" /><E58/><V26/><F4/><W0/><G0/><T76/><D76/><U7/><E38/><V15/><F79/><W128/><G128/><T70/><D70/><U114/><E7/><V43/><F78/><W92/><G99/><T22/><D22/><U55/><E114/><V39/><F9/><W12/><G12/><T57/><D3/><U13/><E13/><V73/><F15/><W101/><G101/><T85/><D57/><U25/><E97/><N who="2" m="59839" /><F73/><W88/><G24/><T21/><D56/><U41/><E90/><V28/><F28/><W19/><G19/><T48/><D47/><U77/><E77/><RYUUKYOKU ba="0,0" sc="214,-15,322,15,237,-15,227,15" hai1="23,25,30,41,53,54,55,64,65,66" hai3="27,31,44,45,46,51,52,81,86,88,92,98,100" /><INIT seed="1,1,0,5,4,79" ten="199,337,222,242" oya="1" hai0="47,38,77,132,14,125,56,70,5,55,48,11,8" hai1="111,30,39,54,129,95,21,100,45,36,101,18,110" hai2="71,16,102,6,84,106,29,87,90,73,53,118,76" hai3="85,51,24,107,50,3,83,115,25,75,99,12,13"/><U134/><E30/><V4/><F118/><W89/><G3/><T119/><D119/><U49/><E129/><V26/><F71/><W34/><G115/><T59/><D70/><U68/><E68/><V35/><F73/><W64/><G64/><T109/><D109/><N who="1" m="41483" /><E134/><V94/><F53/><W37/><G37/><N who="1" m="14410" /><E95/><V126/><F126/><W41/><G75/><T105/><D125/><U0/><E0/><V93/><F16/><W112/><G112/><T72/><D105/><U69/><E69/><V114/><F114/><W127/><G127/><T33/><D33/><U2/><E2/><V1/><F1/><W27/><G34/><T42/><D132/><U23/><E23/><V103/><F93/><N who="3" m="56751" /><G107/><T135/><D135/><U128/><E128/><V131/><F131/><W43/><G43/><T20/><D20/><U65/><E65/><V19/><F106/><W108/><G108/><T104/><D104/><U31/><E31/><V9/><F35/><W17/><G41/><T121/><D11/><U113/><E113/><V7/><F29/><W117/><G117/><T116/><D116/><U82/><E82/><N who="2" m="47175" /><F9/><N who="3" m="6287" /><G13/><AGARI ba="1,0" hai="13,18,21,45,49,54,100,101" m="14410,41483" machi="13" ten="30,2900,0" yaku="14,1,10,1" doraHai="79" who="1" fromWho="3" sc="199,0,337,32,222,0,242,-32" /><INIT seed="1,2,0,5,1,103" ten="199,369,222,210" oya="1" hai0="4,45,67,82,102,119,8,106,97,66,120,36,109" hai1="87,70,18,79,105,12,24,29,64,47,2,98,123" hai2="9,35,88,5,132,111,6,68,57,37,93,23,112" hai3="116,115,41,32,38,101,51,11,62,121,31,3,30"/><U17/><E2/><V40/><F68/><W104/><G115/><T78/><D119/><U94/><E123/><V7/><F35/><W27/><G121/><T43/><D109/><U60/><E47/><V75/><F112/><W127/><G30/><T28/><D28/><U108/><E108/><V85/><F111/><W72/><G51/><T110/><D120/><U19/><E12/><V34/><F34/><W73/><G62/><T80/><D110/><U33/><E79/><V20/><F132/><W54/><G54/><T15/><REACH who="0" step="1"/><D82/><REACH who="0" ten="189,369,222,210" step="2"/><U49/><E29/><V16/><F75/><AGARI ba="2,1" hai="4,8,15,36,43,45,66,67,75,78,80,97,102,106" machi="75" ten="30,7700,0" yaku="1,1,2,1,7,1,52,1,53,0" doraHai="103" doraHaiUra="50" who="0" fromWho="2" sc="189,93,369,0,222,-83,210,0" /><INIT seed="2,0,0,3,5,70" ten="282,369,139,210" oya="2" hai0="74,20,108,13,106,85,9,60,90,36,57,116,38" hai1="126,26,15,117,103,132,50,91,37,45,27,123,41" hai2="86,46,40,111,79,87,29,17,58,92,16,2,8" hai3="4,35,63,65,118,128,120,121,18,110,5,107,113"/><V11/><F111/><W72/><G63/><T71/><D74/><U7/><E117/><V53/><F29/><W109/><G65/><T24/><D106/><U100/><E126/><V82/><F2/><W22/><G72/><T19/><D71/><U6/><E132/><V131/><F131/><W42/><G42/><T95/><D108/><N who="3" m="41577" /><G107/><T55/><REACH who="0" step="1"/><D116/><REACH who="0" ten="272,369,139,210" step="2"/><U99/><E123/><V47/><F40/><W10/><G118/><T104/><D104/><U62/><E41/><V51/><F11/><W96/><G10/><T66/><D66/><U59/><E6/><AGARI ba="0,1" hai="6,9,13,19,20,24,36,38,55,57,60,85,90,95" machi="6" ten="30,7700,0" yaku="1,1,7,1,52,2,53,0" doraHai="70" doraHaiUra="112" who="0" fromWho="1" sc="272,87,369,-77,139,0,210,0" /><INIT seed="3,0,0,3,1,78" ten="359,292,139,210" oya="3" hai0="111,67,107,102,117,75,57,132,103,109,120,98,50" hai1="1,42,18,47,80,65,11,108,122,83,10,17,90" hai2="13,93,3,128,35,95,43,131,49,24,92,76,106" hai3="63,16,48,41,39,119,96,12,104,56,81,85,27"/><W62/><G119/><T68/><D120/><U59/><E122/><V8/><F106/><W100/><G39/><T51/><D117/><U130/><E108/><N who="0" m="41545" /><D68/><U87/><E130/><V84/><F3/><W38/><G38/><T134/><D75/><U71/><E71/><V60/><F60/><W33/><G27/><T44/><D103/><U46/><E1/><V61/><F61/><W101/><G33/><T26/><D67/><U5/><E5/><V22/><F35/><W37/><G37/><T135/><D57/><U112/><E112/><V125/><F125/><W129/><G129/><T74/><D74/><U14/><E59/><V123/><F123/><W70/><G70/><T116/><D116/><U21/><E65/><V105/><F105/><W110/><G110/><T45/><D26/><U69/><E69/><V115/><F115/><W9/><G101/><T72/><D72/><U114/><E114/><V58/><F131/><W133/><G133/><T127/><D127/><U25/><E10/><V97/><F128/><W52/><G41/><N who="0" m="24847" /><D134/><U36/><REACH who="1" step="1"/><E47/><REACH who="1" ten="359,282,139,210" step="2"/><V124/><F124/><W94/><G104/><T55/><AGARI ba="0,1" hai="45,51,55,98,102,107,132,135" m="24847,41545" machi="55" ten="30,1100,0" yaku="14,1" doraHai="78" who="0" fromWho="0" sc="359,21,282,-3,139,-3,210,-5" owari="380,48.0,279,7.9,136,-36.4,205,-19.5" /></mjloggm>