<mjloggm ver="2.3"><GO type="225" lobby="0"/><UN n0="%E3%81%8B%E3%82%8F%E3%81%A1%E3%82%83%E3%82%93%35%38" n1="%E3%82%B2%E3%82%B9%E8%8C%82%E5%8B%9D" n2="%68%6F%72%69%30%39%30%31" n3="%E6%A0%B9%E5%85%83%E3%81%8B%E3%82%89%E5%90%B9%E3%81%A3%E9%A3%9B%E3%81%B6" dan="17,16,16,17" rate="2134.71,2077.38,2104.45,2158.59" sx="M,F,M,F"/><TAIKYOKU oya="0"/><INIT seed="0,0,0,4,2,56" ten="250,250,250,250" oya="0" hai0="80,73,66,114,118,42,1,74,27,98,67,9,123" hai1="133,125,82,130,57,100,122,17,91,131,68,85,124" hai2="90,79,23,15,64,126,102,76,101,93,37,105,20" hai3="108,83,129,77,81,2,86,33,50,7,18,106,99"/><T30/><D114/><U26/><E68/><V49/><F37/><W3/><G108/><T113/><D113/><U134/><E122/><V8/><F126/><N who="1" m="48745" /><E100/><N who="2" m="38507" /><F105/><W59/><G33/><T65/><D123/><U116/><E116/><V61/><F49/><W107/><G18/><T115/><D115/><U95/><E82/><V53/><F64/><W43/><G7/><T103/><D118/><U104/><E104/><V35/><F35/><W12/><G12/><T55/><D42/><U72/><E72/><V28/><F28/><W92/><G59/><T14/><D55/><U120/><E120/><V36/><F36/><W11/><G11/><T40/><D40/><U0/><E0/><V62/><F53/><W71/><G71/><T10/><D1/><U119/><E119/><V16/><F23/><W39/><G39/><T51/><D80/><U31/><E17/><V5/><F79/><N who="3" m="46399" /><G107/><T47/><D74/><U110/><E110/><V52/><F52/><W60/><G2/><T13/><D73/><U6/><E6/><V78/><F76/><W24/><G106/><N who="0" m="63863" /><D9/><U58/><E26/><N who="2" m="14599" /><F78/><W96/><G77/><T38/><D10/><U97/><E31/><V89/><F89/><W88/><G3/><T69/><D69/><U63/><E97/><AGARI ba="0,0" hai="5,8,15,61,62,90,93,97" m="14599,38507" machi="97" ten="30,7700,0" yaku="8,1,52,2,54,1" doraHai="56" who="2" fromWho="1" sc="250,0,250,-77,250,77,250,0" /><INIT seed="1,0,0,1,0,20" ten="250,173,327,250" oya="1" hai0="127,84,94,83,12,55,72,52,57,106,16,108,98" hai1="131,61,129,56,58,113,130,78,63,49,42,95,41" hai2="33,38,92,37,111,8,93,23,99,119,89,122,91" hai3="29,86,44,6,13,11,7,104,24,2,18,80,100"/><U118/><E78/><V0/><F119/><W36/><G104/><T47/><D108/><U14/><E14/><V74/><F74/><W101/><G36/><T124/><D106/><U135/><E95/><V110/><F122/><W69/><G44/><T126/><D47/><N who="1" m="25839" /><E118/><V40/><F33/><W133/><G133/><T116/><D72/><U97/><E97/><V51/><F23/><N who="3" m="15519" /><G69/><T46/><D46/><U82/><E82/><V87/><F51/><W81/><G81/><T71/><D71/><U28/><E28/><V54/><F54/><W105/><G105/><T39/><D39/><U68/><E113/><V103/><F40/><W21/><G2/><T4/><D4/><N who="3" m="1577" /><G11/><N who="0" m="6175" /><D57/><N who="1" m="22123" /><E135/><V48/><F8/><W32/><G32/><T31/><D31/><U50/><E68/><V25/><F0/><W66/><G66/><T10/><D10/><U107/><E107/><V134/><F134/><W125/><G125/><N who="0" m="32003" /><T85/><DORA hai="17" /><D116/><U59/><E42/><V22/><F37/><W70/><G70/><T9/><D9/><U34/><E34/><V43/><F38/><W60/><G60/><T1/><D1/><U96/><E96/><V45/><REACH who="2" step="1"/><F103/><REACH who="2" ten="250,173,317,250" step="2"/><W128/><G101/><N who="0" m="60631" /><D85/><U109/><E109/><V79/><F79/><AGARI ba="0,1" hai="52,55,79,83,84" m="60631,32003,6175" machi="79" ten="40,5200,0" yaku="18,1,54,2" doraHai="20,17" who="0" fromWho="2" sc="250,62,173,0,317,-52,250,0" /><INIT seed="2,0,0,5,0,90" ten="312,173,265,250" oya="2" hai0="31,72,113,73,62,80,44,92,4,129,117,0,27" hai1="106,115,28,76,7,75,112,96,46,26,21,35,14" hai2="130,47,104,32,116,91,67,12,60,126,10,97,49" hai3="68,105,1,41,39,98,9,84,102,51,85,22,93"/><V89/><F116/><W74/><G68/><T42/><D113/><U61/><E76/><V48/><F32/><W24/><G51/><T118/><D129/><U107/><E75/><V133/><F130/><W81/><G39/><T86/><D62/><U6/><E46/><V53/><F133/><W132/><G41/><T55/><D55/><U99/><E61/><V95/><F104/><W87/><G132/><T2/><D92/><U66/><E66/><V25/><F126/><W38/><G38/><T122/><D122/><U5/><E14/><V20/><F49/><W108/><G108/><T127/><D127/><U124/><E124/><V77/><F77/><W100/><G100/><T16/><D16/><U109/><E109/><V125/><F125/><W78/><G1/><N who="0" m="619" /><D4/><U40/><E35/><V43/><F43/><W94/><REACH who="3" step="1"/><G9/><REACH who="3" ten="312,173,265,240" step="2"/><T15/><D42/><U37/><E40/><V120/><F120/><W34/><G34/><N who="0" m="20863" /><D44/><U30/><E37/><V70/><F10/><W19/><AGARI ba="0,1" hai="19,22,24,74,78,81,84,85,87,93,94,98,102,105" machi="19" ten="30,7900,0" yaku="1,1,0,1,52,2,53,0" doraHai="90" doraHaiUra="135" who="3" fromWho="3" sc="312,-20,173,-20,265,-39,240,89" /><INIT seed="3,0,0,0,1,97" ten="292,153,226,329" oya="3" hai0="70,122,10,115,63,125,0,121,42,66,59,111,101" hai1="31,34,85,60,129,74,69,132,2,45,102,26,72" hai2="20,76,50,22,30,99,15,92,84,17,64,13,104" hai3="53,33,52,86,133,62,78,35,131,108,82,119,46"/><W32/><G119/><T110/><D0/><U5/><E129/><V21/><F104/><W88/><G133/><T130/><D10/><U24/><E85/><V71/><F71/><W51/><G108/><N who="0" m="41515" /><D101/><U40/><E132/><V49/><F64/><W16/><G131/><T100/><D100/><U55/><E24/><V57/><F30/><W56/><G16/><T94/><D94/><U114/><E114/><V58/><F76/><W83/><G33/><T103/><D103/><U4/><E4/><V93/><F84/><AGARI ba="0,0" hai="32,35,46,51,52,53,56,62,78,82,83,84,86,88" machi="84" ten="30,5800,0" yaku="7,1,54,2" doraHai="97" who="3" fromWho="2" sc="292,0,153,0,226,-58,329,58" owari="292,9.2,153,-34.7,168,-23.2,387,48.7" /></mjloggm>