<mjloggm ver="2.3"><GO type="225" lobby="0"/><UN n0="%79%75%72%69%6D%6F%67" n1="%E3%81%A9%E3%82%93%E3%82%88%E3%81%8F%4D%6B%2E%32" n2="%4B%2E%32%2E%4B%2E" n3="%E7%89%B9%E6%9D%B1%E3%81%AF%E4%B8%96%E7%95%8C%E3%82%92%E6%95%91%E3%81%86" dan="17,16,16,16" rate="2168.68,2160.82,2134.18,2177.31" sx="F,M,M,M"/><TAIKYOKU oya="0"/><INIT seed="0,0,0,2,3,75" ten="250,250,250,250" oya="0" hai0="32,124,29,66,100,109,37,110,51,48,76,52,98" hai1="24,6,47,22,13,81,96,102,127,92,21,23,71" hai2="43,4,15,39,49,74,106,83,131,63,56,72,84" hai3="2,44,95,61,86,19,34,17,59,107,5,42,35"/><T108/><D37/><U115/><E71/><V38/><F106/><W85/><G107/><T90/><D124/><U3/><E127/><V112/><F112/><W122/><G122/><T60/><D32/><U130/><E130/><V111/><F111/><W126/><G126/><T14/><D29/><U87/><E115/><V41/><F131/><W55/><G35/><T1/><D1/><U134/><E3/><V119/><F39/><W30/><G2/><T70/><D14/><U117/><E117/><V65/><F38/><W0/><G5/><T120/><D90/><U69/><E69/><V64/><F64/><W40/><G0/><T8/><D8/><U53/><E134/><V27/><F27/><W78/><G95/><T68/><D68/><U45/><E24/><V129/><F119/><W33/><G85/><T93/><D120/><U58/><E13/><V25/><F25/><W31/><G31/><T99/><D99/><U104/><E6/><V57/><F57/><W11/><G11/><T116/><D116/><U114/><E114/><V103/><F103/><W9/><G9/><T113/><D113/><U10/><E10/><N who="2" m="4551" /><F41/><N who="3" m="15979" /><G44/><T91/><D100/><U118/><E118/><V89/><F129/><W82/><G30/><T62/><D76/><N who="1" m="46503" /><E104/><V125/><F125/><W73/><G33/><T133/><D133/><U135/><E135/><V20/><F20/><W80/><G34/><T79/><D79/><U46/><E46/><N who="2" m="25823" /><F89/><W97/><G97/><T18/><D18/><U12/><E12/><V77/><AGARI ba="0,0" hai="56,63,65,72,74,77,83,84" m="25823,4551" machi="77" ten="30,2000,0" yaku="25,1,52,1" doraHai="75" who="2" fromWho="2" sc="250,-10,250,-5,250,20,250,-5" /><INIT seed="1,0,0,3,3,74" ten="240,245,270,245" oya="1" hai0="16,45,120,15,59,105,52,76,34,50,106,101,44" hai1="6,103,8,65,54,118,114,93,124,125,97,0,24" hai2="49,122,36,126,69,23,129,84,130,119,72,85,96" hai3="31,18,116,127,83,13,14,41,128,2,112,79,92"/><U58/><E114/><V132/><F36/><W53/><G112/><T22/><D34/><U57/><E118/><V70/><F119/><W60/><G116/><T102/><D120/><U135/><E135/><V7/><F122/><W47/><G2/><T62/><D106/><U21/><E65/><V90/><F72/><W63/><G128/><N who="2" m="49257" /><F126/><W38/><G127/><T109/><D109/><U73/><E73/><V55/><F132/><W108/><G108/><T123/><D123/><U107/><E107/><V39/><F39/><W11/><G31/><T111/><D111/><U42/><E42/><V117/><F117/><W75/><G53/><T5/><D5/><U99/><E99/><V40/><F7/><W61/><G92/><T48/><D105/><U29/><REACH who="1" step="1"/><E57/><REACH who="1" ten="240,235,270,245" step="2"/><N who="2" m="33007" /><F40/><W78/><G75/><T56/><D56/><U32/><E32/><V4/><F96/><W27/><G41/><N who="0" m="24591" /><D76/><U25/><E25/><V10/><F84/><W37/><G27/><T19/><D19/><U91/><E91/><V81/><F23/><W30/><G78/><T64/><AGARI ba="0,1" hai="15,16,22,45,50,52,59,62,64,101,102" m="24591" machi="64" ten="30,4000,0" yaku="8,1,54,2" doraHai="74" who="0" fromWho="0" sc="240,50,235,-20,270,-10,245,-10" /><INIT seed="2,0,0,0,1,56" ten="290,215,260,235" oya="2" hai0="26,117,113,118,48,80,73,122,115,65,35,12,17" hai1="32,14,129,49,82,127,133,84,125,15,61,62,11" hai2="86,30,92,63,121,88,3,31,57,38,52,28,39" hai3="47,19,8,94,34,116,135,36,134,119,59,104,5"/><V72/><F121/><W89/><G104/><T0/><D0/><U106/><E32/><V42/><F72/><W74/><G74/><T109/><D122/><U130/><E106/><V93/><F3/><W1/><G34/><T83/><D109/><U53/><E133/><N who="3" m="50698" /><G19/><T107/><D107/><U128/><E49/><V79/><F79/><W114/><G114/><T29/><D65/><U23/><E23/><V99/><REACH who="2" step="1"/><F42/><REACH who="2" ten="290,215,250,235" step="2"/><N who="3" m="22983" /><G59/><T33/><D73/><U111/><E111/><V20/><F20/><W55/><G55/><T69/><D113/><U120/><E53/><V101/><AGARI ba="0,1" hai="28,30,31,38,39,52,57,63,86,88,92,93,99,101" machi="101" ten="30,24000,3" yaku="1,1,0,1,52,1,54,2,53,3" doraHai="56" doraHaiUra="25" who="2" fromWho="2" sc="290,-80,215,-80,250,250,235,-80" /><INIT seed="2,1,0,1,4,65" ten="210,135,500,155" oya="2" hai0="34,7,6,48,132,74,75,85,129,127,16,83,29" hai1="109,41,45,135,63,49,21,120,55,93,61,44,19" hai2="30,73,99,20,96,1,10,72,125,88,52,115,100" hai3="54,56,43,126,110,106,9,118,39,24,124,71,31"/><V122/><F115/><W105/><G118/><T80/><D34/><U13/><E109/><V59/><F122/><W92/><G110/><T98/><D29/><U42/><E135/><V28/><F125/><N who="3" m="48235" /><G71/><T69/><D127/><U35/><E120/><V134/><F96/><W78/><G78/><T18/><D132/><U119/><E35/><V22/><F22/><N who="3" m="15767" /><G92/><T77/><D129/><U128/><E128/><V60/><F100/><W111/><G111/><T114/><D114/><U82/><E119/><V0/><F0/><W4/><G43/><T131/><D98/><U25/><E93/><V32/><F32/><W97/><G39/><T37/><D37/><U121/><E121/><V70/><F70/><W103/><G97/><T101/><D101/><U14/><E82/><V50/><F50/><N who="3" m="30807" /><G103/><T81/><D131/><U2/><E2/><AGARI ba="1,0" hai="2,4,9,105,106" m="30807,15767,48235" machi="2" ten="30,1000,0" yaku="18,1" doraHai="65" who="3" fromWho="1" sc="210,0,135,-13,500,0,155,13" /><INIT seed="3,0,0,4,4,22" ten="210,122,500,168" oya="3" hai0="67,72,84,82,75,77,99,51,36,12,56,63,54" hai1="69,53,28,11,83,93,129,89,2,124,42,123,100" hai2="37,128,81,73,31,115,59,0,116,87,46,10,90" hai3="117,113,58,121,71,109,1,105,9,106,132,41,32"/><W57/><RYUUKYOKU type="yao9" ba="0,0" sc="210,0,122,0,500,0,168,0" hai3="1,9,32,41,57,58,71,105,106,109,113,117,121,132" /><INIT seed="3,1,0,2,2,13" ten="210,122,500,168" oya="3" hai0="126,87,130,85,26,69,8,116,57,52,42,28,12" hai1="31,60,135,134,118,29,115,128,97,133,18,23,104" hai2="108,123,68,86,40,41,22,82,94,6,98,0,65" hai3="72,125,99,107,88,129,24,70,21,58,75,39,27"/><W100/><G70/><T49/><D69/><U117/><E115/><V36/><F36/><W43/><G129/><T81/><D116/><N who="1" m="44651" /><E128/><V79/><F6/><W127/><G58/><T56/><D130/><U109/><E109/><V103/><F0/><W76/><G76/><T9/><D42/><U46/><E46/><V121/><F108/><W102/><G102/><T77/><D126/><U78/><E78/><V105/><F22/><W131/><G131/><T61/><D85/><U54/><E54/><V47/><F105/><W106/><G106/><T132/><D132/><U55/><E55/><V124/><F124/><N who="3" m="47691" /><G88/><T25/><D9/><U63/><E104/><V120/><F47/><N who="3" m="24063" /><G27/><T113/><D113/><U90/><E90/><V110/><F110/><W111/><G111/><T93/><D93/><U20/><E97/><V114/><F114/><W5/><G5/><T15/><D15/><N who="1" m="9311" /><E23/><V95/><F94/><W32/><G32/><T48/><D57/><U30/><AGARI ba="1,0" hai="29,30,31,60,63,133,134,135" m="9311,44651" machi="30" ten="40,5200,0" yaku="20,1,12,1,52,1" doraHai="13" who="1" fromWho="1" sc="210,-14,122,55,500,-14,168,-27" owari="196,-0.4,177,-22.3,486,58.6,141,-35.9" /></mjloggm>