<mjloggm ver="2.3"><GO type="225" lobby="0"/><UN n0="%6D%6F%6E%63%68%69" n1="%E3%81%A1%E3%82%85%E3%81%86%E3%81%A9%E3%81%8F%E8%B1%A1%E3%81%95%E3%82%93" n2="%E7%90%B4%E6%9F%B3" n3="%E3%81%99%E3%81%84%E3%81%BE%E3%81%9B%E3%83%BC%E3%82%93" dan="16,17,16,16" rate="2072.28,2128.59,2128.87,2148.52" sx="M,M,F,M"/><TAIKYOKU oya="0"/><INIT seed="0,0,0,3,2,17" ten="250,250,250,250" oya="0" hai0="29,115,54,55,8,56,43,26,119,84,60,81,44" hai1="107,73,105,30,24,62,72,122,101,3,48,1,42" hai2="108,116,68,21,106,22,34,87,7,69,110,82,80" hai3="27,78,65,57,50,91,99,95,20,96,70,128,77"/><T75/><D75/><U100/><E122/><V45/><F34/><W52/><G128/><T18/><D119/><U10/><E48/><V33/><F33/><W23/><G70/><T63/><D115/><U37/><E62/><V66/><F106/><W132/><G132/><T16/><D8/><U118/><E118/><V130/><F116/><W134/><G134/><T31/><D43/><U53/><E53/><N who="0" m="19977" /><D44/><U19/><E19/><N who="0" m="7209" /><D56/><U129/><E129/><V59/><F59/><N who="3" m="33175" /><G99/><T28/><D26/><U61/><E10/><V85/><F45/><W121/><G121/><T127/><D127/><U79/><E42/><V111/><F7/><W5/><G5/><T90/><AGARI ba="0,0" hai="28,29,31,60,63,81,84,90" m="7209,19977" machi="90" ten="30,3000,0" yaku="8,1,54,1" doraHai="17" who="0" fromWho="0" sc="250,30,250,-10,250,-10,250,-10" /><INIT seed="0,1,0,4,0,4" ten="280,240,240,240" oya="0" hai0="5,27,25,113,98,16,65,1,36,59,117,3,123" hai1="92,109,43,48,19,50,11,21,91,26,104,103,110" hai2="63,125,17,23,102,20,87,8,134,66,96,40,10" hai3="86,118,14,41,97,55,15,74,130,84,82,79,124"/><T132/><D36/><U28/><E104/><V78/><F134/><W116/><G124/><T60/><D113/><U77/><E77/><V9/><F125/><W81/><G130/><T13/><D132/><U80/><E80/><N who="2" m="47511" /><F40/><W24/><G41/><T101/><D117/><U57/><E103/><V53/><F66/><W38/><G38/><T112/><D112/><U39/><E39/><V100/><F96/><W32/><G97/><T33/><D5/><U6/><E28/><V72/><F72/><W94/><G94/><T83/><D123/><U108/><E57/><N who="2" m="35247" /><F23/><W75/><G32/><T120/><D120/><U45/><E50/><V122/><F122/><W89/><G79/><T47/><D47/><U133/><E133/><V90/><F90/><W126/><G126/><T54/><D83/><U51/><E51/><V68/><F68/><W18/><G89/><T35/><D35/><U119/><E119/><V71/><F71/><W69/><G69/><T99/><D33/><U135/><E135/><V56/><F56/><W46/><G46/><T31/><D98/><N who="1" m="57631" /><E6/><V128/><F128/><W52/><G18/><T106/><D3/><U114/><E114/><V62/><F62/><W73/><REACH who="3" step="1"/><G75/><REACH who="3" ten="280,240,240,230" step="2"/><T22/><D31/><U76/><E76/><V95/><F95/><W88/><G88/><T105/><D105/><U44/><E45/><V67/><F67/><W93/><G93/><T131/><D131/><U30/><E30/><V58/><F58/><W111/><G111/><T37/><D37/><U85/><E85/><V0/><F0/><W34/><G34/><T107/><D1/><RYUUKYOKU ba="1,1" sc="280,-30,240,10,240,10,230,10" hai1="11,19,21,26,43,44,48,108,109,110" hai2="8,9,10,17,20,100,102" hai3="14,15,24,52,55,73,74,81,82,84,86,116,118" /><INIT seed="1,2,1,2,4,110" ten="250,250,250,240" oya="1" hai0="10,82,50,31,58,27,95,94,72,93,67,123,35" hai1="70,127,57,71,112,83,62,33,34,132,29,102,106" hai2="11,114,133,99,113,97,111,119,26,15,8,24,105" hai3="49,85,59,65,13,92,4,17,5,6,37,30,28"/><U129/><E129/><V104/><F111/><W63/><G37/><T125/><D125/><U91/><E127/><V108/><F108/><W54/><G92/><T126/><D126/><U90/><E132/><V53/><F53/><W14/><G85/><T86/><D72/><U3/><E3/><V121/><F133/><W120/><G120/><T73/><D73/><U131/><E131/><V118/><REACH who="2" step="1"/><F15/><REACH who="2" ten="250,250,240,240" step="2"/><W42/><G14/><T115/><D123/><AGARI ba="2,2" hai="8,11,24,26,97,99,104,105,113,114,118,119,121,123" machi="123" ten="25,12000,2" yaku="1,1,2,1,22,2,52,2,53,0" doraHai="110" doraHaiUra="89" who="2" fromWho="0" sc="250,-126,250,0,240,146,240,0" /><INIT seed="2,0,0,3,1,26" ten="124,250,386,240" oya="2" hai0="90,69,105,109,95,35,6,15,23,46,0,30,128" hai1="9,62,17,89,117,75,108,39,110,64,40,135,44" hai2="50,37,24,127,98,121,38,85,8,103,66,54,53" hai3="106,47,49,68,94,11,28,52,86,107,51,13,10"/><V104/><F121/><W29/><G68/><T41/><D105/><U19/><E75/><V77/><F66/><W120/><G120/><T32/><D69/><N who="1" m="42135" /><E117/><V70/><F70/><W33/><G33/><T102/><D109/><N who="1" m="42091" /><E135/><V16/><F54/><N who="3" m="30015" /><G107/><T73/><D128/><U84/><E9/><N who="3" m="3082" /><G13/><T124/><D102/><U88/><E89/><V122/><F122/><W7/><G7/><T87/><D73/><U125/><E125/><V72/><F72/><W60/><G60/><T71/><D71/><U14/><E14/><V21/><F8/><W18/><G18/><T3/><D124/><U43/><E43/><V115/><F127/><W132/><G106/><T97/><D15/><U42/><E42/><V48/><F48/><W25/><G25/><N who="0" m="16703" /><D6/><U12/><E12/><V134/><F115/><W118/><G132/><T78/><D3/><U58/><E58/><V1/><F1/><W65/><G118/><T61/><D0/><U91/><E91/><V5/><F5/><W131/><G131/><T101/><D61/><U59/><E59/><V111/><F134/><W27/><G27/><T114/><D114/><U4/><E4/><V34/><F111/><W76/><G65/><T22/><D78/><U129/><E129/><V133/><F133/><W113/><G113/><T116/><D116/><U63/><E63/><V55/><F55/><W31/><G76/><T74/><D74/><U96/><E39/><V93/><F37/><W2/><G2/><T79/><D79/><U81/><E40/><V82/><F38/><W92/><G86/><T126/><D126/><U56/><E84/><RYUUKYOKU ba="0,0" sc="124,-10,250,-10,386,-10,240,30" hai3="28,29,31,51,52,92,94" /><INIT seed="3,1,0,5,3,63" ten="114,240,376,270" oya="3" hai0="26,114,46,27,97,19,20,87,1,107,86,49,67" hai1="54,55,102,128,11,103,32,75,80,21,121,39,18" hai2="127,99,28,113,123,83,23,130,48,52,37,111,6" hai3="35,8,62,29,5,69,84,33,88,65,45,131,135"/><W53/><G131/><T51/><D1/><U44/><E121/><V0/><F37/><W96/><G135/><T25/><D114/><U17/><E32/><V133/><F133/><W85/><G53/><T118/><D118/><U56/><E128/><V117/><F117/><W90/><G45/><T10/><D107/><U4/><E75/><V109/><F130/><W41/><G41/><T116/><D116/><U40/><E80/><V42/><F42/><W58/><G69/><T47/><D10/><U79/><E79/><V112/><F83/><W50/><G50/><T91/><D97/><U98/><E21/><V36/><F36/><W60/><G96/><T76/><D76/><U2/><E103/><V115/><F99/><W93/><G29/><T132/><D132/><U70/><E70/><V108/><F123/><W125/><G125/><T43/><D86/><U73/><E73/><V15/><F127/><W82/><G62/><T57/><D57/><U9/><E9/><N who="2" m="2247" /><F28/><W129/><G129/><T101/><D101/><U66/><E55/><V12/><F23/><W106/><G106/><T72/><D72/><U104/><E54/><V89/><F89/><W34/><G34/><T94/><REACH who="0" step="1"/><D67/><REACH who="0" ten="104,240,376,270" step="2"/><U38/><E66/><V7/><F115/><W61/><G58/><T59/><D59/><U120/><E56/><V122/><F113/><W31/><G65/><T134/><D134/><U16/><E104/><V64/><F112/><W92/><G84/><T74/><D74/><U78/><E98/><V77/><F64/><W110/><G85/><T105/><D105/><U81/><E78/><RYUUKYOKU ba="1,1" sc="104,30,240,-10,376,-10,270,-10" hai0="19,20,25,26,27,43,46,47,49,51,87,91,94" owari="134,-36.6,230,-17.0,376,47.6,260,6.0" /></mjloggm>