<mjloggm ver="2.3"><GO type="225" lobby="0"/><UN n0="%E3%81%9F%E3%81%8C%E3%82%84%E3%81%99" n1="%E9%80%9F%E6%B0%B4%E5%87%9B%E9%A6%99" n2="%E3%81%A1%E3%82%85%E3%81%86%E3%81%A9%E3%81%8F%E8%B1%A1%E3%81%95%E3%82%93" n3="%45%6C%79%73%69%75%6D" dan="16,16,17,17" rate="2115.18,2071.57,2157.21,2141.82" sx="M,F,M,F"/><TAIKYOKU oya="0"/><INIT seed="0,0,0,4,0,47" ten="250,250,250,250" oya="0" hai0="65,49,19,37,63,45,133,55,23,107,70,32,8" hai1="91,69,88,98,60,100,22,75,89,34,13,96,16" hai2="59,44,103,18,28,33,106,86,92,134,85,120,10" hai3="94,108,101,105,68,64,78,127,129,6,84,39,117"/><T31/><D107/><U118/><E118/><V21/><F120/><W114/><G39/><T58/><D133/><U57/><E75/><V41/><F134/><W15/><G117/><T111/><D111/><U25/><E69/><V9/><F106/><W124/><G114/><T52/><D32/><U27/><E34/><V73/><F73/><W102/><G108/><T30/><D8/><N who="2" m="3178" /><F33/><W130/><G15/><T131/><D131/><N who="3" m="50185" /><G64/><T7/><D7/><U112/><E112/><V125/><F28/><W35/><G68/><T48/><REACH who="0" step="1"/><D37/><REACH who="0" ten="240,250,250,250" step="2"/><U90/><N who="1" m="22528" /><DORA hai="5" /><U54/><REACH who="1" step="1"/><E96/><REACH who="1" ten="240,240,250,250" step="2"/><V43/><F125/><W67/><G35/><T122/><D122/><U83/><E83/><V119/><F119/><W51/><G124/><T132/><D132/><U104/><AGARI ba="0,2" hai="13,16,22,25,27,54,57,60,98,100,104" m="22528" machi="104" ten="40,8000,1" yaku="1,1,0,1,54,2,53,1" doraHai="47,5" doraHaiUra="62,56" who="1" fromWho="1" sc="240,-40,240,100,250,-20,250,-20" /><INIT seed="1,0,0,0,4,14" ten="200,340,230,230" oya="1" hai0="60,74,80,46,40,25,96,83,109,121,95,118,89" hai1="122,126,6,77,115,10,133,28,123,90,65,127,107" hai2="88,82,48,71,57,63,34,117,24,61,98,31,20" hai3="55,69,33,7,97,66,120,125,87,99,4,102,106"/><U62/><E107/><V124/><F117/><W37/><G120/><T67/><D74/><U52/><E77/><V100/><F124/><N who="1" m="47657" /><E115/><V53/><F34/><W41/><G125/><T44/><D118/><U1/><E28/><V134/><F134/><W5/><G97/><T0/><D0/><U68/><E133/><V23/><F71/><W135/><G135/><T32/><D121/><U19/><E90/><V3/><F3/><W112/><G112/><T29/><D109/><U47/><E19/><V130/><F130/><W132/><G33/><T129/><D129/><U72/><E72/><V21/><F100/><W93/><G102/><T18/><D18/><U27/><E27/><V75/><F75/><W103/><G103/><T30/><D30/><U59/><E47/><V84/><REACH who="2" step="1"/><F98/><REACH who="2" ten="200,340,220,230" step="2"/><W42/><G99/><T119/><D119/><U108/><E108/><V11/><F11/><W76/><G132/><T116/><D116/><U54/><E68/><V36/><F36/><W16/><G37/><T73/><D73/><U104/><E123/><V58/><F58/><W35/><G69/><T39/><D46/><U91/><E122/><V78/><F78/><W15/><G76/><T56/><AGARI ba="0,1" hai="25,29,32,39,40,44,56,60,67,80,83,89,95,96" machi="56" ten="20,1500,0" yaku="0,1,7,1" doraHai="14" who="0" fromWho="0" sc="200,25,340,-7,220,-4,230,-4" /><INIT seed="2,0,0,2,1,104" ten="225,333,216,226" oya="2" hai0="8,37,23,28,6,131,56,113,40,11,13,100,41" hai1="31,36,55,86,20,84,34,73,44,90,2,114,16" hai2="38,82,101,83,30,68,19,126,57,97,98,134,79" hai3="128,77,7,91,66,122,118,109,120,105,107,4,62"/><V35/><F68/><W85/><G118/><T47/><D41/><U46/><E2/><V116/><F116/><W121/><G109/><T124/><D113/><U32/><E114/><V89/><F38/><W1/><G128/><T111/><D111/><U51/><E31/><V72/><F126/><W42/><G42/><T33/><D131/><U130/><E130/><V125/><F125/><W93/><G77/><T103/><D124/><U14/><E84/><V52/><F134/><W127/><G127/><T92/><D33/><U49/><E36/><V0/><F0/><W64/><G64/><T123/><D123/><U88/><E73/><V95/><F19/><W12/><G1/><T70/><D70/><U99/><E99/><V117/><F117/><W112/><G112/><T5/><D56/><U39/><E39/><V94/><F83/><W80/><G80/><T135/><D92/><U60/><E60/><V71/><F71/><W9/><G4/><T54/><D54/><U96/><E96/><V18/><F18/><W17/><G17/><T87/><D87/><U24/><E24/><V45/><F45/><W102/><G107/><T75/><D75/><U25/><E25/><V59/><REACH who="2" step="1"/><F52/><REACH who="2" ten="225,333,206,226" step="2"/><W22/><G121/><T15/><D135/><U61/><E55/><V81/><F81/><W133/><G133/><T50/><D37/><U74/><E46/><V10/><F10/><W53/><G122/><T108/><D108/><U119/><E44/><V65/><F65/><W21/><G66/><T132/><D132/><U43/><E16/><V110/><F110/><W115/><G120/><RYUUKYOKU ba="0,1" sc="225,15,333,-15,206,15,226,-15" hai0="5,6,8,11,13,15,23,28,40,47,50,100,103" hai2="30,35,57,59,72,79,82,89,94,95,97,98,101" /><INIT seed="2,1,1,3,2,29" ten="240,318,221,211" oya="2" hai0="39,98,116,60,115,62,9,103,3,91,28,104,121" hai1="132,19,127,52,82,89,126,74,36,96,125,17,63" hai2="99,108,7,24,34,80,11,86,13,120,107,84,53" hai3="92,95,106,134,67,83,30,97,25,119,21,79,112"/><V54/><F120/><W5/><G119/><T57/><D39/><U2/><E2/><V87/><F108/><W46/><G134/><T135/><D115/><U72/><E36/><V51/><F107/><W111/><G111/><T69/><D121/><U90/><E132/><V26/><F99/><W33/><G112/><T94/><D135/><U78/><E72/><V93/><F34/><W68/><G46/><T58/><D69/><U124/><E124/><V37/><F37/><W113/><G5/><T20/><D116/><U22/><E96/><V88/><F54/><W118/><G21/><T31/><D9/><U44/><E44/><N who="2" m="27879" /><F87/><N who="3" m="48639" /><G118/><T10/><D10/><U70/><E70/><V66/><F66/><W77/><G77/><AGARI ba="1,1" hai="7,11,13,24,26,77,80,84,86,88,93" m="27879" machi="77" ten="30,2900,0" yaku="8,1,54,1" doraHai="29" who="2" fromWho="3" sc="240,0,318,0,221,42,211,-32" /><INIT seed="2,2,0,1,4,102" ten="240,318,263,179" oya="2" hai0="110,3,35,32,17,41,88,134,117,93,79,6,37" hai1="19,44,56,28,135,76,40,4,26,69,131,84,14" hai2="48,27,77,86,124,21,116,120,80,118,68,104,82" hai3="10,15,63,39,5,95,85,16,33,101,67,55,57"/><V46/><F120/><W105/><G39/><T25/><D79/><U23/><E69/><V98/><F68/><W106/><G33/><T54/><D41/><U52/><E135/><V43/><F124/><W132/><G132/><T59/><D37/><U114/><E114/><V31/><REACH who="2" step="1"/><F82/><REACH who="2" ten="240,318,253,179" step="2"/><W111/><G111/><T62/><D110/><U58/><E131/><V20/><F20/><W30/><G30/><T74/><D134/><U49/><E4/><V7/><F7/><W107/><G5/><T60/><D32/><U125/><E125/><V123/><F123/><W8/><G8/><T91/><D35/><U109/><E109/><V127/><F127/><W87/><REACH who="3" step="1"/><G67/><REACH who="3" ten="240,318,253,169" step="2"/><T51/><D6/><U78/><E28/><V72/><F72/><W100/><G100/><AGARI ba="2,2" hai="21,27,31,43,46,48,77,80,86,98,100,104,116,118" machi="100" ten="40,7700,0" yaku="1,1,52,1,53,1" doraHai="102" doraHaiUra="36" who="2" fromWho="3" sc="240,0,318,0,253,103,169,-83" /><INIT seed="2,3,0,0,4,83" ten="240,318,356,86" oya="2" hai0="13,78,44,2,76,91,105,65,112,90,43,24,27" hai1="17,75,70,34,124,6,96,115,20,126,134,98,35" hai2="22,67,37,61,120,122,15,62,82,71,108,121,50" hai3="59,111,102,4,77,109,68,101,46,1,130,86,12"/><V80/><F37/><W39/><G68/><T127/><D2/><U26/><E75/><V25/><F15/><W133/><G1/><T114/><D105/><U53/><E70/><V79/><F108/><N who="3" m="41547" /><G130/><T95/><D65/><U103/><E115/><V100/><F100/><W107/><G107/><T31/><D127/><N who="1" m="48683" /><E134/><V74/><F82/><N who="3" m="47439" /><G133/><T48/><D114/><U104/><E6/><V128/><F128/><W52/><G46/><T19/><D112/><U7/><E7/><V117/><F117/><W87/><G39/><T116/><D116/><U30/><E98/><V99/><F99/><W118/><G118/><T14/><D91/><U81/><E81/><V60/><REACH who="2" step="1"/><F50/><REACH who="2" ten="240,318,346,86" step="2"/><N who="3" m="31127" /><G87/><T40/><D48/><U45/><E96/><V38/><F38/><W113/><G113/><T54/><D13/><N who="1" m="9263" /><E103/><V132/><F132/><W119/><G119/><T97/><D14/><U32/><E104/><V28/><AGARI ba="3,1" hai="22,25,28,60,61,62,67,71,74,79,80,120,121,122" machi="28" ten="30,3000,0" yaku="1,1,0,1,53,0" doraHai="83" doraHaiUra="123" who="2" fromWho="2" sc="240,-13,318,-13,346,49,86,-13" /><INIT seed="2,4,0,1,0,78" ten="227,305,395,73" oya="2" hai0="124,56,113,71,81,2,102,19,96,45,130,15,22" hai1="57,103,94,54,97,77,88,83,104,31,1,6,8" hai2="25,110,52,109,122,135,36,112,24,33,92,16,74" hai3="131,79,98,0,28,44,132,37,108,67,27,63,9"/><V133/><F122/><W76/><G108/><N who="2" m="41577" /><F135/><W53/><G131/><T29/><D71/><U119/><E119/><V87/><F112/><W129/><G129/><T72/><D130/><U41/><E41/><V58/><F74/><W43/><G132/><T61/><D2/><U30/><E104/><V64/><F64/><W115/><G53/><T90/><D124/><U59/><E103/><V48/><F36/><W34/><G115/><T39/><D113/><U101/><E101/><V114/><F114/><W105/><G9/><T80/><D72/><U60/><REACH who="1" step="1"/><E57/><REACH who="1" ten="227,295,395,73" step="2"/><V93/><F133/><W65/><G0/><T123/><D102/><U73/><AGARI ba="4,1" hai="1,6,8,30,31,54,59,60,73,77,83,88,94,97" machi="73" ten="20,12000,2" yaku="1,1,2,1,0,1,7,1,52,1,54,1,53,0" doraHai="78" doraHaiUra="68" who="1" fromWho="1" sc="227,-34,295,142,395,-64,73,-34" /><INIT seed="3,0,0,1,3,19" ten="193,437,331,39" oya="3" hai0="45,28,43,117,32,85,74,75,64,99,131,125,35" hai1="20,86,95,103,76,79,24,71,77,49,133,34,101" hai2="91,67,61,7,65,40,22,94,41,132,123,66,130" hai3="84,63,92,129,16,0,13,98,88,9,15,23,89"/><W119/><G119/><T105/><D85/><U135/><E71/><V122/><F130/><W18/><G129/><T51/><D131/><U120/><E34/><V111/><F7/><W42/><G0/><T82/><D117/><U3/><E3/><V114/><F114/><W48/><G63/><T134/><D82/><U38/><E38/><V128/><F128/><W78/><G78/><T10/><D10/><U106/><E106/><V17/><F111/><W12/><G42/><T36/><D51/><U29/><E120/><V25/><F61/><W113/><G113/><T96/><D96/><U5/><E5/><V81/><F81/><N who="3" m="49167" /><G48/><T50/><D50/><U112/><E112/><V27/><F132/><N who="1" m="50761" /><E49/><V1/><F1/><W97/><G97/><T30/><D64/><U73/><E73/><V102/><F102/><W118/><G118/><T70/><D70/><U33/><E33/><V21/><F123/><W37/><G37/><T26/><D134/><U14/><E103/><V44/><F122/><W115/><G115/><T100/><D125/><U90/><E101/><V59/><F59/><W31/><G31/><T47/><D47/><U60/><E60/><V72/><F72/><W62/><G62/><T4/><D4/><U2/><E2/><V56/><F56/><W55/><G55/><T46/><D46/><U80/><E79/><V110/><F110/><W52/><G52/><T69/><D69/><U83/><E76/><V127/><F127/><W121/><G121/><T11/><D11/><U126/><E126/><V124/><F124/><W8/><G8/><T109/><D109/><RYUUKYOKU ba="0,0" sc="193,15,437,-15,331,-15,39,15" hai0="26,28,30,32,35,36,43,45,74,75,99,100,105" hai3="9,12,13,15,16,18,23,89,92,98" /><INIT seed="3,1,0,1,2,113" ten="208,422,316,54" oya="3" hai0="50,32,69,120,128,88,129,35,67,54,122,107,21" hai1="82,94,1,23,10,36,55,76,84,123,72,78,80" hai2="66,9,19,58,39,49,77,133,12,7,52,24,105" hai3="3,56,121,33,73,71,64,127,29,48,28,131,101"/><W134/><G121/><T6/><D107/><U59/><E36/><V16/><F133/><W90/><G134/><T81/><D6/><U130/><E123/><V15/><F105/><W46/><G73/><T8/><D8/><U38/><E38/><V63/><F39/><W51/><G3/><T103/><D103/><U53/><E130/><N who="0" m="50281" /><D21/><U25/><E94/><V79/><F24/><W91/><G131/><T45/><D67/><U89/><E89/><N who="3" m="33802" /><G71/><T102/><D102/><U112/><E112/><V5/><F5/><W75/><G75/><T124/><D69/><U135/><E135/><V34/><F34/><N who="0" m="12842" /><D124/><U98/><E98/><V93/><F93/><W126/><G101/><T116/><D116/><U22/><E22/><V118/><F118/><W2/><G2/><T60/><D60/><U119/><E119/><V95/><F95/><W11/><G11/><T97/><D97/><U4/><E59/><V17/><F12/><W31/><G33/><T26/><D26/><U42/><E42/><V110/><REACH who="2" step="1"/><F110/><REACH who="2" ten="208,422,306,54" step="2"/><W40/><G126/><T125/><D125/><U92/><E92/><V30/><F30/><AGARI ba="1,1" hai="1,4,10,23,25,30,53,55,72,76,78,80,82,84" machi="30" ten="30,1000,0" yaku="7,1" doraHai="113" who="1" fromWho="2" sc="208,0,422,23,306,-13,54,0" owari="208,-19.2,445,54.5,293,9.3,54,-44.6" /></mjloggm>