<mjloggm ver="2.3"><GO type="225" lobby="0"/><UN n0="%45%6C%79%73%69%75%6D" n1="%74%61%6B%65%2D%79%6F%75" n2="%E3%81%82%E3%81%84%E3%81%82%E3%81%8A%E3%81%84" n3="%E3%81%8F%E3%81%BE%E3%81%96%E3%82%8F" dan="18,16,18,16" rate="2166.88,2203.11,2204.30,2085.82" sx="F,M,M,M"/><TAIKYOKU oya="0"/><INIT seed="0,0,0,2,5,90" ten="250,250,250,250" oya="0" hai0="113,76,70,95,80,48,7,122,129,88,37,49,46" hai1="134,39,56,20,59,28,2,135,116,81,73,51,40" hai2="109,94,17,75,19,107,44,117,33,66,10,130,57" hai3="21,101,84,125,131,96,55,103,124,111,108,93,83"/><T22/><D122/><U105/><E116/><V79/><F107/><W86/><G131/><T126/><D70/><U23/><E105/><V106/><F106/><W128/><G128/><T63/><D129/><U1/><E39/><V119/><F130/><W85/><G55/><T110/><D113/><U12/><E40/><V62/><F33/><W58/><G58/><N who="1" m="22058" /><E51/><V89/><F109/><N who="3" m="42059" /><G21/><N who="1" m="8266" /><E28/><V26/><F26/><W121/><G121/><T123/><D123/><U53/><E53/><V47/><F75/><W29/><G29/><T133/><D63/><U30/><E30/><V65/><F62/><W68/><G68/><T6/><D37/><U36/><E36/><V38/><F38/><W50/><G50/><T100/><D49/><U78/><E12/><V74/><F74/><W31/><G31/><T115/><D115/><U97/><E97/><V14/><F14/><W43/><G43/><T132/><D110/><U9/><E9/><V72/><F10/><W118/><G118/><T99/><D22/><U127/><E127/><N who="3" m="48714" /><G83/><T24/><D126/><U77/><E77/><V120/><F79/><W13/><G13/><T98/><D24/><U15/><E15/><V91/><F120/><W34/><G34/><T0/><D48/><U54/><E54/><V4/><F119/><W102/><AGARI ba="0,0" hai="84,85,86,93,96,101,102,103" m="48714,42059" machi="102" ten="40,8000,1" yaku="14,1,18,1,34,2,52,1" doraHai="90" who="3" fromWho="3" sc="250,-40,250,-20,250,-20,250,80" /><INIT seed="1,0,0,3,3,25" ten="210,230,230,330" oya="1" hai0="96,75,2,123,118,110,41,128,43,0,3,50,32" hai1="73,76,16,57,93,114,130,36,4,1,10,27,9" hai2="58,53,8,37,40,80,21,88,20,83,84,39,90" hai3="54,135,34,63,69,111,13,45,51,112,119,115,48"/><U19/><E114/><N who="3" m="43562" /><G13/><T18/><D118/><U77/><E130/><V86/><F8/><W122/><G34/><T121/><D75/><U74/><E36/><V52/><F58/><N who="3" m="35287" /><G122/><T44/><D128/><U7/><E57/><V101/><F101/><W134/><G119/><T116/><D110/><U87/><E93/><V24/><F24/><W31/><G31/><T11/><D116/><U103/><E27/><V81/><F81/><W113/><G113/><T78/><D32/><U29/><E87/><V131/><F40/><N who="3" m="24615" /><G111/><T17/><D78/><U42/><E42/><V56/><F56/><W98/><G98/><T108/><D41/><U85/><E85/><V91/><F91/><W70/><G51/><T64/><D108/><U61/><E103/><V26/><F26/><W5/><G5/><T92/><D121/><U109/><E109/><V102/><F102/><W82/><G82/><T47/><D123/><U65/><E61/><V49/><F49/><W104/><G104/><T6/><D50/><U12/><E12/><V35/><F35/><W132/><AGARI ba="0,0" hai="69,70,132,134,135" m="24615,35287,43562" machi="132" ten="40,5200,0" yaku="20,1,34,2" doraHai="25" who="3" fromWho="3" sc="210,-13,230,-26,230,-13,330,52" /><INIT seed="2,0,0,3,5,22" ten="197,204,217,382" oya="2" hai0="107,124,132,10,130,58,37,131,115,27,25,72,129" hai1="80,73,75,48,56,121,62,112,29,83,45,11,23" hai2="68,36,101,105,31,14,24,13,111,41,38,74,91" hai3="19,7,39,103,52,119,120,18,59,134,4,127,30"/><V110/><F68/><W35/><G119/><T104/><D115/><U50/><E112/><V3/><F3/><W34/><G39/><T89/><D132/><U42/><E121/><V54/><F74/><W86/><G103/><T43/><D124/><U90/><E73/><V53/><F91/><W100/><G100/><T78/><D58/><U77/><E11/><V16/><F101/><W44/><G44/><N who="0" m="23663" /><D10/><U123/><E123/><V94/><F94/><W32/><G127/><T21/><D89/><U64/><E50/><V92/><F92/><W20/><G134/><T93/><D93/><U118/><E118/><V126/><F105/><N who="0" m="40522" /><D21/><U87/><REACH who="1" step="1"/><E23/><REACH who="1" ten="197,194,217,382" step="2"/><N who="2" m="15775" /><F126/><W114/><G34/><T66/><D66/><U82/><E82/><AGARI ba="0,1" hai="25,27,72,78,82,129,130,131" m="40522,23663" machi="82" ten="40,5200,0" yaku="19,1,52,2" doraHai="22" who="0" fromWho="1" sc="197,62,194,-52,217,0,382,0" /><INIT seed="3,0,0,2,1,39" ten="259,142,217,382" oya="3" hai0="38,108,25,22,109,127,135,60,57,88,55,80,106" hai1="131,1,119,75,93,36,91,17,99,24,116,44,68" hai2="43,41,87,21,3,35,63,85,81,77,83,92,74" hai3="115,8,48,47,100,90,95,70,61,23,10,125,98"/><W15/><G125/><T19/><D106/><U40/><E131/><V5/><F35/><W111/><G115/><T86/><D127/><U71/><E1/><V124/><F124/><W9/><G70/><T29/><D38/><U0/><E0/><V52/><F74/><W122/><G122/><T89/><D135/><U69/><REACH who="1" step="1"/><E75/><REACH who="1" ten="259,132,217,382" step="2"/><V94/><F3/><W134/><G134/><T26/><D108/><U53/><E53/><V105/><F52/><W67/><G111/><T59/><D55/><U64/><E64/><V102/><F43/><W72/><G67/><T37/><D109/><U20/><AGARI ba="0,1" hai="17,20,24,36,40,44,68,69,71,91,93,99,116,119" machi="20" ten="40,8000,1" yaku="1,1,0,1,52,1,53,1" doraHai="39" doraHaiUra="42" who="1" fromWho="1" sc="259,-20,132,90,217,-20,382,-40" owari="239,3.9,222,-17.8,197,-30.3,342,44.2" /></mjloggm>