<mjloggm ver="2.3"><GO type="225" lobby="0"/><UN n0="%E6%AF%94%E5%98%89%E7%A7%80%E4%BB%81" n1="%E3%81%82%E3%83%BC%E3%81%97" n2="%E8%90%BD%E6%97%A5" n3="%E3%81%BF%E3%81%BF%E3%81%9A" dan="16,16,19,17" rate="2127.66,2107.72,2245.44,2246.16" sx="M,M,F,M"/><TAIKYOKU oya="0"/><INIT seed="0,0,0,5,3,21" ten="250,250,250,250" oya="0" hai0="134,70,34,86,80,103,85,104,55,129,127,5,91" hai1="111,77,72,18,56,117,122,28,4,135,93,2,89" hai2="7,81,109,1,24,131,119,39,101,83,107,84,124" hai3="13,42,78,87,14,50,62,105,48,69,27,113,100"/><T65/><D34/><U114/><E122/><V35/><F39/><W61/><G113/><T30/><D30/><U115/><E117/><V23/><F35/><W68/><G105/><T88/><D70/><U102/><E111/><V120/><F120/><W57/><G100/><T38/><D65/><U112/><E102/><V116/><F109/><W71/><G78/><T11/><D38/><U51/><E28/><V6/><F124/><W44/><G87/><T3/><D127/><U130/><E130/><V63/><F63/><N who="3" m="24075" /><G27/><T74/><D129/><U10/><E135/><V96/><F131/><W60/><G14/><T41/><D134/><U45/><E56/><V97/><F97/><W20/><G13/><T73/><D41/><U108/><E18/><N who="2" m="12407" /><F1/><W133/><G20/><T128/><D128/><U123/><E108/><V26/><F26/><W25/><G25/><T98/><REACH who="0" step="1"/><D55/><REACH who="0" ten="240,250,250,250" step="2"/><U8/><E123/><V43/><F43/><W17/><G133/><T53/><D53/><U16/><E115/><V36/><F36/><N who="3" m="21575" /><G17/><T12/><D12/><N who="1" m="7175" /><E114/><V9/><F116/><W76/><G76/><T22/><D22/><U79/><E112/><V59/><F119/><W121/><G121/><T66/><D66/><AGARI ba="0,1" hai="48,50,57,60,66,68,69,71" m="21575,24075" machi="66" ten="30,8000,1" yaku="35,5" doraHai="21" who="3" fromWho="0" sc="240,-80,250,0,250,0,250,90" /><INIT seed="1,0,0,3,0,101" ten="160,250,250,340" oya="1" hai0="76,11,15,120,34,16,14,113,19,21,97,83,74" hai1="33,92,109,13,25,53,130,110,29,43,82,50,5" hai2="107,48,129,51,49,116,42,28,0,105,81,22,75" hai3="38,44,40,63,112,46,35,103,6,135,27,128,60"/><U61/><E130/><V55/><F116/><W117/><G112/><T84/><D113/><U1/><E1/><V118/><F118/><W123/><G117/><T70/><D70/><U30/><E29/><V45/><F0/><W104/><G123/><T114/><D114/><U47/><E92/><V108/><F129/><W58/><G128/><T77/><D120/><U80/><E5/><V17/><F28/><W119/><G119/><T78/><D34/><U59/><REACH who="1" step="1"/><E13/><REACH who="1" ten="160,240,250,340" step="2"/><V134/><F134/><W66/><G6/><T115/><D115/><U71/><E71/><V121/><F121/><W2/><G2/><T4/><D74/><U18/><E18/><V90/><F75/><W99/><G135/><T125/><D125/><U23/><E23/><V106/><F108/><AGARI ba="0,1" hai="25,30,33,43,47,50,53,59,61,80,82,108,109,110" machi="108" ten="40,7700,0" yaku="1,1,14,1,10,1,53,0" doraHai="101" doraHaiUra="69" who="1" fromWho="2" sc="160,0,240,87,250,-77,340,0" /><INIT seed="1,1,0,4,0,96" ten="160,327,173,340" oya="1" hai0="69,98,56,101,20,79,73,16,22,60,19,110,105" hai1="15,91,134,1,33,104,26,23,75,114,108,57,43" hai2="6,62,48,135,123,106,63,100,86,37,61,25,125" hai3="18,28,42,38,40,35,59,81,102,70,68,77,9"/><U83/><E114/><V115/><F115/><W119/><G102/><T3/><D3/><U113/><E113/><V14/><F37/><W94/><G94/><T45/><D69/><U32/><E1/><V124/><F123/><W71/><G59/><T120/><D120/><U51/><E104/><V90/><F135/><W82/><G119/><T21/><D110/><U5/><E134/><V46/><F25/><W66/><G66/><T4/><D4/><U39/><E39/><V27/><F27/><W50/><G50/><T53/><REACH who="0" step="1"/><D45/><REACH who="0" ten="150,327,173,340" step="2"/><U10/><E108/><V58/><F58/><W111/><G70/><T72/><D72/><U127/><E75/><V24/><F6/><W17/><G68/><T133/><D133/><U31/><E57/><V128/><F128/><W67/><G71/><T89/><D89/><U95/><E127/><V7/><F125/><W8/><G111/><T41/><D41/><U30/><E43/><V116/><F124/><W12/><G38/><T0/><D0/><U97/><E33/><V87/><F90/><W64/><G35/><T93/><D93/><U11/><E83/><AGARI ba="1,1" hai="16,19,20,21,22,53,56,60,73,79,83,98,101,105" machi="83" ten="40,5200,0" yaku="1,1,52,1,54,1,53,0" doraHai="96" doraHaiUra="126" who="0" fromWho="1" sc="150,65,327,-55,173,0,340,0" /><INIT seed="2,0,0,1,4,69" ten="215,272,173,340" oya="2" hai0="29,108,116,65,106,3,25,124,37,131,60,22,31" hai1="18,135,120,67,4,56,42,53,0,44,84,70,1" hai2="134,49,88,5,133,19,77,48,119,112,7,121,100" hai3="103,91,46,117,39,83,130,52,57,93,11,40,123"/><V73/><F112/><W36/><G117/><T102/><D3/><U82/><E135/><N who="2" m="51723" /><F119/><W114/><G123/><T118/><D118/><U61/><E120/><V126/><F121/><W30/><G114/><T68/><D116/><U26/><E4/><N who="2" m="1611" /><F100/><W125/><G30/><T17/><D102/><U94/><E94/><V80/><F126/><W87/><G125/><T55/><D124/><U45/><E26/><V33/><F33/><W89/><G11/><T99/><D106/><U101/><E18/><V43/><F19/><W27/><G27/><T13/><D99/><U132/><E101/><V74/><F74/><W115/><G115/><T34/><D31/><U113/><E113/><V107/><F107/><W10/><G10/><T59/><D131/><U86/><E84/><N who="2" m="50183" /><F43/><W127/><G127/><T54/><D34/><U50/><E132/><V9/><F9/><W76/><G103/><T109/><D29/><U62/><E45/><V20/><F20/><W51/><G91/><AGARI ba="0,0" hai="0,1,42,44,50,53,56,61,62,67,70,82,86,91" machi="91" ten="30,1000,0" yaku="7,1" doraHai="69" who="1" fromWho="3" sc="215,0,272,10,173,0,340,-10" /><INIT seed="3,0,0,4,0,50" ten="215,282,173,330" oya="3" hai0="25,93,36,37,72,4,6,89,17,91,123,0,8" hai1="120,48,9,61,111,102,5,41,79,112,58,85,127" hai2="51,38,76,1,7,46,100,66,83,75,62,26,18" hai3="128,126,3,49,16,80,56,33,63,84,32,118,11"/><W82/><G118/><T115/><D123/><U125/><E112/><V110/><F110/><W129/><G126/><T121/><D121/><U29/><E120/><V96/><F38/><W65/><G49/><T87/><D72/><U103/><E29/><V86/><F75/><W108/><G108/><T57/><D115/><U101/><E111/><V90/><F1/><W88/><G82/><T24/><D57/><U42/><E85/><V47/><F7/><N who="3" m="1535" /><G16/><T68/><D68/><U15/><E79/><V95/><F76/><W22/><G22/><T31/><D17/><U114/><E48/><V30/><F18/><W105/><G105/><T39/><D4/><U21/><E21/><V40/><F40/><W92/><G80/><T133/><D91/><U78/><E78/><V71/><REACH who="2" step="1"/><F51/><REACH who="2" ten="215,282,163,330" step="2"/><W20/><G129/><T35/><D39/><U109/><E109/><V70/><F70/><W43/><G128/><T13/><D37/><U55/><E114/><V34/><AGARI ba="0,1" hai="26,30,34,46,47,62,66,71,83,86,90,95,96,100" machi="34" ten="20,2700,0" yaku="1,1,0,1,7,1,53,0" doraHai="50" doraHaiUra="12" who="2" fromWho="2" sc="215,-7,282,-7,163,37,330,-13" owari="208,-19.2,275,7.5,200,-30.0,317,41.7" /></mjloggm>