<mjloggm ver="2.3"><GO type="225" lobby="0"/><UN n0="%38%63%E3%81%AF%E3%81%A3%E3%81%97%E3%83%BC" n1="%72%69%6F%75%63%68%61%6E" n2="%E3%82%B7%E3%83%B3%E5%A4%AA%E6%9C%97" n3="%E6%A1%9C%E8%8A%B1%E9%96%83%E3%80%85" dan="16,16,16,17" rate="2094.81,2132.78,2126.20,2133.84" sx="M,M,M,M"/><TAIKYOKU oya="0"/><INIT seed="0,0,0,4,2,24" ten="250,250,250,250" oya="0" hai0="41,33,54,16,4,55,122,124,8,72,78,10,107" hai1="3,115,71,21,102,108,49,29,77,64,43,66,74" hai2="34,27,123,112,30,106,0,96,17,73,59,25,12" hai3="36,68,125,23,44,129,119,120,128,110,14,45,86"/><T48/><D122/><U135/><E108/><V5/><F73/><W1/><G1/><T51/><D107/><U7/><E135/><V97/><F123/><W47/><G120/><T15/><D33/><U31/><E115/><V6/><F112/><W53/><G86/><T39/><D124/><U28/><E71/><V37/><F37/><W95/><G95/><T11/><D39/><U57/><E102/><V56/><F0/><W116/><G14/><T126/><D41/><U84/><E74/><V134/><F134/><W91/><G91/><T90/><D126/><U50/><E21/><V93/><F106/><W94/><G94/><T87/><D78/><U22/><E22/><V38/><F38/><W99/><G23/><T109/><D109/><U101/><E101/><V75/><F75/><W104/><G68/><T19/><D19/><U103/><E103/><V117/><F117/><N who="3" m="45131" /><G110/><T26/><D26/><U58/><E7/><V92/><F34/><W32/><G32/><T80/><D72/><U133/><E3/><V40/><F12/><W121/><G121/><T61/><D61/><N who="1" m="37935" /><E133/><V127/><F127/><W82/><G125/><T79/><D79/><U9/><E43/><V60/><F40/><W2/><G2/><T81/><D81/><N who="1" m="47151" /><E9/><N who="0" m="3689" /><D4/><U76/><E76/><V131/><F5/><W98/><G36/><T46/><D51/><U132/><E132/><V89/><F6/><W83/><G104/><T88/><D90/><U20/><E20/><V70/><F89/><W62/><G83/><T113/><D113/><U65/><E49/><V63/><F70/><W85/><G82/><RYUUKYOKU ba="0,0" sc="250,15,250,15,250,-15,250,-15" hai0="11,15,16,46,48,54,55,80,87,88" hai1="28,29,31,50,58,65,66" /><INIT seed="0,1,0,5,1,70" ten="265,265,235,235" oya="0" hai0="8,61,134,58,0,124,115,32,92,89,127,7,88" hai1="67,100,75,107,76,129,86,19,112,38,42,77,48" hai2="98,113,97,78,81,87,20,39,83,28,74,105,10" hai3="49,50,47,121,12,41,126,71,30,45,122,53,40"/><T52/><D115/><U56/><E129/><V54/><F113/><W24/><G126/><N who="0" m="48171" /><D134/><U1/><E112/><V6/><F105/><W34/><G71/><T60/><D32/><U96/><E75/><V82/><F39/><W55/><REACH who="3" step="1"/><G12/><REACH who="3" ten="265,265,235,225" step="2"/><T36/><D36/><U68/><E38/><V102/><F74/><W37/><G37/><T104/><D104/><U73/><E107/><V94/><F98/><W114/><G114/><T130/><D130/><U18/><E96/><V59/><F28/><W91/><G91/><N who="0" m="34891" /><D92/><U29/><E73/><V57/><F97/><W44/><G44/><T4/><D7/><U33/><E33/><V118/><F94/><W90/><G90/><T64/><D64/><U3/><E67/><V43/><F57/><W9/><G9/><T85/><D85/><U109/><E56/><V84/><F87/><W128/><G128/><T132/><D132/><U63/><E86/><V79/><F84/><W17/><G17/><T26/><D26/><U5/><E18/><V21/><F59/><W120/><AGARI ba="1,1" hai="24,30,34,40,41,45,47,49,50,53,55,120,121,122" machi="120" ten="30,7900,0" yaku="1,1,0,1,9,1,13,1,53,0" doraHai="70" doraHaiUra="123" who="3" fromWho="3" sc="265,-40,265,-21,235,-21,225,92" /><INIT seed="1,0,0,1,1,71" ten="225,244,214,317" oya="1" hai0="28,129,84,101,134,49,53,69,106,56,55,116,40" hai1="20,102,25,43,83,38,125,58,123,61,73,22,105" hai2="127,50,110,80,79,98,81,100,36,5,30,64,104" hai3="133,13,32,2,74,42,7,35,114,75,111,99,34"/><U77/><E123/><V63/><F127/><W85/><G85/><T67/><D28/><U97/><E125/><V122/><F122/><W51/><G51/><T57/><D84/><U120/><E120/><V130/><F130/><W65/><G13/><T91/><D91/><U72/><E73/><V89/><F110/><W103/><G114/><T10/><D10/><U19/><E20/><V47/><F30/><W132/><G65/><T24/><D24/><U109/><E109/><V26/><F26/><W135/><G42/><T119/><D101/><U9/><E9/><V6/><F36/><W94/><G111/><T33/><D106/><U76/><E76/><V107/><F104/><W86/><G86/><T68/><D33/><U31/><E19/><V115/><F115/><W66/><G66/><T16/><D16/><U87/><E72/><N who="3" m="27690" /><G7/><T29/><D29/><U118/><E118/><V12/><F12/><W112/><G112/><T48/><D67/><U1/><E1/><AGARI ba="0,0" hai="1,2,32,34,35,94,99,103,132,133,135" m="27690" machi="1" ten="50,1600,0" yaku="20,1" doraHai="71" who="3" fromWho="1" sc="225,0,244,-16,214,0,317,16" /><INIT seed="2,0,0,5,3,29" ten="225,228,214,333" oya="2" hai0="53,96,0,84,49,66,72,23,44,59,31,19,35" hai1="124,55,47,30,125,54,95,41,8,5,102,69,25" hai2="104,37,46,60,62,48,130,132,39,112,81,86,116" hai3="22,83,113,108,110,76,117,13,38,68,28,67,105"/><V51/><F104/><W92/><G105/><T64/><D72/><U103/><E69/><V101/><F112/><W79/><G117/><T126/><D0/><N who="1" m="39" /><E95/><V65/><F116/><W2/><G38/><T106/><D126/><N who="1" m="48747" /><E54/><V57/><F130/><W120/><G13/><T52/><D84/><U61/><E55/><V70/><F101/><W107/><G22/><T7/><D7/><U12/><E61/><V131/><F131/><W20/><G20/><T114/><D114/><U17/><E17/><V122/><F122/><W50/><G92/><T34/><D31/><U85/><E85/><V36/><F132/><W134/><G28/><T115/><D115/><U127/><N who="1" m="48755" /><U74/><DORA hai="33" /><E74/><V45/><F86/><W21/><G134/><T56/><D44/><N who="2" m="17002" /><F81/><W128/><G83/><T58/><D58/><U18/><E18/><V63/><F63/><W118/><G107/><T90/><D64/><AGARI ba="0,0" hai="36,37,39,48,51,57,60,62,64,65,70" m="17002" machi="64" ten="40,12000,1" yaku="35,5" doraHai="29,33" who="2" fromWho="0" sc="225,-120,228,0,214,120,333,0" /><INIT seed="2,1,0,2,2,118" ten="105,228,334,333" oya="2" hai0="132,109,34,61,42,105,16,3,123,15,82,9,43" hai1="0,67,89,73,39,52,93,120,81,35,32,20,74" hai2="13,8,134,133,85,6,128,113,66,55,121,27,4" hai3="2,78,65,28,7,17,48,70,103,130,101,53,29"/><V47/><F113/><W56/><G130/><T129/><D129/><U57/><E0/><V80/><F128/><W18/><G78/><T31/><D109/><U90/><E39/><V125/><F66/><W25/><G29/><T26/><D105/><U92/><E67/><V68/><F68/><W12/><G18/><T38/><D132/><N who="2" m="50794" /><F125/><W41/><G41/><T126/><D126/><U76/><E120/><V60/><F27/><W14/><G14/><T75/><D38/><U84/><E73/><V114/><F114/><W99/><G7/><T50/><D61/><U124/><E124/><V58/><F47/><W46/><G2/><T19/><D50/><U30/><E30/><V37/><F37/><W122/><G122/><T51/><D51/><U21/><E32/><V108/><F108/><W49/><G99/><T98/><D98/><U87/><REACH who="1" step="1"/><E35/><REACH who="1" ten="105,218,334,333" step="2"/><V77/><F121/><W24/><G28/><T119/><D119/><U72/><E72/><V45/><F45/><W69/><G65/><T107/><D123/><U102/><E102/><V33/><F33/><W95/><G101/><T112/><D112/><U44/><E44/><V91/><F77/><W64/><G70/><T117/><D117/><U63/><AGARI ba="1,1" hai="20,21,52,57,63,74,76,81,84,87,89,90,92,93" machi="63" ten="20,8000,1" yaku="1,1,0,1,7,1,9,1,54,1,53,0" doraHai="118" doraHaiUra="111" who="1" fromWho="1" sc="105,-21,218,93,334,-41,333,-21" /><INIT seed="3,0,0,3,1,30" ten="84,311,293,312" oya="3" hai0="81,129,111,19,89,67,3,117,14,97,48,33,94" hai1="126,55,35,52,80,113,107,40,22,98,130,88,56" hai2="84,21,78,46,75,91,115,79,64,90,13,2,133" hai3="60,50,125,11,77,101,27,57,26,53,108,114,10"/><W1/><G114/><T59/><D111/><U37/><E35/><V123/><F2/><W5/><G125/><T82/><D129/><U99/><E113/><V85/><F75/><W34/><G108/><T112/><D117/><U7/><E130/><V0/><F0/><W6/><G77/><N who="2" m="29193" /><F115/><W128/><G128/><T45/><D3/><U109/><E109/><V9/><F123/><W100/><G34/><T62/><D112/><U41/><E126/><V47/><F64/><W49/><G1/><T69/><D69/><U36/><E107/><V70/><F70/><W119/><G119/><T74/><D74/><U93/><E7/><N who="3" m="2570" /><G50/><T32/><D81/><U72/><E72/><V61/><F21/><W24/><G60/><T106/><D82/><U20/><E80/><N who="2" m="49415" /><F61/><W58/><G58/><T29/><D29/><U124/><E124/><V43/><F43/><N who="1" m="16457" /><E37/><V86/><F133/><W120/><G120/><T12/><D106/><U104/><E36/><V131/><F131/><W68/><G68/><T134/><D134/><U110/><E110/><V87/><F91/><W121/><G121/><T116/><D116/><U83/><E83/><V23/><F23/><N who="1" m="8745" /><E104/><V38/><F38/><W63/><G63/><T96/><D96/><N who="1" m="57383" /><E55/><V76/><N who="2" m="29201" /><V44/><DORA hai="65" /><F13/><W95/><G95/><T132/><D132/><U54/><E52/><V118/><F118/><W102/><AGARI ba="0,0" hai="10,11,24,26,27,49,53,57,100,101,102" m="2570" machi="102" ten="40,2100,0" yaku="8,1" doraHai="30,65" who="3" fromWho="3" sc="84,-7,311,-7,293,-7,312,21" owari="77,-42.3,304,10.4,286,-11.4,333,43.3" /></mjloggm>