<mjloggm ver="2.3"><GO type="225" lobby="0"/><UN n0="%6C%61%6D%62" n1="%E8%BE%9B%E5%8F%A3%E3%82%AB%E3%83%AC%E3%83%BC%E3%83%A9%E3%82%A4%E3%82%B9" n2="%74%2E%6F%2E%6F%2E%73" n3="%72%65%6E%6B%75%6E" dan="16,17,18,17" rate="2193.26,2228.69,2150.16,2255.08" sx="M,M,M,M"/><TAIKYOKU oya="0"/><INIT seed="0,0,0,1,2,96" ten="250,250,250,250" oya="0" hai0="53,95,10,30,126,49,82,57,109,121,90,13,107" hai1="23,58,73,92,99,86,2,105,20,47,133,124,11" hai2="75,69,46,114,120,98,45,17,36,56,110,119,50" hai3="33,62,123,71,37,129,67,31,113,112,34,134,41"/><T38/><D121/><U91/><E133/><V26/><F75/><W117/><G134/><T6/><D107/><U135/><E135/><V0/><F69/><W15/><G117/><T3/><D126/><U14/><E124/><V81/><F0/><W22/><G123/><T79/><D38/><U128/><E128/><V5/><F36/><W94/><G129/><T118/><D118/><U29/><E2/><V77/><F5/><W55/><G55/><T88/><D30/><U21/><E73/><V25/><F114/><W100/><G41/><T16/><D109/><U127/><E127/><V97/><F120/><W24/><G37/><T52/><D95/><U63/><E47/><V111/><F119/><W102/><G94/><T104/><D104/><U44/><E44/><V43/><F56/><W54/><G54/><T132/><D53/><N who="1" m="34255" /><E105/><V74/><F45/><W83/><G83/><T68/><D68/><U18/><E99/><N who="2" m="37899" /><F17/><W89/><G89/><T116/><D116/><U130/><E130/><V40/><F40/><W66/><G66/><T93/><D93/><U85/><E85/><V32/><F32/><W87/><G87/><N who="0" m="48607" /><D132/><U72/><E72/><V131/><F131/><W4/><G34/><T125/><D125/><U12/><E29/><V103/><F110/><W80/><G33/><T76/><D76/><U9/><E9/><V27/><F111/><W42/><G112/><T108/><D108/><U35/><E35/><V84/><F74/><W48/><G113/><T39/><D39/><U70/><E70/><V59/><F59/><W1/><G71/><T115/><D115/><RYUUKYOKU ba="0,0" sc="250,10,250,10,250,10,250,-30" hai0="3,6,10,13,16,49,52,57,88,90" hai1="11,12,14,18,20,21,23,86,91,92" hai2="25,26,27,43,46,50,77,81,84,103" /><INIT seed="0,1,0,1,5,95" ten="260,260,260,220" oya="0" hai0="118,47,42,34,9,10,16,128,104,116,70,82,75" hai1="81,35,40,83,119,102,54,4,29,59,79,112,5" hai2="88,18,131,126,58,103,76,122,51,117,31,1,130" hai3="62,74,60,85,44,20,36,127,6,3,52,99,43"/><T120/><D120/><U57/><E119/><V32/><F117/><W132/><G74/><T121/><D121/><U106/><E112/><V55/><F122/><W134/><G127/><T78/><D34/><U64/><E40/><V49/><F1/><W101/><G85/><T109/><D128/><U37/><E37/><V7/><F7/><W0/><G20/><T87/><D70/><U110/><E110/><V68/><F68/><W100/><G100/><T48/><D109/><U89/><E35/><V72/><F103/><W73/><G73/><T80/><D104/><U114/><E29/><V111/><F111/><W113/><G113/><T28/><D28/><U135/><E135/><N who="3" m="51754" /><G6/><T23/><D116/><U66/><E89/><V86/><F76/><W26/><G26/><T41/><D41/><U77/><E102/><V94/><F72/><W53/><G62/><T50/><D50/><U56/><E114/><V97/><F126/><W63/><G60/><T123/><D118/><U105/><E59/><V22/><F49/><W33/><G33/><T13/><REACH who="0" step="1"/><D123/><REACH who="0" ten="250,260,260,220" step="2"/><U39/><E39/><V24/><F32/><W133/><N who="3" m="51762" /><W91/><DORA hai="61" /><G63/><T98/><D98/><U8/><E106/><V30/><F30/><W92/><G101/><T27/><D27/><U71/><E105/><V17/><F97/><W115/><G115/><T125/><D125/><U15/><E71/><V124/><F124/><W12/><G12/><T93/><D93/><U21/><E15/><V11/><F31/><W108/><G108/><T96/><D96/><U25/><E25/><V90/><F24/><RYUUKYOKU ba="1,1" sc="250,15,260,-15,260,-15,220,15" hai0="9,10,13,16,23,42,47,48,75,78,80,82,87" hai3="0,3,36,43,44,52,53,91,92,99" /><INIT seed="0,2,1,3,1,91" ten="265,245,245,235" oya="0" hai0="134,124,9,110,44,105,46,27,74,86,3,101,50" hai1="56,15,82,111,6,48,122,100,13,135,121,113,64" hai2="83,99,55,97,22,80,49,102,125,107,45,34,4" hai3="88,68,35,53,28,14,93,2,65,63,51,132,0"/><T62/><D74/><U67/><E111/><V70/><F34/><W89/><G132/><T25/><D134/><U130/><E135/><V98/><F125/><W112/><G112/><T16/><D124/><U131/><E100/><V114/><F114/><W61/><G61/><T58/><D110/><U117/><E117/><V32/><F32/><W11/><G89/><T42/><D46/><U72/><E113/><V23/><F70/><W128/><G128/><N who="1" m="49194" /><E48/><V47/><F4/><W29/><G35/><T66/><D86/><U38/><E38/><V8/><F8/><W69/><G69/><T54/><D3/><U60/><E67/><V76/><F83/><W123/><G123/><N who="1" m="47114" /><E6/><V87/><F107/><W10/><G2/><T126/><D126/><U37/><E37/><V77/><F102/><W104/><G104/><T18/><D105/><U75/><E75/><V19/><F76/><AGARI ba="2,1" hai="13,15,56,60,64,72,76,82" m="47114,49194" machi="76" ten="30,1000,0" yaku="19,1" doraHai="91" who="1" fromWho="2" sc="265,0,245,26,245,-16,235,0" /><INIT seed="1,0,0,3,2,0" ten="265,271,229,235" oya="1" hai0="117,67,63,61,69,98,2,95,96,50,52,46,65" hai1="42,68,100,12,21,89,82,124,3,108,47,13,88" hai2="121,48,35,99,120,33,80,39,115,71,7,36,127" hai3="44,90,104,93,76,10,122,4,101,97,58,133,134"/><U119/><E119/><V91/><F71/><W132/><G122/><T75/><D117/><U106/><E3/><V70/><F70/><W105/><G76/><T40/><D75/><U78/><E68/><V5/><F48/><W19/><G19/><T114/><D114/><U59/><E124/><V34/><F127/><W129/><G129/><T130/><D2/><U8/><E59/><V118/><F118/><W54/><G44/><N who="0" m="27719" /><D130/><U62/><E62/><N who="0" m="23561" /><D95/><U25/><E108/><V16/><F115/><W109/><G109/><T18/><D18/><U135/><E135/><V45/><F16/><W31/><G31/><T116/><D96/><U17/><E106/><N who="3" m="41066" /><G101/><T85/><D85/><N who="1" m="48343" /><E100/><V38/><F45/><W55/><G58/><T57/><D98/><U37/><E37/><V126/><F126/><W84/><G97/><T6/><D69/><U24/><E24/><V49/><F49/><W26/><G26/><T112/><D112/><U77/><E77/><V60/><F60/><W32/><G32/><T92/><D57/><U128/><E128/><V73/><F99/><W22/><G132/><T1/><D1/><U66/><E25/><V9/><F73/><W74/><G74/><T15/><D116/><U102/><E102/><V83/><F91/><W20/><G133/><T86/><D86/><U27/><E27/><V64/><F64/><W131/><G131/><T94/><D67/><U41/><E66/><V107/><F107/><W43/><G134/><T110/><D65/><U28/><E89/><V123/><F9/><W11/><G11/><N who="0" m="4599" /><D110/><U51/><E8/><V23/><F23/><RYUUKYOKU ba="0,0" sc="265,15,271,-15,229,15,235,-15" hai0="40,46,92,94" hai2="5,7,33,34,35,36,38,39,80,83,120,121,123" /><INIT seed="2,1,0,2,1,37" ten="280,256,244,220" oya="2" hai0="33,135,25,27,41,73,64,105,65,97,66,126,13" hai1="96,58,44,112,84,80,109,19,99,129,34,20,92" hai2="74,52,12,113,14,134,21,56,47,61,39,102,76" hai3="43,87,17,124,40,67,90,75,16,28,32,88,98"/><V117/><F113/><W89/><G75/><T91/><D73/><U0/><E112/><V115/><F115/><W60/><G124/><T29/><D126/><U9/><E34/><V53/><F117/><W54/><G98/><T101/><D135/><U130/><E109/><V69/><F134/><W48/><G87/><T62/><D27/><U57/><E44/><V15/><F69/><W38/><G38/><T77/><D77/><N who="1" m="46095" /><E9/><V79/><F102/><W30/><G60/><T7/><D91/><N who="1" m="55327" /><E99/><V104/><F104/><W36/><G36/><T81/><D81/><U23/><E23/><V93/><F93/><W131/><G67/><T127/><D127/><U24/><E0/><V94/><F94/><W18/><G131/><AGARI ba="1,0" hai="19,20,24,57,58,129,130,131" m="55327,46095" machi="131" ten="30,1000,0" yaku="19,1" doraHai="37" who="1" fromWho="3" sc="280,0,256,13,244,0,220,-13" /><INIT seed="3,0,0,2,3,100" ten="280,269,244,207" oya="3" hai0="63,116,41,52,72,37,88,66,44,125,61,39,74" hai1="29,104,93,105,34,107,19,5,94,102,21,77,70" hai2="53,62,47,109,1,24,111,31,115,133,20,3,0" hai3="27,54,87,118,113,131,96,43,30,45,120,95,114"/><W2/><G118/><T8/><D116/><U42/><E70/><V81/><F115/><W57/><G120/><T69/><D125/><U40/><E5/><V18/><F81/><W36/><G131/><T6/><D39/><U55/><E77/><V78/><F78/><W12/><G2/><T108/><D108/><U119/><E119/><V79/><F79/><W9/><G87/><T76/><D88/><U126/><E126/><V98/><F98/><W86/><G86/><T50/><D63/><U10/><E10/><V28/><F47/><W122/><G122/><T16/><D16/><U7/><E7/><V129/><F53/><W48/><G12/><N who="0" m="5143" /><D76/><U90/><E55/><V91/><F62/><W33/><REACH who="3" step="1"/><G9/><REACH who="3" ten="280,269,244,197" step="2"/><T32/><D32/><U11/><E11/><V89/><F129/><W80/><G80/><T51/><D74/><U23/><E34/><V38/><F109/><W14/><G14/><T128/><D72/><U123/><E123/><V83/><F111/><W22/><G22/><T127/><D128/><U13/><E23/><V97/><F83/><W124/><G124/><T106/><D127/><U84/><E29/><V92/><F28/><W17/><G17/><T60/><D69/><U134/><E134/><V130/><F130/><W68/><G68/><T59/><D66/><U85/><E85/><V46/><F133/><W26/><G26/><T64/><D64/><U101/><E84/><V110/><F110/><W132/><G132/><T49/><D37/><U65/><E65/><V135/><F135/><W117/><G117/><T82/><D82/><U112/><E13/><RYUUKYOKU ba="0,1" sc="280,-10,269,-10,244,-10,197,30" hai3="27,30,33,36,43,45,48,54,57,95,96,113,114" /><INIT seed="3,1,1,0,2,11" ten="270,259,234,227" oya="3" hai0="133,116,32,93,4,85,20,14,8,96,94,77,18" hai1="31,118,30,112,36,102,2,76,37,63,35,109,38" hai2="70,60,73,134,104,126,21,6,39,74,105,131,10" hai3="130,72,0,44,121,69,46,25,48,78,54,15,79"/><W135/><G0/><T53/><D116/><U83/><E112/><V58/><F21/><W45/><G69/><T40/><D133/><U92/><E2/><V51/><F51/><W13/><G121/><T27/><D32/><U106/><E106/><V3/><F131/><W55/><G135/><T86/><D40/><U41/><E109/><V127/><F134/><W68/><G68/><T12/><D77/><N who="3" m="29193" /><G130/><T81/><D81/><U66/><E118/><V5/><F39/><W9/><G72/><N who="2" m="27753" /><F5/><N who="3" m="3247" /><G25/><T61/><D93/><U99/><E41/><V52/><F70/><W23/><G54/><T34/><D34/><U80/><E35/><V84/><F84/><W117/><G117/><T59/><D27/><U71/><REACH who="1" step="1"/><E80/><REACH who="1" ten="270,249,234,227" step="2"/><V98/><F104/><W43/><G43/><T107/><D107/><U50/><E50/><V128/><F128/><W67/><G67/><T111/><D111/><U7/><E7/><V110/><F110/><W89/><G89/><AGARI ba="1,2" hai="4,8,12,14,18,20,53,59,61,85,86,89,94,96" machi="89" ten="30,7700,0" yaku="7,1,8,1,52,2" doraHai="11" who="0" fromWho="3" sc="270,100,249,0,234,0,227,-80" owari="370,47.0,249,4.9,234,-16.6,147,-35.3" /></mjloggm>