<mjloggm ver="2.3"><GO type="225" lobby="0"/><UN n0="%E6%9D%B1%E9%A2%A8%E3%81%AE%E3%81%8D%E3%82%83%E3%81%B7%E3%81%95%E3%82%93" n1="%E3%83%94%E3%83%B3%E3%82%B5%E3%83%AD%E5%BA%97%E5%93%A1" n2="%61%69%73%79%6F" n3="%E8%90%BD%E6%97%A5" dan="17,16,17,16" rate="2193.24,2161.13,2214.95,2160.34" sx="M,M,M,F"/><TAIKYOKU oya="0"/><INIT seed="0,0,0,1,4,90" ten="250,250,250,250" oya="0" hai0="132,8,124,112,115,134,96,99,2,66,61,54,73" hai1="117,120,111,26,12,95,59,100,130,81,65,89,70" hai2="97,125,135,101,128,72,37,103,46,21,49,88,114" hai3="107,85,43,108,32,126,104,35,57,15,52,40,9"/><T3/><D73/><U0/><E117/><V98/><F114/><N who="0" m="43562" /><D54/><U122/><E0/><N who="0" m="41" /><D8/><U118/><E118/><V4/><F125/><W105/><G126/><T77/><D77/><U48/><E70/><V11/><F128/><W1/><G108/><T55/><D55/><U23/><E111/><V51/><F135/><N who="0" m="51754" /><D124/><U25/><E130/><V123/><F72/><W113/><G1/><T44/><D44/><U71/><E122/><V31/><F123/><W6/><G113/><T127/><D127/><U133/><E120/><V50/><F11/><W41/><REACH who="3" step="1"/><G85/><REACH who="3" ten="250,250,250,240" step="2"/><T74/><D74/><U82/><E133/><V45/><F4/><W42/><N who="3" m="10240" /><DORA hai="36" /><W83/><G83/><T121/><D121/><U28/><E82/><V64/><F37/><W27/><G27/><T79/><D79/><U69/><E25/><V80/><F80/><W106/><N who="3" m="26624" /><DORA hai="86" /><W24/><G24/><T63/><D66/><U62/><E65/><V87/><F64/><W76/><G76/><T60/><AGARI ba="0,1" hai="60,61,63,96,99" m="51754,41,43562" machi="60" ten="40,7800,0" yaku="28,2,20,1" doraHai="90,36,86" who="0" fromWho="0" sc="250,88,250,-26,250,-26,240,-26" /><INIT seed="0,1,0,3,1,104" ten="338,224,224,214" oya="0" hai0="83,132,114,103,123,2,116,20,100,0,16,40,94" hai1="127,27,73,109,64,106,21,43,25,34,112,118,105" hai2="98,68,13,54,6,45,58,62,84,133,61,53,11" hai3="70,125,42,135,9,71,85,46,56,31,81,30,17"/><T89/><D116/><U8/><E118/><V88/><F133/><W3/><G125/><T90/><D132/><U23/><E34/><V101/><F68/><W26/><G135/><T120/><D114/><U10/><E43/><V115/><F115/><W111/><G111/><T39/><D40/><U129/><E112/><V128/><F128/><W14/><G3/><T28/><D39/><U57/><E57/><V96/><F101/><W35/><G56/><T48/><D28/><U32/><E32/><V122/><F122/><W113/><G31/><T50/><D83/><U124/><E64/><V78/><F78/><W75/><G113/><T47/><D94/><U29/><E29/><V44/><F62/><W86/><G86/><T19/><D20/><U7/><E7/><V36/><F44/><AGARI ba="1,0" hai="0,2,16,19,44,47,48,50,89,90,100,103,120,123" machi="44" ten="25,4800,0" yaku="22,2,54,1" doraHai="104" who="0" fromWho="2" sc="338,51,224,0,224,-51,214,0" /><INIT seed="0,2,0,1,0,116" ten="389,224,173,214" oya="0" hai0="101,39,1,75,70,53,25,134,36,112,96,40,18" hai1="126,120,95,12,94,76,69,127,68,97,88,8,43" hai2="131,45,117,99,62,135,31,92,63,105,7,15,78" hai3="17,2,123,65,115,42,107,13,129,24,77,125,71"/><T79/><D112/><U98/><E76/><V122/><F117/><W11/><G115/><T90/><D90/><U80/><E80/><V14/><F105/><W93/><G107/><T118/><D53/><U124/><E43/><V128/><F135/><W109/><G77/><T5/><D18/><U55/><E55/><V113/><F113/><W114/><G114/><T27/><D118/><U51/><E51/><V130/><F31/><W21/><G42/><T110/><D134/><U85/><E120/><V72/><F45/><W111/><G93/><T67/><D39/><U60/><E60/><N who="2" m="23083" /><F7/><N who="3" m="1527" /><G65/><T9/><D110/><N who="3" m="41993" /><G71/><N who="1" m="27210" /><E95/><V20/><F20/><N who="3" m="11311" /><G125/><N who="1" m="32002" /><U82/><DORA hai="35" /><E82/><N who="2" m="45383" /><F122/><W119/><G119/><T4/><D67/><U38/><E38/><V106/><F106/><W41/><G41/><T47/><D70/><U58/><E58/><V103/><AGARI ba="2,0" hai="14,15,92,99,103,128,130,131" m="45383,23083" machi="103" ten="40,1500,0" yaku="19,1" doraHai="116,35" who="2" fromWho="2" sc="389,-9,224,-6,173,21,214,-6" /><INIT seed="1,0,0,5,1,118" ten="380,218,194,208" oya="1" hai0="8,109,46,132,52,134,113,19,31,0,108,61,49" hai1="84,13,53,56,57,77,131,83,33,107,124,86,50" hai2="129,16,96,75,72,106,37,27,120,97,42,17,92" hai3="65,102,116,64,7,122,38,79,68,15,6,114,10"/><U101/><E33/><V135/><F135/><N who="0" m="51754" /><D31/><U18/><E131/><V80/><F129/><W36/><G114/><T20/><D113/><U71/><E71/><V91/><F120/><W82/><G116/><T48/><D61/><U24/><E124/><V98/><F37/><W94/><G122/><T126/><D49/><U55/><E107/><V60/><F42/><W14/><G68/><T93/><D93/><U90/><E101/><V62/><F17/><W39/><G94/><T104/><D104/><U23/><E24/><V32/><F32/><W66/><G102/><T4/><D126/><U78/><REACH who="1" step="1"/><E86/><REACH who="1" ten="380,208,194,208" step="2"/><V58/><F106/><W51/><G51/><AGARI ba="0,1" hai="13,18,23,50,51,53,55,56,57,77,78,83,84,90" machi="51" ten="30,12000,1" yaku="1,1,2,1,7,1,9,1,8,1,53,0" doraHai="118" doraHaiUra="117" who="1" fromWho="3" sc="380,0,208,130,194,0,208,-120" /><INIT seed="1,1,0,3,0,74" ten="380,338,194,88" oya="1" hai0="16,26,23,75,125,57,49,18,111,110,45,38,128" hai1="80,63,40,82,34,50,117,120,106,103,62,52,37" hai2="70,91,97,0,107,46,47,11,7,77,6,96,35" hai3="115,99,129,83,12,17,21,60,86,41,66,105,84"/><U44/><E117/><V72/><F70/><W127/><G115/><T13/><D75/><U98/><E120/><V33/><F91/><W134/><G127/><T122/><D125/><U59/><E34/><V1/><F72/><W53/><G129/><T10/><D122/><U76/><E82/><V124/><F11/><W24/><G134/><T2/><D2/><U58/><E58/><V64/><F64/><W54/><G41/><T15/><D38/><U56/><E56/><V51/><F51/><W133/><G133/><T25/><D57/><U123/><E123/><V65/><F65/><W81/><G105/><T61/><D61/><U79/><E79/><V9/><F9/><W100/><G60/><T67/><D67/><U88/><E88/><V87/><F87/><AGARI ba="1,0" hai="37,40,44,50,52,59,62,63,76,80,87,98,103,106" machi="87" ten="30,5800,0" yaku="7,1,52,1,54,1" doraHai="74" who="1" fromWho="2" sc="380,0,338,61,194,-61,88,0" /><INIT seed="1,2,0,1,5,131" ten="380,399,133,88" oya="1" hai0="95,61,124,118,111,122,17,0,77,96,112,72,116" hai1="23,13,10,36,35,90,110,92,27,63,113,25,21" hai2="52,48,39,89,42,68,2,76,14,57,19,71,32" hai3="53,5,49,4,74,33,66,133,43,100,46,82,44"/><U105/><E105/><V50/><F32/><W31/><G66/><T126/><D61/><U104/><E104/><V85/><F2/><W81/><G100/><T65/><D17/><U51/><E36/><V1/><F1/><W91/><G31/><T70/><D0/><U99/><E113/><V121/><F39/><W87/><G33/><T130/><D65/><U59/><E110/><V6/><F6/><W26/><G26/><N who="1" m="9738" /><E51/><V62/><F76/><W20/><G20/><T54/><D54/><N who="1" m="34295" /><E35/><V102/><F121/><W108/><G108/><T12/><D70/><U109/><E109/><V80/><F102/><W22/><G22/><T120/><D111/><U15/><E15/><V55/><F42/><W16/><G74/><T41/><D12/><U88/><E90/><V84/><F62/><W64/><G64/><T125/><D41/><U38/><E38/><V45/><F84/><W83/><G43/><T98/><D112/><U132/><E132/><V79/><F79/><W86/><G133/><T3/><D3/><U128/><E128/><V9/><AGARI ba="2,0" hai="9,14,19,45,48,50,52,55,57,68,71,80,85,89" machi="9" ten="20,8000,1" yaku="0,1,7,1,25,2,54,1" doraHai="131" who="2" fromWho="2" sc="380,-22,399,-42,133,86,88,-22" /><INIT seed="2,0,0,0,4,131" ten="358,357,219,66" oya="2" hai0="126,105,8,16,4,107,91,74,111,78,118,21,64" hai1="53,14,10,112,36,93,120,97,83,124,102,122,75" hai2="33,23,104,69,73,31,51,1,17,55,110,79,42" hai3="39,11,34,101,56,24,116,94,92,81,44,90,48"/><V22/><F104/><W103/><G116/><T95/><D111/><U76/><E112/><V106/><F69/><W57/><G39/><T67/><D126/><U54/><E36/><V82/><F106/><W70/><G70/><T121/><D118/><U28/><E28/><V45/><F1/><W32/><G81/><T13/><D121/><N who="1" m="46699" /><E124/><V37/><F110/><W127/><G127/><T87/><D107/><U25/><E25/><V119/><F119/><W52/><G11/><T99/><D74/><U117/><E117/><V5/><F5/><AGARI ba="0,0" hai="5,10,14,53,54,75,76,83,93,97,102" m="46699" machi="5" ten="30,1000,0" yaku="13,1" doraHai="131" who="1" fromWho="2" sc="358,0,357,10,219,-10,66,0" /><INIT seed="3,0,0,5,4,40" ten="358,367,209,66" oya="3" hai0="86,71,80,89,119,124,37,58,45,105,56,132,65" hai1="115,12,102,10,30,99,11,125,114,46,95,113,26" hai2="104,27,75,64,60,129,82,103,44,61,87,131,19" hai3="126,18,135,3,106,79,48,73,41,15,33,62,133"/><W70/><G106/><T90/><D105/><U39/><E125/><V49/><F75/><W43/><G126/><T96/><D119/><U55/><E12/><V38/><F38/><W50/><G3/><T31/><D31/><U2/><E2/><V127/><F127/><W122/><G33/><T117/><D124/><U22/><REACH who="1" step="1"/><E55/><REACH who="1" ten="358,357,209,66" step="2"/><N who="2" m="30119" /><F103/><W123/><G79/><T78/><D117/><U111/><E111/><V1/><F64/><N who="3" m="41239" /><G73/><T9/><D132/><N who="3" m="50761" /><G15/><T92/><D78/><U88/><E88/><N who="2" m="51319" /><F1/><W35/><G35/><T54/><D9/><U91/><E91/><V121/><F121/><N who="3" m="46091" /><G18/><T59/><D71/><U108/><E108/><V77/><F77/><W94/><G94/><T74/><D74/><U97/><E97/><V107/><F107/><W81/><G81/><T8/><D8/><U83/><E83/><V17/><F104/><W51/><AGARI ba="0,1" hai="41,43,48,50,51" m="46091,50761,41239" machi="51" ten="40,7800,0" yaku="20,1,34,2" doraHai="40" who="3" fromWho="3" sc="358,-26,357,-26,209,-26,66,88" /><INIT seed="3,1,0,1,3,85" ten="332,331,183,154" oya="3" hai0="95,110,114,97,6,91,41,116,99,14,27,28,128" hai1="81,39,104,102,54,94,5,0,12,73,50,69,60" hai2="51,109,89,25,49,38,100,124,120,46,57,133,53" hai3="123,29,16,23,55,45,52,34,65,74,19,119,113"/><W78/><G113/><T101/><D116/><U22/><E39/><V118/><F109/><W8/><G119/><T105/><D110/><U134/><E104/><V15/><F118/><W42/><G123/><T80/><D128/><U96/><E0/><V13/><F124/><W30/><G34/><T47/><D114/><U10/><E134/><V71/><F71/><W21/><G8/><T9/><D80/><U126/><E126/><V70/><F70/><W87/><G65/><T98/><D98/><U37/><E37/><V64/><F38/><W131/><G74/><T84/><D99/><U17/><E69/><V93/><F100/><W77/><G131/><T79/><D79/><U4/><E60/><N who="2" m="37903" /><F133/><W108/><G108/><T127/><D127/><U58/><REACH who="1" step="1"/><E10/><REACH who="1" ten="332,321,183,154" step="2"/><V56/><F120/><W36/><G36/><T3/><D3/><U107/><E107/><V24/><F24/><W112/><G112/><T43/><D47/><U82/><E82/><V88/><F25/><W75/><G75/><T40/><D40/><U44/><E44/><V117/><F117/><W1/><G1/><T103/><D103/><U83/><E83/><V129/><F129/><W76/><G87/><T111/><D111/><U18/><E18/><N who="3" m="6698" /><G42/><T20/><AGARI ba="1,1" hai="6,9,14,20,27,28,41,43,84,91,95,97,101,105" machi="20" ten="20,2700,0" yaku="0,1,7,1,52,1" doraHai="85" who="0" fromWho="0" sc="332,40,321,-8,183,-8,154,-14" owari="372,47.2,313,11.3,175,-22.5,140,-36.0" /></mjloggm>