<mjloggm ver="2.3"><GO type="225" lobby="0"/><UN n0="%E5%B5%90%E9%9B%B2%E3%81%AE%E3%82%AB%E3%83%A9%E3%82%B9" n1="%E3%81%8C%E3%81%9F" n2="%E7%B4%94%E6%BD%94%E3%83%94%E3%83%A9%E3%83%8B%E3%82%A2" n3="%77%72%77%72%77%72%77%72" dan="16,17,16,16" rate="2071.26,2176.35,2118.00,2234.50" sx="F,F,M,M"/><TAIKYOKU oya="0"/><INIT seed="0,0,0,2,0,17" ten="250,250,250,250" oya="0" hai0="55,40,108,123,12,20,39,98,78,132,31,99,6" hai1="58,133,13,3,46,42,47,91,77,54,9,74,21" hai2="23,118,22,95,73,104,113,125,29,52,97,130,115" hai3="127,0,68,15,1,45,49,86,94,43,7,110,114"/><T18/><D123/><U107/><E107/><V72/><F104/><W34/><G114/><T57/><D132/><U126/><E133/><V38/><F38/><W65/><G34/><T53/><D78/><U96/><E126/><V128/><F29/><W76/><G127/><T92/><D108/><U112/><E112/><N who="2" m="43083" /><F125/><W50/><G110/><T79/><D79/><U30/><E96/><V41/><F41/><W36/><G94/><T111/><D111/><U33/><E91/><N who="2" m="55551" /><F118/><W119/><G50/><T67/><D99/><U71/><E71/><V27/><F27/><W32/><G32/><T37/><D40/><U19/><E77/><V61/><F72/><W116/><G36/><T11/><D31/><U134/><E74/><V16/><F73/><W4/><G119/><T82/><D82/><U121/><E121/><V8/><F8/><N who="3" m="4487" /><G7/><T26/><D37/><U56/><E134/><V70/><F70/><W90/><G116/><T59/><D39/><N who="1" m="21855" /><E54/><N who="0" m="20489" /><D67/><U51/><E47/><V14/><F61/><N who="3" m="39983" /><G90/><AGARI ba="0,0" hai="6,11,12,18,20,26,57,59,90,92,98" m="20489" machi="90" ten="30,2900,0" yaku="8,1,52,1" doraHai="17" who="0" fromWho="3" sc="250,29,250,0,250,0,250,-29" /><INIT seed="0,1,0,3,4,90" ten="279,250,250,221" oya="0" hai0="94,53,98,16,112,14,40,125,134,55,68,10,58" hai1="63,42,116,27,69,84,96,32,21,4,123,88,108" hai2="93,49,0,13,45,20,70,25,3,54,89,34,86" hai3="126,97,29,131,26,120,109,41,83,75,130,135,39"/><T91/><D112/><U33/><E116/><V85/><F70/><W56/><G109/><T129/><D68/><U23/><E123/><V67/><F67/><W117/><G117/><T2/><D125/><U61/><E108/><V62/><F62/><W12/><G120/><T64/><D129/><N who="3" m="49161" /><G126/><T43/><D134/><U74/><E74/><V15/><F34/><W78/><G135/><T107/><D107/><U51/><E4/><V46/><F46/><N who="3" m="23871" /><G56/><T24/><D2/><U36/><E36/><V124/><F124/><W7/><G97/><T72/><D72/><U38/><E96/><N who="2" m="57391" /><F0/><W76/><G76/><T48/><D64/><U66/><E63/><V18/><F3/><W99/><G99/><T6/><D55/><U115/><E115/><V104/><F104/><W17/><G7/><T102/><D102/><U133/><E133/><V22/><F15/><W50/><G50/><T71/><D71/><U30/><E38/><V105/><F105/><W8/><G26/><T128/><D128/><U11/><E33/><V37/><F37/><W103/><G103/><T122/><D122/><U79/><E79/><V127/><F127/><W100/><G100/><T132/><D132/><U35/><E35/><V92/><F92/><W106/><G106/><T5/><D5/><U57/><E69/><V65/><F65/><W119/><G119/><T81/><D81/><N who="1" m="49167" /><E51/><V44/><F86/><W60/><G60/><T28/><D6/><U31/><E42/><V110/><F85/><W113/><G113/><T82/><D82/><U111/><E111/><V77/><F110/><W9/><G9/><RYUUKYOKU ba="1,0" sc="279,15,250,-15,250,-15,221,15" hai0="10,14,16,24,28,40,43,48,53,58,91,94,98" hai3="8,12,17,29,75,78,83" /><INIT seed="0,2,0,5,3,94" ten="294,235,235,236" oya="0" hai0="84,43,54,63,55,109,85,113,81,116,57,114,56" hai1="78,41,122,79,10,106,35,82,58,1,119,100,19" hai2="95,112,30,0,51,2,90,20,104,7,18,129,67" hai3="126,36,101,93,99,71,40,83,87,66,31,111,60"/><T88/><D116/><U13/><E119/><V50/><F104/><W135/><G111/><T92/><D43/><U45/><E122/><V61/><F112/><W128/><G128/><T130/><D130/><U75/><E35/><V134/><F30/><W86/><G126/><T59/><D109/><U47/><E79/><V44/><F134/><W34/><G135/><T23/><D23/><U27/><E58/><V123/><F123/><W37/><G40/><T124/><D59/><U72/><E72/><V53/><F51/><W69/><G69/><T73/><D73/><U25/><E47/><V12/><F7/><W74/><G74/><T49/><REACH who="0" step="1"/><D124/><REACH who="0" ten="284,235,235,236" step="2"/><U107/><E41/><V110/><F110/><W89/><G37/><T32/><D32/><U76/><E75/><V8/><F20/><W48/><G36/><T9/><D9/><U4/><E10/><V17/><F129/><W131/><G131/><T68/><D68/><U117/><E117/><V14/><F18/><W5/><G71/><T38/><D38/><U21/><E19/><V52/><F17/><W16/><G16/><T46/><D46/><U98/><E45/><V96/><F8/><W132/><G132/><T29/><D29/><U120/><E21/><V42/><F67/><W77/><G31/><T121/><D121/><U28/><E28/><V15/><REACH who="2" step="1"/><F42/><REACH who="2" ten="284,235,225,236" step="2"/><W11/><G34/><T133/><D133/><U125/><E120/><V62/><F62/><W22/><G22/><T105/><D105/><N who="1" m="63639" /><E125/><V24/><F24/><W39/><G11/><T33/><D33/><U65/><E107/><V118/><F118/><RYUUKYOKU ba="2,2" sc="284,15,235,-15,225,15,236,-15" hai0="49,54,55,56,57,63,81,84,85,88,92,113,114" hai2="0,2,12,14,15,44,50,52,53,61,90,95,96" /><INIT seed="0,3,2,1,5,112" ten="299,220,240,221" oya="0" hai0="103,87,99,26,54,123,23,121,129,82,69,132,108" hai1="39,43,124,58,134,36,73,90,0,14,59,15,107" hai2="25,110,104,49,16,41,37,13,102,79,4,19,120" hai3="50,7,115,130,29,35,85,78,83,117,30,61,101"/><T17/><D69/><U119/><E0/><V66/><F120/><W133/><G117/><T65/><D132/><U127/><E73/><V89/><F37/><W70/><G115/><T42/><D129/><U96/><E134/><V88/><F110/><W84/><G133/><T106/><D65/><U91/><E96/><V33/><F104/><W8/><G130/><T113/><D113/><U56/><E56/><V135/><F102/><W5/><G101/><T31/><D42/><U48/><E48/><V57/><F33/><W22/><G35/><T111/><D54/><U125/><E125/><V80/><F135/><W1/><G7/><T68/><D31/><U131/><E131/><V77/><F25/><W86/><G50/><T118/><D118/><U12/><E12/><V60/><F4/><W126/><G126/><T97/><D97/><U94/><E94/><V93/><F19/><W114/><G114/><T3/><D68/><U46/><E46/><N who="2" m="25807" /><F80/><W75/><REACH who="3" step="1"/><G22/><REACH who="3" ten="299,220,240,211" step="2"/><T116/><D116/><U67/><E119/><V64/><F89/><W2/><G2/><T76/><REACH who="0" step="1"/><D3/><REACH who="0" ten="289,220,240,211" step="2"/><U71/><E124/><V9/><F66/><AGARI ba="3,4" hai="1,5,8,29,30,61,66,70,75,78,83,84,85,86" machi="66" ten="40,1300,0" yaku="1,1,53,0" doraHai="112" doraHaiUra="100" who="3" fromWho="2" sc="289,0,220,0,240,-22,211,62" /><INIT seed="1,0,0,0,1,73" ten="289,220,218,273" oya="1" hai0="70,7,36,74,32,72,85,1,69,64,132,121,68" hai1="98,66,38,47,18,102,113,122,93,16,56,88,65" hai2="48,37,60,109,9,89,67,28,11,51,25,30,24" hai3="129,76,61,5,79,115,105,35,107,135,71,22,15"/><U111/><E113/><V53/><F37/><W123/><G115/><T106/><D85/><U114/><E114/><V83/><F109/><W39/><G35/><T4/><D132/><U87/><E122/><V108/><F108/><W75/><G123/><T134/><D134/><U8/><E111/><V110/><F110/><W130/><G39/><T117/><D7/><U6/><E38/><V100/><F100/><W54/><G75/><N who="0" m="28715" /><D121/><U128/><E47/><V34/><F83/><W21/><G5/><T52/><D52/><U49/><E128/><N who="3" m="49258" /><G135/><T103/><D117/><U112/><E112/><V104/><F104/><N who="3" m="40011" /><G54/><T44/><D64/><N who="1" m="24683" /><E56/><V94/><F53/><W131/><G131/><T78/><D32/><U118/><E49/><V126/><F48/><W90/><G61/><T20/><D69/><U42/><E42/><V55/><F51/><W84/><G71/><T12/><D68/><U2/><E2/><V26/><F55/><W92/><G15/><T14/><D14/><N who="1" m="5399" /><E118/><V0/><F0/><W43/><G43/><N who="0" m="22631" /><D70/><U58/><E58/><V81/><F60/><W57/><G57/><T116/><D116/><U95/><AGARI ba="0,0" hai="16,18,87,88,93,95,98,102" m="5399,24683" machi="95" ten="30,6000,0" yaku="8,1,54,2" doraHai="73" who="1" fromWho="1" sc="289,-20,220,60,218,-20,273,-20" /><INIT seed="1,1,0,2,0,55" ten="269,280,198,253" oya="1" hai0="87,97,39,64,107,4,10,21,71,84,93,40,61" hai1="91,54,129,18,114,57,82,59,42,44,94,72,120" hai2="65,99,134,15,28,116,119,26,124,43,13,121,33" hai3="92,62,111,86,16,128,112,66,14,102,38,83,50"/><U78/><E114/><V77/><F77/><W60/><G112/><T32/><D32/><U41/><E129/><V12/><F43/><W22/><G38/><T106/><D40/><U74/><E120/><V45/><F45/><W31/><G128/><T17/><D39/><U23/><E72/><V109/><F121/><W49/><G111/><T11/><D87/><U103/><E103/><V35/><F99/><N who="3" m="59751" /><G31/><T127/><D84/><U117/><E54/><V113/><F65/><W88/><G66/><T0/><D11/><U68/><E68/><V6/><F113/><W46/><G50/><T100/><REACH who="0" step="1"/><D127/><REACH who="0" ten="259,280,198,253" step="2"/><U108/><E42/><AGARI ba="1,1" hai="14,16,22,42,46,49,60,62,83,86,88" m="59751" machi="42" ten="30,3900,0" yaku="8,1,54,2" doraHai="55" who="3" fromWho="1" sc="259,0,280,-42,198,0,253,52" /><INIT seed="2,0,0,3,5,11" ten="259,238,198,305" oya="2" hai0="34,134,43,126,15,73,30,64,7,8,82,77,88" hai1="27,124,18,63,75,35,128,118,135,16,60,72,109" hai2="117,104,50,51,133,39,46,56,67,99,37,44,24" hai3="38,127,31,5,59,78,13,97,85,89,71,90,52"/><V92/><F104/><W33/><G71/><T69/><D134/><U28/><E118/><V14/><F117/><W106/><G38/><T62/><D126/><U114/><E114/><V94/><F133/><W19/><G5/><T36/><D43/><U83/><E135/><V95/><F24/><W102/><G127/><T76/><D36/><U74/><E124/><V98/><F56/><W115/><G115/><T110/><D110/><U68/><E109/><V32/><F32/><W26/><G85/><T121/><D121/><U40/><E128/><V84/><F84/><W81/><G81/><T17/><D77/><U123/><E123/><V131/><F67/><W57/><G57/><T41/><D41/><U23/><E83/><V6/><F131/><W10/><G78/><T12/><D30/><U48/><E68/><V21/><F6/><W112/><G112/><T55/><D55/><U91/><E91/><V132/><F132/><W45/><G45/><N who="2" m="17513" /><F39/><W9/><REACH who="3" step="1"/><G10/><REACH who="3" ten="259,238,198,295" step="2"/><T116/><D116/><U80/><E80/><V53/><F37/><W122/><G122/><T61/><D69/><U125/><E125/><V4/><F4/><W119/><G119/><T86/><D64/><U70/><E70/><V47/><F51/><AGARI ba="0,1" hai="9,13,19,26,31,33,51,52,59,89,90,97,102,106" machi="51" ten="30,8000,1" yaku="1,1,7,1,52,1,54,1,53,1" doraHai="11" doraHaiUra="54" who="3" fromWho="2" sc="259,0,238,0,198,-80,295,90" /><INIT seed="3,0,0,2,4,80" ten="259,238,118,385" oya="3" hai0="59,10,121,57,12,82,73,11,76,85,64,87,119" hai1="5,68,105,117,65,58,81,28,38,31,132,86,1" hai2="72,101,43,100,71,113,74,32,23,14,118,109,17" hai3="84,123,103,88,106,70,114,120,18,131,111,110,45"/><W39/><G114/><T36/><D36/><U125/><E105/><V7/><F71/><W95/><G70/><T99/><D119/><U79/><E38/><V42/><F7/><W3/><G3/><T9/><D121/><U6/><E68/><V0/><F0/><W98/><G131/><T126/><D126/><U35/><E125/><V104/><F14/><W56/><G56/><T92/><D12/><U78/><E117/><V112/><F118/><W55/><G18/><T25/><D25/><U83/><E132/><V127/><F17/><W96/><G96/><T29/><D29/><N who="1" m="11339" /><E35/><V133/><F127/><W53/><G53/><T67/><D59/><U75/><E75/><V62/><F109/><N who="3" m="41483" /><G55/><T33/><D33/><U37/><E37/><V40/><F40/><AGARI ba="0,0" hai="39,40,45,84,88,95,98,103,106,120,123" m="41483" machi="40" ten="30,11600,0" yaku="14,1,10,1,52,1,54,1" doraHai="80" who="3" fromWho="2" sc="259,0,238,0,118,-116,385,116" owari="259,5.9,238,-16.2,2,-49.8,501,60.1" /></mjloggm>