<mjloggm ver="2.3"><GO type="225" lobby="0"/><UN n0="%E4%BF%BA%E3%81%A8%E5%A6%96%E5%A4%A2" n1="%33%74%72%65%65" n2="%E3%80%93%E3%81%97%E3%83%BC%E3%82%89%E3%80%93" n3="%E6%98%93%E5%88%A9%E8%96%A9%E4%BC%AF" dan="17,16,16,16" rate="2190.45,2121.20,2180.02,2025.09" sx="F,F,M,F"/><TAIKYOKU oya="0"/><INIT seed="0,0,0,3,4,60" ten="250,250,250,250" oya="0" hai0="4,85,75,131,59,6,112,5,111,105,95,29,94" hai1="120,109,68,79,73,33,8,64,93,121,7,11,44" hai2="82,70,129,63,125,21,19,39,48,2,104,16,90" hai3="12,28,100,45,98,135,20,47,42,114,110,124,54"/><T107/><D112/><U103/><E33/><V106/><F39/><W24/><G114/><T83/><D75/><U133/><E109/><V99/><F2/><W3/><G110/><T130/><D29/><U13/><E133/><V40/><F19/><W132/><G3/><T51/><D111/><U34/><E34/><V118/><F129/><N who="0" m="49162" /><D51/><U27/><E27/><V14/><F125/><W71/><G71/><T9/><D9/><U81/><E44/><V102/><F118/><W116/><G124/><T78/><D59/><U35/><E35/><V10/><F10/><W52/><G116/><T25/><D25/><U1/><E103/><V113/><F113/><W117/><G12/><T101/><D101/><U67/><E93/><AGARI ba="0,0" hai="4,5,6,78,83,85,93,94,95,105,107" m="49162" machi="93" ten="30,1500,0" yaku="19,1" doraHai="60" who="0" fromWho="1" sc="250,15,250,-15,250,0,250,0" /><INIT seed="0,1,0,1,0,40" ten="265,235,250,250" oya="0" hai0="114,91,122,1,110,103,52,20,119,33,124,132,116" hai1="59,89,17,80,77,82,98,60,41,131,22,65,111" hai2="25,28,50,45,30,94,49,31,70,78,108,81,128" hai3="5,47,100,11,97,55,58,26,117,66,9,68,112"/><T76/><D114/><U15/><E111/><V46/><F70/><W90/><G117/><T10/><D122/><U19/><E131/><V134/><F128/><W125/><G125/><T44/><D33/><U6/><E6/><V62/><F108/><W85/><G68/><T36/><D110/><U53/><E41/><V32/><F134/><W39/><G26/><T129/><D129/><U67/><E80/><V130/><F62/><W64/><G112/><T123/><D123/><U63/><E63/><V121/><F121/><W57/><G11/><T21/><D76/><U88/><E77/><V104/><F104/><W106/><G58/><T120/><D103/><U4/><E4/><V3/><F3/><W61/><G47/><N who="2" m="17929" /><F32/><W8/><G8/><T27/><D36/><U96/><E19/><V86/><F130/><W69/><G69/><T107/><D107/><U24/><E15/><V113/><F113/><W29/><G29/><T72/><D1/><U37/><E37/><V93/><F25/><W23/><G39/><T74/><D132/><U56/><E60/><V105/><F105/><W42/><G66/><T18/><D27/><U14/><E24/><V79/><F79/><W43/><G64/><T12/><D120/><U115/><E115/><V83/><F83/><W92/><REACH who="3" step="1"/><G23/><REACH who="3" ten="265,235,250,240" step="2"/><T126/><D21/><U99/><E22/><V7/><F7/><W75/><G75/><T0/><D74/><U13/><E65/><V54/><F50/><W16/><G16/><T38/><D72/><U84/><E17/><V48/><F48/><W101/><G101/><T71/><D71/><RYUUKYOKU ba="1,1" sc="265,-15,235,-15,250,15,240,15" hai2="28,30,31,49,54,78,81,86,93,94" hai3="5,9,42,43,55,57,61,85,90,92,97,100,106" /><INIT seed="1,2,1,3,0,124" ten="250,220,265,255" oya="1" hai0="34,100,60,10,48,93,12,61,47,6,105,77,84" hai1="53,16,112,113,134,13,36,59,118,127,0,22,123" hai2="45,117,91,95,39,38,111,83,57,27,131,20,106" hai3="71,73,58,114,30,128,32,37,11,69,120,64,9"/><U89/><E118/><V135/><F106/><W68/><G114/><T72/><D34/><U121/><E36/><V66/><F117/><W25/><G120/><N who="1" m="46154" /><E89/><V80/><F39/><W28/><G128/><T49/><D105/><U31/><E59/><V26/><F131/><W76/><G37/><T54/><D72/><U107/><E53/><V109/><F27/><W101/><G30/><T122/><D122/><U65/><E65/><V62/><F45/><W2/><G2/><T116/><D116/><U21/><E107/><V70/><F70/><W63/><REACH who="3" step="1"/><G101/><REACH who="3" ten="250,220,265,245" step="2"/><T133/><D100/><U1/><E127/><V7/><F38/><W15/><G15/><T81/><D133/><U110/><E134/><V5/><F135/><W42/><G42/><N who="0" m="24695" /><D93/><U119/><E119/><V97/><F95/><W103/><G103/><T102/><D102/><U99/><E110/><V75/><F111/><W17/><G17/><T29/><D29/><U104/><E104/><V44/><F109/><W85/><G85/><T67/><D84/><U108/><E108/><V19/><F19/><W86/><G86/><T33/><D12/><U40/><E40/><V88/><F75/><W94/><G94/><T82/><D82/><AGARI ba="2,2" hai="9,11,25,28,32,58,63,64,68,69,71,73,76,82" machi="82" ten="40,1300,0" yaku="1,1,53,0" doraHai="124" doraHaiUra="98" who="3" fromWho="0" sc="250,-19,220,0,265,0,245,39" /><INIT seed="2,0,0,4,5,100" ten="231,220,265,284" oya="2" hai0="5,129,133,28,10,19,26,74,29,18,56,39,112" hai1="66,20,80,23,110,38,52,109,108,3,41,115,17" hai2="103,68,85,4,64,81,96,11,73,50,97,75,84" hai3="105,57,113,118,95,114,88,122,104,32,72,42,48"/><V86/><F96/><W128/><G118/><T132/><D74/><U8/><E115/><N who="3" m="44042" /><G122/><T60/><D112/><U35/><E35/><V107/><F81/><W93/><G128/><T58/><D39/><U120/><E120/><V15/><REACH who="2" step="1"/><F50/><REACH who="2" ten="231,220,255,284" step="2"/><W40/><G72/><T87/><D129/><U70/><E80/><V125/><F125/><W25/><G95/><T12/><D87/><U65/><E109/><V54/><F54/><N who="3" m="31943" /><G42/><T1/><D133/><U62/><E108/><V30/><F30/><N who="3" m="19535" /><G40/><T131/><D131/><U44/><E110/><V102/><F102/><W111/><G111/><T90/><D132/><U59/><E41/><V63/><AGARI ba="0,1" hai="4,11,15,63,64,68,73,75,84,85,86,97,103,107" machi="63" ten="30,6000,0" yaku="1,1,0,1,52,1,53,0" doraHai="100" doraHaiUra="77" who="2" fromWho="2" sc="231,-20,220,-20,255,70,284,-20" /><INIT seed="2,1,0,0,4,125" ten="211,200,325,264" oya="2" hai0="135,49,77,109,114,18,119,57,3,7,24,111,44" hai1="26,30,108,48,123,55,63,42,15,122,20,89,38" hai2="33,134,40,27,95,92,34,45,113,22,86,56,90" hai3="110,36,69,124,50,14,68,66,100,72,118,83,31"/><V98/><F113/><W52/><G118/><T88/><D114/><U58/><E108/><N who="0" m="41545" /><D119/><U21/><E38/><V6/><F6/><W79/><G36/><T35/><D77/><U96/><E42/><V82/><F134/><W25/><G110/><T75/><D75/><U132/><E132/><V126/><F92/><W80/><G66/><T115/><D115/><U107/><E48/><V5/><F5/><W93/><G14/><T104/><D104/><U91/><E15/><V9/><F9/><W117/><G83/><T46/><D135/><U0/><E0/><V1/><F1/><W73/><G73/><T101/><D101/><U85/><E20/><V105/><F105/><W99/><G124/><T39/><D39/><U120/><REACH who="1" step="1"/><E85/><REACH who="1" ten="211,190,325,264" step="2"/><N who="2" m="52687" /><F22/><W106/><G117/><T94/><D3/><U37/><E37/><V41/><F40/><W43/><G43/><T128/><D49/><U19/><E19/><V74/><F41/><W60/><G50/><T76/><D18/><U29/><E29/><V23/><F86/><W8/><G31/><T97/><D7/><U130/><E130/><V28/><F28/><W67/><G72/><T2/><D2/><U53/><E53/><V103/><F74/><W71/><G52/><T10/><D128/><U59/><E59/><V121/><F56/><W84/><G8/><T13/><D57/><U127/><E127/><V133/><F23/><W11/><G11/><T54/><D54/><U64/><E64/><V78/><F126/><W102/><G25/><T12/><D10/><U116/><E116/><V65/><F133/><W47/><G47/><RYUUKYOKU ba="1,1" sc="211,-15,190,15,325,-15,264,15" hai1="21,26,30,55,58,63,89,91,96,107,120,122,123" hai3="60,67,68,69,71,79,80,84,93,99,100,102,106" /><INIT seed="3,2,1,0,2,37" ten="196,205,310,279" oya="3" hai0="117,124,76,107,8,36,135,105,69,84,64,49,39" hai1="26,23,92,65,70,74,3,85,15,2,42,133,20" hai2="29,89,91,103,72,47,25,5,1,111,86,27,56" hai3="62,112,125,81,38,116,134,40,119,28,106,126,108"/><W59/><G106/><N who="0" m="40459" /><D117/><N who="3" m="45129" /><G28/><T4/><D84/><U19/><E74/><V121/><F29/><W61/><G112/><T83/><D49/><U41/><E133/><V51/><F27/><W32/><G32/><T45/><D135/><U17/><E70/><V6/><F25/><W53/><G134/><T97/><D97/><U21/><E65/><V63/><F6/><W87/><G108/><T90/><D90/><N who="1" m="53327" /><E2/><V35/><F111/><W60/><G87/><T31/><D31/><N who="1" m="17863" /><E3/><V129/><F1/><W73/><G81/><T93/><D64/><U67/><E67/><V52/><F72/><W12/><G12/><AGARI ba="2,1" hai="12,15,17,19,21,23,41,42" m="17863,53327" machi="12" ten="30,3900,0" yaku="8,1,52,2" doraHai="37" who="1" fromWho="3" sc="196,0,205,55,310,0,279,-45" owari="196,-30.4,260,6.0,310,41.0,234,-16.6" /></mjloggm>