<mjloggm ver="2.3"><GO type="225" lobby="0"/><UN n0="%E5%86%B7%E5%87%8D%E3%82%AE%E3%83%A7%E3%83%BC%E3%82%B6" n1="%72%69%6F%75%63%68%61%6E" n2="%E5%A4%9C%E5%85%89%E5%A4%A9%E6%A5%BC" n3="%4C%4F%4C%49%54%41" dan="17,16,17,16" rate="2231.53,2238.14,2190.10,2171.46" sx="M,M,M,F"/><TAIKYOKU oya="0"/><INIT seed="0,0,0,0,3,71" ten="250,250,250,250" oya="0" hai0="103,116,26,18,68,12,64,39,43,32,52,56,109" hai1="98,106,54,58,115,114,57,28,82,41,101,135,8" hai2="87,34,0,49,130,126,5,112,85,111,89,124,33" hai3="17,29,36,78,22,37,73,88,128,10,108,102,118"/><T94/><D116/><U74/><E135/><V121/><F121/><W44/><G118/><T61/><D109/><U60/><E28/><V90/><F111/><W31/><G108/><T11/><D32/><N who="2" m="12394" /><F112/><W27/><G128/><T97/><D26/><U104/><E106/><V86/><F130/><W35/><G102/><T50/><REACH who="0" step="1"/><D43/><REACH who="0" ten="240,250,250,250" step="2"/><U96/><E41/><V48/><F0/><W45/><G35/><T42/><D42/><U81/><E115/><V99/><F5/><W53/><G27/><T125/><D125/><N who="2" m="48234" /><F99/><W3/><G3/><T79/><D79/><U16/><E114/><V84/><N who="2" m="21504" /><DORA hai="20" /><V9/><F9/><W62/><G10/><T107/><D107/><U120/><E98/><V47/><F47/><W133/><G44/><T55/><D55/><U122/><E8/><V91/><AGARI ba="0,1" hai="48,49,89,90,91" m="21504,48234,12394" machi="91" ten="50,6400,0" yaku="28,2,18,1" doraHai="71,20" who="2" fromWho="2" sc="240,-32,250,-16,250,74,250,-16" /><INIT seed="1,0,0,3,2,75" ten="208,234,324,234" oya="1" hai0="39,131,32,62,9,42,30,69,20,90,64,78,45" hai1="84,112,119,73,59,105,48,40,74,133,4,25,122" hai2="123,17,54,124,21,8,57,52,6,87,130,10,70" hai3="61,43,0,24,49,68,85,126,132,113,12,28,100"/><U109/><E112/><V98/><F123/><W101/><G0/><T86/><D131/><U7/><E119/><V79/><F70/><W97/><G113/><T121/><D121/><U34/><E122/><V46/><F130/><W134/><G126/><T67/><D67/><U120/><E120/><V38/><F98/><W13/><G85/><T104/><D104/><U129/><E105/><V95/><F38/><W41/><G68/><T107/><D107/><U115/><E115/><V77/><F124/><W88/><G61/><T114/><D9/><N who="2" m="3690" /><F46/><N who="3" m="25807" /><G43/><T27/><D114/><U15/><E129/><V72/><F72/><W135/><G100/><T31/><D78/><N who="2" m="29706" /><F6/><W81/><G101/><T29/><REACH who="0" step="1"/><D32/><REACH who="0" ten="198,234,324,234" step="2"/><U110/><E34/><V56/><F54/><W89/><G134/><T33/><D33/><U11/><E133/><V94/><F52/><W1/><G135/><T71/><D71/><U127/><E127/><V80/><F80/><AGARI ba="0,1" hai="20,27,29,30,31,39,42,45,62,64,69,80,86,90" machi="80" ten="30,2000,0" yaku="1,1,7,1,53,0" doraHai="75" doraHaiUra="117" who="0" fromWho="2" sc="198,30,234,0,324,-20,234,0" /><INIT seed="2,0,0,2,1,129" ten="228,234,304,234" oya="2" hai0="107,39,59,120,32,62,128,92,108,24,53,85,82" hai1="67,42,101,78,54,19,63,87,86,31,10,93,16" hai2="80,73,84,135,97,33,124,90,112,43,17,118,18" hai3="52,37,29,133,83,4,109,66,115,116,104,71,58"/><V11/><F112/><W61/><G104/><T30/><D120/><U40/><E31/><V89/><F118/><W26/><G116/><T41/><D128/><U28/><E28/><V60/><F33/><W2/><G37/><T88/><D107/><U9/><E54/><V111/><F73/><W50/><G109/><T23/><D108/><U76/><E93/><N who="2" m="56503" /><F43/><N who="1" m="16425" /><E101/><V106/><F106/><W27/><G115/><T113/><D113/><U102/><E102/><V72/><F72/><W51/><G133/><T35/><REACH who="0" step="1"/><D92/><REACH who="0" ten="218,234,304,234" step="2"/><U117/><E117/><V15/><F111/><W64/><G83/><T132/><D132/><U57/><E87/><V49/><F135/><W36/><G36/><T126/><D126/><U34/><E34/><V12/><F124/><W21/><G27/><T20/><D20/><U1/><E86/><V119/><F119/><W105/><G105/><T110/><D110/><U99/><E99/><V122/><F84/><W14/><G26/><T48/><D48/><U125/><E125/><V75/><F49/><W103/><G50/><T8/><D8/><N who="1" m="3179" /><E1/><V55/><F75/><W77/><G2/><T95/><D95/><U91/><E91/><V45/><F89/><W127/><G127/><T114/><D114/><U46/><E46/><AGARI ba="0,1" hai="23,24,30,32,35,39,41,46,53,59,62,82,85,88" machi="46" ten="40,2600,0" yaku="1,1,54,1,53,0" doraHai="129" doraHaiUra="121" who="0" fromWho="1" sc="218,36,234,-26,304,0,234,0" /><INIT seed="3,0,0,2,4,114" ten="254,208,304,234" oya="3" hai0="36,56,63,133,95,128,6,88,72,78,40,74,25" hai1="91,19,92,64,75,76,125,46,27,85,33,71,123" hai2="18,49,73,39,0,35,58,60,7,122,79,2,54" hai3="13,108,121,82,38,104,89,70,3,83,61,97,31"/><W29/><G3/><T105/><D128/><U48/><E123/><V69/><F35/><W55/><G121/><T94/><D105/><U96/><E125/><V130/><F122/><W115/><G115/><T50/><D36/><U32/><E75/><V135/><F7/><W110/><G38/><T26/><D133/><U126/><E126/><V57/><F69/><W23/><G13/><T120/><D6/><U9/><E71/><V47/><F39/><W12/><G12/><T106/><D106/><U118/><E64/><V81/><F130/><W15/><G15/><T41/><D94/><U117/><E9/><V65/><F18/><W1/><G1/><T16/><D78/><U67/><E67/><V8/><F8/><W100/><G70/><T127/><D127/><U111/><E111/><N who="3" m="42538" /><G89/><T102/><D26/><U116/><E19/><V124/><F135/><W37/><G37/><T80/><D120/><U66/><E66/><V59/><F124/><W17/><G17/><T68/><D68/><U107/><E27/><V134/><F134/><W101/><G101/><T132/><D132/><U14/><E14/><V109/><F109/><W30/><G23/><T53/><D25/><U21/><E21/><V112/><F112/><W113/><G113/><T84/><D16/><U28/><E28/><N who="3" m="7170" /><W43/><DORA hai="5" /><G43/><T87/><D102/><N who="1" m="62919" /><E76/><V22/><F22/><W10/><G10/><T45/><REACH who="0" step="1"/><D40/><AGARI ba="0,0" hai="32,33,40,46,48,85,91,92,116,117,118" m="62919" machi="40" ten="30,7700,0" yaku="12,1,52,3" doraHai="114,5" who="1" fromWho="0" sc="254,-77,208,77,304,0,234,0" owari="177,-32.3,285,8.5,304,40.4,234,-16.6" /></mjloggm>