<mjloggm ver="2.3"><GO type="225" lobby="0"/><UN n0="%E6%B8%A9%E2%98%85%E6%83%85%E2%98%85%E6%8E%AA%E2%98%85%E7%BD%AE" n1="%E6%9D%BE%E6%9C%AC%E5%81%A5%E7%94%B7" n2="%E3%81%B5%E3%81%98%E3%81%8B%E3%81%A4" n3="%72%61%6B%33" dan="17,16,16,16" rate="2230.70,2150.98,2183.11,2097.91" sx="M,M,M,M"/><TAIKYOKU oya="0"/><INIT seed="0,0,0,3,1,109" ten="250,250,250,250" oya="0" hai0="39,123,47,86,5,53,102,58,125,60,28,69,59" hai1="37,33,27,100,34,26,44,62,46,56,116,17,99" hai2="29,135,78,92,94,112,64,38,52,82,35,120,85" hai3="74,127,114,75,71,80,32,81,122,45,119,10,96"/><T117/><D117/><U73/><E73/><V76/><F112/><W65/><G45/><T83/><D123/><U55/><E116/><V31/><F120/><W16/><G65/><T48/><D125/><U131/><E131/><V130/><F38/><W93/><G16/><T63/><D102/><U104/><E44/><V98/><F130/><W111/><G10/><T126/><D126/><U8/><E26/><V79/><F64/><W128/><G71/><T72/><D72/><U68/><E68/><V113/><F113/><W18/><G18/><T25/><D5/><U1/><E1/><V106/><F135/><W24/><G24/><T101/><D101/><U67/><E67/><V21/><F35/><W15/><G15/><T129/><D39/><U108/><E108/><V88/><F106/><W3/><G3/><T103/><D103/><U42/><REACH who="1" step="1"/><E8/><REACH who="1" ten="250,240,250,250" step="2"/><V11/><F11/><W43/><G128/><T9/><D9/><U2/><E2/><V134/><F134/><W20/><G111/><T57/><D69/><U13/><E13/><V41/><F41/><W66/><G43/><T133/><D133/><U0/><E0/><V95/><F98/><W7/><G96/><T118/><D118/><U124/><E124/><V40/><F40/><W61/><G119/><T115/><D129/><U89/><E89/><V77/><N who="2" m="19456" /><DORA hai="49" /><V12/><REACH who="2" step="1"/><F52/><REACH who="2" ten="250,240,240,250" step="2"/><W84/><G127/><T36/><D53/><U132/><E132/><V4/><F4/><W97/><G74/><T91/><D115/><U51/><E51/><V121/><F121/><W50/><G122/><T70/><D48/><RYUUKYOKU ba="0,2" sc="250,-15,240,15,240,15,250,-15" hai1="17,27,33,34,37,42,46,55,56,62,99,100,104" hai2="12,21,29,31,82,85,88,92,94,95" /><INIT seed="1,1,2,4,5,98" ten="235,255,255,235" oya="1" hai0="88,14,38,20,30,133,26,81,51,62,106,80,39" hai1="70,22,21,67,13,55,0,127,61,54,124,49,66" hai2="105,91,7,27,85,23,115,83,111,86,117,58,34" hai3="68,71,94,57,4,116,77,134,79,64,76,104,47"/><U15/><E0/><V31/><F117/><W29/><G104/><T60/><D106/><U43/><E43/><V10/><F105/><W75/><G75/><T44/><D133/><U19/><E66/><V42/><F111/><W2/><G29/><T74/><D74/><U112/><E112/><V65/><F115/><W122/><G122/><T56/><D39/><U18/><REACH who="1" step="1"/><E55/><REACH who="1" ten="235,245,255,235" step="2"/><V52/><F42/><W123/><G64/><T33/><D38/><U125/><E125/><V90/><F65/><W24/><G2/><T84/><D56/><AGARI ba="1,3" hai="13,15,18,19,21,22,49,54,56,61,67,70,124,127" machi="56" ten="40,3900,0" yaku="1,1,9,1,53,0" doraHai="98" doraHaiUra="102" who="1" fromWho="0" sc="235,-42,245,72,255,0,235,0" /><INIT seed="1,2,0,3,4,48" ten="193,317,255,235" oya="1" hai0="51,75,29,19,121,79,71,132,13,15,46,125,81" hai1="96,34,27,33,6,36,116,106,76,5,68,57,8" hai2="114,60,95,61,107,21,26,118,78,124,119,63,47" hai3="109,111,17,113,43,10,93,54,39,73,35,110,7"/><U0/><E68/><V59/><F107/><W70/><G113/><T103/><D132/><U18/><E116/><V131/><F114/><W40/><G70/><T80/><D125/><U83/><E36/><V25/><F124/><W41/><G73/><T28/><D121/><U52/><E6/><V127/><F127/><W108/><G35/><T101/><D71/><U92/><E106/><V135/><F78/><W9/><G111/><T120/><D120/><U105/><E105/><V56/><F135/><W4/><G39/><T22/><D80/><U99/><E18/><V90/><F131/><W104/><G104/><T87/><D75/><U11/><E11/><N who="3" m="4106" /><G93/><T86/><D86/><U37/><E27/><N who="2" m="10251" /><F119/><W31/><G31/><N who="0" m="11851" /><D13/><U85/><E37/><V53/><F21/><W38/><G38/><T117/><D117/><U84/><E84/><N who="2" m="52679" /><F118/><W12/><G54/><AGARI ba="2,0" hai="15,19,22,46,51,54,79,81,87,101,103" m="11851" machi="54" ten="30,2000,0" yaku="8,1,52,1" doraHai="48" who="0" fromWho="3" sc="193,26,317,0,255,0,235,-26" /><INIT seed="2,0,0,2,1,122" ten="219,317,255,209" oya="2" hai0="108,125,1,17,4,82,35,130,5,91,118,119,72" hai1="81,80,33,127,49,84,99,37,111,21,36,6,116" hai2="59,32,105,70,10,113,28,12,85,107,65,109,121" hai3="96,44,2,57,67,112,77,129,42,100,52,62,47"/><V7/><F121/><W53/><G129/><T86/><D130/><U90/><E33/><V13/><F113/><W23/><G112/><T25/><D125/><U74/><E116/><N who="0" m="44585" /><D1/><U76/><E127/><V43/><F70/><W34/><G34/><T103/><D108/><U68/><E68/><V120/><F120/><W58/><G2/><T45/><D103/><U98/><E111/><V133/><F133/><W97/><G77/><N who="0" m="44327" /><D45/><U132/><E132/><V50/><F109/><W104/><G97/><T48/><D48/><U46/><E6/><V24/><F85/><W110/><G110/><T51/><D51/><U30/><E99/><V66/><F13/><W20/><G44/><T40/><D40/><U75/><E75/><V115/><F115/><W117/><G117/><T41/><D41/><U71/><E98/><V39/><F39/><W131/><G131/><T55/><D55/><U54/><E71/><V60/><REACH who="2" step="1"/><F66/><REACH who="2" ten="219,317,245,209" step="2"/><W89/><G67/><T106/><D106/><U95/><E36/><V134/><F134/><W123/><G123/><T56/><D86/><U78/><E37/><V26/><F26/><W88/><G47/><AGARI ba="0,1" hai="7,10,12,24,28,32,43,47,50,59,60,65,105,107" machi="47" ten="40,2000,0" yaku="1,1,53,0" doraHai="122" doraHaiUra="73" who="2" fromWho="3" sc="219,0,317,0,245,30,209,-20" /><INIT seed="2,1,0,2,4,83" ten="219,317,275,189" oya="2" hai0="62,48,19,26,91,36,129,133,90,77,123,49,78" hai1="41,116,124,30,71,27,50,107,43,58,80,132,114" hai2="75,65,76,39,5,8,69,44,73,126,84,67,94" hai3="86,20,63,47,6,55,82,12,14,40,134,127,34"/><V2/><F126/><W61/><G127/><T130/><D36/><U74/><E71/><V37/><F37/><W59/><G134/><T121/><D26/><U21/><E107/><V111/><F111/><W10/><G34/><T135/><D19/><U88/><E114/><V7/><F7/><W108/><G108/><T29/><REACH who="0" step="1"/><D62/><REACH who="0" ten="209,317,275,189" step="2"/><U56/><E27/><V15/><F39/><W87/><G63/><T79/><D79/><U105/><E124/><V128/><F76/><W115/><G115/><T119/><D119/><U117/><E117/><V120/><F120/><W9/><G20/><T68/><D68/><U98/><E21/><V32/><F69/><W60/><G60/><T38/><D38/><U104/><E116/><V92/><F32/><W42/><G47/><T101/><D101/><U96/><E30/><AGARI ba="1,1" hai="29,30,48,49,77,78,90,91,121,123,129,130,133,135" machi="30" ten="25,8000,1" yaku="1,1,22,2,53,2" doraHai="83" doraHaiUra="25" who="0" fromWho="1" sc="209,93,317,-83,275,0,189,0" /><INIT seed="3,0,0,2,3,11" ten="302,234,275,189" oya="3" hai0="58,96,63,23,18,50,46,65,80,93,102,57,61" hai1="82,45,20,79,120,106,73,98,97,21,83,59,41" hai2="101,44,22,113,42,4,28,40,88,49,81,53,116" hai3="56,124,8,69,14,13,5,104,92,126,30,36,89"/><W25/><G69/><T51/><D80/><U67/><E120/><V1/><F113/><W38/><G104/><T125/><D125/><N who="3" m="48233" /><G56/><T122/><D46/><U133/><E133/><V129/><F116/><W111/><G111/><T105/><D105/><U135/><E135/><V128/><F101/><W134/><G134/><T37/><D37/><N who="3" m="14441" /><G92/><T47/><D47/><U66/><E106/><V32/><F32/><N who="3" m="20559" /><G89/><T74/><D122/><U107/><E83/><V130/><F1/><AGARI ba="0,0" hai="1,5,8,13,14" m="20559,14441,48233" machi="1" ten="30,5800,0" yaku="18,1,52,2" doraHai="11" who="3" fromWho="2" sc="302,0,234,0,275,-58,189,58" /><INIT seed="3,1,0,3,4,88" ten="302,234,217,247" oya="3" hai0="80,20,22,61,2,0,112,110,118,68,26,1,119" hai1="32,123,12,39,45,120,117,100,54,111,92,93,33" hai2="127,126,14,74,87,5,41,73,23,108,40,102,99" hai3="64,21,66,31,94,16,30,29,59,125,49,75,25"/><W34/><G75/><T18/><D110/><U70/><E111/><V96/><F108/><W106/><G106/><T130/><D130/><U56/><E70/><V116/><F116/><W8/><G125/><N who="2" m="47625" /><F5/><W114/><G114/><T83/><D112/><U133/><E117/><V15/><F87/><W9/><G34/><T129/><D129/><U122/><E133/><V27/><F27/><W11/><REACH who="3" step="1"/><G94/><REACH who="3" ten="302,234,217,237" step="2"/><T95/><D95/><U53/><E32/><V7/><F7/><W50/><G50/><T104/><D104/><U97/><E33/><V79/><F79/><W51/><G51/><T121/><D119/><U89/><E120/><V43/><F23/><W37/><G37/><T10/><D22/><U52/><E122/><V60/><F60/><W42/><G42/><T109/><D109/><U132/><E39/><V82/><F82/><W46/><G46/><T98/><D118/><U115/><E45/><V62/><F62/><W81/><G81/><T107/><D121/><U17/><E123/><V84/><F84/><W24/><G24/><T103/><D61/><N who="1" m="35975" /><E115/><V113/><F113/><W28/><N who="3" m="7168" /><DORA hai="63" /><W55/><AGARI ba="1,1" hai="8,9,11,16,21,25,49,55,59,64,66" m="7168" machi="55" ten="50,18000,2" yaku="1,1,4,1,0,1,8,1,52,2,54,1,53,0" doraHai="88,63" doraHaiUra="35,91" who="3" fromWho="3" sc="302,-61,234,-61,217,-61,237,193" owari="241,4.1,173,-22.7,156,-34.4,430,53.0" /></mjloggm>