<mjloggm ver="2.3"><GO type="225" lobby="0"/><UN n0="%E3%81%B5%E3%81%98%E3%81%8B%E3%81%A4" n1="%E5%A4%9C%E3%81%AE%E3%82%AC%E3%82%B9%E3%83%91%E3%83%BC%E3%83%AB" n2="%E3%80%93%E3%81%97%E3%83%BC%E3%82%89%E3%80%93" n3="%E3%81%8B%E3%82%8F%E3%81%A1%E3%82%83%E3%82%93%35%38" dan="17,16,16,17" rate="2222.01,2149.59,2128.64,2229.09" sx="M,M,M,M"/><TAIKYOKU oya="0"/><INIT seed="0,0,0,0,1,108" ten="250,250,250,250" oya="0" hai0="33,58,8,28,64,29,127,13,131,112,38,46,42" hai1="44,52,107,73,49,106,18,109,118,114,16,2,50" hai2="97,27,24,130,85,69,41,1,19,71,120,39,81" hai3="31,90,86,116,68,122,129,48,67,124,79,83,113"/><T7/><D127/><U77/><E118/><V14/><F1/><W40/><G116/><T98/><D131/><U34/><E34/><V125/><F130/><W103/><G129/><T110/><D110/><U92/><E2/><V37/><F125/><W84/><G124/><T100/><D33/><U26/><E109/><V51/><F39/><W36/><G36/><T45/><D45/><U10/><E114/><V96/><F37/><W11/><G122/><T53/><D64/><U35/><E92/><V75/><F75/><W17/><G31/><T70/><D70/><U133/><E133/><V9/><F71/><W91/><G103/><T6/><D6/><U59/><E77/><V93/><F69/><W3/><G79/><T76/><D76/><U21/><E73/><V61/><F61/><W104/><G104/><T56/><D112/><U134/><E35/><V123/><F123/><W47/><G113/><T101/><D101/><U105/><E134/><V32/><F32/><W30/><G30/><T82/><D82/><U80/><E80/><V0/><F0/><W88/><G84/><T4/><D4/><U55/><REACH who="1" step="1"/><E10/><REACH who="1" ten="250,240,250,250" step="2"/><V57/><F120/><W78/><G3/><T25/><D100/><U94/><E94/><V65/><F93/><W54/><G78/><T62/><D98/><U12/><E12/><V63/><F97/><W74/><G74/><T135/><D135/><U66/><E66/><V132/><F96/><W119/><G83/><T60/><D25/><U43/><E43/><V128/><F132/><W72/><G72/><T115/><D115/><U23/><E23/><RYUUKYOKU ba="0,1" sc="250,15,240,15,250,-15,250,-15" hai0="7,8,13,28,29,38,42,46,53,56,58,60,62" hai1="16,18,21,26,44,49,50,52,55,59,105,106,107" /><INIT seed="0,1,1,3,0,67" ten="265,255,235,235" oya="0" hai0="20,94,122,70,41,126,59,42,54,31,40,46,132" hai1="84,26,135,37,30,76,113,86,56,115,38,81,91" hai2="90,65,69,13,15,9,48,98,34,95,119,106,36" hai3="28,25,117,116,102,49,53,63,14,11,12,83,130"/><T129/><D122/><U55/><E135/><V4/><F36/><W35/><G130/><T64/><D132/><U103/><E103/><V16/><F34/><W88/><G102/><T120/><D120/><U8/><E8/><V18/><F119/><W107/><G107/><T101/><D129/><U73/><E38/><V27/><F106/><W100/><G100/><T87/><D126/><U68/><E68/><V62/><F27/><W77/><G63/><T104/><D104/><U19/><E19/><V105/><F105/><W50/><G12/><T45/><D87/><U125/><E37/><V17/><REACH who="2" step="1"/><F48/><REACH who="2" ten="265,255,225,235" step="2"/><W3/><G50/><T131/><D131/><U29/><E125/><V78/><F78/><W60/><G77/><T33/><D33/><U43/><E26/><V71/><F71/><W97/><G25/><T52/><D70/><U0/><E76/><V92/><F92/><N who="3" m="56455" /><G35/><T133/><D133/><U109/><E113/><V112/><F112/><W7/><G28/><T118/><D118/><U114/><E30/><V96/><F96/><W51/><G51/><T22/><D31/><U110/><E29/><V2/><AGARI ba="1,2" hai="2,4,9,13,15,16,17,18,62,65,69,90,95,98" machi="2" ten="30,7900,0" yaku="1,1,0,1,52,1,54,1,53,0" doraHai="67" doraHaiUra="47" who="2" fromWho="2" sc="265,-40,255,-21,225,102,235,-21" /><INIT seed="1,0,0,0,1,113" ten="225,234,327,214" oya="1" hai0="75,121,68,103,109,31,69,80,86,97,32,46,24" hai1="15,90,45,43,111,27,112,135,49,99,114,59,91" hai2="74,1,48,44,5,52,11,54,127,104,17,117,4" hai3="66,98,84,107,20,55,87,125,95,128,131,62,41"/><U12/><E135/><V16/><F117/><W129/><G107/><T18/><D121/><U89/><E111/><V105/><F74/><W81/><G125/><T2/><D109/><U3/><E3/><V37/><F127/><W92/><G41/><T50/><D75/><U120/><E120/><V13/><F5/><W60/><G20/><T9/><D2/><U101/><E112/><V47/><F17/><W65/><G55/><T38/><D38/><U73/><E73/><V123/><F123/><W8/><G8/><T133/><D133/><U94/><E114/><V53/><F37/><W33/><G33/><T26/><D26/><U77/><E77/><V57/><F47/><W34/><G34/><T79/><D18/><U116/><E116/><V130/><F130/><W14/><G14/><T22/><D9/><U88/><N who="1" m="22528" /><DORA hai="102" /><U63/><REACH who="1" step="1"/><E27/><REACH who="1" ten="225,224,327,214" step="2"/><V28/><F1/><W23/><G129/><T21/><D21/><U93/><E93/><V78/><F78/><W40/><G23/><T30/><D22/><U61/><E61/><V134/><F134/><W35/><G35/><T36/><D32/><U10/><E10/><V83/><F11/><W56/><G81/><T96/><D24/><U0/><E0/><V124/><F83/><W42/><G98/><N who="0" m="37995" /><D79/><U118/><E118/><V119/><F119/><W71/><G128/><T106/><D80/><U108/><E108/><V64/><F124/><W51/><G131/><T85/><D86/><N who="3" m="32809" /><G95/><T25/><D85/><U7/><E7/><V58/><F4/><W122/><G122/><T67/><D25/><U39/><E39/><RYUUKYOKU ba="0,1" sc="225,-10,224,30,327,-10,214,-10" hai1="12,15,43,45,49,59,63,94,99,101" /><INIT seed="1,1,1,3,4,47" ten="215,254,317,204" oya="1" hai0="48,44,68,59,93,97,43,50,135,14,54,78,41" hai1="37,46,115,22,103,121,100,125,107,90,53,18,80" hai2="114,16,25,127,61,89,101,32,62,20,8,85,73" hai3="108,84,65,19,92,104,9,88,116,31,1,129,71"/><U74/><E115/><V66/><F73/><W3/><G104/><T63/><D135/><U94/><E121/><V77/><F114/><W83/><G31/><T124/><D78/><U38/><E125/><V118/><F127/><W4/><G108/><T86/><D124/><U6/><E6/><V110/><F32/><W131/><G116/><T96/><D68/><U75/><E75/><V133/><F77/><W106/><G106/><T130/><D130/><N who="3" m="49673" /><G19/><T64/><D14/><U128/><E128/><V28/><F110/><W29/><G29/><T15/><D15/><U0/><E0/><V111/><F133/><W102/><G1/><T13/><D13/><U132/><E132/><V57/><F8/><W27/><G27/><T23/><D23/><U113/><E113/><V12/><F118/><W98/><G65/><T119/><D119/><U87/><E107/><V91/><F28/><W126/><G126/><T56/><D41/><U82/><E18/><V33/><F16/><W24/><G24/><T123/><D123/><U45/><E22/><V70/><F20/><W39/><G39/><T52/><D64/><U42/><E38/><V10/><F66/><W11/><G11/><T55/><D43/><U5/><E5/><V81/><F10/><W99/><G71/><T105/><D105/><U30/><E30/><V49/><F70/><W76/><G102/><N who="1" m="38954" /><E74/><AGARI ba="1,1" hai="3,4,9,74,76,83,84,88,92,98,99" m="49673" machi="74" ten="30,2000,0" yaku="19,1,54,1" doraHai="47" who="3" fromWho="1" sc="215,0,254,-23,317,0,204,33" /><INIT seed="2,0,0,3,0,134" ten="215,231,317,237" oya="2" hai0="45,3,65,119,35,82,19,26,7,100,53,59,84" hai1="30,78,114,67,17,63,113,47,74,102,69,97,50" hai2="106,49,73,0,93,36,131,99,88,83,117,58,89" hai3="16,122,132,1,15,118,64,130,71,91,80,18,62"/><V70/><F0/><W103/><G1/><T46/><D119/><U55/><E30/><V8/><F36/><W29/><G118/><T43/><D100/><U39/><E78/><V22/><F70/><W5/><G122/><T86/><D65/><U109/><E74/><V90/><F106/><W116/><G116/><T13/><D3/><U28/><E109/><V101/><F131/><W129/><G132/><T79/><D35/><U52/><E28/><V77/><F8/><N who="3" m="4495" /><G29/><T112/><D112/><U20/><E55/><V87/><F117/><W40/><G40/><T126/><D126/><U135/><E39/><V120/><F120/><W23/><G103/><T56/><D7/><U123/><E135/><V37/><F37/><W75/><G23/><T44/><D26/><U25/><REACH who="1" step="1"/><E123/><REACH who="1" ten="215,221,317,237" step="2"/><V68/><F73/><W111/><G111/><T41/><D86/><U76/><E76/><V12/><F77/><W128/><G75/><T115/><D115/><U85/><E85/><AGARI ba="0,1" hai="16,18,62,64,71,80,85,91,128,129,130" m="4495" machi="85" ten="30,2000,0" yaku="19,1,54,1" doraHai="134" who="3" fromWho="1" sc="215,0,221,-20,317,0,237,30" /><INIT seed="3,0,0,1,4,1" ten="215,201,317,267" oya="3" hai0="125,13,72,8,122,16,29,55,101,25,134,114,132" hai1="45,103,74,118,71,102,120,99,123,133,126,4,93" hai2="3,68,69,40,106,113,59,17,63,73,27,108,36" hai3="85,86,87,52,61,66,83,30,20,32,41,15,39"/><W112/><G112/><T53/><D72/><U50/><E71/><V90/><F73/><W77/><G32/><N who="0" m="20527" /><D122/><U78/><E126/><V24/><F3/><W54/><G41/><T22/><D114/><U33/><E33/><V121/><F106/><W117/><G39/><T48/><D101/><U91/><E133/><N who="0" m="51305" /><D125/><U81/><E118/><V0/><F0/><W46/><G117/><T105/><D105/><U84/><E4/><V21/><F108/><W9/><G20/><T6/><D48/><U92/><REACH who="1" step="1"/><E103/><REACH who="1" ten="215,191,317,267" step="2"/><V37/><F69/><W76/><G76/><T42/><D42/><AGARI ba="0,1" hai="42,45,50,74,78,81,84,91,92,93,99,102,120,123" machi="42" ten="30,3900,0" yaku="1,1,2,1,7,1,53,0" doraHai="1" doraHaiUra="60" who="1" fromWho="0" sc="215,-39,191,49,317,0,267,0" owari="176,-32.4,240,-16.0,317,41.7,267,6.7" /></mjloggm>