<mjloggm ver="2.3"><GO type="225" lobby="0"/><UN n0="%E8%A8%88%E7%AE%97%E6%A9%9F%E8%87%AA%E7%84%B6" n1="%E5%BA%97%E9%95%B7%4D" n2="%E4%B8%89%E5%88%86%E5%B0%8F%E5%83%A7" n3="%E3%81%9F%E3%81%BE%E5%AD%90" dan="17,16,16,16" rate="2184.52,2083.00,2094.57,2171.09" sx="M,M,M,M"/><TAIKYOKU oya="0"/><INIT seed="0,0,0,3,4,106" ten="250,250,250,250" oya="0" hai0="4,79,120,99,43,48,70,74,68,122,51,62,78" hai1="118,127,83,129,34,19,50,2,75,90,71,22,125" hai2="38,56,60,113,64,114,23,36,44,30,0,77,115" hai3="85,69,12,124,46,9,55,133,121,20,59,130,31"/><T98/><D4/><U21/><E34/><V134/><F0/><W25/><G69/><T104/><D104/><U67/><E118/><V14/><F134/><W128/><G46/><T126/><D62/><N who="1" m="40439" /><E2/><V47/><F77/><W5/><G133/><T66/><D66/><U81/><E129/><N who="3" m="49770" /><G85/><T27/><D27/><U89/><E50/><V103/><F103/><W18/><G124/><N who="1" m="47690" /><E22/><V45/><REACH who="2" step="1"/><F30/><REACH who="2" ten="250,250,240,250" step="2"/><W91/><G121/><T32/><D126/><U111/><E111/><V3/><F3/><N who="3" m="191" /><G91/><N who="1" m="34826" /><E75/><V33/><F33/><W57/><G55/><T61/><D32/><AGARI ba="0,1" hai="12,18,20,25,31,32,57,59" m="191,49770" machi="32" ten="30,2000,0" yaku="24,1,19,1" doraHai="106" who="3" fromWho="0" sc="250,-20,250,0,240,0,250,30" /><INIT seed="1,0,0,1,5,3" ten="230,250,240,280" oya="1" hai0="92,110,85,103,71,22,100,99,96,15,7,11,86" hai1="56,101,53,24,116,83,132,87,106,28,36,73,123" hai2="19,68,48,121,107,118,50,20,88,72,129,95,77" hai3="42,122,102,120,41,69,5,70,80,126,60,65,127"/><U64/><E116/><V44/><F121/><N who="3" m="46699" /><G102/><T10/><D71/><N who="3" m="27145" /><G80/><T26/><D110/><U109/><E36/><V16/><F68/><N who="3" m="42023" /><G5/><T79/><D79/><U105/><E64/><V31/><F107/><W134/><G134/><T63/><D63/><U14/><E123/><V128/><F118/><W38/><G38/><T61/><D61/><U97/><E73/><V30/><F77/><W6/><G6/><T104/><REACH who="0" step="1"/><D10/><REACH who="0" ten="220,250,240,280" step="2"/><U119/><E109/><V0/><F72/><W59/><G59/><T58/><D58/><U37/><E119/><V67/><F67/><W34/><G34/><T52/><D52/><U12/><E132/><V108/><F108/><W114/><G114/><T57/><D57/><U124/><E124/><AGARI ba="0,1" hai="41,42,124,126,127" m="42023,27145,46699" machi="124" ten="40,5200,0" yaku="18,1,34,2" doraHai="3" who="3" fromWho="1" sc="220,0,250,-52,240,0,280,62" /><INIT seed="2,0,0,3,4,60" ten="220,198,240,342" oya="2" hai0="57,132,3,39,2,34,81,42,84,134,118,66,7" hai1="70,52,80,24,9,13,31,99,50,96,62,18,58" hai2="32,109,12,78,19,20,107,114,27,73,105,68,95" hai3="23,48,22,28,36,77,131,43,75,87,35,56,16"/><V25/><F114/><W41/><G75/><T104/><D34/><U30/><E30/><V135/><F135/><N who="0" m="51754" /><D104/><U113/><E113/><V120/><F120/><W121/><G121/><T74/><D74/><U14/><E14/><V133/><F133/><W119/><G119/><T69/><D69/><U33/><E70/><V86/><F73/><W55/><G35/><T91/><D118/><U85/><REACH who="1" step="1"/><E50/><REACH who="1" ten="220,188,240,342" step="2"/><V129/><F68/><W47/><G48/><T46/><D7/><U94/><E94/><V110/><F129/><W102/><G36/><T38/><D39/><U10/><E10/><V67/><F107/><W88/><G28/><T4/><D4/><U92/><E92/><V51/><F105/><W115/><G115/><T126/><D126/><U17/><E17/><V8/><F51/><W93/><G16/><T108/><D108/><U54/><E54/><V6/><F95/><W71/><G55/><T79/><D2/><U127/><E127/><V61/><F6/><W37/><G71/><T65/><D3/><U64/><E64/><N who="0" m="24681" /><D57/><U83/><E83/><V82/><F110/><W106/><G56/><T5/><D5/><U45/><E45/><V100/><F109/><W111/><G111/><T63/><D63/><U40/><E40/><V76/><F61/><W103/><G43/><T116/><D116/><U1/><E1/><V21/><F82/><N who="3" m="47567" /><G106/><T112/><D112/><U128/><E128/><V98/><F19/><W122/><G131/><T59/><D59/><U11/><E11/><V124/><F8/><W123/><G123/><T101/><D101/><N who="3" m="38409" /><G122/><T44/><D44/><RYUUKYOKU ba="0,1" sc="220,10,188,10,240,-30,342,10" hai0="38,42,46,79,81,84,91" hai1="9,13,18,24,31,33,52,58,62,80,85,96,99" hai3="22,23,37,41,47,88,93" /><INIT seed="3,1,1,3,2,61" ten="230,198,210,352" oya="3" hai0="113,59,85,115,20,122,80,52,79,120,18,101,98" hai1="71,35,121,107,99,77,74,135,125,131,27,23,103" hai2="130,46,21,47,87,56,123,45,29,129,55,25,76" hai3="43,54,49,128,134,90,24,38,102,33,65,36,111"/><W100/><G90/><T53/><D122/><U68/><E121/><V41/><F123/><W10/><G10/><T63/><D120/><U116/><E125/><V96/><F96/><W133/><G128/><N who="2" m="49257" /><F76/><W58/><G33/><T119/><D119/><U93/><E131/><V108/><F108/><W48/><G24/><T32/><D32/><U39/><E39/><N who="2" m="21695" /><F87/><W81/><G81/><T86/><D85/><U105/><E116/><V2/><F2/><W88/><G88/><T50/><D98/><U7/><E7/><V28/><F28/><W112/><G111/><T44/><REACH who="0" step="1"/><D101/><REACH who="0" ten="220,198,210,352" step="2"/><U26/><E135/><V42/><F42/><W97/><G102/><T40/><D40/><U114/><E114/><V118/><F118/><W132/><G112/><T4/><D4/><U30/><E77/><V0/><F0/><W14/><G97/><T104/><D104/><U66/><E74/><V60/><AGARI ba="1,2" hai="21,25,29,46,47,55,56,60" m="21695,49257" machi="60" ten="30,1100,0" yaku="19,1" doraHai="61" who="2" fromWho="2" sc="220,-4,198,-4,210,34,352,-6" owari="216,-18.4,194,-30.6,244,4.4,346,44.6" /></mjloggm>