<mjloggm ver="2.3"><GO type="225" lobby="0"/><UN n0="%E3%83%A9%E3%83%BC%E3%83%A1%E3%83%B3%E4%BA%94%E9%83%8E" n1="%E3%81%97%E3%82%93%E3%81%97%E3%82%93%E3%81%97%E3%82%93" n2="%E3%81%8B%E3%82%8F%E3%81%A1%E3%82%83%E3%82%93%35%38" n3="%6D%75%75%6D%75%72%61" dan="16,16,16,16" rate="2083.72,2080.54,2080.30,2164.99" sx="M,F,M,F"/><TAIKYOKU oya="0"/><INIT seed="0,0,0,5,3,33" ten="250,250,250,250" oya="0" hai0="129,85,54,46,61,17,113,62,63,45,69,118,24" hai1="99,131,77,68,66,32,0,76,84,89,44,53,55" hai2="29,72,15,59,97,12,22,115,3,126,19,30,87" hai3="74,67,73,13,8,1,5,40,111,127,7,95,112"/><T34/><D113/><U14/><E32/><V37/><F72/><W60/><G112/><T4/><D118/><U6/><E131/><V35/><F115/><W117/><G117/><T102/><D129/><U125/><E125/><V100/><F37/><W36/><G111/><T57/><D69/><U130/><E130/><V120/><F120/><W103/><G127/><T86/><D102/><U132/><E14/><V75/><F75/><W64/><G36/><T65/><D34/><U101/><E66/><V26/><F126/><W42/><G95/><T78/><D4/><U23/><E23/><V135/><F135/><W110/><G103/><T119/><D119/><U96/><E96/><V83/><F3/><W116/><G110/><T70/><D62/><U80/><E68/><V27/><F59/><W25/><G25/><T81/><REACH who="0" step="1"/><D86/><REACH who="0" ten="240,250,250,250" step="2"/><U105/><E132/><V114/><F114/><W31/><G116/><T41/><D41/><U43/><E6/><V38/><F35/><W124/><G124/><T90/><D90/><U91/><E89/><V49/><F100/><W71/><G71/><T108/><D108/><U47/><E43/><V11/><F87/><W82/><G60/><T133/><D133/><U50/><E0/><V21/><F97/><W128/><G128/><T79/><D79/><U121/><E121/><V107/><F107/><W48/><G1/><T92/><D92/><U88/><E91/><V2/><F2/><W94/><G5/><T39/><D39/><U109/><E109/><V18/><F38/><W93/><G73/><T56/><D56/><U134/><E134/><RYUUKYOKU ba="0,1" sc="240,15,250,15,250,-15,250,-15" hai0="17,24,45,46,54,57,61,63,65,70,78,81,85" hai1="44,47,50,53,55,76,77,80,84,88,99,101,105" /><INIT seed="0,1,1,0,0,58" ten="255,265,235,235" oya="0" hai0="90,87,68,8,33,36,101,12,44,35,122,95,119" hai1="62,37,48,43,117,15,3,2,80,124,25,91,105" hai2="115,18,13,0,34,66,16,69,121,106,99,41,42" hai3="79,6,133,49,46,97,26,9,132,82,92,89,110"/><T130/><D119/><U65/><E117/><V128/><F121/><W118/><G110/><T14/><D122/><U10/><E124/><V81/><F0/><W60/><G118/><T135/><D130/><U7/><E105/><V5/><F115/><W67/><G26/><T29/><D135/><U38/><E25/><V96/><F34/><W108/><G108/><T111/><D111/><U71/><E48/><V27/><F128/><W24/><G24/><T134/><D134/><U83/><E83/><V45/><F5/><W125/><G125/><T50/><D36/><U86/><E43/><V78/><F27/><W77/><G132/><T39/><D39/><U52/><E52/><V109/><F109/><W4/><G133/><T75/><D75/><U51/><E51/><V114/><F114/><W55/><G9/><T59/><D68/><U57/><E71/><V70/><F106/><W11/><G11/><T123/><D123/><U103/><E103/><V131/><F131/><W112/><G112/><T116/><D116/><U127/><E127/><V54/><F54/><W32/><G32/><T100/><D33/><U126/><E126/><V17/><F13/><W28/><G28/><T1/><D1/><N who="1" m="11" /><E38/><N who="2" m="21687" /><F42/><W113/><G113/><T22/><D35/><U23/><E37/><V102/><F66/><W120/><G120/><T107/><D107/><U72/><E23/><V21/><F21/><W84/><REACH who="3" step="1"/><G77/><REACH who="3" ten="255,265,235,225" step="2"/><T94/><D29/><U30/><E30/><V104/><F99/><W40/><G40/><T20/><D8/><U88/><E91/><V85/><F78/><W74/><G74/><AGARI ba="1,2" hai="7,10,15,57,62,65,72,74,80,86,88" m="11" machi="74" ten="30,3900,0" yaku="6,1,52,1,54,1" doraHai="58" who="1" fromWho="3" sc="255,0,265,62,235,0,225,-42" /><INIT seed="1,0,0,3,1,95" ten="255,327,235,183" oya="1" hai0="106,80,126,121,74,5,31,78,94,3,118,61,48" hai1="17,38,8,86,120,33,36,98,72,51,112,28,1" hai2="65,41,4,111,128,32,119,81,105,130,114,96,129" hai3="45,85,40,92,47,34,101,59,12,123,52,35,134"/><U64/><E72/><V97/><F119/><W42/><G123/><T39/><D118/><U9/><E112/><V135/><F114/><W90/><G134/><T54/><D106/><U82/><E120/><V71/><F135/><W19/><G35/><T108/><D121/><U124/><E124/><V93/><F111/><W125/><G34/><T55/><D108/><U63/><E33/><V75/><F32/><W56/><G56/><T115/><D115/><U83/><E28/><V79/><F4/><W73/><G73/><T60/><D39/><U29/><E29/><V76/><F41/><N who="3" m="15979" /><G101/><T66/><D126/><U110/><E51/><V14/><F14/><W89/><G89/><T69/><D31/><U67/><E1/><V2/><F2/><W24/><G24/><T104/><D104/><U49/><E36/><V43/><F43/><W50/><G125/><T16/><D61/><U107/><E38/><V133/><F133/><W6/><G6/><T117/><D117/><U15/><E107/><V37/><F37/><W77/><G77/><T23/><D48/><U122/><E49/><V53/><F53/><W102/><G102/><T68/><D68/><U7/><E122/><V87/><F76/><W25/><G25/><T20/><D20/><AGARI ba="0,0" hai="12,19,20,45,47,50,52,59,85,90,92" m="15979" machi="20" ten="30,3900,0" yaku="25,1,8,1,54,1" doraHai="95" who="3" fromWho="0" sc="255,-39,327,0,235,0,183,39" /><INIT seed="2,0,0,3,5,33" ten="216,327,235,222" oya="2" hai0="79,85,49,135,47,39,17,128,96,127,65,42,40" hai1="41,89,43,6,11,13,60,101,121,26,53,61,107" hai2="30,55,132,106,105,19,50,52,81,58,35,112,54" hai3="31,37,118,133,62,69,134,36,45,102,109,92,68"/><V82/><F112/><W32/><G118/><T115/><D115/><U123/><E101/><V51/><F132/><N who="3" m="50795" /><G32/><T20/><D135/><U63/><E107/><V24/><F19/><W80/><G31/><T18/><D127/><U77/><E77/><V84/><F55/><W34/><G34/><T73/><D73/><U130/><E130/><V48/><F48/><W131/><G131/><T113/><D113/><U3/><E53/><V124/><F124/><W88/><G109/><T71/><D128/><U2/><E89/><V95/><F95/><W22/><G22/><T15/><D39/><N who="3" m="14921" /><G102/><T100/><D40/><N who="1" m="15435" /><E26/><V72/><F72/><W110/><G110/><T46/><D46/><U98/><E98/><V108/><F108/><W126/><G45/><T99/><D18/><U23/><E23/><V0/><F0/><W103/><G126/><T119/><D119/><U74/><E74/><V21/><F35/><W16/><G16/><T111/><D111/><U56/><E56/><V5/><F5/><W75/><G62/><N who="0" m="40375" /><D100/><U78/><E78/><V7/><F7/><W10/><G10/><T129/><D129/><U97/><E97/><V91/><REACH who="2" step="1"/><F82/><REACH who="2" ten="216,327,225,222" step="2"/><W76/><G103/><T44/><D47/><AGARI ba="0,1" hai="21,24,30,47,50,51,52,54,58,81,84,91,105,106" machi="47" ten="30,12000,1" yaku="1,1,2,1,7,1,54,1,53,1" doraHai="33" doraHaiUra="25" who="2" fromWho="0" sc="216,-120,327,0,225,130,222,0" /><INIT seed="2,1,0,0,4,1" ten="96,327,355,222" oya="2" hai0="5,90,39,27,6,118,119,34,74,87,83,38,121" hai1="62,47,129,16,131,24,98,89,124,17,12,3,41" hai2="56,86,61,55,95,120,114,30,33,69,71,54,78" hai3="31,60,49,84,48,67,42,103,134,51,29,99,18"/><V37/><F37/><W25/><G134/><T8/><D121/><U58/><E3/><V113/><F33/><W15/><G42/><T21/><D34/><U100/><E124/><V22/><F30/><W20/><G84/><T46/><D74/><U13/><E89/><V111/><F22/><W19/><G19/><T53/><D53/><U10/><E24/><V75/><F75/><W59/><REACH who="3" step="1"/><G25/><REACH who="3" ten="96,327,355,212" step="2"/><T9/><D118/><U110/><E41/><V116/><F86/><W127/><G127/><T101/><D119/><U122/><E122/><V81/><F116/><W112/><G112/><T32/><D32/><U52/><E110/><V96/><F114/><W66/><G66/><T130/><D130/><U82/><E82/><V128/><F113/><W68/><G68/><T85/><D101/><U126/><E126/><V7/><F81/><W14/><G14/><T106/><D106/><AGARI ba="1,1" hai="15,18,20,29,31,48,49,51,59,60,67,99,103,106" machi="106" ten="40,2600,0" yaku="1,1,53,1" doraHai="1" doraHaiUra="94" who="3" fromWho="0" sc="96,-29,327,0,355,0,212,39" /><INIT seed="3,0,0,5,1,94" ten="67,327,355,251" oya="3" hai0="40,111,92,64,81,76,73,112,3,75,101,51,114" hai1="68,103,56,84,26,16,38,82,97,71,4,35,27" hai2="126,67,61,1,55,123,65,121,59,7,93,125,78" hai3="77,15,70,9,23,58,25,72,46,28,87,120,104"/><W86/><G120/><N who="2" m="46153" /><F78/><W74/><G70/><T24/><D3/><U57/><E38/><V90/><F7/><W31/><G104/><T8/><D8/><U107/><E4/><V116/><F1/><W49/><G28/><T89/><D24/><U6/><E6/><V69/><F116/><W105/><G105/><T124/><D51/><U47/><E47/><V18/><F18/><W129/><G58/><T98/><D40/><U12/><E68/><V21/><F21/><W17/><G129/><T5/><D64/><N who="2" m="24650" /><F69/><W122/><G122/><T130/><D5/><U100/><E71/><V96/><AGARI ba="0,0" hai="55,59,61,90,93,96,125,126" m="24650,46153" machi="96" ten="30,2000,0" yaku="13,1,52,1" doraHai="94" who="2" fromWho="2" sc="67,-5,327,-5,355,20,251,-10" owari="62,-43.8,322,12.2,375,47.5,241,-15.9" /></mjloggm>