<mjloggm ver="2.3"><GO type="225" lobby="0"/><UN n0="%E8%81%B7%E6%A5%AD%E3%80%81%E9%A2%A8%32" n1="%E7%B4%94%E6%BD%94%E3%83%94%E3%83%A9%E3%83%8B%E3%82%A2" n2="%72%61%6B%33" n3="%E8%A8%88%E7%AE%97%E6%A9%9F%E8%87%AA%E7%84%B6" dan="16,16,18,17" rate="2142.08,2176.67,2269.34,2231.47" sx="M,M,M,M"/><TAIKYOKU oya="0"/><INIT seed="0,0,0,0,3,33" ten="250,250,250,250" oya="0" hai0="116,90,47,127,36,89,39,82,15,108,17,118,130" hai1="85,103,7,11,97,21,56,43,124,126,32,110,76" hai2="92,35,114,134,109,75,88,67,100,105,78,9,8" hai3="57,106,22,49,2,112,3,63,52,40,104,128,25"/><T86/><D127/><N who="1" m="48683" /><E32/><V20/><F35/><W71/><G112/><T81/><D130/><U14/><E110/><V44/><F109/><W18/><G128/><T117/><D108/><U66/><E43/><V132/><F114/><W6/><G6/><T1/><D1/><N who="1" m="495" /><E76/><V72/><F67/><W74/><G74/><T96/><D47/><U77/><E77/><V80/><F72/><W10/><G10/><T102/><D82/><U58/><E85/><N who="2" m="52239" /><F44/><W29/><G29/><T59/><D59/><U46/><E46/><V123/><F20/><W64/><REACH who="3" step="1"/><G40/><REACH who="3" ten="250,250,250,240" step="2"/><T107/><REACH who="0" step="1"/><D90/><REACH who="0" ten="240,250,250,240" step="2"/><U95/><E66/><V23/><F75/><W41/><G41/><T135/><D135/><U83/><E83/><V50/><F80/><W94/><G94/><T65/><D65/><U93/><E95/><V68/><F134/><W53/><G53/><T119/><N who="0" m="29696" /><DORA hai="129" /><T5/><D5/><U45/><E45/><V70/><F132/><W27/><G27/><T60/><D60/><U31/><E58/><V101/><F78/><W4/><G4/><T12/><D12/><U48/><E14/><V84/><F68/><W69/><G69/><T55/><D55/><U34/><E56/><V113/><F70/><W30/><G30/><T61/><D61/><U122/><E31/><V42/><F42/><W98/><G98/><T24/><D24/><U131/><E93/><V28/><F28/><W121/><G121/><T125/><D125/><U62/><E122/><V79/><F123/><W99/><G99/><T19/><D19/><U111/><E97/><N who="2" m="61583" /><F79/><W16/><G16/><T120/><D120/><RYUUKYOKU ba="0,2" sc="240,15,250,-15,250,-15,240,15" hai0="15,17,36,39,81,86,89,96,102,107" hai3="2,3,18,22,25,49,52,57,63,64,71,104,106" /><INIT seed="0,1,2,4,2,76" ten="255,235,235,255" oya="0" hai0="112,51,108,19,95,69,64,82,1,117,92,15,118" hai1="97,61,31,27,16,94,74,114,125,70,11,13,45" hai2="113,47,116,40,26,3,130,14,78,85,46,115,104" hai3="122,67,96,37,135,77,58,0,5,50,28,8,100"/><T103/><D1/><U89/><E125/><V132/><F3/><W4/><G37/><T126/><D112/><U36/><E114/><V111/><F104/><W43/><G4/><T57/><D126/><U86/><E74/><V121/><F121/><W119/><G119/><T33/><D33/><U91/><E70/><V127/><F127/><W38/><G122/><T80/><D69/><U66/><E36/><V63/><F116/><W105/><G135/><T90/><D117/><U25/><E45/><V23/><F132/><W124/><G124/><T52/><D108/><U44/><E44/><V72/><F72/><W73/><G28/><T101/><D64/><U120/><E120/><V65/><F14/><W99/><G99/><N who="0" m="59623" /><D118/><U12/><E12/><V7/><F7/><W34/><G34/><T6/><D103/><U133/><E133/><V30/><F111/><W62/><G38/><T75/><D75/><U84/><E97/><V79/><F130/><W109/><G109/><T39/><D39/><U87/><E87/><V42/><F85/><W88/><G73/><T131/><D6/><U134/><E134/><V2/><F2/><W83/><G0/><T48/><D48/><U123/><E123/><V107/><F115/><W17/><G5/><T59/><D59/><N who="1" m="37183" /><E31/><V129/><F113/><W32/><G32/><T106/><D106/><U35/><E35/><V55/><F107/><W21/><G50/><T68/><D68/><U10/><E10/><V9/><F9/><W128/><G105/><T22/><D131/><U54/><E54/><V56/><F129/><W81/><G128/><RYUUKYOKU ba="1,2" sc="255,15,235,15,235,-15,255,-15" hai0="15,19,22,51,52,57,80,82,90,95" hai1="11,13,16,25,27,84,86,89,91,94" /><INIT seed="0,2,2,2,2,98" ten="270,250,220,240" oya="0" hai0="25,135,11,134,8,13,35,43,18,99,108,53,5" hai1="21,59,76,66,40,3,2,110,19,95,45,23,39" hai2="113,107,31,83,44,100,97,104,7,127,78,27,75" hai3="119,105,129,55,124,77,72,4,133,37,111,84,103"/><T9/><D108/><U112/><E110/><V126/><F113/><W106/><G111/><T101/><D43/><U10/><E112/><V96/><F7/><W36/><G119/><T47/><D47/><U91/><E76/><V26/><F44/><W74/><G55/><T85/><D85/><U70/><E70/><V94/><F26/><W131/><G4/><T118/><D118/><U125/><E125/><N who="2" m="47627" /><F97/><N who="3" m="61679" /><G106/><T79/><D53/><U86/><E10/><V42/><F42/><W38/><G124/><T69/><D69/><U46/><E46/><V24/><F24/><W122/><G133/><N who="0" m="50699" /><D79/><U92/><E92/><V116/><F116/><W20/><G122/><T61/><D61/><U57/><E21/><AGARI ba="2,2" hai="21,27,31,75,78,83,94,96,100,104,107" m="47627" machi="21" ten="30,2000,0" yaku="18,1,52,1" doraHai="98" who="2" fromWho="1" sc="270,0,250,-26,220,46,240,0" /><INIT seed="1,0,0,4,4,29" ten="270,224,266,240" oya="1" hai0="41,70,0,9,94,46,116,134,87,104,106,118,64" hai1="75,43,23,80,25,55,107,40,32,131,114,39,57" hai2="126,92,1,63,89,7,91,17,19,15,8,21,4" hai3="132,54,18,59,74,125,85,14,42,62,47,135,27"/><U53/><E114/><V38/><F126/><W31/><G74/><T69/><D134/><U96/><E131/><V93/><F38/><W82/><G125/><T97/><D87/><U6/><E6/><V122/><F122/><W36/><G14/><T48/><D104/><U76/><E32/><V37/><F37/><W52/><G18/><T10/><D106/><U120/><E120/><V16/><F63/><W133/><G54/><T130/><D130/><U50/><E39/><V95/><F4/><W108/><G108/><T13/><D0/><U105/><E105/><V110/><F110/><W109/><G109/><T24/><D24/><U3/><E3/><V81/><F81/><W33/><REACH who="3" step="1"/><G132/><REACH who="3" ten="270,224,266,230" step="2"/><T60/><D13/><U26/><E55/><V128/><F128/><W79/><AGARI ba="0,1" hai="27,31,33,36,42,47,52,59,62,79,82,85,133,135" machi="79" ten="30,12000,2" yaku="1,1,2,1,0,1,52,1,54,1,53,1" doraHai="29" doraHaiUra="28" who="3" fromWho="3" sc="270,-30,224,-60,266,-30,230,130" /><INIT seed="2,0,0,2,3,117" ten="240,164,236,360" oya="2" hai0="29,129,60,113,76,109,122,15,4,28,83,45,35" hai1="51,75,34,78,111,98,132,62,108,100,50,54,42" hai2="6,107,69,1,80,73,96,32,31,36,103,119,134" hai3="5,88,70,65,121,91,68,13,92,57,2,22,125"/><V85/><F119/><W9/><G121/><T101/><D109/><U74/><E34/><V55/><F134/><W133/><G133/><T104/><D122/><U44/><E132/><V93/><F55/><W120/><G120/><T53/><D113/><U90/><E90/><V58/><F58/><W52/><G65/><T77/><D35/><U79/><E62/><V48/><F48/><N who="3" m="30855" /><G91/><T128/><D101/><U21/><E21/><V47/><F93/><W82/><G82/><T18/><D4/><U135/><E135/><V41/><F85/><N who="3" m="52239" /><G125/><T86/><D77/><U127/><E127/><V25/><F6/><W14/><G14/><T59/><D104/><U3/><E3/><V114/><F114/><W27/><G27/><T49/><D128/><U99/><E54/><V24/><F24/><W20/><G20/><N who="0" m="11359" /><D129/><U72/><E72/><V46/><F46/><W16/><AGARI ba="0,0" hai="2,5,9,13,16,22,68,70" m="52239,30855" machi="16" ten="30,7900,0" yaku="25,1,54,3" doraHai="117" who="3" fromWho="3" sc="240,-20,164,-20,236,-39,360,79" /><INIT seed="3,0,0,5,4,29" ten="220,144,197,439" oya="3" hai0="108,121,53,51,42,5,61,73,129,75,4,46,43" hai1="118,67,120,21,81,25,57,68,22,77,12,82,41" hai2="135,111,133,65,10,32,94,58,89,55,31,19,8" hai3="47,17,126,6,64,109,104,95,83,102,39,44,127"/><W92/><G6/><T63/><D108/><U123/><E68/><V35/><F65/><W50/><G64/><T66/><D121/><U119/><E41/><V101/><F101/><W62/><G62/><T105/><D105/><U33/><E67/><V30/><F30/><W34/><G34/><N who="2" m="12841" /><F31/><W0/><G102/><T103/><D103/><U3/><E57/><V107/><F19/><W98/><G17/><T16/><D16/><N who="1" m="10375" /><E77/><V122/><F107/><W49/><G104/><T70/><D5/><U132/><E82/><V74/><F74/><W114/><G83/><T113/><D4/><U38/><E81/><V15/><F111/><W124/><G109/><T28/><D28/><N who="1" m="19599" /><E38/><V85/><F15/><W86/><G39/><T54/><D75/><U36/><E36/><V78/><F78/><W26/><G26/><T131/><D73/><U90/><E90/><V48/><F122/><N who="1" m="46633" /><E22/><V59/><F59/><W9/><G92/><T2/><D66/><U18/><E18/><V79/><F79/><W96/><G95/><T117/><D43/><U1/><E132/><AGARI ba="0,0" hai="8,10,48,55,58,85,89,94,132,133,135" m="12841" machi="132" ten="30,7700,0" yaku="20,1,52,3" doraHai="29" who="2" fromWho="1" sc="220,0,144,-77,197,77,439,0" owari="220,-18.0,67,-43.3,274,7.4,439,53.9" /></mjloggm>