<mjloggm ver="2.3"><GO type="225" lobby="0"/><UN n0="%E3%82%BC%E3%83%AB%E3%83%80%E3%81%AE%E4%BC%9D%E8%AA%AC" n1="%77%72%77%72%77%72%77%72" n2="%E7%89%B9%E6%9D%B1%E3%81%AF%E4%B8%96%E7%95%8C%E3%82%92%E6%95%91%E3%81%86" n3="%E5%B8%86%E7%AB%8B%E5%A4%8F%E8%A1%A3" dan="18,17,16,16" rate="2214.12,2235.32,2122.95,2145.92" sx="M,M,M,M"/><TAIKYOKU oya="0"/><INIT seed="0,0,0,2,2,98" ten="250,250,250,250" oya="0" hai0="62,61,41,102,56,92,21,37,50,22,107,28,43" hai1="115,14,121,25,81,29,135,96,113,86,20,71,73" hai2="47,125,83,4,119,95,60,79,94,133,0,131,76" hai3="2,111,117,127,124,51,90,99,52,45,3,15,112"/><T72/><D72/><U122/><E71/><V105/><F105/><W67/><G112/><N who="1" m="43082" /><E73/><V85/><F131/><W118/><G67/><T63/><D107/><U1/><E1/><N who="3" m="10" /><G15/><T5/><D37/><U91/><E135/><V6/><F133/><W57/><G57/><T70/><D5/><U19/><E96/><V48/><F125/><N who="3" m="48203" /><G111/><T132/><D132/><U49/><E49/><V16/><F0/><W110/><G110/><T27/><D70/><U69/><E69/><V34/><F60/><W35/><G35/><AGARI ba="0,0" hai="14,19,20,25,29,35,81,86,91,121,122" m="43082" machi="35" ten="30,1000,0" yaku="11,1" doraHai="98" who="1" fromWho="3" sc="250,0,250,10,250,0,250,-10" /><INIT seed="1,0,0,4,4,12" ten="250,260,250,240" oya="1" hai0="4,99,34,17,2,111,42,57,81,76,36,135,105" hai1="32,93,106,118,6,115,132,116,37,63,28,38,103" hai2="102,21,64,67,119,45,44,134,43,1,84,80,75" hai3="26,112,0,40,47,58,22,51,5,56,117,107,114"/><U8/><E93/><V125/><F119/><N who="1" m="45609" /><E115/><V129/><F1/><W7/><G117/><T41/><D34/><U46/><E63/><V78/><F129/><W3/><G107/><T23/><D111/><U108/><E108/><V74/><F134/><W53/><G0/><T73/><D135/><U122/><E122/><V109/><F109/><W18/><G58/><T77/><D77/><U79/><E79/><V49/><F125/><W82/><G82/><T72/><D57/><U62/><E46/><V33/><F33/><W86/><G86/><T120/><D120/><U55/><E55/><V92/><F21/><W14/><G3/><T97/><D72/><U31/><E31/><V19/><F19/><W124/><G124/><T13/><D105/><U15/><E32/><V25/><F25/><W35/><G35/><T29/><D29/><U65/><E28/><V71/><F44/><W60/><REACH who="3" step="1"/><G26/><REACH who="3" ten="250,260,250,230" step="2"/><T50/><D81/><U130/><E132/><V100/><F74/><W128/><G128/><T69/><D73/><U89/><E106/><V85/><F75/><W104/><G104/><T39/><D2/><U90/><E130/><V131/><F131/><W16/><G16/><T87/><D17/><U96/><E6/><AGARI ba="0,1" hai="5,6,7,14,18,22,40,47,51,53,56,60,112,114" machi="6" ten="40,2600,0" yaku="1,1,52,1,53,0" doraHai="12" doraHaiUra="24" who="3" fromWho="1" sc="250,0,260,-26,250,0,230,36" /><INIT seed="2,0,0,1,0,129" ten="250,234,250,266" oya="2" hai0="90,78,135,21,80,2,107,45,41,106,56,34,92" hai1="57,31,96,23,115,15,97,30,83,105,35,93,116" hai2="40,39,48,75,76,77,123,91,32,85,11,7,98" hai3="49,28,119,29,72,70,111,52,127,73,10,51,130"/><V55/><F123/><W113/><G119/><T67/><D34/><U69/><E116/><V112/><F32/><W124/><G70/><T81/><D2/><U6/><E69/><V87/><F75/><N who="3" m="28747" /><G130/><T1/><D1/><U44/><E115/><V125/><F112/><W24/><G113/><T121/><D121/><U118/><E35/><V60/><F125/><N who="3" m="48203" /><G111/><T117/><D117/><U122/><E105/><V26/><F26/><W65/><G65/><T133/><D21/><U71/><E71/><V74/><F74/><W25/><G10/><T54/><D67/><U109/><E109/><V5/><F39/><W104/><G104/><T9/><D9/><N who="1" m="4535" /><E44/><V86/><F60/><W68/><G68/><T43/><D45/><U128/><E83/><V101/><F40/><W47/><G51/><T132/><D107/><U100/><E128/><V62/><F62/><W37/><G37/><T63/><D106/><U0/><E122/><V64/><F64/><W110/><G110/><T134/><D134/><U13/><E0/><V82/><F77/><W131/><G131/><T27/><D27/><AGARI ba="0,0" hai="24,25,27,28,29,47,49,52" m="48203,28747" machi="27" ten="30,2000,0" yaku="18,1,54,1" doraHai="129" who="3" fromWho="0" sc="250,-20,234,0,250,0,266,20" /><INIT seed="3,0,0,5,5,119" ten="230,234,250,286" oya="3" hai0="5,31,91,110,88,75,123,47,107,33,82,18,106" hai1="26,72,22,41,71,78,44,8,65,128,87,36,6" hai2="64,50,43,2,62,20,42,125,0,12,57,56,68" hai3="25,121,111,48,73,63,95,17,133,126,7,27,39"/><W19/><G121/><T80/><D5/><U112/><E112/><V3/><F125/><W59/><G39/><T105/><D18/><N who="3" m="6665" /><G73/><T96/><D47/><U93/><E93/><V28/><F12/><W108/><G133/><T102/><D31/><U15/><E87/><V52/><REACH who="2" step="1"/><F68/><REACH who="2" ten="230,234,240,286" step="2"/><W81/><G126/><T77/><D33/><U13/><E13/><V54/><F54/><W135/><G135/><T79/><D123/><U11/><E15/><V53/><F53/><W104/><G7/><T67/><D67/><U38/><E6/><V34/><F34/><W49/><G111/><T76/><D110/><U16/><E65/><V130/><F130/><W40/><G108/><T24/><D24/><AGARI ba="0,1" hai="0,2,3,20,24,28,42,43,50,52,56,57,62,64" machi="24" ten="40,2600,0" yaku="1,1,54,1,53,0" doraHai="119" doraHaiUra="109" who="2" fromWho="0" sc="230,-26,234,0,240,36,286,0" /><INIT seed="4,0,0,3,5,35" ten="204,234,276,286" oya="0" hai0="98,63,36,7,47,55,58,24,102,130,72,108,6" hai1="127,15,41,4,129,125,68,81,73,91,79,32,135" hai2="49,11,74,96,51,90,75,83,17,101,88,42,93" hai3="19,64,21,57,38,70,110,71,118,39,95,28,99"/><T123/><D123/><U113/><E68/><V26/><F75/><W52/><G110/><T40/><D130/><U20/><E32/><V107/><F42/><W132/><G118/><T37/><D108/><U5/><E129/><V65/><F65/><W76/><G76/><T77/><D36/><U60/><E60/><V30/><F17/><W2/><G2/><T50/><D24/><U86/><E41/><V104/><F11/><W3/><G3/><T89/><D89/><U103/><E103/><V115/><F115/><W67/><G28/><T33/><D33/><U116/><E135/><V97/><F104/><W14/><G132/><T22/><D22/><U46/><E46/><V82/><F82/><W87/><G87/><T44/><D77/><U8/><E20/><V124/><F124/><N who="1" m="47689" /><E116/><V133/><F133/><W80/><G71/><T43/><REACH who="0" step="1"/><D72/><REACH who="0" ten="194,234,276,286" step="2"/><U128/><E128/><V18/><F74/><W25/><G39/><T16/><D16/><N who="1" m="8295" /><E113/><V100/><F18/><W109/><G38/><T111/><D111/><U122/><E122/><V62/><F90/><W23/><G109/><T53/><D53/><U9/><E9/><V92/><F26/><W54/><G25/><T45/><D45/><U117/><E117/><V31/><F88/><N who="3" m="55783" /><G23/><T78/><D78/><U13/><E73/><V85/><F30/><W0/><G54/><T10/><D10/><N who="1" m="4295" /><E79/><V34/><F31/><W1/><G64/><T126/><D126/><U66/><E66/><V56/><F34/><W94/><G67/><T69/><D69/><U12/><E5/><V114/><F114/><W27/><G70/><RYUUKYOKU ba="0,1" sc="194,15,234,15,276,-15,286,-15" hai0="6,7,37,40,43,44,47,50,55,58,63,98,102" hai1="12,81,86,91" /><INIT seed="4,1,1,3,5,96" ten="209,249,261,271" oya="0" hai0="60,18,48,77,100,22,132,4,29,52,123,117,46" hai1="72,58,42,57,86,119,20,78,14,31,25,73,82" hai2="118,103,92,38,24,115,99,131,53,61,40,106,121" hai3="63,39,55,56,11,75,111,65,108,127,113,80,71"/><T135/><D117/><U8/><E119/><V34/><F118/><W54/><G113/><T59/><D123/><U17/><E73/><V74/><F121/><W70/><G11/><T51/><D4/><U9/><E72/><V89/><F115/><W35/><G80/><T0/><D0/><U66/><E42/><V98/><F74/><W23/><G23/><T133/><D77/><U81/><E81/><V37/><F131/><W45/><G35/><T26/><D100/><U104/><E104/><V84/><F40/><N who="3" m="22687" /><G127/><T50/><REACH who="0" step="1"/><D29/><REACH who="0" ten="199,249,261,271" step="2"/><U128/><E128/><V27/><F103/><W126/><G126/><T101/><D101/><U12/><E66/><AGARI ba="1,2" hai="18,22,26,46,48,50,51,52,59,60,66,132,133,135" machi="66" ten="40,7700,0" yaku="1,1,20,1,54,1,53,0" doraHai="96" doraHaiUra="2" who="0" fromWho="1" sc="199,100,249,-80,261,0,271,0" /><INIT seed="4,2,0,5,0,76" ten="299,169,261,271" oya="0" hai0="28,21,55,133,43,46,13,53,116,117,2,58,60" hai1="14,113,6,132,32,100,39,96,65,99,16,105,63" hai2="11,35,121,64,91,92,79,9,97,3,1,110,103" hai3="73,93,20,112,7,69,56,25,19,134,30,26,102"/><T44/><D2/><U8/><E39/><V124/><F110/><W51/><G69/><T29/><D133/><U66/><E132/><V23/><F121/><W104/><G112/><T70/><D70/><U81/><E113/><V31/><F35/><W72/><G104/><T17/><D117/><U5/><E32/><V80/><F124/><W22/><G7/><T111/><D116/><U75/><E96/><V109/><F64/><W85/><G134/><T86/><D111/><U106/><E106/><V48/><F109/><W62/><G51/><N who="0" m="27039" /><D86/><U42/><E42/><V90/><F1/><W37/><G85/><T115/><D115/><U47/><E47/><V118/><F118/><W68/><G68/><T129/><D129/><U15/><E63/><V45/><F23/><W41/><G41/><T27/><D27/><U52/><E52/><N who="2" m="29711" /><F31/><N who="0" m="11850" /><D46/><U119/><E119/><V128/><F3/><W54/><G37/><T49/><D53/><U127/><E127/><V84/><F128/><W94/><G102/><T135/><D135/><U10/><REACH who="1" step="1"/><E5/><REACH who="1" ten="299,159,261,271" step="2"/><V12/><F9/><W126/><G126/><T89/><D60/><U38/><E38/><V125/><F125/><W61/><G62/><T71/><D71/><U59/><E59/><V88/><F103/><W108/><G108/><T120/><D120/><U82/><E82/><V36/><F36/><W33/><G33/><T95/><D95/><U83/><E83/><V114/><F114/><W122/><G122/><T4/><D4/><AGARI ba="2,1" hai="4,11,12,79,80,84,88,90,91,92,97" m="29711" machi="4" ten="30,7700,0" yaku="8,1,52,1,54,2" doraHai="76" who="2" fromWho="0" sc="299,-83,159,0,261,93,271,0" owari="216,-18.4,159,-34.1,354,45.4,271,7.1" /></mjloggm>