<mjloggm ver="2.3"><GO type="225" lobby="0"/><UN n0="%E5%B8%86%E7%AB%8B%E5%A4%8F%E8%A1%A3" n1="%E5%8D%A0%E3%81%84%E5%B8%AB%E8%A3%8F%E3%81%AA%E3%81%84%E3%81%97" n2="%E8%BE%9B%E5%8F%A3%E3%82%AB%E3%83%AC%E3%83%BC%E3%83%A9%E3%82%A4%E3%82%B9" n3="%E8%90%BD%E6%97%A5" dan="16,17,17,16" rate="2178.12,2223.63,2234.89,2217.34" sx="M,M,M,F"/><TAIKYOKU oya="0"/><INIT seed="0,0,0,4,4,106" ten="250,250,250,250" oya="0" hai0="78,94,117,72,24,9,109,92,135,122,8,67,128" hai1="96,89,5,40,93,79,31,29,114,132,13,134,11" hai2="27,107,100,81,91,66,76,3,115,34,38,33,95" hai3="44,49,52,98,99,47,35,84,75,45,101,60,36"/><T118/><D122/><U131/><E131/><V48/><F115/><W133/><G35/><T124/><D128/><U50/><E114/><V30/><F38/><W17/><G133/><T82/><D135/><N who="1" m="51755" /><E79/><V64/><F3/><W23/><G75/><T57/><D124/><U77/><E77/><V123/><F123/><W83/><G60/><T73/><D57/><U0/><E0/><V113/><F34/><W28/><G28/><T125/><D125/><U20/><E20/><V120/><F120/><W22/><G22/><T104/><D104/><U51/><E51/><V59/><F113/><W61/><G61/><T53/><D78/><U108/><E108/><V65/><F107/><W39/><G39/><T62/><D62/><U127/><E127/><V4/><F4/><W112/><G112/><T43/><D109/><U25/><E25/><V110/><F110/><W54/><G36/><T80/><D53/><N who="3" m="20585" /><G49/><T111/><D111/><U15/><E15/><V26/><F48/><W97/><G101/><T70/><D70/><U55/><E40/><V42/><F42/><W88/><G45/><AGARI ba="0,0" hai="5,11,13,29,31,45,50,55,89,93,96" m="51755" machi="45" ten="30,1000,0" yaku="20,1" doraHai="106" who="1" fromWho="3" sc="250,0,250,10,250,0,250,-10" /><INIT seed="1,0,0,4,3,53" ten="250,260,250,240" oya="1" hai0="18,89,26,14,51,120,126,15,5,61,73,25,122" hai1="65,47,55,52,43,68,13,11,9,69,129,91,112" hai2="100,115,116,90,130,98,49,105,124,27,128,56,132" hai3="121,78,12,93,45,81,17,127,110,28,36,72,37"/><U104/><E104/><V35/><F116/><W41/><G121/><N who="0" m="46699" /><D73/><U87/><E112/><V1/><F1/><W54/><G110/><T39/><D39/><U71/><E65/><V38/><F38/><W29/><G127/><T94/><D126/><U119/><E129/><N who="2" m="49771" /><F124/><W75/><G37/><T4/><D51/><U64/><E64/><V85/><F115/><W62/><G75/><T102/><D61/><U108/><E119/><V106/><F132/><W76/><G76/><T101/><D89/><U40/><E9/><V57/><F49/><W134/><G134/><T77/><D77/><U84/><E108/><V44/><F44/><W118/><G118/><T21/><D94/><U59/><E87/><V83/><F106/><W135/><G135/><T16/><D102/><U19/><E55/><V46/><F46/><W103/><G103/><T123/><N who="0" m="46707" /><T131/><DORA hai="50" /><D101/><U2/><E2/><V117/><F117/><W86/><G93/><T92/><D92/><U32/><E32/><V7/><F7/><N who="0" m="2634" /><D131/><U74/><E74/><V34/><F34/><W60/><G72/><T0/><D0/><U109/><E109/><V8/><F8/><AGARI ba="0,0" hai="8,14,15,16,18,21,25,26" m="2634,46707" machi="8" ten="40,8000,1" yaku="13,1,34,2,54,1" doraHai="53,50" who="0" fromWho="2" sc="250,80,260,0,250,-80,240,0" /><INIT seed="2,0,0,5,4,77" ten="330,260,170,240" oya="2" hai0="66,33,28,134,109,15,35,71,9,14,87,61,49" hai1="27,74,125,89,25,120,121,4,21,86,91,73,18" hai2="104,10,48,83,101,98,47,132,135,60,114,3,19" hai3="67,117,92,42,129,81,93,106,126,43,107,45,13"/><V36/><F114/><W22/><G117/><T103/><D109/><U82/><E125/><V75/><F36/><W105/><G126/><T59/><D134/><N who="2" m="51242" /><F60/><W56/><G129/><T76/><D103/><U118/><E118/><V80/><F75/><W85/><G67/><T84/><D15/><U122/><E4/><N who="2" m="1311" /><F19/><W16/><G56/><T128/><D128/><U30/><REACH who="1" step="1"/><E91/><REACH who="1" ten="330,250,170,240" step="2"/><V108/><F108/><W78/><REACH who="3" step="1"/><G43/><AGARI ba="0,1" hai="43,47,48,80,83,98,101,104" m="1311,51242" machi="43" ten="30,5800,0" yaku="20,1,52,2" doraHai="77" who="2" fromWho="3" sc="330,0,250,0,170,68,240,-58" /><INIT seed="2,1,0,0,1,72" ten="330,250,238,182" oya="2" hai0="5,4,34,28,97,100,30,81,88,69,86,92,8" hai1="39,0,82,11,56,32,19,124,114,110,115,29,107" hai2="41,63,122,111,130,116,101,21,33,17,35,2,128" hai3="108,134,96,55,67,9,25,51,60,42,6,74,38"/><V112/><F112/><W16/><G108/><T78/><D69/><U36/><E110/><V117/><F111/><W91/><G134/><T113/><D113/><U133/><E133/><V15/><F41/><W14/><G74/><T93/><D34/><N who="2" m="12810" /><F63/><W10/><G38/><T104/><D92/><U23/><E82/><V119/><F101/><W73/><G73/><N who="0" m="43215" /><D4/><U7/><E124/><V75/><F75/><W76/><G42/><T71/><D71/><U43/><E107/><V47/><F47/><W123/><G123/><T66/><D66/><U48/><E39/><V131/><F2/><AGARI ba="1,0" hai="2,5,8,28,30,86,88,93,97,100,104" m="43215" machi="2" ten="30,3900,0" yaku="24,1,52,1,54,1" doraHai="72" who="0" fromWho="2" sc="330,42,250,0,238,-42,182,0" /><INIT seed="3,0,0,3,3,6" ten="372,250,196,182" oya="3" hai0="51,67,58,21,132,74,121,90,105,48,34,85,30" hai1="3,116,2,46,108,41,17,84,0,111,89,103,109" hai2="63,86,27,8,88,11,83,13,50,81,114,92,20" hai3="19,134,55,38,24,28,59,71,68,75,127,82,102"/><W15/><BYE who="1" /><G127/><T96/><D121/><UN n1="%E5%8D%A0%E3%81%84%E5%B8%AB%E8%A3%8F%E3%81%AA%E3%81%84%E3%81%97" /><U16/><E103/><V23/><F114/><W9/><G38/><T49/><D74/><U131/><E131/><V65/><F50/><W73/><G134/><T122/><D122/><U95/><E116/><V76/><F13/><W64/><G64/><T69/><D69/><U110/><N who="1" m="27648" /><DORA hai="47" /><U79/><E79/><V18/><F23/><W115/><G115/><T32/><D132/><U123/><E123/><V78/><F78/><W62/><G102/><T98/><D34/><U93/><E93/><V129/><F129/><W130/><G130/><T57/><D32/><U119/><E119/><V35/><F35/><W125/><G125/><T99/><D105/><U36/><AGARI ba="0,0" hai="0,2,3,16,17,36,41,46,84,89,95" m="27648" machi="36" ten="70,8000,1" yaku="0,1,14,1,54,1" doraHai="6,47" who="1" fromWho="1" sc="372,-20,250,80,196,-20,182,-40" owari="352,45.2,330,13.0,176,-22.4,142,-35.8" /></mjloggm>