<mjloggm ver="2.3"><GO type="225" lobby="0"/><UN n0="%E3%81%B5%E3%81%98%E3%81%8B%E3%81%A4" n1="%E3%81%BF%E3%81%BF%E3%81%9A" n2="%77%72%77%72%77%72%77%72" n3="%E8%BE%9B%E5%8F%A3%E3%82%AB%E3%83%AC%E3%83%BC%E3%83%A9%E3%82%A4%E3%82%B9" dan="16,17,17,17" rate="2184.42,2286.54,2196.64,2247.19" sx="M,M,M,M"/><TAIKYOKU oya="0"/><INIT seed="0,0,0,1,4,87" ten="250,250,250,250" oya="0" hai0="38,28,103,109,48,70,27,66,55,53,95,86,115" hai1="76,16,18,129,42,64,83,24,6,116,13,84,25" hai2="111,114,5,104,39,30,132,90,82,61,73,97,11" hai3="20,122,81,7,12,34,74,120,59,4,22,106,51"/><T128/><D115/><U40/><E116/><V14/><F114/><W79/><G106/><T99/><D128/><U41/><E129/><V57/><F111/><W88/><G34/><T62/><D109/><U23/><E64/><V130/><F130/><W118/><G118/><T100/><D38/><U69/><E69/><V121/><F132/><W93/><G59/><T1/><D1/><U68/><E68/><V54/><F121/><N who="3" m="46699" /><G51/><T124/><D124/><U67/><E67/><V0/><F39/><W91/><G91/><T19/><D19/><U102/><E102/><V49/><F30/><W117/><G117/><T94/><D48/><U46/><E6/><N who="3" m="2090" /><G12/><T32/><REACH who="0" step="1"/><D86/><AGARI ba="0,0" hai="20,22,74,79,81,86,88,93" m="2090,46699" machi="86" ten="30,3900,0" yaku="13,1,52,1,54,1" doraHai="87" who="3" fromWho="0" sc="250,-39,250,0,250,0,250,39" /><INIT seed="1,0,0,5,1,92" ten="211,250,250,289" oya="1" hai0="93,101,45,31,128,94,126,4,60,28,133,119,67" hai1="124,72,2,123,134,109,64,99,8,96,127,121,116" hai2="0,42,13,47,91,63,12,17,3,35,74,114,33" hai3="66,1,41,95,77,7,22,18,23,113,36,105,79"/><U129/><E64/><V44/><F74/><W69/><G105/><T88/><D119/><U132/><E116/><V107/><F107/><W65/><G113/><T76/><D126/><N who="1" m="48171" /><E72/><V6/><F114/><W34/><G34/><T11/><D133/><N who="1" m="51307" /><E109/><V32/><F63/><W115/><G115/><T16/><D128/><U14/><E2/><V19/><F91/><W62/><G66/><T51/><D76/><U118/><E118/><V90/><F90/><W86/><G1/><N who="2" m="585" /><F42/><W21/><G7/><T78/><D78/><U71/><E71/><V70/><F6/><W82/><G79/><T58/><D4/><N who="1" m="3335" /><E129/><V38/><F70/><W100/><G65/><T40/><D11/><U25/><E25/><V29/><F38/><W120/><G36/><T80/><D16/><N who="2" m="6218" /><F29/><W104/><G69/><T81/><D28/><U20/><E20/><V43/><F43/><W122/><G22/><T57/><D31/><U73/><E73/><V103/><F32/><W102/><G18/><T46/><D46/><U39/><E39/><V117/><F33/><W37/><G37/><T59/><D58/><U125/><N who="1" m="48179" /><U24/><DORA hai="75" /><E24/><V61/><F35/><W111/><G21/><T5/><D57/><U131/><E131/><V48/><F117/><W30/><G23/><T50/><D5/><U130/><E130/><V54/><F47/><W106/><G111/><T10/><D10/><U135/><N who="1" m="51315" /><U84/><DORA hai="68" /><E84/><V112/><F112/><W89/><G86/><N who="0" m="52375" /><D50/><U53/><E53/><V108/><F108/><W15/><G30/><T27/><D27/><U9/><E9/><RYUUKYOKU ba="0,0" sc="211,15,250,15,250,-15,289,-15" hai0="40,45,51,59,60,67,80,81,94,101" hai1="96,99,121,123" /><INIT seed="1,1,0,5,3,120" ten="226,265,235,274" oya="1" hai0="71,75,4,26,95,25,86,62,102,119,81,124,84" hai1="132,70,19,21,3,130,135,56,82,110,16,69,98" hai2="12,122,114,92,83,22,107,23,97,43,99,121,108" hai3="134,45,127,93,7,15,111,88,44,54,96,35,52"/><U64/><E3/><V2/><F2/><W34/><G134/><N who="1" m="51242" /><E130/><V87/><F43/><W55/><G127/><T85/><D119/><U61/><E110/><V72/><F72/><W42/><G111/><T36/><D124/><U59/><E82/><V28/><F108/><W80/><G80/><T47/><D36/><U32/><E32/><V24/><F114/><W8/><REACH who="3" step="1"/><G44/><REACH who="3" ten="226,265,235,264" step="2"/><T133/><D81/><U38/><E38/><AGARI ba="1,1" hai="7,8,15,34,35,38,42,45,52,54,55,88,93,96" machi="38" ten="40,8000,1" yaku="1,1,2,1,54,2,53,0" doraHai="120" doraHaiUra="14" who="3" fromWho="1" sc="226,0,265,-83,235,0,264,93" /><INIT seed="2,0,0,3,4,130" ten="226,182,235,357" oya="2" hai0="105,110,107,128,31,40,108,117,73,118,22,111,15" hai1="98,0,62,55,69,75,122,20,13,87,106,43,64" hai2="48,12,66,89,21,123,71,121,114,19,63,52,77" hai3="49,26,115,109,90,35,58,23,4,84,92,30,25"/><V94/><F114/><W83/><G109/><T133/><D73/><U27/><E0/><V91/><F77/><W61/><G115/><T120/><D120/><U28/><E75/><V93/><F93/><W97/><G4/><T50/><D128/><U1/><E1/><V74/><F74/><W81/><G49/><T104/><D133/><U100/><E122/><V56/><REACH who="2" step="1"/><F89/><REACH who="2" ten="226,182,225,357" step="2"/><W41/><G92/><T7/><D118/><U34/><E43/><V68/><F68/><W65/><G83/><T18/><D117/><U113/><E113/><V33/><F33/><W38/><G41/><T11/><D40/><U29/><E29/><V112/><F112/><W3/><G90/><T85/><D31/><U76/><E55/><V80/><F80/><W57/><G81/><T10/><D107/><U14/><E76/><V70/><F70/><W44/><G30/><T9/><D105/><U129/><E129/><V36/><F36/><W86/><G38/><T42/><D42/><U53/><E87/><AGARI ba="0,1" hai="12,19,21,48,52,56,63,66,71,87,91,94,121,123" machi="87" ten="30,12000,1" yaku="1,1,7,1,25,2,54,1,53,0" doraHai="130" doraHaiUra="99" who="2" fromWho="1" sc="226,0,182,-120,225,130,357,0" /><INIT seed="2,1,0,4,4,92" ten="226,62,355,357" oya="2" hai0="64,68,103,15,19,49,21,115,42,40,111,75,9" hai1="100,94,88,131,22,55,16,130,118,104,112,7,5" hai2="37,36,38,46,85,129,44,35,87,69,121,3,26" hai3="93,8,33,109,45,13,25,28,133,113,91,53,90"/><V126/><F3/><W50/><G109/><T102/><D115/><U119/><E112/><V74/><F121/><W48/><G113/><T72/><D111/><U96/><E55/><V78/><F69/><W60/><G133/><T73/><D68/><U77/><E5/><V30/><F129/><N who="1" m="49161" /><E7/><V70/><F70/><W134/><G134/><T86/><D64/><U0/><E0/><V127/><F74/><W12/><G91/><T83/><D9/><U56/><E56/><V105/><F105/><W97/><G8/><T17/><D17/><U67/><E67/><V58/><F58/><W39/><G39/><T59/><D59/><U4/><E4/><V108/><F108/><W57/><REACH who="3" step="1"/><G50/><REACH who="3" ten="226,62,355,347" step="2"/><T29/><D49/><U82/><E22/><V114/><F114/><W76/><G76/><T79/><REACH who="0" step="1"/><D29/><REACH who="0" ten="216,62,355,347" step="2"/><U62/><E16/><V123/><F123/><W52/><AGARI ba="1,2" hai="12,13,25,28,33,45,48,52,53,57,60,90,93,97" machi="52" ten="20,8000,1" yaku="1,1,0,1,7,1,52,1,54,1,53,0" doraHai="92" doraHaiUra="2" who="3" fromWho="3" sc="216,-21,62,-21,355,-41,347,103" /><INIT seed="3,0,0,3,3,66" ten="195,41,314,450" oya="3" hai0="61,2,32,126,15,34,109,114,133,88,97,100,37" hai1="116,12,82,21,60,84,64,121,115,23,58,35,50" hai2="14,30,74,5,91,8,105,57,49,68,111,7,135" hai3="104,107,103,52,54,25,128,48,47,72,44,59,27"/><W17/><G72/><T87/><D109/><U67/><E35/><V122/><F105/><W132/><G128/><T6/><D37/><U3/><E121/><V119/><F119/><W38/><G38/><T13/><D61/><U19/><E3/><V56/><F74/><W9/><G132/><T42/><D42/><U70/><E116/><V112/><F112/><W110/><G110/><T127/><D114/><U79/><E115/><V62/><F111/><W93/><G104/><T106/><D133/><U118/><E118/><V46/><F30/><W33/><G107/><T1/><D87/><U28/><E50/><V120/><F5/><W102/><G33/><T86/><D86/><U73/><E73/><V81/><F135/><W75/><G75/><T26/><D88/><U51/><E51/><V40/><F91/><W92/><G47/><T31/><D97/><U29/><E67/><N who="2" m="41079" /><F81/><W22/><G9/><T24/><D100/><N who="3" m="38441" /><G27/><T89/><D106/><U131/><E131/><V95/><F95/><W18/><G18/><T101/><D89/><U39/><E39/><V16/><F7/><W45/><G45/><T11/><D101/><U80/><E80/><V124/><F124/><W85/><G85/><T53/><D53/><U20/><E70/><V43/><F43/><W36/><G93/><T4/><D11/><U55/><E64/><V83/><F83/><W76/><G92/><T129/><D31/><U134/><REACH who="1" step="1"/><E134/><REACH who="1" ten="195,31,314,450" step="2"/><V130/><F130/><AGARI ba="0,1" hai="1,2,4,6,13,15,24,26,32,34,126,127,129,130" machi="130" ten="25,8000,1" yaku="22,2,34,3" doraHai="66" who="0" fromWho="2" sc="195,90,31,0,314,-80,450,0" owari="285,8.5,31,-46.9,234,-16.6,450,55.0" /></mjloggm>