<mjloggm ver="2.3"><GO type="225" lobby="0"/><UN n0="%E3%82%BC%E3%83%AB%E3%83%80%E3%81%AE%E4%BC%9D%E8%AA%AC" n1="%72%69%6F%75%63%68%61%6E" n2="%77%72%77%72%77%72%77%72" n3="%E3%82%84%E3%81%99%E3%81%BE%E3%81%A4" dan="18,17,17,16" rate="2225.89,2204.04,2198.06,2204.96" sx="M,M,M,M"/><TAIKYOKU oya="0"/><INIT seed="0,0,0,5,3,95" ten="250,250,250,250" oya="0" hai0="134,15,28,101,88,87,68,53,10,67,36,121,120" hai1="32,58,44,34,50,31,23,37,73,69,118,47,79" hai2="60,115,45,57,71,131,43,85,113,40,82,132,76" hai3="135,24,98,111,21,61,97,8,123,49,99,91,55"/><T22/><D36/><U65/><E118/><V84/><F71/><W42/><G111/><T30/><D134/><U93/><E69/><V100/><F132/><W19/><G135/><T116/><D116/><U126/><E126/><V56/><F131/><W13/><G123/><T63/><D101/><U127/><E127/><V72/><F100/><W17/><G61/><T9/><D53/><U0/><E0/><V77/><F72/><W20/><G42/><T94/><D10/><U128/><E128/><V81/><F45/><N who="3" m="28079" /><G20/><T26/><REACH who="0" step="1"/><D30/><REACH who="0" ten="240,250,250,250" step="2"/><U6/><E31/><V70/><F70/><W18/><G91/><T103/><D103/><U133/><E37/><V114/><F114/><W16/><AGARI ba="0,1" hai="8,13,16,17,18,19,21,24,97,98,99" m="28079" machi="16" ten="30,8000,1" yaku="8,1,52,3,54,1" doraHai="95" who="3" fromWho="3" sc="240,-40,250,-20,250,-20,250,90" /><INIT seed="1,0,0,3,5,106" ten="200,230,230,340" oya="1" hai0="126,31,22,58,47,0,41,52,87,49,124,101,107" hai1="46,132,24,26,66,61,50,127,74,71,128,90,8" hai2="36,75,108,73,115,96,121,93,131,109,82,2,88" hai3="78,59,57,135,25,20,117,28,100,113,18,77,15"/><U5/><E127/><N who="0" m="48681" /><D0/><U95/><E128/><V42/><F121/><W40/><G113/><T103/><D107/><U70/><E132/><V51/><F131/><W38/><G117/><T63/><D87/><U3/><E70/><V45/><F115/><W91/><G100/><N who="0" m="38475" /><D22/><U112/><E112/><V6/><F51/><W21/><G78/><T14/><D14/><U134/><E74/><V81/><F81/><W17/><G77/><T13/><D13/><U33/><E134/><V118/><F118/><W125/><G91/><T19/><D19/><U116/><E116/><V1/><F82/><W122/><G122/><T30/><AGARI ba="0,0" hai="30,31,41,47,49,52,58,63" m="38475,48681" machi="30" ten="30,2000,0" yaku="18,1,54,1" doraHai="106" who="0" fromWho="0" sc="200,20,230,-10,230,-5,340,-5" /><INIT seed="2,0,0,1,5,66" ten="220,220,225,335" oya="2" hai0="90,111,70,74,61,108,82,30,5,37,17,96,51" hai1="52,132,113,40,0,55,135,107,8,39,16,69,44" hai2="6,9,13,4,78,97,80,41,117,106,88,67,50" hai3="1,99,131,57,94,2,95,19,58,42,87,48,12"/><V81/><F117/><W110/><G110/><N who="0" m="42027" /><D37/><U34/><E113/><V14/><F67/><W91/><G131/><T133/><D133/><N who="1" m="51275" /><E34/><V63/><F63/><W33/><G33/><T47/><D30/><U120/><E120/><V129/><F129/><W28/><G28/><T7/><D17/><U84/><E107/><V126/><F126/><W121/><G121/><T36/><D36/><U119/><E119/><V60/><F60/><W32/><G32/><T27/><D27/><U18/><E69/><V56/><F106/><W77/><G77/><N who="0" m="44343" /><D61/><U22/><E84/><V104/><F104/><W73/><G73/><T72/><D72/><U89/><E89/><V118/><F118/><W31/><G31/><T112/><D70/><U124/><E124/><V38/><F38/><W128/><G128/><T115/><D90/><U43/><E43/><V79/><F41/><W76/><G76/><T109/><N who="0" m="42035" /><T65/><DORA hai="64" /><D65/><U10/><E18/><V25/><F25/><W130/><G130/><T92/><D115/><U62/><E62/><V85/><F79/><W93/><G91/><N who="0" m="55327" /><D112/><U125/><E125/><V54/><F97/><W23/><G99/><T46/><D46/><U100/><E100/><V116/><F116/><W26/><G42/><AGARI ba="0,0" hai="5,7,42,47,51" m="55327,44343,42035" machi="42" ten="40,1300,0" yaku="14,1" doraHai="66,64" who="0" fromWho="3" sc="220,13,220,0,225,0,335,-13" /><INIT seed="3,0,0,3,1,87" ten="233,220,225,322" oya="3" hai0="95,14,88,44,101,103,76,9,113,50,41,75,90" hai1="13,81,12,126,117,18,2,33,96,112,63,109,67" hai2="80,120,98,42,64,78,69,21,34,105,24,29,66" hai3="73,134,132,106,116,71,77,43,83,99,30,46,5"/><W68/><G116/><T125/><D125/><U16/><E112/><V74/><F120/><W89/><G5/><T3/><D3/><U107/><E2/><V57/><F42/><W86/><G30/><T55/><D113/><U26/><E117/><V114/><F114/><W79/><G99/><T115/><D115/><U36/><E36/><V82/><F82/><N who="3" m="49367" /><G77/><T7/><D76/><U52/><E126/><V85/><F57/><W133/><G106/><T108/><D108/><U92/><E109/><V94/><F74/><W49/><AGARI ba="0,0" hai="43,46,49,68,71,73,79,83,132,133,134" m="49367" machi="49" ten="30,3000,0" yaku="20,1,52,1" doraHai="87" who="3" fromWho="3" sc="233,-10,220,-10,225,-10,322,30" owari="223,2.3,210,-29.0,215,-18.5,352,45.2" /></mjloggm>