<mjloggm ver="2.3"><GO type="225" lobby="0"/><UN n0="%33%74%72%65%65" n1="%E3%81%8F%E3%82%8A%E3%83%94%E3%83%BC" n2="%E9%80%9F%E6%B0%B4%E5%87%9B%E9%A6%99" n3="%E8%A8%88%E7%AE%97%E6%A9%9F%E8%87%AA%E7%84%B6" dan="17,16,16,17" rate="2216.81,2109.20,2144.86,2154.96" sx="F,M,F,M"/><TAIKYOKU oya="0"/><INIT seed="0,0,0,1,3,69" ten="250,250,250,250" oya="0" hai0="39,104,57,124,58,111,119,132,81,123,113,76,110" hai1="108,91,93,15,102,118,84,3,38,134,80,117,73" hai2="86,68,96,99,75,41,66,90,74,89,10,122,30" hai3="14,12,53,2,35,23,60,88,16,114,40,25,116"/><T135/><D113/><U120/><E3/><V52/><F30/><W83/><G114/><T5/><D119/><U43/><E120/><V33/><F33/><W131/><G116/><T63/><D123/><U22/><E108/><N who="0" m="41513" /><D124/><U9/><E134/><N who="0" m="51241" /><D104/><U6/><E22/><V19/><F66/><W121/><G2/><T98/><D5/><U95/><E95/><V125/><F68/><W27/><G121/><T78/><D98/><U44/><E73/><V26/><F74/><W29/><G131/><T100/><D100/><U101/><E102/><V55/><F75/><W87/><REACH who="3" step="1"/><G40/><REACH who="3" ten="250,250,250,240" step="2"/><T126/><D126/><U34/><E117/><V42/><F41/><W32/><G32/><T92/><D92/><U77/><E34/><V133/><F42/><W0/><G0/><T17/><D81/><U82/><E118/><V112/><F122/><W36/><G36/><T129/><D129/><U115/><E115/><V106/><F112/><W45/><G45/><T64/><D39/><U18/><E82/><V47/><F133/><W49/><G49/><T46/><D46/><U37/><E37/><V67/><F47/><W85/><G85/><T4/><D4/><U1/><E6/><V20/><F86/><W59/><AGARI ba="0,1" hai="12,14,16,23,25,27,29,35,53,59,60,83,87,88" machi="59" ten="30,7900,0" yaku="1,1,0,1,54,2,53,0" doraHai="69" doraHaiUra="7" who="3" fromWho="3" sc="250,-39,250,-20,250,-20,240,89" /><INIT seed="1,0,0,3,4,94" ten="211,230,230,329" oya="1" hai0="45,5,84,9,58,83,44,6,20,88,48,66,36" hai1="17,116,54,103,123,78,35,100,56,110,30,86,34" hai2="59,31,115,98,61,73,71,134,81,90,109,13,21" hai3="40,10,14,79,1,11,92,119,4,39,130,113,122"/><U80/><E123/><V70/><F109/><W93/><G122/><T104/><D104/><U19/><E116/><V105/><F134/><W64/><G113/><T96/><D36/><U111/><E17/><V89/><F115/><W107/><G107/><T124/><D124/><U53/><E19/><V24/><F13/><W33/><G33/><T69/><D69/><U132/><E132/><V28/><F28/><W62/><G79/><T120/><D120/><U41/><E41/><V46/><F46/><N who="0" m="18026" /><D20/><U121/><E121/><V15/><F15/><W108/><G40/><T97/><D9/><U7/><E7/><N who="0" m="2569" /><D48/><U32/><E30/><V91/><F73/><W85/><G39/><T72/><D72/><U2/><E2/><V49/><F49/><W128/><G119/><T127/><D127/><U22/><E22/><V133/><F133/><W95/><G108/><N who="1" m="41514" /><E54/><V75/><F75/><W52/><G52/><T60/><AGARI ba="0,0" hai="58,60,66,83,84,88,96,97" m="2569,18026" machi="60" ten="30,7900,0" yaku="8,1,52,2,54,1" doraHai="94" who="0" fromWho="0" sc="211,79,230,-39,230,-20,329,-20" /><INIT seed="2,0,0,0,5,75" ten="290,191,210,309" oya="2" hai0="46,80,111,2,98,130,129,31,96,36,124,52,55" hai1="95,122,84,108,6,56,9,0,78,65,37,12,106" hai2="123,50,107,45,110,86,47,100,25,71,54,89,73" hai3="62,14,17,121,74,105,22,28,68,113,53,112,91"/><V66/><F123/><W58/><G121/><T133/><D111/><U49/><E108/><V120/><F110/><W132/><G105/><T93/><D124/><U85/><E106/><V3/><F3/><W104/><G104/><T23/><D133/><U76/><E37/><V83/><F120/><W24/><G74/><T70/><D70/><U19/><E122/><V63/><F73/><W128/><G132/><T61/><D80/><U51/><E0/><V87/><F107/><W32/><G128/><N who="0" m="49259" /><D2/><U117/><E117/><V126/><F100/><W34/><G68/><T82/><D82/><U30/><E30/><V116/><F126/><W10/><REACH who="3" step="1"/><G91/><REACH who="3" ten="290,191,210,299" step="2"/><N who="0" m="55359" /><D98/><U69/><E69/><V11/><F116/><W4/><G4/><T114/><D114/><AGARI ba="0,1" hai="10,14,17,22,24,28,32,34,53,58,62,112,113,114" machi="114" ten="40,2600,0" yaku="1,1,11,1,53,0" doraHai="75" doraHaiUra="81" who="3" fromWho="0" sc="290,-26,191,0,210,0,299,36" /><INIT seed="3,0,0,3,1,68" ten="264,191,210,335" oya="3" hai0="12,5,129,10,81,57,65,54,45,0,28,19,46" hai1="98,53,71,14,105,92,93,131,69,76,96,97,25" hai2="91,17,77,26,33,21,122,60,88,62,106,47,73" hai3="18,84,48,2,108,24,9,87,80,113,64,102,101"/><W121/><G113/><T6/><D129/><U72/><E25/><V52/><F122/><W99/><G64/><T44/><D65/><U123/><E123/><V32/><F106/><W3/><G84/><T75/><D28/><U134/><E105/><V118/><F118/><W115/><G115/><T27/><D27/><U130/><E14/><V22/><F73/><W23/><G102/><T79/><D0/><U95/><E53/><V112/><F77/><W36/><G36/><T43/><D43/><U83/><REACH who="1" step="1"/><E134/><REACH who="1" ten="264,181,210,335" step="2"/><V90/><F112/><W50/><G121/><T86/><D54/><U16/><E16/><N who="2" m="12583" /><F32/><W114/><G114/><T59/><D19/><U11/><E11/><V55/><F33/><W56/><G9/><T85/><D12/><U116/><E116/><V4/><F4/><W38/><G24/><T132/><D132/><U125/><E125/><V61/><F47/><W117/><G117/><T40/><D6/><U100/><E100/><V58/><F55/><W20/><G101/><T89/><D45/><U29/><E29/><V110/><F110/><W35/><G108/><T103/><D46/><U127/><E127/><V120/><F120/><W67/><G18/><T39/><D103/><U8/><E8/><V107/><F107/><W109/><G109/><T37/><D44/><U111/><E111/><V135/><F135/><W13/><G13/><AGARI ba="0,1" hai="13,17,22,52,58,60,61,62,88,90,91" m="12583" machi="13" ten="30,7700,0" yaku="8,1,54,3" doraHai="68" who="2" fromWho="3" sc="264,0,181,0,210,87,335,-77" /><INIT seed="4,0,0,2,1,73" ten="264,181,297,258" oya="0" hai0="10,48,20,50,68,53,37,135,60,42,78,0,86" hai1="62,82,25,39,70,110,23,61,129,102,32,115,80" hai2="90,51,134,108,122,95,101,89,31,105,93,132,117" hai3="59,21,119,38,63,116,127,125,24,49,77,36,81"/><T72/><D135/><N who="2" m="51754" /><F122/><W123/><G123/><T22/><D86/><U5/><E32/><V98/><F108/><W41/><G21/><T131/><D131/><U121/><E110/><V85/><F117/><N who="3" m="45131" /><G24/><T104/><D104/><U76/><E115/><V30/><F51/><W79/><G81/><T114/><D50/><U106/><E39/><N who="3" m="14890" /><G49/><T126/><D0/><U120/><E129/><V65/><F65/><N who="3" m="39167" /><G41/><T109/><D10/><U55/><E121/><V29/><F90/><W71/><G71/><T35/><D109/><U128/><E128/><V103/><F103/><W7/><G7/><T3/><D3/><U92/><E120/><V19/><F19/><W69/><G69/><T83/><D35/><U45/><E102/><V27/><F27/><W67/><G67/><N who="0" m="41063" /><D114/><U43/><E25/><V6/><F6/><W118/><G118/><T58/><D22/><U56/><E5/><V100/><F100/><W113/><G113/><T28/><D20/><U107/><E107/><AGARI ba="0,0" hai="29,30,31,85,89,93,95,98,101,105,107" m="51754" machi="107" ten="30,1000,0" yaku="20,1" doraHai="73" who="2" fromWho="1" sc="264,0,181,-10,297,10,258,0" owari="264,6.4,171,-32.9,307,40.7,258,-14.2" /></mjloggm>