<mjloggm ver="2.3"><GO type="225" lobby="0"/><UN n0="%E7%B4%94%E6%BD%94%E3%83%94%E3%83%A9%E3%83%8B%E3%82%A2" n1="%73%75%7A%75%6D%65%33" n2="%6D%75%75%6D%75%72%61" n3="%E3%82%B8%E3%83%A3%E3%83%9E%E3%83%BC%E3%83%AB%E3%83%9E%E3%83%AC%E3%83%BC" dan="17,17,16,17" rate="2241.04,2207.44,2243.10,2203.56" sx="M,M,F,M"/><TAIKYOKU oya="0"/><INIT seed="0,0,0,1,5,20" ten="250,250,250,250" oya="0" hai0="125,50,89,103,29,34,21,38,80,79,5,70,7" hai1="62,25,51,14,111,76,4,31,86,44,132,90,49" hai2="75,71,124,92,134,16,107,63,74,131,40,73,59" hai3="93,100,2,109,122,30,120,106,18,33,69,43,104"/><T32/><D38/><U22/><E111/><V118/><F107/><W12/><G2/><T77/><D70/><U55/><E132/><V47/><F134/><W42/><G69/><T56/><D103/><U102/><E102/><V3/><F71/><W113/><G113/><T27/><D125/><U84/><E76/><V128/><F124/><W65/><G65/><T0/><D89/><U115/><E115/><V108/><F3/><W81/><G81/><T1/><D1/><U58/><E51/><V28/><F108/><W127/><G93/><T119/><D77/><U133/><E133/><V17/><F28/><W135/><G135/><T126/><D126/><U24/><E90/><V98/><F118/><W121/><G109/><T19/><D119/><U11/><REACH who="1" step="1"/><E25/><REACH who="1" ten="250,240,250,250" step="2"/><V9/><F128/><W57/><G127/><T26/><D32/><U36/><E36/><V95/><F131/><W67/><G100/><T85/><REACH who="0" step="1"/><D0/><REACH who="0" ten="240,240,250,250" step="2"/><U96/><E96/><V37/><F98/><W48/><G122/><T41/><D41/><AGARI ba="0,2" hai="4,11,14,22,24,31,41,44,49,55,58,62,84,86" machi="41" ten="30,7700,0" yaku="1,1,7,1,8,1,52,1,53,0" doraHai="20" doraHaiUra="72" who="1" fromWho="0" sc="240,-77,240,97,250,0,250,0" /><INIT seed="1,0,0,2,4,54" ten="163,337,250,250" oya="1" hai0="98,51,25,45,109,30,110,105,16,93,127,126,115" hai1="43,99,104,55,33,113,60,8,0,24,48,72,46" hai2="124,59,35,19,86,39,50,70,40,106,63,128,100" hai3="129,120,114,7,31,107,116,87,28,83,71,14,89"/><U96/><E113/><V135/><F35/><W61/><G114/><T32/><D105/><U85/><E72/><V91/><F128/><W20/><G120/><T84/><D84/><U66/><E85/><V80/><F124/><N who="0" m="47658" /><D115/><U3/><E43/><V67/><F135/><W34/><G34/><T49/><D45/><U111/><E111/><N who="0" m="42505" /><D16/><U57/><E8/><V41/><F39/><W134/><G107/><T131/><D131/><U5/><E5/><V123/><F123/><W130/><G7/><T29/><D30/><U101/><E99/><V44/><F40/><W133/><G31/><T26/><D26/><U74/><E74/><V82/><F19/><N who="3" m="10359" /><G28/><T119/><D119/><U18/><E18/><V77/><F70/><W88/><G116/><T4/><D4/><U56/><E24/><V58/><F106/><W68/><G68/><T64/><D64/><U73/><E73/><V69/><F82/><W9/><G9/><T47/><D47/><U37/><E33/><V118/><F118/><W13/><G130/><T65/><D65/><U62/><E37/><V97/><F77/><W2/><G129/><T11/><D11/><U112/><E112/><V79/><F79/><W92/><G83/><T17/><D17/><U78/><E78/><V23/><F23/><W12/><G87/><T132/><D132/><U103/><E103/><AGARI ba="0,0" hai="25,29,32,49,51,93,98,103" m="42505,47658" machi="103" ten="30,2000,0" yaku="18,1,14,1" doraHai="54" who="0" fromWho="1" sc="163,20,337,-20,250,0,250,0" /><INIT seed="2,0,0,4,3,116" ten="183,317,250,250" oya="2" hai0="54,128,26,25,92,39,38,71,83,31,127,135,13" hai1="109,40,74,108,78,117,20,76,4,0,85,16,93" hai2="101,125,21,96,53,124,102,64,27,58,90,6,28" hai3="87,50,62,47,46,15,72,36,18,118,55,95,32"/><V33/><F64/><W59/><G118/><T107/><D107/><U112/><E117/><V81/><F6/><W61/><G72/><T3/><D3/><U103/><E112/><V114/><F33/><W67/><G32/><T10/><D71/><U89/><E40/><V73/><F114/><W121/><G121/><T14/><D127/><N who="2" m="48714" /><F96/><W110/><G110/><N who="1" m="42602" /><E74/><V34/><F34/><W52/><G36/><T1/><D1/><U43/><E43/><V49/><F90/><N who="3" m="53727" /><G62/><T7/><D128/><U9/><E103/><V120/><F120/><W133/><G133/><T66/><D66/><U57/><E57/><V132/><F132/><W94/><G94/><T12/><D92/><U77/><E77/><AGARI ba="0,0" hai="21,27,28,49,53,58,73,77,81,101,102" m="48714" machi="77" ten="30,1500,0" yaku="18,1" doraHai="116" who="2" fromWho="1" sc="183,0,317,-15,250,15,250,0" /><INIT seed="2,1,0,0,1,74" ten="183,302,265,250" oya="2" hai0="81,41,24,0,71,18,21,23,116,88,16,93,9" hai1="22,8,84,53,128,101,131,68,99,49,72,97,65" hai2="102,69,109,66,92,32,123,89,51,31,64,35,70" hai3="2,26,108,56,94,46,124,67,111,60,14,78,107"/><V133/><F123/><W73/><G107/><T3/><D116/><U6/><E72/><V82/><F133/><W75/><G2/><T112/><D112/><U36/><E36/><V134/><F134/><W132/><G132/><T19/><D71/><U103/><E84/><V58/><F109/><N who="3" m="42059" /><G124/><T63/><D63/><N who="1" m="39999" /><E22/><V40/><F102/><W86/><G46/><T130/><D130/><N who="1" m="49707" /><E103/><V79/><F70/><W62/><G62/><T39/><D81/><U76/><E76/><V28/><F69/><W55/><G67/><N who="2" m="25641" /><F35/><W38/><G38/><T122/><D122/><U104/><E101/><V114/><F32/><W20/><G14/><T4/><D3/><N who="1" m="95" /><E104/><V37/><F37/><W43/><G43/><T29/><D39/><U77/><E77/><V87/><F114/><W50/><G60/><T33/><REACH who="0" step="1"/><D41/><REACH who="0" ten="173,302,265,250" step="2"/><U45/><AGARI ba="1,1" hai="45,49,53,97,99" m="95,49707,39999" machi="45" ten="30,1100,0" yaku="19,1" doraHai="74" who="1" fromWho="1" sc="173,-4,302,24,265,-6,250,-4" /><INIT seed="3,0,0,4,0,22" ten="169,326,259,246" oya="3" hai0="6,95,72,28,89,67,20,59,119,49,27,18,52" hai1="120,31,75,97,81,38,108,58,123,134,99,69,68" hai2="7,46,87,91,103,40,8,65,51,74,53,23,117" hai3="105,135,84,29,21,88,24,9,17,130,43,85,118"/><W2/><G118/><T54/><D119/><U109/><E38/><V98/><F74/><W44/><G105/><T26/><D72/><U129/><E129/><V101/><F117/><W110/><G130/><T111/><D111/><N who="1" m="42571" /><E31/><V57/><F65/><W133/><G110/><T114/><D114/><U36/><E36/><V86/><F23/><W104/><G104/><T34/><D6/><U126/><E134/><N who="3" m="51210" /><G85/><T32/><D32/><U66/><E58/><V12/><F98/><N who="1" m="37385" /><E126/><V113/><F113/><W122/><G122/><N who="1" m="46634" /><E66/><V124/><F124/><W107/><G107/><T121/><D121/><U131/><E131/><V42/><F87/><W25/><G2/><T127/><D127/><U125/><E125/><V77/><F57/><W33/><G9/><T96/><REACH who="0" step="1"/><D49/><REACH who="0" ten="159,326,259,246" step="2"/><U0/><E0/><V14/><F51/><N who="3" m="27039" /><G84/><T50/><D50/><U100/><E100/><V16/><F101/><W62/><G62/><AGARI ba="0,1" hai="18,20,26,27,28,34,52,54,59,62,67,89,95,96" machi="62" ten="40,8000,1" yaku="1,1,52,2,54,1,53,0" doraHai="22" doraHaiUra="11" who="0" fromWho="3" sc="159,90,326,0,259,0,246,-80" owari="249,-15.1,326,42.6,259,5.9,166,-33.4" /></mjloggm>