<mjloggm ver="2.3"><GO type="225" lobby="0"/><UN n0="%E5%B8%86%E7%AB%8B%E5%A4%8F%E8%A1%A3" n1="%E3%81%82%E3%81%84%E3%81%82%E3%81%8A%E3%81%84" n2="%E6%80%AA%E3%81%97%E3%81%99%E3%81%8E%E3%82%8B%E3%83%81%E3%83%BC" n3="%E3%82%B5%E3%83%AB%E3%82%B7%E3%83%B3" dan="17,18,16,16" rate="2155.83,2213.90,2082.07,2121.72" sx="M,M,M,M"/><TAIKYOKU oya="0"/><INIT seed="0,0,0,3,1,15" ten="250,250,250,250" oya="0" hai0="68,115,85,125,55,16,100,62,36,29,65,127,61" hai1="113,50,21,133,7,20,59,64,25,9,129,130,0" hai2="134,131,104,45,105,37,11,3,117,119,53,92,47" hai3="12,120,80,94,54,99,52,98,71,2,75,103,34"/><T24/><D36/><U57/><E133/><V128/><F134/><W90/><G2/><T132/><D115/><U87/><E113/><V60/><F92/><W86/><G34/><T78/><D132/><U102/><E102/><V63/><F11/><W114/><G114/><T40/><D40/><U126/><E126/><N who="0" m="48137" /><D100/><U30/><E87/><V27/><F27/><W1/><G1/><T110/><D110/><U89/><E89/><V10/><F10/><W28/><G120/><T108/><D108/><U135/><E135/><V109/><F3/><W96/><G71/><T81/><D55/><N who="3" m="21033" /><G28/><T83/><D83/><U97/><E97/><V13/><F53/><W26/><G26/><T82/><D82/><U19/><E50/><V39/><F13/><W107/><G12/><T23/><D62/><U66/><E66/><V35/><REACH who="2" step="1"/><F109/><REACH who="2" ten="250,250,240,250" step="2"/><W51/><G107/><T46/><D46/><U74/><E0/><V124/><F124/><W84/><G103/><T76/><D76/><U32/><E9/><V33/><AGARI ba="0,1" hai="33,35,37,39,45,47,60,63,104,105,117,119,128,131" machi="33" ten="25,6400,0" yaku="1,1,0,1,22,2,53,0" doraHai="15" doraHaiUra="122" who="2" fromWho="2" sc="250,-32,250,-16,240,74,250,-16" /><INIT seed="1,0,0,0,1,16" ten="218,234,314,234" oya="1" hai0="110,39,98,41,105,60,95,74,87,32,78,131,65" hai1="35,73,128,56,24,81,77,2,30,101,113,31,3" hai2="42,63,120,119,21,46,18,14,49,17,92,50,104" hai3="93,40,54,57,4,94,82,19,99,112,75,8,0"/><U25/><E128/><V58/><F104/><W7/><G112/><T116/><D116/><U90/><E113/><V96/><F119/><W10/><G40/><T72/><D131/><U70/><E70/><V106/><F106/><W9/><G75/><T36/><D110/><U43/><E101/><V107/><F107/><W117/><G82/><N who="0" m="45383" /><D74/><U48/><E90/><V80/><F120/><W11/><G117/><T111/><D41/><U133/><E133/><V53/><F80/><W127/><G127/><T134/><D134/><U89/><E89/><V61/><REACH who="2" step="1"/><F18/><REACH who="2" ten="218,234,304,234" step="2"/><W102/><G19/><T47/><D105/><U130/><E130/><V44/><F44/><W15/><REACH who="3" step="1"/><G94/><REACH who="3" ten="218,234,304,224" step="2"/><T5/><D95/><U84/><E81/><V76/><F76/><W108/><G108/><T115/><D111/><U121/><E77/><V59/><F59/><W109/><G109/><T100/><D115/><U6/><E56/><V79/><F79/><W38/><G38/><T33/><D39/><U29/><E121/><V20/><F20/><W66/><G66/><T23/><D23/><U27/><E35/><V45/><F45/><W122/><G122/><T22/><D22/><U114/><E114/><V34/><F34/><W67/><G67/><T123/><D47/><U55/><E73/><V97/><F97/><W132/><G132/><T124/><D36/><U13/><E84/><V83/><F83/><W135/><G135/><T28/><D33/><U64/><E64/><V88/><AGARI ba="0,2" hai="14,17,21,42,46,49,50,53,58,61,63,88,92,96" machi="88" ten="20,12000,2" yaku="1,1,0,1,7,1,8,1,52,1,54,1,53,1" doraHai="16" doraHaiUra="51" who="2" fromWho="2" sc="218,-30,234,-60,304,140,224,-30" /><INIT seed="2,0,0,2,2,70" ten="188,174,444,194" oya="2" hai0="103,80,121,62,29,128,39,41,49,92,108,102,38" hai1="57,12,34,125,65,32,105,46,63,18,72,31,130" hai2="8,2,35,110,17,1,48,11,15,53,60,96,55" hai3="14,10,112,56,77,78,115,42,124,47,88,104,118"/><V9/><F35/><W122/><G122/><T87/><D121/><U40/><E105/><V75/><F75/><W94/><G104/><T127/><D29/><U0/><E0/><V36/><F36/><N who="3" m="21959" /><G118/><T89/><D108/><U66/><E72/><V21/><F110/><W91/><G91/><T69/><D127/><U109/><E125/><V100/><F60/><W74/><G74/><T3/><D3/><U126/><E126/><V113/><F113/><N who="3" m="43595" /><G56/><T67/><D128/><U107/><E130/><V81/><F81/><W24/><G24/><T85/><D49/><U135/><E109/><V22/><F22/><W133/><G133/><T90/><REACH who="0" step="1"/><D41/><REACH who="0" ten="178,174,444,194" step="2"/><U71/><E40/><V20/><F2/><W79/><G124/><T6/><D6/><U16/><E135/><V129/><F1/><W93/><G88/><T61/><D61/><U131/><E63/><V51/><F129/><W59/><G59/><T86/><D86/><U83/><E57/><V4/><F4/><AGARI ba="0,1" hai="4,10,14,77,78,79,93,94" m="43595,21959" machi="4" ten="30,2000,0" yaku="11,1,52,1" doraHai="70" who="3" fromWho="2" sc="178,0,174,0,444,-20,194,30" /><INIT seed="3,0,0,3,4,35" ten="178,174,424,224" oya="3" hai0="36,24,131,83,39,112,82,20,69,13,75,84,1" hai1="120,38,94,127,78,95,126,59,115,81,122,110,2" hai2="113,0,14,37,125,107,19,5,64,134,70,56,80" hai3="4,53,40,3,111,60,102,11,25,86,22,23,29"/><W97/><G111/><T54/><D69/><U43/><E110/><V63/><F107/><W51/><G86/><T17/><D112/><U77/><E2/><V15/><F37/><W106/><G60/><T100/><D131/><U55/><E115/><V90/><F0/><W62/><G62/><T99/><D1/><U50/><E43/><V85/><F113/><W10/><G10/><T103/><D39/><U12/><E38/><V47/><F47/><W98/><G98/><T71/><D36/><U42/><E42/><V48/><F125/><N who="1" m="47625" /><E12/><V66/><F134/><W68/><G40/><T30/><D71/><U52/><E55/><V8/><F48/><W72/><G68/><T118/><D118/><U135/><E135/><V128/><F128/><W91/><G72/><T74/><D54/><U34/><E34/><V132/><F132/><W65/><G65/><T67/><D67/><U96/><E78/><V79/><F70/><W21/><G91/><T46/><D46/><AGARI ba="0,0" hai="3,4,11,21,22,23,25,29,46,51,53,97,102,106" machi="46" ten="30,2900,0" yaku="7,1,52,1" doraHai="35" who="3" fromWho="0" sc="178,-29,174,0,424,0,224,29" /><INIT seed="3,1,0,0,1,94" ten="149,174,424,253" oya="3" hai0="97,55,86,59,93,57,65,40,9,126,135,131,134" hai1="34,95,25,43,129,24,122,15,130,5,1,75,114" hai2="26,33,22,123,118,39,31,77,6,60,47,107,133" hai3="13,29,121,52,7,3,10,30,127,91,63,110,21"/><W38/><G38/><T53/><D40/><U104/><E104/><V12/><F107/><W67/><G121/><T84/><D65/><U106/><E106/><V72/><F118/><W112/><G112/><T68/><D68/><U35/><E75/><V69/><F133/><N who="0" m="50698" /><D126/><U82/><E114/><V51/><F123/><W132/><G127/><T81/><D9/><N who="1" m="2223" /><E122/><V37/><F77/><W120/><G120/><T0/><D0/><U108/><E82/><V71/><F72/><W116/><G10/><T41/><D41/><U79/><E79/><V45/><F45/><W85/><G3/><T90/><D131/><N who="1" m="50187" /><E43/><V17/><F6/><W8/><G7/><T100/><D86/><U58/><E108/><V73/><F73/><W32/><G85/><T76/><D76/><U23/><E95/><V111/><F111/><W48/><G110/><T98/><D98/><U117/><E117/><V28/><F28/><W87/><G30/><T42/><D42/><U4/><E58/><AGARI ba="1,0" hai="53,55,57,58,59,81,84,90,93,97,100" m="50698" machi="58" ten="30,2000,0" yaku="20,1,52,1" doraHai="94" who="0" fromWho="1" sc="149,23,174,-23,424,0,253,0" owari="172,-22.8,151,-34.9,424,52.4,253,5.3" /></mjloggm>