<mjloggm ver="2.3"><GO type="225" lobby="0"/><UN n0="%E6%98%93%E5%88%A9%E8%96%A9%E4%BC%AF" n1="%E8%B6%85%E7%B4%9A%E9%B3%B3%E5%87%B0" n2="%28%EF%BF%A3%E2%96%BD%EF%BF%A3%29%CE%B4%E2%8C%92%E3%83%BB" n3="%E6%B8%A9%E2%98%85%E6%83%85%E2%98%85%E6%8E%AA%E2%98%85%E7%BD%AE" dan="16,16,16,17" rate="2064.34,2124.30,2065.37,2205.01" sx="F,M,M,M"/><TAIKYOKU oya="0"/><INIT seed="0,0,0,1,2,7" ten="250,250,250,250" oya="0" hai0="45,112,92,13,113,98,37,84,12,124,128,135,62" hai1="65,71,123,18,31,50,64,30,35,106,104,74,109" hai2="3,77,96,122,73,42,17,105,88,78,15,19,90" hai3="38,5,24,51,108,114,14,25,26,36,56,33,69"/><T115/><D124/><U20/><E123/><V43/><F3/><W97/><G114/><T67/><D128/><U91/><E74/><V131/><F122/><W80/><G69/><T9/><D84/><U66/><E109/><V83/><F131/><W59/><G108/><T47/><D135/><U32/><E71/><V79/><F73/><W8/><G33/><T11/><D37/><U121/><E121/><V68/><F68/><W58/><G51/><T2/><D2/><U87/><E50/><V107/><F83/><W129/><G129/><T86/><D86/><U61/><E61/><V130/><F130/><W23/><G23/><T120/><D120/><U103/><E32/><V40/><F96/><W29/><G29/><T27/><D27/><U54/><E54/><V28/><F28/><W57/><N who="3" m="14336" /><DORA hai="72" /><W41/><G41/><T125/><D125/><U49/><E49/><V63/><F63/><W94/><REACH who="3" step="1"/><G80/><REACH who="3" ten="250,250,250,240" step="2"/><T99/><D62/><U127/><E35/><V0/><F0/><W110/><G110/><T76/><D67/><U133/><E127/><V95/><F43/><W116/><G116/><T70/><D70/><U126/><E126/><V85/><F42/><W134/><G134/><T60/><D60/><U44/><E133/><V81/><F40/><W34/><G34/><T93/><D115/><U39/><E31/><V75/><F81/><W46/><G46/><T1/><D1/><U48/><E30/><V89/><F75/><W118/><G118/><T132/><D132/><U101/><E65/><V16/><F15/><W6/><G6/><T21/><D21/><RYUUKYOKU ba="0,1" sc="250,10,250,-30,250,10,240,10" hai0="9,11,12,13,45,47,76,92,93,98,99,112,113" hai2="16,17,19,77,78,79,85,88,89,90,95,105,107" hai3="5,8,14,24,25,26,36,38,94,97" /><INIT seed="0,1,1,2,5,83" ten="260,220,260,250" oya="0" hai0="25,7,30,91,72,101,56,106,47,132,89,100,15" hai1="3,18,5,96,95,114,29,92,130,49,71,14,104" hai2="43,118,97,87,10,64,44,105,2,4,79,88,19" hai3="23,93,51,39,113,55,124,111,68,82,66,84,99"/><T126/><D72/><U50/><E71/><V27/><F118/><W9/><G113/><T53/><D126/><U94/><E104/><V115/><F115/><W85/><G39/><T48/><D132/><U108/><E114/><V16/><F64/><W26/><G124/><T45/><D7/><U70/><E70/><V76/><F105/><W61/><G111/><T6/><D6/><U134/><E108/><V123/><F97/><W58/><G82/><T1/><D15/><U59/><E134/><V120/><F120/><W117/><G9/><T110/><D47/><U34/><E130/><V31/><F123/><W122/><G117/><T65/><D1/><U121/><E121/><V17/><F44/><W75/><G75/><T41/><D65/><U112/><E112/><V131/><F43/><W37/><G37/><T67/><D67/><U86/><E96/><V33/><REACH who="2" step="1"/><F131/><REACH who="2" ten="260,220,250,250" step="2"/><W102/><REACH who="3" step="1"/><G122/><REACH who="3" ten="260,220,250,240" step="2"/><T0/><D110/><U57/><E3/><V116/><F116/><W32/><G32/><T98/><D98/><U42/><BYE who="0" /><E34/><V80/><AGARI ba="1,3" hai="2,4,10,16,17,19,27,31,33,76,79,80,87,88" machi="80" ten="30,8000,1" yaku="1,1,0,1,52,1,54,2,53,0" doraHai="83" doraHaiUra="54" who="2" fromWho="2" sc="260,-41,220,-21,250,113,240,-21" /><INIT seed="1,0,0,5,5,31" ten="219,199,363,219" oya="1" hai0="109,15,3,128,75,77,98,26,64,42,7,17,30" hai1="35,16,132,87,6,50,70,43,13,19,105,122,56" hai2="104,36,44,90,23,4,54,58,29,74,81,65,107" hai3="20,71,33,120,52,116,38,9,119,134,114,76,14"/><U22/><E122/><V34/><F34/><W0/><G120/><T101/><D101/><U60/><E105/><V28/><F4/><W82/><G114/><T68/><D68/><U1/><E132/><V49/><F29/><W72/><G134/><T41/><D41/><U80/><E35/><V84/><F74/><W47/><G71/><T37/><D37/><U39/><E70/><V67/><F36/><W32/><G20/><T124/><D124/><U61/><E39/><V45/><F107/><W25/><G25/><T111/><D111/><U93/><E1/><V100/><F100/><W12/><G0/><T91/><D91/><U97/><E6/><V89/><F89/><W126/><G126/><T8/><D8/><U83/><E19/><V110/><F110/><W18/><G14/><T73/><D73/><U48/><E43/><V85/><F85/><W106/><G106/><T79/><D79/><N who="1" m="46495" /><E83/><V11/><F11/><W117/><G38/><T99/><D99/><U55/><E50/><AGARI ba="0,0" hai="9,12,18,32,33,47,50,52,72,76,82,116,117,119" machi="50" ten="40,8000,1" yaku="12,1,52,2,54,1" doraHai="31" who="3" fromWho="1" sc="219,0,199,-80,363,0,219,80" /><INIT seed="2,0,0,5,3,46" ten="219,119,363,299" oya="2" hai0="117,87,81,102,99,30,109,88,129,51,9,74,8" hai1="134,126,36,127,131,97,26,38,63,110,101,23,67" hai2="123,4,3,98,49,60,84,39,135,29,118,5,42" hai3="119,112,40,89,82,104,34,83,10,122,115,21,124"/><V73/><F39/><W120/><G34/><T12/><D12/><U55/><E110/><V15/><F73/><W22/><G40/><T1/><D1/><U32/><E131/><V52/><F3/><W61/><G10/><T85/><D85/><U57/><E32/><V116/><F84/><W114/><G119/><T78/><D78/><U48/><E134/><V59/><F29/><W95/><G61/><T54/><D54/><U92/><E127/><V43/><F15/><W75/><G124/><T68/><D68/><U62/><E62/><V37/><F98/><N who="3" m="57711" /><G104/><T50/><D50/><U53/><E53/><V20/><F20/><N who="3" m="7787" /><G75/><T28/><D28/><U133/><E133/><V105/><F105/><W18/><G18/><T25/><D25/><U47/><REACH who="1" step="1"/><E126/><REACH who="1" ten="219,109,363,299" step="2"/><UN n0="%E6%98%93%E5%88%A9%E8%96%A9%E4%BC%AF" /><V108/><F135/><W76/><G122/><T66/><D109/><U90/><E90/><V41/><F108/><W45/><G120/><T107/><D88/><U113/><E113/><V31/><F60/><W71/><G71/><T94/><D129/><U17/><AGARI ba="0,1" hai="17,23,26,36,38,47,48,55,57,63,67,92,97,101" machi="17" ten="20,5200,0" yaku="1,1,0,1,7,1,52,1,53,0" doraHai="46" doraHaiUra="7" who="1" fromWho="1" sc="219,-13,109,62,363,-26,299,-13" /><INIT seed="3,0,0,0,3,64" ten="206,171,337,286" oya="3" hai0="113,133,128,65,60,91,47,116,66,8,17,126,88" hai1="55,33,22,103,57,54,82,114,127,15,12,79,23" hai2="0,56,129,42,41,53,4,24,46,101,73,28,119" hai3="122,81,44,43,135,9,131,13,102,14,69,1,132"/><W125/><G122/><T29/><D116/><U94/><E114/><V11/><F73/><W93/><G131/><T3/><D133/><N who="3" m="51273" /><G125/><T50/><D128/><U74/><E33/><V134/><F134/><W67/><G81/><T35/><D35/><U121/><E121/><V45/><F119/><W59/><G59/><T130/><D29/><U32/><E32/><V19/><F129/><W106/><G106/><T36/><D126/><U51/><E127/><V115/><F46/><W104/><G104/><T2/><D47/><U71/><E71/><V75/><F45/><W10/><G93/><T97/><D113/><U68/><E68/><V39/><F56/><W111/><G102/><T5/><D130/><U112/><E112/><V63/><F101/><W120/><G120/><T76/><D76/><U105/><E105/><V86/><F75/><W123/><G123/><T7/><D88/><U99/><E55/><V40/><F53/><W21/><G21/><T95/><D66/><U118/><E118/><V85/><F42/><W26/><G26/><T37/><D65/><U100/><E100/><V62/><F41/><W92/><G67/><T110/><D91/><U109/><E109/><V77/><F40/><W48/><G69/><T72/><D110/><U80/><E80/><V117/><F117/><W20/><G111/><T78/><D95/><U108/><E108/><V34/><F34/><W52/><G92/><T89/><D89/><U98/><E98/><V31/><F77/><W84/><G43/><T49/><D97/><U96/><E99/><V6/><F115/><W38/><G44/><RYUUKYOKU ba="0,0" sc="206,-10,171,30,337,-10,286,-10" hai1="12,15,22,23,51,54,57,74,79,82,94,96,103" owari="196,-30.4,201,-19.9,327,42.7,276,7.6" /></mjloggm>