<mjloggm ver="2.3"><GO type="225" lobby="0"/><UN n0="%E5%A4%96%E5%B7%9D%E7%AB%9C%E6%88%90" n1="%E4%B8%89%E5%86%A0%E7%8E%8B%E3%83%BB%E5%B1%B1%E7%94%B0%E5%93%B2%E4%BA%BA" n2="%E3%81%9F%E3%81%A3%E3%81%A1%E3%82%87" n3="%6D%75%75%6D%75%72%61" dan="16,17,16,16" rate="2225.58,2131.86,2072.43,2204.67" sx="M,M,M,F"/><TAIKYOKU oya="0"/><INIT seed="0,0,0,4,3,119" ten="250,250,250,250" oya="0" hai0="99,65,92,98,114,23,91,10,127,25,57,109,87" hai1="68,22,13,55,131,12,79,64,61,121,117,78,75" hai2="85,40,100,69,83,135,76,24,63,80,95,132,120" hai3="128,59,96,32,17,3,112,0,88,37,49,19,72"/><T130/><D114/><U18/><E117/><V133/><F40/><W134/><G112/><T44/><D130/><U123/><E131/><V7/><F7/><W74/><G128/><T118/><D118/><U26/><E12/><V28/><F63/><W56/><G37/><T125/><D109/><U6/><E55/><V86/><F69/><W93/><G32/><T16/><D44/><U48/><E48/><V43/><F43/><W30/><G30/><T50/><D10/><U9/><REACH who="1" step="1"/><E75/><REACH who="1" ten="250,240,250,250" step="2"/><V66/><F66/><W34/><G74/><T21/><D50/><U73/><E73/><V106/><F132/><W67/><G72/><T77/><D127/><U36/><E36/><V5/><F133/><W45/><G134/><T38/><D38/><U115/><E115/><V111/><F135/><W20/><G67/><T81/><D125/><U94/><E94/><V103/><F95/><W129/><G129/><T60/><REACH who="0" step="1"/><D23/><REACH who="0" ten="240,240,250,250" step="2"/><U58/><E58/><V97/><F111/><W102/><G56/><T124/><D124/><U110/><E110/><V14/><F5/><W46/><G59/><T107/><D107/><U126/><E126/><V41/><F106/><W89/><G46/><T11/><D11/><U35/><E35/><V82/><F41/><W33/><G34/><T113/><D113/><U31/><E31/><V4/><F28/><W122/><G33/><T84/><AGARI ba="0,2" hai="16,21,25,57,60,65,77,81,84,87,91,92,98,99" machi="84" ten="20,12000,1" yaku="1,1,0,1,7,1,8,1,54,1,53,0" doraHai="119" doraHaiUra="47" who="0" fromWho="0" sc="240,140,240,-40,250,-40,250,-40" /><INIT seed="0,1,0,4,4,46" ten="380,200,210,210" oya="0" hai0="123,17,45,8,94,32,60,0,22,105,91,72,65" hai1="129,79,71,52,101,26,47,80,107,81,27,92,125" hai2="51,20,10,124,114,23,36,9,56,40,7,35,16" hai3="134,83,4,64,119,87,112,49,74,54,128,13,61"/><T102/><D72/><U75/><E71/><V126/><F114/><W6/><G112/><T14/><D32/><U39/><E125/><N who="2" m="48235" /><F56/><W59/><G119/><T11/><D105/><U12/><E107/><V38/><F35/><W117/><G117/><T15/><D102/><U104/><E104/><V109/><F109/><W42/><G128/><T62/><D0/><U69/><E69/><V127/><F23/><W53/><G134/><T77/><D77/><U31/><E129/><V96/><F96/><W63/><G74/><T121/><D45/><U57/><E81/><V116/><F116/><W29/><G29/><T98/><D22/><U132/><E132/><V100/><F100/><W86/><G42/><T3/><D3/><U58/><E12/><N who="2" m="9223" /><F127/><W133/><G133/><T70/><REACH who="0" step="1"/><D62/><REACH who="0" ten="370,200,210,210" step="2"/><U50/><E101/><V24/><F24/><W73/><G63/><T113/><D113/><U55/><E26/><V18/><F10/><W30/><G61/><T93/><D93/><U44/><E92/><V103/><F103/><W135/><G135/><T25/><D25/><U5/><E27/><V131/><F131/><W1/><G1/><T28/><D28/><U76/><E31/><V130/><F130/><W43/><G30/><T41/><D41/><U88/><E75/><V115/><F115/><W99/><G73/><T118/><D118/><U106/><E106/><V82/><F40/><W78/><G43/><T89/><D89/><U37/><E88/><V48/><F9/><W97/><G78/><T33/><D33/><U110/><E79/><V67/><F36/><W21/><G21/><RYUUKYOKU ba="1,1" sc="370,30,200,-10,210,-10,210,-10" hai0="8,11,14,15,17,60,65,70,91,94,98,121,123" /><INIT seed="0,2,1,0,5,126" ten="400,190,200,200" oya="0" hai0="11,38,47,108,83,60,14,42,132,87,48,76,82" hai1="113,29,64,110,94,28,93,63,121,92,45,0,127" hai2="33,99,86,115,9,44,98,49,30,65,133,37,81" hai3="31,7,101,123,57,122,85,84,39,54,58,13,73"/><T111/><D132/><U67/><E121/><N who="3" m="46090" /><G73/><T90/><D60/><U66/><E0/><V23/><F115/><W41/><G101/><T53/><D38/><U15/><E127/><V25/><F133/><W17/><G7/><T8/><D42/><U117/><E117/><V1/><F37/><W34/><G31/><T107/><D107/><U106/><E106/><V129/><F65/><W61/><G34/><T3/><D3/><U36/><E113/><V12/><F129/><W131/><G131/><T4/><REACH who="0" step="1"/><D8/><REACH who="0" ten="390,190,200,200" step="2"/><U77/><E63/><V104/><F1/><W26/><G41/><T6/><D6/><U114/><E114/><V18/><F104/><W116/><G39/><T21/><D21/><U118/><E36/><V27/><F33/><W96/><G116/><T125/><D125/><U20/><E118/><V75/><F25/><W50/><G26/><T135/><D135/><U5/><E5/><V119/><F119/><W19/><G13/><T95/><D95/><U72/><E15/><V74/><F9/><W2/><G2/><T80/><D80/><N who="1" m="45095" /><E20/><V103/><F12/><W78/><G61/><T109/><D109/><U62/><E62/><V102/><F27/><W124/><G124/><T59/><D59/><U134/><E110/><V120/><F23/><W91/><G58/><T68/><D68/><U56/><E56/><V100/><F120/><W88/><G57/><T97/><D97/><U10/><E134/><V43/><F98/><W22/><G96/><T24/><D24/><U128/><E10/><V16/><F99/><W55/><G22/><T70/><D70/><RYUUKYOKU ba="2,2" sc="390,30,190,-10,200,-10,200,-10" hai0="4,11,14,47,48,53,76,82,83,87,90,108,111" /><INIT seed="0,3,2,0,5,80" ten="420,180,190,190" oya="0" hai0="108,70,37,45,89,88,111,8,130,129,83,135,58" hai1="123,104,3,23,9,76,6,22,39,128,12,36,71" hai2="20,15,107,27,51,26,50,56,28,32,52,38,10" hai3="90,67,2,98,122,54,46,113,24,112,133,99,11"/><T74/><D70/><U91/><E104/><V48/><F38/><W87/><G133/><T47/><D135/><U19/><E123/><V75/><F107/><W60/><G122/><T5/><D58/><U106/><E128/><N who="0" m="49257" /><D74/><U33/><E71/><V77/><F77/><W63/><G24/><T94/><D83/><U117/><E106/><V73/><F75/><W7/><G112/><T66/><D66/><U121/><E117/><V81/><F81/><W124/><G124/><T82/><D82/><U62/><E121/><V131/><F73/><W4/><G4/><T79/><D79/><U30/><E76/><V1/><F1/><W86/><G113/><T41/><D47/><U17/><E62/><V68/><F68/><W59/><G90/><N who="0" m="34923" /><D94/><U78/><E91/><V29/><F131/><W119/><G119/><T118/><D118/><U92/><E92/><V14/><F15/><AGARI ba="3,2" hai="5,8,15,37,41,45,108,111" m="34923,49257" machi="15" ten="30,2900,0" yaku="19,1,54,1" doraHai="80" who="0" fromWho="2" sc="420,58,180,0,190,-38,190,0" /><INIT seed="0,4,0,1,4,4" ten="478,180,152,190" oya="0" hai0="133,124,27,13,37,1,53,8,97,99,30,130,125" hai1="54,12,111,2,39,70,11,68,92,20,78,112,38" hai2="46,19,72,118,21,63,120,88,121,107,85,25,14" hai3="48,94,32,132,29,50,0,100,95,114,40,44,81"/><T57/><D37/><U80/><E2/><V47/><F72/><W45/><G114/><T59/><D1/><U64/><E112/><V128/><F107/><W52/><G132/><T106/><D130/><U3/><E3/><V71/><F128/><W122/><G0/><T58/><D133/><U98/><E20/><V135/><F135/><W41/><G122/><T9/><D53/><U67/><E111/><V76/><F76/><W108/><G108/><T33/><D106/><U119/><E119/><V31/><F118/><W73/><G32/><T93/><D99/><U35/><E35/><V61/><F120/><W126/><G126/><N who="0" m="48747" /><D13/><U105/><E105/><V15/><F15/><W131/><G131/><T7/><D7/><U55/><E39/><V17/><F121/><W42/><G29/><T28/><D28/><U104/><E38/><V79/><F17/><W127/><G127/><T86/><D86/><U113/><E104/><V23/><F79/><W69/><G69/><T91/><AGARI ba="4,0" hai="8,9,27,30,33,57,58,59,91,93,97" m="48747" machi="91" ten="30,6000,0" yaku="18,1,52,2" doraHai="4" who="0" fromWho="0" sc="478,72,180,-24,152,-24,190,-24" /><INIT seed="0,5,0,0,0,35" ten="550,156,128,166" oya="0" hai0="98,134,61,73,25,19,14,47,115,113,88,100,116" hai1="60,57,18,128,17,68,111,9,120,4,36,54,29" hai2="80,119,58,50,16,38,130,69,103,21,109,104,45" hai3="71,106,41,121,13,48,44,87,31,132,118,124,105"/><T51/><D116/><U96/><E120/><V23/><F109/><W42/><G118/><T99/><D73/><U92/><E36/><V122/><F119/><W135/><G121/><T63/><D134/><N who="3" m="51241" /><G124/><T39/><D39/><U126/><E111/><V102/><F122/><W59/><G71/><T33/><D25/><U133/><E133/><V24/><F69/><W93/><G31/><T110/><D33/><U0/><E126/><V10/><F130/><W6/><G42/><T40/><D110/><U89/><E128/><V94/><F104/><W127/><G127/><T97/><D100/><U55/><E68/><V107/><F107/><W74/><G74/><T46/><D46/><U26/><REACH who="1" step="1"/><E54/><REACH who="1" ten="550,146,128,166" step="2"/><N who="2" m="30031" /><F38/><W27/><G41/><T11/><D115/><U64/><E64/><V75/><F75/><W30/><G106/><T22/><D113/><U37/><E37/><V78/><F10/><W49/><G105/><T123/><D123/><U72/><E72/><V2/><F2/><W3/><G3/><T95/><REACH who="0" step="1"/><D11/><REACH who="0" ten="540,146,128,166" step="2"/><U56/><E56/><V84/><F58/><W86/><G59/><T125/><D125/><U66/><E66/><V117/><F117/><W7/><G44/><T129/><D129/><U83/><E83/><V20/><F94/><W32/><G93/><T5/><D5/><U81/><E81/><V65/><F80/><W53/><G6/><T85/><AGARI ba="5,2" hai="14,19,22,40,47,51,61,63,85,88,95,97,98,99" machi="85" ten="30,11700,0" yaku="1,1,0,1,8,1,54,1,53,0" doraHai="35" doraHaiUra="34" who="0" fromWho="0" sc="540,152,146,-44,128,-44,166,-44" /><INIT seed="0,6,0,4,4,14" ten="692,102,84,122" oya="0" hai0="87,58,55,100,131,22,118,35,23,18,74,1,44" hai1="126,102,101,84,19,86,90,30,52,79,17,120,36" hai2="81,15,39,123,8,103,83,10,92,111,20,107,47" hai3="38,67,70,46,12,117,48,3,65,5,99,29,64"/><T130/><D118/><U127/><E120/><V72/><F123/><W62/><G3/><T25/><D74/><U34/><E36/><V119/><F119/><W89/><G38/><T129/><D1/><U132/><E132/><V116/><F116/><W24/><G117/><T78/><D100/><U37/><E37/><V104/><F111/><W134/><G134/><T54/><D44/><U49/><E34/><V26/><F8/><W94/><G5/><T51/><D35/><U50/><E30/><V85/><F72/><W2/><G12/><T124/><D124/><U109/><E90/><V135/><F135/><W6/><G6/><T88/><D78/><U108/><REACH who="1" step="1"/><E52/><REACH who="1" ten="692,92,84,122" step="2"/><V69/><F39/><W133/><G133/><T98/><D54/><U91/><E91/><V28/><F47/><W82/><G89/><T4/><D98/><U115/><E115/><V33/><F33/><W96/><G99/><T63/><D51/><U128/><E128/><V110/><F110/><W121/><G121/><T45/><D45/><U61/><E61/><V93/><F103/><W122/><G122/><T71/><D130/><U21/><E21/><V16/><F28/><W43/><G29/><T80/><D23/><U95/><E95/><V56/><F92/><W32/><G32/><T97/><D97/><U53/><E53/><V27/><F93/><W9/><G94/><T112/><D112/><U75/><E75/><V60/><F60/><W114/><G96/><T105/><D131/><U73/><E73/><V113/><F20/><W41/><G114/><T125/><D129/><U77/><AGARI ba="6,1" hai="17,19,49,50,77,79,84,86,101,102,108,109,126,127" machi="77" ten="25,12000,2" yaku="1,1,5,1,0,1,22,2,52,2,53,0" doraHai="14" doraHaiUra="59" who="1" fromWho="1" sc="692,-66,92,148,84,-36,122,-36" /><INIT seed="1,0,0,1,4,69" ten="626,240,48,86" oya="1" hai0="31,118,17,18,27,90,106,1,32,131,70,29,49" hai1="50,129,97,115,130,91,55,86,116,62,36,20,48" hai2="65,119,84,66,59,109,22,58,77,92,74,56,47" hai3="26,8,83,67,4,60,23,25,132,100,14,63,40"/><U75/><E75/><V112/><F119/><W134/><G40/><T11/><D70/><U44/><E115/><V19/><F74/><W13/><G100/><T64/><D64/><U127/><E97/><V78/><F109/><W94/><G94/><T61/><D61/><U81/><E127/><V28/><F28/><W39/><G39/><T30/><D106/><U57/><E116/><V89/><F47/><W68/><G60/><T135/><D49/><U80/><E36/><V102/><F102/><W123/><G123/><T114/><D90/><U108/><E108/><V52/><F52/><W24/><G83/><T85/><D85/><U34/><E34/><V125/><F112/><W10/><REACH who="3" step="1"/><G23/><REACH who="3" ten="626,240,48,76" step="2"/><T0/><D114/><U38/><E20/><V117/><F125/><W43/><G43/><T88/><D118/><U99/><E81/><V121/><F121/><W71/><G71/><T7/><D32/><U2/><E38/><V21/><F22/><W124/><G124/><T113/><D113/><U33/><E33/><V111/><F117/><W37/><G37/><T41/><D41/><U104/><E62/><V54/><F111/><W93/><G93/><T35/><D35/><U95/><E95/><V53/><F54/><W72/><G72/><T73/><D73/><U82/><E82/><V76/><REACH who="2" step="1"/><F53/><REACH who="2" ten="626,240,38,76" step="2"/><W15/><G15/><AGARI ba="0,2" hai="15,19,21,56,58,59,65,66,76,77,78,84,89,92" machi="15" ten="40,5200,0" yaku="1,1,2,1,8,1,53,0" doraHai="69" doraHaiUra="126" who="2" fromWho="3" sc="626,0,240,0,38,72,76,-52" /><INIT seed="2,0,0,4,5,77" ten="626,240,110,24" oya="2" hai0="49,66,71,44,102,73,39,9,43,97,130,1,14" hai1="76,84,56,104,108,125,123,91,30,40,96,72,34" hai2="52,0,86,48,47,67,129,20,107,133,27,3,85" hai3="11,68,122,55,12,126,31,121,58,110,21,89,90"/><V54/><F107/><W7/><G68/><T5/><D73/><U16/><E40/><V134/><F129/><W99/><G110/><T88/><D88/><U38/><E30/><V22/><F67/><W25/><G126/><T65/><D130/><U60/><E34/><V70/><F70/><W36/><G36/><T81/><D81/><U45/><E45/><V46/><F48/><W83/><G99/><T114/><D114/><U51/><E56/><V42/><F27/><W118/><G118/><T128/><D128/><U82/><E91/><V10/><F10/><W127/><G127/><T105/><D71/><U4/><E76/><V93/><F93/><W132/><G90/><T69/><D69/><U19/><E72/><V95/><F95/><W33/><G33/><T53/><D1/><U2/><E2/><V117/><REACH who="2" step="1"/><F42/><REACH who="2" ten="626,240,100,24" step="2"/><W116/><G116/><AGARI ba="0,1" hai="0,3,20,22,46,47,52,54,85,86,116,117,133,134" machi="116" ten="25,12000,1" yaku="1,1,2,1,22,2,54,1,53,0" doraHai="77" doraHaiUra="109" who="2" fromWho="3" sc="626,0,240,0,100,130,24,-120" owari="626,72.6,240,4.0,230,-17.0,-96,-59.6" /></mjloggm>