<mjloggm ver="2.3"><GO type="225" lobby="0"/><UN n0="%6D%75%75%6D%75%72%61" n1="%48%61%61%61%6C%61%6E%64" n2="%E3%81%86%E3%81%A9%E3%82%93%E3%81%93" n3="%E2%91%A3%E9%81%BF%E9%81%8A%E6%88%AF%E3%80%90%E6%9D%B1%E5%8D%97%E3%80%91" dan="17,17,16,16" rate="2191.90,2155.03,2159.61,2138.07" sx="F,M,M,M"/><TAIKYOKU oya="0"/><INIT seed="0,0,0,1,4,58" ten="250,250,250,250" oya="0" hai0="64,90,61,89,7,105,77,75,87,60,15,119,93" hai1="70,121,37,76,52,125,82,65,48,59,63,5,49" hai2="68,71,132,113,53,18,24,74,41,85,104,99,101" hai3="27,73,134,110,116,36,3,29,40,33,17,107,127"/><T91/><D119/><U112/><E121/><V21/><F74/><W16/><RYUUKYOKU type="yao9" ba="0,0" sc="250,0,250,0,250,0,250,0" hai3="3,16,17,27,29,33,36,40,73,107,110,116,127,134" /><INIT seed="0,1,0,2,0,125" ten="250,250,250,250" oya="0" hai0="122,86,107,98,58,124,17,127,68,16,104,21,128" hai1="83,6,100,65,20,61,32,109,70,48,82,108,30" hai2="0,12,51,15,2,49,26,43,4,93,123,54,73" hai3="111,5,75,101,102,3,23,40,119,53,112,60,92"/><T89/><D122/><U77/><E32/><V44/><F123/><W52/><G119/><T47/><D68/><U118/><E118/><V34/><F73/><W99/><G112/><T113/><D113/><U66/><E100/><V62/><F62/><W91/><G75/><T67/><D128/><U11/><E65/><V105/><F105/><W36/><G111/><N who="1" m="42570" /><E48/><V50/><F15/><W134/><G134/><T59/><D47/><U45/><E45/><V41/><F0/><W81/><G40/><N who="2" m="15433" /><F34/><W7/><G36/><T115/><D115/><U95/><E95/><V79/><F2/><W87/><G3/><T132/><D132/><U37/><E37/><V31/><F79/><W57/><G102/><T29/><D107/><U24/><E77/><V103/><F26/><W42/><G42/><T135/><D135/><U63/><E63/><V8/><F31/><W133/><G133/><T121/><D121/><U130/><E130/><V55/><F55/><N who="3" m="33855" /><G23/><T76/><D104/><U106/><E106/><V85/><F103/><W14/><G14/><AGARI ba="1,0" hai="6,11,14,20,24,30,61,66,70,82,83" m="42570" machi="14" ten="30,1000,0" yaku="14,1" doraHai="125" who="1" fromWho="3" sc="250,0,250,13,250,0,250,-13" /><INIT seed="1,0,0,0,1,39" ten="250,263,250,237" oya="1" hai0="31,24,99,103,2,109,54,53,41,76,29,49,33" hai1="43,107,77,86,127,45,123,55,25,30,115,117,130" hai2="15,81,20,92,128,89,132,98,73,21,80,82,100" hai3="27,19,121,3,70,97,95,42,65,124,133,84,58"/><U14/><E115/><V16/><F128/><W63/><G121/><T135/><D109/><U94/><E123/><V38/><F132/><W7/><G133/><T79/><D135/><U67/><E107/><V131/><F131/><W113/><G113/><T114/><D114/><U134/><E134/><V4/><F38/><W36/><G124/><T90/><D2/><U101/><E130/><V57/><F73/><W69/><G84/><T10/><D10/><U34/><E127/><V37/><F37/><W28/><G19/><T119/><D31/><U44/><E117/><V105/><F4/><W61/><G7/><T23/><D33/><U26/><E67/><V52/><F21/><W102/><G3/><T125/><D90/><U74/><E74/><V46/><F46/><W51/><G36/><T0/><D0/><U18/><E25/><V122/><F122/><W8/><G8/><T59/><D125/><U17/><E17/><V22/><F22/><N who="3" m="15479" /><G63/><T96/><D119/><U56/><E18/><V108/><F108/><W120/><G120/><T91/><D91/><U75/><E14/><V35/><F35/><W111/><G111/><T48/><D54/><U83/><E55/><V93/><REACH who="2" step="1"/><F89/><REACH who="2" ten="250,263,240,237" step="2"/><W106/><G106/><T112/><D112/><U62/><E34/><V78/><F78/><N who="0" m="29738" /><D103/><U104/><E101/><V50/><AGARI ba="0,1" hai="15,16,20,50,52,57,80,81,82,92,93,98,100,105" machi="50" ten="30,7900,0" yaku="1,1,0,1,54,2,53,0" doraHai="39" doraHaiUra="129" who="2" fromWho="2" sc="250,-20,263,-39,240,89,237,-20" /><INIT seed="2,0,0,2,0,51" ten="230,224,329,217" oya="2" hai0="80,134,123,45,111,16,30,19,75,65,37,46,117" hai1="90,69,86,116,101,55,3,12,107,109,63,113,4" hai2="120,54,85,112,42,6,66,22,124,5,18,72,8" hai3="25,47,31,35,38,34,76,102,13,67,87,68,2"/><V122/><F72/><W49/><G38/><T106/><D123/><U28/><E113/><V74/><F74/><W9/><G2/><T58/><D111/><U57/><E116/><V91/><F112/><W89/><G102/><T131/><D117/><U0/><E109/><V92/><F124/><W71/><G35/><T70/><D70/><U127/><E127/><V21/><F42/><W93/><G67/><T121/><D121/><U62/><E28/><V78/><F78/><W20/><G34/><T29/><D106/><U77/><E77/><V97/><F66/><W73/><G73/><T52/><D75/><U64/><E101/><V44/><F22/><W132/><G76/><T110/><D37/><U11/><REACH who="1" step="1"/><E107/><REACH who="1" ten="230,214,329,217" step="2"/><V23/><F122/><W135/><G132/><T118/><D110/><U79/><E79/><V56/><F120/><W50/><G135/><T7/><D134/><U53/><E53/><V40/><F54/><W119/><G119/><T32/><D118/><U83/><AGARI ba="0,1" hai="0,3,4,11,12,55,57,62,63,64,69,83,86,90" machi="83" ten="20,5200,0" yaku="1,1,0,1,7,1,52,1,53,0" doraHai="51" doraHaiUra="43" who="1" fromWho="1" sc="230,-13,214,62,329,-26,217,-13" /><INIT seed="3,0,0,0,5,26" ten="217,276,303,204" oya="3" hai0="78,2,82,133,130,88,98,8,5,114,33,119,51" hai1="39,68,75,48,44,67,95,110,53,4,63,134,127" hai2="13,7,70,83,55,103,124,12,18,91,54,57,121" hai3="74,111,36,104,65,27,11,30,131,117,123,17,116"/><W59/><G123/><T126/><D119/><U40/><E75/><V31/><F70/><W6/><G104/><T1/><D126/><U23/><E127/><V41/><F121/><W21/><G74/><T56/><D130/><U99/><E110/><V129/><F129/><W52/><G131/><T20/><D133/><U60/><E134/><V46/><F103/><W14/><G36/><T87/><D33/><U92/><E63/><V77/><F31/><W96/><G65/><T69/><D69/><U101/><E4/><V25/><F25/><W79/><G79/><T28/><D114/><U61/><E61/><V16/><F91/><W72/><G72/><T34/><D34/><U0/><E0/><V19/><F7/><W64/><G64/><T90/><D1/><U22/><REACH who="1" step="1"/><E95/><REACH who="1" ten="217,266,303,204" step="2"/><V115/><F124/><W80/><G111/><T50/><D5/><U112/><E112/><V24/><F115/><W106/><G80/><T120/><D2/><U47/><AGARI ba="0,1" hai="22,23,39,40,44,47,48,53,60,67,68,92,99,101" machi="47" ten="20,2700,0" yaku="1,1,0,1,7,1,53,0" doraHai="26" doraHaiUra="105" who="1" fromWho="1" sc="217,-7,266,37,303,-7,204,-13" owari="210,-19.0,303,40.3,296,9.6,191,-30.9" /></mjloggm>