<mjloggm ver="2.3"><GO type="225" lobby="0"/><UN n0="%46%65%6D%69%72%69%6E%73" n1="%E3%81%95%E3%81%8D%E3%81%9F%E3%81%BE%E6%9E%97%E6%AA%8E" n2="%E4%BF%BA%E3%81%A8%E5%A6%96%E5%A4%A2" n3="%E9%80%9F%E6%B0%B4%E5%87%9B%E9%A6%99" dan="16,16,17,16" rate="2134.56,2104.81,2202.56,2206.78" sx="M,M,F,F"/><TAIKYOKU oya="0"/><INIT seed="0,0,0,1,4,8" ten="250,250,250,250" oya="0" hai0="5,86,60,126,55,84,91,19,109,106,74,128,72" hai1="108,11,92,45,64,129,22,115,36,85,99,20,57" hai2="82,76,97,37,25,48,111,33,41,13,43,27,118" hai3="69,7,104,94,35,81,4,87,71,66,68,29,12"/><T26/><D106/><U78/><E108/><V44/><F111/><W56/><G104/><T95/><D109/><U133/><E129/><V119/><F33/><W127/><G94/><T135/><D128/><U14/><E133/><V10/><F97/><W51/><G127/><T58/><D126/><U59/><E115/><V61/><F61/><W122/><G122/><T100/><D100/><U70/><E70/><V65/><F65/><W120/><G120/><T49/><D5/><U75/><E75/><V15/><F41/><W80/><G80/><T2/><D2/><U112/><E112/><V53/><F25/><W79/><G29/><T73/><D135/><U67/><E36/><V98/><F27/><W3/><G3/><T125/><D125/><U54/><E45/><N who="2" m="27791" /><F10/><W62/><G35/><T93/><D49/><U52/><E85/><N who="2" m="48327" /><F98/><W38/><G38/><T114/><D114/><U30/><E78/><V9/><F9/><W124/><G124/><T16/><D26/><N who="1" m="16711" /><E67/><V1/><F1/><W18/><REACH who="3" step="1"/><G51/><REACH who="3" ten="250,250,250,240" step="2"/><T34/><D34/><U96/><E96/><V23/><F23/><AGARI ba="0,1" hai="4,7,12,18,23,56,62,66,68,69,71,79,81,87" machi="23" ten="40,5200,0" yaku="1,1,2,1,52,1,53,0" doraHai="8" doraHaiUra="32" who="3" fromWho="2" sc="250,0,250,0,250,-52,240,62" /><INIT seed="1,0,0,5,1,113" ten="250,250,198,302" oya="1" hai0="75,51,105,27,110,84,44,107,95,111,62,63,134" hai1="11,56,13,126,6,116,121,36,132,88,54,79,89" hai2="108,133,72,94,33,90,97,21,73,61,47,64,37" hai3="17,93,103,98,15,2,115,82,112,99,43,42,76"/><U85/><E121/><V28/><F108/><N who="0" m="41514" /><D75/><U35/><E132/><V124/><F33/><W14/><G2/><T68/><D134/><U87/><E116/><V0/><F133/><W29/><G29/><T78/><D27/><U55/><E35/><V50/><F37/><W20/><G115/><T118/><D118/><U86/><E126/><V39/><F39/><W70/><G70/><T74/><D74/><U12/><E36/><V131/><F0/><W135/><G135/><T46/><D46/><U67/><E79/><V81/><F81/><W100/><G112/><T106/><D68/><U22/><E67/><V127/><F131/><W58/><G58/><T5/><D5/><U130/><E130/><V23/><F73/><W57/><G57/><T125/><D125/><N who="2" m="48202" /><F72/><W101/><G14/><T122/><D122/><U48/><E54/><N who="2" m="30047" /><F28/><W10/><G10/><T128/><D128/><U24/><REACH who="1" step="1"/><E13/><REACH who="1" ten="250,240,198,302" step="2"/><V52/><F52/><W59/><G15/><T1/><D1/><U114/><E114/><V45/><F45/><W41/><G76/><T109/><D109/><U92/><E92/><V49/><F49/><W19/><G93/><T8/><D95/><U7/><E7/><V18/><F18/><AGARI ba="0,1" hai="6,11,12,18,22,24,48,55,56,85,86,87,88,89" machi="18" ten="40,7700,0" yaku="1,1,8,1,54,1,53,0" doraHai="113" doraHaiUra="104" who="1" fromWho="2" sc="250,0,240,87,198,-77,302,0" /><INIT seed="1,1,0,2,1,63" ten="250,327,121,302" oya="1" hai0="49,78,51,56,135,60,119,80,53,81,97,93,82" hai1="128,29,102,125,30,36,45,64,19,76,5,4,72" hai2="15,42,99,83,23,109,1,95,101,55,90,75,66" hai3="117,0,134,120,22,68,118,127,47,8,71,35,87"/><U26/><E125/><V86/><F1/><W41/><G35/><T44/><D119/><N who="3" m="45577" /><G120/><T94/><D135/><U17/><E128/><V108/><F42/><W77/><G134/><T25/><D25/><U67/><E72/><V116/><F116/><W39/><G127/><T106/><D106/><U43/><E76/><V37/><F37/><W18/><G77/><T96/><D78/><U21/><E102/><V91/><F55/><W59/><G87/><T111/><D111/><N who="2" m="42570" /><F75/><W92/><G92/><N who="0" m="35435" /><D51/><N who="1" m="27071" /><E19/><N who="2" m="10751" /><F66/><AGARI ba="1,0" hai="44,49,53,56,60,66,80,81,82,96,97" m="35435" machi="66" ten="30,2000,0" yaku="8,1,52,1" doraHai="63" who="0" fromWho="2" sc="250,23,327,0,121,-23,302,0" /><INIT seed="2,0,0,4,3,19" ten="273,327,98,302" oya="2" hai0="98,47,128,119,60,94,127,65,96,10,97,129,131" hai1="7,49,63,117,56,17,124,38,37,102,57,51,74" hai2="11,71,9,50,68,21,132,135,62,116,109,22,28" hai3="93,106,39,100,33,20,27,25,83,130,104,99,105"/><V73/><F116/><W40/><G130/><T86/><D127/><U52/><E74/><V34/><F73/><W41/><G39/><T31/><D119/><U45/><E102/><V36/><F36/><N who="1" m="13929" /><E17/><V70/><F62/><W8/><G8/><N who="2" m="3145" /><F50/><W18/><REACH who="3" step="1"/><G83/><REACH who="3" ten="273,327,98,292" step="2"/><T90/><D131/><U13/><E117/><V61/><F61/><W84/><G84/><T58/><D129/><U6/><E63/><V29/><F109/><W32/><G32/><T77/><D128/><U91/><E124/><V79/><F79/><W23/><G23/><N who="2" m="8713" /><F34/><W107/><N who="3" m="26624" /><DORA hai="3" /><W133/><G133/><AGARI ba="0,1" hai="28,29,68,70,71,132,133,135" m="8713,3145" machi="133" ten="40,18000,2" yaku="28,2,20,1,52,3" doraHai="19,3" who="2" fromWho="3" sc="273,0,327,0,98,190,292,-180" /><INIT seed="2,1,0,1,5,80" ten="273,327,288,112" oya="2" hai0="74,90,49,29,37,107,11,4,1,96,103,120,38" hai1="135,27,47,69,44,65,85,60,134,54,93,130,40" hai2="88,53,5,61,100,9,2,113,24,127,116,123,30" hai3="97,10,111,133,109,118,82,52,92,81,77,126,32"/><V102/><F113/><W79/><G32/><T131/><D120/><U83/><E130/><V7/><F123/><W62/><G118/><T8/><D131/><U76/><E93/><V20/><F116/><W106/><G106/><T26/><D11/><U132/><E54/><V22/><F127/><W89/><G126/><T59/><D74/><U68/><E68/><V28/><F5/><W46/><G10/><T91/><D49/><U58/><E69/><V51/><F61/><W71/><G71/><T42/><D59/><U104/><E104/><V13/><F2/><W86/><G133/><T105/><D105/><U112/><E112/><V21/><F88/><W33/><G33/><T98/><D98/><U25/><REACH who="1" step="1"/><E47/><REACH who="1" ten="273,317,288,112" step="2"/><V121/><F121/><W67/><G67/><T31/><D42/><U36/><AGARI ba="1,1" hai="25,27,36,40,44,58,60,65,76,83,85,132,134,135" machi="36" ten="30,12000,2" yaku="1,1,2,1,0,1,20,1,52,1,53,1" doraHai="80" doraHaiUra="70" who="1" fromWho="1" sc="273,-31,317,133,288,-61,112,-31" /><INIT seed="3,0,0,1,5,98" ten="242,450,227,81" oya="3" hai0="71,13,84,103,101,82,68,17,47,91,79,27,80" hai1="83,51,102,58,78,123,56,100,118,31,15,120,39" hai2="117,135,37,6,18,8,49,125,41,124,75,88,63" hai3="133,36,108,92,76,64,28,86,10,22,5,20,35"/><W110/><G36/><T42/><D27/><U9/><E39/><V65/><F117/><W57/><G57/><T7/><D7/><U87/><E31/><V26/><F37/><W127/><G64/><T85/><D71/><U43/><E118/><V2/><F75/><W70/><G70/><T89/><D79/><U40/><E123/><V24/><F135/><W53/><G53/><T104/><D104/><U115/><E115/><V55/><F41/><W121/><G121/><T109/><D109/><N who="3" m="42089" /><G133/><T23/><D68/><U74/><E74/><V111/><F111/><W59/><G59/><N who="1" m="22570" /><E120/><V95/><F65/><W122/><G122/><T60/><D60/><U52/><E52/><V130/><F63/><W90/><G76/><T99/><D99/><U14/><E14/><V30/><F55/><W93/><G92/><T3/><D3/><U46/><E43/><V25/><F49/><AGARI ba="0,0" hai="13,17,23,42,47,49,80,82,84,85,89,91,101,103" machi="49" ten="30,8000,1" yaku="7,1,9,1,8,1,52,2" doraHai="98" who="0" fromWho="2" sc="242,80,450,0,227,-80,81,0" owari="322,12.2,450,55.0,147,-25.3,81,-41.9" /></mjloggm>