<mjloggm ver="2.3"><GO type="225" lobby="0"/><UN n0="%E6%A1%9C%E8%8A%B1%E9%96%83%E3%80%85" n1="%4E%6F%2E%30%30%30%31" n2="%E5%AE%AE%E4%BF%9D%E9%B6%8F%E8%82%89" n3="%E8%A8%88%E7%AE%97%E6%A9%9F%E8%87%AA%E7%84%B6" dan="18,18,16,17" rate="2243.78,2229.14,2105.79,2189.15" sx="M,M,M,M"/><TAIKYOKU oya="0"/><INIT seed="0,0,0,4,4,44" ten="250,250,250,250" oya="0" hai0="31,116,118,22,108,23,82,84,26,75,36,109,62" hai1="106,105,81,13,102,40,51,52,78,117,17,35,38" hai2="0,30,110,91,99,132,60,133,112,11,50,16,8" hai3="90,89,93,42,43,66,80,69,103,124,126,128,119"/><T32/><D75/><U85/><E117/><V15/><F112/><W72/><G69/><T122/><D36/><U92/><E35/><V68/><F110/><N who="0" m="42602" /><D62/><U135/><E135/><N who="2" m="51787" /><F30/><W113/><G66/><T28/><D122/><U19/><E38/><V47/><F91/><N who="3" m="34827" /><G113/><T37/><D37/><U18/><E40/><N who="2" m="24935" /><F99/><N who="3" m="59887" /><G119/><N who="0" m="45611" /><D31/><U79/><E79/><AGARI ba="0,0" hai="22,23,26,28,32,79,82,84" m="45611,42602" machi="79" ten="30,2900,0" yaku="14,1,10,1" doraHai="44" who="0" fromWho="1" sc="250,29,250,-29,250,0,250,0" /><INIT seed="0,1,0,4,4,37" ten="279,221,250,250" oya="0" hai0="86,130,70,105,69,5,63,108,66,84,46,103,88" hai1="34,71,111,99,54,80,40,15,96,25,97,72,116" hai2="90,3,92,133,126,22,53,82,75,23,18,2,21" hai3="38,81,41,127,89,56,47,52,98,79,68,51,1"/><T11/><D130/><U123/><E116/><V125/><F133/><W42/><G127/><N who="2" m="48649" /><F18/><W73/><G1/><N who="2" m="9" /><F53/><W65/><G41/><T120/><D120/><U59/><E123/><V33/><F33/><W114/><G114/><T10/><D108/><U131/><E111/><V39/><F39/><W49/><G49/><T101/><D70/><U60/><E71/><V62/><F62/><N who="3" m="39991" /><G89/><T121/><D121/><U83/><E131/><V16/><F75/><W91/><G91/><T35/><D35/><U12/><E72/><V109/><F109/><W124/><G124/><T93/><D86/><U14/><REACH who="1" step="1"/><E40/><REACH who="1" ten="279,211,250,250" step="2"/><V0/><F0/><W7/><G98/><T112/><D112/><U4/><E4/><AGARI ba="1,1" hai="4,7,38,42,47,51,52,56,73,79,81" m="39991" machi="4" ten="30,3900,0" yaku="24,1,52,1,54,1" doraHai="37" who="3" fromWho="1" sc="279,0,211,-42,250,0,250,52" /><INIT seed="1,0,0,0,5,113" ten="279,169,250,302" oya="1" hai0="94,120,118,75,31,0,59,58,71,56,51,73,121" hai1="10,54,40,20,14,62,1,55,76,115,82,61,21" hai2="133,84,2,68,38,130,77,28,100,4,30,114,27" hai3="66,25,128,112,18,102,50,132,129,119,23,97,105"/><U101/><E115/><V125/><F84/><W123/><G112/><T83/><D0/><U106/><E40/><V9/><F100/><W104/><G123/><N who="0" m="47179" /><D71/><U46/><E1/><V13/><F68/><W109/><G109/><T42/><D31/><U47/><E101/><V44/><F44/><W29/><G132/><T3/><D3/><U86/><E106/><V32/><F77/><W74/><G74/><N who="0" m="28171" /><D83/><U124/><E124/><V17/><F38/><W116/><G104/><T95/><D118/><N who="3" m="45097" /><G50/><T111/><D111/><U15/><E86/><V6/><F114/><W79/><G79/><T8/><D8/><U135/><E10/><N who="2" m="4295" /><F133/><W64/><G29/><T89/><D89/><U87/><E135/><V7/><F125/><W69/><G69/><T36/><D36/><U48/><E76/><V92/><F30/><W88/><G88/><T127/><D127/><U99/><E87/><V90/><F90/><W45/><G45/><AGARI ba="0,0" hai="42,45,51,56,58,59,94,95" m="28171,47179" machi="45" ten="40,1300,0" yaku="13,1" doraHai="113" who="0" fromWho="3" sc="279,13,169,0,250,0,302,-13" /><INIT seed="2,0,0,2,3,50" ten="292,169,250,289" oya="2" hai0="2,98,16,85,64,28,32,119,122,57,12,93,97" hai1="51,116,70,79,37,26,123,9,10,95,65,76,15" hai2="124,45,77,23,5,31,130,39,11,94,117,82,36" hai3="55,120,111,25,56,131,43,46,33,84,52,114,29"/><V41/><F117/><W100/><G120/><T8/><D122/><U129/><E123/><V121/><F121/><W112/><G111/><T110/><D110/><U87/><E116/><V107/><F107/><W53/><G131/><T61/><D119/><U92/><E37/><V71/><F71/><W103/><G56/><T128/><D128/><U75/><E75/><V34/><F130/><W6/><G6/><T13/><D2/><U17/><E129/><V38/><F124/><W127/><G84/><T58/><D32/><U109/><E109/><V54/><F94/><W21/><G33/><T60/><D28/><U134/><E134/><V101/><F101/><W78/><G78/><T18/><D85/><U73/><E73/><N who="2" m="43311" /><F23/><W0/><G0/><T4/><D93/><U105/><E105/><V125/><F54/><W83/><G83/><T113/><D113/><N who="3" m="43625" /><G127/><T67/><D4/><U104/><E87/><V80/><F80/><W115/><G115/><T81/><D81/><U44/><E79/><V108/><F125/><W68/><G68/><T22/><AGARI ba="0,0" hai="8,12,13,16,18,22,57,58,60,61,64,67,97,98" machi="22" ten="20,8000,1" yaku="0,1,7,1,9,1,8,1,54,1" doraHai="50" who="0" fromWho="0" sc="292,80,169,-20,250,-40,289,-20" /><INIT seed="3,0,0,4,1,12" ten="372,149,210,269" oya="3" hai0="92,117,97,109,48,62,104,43,126,84,39,9,98" hai1="37,81,34,114,63,124,61,2,127,105,7,86,59" hai2="91,113,8,47,21,112,135,16,76,129,3,128,131" hai3="30,96,36,50,77,119,100,80,72,64,32,14,74"/><W19/><G36/><T95/><D117/><U65/><E114/><N who="2" m="44139" /><F76/><W55/><G64/><T130/><D39/><U20/><E34/><V0/><F135/><W118/><G72/><T116/><D109/><U108/><E105/><V29/><F47/><W53/><G30/><T33/><D126/><U115/><E115/><V110/><F110/><W57/><G53/><T68/><D130/><U83/><E108/><V38/><F38/><W51/><G51/><T102/><D116/><U71/><E37/><V35/><F8/><W44/><G44/><T70/><D33/><U93/><E2/><N who="2" m="555" /><F91/><W45/><G45/><T66/><D70/><U52/><E7/><V23/><F35/><W89/><G89/><T10/><D43/><U58/><E71/><V133/><F133/><W26/><G26/><T90/><D48/><U75/><E75/><V122/><F122/><W132/><G132/><T67/><D67/><U82/><E93/><V27/><F129/><W15/><G15/><AGARI ba="0,0" hai="15,16,21,23,27,29,128,131" m="555,44139" machi="15" ten="30,7700,0" yaku="34,2,52,1,54,1" doraHai="12" who="2" fromWho="3" sc="372,0,149,0,210,77,269,-77" owari="372,47.2,149,-35.1,287,8.7,192,-20.8" /></mjloggm>