<mjloggm ver="2.3"><GO type="225" lobby="0"/><UN n0="%E5%8F%AF%E5%85%90%E9%82%A3%E7%94%B1%E5%A4%9A" n1="%E6%A0%B9%E5%85%83%E3%81%8B%E3%82%89%E5%90%B9%E3%81%A3%E9%A3%9B%E3%81%B6" n2="%E3%82%82%E3%81%90%E3%82%89" n3="%EF%BC%AE%EF%BC%A1%EF%BC%AF%33%33%39" dan="17,17,17,16" rate="2235.94,2191.65,2205.74,2051.51" sx="F,F,F,M"/><TAIKYOKU oya="0"/><INIT seed="0,0,0,3,4,102" ten="250,250,250,250" oya="0" hai0="115,7,92,100,107,65,37,93,19,51,5,46,21" hai1="41,75,20,97,122,127,117,133,57,49,35,1,58" hai2="55,10,61,69,104,109,96,47,134,13,83,52,12" hai3="26,79,95,39,24,28,25,81,50,31,112,72,85"/><T101/><D115/><U34/><E1/><V123/><F123/><W99/><G112/><T129/><D129/><U33/><E117/><V128/><F128/><W3/><G3/><T86/><D37/><U15/><E122/><V94/><F109/><W40/><G39/><T64/><D107/><U63/><E75/><V77/><F134/><W103/><REACH who="3" step="1"/><G72/><REACH who="3" ten="250,250,250,240" step="2"/><T110/><D110/><U135/><E133/><V111/><F111/><W87/><G87/><T74/><D74/><U43/><E135/><V126/><F126/><W32/><G32/><T66/><D86/><U130/><E127/><V73/><F73/><W88/><G88/><T9/><D101/><U16/><E130/><V36/><F36/><W80/><G80/><T60/><D100/><U105/><E34/><V42/><F83/><W89/><G89/><T71/><D93/><U131/><E35/><V118/><F94/><W17/><G17/><T23/><D92/><U6/><E33/><V8/><F118/><W44/><AGARI ba="0,1" hai="24,25,26,28,31,40,44,50,79,81,85,95,99,103" machi="44" ten="30,4000,0" yaku="1,1,0,1,8,1,53,0" doraHai="102" doraHaiUra="59" who="3" fromWho="3" sc="250,-20,250,-10,250,-10,240,50" /><INIT seed="1,0,0,4,2,56" ten="230,240,240,290" oya="1" hai0="118,44,107,83,96,134,121,74,102,73,0,125,108" hai1="23,22,5,14,39,31,65,127,114,50,126,16,9" hai2="26,19,52,69,101,3,109,33,133,119,92,90,63" hai3="30,88,17,35,38,84,132,67,129,62,32,49,71"/><U100/><E39/><V2/><F119/><W89/><G38/><T95/><D0/><N who="1" m="167" /><E65/><V40/><F109/><W122/><G122/><T27/><D44/><U97/><E50/><V81/><F133/><W123/><G123/><T78/><D121/><U28/><E100/><V36/><F101/><W106/><G106/><T104/><D27/><N who="1" m="16503" /><E97/><N who="2" m="57495" /><F81/><W86/><G132/><T87/><D134/><U111/><E114/><V54/><F33/><W110/><G110/><T77/><D108/><U131/><E111/><V25/><F25/><W53/><G30/><T105/><D125/><N who="1" m="47627" /><E131/><V34/><F34/><W58/><G129/><T70/><D70/><U130/><E130/><V94/><F54/><W128/><G128/><T124/><D118/><U68/><E68/><V12/><F12/><W60/><G89/><N who="0" m="53695" /><D124/><U42/><E42/><V59/><F69/><W7/><G71/><T135/><D135/><U51/><E31/><V11/><F40/><W10/><G53/><T75/><D78/><U64/><E64/><V1/><F36/><W79/><G67/><T85/><AGARI ba="0,0" hai="73,74,75,77,83,85,96,102,104,105,107" m="53695" machi="85" ten="30,8000,1" yaku="35,5" doraHai="56" who="0" fromWho="0" sc="230,80,240,-40,240,-20,290,-20" /><INIT seed="2,0,0,4,5,38" ten="310,200,220,270" oya="2" hai0="71,131,58,103,35,97,105,49,2,26,77,22,18" hai1="133,99,106,84,111,9,50,130,16,96,68,92,67" hai2="119,87,43,95,25,93,41,66,135,36,23,104,89" hai3="98,125,85,8,39,108,42,112,100,80,122,110,17"/><V83/><F119/><W64/><G64/><T116/><D71/><U48/><E111/><N who="3" m="42538" /><G122/><T75/><D116/><U82/><E130/><V69/><F104/><W91/><G125/><T47/><D131/><U63/><E133/><V54/><F135/><W37/><G112/><T20/><D2/><U109/><E109/><V30/><F36/><W57/><G57/><T31/><D58/><U7/><E106/><V86/><F54/><W129/><G129/><T118/><D118/><U21/><E7/><V29/><F29/><W72/><G72/><T24/><D77/><U6/><E6/><V5/><F5/><W46/><G37/><T12/><D75/><U120/><E9/><V113/><F113/><W44/><G44/><T56/><D56/><N who="1" m="37351" /><E120/><V88/><F83/><W126/><G126/><T45/><D49/><N who="1" m="19051" /><E92/><V123/><F123/><W4/><G17/><AGARI ba="0,0" hai="12,17,18,20,22,24,26,31,35,45,47,97,103,105" machi="17" ten="30,1000,0" yaku="7,1" doraHai="38" who="0" fromWho="3" sc="310,10,200,0,220,0,270,-10" /><INIT seed="3,0,0,4,1,46" ten="320,200,220,260" oya="3" hai0="17,9,58,105,60,23,19,7,107,72,29,96,45" hai1="121,49,98,97,70,93,113,13,48,82,87,4,16" hai2="90,106,124,62,36,55,10,85,21,32,131,61,81" hai3="71,118,28,134,130,65,69,66,22,95,126,116,68"/><W110/><G95/><T54/><D72/><U14/><E121/><V64/><F32/><W115/><G28/><T5/><D29/><U2/><E2/><V103/><F131/><W86/><G86/><T101/><D107/><U40/><E70/><V111/><F111/><W41/><G22/><T83/><D83/><U75/><E75/><V52/><F124/><W35/><G35/><T120/><D120/><U117/><E40/><V12/><F36/><W0/><G0/><T39/><D9/><N who="1" m="4263" /><E113/><V74/><F74/><W20/><G20/><T25/><D19/><U1/><E1/><V73/><F73/><W92/><G92/><T27/><D27/><U76/><E117/><N who="3" m="45162" /><G115/><T33/><D33/><U57/><E57/><V129/><F21/><W50/><G130/><T109/><D109/><U15/><E15/><V11/><F129/><W84/><G84/><T80/><D80/><U18/><E18/><V30/><F30/><W59/><G110/><T108/><D108/><U67/><E67/><N who="3" m="25610" /><G126/><T135/><D5/><U6/><E6/><V112/><F112/><W127/><G127/><T88/><D7/><U89/><E98/><V43/><F12/><W37/><G37/><T125/><D125/><U77/><E77/><V133/><F106/><W123/><G123/><T47/><D39/><U128/><E128/><V99/><F99/><W94/><G94/><N who="0" m="56391" /><D105/><U104/><E104/><V119/><F119/><W132/><G41/><T114/><D114/><U78/><E76/><V53/><F43/><W100/><G100/><T8/><D101/><U31/><E31/><V91/><F103/><RYUUKYOKU ba="0,0" sc="320,-15,200,15,220,-15,260,15" hai1="14,16,48,49,78,82,87,89,93,97" hai3="50,59,68,69,71,132,134" /><INIT seed="3,1,0,1,2,124" ten="305,215,205,275" oya="3" hai0="95,79,16,123,106,85,24,126,54,98,41,11,72" hai1="112,62,2,66,109,51,35,34,27,83,125,39,19" hai2="0,113,82,119,61,58,43,7,47,22,5,120,94" hai3="81,1,114,12,9,99,116,45,91,31,67,56,132"/><W40/><G114/><T80/><D123/><U30/><E39/><V36/><F113/><W3/><G116/><T135/><D135/><U71/><E109/><V33/><F33/><W77/><G31/><T96/><D126/><U97/><E125/><V59/><F119/><W6/><G132/><T29/><D41/><U14/><E2/><V28/><F120/><W15/><G91/><N who="0" m="53743" /><D96/><U104/><E35/><V48/><F0/><W128/><G99/><T10/><D16/><U55/><E83/><V117/><F117/><W70/><G70/><T21/><D54/><U87/><E87/><V57/><F82/><W88/><G88/><T68/><D68/><U46/><E112/><V50/><F94/><W103/><G103/><AGARI ba="1,0" hai="10,11,21,24,29,72,79,80,98,103,106" m="53743" machi="103" ten="30,1000,0" yaku="24,1" doraHai="124" who="0" fromWho="3" sc="305,13,215,0,205,0,275,-13" owari="318,41.8,215,-18.5,205,-29.5,262,6.2" /></mjloggm>