<mjloggm ver="2.3"><GO type="225" lobby="0"/><UN n0="%72%69%6F%75%63%68%61%6E" n1="%E4%BF%BA%E3%81%A8%E5%A6%96%E5%A4%A2" n2="%E8%B6%85%E7%B4%9A%E9%B3%B3%E5%87%B0" n3="%72%65%6E%6B%75%6E" dan="16,17,16,17" rate="2107.46,2261.60,2147.67,2218.84" sx="M,F,M,M"/><TAIKYOKU oya="0"/><INIT seed="0,0,0,3,3,56" ten="250,250,250,250" oya="0" hai0="45,60,89,33,30,75,134,35,120,128,44,15,83" hai1="74,2,36,104,38,19,82,11,17,84,37,80,26" hai2="125,5,122,95,57,86,116,108,93,90,109,98,7" hai3="31,22,97,107,99,76,12,124,23,87,81,105,94"/><T117/><D117/><U25/><E104/><V85/><F122/><W61/><G124/><T77/><D120/><U68/><E68/><V135/><F125/><W88/><G97/><T66/><D128/><U42/><E74/><V49/><F116/><W123/><G123/><T41/><D134/><U6/><E42/><V1/><F135/><W16/><REACH who="3" step="1"/><G61/><REACH who="3" ten="250,250,250,240" step="2"/><T34/><D60/><U127/><E127/><V114/><F98/><W132/><G132/><T115/><D115/><U55/><E55/><V39/><F114/><W8/><G8/><T13/><D66/><U54/><E54/><V112/><F112/><W102/><G102/><T129/><D129/><U111/><E111/><V121/><F121/><W14/><G14/><T63/><D63/><U79/><REACH who="1" step="1"/><E80/><REACH who="1" ten="250,240,250,240" step="2"/><V100/><F108/><W106/><G106/><T64/><D64/><U58/><E58/><V69/><F57/><W47/><G47/><T59/><D59/><U53/><E53/><V3/><F109/><W40/><G40/><T131/><D131/><U4/><E4/><V10/><F5/><W103/><G103/><T51/><D45/><U50/><E50/><V18/><F7/><W72/><G72/><T78/><D75/><U62/><E62/><V52/><F49/><W118/><G118/><T119/><D119/><U21/><E21/><V101/><F52/><W27/><AGARI ba="0,2" hai="12,16,22,23,27,31,76,81,87,88,94,99,105,107" machi="27" ten="30,7900,0" yaku="1,1,0,1,54,2,53,0" doraHai="56" doraHaiUra="0" who="3" fromWho="3" sc="250,-39,240,-20,250,-20,240,99" /><INIT seed="1,0,0,4,3,3" ten="211,220,230,339" oya="1" hai0="17,40,27,100,16,21,65,55,120,78,8,118,116" hai1="117,67,84,122,110,12,13,20,86,9,26,7,23" hai2="87,38,56,83,64,29,66,32,22,59,57,42,52" hai3="35,75,1,94,85,113,60,77,106,89,109,70,54"/><U50/><E117/><V74/><F32/><W90/><G35/><T82/><D120/><U63/><E122/><V131/><F131/><W4/><G106/><T45/><D65/><U44/><E110/><V80/><F74/><W91/><G113/><T99/><D55/><U133/><E133/><V130/><F130/><W2/><G109/><T115/><D115/><U62/><E12/><V119/><F119/><W46/><G46/><T69/><D69/><U43/><E20/><V53/><F42/><W111/><G111/><T104/><D17/><U61/><REACH who="1" step="1"/><E67/><REACH who="1" ten="211,210,230,339" step="2"/><V81/><F22/><W72/><G1/><T97/><D118/><U103/><E103/><V41/><F66/><W126/><G2/><T121/><D116/><U92/><E92/><V98/><F64/><W37/><G94/><T39/><D121/><U128/><E128/><V76/><F80/><W93/><G93/><T73/><D100/><U101/><E101/><V124/><F81/><W96/><G70/><T14/><D104/><U15/><E15/><V107/><F107/><W79/><G126/><T25/><D25/><U34/><E34/><V58/><F83/><W36/><G72/><T30/><AGARI ba="0,1" hai="8,14,16,21,27,30,39,40,45,73,78,82,97,99" machi="30" ten="20,2700,0" yaku="0,1,7,1,54,1" doraHai="3" who="0" fromWho="0" sc="211,37,210,-13,230,-7,339,-7" /><INIT seed="2,0,0,2,4,52" ten="248,197,223,332" oya="2" hai0="97,134,33,5,121,44,0,95,132,79,76,41,112" hai1="96,103,1,58,19,42,51,36,65,50,29,101,31" hai2="35,87,70,90,13,3,104,18,17,114,106,66,129" hai3="118,99,20,124,131,14,88,92,46,113,89,109,108"/><V122/><F114/><W60/><G118/><T6/><D121/><U127/><E1/><V107/><F122/><W77/><G113/><T67/><D112/><U85/><E127/><V34/><F3/><W32/><G32/><T8/><D33/><U11/><E36/><V86/><F129/><W102/><G124/><T71/><D6/><U10/><E85/><V110/><F110/><N who="3" m="42603" /><G131/><T72/><D67/><U25/><E19/><V45/><F45/><W38/><G77/><T24/><D24/><U120/><E120/><V117/><F117/><W111/><N who="3" m="42611" /><W98/><DORA hai="43" /><G60/><T28/><D28/><N who="1" m="10827" /><E25/><V2/><F2/><W26/><G14/><T22/><D71/><U135/><E135/><N who="0" m="51753" /><D22/><U16/><E96/><V47/><F35/><W94/><G102/><N who="1" m="38922" /><E42/><V37/><F34/><W12/><G12/><T91/><D72/><U40/><E40/><V78/><F13/><W125/><G125/><T62/><D62/><N who="1" m="38103" /><E16/><V115/><F17/><W63/><G63/><T73/><D73/><U39/><E39/><AGARI ba="0,0" hai="0,5,8,39,41,44,76,79,91,95,97" m="51753" machi="39" ten="30,2000,0" yaku="20,1,52,1" doraHai="52,43" who="0" fromWho="1" sc="248,20,197,-20,223,0,332,0" /><INIT seed="3,0,0,5,5,20" ten="268,177,223,332" oya="3" hai0="96,2,47,16,45,119,10,104,114,66,69,117,93" hai1="88,128,59,92,121,68,97,55,129,113,108,5,3" hai2="62,40,8,29,76,127,56,49,125,64,120,23,70" hai3="67,109,86,30,72,22,79,27,105,17,131,89,124"/><W101/><G124/><N who="2" m="47689" /><F120/><W44/><G131/><N who="1" m="50250" /><E121/><V63/><F8/><W21/><G67/><T71/><D104/><U133/><E113/><V99/><F76/><W100/><G109/><T115/><D2/><U84/><E68/><V94/><F29/><W75/><G105/><T38/><D38/><U82/><E108/><V110/><F110/><W118/><G44/><T24/><D45/><U6/><E3/><V36/><F23/><W13/><G118/><T135/><D47/><U39/><E39/><V60/><F36/><W134/><G134/><T102/><D135/><U123/><E123/><V11/><F11/><W111/><G111/><T116/><D10/><U78/><E133/><V46/><F70/><W14/><G79/><T4/><D4/><U51/><E5/><V130/><F130/><W73/><REACH who="3" step="1"/><G14/><REACH who="3" ten="268,177,223,322" step="2"/><T106/><D119/><U61/><E6/><V122/><F122/><W12/><G12/><T18/><D117/><U43/><E43/><V15/><F15/><W91/><G91/><AGARI ba="0,1" hai="40,46,49,56,60,62,63,64,91,94,99" m="47689" machi="91" ten="30,1000,0" yaku="18,1" doraHai="20" who="2" fromWho="3" sc="268,0,177,0,223,20,322,-10" owari="268,6.8,177,-32.3,243,-15.7,312,41.2" /></mjloggm>