<mjloggm ver="2.3"><GO type="225" lobby="0"/><UN n0="%E3%82%82%E3%81%90%E3%82%89" n1="%E3%81%AF%E3%82%88%E3%81%8A%E3%81%98%E3%81%95%E3%82%93" n2="%6D%75%75%6D%75%72%61" n3="%E3%81%82%E3%81%84%E3%81%82%E3%81%8A%E3%81%84" dan="16,16,16,18" rate="2217.03,2098.14,2145.37,2230.92" sx="M,M,F,M"/><TAIKYOKU oya="0"/><INIT seed="0,0,0,5,0,25" ten="250,250,250,250" oya="0" hai0="77,42,100,70,134,17,114,105,78,3,34,19,101" hai1="32,90,93,41,64,116,133,5,7,36,23,71,46" hai2="79,124,18,61,74,1,33,55,108,43,69,40,123" hai3="127,120,22,98,129,45,65,82,6,135,63,75,97"/><T112/><D70/><U96/><E32/><V113/><F123/><W89/><G127/><T92/><D105/><U66/><E116/><V28/><F113/><W9/><G135/><T49/><D3/><U87/><E133/><V30/><F124/><W10/><G129/><T53/><D134/><U59/><E71/><V117/><F33/><W15/><G120/><T104/><D104/><U62/><E66/><V50/><F117/><W76/><G89/><T126/><D34/><U67/><E64/><V54/><F1/><W8/><G45/><T94/><D126/><U11/><E23/><V115/><F74/><W80/><G82/><T26/><D26/><U14/><REACH who="1" step="1"/><E96/><REACH who="1" ten="250,240,250,250" step="2"/><V121/><F69/><W83/><G22/><T2/><D114/><U73/><E73/><V119/><F115/><W0/><G9/><T122/><D112/><U12/><E12/><V51/><F119/><W132/><G132/><T106/><D2/><U131/><E131/><V13/><F121/><W91/><G97/><T95/><D122/><U110/><E110/><V57/><F108/><W29/><G98/><T58/><D101/><U125/><E125/><V99/><F99/><W20/><G20/><T52/><D100/><U86/><E86/><V103/><F103/><W31/><G10/><T68/><D68/><U35/><E35/><V85/><F13/><W72/><G15/><T21/><D21/><U56/><E56/><V118/><F118/><W4/><G75/><T47/><D106/><U84/><E84/><V81/><F85/><N who="3" m="50599" /><G6/><AGARI ba="0,1" hai="5,6,7,11,14,36,41,46,59,62,67,87,90,93" machi="6" ten="30,2000,0" yaku="1,1,7,1,53,0" doraHai="25" doraHaiUra="109" who="1" fromWho="3" sc="250,0,240,30,250,0,250,-20" /><INIT seed="1,0,0,5,5,104" ten="250,270,250,230" oya="1" hai0="39,112,8,113,71,87,61,56,35,36,118,42,100" hai1="15,88,47,46,34,28,30,99,45,119,75,43,123" hai2="13,93,5,17,78,57,2,65,114,107,54,77,58" hai3="40,116,129,79,60,11,86,85,59,130,16,82,33"/><U70/><E119/><V131/><F107/><W63/><G116/><T105/><D35/><U124/><E123/><V132/><F131/><N who="3" m="50187" /><G33/><T122/><D118/><U49/><E70/><V106/><F106/><W101/><G101/><T37/><D122/><U91/><E75/><V72/><F132/><W117/><G117/><T27/><D71/><U51/><E34/><V22/><F114/><W110/><G40/><T73/><D42/><U102/><E124/><V109/><F109/><W89/><G110/><T31/><D100/><U25/><E15/><V125/><F125/><W134/><G134/><T44/><D44/><U0/><E46/><V90/><F2/><W103/><G103/><T55/><D105/><U76/><E76/><V10/><F72/><N who="3" m="43367" /><G89/><N who="1" m="34378" /><E0/><V92/><F92/><W48/><G48/><T66/><D73/><U3/><E3/><V96/><F5/><W7/><G16/><T19/><D113/><U126/><E126/><V97/><F10/><W24/><G24/><T74/><D74/><U81/><E81/><V12/><F12/><N who="3" m="5247" /><G63/><T1/><D112/><U121/><E25/><V6/><F6/><W128/><N who="3" m="50195" /><W53/><AGARI ba="0,0" hai="53,59,60,85,86" m="5247,43367,50195" machi="53" ten="40,5200,0" yaku="4,1,19,1,52,1" doraHai="104" who="3" fromWho="3" sc="250,-13,270,-26,250,-13,230,52" /><INIT seed="2,0,0,0,4,67" ten="237,244,237,282" oya="2" hai0="23,106,114,47,56,64,81,79,63,20,100,130,53" hai1="61,76,11,116,113,68,124,35,41,112,107,110,101" hai2="123,109,74,85,129,97,5,126,127,72,44,135,96" hai3="17,30,75,60,91,80,46,38,73,128,115,92,39"/><V4/><F123/><W7/><G128/><T59/><D114/><U2/><E116/><V103/><F129/><W70/><G115/><T71/><D130/><U65/><E110/><V28/><F109/><W13/><G30/><T50/><D100/><U0/><E124/><N who="2" m="47659" /><F135/><W31/><G31/><T111/><D106/><U15/><E35/><V78/><F28/><W49/><G7/><N who="2" m="2633" /><F44/><W1/><G1/><T43/><D111/><U40/><E76/><V36/><F36/><W133/><G133/><T99/><D99/><N who="2" m="37962" /><F103/><W90/><G46/><T118/><D118/><U86/><E101/><V25/><F25/><W134/><G39/><T33/><D33/><U32/><E32/><V22/><F22/><W121/><G38/><N who="0" m="22007" /><D59/><U37/><E37/><V88/><F78/><W9/><G121/><T24/><D24/><U42/><E107/><V8/><F8/><W45/><G9/><T131/><D131/><U102/><E102/><V58/><F58/><W6/><G6/><T82/><D82/><AGARI ba="0,0" hai="72,74,82,85,88" m="37962,2633,47659" machi="82" ten="30,2900,0" yaku="18,1,54,1" doraHai="67" who="2" fromWho="0" sc="237,-29,244,0,237,29,282,0" /><INIT seed="2,1,0,4,5,41" ten="208,244,266,282" oya="2" hai0="35,123,51,81,5,11,17,66,54,74,124,127,61" hai1="39,63,69,10,111,97,44,68,8,95,87,128,91" hai2="33,1,119,79,64,77,56,85,131,83,53,72,93" hai3="129,120,130,40,46,135,70,73,26,37,98,107,89"/><V23/><F119/><W36/><G120/><T55/><D35/><U15/><E111/><V84/><F33/><W112/><G70/><T109/><D123/><U113/><E113/><V21/><F131/><N who="3" m="50187" /><G73/><T9/><D109/><U18/><E128/><V117/><F117/><W59/><G135/><T24/><D66/><U50/><E39/><V80/><F1/><W116/><G116/><T3/><D61/><U16/><E63/><V75/><F64/><W88/><G37/><T28/><D17/><U100/><E8/><V2/><F2/><W104/><G112/><T42/><D11/><U71/><E18/><V132/><F132/><W31/><G59/><T45/><D81/><U114/><E114/><V4/><F4/><W133/><G133/><T27/><D27/><U43/><REACH who="1" step="1"/><E71/><REACH who="1" ten="208,234,266,282" step="2"/><V126/><F126/><N who="0" m="48170" /><D74/><U125/><E125/><V13/><F75/><W14/><G14/><T76/><D76/><U102/><E102/><V118/><F72/><W60/><G60/><T134/><D134/><U99/><E99/><V29/><F118/><W96/><G98/><T22/><AGARI ba="1,1" hai="3,5,9,22,24,28,42,45,51,54,55" m="48170" machi="22" ten="30,2000,0" yaku="18,1,52,1" doraHai="41" who="0" fromWho="0" sc="208,33,234,-6,266,-11,282,-6" /><INIT seed="3,0,0,3,4,66" ten="241,228,255,276" oya="3" hai0="74,84,124,12,65,57,15,19,41,117,133,39,128" hai1="49,82,109,59,46,13,52,121,106,51,105,78,122" hai2="35,100,102,71,112,16,5,96,50,120,20,38,32" hai3="75,30,23,55,81,76,64,85,125,61,126,116,7"/><W31/><G116/><T80/><D117/><U108/><E13/><V110/><F38/><W10/><G55/><T131/><D74/><U53/><E105/><V18/><F112/><W29/><G23/><T97/><D97/><U94/><E94/><V58/><F110/><N who="1" m="42601" /><E106/><V93/><F5/><W111/><G75/><AGARI ba="0,0" hai="46,49,51,52,53,59,75,78,82,121,122" m="42601" machi="75" ten="30,2000,0" yaku="14,1,54,1" doraHai="66" who="1" fromWho="3" sc="241,0,228,20,255,0,276,-20" /><INIT seed="4,0,0,5,1,56" ten="241,248,255,256" oya="0" hai0="77,34,97,75,84,89,83,54,87,25,11,21,35" hai1="64,6,102,74,39,124,48,131,107,59,103,125,95" hai2="115,99,3,92,13,81,119,66,105,9,100,80,15" hai3="93,78,112,91,42,17,63,98,8,113,47,5,104"/><T94/><D11/><U46/><E39/><V40/><F115/><N who="3" m="44107" /><G78/><T132/><D132/><U20/><E74/><V49/><F119/><W16/><G104/><T10/><D10/><U4/><E107/><V96/><F3/><N who="3" m="63" /><G63/><T55/><D35/><U110/><E110/><V65/><F40/><W129/><G129/><T18/><D34/><U44/><E131/><V122/><F49/><AGARI ba="0,0" hai="16,17,42,47,49,91,93,98" m="63,44107" machi="49" ten="30,2000,0" yaku="15,1,54,1" doraHai="56" who="3" fromWho="2" sc="241,0,248,0,255,-20,256,20" /><INIT seed="5,0,0,1,1,120" ten="241,248,235,276" oya="1" hai0="113,125,54,30,9,111,61,82,13,58,92,22,20" hai1="32,64,95,103,15,14,75,50,27,3,129,90,17" hai2="12,51,24,80,131,88,59,4,124,108,116,102,21" hai3="135,53,71,74,37,89,60,1,79,39,76,0,43"/><U132/><E3/><V70/><F116/><W126/><G53/><T62/><D113/><U25/><E75/><V10/><F70/><W6/><G89/><T55/><D125/><U96/><E32/><V52/><F124/><W35/><G79/><T117/><D111/><U73/><E73/><V29/><F131/><W45/><G126/><T23/><D117/><U119/><E119/><V68/><F68/><W38/><G35/><T48/><D82/><U134/><E129/><V94/><F108/><W47/><G135/><N who="1" m="51754" /><E64/><V65/><F65/><N who="3" m="41383" /><G47/><T130/><D130/><U86/><E50/><V128/><F128/><W99/><G99/><T28/><D92/><N who="1" m="54359" /><E14/><V77/><F102/><W104/><G104/><T84/><D84/><U133/><N who="1" m="51762" /><U118/><DORA hai="121" /><E118/><V41/><F41/><W83/><G0/><T7/><REACH who="0" step="1"/><D62/><REACH who="0" ten="231,248,235,276" step="2"/><U57/><E57/><AGARI ba="0,1" hai="7,9,13,20,22,23,28,30,48,54,55,57,58,61" machi="57" ten="40,5200,0" yaku="1,1,2,1,8,1,53,0" doraHai="120,121" doraHaiUra="36,123" who="0" fromWho="1" sc="231,62,248,-52,235,0,276,0" /><INIT seed="6,0,0,5,4,93" ten="293,196,235,276" oya="2" hai0="106,91,34,0,98,127,70,16,44,65,134,7,75" hai1="109,29,33,76,114,77,101,61,5,20,97,4,87" hai2="132,86,116,45,10,117,42,66,1,124,58,112,73" hai3="128,60,82,62,123,69,27,31,89,59,71,126,92"/><V110/><F73/><W35/><G123/><T78/><D34/><U46/><E33/><V107/><F112/><W79/><G126/><T13/><D70/><U19/><E109/><V63/><F124/><W3/><G3/><T94/><D65/><U95/><E114/><V96/><F132/><W51/><G51/><T22/><D127/><U83/><E29/><V68/><F110/><W57/><G128/><T48/><D134/><U100/><E77/><V12/><F1/><W37/><G37/><T81/><D106/><U36/><E101/><V121/><F121/><W14/><G14/><T21/><D0/><U26/><REACH who="1" step="1"/><E61/><REACH who="1" ten="293,186,235,276" step="2"/><V104/><F63/><W111/><G111/><T84/><D78/><U131/><E131/><V30/><F30/><W55/><G62/><T135/><D135/><U2/><E2/><V115/><F115/><W102/><G102/><N who="0" m="60759" /><D75/><U113/><E113/><V64/><F117/><W52/><G69/><T129/><D129/><U47/><E47/><V133/><F68/><W67/><G71/><T32/><D32/><U39/><E39/><V122/><F116/><W105/><G59/><T18/><D44/><U130/><E130/><V11/><F133/><W40/><G57/><T24/><D48/><U56/><E56/><V99/><F122/><W49/><G60/><T119/><D119/><U50/><E50/><V103/><F58/><W80/><G67/><T88/><D91/><U85/><E85/><V28/><F86/><W38/><G38/><T43/><D43/><AGARI ba="0,1" hai="4,5,19,20,26,36,43,46,76,83,87,95,97,100" machi="43" ten="40,5200,0" yaku="1,1,52,1,53,1" doraHai="93" doraHaiUra="41" who="1" fromWho="0" sc="293,-52,186,62,235,0,276,0" /><INIT seed="7,0,0,0,3,109" ten="241,248,235,276" oya="3" hai0="79,5,22,135,28,6,82,123,53,65,85,74,70" hai1="31,93,80,18,40,68,95,102,67,66,108,56,33" hai2="16,129,97,50,8,121,113,103,51,39,116,100,21" hai3="12,101,35,43,27,91,71,15,92,84,115,128,112"/><W57/><G71/><T62/><D123/><U14/><E108/><V111/><F116/><W46/><G128/><T90/><D135/><U83/><E68/><V2/><F111/><W37/><G101/><N who="2" m="38985" /><F39/><W69/><G69/><T98/><D53/><U9/><E33/><V106/><F129/><W24/><G57/><T60/><D60/><U119/><E119/><V104/><F2/><W25/><G35/><T10/><D98/><N who="1" m="59727" /><E31/><V75/><F75/><W99/><G99/><T19/><D10/><U59/><E40/><V76/><F121/><W45/><G46/><T107/><D28/><U47/><E47/><V73/><F73/><W89/><G91/><T81/><D107/><U72/><E72/><V34/><F34/><W41/><G41/><T61/><D61/><N who="1" m="38183" /><E95/><V132/><F132/><W3/><G3/><T87/><D74/><U110/><E110/><V118/><F118/><W126/><G126/><T38/><D38/><U134/><E134/><V114/><F76/><W94/><G94/><T105/><D105/><N who="2" m="40554" /><F97/><W32/><G32/><T55/><D55/><U29/><E29/><V11/><F51/><W88/><G89/><T125/><D125/><U124/><E124/><V0/><F50/><W48/><G48/><T44/><D44/><U52/><E67/><V26/><F0/><W78/><G78/><T36/><D36/><U133/><E133/><V54/><F54/><W127/><G127/><T58/><D70/><U42/><E42/><V49/><F49/><AGARI ba="0,0" hai="9,14,18,49,52,59,80,83" m="38183,59727" machi="49" ten="30,2000,0" yaku="8,1,54,1" doraHai="109" who="1" fromWho="2" sc="241,0,248,20,235,-20,276,0" owari="241,-15.9,268,6.8,215,-28.5,276,37.6" /></mjloggm>