<mjloggm ver="2.3"><GO type="225" lobby="0"/><UN n0="%E3%81%86%E3%82%8C%E3%81%9F%E3%82%93%E6%9E%95" n1="%E6%A1%9C%E8%8A%B1%E9%96%83%E3%80%85" n2="%72%69%6F%75%63%68%61%6E" n3="%E3%82%BC%E3%83%AB%E3%83%80%E3%81%AE%E4%BC%9D%E8%AA%AC" dan="16,17,17,16" rate="2107.16,2137.09,2146.03,2219.82" sx="F,M,M,M"/><TAIKYOKU oya="0"/><INIT seed="0,0,0,5,2,17" ten="250,250,250,250" oya="0" hai0="71,20,68,96,115,89,72,47,64,105,131,18,123" hai1="61,91,16,60,130,43,118,95,0,78,12,92,8" hai2="55,76,14,35,51,111,110,99,48,46,22,84,108" hai3="1,63,69,87,49,77,58,40,109,135,122,112,10"/><T93/><D123/><U98/><E118/><V116/><F35/><W28/><G112/><T4/><D115/><U26/><E130/><V113/><F113/><W119/><G119/><T128/><D72/><U94/><E0/><V101/><F116/><W134/><G28/><T104/><D4/><U50/><E78/><V32/><F32/><W83/><G122/><T70/><D64/><U74/><E74/><V66/><F66/><W24/><G109/><T31/><D31/><U13/><E26/><V36/><F36/><W38/><G24/><T21/><D47/><N who="1" m="25983" /><E12/><V127/><F127/><W114/><G114/><T102/><D105/><U121/><E121/><V2/><F2/><W23/><G38/><T30/><D30/><U25/><E25/><V45/><F76/><W53/><G23/><T100/><D100/><N who="1" m="60487" /><E95/><N who="2" m="58623" /><F84/><AGARI ba="0,0" hai="8,13,16,60,61,84,91,94" m="60487,25983" machi="84" ten="30,2000,0" yaku="8,1,54,1" doraHai="17" who="1" fromWho="2" sc="250,0,250,20,250,-20,250,0" /><INIT seed="1,0,0,2,3,76" ten="250,270,230,250" oya="1" hai0="18,105,53,16,54,23,9,63,39,128,7,19,120" hai1="24,74,103,25,107,33,90,56,96,116,104,83,48" hai2="1,4,31,69,132,3,32,64,68,43,70,112,134" hai3="17,26,80,58,94,34,92,41,89,135,122,12,57"/><U126/><E116/><V6/><F112/><W88/><G122/><T93/><D128/><U99/><E126/><V98/><F64/><W117/><G135/><N who="2" m="51753" /><F43/><W124/><G124/><T52/><D105/><U40/><E33/><V49/><F49/><W37/><G117/><T87/><D39/><U29/><E56/><V86/><F98/><W59/><G34/><T61/><D120/><U66/><E66/><V113/><F113/><W72/><G26/><T46/><D46/><U127/><E127/><V67/><F67/><W75/><G37/><T42/><D42/><U84/><E74/><V114/><F114/><W15/><G41/><T123/><D123/><U20/><E24/><N who="2" m="18535" /><F86/><W8/><G15/><N who="0" m="5567" /><D23/><U77/><E77/><V73/><F73/><W21/><G75/><T11/><D11/><U51/><REACH who="1" step="1"/><E40/><REACH who="1" ten="250,260,230,250" step="2"/><V2/><AGARI ba="0,1" hai="1,2,3,4,6,68,69,70" m="18535,51753" machi="2" ten="50,1600,0" yaku="20,1" doraHai="76" who="2" fromWho="2" sc="250,-4,260,-8,230,26,250,-4" /><INIT seed="2,0,0,0,4,67" ten="246,252,256,246" oya="2" hai0="61,112,78,114,34,77,29,76,109,86,56,6,54" hai1="80,30,64,40,48,71,89,100,25,90,45,129,116" hai2="31,37,62,47,98,5,63,132,92,113,51,20,0" hai3="28,42,36,27,57,134,119,44,3,93,105,68,8"/><V72/><F113/><W131/><G119/><T60/><D109/><U32/><E116/><V33/><F132/><W58/><G105/><T18/><D6/><U110/><E110/><V128/><F33/><W108/><G108/><T79/><N who="0" m="19456" /><DORA hai="95" /><T102/><D86/><U17/><E129/><V82/><F82/><W97/><G134/><T122/><D122/><U123/><E123/><V104/><F104/><W39/><G39/><T23/><D102/><U10/><E80/><V125/><F37/><W52/><G68/><T85/><D85/><U38/><E38/><V81/><F81/><W91/><G131/><T117/><D117/><U103/><E17/><V35/><F35/><W16/><G52/><T65/><D29/><U135/><E10/><V87/><F87/><W101/><G101/><T55/><D34/><U11/><E11/><V107/><F107/><W53/><G53/><T120/><D54/><U96/><E103/><N who="2" m="60871" /><F125/><W13/><REACH who="3" step="1"/><G3/><REACH who="3" ten="246,252,256,236" step="2"/><T74/><D120/><U75/><E135/><V21/><F128/><W26/><G26/><T84/><D114/><U50/><E50/><V88/><F0/><W70/><G70/><N who="0" m="42279" /><D112/><U115/><E115/><V9/><F51/><W2/><G2/><T22/><D74/><U49/><E49/><V69/><F72/><W7/><G7/><T121/><D121/><U118/><E75/><V46/><F69/><W106/><G106/><T124/><D124/><U99/><E118/><V43/><F5/><W4/><G4/><T19/><D84/><U94/><E99/><V111/><F111/><W127/><G127/><T59/><D59/><RYUUKYOKU ba="0,1" sc="246,10,252,10,256,-30,236,10" hai0="18,19,22,23,55,56,61" hai1="25,30,32,40,45,48,64,71,89,90,94,96,100" hai3="8,13,16,27,28,36,42,44,57,58,91,93,97" /><INIT seed="3,1,1,0,2,33" ten="256,262,226,246" oya="3" hai0="113,98,70,21,105,68,32,49,100,74,2,97,86" hai1="128,12,5,94,60,7,1,124,6,19,16,71,0" hai2="23,121,39,80,88,15,85,129,69,4,96,75,92" hai3="65,35,101,67,17,54,51,30,109,89,45,133,18"/><W73/><G73/><T87/><D74/><U57/><E71/><V135/><F129/><W79/><G79/><T104/><D32/><U24/><E128/><V126/><F126/><W53/><G133/><T27/><D113/><U78/><E124/><V122/><F135/><W56/><G109/><T38/><D38/><U46/><E78/><V31/><F69/><W111/><G111/><T114/><D114/><U64/><E46/><V40/><F75/><W107/><G107/><T28/><D2/><U115/><E115/><V37/><F40/><W58/><G101/><T108/><D108/><U93/><E24/><N who="2" m="16799" /><F4/><W119/><G119/><T130/><D130/><U84/><E19/><N who="3" m="7178" /><G35/><T110/><D110/><U81/><E81/><V123/><F15/><W99/><G30/><T61/><D70/><U10/><REACH who="1" step="1"/><E94/><REACH who="1" ten="256,252,226,246" step="2"/><V8/><F8/><W14/><G45/><T83/><D68/><U82/><E82/><V3/><F3/><W50/><G14/><T134/><D83/><U120/><E120/><N who="2" m="30723" /><V106/><DORA hai="25" /><F106/><W41/><G41/><T116/><D105/><U118/><E118/><V62/><F62/><W48/><G48/><T20/><D61/><U59/><E59/><V36/><F37/><W42/><G42/><T29/><D49/><U13/><E13/><V76/><AGARI ba="1,2" hai="36,39,76,80,85,88,92,96" m="30723,16799" machi="76" ten="40,5200,0" yaku="13,1,52,1,54,1" doraHai="33,25" who="2" fromWho="2" sc="256,-14,252,-14,226,75,246,-27" owari="242,4.2,238,-16.2,301,40.1,219,-28.1" /></mjloggm>