<mjloggm ver="2.3"><GO type="225" lobby="0"/><UN n0="%E3%83%AB%E3%83%9B%E3%83%B3%E3%83%87%E3%82%A3%E3%82%A8" n1="%45%6C%79%73%69%75%6D" n2="%77%72%77%72%77%72%77%72" n3="%E3%81%BF%E3%81%BF%E3%81%9A" dan="17,16,16,16" rate="2177.93,2093.42,2176.04,2155.75" sx="M,F,M,M"/><TAIKYOKU oya="0"/><INIT seed="0,0,0,2,5,58" ten="250,250,250,250" oya="0" hai0="104,27,39,108,107,54,100,110,130,68,72,91,114" hai1="45,40,119,11,73,14,97,30,35,98,102,88,22" hai2="135,34,121,37,62,9,78,123,63,48,92,3,59" hai3="12,60,112,113,25,74,76,17,131,10,84,111,124"/><T43/><D114/><U87/><E119/><V52/><F34/><W42/><G74/><T126/><D72/><U134/><E73/><V127/><F37/><W77/><G111/><N who="0" m="42539" /><D130/><U65/><E35/><V70/><F135/><W118/><G118/><T21/><D126/><U53/><E53/><V50/><F127/><W96/><G131/><T67/><D100/><U8/><E65/><V116/><F78/><W13/><G124/><T5/><D5/><U132/><E132/><V15/><F3/><W57/><G42/><T101/><D101/><U66/><E66/><V94/><F116/><W133/><G133/><T28/><D54/><U81/><E134/><V89/><F94/><W6/><G96/><T95/><D39/><U82/><E82/><V1/><F1/><W129/><G129/><T80/><D80/><U79/><E79/><V120/><F70/><W32/><G112/><T24/><D24/><U55/><E55/><V4/><REACH who="2" step="1"/><F48/><REACH who="2" ten="250,250,240,250" step="2"/><W16/><G113/><T75/><D75/><U103/><E103/><V36/><F36/><W109/><G109/><T7/><D107/><U128/><E128/><V93/><F93/><W26/><G32/><T46/><D104/><U85/><E102/><V83/><F83/><N who="3" m="47207" /><G77/><T125/><D125/><U41/><E81/><V99/><AGARI ba="0,1" hai="4,9,15,50,52,59,62,63,89,92,99,120,121,123" machi="99" ten="30,8000,1" yaku="1,1,0,1,52,2,54,1,53,0" doraHai="58" doraHaiUra="64" who="2" fromWho="2" sc="250,-40,250,-20,240,90,250,-20" /><INIT seed="1,0,0,5,3,91" ten="210,230,330,230" oya="1" hai0="65,78,26,61,82,46,101,10,105,134,122,90,121" hai1="94,77,62,135,30,66,35,89,83,128,87,34,96" hai2="16,14,33,126,38,8,59,7,47,71,1,125,31" hai3="5,40,76,3,108,53,57,73,93,120,129,110,6"/><U98/><E128/><V113/><F71/><W112/><G120/><N who="0" m="46187" /><D46/><U27/><E135/><V44/><F113/><W92/><G112/><T15/><D26/><U81/><E81/><V17/><F17/><W117/><G40/><T20/><D20/><U102/><E35/><V50/><F38/><W43/><G43/><T79/><D134/><U28/><E28/><V80/><F80/><N who="3" m="45071" /><G129/><T88/><D101/><U70/><REACH who="1" step="1"/><E98/><REACH who="1" ten="210,220,330,230" step="2"/><V133/><F133/><W74/><G117/><T123/><D123/><U58/><E58/><V124/><F31/><W64/><G74/><T60/><D82/><U67/><E67/><V19/><F33/><W0/><G64/><T23/><D65/><U130/><E130/><V52/><F59/><W107/><G107/><T68/><D105/><U21/><E21/><V55/><F1/><W99/><G99/><T127/><D23/><U48/><E48/><AGARI ba="0,1" hai="7,8,14,16,19,44,47,48,50,52,55,124,125,126" machi="48" ten="40,8000,1" yaku="9,1,18,1,54,2" doraHai="91" who="2" fromWho="1" sc="210,0,220,-80,330,90,230,0" /><INIT seed="2,0,0,4,0,60" ten="210,140,420,230" oya="2" hai0="69,80,39,32,71,29,50,107,135,109,104,53,90" hai1="82,49,41,78,123,22,24,122,0,64,102,28,52" hai2="114,44,100,66,36,5,63,8,134,124,14,38,112" hai3="3,55,7,128,59,117,65,73,15,72,105,133,131"/><V129/><F129/><N who="3" m="49739" /><G117/><T27/><D39/><U19/><E0/><V34/><F34/><W103/><G133/><T94/><D135/><U132/><E132/><V99/><F134/><W25/><G3/><T10/><D109/><U110/><E110/><V54/><F124/><W126/><G126/><T67/><D80/><U79/><E41/><V58/><F54/><W17/><G7/><T115/><D10/><U57/><E102/><V11/><F11/><N who="3" m="6399" /><G25/><T95/><D95/><U111/><E111/><V42/><REACH who="2" step="1"/><F38/><REACH who="2" ten="210,140,410,230" step="2"/><W68/><G55/><T101/><D53/><U93/><E93/><AGARI ba="0,1" hai="5,8,14,36,42,44,58,63,66,93,99,100,112,114" machi="93" ten="30,12000,1" yaku="1,1,2,1,7,1,52,1,53,1" doraHai="60" doraHaiUra="61" who="2" fromWho="1" sc="210,0,140,-120,410,130,230,0" /><INIT seed="2,1,0,5,5,127" ten="210,20,540,230" oya="2" hai0="93,82,51,7,49,89,38,55,102,22,0,44,71" hai1="29,112,98,34,97,129,133,88,115,91,4,39,21" hai2="2,54,1,94,10,37,32,100,45,123,114,19,104" hai3="25,23,42,85,35,11,69,106,33,12,116,58,41"/><V50/><F114/><W52/><G69/><T73/><D71/><U84/><E39/><V18/><F123/><W13/><G106/><T107/><D38/><U59/><E34/><V66/><F32/><W110/><G110/><T87/><D0/><U14/><E133/><V24/><F104/><W9/><G116/><T74/><D7/><U61/><E115/><V64/><F37/><W65/><G65/><T75/><D22/><U118/><E112/><V30/><F1/><W124/><G124/><T125/><D125/><U60/><E118/><V128/><F2/><W135/><G135/><T101/><D107/><U117/><E117/><V86/><F66/><W6/><G35/><T63/><D63/><U5/><E29/><V57/><F10/><W96/><G96/><T108/><D108/><U27/><E27/><V80/><BYE who="1" /><F94/><W26/><G85/><T56/><REACH who="0" step="1"/><D82/><REACH who="0" ten="200,20,540,230" step="2"/><U20/><E20/><V109/><F80/><W48/><G33/><T68/><D68/><U111/><E111/><V83/><F109/><W8/><G8/><T81/><D81/><U95/><E95/><V79/><F83/><W31/><G26/><T103/><D103/><U62/><E62/><V16/><F100/><W78/><G78/><T76/><D76/><U126/><E126/><V3/><F3/><W92/><G92/><T53/><AGARI ba="1,1" hai="44,49,51,53,55,56,73,74,75,87,89,93,101,102" machi="53" ten="40,2700,0" yaku="1,1,0,1,53,0" doraHai="127" doraHaiUra="67" who="0" fromWho="0" sc="200,40,20,-8,540,-14,230,-8" /><INIT seed="3,0,0,2,0,64" ten="240,12,526,222" oya="3" hai0="105,2,44,125,61,84,4,110,56,37,31,101,14" hai1="13,103,11,130,75,62,116,67,24,34,117,72,88" hai2="83,113,48,54,66,9,122,129,94,12,118,52,8" hai3="29,91,35,38,28,0,87,73,106,79,104,86,96"/><W120/><G120/><T42/><D2/><U36/><E36/><V53/><F113/><W3/><G38/><T20/><D105/><U135/><E135/><V132/><F118/><W119/><G119/><T126/><D101/><U63/><E63/><V77/><F132/><W115/><G115/><T5/><D84/><U17/><E17/><V99/><F66/><W41/><G41/><T114/><D114/><U25/><E25/><V40/><F129/><W93/><G87/><T27/><D110/><U107/><E107/><V81/><F122/><W30/><G35/><T89/><D89/><U71/><E71/><V102/><F8/><W85/><G85/><T76/><D76/><U70/><E70/><V69/><F69/><W46/><G46/><T123/><D123/><U134/><E134/><V22/><F22/><W51/><G51/><T21/><D21/><U108/><E108/><V55/><F40/><W90/><G106/><T39/><D14/><U65/><E65/><V59/><F77/><W16/><G16/><AGARI ba="0,0" hai="9,12,16,48,52,53,54,55,59,81,83,94,99,102" machi="16" ten="40,5200,0" yaku="8,1,54,2" doraHai="64" who="2" fromWho="3" sc="240,0,12,0,526,52,222,-52" owari="240,4.0,12,-48.8,578,67.8,170,-23.0" /></mjloggm>