<mjloggm ver="2.3"><GO type="225" lobby="0"/><UN n0="%30%2E%31%32%30" n1="%E3%83%A9%E3%82%A4%E3%83%B3%E3%81%AE%E8%99%8E" n2="%E5%8D%A0%E3%81%84%E5%B8%AB%E8%A3%8F%E3%81%AA%E3%81%84%E3%81%97" n3="%E9%B3%B3%E6%9D%B1%E3%81%AE%E3%81%86%E3%81%95%E3%81%8E%E3%81%95%E3%82%93" dan="16,16,17,17" rate="2112.67,2127.30,2179.67,2202.09" sx="M,M,M,M"/><TAIKYOKU oya="0"/><INIT seed="0,0,0,0,5,94" ten="250,250,250,250" oya="0" hai0="75,126,88,54,131,50,120,132,130,73,5,71,7" hai1="10,52,9,129,111,87,104,49,109,44,68,89,39" hai2="90,24,14,121,124,102,42,133,37,66,117,74,93" hai3="43,95,78,21,45,70,29,30,28,134,59,123,79"/><T53/><D71/><U116/><E116/><V91/><F121/><W26/><G134/><T69/><D69/><U80/><E68/><V128/><F133/><W83/><G70/><T31/><D31/><U27/><E129/><N who="0" m="49161" /><D132/><U2/><E2/><V47/><F128/><W97/><G123/><T100/><D100/><U135/><E135/><V101/><F124/><W96/><G59/><N who="0" m="33207" /><D126/><U81/><E104/><V46/><F117/><W51/><G79/><T20/><D54/><U18/><E39/><V105/><F74/><N who="0" m="28170" /><D20/><N who="1" m="13719" /><E81/><V6/><F105/><W114/><G114/><T34/><D34/><U72/><E72/><V86/><F66/><W15/><G95/><T77/><D77/><U60/><E60/><V82/><F46/><W122/><G122/><T48/><D48/><U67/><E67/><V1/><F102/><W35/><G35/><T38/><D38/><U106/><E106/><V127/><F101/><W110/><G110/><AGARI ba="0,0" hai="9,10,44,49,52,80,87,89,109,110,111" m="13719" machi="110" ten="30,2000,0" yaku="14,1,54,1" doraHai="94" who="1" fromWho="3" sc="250,0,250,20,250,0,250,-20" /><INIT seed="1,0,0,4,1,4" ten="250,270,250,230" oya="1" hai0="37,28,118,52,29,45,82,134,86,130,44,76,47" hai1="81,98,11,107,56,48,7,121,104,34,22,69,24" hai2="96,124,5,87,117,15,63,71,84,116,20,106,111" hai3="125,3,16,68,120,74,72,31,40,110,23,43,30"/><U90/><E34/><V27/><F111/><W129/><G120/><T105/><D118/><U73/><E69/><V58/><F71/><W122/><G122/><T67/><D37/><U83/><E121/><V60/><F124/><W99/><G68/><T13/><D105/><U50/><E104/><V135/><F135/><W77/><G110/><T115/><D134/><U19/><E73/><V0/><F0/><W114/><G114/><T75/><D115/><U62/><E107/><V92/><F106/><W70/><G70/><T95/><D67/><U85/><E83/><V57/><F116/><W36/><G3/><T12/><D130/><U128/><E98/><V32/><F32/><W51/><G36/><T103/><D75/><U101/><E101/><V9/><F117/><W33/><G33/><T108/><D108/><U38/><E38/><V21/><F58/><W66/><G74/><T46/><D103/><U53/><REACH who="1" step="1"/><E128/><REACH who="1" ten="250,260,250,230" step="2"/><V93/><F93/><W14/><G72/><T97/><D97/><U8/><E8/><V25/><F92/><W100/><G129/><T79/><D95/><U94/><E94/><V78/><F96/><W127/><G127/><T91/><D79/><U1/><AGARI ba="0,1" hai="1,7,11,19,22,24,48,50,53,56,62,81,85,90" machi="1" ten="20,7800,0" yaku="1,1,0,1,7,1,52,1,53,0" doraHai="4" doraHaiUra="26" who="1" fromWho="1" sc="250,-26,260,88,250,-26,230,-26" /><INIT seed="1,1,0,1,4,92" ten="224,348,224,204" oya="1" hai0="61,102,42,83,73,99,21,107,0,33,29,1,101" hai1="18,134,98,71,114,69,65,80,93,121,96,35,68" hai2="16,54,63,103,97,25,15,132,125,131,57,122,4" hai3="133,39,20,129,113,119,60,13,110,108,36,85,72"/><U43/><E114/><V79/><F131/><W126/><G72/><T2/><D21/><U117/><E117/><V111/><F111/><N who="3" m="42539" /><G113/><T22/><D22/><U38/><E121/><V34/><F132/><W82/><G133/><T94/><D94/><U32/><E134/><V104/><F125/><W62/><G126/><T14/><D14/><U48/><E38/><N who="3" m="14378" /><G129/><T67/><D102/><U40/><E65/><V88/><F122/><W128/><G119/><T64/><D42/><U105/><E80/><V37/><F79/><N who="3" m="46303" /><G128/><T49/><D49/><U11/><E48/><V45/><F4/><W120/><G120/><T41/><D41/><U59/><E43/><V118/><F118/><W109/><N who="3" m="42547" /><W130/><DORA hai="53" /><G130/><T81/><D73/><U24/><E40/><V30/><F37/><W90/><G90/><T70/><D67/><U95/><E105/><V26/><F88/><W84/><G84/><T77/><D77/><U135/><E135/><V91/><F91/><W9/><G20/><T66/><D66/><U55/><E32/><V27/><F45/><W44/><G44/><T106/><D106/><U46/><E35/><V28/><REACH who="2" step="1"/><F34/><REACH who="2" ten="224,348,214,204" step="2"/><W100/><G100/><T10/><D10/><AGARI ba="1,1" hai="10,15,16,25,26,27,28,30,54,57,63,97,103,104" machi="10" ten="40,8000,1" yaku="1,1,2,1,52,2,54,1,53,0" doraHai="92,53" doraHaiUra="127,115" who="2" fromWho="0" sc="224,-83,348,0,214,93,204,0" /><INIT seed="2,0,0,3,5,80" ten="141,348,307,204" oya="2" hai0="115,23,83,120,35,123,118,74,128,28,64,79,47" hai1="42,132,68,111,57,11,119,116,12,103,24,69,114" hai2="113,82,133,6,7,52,17,107,10,131,104,135,110" hai3="5,134,126,92,22,130,56,48,49,89,54,58,29"/><V88/><F113/><W55/><G130/><T61/><D128/><U44/><E114/><V122/><F122/><W105/><G134/><N who="2" m="51209" /><F131/><W36/><G126/><T40/><D115/><U77/><E132/><V112/><F112/><W51/><G105/><N who="2" m="40521" /><F110/><W100/><G36/><T15/><D15/><U93/><E111/><V53/><F17/><W106/><G5/><N who="2" m="1545" /><F10/><W125/><G125/><T37/><D118/><U108/><E11/><V62/><F62/><W50/><G106/><T38/><D38/><U2/><E108/><V32/><F32/><W41/><G100/><T8/><D23/><U26/><E103/><V16/><F16/><W81/><G41/><T124/><D8/><U99/><E42/><V102/><F102/><W71/><G71/><T72/><D124/><U90/><E68/><V127/><F127/><W66/><G66/><T45/><D72/><U65/><E65/><V91/><F82/><W121/><G81/><T63/><D63/><U67/><E67/><V60/><F60/><W19/><G121/><T98/><D45/><U21/><E44/><V25/><F25/><N who="3" m="16567" /><G19/><T78/><D120/><U95/><E69/><V46/><F46/><W101/><G101/><T20/><D123/><U30/><E116/><V94/><F91/><W1/><G1/><T59/><D35/><U13/><E90/><V31/><F31/><W85/><AGARI ba="0,0" hai="48,49,50,51,54,55,56,58,85,89,92" m="16567" machi="85" ten="30,2000,0" yaku="8,1,52,1" doraHai="80" who="3" fromWho="3" sc="141,-5,348,-5,307,-10,204,20" /><INIT seed="3,0,0,5,4,19" ten="136,343,297,224" oya="3" hai0="46,116,87,70,34,48,47,39,89,65,7,93,131" hai1="51,22,117,52,99,10,5,64,12,127,25,9,91" hai2="59,124,23,14,11,133,109,130,29,82,13,21,62" hai3="92,125,55,135,134,72,32,3,33,18,88,63,102"/><W17/><G3/><T8/><D131/><U83/><E127/><V103/><F130/><W100/><G72/><T6/><D116/><U129/><E129/><V122/><F124/><W31/><G125/><T40/><D34/><U114/><E114/><V67/><F109/><W27/><G32/><T73/><D73/><U104/><E117/><V95/><F133/><N who="3" m="50699" /><G17/><T120/><D120/><U56/><E64/><V121/><F82/><W90/><G18/><T98/><D8/><N who="1" m="4111" /><E104/><V126/><F126/><W57/><G90/><T76/><D76/><U77/><E77/><V36/><F36/><W43/><G43/><T71/><D71/><U113/><E113/><V118/><F118/><W16/><G16/><T108/><D108/><U0/><E0/><V79/><F79/><W69/><G69/><T30/><D30/><N who="1" m="17719" /><E83/><V26/><F21/><W45/><G45/><T128/><D128/><U96/><E91/><V4/><F13/><W115/><G115/><T42/><D70/><U2/><E2/><V28/><F29/><W75/><G75/><T110/><D110/><U81/><E81/><V66/><F66/><W78/><G78/><T111/><D111/><U97/><AGARI ba="0,0" hai="9,10,51,52,56,96,97,99" m="17719,4111" machi="97" ten="30,4000,0" yaku="8,1,52,1,54,1" doraHai="19" who="1" fromWho="1" sc="136,-10,343,40,297,-10,224,-20" owari="126,-37.4,383,48.3,287,8.7,204,-19.6" /></mjloggm>