<mjloggm ver="2.3"><GO type="225" lobby="0"/><UN n0="%72%69%6F%75%63%68%61%6E" n1="%E3%81%99%E3%81%84%E3%81%BE%E3%81%9B%E3%83%BC%E3%82%93" n2="%E3%82%BC%E3%83%AB%E3%83%80%E3%81%AE%E4%BC%9D%E8%AA%AC" n3="%E6%9D%B1%E9%A2%A8%E3%81%AE%E3%81%8D%E3%82%83%E3%81%B7%E3%81%95%E3%82%93" dan="16,18,17,17" rate="2227.88,2203.49,2219.03,2194.63" sx="M,M,M,M"/><TAIKYOKU oya="0"/><INIT seed="0,0,0,3,4,46" ten="250,250,250,250" oya="0" hai0="34,22,13,112,120,50,9,93,132,60,21,66,49" hai1="125,110,121,61,0,69,28,52,113,3,99,89,8" hai2="119,36,118,18,109,15,24,74,51,95,38,62,90" hai3="108,96,2,29,32,97,37,1,58,47,55,122,73"/><T134/><D112/><U71/><E121/><V98/><F109/><W77/><G108/><T39/><D120/><U128/><E110/><V19/><F74/><W131/><G122/><T25/><D39/><U14/><E113/><V11/><F62/><W81/><G131/><T85/><D34/><U100/><E28/><V102/><F102/><W115/><G115/><T133/><D93/><U72/><E72/><V10/><F51/><N who="0" m="19466" /><D85/><U40/><E40/><V79/><F79/><W5/><G32/><T124/><D124/><U53/><E89/><V65/><F65/><W116/><G116/><N who="2" m="44585" /><F11/><N who="3" m="2479" /><G2/><T123/><D123/><U83/><E0/><V42/><F42/><N who="3" m="22991" /><G29/><T4/><D25/><U80/><E3/><V86/><F86/><W82/><G82/><T12/><D13/><U105/><E125/><V44/><F44/><W87/><G87/><T35/><D35/><U41/><E41/><V129/><F129/><W84/><G84/><T56/><AGARI ba="0,0" hai="4,9,12,21,22,56,60,66,132,133,134" m="19466" machi="56" ten="40,12000,1" yaku="20,1,52,3" doraHai="46" who="0" fromWho="0" sc="250,120,250,-40,250,-40,250,-40" /><INIT seed="0,1,0,5,3,22" ten="370,210,210,210" oya="0" hai0="109,122,50,90,47,33,27,103,77,45,119,63,123" hai1="54,135,7,129,64,106,40,89,11,100,2,51,19" hai2="57,96,83,131,5,126,117,97,68,91,38,114,13" hai3="14,6,65,127,102,29,71,120,125,60,76,108,55"/><T95/><D119/><U66/><E129/><V111/><F68/><W124/><G120/><T17/><D109/><U88/><E135/><V121/><F38/><W74/><G108/><T25/><D103/><U43/><E106/><V70/><F70/><W75/><G102/><T134/><D134/><U93/><E100/><V48/><F111/><W42/><G42/><N who="1" m="15914" /><E7/><V46/><F114/><W98/><G98/><T67/><D77/><U85/><E2/><V52/><F121/><W31/><G55/><T105/><D105/><U59/><E89/><V99/><F131/><W87/><G87/><T28/><D17/><U32/><E32/><V9/><F126/><W10/><REACH who="3" step="1"/><G76/><REACH who="3" ten="370,210,210,200" step="2"/><T107/><D107/><U24/><E11/><V116/><REACH who="2" step="1"/><F46/><REACH who="2" ten="370,210,200,200" step="2"/><W56/><G56/><N who="0" m="37351" /><D45/><U80/><E59/><V4/><F4/><W39/><G39/><T69/><D47/><U104/><E104/><V132/><F132/><W34/><G34/><T8/><D33/><U36/><E36/><V61/><F61/><W113/><G113/><T53/><D69/><U133/><E133/><V44/><F44/><W58/><G58/><T115/><D123/><U0/><E51/><V12/><F12/><W128/><G128/><T15/><D122/><U20/><E0/><V79/><F79/><W112/><G112/><T49/><D115/><U101/><E54/><V81/><F81/><W16/><G16/><N who="0" m="8295" /><D53/><U94/><E80/><V78/><F78/><W18/><G18/><T82/><D82/><U35/><E35/><V30/><F30/><AGARI ba="1,2" hai="6,10,14,29,30,31,60,65,71,74,75,124,125,127" machi="30" ten="40,8000,1" yaku="1,1,18,1,53,3" doraHai="22" doraHaiUra="26" who="3" fromWho="2" sc="370,0,210,0,200,-83,200,103" /><INIT seed="1,0,0,3,2,131" ten="370,210,117,303" oya="1" hai0="53,44,18,75,4,25,21,6,14,10,41,100,105" hai1="123,17,92,97,84,102,34,127,82,94,88,40,22" hai2="62,43,66,57,129,91,112,0,58,13,87,35,16" hai3="93,39,65,55,108,74,78,29,52,106,37,134,63"/><U124/><E34/><V60/><F129/><W104/><G93/><T46/><D75/><U2/><E2/><V8/><F112/><W85/><G29/><T11/><D53/><U116/><E116/><V38/><F35/><W81/><G108/><T118/><D118/><U36/><E123/><V73/><F73/><W121/><G74/><T90/><D90/><U77/><E40/><V89/><F0/><W133/><G121/><T107/><D100/><U19/><E36/><N who="3" m="13898" /><G106/><T26/><D26/><U47/><E47/><V109/><F109/><W7/><G7/><T9/><D46/><U64/><E64/><V117/><F117/><W42/><G42/><T31/><D4/><U45/><E45/><V113/><F113/><W128/><G104/><T125/><D125/><N who="1" m="48203" /><E22/><V83/><F38/><W115/><G115/><T28/><D28/><U126/><N who="1" m="48211" /><U114/><DORA hai="24" /><E114/><V56/><F43/><W119/><G119/><T32/><REACH who="0" step="1"/><D6/><REACH who="0" ten="360,210,117,303" step="2"/><U110/><E110/><V122/><F122/><W130/><G130/><T76/><D76/><U1/><E1/><V98/><REACH who="2" step="1"/><F66/><REACH who="2" ten="360,210,107,303" step="2"/><W69/><G128/><T71/><D71/><U101/><E101/><V72/><F72/><AGARI ba="0,2" hai="17,19,72,77,82,84,88,92,94,97,102" m="48211" machi="72" ten="40,3900,0" yaku="18,1,54,1" doraHai="131,24" who="1" fromWho="2" sc="360,0,210,59,107,-39,303,0" /><INIT seed="1,1,0,4,2,116" ten="360,269,68,303" oya="1" hai0="56,10,36,22,132,31,18,67,2,69,85,120,44" hai1="125,103,101,62,58,106,111,37,6,81,42,1,38" hai2="72,48,110,9,20,49,122,71,131,97,54,104,126" hai3="73,50,60,134,29,17,93,68,3,57,51,87,77"/><U76/><E125/><V19/><F72/><W108/><G134/><T100/><D132/><U25/><E111/><V84/><F71/><W117/><G117/><T63/><D100/><U66/><E25/><V53/><F126/><W94/><G3/><T96/><D96/><U89/><E89/><V33/><F33/><W64/><G73/><T83/><D120/><U28/><E28/><V133/><F133/><W121/><G121/><T41/><D31/><U47/><E38/><V102/><F110/><W123/><G123/><T92/><D92/><N who="3" m="35433" /><G29/><T135/><D135/><U113/><E113/><V65/><F122/><W78/><G68/><T107/><D107/><U109/><E109/><V5/><F65/><W12/><G108/><T99/><D99/><U61/><E61/><V112/><F84/><W35/><G35/><T128/><D128/><U90/><E90/><V115/><F131/><W8/><G78/><T11/><D69/><U39/><E39/><V74/><F74/><W95/><N who="3" m="35441" /><W105/><DORA hai="127" /><G105/><T30/><D2/><U13/><E1/><N who="2" m="175" /><F49/><W23/><G8/><T16/><D30/><U46/><E106/><V80/><F80/><AGARI ba="1,0" hai="12,17,23,50,51,57,60,64,77,80,87" m="35441" machi="80" ten="30,1000,0" yaku="8,1" doraHai="116,127" who="3" fromWho="2" sc="360,0,269,0,68,-13,303,13" /><INIT seed="2,0,0,1,5,116" ten="360,269,55,316" oya="2" hai0="133,114,64,52,104,109,8,28,86,120,84,0,39" hai1="80,130,92,127,135,45,48,29,83,50,121,4,56" hai2="129,111,61,77,115,40,37,107,11,90,69,87,20" hai3="60,110,38,13,26,49,71,108,46,81,117,78,75"/><V94/><F115/><W18/><G117/><T73/><D120/><U85/><E130/><V66/><F129/><W17/><G38/><T96/><D114/><U95/><E135/><V3/><F111/><N who="3" m="42539" /><G26/><T22/><D109/><U76/><E127/><V1/><F107/><W15/><G60/><T106/><D73/><U24/><E4/><V16/><F11/><W113/><G71/><T41/><D133/><U128/><E121/><V132/><F132/><W19/><G113/><T97/><D64/><U82/><E128/><V91/><F77/><W6/><G6/><T35/><D35/><U7/><E7/><V119/><F119/><W100/><G100/><T32/><D32/><U10/><E10/><V43/><F90/><W59/><G59/><T5/><D106/><U25/><E56/><V105/><F105/><W131/><G131/><T21/><D104/><U33/><E24/><V57/><F69/><W103/><G103/><T79/><D28/><U12/><E12/><V53/><F66/><W23/><G23/><T98/><D79/><U63/><E63/><V51/><F61/><W27/><G27/><T67/><D67/><U34/><E34/><V72/><F72/><W30/><G30/><T123/><D123/><U99/><E50/><V89/><F89/><W68/><G68/><T47/><D21/><U31/><E31/><V112/><F112/><W54/><AGARI ba="0,0" hai="13,15,17,18,19,46,49,54,75,78,81" m="42539" machi="54" ten="30,1100,0" yaku="14,1" doraHai="116" who="3" fromWho="3" sc="360,-3,269,-3,55,-5,316,11" /><INIT seed="3,0,0,0,3,62" ten="357,266,50,327" oya="3" hai0="46,107,8,113,123,69,115,44,58,118,112,109,99" hai1="83,45,103,13,15,124,57,21,122,52,5,127,2" hai2="111,88,70,53,126,64,95,86,91,119,49,23,101" hai3="30,4,60,97,31,38,108,48,50,39,6,26,35"/><W102/><G108/><T54/><D118/><U16/><E122/><V90/><F111/><W34/><G60/><T10/><D123/><U71/><E71/><V41/><F119/><W77/><G77/><T61/><D109/><U33/><E33/><V131/><F126/><N who="1" m="48169" /><E103/><V9/><F131/><W63/><G63/><T40/><D69/><U67/><E2/><V100/><F41/><W75/><G75/><T28/><D28/><U12/><E83/><V73/><F73/><W7/><G97/><T59/><D59/><U105/><E105/><V74/><F74/><W1/><G102/><N who="0" m="62943" /><D46/><U98/><E98/><V134/><F134/><W0/><G6/><T72/><D72/><U55/><E45/><V11/><F70/><W106/><G26/><T89/><D89/><U20/><E20/><V17/><F100/><W68/><G68/><T130/><D130/><U25/><E5/><V125/><F125/><W129/><G106/><T82/><D82/><U51/><E55/><V37/><F101/><W110/><G129/><T36/><AGARI ba="0,0" hai="8,10,36,40,44,54,58,61,112,113,115" m="62943" machi="36" ten="30,1100,0" yaku="11,1" doraHai="62" who="0" fromWho="0" sc="357,11,266,-3,50,-3,327,-5" owari="368,46.8,263,-13.7,47,-45.3,322,12.2" /></mjloggm>