<mjloggm ver="2.3"><GO type="225" lobby="0"/><UN n0="%6D%75%75%73%61%6E%6D%75" n1="%E6%B4%BE%E9%81%A3%E3%81%AE%E3%82%B8%E3%83%A3%E3%83%83%E3%82%AF" n2="%E7%99%BD%E6%97%A5%E9%9B%AA%E8%8F%9C" n3="%E3%81%BF%E3%81%BF%E3%81%9A" dan="16,17,17,17" rate="2111.65,2200.59,2235.42,2286.13" sx="F,M,M,M"/><TAIKYOKU oya="0"/><INIT seed="0,0,0,3,4,70" ten="250,250,250,250" oya="0" hai0="111,61,119,112,66,37,83,67,28,29,32,80,51" hai1="103,106,23,84,57,92,122,110,15,86,73,127,11" hai2="41,100,31,105,49,69,8,96,39,107,104,124,42" hai3="64,19,26,59,47,13,52,72,81,82,99,126,35"/><T114/><D119/><U24/><E122/><V36/><F69/><W18/><G126/><T40/><D51/><U30/><E73/><V0/><F124/><W79/><G64/><T74/><D32/><U45/><E110/><V53/><F31/><W101/><G47/><T68/><D66/><U55/><E106/><V48/><F48/><W123/><G123/><T21/><D111/><U85/><E127/><V89/><F89/><W116/><G116/><T6/><D6/><U129/><E129/><V117/><F117/><W125/><G125/><T58/><D68/><U93/><E103/><V97/><F8/><W134/><G134/><T54/><D67/><U12/><E45/><V46/><F0/><W56/><G82/><T90/><D83/><U94/><REACH who="1" step="1"/><E11/><REACH who="1" ten="250,240,250,250" step="2"/><V7/><F107/><W38/><G101/><T10/><D10/><U3/><E3/><V16/><F105/><W128/><G72/><T4/><D74/><U22/><E22/><V91/><F104/><W135/><G128/><T88/><D21/><U98/><E98/><V34/><F97/><W87/><G99/><T43/><D112/><U33/><E33/><V132/><F34/><W113/><G35/><T115/><D114/><U65/><E65/><V62/><F100/><W109/><G113/><T17/><D115/><U108/><E108/><V50/><F96/><W130/><G109/><T133/><D58/><U60/><AGARI ba="0,1" hai="12,15,23,24,30,55,57,60,84,85,86,92,93,94" machi="60" ten="30,4000,0" yaku="1,1,0,1,8,1,53,0" doraHai="70" doraHaiUra="5" who="1" fromWho="1" sc="250,-20,240,50,250,-10,250,-10" /><INIT seed="1,0,0,5,4,65" ten="230,290,240,240" oya="1" hai0="41,43,115,55,82,105,18,25,101,46,52,22,29" hai1="94,21,108,57,117,66,31,53,54,9,125,0,86" hai2="19,134,32,123,107,42,70,72,133,35,64,34,56" hai3="103,116,8,30,121,87,59,36,24,2,80,51,122"/><U76/><E117/><V81/><F123/><W110/><G36/><T97/><D115/><U90/><E125/><V50/><F107/><W99/><G116/><T128/><D128/><U100/><E108/><V104/><F104/><W69/><G110/><T112/><D112/><U39/><E39/><V93/><F93/><W111/><G111/><T120/><D120/><U106/><E76/><N who="2" m="44167" /><F19/><W130/><G69/><T132/><D132/><N who="2" m="50794" /><F70/><W114/><G114/><T109/><D109/><U89/><E106/><V83/><F83/><W60/><G130/><T44/><D82/><U26/><E100/><V58/><F64/><W49/><G122/><T73/><D73/><U20/><E20/><V47/><AGARI ba="0,0" hai="32,34,35,42,47,50,56,58" m="50794,44167" machi="47" ten="40,1500,0" yaku="20,1" doraHai="65" who="2" fromWho="2" sc="230,-4,290,-7,240,15,240,-4" /><INIT seed="2,0,0,4,3,100" ten="226,283,255,236" oya="2" hai0="93,54,29,60,5,44,19,12,114,50,39,71,33" hai1="61,49,102,0,107,125,69,96,116,13,73,118,28" hai2="94,53,91,127,108,48,11,85,2,68,111,62,131" hai3="31,80,106,84,7,66,130,10,133,6,57,75,37"/><V76/><F127/><W42/><G130/><T16/><D114/><U82/><E13/><V98/><F131/><W90/><G133/><T20/><D39/><U22/><E49/><V121/><F121/><W67/><G31/><T88/><D33/><U110/><E110/><N who="2" m="42027" /><F68/><W63/><G106/><T87/><D29/><U112/><E112/><V113/><F62/><W89/><G75/><T51/><D51/><U18/><E125/><V3/><F113/><W120/><G120/><T92/><D92/><U126/><E126/><V119/><F119/><W8/><G37/><T14/><D5/><N who="3" m="1545" /><G42/><T43/><D71/><U58/><E69/><V83/><F11/><N who="3" m="4139" /><G90/><T21/><D60/><U59/><E61/><V40/><F40/><AGARI ba="0,0" hai="12,14,16,19,20,21,40,43,44,50,54,87,88,93" machi="40" ten="40,8000,1" yaku="9,1,8,1,54,2" doraHai="100" who="0" fromWho="2" sc="226,80,283,0,255,-80,236,0" /><INIT seed="3,0,0,0,2,32" ten="306,283,175,236" oya="3" hai0="52,131,20,28,22,112,54,132,130,108,64,133,81" hai1="55,45,110,53,124,8,12,104,14,128,33,84,1" hai2="99,98,24,106,18,59,56,117,44,5,77,115,119" hai3="76,109,68,120,66,70,61,36,43,72,10,103,121"/><W49/><G109/><T123/><D123/><U97/><E33/><V129/><F115/><W4/><G49/><T127/><D108/><U41/><E110/><V134/><F134/><N who="0" m="51818" /><D112/><U31/><E31/><V51/><F129/><N who="0" m="49162" /><D127/><U23/><E124/><V29/><F5/><W0/><G103/><T75/><D64/><U116/><E116/><V90/><F18/><W2/><G68/><T58/><D28/><U114/><E128/><V88/><F77/><W40/><G40/><T126/><D126/><U11/><E114/><V101/><F117/><W74/><G0/><T113/><D113/><U35/><E84/><V65/><F119/><W91/><G91/><T79/><D54/><U118/><E35/><V89/><F65/><W62/><G62/><AGARI ba="0,0" hai="20,22,52,58,62,75,79,81" m="49162,51818" machi="62" ten="30,3900,0" yaku="20,1,19,1,54,1" doraHai="32" who="0" fromWho="3" sc="306,39,283,0,175,0,236,-39" owari="345,44.5,283,8.3,175,-32.5,197,-20.3" /></mjloggm>