<mjloggm ver="2.3"><GO type="225" lobby="0"/><UN n0="%6D%75%75%6D%75%72%61" n1="%72%69%6F%75%63%68%61%6E" n2="%E5%8C%97%E6%AC%A7%E3%81%AE%E3%82%82%E3%81%93%E3%81%86" n3="%E5%B8%86%E7%AB%8B%E5%A4%8F%E8%A1%A3" dan="17,16,17,16" rate="2154.44,2195.74,2142.86,2089.55" sx="F,M,M,M"/><TAIKYOKU oya="0"/><INIT seed="0,0,0,4,3,27" ten="250,250,250,250" oya="0" hai0="134,115,40,12,113,54,99,13,73,118,105,119,120" hai1="60,7,3,109,57,23,116,77,128,18,88,37,19" hai2="133,43,24,72,33,135,26,127,49,96,41,47,86" hai3="53,130,107,66,123,110,59,9,122,129,67,101,81"/><T15/><D120/><N who="3" m="46121" /><G81/><T29/><D73/><U50/><E109/><V11/><F72/><W36/><G101/><T44/><D105/><U104/><E128/><N who="3" m="49258" /><G107/><T45/><D99/><U112/><E116/><V92/><F127/><W21/><G21/><T76/><D76/><U31/><E37/><V6/><F86/><W55/><G9/><T4/><D4/><U65/><E112/><V79/><F41/><W90/><G90/><T5/><D5/><U58/><E104/><V22/><F79/><W39/><G110/><T56/><D134/><N who="2" m="51210" /><F33/><W25/><G25/><T106/><D106/><U34/><E34/><V51/><F22/><W114/><G114/><T8/><D8/><U95/><E77/><V32/><F32/><W108/><G108/><T131/><D131/><U94/><E7/><V125/><F26/><W35/><G35/><T82/><D82/><U30/><E3/><V80/><F24/><W17/><G17/><N who="1" m="6154" /><E23/><V83/><F6/><W102/><G102/><T124/><D124/><U78/><E78/><V28/><F125/><W2/><G2/><T61/><D115/><U0/><E0/><V132/><F132/><W75/><G75/><T46/><D113/><U68/><E68/><V85/><F11/><W10/><G10/><T121/><D121/><U42/><E95/><V14/><F92/><W20/><G20/><T52/><D118/><U103/><E103/><V100/><F83/><W71/><G71/><T89/><D119/><U111/><E111/><V87/><F100/><W84/><G39/><T97/><D97/><N who="1" m="57543" /><E42/><N who="2" m="24823" /><F80/><W69/><G36/><N who="0" m="21511" /><D89/><U126/><E126/><RYUUKYOKU ba="0,0" sc="250,-10,250,30,250,-10,250,-10" hai1="30,31,50,57,58,60,65" /><INIT seed="1,1,0,5,1,118" ten="240,280,240,240" oya="1" hai0="96,85,106,88,75,131,7,109,15,127,111,54,38" hai1="99,44,110,39,36,61,27,87,8,135,113,22,128" hai2="116,100,13,48,45,77,30,37,112,42,67,103,124" hai3="63,26,90,92,69,35,4,43,76,40,34,121,123"/><U3/><E128/><V5/><F116/><W115/><G115/><T105/><D131/><U53/><E135/><V94/><F124/><W66/><G76/><T82/><D127/><U19/><E113/><V107/><F112/><W84/><G4/><T114/><D114/><U83/><E110/><N who="0" m="41993" /><D38/><U20/><E99/><V51/><F107/><N who="0" m="40970" /><D75/><U55/><E20/><V41/><F37/><W2/><G2/><T68/><D68/><U117/><E117/><V12/><F77/><W89/><G89/><T108/><N who="0" m="42001" /><T65/><DORA hai="93" /><D65/><U25/><E25/><V47/><F67/><W56/><G69/><T134/><D134/><U102/><E102/><V129/><F129/><W98/><G84/><T70/><D70/><U14/><E3/><V78/><F78/><W32/><REACH who="3" step="1"/><G26/><REACH who="3" ten="240,280,240,230" step="2"/><T1/><D1/><U104/><E87/><V132/><F5/><W58/><G58/><T57/><D96/><U133/><E133/><V81/><F132/><W101/><G101/><T80/><D80/><U29/><E83/><V21/><F81/><W126/><G126/><T74/><D74/><U49/><REACH who="1" step="1"/><E104/><REACH who="1" ten="240,270,240,230" step="2"/><V6/><F103/><W119/><G119/><T16/><D82/><U0/><E0/><V28/><F100/><W122/><AGARI ba="1,2" hai="32,34,35,40,43,56,63,66,90,92,98,121,122,123" machi="122" ten="40,12000,2" yaku="1,1,0,1,52,4,53,0" doraHai="118,93" doraHaiUra="46,11" who="3" fromWho="3" sc="240,-31,270,-61,240,-31,230,143" /><INIT seed="2,0,0,1,2,51" ten="209,209,209,373" oya="2" hai0="78,119,89,32,52,3,12,93,112,117,40,15,79" hai1="134,87,129,68,66,110,59,61,54,75,71,122,84" hai2="37,44,7,21,107,39,118,29,11,6,70,53,126" hai3="8,45,85,125,17,108,90,80,131,73,99,14,60"/><V116/><F107/><W111/><G125/><T24/><D112/><U96/><E75/><V34/><F34/><W124/><G124/><T102/><D40/><U86/><E110/><N who="3" m="42026" /><G131/><T46/><D3/><U58/><E129/><V1/><F126/><W0/><G73/><T18/><D102/><U128/><E128/><V65/><F6/><W95/><G60/><T72/><D32/><U115/><E115/><V133/><F133/><W76/><G45/><T36/><D24/><U2/><E2/><AGARI ba="0,0" hai="0,2,8,14,17,76,80,85,90,95,99" m="42026" machi="2" ten="30,1000,0" yaku="14,1" doraHai="51" who="3" fromWho="1" sc="209,0,209,-10,209,0,373,10" /><INIT seed="3,0,0,1,5,8" ten="209,199,209,383" oya="3" hai0="131,1,89,0,70,67,33,34,7,27,23,84,76" hai1="123,108,3,96,129,43,130,79,82,46,78,125,47" hai2="119,2,32,20,58,104,12,109,105,56,61,121,114" hai3="13,36,124,19,21,113,86,15,48,42,26,80,52"/><W115/><G124/><T128/><D76/><N who="1" m="29227" /><E108/><V72/><F119/><W88/><G36/><T29/><D70/><U117/><E123/><V38/><F114/><W64/><G42/><T92/><D67/><U110/><E125/><V51/><F32/><N who="0" m="12394" /><D7/><U85/><E110/><V102/><F2/><W69/><G64/><T134/><D134/><U99/><E3/><V106/><F38/><W25/><G69/><T107/><D107/><U35/><E35/><V39/><F72/><W120/><G120/><T111/><D111/><U135/><E135/><V74/><F74/><W49/><G49/><T98/><D98/><N who="1" m="37419" /><E117/><V31/><F109/><W97/><G115/><T122/><D122/><U60/><E43/><V118/><F121/><W24/><G113/><T62/><D62/><U133/><E133/><V75/><F75/><W9/><G97/><T127/><D127/><U18/><E18/><V126/><F126/><W112/><G112/><T41/><D41/><U28/><E28/><V5/><F118/><W132/><G132/><T77/><D77/><N who="1" m="46287" /><E60/><V103/><F39/><W116/><G116/><T68/><D68/><U95/><E95/><V11/><F61/><W91/><G48/><T83/><D92/><U37/><E37/><V101/><F51/><W6/><G19/><T71/><D71/><U14/><E14/><V100/><F100/><W45/><G15/><T4/><D0/><U87/><E87/><V63/><F63/><W10/><G86/><T53/><D53/><U22/><E22/><V44/><F44/><W40/><G52/><T30/><D30/><U57/><E57/><RYUUKYOKU ba="0,0" sc="209,10,199,10,209,10,383,-30" hai0="1,4,23,27,29,83,84,89,128,131" hai1="46,47,129,130" hai2="5,11,12,20,31,56,58,101,102,103,104,105,106" owari="219,1.9,209,-29.1,219,-18.1,353,45.3" /></mjloggm>