<mjloggm ver="2.3"><GO type="225" lobby="0"/><UN n0="%E3%81%93%E3%81%8F%E3%82%89%E3%82%AB%E3%83%90%E8%94%B5" n1="%33%74%72%65%65" n2="%72%61%6B%33" n3="%E5%AF%82%E5%AF%9E%E3%82%AE%E3%83%8D%E3%82%B9%E3%83%93%E3%83%BC%E3%83%AB" dan="17,17,17,16" rate="2116.25,2117.04,2288.92,2153.19" sx="M,F,M,M"/><TAIKYOKU oya="0"/><INIT seed="0,0,0,5,3,0" ten="250,250,250,250" oya="0" hai0="127,102,4,130,107,121,96,109,86,28,5,39,68" hai1="73,72,114,119,20,131,116,78,87,84,7,18,46" hai2="57,55,6,88,108,62,19,97,24,90,61,79,41" hai3="51,106,123,105,9,85,25,30,95,42,122,101,111"/><T98/><D121/><N who="3" m="46089" /><G111/><T35/><D39/><U29/><E29/><V53/><F108/><W132/><G132/><T115/><D115/><U22/><E46/><V118/><F118/><W50/><G9/><T49/><D109/><U69/><E69/><V47/><F79/><W81/><G95/><T126/><D130/><U56/><E78/><V67/><F6/><N who="0" m="2666" /><D86/><U34/><E7/><V3/><F3/><W92/><G92/><T16/><D96/><U74/><E34/><V82/><F97/><N who="3" m="61615" /><G106/><T38/><D38/><U32/><E131/><V110/><F110/><W23/><G42/><T48/><D68/><U8/><E114/><V135/><F135/><W99/><G99/><T120/><D120/><U100/><E116/><V43/><F43/><W70/><G70/><T13/><D28/><U2/><E119/><V14/><F24/><W133/><G133/><T21/><D35/><U27/><E32/><V58/><F82/><W1/><G1/><T91/><D91/><AGARI ba="0,0" hai="23,25,30,50,51,81,85,91" m="61615,46089" machi="91" ten="30,1000,0" yaku="13,1" doraHai="0" who="3" fromWho="0" sc="250,-10,250,0,250,0,250,10" /><INIT seed="1,0,0,1,1,101" ten="240,250,250,260" oya="1" hai0="117,58,19,64,110,115,105,28,83,24,4,94,35" hai1="62,57,113,18,134,55,98,56,61,50,66,32,46" hai2="131,39,82,78,124,108,107,5,130,89,48,116,21" hai3="126,54,60,92,10,41,36,88,118,87,20,73,40"/><U122/><E113/><V112/><F48/><W76/><G126/><T42/><D115/><U72/><E122/><V1/><F21/><W63/><G118/><T120/><D117/><U102/><E134/><V125/><F39/><W100/><G100/><T15/><D120/><U7/><E72/><V106/><F112/><W65/><G10/><T59/><D110/><U30/><E7/><V17/><F17/><W45/><G40/><T93/><D4/><U26/><E18/><V38/><F38/><W133/><G133/><T12/><D42/><U128/><E128/><N who="2" m="49195" /><F116/><W70/><G20/><T68/><D105/><N who="2" m="39946" /><F108/><W127/><G127/><N who="2" m="48713" /><F89/><W43/><G43/><T91/><D19/><U119/><E119/><V53/><F53/><W33/><G54/><T132/><D132/><U121/><E121/><V79/><F82/><W129/><G129/><T3/><D83/><U29/><E29/><V99/><F99/><W67/><G36/><T9/><D91/><U81/><E81/><V96/><F96/><W111/><G111/><T95/><D9/><AGARI ba="0,0" hai="1,5,9,78,79" m="48713,39946,49195" machi="9" ten="40,8000,1" yaku="19,1,18,1,52,3" doraHai="101" who="2" fromWho="0" sc="240,-80,250,0,250,80,260,0" /><INIT seed="2,0,0,3,2,15" ten="160,250,330,260" oya="2" hai0="25,103,71,133,96,56,14,110,34,87,117,20,1" hai1="39,104,116,98,32,44,89,91,19,99,35,93,66" hai2="41,52,94,75,58,124,65,59,130,108,50,68,129" hai3="61,95,29,121,28,24,49,118,125,6,132,80,40"/><V8/><F75/><W63/><G118/><T11/><D71/><U115/><E116/><V114/><F94/><W111/><G121/><T126/><D117/><U84/><E115/><V46/><F8/><W43/><G111/><T16/><D110/><U113/><E113/><V64/><F108/><W12/><G125/><T0/><D126/><U88/><E66/><N who="2" m="25707" /><F124/><W134/><G80/><T105/><D34/><U109/><E109/><V112/><F68/><W51/><G12/><T57/><D87/><U48/><E39/><N who="2" m="21823" /><F59/><W3/><G95/><T55/><D133/><U107/><E107/><V53/><F53/><W70/><G70/><T74/><D74/><U54/><E35/><V7/><F7/><W82/><G82/><T120/><D120/><U76/><E32/><V102/><F102/><W9/><G9/><T77/><D77/><U62/><E76/><V135/><F135/><W81/><G81/><T119/><D119/><U90/><E104/><V26/><F26/><W69/><G69/><T23/><D23/><U86/><E86/><V73/><F73/><W92/><G92/><T47/><D47/><U2/><E2/><V127/><F127/><W122/><G122/><T21/><D21/><U101/><E101/><V85/><F85/><W4/><G24/><T72/><D72/><U106/><E106/><V83/><F83/><W36/><G3/><T10/><D11/><U18/><E84/><V33/><F33/><W38/><AGARI ba="0,0" hai="4,6,28,29,36,38,40,43,49,51,61,63,132,134" machi="38" ten="25,3200,0" yaku="0,1,22,2" doraHai="15" who="3" fromWho="3" sc="160,-8,250,-8,330,-16,260,32" /><INIT seed="3,0,0,5,5,8" ten="152,242,314,292" oya="3" hai0="51,97,121,55,63,128,98,90,47,132,69,19,66" hai1="106,79,35,18,120,31,54,96,48,107,52,32,102" hai2="45,4,14,20,12,87,80,72,76,3,78,114,15" hai3="118,77,9,74,62,127,60,24,16,26,81,57,30"/><W59/><G118/><T108/><D121/><U46/><E120/><V84/><F114/><W111/><G111/><T40/><D108/><U92/><E79/><V93/><F3/><W71/><G71/><T130/><D90/><U10/><E31/><V73/><F73/><W41/><G41/><T124/><D97/><U17/><E17/><V89/><F72/><W70/><G70/><T25/><D98/><U23/><E10/><V131/><F131/><W2/><G127/><T6/><D6/><U85/><E54/><V82/><F45/><W34/><G26/><T101/><D101/><U68/><E68/><V29/><F4/><W112/><G112/><T129/><D25/><U5/><E5/><V22/><F29/><W133/><G2/><T33/><D33/><U91/><REACH who="1" step="1"/><E107/><REACH who="1" ten="152,232,314,292" step="2"/><V126/><F78/><W100/><G133/><T116/><D19/><U1/><E1/><V123/><F123/><W117/><G117/><T67/><D116/><U42/><E42/><V103/><F76/><W109/><G109/><T94/><D94/><U105/><E105/><V113/><F93/><W13/><REACH who="3" step="1"/><G100/><REACH who="3" ten="152,232,314,282" step="2"/><T28/><D28/><U0/><E0/><V56/><F103/><W61/><AGARI ba="0,2" hai="9,13,16,24,30,34,57,59,60,61,62,74,77,81" machi="61" ten="30,18000,2" yaku="1,1,2,1,0,1,52,1,54,1,53,1" doraHai="8" doraHaiUra="75" who="3" fromWho="3" sc="152,-60,232,-60,314,-60,282,200" owari="92,-40.8,172,-22.8,254,5.4,482,58.2" /></mjloggm>