<mjloggm ver="2.3"><GO type="225" lobby="0"/><UN n0="%4E%49%4A%49%49%52%4F" n1="%E4%B8%89%E5%86%A0%E7%8E%8B%E3%83%BB%E5%B1%B1%E7%94%B0%E5%93%B2%E4%BA%BA" n2="%72%61%6B%33" n3="%E5%84%AA%40%41%42%43" dan="16,17,17,17" rate="2162.18,2187.32,2294.87,2234.26" sx="M,M,M,M"/><TAIKYOKU oya="0"/><INIT seed="0,0,0,1,2,39" ten="250,250,250,250" oya="0" hai0="100,93,8,127,55,23,125,114,47,57,128,120,68" hai1="130,56,74,53,1,98,82,28,17,115,133,103,76" hai2="35,19,131,66,107,59,37,29,91,43,86,123,61" hai3="134,122,18,46,7,40,94,99,69,64,49,6,14"/><T96/><D120/><U15/><E133/><V119/><F123/><W3/><G134/><T118/><D114/><U44/><E130/><V113/><F113/><W5/><G122/><T78/><D118/><U108/><E115/><V106/><F131/><W88/><G3/><T101/><D68/><U25/><E108/><V50/><F119/><W58/><G69/><T54/><D128/><U63/><E1/><V72/><F72/><W10/><G64/><T31/><D78/><U81/><E81/><V105/><F19/><W9/><REACH who="3" step="1"/><G58/><REACH who="3" ten="250,250,250,240" step="2"/><T109/><D57/><U117/><E117/><V97/><F59/><W21/><AGARI ba="0,1" hai="5,6,7,9,10,14,18,21,40,46,49,88,94,99" machi="21" ten="30,12000,2" yaku="1,1,2,1,0,1,8,1,52,1,54,1,53,0" doraHai="39" doraHaiUra="121" who="3" fromWho="3" sc="250,-60,250,-30,250,-30,240,130" /><INIT seed="1,0,0,5,5,113" ten="190,220,220,370" oya="1" hai0="87,68,31,4,21,29,36,51,83,26,5,112,15" hai1="19,110,76,109,30,12,62,66,96,105,111,49,95" hai2="118,0,60,79,102,50,41,88,54,134,91,17,70" hai3="42,127,3,84,115,116,64,25,61,121,20,2,28"/><U75/><E105/><V99/><F118/><W55/><G121/><T65/><D36/><U6/><E30/><V44/><F134/><W58/><G115/><T35/><D112/><U80/><E6/><V78/><F0/><W120/><G127/><T122/><D122/><U37/><E49/><V82/><F17/><W81/><G116/><T89/><D68/><U117/><E37/><V108/><F108/><W10/><G42/><T106/><D106/><U40/><E40/><V85/><F78/><W77/><G120/><T86/><D65/><U24/><E24/><V45/><F70/><W71/><G10/><T11/><D35/><U119/><E95/><V69/><F69/><W33/><G33/><T92/><D31/><U7/><E7/><V63/><F63/><AGARI ba="0,0" hai="2,3,20,25,28,55,58,61,63,64,71,77,81,84" machi="63" ten="30,1000,0" yaku="7,1" doraHai="113" who="3" fromWho="2" sc="190,0,220,0,220,-10,370,10" /><INIT seed="2,0,0,5,3,105" ten="190,220,210,380" oya="2" hai0="36,130,33,78,1,34,69,103,111,52,134,38,48" hai1="47,0,18,132,98,67,65,135,8,84,19,26,123" hai2="107,86,53,49,64,10,27,117,96,110,24,124,128" hai3="46,90,50,118,101,35,115,11,56,92,61,127,44"/><V20/><F117/><W54/><G127/><T15/><D1/><U83/><E123/><V37/><F37/><W85/><G35/><T133/><D111/><U102/><E47/><V3/><F124/><W95/><G115/><T32/><D69/><U72/><E72/><V21/><F64/><N who="1" m="24649" /><E26/><V66/><F66/><W114/><G114/><T99/><D130/><U119/><E8/><V31/><F128/><W57/><G11/><T12/><D78/><N who="1" m="46199" /><E0/><V74/><F74/><W79/><G79/><T59/><D36/><U5/><E5/><V97/><F107/><W39/><G39/><T9/><D38/><U51/><E51/><V55/><F110/><W112/><G118/><T108/><D108/><U82/><E82/><V88/><F10/><W30/><G30/><T71/><D71/><U6/><E6/><V68/><F68/><W16/><G16/><T100/><D100/><U116/><E116/><V70/><F70/><W77/><G77/><T125/><D125/><U89/><E89/><V60/><F3/><W93/><G112/><T13/><REACH who="0" step="1"/><D9/><REACH who="0" ten="180,220,210,380" step="2"/><U41/><E119/><V131/><F131/><W17/><G101/><T22/><D22/><U42/><E132/><V94/><F20/><W7/><G90/><T63/><D63/><U81/><E135/><V126/><F126/><W14/><G61/><T87/><D87/><U23/><E23/><N who="2" m="15775" /><F60/><W122/><G85/><T129/><D129/><U2/><E2/><V109/><F109/><W75/><G122/><T73/><D73/><U104/><E81/><V80/><F80/><W45/><G75/><T58/><D58/><RYUUKYOKU ba="0,1" sc="180,15,220,15,210,-15,380,-15" hai0="12,13,15,32,33,34,48,52,59,99,103,133,134" hai1="18,19,41,42,98,102,104" /><INIT seed="3,1,1,1,1,87" ten="195,235,195,365" oya="3" hai0="91,117,81,42,114,126,2,69,84,107,79,111,27" hai1="47,82,86,32,15,66,99,13,92,58,53,1,33" hai2="3,64,101,78,7,115,122,97,118,80,71,59,105" hai3="62,124,54,11,44,123,49,121,72,19,39,4,133"/><W129/><G72/><T14/><D117/><U5/><E1/><V95/><F118/><W120/><G133/><T40/><D114/><U8/><E47/><V130/><F115/><W128/><G124/><T51/><D2/><U34/><E66/><V103/><F130/><N who="3" m="50283" /><G19/><T109/><D126/><U60/><E13/><V24/><F122/><W38/><G62/><T22/><D107/><U106/><E32/><V50/><F71/><W104/><G104/><T26/><D69/><U21/><E21/><V88/><F24/><N who="0" m="9258" /><D79/><U35/><E35/><V75/><F105/><W108/><G108/><N who="0" m="41547" /><D51/><U85/><E34/><V96/><F96/><W127/><G127/><T36/><D36/><U46/><E33/><V73/><F73/><W28/><G28/><T131/><D131/><U57/><E99/><V112/><F112/><W18/><G18/><AGARI ba="1,1" hai="14,18,22,40,42,81,84,91" m="41547,9258" machi="18" ten="30,2000,0" yaku="14,1,52,1" doraHai="87" who="0" fromWho="3" sc="195,33,235,0,195,0,365,-23" owari="228,-17.2,235,3.5,195,-30.5,342,44.2" /></mjloggm>