<mjloggm ver="2.3"><GO type="225" lobby="0"/><UN n0="%2D%E8%B1%8A%E5%8F%A3%E3%82%81%E3%81%90%E3%81%BF%2D" n1="%E6%B4%BE%E9%81%A3%E3%81%AE%E3%82%B8%E3%83%A3%E3%83%83%E3%82%AF" n2="%E6%A1%9C%E8%8A%B1%E9%96%83%E3%80%85" n3="%72%69%6F%75%63%68%61%6E" dan="16,17,16,16" rate="2095.53,2196.34,2190.70,2165.97" sx="F,M,M,M"/><TAIKYOKU oya="0"/><INIT seed="0,0,0,1,1,78" ten="250,250,250,250" oya="0" hai0="3,112,30,33,79,117,128,5,18,127,15,87,0" hai1="113,46,8,131,65,125,105,122,28,66,88,49,58" hai2="20,124,52,42,21,40,107,43,68,135,60,134,95" hai3="118,75,69,47,90,6,85,48,14,98,36,91,121"/><T32/><D112/><U99/><E122/><V56/><F107/><W72/><G118/><T29/><D79/><U10/><E125/><V37/><F95/><W81/><G121/><T123/><D87/><U26/><E131/><V39/><F124/><W51/><G69/><T80/><D80/><U9/><E105/><V54/><F20/><W35/><G35/><N who="0" m="13387" /><D123/><U86/><E113/><V116/><F21/><W115/><G36/><N who="2" m="13897" /><F116/><W92/><G115/><T77/><D77/><U89/><E99/><V57/><F68/><W130/><G130/><T11/><D128/><U31/><E26/><V7/><F7/><W104/><G104/><T111/><D127/><U96/><E96/><V45/><F45/><W22/><G48/><AGARI ba="0,0" hai="40,42,43,48,52,54,56,57,60,134,135" m="13897" machi="48" ten="30,3900,0" yaku="34,2,54,1" doraHai="78" who="2" fromWho="3" sc="250,0,250,0,250,39,250,-39" /><INIT seed="1,0,0,2,0,128" ten="250,250,289,211" oya="1" hai0="76,59,48,91,121,111,90,41,51,94,66,38,127" hai1="8,104,42,130,12,96,115,78,29,13,35,89,77" hai2="34,72,39,43,4,30,18,70,84,15,25,47,64" hai3="131,52,28,32,112,63,106,81,33,60,133,79,114"/><U6/><E115/><V124/><F124/><W116/><G131/><T0/><D0/><U61/><E130/><V92/><F72/><W126/><G126/><T5/><D5/><U9/><E42/><V57/><F70/><W68/><G116/><T98/><D127/><U31/><E61/><V1/><F64/><W122/><G122/><T117/><D117/><U21/><E35/><V27/><F57/><W16/><G106/><T37/><D76/><U3/><E3/><V69/><F27/><W103/><G103/><T135/><D111/><U101/><E89/><V82/><F92/><W132/><G16/><T83/><D41/><U105/><E105/><V11/><F69/><W85/><G63/><T120/><D66/><U54/><E54/><V119/><F119/><W97/><G97/><T113/><D113/><N who="3" m="43625" /><G28/><T10/><D98/><U58/><E58/><V19/><F1/><W80/><G81/><T125/><D83/><U20/><E29/><V53/><F53/><W7/><G7/><T93/><D125/><U74/><E31/><V62/><F62/><W56/><G68/><T65/><D65/><U95/><E104/><V49/><REACH who="2" step="1"/><F39/><REACH who="2" ten="250,250,279,211" step="2"/><W14/><G14/><T102/><D37/><U118/><E118/><V86/><F86/><W71/><G71/><T2/><D38/><U108/><E74/><V100/><F100/><W45/><G45/><T17/><D102/><U46/><E46/><V44/><F44/><W129/><G129/><T99/><D2/><U75/><E75/><V26/><F26/><W88/><G79/><AGARI ba="0,1" hai="4,11,15,18,19,25,30,34,43,47,49,79,82,84" machi="79" ten="30,7700,0" yaku="1,1,7,1,25,2,53,0" doraHai="128" doraHaiUra="55" who="2" fromWho="3" sc="250,0,250,0,279,87,211,-77" /><INIT seed="2,0,0,1,0,56" ten="250,250,366,134" oya="2" hai0="6,2,51,31,15,14,121,38,86,100,77,97,25" hai1="1,60,130,63,33,109,76,116,21,79,47,43,27" hai2="8,92,125,112,83,104,96,106,36,99,110,16,59" hai3="114,95,73,44,9,135,29,102,67,126,13,70,23"/><V35/><F35/><W64/><G73/><T57/><D38/><U91/><E1/><V54/><F112/><W129/><G129/><T24/><D2/><U66/><E116/><V132/><F132/><W3/><G126/><T119/><D121/><U117/><E33/><V26/><F125/><W22/><G135/><T98/><D98/><U4/><E4/><V69/><F69/><W50/><G114/><T68/><D68/><U89/><E117/><V41/><F83/><W32/><G32/><T42/><D24/><U37/><E109/><V124/><F99/><W105/><G105/><T113/><D113/><U72/><E130/><V87/><F87/><W93/><G3/><T74/><D74/><U82/><E76/><V81/><F81/><W45/><G102/><T134/><D6/><U40/><E40/><V19/><F19/><W115/><G115/><T80/><D134/><U53/><E53/><V128/><F128/><W84/><G70/><T49/><D49/><U55/><E55/><V17/><F17/><N who="3" m="8367" /><G84/><T75/><D75/><U94/><E66/><N who="3" m="25130" /><G22/><N who="0" m="15799" /><D119/><U12/><E89/><N who="2" m="55311" /><F110/><W71/><G71/><T5/><D86/><U48/><E37/><V28/><F124/><W11/><G50/><T122/><D51/><U118/><E118/><V131/><F131/><W107/><G107/><T103/><D103/><U120/><E120/><V101/><F101/><W78/><G78/><T20/><D100/><U46/><E72/><V34/><F36/><W133/><G133/><T85/><D77/><U111/><E111/><V58/><F106/><W65/><N who="3" m="25138" /><W18/><DORA hai="123" /><G93/><RYUUKYOKU ba="0,0" sc="250,0,250,0,366,0,134,0" /><INIT seed="3,1,0,1,4,58" ten="250,250,366,134" oya="3" hai0="96,115,56,85,57,103,79,134,12,128,105,99,70" hai1="18,127,107,48,130,39,118,76,44,7,6,26,65" hai2="98,132,52,68,32,75,27,120,55,60,17,34,22" hai3="88,47,114,86,5,36,45,41,35,40,19,13,62"/><W53/><G114/><T111/><D70/><U119/><E107/><V50/><F75/><W104/><G104/><T15/><D115/><U14/><E127/><V100/><F120/><W90/><G35/><T110/><D134/><U129/><E65/><V28/><F132/><W66/><G5/><N who="1" m="1546" /><E26/><V109/><F109/><N who="0" m="41482" /><D96/><U74/><E39/><V49/><F49/><W42/><G53/><T87/><D128/><N who="1" m="49259" /><E76/><V122/><F122/><W16/><G19/><T3/><D3/><U112/><E74/><V78/><F78/><W31/><G31/><T95/><D87/><U77/><E77/><V83/><F28/><W25/><G25/><T131/><D131/><U67/><E67/><V125/><F125/><W21/><G36/><T73/><D73/><U71/><E71/><V113/><F68/><W0/><G0/><T69/><D69/><U33/><E33/><V123/><F123/><W38/><G38/><T94/><D105/><U59/><E59/><N who="0" m="22601" /><D94/><U124/><E124/><V1/><F1/><W29/><G66/><T4/><D4/><U89/><E89/><N who="3" m="34410" /><G86/><T30/><D30/><U101/><E112/><V46/><F113/><W93/><G93/><T51/><D51/><U121/><E121/><V117/><F50/><W92/><G92/><T9/><D85/><U63/><E48/><V11/><F34/><W116/><G116/><T108/><D79/><U126/><E126/><V80/><F117/><W97/><G62/><T37/><D37/><U10/><E63/><V84/><F60/><W64/><G64/><T81/><N who="0" m="41490" /><T23/><DORA hai="102" /><D95/><U135/><E118/><RYUUKYOKU ba="1,0" sc="250,0,250,0,366,0,134,0" owari="250,5.0,250,-15.0,366,46.6,134,-36.6" /></mjloggm>