<mjloggm ver="2.3"><GO type="225" lobby="0"/><UN n0="%38%63%E3%81%AF%E3%81%A3%E3%81%97%E3%83%BC" n1="%E5%8C%97%E6%AC%A7%E3%81%AE%E3%82%82%E3%81%93%E3%81%86" n2="%E3%81%86%E3%83%BC%E3%81%B1%E3%83%BC" n3="%72%69%6F%75%63%68%61%6E" dan="16,17,17,16" rate="2127.98,2133.11,2204.26,2159.29" sx="M,M,M,M"/><TAIKYOKU oya="0"/><INIT seed="0,0,0,2,5,10" ten="250,250,250,250" oya="0" hai0="6,28,93,48,99,58,44,34,14,119,36,50,115" hai1="69,37,19,84,97,135,90,13,95,15,109,106,128" hai2="73,21,118,52,133,22,55,0,88,117,56,114,132" hai3="113,124,26,86,32,39,60,98,59,23,81,104,74"/><T5/><D119/><N who="2" m="45578" /><F114/><W107/><G124/><T40/><D115/><U121/><E121/><V79/><F0/><W100/><G113/><T122/><D122/><U82/><E109/><V78/><F88/><W57/><G39/><T105/><D105/><U120/><E120/><V4/><F4/><W29/><G74/><T103/><D28/><U53/><E37/><V129/><F129/><W62/><G107/><T126/><D34/><U65/><E128/><V18/><F22/><W7/><G7/><T20/><D126/><U101/><E135/><N who="2" m="51787" /><F73/><W91/><REACH who="3" step="1"/><G32/><REACH who="3" ten="250,250,250,240" step="2"/><T30/><D36/><U47/><E106/><V45/><F45/><W63/><AGARI ba="0,1" hai="23,26,29,57,59,60,62,63,81,86,91,98,100,104" machi="63" ten="30,4000,0" yaku="1,1,2,1,0,1,53,0" doraHai="10" doraHaiUra="134" who="3" fromWho="3" sc="250,-20,250,-10,250,-10,240,50" /><INIT seed="1,0,0,4,0,58" ten="230,240,240,290" oya="1" hai0="91,127,107,50,95,4,89,68,93,1,79,19,80" hai1="119,83,129,131,110,17,128,32,98,25,20,115,35" hai2="75,78,7,112,135,117,26,101,64,103,42,33,81" hai3="14,3,88,52,77,100,22,132,74,62,82,10,84"/><U99/><E115/><V134/><F117/><W46/><G132/><N who="2" m="50729" /><F112/><W66/><G100/><N who="2" m="38473" /><F42/><W118/><G118/><T47/><D107/><U120/><E119/><V67/><F7/><W39/><G3/><T111/><D68/><U21/><E120/><V92/><F92/><W8/><G39/><T59/><D111/><U69/><E69/><V57/><F57/><N who="3" m="37199" /><G74/><T108/><D95/><U12/><E83/><V11/><F11/><N who="3" m="4139" /><G77/><T44/><D93/><U30/><REACH who="1" step="1"/><E110/><REACH who="1" ten="230,230,240,290" step="2"/><V2/><F81/><W63/><G46/><T54/><D47/><U76/><E76/><V43/><F78/><W40/><G40/><T49/><D44/><U60/><E60/><V31/><F43/><W126/><G126/><T85/><D79/><U48/><E48/><V133/><F133/><W16/><G63/><T36/><D50/><U37/><E37/><V15/><F75/><W56/><G56/><T51/><D36/><U87/><E87/><V94/><F2/><W106/><G106/><T72/><D85/><U13/><E13/><V38/><F38/><W0/><G0/><T130/><D1/><U113/><E113/><V9/><F94/><W71/><G71/><T34/><D127/><U121/><E121/><V23/><F15/><W29/><G29/><T109/><D72/><U104/><E104/><V116/><F116/><W122/><G122/><T18/><D109/><U28/><E28/><V73/><F73/><W27/><G14/><T24/><D108/><U124/><E124/><V53/><F31/><W86/><G84/><T97/><D49/><U123/><E123/><V70/><F70/><RYUUKYOKU ba="0,1" sc="230,-15,230,15,240,-15,290,15" hai1="12,17,20,21,25,30,32,35,98,99,128,129,131" hai3="16,22,27,52,82,86,88" /><INIT seed="1,1,1,2,2,59" ten="215,245,225,305" oya="1" hai0="18,108,25,94,39,99,1,57,12,32,4,65,83" hai1="24,110,69,43,60,22,85,91,87,84,106,19,111" hai2="44,93,125,29,62,107,135,10,81,54,34,89,63" hai3="77,121,14,97,96,124,122,61,3,2,127,30,105"/><U112/><E112/><V129/><F107/><W21/><G77/><T95/><D39/><U23/><E106/><V133/><F125/><N who="3" m="48203" /><G61/><N who="2" m="23049" /><F129/><W16/><G30/><T28/><D57/><U55/><E43/><V74/><F34/><W50/><G50/><T51/><D51/><U20/><E55/><V47/><F29/><W8/><G96/><T79/><D65/><N who="1" m="41127" /><E91/><V130/><F54/><W86/><G86/><T27/><D99/><U92/><E92/><V17/><F130/><W119/><G119/><T113/><D113/><U56/><E56/><V88/><F74/><W40/><G40/><T72/><D94/><U35/><E35/><V109/><F81/><W33/><G33/><T116/><D95/><U115/><E115/><V128/><F128/><W26/><G97/><T7/><D116/><U58/><E58/><V117/><F117/><W0/><G105/><T11/><D27/><U98/><E98/><N who="2" m="57639" /><F89/><W13/><G26/><T78/><D78/><U102/><E102/><V67/><F67/><W38/><G38/><T103/><D103/><U123/><E123/><N who="3" m="47114" /><G13/><T15/><D15/><U68/><E68/><V48/><F48/><W37/><G37/><T5/><D32/><U46/><E46/><V52/><F52/><W114/><G114/><T49/><D49/><U73/><E73/><V36/><F36/><W76/><G76/><T64/><D79/><U134/><E24/><V131/><F131/><W101/><G101/><T71/><D64/><U53/><E53/><V66/><F66/><W9/><AGARI ba="1,1" hai="0,2,3,8,9,14,16,21" m="47114,48203" machi="9" ten="40,8000,1" yaku="18,1,34,2,54,1" doraHai="59" who="3" fromWho="3" sc="215,-21,245,-41,225,-21,305,93" /><INIT seed="2,0,0,3,0,6" ten="194,204,204,398" oya="2" hai0="28,94,63,115,18,100,22,10,118,36,133,102,106" hai1="56,69,38,90,124,65,43,11,99,0,61,103,131" hai2="105,12,82,41,58,16,75,121,50,127,24,31,71" hai3="21,48,9,95,23,125,104,77,134,88,126,132,30"/><V3/><F121/><W53/><G104/><T113/><D36/><U86/><E131/><V45/><F71/><W116/><G116/><T64/><D106/><U2/><E124/><N who="3" m="47722" /><G77/><T98/><D118/><U34/><E34/><V5/><F105/><W79/><G79/><T101/><D133/><N who="3" m="51305" /><G9/><T57/><D115/><U7/><E69/><V73/><F82/><W13/><G13/><N who="0" m="7479" /><D113/><U119/><E119/><V129/><F127/><W130/><G30/><T78/><D78/><U91/><E0/><V20/><F129/><W25/><G25/><AGARI ba="0,0" hai="22,25,28,57,63,64,94,98,100,101,102" m="7479" machi="25" ten="30,3900,0" yaku="25,1,8,1,52,1" doraHai="6" who="0" fromWho="3" sc="194,39,204,0,204,0,398,-39" /><INIT seed="3,0,0,3,2,21" ten="233,204,204,359" oya="3" hai0="122,133,59,48,80,33,88,94,121,120,78,69,102" hai1="73,129,14,84,40,118,95,20,108,17,67,3,119" hai2="2,135,1,44,77,86,50,23,32,112,36,72,28" hai3="62,56,19,116,10,127,97,37,106,27,34,103,134"/><W66/><G116/><N who="1" m="44586" /><E73/><V35/><F112/><W47/><G127/><T0/><D69/><U74/><E74/><V85/><F23/><W30/><G134/><T43/><D0/><U126/><E126/><V115/><F115/><W105/><G19/><T16/><D102/><U46/><E3/><N who="2" m="1035" /><F50/><W39/><G10/><T109/><D33/><N who="2" m="12874" /><F28/><W63/><G106/><T101/><D133/><U93/><E108/><V92/><F92/><W53/><G47/><T24/><D109/><U49/><E129/><V87/><F85/><W57/><AGARI ba="0,0" hai="27,30,34,37,39,53,56,57,62,63,66,97,103,105" machi="57" ten="20,3900,0" yaku="0,1,7,1,52,1" doraHai="21" who="3" fromWho="3" sc="233,-13,204,-13,204,-13,359,39" owari="220,2.0,191,-20.9,191,-30.9,398,49.8" /></mjloggm>