<mjloggm ver="2.3"><GO type="225" lobby="0"/><UN n0="%77%72%77%72%77%72%77%72" n1="%E3%83%A9%E3%83%BC%E3%83%A1%E3%83%B3%E4%BA%94%E9%83%8E" n2="%72%69%6F%75%63%68%61%6E" n3="%4C%4F%4C%49%54%41" dan="17,16,16,16" rate="2216.07,2084.48,2158.68,2141.70" sx="M,M,M,F"/><TAIKYOKU oya="0"/><INIT seed="0,0,0,4,0,99" ten="250,250,250,250" oya="0" hai0="9,119,45,59,32,22,28,82,68,114,44,0,17" hai1="117,35,30,36,24,89,71,58,131,42,20,57,16" hai2="134,47,100,94,62,67,93,15,125,37,121,69,130" hai3="49,126,116,52,21,56,55,34,48,106,95,40,8"/><T63/><D114/><U73/><E117/><V72/><F121/><W26/><G106/><T78/><D119/><U112/><E112/><V113/><F113/><W118/><G34/><T123/><D123/><U75/><E71/><V108/><F108/><W33/><G33/><T11/><D68/><U101/><E131/><V92/><F130/><W14/><G126/><T88/><D32/><U77/><E89/><V70/><F125/><W53/><G40/><T87/><D28/><U19/><E19/><V109/><F109/><W84/><G53/><T12/><D78/><U66/><E36/><V41/><F134/><W90/><G21/><T51/><D0/><U115/><E42/><V76/><F70/><W25/><G116/><T120/><D120/><U98/><E115/><V107/><F15/><W129/><G129/><T3/><D3/><U110/><E110/><V79/><REACH who="2" step="1"/><F72/><REACH who="2" ten="250,250,240,250" step="2"/><W64/><G118/><T83/><D83/><U5/><E73/><V127/><F127/><W124/><G124/><T80/><D80/><U46/><E75/><V102/><F102/><W6/><REACH who="3" step="1"/><G64/><REACH who="3" ten="250,250,240,240" step="2"/><N who="0" m="39039" /><D44/><AGARI ba="0,2" hai="6,8,14,25,26,44,48,49,52,55,56,84,90,95" machi="44" ten="30,8000,1" yaku="1,1,7,1,8,1,54,1,53,1" doraHai="99" doraHaiUra="2" who="3" fromWho="0" sc="250,-80,250,0,240,0,240,100" /><INIT seed="1,0,0,2,1,102" ten="170,250,240,340" oya="1" hai0="113,135,47,103,21,55,81,96,37,94,36,115,4" hai1="111,100,129,91,15,48,3,105,122,72,29,66,84" hai2="11,23,75,112,61,99,53,114,126,41,8,93,98" hai3="56,131,14,31,68,5,71,38,101,86,59,121,88"/><U89/><E3/><V9/><F126/><W34/><G121/><T54/><D135/><U79/><E122/><V46/><F75/><W108/><G38/><T39/><D4/><U58/><E129/><V127/><F127/><W73/><G73/><T24/><D81/><U76/><E29/><V83/><F83/><W2/><G2/><T35/><D35/><U27/><E27/><V1/><F1/><W45/><G108/><T22/><D22/><U95/><E111/><V128/><F128/><W30/><G101/><T63/><D63/><U57/><E91/><V51/><F23/><W62/><G45/><T7/><D7/><U125/><E125/><V92/><F61/><W118/><G118/><T69/><D69/><U117/><E117/><V80/><F80/><W70/><G131/><T43/><D115/><N who="2" m="44074" /><F41/><W49/><G34/><T134/><D134/><U78/><E72/><V32/><F32/><W28/><G62/><T82/><D82/><U124/><E124/><V90/><F8/><W130/><G130/><T50/><REACH who="0" step="1"/><D113/><REACH who="0" ten="160,250,240,340" step="2"/><U109/><E109/><V0/><F0/><W10/><G70/><T25/><D25/><U16/><E15/><V13/><F13/><W64/><G68/><T20/><D20/><U6/><E6/><V44/><F9/><W42/><G71/><T74/><D74/><U107/><E76/><V67/><F11/><W116/><G14/><T119/><D119/><U26/><E78/><V77/><F77/><W85/><G116/><T120/><D120/><U12/><E79/><V60/><F60/><W65/><G10/><T106/><D106/><RYUUKYOKU ba="0,1" sc="160,30,250,-10,240,-10,340,-10" hai0="21,24,36,37,39,43,47,50,54,55,94,96,103" /><INIT seed="2,1,1,2,3,26" ten="190,240,230,330" oya="2" hai0="51,103,82,17,52,27,2,74,69,55,58,6,46" hai1="35,15,78,97,130,21,94,111,39,40,127,38,79" hai2="45,133,16,70,125,29,24,11,95,129,93,135,121" hai3="44,122,86,126,119,60,67,31,10,91,25,32,128"/><V22/><F121/><W9/><G119/><T108/><D69/><U73/><E35/><V84/><F125/><W63/><G122/><T114/><D114/><U49/><E127/><V59/><F129/><W83/><G126/><T96/><D108/><U99/><E111/><V107/><F70/><W115/><G128/><T30/><D17/><N who="1" m="10431" /><E73/><V54/><F107/><W62/><G115/><T89/><D6/><U102/><E38/><V110/><F110/><W71/><G44/><T50/><D2/><U101/><E39/><V34/><F45/><W77/><G10/><T33/><D74/><U131/><E131/><V43/><F43/><W48/><G48/><T61/><D61/><U7/><E7/><V85/><F11/><W36/><G36/><T112/><D112/><U23/><E130/><V118/><F118/><W109/><G109/><T0/><D0/><U75/><E75/><V68/><F68/><W87/><G9/><T19/><D19/><U76/><E23/><V81/><F84/><W72/><G86/><T42/><D42/><U117/><E117/><V28/><F95/><AGARI ba="1,1" hai="25,31,32,60,62,63,67,71,72,77,83,87,91,95" machi="95" ten="30,2000,0" yaku="7,1,52,1" doraHai="26" who="3" fromWho="2" sc="190,0,240,0,230,-23,330,33" /><INIT seed="3,0,0,5,2,118" ten="190,240,207,363" oya="3" hai0="131,58,70,123,127,108,57,17,85,29,81,71,8" hai1="42,84,7,129,38,35,119,30,89,6,77,53,2" hai2="109,87,3,16,9,98,19,78,14,116,15,132,13" hai3="26,74,93,1,100,49,107,112,115,72,34,111,12"/><W10/><G1/><T51/><D123/><U62/><E2/><V52/><F116/><W104/><G111/><T106/><D106/><U59/><E119/><V11/><F109/><W80/><G93/><T28/><D108/><U76/><E35/><V130/><F130/><W126/><G126/><T45/><D127/><U22/><E42/><V68/><F132/><W103/><G49/><T39/><D39/><U86/><E38/><V27/><F68/><W5/><G26/><T40/><D131/><U67/><E67/><V18/><F3/><W128/><G34/><T97/><D97/><U46/><E46/><V56/><F98/><W105/><G128/><T41/><D41/><U21/><E129/><V25/><F78/><N who="1" m="30313" /><E84/><V47/><F87/><W110/><G74/><T4/><D71/><U33/><E33/><V64/><F64/><W75/><G75/><T92/><D70/><U121/><E121/><V44/><F47/><W124/><G72/><T82/><D92/><N who="1" m="54327" /><E30/><N who="0" m="11881" /><D81/><U117/><E117/><V55/><F44/><W73/><G80/><T36/><D36/><U102/><E102/><V88/><F88/><W69/><G100/><T0/><D0/><U63/><E63/><N who="2" m="36231" /><F55/><W66/><G73/><T48/><D48/><U120/><E120/><V20/><AGARI ba="0,0" hai="9,11,13,14,15,16,18,19,20,25,27" m="36231" machi="20" ten="30,4000,0" yaku="8,1,54,2" doraHai="118" who="2" fromWho="2" sc="190,-10,240,-10,207,40,363,-20" owari="180,-32.0,230,-17.0,247,4.7,343,44.3" /></mjloggm>