<mjloggm ver="2.3"><GO type="225" lobby="0"/><UN n0="%E3%83%8F%E3%83%B3%E3%83%89%E3%83%A9%E3%83%BC%E3%83%BB%E3%83%AF%E3%83%B3" n1="%E3%81%B5%E3%81%98%E3%81%8B%E3%81%A4" n2="%E6%A0%B9%E5%85%83%E3%81%8B%E3%82%89%E5%90%B9%E3%81%A3%E9%A3%9B%E3%81%B6" n3="%43%6F%66%66%65%65" dan="16,16,17,17" rate="2176.19,2167.84,2167.79,2141.54" sx="M,M,F,F"/><TAIKYOKU oya="0"/><INIT seed="0,0,0,5,0,7" ten="250,250,250,250" oya="0" hai0="133,53,5,57,107,75,8,47,82,32,17,20,23" hai1="39,60,22,97,31,55,83,6,135,68,52,108,48" hai2="76,56,63,19,121,95,122,24,62,69,10,104,43" hai3="114,127,102,41,131,129,29,89,101,92,100,30,1"/><T59/><D32/><U73/><E135/><V72/><F104/><W15/><G1/><T25/><D107/><U58/><E108/><V87/><F43/><W50/><G114/><T12/><D133/><U84/><E39/><V40/><F40/><W115/><G115/><T4/><D75/><U86/><E6/><V26/><F72/><W93/><G127/><T38/><D38/><U21/><E97/><V126/><F126/><W85/><G92/><T134/><D134/><U36/><E36/><V130/><F130/><N who="3" m="49675" /><G15/><T16/><D82/><U77/><E68/><V79/><F69/><W66/><G66/><T96/><D96/><U3/><E3/><V119/><F119/><W37/><G37/><T18/><D4/><U106/><E106/><V0/><F0/><W67/><G67/><T110/><D110/><U2/><E2/><V94/><F56/><N who="0" m="21578" /><D25/><U118/><E118/><V90/><F87/><W123/><G123/><T34/><D34/><U14/><E22/><V46/><F122/><W13/><G13/><T9/><D23/><U80/><E31/><V44/><F121/><W81/><G81/><T117/><D117/><U128/><E128/><V54/><F26/><W28/><G28/><T33/><D33/><U109/><E109/><V88/><F24/><W71/><G71/><T35/><D35/><U120/><E120/><V99/><F99/><W42/><G29/><T111/><D111/><U116/><E116/><V49/><F19/><N who="0" m="7242" /><D5/><U61/><E73/><V98/><F98/><W103/><N who="3" m="25600" /><DORA hai="112" /><W74/><G74/><T65/><D65/><U124/><E124/><RYUUKYOKU ba="0,0" sc="250,30,250,-10,250,-10,250,-10" hai0="8,9,12,18,20,47,53" /><INIT seed="0,1,0,1,0,32" ten="280,240,240,240" oya="0" hai0="70,132,75,109,62,130,55,82,111,134,135,38,133" hai1="81,29,2,8,43,34,36,89,23,50,48,108,116" hai2="5,94,58,83,80,74,6,14,35,46,56,98,78" hai3="63,54,124,77,105,37,51,87,91,92,61,107,44"/><T45/><N who="0" m="33792" /><DORA hai="123" /><T112/><D112/><U12/><E116/><V104/><F35/><W97/><G124/><T128/><D75/><U118/><E118/><V49/><F104/><W24/><G37/><T120/><D120/><U18/><E89/><V88/><F80/><N who="3" m="47503" /><G107/><T73/><D73/><U131/><E81/><V27/><F27/><W101/><G105/><T41/><D82/><U125/><E36/><V69/><F69/><W122/><G122/><T3/><D3/><U119/><E119/><V20/><F5/><W86/><G24/><T67/><D55/><U129/><E125/><V28/><F28/><W96/><G101/><T117/><D117/><U40/><E40/><V15/><F14/><W22/><G22/><T47/><D47/><U95/><E43/><V126/><F126/><W72/><G72/><T4/><D4/><N who="1" m="1047" /><E50/><V59/><F20/><W114/><G114/><T25/><D25/><N who="1" m="18735" /><E48/><V106/><F106/><W17/><G17/><T52/><D52/><U93/><E95/><V57/><N who="2" m="14336" /><DORA hai="90" /><V121/><F121/><W42/><G54/><T16/><D16/><U9/><E93/><V26/><F26/><W60/><AGARI ba="1,0" hai="42,44,51,60,61,63,86,91,92,96,97" m="47503" machi="60" ten="30,2000,0" yaku="8,1,52,1" doraHai="32,123,90" who="3" fromWho="3" sc="280,-11,240,-6,240,-6,240,23" /><INIT seed="1,0,0,3,1,107" ten="269,234,234,263" oya="1" hai0="65,113,115,9,12,92,101,38,13,53,66,117,73" hai1="62,28,24,75,11,26,36,118,0,60,15,86,61" hai2="103,20,17,120,51,89,128,8,108,69,7,79,32" hai3="3,48,67,82,29,68,40,80,124,90,116,45,77"/><U126/><E118/><V37/><F120/><W54/><G3/><T83/><D117/><U30/><E36/><V74/><F37/><W35/><G116/><T46/><D101/><U58/><E75/><V41/><F69/><W105/><G105/><T85/><D92/><U25/><E126/><V21/><F32/><W104/><G104/><T14/><D9/><U98/><E0/><V18/><F128/><W130/><G130/><T39/><D39/><U114/><E114/><V84/><F108/><W23/><G35/><T64/><D73/><U2/><E2/><V96/><F41/><W27/><G124/><T49/><REACH who="0" step="1"/><D38/><REACH who="0" ten="259,234,234,263" step="2"/><U93/><E11/><V50/><F103/><W112/><G112/><T111/><D111/><U10/><E86/><V31/><F8/><W47/><G82/><T135/><D135/><U106/><E106/><V70/><F74/><W123/><G80/><T131/><D131/><U100/><REACH who="1" step="1"/><E58/><REACH who="1" ten="259,224,234,263" step="2"/><V56/><F56/><W102/><G68/><T94/><D94/><U110/><E110/><V76/><F70/><W43/><G123/><T119/><D119/><U5/><AGARI ba="0,2" hai="5,10,15,24,25,26,28,30,60,61,62,93,98,100" machi="5" ten="30,6000,0" yaku="1,1,0,1,8,1,53,0" doraHai="107" doraHaiUra="87" who="1" fromWho="1" sc="259,-20,224,80,234,-20,263,-20" /><INIT seed="1,1,0,0,0,80" ten="239,304,214,243" oya="1" hai0="92,127,130,119,51,62,1,47,15,95,50,44,133" hai1="66,103,5,55,99,11,59,86,90,102,76,58,106" hai2="98,120,89,37,96,126,101,54,3,52,79,112,91" hai3="69,26,97,17,111,16,39,123,61,81,134,85,18"/><U78/><E102/><V20/><F120/><W27/><G123/><T77/><D1/><U116/><E59/><V10/><F37/><W22/><G39/><T125/><D119/><U63/><E66/><V8/><F126/><N who="0" m="48138" /><D130/><U118/><E118/><V94/><F112/><W68/><G111/><T19/><D77/><U31/><E31/><V82/><F20/><W73/><G73/><T87/><D62/><U83/><REACH who="1" step="1"/><E116/><REACH who="1" ten="239,294,214,243" step="2"/><V38/><F101/><W121/><G121/><T88/><D133/><U0/><AGARI ba="1,1" hai="0,5,11,55,58,63,76,78,83,86,90,99,103,106" machi="0" ten="20,18000,2" yaku="1,1,2,1,0,1,7,1,52,1,53,1" doraHai="80" doraHaiUra="4" who="1" fromWho="1" sc="239,-61,294,193,214,-61,243,-61" /><INIT seed="1,2,0,0,3,18" ten="178,487,153,182" oya="1" hai0="46,113,102,79,60,121,82,125,15,22,49,50,91" hai1="25,4,111,84,127,115,14,81,74,0,130,36,24" hai2="116,126,30,19,112,88,120,131,58,47,70,133,45" hai3="117,100,59,68,98,101,114,103,28,122,75,33,3"/><U106/><E115/><V32/><F116/><W118/><G122/><T16/><D113/><U34/><E106/><V29/><F120/><W2/><G68/><T128/><D121/><U73/><E36/><V62/><F112/><W77/><G114/><T31/><D128/><U35/><E130/><V129/><F32/><W78/><G98/><T44/><D125/><U21/><E127/><V8/><F70/><W83/><G77/><T42/><D102/><U9/><E111/><V109/><F109/><W1/><REACH who="3" step="1"/><G59/><REACH who="3" ten="178,487,153,172" step="2"/><T54/><D79/><U12/><E74/><V20/><F126/><W89/><G89/><T93/><D60/><U123/><E73/><V96/><F129/><W17/><G17/><T94/><D31/><N who="2" m="11786" /><F131/><W56/><G56/><T38/><D38/><U53/><E123/><V10/><F88/><W5/><G5/><T27/><D27/><AGARI ba="2,1" hai="1,2,3,27,28,33,75,78,83,100,101,103,117,118" machi="27" ten="50,3200,0" yaku="1,1,53,1" doraHai="18" doraHaiUra="104" who="3" fromWho="0" sc="178,-38,487,0,153,0,172,48" /><INIT seed="2,0,0,5,2,0" ten="140,487,153,220" oya="2" hai0="4,50,131,97,109,67,113,124,28,12,129,94,40" hai1="120,17,116,105,43,39,30,84,103,89,71,110,42" hai2="75,98,54,72,118,64,26,15,57,123,128,121,85" hai3="24,77,81,34,117,86,127,76,20,27,21,106,14"/><V59/><F118/><W122/><G117/><T11/><D113/><U60/><E116/><V35/><F128/><N who="0" m="49226" /><D109/><U49/><E30/><V19/><F85/><W107/><G122/><T6/><D124/><U101/><E101/><V115/><F115/><W62/><G127/><T8/><D28/><U66/><E120/><V51/><F98/><W45/><G34/><T1/><D67/><U90/><E39/><V65/><F26/><W100/><G45/><N who="0" m="25895" /><D94/><U32/><E32/><V95/><F35/><W79/><G106/><T31/><D31/><U69/><E69/><V9/><F95/><W104/><G104/><T91/><D91/><U3/><E84/><V87/><F87/><W48/><G107/><T102/><D97/><U47/><E90/><V99/><F65/><W5/><G100/><AGARI ba="0,0" hai="1,4,6,8,11,12,100,102" m="25895,49226" machi="100" ten="30,3900,0" yaku="19,1,52,2" doraHai="0" who="0" fromWho="3" sc="140,39,487,0,153,0,220,-39" /><INIT seed="3,0,0,2,5,74" ten="179,487,153,181" oya="3" hai0="68,112,91,80,118,66,31,72,18,48,94,35,90" hai1="65,82,78,95,37,127,69,75,60,92,128,52,64" hai2="44,126,129,2,5,32,21,87,6,20,24,1,41" hai3="57,47,85,121,108,11,3,96,67,103,115,105,33"/><W122/><G115/><T36/><D36/><U133/><E127/><V0/><F87/><W110/><G33/><T43/><D118/><U107/><E133/><V56/><F56/><W98/><G47/><T113/><D18/><U17/><E107/><V71/><F71/><W9/><G85/><T53/><D43/><U83/><E83/><V25/><F44/><W101/><G3/><N who="2" m="1097" /><F41/><W114/><G114/><N who="0" m="44139" /><D31/><U16/><E128/><V89/><F89/><W50/><G50/><T59/><D35/><U102/><E16/><N who="2" m="12295" /><F129/><W76/><G76/><N who="0" m="44039" /><D94/><U58/><E65/><V7/><F126/><W29/><G105/><T134/><D134/><U4/><E37/><V19/><F32/><W63/><G121/><T84/><D84/><U51/><E4/><V10/><AGARI ba="0,0" hai="2,5,6,7,10,19,21,25" m="12295,1097" machi="10" ten="30,12000,2" yaku="35,5,54,1" doraHai="74" who="2" fromWho="2" sc="179,-30,487,-30,153,120,181,-60" owari="149,-25.1,457,55.7,273,7.3,121,-37.9" /></mjloggm>