<mjloggm ver="2.3"><GO type="225" lobby="0"/><UN n0="%E6%A1%9C%E8%8A%B1%E9%96%83%E3%80%85" n1="%E5%B8%86%E7%AB%8B%E5%A4%8F%E8%A1%A3" n2="%43%68%65" n3="%E9%B3%B3%E6%9D%B1%E3%81%AE%E3%81%86%E3%81%95%E3%81%8E%E3%81%95%E3%82%93" dan="17,17,16,16" rate="2183.70,2135.59,2063.37,2176.72" sx="M,M,M,M"/><TAIKYOKU oya="0"/><INIT seed="0,0,0,4,1,50" ten="250,250,250,250" oya="0" hai0="47,1,78,65,25,40,79,69,101,135,55,81,92" hai1="16,97,12,71,20,15,2,51,29,118,17,60,54" hai2="117,85,57,84,13,59,31,104,39,23,77,64,68" hai3="5,133,96,113,42,114,0,99,103,38,8,102,94"/><T88/><D1/><U43/><E118/><V112/><F112/><W21/><G133/><T116/><D116/><U32/><E2/><V105/><F105/><W73/><G73/><T24/><D135/><U58/><E32/><V14/><F14/><W7/><G7/><T131/><D131/><U91/><E29/><V22/><F22/><W67/><G67/><T62/><D101/><U6/><E6/><V110/><F110/><W49/><G38/><T61/><D79/><U86/><E97/><V48/><F48/><W35/><G35/><T126/><D126/><U11/><E71/><V123/><F123/><W132/><G21/><T130/><D130/><U52/><E43/><V134/><F134/><W18/><G18/><T66/><D55/><N who="1" m="32127" /><E60/><V82/><F82/><AGARI ba="0,0" hai="11,12,15,16,17,20,52,54,82,86,91" m="32127" machi="82" ten="30,12000,2" yaku="8,1,52,3,54,2" doraHai="50" who="1" fromWho="2" sc="250,0,250,120,250,-120,250,0" /><INIT seed="1,0,0,4,0,88" ten="250,370,130,250" oya="1" hai0="130,16,117,76,56,127,3,119,96,99,54,79,45" hai1="98,103,49,33,31,32,44,24,35,62,34,57,40" hai2="84,11,41,90,75,15,114,132,67,85,61,52,107" hai3="70,128,17,104,4,116,29,89,106,46,10,47,94"/><U2/><E2/><V118/><F118/><W135/><G116/><T25/><D3/><U60/><REACH who="1" step="1"/><E57/><REACH who="1" ten="250,360,130,250" step="2"/><V7/><F7/><W51/><G4/><T129/><D56/><U87/><E87/><V93/><F93/><AGARI ba="0,1" hai="24,31,32,33,34,35,40,44,49,60,62,93,98,103" machi="93" ten="40,7700,0" yaku="1,1,52,1,53,1" doraHai="88" doraHaiUra="26" who="1" fromWho="2" sc="250,0,360,87,130,-77,250,0" /><INIT seed="1,1,0,1,5,91" ten="250,447,53,250" oya="1" hai0="74,68,88,90,4,83,118,67,39,13,12,135,131" hai1="53,134,94,56,132,59,75,25,7,5,85,50,36" hai2="55,57,127,106,29,72,19,76,21,117,64,77,24" hai3="123,8,125,101,81,66,38,30,70,18,47,69,61"/><U51/><E75/><V124/><F124/><W28/><G123/><T78/><D118/><U22/><E36/><V26/><F26/><W119/><G70/><T63/><D131/><U62/><E134/><V116/><F116/><W65/><G119/><T104/><D135/><U96/><E85/><V73/><F106/><W103/><G125/><T120/><D120/><U113/><E113/><V11/><F117/><W82/><G38/><T95/><D104/><U99/><E99/><V126/><F64/><N who="3" m="24683" /><G61/><T32/><D32/><U100/><E132/><V79/><F73/><W17/><G47/><T33/><D33/><U60/><E60/><V3/><F72/><W108/><G108/><T115/><D115/><U109/><E109/><V129/><F129/><W130/><G69/><T35/><D35/><U114/><E114/><V92/><F127/><W52/><G52/><T87/><D39/><U10/><E10/><V16/><F126/><W128/><G128/><T58/><D68/><U121/><E121/><V97/><F11/><W37/><G37/><T43/><D43/><U86/><E86/><V71/><F3/><W2/><G2/><T122/><D122/><U110/><E110/><V54/><F71/><W89/><G8/><T40/><D40/><U15/><E15/><V102/><F55/><W27/><G81/><T20/><D4/><N who="1" m="1611" /><E59/><V46/><F46/><W6/><G130/><T133/><D133/><U105/><E105/><V48/><AGARI ba="1,0" hai="16,19,21,24,29,48,54,57,76,77,79,92,97,102" machi="48" ten="30,7900,0" yaku="0,1,8,1,52,1,54,1" doraHai="91" who="2" fromWho="2" sc="250,-21,447,-40,53,82,250,-21" /><INIT seed="2,0,0,1,1,71" ten="229,407,135,229" oya="2" hai0="82,49,22,51,101,53,83,5,57,1,67,133,47" hai1="24,110,128,85,84,119,92,31,34,30,107,78,113" hai2="21,134,54,33,0,42,130,103,108,60,62,3,68" hai3="36,13,118,90,2,50,99,9,10,64,40,80,105"/><V69/><F33/><W104/><G118/><T126/><D126/><U59/><E107/><V91/><F103/><W111/><G36/><T16/><D133/><U8/><E119/><V87/><F134/><W20/><G111/><T132/><D132/><U131/><E110/><V28/><F108/><W70/><G70/><T73/><D73/><U81/><E113/><V63/><F42/><W32/><G32/><T124/><D124/><U117/><E117/><V75/><F75/><W45/><G64/><T89/><D101/><U6/><E31/><V41/><F41/><W19/><G2/><T46/><D1/><U25/><E25/><V23/><F63/><W43/><G43/><N who="0" m="24799" /><D5/><U125/><E125/><V122/><F28/><W48/><G48/><T94/><D47/><U98/><E59/><V115/><F54/><W29/><G29/><T52/><D53/><U72/><E6/><V38/><F87/><N who="3" m="50535" /><G105/><T120/><D120/><U127/><E8/><N who="3" m="3178" /><G104/><T12/><D67/><U106/><E127/><V102/><F102/><W95/><G95/><T123/><D123/><U129/><E106/><V4/><F122/><W17/><G17/><T88/><D89/><AGARI ba="0,0" hai="24,30,34,72,78,81,84,85,89,92,98,128,129,131" machi="89" ten="40,1300,0" yaku="19,1" doraHai="71" who="1" fromWho="0" sc="229,-13,407,13,135,0,229,0" /><INIT seed="3,0,0,1,0,38" ten="216,420,135,229" oya="3" hai0="126,45,22,135,109,29,115,66,28,107,70,6,91" hai1="128,40,117,129,71,53,111,125,121,76,101,42,12" hai2="106,48,113,83,31,39,46,34,133,67,51,73,105" hai3="104,78,98,84,86,88,26,130,112,4,59,119,131"/><W102/><G112/><T94/><D107/><U7/><E71/><V55/><F113/><W92/><G4/><T97/><D115/><U15/><E117/><V8/><F133/><W95/><G59/><T11/><D135/><U89/><E121/><V64/><F39/><W44/><G26/><T14/><D109/><U68/><E68/><V47/><F8/><W58/><G58/><T120/><D120/><U122/><E122/><V93/><F93/><N who="3" m="54423" /><G44/><T127/><D45/><U62/><E53/><V35/><F83/><N who="3" m="47223" /><G119/><T134/><D134/><U33/><E62/><V103/><F73/><W49/><G49/><T30/><D70/><U118/><E33/><V57/><F57/><W81/><G81/><T3/><D66/><U90/><E15/><V54/><REACH who="2" step="1"/><F103/><REACH who="2" ten="216,420,125,229" step="2"/><W132/><G132/><T61/><D11/><U10/><E42/><V56/><F56/><W74/><G74/><T69/><D69/><U63/><E10/><V20/><F20/><W75/><G75/><T99/><D22/><U85/><E7/><V108/><F108/><W50/><G95/><T77/><D6/><U27/><E12/><V124/><F124/><W41/><G92/><T80/><D14/><U24/><E63/><V72/><F72/><W2/><G102/><N who="0" m="60727" /><D61/><U82/><E40/><V23/><F23/><W96/><G41/><T18/><D126/><U21/><E125/><V79/><F79/><W60/><G60/><T19/><D127/><U100/><E111/><V52/><F52/><W110/><G110/><T9/><D77/><U116/><E118/><V87/><F87/><W123/><G50/><RYUUKYOKU ba="0,1" sc="216,-10,420,-10,125,30,229,-10" hai2="31,34,35,46,47,48,51,54,55,64,67,105,106" owari="206,-19.4,420,52.0,155,-34.5,219,1.9" /></mjloggm>