<mjloggm ver="2.3"><GO type="225" lobby="0"/><UN n0="%E6%A1%9C%E8%8A%B1%E9%96%83%E3%80%85" n1="%E7%B4%94%E6%BD%94%E3%83%94%E3%83%A9%E3%83%8B%E3%82%A2" n2="%E4%B8%89%E6%A7%93%E5%AD%90" n3="%6D%75%75%6D%75%72%61" dan="18,16,16,16" rate="2290.45,2113.99,2051.17,2153.76" sx="M,M,F,F"/><TAIKYOKU oya="0"/><INIT seed="0,0,0,5,3,78" ten="250,250,250,250" oya="0" hai0="83,134,106,88,35,129,72,127,89,74,117,13,81" hai1="23,124,97,27,96,120,90,85,70,111,31,101,57" hai2="75,10,7,91,58,103,8,118,56,2,41,48,128" hai3="3,94,80,43,61,37,26,73,59,122,52,24,15"/><T36/><D36/><U14/><E120/><V28/><F75/><N who="0" m="28714" /><D13/><U113/><E70/><V110/><F103/><W11/><G122/><T21/><D21/><U5/><E124/><V6/><F28/><W38/><G3/><T46/><D46/><U119/><E119/><V34/><F34/><W98/><G38/><T64/><D64/><U102/><E113/><V63/><F118/><W92/><G43/><T125/><D35/><U1/><E1/><V93/><F128/><W116/><G37/><T112/><D117/><U86/><E86/><V45/><F110/><W107/><G116/><T17/><D17/><U79/><E79/><V68/><F68/><W87/><G73/><T69/><D69/><U65/><E111/><V109/><F63/><W25/><G107/><T54/><D106/><U66/><E57/><V18/><F18/><N who="3" m="8575" /><G98/><N who="1" m="37994" /><E65/><V114/><F114/><W77/><AGARI ba="0,0" hai="24,25,26,52,59,61,77,80,87,92,94" m="8575" machi="77" ten="30,4000,0" yaku="8,1,52,1,54,1" doraHai="78" who="3" fromWho="3" sc="250,-20,250,-10,250,-10,250,40" /><INIT seed="1,0,0,0,2,111" ten="230,240,240,290" oya="1" hai0="18,99,17,46,65,21,0,130,55,22,133,90,132" hai1="118,114,75,113,38,83,126,3,89,10,39,125,129" hai2="117,57,5,64,69,119,53,8,49,54,51,14,7" hai3="128,36,106,23,67,40,12,112,91,63,59,100,34"/><U134/><E118/><V71/><F14/><W121/><G121/><T102/><D0/><U32/><E32/><V26/><F26/><W4/><G112/><N who="1" m="43114" /><E89/><V80/><F80/><W84/><G34/><T123/><D90/><U108/><E108/><V33/><F33/><W16/><G4/><T120/><D65/><U85/><E85/><V103/><F64/><W20/><G20/><T48/><D21/><U135/><E129/><V62/><F57/><W15/><G128/><T73/><D73/><U96/><E96/><V116/><F116/><W94/><G106/><N who="0" m="63839" /><D130/><U25/><E25/><V61/><REACH who="2" step="1"/><F103/><REACH who="2" ten="230,240,230,290" step="2"/><W37/><G100/><T79/><D123/><U115/><E115/><V127/><F127/><N who="1" m="48649" /><E3/><V1/><F1/><W41/><G15/><T28/><D120/><U105/><E10/><AGARI ba="0,1" hai="5,7,8,10,49,51,53,54,61,62,69,71,117,119" machi="10" ten="25,3200,0" yaku="1,1,22,2,53,0" doraHai="111" doraHaiUra="86" who="2" fromWho="1" sc="230,0,240,-32,230,42,290,0" /><INIT seed="2,0,0,2,0,36" ten="230,208,272,290" oya="2" hai0="48,53,19,129,100,55,134,63,92,96,105,114,109" hai1="44,39,81,76,107,24,131,45,66,21,12,17,2" hai2="123,78,99,87,67,27,94,47,77,52,116,37,118" hai3="46,88,26,28,4,93,80,16,13,30,62,68,104"/><V98/><F123/><W8/><G104/><T132/><D114/><U75/><E131/><V72/><F72/><W135/><G135/><N who="0" m="51755" /><D129/><U29/><E107/><V103/><F67/><W108/><G108/><T112/><D112/><U71/><E2/><V3/><F3/><W70/><G80/><T133/><N who="0" m="51763" /><T35/><DORA hai="32" /><D109/><U15/><E15/><V1/><F1/><W42/><G4/><T84/><D35/><U82/><E39/><V18/><F99/><W34/><G30/><T79/><D63/><U90/><E66/><V59/><F27/><W102/><G62/><T33/><D33/><U91/><E71/><V0/><F18/><W11/><G11/><T89/><D79/><U20/><REACH who="1" step="1"/><E81/><REACH who="1" ten="230,198,272,290" step="2"/><V6/><F0/><W60/><G70/><T5/><D5/><U111/><E111/><V25/><F6/><W73/><G68/><T22/><D48/><U83/><E83/><V69/><F69/><W50/><G60/><T122/><D122/><U113/><E113/><V31/><F37/><W10/><G50/><T7/><D7/><U54/><E54/><V14/><F14/><AGARI ba="0,1" hai="14,19,22,53,55,84,89,92,96,100,105" m="51763" machi="14" ten="40,1300,0" yaku="20,1" doraHai="36,32" who="0" fromWho="2" sc="230,23,198,0,272,-13,290,0" /><INIT seed="3,0,0,5,0,27" ten="253,198,259,290" oya="3" hai0="108,19,3,9,95,55,132,69,114,12,116,15,90" hai1="8,71,96,89,125,26,109,49,32,35,62,31,17" hai2="18,106,36,91,102,100,22,113,78,88,121,20,75" hai3="124,10,84,48,58,16,133,57,40,127,1,74,46"/><W30/><G74/><T64/><D116/><U126/><E109/><V118/><F118/><W80/><G133/><T119/><D119/><U29/><E49/><V47/><F113/><W33/><G33/><N who="1" m="12874" /><E62/><V41/><F121/><W43/><G43/><T87/><D132/><U112/><E71/><V93/><F106/><W83/><G30/><N who="1" m="11274" /><E89/><V98/><F91/><N who="3" m="51591" /><G83/><T37/><D114/><U5/><E96/><V122/><F22/><W34/><G34/><T82/><D69/><U135/><E112/><V111/><F122/><W120/><G120/><T23/><D64/><U63/><E63/><V65/><F65/><W66/><G66/><T123/><D108/><U99/><E99/><V76/><F111/><W94/><G94/><T86/><D123/><U97/><E97/><V56/><F56/><W39/><G39/><T79/><D37/><U28/><E135/><V14/><REACH who="2" step="1"/><F75/><REACH who="2" ten="253,198,249,290" step="2"/><W77/><G58/><T103/><D90/><U42/><E42/><V68/><F68/><W81/><G57/><T51/><D55/><U38/><E38/><V104/><F104/><W110/><G110/><T115/><D115/><U24/><N who="1" m="11282" /><U44/><DORA hai="92" /><E44/><V101/><AGARI ba="0,1" hai="14,18,20,36,41,47,76,78,88,93,98,100,101,102" machi="101" ten="30,7900,0" yaku="1,1,0,1,52,1,54,1,53,0" doraHai="27,92" doraHaiUra="2,61" who="2" fromWho="2" sc="253,-20,198,-20,249,89,290,-39" owari="233,-16.7,178,-32.2,338,43.8,251,5.1" /></mjloggm>