<mjloggm ver="2.3"><GO type="225" lobby="0"/><UN n0="%E6%9D%B1%E9%A2%A8%E3%81%AE%E3%81%8D%E3%82%83%E3%81%B7%E3%81%95%E3%82%93" n1="%E6%98%BC%E4%B8%8B%E3%81%8C%E3%82%8A%E3%81%AE%E5%9B%A3%E5%9C%B0%E5%A6%BB" n2="%4B%2E%32%2E%4B%2E" n3="%E9%80%86%E9%80%A3%E5%B8%AF%E3%81%AE%E9%AC%BC" dan="16,16,17,17" rate="2179.93,2139.72,2193.12,2114.09" sx="M,F,M,M"/><TAIKYOKU oya="0"/><INIT seed="0,0,0,4,5,48" ten="250,250,250,250" oya="0" hai0="93,6,2,87,22,81,16,109,42,11,66,63,68" hai1="95,127,124,64,77,13,43,54,62,83,49,74,67" hai2="134,44,86,38,111,39,104,19,75,116,115,85,57" hai3="9,5,128,108,132,24,88,30,102,37,90,47,73"/><T76/><D109/><U82/><E43/><V17/><F115/><W72/><G108/><T18/><D42/><U122/><E122/><V27/><F116/><W41/><G132/><T110/><D110/><U117/><E117/><V103/><F111/><W84/><G128/><T112/><D112/><U100/><E83/><V89/><F75/><W101/><G73/><T107/><D107/><U106/><E106/><V3/><F3/><W80/><G90/><T10/><D10/><U126/><E13/><V92/><F134/><W94/><G94/><T45/><D45/><N who="1" m="27951" /><E62/><V123/><F123/><W8/><G8/><T135/><D135/><U33/><E33/><V34/><F103/><W4/><G72/><T99/><REACH who="0" step="1"/><D22/><REACH who="0" ten="240,250,250,250" step="2"/><U61/><E61/><V46/><F104/><W50/><G37/><T130/><D130/><U21/><E21/><V20/><F20/><W25/><G4/><T12/><D12/><U131/><E131/><V28/><F39/><W1/><REACH who="3" step="1"/><G25/><REACH who="3" ten="240,250,250,240" step="2"/><T60/><D60/><U79/><E124/><V58/><F38/><W129/><G129/><T97/><D97/><U113/><E126/><V118/><F118/><W35/><AGARI ba="0,2" hai="1,5,9,24,30,35,41,47,50,80,84,88,101,102" machi="35" ten="20,8000,1" yaku="1,1,0,1,7,1,54,1,53,1" doraHai="48" doraHaiUra="32" who="3" fromWho="3" sc="240,-40,250,-20,250,-20,240,100" /><INIT seed="1,0,0,2,4,124" ten="200,230,230,340" oya="1" hai0="82,102,76,22,23,40,127,100,45,93,50,55,103" hai1="130,26,12,30,47,56,75,69,91,132,35,20,122" hai2="19,92,111,16,94,38,81,58,1,53,121,105,48" hai3="113,13,64,68,7,42,116,67,99,129,123,106,125"/><U86/><E122/><V31/><F121/><W85/><G123/><T77/><D127/><U24/><E69/><V104/><F1/><W98/><G113/><T71/><D71/><U51/><E75/><V17/><F111/><W126/><G116/><T112/><D112/><U120/><E120/><V34/><F38/><W89/><G42/><T117/><D117/><U62/><E12/><V39/><F39/><W63/><G67/><T135/><D135/><U61/><E132/><V4/><F4/><W70/><G70/><T101/><N who="0" m="25600" /><DORA hai="18" /><T15/><D93/><U109/><E56/><V27/><REACH who="2" step="1"/><F81/><REACH who="2" ten="200,230,220,340" step="2"/><W59/><G126/><T21/><D82/><U115/><E109/><V10/><F10/><W11/><G125/><T90/><D90/><U25/><E115/><V2/><F2/><W128/><G89/><T131/><D131/><U49/><E130/><V33/><F33/><W66/><G129/><T3/><D3/><U119/><E119/><V41/><F41/><W52/><G11/><T134/><D134/><U80/><E35/><V83/><F83/><W108/><G128/><T9/><D40/><U60/><E49/><V95/><AGARI ba="0,1" hai="16,17,19,27,31,34,48,53,58,92,94,95,104,105" machi="95" ten="30,7900,0" yaku="1,1,0,1,54,1,53,1" doraHai="124,18" doraHaiUra="44,133" who="2" fromWho="2" sc="200,-20,230,-39,220,89,340,-20" /><INIT seed="2,0,0,3,4,81" ten="180,191,309,320" oya="2" hai0="84,64,27,82,76,35,39,9,11,123,72,56,115" hai1="19,111,110,91,38,101,60,119,96,28,40,1,49" hai2="41,129,33,75,94,104,99,13,57,16,47,22,12" hai3="67,116,45,21,15,55,130,79,97,69,24,89,59"/><V63/><F129/><W117/><G130/><T52/><D123/><U85/><E119/><V43/><F104/><W65/><G79/><T17/><D115/><U44/><E1/><V25/><F75/><W71/><G45/><T70/><D39/><U93/><E28/><V23/><F33/><W86/><G97/><T80/><D70/><U125/><E125/><V68/><F68/><W2/><G2/><T126/><D64/><U109/><E60/><V4/><F4/><W78/><G78/><T46/><D46/><U88/><E19/><N who="2" m="12511" /><F12/><W0/><G0/><T100/><D100/><U51/><REACH who="1" step="1"/><E91/><REACH who="1" ten="180,181,309,320" step="2"/><N who="2" m="55775" /><F47/><W62/><G117/><T132/><D126/><U87/><E87/><V31/><F31/><W95/><G116/><T50/><D132/><U34/><E34/><V74/><F74/><W14/><G71/><T66/><D35/><U134/><E134/><V7/><F7/><W37/><G69/><T133/><D133/><U77/><E77/><V6/><F6/><W103/><G37/><T61/><D72/><U105/><AGARI ba="0,1" hai="38,40,44,49,51,85,88,93,96,101,105,109,110,111" machi="105" ten="30,12000,2" yaku="1,1,0,1,14,1,52,1,54,1,53,1" doraHai="81" doraHaiUra="42" who="1" fromWho="1" sc="180,-30,181,130,309,-60,320,-30" /><INIT seed="3,0,0,2,2,74" ten="150,311,249,290" oya="3" hai0="133,53,20,25,8,56,79,134,61,86,114,93,7" hai1="62,117,113,78,69,102,68,98,70,2,14,87,120" hai2="5,89,101,63,126,58,43,33,75,50,130,23,32" hai3="82,124,95,105,96,91,73,76,88,81,21,97,11"/><W71/><G71/><T128/><D128/><U66/><E2/><V17/><F75/><W111/><G111/><T41/><D41/><U34/><E113/><V49/><F130/><W100/><G21/><T119/><D114/><U48/><E120/><V85/><F126/><W28/><G28/><T121/><D121/><U118/><E34/><V6/><F101/><W39/><G39/><T94/><D119/><N who="1" m="45579" /><E14/><V31/><F31/><W15/><G124/><T103/><D103/><U36/><E36/><V16/><F33/><W65/><G65/><T42/><D42/><U9/><E9/><V109/><F32/><W72/><G91/><T46/><D46/><U37/><E37/><V22/><F22/><W125/><G125/><T122/><D122/><U4/><E4/><V67/><F17/><W27/><G27/><T10/><D10/><U106/><E48/><V47/><F50/><W12/><G11/><T54/><D54/><U108/><E108/><V77/><F109/><W112/><G112/><T90/><D94/><U57/><E69/><V60/><F60/><W51/><G51/><T115/><D115/><U80/><AGARI ba="0,0" hai="57,62,66,68,70,78,80,87,98,102,106" m="45579" machi="80" ten="30,2000,0" yaku="12,1,52,1" doraHai="74" who="1" fromWho="1" sc="150,-5,311,20,249,-5,290,-10" owari="145,-35.5,331,43.1,244,-15.6,280,8.0" /></mjloggm>