<mjloggm ver="2.3"><GO type="225" lobby="0"/><UN n0="%E3%83%A9%E3%83%96%E3%83%AC%E3%83%BC" n1="%73%7A%2E%64%31" n2="%77%72%77%72%77%72%77%72" n3="%43%68%65" dan="18,16,16,16" rate="2271.89,2071.29,2084.88,2090.67" sx="M,M,M,M"/><TAIKYOKU oya="0"/><INIT seed="0,0,0,3,2,48" ten="250,250,250,250" oya="0" hai0="74,12,130,107,29,110,121,52,118,44,105,40,21" hai1="75,129,112,57,87,30,90,80,55,53,50,88,64" hai2="6,17,1,23,122,56,126,16,98,134,99,66,115" hai3="8,31,97,10,117,91,125,86,102,79,2,84,100"/><T76/><D121/><U58/><E75/><V22/><F122/><W60/><G117/><T133/><D118/><U65/><E112/><V39/><F115/><W36/><G36/><T101/><D101/><U108/><E108/><V82/><F39/><W116/><G116/><T7/><D29/><U127/><E127/><V3/><F126/><W13/><G125/><T94/><D94/><U51/><E129/><V63/><F134/><W72/><G72/><T11/><D21/><U25/><E90/><V78/><F6/><W95/><G31/><T73/><D73/><U92/><E80/><V135/><F135/><W54/><G2/><T114/><D114/><U43/><E43/><V85/><F1/><W81/><G8/><T103/><D103/><U124/><E124/><V61/><F61/><W26/><G26/><T19/><D7/><U120/><E120/><V132/><F3/><W20/><G20/><AGARI ba="0,0" hai="20,25,30,50,51,53,55,57,58,64,65,87,88,92" machi="20" ten="30,12000,2" yaku="7,1,9,1,8,1,52,2,54,1" doraHai="48" who="1" fromWho="3" sc="250,0,250,120,250,0,250,-120" /><INIT seed="1,0,0,0,4,113" ten="250,370,250,130" oya="1" hai0="125,38,45,26,123,122,103,51,17,73,15,62,85" hai1="88,90,8,65,134,33,104,78,10,47,64,2,13" hai2="59,127,60,24,92,106,35,40,108,56,48,83,57" hai3="89,130,31,55,77,58,81,11,131,98,30,118,74"/><U1/><E104/><V29/><F106/><W34/><G11/><T3/><D3/><U132/><E47/><V79/><F108/><W112/><G112/><T121/><D73/><U69/><E78/><V71/><F127/><W46/><G46/><T80/><D125/><U117/><E33/><V4/><F4/><W75/><G75/><T114/><D103/><U105/><E105/><V116/><F116/><W70/><G70/><T53/><D26/><U52/><E13/><V110/><F110/><W84/><G98/><T128/><D128/><N who="3" m="49193" /><G34/><T115/><D62/><U36/><E69/><V67/><F92/><N who="3" m="54311" /><G118/><T21/><D38/><U27/><E27/><V0/><F0/><W66/><G66/><T93/><REACH who="0" step="1"/><D93/><REACH who="0" ten="240,370,250,130" step="2"/><U19/><E36/><V76/><F60/><AGARI ba="0,1" hai="30,31,55,58,60,74,77,81" m="54311,49193" machi="60" ten="30,1000,0" yaku="19,1" doraHai="113" who="3" fromWho="2" sc="240,0,370,0,250,-10,130,20" /><INIT seed="2,0,0,0,5,92" ten="240,370,240,150" oya="2" hai0="130,87,122,3,51,36,133,9,25,67,59,37,125" hai1="22,38,121,49,40,12,131,126,104,33,114,70,103" hai2="18,73,118,7,43,124,16,80,112,14,35,100,84" hai3="111,82,83,96,76,108,106,90,113,117,78,128,31"/><V44/><F112/><W105/><G31/><T62/><D122/><U32/><E121/><V120/><F118/><W23/><G117/><T81/><D130/><U86/><E114/><V13/><F120/><W1/><G128/><T72/><D72/><U74/><E131/><V77/><F35/><W68/><G23/><T94/><D133/><U71/><E74/><V89/><F124/><W85/><G68/><T55/><D25/><U65/><E49/><V47/><F100/><W54/><G54/><T91/><D125/><U57/><E86/><V10/><F14/><W20/><G20/><T109/><D109/><N who="3" m="42057" /><G1/><T53/><D53/><U24/><E12/><V135/><F135/><W46/><G46/><T93/><D37/><U11/><E71/><V75/><F44/><W61/><G61/><T50/><D51/><U48/><E11/><V2/><F13/><W79/><G113/><T52/><D55/><N who="1" m="31975" /><E22/><V107/><F107/><N who="3" m="40971" /><G83/><T41/><D41/><U132/><E132/><V88/><F18/><W110/><N who="3" m="42065" /><W26/><DORA hai="115" /><G26/><T63/><D62/><N who="1" m="40247" /><E24/><V60/><F16/><W15/><G15/><T45/><D36/><U129/><E129/><V42/><F60/><W116/><G116/><T17/><D17/><U69/><E69/><V21/><F21/><W28/><G28/><T95/><D3/><U64/><E126/><V19/><F19/><W29/><G29/><T119/><D119/><U98/><E64/><V34/><F34/><N who="1" m="13417" /><E38/><N who="2" m="21975" /><F43/><W0/><G0/><T97/><D9/><U134/><E40/><V4/><F4/><W123/><G123/><T56/><D45/><RYUUKYOKU ba="0,0" sc="240,0,370,0,240,0,150,0" hai0="50,52,56,59,63,67,81,87,91,93,94,95,97" hai1="98,103,104,134" hai2="2,7,10,73,75,77,80,84,88,89" hai3="76,78,79,82,85,90,96" /><INIT seed="2,1,0,3,3,8" ten="240,370,240,150" oya="2" hai0="44,135,0,16,32,45,95,33,3,1,82,128,17" hai1="36,77,83,50,47,48,87,124,19,9,130,63,121" hai2="72,26,2,23,40,79,107,49,73,53,116,11,92" hai3="7,70,96,55,64,114,76,93,118,27,52,102,98"/><V14/><F116/><W75/><G118/><T104/><D104/><U37/><E121/><V110/><F107/><W21/><G114/><T20/><D82/><U30/><E130/><V106/><F106/><W125/><G125/><T122/><D122/><U97/><E124/><V28/><F2/><W15/><G75/><T6/><D95/><U103/><E30/><V133/><F133/><W46/><G76/><T115/><D115/><U61/><E36/><V131/><F131/><W39/><G98/><T90/><D90/><U56/><E37/><V66/><F66/><W68/><G39/><T85/><D85/><U54/><E9/><V42/><F110/><W10/><G64/><T109/><D128/><U69/><E19/><N who="0" m="7241" /><D109/><U105/><E69/><V117/><F117/><W89/><G102/><T120/><D120/><U60/><REACH who="1" step="1"/><E48/><REACH who="1" ten="240,360,240,150" step="2"/><V134/><F11/><W13/><G70/><T31/><D135/><U80/><E80/><V86/><F49/><N who="3" m="28727" /><G68/><T22/><D31/><U113/><E113/><V111/><F134/><W65/><G10/><T38/><D38/><U101/><E101/><V129/><F129/><W4/><G4/><T119/><D119/><U18/><E18/><V34/><F111/><W100/><G7/><T71/><D71/><U62/><E62/><V123/><F123/><W59/><G100/><T41/><D6/><U24/><E24/><V84/><F26/><W88/><G89/><T43/><D0/><U58/><AGARI ba="1,1" hai="47,50,54,56,58,60,61,63,77,83,87,97,103,105" machi="58" ten="30,2000,0" yaku="1,1,0,1,53,0" doraHai="8" doraHaiUra="67" who="1" fromWho="1" sc="240,-6,360,33,240,-11,150,-6" /><INIT seed="3,0,0,4,2,22" ten="234,393,229,144" oya="3" hai0="17,40,12,135,49,6,96,30,76,101,74,113,130" hai1="61,0,89,57,105,103,79,82,47,5,24,95,28" hai2="128,63,118,87,107,39,15,133,67,83,3,86,121" hai3="44,37,116,125,70,120,8,29,109,104,50,126,9"/><W55/><G120/><T106/><D6/><U46/><E5/><V84/><F118/><W102/><G116/><T23/><D130/><U13/><E13/><V18/><F3/><W108/><G70/><T75/><D135/><U73/><E0/><V117/><F117/><W88/><G37/><T42/><D30/><U25/><E103/><V129/><F107/><W52/><G55/><T1/><D1/><U94/><E105/><V26/><F39/><W91/><G29/><T77/><D113/><U32/><E24/><V19/><F133/><W38/><G38/><T110/><D49/><U69/><E95/><V81/><F121/><W45/><G102/><T100/><D110/><N who="3" m="42601" /><G45/><T119/><D119/><U60/><E69/><V16/><F129/><W53/><G53/><T114/><D114/><U72/><E47/><V122/><F128/><W115/><G104/><T124/><D42/><U59/><E46/><V62/><F122/><W65/><G65/><T4/><D40/><U111/><E111/><V68/><F63/><W112/><G112/><T93/><D101/><U14/><E61/><V36/><F36/><W90/><G115/><T97/><D97/><N who="1" m="57551" /><E60/><V35/><F62/><W71/><G71/><T78/><D106/><U34/><E57/><V41/><F41/><W99/><G99/><T2/><D75/><U27/><E59/><V127/><F67/><W11/><AGARI ba="0,0" hai="8,9,11,44,50,52,88,90,91,125,126" m="42601" machi="11" ten="40,12000,1" yaku="14,1,10,1,54,2" doraHai="22" who="3" fromWho="3" sc="234,-40,393,-40,229,-40,144,120" /><INIT seed="3,1,0,3,5,17" ten="194,353,189,264" oya="3" hai0="42,110,47,84,114,59,126,40,105,31,125,89,10" hai1="87,3,104,108,15,25,43,72,67,38,68,54,28" hai2="21,81,23,56,107,0,39,36,77,7,123,134,63" hai3="9,71,109,124,122,113,86,60,61,62,98,20,8"/><W4/><G113/><T19/><D105/><U94/><E15/><V112/><F107/><W57/><G122/><T75/><D75/><U118/><E87/><V97/><F112/><W29/><G71/><T82/><D31/><U130/><E94/><V95/><F123/><W106/><G124/><N who="0" m="47723" /><D114/><U73/><E54/><V18/><F134/><W74/><G74/><T103/><D103/><U66/><E66/><V128/><F128/><W12/><G109/><T58/><D110/><U35/><E108/><V76/><F0/><W44/><G9/><T46/><D19/><U64/><E64/><V33/><F33/><W135/><G44/><N who="0" m="16939" /><D10/><U127/><E127/><V48/><F7/><W41/><G41/><AGARI ba="1,0" hai="40,41,42,58,59,82,84,89" m="16939,47723" machi="41" ten="30,1000,0" yaku="18,1" doraHai="17" who="0" fromWho="3" sc="194,13,353,0,189,0,264,-13" owari="207,-19.3,353,45.3,189,-31.1,251,5.1" /></mjloggm>