<mjloggm ver="2.3"><GO type="225" lobby="0"/><UN n0="%4B%2E%32%2E%4B%2E" n1="%72%61%6B%33" n2="%E7%AD%89%E3%80%85%E5%8A%9B%E5%8A%87%E5%A0%B4" n3="%61%67%65%48%61" dan="16,18,16,16" rate="2049.42,2234.38,2149.76,2040.73" sx="M,M,M,M"/><TAIKYOKU oya="0"/><INIT seed="0,0,0,1,2,37" ten="250,250,250,250" oya="0" hai0="81,41,120,77,5,106,122,129,67,117,73,112,28" hai1="135,29,9,114,54,20,17,101,71,14,118,68,55" hai2="56,116,66,92,63,107,58,49,105,133,110,74,34" hai3="32,97,24,87,11,86,119,65,46,23,98,100,8"/><T39/><D112/><U48/><E118/><V64/><F74/><W31/><G119/><T104/><D117/><U0/><E135/><V27/><F116/><W25/><G65/><T93/><D129/><U82/><E114/><V95/><F110/><W134/><G134/><T4/><D28/><U38/><E38/><V12/><F133/><W45/><G31/><T2/><D93/><U6/><E101/><V22/><F34/><W94/><G94/><T88/><D88/><U109/><E109/><V59/><F59/><W123/><G23/><T126/><D126/><U26/><E82/><V57/><F57/><W15/><G15/><T79/><D67/><U76/><E76/><V83/><F83/><W108/><G108/><T132/><D5/><U121/><E121/><N who="0" m="46697" /><D79/><U78/><E78/><V51/><F12/><W44/><G123/><T131/><D131/><U70/><REACH who="1" step="1"/><E48/><REACH who="1" ten="250,240,250,250" step="2"/><V111/><F111/><W13/><G100/><T61/><D132/><U90/><E90/><V21/><F51/><W125/><G125/><T3/><D73/><U10/><AGARI ba="0,1" hai="0,6,9,10,14,17,20,26,29,54,55,68,70,71" machi="10" ten="40,2700,0" yaku="1,1,0,1,53,0" doraHai="37" doraHaiUra="42" who="1" fromWho="1" sc="250,-13,240,37,250,-7,250,-7" /><INIT seed="1,0,0,1,5,65" ten="237,277,243,243" oya="1" hai0="4,33,130,134,11,98,72,67,76,107,77,89,62" hai1="101,5,122,9,94,3,126,71,92,103,0,127,15" hai2="66,91,79,12,113,102,110,54,111,93,132,104,73" hai3="124,56,74,13,115,51,82,40,114,1,7,10,35"/><U2/><E122/><V28/><F28/><W64/><G124/><T68/><D130/><U39/><E39/><V38/><F38/><W46/><G35/><T18/><D134/><U70/><E94/><V23/><F132/><W128/><G128/><T100/><D72/><U48/><E48/><V69/><F113/><W117/><G117/><T119/><D119/><U29/><E29/><V96/><F54/><W63/><REACH who="3" step="1"/><G1/><REACH who="3" ten="237,277,243,233" step="2"/><T133/><D133/><U105/><E105/><V109/><F104/><W16/><G16/><T86/><D18/><U118/><E118/><V83/><F111/><W41/><G41/><T55/><D33/><U14/><E14/><V99/><F12/><W90/><G90/><T53/><D77/><AGARI ba="0,1" hai="7,10,13,40,46,51,56,63,64,74,77,82,114,115" machi="77" ten="40,1300,0" yaku="1,1,53,0" doraHai="65" doraHaiUra="49" who="3" fromWho="0" sc="237,-13,277,0,243,0,233,23" /><INIT seed="2,0,0,5,1,114" ten="224,277,243,256" oya="2" hai0="77,71,105,87,81,67,22,21,57,6,28,132,80" hai1="135,64,63,124,65,95,121,101,123,3,62,94,72" hai2="104,66,88,74,76,116,69,112,30,17,41,82,59" hai3="34,48,78,4,100,35,5,98,115,60,102,90,7"/><V47/><F112/><W31/><G115/><T52/><D105/><U9/><E72/><V120/><F120/><W13/><G78/><T37/><D37/><U51/><E51/><V53/><F104/><W2/><G2/><T111/><D111/><U45/><E45/><V89/><F66/><W19/><G48/><T113/><D113/><U1/><E9/><V18/><F69/><W70/><G31/><T130/><D130/><U26/><E26/><V29/><F116/><W44/><G44/><T55/><D132/><U73/><E73/><V84/><F29/><W40/><G40/><T39/><D39/><U38/><E38/><V85/><F30/><W110/><G110/><T16/><D6/><U24/><E24/><V14/><F47/><W50/><G50/><T97/><D97/><U118/><E101/><V127/><F41/><W86/><G60/><N who="0" m="38287" /><D71/><U0/><E0/><V8/><F127/><W108/><G108/><T117/><D117/><U119/><E135/><V12/><F74/><W75/><G75/><T54/><D28/><U20/><E20/><V58/><F76/><W129/><G129/><T99/><D99/><U128/><E128/><V15/><F53/><N who="0" m="13570" /><T56/><DORA hai="49" /><D56/><U122/><E123/><V42/><F42/><W125/><G98/><T96/><D96/><U93/><E124/><V43/><F43/><W36/><G70/><T61/><D61/><N who="1" m="23051" /><E64/><V27/><F59/><W46/><G36/><T134/><D134/><U92/><E65/><V10/><F58/><W68/><G68/><T11/><D81/><U23/><E119/><V32/><F82/><RYUUKYOKU ba="0,0" sc="224,30,277,-10,243,-10,256,-10" hai0="11,16,21,22,77,80,87" /><INIT seed="3,1,0,5,0,82" ten="254,267,233,246" oya="3" hai0="99,54,56,129,24,107,125,32,87,50,68,8,106" hai1="30,22,6,73,58,65,46,98,11,38,131,134,90" hai2="69,21,122,37,5,124,127,94,18,121,16,3,114" hai3="105,1,123,63,115,60,89,66,74,91,117,128,10"/><W9/><G74/><T101/><D68/><U95/><E73/><V53/><F37/><W42/><G105/><T126/><D129/><U112/><E112/><V104/><F104/><W113/><G42/><T67/><D67/><U120/><E120/><N who="2" m="46187" /><F69/><W108/><G123/><T61/><D107/><U132/><E131/><V19/><F53/><W64/><G128/><T93/><D8/><U27/><E38/><V43/><F43/><W23/><G23/><T41/><D32/><U59/><E46/><V25/><F94/><W2/><REACH who="3" step="1"/><G108/><REACH who="3" ten="254,267,233,236" step="2"/><T130/><D130/><U85/><E22/><V55/><F114/><W96/><G96/><T84/><D106/><U36/><E98/><V52/><F127/><N who="0" m="48650" /><D24/><U119/><E27/><V0/><F124/><W48/><G48/><T34/><D34/><U118/><E36/><V111/><F111/><W77/><G77/><T45/><AGARI ba="1,1" hai="41,45,50,54,56,61,84,87,93,99,101" m="48650" machi="45" ten="30,4000,0" yaku="18,1,52,2" doraHai="82" who="0" fromWho="0" sc="254,53,267,-11,233,-11,236,-21" owari="307,40.7,256,5.6,222,-17.8,215,-28.5" /></mjloggm>