<mjloggm ver="2.3"><GO type="225" lobby="0"/><UN n0="%E3%81%86%E3%81%A9%E3%82%93%E3%81%93" n1="%E3%81%B5%E3%81%98%E3%81%8B%E3%81%A4" n2="%E6%B4%BE%E9%81%A3%E3%81%AE%E3%82%B8%E3%83%A3%E3%83%83%E3%82%AF" n3="%72%69%6F%75%63%68%61%6E" dan="16,17,17,16" rate="2191.91,2216.66,2226.12,2208.89" sx="M,M,M,M"/><TAIKYOKU oya="0"/><INIT seed="0,0,0,1,5,19" ten="250,250,250,250" oya="0" hai0="8,10,7,74,1,34,40,122,9,48,123,87,90" hai1="95,43,63,135,84,66,18,130,11,99,109,98,5" hai2="117,69,116,80,22,119,28,85,58,3,41,91,52" hai3="54,56,93,55,77,0,102,72,6,103,65,67,47"/><T118/><D74/><U106/><E109/><V36/><F69/><W49/><G0/><T75/><D75/><U53/><E135/><V92/><F3/><W79/><G6/><T100/><D118/><U121/><E130/><V25/><F41/><W14/><G14/><T120/><D34/><U46/><E121/><V107/><F36/><W30/><G30/><T111/><D111/><U64/><E18/><V31/><F107/><W35/><G35/><T51/><D100/><N who="3" m="38441" /><G72/><T33/><D33/><U76/><E106/><V110/><F110/><W27/><G27/><T96/><D96/><U89/><E53/><V132/><F132/><W97/><G93/><T131/><D131/><U88/><E76/><N who="3" m="29258" /><G97/><T12/><D40/><U94/><E84/><V20/><F31/><W126/><G126/><T32/><D32/><U81/><E81/><V26/><F80/><W104/><G104/><T134/><D134/><U112/><E112/><V114/><F114/><W86/><G86/><T57/><D9/><U21/><E63/><AGARI ba="0,0" hai="47,49,54,55,56,63,65,67" m="29258,38441" machi="63" ten="30,1000,0" yaku="8,1" doraHai="19" who="3" fromWho="1" sc="250,0,250,-10,250,0,250,10" /><INIT seed="1,0,0,3,3,84" ten="250,240,250,260" oya="1" hai0="54,83,32,72,74,28,27,122,132,75,95,98,47" hai1="16,133,96,25,80,104,101,94,111,1,119,99,100" hai2="12,66,18,38,68,58,88,3,19,53,128,79,131" hai3="8,39,44,73,102,26,48,115,89,20,46,76,17"/><U130/><E119/><V61/><F79/><W105/><G115/><T41/><D132/><U82/><E1/><V113/><F38/><W78/><G73/><T14/><D122/><U33/><E133/><V34/><F34/><W24/><G24/><T117/><D117/><U91/><E130/><N who="2" m="49707" /><F3/><W93/><G39/><T36/><D14/><U65/><E65/><V55/><F113/><W56/><G102/><N who="1" m="39530" /><E33/><V103/><F103/><W87/><G105/><T11/><D11/><U6/><E6/><V49/><F55/><N who="3" m="31847" /><G8/><T42/><D42/><U81/><E111/><V51/><F51/><W4/><G4/><T52/><REACH who="0" step="1"/><D83/><REACH who="0" ten="240,240,250,260" step="2"/><U9/><E104/><V7/><F7/><W70/><G70/><T67/><D67/><U29/><E9/><V40/><F40/><W106/><G106/><T86/><D86/><N who="1" m="52599" /><E29/><V5/><F5/><W2/><G2/><T23/><D23/><AGARI ba="0,1" hai="16,23,25,80,81,82,96,99" m="52599,39530" machi="23" ten="30,5800,0" yaku="8,1,52,1,54,1" doraHai="84" who="1" fromWho="0" sc="240,-58,240,68,250,0,260,0" /><INIT seed="1,1,0,5,0,0" ten="182,308,250,260" oya="1" hai0="73,57,40,55,108,37,69,21,56,36,9,72,113" hai1="106,32,80,58,63,17,118,102,116,86,10,124,25" hai2="99,48,52,67,110,59,122,28,27,54,75,129,5" hai3="42,87,44,92,130,7,61,107,14,39,90,121,66"/><U81/><E124/><V18/><F122/><W126/><G121/><T1/><D69/><U20/><E32/><V22/><F75/><W45/><G130/><T91/><D113/><U11/><E81/><V125/><F110/><W94/><G107/><T4/><D108/><U29/><E106/><V49/><F129/><W26/><G126/><T84/><D21/><U15/><E102/><V117/><F117/><W133/><G133/><T60/><D40/><U97/><E97/><V46/><F125/><W8/><G45/><T79/><D79/><U43/><E43/><V95/><F67/><W31/><G94/><T70/><D70/><U6/><E11/><V71/><F71/><W76/><G76/><T74/><REACH who="0" step="1"/><D57/><REACH who="0" ten="172,308,250,260" step="2"/><U16/><E118/><V68/><F68/><W33/><G66/><T53/><D53/><N who="1" m="34255" /><E116/><V12/><F28/><W100/><G42/><T101/><D101/><U64/><E64/><V135/><F135/><W2/><G100/><T128/><D128/><U85/><E85/><V103/><F27/><W104/><G26/><T119/><D119/><U82/><E82/><AGARI ba="1,1" hai="1,4,9,36,37,55,56,60,72,73,74,82,84,91" machi="82" ten="40,2600,0" yaku="1,1,52,1,53,0" doraHai="0" doraHaiUra="62" who="0" fromWho="1" sc="172,39,308,-29,250,0,260,0" /><INIT seed="2,0,0,4,5,26" ten="211,279,250,260" oya="2" hai0="16,88,43,17,118,1,62,133,103,0,58,14,49" hai1="107,77,6,125,51,63,94,90,86,31,104,50,126" hai2="45,47,29,48,105,37,84,10,110,74,28,102,99" hai3="70,61,15,91,3,67,97,114,95,112,20,22,87"/><V109/><F74/><W134/><G3/><T108/><D108/><N who="2" m="41578" /><F10/><W131/><G131/><T66/><D133/><U82/><E6/><V52/><F84/><W115/><G134/><T78/><D118/><U54/><E31/><N who="2" m="11851" /><F37/><W7/><G87/><T92/><D103/><U33/><E33/><V65/><F65/><W25/><G25/><T5/><D78/><U127/><E63/><V19/><F19/><W80/><G80/><T27/><D27/><U4/><E51/><V38/><F38/><W119/><G119/><T106/><D17/><U75/><E4/><V89/><F89/><W18/><G7/><T9/><D5/><U73/><E75/><V116/><F116/><W60/><G60/><T129/><D129/><U85/><E86/><V56/><AGARI ba="0,0" hai="45,47,48,52,56,99,102,105" m="11851,41578" machi="56" ten="30,18000,2" yaku="14,1,10,1,52,3,54,1" doraHai="26" who="2" fromWho="2" sc="211,-60,279,-60,250,180,260,-60" /><INIT seed="2,1,0,2,1,34" ten="151,219,430,200" oya="2" hai0="109,112,87,72,74,29,102,25,92,40,51,101,13" hai1="47,3,44,98,100,50,69,0,12,53,17,8,42" hai2="2,11,135,111,38,133,57,90,56,39,58,86,128" hai3="82,83,122,35,129,124,73,43,71,20,60,107,59"/><V106/><F106/><W127/><G122/><T45/><D112/><U104/><REACH who="1" step="1"/><E69/><REACH who="1" ten="151,209,430,200" step="2"/><V134/><F134/><W7/><G71/><T76/><D109/><U9/><E9/><V36/><F11/><W78/><G127/><T125/><D125/><U110/><E110/><V6/><F111/><W14/><G124/><T97/><D101/><U116/><E116/><V61/><F133/><W94/><G129/><T15/><D74/><U26/><E26/><V113/><F135/><W16/><G73/><T119/><D72/><U18/><E18/><V19/><F19/><W23/><G16/><T120/><D119/><U49/><AGARI ba="1,1" hai="0,3,8,12,17,42,44,47,49,50,53,98,100,104" machi="49" ten="20,12000,2" yaku="21,2,0,1,7,1,52,2,53,1" doraHai="34" doraHaiUra="5" who="1" fromWho="1" sc="151,-31,209,133,430,-61,200,-31" /><INIT seed="3,0,0,1,3,81" ten="120,342,369,169" oya="3" hai0="90,45,115,72,117,14,26,126,107,34,96,3,69" hai1="54,23,92,98,39,106,9,88,73,12,67,121,110" hai2="16,82,78,85,37,135,125,103,33,46,99,123,25" hai3="79,60,95,20,2,53,50,116,87,102,5,59,8"/><W48/><G116/><T62/><D117/><U100/><E110/><V65/><F125/><W51/><G20/><T101/><D3/><U131/><E121/><V35/><F123/><W83/><G102/><T22/><D126/><U109/><E109/><V68/><F135/><W93/><AGARI ba="0,0" hai="2,5,8,48,50,51,53,59,60,79,83,87,93,95" machi="93" ten="30,3000,0" yaku="0,1,52,1" doraHai="81" who="3" fromWho="3" sc="120,-10,342,-10,369,-10,169,30" /><INIT seed="3,1,0,2,5,77" ten="110,332,359,199" oya="3" hai0="24,56,73,114,66,121,6,130,109,7,27,117,89" hai1="70,85,48,62,101,15,46,126,38,132,43,100,25" hai2="133,40,102,17,125,51,0,92,108,63,105,90,83" hai3="12,68,82,39,4,42,36,60,61,26,106,119,1"/><W10/><G119/><T87/><D117/><U134/><E25/><V112/><F112/><W71/><G106/><T65/><D121/><U20/><E126/><V9/><F108/><W50/><G26/><T120/><D120/><U44/><E20/><V13/><F0/><W88/><G1/><T19/><D109/><U91/><E15/><V131/><F125/><W69/><G50/><T57/><D73/><U2/><E2/><V93/><F133/><N who="1" m="51305" /><E62/><V79/><F131/><W123/><G123/><T110/><D110/><U97/><E97/><N who="2" m="59695" /><F105/><W45/><REACH who="3" step="1"/><G36/><REACH who="3" ten="110,332,359,189" step="2"/><T74/><D130/><U128/><E128/><V29/><F51/><W59/><G59/><T21/><D114/><U95/><E70/><V124/><F124/><W84/><AGARI ba="1,1" hai="4,10,12,39,42,45,60,61,68,69,71,82,84,88" machi="84" ten="40,12000,1" yaku="1,1,0,1,52,1,54,1,53,0" doraHai="77" doraHaiUra="103" who="3" fromWho="3" sc="110,-41,332,-41,359,-41,189,133" owari="69,-43.1,291,-10.9,318,11.8,322,42.2" /></mjloggm>