<mjloggm ver="2.3"><GO type="225" lobby="0"/><UN n0="%E3%81%BF%E3%81%BF%E3%81%9A" n1="%E3%83%81%E3%83%AF%E3%83%AF%E9%9A%8A%E9%95%B7" n2="%E3%82%BC%E3%83%AB%E3%83%80%E3%81%AE%E4%BC%9D%E8%AA%AC" n3="%73%73%6B%5F%66%72%65%65" dan="18,16,17,16" rate="2269.84,2073.99,2201.73,2087.38" sx="M,M,M,M"/><TAIKYOKU oya="0"/><INIT seed="0,0,0,0,0,25" ten="250,250,250,250" oya="0" hai0="68,119,87,39,102,113,31,91,29,85,126,93,103" hai1="70,76,123,32,3,42,86,61,37,23,100,105,52" hai2="101,55,92,57,125,135,118,98,104,64,60,71,129" hai3="1,20,115,38,116,50,80,6,121,65,2,63,35"/><T111/><D113/><U89/><E32/><V106/><F125/><W120/><G38/><T15/><D119/><U122/><E3/><V133/><F118/><W11/><G115/><T58/><D68/><U24/><E76/><V114/><F114/><W18/><G116/><T81/><D39/><U127/><E127/><V44/><F44/><W7/><G50/><T41/><D41/><U12/><E12/><V36/><F36/><W132/><G80/><T99/><D126/><U17/><E100/><N who="0" m="38441" /><D111/><U97/><E105/><V107/><REACH who="2" step="1"/><F129/><REACH who="2" ten="250,250,240,250" step="2"/><W84/><G121/><T77/><D58/><U21/><E123/><V33/><F33/><W130/><G120/><T51/><D51/><AGARI ba="0,1" hai="51,55,57,60,64,71,92,98,101,104,106,107,133,135" machi="51" ten="40,1300,0" yaku="1,1,53,0" doraHai="25" doraHaiUra="10" who="2" fromWho="0" sc="250,-13,250,0,240,23,250,0" /><INIT seed="1,0,0,2,2,9" ten="237,250,263,250" oya="1" hai0="42,121,91,22,39,79,15,109,20,16,87,1,83" hai1="64,36,23,88,71,123,100,44,82,67,81,3,95" hai2="104,49,131,135,133,84,33,47,41,134,25,43,129" hai3="28,0,38,96,4,51,58,86,60,80,118,57,112"/><U62/><E3/><V78/><F104/><W12/><G112/><T76/><D109/><U124/><E123/><V5/><F5/><W130/><G38/><T89/><D121/><U8/><E124/><V102/><F102/><W90/><G130/><N who="2" m="49673" /><F78/><N who="0" m="29738" /><D1/><U117/><E117/><V94/><F94/><W73/><G73/><T126/><D39/><U53/><E100/><V40/><F84/><W111/><G0/><T37/><D37/><U59/><E64/><V66/><F25/><W2/><G2/><T116/><D126/><U24/><E8/><V55/><F33/><W31/><G118/><T65/><D116/><U128/><E128/><V46/><F66/><N who="3" m="39183" /><G96/><T54/><D42/><U72/><E72/><V48/><AGARI ba="0,0" hai="40,41,43,46,47,48,49,55,133,134,135" m="49673" machi="48" ten="40,8000,1" yaku="20,1,19,1,34,2" doraHai="9" who="2" fromWho="2" sc="237,-20,250,-40,263,80,250,-20" /><INIT seed="2,0,0,4,2,34" ten="217,210,343,230" oya="2" hai0="22,39,60,35,45,65,74,59,55,10,106,86,41" hai1="66,49,105,43,12,127,101,112,31,124,123,119,107" hai2="114,32,70,28,24,37,58,132,93,44,40,56,63" hai3="88,25,131,6,75,109,15,121,69,50,19,36,23"/><V110/><F114/><W42/><G121/><T13/><D74/><U20/><E112/><V100/><F132/><W94/><G109/><T133/><D35/><U120/><E119/><V33/><F110/><W130/><G36/><T8/><D133/><U96/><E105/><V89/><F100/><W104/><G69/><T111/><D111/><U47/><E66/><V29/><F70/><W5/><G75/><T85/><D106/><U113/><E113/><V14/><F14/><W117/><G104/><T99/><D99/><U129/><E129/><N who="3" m="49162" /><G25/><T54/><D10/><U17/><REACH who="1" step="1"/><E31/><REACH who="1" ten="217,200,343,230" step="2"/><V67/><F28/><W7/><G117/><T78/><D22/><U27/><E27/><V48/><F24/><W68/><G68/><T30/><D30/><U57/><E57/><V46/><F58/><W128/><G128/><T82/><D85/><U51/><E51/><V83/><F48/><W2/><G50/><T135/><D135/><U64/><E64/><V71/><F67/><W62/><G62/><T21/><D21/><U73/><E73/><V98/><F63/><W97/><G42/><T0/><D0/><AGARI ba="0,1" hai="0,2,5,6,7,15,19,23,88,94,97" m="49162" machi="0" ten="30,7700,0" yaku="19,1,52,2,54,1" doraHai="34" who="3" fromWho="0" sc="217,-77,200,0,343,0,230,87" /><INIT seed="3,0,0,4,3,4" ten="140,200,343,317" oya="3" hai0="120,100,102,110,116,86,87,51,8,76,34,16,56" hai1="130,62,105,59,48,96,134,78,63,133,88,57,119" hai2="69,103,26,43,37,46,18,9,1,104,97,28,73" hai3="131,99,118,33,64,68,135,58,124,21,83,49,35"/><W25/><G118/><T40/><D116/><U95/><E119/><V112/><F112/><W24/><G135/><N who="1" m="51722" /><E130/><V109/><F109/><W39/><G39/><T6/><D120/><U111/><E111/><V128/><F128/><W61/><G131/><T82/><D110/><U30/><E105/><V113/><F113/><W13/><G124/><T106/><D34/><U53/><E78/><V132/><F132/><W38/><G38/><T101/><D106/><U90/><E30/><V2/><F73/><W42/><G99/><T75/><D6/><U45/><E90/><V41/><F41/><W71/><G71/><T123/><D123/><U107/><E107/><V60/><F9/><W127/><G127/><T17/><D17/><U12/><E12/><V31/><F18/><N who="3" m="10447" /><G35/><T85/><D75/><U44/><E63/><V20/><F31/><W74/><G33/><T77/><D82/><U47/><E57/><V117/><F117/><W70/><G70/><T0/><D0/><U108/><E108/><V65/><AGARI ba="0,0" hai="1,2,20,26,28,37,43,46,60,65,69,97,103,104" machi="65" ten="30,1100,0" yaku="0,1" doraHai="4" who="2" fromWho="2" sc="140,-3,200,-3,343,11,317,-5" owari="137,-36.3,197,-20.3,354,45.4,312,11.2" /></mjloggm>