<mjloggm ver="2.3"><GO type="225" lobby="0"/><UN n0="%E6%B4%BE%E9%81%A3%E3%81%AE%E3%82%B8%E3%83%A3%E3%83%83%E3%82%AF" n1="%4B%2E%32%2E%4B%2E" n2="%E5%B8%86%E7%AB%8B%E5%A4%8F%E8%A1%A3" n3="%33%74%72%65%65" dan="17,17,16,16" rate="2202.32,2181.77,2142.14,2147.62" sx="M,M,M,F"/><TAIKYOKU oya="0"/><INIT seed="0,0,0,2,0,42" ten="250,250,250,250" oya="0" hai0="73,11,135,74,28,83,104,54,127,69,50,99,21" hai1="85,35,5,88,97,62,0,37,89,81,55,61,24" hai2="111,63,66,29,33,2,46,102,91,34,101,68,98" hai3="47,12,118,32,103,9,26,60,87,71,4,14,123"/><T64/><D127/><U82/><E37/><V133/><F91/><W113/><G113/><T92/><D104/><U44/><E0/><V122/><F101/><W16/><G118/><T59/><D135/><U75/><E5/><V134/><F122/><W105/><G123/><T95/><D11/><U121/><E35/><V117/><F117/><W20/><G32/><T86/><D92/><N who="1" m="56463" /><E75/><V13/><F13/><W23/><G87/><T36/><D36/><U15/><E24/><N who="2" m="18599" /><F34/><W108/><G108/><T128/><D128/><U129/><E121/><V115/><F115/><W124/><G124/><T38/><D38/><U79/><E15/><V120/><F120/><W67/><G103/><T45/><D69/><U132/><E132/><N who="2" m="50795" /><F111/><W31/><REACH who="3" step="1"/><G105/><REACH who="3" ten="250,250,250,240" step="2"/><T94/><D73/><U93/><E129/><V39/><F2/><W43/><G43/><T8/><D74/><U96/><E82/><V84/><F84/><W125/><G125/><T72/><D72/><U1/><E1/><V18/><F102/><W27/><G27/><N who="0" m="16495" /><D99/><U52/><E55/><V7/><F98/><W57/><G57/><T51/><D83/><U77/><E79/><V19/><F7/><W107/><G107/><T116/><D116/><U17/><E17/><V109/><F109/><W10/><G10/><T70/><D8/><U126/><E126/><V53/><F53/><W6/><G6/><T56/><D70/><U100/><E100/><V90/><F90/><W3/><G3/><T78/><D78/><U110/><E110/><V119/><F119/><W41/><G41/><AGARI ba="0,1" hai="18,19,39,41,46,63,66,68" m="50795,18599" machi="41" ten="30,2000,0" yaku="20,1,52,1" doraHai="42" who="2" fromWho="3" sc="250,0,250,0,250,30,240,-20" /><INIT seed="1,0,0,3,5,55" ten="250,250,280,220" oya="1" hai0="87,82,69,36,114,26,10,127,111,3,48,47,41" hai1="46,34,128,32,39,13,112,104,9,67,19,44,126" hai2="135,17,123,23,49,125,56,97,42,54,98,130,71" hai3="102,50,116,107,120,37,80,16,78,62,20,33,124"/><U8/><E112/><V119/><F123/><W133/><G120/><T38/><D114/><U45/><E104/><V134/><F119/><W68/><G37/><T129/><D69/><U122/><E122/><V95/><F125/><W51/><G33/><T4/><D111/><U66/><E39/><V118/><F118/><W25/><G116/><T59/><D129/><U65/><E128/><V52/><F71/><W18/><G124/><T106/><D106/><U110/><E126/><V70/><F70/><W85/><G133/><N who="2" m="50697" /><F130/><W109/><G109/><T60/><D26/><U121/><E121/><V58/><F42/><W103/><G18/><T76/><REACH who="0" step="1"/><D127/><REACH who="0" ten="240,250,280,220" step="2"/><U74/><E110/><V89/><F98/><W5/><G107/><T40/><D40/><U113/><E113/><V12/><F54/><AGARI ba="0,1" hai="3,4,10,36,38,41,47,48,54,59,60,76,82,87" machi="54" ten="30,3900,0" yaku="1,1,7,1,52,1,53,0" doraHai="55" doraHaiUra="96" who="0" fromWho="2" sc="240,49,250,0,280,-39,220,0" /><INIT seed="2,0,0,3,2,55" ten="289,250,241,220" oya="2" hai0="120,48,42,43,121,96,79,0,71,102,56,39,52" hai1="113,89,59,53,69,131,37,126,123,17,128,41,76" hai2="135,81,30,5,98,111,104,6,86,15,34,127,83" hai3="80,78,103,12,11,88,14,95,4,28,75,91,70"/><V119/><F119/><W22/><G70/><T66/><D0/><U36/><E76/><V49/><F127/><W3/><G103/><T84/><D84/><U29/><E29/><V1/><F1/><W24/><REACH who="3" step="1"/><G91/><REACH who="3" ten="289,250,241,210" step="2"/><T116/><D116/><U85/><E69/><V60/><F135/><W25/><G25/><T33/><D102/><U115/><E89/><V97/><F97/><AGARI ba="0,1" hai="3,4,11,12,14,22,24,28,75,78,80,88,95,97" machi="97" ten="30,7700,0" yaku="1,1,7,1,54,1,53,1" doraHai="55" doraHaiUra="18" who="3" fromWho="2" sc="289,0,250,0,241,-77,210,87" /><INIT seed="3,0,0,3,5,121" ten="289,250,164,297" oya="3" hai0="130,118,78,108,34,20,22,61,110,82,4,50,29" hai1="56,36,42,14,3,94,31,2,43,49,26,90,76" hai2="67,25,57,124,88,132,117,72,129,9,44,106,75" hai3="69,55,83,122,52,123,62,99,59,60,105,84,98"/><W24/><G24/><N who="0" m="18727" /><D118/><U114/><E114/><V100/><F117/><W89/><G69/><T1/><D61/><U63/><E36/><V15/><F124/><W54/><G105/><T115/><D50/><U68/><E76/><V51/><F129/><W125/><G125/><T131/><D115/><U64/><E14/><V91/><F132/><W30/><G30/><T128/><D20/><U79/><E79/><V18/><F75/><W16/><G16/><T127/><D127/><U66/><E3/><V37/><F72/><W104/><G55/><T135/><D135/><U92/><E2/><V12/><F37/><W112/><G112/><T23/><D23/><U109/><E66/><V102/><F25/><W46/><G46/><T133/><D133/><U97/><E92/><V11/><F106/><W96/><G104/><T48/><D48/><U77/><E77/><V27/><F27/><W19/><G19/><T103/><D103/><N who="2" m="39466" /><F57/><AGARI ba="0,0" hai="52,54,57,59,60,62,83,84,89,96,98,99,122,123" machi="57" ten="40,3900,0" yaku="9,1,54,1" doraHai="121" who="3" fromWho="2" sc="289,0,250,0,164,-39,297,39" owari="289,8.9,250,-15.0,125,-37.5,336,43.6" /></mjloggm>