<mjloggm ver="2.3"><GO type="225" lobby="0"/><UN n0="%E5%A4%9C%E3%81%AE%E3%82%AC%E3%82%B9%E3%83%91%E3%83%BC%E3%83%AB" n1="%70%6E%64%73%6E%67" n2="%6D%75%75%73%61%6E%6D%75" n3="%E6%A1%9C%E8%8A%B1%E9%96%83%E3%80%85" dan="16,16,17,16" rate="2130.63,2120.33,2165.55,2205.70" sx="M,M,F,M"/><TAIKYOKU oya="0"/><INIT seed="0,0,0,4,1,30" ten="250,250,250,250" oya="0" hai0="24,51,125,49,22,33,131,82,99,123,14,40,135" hai1="62,12,50,87,64,32,1,17,36,28,20,43,52" hai2="0,69,118,73,70,84,124,94,101,2,65,113,8" hai3="128,31,15,47,112,100,59,129,60,54,6,9,132"/><T25/><D123/><U5/><E36/><V37/><F113/><W89/><G112/><T19/><D125/><U116/><E116/><V78/><F118/><W38/><G132/><T26/><D135/><U88/><E43/><V76/><F124/><W10/><G100/><T21/><D131/><N who="3" m="50249" /><G31/><T46/><D33/><U117/><E117/><V57/><F37/><W11/><G89/><T53/><D99/><U95/><E5/><V56/><F101/><W3/><G15/><T55/><D82/><U105/><E1/><V108/><F108/><W74/><G74/><T34/><D34/><U119/><E119/><V71/><F94/><W133/><G133/><T122/><D122/><U121/><E121/><V83/><F73/><W111/><G111/><T114/><D114/><U18/><E18/><V23/><F78/><W77/><G77/><T29/><REACH who="0" step="1"/><D40/><AGARI ba="0,0" hai="3,6,9,10,11,38,40,47,54,59,60" m="50249" machi="40" ten="30,1000,0" yaku="19,1" doraHai="30" who="3" fromWho="0" sc="250,-10,250,0,250,0,250,10" /><INIT seed="1,0,0,0,4,106" ten="240,250,250,260" oya="1" hai0="31,129,126,109,1,105,96,119,53,25,60,97,131" hai1="121,117,122,98,23,95,55,2,94,101,62,52,39" hai2="3,22,73,64,77,79,104,89,5,13,40,76,90" hai3="38,112,27,135,32,102,113,29,26,43,71,58,24"/><U0/><E117/><V81/><F104/><W86/><G71/><T84/><D119/><U11/><E39/><V68/><F3/><W51/><G102/><T69/><D1/><U44/><E55/><V56/><F68/><W59/><G38/><T54/><D109/><U37/><E37/><V111/><F40/><W93/><G135/><T63/><D126/><U10/><E23/><V50/><F111/><W14/><G14/><T132/><D132/><U78/><E78/><V65/><F50/><W70/><G70/><T49/><D84/><U116/><E116/><V33/><F33/><W85/><G59/><T57/><D69/><U130/><E130/><N who="0" m="49673" /><D105/><U108/><E108/><V118/><F118/><W46/><G86/><T133/><D133/><U34/><E34/><V42/><F42/><W16/><G58/><N who="0" m="33071" /><D63/><U125/><E125/><V120/><F120/><W67/><G113/><T30/><D30/><U82/><E82/><V72/><F56/><W124/><G112/><T103/><D103/><U6/><E94/><V114/><F114/><W88/><G124/><T134/><D134/><U75/><E75/><V110/><F110/><W8/><G29/><T21/><AGARI ba="0,0" hai="21,25,31,54,57,60,96,97" m="33071,49673" machi="21" ten="30,1100,0" yaku="19,1" doraHai="106" who="0" fromWho="0" sc="240,11,250,-5,250,-3,260,-3" /><INIT seed="2,0,0,3,0,93" ten="251,245,247,257" oya="2" hai0="10,117,74,98,48,54,125,106,62,5,8,95,34" hai1="17,56,128,41,124,77,130,101,80,81,86,28,110" hai2="116,47,127,57,65,2,70,102,60,12,135,85,7" hai3="121,31,92,119,30,112,46,11,14,6,4,19,97"/><V67/><F116/><W13/><G121/><T89/><D34/><U83/><E110/><V134/><F2/><W35/><G119/><T29/><D117/><U45/><E124/><V88/><F127/><W50/><G112/><T103/><D29/><U96/><E28/><N who="3" m="10794" /><G14/><T44/><D125/><U63/><E17/><V118/><F118/><W113/><G113/><T23/><D74/><U115/><E63/><V107/><F12/><W55/><G35/><T132/><D132/><N who="2" m="50730" /><F7/><W9/><G9/><T0/><D23/><U104/><E56/><V133/><F47/><W99/><G99/><T58/><D10/><U21/><E21/><V42/><F42/><W126/><G126/><T18/><D18/><U36/><REACH who="1" step="1"/><E115/><REACH who="1" ten="251,235,247,257" step="2"/><V76/><F133/><W69/><G69/><T90/><REACH who="0" step="1"/><D106/><REACH who="0" ten="241,235,247,257" step="2"/><U120/><E120/><V38/><F107/><W79/><G19/><T43/><AGARI ba="0,2" hai="0,5,8,43,44,48,54,58,62,89,90,95,98,103" machi="43" ten="20,12000,2" yaku="1,1,2,1,0,1,7,1,52,1,53,1" doraHai="93" doraHaiUra="49" who="0" fromWho="0" sc="241,140,235,-30,247,-60,257,-30" /><INIT seed="3,0,0,1,0,84" ten="381,205,187,227" oya="3" hai0="107,21,49,32,45,87,123,76,104,35,28,92,71" hai1="53,50,74,122,41,112,77,36,127,42,131,68,99" hai2="70,64,120,97,89,55,124,4,18,12,82,93,27" hai3="102,113,59,63,67,81,121,15,126,66,26,13,0"/><W117/><G117/><T114/><D123/><U133/><E122/><V118/><F120/><W52/><G121/><T17/><D71/><U56/><E112/><V24/><F118/><W58/><G0/><T19/><D107/><U9/><E68/><V40/><F124/><W115/><G126/><T11/><D104/><U135/><E127/><V108/><F108/><W134/><G134/><N who="1" m="51210" /><E36/><V3/><F3/><W25/><G81/><T129/><D35/><U94/><E131/><V33/><F33/><W10/><G102/><T6/><D92/><U106/><E106/><V38/><F38/><W110/><G110/><T1/><D49/><U29/><E29/><V48/><F70/><W5/><G113/><T47/><D45/><U22/><E22/><N who="2" m="11591" /><F4/><W116/><G116/><T98/><D98/><U65/><E65/><N who="3" m="24586" /><G115/><T111/><D32/><U16/><E74/><V95/><F64/><N who="3" m="39031" /><G15/><T86/><D1/><U61/><E77/><V23/><F40/><W14/><G14/><T75/><D111/><U2/><E2/><V105/><F105/><W39/><G39/><T69/><D114/><U37/><E37/><V128/><F128/><W100/><G100/><T90/><D129/><U103/><E61/><AGARI ba="0,0" hai="5,10,13,25,26,52,59,61" m="39031,24586" machi="61" ten="30,2900,0" yaku="8,1,54,1" doraHai="84" who="3" fromWho="1" sc="381,0,205,-29,187,0,227,29" /><INIT seed="3,1,0,0,3,108" ten="381,176,187,256" oya="3" hai0="43,59,120,45,74,14,58,121,85,34,3,92,98" hai1="124,61,133,87,128,101,27,23,8,10,131,126,37" hai2="106,35,57,132,80,0,71,134,64,135,94,56,125" hai3="107,72,78,15,24,75,76,55,12,111,47,17,129"/><W104/><G129/><N who="1" m="49738" /><E37/><V115/><F106/><W82/><G24/><T33/><D85/><U97/><E61/><N who="2" m="40335" /><F125/><N who="1" m="48233" /><E87/><V29/><F0/><W41/><G55/><T99/><D14/><U102/><E133/><V105/><F105/><W7/><G7/><T100/><D3/><U96/><E96/><V122/><F122/><W20/><G12/><T11/><D11/><N who="1" m="4139" /><E97/><V114/><F94/><W18/><G104/><T63/><D92/><U89/><E89/><V26/><F80/><W112/><G107/><T42/><D99/><U117/><E117/><V13/><F13/><W9/><G82/><T67/><D98/><U91/><E91/><V69/><F69/><W46/><G15/><T49/><D120/><U127/><N who="1" m="48241" /><U86/><DORA hai="84" /><E86/><V65/><F65/><W119/><G9/><T123/><D63/><U19/><AGARI ba="1,0" hai="19,23,27,101,102" m="4139,48241,49738" machi="19" ten="50,3200,0" yaku="19,1,18,1" doraHai="108,84" who="1" fromWho="1" sc="381,-9,176,35,187,-9,256,-17" owari="372,47.2,211,-18.9,178,-32.2,239,3.9" /></mjloggm>