<mjloggm ver="2.3"><GO type="225" lobby="0"/><UN n0="%E3%81%99%E3%81%84%E3%81%BE%E3%81%9B%E3%83%BC%E3%82%93" n1="%E6%B8%A1%E5%A4%A9%E8%97%8D" n2="%E8%B6%85%E7%B4%9A%E9%B3%B3%E5%87%B0" n3="%48%61%61%61%6C%61%6E%64" dan="17,16,16,18" rate="2234.19,2120.37,2140.84,2185.67" sx="M,M,M,M"/><TAIKYOKU oya="0"/><INIT seed="0,0,0,4,1,94" ten="250,250,250,250" oya="0" hai0="96,3,32,37,61,128,60,100,47,82,102,46,65" hai1="110,28,49,124,29,20,106,129,80,15,5,116,69" hai2="70,23,133,109,30,104,1,127,11,72,59,44,84" hai3="97,62,132,35,19,51,0,48,122,74,25,16,123"/><T130/><D32/><U93/><E106/><V27/><F72/><W75/><G0/><T8/><D82/><U34/><E69/><V58/><F70/><W114/><G114/><T88/><D3/><U92/><E116/><V64/><F104/><W71/><G132/><T81/><D8/><U53/><E34/><V54/><F133/><W91/><G71/><T26/><D26/><U85/><E110/><V21/><F109/><W118/><G62/><N who="0" m="24171" /><D65/><U101/><E129/><N who="0" m="49769" /><D37/><U56/><E124/><V41/><F11/><W121/><G118/><T38/><D38/><U10/><E20/><V134/><F1/><W103/><G35/><T67/><D67/><U33/><E33/><V55/><F64/><W24/><G122/><T125/><D125/><U22/><E22/><V79/><F127/><W42/><G121/><T83/><D102/><U40/><E40/><V120/><F21/><W68/><G68/><T89/><D83/><U6/><E6/><V39/><F134/><W107/><G123/><T105/><D81/><U73/><E73/><V14/><F14/><W9/><G75/><T119/><D119/><U7/><E7/><V77/><F120/><W18/><G74/><T87/><D87/><U4/><E4/><V113/><F113/><W76/><G9/><T78/><D78/><N who="2" m="29706" /><F84/><W36/><G76/><T117/><D117/><U17/><E5/><V111/><F111/><W126/><G126/><T131/><N who="0" m="49777" /><T112/><DORA hai="90" /><D112/><U12/><E80/><V66/><F66/><W99/><G24/><T45/><AGARI ba="0,0" hai="45,46,47,88,89,96,100,105" m="49777,24171" machi="45" ten="50,9600,0" yaku="19,1,52,1,54,1" doraHai="94,90" who="0" fromWho="0" sc="250,96,250,-32,250,-32,250,-32" /><INIT seed="0,1,0,3,3,87" ten="346,218,218,218" oya="0" hai0="103,54,17,55,8,46,68,98,132,67,30,71,119" hai1="112,118,127,122,73,39,105,5,43,26,84,15,27" hai2="86,59,72,116,49,111,47,28,2,113,58,45,110" hai3="131,65,75,107,74,62,3,52,120,77,63,135,60"/><T109/><D119/><U104/><E118/><V89/><F72/><W95/><G107/><T80/><D132/><U69/><E69/><V44/><F116/><W48/><G135/><T23/><D109/><N who="2" m="41482" /><F2/><W61/><G131/><T35/><D35/><U66/><E73/><V106/><F106/><W16/><G120/><T93/><D67/><U121/><E66/><V76/><F76/><W56/><G3/><T90/><D30/><U12/><E112/><V41/><F113/><W114/><G114/><T0/><D71/><U64/><E64/><V79/><F79/><W85/><G16/><T101/><D68/><U96/><E105/><V22/><F41/><W125/><G125/><T78/><D0/><U11/><E127/><V19/><F28/><W18/><G18/><T124/><D124/><U50/><E104/><V134/><F49/><W31/><G31/><T24/><D8/><U92/><E50/><V82/><F134/><W38/><G38/><T34/><D34/><U126/><E126/><V1/><F1/><W33/><G33/><T81/><D78/><U20/><E39/><V42/><F42/><W99/><G77/><T6/><D6/><U7/><E43/><V10/><F10/><W9/><G9/><T21/><D21/><U57/><E11/><V29/><F29/><W53/><G65/><T117/><D117/><U36/><E36/><V130/><F130/><W108/><G108/><T91/><D17/><U128/><E128/><V14/><AGARI ba="1,0" hai="14,19,22,44,45,47,58,59,82,86,89" m="41482" machi="14" ten="30,2000,0" yaku="14,1,52,1" doraHai="87" who="2" fromWho="2" sc="346,-11,218,-6,218,23,218,-6" /><INIT seed="1,0,0,4,2,52" ten="335,212,241,212" oya="1" hai0="79,53,93,106,27,135,58,46,26,0,57,31,63" hai1="1,13,48,24,86,107,47,38,118,132,78,34,124" hai2="116,112,20,60,49,80,33,69,70,37,39,76,89" hai3="129,90,12,35,91,62,7,95,119,41,18,32,109"/><U114/><E1/><V64/><F116/><W84/><G119/><T105/><D0/><U85/><E114/><V81/><F33/><W75/><G109/><T83/><D135/><U72/><E118/><V130/><F69/><W82/><G129/><T94/><D46/><U77/><E38/><V28/><F130/><W55/><G7/><T3/><D3/><U56/><E107/><V104/><F104/><W30/><G41/><T87/><D106/><U123/><E123/><V122/><F122/><W121/><G121/><T102/><D105/><U42/><E124/><V44/><F89/><W25/><G32/><T131/><D131/><U120/><E120/><V5/><F5/><W74/><G55/><N who="0" m="34239" /><D31/><U4/><E72/><V6/><F6/><W14/><G62/><N who="0" m="36175" /><D94/><U115/><E115/><V88/><F28/><W99/><REACH who="3" step="1"/><G12/><REACH who="3" ten="335,212,241,202" step="2"/><T126/><D126/><U134/><E4/><V98/><F112/><W117/><G117/><T110/><D110/><U2/><E13/><V54/><F60/><W61/><G61/><T71/><D71/><U10/><E2/><V68/><F70/><W21/><AGARI ba="0,1" hai="14,18,21,25,30,35,74,75,82,84,90,91,95,99" machi="21" ten="20,2700,0" yaku="1,1,0,1,7,1,53,0" doraHai="52" doraHaiUra="113" who="3" fromWho="3" sc="335,-7,212,-13,241,-7,202,37" /><INIT seed="2,0,0,2,2,41" ten="328,199,234,239" oya="2" hai0="63,46,77,40,93,68,119,110,25,134,135,27,113" hai1="43,22,58,3,15,30,80,76,54,108,70,127,48" hai2="21,99,4,72,112,53,86,104,11,6,98,18,1" hai3="82,5,114,45,97,105,131,2,103,65,67,95,57"/><V69/><F112/><W94/><G114/><T124/><D113/><U17/><E108/><V117/><F117/><W66/><G131/><T87/><D110/><U9/><E127/><V88/><F72/><W109/><G109/><T50/><D124/><U129/><E129/><V13/><F69/><W0/><G57/><T42/><D119/><U49/><E70/><V7/><F53/><W102/><G82/><N who="0" m="47567" /><D42/><U33/><E33/><V71/><F71/><W116/><G116/><T84/><D84/><U107/><E107/><V126/><F126/><W44/><G5/><T55/><D93/><U39/><E39/><V59/><F59/><W32/><G32/><T91/><D91/><U115/><E115/><V100/><REACH who="2" step="1"/><F99/><REACH who="2" ten="328,199,224,239" step="2"/><W31/><G66/><N who="0" m="41055" /><D55/><U37/><E43/><V61/><F61/><W64/><G64/><T47/><D47/><U23/><E58/><V24/><F24/><W111/><G111/><T26/><D26/><U90/><E54/><V130/><F130/><W89/><G65/><T128/><D128/><U10/><E37/><V52/><F52/><W28/><G67/><T132/><AGARI ba="0,1" hai="25,27,40,46,50,132,134,135" m="41055,47567" machi="132" ten="30,2000,0" yaku="20,1,52,1" doraHai="41" who="0" fromWho="0" sc="328,30,199,-5,224,-10,239,-5" /><INIT seed="3,0,0,0,5,56" ten="358,194,214,234" oya="3" hai0="80,47,55,12,89,103,100,1,112,53,66,111,64" hai1="51,118,105,40,71,84,67,108,0,42,90,116,99" hai2="4,107,34,119,94,75,109,113,22,124,117,128,97" hai3="78,76,133,69,7,29,102,73,8,122,11,49,63"/><W43/><G122/><T126/><D1/><U48/><E0/><V131/><F113/><W74/><G133/><T87/><D111/><U95/><E108/><V57/><F34/><W85/><G29/><T30/><D126/><U129/><E129/><N who="2" m="49739" /><F109/><W44/><G102/><T15/><D112/><U98/><E48/><V21/><F75/><W27/><G27/><T65/><D30/><U39/><E39/><V81/><F107/><W35/><G35/><T37/><D37/><U123/><E123/><V20/><F124/><W25/><G25/><T50/><D53/><U14/><E14/><AGARI ba="0,0" hai="12,14,15,47,50,55,64,65,66,80,87,89,100,103" machi="14" ten="40,1300,0" yaku="8,1" doraHai="56" who="0" fromWho="1" sc="358,13,194,-13,214,0,234,0" owari="371,47.1,181,-31.9,214,-18.6,234,3.4" /></mjloggm>