<mjloggm ver="2.3"><GO type="225" lobby="0"/><UN n0="%E3%83%A9%E3%82%B9%E7%8E%87%EF%BC%93%E5%89%B2" n1="%38%63%E3%81%AF%E3%81%A3%E3%81%97%E3%83%BC" n2="%E9%80%9F%E6%B0%B4%E5%87%9B%E9%A6%99" n3="%E3%83%A9%E3%83%BC%E3%83%A1%E3%83%B3%E4%BA%94%E9%83%8E" dan="16,16,16,16" rate="2150.00,2113.53,2126.37,2060.62" sx="F,M,F,M"/><TAIKYOKU oya="0"/><INIT seed="0,0,0,3,3,117" ten="250,250,250,250" oya="0" hai0="7,125,71,20,134,29,25,101,26,82,22,51,116" hai1="9,18,88,52,99,109,39,34,35,40,79,54,19" hai2="38,130,8,50,69,131,12,58,132,41,10,115,13" hai3="96,17,103,66,78,68,6,87,110,119,75,4,5"/><T72/><D71/><U36/><E79/><V49/><F69/><W56/><G119/><T15/><D116/><U120/><E120/><V28/><F28/><W76/><G75/><T55/><D134/><U105/><E109/><V91/><F132/><W100/><G68/><T61/><D125/><U27/><E9/><N who="2" m="3691" /><F38/><W107/><G110/><T86/><D72/><U92/><E105/><V11/><N who="2" m="3699" /><V63/><DORA hai="98" /><F41/><W83/><G17/><T108/><D61/><U32/><E18/><V93/><F115/><W53/><G66/><T73/><D73/><U95/><E95/><V128/><F49/><W3/><G3/><T44/><D15/><U65/><E65/><N who="2" m="39159" /><F50/><N who="3" m="30775" /><G107/><T89/><D108/><U1/><E1/><V30/><F30/><W97/><G78/><T123/><D123/><U37/><REACH who="1" step="1"/><E40/><REACH who="1" ten="250,240,250,250" step="2"/><V47/><F128/><W94/><G94/><T129/><D129/><U64/><E64/><V14/><F131/><W2/><G2/><T33/><D7/><U60/><E60/><V84/><F130/><W77/><G77/><T85/><D85/><U24/><E24/><V59/><F93/><W48/><G96/><T118/><D118/><U67/><E67/><V102/><F84/><W42/><G97/><T80/><D80/><U62/><E62/><V31/><F12/><W45/><AGARI ba="0,1" hai="4,5,6,42,45,48,76,83,87,100,103" m="30775" machi="45" ten="30,4000,0" yaku="8,1,52,2" doraHai="117,98" who="3" fromWho="3" sc="250,-20,240,-10,250,-10,250,50" /><INIT seed="1,0,0,2,2,91" ten="230,230,240,300" oya="1" hai0="40,43,87,34,108,133,113,51,38,105,129,82,96" hai1="122,84,53,54,89,36,56,134,135,81,57,117,26" hai2="65,16,17,49,71,45,25,125,21,124,33,114,79" hai3="95,131,116,66,52,50,126,24,1,8,32,6,69"/><U9/><E36/><V74/><F33/><W18/><G126/><N who="2" m="48745" /><F114/><W61/><G131/><T72/><D38/><U29/><E122/><V10/><F79/><W103/><G116/><T59/><D34/><U12/><E117/><V100/><F74/><W46/><G18/><T31/><D72/><U42/><E42/><V67/><F100/><W14/><G24/><T35/><D35/><U93/><E81/><V107/><F107/><W73/><G73/><T44/><D31/><U47/><E47/><V30/><F71/><W37/><G32/><T4/><D129/><U28/><E57/><V115/><F115/><W78/><G78/><T58/><D43/><U118/><E118/><V62/><F62/><W101/><G37/><T99/><D113/><U2/><E2/><V83/><F83/><W132/><G132/><N who="1" m="50730" /><E26/><V127/><N who="2" m="48753" /><V0/><DORA hai="119" /><F0/><W68/><G68/><T110/><D133/><U104/><E104/><V7/><F7/><W48/><G1/><T13/><D105/><U19/><E54/><N who="2" m="29999" /><F10/><W41/><G6/><T85/><D4/><U76/><E76/><V77/><F77/><W63/><G8/><T15/><D82/><U94/><E94/><V121/><F121/><W106/><G95/><T109/><D58/><U92/><E92/><V86/><F86/><N who="0" m="32778" /><D59/><U60/><AGARI ba="0,0" hai="9,12,19,28,29,53,56,60,84,89,93" m="50730" machi="60" ten="30,3000,0" yaku="20,1,52,1" doraHai="91,119" who="1" fromWho="1" sc="230,-10,230,30,240,-10,300,-10" /><INIT seed="1,1,0,4,5,75" ten="220,260,230,290" oya="1" hai0="88,31,85,19,130,59,11,121,83,79,8,132,24" hai1="28,25,39,33,50,27,105,66,74,13,119,113,15" hai2="122,100,37,48,123,108,41,69,12,103,106,116,95" hai3="36,56,10,104,107,55,57,94,102,76,133,126,91"/><U115/><E39/><V43/><F69/><W101/><G36/><T60/><D130/><U63/><E74/><V90/><F116/><W9/><G126/><T93/><D132/><U87/><E119/><V45/><F108/><W68/><G68/><T89/><D121/><U129/><E129/><V64/><F64/><W17/><G133/><T97/><D89/><U6/><E50/><V62/><F62/><W49/><G107/><T71/><D71/><U26/><E105/><V82/><F106/><W34/><G34/><T1/><D1/><U61/><E61/><V54/><F123/><W80/><G104/><T20/><D31/><U73/><E73/><V32/><F32/><W131/><G131/><T120/><D120/><U4/><E87/><V86/><F122/><W72/><G57/><T135/><D135/><U38/><E38/><V29/><F29/><W22/><G102/><N who="2" m="38953" /><F37/><W125/><G101/><T65/><AGARI ba="1,0" hai="8,11,19,20,24,59,60,65,79,83,85,88,93,97" machi="65" ten="20,8000,1" yaku="0,1,7,1,8,1,52,1,54,1" doraHai="75" who="0" fromWho="0" sc="220,83,260,-41,230,-21,290,-21" /><INIT seed="2,0,0,2,5,90" ten="303,219,209,269" oya="2" hai0="64,77,5,42,19,62,126,101,103,102,117,40,96" hai1="20,60,22,15,106,75,27,4,85,26,30,133,13" hai2="66,58,10,34,74,105,36,54,2,80,100,41,39" hai3="6,91,109,65,35,48,82,79,53,73,69,118,87"/><V95/><F105/><W33/><G118/><T112/><D112/><U49/><E75/><V8/><F34/><W93/><G109/><T44/><D126/><U32/><E106/><V31/><F31/><W71/><G6/><T83/><D117/><U123/><E133/><V110/><F66/><W94/><G94/><T67/><D5/><U128/><E128/><V0/><F41/><W18/><G18/><T116/><D42/><U50/><E123/><V25/><F25/><W98/><G73/><T111/><D67/><U81/><E60/><V76/><F110/><W88/><G79/><T125/><D19/><U7/><E32/><V38/><F0/><W124/><G124/><T115/><D115/><U92/><E81/><V99/><REACH who="2" step="1"/><F2/><REACH who="2" ten="303,219,199,269" step="2"/><W47/><G65/><T21/><D111/><U104/><E104/><V3/><F3/><W11/><G33/><T17/><D125/><U68/><E30/><V107/><F107/><W78/><G35/><T113/><D113/><U55/><E27/><V56/><F56/><W16/><G69/><T130/><D116/><U89/><E68/><V59/><F59/><W24/><G71/><T72/><D130/><U114/><E114/><V14/><F14/><N who="3" m="7263" /><G24/><N who="0" m="14383" /><D64/><U70/><E70/><V129/><F129/><W121/><G121/><T43/><D43/><U132/><E26/><V46/><F46/><W131/><G131/><T63/><D44/><U9/><E15/><V29/><F29/><W134/><G134/><T45/><D45/><U57/><E13/><V127/><F127/><W84/><G78/><T122/><D122/><U12/><E12/><RYUUKYOKU ba="0,1" sc="303,-15,219,-15,199,15,269,15" hai2="8,10,36,38,39,54,58,74,76,80,95,99,100" hai3="47,48,53,82,84,87,88,91,93,98" /><INIT seed="2,1,1,2,1,99" ten="288,204,214,284" oya="2" hai0="126,105,34,65,80,59,107,82,55,97,129,5,90" hai1="46,85,48,49,0,114,21,134,57,132,77,69,64" hai2="41,133,54,74,96,102,75,27,103,127,40,58,131" hai3="19,14,37,28,95,71,112,76,2,67,128,51,110"/><V123/><F123/><W15/><G2/><T92/><D34/><U113/><E0/><V20/><F133/><N who="1" m="51305" /><E21/><V83/><F131/><W61/><G37/><T60/><D129/><U30/><E30/><N who="2" m="17767" /><F74/><W87/><G128/><T43/><D126/><U130/><E77/><V26/><F75/><W68/><G68/><T44/><D5/><U47/><E85/><V32/><F32/><W42/><G110/><T104/><REACH who="0" step="1"/><D65/><REACH who="0" ten="278,204,214,284" step="2"/><U109/><E130/><V16/><F127/><W36/><G67/><T6/><D6/><U39/><E109/><V120/><F120/><W18/><G112/><T10/><D10/><U56/><E114/><V22/><F83/><W24/><G18/><T101/><D101/><N who="2" m="38410" /><F96/><W50/><G19/><T66/><D66/><U13/><E113/><V72/><F72/><W73/><G73/><T33/><D33/><U38/><E64/><V31/><F31/><W117/><G28/><T4/><D4/><U84/><E69/><V108/><F108/><W78/><G71/><T135/><D135/><U125/><E125/><V118/><F118/><W115/><G117/><T88/><D88/><U25/><E84/><V1/><F1/><W3/><G115/><T79/><D79/><U100/><E100/><V63/><AGARI ba="1,2" hai="16,22,26,40,41,54,58,63" m="38410,17767" machi="63" ten="30,12000,1" yaku="8,1,52,3,54,1" doraHai="99" who="2" fromWho="2" sc="278,-41,204,-41,214,143,284,-41" /><INIT seed="2,2,0,5,2,107" ten="237,163,357,243" oya="2" hai0="3,63,33,39,1,122,38,34,50,114,110,28,135" hai1="11,20,106,14,46,0,111,65,96,72,91,127,61" hai2="56,66,43,62,32,13,58,109,117,4,95,76,35" hai3="115,103,87,88,128,132,83,84,15,16,27,18,125"/><V79/><F117/><W30/><G125/><T126/><D50/><U47/><E127/><V74/><F43/><W105/><G132/><T89/><D89/><U100/><E111/><V130/><F109/><W37/><G37/><N who="0" m="13835" /><D63/><U45/><E0/><N who="0" m="73" /><D28/><U73/><E20/><V9/><F130/><W23/><G128/><T25/><D25/><U102/><E91/><V92/><F58/><W94/><G115/><T8/><D8/><U68/><REACH who="1" step="1"/><E100/><REACH who="1" ten="237,153,357,243" step="2"/><V41/><F35/><N who="0" m="13322" /><D110/><U36/><E36/><V59/><F32/><W60/><G103/><T121/><D126/><U12/><E12/><V133/><F13/><W70/><G15/><T86/><D86/><U113/><E113/><V48/><F9/><W19/><G84/><T53/><D114/><U5/><AGARI ba="2,1" hai="5,11,14,45,46,47,61,65,68,72,73,96,102,106" machi="5" ten="30,7900,0" yaku="1,1,0,1,52,2,53,0" doraHai="107" doraHaiUra="71" who="1" fromWho="1" sc="237,-22,153,95,357,-41,243,-22" /><INIT seed="3,0,0,1,3,86" ten="215,248,316,221" oya="3" hai0="88,130,102,71,63,82,14,9,106,46,54,79,122" hai1="125,108,95,123,69,17,104,110,43,59,62,7,34" hai2="96,105,16,126,39,89,27,72,12,131,124,42,33" hai3="118,85,26,65,112,114,103,90,30,60,135,45,10"/><W36/><G118/><T15/><D122/><U100/><E104/><V111/><F72/><W0/><G135/><T48/><D130/><U128/><E34/><V84/><F131/><W77/><G103/><T76/><D106/><U109/><E128/><V73/><F73/><W29/><G77/><T40/><D102/><U31/><E31/><N who="2" m="19711" /><F42/><W87/><G87/><N who="0" m="50295" /><D15/><U115/><E69/><V23/><F39/><W78/><G78/><T74/><D74/><U101/><E115/><V47/><F96/><W119/><G119/><T70/><D70/><U92/><E125/><V97/><F97/><W133/><G133/><T113/><D113/><U132/><E123/><V8/><F105/><W5/><G30/><T58/><D71/><U50/><E7/><AGARI ba="0,0" hai="7,9,14,40,46,48,54,58,63,76,79" m="50295" machi="7" ten="30,3900,0" yaku="8,1,52,1,54,1" doraHai="86" who="0" fromWho="1" sc="215,39,248,-39,316,0,221,0" owari="254,5.4,209,-29.1,316,41.6,221,-17.9" /></mjloggm>