<mjloggm ver="2.3"><GO type="225" lobby="0"/><UN n0="%E6%98%A5%E3%81%AE%E3%81%8B%E3%81%91%E3%82%89" n1="%70%68%65%6E%6F%6D%65" n2="%6D%75%75%6D%75%72%61" n3="%E3%81%8B%E3%82%8F%E3%81%A1%E3%82%83%E3%82%93%35%38" dan="16,17,16,16" rate="2048.89,2214.51,2122.87,2108.18" sx="F,M,F,M"/><TAIKYOKU oya="0"/><INIT seed="0,0,0,2,3,111" ten="250,250,250,250" oya="0" hai0="108,129,128,18,99,112,104,25,71,34,67,97,26" hai1="117,125,118,44,33,85,22,133,7,58,66,12,73" hai2="107,76,51,123,45,115,83,50,28,11,47,1,16" hai3="55,90,109,31,3,121,131,106,82,30,60,91,46"/><T8/><D108/><U93/><E73/><V88/><F107/><W13/><G3/><T116/><D116/><U94/><E33/><V130/><F123/><W105/><G109/><T61/><D112/><U19/><E125/><V77/><F115/><W6/><G6/><T5/><D18/><U86/><E133/><V57/><F57/><W52/><G13/><T134/><D134/><U75/><E75/><V89/><F28/><N who="3" m="10795" /><G82/><T20/><D34/><U39/><E7/><V100/><F100/><W70/><G46/><N who="2" m="17417" /><F1/><W64/><G60/><T79/><D79/><N who="2" m="30282" /><F130/><N who="0" m="50282" /><D104/><N who="3" m="40041" /><G131/><T120/><D120/><U56/><E117/><V84/><F89/><N who="3" m="33803" /><G121/><T62/><D61/><U114/><E118/><V9/><F9/><W74/><G74/><T95/><D20/><U127/><E22/><V49/><F11/><W42/><G42/><T29/><BYE who="3" /><D29/><U27/><E19/><AGARI ba="0,0" hai="16,19,49,50,51,83,84,88" m="30282,17417" machi="19" ten="30,3900,0" yaku="8,1,54,2" doraHai="111" who="2" fromWho="1" sc="250,0,250,-39,250,39,250,0" /><INIT seed="1,0,0,3,4,24" ten="250,211,289,250" oya="1" hai0="120,125,76,46,84,70,123,45,78,126,43,91,3" hai1="90,8,40,64,94,22,35,44,132,135,128,63,36" hai2="130,92,2,73,93,18,87,129,105,20,15,33,41" hai3="110,106,96,114,56,97,98,25,116,104,107,124,11"/><U39/><E35/><V49/><F73/><W0/><G0/><T102/><D70/><U27/><E128/><N who="2" m="49259" /><F105/><W30/><G30/><T13/><D3/><U82/><E82/><V85/><F2/><W65/><G65/><T58/><D13/><U53/><E8/><V134/><F33/><W118/><G118/><T71/><D71/><U1/><E1/><V34/><F34/><W10/><G10/><T16/><D58/><U37/><E53/><V48/><F134/><N who="1" m="51241" /><E63/><V119/><F119/><W26/><G26/><T133/><D133/><U99/><E64/><V86/><F41/><W112/><G112/><T14/><D102/><U47/><E40/><V31/><F31/><AGARI ba="0,0" hai="22,27,31,36,37,39,44,47,90,94,99" m="51241" machi="31" ten="40,3900,0" yaku="20,1,52,1" doraHai="24" who="1" fromWho="2" sc="250,0,211,39,289,-39,250,0" /><UN n3="%E3%81%8B%E3%82%8F%E3%81%A1%E3%82%83%E3%82%93%35%38" /><INIT seed="1,1,0,4,1,61" ten="250,250,250,250" oya="1" hai0="70,105,95,111,110,56,72,126,74,48,5,109,42" hai1="47,88,129,85,53,82,87,93,21,130,100,113,78" hai2="67,0,31,89,28,30,122,120,107,76,39,3,94" hai3="29,104,16,38,101,6,20,19,55,43,133,65,45"/><U114/><E21/><V131/><F39/><W68/><G133/><T58/><D105/><U22/><E22/><V34/><F34/><W25/><G6/><T54/><D70/><U27/><E27/><V7/><F107/><W24/><G24/><T71/><D71/><U23/><E23/><V79/><F131/><N who="1" m="50185" /><E53/><V123/><F67/><W77/><G77/><T2/><D126/><U134/><E47/><V84/><REACH who="2" step="1"/><F7/><REACH who="2" ten="250,250,240,250" step="2"/><W99/><G65/><T18/><D5/><U57/><E134/><V90/><F90/><W108/><G68/><T115/><D109/><U128/><E128/><V127/><F127/><W106/><G106/><T66/><D66/><U60/><E100/><V50/><F50/><W124/><G108/><T116/><D111/><U103/><E103/><V118/><F118/><W1/><G124/><T26/><D116/><U132/><E132/><V15/><F15/><W135/><G135/><T33/><D48/><U4/><E4/><V10/><F10/><W36/><G36/><T92/><D33/><U35/><E35/><V102/><F102/><W41/><G38/><T75/><D110/><U63/><E63/><V98/><F98/><W37/><G37/><T59/><D115/><U32/><E32/><V73/><F73/><W97/><G97/><T86/><D75/><U40/><E40/><N who="3" m="15434" /><G1/><AGARI ba="1,1" hai="0,1,3,28,30,31,76,79,84,89,94,120,122,123" machi="1" ten="50,1600,0" yaku="1,1,53,0" doraHai="61" doraHaiUra="121" who="2" fromWho="3" sc="250,0,250,0,240,29,250,-19" /><INIT seed="2,0,0,1,1,112" ten="250,250,269,231" oya="2" hai0="57,51,23,47,8,72,94,129,107,71,97,16,61" hai1="131,20,123,0,86,18,68,22,130,121,128,52,6" hai2="58,103,115,42,1,66,33,83,34,67,49,5,65" hai3="46,12,98,119,50,74,78,38,55,45,21,13,87"/><V100/><F115/><W89/><G119/><T125/><D125/><U14/><E68/><V19/><F1/><W56/><G74/><T48/><D129/><U15/><E86/><V95/><F5/><W41/><G78/><T114/><D114/><U73/><E73/><V59/><F83/><W43/><G98/><T81/><D107/><U28/><E52/><V79/><F79/><W118/><G21/><N who="1" m="8298" /><E28/><V77/><F77/><W30/><G30/><T84/><D71/><U63/><E63/><V26/><F19/><W36/><REACH who="3" step="1"/><G118/><REACH who="3" ten="250,250,269,221" step="2"/><T134/><D72/><U133/><E133/><V24/><F34/><W31/><G31/><T104/><D134/><U76/><E76/><V109/><F33/><W105/><G105/><T85/><D97/><U102/><E102/><V106/><F103/><W44/><G44/><T70/><D47/><U3/><E123/><V11/><F106/><W40/><G40/><T90/><D104/><U53/><E121/><V64/><F100/><W17/><G17/><T88/><D16/><U4/><E18/><V32/><F32/><W110/><G110/><T127/><D127/><U35/><E35/><V124/><F109/><W10/><G10/><T116/><D8/><N who="1" m="4359" /><E53/><V93/><F124/><W135/><G135/><T99/><D116/><U120/><E120/><V54/><F42/><W37/><G37/><T2/><D85/><U82/><E82/><AGARI ba="0,1" hai="12,13,36,38,41,43,45,46,50,55,56,82,87,89" machi="82" ten="30,3900,0" yaku="1,1,7,1,9,1,53,0" doraHai="112" doraHaiUra="96" who="3" fromWho="1" sc="250,0,250,-39,269,0,221,49" /><INIT seed="3,0,0,2,1,54" ten="250,211,269,270" oya="3" hai0="72,20,119,112,62,3,71,27,34,47,17,78,37" hai1="135,43,65,14,104,52,87,21,100,1,23,28,8" hai2="121,99,101,109,16,45,61,103,88,129,90,130,69" hai3="48,53,31,11,111,124,115,30,86,134,64,38,85"/><W127/><G115/><T91/><D119/><U131/><E131/><N who="2" m="50187" /><F109/><W113/><G38/><T7/><D112/><U128/><E128/><V60/><F45/><W59/><G113/><T29/><D78/><U36/><E135/><V132/><F132/><W110/><G134/><T51/><D72/><U67/><E1/><V122/><F16/><W80/><G64/><T133/><D37/><U57/><E43/><V15/><F15/><W12/><G85/><T50/><D91/><N who="2" m="34858" /><F69/><W118/><G118/><T22/><D133/><U77/><E36/><V6/><F6/><N who="3" m="3191" /><G86/><T75/><D75/><U98/><E28/><N who="3" m="10794" /><G80/><T96/><D17/><U83/><E23/><V97/><F97/><W84/><G84/><T116/><D116/><U117/><E21/><V58/><F99/><W108/><AGARI ba="0,0" hai="48,53,59,108,110,111,124,127" m="10794,3191" machi="108" ten="40,7800,0" yaku="14,1,10,1,52,1" doraHai="54" who="3" fromWho="3" sc="250,-26,211,-26,269,-26,270,78" owari="224,-17.6,185,-31.5,243,4.3,348,44.8" /></mjloggm>