<mjloggm ver="2.3"><GO type="225" lobby="0"/><UN n0="%43%68%65" n1="%E3%81%AF%E3%82%88%E3%81%8A%E3%81%98%E3%81%95%E3%82%93" n2="%73%69%72%6F%75%74" n3="%E3%81%9F%E3%81%A3%E3%81%A1%E3%82%87" dan="16,16,16,16" rate="2148.67,2162.95,2138.53,2080.69" sx="M,M,M,M"/><TAIKYOKU oya="0"/><INIT seed="0,0,0,5,2,134" ten="250,250,250,250" oya="0" hai0="112,57,48,30,16,68,52,31,12,133,33,90,86" hai1="116,93,73,17,118,122,49,35,71,108,18,43,132" hai2="109,92,41,39,113,15,62,105,75,29,14,66,123" hai3="54,1,74,119,27,81,107,96,101,124,44,6,85"/><T45/><D112/><U69/><E73/><V24/><F113/><W110/><G119/><T36/><D133/><U80/><E132/><V70/><F123/><W22/><G110/><T121/><D68/><U25/><E122/><V56/><F75/><W23/><G74/><T11/><D121/><U125/><E80/><V19/><F109/><W47/><G22/><T20/><D33/><U61/><E108/><V82/><F82/><W42/><G54/><N who="0" m="29967" /><D36/><U9/><E93/><V55/><F105/><W100/><G44/><T83/><D20/><U128/><E128/><V94/><F14/><W87/><G1/><T89/><D89/><U46/><E61/><AGARI ba="0,0" hai="11,12,16,30,31,52,57,61,83,86,90" m="29967" machi="61" ten="30,11600,0" yaku="25,1,8,1,54,2" doraHai="134" who="0" fromWho="1" sc="250,116,250,-116,250,0,250,0" /><INIT seed="0,1,0,3,1,99" ten="366,134,250,250" oya="0" hai0="105,1,124,34,8,134,9,38,63,80,121,10,49" hai1="41,12,73,53,93,103,78,133,18,54,35,65,6" hai2="79,66,31,32,127,109,61,115,13,48,84,106,135" hai3="112,15,40,91,72,70,11,122,119,130,83,0,26"/><T62/><D121/><U22/><E35/><V44/><F115/><W68/><G70/><T75/><D34/><U52/><E133/><V87/><F135/><W123/><G0/><T116/><D105/><U43/><E73/><V23/><F109/><W37/><G130/><T59/><D38/><U96/><E78/><V107/><F127/><W95/><G119/><T2/><D116/><U20/><E6/><V33/><F107/><W19/><G68/><T67/><D49/><U131/><E131/><V113/><F106/><W89/><G112/><T81/><D124/><U118/><E118/><V30/><F113/><W57/><G57/><T132/><D63/><U82/><E82/><V114/><F114/><W128/><G26/><T111/><D111/><U71/><E71/><V27/><F13/><W16/><G19/><T5/><D81/><U17/><REACH who="1" step="1"/><E65/><REACH who="1" ten="366,124,250,250" step="2"/><V36/><F79/><N who="3" m="44519" /><G128/><T24/><D75/><U129/><E129/><V47/><F32/><W76/><G76/><T14/><D80/><U39/><E39/><V74/><F74/><W55/><G37/><T97/><D5/><U77/><E77/><V104/><F33/><W85/><G123/><T50/><D67/><U88/><E88/><V69/><F36/><W4/><G89/><T94/><D134/><U56/><E56/><V120/><F120/><W25/><G122/><T60/><D59/><U100/><E100/><V64/><F66/><W102/><G91/><T110/><D132/><U90/><E90/><V21/><F64/><W42/><G102/><T86/><D110/><U51/><E51/><V46/><F48/><RYUUKYOKU ba="1,1" sc="366,-10,124,30,250,-10,250,-10" hai1="12,17,18,20,22,41,43,52,53,54,93,96,103" /><INIT seed="1,2,1,4,0,120" ten="356,154,240,240" oya="1" hai0="72,81,79,86,24,100,53,82,27,31,92,132,54" hai1="64,98,134,111,93,128,104,135,114,42,97,71,25" hai2="6,101,17,116,36,65,58,7,66,70,3,57,108" hai3="127,110,102,48,9,12,83,122,43,95,47,55,16"/><U99/><E114/><V28/><F116/><W105/><G122/><T73/><D132/><N who="1" m="50731" /><E128/><V80/><F36/><W52/><G127/><T21/><D27/><U30/><E42/><V14/><F108/><W106/><G110/><T90/><D73/><U96/><E111/><V2/><F70/><W113/><G113/><T38/><D38/><U5/><E5/><N who="2" m="1547" /><F3/><W23/><G83/><T131/><D131/><U118/><E118/><V112/><F112/><W50/><G105/><T46/><D46/><U51/><E51/><V119/><F2/><W20/><G106/><T60/><D60/><N who="1" m="40327" /><E104/><V19/><F119/><W130/><G130/><T44/><D44/><U124/><E124/><V8/><F28/><W56/><G43/><T32/><D32/><N who="1" m="20559" /><E99/><AGARI ba="2,1" hai="9,12,16,20,23,47,48,50,52,55,56,95,99,102" machi="99" ten="40,5200,0" yaku="8,1,54,2" doraHai="120" who="3" fromWho="1" sc="356,0,154,-58,240,0,240,68" /><INIT seed="2,0,0,1,1,91" ten="356,96,240,308" oya="2" hai0="51,115,35,8,12,14,15,65,0,78,107,133,95" hai1="59,19,82,89,52,127,110,3,73,39,111,84,93" hai2="23,70,33,62,75,13,126,104,124,101,42,7,108" hai3="36,99,43,122,49,102,87,2,118,117,31,79,92"/><V119/><F119/><W132/><G2/><T90/><D107/><U11/><E39/><V47/><F75/><W112/><G122/><T120/><D120/><U131/><E127/><N who="2" m="48683" /><F33/><W6/><G36/><T50/><D115/><U17/><E131/><V88/><F108/><N who="1" m="41513" /><E3/><V68/><F101/><W109/><G6/><T55/><D35/><U32/><E32/><V128/><F104/><W34/><G109/><T71/><D78/><N who="1" m="44367" /><E11/><N who="2" m="4351" /><F128/><W37/><G112/><T74/><D74/><U26/><E26/><V105/><F105/><W28/><G34/><T94/><D0/><U24/><E24/><V1/><F1/><W10/><G117/><T103/><D103/><U4/><E4/><V134/><F134/><W53/><G102/><T121/><D133/><U76/><E76/><V116/><F116/><W27/><G79/><T86/><D121/><U48/><AGARI ba="0,0" hai="17,19,48,52,59,84,89,93" m="44367,41513" machi="48" ten="30,4000,0" yaku="14,1,52,1,54,1" doraHai="91" who="1" fromWho="1" sc="356,-10,96,40,240,-20,308,-10" /><INIT seed="3,0,0,4,2,48" ten="346,136,220,298" oya="3" hai0="33,20,122,21,82,52,57,79,112,19,9,106,46" hai1="128,117,116,124,41,7,87,98,47,105,61,56,120" hai2="77,50,70,35,68,3,76,111,5,64,102,86,125" hai3="123,2,32,0,135,100,36,89,127,1,74,34,103"/><W93/><G123/><T11/><D33/><U29/><E120/><V23/><F111/><W109/><G36/><T96/><D122/><U45/><E7/><V90/><F35/><W114/><G114/><T15/><D46/><U22/><E105/><V84/><F102/><W72/><G109/><T80/><D112/><U99/><E87/><V12/><F3/><W10/><G10/><T40/><D40/><U65/><E29/><V18/><F5/><W63/><G63/><T58/><D58/><U88/><E22/><V31/><F31/><W38/><G38/><T129/><D129/><U16/><E16/><V43/><F125/><W75/><G75/><T27/><D96/><U44/><E128/><V59/><F43/><W81/><G0/><T60/><D106/><U71/><E124/><V67/><F70/><W25/><G135/><T101/><D101/><U91/><E71/><V78/><F68/><W55/><G81/><N who="0" m="31339" /><D79/><U110/><E110/><V54/><F84/><W107/><G107/><T95/><D95/><AGARI ba="0,0" hai="12,18,23,50,54,59,64,67,76,77,78,86,90,95" machi="95" ten="40,8000,1" yaku="25,2,8,1,52,1" doraHai="48" who="2" fromWho="0" sc="346,-80,136,0,220,80,298,0" owari="266,-13.4,136,-36.4,300,40.0,298,9.8" /></mjloggm>