<mjloggm ver="2.3"><GO type="225" lobby="0"/><UN n0="%E3%83%A1%E3%82%AC%E3%83%87%E3%82%B8" n1="%E3%81%82%E3%81%99%E3%81%AB%E3%82%83%E3%82%80" n2="%E8%BE%9B%E5%8F%A3%E3%82%AB%E3%83%AC%E3%83%BC%E3%83%A9%E3%82%A4%E3%82%B9" n3="%6D%75%75%6D%75%72%61" dan="16,16,16,17" rate="2045.98,2126.00,2221.34,2178.73" sx="F,F,M,F"/><TAIKYOKU oya="0"/><INIT seed="0,0,0,5,5,115" ten="250,250,250,250" oya="0" hai0="11,91,134,114,39,105,71,27,93,73,63,107,78" hai1="37,50,109,22,47,116,94,52,8,135,106,101,25" hai2="7,57,36,48,4,74,84,56,59,92,68,9,54" hai3="110,26,41,125,121,96,53,128,122,60,67,80,2"/><T85/><D114/><U76/><E109/><V62/><F74/><W5/><G5/><T132/><D39/><U83/><E135/><N who="0" m="51753" /><D27/><U98/><E37/><V44/><F36/><W28/><G28/><T70/><BYE who="3" /><D11/><U38/><E38/><V33/><F33/><W29/><G29/><T99/><D63/><U108/><E108/><V45/><F45/><W32/><G32/><T19/><D19/><U95/><E116/><V30/><F30/><W129/><G129/><T77/><D107/><U40/><E8/><V46/><F46/><W102/><G102/><N who="0" m="62687" /><D78/><U133/><E40/><V65/><REACH who="2" step="1"/><F9/><REACH who="2" ten="250,250,240,250" step="2"/><W23/><G23/><T97/><D73/><U16/><REACH who="1" step="1"/><E133/><REACH who="1" ten="250,240,240,250" step="2"/><V1/><F1/><W0/><G0/><T111/><D111/><U126/><E126/><V61/><F61/><W24/><G24/><T104/><D104/><U124/><E124/><V6/><F6/><W31/><G31/><T3/><D3/><U55/><E55/><V79/><F79/><W127/><G127/><T103/><D77/><U100/><E100/><V42/><F42/><W119/><G119/><T117/><D117/><U90/><E90/><AGARI ba="0,2" hai="4,7,44,48,54,56,57,59,62,65,68,84,90,92" machi="90" ten="40,1300,0" yaku="1,1,53,0" doraHai="115" doraHaiUra="34" who="2" fromWho="1" sc="250,0,240,-13,240,33,250,0" /><INIT seed="1,0,0,2,0,42" ten="250,227,273,250" oya="1" hai0="94,21,36,13,62,104,70,86,25,99,126,49,71" hai1="119,9,16,81,89,91,124,64,114,18,95,135,61" hai2="12,106,84,39,109,77,76,102,35,131,19,46,105" hai3="133,115,34,60,112,8,113,32,101,69,4,63,132"/><U82/><E114/><V41/><F109/><W117/><G117/><T20/><D36/><U58/><E119/><V134/><F131/><W40/><G40/><T6/><D126/><U75/><E124/><V56/><F35/><W92/><G92/><T50/><D104/><U10/><E135/><V87/><F134/><W80/><G80/><N who="1" m="30826" /><E75/><V68/><F68/><W72/><G72/><T7/><D86/><N who="1" m="52663" /><E91/><V118/><F118/><W23/><G23/><T96/><D94/><U52/><E64/><V17/><F102/><W90/><G90/><T120/><D13/><U37/><E37/><V53/><F105/><W65/><G65/><T24/><REACH who="0" step="1"/><D62/><REACH who="0" ten="240,227,273,250" step="2"/><U103/><E103/><V122/><F106/><W3/><G3/><T85/><D85/><U48/><E61/><V111/><F87/><W43/><G43/><T130/><D130/><U88/><E88/><V33/><F84/><W26/><G26/><T110/><D110/><U97/><E97/><V67/><F41/><W57/><G57/><T125/><D125/><U73/><E73/><V78/><F56/><W98/><G98/><T27/><D27/><U123/><E123/><AGARI ba="0,1" hai="6,7,20,21,24,25,49,50,70,71,96,99,120,123" machi="123" ten="25,3200,0" yaku="1,1,22,2,53,0" doraHai="42" doraHaiUra="127" who="0" fromWho="1" sc="240,42,227,-32,273,0,250,0" /><INIT seed="2,0,0,1,0,111" ten="282,195,273,250" oya="2" hai0="70,18,4,58,112,91,43,102,100,41,89,121,79" hai1="5,65,61,82,67,12,34,124,49,128,104,9,101" hai2="74,38,117,99,36,25,84,92,80,55,53,6,107" hai3="20,50,115,127,2,81,48,87,19,3,37,44,69"/><V31/><F117/><W0/><G0/><T7/><D70/><U47/><E128/><V59/><F74/><W122/><G122/><T29/><D29/><U120/><E124/><V27/><F107/><W118/><G118/><T32/><D32/><U135/><E120/><V52/><F6/><W46/><G46/><T116/><D121/><U97/><E135/><V54/><F38/><W21/><G21/><T11/><D116/><U68/><E34/><V23/><F36/><W15/><G15/><T83/><D18/><U95/><E82/><V78/><F27/><W85/><G85/><T66/><D58/><U35/><E35/><V94/><REACH who="2" step="1"/><F99/><REACH who="2" ten="282,195,263,250" step="2"/><W73/><G73/><T60/><D4/><U17/><E104/><V119/><F119/><W71/><G71/><T62/><D7/><U77/><E5/><V109/><F109/><W28/><G28/><T133/><D133/><U105/><E105/><V64/><F64/><W114/><G114/><T132/><D66/><U103/><E67/><V123/><F123/><W51/><G51/><AGARI ba="0,1" hai="23,25,31,51,52,53,54,55,59,78,80,84,92,94" machi="51" ten="40,7700,0" yaku="1,1,8,1,54,1,53,0" doraHai="111" doraHaiUra="98" who="2" fromWho="3" sc="282,0,195,0,263,87,250,-77" /><INIT seed="2,1,0,1,5,17" ten="282,195,350,173" oya="2" hai0="63,90,129,33,31,121,84,36,104,75,89,73,14" hai1="55,7,87,29,4,21,114,67,115,110,54,131,119" hai2="76,74,108,48,9,27,13,123,103,70,59,117,41" hai3="97,101,116,106,77,85,124,1,10,94,47,51,44"/><V57/><F117/><W18/><G18/><T34/><D121/><U83/><E119/><V38/><F123/><W39/><G39/><T22/><D36/><U49/><E110/><V3/><F70/><W24/><G24/><T109/><D104/><U0/><E131/><V16/><F103/><W118/><G118/><T130/><D63/><U15/><E67/><V95/><F3/><W81/><G81/><T86/><D14/><U92/><E92/><V107/><F107/><W61/><G61/><T113/><D31/><U105/><E105/><V135/><F135/><W35/><G35/><T127/><D127/><U133/><E133/><V132/><F132/><W56/><G56/><T88/><D109/><U82/><E29/><V64/><F38/><W80/><G80/><T112/><REACH who="0" step="1"/><D90/><REACH who="0" ten="272,195,350,173" step="2"/><U69/><E15/><V102/><F108/><W100/><G100/><T66/><D66/><U30/><E30/><V78/><F64/><W26/><G26/><T58/><D58/><U98/><E69/><V60/><F59/><W20/><G20/><AGARI ba="1,1" hai="20,22,33,34,73,75,84,86,88,89,112,113,129,130" machi="20" ten="25,12000,2" yaku="1,1,22,2,52,2,54,1,53,0" doraHai="17" doraHaiUra="128" who="0" fromWho="3" sc="272,133,195,0,350,0,173,-123" /><INIT seed="3,0,0,3,4,107" ten="405,195,350,50" oya="3" hai0="92,123,43,45,65,39,119,41,110,80,48,120,25" hai1="12,47,103,125,101,94,31,112,33,88,104,22,54" hai2="75,108,19,34,79,86,36,121,8,81,114,6,4" hai3="71,67,26,16,55,133,66,126,64,122,5,106,60"/><W116/><G116/><T7/><D7/><U1/><E1/><V13/><F114/><W91/><G91/><T21/><D119/><U109/><E112/><V2/><F108/><W78/><G78/><T82/><D110/><U135/><E109/><V42/><F121/><W113/><G113/><T32/><D32/><U90/><E135/><V40/><F34/><W3/><G3/><T20/><D65/><U77/><E77/><V117/><F117/><W131/><G131/><T14/><D39/><U84/><E33/><V118/><F118/><W93/><G93/><T11/><D43/><U97/><E125/><V46/><F42/><W38/><G38/><T87/><D123/><U27/><E104/><V128/><F128/><W115/><G115/><T100/><D120/><U127/><E127/><V59/><F59/><W124/><G124/><T68/><D68/><U17/><E47/><V44/><F44/><W62/><G62/><T51/><D51/><U10/><REACH who="1" step="1"/><E54/><REACH who="1" ten="405,185,350,50" step="2"/><V28/><F28/><W52/><G52/><T134/><D134/><U35/><E35/><V56/><F2/><W29/><G29/><T37/><D45/><U89/><E89/><V98/><F79/><W130/><G130/><T111/><D111/><U69/><E69/><V57/><F46/><W61/><G61/><T18/><D41/><U73/><E73/><V24/><F75/><W95/><G95/><T50/><D37/><U9/><E9/><V105/><F8/><W53/><G53/><T129/><D11/><U96/><E96/><V0/><F98/><W15/><G15/><T85/><D14/><RYUUKYOKU ba="0,1" sc="405,-10,185,30,350,-10,50,-10" hai1="10,12,17,22,27,31,84,88,90,94,97,101,103" owari="405,50.5,215,-18.5,340,14.0,40,-46.0" /></mjloggm>