<mjloggm ver="2.3"><GO type="225" lobby="0"/><UN n0="%E3%83%B4%E3%83%A0%EF%BC%99%E3%81%A6" n1="%72%69%6F%75%63%68%61%6E" n2="%E3%81%A1%E3%82%85%E3%81%86%E3%81%A9%E3%81%8F%E8%B1%A1%E3%81%95%E3%82%93" n3="%E8%90%BD%E6%97%A5" dan="16,17,16,19" rate="2147.48,2166.36,2152.05,2242.28" sx="M,M,M,F"/><TAIKYOKU oya="0"/><INIT seed="0,0,0,1,1,25" ten="250,250,250,250" oya="0" hai0="53,42,67,45,28,107,40,109,63,90,64,135,71" hai1="65,125,46,126,4,12,55,36,130,5,102,72,116" hai2="121,19,22,57,127,11,117,81,98,77,129,27,88" hai3="61,106,68,114,34,15,29,134,113,97,87,110,8"/><T111/><D107/><U73/><E116/><V44/><F121/><W31/><G110/><N who="0" m="41995" /><D90/><U69/><E130/><V103/><F127/><N who="1" m="48649" /><E102/><V115/><F115/><W3/><G3/><T86/><D86/><U0/><E0/><V70/><F70/><W16/><G134/><T24/><D135/><U75/><E12/><V123/><F123/><W66/><G87/><T92/><D92/><U79/><E79/><V18/><F129/><W20/><G8/><T76/><D76/><U62/><E55/><V96/><F117/><W32/><G32/><N who="0" m="20487" /><D67/><U59/><E69/><V9/><F44/><W49/><G49/><AGARI ba="0,0" hai="40,42,45,49,53,63,64,71" m="20487,41995" machi="49" ten="30,5800,0" yaku="14,1,10,1,52,1" doraHai="25" who="0" fromWho="3" sc="250,58,250,0,250,0,250,-58" /><INIT seed="0,1,0,4,2,48" ten="308,250,250,192" oya="0" hai0="111,61,24,5,11,75,91,7,97,9,89,114,123" hai1="12,88,81,58,65,117,86,27,119,108,99,133,56" hai2="107,116,23,16,6,33,90,105,54,77,128,44,106" hai3="104,60,83,72,79,1,130,64,30,68,34,10,43"/><T120/><D114/><U51/><E108/><V113/><F113/><W26/><G43/><T19/><D75/><U14/><E133/><V66/><F66/><W4/><REACH who="3" step="1"/><G130/><REACH who="3" ten="308,250,250,182" step="2"/><T38/><D111/><U126/><E119/><V85/><F116/><W0/><G0/><T92/><D120/><U50/><E117/><V28/><F128/><W13/><G13/><T3/><D123/><U47/><E14/><V20/><F107/><AGARI ba="1,1" hai="1,4,10,26,30,34,60,64,68,72,79,83,104,107" machi="107" ten="40,8000,1" yaku="1,1,33,3,53,0" doraHai="48" doraHaiUra="95" who="3" fromWho="2" sc="308,0,250,0,250,-83,182,93" /><INIT seed="1,0,0,5,0,82" ten="308,250,167,275" oya="1" hai0="106,22,113,15,122,114,94,121,79,58,119,42,6" hai1="13,131,90,104,2,41,62,33,50,56,88,16,91" hai2="65,107,60,63,125,0,28,74,24,111,59,37,9" hai3="30,8,95,55,77,96,100,26,127,128,92,69,75"/><U112/><E112/><V44/><F107/><W12/><G127/><T54/><D106/><U105/><E2/><V76/><F111/><W19/><G128/><T7/><D119/><U46/><E33/><V134/><F134/><W3/><G3/><T57/><D42/><U85/><E131/><V45/><F125/><W20/><G69/><T102/><D79/><U17/><E17/><V89/><F37/><W51/><G77/><T98/><D22/><N who="1" m="11535" /><E105/><V72/><F89/><W67/><G75/><T129/><D129/><U135/><E104/><V80/><F74/><W40/><G40/><T21/><D21/><U52/><E135/><V87/><F72/><W4/><G67/><T110/><D110/><U61/><E62/><V84/><F63/><W29/><REACH who="3" step="1"/><G92/><AGARI ba="0,0" hai="41,46,50,52,56,61,85,88,90,91,92" m="11535" machi="92" ten="30,12000,1" yaku="8,1,52,1,54,3" doraHai="82" who="1" fromWho="3" sc="308,0,250,120,167,0,275,-120" /><INIT seed="1,1,0,0,4,62" ten="308,370,167,155" oya="1" hai0="3,49,9,46,24,71,17,98,101,64,124,37,99" hai1="102,132,89,79,70,68,48,13,26,30,63,81,107" hai2="85,91,41,45,44,72,61,123,95,78,5,33,106" hai3="96,14,100,23,4,93,84,38,112,103,87,122,109"/><U69/><E132/><V25/><F123/><W66/><G122/><T94/><D37/><U53/><E89/><V92/><F106/><W58/><G112/><T86/><D124/><U76/><E13/><V56/><F5/><W88/><G109/><T40/><D3/><U31/><E31/><V110/><F110/><W117/><G38/><T51/><D51/><U55/><E55/><V134/><F134/><W12/><G117/><T6/><D6/><U27/><E27/><V108/><F108/><W90/><G4/><T74/><D74/><U119/><E119/><V43/><F78/><W115/><G115/><T131/><D131/><U130/><E130/><V118/><F72/><W128/><G128/><T0/><D0/><U16/><E16/><V32/><F118/><W50/><G50/><T59/><D71/><U116/><E116/><V60/><F25/><W11/><G11/><T105/><D86/><N who="3" m="32809" /><G90/><T10/><D24/><U54/><E63/><V21/><F21/><W82/><G82/><T18/><D9/><U7/><E7/><V47/><F92/><W20/><G20/><T104/><D10/><U57/><E53/><V52/><REACH who="2" step="1"/><F60/><REACH who="2" ten="308,370,157,155" step="2"/><N who="3" m="38167" /><G23/><T75/><D75/><U121/><E121/><V113/><F113/><W39/><G39/><T8/><D8/><U34/><REACH who="1" step="1"/><E81/><REACH who="1" ten="308,360,157,155" step="2"/><V19/><F19/><W67/><G67/><T65/><D65/><U125/><E125/><V29/><F29/><W42/><G42/><AGARI ba="1,2" hai="32,33,41,42,43,44,45,47,52,56,61,85,91,95" machi="42" ten="40,2600,0" yaku="1,1,54,1,53,0" doraHai="62" doraHaiUra="129" who="2" fromWho="3" sc="308,0,360,0,157,49,155,-29" /><INIT seed="2,0,0,0,5,24" ten="308,360,206,126" oya="2" hai0="17,32,58,3,79,38,67,106,47,89,12,20,132" hai1="111,123,41,11,22,119,87,81,112,109,121,23,104" hai2="72,44,91,53,39,57,99,21,52,5,85,74,97" hai3="46,26,122,56,84,94,95,128,96,42,116,37,27"/><V13/><F74/><W19/><G116/><T6/><D106/><U73/><E104/><V33/><F33/><W64/><G122/><N who="1" m="46602" /><E73/><V135/><F135/><W101/><G128/><T103/><D103/><U110/><E41/><V29/><F39/><W127/><G127/><T118/><D79/><U4/><E112/><V130/><F72/><W76/><G19/><T50/><D118/><U35/><E35/><V28/><F130/><W124/><G124/><T68/><D32/><U113/><E113/><V16/><F5/><W2/><G2/><T80/><D132/><U78/><E119/><V43/><F43/><W75/><G75/><T18/><D68/><U107/><E107/><V55/><F44/><W54/><G64/><T63/><D38/><U70/><E70/><V90/><F57/><W62/><REACH who="3" step="1"/><G76/><REACH who="3" ten="308,360,206,116" step="2"/><T77/><D77/><U48/><E48/><V49/><F49/><W40/><G40/><T34/><D50/><U7/><E7/><V14/><F14/><AGARI ba="0,1" hai="4,11,14,22,23,78,81,87,109,110,111" m="46602" machi="14" ten="40,2600,0" yaku="14,1,13,1" doraHai="24" who="1" fromWho="2" sc="308,0,360,36,206,-26,116,0" /><INIT seed="3,0,0,1,2,27" ten="308,396,180,116" oya="3" hai0="79,110,114,131,65,48,45,129,120,108,123,41,122" hai1="15,0,98,9,10,92,2,37,16,119,43,57,105" hai2="56,68,21,102,107,103,49,75,121,84,67,104,34" hai3="93,94,3,97,47,128,62,81,52,18,40,44,125"/><W109/><G125/><T61/><D79/><U42/><E105/><V36/><F36/><W55/><G128/><N who="0" m="49227" /><D114/><U112/><E112/><V23/><F75/><W133/><G133/><T5/><D5/><U80/><E119/><V91/><F34/><W24/><G3/><T8/><D8/><U28/><E28/><V115/><F68/><W87/><G109/><N who="0" m="42091" /><D120/><U12/><E37/><V88/><F115/><W30/><G18/><T124/><D124/><U82/><E57/><AGARI ba="0,0" hai="41,45,48,57,61,65,122,123" m="42091,49227" machi="57" ten="30,7700,0" yaku="19,1,14,1,34,2" doraHai="27" who="0" fromWho="1" sc="308,77,396,-77,180,0,116,0" owari="385,48.5,319,11.9,180,-22.0,116,-38.4" /></mjloggm>