<mjloggm ver="2.3"><GO type="225" lobby="0"/><UN n0="%E2%91%A3%E9%81%BF%E9%81%8A%E6%88%AF%E3%80%90%E6%9D%B1%E5%8D%97%E3%80%91" n1="%63%62%69%73%6B%65%74" n2="%E6%A1%9C%E8%8A%B1%E9%96%83%E3%80%85" n3="%E3%82%AF%E3%82%A3%E3%82%A6" dan="16,16,16,16" rate="2116.84,2034.86,2120.85,2106.04" sx="M,M,M,F"/><TAIKYOKU oya="0"/><INIT seed="0,0,0,4,5,45" ten="250,250,250,250" oya="0" hai0="24,84,1,107,131,104,106,11,85,28,73,6,34" hai1="48,0,124,96,55,8,74,50,17,42,98,118,99" hai2="30,114,82,14,122,75,94,81,12,125,123,25,36" hai3="116,97,33,47,59,127,119,64,88,16,66,89,117"/><T134/><D84/><U9/><E118/><V26/><F36/><W43/><G33/><T5/><D85/><U115/><E74/><V57/><F114/><W52/><G127/><T46/><D131/><U128/><E124/><V19/><F125/><W91/><G97/><T27/><D134/><U41/><E128/><V132/><F132/><W92/><G92/><T44/><D73/><U113/><E0/><V2/><F2/><W18/><G47/><T35/><REACH who="0" step="1"/><D5/><REACH who="0" ten="240,250,250,250" step="2"/><U105/><E113/><V61/><F75/><W90/><N who="3" m="22528" /><DORA hai="100" /><W32/><G32/><T112/><D112/><U20/><E115/><V63/><F82/><W93/><G93/><T22/><D22/><U102/><E20/><V83/><F81/><W68/><G43/><T39/><D39/><U15/><E42/><V111/><F83/><W129/><G129/><T77/><D77/><U135/><E135/><V49/><F94/><W4/><G4/><T58/><D58/><U29/><E41/><V10/><F57/><W95/><G95/><T13/><D13/><U23/><E15/><V69/><F14/><W60/><REACH who="3" step="1"/><G68/><REACH who="3" ten="240,250,250,240" step="2"/><T38/><D38/><U80/><E99/><V65/><F69/><W71/><G71/><T3/><D3/><U76/><E98/><V103/><F10/><W110/><G110/><T72/><D72/><U51/><E9/><V101/><F111/><W70/><G70/><T108/><D108/><U67/><E8/><V21/><F103/><W31/><G31/><AGARI ba="0,2" hai="1,6,11,24,27,28,31,34,35,44,46,104,106,107" machi="31" ten="40,12000,1" yaku="1,1,9,1,52,3,53,0" doraHai="45,100" doraHaiUra="133,79" who="0" fromWho="3" sc="240,140,250,0,250,0,240,-120" /><INIT seed="0,1,0,1,1,125" ten="380,250,250,120" oya="0" hai0="14,87,109,70,108,114,133,0,2,118,85,19,67" hai1="115,93,80,98,37,40,13,31,89,51,25,107,42" hai2="48,122,27,75,116,128,121,62,117,119,101,12,29" hai3="7,84,90,1,103,65,21,28,112,68,38,69,60"/><T16/><D118/><U26/><E37/><V135/><F135/><W4/><G112/><T30/><D114/><U81/><E115/><V18/><F75/><W55/><G38/><T10/><D133/><U123/><E123/><N who="2" m="47115" /><F62/><W77/><G69/><T8/><D30/><U17/><E107/><V124/><F101/><W39/><G39/><T59/><D70/><U131/><E131/><V82/><F82/><N who="1" m="31849" /><E31/><V129/><F48/><W104/><G77/><T47/><D47/><N who="1" m="26087" /><E42/><V63/><F63/><W113/><G113/><T91/><D67/><U35/><E35/><N who="2" m="20927" /><F124/><W66/><G66/><T36/><D59/><U76/><E76/><V74/><F74/><W33/><G104/><T44/><D44/><U24/><E24/><V58/><F58/><W71/><G68/><T52/><D52/><U45/><E45/><V102/><F102/><W57/><G103/><T41/><D41/><U110/><E110/><N who="0" m="42601" /><D36/><U54/><E54/><V120/><N who="2" m="47123" /><V11/><AGARI ba="1,0" hai="11,12,18,116,117,119,128,129" m="20927,47123" machi="11" ten="50,12000,2" yaku="4,1,12,1,34,2,52,2" doraHai="125" who="2" fromWho="2" sc="380,-61,250,-31,250,123,120,-31" /><INIT seed="1,0,0,5,2,64" ten="319,219,373,89" oya="1" hai0="5,4,89,97,94,123,115,126,79,45,14,20,57" hai1="71,85,111,72,38,40,17,82,96,98,13,31,68" hai2="128,78,29,127,131,135,21,61,107,39,116,66,59" hai3="44,75,102,47,108,37,54,24,88,117,113,41,51"/><U119/><E119/><V42/><F107/><W90/><G113/><T95/><D115/><U23/><E72/><V49/><F116/><W134/><G108/><T33/><D33/><U36/><E111/><V87/><F39/><W50/><G117/><T52/><D123/><U125/><E125/><V121/><F121/><W118/><G118/><T3/><D3/><U55/><E31/><V124/><F87/><W8/><G75/><T53/><D79/><U34/><E34/><V100/><F100/><W109/><G109/><T77/><D77/><U103/><E55/><N who="2" m="32239" /><F78/><W104/><G134/><T15/><D45/><U84/><E84/><V58/><F42/><W19/><G37/><T69/><D20/><U7/><E7/><V16/><F29/><W73/><G73/><T130/><D57/><U110/><E110/><V112/><F135/><W91/><G24/><T28/><D28/><U129/><E129/><N who="2" m="49739" /><F112/><W101/><REACH who="3" step="1"/><G104/><REACH who="3" ten="319,219,373,79" step="2"/><T22/><D130/><U106/><E38/><V83/><F83/><W9/><G9/><T25/><D25/><AGARI ba="0,1" hai="16,21,25,58,61,66,124,127" m="49739,32239" machi="25" ten="30,2000,0" yaku="19,1,54,1" doraHai="64" who="2" fromWho="0" sc="319,-20,219,0,373,30,79,0" /><INIT seed="2,0,0,2,2,116" ten="299,219,403,79" oya="2" hai0="28,18,80,88,25,33,58,2,22,108,30,99,74" hai1="6,71,68,131,134,16,57,115,102,121,59,101,77" hai2="72,83,79,69,17,81,89,63,50,123,125,122,135" hai3="112,130,103,26,84,54,92,21,104,113,111,29,31"/><V126/><F50/><W3/><G111/><T43/><D108/><U107/><E115/><V61/><F17/><W91/><G3/><T90/><D2/><U106/><E131/><V40/><F40/><W52/><G130/><T42/><D74/><U8/><E16/><V85/><F135/><W37/><G37/><T24/><D18/><U41/><E77/><V39/><F39/><W75/><G31/><T1/><D1/><U27/><E27/><V133/><F133/><W49/><G75/><T11/><D11/><U118/><E134/><V129/><F129/><W65/><G65/><T66/><D66/><U95/><E95/><V98/><F98/><W86/><G86/><T55/><D90/><U34/><E34/><V62/><F69/><W93/><G104/><T45/><D45/><U96/><E96/><V35/><REACH who="2" step="1"/><F35/><REACH who="2" ten="299,219,393,79" step="2"/><W10/><G113/><T12/><D99/><U87/><E41/><V36/><F36/><W20/><G112/><T19/><D43/><U73/><E68/><V14/><F14/><W38/><G38/><T70/><D42/><U7/><E71/><V114/><F114/><W78/><G20/><T44/><D70/><U53/><E118/><V13/><F13/><W23/><G21/><T47/><D12/><U110/><E110/><V51/><F51/><W46/><G10/><T4/><D19/><U64/><E8/><V109/><F109/><W32/><G32/><T60/><D4/><U124/><E7/><V119/><F119/><W100/><G54/><T127/><D127/><AGARI ba="0,1" hai="61,62,63,72,79,81,83,85,89,122,123,125,126,127" machi="127" ten="40,12000,1" yaku="1,1,18,1,52,2,53,0" doraHai="116" doraHaiUra="5" who="2" fromWho="0" sc="299,-120,219,0,393,130,79,0" /><INIT seed="2,1,0,5,4,42" ten="179,219,523,79" oya="2" hai0="7,100,111,71,93,3,119,96,97,75,126,16,77" hai1="117,81,91,46,90,110,101,106,120,89,109,47,32" hai2="99,58,27,129,1,135,61,13,92,67,130,74,70" hai3="68,12,73,105,83,49,18,45,102,23,44,115,22"/><V6/><F1/><W20/><G68/><T104/><D71/><U66/><E117/><V56/><F74/><W59/><G105/><T35/><D119/><U107/><E120/><V87/><F87/><W133/><G133/><T60/><D35/><U65/><E32/><V79/><F79/><W36/><G115/><T95/><D7/><U123/><E123/><V94/><F27/><W80/><G73/><T40/><D3/><U9/><E9/><N who="2" m="4279" /><F135/><W86/><G36/><T4/><D4/><U11/><E11/><V41/><F41/><W48/><G102/><T134/><D40/><U54/><E54/><V34/><F34/><W37/><G37/><T19/><D60/><U116/><E116/><V10/><F10/><N who="3" m="6423" /><G59/><N who="2" m="22569" /><F99/><W84/><G80/><T118/><D134/><U72/><E72/><V8/><F8/><W29/><G86/><T85/><D118/><U25/><E81/><V33/><F33/><W69/><G69/><T53/><D75/><U88/><E106/><V114/><F114/><W57/><G57/><T132/><D104/><U127/><E107/><V5/><F5/><W30/><G49/><T2/><D2/><U125/><E101/><V113/><F113/><W128/><G128/><AGARI ba="1,0" hai="61,67,70,92,94,128,129,130" m="22569,4279" machi="128" ten="30,1500,0" yaku="19,1" doraHai="42" who="2" fromWho="3" sc="179,0,219,0,523,18,79,-18" /><INIT seed="2,2,0,4,3,69" ten="179,219,541,61" oya="2" hai0="23,131,120,4,78,41,65,56,82,19,64,14,31" hai1="119,85,102,25,127,53,92,67,0,49,93,24,122" hai2="83,47,66,45,90,63,94,91,70,28,71,135,72" hai3="112,38,86,35,77,128,88,26,8,33,52,80,39"/><V118/><F118/><W40/><G40/><T42/><D120/><U124/><E119/><V2/><F2/><W17/><G112/><T113/><D113/><U58/><E122/><V10/><F135/><W3/><G128/><T79/><D131/><U106/><E0/><V123/><F123/><W18/><G77/><T59/><D4/><U97/><E67/><V101/><F70/><W107/><G107/><T43/><D31/><U103/><E85/><V126/><F126/><N who="1" m="48169" /><E103/><V95/><F28/><W89/><G3/><T36/><D36/><U32/><E32/><V16/><F101/><W115/><G115/><T13/><D82/><U99/><E99/><V84/><F72/><W105/><G105/><T22/><D43/><U48/><E48/><V61/><F61/><W108/><G108/><T87/><D87/><U50/><E49/><V34/><F34/><W132/><G8/><T5/><D5/><U27/><AGARI ba="2,0" hai="24,25,27,50,53,58,92,93,97,102,106" m="48169" machi="27" ten="30,1100,0" yaku="18,1" doraHai="69" who="1" fromWho="1" sc="179,-5,219,17,541,-7,61,-5" /><INIT seed="3,0,0,4,1,23" ten="174,236,534,56" oya="3" hai0="110,101,119,133,90,81,59,53,134,58,98,107,28" hai1="10,44,17,86,89,68,30,18,31,4,50,93,38" hai2="35,102,126,20,100,2,69,13,106,9,96,103,37" hai3="92,8,109,63,46,42,71,27,6,122,34,94,64"/><W118/><G118/><T49/><D119/><U91/><E68/><V75/><F35/><W108/><G122/><T128/><D110/><N who="3" m="42601" /><G8/><T19/><D128/><U60/><E38/><V24/><F37/><N who="3" m="21839" /><G6/><T112/><D112/><U114/><E60/><V88/><F9/><W113/><G113/><T84/><D19/><N who="1" m="7179" /><E91/><V57/><F102/><W131/><G131/><T132/><D28/><AGARI ba="0,0" hai="27,28,34,63,64,71,92,94" m="21839,42601" machi="28" ten="30,5800,0" yaku="14,1,10,1,52,1" doraHai="23" who="3" fromWho="0" sc="174,-58,236,0,534,0,56,58" /><INIT seed="3,1,0,3,1,22" ten="116,236,534,114" oya="3" hai0="81,56,101,49,64,124,1,133,94,33,76,110,68" hai1="54,2,78,92,127,103,32,79,66,125,128,48,65" hai2="5,114,4,74,36,9,0,77,42,135,40,85,16" hai3="109,119,121,30,53,52,132,72,112,31,105,87,47"/><W19/><G112/><T89/><D1/><U26/><E2/><V106/><F74/><W37/><G119/><T15/><D33/><U80/><E128/><V102/><F5/><W71/><G121/><T113/><D68/><U107/><E107/><V63/><F63/><W59/><G72/><T95/><D113/><U45/><E32/><V120/><F85/><W69/><G105/><T75/><D110/><U129/><E26/><V29/><F29/><N who="3" m="10763" /><G47/><T118/><D118/><U82/><E129/><V34/><F36/><W39/><G87/><T43/><D101/><U55/><E55/><N who="3" m="21066" /><G59/><T108/><D108/><U17/><E82/><V8/><F106/><W111/><G111/><T50/><BYE who="3" /><D56/><UN n3="%E3%82%AF%E3%82%A3%E3%82%A6" /><U28/><E80/><V14/><F34/><W12/><G109/><T24/><D64/><U27/><E66/><V10/><F114/><W131/><G131/><T130/><D130/><U134/><E65/><V117/><F117/><W7/><G7/><T126/><D75/><U44/><E44/><V97/><F120/><W98/><G98/><T62/><D62/><U13/><E45/><V57/><F57/><W96/><G96/><T25/><D43/><U58/><E58/><V21/><F4/><W90/><G90/><T35/><D89/><U115/><E115/><V84/><F0/><W61/><G132/><T99/><D133/><U11/><E134/><V116/><F135/><W38/><G61/><T88/><D99/><U104/><E104/><N who="2" m="63567" /><F116/><W51/><G51/><T86/><D88/><U73/><E48/><N who="0" m="18537" /><D86/><U3/><E73/><V93/><F84/><W91/><G91/><RYUUKYOKU ba="1,0" sc="116,-10,236,-10,534,-10,114,30" hai3="12,19,37,38,39,69,71" /><INIT seed="3,2,0,1,4,98" ten="106,226,524,144" oya="3" hai0="96,21,92,50,118,19,95,114,25,109,49,31,119" hai1="24,94,126,130,56,134,102,64,72,44,90,77,10" hai2="38,93,16,91,76,106,46,101,54,74,1,75,125" hai3="123,55,23,29,135,48,61,5,121,37,113,36,41"/><W62/><G23/><T18/><D114/><U66/><E102/><V83/><F1/><W47/><G29/><T2/><D2/><U108/><E108/><V43/><F125/><W39/><G5/><T73/><D73/><U57/><E126/><V17/><F75/><W13/><G13/><T127/><D109/><U80/><E130/><V111/><F111/><W88/><G88/><T14/><D127/><U26/><E134/><V45/><F101/><W69/><G113/><T34/><D95/><U85/><E44/><V133/><F106/><W124/><G124/><T67/><D67/><N who="1" m="25643" /><E72/><V104/><F104/><W53/><G135/><T71/><D71/><U52/><E56/><V131/><F131/><W107/><G107/><T87/><D19/><U105/><E105/><V84/><F133/><W27/><G27/><T33/><D34/><U9/><E26/><V8/><F8/><W3/><G3/><T120/><D120/><N who="3" m="46153" /><G69/><T28/><D28/><U6/><E24/><V100/><F100/><W99/><G99/><T117/><D87/><N who="1" m="48527" /><E6/><V4/><F4/><W89/><G89/><T129/><D129/><U122/><E122/><V15/><F15/><W60/><AGARI ba="2,0" hai="36,37,39,41,47,48,53,55,60,61,62" m="46153" machi="60" ten="40,3900,0" yaku="34,2" doraHai="98" who="3" fromWho="3" sc="106,-15,226,-15,524,-15,144,45" /><INIT seed="3,3,0,4,5,77" ten="91,211,509,189" oya="3" hai0="116,29,76,109,108,100,40,89,79,118,18,110,80" hai1="105,92,53,8,78,125,119,56,107,50,37,11,87" hai2="133,59,3,26,57,114,106,27,42,19,127,99,10" hai3="12,17,75,23,129,122,123,32,35,98,74,70,95"/><W6/><G70/><T58/><D29/><U25/><E37/><V61/><F114/><W62/><G62/><T39/><D39/><U47/><E125/><V31/><F127/><W84/><G84/><N who="0" m="50311" /><D40/><U124/><E124/><V16/><F42/><W33/><G129/><T131/><D58/><U63/><E119/><N who="0" m="45609" /><D18/><U93/><E105/><V22/><F133/><W28/><G28/><T54/><D54/><U64/><E107/><V94/><F106/><W9/><G122/><T38/><D38/><U41/><E25/><V60/><F3/><W2/><REACH who="3" step="1"/><G123/><REACH who="3" ten="91,211,509,179" step="2"/><T91/><D131/><U51/><E87/><V101/><F61/><W21/><G21/><T65/><D65/><U68/><E68/><V45/><F60/><W13/><G13/><T44/><D44/><U0/><E64/><V73/><F45/><W135/><G135/><T14/><D14/><U82/><E63/><V1/><F31/><W130/><G130/><T30/><D30/><U115/><E47/><V48/><F22/><W113/><G113/><T7/><D7/><U46/><E115/><V86/><F86/><W134/><G134/><T71/><D71/><U103/><E41/><V36/><F27/><W69/><G69/><T85/><D100/><AGARI ba="3,1" hai="2,6,9,12,17,23,32,33,35,74,75,95,98,100" machi="100" ten="40,2000,0" yaku="1,1,53,0" doraHai="77" doraHaiUra="43" who="3" fromWho="0" sc="91,-29,211,0,509,0,179,39" /><INIT seed="3,4,0,2,2,122" ten="62,211,509,218" oya="3" hai0="19,71,87,123,6,18,20,36,28,63,29,9,95" hai1="72,73,17,88,112,35,98,21,109,52,105,103,3" hai2="7,129,12,57,38,110,75,16,13,10,80,2,59" hai3="84,30,134,86,43,25,107,135,31,70,40,24,32"/><W85/><G107/><T58/><D123/><U62/><E35/><V42/><F110/><W126/><G126/><T101/><D71/><U34/><E34/><V89/><F129/><W22/><G70/><T118/><D36/><U47/><E112/><V69/><F69/><W26/><G22/><T111/><D118/><U67/><E109/><V82/><F13/><W99/><G99/><T27/><D111/><U68/><E3/><V61/><F89/><W66/><G66/><T14/><D29/><N who="3" m="10761" /><G32/><T83/><D83/><U132/><E132/><AGARI ba="4,0" hai="24,25,26,40,43,84,85,86,132,134,135" m="10761" machi="132" ten="40,7700,0" yaku="28,2,20,1" doraHai="122" who="3" fromWho="1" sc="62,0,211,-89,509,0,218,89" /><INIT seed="3,5,0,1,3,62" ten="62,122,509,307" oya="3" hai0="86,13,30,72,107,135,38,26,66,112,130,24,65" hai1="115,120,59,12,10,31,129,89,78,108,32,73,81" hai2="90,9,68,2,53,58,0,104,1,40,106,44,22" hai3="42,56,126,67,96,60,124,88,37,17,131,84,61"/><W29/><G131/><T4/><D72/><U98/><E115/><V105/><F68/><W18/><G29/><T114/><D107/><U99/><E108/><V93/><F22/><W43/><G96/><T7/><D38/><U45/><E129/><V75/><F75/><W133/><G133/><T100/><D130/><U5/><E120/><V118/><F118/><W122/><G122/><T134/><D100/><U28/><E45/><V123/><F123/><W46/><G61/><T3/><D86/><U14/><E59/><V6/><F53/><W111/><G43/><T103/><D103/><U121/><E121/><V36/><REACH who="2" step="1"/><F58/><REACH who="2" ten="62,122,499,307" step="2"/><W113/><G113/><N who="0" m="43627" /><D3/><U15/><E73/><V54/><F54/><W70/><G111/><T101/><D101/><U34/><E32/><V21/><F21/><W125/><REACH who="3" step="1"/><G70/><REACH who="3" ten="62,122,499,297" step="2"/><T82/><D30/><U77/><E34/><V95/><F95/><AGARI ba="5,2" hai="17,18,37,42,46,56,60,67,84,88,95,124,125,126" machi="95" ten="40,12000,1" yaku="1,1,2,1,18,1,52,1,54,1,53,0" doraHai="62" doraHaiUra="49" who="3" fromWho="2" sc="62,0,122,0,499,-135,297,155" owari="62,-43.8,122,-27.8,364,16.4,452,55.2" /></mjloggm>