<mjloggm ver="2.3"><GO type="225" lobby="0"/><UN n0="%E3%81%B8%E3%82%80%E3%81%B8%E3%82%80%EF%BC%92%E5%8F%B7" n1="%E3%81%B7%E3%82%8A%E3%82%93%E8%81%96%E4%BA%BA" n2="%E4%B8%8B%E6%AE%B5%E3%83%81%E3%82%A7%E3%83%AA%E3%83%BC" n3="%45%6C%79%73%69%75%6D" dan="17,16,16,17" rate="2184.89,2146.53,2149.55,2159.53" sx="M,M,M,F"/><TAIKYOKU oya="0"/><INIT seed="0,0,0,0,4,70" ten="250,250,250,250" oya="0" hai0="51,79,43,116,129,3,81,26,14,128,23,39,44" hai1="55,20,17,125,118,132,127,66,7,124,19,31,71" hai2="10,13,30,52,114,49,93,99,95,68,54,5,50" hai3="65,91,78,8,16,109,1,25,135,59,41,4,102"/><T106/><D116/><U38/><E118/><V117/><F117/><W33/><G109/><T103/><D3/><U131/><E7/><V77/><F68/><W58/><G135/><T47/><D14/><U121/><E121/><V67/><F67/><W21/><G78/><T105/><D103/><U83/><E132/><V88/><F114/><W24/><G102/><T12/><D12/><U94/><E83/><V74/><F74/><W34/><G34/><T11/><D11/><U112/><E112/><V130/><F130/><N who="0" m="50282" /><D23/><U56/><E66/><V115/><F115/><W92/><G65/><T90/><D26/><U62/><E71/><V108/><F108/><W46/><G25/><T123/><D90/><U126/><E131/><V37/><F37/><W85/><REACH who="3" step="1"/><G33/><REACH who="3" ten="250,250,250,240" step="2"/><T40/><D123/><U45/><E124/><V72/><F77/><W122/><G122/><T101/><D101/><U60/><E125/><V82/><F72/><AGARI ba="0,1" hai="39,40,43,44,47,51,72,79,81,105,106" m="50282" machi="72" ten="30,2900,0" yaku="19,1,52,1" doraHai="70" who="0" fromWho="2" sc="250,39,250,0,250,-29,240,0" /><INIT seed="0,1,0,1,4,68" ten="289,250,221,240" oya="0" hai0="116,1,32,52,103,58,122,84,131,44,121,115,125" hai1="85,79,130,2,37,90,10,43,21,42,66,135,67" hai2="46,27,45,3,18,94,63,119,98,73,93,22,107" hai3="106,39,120,15,36,61,81,34,8,78,129,49,0"/><T126/><D32/><U71/><E130/><V16/><F73/><W76/><G106/><T35/><D35/><U28/><E79/><V4/><F107/><W13/><G34/><T86/><D1/><U69/><E28/><V11/><F119/><W124/><G0/><T72/><D72/><U53/><E2/><V108/><F108/><W47/><G129/><T111/><D131/><U117/><E21/><V62/><F18/><W14/><G124/><N who="0" m="47723" /><D115/><U132/><E10/><V114/><F114/><W113/><G113/><T17/><D103/><U29/><E29/><V83/><F83/><W6/><G120/><N who="0" m="46187" /><D116/><U33/><E33/><V97/><F94/><W96/><G96/><T31/><D31/><U54/><E90/><V70/><F97/><W89/><G61/><N who="0" m="36039" /><D111/><U128/><E85/><V74/><F74/><W38/><G89/><T60/><D60/><U118/><REACH who="1" step="1"/><E128/><REACH who="1" ten="289,240,221,240" step="2"/><V87/><F87/><N who="3" m="48551" /><G78/><T102/><D102/><U56/><E56/><V51/><F62/><W12/><G12/><T104/><D84/><U65/><E65/><V75/><F75/><W9/><G9/><T133/><D86/><U77/><E77/><V19/><F19/><W24/><G24/><T5/><D17/><U20/><E20/><V7/><F7/><W112/><G112/><T109/><D5/><U25/><E25/><V41/><F98/><W26/><G26/><T82/><D109/><U40/><E40/><AGARI ba="1,1" hai="6,8,13,14,15,36,38,39,40,47,49" m="48551" machi="40" ten="30,7700,0" yaku="25,1,52,3" doraHai="68" who="3" fromWho="1" sc="289,0,240,-80,221,0,240,90" /><INIT seed="1,0,0,3,2,97" ten="289,160,221,330" oya="1" hai0="1,5,117,10,94,134,60,65,25,85,39,2,6" hai1="82,113,98,135,127,3,52,37,16,67,69,133,100" hai2="62,110,74,22,106,124,50,63,108,89,46,58,55" hai3="102,86,31,93,57,40,11,61,119,116,30,105,13"/><U29/><E37/><V24/><F74/><W103/><G105/><T66/><D117/><N who="3" m="45129" /><G40/><T41/><D134/><N who="1" m="51211" /><E3/><V19/><F106/><W99/><G86/><T104/><D104/><N who="1" m="63511" /><E29/><V9/><F124/><W33/><G102/><T111/><D111/><N who="2" m="42538" /><F9/><W71/><G71/><T34/><D41/><U120/><E120/><V96/><F46/><W43/><G43/><T47/><D39/><U129/><E127/><V88/><F96/><W38/><G38/><T130/><D1/><U81/><E113/><V45/><F62/><W78/><G78/><T15/><D60/><N who="1" m="40167" /><E129/><V90/><F90/><W54/><G33/><T72/><D34/><U131/><E131/><V8/><F8/><W32/><G32/><T20/><D10/><U77/><E77/><V101/><F101/><W64/><G64/><AGARI ba="0,0" hai="19,22,24,45,50,55,58,63,64,88,89" m="42538" machi="64" ten="30,2000,0" yaku="14,1,54,1" doraHai="97" who="2" fromWho="3" sc="289,0,160,0,221,20,330,-20" /><INIT seed="2,0,0,4,2,10" ten="289,160,241,310" oya="2" hai0="107,28,20,83,121,62,126,14,91,134,23,117,55" hai1="9,37,131,31,49,13,123,88,82,29,100,46,48" hai2="53,52,105,45,122,101,38,94,56,104,4,133,58" hai3="67,72,18,51,106,39,27,78,95,129,75,61,40"/><V98/><F122/><W2/><G106/><T47/><D121/><U92/><E131/><V64/><F133/><W19/><G129/><T124/><D107/><U54/><E37/><V74/><F74/><W63/><G2/><T118/><D134/><U0/><E0/><V69/><F4/><W90/><G39/><T26/><D83/><U114/><E114/><V125/><F125/><N who="0" m="48234" /><D91/><U85/><E123/><V50/><F56/><W68/><G63/><T65/><D55/><U6/><E100/><V112/><F112/><W87/><G78/><T108/><D47/><U132/><E132/><V1/><F1/><W25/><G25/><T115/><D115/><U84/><REACH who="1" step="1"/><E48/><REACH who="1" ten="289,150,241,310" step="2"/><V102/><F102/><W5/><G51/><T119/><D119/><U76/><AGARI ba="0,1" hai="6,9,13,29,31,46,49,54,76,82,84,85,88,92" machi="76" ten="20,12000,2" yaku="1,1,2,1,0,1,7,1,8,1,52,1,54,1,53,0" doraHai="10" doraHaiUra="103" who="1" fromWho="1" sc="289,-30,150,130,241,-60,310,-30" /><INIT seed="3,0,0,3,5,70" ten="259,280,181,280" oya="3" hai0="132,53,60,131,133,8,72,81,33,117,3,69,124" hai1="74,128,99,34,89,2,78,115,103,43,36,7,39" hai2="41,58,71,48,21,50,106,47,116,35,32,45,18" hai3="68,52,62,95,59,23,46,82,79,31,134,127,125"/><W42/><G68/><T102/><D117/><U122/><E89/><V96/><F71/><W12/><G95/><T97/><D33/><U0/><E115/><V15/><F116/><W5/><G134/><N who="0" m="51819" /><D131/><U91/><E91/><V65/><F65/><W86/><G31/><T90/><D90/><U92/><E122/><V9/><F58/><W110/><G110/><T56/><D69/><U51/><E34/><V104/><F9/><N who="3" m="4143" /><G23/><T10/><D3/><U73/><E43/><V22/><F104/><W107/><G107/><N who="0" m="63951" /><D124/><U19/><E78/><AGARI ba="0,0" hai="8,10,53,56,60,72,78,81" m="63951,51819" machi="78" ten="30,1000,0" yaku="20,1" doraHai="70" who="0" fromWho="1" sc="259,10,280,-10,181,0,280,0" /><INIT seed="4,0,0,1,4,32" ten="269,270,181,280" oya="0" hai0="130,93,36,63,45,66,135,51,88,106,134,41,110" hai1="31,68,59,50,95,46,8,64,99,37,91,65,21" hai2="86,76,62,15,26,126,114,96,28,103,125,49,38" hai3="54,92,81,100,5,109,61,127,90,34,3,112,118"/><T12/><D106/><U11/><E37/><V77/><F38/><W16/><G118/><T6/><D130/><U131/><E68/><V2/><F114/><W9/><G112/><T94/><D110/><U122/><E122/><V75/><F75/><W133/><G109/><T14/><D36/><U89/><E89/><V53/><F62/><W79/><G34/><T18/><D6/><U119/><E119/><V0/><F15/><W82/><G100/><T7/><D7/><U97/><E97/><V55/><F96/><W25/><G133/><N who="0" m="50699" /><D18/><U70/><E70/><V57/><F103/><W108/><G127/><N who="2" m="48649" /><F55/><W58/><G79/><N who="2" m="30281" /><F86/><W29/><G108/><T27/><D27/><N who="1" m="16879" /><E131/><V22/><AGARI ba="0,0" hai="0,2,22,26,28,49,53,57" m="30281,48649" machi="22" ten="30,4000,0" yaku="18,1,52,2" doraHai="32" who="2" fromWho="2" sc="269,-20,270,-10,181,40,280,-10" /><INIT seed="5,0,0,3,2,84" ten="249,260,221,270" oya="1" hai0="79,55,88,95,10,21,126,118,82,34,128,91,81" hai1="15,38,102,72,129,120,42,99,12,77,135,33,6" hai2="43,11,46,27,40,85,9,16,98,37,116,3,122" hai3="61,87,39,54,73,58,62,115,60,119,0,28,13"/><U75/><E120/><V14/><F116/><W134/><G73/><T106/><D106/><U113/><E33/><V110/><F122/><W44/><G0/><T108/><D34/><U69/><E69/><V36/><F110/><W31/><G119/><T48/><D118/><U107/><E15/><V78/><F98/><W109/><G109/><T93/><D108/><U111/><E111/><V123/><F123/><W45/><G134/><T133/><D133/><U25/><E25/><V57/><F27/><W41/><G115/><T90/><D128/><U29/><E29/><V2/><F57/><W19/><G44/><N who="0" m="28039" /><D10/><U114/><E12/><V17/><F17/><W59/><G61/><T132/><D132/><U4/><E135/><V32/><F32/><W86/><G28/><T68/><D68/><U35/><E35/><V8/><F40/><W92/><G31/><T63/><D63/><U52/><E52/><V76/><F37/><W51/><G39/><T56/><D56/><U130/><E42/><V26/><F26/><W66/><REACH who="3" step="1"/><G92/><REACH who="3" ten="249,260,221,260" step="2"/><N who="0" m="35403" /><D126/><U89/><E38/><V94/><F2/><W83/><G83/><N who="0" m="31755" /><D79/><U49/><E77/><N who="2" m="29803" /><F3/><W124/><G124/><T105/><D105/><U50/><E75/><V71/><F71/><W22/><AGARI ba="0,1" hai="13,19,22,41,45,51,54,58,59,60,62,66,86,87" machi="22" ten="20,5200,0" yaku="1,1,0,1,7,1,8,1,53,0" doraHai="84" doraHaiUra="121" who="3" fromWho="3" sc="249,-13,260,-26,221,-13,260,62" owari="236,3.6,234,-16.6,208,-29.2,322,42.2" /></mjloggm>