<mjloggm ver="2.3"><GO type="225" lobby="0"/><UN n0="%E3%81%BE%E3%81%A8%E3%81%9F" n1="%E3%81%A4%E3%81%A3%E3%81%B1%E3%82%8A%E3%83%9D%E3%83%BC%E3%83%AB" n2="%41%6F%54" n3="%E9%80%86%E9%80%A3%E5%B8%AF%E3%81%AE%E9%AC%BC" dan="16,17,16,17" rate="2108.48,2231.73,2041.93,2152.79" sx="M,M,M,M"/><TAIKYOKU oya="0"/><INIT seed="0,0,0,5,1,51" ten="250,250,250,250" oya="0" hai0="86,21,100,7,59,0,70,12,19,64,116,10,44" hai1="20,128,80,85,5,97,6,81,53,130,110,91,48" hai2="132,41,36,124,4,131,108,2,93,8,90,55,76" hai3="61,17,16,25,126,89,77,40,88,34,74,24,11"/><T75/><D75/><U135/><E110/><V120/><F108/><W46/><G126/><T102/><D116/><U111/><E111/><V50/><F120/><W56/><G74/><T83/><D70/><U58/><E135/><V103/><F124/><W26/><G34/><T115/><D115/><U57/><E81/><V122/><F122/><W73/><G73/><T18/><D44/><U67/><E20/><V95/><F132/><W96/><G77/><T29/><D29/><U23/><E23/><V15/><F131/><N who="1" m="50217" /><E97/><V35/><F35/><W119/><G119/><T118/><D18/><U39/><E39/><V114/><F76/><W98/><G98/><T84/><D84/><U101/><E101/><V27/><F36/><W107/><G107/><T22/><D22/><U106/><E106/><V1/><F114/><W109/><G109/><T13/><D0/><U65/><E58/><V42/><F1/><W32/><G32/><T72/><D72/><U112/><E112/><V82/><F2/><W121/><G121/><T117/><D118/><U127/><E127/><V30/><F103/><W31/><G31/><T9/><D21/><U104/><E104/><V28/><F82/><W54/><G96/><T105/><D105/><U37/><E37/><V33/><F30/><W45/><G17/><T133/><D133/><U113/><E113/><V125/><F125/><W47/><G40/><N who="2" m="15465" /><F90/><W69/><G69/><T94/><D117/><U123/><E123/><V52/><F95/><W92/><G92/><T38/><D94/><U60/><E67/><V68/><F93/><W63/><G89/><RYUUKYOKU ba="0,0" sc="250,-10,250,30,250,-10,250,-10" hai1="5,6,48,53,57,60,65,80,85,91" /><INIT seed="1,1,0,5,3,129" ten="240,280,240,240" oya="1" hai0="91,101,127,125,106,26,133,2,123,90,8,85,124" hai1="11,24,43,80,53,45,18,108,104,81,88,82,132" hai2="54,61,38,33,12,92,128,97,15,23,47,121,35" hai3="55,60,135,98,96,17,122,6,89,103,77,52,78"/><U56/><E104/><V79/><F121/><W131/><G122/><T19/><D123/><U29/><E108/><V107/><F128/><W73/><G131/><T119/><D119/><U72/><E72/><V75/><F107/><W86/><G6/><N who="0" m="1111" /><D85/><U116/><E116/><V13/><F79/><W69/><G69/><T95/><D106/><U114/><E114/><V51/><F75/><W42/><G73/><T63/><D63/><U100/><E100/><V134/><F134/><W14/><G42/><T93/><D133/><U44/><E132/><V30/><F38/><W59/><G135/><T105/><D19/><U49/><E43/><V120/><F120/><W48/><G78/><T65/><D26/><U41/><E41/><V31/><F61/><W9/><G77/><T22/><D22/><N who="1" m="15511" /><E88/><N who="0" m="33833" /><D65/><U66/><E66/><V58/><F35/><W126/><G103/><T112/><D112/><U64/><E64/><V83/><F33/><W32/><G32/><T10/><D10/><U76/><E76/><V16/><F83/><W70/><G70/><T27/><D27/><U62/><E62/><V37/><F37/><W46/><G126/><T5/><D105/><U74/><E74/><V36/><F36/><W1/><REACH who="3" step="1"/><G1/><REACH who="3" ten="240,280,240,230" step="2"/><T57/><D101/><U113/><E113/><V7/><F7/><W34/><G34/><T99/><D5/><U28/><E28/><V67/><F31/><W50/><G50/><T4/><D4/><U25/><E25/><V130/><F30/><W20/><G20/><T84/><D127/><U109/><E109/><V117/><F130/><W94/><AGARI ba="1,1" hai="9,14,17,46,48,52,55,59,60,86,89,94,96,98" machi="94" ten="20,12000,2" yaku="1,1,5,1,0,1,7,1,8,1,54,1,53,0" doraHai="129" doraHaiUra="21" who="3" fromWho="3" sc="240,-31,280,-61,240,-31,230,133" /><INIT seed="2,0,0,5,2,35" ten="209,219,209,363" oya="2" hai0="21,25,47,113,97,67,65,9,117,12,46,116,69" hai1="132,40,94,34,127,57,126,100,39,72,4,71,54" hai2="41,60,106,61,33,22,76,85,17,115,49,87,77" hai3="108,6,78,50,19,7,84,68,128,99,23,111,30"/><V95/><F115/><W109/><G68/><T74/><D74/><U121/><E132/><V38/><F38/><W1/><G128/><T129/><D129/><U134/><E134/><V79/><F106/><W28/><G99/><T58/><D69/><U45/><E121/><V27/><F33/><W91/><G78/><T37/><D97/><N who="1" m="59447" /><E34/><V20/><F20/><W15/><G50/><T52/><D113/><U32/><E32/><V92/><F41/><W80/><G1/><T133/><D133/><U104/><E4/><AGARI ba="0,0" hai="4,6,7,15,19,23,28,30,80,84,91,108,109,111" machi="4" ten="40,1300,0" yaku="14,1" doraHai="35" who="3" fromWho="1" sc="209,0,219,-13,209,0,363,13" /><INIT seed="3,0,0,2,5,12" ten="209,206,209,376" oya="3" hai0="28,64,133,126,104,97,47,1,113,105,25,40,76" hai1="66,134,78,63,65,117,80,121,110,123,59,109,34" hai2="75,84,85,106,18,96,15,67,37,125,23,124,116" hai3="27,3,91,98,56,48,94,50,89,88,26,43,82"/><W128/><G128/><T90/><D1/><U35/><E134/><V29/><F75/><W92/><G3/><T100/><D133/><U72/><E66/><V77/><F116/><W46/><G82/><T57/><D76/><U58/><E58/><V36/><F67/><W68/><G68/><T53/><D64/><U93/><E117/><V62/><F62/><W17/><G17/><T4/><D90/><N who="3" m="34921" /><G94/><T135/><D104/><U120/><REACH who="1" step="1"/><E93/><REACH who="1" ten="209,196,209,376" step="2"/><V19/><F106/><W71/><G71/><T55/><D135/><U31/><E31/><V112/><F29/><W61/><G61/><T45/><D105/><U20/><E20/><V118/><F118/><W30/><G30/><T102/><D28/><U52/><E52/><AGARI ba="0,1" hai="26,27,43,46,48,50,52,56,91,92,98" m="34921" machi="52" ten="30,5800,0" yaku="8,1,54,2" doraHai="12" who="3" fromWho="1" sc="209,0,196,-58,209,0,376,68" owari="209,0.9,138,-36.2,209,-19.1,444,54.4" /></mjloggm>