<mjloggm ver="2.3"><GO type="225" lobby="0"/><UN n0="%E3%81%82%E3%81%99%E3%81%AA%E3%82%8D%E3%83%A9%E3%82%A4%E3%83%80%E3%83%BC" n1="%E3%81%86%E3%82%8C%E3%81%9F%E3%82%93%E6%9E%95" n2="%E3%81%8B%E3%82%8F%E3%81%A1%E3%82%83%E3%82%93%35%38" n3="%E3%81%82%E3%81%99%E3%81%AB%E3%82%83%E3%82%80" dan="16,16,17,16" rate="2080.03,2113.84,2136.49,2111.81" sx="M,F,M,F"/><TAIKYOKU oya="0"/><INIT seed="0,0,0,0,3,69" ten="250,250,250,250" oya="0" hai0="127,29,10,83,101,119,111,89,47,73,4,38,75" hai1="36,98,134,86,90,74,72,106,48,91,13,88,27" hai2="68,55,35,71,59,117,21,128,56,49,34,87,16" hai3="2,24,130,44,61,97,23,93,77,5,9,30,123"/><T81/><D119/><U124/><E134/><V33/><F117/><W43/><G130/><T120/><D120/><U131/><E124/><V58/><F128/><W102/><G123/><T85/><D127/><U31/><E131/><V1/><F1/><W125/><G125/><T84/><D111/><U64/><E36/><V96/><F96/><W15/><G61/><T46/><D101/><U18/><E64/><V37/><F37/><W78/><REACH who="3" step="1"/><G2/><REACH who="3" ten="250,250,250,240" step="2"/><T79/><D29/><U26/><E98/><V132/><F132/><W8/><G8/><T11/><D11/><U100/><E106/><V103/><F103/><W104/><G104/><T14/><REACH who="0" step="1"/><D47/><REACH who="0" ten="240,250,250,240" step="2"/><U114/><E100/><V3/><F3/><W65/><G65/><T57/><D57/><U122/><E122/><V112/><F59/><W0/><G0/><T39/><D39/><AGARI ba="0,2" hai="5,9,15,23,24,30,39,43,44,77,78,93,97,102" machi="39" ten="30,3900,0" yaku="1,1,7,1,52,1,53,0" doraHai="69" doraHaiUra="109" who="3" fromWho="0" sc="240,-39,250,0,250,0,240,59" /><INIT seed="1,0,0,2,2,37" ten="201,250,250,299" oya="1" hai0="21,98,36,103,118,19,35,38,112,71,74,94,60" hai1="124,110,15,90,53,77,92,87,40,114,2,42,67" hai2="108,5,97,28,41,102,24,89,52,43,109,116,6" hai3="63,68,47,32,49,1,86,8,113,123,133,55,4"/><U76/><E114/><V82/><F116/><W10/><G113/><T12/><D118/><U59/><E2/><V81/><F5/><W65/><G123/><T128/><D112/><U17/><E124/><V130/><F6/><W127/><G127/><T111/><D128/><U9/><E67/><V50/><F130/><W129/><G129/><T16/><D111/><N who="2" m="42570" /><F89/><W105/><G105/><T119/><D74/><U135/><E135/><V132/><F82/><W30/><G133/><T31/><D119/><U117/><E117/><V44/><F81/><W22/><G10/><T126/><D126/><U13/><E13/><V83/><F83/><W120/><G120/><T73/><D73/><U104/><E104/><N who="2" m="63567" /><F132/><W56/><G86/><T23/><D31/><U131/><E131/><V0/><F0/><W91/><G91/><T122/><D35/><AGARI ba="0,0" hai="24,28,35,41,43,44,50,52" m="63567,42570" machi="35" ten="30,7700,0" yaku="14,1,52,2,54,1" doraHai="37" who="2" fromWho="0" sc="201,-77,250,0,250,77,299,0" /><INIT seed="2,0,0,2,1,29" ten="124,250,327,299" oya="2" hai0="5,71,81,0,24,35,72,7,83,96,56,45,27" hai1="25,100,78,77,75,70,55,30,31,107,120,43,18" hai2="66,39,19,57,93,89,104,117,132,95,133,112,17" hai3="123,59,84,63,34,10,28,65,6,62,88,50,92"/><V61/><F104/><W99/><G123/><T128/><D71/><U37/><E120/><V38/><F112/><W80/><G50/><T58/><D128/><U90/><E70/><V79/><F79/><W105/><G105/><T82/><D72/><U94/><E31/><V125/><F117/><W113/><G113/><T23/><D96/><U4/><E4/><V52/><F125/><W69/><G28/><T85/><D85/><U67/><E67/><V86/><F93/><W119/><G119/><T48/><D23/><U49/><E100/><V115/><F115/><W87/><G34/><T36/><D36/><U91/><E107/><V12/><F17/><W135/><G135/><N who="2" m="51785" /><F66/><W127/><G127/><T21/><D35/><U2/><E2/><V14/><F14/><W73/><G73/><T44/><D83/><U41/><E18/><V122/><F122/><W101/><G87/><T114/><D21/><AGARI ba="0,0" hai="12,19,21,38,39,52,57,61,86,89,95" m="51785" machi="21" ten="30,2900,0" yaku="20,1,54,1" doraHai="29" who="2" fromWho="0" sc="124,-29,250,0,327,29,299,0" /><INIT seed="2,1,0,5,1,120" ten="95,250,356,299" oya="2" hai0="134,102,119,107,19,65,40,46,96,50,84,74,118" hai1="52,125,81,78,31,49,15,36,126,91,11,112,14" hai2="70,88,3,106,77,55,114,64,133,99,58,9,108" hai3="73,71,87,111,117,48,59,33,0,42,135,28,90"/><V89/><F114/><W45/><G73/><T72/><D134/><U109/><E109/><V93/><F106/><W7/><G71/><T95/><D65/><U79/><E112/><V20/><F77/><W94/><G117/><T24/><D119/><U103/><E36/><V29/><F70/><W43/><G135/><T1/><D1/><U4/><E103/><V113/><F64/><W92/><G43/><T10/><D118/><U124/><E31/><V110/><F113/><W2/><G7/><T25/><D25/><U123/><E123/><V34/><F34/><W63/><G111/><N who="2" m="42537" /><F133/><W16/><G33/><T41/><D41/><U44/><E14/><V121/><F121/><W22/><G2/><T128/><D128/><U32/><E32/><V61/><F20/><W80/><G0/><T100/><D10/><U17/><E4/><N who="2" m="1183" /><F29/><W30/><G28/><T53/><D107/><U27/><E27/><V104/><F104/><W75/><G30/><T69/><D24/><U83/><E79/><V132/><F132/><W56/><G75/><T68/><D69/><U35/><E35/><V116/><F116/><W18/><G22/><T105/><D68/><U26/><E26/><V82/><F82/><W97/><G80/><T54/><D105/><U21/><E21/><V86/><F86/><W38/><G87/><T23/><D74/><U47/><E78/><V66/><F66/><W57/><G92/><T115/><D72/><U62/><E83/><V127/><F127/><W6/><G94/><N who="0" m="58391" /><D115/><U60/><E81/><V85/><F85/><W51/><G97/><N who="0" m="59711" /><D84/><U8/><E125/><RYUUKYOKU ba="1,0" sc="95,15,250,-15,356,15,299,-15" hai0="19,23,40,46,50,53,54" hai2="55,58,61,88,89,93,99" /><INIT seed="2,2,0,3,5,65" ten="110,235,371,284" oya="2" hai0="76,89,42,45,112,129,81,118,53,66,130,2,77" hai1="15,117,17,100,102,134,23,70,93,52,49,28,88" hai2="60,113,69,43,74,62,59,34,85,126,5,64,120" hai3="22,107,72,67,133,48,68,4,109,119,124,20,7"/><V79/><F34/><W14/><G119/><T103/><D112/><U94/><E117/><V25/><F74/><W18/><G72/><T1/><D118/><U6/><E134/><V61/><F113/><W54/><G133/><T10/><D103/><U12/><E70/><V110/><F120/><W51/><G109/><T19/><D66/><U47/><E94/><V36/><F5/><W115/><G107/><T83/><D19/><U127/><E127/><V90/><F79/><W108/><G108/><T99/><D53/><U29/><E12/><V3/><F3/><W101/><G101/><N who="1" m="39018" /><E6/><V56/><F25/><W40/><G124/><T11/><D99/><AGARI ba="2,0" hai="15,17,23,28,29,47,49,52,88,93,99" m="39018" machi="99" ten="30,3900,0" yaku="8,1,54,2" doraHai="65" who="1" fromWho="0" sc="110,-45,235,45,371,0,284,0" /><INIT seed="3,0,0,5,2,43" ten="65,280,371,284" oya="3" hai0="98,10,29,94,14,1,110,114,96,113,3,84,45" hai1="59,85,53,99,65,103,133,126,0,117,134,97,16" hai2="52,79,35,101,11,27,105,18,92,104,63,76,47" hai3="49,127,106,121,109,51,39,57,42,81,60,37,33"/><W40/><G33/><T75/><D110/><U72/><E126/><V50/><F104/><W112/><G106/><T69/><D75/><U132/><E72/><V93/><F105/><W31/><G31/><T66/><D69/><U100/><E117/><V108/><F108/><W125/><G109/><T19/><D66/><U12/><E0/><V62/><F35/><W123/><G81/><T88/><D29/><U17/><E85/><V13/><F27/><W119/><G119/><T48/><D1/><U115/><E65/><V58/><F63/><W91/><G91/><T21/><D3/><U86/><E86/><V23/><F23/><W54/><G112/><T4/><D114/><U122/><E122/><V111/><F111/><W64/><G121/><T80/><D113/><U26/><E26/><V36/><F36/><N who="3" m="13899" /><G123/><T28/><D28/><U20/><E17/><V95/><F101/><N who="1" m="38985" /><E115/><V41/><AGARI ba="0,0" hai="11,13,18,41,47,50,52,58,62,76,79,92,93,95" machi="41" ten="30,7900,0" yaku="0,1,8,1,52,1,54,1" doraHai="43" who="2" fromWho="2" sc="65,-20,280,-20,371,79,284,-39" owari="45,-45.5,260,6.0,450,55.0,245,-15.5" /></mjloggm>