<mjloggm ver="2.3"><GO type="225" lobby="0"/><UN n0="%E3%83%A9%E3%83%BC%E3%83%A1%E3%83%B3%E4%BA%94%E9%83%8E" n1="%6D%75%75%6D%75%72%61" n2="%E3%81%99%E3%81%84%E3%81%BE%E3%81%9B%E3%83%BC%E3%82%93" n3="%E7%B4%94%E6%BD%94%E3%83%94%E3%83%A9%E3%83%8B%E3%82%A2" dan="16,16,16,17" rate="2030.07,2222.85,2122.49,2221.17" sx="M,F,M,M"/><TAIKYOKU oya="0"/><INIT seed="0,0,0,5,5,47" ten="250,250,250,250" oya="0" hai0="131,126,106,85,39,12,4,17,86,72,42,92,48" hai1="75,119,118,5,89,117,77,73,111,58,124,78,68" hai2="33,25,114,49,14,43,35,21,109,95,105,38,112" hai3="130,65,66,110,122,28,99,116,113,74,88,96,0"/><T93/><D106/><U81/><E68/><V53/><F105/><W51/><G0/><T76/><D39/><U13/><E5/><V27/><F109/><W36/><G36/><T107/><D107/><U34/><E34/><V50/><F95/><W11/><G11/><T46/><D126/><U32/><E13/><V60/><F14/><W30/><G74/><N who="1" m="28170" /><E58/><V87/><F87/><W26/><G26/><T71/><D71/><U120/><E32/><V22/><F38/><W123/><G116/><T8/><D131/><U2/><E2/><V133/><F43/><W121/><G110/><T102/><D72/><U104/><E120/><V91/><F91/><W62/><G88/><N who="0" m="53263" /><D76/><N who="1" m="29291" /><E111/><V37/><F37/><W41/><G121/><T82/><D82/><U94/><E104/><V135/><F53/><W29/><G41/><T103/><D4/><U90/><E124/><V79/><F79/><W132/><G122/><T3/><D3/><U24/><E24/><V128/><REACH who="2" step="1"/><F60/><REACH who="2" ten="250,250,240,250" step="2"/><W67/><G62/><T45/><D103/><U83/><E89/><V7/><F7/><W44/><G123/><T64/><D102/><U63/><E63/><V54/><F54/><W19/><G65/><T129/><D42/><U115/><E115/><V80/><F80/><W16/><G113/><T125/><D125/><U98/><AGARI ba="0,1" hai="81,83,90,94,98,117,118,119" m="29291,28170" machi="98" ten="40,2700,0" yaku="34,2" doraHai="47" who="1" fromWho="1" sc="250,-13,250,37,240,-7,250,-7" /><INIT seed="1,0,0,1,0,49" ten="237,287,233,243" oya="1" hai0="92,80,9,36,7,77,16,6,110,1,65,70,31" hai1="102,62,17,64,57,76,37,123,131,58,101,117,45" hai2="128,55,120,56,134,66,32,48,113,88,100,109,93" hai3="27,67,106,99,25,40,60,133,63,71,69,4,94"/><U2/><E117/><V79/><F120/><W10/><G106/><T26/><D36/><U0/><E123/><V97/><F109/><W118/><G40/><T74/><D110/><U108/><E108/><V11/><F32/><W111/><G111/><T98/><D7/><U39/><E131/><V72/><F128/><W82/><G82/><T135/><D135/><U12/><E76/><V35/><F35/><W95/><G133/><T51/><D65/><U42/><E37/><V105/><F134/><W15/><G94/><T50/><D70/><U19/><E58/><V103/><F113/><W130/><G118/><T38/><D38/><U83/><E83/><N who="2" m="45543" /><F103/><W52/><G130/><T84/><D74/><U28/><E28/><V121/><F11/><W30/><G30/><T59/><D59/><U22/><REACH who="1" step="1"/><E17/><REACH who="1" ten="237,277,233,243" step="2"/><V81/><F81/><W54/><G69/><T85/><D16/><U21/><E21/><V127/><F121/><W18/><G71/><T13/><D80/><U96/><E96/><V91/><F97/><W129/><G129/><T3/><D77/><U116/><E116/><V47/><F56/><N who="3" m="37255" /><G18/><T86/><D98/><U5/><E5/><V124/><F124/><W33/><G33/><T46/><D6/><U29/><E29/><V73/><F127/><W115/><G115/><T8/><D31/><U34/><E34/><V61/><F73/><W78/><G78/><T14/><D8/><U119/><E119/><V126/><F126/><W23/><G23/><T114/><D9/><U43/><E43/><V75/><F75/><W68/><G68/><T87/><D114/><RYUUKYOKU ba="0,1" sc="237,-10,277,30,233,-10,243,-10" hai1="0,2,12,19,22,39,42,45,57,62,64,101,102" /><INIT seed="1,1,1,0,5,134" ten="227,307,223,233" oya="1" hai0="84,41,125,75,90,117,38,47,42,124,102,92,33" hai1="100,3,71,54,25,81,65,115,22,126,113,130,82" hai2="91,86,51,59,74,94,29,66,58,37,119,36,103" hai3="53,32,34,93,121,9,72,56,70,68,73,43,28"/><U99/><E130/><V12/><F119/><W108/><G43/><T8/><D117/><U109/><E3/><V45/><F74/><W13/><G121/><T6/><D33/><U44/><E126/><N who="0" m="48745" /><D75/><U87/><E71/><V18/><F29/><W88/><G108/><T64/><D64/><U30/><E65/><V19/><F37/><W79/><G72/><T5/><D42/><U21/><E109/><V50/><F36/><W60/><G73/><T63/><D63/><U14/><E54/><N who="2" m="32087" /><F103/><W17/><G79/><T133/><D133/><U15/><E44/><V16/><F59/><W49/><G34/><T80/><D8/><U78/><E78/><V97/><F66/><W120/><G120/><T77/><D102/><U2/><E100/><N who="2" m="60471" /><F51/><W27/><REACH who="3" step="1"/><G60/><REACH who="3" ten="227,307,223,223" step="2"/><T69/><D69/><U4/><E115/><V61/><F61/><W118/><G118/><T67/><D67/><U11/><E113/><V24/><F24/><W105/><G105/><T111/><D111/><U127/><E25/><V7/><F45/><W48/><G48/><T76/><D77/><U23/><E127/><V112/><F112/><W132/><G132/><T89/><D76/><U128/><E128/><V20/><F7/><W135/><G135/><T98/><AGARI ba="1,2" hai="5,6,38,41,47,80,84,89,90,92,98" m="48745" machi="98" ten="30,7900,0" yaku="18,1,52,3" doraHai="134" who="0" fromWho="0" sc="227,102,307,-40,223,-21,223,-21" /><INIT seed="2,0,0,1,0,33" ten="329,267,202,202" oya="2" hai0="85,78,80,11,128,96,32,94,81,62,43,19,52" hai1="41,82,130,129,25,38,34,121,39,106,24,84,133" hai2="45,12,74,53,124,83,20,111,112,105,79,88,61" hai3="10,104,119,132,110,101,135,36,51,17,14,86,92"/><V71/><F112/><W29/><G36/><T63/><D32/><U98/><E133/><N who="3" m="51274" /><G119/><T100/><D128/><N who="1" m="49259" /><E121/><V59/><F124/><W27/><G104/><T44/><D81/><U54/><E54/><V1/><F105/><W21/><G51/><N who="0" m="28775" /><D43/><U3/><E3/><V0/><F71/><W93/><G101/><T35/><D35/><U95/><E106/><V4/><F111/><W90/><G93/><T42/><D42/><U77/><E41/><V72/><F72/><W102/><G102/><T47/><D47/><U89/><E24/><V87/><F45/><W50/><G50/><T68/><D68/><U69/><E69/><V40/><F40/><W48/><G48/><T108/><D108/><AGARI ba="0,0" hai="10,14,17,21,27,29,86,90,92,108,110" m="51274" machi="108" ten="30,1000,0" yaku="20,1" doraHai="33" who="3" fromWho="0" sc="329,-10,267,0,202,0,202,10" /><INIT seed="3,0,0,5,5,103" ten="319,267,202,212" oya="3" hai0="46,50,97,58,43,45,24,0,48,11,62,78,66" hai1="2,8,81,82,9,15,47,99,112,127,80,73,31" hai2="23,57,35,65,86,44,51,21,26,120,108,40,74" hai3="18,75,134,133,121,111,84,1,19,33,53,119,12"/><W102/><G75/><T96/><D78/><U49/><E112/><V67/><F74/><W114/><G121/><T4/><D24/><U29/><E127/><V63/><F120/><W59/><G114/><T110/><D110/><U14/><E73/><V72/><F72/><W100/><G119/><T28/><D28/><U37/><E37/><V22/><F108/><W34/><G1/><T117/><D117/><U20/><E99/><V3/><F3/><W93/><G111/><T122/><D122/><U10/><E2/><V61/><F35/><W69/><G69/><T128/><D128/><U118/><E118/><V36/><F86/><W130/><G130/><T105/><D105/><U95/><E95/><V92/><F92/><W27/><G84/><T87/><D87/><U52/><E20/><V55/><F61/><W64/><G64/><N who="2" m="24649" /><F36/><W77/><G77/><T76/><D76/><U79/><E79/><V109/><F109/><W83/><G83/><T104/><D104/><U32/><E32/><N who="3" m="12394" /><G27/><AGARI ba="0,0" hai="21,22,23,26,27,40,44,51,55,57,63" m="24649" machi="27" ten="30,1000,0" yaku="8,1" doraHai="103" who="2" fromWho="3" sc="319,0,267,0,202,10,212,-10" owari="319,41.9,267,6.7,212,-18.8,202,-29.8" /></mjloggm>