<mjloggm ver="2.3"><GO type="225" lobby="0"/><UN n0="%E3%81%95%E3%81%8D%E3%81%9F%E3%81%BE%E6%9E%97%E6%AA%8E" n1="%E3%81%BF%E3%81%BF%E3%81%9A" n2="%E3%81%86%E3%82%8B%E3%81%8A%E3%81%A1%E3%82%83" n3="%4C%4F%4C%49%54%41" dan="16,17,16,16" rate="2094.19,2222.93,2106.62,2173.10" sx="M,M,F,F"/><TAIKYOKU oya="0"/><INIT seed="0,0,0,5,4,0" ten="250,250,250,250" oya="0" hai0="58,51,66,5,117,113,9,39,53,45,49,15,19" hai1="86,11,135,108,107,1,121,36,25,98,31,89,34" hai2="118,134,94,95,88,4,119,33,59,37,115,2,18" hai3="41,63,100,99,32,76,67,109,131,83,65,120,60"/><T133/><D113/><U16/><E121/><V112/><F33/><W70/><G109/><T28/><D117/><N who="2" m="44554" /><F37/><W27/><G131/><T40/><D133/><U12/><E108/><V21/><F134/><W132/><G132/><T23/><D28/><U126/><E135/><V48/><F95/><W91/><G120/><T73/><D73/><U46/><E126/><V128/><F128/><W71/><G91/><T52/><D66/><U26/><E26/><N who="2" m="14647" /><F48/><W54/><G54/><N who="0" m="32079" /><D39/><U114/><E114/><V104/><F104/><W38/><G41/><T81/><D81/><U130/><E130/><V124/><F124/><W7/><G38/><T92/><D92/><U61/><E61/><V97/><F59/><W103/><G99/><T96/><D96/><U102/><E1/><V78/><F78/><W90/><G90/><T56/><D56/><U20/><E46/><V129/><F129/><W87/><REACH who="3" step="1"/><G7/><REACH who="3" ten="250,250,250,240" step="2"/><T55/><D40/><U93/><REACH who="1" step="1"/><E36/><REACH who="1" ten="250,240,250,240" step="2"/><V24/><F112/><W57/><G57/><T122/><D122/><U47/><E47/><V69/><F115/><W80/><G80/><T64/><D64/><U75/><E75/><V44/><F44/><W68/><G68/><T101/><D101/><U62/><E62/><V110/><F69/><W35/><G35/><AGARI ba="0,2" hai="11,12,16,20,25,31,34,35,86,89,93,98,102,107" machi="35" ten="40,2600,0" yaku="1,1,54,1,53,0" doraHai="0" doraHaiUra="127" who="1" fromWho="3" sc="250,0,240,46,250,0,240,-26" /><INIT seed="1,0,0,4,1,56" ten="250,286,250,214" oya="1" hai0="88,18,134,1,22,59,82,85,52,89,17,131,67" hai1="98,105,71,104,3,26,32,118,126,62,6,114,55" hai2="73,132,122,12,70,99,24,100,50,23,127,37,20" hai3="31,133,129,86,63,119,74,47,2,75,121,130,14"/><U112/><E55/><V40/><F70/><W91/><G2/><T92/><D134/><U58/><E58/><V0/><F73/><W25/><G121/><T4/><D131/><N who="3" m="50185" /><G133/><T54/><D1/><U66/><E118/><V116/><F0/><W64/><G47/><T34/><D34/><U77/><E77/><V57/><F37/><W103/><G14/><T46/><D4/><U61/><E61/><V93/><F122/><W97/><G119/><T68/><D68/><U79/><E79/><V94/><F127/><W16/><G86/><N who="0" m="50263" /><D46/><U124/><E6/><V9/><F132/><W96/><G91/><T87/><D87/><U135/><E3/><V108/><F116/><W83/><G83/><T101/><D101/><N who="1" m="62519" /><E105/><V65/><F108/><W107/><G96/><T84/><D84/><U44/><E44/><N who="2" m="25863" /><F94/><W13/><G25/><N who="0" m="14543" /><D18/><U7/><E7/><N who="2" m="3135" /><F24/><W81/><G31/><T29/><D29/><N who="1" m="19511" /><E135/><V111/><F111/><W123/><G123/><T8/><D8/><U27/><E27/><V106/><F106/><W10/><G81/><T120/><D120/><U42/><E42/><V95/><F95/><W78/><G78/><T90/><D90/><U33/><E33/><V49/><F20/><W5/><G5/><T109/><D109/><U38/><E38/><V41/><F23/><W39/><G39/><T113/><D113/><AGARI ba="0,0" hai="62,66,71,112,113,114,124,126" m="19511,62519" machi="113" ten="30,5800,0" yaku="25,1,23,1,52,1" doraHai="56" who="1" fromWho="0" sc="250,-58,286,58,250,0,214,0" /><INIT seed="1,1,0,1,3,47" ten="192,344,250,214" oya="1" hai0="121,120,32,16,89,10,46,9,82,45,8,31,112" hai1="51,19,59,24,42,115,2,117,86,1,116,43,26" hai2="34,0,18,71,49,38,113,39,22,131,3,134,104" hai3="105,96,52,125,93,119,48,122,127,91,63,61,92"/><U55/><E115/><V12/><F104/><W73/><G122/><N who="0" m="47211" /><D112/><U124/><E86/><V94/><F71/><W128/><G105/><T29/><D32/><U6/><E124/><N who="3" m="47690" /><G73/><T84/><D46/><U23/><E24/><N who="2" m="14423" /><F34/><W14/><G128/><T81/><D81/><U101/><E101/><V106/><F106/><W65/><G119/><T88/><D89/><U27/><E27/><V30/><F30/><N who="0" m="11274" /><D45/><U36/><E36/><V77/><F38/><W20/><G65/><T11/><D11/><U4/><E4/><V72/><F39/><W69/><G69/><T129/><D129/><U53/><E53/><V37/><F37/><W44/><G93/><T87/><D87/><U80/><E80/><V83/><F113/><W70/><G70/><T118/><D118/><U99/><E99/><V75/><F75/><W79/><G79/><T76/><D76/><U40/><REACH who="1" step="1"/><E1/><REACH who="1" ten="192,334,250,214" step="2"/><V107/><F3/><W41/><G41/><T28/><N who="0" m="11282" /><T64/><DORA hai="100" /><D64/><U130/><E130/><V111/><F0/><W98/><G96/><T132/><D132/><U97/><E97/><V50/><F134/><W54/><G54/><T66/><D66/><U114/><E114/><V25/><F131/><W110/><G110/><T67/><D67/><U95/><E95/><V7/><F94/><W78/><G78/><T21/><D82/><U60/><E60/><V15/><F107/><W108/><G108/><T103/><D103/><U68/><E68/><V90/><F111/><W35/><G35/><T74/><D84/><U85/><E85/><N who="2" m="50495" /><F77/><W133/><G133/><T56/><D74/><RYUUKYOKU ba="1,1" sc="192,-15,334,15,250,-15,214,15" hai1="2,6,19,23,26,40,42,43,51,55,59,116,117" hai3="14,20,44,48,52,61,63,91,92,98" /><INIT seed="1,2,1,1,4,32" ten="177,349,235,229" oya="1" hai0="65,125,36,92,80,14,70,23,15,75,54,3,132" hai1="33,118,120,97,117,71,1,74,94,6,45,103,119" hai2="89,134,19,29,66,69,52,26,22,129,72,48,49" hai3="104,42,106,17,130,123,101,109,2,31,78,91,85"/><U105/><E120/><V87/><F134/><W126/><G123/><T79/><D36/><U59/><E71/><V128/><F72/><W58/><G109/><T86/><D132/><U135/><E33/><V11/><F49/><W18/><G130/><N who="2" m="50281" /><F66/><W27/><G126/><T53/><D125/><U35/><E135/><V20/><F11/><W113/><G113/><T83/><D92/><U62/><E35/><N who="2" m="20919" /><F19/><W110/><G78/><T16/><D15/><U40/><E74/><V121/><F69/><W24/><G42/><T67/><D3/><U131/><E131/><V0/><F0/><W127/><G110/><T57/><D70/><U41/><E1/><V43/><F43/><W116/><G127/><T50/><REACH who="0" step="1"/><D53/><REACH who="0" ten="167,349,235,229" step="2"/><U81/><E94/><N who="2" m="54591" /><F121/><W95/><G2/><T111/><D111/><U28/><E118/><V124/><F124/><W37/><G116/><T30/><D30/><U8/><E28/><V96/><F96/><W114/><G37/><T76/><AGARI ba="2,2" hai="14,16,23,50,54,57,65,67,75,76,79,80,83,86" machi="76" ten="20,12000,2" yaku="1,1,0,1,7,1,54,1,53,2" doraHai="32" doraHaiUra="60" who="0" fromWho="0" sc="167,146,349,-62,235,-32,229,-32" /><INIT seed="2,0,0,5,1,24" ten="313,287,203,197" oya="2" hai0="34,58,129,118,26,76,126,14,8,31,117,121,89" hai1="60,62,75,43,38,68,48,30,88,130,40,113,29" hai2="6,114,128,47,97,122,28,80,13,81,16,119,15" hai3="37,56,131,18,69,52,132,77,94,112,86,103,9"/><V65/><F114/><W46/><G69/><T39/><D39/><U72/><E113/><V124/><F119/><N who="0" m="45578" /><D129/><U91/><E48/><V50/><F122/><W82/><G112/><T102/><D126/><U105/><E68/><V92/><F128/><W54/><G131/><T66/><D121/><U53/><E130/><V27/><F65/><W123/><G123/><T100/><D76/><U115/><E115/><V10/><F124/><W135/><G37/><T36/><D36/><U110/><E38/><V41/><F15/><N who="3" m="7535" /><G46/><T104/><D104/><U84/><E84/><V67/><F67/><W71/><G71/><T95/><D58/><U33/><E33/><V90/><REACH who="2" step="1"/><F6/><REACH who="2" ten="313,287,193,197" step="2"/><W0/><G132/><T83/><D66/><U85/><E110/><V55/><F55/><W87/><G135/><T57/><D57/><U78/><E53/><V73/><F73/><W7/><G54/><T74/><D74/><U59/><E59/><V45/><F45/><W133/><G133/><T42/><D42/><U51/><E75/><V98/><F98/><N who="3" m="59863" /><G52/><T49/><D14/><U23/><E72/><V96/><F96/><W111/><G56/><T120/><D120/><U93/><E43/><V5/><F5/><W19/><G111/><T12/><D12/><U3/><E40/><V17/><F17/><W107/><G19/><T44/><D44/><U61/><E62/><V32/><AGARI ba="0,1" hai="10,13,16,27,28,32,41,47,50,80,81,90,92,97" machi="32" ten="20,12000,1" yaku="1,1,0,1,7,1,52,1,54,1,53,0" doraHai="24" doraHaiUra="101" who="2" fromWho="2" sc="313,-40,287,-40,193,130,197,-40" /><INIT seed="2,1,0,1,2,134" ten="273,247,323,157" oya="2" hai0="87,65,82,25,124,95,123,17,71,96,112,20,106" hai1="86,92,23,110,111,122,8,109,32,27,99,51,48" hai2="44,117,77,45,62,103,28,101,41,68,118,66,11" hai3="19,115,26,0,6,84,40,104,127,57,90,97,60"/><V78/><F28/><W46/><G115/><T116/><D123/><U50/><E122/><V42/><F62/><W91/><G0/><T93/><D112/><U131/><E131/><V21/><F21/><W3/><G3/><T9/><D116/><U119/><E119/><V81/><F11/><W55/><G6/><T135/><D135/><U52/><E86/><V22/><F22/><W130/><G130/><T24/><D24/><U61/><E8/><V67/><F81/><W1/><G1/><T29/><D106/><U58/><E32/><V38/><F68/><W54/><G26/><T70/><D70/><U15/><E15/><V47/><F47/><W107/><G19/><T72/><D72/><U129/><E129/><V33/><REACH who="2" step="1"/><F38/><REACH who="2" ten="273,247,313,157" step="2"/><W16/><G60/><T69/><D69/><U53/><E23/><V64/><F64/><W4/><G46/><T35/><D65/><N who="1" m="39095" /><E27/><V83/><F83/><W36/><G36/><T132/><D71/><U113/><E113/><V108/><F108/><N who="1" m="27649" /><U114/><DORA hai="85" /><E114/><V43/><F43/><W76/><G40/><T2/><D82/><U34/><E34/><AGARI ba="1,1" hai="33,34,41,42,44,45,66,67,77,78,101,103,117,118" machi="34" ten="25,4800,0" yaku="1,1,22,2,53,0" doraHai="134,85" doraHaiUra="10,105" who="2" fromWho="1" sc="273,0,247,-51,313,61,157,0" /><INIT seed="2,2,0,1,1,39" ten="273,196,374,157" oya="2" hai0="71,69,98,31,33,130,32,83,123,120,132,64,121" hai1="23,68,135,84,58,11,74,133,102,85,49,73,93" hai2="126,41,29,115,17,55,12,107,27,116,76,4,104" hai3="108,42,43,21,97,66,125,99,72,86,15,122,78"/><V19/><F115/><W75/><G122/><T25/><D83/><U117/><E68/><V0/><F116/><W61/><G108/><T80/><D80/><U24/><E117/><V95/><F126/><W88/><G125/><T51/><D51/><U109/><E109/><V127/><F127/><W22/><G78/><T89/><D89/><U114/><E11/><V70/><F70/><W36/><G36/><T6/><D6/><U56/><E114/><V13/><F76/><W119/><G119/><T101/><D71/><U48/><E23/><N who="3" m="8714" /><G72/><T82/><D82/><U110/><E110/><V47/><F55/><W91/><G15/><T28/><D132/><U3/><E93/><V44/><F95/><N who="3" m="54679" /><G75/><T57/><D130/><U90/><E90/><V111/><F111/><W60/><G91/><T16/><D31/><U105/><E3/><V30/><F0/><W118/><G118/><T10/><D33/><U53/><E53/><V38/><F38/><W2/><G2/><T96/><D69/><U20/><E20/><V54/><F54/><W81/><G81/><T112/><D32/><U128/><E128/><V40/><F27/><W18/><G18/><T129/><D28/><U14/><E24/><V92/><F92/><W35/><G35/><T67/><D25/><U63/><E105/><V62/><F4/><W77/><G77/><T94/><D129/><U79/><E79/><V52/><F52/><W87/><G87/><T5/><D112/><U124/><E124/><V45/><F104/><W34/><G34/><T106/><D123/><U113/><E113/><V7/><F107/><RYUUKYOKU ba="2,0" sc="273,0,196,0,374,0,157,0" /><INIT seed="3,3,0,2,3,67" ten="273,196,374,157" oya="3" hai0="119,51,103,134,61,125,133,8,98,81,95,18,22" hai1="128,1,75,44,118,7,91,111,24,135,69,29,96" hai2="102,14,48,107,97,63,4,65,33,66,76,124,120" hai3="16,105,71,0,62,38,113,100,127,116,94,84,30"/><W60/><G113/><T132/><D119/><U23/><E75/><V112/><F112/><W57/><G116/><T122/><D122/><U40/><E118/><V27/><F66/><W10/><G38/><T50/><D125/><U123/><E123/><V85/><F48/><W2/><G105/><T58/><D8/><U9/><E111/><V19/><F124/><W49/><G127/><T20/><D81/><U39/><E135/><V78/><F85/><W121/><G121/><T80/><D80/><U90/><E69/><N who="2" m="42175" /><F4/><W117/><G117/><T37/><D37/><U6/><E128/><V99/><F99/><W104/><G104/><T64/><D22/><U5/><REACH who="1" step="1"/><E90/><REACH who="1" ten="273,186,374,157" step="2"/><V17/><F120/><W31/><G71/><T129/><D129/><U47/><E47/><V108/><F108/><W115/><G115/><T35/><D35/><U42/><E42/><V73/><F73/><W130/><G130/><T79/><D79/><U59/><E59/><V114/><F78/><W54/><G0/><T41/><D41/><U93/><AGARI ba="3,1" hai="1,5,6,7,9,23,24,29,39,40,44,91,93,96" machi="93" ten="30,4000,0" yaku="1,1,0,1,53,1" doraHai="67" doraHaiUra="34" who="1" fromWho="1" sc="273,-13,186,59,374,-13,157,-23" owari="260,6.0,245,-15.5,361,46.1,134,-36.6" /></mjloggm>