<mjloggm ver="2.3"><GO type="225" lobby="0"/><UN n0="%E6%80%AA%E3%81%97%E3%81%99%E3%81%8E%E3%82%8B%E3%83%81%E3%83%BC" n1="%E6%B2%A1%E7%94%B7" n2="%45%6C%79%73%69%75%6D" n3="%70%68%65%6E%6F%6D%65" dan="16,16,17,16" rate="2189.63,2073.07,2147.61,2170.77" sx="M,M,F,M"/><TAIKYOKU oya="0"/><INIT seed="0,0,0,2,4,23" ten="250,250,250,250" oya="0" hai0="98,2,17,69,83,19,106,76,87,27,25,132,127" hai1="124,24,38,102,0,126,71,3,16,94,72,14,75" hai2="64,99,101,96,41,100,93,51,84,56,113,49,34" hai3="50,40,29,92,45,57,12,66,21,37,116,13,61"/><T6/><D69/><U90/><E38/><V39/><F113/><W123/><G116/><T95/><D106/><U70/><E102/><V15/><F34/><W8/><G123/><T36/><D36/><U42/><E42/><V122/><F122/><W77/><G77/><T48/><D127/><N who="1" m="48683" /><E70/><V105/><F39/><W68/><G92/><T115/><D132/><U44/><E44/><V121/><F121/><W135/><G135/><T7/><D115/><U58/><E58/><V89/><F41/><W134/><G134/><T85/><D48/><U67/><E67/><V20/><F64/><W73/><G73/><N who="1" m="28234" /><E71/><V60/><F60/><W107/><G107/><T65/><D2/><U91/><E24/><N who="0" m="9289" /><D65/><U54/><E54/><V33/><F49/><W128/><G68/><T5/><D87/><N who="1" m="52575" /><E91/><AGARI ba="0,0" hai="5,6,7,17,19,76,83,85,91,95,98" m="9289" machi="91" ten="30,11600,0" yaku="8,1,52,3" doraHai="23" who="0" fromWho="1" sc="250,116,250,-116,250,0,250,0" /><INIT seed="0,1,0,1,2,28" ten="366,134,250,250" oya="0" hai0="21,128,90,16,119,14,58,42,82,68,47,104,73" hai1="109,50,46,59,72,80,6,107,75,133,134,9,120" hai2="122,27,123,99,2,61,1,86,22,135,17,64,23" hai3="130,35,101,52,65,45,36,53,110,4,51,81,97"/><T33/><D119/><U102/><E120/><V34/><F135/><N who="1" m="51721" /><E59/><V41/><F41/><W43/><G110/><T55/><D128/><U67/><E67/><V66/><F99/><W38/><G130/><T3/><D68/><U92/><E107/><V85/><F17/><W108/><G108/><T18/><D104/><U19/><E19/><V29/><F61/><W57/><G4/><T56/><D3/><N who="1" m="223" /><E80/><V48/><F48/><W74/><G65/><T127/><D58/><U0/><E0/><V121/><F1/><W77/><G53/><T117/><D18/><U118/><E118/><V44/><F2/><W70/><G70/><T88/><D127/><U94/><E109/><V124/><F66/><W37/><REACH who="3" step="1"/><G35/><REACH who="3" ten="366,134,250,240" step="2"/><T69/><D33/><U12/><E12/><V54/><F64/><W93/><AGARI ba="1,1" hai="36,37,38,43,45,51,52,57,74,77,81,93,97,101" machi="93" ten="20,8000,1" yaku="1,1,2,1,0,1,7,1,54,1,53,0" doraHai="28" doraHaiUra="125" who="3" fromWho="3" sc="366,-41,134,-21,250,-21,240,93" /><INIT seed="1,0,0,1,5,101" ten="325,113,229,333" oya="1" hai0="30,80,60,57,13,23,9,48,119,95,35,5,32" hai1="44,16,51,84,12,27,127,126,62,20,8,133,82" hai2="63,17,24,7,117,53,75,103,37,55,100,121,18" hai3="94,58,4,68,129,93,61,106,34,134,107,120,21"/><U88/><E133/><V47/><F117/><W46/><G34/><T110/><D110/><U2/><E2/><V114/><F121/><W64/><G120/><T90/><D119/><U59/><E127/><V45/><F75/><W22/><G134/><T109/><D48/><U26/><E126/><V3/><F114/><W49/><G129/><T76/><D23/><U102/><E102/><V111/><F111/><W67/><G4/><T130/><D30/><U70/><E70/><V1/><F7/><W81/><G81/><T0/><D0/><U65/><REACH who="1" step="1"/><E20/><REACH who="1" ten="325,103,229,333" step="2"/><V99/><F1/><W40/><G21/><T96/><D109/><U52/><AGARI ba="0,1" hai="8,12,16,26,27,44,51,52,59,62,65,82,84,88" machi="52" ten="20,24000,3" yaku="1,1,2,1,0,1,7,1,25,2,8,1,54,3,53,0" doraHai="101" doraHaiUra="128" who="1" fromWho="1" sc="325,-80,103,250,229,-80,333,-80" /><INIT seed="1,1,0,1,1,83" ten="245,353,149,253" oya="1" hai0="25,26,64,39,76,123,45,115,49,28,121,1,113" hai1="12,56,73,57,101,5,131,118,62,72,59,102,44" hai2="65,15,90,37,89,27,126,54,21,109,93,125,134" hai3="36,61,74,132,114,128,24,47,19,135,50,23,117"/><U111/><E118/><V34/><F109/><W20/><G114/><T2/><D39/><U87/><E111/><V70/><F37/><W75/><G117/><T80/><D64/><U98/><E131/><V41/><F41/><W91/><G128/><T42/><D113/><U78/><E73/><V68/><F134/><N who="3" m="51243" /><G36/><T96/><D96/><U94/><E72/><V66/><F34/><W6/><G6/><T120/><D115/><U55/><E44/><V81/><F15/><N who="3" m="9343" /><G61/><T99/><D99/><U108/><E102/><V106/><F106/><W104/><G91/><T4/><D4/><U8/><E108/><V88/><F81/><AGARI ba="1,0" hai="5,8,12,55,56,57,59,62,78,81,87,94,98,101" machi="81" ten="40,3900,0" yaku="8,1,52,1" doraHai="83" who="1" fromWho="2" sc="245,0,353,42,149,-42,253,0" /><INIT seed="1,2,0,4,3,87" ten="245,395,107,253" oya="1" hai0="116,112,78,1,102,85,13,39,57,125,104,103,135" hai1="19,37,12,33,64,62,26,93,107,49,6,22,18" hai2="8,48,132,98,29,126,70,121,32,77,133,42,134" hai3="76,89,109,80,24,25,91,82,99,71,46,69,119"/><U0/><E37/><V72/><F121/><W101/><G109/><T90/><D112/><U83/><E107/><V66/><F126/><W17/><G119/><T28/><D39/><U110/><E110/><V130/><F130/><W44/><G17/><T15/><D1/><U51/><E0/><V53/><F42/><W131/><G99/><T27/><D116/><U118/><E6/><V21/><F32/><W94/><G94/><T55/><D78/><U47/><E33/><V23/><F8/><W75/><G76/><T7/><D135/><U34/><E34/><V92/><F29/><W40/><G40/><T43/><D43/><U59/><E118/><V79/><F79/><W114/><G101/><N who="0" m="38411" /><D104/><U5/><E83/><N who="2" m="45479" /><F66/><W38/><G38/><T111/><D7/><U52/><E5/><V81/><F81/><W100/><G100/><T45/><D45/><U61/><E47/><N who="2" m="27807" /><F70/><W96/><G75/><T65/><D65/><U63/><E64/><V127/><F127/><W20/><G96/><T95/><D125/><U54/><E54/><V122/><F122/><W74/><G74/><T16/><D28/><U11/><E52/><V30/><F30/><W86/><G86/><T120/><D111/><U108/><E108/><V128/><F128/><W124/><G124/><T129/><D120/><U56/><E93/><V14/><F14/><W2/><G2/><T4/><D129/><U106/><E106/><V36/><F36/><W117/><G131/><T35/><D35/><U10/><E12/><N who="0" m="4681" /><D4/><U84/><E10/><V50/><F50/><W68/><G117/><T123/><D123/><RYUUKYOKU ba="2,0" sc="245,-10,395,-10,107,30,253,-10" hai2="21,23,92,98,132,133,134" /><INIT seed="2,3,0,0,0,10" ten="235,385,137,243" oya="2" hai0="71,53,70,1,102,39,15,109,118,125,88,105,29" hai1="134,9,80,25,3,130,74,96,60,81,121,98,46" hai2="114,14,120,31,17,11,131,18,36,33,22,40,97" hai3="103,2,83,62,94,90,35,78,129,79,8,115,128"/><V76/><F114/><W52/><G35/><T112/><D1/><U30/><E130/><N who="3" m="50282" /><G103/><T116/><D125/><U21/><E134/><V89/><F131/><W20/><G20/><T92/><D109/><U6/><E121/><V65/><F120/><W55/><G115/><T135/><D39/><U26/><E46/><V56/><F76/><N who="3" m="29227" /><G83/><T58/><D29/><U117/><E117/><N who="0" m="45161" /><D135/><U86/><E74/><V38/><F40/><W64/><G8/><T119/><D112/><U5/><E80/><V73/><F73/><W127/><G2/><T95/><D105/><U49/><E9/><V111/><F111/><W54/><G127/><T68/><D15/><U104/><E3/><V34/><F31/><W43/><G43/><T7/><D7/><U19/><E104/><V23/><F33/><W61/><G64/><T57/><D53/><N who="3" m="13569" /><W66/><DORA hai="32" /><G66/><T85/><D119/><U41/><E5/><V69/><F34/><W67/><G67/><T47/><D47/><U16/><E41/><V42/><F42/><W106/><G106/><T107/><D107/><U48/><E6/><V100/><F56/><N who="0" m="21610" /><D102/><U12/><E81/><AGARI ba="3,0" hai="68,70,71,81,85,88,92,95" m="21610,45161" machi="81" ten="40,2600,0" yaku="12,1,54,1" doraHai="10,32" who="0" fromWho="1" sc="235,35,385,-35,137,0,243,0" /><INIT seed="3,0,0,3,4,15" ten="270,350,137,243" oya="3" hai0="113,82,97,133,1,64,51,5,96,42,62,75,38" hai1="59,30,127,32,48,46,123,83,17,68,100,134,7" hai2="78,58,99,65,44,0,77,109,35,85,9,121,4" hai3="95,119,29,114,60,80,52,112,91,129,54,19,39"/><W115/><G119/><T94/><D133/><U34/><E68/><V89/><F109/><W36/><G129/><T47/><D113/><U105/><E123/><V125/><F121/><W18/><G29/><T90/><D51/><U72/><E7/><V117/><F117/><W128/><G128/><T28/><D28/><U70/><E70/><V92/><F35/><W50/><G80/><T79/><D97/><U74/><E59/><V87/><F125/><W23/><G60/><T20/><D20/><U101/><E105/><V110/><F110/><W55/><G50/><T86/><D86/><U126/><E30/><V122/><F122/><W67/><G67/><T37/><D37/><U108/><E108/><V2/><F2/><W102/><G102/><T3/><D5/><U25/><E83/><V130/><F130/><W106/><G106/><T8/><D8/><U21/><E134/><V118/><F118/><W33/><G33/><N who="1" m="12906" /><E74/><V63/><REACH who="2" step="1"/><F44/><REACH who="2" ten="270,350,127,243" step="2"/><W107/><G114/><T13/><D3/><U57/><E46/><V135/><F135/><W103/><G112/><T45/><D1/><U69/><E127/><V66/><F66/><W24/><G115/><T71/><D45/><U49/><E126/><V43/><F43/><W132/><G132/><T56/><D47/><U26/><E72/><V6/><F6/><W40/><G40/><T104/><D42/><U61/><E69/><V73/><F73/><W111/><G111/><T131/><D71/><U27/><E21/><V12/><F12/><W53/><N who="3" m="13312" /><DORA hai="84" /><W124/><G124/><T116/><D131/><U98/><E61/><RYUUKYOKU ba="0,1" sc="270,-10,350,-10,127,30,243,-10" hai2="0,4,9,58,63,65,77,78,85,87,89,92,99" owari="260,6.0,350,45.0,157,-34.3,233,-16.7" /></mjloggm>