<mjloggm ver="2.3"><GO type="225" lobby="0"/><UN n0="%E3%81%8F%E3%81%BE%E3%81%96%E3%82%8F" n1="%33%74%72%65%65" n2="%E3%83%AD%E3%83%83%E3%83%86%E9%9B%80%E7%90%83" n3="%E5%88%9D%E5%8F%B7%E6%A9%9F%E3%81%A8%E4%BA%8C%E5%8F%B7%E6%A9%9F" dan="16,17,17,17" rate="2051.39,2199.28,2155.86,2173.28" sx="M,F,M,M"/><TAIKYOKU oya="0"/><INIT seed="0,0,0,1,5,69" ten="250,250,250,250" oya="0" hai0="8,39,58,122,101,91,108,102,123,79,13,17,10" hai1="12,83,25,37,121,59,49,40,126,34,109,31,118" hai2="115,43,53,86,124,80,52,50,93,87,54,67,27" hai3="38,112,5,85,94,134,92,11,97,95,125,61,28"/><T6/><D108/><U82/><E118/><V45/><F115/><W105/><G112/><T56/><D79/><U117/><E121/><V72/><F124/><W77/><G125/><T129/><D129/><U0/><E0/><V47/><F67/><W70/><G134/><T89/><D17/><U111/><E117/><V127/><F127/><W46/><G28/><T107/><D107/><U90/><E126/><V19/><F93/><W24/><G24/><T48/><D48/><U99/><E12/><V120/><F120/><W66/><G77/><T57/><D57/><U119/><E119/><V78/><REACH who="2" step="1"/><F45/><REACH who="2" ten="250,250,240,250" step="2"/><W114/><G114/><T131/><D131/><U63/><E109/><V51/><F51/><W14/><G105/><T41/><D122/><U23/><E49/><V62/><F62/><W29/><G94/><T73/><D123/><U84/><E111/><V96/><F96/><W18/><G95/><T71/><D71/><U65/><E99/><V3/><F3/><W35/><G97/><T132/><D58/><U1/><E1/><V110/><F110/><W135/><G46/><T30/><D56/><U130/><E130/><V36/><F36/><W100/><G38/><T81/><D39/><U42/><E37/><V15/><F15/><W16/><G100/><T21/><D102/><U64/><E64/><V76/><F76/><W113/><G113/><T68/><D101/><U60/><E60/><V104/><F104/><W128/><G128/><T2/><D2/><U88/><E34/><V26/><F26/><N who="3" m="18871" /><G135/><T32/><D132/><U106/><E106/><V9/><F9/><RYUUKYOKU ba="0,1" sc="250,-30,250,10,240,10,250,10" hai1="23,25,31,40,42,59,63,65,82,83,84,88,90" hai2="19,27,43,47,50,52,53,54,72,78,80,86,87" hai3="5,11,14,16,18,61,66,70,85,92" /><INIT seed="1,1,1,1,5,81" ten="220,260,250,260" oya="1" hai0="36,7,89,120,38,4,109,85,125,110,115,123,11" hai1="118,117,46,133,45,76,66,78,87,65,106,55,77" hai2="86,5,43,6,103,88,68,126,128,3,24,94,70" hai3="122,99,134,112,73,19,93,25,84,47,2,127,83"/><U13/><E106/><V8/><F126/><W90/><G112/><T97/><D115/><U75/><E75/><V35/><F128/><W101/><G122/><N who="0" m="46635" /><D97/><U60/><E133/><V40/><F6/><N who="0" m="2090" /><D11/><U49/><E45/><V53/><F53/><W67/><G127/><T91/><D125/><U100/><E100/><V72/><F72/><W27/><G2/><T108/><D85/><U44/><E44/><V9/><F9/><W57/><G134/><T113/><D113/><U135/><E135/><V82/><F103/><W23/><G47/><T22/><D22/><U17/><E87/><V63/><F94/><W33/><G73/><T10/><D10/><U54/><E117/><V31/><REACH who="2" step="1"/><F63/><REACH who="2" ten="220,260,240,260" step="2"/><N who="3" m="38383" /><G33/><T121/><D121/><U52/><E118/><V20/><F20/><W14/><AGARI ba="1,2" hai="14,19,23,25,27,83,84,90,93,99,101" m="38383" machi="14" ten="30,2000,0" yaku="8,1,52,1" doraHai="81" who="3" fromWho="3" sc="220,-6,260,-11,240,-6,260,43" /><INIT seed="2,0,0,4,4,46" ten="214,249,234,303" oya="2" hai0="98,7,81,44,11,41,52,102,77,38,85,73,75" hai1="88,97,123,62,117,4,24,29,25,2,27,65,125" hai2="105,5,126,79,35,39,64,10,50,21,68,89,124" hai3="87,40,132,120,94,93,129,70,119,131,128,0,80"/><V113/><F113/><W133/><G70/><T30/><D30/><U127/><E117/><V112/><F35/><W19/><G0/><T34/><D34/><U43/><E43/><V67/><F39/><W115/><G40/><T111/><D111/><U82/><E123/><V45/><F112/><W74/><G115/><T23/><D23/><U42/><E42/><N who="2" m="24887" /><F105/><W37/><G37/><T92/><REACH who="0" step="1"/><D52/><REACH who="0" ten="204,249,234,303" step="2"/><U118/><E29/><V49/><F21/><W47/><G119/><T48/><D48/><U101/><E118/><V71/><F49/><W90/><G47/><T130/><D130/><U3/><E125/><N who="2" m="48235" /><F67/><W22/><G120/><T61/><D61/><U91/><E62/><V57/><F79/><W103/><G131/><T106/><D106/><U54/><E65/><V72/><F72/><W15/><G74/><T1/><AGARI ba="0,1" hai="1,7,11,38,41,44,73,75,77,81,85,92,98,102" machi="1" ten="20,2700,0" yaku="1,1,0,1,7,1,53,0" doraHai="46" doraHaiUra="17" who="0" fromWho="0" sc="204,37,249,-7,234,-13,303,-7" /><INIT seed="3,0,0,2,5,33" ten="241,242,221,296" oya="3" hai0="121,41,65,21,123,115,43,109,119,3,27,127,69" hai1="83,34,30,25,118,92,53,19,37,47,132,4,0" hai2="135,54,90,58,72,48,120,51,45,13,5,76,36" hai3="95,122,12,32,124,23,42,91,17,20,102,73,67"/><W62/><G73/><T64/><D119/><U50/><E118/><V88/><F135/><W97/><G122/><T87/><D3/><U113/><E113/><V99/><F120/><W52/><G32/><T89/><D115/><U57/><E132/><V15/><F36/><W106/><G42/><T6/><D6/><U55/><E19/><V11/><F15/><W77/><G77/><T28/><D109/><U9/><E83/><V68/><F68/><W111/><G124/><T29/><D127/><U104/><E104/><V14/><F14/><W101/><G52/><T39/><D39/><U61/><E92/><V10/><F10/><W22/><G111/><T60/><D65/><U129/><REACH who="1" step="1"/><E37/><REACH who="1" ten="241,232,221,296" step="2"/><V108/><F108/><W100/><REACH who="3" step="1"/><G106/><REACH who="3" ten="241,232,221,286" step="2"/><T49/><D123/><U70/><E70/><AGARI ba="0,2" hai="12,17,20,22,23,62,67,70,91,95,97,100,101,102" machi="70" ten="40,3900,0" yaku="1,1,2,1,53,0" doraHai="33" doraHaiUra="110" who="3" fromWho="1" sc="241,0,232,-39,221,0,286,59" owari="241,4.1,193,-30.7,221,-17.9,345,44.5" /></mjloggm>