<mjloggm ver="2.3"><GO type="225" lobby="0"/><UN n0="%E7%AD%89%E3%80%85%E5%8A%9B%E5%8A%87%E5%A0%B4" n1="%E4%B8%89%E5%86%A0%E7%8E%8B%E3%83%BB%E5%B1%B1%E7%94%B0%E5%93%B2%E4%BA%BA" n2="%E3%81%82%E3%81%99%E3%81%AB%E3%82%83%E3%82%80" n3="%6D%75%75%6D%75%72%61" dan="16,16,16,16" rate="2171.96,2118.17,2182.84,2131.10" sx="M,M,F,F"/><TAIKYOKU oya="0"/><INIT seed="0,0,0,4,4,114" ten="250,250,250,250" oya="0" hai0="101,51,30,41,18,84,65,100,15,111,122,29,115" hai1="102,62,96,71,24,120,77,94,12,128,32,57,46" hai2="99,105,66,131,6,0,47,44,33,58,110,64,35" hai3="2,40,3,17,74,79,4,26,127,85,67,9,116"/><T88/><D115/><U124/><E120/><V69/><F110/><W97/><G74/><T113/><D113/><U86/><E124/><V39/><F69/><W31/><G127/><T95/><D122/><U19/><E71/><V83/><F131/><W42/><G2/><T107/><D111/><U98/><E128/><V7/><F58/><W72/><G72/><T121/><D121/><U91/><E32/><V14/><F14/><W70/><G116/><T22/><D65/><N who="1" m="39119" /><E46/><V123/><F99/><W23/><G97/><T52/><D41/><U112/><E112/><V50/><F50/><W119/><G119/><T135/><D135/><U132/><E132/><V80/><F123/><W63/><G79/><T34/><D107/><U36/><E36/><V54/><F39/><W25/><REACH who="3" step="1"/><G85/><REACH who="3" ten="250,250,250,240" step="2"/><T8/><D34/><AGARI ba="0,1" hai="3,4,9,17,23,25,26,31,34,40,42,63,67,70" machi="34" ten="30,3900,0" yaku="1,1,2,1,7,1,53,0" doraHai="114" doraHaiUra="133" who="3" fromWho="0" sc="250,-39,250,0,250,0,240,49" /><INIT seed="1,0,0,0,4,5" ten="211,250,250,289" oya="1" hai0="35,112,84,131,119,54,21,9,79,135,40,64,56" hai1="49,132,60,120,124,116,107,70,19,129,125,117,37" hai2="114,83,57,105,68,111,118,26,98,38,3,75,134" hai3="4,46,32,62,72,2,109,122,78,81,104,30,58"/><U13/><E107/><V0/><RYUUKYOKU type="yao9" ba="0,0" sc="211,0,250,0,250,0,289,0" hai2="0,3,26,38,57,68,75,83,98,105,111,114,118,134" /><INIT seed="1,1,0,2,0,68" ten="211,250,250,289" oya="1" hai0="43,73,77,49,19,57,87,134,109,18,7,31,15" hai1="44,117,96,60,112,81,3,17,65,100,10,32,110" hai2="9,55,8,36,63,58,125,64,11,16,37,74,2" hai3="94,108,35,75,114,115,98,34,46,106,102,40,104"/><U132/><E112/><V47/><F2/><W88/><G108/><T59/><D73/><U101/><E117/><V38/><F74/><W41/><G75/><T53/><D109/><U107/><E110/><V124/><REACH who="2" step="1"/><F16/><REACH who="2" ten="211,250,240,289" step="2"/><W93/><G114/><T118/><D19/><U128/><E3/><V22/><F22/><W28/><G115/><T4/><D18/><U90/><E17/><V25/><F25/><W5/><G5/><T79/><D4/><U30/><E32/><V133/><F133/><W126/><G35/><T1/><D1/><U27/><E132/><V120/><F120/><W85/><G34/><T66/><D134/><U20/><E20/><V23/><F23/><W129/><G28/><T61/><D31/><U89/><E27/><V97/><F97/><W111/><G111/><T123/><D123/><U70/><E30/><V121/><F121/><W119/><G119/><T122/><D118/><U86/><E96/><V103/><F103/><W91/><G102/><T80/><D122/><U131/><E101/><V14/><F14/><W0/><G0/><T92/><D15/><U39/><E100/><V113/><F113/><W50/><G98/><T6/><D7/><U13/><E13/><V72/><F72/><W62/><G106/><T82/><D6/><U24/><E107/><V78/><F78/><W130/><G104/><T51/><D79/><N who="1" m="46399" /><E24/><V105/><F105/><W52/><G85/><T69/><D77/><U33/><E33/><V76/><F76/><W29/><G29/><T67/><D87/><U26/><E26/><V45/><F45/><W127/><G46/><RYUUKYOKU ba="1,1" sc="211,-10,250,-10,240,30,289,-10" hai2="8,9,11,36,37,38,47,55,58,63,64,124,125" /><INIT seed="2,2,1,3,1,58" ten="201,240,270,279" oya="2" hai0="56,101,64,5,38,89,102,1,72,79,115,134,31" hai1="96,80,48,36,50,12,8,92,54,113,62,132,0" hai2="74,42,94,6,78,82,43,68,106,7,114,55,93" hai3="126,135,111,77,59,21,25,103,40,118,11,19,108"/><V14/><F106/><W85/><G118/><T35/><D38/><U75/><E113/><V116/><F114/><W70/><G70/><T84/><D115/><U123/><E36/><V45/><F116/><W34/><G126/><T13/><D1/><U17/><E132/><V33/><F33/><W49/><G135/><T67/><D134/><U44/><E123/><V127/><F127/><W32/><G103/><T107/><D72/><U133/><E133/><V69/><F55/><N who="3" m="32239" /><G11/><T3/><D3/><U129/><E129/><V122/><F122/><W52/><G40/><T47/><D79/><U18/><E0/><V37/><F42/><W121/><G121/><T76/><D76/><U99/><E50/><V16/><F68/><W128/><G128/><T10/><D47/><U26/><E80/><V104/><F104/><W71/><G71/><T22/><D35/><U61/><E75/><V119/><F69/><W15/><G25/><N who="0" m="16823" /><D107/><U65/><E65/><V20/><REACH who="2" step="1"/><F119/><REACH who="2" ten="201,240,260,279" step="2"/><W97/><G52/><T117/><D117/><U9/><E54/><V86/><F86/><W24/><G85/><T41/><D41/><N who="1" m="24591" /><E99/><V30/><F30/><W105/><G97/><T57/><D67/><U81/><E96/><V110/><F110/><W131/><G105/><T124/><D124/><U53/><E53/><V95/><AGARI ba="2,2" hai="6,7,14,16,20,37,43,45,74,78,82,93,94,95" machi="95" ten="30,6000,0" yaku="1,1,0,1,54,1,53,0" doraHai="58" doraHaiUra="66" who="2" fromWho="2" sc="201,-22,240,-22,260,86,279,-22" /><INIT seed="2,3,0,3,0,126" ten="179,218,346,257" oya="2" hai0="66,123,85,96,29,20,28,13,42,7,9,118,55" hai1="117,87,8,70,97,25,109,89,84,115,49,101,132" hai2="30,98,76,62,104,88,81,125,4,75,33,56,65" hai3="39,72,38,31,134,64,69,43,32,92,50,36,91"/><V86/><F125/><W114/><G72/><T47/><D123/><U78/><E70/><V41/><F41/><W71/><G134/><T120/><D120/><U112/><E117/><V11/><F30/><W18/><G114/><T68/><D118/><U79/><E25/><V0/><F33/><W121/><G121/><T135/><D135/><U119/><E119/><V122/><F122/><W113/><G113/><T35/><D35/><U27/><E132/><V51/><F51/><W52/><G32/><T19/><D55/><U61/><E109/><V24/><F24/><W59/><G31/><T103/><D85/><U77/><E27/><V5/><F5/><W102/><G102/><T26/><D66/><U74/><E74/><V23/><F23/><W1/><G1/><T116/><D68/><U90/><E61/><V130/><F130/><W60/><G71/><T58/><D58/><U3/><E49/><V44/><F44/><N who="3" m="23655" /><G18/><T2/><D116/><U48/><E48/><V40/><F40/><W128/><G128/><T133/><D133/><U10/><E3/><V106/><F98/><AGARI ba="3,0" hai="38,39,50,52,59,60,64,69,91,92,98" m="23655" machi="98" ten="30,2000,0" yaku="24,1,54,1" doraHai="126" who="3" fromWho="2" sc="179,0,218,0,346,-29,257,29" /><INIT seed="3,0,0,1,2,3" ten="179,218,317,286" oya="3" hai0="90,27,62,56,81,39,109,11,57,126,113,59,76" hai1="70,54,7,68,34,47,1,58,89,19,98,77,131" hai2="51,134,132,18,75,100,31,23,35,71,117,4,16" hai3="29,128,84,88,15,14,65,111,112,124,46,82,64"/><W50/><G112/><T94/><D39/><U101/><E34/><V118/><F75/><W72/><G72/><T73/><D109/><U40/><E131/><V127/><F71/><W13/><G128/><T106/><D106/><U133/><E133/><N who="2" m="51307" /><F100/><W9/><G111/><T87/><D126/><U41/><E77/><V91/><F4/><N who="3" m="3239" /><G29/><T66/><D113/><U92/><E19/><N who="2" m="7211" /><F127/><W108/><G108/><T80/><D80/><U22/><E22/><V135/><F135/><W123/><G123/><T105/><D27/><U121/><E101/><V30/><F35/><W42/><G124/><T95/><D105/><U36/><E41/><V110/><F110/><W38/><G38/><T129/><D129/><U28/><E28/><N who="2" m="10795" /><F23/><W61/><G65/><T26/><D26/><U43/><E43/><V17/><F17/><W120/><G120/><T52/><D95/><U33/><E33/><V5/><F5/><W125/><G125/><T44/><REACH who="0" step="1"/><D11/><REACH who="0" ten="169,218,317,286" step="2"/><N who="1" m="2543" /><E121/><V83/><F118/><W79/><G79/><T55/><D55/><U130/><E130/><V32/><F32/><W25/><G25/><T103/><D103/><U20/><E20/><V6/><F117/><W2/><G2/><T74/><D74/><U12/><E12/><V119/><F119/><W21/><G21/><T96/><D96/><U86/><E98/><V67/><F83/><W49/><G14/><T107/><D107/><U53/><E53/><V60/><F91/><W115/><G15/><T99/><D99/><U78/><E36/><V85/><F6/><W24/><G24/><T63/><D63/><N who="1" m="36311" /><E89/><V10/><F60/><RYUUKYOKU ba="0,1" sc="169,30,218,-10,317,-10,286,-10" hai0="44,52,56,57,59,62,66,73,76,81,87,90,94" owari="199,-30.1,208,-19.2,317,41.7,276,7.6" /></mjloggm>