<mjloggm ver="2.3"><GO type="225" lobby="0"/><UN n0="%41%6C%74%61%72%69%61" n1="%E3%81%A8%E3%82%93%E3%81%A8%E3%81%93%E3%81%A8%E3%82%93" n2="%72%69%6F%75%63%68%61%6E" n3="%E3%81%99%E3%81%84%E3%81%BE%E3%81%9B%E3%83%BC%E3%82%93" dan="16,16,16,17" rate="2019.87,2145.32,2107.03,2255.26" sx="F,F,M,M"/><TAIKYOKU oya="0"/><INIT seed="0,0,0,4,4,107" ten="250,250,250,250" oya="0" hai0="20,108,63,36,37,19,47,29,100,45,4,95,17" hai1="87,23,119,42,84,65,102,38,78,91,32,22,8" hai2="48,73,76,51,125,97,10,89,74,68,105,118,104" hai3="116,120,106,114,1,14,44,70,49,117,52,21,54"/><T25/><D4/><U101/><E32/><V5/><F68/><W129/><G1/><T130/><D130/><U99/><E119/><V61/><F125/><W94/><G106/><T64/><D108/><U3/><E65/><V60/><F118/><W41/><G114/><T122/><D122/><U12/><E3/><V55/><F105/><W103/><G70/><T82/><D82/><U98/><E38/><V69/><F76/><W134/><G129/><T7/><D7/><U24/><E42/><V132/><F132/><W31/><G134/><T93/><D37/><U34/><E34/><V46/><F48/><W15/><G120/><T121/><D36/><U86/><E91/><V79/><F79/><W88/><G103/><N who="1" m="39434" /><E78/><V59/><F69/><W39/><G117/><T112/><D112/><U85/><N who="1" m="21504" /><DORA hai="109" /><U124/><E124/><V16/><F16/><N who="0" m="6218" /><D121/><U67/><E67/><V11/><F60/><W111/><G111/><T80/><D80/><U127/><E127/><V110/><F110/><W66/><G66/><T0/><D0/><U128/><E128/><V115/><F115/><W81/><G81/><T58/><D95/><U71/><E71/><V83/><F83/><W135/><G135/><T2/><D2/><U27/><E27/><V77/><F77/><W43/><G116/><T30/><D30/><N who="1" m="17687" /><E23/><V56/><F104/><W18/><G31/><T62/><D63/><U96/><E99/><AGARI ba="0,0" hai="20,25,29,45,47,58,62,64,93,99,100" m="6218" machi="99" ten="30,5800,0" yaku="25,1,8,1,54,1" doraHai="107,109" who="0" fromWho="1" sc="250,58,250,-58,250,0,250,0" /><INIT seed="0,1,0,0,1,10" ten="308,192,250,250" oya="0" hai0="49,118,82,27,69,0,45,84,81,35,15,66,11" hai1="2,85,33,129,62,120,101,17,25,122,19,60,75" hai2="109,127,78,132,124,26,83,110,55,5,97,80,73" hai3="88,106,38,14,111,41,91,130,1,28,72,68,105"/><T47/><D0/><U119/><E75/><V116/><F5/><W125/><G1/><T24/><D118/><U4/><E119/><V13/><F116/><W46/><G68/><T134/><D134/><U51/><E101/><V7/><F132/><W43/><G72/><T22/><D35/><U126/><E51/><V18/><F97/><W40/><G130/><T107/><D107/><U53/><E85/><V20/><F80/><W59/><G111/><N who="2" m="42505" /><F55/><W135/><G135/><T65/><D81/><U123/><E53/><V52/><F52/><W12/><G125/><N who="2" m="48201" /><F7/><W57/><G28/><T79/><D47/><U90/><E126/><V108/><N who="2" m="42513" /><V61/><DORA hai="71" /><F61/><W94/><G46/><T99/><D99/><U114/><E60/><V133/><F133/><W113/><G94/><T50/><D45/><U121/><E62/><V100/><F100/><W3/><G3/><T76/><D82/><U21/><E121/><V64/><F64/><W89/><G113/><T8/><D84/><U67/><E67/><V31/><F31/><W37/><G59/><T58/><D58/><U86/><E114/><V44/><F44/><W70/><G57/><T54/><D54/><U92/><E17/><V6/><F6/><W34/><G70/><T87/><D87/><U128/><REACH who="1" step="1"/><E33/><REACH who="1" ten="308,182,250,250" step="2"/><V23/><F23/><W77/><G34/><T63/><D63/><U104/><E104/><N who="3" m="40042" /><G77/><T9/><D69/><U48/><E48/><N who="0" m="18537" /><D79/><U29/><E29/><V117/><F117/><W131/><G131/><T93/><D76/><U30/><E30/><V98/><F98/><W95/><G95/><RYUUKYOKU ba="1,1" sc="308,-30,182,10,250,10,250,10" hai1="2,4,19,21,25,86,90,92,120,122,123,128,129" hai2="13,18,20,26,73,78,83" hai3="12,14,37,38,40,41,43,88,89,91" /><INIT seed="1,2,1,3,1,122" ten="278,192,260,260" oya="1" hai0="112,135,65,37,114,116,127,48,129,35,83,66,102" hai1="44,11,25,90,17,96,49,36,73,93,103,4,131" hai2="75,117,89,118,101,23,62,28,33,59,87,106,21" hai3="0,53,105,14,84,81,60,8,80,2,27,52,50"/><U85/><E73/><V42/><F75/><W7/><G105/><T70/><D35/><U88/><E131/><V82/><F42/><W43/><G27/><T19/><D19/><U39/><E25/><V120/><F120/><W41/><G81/><T126/><D102/><U30/><E17/><V20/><F33/><W94/><G94/><T111/><D83/><U24/><E24/><V78/><F28/><W10/><G60/><N who="0" m="40231" /><D116/><U91/><E85/><V40/><F40/><W74/><G74/><T95/><D95/><U125/><E30/><V107/><F89/><W64/><G64/><T133/><D37/><U100/><E100/><V119/><REACH who="2" step="1"/><F101/><REACH who="2" ten="278,192,250,260" step="2"/><W45/><G43/><T68/><D129/><U47/><E125/><V109/><F109/><W9/><G0/><T98/><D111/><U104/><E104/><V97/><F97/><W13/><G2/><T134/><D98/><U22/><E22/><V121/><F121/><W132/><G132/><T16/><D127/><U46/><REACH who="1" step="1"/><E49/><REACH who="1" ten="278,182,250,260" step="2"/><V18/><F18/><N who="3" m="8487" /><G10/><T5/><D126/><U99/><E99/><V110/><F110/><W61/><G61/><N who="0" m="40015" /><D16/><U92/><E92/><V76/><F76/><AGARI ba="2,3" hai="7,9,14,41,45,50,52,53,76,80,84" m="8487" machi="76" ten="30,3900,0" yaku="25,1,8,1,54,1" doraHai="122" who="3" fromWho="2" sc="278,0,182,0,250,-45,260,75" /><INIT seed="2,0,0,1,0,132" ten="278,182,205,335" oya="2" hai0="99,105,45,115,47,109,60,77,50,83,38,117,91" hai1="95,58,52,128,10,106,49,69,64,68,123,98,44" hai2="87,84,26,127,76,75,8,56,41,14,116,94,65" hai3="72,67,102,19,53,110,62,104,134,30,70,33,29"/><V113/><F127/><W78/><G110/><T90/><D115/><U37/><E106/><V4/><F113/><W39/><G134/><T27/><D109/><U129/><E123/><V96/><F116/><W130/><G130/><N who="1" m="50282" /><E10/><V7/><F41/><W18/><G39/><T57/><D38/><U88/><E64/><V135/><F135/><W97/><G53/><T74/><D117/><U125/><E125/><V51/><F4/><W131/><G30/><T82/><D27/><U21/><E21/><V48/><F75/><W36/><G36/><T3/><D3/><U63/><E37/><V9/><F9/><W111/><G111/><T2/><D2/><U100/><E100/><V12/><F12/><W54/><G54/><T1/><D1/><U6/><E6/><V46/><F26/><N who="3" m="18615" /><G131/><T126/><D126/><U85/><E98/><V23/><F23/><W133/><G133/><T11/><D11/><U59/><E63/><N who="2" m="38119" /><F76/><W43/><G43/><T71/><D71/><AGARI ba="0,0" hai="44,49,52,58,59,68,69,71,85,88,95" m="50282" machi="71" ten="30,3900,0" yaku="19,1,54,2" doraHai="132" who="1" fromWho="0" sc="278,-39,182,39,205,0,335,0" /><INIT seed="3,0,0,0,5,114" ten="239,221,205,335" oya="3" hai0="88,101,102,130,85,89,98,116,76,79,97,127,113" hai1="50,131,71,2,55,106,92,134,12,122,19,45,109" hai2="124,35,43,60,38,1,27,57,70,34,8,62,13" hai3="68,83,56,132,0,65,96,64,18,115,111,42,80"/><W6/><G56/><T104/><D113/><U52/><E106/><V21/><F124/><W84/><G96/><N who="0" m="61479" /><D127/><U14/><E122/><V117/><F1/><W7/><G84/><T46/><D46/><U30/><E2/><V54/><F117/><W28/><G18/><T41/><D41/><U74/><E74/><V9/><F9/><W91/><G65/><T17/><D17/><U81/><E71/><V33/><F38/><W121/><G28/><T48/><D48/><U133/><E109/><V3/><F3/><W5/><G83/><N who="0" m="49343" /><D130/><U31/><E131/><V66/><F43/><W126/><G68/><T110/><D116/><U103/><E81/><V73/><F73/><W59/><G42/><T53/><D53/><U10/><E55/><V107/><F107/><W69/><G69/><T40/><D110/><U95/><E14/><V125/><F125/><W90/><G111/><T94/><D40/><U108/><E108/><V58/><F70/><W82/><G126/><T37/><D37/><U15/><E12/><V4/><REACH who="2" step="1"/><F34/><REACH who="2" ten="239,221,195,335" step="2"/><W22/><G0/><T49/><D49/><U51/><E50/><V77/><F77/><W63/><G115/><T16/><D16/><AGARI ba="0,1" hai="4,8,13,16,21,27,33,35,54,57,58,60,62,66" machi="16" ten="30,3900,0" yaku="1,1,7,1,54,1,53,0" doraHai="114" doraHaiUra="105" who="2" fromWho="0" sc="239,-39,221,0,195,49,335,0" owari="200,-30.0,221,-17.9,244,4.4,335,43.5" /></mjloggm>