<mjloggm ver="2.3"><GO type="225" lobby="0"/><UN n0="%E9%AC%BC%E7%95%9C%E7%B1%B3%E5%85%B5" n1="%EF%BC%AE%EF%BC%A1%EF%BC%AF%33%33%39" n2="%E3%83%AD%E3%83%83%E3%83%86%E9%9B%80%E7%90%83" n3="%E3%83%89%E3%83%A9%E3%81%8F%E3%82%8C" dan="17,17,16,17" rate="2122.73,2142.83,2197.68,2232.07" sx="M,M,M,M"/><TAIKYOKU oya="0"/><INIT seed="0,0,0,0,4,41" ten="250,250,250,250" oya="0" hai0="55,59,50,100,15,68,38,128,29,54,14,76,6" hai1="44,1,91,49,62,66,103,0,33,31,28,22,87" hai2="96,93,45,69,74,117,18,3,5,70,43,34,97" hai3="57,77,130,20,64,129,84,52,60,65,88,21,114"/><T16/><D128/><N who="3" m="49257" /><G77/><T53/><D68/><U27/><E103/><V39/><F117/><W48/><G114/><T42/><D38/><U98/><E98/><V123/><F123/><W17/><G17/><T120/><D120/><U71/><E31/><V132/><F132/><W63/><G63/><T107/><D76/><U104/><E104/><V79/><F34/><W23/><G60/><T113/><D113/><U116/><E33/><V58/><F58/><W83/><AGARI ba="0,0" hai="20,21,23,48,52,57,64,65,83,84,88" m="49257" machi="83" ten="30,4000,0" yaku="19,1,54,2" doraHai="41" who="3" fromWho="3" sc="250,-20,250,-10,250,-10,250,40" /><INIT seed="1,0,0,3,1,83" ten="230,240,240,290" oya="1" hai0="115,98,11,27,78,73,84,62,120,123,99,41,67" hai1="132,44,90,103,12,20,30,133,77,85,39,80,13" hai2="105,53,75,74,63,22,47,135,55,54,106,26,18" hai3="25,96,35,130,43,37,33,7,131,1,58,19,118"/><U125/><E103/><V52/><F135/><N who="1" m="51785" /><E125/><V69/><F47/><N who="3" m="24047" /><G118/><T56/><D115/><U87/><E39/><V100/><F100/><W70/><G70/><T92/><D73/><U86/><E44/><V4/><F4/><W129/><G96/><T28/><D41/><U111/><E111/><V66/><N who="2" m="13312" /><DORA hai="97" /><V8/><REACH who="2" step="1"/><F8/><REACH who="2" ten="230,240,230,290" step="2"/><W102/><G102/><T3/><D11/><U48/><E48/><V40/><F40/><W36/><G7/><T64/><D3/><U6/><E6/><V38/><F38/><W76/><G1/><T61/><D120/><U15/><E90/><V2/><F2/><W23/><G36/><T113/><D123/><U119/><E119/><V60/><F60/><W46/><G46/><T107/><D107/><AGARI ba="0,1" hai="18,22,26,63,66,69,74,75,105,106,107" m="13312" machi="107" ten="50,12000,2" yaku="1,1,54,1,53,5" doraHai="83,97" doraHaiUra="59,50" who="2" fromWho="0" sc="230,-120,240,0,230,130,290,0" /><INIT seed="2,0,0,2,3,109" ten="110,240,360,290" oya="2" hai0="75,19,28,0,106,55,59,130,98,40,63,65,118" hai1="54,42,112,43,56,25,67,18,1,96,9,37,79" hai2="90,21,89,131,20,5,86,103,76,60,39,120,117" hai3="78,6,23,58,36,47,30,73,41,127,114,72,121"/><V100/><F117/><W95/><G121/><T3/><D118/><U83/><E67/><V27/><F39/><W110/><G110/><T12/><D75/><U94/><E37/><V4/><F131/><W128/><G128/><T8/><D130/><U35/><E112/><V101/><F120/><W14/><G127/><T107/><D28/><U68/><E68/><V105/><F105/><W80/><G73/><T44/><D106/><U81/><E81/><V87/><F60/><W34/><G34/><T122/><D122/><U32/><E32/><V52/><F76/><W116/><G116/><T129/><D129/><U93/><E93/><V46/><F46/><W71/><G71/><T16/><D19/><U45/><E45/><V99/><F99/><W48/><G95/><T115/><D115/><U53/><E53/><V125/><F52/><W57/><G36/><T38/><D107/><U66/><E66/><V77/><F77/><W82/><G82/><T111/><D111/><U31/><E1/><V133/><F103/><W15/><G114/><T13/><D98/><U49/><E9/><V108/><F101/><W61/><G6/><T104/><D104/><U24/><E24/><V70/><F27/><N who="3" m="16767" /><G61/><T97/><D97/><U124/><E124/><V74/><F4/><W51/><G51/><T7/><REACH who="0" step="1"/><D65/><REACH who="0" ten="100,240,360,290" step="2"/><U2/><E18/><V126/><F126/><W85/><G72/><T91/><D91/><U64/><E64/><V11/><F90/><W134/><G78/><T102/><D102/><U135/><E79/><V29/><F125/><W62/><G85/><N who="2" m="32265" /><F108/><W119/><G119/><RYUUKYOKU ba="0,1" sc="100,30,240,-10,360,-10,290,-10" hai0="0,3,7,8,12,13,16,38,40,44,55,59,63" /><INIT seed="3,1,1,0,0,78" ten="130,230,350,280" oya="3" hai0="16,55,4,47,81,48,67,32,108,105,51,118,93" hai1="127,112,135,63,75,102,70,10,99,3,9,77,57" hai2="27,54,73,66,90,72,123,134,1,128,96,120,7" hai3="33,19,11,6,85,91,117,89,64,119,17,106,2"/><W25/><G106/><T97/><D108/><U101/><E112/><V83/><F128/><W18/><G64/><T42/><D118/><U56/><E102/><V8/><F134/><W5/><G91/><T60/><D32/><U43/><E43/><V129/><F129/><W71/><G71/><T37/><D105/><U131/><E131/><V86/><F66/><W130/><G130/><T45/><D4/><U126/><E70/><V22/><F54/><W133/><G133/><T40/><D37/><U107/><E135/><V95/><F22/><W109/><G109/><T31/><D31/><U122/><E122/><N who="2" m="46635" /><F27/><W94/><REACH who="3" step="1"/><G5/><REACH who="3" ten="130,230,350,270" step="2"/><T29/><D29/><AGARI ba="1,2" hai="2,6,11,17,18,19,25,29,33,85,89,94,117,119" machi="29" ten="40,3900,0" yaku="1,1,2,1,53,0" doraHai="78" doraHaiUra="44" who="3" fromWho="0" sc="130,-42,230,0,350,0,270,62" /><INIT seed="3,2,0,1,0,71" ten="88,230,350,332" oya="3" hai0="124,36,37,97,43,87,40,133,2,72,27,14,92" hai1="75,18,80,83,73,11,119,114,106,107,23,77,88" hai2="15,99,13,33,130,129,57,135,122,38,117,63,61" hai3="81,110,41,44,42,16,7,32,4,66,29,68,128"/><W34/><G128/><N who="2" m="49257" /><F135/><W126/><G126/><T10/><D72/><U55/><E114/><V134/><F134/><W24/><G34/><T79/><D133/><U69/><E69/><V131/><N who="2" m="49265" /><V0/><DORA hai="51" /><F117/><W53/><G110/><T104/><D124/><U102/><E11/><V123/><F38/><W20/><G81/><T3/><D104/><U120/><E120/><N who="2" m="46123" /><F0/><W95/><G68/><T1/><D27/><U121/><E121/><V5/><F5/><W127/><G66/><T94/><D40/><U25/><E119/><V52/><F33/><W74/><G74/><T118/><D43/><U103/><E107/><V109/><F109/><W21/><G32/><T70/><D70/><U65/><E65/><N who="2" m="39087" /><F99/><W56/><G127/><T86/><D118/><U96/><E103/><V39/><F39/><W54/><G95/><T49/><D49/><U76/><REACH who="1" step="1"/><E88/><REACH who="1" ten="88,220,350,332" step="2"/><V112/><F112/><W46/><G4/><T91/><D86/><U115/><E115/><V98/><F98/><W22/><G7/><T31/><D31/><U35/><E35/><V47/><F47/><W48/><G46/><T67/><D67/><U9/><E9/><V113/><F113/><W105/><G105/><T30/><D30/><U116/><E116/><V82/><F82/><W78/><G78/><T6/><REACH who="0" step="1"/><D79/><REACH who="0" ten="78,220,350,332" step="2"/><U12/><E12/><V89/><F13/><N who="3" m="9231" /><G22/><T45/><D45/><U101/><E101/><AGARI ba="2,2" hai="1,2,3,6,10,14,36,37,87,91,92,94,97,101" machi="101" ten="40,8000,1" yaku="1,1,52,2,53,1" doraHai="71,51" doraHaiUra="8,60" who="0" fromWho="1" sc="78,106,220,-86,350,0,332,0" owari="184,-21.6,134,-36.6,350,45.0,332,13.2" /></mjloggm>