<mjloggm ver="2.3"><GO type="225" lobby="0"/><UN n0="%E3%81%8C%E3%81%9F" n1="%E5%B3%B6%E7%94%B0%E7%9C%9F%E5%A4%A2" n2="%E3%81%82%E3%81%99%E3%81%AB%E3%82%83%E3%82%80" n3="%72%69%6F%75%63%68%61%6E" dan="16,16,16,16" rate="2122.57,2109.86,2104.48,2130.96" sx="M,F,F,M"/><TAIKYOKU oya="0"/><INIT seed="0,0,0,0,3,74" ten="250,250,250,250" oya="0" hai0="29,61,102,22,20,124,34,131,84,92,69,119,128" hai1="4,118,71,80,65,44,16,24,15,60,52,96,89" hai2="68,46,83,122,127,30,125,106,113,37,117,77,129" hai3="8,38,48,27,53,64,66,14,95,62,104,111,54"/><T55/><D119/><U73/><E118/><V35/><RYUUKYOKU type="yao9" ba="0,0" sc="250,0,250,0,250,0,250,0" hai2="30,35,37,46,68,77,83,106,113,117,122,125,127,129" /><INIT seed="0,1,0,5,3,55" ten="250,250,250,250" oya="0" hai0="44,80,5,39,56,1,17,133,48,34,100,92,51" hai1="28,32,70,83,123,61,81,114,9,20,41,40,116" hai2="93,127,63,77,59,52,8,109,10,37,111,97,11" hai3="72,21,74,125,90,19,46,85,118,13,135,122,18"/><T115/><D115/><U69/><E123/><V3/><F37/><W130/><G118/><T65/><D34/><U62/><E32/><V12/><F127/><W124/><G122/><T131/><D131/><U24/><E9/><V79/><F3/><W113/><G113/><T4/><D133/><U112/><E20/><V134/><F12/><W105/><G105/><T58/><D1/><U57/><E24/><V25/><F25/><W53/><G130/><T23/><D39/><U108/><E116/><V120/><F134/><W26/><G135/><T36/><D36/><U66/><E66/><V95/><F95/><W94/><G46/><T60/><D80/><U102/><E102/><V30/><F30/><W82/><G53/><N who="0" m="31783" /><D92/><U117/><E117/><V91/><REACH who="2" step="1"/><F120/><REACH who="2" ten="250,250,240,250" step="2"/><W54/><G94/><T107/><D107/><U128/><E28/><V22/><F22/><W43/><G125/><T98/><D100/><U104/><E128/><V15/><F15/><W88/><G124/><T86/><D98/><U38/><E38/><V129/><F129/><W99/><G99/><T45/><D86/><U27/><E27/><V35/><F35/><W29/><G74/><T110/><D110/><AGARI ba="1,1" hai="8,10,11,52,59,63,77,79,91,93,97,109,110,111" machi="110" ten="40,8000,1" yaku="1,1,14,1,52,1,54,1,53,0" doraHai="55" doraHaiUra="16" who="2" fromWho="0" sc="250,-83,250,0,240,93,250,0" /><INIT seed="1,0,0,2,4,30" ten="167,250,333,250" oya="1" hai0="41,113,87,131,60,43,68,101,71,112,82,21,132" hai1="57,83,50,117,40,59,5,72,129,13,35,20,76" hai2="69,73,127,4,9,14,95,110,33,121,97,133,77" hai3="86,45,47,6,10,65,15,18,111,107,58,12,55"/><U109/><E117/><V61/><F110/><W62/><G111/><T89/><D131/><U29/><E109/><V7/><F121/><W105/><G86/><T31/><D132/><U70/><E70/><V16/><F133/><W125/><G125/><T93/><D31/><U8/><E129/><V27/><F127/><W104/><REACH who="3" step="1"/><G65/><REACH who="3" ten="167,250,333,240" step="2"/><T106/><D112/><U49/><E72/><V115/><F73/><W67/><G67/><T130/><D113/><U119/><E119/><V98/><F115/><W44/><G44/><T120/><D130/><U78/><E76/><V94/><F77/><W56/><G56/><T92/><D71/><U39/><E57/><V91/><F69/><W48/><G48/><T84/><D68/><U52/><E50/><V24/><F61/><W80/><G80/><T126/><D60/><U124/><E78/><V17/><F98/><W32/><G32/><T79/><D126/><U34/><E83/><V100/><F33/><W42/><G42/><N who="0" m="15883" /><D120/><U0/><E124/><V54/><F54/><W23/><AGARI ba="0,1" hai="6,10,12,15,18,23,45,47,55,58,62,104,105,107" machi="23" ten="30,2000,0" yaku="1,1,0,1,53,0" doraHai="30" doraHaiUra="96" who="3" fromWho="3" sc="167,-5,250,-10,333,-5,240,30" /><INIT seed="2,0,0,3,3,106" ten="162,240,328,270" oya="2" hai0="14,9,65,45,8,28,4,100,110,59,18,32,131" hai1="10,129,92,3,96,111,87,39,127,34,133,75,31" hai2="119,88,126,70,42,49,108,19,112,20,98,41,132" hai3="102,78,74,123,53,61,36,29,105,27,99,128,97"/><V26/><F112/><W68/><G123/><T1/><D100/><U58/><E10/><V13/><F119/><W6/><G128/><T11/><D45/><U22/><E22/><V64/><F132/><W46/><G6/><N who="0" m="1103" /><D59/><U54/><E31/><V135/><F13/><W35/><G99/><T56/><D56/><U52/><E58/><V130/><F135/><W2/><G2/><N who="0" m="151" /><D65/><U81/><E54/><V125/><F130/><W43/><G53/><T94/><D94/><U17/><E52/><V76/><F76/><W101/><G101/><T93/><D93/><U44/><E44/><V0/><F0/><W67/><G78/><T47/><D47/><U117/><E39/><V71/><F49/><W107/><G105/><T134/><D131/><U79/><E87/><V104/><F64/><W72/><AGARI ba="0,0" hai="27,29,35,36,43,46,61,67,68,72,74,97,102,107" machi="72" ten="30,16000,3" yaku="0,1,25,2,33,3,52,2" doraHai="106" who="3" fromWho="3" sc="162,-40,240,-40,328,-80,270,160" /><INIT seed="3,0,0,5,2,133" ten="122,200,248,430" oya="3" hai0="111,80,4,47,83,58,98,96,109,76,112,30,52" hai1="119,28,40,103,51,89,42,117,113,11,120,35,104" hai2="82,114,102,81,65,92,101,124,121,34,97,13,7" hai3="48,88,27,37,32,38,130,20,29,68,57,2,75"/><W118/><G118/><T134/><D134/><U46/><E120/><V21/><F124/><W41/><G68/><T55/><D4/><U17/><E113/><V62/><F34/><W15/><G75/><T77/><D58/><U135/><E135/><V128/><F114/><W100/><G100/><T99/><D112/><U126/><E89/><V33/><F33/><W8/><G88/><T91/><D91/><U23/><E11/><V31/><F128/><W123/><G123/><T0/><D30/><U25/><E42/><V107/><F107/><W129/><G2/><T79/><D0/><U3/><E3/><V125/><F82/><N who="0" m="31274" /><D47/><U24/><E103/><V122/><F92/><W66/><G20/><T86/><D86/><U10/><E104/><V19/><F21/><W61/><G48/><T69/><D69/><U67/><E10/><V54/><F97/><W9/><G9/><T108/><AGARI ba="0,0" hai="52,55,76,77,79,96,98,99,108,109,111" m="31274" machi="108" ten="40,12000,2" yaku="29,2,28,2,14,1,54,1" doraHai="133" who="0" fromWho="0" sc="122,120,200,-30,248,-30,430,-60" owari="242,4.2,170,-33.0,218,-18.2,370,47.0" /></mjloggm>