<mjloggm ver="2.3"><GO type="225" lobby="0"/><UN n0="%E3%81%B2%E3%81%AA%E3%81%AE%E3%82%8A%E3%81%8F" n1="%6D%75%75%6D%75%72%61" n2="%E3%83%AD%E3%83%83%E3%83%86%E9%9B%80%E7%90%83" n3="%E9%89%A2%E5%B7%BB%E3%82%AC%E3%83%96" dan="17,16,17,16" rate="2185.50,2138.20,2205.62,2051.58" sx="M,F,M,M"/><TAIKYOKU oya="0"/><INIT seed="0,0,0,0,3,68" ten="250,250,250,250" oya="0" hai0="112,113,103,125,80,81,45,24,134,124,46,40,130" hai1="1,70,71,25,100,21,101,108,47,33,115,78,76" hai2="85,13,36,111,132,58,43,75,95,0,26,6,79" hai3="92,64,122,35,118,129,59,48,53,66,87,10,62"/><T107/><D134/><U88/><E108/><V34/><F132/><W77/><G118/><T50/><D130/><U106/><E33/><V91/><F111/><W57/><G129/><T120/><D120/><U119/><E119/><V44/><F13/><W133/><G133/><T126/><D103/><U55/><E115/><N who="0" m="44105" /><D107/><U93/><E1/><V83/><F58/><W109/><G109/><T105/><D105/><U97/><E70/><V135/><F135/><W2/><G35/><T32/><D46/><U69/><E69/><V38/><F34/><W3/><G122/><T18/><D18/><U19/><E71/><V96/><F26/><W89/><G66/><T49/><D49/><N who="1" m="29119" /><E106/><V17/><F17/><W121/><G121/><T116/><D116/><U12/><E25/><V56/><F56/><W42/><G77/><AGARI ba="0,0" hai="12,19,21,76,77,78,88,93,97,100,101" m="29119" machi="77" ten="30,2000,0" yaku="8,1,54,1" doraHai="68" who="1" fromWho="3" sc="250,0,250,20,250,0,250,-20" /><INIT seed="1,0,0,3,4,102" ten="250,270,250,230" oya="1" hai0="132,71,114,125,123,51,9,36,60,63,57,39,47" hai1="38,13,35,111,42,81,100,20,18,83,127,135,8" hai2="44,27,95,120,33,50,40,7,4,76,37,2,79" hai3="112,34,46,22,48,92,103,64,61,90,15,73,1"/><U124/><E35/><V65/><F120/><W130/><G112/><T70/><D9/><U94/><E135/><V72/><F65/><W101/><G73/><T77/><D77/><U104/><E94/><V10/><F7/><W24/><G1/><T128/><D114/><U29/><E111/><V113/><F113/><W107/><G15/><T30/><D30/><U21/><E38/><N who="0" m="14377" /><D123/><U75/><E42/><V32/><F50/><W129/><G34/><T0/><D0/><U109/><E109/><V56/><F56/><W119/><G119/><T126/><D132/><U86/><E75/><V66/><F66/><W115/><G115/><T121/><D121/><U82/><E86/><V19/><F95/><W106/><G101/><T85/><D85/><U117/><E117/><V28/><F79/><W54/><G103/><T89/><D89/><U68/><E68/><N who="0" m="26153" /><D128/><N who="3" m="49257" /><G61/><N who="0" m="23627" /><D57/><U69/><E69/><V105/><F105/><N who="3" m="39947" /><G64/><T6/><D6/><U118/><E118/><V110/><F33/><W25/><G22/><T97/><D97/><AGARI ba="0,0" hai="24,25,46,48,54,90,92,97" m="39947,49257" machi="97" ten="30,7700,0" yaku="19,1,52,3" doraHai="102" who="3" fromWho="0" sc="250,-77,270,0,250,0,230,77" /><INIT seed="2,0,0,5,3,65" ten="173,270,250,307" oya="2" hai0="1,50,104,72,46,48,101,24,131,103,124,31,17" hai1="70,42,36,12,49,106,51,20,134,9,80,81,66" hai2="69,127,119,10,126,75,108,39,123,44,25,35,16" hai3="71,92,5,18,90,83,59,38,56,32,37,111,122"/><V99/><F119/><W121/><G32/><T54/><D131/><U3/><E106/><V55/><F123/><W115/><G5/><T45/><D124/><N who="2" m="47658" /><F75/><W62/><G83/><T91/><D1/><U129/><E129/><V76/><F76/><W128/><G128/><T28/><D72/><U116/><E116/><V68/><F108/><W112/><G111/><T79/><D79/><U118/><E118/><V60/><F99/><W98/><G18/><T78/><D78/><U40/><E3/><V74/><F74/><W107/><G56/><T125/><D125/><U2/><E2/><V95/><F95/><W100/><G38/><T132/><D132/><U88/><E134/><V85/><F85/><W130/><G37/><T53/><D91/><U33/><E33/><V22/><F35/><W13/><G130/><T97/><REACH who="0" step="1"/><D101/><REACH who="0" ten="163,270,250,307" step="2"/><U47/><E88/><V87/><F87/><W117/><G90/><T82/><D82/><U133/><E81/><V109/><F109/><W110/><G110/><T61/><D61/><U135/><E80/><V8/><F60/><W15/><G117/><T30/><D30/><U29/><E133/><V73/><F73/><W19/><G100/><T41/><D41/><U4/><E135/><V89/><F89/><W23/><G62/><T27/><D27/><N who="1" m="16615" /><E40/><N who="2" m="22559" /><F55/><W11/><G121/><T7/><D7/><U120/><E120/><V105/><F105/><W86/><G122/><T113/><D113/><U94/><E94/><V14/><F25/><W63/><G107/><T0/><D0/><U43/><E42/><V26/><F26/><W6/><G92/><RYUUKYOKU ba="0,1" sc="163,10,270,10,250,10,307,-30" hai0="17,24,28,31,45,46,48,50,53,54,97,103,104" hai1="4,9,12,36,43,47,49,51,66,70" hai2="8,10,14,16,22,68,69" /><INIT seed="2,1,1,1,2,51" ten="173,280,260,277" oya="2" hai0="133,132,48,116,100,42,35,23,88,109,102,7,131" hai1="90,84,79,50,122,52,74,5,16,9,43,67,38" hai2="128,106,65,76,117,112,26,89,77,101,97,57,0" hai3="2,85,111,47,31,95,10,25,72,80,19,135,113"/><V17/><F117/><W6/><G111/><T44/><D116/><U11/><E74/><V40/><F0/><W53/><G135/><N who="0" m="51787" /><D109/><U134/><E38/><V13/><F112/><W24/><G113/><T83/><D35/><U14/><E134/><V81/><F128/><W49/><G72/><T68/><D68/><U33/><E33/><V27/><F40/><W96/><G19/><T93/><D131/><U105/><E105/><V108/><F89/><W92/><G96/><N who="0" m="57383" /><D7/><U32/><E32/><V110/><F110/><W30/><G24/><T127/><D127/><U86/><E122/><V28/><F108/><W103/><G103/><T63/><D63/><U56/><E67/><V37/><F37/><W3/><G3/><T20/><D83/><N who="1" m="47231" /><E43/><V71/><F71/><W41/><G41/><T12/><D12/><U82/><E5/><V1/><F1/><W15/><G2/><T124/><D124/><U69/><E69/><V66/><F81/><W58/><G25/><T59/><D59/><U104/><E104/><V64/><F57/><W18/><G58/><T39/><D39/><U126/><E126/><V99/><F27/><W61/><G6/><T21/><AGARI ba="1,1" hai="20,21,23,42,44,48,100,102" m="57383,51787" machi="21" ten="30,2000,0" yaku="20,1,54,1" doraHai="51" who="0" fromWho="0" sc="173,33,280,-6,260,-11,277,-6" /><INIT seed="3,0,0,2,0,113" ten="206,274,249,271" oya="3" hai0="14,74,132,50,110,45,21,39,117,23,1,60,15" hai1="19,32,55,48,125,62,119,131,49,126,34,44,5" hai2="25,17,129,58,35,2,30,116,38,27,76,64,82" hai3="134,100,51,10,12,122,101,22,36,80,63,128,33"/><W41/><G122/><T57/><D74/><U28/><E131/><V69/><F2/><W8/><G33/><T104/><D1/><U87/><E28/><V121/><F69/><W115/><G115/><T72/><D39/><U88/><E5/><V84/><F38/><W0/><G0/><T6/><D72/><U81/><E62/><V37/><F37/><W106/><G106/><T29/><D104/><U111/><E111/><V18/><F129/><W24/><G10/><T47/><D110/><U66/><E66/><V4/><F4/><W133/><G80/><T26/><D132/><N who="3" m="50793" /><G63/><T85/><D117/><U102/><E102/><V107/><F116/><W92/><G92/><T53/><D6/><U65/><E65/><V127/><F127/><N who="1" m="48649" /><E119/><V68/><F107/><W67/><G67/><N who="0" m="39311" /><D23/><U114/><E114/><V52/><F121/><W9/><G51/><N who="0" m="28911" /><D85/><U3/><E3/><V83/><F64/><W71/><G71/><T130/><D130/><U89/><E89/><V43/><F68/><W93/><G8/><T118/><D118/><U123/><E123/><V103/><F103/><W120/><G101/><T108/><D108/><U96/><E96/><V135/><F135/><W90/><G100/><T59/><D59/><N who="1" m="33255" /><E19/><V31/><F43/><AGARI ba="0,0" hai="14,15,21,26,29,43,47,50" m="28911,39311" machi="43" ten="30,1000,0" yaku="8,1" doraHai="113" who="0" fromWho="2" sc="206,10,274,0,249,-10,271,0" /><AGARI ba="0,0" hai="32,34,43,44,49,81,87,88" m="33255,48649" machi="43" ten="30,2000,0" yaku="18,1,54,1" doraHai="113" who="1" fromWho="2" sc="216,0,274,20,239,-20,271,0" /><INIT seed="4,0,0,2,1,24" ten="216,294,219,271" oya="0" hai0="56,21,122,31,22,104,45,53,109,32,103,100,62" hai1="47,87,11,135,105,128,72,2,39,63,82,1,117" hai2="58,65,66,44,106,5,29,75,78,54,77,79,12" hai3="9,35,85,121,41,83,48,26,130,68,33,129,71"/><T17/><D122/><U101/><E117/><V52/><F106/><W34/><G121/><T116/><D116/><U102/><E128/><N who="3" m="49258" /><G9/><T115/><D32/><U40/><E135/><V120/><F120/><W114/><G114/><T92/><D115/><U19/><E105/><V61/><F75/><W127/><G127/><T113/><D113/><U86/><E63/><V67/><F29/><N who="3" m="19639" /><G41/><T132/><D104/><U13/><E72/><V36/><F36/><W25/><G48/><N who="0" m="28815" /><D132/><U70/><E70/><N who="3" m="26666" /><G25/><N who="0" m="16823" /><D109/><U88/><REACH who="1" step="1"/><E86/><REACH who="1" ten="216,284,219,271" step="2"/><V99/><F61/><W98/><G98/><T38/><D38/><U59/><E59/><V107/><F58/><W57/><G57/><T23/><D92/><U134/><E134/><V3/><F99/><W91/><AGARI ba="0,1" hai="34,35,83,85,91" m="26666,19639,49258" machi="91" ten="30,2000,0" yaku="19,1,52,1" doraHai="24" who="3" fromWho="3" sc="216,-10,284,-5,219,-5,271,30" owari="206,-29.4,279,7.9,214,-18.6,301,40.1" /></mjloggm>