<mjloggm ver="2.3"><GO type="225" lobby="0"/><UN n0="%E6%A1%9C%E8%8A%B1%E9%96%83%E3%80%85" n1="%6D%61%74%69%67%75%73%61" n2="%E3%83%A9%E3%82%A4%E3%83%B3%E3%81%AE%E8%99%8E" n3="%28%EF%BF%A3%E2%96%BD%EF%BF%A3%29%CE%B4%E2%8C%92%E3%83%BB" dan="17,17,16,17" rate="2188.98,2165.45,2113.86,2255.63" sx="M,M,M,M"/><TAIKYOKU oya="0"/><INIT seed="0,0,0,3,0,42" ten="250,250,250,250" oya="0" hai0="108,11,107,116,17,111,13,66,39,4,31,57,12" hai1="5,103,131,135,29,81,104,60,121,70,102,86,73" hai2="119,90,109,34,55,123,100,26,35,77,53,14,92" hai3="128,95,63,115,75,40,59,25,79,32,68,76,8"/><T69/><D69/><U99/><E121/><V16/><F123/><W56/><G115/><T19/><D107/><U48/><E73/><V133/><F109/><N who="0" m="42058" /><D39/><U3/><E102/><V64/><F64/><W67/><G128/><T82/><D82/><U113/><E135/><V10/><F100/><W44/><G8/><N who="0" m="4103" /><D66/><U94/><E81/><V22/><F77/><W89/><G75/><T114/><D57/><U118/><E70/><V117/><F133/><W24/><G76/><T78/><D78/><U43/><E104/><V62/><F34/><W96/><G79/><T126/><D126/><U80/><E80/><V18/><F35/><W98/><G98/><T124/><D124/><U6/><E99/><V50/><F62/><W1/><G1/><T2/><D31/><U91/><E60/><V47/><REACH who="2" step="1"/><F55/><REACH who="2" ten="250,250,240,250" step="2"/><W132/><G132/><T41/><D114/><U51/><E113/><V72/><F72/><W65/><G65/><T112/><D112/><U23/><E131/><V88/><F88/><W58/><REACH who="3" step="1"/><G32/><REACH who="3" ten="250,250,240,240" step="2"/><T54/><D116/><U120/><E118/><V125/><F125/><W28/><G28/><T84/><D84/><AGARI ba="0,2" hai="10,14,16,18,22,26,47,50,53,84,90,92,117,119" machi="84" ten="40,5200,0" yaku="1,1,52,1,54,1,53,0" doraHai="42" doraHaiUra="71" who="2" fromWho="0" sc="250,-52,250,0,240,72,240,0" /><INIT seed="1,0,0,3,5,25" ten="198,250,312,240" oya="1" hai0="23,125,67,93,35,38,0,120,82,1,48,122,10" hai1="60,62,115,110,63,29,135,121,96,81,12,86,5" hai2="21,7,4,72,30,69,131,61,22,123,128,19,49" hai3="97,15,26,37,134,33,58,101,6,111,68,75,27"/><U31/><E115/><V83/><F123/><W133/><G68/><T107/><D107/><U87/><E121/><V53/><F72/><W109/><G75/><T20/><D38/><U39/><E39/><V8/><F83/><W41/><G58/><T44/><D35/><U124/><E135/><N who="3" m="51722" /><G41/><T102/><D67/><U132/><E132/><V51/><F61/><W94/><G37/><T114/><D114/><U34/><E34/><V32/><F69/><W89/><G89/><T126/><D82/><U57/><E124/><V36/><F36/><W17/><G6/><T112/><D112/><U91/><E110/><N who="3" m="41994" /><G33/><T11/><D44/><U28/><E87/><V90/><F90/><W95/><G94/><T42/><D93/><U103/><E96/><V108/><F108/><W76/><G76/><T65/><D42/><U59/><E103/><V14/><F32/><W2/><G2/><T16/><D102/><U80/><E80/><V98/><F98/><W56/><G56/><T64/><REACH who="0" step="1"/><D48/><REACH who="0" ten="188,250,312,240" step="2"/><U100/><E100/><V40/><F40/><W66/><G66/><T43/><D43/><U106/><E106/><V78/><F51/><W113/><G113/><T79/><D79/><U77/><E77/><V50/><F78/><W88/><G101/><T85/><D85/><U24/><E81/><V130/><F50/><W13/><G13/><T129/><D129/><U70/><E86/><V46/><F128/><W45/><G45/><T84/><D84/><U55/><E70/><V18/><F130/><W73/><G73/><T105/><D105/><U54/><E63/><V119/><F131/><RYUUKYOKU ba="0,1" sc="188,15,250,-15,312,-15,240,15" hai0="0,1,10,11,16,20,23,64,65,120,122,125,126" hai3="15,17,26,27,88,95,97" /><INIT seed="2,1,1,0,5,78" ten="203,235,297,255" oya="2" hai0="96,101,29,66,65,76,13,80,133,46,100,116,48" hai1="44,121,58,68,2,62,129,97,131,1,73,61,93" hai2="79,85,59,0,23,102,105,55,11,33,117,37,67" hai3="135,107,72,123,26,103,38,112,125,42,24,134,71"/><V77/><F33/><W7/><G72/><T75/><D133/><N who="3" m="50697" /><G71/><T41/><D116/><U43/><E73/><V50/><F117/><W6/><G123/><T63/><D29/><U74/><E74/><V106/><F37/><W104/><G125/><T90/><D13/><U113/><E113/><V92/><F67/><W27/><G112/><T119/><D119/><U122/><E68/><V15/><F0/><N who="1" m="105" /><E93/><V10/><F105/><N who="3" m="40523" /><G103/><T70/><REACH who="0" step="1"/><D66/><REACH who="0" ten="193,235,297,255" step="2"/><U114/><E114/><V128/><F15/><W18/><G18/><T21/><D21/><U30/><E30/><V9/><F23/><W81/><G6/><T4/><D4/><U120/><E120/><V130/><F9/><W124/><G7/><T127/><D127/><U52/><E122/><V53/><F11/><W51/><G124/><T45/><D45/><U98/><E121/><V54/><F10/><W8/><G8/><T111/><D111/><U82/><E44/><V32/><F32/><W39/><G27/><T108/><D108/><U34/><E34/><V14/><F14/><W91/><G26/><T47/><D47/><U12/><E12/><V110/><F110/><W36/><G24/><T3/><D3/><U40/><E131/><V69/><F130/><W88/><G38/><T5/><D5/><U86/><E129/><V56/><F128/><W57/><G36/><T83/><D83/><U99/><E43/><V49/><F49/><W118/><G81/><T84/><D84/><U115/><E40/><V87/><F50/><W35/><G35/><T19/><D19/><U95/><E61/><N who="2" m="35983" /><F85/><W28/><G118/><RYUUKYOKU ba="1,2" sc="193,30,235,-10,297,-10,255,-10" hai0="41,46,48,63,65,70,75,76,80,90,96,100,101" /><INIT seed="3,2,2,1,1,10" ten="223,225,287,245" oya="3" hai0="103,11,101,109,113,71,85,99,40,74,89,81,105" hai1="79,135,62,92,73,24,117,2,8,38,45,87,86" hai2="59,78,120,30,39,102,69,26,60,111,31,80,6" hai3="94,36,54,125,1,35,4,134,68,56,61,118,12"/><W44/><G118/><T108/><D71/><U128/><E117/><V126/><F69/><W98/><G35/><T100/><D40/><U25/><E62/><V14/><F39/><W47/><G125/><T67/><D67/><U66/><E66/><V119/><F119/><W76/><G134/><T123/><D123/><U0/><E73/><V34/><F31/><W77/><G68/><T52/><D113/><U107/><E107/><V58/><F126/><W29/><G29/><T88/><D74/><U93/><E128/><V116/><F116/><W131/><G1/><T129/><D129/><U46/><E8/><N who="2" m="4375" /><F102/><N who="0" m="39530" /><D11/><U33/><E79/><N who="3" m="30282" /><G36/><T20/><D52/><U133/><REACH who="1" step="1"/><E38/><REACH who="1" ten="223,215,287,245" step="2"/><V91/><F60/><W96/><G131/><T95/><D20/><U32/><AGARI ba="2,3" hai="0,2,24,25,32,33,45,46,86,87,92,93,133,135" machi="32" ten="25,8000,1" yaku="1,1,2,1,0,1,22,2,53,0" doraHai="10" doraHaiUra="132" who="1" fromWho="1" sc="223,-22,215,116,287,-22,245,-42" owari="201,-29.9,331,43.1,265,6.5,203,-19.7" /></mjloggm>