<mjloggm ver="2.3"><GO type="225" lobby="0"/><UN n0="%77%72%77%72%77%72%77%72" n1="%E5%86%B7%E5%87%8D%E3%82%AE%E3%83%A7%E3%83%BC%E3%82%B6" n2="%E5%8F%AF%E5%85%90%E9%82%A3%E7%94%B1%E5%A4%9A" n3="%E3%81%B2%E3%81%BE%E3%81%A4%E3%81%B6%E3%81%97" dan="16,16,17,16" rate="2099.66,2130.52,2252.71,2132.07" sx="M,M,F,M"/><TAIKYOKU oya="0"/><INIT seed="0,0,0,0,0,29" ten="250,250,250,250" oya="0" hai0="77,94,28,62,97,27,71,99,64,52,34,10,123" hai1="82,23,56,0,55,59,11,41,106,122,2,89,78" hai2="72,63,74,75,102,32,44,6,40,14,16,43,70" hai3="90,126,100,60,3,116,36,108,47,119,61,31,92"/><T68/><D123/><U124/><E122/><V35/><F6/><W58/><G108/><T107/><D77/><U115/><E124/><V91/><F102/><W39/><G126/><T104/><D68/><U66/><E106/><V112/><F112/><W131/><G131/><T103/><D10/><U21/><E41/><V76/><F76/><W101/><G3/><T80/><D80/><U9/><E89/><V67/><F91/><W4/><G4/><T135/><D135/><U95/><E95/><V118/><F118/><W48/><G31/><T109/><D109/><U110/><E0/><V57/><F70/><W133/><G133/><T132/><D132/><U129/><E129/><V117/><F117/><W134/><G134/><T121/><D121/><U105/><E105/><V8/><REACH who="2" step="1"/><F43/><REACH who="2" ten="250,250,240,250" step="2"/><W79/><G79/><T53/><D107/><U130/><E130/><V19/><F19/><W18/><G18/><T86/><D86/><N who="1" m="48471" /><E110/><V73/><N who="2" m="18432" /><DORA hai="24" /><V85/><F85/><W81/><G101/><AGARI ba="0,1" hai="27,28,34,52,53,62,64,71,94,97,99,101,103,104" machi="101" ten="30,18000,2" yaku="7,1,25,2,52,2,54,1" doraHai="29,24" who="0" fromWho="3" sc="250,190,250,0,240,0,250,-180" /><INIT seed="0,1,0,5,5,96" ten="440,250,240,70" oya="0" hai0="58,3,112,78,101,105,4,47,32,60,128,127,110" hai1="52,5,100,126,134,131,129,12,61,108,99,39,40" hai2="132,53,133,79,93,89,15,123,9,54,102,34,77" hai3="27,17,43,16,33,18,56,118,63,6,69,0,19"/><T68/><D112/><U24/><E108/><V90/><F123/><W26/><G118/><T124/><D32/><U14/><E126/><N who="0" m="48169" /><D110/><U70/><E134/><N who="2" m="51819" /><F34/><W13/><G43/><T117/><D128/><N who="1" m="49227" /><E24/><V21/><F21/><N who="3" m="11407" /><G69/><T66/><D117/><U88/><E5/><V30/><F30/><N who="3" m="19671" /><G63/><T48/><D78/><N who="2" m="29706" /><F102/><W29/><G56/><T51/><D51/><U50/><E39/><V22/><F22/><N who="3" m="15607" /><G6/><T83/><D83/><U97/><E40/><V104/><F104/><W11/><G0/><T57/><D4/><U44/><E88/><N who="2" m="33899" /><F93/><W7/><G7/><AGARI ba="1,0" hai="7,9,15,53,54" m="33899,29706,51819" machi="7" ten="30,2000,0" yaku="20,1,54,1" doraHai="96" who="2" fromWho="3" sc="440,0,250,0,240,23,70,-23" /><INIT seed="1,0,0,4,4,79" ten="440,250,263,47" oya="1" hai0="86,46,106,114,55,113,120,10,53,107,122,25,19" hai1="60,130,16,83,121,51,97,110,14,29,76,35,58" hai2="93,44,128,34,40,15,134,70,74,101,12,20,4" hai3="131,63,1,57,119,5,105,133,75,41,49,22,27"/><U78/><E121/><N who="0" m="46697" /><D86/><U30/><E130/><V116/><F34/><W71/><G131/><T94/><D94/><U64/><E110/><V104/><F128/><W98/><G119/><T129/><D129/><U73/><E35/><V117/><F70/><W39/><G133/><T84/><D84/><U28/><E78/><V50/><F134/><W43/><G75/><T0/><D25/><U18/><E97/><V72/><F104/><N who="0" m="39978" /><D46/><U21/><E51/><V88/><F101/><W100/><G71/><T92/><D92/><U24/><REACH who="1" step="1"/><E18/><REACH who="1" ten="440,240,263,47" step="2"/><V48/><F48/><W54/><G49/><T47/><D19/><U103/><E103/><V3/><F117/><W11/><REACH who="3" step="1"/><G39/><REACH who="3" ten="440,240,263,37" step="2"/><T115/><D115/><U67/><E67/><V9/><F116/><W123/><G123/><T109/><D114/><U81/><E81/><V89/><F50/><W80/><G80/><T42/><D113/><U59/><E59/><V45/><F45/><W2/><G2/><T6/><D109/><U82/><E82/><V65/><F44/><W8/><G8/><T135/><D135/><U124/><E124/><V68/><F3/><W102/><G102/><T77/><D47/><U56/><E56/><V33/><F9/><W7/><G7/><T13/><D0/><U125/><E125/><V132/><F4/><W52/><G52/><T111/><D111/><U118/><E118/><V38/><F38/><W90/><G90/><T87/><D6/><U69/><E69/><V91/><F132/><W112/><G112/><T32/><D10/><U99/><E99/><N who="2" m="57767" /><F68/><W108/><G108/><T23/><D53/><RYUUKYOKU ba="0,2" sc="440,-15,240,15,263,-15,37,15" hai1="14,16,21,24,28,29,30,58,60,64,73,76,83" hai3="1,5,11,22,27,41,43,54,57,63,98,100,105" /><INIT seed="1,1,2,0,2,41" ten="425,255,248,52" oya="1" hai0="88,1,100,35,109,90,113,111,71,29,12,62,110" hai1="0,24,64,124,49,46,126,128,115,75,114,98,42" hai2="10,107,66,68,82,81,43,91,20,60,104,52,76" hai3="79,87,61,97,21,2,103,133,56,92,122,134,50"/><U14/><E0/><V45/><F20/><W121/><G2/><T105/><D1/><U23/><E75/><V93/><F10/><W125/><G21/><T25/><D113/><U69/><E14/><V102/><F102/><W34/><G34/><T73/><D73/><U70/><E98/><V120/><F120/><W9/><G9/><T11/><D100/><U123/><E123/><N who="3" m="47114" /><G50/><T32/><D105/><U30/><E128/><V54/><F107/><W77/><G56/><T59/><D71/><U13/><E13/><V127/><F104/><N who="3" m="63599" /><G61/><T3/><D35/><U40/><E40/><V135/><F135/><N who="3" m="51723" /><G125/><N who="1" m="48234" /><E69/><V94/><F127/><W57/><G57/><T36/><D3/><U18/><E30/><V74/><F54/><W15/><G15/><T55/><D12/><U5/><E5/><V17/><F17/><W39/><G39/><T78/><D11/><U65/><E70/><V130/><F52/><W22/><G22/><T119/><D29/><U117/><E117/><V26/><F26/><W6/><G6/><T38/><D119/><U67/><AGARI ba="1,2" hai="18,23,24,42,46,49,64,65,67,114,115" m="48234" machi="67" ten="30,3000,0" yaku="18,1,52,1" doraHai="41" who="1" fromWho="1" sc="425,-11,255,53,248,-11,52,-11" /><INIT seed="1,2,0,5,0,104" ten="414,308,237,41" oya="1" hai0="79,126,26,37,134,100,91,23,94,5,19,43,95" hai1="82,47,25,115,125,6,83,42,3,117,92,18,13" hai2="1,14,7,17,69,121,102,105,70,127,34,49,24" hai3="2,28,132,122,88,66,131,111,0,85,15,31,52"/><U113/><E117/><V36/><F121/><W110/><G122/><T41/><D134/><U53/><E125/><V59/><F36/><W39/><G39/><T46/><D126/><U33/><E53/><V21/><F127/><W89/><G66/><T75/><D5/><U56/><E56/><V81/><F102/><W130/><G15/><T38/><D100/><U80/><E92/><V118/><F105/><W58/><G58/><T135/><D135/><U124/><E124/><V96/><F96/><W9/><G52/><T101/><D101/><U40/><E3/><V51/><F118/><W30/><G132/><T45/><D91/><N who="3" m="34889" /><G85/><T77/><D77/><U97/><E97/><V4/><F59/><W109/><G9/><T63/><D63/><U54/><E33/><V87/><F1/><AGARI ba="2,0" hai="0,1,2,28,30,31,109,110,111,130,131" m="34889" machi="1" ten="40,8000,1" yaku="28,2,14,1,54,1" doraHai="104" who="3" fromWho="2" sc="414,0,308,0,237,-86,41,86" /><INIT seed="2,0,0,0,1,44" ten="414,308,151,127" oya="2" hai0="100,37,127,58,40,77,59,12,24,116,33,66,47" hai1="121,69,80,15,93,78,87,53,105,74,54,132,130" hai2="18,56,11,111,45,85,112,46,95,39,99,129,119" hai3="65,71,38,120,20,108,21,103,22,104,41,31,107"/><V55/><F112/><W82/><G120/><T126/><D77/><U123/><E69/><V57/><F119/><W17/><G108/><T83/><D116/><U86/><E15/><N who="2" m="7551" /><F39/><W102/><G31/><N who="0" m="19687" /><D83/><U124/><E54/><V5/><F129/><W2/><G2/><T14/><D100/><U19/><E19/><V91/><F111/><W3/><G3/><T26/><D26/><U122/><E53/><V60/><F5/><W29/><G29/><T10/><D12/><U109/><E109/><V75/><F75/><W9/><G82/><T49/><D37/><U30/><E30/><V118/><F118/><W7/><G7/><N who="0" m="3423" /><D66/><U79/><E130/><V97/><F57/><W0/><G0/><T23/><D23/><U64/><E64/><V133/><F133/><W125/><G103/><T110/><D110/><U70/><E70/><V128/><F128/><W6/><G6/><T62/><D62/><U34/><E34/><V106/><F106/><W94/><G107/><T96/><D96/><AGARI ba="0,0" hai="45,46,55,56,60,85,91,95,96,97,99" m="7551" machi="96" ten="30,1500,0" yaku="8,1" doraHai="44" who="2" fromWho="0" sc="414,-15,308,0,151,15,127,0" /><INIT seed="2,1,0,4,4,24" ten="399,308,166,127" oya="2" hai0="121,89,41,107,7,97,4,32,104,22,12,66,111" hai1="122,96,123,39,52,47,3,110,26,29,37,30,73" hai2="125,14,109,99,134,95,93,58,72,102,100,0,28" hai3="81,57,11,84,120,80,46,98,64,51,33,61,25"/><V119/><F0/><W118/><G118/><T31/><D121/><N who="1" m="46091" /><E110/><V1/><F1/><W59/><G120/><T20/><D32/><N who="1" m="20535" /><E3/><V79/><F119/><W74/><G11/><T44/><D107/><U76/><E96/><V54/><F109/><W9/><G9/><T34/><D34/><U56/><E47/><V60/><F134/><W62/><G98/><T83/><D104/><U16/><E30/><V127/><F14/><W92/><G74/><T131/><D12/><U67/><E67/><V135/><F135/><W50/><G25/><T133/><D31/><U132/><E16/><V48/><F28/><W45/><G33/><T116/><D66/><U71/><E71/><V42/><F102/><W87/><REACH who="3" step="1"/><G64/><REACH who="3" ten="399,308,166,117" step="2"/><T85/><D116/><U128/><E132/><V88/><F72/><W124/><G124/><N who="2" m="47689" /><F79/><W105/><G105/><T112/><D133/><U8/><E76/><V113/><F113/><W10/><G10/><T21/><D112/><U101/><E8/><V35/><F35/><W23/><G23/><T69/><D22/><U5/><E73/><V13/><F13/><W90/><G90/><T75/><D21/><U129/><E101/><V53/><F88/><W68/><G68/><T130/><D20/><U63/><E5/><N who="0" m="2121" /><D69/><U65/><E65/><N who="2" m="39063" /><F100/><W108/><G108/><T17/><D111/><U2/><E2/><V15/><F15/><W82/><G82/><T43/><D75/><U103/><E103/><N who="2" m="60911" /><F95/><AGARI ba="1,1" hai="45,46,50,51,57,59,61,62,80,81,84,87,92,95" machi="95" ten="25,6400,0" yaku="1,1,22,2,8,1,53,0" doraHai="24" doraHaiUra="106" who="3" fromWho="2" sc="399,0,308,0,166,-67,117,77" /><INIT seed="3,0,0,0,0,133" ten="399,308,99,194" oya="3" hai0="22,108,110,74,70,47,53,95,118,67,30,0,25" hai1="92,58,45,7,26,107,11,57,51,78,62,24,21" hai2="1,9,38,122,68,54,90,85,61,115,97,106,132" hai3="91,12,2,15,52,76,31,105,72,16,69,5,14"/><W37/><G105/><T101/><D118/><U81/><E107/><V89/><F115/><W83/><G69/><T3/><D74/><U119/><E92/><V93/><F38/><W86/><G37/><T63/><D101/><U130/><E130/><V128/><F128/><W49/><G31/><T88/><D53/><U42/><E119/><V36/><F36/><W117/><G117/><T102/><D47/><U120/><E120/><V94/><F132/><W104/><G104/><T123/><D102/><U125/><E125/><V84/><F122/><W13/><G2/><T79/><D79/><U75/><E62/><V8/><F106/><W50/><G50/><T111/><D123/><U46/><E46/><V77/><F1/><W10/><G5/><T32/><D32/><U129/><E129/><V35/><F35/><W44/><G12/><T28/><D28/><U100/><E100/><BYE who="1" /><V64/><F77/><W73/><G73/><T43/><D43/><U126/><E126/><V124/><F97/><AGARI ba="0,0" hai="0,3,22,25,30,63,67,70,88,95,97,108,110,111" machi="97" ten="40,2600,0" yaku="14,1,54,1" doraHai="133" who="0" fromWho="2" sc="399,26,308,0,99,-26,194,0" owari="425,52.5,308,10.8,73,-42.7,194,-20.6" /></mjloggm>