<mjloggm ver="2.3"><GO type="225" lobby="0"/><UN n0="%53%61%63%68%69%30%34" n1="%73%6C%69%63%6B%33%31%39" n2="%72%69%6F%75%63%68%61%6E" n3="%73%61%6B%6F%EF%BC%A0%E6%9C%80" dan="16,16,17,17" rate="2068.46,2201.24,2221.62,2240.11" sx="M,M,M,M"/><TAIKYOKU oya="0"/><INIT seed="0,0,0,5,4,19" ten="250,250,250,250" oya="0" hai0="21,83,54,122,48,6,102,29,18,42,115,110,37" hai1="98,134,26,119,73,126,22,71,5,88,60,82,51" hai2="131,8,38,130,77,16,117,120,36,128,25,87,47" hai3="27,66,70,105,33,125,80,101,63,40,45,79,85"/><T64/><D115/><U93/><E119/><V9/><F120/><W28/><G125/><T11/><D122/><U53/><E126/><V94/><F117/><W13/><G13/><N who="0" m="5367" /><D37/><N who="2" m="14442" /><F47/><W133/><G133/><T57/><D42/><U107/><E134/><V7/><F7/><W65/><G66/><T20/><D110/><U14/><E107/><V113/><F113/><W111/><G111/><T76/><D102/><U118/><E118/><V104/><F104/><W3/><G3/><T41/><D41/><U112/><E112/><V86/><F94/><W2/><G2/><T23/><D29/><U49/><E73/><V62/><F62/><W68/><G70/><T1/><D64/><U72/><E72/><V43/><F43/><W15/><G15/><N who="0" m="9311" /><D1/><U31/><E82/><N who="2" m="47439" /><F87/><AGARI ba="0,0" hai="21,23,48,54,57,76,83,87" m="9311,5367" machi="87" ten="30,11600,0" yaku="8,1,52,3" doraHai="19" who="0" fromWho="2" sc="250,116,250,0,250,-116,250,0" /><INIT seed="0,1,0,1,4,24" ten="366,250,134,250" oya="0" hai0="57,88,90,22,18,26,54,106,105,60,113,46,21" hai1="97,115,23,98,71,76,43,129,116,84,30,8,89" hai2="49,72,66,79,29,61,69,53,37,42,9,133,15" hai3="2,70,3,73,55,28,33,110,92,39,58,41,74"/><T10/><D113/><U50/><E116/><V56/><F133/><W40/><G70/><T128/><D128/><U14/><E71/><V6/><F79/><W81/><G110/><T7/><D46/><N who="1" m="25951" /><E129/><V83/><F83/><W68/><G68/><T117/><D117/><U32/><E32/><V122/><F122/><W107/><G107/><T27/><D105/><U38/><E38/><V118/><F118/><W19/><G92/><T109/><D106/><U12/><E76/><V104/><F104/><W85/><G19/><T124/><D124/><U134/><E134/><V78/><F78/><W95/><G95/><T31/><D109/><U82/><E115/><V4/><F29/><W112/><G112/><T94/><D94/><U126/><E126/><V121/><F121/><W65/><G65/><T101/><D101/><U91/><E91/><V75/><REACH who="2" step="1"/><F6/><REACH who="2" ten="366,250,124,250" step="2"/><W77/><G77/><T13/><AGARI ba="1,1" hai="7,10,13,18,21,22,26,27,31,54,57,60,88,90" machi="13" ten="20,12000,1" yaku="0,1,7,1,8,1,52,1,54,1" doraHai="24" who="0" fromWho="0" sc="366,133,250,-41,124,-41,250,-41" /><INIT seed="0,2,0,2,2,63" ten="499,209,83,209" oya="0" hai0="50,133,109,35,101,81,32,0,99,97,117,120,61" hai1="54,68,25,30,45,74,123,28,82,57,111,135,13" hai2="26,103,131,4,96,122,10,90,107,47,91,2,5" hai3="18,56,37,40,134,126,52,19,92,89,108,8,36"/><T60/><D0/><U93/><E123/><V43/><F131/><W106/><G106/><T72/><D120/><U21/><E68/><V83/><F122/><W77/><G108/><T128/><D117/><U9/><E111/><V100/><F103/><W130/><G126/><T58/><D50/><U31/><E135/><V48/><F5/><W49/><G134/><T95/><D128/><U94/><E45/><V132/><F132/><W78/><G130/><T67/><D109/><U129/><E129/><V104/><F104/><W127/><G127/><T11/><D11/><U76/><E31/><V7/><F7/><W84/><G37/><T39/><D39/><U15/><E30/><V12/><F2/><W22/><G8/><T38/><D38/><U70/><E70/><V27/><REACH who="2" step="1"/><F83/><REACH who="2" ten="499,209,73,209" step="2"/><W6/><G6/><T62/><D81/><U24/><E82/><V65/><F65/><W23/><G78/><T29/><D67/><U80/><E80/><V87/><F87/><W88/><G77/><T17/><D101/><U42/><E76/><V3/><F3/><W113/><G113/><T71/><D133/><U105/><E105/><V79/><F79/><W16/><REACH who="3" step="1"/><G89/><AGARI ba="2,1" hai="4,10,12,26,27,43,47,48,89,90,91,96,100,107" machi="89" ten="40,2600,0" yaku="1,1,53,1" doraHai="63" doraHaiUra="44" who="2" fromWho="3" sc="499,0,209,0,73,42,209,-32" /><INIT seed="1,0,0,1,1,104" ten="499,209,115,177" oya="1" hai0="100,52,12,25,8,99,1,42,29,71,94,57,76" hai1="97,86,126,78,10,39,9,33,114,128,81,61,95" hai2="27,60,131,28,88,20,77,125,80,98,67,17,70" hai3="106,108,75,82,120,105,135,69,44,66,91,15,47"/><U134/><E114/><V89/><F125/><W116/><G120/><T35/><D71/><U115/><E115/><V56/><F131/><W30/><G30/><T14/><D76/><U36/><E33/><V83/><F83/><W40/><G47/><T43/><D1/><U0/><E128/><V85/><F70/><W124/><G91/><T49/><D14/><U112/><E112/><V119/><F119/><W65/><G15/><T110/><D110/><U7/><E126/><V5/><F5/><AGARI ba="0,0" hai="5,8,12,25,29,35,42,43,49,52,57,94,99,100" machi="5" ten="30,2000,0" yaku="7,1,54,1" doraHai="104" who="0" fromWho="2" sc="499,20,209,0,115,-20,177,0" /><INIT seed="2,0,0,1,4,13" ten="519,209,95,177" oya="2" hai0="93,101,84,54,90,114,120,31,49,88,48,30,60" hai1="59,102,39,9,37,29,62,131,128,78,80,79,67" hai2="85,74,38,52,100,50,77,117,15,124,55,35,32" hai3="106,26,116,51,113,2,65,8,129,44,92,47,66"/><V89/><F117/><W53/><G106/><T76/><D120/><U4/><E102/><V19/><F38/><W107/><G107/><T96/><D114/><U110/><E110/><V11/><F124/><W0/><G116/><T99/><D76/><U72/><E78/><V123/><F123/><W134/><G113/><T83/><D60/><U112/><E29/><V25/><F100/><W6/><G134/><T57/><D49/><U97/><E97/><V126/><F126/><W12/><G129/><N who="1" m="49738" /><E112/><V73/><F77/><W115/><G115/><T24/><D24/><U130/><N who="1" m="49746" /><U87/><DORA hai="21" /><E72/><N who="2" m="27755" /><F55/><W3/><G47/><T42/><D42/><U95/><E95/><AGARI ba="0,0" hai="30,31,48,54,57,83,84,88,90,93,95,96,99,101" machi="95" ten="30,3900,0" yaku="7,1,8,1,54,1" doraHai="13,21" who="0" fromWho="1" sc="519,39,209,-39,95,0,177,0" /><INIT seed="3,0,0,3,5,62" ten="558,170,95,177" oya="3" hai0="91,119,128,39,28,33,27,81,110,115,121,105,120" hai1="35,20,45,107,125,98,61,122,5,79,101,64,94" hai2="0,29,89,13,99,30,17,124,74,40,117,50,75" hai3="84,15,32,102,4,21,109,10,23,114,134,2,106"/><W42/><G114/><T67/><D105/><U54/><E122/><V51/><F117/><W95/><G32/><T3/><D39/><U46/><E35/><V47/><F124/><W132/><G106/><T100/><D115/><U135/><E125/><V87/><F0/><W63/><G42/><T112/><D110/><U96/><E135/><N who="3" m="51754" /><G63/><T49/><D128/><U38/><E79/><V65/><F75/><W26/><G109/><T77/><D100/><U25/><E5/><V19/><F74/><W131/><G131/><T113/><D119/><U53/><E53/><V55/><F99/><N who="3" m="59775" /><G84/><T82/><D33/><U86/><E86/><V9/><F65/><W8/><G26/><T123/><D27/><U126/><E126/><V108/><F108/><W83/><G83/><T58/><D82/><U6/><E38/><V70/><F70/><W14/><G14/><T68/><D81/><U56/><E25/><V16/><F87/><W41/><G41/><T78/><D113/><U24/><E54/><V57/><REACH who="2" step="1"/><F89/><REACH who="2" ten="558,170,85,177" step="2"/><W72/><G72/><T37/><D91/><U90/><E90/><V76/><F76/><W69/><G69/><T88/><D68/><U85/><E85/><V22/><F22/><W52/><G23/><T92/><D112/><U59/><E96/><V118/><F118/><W7/><G21/><T31/><D121/><U130/><E130/><V133/><F133/><W127/><G127/><T93/><D123/><U97/><E20/><V71/><F71/><W11/><G2/><T44/><D3/><U111/><E111/><V80/><F80/><W18/><G10/><RYUUKYOKU ba="0,1" sc="558,-10,170,-10,85,30,177,-10" hai2="9,13,16,17,19,29,30,40,47,50,51,55,57" owari="558,65.8,160,-24.0,115,-38.5,167,-3.3" /></mjloggm>