<mjloggm ver="2.3"><GO type="225" lobby="0"/><UN n0="%E5%B6%BA%E4%B8%8A%E5%92%B2" n1="%E3%81%8B%E3%82%8F%E3%81%A1%E3%82%83%E3%82%93%35%38" n2="%6C%61%6D%62" n3="%6B%79%6F%6E%6B%6F%31%31" dan="16,16,16,16" rate="2085.24,2145.46,2204.90,2149.55" sx="F,M,M,M"/><TAIKYOKU oya="0"/><INIT seed="0,0,0,5,0,25" ten="250,250,250,250" oya="0" hai0="24,110,14,100,27,5,91,75,133,118,113,32,88" hai1="120,16,12,59,61,65,49,124,8,69,51,102,20" hai2="41,28,15,96,18,19,103,131,135,92,98,76,46" hai3="38,60,78,82,31,129,71,55,84,81,77,44,127"/><T6/><D113/><U10/><E120/><V106/><F135/><W115/><G115/><T53/><D118/><U34/><E34/><V7/><F131/><W22/><G129/><T67/><D75/><U119/><E119/><V99/><F76/><W97/><G127/><T112/><D133/><U62/><E124/><V121/><F121/><W63/><G71/><T95/><D112/><U0/><E102/><V105/><F105/><W132/><G132/><T50/><D67/><U83/><E83/><V101/><F96/><W126/><G126/><T111/><D27/><U64/><REACH who="1" step="1"/><E10/><REACH who="1" ten="250,240,250,250" step="2"/><V125/><F125/><W109/><G82/><T45/><D100/><U29/><E29/><V134/><F134/><W74/><G31/><N who="0" m="19559" /><D95/><U13/><E13/><V123/><F28/><W36/><G81/><T37/><D37/><U66/><E66/><V30/><F30/><W117/><G38/><T94/><D94/><U4/><AGARI ba="0,1" hai="0,4,8,12,16,20,49,51,59,61,62,64,65,69" machi="4" ten="30,7900,0" yaku="1,1,0,1,54,1,53,1" doraHai="25" doraHaiUra="52" who="1" fromWho="1" sc="250,-39,240,89,250,-20,250,-20" /><INIT seed="1,0,0,0,1,77" ten="211,329,230,230" oya="1" hai0="130,59,91,74,56,124,9,110,118,49,101,26,83" hai1="117,73,104,58,19,107,75,68,64,125,7,47,42" hai2="18,81,23,85,100,35,52,134,61,38,48,88,53" hai3="55,115,97,65,95,41,76,51,1,131,62,121,94"/><U5/><E58/><N who="2" m="35015" /><F38/><W89/><G131/><T78/><D118/><U114/><E19/><V15/><F35/><W108/><G108/><T103/><D110/><U40/><E47/><N who="2" m="27807" /><F134/><W60/><G121/><T16/><D130/><U72/><E117/><V24/><F100/><W96/><G1/><T84/><D124/><U126/><E64/><V33/><F33/><W128/><G128/><T80/><D59/><U3/><E68/><V36/><F36/><W27/><G41/><N who="1" m="15978" /><E3/><V44/><F44/><W129/><G129/><T43/><D43/><U25/><E25/><AGARI ba="0,0" hai="15,18,23,24,25,81,85,88" m="27807,35015" machi="25" ten="30,7700,0" yaku="8,1,52,1,54,2" doraHai="77" who="2" fromWho="1" sc="211,0,329,-77,230,77,230,0" /><INIT seed="2,0,0,3,2,127" ten="211,252,307,230" oya="2" hai0="59,15,135,60,104,107,27,71,102,105,103,88,6" hai1="50,101,46,64,109,129,4,126,16,96,132,67,81" hai2="48,90,111,24,118,134,120,45,17,40,9,43,95" hai3="8,85,78,39,98,87,18,13,28,36,25,37,1"/><V100/><F118/><W29/><G1/><T125/><D125/><U21/><E126/><V82/><F120/><W80/><G98/><T49/><D135/><U114/><E114/><V113/><F113/><W68/><G68/><T2/><D2/><U91/><E4/><V44/><F134/><W75/><REACH who="3" step="1"/><G29/><REACH who="3" ten="211,252,307,220" step="2"/><T38/><D71/><U35/><E96/><V121/><F121/><W86/><G86/><T128/><D104/><U74/><E132/><V65/><F100/><W30/><G30/><T97/><D103/><U76/><E101/><V69/><F69/><W99/><G99/><T89/><D105/><U66/><E109/><V22/><F111/><W84/><G84/><T23/><D38/><U19/><E74/><V115/><F115/><W94/><G94/><T62/><D107/><U0/><E0/><V133/><F133/><W119/><G119/><T79/><D102/><U33/><E81/><V130/><F82/><W53/><G53/><N who="0" m="32175" /><D97/><U47/><E66/><V14/><F65/><W11/><G11/><N who="0" m="4599" /><D79/><U55/><E76/><V32/><F95/><W58/><G58/><T112/><D112/><U12/><E67/><V10/><F10/><W5/><G5/><T70/><D70/><U93/><E64/><V26/><F9/><W72/><G72/><T56/><D56/><U42/><E93/><V110/><F110/><W92/><G92/><T54/><D54/><U73/><E73/><V106/><F106/><W61/><G61/><N who="0" m="23659" /><D128/><U34/><E129/><V122/><F130/><W108/><G108/><T63/><N who="0" m="23667" /><T7/><DORA hai="123" /><D7/><U77/><E77/><RYUUKYOKU ba="0,1" sc="211,15,252,-15,307,-15,220,15" hai0="23,27,88,89" hai3="8,13,18,25,28,36,37,39,75,78,80,85,87" /><INIT seed="3,1,1,0,2,51" ten="226,237,292,235" oya="3" hai0="43,100,30,101,8,32,19,83,120,113,13,88,35" hai1="24,39,102,34,48,70,27,55,20,63,123,65,4" hai2="115,97,135,57,108,89,6,107,106,11,67,10,72" hai3="76,111,53,26,54,18,79,128,1,58,78,92,124"/><W81/><G1/><T12/><D120/><U42/><E123/><V109/><F115/><W77/><G124/><T41/><D113/><U40/><E4/><V87/><F72/><W28/><G128/><T21/><D32/><U132/><E132/><V16/><F135/><W0/><G0/><T119/><D35/><U96/><E34/><V2/><F97/><W105/><G105/><T117/><D117/><U60/><E60/><N who="2" m="38287" /><F16/><W31/><G111/><N who="2" m="42569" /><F10/><W68/><G68/><T71/><D71/><U129/><E96/><V45/><F45/><W91/><G18/><N who="0" m="8455" /><D30/><N who="3" m="11305" /><G26/><T7/><D7/><U93/><E24/><V38/><F38/><W17/><G58/><T85/><D119/><U52/><E39/><V29/><F29/><W62/><G62/><T25/><D25/><U56/><E27/><V80/><AGARI ba="1,1" hai="2,6,11,80,87,89,106,107" m="42569,38287" machi="80" ten="30,1100,0" yaku="14,1" doraHai="51" who="2" fromWho="2" sc="226,-4,237,-4,292,24,235,-6" owari="222,-27.8,233,3.3,316,41.6,229,-17.1" /></mjloggm>