<mjloggm ver="2.3"><GO type="225" lobby="0"/><UN n0="%6D%75%75%6D%75%72%61" n1="%E5%B8%86%E7%AB%8B%E5%A4%8F%E8%A1%A3" n2="%E3%81%95%E3%81%8D%E3%81%9F%E3%81%BE%E6%9E%97%E6%AA%8E" n3="%E5%A4%96%E5%B7%9D%E7%AB%9C%E6%88%90" dan="16,17,16,16" rate="2151.08,2170.55,2160.09,2101.43" sx="F,M,M,M"/><TAIKYOKU oya="0"/><INIT seed="0,0,0,5,1,42" ten="250,250,250,250" oya="0" hai0="15,52,121,48,0,106,26,130,18,8,98,65,11" hai1="86,9,24,3,30,13,5,92,114,60,122,99,32" hai2="4,56,113,132,69,1,82,95,107,25,14,125,133" hai3="12,80,110,27,85,21,6,117,71,112,129,135,94"/><T43/><D121/><U41/><E114/><V17/><F107/><W123/><G112/><T67/><D130/><U75/><E75/><V101/><F113/><W50/><G117/><T116/><D116/><U54/><E122/><V2/><F69/><W70/><G123/><T74/><D74/><U73/><E73/><V16/><F125/><W35/><G129/><T87/><D43/><U127/><E127/><V103/><F82/><W36/><G36/><T84/><D26/><U93/><E41/><V108/><F108/><W89/><G135/><N who="2" m="51785" /><F25/><W102/><G35/><T39/><D39/><U51/><E60/><V105/><F105/><W47/><G12/><T131/><D131/><U66/><E66/><V20/><F17/><W31/><G6/><T120/><D120/><U62/><E62/><V111/><F111/><W10/><G10/><T97/><D8/><U126/><E126/><V45/><F56/><W88/><G102/><N who="2" m="38921" /><F95/><W81/><G81/><T29/><D29/><U49/><E54/><V78/><F78/><W91/><G110/><T77/><D106/><U79/><E79/><V53/><F4/><W115/><G115/><T40/><D77/><U134/><E134/><V46/><F53/><W124/><G124/><T90/><D40/><U128/><E128/><V63/><F63/><W109/><G109/><T68/><D68/><N who="3" m="26153" /><G80/><T33/><D90/><N who="1" m="53335" /><E13/><V64/><F64/><N who="0" m="24650" /><D0/><AGARI ba="0,0" hai="0,1,2,14,16,20,45,46" m="38921,51785" machi="0" ten="30,7700,0" yaku="20,1,52,2,54,1" doraHai="42" who="2" fromWho="0" sc="250,-77,250,0,250,77,250,0" /><INIT seed="1,0,0,0,3,53" ten="173,250,327,250" oya="1" hai0="72,54,44,30,56,7,18,27,39,13,103,34,93" hai1="1,17,88,89,73,47,133,115,36,78,8,82,63" hai2="79,40,98,94,26,112,0,43,66,113,92,21,75" hai3="97,5,29,74,46,108,77,6,16,55,106,67,121"/><U99/><E133/><V114/><F0/><W104/><G121/><T91/><D72/><U25/><E115/><V23/><F66/><W134/><G29/><T131/><D131/><U38/><E38/><V62/><F75/><W116/><G67/><T84/><D103/><U68/><E99/><V117/><F79/><W107/><G97/><T2/><D39/><U65/><E25/><V15/><F117/><W80/><G134/><T33/><D44/><U11/><E11/><V87/><F87/><W85/><G74/><T9/><D34/><U35/><E17/><N who="2" m="10431" /><F62/><W60/><G108/><T12/><REACH who="0" step="1"/><D18/><REACH who="0" ten="163,250,327,250" step="2"/><U3/><E35/><V22/><F113/><W132/><G132/><T122/><D122/><U127/><E127/><V128/><F128/><W19/><G46/><T50/><AGARI ba="0,1" hai="2,7,9,12,13,27,30,33,50,54,56,84,91,93" machi="50" ten="20,5200,0" yaku="1,1,0,1,7,1,52,1,53,0" doraHai="53" doraHaiUra="95" who="0" fromWho="0" sc="163,62,250,-26,327,-13,250,-13" /><INIT seed="2,0,0,3,5,70" ten="225,224,314,237" oya="2" hai0="73,84,24,104,6,59,69,94,20,96,53,103,32" hai1="130,10,61,11,93,90,75,82,64,77,28,109,33" hai2="30,121,12,99,37,110,5,91,25,42,19,71,78" hai3="13,119,2,4,132,87,34,67,72,81,134,0,56"/><V74/><F121/><W7/><G119/><T55/><D69/><U48/><E109/><V115/><F115/><W83/><G34/><T31/><D73/><U105/><E130/><V62/><F74/><W58/><G72/><T3/><D32/><U43/><E105/><V63/><F78/><W35/><G35/><T52/><D3/><U106/><E106/><V46/><F5/><W108/><G87/><T23/><D6/><U68/><E43/><V120/><F120/><W66/><REACH who="3" step="1"/><G13/><REACH who="3" ten="225,224,314,227" step="2"/><T135/><D84/><U22/><E33/><V126/><F12/><W79/><G79/><T86/><D86/><U112/><E112/><V127/><F99/><W133/><G133/><T50/><D135/><U51/><E11/><V85/><F85/><W107/><G107/><T76/><D76/><U124/><E10/><V38/><F127/><W1/><G1/><T98/><REACH who="0" step="1"/><D23/><REACH who="0" ten="215,224,314,227" step="2"/><U47/><E22/><V80/><F126/><W131/><G131/><T36/><D36/><U118/><E124/><V57/><F38/><W89/><G89/><AGARI ba="0,2" hai="20,24,31,50,52,53,55,59,89,94,96,98,103,104" machi="89" ten="30,3900,0" yaku="1,1,7,1,54,1,53,0" doraHai="70" doraHaiUra="60" who="0" fromWho="3" sc="215,59,224,0,314,0,227,-39" /><INIT seed="3,0,0,3,1,78" ten="274,224,314,188" oya="3" hai0="56,3,50,132,29,32,6,97,93,5,10,53,33" hai1="86,133,134,64,11,112,43,119,7,109,57,65,87" hai2="48,47,103,98,24,75,58,135,1,111,55,121,120" hai3="117,27,116,38,19,102,72,62,22,107,31,90,106"/><W99/><G107/><T36/><D132/><N who="1" m="50795" /><E112/><V66/><F111/><W14/><G38/><T39/><D6/><U28/><E109/><V18/><F135/><W85/><G72/><T80/><D33/><U100/><E119/><V126/><F126/><W115/><G115/><T12/><D3/><N who="1" m="511" /><E28/><V42/><F75/><W9/><REACH who="3" step="1"/><G62/><REACH who="3" ten="274,224,314,178" step="2"/><T20/><D36/><U82/><E43/><V118/><F42/><W96/><G96/><T45/><D39/><U37/><E37/><V68/><F98/><W131/><G131/><T69/><D97/><U34/><E100/><V54/><F103/><W122/><G122/><T13/><D50/><U30/><E87/><V71/><F48/><W59/><G59/><T4/><D56/><U81/><E86/><V114/><F58/><W21/><G21/><T74/><D74/><U76/><E57/><V0/><F114/><W15/><G15/><T73/><D13/><U35/><E35/><V123/><F1/><W26/><G26/><T128/><D32/><U77/><E65/><V113/><F0/><W127/><G127/><T61/><D128/><U104/><E64/><V51/><F66/><W63/><G63/><T17/><D61/><U2/><E104/><V88/><F113/><W94/><AGARI ba="0,1" hai="9,14,19,22,27,31,85,90,94,99,102,106,116,117" machi="94" ten="20,3900,0" yaku="1,1,0,1,7,1,53,0" doraHai="78" doraHaiUra="105" who="3" fromWho="3" sc="274,-13,224,-13,314,-13,178,49" /><INIT seed="3,1,0,0,0,67" ten="261,211,301,227" oya="3" hai0="96,27,97,31,23,33,16,64,92,115,1,13,6" hai1="34,17,28,118,36,63,7,61,123,106,84,37,49" hai2="25,129,74,120,38,111,20,0,19,87,22,95,41" hai3="117,26,110,32,2,3,72,108,10,44,85,9,30"/><W124/><G72/><T104/><D115/><U68/><E106/><V15/><F111/><N who="3" m="42539" /><G117/><T39/><D39/><U102/><E123/><V80/><F0/><N who="3" m="43" /><G85/><T14/><D104/><U40/><E102/><V77/><F129/><W55/><G55/><T76/><D76/><U131/><E131/><V101/><F120/><W79/><G79/><T46/><D46/><N who="1" m="25799" /><E7/><V94/><F38/><W128/><G128/><T83/><D83/><U18/><E118/><V99/><F41/><W70/><G44/><T103/><D96/><U58/><E37/><V65/><F65/><W105/><G105/><T135/><D64/><N who="1" m="40975" /><E36/><V57/><F74/><W42/><G42/><T52/><D1/><U8/><E84/><V51/><F51/><W122/><G122/><T86/><D86/><U59/><E8/><N who="3" m="3178" /><G124/><T73/><D73/><U98/><E98/><V29/><F57/><N who="1" m="21513" /><E63/><V45/><F45/><W62/><G62/><T56/><D6/><U21/><E34/><V125/><F95/><W121/><G121/><T82/><D82/><U60/><E60/><V114/><F114/><W53/><G53/><T54/><D54/><U126/><E126/><V109/><F125/><W133/><G70/><T43/><D43/><U71/><E71/><V35/><F109/><W66/><G66/><T88/><D52/><U4/><E4/><V47/><F47/><W50/><G50/><T112/><D112/><U5/><E5/><V89/><F77/><W130/><G130/><T48/><D48/><U127/><E127/><V12/><F87/><W100/><G100/><T11/><D103/><U107/><E107/><RYUUKYOKU ba="1,0" sc="261,-15,211,15,301,-15,227,15" hai1="17,18,21,28" hai3="26,30,32,133" /><INIT seed="3,2,0,3,5,42" ten="246,226,286,242" oya="3" hai0="15,54,26,49,58,25,86,116,114,38,131,20,67" hai1="12,32,31,5,61,80,92,99,127,64,72,18,65" hai2="75,71,91,82,30,129,13,19,11,3,63,24,90" hai3="94,14,107,45,0,85,27,41,105,120,106,83,126"/><W37/><G0/><T57/><D116/><U74/><E127/><V115/><F115/><W89/><G120/><T40/><D114/><U101/><E5/><V69/><F3/><W77/><G126/><T29/><D131/><U73/><E80/><V48/><F129/><W123/><G123/><T98/><D38/><U118/><E118/><V76/><F71/><W56/><G14/><T53/><D40/><U62/><E31/><V109/><F109/><W7/><G7/><T113/><D67/><U78/><E78/><V110/><F110/><W10/><G10/><T100/><D86/><U88/><E101/><V97/><F97/><W103/><G56/><T28/><D15/><U104/><E32/><V130/><F130/><W124/><G124/><T96/><D100/><U46/><E46/><V33/><F48/><W44/><G44/><T2/><D2/><U60/><REACH who="1" step="1"/><E104/><REACH who="1" ten="246,216,286,242" step="2"/><V59/><F69/><W50/><G37/><T22/><D113/><U112/><E112/><V81/><F82/><W102/><REACH who="3" step="1"/><G27/><REACH who="3" ten="246,216,286,232" step="2"/><T121/><D121/><U52/><E52/><AGARI ba="2,2" hai="11,13,19,24,30,33,52,59,63,75,76,81,90,91" machi="52" ten="30,2000,0" yaku="7,1,54,1" doraHai="42" who="2" fromWho="1" sc="246,0,216,-26,286,46,232,0" owari="246,4.6,190,-31.0,332,43.2,232,-16.8" /></mjloggm>