<mjloggm ver="2.3"><GO type="225" lobby="0"/><UN n0="%E3%81%9F%E3%81%93%E2%98%86%E7%84%BC%E3%81%8D" n1="%E3%81%A1%E3%82%85%E3%81%86%E3%81%A9%E3%81%8F%E8%B1%A1%E3%81%95%E3%82%93" n2="%E6%9C%AA%E6%9D%A5%E5%B0%91%E5%B9%B4" n3="%E3%82%A2%E3%83%9E%E3%83%9D%EF%BD%9E%EF%BD%9E%E3%83%A9" dan="16,17,16,17" rate="2088.13,2198.77,2140.92,2187.01" sx="M,M,M,M"/><TAIKYOKU oya="0"/><INIT seed="0,0,0,0,0,129" ten="250,250,250,250" oya="0" hai0="81,114,8,65,51,17,115,62,93,15,123,96,59" hai1="18,55,64,57,111,97,82,31,3,126,108,100,71" hai2="104,87,101,12,39,19,91,130,60,117,92,10,35" hai3="9,32,98,122,24,45,132,66,73,131,78,2,44"/><T99/><D123/><U120/><E120/><V109/><F35/><W56/><G131/><T38/><D38/><U135/><E3/><V83/><F130/><W85/><G85/><T49/><D81/><U67/><E126/><V113/><F113/><W77/><G66/><T28/><D28/><U7/><E7/><V88/><F39/><W110/><G56/><T29/><D29/><U61/><E31/><V14/><F109/><N who="1" m="42057" /><E82/><V34/><F34/><W80/><G78/><T112/><REACH who="0" step="1"/><D99/><REACH who="0" ten="240,250,250,250" step="2"/><U5/><E97/><V42/><F83/><W43/><G98/><T69/><D69/><U36/><E71/><V84/><F117/><W106/><G122/><T1/><D1/><U11/><E36/><V54/><F19/><W118/><G2/><T107/><D107/><U27/><E100/><AGARI ba="0,1" hai="8,15,17,49,51,59,62,65,93,96,100,112,114,115" machi="100" ten="40,2000,0" yaku="1,1,53,0" doraHai="129" doraHaiUra="40" who="0" fromWho="1" sc="240,30,250,-20,250,0,250,0" /><INIT seed="0,1,0,0,5,101" ten="270,230,250,250" oya="0" hai0="129,85,133,66,130,25,87,73,93,63,38,69,108" hai1="76,61,99,91,28,32,107,80,105,9,23,42,68" hai2="40,0,13,3,77,1,15,103,90,64,24,116,43" hai3="36,56,112,67,8,71,124,118,59,94,44,134,127"/><T121/><D73/><N who="1" m="43023" /><E23/><V55/><F116/><W135/><G94/><T75/><D121/><U11/><E91/><V7/><F64/><W98/><G98/><T50/><D38/><U54/><E54/><V84/><F77/><W111/><G8/><T125/><D75/><U60/><E60/><V52/><F103/><W120/><G118/><T97/><D133/><N who="3" m="50697" /><G111/><T114/><D125/><N who="3" m="48201" /><G112/><T74/><D114/><U92/><E9/><V79/><F79/><W122/><G71/><T5/><D74/><U31/><E31/><V96/><F96/><W72/><G72/><T128/><D5/><U33/><E92/><V18/><F7/><W106/><G106/><N who="1" m="40458" /><E99/><V46/><F1/><W70/><G59/><T30/><D108/><U10/><E10/><V131/><F3/><W82/><G82/><T47/><D93/><U102/><E102/><V110/><F0/><W22/><G56/><T12/><D97/><U20/><E20/><N who="2" m="13335" /><F110/><W100/><G22/><N who="0" m="15671" /><D12/><U113/><E11/><V41/><F15/><W104/><G100/><T62/><D62/><U39/><E113/><V109/><F13/><W34/><G104/><T83/><D83/><U16/><E16/><V115/><F109/><W17/><G17/><T53/><AGARI ba="1,0" hai="47,50,53,63,66,69,85,87,128,129,130" m="15671" machi="53" ten="30,1500,0" yaku="19,1" doraHai="101" who="0" fromWho="0" sc="270,18,230,-6,250,-6,250,-6" /><INIT seed="0,2,0,3,0,53" ten="288,224,244,244" oya="0" hai0="93,94,80,111,116,47,46,102,22,10,132,105,71" hai1="123,90,18,115,97,134,13,55,50,48,124,108,79" hai2="4,127,67,66,72,83,27,31,91,86,14,126,95" hai3="69,49,44,0,121,133,12,120,59,54,74,34,32"/><T8/><D71/><U20/><E123/><N who="3" m="47178" /><G0/><T130/><D105/><U43/><E108/><V128/><F128/><W78/><G69/><T21/><D130/><U11/><E134/><V131/><F131/><W40/><G12/><T122/><D102/><U96/><E124/><N who="2" m="47659" /><F4/><W24/><G24/><T26/><D26/><U125/><E125/><V62/><F14/><W2/><G2/><T107/><D107/><U16/><E115/><V25/><F67/><W17/><G17/><T70/><D70/><U99/><E79/><N who="2" m="44519" /><F31/><W35/><G133/><T15/><D132/><U19/><E43/><V39/><F39/><N who="3" m="21535" /><G78/><T3/><D15/><N who="1" m="9311" /><E19/><V104/><F104/><W58/><G74/><T36/><D3/><U81/><E55/><V89/><F91/><W101/><G101/><T68/><D68/><AGARI ba="2,0" hai="25,27,62,66,68,86,89,95" m="44519,47659" machi="68" ten="30,1000,0" yaku="18,1" doraHai="53" who="2" fromWho="0" sc="288,-16,224,0,244,16,244,0" /><INIT seed="1,0,0,3,4,110" ten="272,224,260,244" oya="1" hai0="64,25,35,63,16,91,70,44,10,97,24,53,59" hai1="117,57,50,55,102,72,112,101,116,23,98,81,3" hai2="100,125,60,121,127,85,34,94,26,107,126,30,123" hai3="109,7,12,2,82,38,33,128,20,129,61,67,106"/><U77/><E3/><V105/><F60/><W51/><G38/><T78/><D78/><U118/><E23/><V0/><F0/><W79/><G106/><N who="2" m="40457" /><F85/><W14/><G33/><T99/><D35/><U9/><E9/><V36/><F36/><W134/><G51/><T132/><D132/><U48/><E112/><V74/><F74/><W11/><G109/><T68/><D68/><U108/><E108/><V45/><F45/><W17/><G2/><T32/><D32/><U8/><E8/><V27/><F26/><W62/><G134/><T31/><D31/><U80/><E80/><V21/><F21/><W75/><REACH who="3" step="1"/><G61/><REACH who="3" ten="272,224,260,234" step="2"/><T47/><D63/><U43/><REACH who="1" step="1"/><E98/><AGARI ba="0,1" hai="27,30,34,94,98,100,121,123,125,126,127" m="40457" machi="98" ten="40,1300,0" yaku="18,1" doraHai="110" who="2" fromWho="1" sc="272,0,224,-13,260,23,234,0" /><INIT seed="2,0,0,3,5,54" ten="272,211,283,234" oya="2" hai0="44,70,129,38,97,88,19,18,46,108,17,120,93" hai1="56,49,104,39,118,126,28,116,109,33,102,83,72" hai2="15,69,32,59,94,14,85,123,78,90,124,9,62" hai3="75,57,113,110,77,23,48,31,117,82,128,100,80"/><V134/><F123/><W105/><G117/><T99/><D70/><U35/><E39/><V13/><F69/><W91/><G110/><T63/><D38/><U135/><E109/><V89/><F32/><W3/><G3/><T40/><D108/><U98/><E135/><V106/><F106/><W5/><G5/><T111/><D111/><U58/><E126/><V53/><F134/><W125/><G125/><T51/><D129/><U87/><E72/><V64/><F124/><W130/><G113/><T112/><D112/><U96/><E96/><V27/><F78/><W68/><G68/><T79/><D44/><U36/><E36/><V133/><F133/><W65/><G31/><T132/><D79/><U131/><E131/><N who="3" m="50218" /><G23/><T81/><D81/><U50/><E28/><V45/><F27/><W92/><G80/><T60/><D120/><U55/><E33/><V29/><F29/><W42/><G42/><T114/><D114/><U37/><E37/><V73/><F73/><W47/><G47/><T11/><D11/><U86/><E35/><V6/><F45/><W21/><G21/><T8/><D8/><U16/><E16/><V61/><REACH who="2" step="1"/><F90/><REACH who="2" ten="272,211,273,234" step="2"/><W115/><G115/><T107/><D132/><U74/><E74/><V76/><F76/><W41/><G105/><T22/><D107/><U95/><E104/><V1/><F1/><W24/><G24/><T122/><D122/><U66/><E118/><V0/><F0/><W52/><G91/><N who="0" m="55487" /><D22/><U71/><E116/><V12/><F12/><W2/><G2/><T101/><D88/><U10/><E10/><V84/><F84/><RYUUKYOKU ba="0,1" sc="272,15,211,-15,273,15,234,-15" hai0="17,18,19,40,46,51,60,63,99,101" hai2="6,9,13,14,15,53,59,61,62,64,85,89,94" /><INIT seed="2,1,1,1,3,74" ten="287,196,288,219" oya="2" hai0="17,7,126,86,125,106,34,114,75,50,51,43,135" hai1="13,14,47,21,42,116,120,82,18,68,118,110,108" hai2="123,104,107,113,16,95,0,49,64,32,15,31,11" hai3="30,63,70,132,85,67,24,72,41,33,23,25,129"/><V100/><F113/><W122/><G129/><T130/><D34/><U83/><E68/><V80/><F123/><W96/><G132/><T99/><D75/><U111/><E120/><V119/><F119/><N who="1" m="45609" /><E13/><V134/><F134/><W48/><G72/><T57/><D114/><U35/><E35/><V73/><F64/><W39/><G39/><AGARI ba="1,1" hai="14,18,21,39,42,47,82,83,108,110,111" m="45609" machi="39" ten="40,1300,0" yaku="14,1" doraHai="74" who="1" fromWho="3" sc="287,0,196,26,288,0,219,-16" /><INIT seed="3,0,0,1,1,21" ten="287,222,288,203" oya="3" hai0="77,54,48,29,131,98,6,89,118,52,128,0,18" hai1="47,120,59,26,109,108,114,71,127,130,39,60,88" hai2="94,74,67,66,49,34,14,57,133,126,103,24,123" hai3="99,65,86,23,30,3,28,35,102,63,36,125,43"/><W76/><G3/><T17/><D77/><U90/><E120/><V37/><F37/><W93/><G125/><T82/><D118/><U2/><E114/><V129/><F74/><W41/><G35/><T122/><D122/><U124/><E2/><V113/><F123/><W101/><G101/><T11/><D29/><U33/><E71/><V42/><F126/><N who="1" m="48169" /><E130/><N who="0" m="49705" /><D54/><N who="1" m="33911" /><E47/><V135/><F129/><W50/><G36/><T91/><D82/><U81/><E39/><V4/><F113/><W83/><G50/><T12/><D98/><U121/><E121/><V13/><F94/><W84/><G84/><T68/><D68/><U80/><E80/><V32/><F103/><W104/><G104/><T132/><D132/><N who="2" m="50762" /><F34/><W9/><G9/><N who="0" m="6287" /><D18/><U20/><E33/><V112/><F112/><W38/><G38/><T100/><D100/><U117/><E117/><V31/><F4/><W45/><G45/><AGARI ba="0,0" hai="0,6,11,45,48,52,89,91" m="6287,49705" machi="45" ten="30,2000,0" yaku="19,1,54,1" doraHai="21" who="0" fromWho="3" sc="287,20,222,0,288,0,203,-20" owari="307,40.7,222,-17.8,288,8.8,183,-31.7" /></mjloggm>