<mjloggm ver="2.3"><GO type="225" lobby="0"/><UN n0="%E6%98%93%E5%88%A9%E8%96%A9%E4%BC%AF" n1="%E3%81%82%E3%81%B9%E3%81%99%E3%81%91" n2="%E3%83%97%E3%83%AC%E3%83%B4%E3%82%A1%E3%83%86%E3%82%A3" n3="%E8%80%81%E6%A5%BD" dan="16,16,16,16" rate="2045.26,2109.78,2124.47,2115.40" sx="F,M,F,M"/><TAIKYOKU oya="0"/><INIT seed="0,0,0,4,2,9" ten="250,250,250,250" oya="0" hai0="53,38,99,71,126,82,57,85,63,56,55,132,108" hai1="15,26,83,119,50,52,134,31,77,128,89,123,36" hai2="24,96,12,104,5,118,13,122,43,113,28,75,111" hai3="65,129,62,58,33,14,107,11,101,124,88,86,1"/><T67/><D126/><U87/><E119/><V45/><F75/><W72/><G72/><T70/><D132/><U91/><E36/><V6/><F113/><W49/><G33/><T37/><D99/><U3/><E3/><V98/><F122/><W21/><G124/><T17/><D108/><U7/><E128/><V130/><F130/><W81/><G129/><T41/><D17/><U100/><E100/><V54/><F111/><W84/><G1/><T106/><D106/><U10/><E134/><V115/><F115/><W112/><G112/><T121/><D121/><U60/><E60/><V90/><F118/><W116/><G116/><T47/><D38/><U79/><E91/><V46/><F104/><W97/><G49/><N who="0" m="30767" /><D82/><U103/><E103/><V114/><F114/><W18/><REACH who="3" step="1"/><G86/><REACH who="3" ten="250,250,250,240" step="2"/><T20/><D85/><U105/><E123/><V133/><F133/><W92/><G92/><T30/><D20/><AGARI ba="0,1" hai="11,14,18,20,21,58,62,65,81,84,88,97,101,107" machi="20" ten="40,8000,1" yaku="1,1,52,1,54,1,53,1" doraHai="9" doraHaiUra="80" who="3" fromWho="0" sc="250,-80,250,0,250,0,240,90" /><INIT seed="1,0,0,3,3,22" ten="170,250,250,330" oya="1" hai0="123,55,118,39,120,83,53,95,5,33,50,91,32" hai1="113,12,86,37,112,111,134,26,116,108,9,36,70" hai2="65,125,31,88,132,7,64,78,56,24,80,97,47" hai3="61,90,124,19,73,1,11,42,13,23,117,29,52"/><U77/><E116/><V45/><F125/><W41/><G73/><T40/><D118/><U46/><E70/><V130/><F132/><W28/><G124/><T135/><D135/><U92/><E134/><V99/><F130/><W57/><G117/><T38/><D83/><N who="1" m="47471" /><E92/><V122/><F7/><W51/><G1/><T3/><D3/><U62/><E62/><V20/><F122/><W16/><G90/><T44/><D5/><N who="1" m="3119" /><E46/><N who="2" m="17419" /><F78/><W115/><G115/><T0/><D0/><U82/><E82/><V98/><F56/><N who="3" m="32799" /><G42/><T107/><D107/><U76/><E76/><V34/><F34/><W72/><G41/><T63/><D33/><U128/><E128/><V93/><F80/><W127/><G72/><T8/><D32/><U96/><E96/><AGARI ba="0,0" hai="20,24,31,64,65,88,93,96,97,98,99" m="17419" machi="96" ten="30,3900,0" yaku="8,1,52,1,54,1" doraHai="22" who="2" fromWho="1" sc="170,0,250,-39,250,39,330,0" /><INIT seed="2,0,0,1,3,85" ten="170,211,289,330" oya="2" hai0="133,59,130,65,27,123,34,105,111,41,117,82,61" hai1="24,63,57,134,116,94,15,129,108,54,30,47,125" hai2="121,74,22,73,18,70,11,45,120,29,72,69,64" hai3="83,38,0,10,26,9,101,1,100,102,53,106,50"/><V51/><F29/><W104/><G38/><T81/><D123/><U49/><E116/><V112/><F11/><N who="3" m="4107" /><G50/><T56/><D117/><U37/><E108/><V127/><F112/><W60/><G53/><T28/><D111/><U17/><E125/><V76/><F127/><W4/><G60/><T13/><D130/><U23/><E134/><V43/><F76/><W78/><G83/><T113/><D133/><U71/><E71/><V33/><F33/><W21/><G21/><T79/><D105/><U119/><E119/><V36/><F36/><W14/><G26/><T98/><D113/><U35/><E37/><V40/><F40/><W67/><G14/><T39/><D13/><U135/><E135/><V20/><F64/><W42/><G4/><T131/><D131/><U5/><E5/><V114/><F114/><W12/><G12/><T66/><D79/><U128/><REACH who="1" step="1"/><E94/><REACH who="1" ten="170,201,289,330" step="2"/><V44/><F70/><W31/><G106/><T87/><D39/><U91/><E91/><V62/><F69/><W115/><G104/><T126/><D126/><U110/><E110/><V77/><F77/><W32/><G78/><T58/><D66/><AGARI ba="0,1" hai="15,17,23,24,30,35,47,49,54,57,63,66,128,129" machi="66" ten="40,1300,0" yaku="1,1,53,0" doraHai="85" doraHaiUra="103" who="1" fromWho="0" sc="170,-13,201,23,289,0,330,0" /><INIT seed="3,0,0,1,5,61" ten="157,224,289,330" oya="3" hai0="77,19,78,101,57,16,134,59,97,82,42,41,74" hai1="81,43,62,104,114,64,26,15,132,27,40,76,29" hai2="131,6,107,88,130,52,63,69,72,102,7,34,96" hai3="44,70,113,37,80,50,53,94,120,28,46,112,84"/><W2/><G2/><T0/><D134/><U56/><E114/><V36/><F72/><W39/><G28/><T73/><D0/><U20/><E104/><V109/><F36/><N who="3" m="13899" /><G94/><T110/><D110/><U22/><E15/><V23/><F34/><W85/><G85/><T126/><D126/><U18/><REACH who="1" step="1"/><E132/><REACH who="1" ten="157,214,289,330" step="2"/><V83/><F109/><W125/><G113/><T95/><D59/><U11/><E11/><V116/><F116/><W127/><G112/><T118/><D118/><U58/><E58/><N who="2" m="35271" /><F69/><W122/><G70/><T89/><D57/><U12/><E12/><V49/><F49/><W3/><G3/><T133/><D133/><U66/><E66/><V47/><F47/><W129/><G44/><T91/><D42/><U55/><E55/><V111/><F111/><W33/><G46/><T119/><D41/><U1/><E1/><V24/><F24/><W9/><G50/><T5/><D119/><U103/><E103/><V87/><F23/><W90/><G53/><T135/><D135/><U60/><E60/><V117/><F117/><W71/><G71/><T51/><D51/><U31/><E31/><V54/><F54/><W75/><G127/><T30/><D30/><U115/><E115/><V68/><F68/><W92/><G125/><T93/><D5/><U86/><AGARI ba="0,1" hai="18,20,22,26,27,29,40,43,56,62,64,76,81,86" machi="86" ten="20,8000,1" yaku="1,1,0,1,7,1,8,1,52,1,53,0" doraHai="61" doraHaiUra="65" who="1" fromWho="1" sc="157,-20,214,90,289,-20,330,-40" owari="137,-36.3,304,40.4,269,-13.1,290,9.0" /></mjloggm>