<mjloggm ver="2.3"><GO type="225" lobby="0"/><UN n0="%E7%99%BD%E6%97%A5%E9%9B%AA%E8%8F%9C" n1="%E3%82%BC%E3%83%AB%E3%83%80%E3%81%AE%E4%BC%9D%E8%AA%AC" n2="%E3%82%BF%E3%83%BC%E3%83%90%E3%83%B3%E9%87%8E%E5%8F%A3" n3="%E3%82%B2%E3%82%B9%E8%8C%82%E5%8B%9D" dan="16,17,16,16" rate="2210.55,2155.78,2129.29,2083.49" sx="M,M,M,F"/><TAIKYOKU oya="0"/><INIT seed="0,0,0,1,2,51" ten="250,250,250,250" oya="0" hai0="74,4,107,29,123,87,55,63,90,61,6,0,60" hai1="7,130,46,2,72,119,59,39,79,75,49,128,73" hai2="80,125,81,127,131,43,33,135,10,1,57,24,114" hai3="84,42,5,88,111,48,53,28,134,13,67,14,129"/><T133/><D123/><U11/><E119/><V82/><F114/><W117/><G111/><T118/><D118/><U97/><E97/><V21/><F135/><W52/><G117/><T112/><D112/><U45/><E79/><V100/><F131/><N who="1" m="50217" /><E39/><V50/><F33/><W36/><G129/><T108/><D74/><U76/><E76/><V58/><F100/><W20/><G134/><T66/><D133/><U104/><E104/><V23/><F10/><N who="3" m="4303" /><G36/><T110/><D107/><U26/><E26/><V102/><F102/><W78/><G67/><T124/><D124/><N who="2" m="47690" /><F1/><W95/><G78/><T15/><D0/><U96/><E96/><V64/><F64/><W89/><G89/><T105/><D105/><U54/><AGARI ba="0,0" hai="2,7,11,45,46,49,54,59,72,73,75" m="50217" machi="54" ten="40,2700,0" yaku="19,1,52,1" doraHai="51" who="1" fromWho="1" sc="250,-13,250,27,250,-7,250,-7" /><INIT seed="1,0,0,4,3,70" ten="237,277,243,243" oya="1" hai0="53,37,40,49,33,112,113,45,61,34,56,25,62" hai1="3,17,94,89,41,6,103,4,99,108,91,44,0" hai2="135,22,85,73,101,20,92,88,121,87,72,13,28" hai3="50,119,31,118,98,63,35,5,77,66,64,30,114"/><U117/><E117/><N who="3" m="44554" /><G114/><T15/><D15/><U127/><E127/><V106/><F121/><W48/><G77/><T104/><D104/><U18/><E108/><V14/><F135/><W7/><G98/><T38/><D62/><U115/><E115/><N who="0" m="44105" /><D25/><U29/><E29/><N who="3" m="10762" /><G35/><T96/><D96/><U90/><E0/><V59/><F28/><W81/><G81/><T27/><D27/><U11/><REACH who="1" step="1"/><E6/><REACH who="1" ten="237,267,243,243" step="2"/><N who="3" m="2058" /><G63/><T46/><D34/><U116/><E116/><V97/><F106/><W86/><G86/><T128/><D33/><U125/><E125/><V68/><F87/><W107/><G107/><T26/><D128/><U109/><E109/><V9/><F85/><W55/><G55/><N who="0" m="33951" /><D26/><U131/><E131/><V39/><F97/><W69/><G69/><T78/><D78/><U51/><AGARI ba="0,1" hai="3,4,11,17,18,41,44,51,89,90,91,94,99,103" machi="51" ten="30,3000,0" yaku="1,1,0,1,53,0" doraHai="70" doraHaiUra="71" who="1" fromWho="1" sc="237,-10,267,40,243,-10,243,-10" /><INIT seed="1,1,0,1,2,36" ten="227,307,233,233" oya="1" hai0="45,60,13,77,69,93,65,74,55,123,79,131,12" hai1="92,124,19,14,78,85,41,72,61,71,25,102,0" hai2="59,2,56,101,83,48,133,109,118,106,10,95,104" hai3="128,67,110,108,120,4,46,91,134,43,30,99,82"/><U130/><E0/><V63/><F118/><W23/><G120/><T73/><D123/><U80/><E124/><V135/><F83/><W121/><G121/><T98/><D131/><U44/><E130/><V49/><F109/><N who="3" m="42091" /><G128/><T97/><D55/><U119/><E25/><V127/><F127/><W34/><G34/><T105/><D105/><N who="2" m="40554" /><F101/><W76/><G4/><T39/><D98/><U11/><E119/><V21/><F95/><N who="3" m="56831" /><G67/><T66/><D66/><U16/><E71/><V100/><F100/><W31/><G134/><N who="2" m="51209" /><F21/><W117/><G23/><T32/><D32/><U81/><E102/><V116/><F116/><W51/><G117/><T84/><D73/><AGARI ba="1,0" hai="30,31,43,46,51,73,76,82" m="56831,42091" machi="73" ten="30,2000,0" yaku="14,1,52,1" doraHai="36" who="3" fromWho="0" sc="227,-23,307,0,233,0,233,23" /><INIT seed="2,0,0,3,0,119" ten="204,307,233,256" oya="2" hai0="66,44,24,72,10,128,104,25,34,18,67,81,27" hai1="134,106,124,97,117,111,80,8,3,113,22,107,51" hai2="60,84,11,33,35,12,122,47,16,83,31,102,132" hai3="71,30,109,20,63,54,5,130,21,7,88,69,0"/><V98/><F132/><W76/><G109/><T65/><D104/><U4/><E111/><V112/><F112/><W115/><G130/><T36/><D128/><U135/><E117/><V49/><F122/><W123/><G123/><T120/><D120/><U94/><E113/><V28/><F60/><W100/><G76/><T45/><D34/><U85/><E22/><V32/><F98/><W15/><G100/><T39/><D10/><U50/><E124/><V95/><F95/><W56/><G115/><T6/><D6/><U37/><E37/><N who="0" m="14409" /><D18/><U133/><E51/><V53/><REACH who="2" step="1"/><F102/><REACH who="2" ten="204,307,223,256" step="2"/><W116/><G116/><T1/><D81/><U74/><E94/><V19/><F19/><W17/><G5/><T23/><D67/><U77/><E97/><V131/><F131/><W126/><G7/><T82/><D66/><U43/><E106/><V13/><F13/><W29/><G0/><T75/><D65/><U110/><E107/><V90/><AGARI ba="0,1" hai="11,12,16,28,31,32,33,35,47,49,53,83,84,90" machi="90" ten="30,18000,2" yaku="1,1,0,1,25,2,54,1,53,1" doraHai="119" doraHaiUra="14" who="2" fromWho="2" sc="204,-60,307,-60,223,190,256,-60" /><INIT seed="2,1,0,2,4,44" ten="144,247,413,196" oya="2" hai0="132,23,84,37,96,103,26,102,81,105,113,4,53" hai1="49,27,92,47,34,9,94,69,40,90,22,78,35" hai2="50,95,130,2,59,60,73,11,76,111,74,29,56" hai3="21,126,128,118,75,104,108,17,117,87,61,133,106"/><V134/><F130/><W63/><G128/><T43/><D113/><U121/><E69/><V91/><F134/><W41/><G75/><T10/><D132/><U24/><E121/><V55/><F111/><W38/><G133/><T120/><D120/><U71/><E71/><V30/><F2/><W93/><G108/><T129/><D129/><U82/><E9/><V66/><F11/><W16/><G126/><T8/><D103/><U109/><E109/><V85/><REACH who="2" step="1"/><F76/><REACH who="2" ten="144,247,403,196" step="2"/><W18/><G117/><T114/><D10/><U72/><E78/><V46/><F46/><W116/><G118/><T97/><D8/><U52/><E47/><V42/><F42/><W124/><G116/><T64/><D43/><U119/><E40/><V135/><F135/><W123/><G123/><T48/><D114/><U86/><E119/><V20/><F20/><W70/><G124/><T80/><D23/><U15/><E22/><V12/><F12/><W28/><G41/><T57/><D37/><U31/><E15/><V7/><F7/><W62/><G38/><T107/><D4/><U6/><E6/><V110/><F110/><W19/><G28/><AGARI ba="1,1" hai="28,29,30,50,55,56,59,60,66,73,74,85,91,95" machi="28" ten="40,3900,0" yaku="1,1,52,1,53,0" doraHai="44" doraHaiUra="68" who="2" fromWho="3" sc="144,0,247,0,403,52,196,-42" /><INIT seed="2,2,0,0,5,5" ten="144,247,455,154" oya="2" hai0="108,112,127,78,25,106,118,6,71,4,34,98,51" hai1="20,84,50,35,54,40,29,17,1,23,61,117,91" hai2="18,93,39,134,44,130,88,92,67,42,81,46,64" hai3="31,49,28,97,43,87,62,66,109,21,10,0,128"/><V15/><F130/><W77/><G109/><T57/><D112/><U56/><E117/><V41/><F134/><W48/><G128/><T114/><D114/><U85/><E1/><V53/><F81/><W125/><G125/><T103/><D71/><U119/><E35/><V69/><F53/><W3/><G97/><T9/><D108/><U30/><E119/><V124/><F93/><W100/><G100/><T8/><D118/><U58/><E23/><V65/><F69/><W99/><G99/><T55/><D127/><U32/><E32/><V27/><F27/><W59/><G3/><T115/><D115/><U83/><E84/><V13/><F124/><W11/><G0/><T22/><D34/><U111/><E111/><V60/><F60/><W131/><G131/><T14/><D78/><U102/><E102/><V135/><F135/><W105/><G105/><T47/><D47/><N who="1" m="25959" /><E56/><V123/><F123/><W132/><G132/><T75/><D75/><U45/><E45/><V110/><F110/><W33/><G33/><T52/><D55/><U121/><E121/><V38/><REACH who="2" step="1"/><F18/><REACH who="2" ten="144,247,445,154" step="2"/><W122/><G122/><T126/><D126/><U133/><E133/><V7/><F7/><W107/><G107/><T37/><D4/><U101/><E54/><V63/><F63/><W82/><G31/><N who="0" m="17847" /><D6/><U12/><E29/><V72/><F72/><W2/><G2/><T19/><D19/><U96/><E30/><V129/><F129/><W104/><G104/><T80/><D80/><U120/><E120/><V16/><F16/><W26/><G43/><T76/><D106/><N who="1" m="63783" /><E61/><V79/><F79/><RYUUKYOKU ba="2,1" sc="144,-30,247,10,445,10,154,10" hai1="12,17,20,58,83,85,91" hai2="13,15,38,39,41,42,44,46,64,65,67,88,92" hai3="10,11,21,26,28,48,49,59,62,66,77,82,87" /><INIT seed="2,3,1,0,3,29" ten="114,257,455,164" oya="2" hai0="101,128,121,60,65,89,73,74,77,68,134,26,39" hai1="131,8,38,23,43,106,35,87,47,54,63,59,123" hai2="17,102,75,114,69,117,12,108,50,14,127,25,81" hai3="67,16,79,56,99,78,84,34,122,70,126,36,105"/><V41/><F69/><W62/><G126/><T107/><D121/><U96/><E35/><V104/><F117/><W48/><G36/><T118/><D39/><U85/><E123/><V72/><F104/><W90/><G122/><T2/><D2/><U110/><E110/><V33/><F102/><W133/><G133/><T42/><D42/><U61/><E131/><V49/><F81/><W9/><G34/><T115/><D115/><U51/><E23/><V20/><F114/><W82/><G105/><T6/><D6/><U27/><E27/><V88/><F41/><W64/><G99/><N who="0" m="61887" /><D89/><U44/><E61/><V95/><F33/><W21/><G9/><T130/><D134/><U98/><E8/><V66/><F66/><W40/><G64/><T28/><D118/><U37/><E37/><V132/><F127/><W46/><REACH who="3" step="1"/><G70/><REACH who="3" ten="114,257,455,154" step="2"/><T3/><D3/><U4/><E98/><V119/><F132/><W91/><G91/><T83/><D73/><U58/><E96/><V22/><F88/><W1/><G1/><T129/><D26/><AGARI ba="3,2" hai="16,21,26,40,46,48,56,62,67,78,79,82,84,90" machi="26" ten="30,8000,1" yaku="1,1,7,1,8,1,54,1,53,1" doraHai="29" doraHaiUra="86" who="3" fromWho="0" sc="114,-89,257,0,455,0,154,109" /><INIT seed="3,0,0,2,1,84" ten="25,257,455,263" oya="3" hai0="82,21,45,32,20,37,100,29,0,131,124,91,133" hai1="12,49,31,18,118,6,102,130,93,15,83,116,63" hai2="59,89,62,41,134,114,110,58,7,33,43,86,81" hai3="64,117,19,39,111,68,90,78,10,16,75,125,112"/><W27/><G117/><N who="1" m="45162" /><E130/><V71/><F33/><W36/><G112/><T47/><D100/><U28/><E49/><V52/><F114/><W107/><G107/><T30/><D32/><U109/><E109/><V56/><F71/><W72/><G111/><T135/><D37/><U2/><E83/><V103/><F110/><W108/><G108/><T127/><D82/><U34/><E34/><V126/><F58/><W66/><G125/><T85/><D85/><U92/><E2/><V97/><F7/><W120/><G78/><T35/><D35/><U26/><E63/><V9/><F126/><W128/><G10/><T24/><D0/><U77/><E77/><V44/><F9/><W57/><G57/><T69/><D69/><U48/><E48/><V80/><F56/><W115/><G115/><T8/><D8/><N who="1" m="4119" /><E26/><V87/><F44/><W123/><G68/><T99/><D99/><N who="1" m="59751" /><E93/><N who="2" m="58799" /><F134/><W121/><G121/><T98/><D98/><U76/><E76/><AGARI ba="0,0" hai="41,43,52,59,62,76,80,81,86,87,89" m="58799" machi="76" ten="30,3900,0" yaku="8,1,52,1,54,1" doraHai="84" who="2" fromWho="1" sc="25,0,257,-39,455,39,263,0" owari="25,-47.5,218,-18.2,494,59.4,263,6.3" /></mjloggm>