<mjloggm ver="2.3"><GO type="225" lobby="0"/><UN n0="%28%EF%BF%A3%E2%96%BD%EF%BF%A3%29%CE%B4%E2%8C%92%E3%83%BB" n1="%E3%82%B7%E3%83%B3%E5%A4%AA%E6%9C%97" n2="%72%69%6F%75%63%68%61%6E" n3="%E5%A4%9C%E3%81%AE%E3%82%AC%E3%82%B9%E3%83%91%E3%83%BC%E3%83%AB" dan="16,16,16,17" rate="2207.63,2150.89,2171.70,2167.82" sx="M,M,M,M"/><TAIKYOKU oya="0"/><INIT seed="0,0,0,0,0,52" ten="250,250,250,250" oya="0" hai0="60,93,3,67,111,135,57,80,77,32,26,106,132" hai1="18,10,7,12,36,120,133,28,8,47,65,37,27" hai2="94,29,34,20,90,100,107,113,56,86,123,0,98" hai3="104,45,91,68,105,63,99,38,92,129,126,74,42"/><T5/><D106/><U127/><E133/><N who="0" m="51273" /><D111/><U75/><E127/><V109/><F123/><W134/><G126/><T87/><D93/><U76/><E120/><V40/><F113/><W71/><G134/><T35/><D26/><U50/><E65/><V46/><F109/><W79/><G129/><T41/><D41/><U110/><E110/><V61/><F0/><W23/><G104/><T4/><D3/><U83/><E10/><V55/><F34/><AGARI ba="0,0" hai="4,5,32,34,35,57,60,67,77,80,87" m="51273" machi="34" ten="30,2900,0" yaku="20,1,52,1" doraHai="52" who="0" fromWho="2" sc="250,29,250,0,250,-29,250,0" /><INIT seed="0,1,0,5,1,59" ten="279,250,221,250" oya="0" hai0="54,89,101,37,110,63,100,76,1,72,123,65,73" hai1="107,39,20,119,64,57,127,88,4,126,67,125,80" hai2="19,74,7,79,8,13,69,6,18,99,40,71,113" hai3="124,133,10,50,48,17,3,130,105,41,129,103,32"/><T31/><D1/><U122/><E119/><V97/><F113/><W121/><G32/><T14/><D37/><U47/><E122/><V93/><F40/><W25/><G121/><T15/><D123/><U108/><E108/><V58/><F99/><W29/><G124/><T86/><D31/><U66/><E107/><V68/><F18/><W35/><G133/><T52/><D110/><U49/><E4/><V51/><F79/><W23/><G103/><N who="0" m="39499" /><D76/><U78/><E20/><V109/><F74/><W114/><G105/><T12/><D73/><U16/><E39/><V84/><F84/><W91/><G114/><T5/><D72/><N who="1" m="43079" /><E16/><V106/><F106/><W45/><G91/><T87/><D5/><U104/><E104/><V53/><REACH who="2" step="1"/><F109/><REACH who="2" ten="279,250,211,250" step="2"/><W24/><G17/><T33/><D87/><U75/><E75/><V60/><F60/><W9/><G41/><T70/><D86/><U42/><E88/><AGARI ba="1,1" hai="6,7,8,13,19,51,53,58,68,69,71,88,93,97" machi="88" ten="40,2600,0" yaku="1,1,54,1,53,0" doraHai="59" doraHaiUra="77" who="2" fromWho="1" sc="279,0,250,-29,211,39,250,0" /><INIT seed="1,0,0,4,4,125" ten="279,221,250,250" oya="1" hai0="131,122,54,26,85,110,132,60,44,64,81,70,89" hai1="39,35,120,134,65,19,102,6,88,74,50,9,83" hai2="115,69,14,72,41,114,8,12,1,33,59,91,133" hai3="106,21,28,126,123,90,25,40,121,101,20,75,46"/><U37/><E120/><V73/><F69/><W49/><G75/><N who="2" m="28745" /><F33/><W38/><G126/><T87/><D110/><U15/><E134/><V32/><F32/><W18/><G101/><T31/><D132/><U98/><E35/><V107/><F107/><W67/><G106/><T0/><D0/><U13/><E65/><V36/><F133/><W77/><G77/><T53/><D122/><U51/><E37/><V117/><F117/><W82/><G67/><T62/><D62/><U95/><E39/><V7/><F59/><W10/><G10/><T124/><D44/><U112/><E112/><N who="2" m="43051" /><F91/><W61/><G61/><T4/><D4/><U34/><E34/><V63/><F63/><W2/><G38/><T23/><D124/><U96/><E74/><V52/><F52/><W119/><G119/><T129/><D87/><N who="1" m="50303" /><E98/><V45/><AGARI ba="0,0" hai="1,7,8,12,14,36,41,45" m="43051,28745" machi="45" ten="40,1500,0" yaku="11,1" doraHai="125" who="2" fromWho="2" sc="279,-4,221,-7,250,15,250,-4" /><INIT seed="2,0,0,4,3,125" ten="275,214,265,246" oya="2" hai0="94,46,3,101,97,107,114,65,58,92,135,50,63" hai1="49,39,66,74,120,88,53,68,56,21,95,41,117" hai2="11,116,121,33,29,82,110,118,128,45,14,55,122" hai3="43,78,73,81,79,23,126,133,90,103,52,109,57"/><V131/><F82/><W89/><G126/><T123/><D3/><U60/><E117/><N who="2" m="45163" /><F55/><W93/><G109/><T71/><D123/><N who="2" m="47114" /><F45/><W96/><G133/><T47/><D114/><U25/><E120/><V16/><F110/><W28/><G43/><T26/><D135/><U98/><E74/><V70/><F70/><W13/><G73/><T34/><D58/><U86/><E39/><V62/><F62/><N who="3" m="36135" /><G81/><T37/><D37/><U30/><REACH who="1" step="1"/><E41/><REACH who="1" ten="275,204,265,246" step="2"/><V102/><F102/><W113/><G113/><T75/><D75/><U112/><E112/><V48/><F48/><W119/><G119/><T83/><D50/><U80/><E80/><V105/><F105/><W22/><G103/><T87/><D94/><U44/><E44/><V132/><F132/><W134/><G134/><T77/><D92/><U15/><E15/><V0/><F0/><W42/><G42/><T54/><D54/><U12/><E12/><V72/><F72/><W1/><G1/><T69/><D47/><U76/><E76/><V18/><F18/><N who="3" m="10575" /><G90/><T7/><D46/><U8/><E8/><V51/><F51/><W99/><G79/><T104/><D104/><U106/><E106/><V9/><F11/><W85/><G78/><T111/><D111/><U67/><E67/><V2/><F2/><W32/><G93/><T4/><D107/><U115/><E115/><V40/><F40/><W130/><G89/><T36/><D77/><U61/><E61/><V27/><AGARI ba="0,1" hai="9,14,16,27,29,33,128,131" m="47114,45163" machi="27" ten="40,12000,1" yaku="34,2,52,2,54,1" doraHai="125" who="2" fromWho="2" sc="275,-40,204,-40,265,130,246,-40" /><INIT seed="2,1,0,2,2,15" ten="235,164,395,206" oya="2" hai0="68,109,46,22,102,43,18,62,17,31,40,37,104" hai1="84,12,28,0,78,53,50,57,47,100,121,24,98" hai2="135,118,59,65,38,64,25,34,30,75,13,70,116" hai3="56,63,61,134,95,125,128,19,81,88,23,79,83"/><V52/><F75/><W60/><G125/><T29/><D109/><U89/><E121/><V2/><F2/><W115/><G128/><T33/><D43/><U132/><E132/><V82/><F135/><W8/><G8/><T108/><D108/><U99/><E0/><V16/><F38/><W21/><G21/><T36/><D22/><U96/><E78/><V48/><F82/><N who="3" m="31243" /><G79/><T39/><D29/><U101/><E47/><V67/><REACH who="2" step="1"/><F70/><REACH who="2" ten="235,164,385,206" step="2"/><W86/><G134/><T113/><D39/><U73/><E73/><V107/><F107/><W58/><G115/><T103/><D37/><U110/><E110/><V105/><F105/><W51/><G51/><T32/><D113/><U74/><E74/><V92/><F92/><W26/><AGARI ba="1,1" hai="19,23,26,56,58,60,61,63,86,88,95" m="31243" machi="26" ten="30,4000,0" yaku="8,1,52,1,54,1" doraHai="15" who="3" fromWho="3" sc="235,-11,164,-11,385,-21,206,53" /><INIT seed="3,0,0,0,0,16" ten="224,153,364,259" oya="3" hai0="28,100,17,130,116,56,94,46,2,121,3,14,120" hai1="21,77,114,81,64,62,68,29,96,78,115,69,5" hai2="27,15,51,124,48,25,108,107,6,133,20,30,4" hai3="45,38,87,73,39,31,95,7,66,88,119,23,54"/><W102/><G119/><T111/><D116/><U12/><E68/><V117/><F108/><W122/><G122/><T50/><D111/><U75/><E78/><V36/><F117/><W11/><G73/><T86/><D130/><U32/><E5/><V93/><F107/><W109/><G109/><T99/><D28/><U84/><E84/><V91/><F36/><W90/><G66/><T13/><D13/><U61/><E61/><V63/><F124/><W118/><G102/><T53/><D3/><U127/><E127/><V47/><F133/><W0/><G118/><T35/><D2/><U57/><E57/><V82/><F82/><W101/><G101/><T33/><D33/><U131/><E131/><V72/><F72/><W10/><G10/><T19/><D19/><U79/><E79/><V67/><F25/><W110/><G110/><T126/><D35/><U112/><E12/><V58/><F15/><W59/><G45/><T41/><D86/><U123/><E21/><V106/><F106/><W97/><G23/><T26/><D26/><U49/><E49/><N who="2" m="19019" /><F47/><W43/><G31/><T103/><D126/><U22/><E22/><V83/><F83/><W24/><G24/><T104/><D14/><U65/><E65/><V55/><F67/><W18/><G39/><N who="0" m="21823" /><D17/><U129/><E129/><V42/><F42/><W37/><G43/><T98/><D121/><U1/><E1/><V9/><F9/><W85/><G18/><T44/><D120/><U134/><E123/><V76/><F76/><W80/><G85/><AGARI ba="0,0" hai="4,6,20,27,30,55,58,63,85,91,93" m="19019" machi="85" ten="30,2000,0" yaku="8,1,52,1" doraHai="16" who="2" fromWho="3" sc="224,0,153,0,364,20,259,-20" owari="224,-17.6,153,-34.7,384,48.4,239,3.9" /></mjloggm>