<mjloggm ver="2.3"><GO type="225" lobby="0"/><UN n0="%E9%80%9F%E6%B0%B4%E5%87%9B%E9%A6%99" n1="%48%61%61%61%6C%61%6E%64" n2="%33%74%72%65%65" n3="%E4%BF%BA%E3%81%A8%E5%A6%96%E5%A4%A2" dan="16,17,17,17" rate="2138.97,2154.65,2229.61,2231.51" sx="F,M,F,F"/><TAIKYOKU oya="0"/><INIT seed="0,0,0,3,1,85" ten="250,250,250,250" oya="0" hai0="41,81,8,72,111,55,103,102,0,119,130,71,97" hai1="58,48,109,108,22,87,52,82,117,28,116,54,69" hai2="12,46,122,124,15,34,29,76,49,64,11,16,1" hai3="113,17,57,33,105,31,63,91,135,94,120,47,44"/><T132/><D119/><U80/><E69/><V90/><F122/><W68/><G113/><T107/><D71/><U74/><E74/><V96/><F124/><W67/><G105/><T88/><D41/><U118/><E54/><V56/><F1/><W14/><G120/><T2/><D132/><U4/><E4/><V129/><F129/><W13/><G135/><T133/><D133/><U121/><E121/><V127/><F127/><W42/><G68/><T23/><D130/><U7/><E7/><V19/><F76/><W95/><G95/><T78/><D8/><U79/><REACH who="1" step="1"/><E80/><REACH who="1" ten="250,240,250,250" step="2"/><V98/><F64/><W45/><G42/><T21/><D111/><U131/><E131/><V9/><F56/><W43/><G43/><T126/><D126/><U35/><E35/><V38/><F38/><W25/><REACH who="3" step="1"/><G17/><REACH who="3" ten="250,240,250,240" step="2"/><T53/><D53/><U75/><E75/><V100/><F16/><W83/><G83/><T86/><D55/><U70/><E70/><V128/><F19/><W106/><G106/><T20/><REACH who="0" step="1"/><D102/><REACH who="0" ten="240,240,250,240" step="2"/><U6/><E6/><V112/><F100/><W123/><G123/><T77/><D77/><U32/><E32/><V27/><F34/><W3/><G3/><T60/><D60/><U125/><E125/><V24/><F128/><W30/><G30/><T104/><D104/><U115/><E115/><V18/><F29/><W36/><G36/><T84/><D84/><AGARI ba="0,3" hai="13,14,25,31,33,44,45,47,57,63,67,84,91,94" machi="84" ten="40,5200,0" yaku="1,1,52,1,53,1" doraHai="85" doraHaiUra="26" who="3" fromWho="0" sc="240,-52,240,0,250,0,240,82" /><INIT seed="1,0,0,4,2,117" ten="188,240,250,322" oya="1" hai0="79,82,106,126,77,63,1,37,33,69,61,43,68" hai1="9,19,115,41,28,16,108,39,21,66,101,18,125" hai2="127,88,85,5,15,20,111,80,54,134,96,90,76" hai3="103,130,99,27,52,29,75,94,51,2,86,62,102"/><U118/><E118/><V121/><F111/><W67/><G75/><T53/><D106/><U95/><E115/><V49/><F134/><W7/><G130/><T131/><D1/><U116/><E116/><V12/><F127/><W46/><G2/><T119/><D33/><U6/><E125/><V129/><F129/><W135/><G7/><T58/><D126/><U107/><E107/><V31/><F121/><W70/><G135/><T35/><D119/><U48/><E39/><V128/><F128/><W64/><G64/><T71/><D35/><U17/><E66/><V100/><F5/><W24/><G86/><T38/><D82/><U132/><E28/><V109/><F109/><W59/><G102/><T57/><D79/><U93/><E108/><V114/><F114/><W0/><G0/><T26/><D26/><U34/><E34/><V44/><F15/><W78/><G78/><T36/><D77/><U4/><E132/><V14/><F14/><W98/><G98/><T65/><D131/><U97/><E95/><N who="2" m="58399" /><F31/><W11/><G11/><T30/><D30/><U123/><E9/><V8/><F8/><W10/><G10/><T110/><D110/><U105/><E105/><V120/><F120/><W40/><REACH who="3" step="1"/><G29/><REACH who="3" ten="188,240,250,312" step="2"/><T113/><D113/><U60/><E4/><V25/><F25/><W22/><G22/><T83/><D83/><U13/><E6/><V122/><F122/><W50/><AGARI ba="0,1" hai="24,27,40,46,50,51,52,59,62,67,70,94,99,103" machi="50" ten="20,5200,0" yaku="1,1,0,1,7,1,54,1,53,0" doraHai="117" doraHaiUra="74" who="3" fromWho="3" sc="188,-13,240,-26,250,-13,312,62" /><INIT seed="2,0,0,0,5,4" ten="175,214,237,374" oya="2" hai0="8,93,101,81,63,60,55,98,72,89,109,35,39" hai1="76,38,25,49,115,28,69,36,107,53,124,64,59" hai2="84,108,94,19,90,133,52,45,31,44,40,83,75" hai3="102,62,96,113,77,116,16,21,22,121,50,134,110"/><V100/><F133/><W97/><G116/><T27/><D39/><U0/><E115/><V46/><F108/><W65/><G121/><T57/><D109/><U30/><E124/><V112/><F112/><W37/><G37/><T20/><D35/><U85/><E0/><V10/><F31/><W34/><G34/><T78/><D63/><U86/><E107/><V33/><F33/><W18/><G77/><T129/><D129/><U117/><E117/><V61/><F40/><W1/><G1/><T122/><D122/><U66/><E30/><V106/><F106/><W54/><G134/><T82/><D82/><U128/><E128/><V88/><F100/><W23/><G110/><T17/><D101/><U3/><E3/><V29/><F29/><W11/><G97/><T12/><REACH who="0" step="1"/><D12/><REACH who="0" ten="165,214,237,374" step="2"/><U123/><E123/><V103/><F103/><W48/><G62/><T73/><D73/><U132/><E132/><V2/><F75/><W135/><G135/><T79/><D79/><U56/><E38/><V24/><F2/><W99/><G102/><T114/><D114/><U14/><E36/><V41/><F41/><W42/><G42/><T67/><D67/><U126/><E66/><V130/><F130/><W104/><G65/><T32/><D32/><N who="1" m="20495" /><E76/><V111/><F111/><W13/><G113/><T91/><D91/><U47/><E14/><N who="2" m="7639" /><F24/><W120/><G120/><T26/><D26/><U105/><E105/><V131/><F131/><W127/><G104/><T118/><D118/><U6/><E64/><V43/><F43/><W125/><G125/><T5/><D5/><U119/><E6/><RYUUKYOKU ba="0,1" sc="165,30,214,-10,237,-10,374,-10" hai0="8,17,20,27,55,57,60,72,78,81,89,93,98" /><INIT seed="3,1,1,5,3,32" ten="195,204,227,364" oya="3" hai0="71,28,29,7,88,19,94,124,4,3,34,73,80" hai1="98,104,116,60,2,37,52,25,109,36,76,10,126" hai2="20,26,23,117,30,54,90,63,134,53,8,119,55" hai3="91,99,39,72,127,15,89,64,108,59,33,75,114"/><W118/><G114/><T16/><D71/><U40/><E109/><V44/><F134/><W13/><G118/><T133/><D133/><U68/><E116/><V92/><F117/><W107/><G33/><T66/><D124/><U58/><E126/><V31/><F119/><W101/><G39/><T46/><D3/><U93/><E104/><V122/><F122/><W17/><G13/><T12/><D34/><U115/><E115/><V6/><F44/><W132/><G108/><T50/><D66/><U67/><E76/><V112/><F112/><W18/><G18/><N who="0" m="6699" /><D80/><U102/><E25/><N who="2" m="16679" /><F63/><W120/><G120/><T86/><D73/><U47/><E37/><V43/><F43/><W79/><G132/><T106/><D106/><U24/><E24/><V57/><F57/><W110/><G110/><T85/><D85/><U103/><E10/><V61/><F61/><W0/><G0/><T95/><D95/><U65/><E2/><V69/><F69/><W128/><G127/><T49/><D49/><N who="1" m="30991" /><E67/><V22/><F22/><W129/><G75/><T56/><D56/><U38/><E38/><V14/><F92/><W9/><G59/><T78/><D78/><U83/><E83/><V131/><F131/><N who="3" m="50251" /><G64/><T130/><D130/><U135/><E135/><V70/><F70/><W21/><G21/><T105/><D105/><U81/><E81/><AGARI ba="1,1" hai="9,15,17,72,79,81,89,91,99,101,107" m="50251" machi="81" ten="30,1500,0" yaku="19,1" doraHai="32" who="3" fromWho="1" sc="195,0,204,-18,227,0,364,28" owari="195,-20.5,186,-31.4,227,2.7,392,49.2" /></mjloggm>