<mjloggm ver="2.3"><GO type="225" lobby="0"/><UN n0="%72%69%6F%75%63%68%61%6E" n1="%6E%69%63%6F%6E%74%6F" n2="%E3%81%82%E3%83%BC%E3%81%97" n3="%E3%81%8F%E3%81%BE%E3%81%96%E3%82%8F" dan="17,17,16,16" rate="2305.36,2170.72,2087.23,2060.65" sx="M,M,M,M"/><TAIKYOKU oya="0"/><INIT seed="0,0,0,2,1,38" ten="250,250,250,250" oya="0" hai0="128,100,36,96,81,86,103,16,120,124,60,45,52" hai1="59,132,46,125,26,15,6,94,47,119,118,87,21" hai2="25,126,83,50,69,97,48,68,92,70,113,73,13" hai3="79,8,99,77,35,116,53,31,4,101,111,34,66"/><T11/><D120/><U71/><E71/><V1/><F1/><W56/><G116/><T134/><D128/><U32/><E125/><V64/><F113/><W131/><G111/><T23/><D124/><U121/><E121/><V18/><F25/><W39/><G39/><T104/><D134/><U80/><E132/><V17/><F64/><W57/><G131/><T24/><D103/><U7/><E94/><V27/><F27/><W90/><G90/><T2/><D36/><U112/><E112/><V67/><F67/><W114/><G114/><T19/><D2/><U123/><E123/><V122/><F18/><W62/><G79/><T0/><D0/><U93/><E93/><V42/><F126/><W117/><G77/><T33/><D33/><U10/><E32/><V129/><F129/><W133/><G31/><T89/><D60/><U5/><E59/><V98/><F50/><W102/><G117/><T88/><D89/><N who="1" m="51431" /><E119/><V14/><F122/><W51/><G133/><T105/><D104/><U108/><E108/><V84/><F73/><W75/><G75/><T37/><D37/><U44/><E118/><V107/><F92/><N who="3" m="58599" /><G102/><T63/><D63/><U41/><E41/><V12/><F17/><AGARI ba="0,0" hai="5,6,7,10,15,17,21,26,44,46,47" m="51431" machi="17" ten="30,1000,0" yaku="8,1" doraHai="38" who="1" fromWho="2" sc="250,0,250,10,250,-10,250,0" /><INIT seed="1,0,0,4,3,112" ten="250,260,240,250" oya="1" hai0="107,114,89,130,73,58,76,62,10,93,71,99,91" hai1="110,28,82,74,133,125,32,44,0,59,26,29,118" hai2="124,50,132,78,103,25,51,4,122,88,92,37,12" hai3="21,34,115,23,116,24,30,134,105,63,96,52,102"/><U123/><E118/><V15/><F122/><W48/><G115/><T135/><D130/><U95/><E123/><V31/><F37/><W45/><G134/><T121/><D135/><U97/><E133/><V108/><F132/><W40/><G116/><T70/><D114/><U98/><E0/><V72/><F108/><W83/><G83/><T53/><D121/><U2/><E2/><V5/><F72/><W18/><G18/><T19/><D107/><U131/><E131/><V67/><F67/><W54/><G54/><T119/><D119/><U55/><E110/><V7/><F78/><W109/><G109/><T64/><D91/><U77/><E125/><V127/><F103/><W47/><REACH who="3" step="1"/><G63/><REACH who="3" ten="250,260,240,240" step="2"/><T117/><D117/><U113/><E113/><V101/><F127/><W104/><G104/><T3/><D53/><U36/><E29/><V56/><F124/><W27/><G27/><T33/><D19/><U20/><E95/><V66/><F25/><W126/><G126/><T11/><D93/><U8/><E8/><V100/><F31/><W22/><G22/><T41/><D11/><U60/><E20/><V57/><F101/><W86/><G86/><T35/><D35/><U87/><E87/><N who="2" m="52255" /><F100/><W75/><G75/><T128/><D33/><U1/><E1/><V94/><F94/><W68/><G68/><T111/><D111/><U85/><E74/><V42/><F57/><W90/><G90/><T14/><D89/><U6/><E6/><V80/><F80/><W38/><AGARI ba="0,1" hai="21,23,24,30,34,38,40,45,47,48,52,96,102,105" machi="38" ten="20,8000,1" yaku="1,1,0,1,7,1,54,1,53,1" doraHai="112" doraHaiUra="46" who="3" fromWho="3" sc="250,-20,260,-40,240,-20,240,90" /><INIT seed="2,0,0,0,0,135" ten="230,220,220,330" oya="2" hai0="23,131,113,111,59,87,120,81,2,56,123,18,83" hai1="8,35,9,0,63,27,21,46,112,42,97,58,89" hai2="79,65,52,117,91,57,61,12,132,29,99,50,127" hai3="86,134,121,33,69,64,19,70,110,80,48,34,108"/><V107/><F117/><W39/><G39/><T40/><D113/><U5/><E112/><V26/><F132/><W101/><G134/><T10/><D111/><N who="3" m="42537" /><G121/><T67/><D131/><U31/><E97/><V6/><F127/><W125/><G101/><T16/><D40/><U94/><E94/><V90/><F79/><W24/><G48/><T15/><D81/><U73/><E89/><V126/><F126/><W20/><G125/><T129/><D129/><U28/><E73/><V103/><F12/><W49/><G49/><T60/><D56/><U84/><E84/><V130/><F6/><W85/><G85/><T128/><D128/><U43/><E46/><V17/><F17/><W74/><G74/><T45/><D45/><U38/><E9/><V114/><F114/><W54/><G54/><T66/><D67/><U36/><E36/><V106/><F106/><W1/><G1/><T11/><D2/><U100/><E100/><V109/><F109/><W102/><G102/><T44/><D44/><U68/><E68/><N who="3" m="26218" /><G64/><T93/><D93/><U82/><E38/><V3/><F3/><W51/><G51/><T96/><D96/><U4/><E82/><V124/><F124/><W53/><G53/><T22/><D123/><U75/><E75/><V14/><F14/><W25/><G24/><N who="0" m="14407" /><D120/><U55/><E5/><V77/><F77/><AGARI ba="0,0" hai="19,20,25,33,34,77,80,86" m="26218,42537" machi="77" ten="30,1000,0" yaku="14,1" doraHai="135" who="3" fromWho="2" sc="230,0,220,0,220,-10,330,10" /><AGARI ba="0,0" hai="10,11,15,18,23,59,60,66,77,83,87" m="14407" machi="77" ten="30,2000,0" yaku="8,1,54,1" doraHai="135" who="0" fromWho="2" sc="230,20,220,0,210,-20,340,0" /><INIT seed="3,0,0,2,2,19" ten="250,220,190,340" oya="3" hai0="5,90,110,12,92,81,82,73,45,125,118,78,14" hai1="64,128,13,24,27,74,126,32,30,115,116,120,23" hai2="57,8,130,48,11,87,106,101,59,107,111,124,43" hai3="50,133,1,135,114,119,89,103,72,66,112,46,26"/><W127/><G119/><T109/><D125/><U38/><E74/><V47/><F124/><W63/><G127/><T7/><D118/><U37/><E38/><V25/><F111/><N who="0" m="42506" /><D81/><U40/><E40/><V83/><F130/><W134/><G1/><T91/><D45/><U56/><E37/><V131/><F131/><W79/><G103/><T0/><D90/><U84/><E84/><V58/><F101/><W122/><G89/><T80/><D82/><U52/><E64/><V44/><F44/><W42/><G79/><T69/><D69/><U49/><E126/><V39/><F39/><W3/><G3/><T117/><D117/><U132/><E116/><V9/><REACH who="2" step="1"/><F25/><REACH who="2" ten="250,220,180,340" step="2"/><W123/><G135/><T70/><D70/><U100/><E132/><V86/><F86/><W62/><G134/><T15/><D0/><U99/><E128/><V75/><F75/><W102/><G72/><T67/><D67/><U51/><E27/><V54/><F54/><W94/><G66/><T41/><D41/><U93/><E52/><V20/><F20/><W17/><G133/><T53/><D53/><U71/><E24/><V10/><N who="2" m="2048" /><DORA hai="36" /><V65/><F65/><W129/><G129/><T104/><D14/><U34/><E100/><V60/><F60/><W105/><G42/><T21/><D12/><U16/><E13/><V77/><AGARI ba="0,1" hai="43,47,48,57,58,59,77,83,87,106,107" m="2048" machi="77" ten="50,6400,0" yaku="1,1,0,1,52,1,53,0" doraHai="19,36" doraHaiUra="98,28" who="2" fromWho="2" sc="250,-16,220,-16,180,74,340,-32" owari="234,-16.6,204,-29.6,254,5.4,308,40.8" /></mjloggm>