<mjloggm ver="2.3"><GO type="225" lobby="0"/><UN n0="%72%69%6F%75%63%68%61%6E" n1="%38%63%E3%81%AF%E3%81%A3%E3%81%97%E3%83%BC" n2="%E7%89%B9%E6%9D%B1%E3%81%AF%E4%B8%96%E7%95%8C%E3%82%92%E6%95%91%E3%81%86" n3="%6D%75%75%6D%75%72%61" dan="17,16,16,17" rate="2261.49,2131.22,2141.47,2178.09" sx="M,M,M,F"/><TAIKYOKU oya="0"/><INIT seed="0,0,0,4,5,14" ten="250,250,250,250" oya="0" hai0="100,43,135,38,92,5,103,58,134,19,29,41,97" hai1="62,46,6,117,22,96,26,127,129,67,28,83,27" hai2="102,59,94,116,122,23,110,107,57,56,93,82,8" hai3="99,106,11,131,18,65,40,48,32,64,74,2,9"/><T0/><D29/><U63/><E117/><V112/><F112/><W1/><G74/><T53/><D103/><U120/><E120/><V13/><F122/><W31/><G131/><T34/><D34/><U111/><E129/><V114/><F114/><W52/><G40/><T98/><D98/><U115/><E115/><V81/><F110/><W49/><G49/><T119/><D119/><U37/><E111/><V71/><F71/><W76/><G76/><T7/><D0/><U35/><E6/><N who="0" m="2057" /><D38/><U54/><E127/><V118/><F107/><W55/><G106/><T113/><D113/><U90/><E37/><V3/><F3/><W128/><G128/><T85/><D85/><U101/><E101/><V39/><F39/><W16/><G48/><N who="0" m="31015" /><D19/><U45/><E96/><V87/><F118/><W15/><G99/><T78/><D78/><U109/><E35/><V33/><F33/><W61/><G32/><T47/><D47/><U17/><E28/><V36/><F36/><W130/><G130/><T124/><D124/><U121/><E121/><V51/><F102/><W88/><G31/><T133/><AGARI ba="0,0" hai="41,43,92,97,100,133,134,135" m="31015,2057" machi="133" ten="40,2100,0" yaku="20,1" doraHai="14" who="0" fromWho="0" sc="250,21,250,-7,250,-7,250,-7" /><INIT seed="0,1,0,2,5,62" ten="271,243,243,243" oya="0" hai0="93,110,43,100,108,67,1,72,107,60,130,98,17" hai1="0,41,125,83,111,27,20,59,71,31,63,128,12" hai2="54,3,117,16,118,101,74,129,70,58,28,32,77" hai3="106,57,105,56,75,115,35,15,26,52,78,55,47"/><T87/><D130/><U79/><E0/><V65/><F3/><W51/><G115/><T82/><D1/><U24/><E128/><V2/><F2/><W11/><G75/><T92/><D43/><U81/><E111/><N who="0" m="42537" /><D17/><U90/><E71/><V119/><F129/><W123/><G78/><N who="0" m="46551" /><D72/><U21/><E125/><V124/><F124/><W97/><G123/><T14/><D14/><U48/><E12/><V94/><F16/><W38/><G38/><T91/><D91/><U121/><E90/><V50/><F74/><W23/><G35/><T104/><D92/><U45/><E79/><V86/><F77/><W53/><G105/><T7/><D7/><U66/><REACH who="1" step="1"/><E121/><REACH who="1" ten="271,233,243,243" step="2"/><V109/><F109/><W99/><G15/><T33/><D33/><U134/><E134/><V49/><F32/><W13/><G13/><T112/><D112/><U36/><E36/><V39/><F39/><W103/><G11/><T34/><D34/><U61/><E61/><V37/><F37/><W132/><G132/><T19/><D19/><AGARI ba="1,1" hai="19,20,21,24,27,31,41,45,48,59,63,66,81,83" machi="19" ten="30,7700,0" yaku="1,1,7,1,8,1,52,1,53,0" doraHai="62" doraHaiUra="131" who="1" fromWho="0" sc="271,-80,233,90,243,0,243,0" /><INIT seed="1,0,0,4,0,97" ten="191,323,243,243" oya="1" hai0="42,75,133,52,36,4,54,79,116,115,130,56,0" hai1="92,16,124,49,91,77,72,70,88,132,53,40,15" hai2="71,68,11,104,66,120,34,59,110,109,60,32,82" hai3="5,46,47,18,21,35,63,135,125,45,33,22,84"/><U10/><E70/><N who="2" m="26667" /><F120/><W118/><G135/><T85/><D115/><U55/><E132/><V3/><F82/><W31/><G125/><T99/><D133/><U8/><E124/><V39/><F39/><W67/><G118/><T94/><D116/><U78/><E40/><V114/><F114/><W57/><G5/><T7/><D130/><U76/><E72/><V108/><F104/><W2/><G2/><T19/><D85/><U93/><E8/><V24/><F24/><W86/><G31/><T129/><D129/><U58/><E55/><V127/><F127/><W113/><G113/><T43/><D19/><U37/><E37/><V9/><F3/><W1/><G1/><T29/><D29/><U17/><E17/><V81/><F81/><W123/><G123/><T96/><D0/><U50/><E50/><V121/><F121/><W44/><N who="3" m="11264" /><DORA hai="100" /><W80/><G86/><T38/><D94/><AGARI ba="0,0" hai="10,15,16,49,53,58,76,77,78,88,91,92,93,94" machi="94" ten="40,7700,0" yaku="8,1,54,2" doraHai="97,100" who="1" fromWho="0" sc="191,-77,323,77,243,0,243,0" /><INIT seed="1,1,0,2,4,41" ten="114,400,243,243" oya="1" hai0="112,130,123,135,49,54,84,18,124,92,79,65,73" hai1="131,91,23,26,103,59,4,50,117,114,29,21,33" hai2="97,1,109,82,81,93,133,72,34,61,56,76,104" hai3="6,118,19,116,98,113,0,5,44,46,80,28,48"/><U40/><E117/><N who="3" m="45162" /><G113/><T57/><D124/><U7/><E114/><V106/><F1/><W101/><G28/><T110/><D110/><U68/><E68/><V2/><F2/><W39/><G19/><T55/><D130/><U3/><E131/><V126/><F34/><W115/><G115/><T51/><D135/><U24/><E103/><V47/><F109/><W32/><G32/><T100/><D112/><U60/><E3/><V31/><F31/><W15/><G15/><T120/><D65/><U99/><E33/><V20/><F126/><W85/><G39/><T105/><D105/><U90/><E4/><N who="3" m="1642" /><G48/><T71/><D71/><U108/><E7/><V125/><F133/><W102/><G0/><T127/><D127/><U121/><E121/><V111/><F20/><W77/><G102/><T107/><D107/><AGARI ba="1,0" hai="44,46,77,80,85,98,101,107" m="1642,45162" machi="107" ten="30,3900,0" yaku="12,1,52,2" doraHai="41" who="3" fromWho="0" sc="114,-42,400,0,243,0,243,42" /><INIT seed="2,0,0,3,0,70" ten="72,400,243,285" oya="2" hai0="69,88,89,25,85,5,129,124,37,79,50,0,57" hai1="9,47,38,128,53,116,75,41,99,111,46,18,135" hai2="131,26,63,97,106,24,126,27,110,4,90,20,13" hai3="15,7,8,32,77,3,93,58,91,23,10,44,125"/><V82/><F131/><W17/><G125/><T134/><D129/><U104/><E128/><V118/><F118/><W56/><G32/><T103/><D134/><U55/><E75/><V36/><F126/><W102/><G77/><T127/><D69/><U60/><E116/><V43/><F110/><W31/><G102/><T14/><D0/><U59/><E135/><V1/><F1/><W67/><G67/><T30/><D127/><U33/><E33/><V115/><F115/><W112/><G112/><T132/><D132/><U52/><E111/><V113/><F113/><W109/><G109/><T68/><D68/><U94/><E104/><V130/><F63/><W95/><G44/><T28/><D124/><U100/><REACH who="1" step="1"/><E47/><REACH who="1" ten="72,390,243,285" step="2"/><V84/><F130/><W123/><G123/><T16/><D37/><U64/><E64/><V98/><F106/><W72/><G72/><T22/><D103/><U105/><E105/><V92/><F36/><W107/><G107/><T54/><D5/><U73/><E73/><V39/><F39/><W61/><G7/><T11/><REACH who="0" step="1"/><D30/><REACH who="0" ten="62,390,243,285" step="2"/><U108/><E108/><V76/><F4/><W119/><G31/><T65/><D65/><U80/><E80/><AGARI ba="0,2" hai="11,14,16,22,25,28,50,54,57,79,80,85,88,89" machi="80" ten="40,8000,1" yaku="1,1,8,1,54,2,53,1" doraHai="70" doraHaiUra="74" who="0" fromWho="1" sc="62,100,390,-80,243,0,285,0" /><INIT seed="3,0,0,1,1,117" ten="162,310,243,285" oya="3" hai0="102,37,7,104,53,63,72,15,56,54,78,123,58" hai1="30,103,110,8,97,86,90,21,130,99,4,25,80" hai2="107,64,120,6,52,27,114,33,124,3,16,109,43" hai3="28,77,66,32,45,23,83,96,35,95,51,31,74"/><W36/><G36/><T34/><D34/><U134/><E110/><V116/><F114/><W113/><G113/><T75/><D37/><U26/><E134/><V135/><F107/><W57/><G32/><T79/><D104/><U24/><E130/><V112/><F112/><W125/><G35/><T42/><D102/><U121/><E121/><V5/><F135/><W122/><G122/><T18/><D7/><U76/><E76/><V67/><F116/><W71/><G71/><T1/><D1/><U22/><E103/><V118/><F118/><W69/><G69/><T20/><D42/><U84/><E84/><V133/><F133/><W92/><G125/><T60/><D78/><U93/><E80/><V38/><F109/><W91/><G23/><T50/><D79/><U41/><E41/><V2/><F124/><W87/><G57/><T131/><D131/><U106/><E25/><V14/><F52/><W49/><G49/><T108/><D108/><U59/><E59/><V13/><F14/><W47/><G47/><T129/><D129/><U19/><E106/><V46/><F6/><W55/><REACH who="3" step="1"/><G66/><REACH who="3" ten="162,310,243,275" step="2"/><T10/><D123/><U89/><E89/><AGARI ba="0,1" hai="28,31,45,51,55,74,77,83,87,89,91,92,95,96" machi="89" ten="30,5800,0" yaku="1,1,2,1,7,1,53,0" doraHai="117" doraHaiUra="39" who="3" fromWho="1" sc="162,0,310,-58,243,0,275,68" owari="162,-33.8,252,5.2,243,-15.7,343,44.3" /></mjloggm>