<mjloggm ver="2.3"><GO type="225" lobby="0"/><UN n0="%E3%81%BF%E3%81%BF%E3%81%9A" n1="%E3%81%8B%E3%82%8F%E3%81%A1%E3%82%83%E3%82%93%35%38" n2="%72%61%6B%33" n3="%E3%83%AB%E3%83%9B%E3%83%B3%E3%83%87%E3%82%A3%E3%82%A8" dan="16,16,16,17" rate="2174.57,2141.32,2043.85,2172.27" sx="M,M,M,M"/><TAIKYOKU oya="0"/><INIT seed="0,0,0,4,5,41" ten="250,250,250,250" oya="0" hai0="40,47,107,75,68,4,49,69,46,122,91,134,73" hai1="104,17,20,29,132,79,95,25,10,123,108,82,56" hai2="124,83,33,34,50,64,12,21,77,81,70,65,99" hai3="94,117,131,74,89,57,42,36,126,109,30,14,90"/><T38/><D122/><U2/><E104/><V78/><F99/><W3/><G90/><T9/><D107/><U106/><E106/><V92/><F92/><W71/><G89/><T125/><D125/><U11/><E123/><V110/><F124/><W102/><G14/><T61/><D134/><U100/><E132/><V45/><F110/><W98/><G30/><T18/><D18/><U55/><E108/><V43/><F70/><W26/><G26/><T111/><D111/><U114/><E114/><V53/><F33/><W32/><G57/><T0/><D91/><U80/><E2/><V129/><F34/><W27/><G27/><T31/><D31/><U115/><E115/><V93/><F93/><W103/><G42/><T22/><D22/><U5/><E5/><V101/><F101/><W76/><G76/><T96/><D96/><N who="1" m="59423" /><E79/><V35/><F35/><W97/><G94/><T84/><D84/><U63/><E29/><V8/><F21/><W51/><G98/><T116/><D116/><U54/><E55/><V1/><F1/><W7/><G97/><T127/><D127/><U130/><E130/><V58/><F129/><W6/><G102/><T120/><D120/><U39/><E39/><V72/><F78/><W28/><G103/><T86/><D86/><U13/><E25/><V128/><F128/><W87/><G131/><T66/><D69/><U105/><E105/><V88/><F88/><W52/><G126/><T24/><D24/><U133/><E133/><V62/><F83/><AGARI ba="0,0" hai="10,11,13,17,20,54,56,63,80,82,83" m="59423" machi="83" ten="30,1000,0" yaku="8,1" doraHai="41" who="1" fromWho="2" sc="250,0,250,10,250,-10,250,0" /><INIT seed="1,0,0,2,5,131" ten="250,260,240,250" oya="1" hai0="35,58,64,132,4,56,53,54,21,46,42,2,22" hai1="49,74,69,114,121,13,111,106,103,125,19,45,36" hai2="119,113,65,123,81,60,126,16,89,134,5,105,14" hai3="120,41,51,91,40,92,9,115,133,100,109,79,6"/><U84/><E114/><V127/><F119/><W129/><G120/><T71/><D35/><U0/><E0/><V85/><F123/><W102/><G115/><T128/><D2/><U98/><E74/><V130/><F113/><W43/><G109/><T31/><D4/><U30/><E121/><V47/><F130/><W61/><G79/><T72/><D72/><U66/><E36/><V80/><F105/><W38/><G38/><N who="0" m="21847" /><D31/><U110/><E30/><V52/><F5/><W108/><G108/><T94/><D94/><U11/><E125/><V93/><F134/><W96/><G129/><T67/><D128/><U33/><E33/><V112/><F112/><W57/><G51/><N who="0" m="30783" /><D21/><U24/><E24/><V82/><F47/><W18/><G18/><T50/><D22/><U95/><E66/><N who="0" m="25129" /><D132/><U3/><E3/><V59/><REACH who="2" step="1"/><F65/><REACH who="2" ten="250,260,230,250" step="2"/><N who="3" m="39087" /><G133/><T70/><AGARI ba="0,1" hai="50,54,58,70,71" m="25129,30783,21847" machi="70" ten="30,8000,1" yaku="35,5" doraHai="131" who="0" fromWho="0" sc="250,90,260,-40,230,-20,250,-20" /><INIT seed="2,0,0,0,4,50" ten="340,220,210,230" oya="2" hai0="132,86,58,82,101,78,30,100,79,65,54,47,22" hai1="90,35,59,1,85,129,4,61,42,105,16,76,5" hai2="106,108,113,49,52,116,10,70,60,13,44,38,19" hai3="2,102,36,123,95,68,80,81,131,89,48,119,29"/><V3/><F113/><W104/><G36/><T15/><D132/><U133/><E35/><V9/><F116/><W26/><G2/><T120/><D120/><U32/><E32/><V109/><F106/><W75/><G68/><T41/><D65/><U33/><E33/><V124/><F124/><W98/><G123/><T103/><D79/><U99/><E1/><V28/><F28/><W118/><G26/><T51/><D30/><U127/><E127/><V91/><F38/><W17/><G17/><N who="0" m="10559" /><D58/><U130/><E133/><V122/><F122/><W128/><G48/><T31/><D31/><U71/><E71/><V72/><F72/><W57/><G57/><T93/><D93/><U94/><E105/><V12/><F3/><W67/><G67/><T45/><D45/><U24/><E59/><V8/><F91/><W96/><G29/><T107/><D107/><U18/><E24/><V135/><F135/><W7/><G7/><T23/><D23/><U6/><E18/><V0/><F0/><W11/><G11/><T34/><D34/><U14/><E16/><V56/><F70/><W62/><G62/><T53/><AGARI ba="0,0" hai="41,47,51,53,54,78,82,86,100,101,103" m="10559" machi="53" ten="30,4000,0" yaku="8,1,52,2" doraHai="50" who="0" fromWho="0" sc="340,40,220,-10,210,-20,230,-10" /><INIT seed="3,0,0,5,2,97" ten="380,210,190,220" oya="3" hai0="87,81,91,96,88,11,50,56,55,51,15,4,111" hai1="49,39,52,129,131,130,82,42,10,31,59,80,13" hai2="107,104,76,68,67,99,133,66,113,5,118,72,7" hai3="75,47,90,79,120,103,116,48,21,23,45,46,119"/><W100/><G120/><T115/><D111/><U117/><E117/><V58/><F118/><W70/><G70/><T62/><D115/><U124/><E124/><V2/><F113/><W34/><G34/><T16/><D4/><N who="1" m="3271" /><E31/><V77/><F68/><W24/><G75/><T122/><D122/><U106/><E106/><N who="2" m="40491" /><F99/><W27/><G79/><N who="2" m="30281" /><F72/><W60/><G60/><T53/><D53/><U112/><E112/><V28/><F28/><N who="3" m="17423" /><G116/><T14/><D14/><U101/><E101/><N who="3" m="38986" /><G90/><T69/><D69/><U94/><E94/><AGARI ba="0,0" hai="11,15,16,50,51,55,56,62,81,87,88,91,94,96" machi="94" ten="40,5200,0" yaku="8,1,54,2" doraHai="97" who="0" fromWho="1" sc="380,52,210,-52,190,0,220,0" owari="432,53.2,158,-34.2,190,-21.0,220,2.0" /></mjloggm>