<mjloggm ver="2.3"><GO type="225" lobby="0"/><UN n0="%E3%81%95%E3%81%8D%E3%81%9F%E3%81%BE%E6%9E%97%E6%AA%8E" n1="%72%65%6E%6B%75%6E" n2="%E3%82%A2%E3%83%A1%E3%82%A2%E3%83%A9%E3%83%AC" n3="%6B%75%7A%75%6E" dan="16,17,16,17" rate="2061.04,2275.55,2091.08,2199.78" sx="M,M,M,M"/><TAIKYOKU oya="0"/><INIT seed="0,0,0,5,2,12" ten="250,250,250,250" oya="0" hai0="59,128,53,114,121,35,15,8,68,117,28,20,44" hai1="47,81,43,123,122,82,57,26,75,61,30,58,40" hai2="11,85,118,133,17,49,37,73,106,52,55,105,66" hai3="125,27,56,79,71,2,19,94,9,95,7,119,50"/><T10/><D114/><U113/><E113/><V107/><F133/><W86/><G119/><T51/><D117/><U124/><E124/><V54/><F73/><W42/><G71/><T129/><D68/><U132/><E132/><V120/><F37/><W78/><G125/><T69/><D69/><U91/><E75/><V112/><F120/><W84/><G42/><T31/><D35/><U65/><E57/><V41/><F112/><W116/><G116/><T22/><D121/><U76/><E91/><V109/><F109/><W45/><G56/><T34/><D34/><U135/><E43/><V14/><F118/><W38/><G38/><T80/><D10/><U88/><E81/><V98/><F66/><W89/><G94/><T126/><D126/><U33/><E135/><V127/><F127/><W67/><G86/><T96/><D96/><U97/><E76/><V104/><F85/><W6/><G6/><T87/><D59/><U90/><E90/><V108/><F108/><W77/><G67/><T72/><D72/><U134/><E134/><V25/><F25/><W39/><G39/><T13/><D13/><U16/><E82/><V92/><N who="2" m="26624" /><DORA hai="48" /><V93/><REACH who="2" step="1"/><F98/><REACH who="2" ten="250,250,240,250" step="2"/><W63/><G27/><T46/><D87/><U130/><E97/><V101/><F101/><W131/><G79/><T115/><D115/><U36/><E123/><V3/><F3/><W103/><G77/><T83/><D129/><U62/><E122/><V23/><F23/><W100/><G78/><T74/><D128/><U102/><E130/><V110/><F110/><W24/><G131/><T4/><D74/><RYUUKYOKU ba="0,1" sc="250,-10,250,-10,240,30,250,-10" hai2="11,14,17,41,49,52,54,55,92,93" /><INIT seed="1,1,1,4,3,10" ten="240,240,270,240" oya="1" hai0="78,72,62,27,82,122,36,55,49,58,6,39,118" hai1="30,129,121,117,9,7,28,124,25,3,69,12,102" hai2="19,37,108,132,68,0,94,103,46,65,1,116,123" hai3="59,11,21,113,22,84,97,96,17,34,87,119,83"/><U112/><E69/><V18/><F108/><W33/><G113/><T105/><D122/><U92/><E112/><V128/><F116/><W81/><G59/><T57/><D118/><U48/><E117/><V41/><F123/><W126/><G11/><T106/><D39/><U71/><E71/><V98/><F132/><W42/><G119/><T32/><D36/><U5/><E121/><V135/><F128/><W23/><G17/><T110/><D110/><U4/><E129/><V47/><F135/><W120/><G120/><T109/><D109/><U44/><E124/><V127/><F127/><W31/><G126/><T13/><D32/><U70/><E70/><V54/><F19/><W53/><G53/><T8/><REACH who="0" step="1"/><D27/><REACH who="0" ten="230,240,270,240" step="2"/><U111/><E111/><V91/><F37/><W73/><G34/><T80/><D80/><U100/><E3/><V60/><F1/><W43/><G33/><T101/><D101/><N who="1" m="39019" /><E25/><V75/><F103/><W40/><G73/><T45/><D45/><U77/><E92/><V16/><F0/><W15/><G31/><N who="1" m="11818" /><E77/><V2/><F2/><W86/><G15/><T95/><D95/><U20/><E20/><V88/><F75/><W131/><G131/><T79/><D79/><U76/><E76/><V29/><F29/><W133/><G133/><T67/><AGARI ba="1,2" hai="6,8,13,49,55,57,58,62,67,72,78,82,105,106" machi="67" ten="20,5200,0" yaku="1,1,0,1,7,1,52,1,53,0" doraHai="10" doraHaiUra="64" who="0" fromWho="0" sc="230,75,240,-27,270,-14,240,-14" /><INIT seed="2,0,0,0,4,94" ten="305,213,256,226" oya="2" hai0="105,61,98,48,12,78,5,118,4,25,73,36,83" hai1="19,6,21,43,59,8,114,120,131,52,71,84,119" hai2="23,110,75,10,113,18,63,14,127,126,82,2,27" hai3="104,39,41,87,99,116,86,62,100,79,74,49,129"/><V96/><F113/><W50/><G116/><T0/><D118/><U35/><E35/><V70/><F2/><W37/><G129/><T68/><D36/><U107/><E71/><V115/><F115/><W26/><G62/><T132/><D132/><U81/><E114/><V29/><F110/><W103/><G26/><T97/><D0/><U123/><E119/><V111/><F111/><W69/><G69/><T106/><D48/><U51/><E107/><V11/><F11/><W22/><G22/><T17/><D25/><U46/><E131/><V128/><F128/><W34/><G34/><T95/><D106/><U101/><E101/><V38/><F38/><W134/><G134/><T7/><D105/><U32/><E32/><V44/><F44/><W102/><G104/><T133/><D95/><U93/><E93/><V60/><F96/><W135/><G135/><T124/><D124/><N who="2" m="47658" /><F70/><W55/><G99/><T76/><D133/><U65/><E65/><V122/><F122/><W47/><G39/><T80/><D68/><U89/><E8/><V64/><F64/><W40/><G37/><T28/><D28/><U42/><E6/><V31/><F29/><W58/><REACH who="3" step="1"/><G41/><REACH who="3" ten="305,213,256,216" step="2"/><T91/><D98/><U54/><E120/><V53/><F53/><W33/><G33/><T85/><D97/><U121/><E121/><V16/><F31/><W130/><G130/><T3/><D61/><N who="1" m="36071" /><E123/><V66/><F66/><W15/><G15/><AGARI ba="0,1" hai="15,19,21,42,43,46,51,54,81,84,89" m="36071" machi="15" ten="30,2000,0" yaku="8,1,54,1" doraHai="94" who="1" fromWho="3" sc="305,0,213,30,256,0,216,-20" /><INIT seed="3,0,0,4,3,135" ten="305,243,256,196" oya="3" hai0="18,68,10,58,52,28,8,2,91,124,78,65,120" hai1="62,99,74,79,59,75,118,36,92,6,101,16,82" hai2="113,56,86,48,119,0,29,84,102,40,93,73,67" hai3="90,110,5,20,117,27,3,22,121,38,35,104,30"/><W69/><G117/><T127/><D120/><U53/><E118/><V80/><F0/><W61/><G121/><T47/><D68/><U43/><E6/><V14/><F73/><W12/><G38/><T71/><D71/><U17/><REACH who="1" step="1"/><E75/><REACH who="1" ten="305,233,256,196" step="2"/><V39/><F119/><W89/><G110/><T26/><D2/><U85/><E85/><V72/><F86/><W46/><G3/><T107/><D107/><U32/><E32/><V133/><F84/><W100/><G5/><T64/><D78/><U19/><E19/><V111/><F72/><W109/><G109/><T31/><D18/><U50/><E50/><V54/><F48/><W34/><G34/><T96/><D31/><U81/><E81/><V49/><F80/><W103/><G104/><T60/><D28/><U88/><E88/><N who="3" m="33898" /><G35/><T122/><D91/><U132/><E132/><V42/><F133/><W126/><G126/><T134/><D134/><U94/><E94/><V108/><F93/><W66/><G100/><T45/><D122/><U33/><E33/><V125/><F102/><W128/><G103/><T23/><D127/><U123/><E123/><V25/><F125/><W70/><G128/><T87/><D124/><U114/><E114/><V1/><F113/><W129/><G129/><T98/><D87/><U131/><E131/><V7/><F1/><W105/><G105/><T77/><D77/><U21/><E21/><N who="2" m="15535" /><F39/><W115/><G115/><T37/><D37/><U97/><E97/><V24/><F111/><W41/><G70/><T13/><D98/><U130/><E130/><V4/><F108/><W57/><G69/><RYUUKYOKU ba="0,1" sc="305,-10,233,30,256,-10,196,-10" hai1="16,17,36,43,53,59,62,74,79,82,92,99,101" /><INIT seed="4,1,1,2,5,28" ten="295,263,246,186" oya="0" hai0="99,81,125,77,135,124,116,109,121,44,118,18,73" hai1="0,59,58,43,63,132,94,64,82,104,131,66,61" hai2="55,21,113,127,26,117,108,122,20,10,25,30,72" hai3="90,53,105,8,119,89,19,9,95,31,76,22,38"/><T128/><D121/><U13/><E104/><V36/><F72/><W101/><G119/><T54/><D135/><U69/><E0/><V33/><F36/><W93/><G38/><T106/><D128/><U56/><E132/><V123/><F117/><W47/><G76/><T62/><D109/><U40/><E131/><V78/><F78/><W32/><G101/><N who="0" m="62783" /><D18/><U92/><E82/><V17/><F113/><W42/><G105/><T79/><D79/><U115/><E13/><V83/><F83/><W71/><G71/><T110/><D110/><U51/><E115/><V74/><F74/><W15/><G53/><T96/><D96/><U1/><E1/><V68/><F68/><W67/><G67/><N who="1" m="25642" /><E69/><V60/><F127/><N who="0" m="48714" /><D62/><N who="1" m="23563" /><E51/><AGARI ba="1,1" hai="44,51,54,73,77,81,116,118" m="48714,62783" machi="51" ten="30,1500,0" yaku="18,1" doraHai="28" who="0" fromWho="1" sc="295,28,263,-18,246,0,186,0" owari="323,42.3,245,-15.5,246,4.6,186,-31.4" /></mjloggm>