<mjloggm ver="2.3"><GO type="225" lobby="0"/><UN n0="%E5%A4%9C%E3%81%AE%E3%82%AC%E3%82%B9%E3%83%91%E3%83%BC%E3%83%AB" n1="%E7%B5%82%E6%9C%AB%E3%81%AE%E6%95%91%E3%81%84" n2="%E3%81%8B%E3%82%8F%E3%81%A1%E3%82%83%E3%82%93%35%38" n3="%E3%81%B5%E3%81%98%E3%81%8B%E3%81%A4" dan="16,16,16,16" rate="2117.84,2094.73,2122.59,2096.16" sx="M,F,M,M"/><TAIKYOKU oya="0"/><INIT seed="0,0,0,3,1,77" ten="250,250,250,250" oya="0" hai0="105,83,29,54,61,68,30,37,117,26,79,39,112" hai1="3,43,24,32,64,108,71,78,80,118,13,125,17" hai2="22,51,86,73,109,104,19,35,12,101,74,98,110" hai3="28,115,65,49,25,111,88,53,11,8,60,58,92"/><T36/><D112/><U128/><E118/><V41/><F35/><W69/><G111/><N who="2" m="42505" /><F86/><W67/><G67/><T123/><D123/><U93/><E3/><V103/><F103/><W33/><REACH who="3" step="1"/><G115/><REACH who="3" ten="250,250,250,240" step="2"/><T119/><D117/><U102/><E64/><V42/><F51/><W89/><G89/><T134/><D119/><U107/><E108/><V127/><F127/><W48/><G48/><T81/><D39/><U16/><E125/><V113/><F113/><W70/><G70/><T95/><D68/><U1/><E71/><V90/><F90/><W133/><G133/><T130/><D134/><U23/><E102/><V82/><F74/><W0/><G0/><T46/><D37/><U20/><E1/><V96/><F96/><AGARI ba="0,1" hai="8,11,25,28,33,49,53,58,60,65,69,88,92,96" machi="96" ten="30,3900,0" yaku="1,1,7,1,54,1,53,0" doraHai="77" doraHaiUra="15" who="3" fromWho="2" sc="250,0,250,0,250,-39,240,49" /><INIT seed="1,0,0,3,4,118" ten="250,250,211,289" oya="1" hai0="122,26,32,52,60,11,29,77,9,18,124,128,121" hai1="27,33,8,114,67,71,50,69,63,19,44,31,3" hai2="72,51,73,61,64,59,41,112,58,78,76,88,62" hai3="12,82,123,97,85,21,48,81,56,22,115,70,17"/><U111/><E114/><V134/><F134/><W100/><G123/><N who="0" m="47115" /><D128/><U42/><E111/><V110/><F110/><W75/><G70/><T49/><D124/><U92/><E92/><V98/><F112/><W57/><G75/><T13/><D60/><U93/><E93/><N who="2" m="56615" /><F73/><W107/><G115/><T39/><D77/><N who="2" m="29802" /><F72/><W102/><G102/><T119/><D39/><U47/><E71/><V86/><F86/><W37/><G85/><T80/><D80/><U10/><E3/><V125/><F125/><W84/><G82/><T74/><D74/><U54/><REACH who="1" step="1"/><E19/><REACH who="1" ten="250,240,211,289" step="2"/><V87/><F87/><W131/><G84/><T132/><D132/><U96/><E96/><V126/><F126/><W40/><G97/><T2/><D2/><U16/><E16/><V108/><F108/><W4/><G17/><T89/><D89/><U99/><E99/><V23/><F23/><W45/><G22/><N who="0" m="11599" /><D119/><U46/><E46/><AGARI ba="0,1" hai="9,11,26,29,32,46,49,52" m="11599,47115" machi="46" ten="30,8000,1" yaku="13,1,52,3,54,1" doraHai="118" who="0" fromWho="1" sc="250,90,240,-80,211,0,289,0" /><INIT seed="2,0,0,2,4,134" ten="340,160,211,289" oya="2" hai0="87,101,54,32,60,40,18,55,70,103,56,35,30" hai1="131,9,125,20,21,2,63,64,5,75,33,26,130" hai2="113,12,57,28,119,90,121,94,8,110,76,51,65" hai3="122,82,102,117,108,69,118,124,92,17,80,15,4"/><V79/><F113/><W91/><G69/><T22/><D70/><U98/><E75/><V112/><F119/><W7/><G122/><T71/><D71/><U127/><E98/><V129/><F121/><W67/><G67/><T97/><D40/><U105/><E105/><V41/><F112/><W53/><G102/><T135/><D135/><U96/><E96/><V47/><F28/><W100/><G100/><T81/><D55/><U48/><E48/><V50/><F129/><N who="1" m="49161" /><E63/><N who="2" m="38127" /><F51/><W11/><G108/><T6/><D6/><U111/><E64/><V68/><F110/><W85/><G117/><T74/><D74/><U77/><E77/><V3/><F3/><W114/><G114/><T23/><D103/><U1/><E1/><V95/><F68/><W52/><G124/><N who="1" m="47690" /><E111/><V73/><F73/><W0/><G0/><T58/><D97/><U99/><E99/><N who="2" m="57815" /><F95/><W19/><G92/><T43/><D60/><U45/><E45/><V107/><F107/><W106/><G106/><T49/><D49/><U83/><E83/><V59/><F59/><W123/><G80/><T89/><D58/><U39/><E39/><V88/><F88/><W104/><G104/><T78/><D89/><U84/><E84/><V126/><F126/><W27/><G118/><T132/><D101/><U31/><AGARI ba="0,0" hai="2,5,9,20,21,26,31,33" m="47690,49161" machi="31" ten="40,12000,2" yaku="19,1,18,1,34,2,52,3" doraHai="134" who="1" fromWho="1" sc="340,-30,160,120,211,-60,289,-30" /><INIT seed="3,0,0,4,3,86" ten="310,280,151,259" oya="3" hai0="44,1,20,35,106,76,122,41,50,117,70,30,104" hai1="83,47,134,53,56,29,84,27,97,66,10,71,68" hai2="2,91,130,111,16,74,6,107,0,43,87,46,55" hai3="13,60,119,103,102,9,34,59,65,73,112,77,108"/><W132/><G119/><T23/><D122/><U12/><E134/><V31/><F74/><W109/><G34/><T100/><D117/><U93/><E47/><V51/><F111/><N who="3" m="42571" /><G112/><T126/><D1/><U42/><E42/><V40/><F130/><W32/><G32/><T115/><D126/><U82/><E66/><V64/><F107/><W79/><G132/><T99/><D106/><U8/><E68/><V25/><F64/><W52/><G65/><T80/><D70/><U17/><E8/><V101/><F101/><N who="3" m="38411" /><G73/><T96/><D115/><U33/><E84/><V5/><F2/><W121/><G121/><T92/><D35/><U7/><E7/><AGARI ba="0,0" hai="7,9,13,52,59,60,77,79" m="38411,42571" machi="7" ten="30,5800,0" yaku="14,1,10,1,54,1" doraHai="86" who="3" fromWho="1" sc="310,0,280,-58,151,0,259,58" owari="310,11.0,222,-17.8,151,-34.9,317,41.7" /></mjloggm>