<mjloggm ver="2.3"><GO type="225" lobby="0"/><UN n0="%33%74%72%65%65" n1="%E6%A0%B9%E5%85%83%E3%81%8B%E3%82%89%E5%90%B9%E3%81%A3%E9%A3%9B%E3%81%B6" n2="%E6%97%A5%E6%9B%9C%E6%97%A5%E3%82%88%E3%82%8A%E3%81%AE%E4%BD%BF%E8%80%85" n3="%E8%81%B7%E6%A5%AD%E3%80%81%E9%A2%A8%32" dan="16,17,18,16" rate="2101.97,2203.10,2156.22,2175.91" sx="F,F,M,M"/><TAIKYOKU oya="0"/><INIT seed="0,0,0,0,4,117" ten="250,250,250,250" oya="0" hai0="16,89,69,91,9,63,111,20,115,2,82,101,107" hai1="12,30,21,75,27,124,35,65,19,49,50,114,85" hai2="40,112,39,133,31,58,29,73,126,52,38,77,71" hai3="51,46,130,18,121,86,56,84,32,55,47,4,95"/><T122/><D115/><U8/><E75/><V45/><F112/><W127/><G130/><T100/><D122/><U109/><E109/><V34/><F34/><W129/><G129/><T41/><D111/><U7/><E124/><V28/><F126/><W64/><G121/><T81/><D41/><U11/><E114/><V78/><F133/><W1/><G32/><T88/><D2/><U128/><E128/><V66/><F39/><W67/><G127/><T53/><D9/><U62/><E11/><V59/><F73/><W5/><G18/><T25/><D107/><U106/><E85/><N who="3" m="32874" /><G95/><T36/><D36/><U33/><E33/><V93/><F93/><W116/><G1/><T96/><D96/><U10/><E10/><V132/><F132/><W74/><G74/><T99/><D99/><U97/><E97/><V24/><F59/><W98/><G98/><T6/><D6/><N who="3" m="2665" /><G116/><T94/><D94/><U108/><E108/><V79/><F24/><W80/><G80/><N who="0" m="30827" /><D69/><U72/><E72/><V125/><F125/><W54/><G47/><T22/><D22/><U76/><E106/><V110/><F110/><W3/><G3/><T119/><D119/><U26/><E76/><V43/><F43/><W103/><G103/><T42/><D42/><U23/><REACH who="1" step="1"/><E35/><REACH who="1" ten="250,240,250,250" step="2"/><V0/><F79/><W87/><G87/><T37/><D37/><U102/><E102/><V113/><F113/><W90/><G90/><T57/><AGARI ba="0,1" hai="16,20,25,53,57,63,88,89,91,100,101" m="30827" machi="57" ten="30,6000,0" yaku="8,1,54,2" doraHai="117" who="0" fromWho="0" sc="250,70,240,-20,250,-20,250,-20" /><INIT seed="0,1,0,2,5,24" ten="320,220,230,230" oya="0" hai0="105,77,88,74,130,18,39,57,96,109,135,19,92" hai1="78,112,91,1,67,54,110,126,22,117,15,53,122" hai2="86,46,35,120,108,132,36,8,129,95,25,33,40" hai3="68,48,23,49,31,106,13,116,69,4,55,17,32"/><T14/><D39/><U127/><E117/><V113/><F113/><W59/><G106/><T94/><D135/><U5/><E122/><V81/><F120/><W93/><G116/><T79/><D105/><U114/><E78/><V101/><F132/><W56/><G4/><T26/><D130/><U28/><E67/><V0/><F129/><W3/><G3/><T27/><D109/><U29/><E91/><V102/><F108/><W99/><G49/><T6/><D6/><U89/><E89/><V80/><F0/><W7/><G7/><T84/><D74/><U70/><E70/><V119/><F8/><W131/><G59/><T98/><D57/><U34/><E110/><V82/><F119/><W75/><G75/><T10/><D84/><U90/><E90/><V44/><F44/><W85/><G85/><T71/><D71/><U64/><E64/><V51/><F36/><W104/><G104/><T58/><D58/><U134/><E134/><V42/><F42/><W76/><G76/><N who="0" m="29259" /><D18/><N who="1" m="10591" /><E34/><V65/><F65/><W16/><G131/><T41/><D41/><U52/><E5/><V2/><F2/><W115/><G115/><N who="1" m="44074" /><E1/><V118/><F118/><W107/><G107/><T73/><D73/><U121/><E121/><V38/><F38/><W83/><G83/><T128/><D128/><U72/><E72/><V37/><F37/><W87/><G87/><T66/><D66/><U50/><E50/><V61/><F35/><W11/><G32/><T43/><D43/><U47/><E47/><V123/><F123/><W111/><G69/><T21/><D10/><U60/><E60/><RYUUKYOKU ba="1,0" sc="320,15,220,15,230,-15,230,-15" hai0="14,19,21,26,27,88,92,94,96,98" hai1="28,29,52,53,54,126,127" /><INIT seed="0,2,0,0,0,101" ten="335,235,215,215" oya="0" hai0="95,42,51,82,6,46,65,0,34,132,125,76,30" hai1="62,52,128,112,50,9,14,91,94,4,92,1,84" hai2="40,109,13,102,56,88,121,114,31,72,7,134,22" hai3="59,2,45,24,96,127,98,83,75,17,115,123,49"/><T107/><D132/><U87/><E128/><V3/><F72/><W85/><G115/><T32/><D125/><U21/><E112/><V93/><F114/><W118/><G75/><T41/><D65/><U33/><E33/><V66/><F121/><W23/><G2/><T25/><D95/><U119/><E62/><N who="2" m="38215" /><F3/><W55/><G118/><T69/><D69/><U133/><E133/><V131/><F134/><W111/><G127/><T19/><D107/><U54/><E119/><V63/><F131/><W71/><G71/><T68/><D68/><U15/><E54/><V113/><F113/><W18/><G123/><T117/><D117/><U108/><E108/><V110/><F40/><W38/><G111/><N who="2" m="42505" /><F102/><W47/><G38/><T73/><D41/><U79/><E21/><V36/><F36/><W8/><G47/><T44/><D44/><U58/><E79/><V124/><F63/><W28/><G45/><T81/><D76/><U135/><E135/><V90/><F124/><W70/><G70/><T97/><D73/><U26/><E26/><N who="2" m="16855" /><F93/><W105/><G105/><T43/><D43/><U116/><E116/><V74/><F74/><W106/><G106/><T29/><D0/><U104/><E104/><V53/><F53/><W78/><G28/><T126/><D126/><U39/><E39/><V64/><F64/><W35/><G35/><T60/><D34/><U27/><E27/><V86/><F86/><W89/><G78/><T103/><D25/><U48/><E48/><V77/><F77/><W16/><G18/><T100/><D32/><U80/><E87/><V57/><F57/><RYUUKYOKU ba="2,0" sc="335,-30,235,10,215,10,215,10" hai1="1,4,9,14,15,50,52,58,80,84,91,92,94" hai2="7,13,88,90" hai3="8,16,17,23,24,49,55,59,83,85,89,96,98" /><INIT seed="1,3,0,4,4,85" ten="305,245,225,225" oya="1" hai0="110,76,28,113,96,23,5,77,47,111,50,124,95" hai1="105,98,1,14,27,106,39,86,68,35,61,120,53" hai2="67,21,70,94,119,31,19,63,56,69,38,66,41" hai3="24,3,54,62,81,6,43,34,60,118,126,79,125"/><U45/><E1/><V49/><F119/><W133/><G118/><T13/><D124/><N who="3" m="47721" /><G133/><T100/><D113/><U10/><E120/><V122/><F122/><W80/><G43/><T103/><D103/><U97/><E68/><V37/><F31/><N who="3" m="19815" /><G54/><N who="0" m="30047" /><D28/><U88/><E39/><V25/><F38/><W114/><G114/><T116/><D116/><U82/><E105/><V4/><F37/><W117/><G117/><T59/><D59/><N who="1" m="35055" /><E106/><V20/><F4/><W32/><G32/><T65/><D65/><U0/><E0/><V52/><F41/><W104/><G104/><T64/><D64/><U26/><E35/><V123/><F123/><W89/><G3/><T84/><D5/><N who="1" m="3407" /><E45/><V135/><F135/><W15/><G6/><T130/><D111/><U73/><E73/><V57/><F67/><W91/><G15/><T8/><D13/><U12/><E12/><V99/><REACH who="2" step="1"/><F21/><REACH who="2" ten="305,245,215,225" step="2"/><W18/><G18/><T121/><D23/><U87/><E87/><V128/><F128/><W30/><G30/><T74/><D84/><U40/><E40/><V46/><F46/><W72/><G81/><T131/><D131/><U129/><E129/><V132/><F132/><W102/><G102/><AGARI ba="3,1" hai="19,20,25,49,52,56,57,63,66,69,70,94,99,102" machi="102" ten="30,7700,0" yaku="1,1,7,1,54,1,53,1" doraHai="85" doraHaiUra="92" who="2" fromWho="3" sc="305,0,245,0,215,96,225,-86" /><INIT seed="2,0,0,2,4,59" ten="305,245,311,139" oya="2" hai0="55,34,102,133,35,70,48,67,124,81,26,86,40" hai1="32,95,114,11,101,13,126,96,66,10,128,97,7" hai2="115,123,56,0,64,4,53,18,3,117,106,27,90" hai3="103,76,23,1,49,94,8,121,119,100,57,118,31"/><V71/><F106/><W58/><G121/><T111/><D111/><U2/><E114/><V107/><F107/><W87/><G1/><T91/><D133/><U41/><E126/><V68/><F115/><W88/><G76/><T105/><D124/><U39/><E128/><V16/><F117/><W54/><G118/><T113/><D40/><U62/><E32/><V127/><F127/><W33/><G119/><T129/><D129/><U52/><E39/><V112/><F112/><W50/><G33/><T44/><D26/><U38/><E38/><V135/><F68/><W134/><G134/><T122/><D122/><U63/><E41/><V89/><F71/><W15/><G31/><T110/><D110/><U69/><E97/><V46/><F135/><W21/><G21/><T22/><D22/><U82/><E82/><V45/><F0/><W24/><G24/><T84/><D113/><U6/><E52/><V12/><F3/><W125/><G125/><T130/><D130/><U28/><REACH who="1" step="1"/><E62/><REACH who="1" ten="305,235,311,139" step="2"/><N who="2" m="37959" /><F123/><W17/><G8/><T132/><D132/><U73/><E73/><V37/><F37/><W80/><G80/><T120/><D120/><U93/><E93/><V78/><F53/><AGARI ba="0,1" hai="15,17,23,49,50,53,54,57,58,87,88,94,100,103" machi="53" ten="40,8000,1" yaku="9,1,25,2,8,1,54,1" doraHai="59" who="3" fromWho="2" sc="305,0,235,0,311,-80,139,90" /><INIT seed="3,0,0,0,0,12" ten="305,235,231,229" oya="3" hai0="44,88,65,3,96,91,80,54,62,60,6,86,50" hai1="53,76,84,108,36,4,68,90,106,19,83,131,135" hai2="64,10,134,116,87,67,56,1,75,112,77,14,26" hai3="99,125,100,42,48,16,117,39,8,81,71,40,66"/><W46/><G117/><T127/><D127/><U126/><E68/><V118/><F75/><W29/><G125/><T128/><D128/><U74/><E36/><V11/><F1/><W38/><G29/><T21/><D3/><U15/><E106/><V73/><F73/><W52/><G71/><T121/><D121/><U78/><E135/><V63/><F112/><W97/><G39/><T61/><D6/><U79/><E131/><V58/><F134/><W92/><G38/><T93/><D21/><N who="1" m="11519" /><E74/><V30/><F77/><W70/><G70/><AGARI ba="0,0" hai="44,50,54,60,61,62,65,70,80,86,88,91,93,96" machi="70" ten="30,2000,0" yaku="7,1,54,1" doraHai="12" who="0" fromWho="3" sc="305,20,235,0,231,0,229,-20" owari="325,42.5,235,3.5,231,-16.9,209,-29.1" /></mjloggm>