<mjloggm ver="2.3"><GO type="225" lobby="0"/><UN n0="%E3%82%8C%E3%81%99%E3%81%93" n1="%E7%89%B9%E6%9D%B1%E3%81%AF%E4%B8%96%E7%95%8C%E3%82%92%E6%95%91%E3%81%86" n2="%E3%81%BE%E3%81%A8%E3%81%9F" n3="%72%69%6F%75%63%68%61%6E" dan="17,16,16,16" rate="2181.73,2127.87,2165.82,2191.83" sx="F,M,M,M"/><TAIKYOKU oya="0"/><INIT seed="0,0,0,0,0,98" ten="250,250,250,250" oya="0" hai0="52,128,15,31,22,85,121,97,103,23,67,45,24" hai1="48,14,68,36,70,58,18,27,34,53,130,44,102" hai2="92,94,133,83,86,80,125,9,114,81,51,65,122" hai3="13,101,50,82,2,40,104,115,30,111,132,3,112"/><T12/><D121/><U72/><E72/><V43/><F122/><W4/><G111/><T119/><D119/><U26/><E130/><V84/><F114/><W117/><G117/><T91/><D128/><U63/><E102/><V134/><F65/><W78/><G132/><N who="2" m="50793" /><F9/><N who="3" m="4263" /><G30/><T90/><D67/><N who="1" m="41087" /><E34/><V60/><F60/><W10/><G10/><T56/><D45/><U77/><E77/><V73/><F51/><W20/><G20/><T124/><D124/><U8/><E70/><V64/><F64/><W32/><G32/><T47/><D47/><U41/><AGARI ba="0,0" hai="8,14,18,26,27,36,41,44,48,53,58" m="41087" machi="41" ten="30,1100,0" yaku="24,1" doraHai="98" who="1" fromWho="1" sc="250,-5,250,11,250,-3,250,-3" /><INIT seed="1,0,0,4,5,63" ten="245,261,247,247" oya="1" hai0="45,113,29,123,50,122,119,75,93,21,121,103,54" hai1="89,133,67,18,38,72,59,102,52,39,95,37,33" hai2="114,44,14,88,15,105,43,70,32,55,124,97,40" hai3="83,42,78,28,57,107,87,116,56,30,99,0,129"/><U131/><E72/><V47/><F32/><W112/><G112/><T135/><D113/><U82/><E131/><V73/><F73/><W27/><G129/><T9/><D75/><U126/><E133/><V46/><F70/><W98/><G116/><T66/><D119/><U13/><E126/><V53/><F114/><W60/><G0/><T91/><D135/><U36/><E33/><V101/><F124/><W92/><G42/><T19/><D103/><U117/><E117/><V134/><F134/><W22/><G107/><T81/><D29/><U110/><E110/><V68/><F68/><W111/><G111/><T8/><D81/><U6/><E6/><V12/><F88/><N who="3" m="55559" /><G99/><N who="0" m="57791" /><D66/><U74/><E67/><V35/><F35/><W5/><G5/><T90/><D90/><U85/><E39/><V31/><F31/><N who="3" m="17911" /><G56/><T128/><D128/><U100/><E82/><V118/><F118/><W51/><G51/><T34/><D34/><U108/><E74/><V20/><F20/><W96/><G96/><T125/><D125/><U76/><E76/><V26/><F26/><AGARI ba="0,0" hai="8,9,19,21,26,45,50,54,121,122,123" m="57791" machi="26" ten="30,1000,0" yaku="13,1" doraHai="63" who="0" fromWho="2" sc="245,10,261,0,247,-10,247,0" /><INIT seed="2,0,0,1,5,65" ten="255,261,237,247" oya="2" hai0="60,111,57,39,115,21,127,61,9,100,121,131,105" hai1="40,74,78,19,83,116,97,24,64,38,69,107,4" hai2="17,41,104,58,109,94,20,1,8,96,15,87,28" hai3="95,29,25,80,62,51,72,44,134,118,7,56,48"/><V54/><F109/><W66/><G118/><T2/><D115/><U0/><E116/><V23/><F104/><W101/><G134/><T49/><D39/><U89/><E19/><V63/><F41/><W35/><G7/><T13/><D121/><U68/><E24/><V119/><F119/><W52/><G48/><T36/><D36/><U85/><E64/><V46/><F46/><W16/><G16/><T31/><D2/><U102/><E40/><V42/><F42/><W120/><G120/><T108/><D131/><U90/><E38/><V47/><F47/><W124/><G124/><T5/><D127/><U33/><E33/><V37/><F37/><W88/><G101/><T91/><D91/><U12/><E12/><V84/><F1/><W133/><G133/><T10/><D10/><N who="1" m="2311" /><E90/><N who="2" m="55383" /><F28/><W14/><G14/><T55/><D31/><U11/><E11/><V18/><F8/><W135/><G135/><T53/><D21/><U99/><E99/><V43/><F43/><W82/><REACH who="3" step="1"/><G72/><REACH who="3" ten="255,261,237,237" step="2"/><T93/><D49/><U45/><E45/><V32/><F32/><W75/><G75/><T98/><D105/><U22/><E22/><V114/><F114/><W26/><G26/><AGARI ba="0,1" hai="15,17,18,20,23,26,54,58,63,84,87" m="55383" machi="26" ten="30,2900,0" yaku="25,1,8,1" doraHai="65" who="2" fromWho="3" sc="255,0,261,0,237,39,237,-29" /><INIT seed="2,1,0,4,4,113" ten="255,261,276,208" oya="2" hai0="77,45,65,26,105,89,17,41,2,15,34,85,95" hai1="123,68,9,6,69,126,20,47,112,0,109,4,22" hai2="60,62,107,103,50,111,106,71,82,32,21,46,121" hai3="131,73,29,59,23,28,11,31,36,53,37,130,76"/><V38/><F32/><W78/><G23/><T81/><D2/><U120/><E112/><V96/><F38/><N who="3" m="14955" /><G73/><T114/><D114/><U10/><E47/><V43/><F121/><N who="1" m="46665" /><E109/><V35/><F35/><W108/><G11/><N who="1" m="4106" /><E0/><V58/><F71/><N who="1" m="27209" /><E126/><V39/><F39/><W115/><G115/><T40/><D105/><U64/><E64/><V1/><F106/><W72/><G72/><T24/><D65/><U13/><E13/><V84/><F1/><W97/><G108/><T55/><D55/><U42/><E42/><N who="0" m="16489" /><D45/><U128/><E128/><N who="3" m="49194" /><G97/><N who="0" m="57583" /><D34/><U12/><E12/><V101/><F111/><W102/><G102/><T30/><D30/><N who="3" m="7681" /><W8/><DORA hai="25" /><G8/><AGARI ba="1,0" hai="8,15,17,24,26,77,81,85" m="57583,16489" machi="8" ten="30,1000,0" yaku="8,1" doraHai="113,25" who="0" fromWho="3" sc="255,13,261,0,276,0,208,-13" /><INIT seed="3,0,0,4,1,0" ten="268,261,276,195" oya="3" hai0="117,31,97,126,52,109,55,104,2,44,100,22,47" hai1="99,54,95,7,77,88,32,86,48,119,58,85,34" hai2="81,121,25,41,79,84,68,15,45,37,129,118,27" hai3="94,78,130,5,11,10,71,26,75,61,29,46,19"/><W17/><G130/><T35/><D117/><U24/><E119/><V113/><F113/><W72/><G46/><T56/><D35/><U98/><E7/><V112/><F112/><W125/><G125/><T90/><D2/><U122/><E122/><V92/><F118/><W76/><G71/><T134/><D109/><U74/><E74/><N who="3" m="28202" /><G61/><T49/><D126/><U105/><E105/><V115/><F68/><W20/><G94/><T30/><D134/><U101/><E77/><N who="3" m="29802" /><G29/><T82/><D22/><U70/><E70/><V23/><F129/><W63/><G63/><T131/><D131/><U36/><E36/><V40/><F121/><W116/><G116/><T13/><D13/><U8/><E8/><N who="3" m="3114" /><G5/><T111/><D111/><U60/><E60/><V6/><F115/><W64/><G64/><T127/><D127/><U38/><E38/><V124/><F124/><W135/><G135/><T89/><D47/><U14/><E14/><V133/><F133/><W4/><G4/><T57/><D44/><U67/><E67/><V28/><F37/><W69/><G69/><T96/><D96/><U16/><E34/><V12/><F6/><W51/><G51/><T42/><D42/><N who="2" m="16490" /><F45/><W103/><G103/><T59/><D59/><U50/><E50/><V66/><F66/><W43/><G43/><T80/><D30/><U106/><REACH who="1" step="1"/><E32/><REACH who="1" ten="268,251,276,195" step="2"/><V128/><F128/><W53/><G53/><T91/><REACH who="0" step="1"/><D31/><REACH who="0" ten="258,251,276,195" step="2"/><U65/><E65/><V3/><F3/><W73/><N who="3" m="28210" /><W107/><DORA hai="87" /><G107/><T33/><D33/><U110/><E110/><V9/><F12/><W108/><G108/><RYUUKYOKU ba="0,2" sc="258,10,251,10,276,-30,195,10" hai0="49,52,55,56,57,80,82,89,90,91,97,100,104" hai1="16,24,48,54,58,85,86,88,95,98,99,101,106" hai3="17,19,20,26" /><INIT seed="3,1,2,0,4,56" ten="268,261,246,205" oya="3" hai0="81,130,33,10,34,24,63,76,45,114,112,12,103" hai1="67,100,129,125,37,64,111,108,123,87,4,110,58" hai2="101,104,52,2,134,106,50,122,31,82,93,85,99" hai3="133,95,15,55,113,7,84,117,17,48,18,11,23"/><W19/><G113/><N who="0" m="43627" /><D130/><U109/><E129/><V29/><F2/><W73/><G133/><T124/><D124/><U121/><N who="1" m="27648" /><DORA hai="41" /><U22/><E125/><V92/><F134/><W25/><G117/><T66/><D24/><U72/><E72/><V86/><F122/><N who="1" m="46601" /><E37/><V36/><F36/><W126/><G73/><N who="0" m="43151" /><D45/><U28/><E100/><V131/><F106/><W1/><G126/><T5/><D103/><U53/><E4/><V44/><F131/><W71/><G71/><AGARI ba="1,2" hai="5,10,12,33,34,63,66,71" m="43151,43627" machi="71" ten="30,2000,0" yaku="11,1,52,1" doraHai="56,41" who="0" fromWho="3" sc="268,43,261,0,246,0,205,-23" owari="311,41.1,261,6.1,246,-15.4,182,-31.8" /></mjloggm>