<mjloggm ver="2.3"><GO type="225" lobby="0"/><UN n0="%E7%B4%94%E6%BD%94%E3%83%94%E3%83%A9%E3%83%8B%E3%82%A2" n1="%30%2E%31%32%30" n2="%E3%82%BC%E3%83%AB%E3%83%80%E3%81%AE%E4%BC%9D%E8%AA%AC" n3="%E6%B8%A9%E2%98%85%E6%83%85%E2%98%85%E6%8E%AA%E2%98%85%E7%BD%AE" dan="17,16,17,17" rate="2171.23,2153.21,2153.90,2147.78" sx="M,M,M,M"/><TAIKYOKU oya="0"/><INIT seed="0,0,0,2,2,74" ten="250,250,250,250" oya="0" hai0="76,15,24,26,13,91,72,47,96,70,21,103,20" hai1="35,82,49,85,67,64,89,111,132,23,44,106,19" hai2="112,117,99,4,86,57,37,42,56,130,71,84,40" hai3="134,102,68,11,33,60,41,94,98,63,121,104,69"/><T32/><D70/><U95/><E132/><V114/><F71/><W116/><G134/><T66/><D66/><U25/><E106/><V6/><F99/><W87/><G116/><T12/><D91/><U48/><E48/><V79/><F37/><W81/><G121/><T28/><D47/><U8/><E35/><V129/><REACH who="2" step="1"/><F117/><REACH who="2" ten="250,250,240,250" step="2"/><W107/><G69/><T123/><D123/><U29/><E111/><V83/><F83/><W80/><G68/><T31/><D96/><U131/><E131/><V1/><F1/><W120/><G81/><T58/><D103/><U3/><E82/><V55/><F55/><W77/><G120/><T75/><D75/><U101/><E101/><V54/><F54/><W59/><G107/><T127/><D127/><U78/><E3/><V10/><F10/><W18/><G104/><T135/><D135/><U17/><E8/><V93/><F93/><W43/><G43/><T14/><D72/><U90/><E95/><V50/><F50/><W124/><G41/><T113/><D113/><U119/><E119/><V5/><F5/><W133/><G124/><T34/><D58/><U108/><E108/><V73/><F73/><W22/><G11/><T126/><D126/><U100/><E100/><V27/><F27/><W2/><G2/><T45/><D45/><U61/><E67/><V115/><F115/><W52/><G133/><T118/><D118/><U88/><E64/><V53/><F53/><W46/><G46/><T62/><D62/><U9/><E61/><V36/><F36/><W109/><G63/><T105/><N who="0" m="3072" /><DORA hai="110" /><T16/><D26/><RYUUKYOKU ba="0,1" sc="250,-10,250,-10,240,30,250,-10" hai2="4,6,40,42,56,57,79,84,86,112,114,129,130" /><INIT seed="1,1,1,2,1,29" ten="240,240,270,240" oya="1" hai0="60,43,124,84,35,109,50,39,129,74,81,44,75" hai1="23,120,117,54,47,66,89,98,68,0,14,93,34" hai2="2,3,133,119,67,16,88,94,17,118,18,1,52" hai3="76,4,72,77,127,82,20,90,131,92,27,63,48"/><U79/><E0/><V55/><F67/><W7/><G131/><T121/><D129/><U30/><E117/><V32/><F32/><W36/><G127/><T106/><D124/><U85/><E120/><V108/><F108/><W46/><G36/><T8/><D109/><U24/><E68/><V11/><F11/><W103/><G103/><T5/><D106/><U128/><E128/><V101/><F101/><W40/><G77/><T28/><D60/><U19/><E66/><V100/><F100/><W73/><G63/><T126/><D39/><U51/><REACH who="1" step="1"/><E79/><REACH who="1" ten="240,230,270,240" step="2"/><V115/><F133/><W6/><G73/><T58/><D121/><U61/><E61/><V80/><F115/><W102/><G102/><T38/><D126/><U41/><E41/><V116/><REACH who="2" step="1"/><F80/><REACH who="2" ten="240,230,260,240" step="2"/><W71/><G71/><T122/><D81/><U113/><E113/><V130/><F130/><W78/><G82/><T99/><D122/><U15/><E15/><V91/><F91/><W87/><REACH who="3" step="1"/><G72/><REACH who="3" ten="240,230,260,230" step="2"/><T86/><D74/><U83/><E83/><V123/><F123/><W107/><G107/><T111/><D75/><U53/><E53/><V104/><F104/><W56/><G56/><T125/><D125/><U22/><E22/><V37/><F37/><W42/><G42/><T57/><D111/><U26/><E26/><V110/><F110/><W13/><G13/><N who="0" m="5263" /><D38/><U65/><E65/><V45/><F45/><W25/><G25/><N who="0" m="18831" /><D57/><U10/><E10/><V112/><F112/><W96/><G96/><AGARI ba="1,4" hai="14,19,23,24,30,34,47,51,54,85,89,93,96,98" machi="96" ten="40,7700,0" yaku="1,1,52,1,53,1" doraHai="29" doraHaiUra="31" who="1" fromWho="3" sc="240,0,230,120,260,0,230,-80" /><AGARI ba="1,0" hai="1,2,3,16,17,18,52,55,88,94,96,116,118,119" machi="96" ten="50,12000,2" yaku="1,1,29,2,54,3,53,0" doraHai="29" doraHaiUra="31" who="2" fromWho="3" sc="240,0,350,0,260,120,150,-120" /><INIT seed="1,2,0,3,1,133" ten="240,350,380,30" oya="1" hai0="7,43,76,91,119,48,101,99,104,50,30,124,120" hai1="89,0,45,130,49,2,94,108,116,113,114,33,5" hai2="95,6,86,134,64,17,1,135,97,61,4,107,8" hai3="32,52,79,85,81,3,26,115,121,37,71,117,83"/><U18/><E116/><V62/><F6/><W67/><G117/><T88/><D119/><U36/><E33/><V63/><F107/><W31/><G115/><T102/><D120/><U12/><E36/><V34/><F34/><W105/><G121/><T60/><D7/><U90/><E130/><V66/><F86/><W41/><G3/><T42/><D76/><U15/><E5/><V68/><F17/><W84/><G105/><T14/><D104/><U111/><E111/><V47/><F47/><W24/><G24/><T74/><D14/><U118/><E108/><V87/><F87/><W106/><G106/><T27/><D27/><U22/><E118/><V11/><F11/><W132/><G132/><N who="2" m="50729" /><F68/><W39/><G41/><T73/><D99/><U126/><E45/><V127/><F127/><W92/><G92/><T40/><D40/><U23/><E18/><V103/><AGARI ba="2,0" hai="1,4,8,61,62,63,64,66,95,97,103" m="50729" machi="103" ten="30,1100,0" yaku="20,1" doraHai="133" who="2" fromWho="2" sc="240,-5,350,-7,380,17,30,-5" /><INIT seed="2,0,0,0,5,56" ten="235,343,397,25" oya="2" hai0="104,105,46,130,78,80,127,61,97,100,7,77,31" hai1="8,113,123,49,71,132,128,58,57,66,9,86,34" hai2="44,83,102,68,6,30,121,69,74,42,64,87,5" hai3="51,90,124,39,95,41,10,59,134,50,40,93,135"/><V35/><F121/><W99/><G39/><T20/><D127/><U11/><E34/><V92/><F35/><W110/><G124/><T27/><D130/><U65/><E113/><V117/><F30/><W19/><G110/><T16/><D7/><U75/><E75/><V122/><F117/><W3/><G3/><T89/><D46/><U106/><E106/><V15/><F122/><W67/><G10/><T36/><D36/><U26/><E123/><V2/><F15/><W45/><G19/><T37/><D37/><U101/><E71/><V32/><F32/><W129/><G129/><T72/><D77/><U22/><E128/><V25/><F25/><W63/><REACH who="3" step="1"/><G95/><REACH who="3" ten="235,343,397,15" step="2"/><T98/><D104/><U103/><E8/><V13/><F92/><W112/><G112/><T115/><D115/><U107/><E9/><V12/><F2/><W55/><G55/><T70/><D16/><N who="1" m="12615" /><E11/><V120/><F120/><W4/><G4/><T76/><D105/><U119/><E107/><V111/><F111/><W43/><G43/><T131/><D131/><U133/><E119/><V82/><F42/><W21/><G21/><T47/><D20/><U14/><E14/><V81/><F13/><W1/><G1/><T18/><D18/><U108/><E108/><V79/><F12/><W62/><G62/><T85/><D61/><N who="1" m="38063" /><E49/><V88/><F5/><W48/><G48/><T33/><D33/><U125/><E125/><V38/><F6/><W54/><G54/><T91/><D27/><U94/><E132/><V52/><F38/><W118/><G118/><T114/><D114/><U126/><E133/><RYUUKYOKU ba="0,1" sc="235,-10,343,-10,397,-10,15,30" hai3="40,41,45,50,51,59,63,67,90,93,99,134,135" /><INIT seed="3,1,1,2,1,126" ten="225,333,387,45" oya="3" hai0="36,1,16,131,59,79,11,91,49,0,3,41,121" hai1="100,103,51,10,18,135,44,38,45,27,80,106,124" hai2="133,98,128,15,50,28,35,47,24,118,63,107,2" hai3="40,86,85,53,83,134,81,58,37,73,117,31,17"/><W46/><G117/><T71/><D121/><U115/><E115/><V94/><F118/><W101/><G134/><T30/><D71/><U57/><E135/><V8/><F133/><W95/><G31/><T72/><D30/><U6/><E124/><V48/><F128/><W102/><G73/><T20/><D131/><U70/><E70/><V104/><F63/><W12/><G95/><T120/><D120/><U9/><E106/><V125/><F2/><W65/><G65/><T43/><D11/><U60/><E38/><V122/><F48/><W116/><G116/><T64/><D36/><U5/><E80/><V7/><F125/><W132/><G132/><T29/><D29/><U54/><E27/><V21/><F21/><W119/><G119/><T19/><D19/><U74/><E44/><V111/><F111/><W89/><G58/><T127/><D127/><U96/><E74/><V32/><F32/><W34/><G34/><T55/><D64/><U129/><E96/><V33/><F33/><W114/><G53/><T78/><D91/><U88/><E88/><V39/><F39/><W110/><G110/><T84/><D84/><U4/><E129/><V25/><F25/><W14/><G114/><T69/><D69/><U68/><E68/><V66/><F66/><W123/><G123/><T42/><REACH who="0" step="1"/><D72/><REACH who="0" ten="215,333,387,45" step="2"/><U99/><E18/><V13/><F122/><W62/><G62/><T90/><D90/><U67/><E100/><N who="3" m="38506" /><G17/><T113/><D113/><U108/><E108/><V52/><F35/><W92/><G86/><T26/><AGARI ba="1,2" hai="0,1,3,16,20,26,41,42,43,49,55,59,78,79" machi="26" ten="40,5200,0" yaku="1,1,0,1,54,1,53,0" doraHai="126" doraHaiUra="130" who="0" fromWho="0" sc="215,75,333,-14,387,-14,45,-27" owari="290,-11.0,319,11.9,373,47.3,18,-48.2" /></mjloggm>