<mjloggm ver="2.3"><GO type="225" lobby="0"/><UN n0="%43%68%65" n1="%E3%83%A1%E3%82%AC%E3%83%87%E3%82%B8" n2="%4D%50%43%32%38%30%30" n3="%E5%8D%A0%E3%81%84%E5%B8%AB%E8%A3%8F%E3%81%AA%E3%81%84%E3%81%97" dan="16,16,16,17" rate="2076.87,2113.98,2131.43,2132.10" sx="M,F,M,M"/><TAIKYOKU oya="0"/><INIT seed="0,0,0,2,0,10" ten="250,250,250,250" oya="0" hai0="114,110,28,129,126,3,130,125,19,109,6,18,30" hai1="88,32,73,101,64,104,48,5,36,14,21,50,4" hai2="2,31,41,70,56,122,90,45,9,96,12,69,102" hai3="42,91,89,1,117,33,123,44,72,79,24,38,62"/><T15/><D3/><U116/><E32/><V34/><F122/><W103/><G117/><T74/><D74/><U87/><E104/><V23/><F90/><W26/><G123/><T82/><D82/><U120/><E73/><V86/><F86/><W133/><G133/><T81/><D81/><U132/><E36/><V112/><F112/><W37/><G103/><T67/><D67/><U121/><E116/><V63/><F34/><W135/><G135/><T16/><D114/><U105/><E64/><V39/><F23/><W49/><G1/><T84/><D84/><U98/><E132/><V75/><F31/><N who="0" m="11818" /><D15/><U65/><E65/><V115/><F2/><W134/><G134/><T78/><D6/><U93/><E4/><V22/><F22/><W92/><G72/><T68/><D68/><U27/><E121/><V127/><F127/><N who="0" m="48650" /><D78/><U124/><E120/><V17/><F115/><W85/><G79/><T118/><D118/><U55/><E124/><V53/><REACH who="2" step="1"/><F75/><REACH who="2" ten="250,250,240,250" step="2"/><W128/><G85/><T99/><D99/><U11/><E87/><V95/><AGARI ba="0,1" hai="9,12,17,39,41,45,53,56,63,69,70,95,96,102" machi="95" ten="20,12000,2" yaku="1,1,2,1,0,1,7,1,52,1,53,1" doraHai="10" doraHaiUra="13" who="2" fromWho="2" sc="250,-60,250,-30,240,130,250,-30" /><INIT seed="1,0,0,4,5,69" ten="190,220,370,220" oya="1" hai0="106,88,131,28,101,46,117,79,7,36,130,113,74" hai1="77,1,66,33,30,22,78,97,49,124,13,100,4" hai2="62,71,43,15,84,10,81,44,82,17,37,135,85" hai3="18,51,89,26,96,105,65,8,67,110,80,20,31"/><U40/><E124/><V64/><REACH who="2" step="1"/><F135/><REACH who="2" ten="190,220,360,220" step="2"/><W2/><G110/><T32/><D117/><U134/><E134/><V47/><F47/><W90/><G67/><T116/><D46/><N who="1" m="25799" /><E66/><V53/><F53/><W123/><G65/><T128/><D116/><U115/><E115/><V54/><F54/><W109/><G109/><T27/><D113/><U34/><E34/><V6/><F6/><W3/><G123/><T76/><D7/><U118/><E33/><V126/><F126/><W25/><G2/><T0/><D0/><U38/><E1/><V52/><F52/><W16/><G3/><T86/><D32/><U55/><E55/><V107/><F107/><W99/><G105/><T11/><D106/><U12/><E118/><V63/><F63/><W39/><G51/><T56/><D130/><U68/><E4/><V50/><F50/><W75/><G75/><T19/><D74/><U60/><E60/><V42/><F42/><W111/><G111/><T112/><D112/><U61/><E61/><V98/><F98/><W21/><G99/><T59/><D131/><U120/><E120/><V114/><F114/><W93/><G96/><T87/><D128/><U73/><E73/><V70/><F70/><W119/><G119/><T102/><D59/><U103/><E68/><V29/><F29/><W91/><G31/><T121/><D56/><U41/><E97/><V132/><F132/><W24/><G18/><T5/><D19/><U129/><E129/><V9/><F9/><W14/><G16/><T57/><D121/><U104/><E104/><V127/><F127/><W133/><G133/><RYUUKYOKU ba="0,1" sc="190,-10,220,-10,360,30,220,-10" hai2="10,15,17,37,43,44,62,64,71,81,82,84,85" /><INIT seed="2,1,1,5,2,10" ten="180,210,390,210" oya="2" hai0="35,86,22,122,90,107,133,0,132,56,89,40,87" hai1="74,97,129,54,46,100,84,6,30,17,113,15,76" hai2="69,92,21,59,36,3,65,127,18,49,52,47,106" hai3="131,28,11,77,117,110,128,8,81,14,112,114,130"/><V116/><F106/><W68/><G68/><T105/><D35/><U1/><E129/><V95/><F3/><W70/><G70/><T16/><D0/><U20/><E113/><N who="3" m="43626" /><G117/><T83/><D40/><U23/><E74/><V94/><F127/><W2/><G2/><T118/><D56/><U72/><E72/><V9/><F9/><W51/><G110/><T93/><D122/><U4/><E1/><V99/><F69/><W111/><G111/><T25/><REACH who="0" step="1"/><D118/><REACH who="0" ten="170,210,390,210" step="2"/><U64/><E46/><V19/><F47/><W12/><G51/><T53/><D53/><U73/><E54/><V102/><F36/><W121/><G121/><T98/><D98/><U75/><E64/><V82/><F65/><W29/><G77/><T115/><D115/><U103/><E97/><V62/><F99/><W134/><G134/><AGARI ba="1,2" hai="16,22,25,83,86,87,89,90,93,105,107,132,133,134" machi="134" ten="40,8000,1" yaku="1,1,20,1,54,1,53,2" doraHai="10" doraHaiUra="80" who="0" fromWho="3" sc="170,103,210,0,390,0,210,-83" /><INIT seed="3,0,0,5,1,68" ten="273,210,390,127" oya="3" hai0="4,18,116,21,8,35,69,125,6,14,34,83,95" hai1="133,45,32,66,88,22,84,0,126,17,54,86,96" hai2="5,60,118,97,25,49,110,82,39,70,23,112,106" hai3="93,71,119,131,122,90,2,31,100,105,108,15,41"/><W92/><G119/><T73/><D69/><U67/><E32/><V46/><F39/><W65/><G122/><T79/><D116/><U43/><E0/><V59/><F110/><W101/><G2/><T19/><D125/><U40/><E96/><V26/><F70/><W103/><G105/><T10/><D95/><N who="1" m="54663" /><E126/><V124/><F112/><W48/><G108/><T77/><D77/><U13/><E133/><V76/><F5/><W135/><G135/><T89/><D89/><U81/><E54/><V123/><F124/><W20/><G131/><T109/><D19/><U63/><E45/><V3/><F3/><W130/><G130/><T120/><D120/><U85/><E85/><N who="2" m="48327" /><F106/><W127/><G127/><T28/><D28/><U55/><E55/><N who="2" m="33919" /><F123/><W113/><G113/><T128/><D109/><U30/><E30/><V102/><F23/><W56/><G71/><T38/><D38/><U50/><E63/><V27/><F97/><N who="3" m="59431" /><G65/><N who="1" m="24586" /><E50/><V11/><F102/><W36/><G36/><T121/><D128/><U91/><AGARI ba="0,0" hai="13,17,22,40,43,81,86,91" m="24586,54663" machi="91" ten="30,2000,0" yaku="8,1,54,1" doraHai="68" who="1" fromWho="1" sc="273,-5,210,20,390,-5,127,-10" owari="268,6.8,230,-17.0,385,48.5,117,-38.3" /></mjloggm>