<mjloggm ver="2.3"><GO type="225" lobby="0"/><UN n0="%54%4F%52" n1="%E5%AE%AE%E4%BF%9D%E9%B6%8F%E8%82%89" n2="%72%61%6B%33" n3="%E8%81%B7%E6%A5%AD%E3%80%81%E9%A2%A8%32" dan="17,16,17,16" rate="2262.45,2148.97,2306.03,2087.26" sx="M,M,M,M"/><TAIKYOKU oya="0"/><INIT seed="0,0,0,5,1,38" ten="250,250,250,250" oya="0" hai0="128,123,49,3,91,101,2,59,5,130,97,83,40" hai1="134,10,58,99,13,44,105,70,56,119,80,45,92" hai2="100,107,114,62,93,96,18,87,42,32,17,20,9" hai3="82,7,16,71,23,111,108,22,65,81,122,15,37"/><T117/><D117/><U11/><E119/><V109/><F109/><N who="3" m="42059" /><G122/><T120/><D91/><U121/><E121/><N who="0" m="46665" /><D83/><N who="3" m="31753" /><G37/><T43/><D49/><U84/><E70/><V94/><F114/><W26/><G65/><T68/><D59/><N who="1" m="22571" /><E105/><V57/><F32/><W118/><G118/><T132/><D68/><U73/><E73/><V88/><F9/><N who="1" m="3081" /><E13/><V126/><F126/><W66/><G66/><T78/><D78/><N who="1" m="46103" /><E134/><V54/><F107/><W8/><G71/><T124/><D5/><U69/><E69/><V34/><F34/><W95/><G23/><T116/><D116/><U63/><E63/><V77/><F77/><W113/><G113/><T79/><D79/><U21/><E21/><V25/><REACH who="2" step="1"/><F42/><REACH who="2" ten="250,250,240,250" step="2"/><N who="0" m="15914" /><D124/><U61/><E61/><V104/><F104/><W29/><G95/><N who="0" m="58559" /><D132/><U110/><E110/><V67/><F67/><W50/><G50/><T75/><D75/><U72/><E72/><V112/><F112/><W39/><G39/><T133/><D133/><U33/><E33/><V89/><F89/><AGARI ba="0,1" hai="44,45,89,92,99" m="46103,3081,22571" machi="89" ten="30,1000,0" yaku="8,1" doraHai="38" who="1" fromWho="2" sc="250,0,250,20,240,-10,250,0" /><INIT seed="1,0,0,1,1,93" ten="250,270,230,250" oya="1" hai0="19,41,10,115,18,62,135,46,44,89,9,51,107" hai1="13,1,88,117,16,59,14,102,87,55,43,114,81" hai2="70,92,7,134,101,100,109,60,127,2,128,122,22" hai3="5,97,49,125,90,95,121,77,73,66,83,61,119"/><U54/><E114/><V103/><F122/><W63/><G121/><T53/><D115/><U71/><E117/><V68/><F109/><W28/><G125/><T98/><D135/><U47/><E71/><V34/><F34/><W94/><G119/><T24/><D107/><U104/><E1/><V126/><F134/><W105/><G105/><T79/><D79/><U76/><E104/><V69/><F128/><W29/><G5/><T72/><D72/><U74/><E102/><V113/><F113/><W25/><G49/><T85/><D98/><U120/><E120/><V45/><F22/><W48/><G48/><N who="0" m="26639" /><D62/><U11/><E13/><V58/><F45/><W112/><G112/><T108/><D108/><U99/><E59/><V80/><F80/><W36/><G36/><T39/><D39/><U110/><E110/><V116/><F116/><W67/><G25/><T65/><D65/><U123/><E123/><V8/><REACH who="2" step="1"/><F92/><REACH who="2" ten="250,270,220,250" step="2"/><W42/><G95/><N who="0" m="54703" /><D24/><U64/><E47/><V23/><F23/><W31/><G42/><T78/><D78/><U86/><E43/><V38/><F38/><W133/><G133/><T132/><D132/><U84/><E74/><V3/><F3/><W111/><G111/><T32/><D32/><U17/><E76/><V37/><F37/><W57/><REACH who="3" step="1"/><G31/><REACH who="3" ten="250,270,220,240" step="2"/><T131/><D131/><U0/><E0/><V50/><F50/><W52/><G52/><AGARI ba="0,2" hai="2,7,8,52,58,60,68,69,70,100,101,103,126,127" machi="52" ten="50,3200,0" yaku="1,1,54,1,53,0" doraHai="93" doraHaiUra="27" who="2" fromWho="3" sc="250,0,270,0,220,52,240,-32" /><INIT seed="2,0,0,3,5,94" ten="250,270,272,208" oya="2" hai0="28,106,116,92,112,64,81,107,102,5,86,72,54" hai1="27,21,131,33,65,70,31,91,96,68,26,69,110" hai2="39,88,130,111,62,105,125,18,126,20,30,47,84" hai3="124,36,78,25,57,134,117,90,13,109,128,114,122"/><V75/><F75/><W55/><G36/><T9/><D112/><U48/><E110/><V101/><F111/><W44/><G109/><T4/><D116/><U135/><E135/><V6/><F6/><W71/><G71/><T118/><D118/><U104/><E131/><V41/><F30/><W80/><G117/><T3/><D72/><U12/><E12/><V37/><F62/><W8/><G122/><T132/><D132/><U74/><E74/><V1/><F1/><W11/><G134/><T87/><D64/><U42/><E42/><V34/><F34/><W123/><G123/><T16/><D28/><U133/><E48/><V58/><F58/><W98/><G128/><T83/><D5/><U129/><E133/><V49/><F130/><W77/><G124/><N who="2" m="47721" /><F101/><W79/><G114/><T7/><D7/><U66/><E129/><V63/><F63/><N who="3" m="36287" /><G44/><T46/><D107/><U35/><E35/><V51/><F39/><W115/><G115/><T100/><D106/><U95/><REACH who="1" step="1"/><E104/><REACH who="1" ten="250,260,272,208" step="2"/><V61/><F105/><W24/><G13/><T43/><D43/><U76/><E76/><V67/><F37/><W50/><G50/><T73/><D73/><U119/><E119/><V103/><F41/><W120/><G120/><T99/><D3/><U82/><E82/><N who="2" m="49175" /><F47/><W22/><G80/><T56/><D46/><U108/><E108/><V97/><F49/><W17/><G25/><T14/><D83/><U113/><E113/><V59/><F51/><W10/><G10/><T121/><D81/><U38/><E38/><V29/><F20/><W2/><G2/><T53/><D9/><RYUUKYOKU ba="0,1" sc="250,-15,260,15,272,-15,208,15" hai1="21,26,27,31,33,65,66,68,69,70,91,95,96" hai3="8,11,17,22,24,77,78,79,90,98" /><INIT seed="3,1,1,2,4,43" ten="235,275,257,223" oya="3" hai0="10,128,15,63,120,110,37,94,64,68,90,77,134" hai1="42,85,16,135,76,45,53,98,70,125,73,114,25" hai2="6,19,105,121,54,26,28,44,61,124,107,12,101" hai3="113,29,60,62,4,75,9,126,122,8,111,79,5"/><W103/><G122/><T127/><D120/><U109/><E114/><V52/><F121/><W69/><G113/><T47/><D110/><U48/><E70/><V14/><F124/><W97/><G126/><T49/><D127/><U117/><E73/><V0/><F0/><W95/><G111/><T91/><D134/><U65/><E65/><V104/><F101/><W89/><G75/><T31/><D128/><U51/><E109/><V18/><F61/><N who="3" m="23659" /><G69/><T87/><D37/><U24/><E135/><V20/><F6/><N who="3" m="2667" /><G79/><T99/><D31/><U32/><E32/><V38/><F38/><W96/><G29/><T35/><D35/><U86/><E117/><V27/><F27/><N who="1" m="10313" /><E16/><V102/><F102/><W23/><G23/><T7/><D77/><U55/><E125/><V118/><F118/><W39/><G39/><T11/><D11/><N who="3" m="4169" /><G103/><T129/><D129/><U3/><E3/><V2/><F2/><W108/><G108/><T36/><D36/><U112/><E112/><V93/><F18/><W132/><G132/><T58/><D68/><U56/><E76/><V82/><F19/><W116/><G116/><T46/><D49/><U34/><E34/><V1/><F1/><W67/><G67/><T17/><D7/><U106/><E42/><V84/><F28/><W131/><G131/><T74/><D74/><U66/><E66/><V92/><F20/><W13/><G13/><T81/><AGARI ba="1,1" hai="10,15,17,46,47,58,63,64,81,87,90,91,94,99" machi="81" ten="20,8000,1" yaku="0,1,7,1,8,1,52,2" doraHai="43" who="0" fromWho="0" sc="235,93,275,-21,257,-21,223,-41" owari="328,42.8,254,5.4,236,-16.4,182,-31.8" /></mjloggm>