<mjloggm ver="2.3"><GO type="225" lobby="0"/><UN n0="%E6%98%93%E5%88%A9%E8%96%A9%E4%BC%AF" n1="%73%69%72%6F%75%74" n2="%E4%B8%89%E5%86%A0%E7%8E%8B%E3%83%BB%E5%B1%B1%E7%94%B0%E5%93%B2%E4%BA%BA" n3="%E8%A8%88%E7%AE%97%E6%A9%9F%E8%87%AA%E7%84%B6" dan="16,16,16,17" rate="2169.14,2004.00,2179.22,2195.96" sx="F,M,M,M"/><TAIKYOKU oya="0"/><INIT seed="0,0,0,3,5,34" ten="250,250,250,250" oya="0" hai0="105,92,128,39,109,101,70,59,18,64,73,20,7" hai1="23,54,63,45,28,76,42,67,78,127,117,38,129" hai2="103,119,68,79,135,65,74,111,4,24,106,107,118" hai3="37,57,17,83,5,87,131,133,11,75,35,58,15"/><T3/><D128/><U50/><E117/><N who="2" m="44555" /><F111/><W116/><G116/><T51/><D39/><U52/><E129/><V26/><F135/><W48/><G37/><T80/><D105/><N who="2" m="39946" /><F103/><W10/><G35/><T120/><D70/><U104/><E104/><V115/><F4/><W97/><G75/><T33/><D33/><U89/><E127/><V88/><F115/><W41/><G97/><T121/><D109/><U8/><E8/><V27/><F88/><W31/><G31/><T12/><D92/><U94/><E28/><V91/><F91/><W13/><G133/><T14/><D101/><U95/><E23/><V49/><F49/><W96/><G96/><T44/><D80/><U55/><E38/><V43/><F43/><W122/><G122/><T112/><D112/><U130/><E130/><V6/><F6/><W32/><G32/><T132/><D132/><U72/><E72/><V53/><F53/><W125/><G125/><T22/><D73/><U19/><E19/><V47/><F47/><N who="3" m="25711" /><G131/><T82/><D82/><U99/><REACH who="1" step="1"/><E94/><REACH who="1" ten="250,240,250,250" step="2"/><V77/><F74/><W85/><G83/><T123/><D22/><U36/><E36/><V110/><F110/><W90/><G10/><N who="0" m="2431" /><D20/><U21/><E21/><V84/><F84/><W0/><G85/><T62/><D18/><U134/><E134/><V113/><F113/><W46/><G17/><T25/><D25/><U71/><AGARI ba="0,1" hai="42,45,50,52,54,55,63,67,71,76,78,89,95,99" machi="71" ten="30,7900,0" yaku="1,1,0,1,54,1,53,1" doraHai="34" doraHaiUra="86" who="1" fromWho="1" sc="250,-39,240,89,250,-20,250,-20" /><INIT seed="1,0,0,5,3,92" ten="211,329,230,230" oya="1" hai0="5,111,10,91,77,54,42,95,31,117,25,128,58" hai1="74,56,15,93,11,79,94,67,72,132,9,109,33" hai2="86,66,57,44,70,50,55,24,16,125,127,89,17" hai3="32,97,69,34,112,129,106,113,85,82,126,40,134"/><U78/><E33/><V90/><F70/><W26/><G69/><T118/><D111/><U107/><E107/><V87/><F66/><W104/><G40/><T133/><D128/><U47/><E109/><V49/><F24/><W28/><G129/><T4/><D133/><U63/><E132/><V75/><F75/><W37/><G37/><T18/><D77/><N who="1" m="29195" /><E74/><V0/><F0/><W71/><G71/><T59/><D42/><U48/><E72/><V20/><F20/><W29/><G126/><N who="2" m="48137" /><F86/><W51/><G134/><T36/><D59/><U43/><E11/><V41/><F90/><W121/><G32/><T76/><D76/><U1/><E1/><V61/><F61/><W13/><G34/><T2/><D5/><AGARI ba="0,0" hai="5,9,15,43,47,48,56,63,67,93,94" m="29195" machi="5" ten="30,1500,0" yaku="8,1" doraHai="92" who="1" fromWho="0" sc="211,-15,329,15,230,0,230,0" /><INIT seed="1,1,0,3,2,88" ten="196,344,230,230" oya="1" hai0="17,43,0,3,68,100,37,46,123,23,10,71,108" hai1="113,6,67,31,13,51,72,134,58,50,54,101,132" hai2="53,16,91,32,34,73,99,28,124,8,33,86,47" hai3="94,40,45,110,112,59,85,65,75,97,80,44,48"/><U93/><E72/><V135/><F73/><W131/><G110/><T79/><D108/><U30/><E113/><V127/><F135/><N who="1" m="51753" /><E67/><V66/><F99/><W104/><G131/><T18/><D123/><U102/><E102/><V21/><F66/><W95/><G75/><T55/><D3/><U78/><E78/><V56/><F28/><W39/><G112/><T116/><D116/><U19/><E6/><V11/><F47/><W117/><G117/><T92/><D79/><U107/><E51/><V128/><F128/><W24/><G65/><T81/><D81/><U103/><E103/><V25/><F127/><W15/><G80/><T27/><D55/><U98/><E107/><V29/><F29/><W70/><G48/><T118/><D118/><U4/><E4/><V22/><F22/><AGARI ba="1,0" hai="13,19,22,30,31,50,54,58,93,98,101" m="51753" machi="22" ten="30,2900,0" yaku="20,1,52,1" doraHai="88" who="1" fromWho="2" sc="196,0,344,32,230,-32,230,0" /><INIT seed="1,2,0,5,3,9" ten="196,376,198,230" oya="1" hai0="92,5,109,113,29,24,18,15,84,67,115,122,86" hai1="96,127,3,99,27,42,97,131,10,14,90,118,37" hai2="121,66,73,112,69,6,7,33,82,102,101,74,129" hai3="21,133,65,46,22,19,47,48,79,63,106,55,40"/><U13/><E118/><V75/><F33/><W89/><G133/><T32/><D109/><U31/><E3/><V25/><F121/><W130/><G130/><T123/><D67/><U34/><E131/><V78/><F129/><W57/><G106/><T16/><D86/><U56/><E127/><V43/><F43/><W26/><G79/><T28/><D92/><U12/><E90/><V0/><F25/><W91/><REACH who="3" step="1"/><G21/><REACH who="3" ten="196,376,198,220" step="2"/><T103/><D115/><U11/><E34/><V119/><F112/><W68/><G68/><T1/><D113/><U128/><E128/><V76/><F76/><W36/><AGARI ba="2,1" hai="19,22,26,36,40,46,47,48,55,57,63,65,89,91" machi="36" ten="20,2700,0" yaku="1,1,0,1,7,1,53,0" doraHai="9" doraHaiUra="8" who="3" fromWho="3" sc="196,-9,376,-15,198,-9,220,43" /><INIT seed="2,0,0,4,5,101" ten="187,361,189,263" oya="2" hai0="75,25,108,70,20,95,46,32,130,24,127,60,14" hai1="72,90,49,98,44,2,61,64,6,12,10,68,67" hai2="111,104,38,120,7,87,106,102,76,126,69,34,124" hai3="63,131,125,15,0,83,133,47,22,66,116,40,74"/><V94/><F120/><W118/><G0/><T17/><D75/><U113/><E72/><V30/><F38/><W65/><G131/><T1/><D130/><U110/><E113/><V121/><F121/><W128/><G128/><T71/><D108/><U105/><E110/><V100/><F111/><W86/><G74/><T50/><D1/><U58/><E2/><V31/><F69/><W96/><G125/><N who="2" m="48233" /><F7/><W23/><G96/><T33/><D127/><U103/><E90/><N who="2" m="53599" /><F76/><W28/><G133/><T123/><D123/><U3/><E3/><V53/><F53/><W52/><G52/><T82/><D82/><U73/><E73/><V85/><F85/><W39/><G65/><T97/><D71/><U8/><E64/><V26/><F30/><W81/><G81/><T77/><D77/><U43/><E68/><V117/><F117/><W41/><G41/><T59/><D70/><U13/><E6/><V132/><F132/><W57/><G86/><T78/><D78/><U5/><E5/><V114/><F114/><W29/><G83/><T11/><D95/><U112/><E112/><V36/><F36/><W48/><G39/><T92/><D92/><U35/><E67/><V119/><F119/><W19/><G28/><T42/><D97/><U129/><E43/><V37/><F37/><W89/><G89/><T99/><D99/><U107/><E129/><V4/><F4/><W80/><G80/><T27/><D33/><U91/><E35/><V9/><F9/><N who="1" m="3689" /><E91/><V134/><F134/><W54/><G66/><N who="0" m="39199" /><D32/><U55/><E98/><V88/><F88/><W122/><G122/><RYUUKYOKU ba="0,0" sc="187,10,361,-30,189,10,263,10" hai0="11,14,17,20,24,25,27,42,46,50" hai2="26,31,34,100,102,104,106" hai3="15,19,22,23,29,40,47,48,54,57,63,116,118" /><INIT seed="2,1,0,5,4,24" ten="197,331,199,273" oya="2" hai0="127,26,73,132,3,0,58,45,124,57,46,40,108" hai1="48,83,56,130,103,41,34,99,27,60,55,122,89" hai2="87,113,18,67,101,69,35,134,109,25,123,126,28" hai3="23,53,42,119,66,111,54,64,22,92,86,39,32"/><V93/><F113/><W9/><G32/><T105/><D73/><U65/><E130/><V17/><F123/><W7/><G119/><T13/><D105/><U133/><E133/><V82/><F134/><W112/><G111/><T114/><D114/><U2/><E2/><N who="0" m="553" /><D132/><U78/><E89/><V121/><F121/><W118/><G118/><T115/><D115/><U125/><E125/><N who="0" m="48201" /><D108/><U128/><E41/><V71/><F109/><W16/><G22/><T79/><D79/><U52/><E128/><V38/><F38/><W36/><G42/><T5/><D26/><U91/><E91/><V19/><F67/><N who="3" m="25643" /><G36/><N who="0" m="21639" /><D46/><U49/><E122/><V98/><REACH who="2" step="1"/><F126/><REACH who="2" ten="197,331,189,273" step="2"/><W1/><G39/><T95/><D95/><U110/><E110/><V96/><F96/><W72/><G112/><T11/><AGARI ba="1,1" hai="5,11,13,57,58" m="21639,48201,553" machi="11" ten="40,1500,0" yaku="18,1" doraHai="24" who="0" fromWho="0" sc="197,28,331,-5,189,-8,273,-5" /><INIT seed="3,0,0,0,3,82" ten="225,326,181,268" oya="3" hai0="132,70,128,100,94,96,77,34,118,30,62,109,130" hai1="29,57,3,99,59,39,4,127,126,18,117,52,95" hai2="124,76,104,84,129,58,122,61,116,83,113,53,73" hai3="2,112,98,68,56,81,47,133,36,20,46,26,45"/><W135/><G2/><T102/><D118/><U90/><E39/><V88/><F113/><W49/><G98/><T101/><D109/><U115/><E115/><V80/><F124/><N who="1" m="47657" /><E29/><V105/><F116/><W25/><G25/><N who="0" m="18767" /><D77/><U23/><E117/><V97/><F129/><N who="0" m="49770" /><D132/><U60/><E59/><V72/><F122/><W37/><G81/><T106/><D94/><U38/><E38/><N who="3" m="14954" /><G20/><T48/><D48/><U123/><E123/><V111/><F111/><W13/><G13/><T40/><D40/><U110/><E110/><V12/><F73/><W131/><G26/><T8/><D8/><N who="1" m="2079" /><E18/><V11/><F97/><W93/><G93/><T16/><D16/><AGARI ba="0,0" hai="11,12,16,53,58,61,72,76,80,83,84,88,104,105" machi="16" ten="30,7700,0" yaku="7,1,52,1,54,2" doraHai="82" who="2" fromWho="0" sc="225,-77,326,0,181,77,268,0" owari="148,-35.2,326,42.6,258,-14.2,268,6.8" /></mjloggm>