<mjloggm ver="2.3"><GO type="225" lobby="0"/><UN n0="%E5%8D%A0%E3%81%84%E5%B8%AB%E8%A3%8F%E3%81%AA%E3%81%84%E3%81%97" n1="%E3%81%AF%E3%82%88%E3%81%8A%E3%81%98%E3%81%95%E3%82%93" n2="%E7%AD%89%E3%80%85%E5%8A%9B%E5%8A%87%E5%A0%B4" n3="%72%61%6B%33" dan="17,17,17,17" rate="2171.05,2208.16,2129.58,2187.41" sx="M,M,M,M"/><TAIKYOKU oya="0"/><INIT seed="0,0,0,2,3,27" ten="250,250,250,250" oya="0" hai0="45,10,16,106,82,97,43,41,40,68,117,33,39" hai1="88,131,72,13,9,17,36,61,113,124,3,62,109" hai2="132,90,130,129,4,26,74,119,25,5,125,63,91" hai3="81,53,20,121,79,94,102,44,92,83,24,84,58"/><T115/><D115/><U100/><E113/><V98/><F74/><W75/><G121/><T71/><D117/><U87/><E72/><V118/><F63/><W51/><G102/><T8/><D33/><U34/><E36/><V18/><F98/><W31/><REACH who="3" step="1"/><G58/><REACH who="3" ten="250,250,250,240" step="2"/><T122/><D122/><U28/><E100/><V35/><F119/><W37/><G37/><T135/><D68/><U70/><E70/><V105/><F118/><W120/><G120/><T38/><D71/><U76/><E109/><V29/><F130/><W85/><G85/><T49/><D39/><U57/><E57/><V95/><F129/><W2/><G2/><T64/><D38/><U99/><E3/><V11/><F132/><W114/><G114/><T23/><D135/><U77/><E87/><V78/><F125/><W73/><G73/><T69/><D69/><U32/><E124/><V0/><F0/><W101/><G101/><T110/><D110/><U12/><E131/><V104/><F104/><W14/><G14/><T1/><D1/><U59/><E12/><V66/><F105/><W112/><G112/><T116/><D106/><U126/><E126/><V22/><F66/><W93/><G93/><T86/><D116/><U48/><E59/><V108/><F95/><W127/><G127/><T134/><D134/><U50/><E13/><V52/><F108/><W42/><G42/><N who="0" m="24759" /><D64/><U47/><E99/><V103/><F103/><W30/><G30/><T111/><D97/><U89/><E28/><V7/><F29/><W46/><G46/><T67/><D111/><U56/><E56/><V128/><F128/><RYUUKYOKU ba="0,1" sc="250,-10,250,-10,250,-10,240,30" hai3="20,24,31,44,51,53,75,79,81,83,84,92,94" /><INIT seed="1,1,1,0,5,98" ten="240,240,240,270" oya="1" hai0="32,83,90,121,119,44,47,96,10,60,38,21,9" hai1="41,64,94,76,43,85,54,7,50,81,58,59,8" hai2="52,122,114,97,34,14,0,109,123,16,28,15,62" hai3="19,130,108,31,49,77,129,57,56,89,35,82,24"/><U127/><E127/><V74/><F0/><W116/><G108/><T111/><D32/><U70/><E70/><V75/><F109/><W100/><G116/><T107/><D119/><U18/><E18/><V42/><F114/><W55/><G89/><T61/><D111/><U5/><E94/><V106/><F42/><N who="1" m="15881" /><E8/><V118/><F118/><W20/><G57/><T102/><D38/><U53/><E64/><V113/><F113/><W40/><G40/><T104/><D121/><U33/><E33/><V36/><F36/><W84/><REACH who="3" step="1"/><G100/><REACH who="3" ten="240,240,240,260" step="2"/><T93/><D102/><U39/><E39/><V126/><F123/><W95/><G95/><T51/><D93/><U79/><E76/><V101/><F122/><W25/><AGARI ba="1,2" hai="19,20,24,25,31,35,49,55,56,77,82,84,129,130" machi="25" ten="30,4000,0" yaku="1,1,0,1,53,1" doraHai="98" doraHaiUra="17" who="3" fromWho="3" sc="240,-11,240,-21,240,-11,260,63" /><INIT seed="2,0,0,1,4,22" ten="229,219,229,323" oya="2" hai0="57,103,45,42,52,79,37,95,25,135,117,107,16" hai1="96,10,87,122,43,29,63,9,4,78,101,50,84" hai2="0,123,35,77,104,82,58,44,73,116,67,118,54" hai3="32,2,88,90,1,53,130,71,8,28,92,108,5"/><V64/><F123/><W70/><G1/><T124/><D107/><U14/><E122/><V94/><F104/><W59/><G108/><T56/><D79/><U120/><E120/><V31/><F0/><W91/><G130/><T30/><D135/><U134/><E134/><V83/><F83/><W126/><G92/><T105/><D105/><U47/><E78/><V66/><F44/><W23/><G32/><T13/><D124/><U39/><E39/><V128/><F94/><W48/><REACH who="3" step="1"/><G126/><REACH who="3" ten="229,219,229,313" step="2"/><T40/><D95/><U114/><E101/><V74/><F128/><W99/><G99/><T18/><D103/><U131/><E96/><V62/><REACH who="2" step="1"/><F74/><REACH who="2" ten="229,219,219,313" step="2"/><W133/><G133/><T121/><D121/><U86/><E131/><V132/><F132/><W17/><G17/><T68/><D18/><U20/><E84/><V49/><F49/><W119/><G119/><T12/><D16/><U38/><E86/><V61/><F61/><W89/><N who="3" m="22528" /><DORA hai="85" /><W26/><AGARI ba="0,2" hai="2,5,8,23,26,28,48,53,59,70,71" m="22528" machi="26" ten="40,16000,3" yaku="1,1,4,1,0,1,52,5,54,1,53,0" doraHai="22,85" doraHaiUra="15,102" who="3" fromWho="3" sc="229,-40,219,-40,219,-80,313,180" /><INIT seed="3,0,0,2,0,110" ten="189,179,139,493" oya="3" hai0="45,64,109,52,21,41,1,8,99,26,102,19,34" hai1="54,75,31,2,98,78,88,132,43,25,122,23,76" hai2="127,93,111,117,15,24,108,68,106,129,72,56,120" hai3="14,116,128,73,4,74,96,91,29,101,30,107,133"/><W97/><G116/><T135/><D64/><U50/><E122/><V63/><F106/><W42/><G42/><T9/><D109/><N who="2" m="42058" /><F117/><W39/><G39/><T16/><D34/><U22/><E2/><V112/><F68/><W119/><G119/><T66/><D66/><U5/><E75/><V67/><F72/><W125/><G128/><T100/><D19/><U6/><E43/><V12/><F127/><W84/><G133/><T53/><D100/><U85/><E23/><V70/><F70/><W65/><G97/><T89/><D89/><U47/><E98/><V121/><F24/><W40/><G125/><T0/><D0/><U69/><E132/><V113/><F93/><W82/><G40/><T20/><D41/><U17/><E31/><V131/><F12/><W35/><G65/><T90/><D26/><U134/><E69/><V86/><F86/><W83/><G35/><T124/><D99/><U130/><E130/><N who="2" m="49675" /><F15/><W13/><G13/><T62/><D124/><U114/><E134/><V61/><F61/><W7/><G74/><T118/><D62/><U95/><E114/><AGARI ba="0,0" hai="56,63,67,112,113,114,120,121" m="49675,42058" machi="114" ten="40,12000,2" yaku="14,1,19,1,34,2,52,3" doraHai="110" who="2" fromWho="1" sc="189,0,179,-120,139,120,493,0" owari="189,-21.1,59,-44.1,259,5.9,493,59.3" /></mjloggm>