<mjloggm ver="2.3"><GO type="225" lobby="0"/><UN n0="%72%65%6E%6B%75%6E" n1="%72%61%6B%33" n2="%E8%81%B7%E6%A5%AD%E3%80%81%E9%A2%A8%32" n3="%E7%AD%89%E3%80%85%E5%8A%9B%E5%8A%87%E5%A0%B4" dan="17,16,16,16" rate="2227.07,2172.08,2120.63,2072.97" sx="M,M,M,M"/><TAIKYOKU oya="0"/><INIT seed="0,0,0,4,5,112" ten="250,250,250,250" oya="0" hai0="17,113,44,93,40,9,60,86,128,122,76,5,41" hai1="3,16,115,107,132,119,127,45,64,88,26,80,106" hai2="11,102,73,28,43,56,48,99,14,47,94,131,116" hai3="84,74,55,66,46,101,19,54,95,124,100,37,81"/><T23/><D113/><U31/><E115/><V135/><F73/><W125/><G74/><T13/><D122/><U32/><E127/><V117/><F131/><W130/><G66/><T79/><D128/><U29/><E132/><V114/><F114/><W97/><G130/><T69/><D69/><U126/><E126/><V33/><F135/><W75/><G75/><T89/><D60/><U121/><E121/><V27/><REACH who="2" step="1"/><F56/><REACH who="2" ten="250,250,240,250" step="2"/><W61/><G125/><T65/><D65/><U78/><E64/><V90/><F90/><W39/><G124/><T10/><D10/><U104/><E88/><V91/><F91/><W1/><G101/><T110/><D110/><U15/><E78/><V77/><F77/><W98/><G100/><T4/><D4/><AGARI ba="0,1" hai="4,11,14,27,28,33,43,47,48,94,99,102,116,117" machi="4" ten="40,5200,0" yaku="1,1,52,2,53,0" doraHai="112" doraHaiUra="120" who="2" fromWho="0" sc="250,-52,250,0,240,62,250,0" /><INIT seed="1,0,0,5,0,118" ten="198,250,302,250" oya="1" hai0="12,62,31,106,2,57,84,99,120,34,131,124,37" hai1="44,58,104,130,94,72,95,60,6,36,68,29,127" hai2="51,5,97,93,92,125,9,82,59,103,101,88,91" hai3="128,90,40,121,15,78,73,115,122,39,17,116,7"/><U33/><E72/><V10/><F125/><W112/><G7/><T87/><D2/><U41/><E127/><V63/><F82/><W71/><G71/><T114/><D37/><U77/><E130/><V27/><F51/><W25/><G40/><T61/><D114/><U47/><E77/><V65/><F27/><W1/><G39/><T102/><D124/><U135/><E135/><V53/><F65/><W74/><G74/><T0/><D0/><U35/><E104/><V16/><F16/><W110/><G1/><T46/><D131/><U69/><E6/><V38/><F38/><W42/><G42/><T24/><D46/><U20/><E20/><V23/><F23/><W11/><G128/><T81/><D120/><U19/><E19/><V56/><F59/><W109/><G90/><T111/><D111/><N who="3" m="42505" /><G25/><T100/><D100/><N who="2" m="38474" /><F5/><W105/><G105/><T45/><D45/><U134/><E36/><V89/><F89/><W28/><G28/><T108/><D108/><U64/><E41/><V52/><F53/><W113/><G116/><T18/><D81/><AGARI ba="0,0" hai="11,15,17,73,78,81,112,113,115,121,122" m="42505" machi="81" ten="40,5200,0" yaku="14,1,52,2" doraHai="118" who="3" fromWho="0" sc="198,-52,250,0,302,0,250,52" /><INIT seed="2,0,0,3,2,31" ten="146,250,302,302" oya="2" hai0="47,119,109,135,49,14,76,57,24,91,118,82,104" hai1="37,40,69,90,19,89,133,12,68,29,5,54,132" hai2="61,116,32,92,111,0,88,21,80,26,97,23,72" hai3="7,130,59,78,123,103,30,3,125,67,39,79,75"/><V71/><F116/><W1/><G39/><T84/><D104/><U9/><E54/><V107/><F0/><W77/><G123/><T96/><D135/><U55/><E55/><V134/><F134/><W110/><G110/><T121/><D121/><U28/><E37/><V53/><F111/><W41/><G41/><T56/><D109/><U74/><E40/><V122/><F122/><W11/><G130/><T48/><D48/><U52/><E74/><V87/><F107/><W120/><G120/><T38/><D38/><U85/><E5/><V4/><F4/><W64/><G125/><T131/><D131/><U126/><E126/><V100/><F72/><W65/><G1/><T105/><D14/><U66/><E66/><V8/><F8/><W95/><G75/><T99/><D105/><U98/><E98/><V35/><F21/><W93/><G103/><T34/><D56/><U70/><E90/><V81/><F80/><W6/><G6/><T50/><D57/><U94/><E133/><V101/><F100/><W113/><G113/><T15/><D15/><U46/><REACH who="1" step="1"/><E132/><REACH who="1" ten="146,240,302,302" step="2"/><V18/><REACH who="2" step="1"/><F53/><REACH who="2" ten="146,240,292,302" step="2"/><W43/><G7/><T62/><D118/><U51/><AGARI ba="0,2" hai="9,12,19,28,29,46,51,52,68,69,70,85,89,94" machi="51" ten="40,8000,1" yaku="1,1,2,1,0,1,54,1,53,0" doraHai="31" doraHaiUra="102" who="1" fromWho="1" sc="146,-20,240,100,292,-40,302,-20" /><INIT seed="3,0,0,3,1,63" ten="126,340,252,282" oya="3" hai0="3,105,59,87,97,82,41,113,96,26,44,54,16" hai1="11,84,81,116,120,9,39,34,102,23,124,92,65" hai2="43,90,56,53,51,103,132,27,125,66,57,118,110" hai3="109,70,119,79,55,19,126,24,20,30,134,12,83"/><W36/><G119/><T18/><D3/><U29/><E39/><V128/><F110/><W61/><G36/><T133/><D133/><U130/><E34/><V131/><F118/><W17/><G126/><T42/><D113/><U21/><E120/><V28/><F125/><W69/><G134/><T74/><D74/><U89/><E130/><N who="2" m="49707" /><F132/><W45/><G109/><T0/><D0/><U71/><E23/><N who="2" m="15487" /><F103/><W10/><G19/><T4/><D4/><U104/><E104/><V99/><F43/><W5/><G5/><T85/><D105/><U25/><E124/><V15/><F15/><W46/><G70/><T52/><D59/><U127/><E71/><V80/><F80/><W75/><G55/><T68/><D44/><U72/><E72/><V117/><F117/><W129/><G129/><T1/><D1/><U123/><E123/><V50/><F99/><W93/><G93/><T121/><D68/><U101/><E92/><V95/><F95/><W49/><G49/><T108/><D108/><U100/><E116/><V40/><F90/><W135/><G135/><T106/><D106/><U13/><E127/><V6/><F6/><W77/><G77/><T33/><D82/><U22/><E22/><V48/><F40/><W98/><G98/><T7/><D7/><U86/><E9/><V58/><F53/><W78/><G78/><T115/><D33/><U107/><E107/><V76/><F76/><W8/><G8/><T35/><D35/><U111/><E11/><V62/><AGARI ba="0,0" hai="48,50,51,56,57,58,62,66" m="15487,49707" machi="62" ten="40,2700,0" yaku="19,1,52,1" doraHai="63" who="2" fromWho="2" sc="126,-7,340,-7,252,27,282,-13" owari="119,-38.1,333,43.3,279,7.9,269,-13.1" /></mjloggm>