<mjloggm ver="2.3"><GO type="225" lobby="0"/><UN n0="%E3%81%A1%E3%82%85%E3%81%86%E3%81%A9%E3%81%8F%E8%B1%A1%E3%81%95%E3%82%93" n1="%6D%75%75%6D%75%72%61" n2="%E3%81%95%E3%81%8D%E3%81%9F%E3%81%BE%E6%9E%97%E6%AA%8E" n3="%43%68%65" dan="17,17,16,16" rate="2126.53,2202.21,2144.44,2093.27" sx="M,F,M,M"/><TAIKYOKU oya="0"/><INIT seed="0,0,0,3,3,57" ten="250,250,250,250" oya="0" hai0="128,119,80,51,50,61,8,9,10,108,126,44,87" hai1="85,79,122,45,16,76,28,17,25,120,71,89,43" hai2="97,92,115,103,55,70,112,124,29,41,95,27,75" hai3="34,19,99,121,52,111,118,20,32,62,86,35,91"/><T53/><D119/><U117/><E117/><V67/><F75/><W101/><G118/><T127/><D128/><U23/><E71/><V2/><F2/><W37/><G37/><T14/><D108/><U84/><E122/><V6/><F6/><W130/><G130/><T116/><D116/><U54/><E54/><V105/><F41/><W113/><G113/><T123/><D123/><U107/><E107/><V68/><F68/><W96/><G111/><T5/><D50/><U77/><E120/><V48/><F124/><N who="0" m="47658" /><D61/><U7/><E7/><V73/><F73/><W58/><G121/><T47/><D47/><U30/><E30/><V11/><F11/><W56/><G56/><T83/><D83/><U94/><REACH who="1" step="1"/><E84/><REACH who="1" ten="250,240,250,250" step="2"/><V88/><F112/><W72/><G72/><T26/><D26/><U133/><E133/><V81/><F27/><W106/><G106/><T102/><D102/><U49/><AGARI ba="0,1" hai="16,17,23,25,28,43,45,49,76,77,79,85,89,94" machi="49" ten="30,7900,0" yaku="1,1,0,1,8,1,54,1,53,0" doraHai="57" doraHaiUra="109" who="1" fromWho="1" sc="250,-39,240,89,250,-20,250,-20" /><INIT seed="1,0,0,1,5,131" ten="211,329,230,230" oya="1" hai0="54,65,39,100,46,23,11,53,44,99,61,101,40" hai1="7,88,129,69,16,113,28,90,27,135,15,89,74" hai2="82,122,51,21,71,68,19,22,60,121,114,84,17" hai3="81,70,45,52,79,116,77,42,35,106,132,72,107"/><U83/><E113/><V111/><F111/><W66/><G116/><T38/><D11/><U36/><E129/><V56/><F114/><W112/><G112/><T13/><D100/><U67/><E135/><V125/><F125/><W8/><G132/><T91/><D91/><U108/><E108/><V109/><F109/><W104/><G79/><T102/><D102/><U117/><E117/><V115/><F115/><W4/><G52/><T31/><D44/><U32/><E36/><V96/><F96/><W55/><G55/><T18/><D31/><U59/><E7/><V30/><F30/><W120/><G120/><T25/><D13/><U33/><E69/><V128/><F51/><W95/><G95/><T43/><D43/><U41/><E41/><V75/><F84/><W94/><G94/><T26/><D25/><U105/><E33/><V130/><F82/><W80/><G80/><T103/><D38/><U126/><E126/><V5/><F5/><W127/><G127/><T123/><D103/><U76/><E105/><V24/><F24/><W86/><G86/><T49/><D39/><U37/><E37/><V57/><REACH who="2" step="1"/><F60/><REACH who="2" ten="211,329,220,230" step="2"/><N who="3" m="40263" /><G4/><T47/><D123/><U6/><E6/><V2/><F2/><W10/><G35/><T12/><D26/><U0/><E0/><V62/><F62/><W14/><G14/><T110/><D110/><U124/><E124/><V87/><F87/><W1/><G1/><T63/><D63/><N who="1" m="38399" /><E15/><V50/><F50/><N who="3" m="26935" /><G81/><T92/><D46/><U85/><E85/><V118/><F118/><W134/><G134/><T98/><D98/><U58/><E83/><RYUUKYOKU ba="0,1" sc="211,10,329,-30,220,10,230,10" hai0="12,18,23,40,47,49,53,54,61,65,92,99,101" hai2="17,19,21,22,56,57,68,71,75,121,122,128,130" hai3="8,10,72,77,104,106,107" /><INIT seed="2,1,1,0,0,51" ten="221,299,230,240" oya="2" hai0="72,114,108,36,27,127,94,7,10,24,86,82,43" hai1="93,4,60,23,85,125,90,42,59,61,0,99,87" hai2="96,8,73,126,63,32,55,62,132,16,120,76,131" hai3="56,5,47,17,20,41,116,101,1,37,124,121,103"/><V104/><F120/><W110/><G121/><T102/><D114/><U81/><E125/><V75/><F32/><W135/><G116/><T83/><D127/><U95/><E42/><V133/><F126/><W19/><G124/><T49/><D108/><U9/><E23/><V134/><F131/><W78/><G110/><T54/><D36/><U45/><E45/><V64/><F76/><W13/><G135/><T3/><D43/><U25/><E25/><V115/><F115/><W57/><G57/><T26/><D72/><U118/><E118/><V107/><F64/><W34/><G34/><T15/><D3/><U97/><E95/><V29/><F29/><W77/><G77/><T58/><REACH who="0" step="1"/><D86/><REACH who="0" ten="211,299,230,240" step="2"/><U44/><E87/><V88/><F75/><W31/><G1/><T71/><D71/><U98/><E85/><V21/><F73/><W28/><G41/><T122/><D122/><U12/><E0/><V70/><F70/><W52/><G37/><T65/><D65/><U22/><E81/><V74/><F74/><W128/><G128/><T130/><D130/><U79/><E79/><V68/><F68/><W53/><G78/><T105/><D105/><U129/><E129/><V2/><F107/><W123/><G123/><T91/><D91/><U11/><E90/><V35/><F104/><W89/><G89/><T117/><D117/><U33/><E93/><V46/><F133/><W109/><G109/><T30/><D30/><U48/><E98/><AGARI ba="1,2" hai="7,10,15,24,26,27,49,54,58,82,83,94,98,102" machi="98" ten="40,5200,0" yaku="1,1,8,1,52,1,53,0" doraHai="51" doraHaiUra="100" who="0" fromWho="1" sc="211,75,299,-55,230,0,240,0" /><INIT seed="3,0,0,2,2,127" ten="286,244,230,240" oya="3" hai0="107,32,57,20,65,63,98,93,105,42,121,3,71" hai1="78,80,124,55,70,130,56,36,102,17,104,8,29" hai2="109,49,106,40,26,133,46,67,62,94,74,6,47" hai3="76,112,7,23,39,125,92,38,110,99,58,84,114"/><W75/><G75/><T0/><D121/><U2/><E124/><V16/><F109/><W129/><G125/><T54/><D32/><U72/><E70/><V87/><F106/><W19/><G7/><T77/><D77/><U113/><E113/><V91/><F133/><W100/><G110/><T41/><D20/><U86/><E36/><V64/><F74/><W24/><G39/><T116/><D116/><U119/><E29/><V73/><F73/><W15/><G38/><T88/><D105/><U79/><E119/><V51/><F6/><W128/><G58/><T101/><D0/><U108/><E108/><V96/><F62/><W33/><G33/><T90/><D3/><U134/><E134/><V82/><F26/><W97/><G97/><T69/><D90/><U118/><E118/><V103/><REACH who="2" step="1"/><F16/><REACH who="2" ten="286,244,220,240" step="2"/><W14/><G114/><T115/><D115/><U135/><E17/><V68/><F68/><W10/><G112/><T18/><D18/><U123/><E72/><V27/><F27/><W61/><G61/><T50/><D69/><U122/><E135/><V28/><F28/><W59/><G24/><T126/><D126/><U60/><E123/><V83/><F83/><N who="3" m="47207" /><G10/><T44/><D71/><U21/><E122/><V37/><F37/><W45/><G19/><T4/><D4/><U111/><E111/><V66/><F66/><W5/><G5/><T85/><AGARI ba="0,1" hai="41,42,44,50,54,57,63,65,85,88,93,98,101,107" machi="85" ten="20,2700,0" yaku="0,1,7,1,54,1" doraHai="127" who="0" fromWho="0" sc="286,37,244,-7,220,-7,240,-13" owari="323,42.3,237,3.7,213,-28.7,227,-17.3" /></mjloggm>