<mjloggm ver="2.3"><GO type="225" lobby="0"/><UN n0="%E5%A4%9C%E3%81%AE%E3%82%AC%E3%82%B9%E3%83%91%E3%83%BC%E3%83%AB" n1="%E6%B8%A9%E2%98%85%E6%83%85%E2%98%85%E6%8E%AA%E2%98%85%E7%BD%AE" n2="%E6%9D%B1%E9%A2%A8%E3%81%AE%E3%81%8D%E3%82%83%E3%81%B7%E3%81%95%E3%82%93" n3="%E3%82%B2%E3%82%B9%E8%8C%82%E5%8B%9D" dan="16,17,16,16" rate="2112.98,2220.20,2222.35,2098.50" sx="M,M,M,F"/><TAIKYOKU oya="0"/><INIT seed="0,0,0,4,3,105" ten="250,250,250,250" oya="0" hai0="34,83,20,36,18,3,97,75,126,131,70,16,114" hai1="121,80,23,69,134,92,124,30,103,108,101,63,89" hai2="26,110,37,47,21,125,15,44,45,24,113,135,117" hai3="14,25,116,56,71,102,32,77,54,104,51,82,93"/><T22/><D114/><U84/><E121/><V109/><F113/><W27/><G116/><T6/><D70/><U12/><E108/><N who="2" m="41579" /><F117/><W33/><G71/><T58/><D34/><U50/><E134/><V53/><F135/><W39/><G104/><T98/><D36/><U13/><E124/><V55/><F125/><W87/><G39/><T94/><D126/><U61/><E69/><V31/><F37/><W78/><G78/><T43/><D43/><U112/><E112/><V59/><F15/><N who="1" m="5705" /><E50/><N who="2" m="28871" /><F24/><W67/><G67/><T41/><D41/><U79/><E63/><AGARI ba="0,0" hai="21,26,31,45,47,55,59,63" m="28871,41579" machi="63" ten="30,1000,0" yaku="14,1" doraHai="105" who="2" fromWho="1" sc="250,0,250,-10,250,10,250,0" /><INIT seed="1,0,0,5,1,69" ten="250,240,260,250" oya="1" hai0="112,93,37,50,26,96,111,126,100,74,65,29,92" hai1="36,73,103,113,133,87,22,46,79,109,58,102,104" hai2="0,44,121,14,119,118,11,3,63,66,40,12,4" hai3="110,18,39,91,27,123,15,120,107,129,9,33,81"/><U77/><E113/><V54/><F54/><W78/><G107/><T34/><D112/><U24/><E73/><V56/><F121/><W95/><G110/><T35/><D74/><U47/><E109/><V124/><F124/><W125/><G125/><T108/><D126/><U128/><E36/><V60/><F60/><W7/><G39/><T131/><D131/><U83/><E128/><V53/><F66/><W28/><G129/><T117/><D117/><U134/><E79/><V43/><F43/><W86/><REACH who="3" step="1"/><G7/><REACH who="3" ten="250,240,260,240" step="2"/><T8/><D37/><U62/><E104/><V13/><REACH who="2" step="1"/><F0/><REACH who="2" ten="250,240,250,240" step="2"/><W116/><G116/><T10/><D108/><U71/><E134/><V31/><F31/><W64/><G64/><T61/><D111/><U98/><E133/><V16/><F16/><W88/><G88/><T6/><D65/><U45/><E103/><V51/><AGARI ba="0,2" hai="3,4,11,12,13,14,40,44,51,53,56,63,118,119" machi="51" ten="30,2000,0" yaku="1,1,0,1,53,0" doraHai="69" doraHaiUra="105" who="2" fromWho="2" sc="250,-5,240,-10,250,40,240,-5" /><INIT seed="2,0,0,4,4,34" ten="245,230,290,235" oya="2" hai0="91,29,95,58,81,32,63,1,14,24,90,67,40" hai1="79,130,122,64,51,127,129,11,77,96,102,72,94" hai2="30,131,132,20,118,116,62,69,115,4,36,44,106" hai3="105,28,93,70,45,31,17,41,22,109,47,103,56"/><V108/><F106/><W98/><G109/><T38/><D1/><U42/><E127/><V0/><F20/><W50/><G70/><T88/><D38/><U8/><E122/><V57/><F30/><W75/><G75/><T134/><D40/><U80/><E77/><V9/><F115/><W55/><G45/><T23/><D134/><U16/><E64/><V2/><F108/><W18/><G105/><T27/><D14/><U59/><E16/><V112/><F112/><W66/><G66/><T120/><D81/><U6/><E42/><V74/><F132/><W39/><G17/><T110/><D110/><U25/><E25/><AGARI ba="0,0" hai="18,22,25,28,31,39,41,47,50,55,56,93,98,103" machi="25" ten="30,1000,0" yaku="7,1" doraHai="34" who="3" fromWho="1" sc="245,0,230,-10,290,0,235,10" /><INIT seed="3,0,0,0,5,87" ten="245,220,290,245" oya="3" hai0="36,126,135,22,101,112,72,28,129,92,115,95,58" hai1="84,79,91,12,60,105,41,61,86,102,117,124,32" hai2="4,21,9,52,110,90,131,108,132,107,49,75,38" hai3="53,133,45,85,51,122,119,116,111,59,0,8,76"/><W19/><G122/><T71/><D71/><U24/><E124/><V89/><F75/><W6/><G133/><T80/><D36/><U2/><E2/><V120/><F132/><W113/><G113/><N who="0" m="43595" /><D129/><U128/><E128/><V55/><F107/><W44/><G111/><N who="2" m="42537" /><F38/><W14/><G116/><T43/><D43/><U104/><E117/><V23/><F120/><W83/><G119/><T73/><D135/><U34/><E41/><V26/><F131/><W17/><G17/><T70/><D70/><U27/><E79/><V20/><F26/><W42/><G42/><T11/><D126/><U103/><REACH who="1" step="1"/><E12/><REACH who="1" ten="245,210,290,245" step="2"/><N who="2" m="5159" /><F55/><W25/><REACH who="3" step="1"/><G25/><REACH who="3" ten="245,210,290,235" step="2"/><T57/><D72/><U18/><E18/><V13/><F13/><W130/><G130/><T29/><D73/><U1/><E1/><V106/><F106/><W67/><G67/><T35/><D29/><U114/><E114/><V77/><F77/><W88/><G88/><AGARI ba="0,2" hai="24,27,32,34,60,61,84,86,88,91,102,103,104,105" machi="88" ten="25,12000,2" yaku="1,1,22,2,52,2,54,1,53,0" doraHai="87" doraHaiUra="64" who="1" fromWho="3" sc="245,0,210,140,290,0,235,-120" owari="245,-15.5,350,45.0,290,9.0,115,-38.5" /></mjloggm>