<mjloggm ver="2.3"><GO type="225" lobby="0"/><UN n0="%E5%AF%82%E5%AF%9E%E3%82%AE%E3%83%8D%E3%82%B9%E3%83%93%E3%83%BC%E3%83%AB" n1="%E8%A8%88%E7%AE%97%E6%A9%9F%E8%87%AA%E7%84%B6" n2="%E8%81%B7%E6%A5%AD%E3%80%81%E9%A2%A8%32" n3="%E9%89%A2%E5%B7%BB%E3%82%AC%E3%83%96" dan="16,17,16,16" rate="2145.61,2245.21,2132.55,2145.81" sx="M,M,M,M"/><TAIKYOKU oya="0"/><INIT seed="0,0,0,0,5,33" ten="250,250,250,250" oya="0" hai0="29,46,112,55,84,133,27,81,76,103,49,40,8" hai1="73,6,53,130,42,43,59,120,41,82,16,115,86" hai2="113,70,56,13,57,3,54,108,26,96,34,117,90" hai3="67,114,97,60,122,35,68,100,71,134,11,129,102"/><T75/><D133/><U47/><E120/><V30/><F108/><W88/><G114/><T89/><D112/><U92/><E115/><V69/><F113/><W132/><G129/><T65/><D65/><U12/><E130/><V135/><F117/><W48/><G35/><T61/><D103/><U51/><E73/><V85/><F135/><N who="3" m="51755" /><G68/><T118/><D118/><U14/><E92/><V77/><F77/><W79/><G79/><T20/><D8/><U126/><E126/><V4/><F13/><W125/><G125/><T99/><D99/><U21/><E12/><V1/><F57/><W98/><G98/><T45/><D61/><U87/><E6/><V39/><F39/><W83/><G122/><T95/><REACH who="0" step="1"/><D46/><REACH who="0" ten="240,250,250,250" step="2"/><U22/><E87/><V131/><F96/><W0/><G97/><T110/><D110/><U128/><E128/><V32/><F131/><W116/><G116/><T104/><D104/><U105/><E105/><V28/><F69/><W106/><G106/><T37/><D37/><U2/><E2/><V36/><F70/><W17/><G0/><T9/><D9/><N who="1" m="6223" /><E59/><V80/><F36/><W10/><G10/><T119/><D119/><U7/><E7/><V18/><F3/><W78/><G100/><T23/><D23/><U91/><AGARI ba="0,1" hai="21,22,41,42,43,47,51,53,82,86,91" m="6223" machi="91" ten="30,4000,0" yaku="25,1,8,1,54,1" doraHai="33" who="1" fromWho="1" sc="240,-20,250,50,250,-10,250,-10" /><INIT seed="1,0,0,1,2,92" ten="220,300,240,240" oya="1" hai0="15,53,39,70,82,44,101,0,116,68,100,127,64" hai1="135,122,117,8,106,107,72,11,25,90,33,91,17" hai2="43,103,60,133,69,113,84,6,126,12,73,131,41" hai3="47,71,128,111,99,105,123,66,77,65,2,27,48"/><U50/><E117/><V102/><F73/><W88/><G123/><T54/><D0/><U49/><E72/><V119/><F119/><W5/><G111/><T109/><D116/><U40/><E122/><V32/><F32/><W42/><G128/><T97/><D109/><U62/><E135/><V16/><F113/><W3/><G77/><T20/><D101/><N who="2" m="38410" /><F69/><W76/><G76/><T4/><D82/><U36/><E36/><V61/><F131/><W26/><G105/><T21/><D127/><U94/><E62/><N who="2" m="24171" /><F126/><W10/><G2/><T104/><D64/><U89/><E94/><V130/><F130/><W112/><G112/><T132/><D132/><U28/><E17/><V1/><F1/><W22/><G27/><T74/><D74/><U118/><E118/><V9/><F133/><W86/><G99/><T56/><D70/><U96/><E96/><V134/><F134/><W75/><G75/><T63/><D68/><U85/><E85/><V46/><F46/><W23/><G23/><T35/><D35/><U108/><E108/><V59/><F59/><W52/><G42/><N who="2" m="15881" /><F84/><W67/><G71/><T115/><D115/><U124/><E124/><V110/><F110/><W34/><G34/><T58/><D39/><U95/><E40/><V55/><F55/><W78/><G66/><T125/><D44/><U38/><E38/><V80/><F80/><W14/><G3/><T121/><D125/><U81/><E81/><V29/><F29/><N who="3" m="17623" /><G67/><T79/><D121/><U7/><E107/><V30/><F30/><W93/><G65/><T120/><D120/><U129/><E129/><RYUUKYOKU ba="0,0" sc="220,-15,300,-15,240,15,240,15" hai2="6,9,12,16" hai3="5,10,14,47,48,52,78,86,88,93" /><INIT seed="2,1,0,4,0,103" ten="205,285,255,255" oya="2" hai0="0,104,83,68,87,38,115,129,64,45,91,2,77" hai1="42,55,108,76,10,29,57,41,5,39,69,93,96" hai2="15,99,73,119,89,40,106,102,80,31,74,81,11" hai3="65,54,123,8,95,92,88,61,1,114,26,16,48"/><V125/><F119/><W133/><G123/><T25/><D115/><U128/><E69/><V30/><F125/><W131/><G131/><T62/><D129/><U33/><E108/><V94/><F40/><W21/><G133/><T37/><D104/><U118/><E39/><V20/><F74/><W98/><G95/><T53/><D25/><U122/><E118/><V24/><F31/><W34/><G34/><T90/><D38/><U112/><E76/><V78/><F81/><W75/><G75/><T19/><D19/><U111/><E111/><V27/><F20/><W35/><G35/><T3/><REACH who="0" step="1"/><D53/><REACH who="0" ten="195,285,255,255" step="2"/><U130/><E112/><V28/><F24/><W127/><G114/><T117/><D117/><U84/><E130/><V13/><F27/><W132/><G132/><T44/><D44/><U22/><E128/><V7/><REACH who="2" step="1"/><F15/><REACH who="2" ten="195,285,245,255" step="2"/><W70/><G127/><T23/><D23/><U124/><E22/><V49/><F49/><W63/><G48/><T46/><D46/><U97/><E124/><V101/><F101/><W71/><G26/><T72/><D72/><U17/><E29/><V50/><F50/><W51/><G21/><T85/><D85/><AGARI ba="1,2" hai="7,11,13,28,30,73,78,80,85,89,94,99,102,106" machi="85" ten="30,12000,1" yaku="1,1,7,1,24,2,52,1,53,0" doraHai="103" doraHaiUra="43" who="2" fromWho="0" sc="195,-123,285,0,245,143,255,0" /><INIT seed="2,2,0,3,5,6" ten="72,285,388,255" oya="2" hai0="114,109,129,87,69,101,113,56,85,19,65,35,78" hai1="73,102,127,10,34,128,86,135,41,98,107,4,18" hai2="92,22,68,16,122,110,43,7,17,88,119,105,1" hai3="9,77,126,108,46,62,50,14,82,42,111,100,131"/><V71/><F119/><W84/><G131/><T64/><D35/><U38/><E73/><V81/><F105/><W130/><G130/><T44/><D101/><U76/><E128/><V30/><F122/><W2/><G126/><T93/><D129/><U75/><E86/><V51/><F81/><W61/><G2/><T11/><D109/><N who="3" m="42057" /><G100/><T125/><D125/><U89/><E89/><V37/><F37/><W133/><G133/><T117/><D117/><U20/><E34/><V27/><F110/><W123/><G123/><T106/><D106/><U48/><E48/><V12/><F1/><W45/><G46/><T0/><D0/><N who="1" m="263" /><E20/><V121/><F121/><W47/><G47/><T25/><D44/><N who="1" m="23607" /><E18/><AGARI ba="2,0" hai="9,14,18,42,45,50,61,62,77,82,84" m="42057" machi="18" ten="30,2000,0" yaku="14,1,52,1" doraHai="6" who="3" fromWho="1" sc="72,0,285,-26,388,0,255,26" /><INIT seed="3,0,0,2,3,116" ten="72,259,388,281" oya="3" hai0="0,109,47,3,11,57,10,49,110,19,61,111,123" hai1="23,48,21,115,96,131,36,94,46,16,99,127,34" hai2="12,132,62,45,35,39,118,4,88,43,33,22,104" hai3="80,134,14,15,117,133,53,92,64,121,27,68,106"/><W31/><G106/><T29/><D29/><U24/><E115/><V66/><F104/><W60/><G117/><T97/><D97/><U83/><E131/><V114/><F114/><W28/><G28/><T7/><D19/><N who="1" m="12351" /><E36/><V98/><F132/><W126/><G126/><T70/><D70/><U50/><E34/><V65/><F65/><W74/><G92/><T93/><D93/><U6/><E127/><V87/><F98/><N who="1" m="37417" /><E94/><V58/><F118/><W54/><G15/><T42/><D3/><U40/><E6/><V101/><F101/><W107/><G14/><T108/><N who="0" m="27648" /><DORA hai="78" /><T56/><D10/><U75/><E75/><V38/><F38/><W52/><G107/><T17/><D17/><U119/><E119/><V89/><F89/><W5/><G5/><T25/><D25/><N who="1" m="14567" /><E48/><V95/><REACH who="2" step="1"/><F22/><REACH who="2" ten="72,259,378,281" step="2"/><W26/><G121/><T81/><D81/><AGARI ba="0,1" hai="40,46,50,81,83" m="14567,37417,12351" machi="81" ten="30,7700,0" yaku="8,1,52,2,54,1" doraHai="116,78" who="1" fromWho="0" sc="72,-77,259,87,378,0,281,0" owari="-5,-50.5,346,14.6,378,47.8,281,-11.9" /></mjloggm>