<mjloggm ver="2.3"><GO type="225" lobby="0"/><UN n0="%E9%A2%A8%E3%81%A7%E9%B3%B4%E3%81%8F" n1="%E7%BD%AA%E5%88%91%E6%B3%95%E5%AE%9A%E4%B8%BB%E7%BE%A9" n2="%48%61%61%61%6C%61%6E%64" n3="%E6%A1%9C%E8%8A%B1%E9%96%83%E3%80%85" dan="16,16,17,18" rate="2125.52,2171.62,2241.96,2202.67" sx="M,M,M,M"/><TAIKYOKU oya="0"/><INIT seed="0,0,0,4,5,50" ten="250,250,250,250" oya="0" hai0="75,70,77,81,18,85,16,107,95,132,108,59,37" hai1="63,54,43,51,123,20,57,68,128,112,55,78,127" hai2="22,3,76,17,131,67,2,36,101,7,8,1,103" hai3="114,86,53,47,90,88,5,61,62,126,106,14,4"/><T40/><D70/><U32/><E32/><V71/><F36/><W80/><G114/><T6/><D132/><U135/><E123/><V115/><F115/><W27/><G126/><T100/><D6/><N who="3" m="2665" /><G106/><T91/><D108/><U79/><E135/><V12/><F131/><W130/><G130/><T97/><REACH who="0" step="1"/><D59/><REACH who="0" ten="240,250,250,250" step="2"/><U45/><E128/><V65/><F1/><W87/><G14/><T92/><D92/><U38/><E127/><V58/><F2/><W122/><G122/><T94/><D94/><U116/><E112/><V93/><F93/><N who="3" m="54423" /><G27/><T33/><D33/><U105/><E105/><V96/><F71/><W83/><G83/><T117/><D117/><U66/><E116/><V84/><F12/><W69/><G69/><T109/><D109/><U30/><E68/><V125/><F3/><W98/><G98/><T25/><D25/><N who="1" m="16679" /><E38/><V113/><F113/><W46/><G62/><T39/><D39/><U99/><E99/><V28/><F96/><W111/><G111/><T119/><D119/><U102/><E102/><V9/><F101/><W41/><G41/><T44/><AGARI ba="0,1" hai="16,18,37,40,44,75,77,81,85,91,95,97,100,107" machi="44" ten="30,12000,1" yaku="1,1,0,1,24,2,54,1,53,0" doraHai="50" doraHaiUra="49" who="0" fromWho="0" sc="240,130,250,-40,250,-40,250,-40" /><INIT seed="0,1,0,0,5,66" ten="370,210,210,210" oya="0" hai0="18,89,127,70,95,4,10,72,76,2,32,118,64" hai1="11,61,129,51,111,46,94,122,110,108,135,6,105" hai2="121,15,39,8,82,113,102,29,48,58,98,88,74" hai3="134,99,93,33,62,128,73,90,104,97,1,131,80"/><T123/><D32/><U100/><E122/><V71/><F121/><W30/><G1/><T101/><D123/><U12/><E105/><V115/><F39/><W34/><G62/><T17/><D118/><U43/><E129/><N who="3" m="49738" /><G30/><T50/><D101/><U116/><E116/><V13/><F29/><W22/><G22/><T103/><D103/><U117/><E117/><V84/><F71/><W19/><G19/><T75/><D127/><U7/><E135/><V107/><F74/><W45/><G45/><T109/><D109/><U37/><E61/><V63/><F48/><W28/><G28/><T21/><D18/><N who="1" m="8479" /><E37/><V20/><F20/><W119/><G119/><T112/><D112/><U36/><E36/><V56/><F56/><W126/><G134/><T69/><D64/><U133/><E133/><V35/><F35/><W47/><G47/><T87/><D50/><U53/><E43/><V92/><F15/><W60/><G60/><T86/><D75/><U77/><E77/><V41/><F41/><W49/><G49/><T55/><D55/><U132/><E132/><V91/><F63/><W124/><G33/><T23/><D72/><U25/><E25/><V83/><F113/><W14/><G14/><T67/><D67/><U27/><E27/><V65/><F115/><W59/><G34/><T42/><D42/><U120/><E120/><V130/><F130/><W0/><G0/><T96/><D76/><U125/><E125/><N who="3" m="48234" /><G104/><T114/><D114/><U52/><E53/><V44/><F107/><W85/><G59/><T3/><D3/><U79/><E79/><AGARI ba="1,0" hai="73,79,80,85,90,93,97,99" m="48234,49738" machi="79" ten="30,7700,0" yaku="19,1,18,1,34,2" doraHai="66" who="3" fromWho="1" sc="370,0,210,-80,210,0,210,80" /><INIT seed="1,0,0,2,4,135" ten="370,130,210,290" oya="1" hai0="8,90,113,51,108,39,44,69,92,75,125,66,107" hai1="122,0,37,101,49,96,41,74,82,131,91,59,130" hai2="85,103,27,53,52,36,81,126,97,123,65,3,88" hai3="129,31,62,18,94,127,26,110,46,109,83,61,104"/><U2/><E122/><V1/><F123/><W134/><G104/><T29/><D75/><U78/><E37/><V86/><F36/><W98/><G134/><T14/><D39/><U15/><E15/><V58/><F126/><W84/><G18/><T5/><D107/><U54/><E41/><V24/><F65/><W10/><G10/><T117/><D125/><U17/><E17/><V43/><F43/><W121/><G46/><T100/><D100/><U16/><E91/><V73/><F73/><W28/><G129/><N who="1" m="49162" /><E16/><V35/><F1/><W7/><G7/><T80/><D29/><N who="3" m="11337" /><G26/><T25/><D25/><U120/><E120/><V99/><F3/><W64/><G64/><T11/><D14/><U42/><E42/><V68/><F24/><W48/><G48/><T47/><D11/><U116/><E116/><V115/><F27/><W71/><G71/><T6/><D8/><U95/><AGARI ba="0,0" hai="0,2,49,54,59,74,78,82,95,96,101" m="49162" machi="95" ten="30,1500,0" yaku="19,1" doraHai="135" who="1" fromWho="1" sc="370,-5,130,15,210,-5,290,-5" /><INIT seed="1,1,0,4,2,24" ten="365,145,205,285" oya="1" hai0="49,10,37,31,45,111,113,68,42,57,48,112,8" hai1="11,96,102,22,18,25,4,60,89,59,20,106,62" hai2="47,46,128,124,27,43,131,38,120,72,15,36,77" hai3="58,13,73,105,12,16,82,127,86,53,52,3,133"/><U6/><E89/><V67/><F72/><W44/><G3/><T98/><D68/><U9/><E22/><V83/><F120/><W85/><G105/><T78/><D111/><U117/><E117/><V132/><F67/><W81/><G127/><T61/><D78/><U80/><E80/><N who="3" m="30826" /><G73/><T0/><D0/><U63/><REACH who="1" step="1"/><E59/><REACH who="1" ten="365,135,205,285" step="2"/><V107/><F83/><W87/><G133/><T110/><D57/><U100/><E100/><V75/><F132/><W19/><G44/><T29/><D45/><U30/><E30/><V34/><F47/><W28/><G28/><T99/><D31/><U14/><E14/><N who="3" m="5738" /><G53/><T122/><D29/><U54/><E54/><V41/><F46/><W90/><G90/><T70/><D122/><U126/><E126/><V17/><F124/><W5/><G5/><AGARI ba="1,1" hai="4,5,6,9,11,18,20,25,60,62,63,96,102,106" machi="5" ten="40,2000,0" yaku="1,1,53,0" doraHai="24" doraHaiUra="125" who="1" fromWho="3" sc="365,0,135,33,205,0,285,-23" /><INIT seed="1,2,0,1,0,67" ten="365,168,205,262" oya="1" hai0="61,135,16,120,87,15,97,26,6,114,48,128,50" hai1="9,129,101,3,112,59,25,43,104,52,69,99,130" hai2="123,115,51,29,33,41,132,90,57,65,73,34,39" hai3="103,95,91,19,42,47,5,100,35,12,1,80,62"/><U8/><E112/><V28/><F115/><W68/><G35/><T94/><D114/><U36/><E3/><V134/><F123/><W10/><G80/><T102/><D120/><U20/><E43/><V4/><F73/><W108/><G108/><T86/><D135/><N who="2" m="51754" /><F4/><W124/><G124/><T126/><D126/><U81/><E36/><V85/><F39/><W75/><G75/><T111/><D111/><U38/><E38/><V24/><F65/><W21/><G62/><T118/><D118/><U89/><E81/><V119/><F119/><W122/><G68/><T40/><D40/><U22/><E89/><V93/><F57/><W88/><G122/><T107/><D61/><U74/><E74/><V49/><F41/><W37/><REACH who="3" step="1"/><G91/><REACH who="3" ten="365,168,205,252" step="2"/><T32/><D32/><U70/><E130/><V55/><F33/><W13/><G13/><T133/><D15/><U54/><E129/><V117/><F34/><W105/><G105/><T127/><D107/><U71/><E22/><V23/><F117/><W78/><G78/><T96/><D128/><U77/><E77/><V110/><F110/><W7/><G7/><T109/><D6/><U116/><E116/><V106/><F106/><W30/><G30/><T83/><D109/><U0/><E0/><V98/><F28/><W66/><G66/><T2/><D2/><U27/><E27/><V79/><F79/><W60/><G60/><T46/><D26/><U17/><REACH who="1" step="1"/><E54/><REACH who="1" ten="365,158,205,252" step="2"/><V121/><F121/><W113/><G113/><T31/><D127/><U11/><E11/><V45/><F55/><W131/><G131/><T14/><D133/><RYUUKYOKU ba="2,2" sc="365,-15,158,15,205,-15,252,15" hai1="8,9,17,20,25,52,59,69,70,71,99,101,104" hai3="1,5,10,12,19,21,37,42,47,88,95,100,103" /><INIT seed="1,3,2,1,4,63" ten="350,173,190,267" oya="1" hai0="127,12,55,114,15,46,103,117,62,13,28,61,70" hai1="30,100,72,27,38,67,56,36,37,130,132,68,131" hai2="111,29,66,95,120,47,106,6,64,98,79,86,58" hai3="121,43,2,88,101,126,81,133,87,44,125,41,128"/><U90/><E72/><V118/><F118/><W16/><G121/><T89/><D114/><U59/><E100/><V4/><F120/><W42/><G128/><N who="1" m="49194" /><E90/><V54/><F29/><W102/><G2/><T21/><D117/><U24/><E132/><V76/><F111/><W122/><G122/><T11/><D70/><U25/><E30/><V51/><F106/><W107/><G133/><T135/><D135/><U71/><E67/><N who="2" m="25643" /><F47/><W26/><G44/><T113/><D113/><U78/><E78/><N who="2" m="29739" /><F86/><W5/><G107/><T69/><D46/><U32/><E32/><V60/><F60/><W119/><G119/><T19/><D62/><U40/><E40/><V8/><F8/><W57/><G57/><AGARI ba="3,2" hai="24,25,27,36,37,38,56,57,59,68,71" m="49194" machi="57" ten="40,7700,0" yaku="28,2,19,1" doraHai="63" who="1" fromWho="3" sc="350,0,173,106,190,0,267,-86" /><INIT seed="1,4,0,2,2,75" ten="350,279,190,181" oya="1" hai0="121,36,79,23,126,123,103,97,107,91,134,11,51" hai1="6,68,120,7,99,81,64,2,69,46,73,35,40" hai2="37,65,41,105,82,29,12,72,125,14,60,28,3" hai3="47,78,33,95,92,130,17,31,71,21,43,101,44"/><U39/><E120/><N who="0" m="46153" /><D36/><U1/><E35/><V8/><F105/><W93/><G71/><T10/><D134/><U77/><E64/><V70/><F125/><W20/><G130/><T42/><D126/><U113/><E113/><V13/><F41/><W106/><G33/><T119/><D79/><U104/><E7/><V59/><F37/><W128/><G128/><T112/><D112/><U9/><E2/><V86/><F72/><W58/><G58/><T49/><D119/><U80/><E80/><V25/><F70/><W135/><G78/><T98/><D23/><U67/><E67/><V89/><REACH who="2" step="1"/><F25/><REACH who="2" ten="350,279,180,181" step="2"/><N who="3" m="16815" /><G106/><T108/><D42/><U24/><E24/><V84/><F84/><W34/><G135/><T115/><D107/><U32/><E32/><V114/><F114/><W116/><G34/><T124/><D115/><U4/><E4/><AGARI ba="4,1" hai="3,4,8,12,13,14,28,29,59,60,65,82,86,89" machi="4" ten="40,2600,0" yaku="1,1,53,1" doraHai="75" doraHaiUra="87" who="2" fromWho="1" sc="350,0,279,-38,180,48,181,0" /><INIT seed="2,0,0,3,3,83" ten="350,241,228,181" oya="2" hai0="61,35,104,30,132,111,119,133,118,112,88,28,39" hai1="7,85,90,13,68,99,24,72,113,31,51,116,78" hai2="125,18,8,0,47,10,81,134,36,26,123,98,58" hai3="52,93,65,115,53,38,117,131,96,5,22,16,60"/><V89/><F123/><W109/><G117/><N who="0" m="44555" /><D39/><U130/><E113/><V66/><F125/><W67/><G115/><T11/><D112/><U14/><E116/><V59/><F134/><N who="0" m="51818" /><D35/><U42/><E68/><V62/><F0/><W91/><G109/><T84/><D104/><U6/><E130/><V15/><F26/><N who="3" m="14663" /><G38/><T3/><D61/><U27/><E99/><V48/><F36/><W114/><G114/><T86/><D86/><U20/><E72/><V2/><F98/><W64/><G131/><T103/><D103/><U41/><E78/><V43/><F2/><W73/><G73/><T45/><D45/><N who="1" m="26031" /><E42/><V124/><F124/><W135/><G135/><T70/><D70/><U4/><E27/><V29/><F43/><W95/><G5/><N who="0" m="1471" /><D111/><U9/><E9/><V49/><F8/><W37/><G37/><T71/><D71/><U1/><E1/><V92/><F10/><W33/><G33/><T101/><D101/><U21/><E21/><V107/><F107/><W120/><G120/><T69/><D69/><U102/><E102/><V56/><F47/><W17/><G60/><T110/><D110/><U128/><E128/><V77/><F62/><W46/><G46/><T12/><D12/><U122/><E122/><V105/><F105/><W75/><G75/><T25/><D25/><U126/><E126/><V108/><F108/><W80/><G96/><T32/><D32/><U50/><E50/><V74/><F48/><W121/><G121/><T55/><D55/><N who="3" m="21065" /><G17/><T106/><D106/><U63/><E63/><N who="2" m="38247" /><F49/><W82/><G91/><T54/><D54/><U34/><E34/><RYUUKYOKU ba="0,0" sc="350,10,241,10,228,-30,181,10" hai0="28,30,84,88" hai1="4,6,7,13,14,20,24,31,85,90" hai3="64,65,67,80,82,93,95" /><INIT seed="3,1,0,0,2,34" ten="360,251,198,191" oya="3" hai0="126,60,27,61,28,118,4,72,59,32,117,12,92" hai1="64,106,0,86,31,76,85,110,119,101,91,1,123" hai2="43,133,55,134,52,53,30,38,67,108,90,125,73" hai3="17,81,15,79,88,98,112,36,62,114,124,68,3"/><W89/><G36/><T120/><D72/><U47/><E110/><V95/><F108/><W83/><G124/><T103/><D126/><U19/><E64/><V26/><F73/><W71/><G3/><T58/><D120/><U115/><E31/><V65/><F125/><W122/><G122/><T77/><D77/><U14/><E115/><V50/><F38/><W24/><G24/><T87/><D12/><U111/><E111/><V18/><F18/><W45/><G45/><T8/><D87/><U69/><E69/><V129/><F129/><W57/><G71/><T132/><D132/><N who="2" m="50794" /><F50/><W96/><G68/><T127/><D92/><U109/><E47/><V121/><F43/><W104/><G114/><T63/><D103/><U135/><E76/><V94/><F94/><N who="3" m="56391" /><G79/><T46/><D46/><U56/><E101/><V40/><F40/><W16/><G112/><T39/><D39/><U33/><E14/><V41/><F41/><W44/><G44/><T74/><D74/><U6/><E33/><N who="2" m="20695" /><F121/><W84/><G83/><T105/><D105/><U75/><E56/><V13/><F13/><W128/><G128/><T10/><D127/><U100/><E123/><V2/><F2/><W70/><G70/><T80/><D80/><U5/><E135/><V48/><F48/><W99/><G104/><T93/><D93/><U9/><E106/><V130/><F130/><W23/><G17/><T42/><D42/><U21/><E109/><V29/><F29/><W49/><G49/><T102/><D32/><U20/><E119/><V54/><N who="2" m="13312" /><DORA hai="97" /><V131/><F131/><W37/><G37/><RYUUKYOKU ba="1,0" sc="360,-15,251,-15,198,15,191,15" hai2="65,67,90,95" hai3="15,16,23,57,62,81,84,89,98,99" /><INIT seed="3,2,0,3,5,115" ten="345,236,213,206" oya="3" hai0="105,30,4,15,54,98,52,108,97,21,130,117,106" hai1="34,83,88,42,14,16,82,72,86,91,25,6,113" hai2="100,110,11,118,24,93,47,31,135,65,84,127,46" hai3="124,129,55,133,50,38,18,40,126,77,49,75,102"/><W89/><G129/><T103/><D117/><U57/><E113/><V131/><F118/><W92/><G102/><T20/><D130/><U109/><E109/><V74/><F74/><W63/><G133/><T1/><D1/><U43/><E6/><V73/><F73/><W122/><G122/><T39/><D39/><U56/><E72/><V70/><F131/><W13/><G38/><T119/><D119/><U90/><E25/><V44/><F110/><W104/><G104/><T27/><D108/><U48/><E34/><V79/><F135/><W71/><G77/><T26/><D15/><U81/><E86/><V45/><F127/><N who="3" m="48683" /><G75/><T7/><D30/><U68/><E68/><V80/><F100/><AGARI ba="2,0" hai="4,7,20,21,26,27,52,54,97,98,100,103,105,106" machi="100" ten="25,3200,0" yaku="22,2,54,1" doraHai="115" who="0" fromWho="2" sc="345,38,236,0,213,-38,206,0" owari="383,48.3,236,3.6,175,-32.5,206,-19.4" /></mjloggm>