<mjloggm ver="2.3"><GO type="225" lobby="0"/><UN n0="%E3%81%A0%E3%81%8A" n1="%E5%8F%AF%E5%85%90%E9%82%A3%E7%94%B1%E5%A4%9A" n2="%E5%B0%8F%E9%B3%A5%E9%81%8A%E7%B7%B4%E7%84%A1%32%31%E6%AD%B3" n3="%48%61%61%61%6C%61%6E%64" dan="16,17,16,18" rate="2032.94,2170.62,2182.14,2221.89" sx="M,F,F,M"/><TAIKYOKU oya="0"/><INIT seed="0,0,0,5,5,17" ten="250,250,250,250" oya="0" hai0="134,40,82,112,69,80,60,115,8,76,94,117,84" hai1="12,102,19,41,26,67,98,111,83,101,105,79,106" hai2="10,89,110,55,81,51,5,28,95,78,2,132,122" hai3="25,91,3,7,68,104,114,59,90,14,47,48,56"/><T52/><D117/><U103/><E111/><V23/><F110/><W4/><G68/><T33/><D33/><U16/><E67/><V6/><F132/><W71/><G71/><T127/><D134/><U120/><E120/><V50/><F5/><N who="3" m="2123" /><G104/><T44/><D8/><U75/><E41/><V66/><F66/><W22/><G14/><T70/><D127/><U119/><E119/><V39/><F39/><W64/><G3/><T123/><D123/><U126/><E126/><V107/><F107/><W21/><G114/><T30/><D30/><U109/><E109/><V35/><F35/><W73/><G73/><T72/><D94/><U58/><E106/><V128/><F128/><W27/><G59/><T61/><D69/><U42/><E58/><V108/><F108/><W11/><G11/><T34/><D34/><U130/><E130/><V135/><F135/><W49/><G25/><T93/><D70/><U86/><E75/><V121/><F121/><W31/><G21/><T65/><D72/><U129/><E129/><V1/><F2/><W87/><G87/><T96/><D112/><U99/><E105/><V13/><F1/><W57/><G57/><N who="0" m="34855" /><D115/><U116/><E116/><V0/><F0/><W85/><G85/><T15/><D84/><U63/><E26/><V20/><F122/><W92/><G92/><T62/><D93/><U100/><N who="1" m="25600" /><DORA hai="18" /><U29/><E86/><N who="2" m="48439" /><F28/><W45/><G64/><T133/><D65/><U118/><E118/><V9/><F10/><W24/><G31/><T74/><D133/><U43/><E29/><V38/><F9/><W37/><G37/><RYUUKYOKU ba="0,0" sc="250,0,250,0,250,0,250,0" /><INIT seed="1,1,0,5,4,128" ten="250,250,250,250" oya="1" hai0="72,70,57,100,53,4,18,109,46,114,119,49,10" hai1="21,71,7,16,20,13,106,84,29,60,15,133,97" hai2="78,112,99,110,58,129,79,93,40,117,96,27,31" hai3="120,22,123,32,95,101,102,34,8,64,45,35,14"/><U77/><E133/><V67/><F117/><W63/><G22/><T55/><D114/><U91/><E77/><V41/><F112/><W104/><G104/><T0/><D119/><U105/><E97/><V113/><F99/><W108/><G108/><T23/><D72/><U92/><E7/><V9/><F9/><W6/><G45/><T5/><D109/><U2/><E2/><V3/><F3/><W65/><G65/><T61/><D5/><U90/><E90/><V82/><F129/><W86/><G86/><T38/><D100/><U85/><E85/><V73/><F78/><W118/><G118/><T134/><D38/><U26/><REACH who="1" step="1"/><E15/><REACH who="1" ten="250,240,250,250" step="2"/><V50/><F110/><W30/><G14/><T42/><D134/><U83/><E83/><V62/><F113/><W1/><G1/><T121/><D121/><U56/><E56/><V103/><REACH who="2" step="1"/><F50/><REACH who="2" ten="250,240,240,250" step="2"/><W69/><G120/><T74/><D49/><U17/><E17/><V37/><F37/><W52/><G123/><T39/><D18/><U76/><E76/><V115/><F115/><W80/><G6/><T124/><D39/><U25/><E25/><V81/><F81/><W12/><G80/><T24/><D4/><U107/><E107/><V43/><F43/><W111/><G111/><T33/><D42/><U126/><E126/><V54/><F54/><W88/><G52/><T11/><D53/><U94/><E94/><V47/><F47/><W68/><G95/><T127/><D46/><U131/><E131/><V132/><F132/><W89/><G12/><T36/><D55/><U66/><AGARI ba="1,2" hai="13,16,20,21,26,29,60,66,71,84,91,92,105,106" machi="66" ten="30,6000,0" yaku="1,1,0,1,54,1,53,0" doraHai="128" doraHaiUra="98" who="1" fromWho="1" sc="250,-21,240,83,240,-21,250,-21" /><INIT seed="1,2,0,2,3,64" ten="229,323,219,229" oya="1" hai0="39,121,70,126,124,82,27,55,63,34,12,135,51" hai1="10,127,119,84,108,78,129,50,95,1,25,48,62" hai2="117,59,74,18,44,101,107,130,111,97,134,35,92" hai3="109,123,31,113,5,85,11,83,81,115,26,73,29"/><U79/><E119/><V6/><F117/><W93/><G123/><T9/><D39/><U67/><E127/><N who="0" m="48681" /><D121/><U47/><E129/><V80/><F35/><W37/><G37/><T23/><D135/><U87/><E108/><V16/><F130/><W94/><G109/><T103/><D34/><U68/><E25/><V86/><F111/><W33/><G31/><N who="0" m="17919" /><D103/><U40/><E50/><V125/><F134/><W36/><G36/><T99/><D99/><U4/><REACH who="1" step="1"/><E95/><REACH who="1" ten="229,313,219,229" step="2"/><V58/><F125/><W104/><G94/><T77/><D51/><U102/><E102/><V54/><F92/><W91/><G93/><T57/><D82/><U43/><E43/><V21/><F101/><W8/><G83/><T75/><D12/><U98/><E98/><V15/><F97/><W76/><G81/><T42/><D42/><U72/><E72/><V66/><F74/><W65/><G73/><T52/><D75/><U53/><E53/><V38/><F54/><W132/><G132/><T90/><D55/><U100/><E100/><V128/><F80/><W32/><G26/><T13/><D13/><U110/><E110/><V122/><F15/><W88/><G85/><AGARI ba="2,1" hai="1,4,10,40,47,48,62,67,68,78,79,84,85,87" machi="85" ten="40,3900,0" yaku="1,1,52,1,53,0" doraHai="64" doraHaiUra="89" who="1" fromWho="3" sc="229,0,313,55,219,0,229,-45" /><INIT seed="1,3,0,1,1,113" ten="229,368,219,184" oya="1" hai0="119,36,107,91,55,98,43,45,13,73,42,14,66" hai1="15,24,34,11,102,132,126,67,79,84,26,50,10" hai2="81,35,117,2,63,6,20,130,100,89,4,134,118" hai3="60,23,93,3,58,103,115,48,16,83,116,47,17"/><U65/><E132/><V7/><F35/><W68/><G115/><T31/><D73/><U108/><E126/><V85/><F2/><W97/><G68/><T27/><D119/><U0/><E0/><V59/><F134/><W33/><G33/><T51/><D43/><U133/><E133/><V131/><F20/><W90/><G3/><T22/><D66/><U52/><E102/><V71/><F100/><W124/><G124/><T135/><D135/><U110/><E34/><V18/><F18/><W70/><G70/><T49/><D36/><U87/><E79/><V125/><F71/><W56/><G116/><T25/><D25/><U12/><E50/><V114/><F114/><W129/><G129/><N who="2" m="49161" /><F125/><W86/><G60/><T104/><D107/><U62/><E62/><V99/><F99/><W88/><G103/><T39/><D39/><U19/><E19/><N who="3" m="7242" /><G23/><T54/><D104/><U120/><E120/><V101/><F101/><W57/><G57/><N who="0" m="32975" /><D42/><AGARI ba="3,0" hai="42,47,48,56,58,83,86,88,90,93,97" m="7242" machi="42" ten="30,3900,0" yaku="8,1,54,2" doraHai="113" who="3" fromWho="0" sc="229,-48,368,0,219,0,184,48" /><INIT seed="2,0,0,2,0,122" ten="181,368,219,232" oya="2" hai0="92,68,16,84,44,36,83,132,76,1,29,101,128" hai1="64,10,94,54,55,35,77,124,75,123,8,130,41" hai2="33,95,56,63,32,26,111,31,131,25,34,80,21" hai3="86,13,53,17,89,3,58,127,88,70,0,73,133"/><V126/><F131/><W113/><G70/><T4/><D68/><U98/><E35/><V125/><F80/><W81/><G127/><N who="2" m="48649" /><F95/><W109/><G133/><T112/><D128/><U11/><E130/><V115/><F115/><W43/><G113/><T9/><D132/><U20/><E123/><V91/><F91/><W66/><G66/><T48/><D36/><U96/><E75/><V87/><F87/><W108/><G43/><T50/><D112/><U74/><E74/><V104/><F104/><W60/><G89/><T28/><D16/><U65/><E77/><V118/><F118/><W99/><G99/><T38/><D38/><U24/><E94/><V100/><F100/><W22/><G73/><T85/><D50/><U97/><E124/><V93/><F93/><W23/><REACH who="3" step="1"/><G22/><REACH who="3" ten="181,368,219,222" step="2"/><T52/><REACH who="0" step="1"/><D85/><REACH who="0" ten="171,368,219,222" step="2"/><U46/><E41/><V49/><F21/><W134/><G134/><T129/><D129/><U37/><E20/><V12/><F33/><W47/><G47/><T18/><D18/><U121/><E46/><V106/><F34/><W119/><G119/><T61/><D61/><U120/><E120/><V5/><F63/><W45/><G45/><T72/><D72/><U71/><E121/><V69/><F32/><W19/><G19/><T40/><D40/><U67/><E71/><V6/><F69/><W117/><G117/><T30/><D30/><U39/><E39/><V51/><F31/><W2/><AGARI ba="0,2" hai="0,2,3,13,17,23,53,58,60,81,86,88,108,109" machi="2" ten="40,12000,2" yaku="1,1,0,1,52,2,54,1,53,1" doraHai="122" doraHaiUra="15" who="3" fromWho="3" sc="171,-30,368,-30,219,-60,222,140" /><INIT seed="3,0,0,1,4,3" ten="141,338,159,362" oya="3" hai0="35,22,98,133,13,6,66,70,24,75,0,16,85" hai1="9,64,1,14,84,79,67,74,94,118,120,65,37" hai2="27,15,91,59,122,38,63,86,130,73,88,41,17" hai3="50,112,81,72,128,46,103,69,52,42,29,104,25"/><W77/><G112/><T45/><D75/><U124/><E120/><V102/><F73/><W4/><G69/><T87/><D133/><U78/><E124/><V34/><F102/><W76/><G128/><T48/><D98/><U97/><E118/><V101/><F101/><W31/><G77/><N who="1" m="29194" /><E37/><V49/><F38/><W82/><G82/><T47/><D66/><N who="1" m="16899" /><U116/><DORA hai="62" /><E1/><V100/><F100/><W7/><G42/><N who="0" m="24631" /><D47/><U105/><E105/><V134/><F134/><W54/><G54/><T93/><D93/><U33/><E33/><V44/><F130/><W108/><G108/><T51/><D51/><U57/><E116/><V96/><F122/><W131/><G131/><T36/><D36/><U115/><E115/><V11/><F96/><W121/><G121/><T30/><D70/><U106/><E106/><V110/><F110/><W89/><G89/><T132/><D132/><U60/><E74/><V123/><F123/><W8/><G103/><T90/><D90/><N who="1" m="53575" /><E97/><V71/><F71/><W95/><G104/><T92/><D92/><U83/><E83/><V129/><F129/><W111/><G95/><T117/><D117/><U20/><E20/><N who="2" m="13711" /><F34/><W55/><G111/><T127/><D127/><U126/><E126/><V5/><F86/><W19/><G72/><T10/><AGARI ba="0,0" hai="0,6,10,13,16,22,24,30,35,85,87" m="24631" machi="10" ten="30,4000,0" yaku="24,1,52,1,54,1" doraHai="3,62" who="0" fromWho="0" sc="141,40,338,-10,159,-10,362,-20" owari="181,-21.9,328,12.8,149,-35.1,342,44.2" /></mjloggm>