<mjloggm ver="2.3"><GO type="225" lobby="0"/><UN n0="%E3%80%93%E3%81%97%E3%83%BC%E3%82%89%E3%80%93" n1="%E3%81%BF%E3%81%BF%E3%81%9A" n2="%E3%81%A4%E3%81%A3%E3%81%B1%E3%82%8A%E3%83%9D%E3%83%BC%E3%83%AB" n3="%E3%81%95%E3%81%8D%E3%81%9F%E3%81%BE%E6%9E%97%E6%AA%8E" dan="16,18,17,16" rate="2177.13,2258.13,2237.45,2075.76" sx="M,M,M,M"/><TAIKYOKU oya="0"/><INIT seed="0,0,0,4,0,80" ten="250,250,250,250" oya="0" hai0="1,67,28,133,112,46,90,62,87,110,37,118,22" hai1="73,49,113,0,86,70,88,75,65,108,105,33,29" hai2="81,20,132,134,115,83,41,44,35,123,8,104,95" hai3="61,47,25,52,71,103,114,116,27,72,69,38,54"/><T21/><D1/><U111/><E0/><V100/><F35/><W17/><G72/><T76/><D112/><U4/><E4/><V51/><F115/><W32/><G114/><T121/><D121/><U64/><E105/><V130/><F123/><W78/><G103/><T40/><D118/><U30/><E49/><V60/><F104/><W58/><G78/><T74/><D133/><N who="2" m="51306" /><F130/><W82/><G82/><T18/><D110/><N who="1" m="42027" /><E113/><V43/><F43/><W101/><G101/><T126/><D126/><U31/><E33/><V85/><F8/><W26/><G116/><T48/><D74/><N who="1" m="28171" /><E70/><V2/><F2/><W84/><G32/><T109/><D76/><U99/><E99/><N who="2" m="59519" /><F20/><W119/><G119/><T91/><D109/><U93/><AGARI ba="0,0" hai="29,30,31,64,65,86,88,93" m="28171,42027" machi="93" ten="40,5200,0" yaku="14,1,52,1,54,1" doraHai="80" who="1" fromWho="1" sc="250,-26,250,52,250,-13,250,-13" /><INIT seed="1,0,0,1,1,40" ten="224,302,237,237" oya="1" hai0="20,130,133,135,56,45,19,76,92,1,119,93,49" hai1="121,47,57,66,37,8,54,17,114,30,29,50,32" hai2="55,39,86,65,72,100,125,127,63,62,81,95,33" hai3="134,24,15,59,80,26,79,117,38,106,75,107,98"/><U77/><E114/><V11/><F33/><W5/><G134/><N who="0" m="51211" /><D119/><U35/><E121/><V12/><F72/><W22/><G117/><T124/><D1/><U104/><E104/><V7/><F39/><W74/><G74/><T70/><D70/><U9/><E77/><V122/><F122/><W3/><G38/><T53/><D76/><U118/><E118/><V78/><F55/><W0/><G0/><T13/><D130/><U91/><E35/><V58/><REACH who="2" step="1"/><F63/><REACH who="2" ten="224,302,227,237" step="2"/><W89/><G75/><T71/><D124/><U87/><E37/><V10/><F10/><W126/><G126/><T61/><D71/><U44/><E32/><V102/><F102/><W69/><G107/><T48/><D48/><N who="1" m="30919" /><E66/><AGARI ba="0,1" hai="13,19,20,45,49,53,56,61,66,92,93" m="51211" machi="66" ten="30,2000,0" yaku="20,1,52,1" doraHai="40" who="0" fromWho="1" sc="224,30,302,-20,227,0,237,0" /><INIT seed="2,0,0,3,0,101" ten="254,282,227,237" oya="2" hai0="96,15,0,79,115,73,75,44,111,132,69,108,35" hai1="103,118,25,63,11,2,93,40,70,74,106,47,36" hai2="114,12,60,58,24,56,52,76,91,85,88,81,32" hai3="27,117,50,23,80,43,77,71,21,133,112,129,55"/><V99/><F114/><W95/><G117/><T16/><D0/><U34/><E93/><V30/><F99/><W46/><G71/><T5/><D5/><N who="1" m="1463" /><E118/><V39/><F39/><W127/><G133/><T126/><D35/><U123/><E123/><V45/><F45/><W28/><G127/><T31/><D31/><N who="1" m="19823" /><E74/><V109/><F109/><W49/><G129/><T116/><D69/><U135/><E135/><V51/><REACH who="2" step="1"/><F12/><REACH who="2" ten="254,282,217,237" step="2"/><W83/><G112/><T68/><D115/><U87/><E47/><V6/><F6/><W64/><G46/><T84/><D44/><U1/><E36/><V48/><F48/><W128/><G50/><T29/><D108/><U100/><E40/><V66/><AGARI ba="0,1" hai="24,30,32,51,52,56,58,60,66,76,81,85,88,91" machi="66" ten="20,18000,2" yaku="1,1,0,1,7,1,54,2,53,2" doraHai="101" doraHaiUra="53" who="2" fromWho="2" sc="254,-60,282,-60,217,190,237,-60" /><INIT seed="2,1,0,0,1,23" ten="194,222,407,177" oya="2" hai0="43,76,32,106,37,101,107,112,56,53,16,81,20" hai1="57,36,131,135,2,72,86,117,33,77,64,70,108" hai2="3,126,119,93,104,90,19,39,87,95,61,99,121" hai3="52,0,105,1,28,8,115,50,82,44,129,130,125"/><V123/><F119/><W80/><G105/><T9/><D32/><U124/><RYUUKYOKU type="yao9" ba="1,0" sc="194,0,222,0,407,0,177,0" hai1="2,33,36,57,64,70,72,77,86,108,117,124,131,135" /><INIT seed="2,2,0,4,0,112" ten="194,222,407,177" oya="2" hai0="102,92,56,13,91,96,11,70,68,133,54,3,27" hai1="117,40,23,93,118,105,8,113,7,134,87,114,85" hai2="19,57,55,78,72,80,25,20,17,86,31,29,49" hai3="41,24,135,64,38,9,45,119,99,14,103,107,109"/><V62/><F72/><W129/><G119/><T79/><D3/><U84/><E40/><V21/><REACH who="2" step="1"/><F62/><REACH who="2" ten="194,222,397,177" step="2"/><W51/><G109/><T130/><D130/><U115/><E113/><V89/><F89/><W77/><G129/><T66/><D91/><U39/><E115/><V6/><F6/><W94/><G135/><T48/><D133/><U73/><E7/><V65/><F65/><W0/><G64/><T101/><D66/><U127/><E73/><V110/><F110/><W111/><G111/><T76/><D101/><U50/><E114/><V67/><F67/><W90/><G77/><T16/><REACH who="0" step="1"/><D27/><AGARI ba="2,1" hai="17,19,20,21,25,27,29,31,49,55,57,78,80,86" machi="27" ten="30,11600,0" yaku="1,1,7,1,9,1,8,1,53,0" doraHai="112" doraHaiUra="5" who="2" fromWho="0" sc="194,-122,222,0,397,132,177,0" /><INIT seed="2,3,0,4,4,19" ten="72,222,529,177" oya="2" hai0="67,129,122,123,125,73,101,69,70,52,5,77,126" hai1="44,7,120,103,29,39,113,15,132,79,80,49,28" hai2="50,68,55,71,84,99,117,111,88,94,76,3,22" hai3="85,18,11,53,9,100,26,46,134,16,38,135,13"/><V40/><F117/><W8/><G100/><T83/><D5/><U87/><E39/><V54/><F3/><W89/><G38/><T127/><D67/><U90/><E113/><V33/><F33/><W114/><G114/><T36/><D36/><U93/><E103/><V14/><F111/><W24/><G135/><T10/><D10/><N who="3" m="4201" /><G134/><T1/><D1/><U108/><E108/><V75/><F75/><W45/><G45/><T58/><D129/><U65/><E65/><V43/><F71/><W51/><G18/><T133/><D133/><U34/><E34/><V124/><F68/><W63/><G63/><T62/><REACH who="0" step="1"/><D101/><REACH who="0" ten="62,222,529,177" step="2"/><U110/><E132/><V107/><F124/><W78/><G78/><T57/><D57/><U41/><E110/><V82/><F107/><W115/><G115/><T6/><D6/><U47/><E7/><V98/><F98/><W72/><G72/><T42/><D42/><N who="2" m="15914" /><F50/><W116/><G116/><T104/><D104/><U119/><E119/><V64/><F64/><W121/><G121/><AGARI ba="3,1" hai="52,58,62,69,70,73,77,83,121,122,123,125,126,127" machi="121" ten="50,6400,0" yaku="1,1,18,1,54,1,53,0" doraHai="19" doraHaiUra="81" who="0" fromWho="3" sc="62,83,222,0,529,0,177,-73" /><INIT seed="3,0,0,4,2,40" ten="145,222,529,104" oya="3" hai0="112,65,122,99,98,45,16,48,125,75,130,119,128" hai1="132,72,115,12,14,43,76,63,18,85,55,50,30" hai2="73,49,134,69,117,89,10,19,124,116,62,44,32" hai3="94,91,38,123,35,3,41,4,58,93,70,39,17"/><W1/><G123/><T8/><D75/><U51/><E72/><V37/><F73/><W129/><G70/><T7/><D122/><U106/><E106/><V15/><F134/><W97/><G35/><T86/><D119/><U114/><E30/><V2/><F124/><W105/><G105/><T24/><D125/><U95/><E132/><V103/><F103/><W26/><G129/><N who="0" m="49771" /><D65/><U46/><E63/><V13/><F2/><W78/><G78/><T33/><D86/><U110/><E110/><V34/><F37/><W120/><G120/><T121/><D112/><U25/><E25/><V92/><F62/><W104/><G104/><T74/><D74/><U90/><E12/><V126/><F69/><W23/><G39/><T82/><D82/><U66/><E66/><V88/><F89/><W53/><G94/><T57/><D57/><U84/><E84/><V56/><F56/><W113/><G113/><T67/><D67/><U81/><E81/><V83/><F83/><W87/><G87/><T68/><D68/><U111/><E111/><V80/><F80/><W54/><G4/><T71/><D71/><U11/><E76/><V79/><F79/><W60/><REACH who="3" step="1"/><G53/><REACH who="3" ten="145,222,529,94" step="2"/><N who="0" m="29839" /><D121/><U107/><E107/><V96/><F126/><W101/><G101/><T127/><D127/><U102/><E102/><V36/><F34/><W42/><G42/><T118/><D33/><U6/><E6/><N who="2" m="3287" /><F36/><W47/><AGARI ba="0,1" hai="1,3,17,23,26,38,41,47,54,58,60,91,93,97" machi="47" ten="30,12000,1" yaku="1,1,0,1,25,2,52,1,53,0" doraHai="40" doraHaiUra="135" who="3" fromWho="3" sc="145,-40,222,-40,529,-40,94,130" /><INIT seed="3,1,0,2,4,65" ten="105,182,489,224" oya="3" hai0="71,27,8,84,113,26,90,0,53,101,94,93,51" hai1="72,43,128,68,55,52,16,124,133,102,35,40,4" hai2="64,96,97,100,99,91,49,21,54,30,77,17,15" hai3="123,120,23,110,33,76,89,38,92,114,6,34,126"/><W56/><G114/><T83/><D113/><U18/><E72/><V121/><F121/><W130/><G126/><T66/><D0/><U28/><E68/><V111/><F111/><W129/><G38/><T9/><D71/><U32/><E4/><V112/><F112/><W74/><G6/><T81/><D66/><U125/><E102/><V24/><F77/><W80/><G56/><T60/><D60/><U118/><E128/><N who="3" m="49258" /><G23/><T79/><D101/><U82/><E82/><V70/><F64/><W115/><G115/><T44/><D83/><U50/><E133/><V36/><F70/><W122/><G34/><T14/><D9/><U119/><E50/><V1/><F1/><W12/><G12/><T108/><D108/><U134/><E134/><V67/><F67/><W87/><G33/><T5/><REACH who="0" step="1"/><D94/><REACH who="0" ten="95,182,489,224" step="2"/><U86/><E86/><AGARI ba="1,1" hai="5,8,14,26,27,44,51,53,79,81,84,86,90,93" machi="86" ten="30,7700,0" yaku="1,1,2,1,7,1,8,1,53,0" doraHai="65" doraHaiUra="61" who="0" fromWho="1" sc="95,90,182,-80,489,0,224,0" owari="185,-21.5,102,-39.8,489,58.9,224,2.4" /></mjloggm>