<mjloggm ver="2.3"><GO type="225" lobby="0"/><UN n0="%E3%81%95%E3%81%8D%E3%81%9F%E3%81%BE%E6%9E%97%E6%AA%8E" n1="%E3%81%A1%E3%82%85%E3%81%86%E3%81%A9%E3%81%8F%E8%B1%A1%E3%81%95%E3%82%93" n2="%E4%B8%89%E5%86%A0%E7%8E%8B%E3%83%BB%E5%B1%B1%E7%94%B0%E5%93%B2%E4%BA%BA" n3="%E9%80%9F%E6%B0%B4%E5%87%9B%E9%A6%99" dan="16,17,16,16" rate="2129.50,2208.05,2143.92,2137.24" sx="M,M,M,F"/><TAIKYOKU oya="0"/><INIT seed="0,0,0,5,2,25" ten="250,250,250,250" oya="0" hai0="99,58,79,83,120,123,20,118,53,48,30,68,130" hai1="113,57,114,23,115,119,76,132,66,127,62,69,65" hai2="14,104,51,67,54,129,13,19,105,38,26,46,49" hai3="11,93,85,9,95,90,64,60,133,86,72,44,77"/><T109/><D118/><U61/><E119/><V45/><F38/><W110/><G133/><T117/><D117/><U47/><E76/><V107/><F129/><W37/><G110/><T16/><D68/><U59/><E23/><V94/><F67/><W63/><G37/><T75/><D130/><U24/><E24/><V74/><F74/><W1/><G44/><T82/><D82/><U112/><N who="1" m="28672" /><DORA hai="103" /><U5/><E132/><V29/><F94/><W40/><G40/><T43/><D109/><U33/><E5/><V124/><F124/><W101/><G101/><T98/><D43/><U0/><E0/><V2/><F2/><W31/><G31/><T97/><REACH who="0" step="1"/><D30/><REACH who="0" ten="240,250,250,250" step="2"/><U92/><E69/><V50/><F19/><W106/><G72/><T32/><D32/><U55/><E33/><V91/><F91/><W100/><G90/><T131/><D131/><U73/><E73/><V125/><F125/><W6/><G77/><T96/><N who="0" m="24576" /><DORA hai="81" /><T27/><AGARI ba="0,1" hai="16,20,27,48,53,58,75,79,83,120,123" m="24576" machi="27" ten="40,12000,1" yaku="1,1,4,1,0,1,54,1,53,0" doraHai="25,103,81" doraHaiUra="3,36,10" who="0" fromWho="0" sc="240,130,250,-40,250,-40,250,-40" /><INIT seed="0,1,0,0,1,91" ten="370,210,210,210" oya="0" hai0="109,129,0,48,53,9,130,105,24,118,6,70,112" hai1="71,110,68,107,28,8,45,30,113,13,120,17,128" hai2="95,116,25,81,50,46,12,84,132,127,98,55,60" hai3="11,117,1,21,51,26,39,97,103,27,126,100,22"/><T92/><D112/><U77/><E120/><V88/><F132/><W102/><G39/><T59/><D118/><U44/><E77/><V15/><F116/><W124/><G117/><T104/><D70/><U10/><E113/><V64/><F127/><N who="3" m="48683" /><G51/><T119/><D119/><U80/><E107/><V43/><F43/><W4/><G97/><T56/><D56/><U38/><E110/><V67/><F25/><AGARI ba="1,0" hai="1,4,11,21,22,25,26,27,100,102,103" m="48683" machi="25" ten="30,1000,0" yaku="18,1" doraHai="91" who="3" fromWho="2" sc="370,0,210,0,210,-13,210,13" /><INIT seed="1,0,0,1,2,110" ten="370,210,197,223" oya="1" hai0="128,130,62,6,8,76,93,79,49,115,66,18,119" hai1="78,97,108,48,59,37,65,72,114,71,52,117,10" hai2="43,30,33,82,39,109,89,77,50,1,106,58,31" hai3="4,44,98,132,14,47,17,74,91,53,55,133,20"/><U116/><E78/><V41/><F109/><W3/><G74/><T75/><D115/><U113/><E72/><V86/><F1/><W84/><G3/><T32/><D32/><U51/><E108/><V22/><F33/><W13/><G98/><T9/><D119/><N who="1" m="45643" /><E10/><V42/><F39/><W112/><G112/><N who="1" m="43114" /><E97/><V104/><F104/><W135/><G4/><T81/><D79/><U125/><E125/><V124/><F106/><W24/><G24/><T107/><D107/><U94/><E94/><V87/><F124/><W38/><G13/><T105/><D105/><U2/><E2/><V28/><F22/><W134/><N who="3" m="33792" /><DORA hai="19" /><W45/><REACH who="3" step="1"/><G38/><REACH who="3" ten="370,210,197,213" step="2"/><T120/><D75/><U85/><E37/><V34/><F34/><W27/><G27/><T12/><D12/><U90/><E85/><V118/><F118/><W15/><G15/><T131/><D6/><U101/><E101/><V99/><F99/><W102/><G102/><T95/><D130/><U61/><E90/><V123/><F123/><W83/><AGARI ba="0,1" hai="14,17,20,44,45,47,53,55,83,84,91" m="33792" machi="83" ten="60,8000,1" yaku="1,1,0,1,20,1,52,1,53,0" doraHai="110,19" doraHaiUra="7,103" who="3" fromWho="3" sc="370,-20,210,-40,197,-20,213,90" /><INIT seed="2,0,0,0,5,82" ten="350,170,177,303" oya="2" hai0="103,55,40,87,33,63,6,21,117,4,99,100,118" hai1="44,17,56,108,60,81,69,101,133,119,105,113,54" hai2="129,59,74,127,96,97,110,77,42,72,65,36,27" hai3="16,34,93,135,76,19,20,7,109,84,8,12,86"/><V121/><F121/><W92/><G34/><T26/><D33/><U23/><E113/><V25/><F127/><W5/><G109/><T126/><D126/><U24/><E119/><N who="0" m="45577" /><D40/><U73/><E108/><V106/><F110/><W37/><G37/><T71/><D87/><N who="3" m="33321" /><G135/><T58/><D71/><U57/><E133/><V90/><F129/><W49/><G76/><T79/><D79/><U43/><E73/><V124/><F124/><W95/><G49/><T83/><D83/><U130/><E81/><V112/><F112/><W10/><G10/><T75/><D75/><U120/><E120/><V91/><F77/><W111/><G111/><T22/><D22/><U3/><E3/><V107/><F36/><W128/><G128/><T98/><D98/><U51/><E130/><V18/><F74/><W35/><G35/><T115/><D115/><U116/><E116/><V13/><F72/><W62/><G62/><T88/><D88/><U134/><E134/><V104/><F96/><W123/><G123/><T85/><D85/><U28/><E69/><V46/><F97/><W32/><G32/><T132/><D132/><U38/><E105/><V131/><F131/><W50/><G50/><T48/><D48/><U78/><E78/><V39/><F91/><W53/><G53/><T94/><D103/><U29/><E101/><V64/><F90/><W47/><G47/><T0/><D0/><U114/><E114/><V61/><REACH who="2" step="1"/><F64/><AGARI ba="0,0" hai="17,23,24,28,29,38,43,44,51,54,56,57,60,64" machi="64" ten="30,1000,0" yaku="7,1" doraHai="82" who="1" fromWho="2" sc="350,0,170,10,177,-10,303,0" /><INIT seed="3,0,0,2,2,125" ten="350,180,167,303" oya="3" hai0="116,24,21,65,104,20,118,82,43,34,41,114,105" hai1="63,79,47,108,2,40,7,90,86,76,106,88,78" hai2="109,6,25,39,55,42,100,51,68,30,70,96,115" hai3="37,113,122,89,3,5,16,57,23,81,99,27,13"/><W73/><G37/><T69/><D34/><U14/><E106/><V71/><F115/><W83/><G113/><T80/><D114/><U46/><E2/><V110/><F6/><W10/><G122/><T111/><D111/><N who="2" m="42506" /><F42/><W95/><G73/><T117/><D65/><U67/><E108/><V36/><F51/><W0/><G0/><T49/><D49/><N who="1" m="26823" /><E47/><V84/><F84/><W58/><G3/><T107/><D69/><N who="2" m="17666" /><V18/><DORA hai="54" /><F18/><W92/><REACH who="3" step="1"/><G92/><REACH who="3" ten="350,180,167,293" step="2"/><T129/><D107/><U61/><E67/><V28/><F55/><W38/><G38/><N who="2" m="14377" /><F25/><W134/><G134/><T12/><D105/><AGARI ba="0,1" hai="28,30,96,100,105" m="14377,17666,42506" machi="105" ten="50,1600,0" yaku="14,1" doraHai="125,54" who="2" fromWho="0" sc="350,-16,180,0,167,26,293,0" owari="334,43.4,180,-32.0,193,-20.7,293,9.3" /></mjloggm>