<mjloggm ver="2.3"><GO type="225" lobby="0"/><UN n0="%E3%83%AD%E3%83%83%E3%83%86%E9%9B%80%E7%90%83" n1="%E9%89%A2%E5%B7%BB%E3%82%AC%E3%83%96" n2="%72%69%6F%75%63%68%61%6E" n3="%E8%81%B7%E6%A5%AD%E3%80%81%E9%A2%A8%32" dan="17,16,17,16" rate="2257.60,2057.54,2160.76,2137.75" sx="M,M,M,M"/><TAIKYOKU oya="0"/><INIT seed="0,0,0,1,3,105" ten="250,250,250,250" oya="0" hai0="65,117,92,72,43,110,115,126,19,103,58,79,67" hai1="32,133,122,89,124,78,41,59,38,9,71,107,36" hai2="2,112,56,76,33,116,53,34,70,61,7,101,81" hai3="64,35,60,109,97,48,3,123,55,10,6,39,27"/><T25/><D115/><U82/><E59/><V93/><F112/><W15/><G109/><T74/><D117/><U131/><E89/><V30/><F116/><W104/><G39/><T0/><D0/><U37/><E9/><V69/><F101/><W121/><G97/><T40/><D79/><U28/><E122/><N who="3" m="46602" /><G104/><T22/><D110/><U45/><E131/><V88/><F30/><N who="3" m="19935" /><G55/><T54/><D126/><U11/><E124/><V118/><F118/><W129/><G129/><T4/><D4/><U114/><E133/><V42/><F42/><W13/><G48/><T94/><D43/><U49/><E49/><V73/><F33/><W29/><G29/><T87/><D40/><U51/><E51/><V119/><F34/><W23/><G23/><T100/><D100/><U135/><E135/><V134/><F119/><W75/><G75/><T128/><D128/><U20/><E20/><V66/><F134/><W16/><G16/><T90/><D67/><U47/><E107/><V14/><F66/><W106/><G106/><T84/><D65/><U52/><E11/><V31/><F31/><W98/><G98/><T127/><D127/><U80/><E114/><V91/><F91/><W62/><G62/><T63/><REACH who="0" step="1"/><D87/><REACH who="0" ten="240,250,250,250" step="2"/><N who="1" m="48535" /><E41/><V68/><F53/><W5/><G5/><T77/><D77/><U44/><E52/><N who="2" m="33927" /><F7/><W1/><G1/><T26/><D26/><N who="1" m="18455" /><E71/><AGARI ba="0,1" hai="3,6,10,13,15,60,64,71" m="19935,46602" machi="71" ten="30,1000,0" yaku="13,1" doraHai="105" who="3" fromWho="1" sc="240,0,250,-10,250,0,250,20" /><INIT seed="1,0,0,5,1,113" ten="240,240,250,270" oya="1" hai0="100,107,134,26,132,95,104,88,37,93,19,4,61" hai1="121,83,85,124,60,125,81,116,9,2,80,91,118" hai2="10,41,89,103,55,112,96,21,63,29,22,6,68" hai3="130,53,69,38,54,115,84,42,71,12,49,128,111"/><U131/><E121/><V56/><F112/><W66/><G84/><N who="0" m="52359" /><D37/><U17/><E2/><V65/><F41/><W123/><G115/><T34/><D4/><U133/><E9/><V119/><F119/><N who="1" m="45609" /><E17/><V74/><F74/><W39/><G12/><T79/><D61/><U28/><E28/><V23/><F89/><W101/><G101/><T64/><D64/><U90/><E60/><V67/><F29/><W32/><G32/><T97/><D34/><U98/><E131/><N who="3" m="50218" /><G123/><T110/><D110/><U43/><E43/><V27/><F27/><W94/><G94/><T109/><D109/><U126/><E133/><N who="0" m="51305" /><D79/><U82/><E98/><V75/><F68/><N who="3" m="26187" /><G66/><T11/><D11/><U30/><E30/><V35/><F35/><W127/><G111/><T105/><D26/><U15/><E15/><V73/><F67/><W86/><G39/><T58/><D58/><U120/><E120/><V20/><N who="2" m="5120" /><DORA hai="46" /><V45/><F65/><W51/><G38/><T76/><D76/><AGARI ba="0,0" hai="76,80,81,82,83,85,90,91,124,125,126" m="45609" machi="76" ten="40,18000,2" yaku="18,1,34,2,52,3" doraHai="113,46" who="1" fromWho="0" sc="240,-180,240,180,250,0,270,0" /><INIT seed="1,1,0,4,2,56" ten="60,420,250,270" oya="1" hai0="86,100,90,127,115,11,129,19,113,67,78,128,57" hai1="85,110,94,17,10,63,97,134,119,93,51,68,47" hai2="118,52,42,132,34,53,76,23,45,131,7,125,101" hai3="3,46,20,60,124,77,108,117,89,102,111,27,116"/><U33/><E119/><N who="3" m="45642" /><G3/><T15/><D127/><U88/><E33/><V1/><F118/><W104/><G124/><T22/><D100/><U112/><E112/><V107/><F125/><W55/><G77/><T5/><D78/><U69/><E134/><V70/><F34/><W54/><G104/><T28/><D67/><U96/><E110/><N who="3" m="42026" /><G89/><T2/><D57/><U39/><E39/><V66/><F132/><W25/><G102/><T109/><D109/><U43/><E17/><V6/><F131/><N who="0" m="50250" /><D86/><U98/><E10/><V84/><F1/><W87/><G87/><T64/><D64/><U0/><E0/><V126/><F126/><W81/><G81/><T37/><D37/><U44/><E44/><V13/><F66/><W74/><G74/><T120/><D90/><U82/><E69/><V99/><F70/><W62/><G27/><N who="0" m="16503" /><D120/><U16/><E68/><V36/><F76/><W95/><G95/><T38/><D38/><U32/><E93/><V122/><F122/><W48/><G55/><T65/><D65/><U135/><E94/><V59/><F84/><W40/><G54/><T61/><D61/><U130/><E63/><V72/><F53/><W12/><G12/><T35/><D35/><U14/><E32/><V31/><F72/><W71/><G71/><T121/><D121/><U75/><E75/><V26/><REACH who="2" step="1"/><F13/><REACH who="2" ten="60,420,240,270" step="2"/><W30/><AGARI ba="1,1" hai="20,25,30,40,46,48,60,62" m="42026,45642" machi="30" ten="30,7900,0" yaku="12,1,14,1,52,2" doraHai="56" who="3" fromWho="3" sc="60,-21,420,-40,240,-21,270,92" /><INIT seed="2,0,0,1,3,50" ten="39,380,219,362" oya="2" hai0="123,127,78,133,117,100,54,37,73,82,66,43,10" hai1="65,3,12,39,47,81,108,32,72,61,134,6,53" hai2="35,92,40,24,8,84,115,48,67,33,25,110,132" hai3="51,89,2,7,64,101,107,26,91,128,75,126,120"/><V58/><F115/><W49/><G75/><T105/><D123/><U22/><E108/><V57/><F132/><W112/><G112/><T44/><D133/><U20/><E134/><V18/><F110/><W94/><G120/><T59/><D127/><U119/><E32/><V79/><F33/><W13/><G126/><T69/><D117/><U34/><E34/><V27/><F35/><W38/><G38/><T28/><D28/><U111/><E111/><V131/><F131/><W122/><G51/><T113/><D113/><U109/><E3/><V4/><F18/><W63/><G107/><T103/><D105/><U71/><E119/><V70/><F70/><W45/><G2/><T77/><D77/><U85/><E72/><V76/><F67/><W88/><G26/><T97/><D97/><U83/><E83/><V116/><F116/><W16/><G7/><T86/><D86/><U1/><E1/><V106/><F106/><W5/><G5/><T102/><D10/><U31/><E31/><V99/><F40/><W21/><G128/><T93/><D93/><U41/><E6/><V130/><F130/><W30/><G122/><T56/><D56/><N who="2" m="21610" /><F48/><W129/><G129/><T87/><D73/><U55/><E109/><V80/><F76/><W90/><G30/><T62/><REACH who="0" step="1"/><D102/><REACH who="0" ten="29,380,219,362" step="2"/><U104/><E104/><V114/><F114/><W23/><G101/><T125/><D125/><U68/><E20/><V118/><F118/><W11/><G23/><T36/><D36/><U121/><E121/><V52/><F99/><W95/><G21/><T96/><D96/><U98/><E98/><RYUUKYOKU ba="0,1" sc="29,30,380,-10,219,-10,362,-10" hai0="37,43,44,54,59,62,66,69,78,82,87,100,103" /><INIT seed="3,1,1,4,5,90" ten="59,370,209,352" oya="3" hai0="111,40,98,122,53,4,51,34,108,67,13,25,50" hai1="76,26,135,57,86,118,37,48,125,10,47,63,0" hai2="97,56,65,114,96,80,73,52,45,35,7,133,115" hai3="14,93,68,94,21,3,110,131,124,36,91,29,39"/><W2/><G68/><T55/><D98/><U99/><E125/><V79/><F35/><W102/><G124/><T66/><D13/><U100/><E37/><V128/><F128/><W38/><G131/><T31/><D25/><U88/><E76/><V19/><F133/><W60/><G110/><T24/><D24/><U6/><E135/><V59/><F7/><W41/><G41/><T74/><D4/><U9/><E26/><V103/><F45/><W105/><G29/><T95/><D31/><U23/><E23/><V44/><F44/><W101/><G60/><T78/><D78/><U104/><E118/><V113/><F19/><N who="3" m="10487" /><G91/><T126/><D74/><U49/><E47/><V85/><F73/><W127/><G127/><T130/><D126/><U62/><E10/><V5/><F5/><W46/><G46/><T119/><D130/><U109/><E109/><V129/><F129/><W92/><G105/><T132/><D132/><U61/><REACH who="1" step="1"/><E57/><REACH who="1" ten="59,360,209,352" step="2"/><V16/><F16/><W84/><G84/><T1/><D1/><U70/><E70/><V106/><F65/><W30/><G30/><T123/><D34/><U87/><E87/><V15/><F15/><W64/><G64/><T83/><D83/><AGARI ba="1,2" hai="0,6,9,48,49,61,62,63,83,86,88,99,100,104" machi="83" ten="40,2600,0" yaku="1,1,54,1,53,0" doraHai="90" doraHaiUra="17" who="1" fromWho="0" sc="59,-29,360,49,209,0,352,0" owari="30,-47.0,409,50.9,209,-19.1,352,15.2" /></mjloggm>