<mjloggm ver="2.3"><GO type="225" lobby="0"/><UN n0="%E9%B3%B3%E6%9D%B1%E3%81%AE%E3%81%86%E3%81%95%E3%81%8E%E3%81%95%E3%82%93" n1="%E8%83%83%E3%81%A8%E8%85%B8" n2="%E3%81%8B%E3%82%8F%E3%81%A1%E3%82%83%E3%82%93%35%38" n3="%E8%B6%85%E7%B4%9A%E9%B3%B3%E5%87%B0" dan="17,17,16,16" rate="2215.46,2236.22,2133.18,2149.08" sx="M,M,M,M"/><TAIKYOKU oya="0"/><INIT seed="0,0,0,1,3,61" ten="250,250,250,250" oya="0" hai0="36,85,1,74,9,56,63,26,90,80,98,38,77" hai1="123,72,48,37,53,64,121,3,17,116,78,50,119" hai2="65,100,103,91,101,39,46,40,66,31,95,71,14" hai3="49,12,81,19,111,22,107,128,68,69,99,4,112"/><T114/><D114/><U59/><E17/><V58/><F71/><W41/><G41/><T97/><D26/><U34/><E34/><V54/><F31/><W109/><G112/><T125/><D125/><U117/><E3/><V52/><F14/><W67/><G128/><T16/><D38/><U21/><E21/><V106/><F106/><W73/><G4/><T89/><D36/><U32/><E32/><V105/><F105/><W51/><G73/><T42/><D42/><U120/><E37/><V92/><F92/><W30/><G30/><T110/><D110/><N who="3" m="41993" /><G81/><T35/><D35/><U23/><E23/><V70/><F70/><N who="3" m="27243" /><G67/><N who="0" m="39399" /><D74/><U18/><E18/><V47/><F47/><W15/><G15/><N who="0" m="7279" /><D1/><U127/><E127/><V124/><F124/><W131/><G131/><T94/><D98/><U75/><E78/><AGARI ba="0,0" hai="77,78,80,85,89,90,94,97" m="7279,39399" machi="78" ten="30,5800,0" yaku="8,1,52,1,54,1" doraHai="61" who="0" fromWho="1" sc="250,58,250,-58,250,0,250,0" /><INIT seed="0,1,0,3,4,133" ten="308,192,250,250" oya="0" hai0="70,134,81,41,120,61,114,118,27,105,9,65,122" hai1="100,4,110,130,63,104,99,36,85,56,19,76,72" hai2="8,32,66,106,20,48,7,73,94,117,80,0,101" hai3="25,34,10,58,21,74,121,2,47,89,49,78,35"/><T88/><D114/><U97/><E110/><V42/><F32/><W46/><G121/><T5/><D118/><U129/><E36/><V112/><F106/><W125/><G58/><T90/><D134/><U102/><E4/><V77/><F112/><W18/><G47/><T84/><D105/><N who="1" m="63631" /><E19/><V22/><F117/><W83/><G89/><T59/><D41/><U60/><E56/><V17/><F66/><W103/><G103/><T86/><D59/><U13/><E13/><V111/><F111/><W115/><G115/><T98/><D98/><U50/><E50/><V51/><F22/><W91/><G91/><T95/><REACH who="0" step="1"/><D27/><REACH who="0" ten="298,192,250,250" step="2"/><U31/><E99/><V132/><F42/><W131/><G25/><T135/><D135/><U71/><E104/><V43/><F43/><W113/><G113/><T11/><D11/><U28/><E71/><V79/><F132/><W14/><G10/><T126/><D126/><U16/><E102/><V64/><F101/><W53/><G125/><T37/><D37/><U119/><E119/><V92/><F8/><W52/><G46/><T116/><D116/><U108/><E108/><V57/><F57/><W75/><G49/><T124/><D124/><U123/><E60/><V26/><F51/><W29/><G53/><T96/><D96/><U6/><E63/><V15/><F48/><W33/><G52/><T1/><AGARI ba="1,1" hai="1,5,9,61,65,70,81,84,86,88,90,95,120,122" machi="1" ten="20,7800,0" yaku="1,1,0,1,7,1,54,1,53,0" doraHai="133" doraHaiUra="44" who="0" fromWho="0" sc="298,91,192,-27,250,-27,250,-27" /><INIT seed="0,2,0,0,0,105" ten="389,165,223,223" oya="0" hai0="75,30,29,123,124,92,135,76,78,41,9,121,8" hai1="108,48,42,84,26,18,104,24,86,85,129,16,113" hai2="127,71,1,103,111,101,67,46,21,64,93,87,83" hai3="19,15,70,52,59,68,100,13,37,132,56,88,20"/><T118/><D118/><U4/><E108/><V72/><F1/><W0/><G0/><T10/><D41/><U3/><E129/><V22/><F72/><W99/><G37/><T122/><D135/><U45/><E104/><V44/><F71/><W95/><G132/><T66/><D66/><U109/><E109/><V98/><F103/><W12/><G100/><T126/><D92/><U60/><E113/><V36/><F36/><W35/><G35/><T73/><D8/><U90/><E60/><V57/><F127/><W116/><G59/><T96/><D122/><U61/><E61/><N who="2" m="37935" /><F67/><W47/><G47/><N who="2" m="17961" /><F111/><W94/><G94/><T11/><D11/><U89/><E3/><V2/><F2/><W80/><G80/><T79/><D79/><AGARI ba="2,0" hai="21,22,79,83,87,93,98,101" m="17961,37935" machi="79" ten="30,1000,0" yaku="8,1" doraHai="105" who="2" fromWho="0" sc="389,-16,165,0,223,16,223,0" /><INIT seed="1,0,0,5,4,56" ten="373,165,239,223" oya="1" hai0="33,13,19,3,42,61,58,123,50,135,78,128,12" hai1="11,68,62,24,90,106,73,40,104,1,121,21,46" hai2="41,29,53,31,86,111,8,130,122,127,97,70,74" hai3="89,25,107,16,63,88,54,69,26,55,18,91,6"/><U72/><E121/><V10/><F74/><W17/><G107/><T7/><D33/><U126/><E126/><V133/><F70/><W83/><G6/><T57/><D3/><U82/><E72/><V36/><F41/><W71/><G83/><T59/><D123/><U112/><E112/><V132/><F36/><W2/><G2/><T32/><D32/><U100/><E100/><V116/><F86/><W37/><G37/><T9/><D128/><U76/><E90/><V87/><F87/><W4/><G4/><T103/><D135/><U93/><E93/><V110/><F97/><W67/><REACH who="3" step="1"/><G69/><REACH who="3" ten="373,165,239,213" step="2"/><T5/><D5/><U105/><E1/><V101/><F122/><W23/><G23/><T125/><D7/><U64/><E11/><V75/><F8/><W0/><G0/><T30/><D9/><U43/><REACH who="1" step="1"/><E46/><REACH who="1" ten="373,155,239,213" step="2"/><V117/><F10/><W20/><G20/><T49/><D125/><U85/><E85/><V113/><F127/><W95/><G95/><T22/><D22/><U134/><E134/><V84/><F84/><W38/><G38/><T77/><D77/><U94/><E94/><V39/><F39/><W98/><G98/><T119/><D78/><U51/><E51/><V96/><F75/><W45/><G45/><T99/><D49/><U109/><E109/><V60/><F96/><W114/><G114/><T14/><D50/><U15/><E15/><V52/><F113/><W102/><G102/><T80/><D103/><U35/><E35/><V131/><F101/><W120/><G120/><T115/><D99/><U65/><E65/><V28/><F111/><RYUUKYOKU ba="0,2" sc="373,-15,155,15,239,-15,213,15" hai1="21,24,40,43,62,64,68,73,76,82,104,105,106" hai3="16,17,18,25,26,54,55,63,67,71,88,89,91" /><INIT seed="1,1,2,3,1,62" ten="358,170,224,228" oya="1" hai0="115,130,1,76,89,119,5,66,135,2,77,41,103" hai1="127,39,18,45,90,107,70,42,78,69,15,40,63" hai2="55,46,37,56,117,21,104,47,24,7,111,34,125" hai3="9,112,22,13,26,29,72,50,132,100,105,110,53"/><U28/><E127/><V3/><F117/><W108/><G112/><T81/><D115/><U60/><E107/><V35/><F104/><W86/><G72/><T122/><D119/><U93/><E78/><V30/><F125/><W73/><G73/><T23/><D103/><U38/><E28/><V31/><F111/><N who="3" m="42539" /><G132/><T133/><D41/><U27/><E27/><V59/><F37/><W58/><G86/><N who="0" m="50383" /><D130/><U52/><E15/><V87/><F87/><W129/><G129/><T16/><D66/><N who="1" m="41159" /><E93/><V44/><F31/><W94/><G105/><T79/><D5/><U109/><E18/><V118/><F118/><W121/><G121/><T91/><D91/><U4/><E90/><V0/><F34/><W75/><G75/><T88/><D88/><U54/><E4/><V98/><F35/><W11/><G13/><N who="0" m="9615" /><D122/><U43/><E109/><V32/><F32/><W12/><G12/><T6/><D6/><U84/><E84/><V82/><F7/><W106/><G106/><T113/><D113/><U48/><E54/><V33/><F55/><W92/><G94/><T36/><D1/><N who="2" m="586" /><F33/><W17/><G17/><T101/><D2/><U116/><E116/><V8/><F82/><W19/><G19/><T97/><D101/><U64/><AGARI ba="1,2" hai="38,39,40,42,43,45,48,52,63,64,70" m="41159" machi="64" ten="30,24000,3" yaku="35,5,52,2,54,1" doraHai="62" who="1" fromWho="1" sc="358,-81,170,263,224,-81,228,-81" /><INIT seed="1,2,0,1,2,14" ten="277,433,143,147" oya="1" hai0="129,3,134,36,9,39,12,42,28,91,102,11,29" hai1="41,53,122,114,63,30,46,32,131,38,34,108,43" hai2="89,19,80,132,68,6,104,37,113,101,8,2,17" hai3="78,130,96,52,87,92,51,111,65,76,22,23,66"/><U75/><E114/><V120/><F120/><W119/><G111/><T18/><D129/><U124/><E122/><V90/><F68/><W95/><G130/><T64/><D134/><U70/><E131/><V35/><F35/><W115/><G115/><T4/><D102/><U60/><E75/><V24/><F113/><W112/><G112/><T105/><D105/><U135/><E30/><V81/><F37/><W21/><G119/><T126/><D126/><U57/><E32/><V33/><F33/><W47/><G95/><T56/><D39/><N who="1" m="21823" /><E34/><V27/><F101/><W26/><G26/><N who="2" m="9769" /><F2/><W109/><G109/><T98/><D42/><U106/><E106/><V55/><F104/><W71/><G71/><T58/><D36/><U127/><E108/><V79/><F132/><W88/><G96/><T86/><D98/><U72/><E72/><V118/><F118/><W0/><G0/><T121/><D121/><U83/><E135/><V123/><F123/><W16/><G76/><T133/><D133/><U61/><E70/><V13/><F79/><W20/><G78/><T5/><D29/><U54/><E38/><V59/><F89/><W117/><G117/><T74/><D28/><U110/><E110/><V31/><F31/><W82/><G92/><T73/><D73/><U69/><E69/><V107/><F107/><W45/><G45/><T103/><D74/><U85/><E127/><V48/><F90/><W97/><G97/><T93/><D103/><U62/><E124/><V44/><F44/><W116/><G116/><T128/><D128/><U25/><N who="1" m="15360" /><DORA hai="7" /><U125/><E125/><RYUUKYOKU ba="2,0" sc="277,-15,433,-15,143,15,147,15" hai2="6,8,13,17,19,48,55,59,80,81" hai3="16,20,21,22,23,47,51,52,65,66,82,87,88" /><INIT seed="2,3,0,4,5,51" ten="262,418,158,162" oya="2" hai0="105,38,19,8,29,132,77,119,74,50,70,24,31" hai1="68,40,121,84,129,69,9,67,82,73,122,30,124" hai2="27,107,114,98,36,108,21,46,94,48,95,93,22" hai3="57,91,115,18,80,99,89,126,16,33,75,130,34"/><V76/><F36/><W106/><G130/><T79/><D38/><U35/><E73/><V63/><F114/><W1/><G1/><T15/><D105/><U88/><E40/><V64/><F108/><W56/><G115/><T83/><D70/><U61/><E129/><V116/><F116/><W20/><G126/><T60/><D119/><U90/><E124/><V47/><F76/><W52/><G18/><T117/><D117/><U134/><E134/><V26/><F107/><W127/><G127/><T43/><D132/><U5/><E68/><V39/><F39/><W86/><G75/><T113/><D113/><U4/><E90/><V71/><F98/><W45/><G45/><T133/><D133/><U17/><E17/><V65/><F65/><W12/><G57/><T23/><D79/><U59/><E69/><V109/><F109/><W41/><G41/><T32/><D60/><U7/><E9/><V85/><F85/><W49/><REACH who="3" step="1"/><G89/><REACH who="3" ten="262,418,158,152" step="2"/><T128/><D43/><U102/><E88/><V6/><F6/><W87/><G87/><T112/><D128/><U123/><E84/><V111/><F111/><W42/><G42/><T78/><D112/><U55/><E5/><V120/><F120/><W103/><AGARI ba="3,1" hai="12,16,20,33,34,49,52,56,80,86,91,99,103,106" machi="103" ten="30,12000,2" yaku="1,1,0,1,52,1,54,2,53,1" doraHai="51" doraHaiUra="53" who="3" fromWho="3" sc="262,-33,418,-33,158,-63,152,139" /><INIT seed="3,0,0,1,2,76" ten="229,385,95,291" oya="3" hai0="108,102,71,32,115,126,29,105,134,97,40,66,95" hai1="68,36,35,53,104,17,26,74,64,65,31,27,56" hai2="132,39,123,57,5,55,24,10,82,16,25,30,67" hai3="11,59,0,112,33,109,37,49,63,86,28,128,122"/><W20/><G112/><T1/><D115/><U79/><E36/><V45/><F132/><W41/><G122/><T120/><D120/><U50/><E68/><V77/><F123/><W107/><G107/><T60/><D134/><U131/><E104/><V19/><F67/><W3/><G128/><T6/><D108/><U93/><E131/><V127/><F127/><W48/><G109/><T106/><D126/><U34/><E17/><V121/><F25/><W90/><G33/><T62/><D62/><U91/><E79/><V124/><F124/><W135/><G37/><T13/><D40/><U130/><E74/><V15/><F121/><W8/><G0/><T83/><D13/><U116/><E116/><V2/><F45/><W12/><G3/><T88/><D6/><U51/><E51/><V133/><F39/><W23/><G41/><T85/><REACH who="0" step="1"/><D1/><REACH who="0" ten="219,385,95,291" step="2"/><U113/><E113/><V72/><F133/><W89/><G12/><T100/><D100/><U114/><E114/><V81/><F2/><W87/><G135/><T92/><D92/><U118/><E130/><V9/><F9/><W84/><G63/><T4/><D4/><U119/><E119/><V125/><F125/><W14/><G14/><T38/><D38/><U70/><E118/><V96/><F96/><W21/><G48/><T73/><D73/><U69/><E50/><V80/><F72/><W18/><G8/><T103/><D103/><U129/><E129/><V98/><F98/><W44/><G44/><T43/><D43/><U117/><E117/><V99/><F99/><W61/><G11/><T46/><D46/><RYUUKYOKU ba="0,1" sc="219,30,385,-10,95,-10,291,-10" hai0="29,32,60,66,71,83,85,88,95,97,102,105,106" owari="249,-15.1,385,48.5,85,-41.5,281,8.1" /></mjloggm>