<mjloggm ver="2.3"><GO type="225" lobby="0"/><UN n0="%E8%A8%88%E7%AE%97%E6%A9%9F%E8%87%AA%E7%84%B6" n1="%E6%98%93%E5%88%A9%E8%96%A9%E4%BC%AF" n2="%E3%80%90%E3%83%88%E3%83%AA%E3%83%A5%E3%83%95%E3%80%91" n3="%61%74%73%75%74%6F%64%6F" dan="17,16,16,16" rate="2182.24,2116.45,2102.73,2097.17" sx="M,F,M,M"/><TAIKYOKU oya="0"/><INIT seed="0,0,0,2,4,38" ten="250,250,250,250" oya="0" hai0="48,91,132,46,86,83,61,79,59,36,110,123,9" hai1="39,24,104,116,117,96,10,4,130,5,17,62,99" hai2="63,87,33,52,45,51,129,29,120,119,109,90,54" hai3="7,118,53,37,15,26,6,13,121,65,32,0,98"/><T28/><D123/><U105/><E130/><V35/><F120/><W97/><G118/><T31/><D132/><U133/><E133/><V111/><F119/><W95/><G0/><T89/><D36/><U20/><E39/><V77/><F77/><W102/><G121/><T88/><D110/><N who="2" m="41994" /><F29/><W44/><G65/><T58/><D9/><U18/><E62/><V92/><F129/><W27/><G32/><T55/><REACH who="0" step="1"/><D59/><AGARI ba="0,0" hai="33,35,45,51,52,54,59,63,87,90,92" m="41994" machi="59" ten="30,2000,0" yaku="14,1,54,1" doraHai="38" who="2" fromWho="0" sc="250,-20,250,0,250,20,250,0" /><INIT seed="1,0,0,5,2,108" ten="230,250,270,250" oya="1" hai0="118,122,51,46,21,19,49,109,121,76,61,33,79" hai1="9,8,26,91,48,4,133,82,113,90,35,86,29" hai2="44,116,70,6,25,64,81,131,103,38,95,65,13" hai3="110,134,97,39,101,28,53,104,88,37,84,30,127"/><U87/><E133/><V106/><F116/><W126/><G110/><T59/><D109/><U24/><E113/><V11/><F106/><W3/><G3/><T1/><D33/><U74/><E74/><V80/><F70/><W69/><G69/><T102/><D1/><U111/><E111/><V10/><F131/><W71/><G71/><T123/><D102/><U36/><E36/><N who="3" m="13898" /><G53/><T130/><D118/><U89/><E26/><V62/><F25/><W99/><G99/><T23/><D130/><U17/><E48/><V107/><F107/><W52/><G52/><N who="0" m="32143" /><D61/><U15/><REACH who="1" step="1"/><E87/><REACH who="1" ten="230,240,270,250" step="2"/><V129/><F129/><W114/><G114/><T16/><D23/><U32/><E32/><V18/><F38/><W12/><G134/><T98/><D98/><U72/><E72/><V54/><F62/><W83/><G12/><AGARI ba="0,1" hai="4,8,9,12,15,17,24,29,35,82,86,89,90,91" machi="12" ten="30,2900,0" yaku="1,1,7,1,53,0" doraHai="108" doraHaiUra="47" who="1" fromWho="3" sc="230,0,240,39,270,0,250,-29" /><INIT seed="1,1,0,1,2,80" ten="230,279,270,221" oya="1" hai0="15,63,13,34,94,40,128,107,67,86,95,73,132" hai1="60,116,117,99,118,6,62,16,101,74,4,31,19" hai2="44,104,2,102,69,52,0,18,93,92,36,21,49" hai3="55,120,113,51,88,57,124,98,114,39,131,105,70"/><U106/><E74/><V25/><F69/><W20/><G120/><T108/><D73/><U43/><E31/><V121/><F121/><W14/><G124/><T48/><D107/><U72/><E72/><V22/><F104/><W32/><G32/><T61/><D34/><U90/><E43/><V7/><F36/><W30/><G131/><T79/><D128/><U82/><E62/><N who="0" m="23561" /><D67/><U56/><E4/><V38/><F38/><W58/><G70/><T23/><D108/><U68/><E6/><V91/><F22/><W53/><G39/><T122/><D132/><U96/><E68/><V125/><F7/><W8/><G105/><T35/><D35/><U54/><REACH who="1" step="1"/><E99/><REACH who="1" ten="230,269,270,221" step="2"/><V26/><F125/><W59/><G114/><T66/><D122/><U103/><E103/><V127/><F127/><W24/><G113/><T11/><D66/><U17/><E17/><V89/><F102/><W130/><G130/><T133/><D133/><U81/><E81/><V87/><F26/><W45/><G98/><AGARI ba="1,1" hai="0,2,18,21,25,44,49,52,87,89,91,92,93,98" machi="98" ten="30,3900,0" yaku="7,1,52,1,54,1" doraHai="80" who="2" fromWho="3" sc="230,0,269,0,270,52,221,-42" /><INIT seed="2,0,0,5,1,8" ten="230,269,322,179" oya="2" hai0="56,19,85,124,106,97,108,81,50,133,125,104,117" hai1="32,25,122,134,44,131,29,99,127,51,93,45,18" hai2="80,46,13,92,105,42,59,88,130,60,112,74,53" hai3="129,87,114,84,11,48,36,79,31,94,109,82,14"/><V62/><F112/><W69/><G36/><T61/><D108/><U33/><E131/><V24/><F105/><W120/><G109/><T95/><D50/><U39/><E134/><V90/><F24/><W47/><G129/><T135/><D19/><U21/><E127/><N who="0" m="48713" /><D56/><U118/><E118/><V38/><F130/><W20/><G69/><T57/><D57/><U115/><E122/><V110/><F110/><W102/><G120/><T67/><D61/><U5/><E5/><V73/><F62/><W27/><G114/><T101/><D101/><U103/><E115/><V100/><F100/><W113/><G113/><T98/><D67/><U37/><E45/><V30/><F30/><W55/><G102/><N who="0" m="60735" /><D98/><U1/><E1/><V128/><F128/><W41/><G94/><T15/><D15/><U76/><E76/><V49/><F13/><W22/><G22/><T78/><D117/><U17/><E33/><V54/><F92/><W7/><REACH who="3" step="1"/><G84/><REACH who="3" ten="230,269,322,169" step="2"/><T58/><D58/><U12/><REACH who="1" step="1"/><E18/><REACH who="1" ten="230,259,322,169" step="2"/><V119/><F119/><W3/><G3/><T26/><D26/><U4/><E4/><V70/><F46/><W91/><G91/><T126/><D126/><U123/><E123/><V64/><F88/><W116/><G116/><T96/><D96/><U65/><E65/><V52/><F64/><W63/><G63/><T72/><D85/><U86/><E86/><V121/><F60/><W89/><G89/><T28/><D28/><U75/><E75/><V34/><F74/><W71/><G71/><T10/><D10/><U68/><E68/><V35/><F70/><W16/><G16/><RYUUKYOKU ba="0,2" sc="230,10,259,10,322,-30,169,10" hai0="72,78,81,104,106,133,135" hai1="12,17,21,25,29,32,37,39,44,51,93,99,103" hai3="7,11,14,20,27,31,41,47,48,55,79,82,87" /><INIT seed="3,1,2,3,3,59" ten="240,269,292,179" oya="3" hai0="65,17,76,18,50,127,23,45,6,27,42,0,97" hai1="124,24,115,73,43,10,2,25,83,96,84,126,125" hai2="39,22,5,108,32,14,101,52,133,16,134,135,114" hai3="19,116,107,68,86,110,104,99,4,67,93,12,29"/><W55/><G116/><T88/><D127/><U57/><E115/><V92/><F32/><W87/><G4/><T31/><D76/><U106/><E73/><V21/><F108/><W100/><G110/><T82/><D65/><U20/><E43/><V44/><F5/><W80/><G29/><T131/><D131/><U62/><E10/><N who="2" m="6231" /><F114/><W77/><G55/><T53/><D42/><U40/><E40/><N who="2" m="22559" /><F52/><W121/><G121/><T95/><REACH who="0" step="1"/><D82/><REACH who="0" ten="230,269,292,179" step="2"/><U7/><E83/><V37/><F37/><W91/><G67/><T63/><D63/><U3/><E62/><V98/><AGARI ba="1,3" hai="21,22,92,98,101,133,134,135" m="22559,6231" machi="98" ten="40,2700,0" yaku="20,1,54,1" doraHai="59" who="2" fromWho="2" sc="230,-8,269,-8,292,60,179,-14" owari="222,-17.8,261,6.1,352,45.2,165,-33.5" /></mjloggm>