<mjloggm ver="2.3"><GO type="225" lobby="0"/><UN n0="%E5%AF%82%E5%AF%9E%E3%82%AE%E3%83%8D%E3%82%B9%E3%83%93%E3%83%BC%E3%83%AB" n1="%67%61%79%75%6E%79" n2="%E8%81%B7%E6%A5%AD%E3%80%81%E9%A2%A8%32" n3="%E8%A8%88%E7%AE%97%E6%A9%9F%E8%87%AA%E7%84%B6" dan="16,16,16,17" rate="2147.25,2144.25,2124.73,2252.40" sx="M,M,M,M"/><TAIKYOKU oya="0"/><INIT seed="0,0,0,2,5,43" ten="250,250,250,250" oya="0" hai0="127,26,113,51,130,100,55,128,133,39,58,25,60" hai1="3,109,135,9,63,54,110,72,44,101,65,85,99" hai2="59,33,18,134,92,31,22,70,90,13,131,112,119" hai3="88,122,56,132,49,79,62,47,77,80,76,67,115"/><T66/><D113/><U38/><E72/><V96/><F70/><W102/><G115/><T114/><D114/><U17/><E85/><V64/><F119/><W4/><G132/><T27/><D133/><U35/><E35/><V10/><F134/><W81/><G122/><T84/><D127/><U121/><E135/><V75/><F75/><W78/><G102/><T74/><D74/><U24/><E121/><V12/><F131/><W5/><N who="3" m="19456" /><DORA hai="32" /><W45/><G45/><T61/><D84/><U57/><E24/><N who="2" m="16791" /><F33/><W126/><G126/><T125/><D125/><U106/><E17/><N who="2" m="8343" /><F112/><W42/><REACH who="3" step="1"/><G88/><REACH who="3" ten="250,250,250,240" step="2"/><T104/><D100/><U93/><E101/><V89/><F90/><W117/><G117/><T116/><D116/><U30/><E44/><V105/><F89/><W28/><G28/><T36/><D104/><U7/><E30/><V120/><F105/><W118/><G118/><T95/><D95/><U129/><E93/><V123/><F92/><W19/><G19/><T69/><REACH who="0" step="1"/><D51/><REACH who="0" ten="240,250,250,240" step="2"/><U107/><E106/><V46/><F120/><W0/><G0/><T40/><D40/><U23/><E107/><V21/><F123/><W103/><G103/><T111/><D111/><U91/><E110/><V86/><F86/><W68/><G68/><T8/><D8/><U2/><E109/><V20/><F96/><W71/><G71/><T108/><D108/><U124/><E99/><V87/><F87/><W6/><AGARI ba="0,2" hai="4,5,6,42,47,49,56,62,67,80,81" m="19456" machi="6" ten="50,8000,1" yaku="1,1,0,1,8,1,52,1,53,1" doraHai="43,32" doraHaiUra="52,15" who="3" fromWho="3" sc="240,-40,250,-20,250,-20,240,100" /><INIT seed="1,0,0,5,1,40" ten="200,230,230,340" oya="1" hai0="54,88,108,107,27,85,78,62,13,133,55,17,31" hai1="117,91,39,19,96,1,99,58,127,128,29,66,73" hai2="126,69,32,120,28,10,72,97,0,15,110,52,61" hai3="35,79,82,11,131,43,9,76,33,30,118,23,60"/><U74/><E1/><V63/><F110/><W77/><G131/><T113/><D113/><U64/><E39/><V48/><F120/><W26/><G118/><T124/><D108/><U56/><E117/><V47/><F72/><W2/><G82/><T7/><D107/><U70/><E29/><V75/><F75/><W14/><G43/><T5/><D124/><U16/><E70/><V24/><F69/><W125/><G125/><T25/><D78/><U18/><E127/><V135/><F126/><W106/><G106/><T122/><D133/><U98/><E128/><V115/><F135/><W6/><REACH who="3" step="1"/><G60/><REACH who="3" ten="200,230,230,330" step="2"/><T95/><D122/><U22/><E74/><V36/><F61/><W12/><G12/><T132/><D132/><U102/><E73/><V45/><F63/><W111/><G111/><T50/><D62/><U101/><E91/><V134/><F134/><W84/><G84/><T49/><D55/><U71/><E71/><V53/><F0/><W86/><G86/><T100/><D100/><N who="1" m="38507" /><E22/><V92/><F115/><W105/><G105/><T90/><D90/><U93/><E93/><V38/><F92/><W65/><G65/><AGARI ba="0,1" hai="16,18,19,56,58,64,65,66,96,98,99" m="38507" machi="65" ten="40,12000,1" yaku="28,2,8,1,54,1" doraHai="40" who="1" fromWho="3" sc="200,0,230,130,230,0,330,-120" /><INIT seed="1,1,0,2,5,118" ten="200,360,230,210" oya="1" hai0="4,37,42,98,113,103,114,36,40,94,134,90,30" hai1="89,0,109,60,83,29,5,28,133,25,128,18,126" hai2="14,91,71,11,6,20,66,50,33,49,120,44,106" hai3="51,108,93,105,95,92,35,46,2,23,102,85,63"/><U76/><E128/><V1/><F120/><W74/><G35/><T101/><D134/><U110/><E133/><V12/><F106/><W97/><G2/><T47/><D4/><U64/><E126/><V135/><F135/><W77/><G108/><N who="1" m="41578" /><E89/><V84/><F33/><W65/><G23/><T73/><D73/><N who="1" m="43407" /><E18/><N who="2" m="10311" /><F71/><W54/><G74/><T57/><D57/><N who="1" m="36879" /><E25/><V38/><F91/><W129/><G129/><T75/><D75/><U67/><E67/><V7/><F66/><W81/><REACH who="3" step="1"/><G105/><REACH who="3" ten="200,360,230,200" step="2"/><T86/><D30/><U59/><E29/><V34/><F34/><W32/><G32/><T41/><D114/><U88/><E28/><V55/><F1/><W27/><G27/><T45/><D113/><U131/><E0/><V127/><F14/><W119/><G119/><T8/><D8/><U13/><E13/><V124/><F11/><W100/><G100/><T116/><D116/><U53/><E131/><V69/><F124/><W48/><G48/><T24/><D24/><U10/><E10/><V107/><F49/><W68/><AGARI ba="1,1" hai="46,51,54,63,65,68,77,81,85,92,93,95,97,102" machi="68" ten="20,5200,0" yaku="1,1,0,1,7,1,53,1" doraHai="118" doraHaiUra="96" who="3" fromWho="3" sc="200,-14,360,-27,230,-14,200,65" /><INIT seed="2,0,0,1,2,123" ten="186,333,216,265" oya="2" hai0="51,104,37,52,1,61,134,84,33,2,59,46,17" hai1="49,40,3,131,41,107,113,20,0,63,72,116,127" hai2="75,87,53,88,124,4,121,14,34,22,114,98,97" hai3="111,39,55,29,26,83,101,42,47,125,126,31,76"/><V67/><F121/><W27/><G101/><T11/><D134/><U8/><E107/><V96/><F114/><W12/><G12/><T24/><D104/><U5/><E72/><V85/><F75/><N who="3" m="43423" /><G55/><T109/><D109/><U80/><E127/><N who="3" m="48650" /><G111/><T90/><D37/><U122/><E3/><V35/><F124/><W130/><G130/><T44/><D33/><U132/><E20/><V71/><F87/><W129/><G129/><T118/><D118/><U48/><E131/><V82/><F53/><W16/><G16/><T120/><D120/><U6/><E122/><V62/><REACH who="2" step="1"/><F22/><REACH who="2" ten="186,333,206,265" step="2"/><W23/><G23/><N who="0" m="13423" /><D1/><U77/><E0/><V9/><AGARI ba="0,1" hai="4,9,14,34,35,62,67,71,82,85,88,96,97,98" machi="9" ten="30,6000,0" yaku="1,1,0,1,54,1,53,0" doraHai="123" doraHaiUra="110" who="2" fromWho="2" sc="186,-20,333,-20,206,70,265,-20" /><INIT seed="2,1,0,2,0,78" ten="166,313,276,245" oya="2" hai0="26,38,124,60,13,57,97,104,132,85,103,110,100" hai1="2,76,86,32,90,101,61,108,59,8,41,5,55" hai2="120,80,50,94,67,39,30,52,63,37,45,87,121" hai3="106,33,99,105,62,21,54,1,69,70,123,79,22"/><V3/><F3/><W20/><G123/><T51/><D110/><U134/><E108/><V74/><F74/><W109/><G109/><T65/><D124/><U23/><E32/><V36/><F30/><W75/><G1/><T25/><D132/><U31/><E134/><V10/><F94/><W119/><G119/><T47/><D38/><U28/><E101/><V135/><F10/><W111/><G33/><T133/><D133/><U116/><E116/><V82/><F82/><W73/><G111/><T95/><D13/><U125/><E125/><V7/><F7/><W18/><G18/><T126/><D126/><U56/><E76/><V128/><F128/><W84/><G84/><T58/><D58/><U29/><E56/><V11/><F11/><W12/><G12/><T24/><D85/><U93/><REACH who="1" step="1"/><E41/><REACH who="1" ten="166,303,276,245" step="2"/><V89/><REACH who="2" step="1"/><F135/><REACH who="2" ten="166,303,266,245" step="2"/><W46/><G79/><T114/><D114/><U102/><E102/><V71/><AGARI ba="1,2" hai="36,37,39,45,50,52,63,67,71,80,87,89,120,121" machi="71" ten="30,12000,1" yaku="1,1,2,1,0,1,52,1,54,1,53,0" doraHai="78" doraHaiUra="127" who="2" fromWho="2" sc="166,-41,303,-41,266,143,245,-41" /><INIT seed="2,2,0,3,4,49" ten="125,262,409,204" oya="2" hai0="22,5,113,83,128,59,12,51,134,123,61,46,11" hai1="68,47,54,37,26,110,100,50,6,20,106,72,87" hai2="82,115,124,92,0,32,15,112,78,118,108,21,31" hai3="75,76,18,19,66,29,64,33,99,40,135,4,98"/><V48/><F118/><W60/><G135/><T30/><D134/><U24/><E72/><V71/><F71/><W133/><G133/><T117/><D128/><U121/><E68/><V65/><F65/><W91/><G4/><T55/><D113/><U79/><E37/><V96/><F0/><W16/><G40/><T88/><D123/><U1/><E121/><V2/><F2/><W57/><G64/><T114/><D114/><U43/><E106/><V23/><F23/><W129/><G129/><T53/><D117/><U97/><E110/><V107/><F107/><W41/><G41/><T105/><D105/><U34/><E34/><V73/><F32/><W28/><G33/><T90/><D83/><U38/><E87/><V8/><F108/><W36/><G36/><T63/><D63/><U77/><E24/><AGARI ba="2,0" hai="5,11,12,22,24,30,46,51,53,55,59,61,88,90" machi="24" ten="40,8000,1" yaku="8,1,52,2,54,1" doraHai="49" who="0" fromWho="1" sc="125,86,262,-86,409,0,204,0" /><INIT seed="3,0,0,3,0,57" ten="211,176,409,204" oya="3" hai0="48,76,5,42,45,135,8,90,31,10,38,88,61" hai1="69,1,111,133,2,19,122,55,130,30,12,96,32" hai2="117,107,23,99,118,49,81,37,115,14,20,125,22" hai3="129,79,50,82,64,40,78,67,27,33,73,119,92"/><W66/><G119/><T94/><D135/><U91/><E122/><V80/><F37/><W121/><G121/><T59/><D38/><U26/><E133/><V53/><F115/><W62/><G129/><T128/><D128/><U74/><E130/><V132/><F99/><W15/><G78/><T24/><D76/><U101/><E111/><V16/><F107/><W97/><G15/><N who="0" m="5519" /><D10/><U43/><E74/><V68/><F68/><W126/><G126/><T83/><D83/><N who="2" m="31818" /><F125/><W0/><G0/><T102/><D31/><U44/><E69/><V112/><F112/><W17/><G50/><T46/><D46/><U71/><E71/><V85/><F85/><W51/><G51/><T105/><D24/><U95/><E101/><V70/><F70/><W108/><G40/><T124/><D105/><U7/><E7/><V87/><F132/><W4/><G4/><T106/><D106/><U109/><E109/><V86/><F118/><W11/><G108/><T84/><D124/><U103/><E103/><V114/><F114/><W18/><G11/><T52/><D84/><N who="2" m="32298" /><F117/><W134/><G134/><T35/><D35/><U60/><E19/><N who="3" m="7178" /><G33/><T100/><D100/><U28/><E30/><V29/><F29/><W39/><G39/><T127/><D127/><U104/><E104/><V47/><AGARI ba="0,0" hai="14,16,20,22,23,47,49,53" m="32298,31818" machi="47" ten="30,2000,0" yaku="8,1,54,1" doraHai="57" who="2" fromWho="2" sc="211,-5,176,-5,409,20,204,-10" owari="206,0.6,171,-32.9,429,52.9,194,-20.6" /></mjloggm>