<mjloggm ver="2.3"><GO type="225" lobby="0"/><UN n0="%E5%A4%9C%E3%81%AE%E3%82%AC%E3%82%B9%E3%83%91%E3%83%BC%E3%83%AB" n1="%E6%98%93%E5%88%A9%E8%96%A9%E4%BC%AF" n2="%E3%82%B2%E3%82%B9%E8%8C%82%E5%8B%9D" n3="%77%72%77%72%77%72%77%72" dan="16,16,16,16" rate="2081.42,2051.36,2065.72,2163.86" sx="M,F,F,M"/><TAIKYOKU oya="0"/><INIT seed="0,0,0,0,1,39" ten="250,250,250,250" oya="0" hai0="22,14,76,54,2,87,41,122,119,10,12,108,18" hai1="100,30,28,67,117,72,52,46,94,77,51,50,29" hai2="1,19,23,107,44,62,85,70,20,55,26,129,101" hai3="106,43,65,125,3,58,35,91,57,25,37,16,27"/><T61/><D119/><U105/><E117/><V71/><F129/><W110/><G106/><T56/><D122/><U97/><E67/><V31/><F1/><W88/><G3/><T6/><D108/><U133/><E133/><V135/><F135/><W80/><G110/><T11/><D41/><U33/><E72/><V132/><F132/><W128/><G128/><T8/><REACH who="0" step="1"/><D2/><REACH who="0" ten="240,250,250,250" step="2"/><U109/><E109/><V120/><F120/><W134/><G43/><T53/><D53/><U112/><E112/><V9/><F55/><W78/><G134/><T95/><D95/><U126/><E105/><V90/><F107/><W68/><G37/><T99/><D99/><U40/><E126/><V81/><F81/><AGARI ba="0,1" hai="6,8,10,11,12,14,18,22,54,56,61,76,81,87" machi="81" ten="40,3900,0" yaku="1,1,8,1,53,0" doraHai="39" doraHaiUra="111" who="0" fromWho="2" sc="240,49,250,0,250,-39,250,0" /><INIT seed="0,1,0,3,0,48" ten="289,250,211,250" oya="0" hai0="82,95,105,107,135,94,134,52,40,111,78,109,27" hai1="98,49,101,54,55,58,15,123,89,32,53,38,133" hai2="39,19,28,108,7,45,116,79,43,23,74,80,34" hai3="33,25,115,21,99,31,57,8,64,14,50,66,122"/><T113/><D113/><U86/><E123/><V132/><F108/><N who="0" m="41546" /><D40/><U112/><E38/><V12/><F132/><N who="0" m="50730" /><D27/><U106/><E133/><V126/><F126/><W75/><G122/><T96/><D52/><U51/><E112/><V129/><F129/><W72/><G115/><T9/><D9/><U17/><E32/><V69/><F69/><W11/><G11/><T100/><D107/><U76/><E51/><V56/><F116/><W59/><G50/><T118/><D118/><U97/><E49/><V127/><F127/><W26/><G8/><T103/><D103/><U30/><E58/><V4/><F28/><W13/><G31/><T73/><AGARI ba="1,0" hai="73,78,82,94,95,96,100,105" m="50730,41546" machi="73" ten="30,12000,1" yaku="14,1,10,1,20,1,34,2" doraHai="48" who="0" fromWho="0" sc="289,123,250,-41,211,-41,250,-41" /><INIT seed="0,2,0,0,2,74" ten="412,209,170,209" oya="0" hai0="116,134,95,62,104,46,58,69,100,27,120,55,87" hai1="39,79,110,78,67,17,127,60,63,72,106,84,10" hai2="21,37,132,66,22,54,24,36,107,92,9,12,71" hai3="94,135,56,3,23,112,88,118,90,75,50,7,51"/><T119/><D120/><U121/><E121/><V81/><F107/><W15/><G112/><T5/><D134/><U89/><E106/><V31/><F132/><W83/><G118/><T68/><D104/><U14/><E39/><V105/><F105/><W115/><G115/><T101/><D5/><U128/><E110/><V98/><F21/><W0/><G135/><T8/><D8/><U35/><E35/><V1/><F1/><W129/><G129/><T109/><D109/><U45/><E72/><V44/><F66/><W40/><G40/><T25/><D46/><U41/><E127/><V99/><F71/><W86/><G75/><T77/><D95/><U57/><E63/><V30/><F30/><W48/><G56/><T122/><D122/><U125/><E125/><V64/><F64/><W52/><G52/><T26/><D69/><U53/><E128/><V16/><F81/><W76/><G90/><T111/><D68/><U114/><E114/><V11/><F11/><W59/><G59/><T133/><D111/><U124/><E124/><V65/><F65/><W102/><G102/><T6/><D133/><U38/><REACH who="1" step="1"/><E67/><REACH who="1" ten="412,199,170,209" step="2"/><V97/><F37/><W108/><G108/><T2/><D62/><U42/><E42/><V29/><F36/><W61/><G61/><T18/><D119/><U73/><E73/><V34/><F34/><W80/><G48/><T32/><D116/><U47/><E47/><V91/><F31/><W131/><G131/><T43/><D32/><U93/><AGARI ba="2,1" hai="10,14,17,38,41,45,53,57,60,78,79,84,89,93" machi="93" ten="20,12000,2" yaku="1,1,0,1,7,1,52,2,53,1" doraHai="74" doraHaiUra="82" who="1" fromWho="1" sc="412,-62,199,136,170,-32,209,-32" /><INIT seed="1,0,0,3,0,1" ten="350,335,138,177" oya="1" hai0="74,100,62,128,59,80,57,29,40,127,25,131,15" hai1="118,11,46,126,124,43,73,14,58,76,113,93,49" hai2="10,101,132,23,119,92,45,39,82,86,88,133,36" hai3="17,8,22,0,33,6,61,63,28,94,38,34,99"/><U120/><E113/><V81/><F119/><W96/><G38/><T90/><D127/><U117/><E120/><V98/><F23/><W26/><G99/><T105/><D40/><U125/><E93/><V54/><F81/><W95/><G95/><T13/><D100/><U87/><E73/><V75/><F75/><W70/><G70/><T37/><D37/><U129/><E58/><V32/><F32/><W67/><G67/><T50/><D105/><U42/><E42/><V107/><F107/><W121/><G121/><T47/><D47/><U52/><E43/><V123/><F123/><W78/><G78/><N who="0" m="44119" /><D90/><U135/><E135/><N who="2" m="51787" /><F10/><W110/><G110/><T55/><D25/><U44/><E44/><V103/><F103/><W48/><G48/><AGARI ba="0,0" hai="36,39,45,48,54,82,86,88,92,98,101" m="51787" machi="48" ten="30,2000,0" yaku="20,1,54,1" doraHai="1" who="2" fromWho="3" sc="350,0,335,0,138,20,177,-20" /><INIT seed="2,0,0,5,2,79" ten="350,335,158,157" oya="2" hai0="91,10,126,105,32,100,8,1,94,20,58,110,64" hai1="26,101,128,71,49,28,120,121,6,119,43,133,53" hai2="112,56,99,14,21,107,13,90,93,65,61,104,113" hai3="63,77,55,108,7,18,2,117,86,130,31,24,69"/><V127/><F127/><W103/><G117/><T66/><D32/><U81/><E119/><V80/><F104/><W41/><G108/><T48/><D110/><U116/><E116/><V87/><F107/><W34/><G130/><T3/><D100/><U70/><E101/><V22/><F21/><W30/><G30/><T97/><D105/><U27/><E43/><V52/><F65/><W118/><G118/><T123/><D123/><N who="1" m="47179" /><E6/><V19/><REACH who="2" step="1"/><F13/><REACH who="2" ten="350,335,148,157" step="2"/><W17/><G34/><T88/><D20/><U115/><E128/><V95/><F95/><W4/><G69/><T45/><D126/><U46/><E70/><V57/><F57/><W134/><G2/><T135/><D58/><U132/><E71/><V33/><F33/><W129/><G129/><T114/><D94/><U78/><E115/><V85/><F85/><W60/><G86/><T51/><D114/><U44/><E28/><V15/><F15/><W16/><G31/><T12/><D12/><U106/><E106/><V47/><F47/><W35/><G35/><T75/><D45/><U9/><E46/><V54/><F54/><W109/><G55/><T122/><D1/><U29/><E29/><V42/><F42/><W67/><G41/><T74/><D3/><U73/><E44/><V96/><F96/><W37/><G67/><T5/><D97/><U50/><E53/><V39/><F39/><W36/><G37/><T124/><D124/><U82/><E73/><V72/><F72/><W23/><G109/><T25/><D74/><U84/><E84/><V125/><F125/><W68/><G68/><T0/><D75/><RYUUKYOKU ba="0,1" sc="350,-10,335,-10,148,30,157,-10" hai2="14,19,22,52,56,61,80,87,90,93,99,112,113" /><INIT seed="2,1,1,4,3,4" ten="340,325,178,147" oya="2" hai0="82,65,109,92,52,127,71,112,122,55,0,125,51" hai1="9,35,17,13,7,123,76,104,78,47,75,18,11" hai2="40,116,27,73,103,12,102,107,110,87,94,24,108" hai3="38,91,31,66,8,88,126,48,29,33,28,25,117"/><V58/><F116/><W97/><G38/><T42/><D112/><U95/><E104/><V34/><F73/><W21/><G117/><T59/><D122/><U129/><E35/><V83/><F107/><W124/><G66/><T119/><D119/><U115/><E115/><V53/><F40/><W106/><G48/><T39/><D109/><N who="2" m="42090" /><F12/><W57/><G57/><T77/><D0/><U54/><E75/><V64/><F64/><W132/><G132/><T20/><D65/><U22/><E54/><V10/><F10/><W114/><G114/><T86/><D71/><U79/><E123/><V3/><F3/><W133/><G133/><T15/><D55/><U60/><E11/><V62/><F94/><W80/><G8/><T96/><D42/><U23/><E95/><V93/><F93/><N who="3" m="56487" /><G106/><T120/><D39/><U43/><E9/><V69/><F69/><W131/><G33/><T72/><D120/><U134/><E134/><V67/><F67/><W19/><G131/><T89/><D72/><U128/><E128/><V36/><F36/><W85/><G126/><N who="0" m="48139" /><D15/><U44/><E129/><V100/><F34/><W84/><G124/><T50/><D20/><U56/><E23/><V2/><F2/><W30/><N who="3" m="7168" /><DORA hai="105" /><W118/><G118/><T98/><D98/><U63/><E22/><V1/><F1/><W46/><G85/><T49/><AGARI ba="1,1" hai="49,50,51,52,59,77,82,86,89,92,96" m="48139" machi="49" ten="30,2000,0" yaku="18,1,54,1" doraHai="4,105" who="0" fromWho="0" sc="340,33,325,-6,178,-11,147,-6" /><INIT seed="3,0,0,0,5,26" ten="373,319,167,141" oya="3" hai0="1,77,9,49,133,114,129,79,16,97,102,44,83" hai1="110,123,35,50,101,82,24,74,116,34,75,28,56" hai2="23,21,104,52,72,119,95,106,93,53,17,121,51" hai3="46,10,108,86,42,38,20,58,19,25,112,78,66"/><W131/><G112/><T71/><D71/><U27/><E110/><V14/><F72/><W111/><G131/><T3/><D129/><U89/><E123/><V4/><F119/><W31/><G66/><T81/><D133/><U0/><E0/><V62/><F4/><W94/><G58/><T48/><D114/><U85/><E101/><V41/><F121/><W7/><G19/><T92/><D49/><U5/><E5/><V6/><F6/><W96/><G86/><T115/><D115/><U37/><E37/><V99/><F41/><W120/><G78/><N who="0" m="29707" /><D3/><U73/><E116/><V63/><F23/><W98/><G120/><T67/><D67/><U68/><E68/><V33/><F33/><W18/><G18/><T117/><D1/><U113/><E113/><V13/><F14/><N who="3" m="5471" /><G94/><T12/><D117/><U107/><E107/><V88/><F93/><W11/><G11/><T2/><D2/><U105/><E105/><V84/><F99/><W60/><G60/><N who="2" m="23081" /><F53/><AGARI ba="0,0" hai="9,12,16,44,48,53,81,83,92,97,102" m="29707" machi="53" ten="30,2000,0" yaku="8,1,54,1" doraHai="26" who="0" fromWho="2" sc="373,20,319,0,167,-20,141,0" owari="393,49.3,319,11.9,147,-25.3,141,-35.9" /></mjloggm>