<mjloggm ver="2.3"><GO type="225" lobby="0"/><UN n0="%E3%81%B5%E3%81%98%E3%81%8B%E3%81%A4" n1="%E3%81%86%E3%81%A9%E3%82%93%E3%81%93" n2="%E6%A1%9C%E8%8A%B1%E9%96%83%E3%80%85" n3="%E5%A4%9C%E3%81%AE%E3%82%AC%E3%82%B9%E3%83%91%E3%83%BC%E3%83%AB" dan="17,16,16,16" rate="2242.20,2170.84,2198.44,2135.51" sx="M,M,M,M"/><TAIKYOKU oya="0"/><INIT seed="0,0,0,2,4,36" ten="250,250,250,250" oya="0" hai0="42,31,35,131,59,4,72,58,15,128,74,32,121" hai1="101,52,8,76,29,21,18,26,125,37,38,41,5" hai2="16,71,119,117,50,129,48,44,45,24,86,27,92" hai3="61,67,124,103,13,69,106,89,113,105,90,87,2"/><T51/><D121/><U85/><E125/><V10/><F71/><W49/><G2/><T14/><D31/><U12/><E101/><V33/><F129/><N who="0" m="49738" /><D4/><U3/><E41/><N who="2" m="24591" /><F33/><N who="0" m="12874" /><D42/><U126/><E126/><V93/><F86/><W57/><G124/><T107/><D107/><U78/><E52/><N who="2" m="29775" /><F119/><W66/><G113/><T102/><D102/><U79/><REACH who="1" step="1"/><E85/><REACH who="1" ten="250,240,250,250" step="2"/><V62/><F117/><W114/><G103/><T30/><D51/><U17/><E17/><V95/><F62/><W11/><G49/><T91/><D30/><U53/><E53/><V77/><F77/><W73/><G106/><T98/><D91/><U9/><AGARI ba="0,1" hai="3,5,8,9,12,18,21,26,29,37,38,76,78,79" machi="9" ten="30,2000,0" yaku="1,1,0,1,53,0" doraHai="36" doraHaiUra="108" who="1" fromWho="1" sc="250,-10,240,30,250,-5,250,-5" /><INIT seed="1,0,0,0,2,79" ten="240,270,245,245" oya="1" hai0="119,124,24,75,10,104,21,131,97,115,36,99,86" hai1="82,33,103,45,31,114,53,60,50,89,129,59,46" hai2="15,110,3,78,132,0,113,120,1,41,87,14,96" hai3="19,8,100,7,71,40,11,61,12,95,65,125,84"/><U94/><E114/><V20/><F120/><W18/><G125/><T32/><D115/><U35/><E129/><V27/><F113/><W116/><G116/><T73/><D119/><U9/><E103/><V44/><F110/><W112/><G112/><T48/><D36/><U101/><E101/><V76/><F96/><W74/><G74/><T5/><D32/><U34/><E9/><V67/><F67/><W109/><G109/><T22/><D131/><U121/><E121/><V37/><F132/><W70/><G40/><T62/><D124/><U66/><E82/><V90/><F78/><W93/><G71/><T85/><D104/><U69/><REACH who="1" step="1"/><E31/><REACH who="1" ten="240,260,245,245" step="2"/><V55/><F0/><W68/><G100/><T38/><D10/><U4/><E4/><V6/><F6/><W117/><G7/><T51/><D5/><U98/><AGARI ba="0,1" hai="33,34,35,45,46,50,53,59,60,66,69,89,94,98" machi="98" ten="30,3000,0" yaku="1,1,0,1,53,0" doraHai="79" doraHaiUra="13" who="1" fromWho="1" sc="240,-10,260,40,245,-10,245,-10" /><INIT seed="1,1,0,0,3,36" ten="230,300,235,235" oya="1" hai0="118,104,96,119,124,78,52,98,63,99,54,24,106" hai1="116,16,5,40,134,133,117,71,74,6,105,67,62" hai2="20,84,88,108,87,65,85,2,115,28,31,33,26" hai3="12,127,44,42,82,10,56,128,64,107,46,58,114"/><U53/><E74/><V22/><F108/><W113/><G107/><N who="0" m="41003" /><D63/><U8/><E105/><V34/><F115/><W120/><G120/><T94/><D24/><U0/><E6/><V123/><F123/><W86/><G127/><T75/><D124/><U19/><E53/><N who="0" m="20585" /><D94/><U135/><REACH who="1" step="1"/><E40/><REACH who="1" ten="230,290,235,235" step="2"/><V37/><F65/><W121/><G42/><T70/><D75/><U17/><AGARI ba="1,1" hai="0,5,8,16,17,19,62,67,71,116,117,133,134,135" machi="17" ten="40,12000,1" yaku="1,1,2,1,0,1,20,1,54,1,53,0" doraHai="36" doraHaiUra="97" who="1" fromWho="1" sc="230,-41,290,133,235,-41,235,-41" /><INIT seed="1,2,0,5,3,86" ten="189,423,194,194" oya="1" hai0="103,61,46,57,89,29,97,113,0,133,38,53,126" hai1="93,4,40,48,72,91,43,101,77,96,33,131,35" hai2="55,73,59,104,28,56,41,107,95,54,42,23,30" hai3="92,67,50,20,15,79,111,71,127,12,60,110,88"/><U87/><E131/><V32/><F23/><W109/><G127/><T14/><D113/><U16/><E4/><V120/><F95/><W98/><G79/><T5/><D126/><U125/><E125/><V112/><F73/><W114/><G114/><T66/><D29/><U130/><E130/><V70/><F112/><W47/><REACH who="3" step="1"/><G20/><REACH who="3" ten="189,423,194,184" step="2"/><T63/><D133/><U19/><E35/><V78/><F78/><W119/><G119/><T82/><D0/><U2/><E33/><V18/><F32/><W122/><G122/><T27/><D27/><U132/><E2/><V62/><F120/><W76/><G76/><T108/><D108/><U129/><E129/><V134/><F134/><W34/><G34/><T80/><D14/><U116/><E116/><V22/><F22/><W64/><G64/><T8/><D66/><U115/><E115/><V6/><F30/><W100/><G100/><T10/><D103/><U21/><E132/><V9/><F28/><W1/><G1/><T84/><D5/><U65/><E65/><V44/><F6/><W26/><G26/><T11/><D11/><U31/><E31/><V36/><F9/><W121/><G121/><T135/><D8/><U51/><E21/><V83/><F18/><N who="1" m="6697" /><E77/><V3/><F3/><W24/><G24/><T37/><D10/><U74/><E74/><V105/><F105/><W69/><G69/><T106/><D106/><U7/><E7/><V90/><F70/><W45/><G45/><T58/><D46/><U17/><E72/><V117/><F117/><W128/><G128/><T25/><D135/><U99/><E17/><RYUUKYOKU ba="2,1" sc="189,-10,423,-10,194,-10,184,30" hai3="12,15,47,50,60,67,71,88,92,98,109,110,111" /><INIT seed="2,3,1,0,5,79" ten="179,413,184,214" oya="2" hai0="66,19,122,68,133,36,123,119,120,4,10,77,1" hai1="18,135,110,57,40,93,85,90,65,74,11,81,39" hai2="109,44,29,46,26,48,132,104,23,95,102,5,30" hai3="22,25,71,115,112,3,47,38,84,14,89,64,0"/><V43/><F132/><W51/><G38/><T124/><D133/><U58/><E135/><V31/><F104/><W52/><G14/><T72/><D19/><U83/><E110/><V61/><F109/><W35/><G35/><T60/><D124/><U20/><E74/><V75/><F75/><W88/><G64/><T125/><D125/><U87/><E39/><V108/><F108/><W121/><G71/><T55/><D36/><U111/><E40/><V117/><F117/><W113/><G121/><T106/><D119/><U130/><E111/><V69/><F5/><W97/><G97/><T62/><D62/><N who="1" m="38095" /><E11/><V27/><F46/><W86/><G86/><N who="1" m="32778" /><E58/><V45/><F45/><W92/><G89/><T76/><D55/><U94/><E130/><V63/><F69/><W34/><G34/><T41/><D41/><U116/><E116/><V16/><F27/><W17/><AGARI ba="3,1" hai="0,3,17,22,25,47,51,52,84,88,92,112,113,115" machi="17" ten="30,7900,0" yaku="0,1,11,1,54,2" doraHai="79" who="3" fromWho="3" sc="179,-23,413,-23,184,-42,214,98" /><INIT seed="3,0,0,2,5,84" ten="156,390,142,312" oya="3" hai0="80,68,51,94,105,35,132,90,121,21,110,44,129" hai1="46,103,39,75,117,40,17,79,8,1,135,63,10" hai2="0,112,113,7,60,66,116,128,130,33,122,52,86" hai3="72,16,57,124,78,43,96,58,15,77,67,53,31"/><W123/><G123/><T4/><D121/><U30/><E135/><V97/><F122/><W73/><G124/><T2/><D35/><U37/><E37/><V89/><F116/><W81/><G43/><T26/><D68/><U119/><E103/><V118/><F33/><W62/><G31/><T41/><D105/><U114/><E114/><N who="2" m="44139" /><F97/><W106/><G96/><T6/><D132/><U85/><E75/><V29/><F29/><W131/><G106/><T13/><D2/><U48/><E30/><V24/><F24/><W38/><G38/><T74/><D74/><U64/><E48/><V14/><F0/><W59/><G131/><N who="2" m="50217" /><F118/><N who="1" m="45065" /><E17/><V71/><F52/><W93/><G93/><T76/><D129/><U42/><E42/><V54/><F54/><W23/><G53/><T3/><D41/><U12/><E12/><V20/><F7/><N who="0" m="2602" /><D13/><U100/><E100/><V126/><F126/><W47/><REACH who="3" step="1"/><G47/><REACH who="3" ten="156,390,142,302" step="2"/><T109/><D44/><U108/><E108/><V83/><F14/><W95/><G95/><T34/><D3/><U98/><E1/><V102/><F102/><W87/><G87/><N who="0" m="52575" /><D110/><U9/><E98/><V70/><F70/><W107/><G107/><T36/><D36/><U55/><E55/><V104/><F104/><W115/><G115/><T91/><D109/><U28/><E28/><V88/><F20/><W22/><G22/><T49/><D21/><U5/><E85/><V27/><F27/><W111/><G111/><T11/><D26/><U32/><E32/><V18/><F89/><W19/><G19/><AGARI ba="0,1" hai="18,19,60,66,71,83,86,88" m="50217,44139" machi="19" ten="30,3900,0" yaku="19,1,52,1,54,1" doraHai="84" who="2" fromWho="3" sc="156,0,390,0,142,49,302,-39" owari="156,-34.4,390,49.0,191,-20.9,263,6.3" /></mjloggm>