<mjloggm ver="2.3"><GO type="225" lobby="0"/><UN n0="%E3%81%82%E3%81%99%E3%81%AB%E3%82%83%E3%82%80" n1="%E7%B4%94%E6%BD%94%E3%83%94%E3%83%A9%E3%83%8B%E3%82%A2" n2="%E8%BE%9B%E5%8F%A3%E3%82%AB%E3%83%AC%E3%83%BC%E3%83%A9%E3%82%A4%E3%82%B9" n3="%69%71%31%38%30%E7%9C%9F%E5%89%A3%E6%A7%98" dan="16,17,16,17" rate="2190.09,2269.95,2199.42,2198.59" sx="F,M,M,M"/><TAIKYOKU oya="0"/><INIT seed="0,0,0,5,3,65" ten="250,250,250,250" oya="0" hai0="115,49,25,31,42,100,36,81,59,20,8,23,55" hai1="118,130,52,1,92,57,41,125,98,58,89,44,60" hai2="14,18,123,13,103,32,4,90,37,28,79,69,127" hai3="86,109,119,111,45,39,10,17,102,26,19,113,93"/><T70/><D115/><U117/><E125/><V63/><F37/><W62/><G113/><T54/><D100/><U71/><E1/><V6/><F79/><W46/><G119/><T12/><D70/><U106/><E130/><V132/><F90/><N who="3" m="53463" /><G102/><T124/><D124/><U114/><E114/><V77/><F77/><W29/><G62/><T133/><D133/><U91/><E106/><V53/><F127/><W95/><G95/><T108/><D108/><N who="3" m="41545" /><G10/><T82/><D20/><U30/><E71/><V16/><F103/><W121/><G121/><T64/><D64/><U5/><E5/><V128/><F123/><W48/><G39/><T47/><REACH who="0" step="1"/><D55/><REACH who="0" ten="240,250,250,250" step="2"/><U73/><E52/><V0/><F53/><N who="3" m="29839" /><G46/><T7/><AGARI ba="0,1" hai="7,8,12,23,25,31,36,42,47,49,54,59,81,82" machi="7" ten="20,3900,0" yaku="1,1,0,1,7,1,53,0" doraHai="65" doraHaiUra="97" who="0" fromWho="0" sc="240,49,250,-13,250,-13,250,-13" /><INIT seed="0,1,0,4,4,67" ten="289,237,237,237" oya="0" hai0="45,27,29,120,24,132,39,117,31,77,96,123,101" hai1="57,107,81,76,34,90,66,49,35,62,75,55,98" hai2="56,54,95,65,106,19,72,30,124,68,126,16,23" hai3="63,28,83,121,11,43,105,1,32,18,99,131,3"/><T84/><D117/><U25/><E25/><N who="2" m="16703" /><F106/><W10/><G131/><T0/><D0/><N who="3" m="73" /><G63/><T26/><D132/><U71/><REACH who="1" step="1"/><E90/><REACH who="1" ten="289,227,237,237" step="2"/><V125/><F72/><W64/><G121/><T110/><D24/><U80/><E80/><V122/><F122/><W94/><G83/><T21/><D120/><U2/><E2/><V119/><F119/><W61/><G32/><T59/><D26/><U47/><E47/><V20/><F20/><W79/><G10/><T40/><D123/><U93/><E93/><V78/><F78/><W48/><G94/><T88/><D77/><U112/><E112/><V108/><F108/><W52/><G79/><T104/><D110/><U7/><E7/><V97/><F95/><W113/><G11/><T9/><D9/><U37/><E37/><V114/><F114/><W33/><G113/><T15/><D31/><U53/><E53/><V50/><F97/><W91/><G28/><T38/><D39/><U116/><E116/><V127/><N who="2" m="31744" /><DORA hai="41" /><V46/><F46/><N who="3" m="25695" /><G33/><T92/><D96/><U73/><E73/><V100/><F100/><AGARI ba="1,1" hai="34,35,49,55,57,62,66,71,75,76,81,98,100,107" machi="100" ten="40,5200,0" yaku="1,1,52,1,53,1" doraHai="67,41" doraHaiUra="44,130" who="1" fromWho="2" sc="289,0,227,65,237,-55,237,0" /><INIT seed="1,0,0,4,1,60" ten="289,292,182,237" oya="1" hai0="0,52,31,86,12,41,94,8,82,96,116,50,75" hai1="105,129,22,126,61,117,64,29,63,73,36,57,43" hai2="111,9,35,7,59,4,71,30,103,33,77,128,130" hai3="16,118,87,54,69,132,85,38,45,106,131,72,99"/><U110/><E117/><V66/><F77/><W92/><G72/><T109/><D75/><U68/><E73/><V6/><F103/><W58/><G106/><T39/><D109/><U3/><E3/><V19/><F71/><W120/><G69/><T123/><D116/><U65/><E105/><V17/><F59/><W127/><G118/><T49/><D0/><U124/><E110/><V104/><F104/><W84/><G120/><T102/><D31/><U119/><E119/><V133/><F111/><W48/><G127/><N who="1" m="48682" /><E129/><N who="2" m="49771" /><F66/><W79/><G132/><T112/><D112/><U24/><E43/><V25/><F133/><W78/><G131/><T125/><D123/><U121/><E121/><V76/><F76/><W81/><G79/><T18/><D125/><U46/><E46/><V95/><F95/><W108/><G108/><T32/><D41/><U15/><E15/><N who="2" m="7407" /><F19/><W88/><G16/><T10/><D18/><U80/><E80/><V56/><F56/><W51/><REACH who="3" step="1"/><G38/><AGARI ba="0,0" hai="22,24,29,36,38,57,61,63,64,65,68" m="48682" machi="38" ten="30,5800,0" yaku="18,1,52,2" doraHai="60" who="1" fromWho="3" sc="289,0,292,58,182,0,237,-58" /><INIT seed="1,1,0,1,4,37" ten="289,350,182,179" oya="1" hai0="25,26,90,59,82,66,134,16,83,107,115,114,49" hai1="72,121,88,89,131,46,100,79,124,14,116,23,91" hai2="74,106,40,128,80,110,105,53,17,56,7,76,109" hai3="68,81,32,129,99,29,38,112,97,111,125,95,132"/><U33/><E33/><V135/><F128/><W103/><G112/><T30/><D107/><U20/><E116/><V65/><F135/><W57/><G68/><T86/><D134/><U55/><E121/><V94/><F7/><W64/><G132/><T117/><D117/><U35/><E35/><V1/><F1/><W62/><G111/><N who="2" m="42505" /><F65/><W85/><G125/><T36/><D36/><U31/><E124/><V2/><F2/><W77/><G129/><T15/><D83/><U19/><E131/><V52/><F40/><W45/><G99/><T28/><D26/><N who="1" m="16839" /><E72/><V10/><F94/><W11/><G11/><T8/><D30/><U113/><E113/><V130/><F130/><W69/><G32/><T63/><REACH who="0" step="1"/><D49/><REACH who="0" ten="279,350,182,179" step="2"/><N who="1" m="29111" /><E79/><V93/><F93/><W48/><G29/><T41/><D41/><U9/><E100/><V92/><F92/><W75/><G38/><T102/><D102/><U0/><E0/><V22/><F105/><W61/><G62/><T34/><AGARI ba="1,1" hai="8,15,16,25,28,34,59,63,66,82,86,90,114,115" machi="34" ten="20,8000,1" yaku="1,1,0,1,7,1,54,1,53,1" doraHai="37" doraHaiUra="27" who="0" fromWho="0" sc="279,93,350,-41,182,-21,179,-21" /><INIT seed="2,0,0,5,2,38" ten="372,309,161,158" oya="2" hai0="111,125,43,25,86,44,61,81,133,27,2,8,63" hai1="78,33,105,119,22,37,69,129,126,19,100,124,98" hai2="117,66,21,67,28,118,74,16,35,31,36,32,132" hai3="75,120,80,70,41,94,112,101,59,10,62,85,14"/><V45/><F74/><W30/><G120/><T77/><D111/><U6/><E119/><V107/><F107/><W115/><G70/><T39/><D133/><U108/><E33/><V90/><F132/><W65/><G75/><N who="0" m="43199" /><D125/><N who="1" m="48235" /><E69/><V24/><F90/><W110/><G110/><T83/><D61/><U97/><E108/><V131/><F131/><W103/><G30/><T68/><D63/><U52/><E78/><V93/><F93/><W46/><G94/><T20/><D20/><U48/><E37/><V87/><F87/><W55/><G55/><T130/><D130/><U76/><E76/><V92/><F92/><W13/><G13/><T26/><D68/><U1/><E1/><V42/><F31/><W0/><G0/><T109/><D109/><U7/><E97/><V84/><F84/><W23/><G23/><T12/><D12/><N who="1" m="9575" /><E129/><V58/><F35/><W91/><G115/><T53/><D86/><U71/><E71/><V29/><F29/><W60/><G60/><T9/><D83/><U128/><E128/><V3/><F3/><W47/><G112/><T72/><D72/><U54/><E54/><V127/><F127/><W4/><REACH who="3" step="1"/><G47/><AGARI ba="0,0" hai="6,7,47,48,52,98,100,105" m="9575,48235" machi="47" ten="30,2000,0" yaku="18,1,54,1" doraHai="38" who="1" fromWho="3" sc="372,0,309,20,161,0,158,-20" /><INIT seed="3,0,0,3,5,58" ten="372,329,161,138" oya="3" hai0="102,117,15,9,90,119,41,133,104,34,24,62,39" hai1="131,47,59,36,87,122,134,6,46,2,65,135,101" hai2="43,23,106,132,50,78,107,126,100,85,40,98,21" hai3="3,53,89,52,95,73,35,17,16,56,67,110,77"/><W97/><G35/><T86/><D133/><N who="1" m="50699" /><E2/><V112/><F132/><W29/><G3/><T125/><D125/><U69/><E6/><V76/><F112/><W18/><G29/><T81/><D102/><U14/><E14/><V116/><F116/><W96/><G110/><T123/><D104/><U31/><E31/><V51/><F100/><W37/><G37/><T103/><D103/><U0/><E101/><V7/><F85/><N who="3" m="52655" /><G73/><T115/><D123/><U109/><E87/><V88/><F88/><W33/><G33/><T118/><D115/><U44/><E0/><V20/><F98/><N who="3" m="37995" /><G77/><T1/><D24/><U54/><E131/><V49/><F126/><W111/><G111/><T64/><D34/><U5/><E5/><V92/><F92/><W128/><G128/><T38/><D1/><U45/><E122/><V11/><F106/><W30/><G30/><T94/><D94/><U108/><E65/><V84/><F107/><W66/><G53/><T129/><D129/><U4/><E4/><V8/><F84/><W10/><G10/><N who="2" m="3625" /><F7/><W99/><N who="3" m="38003" /><W72/><DORA hai="63" /><G72/><T105/><D105/><U82/><E82/><V19/><F19/><N who="3" m="4867" /><W25/><DORA hai="42" /><G25/><T32/><D117/><U114/><E69/><V28/><F28/><W130/><G130/><T74/><D86/><U68/><E68/><V79/><AGARI ba="0,0" hai="20,21,23,40,43,49,50,51,76,78,79" m="3625" machi="79" ten="40,8000,1" yaku="29,2,28,2,8,1" doraHai="58,63,42" who="2" fromWho="2" sc="372,-20,329,-20,161,80,138,-40" owari="352,45.2,309,10.9,241,-15.9,98,-40.2" /></mjloggm>