<mjloggm ver="2.3"><GO type="225" lobby="0"/><UN n0="%E3%81%B5%E3%81%98%E3%81%8B%E3%81%A4" n1="%28%EF%BF%A3%E2%96%BD%EF%BF%A3%29%CE%B4%E2%8C%92%E3%83%BB" n2="%E3%81%AF%E3%82%88%E3%81%8A%E3%81%98%E3%81%95%E3%82%93" n3="%E3%83%8F%E3%83%B3%E3%83%89%E3%83%A9%E3%83%BC%E3%83%BB%E3%83%AF%E3%83%B3" dan="16,16,17,17" rate="2163.44,2161.61,2162.72,2266.60" sx="M,M,M,M"/><TAIKYOKU oya="0"/><INIT seed="0,0,0,2,1,110" ten="250,250,250,250" oya="0" hai0="24,99,125,126,6,102,37,0,2,27,42,71,33" hai1="3,21,31,104,120,132,46,38,87,135,29,116,15" hai2="59,17,127,8,75,124,123,90,56,51,50,58,44" hai3="36,92,43,19,133,62,39,96,83,1,26,9,122"/><T105/><D71/><U93/><E104/><V100/><F75/><W32/><G133/><N who="1" m="51274" /><E3/><N who="0" m="1065" /><D6/><U101/><E116/><V35/><F35/><W81/><G122/><T4/><D4/><U128/><E120/><V63/><F123/><W65/><G1/><T130/><D130/><U5/><E128/><V82/><F100/><W109/><G109/><T30/><D24/><U76/><E101/><V68/><F17/><W20/><G32/><T10/><D10/><N who="1" m="4559" /><E21/><V74/><F8/><W52/><G9/><T98/><D98/><U34/><E34/><V108/><F108/><W23/><G23/><T77/><D77/><U103/><E103/><V67/><F74/><W117/><G117/><T66/><D66/><U119/><E119/><V69/><F90/><N who="3" m="55319" /><G65/><T70/><D70/><U78/><E78/><V57/><F82/><N who="3" m="31243" /><G43/><T89/><D89/><N who="1" m="53439" /><E76/><V49/><F44/><AGARI ba="0,0" hai="27,30,33,37,42,44,99,102,105,125,126" m="1065" machi="44" ten="30,1500,0" yaku="23,1" doraHai="110" who="0" fromWho="2" sc="250,15,250,0,250,-15,250,0" /><INIT seed="0,1,0,2,1,63" ten="265,250,235,250" oya="0" hai0="6,16,134,102,39,3,103,46,27,94,49,112,75" hai1="58,86,132,135,116,107,9,73,59,78,11,113,7" hai2="90,23,44,97,24,117,88,92,126,14,51,70,76" hai3="84,127,25,83,22,21,12,69,33,119,20,18,50"/><T53/><D75/><U80/><E107/><V34/><F70/><W61/><G119/><T79/><D112/><U93/><E116/><V65/><F117/><W40/><G127/><T96/><D134/><N who="1" m="51243" /><E113/><V57/><F126/><W35/><G40/><T31/><D79/><U131/><E131/><V37/><F76/><W71/><G50/><T98/><D39/><U89/><E11/><V101/><F14/><AGARI ba="1,0" hai="7,9,14,58,59,73,78,80,86,89,93" m="51243" machi="14" ten="30,1000,0" yaku="20,1" doraHai="63" who="1" fromWho="2" sc="265,0,250,13,235,-13,250,0" /><INIT seed="1,0,0,1,4,47" ten="265,263,222,250" oya="1" hai0="110,8,81,116,11,57,16,65,37,13,84,36,10" hai1="60,53,105,108,39,98,89,82,19,62,114,74,130" hai2="29,101,4,104,9,126,79,68,128,90,75,71,40" hai3="135,35,99,0,45,100,91,44,21,56,113,42,59"/><U93/><E39/><V26/><F126/><W3/><G113/><T76/><D116/><U25/><E114/><V92/><F128/><W23/><G35/><T124/><D124/><U61/><E130/><V95/><F40/><W50/><G135/><T87/><D110/><U52/><E108/><V72/><F95/><W2/><G91/><T85/><D37/><U118/><E118/><V48/><F92/><W117/><G117/><T109/><D36/><U69/><E69/><V88/><F90/><W123/><G123/><T125/><D125/><U55/><E105/><V77/><F88/><W43/><G23/><N who="0" m="11663" /><D109/><U54/><E74/><V102/><F79/><W96/><G21/><T34/><D34/><U131/><E131/><V132/><F102/><W32/><G32/><T33/><D33/><U94/><E94/><V49/><F132/><W103/><G0/><T30/><D30/><U83/><N who="1" m="13312" /><DORA hai="97" /><U122/><E122/><V17/><F17/><W63/><G63/><AGARI ba="0,0" hai="8,10,11,57,63,65,76,81,84,85,87" m="11663" machi="63" ten="30,2000,0" yaku="8,1,54,1" doraHai="47,97" who="0" fromWho="3" sc="265,20,263,0,222,0,250,-20" /><INIT seed="2,0,0,0,3,14" ten="285,263,222,230" oya="2" hai0="86,124,45,83,69,68,61,128,38,106,135,84,24" hai1="126,105,49,122,21,1,18,98,103,94,112,56,76" hai2="41,90,43,40,25,36,57,95,26,96,73,23,27" hai3="118,130,72,92,37,102,71,125,70,4,31,67,58"/><V16/><F36/><W93/><G118/><T48/><D124/><U134/><E1/><V60/><REACH who="2" step="1"/><F73/><REACH who="2" ten="285,263,212,230" step="2"/><W42/><G72/><T13/><D38/><U62/><E126/><V44/><F44/><W33/><G37/><T132/><D45/><U50/><E112/><V115/><F115/><W82/><G125/><T66/><D135/><U30/><E134/><V0/><F0/><W120/><G120/><T35/><D132/><U65/><E122/><V32/><F32/><W110/><G33/><T10/><D35/><U123/><E123/><V75/><F75/><W108/><G108/><T104/><D128/><U133/><E133/><V113/><F113/><W99/><G110/><T64/><D69/><U100/><E76/><V3/><F3/><W28/><G71/><T74/><D68/><U85/><E30/><V15/><F15/><W46/><G70/><T131/><D13/><N who="1" m="9423" /><E105/><V121/><F121/><W12/><G130/><T8/><D131/><U29/><E29/><V51/><F51/><W80/><G31/><T20/><D48/><U17/><E50/><V77/><F77/><W39/><G28/><T129/><D129/><U78/><E49/><V19/><F19/><W55/><G39/><T109/><D109/><U6/><E17/><V119/><F119/><W127/><G46/><T11/><D106/><U22/><E78/><V89/><F89/><W7/><G127/><T91/><D104/><U63/><E103/><V34/><F34/><W2/><G102/><T88/><D74/><U52/><E100/><V54/><AGARI ba="0,1" hai="16,23,25,26,27,40,41,43,54,57,60,90,95,96" machi="54" ten="30,18000,2" yaku="1,1,0,1,25,2,8,1,52,1,54,1,53,0" doraHai="14" doraHaiUra="114" who="2" fromWho="2" sc="285,-60,263,-60,212,190,230,-60" /><INIT seed="2,1,0,4,3,51" ten="225,203,402,170" oya="2" hai0="135,108,66,69,64,105,60,1,37,76,7,57,98" hai1="15,63,129,21,23,68,2,29,0,6,99,22,96" hai2="62,80,20,104,11,56,35,30,19,59,28,40,84" hai3="18,85,14,121,52,107,130,111,132,10,94,65,54"/><V46/><F104/><W113/><G121/><T53/><D135/><U31/><E68/><V8/><F35/><W97/><G132/><T13/><D76/><U91/><E129/><V123/><F123/><W103/><G130/><T78/><D78/><U120/><E120/><V109/><F109/><W133/><G133/><T87/><D37/><U92/><E2/><V49/><F28/><N who="1" m="10825" /><E0/><V39/><F30/><W75/><G111/><T100/><D1/><U43/><E43/><V4/><F39/><W122/><G122/><T106/><D106/><U86/><E63/><V26/><F4/><W72/><G65/><T124/><D124/><U34/><E34/><V131/><F131/><W61/><G113/><T118/><D108/><U83/><E83/><V16/><F19/><W42/><G42/><T134/><D134/><U36/><E36/><V117/><F117/><W125/><G125/><T48/><D66/><U114/><E114/><V119/><F119/><W50/><G61/><T5/><D118/><U126/><E126/><V32/><F32/><W24/><G24/><T58/><D13/><U55/><E55/><N who="2" m="34079" /><F59/><W82/><G107/><T81/><D58/><U33/><E33/><V38/><F38/><W89/><REACH who="3" step="1"/><G54/><REACH who="3" ten="225,203,402,160" step="2"/><T112/><D112/><U93/><E23/><V128/><F128/><W88/><G88/><AGARI ba="1,1" hai="8,11,16,20,26,40,46,49,80,84,88" m="34079" machi="88" ten="30,11600,0" yaku="8,1,52,1,54,2" doraHai="51" who="2" fromWho="3" sc="225,0,203,0,402,129,160,-119" /><INIT seed="2,2,0,4,4,39" ten="225,203,531,41" oya="2" hai0="83,118,48,108,123,135,55,90,16,12,98,122,36" hai1="68,70,24,53,67,32,113,10,89,38,115,3,87" hai2="116,97,44,45,85,51,57,133,61,100,52,84,7" hai3="50,17,91,60,72,126,65,28,74,96,120,112,19"/><V76/><F116/><W14/><G120/><T105/><D36/><U8/><E38/><V132/><F7/><W59/><G126/><T103/><D118/><U22/><E32/><V34/><F34/><W93/><G112/><T37/><D37/><U128/><E128/><V18/><F18/><W26/><G50/><T31/><D31/><U130/><E130/><V9/><F9/><W42/><G42/><T58/><D108/><U81/><E3/><V4/><F4/><W35/><REACH who="3" step="1"/><G19/><REACH who="3" ten="225,203,531,31" step="2"/><T23/><D123/><U5/><E113/><V77/><F132/><W99/><G99/><T62/><D135/><U111/><E115/><V88/><F133/><W21/><AGARI ba="2,1" hai="14,17,21,26,28,35,59,60,65,72,74,91,93,96" machi="21" ten="20,2700,0" yaku="1,1,0,1,7,1,53,0" doraHai="39" doraHaiUra="80" who="3" fromWho="3" sc="225,-9,203,-9,531,-15,31,43" /><INIT seed="3,0,0,4,0,50" ten="216,194,516,74" oya="3" hai0="105,79,90,25,82,15,44,124,6,39,8,18,33" hai1="95,21,34,66,53,58,36,5,16,100,113,46,40" hai2="117,134,89,69,35,114,122,67,4,54,98,131,86" hai3="47,81,130,116,7,93,73,48,76,92,29,128,104"/><W99/><G116/><T1/><D124/><U74/><E34/><V111/><F35/><W56/><G7/><T14/><D90/><U45/><E74/><V60/><F114/><W77/><G29/><T121/><D105/><U19/><E113/><V51/><F111/><W17/><G77/><T31/><D121/><U97/><E66/><V85/><F122/><W125/><G125/><T132/><D132/><U72/><E72/><V23/><F134/><W3/><G3/><T102/><D102/><U28/><E5/><V83/><F131/><N who="3" m="50219" /><G56/><T63/><D18/><N who="1" m="6699" /><E40/><V59/><F117/><W80/><G80/><T127/><D127/><U126/><E36/><V96/><F4/><W65/><G65/><T109/><D109/><U57/><E57/><N who="2" m="32991" /><F69/><W32/><G32/><T22/><D33/><U120/><E120/><V91/><F23/><W9/><G104/><T10/><D82/><AGARI ba="0,0" hai="59,60,67,82,83,85,86,89,91,96,98" m="32991" machi="82" ten="30,2000,0" yaku="8,1,52,1" doraHai="50" who="2" fromWho="0" sc="216,-20,194,0,516,20,74,0" owari="196,-0.4,194,-20.6,536,63.6,74,-42.6" /></mjloggm>