<mjloggm ver="2.3"><GO type="225" lobby="0"/><UN n0="%E5%91%89%E5%AF%8C%E6%98%A5" n1="%73%6C%69%63%6B%33%31%39" n2="%38%63%E3%81%AF%E3%81%A3%E3%81%97%E3%83%BC" n3="%E5%8F%AF%E5%85%90%E9%82%A3%E7%94%B1%E5%A4%9A" dan="16,16,16,16" rate="2098.86,2099.07,2131.37,2201.39" sx="M,M,M,F"/><TAIKYOKU oya="0"/><INIT seed="0,0,0,1,3,34" ten="250,250,250,250" oya="0" hai0="70,38,66,7,44,126,102,85,88,96,54,6,94" hai1="4,22,23,104,132,26,32,17,97,24,48,112,98" hai2="29,83,30,77,110,40,13,120,86,14,128,65,11" hai3="10,127,8,31,82,100,16,115,59,51,55,61,18"/><T1/><D126/><U101/><E132/><V123/><F110/><W27/><G115/><T93/><D1/><U60/><E112/><V124/><F124/><W103/><G127/><T53/><D70/><U87/><E32/><V62/><F128/><W39/><G39/><T91/><D66/><U37/><E37/><V79/><F14/><W99/><G82/><N who="0" m="49207" /><D38/><U78/><E4/><N who="0" m="1577" /><D44/><U15/><E98/><AGARI ba="0,0" hai="53,54,91,93,94,96,98,102" m="1577,49207" machi="98" ten="30,2900,0" yaku="8,1,54,1" doraHai="34" who="0" fromWho="1" sc="250,29,250,-29,250,0,250,0" /><INIT seed="0,1,0,5,4,46" ten="279,221,250,250" oya="0" hai0="62,22,0,89,93,133,111,105,85,1,108,124,61" hai1="40,115,106,114,76,52,127,26,75,4,44,8,98" hai2="99,97,80,56,71,64,123,21,69,118,6,5,126" hai3="74,134,107,12,125,91,101,84,54,81,11,2,31"/><T65/><D105/><U30/><E127/><V58/><F21/><W41/><G125/><T82/><D124/><U28/><E76/><V9/><F126/><W45/><G134/><T39/><D39/><U51/><E75/><V87/><F64/><W60/><G2/><T96/><D133/><U18/><E106/><V35/><F35/><W49/><G74/><T59/><D22/><N who="1" m="13655" /><E98/><V53/><F53/><W128/><G128/><T68/><D1/><N who="1" m="15" /><E40/><V95/><F95/><W88/><G31/><T36/><D0/><U129/><E129/><V116/><F80/><W122/><G122/><T78/><REACH who="0" step="1"/><D36/><REACH who="0" ten="269,221,250,250" step="2"/><U86/><E86/><V43/><F87/><W121/><G121/><T37/><D37/><U29/><E29/><V70/><F123/><W3/><G3/><T57/><D57/><U113/><AGARI ba="1,1" hai="28,30,44,51,52,113,114,115" m="15,13655" machi="113" ten="30,4000,0" yaku="11,1,52,1,54,1" doraHai="46" who="1" fromWho="1" sc="269,-21,221,53,250,-11,250,-11" /><INIT seed="1,0,0,5,3,29" ten="248,274,239,239" oya="1" hai0="102,59,134,13,54,86,55,108,12,88,91,3,44" hai1="96,93,72,110,26,17,87,99,126,56,64,11,40" hai2="114,20,35,81,123,131,121,1,16,115,85,30,58" hai3="34,116,101,43,9,41,8,45,42,32,36,76,119"/><U95/><E72/><V0/><F58/><W90/><G76/><T65/><D3/><N who="2" m="1098" /><F85/><W57/><G101/><T62/><D108/><U124/><E40/><V71/><F81/><W82/><G36/><T84/><D134/><U31/><E110/><V25/><F71/><W28/><G45/><T105/><D105/><U103/><E87/><V50/><F50/><W48/><G28/><T125/><D125/><N who="1" m="48235" /><E11/><N who="3" m="4170" /><G82/><N who="0" m="49175" /><D102/><N who="1" m="60687" /><E17/><V52/><F52/><N who="0" m="20010" /><D44/><U51/><E51/><V60/><F60/><W46/><G57/><T80/><AGARI ba="0,0" hai="12,13,59,62,65,80,86,91" m="20010,49175" machi="80" ten="30,4000,0" yaku="8,1,54,2" doraHai="29" who="0" fromWho="0" sc="248,40,274,-20,239,-10,239,-10" /><INIT seed="2,0,0,5,0,36" ten="288,254,229,229" oya="2" hai0="79,34,80,54,0,59,49,108,26,33,68,134,121" hai1="18,129,71,104,1,35,10,125,100,131,88,51,84" hai2="25,64,41,27,111,133,91,128,37,4,61,93,106" hai3="16,77,135,40,82,90,92,87,122,101,81,63,110"/><V86/><F133/><W30/><G135/><T58/><D121/><U3/><E71/><V20/><F106/><W85/><G122/><T29/><D68/><U17/><E35/><V56/><F128/><N who="1" m="49225" /><E125/><V60/><F111/><W7/><G110/><T31/><D108/><U44/><E100/><V15/><F61/><W57/><G30/><T75/><D134/><U70/><E70/><V130/><F130/><W103/><G7/><T102/><D102/><U98/><E98/><V48/><F37/><W6/><G6/><T8/><D8/><U97/><E97/><V43/><F48/><W66/><G40/><N who="2" m="15433" /><F4/><W117/><G117/><T62/><D0/><U74/><E74/><V76/><F76/><W124/><G124/><T89/><D89/><U38/><E38/><V52/><F64/><W114/><G114/><T113/><D113/><U132/><E104/><V83/><F93/><W99/><G16/><AGARI ba="0,0" hai="15,16,20,25,27,52,56,60,83,86,91" m="15433" machi="16" ten="30,18000,2" yaku="8,1,52,3,54,2" doraHai="36" who="2" fromWho="3" sc="288,0,254,0,229,180,229,-180" /><INIT seed="2,1,0,5,3,77" ten="288,254,409,49" oya="2" hai0="120,11,124,32,112,60,45,99,15,48,135,108,28" hai1="88,85,104,58,78,127,128,71,62,30,29,100,68" hai2="82,95,116,46,115,52,114,16,61,102,39,43,40" hai3="73,130,122,106,10,86,132,74,13,84,123,18,131"/><V20/><F116/><W96/><G18/><T0/><D112/><U53/><E128/><N who="3" m="49194" /><G13/><T80/><D120/><N who="3" m="46121" /><G10/><T67/><D108/><U79/><E127/><V51/><F61/><W19/><G19/><T6/><D124/><U134/><E134/><V117/><F117/><W101/><G132/><T103/><D135/><U121/><E121/><V109/><F109/><W57/><G57/><T72/><D28/><N who="1" m="10859" /><E104/><V69/><F69/><W70/><G70/><T66/><D32/><U92/><E100/><V27/><F40/><W90/><G84/><T83/><D0/><U94/><E68/><V76/><F114/><W5/><G5/><T129/><D129/><U111/><E111/><V21/><F115/><W9/><G9/><T56/><D67/><U25/><E71/><V64/><F21/><W34/><G34/><T65/><D65/><U12/><E25/><V49/><F64/><W81/><AGARI ba="1,0" hai="73,74,81,86,90,96,101,106" m="46121,49194" machi="81" ten="30,7900,0" yaku="19,1,34,2,52,1" doraHai="77" who="3" fromWho="3" sc="288,-21,254,-21,409,-40,49,82" /><INIT seed="3,0,0,4,1,89" ten="267,233,369,131" oya="3" hai0="135,104,41,19,20,107,14,97,100,96,82,130,112" hai1="98,3,94,2,32,62,133,8,99,109,35,44,17" hai2="119,51,65,7,88,124,27,46,4,69,10,103,22" hai3="95,43,76,117,57,81,47,75,115,60,85,131,13"/><W0/><G115/><T37/><D130/><U86/><E109/><V120/><F119/><W36/><G117/><T134/><D112/><U66/><E133/><N who="0" m="50697" /><D82/><U1/><E44/><V118/><F118/><W31/><G131/><T105/><D97/><U24/><E86/><V121/><F103/><W123/><G123/><N who="2" m="47177" /><F124/><W83/><G0/><T48/><D37/><U30/><E98/><V15/><F7/><W74/><G31/><T106/><D48/><U129/><E129/><V50/><F88/><W55/><G83/><T63/><D63/><U87/><E87/><V12/><F12/><W114/><G114/><T53/><D53/><U54/><E54/><V73/><F73/><W33/><G33/><T11/><D41/><U6/><E32/><V126/><F126/><W34/><G34/><T101/><D101/><U111/><E17/><N who="2" m="12751" /><F46/><W71/><G71/><T108/><D108/><U58/><REACH who="1" step="1"/><E111/><REACH who="1" ten="267,223,369,131" step="2"/><V110/><F110/><W70/><G70/><T52/><D52/><U64/><E64/><V132/><F132/><W127/><G127/><T125/><D125/><U79/><E79/><V23/><F65/><W59/><G59/><T61/><D61/><U68/><E68/><V28/><F69/><W42/><G42/><T72/><D72/><U45/><E45/><V5/><F50/><W102/><REACH who="3" step="1"/><G13/><REACH who="3" ten="267,223,369,121" step="2"/><N who="0" m="9327" /><D107/><U84/><E84/><V40/><F40/><W128/><G128/><T80/><D80/><U78/><E78/><V25/><F15/><W93/><G93/><N who="0" m="58383" /><D14/><U29/><E29/><V38/><F28/><W122/><G122/><T90/><D106/><U49/><E49/><RYUUKYOKU ba="0,2" sc="267,-15,223,15,369,-15,121,15" hai1="1,2,3,6,8,24,30,35,58,62,66,94,99" hai3="36,43,47,55,57,60,74,75,76,81,85,95,102" /><INIT seed="3,1,2,5,0,68" ten="252,238,354,136" oya="3" hai0="61,104,41,20,5,24,36,62,18,28,82,4,109" hai1="110,66,6,38,42,133,59,49,106,103,97,16,121" hai2="52,127,117,118,0,100,122,101,108,25,120,60,94" hai3="22,35,31,93,73,23,123,45,132,19,44,39,72"/><W102/><G123/><N who="2" m="47145" /><F0/><W124/><G35/><T134/><D104/><U30/><E121/><V87/><F108/><W78/><G132/><T2/><D109/><U114/><E114/><V74/><F74/><W116/><G116/><N who="2" m="44649" /><F25/><N who="3" m="16831" /><G73/><T69/><D134/><U98/><E110/><V37/><F37/><W15/><G72/><T57/><D69/><U12/><E133/><V21/><F21/><W43/><G39/><T11/><D5/><U131/><E131/><V91/><F127/><W107/><G107/><T48/><D36/><U90/><E38/><V76/><F76/><W99/><G124/><T7/><D7/><U32/><E6/><V27/><F27/><W126/><G126/><T46/><D82/><U130/><E130/><V75/><F75/><W81/><G43/><T129/><D129/><U58/><E66/><V111/><F111/><W8/><G22/><T105/><D105/><U34/><E34/><V29/><F29/><W65/><G65/><T51/><D28/><U92/><E30/><V64/><F64/><W125/><G125/><T128/><D128/><U53/><E42/><V113/><F113/><W47/><G78/><T84/><D84/><U89/><E32/><V77/><F77/><W14/><G14/><T63/><D51/><U26/><E26/><V115/><F115/><W96/><G81/><T54/><AGARI ba="1,2" hai="2,4,11,18,20,24,41,46,48,54,57,61,62,63" machi="54" ten="20,1500,0" yaku="0,1,7,1" doraHai="68" who="0" fromWho="0" sc="252,38,238,-5,354,-5,136,-8" owari="290,9.0,233,-16.7,349,44.9,128,-37.2" /></mjloggm>