<mjloggm ver="2.3"><GO type="225" lobby="0"/><UN n0="%73%6C%69%63%6B%33%31%39" n1="%45%6C%79%73%69%75%6D" n2="%E3%83%AD%E3%83%83%E3%83%86%E9%9B%80%E7%90%83" n3="%72%69%6F%75%63%68%61%6E" dan="16,17,17,17" rate="2189.92,2163.67,2186.54,2256.67" sx="M,F,M,M"/><TAIKYOKU oya="0"/><INIT seed="0,0,0,1,0,56" ten="250,250,250,250" oya="0" hai0="102,117,80,82,79,32,114,130,116,86,129,131,48" hai1="124,72,104,51,132,70,89,28,106,75,30,61,90" hai2="50,24,37,19,66,54,39,4,22,17,134,27,112" hai3="53,26,87,99,62,7,6,20,38,10,9,69,78"/><T107/><D32/><U98/><E51/><V59/><F112/><W18/><G38/><T0/><D0/><U83/><E70/><V11/><F134/><W34/><G34/><T41/><D41/><U36/><E36/><V115/><F115/><W127/><G127/><T43/><D43/><U84/><E124/><V63/><F27/><W40/><G40/><T126/><D126/><U93/><E132/><V46/><REACH who="2" step="1"/><F19/><REACH who="2" ten="250,250,240,250" step="2"/><W57/><G69/><T58/><D114/><U85/><E28/><V88/><F88/><W12/><G78/><T125/><D125/><U14/><E30/><V97/><F97/><W76/><G99/><N who="0" m="61919" /><D116/><U81/><E14/><AGARI ba="0,1" hai="4,11,14,17,22,24,37,39,46,50,54,59,63,66" machi="14" ten="30,3900,0" yaku="1,1,7,1,52,1,53,0" doraHai="56" doraHaiUra="133" who="2" fromWho="1" sc="250,0,250,-39,240,49,250,0" /><INIT seed="1,0,0,4,4,62" ten="250,211,289,250" oya="1" hai0="2,85,11,123,74,20,88,16,106,70,111,75,50" hai1="54,43,104,47,48,109,130,56,120,100,105,15,64" hai2="57,34,92,77,33,1,58,60,115,91,18,24,28" hai3="128,65,103,8,32,127,30,110,76,37,21,72,83"/><U122/><E130/><V45/><F1/><W12/><G110/><T13/><D106/><U10/><E109/><V126/><F126/><W86/><G128/><T135/><D111/><U25/><E25/><V108/><F108/><W55/><G127/><T93/><D70/><U132/><E132/><V96/><F115/><W44/><G32/><T124/><D124/><U81/><E81/><V119/><F119/><W80/><G103/><T38/><D38/><U79/><E79/><V23/><F77/><W117/><G117/><T97/><D135/><U51/><E100/><V112/><F112/><W0/><G0/><T94/><D123/><U133/><E133/><V68/><F45/><W129/><G129/><T19/><D50/><U39/><E39/><V35/><F68/><W26/><G65/><T49/><D49/><U9/><E9/><V121/><F58/><W5/><G55/><T99/><D85/><U6/><REACH who="1" step="1"/><E64/><REACH who="1" ten="250,201,289,250" step="2"/><V53/><REACH who="2" step="1"/><F121/><AGARI ba="0,1" hai="6,10,15,43,47,48,51,54,56,104,105,120,121,122" machi="121" ten="40,7700,0" yaku="1,1,2,1,53,1" doraHai="62" doraHaiUra="41" who="1" fromWho="2" sc="250,0,201,87,289,-77,250,0" /><INIT seed="1,1,0,0,3,8" ten="250,288,212,250" oya="1" hai0="40,84,5,46,123,135,95,17,63,75,4,54,114" hai1="91,133,9,51,81,118,115,94,73,111,76,27,1" hai2="124,42,72,101,44,29,7,100,134,30,89,38,24" hai3="110,34,19,125,64,23,116,131,67,43,126,128,60"/><U121/><E118/><V62/><F124/><N who="3" m="47723" /><G34/><T21/><D114/><U33/><E115/><V90/><F134/><W31/><G31/><T80/><D135/><U22/><E133/><V15/><F72/><W108/><G43/><T61/><D75/><U2/><E33/><V127/><F127/><W13/><G116/><T129/><D95/><U87/><E121/><V35/><F30/><W12/><G12/><N who="0" m="9383" /><D129/><N who="3" m="49737" /><G64/><T25/><D25/><U109/><E9/><V20/><F62/><N who="0" m="23562" /><D40/><U103/><E51/><V36/><F36/><W71/><AGARI ba="1,0" hai="13,19,23,60,67,71,108,110" m="49737,47723" machi="71" ten="40,5200,0" yaku="18,1,19,1,52,1" doraHai="8" who="3" fromWho="3" sc="250,-14,288,-27,212,-14,250,55" /><INIT seed="2,0,0,2,2,32" ten="236,261,198,305" oya="2" hai0="73,93,71,131,119,6,4,55,5,70,57,31,16" hai1="112,3,78,33,68,19,18,27,80,135,86,30,105" hai2="11,54,133,106,81,42,95,132,83,118,41,36,134" hai3="14,109,52,114,127,38,122,60,100,2,47,10,126"/><V90/><F118/><W28/><G122/><T53/><D73/><U34/><E112/><V8/><F106/><W76/><G114/><T77/><D119/><U91/><E135/><N who="2" m="34563" /><V13/><DORA hai="121" /><F54/><W65/><G109/><T74/><D131/><U37/><E34/><V94/><F94/><W111/><G111/><T69/><D31/><U58/><E68/><V129/><F129/><W99/><G28/><T92/><D74/><U59/><E37/><V110/><F110/><W82/><G2/><T84/><D77/><U22/><E3/><V61/><F61/><W108/><G108/><T21/><D84/><U120/><E105/><V104/><F104/><W45/><G38/><T64/><D64/><U115/><E115/><V50/><F50/><W85/><G99/><T9/><D9/><N who="2" m="3658" /><F13/><W15/><G100/><T26/><REACH who="0" step="1"/><D55/><REACH who="0" ten="226,261,198,305" step="2"/><U29/><E120/><V46/><F42/><W63/><G52/><T67/><D67/><U23/><E33/><V17/><F17/><W116/><G116/><T89/><D89/><U87/><E29/><V79/><F79/><W0/><G65/><T25/><D25/><N who="1" m="14559" /><E30/><V20/><F20/><W130/><G130/><T12/><D12/><U117/><E117/><V98/><AGARI ba="0,1" hai="36,41,46,81,83,90,95,98" m="3658,34563" machi="98" ten="40,2100,0" yaku="20,1" doraHai="32,121" who="2" fromWho="2" sc="226,-7,261,-7,198,31,305,-7" /><INIT seed="2,1,0,3,2,64" ten="219,254,229,298" oya="2" hai0="134,70,116,101,57,36,75,96,48,124,55,28,44" hai1="92,108,117,82,40,93,17,132,103,7,81,105,22" hai2="85,122,77,23,9,2,33,29,32,30,99,119,102" hai3="63,8,11,38,31,114,43,62,91,79,126,68,6"/><V100/><F119/><W46/><G126/><T135/><D75/><U42/><E117/><V19/><F122/><W34/><G114/><T52/><D116/><U123/><E123/><V45/><F45/><W131/><G131/><T65/><D28/><N who="2" m="10858" /><F85/><W26/><G91/><T133/><D124/><U113/><E113/><V61/><F61/><W15/><G79/><T129/><D129/><U87/><E87/><V16/><F99/><W56/><G68/><T5/><D5/><U112/><E7/><N who="2" m="1271" /><F102/><W118/><G118/><T58/><D70/><U86/><E103/><V10/><F100/><W53/><G11/><T121/><D121/><U84/><E105/><V39/><F39/><W24/><G26/><T107/><D65/><U97/><E97/><V89/><F89/><W109/><G109/><T18/><D18/><N who="2" m="6698" /><F77/><W120/><G120/><T90/><D36/><U41/><E92/><V88/><F88/><W20/><REACH who="3" step="1"/><G62/><REACH who="3" ten="219,254,229,288" step="2"/><N who="0" m="36135" /><D90/><U127/><E127/><V111/><F111/><W49/><G49/><T72/><D72/><U25/><E108/><V21/><F10/><W130/><G130/><T95/><D58/><U115/><E115/><V3/><F3/><W54/><G54/><T67/><D67/><U14/><E112/><V69/><F69/><W94/><G94/><AGARI ba="1,1" hai="44,48,55,94,95,96,101,107,133,134,135" m="36135" machi="94" ten="30,2000,0" yaku="20,1,54,1" doraHai="64" who="0" fromWho="3" sc="219,33,254,0,229,0,288,-23" /><INIT seed="3,0,0,2,1,18" ten="252,254,229,265" oya="3" hai0="82,60,77,119,67,42,68,106,31,58,117,45,13" hai1="105,116,128,44,50,88,55,52,100,40,63,53,1" hai2="33,135,28,54,29,36,7,121,115,87,16,131,81" hai3="8,89,90,85,23,107,83,32,56,48,111,99,104"/><W70/><G70/><T76/><D76/><U9/><E128/><V37/><F115/><W110/><G32/><T78/><D78/><U2/><E116/><V6/><F131/><W69/><G69/><T24/><D13/><U65/><E9/><V20/><F135/><W3/><G48/><T51/><D106/><N who="3" m="40489" /><G56/><T4/><D4/><N who="2" m="1578" /><F121/><W15/><G3/><T38/><D58/><U101/><E101/><V27/><F37/><W11/><G99/><T93/><D93/><U19/><E105/><V17/><F36/><W96/><G89/><T132/><D132/><U118/><E100/><V133/><F133/><W103/><G96/><T64/><D64/><U14/><E118/><V124/><F124/><W73/><G103/><T112/><D112/><U113/><E113/><V0/><F0/><W98/><G73/><T127/><D127/><U74/><E74/><V25/><F54/><W61/><G61/><T30/><D30/><N who="2" m="11882" /><F33/><W62/><G98/><T66/><D51/><U72/><E72/><V86/><F81/><W22/><G62/><T80/><D80/><U134/><E134/><V126/><F126/><W109/><G8/><T95/><D66/><U5/><E1/><V125/><F125/><W35/><G35/><N who="0" m="20967" /><D95/><U57/><E2/><V43/><F43/><W34/><G34/><T21/><D117/><U46/><E5/><AGARI ba="0,0" hai="5,11,15,22,23,83,85,90,109,110,111" m="40489" machi="5" ten="40,12000,1" yaku="14,1,10,1,52,2" doraHai="18" who="3" fromWho="1" sc="252,0,254,-120,229,0,265,120" owari="252,5.2,134,-36.6,229,-17.1,385,48.5" /></mjloggm>