<mjloggm ver="2.3"><GO type="225" lobby="0"/><UN n0="%E3%81%B5%E3%81%98%E3%81%8B%E3%81%A4" n1="%E5%8D%A0%E3%81%84%E5%B8%AB%E8%A3%8F%E3%81%AA%E3%81%84%E3%81%97" n2="%E5%A4%9C%E5%85%89%E5%A4%A9%E6%A5%BC" n3="%E5%BA%97%E9%95%B7%4D" dan="17,17,17,16" rate="2210.92,2215.11,2162.50,2084.47" sx="M,M,F,M"/><TAIKYOKU oya="0"/><INIT seed="0,0,0,3,2,12" ten="250,250,250,250" oya="0" hai0="45,38,67,110,47,39,33,28,43,9,105,37,17" hai1="97,115,70,80,84,134,68,86,92,10,25,2,76" hai2="8,46,104,122,107,58,128,66,69,126,89,61,77" hai3="106,29,1,87,102,60,55,99,35,36,112,24,72"/><T118/><D118/><U95/><E134/><V132/><F122/><W23/><G72/><T79/><D105/><U52/><E115/><V113/><F113/><W3/><G36/><T100/><D100/><U53/><E25/><V32/><F32/><W90/><G112/><T0/><D67/><U30/><E30/><V54/><F77/><W62/><G35/><T16/><D79/><U41/><E41/><V27/><F27/><W48/><G3/><T133/><D133/><U49/><E84/><V82/><F132/><W108/><G1/><T75/><D75/><U19/><E92/><V22/><F22/><W120/><G108/><T26/><D110/><U111/><E53/><V93/><F82/><W123/><G123/><T131/><D131/><U59/><E111/><V34/><F34/><W71/><G71/><T40/><D38/><U63/><E49/><V135/><F128/><W7/><G7/><AGARI ba="0,0" hai="0,7,9,16,17,26,28,33,37,39,40,43,45,47" machi="7" ten="40,12000,1" yaku="9,1,52,2,54,1" doraHai="12" who="0" fromWho="3" sc="250,120,250,0,250,0,250,-120" /><INIT seed="0,1,0,0,0,133" ten="370,250,250,130" oya="0" hai0="132,103,54,11,126,61,119,127,2,100,81,90,34" hai1="53,48,37,28,51,0,78,124,31,49,41,35,56" hai2="117,63,118,94,5,7,106,97,24,72,96,134,27" hai3="71,62,45,74,10,60,80,112,22,89,64,13,19"/><T77/><D119/><N who="2" m="45578" /><F72/><W58/><G112/><T84/><D132/><U102/><E0/><V131/><F134/><W50/><G74/><N who="0" m="43191" /><D34/><U14/><E37/><V122/><F122/><W39/><G39/><T130/><D130/><U38/><E38/><V115/><F115/><W99/><G99/><T93/><D54/><U42/><E124/><N who="0" m="47657" /><D61/><U65/><E35/><V4/><F63/><N who="3" m="38007" /><G71/><T9/><D2/><U107/><E53/><V1/><F1/><W104/><G104/><T12/><D9/><U16/><E41/><V23/><F131/><W79/><G79/><T66/><D66/><U26/><E42/><V47/><F23/><W95/><G22/><T68/><D68/><U111/><E78/><V123/><F123/><W32/><G32/><T3/><D3/><U125/><E107/><V59/><F106/><W40/><G95/><T25/><D25/><U110/><E26/><V85/><F27/><W46/><G46/><T82/><D93/><U57/><E65/><V21/><F47/><W108/><G108/><T69/><D69/><U44/><E44/><V17/><F59/><W18/><G18/><AGARI ba="1,0" hai="11,12,18,82,84,90,100,103" m="47657,43191" machi="18" ten="30,11600,0" yaku="18,1,52,3" doraHai="133" who="0" fromWho="3" sc="370,119,250,0,250,0,130,-119" /><INIT seed="0,2,0,2,0,29" ten="489,250,250,11" oya="0" hai0="133,109,8,6,69,52,3,49,14,9,11,113,12" hai1="81,5,73,131,39,16,57,54,22,46,90,94,95" hai2="24,70,135,47,106,92,116,110,83,89,125,79,1" hai3="20,45,101,27,28,66,42,32,118,134,44,25,77"/><T103/><D113/><U35/><E131/><V30/><F70/><W37/><G118/><T85/><D69/><U107/><E107/><V63/><F106/><W38/><G134/><T64/><D64/><U84/><E35/><V124/><F1/><W76/><G66/><T13/><D133/><U82/><E5/><V59/><F135/><W123/><G123/><T17/><D103/><U99/><E46/><V40/><F116/><W4/><G4/><T72/><D72/><U41/><E41/><V48/><F110/><W87/><G101/><T68/><D68/><U108/><E39/><V71/><F71/><W97/><G97/><T121/><D121/><U65/><E65/><N who="2" m="39167" /><F92/><W62/><G62/><T0/><D109/><U21/><E21/><V115/><F89/><W88/><G45/><T23/><D85/><U132/><E108/><V93/><F93/><W91/><G38/><T104/><D104/><U122/><E122/><V105/><F105/><W33/><G33/><T19/><D23/><U114/><E114/><V119/><F119/><W61/><G61/><T126/><D126/><N who="2" m="48746" /><F115/><W31/><G91/><T74/><D74/><U128/><E73/><N who="2" m="43503" /><F24/><W78/><G78/><T18/><D6/><U111/><E111/><V58/><F58/><AGARI ba="2,0" hai="0,3,8,9,11,12,13,14,17,18,19,49,52,58" machi="58" ten="50,9600,0" yaku="29,2,54,1" doraHai="29" who="0" fromWho="2" sc="489,102,250,0,250,-102,11,0" /><INIT seed="0,3,0,5,4,42" ten="591,250,148,11" oya="0" hai0="56,87,47,53,131,86,21,13,88,109,54,126,107" hai1="130,31,115,114,5,1,132,83,78,63,68,41,37" hai2="8,46,124,40,99,59,116,75,30,18,25,117,38" hai3="48,93,81,80,89,79,70,121,120,69,111,64,6"/><T7/><D126/><U22/><E132/><V108/><F124/><W76/><G6/><T90/><D107/><U36/><E130/><V9/><F75/><N who="3" m="43039" /><G64/><T119/><D131/><U19/><E31/><V24/><F108/><W104/><G48/><N who="0" m="28831" /><D119/><N who="2" m="45642" /><F59/><W23/><G23/><T123/><D123/><N who="3" m="47177" /><G104/><T135/><D135/><U65/><E22/><N who="2" m="13399" /><F99/><N who="3" m="57775" /><G111/><T125/><D125/><U16/><E5/><V133/><F133/><W62/><G62/><N who="0" m="36119" /><D109/><U12/><E63/><V74/><F74/><AGARI ba="3,0" hai="69,70,74,79,81" m="57775,47177,43039" machi="74" ten="30,1000,0" yaku="13,1" doraHai="42" who="3" fromWho="2" sc="591,0,250,0,148,-19,11,19" /><INIT seed="1,0,0,1,1,122" ten="591,250,129,30" oya="1" hai0="81,63,90,61,73,69,102,121,105,134,70,49,46" hai1="96,29,48,68,130,55,97,99,125,93,86,12,116" hai2="11,114,78,79,60,19,103,132,50,33,15,42,72" hai3="94,76,17,77,124,111,56,21,107,32,113,82,119"/><U13/><E116/><V109/><F114/><W51/><G32/><T84/><D121/><U36/><E68/><V2/><F132/><W118/><G107/><T54/><D134/><U98/><E130/><V74/><F33/><W38/><G38/><T9/><D70/><U108/><E36/><V95/><F2/><W23/><G113/><T44/><D44/><U133/><E125/><V89/><F103/><W27/><G124/><T67/><D63/><U131/><E131/><V41/><F60/><W59/><G94/><T7/><D102/><U58/><E133/><V88/><F74/><W87/><G77/><N who="2" m="29193" /><F72/><W100/><G100/><T110/><D73/><U0/><E0/><V20/><F109/><W62/><G111/><T65/><D105/><U83/><E29/><V1/><F1/><W129/><G129/><T75/><D75/><U8/><E108/><V26/><F50/><W22/><G51/><T14/><D110/><U91/><E8/><V34/><F34/><W39/><G59/><T24/><D24/><U92/><E92/><V85/><F89/><AGARI ba="0,0" hai="12,13,48,55,58,83,86,89,91,93,96,97,98,99" machi="89" ten="40,2000,0" yaku="8,1" doraHai="122" who="1" fromWho="2" sc="591,0,250,20,129,-20,30,0" /><INIT seed="1,1,0,0,1,20" ten="591,270,109,30" oya="1" hai0="112,81,36,132,66,129,40,65,67,52,103,76,135" hai1="95,110,111,131,37,119,24,64,41,12,48,114,104" hai2="10,113,7,14,42,77,133,51,85,82,17,2,61" hai3="92,126,122,59,75,15,4,68,38,45,57,53,79"/><U121/><E104/><V1/><F133/><N who="0" m="51274" /><D129/><U96/><E114/><V88/><F113/><W18/><G68/><T39/><D103/><U60/><E119/><V124/><F124/><W29/><G122/><T93/><D93/><U23/><E37/><V97/><F61/><W117/><G126/><T28/><D28/><N who="1" m="17439" /><E121/><V99/><F2/><W86/><G117/><T134/><D134/><U31/><E31/><V35/><F35/><W16/><G75/><N who="0" m="43167" /><D40/><U6/><E41/><V123/><F123/><W125/><G125/><T128/><D128/><U91/><E48/><V34/><F34/><W115/><G29/><T107/><D107/><U11/><E131/><V98/><F1/><W63/><G115/><T130/><D130/><U74/><E74/><V80/><F17/><W73/><G73/><T19/><D112/><U58/><E91/><V47/><REACH who="2" step="1"/><F82/><REACH who="2" ten="591,270,99,30" step="2"/><N who="3" m="47455" /><G18/><T25/><D19/><U109/><E109/><V9/><F9/><W55/><G4/><T102/><D36/><U0/><E0/><V49/><F49/><N who="3" m="28847" /><G38/><T71/><D39/><U94/><E111/><V27/><F27/><W5/><G5/><T21/><D71/><U54/><E110/><V108/><F108/><W89/><G63/><T30/><D102/><U46/><E11/><V33/><F33/><W127/><G127/><T3/><D3/><U87/><E6/><V105/><F105/><W83/><G83/><T26/><D25/><U50/><E95/><AGARI ba="1,1" hai="7,10,14,42,47,51,77,80,85,88,95,97,98,99" machi="95" ten="40,8000,1" yaku="1,1,25,2,8,1,54,1,53,0" doraHai="20" doraHaiUra="70" who="2" fromWho="1" sc="591,0,270,-83,99,93,30,0" /><INIT seed="2,0,0,2,4,4" ten="591,187,192,30" oya="2" hai0="107,119,84,128,109,52,98,33,0,55,134,64,68" hai1="58,11,87,42,91,66,85,73,16,96,69,93,37" hai2="82,24,94,26,10,51,102,95,114,92,19,106,104" hai3="90,47,67,133,125,101,81,83,77,21,79,88,34"/><V76/><F114/><W53/><G34/><T50/><D109/><U113/><E73/><V48/><F102/><W97/><G125/><T9/><D33/><U57/><E113/><V131/><F131/><W20/><G67/><T1/><D128/><U99/><E69/><V126/><F126/><W30/><G133/><T78/><D134/><U23/><E37/><V65/><F65/><W132/><G132/><T28/><D28/><U130/><E42/><V15/><F104/><W116/><G116/><T8/><D68/><U38/><E38/><V127/><F106/><W117/><G117/><T62/><D119/><U122/><E122/><V72/><F127/><W7/><G7/><T86/><D78/><U63/><E130/><V105/><F105/><W56/><G47/><T112/><D107/><U111/><E111/><V44/><REACH who="2" step="1"/><F51/><REACH who="2" ten="591,187,182,30" step="2"/><W22/><G30/><T100/><D50/><U60/><E66/><V40/><AGARI ba="0,1" hai="10,15,19,24,26,40,44,48,72,76,82,92,94,95" machi="40" ten="30,12000,1" yaku="1,1,2,1,0,1,52,1,53,1" doraHai="4" doraHaiUra="75" who="2" fromWho="2" sc="591,-40,187,-40,182,130,30,-40" owari="551,65.1,147,-25.3,312,11.2,-10,-51.0" /></mjloggm>