<mjloggm ver="2.3"><GO type="225" lobby="0"/><UN n0="%E5%8F%AF%E5%85%90%E9%82%A3%E7%94%B1%E5%A4%9A" n1="%6D%75%75%6D%75%72%61" n2="%E3%81%B2%E3%81%BE%E3%81%A4%E3%81%B6%E3%81%97" n3="%E3%83%87%E3%83%A9%E3%82%B3%E3%83%83%E3%82%B3" dan="17,17,16,16" rate="2209.13,2215.11,2167.80,2185.40" sx="F,F,M,M"/><TAIKYOKU oya="0"/><INIT seed="0,0,0,1,0,18" ten="250,250,250,250" oya="0" hai0="58,74,97,96,83,135,77,15,7,56,98,92,22" hai1="33,87,69,101,114,14,123,27,115,8,61,72,16" hai2="127,53,13,42,130,49,0,63,73,46,91,23,44" hai3="3,59,4,110,88,47,80,38,85,60,39,67,37"/><T1/><D135/><U64/><E72/><V108/><F108/><W105/><G110/><T100/><D1/><U124/><E123/><V126/><F130/><W119/><G119/><T71/><D71/><U54/><E124/><V90/><F73/><W29/><G105/><T112/><D112/><U68/><E68/><V20/><F0/><W6/><G29/><T78/><D78/><U102/><E87/><V5/><F5/><W12/><G3/><T21/><D96/><U57/><E33/><V75/><F13/><W121/><G121/><T25/><D97/><U9/><E9/><V107/><F75/><W117/><G117/><T36/><D36/><U122/><E27/><V111/><F111/><W118/><G118/><T120/><D120/><U95/><E122/><V89/><F107/><W128/><G128/><T70/><D70/><U50/><REACH who="1" step="1"/><E95/><REACH who="1" ten="250,240,250,250" step="2"/><V28/><F127/><W24/><G24/><T48/><D25/><U133/><E133/><V17/><F126/><W81/><G81/><T55/><REACH who="0" step="1"/><D58/><REACH who="0" ten="240,240,250,250" step="2"/><U66/><E66/><V31/><F31/><W99/><G99/><T86/><D86/><U26/><E26/><V65/><F28/><W79/><G79/><T104/><D104/><U11/><E11/><AGARI ba="0,2" hai="7,11,15,21,22,48,55,56,74,77,83,92,98,100" machi="11" ten="40,7700,0" yaku="1,1,52,2,53,0" doraHai="18" doraHaiUra="131" who="0" fromWho="1" sc="240,97,240,-77,250,0,250,0" /><INIT seed="0,1,0,1,2,95" ten="337,163,250,250" oya="0" hai0="124,105,113,8,54,28,29,132,72,38,81,90,67" hai1="47,51,6,32,30,31,130,135,134,112,119,109,2" hai2="11,33,100,26,87,1,122,125,68,91,76,10,75" hai3="78,37,19,101,24,79,77,128,60,9,23,13,52"/><T80/><D113/><U103/><E119/><V111/><F122/><W25/><G128/><T123/><D123/><U107/><E130/><V50/><F111/><W65/><G37/><T66/><D38/><U57/><E109/><V45/><F68/><W97/><G52/><T0/><D105/><U21/><E112/><V48/><F125/><W18/><G25/><T117/><D117/><U86/><E32/><V73/><F100/><W129/><G129/><T131/><D131/><U5/><E57/><V114/><F76/><W4/><G4/><N who="1" m="1642" /><E2/><V94/><F1/><W121/><G121/><T39/><D54/><N who="1" m="30079" /><E21/><V102/><F102/><W115/><G115/><T22/><D22/><U46/><E46/><V35/><F35/><W92/><REACH who="3" step="1"/><G77/><REACH who="3" ten="337,163,250,240" step="2"/><T120/><D39/><U16/><E31/><V99/><F114/><W56/><AGARI ba="1,1" hai="9,13,18,19,23,24,56,60,65,78,79,92,97,101" machi="56" ten="20,12000,2" yaku="1,1,2,1,0,1,7,1,8,1,52,1,53,0" doraHai="95" doraHaiUra="44" who="3" fromWho="3" sc="337,-61,163,-31,250,-31,240,133" /><INIT seed="1,0,0,1,2,117" ten="276,132,219,373" oya="1" hai0="50,67,86,44,65,33,96,78,59,124,30,129,14" hai1="57,55,52,106,56,91,127,20,122,73,47,110,111" hai2="29,114,100,88,11,7,116,40,18,32,87,102,19" hai3="45,16,53,17,82,34,103,135,77,112,35,60,15"/><U131/><E131/><V79/><F116/><W10/><G112/><T0/><D0/><U83/><E106/><V125/><F125/><W31/><G135/><T37/><D124/><U89/><E127/><V97/><F114/><W70/><G103/><T75/><D129/><U115/><E115/><V42/><F79/><W4/><G70/><T66/><D75/><U26/><E47/><V41/><F32/><W84/><G31/><T107/><D37/><U1/><E1/><V123/><F29/><W39/><G60/><T93/><D107/><U85/><E73/><V2/><F123/><W126/><G126/><T113/><D113/><U72/><E72/><V104/><REACH who="2" step="1"/><F102/><REACH who="2" ten="276,132,209,373" step="2"/><W92/><G34/><T13/><D33/><U8/><E122/><V63/><F63/><W76/><G35/><T94/><D30/><N who="1" m="17735" /><E91/><V24/><F24/><W58/><G77/><T118/><D118/><U62/><E111/><V120/><F120/><W43/><REACH who="3" step="1"/><G92/><AGARI ba="0,1" hai="2,7,11,18,19,40,41,42,87,88,92,97,100,104" machi="92" ten="40,2600,0" yaku="1,1,54,1,53,0" doraHai="117" doraHaiUra="132" who="2" fromWho="3" sc="276,0,132,0,209,36,373,-26" /><INIT seed="2,0,0,5,0,92" ten="276,132,245,347" oya="2" hai0="61,104,30,41,27,26,115,107,22,6,43,14,16" hai1="89,17,74,78,86,19,69,23,76,113,9,58,2" hai2="0,71,66,121,125,119,96,85,117,98,114,24,90" hai3="37,127,25,120,84,133,106,28,45,123,62,33,132"/><V72/><F0/><W18/><G106/><T46/><D115/><U38/><E69/><V122/><F114/><W94/><G127/><T105/><D6/><U40/><E74/><V55/><F24/><W88/><G62/><T47/><D61/><U111/><E113/><V79/><F55/><W15/><G45/><T100/><D100/><U11/><E111/><V73/><F66/><W112/><G37/><T116/><D116/><N who="2" m="44618" /><F71/><W91/><G91/><T87/><D87/><U59/><E38/><V50/><F50/><W10/><REACH who="3" step="1"/><G112/><REACH who="3" ten="276,132,245,337" step="2"/><T128/><D128/><U126/><E89/><V34/><F125/><W49/><G49/><T13/><D47/><U5/><E126/><V95/><F34/><W8/><G8/><T57/><D57/><U44/><E44/><V53/><F53/><W12/><G12/><T35/><REACH who="0" step="1"/><D43/><REACH who="0" ten="266,132,245,337" step="2"/><U65/><E40/><V3/><F3/><W134/><AGARI ba="0,2" hai="10,15,18,25,28,33,84,88,94,120,123,132,133,134" machi="134" ten="30,7900,0" yaku="1,1,0,1,20,1,54,1,53,0" doraHai="92" doraHaiUra="63" who="3" fromWho="3" sc="266,-20,132,-20,245,-39,337,99" /><INIT seed="3,0,0,4,4,30" ten="246,112,206,436" oya="3" hai0="120,8,75,91,61,106,80,82,105,114,57,127,69" hai1="64,101,102,24,35,29,93,56,86,55,81,111,104" hai2="78,37,50,17,125,11,19,126,47,103,5,62,22" hai3="2,121,60,70,51,39,41,66,119,65,135,94,88"/><W43/><G2/><T20/><D120/><U72/><E111/><V15/><F78/><W25/><G25/><T9/><D69/><U59/><E104/><V107/><F37/><W123/><G88/><T83/><D75/><U16/><E72/><V33/><F33/><W89/><G89/><T99/><D127/><N who="2" m="48650" /><F62/><W110/><G94/><T42/><D42/><U90/><E64/><V34/><F34/><W112/><G51/><T14/><D114/><U113/><E113/><V36/><F36/><W1/><G60/><T87/><D99/><U117/><E117/><V49/><F49/><W7/><G39/><T21/><D8/><U131/><E131/><V96/><F22/><N who="0" m="8810" /><D106/><U40/><E40/><AGARI ba="0,0" hai="5,11,15,17,19,40,47,50,96,103,107" m="48650" machi="40" ten="30,1000,0" yaku="18,1" doraHai="30" who="2" fromWho="1" sc="246,0,112,-10,206,10,436,0" owari="246,4.6,102,-39.8,216,-18.4,436,53.6" /></mjloggm>