<mjloggm ver="2.3"><GO type="225" lobby="0"/><UN n0="%E3%83%89%E3%83%A9%E3%81%8F%E3%82%8C" n1="%E3%82%A2%E3%83%A1%E3%82%A2%E3%83%A9%E3%83%AC" n2="%E3%81%B2%E3%81%AA%E3%81%AE%E3%82%8A%E3%81%8F" n3="%E3%81%B5%E3%81%98%E3%81%8B%E3%81%A4" dan="17,16,17,16" rate="2244.19,2057.18,2198.65,2149.89" sx="M,M,M,M"/><TAIKYOKU oya="0"/><INIT seed="0,0,0,0,2,45" ten="250,250,250,250" oya="0" hai0="19,122,94,2,95,118,30,63,92,111,52,120,70" hai1="107,71,26,109,62,49,108,15,29,110,58,46,6" hai2="67,43,55,91,28,38,41,18,21,123,65,128,79" hai3="96,59,20,56,106,133,24,36,4,53,82,47,135"/><T16/><D118/><U69/><E107/><V1/><F123/><W99/><G4/><T119/><D119/><U112/><E112/><V101/><F1/><W44/><G82/><T117/><D117/><U35/><E15/><V124/><F124/><W23/><G106/><T81/><D2/><U89/><E6/><V130/><F101/><W125/><G36/><T86/><D111/><U33/><E33/><V31/><F79/><W98/><G125/><T12/><D30/><N who="2" m="11306" /><F91/><W34/><G34/><T105/><D105/><U9/><E9/><V10/><F10/><W100/><G100/><T73/><D73/><U84/><E58/><N who="3" m="22058" /><G53/><T66/><D52/><N who="1" m="29751" /><E62/><V61/><F55/><W116/><G116/><T132/><D132/><N who="3" m="50761" /><G24/><T80/><D80/><AGARI ba="0,0" hai="26,29,35,69,71,80,84,89,108,109,110" m="29751" machi="80" ten="30,3900,0" yaku="14,1,52,1,54,1" doraHai="45" who="1" fromWho="0" sc="250,-39,250,39,250,0,250,0" /><INIT seed="1,0,0,1,4,32" ten="211,289,250,250" oya="1" hai0="22,111,63,47,23,121,12,38,5,8,66,16,94" hai1="34,123,126,35,4,110,85,57,76,114,82,40,46" hai2="24,99,62,93,100,59,58,54,45,120,116,65,129" hai3="7,53,101,50,95,125,60,64,19,127,113,41,118"/><U51/><E114/><V74/><F116/><W28/><G113/><T103/><D121/><U44/><E123/><V17/><F120/><W81/><G118/><T37/><D111/><U131/><E131/><V107/><F129/><W77/><G41/><T102/><D23/><U89/><E126/><N who="3" m="48138" /><G28/><T133/><D133/><U80/><E110/><V128/><F74/><N who="3" m="43191" /><G7/><T72/><D72/><U86/><E57/><V119/><F119/><W106/><G19/><T134/><D134/><U90/><E76/><V68/><F45/><N who="3" m="27855" /><G95/><T108/><D108/><U69/><E69/><V132/><F132/><W52/><G52/><T11/><D11/><U13/><REACH who="1" step="1"/><E44/><REACH who="1" ten="211,279,250,250" step="2"/><V104/><F128/><W96/><G60/><T10/><D47/><U43/><E43/><V6/><F68/><W2/><G64/><T48/><D66/><U29/><E29/><V61/><F65/><W70/><G70/><T124/><D63/><U105/><E105/><V14/><F104/><W130/><G130/><T84/><D124/><U33/><E33/><V112/><F107/><W91/><G91/><T78/><D78/><U88/><E88/><V25/><F112/><W21/><G21/><T98/><D22/><U97/><E97/><V87/><F62/><W55/><G55/><T18/><D98/><U92/><E92/><V49/><F61/><W109/><G109/><T0/><D94/><U83/><E83/><V15/><F59/><W42/><G42/><T39/><D103/><U75/><E75/><V73/><F73/><W27/><G106/><T117/><D102/><U30/><E30/><V36/><F58/><RYUUKYOKU ba="0,1" sc="211,-10,279,30,250,-10,250,-10" hai1="4,13,34,35,40,46,51,80,82,85,86,89,90" /><INIT seed="1,1,1,3,3,71" ten="201,309,240,240" oya="1" hai0="90,115,64,27,8,13,75,41,20,36,107,110,131" hai1="70,14,86,88,128,122,7,92,67,104,10,89,102" hai2="120,0,80,68,97,134,132,66,99,129,95,101,112" hai3="11,118,65,28,34,25,91,57,123,117,5,26,24"/><U74/><E122/><V35/><F120/><W96/><G123/><T105/><D115/><U15/><E74/><V55/><F0/><N who="3" m="423" /><G65/><T126/><D75/><U54/><E128/><V103/><F129/><W40/><G40/><T44/><D131/><U12/><E102/><V37/><F35/><W61/><G61/><T6/><D126/><U29/><E104/><V114/><F80/><W81/><G57/><T45/><D110/><U43/><E29/><V127/><F127/><W133/><G81/><T130/><D130/><U59/><E43/><V2/><F2/><W87/><G96/><T73/><D73/><U113/><E113/><N who="2" m="43627" /><F68/><W39/><G39/><T109/><D109/><U48/><E70/><V56/><F66/><W16/><G91/><T4/><D64/><U22/><E67/><V72/><F37/><W52/><G87/><T38/><D90/><U79/><E79/><V18/><F18/><W94/><G94/><T21/><D4/><U32/><E32/><V116/><F116/><N who="3" m="44651" /><G52/><T9/><D41/><U62/><E62/><N who="2" m="36127" /><F72/><W50/><G50/><T17/><D6/><U100/><E100/><V106/><AGARI ba="1,1" hai="95,97,99,101,103,106,132,134" m="36127,43627" machi="106" ten="30,1100,0" yaku="11,1" doraHai="71" who="2" fromWho="2" sc="201,-4,309,-6,240,24,240,-4" /><INIT seed="2,0,0,3,1,20" ten="197,303,264,236" oya="2" hai0="15,103,40,112,16,119,30,91,28,95,23,18,98" hai1="122,115,117,17,109,108,71,104,43,83,124,85,131" hai2="24,111,123,101,93,53,58,76,128,97,118,34,79" hai3="105,89,48,72,59,133,13,80,102,74,2,68,31"/><V50/><F118/><W116/><G116/><T57/><D112/><U42/><E117/><V130/><F123/><W46/><G68/><T52/><D119/><U4/><E115/><V0/><F0/><W99/><G2/><T19/><D40/><U38/><E71/><V37/><F37/><W47/><G133/><T21/><D103/><U35/><E104/><V33/><F111/><W9/><G31/><T127/><D127/><U51/><E38/><V86/><F86/><W54/><G72/><T110/><D110/><U36/><E36/><V106/><F106/><W107/><G107/><T81/><D81/><U120/><E35/><V92/><F93/><W134/><G134/><T7/><D7/><U84/><E4/><V73/><F73/><W11/><G11/><T88/><D91/><U82/><E51/><V78/><REACH who="2" step="1"/><F24/><REACH who="2" ten="197,303,254,236" step="2"/><W65/><G74/><T90/><D90/><U121/><E120/><V77/><N who="2" m="19456" /><DORA hai="125" /><V129/><AGARI ba="0,1" hai="33,34,50,53,58,92,97,101,128,129,130" m="19456" machi="129" ten="50,18000,2" yaku="1,1,4,1,0,1,19,1,52,3,53,0" doraHai="20,125" doraHaiUra="63,70" who="2" fromWho="2" sc="197,-60,303,-60,254,190,236,-60" /><INIT seed="2,1,0,1,2,117" ten="137,243,444,176" oya="2" hai0="130,123,49,111,78,20,27,40,109,26,121,87,106" hai1="2,12,39,107,30,15,104,7,84,119,5,67,44" hai2="122,24,113,132,45,72,105,110,95,76,34,83,28" hai3="99,11,103,35,23,32,1,112,25,101,3,66,13"/><V59/><F122/><N who="0" m="46602" /><D106/><U108/><E67/><V116/><F95/><W88/><G66/><T131/><D78/><U71/><E30/><V58/><F45/><W38/><G38/><T8/><D87/><U55/><E55/><V115/><F24/><N who="0" m="9258" /><D20/><U102/><E71/><V124/><F76/><W73/><G73/><T89/><D89/><U42/><E84/><V69/><F105/><W37/><G37/><T31/><D31/><U118/><E39/><V36/><F28/><W9/><G88/><T16/><D40/><U127/><E42/><V68/><F72/><W90/><G90/><T128/><D49/><U52/><E104/><V93/><F69/><W75/><G75/><T120/><N who="0" m="46610" /><T22/><DORA hai="43" /><D8/><U63/><E107/><V74/><F68/><W53/><G11/><T82/><D82/><U92/><E92/><V48/><F83/><W135/><G23/><T65/><D65/><U85/><E85/><V41/><F93/><W100/><G25/><AGARI ba="1,0" hai="16,22,25,109,111,128,130,131" m="9258,46610" machi="25" ten="50,16000,3" yaku="19,1,34,2,52,4,54,1" doraHai="117,43" who="0" fromWho="3" sc="137,163,243,0,444,0,176,-163" /><INIT seed="3,0,0,1,5,103" ten="300,243,444,13" oya="3" hai0="119,9,49,126,47,20,37,68,39,113,56,23,110" hai1="65,77,109,92,117,76,30,114,130,59,135,34,13" hai2="41,73,48,62,33,129,45,116,100,104,108,71,66" hai3="93,54,35,15,106,134,111,28,51,29,38,91,43"/><W3/><G3/><T90/><D119/><U95/><E114/><V6/><F73/><W70/><G70/><T40/><D113/><U72/><E109/><V115/><F6/><W122/><G111/><T75/><D75/><U79/><E72/><V14/><F33/><W44/><G122/><T105/><D126/><U69/><E69/><V16/><F116/><W124/><G124/><T58/><D105/><U94/><E135/><V78/><F78/><W18/><G134/><T99/><D68/><U12/><E130/><V19/><F129/><W107/><G35/><T132/><D37/><U63/><E117/><V42/><F108/><W10/><G29/><T57/><D39/><U21/><E34/><V17/><F115/><W133/><G28/><T8/><D132/><U32/><E32/><V27/><F27/><AGARI ba="0,0" hai="12,13,21,27,30,59,63,65,76,77,79,92,94,95" machi="27" ten="40,1300,0" yaku="8,1" doraHai="103" who="1" fromWho="2" sc="300,0,243,13,444,-13,13,0" owari="300,10.0,256,-14.4,431,53.1,13,-48.7" /></mjloggm>