<mjloggm ver="2.3"><GO type="225" lobby="0"/><UN n0="%E3%81%8B%E3%82%8F%E3%81%A1%E3%82%83%E3%82%93%35%38" n1="%4B%2E%32%2E%4B%2E" n2="%72%69%6F%75%63%68%61%6E" n3="%E3%81%B5%E3%81%98%E3%81%8B%E3%81%A4" dan="17,16,16,17" rate="2222.93,2118.68,2216.25,2170.45" sx="M,M,M,M"/><TAIKYOKU oya="0"/><INIT seed="0,0,0,1,4,37" ten="250,250,250,250" oya="0" hai0="110,70,51,103,78,49,62,86,38,5,9,85,74" hai1="44,19,6,58,32,25,16,123,118,43,1,47,10" hai2="102,120,8,98,100,35,45,115,55,77,61,13,21" hai3="119,68,18,101,79,53,114,64,67,7,69,87,75"/><T95/><D38/><U29/><E118/><V116/><F120/><W112/><G119/><T60/><D74/><U125/><E125/><V46/><F115/><W33/><G33/><T113/><D113/><U82/><E123/><V96/><F35/><W134/><G134/><T20/><D110/><U73/><E47/><V4/><F116/><W66/><G7/><T71/><D20/><U135/><E135/><V57/><F77/><W129/><G129/><T23/><D23/><U24/><E24/><V36/><F36/><W126/><G126/><T14/><D71/><U84/><E58/><V11/><F21/><W107/><G75/><T59/><D62/><U88/><E73/><V89/><F89/><W92/><G18/><T81/><D70/><U122/><E122/><V72/><F72/><W97/><G107/><T63/><D60/><U117/><E117/><V40/><F11/><W2/><G2/><T109/><D109/><U105/><E105/><V132/><F132/><W3/><G3/><T65/><REACH who="0" step="1"/><D85/><REACH who="0" ten="240,250,250,250" step="2"/><U28/><E29/><V90/><F90/><N who="3" m="53343" /><G114/><T124/><D124/><U34/><E32/><V83/><F61/><W52/><G112/><T26/><D26/><U76/><E76/><V17/><F102/><W133/><G79/><T106/><D106/><U12/><E1/><V99/><F100/><W94/><G133/><T91/><D91/><U27/><E25/><V39/><F39/><AGARI ba="0,1" hai="6,10,12,16,19,27,28,34,39,43,44,82,84,88" machi="39" ten="30,7700,0" yaku="7,1,52,1,54,2" doraHai="37" who="1" fromWho="2" sc="240,0,250,87,250,-77,250,0" /><INIT seed="1,0,0,3,4,128" ten="240,337,173,250" oya="1" hai0="65,23,121,13,18,92,61,37,38,58,112,78,36" hai1="24,48,100,101,87,50,4,19,110,79,7,15,85" hai2="30,123,35,72,32,115,55,26,3,1,8,40,42" hai3="124,33,16,10,90,116,39,107,113,133,95,69,41"/><U49/><E110/><V45/><F123/><W52/><G113/><T99/><D112/><U81/><E87/><V54/><F115/><W134/><G107/><T57/><D121/><U106/><E24/><V129/><F129/><W70/><G33/><T14/><D78/><U71/><E71/><V83/><F35/><W132/><G124/><T66/><D13/><U0/><E0/><V88/><F40/><W94/><G116/><T75/><D75/><U86/><E85/><V125/><F125/><W22/><G10/><T130/><D130/><U28/><E28/><V84/><F72/><W114/><G114/><T108/><D108/><U59/><E59/><V29/><F29/><W105/><G105/><T17/><D17/><U21/><REACH who="1" step="1"/><E106/><REACH who="1" ten="240,327,173,250" step="2"/><V103/><F103/><AGARI ba="0,1" hai="4,7,15,19,21,48,49,50,79,81,86,100,101,103" machi="103" ten="40,7700,0" yaku="1,1,2,1,8,1,53,0" doraHai="128" doraHaiUra="111" who="1" fromWho="2" sc="240,0,327,87,173,-77,250,0" /><INIT seed="1,1,0,0,5,19" ten="240,414,96,250" oya="1" hai0="41,50,83,45,63,96,95,99,33,39,42,7,34" hai1="66,69,93,31,59,12,91,49,82,122,84,53,52" hai2="30,67,3,72,101,119,134,120,135,121,118,46,113" hai3="85,97,109,37,22,88,60,90,98,24,129,38,14"/><U36/><E122/><N who="2" m="47211" /><F72/><W48/><G109/><T89/><D7/><U130/><E130/><V40/><F3/><W102/><G129/><T79/><D39/><U58/><E36/><V123/><N who="2" m="47219" /><V51/><DORA hai="61" /><F101/><W131/><G131/><T29/><D29/><U18/><E31/><V44/><F30/><W65/><G48/><T15/><D15/><U77/><E69/><V26/><F26/><W1/><G14/><T81/><D42/><U103/><E103/><V5/><F5/><W2/><G2/><T127/><D127/><U104/><E104/><V32/><F32/><W13/><G13/><T126/><D126/><U100/><E100/><V75/><F75/><W28/><G1/><T128/><D128/><U80/><E77/><V10/><F10/><W64/><G38/><T86/><D96/><N who="3" m="36969" /><G102/><T70/><REACH who="0" step="1"/><D83/><REACH who="0" ten="230,414,96,250" step="2"/><U6/><E6/><V25/><F25/><W78/><G37/><T132/><D132/><N who="2" m="50730" /><F113/><W111/><G111/><T68/><D68/><U74/><E12/><V20/><F20/><W110/><G110/><T8/><D8/><U21/><E21/><V9/><F9/><W116/><G22/><T76/><D76/><U4/><E4/><V0/><F0/><W62/><G24/><T117/><D117/><N who="2" m="44554" /><F46/><W11/><G28/><T114/><D114/><U87/><E18/><V115/><F115/><W112/><G112/><T16/><D16/><U107/><E82/><V124/><F124/><W55/><G116/><T92/><D92/><U17/><E17/><V106/><F106/><W73/><G11/><T108/><D108/><U94/><E107/><RYUUKYOKU ba="1,1" sc="230,15,414,-15,96,15,250,-15" hai0="33,34,41,45,50,63,70,79,81,86,89,95,99" hai2="40,44,51,67" /><INIT seed="2,2,1,4,2,39" ten="245,399,111,235" oya="2" hai0="88,87,103,70,17,112,19,18,11,24,38,99,43" hai1="61,5,62,54,95,114,35,104,78,85,135,96,113" hai2="115,76,31,9,7,111,4,126,29,45,119,13,94" hai3="32,30,107,6,92,89,64,127,116,106,134,26,122"/><V72/><F115/><W82/><G116/><T79/><D70/><U69/><E35/><V74/><F119/><W40/><G122/><T48/><D112/><U129/><E104/><V120/><F120/><W102/><G127/><T21/><D38/><U28/><E28/><V53/><F126/><W86/><G6/><T101/><D79/><U52/><E129/><V33/><F111/><W44/><G64/><T2/><D2/><U132/><E5/><V125/><F125/><W80/><G134/><N who="1" m="51242" /><E85/><V130/><F130/><W3/><G3/><T110/><D110/><U68/><E78/><V22/><F33/><W8/><G8/><T83/><D11/><U59/><E68/><V20/><F4/><W73/><G82/><T10/><D10/><U12/><E12/><V15/><F94/><W0/><G0/><T49/><D101/><N who="1" m="60575" /><E54/><V118/><F118/><W14/><G14/><N who="2" m="5129" /><F76/><W51/><REACH who="3" step="1"/><G73/><REACH who="3" ten="245,399,111,225" step="2"/><N who="2" m="28265" /><F9/><W123/><G123/><T65/><D65/><AGARI ba="2,2" hai="52,59,61,62,65,69,113,114" m="60575,51242" machi="65" ten="30,2000,0" yaku="20,1,54,1" doraHai="39" who="1" fromWho="0" sc="245,-26,399,46,111,0,225,0" /><INIT seed="3,0,0,0,4,73" ten="219,445,111,225" oya="3" hai0="61,1,14,84,62,46,69,99,24,92,109,112,51" hai1="12,37,27,54,124,13,48,87,50,115,18,89,71" hai2="53,133,83,28,55,64,38,56,45,19,60,106,57" hai3="93,17,0,107,104,123,58,103,128,78,34,36,30"/><W2/><G36/><T16/><D1/><U68/><E37/><V82/><F106/><W35/><G123/><T75/><D75/><U26/><E115/><V101/><F28/><W66/><G17/><T32/><D69/><U44/><E124/><V52/><F101/><W131/><G58/><N who="2" m="22633" /><F19/><W31/><G66/><T47/><D109/><U96/><E50/><N who="2" m="28751" /><F82/><W70/><G70/><T97/><D47/><U22/><E96/><N who="0" m="36937" /><D24/><U43/><E71/><N who="2" m="42375" /><F83/><W125/><G93/><T8/><D32/><U29/><E68/><V119/><F119/><W98/><G98/><T77/><D112/><U134/><E54/><N who="2" m="20491" /><F133/><W108/><G103/><T113/><D113/><U76/><E76/><V15/><F15/><W21/><G21/><T6/><D16/><U20/><E134/><V3/><F3/><W74/><G74/><T41/><D77/><U80/><AGARI ba="0,0" hai="12,13,18,20,22,26,27,29,43,44,48,80,87,89" machi="80" ten="20,2700,0" yaku="0,1,7,1,8,1" doraHai="73" who="1" fromWho="1" sc="219,-7,445,27,111,-7,225,-13" owari="212,1.2,472,57.2,104,-39.6,212,-18.8" /></mjloggm>