<mjloggm ver="2.3"><GO type="225" lobby="0"/><UN n0="%E3%82%B2%E3%82%B9%E8%8C%82%E5%8B%9D" n1="%E5%84%AA%40%41%42%43" n2="%28%EF%BF%A3%E2%96%BD%EF%BF%A3%29%CE%B4%E2%8C%92%E3%83%BB" n3="%E3%81%A8%E3%82%93%E3%81%A8%E3%81%93%E3%81%A8%E3%82%93" dan="16,17,16,16" rate="2087.82,2198.50,2080.56,2108.61" sx="F,M,M,F"/><TAIKYOKU oya="0"/><INIT seed="0,0,0,1,2,23" ten="250,250,250,250" oya="0" hai0="79,41,9,55,122,31,6,18,28,114,121,46,85" hai1="117,30,71,29,5,104,12,89,129,35,125,116,120" hai2="108,132,36,34,16,53,40,14,11,73,17,78,56" hai3="127,84,60,44,37,95,134,119,80,88,97,77,93"/><T98/><D114/><U25/><E89/><V8/><F34/><W2/><G2/><T3/><D18/><U33/><E104/><V1/><F132/><W105/><G119/><N who="1" m="45642" /><E71/><V102/><F102/><W118/><G118/><T42/><D55/><U72/><E72/><V135/><F135/><W38/><G134/><T22/><D98/><U48/><E48/><V82/><F108/><W47/><G105/><T109/><D109/><U68/><E68/><V70/><F70/><W123/><G127/><T57/><D57/><U74/><E74/><V61/><F1/><W26/><G123/><T131/><D131/><U50/><E50/><V90/><F90/><N who="3" m="55479" /><G38/><T62/><D62/><U27/><E120/><V75/><F75/><W63/><G37/><T65/><D65/><U128/><E125/><V59/><F59/><W0/><G0/><T107/><D107/><U32/><E32/><V92/><F92/><W87/><G26/><T7/><D121/><U126/><E126/><V106/><F106/><W101/><G101/><T15/><D122/><U103/><E103/><V13/><F36/><W83/><G95/><T94/><D3/><U66/><E66/><V124/><F124/><W39/><G39/><T113/><D113/><U100/><E100/><V91/><F91/><W133/><G133/><T81/><D94/><U4/><E12/><V20/><F40/><W69/><G69/><T49/><D41/><U51/><E51/><V111/><F111/><W19/><G63/><T21/><D6/><AGARI ba="0,0" hai="4,5,6,25,27,29,30,33,35,128,129" m="45642" machi="6" ten="30,7700,0" yaku="34,2,52,2" doraHai="23" who="1" fromWho="0" sc="250,-77,250,77,250,0,250,0" /><INIT seed="1,0,0,0,0,77" ten="173,327,250,250" oya="1" hai0="17,115,23,87,31,8,12,68,103,79,2,30,125" hai1="47,75,100,91,57,59,9,1,13,121,40,135,83" hai2="43,69,111,90,0,130,82,95,15,3,99,5,32" hai3="94,4,42,41,86,35,21,48,10,63,80,127,70"/><U61/><E121/><V73/><F69/><W85/><G35/><T102/><D68/><U128/><E128/><V93/><F32/><W116/><G127/><T20/><D125/><U64/><E135/><V46/><F130/><W45/><G116/><T6/><D115/><U22/><E100/><V67/><F67/><W39/><G70/><T96/><D103/><U106/><E106/><V109/><F95/><W132/><G132/><T101/><D102/><U29/><E1/><V14/><F3/><W131/><G131/><T28/><D87/><N who="1" m="50687" /><E59/><V27/><F27/><W53/><G63/><T36/><D79/><U72/><E22/><V118/><F118/><W38/><G21/><T19/><D36/><U52/><E29/><V50/><F0/><W97/><G39/><T81/><D81/><U78/><E78/><N who="2" m="44367" /><F5/><W117/><G117/><T74/><D74/><U24/><E24/><V107/><F107/><W51/><G38/><T112/><D112/><U62/><E40/><V11/><F11/><W133/><G133/><T49/><D49/><N who="1" m="28735" /><E61/><V105/><F105/><W84/><G51/><T98/><REACH who="0" step="1"/><D101/><REACH who="0" ten="163,327,250,250" step="2"/><U33/><E75/><V114/><F114/><W16/><G80/><T26/><AGARI ba="0,1" hai="2,6,8,12,17,19,20,23,26,28,30,31,96,98" machi="26" ten="30,4000,0" yaku="1,1,2,1,0,1,53,0" doraHai="77" doraHaiUra="123" who="0" fromWho="0" sc="163,50,327,-20,250,-10,250,-10" /><INIT seed="2,0,0,2,3,26" ten="213,307,240,240" oya="2" hai0="86,67,135,21,18,99,122,3,112,27,33,47,113" hai1="56,125,132,24,74,110,61,66,15,90,23,69,50" hai2="124,63,73,32,1,28,108,117,58,84,57,83,92" hai3="133,45,13,53,30,104,101,75,35,87,37,118,93"/><V109/><F1/><W105/><G118/><T5/><D122/><U10/><E74/><V116/><F73/><W103/><G75/><T102/><D135/><U62/><E110/><N who="2" m="42603" /><F92/><W59/><G133/><T114/><D33/><U127/><E132/><V81/><F124/><N who="1" m="47689" /><E50/><V77/><F83/><W55/><G13/><T54/><D67/><N who="1" m="39335" /><E90/><V134/><F134/><W94/><G37/><T107/><D86/><U98/><E98/><V129/><F129/><W19/><G87/><T120/><D120/><U29/><E15/><V100/><F100/><W22/><G103/><T79/><D79/><U4/><E10/><V65/><F58/><W64/><G59/><T46/><D5/><AGARI ba="0,0" hai="4,5,23,24,29,62,66,69" m="39335,47689" machi="5" ten="30,2000,0" yaku="18,1,52,1" doraHai="26" who="1" fromWho="0" sc="213,-20,307,20,240,0,240,0" /><INIT seed="3,0,0,4,3,18" ten="193,327,240,240" oya="3" hai0="97,92,83,8,3,30,96,130,33,29,24,1,91" hai1="71,77,58,110,39,50,41,42,43,88,121,38,86" hai2="46,22,28,4,20,75,9,10,40,51,90,133,81" hai3="117,109,106,135,36,21,55,93,119,56,7,54,123"/><W89/><G123/><T47/><D130/><U74/><E121/><V25/><F133/><W49/><G106/><T64/><D64/><U124/><E110/><V107/><F107/><W116/><G36/><T82/><D29/><U52/><E124/><V94/><F75/><W13/><G135/><T105/><D47/><U17/><E71/><V11/><F81/><W79/><G79/><T99/><D105/><U131/><E131/><V128/><F128/><W19/><G7/><T23/><D33/><U73/><E77/><V113/><F113/><W34/><G34/><T48/><D48/><U60/><E74/><V59/><F59/><W6/><G6/><T26/><D26/><U66/><E73/><V37/><F37/><W122/><G122/><T70/><D70/><U102/><E102/><V61/><F61/><W68/><G68/><T120/><D120/><U63/><E17/><V31/><F31/><W85/><G55/><T76/><D76/><U78/><E78/><V87/><REACH who="2" step="1"/><F22/><REACH who="2" ten="193,327,230,240" step="2"/><W108/><AGARI ba="0,1" hai="13,19,21,49,54,56,85,89,93,108,109,116,117,119" machi="108" ten="40,12000,1" yaku="0,1,25,2,52,1" doraHai="18" who="3" fromWho="3" sc="193,-40,327,-40,230,-40,240,130" owari="153,-34.7,287,8.7,190,-21.0,370,47.0" /></mjloggm>