<mjloggm ver="2.3"><GO type="225" lobby="0"/><UN n0="%E6%B8%85%E9%A2%A8%E5%8C%97" n1="%E5%A4%9C%E5%85%89%E5%A4%A9%E6%A5%BC" n2="%E4%BA%BA%E9%96%93%E3%83%81%E3%83%A3%E3%83%BC%E3%83%8F%E3%83%B3" n3="%48%61%61%61%6C%61%6E%64" dan="17,17,16,18" rate="2182.13,2128.12,2100.88,2205.44" sx="F,M,M,M"/><TAIKYOKU oya="0"/><INIT seed="0,0,0,4,0,110" ten="250,250,250,250" oya="0" hai0="114,19,71,1,116,15,125,64,117,129,69,70,41" hai1="18,2,33,42,27,17,105,53,23,39,95,45,21" hai2="103,51,20,35,75,132,80,6,123,56,83,31,37" hai3="107,14,36,133,128,90,29,49,106,16,12,108,13"/><T62/><D1/><U25/><E105/><V89/><F123/><W88/><G36/><T4/><D4/><U102/><E2/><V135/><F37/><W121/><G108/><T68/><D125/><U40/><E33/><V134/><F35/><W130/><G29/><T66/><D129/><N who="3" m="49769" /><G121/><T124/><D124/><U127/><E127/><V28/><F103/><W113/><G133/><T9/><D41/><U52/><E42/><V79/><F6/><W92/><G113/><T86/><D66/><U58/><E58/><V11/><F11/><N who="3" m="6175" /><G90/><T77/><REACH who="0" step="1"/><D114/><REACH who="0" ten="240,250,250,250" step="2"/><U84/><REACH who="1" step="1"/><E84/><REACH who="1" ten="240,240,250,250" step="2"/><V119/><F132/><W38/><G38/><T97/><D97/><AGARI ba="0,2" hai="17,18,21,23,25,27,39,40,45,52,53,95,97,102" machi="97" ten="40,8000,1" yaku="1,1,2,1,9,1,54,1,53,0" doraHai="110" doraHaiUra="111" who="1" fromWho="0" sc="240,-80,240,100,250,0,250,0" /><INIT seed="1,0,0,3,5,65" ten="160,340,250,250" oya="1" hai0="125,19,118,110,31,91,1,72,9,11,120,73,13" hai1="108,51,81,43,132,39,82,123,122,126,100,29,58" hai2="41,95,3,54,106,67,28,88,64,87,7,10,134" hai3="102,104,129,101,45,52,49,2,69,68,42,96,44"/><U99/><E126/><V48/><F134/><W66/><G129/><T23/><D118/><U121/><E132/><V5/><F106/><W21/><G2/><T92/><D125/><U32/><E39/><V18/><F28/><W60/><G102/><T61/><D110/><U112/><E112/><V53/><F7/><W26/><G69/><T76/><D120/><U94/><E108/><V57/><F18/><W97/><G97/><T89/><D76/><U0/><E0/><V133/><F133/><W79/><G79/><T55/><D91/><U83/><E29/><V98/><F41/><W111/><G111/><T38/><D38/><U115/><E32/><V63/><REACH who="2" step="1"/><F98/><REACH who="2" ten="160,340,240,250" step="2"/><W113/><G113/><T71/><D31/><U86/><E115/><V33/><F33/><W30/><REACH who="3" step="1"/><G42/><REACH who="3" ten="160,340,240,240" step="2"/><T114/><D114/><U8/><E43/><V62/><F62/><W36/><G36/><T80/><D61/><U27/><E122/><V40/><F40/><W70/><G70/><T35/><D71/><U85/><E121/><V127/><F127/><W124/><G124/><T93/><D35/><U90/><E123/><V6/><F6/><W103/><G103/><T22/><D1/><U15/><E100/><V14/><F14/><W12/><G12/><T130/><D13/><U25/><E25/><V47/><AGARI ba="0,2" hai="3,5,10,47,48,53,54,57,63,64,67,87,88,95" machi="47" ten="20,5200,0" yaku="1,1,0,1,7,1,54,1,53,0" doraHai="65" doraHaiUra="75" who="2" fromWho="2" sc="160,-13,340,-26,240,72,240,-13" /><INIT seed="2,0,0,5,3,114" ten="147,314,312,227" oya="2" hai0="68,67,79,111,120,99,133,30,127,116,83,53,91" hai1="123,75,56,38,39,2,47,97,64,35,61,94,89" hai2="101,59,8,73,126,135,65,70,130,62,96,36,49" hai3="45,55,41,86,57,6,23,44,42,125,58,46,82"/><V129/><F73/><W9/><G125/><T87/><D120/><U112/><E112/><V92/><F126/><W1/><G23/><T108/><D127/><U4/><E35/><V3/><F135/><W40/><REACH who="3" step="1"/><G55/><REACH who="3" ten="147,314,312,217" step="2"/><T27/><D53/><U33/><E123/><V10/><F3/><W119/><G119/><T88/><D133/><U7/><E2/><V102/><F129/><W24/><G24/><T11/><D11/><U100/><E33/><V74/><F10/><W98/><G98/><T13/><D13/><U109/><E97/><V76/><F8/><W43/><N who="3" m="10240" /><DORA hai="80" /><W107/><G107/><T104/><D116/><U122/><E122/><V131/><F131/><W69/><G69/><T78/><D68/><U17/><E39/><V22/><F36/><W19/><G19/><T124/><D124/><U16/><E17/><V51/><F70/><W118/><G118/><T134/><D134/><U32/><E16/><V77/><F130/><W121/><G121/><T60/><D104/><U54/><E7/><V29/><F65/><W50/><G50/><T20/><D60/><U63/><E38/><V5/><F51/><W71/><G71/><T52/><D67/><U37/><E37/><V113/><F49/><W84/><G84/><T48/><D48/><U28/><E54/><N who="2" m="34167" /><F113/><W81/><G81/><T25/><D52/><U106/><E4/><V132/><F132/><W103/><G103/><N who="2" m="39433" /><F74/><W85/><G85/><T18/><D18/><U66/><E75/><V0/><F5/><W115/><G115/><T90/><D27/><U12/><E100/><N who="2" m="60423" /><F0/><W110/><G110/><RYUUKYOKU ba="0,1" sc="147,-15,314,-15,312,15,217,15" hai2="22,29,76,77" hai3="1,6,9,44,45,46,57,58,82,86" /><INIT seed="2,1,1,2,0,61" ten="132,299,327,232" oya="2" hai0="4,129,97,6,76,116,45,41,44,23,123,18,99" hai1="42,35,84,133,14,66,93,20,74,124,56,63,26" hai2="51,72,1,135,65,33,46,79,2,131,58,77,75" hai3="108,81,8,110,9,31,96,32,122,128,47,62,38"/><V60/><F33/><W43/><G122/><T101/><D123/><U25/><E74/><V83/><F131/><W87/><G128/><T57/><D129/><U37/><E124/><V34/><F34/><W85/><G96/><T55/><D116/><U50/><E133/><V73/><F135/><W48/><G38/><T82/><D6/><U86/><E37/><V59/><F59/><W102/><G102/><T27/><D4/><U88/><E84/><V24/><F24/><N who="3" m="18535" /><G62/><T103/><D99/><U17/><E35/><V114/><F114/><W16/><G16/><T49/><D97/><U125/><E125/><V95/><F95/><W54/><G43/><T130/><D45/><AGARI ba="1,1" hai="14,17,20,25,26,42,45,50,56,63,66,86,88,93" machi="45" ten="40,5200,0" yaku="8,1,52,1,54,1" doraHai="61" who="1" fromWho="0" sc="132,-55,299,65,327,0,232,0" /><INIT seed="3,0,0,4,2,27" ten="77,364,327,232" oya="3" hai0="98,25,99,79,74,34,103,118,125,42,64,45,104" hai1="112,128,109,86,43,57,69,120,19,101,59,22,56" hai2="6,28,52,115,90,117,84,61,5,35,71,89,32" hai3="124,26,17,20,95,75,9,67,50,110,33,113,1"/><W77/><G113/><T46/><D118/><U47/><E120/><V55/><F115/><W29/><G124/><T2/><D125/><U21/><E69/><V18/><F117/><W41/><G110/><T60/><D99/><U7/><E112/><V83/><F71/><W129/><G129/><T4/><D46/><U96/><E109/><V44/><F18/><W31/><G67/><T97/><D97/><U51/><E7/><N who="2" m="2571" /><F35/><W81/><G1/><T36/><D4/><U85/><E22/><V78/><F32/><W24/><G95/><T63/><D2/><U54/><E43/><V119/><F119/><W15/><G50/><T92/><D63/><U72/><E72/><V127/><F127/><W108/><G108/><T116/><D92/><N who="1" m="58503" /><E128/><V94/><F94/><W66/><G66/><T131/><D131/><U87/><E47/><V76/><F76/><W121/><REACH who="3" step="1"/><G41/><REACH who="3" ten="77,364,327,222" step="2"/><T91/><D116/><U65/><E65/><V82/><F44/><W49/><G49/><T11/><D91/><U105/><E105/><V132/><F132/><W126/><G126/><T16/><D11/><U106/><E106/><V0/><F0/><W58/><G58/><T102/><D102/><U12/><AGARI ba="0,1" hai="12,19,21,51,54,56,57,59,85,86,87" m="58503" machi="12" ten="30,1100,0" yaku="8,1" doraHai="27" who="1" fromWho="1" sc="77,-3,364,21,327,-3,222,-5" owari="74,-42.6,385,48.5,324,12.4,217,-18.3" /></mjloggm>