<mjloggm ver="2.3"><GO type="225" lobby="0"/><UN n0="%E7%AC%B9%E9%A4%85" n1="%E3%82%B2%E3%82%B9%E8%8C%82%E5%8B%9D" n2="%E5%8D%A0%E3%81%84%E5%B8%AB%E8%A3%8F%E3%81%AA%E3%81%84%E3%81%97" n3="%E3%81%AF%E3%82%88%E3%81%8A%E3%81%98%E3%81%95%E3%82%93" dan="17,16,16,17" rate="2204.06,2156.96,2172.77,2203.28" sx="M,F,M,M"/><TAIKYOKU oya="0"/><INIT seed="0,0,0,0,2,108" ten="250,250,250,250" oya="0" hai0="21,92,54,67,45,62,7,42,26,97,82,23,85" hai1="80,68,18,112,106,8,123,28,131,128,104,10,103" hai2="65,115,107,57,29,74,69,39,125,116,124,9,127" hai3="86,16,71,120,135,114,41,73,32,89,2,70,119"/><T53/><D7/><U60/><E123/><V6/><F116/><W47/><G119/><T132/><D132/><U66/><E28/><V90/><F69/><W77/><G32/><T20/><D26/><U59/><E80/><V4/><F39/><W5/><G135/><T52/><D67/><U87/><E87/><V15/><F74/><W37/><G120/><T126/><D126/><U93/><E68/><V48/><F107/><W56/><G56/><T40/><D62/><U1/><E8/><V99/><F29/><W19/><G114/><T58/><D58/><U83/><E83/><V13/><F115/><W27/><G77/><N who="0" m="46287" /><D45/><U129/><E112/><V84/><F99/><W94/><G73/><T134/><D134/><U98/><REACH who="1" step="1"/><E18/><REACH who="1" ten="250,240,250,250" step="2"/><V50/><F84/><W44/><G19/><T88/><AGARI ba="0,1" hai="20,21,23,40,42,52,53,54,88,92,97" m="46287" machi="88" ten="30,6000,0" yaku="8,1,54,2" doraHai="108" who="0" fromWho="0" sc="250,70,240,-20,250,-20,250,-20" /><INIT seed="0,1,0,1,5,97" ten="320,220,230,230" oya="0" hai0="87,111,125,126,129,63,84,55,93,15,5,14,72" hai1="46,133,80,65,123,115,37,122,32,44,82,73,38" hai2="118,50,89,41,36,30,99,33,78,29,105,120,1" hai3="96,45,134,98,131,113,11,95,68,109,8,4,18"/><T53/><D72/><U10/><E32/><V128/><F120/><W76/><G113/><T23/><D129/><U47/><E115/><V91/><F128/><W100/><G131/><T117/><D117/><U34/><E34/><V21/><F33/><W106/><G68/><T2/><D2/><U35/><E35/><V40/><F118/><W56/><G109/><T39/><D39/><U71/><E133/><V9/><F36/><W13/><G134/><T83/><D111/><U135/><E135/><V108/><F108/><W77/><G56/><T52/><D63/><U25/><E25/><V119/><F78/><W127/><G127/><N who="0" m="48651" /><D5/><U16/><E38/><V121/><F121/><W69/><G45/><T70/><D70/><U90/><E37/><V85/><F119/><W54/><G54/><T58/><D58/><U94/><E65/><V116/><F116/><W74/><G69/><T62/><D62/><U66/><E66/><V130/><F130/><W19/><G74/><T17/><D93/><U114/><E71/><V57/><F57/><W22/><G18/><N who="0" m="10711" /><D83/><U20/><E73/><V132/><F132/><W28/><G28/><T59/><D59/><U88/><E114/><V0/><F29/><W112/><G112/><T61/><D61/><U107/><E80/><N who="2" m="49319" /><F40/><W26/><REACH who="3" step="1"/><G8/><AGARI ba="1,0" hai="8,15,17,52,53,55,84,87" m="10711,48651" machi="8" ten="30,2900,0" yaku="18,1,54,1" doraHai="97" who="0" fromWho="3" sc="320,32,220,0,230,0,230,-32" /><INIT seed="0,2,0,3,2,135" ten="352,220,230,198" oya="0" hai0="83,63,125,38,67,52,29,26,91,133,57,3,120" hai1="102,55,37,103,80,73,68,109,86,14,70,27,94" hai2="64,105,21,54,90,22,98,12,8,97,66,39,44" hai3="115,110,106,24,76,95,121,131,107,4,123,130,45"/><T33/><D120/><N who="3" m="46153" /><G4/><T51/><D133/><U41/><E73/><V81/><F105/><N who="3" m="39947" /><G24/><T116/><D116/><U18/><E27/><V28/><F39/><W84/><G45/><T0/><D38/><U72/><E72/><V15/><F28/><W9/><G9/><T96/><D125/><U53/><E68/><V50/><F15/><W31/><G31/><T117/><D117/><U56/><E70/><V87/><F97/><W113/><G110/><T58/><REACH who="0" step="1"/><D96/><REACH who="0" ten="342,220,230,198" step="2"/><U132/><E132/><V74/><F98/><W92/><G113/><T111/><D111/><U35/><E37/><V108/><F108/><W2/><G115/><T34/><D34/><U6/><E109/><V134/><F134/><W99/><G2/><T62/><D62/><U124/><E35/><V1/><F1/><W49/><G49/><T71/><D71/><U82/><E124/><V42/><F74/><W23/><G23/><T30/><D30/><U32/><E32/><V61/><F22/><W60/><G60/><T47/><D47/><U89/><E86/><AGARI ba="2,1" hai="0,3,26,29,33,51,52,57,58,63,67,83,86,91" machi="86" ten="40,7700,0" yaku="1,1,54,1,53,1" doraHai="135" doraHaiUra="79" who="0" fromWho="1" sc="342,93,220,-83,230,0,198,0" /><INIT seed="0,3,0,5,3,126" ten="435,137,230,198" oya="0" hai0="3,17,32,81,92,24,4,51,37,73,25,116,123" hai1="61,68,29,84,6,86,118,109,85,1,33,69,134" hai2="87,40,11,70,52,55,132,114,97,115,98,49,90" hai3="66,8,5,124,15,53,0,107,39,72,23,16,10"/><T133/><D37/><U96/><E118/><V102/><F70/><W74/><G124/><T19/><D51/><U14/><E1/><V57/><F132/><W22/><G107/><T99/><D81/><U122/><E134/><V43/><F114/><W41/><G66/><T79/><D79/><U88/><E122/><V106/><F115/><W18/><G53/><T71/><D73/><U62/><E109/><V9/><F98/><W110/><G110/><T119/><D71/><U27/><E68/><V108/><F108/><W20/><REACH who="3" step="1"/><G18/><REACH who="3" ten="435,137,230,188" step="2"/><T112/><D19/><U77/><E69/><V48/><F43/><W31/><G31/><T121/><D17/><U127/><E127/><V36/><F40/><W60/><G60/><T80/><D112/><U75/><E6/><V129/><F55/><W104/><G104/><T131/><D133/><U12/><E61/><V89/><F52/><W130/><G130/><T91/><D131/><U50/><E62/><V13/><F129/><W59/><G59/><T65/><D65/><U94/><REACH who="1" step="1"/><E50/><REACH who="1" ten="435,127,230,188" step="2"/><V64/><F48/><W21/><N who="3" m="5120" /><DORA hai="58" /><W7/><G7/><T30/><D4/><U67/><E67/><V56/><F49/><W42/><G42/><T28/><D119/><U2/><E2/><V34/><F64/><W101/><G101/><T46/><D116/><U63/><E63/><V93/><F102/><W26/><G26/><T111/><D25/><U103/><E103/><V44/><F36/><W54/><G54/><T120/><D24/><U125/><E125/><V76/><F56/><W45/><AGARI ba="3,2" hai="0,5,8,10,15,16,39,41,45,72,74" m="5120" machi="45" ten="40,8000,1" yaku="1,1,0,1,54,1,53,1" doraHai="126,58" doraHaiUra="38,113" who="3" fromWho="3" sc="435,-43,127,-23,230,-23,188,109" /><INIT seed="1,0,0,4,0,33" ten="392,104,207,297" oya="1" hai0="90,133,101,4,9,102,135,112,127,2,86,77,94" hai1="100,105,125,117,51,116,28,81,99,82,49,70,23" hai2="130,50,11,96,29,21,48,0,120,19,26,36,66" hai3="122,132,72,6,1,8,79,59,109,65,61,60,57"/><U126/><E70/><V113/><F120/><W24/><G109/><T14/><D112/><U68/><E68/><V16/><F36/><W56/><G132/><N who="0" m="50763" /><D127/><N who="1" m="48651" /><E28/><V12/><F113/><W110/><G110/><T45/><D77/><U55/><E23/><V62/><F130/><W106/><G122/><T75/><D75/><U87/><E55/><V89/><F0/><W83/><G106/><T5/><D45/><U15/><E15/><V91/><F29/><W107/><G107/><T119/><D119/><N who="1" m="45643" /><E49/><N who="2" m="19051" /><F96/><W103/><G103/><T118/><D118/><U44/><E44/><V128/><F128/><W95/><G95/><T20/><D20/><U111/><E51/><V46/><F46/><W92/><G92/><T52/><D52/><U17/><E17/><V34/><F34/><W64/><REACH who="3" step="1"/><G24/><REACH who="3" ten="392,104,207,287" step="2"/><T40/><D102/><U129/><E111/><V38/><F38/><W41/><G41/><T22/><D40/><U114/><E129/><V10/><F10/><W124/><G124/><T53/><D101/><U13/><E114/><V84/><F11/><W32/><G32/><T3/><D9/><U42/><E42/><V98/><F26/><W47/><G47/><T69/><D94/><U121/><E121/><V43/><F43/><W85/><G85/><T134/><D134/><U131/><E131/><V37/><F84/><W76/><G76/><T115/><D86/><U67/><E13/><V88/><F37/><W73/><G73/><T30/><D14/><U78/><E82/><V108/><F108/><W54/><G54/><T63/><D53/><U27/><E27/><V7/><F12/><RYUUKYOKU ba="0,1" sc="392,-15,104,15,207,-15,287,15" hai1="67,78,81,87,99,100,105" hai3="1,6,8,56,57,59,60,61,64,65,72,79,83" /><INIT seed="1,1,1,1,4,78" ten="377,119,192,302" oya="1" hai0="86,55,106,66,12,130,116,27,48,33,21,81,5" hai1="40,79,57,46,23,10,134,74,114,34,35,88,37" hai2="99,15,72,22,65,44,18,13,14,19,127,20,45" hai3="43,87,73,4,60,50,9,93,71,77,84,62,64"/><U75/><E114/><V42/><F127/><W102/><G62/><T91/><D116/><U49/><E134/><V126/><F126/><W58/><G73/><T38/><D38/><U108/><E108/><V53/><F72/><W89/><G102/><T107/><D130/><U26/><E10/><V112/><F112/><W0/><G77/><T31/><D66/><U101/><E101/><V70/><F70/><W122/><G122/><T83/><D83/><U119/><E119/><V76/><F65/><W59/><G87/><T98/><D98/><U97/><E74/><V41/><F76/><W82/><G93/><T125/><D125/><U124/><E124/><V36/><F99/><W135/><G135/><T24/><D12/><U8/><E8/><V90/><F53/><W30/><G30/><T32/><D5/><U2/><E2/><V94/><F94/><W120/><G120/><T69/><D69/><U123/><E123/><V109/><F90/><W7/><G4/><T85/><D85/><U103/><E88/><V132/><F132/><W129/><G129/><T56/><D33/><U16/><E79/><V118/><F118/><W92/><G92/><T39/><D39/><U80/><E80/><V47/><F109/><W1/><G0/><T95/><D95/><N who="1" m="58815" /><E75/><V117/><F117/><W29/><G29/><AGARI ba="1,1" hai="21,24,27,29,31,32,48,55,56,81,86,91,106,107" machi="29" ten="30,2000,0" yaku="7,1,52,1" doraHai="78" who="0" fromWho="3" sc="377,33,119,0,192,0,302,-23" /><INIT seed="2,0,0,2,3,48" ten="410,119,192,279" oya="2" hai0="39,95,46,36,101,56,72,34,57,6,54,21,69" hai1="80,42,97,29,91,92,61,135,132,107,99,81,65" hai2="126,98,55,1,44,15,75,114,124,3,83,37,23" hai3="45,17,120,50,118,71,0,22,134,129,60,112,53"/><V111/><F114/><W59/><G120/><T26/><D34/><U47/><E29/><V28/><F37/><W79/><G118/><T24/><D72/><U84/><E47/><V77/><F111/><W20/><G0/><T43/><D69/><U102/><E42/><V68/><F68/><W33/><G33/><T51/><D6/><U63/><E65/><V16/><F98/><W74/><G112/><T8/><D8/><U32/><E32/><V58/><F44/><W9/><G71/><T96/><D26/><U110/><E61/><V104/><F104/><W30/><G129/><T113/><D113/><U76/><E63/><N who="2" m="36319" /><F28/><W62/><G62/><T70/><D70/><U2/><E2/><V11/><F11/><W105/><G105/><T40/><D40/><U100/><REACH who="1" step="1"/><E110/><REACH who="1" ten="410,109,192,279" step="2"/><V85/><F1/><W93/><G30/><T86/><D39/><U82/><E82/><V4/><F3/><W131/><G60/><T122/><D36/><U12/><E12/><V108/><F108/><W109/><G45/><T89/><D43/><U78/><E78/><V27/><F15/><W125/><G79/><T127/><D46/><U103/><E103/><V123/><F77/><W116/><G109/><T5/><D101/><U121/><E121/><V35/><F123/><W19/><G59/><T67/><D57/><U117/><E117/><V133/><F35/><W14/><G116/><T10/><D56/><U31/><E31/><V18/><F83/><W94/><G14/><T119/><D119/><U90/><E90/><V41/><F41/><W7/><G50/><T13/><D51/><RYUUKYOKU ba="0,1" sc="410,-10,109,30,192,-10,279,-10" hai1="76,80,81,84,91,92,97,99,100,102,107,132,135" /><INIT seed="3,1,1,2,1,32" ten="400,139,182,269" oya="3" hai0="18,128,15,116,69,88,20,117,33,135,45,17,104" hai1="84,120,126,107,75,101,125,34,93,50,13,98,0" hai2="72,91,94,66,46,115,25,113,57,56,67,58,38" hai3="122,87,92,82,68,16,52,77,108,9,127,90,119"/><W59/><G122/><T4/><D69/><U130/><E34/><V47/><F72/><W95/><G119/><T78/><D104/><U71/><E71/><V114/><F25/><W97/><G68/><T51/><D78/><U31/><E31/><V26/><F26/><W111/><G127/><N who="1" m="48650" /><E13/><V42/><REACH who="2" step="1"/><F47/><REACH who="2" ten="400,139,172,269" step="2"/><W76/><G108/><T70/><D117/><U24/><E24/><V28/><F28/><W3/><G111/><T106/><D116/><U49/><E120/><V96/><AGARI ba="1,2" hai="38,42,46,56,57,58,66,67,91,94,96,113,114,115" machi="96" ten="40,2700,0" yaku="1,1,0,1,53,0" doraHai="32" doraHaiUra="133" who="2" fromWho="2" sc="400,-8,139,-8,172,50,269,-14" owari="392,49.2,131,-36.9,222,-17.8,255,5.5" /></mjloggm>