<mjloggm ver="2.3"><GO type="225" lobby="0"/><UN n0="%E3%83%B4%E3%82%A3%E3%83%AF%E3%82%B3%E3%82%B0%E3%83%8B" n1="%E3%82%B2%E3%82%B9%E8%8C%82%E5%8B%9D" n2="%28%EF%BF%A3%E2%96%BD%EF%BF%A3%29%CE%B4%E2%8C%92%E3%83%BB" n3="%E3%82%BC%E3%83%AB%E3%83%80%E3%81%AE%E4%BC%9D%E8%AA%AC" dan="16,16,16,17" rate="2136.47,2053.85,2136.29,2266.67" sx="M,F,M,M"/><TAIKYOKU oya="0"/><INIT seed="0,0,0,2,5,18" ten="250,250,250,250" oya="0" hai0="72,132,27,10,52,117,75,122,49,46,79,6,41" hai1="56,63,133,60,32,70,11,28,103,104,12,127,5" hai2="85,39,102,45,30,68,78,96,87,74,2,108,112" hai3="44,29,48,67,4,24,71,129,76,13,111,134,66"/><T110/><D117/><U128/><E127/><V90/><F68/><W34/><G111/><T25/><D122/><U130/><E133/><V55/><F2/><W64/><G134/><T126/><D132/><U0/><E12/><V21/><F108/><W61/><G129/><T123/><D110/><U99/><E56/><V95/><F112/><W22/><G76/><T31/><D123/><U118/><E118/><V114/><F114/><W58/><G71/><T80/><D126/><U86/><E86/><V36/><F74/><W62/><G62/><T42/><D72/><U47/><E47/><V131/><F78/><W73/><G73/><T94/><D94/><U116/><E116/><V59/><F85/><W51/><G51/><T19/><D19/><U121/><E121/><V113/><F45/><W106/><G106/><T43/><REACH who="0" step="1"/><D31/><REACH who="0" ten="240,250,250,250" step="2"/><U100/><E128/><V1/><F131/><W84/><G29/><T91/><D91/><U97/><E130/><V120/><F120/><W40/><G4/><T17/><D17/><U15/><E28/><V88/><F113/><W89/><G89/><T83/><D83/><U82/><E82/><V98/><F90/><W3/><G24/><T54/><D54/><U107/><E70/><V65/><F55/><W33/><G67/><T14/><AGARI ba="0,1" hai="6,10,14,25,27,41,42,43,46,49,52,75,79,80" machi="14" ten="30,6000,0" yaku="1,1,0,1,54,1,53,0" doraHai="18" doraHaiUra="57" who="0" fromWho="0" sc="240,70,250,-20,250,-20,250,-20" /><INIT seed="0,1,0,4,5,101" ten="310,230,230,230" oya="0" hai0="75,22,21,83,70,102,36,62,2,125,126,120,11" hai1="3,90,53,19,84,33,60,96,106,109,35,26,123" hai2="15,67,41,73,93,78,8,99,113,47,13,18,134" hai3="107,52,58,110,66,46,119,45,69,115,7,29,24"/><T20/><D120/><U105/><E123/><V61/><F134/><W103/><G115/><T32/><D32/><U82/><E109/><V92/><F113/><W80/><G110/><T76/><D102/><U132/><E3/><V127/><F127/><W38/><G119/><T86/><D86/><U114/><E132/><V37/><F78/><W88/><G7/><T72/><D72/><U5/><E114/><V0/><F73/><W97/><G38/><T25/><D25/><U48/><E5/><V79/><F79/><W44/><G69/><T89/><D89/><U16/><E60/><V95/><F13/><W104/><G66/><T59/><D70/><U23/><E19/><V50/><F0/><W133/><G133/><T12/><D36/><U111/><E111/><V30/><F30/><W74/><G74/><T39/><D39/><U6/><E6/><V27/><F27/><W94/><G80/><T128/><D128/><U85/><E85/><V91/><REACH who="2" step="1"/><F37/><REACH who="2" ten="310,230,220,230" step="2"/><W124/><G124/><T9/><D2/><U42/><E33/><V122/><F122/><W112/><G112/><T14/><D14/><U121/><E35/><V131/><F131/><W118/><G118/><T98/><D125/><U117/><E121/><V10/><F10/><W65/><G24/><T56/><D126/><U81/><E117/><V17/><F17/><W49/><G29/><T64/><D12/><U51/><E26/><V108/><F108/><W116/><G116/><T34/><D34/><U1/><E16/><V55/><F55/><W28/><G28/><T77/><D75/><U87/><E53/><RYUUKYOKU ba="1,1" sc="310,-10,230,-10,220,30,230,-10" hai2="8,15,18,41,47,50,61,67,91,92,93,95,99" /><INIT seed="1,2,1,4,5,59" ten="300,220,250,220" oya="1" hai0="53,29,71,114,28,125,22,18,93,94,99,79,84" hai1="77,73,0,27,25,65,49,100,7,116,61,55,111" hai2="67,24,32,113,105,70,126,123,122,107,6,117,131" hai3="8,56,82,81,10,34,68,91,48,92,30,87,75"/><U124/><E116/><V51/><F6/><W12/><G68/><T112/><D71/><U85/><E124/><V36/><F51/><W115/><G115/><T78/><D125/><U21/><E73/><V5/><F5/><W120/><G120/><T90/><D112/><U38/><E38/><V66/><F126/><W86/><G75/><T76/><D53/><U64/><E64/><V60/><F113/><W54/><G34/><T41/><D41/><U104/><E111/><V45/><F67/><W118/><G118/><T4/><D4/><U88/><E77/><V57/><F57/><W58/><G30/><T3/><D3/><U20/><E7/><V119/><F131/><W23/><G58/><T2/><D2/><U37/><E37/><V106/><F119/><W14/><G14/><N who="0" m="9559" /><D114/><U80/><E0/><V98/><F117/><W121/><G121/><T17/><D17/><U95/><E104/><V69/><F69/><W33/><G33/><T44/><D44/><N who="1" m="28071" /><E65/><V16/><F98/><W9/><G86/><T102/><AGARI ba="2,1" hai="28,29,76,78,79,84,90,93,94,99,102" m="9559" machi="102" ten="30,1100,0" yaku="8,1" doraHai="59" who="0" fromWho="0" sc="300,27,220,-7,250,-5,220,-5" /><INIT seed="2,0,0,5,3,66" ten="327,213,245,215" oya="2" hai0="79,56,120,130,47,51,42,131,50,72,76,83,132" hai1="108,53,118,126,97,39,41,75,101,35,3,7,95" hai2="20,1,125,116,96,58,94,70,65,27,92,63,124" hai3="121,114,103,106,46,128,37,109,34,113,36,133,29"/><V105/><F1/><W90/><G121/><T43/><D120/><U11/><E108/><V0/><F0/><W2/><G109/><T57/><D132/><U4/><E126/><N who="2" m="48747" /><F116/><W86/><G133/><T22/><D76/><U89/><E118/><V123/><F123/><W32/><G2/><T10/><D10/><U24/><E75/><V44/><F44/><W78/><G78/><T30/><D42/><U55/><E4/><V127/><F127/><W9/><G9/><T60/><D50/><U59/><E41/><V82/><F82/><W61/><G128/><N who="0" m="49195" /><D60/><U102/><E39/><V117/><F117/><W104/><G61/><T25/><AGARI ba="0,0" hai="22,25,30,43,47,51,56,57,72,79,83" m="49195" machi="25" ten="30,1100,0" yaku="19,1" doraHai="66" who="0" fromWho="0" sc="327,11,213,-3,245,-5,215,-3" /><INIT seed="3,0,0,1,1,89" ten="338,210,240,212" oya="3" hai0="97,34,19,62,58,94,27,123,49,100,4,54,107" hai1="33,90,2,95,101,14,121,21,83,69,129,56,64" hai2="71,24,41,116,111,128,108,26,73,57,75,118,113" hai3="32,43,122,50,127,133,16,25,11,51,44,102,13"/><W124/><G122/><T98/><D123/><U12/><E121/><V59/><F41/><W80/><G133/><T109/><D109/><N who="2" m="42058" /><F71/><W39/><G102/><T66/><D4/><U68/><E33/><V28/><F113/><W114/><G114/><T134/><D134/><U47/><E2/><V65/><F128/><W61/><G61/><T84/><D84/><N who="1" m="50463" /><E68/><V106/><F106/><W88/><G32/><T103/><D19/><U85/><E69/><V31/><F65/><W63/><G63/><T110/><D110/><U7/><E7/><V92/><F92/><W72/><G25/><N who="2" m="9833" /><F59/><W70/><G70/><T23/><D34/><U91/><E129/><V6/><F57/><W130/><G130/><T3/><D58/><U37/><E37/><V79/><F6/><W99/><G72/><N who="2" m="27721" /><F79/><W17/><G17/><T120/><D62/><N who="1" m="37959" /><E47/><V1/><F1/><W30/><G30/><AGARI ba="0,0" hai="28,30,31,116,118" m="27721,9833,42058" machi="30" ten="40,5200,0" yaku="28,2,14,1" doraHai="89" who="2" fromWho="3" sc="338,0,210,0,240,52,212,-52" owari="338,43.8,210,-19.0,292,9.2,160,-34.0" /></mjloggm>