<mjloggm ver="2.3"><GO type="225" lobby="0"/><UN n0="%4B%2E%32%2E%4B%2E" n1="%E6%A1%9C%E8%8A%B1%E9%96%83%E3%80%85" n2="%E3%81%86%E3%83%BC%E3%81%B1%E3%83%BC" n3="%E8%81%B7%E6%A5%AD%E3%80%81%E9%A2%A8%32" dan="16,17,16,16" rate="2139.12,2123.95,2185.74,2161.70" sx="M,M,F,M"/><TAIKYOKU oya="0"/><INIT seed="0,0,0,5,4,50" ten="250,250,250,250" oya="0" hai0="106,1,126,22,69,81,42,58,85,102,16,131,113" hai1="135,66,97,100,26,125,12,14,18,31,129,111,90" hai2="89,109,116,86,96,44,20,7,112,88,133,92,15" hai3="5,9,104,68,94,2,78,49,21,34,6,65,33"/><T93/><D113/><U70/><E111/><V39/><F112/><W67/><G104/><T127/><D69/><U24/><E129/><V130/><F109/><W99/><G78/><T37/><D1/><U108/><E108/><V59/><F130/><W114/><G114/><T95/><D131/><U57/><E125/><N who="0" m="47625" /><D106/><U52/><E135/><V123/><F123/><W91/><G6/><T74/><D74/><U118/><E118/><V47/><F39/><W3/><G3/><T51/><D37/><U128/><E66/><V0/><F133/><W43/><G68/><T87/><D102/><U17/><E70/><V19/><F116/><W48/><G65/><T13/><D87/><U62/><E90/><V84/><F96/><W75/><G67/><T10/><D10/><N who="1" m="6295" /><E31/><V40/><F40/><W117/><G75/><T134/><D134/><U77/><E77/><V122/><F122/><W110/><G117/><T71/><D71/><U54/><E128/><V45/><F0/><W132/><G132/><T38/><D38/><U115/><E115/><V121/><F121/><W41/><G110/><T23/><D23/><N who="1" m="11735" /><E54/><V120/><F120/><W82/><G21/><T11/><D22/><U27/><E97/><V30/><F30/><W53/><G82/><T124/><N who="0" m="47633" /><T107/><DORA hai="105" /><D107/><U60/><E100/><V29/><F29/><W36/><G36/><T4/><D4/><U25/><E25/><V80/><F7/><W72/><G72/><T79/><D42/><N who="3" m="15881" /><G53/><AGARI ba="0,0" hai="11,13,16,51,53,58,79,81,85,93,95" m="47633" machi="53" ten="40,7700,0" yaku="18,1,52,1,54,1" doraHai="50,105" who="0" fromWho="3" sc="250,77,250,0,250,0,250,-77" /><INIT seed="0,1,0,1,5,17" ten="327,250,250,173" oya="0" hai0="10,74,9,28,7,115,63,23,91,90,83,133,34" hai1="22,48,109,26,84,35,66,60,119,76,3,80,0" hai2="71,92,58,25,67,38,103,99,131,106,8,134,32" hai3="87,62,93,49,118,2,6,108,85,94,44,95,40"/><T19/><D115/><U29/><E119/><V53/><F38/><W52/><G108/><T45/><D133/><U30/><E109/><V15/><F131/><W68/><G118/><T65/><D34/><U122/><E122/><V82/><F82/><W120/><G120/><T42/><D28/><U104/><E104/><V89/><F71/><W126/><G126/><T110/><D110/><U116/><E116/><V70/><F70/><W21/><G68/><T39/><D74/><U1/><E48/><V69/><F69/><W14/><G2/><T128/><D83/><U129/><E129/><V50/><F67/><W13/><G6/><T112/><D112/><U54/><E54/><V47/><F47/><W123/><G123/><T130/><D130/><U127/><E127/><V27/><F32/><W46/><G13/><T37/><D37/><U111/><E111/><V24/><F134/><W96/><G96/><T132/><D132/><U102/><E102/><V51/><F51/><N who="3" m="28775" /><G62/><T72/><D72/><U75/><E75/><V121/><F121/><W113/><G113/><T114/><D114/><U100/><E60/><V59/><F59/><W135/><G135/><T33/><D33/><U55/><E66/><V16/><F106/><W78/><G78/><T107/><D107/><U81/><E35/><V57/><F57/><W77/><G77/><T88/><D7/><U117/><E117/><V36/><F36/><W20/><G14/><N who="0" m="9719" /><D128/><U105/><E105/><V97/><F97/><W98/><G98/><T64/><D63/><U125/><E125/><V56/><F103/><W4/><G4/><RYUUKYOKU ba="1,0" sc="327,10,250,-30,250,10,173,10" hai0="9,10,39,42,45,64,65,88,90,91" hai2="8,15,16,24,25,27,50,53,56,58,89,92,99" hai3="20,21,40,46,49,85,87,93,94,95" /><INIT seed="0,2,0,2,4,45" ten="337,220,260,183" oya="0" hai0="111,52,108,11,95,112,69,5,65,84,34,6,127" hai1="2,46,121,120,58,131,118,123,90,74,79,28,14" hai2="93,13,128,55,30,20,57,71,100,51,56,38,12" hai3="59,130,33,72,15,96,68,50,4,26,47,27,119"/><T135/><D112/><U124/><E118/><V99/><F71/><W16/><G68/><T110/><D135/><U54/><E2/><V41/><F128/><W8/><G119/><T37/><D127/><U87/><E131/><V115/><F115/><W106/><G130/><T117/><D117/><U53/><E124/><V66/><F41/><N who="3" m="24943" /><G72/><T98/><D37/><U132/><E132/><V24/><F38/><W101/><G33/><T49/><D34/><U85/><E28/><V129/><F129/><W116/><G116/><T7/><D84/><U40/><E14/><V105/><F105/><W36/><G36/><T102/><D65/><U126/><E126/><V89/><F89/><W21/><G106/><T43/><D43/><U63/><E54/><V134/><F134/><W77/><G77/><T42/><D42/><U48/><REACH who="1" step="1"/><E90/><REACH who="1" ten="337,210,260,183" step="2"/><V19/><F19/><W80/><G80/><AGARI ba="2,1" hai="40,46,48,53,58,63,74,79,80,85,87,120,121,123" machi="80" ten="40,5200,0" yaku="1,1,2,1,52,1,53,0" doraHai="45" doraHaiUra="125" who="1" fromWho="3" sc="337,0,210,68,260,0,183,-58" /><INIT seed="1,0,0,0,2,63" ten="337,278,260,125" oya="1" hai0="60,93,30,88,37,84,97,96,24,11,52,8,51" hai1="116,29,119,5,109,3,43,99,81,98,58,55,70" hai2="18,129,120,33,39,69,115,77,31,67,113,127,0" hai3="104,85,132,56,15,72,19,48,117,130,82,27,111"/><U108/><E70/><V13/><F120/><W66/><G111/><N who="1" m="42570" /><E43/><V53/><F0/><W41/><G104/><T44/><D37/><U125/><E125/><V89/><F39/><W76/><G117/><N who="1" m="45130" /><E29/><V92/><F31/><W4/><G130/><T126/><D126/><U73/><E5/><V22/><F129/><W12/><G132/><T1/><D60/><N who="1" m="35935" /><E3/><V34/><F69/><W10/><G72/><T74/><D74/><U95/><E95/><V9/><F92/><W78/><G27/><T25/><D1/><U122/><E122/><V103/><F127/><W16/><G41/><T121/><D121/><U106/><E106/><V20/><F115/><W40/><G40/><T7/><D7/><U128/><E128/><V71/><F71/><W123/><G123/><T105/><D105/><U107/><E107/><V91/><F113/><W80/><G15/><T134/><D134/><U90/><E90/><V2/><F89/><W68/><G68/><T110/><D110/><U6/><E6/><V101/><F91/><W64/><G4/><T57/><D57/><U62/><E62/><V87/><F2/><W131/><G131/><T38/><D38/><U36/><E36/><V46/><F13/><W49/><G19/><T26/><D30/><U65/><E65/><N who="3" m="25194" /><G56/><T135/><D135/><U124/><E124/><V32/><F18/><W50/><G82/><T21/><D93/><U45/><E45/><V112/><F112/><W86/><G80/><T47/><D47/><U114/><E114/><V42/><F46/><W79/><AGARI ba="0,0" hai="10,12,16,48,49,50,76,78,79,85,86" m="25194" machi="79" ten="40,8000,1" yaku="8,1,52,3,54,1" doraHai="63" who="3" fromWho="3" sc="337,-20,278,-40,260,-20,125,80" /><INIT seed="2,0,0,4,0,60" ten="317,238,240,205" oya="2" hai0="67,47,2,95,12,58,55,65,20,66,118,1,98" hai1="78,22,16,54,23,19,62,126,93,124,73,110,127" hai2="102,81,106,96,8,91,6,125,97,123,130,77,29" hai3="87,113,43,4,51,28,131,117,34,35,83,116,134"/><V92/><F123/><W50/><G113/><T76/><D118/><U104/><E104/><V74/><F29/><W72/><G72/><T68/><D68/><U0/><E0/><V7/><F130/><W33/><G131/><T64/><D76/><U121/><E121/><V36/><F125/><W101/><G28/><T52/><D1/><U105/><E105/><V75/><F36/><W115/><G101/><N who="0" m="60639" /><D2/><U56/><E110/><V119/><F119/><W53/><G115/><T40/><D40/><U17/><REACH who="1" step="1"/><E93/><REACH who="1" ten="317,228,240,205" step="2"/><V108/><F108/><W61/><G116/><T88/><D12/><U135/><E135/><V111/><F111/><W13/><G134/><T71/><D71/><U32/><E32/><V129/><F129/><W84/><G117/><T21/><D21/><U85/><E85/><V18/><REACH who="2" step="1"/><F75/><REACH who="2" ten="317,228,230,205" step="2"/><W133/><G133/><T37/><D37/><U79/><E79/><V57/><F57/><N who="3" m="34991" /><G33/><T10/><D58/><U109/><E109/><V42/><F42/><W132/><G132/><T59/><D59/><U107/><E107/><V120/><F120/><W46/><G34/><T45/><D45/><U48/><E48/><V25/><F25/><W94/><G51/><T69/><D47/><U70/><E70/><V114/><F114/><W31/><G35/><T9/><D69/><U100/><E100/><V112/><F112/><W38/><G38/><T80/><D20/><U44/><E44/><V89/><F89/><N who="3" m="53543" /><G43/><T82/><D88/><U14/><E14/><AGARI ba="0,2" hai="6,7,8,14,18,74,77,81,91,92,96,97,102,106" machi="14" ten="40,2000,0" yaku="1,1,53,0" doraHai="60" doraHaiUra="30" who="2" fromWho="1" sc="317,0,228,-20,230,40,205,0" /><INIT seed="2,1,0,4,3,18" ten="317,208,270,205" oya="2" hai0="108,111,85,43,72,105,38,58,33,12,74,84,83" hai1="96,29,131,110,26,15,25,135,66,37,19,98,68" hai2="129,113,22,114,67,71,65,117,7,45,9,132,0" hai3="16,104,109,40,82,31,106,4,77,128,100,86,52"/><V6/><F117/><W36/><G109/><N who="0" m="42059" /><D33/><U91/><E110/><V3/><F132/><W1/><G128/><T78/><D105/><U88/><E37/><V51/><F129/><W63/><G100/><T126/><D126/><U95/><E131/><V49/><F45/><N who="3" m="23687" /><G31/><T102/><D102/><U122/><E135/><V56/><F56/><N who="3" m="35207" /><G86/><T60/><D12/><U89/><E122/><V93/><F9/><N who="3" m="2191" /><G16/><T112/><D84/><U62/><E96/><V120/><F93/><W10/><G10/><T90/><D90/><U34/><REACH who="1" step="1"/><E26/><REACH who="1" ten="317,198,270,205" step="2"/><V46/><F120/><W115/><G115/><T87/><D112/><U53/><E53/><V64/><F64/><W32/><G32/><T118/><D118/><U11/><AGARI ba="1,1" hai="11,15,19,25,29,34,62,66,68,88,89,91,95,98" machi="11" ten="20,5200,0" yaku="1,1,0,1,7,1,54,1,53,0" doraHai="18" doraHaiUra="121" who="1" fromWho="1" sc="317,-14,198,65,270,-27,205,-14" /><INIT seed="3,0,0,2,4,50" ten="303,263,243,191" oya="3" hai0="25,102,26,51,120,45,13,49,47,41,22,134,66" hai1="116,105,43,58,16,129,33,94,103,87,28,62,64" hai2="69,10,112,133,81,71,0,124,78,93,61,113,117" hai3="12,100,32,70,8,132,128,73,4,52,76,40,29"/><W110/><G128/><T123/><D134/><U9/><E129/><V101/><F117/><W88/><G132/><T75/><D75/><U15/><E116/><V30/><F133/><W56/><G70/><T79/><D79/><U2/><E105/><V74/><F124/><W14/><G110/><T3/><D3/><U18/><E2/><V130/><F130/><W107/><G107/><T90/><D102/><U95/><E43/><V65/><F71/><W122/><G122/><T84/><D66/><U27/><E103/><V42/><F42/><W24/><G100/><T108/><D108/><U53/><E87/><V54/><F30/><W59/><G40/><N who="0" m="24743" /><D123/><U91/><E91/><V39/><F39/><W37/><G37/><T68/><D68/><U77/><E77/><V85/><F54/><W127/><G127/><T23/><D120/><U57/><E18/><V99/><F74/><W80/><G88/><T35/><D35/><U44/><E44/><V115/><F0/><W5/><REACH who="3" step="1"/><G52/><REACH who="3" ten="303,263,243,181" step="2"/><T31/><D41/><U63/><AGARI ba="0,1" hai="9,15,16,27,28,33,53,57,58,62,63,64,94,95" machi="63" ten="20,5200,0" yaku="0,1,7,1,52,1,54,1" doraHai="50" who="1" fromWho="1" sc="303,-13,263,62,243,-13,181,-26" owari="290,9.0,325,42.5,230,-17.0,155,-34.5" /></mjloggm>