<mjloggm ver="2.3"><GO type="225" lobby="0"/><UN n0="%30%2E%31%32%30" n1="%E4%B8%89%E5%88%86%E5%B0%8F%E5%83%A7" n2="%E7%89%B9%E6%9D%B1%E3%81%AF%E4%B8%96%E7%95%8C%E3%82%92%E6%95%91%E3%81%86" n3="%E6%B4%BE%E9%81%A3%E3%81%AE%E3%82%B8%E3%83%A3%E3%83%83%E3%82%AF" dan="16,16,16,17" rate="2141.20,2081.04,2127.79,2177.66" sx="M,M,M,M"/><TAIKYOKU oya="0"/><INIT seed="0,0,0,4,1,36" ten="250,250,250,250" oya="0" hai0="101,72,83,69,77,134,80,113,108,47,6,133,24" hai1="10,103,79,58,95,17,23,65,82,35,43,59,94" hai2="131,123,15,5,44,16,66,18,115,21,122,4,110" hai3="81,53,91,93,11,64,61,30,109,97,71,27,120"/><T63/><D6/><N who="2" m="2666" /><F44/><W105/><G109/><T87/><D24/><U107/><E35/><V129/><F66/><W46/><G120/><N who="2" m="46121" /><F115/><W100/><G11/><T70/><D113/><U0/><E107/><V49/><F49/><W42/><G53/><T51/><D108/><U111/><E111/><V121/><N who="2" m="46129" /><V73/><DORA hai="33" /><F73/><W124/><G124/><T128/><D63/><U22/><E0/><V41/><F41/><W106/><G81/><T104/><D128/><N who="2" m="49226" /><F110/><W32/><REACH who="3" step="1"/><G100/><REACH who="3" ten="250,250,250,240" step="2"/><T89/><D101/><U3/><E103/><V9/><F21/><W92/><G92/><T75/><D75/><U98/><E95/><V29/><F29/><W88/><G88/><T38/><D80/><U99/><E94/><V117/><F117/><W34/><G34/><T48/><D89/><U52/><E23/><V57/><F57/><W60/><G60/><T39/><D72/><U37/><E22/><V135/><F135/><N who="0" m="51722" /><D70/><U118/><E118/><V116/><F116/><W45/><G45/><T13/><D69/><U84/><E59/><V31/><F31/><W1/><G1/><T40/><D104/><U119/><E3/><V102/><F102/><W68/><G68/><T130/><D130/><U50/><E58/><V12/><F9/><W7/><G7/><T25/><D83/><U62/><E82/><V55/><F55/><W85/><G85/><T19/><D87/><U126/><E84/><V76/><F76/><W56/><G56/><T74/><D77/><U2/><E79/><V78/><F78/><W14/><G14/><AGARI ba="0,1" hai="12,14,15,16,18" m="49226,46129,2666" machi="14" ten="50,12000,2" yaku="28,2,19,1,34,2,54,1" doraHai="36,33" who="2" fromWho="3" sc="250,0,250,0,250,130,240,-120" /><INIT seed="1,0,0,5,2,87" ten="250,250,380,120" oya="1" hai0="104,30,6,89,119,5,11,66,113,0,115,105,33" hai1="61,98,1,15,125,31,48,28,38,40,103,99,131" hai2="21,91,57,62,67,94,129,60,59,55,77,88,69" hai3="114,107,108,93,122,124,8,90,24,85,7,63,79"/><U47/><E1/><V126/><F129/><W84/><G122/><T16/><D119/><U44/><E125/><V10/><F126/><W64/><G124/><T76/><D76/><U73/><E131/><V111/><F111/><W39/><G108/><T2/><D66/><U35/><E73/><V20/><F77/><W95/><G114/><T117/><D117/><U50/><E38/><V112/><F112/><W83/><G107/><T116/><D116/><U19/><E61/><V134/><F134/><W26/><G95/><T130/><D130/><U25/><E31/><V22/><F69/><W74/><G39/><T45/><D45/><U18/><E15/><V75/><F75/><W4/><G74/><T53/><D30/><U97/><REACH who="1" step="1"/><E103/><REACH who="1" ten="250,240,380,120" step="2"/><V120/><F120/><W17/><G17/><T23/><D0/><U41/><AGARI ba="0,1" hai="18,19,25,28,35,40,41,44,47,48,50,97,98,99" machi="41" ten="30,11700,0" yaku="1,1,2,1,0,1,9,1,53,0" doraHai="87" doraHaiUra="56" who="1" fromWho="1" sc="250,-39,240,127,380,-39,120,-39" /><INIT seed="1,1,0,1,1,37" ten="211,367,341,81" oya="1" hai0="133,21,71,86,42,26,112,90,75,68,60,79,98" hai1="11,109,114,53,119,83,22,103,73,16,116,13,95" hai2="67,104,132,62,135,58,88,131,18,92,108,9,4" hai3="56,102,72,69,35,43,106,76,120,99,15,97,29"/><U44/><E114/><V130/><F104/><W1/><G120/><T48/><D112/><U10/><E103/><V122/><F108/><W80/><G69/><T118/><D118/><U64/><E64/><V87/><F18/><W19/><G1/><T82/><D133/><U89/><E109/><V3/><REACH who="2" step="1"/><F122/><REACH who="2" ten="211,367,331,81" step="2"/><W28/><G99/><T105/><D105/><U23/><E119/><V8/><F8/><W111/><G111/><T123/><D123/><U94/><E116/><V134/><AGARI ba="1,1" hai="3,4,9,58,62,67,87,88,92,130,131,132,134,135" machi="134" ten="40,8000,1" yaku="1,1,0,1,20,1,54,1,53,0" doraHai="37" doraHaiUra="38" who="2" fromWho="2" sc="211,-21,367,-41,331,93,81,-21" /><INIT seed="2,0,0,3,5,74" ten="190,326,424,60" oya="2" hai0="5,134,12,16,61,120,93,116,70,45,72,46,43" hai1="17,35,127,130,102,81,109,94,129,92,54,11,105" hai2="28,26,10,67,112,96,51,19,101,80,71,123,110" hai3="84,7,135,39,18,64,20,98,66,36,85,24,87"/><V104/><F112/><W125/><G125/><T33/><D116/><U27/><E127/><V56/><F123/><W131/><G131/><N who="1" m="50186" /><E109/><V30/><F71/><W115/><G115/><T9/><D120/><U75/><E105/><V113/><F113/><W79/><G135/><T21/><D134/><U133/><E133/><V49/><F110/><W62/><G98/><T108/><D108/><U15/><E102/><V111/><F111/><W76/><G7/><T114/><D114/><U90/><E54/><V122/><F28/><W55/><G55/><T103/><D72/><U121/><E121/><V107/><F107/><W86/><N who="3" m="21504" /><DORA hai="117" /><W50/><G50/><T13/><D33/><U124/><E90/><V126/><F80/><W99/><G99/><N who="0" m="59887" /><D70/><U38/><E38/><V25/><F122/><W106/><G106/><T58/><D43/><U78/><E124/><V83/><F83/><W77/><REACH who="3" step="1"/><G64/><AGARI ba="0,0" hai="5,9,12,13,16,21,45,46,58,61,64" m="59887" machi="64" ten="30,2000,0" yaku="8,1,54,1" doraHai="74,117" who="0" fromWho="3" sc="190,20,326,0,424,0,60,-20" /><INIT seed="3,0,0,0,3,89" ten="210,326,424,40" oya="3" hai0="81,61,101,48,64,68,1,114,132,91,56,9,7" hai1="71,112,44,111,21,36,11,26,31,16,133,126,130" hai2="38,5,80,30,39,100,18,124,76,87,115,122,120" hai3="59,105,42,73,35,103,72,32,57,97,83,43,22"/><W15/><G15/><T66/><D132/><U24/><E112/><V96/><F115/><W116/><G116/><T119/><D119/><U85/><E133/><V94/><F124/><W8/><G8/><T49/><D114/><U29/><E71/><V45/><F5/><W37/><G22/><T127/><D127/><U46/><E126/><V17/><F30/><W41/><G37/><N who="2" m="13833" /><F45/><W65/><G83/><T117/><D117/><U95/><E111/><V135/><F135/><W74/><REACH who="3" step="1"/><G65/><REACH who="3" ten="210,326,424,30" step="2"/><T98/><D66/><U125/><E125/><V13/><F13/><W106/><G106/><T107/><D68/><U0/><E0/><V77/><F80/><W40/><N who="3" m="10240" /><DORA hai="53" /><W14/><G14/><T6/><D6/><U47/><E11/><V58/><F122/><W19/><G19/><T4/><D4/><U82/><E36/><V27/><F17/><W75/><N who="3" m="18432" /><DORA hai="93" /><W52/><G52/><T109/><D109/><U134/><E134/><V104/><F18/><W60/><G60/><T51/><D81/><U108/><E108/><V10/><F10/><W129/><G129/><T54/><D64/><U78/><E16/><V102/><F120/><W3/><G3/><T128/><D128/><U99/><E130/><V63/><F104/><W34/><AGARI ba="0,1" hai="32,34,35,57,59,97,103,105" m="18432,10240" machi="34" ten="80,24000,3" yaku="1,1,0,1,29,2,52,3,53,2" doraHai="89,53,93" doraHaiUra="55,2,123" who="3" fromWho="3" sc="210,-80,326,-80,424,-80,30,250" /><INIT seed="3,1,0,5,5,122" ten="130,246,344,280" oya="3" hai0="124,133,54,126,99,42,20,81,116,135,100,88,49" hai1="19,71,104,16,23,125,66,68,31,14,117,72,103" hai2="69,10,34,119,44,110,92,106,112,48,18,132,5" hai3="74,82,113,15,105,0,62,2,45,128,114,61,32"/><W91/><G105/><N who="0" m="63647" /><D20/><U1/><E1/><V90/><F110/><W28/><G128/><T120/><D42/><U59/><E72/><V77/><F69/><W73/><G15/><T4/><D4/><U60/><E125/><N who="0" m="48233" /><D54/><U52/><E117/><V30/><F106/><W53/><G28/><T118/><D49/><U33/><E103/><V115/><F119/><N who="0" m="45610" /><D120/><U8/><E104/><V97/><F18/><W57/><G32/><T70/><D70/><U109/><E33/><V51/><F51/><W67/><G45/><T17/><D17/><U63/><E31/><V37/><F37/><W111/><G53/><T131/><D81/><U123/><E123/><V64/><F44/><W55/><G55/><T85/><D85/><U80/><E80/><V26/><F10/><W38/><G82/><T6/><D6/><U102/><E71/><V98/><F5/><W93/><G38/><T87/><D87/><U21/><E21/><V12/><F12/><W107/><G57/><T11/><D11/><U35/><E35/><V65/><F26/><W39/><G39/><T22/><D22/><U41/><E41/><V89/><F30/><W76/><G67/><T78/><D78/><U36/><E36/><V101/><F64/><W134/><G76/><T84/><D84/><U13/><E8/><V50/><F65/><W86/><G86/><T95/><D131/><U127/><E127/><V108/><F34/><W79/><G79/><T130/><D130/><U43/><E43/><V96/><F77/><W58/><G0/><T46/><D46/><U56/><E23/><V129/><F129/><RYUUKYOKU ba="1,0" sc="130,30,246,-10,344,-10,280,-10" hai0="88,95,133,135" owari="160,-34.0,236,-16.4,334,43.4,270,7.0" /></mjloggm>