<mjloggm ver="2.3"><GO type="225" lobby="0"/><UN n0="%E3%81%BF%E3%81%BF%E3%81%9A" n1="%E5%8D%8D%E6%B1%A0%E8%A2%8B%E6%9C%80%E5%BC%B7%E5%8D%8D" n2="%4B%2E%32%2E%4B%2E" n3="%E3%81%95%E3%81%8D%E3%81%9F%E3%81%BE%E6%9E%97%E6%AA%8E" dan="18,16,17,16" rate="2235.43,2142.70,2212.78,2063.64" sx="M,M,M,M"/><TAIKYOKU oya="0"/><INIT seed="0,0,0,4,5,129" ten="250,250,250,250" oya="0" hai0="41,15,22,17,113,4,111,2,23,131,10,103,109" hai1="108,18,99,38,82,79,67,14,116,128,61,29,35" hai2="71,130,93,119,33,16,31,100,57,5,132,106,98" hai3="83,25,65,84,46,66,62,47,125,42,52,21,43"/><T19/><D41/><N who="3" m="15369" /><G125/><T11/><D103/><U56/><E116/><V39/><F130/><W27/><G27/><N who="0" m="14799" /><D131/><U13/><E108/><N who="0" m="41545" /><D10/><U81/><E38/><V32/><F39/><W1/><G1/><T12/><D113/><U75/><E82/><V96/><F71/><W7/><G7/><T92/><D92/><U78/><E78/><V37/><F93/><W55/><G62/><T8/><D8/><U48/><E35/><V68/><F100/><W26/><G26/><AGARI ba="0,0" hai="2,4,11,12,15,19,23,26" m="41545,14799" machi="26" ten="30,11600,0" yaku="14,1,10,1,34,2" doraHai="129" who="0" fromWho="3" sc="250,116,250,0,250,0,250,-116" /><INIT seed="0,1,0,1,1,75" ten="366,250,250,134" oya="0" hai0="101,68,105,11,46,53,71,91,27,119,64,128,54" hai1="16,132,104,57,10,29,90,15,20,122,95,8,25" hai2="126,49,77,4,69,38,79,109,99,111,5,86,114" hai3="67,97,59,42,96,112,56,89,1,110,30,50,72"/><T63/><D119/><U34/><E104/><V22/><F38/><W98/><G110/><N who="2" m="41993" /><F114/><W2/><G112/><T31/><D128/><U107/><E107/><V3/><F69/><W14/><G72/><T26/><D26/><U81/><E132/><V55/><F126/><W40/><G30/><T125/><D125/><U87/><E122/><V24/><F99/><W88/><G67/><T117/><D71/><U134/><E134/><V78/><F86/><W58/><G14/><T129/><D129/><U80/><E57/><N who="2" m="33007" /><F3/><N who="3" m="1035" /><G50/><T123/><D117/><U6/><REACH who="1" step="1"/><E8/><REACH who="1" ten="366,240,250,134" step="2"/><V133/><F133/><W28/><G28/><AGARI ba="1,1" hai="4,5,22,24,28,77,78,79" m="33007,41993" machi="28" ten="30,7700,0" yaku="14,1,52,3" doraHai="75" who="2" fromWho="3" sc="366,0,240,0,250,90,134,-80" /><INIT seed="1,0,0,1,2,77" ten="366,240,340,54" oya="1" hai0="51,97,35,79,106,62,120,108,58,88,65,61,87" hai1="52,41,135,74,0,103,16,2,43,21,45,86,96" hai2="37,54,38,101,24,18,69,121,15,98,91,70,67" hai3="28,76,134,47,90,89,4,133,116,32,110,73,14"/><U112/><E74/><V119/><F121/><W5/><G32/><T11/><D35/><U123/><E123/><V129/><F119/><W22/><G110/><T53/><D108/><U107/><E112/><V82/><F129/><W50/><G116/><T17/><D120/><U30/><E30/><V83/><F24/><W126/><G126/><T33/><D33/><U92/><E135/><N who="3" m="51722" /><G28/><T31/><D31/><U7/><E7/><N who="3" m="2634" /><G76/><T132/><D132/><U34/><E34/><V8/><F54/><N who="3" m="30047" /><G73/><T68/><D79/><U26/><E2/><V115/><F115/><W44/><G44/><T56/><D17/><AGARI ba="0,0" hai="14,17,22,89,90" m="30047,2634,51722" machi="17" ten="30,1000,0" yaku="20,1" doraHai="77" who="3" fromWho="0" sc="366,-10,240,0,340,0,54,10" /><INIT seed="2,0,0,2,5,41" ten="356,240,340,64" oya="2" hai0="110,127,135,63,64,25,4,23,76,126,102,133,130" hai1="58,79,55,61,105,83,131,108,56,84,45,59,118" hai2="50,39,78,73,80,60,75,24,14,111,8,121,81" hai3="113,74,122,93,51,42,40,69,90,62,129,35,114"/><V16/><F121/><W116/><G74/><T87/><D102/><U33/><E118/><V97/><F39/><W49/><G116/><T20/><D4/><U19/><E131/><V96/><F111/><W86/><G35/><T0/><D0/><U117/><E117/><V1/><F1/><W103/><G122/><T21/><D25/><U107/><E108/><V9/><F9/><W3/><G3/><T88/><D76/><U94/><E33/><V6/><F60/><W2/><G2/><T11/><D11/><U32/><E32/><V30/><F50/><W89/><G103/><T71/><D130/><U46/><E107/><V91/><F6/><W31/><G31/><T5/><D5/><U65/><E105/><V54/><F54/><W12/><G12/><T57/><D71/><U98/><E19/><V128/><F128/><W119/><G119/><T26/><D26/><U36/><E36/><V125/><F125/><N who="0" m="47626" /><D110/><U13/><E13/><V48/><F48/><W43/><G129/><T22/><N who="0" m="5120" /><DORA hai="95" /><T10/><D10/><U115/><E115/><V120/><F120/><W123/><G123/><T85/><D85/><U53/><E65/><V134/><F24/><W104/><G104/><T18/><D18/><U38/><E38/><V112/><F30/><W27/><G27/><T7/><D7/><U109/><E109/><V70/><F70/><W28/><G28/><T15/><D15/><U82/><E79/><N who="2" m="44143" /><F91/><W124/><G124/><T47/><D47/><N who="1" m="17931" /><E61/><V68/><F78/><W100/><G100/><T72/><D72/><U132/><E56/><V99/><F14/><RYUUKYOKU ba="0,0" sc="356,30,240,-10,340,-10,64,-10" hai0="57,63,64,87,88,133,135" /><INIT seed="3,1,0,1,0,4" ten="386,230,330,54" oya="3" hai0="30,49,37,80,33,25,56,26,86,103,22,93,28" hai1="54,47,113,55,111,38,19,88,85,129,92,39,13" hai2="123,67,20,101,6,61,100,23,128,106,66,1,0" hai3="64,45,12,3,132,94,75,58,9,60,36,21,15"/><W134/><G75/><T68/><D37/><U78/><E129/><V112/><F128/><W5/><G94/><T42/><D68/><U87/><E113/><V8/><F112/><W14/><REACH who="3" step="1"/><G21/><REACH who="3" ten="386,230,330,44" step="2"/><T115/><D93/><U125/><E125/><V18/><F23/><W65/><G65/><T51/><D115/><U46/><E111/><V99/><F67/><W32/><G32/><T52/><D33/><U57/><E39/><V116/><F66/><W91/><G91/><N who="0" m="51655" /><D103/><U35/><E35/><V17/><F20/><W43/><AGARI ba="1,1" hai="3,5,9,12,14,15,36,43,45,58,60,64,132,134" machi="43" ten="30,18000,2" yaku="1,1,0,1,52,1,53,3" doraHai="4" doraHaiUra="10" who="3" fromWho="3" sc="386,-61,230,-61,330,-61,44,193" /><INIT seed="3,2,0,1,5,17" ten="325,169,269,237" oya="3" hai0="107,20,127,86,123,98,1,48,67,50,44,111,34" hai1="55,77,91,61,46,16,118,25,119,116,128,35,32" hai2="72,53,70,9,80,102,73,94,47,29,8,78,3" hai3="36,125,99,104,22,131,37,33,133,84,76,132,122"/><W57/><G122/><T109/><D34/><U2/><E128/><V58/><F70/><W52/><G33/><T18/><D123/><U68/><E2/><V71/><F71/><W4/><G4/><T51/><D1/><U13/><E77/><V117/><F117/><W88/><G76/><T134/><D67/><U63/><E91/><V113/><F73/><W90/><G131/><T105/><D127/><U6/><E6/><V106/><F106/><N who="0" m="40458" /><D98/><U83/><E83/><V45/><F113/><W19/><G125/><T31/><D31/><U115/><E115/><V92/><F29/><W75/><G75/><T28/><D28/><U0/><E25/><V121/><F92/><N who="3" m="56711" /><G104/><T110/><D86/><U41/><E0/><V23/><F121/><W54/><G54/><N who="0" m="29959" /><D134/><N who="3" m="51817" /><G90/><T93/><D93/><U60/><E55/><V14/><F3/><W39/><G84/><T5/><D5/><U64/><E64/><V10/><F94/><W59/><G52/><T112/><D112/><U56/><E56/><V126/><F102/><W96/><G96/><T69/><D69/><U81/><E81/><V40/><F40/><W74/><G74/><T12/><AGARI ba="2,0" hai="12,18,20,50,51,109,110,111" m="29959,40458" machi="12" ten="40,2700,0" yaku="14,1,52,1" doraHai="17" who="0" fromWho="0" sc="325,33,169,-9,269,-9,237,-15" owari="358,45.8,160,-34.0,260,6.0,222,-17.8" /></mjloggm>