<mjloggm ver="2.3"><GO type="225" lobby="0"/><UN n0="%E3%81%82%E3%81%99%E3%81%AB%E3%82%83%E3%82%80" n1="%E6%80%AA%E3%81%97%E3%81%99%E3%81%8E%E3%82%8B%E3%83%81%E3%83%BC" n2="%E3%81%AF%E3%82%88%E3%81%8A%E3%81%98%E3%81%95%E3%82%93" n3="%73%61%6E%64%69%72%69%73" dan="16,16,17,16" rate="2177.16,2143.21,2206.24,2117.53" sx="F,M,M,M"/><TAIKYOKU oya="0"/><INIT seed="0,0,0,2,4,110" ten="250,250,250,250" oya="0" hai0="95,103,57,120,35,42,43,87,23,55,129,14,117" hai1="75,132,115,123,30,58,0,121,122,108,133,15,29" hai2="19,49,99,21,89,3,25,100,44,76,48,81,34" hai3="93,39,96,73,2,71,112,45,32,127,97,38,77"/><T7/><D35/><U106/><E75/><V92/><F3/><W101/><G71/><T37/><D117/><U113/><E106/><V130/><F130/><W74/><G2/><T4/><D120/><U1/><E58/><V6/><F6/><W9/><G9/><T27/><D129/><U50/><E50/><V94/><F34/><W51/><G127/><T56/><D56/><U119/><E15/><V124/><F124/><W24/><G97/><N who="0" m="59839" /><D87/><U33/><E108/><V53/><F49/><W126/><G112/><N who="1" m="43082" /><E119/><V68/><F68/><W104/><G104/><T85/><D85/><U64/><E64/><V17/><F81/><W70/><G70/><T63/><D37/><U82/><E82/><V47/><F76/><W61/><G77/><T83/><D83/><U11/><E1/><V69/><F69/><W107/><G107/><T135/><D14/><U10/><E11/><V54/><F47/><W12/><G12/><T90/><D42/><U59/><E59/><V31/><REACH who="2" step="1"/><F54/><REACH who="2" ten="250,250,240,250" step="2"/><W22/><G126/><T60/><D55/><U78/><E78/><V86/><AGARI ba="0,1" hai="17,19,21,25,31,44,48,53,86,89,92,94,99,100" machi="86" ten="20,8000,1" yaku="1,1,2,1,0,1,7,1,8,1,53,0" doraHai="110" doraHaiUra="102" who="2" fromWho="2" sc="250,-40,250,-20,240,90,250,-20" /><INIT seed="1,0,0,0,2,115" ten="210,230,330,230" oya="1" hai0="58,64,52,44,112,68,3,69,109,85,2,108,76" hai1="130,13,127,48,125,89,120,50,97,36,110,27,87" hai2="124,70,122,114,129,25,93,77,91,6,67,15,80" hai3="61,105,47,119,83,78,63,132,26,57,43,56,23"/><U123/><E36/><V118/><F118/><W95/><G105/><T121/><D3/><U39/><E39/><V19/><F122/><N who="1" m="46633" /><E97/><V74/><F114/><W51/><G119/><T11/><D121/><U31/><E13/><V37/><F37/><W59/><G132/><T29/><D29/><U94/><E130/><V73/><F74/><W81/><G95/><T17/><D112/><U126/><E110/><N who="0" m="42601" /><D44/><U106/><E106/><V99/><F129/><W28/><REACH who="3" step="1"/><G83/><REACH who="3" ten="210,230,330,220" step="2"/><N who="0" m="47335" /><D64/><U49/><E49/><V35/><F67/><W111/><G111/><T92/><D92/><U24/><E24/><V53/><F25/><W9/><G9/><T18/><D2/><U116/><E116/><V40/><F93/><W8/><G8/><T104/><D104/><U38/><E38/><V71/><F80/><W96/><G96/><T79/><D11/><U14/><E14/><V135/><F15/><W10/><G10/><T133/><D133/><U101/><E101/><V21/><F99/><W20/><G20/><AGARI ba="0,1" hai="20,27,31,48,50,87,89,94,125,126,127" m="46633" machi="20" ten="40,2000,0" yaku="18,1" doraHai="115" who="1" fromWho="3" sc="210,0,230,30,330,0,220,-20" /><INIT seed="1,1,0,3,1,71" ten="210,260,330,200" oya="1" hai0="18,59,5,38,86,101,126,103,66,6,40,49,74" hai1="98,106,97,50,67,57,115,105,70,104,32,22,127" hai2="83,42,60,85,10,36,41,45,29,47,2,119,20" hai3="113,61,93,52,39,15,130,121,73,84,99,33,82"/><U131/><E32/><V133/><F119/><W92/><G121/><T24/><D74/><U19/><E115/><V16/><F133/><W53/><G113/><T58/><D126/><U95/><E127/><V120/><F120/><W102/><G33/><T26/><D66/><U112/><E131/><V96/><F96/><W89/><G130/><T110/><D86/><U134/><E134/><V72/><F60/><W11/><G39/><T4/><D110/><U56/><E112/><V21/><F29/><W9/><G73/><T88/><D88/><U64/><E98/><V44/><F21/><W35/><G35/><T77/><D77/><U27/><E64/><V94/><F94/><W124/><G124/><T78/><D78/><U116/><E116/><V28/><F28/><W122/><G122/><T75/><D75/><U1/><E1/><V128/><F128/><W30/><G30/><T25/><D18/><U118/><E118/><V79/><F85/><N who="3" m="52271" /><G61/><T125/><D125/><U12/><E70/><V108/><F108/><W100/><G100/><N who="0" m="38475" /><D38/><U13/><E67/><V7/><F42/><W132/><G132/><T111/><D111/><U62/><E62/><V14/><AGARI ba="1,0" hai="2,7,10,14,16,20,36,41,44,45,47,72,79,83" machi="14" ten="20,12000,2" yaku="0,1,7,1,25,2,52,1,54,1" doraHai="71" who="2" fromWho="2" sc="210,-31,260,-61,330,123,200,-31" /><INIT seed="2,0,0,4,5,7" ten="179,199,453,169" oya="2" hai0="130,86,73,104,33,57,78,114,5,70,2,46,74" hai1="75,107,59,18,118,81,71,68,25,99,40,45,32" hai2="51,12,123,105,112,122,17,21,58,3,49,54,134" hai3="11,124,61,36,115,101,95,0,127,63,131,89,100"/><V111/><F3/><W8/><G0/><T91/><D70/><U117/><E59/><V92/><F105/><W79/><G36/><T72/><D114/><U38/><E18/><V35/><F35/><W94/><G79/><T77/><D33/><U31/><E81/><V87/><F112/><W19/><G115/><T24/><D104/><U37/><E37/><V15/><F134/><W76/><G76/><T120/><D120/><U62/><E75/><V80/><F111/><W56/><G19/><T47/><D130/><U108/><E108/><V119/><F119/><N who="1" m="45577" /><E62/><V1/><F1/><W53/><G131/><T28/><D57/><U41/><E41/><V103/><F12/><W26/><G26/><T98/><D98/><U52/><E52/><V83/><F51/><W64/><G64/><T113/><D113/><U128/><E128/><V13/><F15/><W110/><G110/><T67/><D67/><U84/><E84/><V27/><F27/><W66/><G66/><T125/><D125/><N who="3" m="48201" /><G63/><T39/><D39/><U6/><E6/><V129/><F129/><W132/><G132/><T9/><D77/><U60/><E60/><V29/><F29/><W22/><G22/><N who="0" m="15383" /><D78/><U97/><E97/><V50/><F50/><W10/><G95/><T88/><D86/><AGARI ba="0,0" hai="8,10,11,53,56,61,86,89,94,100,101" m="48201" machi="86" ten="30,7700,0" yaku="18,1,52,3" doraHai="7" who="3" fromWho="0" sc="179,-77,199,0,453,0,169,77" /><INIT seed="3,0,0,1,3,19" ten="102,199,453,246" oya="3" hai0="7,57,66,96,122,62,29,92,124,117,45,110,68" hai1="54,99,100,116,135,27,86,52,8,55,85,36,88" hai2="13,32,84,2,24,15,80,31,77,35,118,81,97" hai3="39,120,105,0,126,94,16,34,83,101,26,103,123"/><W56/><G39/><T47/><D110/><U125/><E36/><V58/><F118/><W107/><G0/><T48/><D117/><U41/><E125/><V113/><F113/><W114/><G56/><T111/><D124/><U121/><E135/><V11/><F35/><W20/><G34/><T38/><D111/><U49/><E121/><V30/><F31/><W10/><G114/><T106/><D106/><U112/><E112/><V104/><F58/><W6/><G83/><T59/><D7/><U14/><E27/><V82/><F13/><W102/><G126/><T65/><D29/><U131/><E131/><V51/><F51/><W46/><G46/><T1/><D1/><U75/><E75/><V40/><F40/><W89/><G107/><T90/><D122/><U73/><E73/><V21/><F32/><W98/><G105/><T76/><D76/><U72/><E72/><V69/><F69/><W132/><G132/><T50/><D90/><U78/><E86/><V119/><F2/><W95/><G95/><T128/><D128/><U87/><E87/><V93/><F104/><W4/><G4/><T70/><D96/><U130/><E88/><N who="2" m="55463" /><F119/><W109/><G109/><T28/><D28/><U134/><E78/><V61/><F61/><W79/><G79/><T71/><D92/><U44/><E116/><V18/><AGARI ba="0,0" hai="11,15,18,21,24,30,77,80,81,82,84" m="55463" machi="18" ten="30,4000,0" yaku="8,1,52,1,54,1" doraHai="19" who="2" fromWho="2" sc="102,-10,199,-10,453,40,246,-20" owari="92,-40.8,189,-21.1,493,59.3,226,2.6" /></mjloggm>