<mjloggm ver="2.3"><GO type="225" lobby="0"/><UN n0="%E5%8D%A0%E3%81%84%E5%B8%AB%E8%A3%8F%E3%81%AA%E3%81%84%E3%81%97" n1="%E3%81%8B%E3%82%8F%E3%81%A1%E3%82%83%E3%82%93%35%38" n2="%72%69%6F%75%63%68%61%6E" n3="%E9%B3%B3%E6%9D%B1%E3%81%AE%E3%81%86%E3%81%95%E3%81%8E%E3%81%95%E3%82%93" dan="17,17,16,17" rate="2171.39,2217.30,2243.06,2237.96" sx="M,M,M,M"/><TAIKYOKU oya="0"/><INIT seed="0,0,0,2,2,65" ten="250,250,250,250" oya="0" hai0="110,75,28,41,67,1,86,73,58,50,7,106,111" hai1="42,0,113,38,13,105,82,123,34,79,64,17,128" hai2="131,51,5,47,114,108,26,14,22,4,35,85,109" hai3="122,52,53,81,132,103,74,133,134,27,95,70,99"/><T69/><D106/><U89/><E123/><V32/><F114/><W116/><G116/><T57/><D28/><U54/><E0/><V3/><F131/><W135/><N who="3" m="33792" /><DORA hai="10" /><W21/><G122/><T49/><D7/><N who="2" m="2634" /><F3/><W115/><G115/><T91/><D1/><U104/><E34/><V30/><F85/><W11/><G11/><T84/><D67/><U107/><E128/><V124/><F124/><W43/><G43/><T96/><D41/><U80/><E113/><V71/><F71/><W44/><G70/><T130/><D130/><U125/><E125/><V117/><F117/><W15/><G44/><T45/><D45/><U127/><E127/><V56/><F56/><N who="0" m="21610" /><D96/><U31/><E31/><V36/><F36/><W121/><G27/><T60/><D91/><U23/><E64/><V66/><F66/><W39/><G39/><T18/><D18/><U76/><E89/><V100/><F100/><W40/><G40/><T129/><D60/><U88/><E88/><V24/><F51/><N who="0" m="19466" /><D69/><U16/><E42/><V126/><F47/><W120/><G120/><T19/><D19/><U83/><E38/><V72/><F126/><W94/><G121/><T102/><D102/><U97/><E97/><V25/><F30/><W8/><G53/><T90/><D90/><U68/><E68/><V87/><F32/><W12/><G52/><T20/><D20/><N who="1" m="11279" /><E54/><V112/><F35/><W78/><G21/><T98/><D98/><U63/><E63/><V118/><F112/><W29/><G29/><T33/><D33/><U2/><E2/><V48/><F118/><W55/><G103/><RYUUKYOKU ba="0,0" sc="250,-10,250,30,250,-10,250,-10" hai1="17,23,76,79,80,82,83,104,105,107" /><INIT seed="1,1,0,5,3,13" ten="240,280,240,240" oya="1" hai0="134,66,54,116,72,40,106,115,105,61,59,76,123" hai1="70,84,90,35,108,74,85,110,22,73,53,46,69" hai2="127,4,52,104,33,93,14,27,1,28,81,67,6" hai3="0,95,126,37,92,34,124,24,50,133,51,98,130"/><U91/><E46/><V65/><F104/><W97/><G0/><T21/><D115/><U62/><E62/><V131/><F127/><N who="3" m="48683" /><G130/><T49/><D116/><U121/><E121/><V36/><F131/><W32/><G37/><T111/><D123/><U101/><E101/><V15/><F36/><W47/><G133/><T122/><D111/><N who="1" m="42539" /><E53/><V10/><F81/><W113/><G113/><T31/><D134/><U26/><E35/><V99/><F52/><N who="3" m="29791" /><G51/><T128/><D40/><U55/><E55/><V2/><F2/><W135/><G135/><T45/><D122/><U18/><E85/><V86/><F86/><W19/><G34/><T114/><D114/><U38/><E90/><V68/><F4/><W71/><G71/><N who="1" m="27146" /><E38/><V112/><F112/><W103/><G32/><T42/><D128/><U43/><E43/><V83/><F83/><AGARI ba="1,0" hai="18,22,26,73,74,83,84,91" m="27146,42539" machi="83" ten="30,5800,0" yaku="14,1,10,1,52,1" doraHai="13" who="1" fromWho="2" sc="240,0,280,61,240,-61,240,0" /><INIT seed="1,2,0,2,2,82" ten="240,341,179,240" oya="1" hai0="117,88,24,83,133,11,115,21,55,17,10,75,85" hai1="18,36,121,59,60,94,79,74,93,26,134,96,50" hai2="20,63,6,110,28,81,80,97,95,68,19,132,67" hai3="15,29,54,32,89,125,30,91,100,103,112,57,44"/><U47/><E121/><V78/><F132/><W104/><G125/><T111/><D115/><U31/><E36/><V3/><F110/><W52/><G112/><T127/><D117/><U22/><E134/><V128/><F128/><W40/><G15/><T7/><D133/><U16/><E79/><V9/><F28/><N who="3" m="10859" /><G104/><T43/><D111/><U39/><E74/><V99/><F95/><W130/><G32/><T51/><D75/><U92/><E39/><V118/><F118/><W56/><G44/><T72/><D127/><U1/><E1/><V34/><F34/><W101/><G40/><T45/><D72/><U62/><E96/><V14/><REACH who="2" step="1"/><F81/><REACH who="2" ten="240,341,169,240" step="2"/><W66/><G130/><T49/><D7/><U107/><E107/><V76/><F76/><W106/><G106/><T23/><D23/><U71/><E71/><V46/><F46/><AGARI ba="2,1" hai="10,11,17,21,24,43,45,46,49,51,55,83,85,88" machi="46" ten="30,7700,0" yaku="7,1,8,1,52,1,54,1" doraHai="82" who="0" fromWho="2" sc="240,93,341,0,169,-83,240,0" /><INIT seed="2,0,0,0,0,33" ten="333,341,86,240" oya="2" hai0="32,90,131,50,107,10,31,88,129,106,98,9,14" hai1="60,15,7,105,80,42,20,29,64,6,127,45,58" hai2="72,104,37,99,119,0,121,41,17,54,57,52,23" hai3="82,56,135,8,4,114,125,30,95,39,102,25,122"/><V51/><F119/><W115/><G122/><T69/><D69/><U68/><E105/><V5/><F121/><W113/><G39/><T116/><D32/><U55/><E127/><V123/><F123/><W62/><G125/><T47/><D31/><U76/><E29/><V78/><F104/><W75/><G135/><T89/><D116/><U74/><E20/><V27/><F99/><N who="3" m="59775" /><G82/><T109/><D109/><U117/><E15/><V18/><F54/><W97/><G75/><T81/><D81/><U2/><E117/><V118/><F118/><W48/><G48/><T134/><D9/><U21/><E21/><V83/><F18/><W111/><G97/><T26/><D26/><U101/><E101/><V67/><F67/><N who="3" m="39367" /><G111/><T49/><D98/><U65/><E65/><V87/><F72/><W1/><G25/><T120/><D49/><N who="1" m="31087" /><E2/><V112/><F112/><W40/><G30/><T35/><D35/><U36/><AGARI ba="0,0" hai="6,7,36,42,45,60,64,68,74,76,80" m="31087" machi="36" ten="30,1100,0" yaku="24,1" doraHai="33" who="1" fromWho="1" sc="333,-3,341,11,86,-5,240,-3" /><INIT seed="3,0,0,0,0,10" ten="330,352,81,237" oya="3" hai0="132,59,109,28,46,21,79,5,93,134,25,100,9" hai1="65,47,113,44,78,108,117,61,16,58,60,36,119" hai2="92,31,87,94,126,14,75,53,85,50,6,95,103" hai3="17,37,38,67,99,133,91,110,74,115,73,55,24"/><W4/><G115/><T123/><D123/><U45/><E113/><V130/><F130/><W2/><G133/><T54/><D109/><U56/><E108/><V57/><F126/><W116/><G116/><N who="1" m="44618" /><E78/><V12/><F75/><W8/><G110/><T102/><D79/><U112/><E112/><V82/><F6/><W23/><G67/><T129/><D46/><U30/><E30/><V69/><F69/><W66/><G66/><T128/><D93/><U70/><E16/><V131/><F131/><N who="0" m="50250" /><D54/><N who="1" m="33815" /><E58/><V19/><F31/><W27/><G55/><T15/><D59/><U13/><E13/><V121/><F121/><W40/><G24/><T20/><D20/><U64/><E64/><V90/><F103/><W1/><G1/><T107/><D107/><U52/><E52/><V111/><F111/><W125/><G125/><T84/><D84/><U34/><E34/><V80/><REACH who="2" step="1"/><F19/><REACH who="2" ten="330,352,71,237" step="2"/><W127/><G127/><T43/><D43/><AGARI ba="0,1" hai="36,43,44,45,47,61,65,70" m="33815,44618" machi="43" ten="30,3900,0" yaku="12,1,34,2" doraHai="10" who="1" fromWho="0" sc="330,-39,352,49,71,0,237,0" owari="291,9.1,401,50.1,71,-42.9,237,-16.3" /></mjloggm>