<mjloggm ver="2.3"><GO type="225" lobby="0"/><UN n0="%E5%84%AA%40%41%42%43" n1="%E5%B5%90%E9%9B%B2%E3%81%AE%E3%82%AB%E3%83%A9%E3%82%B9" n2="%E5%8F%AF%E5%85%90%E9%82%A3%E7%94%B1%E5%A4%9A" n3="%E7%AB%8B%E8%8A%B1%E9%9F%BF" dan="17,16,17,17" rate="2135.17,2065.29,2156.05,2150.30" sx="M,F,F,F"/><TAIKYOKU oya="0"/><INIT seed="0,0,0,2,4,110" ten="250,250,250,250" oya="0" hai0="38,40,23,100,2,132,43,39,66,86,12,128,77" hai1="34,58,24,103,50,10,107,42,67,121,104,31,90" hai2="70,69,15,48,123,57,26,19,18,51,32,71,93" hai3="127,35,76,97,124,20,96,1,83,134,75,4,109"/><T27/><D2/><U59/><E121/><V105/><F123/><W44/><G35/><T63/><D128/><U46/><E10/><V111/><F105/><W29/><G109/><T74/><D74/><U106/><E103/><V49/><F111/><W80/><G134/><T36/><D132/><U125/><E125/><N who="3" m="48202" /><G44/><T129/><D129/><U61/><REACH who="1" step="1"/><E90/><REACH who="1" ten="250,240,250,250" step="2"/><V60/><F93/><W120/><G120/><T118/><D100/><U28/><E28/><V112/><F112/><W126/><G126/><T115/><D115/><U25/><E25/><V37/><F15/><W113/><G113/><T33/><D12/><U88/><E88/><V122/><F122/><W133/><G83/><T65/><D27/><U101/><E101/><V91/><F91/><W135/><G135/><T119/><D119/><U64/><E64/><V52/><REACH who="2" step="1"/><F37/><REACH who="2" ten="250,240,240,250" step="2"/><W54/><G133/><T68/><D38/><U131/><E131/><V95/><F95/><W94/><G94/><T89/><D36/><U116/><E116/><V17/><F17/><W87/><G29/><AGARI ba="0,2" hai="18,19,26,29,32,48,49,51,52,57,60,69,70,71" machi="29" ten="50,6400,0" yaku="1,1,54,1,53,1" doraHai="110" doraHaiUra="53" who="2" fromWho="3" sc="250,0,240,0,240,84,250,-64" /><INIT seed="1,0,0,1,5,30" ten="250,240,324,186" oya="1" hai0="85,45,33,129,130,125,13,5,44,65,19,23,118" hai1="86,117,22,14,18,60,0,116,53,131,111,80,112" hai2="9,78,27,40,25,126,99,101,16,62,38,31,58" hai3="74,75,82,113,12,69,128,57,103,122,90,70,79"/><U106/><E112/><V63/><F126/><W29/><G113/><T61/><D118/><U114/><E114/><V10/><F78/><W93/><G122/><T107/><D107/><U15/><E131/><N who="0" m="50185" /><D125/><U94/><E106/><V41/><F38/><W72/><G128/><T17/><D5/><U3/><E94/><V88/><F101/><W84/><G103/><T36/><D36/><U73/><E73/><V66/><F63/><W20/><G57/><N who="0" m="37039" /><D33/><U48/><E60/><V98/><F31/><W46/><G46/><T105/><D105/><U24/><E111/><V1/><F1/><W26/><REACH who="3" step="1"/><G12/><REACH who="3" ten="250,240,324,176" step="2"/><N who="0" m="9639" /><D85/><AGARI ba="0,1" hai="20,26,29,69,70,72,74,75,79,82,84,85,90,93" machi="85" ten="40,1300,0" yaku="1,1,53,0" doraHai="30" doraHaiUra="100" who="3" fromWho="0" sc="250,-13,240,0,324,0,176,23" /><INIT seed="2,0,0,1,5,112" ten="237,240,324,199" oya="2" hai0="18,94,114,69,20,68,30,130,51,118,10,104,90" hai1="83,25,132,43,123,67,134,63,78,32,46,105,77" hai2="23,8,74,70,124,128,28,48,121,98,22,27,40" hai3="110,26,100,41,42,34,101,96,125,113,81,47,44"/><V0/><F121/><W64/><G113/><T86/><D104/><U7/><E105/><V111/><F70/><W127/><G64/><T2/><D114/><U102/><E7/><V135/><F74/><W45/><G81/><T12/><D130/><U57/><E102/><N who="3" m="39530" /><G34/><T58/><D118/><U91/><E123/><V117/><F117/><W85/><G26/><T38/><D38/><U11/><E11/><V71/><F8/><W72/><G72/><T1/><D30/><N who="1" m="19535" /><E91/><V107/><F28/><W37/><G37/><T133/><D133/><N who="1" m="51307" /><E83/><V56/><F107/><W109/><G85/><T115/><D115/><U80/><E80/><V76/><F135/><W73/><G96/><T131/><D131/><U66/><E66/><V103/><F98/><W14/><G14/><T52/><D1/><U126/><E126/><N who="3" m="48138" /><G73/><T50/><D50/><AGARI ba="0,0" hai="43,46,50,57,63,67,77,78" m="51307,19535" machi="50" ten="30,1000,0" yaku="20,1" doraHai="112" who="1" fromWho="0" sc="237,-10,240,10,324,0,199,0" /><INIT seed="3,0,0,4,5,43" ten="227,250,324,199" oya="3" hai0="133,26,67,0,82,123,35,118,13,80,11,69,90" hai1="4,24,12,30,115,18,23,49,54,79,101,78,34" hai2="108,128,45,111,134,91,104,56,117,58,100,68,3" hai3="48,88,75,131,28,92,40,84,87,103,36,99,51"/><W94/><G75/><T112/><D118/><U116/><E115/><V109/><F117/><W44/><G131/><T86/><D123/><U61/><E116/><V66/><F128/><W53/><G28/><T39/><D133/><U5/><E101/><V20/><F134/><W95/><G36/><T129/><D0/><U132/><E132/><V31/><F3/><W121/><G121/><T98/><D129/><U77/><REACH who="1" step="1"/><E61/><REACH who="1" ten="227,240,324,199" step="2"/><N who="2" m="40015" /><F100/><W62/><G62/><T65/><D112/><U38/><E38/><V9/><F109/><W8/><G8/><T37/><D39/><U16/><E16/><V71/><F9/><W55/><REACH who="3" step="1"/><G51/><REACH who="3" ten="227,240,324,189" step="2"/><T81/><D37/><U106/><E106/><V41/><F104/><W83/><G83/><T59/><D81/><U14/><E14/><V89/><F111/><W10/><G10/><T70/><D80/><U57/><AGARI ba="0,2" hai="4,5,12,18,23,24,30,34,49,54,57,77,78,79" machi="57" ten="30,2000,0" yaku="1,1,0,1,53,0" doraHai="43" doraHaiUra="85" who="1" fromWho="1" sc="227,-5,240,40,324,-5,189,-10" owari="222,-17.8,280,8.0,319,41.9,179,-32.1" /></mjloggm>