<mjloggm ver="2.3"><GO type="225" lobby="0"/><UN n0="%6D%75%75%6D%75%72%61" n1="%E9%A2%A8%E3%81%A7%E9%B3%B4%E3%81%8F" n2="%4D%50%43%32%38%30%30" n3="%E3%81%B7%E3%82%8A%E3%82%93%E8%81%96%E4%BA%BA" dan="16,16,16,16" rate="2101.01,2127.83,2191.30,2160.96" sx="F,M,M,M"/><TAIKYOKU oya="0"/><INIT seed="0,0,0,0,3,95" ten="250,250,250,250" oya="0" hai0="98,83,39,134,92,96,75,124,9,31,56,29,32" hai1="19,22,85,30,23,12,132,45,41,94,48,47,126" hai2="105,52,3,120,35,49,8,24,74,46,88,50,65" hai3="127,101,116,70,111,117,90,42,25,71,60,108,51"/><T119/><D119/><U68/><E68/><V28/><F74/><W11/><G101/><T84/><D39/><U91/><E126/><V59/><F105/><W128/><G90/><T89/><D124/><U102/><E132/><V18/><F120/><W27/><G11/><T114/><D114/><U122/><E122/><V55/><F3/><W62/><G127/><T21/><D32/><U81/><E45/><V99/><F65/><W14/><G14/><T123/><D123/><U82/><E102/><V20/><F8/><W38/><G27/><AGARI ba="0,0" hai="12,19,22,23,27,30,41,47,48,81,82,85,91,94" machi="27" ten="40,1300,0" yaku="8,1" doraHai="95" who="1" fromWho="3" sc="250,0,250,13,250,0,250,-13" /><INIT seed="1,0,0,3,4,49" ten="250,263,250,237" oya="1" hai0="24,39,27,83,124,74,135,20,1,18,93,78,65" hai1="53,55,70,36,110,101,104,64,94,120,46,50,73" hai2="89,95,7,61,122,66,132,17,84,63,77,125,26" hai3="52,19,126,81,113,25,8,21,99,100,90,4,111"/><U60/><E73/><V87/><F122/><W38/><G38/><T133/><D124/><U3/><E3/><V80/><F125/><W105/><G126/><T47/><D1/><U69/><E104/><V12/><F132/><N who="0" m="50762" /><D65/><N who="1" m="41127" /><E94/><V33/><F66/><W31/><G113/><T67/><D67/><U86/><E86/><V75/><F75/><W51/><G90/><T76/><D76/><U116/><E101/><V131/><F131/><W118/><G81/><T28/><D93/><U85/><E85/><V115/><F115/><W0/><G111/><T48/><D39/><U35/><E35/><V117/><F117/><W109/><G109/><T102/><D102/><U97/><E97/><V106/><F106/><W107/><G107/><T92/><D92/><U30/><E30/><V121/><F121/><W23/><G118/><T40/><D28/><U134/><E110/><V45/><F45/><W10/><G10/><T56/><D56/><U71/><E134/><V37/><F37/><W11/><G11/><T68/><D68/><N who="1" m="26155" /><E120/><V128/><F33/><W96/><G96/><T16/><D18/><U29/><E29/><V103/><F103/><W41/><G41/><T79/><D79/><U32/><E32/><V123/><F123/><W88/><G88/><T15/><AGARI ba="0,0" hai="15,16,20,24,27,40,47,48,74,78,83" m="50762" machi="15" ten="30,2000,0" yaku="20,1,54,1" doraHai="49" who="0" fromWho="0" sc="250,20,263,-10,250,-5,237,-5" /><INIT seed="2,0,0,4,4,38" ten="270,253,245,232" oya="2" hai0="46,119,47,105,64,87,65,125,37,63,54,74,117" hai1="123,100,17,96,124,83,26,61,16,51,107,72,112" hai2="60,40,30,35,62,52,66,129,92,93,33,128,50" hai3="29,99,131,135,22,88,13,118,82,115,23,81,80"/><V85/><F40/><W120/><G120/><T101/><D74/><U10/><E112/><V25/><F35/><W73/><G73/><T20/><D125/><U41/><E123/><V113/><F113/><W106/><G118/><N who="0" m="45067" /><D87/><U132/><E132/><V79/><F62/><W95/><G106/><T75/><D75/><U5/><E61/><V94/><F79/><W130/><G135/><T104/><D20/><U39/><E26/><V19/><F19/><W21/><G115/><T4/><D4/><U133/><E51/><V58/><REACH who="2" step="1"/><F85/><REACH who="2" ten="270,253,235,232" step="2"/><W44/><G29/><T78/><D78/><N who="1" m="44487" /><E133/><V42/><F42/><W36/><G36/><T28/><D63/><U89/><E41/><V7/><F7/><W97/><G97/><T2/><D37/><U49/><E5/><V32/><F32/><W31/><G31/><T11/><D28/><U77/><E77/><V24/><F24/><W71/><G71/><AGARI ba="0,1" hai="25,30,33,50,52,58,60,66,71,92,93,94,128,129" machi="71" ten="40,3900,0" yaku="1,1,54,1,53,0" doraHai="38" doraHaiUra="86" who="2" fromWho="3" sc="270,0,253,0,235,49,232,-39" /><INIT seed="2,1,0,1,1,123" ten="270,253,284,193" oya="2" hai0="2,0,61,101,24,70,103,118,77,9,8,52,6" hai1="3,116,48,13,90,114,55,99,59,127,88,36,100" hai2="107,62,53,4,41,34,10,46,79,56,30,37,87" hai3="21,134,5,39,50,15,93,22,89,32,135,17,14"/><V133/><F107/><W83/><G39/><T113/><D113/><U66/><E3/><V31/><F133/><W95/><G32/><T96/><D118/><U28/><E114/><V80/><REACH who="2" step="1"/><F34/><REACH who="2" ten="270,253,274,193" step="2"/><W40/><G135/><T19/><D103/><U64/><E100/><V65/><F65/><W67/><G67/><T75/><D101/><U72/><E66/><V43/><F43/><W18/><G134/><T94/><D52/><U82/><E64/><V92/><F92/><W78/><G93/><T105/><D94/><U84/><E55/><V71/><F71/><W27/><G40/><T117/><D105/><U44/><E116/><V98/><F98/><W47/><G95/><T58/><D96/><U26/><E99/><V126/><F126/><W7/><G89/><T86/><D70/><U102/><E90/><V130/><F130/><W121/><G121/><T74/><D117/><U108/><E88/><V129/><F129/><W73/><G27/><T38/><D24/><U81/><E26/><V119/><F119/><W111/><G83/><T35/><D35/><U60/><E81/><V69/><F69/><W122/><G78/><T76/><D76/><U104/><E82/><V112/><F112/><W132/><G132/><T109/><D77/><U25/><E25/><V42/><F42/><W63/><G73/><T51/><D75/><U20/><E72/><V29/><F29/><W57/><G122/><T110/><D74/><U128/><E128/><V33/><F33/><W125/><G125/><T124/><D124/><U97/><E127/><V12/><AGARI ba="1,1" hai="4,10,12,30,31,37,41,46,53,56,62,79,80,87" machi="12" ten="20,7800,0" yaku="1,1,0,1,7,1,53,1" doraHai="123" doraHaiUra="1" who="2" fromWho="2" sc="270,-27,253,-27,274,91,193,-27" /><INIT seed="2,2,0,1,1,52" ten="243,226,365,166" oya="2" hai0="21,43,83,62,37,36,74,17,113,103,24,124,123" hai1="116,30,4,114,127,70,23,38,128,125,129,25,27" hai2="22,39,115,79,109,64,118,105,7,132,75,65,51" hai3="40,86,119,53,77,1,131,110,93,96,97,89,88"/><V126/><F7/><W45/><G1/><T92/><D123/><U41/><E70/><V106/><F22/><W69/><G69/><T98/><D113/><U135/><E41/><V15/><F15/><W35/><G35/><T50/><D124/><N who="1" m="47691" /><E38/><V48/><F79/><W8/><G119/><T117/><D117/><U133/><E116/><V72/><F118/><W66/><G66/><T6/><D6/><U67/><E67/><V85/><F85/><W28/><G28/><T63/><D50/><U71/><E71/><V81/><F126/><W134/><G77/><T91/><D74/><U5/><E5/><V0/><F81/><W56/><G134/><N who="1" m="51210" /><E4/><V19/><F132/><W18/><G110/><T26/><D37/><U3/><E3/><V55/><F109/><W84/><G8/><T14/><D43/><U31/><E114/><V47/><F0/><W9/><G9/><T102/><D36/><U121/><E121/><V99/><F39/><W94/><G18/><T42/><D42/><U33/><AGARI ba="2,0" hai="23,25,27,30,31,33,128,129" m="51210,47691" machi="33" ten="40,12000,2" yaku="30,2,18,1,20,1,34,2" doraHai="52" who="1" fromWho="1" sc="243,-32,226,126,365,-62,166,-32" /><INIT seed="3,0,0,1,2,78" ten="211,352,303,134" oya="3" hai0="95,56,87,20,12,47,17,91,125,11,66,25,82" hai1="128,31,110,86,121,101,1,108,18,85,29,123,50" hai2="9,21,70,5,44,42,40,122,28,36,109,106,69" hai3="133,8,104,16,71,13,103,45,3,131,100,61,53"/><W35/><G35/><T54/><D125/><U129/><E101/><V127/><F106/><W58/><G3/><T7/><D66/><U92/><E1/><V126/><F109/><N who="1" m="42089" /><E50/><V96/><F96/><W49/><G71/><T57/><D95/><U135/><E135/><V14/><F122/><N who="1" m="46601" /><E18/><V111/><F111/><W115/><G115/><T2/><D2/><U132/><E132/><V77/><F77/><W38/><G38/><T119/><D119/><U43/><E43/><V68/><F21/><W6/><G131/><N who="1" m="50250" /><E92/><V59/><F28/><AGARI ba="0,0" hai="28,29,31,85,86" m="50250,46601,42089" machi="28" ten="40,8000,1" yaku="28,2,14,1,19,1" doraHai="78" who="1" fromWho="2" sc="211,0,352,80,303,-80,134,0" owari="211,-18.9,432,53.2,223,2.3,134,-36.6" /></mjloggm>