<mjloggm ver="2.3"><GO type="225" lobby="0"/><UN n0="%72%65%6E%6B%75%6E" n1="%E3%83%9E%E3%83%AB%E3%83%9E%E3%83%AB%E3%81%A1%E3%82%83%E3%82%93" n2="%E3%81%BF%E3%81%BF%E3%81%9A" n3="%43%6F%66%66%65%65" dan="17,16,18,16" rate="2225.79,2068.72,2245.38,2116.05" sx="M,M,M,F"/><TAIKYOKU oya="0"/><INIT seed="0,0,0,2,1,15" ten="250,250,250,250" oya="0" hai0="68,27,37,123,55,76,111,8,26,82,12,120,13" hai1="121,135,113,74,92,71,127,106,86,75,18,110,87" hai2="39,49,46,21,72,85,43,56,131,16,25,19,20" hai3="65,11,77,23,10,99,57,101,91,134,81,132,69"/><T124/><D68/><U114/><E71/><V78/><F131/><W128/><G69/><T33/><D37/><U80/><E18/><V83/><F72/><N who="1" m="27689" /><E121/><V32/><F32/><W93/><G128/><T73/><D124/><U54/><E54/><V107/><F107/><W40/><G40/><T116/><D116/><U60/><E60/><V102/><F102/><W66/><G23/><T61/><D111/><U108/><E106/><V90/><F56/><W0/><G101/><T31/><D27/><U118/><E118/><V125/><F125/><W100/><G100/><T62/><D13/><U63/><E63/><V88/><F39/><W64/><G57/><T103/><D61/><U34/><E34/><V48/><F48/><W3/><G11/><T105/><D55/><U94/><E127/><V79/><F90/><W6/><REACH who="3" step="1"/><G3/><REACH who="3" ten="250,250,250,240" step="2"/><T130/><D130/><U45/><E45/><V36/><F36/><W47/><G47/><T24/><D62/><U122/><E122/><V58/><F58/><W112/><G112/><N who="1" m="43114" /><E135/><V52/><F43/><W67/><N who="3" m="16384" /><DORA hai="126" /><W30/><G30/><T41/><D41/><U17/><E110/><V70/><F70/><W5/><G5/><T59/><D59/><U9/><E108/><V14/><AGARI ba="0,1" hai="14,16,19,20,21,25,46,49,52,78,79,83,85,88" machi="14" ten="20,16000,3" yaku="0,1,7,1,8,1,52,2,54,3" doraHai="15,126" who="2" fromWho="2" sc="250,-80,250,-40,250,170,240,-40" /><INIT seed="1,0,0,4,2,42" ten="170,210,420,200" oya="1" hai0="1,87,80,26,124,79,58,118,11,17,98,36,15" hai1="77,5,53,76,54,9,108,43,41,47,120,51,65" hai2="66,100,56,107,2,121,31,74,29,63,10,55,27" hai3="95,61,88,52,102,35,23,33,28,30,44,62,114"/><U133/><E120/><V20/><F121/><W18/><G114/><T34/><D124/><U38/><E133/><V39/><F74/><W92/><G35/><T103/><D118/><U24/><E108/><V75/><F75/><W119/><G119/><T126/><D126/><U91/><E65/><V78/><F78/><W111/><G111/><T12/><D36/><U122/><E122/><V115/><F115/><W57/><G33/><T70/><D70/><U59/><E91/><V37/><F107/><W130/><G130/><T90/><D1/><U3/><E41/><V106/><F106/><W128/><G128/><T45/><D58/><U49/><REACH who="1" step="1"/><E24/><REACH who="1" ten="170,200,420,200" step="2"/><V19/><F100/><W67/><G67/><T71/><D90/><U14/><E14/><V134/><F134/><W82/><G102/><T101/><D12/><U69/><E69/><V86/><F66/><W84/><G88/><T22/><D71/><U64/><E64/><V4/><F2/><W117/><G117/><T32/><D103/><U7/><E7/><V99/><F4/><W132/><G132/><T73/><D101/><U105/><E105/><V83/><F27/><W129/><G129/><T81/><D26/><U13/><E13/><V109/><F109/><W6/><G6/><T112/><D112/><U40/><E40/><V16/><F55/><W8/><G52/><T127/><D15/><U72/><E72/><V21/><F10/><W94/><G8/><T113/><D11/><U50/><E50/><V131/><F131/><W96/><G61/><T135/><D135/><U46/><AGARI ba="0,1" hai="3,5,9,38,43,46,47,49,51,53,54,59,76,77" machi="46" ten="20,18000,2" yaku="1,1,0,1,7,1,52,2,53,2" doraHai="42" doraHaiUra="48" who="1" fromWho="1" sc="170,-60,200,190,420,-60,200,-60" /><INIT seed="1,1,0,4,1,70" ten="110,390,360,140" oya="1" hai0="69,88,23,133,41,7,105,61,6,73,62,110,5" hai1="80,49,53,42,67,51,24,37,30,114,85,60,19" hai2="43,13,119,111,122,132,47,81,33,130,20,113,9" hai3="128,79,92,56,8,82,118,96,115,14,131,124,77"/><U54/><E114/><V66/><F33/><W22/><G115/><T101/><D110/><U97/><E19/><V63/><F113/><W75/><G124/><T116/><D73/><U26/><E97/><V29/><F119/><W11/><G79/><T135/><D116/><U10/><E10/><V68/><F122/><W106/><G106/><T27/><D41/><U36/><E42/><V52/><F111/><W45/><G118/><T83/><D101/><U57/><E51/><V98/><F130/><N who="3" m="49707" /><G56/><T103/><D103/><U48/><E48/><V120/><F120/><W21/><G45/><T0/><D105/><U87/><E54/><V108/><F108/><W95/><G95/><T59/><D69/><U126/><E126/><V74/><F98/><W123/><G11/><T71/><D71/><U15/><E15/><V117/><F117/><W12/><G12/><T40/><D40/><U32/><E26/><V16/><F132/><N who="0" m="50762" /><D59/><U31/><E31/><V50/><F81/><W99/><G99/><T35/><D35/><U65/><E65/><V17/><F74/><W44/><G44/><T129/><D0/><U1/><E1/><V84/><F84/><W3/><G3/><T76/><D76/><U94/><E85/><V58/><F29/><W90/><G123/><T89/><D129/><U34/><E34/><V25/><F68/><W91/><G91/><N who="0" m="34891" /><D83/><U112/><E112/><V127/><F127/><W125/><G125/><T109/><D109/><U39/><E94/><V2/><F2/><W28/><G28/><AGARI ba="1,0" hai="5,6,7,23,27,28,61,62" m="34891,50762" machi="28" ten="30,2000,0" yaku="20,1,54,1" doraHai="70" who="0" fromWho="3" sc="110,23,390,0,360,0,140,-23" /><INIT seed="2,0,0,4,0,56" ten="133,390,360,117" oya="2" hai0="87,54,133,25,60,66,62,131,127,22,82,130,124" hai1="122,90,106,43,102,11,40,42,10,125,12,58,26" hai2="72,117,70,9,93,23,57,41,115,36,110,8,86" hai3="33,91,81,4,15,73,67,29,13,108,39,7,132"/><V105/><F115/><W14/><G39/><T100/><D100/><U119/><E119/><V31/><F117/><W68/><G108/><T1/><D1/><U74/><E125/><N who="0" m="48201" /><D54/><U96/><E122/><V50/><F70/><W88/><G132/><T0/><D0/><U76/><E74/><V101/><F72/><W6/><G33/><T89/><D66/><U134/><E134/><V63/><F36/><W71/><G29/><N who="0" m="17591" /><D133/><U49/><E76/><V27/><F105/><W45/><G45/><T34/><D34/><U116/><E116/><V128/><F128/><AGARI ba="0,0" hai="60,62,82,87,89,128,130,131" m="17591,48201" machi="128" ten="30,7700,0" yaku="19,1,18,1,52,2" doraHai="56" who="0" fromWho="2" sc="133,77,390,0,360,-77,117,0" /><INIT seed="3,0,0,5,2,75" ten="210,390,283,117" oya="3" hai0="7,45,27,65,105,54,24,58,29,34,128,119,68" hai1="73,19,108,132,88,100,17,9,122,8,39,0,12" hai2="63,71,72,53,10,98,121,80,120,56,87,131,76" hai3="79,116,117,37,44,125,57,16,52,110,64,35,51"/><W104/><G104/><T89/><D119/><U114/><E122/><N who="2" m="47211" /><F131/><W99/><G35/><T115/><D128/><U38/><E114/><V61/><F10/><W11/><G125/><T33/><D115/><U50/><E73/><V2/><F2/><W91/><G110/><T25/><D105/><U112/><E112/><V67/><F98/><W22/><G11/><T3/><D68/><U118/><E108/><V84/><AGARI ba="0,0" hai="53,56,61,63,67,71,72,76,80,84,87" m="47211" machi="84" ten="30,2000,0" yaku="13,1,52,1" doraHai="75" who="2" fromWho="2" sc="210,-5,390,-5,283,20,117,-10" owari="205,-19.5,385,48.5,303,10.3,107,-39.3" /></mjloggm>