<mjloggm ver="2.3"><GO type="225" lobby="0"/><UN n0="%72%69%6F%75%63%68%61%6E" n1="%E6%81%A5%E6%99%92%E3%81%97" n2="%E6%98%93%E5%88%A9%E8%96%A9%E4%BC%AF" n3="%E3%81%A9%E3%82%93%E3%82%88%E3%81%8F%4D%6B%2E%32" dan="16,16,16,16" rate="2147.47,2093.09,2026.90,2152.64" sx="M,M,F,M"/><TAIKYOKU oya="0"/><INIT seed="0,0,0,0,2,106" ten="250,250,250,250" oya="0" hai0="94,44,54,10,93,73,64,119,121,87,85,105,25" hai1="79,22,91,71,107,111,30,126,66,65,7,97,125" hai2="19,110,12,15,38,89,2,57,45,72,11,96,50" hai3="17,0,90,112,9,27,114,24,41,28,26,116,21"/><T58/><D119/><U103/><E111/><V32/><F110/><W133/><G41/><T5/><D121/><U20/><E7/><V29/><F38/><W63/><G90/><T108/><D105/><U130/><E130/><V100/><F2/><W8/><G63/><T104/><D104/><U92/><E79/><V101/><F72/><W81/><G81/><T68/><D108/><U82/><E82/><V67/><F29/><W124/><G116/><T35/><D73/><U62/><E66/><V49/><F15/><N who="3" m="7407" /><G133/><T37/><D25/><N who="3" m="9833" /><G124/><N who="1" m="47722" /><E30/><V4/><F89/><W74/><G74/><T60/><D35/><U99/><AGARI ba="0,0" hai="20,22,62,65,71,91,92,97,99,103,107" m="47722" machi="99" ten="30,1100,0" yaku="18,1" doraHai="106" who="1" fromWho="1" sc="250,-5,250,11,250,-3,250,-3" /><INIT seed="1,0,0,5,0,97" ten="245,261,247,247" oya="1" hai0="114,88,120,133,122,127,55,125,66,100,79,105,95" hai1="111,65,30,5,37,27,3,44,51,46,6,22,87" hai2="15,36,54,2,123,84,49,104,20,90,108,93,103" hai3="7,56,39,57,101,68,9,78,21,89,41,34,61"/><U107/><E111/><V71/><F36/><W40/><G34/><T118/><D66/><U74/><E74/><V132/><F2/><W60/><G68/><T115/><D55/><U83/><E107/><V128/><F108/><W11/><G78/><T16/><D118/><U98/><E3/><V64/><F128/><W72/><G72/><T38/><D38/><U86/><E65/><V124/><F124/><N who="0" m="47690" /><D79/><N who="1" m="46463" /><E37/><V121/><F132/><W126/><G39/><T77/><D77/><U45/><E87/><V43/><F43/><W82/><G126/><T62/><D62/><U109/><E109/><V85/><F85/><W12/><G21/><T129/><D129/><U10/><E98/><N who="2" m="61559" /><F64/><W63/><G82/><T116/><D116/><U17/><E5/><V119/><F119/><W25/><G7/><T1/><D1/><U117/><E6/><V24/><F24/><W96/><G25/><T113/><D133/><U102/><E117/><V18/><F71/><W58/><G40/><T73/><D73/><U26/><E51/><V47/><F47/><W134/><G41/><T67/><D67/><U31/><E46/><V19/><F19/><W94/><G134/><T53/><D53/><U80/><E45/><V28/><F28/><W99/><REACH who="3" step="1"/><G12/><REACH who="3" ten="245,261,247,237" step="2"/><T112/><D113/><U135/><E27/><V110/><F110/><W70/><G70/><T131/><D131/><U14/><E26/><V48/><F15/><W52/><G52/><T13/><D13/><U42/><E14/><N who="2" m="9303" /><F49/><W23/><G23/><T91/><D114/><U69/><E42/><V81/><F81/><W32/><G32/><RYUUKYOKU ba="0,1" sc="245,-15,261,-15,247,15,237,15" hai2="48,54,84,90,93,121,123" hai3="9,11,56,57,58,60,61,63,89,94,96,99,101" /><INIT seed="2,1,1,3,0,103" ten="230,246,262,252" oya="2" hai0="100,15,47,8,102,65,34,91,121,64,6,118,78" hai1="115,23,68,76,11,12,73,88,94,74,119,85,50" hai2="132,133,29,22,59,9,129,54,135,126,58,66,128" hai3="72,19,24,67,130,26,105,20,71,108,109,35,51"/><V31/><F9/><W44/><G72/><T56/><D121/><U33/><E115/><V117/><F117/><W53/><G130/><N who="2" m="50281" /><F22/><W81/><G81/><T111/><D111/><N who="3" m="42569" /><G105/><T92/><D34/><U122/><E119/><V99/><F66/><N who="0" m="25706" /><D118/><U52/><E33/><V79/><F79/><W48/><G67/><T84/><D47/><U55/><E68/><V123/><F123/><W87/><G71/><T41/><D41/><U131/><E122/><V86/><F86/><W28/><G87/><N who="0" m="52351" /><D56/><N who="2" m="21546" /><F54/><W95/><G95/><T106/><D106/><U49/><E131/><V93/><F126/><W3/><G51/><N who="1" m="19466" /><E74/><V114/><F114/><W120/><G120/><T5/><D6/><N who="1" m="3191" /><E73/><V46/><F46/><W61/><G61/><T36/><D36/><U134/><E76/><V107/><F107/><W30/><G3/><T27/><D27/><U62/><E62/><V60/><F60/><W101/><G101/><AGARI ba="1,1" hai="29,31,93,99,101,132,133,135" m="21546,50281" machi="101" ten="40,3900,0" yaku="20,1,19,1" doraHai="103" who="2" fromWho="3" sc="230,0,246,0,262,52,252,-42" /><INIT seed="2,2,0,0,2,124" ten="230,246,314,210" oya="2" hai0="130,53,116,100,64,35,108,47,112,36,93,80,84" hai1="81,79,67,14,123,76,58,94,103,24,104,46,98" hai2="0,127,52,87,111,4,109,33,54,56,2,107,45" hai3="65,73,74,83,11,37,77,97,115,5,134,131,59"/><V43/><F107/><W20/><G115/><T44/><D112/><U3/><E3/><V129/><F33/><W62/><G37/><T66/><D35/><U95/><E123/><V122/><F122/><W114/><G114/><T19/><D108/><N who="2" m="41546" /><F129/><W9/><G134/><T99/><D116/><U63/><E14/><V18/><F127/><W117/><G117/><T135/><D130/><U69/><E69/><V125/><F125/><W57/><G131/><T12/><D135/><U8/><E8/><N who="2" m="2055" /><F2/><W10/><G74/><T88/><D36/><U68/><E68/><V29/><F29/><W96/><G5/><T121/><D121/><U55/><E79/><V110/><N who="2" m="41554" /><V91/><DORA hai="70" /><F56/><W92/><G92/><T132/><D132/><U13/><E95/><N who="2" m="54783" /><F18/><W41/><G59/><T82/><D80/><U21/><E104/><V15/><F15/><W119/><G119/><T75/><D75/><U30/><E13/><V105/><F105/><W90/><G90/><T85/><D84/><N who="1" m="48167" /><E46/><V26/><F26/><W126/><G126/><T23/><D44/><U101/><E58/><V38/><AGARI ba="2,0" hai="38,43,45,52,54" m="54783,2055,41554" machi="38" ten="40,12000,1" yaku="14,1,10,1,52,1,54,1" doraHai="124,70" who="2" fromWho="2" sc="230,-42,246,-42,314,126,210,-42" /><INIT seed="2,3,0,1,1,81" ten="188,204,440,168" oya="2" hai0="24,128,15,35,118,72,71,125,132,102,51,78,45" hai1="36,54,114,96,29,123,84,104,131,83,21,111,64" hai2="30,16,47,18,66,82,93,124,73,8,49,116,23" hai3="26,2,63,5,22,99,107,4,61,106,88,120,17"/><V130/><F116/><W122/><G2/><T74/><D71/><U31/><E114/><V70/><F130/><W133/><G133/><T1/><D1/><U89/><E36/><V65/><F124/><W134/><G134/><T59/><D132/><U101/><E111/><V108/><F108/><W56/><G61/><T7/><D102/><U37/><E37/><V135/><F93/><N who="3" m="56743" /><G107/><T34/><D59/><U129/><E123/><N who="3" m="47146" /><G106/><T119/><D128/><U117/><E117/><N who="0" m="44553" /><D125/><U76/><E64/><V127/><F66/><W115/><G115/><T58/><D58/><U75/><E129/><V126/><F65/><W14/><G14/><T100/><D100/><U0/><E0/><V86/><F70/><W57/><G57/><T52/><D24/><U103/><E101/><V44/><F135/><W87/><G87/><T6/><D72/><U98/><E131/><V9/><F73/><W46/><G46/><T43/><D43/><U92/><E75/><V10/><F47/><W42/><G42/><T13/><D13/><U11/><E104/><V112/><F112/><W90/><G90/><T105/><D105/><U3/><E89/><N who="2" m="51415" /><F127/><W121/><N who="3" m="47154" /><W113/><DORA hai="67" /><G113/><T85/><D74/><U27/><E103/><V97/><F97/><W109/><G109/><T19/><D34/><U39/><E98/><V50/><F50/><W79/><G79/><T69/><D35/><U32/><E39/><V95/><F126/><W62/><G62/><T41/><D69/><U110/><E32/><V48/><F48/><W40/><G40/><T38/><D38/><U33/><E110/><RYUUKYOKU ba="3,0" sc="188,-10,204,-10,440,-10,168,30" hai3="4,5,17,22,26,56,63" /><INIT seed="3,4,0,4,3,26" ten="178,194,430,198" oya="3" hai0="129,27,69,132,74,78,51,41,121,24,12,104,60" hai1="62,107,21,112,131,54,70,120,40,79,96,20,45" hai2="100,85,75,92,23,49,29,134,98,73,113,22,5" hai3="106,42,90,10,93,114,50,63,15,122,64,47,6"/><W52/><G114/><T16/><D121/><U119/><E112/><V67/><F113/><W43/><G106/><T39/><D39/><U30/><E120/><V13/><F134/><W118/><G118/><T55/><D104/><U135/><E135/><V95/><F67/><W116/><G116/><T68/><D132/><U97/><E119/><V133/><F133/><W76/><G76/><T53/><D69/><U44/><E131/><V72/><F49/><W77/><G77/><T2/><D129/><U117/><E117/><V130/><F130/><W123/><G123/><T102/><D2/><U65/><E79/><V4/><F29/><W37/><G37/><T33/><D102/><U81/><E81/><V7/><F13/><W99/><REACH who="3" step="1"/><G122/><REACH who="3" ten="178,194,430,188" step="2"/><T19/><D78/><U86/><E107/><V36/><F36/><W115/><G115/><T28/><D74/><U84/><E84/><V38/><F38/><W88/><G88/><T46/><D27/><U0/><E86/><V35/><F85/><W59/><AGARI ba="4,1" hai="6,10,15,42,43,47,50,52,59,63,64,90,93,99" machi="59" ten="20,18000,2" yaku="1,1,0,1,7,1,8,1,54,1,53,1" doraHai="26" doraHaiUra="89" who="3" fromWho="3" sc="178,-64,194,-64,430,-64,188,202" owari="114,-38.6,130,-27.0,366,16.6,390,49.0" /></mjloggm>