<mjloggm ver="2.3"><GO type="225" lobby="0"/><UN n0="%E8%90%BD%E6%97%A5" n1="%E3%81%8B%E3%82%8F%E3%81%A1%E3%82%83%E3%82%93%35%38" n2="%E5%A4%9C%E3%81%AE%E3%82%AC%E3%82%B9%E3%83%91%E3%83%BC%E3%83%AB" n3="%33%74%72%65%65" dan="17,16,16,16" rate="2204.67,2151.68,2140.40,2120.01" sx="F,M,M,F"/><TAIKYOKU oya="0"/><INIT seed="0,0,0,2,3,64" ten="250,250,250,250" oya="0" hai0="24,10,65,11,122,18,15,53,13,107,117,22,20" hai1="68,78,113,110,114,14,52,57,34,37,129,67,116" hai2="111,30,9,50,49,61,12,5,1,74,46,28,87" hai3="83,124,55,135,90,134,126,69,42,131,91,95,75"/><T32/><D65/><U17/><E116/><V80/><F111/><W0/><G0/><T3/><D107/><U118/><E118/><V92/><F74/><W48/><G42/><T81/><D81/><U6/><E34/><V56/><F1/><W8/><G8/><T7/><D53/><U2/><E37/><V21/><F92/><W84/><G48/><T94/><D94/><U82/><E110/><V86/><F86/><N who="3" m="52695" /><G55/><T72/><D72/><U76/><E129/><V130/><F130/><W51/><G51/><N who="2" m="19465" /><F21/><N who="0" m="8298" /><D117/><U123/><E82/><V39/><F46/><W4/><G4/><N who="0" m="1311" /><D122/><U71/><E123/><V58/><F39/><W125/><G69/><T23/><D32/><U63/><E71/><V120/><F120/><W105/><G131/><T19/><D15/><U109/><E14/><V27/><F61/><W98/><G75/><T44/><D44/><U60/><E2/><V128/><F128/><W132/><G98/><T54/><D54/><U93/><E109/><V88/><F58/><W45/><G45/><T31/><AGARI ba="0,0" hai="7,11,13,18,19,23,24,31" m="1311,8298" machi="31" ten="30,12000,1" yaku="35,5" doraHai="64" who="0" fromWho="0" sc="250,120,250,-40,250,-40,250,-40" /><INIT seed="0,1,0,3,2,2" ten="370,210,210,210" oya="0" hai0="59,86,47,90,3,104,48,13,51,89,78,34,113" hai1="11,101,16,53,25,88,117,106,61,54,46,64,133" hai2="132,33,1,37,44,4,81,80,0,72,97,68,87" hai3="100,107,30,95,116,77,31,127,43,91,120,6,8"/><T134/><D113/><U99/><E117/><V96/><F68/><W28/><G116/><T57/><D3/><U122/><E122/><V118/><F118/><W27/><G120/><T38/><D38/><U125/><E125/><V103/><F33/><W105/><G127/><T63/><D34/><U82/><E133/><V110/><F1/><W128/><G128/><T73/><D73/><U56/><E46/><V50/><F110/><W129/><G129/><T58/><D104/><U10/><E10/><N who="2" m="2311" /><F50/><W69/><G69/><T85/><D134/><U62/><E62/><V55/><F55/><W49/><G27/><T111/><D78/><U21/><REACH who="1" step="1"/><E11/><REACH who="1" ten="370,200,210,210" step="2"/><V79/><F132/><W115/><G8/><T74/><D63/><U45/><E45/><V65/><F65/><W98/><G49/><T60/><D60/><U109/><E109/><V123/><F123/><W70/><G70/><T26/><D111/><U92/><E92/><V42/><F103/><W22/><G100/><T32/><D51/><U5/><E5/><V15/><F15/><W41/><G6/><T52/><D13/><U76/><E76/><AGARI ba="1,1" hai="37,42,44,72,76,79,80,81,87,96,97" m="2311" machi="76" ten="30,2000,0" yaku="25,1,52,1" doraHai="2" who="2" fromWho="1" sc="370,0,200,-23,210,33,210,0" /><INIT seed="1,0,0,3,3,125" ten="370,177,243,210" oya="1" hai0="118,109,13,82,116,97,76,24,54,20,1,130,8" hai1="34,95,21,22,78,108,40,80,45,9,101,71,81" hai2="98,104,18,105,88,83,94,51,87,79,85,57,59" hai3="132,32,14,126,39,102,90,134,15,120,92,103,127"/><U67/><E34/><V38/><F38/><W11/><G32/><T129/><D1/><U72/><E108/><V91/><F18/><W135/><G39/><T28/><D97/><U69/><E81/><N who="2" m="47295" /><F51/><W50/><G50/><T7/><D54/><U77/><E77/><N who="2" m="46575" /><F59/><W114/><G114/><T74/><REACH who="0" step="1"/><D109/><REACH who="0" ten="360,177,243,210" step="2"/><U19/><E67/><V99/><F57/><W3/><G3/><T70/><D70/><U86/><E71/><V113/><F113/><W4/><G135/><T36/><D36/><U115/><E69/><V43/><F43/><W53/><G134/><T100/><D100/><U62/><E115/><V42/><F42/><W47/><G132/><T41/><D41/><U26/><E40/><V73/><F73/><W110/><G110/><T64/><D64/><U65/><E65/><V5/><F5/><W0/><G0/><T93/><D93/><AGARI ba="0,1" hai="88,91,93,94,98,99,104,105" m="46575,47295" machi="93" ten="30,12000,2" yaku="35,5,54,1" doraHai="125" who="2" fromWho="0" sc="360,-120,177,0,243,130,210,0" /><INIT seed="2,0,0,3,1,87" ten="240,177,373,210" oya="2" hai0="76,84,19,24,105,3,20,36,86,57,65,34,114" hai1="93,123,85,58,31,59,70,22,71,6,63,119,39" hai2="108,134,50,33,28,38,21,103,106,2,16,25,46" hai3="52,131,78,44,32,90,100,17,91,1,130,79,96"/><V125/><F2/><W13/><G32/><T72/><D105/><U11/><E119/><V75/><F75/><W47/><G1/><T115/><D36/><U62/><E39/><V95/><F106/><N who="3" m="63751" /><G79/><T4/><D72/><U133/><E133/><V23/><F125/><W97/><G78/><T112/><D76/><U127/><E127/><V54/><F108/><W30/><G97/><T132/><D132/><U98/><E85/><V111/><F111/><W126/><G30/><T26/><D26/><N who="1" m="16855" /><E70/><V64/><F134/><W128/><G126/><T122/><D122/><U67/><E71/><V45/><F64/><W53/><G47/><T9/><REACH who="0" step="1"/><D34/><REACH who="0" ten="230,177,373,210" step="2"/><U101/><E123/><V109/><F109/><W74/><G74/><T129/><D129/><U41/><E41/><V94/><F38/><W102/><G102/><T66/><D66/><N who="1" m="39255" /><E6/><V61/><F33/><W135/><G135/><T104/><D104/><U83/><E11/><V89/><F25/><W117/><G117/><T73/><D73/><U60/><E60/><AGARI ba="0,1" hai="3,4,9,19,20,24,57,60,65,84,86,112,114,115" machi="60" ten="40,2600,0" yaku="1,1,53,1" doraHai="87" doraHaiUra="12" who="0" fromWho="1" sc="230,36,177,-26,373,0,210,0" /><INIT seed="3,0,0,0,0,74" ten="266,151,373,210" oya="3" hai0="77,37,83,105,7,126,22,24,51,23,94,84,41" hai1="96,12,9,6,26,1,102,98,111,2,135,66,75" hai2="78,32,18,79,113,120,52,56,38,115,53,133,35" hai3="15,82,8,124,112,10,76,132,73,36,50,80,19"/><W97/><G112/><T86/><D105/><U128/><E111/><V48/><F38/><W3/><G36/><T91/><D126/><U65/><E135/><V131/><F131/><W27/><G132/><T63/><D37/><U55/><E128/><V16/><F133/><W93/><G124/><T11/><D63/><U39/><E39/><V85/><F85/><W90/><G50/><T4/><D24/><U95/><E75/><V114/><F114/><W40/><G40/><T60/><D60/><U44/><E1/><V47/><F56/><W110/><G110/><T123/><D123/><U42/><E42/><V103/><F103/><W92/><G82/><T46/><D7/><U13/><E26/><V61/><F61/><W21/><G3/><AGARI ba="0,0" hai="3,4,11,22,23,41,46,51,77,83,84,86,91,94" machi="3" ten="30,2000,0" yaku="7,1,52,1" doraHai="74" who="0" fromWho="3" sc="266,20,151,0,373,0,210,-20" owari="286,8.6,151,-34.9,373,47.3,190,-21.0" /></mjloggm>