<mjloggm ver="2.3"><GO type="225" lobby="0"/><UN n0="%72%61%6B%33" n1="%E5%B0%8F%E9%B3%A5%E9%81%8A%E7%B7%B4%E7%84%A1%32%31%E6%AD%B3" n2="%E3%82%A2%E3%82%A4%E3%82%B9%E3%83%86%E3%82%A3%E3%83%BC%E3%81%82%E3%81%B9" n3="%48%61%61%61%6C%61%6E%64" dan="16,16,16,18" rate="2102.85,2163.37,2130.61,2166.30" sx="M,F,M,M"/><TAIKYOKU oya="0"/><INIT seed="0,0,0,5,3,121" ten="250,250,250,250" oya="0" hai0="41,135,14,91,118,52,76,31,70,73,116,72,30" hai1="74,49,133,48,134,101,62,51,37,128,65,61,87" hai2="28,12,99,25,77,17,66,112,8,2,15,80,10" hai3="53,23,89,132,24,117,0,9,60,16,11,119,93"/><T98/><D70/><U64/><E74/><V100/><F112/><W129/><G129/><T81/><D135/><N who="1" m="51723" /><E87/><V7/><F66/><N who="1" m="25705" /><E101/><V90/><F90/><W6/><G132/><T5/><D72/><U115/><E128/><V42/><F42/><W40/><G40/><T122/><D122/><U86/><E86/><V68/><F68/><W57/><REACH who="3" step="1"/><G9/><REACH who="3" ten="250,250,250,240" step="2"/><T45/><D41/><U34/><E115/><V39/><F39/><W127/><G127/><T92/><D118/><U103/><E34/><V3/><F77/><W96/><AGARI ba="0,1" hai="0,6,11,16,23,24,53,57,60,89,93,96,117,119" machi="96" ten="20,12000,2" yaku="1,1,0,1,7,1,25,2,54,1,53,0" doraHai="121" doraHaiUra="44" who="3" fromWho="3" sc="250,-60,250,-30,250,-30,240,130" /><INIT seed="1,0,0,1,5,98" ten="190,220,220,370" oya="1" hai0="74,107,128,8,124,114,116,94,106,115,104,75,42" hai1="131,48,18,65,78,89,29,54,13,47,51,93,52" hai2="129,109,35,118,92,16,81,85,111,45,11,108,87" hai3="31,133,125,127,20,36,80,73,55,110,39,46,9"/><U58/><E131/><V99/><F35/><W102/><G110/><T101/><D42/><U130/><E130/><V91/><F129/><W14/><G133/><T68/><D128/><U0/><E0/><V105/><F118/><W43/><G102/><T96/><D68/><U90/><E29/><V26/><F105/><W15/><G36/><T7/><D116/><U10/><E65/><V132/><F132/><W23/><G55/><T134/><D134/><U113/><E113/><N who="0" m="43017" /><D8/><U95/><E78/><V88/><F45/><W62/><G62/><T38/><D7/><U53/><E53/><V72/><F72/><N who="0" m="27690" /><D38/><U97/><REACH who="1" step="1"/><E95/><REACH who="1" ten="190,210,220,370" step="2"/><V63/><F63/><W12/><G31/><T1/><D1/><U61/><E61/><V2/><F2/><W30/><G30/><T79/><D79/><U84/><E84/><V17/><F87/><W71/><G73/><T56/><D56/><U60/><E60/><V57/><F57/><W66/><G66/><T67/><D67/><U49/><E49/><V22/><F11/><W120/><G9/><T123/><D123/><U121/><E121/><V33/><F33/><W24/><G120/><T28/><D28/><AGARI ba="0,1" hai="16,17,22,26,28,81,85,88,91,92,99,108,109,111" machi="28" ten="40,5200,0" yaku="14,1,54,2" doraHai="98" who="2" fromWho="0" sc="190,-52,210,0,220,62,370,0" /><INIT seed="2,0,0,1,3,106" ten="138,210,282,370" oya="2" hai0="25,45,67,28,26,99,82,121,70,105,39,15,120" hai1="48,0,127,131,1,57,72,71,96,41,93,38,69" hai2="128,46,43,115,101,23,117,7,108,81,125,130,65" hai3="76,47,75,109,112,13,52,5,22,2,133,14,77"/><V102/><F117/><W107/><G107/><T79/><D15/><U64/><E38/><V17/><F115/><W6/><G112/><T49/><D26/><U29/><E29/><V114/><F114/><W122/><G122/><T61/><D49/><U88/><E131/><N who="2" m="50219" /><F125/><W104/><G104/><T30/><D30/><U100/><E127/><V84/><F7/><W134/><G22/><T9/><D9/><U21/><E100/><V74/><F65/><W126/><G126/><T73/><D45/><U37/><E37/><N who="2" m="21871" /><F74/><W118/><G75/><T68/><D68/><U3/><E72/><V85/><F108/><W90/><G109/><T89/><D39/><U119/><E119/><V83/><F85/><W103/><G5/><T62/><D62/><U92/><E64/><V91/><F83/><W59/><G6/><T94/><REACH who="0" step="1"/><D105/><REACH who="0" ten="128,210,282,370" step="2"/><U12/><E71/><V8/><F8/><W27/><G47/><T66/><D66/><U129/><E69/><V50/><F50/><W11/><G11/><T33/><AGARI ba="0,1" hai="25,28,33,61,67,70,73,79,82,89,94,99,120,121" machi="33" ten="20,5200,0" yaku="1,1,0,1,7,1,52,1,53,0" doraHai="106" doraHaiUra="32" who="0" fromWho="0" sc="128,62,210,-13,282,-26,370,-13" /><INIT seed="3,0,0,0,0,133" ten="190,197,256,357" oya="3" hai0="109,30,74,118,23,16,121,20,107,95,97,28,83" hai1="40,50,42,18,12,0,124,98,128,72,81,120,129" hai2="75,6,61,36,94,79,3,33,10,45,132,116,119" hai3="125,106,24,2,25,7,112,134,35,26,41,66,1"/><W48/><G125/><T43/><D121/><U131/><E0/><V84/><F132/><W96/><G48/><T78/><D118/><U9/><E120/><V53/><F33/><W77/><G25/><T46/><D107/><U49/><E98/><V32/><F32/><W135/><G41/><T22/><D109/><U70/><E70/><V122/><F122/><W87/><G87/><T92/><D16/><U80/><E72/><V126/><F126/><W117/><G66/><T105/><D105/><U130/><N who="1" m="32768" /><DORA hai="62" /><U71/><E71/><V114/><F114/><W21/><G77/><T89/><REACH who="0" step="1"/><D95/><REACH who="0" ten="180,197,256,357" step="2"/><U67/><E124/><V58/><F94/><W55/><G106/><T86/><D86/><U127/><E127/><V39/><F84/><W44/><G117/><T52/><D52/><U88/><E67/><V5/><F5/><W60/><G55/><T69/><D69/><U111/><E111/><V64/><F53/><W57/><G7/><T38/><AGARI ba="0,1" hai="20,22,23,28,30,38,43,46,74,78,83,89,92,97" machi="38" ten="30,2000,0" yaku="1,1,0,1,53,0" doraHai="133,62" doraHaiUra="54,115" who="0" fromWho="0" sc="180,30,197,-5,256,-5,357,-10" owari="210,-19.0,192,-30.8,251,5.1,347,44.7" /></mjloggm>