<mjloggm ver="2.3"><GO type="225" lobby="0"/><UN n0="%6D%75%75%73%61%6E%6D%75" n1="%33%74%72%65%65" n2="%E3%81%BF%E3%81%BF%E3%81%9A" n3="%E3%82%B7%E3%83%B3%E5%A4%AA%E6%9C%97" dan="16,16,18,16" rate="2113.69,2119.78,2225.64,2156.54" sx="F,F,M,M"/><TAIKYOKU oya="0"/><INIT seed="0,0,0,1,0,60" ten="250,250,250,250" oya="0" hai0="126,54,89,100,93,108,109,23,122,10,131,110,28" hai1="25,22,129,5,96,16,46,21,61,53,63,45,40" hai2="79,124,69,59,48,104,29,90,24,38,121,116,20" hai3="102,105,123,14,56,27,130,33,98,12,114,70,64"/><T18/><D122/><U32/><E129/><V50/><F38/><W30/><G123/><T42/><D131/><U132/><E132/><V62/><F121/><W58/><G130/><T87/><D126/><U119/><E119/><V91/><F104/><W72/><G72/><T99/><D42/><U55/><E32/><V65/><F116/><W134/><G134/><T107/><D54/><N who="1" m="20491" /><E5/><V43/><F69/><W118/><G118/><T85/><D10/><U80/><E80/><V34/><F124/><W84/><G114/><T19/><REACH who="0" step="1"/><D87/><REACH who="0" ten="240,250,250,250" step="2"/><U8/><E8/><V97/><F43/><W35/><G84/><T135/><D135/><U112/><E112/><V73/><F73/><W66/><G35/><T49/><D49/><N who="1" m="26791" /><E46/><V41/><F41/><W9/><G9/><T31/><D31/><N who="1" m="17839" /><E96/><V125/><F125/><W95/><G98/><T113/><D113/><U101/><E61/><V44/><F50/><W36/><G30/><T52/><D52/><U17/><E63/><V128/><F48/><W83/><G36/><T78/><D78/><U57/><E22/><V115/><F44/><W67/><G33/><T75/><D75/><U15/><E57/><V71/><F115/><W11/><G56/><T7/><D7/><U77/><E77/><V26/><F128/><W51/><G58/><T3/><D3/><U86/><E86/><V82/><F59/><W6/><G11/><T88/><D88/><U81/><E101/><V1/><F1/><W13/><G6/><T47/><D47/><U92/><E17/><N who="2" m="12303" /><F97/><N who="3" m="61647" /><G51/><T106/><D106/><U127/><E127/><V76/><F76/><RYUUKYOKU ba="0,1" sc="240,15,250,-15,250,15,250,-15" hai0="18,19,23,28,85,89,93,99,100,107,108,109,110" hai2="26,29,34,62,65,71,79,82,90,91" /><INIT seed="0,1,1,5,2,4" ten="255,235,265,235" oya="0" hai0="103,80,81,16,41,59,120,38,124,22,86,126,1" hai1="3,43,13,56,129,78,55,17,66,88,58,25,110" hai2="85,23,92,2,111,7,9,34,32,100,27,74,112" hai3="119,50,99,72,75,65,77,46,116,76,95,118,128"/><T51/><D120/><U14/><E110/><V21/><F74/><W114/><G114/><T42/><D1/><U19/><E129/><V48/><F112/><W108/><G108/><T68/><D68/><U90/><E3/><V131/><F111/><W107/><G107/><T8/><D38/><U106/><E106/><V117/><F131/><W20/><G128/><T105/><D105/><U113/><E113/><V127/><F117/><W133/><G133/><T109/><D103/><U57/><E43/><N who="0" m="16393" /><D109/><U125/><E125/><N who="0" m="48233" /><D86/><U61/><E78/><V101/><F127/><W54/><G65/><T104/><D104/><U79/><E79/><V44/><F23/><W71/><G71/><T130/><D130/><U69/><E69/><V53/><F101/><W47/><G47/><T11/><D51/><U121/><E121/><V26/><F26/><W18/><G75/><T29/><D29/><U134/><E25/><V35/><F85/><W93/><G72/><T135/><D59/><N who="1" m="35071" /><E66/><V102/><REACH who="2" step="1"/><F92/><REACH who="2" ten="255,235,255,235" step="2"/><W64/><G95/><T122/><D122/><U73/><E73/><V67/><F67/><W63/><G64/><T97/><D97/><U39/><E134/><V33/><N who="2" m="8192" /><DORA hai="12" /><V6/><F6/><W84/><G84/><T10/><D135/><U36/><E36/><V98/><F98/><W0/><G93/><T115/><D115/><U123/><E39/><V37/><F37/><W70/><G99/><T49/><D49/><U60/><E123/><V40/><F40/><W89/><G116/><T94/><D94/><U52/><E60/><V5/><F5/><W24/><G118/><RYUUKYOKU ba="1,2" sc="255,15,235,-15,255,15,235,-15" hai0="8,10,11,16,22,80,81" hai2="2,7,9,21,27,44,48,53,100,102" /><INIT seed="0,2,2,3,4,0" ten="270,220,270,220" oya="0" hai0="57,21,122,96,119,84,4,101,92,131,111,28,91" hai1="26,7,118,130,132,2,8,25,32,58,129,9,67" hai2="121,13,113,112,34,14,134,50,83,97,52,46,39" hai3="48,115,37,116,20,125,100,27,30,35,15,103,66"/><T19/><D119/><U108/><E118/><V107/><F121/><W70/><G116/><T105/><D122/><U36/><E108/><V82/><F34/><W62/><G125/><T11/><D111/><U89/><E132/><V38/><F134/><W24/><G115/><T102/><D131/><N who="1" m="50187" /><E36/><V53/><F107/><W120/><G37/><T124/><D124/><U42/><E42/><V69/><F97/><W33/><G120/><T3/><D101/><U73/><E73/><V93/><F93/><W133/><G133/><T56/><REACH who="0" step="1"/><D28/><REACH who="0" ten="260,220,270,220" step="2"/><U5/><E32/><V6/><F113/><W10/><G35/><T94/><D94/><U135/><E135/><V12/><F112/><W76/><G103/><T29/><D29/><U49/><E89/><V88/><F88/><W65/><G100/><T71/><D71/><U68/><E68/><V1/><F69/><W80/><G70/><T54/><D54/><N who="1" m="32079" /><E67/><V114/><F114/><W43/><G66/><T64/><D64/><U128/><E128/><V109/><F109/><W106/><G65/><T51/><D51/><U17/><E17/><V22/><F39/><W45/><G106/><T95/><D95/><U72/><E72/><V55/><F38/><W74/><G62/><T90/><D90/><U110/><E110/><V87/><F53/><W123/><G123/><T78/><D78/><U98/><E98/><V104/><F52/><W60/><G60/><T23/><D23/><U63/><E63/><V85/><F104/><W16/><G33/><T117/><D117/><U41/><E41/><V47/><F50/><W81/><G81/><RYUUKYOKU ba="2,3" sc="260,10,220,10,270,-30,220,10" hai0="3,4,11,19,21,56,57,84,91,92,96,102,105" hai1="2,5,7,8,9,25,26" hai3="10,15,16,20,24,27,30,43,45,48,74,76,80" /><INIT seed="0,3,3,3,1,27" ten="270,230,240,230" oya="0" hai0="105,109,60,88,54,12,38,30,18,32,35,24,15" hai1="1,135,128,94,39,64,100,3,122,69,98,97,107" hai2="65,133,8,44,75,22,79,78,110,49,70,21,5" hai3="23,119,89,93,116,83,37,61,121,86,50,123,7"/><T0/><D0/><U129/><E122/><N who="3" m="46602" /><G37/><T125/><D38/><U40/><E135/><V58/><F70/><W101/><G7/><T95/><D105/><U10/><E64/><V96/><F133/><W91/><G61/><T131/><D131/><N who="1" m="50251" /><E69/><V57/><F110/><W87/><G50/><T45/><D109/><U106/><E10/><V11/><F96/><N who="3" m="59535" /><G23/><N who="2" m="8713" /><F75/><W17/><G17/><T28/><D125/><U56/><E56/><N who="2" m="21611" /><F65/><W47/><G47/><T13/><D60/><U36/><E36/><V34/><F34/><W81/><AGARI ba="3,3" hai="81,83,86,87,89,91,116,119" m="59535,46602" machi="81" ten="30,4000,0" yaku="13,1,34,2" doraHai="27" who="3" fromWho="3" sc="270,-23,230,-13,240,-13,230,79" /><INIT seed="1,0,0,0,5,90" ten="247,217,227,309" oya="1" hai0="88,30,68,122,55,4,70,113,86,50,9,108,91" hai1="11,15,49,92,112,85,97,77,36,46,57,119,133" hai2="79,29,95,83,62,107,121,5,37,42,99,31,89" hai3="56,44,19,69,98,127,118,34,63,60,128,81,78"/><U10/><E112/><V109/><F121/><W80/><G128/><T106/><D113/><U102/><E119/><V58/><F109/><W65/><G127/><T110/><D106/><U103/><E133/><V22/><F5/><W41/><G118/><T54/><D30/><U75/><E75/><V12/><F107/><W21/><G34/><T39/><D39/><U16/><E36/><V87/><F37/><W96/><G41/><T64/><D122/><U76/><E103/><V1/><F1/><W126/><G44/><T38/><D38/><U67/><E10/><V28/><F42/><W115/><G115/><T24/><D24/><U23/><E85/><V25/><REACH who="2" step="1"/><F12/><REACH who="2" ten="247,217,217,309" step="2"/><W111/><G111/><T84/><D4/><U35/><E35/><V45/><F45/><W51/><G126/><T73/><D108/><U131/><E131/><V117/><F117/><W7/><G7/><T120/><D110/><U53/><E11/><V52/><AGARI ba="0,1" hai="22,25,28,29,31,52,58,62,79,83,87,89,95,99" machi="52" ten="20,12000,2" yaku="1,1,0,1,7,1,8,1,52,1,54,1,53,0" doraHai="90" doraHaiUra="125" who="2" fromWho="2" sc="247,-30,217,-60,217,130,309,-30" /><INIT seed="2,0,0,0,2,110" ten="217,157,347,279" oya="2" hai0="84,99,82,64,93,125,108,4,1,109,65,61,123" hai1="76,115,122,113,59,63,134,66,46,8,67,9,85" hai2="100,98,127,92,31,55,6,119,36,71,24,49,126" hai3="0,26,28,52,86,22,107,47,16,116,18,7,83"/><V15/><F119/><W40/><G116/><T72/><D123/><U14/><E122/><V96/><F36/><W58/><G107/><T19/><D72/><U35/><E134/><V42/><F71/><W81/><G81/><T41/><D125/><N who="2" m="47626" /><F42/><W102/><G102/><T50/><D1/><U77/><E35/><N who="2" m="20967" /><F6/><W87/><G87/><T20/><D4/><U118/><E118/><V101/><F15/><W45/><G0/><T103/><D50/><U38/><E38/><V43/><F43/><W12/><G7/><T89/><D41/><U120/><E120/><V33/><F33/><W32/><G18/><T117/><D117/><U30/><E30/><V135/><F135/><W27/><G27/><T132/><D132/><U13/><E46/><N who="2" m="28087" /><F96/><W106/><G40/><T74/><D74/><U17/><E67/><V130/><F130/><W21/><G32/><T2/><D2/><U78/><REACH who="1" step="1"/><E85/><REACH who="1" ten="217,147,347,279" step="2"/><V111/><F111/><W56/><G86/><T114/><D65/><U44/><E44/><V60/><F60/><W51/><G47/><T79/><D108/><U133/><E133/><V23/><F23/><W62/><G62/><T68/><D109/><U129/><E129/><V128/><F128/><W80/><G45/><T95/><D61/><U39/><E39/><V90/><AGARI ba="0,1" hai="90,92,98,100,101" m="28087,20967,47626" machi="90" ten="30,1500,0" yaku="18,1" doraHai="110" who="2" fromWho="2" sc="217,-5,147,-5,347,25,279,-5" /><INIT seed="2,1,0,0,2,93" ten="212,142,372,274" oya="2" hai0="22,61,23,44,36,45,0,21,110,115,107,108,24" hai1="20,26,59,71,12,67,53,25,19,11,78,129,89" hai2="118,114,105,79,134,63,6,62,56,116,74,32,41" hai3="96,27,99,48,54,73,109,121,3,28,14,83,72"/><V80/><F114/><W57/><G121/><T103/><D115/><U66/><E129/><V16/><F32/><W126/><G3/><T58/><D0/><U9/><E71/><V4/><F105/><W5/><G126/><T51/><D36/><U68/><E68/><V131/><F41/><W128/><G128/><T47/><D107/><U31/><E78/><V85/><F131/><W113/><G113/><T7/><D7/><U2/><E26/><V117/><F134/><W43/><G109/><N who="0" m="42091" /><D103/><U104/><E104/><V10/><F63/><W130/><G130/><T33/><D33/><U13/><E89/><V65/><F74/><W42/><G73/><T34/><D34/><U112/><E2/><V64/><F64/><W119/><G119/><T76/><D76/><U86/><E86/><V123/><F123/><W84/><G72/><T1/><D1/><U133/><E133/><V8/><F8/><N who="3" m="4367" /><G27/><T120/><D120/><U15/><E112/><V46/><F46/><W37/><G28/><N who="0" m="17423" /><D51/><U38/><E38/><V106/><F106/><W50/><G37/><T70/><D70/><U124/><E124/><V60/><F60/><W95/><G48/><T75/><D75/><U92/><E31/><V52/><F65/><AGARI ba="1,0" hai="22,23,44,45,47,58,61,65" m="17423,42091" machi="65" ten="30,1000,0" yaku="14,1" doraHai="93" who="0" fromWho="2" sc="212,13,142,0,372,-13,274,0" /><INIT seed="3,0,0,3,0,89" ten="225,142,359,274" oya="3" hai0="117,44,45,90,118,62,32,108,36,129,52,51,71" hai1="133,79,29,2,107,116,26,11,56,19,4,73,94" hai2="23,40,8,65,1,98,101,7,43,41,33,34,105" hai3="6,75,132,102,55,128,54,80,111,95,58,70,86"/><W64/><G132/><T85/><D32/><U113/><E113/><V5/><F65/><W25/><G128/><T49/><D129/><U124/><E107/><V99/><F23/><W63/><G111/><T31/><D31/><U115/><E115/><V28/><F28/><W112/><G112/><T53/><D108/><U0/><E133/><V66/><F99/><W97/><G75/><T125/><D125/><U103/><E124/><V16/><F16/><W123/><G123/><T15/><D15/><U83/><E116/><V93/><F105/><W72/><G72/><T121/><D36/><U87/><E19/><V14/><F66/><W130/><G130/><T9/><D9/><U120/><E120/><V67/><F67/><W17/><G6/><T24/><D24/><U47/><E56/><V48/><F48/><W59/><G70/><T60/><D121/><U91/><E47/><V100/><F100/><W20/><REACH who="3" step="1"/><G58/><REACH who="3" ten="225,142,359,264" step="2"/><T12/><D71/><U78/><E78/><AGARI ba="0,1" hai="17,20,25,54,55,59,63,64,78,80,86,95,97,102" machi="78" ten="30,12000,1" yaku="1,1,2,1,7,1,8,1,52,1,53,0" doraHai="89" doraHaiUra="69" who="3" fromWho="1" sc="225,0,142,-120,359,0,264,130" owari="225,-17.5,22,-47.8,359,15.9,394,49.4" /></mjloggm>