<mjloggm ver="2.3"><GO type="225" lobby="0"/><UN n0="%72%61%6B%33" n1="%E6%A1%9C%E8%8A%B1%E9%96%83%E3%80%85" n2="%E6%97%A5%E6%9B%9C%E6%97%A5%E3%82%88%E3%82%8A%E3%81%AE%E4%BD%BF%E8%80%85" n3="%E3%82%82%E3%81%90%E3%82%89" dan="17,18,17,17" rate="2297.30,2265.09,2150.91,2175.57" sx="M,M,M,M"/><TAIKYOKU oya="0"/><INIT seed="0,0,0,5,3,7" ten="250,250,250,250" oya="0" hai0="109,92,16,35,99,31,40,135,1,0,78,128,36" hai1="125,3,97,69,47,72,91,57,116,79,77,44,2" hai2="73,27,26,104,114,90,87,80,25,93,37,113,123" hai3="96,66,32,89,38,100,76,29,62,74,41,83,12"/><T65/><D128/><U34/><E69/><V105/><F123/><W13/><G89/><T124/><D124/><U30/><E116/><V82/><F37/><W94/><G41/><T134/><D78/><U20/><E34/><V50/><F50/><W14/><G38/><T126/><D126/><U54/><E3/><V48/><F48/><W133/><G133/><T120/><D65/><U103/><E2/><V4/><F4/><W106/><G94/><T10/><D120/><U43/><E91/><V15/><F15/><W98/><G98/><T64/><D64/><U86/><E72/><V68/><F68/><W45/><G45/><T121/><D121/><U108/><E108/><V84/><F73/><W129/><G129/><T39/><D109/><U18/><E30/><V112/><REACH who="2" step="1"/><F93/><REACH who="2" ten="250,250,240,250" step="2"/><W53/><G14/><N who="0" m="7255" /><D0/><U56/><E125/><V60/><F60/><W46/><G13/><T51/><D1/><U21/><E43/><V111/><F111/><W110/><G12/><T33/><D51/><U70/><E70/><V11/><F11/><W101/><G110/><T115/><D36/><U130/><E130/><V122/><F122/><W117/><G74/><T28/><D39/><U67/><E47/><V132/><F132/><N who="0" m="50730" /><D40/><U9/><E44/><V42/><F42/><W118/><G46/><T107/><D92/><U63/><E63/><V24/><N who="2" m="6144" /><DORA hai="52" /><V58/><F58/><W19/><G62/><T59/><D59/><U95/><E57/><V61/><F61/><W22/><G118/><T71/><D71/><U23/><E95/><V127/><F127/><W49/><G117/><RYUUKYOKU ba="0,1" sc="250,-10,250,-10,240,30,250,-10" hai2="80,82,84,87,90,104,105,112,113,114" /><INIT seed="1,1,1,5,2,114" ten="240,240,270,240" oya="1" hai0="50,14,30,87,115,24,77,90,17,101,69,97,112" hai1="131,78,123,102,135,79,53,35,48,15,25,12,113" hai2="2,120,40,122,4,37,133,51,130,73,22,10,57" hai3="3,104,96,126,66,103,0,43,54,62,9,76,23"/><U83/><E113/><V70/><F70/><W81/><G126/><T71/><D77/><U67/><E123/><V18/><F130/><W85/><G9/><T39/><D39/><U94/><E131/><V84/><F73/><W117/><G43/><T31/><D69/><U33/><E67/><V26/><F133/><W72/><G117/><T134/><D71/><U108/><E135/><V8/><F37/><W64/><G54/><T19/><D134/><U116/><E116/><V27/><F84/><W60/><G23/><T105/><D30/><U44/><E79/><V20/><F57/><W127/><G127/><T11/><D19/><U109/><E94/><V91/><F91/><W32/><G32/><N who="1" m="12362" /><E25/><V111/><F111/><N who="1" m="42569" /><E102/><V98/><F98/><W42/><G66/><T5/><D17/><U92/><E92/><V106/><F106/><W89/><G64/><T75/><D24/><U88/><E88/><V28/><REACH who="2" step="1"/><F10/><REACH who="2" ten="240,240,260,240" step="2"/><W1/><REACH who="3" step="1"/><G42/><REACH who="3" ten="240,240,260,230" step="2"/><T16/><D11/><U7/><E7/><V45/><AGARI ba="1,3" hai="2,4,8,18,20,22,26,27,28,40,45,51,120,122" machi="45" ten="30,4000,0" yaku="1,1,2,1,0,1,53,0" doraHai="114" doraHaiUra="125" who="2" fromWho="2" sc="240,-11,240,-21,260,73,230,-11" /><INIT seed="2,0,0,0,3,64" ten="229,219,333,219" oya="2" hai0="115,23,18,51,75,95,86,108,32,37,93,90,94" hai1="121,74,56,78,69,15,134,59,1,55,81,29,80" hai2="46,35,0,60,11,24,68,33,42,21,118,6,49" hai3="131,34,89,105,62,27,112,8,76,9,25,36,84"/><V82/><F118/><W88/><G36/><T87/><D37/><U10/><E1/><V67/><REACH who="2" step="1"/><F82/><REACH who="2" ten="229,219,323,219" step="2"/><N who="3" m="47175" /><G112/><T40/><D115/><U103/><E81/><V106/><F106/><W127/><G105/><T120/><D95/><U124/><E80/><V58/><F58/><W99/><G131/><T100/><D94/><U38/><E59/><V19/><AGARI ba="0,1" hai="0,6,11,19,21,24,33,35,42,46,49,60,67,68" machi="19" ten="20,12000,1" yaku="1,1,0,1,7,1,52,1,53,1" doraHai="64" doraHaiUra="4" who="2" fromWho="2" sc="229,-40,219,-40,323,130,219,-40" /><INIT seed="2,1,0,2,2,8" ten="189,179,453,179" oya="2" hai0="73,94,106,26,126,19,117,98,74,51,20,124,52" hai1="104,112,96,119,2,127,118,130,76,23,72,33,50" hai2="79,59,103,5,64,123,45,14,0,18,120,99,44" hai3="83,4,47,35,16,133,38,13,89,86,107,37,43"/><V63/><F79/><W100/><G133/><T61/><D106/><U55/><E33/><V56/><F0/><W114/><G114/><T101/><D61/><U42/><E112/><V82/><F5/><W71/><G35/><T85/><D85/><U77/><E2/><V6/><F6/><W40/><G71/><T93/><D93/><U46/><E127/><N who="0" m="48681" /><D117/><U81/><E130/><V88/><F59/><AGARI ba="1,0" hai="19,20,26,51,52,59,73,74,94,98,101" m="48681" machi="59" ten="30,2000,0" yaku="18,1,54,1" doraHai="8" who="0" fromWho="2" sc="189,23,179,0,453,-23,179,0" /><INIT seed="3,0,0,3,4,19" ten="212,179,430,179" oya="3" hai0="18,112,56,98,109,53,28,3,61,43,130,86,73" hai1="108,93,51,0,78,62,115,66,89,119,45,113,116" hai2="75,54,92,4,134,100,50,57,20,91,133,131,9" hai3="85,26,22,65,83,79,118,41,106,46,1,49,127"/><W105/><G127/><T99/><D73/><U40/><E0/><V48/><F75/><W6/><G118/><N who="1" m="45098" /><E78/><V72/><F72/><W124/><G124/><T29/><D3/><U33/><E33/><V24/><F100/><W104/><G65/><T55/><D109/><U30/><E30/><V120/><F120/><W11/><REACH who="3" step="1"/><G106/><REACH who="3" ten="212,179,430,169" step="2"/><T58/><D112/><U102/><E108/><V7/><F134/><W47/><G47/><T121/><D121/><U42/><E102/><V64/><F133/><W36/><G36/><T32/><D130/><U77/><E77/><V27/><F131/><W60/><G60/><T69/><D61/><U71/><E42/><V88/><F64/><W14/><G14/><T13/><D13/><U135/><E135/><V122/><F122/><W12/><G12/><T114/><D43/><U94/><E94/><V126/><F126/><W37/><G37/><T107/><D107/><U123/><E123/><V82/><F92/><W15/><G15/><T31/><D114/><U63/><E63/><V76/><F76/><W38/><G38/><T44/><D44/><U103/><E103/><V95/><F95/><W101/><G101/><T132/><D132/><U81/><E81/><V97/><F82/><W110/><G110/><T125/><D125/><U111/><E111/><V68/><F50/><W59/><G59/><T52/><D58/><U70/><E70/><V67/><F68/><W21/><G21/><T87/><D69/><U128/><E128/><V80/><F67/><W96/><G96/><AGARI ba="0,1" hai="40,45,51,62,66,71,89,93,96,113,115" m="45098" machi="96" ten="30,1000,0" yaku="12,1" doraHai="19" who="1" fromWho="3" sc="212,0,179,20,430,0,169,-10" owari="212,1.2,199,-20.1,430,53.0,159,-34.1" /></mjloggm>