<mjloggm ver="2.3"><GO type="225" lobby="0"/><UN n0="%E3%83%A9%E3%83%96%E3%83%AC%E3%83%BC" n1="%72%61%6B%33" n2="%47%48%4F%53%54" n3="%E3%81%82%E3%81%99%E3%81%AB%E3%82%83%E3%82%80" dan="18,18,17,16" rate="2235.83,2237.72,2240.29,2157.22" sx="M,M,M,F"/><TAIKYOKU oya="0"/><INIT seed="0,0,0,5,2,31" ten="250,250,250,250" oya="0" hai0="58,85,2,98,20,23,117,86,90,36,37,19,78" hai1="95,132,79,116,44,32,80,62,97,28,69,42,12" hai2="68,53,105,0,111,120,60,18,65,107,67,93,11" hai3="108,56,27,102,81,55,75,40,33,112,35,134,3"/><T61/><D2/><U106/><E132/><V51/><F120/><W125/><G112/><T99/><D117/><U70/><E116/><V6/><F111/><W131/><G108/><T83/><D37/><U21/><E12/><V109/><F109/><W46/><G3/><T96/><D36/><U39/><E21/><V135/><F135/><W5/><G5/><T1/><D1/><U41/><E41/><V57/><F67/><W16/><G134/><T126/><D126/><U124/><E124/><V38/><F93/><W94/><G131/><T52/><REACH who="0" step="1"/><D19/><REACH who="0" ten="240,250,250,250" step="2"/><U82/><E39/><V101/><F38/><W122/><G16/><T110/><D110/><U9/><E69/><V49/><F18/><W127/><G125/><T64/><D64/><U54/><E70/><V119/><F119/><W103/><G127/><T7/><D7/><U66/><E66/><V133/><F133/><W22/><G122/><T115/><D115/><U77/><E77/><V59/><F101/><W76/><G102/><T34/><D34/><U87/><E32/><V92/><F92/><AGARI ba="0,1" hai="20,23,52,58,61,78,83,85,86,90,92,96,98,99" machi="92" ten="40,12000,1" yaku="1,1,8,1,54,1,53,1" doraHai="31" doraHaiUra="50" who="0" fromWho="2" sc="240,130,250,0,250,-120,250,0" /><INIT seed="0,1,0,4,3,98" ten="370,250,130,250" oya="0" hai0="77,68,114,126,88,49,102,23,128,35,76,54,132" hai1="116,61,24,120,110,99,52,121,133,58,70,60,50" hai2="130,106,6,71,90,103,53,93,123,33,100,96,124" hai3="40,1,65,129,3,48,135,104,64,67,74,79,46"/><T16/><D68/><U80/><E116/><V113/><F123/><W17/><G135/><T19/><D114/><U95/><E133/><V97/><F113/><W22/><G129/><T14/><D35/><U42/><E110/><V66/><F124/><W112/><G112/><T34/><D34/><U0/><E0/><V29/><F130/><W27/><REACH who="3" step="1"/><G104/><REACH who="3" ten="370,250,130,240" step="2"/><T111/><D128/><U105/><E105/><V118/><F118/><W9/><G9/><T78/><D132/><U8/><E8/><V127/><F127/><W25/><G25/><T37/><D111/><U101/><E121/><V91/><F6/><W109/><G109/><T94/><D126/><U86/><E120/><V62/><REACH who="2" step="1"/><F53/><REACH who="2" ten="370,250,120,240" step="2"/><W39/><G39/><T18/><D37/><U56/><E52/><V2/><F2/><W55/><G55/><T85/><D54/><U107/><E107/><V44/><F44/><W63/><G63/><T73/><D49/><U81/><E60/><V41/><F41/><W4/><G4/><T12/><D73/><U122/><E61/><V117/><F117/><W30/><G30/><T36/><D36/><U108/><E42/><V57/><F57/><W32/><G32/><T13/><D23/><U131/><E56/><V11/><F11/><W31/><G31/><T38/><D38/><U28/><E58/><V87/><F87/><W75/><G75/><T21/><D21/><U15/><E131/><V72/><F72/><W89/><G89/><T10/><D10/><U125/><E108/><V5/><F5/><W47/><G47/><T20/><D20/><U69/><E125/><RYUUKYOKU ba="1,2" sc="370,10,250,-30,120,10,240,10" hai0="12,13,14,16,18,19,76,77,78,85,88,94,102" hai2="29,33,62,66,71,90,91,93,96,97,100,103,106" hai3="1,3,17,22,27,40,46,48,64,65,67,74,79" /><INIT seed="0,2,2,4,2,100" ten="380,220,130,250" oya="0" hai0="31,58,86,25,74,9,84,33,57,16,10,66,101" hai1="17,112,18,41,7,88,116,37,65,1,52,102,135" hai2="93,125,28,87,71,103,0,63,5,130,53,38,11" hai3="51,35,106,111,95,2,19,43,56,27,62,79,24"/><T67/><D74/><U110/><E116/><V50/><F125/><W23/><G2/><T109/><D109/><U20/><E110/><V105/><F130/><W91/><G106/><T55/><D101/><U122/><E122/><V114/><F114/><W30/><G111/><T60/><D66/><U12/><E135/><V92/><F38/><W97/><G79/><T6/><D16/><U119/><E1/><V59/><F28/><W42/><REACH who="3" step="1"/><G51/><REACH who="3" ten="380,220,130,240" step="2"/><T132/><D132/><U107/><E107/><V76/><F76/><W13/><G13/><T82/><D25/><U83/><E12/><V39/><F39/><W120/><G120/><T131/><D131/><U44/><E37/><V22/><F22/><W89/><G89/><T69/><D33/><U123/><E20/><V99/><REACH who="2" step="1"/><F87/><REACH who="2" ten="380,220,120,240" step="2"/><W78/><G78/><T8/><D86/><U128/><E123/><V36/><F36/><W77/><G77/><T73/><D84/><U129/><E128/><V127/><F127/><W75/><G75/><T90/><D73/><U32/><E129/><V3/><F3/><W34/><G34/><T80/><D31/><U104/><E32/><V72/><F72/><W21/><G21/><T133/><D133/><U113/><E113/><V68/><F68/><W54/><AGARI ba="2,4" hai="19,23,24,27,30,35,42,43,54,56,62,91,95,97" machi="54" ten="20,12000,2" yaku="1,1,0,1,7,1,25,2,53,1" doraHai="100" doraHaiUra="29" who="3" fromWho="3" sc="380,-62,220,-32,120,-32,240,166" /><INIT seed="1,0,0,0,5,105" ten="318,188,88,406" oya="1" hai0="19,6,63,45,125,58,7,96,89,85,115,3,129" hai1="52,84,55,79,38,91,128,120,71,50,42,68,93" hai2="11,61,83,90,114,111,134,113,24,109,26,110,122" hai3="70,67,57,44,88,36,74,118,29,17,99,66,97"/><U31/><E120/><V40/><F40/><W65/><G74/><T22/><D115/><N who="2" m="44042" /><F61/><W28/><G70/><T64/><D129/><U30/><E128/><V16/><F83/><W59/><G118/><T80/><D3/><U15/><E71/><V123/><F90/><W133/><G133/><T104/><D125/><U47/><E68/><V135/><F11/><W100/><G100/><T4/><D45/><U76/><E15/><V102/><F102/><W23/><G36/><T69/><D104/><U106/><E106/><V21/><F26/><W5/><G5/><T34/><D34/><U94/><E94/><V130/><F130/><W95/><G44/><T48/><D48/><U101/><E101/><V60/><F60/><W119/><G119/><T8/><D96/><U49/><E38/><V46/><F46/><W53/><G99/><T73/><D73/><U10/><E10/><V41/><F41/><W112/><G112/><T78/><D8/><U0/><E0/><V108/><N who="2" m="27648" /><DORA hai="117" /><V20/><F20/><W127/><G57/><T51/><D51/><U39/><E39/><V77/><F77/><N who="1" m="29769" /><E49/><V98/><F98/><W107/><G107/><T81/><D69/><U13/><E13/><V116/><F116/><W103/><G103/><T2/><D2/><U131/><E131/><V126/><F126/><W72/><G127/><T62/><D62/><U56/><E56/><V75/><F75/><W33/><G72/><N who="0" m="43079" /><D22/><U124/><E124/><V92/><F92/><W12/><G33/><T43/><D43/><U82/><E93/><V9/><F9/><W121/><G95/><RYUUKYOKU ba="0,0" sc="318,10,188,10,88,10,406,-30" hai0="4,6,7,19,58,63,64,81,85,89" hai1="30,31,42,47,50,52,55,82,84,91" hai2="16,21,24,122,123,134,135" /><INIT seed="1,1,0,5,5,15" ten="328,198,98,376" oya="1" hai0="81,30,107,63,24,89,99,39,68,4,40,8,31" hai1="77,98,17,20,86,34,49,112,18,26,110,108,75" hai2="50,2,55,121,130,84,65,19,78,56,133,35,87" hai3="111,53,92,95,23,134,59,76,90,61,42,5,0"/><U126/><E112/><V9/><F121/><W33/><G33/><N who="0" m="20679" /><D89/><U85/><E126/><V46/><F130/><W106/><G111/><N who="1" m="42538" /><E34/><V21/><F133/><W122/><G106/><T94/><D31/><N who="1" m="17863" /><E49/><V113/><F113/><W51/><G134/><T38/><D40/><U57/><E57/><V60/><F35/><W104/><G104/><T117/><D117/><U119/><E119/><V67/><F67/><W116/><G76/><T3/><D39/><U123/><E123/><V45/><F45/><W102/><G122/><T91/><D38/><U70/><E70/><V93/><F78/><W132/><G42/><T13/><D63/><U6/><E6/><V43/><F93/><W16/><G92/><T32/><D68/><U28/><E28/><V101/><F101/><W47/><G102/><T66/><D66/><U14/><E98/><V52/><F2/><W128/><G132/><T41/><D3/><U29/><E29/><V54/><REACH who="2" step="1"/><F9/><REACH who="2" ten="328,198,88,376" step="2"/><W27/><G0/><T135/><D8/><N who="1" m="6343" /><E77/><V124/><F124/><W127/><G127/><T73/><D135/><U120/><E120/><V97/><F97/><W105/><G116/><T22/><D32/><U10/><E75/><V58/><F58/><W48/><G59/><T7/><D73/><U25/><E10/><V11/><F11/><W79/><G79/><T69/><D69/><U36/><E36/><V88/><F88/><W129/><G90/><T109/><D99/><U100/><E100/><V115/><F115/><W96/><G96/><T64/><D109/><U12/><E85/><V44/><F44/><W103/><G47/><RYUUKYOKU ba="1,1" sc="328,-10,198,-10,88,30,376,-10" hai2="19,21,43,46,50,52,54,55,56,60,65,84,87" /><INIT seed="2,2,1,4,0,109" ten="318,188,118,366" oya="2" hai0="90,129,76,68,74,30,88,85,82,7,113,27,34" hai1="130,94,58,43,41,24,75,122,127,115,87,78,11" hai2="37,135,126,15,28,3,8,98,110,14,64,106,128" hai3="4,63,36,21,92,123,1,13,53,42,19,35,0"/><V97/><F110/><W65/><G123/><T91/><D68/><U111/><E115/><V29/><F126/><W95/><G35/><T77/><D7/><U66/><E75/><V33/><F128/><W104/><G104/><T112/><D129/><U44/><E127/><V39/><F135/><W12/><G53/><T120/><D120/><U81/><E111/><V46/><F106/><W99/><G42/><T9/><D9/><U71/><E71/><V17/><F64/><W134/><G36/><T93/><D77/><U59/><E43/><V84/><F84/><W86/><G86/><T101/><D101/><U131/><E122/><V105/><F105/><W60/><G95/><T48/><D48/><U118/><E118/><V108/><F108/><W25/><G63/><T31/><D31/><U6/><E24/><N who="2" m="18599" /><F28/><W62/><G62/><T55/><D55/><U40/><E40/><N who="2" m="22799" /><F39/><W114/><G134/><T67/><D67/><U50/><E94/><V70/><F70/><W61/><G61/><T119/><D119/><U26/><E26/><V117/><F117/><W32/><G60/><T45/><D45/><U121/><E121/><V22/><F14/><W103/><G65/><T52/><D52/><N who="1" m="32023" /><E66/><V133/><F133/><W107/><G107/><T51/><D51/><N who="1" m="27023" /><E59/><V57/><F57/><W23/><G12/><AGARI ba="2,1" hai="6,11,12,78,81,87,130,131" m="27023,32023" machi="12" ten="30,2000,0" yaku="25,1,54,1" doraHai="109" who="1" fromWho="3" sc="318,0,188,36,118,0,366,-26" /><INIT seed="3,0,0,1,2,99" ten="318,224,118,340" oya="3" hai0="85,75,5,15,34,8,69,60,12,120,51,122,62" hai1="53,100,29,73,119,30,6,84,55,80,59,7,88" hai2="86,41,22,10,92,83,63,0,44,105,47,36,38" hai3="61,74,93,81,97,76,94,129,72,89,9,27,11"/><W126/><G129/><T96/><D75/><U13/><E119/><V113/><F113/><W14/><G126/><T108/><D34/><U82/><E73/><V77/><F22/><W64/><G72/><T32/><D32/><U18/><E100/><V130/><F130/><W42/><G42/><T109/><D85/><U54/><E59/><V23/><F105/><W125/><G125/><T91/><D51/><U58/><E58/><V24/><F92/><W103/><G14/><T1/><D91/><U132/><E132/><V21/><F63/><W78/><G27/><T28/><D28/><N who="1" m="10859" /><E82/><V40/><F24/><W66/><G76/><T131/><D131/><U134/><E134/><V50/><F50/><W111/><G111/><N who="0" m="42571" /><D62/><U19/><E19/><V110/><F110/><W106/><G106/><T116/><D116/><U25/><E25/><V70/><F70/><W87/><G64/><T2/><D15/><U48/><E48/><V20/><F20/><AGARI ba="0,0" hai="6,7,13,18,20,53,54,55,80,84,88" m="10859" machi="20" ten="30,2000,0" yaku="8,1,54,1" doraHai="99" who="1" fromWho="2" sc="318,0,224,20,118,-20,340,0" owari="318,11.8,244,-15.6,98,-40.2,340,44.0" /></mjloggm>