<mjloggm ver="2.3"><GO type="225" lobby="0"/><UN n0="%E3%81%95%E3%81%8D%E3%81%9F%E3%81%BE%E6%9E%97%E6%AA%8E" n1="%E3%81%BF%E3%81%BF%E3%81%9A" n2="%E3%81%BE%E3%81%A8%E3%81%9F" n3="%72%69%6F%75%63%68%61%6E" dan="16,18,16,16" rate="2061.84,2242.26,2121.79,2165.33" sx="M,M,M,M"/><TAIKYOKU oya="0"/><INIT seed="0,0,0,2,0,76" ten="250,250,250,250" oya="0" hai0="83,108,109,43,26,78,11,130,69,113,47,112,124" hai1="80,51,104,4,55,103,96,63,13,50,25,31,21" hai2="71,99,93,73,111,117,120,79,94,87,24,52,6" hai3="100,89,54,23,49,34,67,81,14,5,38,22,27"/><T62/><D124/><U64/><E55/><V16/><F120/><W68/><G38/><T85/><D130/><U12/><E12/><V125/><F125/><W46/><G100/><T134/><D134/><U37/><E37/><V57/><F73/><W98/><G34/><T97/><D97/><U129/><E129/><V128/><F71/><W60/><G27/><T42/><D26/><U82/><E4/><V61/><F128/><W66/><G66/><N who="0" m="41175" /><D11/><U8/><E50/><V7/><F111/><N who="0" m="42570" /><D42/><U19/><REACH who="1" step="1"/><E51/><AGARI ba="0,0" hai="43,47,51,78,83,85,112,113" m="42570,41175" machi="51" ten="30,5800,0" yaku="14,1,10,1,52,1" doraHai="76" who="0" fromWho="1" sc="250,58,250,-58,250,0,250,0" /><INIT seed="0,1,0,2,0,121" ten="308,192,250,250" oya="0" hai0="39,38,134,60,93,89,6,62,25,110,53,76,74" hai1="72,131,108,26,90,116,119,27,80,49,44,82,130" hai2="19,115,67,129,24,92,128,31,45,118,8,58,109" hai3="91,22,35,103,16,4,95,30,81,61,10,79,123"/><T3/><D25/><N who="1" m="9227" /><E72/><V133/><F115/><W111/><G111/><T97/><D74/><U73/><E73/><V84/><F118/><N who="1" m="45097" /><E90/><V66/><F45/><W37/><G35/><T112/><D76/><U127/><E127/><V101/><F58/><W94/><G30/><T63/><D112/><U2/><E2/><V105/><F24/><N who="3" m="14407" /><G123/><T106/><D106/><U86/><E86/><V96/><F31/><W78/><G37/><T5/><D53/><U33/><E33/><V107/><F84/><N who="3" m="50575" /><G61/><T28/><D28/><U34/><E34/><V54/><F107/><W65/><G65/><T135/><D3/><U114/><E114/><V29/><F67/><W41/><G41/><T75/><D75/><U59/><E59/><V17/><F66/><W98/><G94/><T9/><D9/><U64/><E64/><V56/><F8/><W42/><G42/><T47/><D39/><U70/><E70/><V14/><F14/><AGARI ba="1,0" hai="4,10,14,78,79,95,98,103" m="50575,14407" machi="14" ten="30,2000,0" yaku="8,1,54,1" doraHai="121" who="3" fromWho="2" sc="308,0,192,0,250,-23,250,23" /><INIT seed="1,0,0,2,3,131" ten="308,192,227,273" oya="1" hai0="7,86,135,112,33,75,4,113,48,66,134,9,12" hai1="105,128,127,10,27,24,104,39,89,68,49,122,125" hai2="46,32,15,80,67,116,40,59,82,36,53,129,1" hai3="101,76,26,93,55,2,38,81,102,100,88,94,21"/><U35/><E122/><V19/><F116/><W109/><G109/><T120/><D75/><U47/><E39/><V132/><F129/><W20/><G2/><T50/><D66/><U54/><E128/><V98/><F1/><W14/><G38/><T64/><D64/><U72/><E68/><V25/><F67/><W61/><G14/><T44/><D33/><U43/><E72/><V124/><F124/><N who="1" m="47689" /><E35/><V121/><F121/><W28/><G20/><T22/><D22/><U31/><E10/><V37/><F37/><W41/><G41/><T118/><D118/><U133/><E133/><N who="0" m="50697" /><D120/><U58/><E89/><V16/><F32/><W107/><G107/><N who="1" m="41034" /><E31/><V103/><F36/><W8/><G8/><N who="0" m="4103" /><D86/><U51/><AGARI ba="0,0" hai="24,27,43,47,49,51,54,58" m="41034,47689" machi="51" ten="30,1500,0" yaku="18,1" doraHai="131" who="1" fromWho="1" sc="308,-5,192,15,227,-5,273,-5" /><INIT seed="1,1,0,4,1,85" ten="303,207,222,268" oya="1" hai0="43,7,75,96,84,15,66,19,77,53,9,90,31" hai1="80,10,29,23,72,103,79,5,91,102,117,58,123" hai2="51,88,14,57,45,130,35,64,95,131,108,17,86" hai3="27,65,74,39,42,115,41,87,133,62,82,71,30"/><U11/><E117/><V98/><F108/><W28/><G115/><T38/><D66/><U129/><E123/><V83/><F35/><W0/><G133/><T2/><D31/><U21/><E129/><V121/><F121/><W22/><G0/><T73/><D53/><U3/><E11/><V135/><F135/><W112/><G112/><T47/><D96/><U110/><E110/><V89/><F57/><W107/><G107/><T20/><REACH who="0" step="1"/><D77/><REACH who="0" ten="293,207,222,268" step="2"/><U52/><E29/><V63/><F64/><W55/><G30/><T124/><D124/><U1/><E1/><V16/><F63/><W59/><G65/><T132/><D132/><U93/><E102/><V106/><F106/><W109/><G109/><T118/><D118/><U116/><E103/><V119/><F119/><W126/><G126/><T113/><D113/><U12/><E116/><V26/><F130/><W78/><G71/><T48/><D48/><U40/><E3/><V37/><F131/><W125/><G125/><T50/><D50/><U18/><E40/><V99/><F99/><W94/><REACH who="3" step="1"/><G39/><REACH who="3" ten="293,207,222,258" step="2"/><T104/><D104/><U101/><E101/><V33/><F37/><W67/><G67/><T97/><D97/><U25/><E79/><V69/><F69/><W76/><G76/><T128/><D128/><U49/><E49/><V4/><F51/><W60/><G60/><T56/><D56/><U111/><E58/><V68/><F68/><W54/><G54/><T134/><D134/><U92/><E52/><V120/><F98/><W44/><G44/><T81/><AGARI ba="1,2" hai="2,7,9,15,19,20,38,43,47,73,75,81,84,90" machi="81" ten="20,5200,0" yaku="1,1,0,1,7,1,52,1,53,0" doraHai="85" doraHaiUra="61" who="0" fromWho="0" sc="293,75,207,-27,222,-14,258,-14" /><INIT seed="2,0,0,1,0,102" ten="368,180,208,244" oya="2" hai0="85,91,6,64,8,105,109,2,45,93,123,32,82" hai1="28,52,129,57,62,22,132,24,50,104,83,78,87" hai2="14,54,36,61,18,117,97,107,120,135,122,19,112" hai3="49,73,126,116,68,84,81,67,5,119,43,35,46"/><V72/><F112/><W21/><G35/><T80/><D109/><U59/><E129/><V115/><F115/><W17/><G126/><T124/><D123/><U0/><E132/><V51/><F36/><W4/><G73/><T41/><D124/><U134/><E134/><V121/><F72/><W20/><G20/><T9/><D64/><U96/><E0/><V99/><F117/><W76/><G119/><T37/><D32/><U101/><REACH who="1" step="1"/><E62/><REACH who="1" ten="368,170,208,244" step="2"/><V95/><F135/><W128/><G128/><T58/><D2/><U33/><E33/><V31/><F61/><W71/><G116/><T7/><D7/><U39/><E39/><V11/><F120/><W110/><G110/><T60/><D60/><U111/><E111/><V23/><F121/><W98/><G4/><T90/><D6/><U113/><E113/><V26/><F122/><W131/><G5/><T47/><D37/><U56/><AGARI ba="0,1" hai="22,24,28,50,52,56,57,59,78,83,87,96,101,104" machi="56" ten="20,12000,2" yaku="1,1,0,1,7,1,52,1,54,1,53,1" doraHai="102" doraHaiUra="79" who="1" fromWho="1" sc="368,-30,170,130,208,-60,244,-30" /><INIT seed="3,0,0,2,0,111" ten="338,300,148,214" oya="3" hai0="117,38,55,11,128,106,56,39,71,0,66,119,32" hai1="110,67,28,125,62,29,22,87,20,30,3,70,63" hai2="120,96,57,48,116,104,8,12,86,92,108,95,98" hai3="85,132,89,35,15,88,124,42,33,76,58,5,7"/><W113/><G113/><T13/><D106/><U1/><E110/><V83/><F116/><W129/><G124/><T72/><D72/><U133/><E125/><V40/><F108/><W74/><G129/><T59/><D32/><U24/><E133/><V118/><F118/><W81/><G132/><T60/><D128/><U73/><E73/><V105/><F120/><W51/><G89/><T135/><D0/><U99/><E99/><V2/><F2/><W93/><G58/><T65/><D135/><U18/><E87/><V6/><F95/><W31/><G31/><T91/><D91/><U109/><E109/><V122/><F96/><W68/><G68/><T14/><D11/><U17/><REACH who="1" step="1"/><E63/><REACH who="1" ten="338,290,148,214" step="2"/><V34/><F122/><W123/><G123/><T102/><D60/><U45/><E45/><V16/><F34/><W49/><G33/><T36/><D119/><U101/><E101/><N who="2" m="60615" /><F105/><W114/><G35/><T131/><D102/><U69/><E69/><V79/><F104/><W61/><G74/><T77/><D71/><U44/><E44/><N who="2" m="25607" /><F57/><W23/><G85/><T103/><D117/><U43/><E43/><V37/><F37/><W25/><G42/><T53/><D131/><U41/><E41/><V82/><F82/><W126/><G81/><T94/><D39/><U26/><AGARI ba="0,1" hai="1,3,17,18,20,22,24,26,28,29,30,62,67,70" machi="26" ten="30,4000,0" yaku="1,1,0,1,9,1,53,0" doraHai="111" doraHaiUra="54" who="1" fromWho="1" sc="338,-10,290,50,148,-10,214,-20" owari="328,12.8,340,44.0,138,-36.2,194,-20.6" /></mjloggm>