<mjloggm ver="2.3"><GO type="225" lobby="0"/><UN n0="%77%72%77%72%77%72%77%72" n1="%E3%82%BC%E3%83%AB%E3%83%80%E3%81%AE%E4%BC%9D%E8%AA%AC" n2="%73%73%6B%5F%66%72%65%65" n3="%4E%49%4A%49%49%52%4F" dan="17,17,16,17" rate="2189.70,2207.43,2075.14,2252.34" sx="M,M,M,M"/><TAIKYOKU oya="0"/><INIT seed="0,0,0,0,4,35" ten="250,250,250,250" oya="0" hai0="55,117,64,131,115,119,20,1,107,66,33,93,8" hai1="97,19,15,13,28,75,7,9,29,50,40,62,95" hai2="32,0,52,16,105,99,127,86,73,96,46,134,76" hai3="30,44,63,18,128,2,80,108,111,91,23,27,21"/><T6/><D115/><U90/><E75/><V98/><F134/><W83/><G128/><T113/><D113/><U48/><E62/><V120/><F120/><W114/><G114/><T94/><D107/><U85/><E97/><V84/><F127/><W65/><G44/><T124/><D33/><U10/><REACH who="1" step="1"/><E40/><REACH who="1" ten="250,240,250,250" step="2"/><V34/><F105/><W14/><G63/><T92/><D124/><U129/><E129/><V101/><F73/><W126/><G126/><T88/><D131/><U122/><E122/><V56/><F101/><W103/><G111/><T116/><D55/><U125/><E125/><V39/><F99/><W68/><G108/><T12/><D64/><U106/><E106/><V89/><F98/><W24/><G65/><T26/><D66/><U104/><E104/><V100/><F96/><W70/><G103/><T72/><D72/><U102/><E102/><V42/><F52/><W22/><G68/><T135/><D135/><U109/><E109/><V60/><F100/><W43/><G70/><T31/><REACH who="0" step="1"/><D88/><REACH who="0" ten="240,240,250,250" step="2"/><U17/><E17/><V81/><F16/><W58/><G91/><T112/><D112/><U36/><E36/><V133/><F39/><W3/><G43/><T130/><D130/><U57/><E57/><V51/><F42/><W79/><G58/><T69/><D69/><U47/><E47/><V38/><F38/><W41/><G41/><T53/><D53/><U49/><AGARI ba="0,2" hai="7,9,10,13,15,19,28,29,48,49,50,85,90,95" machi="49" ten="30,12000,2" yaku="1,1,0,1,8,1,53,3" doraHai="35" doraHaiUra="45" who="1" fromWho="1" sc="240,-60,240,140,250,-30,250,-30" /><INIT seed="1,0,0,0,4,100" ten="180,380,220,220" oya="1" hai0="98,41,94,114,97,54,124,9,36,49,81,20,72" hai1="50,17,62,109,25,92,4,83,46,64,110,135,127" hai2="30,38,7,10,76,32,116,132,113,108,79,42,47" hai3="103,125,12,15,107,1,106,26,120,43,91,131,111"/><U68/><E127/><V65/><F116/><W70/><G120/><T3/><D114/><U82/><E135/><V86/><F108/><N who="1" m="41577" /><E4/><V74/><F132/><W96/><G111/><T39/><D20/><N who="1" m="13455" /><E92/><V99/><F113/><W57/><G125/><T118/><D94/><U123/><E123/><V34/><F65/><W6/><G70/><T0/><D118/><U84/><E84/><V80/><F30/><W121/><G121/><T8/><D72/><U55/><AGARI ba="0,0" hai="46,50,55,62,64,68,82,83" m="13455,41577" machi="55" ten="30,3000,0" yaku="14,1,10,1" doraHai="100" who="1" fromWho="1" sc="180,-10,380,30,220,-10,220,-10" /><INIT seed="1,1,0,1,4,79" ten="170,410,210,210" oya="1" hai0="0,129,82,41,117,44,48,93,58,71,107,27,31" hai1="43,29,80,19,75,119,81,14,86,4,109,46,54" hai2="3,78,52,64,9,115,90,1,102,95,96,57,77" hai3="91,112,120,88,128,134,8,114,118,18,87,100,56"/><U50/><E119/><V105/><F115/><W24/><G118/><T53/><D117/><U65/><E109/><V60/><F1/><W22/><G120/><T34/><D0/><U33/><E65/><V132/><F132/><W47/><G134/><T110/><D110/><U66/><E66/><V103/><F103/><W13/><G128/><T84/><D129/><U37/><E4/><V130/><F130/><W135/><G135/><T5/><D5/><U59/><E75/><V26/><F26/><W72/><G72/><T99/><D107/><U85/><E33/><V122/><F122/><W121/><G121/><T20/><D34/><U123/><E29/><V131/><F131/><W51/><G100/><T94/><D99/><U36/><E36/><V70/><F9/><W92/><G91/><T25/><D25/><U69/><E69/><V35/><F3/><W42/><REACH who="3" step="1"/><G56/><REACH who="3" ten="170,410,210,200" step="2"/><T67/><D71/><U39/><E59/><V11/><F70/><W127/><G127/><T17/><D67/><U16/><E123/><V108/><F102/><W6/><AGARI ba="1,1" hai="6,8,13,18,22,24,42,47,51,87,88,92,112,114" machi="6" ten="20,12000,2" yaku="1,1,0,1,7,1,54,1,53,2" doraHai="79" doraHaiUra="111" who="3" fromWho="3" sc="170,-31,410,-61,210,-31,200,133" /><INIT seed="2,0,0,2,4,95" ten="139,349,179,333" oya="2" hai0="52,45,70,37,100,51,29,126,112,129,77,78,108" hai1="48,85,20,49,133,22,17,104,74,127,89,23,122" hai2="86,39,103,33,99,0,135,24,40,123,1,47,8" hai3="102,109,72,124,79,15,9,106,42,7,36,3,128"/><V27/><F123/><W82/><G15/><T75/><D112/><U41/><E74/><V62/><F135/><W97/><G109/><T80/><D108/><U57/><E104/><V64/><F8/><W92/><G92/><T68/><D129/><U105/><E105/><N who="2" m="63743" /><F86/><W93/><G93/><T115/><D115/><U44/><E127/><V2/><F27/><W110/><G110/><T125/><D78/><U13/><E133/><V63/><F63/><W73/><G73/><T131/><D131/><U76/><E76/><V116/><F116/><W98/><G98/><T10/><D29/><U46/><E57/><V5/><F5/><W60/><G60/><T107/><D37/><U84/><E122/><V118/><F0/><W91/><G91/><T96/><REACH who="0" step="1"/><D10/><REACH who="0" ten="129,349,179,333" step="2"/><U134/><E134/><V31/><F118/><W55/><G128/><T19/><D19/><U38/><E38/><V120/><F120/><W119/><G119/><T101/><D101/><U121/><E121/><V53/><F53/><W6/><G55/><T61/><D61/><U18/><E18/><V81/><F81/><W30/><G30/><T114/><D114/><U94/><E17/><V132/><F132/><W50/><G82/><T87/><D87/><U117/><E117/><V90/><F90/><W111/><G111/><T58/><D58/><U16/><E85/><V12/><F31/><W43/><G9/><T34/><D34/><U26/><E84/><V14/><F33/><W88/><G88/><T65/><D65/><U71/><E89/><V113/><F62/><W28/><G28/><T32/><D32/><RYUUKYOKU ba="0,1" sc="129,30,349,-10,179,-10,333,-10" hai0="45,51,52,68,70,75,77,80,96,100,107,125,126" /><INIT seed="3,1,1,3,5,48" ten="159,339,169,323" oya="3" hai0="15,9,35,76,72,10,132,104,120,51,135,124,50" hai1="38,66,70,123,11,37,119,1,56,2,121,103,105" hai2="71,102,39,13,131,67,111,117,78,29,118,22,5" hai3="14,100,47,69,36,122,20,12,53,91,32,77,3"/><W43/><G3/><N who="1" m="1034" /><E56/><V23/><F111/><W87/><G32/><T86/><D120/><N who="1" m="46155" /><E11/><V133/><F133/><N who="0" m="51274" /><D124/><U63/><E119/><V46/><F131/><W40/><G122/><T75/><D35/><U16/><E16/><N who="2" m="10511" /><F5/><W65/><G100/><T109/><D104/><U94/><E94/><V130/><F102/><W89/><G43/><T80/><D9/><U64/><E64/><V42/><F130/><W97/><G97/><AGARI ba="1,1" hai="37,38,63,66,70,97,103,105" m="46155,1034" machi="97" ten="30,1000,0" yaku="23,1" doraHai="48" who="1" fromWho="3" sc="159,0,339,23,169,0,323,-13" owari="159,-34.1,362,46.2,169,-23.1,310,11.0" /></mjloggm>