<mjloggm ver="2.3"><GO type="225" lobby="0"/><UN n0="%72%69%6F%75%63%68%61%6E" n1="%E6%A1%9C%E8%8A%B1%E9%96%83%E3%80%85" n2="%E3%83%B4%E3%82%A3%E3%83%AF%E3%82%B3%E3%82%B0%E3%83%8B" n3="%E6%B4%BE%E9%81%A3%E3%81%AE%E3%82%B8%E3%83%A3%E3%83%83%E3%82%AF" dan="16,16,16,16" rate="2164.42,2109.78,2157.86,2170.34" sx="M,M,M,M"/><TAIKYOKU oya="0"/><INIT seed="0,0,0,1,3,27" ten="250,250,250,250" oya="0" hai0="132,124,51,15,31,12,133,117,71,79,1,106,32" hai1="21,64,102,63,50,76,87,17,135,59,119,5,40" hai2="22,113,121,60,29,99,118,49,134,78,85,122,46" hai3="33,115,28,130,52,82,62,20,123,45,37,128,43"/><T10/><D117/><U86/><E135/><N who="0" m="51785" /><D71/><U83/><E119/><V69/><F113/><W9/><G115/><T41/><D106/><U54/><E5/><V0/><F0/><W38/><G38/><T105/><D105/><U77/><E102/><V34/><F34/><W18/><G9/><T120/><D120/><U70/><E40/><V8/><F134/><W95/><G123/><T96/><D124/><U65/><E65/><N who="2" m="41127" /><F99/><W39/><G39/><T16/><D79/><U127/><E127/><V114/><F8/><W19/><G82/><T75/><D75/><U101/><E101/><V108/><F118/><W129/><G95/><T24/><D96/><U72/><REACH who="1" step="1"/><E77/><REACH who="1" ten="250,240,250,250" step="2"/><V111/><F121/><W4/><G4/><N who="0" m="1295" /><D16/><U53/><E53/><V47/><F122/><W26/><REACH who="3" step="1"/><G33/><REACH who="3" ten="250,240,250,240" step="2"/><T42/><D42/><U91/><E91/><V14/><F114/><W2/><G2/><T35/><D32/><U98/><E98/><V90/><F90/><W89/><G89/><T74/><D41/><U126/><E126/><V7/><F78/><W58/><AGARI ba="0,2" hai="18,19,20,26,28,37,43,45,52,58,62,128,129,130" machi="58" ten="40,8000,1" yaku="1,1,0,1,19,1,52,1,54,1,53,0" doraHai="27" doraHaiUra="104" who="3" fromWho="3" sc="250,-40,240,-20,250,-20,240,100" /><INIT seed="1,0,0,3,4,65" ten="210,220,230,340" oya="1" hai0="26,46,70,23,21,79,89,0,59,135,10,58,83" hai1="102,9,118,6,104,37,120,66,14,133,115,91,76" hai2="107,123,13,130,19,31,113,52,126,1,29,67,95" hai3="49,12,69,75,60,106,64,98,28,25,108,82,81"/><U33/><E115/><V20/><F107/><W100/><G108/><T103/><D135/><U68/><E118/><V110/><F110/><W85/><G75/><T16/><D70/><U121/><E133/><V42/><F123/><W45/><G12/><T2/><D103/><U39/><E91/><V80/><F1/><W96/><G96/><T4/><D0/><N who="1" m="199" /><E76/><V114/><F42/><N who="3" m="24759" /><G85/><T124/><D124/><U17/><E17/><V116/><F67/><W72/><G72/><T41/><D89/><U105/><E14/><V90/><F80/><W93/><G93/><T22/><D22/><U11/><E11/><V88/><F116/><W97/><G97/><T111/><D21/><U62/><E33/><V99/><F126/><W92/><G92/><T53/><D53/><U117/><E117/><V71/><F71/><W40/><G40/><T27/><D27/><U84/><E84/><V35/><F90/><W36/><G36/><N who="1" m="13898" /><E102/><V77/><F77/><W127/><G127/><T7/><D7/><U112/><E112/><N who="2" m="43115" /><F35/><AGARI ba="0,0" hai="25,28,35,60,64,69,81,82,98,100,106" m="24759" machi="35" ten="30,2000,0" yaku="25,1,52,1" doraHai="65" who="3" fromWho="2" sc="210,0,220,0,230,-20,340,20" /><INIT seed="2,0,0,3,2,80" ten="210,220,210,360" oya="2" hai0="24,5,1,34,43,124,127,13,44,90,9,119,51" hai1="115,96,109,69,72,2,21,129,29,101,50,33,3" hai2="84,57,88,49,94,121,18,63,39,73,10,85,122" hai3="28,60,64,120,107,32,65,6,102,116,78,125,26"/><V75/><F39/><W46/><G116/><T103/><D119/><U25/><E115/><V71/><F71/><W134/><G120/><T100/><D1/><U95/><E109/><V112/><F112/><W97/><G6/><T61/><D61/><U104/><E72/><V67/><F73/><W70/><G65/><T16/><D90/><U93/><E129/><V111/><F75/><W108/><G108/><T41/><D43/><U11/><E50/><V27/><F111/><W35/><G35/><T123/><D123/><U86/><E69/><V106/><F106/><W17/><G125/><N who="0" m="48203" /><D5/><U135/><E135/><V82/><F49/><W4/><G46/><T126/><N who="0" m="48211" /><T128/><DORA hai="117" /><D128/><U76/><E2/><V22/><F10/><W48/><G4/><T79/><D79/><AGARI ba="0,0" hai="18,22,27,57,63,67,79,82,84,85,88,94,121,122" machi="79" ten="30,18000,2" yaku="7,1,52,4,54,1" doraHai="80,117" who="2" fromWho="0" sc="210,-180,220,0,210,180,360,0" /><INIT seed="2,1,0,5,1,4" ten="30,220,390,360" oya="2" hai0="54,58,37,110,22,102,74,70,61,86,104,59,125" hai1="119,56,135,43,105,32,101,116,0,7,73,90,95" hai2="111,128,76,97,9,130,49,14,12,46,36,29,26" hai3="57,120,132,65,1,118,84,99,98,16,35,127,5"/><V103/><F36/><W112/><G35/><T23/><D110/><U27/><E56/><V107/><F76/><W114/><G118/><T55/><D125/><U108/><E135/><V41/><F111/><W63/><G120/><T28/><D74/><U19/><E108/><V53/><F41/><W11/><G132/><T72/><D72/><U6/><E6/><V20/><REACH who="2" step="1"/><F14/><REACH who="2" ten="30,220,380,360" step="2"/><N who="3" m="7263" /><G127/><T52/><D37/><U124/><E124/><V109/><F109/><W31/><G1/><T66/><D86/><U89/><E0/><V47/><F47/><W60/><G84/><T10/><D10/><U69/><E73/><V87/><F87/><W100/><G112/><T129/><D129/><U117/><E43/><V134/><F134/><W83/><G114/><T106/><D22/><U122/><E117/><V131/><F131/><W77/><G77/><T45/><D45/><U64/><E119/><V8/><F8/><W88/><G98/><T38/><D38/><U123/><E116/><V40/><F40/><W67/><G99/><T94/><D94/><U68/><E95/><V44/><F44/><W62/><G83/><T15/><D106/><U34/><E105/><V121/><F121/><W113/><G113/><T51/><D15/><U24/><E123/><V93/><F93/><W80/><G80/><T75/><D75/><U78/><E78/><V17/><AGARI ba="1,1" hai="9,12,17,20,26,29,46,49,53,97,103,107,128,130" machi="17" ten="30,6000,0" yaku="1,1,0,1,52,1,53,0" doraHai="4" doraHaiUra="2" who="2" fromWho="2" sc="30,-21,220,-21,380,73,360,-21" /><INIT seed="2,2,0,2,1,57" ten="9,199,453,339" oya="2" hai0="68,118,111,14,76,72,30,10,71,7,113,104,1" hai1="27,54,25,52,108,42,96,74,9,125,38,122,123" hai2="5,61,21,93,86,40,35,11,129,135,16,33,8" hai3="69,29,84,44,101,112,103,87,114,32,100,106,90"/><V73/><F73/><W77/><G69/><T133/><D14/><U110/><E96/><V67/><F129/><W81/><G44/><T4/><D4/><U92/><E92/><V102/><F135/><W94/><G29/><T99/><D113/><N who="3" m="43625" /><G32/><T26/><D111/><U15/><E74/><V63/><F40/><W121/><G121/><T59/><D59/><U107/><E107/><AGARI ba="2,0" hai="77,81,84,87,90,94,100,101,103,106,107" m="43625" machi="107" ten="30,3900,0" yaku="11,1,34,2" doraHai="57" who="3" fromWho="1" sc="9,0,199,-45,453,0,339,45" /><INIT seed="3,0,0,1,3,37" ten="9,154,453,384" oya="3" hai0="85,118,119,96,29,109,90,49,47,97,135,59,18" hai1="3,88,101,114,30,9,92,0,130,51,104,67,107" hai2="7,27,89,54,128,127,132,105,94,116,83,95,20" hai3="36,74,50,24,93,99,134,44,84,11,72,102,58"/><W17/><G134/><T5/><D135/><U117/><E114/><V43/><F132/><W53/><G84/><T23/><D109/><U76/><E76/><V15/><F105/><W61/><G36/><T38/><D119/><U82/><E130/><V41/><F116/><W108/><G108/><T78/><D118/><U125/><E82/><V80/><F127/><W110/><G110/><T100/><D38/><U48/><E67/><V28/><F128/><W73/><G11/><T35/><D35/><U123/><E30/><V25/><F54/><W91/><G102/><T98/><D5/><U63/><E123/><V64/><F64/><W62/><G62/><T4/><D4/><U60/><E88/><V19/><F7/><W22/><REACH who="3" step="1"/><G74/><REACH who="3" ten="9,154,453,374" step="2"/><T115/><D115/><U46/><E9/><N who="2" m="6639" /><F80/><W10/><G10/><T66/><D78/><U87/><E101/><V8/><F8/><W113/><G113/><T103/><D100/><U126/><E87/><N who="2" m="50431" /><F25/><W1/><G1/><T12/><D103/><U33/><E63/><V42/><AGARI ba="0,1" hai="20,27,28,41,42,43,94,95" m="50431,6639" machi="42" ten="30,7900,0" yaku="8,1,52,3" doraHai="37" who="2" fromWho="2" sc="9,-20,154,-20,453,89,374,-39" owari="-11,-51.1,134,-26.6,542,64.2,335,13.5" /></mjloggm>