<mjloggm ver="2.3"><GO type="225" lobby="0"/><UN n0="%72%61%6B%33" n1="%45%6C%79%73%69%75%6D" n2="%E5%84%AA%40%41%42%43" n3="%E6%81%AC%E6%B7%A1%E5%AF%82%E5%AF%9E" dan="17,17,17,16" rate="2288.14,2099.74,2260.81,2117.49" sx="M,F,M,M"/><TAIKYOKU oya="0"/><INIT seed="0,0,0,5,0,117" ten="250,250,250,250" oya="0" hai0="107,43,126,96,114,83,91,115,46,39,32,131,16" hai1="9,4,2,124,95,3,28,44,47,48,30,34,108" hai2="64,6,8,41,119,38,134,93,20,31,133,25,102" hai3="69,51,71,17,60,45,18,12,82,54,125,84,78"/><T111/><D111/><U53/><E108/><V101/><F119/><W100/><G125/><T86/><D126/><U74/><E124/><V29/><F64/><W24/><G100/><T116/><D116/><U110/><E110/><V58/><F58/><W36/><G36/><T19/><D131/><U13/><E74/><V103/><F41/><W5/><G5/><T118/><D32/><U105/><E105/><V122/><F38/><W59/><G24/><T67/><D118/><U11/><E34/><V22/><F122/><W21/><REACH who="3" step="1"/><G18/><REACH who="3" ten="250,250,250,240" step="2"/><T75/><D19/><U92/><E30/><V109/><F109/><W132/><G132/><T90/><D16/><U70/><E28/><V104/><F104/><W23/><G23/><T98/><D107/><U80/><E9/><V7/><F31/><W26/><G26/><T33/><D33/><U0/><E11/><V112/><F22/><W40/><AGARI ba="0,1" hai="12,17,21,40,45,51,54,59,60,69,71,78,82,84" machi="40" ten="20,5200,0" yaku="1,1,0,1,7,1,53,1" doraHai="117" doraHaiUra="76" who="3" fromWho="3" sc="250,-26,250,-13,250,-13,240,62" /><INIT seed="1,0,0,4,2,45" ten="224,237,237,302" oya="1" hai0="117,53,49,84,91,62,42,23,103,18,107,122,93" hai1="50,2,112,63,61,114,109,41,75,6,11,82,21" hai2="13,4,79,104,25,54,22,31,20,37,38,66,85" hai3="95,125,89,78,96,88,90,68,57,14,33,47,56"/><U101/><E109/><V24/><F104/><W110/><G68/><T51/><D122/><U81/><E101/><V1/><F66/><W67/><G110/><T71/><D117/><U115/><E21/><V16/><F1/><W7/><G33/><T32/><D32/><U65/><E75/><V64/><F64/><W80/><G47/><T5/><D5/><U121/><E121/><V105/><F105/><W108/><G108/><T92/><D107/><U99/><E99/><V127/><F127/><W69/><G69/><T27/><D42/><U73/><E73/><V126/><F126/><W102/><G67/><T8/><D8/><U83/><E65/><V34/><F54/><W134/><G134/><T74/><D74/><U76/><E76/><V35/><F4/><W60/><G60/><T15/><D71/><U72/><E72/><V43/><F43/><W129/><G129/><T124/><D124/><U46/><AGARI ba="0,0" hai="2,6,11,41,46,50,61,63,81,82,83,112,114,115" machi="46" ten="40,3900,0" yaku="0,1,52,1" doraHai="45" who="1" fromWho="1" sc="224,-13,237,39,237,-13,302,-13" /><INIT seed="1,1,0,3,5,30" ten="211,276,224,289" oya="1" hai0="114,117,81,72,121,124,18,25,112,63,126,99,27" hai1="35,68,64,111,5,88,41,101,10,125,21,129,20" hai2="70,17,90,14,28,57,93,108,42,131,43,106,115" hai3="38,16,9,4,127,100,37,80,24,118,60,119,134"/><U87/><E129/><V130/><F70/><W8/><G100/><T58/><D99/><U123/><E123/><V29/><F106/><W84/><G127/><T23/><D72/><U48/><E125/><N who="0" m="48233" /><D81/><U22/><E35/><V102/><F102/><W85/><G60/><T11/><D58/><U83/><E101/><V94/><F108/><W69/><G69/><T40/><D40/><N who="2" m="15402" /><F115/><N who="0" m="44074" /><D63/><U6/><E111/><V13/><F57/><W44/><G44/><T31/><D121/><U132/><E68/><V103/><F29/><W82/><G24/><N who="0" m="16799" /><D117/><U12/><E64/><V61/><F28/><W76/><G76/><T26/><D11/><U34/><E10/><N who="2" m="6327" /><F61/><W19/><G4/><T1/><D1/><U86/><E5/><V91/><F103/><W107/><G107/><T104/><D104/><U109/><E6/><V97/><F131/><W47/><G47/><T0/><D0/><U75/><E75/><V67/><F130/><W39/><G39/><T77/><D77/><U120/><E120/><V46/><F67/><W105/><G105/><T62/><D62/><U50/><E41/><V59/><F46/><W71/><G71/><T15/><D15/><U51/><E12/><V92/><F59/><W122/><G122/><T116/><D116/><U49/><E109/><V135/><F14/><W32/><G38/><T45/><D45/><U55/><E55/><V7/><F7/><W110/><G37/><T78/><D78/><U98/><E50/><V53/><F53/><W36/><G110/><T56/><D56/><U79/><E49/><V74/><F74/><W65/><G36/><RYUUKYOKU ba="1,0" sc="211,30,276,-10,224,-10,289,-10" hai0="18,25,26,27" /><INIT seed="2,2,0,4,4,103" ten="241,266,214,279" oya="2" hai0="36,55,126,83,73,121,56,26,90,10,38,29,17" hai1="98,40,68,112,72,0,125,113,19,133,104,9,116" hai2="129,18,132,77,71,44,67,94,14,110,3,123,81" hai3="12,79,34,20,97,74,21,13,82,49,101,7,27"/><V96/><F123/><W47/><G34/><T24/><D126/><U93/><E116/><V106/><F3/><W122/><G122/><T108/><D108/><U120/><E120/><V115/><F115/><W4/><G4/><T118/><D118/><U22/><E68/><V45/><F106/><W87/><G74/><T127/><D127/><U130/><E72/><V78/><F132/><W51/><G51/><T88/><D24/><U65/><E104/><V5/><F5/><W75/><G75/><T1/><D17/><U124/><E0/><V66/><F129/><W60/><G60/><T53/><D53/><U57/><E133/><V128/><F128/><W102/><G102/><T107/><D107/><U105/><E105/><V16/><F18/><N who="3" m="12695" /><G21/><T8/><D36/><U134/><E134/><V28/><F28/><W11/><G101/><T117/><D38/><U52/><E130/><V39/><F110/><W62/><G62/><T70/><D70/><U2/><E2/><V80/><F71/><W48/><G97/><T42/><D73/><U50/><E124/><V91/><F39/><W15/><G49/><T31/><D1/><U6/><E125/><V89/><F67/><W85/><G85/><T46/><D117/><U35/><E35/><V95/><F66/><W76/><G76/><N who="2" m="29289" /><F45/><W99/><G99/><T114/><D46/><U41/><E112/><V63/><F44/><W54/><AGARI ba="2,0" hai="7,11,12,13,15,47,48,54,79,82,87" m="12695" machi="54" ten="30,1100,0" yaku="8,1" doraHai="103" who="3" fromWho="3" sc="241,-5,266,-5,214,-7,279,17" /><INIT seed="3,0,0,2,0,52" ten="236,261,207,296" oya="3" hai0="126,122,45,110,4,42,67,97,87,19,34,78,123" hai1="121,30,124,132,29,74,114,128,115,91,51,100,14" hai2="17,23,47,54,60,90,64,127,15,59,84,1,16" hai3="58,131,66,48,13,28,103,41,92,120,40,9,79"/><W53/><G120/><T112/><D110/><U111/><E121/><V107/><F127/><W71/><G131/><T94/><D34/><U89/><E74/><V38/><F1/><W133/><G133/><T80/><D126/><U37/><E37/><V101/><F107/><W22/><G79/><T104/><D112/><U86/><E100/><V35/><F35/><W46/><G71/><T61/><D19/><U11/><E111/><V21/><F101/><W20/><G66/><T26/><D26/><U93/><E128/><V130/><F130/><W65/><G65/><T43/><D43/><N who="3" m="16457" /><G46/><T7/><D104/><U27/><E132/><V82/><F38/><W68/><G68/><T33/><D33/><U25/><E124/><V0/><F0/><W70/><G70/><T72/><D72/><U49/><E114/><V57/><F47/><W125/><G28/><T85/><D123/><U102/><E29/><V10/><F17/><N who="3" m="8367" /><G125/><T117/><D117/><U63/><E30/><V6/><REACH who="2" step="1"/><F6/><REACH who="2" ten="236,261,197,296" step="2"/><W113/><G113/><T99/><D122/><U69/><E115/><V73/><F73/><W129/><G129/><T39/><D4/><U116/><E116/><V76/><F76/><W105/><G105/><T62/><D7/><U12/><E102/><V18/><F18/><W83/><G103/><T50/><D39/><U118/><E118/><V55/><F55/><W75/><G75/><T24/><D45/><U134/><E134/><V77/><F77/><W81/><G53/><T8/><D78/><U36/><E36/><V119/><F119/><W32/><G32/><T96/><D42/><RYUUKYOKU ba="0,1" sc="236,-10,261,-10,197,30,296,-10" hai2="10,15,16,21,23,54,57,59,60,64,82,84,90" /><INIT seed="4,1,1,3,4,115" ten="226,251,227,286" oya="0" hai0="68,55,13,129,18,92,96,74,48,73,1,79,63" hai1="91,84,11,82,52,9,107,98,28,125,46,12,130" hai2="127,124,4,89,132,14,10,67,16,109,20,110,95" hai3="72,112,65,7,15,71,102,101,6,106,37,108,0"/><T30/><D1/><U75/><E130/><V58/><F67/><W104/><G108/><N who="2" m="41577" /><F58/><W19/><G112/><T121/><D121/><U49/><E125/><N who="2" m="48203" /><F95/><W131/><G131/><T27/><D129/><U34/><E75/><V43/><F43/><W57/><G72/><T70/><D74/><U38/><E38/><V86/><F86/><W134/><G37/><T29/><D29/><U128/><E128/><V97/><F97/><W120/><G57/><T118/><D118/><U103/><E28/><V77/><F89/><W126/><G126/><T116/><D116/><U85/><E85/><V53/><F53/><W94/><G94/><T21/><D63/><U119/><E119/><V54/><F54/><W22/><G65/><T17/><D79/><U93/><E107/><V56/><F56/><W36/><G104/><T99/><D73/><U50/><E50/><V25/><F77/><W8/><G106/><T62/><D62/><U2/><E34/><V135/><AGARI ba="1,1" hai="4,10,14,16,20,25,132,135" m="48203,41577" machi="135" ten="40,8000,1" yaku="18,1,34,2,54,1" doraHai="115" who="2" fromWho="2" sc="226,-41,251,-21,227,93,286,-21" owari="185,-31.5,230,-17.0,320,42.0,265,6.5" /></mjloggm>