<mjloggm ver="2.3"><GO type="225" lobby="0"/><UN n0="%E6%B8%A9%E2%98%85%E6%83%85%E2%98%85%E6%8E%AA%E2%98%85%E7%BD%AE" n1="%E3%81%8B%E3%82%8F%E3%81%A1%E3%82%83%E3%82%93%35%38" n2="%6B%75%7A%75%6E" n3="%E3%81%A8%E3%82%93%E3%81%A8%E3%81%93%E3%81%A8%E3%82%93" dan="17,16,17,16" rate="2266.47,2181.98,2173.94,2182.07" sx="M,M,M,F"/><TAIKYOKU oya="0"/><INIT seed="0,0,0,5,3,106" ten="250,250,250,250" oya="0" hai0="62,130,64,81,28,33,84,6,5,132,59,88,37" hai1="77,103,127,124,55,1,57,29,51,82,125,123,112" hai2="100,17,97,120,134,16,53,27,58,79,65,56,85" hai3="115,89,8,129,7,70,122,21,35,19,10,73,38"/><T133/><D130/><U25/><E123/><V110/><F120/><W0/><G38/><T76/><D37/><U2/><E103/><V93/><F110/><W44/><G70/><T67/><D67/><U61/><E112/><V111/><F134/><N who="0" m="51818" /><D28/><U101/><E101/><V99/><F111/><W47/><G122/><T68/><D33/><U4/><E4/><N who="0" m="1641" /><D76/><U92/><E92/><V83/><F99/><W118/><G35/><T80/><D80/><U42/><E61/><N who="2" m="38071" /><F27/><W114/><G129/><T116/><D116/><U90/><E90/><V66/><F66/><W107/><G89/><T75/><D75/><N who="1" m="43327" /><E42/><V18/><F17/><W45/><G118/><T128/><D128/><U72/><E72/><V34/><F34/><AGARI ba="0,0" hai="1,2,25,29,34,51,55,57,124,125,127" m="43327" machi="34" ten="30,2000,0" yaku="18,1,52,1" doraHai="106" who="1" fromWho="2" sc="250,0,250,20,250,-20,250,0" /><INIT seed="1,0,0,4,3,21" ten="250,270,230,250" oya="1" hai0="84,126,20,130,50,90,117,103,74,104,123,1,40" hai1="82,86,45,55,101,81,96,37,109,91,2,32,49" hai2="56,12,72,107,61,120,35,121,100,42,133,30,51" hai3="18,95,6,108,93,70,89,134,116,87,102,13,48"/><U69/><E2/><V76/><F133/><W127/><G70/><T88/><D117/><U27/><E69/><V38/><F38/><W125/><G134/><T65/><D1/><U25/><E32/><V111/><F111/><W77/><G108/><T39/><D74/><U31/><E31/><V59/><F107/><W114/><G114/><T66/><D39/><U83/><E37/><V122/><F100/><W3/><G116/><T19/><D130/><U33/><E109/><V129/><F129/><W67/><G67/><N who="0" m="25611" /><D104/><U99/><E33/><V110/><F110/><W7/><G77/><T24/><D126/><N who="3" m="48137" /><G48/><T28/><D123/><U112/><E112/><V68/><F68/><W105/><G105/><T41/><D103/><U0/><E0/><V4/><F76/><W17/><G3/><T119/><D119/><U22/><E101/><V53/><F72/><W62/><G62/><T79/><D28/><N who="1" m="17463" /><E27/><V97/><F120/><W128/><G128/><T63/><D63/><U11/><E11/><V98/><F122/><W52/><G17/><T124/><D124/><U5/><E5/><V80/><F121/><W54/><G7/><T26/><D26/><U132/><E132/><V115/><F115/><W8/><G6/><T60/><D60/><U92/><AGARI ba="0,0" hai="45,49,55,81,82,83,86,91,92,96,99" m="17463" machi="92" ten="30,3000,0" yaku="8,1,52,1" doraHai="21" who="1" fromWho="1" sc="250,-10,270,30,230,-10,250,-10" /><INIT seed="1,1,0,3,5,124" ten="240,300,220,240" oya="1" hai0="18,56,1,3,69,9,2,52,28,101,106,54,49" hai1="39,19,5,47,80,64,7,42,17,45,6,31,0" hai2="12,122,61,20,66,120,51,100,131,76,129,46,107" hai3="27,77,87,79,92,40,11,24,82,103,94,117,134"/><U73/><E31/><V90/><F12/><W26/><G134/><T126/><D69/><U16/><E64/><V58/><F20/><W89/><G117/><T114/><D114/><U119/><E119/><V10/><F10/><W13/><G40/><T72/><D72/><U115/><E45/><V60/><F90/><W127/><G127/><T88/><D126/><U41/><E41/><N who="2" m="25039" /><F76/><W112/><G112/><T71/><D71/><U59/><E59/><N who="2" m="37151" /><F100/><W104/><G104/><T63/><D28/><U30/><E30/><V23/><F23/><W83/><G103/><T102/><D106/><U74/><E115/><V37/><F107/><W132/><G132/><T125/><D125/><U29/><E29/><V78/><F78/><N who="3" m="29707" /><G82/><T32/><D32/><U97/><E80/><V123/><F37/><W93/><G83/><T4/><D18/><AGARI ba="1,0" hai="11,13,18,24,26,27,87,89,92,93,94" m="29707" machi="18" ten="30,1000,0" yaku="8,1" doraHai="124" who="3" fromWho="0" sc="240,-13,300,0,220,0,240,13" /><INIT seed="2,0,0,4,4,49" ten="227,300,220,253" oya="2" hai0="28,119,71,88,26,27,68,44,74,45,131,92,67" hai1="115,107,75,13,132,94,50,102,29,11,125,118,21" hai2="96,3,116,135,22,99,12,87,76,61,42,101,17" hai3="79,57,64,77,31,69,24,23,95,66,32,73,80"/><V41/><F116/><W8/><G69/><T86/><D119/><U128/><E75/><V38/><F135/><W40/><G40/><T126/><D126/><U133/><E107/><V106/><F3/><W55/><G79/><T130/><D74/><U129/><E118/><V81/><F38/><W16/><G95/><T0/><D0/><U2/><E2/><V43/><F96/><W91/><G91/><T25/><D28/><U20/><E115/><V5/><F5/><W58/><G8/><T54/><D67/><U4/><E125/><V127/><F127/><W36/><G36/><T7/><D7/><U112/><E112/><V85/><F61/><W82/><G82/><T1/><D1/><U72/><E72/><V97/><F97/><W123/><G123/><T124/><D124/><U117/><E117/><V104/><F104/><W105/><G58/><T83/><D83/><U110/><E110/><V122/><F122/><W63/><REACH who="3" step="1"/><G105/><REACH who="3" ten="227,300,220,243" step="2"/><T108/><D108/><U113/><E113/><V70/><F70/><W37/><G37/><T114/><D114/><U10/><E10/><V51/><REACH who="2" step="1"/><F85/><REACH who="2" ten="227,300,210,243" step="2"/><W89/><G89/><T98/><D86/><U30/><E4/><V59/><F59/><W121/><G121/><T78/><D71/><U15/><E133/><V6/><F6/><W109/><G109/><T33/><D68/><U52/><E132/><V60/><F60/><W9/><G9/><T62/><D62/><U19/><E11/><V93/><F93/><W34/><G34/><T90/><D33/><U84/><E94/><V56/><F56/><W53/><G53/><RYUUKYOKU ba="0,2" sc="227,-15,300,-15,210,15,243,15" hai2="12,17,22,41,42,43,51,76,81,87,99,101,106" hai3="16,23,24,31,32,55,57,63,64,66,73,77,80" /><INIT seed="2,1,2,5,4,56" ten="212,285,225,258" oya="2" hai0="63,71,3,108,135,38,84,31,52,89,134,103,0" hai1="4,7,60,93,70,87,124,91,115,68,107,116,55" hai2="12,88,33,109,94,34,28,132,119,92,64,40,90" hai3="6,32,58,76,45,43,17,111,24,114,15,105,18"/><V62/><F119/><W16/><G105/><T11/><D38/><U125/><E107/><V99/><F132/><N who="0" m="50730" /><D108/><U73/><E73/><V20/><F109/><W35/><G111/><T100/><D31/><U121/><E115/><V29/><F40/><W85/><G114/><T86/><D86/><U65/><E116/><V79/><F79/><W22/><G58/><N who="0" m="35271" /><D71/><N who="1" m="42407" /><E55/><V9/><F33/><W127/><G32/><T66/><D66/><U81/><E121/><V8/><F34/><W36/><G127/><N who="1" m="48714" /><E81/><V130/><F130/><W80/><REACH who="3" step="1"/><G35/><REACH who="3" ten="212,285,225,248" step="2"/><T21/><D21/><U57/><E57/><N who="2" m="36943" /><F20/><W129/><G129/><T42/><D42/><U1/><E70/><V10/><F12/><W39/><G39/><T95/><D11/><AGARI ba="1,3" hai="6,11,15,16,17,18,22,24,36,43,45,76,80,85" machi="11" ten="40,2600,0" yaku="1,1,54,1,53,0" doraHai="56" doraHaiUra="49" who="3" fromWho="0" sc="212,-29,285,0,225,0,248,59" /><INIT seed="3,0,0,0,4,115" ten="183,285,225,307" oya="3" hai0="48,64,49,2,12,77,38,88,50,122,111,17,76" hai1="24,31,58,26,103,46,53,27,67,84,83,104,59" hai2="52,99,23,93,39,82,94,69,60,61,125,114,3" hai3="51,109,28,36,87,70,57,4,92,75,108,35,0"/><W20/><G75/><T124/><D122/><U118/><E118/><V10/><F114/><W74/><G74/><T117/><D2/><U41/><E104/><V101/><F39/><W29/><G70/><T54/><D38/><U123/><E123/><V97/><F125/><W32/><G20/><T16/><D117/><U116/><E116/><V47/><F82/><W11/><G36/><T132/><D124/><U66/><E103/><V96/><F69/><W131/><G131/><T119/><D119/><U95/><E95/><V42/><F97/><W73/><G73/><T18/><D111/><U79/><E31/><V56/><F23/><W102/><G28/><T1/><D1/><U107/><E107/><V135/><F135/><W34/><G29/><T78/><D64/><U30/><E30/><V126/><F126/><W21/><G21/><N who="0" m="11399" /><D54/><U40/><E59/><V19/><F3/><W5/><G0/><T89/><D132/><U37/><REACH who="1" step="1"/><E41/><REACH who="1" ten="183,275,225,307" step="2"/><V112/><F42/><W86/><G109/><T130/><D130/><U127/><E127/><V65/><F112/><W105/><G108/><T7/><D7/><U129/><E129/><V71/><F47/><W44/><G4/><T22/><D17/><U6/><E6/><V25/><F19/><W33/><G5/><T8/><D8/><U43/><E43/><V120/><F10/><W113/><G11/><T121/><D121/><U63/><AGARI ba="0,1" hai="24,26,27,37,40,46,53,58,63,66,67,79,83,84" machi="63" ten="30,4000,0" yaku="1,1,0,1,53,1" doraHai="115" doraHaiUra="55" who="1" fromWho="1" sc="183,-10,275,50,225,-10,307,-20" owari="173,-32.7,325,42.5,215,-18.5,287,8.7" /></mjloggm>