<mjloggm ver="2.3"><GO type="225" lobby="0"/><UN n0="%6D%75%75%6D%75%72%61" n1="%E7%88%86%E8%A3%82%E7%8B%82%E6%83%A0%E6%83%A0" n2="%72%61%6B%33" n3="%E3%83%B4%E3%83%A0%EF%BC%99%E3%81%A6" dan="16,17,16,17" rate="2144.62,2138.07,2152.73,2152.35" sx="F,M,M,M"/><TAIKYOKU oya="0"/><INIT seed="0,0,0,0,5,58" ten="250,250,250,250" oya="0" hai0="41,87,28,1,115,82,130,64,61,81,117,55,76" hai1="50,5,118,16,0,25,51,132,54,17,48,19,40" hai2="10,125,112,84,33,93,103,110,11,106,107,65,83" hai3="124,119,15,120,56,27,57,23,59,35,88,68,79"/><T102/><D115/><U32/><E118/><V49/><F112/><W52/><G120/><T96/><D117/><U67/><E132/><V44/><F33/><W21/><G119/><T20/><D130/><U127/><E127/><V18/><F125/><W2/><G2/><T42/><D1/><U114/><E114/><V62/><F110/><W47/><G68/><T135/><D135/><U38/><E0/><V12/><F10/><W128/><G128/><T3/><D3/><U121/><E5/><V78/><F93/><W104/><G104/><T39/><D55/><U109/><E109/><V131/><F103/><W46/><G79/><T72/><D39/><U74/><E74/><V43/><REACH who="2" step="1"/><F131/><REACH who="2" ten="250,250,240,250" step="2"/><W98/><G35/><T30/><D20/><U91/><E121/><V89/><F89/><W99/><G124/><T86/><D102/><U34/><E91/><V77/><F77/><W108/><G108/><T60/><D76/><U9/><E9/><V7/><F7/><W45/><G88/><T6/><D6/><U63/><E34/><V71/><AGARI ba="0,1" hai="11,12,18,43,44,49,62,65,71,78,83,84,106,107" machi="71" ten="20,5200,0" yaku="1,1,0,1,7,1,52,1,53,0" doraHai="58" doraHaiUra="122" who="2" fromWho="2" sc="250,-26,250,-13,240,62,250,-13" /><INIT seed="1,0,0,2,5,62" ten="224,237,302,237" oya="1" hai0="36,40,131,61,77,53,119,83,128,30,16,38,81" hai1="106,27,91,46,98,44,55,72,60,1,6,20,124" hai2="47,82,96,93,111,97,14,90,68,31,29,86,5" hai3="85,101,58,54,73,33,4,34,2,107,129,92,3"/><U0/><E124/><V110/><F68/><W76/><G129/><N who="0" m="49739" /><D119/><U43/><E72/><V65/><F65/><W100/><G73/><N who="0" m="43183" /><D30/><U7/><E1/><V42/><F14/><W88/><G76/><T57/><D40/><U71/><E0/><V78/><F5/><W25/><G2/><T130/><N who="0" m="49747" /><T32/><DORA hai="125" /><D32/><U114/><E114/><V18/><F18/><W12/><G3/><T112/><D112/><U28/><E71/><V105/><F29/><W120/><G33/><T113/><D113/><U80/><E106/><V89/><F31/><W66/><G107/><T87/><D16/><U122/><E122/><V115/><F115/><W45/><G34/><T67/><D53/><U10/><E10/><V23/><F23/><W56/><G54/><T13/><D13/><U64/><E44/><V9/><F9/><W37/><G45/><T15/><D15/><U127/><E55/><V123/><F123/><W104/><G12/><T63/><D63/><U35/><E35/><V21/><F21/><W118/><G118/><T52/><D52/><U22/><E22/><V132/><F105/><W17/><G104/><T74/><D74/><U108/><E20/><V95/><REACH who="2" step="1"/><F132/><REACH who="2" ten="224,237,292,237" step="2"/><W59/><G120/><T121/><D121/><U94/><E28/><V48/><AGARI ba="0,1" hai="42,47,48,78,82,86,89,90,93,95,96,97,110,111" machi="48" ten="30,7900,0" yaku="1,1,2,1,0,1,9,1,53,0" doraHai="62,125" doraHaiUra="102,133" who="2" fromWho="2" sc="224,-20,237,-39,292,89,237,-20" /><INIT seed="2,0,0,3,5,100" ten="204,198,381,217" oya="2" hai0="60,103,113,69,105,7,51,91,84,39,49,78,71" hai1="46,24,0,82,18,57,40,116,121,85,130,67,31" hai2="21,119,50,93,25,83,1,43,26,45,47,53,2" hai3="12,65,102,33,114,90,68,8,54,72,56,3,48"/><V77/><F119/><W75/><G33/><T80/><D113/><U20/><E0/><V73/><F93/><W19/><G114/><T131/><D39/><U94/><E116/><V14/><F14/><W79/><G102/><T30/><D131/><U107/><E130/><V34/><F34/><W125/><G125/><T127/><D127/><U64/><E121/><V124/><F124/><W117/><G117/><T27/><D7/><U35/><E94/><V106/><F106/><W123/><G123/><T22/><D78/><U101/><E57/><V129/><F129/><W37/><G79/><T115/><D115/><U70/><E70/><V38/><REACH who="2" step="1"/><F25/><REACH who="2" ten="204,198,371,217" step="2"/><W98/><G12/><T4/><D105/><U99/><E35/><V29/><AGARI ba="0,1" hai="1,2,21,26,29,38,43,45,47,50,53,73,77,83" machi="29" ten="20,12000,1" yaku="1,1,2,1,0,1,7,1,53,1" doraHai="100" doraHaiUra="36" who="2" fromWho="2" sc="204,-40,198,-40,371,130,217,-40" /><INIT seed="2,1,0,2,0,18" ten="164,158,501,177" oya="2" hai0="55,56,79,96,130,102,94,75,59,30,1,62,68" hai1="6,80,115,126,35,112,60,52,114,57,12,132,64" hai2="67,76,73,24,45,121,17,125,107,134,82,22,44" hai3="95,77,54,111,15,66,97,83,37,0,8,33,119"/><V47/><F121/><W3/><G119/><T103/><D130/><U78/><E126/><V108/><F125/><W122/><G122/><T11/><D68/><U25/><E132/><V50/><F134/><W123/><G123/><T63/><D103/><U29/><E12/><V109/><F107/><W99/><G37/><T4/><D30/><U70/><E6/><V48/><REACH who="2" step="1"/><F67/><REACH who="2" ten="164,158,491,177" step="2"/><W23/><G66/><T128/><D128/><U9/><E9/><V71/><F71/><W91/><G8/><T104/><D11/><U39/><E112/><V88/><F88/><W61/><G91/><T58/><D104/><U19/><E114/><V74/><F74/><W124/><G124/><T106/><D75/><U135/><E115/><V110/><AGARI ba="1,1" hai="17,22,24,44,45,47,48,50,73,76,82,108,109,110" machi="110" ten="40,12000,1" yaku="1,1,0,1,14,1,10,1,52,1,53,0" doraHai="18" doraHaiUra="84" who="2" fromWho="2" sc="164,-41,158,-41,491,133,177,-41" /><INIT seed="2,2,0,3,2,109" ten="123,117,624,136" oya="2" hai0="133,108,111,101,131,26,72,113,102,91,27,76,106" hai1="37,127,49,33,44,71,75,62,92,35,17,21,40" hai2="128,15,63,61,4,38,98,100,105,123,59,135,88" hai3="9,130,77,126,42,5,65,110,64,87,52,67,11"/><V32/><F123/><W82/><G110/><N who="0" m="42027" /><D131/><U13/><E127/><V55/><F128/><W36/><G130/><T7/><D133/><U69/><E75/><V14/><F135/><W24/><G126/><T85/><D7/><U116/><E116/><V96/><F38/><W41/><G36/><T48/><D48/><U107/><E107/><V53/><F32/><W25/><G52/><T30/><D113/><U89/><E37/><V54/><F4/><W3/><G3/><T129/><D129/><U120/><E120/><V47/><F47/><W78/><G78/><T22/><D106/><U16/><E17/><V68/><F68/><W57/><G57/><T112/><D112/><U95/><E95/><V117/><F117/><W39/><G39/><T94/><D27/><N who="3" m="10313" /><G5/><T51/><D51/><U99/><REACH who="1" step="1"/><E69/><REACH who="1" ten="123,107,624,136" step="2"/><V46/><F105/><W122/><G122/><T121/><D121/><U104/><E104/><V132/><F132/><W80/><G80/><AGARI ba="2,1" hai="22,26,30,72,76,80,85,91,94,101,102" m="42027" machi="80" ten="30,1000,0" yaku="14,1" doraHai="109" who="0" fromWho="3" sc="123,26,107,0,624,0,136,-16" /><INIT seed="3,0,0,0,0,102" ten="149,107,624,120" oya="3" hai0="20,52,25,75,54,93,109,103,118,62,117,49,91" hai1="46,55,80,74,19,83,111,81,58,11,27,121,68" hai2="41,101,51,134,39,98,87,129,10,63,9,95,31" hai3="73,88,22,126,18,3,92,61,45,108,104,125,17"/><W70/><G73/><T29/><D75/><U24/><E121/><V14/><F39/><W114/><G114/><T53/><D109/><U79/><E68/><V112/><F112/><W65/><G3/><T84/><D103/><U2/><E111/><V76/><F129/><W33/><G33/><T124/><D124/><N who="3" m="47721" /><G108/><T47/><REACH who="0" step="1"/><D62/><REACH who="0" ten="139,107,624,120" step="2"/><U6/><E46/><N who="2" m="26063" /><F134/><W122/><G122/><T127/><D127/><U60/><E19/><N who="2" m="8655" /><F31/><W40/><G17/><T106/><D106/><U115/><E115/><V8/><F63/><W71/><G104/><T66/><D66/><U119/><E119/><AGARI ba="0,1" hai="20,25,29,47,49,52,53,54,84,91,93,117,118,119" machi="119" ten="40,2600,0" yaku="1,1,54,1,53,0" doraHai="102" doraHaiUra="99" who="0" fromWho="1" sc="139,36,107,-26,624,0,120,0" owari="175,-2.5,81,-41.9,624,72.4,120,-28.0" /></mjloggm>