<mjloggm ver="2.3"><GO type="225" lobby="0"/><UN n0="%E3%81%BF%E3%81%BF%E3%81%9A" n1="%E4%BA%BA%E9%96%93%E3%83%81%E3%83%A3%E3%83%BC%E3%83%8F%E3%83%B3" n2="%74%61%6B%75%61%6B%61" n3="%E5%A4%9C%E3%81%AE%E3%82%AC%E3%82%B9%E3%83%91%E3%83%BC%E3%83%AB" dan="18,16,16,16" rate="2261.94,2082.81,2083.00,2172.38" sx="M,M,M,M"/><TAIKYOKU oya="0"/><INIT seed="0,0,0,1,5,124" ten="250,250,250,250" oya="0" hai0="129,72,112,37,133,57,50,67,121,109,128,126,108" hai1="43,7,0,116,3,56,58,95,79,82,17,51,9" hai2="10,104,115,75,8,15,134,81,24,65,107,11,86" hai3="35,70,96,80,6,71,16,64,30,120,111,20,61"/><T68/><D72/><U48/><E116/><V18/><F115/><W27/><G111/><N who="0" m="42571" /><D112/><U74/><E3/><V36/><F75/><W13/><G120/><T113/><D113/><U41/><E17/><V100/><F36/><W76/><G6/><T73/><D126/><U38/><E95/><V78/><F134/><W34/><G96/><T60/><D73/><U102/><E102/><V54/><F65/><W39/><G39/><T89/><D133/><U55/><REACH who="1" step="1"/><E38/><REACH who="1" ten="250,240,250,250" step="2"/><V47/><F100/><W91/><G91/><T52/><D121/><U66/><E66/><V119/><F119/><W99/><G99/><T87/><D37/><U77/><E77/><V19/><F104/><W33/><G71/><T106/><D106/><U31/><E31/><V97/><F107/><W94/><G94/><AGARI ba="0,1" hai="50,52,57,60,67,68,87,89,94,128,129" m="42571" machi="94" ten="30,12000,1" yaku="14,1,10,1,52,2,54,1" doraHai="124" who="0" fromWho="3" sc="250,130,240,0,250,0,250,-120" /><INIT seed="0,1,0,2,5,54" ten="380,240,250,130" oya="0" hai0="48,15,125,94,53,11,60,129,16,76,110,83,80" hai1="71,5,63,44,114,9,50,45,103,10,75,20,95" hai2="40,130,25,0,72,109,29,93,73,47,85,84,55" hai3="23,101,70,119,104,66,69,88,42,64,86,41,13"/><T38/><D38/><U107/><E75/><V39/><F0/><W46/><G119/><T92/><D125/><U56/><E107/><V124/><F109/><W18/><G101/><T4/><D110/><U81/><E71/><V31/><F124/><W37/><G104/><T2/><D129/><U19/><E114/><V33/><F130/><W57/><G42/><T22/><D60/><U30/><E30/><V134/><F134/><W111/><G111/><T135/><D135/><U78/><E95/><V67/><F67/><W117/><G117/><T120/><D120/><U127/><E103/><V121/><F121/><W106/><G106/><T105/><D105/><U36/><E36/><V62/><F29/><W96/><G96/><T49/><D49/><U126/><E126/><V122/><F122/><W112/><G112/><T1/><D2/><U87/><E5/><V102/><F84/><W131/><G66/><T14/><D1/><U123/><E123/><V17/><F17/><W133/><G131/><T65/><D65/><N who="1" m="39143" /><E127/><V128/><F128/><W115/><G115/><T8/><D22/><U100/><E100/><V113/><F102/><W34/><G34/><T99/><D99/><U3/><E3/><V116/><F116/><W32/><G32/><T74/><REACH who="0" step="1"/><D80/><REACH who="0" ten="370,240,250,130" step="2"/><U6/><E50/><N who="2" m="26983" /><F113/><W98/><G98/><T132/><D132/><U118/><E118/><V91/><F39/><W108/><G108/><T12/><D12/><N who="1" m="5175" /><E10/><V35/><F35/><W43/><G133/><T82/><D82/><U27/><AGARI ba="1,1" hai="19,20,27,44,45,78,81,87" m="5175,39143" machi="27" ten="30,2000,0" yaku="8,1,52,1" doraHai="54" who="1" fromWho="1" sc="370,-11,240,33,250,-6,130,-6" /><INIT seed="1,0,0,3,0,105" ten="359,273,244,124" oya="1" hai0="41,104,25,35,128,89,112,29,1,15,44,28,77" hai1="49,30,119,83,51,94,102,47,19,110,58,3,120" hai2="55,60,8,27,132,14,16,56,32,74,26,117,80" hai3="46,52,62,17,131,50,109,34,135,84,71,121,124"/><U122/><E119/><V22/><F117/><W43/><G121/><T72/><D112/><U76/><E3/><V95/><F132/><W18/><G34/><T20/><D128/><U134/><E134/><V42/><F32/><W67/><G135/><T13/><D104/><U37/><E30/><V126/><F126/><W111/><G124/><T81/><D1/><U115/><E115/><V40/><F95/><W63/><G84/><T79/><D79/><U108/><E37/><V97/><F97/><W54/><G18/><T70/><D70/><U9/><E58/><V107/><F107/><W92/><G92/><T69/><D69/><U39/><E39/><V73/><F27/><W61/><G17/><T36/><D89/><U75/><E9/><V21/><F21/><W7/><G7/><T6/><D6/><U11/><E11/><V133/><F133/><W31/><G31/><T48/><D28/><U125/><E125/><V5/><REACH who="2" step="1"/><F80/><REACH who="2" ten="359,273,234,124" step="2"/><W114/><G114/><T65/><D35/><U45/><E122/><V12/><F12/><W85/><G131/><T82/><D81/><U78/><E120/><V123/><F123/><W98/><G98/><T113/><D113/><U86/><E83/><V129/><F129/><W99/><G99/><T59/><D36/><U106/><E106/><V130/><F130/><W93/><G93/><T116/><D116/><U64/><E94/><V0/><F0/><W100/><G100/><T66/><D66/><U57/><E102/><V103/><F103/><W4/><G67/><T68/><D68/><U10/><E64/><V91/><F91/><RYUUKYOKU ba="0,1" sc="359,15,273,-15,234,15,124,-15" hai0="13,15,20,25,29,41,44,48,59,65,72,77,82" hai2="5,8,14,16,22,26,40,42,55,56,60,73,74" /><INIT seed="2,1,1,3,0,47" ten="374,258,249,109" oya="2" hai0="95,103,17,18,129,104,78,5,75,86,39,80,74" hai1="110,133,76,63,122,101,29,102,57,48,24,30,112" hai2="114,100,70,19,59,123,54,42,49,60,20,66,12" hai3="124,0,126,68,65,84,89,69,32,113,23,41,28"/><V106/><F123/><W98/><G0/><T8/><D39/><U34/><E112/><V94/><F114/><W81/><G113/><T108/><D108/><U21/><E110/><V131/><F131/><W3/><G3/><T121/><D121/><U73/><E122/><V96/><REACH who="2" step="1"/><F42/><REACH who="2" ten="374,258,239,109" step="2"/><W119/><G41/><T107/><D129/><U93/><E133/><V117/><F117/><W33/><G119/><T11/><D107/><AGARI ba="1,2" hai="12,19,20,49,54,59,60,66,70,94,96,100,106,107" machi="107" ten="40,3900,0" yaku="1,1,52,1,53,0" doraHai="47" doraHaiUra="118" who="2" fromWho="0" sc="374,-42,258,0,239,62,109,0" /><INIT seed="2,2,0,4,5,37" ten="332,258,301,109" oya="2" hai0="35,41,25,63,108,74,96,105,100,80,102,27,56" hai1="5,2,133,122,53,38,47,81,73,39,121,7,114" hai2="94,31,99,115,124,33,110,26,21,29,112,32,4" hai3="61,9,79,123,60,52,135,118,22,113,36,66,104"/><V85/><F124/><W0/><G118/><T95/><D108/><U90/><E114/><V125/><F125/><W103/><G113/><T132/><D132/><U15/><E133/><V42/><F110/><W83/><G135/><T24/><D41/><N who="1" m="22967" /><E39/><V117/><F117/><W11/><G123/><N who="1" m="47114" /><E15/><V107/><F107/><W97/><G36/><T16/><D35/><U101/><E101/><V48/><F85/><W59/><G0/><T62/><D62/><U75/><E53/><V116/><F116/><W46/><G22/><T18/><D74/><N who="1" m="28171" /><E2/><V76/><F76/><W98/><G98/><T131/><D80/><U20/><E20/><V19/><F33/><W12/><G12/><T86/><D131/><U44/><E44/><N who="2" m="25623" /><F32/><W126/><G126/><T109/><D109/><U3/><E3/><V43/><F43/><W106/><G106/><T50/><D50/><U70/><E70/><V68/><F68/><W23/><G23/><T87/><D102/><U51/><E51/><V13/><F115/><W129/><G129/><T111/><D111/><U34/><E34/><V92/><F112/><W45/><G45/><T127/><D127/><U6/><E81/><V130/><F130/><W58/><REACH who="3" step="1"/><G46/><REACH who="3" ten="332,258,301,99" step="2"/><T8/><D105/><U78/><E7/><V40/><F40/><W14/><G14/><N who="0" m="7239" /><D18/><U64/><E6/><V82/><F4/><W57/><G57/><T89/><D100/><U88/><E5/><V77/><F13/><W72/><AGARI ba="2,1" hai="9,11,52,58,59,60,61,66,72,79,83,97,103,104" machi="72" ten="20,8000,1" yaku="1,1,0,1,7,1,54,1,53,1" doraHai="37" doraHaiUra="49" who="3" fromWho="3" sc="332,-22,258,-22,301,-42,99,96" /><INIT seed="3,0,0,2,2,108" ten="310,236,259,195" oya="3" hai0="51,72,23,135,43,16,12,81,36,62,121,48,19" hai1="59,88,58,68,132,17,0,105,25,86,103,110,84" hai2="13,89,83,123,65,18,27,128,134,92,38,130,3" hai3="37,113,32,44,14,129,116,99,55,22,117,131,20"/><W47/><G32/><T54/><D121/><U93/><E68/><V42/><F3/><W125/><G125/><T104/><D104/><U66/><E0/><V79/><F134/><W63/><G99/><T85/><D72/><U31/><E110/><V61/><F123/><W102/><G102/><T76/><D135/><U101/><E132/><V133/><F27/><W6/><G113/><T70/><D36/><U2/><E2/><V40/><F133/><W78/><G78/><T4/><D4/><U109/><E109/><V77/><F40/><W120/><G120/><T127/><D127/><U33/><E17/><V9/><F42/><W5/><G63/><T39/><D39/><U53/><E105/><V29/><F29/><W111/><G37/><T34/><D43/><U7/><E7/><V11/><F11/><W80/><G111/><T1/><D1/><U98/><E66/><V74/><F77/><W114/><G114/><T97/><D34/><U96/><E59/><V26/><F26/><W112/><G112/><T71/><D97/><U8/><E8/><V115/><F38/><W35/><G35/><T119/><D119/><U28/><E28/><V69/><REACH who="2" step="1"/><F115/><REACH who="2" ten="310,236,249,195" step="2"/><W100/><G14/><N who="0" m="9623" /><D71/><U106/><REACH who="1" step="1"/><E101/><REACH who="1" ten="310,226,249,195" step="2"/><V95/><F95/><W30/><G30/><T46/><D70/><U10/><E10/><V56/><F56/><W124/><G124/><T52/><D19/><U126/><E126/><V15/><F15/><W73/><G100/><T107/><D12/><U50/><AGARI ba="0,2" hai="25,31,33,50,53,58,84,86,88,93,96,98,103,106" machi="50" ten="20,8000,1" yaku="1,1,0,1,7,1,54,1,53,1" doraHai="108" doraHaiUra="21" who="1" fromWho="1" sc="310,-20,226,100,249,-20,195,-40" owari="290,9.0,326,42.6,229,-17.1,155,-34.5" /></mjloggm>