<mjloggm ver="2.3"><GO type="225" lobby="0"/><UN n0="%61%67%65%48%61" n1="%E3%81%B5%E3%81%98%E3%81%8B%E3%81%A4" n2="%33%74%72%65%65" n3="%28%EF%BF%A3%E2%96%BD%EF%BF%A3%29%CE%B4%E2%8C%92%E3%83%BB" dan="16,16,16,16" rate="2103.76,2184.76,2136.80,2175.98" sx="M,M,F,M"/><TAIKYOKU oya="0"/><INIT seed="0,0,0,1,3,62" ten="250,250,250,250" oya="0" hai0="43,12,95,96,131,3,87,114,99,1,115,25,26" hai1="61,89,2,27,36,44,57,9,59,4,84,48,30" hai2="129,49,83,71,125,47,76,8,133,51,35,81,68" hai3="126,111,88,94,38,34,24,92,58,37,80,127,17"/><T54/><D43/><U117/><E117/><V128/><F35/><W107/><G107/><T32/><D95/><N who="3" m="36393" /><G111/><T90/><D12/><U116/><E36/><V45/><F8/><W60/><G34/><T65/><D54/><U124/><E124/><N who="3" m="47658" /><G24/><T75/><D75/><U21/><E116/><V121/><F125/><W53/><G17/><T63/><D63/><U113/><E113/><V101/><F76/><W77/><G88/><T66/><D87/><AGARI ba="0,0" hai="37,38,53,58,60,77,80,87" m="47658,36393" machi="87" ten="30,1000,0" yaku="18,1" doraHai="62" who="3" fromWho="0" sc="250,-10,250,0,250,0,250,10" /><INIT seed="1,0,0,1,1,115" ten="240,250,250,260" oya="1" hai0="93,88,30,48,51,76,32,128,107,97,59,127,49" hai1="0,40,120,21,22,13,36,86,75,19,52,119,108" hai2="126,72,135,96,114,38,109,25,95,123,78,92,33" hai3="44,100,124,131,6,134,37,77,85,79,62,73,10"/><U65/><E120/><V46/><F123/><W84/><G124/><T133/><D127/><U16/><E0/><V1/><F1/><W130/><G62/><T11/><D128/><N who="3" m="49193" /><G134/><T43/><D133/><U89/><E75/><V45/><F92/><W81/><G79/><T68/><D68/><U111/><E65/><V58/><F58/><W9/><G100/><T5/><D76/><U112/><E112/><V122/><F78/><W56/><G56/><T23/><D32/><U129/><E129/><V7/><F114/><W47/><G10/><T66/><D107/><U70/><E70/><V117/><F126/><W3/><G47/><T82/><D82/><N who="1" m="49367" /><E40/><AGARI ba="0,0" hai="3,6,9,37,40,44,73,77,81,84,85" m="49193" machi="40" ten="30,2000,0" yaku="25,1,19,1" doraHai="115" who="3" fromWho="1" sc="240,0,250,-20,250,0,260,20" /><INIT seed="2,0,0,5,0,90" ten="240,230,250,280" oya="2" hai0="104,21,108,2,88,44,10,75,46,132,25,115,71" hai1="118,52,112,13,39,78,16,63,110,64,95,36,66" hai2="12,116,81,123,58,69,85,11,120,83,26,38,61" hai3="131,59,22,89,49,106,80,33,68,129,19,92,7"/><V34/><F116/><W127/><G68/><T54/><D104/><U82/><E118/><V111/><F38/><W4/><G106/><T76/><D115/><U119/><E119/><V72/><F69/><W101/><G33/><T121/><D121/><U18/><E112/><V37/><F37/><W133/><G101/><T31/><D71/><U15/><E110/><V114/><F114/><W93/><G127/><T135/><D108/><U96/><E39/><V126/><F126/><W56/><G133/><N who="0" m="51275" /><D54/><U103/><E36/><V97/><F111/><W45/><G80/><N who="0" m="45087" /><D2/><U86/><E52/><V42/><F42/><N who="3" m="24759" /><G89/><T67/><D10/><N who="1" m="6199" /><E63/><V107/><F61/><W122/><G122/><T20/><D67/><U8/><AGARI ba="0,0" hai="8,15,18,64,66,78,82,86,95,96,103" m="6199" machi="8" ten="30,4000,0" yaku="8,1,52,1,54,1" doraHai="90" who="1" fromWho="1" sc="240,-10,230,40,250,-20,280,-10" /><INIT seed="3,0,0,1,3,83" ten="230,270,230,270" oya="3" hai0="86,42,111,106,43,121,32,26,93,2,90,22,3" hai1="70,38,13,25,92,97,77,31,15,78,116,73,47" hai2="75,65,29,5,99,35,11,0,56,107,102,44,119" hai3="108,130,127,17,69,33,4,27,51,104,39,134,48"/><W88/><G39/><T8/><D121/><U12/><E70/><V60/><F119/><W100/><G69/><T114/><D111/><U79/><E116/><V94/><F75/><W34/><G4/><T41/><D106/><U52/><E73/><V89/><F44/><W59/><G108/><T46/><D114/><U64/><E64/><V45/><F45/><W49/><G59/><T72/><D72/><U128/><E128/><V18/><F18/><W7/><G7/><T87/><D32/><U63/><E38/><V117/><F117/><W129/><G100/><T76/><D46/><U66/><E66/><V62/><F62/><W120/><G104/><T82/><REACH who="0" step="1"/><D8/><REACH who="0" ten="220,270,230,270" step="2"/><U50/><E47/><V36/><F36/><W112/><G120/><T115/><D115/><U55/><E12/><V10/><F10/><W9/><G112/><T58/><D58/><U68/><E13/><V109/><F109/><W81/><G34/><T57/><D57/><U135/><E15/><V91/><REACH who="2" step="1"/><F107/><REACH who="2" ten="220,270,220,270" step="2"/><W123/><G123/><T74/><D74/><U23/><E135/><V1/><F1/><W54/><G9/><T6/><D6/><U24/><E63/><V122/><F122/><W132/><G134/><T37/><D37/><U71/><E71/><V98/><F98/><W103/><G132/><T131/><D131/><U133/><E68/><V67/><F67/><W113/><G130/><T95/><D95/><U30/><E133/><V16/><F16/><AGARI ba="0,2" hai="2,3,16,22,26,41,42,43,76,82,86,87,90,93" machi="16" ten="40,8000,1" yaku="1,1,52,2,54,1,53,1" doraHai="83" doraHaiUra="14" who="0" fromWho="2" sc="220,100,270,0,220,-80,270,0" owari="320,42.0,270,7.0,140,-36.0,270,-13.0" /></mjloggm>