<mjloggm ver="2.3"><GO type="225" lobby="0"/><UN n0="%E3%81%99%E3%81%84%E3%81%BE%E3%81%9B%E3%83%BC%E3%82%93" n1="%4E%6F%2E%30%30%30%31" n2="%E3%81%AF%E3%82%88%E3%81%8A%E3%81%98%E3%81%95%E3%82%93" n3="%E5%B8%86%E7%AB%8B%E5%A4%8F%E8%A1%A3" dan="16,18,16,16" rate="2159.65,2218.50,2159.94,2098.54" sx="M,M,M,M"/><TAIKYOKU oya="0"/><INIT seed="0,0,0,0,0,35" ten="250,250,250,250" oya="0" hai0="95,114,13,27,127,7,43,45,37,0,75,58,112" hai1="9,28,93,96,10,97,135,104,66,53,56,130,111" hai2="60,68,63,51,62,132,65,102,16,90,109,31,120" hai3="49,55,88,5,57,69,81,25,19,133,11,23,83"/><T117/><D117/><U115/><E111/><V110/><F31/><W30/><G133/><T74/><D127/><U38/><E38/><V77/><F77/><W24/><G69/><T71/><D71/><U118/><E118/><V113/><F102/><W26/><G26/><T80/><D13/><U123/><E123/><V41/><F90/><W99/><G99/><T42/><D42/><U52/><E135/><V22/><F132/><W107/><G107/><T79/><D75/><U40/><E40/><V121/><F113/><W3/><REACH who="3" step="1"/><G88/><REACH who="3" ten="250,250,250,240" step="2"/><T119/><D119/><U105/><E105/><V8/><F121/><W100/><G100/><T14/><D27/><U84/><E104/><V124/><F120/><W21/><AGARI ba="0,1" hai="3,5,11,19,21,23,24,25,30,49,55,57,81,83" machi="21" ten="20,5200,0" yaku="1,1,0,1,7,1,52,1,53,0" doraHai="35" doraHaiUra="103" who="3" fromWho="3" sc="250,-26,250,-13,250,-13,240,62" /><INIT seed="1,0,0,0,0,8" ten="224,237,237,302" oya="1" hai0="115,67,128,77,127,61,89,104,6,48,120,72,20" hai1="132,34,5,7,52,53,101,106,21,134,91,62,113" hai2="131,84,76,81,27,13,129,135,92,116,0,121,64" hai3="2,98,22,25,111,73,83,97,54,30,99,59,122"/><U14/><E34/><V74/><F0/><W93/><G111/><T43/><D115/><U80/><E113/><V118/><F27/><W15/><G122/><T46/><D120/><U38/><E38/><V26/><F121/><W32/><G2/><T28/><D104/><U114/><E114/><V33/><F64/><W51/><G73/><T44/><D127/><U23/><E101/><V39/><F39/><W57/><G83/><T85/><D128/><N who="2" m="49226" /><F26/><W11/><G32/><T119/><D119/><N who="2" m="45610" /><F33/><W3/><G3/><T96/><D67/><U36/><E36/><V79/><F13/><W42/><G42/><T10/><D43/><U50/><E106/><V78/><F135/><N who="1" m="51753" /><E62/><V68/><F68/><W133/><G133/><T55/><D61/><U102/><E102/><V87/><F87/><W70/><G70/><T124/><D85/><N who="1" m="50599" /><E53/><V63/><F63/><W4/><REACH who="3" step="1"/><G93/><REACH who="3" ten="224,237,237,292" step="2"/><T60/><D72/><U56/><E23/><V94/><F74/><W88/><G88/><AGARI ba="0,1" hai="76,78,79,81,84,88,92,94" m="45610,49226" machi="88" ten="40,8000,1" yaku="19,1,34,2,54,1" doraHai="8" who="2" fromWho="3" sc="224,0,237,0,237,90,292,-80" /><INIT seed="2,0,0,2,1,52" ten="224,237,327,212" oya="2" hai0="11,89,77,111,59,118,66,99,132,5,78,56,53" hai1="60,106,25,51,131,44,71,133,21,72,88,40,63" hai2="73,58,108,127,94,20,76,35,31,32,113,42,79" hai3="102,54,124,93,27,87,74,104,105,57,115,103,110"/><V107/><F113/><W13/><G115/><T65/><D111/><U95/><E106/><V14/><F107/><W12/><G110/><T91/><D132/><U92/><E133/><V125/><F108/><W97/><G124/><N who="2" m="47689" /><F42/><W112/><G112/><T120/><D120/><U18/><E131/><V45/><F45/><W19/><G74/><T68/><D68/><U84/><E72/><V128/><F128/><W62/><G87/><T119/><D53/><U34/><E34/><N who="2" m="12843" /><F73/><W33/><G33/><T46/><D46/><U85/><E71/><V81/><F94/><W80/><G80/><T3/><D99/><U86/><E95/><V15/><F81/><W134/><G134/><T0/><D11/><U39/><E39/><V101/><F101/><N who="3" m="38411" /><G105/><T38/><REACH who="0" step="1"/><D5/><REACH who="0" ten="214,237,327,212" step="2"/><U28/><E28/><V96/><F96/><AGARI ba="0,1" hai="18,21,25,40,44,51,60,63,84,85,86,88,92,96" machi="96" ten="40,2600,0" yaku="8,1,54,1" doraHai="52" who="1" fromWho="2" sc="214,0,237,36,327,-26,212,0" /><INIT seed="3,0,0,4,1,0" ten="214,273,301,212" oya="3" hai0="82,87,30,34,76,50,28,79,107,91,3,2,63" hai1="15,124,67,18,126,46,131,61,36,11,5,23,47" hai2="45,44,4,32,55,14,13,81,60,96,110,105,85" hai3="112,66,73,25,93,7,21,20,19,8,114,64,128"/><W92/><G73/><T1/><D107/><U113/><E113/><V103/><F32/><W94/><G128/><T86/><D63/><U111/><E111/><V58/><F110/><W49/><G114/><T26/><D30/><U70/><E131/><V22/><F13/><N who="3" m="5279" /><G112/><T74/><D74/><U65/><E65/><N who="3" m="25194" /><G49/><T101/><D101/><U17/><E17/><V41/><F41/><W38/><G38/><T89/><REACH who="0" step="1"/><D50/><REACH who="0" ten="204,273,301,212" step="2"/><U84/><E36/><V6/><F103/><W127/><G127/><N who="1" m="48682" /><E84/><V121/><F85/><W72/><G72/><T132/><D132/><U116/><E116/><V40/><F105/><W51/><G51/><T129/><D129/><U42/><E42/><V54/><F40/><W99/><G21/><T37/><D37/><U52/><E52/><V123/><F22/><W78/><G78/><T57/><D57/><U39/><E39/><V12/><F58/><W69/><G69/><T43/><D43/><U33/><E33/><V133/><F133/><W24/><G99/><T88/><D88/><U9/><E23/><V80/><F96/><W27/><AGARI ba="0,1" hai="19,20,24,25,27,92,93,94" m="25194,5279" machi="27" ten="30,3000,0" yaku="8,1,52,1" doraHai="0" who="3" fromWho="3" sc="204,-10,273,-10,301,-10,212,40" /><INIT seed="3,1,0,5,1,107" ten="194,263,291,252" oya="3" hai0="56,14,83,62,68,93,2,101,65,111,12,25,10" hai1="3,84,61,44,128,85,38,30,73,67,70,71,57" hai2="46,119,78,135,41,129,33,131,127,17,52,54,66" hai3="74,95,58,50,4,92,32,5,105,36,104,86,88"/><W132/><G36/><T48/><D111/><U35/><E3/><V123/><F119/><W1/><G32/><T49/><D2/><U100/><E128/><N who="2" m="49227" /><F33/><W31/><G132/><T21/><D68/><U112/><E57/><V117/><F117/><W120/><G120/><T18/><D83/><U110/><E85/><V108/><F108/><W16/><G74/><T98/><REACH who="0" step="1"/><D14/><REACH who="0" ten="184,263,291,252" step="2"/><U118/><E71/><V109/><F109/><W91/><G1/><T89/><D89/><U29/><E70/><V8/><F135/><W15/><G15/><T45/><D45/><U9/><E44/><V19/><F46/><W106/><G91/><T23/><D23/><U24/><E110/><V124/><F123/><W114/><G88/><T27/><D27/><U99/><E24/><V82/><F82/><W64/><G58/><T80/><D80/><U76/><E118/><V39/><F78/><W11/><G11/><T102/><D102/><U81/><E9/><V43/><F8/><W47/><G47/><T69/><D69/><U55/><E35/><V125/><F39/><W20/><G20/><T7/><AGARI ba="1,1" hai="7,10,12,18,21,25,48,49,56,62,65,93,98,101" machi="7" ten="20,5200,0" yaku="1,1,0,1,7,1,8,1,53,0" doraHai="107" doraHaiUra="26" who="0" fromWho="0" sc="184,65,263,-14,291,-14,252,-27" /><INIT seed="4,0,0,2,2,18" ten="249,249,277,225" oya="0" hai0="41,124,14,51,96,115,135,64,36,8,53,116,71" hai1="106,10,59,28,111,6,11,55,107,1,131,15,38" hai2="128,9,102,26,23,49,86,48,123,109,92,50,60" hai3="88,132,129,16,17,5,81,98,67,13,118,126,22"/><T37/><D116/><U33/><E38/><V29/><F109/><W2/><G118/><T44/><D115/><U134/><E111/><V97/><F123/><W61/><G126/><T105/><D124/><U52/><E131/><V112/><F128/><W113/><G113/><T125/><D125/><U3/><E134/><V127/><F112/><W91/><G132/><T93/><D105/><U47/><E47/><V56/><F127/><W65/><G129/><T119/><D119/><U133/><E133/><V32/><F32/><W25/><G2/><T68/><D135/><U80/><E80/><V104/><F9/><N who="3" m="6191" /><G5/><T43/><D37/><U21/><E33/><V72/><F72/><W73/><G73/><T89/><D64/><N who="3" m="24649" /><G81/><T117/><D117/><U130/><E130/><V54/><F104/><W74/><G74/><T20/><D36/><U120/><E120/><V82/><F60/><W108/><G108/><T27/><D71/><U57/><E1/><V30/><F29/><W69/><G69/><T70/><D68/><U84/><E3/><V99/><F97/><W87/><G98/><T4/><D70/><U77/><E106/><V90/><AGARI ba="0,0" hai="23,26,30,48,49,50,54,56,82,86,90,92,99,102" machi="90" ten="20,5200,0" yaku="0,1,7,1,8,1,52,1" doraHai="18" who="2" fromWho="2" sc="249,-26,249,-13,277,52,225,-13" owari="223,-17.7,236,3.6,329,42.9,212,-28.8" /></mjloggm>