<mjloggm ver="2.3"><GO type="225" lobby="0"/><UN n0="%E3%81%A1%E3%82%85%E3%81%86%E3%81%A9%E3%81%8F%E8%B1%A1%E3%81%95%E3%82%93" n1="%79%6B%66%35%35%33%38%39" n2="%E3%81%95%E3%81%8D%E3%81%9F%E3%81%BE%E6%9E%97%E6%AA%8E" n3="%33%74%72%65%65" dan="17,16,16,17" rate="2156.29,2168.69,2104.65,2181.20" sx="M,M,M,F"/><TAIKYOKU oya="0"/><INIT seed="0,0,0,0,2,26" ten="250,250,250,250" oya="0" hai0="38,48,56,70,24,20,72,22,82,57,90,29,69" hai1="116,37,88,65,10,127,104,6,96,64,50,28,32" hai2="79,47,99,103,59,1,42,23,93,107,30,67,87" hai3="39,80,7,114,130,27,25,102,124,131,111,55,61"/><T125/><D38/><U126/><E37/><V75/><F1/><W92/><G114/><T52/><D125/><N who="1" m="47627" /><E116/><V46/><F42/><W115/><G115/><T89/><D57/><U132/><E132/><V94/><F107/><W68/><G39/><T15/><D72/><U74/><E74/><V134/><F134/><W122/><G111/><T14/><D14/><U58/><E50/><V40/><F40/><W128/><G124/><T54/><D54/><U63/><E104/><V9/><F9/><W13/><G122/><T118/><D118/><U84/><E96/><V100/><F75/><W17/><G7/><T0/><D0/><U53/><E28/><V19/><F79/><W73/><G92/><T117/><D117/><U33/><E33/><V62/><F103/><W78/><G102/><T91/><REACH who="0" step="1"/><D82/><REACH who="0" ten="240,250,250,250" step="2"/><N who="1" m="49175" /><E32/><V121/><F121/><W49/><G130/><T41/><D41/><U108/><E108/><V3/><F3/><AGARI ba="0,1" hai="3,6,10,53,58,63,64,65" m="49175,47627" machi="3" ten="30,2000,0" yaku="18,1,54,1" doraHai="26" who="1" fromWho="2" sc="240,0,250,30,250,-20,250,0" /><INIT seed="1,0,0,5,0,90" ten="240,280,230,250" oya="1" hai0="11,80,15,64,8,28,35,25,24,81,119,13,69" hai1="117,75,14,54,130,105,78,43,110,62,33,57,79" hai2="1,114,123,34,59,76,93,17,97,37,68,5,12" hai3="65,109,106,132,0,38,51,77,19,116,42,86,70"/><U100/><E117/><V94/><F123/><W74/><G109/><T111/><D119/><U18/><E130/><V99/><F68/><W82/><G116/><T53/><D111/><U32/><E110/><V131/><F37/><W71/><G132/><T73/><D53/><U103/><E43/><V9/><F34/><W27/><G0/><T45/><D45/><U122/><E122/><V30/><F30/><W48/><G106/><T89/><D73/><U95/><E105/><V23/><F131/><W120/><G120/><T92/><D25/><U101/><E79/><V40/><F114/><W96/><G96/><T39/><D39/><U4/><E4/><V135/><F135/><W46/><G74/><T115/><D115/><U58/><E58/><V98/><F76/><W104/><G104/><T29/><D29/><U112/><E112/><V108/><F108/><W26/><G70/><T31/><D31/><U22/><REACH who="1" step="1"/><E95/><REACH who="1" ten="240,270,230,250" step="2"/><V3/><F40/><W41/><G41/><T126/><D69/><U91/><E91/><V85/><F3/><W113/><G113/><T118/><D92/><N who="2" m="35434" /><F59/><W67/><G71/><T55/><D118/><U47/><E47/><V124/><F124/><W2/><G38/><T63/><D126/><U10/><E10/><V49/><F1/><W20/><G42/><T36/><D36/><U83/><AGARI ba="0,1" hai="14,18,22,32,33,54,57,62,75,78,83,100,101,103" machi="83" ten="30,3000,0" yaku="1,1,0,1,53,0" doraHai="90" doraHaiUra="134" who="1" fromWho="1" sc="240,-10,270,40,230,-10,250,-10" /><INIT seed="1,1,0,2,0,43" ten="230,310,220,240" oya="1" hai0="117,31,54,47,51,74,4,89,46,107,114,14,112" hai1="20,132,69,77,93,135,75,11,13,44,123,40,96" hai2="106,27,126,100,35,101,109,104,134,92,79,32,37" hai3="103,29,62,55,30,119,26,24,73,72,34,83,10"/><U18/><E123/><V56/><F37/><W127/><G119/><T2/><D117/><U94/><E69/><V130/><F134/><N who="1" m="51241" /><E11/><V133/><F130/><W67/><G127/><T78/><D107/><U21/><E21/><V108/><F126/><W53/><G103/><N who="2" m="39497" /><F133/><W0/><G0/><T102/><D102/><U124/><E124/><V7/><F79/><W88/><G10/><T84/><D2/><U39/><E96/><V82/><F82/><AGARI ba="1,0" hai="13,18,20,39,40,44,75,77,82,93,94" m="51241" machi="82" ten="30,2900,0" yaku="20,1,52,1" doraHai="43" who="1" fromWho="2" sc="230,0,310,32,220,-32,240,0" /><INIT seed="1,2,0,2,3,121" ten="230,342,188,240" oya="1" hai0="23,67,70,99,21,113,52,83,111,117,120,37,108" hai1="85,61,90,9,77,116,105,48,1,47,12,103,130" hai2="79,31,33,89,15,45,98,43,0,59,53,32,135" hai3="127,16,55,46,133,17,27,122,25,75,125,71,124"/><U11/><E116/><V26/><F135/><W60/><G122/><T24/><D117/><U10/><E130/><V30/><F0/><W129/><G129/><T68/><D120/><U92/><E1/><V57/><F79/><W72/><G133/><T51/><D113/><U39/><E39/><V81/><F15/><W76/><G46/><N who="0" m="27767" /><D37/><U78/><E105/><V66/><F66/><N who="3" m="41415" /><G55/><T104/><D83/><U14/><E103/><V74/><F74/><N who="3" m="28203" /><G76/><N who="1" m="29290" /><E61/><V8/><F8/><W86/><G86/><T112/><D112/><U101/><E101/><V18/><F18/><AGARI ba="2,0" hai="16,17,18,25,27,124,125,127" m="28203,41415" machi="18" ten="40,2600,0" yaku="18,1,54,1" doraHai="121" who="3" fromWho="2" sc="230,0,342,0,188,-32,240,32" /><INIT seed="2,0,0,2,0,121" ten="230,342,156,272" oya="2" hai0="125,36,22,66,105,113,40,76,12,101,10,23,83" hai1="80,58,48,62,98,29,63,71,52,106,88,73,13" hai2="97,129,47,93,96,134,43,20,18,2,53,11,72" hai3="87,95,104,45,70,67,124,35,19,33,14,74,25"/><V126/><F126/><W119/><G119/><T79/><D113/><U31/><E71/><V64/><F134/><W84/><G124/><T115/><D125/><U49/><E73/><V102/><F129/><W90/><G74/><T120/><D120/><U69/><E69/><V7/><F72/><W16/><G104/><T42/><D115/><U65/><E106/><V3/><F64/><W118/><G118/><T135/><D135/><U94/><E13/><V109/><F2/><W107/><G107/><T112/><D112/><U30/><E80/><V86/><F53/><W6/><G6/><T57/><D101/><U100/><E100/><V130/><F130/><W92/><G45/><T91/><D105/><U15/><E15/><V50/><F97/><W82/><G25/><T21/><D36/><U9/><E9/><V123/><F123/><W4/><G4/><N who="0" m="3143" /><D91/><U44/><E65/><V127/><F127/><W59/><G70/><T133/><D133/><U61/><E61/><V8/><F8/><W0/><G0/><T27/><D27/><U56/><E56/><V111/><REACH who="2" step="1"/><F86/><REACH who="2" ten="230,342,146,272" step="2"/><W41/><G84/><T103/><D66/><U68/><E68/><V108/><F108/><W34/><G87/><T54/><D40/><AGARI ba="0,1" hai="29,30,31,40,44,48,49,52,58,62,63,88,94,98" machi="40" ten="40,5200,0" yaku="8,1,54,2" doraHai="121" who="1" fromWho="0" sc="230,-52,342,62,146,0,272,0" /><INIT seed="3,0,0,4,3,52" ten="178,404,146,272" oya="3" hai0="82,38,48,32,97,128,106,117,0,50,1,67,86" hai1="2,42,132,19,102,111,125,73,69,6,63,36,118" hai2="114,110,72,76,7,80,11,27,78,101,95,84,26" hai3="68,77,57,51,107,16,135,81,15,127,22,31,43"/><W39/><G135/><T134/><D117/><U59/><E19/><V88/><F110/><W74/><G127/><T89/><D38/><U49/><E102/><V79/><F114/><W13/><G68/><T29/><D128/><U126/><E111/><V90/><F72/><W25/><G107/><T70/><D134/><U64/><E132/><V35/><F101/><W58/><G39/><T105/><D105/><U3/><E73/><V93/><F35/><W4/><G4/><T28/><D28/><U112/><E112/><V92/><REACH who="2" step="1"/><F90/><REACH who="2" ten="178,404,136,272" step="2"/><W56/><REACH who="3" step="1"/><G31/><REACH who="3" ten="178,404,136,262" step="2"/><T14/><D29/><U96/><E69/><V33/><F33/><W17/><G17/><T61/><D32/><U30/><E36/><V71/><F71/><W66/><G66/><T109/><D109/><U40/><E6/><V115/><F115/><W24/><G24/><T108/><D108/><U44/><E30/><V103/><F103/><W47/><AGARI ba="0,2" hai="13,15,16,22,25,43,47,51,56,57,58,74,77,81" machi="47" ten="30,18000,2" yaku="1,1,0,1,52,3,54,1,53,0" doraHai="52" doraHaiUra="62" who="3" fromWho="3" sc="178,-60,404,-60,136,-60,262,200" owari="118,-28.2,344,14.4,76,-42.4,462,56.2" /></mjloggm>