<mjloggm ver="2.3"><GO type="225" lobby="0"/><UN n0="%4C%4F%4C%49%54%41" n1="%E3%83%97%E3%83%AC%E3%83%B4%E3%82%A1%E3%83%86%E3%82%A3" n2="%E3%81%99%E3%81%84%E3%81%BE%E3%81%9B%E3%83%BC%E3%82%93" n3="%E3%82%A2%E3%83%BC%E3%83%A2%E3%83%AD%E3%83%BC%E3%83%B4%E3%82%A1" dan="16,16,17,16" rate="2157.40,2082.39,2247.62,2155.01" sx="F,F,M,M"/><TAIKYOKU oya="0"/><INIT seed="0,0,0,0,4,16" ten="250,250,250,250" oya="0" hai0="49,52,111,100,129,110,103,8,36,4,90,134,48" hai1="135,122,13,123,65,115,31,84,74,118,46,128,105" hai2="54,81,6,26,2,17,71,78,104,92,89,44,125" hai3="19,37,14,95,62,126,76,25,70,116,20,83,1"/><T93/><D36/><U47/><E74/><V101/><F125/><W82/><G116/><T57/><D48/><U43/><E118/><V99/><F71/><W41/><G1/><T24/><D129/><U30/><E105/><V28/><F17/><W12/><G126/><T91/><D24/><U15/><E65/><V55/><F44/><W27/><G82/><T85/><D91/><U73/><E73/><V94/><F6/><W117/><G117/><T97/><D134/><U88/><E128/><V108/><F2/><W119/><G119/><T87/><D87/><U60/><E60/><V80/><F108/><N who="0" m="41514" /><D85/><U7/><E135/><V33/><F94/><W102/><G27/><T9/><D9/><U114/><E84/><N who="2" m="52263" /><F81/><W56/><G37/><T120/><D120/><U32/><E7/><V40/><F40/><W59/><G41/><T50/><D49/><U18/><E43/><V77/><F77/><W98/><G83/><T131/><D131/><U0/><E18/><V86/><F86/><W96/><G76/><T67/><D67/><U39/><E39/><V38/><F38/><W45/><G19/><T75/><D75/><U51/><E51/><V69/><F80/><W112/><G25/><T107/><D107/><U5/><E5/><V63/><F78/><W61/><G61/><T68/><D68/><U127/><E127/><V35/><F35/><W106/><G62/><T130/><D130/><U3/><E32/><V58/><F69/><W22/><G70/><T29/><D29/><U132/><E132/><V79/><F79/><W124/><G106/><T34/><D34/><RYUUKYOKU ba="0,0" sc="250,10,250,10,250,10,250,-30" hai0="4,8,50,52,57,90,93,97,100,103" hai1="0,3,13,15,30,31,46,47,88,114,115,122,123" hai2="26,28,33,54,55,58,63,99,101,104" /><INIT seed="0,1,0,1,3,45" ten="260,260,260,220" oya="0" hai0="0,109,15,13,90,123,135,107,2,23,4,113,10" hai1="49,101,5,26,67,52,41,1,59,35,121,108,75" hai2="31,51,116,3,80,103,76,110,30,78,42,56,104" hai3="12,79,126,132,17,124,27,117,63,73,53,7,128"/><T95/><D107/><U91/><E75/><V47/><F110/><W22/><G117/><T48/><D113/><U55/><E108/><V134/><F116/><W20/><G73/><T29/><D109/><U111/><E111/><V71/><F71/><W96/><G79/><T88/><D123/><U54/><E121/><V28/><F3/><W24/><G96/><T122/><D122/><U60/><E101/><V16/><F134/><W118/><G118/><T72/><D72/><U92/><E1/><V58/><F103/><W9/><G63/><T40/><D135/><U130/><E5/><V115/><F104/><W89/><G89/><T114/><D114/><U37/><E130/><V11/><F115/><W68/><G68/><T6/><D0/><U8/><E8/><V82/><F78/><W77/><G77/><T120/><D120/><U50/><E35/><V100/><F100/><W39/><G39/><T127/><D127/><N who="3" m="48681" /><G53/><T65/><D65/><U131/><E26/><N who="3" m="9770" /><G132/><T99/><D90/><U32/><E32/><V14/><F76/><W70/><G70/><T125/><D125/><U44/><REACH who="1" step="1"/><E131/><REACH who="1" ten="260,250,260,220" step="2"/><V74/><F74/><W18/><G128/><T62/><D2/><U36/><E36/><V112/><F112/><W87/><G87/><AGARI ba="1,1" hai="37,41,44,49,50,52,54,55,59,60,67,87,91,92" machi="87" ten="40,8000,1" yaku="1,1,52,2,54,1,53,0" doraHai="45" doraHaiUra="94" who="1" fromWho="3" sc="260,0,250,93,260,0,220,-83" /><INIT seed="1,0,0,2,5,104" ten="260,343,260,137" oya="1" hai0="10,106,80,58,89,52,112,124,23,57,28,100,123" hai1="67,115,30,0,92,29,27,38,3,103,64,35,86" hai2="60,73,71,15,107,110,102,62,25,72,20,51,46" hai3="17,85,105,99,118,16,81,90,26,2,78,120,22"/><U109/><E115/><V47/><F110/><W94/><G120/><T18/><D112/><U79/><E109/><V97/><F15/><W76/><G118/><T6/><D124/><U117/><E117/><V75/><F71/><W125/><G125/><T101/><D123/><U54/><E38/><V113/><F113/><W119/><G119/><T55/><D28/><U111/><E111/><V8/><F8/><W9/><G105/><T40/><D40/><U59/><E30/><V128/><F128/><W96/><G96/><T69/><D69/><U5/><E103/><V41/><REACH who="2" step="1"/><F47/><REACH who="2" ten="260,343,250,137" step="2"/><W122/><G122/><T132/><D10/><U116/><E116/><V32/><F32/><W44/><G44/><T129/><D129/><U12/><E0/><V36/><F36/><W13/><REACH who="3" step="1"/><G2/><REACH who="3" ten="260,343,250,127" step="2"/><T31/><D106/><U93/><E3/><V126/><F126/><W84/><G84/><T7/><D132/><U91/><E86/><V134/><F134/><W66/><G66/><T43/><D58/><U19/><E67/><V50/><F50/><W114/><G114/><T70/><D57/><U34/><E64/><V1/><F1/><W33/><G33/><T61/><D70/><U45/><E35/><V88/><F88/><AGARI ba="0,2" hai="9,13,16,17,22,26,76,78,81,85,88,90,94,99" machi="88" ten="30,12000,2" yaku="1,1,7,1,8,1,54,2,53,2" doraHai="104" doraHaiUra="87" who="3" fromWho="2" sc="260,0,343,0,250,-120,127,140" /><INIT seed="2,0,0,5,2,12" ten="260,343,130,267" oya="2" hai0="74,125,53,37,88,106,116,14,36,8,95,26,126" hai1="32,134,128,20,85,45,112,60,48,121,75,71,132" hai2="81,17,94,3,77,120,96,118,113,90,83,21,40" hai3="80,105,107,101,65,39,27,108,86,1,98,66,52"/><V93/><F113/><W119/><G119/><T19/><D106/><U18/><E112/><V15/><F118/><W6/><G39/><T44/><D116/><U110/><E75/><V29/><F120/><W102/><G108/><T28/><D74/><U127/><E32/><V115/><F115/><W49/><G6/><T109/><D53/><U69/><E110/><V111/><F111/><W97/><G27/><T22/><D109/><U104/><E104/><V79/><F3/><W23/><G23/><T43/><REACH who="0" step="1"/><D37/><REACH who="0" ten="250,343,130,267" step="2"/><U56/><E121/><V135/><F135/><N who="1" m="51753" /><E128/><V117/><F117/><W38/><G38/><T68/><D68/><U34/><E71/><V10/><F40/><W41/><G41/><T30/><D30/><U87/><E69/><V42/><F42/><W91/><REACH who="3" step="1"/><G1/><REACH who="3" ten="250,343,130,257" step="2"/><T64/><D64/><N who="1" m="38919" /><E34/><V9/><F29/><W59/><AGARI ba="0,2" hai="49,52,59,65,66,80,86,91,97,98,101,102,105,107" machi="59" ten="20,8000,1" yaku="1,1,0,1,7,1,9,1,54,1,53,0" doraHai="12" doraHaiUra="35" who="3" fromWho="3" sc="250,-20,343,-20,130,-40,257,100" /><INIT seed="3,0,0,5,1,122" ten="230,323,90,357" oya="3" hai0="21,60,67,50,51,119,102,4,114,128,48,45,42" hai1="34,32,105,95,30,123,29,13,68,46,57,54,73" hai2="22,55,89,65,23,5,33,40,12,104,129,76,130" hai3="82,8,36,78,1,38,108,127,81,10,94,44,116"/><W86/><G116/><T113/><D4/><U31/><E105/><V124/><F104/><W11/><G1/><T69/><D102/><U58/><E123/><V125/><F76/><W16/><G108/><T97/><D97/><U61/><E68/><V103/><F89/><W27/><G127/><N who="2" m="48713" /><F103/><W18/><G44/><T35/><D35/><U17/><E73/><V101/><F101/><W74/><G94/><T64/><D21/><N who="2" m="7690" /><F65/><W20/><REACH who="3" step="1"/><G18/><REACH who="3" ten="230,323,90,347" step="2"/><T92/><D45/><U87/><E34/><V24/><F40/><W93/><G93/><T115/><D92/><U90/><E32/><V111/><F111/><W49/><G49/><T117/><D42/><U9/><E46/><V80/><F80/><W121/><G121/><T91/><D48/><U59/><AGARI ba="0,1" hai="9,13,17,29,30,31,54,57,58,59,61,87,90,95" machi="59" ten="30,2000,0" yaku="0,1,8,1" doraHai="122" who="1" fromWho="1" sc="230,-5,323,30,90,-5,347,-10" owari="225,-17.5,353,45.3,85,-41.5,337,13.7" /></mjloggm>