<mjloggm ver="2.3"><GO type="225" lobby="0"/><UN n0="%72%69%6F%75%63%68%61%6E" n1="%E5%AF%82%E5%AF%9E%E3%82%AE%E3%83%8D%E3%82%B9%E3%83%93%E3%83%BC%E3%83%AB" n2="%E9%81%85%E5%88%BB%E3%81%AE%E3%83%97%E3%83%AA%E3%83%B3%E3%82%B9%E2%99%AA" n3="%48%61%61%61%6C%61%6E%64" dan="17,16,16,17" rate="2291.64,2148.03,2151.31,2233.70" sx="M,M,F,M"/><TAIKYOKU oya="0"/><INIT seed="0,0,0,1,3,30" ten="250,250,250,250" oya="0" hai0="67,119,62,42,86,46,76,29,6,109,65,73,15" hai1="52,71,91,37,112,74,24,127,101,102,48,4,17" hai2="43,69,85,35,116,49,106,92,79,117,0,44,94" hai3="66,33,123,132,110,58,1,81,61,97,28,83,11"/><T121/><D119/><N who="2" m="45642" /><F106/><W98/><G110/><T57/><D121/><U26/><E37/><V82/><F0/><W100/><G123/><T84/><D109/><U7/><E127/><V96/><F69/><W114/><G114/><T90/><D29/><U77/><E71/><V107/><F35/><W70/><G132/><T75/><D65/><U36/><E36/><V78/><F78/><W87/><G58/><T20/><D76/><U134/><E134/><V89/><F107/><N who="3" m="63887" /><G98/><T105/><D105/><U118/><E118/><V63/><F63/><W25/><G87/><T22/><D86/><U13/><E91/><N who="2" m="55327" /><F79/><W115/><G115/><T9/><D75/><U10/><E77/><V53/><F94/><W126/><G126/><T124/><D73/><U21/><E74/><V88/><F89/><W111/><G111/><T54/><D67/><U80/><E80/><V99/><F99/><W129/><G129/><T93/><REACH who="0" step="1"/><D124/><REACH who="0" ten="240,250,250,250" step="2"/><U68/><E112/><V55/><AGARI ba="0,1" hai="43,44,49,53,55,82,85,88" m="55327,45642" machi="55" ten="30,2000,0" yaku="12,1,54,1" doraHai="30" who="2" fromWho="2" sc="240,-10,250,-5,250,30,250,-5" /><INIT seed="1,0,0,2,5,124" ten="230,245,280,245" oya="1" hai0="12,4,103,30,88,80,72,97,102,132,34,61,58" hai1="123,64,66,95,68,42,54,118,129,5,131,91,99" hai2="53,2,125,63,134,117,74,19,49,113,90,104,119" hai3="85,57,39,135,47,22,100,36,127,51,112,109,31"/><U76/><E123/><V59/><F74/><W13/><G112/><T18/><D132/><U15/><E118/><V7/><F104/><W20/><G127/><T107/><D103/><U33/><E33/><V43/><F125/><W67/><G135/><T94/><D4/><U106/><E42/><V44/><F134/><W70/><G109/><T26/><D72/><U82/><E106/><V69/><F113/><W29/><G70/><T17/><D80/><U14/><E54/><V126/><F126/><W62/><G100/><T81/><D81/><U98/><E98/><V10/><F69/><W23/><G13/><N who="1" m="4618" /><E5/><V55/><F19/><W86/><G39/><T16/><D12/><U65/><E68/><V41/><F41/><N who="3" m="25071" /><G36/><T9/><D9/><U37/><E37/><V11/><F11/><W21/><N who="3" m="5120" /><DORA hai="48" /><W115/><G115/><T89/><REACH who="0" step="1"/><D107/><REACH who="0" ten="220,245,280,245" step="2"/><U71/><E71/><V78/><F78/><W111/><G111/><T83/><D83/><U45/><E82/><V50/><REACH who="2" step="1"/><F90/><REACH who="2" ten="220,245,270,245" step="2"/><W60/><G29/><T133/><D133/><U96/><E76/><V52/><F52/><AGARI ba="0,2" hai="16,17,18,26,30,34,52,58,61,88,89,94,97,102" machi="52" ten="40,8000,1" yaku="1,1,52,1,54,3,53,0" doraHai="124,48" doraHaiUra="110,35" who="0" fromWho="2" sc="220,100,245,0,270,-80,245,0" /><INIT seed="2,0,0,1,2,11" ten="320,245,190,245" oya="2" hai0="20,72,3,45,75,2,112,84,91,125,33,109,66" hai1="80,126,8,77,25,69,121,123,60,111,79,127,9" hai2="6,110,132,44,41,120,99,55,15,31,38,96,114" hai3="100,49,93,98,134,129,1,30,108,27,29,82,94"/><V78/><F114/><W0/><G108/><T7/><D109/><U16/><E111/><V67/><F110/><W39/><G39/><T133/><D112/><U18/><E60/><V40/><F120/><N who="1" m="46153" /><E69/><V131/><F132/><W48/><G134/><T85/><D33/><U10/><E77/><V107/><F107/><W105/><G129/><T76/><D133/><U36/><E36/><V86/><F131/><W97/><G82/><T119/><D125/><N who="1" m="47627" /><E25/><V124/><F124/><W42/><G105/><T56/><D76/><U28/><E28/><V104/><F104/><W4/><G27/><T113/><D113/><U62/><E62/><V5/><F67/><W51/><G42/><N who="2" m="16489" /><F31/><W46/><G29/><T37/><D37/><U101/><E101/><V22/><F38/><W135/><G30/><T54/><D75/><AGARI ba="0,0" hai="8,9,10,16,18,75,79,80" m="47627,46153" machi="75" ten="40,5200,0" yaku="13,1,18,1,54,1" doraHai="11" who="1" fromWho="0" sc="320,-52,245,52,190,0,245,0" /><INIT seed="3,0,0,1,2,59" ten="268,297,190,245" oya="3" hai0="108,106,121,20,86,131,76,126,88,52,120,128,77" hai1="92,40,51,38,24,75,2,124,133,119,68,50,22" hai2="0,109,118,6,94,103,48,78,8,71,10,70,125" hai3="107,98,135,16,96,14,117,102,57,23,30,34,129"/><W83/><G117/><T134/><D108/><U4/><E68/><V122/><F118/><W116/><G116/><T112/><D134/><U27/><E119/><V28/><F109/><W53/><G135/><T21/><D126/><U105/><E105/><V62/><F125/><W101/><G129/><N who="0" m="49739" /><D112/><U99/><E124/><V73/><F122/><N who="0" m="47210" /><D106/><U18/><E75/><V3/><F28/><W56/><G83/><N who="0" m="49247" /><D52/><U130/><E133/><V36/><F36/><W65/><G65/><T41/><D41/><U72/><E72/><V31/><F31/><W1/><G1/><T12/><D20/><U90/><E130/><V47/><F78/><W29/><G34/><T95/><D95/><U69/><E40/><V55/><F73/><W39/><G39/><T66/><D66/><U97/><E38/><V100/><F94/><W7/><G7/><T35/><D35/><U26/><E4/><V46/><F46/><W123/><G123/><T54/><D54/><U93/><E2/><V127/><F127/><W115/><G115/><T85/><D85/><U79/><E79/><V42/><F3/><W132/><G132/><T37/><D37/><U104/><E104/><V43/><F10/><W91/><G107/><T5/><D21/><U33/><E33/><V17/><F17/><W19/><G23/><T25/><D25/><N who="1" m="9835" /><E69/><N who="2" m="26123" /><F43/><W58/><G53/><T44/><D44/><U9/><E9/><AGARI ba="0,0" hai="5,9,12,76,77" m="49247,47210,49739" machi="9" ten="30,2000,0" yaku="19,1,54,1" doraHai="59" who="0" fromWho="1" sc="268,20,297,-20,190,0,245,0" /><INIT seed="4,0,0,0,4,35" ten="288,277,190,245" oya="0" hai0="82,23,64,109,61,125,108,90,30,5,114,17,91" hai1="113,71,85,8,131,135,69,80,107,100,1,79,55" hai2="84,26,11,127,52,37,32,44,42,34,130,13,96" hai3="122,118,106,36,66,78,70,104,47,120,54,51,110"/><T22/><D114/><U133/><E113/><V93/><F127/><W28/><G110/><N who="0" m="42603" /><D125/><U50/><E131/><V14/><F130/><W12/><G118/><T77/><D5/><N who="1" m="1071" /><E100/><V128/><F128/><W83/><G28/><T16/><D30/><U76/><E76/><V101/><F26/><W48/><G36/><T15/><D17/><U21/><E21/><V27/><F27/><W63/><G12/><T134/><D23/><U126/><E107/><V6/><F14/><W117/><G117/><T73/><D134/><N who="1" m="51211" /><E126/><V56/><REACH who="2" step="1"/><F84/><REACH who="2" ten="288,277,180,245" step="2"/><W67/><G122/><T68/><AGARI ba="0,1" hai="15,16,22,61,64,68,73,77,82,90,91" m="42603" machi="68" ten="30,3000,0" yaku="10,1,54,1" doraHai="35" who="0" fromWho="0" sc="288,40,277,-10,180,-10,245,-10" owari="328,42.8,267,6.7,170,-33.0,235,-16.5" /></mjloggm>