<mjloggm ver="2.3"><GO type="225" lobby="0"/><UN n0="%E6%97%A5%E6%9B%9C%E6%97%A5%E3%82%88%E3%82%8A%E3%81%AE%E4%BD%BF%E8%80%85" n1="%E3%82%BF%E3%83%BC%E3%83%90%E3%83%B3%E9%87%8E%E5%8F%A3" n2="%E3%81%BE%E3%81%A8%E3%81%9F" n3="%45%6C%79%73%69%75%6D" dan="17,16,16,17" rate="2129.69,2093.96,2076.57,2110.32" sx="M,M,M,F"/><TAIKYOKU oya="0"/><INIT seed="0,0,0,4,3,29" ten="250,250,250,250" oya="0" hai0="51,65,77,74,26,94,115,66,28,17,86,83,121" hai1="18,56,119,97,127,99,50,110,87,90,4,113,40" hai2="102,6,31,16,122,73,124,30,44,22,52,81,103" hai3="48,125,2,92,7,70,78,46,39,128,98,55,27"/><T10/><D115/><U101/><E119/><V1/><F122/><W95/><G128/><T36/><D36/><U21/><E110/><V34/><F124/><W32/><G125/><T120/><D51/><U106/><E127/><V91/><F31/><W5/><G70/><T89/><D121/><U23/><E113/><V67/><F67/><W129/><G129/><T72/><D72/><U64/><E4/><V60/><F91/><W15/><G78/><T47/><D47/><N who="1" m="25959" /><E106/><V109/><F81/><W12/><G39/><T71/><D71/><U96/><E18/><V117/><F73/><W76/><G76/><T80/><D80/><N who="1" m="49511" /><E101/><V13/><F109/><W100/><G95/><T107/><D107/><U82/><E82/><V45/><F103/><W20/><G2/><T104/><D104/><U62/><AGARI ba="0,0" hai="21,23,56,62,64,96,97,99" m="49511,25959" machi="62" ten="30,1100,0" yaku="8,1" doraHai="29" who="1" fromWho="1" sc="250,-5,250,11,250,-3,250,-3" /><INIT seed="1,0,0,2,5,34" ten="245,261,247,247" oya="1" hai0="12,9,53,122,91,18,73,86,21,55,76,25,103" hai1="54,94,79,66,126,1,132,88,81,120,92,83,112" hai2="59,22,40,4,71,101,52,20,45,98,117,99,47" hai3="131,125,62,74,102,37,70,109,75,85,2,78,115"/><U23/><E120/><V28/><F71/><W123/><RYUUKYOKU type="yao9" ba="0,0" sc="245,0,261,0,247,0,247,0" hai3="2,37,62,70,74,75,78,85,102,109,115,123,125,131" /><INIT seed="1,1,0,4,0,61" ten="245,261,247,247" oya="1" hai0="63,118,25,74,38,44,116,114,59,4,37,121,0" hai1="3,122,81,113,28,133,70,16,127,53,124,10,31" hai2="125,2,36,108,88,82,50,73,11,39,84,107,117" hai3="5,12,14,1,76,96,129,80,35,131,90,86,91"/><U19/><E122/><V100/><F117/><N who="0" m="45162" /><D25/><U48/><E113/><V58/><F108/><W22/><G35/><T119/><N who="0" m="45170" /><T77/><DORA hai="68" /><D4/><N who="1" m="1311" /><E70/><V56/><F125/><N who="1" m="48201" /><E81/><V106/><F73/><W18/><G1/><T83/><D0/><U8/><E133/><V34/><F34/><W92/><REACH who="3" step="1"/><G76/><REACH who="3" ten="245,261,247,237" step="2"/><T33/><D77/><U41/><E41/><V135/><F2/><W95/><G95/><T62/><D33/><U51/><E51/><V66/><F106/><W87/><G87/><T102/><D114/><U71/><E71/><V15/><F107/><W64/><G64/><T7/><D121/><U65/><E65/><V55/><F135/><W112/><G112/><T32/><D32/><U111/><E111/><V132/><F132/><W134/><G134/><T43/><D83/><U78/><E78/><V69/><F69/><W89/><G89/><T57/><D74/><U60/><E48/><V98/><F66/><W109/><G109/><T94/><D94/><U42/><E42/><V130/><F84/><W47/><G47/><T120/><D120/><U85/><E85/><V99/><F88/><W110/><G110/><T30/><D44/><U9/><E53/><V72/><F55/><W29/><G29/><N who="1" m="11338" /><E60/><V103/><F72/><W26/><G26/><T79/><D43/><U104/><E104/><V6/><F82/><W21/><G21/><T97/><D79/><U115/><E115/><V75/><F75/><W40/><G40/><T128/><D63/><U67/><E67/><V46/><F46/><W49/><G49/><T101/><D62/><U23/><E23/><RYUUKYOKU ba="1,1" sc="245,-15,261,15,247,-15,237,15" hai1="8,9,16,19" hai3="5,12,14,18,22,80,86,90,91,92,96,129,131" /><INIT seed="1,2,1,4,1,106" ten="230,276,232,252" oya="1" hai0="123,5,50,125,95,3,39,43,81,53,35,60,131" hai1="30,96,10,70,120,25,15,101,36,103,23,38,98" hai2="118,121,109,128,40,66,49,54,113,88,107,61,90" hai3="91,7,64,63,83,28,6,51,93,130,4,22,41"/><U75/><E120/><V76/><F118/><W74/><G130/><T114/><D35/><U129/><E70/><V33/><F121/><W46/><G28/><T31/><D123/><U127/><E129/><V105/><F109/><W19/><G83/><T100/><D31/><U99/><E127/><V126/><F126/><W26/><G74/><T37/><D114/><U12/><E75/><V77/><F33/><W117/><G117/><T17/><D5/><U82/><E82/><V115/><F128/><W79/><G79/><T119/><D3/><U80/><E80/><V42/><F49/><W72/><G72/><T13/><D119/><U48/><E48/><V27/><F27/><W132/><G132/><T104/><D104/><U8/><E15/><V134/><F61/><W57/><REACH who="3" step="1"/><G4/><REACH who="3" ten="230,276,232,242" step="2"/><T2/><D81/><U84/><E30/><V45/><F134/><W32/><G32/><T65/><D131/><U44/><E103/><V62/><F115/><W124/><G124/><T92/><D125/><U86/><E101/><V56/><F77/><W89/><G89/><T122/><D100/><U85/><E36/><V52/><F76/><W78/><G78/><T34/><D39/><U116/><E38/><V94/><F113/><W18/><G18/><T0/><D34/><U68/><E116/><V59/><F90/><W55/><G55/><T16/><D37/><U21/><E8/><V24/><F52/><W108/><G108/><T14/><D53/><U29/><E10/><V67/><F54/><W9/><G9/><T11/><D122/><U47/><E68/><V69/><F69/><RYUUKYOKU ba="2,2" sc="230,-15,276,15,232,-15,242,15" hai1="12,21,23,25,29,44,47,84,85,86,96,98,99" hai3="6,7,19,22,26,41,46,51,57,63,64,91,93" /><INIT seed="1,3,2,5,5,84" ten="215,291,217,257" oya="1" hai0="32,130,21,77,73,107,17,47,76,83,98,55,26" hai1="58,116,87,48,121,30,124,93,89,40,52,69,14" hai2="80,115,111,75,43,133,99,13,20,53,8,72,1" hai3="90,22,42,103,60,119,35,128,104,81,94,37,110"/><U126/><E121/><V24/><F111/><W28/><G110/><T23/><D130/><U65/><E116/><V86/><F133/><W46/><G128/><T113/><D113/><U63/><E30/><V129/><F1/><W31/><G119/><T122/><D122/><U123/><E123/><V97/><F129/><W19/><G35/><T66/><D32/><U78/><E78/><V4/><F43/><W67/><G81/><T108/><D108/><U5/><E5/><V102/><F99/><W45/><G45/><T33/><D33/><U105/><E105/><V39/><F39/><W82/><G82/><T11/><D66/><U109/><E109/><V9/><F9/><W112/><G103/><T100/><D77/><U54/><E14/><V70/><F53/><W38/><G38/><T29/><D11/><U16/><E16/><V64/><F64/><W3/><G3/><T101/><D101/><U57/><REACH who="1" step="1"/><E40/><REACH who="1" ten="215,281,217,257" step="2"/><V120/><F120/><W2/><G104/><T41/><D41/><U25/><E25/><V7/><F115/><W50/><G2/><T68/><D17/><U56/><E56/><V85/><F4/><W0/><G0/><T134/><D29/><U96/><E96/><V79/><F24/><N who="3" m="14431" /><G112/><T88/><D26/><U95/><E95/><V132/><F97/><N who="3" m="57559" /><G37/><T135/><D107/><U51/><AGARI ba="3,3" hai="48,51,52,54,57,58,63,65,69,87,89,93,124,126" machi="51" ten="30,18000,2" yaku="1,1,0,1,9,1,52,1,54,1,53,2" doraHai="84" doraHaiUra="44" who="1" fromWho="1" sc="215,-63,281,219,217,-63,257,-63" /><INIT seed="1,4,0,0,1,111" ten="152,500,154,194" oya="1" hai0="103,7,62,50,44,19,0,75,95,71,77,128,28" hai1="54,29,17,68,125,58,34,64,83,69,124,70,96" hai2="115,99,94,82,20,30,131,42,35,59,80,107,117" hai3="57,118,91,126,38,101,133,81,48,10,100,23,104"/><U78/><E96/><V72/><F117/><W5/><G38/><T21/><D128/><U31/><E64/><V120/><F35/><W1/><G118/><T8/><D28/><U2/><E2/><V85/><F107/><W16/><G133/><T43/><D77/><U130/><E17/><V114/><F120/><W41/><G126/><N who="1" m="48746" /><E34/><V113/><F131/><W66/><G104/><T97/><D75/><N who="1" m="43487" /><E130/><V51/><F72/><W105/><G105/><T15/><D62/><AGARI ba="4,0" hai="29,31,54,58,62,68,69,70" m="43487,48746" machi="62" ten="40,2000,0" yaku="18,1" doraHai="111" who="1" fromWho="0" sc="152,-32,500,32,154,0,194,0" /><INIT seed="1,5,0,5,2,57" ten="120,532,154,194" oya="1" hai0="108,84,116,13,73,80,109,117,17,115,34,130,77" hai1="87,41,36,92,56,124,75,99,31,127,107,112,61" hai2="90,128,60,64,49,47,20,113,35,7,111,28,134" hai3="132,133,83,81,122,89,39,5,71,21,104,129,59"/><U48/><E75/><V55/><F111/><N who="0" m="42570" /><D34/><U46/><E112/><V19/><F128/><W95/><G122/><T23/><D115/><U69/><E31/><V72/><F72/><W100/><G71/><T54/><D130/><U110/><E110/><V101/><F7/><W30/><G39/><T11/><D54/><U98/><E87/><V37/><F35/><W126/><G129/><T76/><D11/><U0/><E0/><V8/><F8/><W106/><G5/><T18/><D18/><U94/><E69/><V96/><F134/><N who="3" m="51819" /><G126/><N who="1" m="48170" /><E36/><V105/><F37/><W103/><G30/><T53/><D53/><N who="1" m="33935" /><E107/><N who="3" m="41002" /><G21/><T66/><D66/><U120/><E120/><V40/><F28/><W74/><G59/><T67/><D67/><U51/><E51/><V121/><F121/><W86/><G74/><T22/><D23/><U79/><E79/><V16/><F113/><W82/><AGARI ba="5,0" hai="81,82,83,86,89,95,100,103" m="41002,51819" machi="82" ten="40,5200,0" yaku="20,1,34,2" doraHai="57" who="3" fromWho="3" sc="120,-18,532,-31,154,-18,194,67" /><INIT seed="2,0,0,2,1,51" ten="102,501,136,261" oya="2" hai0="108,35,20,122,91,43,84,18,95,60,131,14,72" hai1="54,7,57,68,89,45,79,37,117,92,133,3,42" hai2="63,74,8,70,11,128,23,88,87,19,83,1,17" hai3="106,55,104,2,109,32,9,64,6,100,47,120,36"/><V38/><F128/><W105/><G120/><T65/><D122/><U115/><E117/><V103/><F38/><W135/><G109/><T81/><D108/><U118/><E118/><V102/><F74/><W25/><G55/><T119/><D131/><U69/><E115/><V30/><F30/><N who="3" m="19535" /><G64/><T26/><D119/><U39/><E39/><V116/><F116/><W24/><G24/><T98/><D72/><U50/><E133/><V93/><F1/><W13/><G13/><T46/><D35/><U126/><E126/><V16/><F23/><W97/><G135/><T29/><D14/><U123/><E123/><V0/><F0/><W111/><G111/><T15/><D15/><U96/><REACH who="1" step="1"/><E79/><REACH who="1" ten="102,491,136,261" step="2"/><V99/><F103/><W113/><G113/><T112/><D112/><U85/><E85/><V67/><AGARI ba="0,1" hai="8,11,16,17,19,63,67,70,83,87,88,93,99,102" machi="67" ten="30,6000,0" yaku="0,1,54,2" doraHai="51" who="2" fromWho="2" sc="102,-20,491,-20,136,70,261,-20" /><INIT seed="2,1,0,2,5,102" ten="82,471,206,241" oya="2" hai0="21,1,63,32,28,62,17,122,104,6,54,36,71" hai1="4,50,115,91,14,43,33,84,80,38,135,128,106" hai2="61,112,119,18,57,67,31,130,44,75,48,11,16" hai3="20,109,34,101,26,60,117,45,110,2,19,132,55"/><V86/><F112/><W74/><G74/><T23/><D122/><U89/><E33/><V99/><F75/><W92/><G2/><T70/><D36/><U52/><E106/><V42/><F119/><W127/><G117/><T41/><D41/><U134/><E115/><V90/><F31/><W100/><G132/><N who="1" m="50730" /><E128/><V105/><F130/><W7/><G7/><T13/><D23/><U10/><E43/><V129/><F129/><W29/><G127/><T111/><D111/><N who="3" m="42505" /><G92/><T8/><D104/><U107/><E107/><V81/><REACH who="2" step="1"/><F11/><REACH who="2" ten="82,471,196,241" step="2"/><W9/><G9/><T78/><D78/><N who="1" m="46103" /><E38/><V27/><F27/><W49/><G60/><T116/><D116/><U123/><E123/><V39/><F39/><W96/><G96/><T69/><REACH who="0" step="1"/><D54/><REACH who="0" ten="72,471,196,241" step="2"/><U82/><E52/><V97/><F97/><W87/><G55/><T24/><AGARI ba="1,2" hai="1,6,8,13,17,21,24,28,32,62,63,69,70,71" machi="24" ten="40,8000,1" yaku="1,1,2,1,0,1,24,2,53,0" doraHai="102" doraHaiUra="85" who="0" fromWho="0" sc="72,103,471,-21,196,-41,241,-21" /><INIT seed="3,0,0,2,3,60" ten="175,450,155,220" oya="3" hai0="78,82,116,63,49,111,89,39,40,80,123,75,127" hai1="13,0,94,76,72,15,128,46,21,97,33,32,19" hai2="79,125,73,69,87,1,25,38,124,66,59,44,35" hai3="130,62,26,103,108,105,16,98,45,93,29,4,91"/><W57/><G16/><T71/><D116/><U70/><E0/><V96/><F87/><W112/><G45/><T3/><D123/><U81/><E70/><V10/><F59/><W9/><G9/><T65/><D111/><U86/><E128/><V31/><F96/><W61/><G61/><T95/><D3/><U100/><E46/><V24/><F24/><W22/><G4/><T135/><D135/><U41/><E41/><V58/><F58/><W67/><G130/><T106/><D106/><U28/><E28/><V20/><F20/><W121/><G108/><T107/><D107/><U54/><E54/><V113/><F113/><W11/><G11/><T27/><D127/><N who="2" m="48714" /><F1/><W90/><G112/><T114/><D114/><U104/><E13/><V126/><N who="2" m="48722" /><V12/><DORA hai="17" /><F79/><W42/><G121/><T117/><D117/><U53/><E53/><V83/><F83/><W23/><G26/><T119/><D80/><U37/><E37/><V56/><F73/><W77/><G77/><T118/><D39/><U115/><E115/><V131/><F56/><W34/><G57/><T134/><D27/><U102/><E102/><V92/><F92/><W50/><G93/><T85/><REACH who="0" step="1"/><D134/><REACH who="0" ten="165,450,155,220" step="2"/><U122/><E122/><V30/><F30/><W47/><G29/><T99/><D99/><U7/><E104/><V132/><F132/><W52/><G105/><T109/><D109/><U48/><E81/><V74/><F74/><W129/><G98/><T36/><D36/><U2/><E97/><V18/><F18/><W8/><G129/><T5/><D5/><U55/><E72/><RYUUKYOKU ba="0,1" sc="165,30,450,-10,155,-10,220,-10" hai0="40,49,63,65,71,75,78,82,85,89,95,118,119" owari="195,-20.5,450,55.0,145,-35.5,210,1.0" /></mjloggm>