<mjloggm ver="2.3"><GO type="225" lobby="0"/><UN n0="%E6%97%A5%E6%9B%9C%E6%97%A5%E3%82%88%E3%82%8A%E3%81%AE%E4%BD%BF%E8%80%85" n1="%72%61%6B%33" n2="%E3%82%82%E3%81%90%E3%82%89" n3="%E3%81%B7%E3%82%8A%E3%82%93%E8%81%96%E4%BA%BA" dan="17,17,17,16" rate="2146.37,2290.23,2175.33,2090.23" sx="M,M,M,M"/><TAIKYOKU oya="0"/><INIT seed="0,0,0,4,4,73" ten="250,250,250,250" oya="0" hai0="58,3,17,99,5,98,7,123,62,16,96,107,65" hai1="44,124,77,76,64,129,51,25,50,106,14,80,43" hai2="71,34,109,81,6,32,22,87,11,60,36,63,118" hai3="38,92,15,134,0,125,120,82,131,42,69,33,12"/><T66/><D123/><U31/><E106/><V45/><F109/><W28/><G92/><T24/><D107/><U75/><E124/><V13/><F118/><W133/><G69/><T26/><D3/><U94/><E129/><V21/><F34/><W84/><G0/><T29/><D66/><U78/><E64/><V128/><F32/><W79/><G131/><T104/><D104/><U10/><E50/><V91/><F128/><W56/><G125/><T41/><D41/><U115/><E94/><V90/><F90/><W20/><G33/><T1/><D1/><U19/><E115/><V126/><F126/><W72/><G72/><T101/><D101/><U122/><E122/><V89/><F89/><W35/><G35/><AGARI ba="0,0" hai="10,14,19,25,31,35,43,44,51,75,76,77,78,80" machi="35" ten="30,7700,0" yaku="7,1,52,3" doraHai="73" who="1" fromWho="3" sc="250,0,250,77,250,0,250,-77" /><INIT seed="1,0,0,3,0,17" ten="250,327,250,173" oya="1" hai0="33,97,46,70,52,28,34,66,96,95,62,79,63" hai1="23,8,41,50,30,42,115,90,16,100,92,118,38" hai2="114,59,91,55,125,131,71,77,130,6,120,48,128" hai3="56,106,44,21,27,72,89,108,81,102,103,113,86"/><U45/><E115/><V2/><F120/><W64/><G113/><T80/><D28/><U53/><E118/><V85/><F114/><W14/><G72/><T124/><D124/><U121/><E121/><V32/><F125/><W65/><G108/><T105/><D105/><U19/><E100/><V134/><F134/><W31/><G106/><T25/><D25/><N who="1" m="16703" /><E38/><V88/><F32/><W57/><G44/><T3/><D3/><U43/><E8/><N who="2" m="2135" /><F71/><W87/><G87/><AGARI ba="0,0" hai="16,19,41,42,43,45,50,53,87,90,92" m="16703" machi="87" ten="30,5800,0" yaku="8,1,52,1,54,1" doraHai="17" who="1" fromWho="3" sc="250,0,327,58,250,0,173,-58" /><INIT seed="1,1,0,3,2,21" ten="250,385,250,115" oya="1" hai0="114,107,22,37,74,30,23,43,134,20,40,108,70" hai1="11,129,19,33,9,122,118,32,133,62,39,10,29" hai2="85,97,91,99,128,13,83,44,77,18,126,131,49" hai3="66,2,117,42,86,25,64,27,24,14,79,132,123"/><U12/><E39/><V119/><F119/><W98/><G2/><T89/><D114/><U60/><E60/><V125/><F99/><W59/><G123/><T31/><D107/><U111/><E62/><V121/><F121/><W103/><G117/><T87/><D74/><U7/><E118/><V0/><F0/><W75/><G75/><T101/><D70/><U115/><E122/><V26/><F97/><W67/><G42/><N who="0" m="15915" /><D37/><U113/><E129/><N who="2" m="49739" /><F77/><W90/><G79/><T80/><D108/><U72/><E72/><V58/><F58/><W35/><G35/><T69/><D69/><U16/><E111/><V100/><F100/><W28/><G28/><N who="0" m="10795" /><D134/><U3/><E133/><V88/><F91/><W61/><G132/><T71/><D71/><U93/><E93/><V56/><F56/><W34/><G34/><N who="1" m="13418" /><E29/><V6/><F6/><W102/><G14/><AGARI ba="1,0" hai="3,7,9,10,11,12,14,16,19,113,115" m="13418" machi="14" ten="30,5800,0" yaku="34,2,54,1" doraHai="21" who="1" fromWho="3" sc="250,0,385,61,250,0,115,-61" /><INIT seed="1,2,0,4,3,107" ten="250,446,250,54" oya="1" hai0="54,68,43,106,100,48,103,50,56,122,131,119,25" hai1="128,129,13,118,86,35,47,73,114,127,87,78,41" hai2="105,102,21,34,11,63,104,39,67,123,97,134,64" hai3="27,121,79,91,45,18,5,12,90,111,80,69,70"/><U14/><E114/><V113/><F123/><W24/><G121/><T26/><D122/><U94/><E118/><V55/><F34/><W30/><G5/><T20/><D68/><U52/><E35/><V36/><F113/><W15/><G111/><T133/><D119/><U58/><E127/><V60/><F105/><W19/><G45/><N who="0" m="25663" /><D106/><U130/><E13/><V23/><F134/><W53/><G53/><T89/><D131/><U28/><E28/><V65/><F11/><W115/><G115/><T116/><D116/><U93/><E14/><V96/><F55/><W75/><G30/><N who="0" m="17703" /><D133/><U74/><E93/><V76/><F76/><W99/><G79/><T135/><D135/><U7/><E7/><V10/><F10/><W62/><G80/><T81/><D26/><U31/><E31/><V22/><REACH who="2" step="1"/><F97/><REACH who="2" ten="250,446,240,54" step="2"/><W72/><G62/><AGARI ba="2,1" hai="21,22,23,36,39,60,62,63,64,65,67,96,102,104" machi="62" ten="40,2600,0" yaku="1,1,2,1,53,0" doraHai="107" doraHaiUra="126" who="2" fromWho="3" sc="250,0,446,0,240,42,54,-32" /><INIT seed="2,0,0,3,2,119" ten="250,446,282,22" oya="2" hai0="116,61,128,130,42,34,50,96,56,114,126,135,88" hai1="59,110,100,23,25,14,97,83,78,54,7,6,95" hai2="36,46,120,51,111,81,75,22,109,113,94,40,118" hai3="64,115,55,91,104,16,133,17,30,18,60,41,11"/><V31/><F118/><W58/><G104/><T49/><D116/><U69/><E69/><V117/><F117/><W93/><G133/><T76/><D34/><U28/><E110/><N who="2" m="41995" /><F113/><W37/><G30/><T43/><D114/><U105/><E105/><V48/><F94/><W127/><G127/><T112/><D76/><U29/><E29/><V103/><F103/><W63/><G115/><T62/><D112/><U106/><E106/><V77/><F120/><W125/><G41/><N who="0" m="15371" /><D126/><U131/><E131/><N who="0" m="50217" /><D135/><U87/><E14/><V15/><F31/><W122/><G37/><T39/><D39/><U38/><E38/><V44/><F44/><W67/><G125/><T99/><D88/><U121/><E121/><V4/><F4/><W84/><G122/><T32/><D32/><U57/><E57/><V2/><F2/><W66/><REACH who="3" step="1"/><G63/><AGARI ba="0,0" hai="6,7,23,25,28,54,59,63,78,83,87,95,97,100" machi="63" ten="30,2000,0" yaku="7,1,8,1" doraHai="119" who="1" fromWho="3" sc="250,0,446,20,282,0,22,-20" /><INIT seed="3,0,0,1,3,35" ten="250,466,282,2" oya="3" hai0="91,26,73,0,126,50,1,119,44,32,28,89,135" hai1="10,122,116,105,72,48,2,3,104,14,66,130,34" hai2="88,20,17,24,106,108,47,16,8,23,81,129,95" hai3="110,121,82,109,75,55,43,134,4,115,39,57,124"/><W96/><G115/><T90/><D119/><U60/><E122/><V127/><F108/><N who="3" m="41579" /><G121/><T76/><D126/><U9/><E34/><V25/><F129/><W101/><G124/><T30/><D30/><U71/><E72/><V67/><F127/><W31/><G31/><T21/><D32/><U62/><E130/><V41/><F106/><N who="3" m="63783" /><G134/><T84/><D73/><U78/><E78/><V92/><F67/><W117/><G117/><T125/><D135/><U59/><E48/><V49/><F8/><W131/><G131/><T18/><D28/><U52/><E116/><V114/><F114/><W83/><G75/><T99/><D99/><U58/><E71/><V133/><F133/><W33/><G33/><T74/><D74/><U69/><E69/><V87/><AGARI ba="0,0" hai="16,17,20,23,24,25,41,47,49,81,87,88,92,95" machi="87" ten="30,8000,1" yaku="0,1,9,1,8,1,54,2" doraHai="35" who="2" fromWho="2" sc="250,-20,466,-20,282,80,2,-40" owari="230,-17.0,446,54.6,362,16.2,-38,-53.8" /></mjloggm>