<mjloggm ver="2.3"><GO type="225" lobby="0"/><UN n0="%E3%81%BE%E3%81%A8%E3%81%9F" n1="%E8%BE%9B%E5%8F%A3%E3%82%AB%E3%83%AC%E3%83%BC%E3%83%A9%E3%82%A4%E3%82%B9" n2="%73%6C%69%63%6B%33%31%39" n3="%E8%B6%85%E7%B4%9A%E9%B3%B3%E5%87%B0" dan="16,16,16,16" rate="2083.79,2199.26,2068.57,2126.28" sx="M,M,M,M"/><TAIKYOKU oya="0"/><INIT seed="0,0,0,5,0,0" ten="250,250,250,250" oya="0" hai0="33,63,131,93,85,102,32,43,119,47,14,54,38" hai1="129,6,73,64,90,42,20,31,114,49,81,23,68" hai2="13,72,44,103,10,130,15,128,11,59,70,41,100" hai3="3,125,52,91,55,53,113,26,120,17,124,76,16"/><T46/><D119/><U133/><E129/><N who="2" m="49771" /><F70/><W65/><G113/><T60/><D131/><U30/><E133/><V5/><F72/><W71/><G3/><T84/><D14/><U58/><E114/><V48/><F59/><W108/><G108/><T98/><D63/><U74/><E68/><V97/><F97/><W88/><G120/><T34/><REACH who="0" step="1"/><D60/><REACH who="0" ten="240,250,250,250" step="2"/><U95/><E64/><V61/><F61/><W115/><G65/><T104/><D104/><U24/><E24/><V37/><F37/><W9/><G115/><T66/><D66/><U1/><E1/><V75/><F75/><W96/><G71/><T8/><D8/><U127/><E74/><V82/><F82/><W109/><G109/><T101/><D101/><U112/><E81/><V107/><F107/><W67/><G67/><T35/><N who="0" m="8192" /><DORA hai="117" /><T123/><D123/><U57/><E73/><V121/><F121/><W77/><G9/><T105/><D105/><U22/><E112/><V62/><F62/><W83/><G83/><T118/><D118/><U110/><E110/><V80/><F80/><W116/><G116/><T4/><D4/><AGARI ba="0,1" hai="4,5,10,11,13,15,41,44,48,100,103" m="49771" machi="4" ten="30,3900,0" yaku="19,1,52,2" doraHai="0,117" who="2" fromWho="0" sc="240,-39,250,0,250,49,250,0" /><INIT seed="1,0,0,3,5,135" ten="201,250,299,250" oya="1" hai0="126,115,40,10,125,79,98,52,85,39,120,27,73" hai1="128,29,114,103,129,50,2,23,53,93,12,116,89" hai2="60,109,1,110,94,102,20,104,81,132,67,22,124" hai3="91,58,36,55,131,134,130,9,87,37,77,59,122"/><U54/><E114/><V127/><F132/><W45/><G134/><T4/><D115/><U111/><E116/><V65/><F104/><W5/><G122/><T14/><D73/><U70/><E2/><V61/><F1/><W118/><G118/><T80/><D120/><U78/><E70/><N who="2" m="42279" /><F81/><W100/><G100/><T13/><D27/><N who="1" m="16639" /><E78/><V41/><F41/><W108/><G108/><N who="2" m="41577" /><F94/><W64/><G77/><T63/><D98/><U18/><E111/><V99/><F99/><W106/><G106/><T6/><BYE who="3" /><D6/><U84/><E50/><UN n3="%E8%B6%85%E7%B4%9A%E9%B3%B3%E5%87%B0" /><V75/><F102/><W47/><G91/><T42/><D14/><U3/><E103/><V35/><F35/><W57/><G87/><T19/><D4/><U76/><E76/><V46/><F46/><W90/><G90/><T119/><D119/><U26/><E26/><V24/><F75/><W96/><G96/><T25/><D25/><U71/><E71/><N who="2" m="42479" /><F20/><W62/><G5/><T31/><D31/><AGARI ba="0,0" hai="22,24,31,124,127" m="42479,41577,42279" machi="31" ten="30,3900,0" yaku="14,1,52,2" doraHai="135" who="2" fromWho="0" sc="201,-39,250,0,299,39,250,0" /><INIT seed="2,0,0,4,2,65" ten="162,250,338,250" oya="2" hai0="129,119,64,116,20,52,81,60,89,10,109,94,106" hai1="113,2,128,25,54,79,111,37,87,28,31,48,114" hai2="97,83,134,121,96,51,107,13,84,118,63,75,132" hai3="127,76,12,15,46,112,131,86,17,3,27,39,47"/><V125/><F118/><W4/><G131/><T74/><D129/><U58/><E111/><V124/><F75/><W34/><G127/><N who="2" m="48713" /><F51/><W9/><G112/><T122/><D122/><U92/><E128/><V130/><F130/><W78/><G39/><T38/><D106/><U44/><E2/><V50/><F50/><W55/><G55/><T108/><D38/><U61/><E37/><V95/><F13/><W104/><G104/><T11/><D20/><U26/><E92/><V41/><F41/><W77/><G86/><T88/><D81/><U98/><E87/><V14/><F14/><W102/><G102/><T59/><D74/><U1/><E98/><V103/><F63/><W105/><G105/><T99/><D89/><U53/><E79/><N who="2" m="46207" /><F121/><W93/><G12/><T133/><D133/><U57/><E1/><V32/><F32/><W85/><G34/><T120/><D120/><U45/><E48/><V72/><F72/><W123/><G123/><T115/><D115/><U29/><E29/><V49/><F49/><W80/><G3/><T16/><D64/><U22/><E61/><V69/><F69/><W23/><REACH who="3" step="1"/><G93/><REACH who="3" ten="162,250,338,240" step="2"/><T40/><D40/><U82/><E82/><V19/><F107/><W66/><G66/><T42/><D42/><U62/><E62/><V35/><F35/><W8/><G8/><N who="0" m="3115" /><D16/><U33/><E33/><V36/><F36/><W68/><G68/><T18/><D18/><U5/><E22/><V101/><F19/><W70/><G70/><T56/><D56/><U6/><AGARI ba="0,1" hai="5,6,25,26,28,31,44,45,53,54,57,58,113,114" machi="6" ten="25,3200,0" yaku="0,1,22,2" doraHai="65" who="1" fromWho="1" sc="162,-8,250,42,338,-16,240,-8" /><INIT seed="3,0,0,3,4,34" ten="154,292,322,232" oya="3" hai0="7,97,18,9,89,93,61,109,24,92,75,60,91" hai1="122,78,37,27,112,123,118,133,57,73,85,129,32" hai2="104,5,35,88,36,80,4,45,102,120,33,131,95" hai3="56,55,124,53,70,42,116,28,126,110,100,21,132"/><W98/><G116/><T66/><D75/><U58/><E112/><V17/><F4/><W48/><G70/><T30/><D109/><U50/><E37/><V0/><F17/><W54/><G132/><T135/><D18/><U59/><E73/><V128/><F120/><W90/><G110/><T79/><D79/><U82/><E133/><V31/><F80/><W46/><G90/><T111/><D111/><U99/><E118/><V76/><F76/><W6/><G6/><T40/><D40/><U10/><E129/><N who="2" m="49739" /><F102/><W83/><G83/><T8/><D8/><U117/><E117/><V49/><F104/><W127/><G28/><T12/><D135/><U68/><E68/><V74/><F36/><N who="3" m="21831" /><G21/><T77/><D77/><U52/><E10/><N who="2" m="2343" /><F31/><W19/><G19/><T94/><D66/><U1/><E1/><V106/><F106/><AGARI ba="0,0" hai="48,53,54,55,56,98,100,106,124,126,127" m="21831" machi="106" ten="30,1500,0" yaku="18,1" doraHai="34" who="3" fromWho="2" sc="154,0,292,0,322,-15,232,15" /><INIT seed="3,1,0,3,4,12" ten="154,292,307,247" oya="3" hai0="114,39,109,54,24,76,15,62,35,107,82,6,48" hai1="49,3,72,14,26,106,79,115,50,32,108,0,132" hai2="68,10,120,102,7,117,70,105,134,116,60,127,67" hai3="30,41,61,59,135,99,64,23,65,94,123,98,21"/><W33/><G123/><T90/><D109/><U45/><E115/><V1/><F120/><W104/><G135/><T4/><D39/><U52/><E106/><V20/><F20/><W13/><G41/><T133/><D107/><U131/><E108/><V17/><F17/><W126/><G126/><T69/><D133/><U75/><E132/><V19/><F19/><W22/><G13/><T89/><D114/><U125/><E14/><V121/><F134/><W8/><G8/><T78/><D62/><U5/><E125/><V42/><F121/><W84/><G104/><T91/><D69/><U95/><E5/><V46/><F70/><W56/><G33/><T29/><D15/><U80/><E75/><V47/><F47/><W122/><G122/><T9/><D9/><U113/><E113/><V85/><F85/><W2/><G2/><T112/><D112/><U11/><E11/><V81/><F81/><W130/><G130/><T74/><REACH who="0" step="1"/><D78/><REACH who="0" ten="144,292,307,247" step="2"/><U128/><E79/><V92/><F105/><W16/><G61/><T97/><D97/><U87/><E0/><V57/><F68/><W129/><G98/><T124/><D124/><U36/><E36/><N who="2" m="21831" /><F127/><W63/><G63/><T44/><AGARI ba="1,1" hai="4,6,24,29,35,44,48,54,74,76,82,89,90,91" machi="44" ten="30,4000,0" yaku="1,1,0,1,53,1" doraHai="12" doraHaiUra="77" who="0" fromWho="0" sc="144,53,292,-11,307,-11,247,-21" /><INIT seed="4,0,0,2,1,31" ten="197,281,296,226" oya="0" hai0="130,98,9,29,101,121,41,22,94,60,0,103,53" hai1="24,134,55,27,49,72,118,97,77,133,1,64,86" hai2="26,17,6,25,69,119,109,38,46,18,56,87,2" hai3="116,4,48,10,120,68,110,102,40,8,15,124,28"/><T7/><D121/><U37/><E72/><V132/><F69/><W107/><G110/><T112/><D112/><U128/><E37/><V81/><F109/><W21/><G116/><T131/><D41/><U32/><E118/><V74/><F119/><W105/><G68/><T106/><D106/><U34/><E1/><V79/><F132/><N who="1" m="50793" /><E64/><V11/><F56/><W20/><G120/><T42/><D42/><U70/><E70/><V117/><F87/><W50/><G124/><T78/><D78/><U82/><E97/><V83/><F83/><W92/><G40/><T65/><D53/><U113/><E128/><V125/><F125/><W14/><G28/><T91/><D91/><U19/><E113/><V135/><F117/><W5/><G92/><T43/><D103/><AGARI ba="0,0" hai="4,5,8,10,14,15,20,21,48,50,102,103,105,107" machi="103" ten="25,1600,0" yaku="22,2" doraHai="31" who="3" fromWho="0" sc="197,-16,281,0,296,0,226,16" /><INIT seed="5,0,0,0,1,108" ten="181,281,296,242" oya="1" hai0="51,102,60,9,24,15,23,7,50,88,47,125,22" hai1="75,130,52,93,124,43,5,84,94,44,90,28,95" hai2="111,115,8,97,129,58,121,100,85,26,80,1,2" hai3="33,91,71,128,74,66,86,4,32,31,126,54,40"/><U133/><E75/><V135/><F111/><W122/><G122/><T82/><D125/><U14/><E124/><V87/><F121/><W3/><G126/><T109/><D109/><U67/><E133/><V73/><F73/><W30/><G74/><T10/><D102/><U19/><E67/><V92/><F135/><W69/><G128/><T104/><D104/><U81/><E28/><V20/><F129/><W34/><G40/><T103/><D103/><U45/><E130/><V46/><F46/><W78/><G78/><T134/><D134/><U110/><E110/><V114/><F58/><W38/><G38/><T13/><D60/><U17/><E43/><V89/><F85/><W96/><G96/><T56/><D56/><U98/><E98/><V76/><F76/><W68/><G66/><T112/><D112/><N who="2" m="43050" /><F8/><W105/><G105/><T131/><D131/><U55/><E5/><V48/><F48/><W49/><G3/><T21/><D24/><U16/><E14/><V63/><F63/><W65/><G4/><T127/><D127/><U120/><E120/><V113/><N who="2" m="43058" /><V101/><DORA hai="83" /><F101/><W61/><G69/><T53/><D50/><U123/><E123/><V106/><F106/><W6/><G68/><T39/><D39/><U27/><E27/><V119/><F119/><W11/><G11/><T41/><D41/><U29/><E45/><V42/><F42/><W36/><G36/><T116/><D116/><U25/><E44/><V72/><F72/><W57/><G6/><T18/><D23/><AGARI ba="0,0" hai="16,17,19,23,25,29,52,55,81,84,90,93,94,95" machi="23" ten="40,12000,1" yaku="8,1,52,1,54,2" doraHai="108,83" who="1" fromWho="0" sc="181,-120,281,120,296,0,242,0" owari="61,-43.9,401,50.1,296,9.6,242,-15.8" /></mjloggm>