<mjloggm ver="2.3"><GO type="225" lobby="0"/><UN n0="%6D%75%75%73%61%6E%6D%75" n1="%73%75%7A%75%6D%65%33" n2="%65%6B%61%72%75%74%65" n3="%E3%81%B5%E3%81%98%E3%81%8B%E3%81%A4" dan="16,17,16,17" rate="2076.28,2282.55,2151.38,2218.62" sx="F,M,M,M"/><TAIKYOKU oya="0"/><INIT seed="0,0,0,1,5,64" ten="250,250,250,250" oya="0" hai0="102,82,107,78,22,132,130,13,112,68,103,26,16" hai1="95,111,4,9,11,72,41,135,6,83,49,113,128" hai2="115,51,110,1,34,90,101,53,99,32,18,77,92" hai3="93,114,24,30,81,61,37,17,35,38,25,133,91"/><T124/><D112/><U33/><E113/><V108/><F115/><W134/><G81/><T122/><D122/><U84/><E33/><V79/><F1/><W96/><G114/><T52/><D124/><U120/><E120/><V74/><F18/><W48/><G48/><T116/><D116/><U50/><E72/><V10/><F10/><W28/><G17/><T47/><D130/><U118/><E128/><V0/><F0/><W105/><G105/><T14/><D132/><N who="3" m="50793" /><G61/><T87/><D68/><U127/><E135/><V125/><F125/><W59/><G59/><T5/><D107/><U126/><E83/><N who="2" m="45495" /><F101/><N who="0" m="38410" /><D5/><U62/><E62/><V70/><F70/><W100/><G100/><T2/><D2/><U109/><E95/><V67/><F67/><W20/><AGARI ba="0,0" hai="20,24,25,28,30,35,37,38,91,93,96" m="50793" machi="20" ten="30,1100,0" yaku="20,1" doraHai="64" who="3" fromWho="3" sc="250,-5,250,-3,250,-3,250,11" /><INIT seed="1,0,0,0,3,99" ten="245,247,247,261" oya="1" hai0="5,50,83,45,8,66,15,122,94,86,2,129,103" hai1="12,54,90,96,11,120,36,4,67,133,124,130,55" hai2="49,61,84,59,79,42,109,125,106,25,16,17,102" hai3="35,27,128,43,47,91,29,38,132,14,104,98,44"/><U119/><E119/><V1/><F1/><W39/><G132/><T68/><D129/><U3/><E120/><V72/><F72/><W105/><G128/><T58/><D122/><U87/><E130/><V123/><F123/><W117/><G117/><T60/><D2/><U108/><E36/><V19/><F109/><W48/><G14/><T69/><D94/><U51/><E133/><V89/><F79/><W71/><G71/><T62/><D62/><U52/><E124/><V31/><F125/><W57/><G57/><T75/><D75/><U112/><E112/><V63/><F102/><W135/><G135/><T95/><D95/><U93/><E67/><V92/><F106/><W24/><G24/><T116/><D103/><N who="1" m="60815" /><E3/><V34/><REACH who="2" step="1"/><F42/><REACH who="2" ten="245,247,237,261" step="2"/><W70/><G105/><T114/><D116/><U121/><E121/><V26/><F26/><W46/><G104/><T97/><D114/><U30/><E108/><V20/><F20/><W80/><G43/><N who="0" m="24895" /><D97/><U77/><E77/><AGARI ba="0,1" hai="5,8,15,58,60,66,68,69,77,83,86" m="24895" machi="77" ten="30,1000,0" yaku="25,1" doraHai="99" who="0" fromWho="1" sc="245,20,247,-10,237,0,261,0" /><INIT seed="2,0,0,3,2,43" ten="265,237,237,261" oya="2" hai0="127,83,4,27,109,80,106,57,77,84,56,89,28" hai1="32,95,22,52,90,39,9,78,131,76,126,35,123" hai2="100,41,44,58,114,107,120,15,121,85,108,94,125" hai3="110,122,74,124,97,2,65,30,128,21,113,70,8"/><V46/><F114/><W135/><RYUUKYOKU type="yao9" ba="0,0" sc="265,0,237,0,237,0,261,0" hai3="2,8,21,30,65,70,74,97,110,113,122,124,128,135" /><INIT seed="2,1,0,2,0,117" ten="265,237,237,261" oya="2" hai0="6,90,39,95,72,12,1,50,58,89,96,76,75" hai1="134,101,47,56,17,88,54,7,8,41,18,38,131" hai2="82,30,22,48,86,80,135,28,15,14,23,107,110" hai3="25,92,52,9,20,79,114,3,55,35,118,128,59"/><V116/><F116/><W36/><G118/><T87/><D39/><U127/><E131/><V106/><F48/><W16/><G128/><T51/><D1/><U4/><E134/><V119/><F119/><W49/><G114/><T19/><D6/><U105/><E127/><V125/><F86/><W94/><G36/><T85/><D76/><U24/><E4/><V98/><F98/><W67/><G67/><T0/><D0/><U63/><E101/><V31/><F135/><W120/><G79/><T74/><D58/><U43/><E105/><V69/><F69/><W60/><G120/><T26/><D26/><U81/><E41/><V124/><REACH who="2" step="1"/><F31/><REACH who="2" ten="265,237,227,261" step="2"/><W84/><G84/><T113/><D96/><U91/><E81/><V61/><F61/><W112/><G112/><T100/><D113/><U33/><E18/><V133/><F133/><W66/><G49/><T97/><D97/><U73/><E73/><V64/><F64/><W70/><G70/><T57/><D100/><U108/><E17/><V32/><F32/><W122/><G122/><T103/><D103/><U68/><E68/><V44/><F44/><W130/><G130/><T34/><D34/><U109/><E33/><V123/><F123/><W65/><G35/><T42/><D57/><U21/><E108/><AGARI ba="1,1" hai="14,15,22,23,28,30,80,82,106,107,108,110,124,125" machi="108" ten="25,4800,0" yaku="1,1,22,2,53,0" doraHai="117" doraHaiUra="2" who="2" fromWho="1" sc="265,0,237,-51,227,61,261,0" /><INIT seed="2,2,0,2,2,18" ten="265,186,288,261" oya="2" hai0="117,127,56,33,75,96,91,0,61,39,128,52,50" hai1="24,111,35,126,109,57,89,119,108,84,67,74,90" hai2="40,125,49,100,23,32,87,133,44,27,92,11,54" hai3="81,76,79,53,3,123,60,48,8,14,120,6,68"/><V69/><F69/><W82/><G68/><T122/><D122/><U51/><E74/><V121/><F121/><W9/><G60/><T129/><D39/><U71/><E119/><V66/><F125/><W10/><G8/><T25/><D75/><U15/><E126/><V103/><F133/><W102/><G102/><N who="2" m="38953" /><F32/><W47/><G81/><T29/><D127/><U65/><E71/><V101/><F11/><W70/><G79/><T73/><D73/><U72/><E72/><V115/><F115/><W41/><G70/><T2/><D117/><U86/><E15/><V88/><N who="2" m="38961" /><V116/><DORA hai="13" /><F116/><W36/><G82/><T38/><D38/><U20/><E35/><V12/><F12/><W78/><G120/><T95/><REACH who="0" step="1"/><D61/><REACH who="0" ten="255,186,288,261" step="2"/><N who="1" m="38063" /><E51/><V107/><F107/><W59/><REACH who="3" step="1"/><G123/><REACH who="3" ten="255,186,288,251" step="2"/><T130/><AGARI ba="2,2" hai="0,2,25,29,33,50,52,56,91,95,96,128,129,130" machi="130" ten="30,12000,2" yaku="1,1,0,1,19,1,54,1,53,2" doraHai="18,13" doraHaiUra="26,45" who="0" fromWho="0" sc="255,146,186,-32,288,-62,251,-32" /><INIT seed="3,0,0,3,5,118" ten="401,154,226,219" oya="3" hai0="73,87,46,133,19,27,58,130,114,11,124,132,110" hai1="8,16,95,127,91,111,126,42,15,44,32,109,80" hai2="134,56,129,61,3,97,28,54,65,83,96,105,6" hai3="100,104,55,106,63,101,89,47,21,123,82,17,50"/><W4/><G4/><T115/><D73/><U76/><E32/><V119/><F119/><W86/><G123/><T78/><D110/><U31/><E31/><V117/><F117/><W33/><G33/><T131/><D124/><U70/><E70/><V84/><F105/><W93/><G63/><T81/><D58/><U75/><E111/><V66/><F28/><W35/><G35/><T57/><D57/><U112/><E112/><N who="0" m="43049" /><D46/><U103/><E103/><V90/><F129/><N who="0" m="49162" /><D27/><U120/><E109/><V22/><F134/><W107/><REACH who="3" step="1"/><G82/><REACH who="3" ten="401,154,226,209" step="2"/><T125/><D125/><U1/><E120/><V10/><F61/><W74/><G74/><T128/><D128/><U23/><E1/><V102/><F6/><W62/><G62/><T72/><D72/><U113/><E113/><V85/><F3/><W49/><G49/><T88/><D78/><U38/><REACH who="1" step="1"/><E8/><REACH who="1" ten="401,144,226,209" step="2"/><V14/><F10/><W40/><G40/><T18/><D11/><U45/><E45/><V69/><F69/><W108/><G108/><T36/><D36/><U99/><AGARI ba="0,2" hai="15,16,23,38,42,44,75,76,80,91,95,99,126,127" machi="99" ten="30,4000,0" yaku="1,1,0,1,54,1,53,0" doraHai="118" doraHaiUra="67" who="1" fromWho="1" sc="401,-10,144,60,226,-10,209,-20" owari="391,49.1,204,-19.6,216,1.6,189,-31.1" /></mjloggm>