<mjloggm ver="2.3"><GO type="225" lobby="0"/><UN n0="%E6%98%93%E5%88%A9%E8%96%A9%E4%BC%AF" n1="%E3%83%9E%E3%82%AB%E3%83%92%E3%82%AD" n2="%6D%75%75%6D%75%72%61" n3="%E7%82%8E%E3%81%AE%E3%83%88%E3%83%AC%E3%83%BC%E3%83%80%E3%83%BC" dan="16,16,16,16" rate="2170.71,2093.34,2156.20,2156.22" sx="F,M,F,M"/><TAIKYOKU oya="0"/><INIT seed="0,0,0,1,1,134" ten="250,250,250,250" oya="0" hai0="46,48,130,27,126,40,34,0,80,20,97,26,50" hai1="90,116,89,32,110,4,29,114,16,57,79,87,43" hai2="63,8,17,12,65,121,3,118,128,53,70,11,64" hai3="101,44,135,133,94,88,23,58,7,125,55,117,92"/><T98/><D0/><U35/><E116/><V18/><F118/><W54/><G117/><T127/><D130/><U83/><E110/><V91/><F128/><W71/><G71/><T93/><D80/><U103/><E4/><V30/><F121/><W68/><G68/><T6/><D6/><U102/><E114/><V56/><F30/><W78/><G78/><T52/><D34/><U1/><E1/><V36/><F36/><W51/><G7/><T100/><D97/><U67/><E43/><V14/><F3/><W95/><G23/><T25/><REACH who="0" step="1"/><D20/><REACH who="0" ten="240,250,250,250" step="2"/><U96/><E32/><V131/><F131/><W2/><G2/><T60/><D60/><U77/><E35/><V45/><F8/><W107/><G135/><T84/><D84/><U62/><E79/><V61/><F11/><W42/><G133/><T37/><D37/><U24/><E77/><V120/><F63/><W33/><G33/><T38/><D38/><U9/><E9/><V10/><F61/><W109/><G109/><T72/><D72/><U132/><E132/><V106/><F10/><W13/><G101/><T15/><D15/><U49/><E103/><V21/><F14/><W39/><G13/><T73/><D73/><U41/><E102/><V81/><F12/><W122/><G122/><T104/><D104/><U47/><E96/><V111/><F120/><W82/><G107/><T99/><D99/><U105/><E105/><V86/><F106/><W124/><G82/><T75/><D75/><U59/><E83/><V19/><F111/><W119/><G119/><T66/><D66/><N who="2" m="25706" /><F21/><W108/><G108/><RYUUKYOKU ba="0,1" sc="240,30,250,-10,250,-10,250,-10" hai0="25,26,27,40,46,48,50,52,93,98,100,126,127" /><INIT seed="0,1,1,4,2,90" ten="270,240,240,240" oya="0" hai0="40,122,8,25,54,111,18,47,33,98,10,45,135" hai1="31,56,113,85,126,96,48,20,4,46,36,60,79" hai2="117,86,55,57,78,132,123,134,87,34,94,104,53" hai3="125,64,95,101,80,15,115,32,110,6,91,129,66"/><T118/><D118/><U75/><E75/><V120/><F104/><W68/><G32/><T112/><D122/><U59/><E36/><V38/><F38/><W27/><G115/><T99/><D112/><U77/><E126/><V52/><F34/><W2/><G2/><T13/><D135/><N who="2" m="51754" /><F117/><W39/><G39/><T119/><D119/><U61/><E4/><V3/><F3/><W106/><G68/><T97/><D111/><U16/><E31/><V41/><F41/><W49/><G110/><T7/><D40/><N who="1" m="24647" /><E113/><V83/><F57/><N who="1" m="22089" /><E96/><V76/><F76/><N who="1" m="29257" /><E85/><V70/><F70/><W24/><G125/><T107/><D107/><U131/><E131/><V84/><F84/><N who="3" m="50567" /><G106/><T89/><D89/><AGARI ba="1,1" hai="52,53,55,78,83,86,87,89,94,120,123" m="51754" machi="89" ten="30,3900,0" yaku="20,1,52,1,54,1" doraHai="90" who="2" fromWho="0" sc="270,-42,240,0,240,52,240,0" /><INIT seed="1,0,0,4,4,125" ten="228,240,292,240" oya="1" hai0="66,75,32,77,51,131,45,79,76,48,17,26,119" hai1="63,35,38,40,90,111,18,116,120,47,106,101,80" hai2="36,126,61,55,99,30,52,94,96,133,33,6,70" hai3="29,123,11,43,69,23,67,102,118,12,87,13,78"/><U44/><E116/><V92/><F126/><W54/><G123/><T130/><D75/><U104/><E120/><V62/><F36/><W89/><G118/><T7/><D119/><U1/><E35/><V122/><F122/><W56/><G43/><T121/><D121/><U112/><E112/><V46/><F133/><W74/><G102/><T128/><D7/><U105/><E1/><V58/><F6/><W64/><G69/><T88/><D66/><U65/><E111/><V109/><F109/><W19/><G78/><T91/><D17/><U10/><E47/><V37/><F30/><W103/><G103/><T100/><D100/><U124/><E101/><V108/><F33/><W132/><G74/><T28/><D51/><U9/><E18/><V42/><F108/><W68/><G68/><T20/><D32/><U14/><E14/><V107/><F107/><W135/><G135/><T97/><D97/><U73/><E124/><V0/><F0/><W117/><G117/><T15/><D15/><U71/><REACH who="1" step="1"/><E90/><REACH who="1" ten="228,230,292,240" step="2"/><V114/><F46/><W83/><G132/><T39/><REACH who="0" step="1"/><D39/><REACH who="0" ten="218,230,292,240" step="2"/><U72/><E72/><V21/><F37/><W16/><REACH who="3" step="1"/><G29/><REACH who="3" ten="218,230,292,230" step="2"/><T115/><D115/><U50/><E50/><AGARI ba="0,3" hai="11,12,13,16,19,23,50,54,56,64,67,83,87,89" machi="50" ten="30,12000,2" yaku="1,1,2,1,7,1,8,1,54,1,53,1" doraHai="125" doraHaiUra="84" who="3" fromWho="1" sc="218,0,230,-120,292,0,230,150" /><INIT seed="2,0,0,3,1,4" ten="218,110,292,380" oya="2" hai0="28,44,79,124,17,27,126,25,131,13,74,132,110" hai1="78,115,35,86,123,128,93,116,68,61,46,5,121" hai2="76,21,37,8,125,29,12,16,0,84,130,33,10" hai3="135,85,96,73,9,23,34,30,69,106,15,19,58"/><V94/><F37/><W43/><G69/><T62/><D110/><U100/><E5/><V49/><F0/><W71/><G71/><T134/><D79/><U108/><E35/><V65/><F33/><W40/><G73/><T122/><D74/><U53/><E46/><V120/><F120/><N who="1" m="46153" /><E53/><V26/><F125/><N who="0" m="48234" /><D122/><U66/><E61/><V54/><F130/><W39/><G34/><N who="0" m="20751" /><D62/><U83/><E66/><V118/><F65/><W56/><G39/><T38/><D131/><U18/><E18/><V63/><F63/><W32/><G32/><T77/><D27/><U47/><E47/><N who="2" m="27967" /><F118/><W75/><G75/><T88/><D44/><U87/><E68/><V48/><F48/><W91/><G56/><T60/><D60/><U119/><E115/><V64/><F64/><W133/><G58/><T98/><D38/><U82/><E128/><V70/><F70/><W41/><G30/><T111/><D111/><U101/><E108/><V99/><F29/><W112/><G112/><T97/><D17/><U89/><E83/><N who="2" m="47207" /><F26/><W31/><G31/><T90/><D13/><U59/><E59/><V104/><F104/><W109/><G106/><T113/><D113/><U107/><E107/><V102/><AGARI ba="0,0" hai="8,10,12,16,21,94,99,102" m="47207,27967" machi="102" ten="30,11700,0" yaku="8,1,52,2,54,1" doraHai="4" who="2" fromWho="2" sc="218,-39,110,-39,292,117,380,-39" /><INIT seed="2,1,0,5,2,56" ten="179,71,409,341" oya="2" hai0="58,120,10,6,13,126,21,102,32,132,35,38,5" hai1="40,92,59,51,11,121,7,111,15,20,114,81,117" hai2="31,8,43,62,16,94,93,118,84,97,77,76,124" hai3="4,122,63,86,82,33,79,75,2,24,68,127,48"/><V65/><F118/><W18/><G122/><T72/><D38/><U42/><E111/><V60/><F124/><W49/><G127/><T110/><D72/><U125/><E114/><V29/><F43/><W66/><G4/><T45/><D120/><U19/><E117/><V105/><F105/><W73/><G2/><T61/><D132/><U67/><E121/><V36/><F36/><W17/><G75/><T108/><D6/><U100/><E125/><V26/><F65/><W90/><G33/><T106/><D45/><U12/><E81/><N who="2" m="47143" /><F77/><W28/><G28/><N who="2" m="10825" /><F93/><W104/><G104/><T89/><D126/><U112/><E112/><V103/><F8/><W9/><G9/><T119/><D119/><U123/><E123/><V131/><F131/><W116/><G116/><T34/><D106/><U130/><E130/><V41/><F41/><W44/><G24/><T23/><D35/><U95/><E95/><V107/><F107/><W30/><G30/><T55/><D34/><U14/><E14/><V129/><F129/><W113/><G113/><T37/><D32/><U98/><REACH who="1" step="1"/><E67/><REACH who="1" ten="179,61,409,341" step="2"/><V25/><F25/><W64/><G66/><T70/><D13/><U1/><E1/><V134/><F134/><W96/><G64/><T22/><D110/><U133/><E133/><V109/><F109/><W46/><G82/><T85/><D108/><U87/><E87/><V47/><F26/><W0/><G86/><T57/><D85/><U71/><E71/><V99/><F94/><W74/><G68/><T53/><D70/><U83/><E83/><V115/><F115/><W88/><G74/><RYUUKYOKU ba="1,1" sc="179,-10,61,30,409,-10,341,-10" hai1="7,11,12,15,19,20,40,42,51,59,92,98,100" /><INIT seed="3,2,1,2,2,78" ten="169,91,399,331" oya="3" hai0="29,65,101,11,127,35,118,95,124,23,2,114,67" hai1="24,133,40,106,45,94,73,46,14,61,1,19,111" hai2="31,89,116,17,125,53,69,72,104,128,110,135,7" hai3="115,43,103,129,85,55,79,3,70,18,64,86,109"/><W112/><G3/><T10/><D118/><U113/><E111/><V123/><RYUUKYOKU type="yao9" ba="2,1" sc="169,0,91,0,399,0,331,0" hai2="7,17,31,53,69,72,89,104,110,116,123,125,128,135" /><INIT seed="3,3,1,3,0,26" ten="169,91,399,331" oya="3" hai0="81,14,36,70,80,32,93,35,100,51,1,12,123" hai1="10,21,118,134,0,102,77,87,15,25,61,58,43" hai2="18,60,88,16,114,124,133,130,95,59,94,41,132" hai3="8,7,74,9,20,66,3,109,45,38,129,119,42"/><W28/><G119/><T108/><D36/><U104/><E134/><N who="2" m="51819" /><F114/><W97/><G129/><T54/><D1/><U117/><E104/><V103/><F130/><W11/><G109/><T126/><D70/><U33/><E102/><V99/><F124/><W2/><G2/><T110/><D123/><U96/><E96/><N who="2" m="59799" /><F41/><W92/><G66/><AGARI ba="3,1" hai="16,18,59,60,66,88,95,99" m="59799,51819" machi="66" ten="30,3900,0" yaku="20,1,54,2" doraHai="26" who="2" fromWho="3" sc="169,0,91,0,399,58,331,-48" owari="169,-23.1,91,-40.9,457,55.7,283,8.3" /></mjloggm>