<mjloggm ver="2.3"><GO type="225" lobby="0"/><UN n0="%E3%81%B5%E3%81%98%E3%81%8B%E3%81%A4" n1="%48%61%61%61%6C%61%6E%64" n2="%E6%A0%B9%E5%85%83%E3%81%8B%E3%82%89%E5%90%B9%E3%81%A3%E9%A3%9B%E3%81%B6" n3="%72%65%6E%6B%75%6E" dan="16,18,17,17" rate="2187.09,2181.94,2148.55,2244.15" sx="M,M,F,M"/><TAIKYOKU oya="0"/><INIT seed="0,0,0,1,3,16" ten="250,250,250,250" oya="0" hai0="119,78,31,96,28,118,17,68,36,90,56,101,131" hai1="132,125,121,51,105,43,89,7,94,130,14,44,85" hai2="25,127,103,10,45,133,110,49,62,72,112,80,108" hai3="109,91,1,54,81,22,60,64,38,126,58,116,47"/><T74/><D68/><U27/><E121/><V13/><F112/><W15/><G1/><T0/><D36/><U59/><E125/><V70/><F133/><W40/><G116/><T129/><D0/><U117/><E117/><V63/><F127/><W8/><G126/><T57/><D90/><U23/><E105/><V12/><F25/><W77/><G109/><N who="2" m="42089" /><F103/><W124/><G91/><T115/><D115/><U88/><E130/><N who="0" m="49673" /><D78/><U114/><E132/><V46/><F46/><W26/><G124/><T82/><D82/><U48/><E114/><V3/><F3/><W24/><G24/><T2/><D74/><U6/><E14/><V128/><F13/><W98/><G98/><T76/><D76/><U83/><E59/><N who="0" m="22601" /><D17/><N who="1" m="12783" /><E48/><V21/><F70/><W135/><G135/><T53/><D53/><U123/><E123/><V20/><F128/><W42/><G54/><T50/><D50/><U41/><E43/><N who="2" m="24767" /><F63/><W87/><G42/><T111/><D2/><U104/><E104/><V33/><F62/><W65/><G65/><T29/><D111/><U92/><E83/><V66/><F66/><W37/><G37/><T39/><D39/><U30/><E30/><N who="0" m="7681" /><T75/><DORA hai="95" /><D75/><U97/><AGARI ba="0,0" hai="6,7,41,44,51,85,88,89,92,94,97" m="12783" machi="97" ten="30,7900,0" yaku="8,1,52,2,54,1" doraHai="16,95" who="1" fromWho="1" sc="250,-39,250,79,250,-20,250,-20" /><INIT seed="1,0,0,3,4,39" ten="211,329,230,230" oya="1" hai0="3,105,92,19,77,107,119,95,72,66,5,69,130" hai1="106,93,118,61,82,28,89,8,27,46,97,79,50" hai2="17,65,57,76,52,88,7,115,127,34,91,109,104" hai3="124,125,1,113,87,80,4,59,117,47,68,71,98"/><U14/><E118/><V78/><F109/><W123/><G113/><T120/><D119/><U129/><E129/><V90/><F34/><W51/><G117/><T6/><D120/><U96/><E61/><N who="2" m="38063" /><F104/><W55/><G123/><T100/><D130/><U102/><E27/><V74/><F74/><W103/><G59/><T36/><D19/><U83/><E28/><V116/><F116/><W60/><G60/><T101/><D36/><U62/><E62/><V37/><F37/><W67/><G67/><T58/><D58/><U31/><E31/><V20/><F127/><N who="3" m="48715" /><G4/><T35/><D66/><U134/><E134/><V85/><F7/><W114/><G1/><T24/><D3/><U12/><E8/><V43/><F52/><W94/><G114/><T16/><D72/><U41/><REACH who="1" step="1"/><E82/><REACH who="1" ten="211,319,230,230" step="2"/><V42/><F115/><W48/><G48/><T108/><D24/><U135/><E135/><V10/><F10/><W110/><G110/><T81/><D108/><U9/><E9/><V126/><F126/><W122/><G122/><T99/><D81/><U86/><AGARI ba="0,1" hai="12,14,41,46,50,79,83,86,89,93,96,97,102,106" machi="86" ten="20,7800,0" yaku="1,1,0,1,7,1,52,1,53,0" doraHai="39" doraHaiUra="25" who="1" fromWho="1" sc="211,-26,319,88,230,-26,230,-26" /><INIT seed="1,1,0,1,5,116" ten="185,407,204,204" oya="1" hai0="70,73,105,31,0,30,36,67,17,41,126,46,115" hai1="123,60,68,34,120,77,4,56,61,122,1,51,85" hai2="94,79,45,80,95,108,52,14,18,66,119,109,10" hai3="84,128,133,6,125,5,100,76,50,97,47,106,2"/><U96/><E34/><V32/><F119/><W63/><G125/><T83/><D115/><U134/><E134/><V132/><F132/><W49/><G133/><T107/><D126/><U112/><E112/><V64/><F32/><W98/><G128/><T117/><D117/><U88/><E77/><V58/><F45/><W114/><G114/><T57/><D57/><U135/><E135/><V40/><F40/><W16/><G63/><N who="0" m="40319" /><D17/><U81/><E96/><V54/><F54/><W72/><G72/><T28/><D28/><U111/><E111/><N who="2" m="42571" /><F95/><W118/><G118/><T38/><D30/><U19/><E19/><V92/><F94/><W23/><G50/><T124/><D124/><U91/><E91/><V42/><F92/><W89/><G2/><T59/><D59/><U78/><E88/><V48/><F42/><W74/><G74/><AGARI ba="1,0" hai="10,14,18,48,52,58,64,66,74,79,80" m="42571" machi="74" ten="30,2000,0" yaku="14,1,54,1" doraHai="116" who="2" fromWho="3" sc="185,0,407,0,204,23,204,-23" /><INIT seed="2,0,0,4,5,72" ten="185,407,227,181" oya="2" hai0="132,62,28,19,100,92,70,14,41,130,8,84,86" hai1="60,55,83,35,45,43,13,56,104,133,120,124,49" hai2="121,89,58,123,75,12,63,129,87,40,81,39,15" hai3="10,34,114,1,65,103,54,5,47,108,110,67,30"/><V4/><F129/><W105/><G114/><T61/><D130/><U91/><E35/><V48/><F39/><W46/><G105/><T9/><D132/><U126/><E104/><V2/><F2/><W79/><G103/><T98/><D28/><U7/><E120/><V0/><F0/><W99/><G99/><T69/><D41/><U31/><E31/><V53/><F75/><W33/><G30/><T78/><D8/><N who="1" m="4255" /><E133/><V117/><F117/><W113/><G113/><T51/><D51/><U134/><E134/><V71/><F12/><W26/><G26/><T88/><D70/><U11/><E11/><V38/><F15/><W96/><G96/><T57/><D69/><U73/><E73/><V115/><F4/><W94/><G94/><N who="0" m="58455" /><D57/><U101/><E101/><V80/><F115/><W66/><G54/><T112/><D112/><U29/><E29/><V23/><F23/><W52/><G52/><T21/><D21/><U27/><E55/><V24/><F38/><W109/><REACH who="3" step="1"/><G79/><REACH who="3" ten="185,407,227,171" step="2"/><T59/><D59/><U25/><E56/><N who="2" m="32807" /><F123/><W85/><G85/><T22/><D9/><U74/><E74/><V16/><F121/><W50/><G50/><T82/><AGARI ba="0,1" hai="14,19,22,61,62,78,82,84,86,88,92" m="58455" machi="82" ten="30,4000,0" yaku="8,1,52,1,54,1" doraHai="72" who="0" fromWho="0" sc="185,50,407,-10,227,-20,171,-10" /><INIT seed="3,0,0,1,1,134" ten="235,397,207,161" oya="3" hai0="16,111,52,72,19,109,78,127,32,81,91,132,60" hai1="7,87,21,126,101,93,35,98,108,89,124,15,9" hai2="40,65,29,13,31,54,49,18,48,115,11,3,74" hai3="24,30,82,83,117,14,121,6,64,10,50,61,123"/><W103/><G117/><T130/><D127/><N who="1" m="48683" /><E35/><V23/><F74/><W131/><G131/><T119/><D32/><U97/><E108/><V17/><F65/><W90/><G103/><T135/><D91/><U114/><E114/><V58/><F3/><W84/><G83/><T43/><D43/><U44/><E44/><N who="2" m="25607" /><F115/><W67/><G50/><T38/><D38/><U2/><E101/><V94/><F94/><W102/><G102/><T77/><D77/><U42/><E42/><V75/><F75/><W125/><G125/><T5/><D130/><U27/><E15/><AGARI ba="0,0" hai="11,13,15,17,18,23,29,31,49,54,58" m="25607" machi="15" ten="30,1000,0" yaku="8,1" doraHai="134" who="2" fromWho="1" sc="235,0,397,-10,207,10,161,0" owari="235,3.5,387,48.7,217,-18.3,161,-33.9" /></mjloggm>