<mjloggm ver="2.3"><GO type="225" lobby="0"/><UN n0="%E3%81%A9%E3%82%8F%E3%82%93%E3%81%94" n1="%E3%81%BF%E3%81%BF%E3%81%9A" n2="%E7%B4%94%E6%BD%94%E3%83%94%E3%83%A9%E3%83%8B%E3%82%A2" n3="%E6%80%AA%E3%81%97%E3%81%99%E3%81%8E%E3%82%8B%E3%83%81%E3%83%BC" dan="16,17,16,16" rate="2141.93,2165.44,2150.17,2110.67" sx="M,M,M,M"/><TAIKYOKU oya="0"/><INIT seed="0,0,0,2,3,56" ten="250,250,250,250" oya="0" hai0="8,99,128,41,23,93,114,34,35,0,20,54,12" hai1="89,38,123,79,13,52,50,81,132,19,18,129,117" hai2="73,82,119,68,70,85,78,11,76,118,6,102,107" hai3="80,64,42,65,29,63,14,98,72,135,43,77,112"/><T91/><D114/><U121/><E117/><N who="2" m="44555" /><F78/><W124/><G112/><T66/><D128/><U92/><E38/><V55/><F55/><W126/><G135/><T116/><D116/><U36/><E36/><V133/><F85/><W104/><G29/><T24/><D41/><U4/><E132/><V49/><F49/><W51/><G14/><T125/><D0/><U27/><E129/><V113/><F113/><W90/><G64/><T109/><D125/><N who="3" m="48233" /><G51/><T10/><D66/><U45/><E123/><V9/><F9/><W71/><G71/><T84/><D35/><U37/><E121/><V110/><F110/><W105/><G90/><T5/><D34/><U60/><E37/><V122/><F122/><W100/><G104/><T15/><D109/><U44/><E44/><V61/><F61/><W67/><G67/><T95/><D54/><U46/><E60/><V25/><F25/><W86/><G86/><T127/><D24/><U47/><E46/><V22/><F22/><W30/><G43/><T28/><D127/><U2/><E47/><V120/><F133/><W17/><G42/><T58/><D58/><U31/><E79/><V59/><F59/><N who="3" m="37119" /><G30/><T101/><REACH who="0" step="1"/><D28/><REACH who="0" ten="240,250,250,250" step="2"/><U48/><E31/><V130/><F130/><W39/><G39/><T115/><D115/><U26/><E52/><V88/><F120/><W57/><G57/><T97/><D97/><N who="1" m="57487" /><E26/><V3/><F70/><W94/><G17/><AGARI ba="0,1" hai="5,8,10,12,15,17,20,23,84,91,93,95,99,101" machi="17" ten="30,5800,0" yaku="1,1,7,1,8,1,53,0" doraHai="56" doraHaiUra="75" who="0" fromWho="3" sc="240,68,250,0,250,0,250,-58" /><INIT seed="0,1,0,2,3,126" ten="308,250,250,192" oya="0" hai0="5,74,3,23,2,79,131,29,32,13,33,25,101" hai1="103,135,49,17,98,59,92,44,93,104,81,1,4" hai2="111,80,127,91,102,82,117,134,64,128,8,45,51" hai3="121,27,43,97,120,72,115,87,125,11,24,36,70"/><T16/><D101/><U7/><E135/><V67/><F127/><W37/><G125/><T89/><D89/><U58/><E104/><V105/><F111/><W69/><G72/><T129/><D79/><U78/><E17/><V112/><F112/><W61/><G115/><T63/><D63/><U57/><E1/><N who="0" m="9" /><D74/><U46/><E93/><V48/><F8/><W107/><G11/><N who="0" m="4335" /><D32/><U30/><E30/><V108/><F108/><W100/><G87/><T119/><D119/><U86/><REACH who="1" step="1"/><E46/><REACH who="1" ten="308,240,250,192" step="2"/><V10/><F45/><W34/><G107/><T53/><D53/><AGARI ba="1,1" hai="4,7,44,49,53,57,58,59,78,81,86,92,98,103" machi="53" ten="40,5200,0" yaku="1,1,2,1,8,1,53,0" doraHai="126" doraHaiUra="22" who="1" fromWho="0" sc="308,-55,240,65,250,0,192,0" /><INIT seed="1,0,0,3,5,111" ten="253,305,250,192" oya="1" hai0="45,81,94,31,37,65,13,96,63,23,92,53,59" hai1="40,104,132,30,88,36,61,112,80,98,119,43,130" hai2="21,93,48,87,18,135,51,5,19,62,4,9,121" hai3="2,129,86,25,113,122,133,50,41,15,134,29,35"/><U124/><E119/><V22/><F121/><W103/><G122/><T32/><D32/><U128/><E124/><V42/><F135/><N who="3" m="51723" /><G2/><T85/><D37/><U46/><E132/><V74/><F74/><W78/><G103/><T26/><D13/><U7/><E30/><V14/><F62/><W11/><G129/><N who="1" m="49770" /><E7/><V126/><F126/><W117/><G117/><T64/><D45/><N who="1" m="23687" /><E61/><V77/><F42/><W84/><G78/><N who="0" m="46263" /><D92/><N who="1" m="56583" /><E80/><V99/><F87/><W105/><G105/><T27/><D27/><U55/><E55/><V67/><F67/><W79/><G79/><T72/><D72/><U83/><E83/><V60/><F60/><W76/><G76/><T58/><D58/><U68/><E104/><V20/><F77/><W56/><G56/><T34/><D34/><U108/><E108/><V100/><F5/><N who="3" m="3567" /><G113/><T1/><D1/><U3/><E3/><V17/><AGARI ba="0,0" hai="4,9,14,17,18,19,20,21,22,48,51,93,99,100" machi="17" ten="30,2000,0" yaku="0,1,8,1" doraHai="111" who="2" fromWho="2" sc="253,-5,305,-10,250,20,192,-5" /><INIT seed="2,0,0,1,4,13" ten="248,295,270,187" oya="2" hai0="86,116,68,22,69,128,85,72,0,32,94,83,7" hai1="104,3,21,10,106,103,51,134,126,89,84,121,9" hai2="105,73,25,35,23,46,11,39,45,100,132,58,41" hai3="38,122,49,5,26,93,115,109,65,64,2,55,82"/><V79/><F132/><W17/><G38/><T102/><D32/><U24/><E134/><V48/><F35/><W57/><G122/><T90/><D72/><U56/><E121/><V75/><F58/><W40/><G109/><T29/><D128/><U34/><E34/><V52/><F11/><W80/><G115/><T31/><D116/><U95/><E126/><V81/><F100/><W123/><G123/><T118/><D118/><U6/><E9/><V76/><F105/><W130/><G130/><T96/><D0/><U15/><E3/><V8/><F8/><W61/><G5/><T114/><D7/><U108/><E108/><V30/><F79/><W129/><G2/><T14/><D114/><U77/><E77/><V50/><REACH who="2" step="1"/><F39/><REACH who="2" ten="248,295,260,187" step="2"/><W43/><G129/><T1/><D1/><U124/><E103/><V19/><F19/><W12/><G65/><T91/><D69/><U112/><E112/><V62/><F62/><W44/><G93/><N who="0" m="54487" /><D68/><U59/><E106/><V4/><F4/><W111/><G111/><T110/><D110/><U133/><E104/><V47/><F47/><W87/><G82/><T16/><AGARI ba="0,1" hai="14,16,22,29,31,83,85,91,94,96,102" m="54487" machi="16" ten="30,4000,0" yaku="8,1,52,1,54,1" doraHai="13" who="0" fromWho="0" sc="248,50,295,-10,260,-20,187,-10" /><INIT seed="3,0,0,5,1,19" ten="298,285,240,177" oya="3" hai0="126,13,97,49,50,58,125,63,11,109,18,101,80" hai1="66,65,128,24,30,26,12,127,133,130,122,110,27" hai2="25,111,86,104,16,107,59,99,117,116,67,15,124" hai3="61,89,1,17,0,54,29,43,93,121,41,22,115"/><W106/><G106/><T14/><D109/><U10/><E122/><V33/><F111/><W92/><G121/><T129/><D129/><N who="1" m="49771" /><E110/><V8/><F124/><N who="0" m="47722" /><D14/><U95/><E127/><V5/><F86/><W108/><G108/><T105/><D80/><U134/><E95/><V38/><F38/><W37/><G115/><T3/><D3/><U31/><E66/><AGARI ba="0,0" hai="11,13,18,49,50,58,63,66,97,101,105" m="47722" machi="66" ten="30,1000,0" yaku="18,1" doraHai="19" who="0" fromWho="1" sc="298,10,285,-10,240,0,177,0" owari="308,40.8,275,7.5,240,-16.0,177,-32.3" /></mjloggm>