<mjloggm ver="2.3"><GO type="225" lobby="0"/><UN n0="%6D%61%74%69%67%75%73%61" n1="%E3%81%B5%E3%81%98%E3%81%8B%E3%81%A4" n2="%E3%83%89%E3%83%A9%E3%81%8F%E3%82%8C" n3="%72%65%6E%6B%75%6E" dan="17,16,17,17" rate="2163.72,2153.48,2222.67,2228.67" sx="M,M,M,M"/><TAIKYOKU oya="0"/><INIT seed="0,0,0,3,1,0" ten="250,250,250,250" oya="0" hai0="3,95,118,21,63,33,53,88,114,117,124,106,86" hai1="125,13,30,90,69,85,6,24,32,108,1,46,17" hai2="66,104,62,130,55,127,134,22,31,121,61,26,101" hai3="4,18,115,29,27,100,52,59,45,34,91,38,49"/><T28/><D114/><U94/><E69/><V103/><F121/><W64/><G115/><T16/><D106/><U131/><E125/><V112/><F112/><W74/><G74/><T58/><D3/><U82/><E131/><V111/><F130/><W119/><G119/><T116/><D124/><U23/><E108/><V80/><F111/><W68/><G100/><T83/><D28/><U41/><E82/><V71/><F127/><W54/><G18/><T57/><D33/><U40/><REACH who="1" step="1"/><E46/><REACH who="1" ten="250,240,250,250" step="2"/><V5/><F80/><W19/><G68/><T109/><D109/><U47/><E47/><V102/><F134/><W75/><G75/><T96/><D58/><U77/><E77/><V39/><F104/><W14/><G45/><T120/><D120/><U65/><E65/><V73/><F73/><W110/><G64/><T93/><REACH who="0" step="1"/><D96/><REACH who="0" ten="240,240,250,250" step="2"/><U8/><AGARI ba="0,2" hai="1,6,8,13,17,23,24,30,32,40,41,85,90,94" machi="8" ten="30,8000,1" yaku="1,1,0,1,24,2,52,1,53,0" doraHai="0" doraHaiUra="43" who="1" fromWho="1" sc="240,-40,240,100,250,-20,250,-20" /><INIT seed="1,0,0,3,5,65" ten="200,340,230,230" oya="1" hai0="28,20,47,90,8,43,66,56,115,53,46,123,83" hai1="72,95,36,67,16,39,133,19,9,27,34,60,23" hai2="11,86,54,44,108,6,62,40,117,100,105,111,134" hai3="22,127,101,74,1,106,24,87,42,88,59,126,124"/><U135/><E72/><V73/><F73/><W41/><G74/><T114/><D123/><U63/><E34/><V13/><F117/><W110/><G110/><N who="2" m="42025" /><F134/><N who="1" m="51209" /><E95/><V75/><F75/><W0/><G59/><T103/><D103/><U51/><E51/><V69/><F86/><W55/><G55/><T92/><D83/><U17/><E60/><V37/><F100/><W5/><G101/><T18/><D66/><U25/><E9/><V76/><F76/><W112/><G106/><T99/><D28/><N who="1" m="17471" /><E27/><V58/><F105/><W122/><G122/><T82/><D8/><U102/><E102/><V128/><F128/><W78/><G78/><T15/><D82/><U96/><E96/><V104/><F104/><W131/><G131/><T2/><D2/><N who="3" m="1129" /><G112/><T48/><REACH who="0" step="1"/><D47/><REACH who="0" ten="190,340,230,230" step="2"/><U70/><AGARI ba="0,1" hai="16,17,19,36,39,63,67,70" m="17471,51209" machi="70" ten="30,6000,0" yaku="20,1,52,1,54,1" doraHai="65" who="1" fromWho="1" sc="190,-20,340,70,230,-20,230,-20" /><INIT seed="1,1,0,0,0,45" ten="170,410,210,210" oya="1" hai0="73,100,109,13,51,61,125,104,108,78,97,107,69" hai1="19,26,121,21,44,85,71,91,124,0,58,106,82" hai2="35,62,38,102,81,90,10,130,37,59,95,31,101" hai3="11,36,22,110,60,46,133,105,18,112,122,126,86"/><U84/><E124/><V67/><F130/><W54/><G105/><T76/><D13/><U32/><E121/><V8/><F35/><W88/><G122/><T2/><D2/><U98/><E71/><V24/><F81/><W74/><G112/><T55/><D125/><U43/><E0/><V93/><F38/><W50/><G74/><T63/><D104/><U103/><E32/><V129/><F37/><W72/><G72/><T131/><D131/><U4/><E85/><V92/><F129/><W25/><G126/><T30/><D30/><U96/><E96/><V117/><F117/><W48/><G36/><T66/><D61/><U65/><E4/><V114/><F90/><W128/><G128/><T12/><D12/><U17/><E58/><V3/><F114/><W9/><G110/><N who="0" m="42603" /><D73/><U41/><E65/><V75/><F75/><W87/><G87/><T49/><D55/><U99/><E99/><V6/><REACH who="2" step="1"/><F10/><REACH who="2" ten="170,410,200,210" step="2"/><N who="3" m="3595" /><G133/><T57/><D69/><U39/><E39/><V134/><F134/><W1/><G1/><T132/><D132/><U14/><E91/><V34/><AGARI ba="1,1" hai="3,6,8,24,31,34,59,62,67,92,93,95,101,102" machi="34" ten="30,2000,0" yaku="1,1,0,1,53,0" doraHai="45" doraHaiUra="127" who="2" fromWho="2" sc="170,-6,410,-11,200,33,210,-6" /><INIT seed="2,0,0,2,2,2" ten="164,399,233,204" oya="2" hai0="105,56,0,94,93,38,72,100,35,77,114,79,17" hai1="14,16,59,103,19,15,76,31,4,1,33,61,78" hai2="40,45,91,85,10,104,96,92,75,62,37,102,68" hai3="26,116,41,83,69,121,24,123,70,132,98,86,99"/><V135/><F135/><W30/><G116/><T126/><D38/><U74/><E103/><V112/><F112/><W13/><G132/><T21/><D35/><U34/><E74/><V47/><F47/><W20/><G41/><T84/><D114/><U119/><E119/><V81/><F10/><W113/><G113/><T44/><D126/><U118/><E118/><V88/><F68/><W87/><G13/><T46/><D0/><U124/><E1/><V106/><F62/><W89/><G83/><T28/><D28/><U108/><E31/><V71/><F71/><W55/><G30/><T53/><D105/><U32/><E124/><V111/><F111/><W133/><G89/><T90/><D72/><U49/><E49/><V80/><REACH who="2" step="1"/><F91/><REACH who="2" ten="164,399,223,204" step="2"/><W25/><G133/><T9/><D9/><N who="1" m="4391" /><E108/><V58/><F58/><W110/><G110/><T48/><D44/><U125/><E125/><V39/><F39/><W12/><G70/><T131/><D46/><U22/><E59/><V60/><F60/><W101/><G69/><T36/><D36/><U95/><E61/><V42/><F42/><W43/><G43/><T54/><D54/><U52/><E52/><V63/><F63/><W67/><G55/><T109/><D109/><U7/><E7/><V127/><F127/><W51/><G51/><T27/><D131/><U11/><E11/><V50/><F50/><W3/><G67/><T128/><D128/><U64/><E64/><V29/><F29/><W65/><G65/><T120/><D120/><U57/><E57/><V134/><F134/><W23/><G123/><T129/><D129/><RYUUKYOKU ba="0,1" sc="164,15,399,-15,223,15,204,-15" hai0="17,21,27,48,53,56,77,79,84,90,93,94,100" hai2="37,40,45,75,80,81,85,88,92,96,102,104,106" /><INIT seed="2,1,1,5,3,33" ten="179,384,238,189" oya="2" hai0="124,102,39,51,48,11,29,31,3,26,8,114,95" hai1="52,96,49,30,131,55,9,0,63,123,106,127,76" hai2="118,126,83,130,69,67,23,105,28,62,100,38,82" hai3="72,74,113,10,50,57,44,70,109,98,92,108,61"/><V75/><F118/><W111/><G70/><T120/><D39/><U41/><E76/><V88/><F38/><W54/><G113/><T24/><D124/><U66/><E127/><V27/><F126/><W1/><G10/><T20/><D114/><U36/><E30/><V90/><F130/><W6/><G6/><T116/><D120/><U86/><E131/><V101/><F105/><W132/><G132/><T47/><D116/><U37/><E123/><V71/><F71/><W77/><G77/><T94/><D102/><U65/><E86/><V18/><F75/><W21/><G21/><T35/><D51/><U56/><E96/><V115/><F115/><W87/><G87/><T91/><D95/><U45/><E106/><V79/><F79/><W78/><G78/><T15/><D15/><U129/><E129/><V133/><F133/><W34/><G34/><T84/><REACH who="0" step="1"/><D3/><REACH who="0" ten="169,384,238,189" step="2"/><U60/><E0/><V14/><F101/><N who="3" m="60615" /><G1/><T81/><D81/><U134/><E134/><V32/><REACH who="2" step="1"/><F100/><REACH who="2" ten="169,384,228,189" step="2"/><W46/><G46/><T122/><D122/><U22/><E37/><V125/><F125/><W104/><G104/><T107/><D107/><U42/><E36/><V103/><F103/><W80/><G80/><AGARI ba="1,3" hai="14,18,23,27,28,32,62,67,69,80,82,83,88,90" machi="80" ten="40,3900,0" yaku="1,1,54,1,53,0" doraHai="33" doraHaiUra="99" who="2" fromWho="3" sc="169,0,384,0,228,72,189,-42" /><INIT seed="2,2,0,2,1,41" ten="169,384,300,147" oya="2" hai0="16,107,23,115,114,116,98,57,61,71,130,10,24" hai1="22,78,13,88,72,118,133,135,59,109,132,76,110" hai2="50,124,3,29,17,68,112,47,103,60,101,102,131" hai3="30,14,53,37,65,42,64,20,44,33,94,93,127"/><V70/><F112/><W1/><G1/><T34/><D71/><U48/><E118/><V99/><F3/><W105/><G105/><T81/><D34/><U67/><E88/><V38/><F38/><W27/><G127/><T129/><D116/><U108/><E72/><V113/><F113/><W100/><G53/><T83/><D114/><U35/><E35/><V49/><F124/><W63/><G100/><N who="0" m="62871" /><D10/><U25/><E13/><V85/><F131/><N who="0" m="50186" /><D115/><U97/><E97/><V87/><F99/><W125/><G125/><T134/><D134/><U2/><E2/><V40/><F29/><W39/><G39/><T55/><AGARI ba="2,0" hai="16,23,24,55,57,61,81,83" m="50186,62871" machi="55" ten="30,2000,0" yaku="19,1,54,1" doraHai="41" who="0" fromWho="0" sc="169,26,384,-7,300,-12,147,-7" /><INIT seed="3,0,0,5,4,125" ten="195,377,288,140" oya="3" hai0="46,89,60,93,2,35,61,128,79,6,41,73,25" hai1="66,97,94,58,57,109,90,101,37,65,23,34,108" hai2="118,71,135,87,99,98,91,5,50,22,40,115,92" hai3="119,17,82,26,11,18,110,106,33,111,102,113,133"/><W54/><G113/><T78/><D2/><U16/><E34/><V32/><F71/><W63/><G119/><T123/><D6/><U83/><E37/><V31/><F118/><W55/><G133/><T8/><D8/><U68/><E68/><V39/><F39/><W96/><G82/><T53/><D123/><U129/><E129/><V3/><F32/><W47/><G55/><T114/><D25/><N who="1" m="14567" /><E83/><V24/><F135/><W116/><G116/><T64/><D53/><U81/><E81/><V84/><F115/><W45/><G45/><T124/><D89/><U131/><E131/><V70/><F70/><W7/><G26/><T134/><D61/><U130/><E130/><V76/><F5/><W127/><G33/><T100/><D93/><U105/><E105/><V122/><F3/><W59/><G47/><T120/><D46/><U67/><E90/><V36/><F36/><W13/><REACH who="3" step="1"/><G127/><REACH who="3" ten="195,377,288,130" step="2"/><T1/><D124/><U48/><E67/><V10/><F24/><W56/><G56/><T132/><D64/><U95/><E58/><V75/><F40/><W77/><G77/><T12/><D79/><U52/><E66/><V28/><F76/><W121/><G121/><T19/><D78/><U27/><E65/><V30/><F122/><W44/><G44/><T104/><D120/><U15/><E27/><V0/><F30/><W103/><G103/><T85/><D134/><U51/><E57/><V126/><F31/><W69/><G69/><T88/><D132/><U62/><E101/><V49/><F126/><W4/><G4/><T74/><D100/><N who="1" m="60471" /><E52/><V43/><F28/><RYUUKYOKU ba="0,1" sc="195,-10,377,-10,288,-10,130,30" hai3="7,11,13,17,18,54,59,63,96,102,106,110,111" /><INIT seed="3,1,1,0,5,129" ten="185,367,278,160" oya="3" hai0="51,63,39,85,37,83,114,57,12,112,49,35,82" hai1="33,127,89,53,28,132,96,124,107,40,86,68,81" hai2="7,58,60,38,47,22,111,94,128,69,26,48,55" hai3="102,74,121,116,14,2,72,108,10,23,3,30,5"/><W0/><G116/><T73/><D35/><U43/><E132/><V71/><F111/><W99/><G121/><T9/><D73/><U93/><E68/><V20/><F128/><W18/><G108/><T76/><D82/><U90/><E107/><V19/><F7/><W88/><G30/><T44/><D39/><U119/><E119/><V117/><F117/><W6/><G88/><T25/><D37/><U59/><E33/><V115/><F115/><N who="0" m="44074" /><D44/><U104/><E104/><V134/><F38/><W41/><G41/><T120/><D25/><U122/><E28/><V8/><F8/><W27/><REACH who="3" step="1"/><G5/><REACH who="3" ten="185,367,278,150" step="2"/><N who="0" m="3119" /><D120/><U62/><E122/><V113/><F113/><W45/><G45/><T42/><D42/><U103/><E89/><V105/><F47/><W56/><G56/><T54/><AGARI ba="1,2" hai="49,51,54,57,63,76,83,85" m="3119,44074" machi="54" ten="30,1100,0" yaku="11,1" doraHai="129" who="0" fromWho="0" sc="185,34,367,-4,278,-4,150,-6" owari="219,-18.1,363,46.3,274,7.4,144,-35.6" /></mjloggm>