<mjloggm ver="2.3"><GO type="225" lobby="0"/><UN n0="%E7%AD%89%E3%80%85%E5%8A%9B%E5%8A%87%E5%A0%B4" n1="%EF%BC%81%E3%81%BC%E3%81%9F%E3%82%82%E3%81%A1%EF%BC%81" n2="%E3%81%86%E3%83%BC%E3%81%B1%E3%83%BC" n3="%72%61%6B%33" dan="17,17,17,17" rate="2136.35,2218.49,2175.92,2179.99" sx="M,M,F,M"/><TAIKYOKU oya="0"/><INIT seed="0,0,0,0,0,17" ten="250,250,250,250" oya="0" hai0="62,47,33,39,95,105,126,103,51,77,129,79,112" hai1="120,108,13,59,93,98,131,7,5,132,118,42,85" hai2="110,24,22,12,60,28,36,9,100,127,11,57,15" hai3="53,73,70,63,49,133,92,99,78,1,46,31,130"/><T19/><D112/><U106/><E118/><V80/><F36/><W48/><G130/><T68/><D105/><U65/><E120/><V32/><F127/><W128/><G128/><T29/><D39/><U67/><E131/><V52/><F110/><W45/><G133/><T89/><D103/><U18/><E108/><V81/><F100/><W75/><G1/><T14/><D129/><U90/><E132/><V3/><F32/><W23/><G78/><T44/><D126/><U123/><E123/><V43/><F43/><W55/><G70/><T82/><D33/><U54/><E42/><V41/><F41/><W117/><G63/><T109/><D29/><U134/><E134/><V114/><F3/><W6/><G6/><N who="1" m="2058" /><E98/><V135/><F114/><W74/><G117/><T34/><D34/><U116/><E106/><V83/><F135/><W107/><G107/><T91/><D109/><U113/><E113/><V84/><F84/><W64/><G64/><T125/><D125/><U16/><E18/><V104/><F104/><W20/><G31/><T111/><D111/><U27/><E27/><V61/><F60/><W10/><G10/><AGARI ba="0,0" hai="9,10,11,12,15,22,24,28,52,57,61,80,81,83" machi="10" ten="40,5200,0" yaku="8,1,52,1,54,1" doraHai="17" who="2" fromWho="3" sc="250,0,250,0,250,52,250,-52" /><INIT seed="1,0,0,3,5,70" ten="250,250,302,198" oya="1" hai0="37,110,118,11,65,69,13,39,26,128,10,111,58" hai1="106,71,131,120,46,108,47,81,44,109,123,97,77" hai2="55,54,64,53,86,116,95,18,98,80,41,59,3" hai3="25,83,84,90,72,34,104,24,126,30,32,19,122"/><U125/><E71/><V42/><F3/><W14/><G122/><T89/><D118/><U29/><E29/><V7/><F7/><W49/><G126/><T28/><D69/><U105/><E131/><V62/><F18/><W20/><G104/><T135/><D135/><U63/><E63/><V79/><REACH who="2" step="1"/><F116/><REACH who="2" ten="250,250,292,198" step="2"/><W113/><G113/><T21/><D128/><U38/><E123/><V133/><F133/><W48/><G72/><T134/><D134/><U0/><E120/><V4/><F4/><W67/><G67/><T76/><D65/><U33/><E0/><V68/><F68/><W74/><G74/><T78/><D111/><U94/><E109/><V93/><F93/><W114/><G114/><T101/><D110/><U91/><E108/><V40/><F40/><W85/><G85/><T115/><D115/><U16/><E16/><V117/><F117/><W50/><REACH who="3" step="1"/><G25/><REACH who="3" ten="250,250,292,188" step="2"/><T8/><D26/><U35/><E125/><V36/><F36/><W22/><AGARI ba="0,2" hai="14,19,20,22,24,30,32,34,48,49,50,83,84,90" machi="22" ten="30,4000,0" yaku="1,1,2,1,0,1,53,0" doraHai="70" doraHaiUra="6" who="3" fromWho="3" sc="250,-10,250,-20,292,-10,188,60" /><INIT seed="2,0,0,5,2,80" ten="240,230,282,248" oya="2" hai0="83,129,84,108,113,32,116,34,33,120,91,59,97" hai1="4,41,92,15,101,131,13,52,57,28,86,18,102" hai2="119,45,55,38,135,107,100,106,72,73,78,75,23" hai3="98,130,11,43,54,50,25,22,7,61,122,31,104"/><V123/><F119/><W62/><G122/><T126/><D113/><U77/><E131/><V0/><F123/><W63/><G130/><T133/><D129/><U8/><E28/><V6/><F135/><W21/><G104/><T82/><D120/><U121/><E41/><V110/><F110/><W24/><G98/><T26/><D126/><U53/><E121/><V12/><F100/><W127/><G127/><T74/><D133/><U2/><E2/><V81/><F55/><W115/><G115/><T49/><D108/><U42/><E42/><N who="2" m="22743" /><F72/><W27/><G43/><T44/><D116/><U3/><E3/><V76/><F78/><W87/><G87/><T29/><D59/><U89/><E77/><V109/><F75/><W56/><REACH who="3" step="1"/><G31/><REACH who="3" ten="240,230,282,238" step="2"/><T30/><D30/><U67/><E67/><V134/><F109/><W124/><G124/><T114/><D114/><U112/><E112/><V47/><F134/><W95/><G95/><T70/><D97/><U51/><E53/><V5/><F107/><W1/><AGARI ba="0,1" hai="1,7,11,21,22,24,25,27,50,54,56,61,62,63" machi="1" ten="30,2000,0" yaku="1,1,0,1,53,0" doraHai="80" doraHaiUra="111" who="3" fromWho="3" sc="240,-5,230,-5,282,-10,238,30" /><INIT seed="3,0,0,2,2,66" ten="235,225,272,268" oya="3" hai0="94,14,15,128,26,79,27,98,134,13,10,88,69" hai1="68,54,77,127,97,43,114,63,21,109,104,5,106" hai2="8,46,9,80,45,25,91,42,108,82,117,116,37" hai3="32,124,39,29,100,83,4,86,72,50,2,3,131"/><W7/><G39/><T6/><D134/><U57/><E114/><V73/><F108/><W111/><G72/><T48/><D128/><U74/><E109/><V31/><F91/><W23/><G111/><T120/><D120/><U92/><E127/><V24/><F73/><W30/><G32/><T115/><D115/><U99/><E43/><V1/><F42/><W61/><G100/><T133/><D133/><U55/><E5/><V51/><F51/><W112/><G112/><T84/><D69/><U93/><E68/><V102/><F102/><W0/><G131/><T107/><D48/><U81/><E55/><V129/><F129/><W110/><G110/><T125/><D125/><U22/><E106/><V58/><F31/><W123/><G123/><T132/><D132/><U119/><E104/><V56/><REACH who="2" step="1"/><F1/><REACH who="2" ten="235,225,262,268" step="2"/><W85/><G124/><T33/><D88/><U62/><E119/><V44/><F44/><W67/><G50/><T59/><D79/><U70/><E99/><V95/><F95/><W53/><G30/><T47/><D94/><U16/><E97/><V87/><F87/><W17/><G29/><T76/><D84/><U38/><E38/><AGARI ba="0,1" hai="8,9,24,25,37,38,45,46,56,58,80,82,116,117" machi="38" ten="25,3200,0" yaku="1,1,22,2,53,0" doraHai="66" doraHaiUra="96" who="2" fromWho="1" sc="235,0,225,-32,262,42,268,0" owari="235,-16.5,193,-30.7,304,40.4,268,6.8" /></mjloggm>