<mjloggm ver="2.3"><GO type="225" lobby="0"/><UN n0="%E6%9D%B1%E9%A2%A8%E3%81%AE%E3%81%8D%E3%82%83%E3%81%B7%E3%81%95%E3%82%93" n1="%E5%8D%A0%E3%81%84%E5%B8%AB%E8%A3%8F%E3%81%AA%E3%81%84%E3%81%97" n2="%E3%80%90%E3%83%88%E3%83%AA%E3%83%A5%E3%83%95%E3%80%91" n3="%E9%80%86%E9%80%A3%E5%B8%AF%E3%81%AE%E9%AC%BC" dan="16,17,16,17" rate="2173.82,2202.24,2117.39,2116.31" sx="M,M,M,M"/><TAIKYOKU oya="0"/><INIT seed="0,0,0,0,5,56" ten="250,250,250,250" oya="0" hai0="70,121,69,51,50,80,125,102,42,91,60,35,43" hai1="57,22,130,135,90,33,10,81,11,0,4,106,110" hai2="86,98,66,39,113,54,9,28,74,20,77,103,12" hai3="111,15,53,26,94,61,100,67,79,124,92,112,6"/><T14/><D121/><U16/><E110/><V52/><F113/><W97/><G111/><T31/><D125/><U44/><E106/><V58/><F39/><W109/><G124/><T93/><D102/><U85/><E33/><V128/><F74/><W120/><G112/><T76/><D14/><U115/><E135/><V37/><F37/><W99/><G120/><T119/><D119/><U1/><E130/><V75/><F75/><W18/><G109/><T133/><D133/><U118/><E118/><V48/><F66/><W82/><G26/><T107/><D107/><U101/><E101/><V108/><F108/><W46/><G6/><T129/><D129/><U27/><E115/><V55/><F128/><W59/><G46/><T23/><D35/><U17/><E44/><V24/><F86/><W123/><G123/><T83/><D31/><U36/><E36/><V45/><F45/><W49/><G99/><T47/><D23/><U7/><REACH who="1" step="1"/><E57/><REACH who="1" ten="250,240,250,250" step="2"/><V5/><REACH who="2" step="1"/><F77/><REACH who="2" ten="250,240,240,250" step="2"/><W104/><G79/><T134/><D76/><U131/><E131/><V19/><F19/><AGARI ba="0,2" hai="0,1,4,7,10,11,16,17,19,22,27,81,85,90" machi="19" ten="30,12000,2" yaku="1,1,7,1,9,1,54,1,53,2" doraHai="56" doraHaiUra="32" who="1" fromWho="2" sc="250,0,240,140,240,-120,250,0" /><INIT seed="1,0,0,3,5,111" ten="250,380,120,250" oya="1" hai0="55,8,51,133,76,64,1,61,28,44,4,126,96" hai1="60,57,23,114,34,41,9,94,88,128,86,117,115" hai2="33,112,59,97,45,26,71,30,107,78,83,5,121" hai3="75,131,15,40,49,127,77,87,110,22,122,37,52"/><U82/><E117/><V66/><F121/><W56/><G122/><T20/><D133/><U32/><E41/><V17/><F5/><W39/><G110/><T69/><D126/><U31/><E128/><V73/><F45/><W103/><G127/><T6/><D76/><U98/><E23/><V13/><F59/><W38/><G131/><T120/><D4/><U46/><E9/><V63/><F13/><W81/><G103/><T125/><D125/><U58/><E46/><V91/><F17/><W92/><G40/><T72/><D72/><U80/><E80/><V95/><REACH who="2" step="1"/><F107/><REACH who="2" ten="250,380,110,250" step="2"/><W7/><G7/><T29/><D120/><U99/><E57/><V14/><F14/><W36/><G36/><T85/><D20/><U42/><E58/><V18/><F18/><N who="3" m="10591" /><G37/><T119/><D119/><U27/><E32/><V54/><F54/><W10/><G10/><T108/><D108/><U93/><E42/><V74/><F74/><W79/><G38/><T90/><REACH who="0" step="1"/><D96/><REACH who="0" ten="240,380,110,250" step="2"/><U105/><E99/><V129/><F129/><W43/><G75/><T25/><D25/><U47/><E98/><V113/><AGARI ba="0,2" hai="26,30,33,63,66,71,73,78,83,91,95,97,112,113" machi="113" ten="30,8000,1" yaku="1,1,0,1,52,2,53,1" doraHai="111" doraHaiUra="106" who="2" fromWho="2" sc="240,-20,380,-40,110,100,250,-20" /><INIT seed="2,0,0,5,2,94" ten="220,340,210,230" oya="2" hai0="21,127,107,108,53,56,114,44,24,76,82,97,74" hai1="113,1,93,123,43,12,116,95,23,71,120,134,20" hai2="22,13,69,16,29,128,17,80,88,31,48,122,106" hai3="119,6,77,35,36,85,32,30,33,51,63,92,103"/><V89/><F122/><N who="1" m="46633" /><E113/><V8/><F128/><W118/><G36/><T46/><D114/><U52/><E1/><V72/><F106/><W125/><G125/><T45/><D108/><U67/><E116/><V34/><F69/><W90/><G30/><T26/><D127/><U73/><E43/><V3/><F72/><W49/><G77/><T42/><D42/><U100/><E134/><V37/><F37/><W11/><G103/><T60/><REACH who="0" step="1"/><D21/><REACH who="0" ten="210,340,210,230" step="2"/><U54/><E20/><V62/><F34/><W129/><G129/><T61/><D61/><U101/><E23/><V133/><F62/><W104/><G63/><T57/><D57/><U75/><E71/><V10/><F133/><W117/><REACH who="3" step="1"/><G104/><REACH who="3" ten="210,340,210,220" step="2"/><T115/><D115/><U102/><E102/><AGARI ba="0,2" hai="24,26,44,45,46,53,56,60,74,76,82,97,102,107" machi="102" ten="40,2600,0" yaku="1,1,52,1,53,0" doraHai="94" doraHaiUra="2" who="0" fromWho="1" sc="210,46,340,-26,210,0,220,0" /><INIT seed="3,0,0,0,5,17" ten="256,314,210,220" oya="3" hai0="29,24,101,51,36,133,85,44,33,0,11,6,21" hai1="118,61,13,73,60,67,42,103,20,115,112,70,129" hai2="41,104,23,37,54,7,38,82,22,35,111,107,34" hai3="128,28,79,45,49,88,123,120,72,114,81,40,5"/><W119/><G114/><T108/><D133/><U93/><E73/><V134/><F82/><W89/><G119/><T90/><D108/><U1/><E1/><V62/><F111/><W92/><G128/><T80/><D101/><U57/><E129/><V19/><F19/><W30/><G5/><T43/><D36/><N who="2" m="13930" /><F41/><W75/><G75/><T113/><D113/><U32/><E42/><V10/><F7/><W95/><G95/><T105/><REACH who="0" step="1"/><D105/><REACH who="0" ten="246,314,210,220" step="2"/><N who="2" m="40522" /><F134/><W87/><REACH who="3" step="1"/><G89/><REACH who="3" ten="246,314,210,210" step="2"/><T74/><D74/><U9/><E115/><V47/><F34/><AGARI ba="0,2" hai="0,6,11,21,24,29,33,34,43,44,51,80,85,90" machi="34" ten="40,2600,0" yaku="1,1,52,1,53,0" doraHai="17" doraHaiUra="122" who="0" fromWho="2" sc="246,46,314,0,210,-26,210,0" owari="292,9.2,314,41.4,184,-31.6,210,-19.0" /></mjloggm>