<mjloggm ver="2.3"><GO type="225" lobby="0"/><UN n0="%E3%83%88%E3%82%AD%E3%83%8E%E3%83%9F%E3%83%8E%E3%83%AB" n1="%E3%81%AF%E3%82%88%E3%81%8A%E3%81%98%E3%81%95%E3%82%93" n2="%E5%84%AA%40%41%42%43" n3="%48%61%61%61%6C%61%6E%64" dan="16,17,17,18" rate="2090.09,2234.11,2134.99,2228.78" sx="M,M,M,M"/><TAIKYOKU oya="0"/><INIT seed="0,0,0,1,0,35" ten="250,250,250,250" oya="0" hai0="58,40,14,1,75,4,50,135,49,61,122,0,64" hai1="77,68,65,70,89,129,111,125,130,37,31,47,106" hai2="39,41,124,86,80,109,19,83,23,59,119,45,60" hai3="79,44,81,10,134,104,3,100,13,48,95,118,87"/><T91/><D122/><U84/><E106/><V21/><F109/><W33/><G118/><T123/><D123/><U133/><E111/><V55/><F124/><W127/><G33/><T101/><D75/><U76/><E125/><V32/><F32/><W26/><G127/><T94/><D101/><U67/><E31/><V6/><F119/><W15/><G104/><T53/><D135/><U88/><E47/><V20/><F6/><W103/><G134/><T18/><D40/><U105/><E105/><V102/><F102/><W110/><G110/><T24/><D24/><U114/><E84/><V69/><F69/><N who="1" m="26729" /><E37/><V28/><F28/><W113/><G26/><T112/><D50/><U120/><E120/><V38/><F38/><W128/><G103/><T30/><D30/><U132/><E132/><V16/><REACH who="2" step="1"/><F80/><REACH who="2" ten="250,250,240,250" step="2"/><W97/><G81/><T52/><D4/><U56/><E133/><V99/><F99/><W117/><G97/><T73/><D112/><U17/><E114/><V107/><F107/><W2/><G113/><T92/><D92/><U9/><E129/><V12/><F12/><W8/><G128/><T34/><D34/><U7/><E130/><V27/><F27/><W66/><G117/><T108/><D108/><U57/><E7/><V82/><F82/><N who="3" m="47583" /><G95/><T11/><D73/><U78/><E17/><V121/><F121/><W115/><G100/><T72/><D72/><U46/><E89/><AGARI ba="0,1" hai="16,19,20,21,23,39,41,45,55,59,60,83,86,89" machi="89" ten="40,2600,0" yaku="1,1,54,1,53,0" doraHai="35" doraHaiUra="90" who="2" fromWho="1" sc="250,0,250,-26,240,36,250,0" /><INIT seed="1,0,0,0,1,118" ten="250,224,276,250" oya="1" hai0="47,117,131,26,106,53,93,38,107,58,129,89,19" hai1="101,87,81,23,8,67,103,116,55,109,9,72,56" hai2="132,41,71,119,78,111,125,1,85,77,51,66,83" hai3="40,39,73,16,96,25,2,29,92,98,36,27,62"/><U30/><E116/><V135/><F119/><W18/><G73/><T46/><D117/><U12/><E72/><V52/><F1/><W91/><G2/><T84/><D107/><U99/><E67/><V102/><F111/><W22/><G98/><T10/><D106/><U11/><E109/><V28/><F125/><W82/><G82/><T134/><D134/><N who="2" m="51242" /><F102/><W17/><G40/><T100/><D100/><U75/><E75/><V122/><F28/><W33/><REACH who="3" step="1"/><G62/><REACH who="3" ten="250,224,276,240" step="2"/><N who="0" m="36175" /><D38/><AGARI ba="0,1" hai="16,17,18,22,25,27,29,33,36,38,39,91,92,96" machi="38" ten="40,2600,0" yaku="1,1,54,1,53,0" doraHai="118" doraHaiUra="74" who="3" fromWho="0" sc="250,-26,224,0,276,0,240,36" /><INIT seed="2,0,0,2,1,102" ten="224,224,276,276" oya="2" hai0="31,117,132,35,80,113,72,6,92,58,48,8,59" hai1="70,116,63,10,103,87,51,129,17,49,39,78,98" hai2="62,120,1,18,23,125,0,130,16,88,32,60,94" hai3="42,5,91,127,123,67,131,38,4,37,119,41,12"/><V105/><F105/><W114/><G119/><T108/><D113/><U97/><E116/><V81/><F32/><W27/><G123/><T66/><D117/><U65/><E39/><V56/><F120/><W79/><G114/><T128/><D128/><U25/><E129/><V14/><F130/><W29/><G131/><T82/><D132/><U133/><E133/><V73/><F125/><W34/><G127/><T83/><D108/><U26/><E98/><V89/><F62/><W135/><G135/><T110/><D110/><U86/><E26/><V64/><F18/><W13/><G79/><T7/><D72/><U77/><E77/><V2/><REACH who="2" step="1"/><F94/><REACH who="2" ten="224,224,266,276" step="2"/><W76/><G34/><T36/><D92/><U111/><E111/><V69/><F69/><W100/><G29/><T40/><D35/><U11/><E63/><V85/><F85/><W28/><G28/><T22/><D31/><U3/><E70/><V44/><F44/><W52/><G4/><T95/><D95/><U54/><E87/><V20/><F20/><W43/><G5/><T30/><D6/><U104/><E65/><V71/><F71/><W126/><G67/><T93/><D93/><U134/><E134/><V124/><F124/><W19/><G126/><T46/><D66/><U121/><E121/><V118/><F118/><W45/><G45/><N who="0" m="23687" /><D22/><U96/><E97/><V15/><F15/><W53/><G12/><N who="0" m="5151" /><D30/><U99/><E96/><V9/><F9/><N who="1" m="3081" /><E3/><V57/><F57/><N who="0" m="21514" /><D46/><U24/><E17/><V84/><F84/><W21/><G19/><T50/><D50/><N who="1" m="18955" /><E54/><N who="3" m="21098" /><G38/><T90/><D48/><U55/><E55/><RYUUKYOKU ba="0,1" sc="224,10,224,10,266,10,276,-30" hai0="80,82,83,90" hai1="24,25,78,86,99,103,104" hai2="0,1,2,14,16,23,56,60,64,73,81,88,89" /><INIT seed="2,1,1,1,5,120" ten="234,234,276,246" oya="2" hai0="37,46,57,109,122,131,10,110,49,126,36,13,16" hai1="80,96,56,3,21,47,1,94,93,103,124,123,81" hai2="0,72,55,99,38,35,128,75,39,108,88,58,26" hai3="119,85,54,53,34,114,97,83,25,62,17,30,69"/><V2/><F128/><W79/><G119/><T127/><D122/><U14/><E123/><V19/><F19/><W102/><G114/><T125/><D57/><U52/><E124/><V116/><F116/><W65/><REACH who="3" step="1"/><G17/><REACH who="3" ten="234,234,276,236" step="2"/><T60/><D131/><U28/><E1/><V106/><F0/><W50/><G50/><T59/><D37/><U45/><E3/><V48/><F38/><W78/><G78/><T51/><D36/><U90/><E47/><V18/><F39/><W23/><G23/><T118/><D118/><U6/><E45/><V67/><F2/><W22/><G22/><T64/><D51/><N who="1" m="30751" /><E6/><V98/><F18/><W129/><G129/><T32/><D32/><U117/><E117/><V43/><F48/><W111/><G111/><N who="0" m="42507" /><D127/><U91/><E14/><V113/><F35/><W112/><G112/><T95/><D95/><AGARI ba="1,2" hai="25,30,34,53,54,62,65,69,79,83,85,95,97,102" machi="95" ten="30,2000,0" yaku="1,1,7,1,53,0" doraHai="120" doraHaiUra="132" who="3" fromWho="0" sc="234,-23,234,0,276,0,236,43" /><INIT seed="3,0,0,3,2,3" ten="211,234,276,279" oya="3" hai0="4,25,110,68,50,99,130,44,11,36,41,0,95" hai1="17,47,64,29,31,1,53,72,61,116,24,91,86" hai2="32,13,35,26,77,45,128,111,106,79,126,75,9" hai3="27,96,132,134,100,119,122,80,46,8,59,131,120"/><W107/><G119/><T39/><D110/><U56/><E72/><V18/><F106/><W93/><G131/><T105/><D130/><U43/><E1/><V23/><F128/><W6/><G59/><T49/><D105/><U54/><E116/><V7/><F111/><W52/><G80/><T22/><D68/><U2/><E2/><N who="2" m="247" /><F35/><W73/><G73/><T115/><D39/><U33/><E17/><V87/><F75/><W117/><G117/><T118/><D115/><U70/><E31/><N who="2" m="19575" /><F126/><W108/><G108/><T109/><D109/><U69/><E70/><V83/><F45/><W94/><G27/><T113/><D113/><U88/><E69/><V30/><F30/><W58/><G46/><T98/><D118/><U114/><E114/><V97/><F97/><W66/><G66/><T55/><D55/><U20/><E33/><V102/><F102/><W127/><G127/><T19/><REACH who="0" step="1"/><D98/><REACH who="0" ten="201,234,276,279" step="2"/><U38/><REACH who="1" step="1"/><E91/><AGARI ba="0,1" hai="13,18,23,77,79,83,87,91" m="19575,247" machi="91" ten="30,2000,0" yaku="24,1,52,1" doraHai="3" who="2" fromWho="1" sc="201,0,234,-20,276,30,279,0" /><AGARI ba="0,0" hai="0,4,11,19,22,25,36,41,44,49,50,91,95,99" machi="91" ten="30,7700,0" yaku="1,1,2,1,7,1,52,1,53,0" doraHai="3" doraHaiUra="135" who="0" fromWho="1" sc="201,77,214,-77,306,0,279,0" owari="278,-12.2,137,-36.3,306,40.6,279,7.9" /></mjloggm>