<mjloggm ver="2.3"><GO type="225" lobby="0"/><UN n0="%E5%A4%96%E5%B7%9D%E7%AB%9C%E6%88%90" n1="%6D%75%75%6D%75%72%61" n2="%E3%81%95%E3%81%8D%E3%81%9F%E3%81%BE%E6%9E%97%E6%AA%8E" n3="%E3%81%9F%E3%81%93%E2%98%86%E7%84%BC%E3%81%8D" dan="16,16,16,16" rate="2100.79,2155.08,2105.87,2112.75" sx="M,F,M,M"/><TAIKYOKU oya="0"/><INIT seed="0,0,0,0,0,80" ten="250,250,250,250" oya="0" hai0="22,133,135,120,62,96,92,106,1,11,113,59,101" hai1="102,9,27,123,14,125,108,58,21,100,35,46,128" hai2="39,77,91,98,99,15,67,20,81,28,112,33,8" hai3="114,84,50,104,12,132,110,5,47,89,6,111,32"/><T16/><D113/><U49/><E123/><V65/><F112/><W118/><G104/><T82/><D120/><U25/><E108/><N who="3" m="41514" /><G118/><T83/><D106/><U119/><E119/><V42/><F33/><W13/><G32/><T41/><D41/><U78/><E125/><V45/><F67/><W56/><G56/><T63/><D63/><U90/><E128/><V131/><F131/><W122/><G132/><N who="0" m="50763" /><D11/><U95/><E58/><V17/><F65/><W97/><G97/><T36/><D36/><U109/><E78/><V105/><F105/><W60/><G60/><T3/><D3/><U79/><E79/><V75/><F91/><W40/><G122/><T107/><D1/><U66/><E35/><V121/><F121/><W37/><G37/><T124/><D107/><U7/><E66/><V117/><F117/><W34/><G34/><T127/><D59/><U72/><E72/><V43/><F43/><W38/><G38/><T26/><D62/><U74/><E74/><V69/><F69/><W23/><G23/><T134/><N who="0" m="50771" /><T0/><DORA hai="2" /><D0/><U24/><E21/><V94/><REACH who="2" step="1"/><F94/><REACH who="2" ten="250,250,240,250" step="2"/><N who="3" m="54567" /><G114/><T19/><D127/><U70/><E70/><V31/><F31/><W61/><G61/><T88/><D124/><U71/><E71/><V55/><F55/><W73/><G73/><T126/><D126/><U93/><E109/><V115/><F115/><W18/><G18/><N who="0" m="6699" /><D101/><U86/><E95/><V129/><F129/><W44/><G47/><T57/><D57/><U10/><E102/><V54/><F54/><W53/><G53/><T85/><D96/><U30/><E100/><RYUUKYOKU ba="0,1" sc="250,10,250,-30,240,10,250,10" hai0="22,26,82,83,85,88,92" hai2="8,15,17,20,28,39,42,45,75,77,81,98,99" hai3="5,6,12,13,40,44,50" /><INIT seed="0,1,1,5,4,81" ten="260,220,250,260" oya="0" hai0="87,48,28,60,29,129,58,109,67,124,134,77,40" hai1="70,34,38,4,56,35,9,45,118,37,22,0,91" hai2="130,98,61,44,107,121,24,52,46,65,88,133,7" hai3="11,103,69,119,50,33,21,66,86,114,27,84,49"/><T112/><D112/><U100/><E70/><V111/><F121/><W64/><G33/><T78/><D124/><U1/><E118/><V125/><F125/><W14/><G103/><T57/><D134/><U128/><E128/><V19/><F133/><W116/><G114/><T16/><D129/><U31/><E100/><V73/><F73/><W131/><G131/><T96/><D96/><U120/><E1/><V12/><F130/><W75/><G75/><T17/><D109/><U47/><E120/><V5/><F111/><W3/><G3/><T26/><D78/><U76/><E76/><V51/><F46/><W93/><G93/><T41/><D58/><U42/><E56/><N who="2" m="37031" /><F107/><W15/><G69/><T97/><D97/><U105/><E105/><V122/><F24/><W62/><G62/><T39/><D39/><U63/><E63/><V71/><F71/><W95/><G95/><T127/><D26/><U55/><E91/><V110/><F110/><W85/><G21/><T123/><D127/><U68/><E68/><V59/><F59/><W13/><G27/><T102/><D102/><U18/><E31/><N who="0" m="11849" /><D48/><N who="3" m="18537" /><G11/><T89/><D77/><U36/><E36/><V54/><F122/><W53/><G53/><T126/><D123/><U92/><E55/><V83/><F54/><W72/><G72/><T2/><D2/><U74/><E74/><V82/><F98/><W132/><G132/><T6/><D126/><U80/><E35/><V117/><F117/><AGARI ba="1,1" hai="13,14,15,64,66,84,85,86,116,117,119" m="18537" machi="117" ten="40,12000,2" yaku="28,2,26,2,52,3" doraHai="81" who="3" fromWho="2" sc="260,0,220,0,250,-123,260,133" /><INIT seed="1,0,0,1,5,70" ten="260,220,127,393" oya="1" hai0="118,38,122,2,27,40,86,39,13,83,119,91,113" hai1="126,47,3,127,45,68,10,28,135,53,1,24,121" hai2="51,15,73,65,100,123,26,104,72,106,4,34,54" hai3="18,108,64,32,63,134,75,29,44,111,48,14,36"/><U46/><E121/><V62/><F123/><W88/><G75/><T49/><D122/><U95/><E68/><V69/><F104/><W116/><G134/><T57/><D113/><U112/><E112/><V124/><F124/><N who="1" m="47657" /><E135/><V128/><F128/><W130/><G130/><T58/><D2/><N who="1" m="523" /><E10/><V103/><F103/><W19/><G29/><T16/><D27/><U133/><E133/><V98/><F15/><W71/><G32/><T30/><D30/><U77/><E77/><V12/><F12/><W94/><G116/><T66/><D58/><U7/><E7/><V78/><F78/><W59/><G14/><T22/><D66/><U102/><E53/><V115/><F4/><W105/><G105/><T55/><REACH who="0" step="1"/><D40/><REACH who="0" ten="250,220,127,393" step="2"/><U23/><E47/><V61/><F115/><W25/><G25/><T0/><D0/><U79/><E79/><V82/><F65/><W117/><G59/><T6/><D6/><U84/><E46/><N who="2" m="28023" /><F69/><W129/><G44/><T52/><D52/><U50/><E45/><V37/><F37/><AGARI ba="0,1" hai="13,16,22,37,38,39,49,55,57,83,86,91,118,119" machi="37" ten="40,8000,1" yaku="1,1,52,3,54,1,53,0" doraHai="70" doraHaiUra="109" who="0" fromWho="2" sc="250,90,220,0,127,-80,393,0" /><INIT seed="2,0,0,5,3,51" ten="340,220,47,393" oya="2" hai0="52,89,7,127,122,26,8,91,11,76,64,28,13" hai1="120,106,59,67,19,58,54,87,45,113,73,117,34" hai2="71,33,99,132,98,74,62,20,44,60,95,21,10" hai3="86,57,22,81,43,38,121,32,63,107,135,115,112"/><V105/><F33/><W69/><G107/><T133/><D122/><U100/><E73/><V5/><F132/><W12/><G32/><T109/><D133/><U130/><E113/><V94/><F74/><W50/><G135/><T129/><D109/><U65/><E117/><V118/><F118/><W70/><G38/><T53/><D127/><U77/><E130/><V16/><F44/><N who="3" m="25887" /><G22/><T48/><D48/><BYE who="0" /><U93/><E34/><V25/><F21/><W75/><G12/><T41/><D41/><U14/><E106/><V116/><F116/><W123/><G75/><T49/><D49/><N who="1" m="28975" /><E77/><UN n0="%E5%A4%96%E5%B7%9D%E7%AB%9C%E6%88%90" /><V3/><F105/><W27/><G27/><T111/><D129/><U68/><E68/><N who="3" m="26218" /><G86/><T40/><D40/><U114/><E114/><N who="3" m="43562" /><G81/><T47/><D47/><U92/><E87/><V108/><F108/><W82/><G82/><T61/><D76/><U80/><E80/><V15/><F3/><W0/><G0/><T56/><D11/><N who="1" m="6623" /><E120/><V17/><F5/><W84/><G84/><T18/><D7/><U4/><E4/><V88/><REACH who="2" step="1"/><F71/><REACH who="2" ten="340,220,37,393" step="2"/><W83/><G83/><T35/><D111/><U90/><E93/><V6/><F6/><W119/><G119/><T30/><D30/><U29/><E29/><V124/><F124/><W103/><G123/><T46/><D46/><U1/><E1/><V2/><F2/><W104/><G104/><T131/><D131/><U79/><E79/><V126/><F126/><W97/><G121/><T101/><D35/><U37/><E37/><V78/><F78/><W31/><G31/><T72/><D28/><U23/><E23/><V110/><F110/><RYUUKYOKU ba="0,1" sc="340,-10,220,-10,37,30,393,-10" hai2="10,15,16,17,20,25,60,62,88,94,95,98,99" /><INIT seed="2,1,1,0,5,121" ten="330,210,67,383" oya="2" hai0="116,35,107,75,4,46,5,126,36,128,76,100,47" hai1="84,34,113,127,42,132,80,50,109,103,18,3,118" hai2="88,91,57,117,104,89,26,33,45,6,64,21,66" hai3="24,7,71,120,14,40,73,65,95,85,13,110,2"/><V10/><F117/><W69/><G73/><T131/><D116/><U29/><E118/><V99/><F33/><W17/><G2/><T115/><D115/><U124/><E113/><V93/><F104/><W20/><G40/><N who="0" m="22791" /><D35/><U19/><E132/><V22/><F45/><W44/><G44/><T133/><D76/><U86/><E109/><V134/><F134/><W101/><G110/><T96/><D75/><U90/><E3/><V98/><F98/><W112/><G7/><T74/><D74/><U54/><E42/><V56/><F6/><W97/><G69/><T52/><D126/><N who="1" m="48171" /><E103/><N who="2" m="60911" /><F10/><W81/><G120/><T61/><D133/><U60/><E86/><V62/><F26/><W59/><G71/><T25/><D25/><N who="1" m="18735" /><E60/><AGARI ba="1,1" hai="21,22,56,57,60,62,64,66,88,89,91" m="60911" machi="60" ten="30,2900,0" yaku="8,1,54,1" doraHai="121" who="2" fromWho="1" sc="330,0,210,-32,67,42,383,0" /><INIT seed="2,2,0,0,1,34" ten="330,178,109,383" oya="2" hai0="45,92,24,26,121,120,44,96,56,100,43,41,39" hai1="117,97,28,6,104,87,72,75,86,15,102,33,107" hai2="11,98,46,27,132,1,31,18,126,95,105,29,80" hai3="127,109,113,83,82,20,35,67,40,57,106,68,78"/><V70/><F105/><W21/><G35/><T116/><D116/><U52/><E117/><V48/><F70/><W53/><G106/><T103/><D56/><U54/><E107/><V61/><F132/><W58/><G109/><T30/><D103/><U89/><E33/><V74/><F126/><W130/><G40/><T94/><D94/><U22/><E28/><V112/><F112/><W59/><G127/><T62/><D62/><U129/><E129/><V124/><F124/><W23/><G130/><T55/><D55/><U42/><E42/><V63/><F31/><W119/><G53/><T76/><D76/><U14/><E14/><N who="2" m="7519" /><F1/><W101/><G101/><T134/><D134/><U2/><E2/><V114/><F114/><W60/><G113/><T64/><D64/><U128/><E128/><V99/><F74/><W71/><G119/><T79/><D79/><U93/><E75/><V9/><F9/><W77/><G67/><T17/><D17/><N who="1" m="10559" /><E72/><V38/><F38/><W131/><G131/><T69/><D69/><U111/><E104/><V133/><F133/><W25/><G60/><N who="2" m="23113" /><F80/><N who="3" m="30763" /><G71/><T19/><D19/><U47/><E6/><V108/><F108/><W88/><G68/><T122/><REACH who="0" step="1"/><D30/><REACH who="0" ten="320,178,109,383" step="2"/><U0/><E111/><V32/><F95/><W13/><G78/><T10/><D10/><U8/><E8/><V36/><F36/><AGARI ba="2,1" hai="24,26,36,39,41,43,44,45,92,96,100,120,121,122" machi="36" ten="40,2600,0" yaku="1,1,9,1,53,0" doraHai="34" doraHaiUra="16" who="0" fromWho="2" sc="320,42,178,0,109,-32,383,0" /><INIT seed="3,0,0,0,3,9" ten="362,178,77,383" oya="3" hai0="53,73,6,33,88,132,49,24,95,58,96,30,44" hai1="42,63,11,133,62,89,86,110,129,100,70,124,131" hai2="134,59,117,103,26,81,79,118,99,130,121,82,35" hai3="15,104,108,28,75,41,85,92,36,105,7,72,16"/><W52/><G28/><T40/><D132/><U22/><E62/><V2/><F2/><W112/><G7/><T120/><D120/><U119/><E89/><V54/><F130/><W25/><G25/><T21/><D73/><U18/><E22/><V77/><F134/><W5/><G5/><T102/><D6/><U68/><E18/><V116/><F121/><W78/><G36/><T34/><REACH who="0" step="1"/><D102/><REACH who="0" ten="352,178,77,383" step="2"/><U107/><E100/><V39/><F39/><AGARI ba="0,1" hai="21,24,30,33,34,39,40,44,49,53,58,88,95,96" machi="39" ten="30,7700,0" yaku="1,1,2,1,7,1,54,1,53,0" doraHai="9" doraHaiUra="14" who="0" fromWho="2" sc="352,87,178,0,77,-77,383,0" owari="439,53.9,178,-22.2,0,-50.0,383,18.3" /></mjloggm>