<mjloggm ver="2.3"><GO type="225" lobby="0"/><UN n0="%E5%91%A8%E6%9D%B1" n1="%E3%82%BC%E3%83%AB%E3%83%80%E3%81%AE%E4%BC%9D%E8%AA%AC" n2="%E3%82%8C%E3%81%99%E3%81%93" n3="%77%72%77%72%77%72%77%72" dan="17,18,16,17" rate="2201.46,2212.79,2116.59,2240.42" sx="M,M,F,M"/><TAIKYOKU oya="0"/><INIT seed="0,0,0,3,5,32" ten="250,250,250,250" oya="0" hai0="129,20,31,130,61,94,78,134,84,73,66,59,122" hai1="118,88,133,49,107,111,26,12,23,16,21,10,87" hai2="90,60,27,54,82,45,77,29,99,85,126,44,9" hai3="72,91,76,53,128,35,100,101,69,43,119,80,97"/><T124/><D122/><U8/><E118/><V41/><F126/><W46/><G35/><T64/><D124/><U56/><E111/><V14/><F60/><W67/><G119/><T79/><D73/><U83/><E133/><V50/><F99/><W22/><G128/><N who="0" m="49259" /><D134/><U2/><E107/><V98/><F98/><W95/><G53/><T25/><D66/><U92/><E2/><V127/><F127/><W74/><G74/><T39/><D39/><U109/><E109/><V4/><F45/><W123/><G123/><T75/><D75/><U51/><E83/><V117/><F117/><W13/><G67/><T62/><D62/><U34/><E34/><V106/><F106/><W116/><G69/><T70/><D70/><U28/><E56/><V81/><F81/><W11/><G22/><T135/><D135/><U19/><E8/><V42/><REACH who="2" step="1"/><F77/><REACH who="2" ten="250,250,240,250" step="2"/><W114/><G116/><T86/><D94/><U37/><REACH who="1" step="1"/><E37/><REACH who="1" ten="250,240,240,250" step="2"/><V0/><F0/><W57/><G80/><T93/><D93/><U115/><E115/><V125/><F125/><W108/><G114/><T48/><D48/><U132/><E132/><V113/><F113/><W102/><G108/><T24/><D61/><U30/><E30/><V96/><F96/><W131/><G131/><T1/><D1/><U89/><E89/><V3/><F3/><W33/><G91/><T6/><D31/><U68/><E68/><V58/><F58/><W65/><G57/><T63/><D59/><U105/><E105/><V52/><F52/><W36/><G95/><T120/><D63/><U121/><E121/><V110/><F110/><RYUUKYOKU ba="0,2" sc="250,-15,240,15,240,15,250,-15" hai1="10,12,16,19,21,23,26,28,49,51,87,88,92" hai2="4,9,14,27,29,41,42,44,50,54,82,85,90" /><INIT seed="1,1,2,5,1,70" ten="235,255,255,235" oya="1" hai0="16,132,28,41,77,46,34,80,21,73,54,8,105" hai1="63,9,109,40,56,113,102,0,124,83,116,131,82" hai2="97,2,98,52,49,72,24,47,110,75,108,66,95" hai3="99,68,42,91,23,79,133,4,96,90,88,125,107"/><U101/><E113/><V74/><F2/><W127/><G68/><T26/><D132/><U84/><E116/><V50/><F66/><W13/><G133/><T25/><D105/><U134/><E134/><V123/><F123/><W55/><G42/><T65/><D65/><U87/><E124/><N who="3" m="47690" /><G79/><T135/><D135/><U76/><E131/><V30/><F50/><W38/><G38/><T14/><D54/><U112/><E112/><V53/><F53/><W43/><G43/><T59/><D59/><U61/><E109/><N who="2" m="42091" /><F95/><W62/><G107/><T45/><REACH who="0" step="1"/><D41/><REACH who="0" ten="225,255,255,235" step="2"/><U67/><E40/><V78/><F78/><W22/><G55/><T15/><D15/><U69/><E69/><V115/><F115/><W35/><G62/><T126/><D126/><U48/><E63/><V36/><F36/><W51/><G51/><T6/><AGARI ba="1,3" hai="6,8,14,16,21,25,26,28,34,45,46,73,77,80" machi="6" ten="20,8000,1" yaku="1,1,0,1,7,1,54,1,53,1" doraHai="70" doraHaiUra="11" who="0" fromWho="0" sc="225,113,255,-41,255,-21,235,-21" /><INIT seed="2,0,0,2,5,3" ten="338,214,234,214" oya="2" hai0="78,10,5,126,8,85,55,47,34,44,56,2,94" hai1="110,66,127,71,0,120,48,35,74,54,39,111,45" hai2="75,123,100,20,106,27,46,132,69,26,19,81,109" hai3="38,122,37,16,89,53,87,93,104,95,59,41,124"/><V82/><F123/><W115/><G104/><T114/><D34/><U25/><E74/><V112/><F112/><W15/><G122/><T13/><D114/><U83/><E120/><V133/><F69/><W49/><G115/><T118/><D126/><U62/><E127/><V31/><F109/><N who="1" m="41481" /><E0/><V90/><F75/><W50/><G124/><T1/><D118/><U135/><E83/><V73/><F73/><W91/><G41/><T117/><D117/><U102/><E102/><V17/><F90/><W18/><G49/><T105/><D105/><U76/><E76/><V52/><F100/><W113/><G113/><T129/><D129/><U121/><E121/><V12/><F106/><W128/><G128/><T103/><D1/><U24/><E135/><N who="2" m="51787" /><F19/><W70/><G70/><T98/><D85/><U97/><E97/><V14/><F14/><W42/><G42/><T51/><REACH who="0" step="1"/><D78/><REACH who="0" ten="328,214,234,214" step="2"/><U57/><E35/><N who="2" m="20983" /><F12/><W130/><G130/><T28/><D28/><U131/><E131/><V125/><F125/><W7/><G15/><T43/><D43/><AGARI ba="0,1" hai="24,25,39,43,45,48,54,57,62,66,71" m="41481" machi="43" ten="30,2000,0" yaku="24,1,14,1" doraHai="3" who="1" fromWho="0" sc="328,-20,214,30,234,0,214,0" /><INIT seed="3,0,0,2,1,0" ten="308,244,234,214" oya="3" hai0="68,61,128,115,21,110,27,33,118,50,86,98,19" hai1="67,37,102,60,92,39,106,14,57,9,43,131,100" hai2="72,101,44,107,38,77,6,62,119,26,74,75,24" hai3="10,55,63,89,30,28,69,71,78,120,1,124,87"/><W95/><G120/><T116/><D110/><U70/><E106/><V111/><F119/><W12/><G1/><T45/><D128/><U32/><E32/><V25/><F111/><W51/><G124/><T117/><D115/><U16/><E131/><V5/><F77/><W35/><G78/><T81/><D98/><U48/><E92/><V73/><N who="2" m="18432" /><DORA hai="99" /><V41/><F107/><W2/><G2/><T58/><D68/><U126/><E126/><V76/><F76/><W49/><G49/><T90/><D33/><U129/><E129/><V64/><REACH who="2" step="1"/><F101/><REACH who="2" ten="308,244,224,214" step="2"/><W56/><G35/><T4/><D118/><U54/><E39/><V82/><F82/><W40/><G71/><AGARI ba="0,1" hai="5,6,24,25,26,38,41,44,62,64,71" m="18432" machi="71" ten="70,8000,1" yaku="1,1,52,2,53,1" doraHai="0,99" doraHaiUra="36,15" who="2" fromWho="3" sc="308,0,244,0,224,90,214,-80" owari="308,10.8,244,-15.6,314,41.4,134,-36.6" /></mjloggm>