<mjloggm ver="2.3"><GO type="225" lobby="0"/><UN n0="%E4%BF%BA%E3%81%A8%E5%A6%96%E5%A4%A2" n1="%E3%80%90%E3%83%88%E3%83%AA%E3%83%A5%E3%83%95%E3%80%91" n2="%E7%89%B9%E6%9D%B1%E3%81%AF%E4%B8%96%E7%95%8C%E3%82%92%E6%95%91%E3%81%86" n3="%72%65%6E%6B%75%6E" dan="16,16,16,17" rate="2106.95,2035.25,2130.69,2266.94" sx="F,M,M,M"/><TAIKYOKU oya="0"/><INIT seed="0,0,0,3,4,129" ten="250,250,250,250" oya="0" hai0="79,130,66,56,33,8,63,118,27,57,14,68,123" hai1="44,75,6,106,104,99,77,55,51,16,17,73,24" hai2="84,134,114,82,36,96,107,109,58,132,50,23,12" hai3="1,46,40,98,93,126,78,52,111,13,62,54,125"/><T19/><D118/><U42/><E6/><V39/><F114/><W86/><G1/><T87/><D130/><U35/><E77/><V97/><F109/><W67/><G111/><T72/><D72/><U108/><E108/><V48/><F23/><W21/><G78/><T64/><D123/><U103/><E106/><V59/><F12/><W113/><G86/><T43/><D43/><U112/><E112/><V7/><F7/><W29/><G113/><T60/><D68/><U5/><E5/><V121/><F84/><W119/><G119/><T100/><D100/><U71/><E71/><V101/><F101/><N who="3" m="60623" /><G40/><T120/><D120/><U28/><REACH who="1" step="1"/><E42/><REACH who="1" ten="250,240,250,250" step="2"/><V49/><F121/><W80/><G125/><T37/><D79/><U53/><E53/><V94/><F107/><W4/><G126/><T30/><REACH who="0" step="1"/><D87/><REACH who="0" ten="240,240,250,250" step="2"/><U70/><E70/><V11/><F97/><W45/><G54/><T32/><D32/><U135/><E135/><V90/><F132/><W9/><G52/><T91/><D91/><U115/><E115/><V34/><F134/><W81/><G45/><T10/><D10/><U95/><E95/><V124/><F124/><W69/><G46/><T133/><D133/><U25/><E25/><V3/><F96/><W76/><G76/><T38/><AGARI ba="0,2" hai="8,14,19,27,30,33,37,38,56,57,60,63,64,66" machi="38" ten="30,6000,0" yaku="1,1,0,1,9,1,53,0" doraHai="129" doraHaiUra="74" who="0" fromWho="0" sc="240,80,240,-20,250,-20,250,-20" /><INIT seed="0,1,0,2,3,116" ten="320,220,230,230" oya="0" hai0="100,83,48,104,98,54,94,51,131,108,87,121,7" hai1="44,27,90,0,14,53,89,78,68,69,84,6,45" hai2="130,31,39,79,43,42,40,112,124,18,120,74,75" hai3="12,30,125,91,4,15,58,25,10,81,101,106,96"/><T122/><D131/><U109/><E109/><V59/><F112/><W37/><G125/><T133/><D108/><U127/><E0/><V111/><F124/><W76/><G37/><T2/><D133/><U62/><E27/><V8/><F111/><W99/><G58/><T21/><D104/><U129/><E129/><V118/><F130/><W49/><G49/><T82/><D51/><U97/><E78/><V50/><F39/><W17/><G99/><T56/><D82/><U9/><E127/><V52/><F118/><W24/><G91/><T110/><D110/><U115/><E69/><V72/><F31/><W28/><G28/><T60/><D60/><U35/><E35/><V23/><F8/><W126/><G30/><T55/><D55/><U33/><E33/><V3/><F3/><W113/><G113/><T57/><D57/><N who="1" m="35119" /><E68/><V70/><F70/><W128/><G128/><T123/><D21/><U5/><E6/><V73/><F120/><W114/><G114/><T22/><D22/><U88/><E115/><V67/><F67/><W46/><G46/><N who="1" m="18026" /><E97/><V20/><REACH who="2" step="1"/><F18/><REACH who="2" ten="320,220,220,230" step="2"/><W135/><G126/><T36/><D36/><U71/><E71/><V13/><F13/><W26/><G135/><T119/><D119/><U102/><E102/><V80/><AGARI ba="1,1" hai="20,23,40,42,43,50,52,59,72,73,74,75,79,80" machi="80" ten="40,5200,0" yaku="1,1,0,1,54,1,53,0" doraHai="116" doraHaiUra="61" who="2" fromWho="2" sc="320,-27,220,-14,220,65,230,-14" /><INIT seed="1,0,0,4,0,63" ten="293,206,285,216" oya="1" hai0="40,70,30,56,89,78,6,91,39,7,11,93,35" hai1="106,133,0,25,49,99,119,62,135,58,29,5,9" hai2="13,97,109,96,98,36,84,77,88,123,47,103,59" hai3="34,82,46,32,101,28,75,118,120,17,110,51,92"/><U19/><E119/><V10/><F123/><W105/><G120/><T26/><D70/><U2/><E49/><V104/><F109/><W42/><G105/><T27/><D78/><U86/><E86/><V122/><F122/><W115/><G115/><T37/><D40/><U87/><E87/><V14/><F77/><W52/><G110/><T22/><D56/><U83/><E83/><V80/><F13/><W24/><G118/><T61/><D61/><U3/><E19/><V125/><F125/><W81/><G34/><T100/><D100/><U94/><E106/><V111/><F111/><W90/><G101/><T107/><D107/><U73/><E73/><V20/><F20/><W128/><G128/><T66/><D66/><U79/><E79/><V124/><F124/><W130/><G130/><T64/><D64/><U12/><E25/><V76/><F59/><W53/><G17/><T18/><D6/><U95/><E29/><V23/><F23/><W21/><G32/><T67/><D67/><N who="1" m="39383" /><E99/><V8/><F76/><W31/><G31/><T72/><D72/><U65/><E65/><V44/><F8/><W41/><G75/><T114/><D114/><U127/><E127/><V116/><F116/><W134/><G134/><AGARI ba="0,0" hai="0,2,3,5,9,12,94,95,133,134,135" m="39383" machi="134" ten="40,3900,0" yaku="20,1,52,1" doraHai="63" who="1" fromWho="3" sc="293,0,206,39,285,0,216,-39" /><INIT seed="1,1,0,1,0,90" ten="293,245,285,177" oya="1" hai0="50,58,123,78,97,96,67,106,134,29,20,128,31" hai1="44,114,93,118,100,113,103,119,24,35,120,41,17" hai2="75,23,62,9,1,45,6,84,89,87,55,15,0" hai3="36,32,27,104,86,98,83,11,135,111,88,94,33"/><U68/><E68/><V13/><F75/><W46/><G111/><T18/><D134/><U10/><E120/><V107/><F107/><W63/><G135/><T12/><D123/><U102/><E35/><V54/><F87/><W77/><G27/><T64/><D128/><U101/><E24/><V108/><F108/><W71/><G104/><T57/><D78/><U122/><E122/><V59/><F45/><W131/><G131/><T121/><D121/><U60/><E60/><V105/><F105/><W70/><G11/><T14/><D106/><U19/><E10/><V21/><F55/><W4/><G4/><T127/><D127/><U73/><E73/><V39/><F39/><W85/><G98/><N who="0" m="37995" /><D12/><U110/><E110/><V56/><F56/><N who="0" m="21610" /><D50/><U30/><E30/><AGARI ba="1,0" hai="14,18,20,29,30,31,64,67" m="21610,37995" machi="30" ten="30,1000,0" yaku="8,1" doraHai="90" who="0" fromWho="1" sc="293,13,245,-13,285,0,177,0" /><INIT seed="2,0,0,0,2,12" ten="306,232,285,177" oya="2" hai0="133,89,94,56,2,34,119,71,48,116,123,32,46" hai1="65,51,3,84,79,104,25,19,97,5,23,11,92" hai2="27,88,135,37,93,58,63,66,17,99,132,87,30" hai3="57,74,126,101,31,131,117,42,54,105,10,64,80"/><V95/><F37/><W118/><G31/><T75/><D123/><U124/><E104/><V130/><F130/><W41/><G64/><T86/><D71/><U96/><E65/><V121/><F121/><W107/><G131/><T67/><D2/><U78/><E124/><V7/><F7/><W98/><G126/><T82/><D133/><U15/><E51/><V55/><F55/><W81/><G10/><T109/><D109/><U9/><E84/><V108/><F108/><W38/><G107/><T134/><D134/><U128/><E97/><V24/><F24/><W77/><G81/><T1/><D1/><U68/><E68/><V76/><F17/><W33/><G33/><T127/><D127/><U50/><E50/><V106/><F106/><W45/><REACH who="3" step="1"/><G42/><REACH who="3" ten="306,232,285,167" step="2"/><T103/><D32/><U102/><E128/><V60/><F135/><W72/><G72/><T14/><D34/><U85/><REACH who="1" step="1"/><E85/><REACH who="1" ten="306,222,285,167" step="2"/><V110/><F132/><W8/><G8/><T70/><D86/><U129/><E129/><V43/><F110/><W22/><G22/><T39/><D67/><U114/><E114/><V6/><F66/><W122/><G122/><T26/><D70/><U20/><E20/><V100/><F87/><W40/><G40/><T28/><D75/><U111/><E111/><V115/><F43/><W53/><G53/><T125/><D125/><U21/><E21/><V16/><F115/><W36/><G36/><T35/><D39/><U59/><E59/><V120/><F58/><W61/><AGARI ba="0,2" hai="38,41,45,54,57,61,74,77,80,98,101,105,117,118" machi="61" ten="20,8000,1" yaku="1,1,0,1,7,1,53,2" doraHai="12" doraHaiUra="113" who="3" fromWho="3" sc="306,-20,222,-20,285,-40,167,100" /><INIT seed="3,0,0,0,4,37" ten="286,202,245,267" oya="3" hai0="14,111,42,72,0,108,104,125,103,80,24,133,52" hai1="95,91,21,87,40,69,90,79,132,121,97,5,58" hai2="89,106,53,78,70,84,73,131,50,35,54,3,64" hai3="92,6,123,2,116,107,126,25,110,74,60,124,22"/><W68/><G107/><T47/><D0/><U7/><E121/><V19/><F106/><W82/><G123/><T18/><D133/><U48/><E69/><V9/><F35/><W13/><G116/><T46/><D125/><N who="3" m="48233" /><G110/><N who="0" m="42027" /><D24/><U65/><E132/><V12/><F131/><W67/><G2/><T128/><D128/><U85/><E21/><V94/><F3/><W36/><G36/><N who="0" m="21831" /><D47/><N who="1" m="25703" /><E65/><V135/><F135/><W61/><G61/><T119/><D52/><U59/><E5/><V117/><F117/><W16/><G6/><T4/><D4/><U109/><E109/><V62/><F50/><W49/><G49/><T23/><D119/><U115/><E7/><V96/><F73/><W20/><G25/><T31/><D31/><U29/><E29/><V114/><F54/><W88/><G74/><T30/><D30/><U17/><E17/><V41/><F53/><W55/><G55/><T34/><D34/><U26/><E26/><V105/><F62/><W8/><G82/><T43/><D43/><U10/><E10/><V28/><F41/><W51/><G51/><T39/><D39/><U77/><E115/><V81/><F9/><W83/><G83/><T1/><D1/><U38/><E38/><V113/><F81/><W112/><G112/><T127/><D127/><U101/><E58/><V76/><F113/><W129/><G129/><T134/><D134/><U32/><E59/><V75/><F114/><W11/><G11/><T15/><D15/><U102/><E32/><V56/><F12/><W122/><G13/><T71/><D71/><U57/><E57/><V33/><F70/><RYUUKYOKU ba="0,0" sc="286,0,202,0,245,0,267,0" /><INIT seed="4,1,0,1,1,83" ten="286,202,245,267" oya="0" hai0="111,88,103,117,14,120,21,58,13,108,69,102,12" hai1="109,54,1,106,134,0,98,96,41,44,16,57,133" hai2="55,126,104,18,49,29,5,95,101,15,123,119,86" hai3="100,2,78,93,30,90,64,129,116,125,89,121,81"/><T99/><D117/><U80/><E109/><N who="0" m="42057" /><D69/><U47/><E106/><V66/><F123/><W71/><G2/><N who="1" m="1130" /><E80/><V92/><F5/><W3/><G3/><T67/><D120/><U128/><E41/><V25/><F66/><W65/><G30/><T122/><D122/><U105/><E105/><V7/><F7/><W130/><G121/><T61/><D21/><U38/><E38/><V85/><F104/><W118/><G100/><T45/><D45/><N who="1" m="17483" /><E16/><V31/><F119/><W74/><G90/><T24/><D24/><U112/><E112/><V62/><F25/><W72/><G72/><T8/><D8/><U11/><E11/><N who="2" m="6527" /><F101/><W37/><G37/><T20/><D20/><U4/><E4/><V43/><F43/><W19/><G19/><T127/><D127/><U6/><E6/><V52/><F126/><W10/><G125/><T50/><D50/><U26/><E26/><V77/><F31/><W59/><G10/><T60/><D60/><U110/><E110/><V115/><F29/><W32/><G71/><T82/><D82/><U51/><E128/><N who="3" m="49258" /><G59/><T53/><D67/><N who="3" m="25673" /><G32/><T63/><D63/><U131/><E131/><V28/><F28/><W27/><G27/><T36/><D36/><U23/><E23/><V113/><F115/><W76/><G76/><T84/><D103/><U94/><E94/><N who="2" m="35883" /><F77/><W132/><G118/><T87/><D88/><U34/><E34/><V114/><F114/><W33/><G116/><T68/><D68/><U35/><E35/><V70/><F70/><W91/><G33/><T56/><D56/><U124/><E124/><V48/><F113/><RYUUKYOKU ba="1,0" sc="286,15,202,15,245,-15,267,-15" hai0="12,13,14,53,58,61,84,87,99,102" hai1="51,54,57,96,98,133,134" owari="301,40.1,217,-28.3,230,-17.0,252,5.2" /></mjloggm>