<mjloggm ver="2.3"><GO type="225" lobby="0"/><UN n0="%E8%91%89%E5%B1%B1%E9%99%BD%E5%92%8C" n1="%E7%89%B9%E6%9D%B1%E3%81%AF%E4%B8%96%E7%95%8C%E3%82%92%E6%95%91%E3%81%86" n2="%E3%81%BE%E3%81%A8%E3%81%9F" n3="%E8%A8%88%E7%AE%97%E6%A9%9F%E8%87%AA%E7%84%B6" dan="16,16,16,17" rate="2105.62,2181.49,2158.76,2217.88" sx="M,M,M,M"/><TAIKYOKU oya="0"/><INIT seed="0,0,0,3,3,121" ten="250,250,250,250" oya="0" hai0="26,56,79,80,57,127,124,34,29,13,71,37,95" hai1="70,23,86,73,97,85,101,82,91,8,100,87,81" hai2="118,113,107,122,78,11,54,126,40,27,31,110,10" hai3="65,106,88,128,6,62,109,90,18,58,46,42,119"/><T49/><D37/><U72/><E70/><V134/><F107/><W120/><G119/><T0/><D0/><U43/><E43/><V25/><F78/><W94/><G106/><T102/><D71/><U92/><E23/><V9/><F54/><W116/><G116/><T12/><D102/><N who="1" m="39531" /><E8/><V132/><F40/><W5/><G120/><T98/><D98/><U114/><E114/><V33/><F122/><W99/><G128/><T131/><D95/><U55/><E55/><V69/><F69/><W50/><G109/><T76/><D131/><U28/><E28/><N who="2" m="19599" /><F118/><W130/><G130/><T129/><D129/><U32/><E32/><N who="2" m="20607" /><F126/><N who="0" m="48170" /><D79/><N who="1" m="44271" /><E72/><V36/><F36/><W51/><G51/><T24/><D24/><U104/><E104/><V39/><F39/><W41/><G50/><T2/><D2/><U21/><E21/><V1/><F113/><W111/><G62/><T75/><D49/><U103/><AGARI ba="0,0" hai="82,85,86,87,91,92,97,103" m="44271,39531" machi="103" ten="30,8000,1" yaku="35,5" doraHai="121" who="1" fromWho="1" sc="250,-40,250,80,250,-20,250,-20" /><INIT seed="1,0,0,0,4,85" ten="210,330,230,230" oya="1" hai0="115,24,16,73,9,110,113,44,90,119,32,94,76" hai1="116,126,123,88,68,105,135,82,121,112,78,93,23" hai2="48,125,102,84,55,21,17,2,11,15,45,75,101" hai3="49,99,131,86,71,50,65,91,80,35,117,18,122"/><U81/><E68/><V53/><F75/><W97/><G122/><T118/><D110/><U114/><E105/><V37/><F125/><W134/><G35/><T103/><D103/><U43/><E43/><V61/><F37/><W87/><G131/><T120/><D120/><N who="1" m="46155" /><E23/><V8/><F2/><W128/><G128/><T100/><D100/><N who="2" m="38506" /><F84/><W64/><G134/><T74/><D44/><U42/><E42/><V14/><F14/><W58/><G71/><T92/><D32/><U133/><E126/><V129/><F129/><W6/><G6/><T77/><D24/><U26/><E26/><V7/><F7/><W13/><G117/><T40/><D40/><U36/><E36/><V20/><F20/><N who="3" m="11343" /><G86/><T28/><D9/><U3/><E3/><V5/><F5/><W54/><G49/><T22/><D22/><U95/><E116/><V104/><F104/><W51/><G50/><T19/><REACH who="0" step="1"/><D90/><REACH who="0" ten="200,330,230,230" step="2"/><U10/><E10/><V46/><F45/><W62/><G51/><T132/><D132/><U41/><E133/><V1/><F1/><W0/><G0/><T56/><D56/><AGARI ba="0,1" hai="8,11,15,17,21,46,48,53,55,56,61" m="38506" machi="56" ten="30,1000,0" yaku="8,1" doraHai="85" who="2" fromWho="0" sc="200,-10,330,0,230,20,230,0" /><INIT seed="2,0,0,1,3,47" ten="190,330,250,230" oya="2" hai0="66,8,42,90,24,107,21,98,20,78,105,121,10" hai1="117,58,127,108,29,15,65,99,116,63,12,119,36" hai2="112,16,82,51,26,62,28,126,89,95,81,1,87" hai3="14,109,91,61,5,56,39,100,54,6,97,77,53"/><V125/><F112/><W34/><G39/><T86/><D121/><U133/><E36/><V27/><F1/><W110/><G34/><T92/><D66/><U35/><E108/><N who="3" m="41578" /><G77/><T31/><D105/><U115/><E115/><V135/><F135/><W71/><G71/><T7/><D42/><U131/><E133/><V122/><F122/><W0/><G0/><T46/><D46/><U134/><E134/><V40/><F62/><W32/><G32/><T111/><D111/><U17/><E131/><V102/><F28/><W94/><G14/><T67/><D67/><U123/><E123/><V80/><F102/><W33/><G33/><T2/><D10/><U128/><E128/><V22/><F27/><W3/><G3/><T13/><D2/><U72/><E72/><V57/><REACH who="2" step="1"/><F40/><REACH who="2" ten="190,330,240,230" step="2"/><W74/><G100/><T30/><D31/><U75/><E29/><V85/><F85/><W130/><G130/><T37/><D30/><U48/><E63/><V106/><F106/><W18/><G74/><T59/><D107/><U64/><E75/><V93/><F93/><W118/><G94/><T49/><D24/><U113/><E35/><V41/><F41/><W129/><G129/><T69/><D69/><U4/><E113/><V68/><F68/><W60/><G60/><T101/><D101/><U84/><E84/><V79/><F79/><W83/><G61/><T120/><D120/><U9/><E119/><V44/><F44/><W114/><G118/><T103/><D78/><U88/><E117/><V104/><F104/><W11/><G114/><T50/><D86/><U132/><E116/><RYUUKYOKU ba="0,1" sc="190,-10,330,-10,240,30,230,-10" hai2="16,22,26,51,57,80,81,82,87,89,95,125,126" /><INIT seed="2,1,1,0,1,108" ten="180,320,270,220" oya="2" hai0="37,78,4,52,28,90,103,92,16,57,17,58,86" hai1="44,109,35,23,55,46,80,18,87,101,91,68,122" hai2="13,81,14,117,53,134,51,7,67,24,111,76,42" hai3="21,118,25,112,2,84,54,12,49,96,0,83,104"/><V43/><F117/><W72/><G118/><T124/><D124/><U6/><E35/><V65/><F111/><W119/><G72/><T1/><D37/><U75/><E109/><V71/><F24/><W61/><G61/><N who="0" m="36007" /><D1/><U63/><E122/><V129/><F129/><W48/><G48/><T130/><D130/><U73/><E6/><V77/><F71/><W36/><G36/><T82/><D4/><U133/><E101/><V132/><F7/><W113/><G119/><T30/><D58/><U66/><E133/><V62/><F81/><W56/><G12/><T19/><D103/><U33/><E33/><V127/><F51/><W126/><G126/><T59/><D59/><U107/><E107/><V100/><F100/><W60/><G49/><T40/><D40/><U29/><E29/><V39/><F39/><W70/><G70/><T41/><D41/><U50/><E46/><V115/><F127/><W125/><G125/><T11/><D11/><U110/><E110/><V34/><F34/><W32/><G32/><T88/><D78/><U89/><E89/><V27/><F62/><W114/><G104/><T3/><D3/><U79/><E79/><V9/><F9/><W31/><G96/><AGARI ba="1,1" hai="16,17,19,28,30,82,86,88,90,92,96" m="36007" machi="96" ten="30,7700,0" yaku="8,1,54,3" doraHai="108" who="0" fromWho="3" sc="180,90,320,0,270,0,220,-80" /><INIT seed="3,0,0,1,4,40" ten="270,320,270,140" oya="3" hai0="81,45,16,98,95,9,39,112,29,46,100,42,37" hai1="107,55,12,74,44,132,51,105,19,130,38,102,5" hai2="10,52,3,31,57,76,77,48,73,33,1,115,110" hai3="122,34,63,96,126,72,71,117,22,32,8,6,54"/><W121/><G117/><T86/><D29/><U75/><E5/><V11/><F115/><W82/><G126/><T111/><D111/><U131/><E38/><V127/><F110/><W56/><G71/><T4/><D112/><U88/><E88/><V64/><F127/><W97/><G22/><T99/><D98/><N who="1" m="61655" /><E107/><V80/><F76/><W23/><G96/><T109/><D109/><U125/><E132/><V84/><F73/><W101/><G23/><T13/><D4/><U128/><E125/><V135/><F135/><W70/><G70/><T27/><D27/><U58/><E58/><V124/><F124/><W92/><G72/><T24/><D24/><U60/><E60/><V93/><F33/><W15/><REACH who="3" step="1"/><G82/><REACH who="3" ten="270,320,270,130" step="2"/><T89/><D81/><U67/><E67/><V79/><F64/><W36/><G36/><T0/><D39/><U50/><E50/><V129/><F48/><W25/><G25/><T68/><D68/><U28/><E28/><V47/><F31/><W87/><G87/><T2/><D86/><U90/><E90/><V49/><F84/><W119/><G119/><T35/><D89/><U133/><E133/><V106/><F80/><W85/><G85/><T116/><D116/><U43/><E43/><V17/><F49/><W114/><G114/><T20/><D20/><AGARI ba="0,1" hai="12,19,20,44,51,55,74,75,128,130,131" m="61655" machi="20" ten="30,2000,0" yaku="19,1,52,1" doraHai="40" who="1" fromWho="0" sc="270,-20,320,30,270,0,130,0" owari="250,-15.0,350,45.0,270,7.0,130,-37.0" /></mjloggm>