<mjloggm ver="2.3"><GO type="225" lobby="0"/><UN n0="%E3%81%9F%E3%81%93%E2%98%86%E7%84%BC%E3%81%8D" n1="%E3%81%AF%E3%82%88%E3%81%8A%E3%81%98%E3%81%95%E3%82%93" n2="%6D%75%75%6D%75%72%61" n3="%E6%98%93%E5%88%A9%E8%96%A9%E4%BC%AF" dan="16,16,16,16" rate="2069.53,2094.97,2159.60,2109.59" sx="M,M,F,F"/><TAIKYOKU oya="0"/><INIT seed="0,0,0,3,1,109" ten="250,250,250,250" oya="0" hai0="133,28,19,75,53,18,114,80,52,12,82,32,13" hai1="41,104,17,120,8,34,84,89,4,23,125,5,113" hai2="45,87,7,98,35,31,65,40,69,24,102,127,21" hai3="131,10,123,55,27,14,59,96,3,106,25,56,124"/><T76/><D133/><U1/><E120/><V6/><F127/><W128/><G3/><T83/><D28/><U115/><E125/><V77/><F77/><W117/><G123/><T91/><D32/><U107/><E34/><V67/><F87/><W94/><G106/><T99/><D76/><U54/><E5/><V58/><F69/><W72/><G72/><T48/><D75/><U64/><E41/><V132/><F35/><W78/><G59/><T97/><D91/><U79/><E64/><V15/><F15/><N who="0" m="5706" /><D114/><N who="1" m="43531" /><E79/><V42/><F42/><W47/><G47/><N who="0" m="27679" /><D53/><U30/><E30/><V57/><F132/><W111/><G117/><T63/><D63/><U101/><E101/><V103/><F103/><W46/><G46/><T50/><D50/><U85/><E54/><V29/><F29/><W108/><G124/><T74/><D74/><U43/><E43/><V66/><F58/><W130/><G78/><T61/><D61/><U110/><E110/><V9/><F57/><W92/><G108/><T121/><D121/><U68/><E68/><V134/><F134/><W37/><G111/><T16/><AGARI ba="0,0" hai="16,18,19,80,82,83,97,99" m="27679,5706" machi="16" ten="40,7800,0" yaku="8,1,54,2" doraHai="109" who="0" fromWho="0" sc="250,78,250,-26,250,-26,250,-26" /><INIT seed="0,1,0,3,1,20" ten="328,224,224,224" oya="0" hai0="21,39,26,110,96,17,93,101,13,128,15,104,131" hai1="42,52,24,106,135,10,62,9,40,60,127,115,118" hai2="67,112,94,117,28,3,6,4,32,18,65,45,51" hai3="82,114,105,78,55,1,25,2,68,36,44,73,54"/><T70/><D39/><U53/><E106/><V47/><F112/><W22/><G68/><T59/><D70/><U72/><E72/><V7/><F3/><W48/><G105/><T63/><D104/><U86/><E118/><V12/><F117/><W27/><G114/><T97/><D96/><U90/><E115/><V123/><F123/><W31/><G36/><T74/><D110/><U133/><E86/><V5/><N who="2" m="1024" /><DORA hai="75" /><V125/><F125/><W109/><G109/><T102/><D74/><U95/><E95/><V50/><F94/><W87/><G73/><T19/><D102/><U14/><E90/><V56/><F28/><W35/><G55/><T57/><D57/><U103/><E14/><V29/><F29/><AGARI ba="1,0" hai="1,2,22,25,27,29,31,35,44,48,54,78,82,87" machi="29" ten="30,7700,0" yaku="7,1,52,3" doraHai="20,75" who="3" fromWho="2" sc="328,0,224,0,224,-80,224,80" /><INIT seed="1,0,0,0,5,127" ten="328,224,144,304" oya="1" hai0="110,65,24,120,3,131,124,119,31,98,109,0,74" hai1="28,43,44,2,56,6,135,45,13,71,64,114,52" hai2="103,35,23,62,104,115,106,94,39,81,78,70,15" hai3="72,107,59,97,100,57,75,80,134,16,122,61,14"/><U111/><E114/><V91/><F35/><W30/><G122/><T77/><D65/><U118/><E118/><V63/><F39/><W112/><G112/><T117/><D98/><U21/><E2/><N who="0" m="553" /><D77/><U46/><E135/><V9/><F115/><W25/><G134/><T12/><D12/><U37/><E111/><N who="0" m="42505" /><D74/><U113/><E113/><V10/><F23/><W126/><G80/><T87/><D87/><U40/><E71/><V19/><F70/><W26/><G59/><T95/><D95/><U34/><E64/><V130/><F9/><W47/><G47/><T68/><D124/><U42/><E37/><V93/><F93/><W102/><G102/><T89/><D89/><U123/><E123/><V66/><F103/><W108/><G126/><T96/><D96/><U90/><E90/><V41/><F104/><W82/><G82/><T67/><D120/><U129/><E34/><V4/><F106/><W92/><G107/><T48/><D48/><U11/><E28/><V50/><F4/><W54/><G108/><T20/><D67/><U18/><E21/><V55/><F66/><W86/><G86/><T133/><D68/><U33/><E33/><V99/><F41/><W116/><G116/><N who="0" m="44619" /><D133/><U88/><E88/><V76/><F76/><W53/><G100/><T29/><D29/><U22/><E6/><V121/><F121/><W84/><G30/><T125/><D125/><U38/><E38/><V27/><F78/><W85/><G97/><T128/><AGARI ba="0,0" hai="20,24,31,128,131" m="44619,42505,553" machi="128" ten="40,8000,1" yaku="14,1,34,2,52,2" doraHai="127" who="0" fromWho="0" sc="328,80,224,-40,144,-20,304,-20" /><INIT seed="2,0,0,0,3,62" ten="408,184,124,284" oya="2" hai0="117,134,27,43,83,78,126,71,9,70,131,19,92" hai1="133,25,31,94,75,41,23,88,16,108,36,42,45" hai2="13,53,99,69,111,103,135,66,72,11,125,33,104" hai3="38,74,18,29,121,129,37,8,101,80,76,58,15"/><V12/><F33/><W54/><G121/><T91/><D43/><U1/><E108/><V95/><F135/><W130/><G101/><T86/><D131/><N who="3" m="50185" /><G29/><T112/><D126/><U22/><E133/><V17/><F125/><W0/><G0/><T89/><D112/><U47/><E75/><V100/><F72/><W50/><AGARI ba="0,0" hai="8,15,18,37,38,50,54,58,74,76,80" m="50185" machi="50" ten="30,1100,0" yaku="19,1" doraHai="62" who="3" fromWho="3" sc="408,-3,184,-3,124,-5,284,11" /><INIT seed="3,0,0,5,3,4" ten="405,181,119,295" oya="3" hai0="28,19,15,116,125,77,25,115,68,53,91,113,37" hai1="131,112,105,74,16,122,90,109,79,121,134,83,45" hai2="30,11,0,3,132,107,38,66,92,59,61,20,21" hai3="13,101,49,70,126,103,22,81,104,8,1,36,43"/><W73/><G70/><T75/><D37/><U24/><E112/><V10/><F107/><W84/><G36/><T69/><D116/><U40/><E105/><V44/><F0/><W41/><G73/><T82/><D125/><U88/><E109/><V114/><F114/><N who="0" m="43530" /><D91/><U129/><E134/><V93/><F3/><W35/><G35/><N who="0" m="20879" /><D53/><U89/><E24/><V80/><F132/><W5/><G126/><T14/><D14/><U46/><E16/><V128/><F128/><N who="1" m="49225" /><E45/><V110/><F110/><W7/><G104/><T111/><D111/><U62/><E62/><V47/><F80/><W29/><G29/><T64/><D64/><U85/><E74/><V123/><F123/><W27/><G27/><T56/><D56/><U120/><E89/><V71/><F71/><W124/><G124/><T130/><D130/><U97/><E97/><V2/><F2/><W119/><G22/><AGARI ba="0,0" hai="15,19,22,68,69,75,77,82" m="20879,43530" machi="22" ten="30,1000,0" yaku="11,1" doraHai="4" who="0" fromWho="3" sc="405,10,181,0,119,0,295,-10" owari="415,51.5,181,-21.9,119,-38.1,285,8.5" /></mjloggm>