<mjloggm ver="2.3"><GO type="225" lobby="0"/><UN n0="%E3%81%BF%E3%81%BF%E3%81%9A" n1="%E6%9D%B1%E9%A2%A8%E3%81%AE%E3%81%8D%E3%82%83%E3%81%B7%E3%81%95%E3%82%93" n2="%E3%81%8C%E3%81%9F" n3="%E7%B4%94%E6%BD%94%E3%83%94%E3%83%A9%E3%83%8B%E3%82%A2" dan="17,17,16,17" rate="2273.97,2238.11,2109.82,2222.33" sx="M,M,M,M"/><TAIKYOKU oya="0"/><INIT seed="0,0,0,5,0,77" ten="250,250,250,250" oya="0" hai0="17,3,115,83,68,5,135,85,8,65,117,58,52" hai1="119,38,11,54,42,89,55,134,51,43,132,79,70" hai2="29,126,33,121,16,53,92,0,62,100,71,130,84" hai3="76,13,69,66,112,107,1,12,15,25,10,128,47"/><T19/><D115/><U94/><E79/><V67/><F121/><W110/><G107/><T111/><D117/><U48/><E70/><V46/><F0/><W106/><G106/><T7/><D135/><N who="1" m="51755" /><E11/><V59/><F130/><W87/><G110/><T109/><D7/><U22/><E22/><V75/><F75/><W101/><G101/><T18/><D65/><U125/><E125/><V88/><F126/><W96/><G96/><T73/><D68/><U72/><E72/><V36/><F100/><W30/><G47/><T124/><D73/><U123/><E123/><V35/><F29/><W21/><G66/><T64/><D64/><U118/><E89/><V102/><F102/><W90/><G69/><T37/><D37/><U91/><E94/><V20/><F46/><W14/><G76/><T104/><D104/><U114/><E91/><V113/><F36/><W80/><G128/><T127/><D124/><U49/><E114/><V63/><REACH who="2" step="1"/><F113/><REACH who="2" ten="250,250,240,250" step="2"/><W26/><G112/><T56/><D127/><U93/><E93/><V57/><F57/><W61/><G1/><T24/><D58/><U103/><E103/><V131/><F131/><W95/><G10/><T9/><D8/><U105/><E105/><V6/><F6/><W108/><G108/><N who="0" m="41547" /><D56/><U50/><N who="1" m="12288" /><DORA hai="133" /><U60/><E38/><V116/><F116/><N who="1" m="44585" /><E60/><V2/><F2/><W31/><G61/><T4/><D5/><U98/><E98/><V41/><F41/><AGARI ba="0,1" hai="41,42,43,54,55" m="44585,12288,51755" machi="41" ten="50,8000,1" yaku="28,2,20,1,34,2" doraHai="77,133" who="1" fromWho="2" sc="250,0,250,90,240,-80,250,0" /><INIT seed="1,0,0,0,3,50" ten="250,340,160,250" oya="1" hai0="58,109,73,3,54,135,93,118,87,18,128,69,59" hai1="125,74,119,75,53,29,97,1,14,83,90,5,132" hai2="23,43,67,61,126,95,51,91,41,37,96,66,127" hai3="123,94,63,60,116,44,120,102,79,122,36,114,82"/><U42/><E1/><V62/><F37/><W32/><G32/><T70/><D73/><U130/><E42/><V57/><F23/><W9/><G114/><T112/><D112/><U121/><E29/><V31/><F31/><W27/><G116/><T2/><D118/><U0/><E0/><V111/><F111/><W76/><G27/><T38/><D38/><U17/><E5/><V49/><F49/><W107/><G107/><T86/><D109/><U71/><E71/><V24/><F24/><W64/><G9/><T81/><D128/><U21/><E119/><V108/><F108/><W28/><G28/><T133/><D18/><U78/><E121/><V11/><F11/><W131/><G131/><T22/><D22/><U56/><E130/><V88/><F91/><W100/><G94/><T98/><D98/><U77/><E132/><V52/><F126/><W105/><G105/><T16/><D93/><U35/><E35/><V15/><F15/><W25/><G25/><T39/><D39/><U101/><E125/><V40/><F127/><W4/><G4/><T85/><D85/><N who="1" m="50495" /><E74/><V115/><F115/><W129/><G129/><T19/><D81/><U104/><E75/><V103/><F103/><W46/><G82/><T47/><D47/><U84/><E84/><V113/><F113/><W134/><G36/><T92/><D92/><U55/><E56/><V124/><F124/><W99/><G120/><T80/><D80/><U72/><E72/><V13/><F13/><W65/><REACH who="3" step="1"/><G99/><REACH who="3" ten="250,340,160,240" step="2"/><T68/><D68/><U10/><E10/><V117/><F117/><W34/><G34/><RYUUKYOKU ba="0,1" sc="250,0,340,0,160,0,240,0" hai0="2,3,16,19,54,58,59,69,70,86,87,133,135" hai1="14,17,21,53,55,77,78,97,101,104" hai2="40,41,43,51,52,57,61,62,66,67,88,95,96" hai3="44,46,60,63,64,65,76,79,100,102,122,123,134" /><INIT seed="1,1,1,1,3,2" ten="250,340,160,240" oya="1" hai0="58,104,124,45,34,26,123,14,130,59,47,28,135" hai1="86,35,95,11,48,110,57,85,65,109,41,93,50" hai2="78,125,15,96,72,62,39,4,22,61,68,18,64" hai3="70,114,90,56,79,132,44,116,37,10,46,127,13"/><U94/><E35/><V23/><F39/><W36/><G70/><T7/><D104/><U99/><E99/><V66/><F125/><W115/><G127/><T49/><D124/><U82/><E11/><V30/><F96/><W73/><G116/><T16/><D130/><U80/><E41/><V54/><F54/><W21/><G132/><T63/><D135/><U6/><E6/><V24/><F78/><W42/><G21/><T67/><D123/><U105/><E105/><V88/><F72/><W75/><G90/><T134/><D7/><U20/><E20/><V69/><F88/><W102/><G102/><T107/><D107/><U12/><E12/><V91/><F91/><W120/><G56/><T1/><D1/><U106/><E106/><V131/><F131/><W81/><G120/><T100/><D100/><U43/><E65/><V52/><F52/><W117/><G73/><T83/><D83/><N who="1" m="31787" /><E57/><V118/><F118/><W31/><G31/><T122/><D122/><U119/><E43/><V126/><F126/><W77/><G77/><T133/><D134/><U38/><E38/><V9/><REACH who="2" step="1"/><F22/><REACH who="2" ten="250,340,150,240" step="2"/><W84/><G117/><T97/><D97/><U108/><E119/><V29/><AGARI ba="1,2" hai="4,9,15,18,23,24,29,30,61,62,64,66,68,69" machi="29" ten="30,8000,1" yaku="1,1,2,1,0,1,9,1,52,1,53,0" doraHai="2" doraHaiUra="74" who="2" fromWho="2" sc="250,-21,340,-41,150,103,240,-21" /><INIT seed="2,0,0,1,0,13" ten="229,299,253,219" oya="2" hai0="77,57,129,132,69,36,96,11,74,73,1,67,70" hai1="114,86,24,22,19,12,123,31,126,8,120,80,18" hai2="121,100,122,95,66,106,35,112,59,5,34,2,54" hai3="56,29,61,40,135,109,83,27,58,33,20,4,37"/><V38/><F112/><W42/><G109/><T60/><D129/><U21/><E114/><V46/><F106/><W23/><G135/><T101/><D132/><U68/><E68/><V14/><F2/><W91/><G4/><T41/><D57/><U9/><E126/><V124/><F124/><W55/><G37/><T88/><D88/><N who="1" m="51271" /><E31/><V89/><F100/><W49/><G33/><T51/><D51/><U111/><E111/><V81/><F81/><W105/><G105/><N who="0" m="63655" /><D77/><U7/><E7/><V82/><F82/><W28/><G83/><T127/><D70/><U25/><E25/><V93/><F66/><W50/><G91/><T47/><D47/><U16/><E18/><V134/><F134/><W75/><G75/><T87/><D87/><U43/><E43/><V102/><F102/><W84/><G84/><T117/><D117/><U79/><E79/><V64/><F64/><W45/><G23/><T62/><D62/><U92/><E92/><V128/><F128/><W71/><G71/><T10/><D127/><U107/><E107/><V116/><F116/><W125/><G125/><T103/><D103/><U115/><E115/><V104/><F104/><W48/><G48/><T30/><D30/><U110/><E110/><V98/><F93/><W90/><G90/><T44/><D10/><U32/><E32/><N who="2" m="12331" /><F38/><W85/><G85/><T72/><D11/><U63/><E63/><N who="2" m="36343" /><F46/><N who="3" m="25799" /><G56/><T52/><D1/><U119/><E119/><V118/><F118/><W65/><G65/><T133/><D133/><U6/><E6/><V99/><F99/><W131/><G131/><T78/><D78/><RYUUKYOKU ba="0,0" sc="229,0,299,0,253,0,219,0" hai0="36,41,44,52,60,67,69,72,73,74" hai1="8,9,12,16,19,21,22,24,120,123" hai2="5,14,89,95,98,121,122" hai3="20,27,28,29,42,45,50,55,58,61" /><INIT seed="2,1,0,4,5,2" ten="229,299,253,219" oya="2" hai0="53,130,109,111,7,8,100,33,83,64,45,122,0" hai1="76,84,123,93,3,30,82,48,80,50,101,99,24" hai2="39,14,105,103,4,86,134,107,132,81,129,112,11" hai3="19,125,121,87,10,26,32,131,118,65,85,12,15"/><V97/><F112/><W106/><G106/><T63/><D122/><U58/><E3/><V127/><F39/><W22/><G118/><T102/><D33/><U43/><E123/><V79/><F129/><W37/><G37/><T120/><D120/><U70/><E70/><V108/><F127/><W92/><G121/><T95/><D83/><U116/><E116/><V90/><F107/><W73/><G73/><T38/><D130/><U54/><E82/><V69/><F69/><W9/><G125/><T51/><D38/><U124/><E124/><V133/><REACH who="2" step="1"/><F108/><REACH who="2" ten="229,299,243,219" step="2"/><N who="0" m="41546" /><D95/><U27/><E30/><V98/><F98/><W94/><G131/><T52/><D53/><N who="1" m="32039" /><E43/><V68/><F68/><AGARI ba="1,1" hai="0,7,8,45,51,52,63,64,68,100,102" m="41546" machi="68" ten="30,3900,0" yaku="14,1,52,1,54,1" doraHai="2" who="0" fromWho="2" sc="229,52,299,0,243,-42,219,0" /><INIT seed="3,0,0,3,2,37" ten="281,299,201,219" oya="3" hai0="132,46,7,79,26,128,131,65,134,14,5,10,78" hai1="61,108,51,52,44,67,135,81,115,91,83,23,103" hai2="24,48,96,74,92,125,50,11,62,0,68,106,8" hai3="17,39,95,99,124,35,82,34,4,126,15,42,36"/><W109/><G4/><T27/><D65/><U89/><E115/><V58/><F74/><W123/><G82/><T9/><D46/><U129/><E103/><V19/><F106/><W119/><G119/><T90/><D90/><U84/><E108/><V85/><F125/><N who="3" m="48235" /><G123/><T77/><D77/><U63/><E129/><N who="0" m="49737" /><D79/><U110/><E135/><N who="0" m="51753" /><D78/><U41/><E110/><V76/><F68/><W87/><G87/><T94/><D94/><U86/><E23/><N who="2" m="13439" /><F0/><AGARI ba="0,0" hai="0,5,7,9,10,14,26,27" m="51753,49737" machi="0" ten="30,7700,0" yaku="19,1,20,1,34,2" doraHai="37" who="0" fromWho="2" sc="281,77,299,0,201,-77,219,0" owari="358,45.8,299,9.9,124,-37.6,219,-18.1" /></mjloggm>