<mjloggm ver="2.3"><GO type="225" lobby="0"/><UN n0="%E3%81%BE%E3%81%8B%E3%81%B7%E3%82%93" n1="%28%EF%BF%A3%E2%96%BD%EF%BF%A3%29%CE%B4%E2%8C%92%E3%83%BB" n2="%E7%B4%94%E6%BD%94%E3%83%94%E3%83%A9%E3%83%8B%E3%82%A2" n3="%E3%81%95%E3%81%8D%E3%81%9F%E3%81%BE%E6%9E%97%E6%AA%8E" dan="16,16,16,16" rate="2069.25,2217.47,2153.69,2047.20" sx="M,M,M,M"/><TAIKYOKU oya="0"/><INIT seed="0,0,0,3,2,1" ten="250,250,250,250" oya="0" hai0="30,72,11,104,17,54,89,56,130,46,122,110,25" hai1="86,107,81,64,112,120,60,51,52,39,113,108,63" hai2="131,117,103,99,95,3,78,135,71,37,61,7,53" hai3="41,111,115,119,27,114,94,22,16,8,31,85,58"/><T129/><D122/><U80/><E107/><V24/><F131/><N who="0" m="50186" /><D72/><U102/><E102/><V45/><F135/><W0/><G41/><T10/><D104/><U109/><E120/><V121/><F121/><W82/><G94/><T73/><D73/><U4/><E39/><V127/><F127/><W34/><G58/><T20/><D110/><N who="1" m="42603" /><E4/><V36/><F24/><W92/><G92/><T98/><D46/><N who="1" m="27767" /><E63/><V26/><F7/><N who="3" m="1127" /><G111/><T116/><D116/><U57/><E81/><V106/><F61/><W67/><G67/><T5/><D30/><U134/><E134/><V126/><F37/><W44/><G44/><T35/><D35/><U6/><E6/><V79/><F36/><W42/><G42/><T14/><D10/><U50/><E50/><V32/><F45/><W2/><G2/><T21/><D21/><U9/><E9/><V15/><F3/><W13/><G119/><T33/><D33/><U18/><E18/><V76/><F32/><W133/><G133/><T38/><D38/><U74/><E74/><V118/><F106/><W96/><G96/><T66/><BYE who="3" /><D66/><UN n3="%E3%81%95%E3%81%8D%E3%81%9F%E3%81%BE%E6%9E%97%E6%AA%8E" /><U65/><E65/><V12/><F99/><W124/><G124/><T100/><D100/><U70/><E70/><V125/><F126/><W97/><G97/><T40/><D40/><U75/><E75/><V101/><F125/><W48/><G48/><N who="0" m="30791" /><D98/><U83/><E83/><V68/><F101/><W87/><G82/><T47/><D47/><U91/><AGARI ba="0,0" hai="57,60,64,80,86,91,112,113" m="27767,42603" machi="91" ten="30,2000,0" yaku="14,1,54,1" doraHai="1" who="1" fromWho="1" sc="250,-10,250,20,250,-5,250,-5" /><INIT seed="1,0,0,0,4,50" ten="240,270,245,245" oya="1" hai0="54,85,37,33,98,127,115,97,49,103,8,124,20" hai1="94,81,4,68,106,52,78,57,90,100,76,113,55" hai2="62,121,131,6,1,25,119,31,53,45,107,105,82" hai3="77,72,0,40,133,27,84,32,120,16,43,96,21"/><U92/><E68/><V51/><F119/><W101/><G133/><T56/><D33/><U39/><E39/><V22/><F121/><W108/><G120/><T73/><D73/><U61/><E113/><V35/><F131/><W36/><G72/><T95/><D115/><U47/><E106/><V12/><F82/><W44/><G43/><T59/><D37/><U48/><E4/><V132/><F132/><W65/><G0/><T19/><D8/><U74/><E74/><V109/><F109/><W104/><G108/><T58/><D85/><N who="1" m="50479" /><E100/><V67/><F1/><W134/><G134/><T66/><D98/><U9/><E9/><V10/><REACH who="2" step="1"/><F35/><REACH who="2" ten="240,270,235,245" step="2"/><W64/><G32/><T42/><D42/><U93/><AGARI ba="0,1" hai="47,48,52,55,57,61,76,78,92,93,94" m="50479" machi="93" ten="30,11700,0" yaku="8,1,52,2,54,1" doraHai="50" who="1" fromWho="1" sc="240,-39,270,127,235,-39,245,-39" /><INIT seed="1,1,0,0,0,52" ten="201,397,196,206" oya="1" hai0="106,17,107,15,5,77,87,120,11,39,23,121,18" hai1="99,4,19,82,75,29,81,129,94,8,91,128,1" hai2="27,110,66,89,116,51,46,124,31,41,48,92,57" hai3="37,86,3,25,131,63,95,59,104,47,98,85,102"/><U42/><E75/><V134/><F116/><W13/><G3/><T109/><D109/><U40/><E29/><V26/><F110/><W61/><G131/><N who="1" m="50250" /><E19/><V36/><F124/><W71/><G71/><T65/><D39/><U111/><E111/><V80/><F80/><AGARI ba="1,0" hai="1,4,8,40,42,80,81,82,91,94,99" m="50250" machi="80" ten="30,1500,0" yaku="19,1" doraHai="52" who="1" fromWho="2" sc="201,0,397,18,196,-18,206,0" /><INIT seed="1,2,0,4,1,47" ten="201,415,178,206" oya="1" hai0="78,101,105,126,97,123,82,13,115,55,92,124,20" hai1="117,68,29,8,18,65,19,49,4,61,80,66,50" hai2="108,128,100,111,133,67,52,43,132,110,74,5,32" hai3="60,119,34,59,56,31,44,130,40,91,2,48,64"/><U42/><E117/><V77/><F32/><W21/><G2/><T102/><D115/><U3/><E42/><V63/><F100/><W17/><G130/><T70/><D70/><U107/><E107/><V116/><F116/><W11/><G119/><T23/><D123/><U75/><E29/><V9/><F43/><W51/><G34/><T37/><D37/><U98/><E98/><V41/><F41/><W22/><G31/><T95/><D55/><U81/><E66/><V99/><F99/><W129/><G129/><T30/><D30/><U16/><REACH who="1" step="1"/><E81/><REACH who="1" ten="201,405,178,206" step="2"/><N who="2" m="45239" /><F128/><W72/><G72/><T84/><D105/><U121/><E121/><V26/><F52/><N who="3" m="31751" /><G91/><T109/><D97/><U134/><E134/><V71/><F26/><W93/><G93/><T112/><D95/><U86/><E86/><V62/><F133/><W69/><G69/><T54/><D92/><U114/><E114/><V127/><F132/><W118/><G118/><T45/><D112/><U36/><E36/><V33/><F33/><W24/><G24/><T87/><D87/><U122/><E122/><V79/><F67/><W113/><G113/><T6/><D84/><U1/><E1/><N who="2" m="175" /><F71/><W46/><G46/><T125/><D45/><U88/><E88/><V89/><F89/><W96/><G96/><T0/><D0/><U90/><E90/><V14/><F79/><AGARI ba="2,1" hai="3,4,8,16,18,19,49,50,61,65,68,75,79,80" machi="79" ten="40,12000,1" yaku="1,1,52,2,54,1,53,1" doraHai="47" doraHaiUra="35" who="1" fromWho="2" sc="201,0,405,136,178,-126,206,0" /><INIT seed="1,3,0,2,5,110" ten="201,541,52,206" oya="1" hai0="127,50,85,125,16,100,64,19,27,44,126,70,114" hai1="80,54,15,12,133,6,113,82,121,1,69,135,33" hai2="24,124,90,40,98,11,96,59,116,42,48,92,117" hai3="3,66,77,30,14,101,37,38,0,89,79,128,35"/><U104/><E104/><V13/><F124/><W61/><G128/><T55/><D100/><U56/><E69/><V23/><F117/><W9/><G101/><T120/><D120/><U65/><E65/><V26/><F116/><W32/><G89/><T39/><D39/><U72/><E33/><V67/><F96/><W130/><G130/><T106/><D106/><U20/><E121/><V41/><F23/><W108/><G108/><T86/><D114/><U36/><E36/><V76/><F76/><W94/><G94/><T52/><D55/><U112/><E1/><V81/><F81/><N who="1" m="31337" /><E72/><V73/><F73/><W46/><G66/><T118/><D118/><U5/><E20/><V45/><F59/><W31/><G9/><T84/><D27/><U58/><E15/><V132/><F67/><W22/><G22/><T21/><D21/><U122/><E122/><V18/><REACH who="2" step="1"/><F132/><REACH who="2" ten="201,541,42,206" step="2"/><W99/><G99/><T68/><D64/><U7/><E58/><V74/><F74/><W87/><G79/><T47/><D47/><U28/><E135/><V119/><F119/><W109/><G77/><T131/><D131/><U8/><E133/><V2/><F2/><W129/><G46/><T91/><D91/><U25/><E56/><V17/><F17/><AGARI ba="3,1" hai="16,17,19,44,50,52,68,70,84,85,86,125,126,127" machi="17" ten="50,6400,0" yaku="18,1,54,2" doraHai="110" who="0" fromWho="2" sc="201,83,541,0,42,-73,206,0" owari="284,8.4,541,64.1,-31,-53.1,206,-19.4" /></mjloggm>