<mjloggm ver="2.3"><GO type="225" lobby="0"/><UN n0="%73%69%72%6F%75%74" n1="%E3%81%AF%E3%82%88%E3%81%8A%E3%81%98%E3%81%95%E3%82%93" n2="%E8%81%B7%E6%A5%AD%E3%80%81%E9%A2%A8%32" n3="%E9%81%85%E5%88%BB%E3%81%AE%E3%83%97%E3%83%AA%E3%83%B3%E3%82%B9%E2%99%AA" dan="16,16,16,16" rate="2098.31,2191.83,2100.70,2167.59" sx="M,M,M,F"/><TAIKYOKU oya="0"/><INIT seed="0,0,0,3,2,94" ten="250,250,250,250" oya="0" hai0="110,33,47,90,19,79,30,66,40,120,105,57,13" hai1="122,53,86,124,41,44,45,11,0,69,35,82,39" hai2="59,72,74,22,80,123,104,71,121,65,49,38,83" hai3="108,111,3,96,88,135,56,129,31,126,62,10,131"/><T125/><D120/><U42/><E122/><V1/><F38/><W98/><G126/><T114/><D114/><U92/><E35/><V14/><F1/><W64/><G135/><T17/><D125/><U101/><E124/><V18/><F121/><W118/><G118/><T2/><D2/><U12/><E69/><V85/><F104/><W58/><G31/><T63/><D79/><U54/><E0/><V99/><F123/><W20/><G20/><T97/><D110/><N who="3" m="42025" /><G58/><T29/><D33/><U26/><E26/><V75/><F71/><W81/><G81/><T130/><D130/><N who="3" m="49673" /><G88/><T24/><D24/><U76/><E92/><V91/><F99/><W46/><G46/><T107/><D107/><U16/><REACH who="1" step="1"/><E101/><REACH who="1" ten="250,240,250,250" step="2"/><V78/><F83/><W50/><G50/><AGARI ba="0,1" hai="11,12,16,39,41,42,44,45,50,53,54,76,82,86" machi="50" ten="30,7700,0" yaku="1,1,2,1,7,1,54,1,53,0" doraHai="94" doraHaiUra="116" who="1" fromWho="3" sc="250,0,240,87,250,0,250,-77" /><INIT seed="1,0,0,1,3,75" ten="250,327,250,173" oya="1" hai0="41,120,86,79,54,111,45,23,102,65,25,121,124" hai1="130,2,135,44,15,12,47,57,51,26,110,76,52" hai2="4,101,118,128,31,55,100,10,8,119,88,17,127" hai3="108,6,68,73,37,40,43,62,93,72,90,36,66"/><U18/><E2/><V114/><F114/><W116/><G108/><T46/><D65/><U5/><E130/><V81/><F128/><W20/><G116/><T85/><D102/><U11/><E135/><V56/><F127/><W13/><G37/><T29/><D111/><U115/><E115/><V117/><F31/><W42/><G36/><T3/><D3/><U133/><E133/><V83/><F17/><W96/><REACH who="3" step="1"/><G20/><REACH who="3" ten="250,327,250,163" step="2"/><T67/><D23/><N who="1" m="13687" /><E110/><V49/><F117/><W21/><G21/><T48/><D124/><U131/><E131/><V71/><F118/><W87/><G87/><T122/><D86/><U64/><E64/><V39/><F119/><W35/><G35/><T104/><D67/><U129/><E129/><V19/><F39/><W97/><G97/><T22/><D85/><U109/><E109/><V59/><F71/><W126/><G126/><T113/><D113/><U112/><E112/><V24/><F24/><W33/><G33/><T125/><D125/><U92/><E15/><V16/><F101/><W80/><G80/><T58/><D121/><U1/><E1/><V103/><F83/><W7/><G7/><T61/><D120/><U94/><E12/><V32/><F32/><W0/><G0/><T123/><D122/><U50/><E5/><V38/><F4/><W27/><G27/><T134/><D123/><U63/><E11/><AGARI ba="0,1" hai="6,11,13,40,42,43,62,66,68,72,73,90,93,96" machi="11" ten="40,1300,0" yaku="1,1,53,0" doraHai="75" doraHaiUra="78" who="3" fromWho="1" sc="250,0,327,-13,250,0,163,23" /><INIT seed="2,0,0,0,1,92" ten="250,314,250,186" oya="2" hai0="114,42,4,100,74,78,41,13,23,7,48,105,83" hai1="5,90,123,113,80,134,64,10,19,75,17,0,52" hai2="112,35,11,36,31,126,96,61,3,39,50,58,26" hai3="101,47,103,12,84,15,91,97,9,95,53,70,102"/><V60/><F112/><W66/><G70/><T135/><D114/><U82/><E113/><V106/><F126/><W37/><G66/><T122/><D122/><U55/><E123/><V44/><F3/><W34/><G34/><T73/><D135/><U81/><E75/><V45/><F11/><W29/><G29/><T18/><D74/><U128/><E134/><V94/><F106/><W25/><G25/><T104/><D104/><U110/><E110/><V72/><F72/><W54/><G37/><T93/><D105/><U28/><E128/><V130/><F45/><W85/><G15/><T30/><D30/><U40/><E64/><V86/><F86/><N who="3" m="33387" /><G47/><T76/><D48/><U68/><E68/><V67/><F61/><W57/><G57/><T129/><D129/><U24/><E90/><V56/><F56/><W111/><G111/><T49/><D78/><U62/><E40/><V1/><F1/><W120/><G120/><T119/><D49/><U131/><E131/><V2/><F2/><W89/><G89/><T14/><D4/><AGARI ba="0,0" hai="4,9,12,53,54,91,95,97,101,102,103" m="33387" machi="4" ten="30,2000,0" yaku="8,1,52,1" doraHai="92" who="3" fromWho="0" sc="250,-20,314,0,250,0,186,20" /><INIT seed="3,0,0,5,2,76" ten="230,314,250,206" oya="3" hai0="7,111,135,35,8,102,128,123,109,52,49,37,70" hai1="120,13,134,1,84,105,122,21,57,93,26,88,3" hai2="97,19,132,118,95,98,14,68,127,101,92,59,46" hai3="78,27,72,36,53,81,31,113,96,116,38,87,28"/><W16/><G116/><T54/><D123/><U62/><E105/><V89/><F118/><W114/><G72/><T20/><D37/><U131/><E131/><V12/><F68/><W115/><G96/><T125/><D35/><U34/><E134/><V124/><F132/><W133/><G133/><T32/><D32/><U65/><E13/><V45/><F59/><W64/><G64/><T15/><D135/><U39/><E39/><V99/><F99/><W121/><G121/><T129/><D125/><N who="2" m="48202" /><F14/><W73/><G73/><T117/><D102/><U63/><E34/><V48/><F48/><W66/><G66/><T58/><D70/><U80/><E1/><V55/><F55/><W50/><G38/><T112/><D112/><U104/><E3/><V24/><F24/><W25/><G36/><T61/><D20/><AGARI ba="0,0" hai="12,19,20,45,46,89,92,95,97,98,101" m="48202" machi="20" ten="30,1000,0" yaku="18,1" doraHai="76" who="2" fromWho="0" sc="230,-10,314,0,250,10,206,0" owari="220,-18.0,314,41.4,260,6.0,206,-29.4" /></mjloggm>