<mjloggm ver="2.3"><GO type="225" lobby="0"/><UN n0="%6D%75%75%6D%75%72%61" n1="%E3%82%A2%E3%82%A4%E3%82%B9%E3%83%86%E3%82%A3%E3%83%BC%E3%81%82%E3%81%B9" n2="%E7%B4%94%E6%BD%94%E3%83%94%E3%83%A9%E3%83%8B%E3%82%A2" n3="%E5%A4%96%E5%B7%9D%E7%AB%9C%E6%88%90" dan="16,16,16,16" rate="2135.46,2131.02,2129.40,2161.51" sx="F,M,M,M"/><TAIKYOKU oya="0"/><INIT seed="0,0,0,4,5,103" ten="250,250,250,250" oya="0" hai0="51,44,16,86,18,57,19,114,5,117,83,36,34" hai1="96,55,111,132,121,59,87,30,108,46,100,53,79" hai2="47,14,131,7,93,60,127,73,69,15,71,124,58" hai3="70,82,54,68,10,97,95,48,64,3,89,39,105"/><T85/><D114/><U35/><E121/><V107/><F73/><W104/><G39/><T92/><D117/><U45/><E132/><V37/><F93/><W20/><G82/><T129/><D34/><U1/><E1/><V113/><F113/><W91/><G91/><T80/><D129/><U110/><E30/><V27/><F27/><W90/><G90/><T13/><D36/><U102/><E35/><V24/><F24/><W31/><G31/><T40/><D57/><U32/><E32/><V6/><F47/><N who="1" m="17929" /><E96/><V101/><F37/><W130/><G20/><T99/><D80/><N who="1" m="47519" /><E53/><V22/><F131/><W28/><G54/><T81/><D81/><U126/><E126/><V109/><F109/><W29/><G29/><T88/><D83/><U115/><E115/><V128/><F128/><W9/><G28/><T119/><D119/><U61/><AGARI ba="0,0" hai="55,59,61,100,102,108,110,111" m="47519,17929" machi="61" ten="40,1500,0" yaku="14,1" doraHai="103" who="1" fromWho="1" sc="250,-7,250,15,250,-4,250,-4" /><INIT seed="1,0,0,1,2,63" ten="243,265,246,246" oya="1" hai0="117,98,13,133,3,16,102,46,129,8,27,95,54" hai1="130,50,86,17,48,116,34,14,115,62,134,111,28" hai2="92,122,24,100,83,9,51,40,89,77,99,72,56" hai3="108,132,0,22,45,44,43,88,19,85,42,128,12"/><U107/><E116/><V75/><F122/><W90/><G0/><T96/><D117/><U81/><E115/><V91/><F75/><W55/><G108/><T110/><D110/><U60/><E111/><V112/><F112/><W2/><G2/><T131/><D133/><U114/><E114/><V49/><F9/><W103/><G132/><T52/><D3/><U26/><E134/><V97/><F40/><W57/><G103/><T37/><D27/><U123/><E107/><V58/><F24/><W47/><G128/><N who="0" m="49227" /><D96/><U21/><E123/><V36/><F36/><W125/><G125/><T64/><D64/><U84/><E84/><V29/><F29/><W70/><G70/><T76/><D76/><U82/><E81/><V74/><F74/><W109/><G109/><T18/><D18/><U15/><E14/><V126/><F126/><W105/><G90/><T113/><D113/><U127/><E127/><V119/><F119/><W10/><G10/><T33/><D33/><U39/><E39/><V65/><F91/><W87/><G105/><T5/><D5/><U35/><E34/><V118/><F118/><W68/><G68/><T4/><D4/><U7/><E7/><V104/><F65/><W61/><G87/><T53/><D37/><U25/><E26/><V80/><F80/><AGARI ba="0,0" hai="12,19,22,42,43,44,45,47,55,57,61,80,85,88" machi="80" ten="40,2600,0" yaku="8,1,54,1" doraHai="63" who="3" fromWho="2" sc="243,0,265,0,246,-26,246,26" /><INIT seed="2,0,0,5,2,42" ten="243,265,220,272" oya="2" hai0="27,101,87,68,133,36,65,40,102,99,31,1,119" hai1="111,10,79,38,118,95,22,115,82,6,74,54,93" hai2="25,23,131,48,17,39,69,14,35,9,59,5,63" hai3="60,57,94,108,37,88,71,104,122,73,109,116,134"/><V126/><F39/><W114/><RYUUKYOKU type="yao9" ba="0,0" sc="243,0,265,0,220,0,272,0" hai3="37,57,60,71,73,88,94,104,108,109,114,116,122,134" /><INIT seed="2,1,0,4,0,92" ten="243,265,220,272" oya="2" hai0="4,5,53,0,113,70,112,133,134,30,111,32,67" hai1="81,123,64,61,84,50,94,57,41,126,37,43,91" hai2="99,11,29,44,96,8,77,75,54,16,93,105,120" hai3="101,82,87,46,28,80,9,97,6,51,131,20,103"/><V56/><F120/><W95/><G131/><T102/><D67/><U24/><E123/><V127/><F29/><W13/><G103/><T108/><D70/><U86/><E37/><V88/><F127/><W38/><G38/><T74/><D53/><U83/><E126/><V85/><F75/><W128/><G128/><T89/><D74/><U73/><E73/><V68/><F68/><W27/><REACH who="3" step="1"/><G87/><REACH who="3" ten="243,265,220,262" step="2"/><T107/><D102/><U15/><E86/><V7/><F105/><W79/><G79/><T135/><D107/><U2/><E84/><V1/><F77/><W45/><G45/><T100/><D100/><U17/><E91/><V47/><F44/><W129/><G129/><T62/><D89/><U66/><E83/><V52/><F47/><W34/><G34/><T130/><D130/><U3/><E81/><V119/><F119/><W117/><G117/><T36/><D36/><U71/><E94/><V106/><F106/><W76/><G76/><T132/><D132/><U49/><E71/><V122/><F122/><W60/><G60/><T78/><D62/><U40/><E61/><V48/><REACH who="2" step="1"/><F54/><AGARI ba="1,1" hai="6,9,13,20,27,28,46,51,54,80,82,95,97,101" machi="54" ten="30,8000,1" yaku="1,1,7,1,8,1,52,1,53,1" doraHai="92" doraHaiUra="26" who="3" fromWho="2" sc="243,0,265,0,220,-83,262,93" /><INIT seed="3,0,0,4,0,112" ten="243,265,137,355" oya="3" hai0="52,54,18,45,119,37,15,86,114,9,49,28,53" hai1="111,39,82,131,3,123,128,92,91,109,66,21,5" hai2="81,20,32,113,89,47,1,84,134,67,73,44,79" hai3="98,33,7,6,102,38,0,110,107,96,24,106,50"/><W77/><G38/><T22/><D119/><U48/><E39/><V133/><F113/><W78/><G50/><T56/><D37/><U62/><E123/><V31/><F1/><W75/><G110/><N who="1" m="41994" /><E82/><V58/><F32/><W87/><G87/><T55/><D114/><U34/><E34/><V130/><F130/><W90/><G90/><T26/><REACH who="0" step="1"/><D86/><REACH who="0" ten="233,265,137,355" step="2"/><N who="1" m="52343" /><E48/><AGARI ba="0,1" hai="9,15,18,22,26,28,45,48,49,52,53,54,55,56" machi="48" ten="30,7700,0" yaku="1,1,7,1,8,1,54,1,53,0" doraHai="112" doraHaiUra="85" who="0" fromWho="1" sc="233,87,265,-77,137,0,355,0" owari="320,12.0,188,-21.2,137,-36.3,355,45.5" /></mjloggm>