<mjloggm ver="2.3"><GO type="225" lobby="0"/><UN n0="%E3%81%B7%E3%82%8A%E3%82%93%E8%81%96%E4%BA%BA" n1="%33%74%72%65%65" n2="%4D%50%43%32%38%30%30" n3="%6D%75%75%6D%75%72%61" dan="16,17,16,17" rate="2126.57,2150.16,2161.61,2149.95" sx="M,F,M,F"/><TAIKYOKU oya="0"/><INIT seed="0,0,0,1,5,46" ten="250,250,250,250" oya="0" hai0="75,122,66,39,9,90,79,101,127,50,107,94,70" hai1="40,37,120,135,98,36,67,89,109,23,125,27,11" hai2="58,22,86,26,83,54,112,102,116,33,52,99,8" hai3="134,1,74,124,31,24,65,21,76,131,87,68,128"/><T96/><D122/><U106/><E120/><V64/><F112/><W6/><G124/><T71/><D39/><U91/><E67/><V114/><F114/><W92/><G134/><T10/><D127/><U53/><E125/><V113/><F33/><W121/><G121/><T17/><D71/><U30/><E91/><V15/><F116/><W48/><G74/><T47/><D66/><U13/><E40/><V20/><F64/><W110/><G110/><T25/><D70/><U5/><E109/><V130/><F130/><W95/><G1/><T38/><D38/><U12/><E135/><V62/><F54/><W81/><G6/><T0/><D0/><U18/><E53/><V14/><F14/><W7/><G7/><T123/><D123/><U69/><E69/><V4/><F26/><W28/><G28/><T82/><D17/><U73/><E73/><V118/><F118/><W129/><REACH who="3" step="1"/><G48/><REACH who="3" ten="250,250,250,240" step="2"/><T34/><D34/><U72/><E72/><V41/><F113/><W77/><G77/><T29/><D29/><U108/><E108/><V111/><F111/><W97/><G97/><T45/><D25/><U100/><REACH who="1" step="1"/><E89/><REACH who="1" ten="250,240,250,240" step="2"/><N who="2" m="51423" /><F41/><W61/><AGARI ba="0,2" hai="21,24,31,61,65,68,76,81,87,92,95,128,129,131" machi="61" ten="40,5200,0" yaku="1,1,0,1,19,1,53,0" doraHai="46" doraHaiUra="55" who="3" fromWho="3" sc="250,-26,240,-13,250,-13,240,72" /><INIT seed="1,0,0,3,1,88" ten="224,227,237,312" oya="1" hai0="92,101,34,37,0,18,35,121,44,133,28,118,105" hai1="4,83,134,7,9,59,108,128,24,122,31,86,98" hai2="30,106,73,89,107,8,52,16,79,95,11,20,12" hai3="54,96,110,72,39,53,130,126,41,36,69,129,17"/><U132/><E122/><V43/><F43/><W42/><G72/><T26/><D0/><U45/><E128/><N who="3" m="49258" /><G17/><T120/><D35/><U123/><E123/><N who="0" m="47177" /><D105/><U57/><E98/><V85/><F8/><W109/><G96/><N who="0" m="59527" /><D133/><N who="1" m="51307" /><E45/><V112/><F112/><W3/><G3/><T63/><D63/><U67/><E108/><N who="3" m="41578" /><G69/><T38/><D118/><U10/><E10/><V66/><F66/><W48/><G126/><T64/><D64/><U25/><E67/><V114/><F114/><W62/><G62/><T21/><D44/><U33/><E25/><AGARI ba="0,0" hai="18,21,25,26,28,34,37,38" m="59527,47177" machi="25" ten="30,2000,0" yaku="13,1,52,1" doraHai="88" who="0" fromWho="1" sc="224,20,227,-20,237,0,312,0" /><INIT seed="2,0,0,0,3,45" ten="244,207,237,312" oya="2" hai0="125,64,73,100,133,41,68,24,82,29,37,110,44" hai1="58,53,126,85,50,127,31,4,1,33,5,76,6" hai2="96,111,65,91,70,74,99,120,71,39,123,56,13" hai3="2,43,95,87,93,78,86,61,60,17,135,108,113"/><V34/><F34/><W12/><G2/><T36/><D110/><U134/><E1/><V27/><F74/><W14/><G108/><T9/><D133/><U35/><E134/><V124/><F111/><W30/><G135/><T10/><D37/><U109/><E109/><V49/><F39/><W83/><G113/><T75/><D75/><U103/><E103/><V66/><F27/><W22/><G30/><T90/><D90/><U81/><REACH who="1" step="1"/><E31/><REACH who="1" ten="244,197,237,312" step="2"/><V128/><F120/><W119/><G119/><T51/><D100/><U57/><E57/><V11/><F123/><W121/><G121/><T132/><D132/><U97/><E97/><V47/><F99/><W16/><G87/><T130/><D29/><U129/><E129/><V107/><F128/><W112/><G86/><T52/><D130/><U114/><E114/><V117/><F117/><W19/><G112/><T3/><D3/><U7/><N who="1" m="1024" /><DORA hai="67" /><U28/><E28/><V118/><F118/><W89/><G19/><T116/><D116/><U59/><E59/><V32/><F32/><AGARI ba="0,1" hai="32,33,35,50,53,58,76,81,85,126,127" m="1024" machi="32" ten="60,3900,0" yaku="1,1,52,1,53,0" doraHai="45,67" doraHaiUra="92,42" who="1" fromWho="2" sc="244,0,197,49,237,-39,312,0" /><INIT seed="3,0,0,4,3,41" ten="244,246,198,312" oya="3" hai0="8,44,65,26,20,88,94,114,105,60,42,115,23" hai1="129,28,22,32,109,29,46,84,92,68,85,37,47" hai2="97,2,69,1,79,52,53,82,5,108,96,33,43" hai3="30,128,3,10,130,106,125,54,21,132,101,75,113"/><W122/><G113/><N who="0" m="43019" /><D105/><U133/><E68/><V51/><F33/><W86/><G132/><T17/><D20/><U121/><E121/><V31/><F69/><W127/><G101/><T102/><D102/><U74/><E74/><V116/><F116/><W63/><G63/><T90/><D8/><U72/><E72/><V78/><F108/><W135/><G86/><T71/><D94/><U11/><E37/><V40/><F31/><W73/><G106/><T64/><D65/><U4/><E32/><V25/><F25/><W18/><G30/><N who="1" m="11882" /><E109/><V15/><F15/><W77/><G77/><T45/><D45/><N who="1" m="16907" /><E133/><V19/><F5/><W99/><G75/><T87/><D87/><N who="1" m="33355" /><E129/><V48/><REACH who="2" step="1"/><F82/><REACH who="2" ten="244,246,188,312" step="2"/><W61/><G128/><T59/><D71/><U103/><E4/><V104/><F104/><W62/><G130/><T24/><D24/><U14/><E14/><V34/><F34/><W91/><G135/><T27/><D27/><U56/><E11/><V67/><F67/><W124/><G10/><T100/><D100/><U119/><E119/><V36/><F36/><AGARI ba="0,1" hai="17,23,26,36,42,44,59,60,64,88,90" m="43019" machi="36" ten="30,3900,0" yaku="11,1,52,1,54,1" doraHai="41" who="0" fromWho="2" sc="244,49,246,0,188,-39,312,0" owari="293,9.3,246,-15.4,149,-35.1,312,41.2" /></mjloggm>