<mjloggm ver="2.3"><GO type="225" lobby="0"/><UN n0="%E3%82%BC%E3%83%AB%E3%83%80%E3%81%AE%E4%BC%9D%E8%AA%AC" n1="%65%6B%61%72%75%74%65" n2="%E3%83%B4%E3%83%A0%EF%BC%99%E3%81%A6" n3="%33%74%72%65%65" dan="16,16,17,16" rate="2221.54,2185.04,2192.21,2155.39" sx="M,M,M,F"/><TAIKYOKU oya="0"/><INIT seed="0,0,0,1,3,7" ten="250,250,250,250" oya="0" hai0="34,24,2,36,10,30,29,45,79,44,89,38,33" hai1="68,71,123,40,131,56,5,47,59,72,85,23,20" hai2="99,26,73,27,108,1,12,132,32,94,88,65,87" hai3="110,39,70,115,106,35,93,57,112,82,117,49,81"/><T125/><D79/><U103/><E123/><V4/><F73/><W61/><G93/><T21/><D125/><U109/><E72/><V37/><F1/><W46/><G82/><T18/><D89/><U67/><E103/><V74/><F74/><W100/><G81/><T102/><D102/><U113/><E5/><V120/><F120/><W28/><G110/><T54/><D54/><U119/><E119/><V105/><F108/><W8/><G8/><T0/><D18/><U114/><E109/><V66/><F37/><W127/><G117/><T124/><D21/><N who="1" m="8267" /><E85/><V3/><F3/><W22/><G22/><T19/><D19/><U76/><E76/><V134/><F105/><W52/><G127/><T122/><D124/><U78/><E78/><V121/><F87/><W133/><G100/><T60/><D60/><N who="1" m="38279" /><E59/><V118/><F118/><W41/><G106/><T42/><D122/><U63/><E63/><V25/><F32/><W126/><G126/><T107/><D107/><U11/><E11/><N who="2" m="4199" /><F121/><W69/><G69/><T9/><D42/><U92/><E92/><V128/><F128/><W53/><G70/><N who="1" m="26666" /><E131/><V48/><F48/><W135/><G28/><T84/><D84/><U62/><E62/><V58/><F58/><N who="3" m="35015" /><G35/><T75/><D75/><U77/><E77/><V101/><F101/><W64/><G64/><T14/><D14/><U90/><E90/><V15/><F15/><W83/><G83/><T97/><D97/><U55/><E40/><V16/><F16/><W116/><G116/><T31/><D31/><U111/><E111/><V130/><F130/><W104/><G104/><RYUUKYOKU ba="0,0" sc="250,0,250,0,250,0,250,0" hai0="0,2,9,10,24,29,30,33,34,36,38,44,45" hai1="47,55,113,114" hai2="25,26,27,65,66,88,94,99,132,134" hai3="39,41,46,49,53,57,112,115,133,135" /><INIT seed="0,1,0,2,0,33" ten="250,250,250,250" oya="0" hai0="116,100,49,27,65,77,52,84,119,81,10,68,40" hai1="70,103,76,78,8,47,108,29,113,82,120,11,30" hai2="21,16,133,36,117,39,132,135,12,128,43,87,55" hai3="124,93,59,2,15,105,67,130,86,107,114,0,85"/><T97/><D40/><U61/><E120/><V18/><F128/><W92/><G114/><T38/><D38/><U106/><E106/><V31/><F117/><W22/><G130/><T64/><D27/><U6/><E103/><V96/><F43/><W66/><G22/><T57/><D10/><U126/><E113/><V115/><F115/><W89/><G15/><T74/><D74/><U79/><E47/><V20/><F31/><W13/><G13/><T51/><D51/><U58/><E70/><V4/><F4/><W123/><G59/><T131/><D131/><U32/><E108/><V17/><F96/><W3/><G123/><T88/><D77/><U7/><E82/><V102/><F102/><W41/><G41/><T63/><REACH who="0" step="1"/><D64/><REACH who="0" ten="240,250,250,250" step="2"/><U28/><E76/><V9/><F39/><W24/><G24/><T53/><D53/><U42/><E78/><V35/><F36/><W109/><G109/><T95/><AGARI ba="1,1" hai="49,52,57,63,65,68,81,84,88,95,97,100,116,119" machi="95" ten="20,18000,2" yaku="1,1,0,1,7,1,54,2,53,1" doraHai="33" doraHaiUra="98" who="0" fromWho="0" sc="240,193,250,-61,250,-61,250,-61" /><INIT seed="0,2,0,5,2,68" ten="433,189,189,189" oya="0" hai0="56,111,1,100,51,119,37,90,120,116,92,78,18" hai1="108,47,42,21,81,63,20,39,24,123,118,66,107" hai2="70,87,128,83,12,97,46,30,99,110,132,55,76" hai3="67,41,104,72,73,105,62,88,11,96,85,3,14"/><T35/><D120/><U103/><E118/><V102/><F70/><W115/><G115/><T34/><D1/><U17/><E123/><V58/><F110/><W4/><G41/><T54/><D111/><U6/><E108/><V7/><F128/><W86/><G3/><T27/><D37/><U109/><E109/><V77/><F132/><W135/><G135/><T16/><D100/><U25/><E6/><V9/><F30/><W49/><G49/><T50/><D78/><U124/><E124/><V113/><F113/><W134/><G134/><T112/><D112/><U129/><E129/><V40/><F76/><W82/><G85/><T74/><D74/><U59/><E81/><V93/><F97/><W61/><G61/><T122/><D122/><U33/><E33/><V8/><F8/><W23/><G23/><T114/><D114/><U60/><E60/><V79/><F79/><W22/><G22/><T121/><D121/><U64/><E103/><V48/><REACH who="2" step="1"/><F55/><REACH who="2" ten="433,189,179,189" step="2"/><W36/><G96/><N who="0" m="57367" /><D119/><U13/><E107/><V80/><F80/><W130/><G130/><T117/><D117/><U91/><E66/><V32/><F32/><W38/><G105/><T125/><D116/><U26/><REACH who="1" step="1"/><E91/><REACH who="1" ten="433,179,179,189" step="2"/><V106/><F106/><W2/><G104/><T19/><D34/><U71/><E71/><V133/><F133/><W57/><REACH who="3" step="1"/><G2/><REACH who="3" ten="433,179,179,179" step="2"/><T5/><D35/><U101/><E101/><V131/><F131/><W69/><G69/><T98/><D125/><U29/><AGARI ba="2,3" hai="13,17,20,21,24,25,26,29,39,42,47,59,63,64" machi="29" ten="20,8000,1" yaku="1,1,0,1,7,1,52,1,53,1" doraHai="68" doraHaiUra="15" who="1" fromWho="1" sc="433,-42,179,116,179,-22,179,-22" /><INIT seed="1,0,0,0,5,57" ten="391,295,157,157" oya="1" hai0="60,132,90,39,0,25,37,128,105,97,5,16,133" hai1="68,66,92,29,88,31,43,85,9,73,104,63,113" hai2="10,135,118,100,1,83,40,67,99,107,27,129,126" hai3="112,32,81,15,120,111,103,56,18,117,125,48,109"/><U62/><E113/><V11/><F118/><W108/><G112/><T70/><D128/><U38/><E104/><V20/><F129/><W51/><G117/><T93/><D105/><U65/><E73/><V82/><F126/><W19/><G125/><T4/><D70/><U44/><E9/><V69/><F135/><N who="0" m="51786" /><D60/><U36/><E36/><N who="0" m="13897" /><D0/><U75/><E75/><V6/><F40/><W121/><G32/><T55/><D55/><U96/><E96/><V86/><F10/><W8/><G103/><T42/><D42/><U123/><E123/><V114/><F114/><W50/><G56/><AGARI ba="0,0" hai="29,31,38,43,44,56,62,63,65,66,68,85,88,92" machi="56" ten="30,11600,0" yaku="7,1,52,2,54,1" doraHai="57" who="1" fromWho="3" sc="391,0,295,116,157,0,157,-116" /><INIT seed="1,1,0,2,3,110" ten="391,411,157,41" oya="1" hai0="66,48,92,70,20,115,11,9,103,14,102,98,25" hai1="127,46,100,134,109,129,40,95,65,122,99,37,119" hai2="116,118,108,94,67,75,19,43,58,22,12,101,85" hai3="32,97,114,133,88,39,29,72,8,18,78,80,16"/><U57/><E119/><V49/><F75/><W38/><G133/><T2/><D2/><U89/><E122/><V106/><F106/><W50/><G114/><T81/><D115/><U21/><E134/><V0/><F0/><W104/><G50/><T31/><D70/><U77/><E109/><V61/><F108/><W111/><G111/><T125/><D125/><U45/><E127/><V121/><F121/><W5/><G104/><T74/><D66/><U73/><E129/><V51/><F118/><W60/><G60/><T15/><D74/><U41/><E73/><V54/><F116/><W42/><G29/><T53/><D81/><U128/><E77/><V27/><F43/><W52/><G52/><T63/><D63/><U68/><E128/><V120/><F120/><W91/><G32/><T34/><D102/><U62/><E21/><V93/><F101/><W64/><G64/><T4/><D34/><U26/><E26/><V123/><F123/><W112/><G112/><T117/><D117/><U87/><E68/><V1/><F1/><N who="3" m="47" /><G39/><T23/><D31/><U86/><REACH who="1" step="1"/><E100/><REACH who="1" ten="391,401,157,41" step="2"/><V6/><F27/><W131/><G131/><T96/><D25/><U83/><E83/><V10/><F22/><W105/><G72/><T113/><D113/><U35/><E35/><V124/><F124/><W13/><G78/><T107/><D11/><U17/><E17/><V28/><F19/><W3/><G18/><T135/><D135/><U24/><E24/><V56/><F28/><W130/><G130/><T71/><D71/><U55/><E55/><N who="2" m="31855" /><F85/><W36/><G16/><T90/><D14/><RYUUKYOKU ba="1,1" sc="391,10,401,10,157,10,41,-30" hai0="4,9,15,20,23,48,53,90,92,96,98,103,107" hai1="37,40,41,45,46,57,62,65,86,87,89,95,99" hai2="6,10,12,51,54,58,61,67,93,94" /><INIT seed="1,2,1,3,1,79" ten="401,411,167,11" oya="1" hai0="131,108,84,7,81,100,31,38,22,112,90,26,116" hai1="126,49,75,16,68,43,20,82,67,12,63,15,73" hai2="96,34,65,0,70,74,102,71,127,78,41,8,60" hai3="10,99,80,135,24,54,123,4,47,72,113,86,87"/><U133/><E126/><V57/><F127/><W33/><G113/><T51/><D116/><U50/><E133/><V111/><F111/><W2/><G123/><T91/><D38/><U119/><E119/><V77/><F34/><W114/><G114/><T27/><D112/><U21/><E43/><V129/><F41/><W25/><G135/><T23/><D108/><U69/><E69/><V101/><F101/><W36/><G99/><T28/><D131/><U118/><E118/><V37/><F37/><W30/><G24/><T92/><D7/><U89/><E75/><V62/><F129/><W124/><G124/><T1/><D1/><U35/><E35/><V9/><F0/><W48/><REACH who="3" step="1"/><G36/><REACH who="3" ten="401,411,167,1" step="2"/><T29/><D100/><U32/><E32/><V61/><F96/><W17/><G17/><N who="0" m="12623" /><D51/><U115/><E115/><V132/><F102/><W122/><G122/><T95/><D95/><U103/><E103/><V11/><F132/><W125/><G125/><T121/><D121/><U52/><E50/><V39/><F39/><W5/><G5/><T107/><D107/><U44/><E49/><V98/><F98/><AGARI ba="2,2" hai="23,27,28,29,31,81,84,90,91,92,98" m="12623" machi="98" ten="30,2000,0" yaku="8,1,52,1" doraHai="79" who="0" fromWho="2" sc="401,46,411,0,167,-26,1,0" /><INIT seed="2,0,0,3,0,71" ten="447,411,141,1" oya="2" hai0="30,16,125,117,4,87,19,63,95,55,43,68,96" hai1="34,22,82,85,69,38,112,129,83,104,47,107,6" hai2="106,81,44,14,67,33,13,28,123,77,46,65,133" hai3="130,61,111,120,56,76,90,101,15,2,89,109,39"/><V1/><F123/><W115/><G120/><T24/><D125/><U97/><E112/><V92/><F1/><W41/><G2/><T64/><D117/><U18/><E34/><V27/><F106/><W86/><G115/><T110/><D110/><N who="3" m="41993" /><G130/><T93/><D43/><U54/><E69/><V36/><F92/><W62/><G101/><T66/><D4/><U79/><E6/><V58/><F46/><N who="3" m="23871" /><G15/><T128/><D128/><U134/><E129/><V57/><F13/><W78/><G62/><T17/><D87/><U42/><E97/><V5/><F5/><W50/><G50/><T105/><D66/><U122/><E122/><V11/><F65/><N who="3" m="39079" /><G89/><T12/><D55/><U75/><E54/><V135/><F67/><W45/><G45/><T70/><D12/><U99/><E107/><V48/><F48/><W60/><G60/><T21/><REACH who="0" step="1"/><D70/><REACH who="0" ten="437,411,141,1" step="2"/><U124/><E124/><V7/><F14/><W84/><G84/><T9/><D9/><U131/><E131/><V49/><F11/><W127/><G127/><T59/><D59/><U51/><E85/><N who="2" m="48303" /><F7/><W98/><G98/><T3/><D3/><U108/><E99/><V119/><F57/><W23/><G23/><T20/><D20/><U10/><E22/><V94/><F58/><W26/><G26/><T118/><D118/><U121/><E108/><V0/><F119/><W102/><G102/><AGARI ba="0,1" hai="16,17,19,21,24,30,63,64,68,93,95,96,102,105" machi="102" ten="40,2600,0" yaku="1,1,54,1,53,0" doraHai="71" doraHaiUra="74" who="0" fromWho="3" sc="437,36,411,0,141,0,1,-26" owari="473,57.3,411,21.1,141,-25.9,-25,-52.5" /></mjloggm>