<mjloggm ver="2.3"><GO type="225" lobby="0"/><UN n0="%6E%69%63%6B%6C%6F%77" n1="%E7%B4%94%E6%BD%94%E3%83%94%E3%83%A9%E3%83%8B%E3%82%A2" n2="%E9%89%A2%E5%B7%BB%E3%82%AC%E3%83%96" n3="%6D%75%75%6D%75%72%61" dan="16,18,16,16" rate="2108.84,2276.13,2047.98,2139.56" sx="F,M,M,F"/><TAIKYOKU oya="0"/><INIT seed="0,0,0,5,5,132" ten="250,250,250,250" oya="0" hai0="26,133,106,80,46,65,110,41,53,67,115,116,14" hai1="23,130,18,122,43,68,125,112,17,57,70,78,111" hai2="54,94,16,134,21,96,109,58,97,83,131,127,113" hai3="93,29,118,89,9,117,129,47,82,56,64,31,0"/><T123/><D115/><U104/><E78/><V100/><F109/><W49/><G129/><T4/><D116/><U39/><E43/><V11/><F131/><W36/><G36/><T35/><D123/><U126/><E39/><V71/><F71/><N who="1" m="27177" /><E122/><V6/><F134/><W63/><G82/><T95/><D133/><U75/><E130/><V51/><F113/><W45/><G0/><T52/><D106/><U73/><E112/><V98/><F127/><N who="1" m="48649" /><E111/><V121/><F83/><W61/><G61/><T13/><D80/><U91/><E104/><V3/><REACH who="2" step="1"/><F121/><REACH who="2" ten="250,250,240,250" step="2"/><W5/><G117/><T19/><D110/><U15/><E57/><V8/><F8/><W69/><G9/><T60/><D46/><U87/><E17/><V85/><F85/><W77/><G45/><T119/><D19/><U28/><E28/><V128/><F128/><W20/><G29/><T1/><D119/><U33/><E33/><V88/><F88/><W2/><G89/><T72/><D35/><U37/><E37/><V38/><F38/><W102/><G118/><T90/><D90/><U48/><E48/><V101/><F101/><W40/><G31/><T59/><D59/><U135/><E135/><V42/><F42/><W76/><G102/><T30/><D41/><U32/><E32/><V44/><F44/><W105/><G47/><T84/><D30/><U66/><E66/><V27/><AGARI ba="0,1" hai="3,6,11,16,21,27,51,54,58,94,96,97,98,100" machi="27" ten="20,12000,2" yaku="1,1,0,1,7,1,54,1,53,3" doraHai="132" doraHaiUra="92" who="2" fromWho="2" sc="250,-60,250,-30,240,130,250,-30" /><INIT seed="1,0,0,2,3,1" ten="190,220,370,220" oya="1" hai0="90,25,26,66,77,111,48,135,120,129,52,82,124" hai1="91,128,9,101,59,45,41,105,43,20,63,19,122" hai2="102,71,15,115,89,100,51,32,61,23,30,22,81" hai3="134,78,69,73,104,21,103,121,96,56,67,31,36"/><U27/><E122/><V2/><F115/><W126/><G121/><T118/><D118/><U107/><E128/><V80/><F2/><W60/><G126/><T94/><D124/><U57/><E57/><V14/><F32/><W84/><G134/><T65/><D135/><U29/><E101/><V46/><F61/><W114/><G114/><T110/><D120/><U108/><E108/><V85/><F80/><W79/><G73/><T44/><D129/><U54/><E41/><V131/><F131/><W18/><G36/><T3/><D3/><U95/><E9/><V10/><F71/><W98/><G31/><T93/><D93/><U70/><E29/><V92/><F92/><W72/><G72/><T116/><D116/><U16/><E19/><V127/><F127/><W113/><G113/><T28/><D111/><U17/><E17/><N who="2" m="10559" /><F23/><W7/><G7/><T50/><D50/><U39/><REACH who="1" step="1"/><E70/><REACH who="1" ten="190,210,370,220" step="2"/><V47/><F30/><W119/><G69/><T75/><D110/><U42/><E42/><N who="2" m="25047" /><F47/><W4/><G119/><T83/><D25/><U86/><AGARI ba="0,1" hai="16,20,27,39,43,45,54,59,63,86,91,95,105,107" machi="86" ten="20,7800,0" yaku="1,1,0,1,7,1,54,1,53,0" doraHai="1" doraHaiUra="109" who="1" fromWho="1" sc="190,-26,210,88,370,-26,220,-26" /><INIT seed="1,1,0,1,5,89" ten="164,298,344,194" oya="1" hai0="19,130,62,33,128,131,27,134,69,9,112,95,117" hai1="58,55,11,17,51,75,47,26,126,61,78,88,14" hai2="29,42,41,73,121,83,68,129,108,64,133,1,72" hai3="18,5,37,106,113,28,36,65,101,7,125,30,40"/><U74/><E126/><V21/><F121/><W32/><G125/><T45/><D112/><U2/><E2/><V49/><F21/><W48/><G113/><T97/><D117/><U66/><E78/><V71/><F29/><W8/><G65/><T13/><D134/><U31/><REACH who="1" step="1"/><E88/><REACH who="1" ten="164,288,344,194" step="2"/><V54/><F1/><W119/><G119/><T22/><D33/><AGARI ba="1,1" hai="11,14,17,26,31,33,47,51,55,58,61,66,74,75" machi="33" ten="30,5800,0" yaku="1,1,2,1,7,1,53,0" doraHai="89" doraHaiUra="92" who="1" fromWho="0" sc="164,-61,288,71,344,0,194,0" /><INIT seed="1,2,0,1,2,90" ten="103,359,344,194" oya="1" hai0="27,82,109,84,51,48,73,119,43,111,131,22,60" hai1="104,3,132,93,85,26,59,70,134,15,68,17,99" hai2="40,135,96,56,38,50,76,45,94,75,16,5,78" hai3="121,12,97,126,133,64,10,28,127,37,57,53,31"/><U87/><E3/><V54/><F135/><N who="1" m="51753" /><E26/><V34/><F75/><W29/><G133/><T35/><D119/><U79/><E59/><V24/><F5/><W92/><G37/><T116/><D73/><U74/><E74/><V89/><REACH who="2" step="1"/><F34/><REACH who="2" ten="103,359,334,194" step="2"/><W107/><G126/><T30/><D116/><U33/><E33/><V9/><F9/><W14/><G10/><T72/><D72/><U123/><E123/><V98/><F98/><W41/><G121/><T13/><D131/><U66/><E104/><V122/><F122/><W36/><G107/><T23/><D35/><U95/><E99/><V46/><F46/><W63/><G127/><T105/><D105/><U115/><E115/><V6/><F6/><W86/><G97/><T21/><D21/><AGARI ba="2,1" hai="16,21,24,38,40,45,50,54,56,76,78,89,94,96" machi="21" ten="40,5200,0" yaku="1,1,52,1,54,1,53,0" doraHai="90" doraHaiUra="112" who="2" fromWho="0" sc="103,-58,359,0,334,68,194,0" /><INIT seed="2,0,0,0,0,47" ten="45,359,402,194" oya="2" hai0="105,86,66,2,33,93,41,133,82,120,57,75,132" hai1="113,92,68,43,131,61,13,30,121,45,22,5,106" hai2="28,110,32,126,65,27,23,118,91,31,8,74,129" hai3="16,87,85,7,104,52,72,89,9,26,14,37,88"/><V1/><F74/><W60/><G72/><T18/><D120/><U10/><E106/><V112/><F65/><W78/><G37/><T11/><D105/><U62/><E113/><V50/><F50/><W15/><G104/><T77/><D33/><U125/><E121/><V107/><F91/><N who="3" m="34891" /><G26/><T21/><D75/><U128/><E92/><V94/><F94/><W58/><G78/><T76/><D76/><U69/><E125/><V108/><F107/><W98/><G98/><T70/><D93/><U99/><E99/><V102/><F102/><W67/><G67/><T90/><D77/><U117/><E117/><V96/><F96/><W46/><G46/><T53/><D41/><U83/><E83/><V71/><F71/><W123/><G123/><T44/><D44/><U34/><E34/><V38/><F38/><W103/><G103/><T134/><D70/><U0/><E68/><V64/><F64/><W51/><G60/><T101/><D66/><U81/><E81/><V48/><F118/><W97/><G97/><T24/><D101/><U6/><E69/><V19/><F112/><W127/><G127/><T122/><D122/><U80/><E80/><V114/><F126/><W59/><G59/><T84/><D84/><U124/><E124/><V40/><F114/><W109/><G109/><N who="2" m="42089" /><F32/><W135/><G135/><T95/><D82/><U54/><E61/><V111/><F111/><W73/><G73/><T29/><D2/><U56/><E0/><V39/><F1/><W130/><G130/><T119/><D119/><U115/><E115/><V4/><F129/><N who="1" m="49737" /><E62/><V116/><F116/><RYUUKYOKU ba="0,0" sc="45,-10,359,-10,402,-10,194,30" hai3="7,9,14,15,16,51,52,58,85,87" /><INIT seed="3,1,0,4,0,65" ten="35,349,392,224" oya="3" hai0="130,63,60,9,33,118,32,26,74,77,59,135,123" hai1="2,46,18,64,81,125,4,50,117,90,80,132,91" hai2="109,82,43,73,40,87,99,25,5,66,72,102,30" hai3="69,92,0,101,38,37,88,67,52,23,35,12,113"/><W1/><G113/><T89/><D118/><U71/><E117/><V68/><F5/><W75/><G35/><T14/><D123/><U53/><E125/><V105/><F109/><W106/><G75/><T51/><D130/><U20/><E132/><V126/><F126/><W86/><G37/><T39/><D135/><U84/><E2/><V47/><F43/><W93/><G106/><T54/><D39/><U45/><E4/><V128/><F128/><W17/><G38/><T3/><D3/><U97/><E64/><V119/><F119/><W19/><G19/><T58/><D74/><U95/><E71/><V124/><F124/><W57/><G93/><T41/><D77/><U122/><E122/><V116/><F116/><W98/><G67/><T29/><D33/><U22/><E22/><V112/><F112/><W115/><G69/><T78/><D78/><U6/><E6/><V36/><F66/><W121/><G115/><T16/><D41/><U103/><E46/><V104/><F104/><N who="3" m="63543" /><G121/><T131/><D131/><U70/><E70/><V31/><F68/><W56/><G56/><T76/><D76/><U96/><E96/><V133/><F133/><W114/><G114/><T129/><D129/><U8/><E8/><V7/><F7/><W94/><G94/><T134/><D134/><U10/><E10/><V24/><F30/><W28/><G28/><T108/><D108/><U83/><REACH who="1" step="1"/><E90/><REACH who="1" ten="35,339,392,224" step="2"/><N who="2" m="51575" /><F31/><W34/><G34/><T48/><REACH who="0" step="1"/><D89/><REACH who="0" ten="25,339,392,224" step="2"/><U13/><AGARI ba="1,2" hai="13,18,20,45,50,53,80,81,83,84,91,95,97,103" machi="13" ten="20,5200,0" yaku="1,1,0,1,7,1,8,1,53,0" doraHai="65" doraHaiUra="107" who="1" fromWho="1" sc="25,-14,339,75,392,-14,224,-27" owari="11,-48.9,414,51.4,378,17.8,197,-20.3" /></mjloggm>