<mjloggm ver="2.3"><GO type="225" lobby="0"/><UN n0="%E3%81%A0%E3%81%8A" n1="%33%74%72%65%65" n2="%E6%80%AA%E3%81%97%E3%81%99%E3%81%8E%E3%82%8B%E3%83%81%E3%83%BC" n3="%E6%97%A5%E6%9B%9C%E6%97%A5%E3%82%88%E3%82%8A%E3%81%AE%E4%BD%BF%E8%80%85" dan="16,16,16,17" rate="2003.27,2083.05,2111.40,2165.01" sx="M,F,M,M"/><TAIKYOKU oya="0"/><INIT seed="0,0,0,0,5,93" ten="250,250,250,250" oya="0" hai0="82,15,129,114,43,83,81,21,0,100,2,5,26" hai1="130,66,10,101,67,105,124,84,116,33,7,91,17" hai2="134,96,8,109,77,131,99,9,16,108,60,50,72" hai3="118,63,121,19,49,13,47,39,23,87,68,92,57"/><T30/><D114/><U117/><E130/><V126/><F131/><W53/><G118/><T69/><D129/><U54/><E33/><V102/><F126/><W75/><G121/><T48/><D69/><U27/><E124/><V79/><F134/><W36/><G75/><T52/><D43/><U103/><E117/><V125/><F125/><W132/><G68/><T34/><D100/><N who="1" m="38475" /><E105/><V110/><F102/><W45/><G132/><T1/><D15/><N who="1" m="5599" /><E54/><V20/><F60/><W104/><G104/><T41/><D41/><U35/><E35/><V133/><F50/><W122/><G122/><T59/><REACH who="0" step="1"/><D34/><REACH who="0" ten="240,250,250,250" step="2"/><U112/><E112/><V123/><F133/><W111/><G111/><T74/><D74/><U38/><E116/><V113/><F113/><W119/><G119/><T6/><AGARI ba="0,1" hai="0,1,2,5,6,21,26,30,48,52,59,81,82,83" machi="6" ten="40,12000,1" yaku="1,1,0,1,54,1,53,1" doraHai="93" doraHaiUra="18" who="0" fromWho="0" sc="240,130,250,-40,250,-40,250,-40" /><INIT seed="0,1,0,3,5,68" ten="370,210,210,210" oya="0" hai0="31,130,84,55,37,30,50,29,76,0,28,9,118" hai1="4,83,62,43,66,106,127,115,42,27,102,64,92" hai2="128,57,109,34,72,111,10,77,56,39,133,52,24" hai3="91,25,21,58,113,103,14,122,6,78,54,96,12"/><T49/><D130/><U67/><E127/><V46/><F128/><W93/><G113/><T80/><D37/><U101/><E115/><V95/><F133/><W2/><G122/><T117/><N who="0" m="7168" /><DORA hai="7" /><T23/><D23/><U63/><E106/><V75/><F24/><W60/><G78/><T59/><REACH who="0" step="1"/><D50/><REACH who="0" ten="360,210,210,210" step="2"/><U108/><E27/><V120/><F39/><W18/><G103/><T112/><D112/><U48/><E102/><V134/><F120/><W98/><G98/><T124/><D124/><U119/><E48/><V79/><F134/><W15/><G2/><T88/><D88/><U33/><E101/><V38/><F38/><W89/><REACH who="3" step="1"/><G91/><REACH who="3" ten="360,210,210,200" step="2"/><T53/><D53/><U71/><E33/><V51/><F34/><W110/><G110/><T99/><D99/><U131/><E108/><V105/><F109/><W126/><G126/><T47/><D47/><U90/><E90/><V44/><F46/><W65/><G65/><T32/><D32/><U45/><E66/><V135/><F44/><W61/><G61/><T116/><D116/><U121/><E63/><V16/><F111/><W132/><G132/><T11/><D11/><AGARI ba="1,2" hai="6,11,12,14,15,18,21,25,54,58,60,89,93,96" machi="11" ten="40,12000,2" yaku="1,1,25,2,8,1,52,1,53,2" doraHai="68,7" doraHaiUra="87,22" who="3" fromWho="0" sc="360,-123,210,0,210,0,200,143" /><INIT seed="1,0,0,0,0,95" ten="237,210,210,343" oya="1" hai0="122,78,39,123,4,37,112,0,121,68,128,14,71" hai1="21,17,108,15,75,74,127,52,7,114,96,50,131" hai2="106,34,47,104,55,126,77,65,84,62,86,97,26" hai3="13,23,120,36,28,102,91,124,48,72,134,58,56"/><U49/><E114/><V25/><F126/><W66/><G36/><N who="0" m="13899" /><D0/><U16/><E127/><V70/><F104/><W5/><G72/><T22/><D112/><U57/><E131/><V92/><F26/><W100/><G134/><T32/><D32/><U115/><E115/><V87/><F77/><W116/><G120/><T24/><D128/><U8/><E108/><V81/><F81/><W51/><G116/><T61/><D78/><U60/><E17/><V73/><F73/><W80/><G5/><T79/><D79/><U69/><E69/><V111/><F111/><W67/><G80/><T103/><D103/><U41/><E41/><V88/><F106/><W40/><G40/><T46/><D46/><U89/><E75/><V18/><F18/><W2/><G2/><T38/><D38/><U117/><E117/><V129/><F129/><W83/><G83/><T98/><D98/><U1/><REACH who="1" step="1"/><E74/><REACH who="1" ten="237,200,210,343" step="2"/><V118/><F118/><W101/><G124/><T19/><D61/><U105/><E105/><V63/><F63/><W42/><G42/><T133/><D133/><U12/><E12/><V27/><REACH who="2" step="1"/><F34/><REACH who="2" ten="237,200,200,343" step="2"/><W110/><G110/><T82/><D123/><U20/><E20/><V43/><F43/><W53/><G23/><T93/><D122/><U64/><E64/><V109/><F109/><W119/><G67/><T130/><D121/><U30/><E30/><V11/><F11/><W59/><G28/><T29/><D130/><U132/><E132/><V10/><F10/><W76/><G66/><T54/><D29/><U45/><E45/><V135/><F135/><W113/><G119/><RYUUKYOKU ba="0,2" sc="237,-15,200,15,200,15,343,-15" hai1="1,7,8,15,16,21,49,50,52,57,60,89,96" hai2="25,27,47,55,62,65,70,84,86,87,88,92,97" /><INIT seed="1,1,2,1,1,62" ten="222,215,215,328" oya="1" hai0="36,119,78,56,33,24,106,92,51,39,28,112,76" hai1="77,54,26,108,124,61,133,120,27,42,38,50,47" hai2="65,105,52,60,35,131,59,22,14,102,74,98,127" hai3="30,34,128,121,5,135,86,31,99,129,2,107,126"/><U113/><E113/><V68/><F131/><N who="3" m="50251" /><G126/><T104/><D112/><U118/><E118/><V9/><F127/><W132/><G121/><T134/><D119/><U103/><E120/><V58/><F35/><W6/><G86/><T84/><D134/><N who="3" m="51241" /><G2/><T100/><D104/><U109/><E124/><V40/><F74/><W73/><G73/><T23/><D106/><U15/><E103/><V8/><F40/><W32/><G99/><T97/><D33/><N who="3" m="12905" /><G107/><T13/><D97/><U17/><E133/><V1/><F1/><W41/><G41/><T88/><D100/><U64/><E77/><V44/><F22/><W125/><G125/><T91/><D78/><U123/><E123/><V81/><F81/><W110/><G110/><T83/><D76/><U10/><E109/><V79/><F79/><W130/><G130/><T90/><D84/><U37/><E108/><V25/><F25/><W20/><G20/><T93/><D24/><U101/><E101/><V21/><F21/><W29/><AGARI ba="1,2" hai="5,6,29,30,31" m="12905,51241,50251" machi="29" ten="40,12000,2" yaku="28,2,19,1,20,1,34,2" doraHai="62" who="3" fromWho="3" sc="222,-31,215,-61,215,-31,328,143" /><INIT seed="2,0,0,1,1,91" ten="191,154,184,471" oya="2" hai0="79,69,125,64,34,72,114,131,43,22,129,8,4" hai1="20,46,44,96,87,55,62,59,36,41,109,3,98" hai2="77,52,33,21,81,29,35,97,50,1,9,90,126" hai3="14,7,108,54,15,115,113,100,16,57,104,133,99"/><V83/><F126/><W130/><G108/><T24/><D34/><U102/><E109/><V53/><F53/><W85/><G130/><N who="0" m="49675" /><D125/><U70/><E3/><V17/><F29/><W106/><G15/><N who="0" m="5511" /><D114/><U5/><E5/><V6/><F97/><W60/><G104/><T118/><D118/><U2/><E2/><V95/><F83/><W25/><G57/><T67/><D43/><U63/><E46/><V30/><F30/><W71/><G85/><T128/><D69/><U56/><E70/><V112/><F112/><W28/><G14/><T13/><D13/><U26/><E87/><N who="2" m="52703" /><F81/><W103/><G54/><T89/><D89/><U42/><E42/><V27/><F77/><W18/><G99/><T31/><D128/><U122/><E122/><V88/><F88/><W124/><G28/><T132/><D132/><U117/><E117/><V134/><F134/><W37/><G106/><T12/><D12/><U61/><E98/><V78/><F78/><W11/><G37/><T49/><D49/><U127/><E127/><V84/><F84/><W101/><G124/><T111/><D111/><U86/><E86/><V66/><F66/><N who="3" m="41415" /><G133/><T116/><D116/><U94/><REACH who="1" step="1"/><E55/><REACH who="1" ten="191,144,184,471" step="2"/><V76/><F52/><W73/><G115/><T75/><D72/><U120/><E120/><V58/><F76/><W110/><G113/><T19/><D75/><U51/><E51/><V105/><F105/><W107/><G73/><T10/><D79/><U121/><E121/><V48/><F50/><W45/><G107/><T47/><D47/><U74/><E74/><V0/><F1/><N who="3" m="495" /><G110/><T68/><D68/><RYUUKYOKU ba="0,1" sc="191,10,144,10,184,10,471,-30" hai0="10,19,22,24,31,64,67" hai1="20,26,36,41,44,56,59,61,62,63,94,96,102" hai2="0,6,9,17,21,27,33,35,48,58" /><INIT seed="2,1,1,2,4,121" ten="201,154,194,441" oya="2" hai0="45,11,47,123,61,108,105,8,30,96,111,36,87" hai1="67,9,64,100,37,3,107,69,117,35,21,72,131" hai2="98,84,50,46,58,77,51,124,70,53,125,73,135" hai3="57,32,7,82,24,99,119,39,44,12,33,10,130"/><V66/><F135/><W16/><G119/><T94/><D105/><U4/><E21/><V90/><F98/><W103/><G130/><T126/><D123/><U68/><E67/><V54/><F77/><W60/><G39/><T115/><D115/><U31/><E117/><V5/><F5/><W92/><G44/><T23/><D126/><N who="2" m="48746" /><F73/><W19/><G82/><T56/><D87/><U43/><E131/><V93/><F66/><W83/><G83/><T114/><D114/><U97/><E72/><V116/><F116/><W89/><G103/><N who="0" m="60823" /><D23/><U120/><E120/><V42/><F70/><W59/><G59/><T129/><D30/><U88/><E64/><V48/><F54/><N who="3" m="33847" /><G7/><T6/><D129/><U134/><E88/><V127/><N who="2" m="48754" /><V15/><DORA hai="132" /><F15/><W14/><G12/><T38/><D6/><U75/><E75/><V52/><F52/><W101/><G101/><T13/><D36/><AGARI ba="1,1" hai="36,42,46,48,50,51,53,58,84,90,93" m="48754" machi="36" ten="40,12000,1" yaku="18,1,52,4" doraHai="121,132" who="2" fromWho="0" sc="201,-123,154,0,194,133,441,0" /><INIT seed="2,2,0,0,2,2" ten="78,154,327,441" oya="2" hai0="13,85,111,82,19,48,96,8,22,101,65,58,41" hai1="59,79,10,135,40,75,52,56,12,133,78,7,121" hai2="60,134,64,18,128,33,118,3,50,76,106,5,32" hai3="122,91,114,21,31,20,6,28,119,126,53,44,129"/><V109/><F118/><W0/><G119/><T30/><D111/><U103/><E121/><V63/><F106/><W51/><G122/><T49/><D41/><U9/><E40/><V43/><F109/><W39/><G39/><T68/><D68/><U73/><E103/><V38/><F134/><N who="1" m="51209" /><E59/><V4/><F128/><W84/><G126/><T54/><D65/><U29/><E29/><N who="3" m="11338" /><G0/><T116/><D116/><U15/><E75/><V16/><F3/><W117/><G117/><T93/><D30/><U81/><E78/><V27/><F32/><W80/><G129/><T108/><D108/><U99/><E99/><V100/><F33/><W61/><G114/><T132/><D132/><U123/><E123/><V127/><F127/><W14/><G61/><N who="2" m="23625" /><F38/><W47/><G47/><T74/><D74/><U88/><E88/><V115/><F115/><W90/><G90/><T83/><D83/><U125/><E125/><V67/><F76/><W87/><G87/><T105/><D105/><U120/><E120/><V92/><F27/><W46/><G46/><T97/><D97/><U69/><E69/><V110/><F110/><W102/><G102/><T55/><D85/><U34/><E34/><V26/><F26/><W45/><G45/><N who="0" m="27919" /><D82/><U25/><E81/><V70/><F70/><W86/><G86/><T71/><D71/><U131/><E131/><V104/><F104/><W124/><G124/><T57/><D57/><U37/><E37/><V95/><F100/><W42/><G42/><T1/><D1/><U107/><E107/><V112/><F112/><W98/><G98/><T89/><D101/><RYUUKYOKU ba="2,0" sc="78,15,154,-15,327,-15,441,15" hai0="8,13,19,22,49,55,58,89,93,96" hai3="6,14,20,21,44,51,53,80,84,91" /><INIT seed="3,3,0,3,3,70" ten="93,139,312,456" oya="3" hai0="26,0,126,44,40,51,107,84,130,7,134,47,63" hai1="27,96,86,46,82,48,113,123,117,57,92,22,42" hai2="119,105,74,20,121,89,15,35,68,99,45,103,72" hai3="91,131,101,94,64,71,32,97,39,4,104,77,116"/><W111/><G39/><T29/><D107/><U28/><E113/><V60/><F119/><W65/><G4/><T25/><D126/><U16/><E123/><V83/><F35/><W54/><G54/><T13/><D130/><U69/><E69/><V120/><F45/><W6/><G6/><T93/><D0/><U24/><E117/><V14/><F89/><W9/><G94/><T98/><D134/><U124/><E124/><V18/><F83/><W33/><G9/><T36/><D84/><U61/><E28/><V38/><F38/><W108/><G91/><T133/><D133/><U114/><E114/><V49/><F49/><W88/><G88/><T53/><D63/><U17/><E17/><V59/><F15/><W79/><G71/><T80/><D80/><U125/><E125/><V106/><F106/><W12/><G12/><T73/><D73/><U112/><E112/><V62/><F62/><W66/><G32/><T11/><REACH who="0" step="1"/><D29/><REACH who="0" ten="83,139,312,456" step="2"/><U81/><E86/><V3/><F3/><W43/><G104/><T58/><D58/><U110/><E82/><V23/><F59/><W52/><G33/><T55/><D55/><N who="1" m="33983" /><E81/><V76/><F60/><W115/><G116/><T90/><AGARI ba="3,1" hai="7,11,13,25,26,36,40,44,47,51,53,90,93,98" machi="90" ten="20,8000,1" yaku="1,1,0,1,7,1,52,1,53,1" doraHai="70" doraHaiUra="1" who="0" fromWho="0" sc="83,99,139,-23,312,-23,456,-43" owari="182,-21.8,116,-38.4,289,8.9,413,51.3" /></mjloggm>