<mjloggm ver="2.3"><GO type="225" lobby="0"/><UN n0="%E3%81%BD%E3%81%A1%E3%81%9F%E3%81%93%E3%82%84" n1="%E4%B8%89%E5%88%86%E5%B0%8F%E5%83%A7" n2="%6D%75%75%73%61%6E%6D%75" n3="%E8%BE%9B%E5%8F%A3%E3%82%AB%E3%83%AC%E3%83%BC%E3%83%A9%E3%82%A4%E3%82%B9" dan="17,16,17,17" rate="2175.41,2109.56,2148.48,2227.70" sx="M,M,F,M"/><TAIKYOKU oya="0"/><INIT seed="0,0,0,3,2,113" ten="250,250,250,250" oya="0" hai0="97,109,3,135,110,99,134,131,36,8,68,51,130" hai1="41,43,73,129,40,58,61,21,91,105,29,69,102" hai2="115,59,128,80,74,106,63,70,49,82,71,72,2" hai3="42,24,46,78,118,56,50,0,126,33,65,26,5"/><T123/><D36/><U28/><E69/><V81/><F115/><W85/><G126/><T52/><D68/><U44/><E73/><V125/><F106/><W114/><G114/><T94/><D123/><U1/><E1/><V19/><F125/><W39/><G33/><T104/><D104/><U62/><E129/><N who="0" m="49161" /><D8/><U27/><E29/><V124/><F124/><W89/><G78/><T10/><D10/><U13/><E13/><V112/><F128/><W31/><G5/><T88/><D99/><U37/><E62/><V96/><F112/><W67/><G0/><T103/><D103/><U14/><E14/><V77/><F2/><W6/><G6/><T117/><D117/><U23/><E23/><V35/><F35/><W76/><G76/><T92/><D92/><U100/><E91/><V90/><F70/><W120/><G120/><T18/><D18/><U87/><E87/><V107/><F72/><W60/><G118/><T75/><D75/><U25/><E25/><N who="3" m="9834" /><G39/><T121/><D121/><U47/><E105/><V54/><F107/><W116/><G31/><T132/><D3/><U133/><E43/><V55/><F71/><W45/><G42/><T53/><D53/><U32/><E32/><V93/><REACH who="2" step="1"/><F19/><REACH who="2" ten="250,250,240,250" step="2"/><W11/><G116/><T38/><D38/><U83/><E37/><V122/><F122/><W127/><G127/><T111/><D134/><U12/><E28/><V95/><F95/><W108/><G108/><T86/><D97/><U20/><E133/><V57/><AGARI ba="0,1" hai="49,54,55,57,59,63,74,77,80,81,82,90,93,96" machi="57" ten="20,2700,0" yaku="1,1,0,1,7,1,53,0" doraHai="113" doraHaiUra="98" who="2" fromWho="2" sc="250,-13,250,-7,240,37,250,-7" /><INIT seed="1,0,0,1,0,117" ten="237,243,277,243" oya="1" hai0="123,106,30,66,77,54,120,118,44,25,116,97,73" hai1="115,39,56,132,122,131,125,130,22,88,65,124,51" hai2="40,26,41,72,103,18,89,83,49,35,91,126,14" hai3="50,90,96,87,16,27,80,129,31,11,93,3,24"/><U10/><E115/><V47/><F126/><N who="1" m="48745" /><E122/><N who="0" m="46633" /><D66/><U0/><E0/><V70/><F70/><W69/><G129/><N who="1" m="49162" /><E10/><V8/><F103/><W98/><G69/><T134/><D134/><U85/><E39/><V58/><F72/><W38/><G38/><T36/><D77/><U105/><E105/><V109/><F35/><W111/><G111/><T110/><D73/><U128/><N who="1" m="49170" /><U100/><DORA hai="46" /><E100/><V113/><F109/><W9/><G3/><T81/><D81/><N who="1" m="49199" /><E22/><N who="2" m="13655" /><F113/><W64/><G9/><T104/><D110/><U5/><E5/><N who="2" m="3343" /><F83/><W127/><G80/><T32/><D36/><U76/><E76/><V82/><F82/><W92/><G11/><T13/><D106/><U34/><E34/><V61/><F89/><W99/><G90/><T79/><D79/><U135/><E65/><N who="2" m="39095" /><F91/><W29/><G64/><T57/><D104/><U28/><E28/><V20/><F20/><W63/><G31/><T94/><D30/><U60/><E60/><V74/><F74/><W33/><G63/><T101/><D32/><U78/><E78/><V45/><F49/><W43/><G50/><T102/><D101/><U86/><E86/><V2/><F2/><W53/><G87/><T21/><D102/><U71/><E71/><V114/><F114/><W19/><G33/><T55/><D116/><U62/><E62/><V95/><F95/><W1/><G93/><T37/><D94/><U68/><E68/><V4/><F4/><W48/><G92/><T119/><D118/><U7/><E7/><V6/><F6/><W75/><G127/><T12/><D119/><U23/><E23/><RYUUKYOKU ba="0,0" sc="237,-15,243,15,277,15,243,-15" hai1="51,56,132,135" hai2="40,41,45,47" /><INIT seed="1,1,0,4,0,66" ten="222,258,292,228" oya="1" hai0="123,48,28,0,85,116,53,72,92,78,45,36,20" hai1="134,34,49,98,135,115,37,39,58,55,96,52,5" hai2="77,81,64,112,82,23,19,125,29,87,86,100,61" hai3="41,1,88,11,80,32,91,35,71,89,42,121,108"/><U117/><E115/><V30/><F112/><W103/><G121/><T9/><D116/><U75/><E117/><V126/><F100/><W122/><G122/><T118/><D123/><U109/><E34/><V6/><F6/><W69/><G103/><T110/><D110/><U44/><E75/><V84/><F19/><W13/><G1/><T104/><D104/><U56/><E109/><V3/><F3/><W8/><G80/><N who="2" m="30825" /><F77/><W63/><G63/><T51/><D72/><U120/><E120/><V127/><F23/><W40/><G108/><T83/><D36/><U106/><E5/><V47/><F47/><W18/><REACH who="3" step="1"/><G11/><REACH who="3" ten="222,258,292,218" step="2"/><T57/><D118/><U124/><E124/><V16/><F16/><W111/><G111/><T7/><D9/><U102/><E135/><V22/><F22/><W94/><G94/><T65/><D92/><U133/><E133/><V79/><F79/><W62/><G62/><T26/><D0/><U38/><E134/><V60/><F60/><W90/><N who="3" m="22528" /><DORA hai="107" /><W129/><G129/><T132/><D132/><U99/><REACH who="1" step="1"/><E44/><REACH who="1" ten="222,248,292,218" step="2"/><V33/><F33/><AGARI ba="1,2" hai="8,13,18,32,33,35,40,41,42,69,71" m="22528" machi="33" ten="60,8000,1" yaku="1,1,52,2,54,1,53,0" doraHai="66,107" doraHaiUra="25,43" who="3" fromWho="2" sc="222,0,248,0,292,-83,218,103" /><INIT seed="2,0,0,0,5,3" ten="222,248,209,321" oya="2" hai0="38,125,53,27,30,94,31,95,59,135,91,105,117" hai1="104,20,127,65,115,121,71,101,72,43,23,62,64" hai2="93,6,13,60,68,35,113,78,26,66,70,42,14" hai3="116,10,112,47,52,110,123,45,50,90,87,85,11"/><V100/><F113/><W107/><G116/><T106/><D117/><U81/><E115/><V34/><F78/><W118/><G118/><T21/><D38/><U39/><E127/><V98/><F70/><W67/><G112/><T111/><D125/><U55/><E65/><V80/><F80/><W24/><G107/><T75/><D75/><U61/><E121/><V58/><F42/><W63/><G110/><T74/><D74/><U99/><E39/><V12/><F68/><W44/><G24/><T122/><D135/><U54/><E43/><V109/><F109/><W130/><G130/><T19/><D122/><U29/><E62/><V102/><F102/><W92/><G87/><T32/><D95/><U128/><E128/><V57/><F57/><N who="3" m="37359" /><G123/><T1/><D1/><U97/><E97/><V41/><F41/><W5/><G5/><T120/><D31/><U134/><E134/><V17/><F35/><W89/><G89/><T8/><D111/><U86/><E72/><V25/><F34/><W84/><G84/><T96/><D8/><AGARI ba="0,0" hai="8,10,11,44,45,47,50,52,85,90,92" m="37359" machi="8" ten="30,2000,0" yaku="8,1,54,1" doraHai="3" who="3" fromWho="0" sc="222,-20,248,0,209,0,321,20" /><INIT seed="3,0,0,5,2,117" ten="202,248,209,341" oya="3" hai0="72,128,106,70,8,88,69,35,21,133,126,93,131" hai1="37,14,39,73,67,121,83,31,44,26,51,42,17" hai2="60,74,16,64,103,100,47,19,91,24,65,90,122" hai3="102,86,52,104,7,48,9,125,105,55,101,36,43"/><W4/><G86/><T96/><D35/><U15/><E121/><V127/><F74/><W87/><G87/><T129/><D72/><U94/><E67/><N who="2" m="25675" /><F127/><W85/><G85/><N who="0" m="52367" /><D126/><U134/><E134/><V12/><F122/><W45/><G9/><T23/><D133/><U75/><E15/><V118/><F118/><W5/><G125/><T97/><D8/><U135/><E94/><V130/><F130/><W120/><G120/><T84/><D84/><U49/><E135/><V22/><F60/><W62/><G62/><T80/><D80/><U59/><E75/><V61/><F61/><W25/><G25/><T114/><D114/><U33/><E51/><V27/><F47/><W112/><G55/><T50/><D50/><U123/><E59/><V111/><F111/><W3/><G3/><T108/><D108/><U54/><E54/><V38/><F38/><W124/><G102/><N who="2" m="38953" /><F24/><W29/><G29/><T78/><D78/><U71/><E71/><N who="0" m="27145" /><D106/><U107/><E107/><V79/><F79/><W28/><G5/><T1/><D1/><U77/><E123/><V66/><N who="2" m="25683" /><V53/><DORA hai="46" /><F53/><W109/><G52/><T89/><D89/><U32/><REACH who="1" step="1"/><E32/><REACH who="1" ten="202,238,209,341" step="2"/><V10/><AGARI ba="0,1" hai="10,12,16,19,22,27,90,91" m="38953,25683" machi="10" ten="40,2700,0" yaku="8,1,54,1" doraHai="117,46" who="2" fromWho="2" sc="202,-7,238,-7,209,37,341,-13" owari="195,-30.5,231,-16.9,246,4.6,328,42.8" /></mjloggm>