<mjloggm ver="2.3"><GO type="225" lobby="0"/><UN n0="%E3%82%B2%E3%82%B9%E8%8C%82%E5%8B%9D" n1="%E5%8D%A0%E3%81%84%E5%B8%AB%E8%A3%8F%E3%81%AA%E3%81%84%E3%81%97" n2="%E5%86%B7%E5%87%8D%E3%82%AE%E3%83%A7%E3%83%BC%E3%82%B6" n3="%E6%9D%B1%E9%A2%A8%E3%81%AE%E3%81%8D%E3%82%83%E3%81%B7%E3%81%95%E3%82%93" dan="16,16,17,16" rate="2087.23,2156.29,2208.24,2227.91" sx="F,M,M,M"/><TAIKYOKU oya="0"/><INIT seed="0,0,0,0,1,84" ten="250,250,250,250" oya="0" hai0="90,121,36,25,23,80,115,29,122,92,43,83,100" hai1="102,95,44,22,51,49,33,35,107,120,30,52,48" hai2="59,86,54,6,71,105,108,5,40,111,65,31,89" hai3="104,18,76,27,14,19,116,47,68,12,82,1,50"/><T81/><D115/><U70/><E107/><V56/><F105/><W72/><G104/><T109/><D100/><U74/><E74/><V34/><F40/><W91/><G68/><T10/><D109/><N who="2" m="42058" /><F71/><W20/><G1/><T114/><D114/><U134/><E120/><V38/><F38/><W77/><G116/><T87/><REACH who="0" step="1"/><D10/><REACH who="0" ten="240,250,250,250" step="2"/><U58/><E134/><V128/><F128/><W126/><G126/><T61/><D61/><U130/><E130/><V135/><F135/><W113/><G113/><T42/><D42/><U15/><E70/><V101/><F101/><W46/><G50/><T99/><D99/><U67/><E44/><AGARI ba="0,1" hai="23,25,29,36,43,44,80,81,83,87,90,92,121,122" machi="44" ten="40,3900,0" yaku="1,1,52,1,53,0" doraHai="84" doraHaiUra="13" who="0" fromWho="1" sc="240,49,250,-39,250,0,250,0" /><INIT seed="0,1,0,5,3,2" ten="289,211,250,250" oya="0" hai0="102,108,96,128,9,121,43,60,26,27,59,74,25" hai1="94,134,45,11,23,47,29,62,71,63,28,69,92" hai2="118,105,117,116,130,7,38,19,72,84,5,77,135" hai3="76,14,17,95,112,18,20,16,98,65,67,50,3"/><T81/><D128/><U131/><E23/><V35/><F130/><W89/><G3/><T32/><D121/><U129/><REACH who="1" step="1"/><E11/><REACH who="1" ten="289,201,250,250" step="2"/><V13/><F35/><W57/><G112/><T104/><D9/><U113/><E113/><V21/><F116/><W100/><G20/><T82/><D32/><U49/><E49/><V48/><F48/><W54/><G14/><T110/><D43/><U124/><E124/><V42/><F13/><W40/><G40/><T111/><REACH who="0" step="1"/><D74/><REACH who="0" ten="279,201,250,250" step="2"/><U6/><E6/><V120/><F5/><W122/><G122/><T55/><AGARI ba="1,2" hai="25,26,27,55,59,60,81,82,96,102,104,108,110,111" machi="55" ten="40,12000,1" yaku="1,1,2,1,0,1,14,1,10,1,53,0" doraHai="2" doraHaiUra="85" who="0" fromWho="0" sc="279,143,201,-41,250,-41,250,-41" /><INIT seed="0,2,0,1,3,23" ten="422,160,209,209" oya="0" hai0="36,96,28,26,57,0,48,84,98,122,49,33,32" hai1="134,102,85,18,39,61,46,112,53,69,105,71,108" hai2="11,76,35,13,58,106,131,110,67,60,4,92,119" hai3="77,5,87,83,75,8,20,103,41,73,94,114,104"/><T130/><D122/><U54/><E108/><V117/><F110/><W65/><G65/><T116/><D36/><U3/><E3/><V40/><F131/><W59/><G59/><T93/><D130/><U129/><E129/><V64/><F106/><W132/><G132/><T128/><D128/><U31/><E134/><V1/><F35/><W43/><G114/><T91/><D116/><N who="2" m="44618" /><F40/><W127/><G127/><T88/><D0/><U52/><E112/><V79/><F67/><W15/><G20/><T70/><D70/><U133/><E133/><V66/><F66/><W78/><G78/><N who="2" m="29737" /><F92/><W27/><G27/><T120/><D120/><U90/><E31/><V21/><F21/><W113/><G113/><T10/><D10/><U80/><E18/><V62/><F62/><W6/><G6/><T24/><D57/><U38/><E61/><V125/><F1/><W55/><G55/><T45/><D45/><U99/><REACH who="1" step="1"/><E39/><REACH who="1" ten="422,150,209,209" step="2"/><V37/><F37/><W81/><G73/><T7/><D28/><U100/><E100/><V30/><F30/><W25/><G103/><T29/><D29/><U121/><E121/><V22/><F125/><W74/><G74/><T19/><D19/><U101/><E101/><V68/><F68/><W95/><G75/><T123/><D123/><U135/><E135/><V9/><F4/><W107/><G5/><T97/><D7/><U124/><E124/><V34/><F34/><W86/><G107/><T109/><D32/><U111/><E111/><V50/><F50/><W63/><G104/><T42/><D33/><U126/><E126/><V118/><F118/><RYUUKYOKU ba="2,1" sc="422,-15,150,15,209,15,209,-15" hai1="38,46,52,53,54,69,71,80,85,90,99,102,105" hai2="9,11,13,22,58,60,64" /><INIT seed="1,3,1,5,2,98" ten="407,165,224,194" oya="1" hai0="103,6,110,111,85,120,13,8,108,81,78,68,42" hai1="74,26,41,12,33,101,113,124,64,70,109,95,55" hai2="4,57,128,99,116,39,58,72,0,45,50,16,21" hai3="34,133,62,1,54,15,79,56,28,97,44,46,69"/><U36/><E113/><V5/><F116/><W43/><G1/><T112/><D112/><U100/><E74/><V125/><F72/><W94/><G133/><T96/><D120/><U22/><E33/><V76/><F76/><W73/><G69/><T47/><D68/><U29/><E36/><V127/><F128/><W66/><G34/><T27/><D27/><U107/><E107/><V126/><F39/><W30/><G73/><T87/><D87/><U91/><E124/><V40/><F99/><W61/><G79/><T104/><D47/><U132/><E41/><AGARI ba="3,1" hai="6,8,13,41,42,78,81,85,96,103,104,108,110,111" machi="41" ten="40,2600,0" yaku="14,1,52,1" doraHai="98" who="0" fromWho="1" sc="407,45,165,-35,224,0,194,0" /><INIT seed="2,0,0,4,4,55" ten="452,130,224,194" oya="2" hai0="36,128,135,106,6,54,25,7,119,88,130,92,117" hai1="118,97,38,68,13,102,107,129,44,40,91,60,121" hai2="12,8,78,24,80,84,20,61,74,101,66,23,11" hai3="79,53,42,63,87,62,59,21,89,109,45,96,110"/><V0/><F0/><W111/><G79/><T76/><D135/><U57/><E118/><N who="0" m="45065" /><D106/><U2/><E2/><V133/><F133/><W10/><G10/><T123/><D123/><U124/><E121/><V29/><F74/><W28/><G96/><N who="0" m="57351" /><D36/><U113/><E113/><V27/><F12/><W52/><G28/><T94/><D76/><U70/><E129/><N who="0" m="49769" /><D25/><U90/><E124/><V31/><REACH who="2" step="1"/><F101/><REACH who="2" ten="452,130,214,194" step="2"/><W82/><G111/><T114/><D114/><U47/><E13/><V19/><F19/><W69/><G110/><T83/><D83/><U64/><REACH who="1" step="1"/><E44/><REACH who="1" ten="452,120,214,194" step="2"/><V17/><F17/><W134/><G45/><T4/><D6/><U5/><E5/><V43/><F43/><W65/><G42/><T103/><D7/><U49/><E49/><V14/><F14/><W93/><G109/><T115/><D4/><U72/><E72/><V48/><F48/><N who="3" m="31111" /><G134/><T3/><D3/><U56/><E56/><AGARI ba="0,2" hai="8,11,20,23,24,27,29,31,56,61,66,78,80,84" machi="56" ten="30,12000,1" yaku="1,1,7,1,9,1,8,1,52,1,53,0" doraHai="55" doraHaiUra="85" who="2" fromWho="1" sc="452,0,120,-120,214,140,194,0" /><INIT seed="2,1,0,5,2,84" ten="452,0,354,194" oya="2" hai0="104,133,92,35,93,37,41,118,75,76,6,7,53" hai1="129,45,20,77,42,19,34,46,17,48,81,52,117" hai2="47,13,135,15,103,90,122,32,116,2,71,63,126" hai3="95,33,79,105,59,73,68,88,86,67,97,123,12"/><V54/><F2/><W130/><G33/><T22/><D104/><U107/><E117/><V82/><F32/><W24/><G68/><T120/><D35/><U18/><E107/><V128/><F122/><W8/><G24/><T14/><D120/><U110/><E34/><V102/><F71/><W131/><G123/><T29/><D41/><U109/><E129/><V5/><F128/><N who="3" m="49195" /><G59/><T64/><D37/><U55/><E20/><V115/><F126/><W50/><G50/><T125/><D64/><U87/><E46/><V61/><F135/><W43/><G43/><T127/><D133/><U21/><E21/><V113/><F82/><N who="3" m="45423" /><G67/><T91/><D53/><U94/><E94/><V30/><F54/><W78/><G12/><T10/><D93/><U108/><AGARI ba="1,0" hai="17,18,19,42,45,48,52,55,77,81,87,108,109,110" machi="108" ten="40,5200,0" yaku="0,1,14,1,54,1" doraHai="84" who="1" fromWho="1" sc="452,-14,0,55,354,-27,194,-14" /><INIT seed="3,0,0,5,5,12" ten="438,55,327,180" oya="3" hai0="62,118,57,101,114,3,127,120,129,134,18,87,47" hai1="54,24,8,117,56,44,23,81,16,115,21,32,2" hai2="107,49,36,48,43,17,98,108,11,4,64,38,61" hai3="124,89,125,51,133,28,52,31,46,92,121,130,35"/><W97/><G121/><T0/><D118/><U41/><E115/><V68/><F108/><W113/><G113/><T19/><D120/><U14/><E117/><V67/><F107/><W131/><G35/><T27/><D114/><U1/><E32/><V29/><F98/><W88/><G89/><T78/><D127/><N who="3" m="48713" /><G133/><T91/><D129/><AGARI ba="0,0" hai="28,31,46,51,52,88,92,97,129,130,131" m="48713" machi="129" ten="30,11600,0" yaku="19,1,18,1,54,2" doraHai="12" who="3" fromWho="0" sc="438,-116,55,0,327,0,180,116" /><INIT seed="3,1,0,3,3,92" ten="322,55,327,296" oya="3" hai0="115,124,119,72,105,71,132,101,94,111,128,76,93" hai1="21,100,39,17,8,44,34,73,47,114,130,18,131" hai2="51,110,133,31,37,88,41,54,3,19,42,13,49" hai3="5,84,14,43,106,9,67,91,57,112,121,6,79"/><W36/><G112/><T127/><RYUUKYOKU type="yao9" ba="1,0" sc="322,0,55,0,327,0,296,0" hai0="71,72,76,93,94,101,105,111,115,119,124,127,128,132" /><INIT seed="3,2,0,1,5,30" ten="322,55,327,296" oya="3" hai0="31,16,98,55,97,85,105,6,110,60,64,42,67" hai1="48,59,116,90,122,83,126,49,96,74,73,88,79" hai2="117,103,101,34,63,61,44,15,102,121,106,19,125" hai3="114,27,94,62,32,86,95,39,109,66,129,40,77"/><W25/><G114/><T68/><D110/><U75/><E59/><V26/><F117/><W71/><G129/><T82/><D6/><U21/><E21/><V93/><F106/><W10/><G109/><T112/><D112/><U41/><E41/><V99/><F125/><W113/><G113/><T115/><D115/><U51/><E126/><V47/><F34/><W130/><G130/><T3/><D3/><U89/><E116/><V107/><F26/><W33/><G10/><T80/><D31/><U50/><N who="1" m="12288" /><DORA hai="38" /><U100/><E122/><V124/><F107/><W0/><G0/><T46/><D55/><U18/><E18/><V23/><F121/><W1/><G1/><T65/><D80/><U54/><E54/><V133/><F133/><W4/><G4/><T36/><D16/><U45/><E45/><N who="2" m="17483" /><F124/><W123/><G123/><T127/><D127/><U118/><E118/><V104/><F104/><W78/><G40/><T72/><D72/><U84/><REACH who="1" step="1"/><E100/><AGARI ba="2,0" hai="15,19,23,61,63,93,99,100,101,102,103" m="17483" machi="100" ten="30,1000,0" yaku="8,1" doraHai="30,38" who="2" fromWho="1" sc="322,0,55,-16,327,16,296,0" owari="322,12.2,39,-46.1,343,44.3,296,-10.4" /></mjloggm>