<mjloggm ver="2.3"><GO type="225" lobby="0"/><UN n0="%E5%A4%96%E5%B7%9D%E7%AB%9C%E6%88%90" n1="%E3%81%8B%E3%82%8F%E3%81%A1%E3%82%83%E3%82%93%35%38" n2="%E5%86%B7%E5%87%8D%E3%82%AE%E3%83%A7%E3%83%BC%E3%82%B6" n3="%E3%81%82%E3%81%99%E3%81%AB%E3%82%83%E3%82%80" dan="16,16,16,16" rate="2239.05,2091.06,2114.28,2160.13" sx="M,M,M,F"/><TAIKYOKU oya="0"/><INIT seed="0,0,0,5,0,57" ten="250,250,250,250" oya="0" hai0="9,108,103,20,105,44,119,106,113,85,121,116,46" hai1="33,14,48,99,26,95,115,109,41,37,68,111,76" hai2="15,118,17,90,21,125,32,50,47,10,39,45,72" hai3="16,127,12,43,104,117,97,53,25,131,74,24,29"/><T75/><D113/><U7/><E115/><V91/><F32/><W31/><G117/><T30/><D121/><U49/><E68/><V89/><F118/><W94/><G74/><T6/><D75/><U120/><E120/><V84/><F125/><W79/><G79/><T73/><D73/><U88/><E76/><V19/><F39/><W27/><G127/><T4/><D20/><U133/><E133/><V54/><F72/><W78/><G78/><T5/><D9/><N who="1" m="4415" /><E41/><V2/><F47/><W102/><G43/><T34/><D4/><U77/><E77/><V101/><F101/><W62/><G104/><T126/><D103/><U92/><E37/><V42/><F42/><W123/><G131/><T114/><D114/><U107/><E107/><V71/><F71/><W87/><G87/><T67/><D85/><N who="1" m="52239" /><E26/><N who="2" m="14639" /><F2/><W82/><G82/><AGARI ba="0,0" hai="10,15,19,45,50,54,82,84,89,90,91" m="14639" machi="82" ten="30,2000,0" yaku="25,1,8,1" doraHai="57" who="2" fromWho="3" sc="250,0,250,0,250,20,250,-20" /><INIT seed="1,0,0,4,5,132" ten="250,250,270,230" oya="1" hai0="97,53,105,119,47,87,7,42,49,122,59,4,21" hai1="39,124,129,110,32,68,19,88,43,14,102,52,116" hai2="69,71,126,91,114,29,27,72,103,74,107,127,81" hai3="54,89,85,28,131,15,86,2,31,117,100,108,115"/><U41/><E116/><V62/><F114/><W8/><G115/><T83/><D119/><U35/><E68/><N who="2" m="26187" /><F91/><W75/><G108/><T111/><D111/><U9/><E110/><V25/><F62/><W73/><G2/><T26/><D122/><U61/><E102/><V79/><F74/><W90/><G117/><T1/><D105/><U51/><E129/><V98/><F25/><W17/><G100/><T20/><D97/><U112/><E112/><V33/><AGARI ba="0,0" hai="27,29,33,72,79,81,98,103,107,126,127" m="26187" machi="33" ten="30,4000,0" yaku="23,1,52,2" doraHai="132" who="2" fromWho="2" sc="250,-10,250,-20,270,40,230,-10" /><INIT seed="2,0,0,3,4,132" ten="240,230,310,220" oya="2" hai0="89,57,97,25,90,102,128,83,119,122,14,36,118" hai1="62,30,58,107,96,21,3,41,134,94,27,15,26" hai2="31,16,29,54,86,109,103,123,66,50,115,131,68" hai3="12,113,77,125,92,61,38,105,72,53,60,116,129"/><V124/><F115/><W43/><G105/><T10/><D36/><U81/><E134/><V82/><F123/><W42/><G113/><T22/><D122/><U32/><E3/><V17/><F131/><W95/><G116/><N who="0" m="44587" /><D128/><U91/><E107/><V59/><F109/><W64/><G129/><T117/><N who="0" m="44595" /><T100/><DORA hai="44" /><D57/><U127/><E41/><V49/><F68/><W55/><G72/><T99/><D83/><U7/><E127/><V19/><F66/><W5/><G77/><T34/><D34/><U18/><E81/><V130/><F124/><W67/><G38/><T98/><D22/><U9/><E32/><V2/><F2/><W63/><G125/><T35/><D25/><U24/><REACH who="1" step="1"/><E30/><REACH who="1" ten="240,220,310,220" step="2"/><V121/><F31/><W88/><G42/><T101/><D35/><U56/><E56/><V39/><F29/><W45/><G43/><T13/><D10/><U28/><E28/><V79/><F121/><W70/><G45/><T0/><D0/><U46/><E46/><V93/><F130/><W76/><G70/><T85/><D85/><U33/><E33/><V40/><F40/><W4/><G95/><T87/><D87/><U135/><E135/><V84/><F39/><W75/><G75/><T74/><D74/><U106/><E106/><V71/><F71/><W52/><G76/><T69/><D69/><U8/><E8/><V73/><F73/><W80/><G80/><T110/><D110/><U126/><E126/><V47/><F86/><N who="3" m="52247" /><G4/><T114/><D114/><U11/><E11/><AGARI ba="0,1" hai="5,11,12,52,53,55,60,61,63,64,67" m="52247" machi="11" ten="30,3900,0" yaku="8,1,54,2" doraHai="132,44" who="3" fromWho="1" sc="240,0,220,-39,310,0,220,49" /><INIT seed="3,0,0,4,1,40" ten="240,181,310,269" oya="3" hai0="37,77,86,31,73,67,20,71,34,3,36,64,29" hai1="10,135,54,120,99,33,111,118,83,129,91,22,80" hai2="63,7,60,87,46,35,0,117,18,68,122,42,105" hai3="45,98,107,102,126,100,38,57,113,96,131,11,132"/><W56/><G113/><T104/><D104/><U74/><E33/><V108/><F117/><W16/><G126/><T39/><D3/><U119/><E22/><V62/><F35/><W9/><G131/><T59/><D73/><U134/><E10/><V28/><F28/><W133/><G38/><T94/><D34/><U79/><E54/><V106/><F68/><W95/><G45/><T25/><D71/><U75/><E120/><V52/><F108/><W130/><G130/><T44/><D31/><U48/><E48/><V82/><F18/><W61/><G9/><T115/><D115/><U1/><E1/><V109/><F109/><W6/><G6/><T93/><D44/><U14/><E14/><V92/><F7/><W103/><G103/><T88/><D77/><U32/><E32/><V58/><F0/><W66/><REACH who="3" step="1"/><G57/><REACH who="3" ten="240,181,310,259" step="2"/><T55/><D93/><N who="1" m="56767" /><E129/><V24/><F92/><W110/><G110/><T27/><D36/><U19/><E111/><V90/><F122/><W84/><G84/><T13/><D37/><U89/><E19/><V5/><F5/><W114/><G114/><T41/><D39/><U97/><E74/><V81/><F46/><W17/><G17/><T78/><D59/><U8/><E8/><V49/><F42/><W2/><G2/><T127/><D127/><U112/><E112/><V70/><F70/><W76/><G76/><T12/><D78/><U23/><E97/><V123/><F123/><W121/><G121/><T21/><D86/><N who="1" m="50375" /><E23/><V51/><F58/><W128/><G128/><T101/><D21/><U53/><E53/><V26/><F52/><RYUUKYOKU ba="0,1" sc="240,-15,181,15,310,-15,259,15" hai1="75,79,83,118,119,134,135" hai3="11,16,56,61,66,95,96,98,100,102,107,132,133" /><INIT seed="3,1,1,1,4,81" ten="225,196,295,274" oya="3" hai0="2,26,73,93,20,19,75,33,13,66,16,67,17" hai1="80,123,119,30,5,88,22,53,46,54,94,52,79" hai2="68,50,65,14,25,124,3,61,29,40,57,112,99" hai3="128,98,77,24,82,121,91,18,21,49,48,100,129"/><W71/><G71/><T133/><D133/><U27/><E123/><V72/><F3/><W59/><G121/><T4/><D75/><U15/><E119/><V105/><F112/><W35/><G91/><T10/><D73/><U126/><E126/><V1/><F1/><W90/><G90/><T45/><D45/><U87/><E5/><V101/><F72/><N who="3" m="43303" /><G59/><T63/><D93/><U118/><E118/><V6/><F124/><W127/><G35/><T111/><D111/><U130/><E130/><N who="3" m="50282" /><G127/><T41/><D41/><U84/><E15/><V108/><F108/><W125/><G125/><T51/><D51/><AGARI ba="1,1" hai="22,27,30,46,51,52,53,54,79,80,84,87,88,94" machi="51" ten="40,8000,1" yaku="8,1,52,2,54,2" doraHai="81" who="1" fromWho="0" sc="225,-83,196,93,295,0,274,0" /><INIT seed="4,0,0,4,2,26" ten="142,289,295,274" oya="0" hai0="42,101,88,29,117,127,110,119,106,100,99,73,68" hai1="28,98,5,62,59,95,93,77,126,47,131,111,79" hai2="82,54,38,12,49,96,118,97,46,56,1,58,135" hai3="115,7,102,27,109,16,84,76,39,103,15,122,72"/><T120/><D120/><U129/><E111/><V74/><F1/><W43/><G109/><T66/><D110/><U57/><E126/><V33/><F33/><W94/><G115/><T9/><D127/><U20/><E5/><V124/><F124/><W3/><G122/><T32/><D73/><U85/><E47/><V123/><F123/><W78/><G27/><N who="0" m="18495" /><D100/><U48/><E48/><V21/><F118/><W89/><G39/><T61/><D42/><U104/><E104/><V23/><F38/><W90/><G43/><T34/><D34/><U105/><E105/><V121/><F74/><W112/><G112/><T65/><D65/><U67/><E59/><N who="2" m="22571" /><F121/><W44/><G44/><T53/><D53/><U71/><E71/><V128/><F128/><N who="1" m="49225" /><E85/><V18/><F135/><W19/><G7/><T30/><D30/><U40/><E40/><V116/><F116/><W64/><G3/><T108/><D108/><U55/><E55/><V70/><F70/><W132/><G64/><T60/><D60/><U24/><E95/><V130/><F130/><W81/><G132/><T36/><D36/><U14/><E14/><N who="2" m="9431" /><F82/><W13/><G81/><T125/><D125/><U92/><E92/><V133/><F133/><W0/><G94/><N who="0" m="56775" /><D9/><U37/><E37/><V31/><F12/><W91/><G72/><T45/><D45/><U8/><E8/><V10/><F10/><N who="3" m="6199" /><G0/><T22/><D22/><U6/><E6/><V80/><F80/><N who="3" m="47111" /><G78/><T4/><D4/><U134/><E134/><V51/><F51/><W63/><G63/><T75/><D75/><U35/><E35/><V114/><F114/><RYUUKYOKU ba="0,0" sc="142,0,289,0,295,0,274,0" hai0="61,66,68,101,106,117,119" hai1="20,24,28,57,62,67,77,79,93,98" hai2="23,31,46,49,54,96,97" hai3="15,19,89,90,91,102,103" /><INIT seed="4,1,0,2,2,108" ten="142,289,295,274" oya="0" hai0="84,65,50,2,48,25,86,68,128,132,95,67,120" hai1="114,105,31,90,24,123,89,52,64,118,42,3,7" hai2="97,41,83,126,13,29,39,51,99,63,54,79,87" hai3="103,98,111,129,46,92,62,81,106,72,125,75,85"/><T6/><D120/><U58/><E118/><V94/><F39/><W19/><G111/><T100/><D128/><U117/><E123/><V76/><F126/><W32/><G32/><T11/><D132/><U101/><E117/><V124/><F124/><W113/><G125/><T16/><D100/><U88/><E114/><V9/><F29/><W60/><G113/><T115/><D115/><U133/><E133/><V96/><F76/><W15/><G129/><T44/><D68/><U26/><E42/><V70/><F41/><W74/><G46/><T56/><D56/><U116/><E116/><V5/><F70/><W34/><G34/><T22/><D50/><U45/><E45/><N who="2" m="28015" /><F63/><W4/><G4/><T59/><D95/><AGARI ba="1,0" hai="5,9,13,79,83,87,94,95,96,97,99" m="28015" machi="95" ten="30,1000,0" yaku="8,1" doraHai="108" who="2" fromWho="0" sc="142,-13,289,0,295,13,274,0" owari="129,-37.1,289,8.9,308,40.8,274,-12.6" /></mjloggm>