<mjloggm ver="2.3"><GO type="225" lobby="0"/><UN n0="%E6%80%AA%E3%81%97%E3%81%99%E3%81%8E%E3%82%8B%E3%83%81%E3%83%BC" n1="%E4%B8%89%E6%A7%93%E5%AD%90" n2="%6D%75%75%6D%75%72%61" n3="%E7%82%8E%E3%81%AE%E3%83%88%E3%83%AC%E3%83%BC%E3%83%80%E3%83%BC" dan="16,16,16,16" rate="2119.39,2058.06,2178.33,2152.41" sx="M,F,F,M"/><TAIKYOKU oya="0"/><INIT seed="0,0,0,5,0,104" ten="250,250,250,250" oya="0" hai0="89,103,11,128,85,13,56,34,96,74,51,97,6" hai1="78,88,57,69,122,72,37,59,14,115,130,60,120" hai2="124,2,7,12,100,22,39,15,67,4,87,117,83" hai3="26,86,98,28,8,3,29,18,55,101,48,90,134"/><T93/><D128/><U126/><E37/><V64/><F39/><W99/><G134/><T84/><D74/><U58/><E122/><V107/><F124/><W81/><G3/><T16/><D34/><U20/><E120/><V5/><F2/><W66/><G66/><T25/><D25/><U73/><E126/><V127/><F127/><W76/><G76/><T31/><D31/><U75/><E78/><V24/><F107/><W123/><G123/><T46/><D56/><U71/><E130/><V50/><F100/><W132/><G132/><T9/><D97/><U119/><E119/><V92/><F92/><W61/><G61/><T106/><D85/><U32/><E32/><V114/><F50/><W36/><G36/><T65/><D65/><N who="2" m="25162" /><F114/><W42/><G42/><T95/><D106/><U23/><E60/><V111/><F111/><W129/><G129/><T63/><D63/><U62/><E62/><V33/><F33/><W49/><G49/><T118/><D118/><U10/><E115/><V27/><F27/><W47/><G26/><T105/><D105/><U40/><E40/><V125/><F117/><W91/><G91/><T109/><D109/><U38/><E38/><V41/><F41/><W133/><G133/><T135/><D135/><U108/><E108/><V0/><F0/><W121/><G121/><T77/><D77/><U110/><E110/><V52/><F125/><W54/><G54/><N who="0" m="30071" /><D6/><N who="1" m="3415" /><E88/><N who="2" m="51327" /><F52/><W79/><G79/><T68/><D68/><U45/><E45/><V112/><F112/><W102/><G102/><T43/><D43/><U19/><E23/><AGARI ba="0,0" hai="9,11,13,16,23,84,89,93,95,96,103" m="30071" machi="23" ten="30,2900,0" yaku="8,1,54,1" doraHai="104" who="0" fromWho="1" sc="250,29,250,-29,250,0,250,0" /><INIT seed="0,1,0,1,0,43" ten="279,221,250,250" oya="0" hai0="123,127,51,62,70,6,134,65,45,135,38,92,53" hai1="99,22,42,89,84,103,116,39,72,35,133,10,60" hai2="131,113,71,86,55,77,25,36,26,47,76,85,108" hai3="48,74,104,95,9,4,29,54,15,69,124,75,3"/><T118/><D118/><U107/><E35/><V46/><F113/><W11/><G104/><T102/><D123/><U41/><E116/><V5/><F71/><W90/><G69/><T50/><D6/><U79/><E133/><N who="0" m="50697" /><D92/><U0/><E39/><V2/><F36/><W8/><G124/><T44/><D102/><U33/><E33/><V100/><F2/><W82/><G29/><T67/><D127/><U121/><E121/><V96/><F108/><W12/><G3/><T88/><D88/><U119/><E119/><V37/><F37/><W14/><G82/><T19/><D19/><U21/><E60/><V97/><F5/><W87/><REACH who="3" step="1"/><G4/><REACH who="3" ten="279,221,250,240" step="2"/><T56/><D70/><U98/><E0/><V57/><F131/><W129/><G129/><T16/><D16/><U122/><E122/><V93/><F93/><W28/><G28/><T13/><D13/><U128/><E107/><V27/><F27/><W17/><G17/><T24/><D24/><U130/><E130/><V115/><F115/><W105/><G105/><T20/><D20/><U80/><E22/><V64/><F26/><W125/><G125/><T109/><D109/><U58/><E21/><V30/><F25/><W1/><G1/><T106/><D106/><U132/><E128/><V40/><F30/><W112/><G112/><T34/><D34/><U111/><E132/><V78/><F78/><W61/><G61/><T32/><D32/><U83/><E111/><V7/><F7/><W23/><G23/><T18/><D18/><U49/><E79/><V126/><F126/><W110/><G110/><T52/><D62/><RYUUKYOKU ba="1,1" sc="279,15,221,-15,250,-15,240,15" hai0="38,44,45,50,51,52,53,56,65,67" hai3="8,9,11,12,14,15,48,54,74,75,87,90,95" /><INIT seed="0,2,1,2,3,53" ten="294,206,235,255" oya="0" hai0="121,20,90,49,107,115,75,110,34,12,2,119,76" hai1="112,29,45,108,24,31,16,41,99,7,39,18,133" hai2="28,56,123,74,43,21,47,85,38,54,130,10,9" hai3="5,118,82,30,40,92,15,71,14,64,26,122,59"/><T69/><RYUUKYOKU type="yao9" ba="2,1" sc="294,0,206,0,235,0,255,0" hai0="2,12,20,34,49,69,75,76,90,107,110,115,119,121" /><INIT seed="0,3,1,2,2,96" ten="294,206,235,255" oya="0" hai0="127,72,8,46,65,24,80,106,60,111,18,21,48" hai1="99,63,90,89,35,92,116,47,98,66,112,36,95" hai2="94,68,29,10,135,20,50,110,134,97,84,59,118" hai3="124,108,31,6,133,13,64,54,121,14,76,51,86"/><T88/><D106/><U33/><E116/><V19/><F68/><W39/><G39/><T17/><D127/><U58/><REACH who="1" step="1"/><E112/><REACH who="1" ten="294,196,235,255" step="2"/><V67/><F118/><W103/><G124/><T82/><D111/><U130/><E130/><V3/><F134/><W57/><G108/><T9/><D72/><U43/><AGARI ba="3,2" hai="33,35,36,43,47,58,63,66,89,90,92,95,98,99" machi="43" ten="30,4000,0" yaku="1,1,0,1,9,1,53,0" doraHai="96" doraHaiUra="49" who="1" fromWho="1" sc="294,-23,196,69,235,-13,255,-13" /><INIT seed="1,0,0,3,1,15" ten="271,265,222,242" oya="1" hai0="68,39,22,12,53,30,6,89,91,7,105,93,118" hai1="79,126,82,124,63,129,73,71,34,26,58,66,37" hai2="57,28,51,113,75,119,135,70,115,74,108,52,18" hai3="48,27,47,86,106,35,134,40,92,133,123,109,102"/><U31/><E129/><V78/><F119/><W38/><G123/><T13/><D105/><U104/><E104/><V110/><F70/><W19/><G109/><N who="2" m="42089" /><F28/><W103/><G106/><T83/><D39/><U112/><E112/><N who="2" m="43083" /><F78/><W25/><G38/><T49/><D68/><U46/><REACH who="1" step="1"/><E58/><REACH who="1" ten="271,255,222,242" step="2"/><V96/><F135/><W130/><G130/><T100/><D118/><U69/><E69/><V132/><F132/><W131/><G131/><T9/><D7/><U10/><E10/><V76/><F76/><W90/><G133/><T80/><D9/><U127/><E127/><V107/><F18/><W5/><G134/><T97/><D6/><U0/><E0/><V94/><F107/><W45/><G5/><T29/><D29/><U24/><E24/><V67/><F67/><W11/><G25/><T125/><D125/><U64/><E64/><V54/><F54/><W85/><G27/><T122/><D30/><U117/><E117/><V41/><F41/><AGARI ba="0,1" hai="26,31,34,37,41,46,63,66,71,73,79,82,124,126" machi="41" ten="40,7700,0" yaku="1,1,23,2,53,0" doraHai="15" doraHaiUra="116" who="1" fromWho="2" sc="271,0,255,87,222,-77,242,0" /><INIT seed="1,1,0,0,5,26" ten="271,342,145,242" oya="1" hai0="124,7,55,86,71,15,129,88,87,17,58,68,65" hai1="11,104,98,102,119,94,49,107,122,84,61,53,31" hai2="131,105,103,0,109,25,60,73,34,43,93,77,70" hai3="29,85,6,41,130,19,113,135,75,13,132,20,108"/><U120/><E119/><V83/><F109/><W42/><G75/><T1/><D129/><U92/><E107/><V134/><F131/><W22/><G130/><T80/><D124/><U112/><E112/><V9/><F134/><N who="3" m="51243" /><G113/><T114/><D114/><U74/><E74/><V72/><F93/><W54/><G6/><T16/><D65/><U128/><E128/><V33/><F73/><W51/><G85/><T48/><D1/><U89/><E61/><V2/><F43/><W4/><G4/><T123/><D123/><U28/><E11/><V59/><F9/><W81/><G81/><N who="0" m="49231" /><D71/><U36/><E36/><V39/><F34/><W30/><G22/><T100/><D100/><U117/><E117/><V133/><F39/><W99/><G108/><T118/><D68/><U24/><E104/><V10/><F10/><W18/><G18/><N who="0" m="7275" /><D118/><U35/><REACH who="1" step="1"/><E31/><REACH who="1" ten="271,332,145,242" step="2"/><N who="3" m="11786" /><G99/><T56/><D7/><U97/><E97/><V5/><F133/><W52/><G54/><T62/><D87/><U63/><E63/><V37/><F60/><W66/><G66/><T64/><D80/><U96/><E96/><V106/><F83/><W111/><G111/><T79/><D79/><U78/><E78/><V32/><F77/><W121/><G121/><T23/><D23/><U126/><E126/><V21/><F72/><W115/><G115/><T38/><D38/><U57/><AGARI ba="1,1" hai="24,28,35,49,53,57,84,89,92,94,98,102,120,122" machi="57" ten="20,18000,2" yaku="1,1,0,1,7,1,52,1,53,2" doraHai="26" doraHaiUra="90" who="1" fromWho="1" sc="271,-61,332,193,145,-61,242,-61" /><INIT seed="1,2,0,2,0,51" ten="210,525,84,181" oya="1" hai0="61,133,44,120,95,6,35,49,40,127,29,23,9" hai1="123,34,110,82,130,7,93,115,38,134,129,36,26" hai2="4,78,105,83,98,42,112,74,57,101,20,135,72" hai3="31,65,66,106,2,90,122,46,1,132,73,48,92"/><U131/><E115/><V45/><F112/><W80/><G106/><T25/><D127/><U59/><E123/><V30/><F135/><W71/><G122/><T56/><D133/><U19/><E134/><V15/><F74/><W86/><G132/><T89/><D120/><U64/><E93/><V81/><F81/><W28/><G1/><T0/><D35/><U77/><E7/><V104/><F104/><W75/><G2/><T85/><D56/><U16/><E34/><V33/><F33/><W68/><G68/><T12/><D0/><U99/><E99/><V126/><F126/><W91/><G75/><T13/><D13/><U54/><E64/><N who="3" m="24682" /><G73/><T118/><REACH who="0" step="1"/><D61/><REACH who="0" ten="200,525,84,181" step="2"/><N who="1" m="36087" /><E110/><V87/><F57/><W124/><G71/><T113/><D113/><U14/><E26/><V32/><F32/><W60/><G60/><T17/><D17/><N who="1" m="6731" /><E14/><V55/><F15/><W100/><G124/><T11/><D11/><U3/><E3/><V117/><F20/><W50/><G31/><T128/><D128/><U107/><E131/><V102/><F30/><W94/><G28/><T43/><D43/><U116/><E130/><V63/><F42/><W53/><G46/><T8/><D8/><U62/><E129/><V10/><F45/><W125/><G125/><T67/><D67/><U121/><E121/><V39/><F10/><W47/><G47/><T69/><D69/><U58/><E58/><V97/><F63/><W21/><G21/><T84/><D84/><U37/><E62/><V119/><F87/><W79/><G86/><T96/><D96/><U18/><E18/><V109/><F98/><RYUUKYOKU ba="2,1" sc="200,30,525,-10,84,-10,181,-10" hai0="6,9,12,23,25,29,40,44,49,85,89,95,118" /><INIT seed="2,3,1,0,3,35" ten="230,515,74,171" oya="2" hai0="117,72,125,46,44,33,107,48,14,18,118,30,47" hai1="74,78,122,64,110,96,84,91,132,23,112,111,126" hai2="10,105,0,21,31,7,45,4,2,41,109,99,37" hai3="83,87,38,61,93,98,103,11,89,26,69,62,127"/><V27/><F109/><N who="1" m="41481" /><E112/><V79/><F79/><W114/><G114/><T76/><D107/><U129/><E129/><V130/><F130/><W108/><G108/><T104/><D104/><U106/><E132/><V56/><F56/><W15/><G38/><T49/><D125/><U65/><E126/><V97/><F105/><W63/><G127/><T13/><D13/><U51/><E122/><V70/><F70/><W12/><G69/><T121/><D121/><U25/><E74/><V36/><F37/><W128/><G128/><T39/><D30/><U123/><E51/><V131/><F131/><W102/><G26/><T9/><D33/><U95/><E123/><V133/><F133/><W53/><G15/><T22/><D22/><U80/><E106/><V120/><F120/><W28/><G28/><AGARI ba="3,1" hai="23,25,28,64,65,78,80,84,91,95,96" m="41481" machi="28" ten="30,1000,0" yaku="14,1" doraHai="35" who="1" fromWho="3" sc="230,0,515,29,74,0,171,-19" /><INIT seed="3,0,0,2,3,108" ten="230,544,74,152" oya="3" hai0="123,61,113,125,93,135,57,24,62,82,91,8,83" hai1="27,60,34,87,119,118,1,13,22,38,95,107,53" hai2="122,114,40,104,33,70,47,128,80,98,26,39,73" hai3="79,100,120,2,78,92,46,71,43,117,30,130,10"/><W121/><G117/><N who="1" m="44554" /><E107/><V69/><F128/><W20/><G71/><T74/><D113/><U124/><E38/><V84/><F122/><W133/><G133/><T131/><D131/><U12/><E1/><V48/><F48/><W14/><G130/><T29/><D125/><U116/><E116/><V18/><F18/><W81/><G100/><T102/><D62/><U66/><E34/><V101/><F84/><W86/><G92/><T58/><D8/><U127/><E53/><V77/><REACH who="2" step="1"/><F114/><REACH who="2" ten="230,544,64,152" step="2"/><W103/><G121/><T64/><D123/><U56/><E87/><V110/><F110/><W23/><G120/><T54/><D74/><U96/><E12/><V72/><F72/><W105/><G2/><T3/><D3/><U112/><E56/><V44/><F44/><W36/><G30/><AGARI ba="0,1" hai="26,30,33,39,40,47,69,70,73,77,80,98,101,104" machi="30" ten="40,8000,1" yaku="1,1,33,3,53,0" doraHai="108" doraHaiUra="11" who="2" fromWho="3" sc="230,0,544,0,64,90,152,-80" owari="230,3.0,544,64.4,154,-24.6,72,-42.8" /></mjloggm>