<mjloggm ver="2.3"><GO type="225" lobby="0"/><UN n0="%72%69%6F%75%63%68%61%6E" n1="%48%61%61%61%6C%61%6E%64" n2="%E3%81%B5%E3%81%98%E3%81%8B%E3%81%A4" n3="%E3%81%BF%E3%81%BF%E3%81%9A" dan="16,18,16,17" rate="2112.22,2298.57,2203.83,2251.02" sx="M,M,M,M"/><TAIKYOKU oya="0"/><INIT seed="0,0,0,4,5,108" ten="250,250,250,250" oya="0" hai0="82,83,89,10,107,116,64,9,126,24,133,53,85" hai1="74,28,6,58,81,66,62,40,111,38,2,35,52" hai2="115,30,45,22,121,60,56,113,18,41,75,135,12" hai3="125,94,63,3,79,61,103,11,118,90,67,93,42"/><T23/><D116/><U17/><E111/><V39/><F121/><W132/><G118/><T43/><D126/><U129/><E129/><V8/><F75/><W134/><G125/><T16/><D133/><N who="3" m="51305" /><G79/><T71/><D107/><U105/><E105/><V99/><F135/><W37/><G103/><T68/><D43/><U15/><E2/><V91/><F91/><W0/><G11/><T50/><D83/><U29/><E6/><V119/><F119/><W104/><G104/><T19/><D64/><U86/><E74/><V84/><F84/><N who="3" m="52423" /><G94/><T21/><D71/><U26/><E29/><V13/><F99/><W44/><G63/><T46/><REACH who="0" step="1"/><D68/><AGARI ba="0,0" hai="0,3,37,42,44,61,67,68" m="52423,51305" machi="68" ten="30,1000,0" yaku="20,1" doraHai="108" who="3" fromWho="0" sc="250,-10,250,0,250,0,250,10" /><INIT seed="1,0,0,4,3,109" ten="240,250,250,260" oya="1" hai0="116,33,41,17,20,39,48,13,120,96,130,108,118" hai1="124,69,38,23,46,42,19,77,58,6,75,121,2" hai2="101,95,78,14,51,45,122,92,110,105,59,89,36" hai3="64,83,32,67,65,134,103,128,74,44,94,87,99"/><U18/><E121/><V25/><F122/><W56/><G128/><T100/><D120/><U115/><E69/><V49/><F110/><W86/><G32/><T84/><D108/><U133/><E124/><V132/><F78/><W40/><G134/><T54/><D130/><U15/><E133/><V123/><F132/><W3/><G3/><T47/><D84/><U26/><E115/><V53/><F123/><W50/><G74/><T30/><D30/><U8/><E58/><V80/><F36/><W70/><G70/><T76/><D76/><U55/><E55/><V9/><F25/><W117/><G117/><T37/><D33/><U27/><REACH who="1" step="1"/><E19/><REACH who="1" ten="240,240,250,260" step="2"/><N who="2" m="8655" /><F59/><W114/><G114/><T52/><D54/><U12/><E12/><V57/><F57/><W106/><G56/><T102/><D118/><U126/><E126/><V125/><F125/><W73/><G65/><T107/><D116/><U97/><E97/><N who="2" m="61615" /><F51/><W79/><G67/><T35/><D37/><U29/><E29/><V85/><AGARI ba="0,1" hai="45,49,53,80,85,89,92,95" m="61615,8655" machi="85" ten="30,1100,0" yaku="25,1" doraHai="109" who="2" fromWho="2" sc="240,-3,240,-5,250,21,260,-3" /><INIT seed="2,0,0,4,0,125" ten="237,235,271,257" oya="2" hai0="106,117,55,122,38,123,2,103,29,127,19,108,112" hai1="46,48,133,0,20,97,40,43,95,51,14,89,75" hai2="68,32,115,42,10,93,34,104,56,79,107,119,99" hai3="9,59,76,39,18,135,7,53,116,102,61,121,126"/><V87/><F119/><W11/><G116/><T118/><D38/><U64/><E0/><V90/><F68/><W72/><G121/><T65/><D2/><U78/><E133/><V54/><F115/><W22/><G135/><T130/><D112/><U131/><E64/><V66/><F42/><W86/><G126/><T63/><D29/><U23/><E131/><V74/><F66/><W27/><G39/><T33/><D33/><U120/><E120/><N who="0" m="46121" /><D55/><U69/><E69/><V35/><F10/><W67/><G72/><T113/><D19/><U58/><E75/><V12/><F12/><W37/><G37/><T124/><D113/><U73/><E73/><V28/><F28/><W6/><G102/><T82/><D117/><U96/><E78/><V91/><F74/><W81/><G67/><T100/><D118/><U60/><E97/><V30/><F79/><W44/><G44/><T8/><D8/><AGARI ba="0,0" hai="6,7,8,9,11,18,22,27,53,59,61,76,81,86" machi="8" ten="40,1300,0" yaku="8,1" doraHai="125" who="3" fromWho="0" sc="237,-13,235,0,271,0,257,13" /><INIT seed="3,0,0,1,2,73" ten="224,235,271,270" oya="3" hai0="30,27,31,76,127,15,14,97,20,85,120,92,19" hai1="60,87,110,48,9,18,124,130,122,114,41,8,69" hai2="77,12,56,26,132,0,23,82,106,45,119,129,46" hai3="44,128,109,34,40,28,37,115,6,33,13,111,74"/><W52/><G115/><T2/><D120/><U116/><E122/><V36/><F119/><W86/><G74/><T131/><D2/><U112/><E116/><V96/><F0/><W16/><G128/><T59/><D131/><U84/><E130/><V102/><F129/><W104/><G104/><T68/><D68/><U71/><E110/><N who="3" m="41994" /><G6/><T25/><D127/><U32/><E32/><V29/><F132/><W79/><G28/><N who="0" m="10795" /><D27/><U126/><E48/><V95/><F36/><W93/><G52/><T3/><D3/><U105/><E105/><V10/><F106/><W125/><G125/><T50/><D50/><U100/><E124/><V67/><F67/><W62/><G62/><T54/><D54/><U51/><E60/><V49/><F56/><W75/><G75/><T108/><D59/><U47/><E126/><V121/><F49/><W38/><G37/><T7/><D7/><U57/><E57/><V22/><F121/><W58/><G58/><T4/><D4/><U78/><E112/><V98/><F45/><W134/><G134/><T123/><D123/><U72/><E114/><V91/><F46/><W61/><G61/><T107/><D107/><U5/><E69/><V99/><F29/><W118/><G118/><T89/><D108/><U11/><E71/><V66/><F66/><W35/><G34/><T94/><D76/><U21/><E5/><N who="2" m="3151" /><F77/><W81/><G93/><T53/><D53/><U113/><E113/><V90/><F95/><W117/><G117/><T42/><D42/><U64/><E64/><V55/><F55/><W133/><G133/><T70/><D70/><RYUUKYOKU ba="0,0" sc="224,15,235,-15,271,-15,270,15" hai0="14,15,19,20,25,85,89,92,94,97" hai3="13,16,33,35,38,40,44,79,81,86" /><INIT seed="3,1,0,4,5,9" ten="239,220,256,285" oya="3" hai0="71,25,81,8,130,72,53,127,86,132,15,46,34" hai1="57,114,21,99,125,3,102,51,78,23,123,111,16" hai2="0,104,54,50,13,120,109,96,64,68,80,59,4" hai3="121,101,129,103,38,67,39,55,135,61,11,31,124"/><W131/><G121/><T98/><D71/><U112/><E123/><V19/><F109/><W93/><G124/><T66/><D127/><U88/><E125/><V122/><F80/><W5/><G135/><T65/><D72/><U107/><E111/><V106/><F106/><W52/><G31/><T10/><D132/><U128/><E128/><N who="3" m="49226" /><G55/><T42/><D8/><U24/><E3/><V7/><F0/><N who="3" m="423" /><G52/><T37/><D130/><U116/><E116/><V85/><F54/><W6/><G6/><T69/><D53/><U113/><E51/><V35/><F4/><W63/><G63/><T27/><D34/><U26/><E57/><V41/><F35/><W40/><G40/><T82/><D69/><U90/><REACH who="1" step="1"/><E78/><REACH who="1" ten="239,210,256,285" step="2"/><V117/><F59/><N who="3" m="37311" /><G93/><T133/><D133/><U119/><E119/><V77/><F117/><W58/><G58/><T33/><D66/><U56/><E56/><V49/><F64/><W12/><G38/><T60/><D65/><U115/><N who="1" m="28672" /><DORA hai="20" /><U14/><E14/><V36/><F13/><W43/><G12/><T2/><D2/><U105/><E105/><V76/><F36/><W134/><G134/><T30/><D60/><U92/><E92/><V74/><F120/><W28/><G39/><T47/><D47/><U44/><E44/><V118/><F118/><W126/><G126/><T84/><D27/><U70/><E70/><V91/><F68/><W97/><G43/><T108/><D108/><U94/><E94/><V95/><F41/><W17/><G101/><T62/><D62/><U1/><E1/><V75/><F122/><W48/><G48/><RYUUKYOKU ba="1,1" sc="239,-10,210,30,256,-10,285,-10" hai1="16,21,23,24,26,88,90,99,102,107" /><INIT seed="4,2,1,4,0,109" ten="229,240,246,275" oya="0" hai0="32,89,37,19,112,91,41,132,135,61,10,39,120" hai1="31,63,134,130,111,51,94,71,11,69,124,47,35" hai2="40,18,81,62,34,5,116,114,13,129,17,57,54" hai3="115,66,87,46,119,104,38,133,88,21,127,56,6"/><T80/><D120/><U3/><E111/><V103/><F34/><W45/><G119/><T23/><D32/><U117/><E117/><V50/><F116/><W24/><G104/><T92/><D112/><U53/><E124/><V76/><F114/><W100/><G115/><T77/><D10/><U2/><E130/><V58/><F103/><W121/><G121/><T43/><D61/><U85/><E134/><N who="0" m="51241" /><D41/><U49/><E11/><N who="2" m="4335" /><F129/><W108/><G108/><T93/><D43/><U14/><E63/><V123/><F123/><W102/><G133/><T20/><D93/><U83/><E94/><V48/><F40/><W4/><G127/><T106/><D106/><U96/><E2/><V131/><F131/><W15/><G38/><N who="0" m="14347" /><D92/><U75/><E3/><V125/><F125/><W28/><G4/><T113/><D113/><U26/><E49/><N who="2" m="19051" /><F58/><W12/><G6/><T99/><D99/><U70/><E96/><V22/><F22/><N who="0" m="8234" /><D19/><U60/><E60/><V84/><AGARI ba="2,1" hai="17,18,54,57,62,76,81,84" m="19051,4335" machi="84" ten="30,1100,0" yaku="8,1" doraHai="109" who="2" fromWho="2" sc="229,-7,240,-5,246,27,275,-5" /><INIT seed="5,0,0,5,4,115" ten="222,235,273,270" oya="1" hai0="10,78,44,112,43,127,4,131,60,118,83,134,92" hai1="0,119,16,47,103,87,69,120,132,129,48,6,34" hai2="64,135,22,89,82,11,13,31,2,28,23,33,61" hai3="68,85,109,70,97,21,41,98,105,25,74,73,106"/><U110/><E119/><V27/><F135/><W14/><G109/><T81/><D112/><U66/><E120/><V1/><F82/><W76/><G14/><T90/><D134/><U96/><E132/><V39/><F89/><W122/><G41/><T15/><D127/><U124/><E124/><V121/><F61/><W8/><G8/><T29/><D131/><U57/><E129/><V51/><F64/><W67/><G85/><T123/><D123/><U7/><E69/><V26/><F51/><W77/><G21/><N who="2" m="7689" /><F39/><W114/><G114/><T18/><D118/><U79/><E110/><V63/><F63/><W3/><G25/><T116/><D116/><U71/><E71/><V5/><F121/><W54/><G122/><T58/><D29/><U93/><E57/><V128/><F128/><W46/><G46/><T108/><D108/><U84/><E66/><V53/><F53/><W94/><G54/><T117/><D117/><U45/><E45/><V130/><F130/><W104/><G104/><T50/><D18/><U56/><E56/><V32/><AGARI ba="0,0" hai="1,2,5,11,13,26,27,28,31,32,33" m="7689" machi="32" ten="30,8000,1" yaku="35,5" doraHai="115" who="2" fromWho="2" sc="222,-20,235,-40,273,80,270,-20" owari="202,-19.8,195,-30.5,353,45.3,250,5.0" /></mjloggm>