<mjloggm ver="2.3"><GO type="225" lobby="0"/><UN n0="%E3%81%86%E3%81%A9%E3%82%93%E3%81%93" n1="%E3%81%AF%E3%82%88%E3%81%8A%E3%81%98%E3%81%95%E3%82%93" n2="%E6%A1%9C%E8%8A%B1%E9%96%83%E3%80%85" n3="%E7%89%87%E5%B9%B3%E5%89%9B" dan="16,16,17,16" rate="2142.07,2156.34,2199.88,2071.37" sx="M,M,M,M"/><TAIKYOKU oya="0"/><INIT seed="0,0,0,0,2,49" ten="250,250,250,250" oya="0" hai0="53,133,101,22,118,132,107,26,100,103,55,25,31" hai1="126,59,3,68,67,1,110,87,48,111,106,105,71" hai2="108,0,114,94,86,121,32,91,5,19,24,79,92" hai3="62,75,36,45,125,8,72,113,57,34,14,38,15"/><T109/><D118/><U124/><E87/><V6/><F121/><W120/><G113/><T76/><D107/><N who="1" m="40971" /><E48/><V17/><F108/><N who="1" m="41513" /><E59/><V13/><F0/><N who="1" m="73" /><E67/><V116/><F92/><W30/><G57/><T134/><D109/><U123/><E123/><V50/><F50/><W82/><G45/><T28/><D76/><U60/><E60/><V122/><F79/><W64/><G62/><T44/><D44/><U33/><E33/><AGARI ba="0,0" hai="22,25,26,28,31,33,53,55,100,101,103,132,133,134" machi="33" ten="50,9600,0" yaku="20,1,52,2" doraHai="49" who="0" fromWho="1" sc="250,96,250,-96,250,0,250,0" /><INIT seed="0,1,0,0,5,83" ten="346,154,250,250" oya="0" hai0="61,109,9,56,114,37,119,64,70,15,73,67,18" hai1="38,135,66,89,33,8,102,12,63,36,104,93,134" hai2="1,130,49,14,51,98,46,71,54,123,69,82,31" hai3="42,127,91,97,53,11,122,75,2,55,0,100,128"/><T40/><D114/><U20/><E33/><V126/><F123/><W101/><G122/><T27/><D119/><U29/><E104/><V96/><F1/><W87/><G75/><T68/><D73/><U113/><E113/><V79/><F126/><W47/><G127/><T7/><D109/><U117/><E117/><V21/><F130/><W129/><G11/><T62/><D56/><U41/><E102/><V28/><F69/><W78/><G78/><T43/><D37/><U103/><E103/><V23/><F71/><W76/><G76/><T60/><D60/><U5/><E20/><AGARI ba="1,0" hai="7,9,15,18,20,27,40,43,61,62,64,67,68,70" machi="20" ten="40,2000,0" yaku="9,1" doraHai="83" who="0" fromWho="1" sc="346,23,154,-23,250,0,250,0" /><INIT seed="0,2,0,3,4,47" ten="369,131,250,250" oya="0" hai0="26,44,9,48,86,71,122,52,0,135,89,98,102" hai1="87,95,101,66,8,129,45,35,96,53,67,7,10" hai2="14,84,123,20,60,11,100,117,81,65,15,93,17" hai3="90,1,120,50,72,73,41,68,134,108,74,51,57"/><T103/><D122/><U132/><E35/><V111/><F123/><W24/><G68/><T31/><D71/><U131/><E132/><V92/><F111/><W30/><G134/><T106/><D135/><U25/><E25/><V75/><F75/><W27/><G108/><T99/><D9/><U5/><E87/><V83/><F117/><W124/><G1/><T49/><D0/><U2/><E129/><V94/><F100/><W112/><G112/><T40/><D89/><U88/><E101/><V36/><F36/><W109/><G109/><T121/><D86/><U62/><E131/><V4/><REACH who="2" step="1"/><F84/><REACH who="2" ten="369,131,240,250" step="2"/><W85/><G120/><T16/><D121/><U61/><E61/><V59/><AGARI ba="2,1" hai="4,11,14,15,17,20,59,60,65,81,83,92,93,94" machi="59" ten="30,7900,0" yaku="1,1,2,1,0,1,8,1,53,0" doraHai="47" doraHaiUra="22" who="2" fromWho="2" sc="369,-41,131,-22,240,95,250,-22" /><INIT seed="1,0,0,0,0,13" ten="328,109,335,228" oya="1" hai0="7,89,40,95,82,48,130,84,24,6,41,30,125" hai1="76,55,21,10,5,63,94,118,110,106,15,132,58" hai2="72,93,8,60,99,47,64,103,50,77,86,75,114" hai3="11,43,51,127,100,22,67,17,28,29,105,117,101"/><U70/><E118/><V32/><F32/><W49/><G127/><T119/><D119/><U9/><E106/><V33/><F33/><W90/><G67/><T1/><D125/><U128/><E128/><V104/><F114/><W123/><G11/><T53/><D130/><U108/><E132/><V98/><F8/><W69/><G69/><T19/><D30/><U81/><E70/><V88/><F99/><W131/><G123/><T115/><D115/><U79/><E21/><V91/><F91/><W54/><G131/><T120/><D120/><U126/><E126/><V116/><F116/><W66/><G66/><T112/><D112/><U87/><E79/><V68/><REACH who="2" step="1"/><F77/><REACH who="2" ten="328,109,325,228" step="2"/><W85/><G117/><T71/><D1/><U20/><E20/><V109/><F109/><W23/><G23/><N who="0" m="13439" /><D71/><U111/><E10/><V26/><F26/><W92/><G22/><T61/><D6/><U52/><REACH who="1" step="1"/><E94/><REACH who="1" ten="328,99,325,228" step="2"/><V129/><F129/><W97/><G97/><T133/><D95/><U59/><E59/><V57/><F57/><W135/><G105/><T102/><D133/><U37/><E37/><V0/><F0/><W14/><G135/><T45/><D7/><U74/><E74/><V25/><F25/><W12/><G12/><T124/><D124/><U27/><E27/><V36/><F36/><W35/><G14/><T18/><D82/><U44/><E44/><V38/><F38/><W42/><G92/><T107/><D107/><U122/><E122/><V78/><F78/><W96/><G96/><T39/><D39/><U62/><E62/><V80/><F80/><W3/><G3/><RYUUKYOKU ba="0,2" sc="328,-15,99,15,325,15,228,-15" hai1="5,9,15,52,55,58,63,76,81,87,108,110,111" hai2="47,50,60,64,68,72,75,86,88,93,98,103,104" /><INIT seed="1,1,2,4,5,111" ten="313,114,340,213" oya="1" hai0="47,115,48,24,13,80,120,44,121,129,22,62,3" hai1="32,40,106,58,105,78,81,20,104,65,54,79,128" hai2="35,123,92,112,114,43,11,100,122,70,109,57,29" hai3="67,25,55,39,18,52,38,66,60,75,77,86,125"/><U45/><E32/><V108/><F57/><W27/><G75/><T72/><D3/><U82/><E128/><V135/><F43/><W74/><G74/><T49/><D129/><U89/><E65/><V110/><F135/><W99/><G99/><T127/><D127/><U1/><E1/><V61/><F11/><W132/><G86/><T107/><D107/><U98/><E20/><V26/><F92/><W97/><G97/><T63/><D13/><U33/><E33/><V117/><F100/><W51/><G77/><N who="0" m="44071" /><D115/><N who="2" m="44074" /><F117/><W93/><G93/><T126/><D48/><U119/><E119/><V103/><F103/><W42/><G18/><N who="0" m="12375" /><D44/><U83/><E89/><V36/><F36/><W76/><G132/><T37/><D37/><U23/><E98/><V113/><F113/><W87/><G125/><T14/><D14/><U73/><E73/><V69/><F61/><W15/><G60/><T16/><D126/><U90/><E90/><V88/><F88/><W68/><G67/><T34/><D63/><U118/><E118/><V2/><F2/><W84/><G66/><T96/><D62/><U130/><E130/><V59/><BYE who="3" /><F59/><W0/><G0/><T8/><D96/><U56/><E56/><V7/><F7/><W91/><G91/><T85/><D47/><U4/><E4/><V94/><F94/><W28/><G28/><T12/><D8/><U133/><E133/><V134/><F134/><W5/><G5/><T101/><D101/><U102/><E102/><V46/><F46/><W41/><G41/><T6/><D6/><U17/><E45/><V30/><F30/><RYUUKYOKU ba="1,2" sc="313,-10,114,-10,340,30,213,-10" hai2="26,29,35,69,70,108,109,110,122,123" /><INIT seed="2,2,2,0,2,93" ten="303,104,370,203" oya="2" hai0="91,49,68,72,63,32,101,124,132,74,133,60,28" hai1="71,82,89,9,1,18,88,48,59,38,3,11,31" hai2="40,110,8,108,130,12,42,37,78,17,69,84,51" hai3="126,5,56,99,135,29,114,86,80,21,35,64,104"/><V44/><F69/><W134/><G134/><N who="0" m="51819" /><D124/><U117/><E71/><V34/><F34/><W118/><G118/><T33/><D101/><U111/><E38/><V61/><F130/><W127/><G127/><T75/><D49/><U30/><E117/><V115/><F115/><W105/><G105/><T121/><D121/><U113/><E113/><V36/><F61/><N who="0" m="23626" /><D68/><U25/><E111/><N who="2" m="42539" /><F42/><W22/><G22/><T90/><D28/><U73/><E30/><V45/><F45/><W106/><G106/><T77/><D77/><U4/><E48/><V6/><F17/><W24/><G24/><T87/><D87/><U125/><E125/><V0/><F0/><W94/><G94/><T131/><D131/><U123/><E123/><V20/><F20/><W83/><G83/><AGARI ba="2,2" hai="6,8,12,36,37,40,44,51,78,83,84" m="42539" machi="83" ten="30,5800,0" yaku="25,1,14,1,10,1" doraHai="93" who="2" fromWho="3" sc="303,0,104,0,370,84,203,-64" /><INIT seed="2,3,0,3,4,108" ten="303,104,454,139" oya="2" hai0="105,92,62,27,68,55,56,47,52,134,16,104,18" hai1="54,44,2,36,124,49,107,13,28,64,85,37,31" hai2="58,11,74,126,71,130,10,98,17,35,7,53,15" hai3="89,122,32,63,82,83,106,9,118,87,111,26,112"/><V57/><F71/><W22/><G22/><T66/><D134/><U96/><E2/><V23/><F35/><W132/><G132/><T93/><D47/><U12/><E124/><V43/><F126/><W20/><G20/><T39/><D39/><U61/><E85/><V72/><F130/><W114/><G114/><T131/><D131/><U113/><E113/><V4/><F43/><W91/><G91/><T8/><D55/><U88/><E37/><V21/><F98/><W123/><G123/><T135/><D135/><U77/><E77/><V46/><F46/><W129/><G129/><T60/><D27/><U14/><E36/><V101/><F101/><W42/><G42/><T19/><REACH who="0" step="1"/><D8/><REACH who="0" ten="293,104,454,139" step="2"/><U125/><E125/><V59/><F53/><W78/><G78/><T110/><D110/><U38/><E38/><V40/><F40/><W41/><G41/><T119/><D119/><U115/><E115/><V109/><F109/><W81/><G81/><T94/><AGARI ba="3,1" hai="16,18,19,52,56,60,62,66,68,92,93,94,104,105" machi="94" ten="30,12000,2" yaku="1,1,0,1,54,2,53,3" doraHai="108" doraHaiUra="90" who="0" fromWho="0" sc="293,139,104,-33,454,-63,139,-33" /><INIT seed="3,0,0,5,5,110" ten="432,71,391,106" oya="3" hai0="43,77,123,19,8,65,23,89,111,66,52,84,30" hai1="130,102,3,92,41,115,126,29,86,39,36,87,38" hai2="107,81,80,71,76,103,118,69,132,113,68,129,105" hai3="1,33,122,20,79,47,27,91,62,10,25,67,121"/><W49/><G49/><T96/><D123/><U58/><E115/><V101/><F118/><W90/><G90/><T28/><D111/><U37/><N who="1" m="9216" /><DORA hai="93" /><U100/><E41/><V63/><F129/><W120/><G120/><T44/><D96/><U26/><E3/><V12/><F132/><W51/><G51/><N who="0" m="28775" /><D77/><U131/><E126/><V88/><F113/><W50/><G50/><T4/><D43/><U54/><E87/><V14/><F63/><W74/><G74/><T31/><D8/><U22/><E86/><V72/><F88/><W106/><G106/><T83/><D4/><U57/><E57/><V59/><F59/><W104/><G104/><T73/><D73/><U128/><E92/><V7/><F69/><W60/><G60/><AGARI ba="0,0" hai="22,26,29,54,58,60,100,102,128,130,131" m="9216" machi="60" ten="70,2300,0" yaku="19,1" doraHai="110,93" who="1" fromWho="3" sc="432,0,71,23,391,0,106,-23" owari="432,53.2,94,-30.6,391,19.1,83,-41.7" /></mjloggm>