<mjloggm ver="2.3"><GO type="225" lobby="0"/><UN n0="%EF%BC%B3%E3%81%9E%E3%81%88%E2%98%86" n1="%E3%81%B5%E3%81%98%E3%81%8B%E3%81%A4" n2="%E9%80%86%E9%80%A3%E5%B8%AF%E3%81%AE%E9%AC%BC" n3="%65%6B%61%72%75%74%65" dan="16,17,16,16" rate="2076.50,2200.93,2137.08,2151.76" sx="F,M,M,M"/><TAIKYOKU oya="0"/><INIT seed="0,0,0,0,5,110" ten="250,250,250,250" oya="0" hai0="61,2,90,69,99,63,113,103,48,86,44,68,60" hai1="33,45,18,27,91,47,20,19,32,118,24,87,134" hai2="29,25,93,26,96,109,17,58,43,0,82,75,15" hai3="129,97,9,127,107,78,22,120,55,102,56,6,116"/><T66/><D2/><U7/><E118/><V51/><F109/><W123/><G116/><T3/><D3/><U88/><E134/><V111/><F0/><W64/><G127/><T35/><D35/><U98/><E98/><V41/><F111/><W14/><G129/><T67/><D63/><U72/><E72/><V121/><F121/><W94/><G78/><T50/><D113/><U108/><E108/><V54/><F75/><W30/><G107/><T77/><D77/><U42/><E7/><V71/><F71/><W89/><G89/><T126/><D44/><U112/><E112/><V40/><F82/><W73/><G73/><T79/><D79/><U117/><E117/><V100/><REACH who="2" step="1"/><F29/><REACH who="2" ten="250,250,240,250" step="2"/><W131/><G131/><T92/><REACH who="0" step="1"/><D126/><REACH who="0" ten="240,250,240,250" step="2"/><U114/><E114/><V8/><AGARI ba="0,2" hai="8,15,17,25,26,40,41,43,51,54,58,93,96,100" machi="8" ten="30,7900,0" yaku="1,1,2,1,0,1,8,1,53,0" doraHai="110" doraHaiUra="62" who="2" fromWho="2" sc="240,-39,250,-20,240,99,250,-20" /><INIT seed="1,0,0,3,0,13" ten="201,230,339,230" oya="1" hai0="64,18,45,39,46,10,52,54,97,68,105,101,123" hai1="42,0,127,119,114,95,9,126,47,4,21,135,51" hai2="33,3,24,59,83,134,57,66,94,35,79,8,28" hai3="41,81,100,22,43,120,84,6,71,5,88,53,29"/><U48/><E119/><V31/><F134/><W129/><G120/><T130/><D123/><U85/><E135/><V110/><F110/><W19/><G129/><T7/><D130/><U113/><E51/><V32/><F31/><W125/><G125/><T44/><D39/><U67/><E67/><V2/><F94/><W11/><G71/><T76/><D76/><U69/><E69/><V118/><F118/><W56/><G100/><T61/><REACH who="0" step="1"/><D18/><REACH who="0" ten="191,230,339,230" step="2"/><U20/><E127/><V65/><F79/><W16/><G29/><T98/><D98/><U106/><E126/><V50/><F28/><W109/><G109/><T87/><D87/><U27/><E85/><V103/><F33/><W80/><G80/><T38/><D38/><U26/><E114/><V89/><F35/><W96/><G96/><T14/><AGARI ba="0,1" hai="7,10,14,44,45,46,52,54,61,64,68,97,101,105" machi="14" ten="30,7900,0" yaku="1,1,0,1,54,1,53,1" doraHai="13" doraHaiUra="102" who="0" fromWho="0" sc="191,89,230,-39,339,-20,230,-20" /><INIT seed="2,0,0,2,4,56" ten="280,191,319,210" oya="2" hai0="77,11,134,103,54,117,25,26,81,107,50,90,51" hai1="37,83,79,28,106,129,76,110,48,3,113,32,100" hai2="34,126,27,18,70,96,89,17,46,7,119,66,29" hai3="49,39,105,84,33,80,20,5,16,8,112,15,74"/><V86/><F119/><W47/><G112/><T40/><D134/><U60/><E113/><V23/><F126/><W94/><G105/><T10/><D107/><U68/><E48/><V9/><F96/><W111/><G111/><T108/><D103/><U55/><E110/><V12/><F46/><W109/><G109/><T92/><D40/><U93/><E93/><V118/><F118/><W42/><G33/><T69/><D69/><U130/><E55/><V85/><F18/><W127/><G127/><T71/><D71/><U102/><E79/><V122/><F122/><W64/><G64/><T91/><D117/><U4/><E37/><V131/><F131/><N who="1" m="50185" /><E4/><V97/><F97/><W30/><G30/><T19/><D92/><U114/><E114/><V0/><F89/><W87/><G49/><T121/><D54/><U135/><E135/><V82/><F82/><W35/><G35/><T57/><D77/><U67/><E3/><V78/><F78/><N who="3" m="44119" /><G94/><T88/><D90/><U128/><N who="1" m="50193" /><U14/><DORA hai="98" /><E14/><V133/><F133/><W36/><G36/><T116/><D81/><U53/><E53/><V123/><F123/><W62/><G62/><AGARI ba="0,0" hai="0,7,9,12,17,23,27,29,34,62,66,70,85,86" machi="62" ten="40,7700,0" yaku="24,2,52,1" doraHai="56,98" who="2" fromWho="3" sc="280,0,191,0,319,77,210,-77" /><INIT seed="2,1,0,1,5,106" ten="280,191,396,133" oya="2" hai0="81,11,4,133,121,2,112,101,69,85,54,23,120" hai1="132,8,49,123,129,48,90,131,20,38,107,87,89" hai2="130,108,39,26,52,19,83,43,62,96,28,77,68" hai3="41,103,50,42,128,97,67,93,105,29,92,35,124"/><V110/><F130/><N who="1" m="49673" /><E38/><V55/><F19/><W82/><G124/><T5/><D112/><U32/><E107/><V31/><F96/><W73/><G128/><T125/><D69/><U33/><E132/><V56/><F68/><W59/><G35/><N who="1" m="13386" /><E123/><V21/><F31/><W117/><G29/><T44/><D133/><U10/><E20/><V86/><F39/><W37/><G117/><T57/><D125/><U13/><E90/><V15/><F43/><W36/><G36/><T14/><D101/><U18/><E8/><V72/><F15/><W126/><G126/><T75/><D11/><U51/><E51/><V135/><F135/><W79/><G37/><T80/><D23/><U0/><E0/><V71/><F71/><W119/><G119/><T114/><D14/><U74/><E74/><V95/><F95/><AGARI ba="1,0" hai="10,13,18,48,49,87,89,95" m="13386,49673" machi="95" ten="30,1000,0" yaku="19,1" doraHai="106" who="1" fromWho="2" sc="280,0,191,13,396,-13,133,0" /><INIT seed="3,0,0,0,0,24" ten="280,204,383,133" oya="3" hai0="32,21,81,124,63,118,56,89,52,44,29,65,7" hai1="8,76,126,25,46,69,39,83,84,119,115,4,70" hai2="0,62,31,131,27,135,38,3,26,40,114,30,73" hai3="59,94,85,80,28,121,64,45,112,68,132,41,74"/><W128/><G112/><T1/><D118/><U23/><E126/><V111/><F73/><W14/><G121/><T51/><D124/><U42/><E115/><V71/><F114/><W106/><G128/><T129/><D129/><U117/><E117/><V97/><F131/><W61/><G132/><T87/><D1/><U37/><E37/><V102/><F111/><W9/><G106/><T67/><D32/><U122/><E122/><V77/><F77/><W57/><G94/><T108/><D7/><U99/><E99/><V91/><F91/><W72/><G72/><T2/><D2/><U78/><E78/><V134/><F40/><W16/><G74/><T11/><D11/><U49/><E39/><V105/><F38/><W125/><G28/><T33/><D33/><U127/><E127/><V15/><F15/><W53/><G125/><T130/><D108/><U58/><E58/><V54/><F27/><W110/><G110/><T133/><D133/><N who="2" m="50698" /><F30/><W35/><G35/><T20/><D29/><N who="1" m="17599" /><E119/><V19/><F19/><W48/><REACH who="3" step="1"/><G41/><REACH who="3" ten="280,204,383,123" step="2"/><T43/><D130/><U101/><E42/><V90/><F31/><W120/><G120/><T5/><D43/><N who="1" m="24799" /><E101/><V75/><F75/><W36/><G36/><T47/><D81/><U113/><E113/><V60/><F102/><W10/><G10/><T12/><D21/><U79/><E8/><V22/><F105/><W100/><G100/><T92/><D20/><U109/><E109/><V95/><F22/><W6/><G6/><T98/><D5/><U103/><E4/><V34/><F34/><W104/><G104/><T66/><D92/><RYUUKYOKU ba="0,1" sc="280,-10,204,-10,383,-10,123,30" hai3="9,14,16,45,48,53,57,59,61,64,68,80,85" /><INIT seed="3,1,1,3,0,135" ten="270,194,373,153" oya="3" hai0="97,126,57,15,132,74,101,54,107,45,14,46,30" hai1="129,77,61,4,13,130,34,118,3,114,89,87,10" hai2="83,12,119,98,117,115,131,48,123,113,134,99,50" hai3="79,133,43,104,26,1,116,103,64,52,62,42,86"/><W60/><G116/><T58/><D74/><U35/><E118/><V75/><F134/><W6/><G133/><T76/><D132/><U22/><E114/><V96/><F131/><N who="1" m="50185" /><E77/><V47/><F123/><W82/><G1/><T81/><D30/><U78/><E78/><V16/><F75/><W28/><G6/><T95/><D107/><U100/><E100/><V94/><F83/><W41/><G52/><T124/><D81/><N who="1" m="49391" /><E61/><V112/><F94/><W120/><G120/><T24/><D76/><U108/><E108/><V66/><F66/><W33/><REACH who="3" step="1"/><G64/><REACH who="3" ten="270,194,373,143" step="2"/><T93/><D54/><U69/><E69/><V44/><F119/><W17/><G17/><AGARI ba="1,2" hai="3,4,10,13,17,22,34,35" m="49391,50185" machi="17" ten="30,1000,0" yaku="19,1" doraHai="135" who="1" fromWho="3" sc="270,0,194,33,373,0,143,-13" owari="270,7.0,227,-17.3,373,47.3,130,-37.0" /></mjloggm>