<mjloggm ver="2.3"><GO type="225" lobby="0"/><UN n0="%E9%B3%B3%E6%9D%B1%E3%81%AE%E3%81%BF%E3%81%91%E3%81%AB%E3%82%83%E3%82%93" n1="%E3%81%B5%E3%81%98%E3%81%8B%E3%81%A4" n2="%E3%81%AA%E3%82%81%E3%81%93%E9%9B%80%E5%A3%AB" n3="%72%65%6E%6B%75%6E" dan="17,16,16,17" rate="2147.50,2163.72,2064.79,2225.92" sx="F,M,M,M"/><TAIKYOKU oya="0"/><INIT seed="0,0,0,2,1,124" ten="250,250,250,250" oya="0" hai0="111,34,13,84,4,78,31,94,45,29,134,121,133" hai1="16,47,61,3,98,99,73,97,30,43,64,44,75" hai2="36,107,33,9,46,53,24,102,23,15,131,56,106" hai3="26,79,130,71,41,20,68,112,119,6,115,128,105"/><T92/><D121/><U42/><E3/><V51/><F33/><W82/><G105/><T52/><D111/><U81/><E30/><N who="0" m="11273" /><D34/><U2/><E2/><V22/><F24/><W86/><G119/><T72/><D72/><U122/><E122/><V18/><F107/><W74/><G41/><T101/><D101/><U129/><E129/><N who="3" m="49770" /><G6/><T54/><D78/><U7/><E7/><V120/><F120/><W89/><G20/><T118/><D118/><U62/><E99/><V14/><F23/><W35/><G35/><T38/><D38/><U91/><E98/><V28/><F36/><W40/><G40/><T39/><D39/><U10/><E97/><V108/><F131/><W96/><G96/><T87/><D13/><U59/><E43/><V12/><F106/><W93/><G26/><T103/><D4/><U1/><E42/><V60/><F108/><W67/><G67/><T37/><D37/><U63/><E64/><N who="2" m="38919" /><F102/><W50/><G50/><N who="0" m="28751" /><D54/><U27/><E27/><N who="2" m="16503" /><F9/><W117/><G117/><T69/><D103/><U100/><E10/><V83/><F18/><W65/><G65/><T5/><D5/><U114/><E16/><V49/><F49/><W21/><G21/><T104/><D104/><U25/><E25/><V125/><F125/><W55/><G55/><T77/><D69/><AGARI ba="0,0" hai="68,69,71,74,79,82,86,89,93,112,115" m="49770" machi="69" ten="30,7700,0" yaku="19,1,52,3" doraHai="124" who="3" fromWho="0" sc="250,-77,250,0,250,0,250,77" /><INIT seed="1,0,0,4,3,52" ten="173,250,250,327" oya="1" hai0="100,116,121,67,33,109,77,103,130,24,11,62,35" hai1="82,55,38,90,15,99,59,64,23,79,70,125,122" hai2="40,124,128,68,108,134,101,9,20,12,39,28,45" hai3="30,129,123,2,18,131,16,135,93,21,58,56,96"/><U120/><E125/><V106/><F124/><W6/><G123/><T44/><D116/><U114/><E114/><V107/><F68/><W31/><G135/><T46/><D121/><U104/><E38/><V84/><F108/><W57/><G2/><T110/><D130/><N who="3" m="49673" /><G6/><T102/><D77/><U51/><E70/><V42/><F42/><W71/><G71/><T53/><D11/><U1/><E1/><V50/><F101/><N who="0" m="25858" /><T133/><DORA hai="111" /><D133/><U10/><E104/><V97/><F97/><W60/><G60/><T29/><D35/><U80/><E64/><V43/><F134/><W19/><G21/><N who="0" m="15503" /><D110/><U127/><E23/><V75/><F75/><W112/><G112/><T8/><D33/><U72/><E127/><V61/><F128/><W22/><G22/><T86/><D8/><U81/><E79/><V87/><F107/><W94/><G96/><T63/><D109/><U105/><E72/><V95/><F106/><W118/><G118/><T126/><D126/><U88/><E105/><V37/><F20/><W89/><G89/><N who="1" m="34410" /><E99/><V113/><F113/><W48/><G48/><N who="0" m="28807" /><D86/><U73/><E73/><V115/><F87/><W78/><G78/><T4/><D4/><N who="1" m="3527" /><E122/><V26/><F115/><W25/><G25/><T3/><D3/><U132/><E132/><V5/><F39/><W14/><G14/><T17/><D17/><N who="3" m="4353" /><W83/><DORA hai="32" /><G83/><T41/><D67/><U65/><E120/><V49/><F37/><W13/><G13/><T85/><D85/><U91/><E65/><V47/><F84/><AGARI ba="0,0" hai="51,55,59,80,81,82,84,91" m="3527,34410" machi="84" ten="30,5800,0" yaku="8,1,52,1,54,1" doraHai="52,111,32" who="1" fromWho="2" sc="173,0,250,58,250,-58,327,0" /><INIT seed="1,1,0,5,4,7" ten="173,308,192,327" oya="1" hai0="105,74,11,18,15,99,106,84,56,109,25,82,134" hai1="94,32,13,31,80,116,130,12,4,61,125,121,118" hai2="28,95,103,1,91,9,76,27,69,98,6,48,2" hai3="3,114,55,71,135,68,108,60,19,26,110,44,62"/><U49/><E121/><V47/><F69/><N who="3" m="26699" /><G3/><T112/><D112/><U126/><E80/><V122/><F122/><W87/><G87/><T115/><D115/><U64/><E49/><V85/><F76/><W45/><G26/><T50/><D109/><N who="3" m="42089" /><G19/><T92/><D134/><U29/><E94/><V0/><F27/><W46/><G114/><T65/><D74/><U34/><E61/><N who="3" m="23658" /><G55/><T52/><D65/><U40/><E64/><V120/><F120/><W14/><G14/><N who="1" m="5738" /><E40/><V66/><F66/><W100/><G100/><T83/><D25/><U117/><E4/><V119/><F28/><N who="1" m="10825" /><E130/><V57/><F1/><W22/><G22/><T58/><D83/><U129/><E129/><V24/><F0/><W72/><G72/><T63/><D82/><U107/><E107/><V97/><F24/><W79/><G79/><T96/><D84/><U51/><E51/><V36/><F48/><W124/><G124/><AGARI ba="1,0" hai="32,34,116,117,118,124,125,126" m="10825,5738" machi="124" ten="40,12000,1" yaku="28,2,18,1,34,2" doraHai="7" who="1" fromWho="3" sc="173,0,308,123,192,0,327,-123" /><INIT seed="1,2,0,3,4,70" ten="173,431,192,204" oya="1" hai0="11,44,90,98,28,75,83,9,121,93,23,115,105" hai1="47,132,48,124,87,39,89,114,111,2,51,1,16" hai2="30,27,25,3,38,22,129,126,81,46,67,68,20" hai3="5,18,84,37,122,102,40,128,77,17,15,91,24"/><U14/><E114/><V79/><F3/><W13/><G128/><T86/><D115/><U130/><E124/><V12/><F126/><W104/><G122/><T69/><D69/><U116/><E130/><V33/><F129/><W54/><G77/><T123/><D75/><U109/><E116/><V45/><F12/><W82/><G5/><T120/><D105/><U29/><E29/><V50/><F67/><W97/><G54/><T134/><D134/><U131/><E132/><V127/><F68/><W119/><G119/><T78/><REACH who="0" step="1"/><D44/><REACH who="0" ten="163,431,192,204" step="2"/><U118/><E131/><V73/><F127/><W57/><G57/><T58/><D58/><U35/><E118/><V65/><F65/><W4/><G4/><T53/><D53/><U110/><E1/><V56/><F56/><W55/><G55/><T19/><D19/><U41/><E2/><V112/><F112/><W76/><G18/><T99/><D99/><U8/><E35/><V71/><F71/><W100/><G104/><T62/><D62/><U60/><E60/><V59/><F33/><W66/><G66/><T36/><D36/><U26/><E26/><AGARI ba="2,1" hai="9,11,23,26,28,78,83,86,90,93,98,120,121,123" machi="26" ten="40,2600,0" yaku="1,1,13,1,53,0" doraHai="70" doraHaiUra="96" who="0" fromWho="1" sc="163,42,431,-32,192,0,204,0" /><INIT seed="2,0,0,2,3,24" ten="205,399,192,204" oya="2" hai0="79,76,4,13,12,0,103,40,114,77,95,31,81" hai1="10,116,132,26,117,109,3,47,25,129,8,83,32" hai2="125,34,78,115,100,2,46,5,94,72,14,97,89" hai3="118,104,19,131,50,84,54,74,38,55,58,126,41"/><V80/><F34/><W121/><G74/><T17/><D114/><U90/><E47/><V88/><F115/><W75/><G104/><T86/><D40/><U120/><E83/><V124/><F14/><W91/><G75/><T22/><D0/><U112/><E90/><N who="2" m="34923" /><F46/><W15/><G121/><T27/><D4/><U48/><E48/><V110/><F5/><W96/><G96/><N who="0" m="59807" /><D12/><U9/><E3/><V39/><F39/><W113/><G113/><T37/><D37/><U16/><E112/><V36/><F36/><W59/><G118/><T29/><D13/><U87/><E120/><V66/><F66/><W49/><G38/><T35/><D35/><U82/><E32/><V102/><F2/><W57/><G131/><T18/><D18/><U63/><E129/><V73/><F73/><W61/><G126/><N who="2" m="48745" /><F102/><W127/><G127/><T70/><D70/><U43/><E117/><V20/><F20/><N who="3" m="11391" /><G41/><T56/><D56/><N who="3" m="21609" /><G55/><T122/><D122/><U68/><E43/><V93/><F110/><W107/><G107/><AGARI ba="0,0" hai="72,78,80,93,94,97,100,107" m="48745,34923" machi="107" ten="30,11600,0" yaku="18,1,34,2,54,1" doraHai="24" who="2" fromWho="3" sc="205,0,399,0,192,116,204,-116" /><INIT seed="2,1,0,3,1,112" ten="205,399,308,88" oya="2" hai0="35,34,51,76,81,94,66,40,58,18,130,79,53" hai1="33,89,17,128,19,6,48,122,13,105,5,77,99" hai2="78,103,110,42,117,54,124,127,65,93,63,97,1" hai3="21,57,8,43,20,56,67,47,10,106,9,74,45"/><V135/><F117/><W109/><G106/><T129/><D40/><U92/><E33/><V3/><F42/><W49/><G74/><T83/><D66/><U68/><E128/><N who="0" m="49257" /><D94/><U30/><E68/><V134/><F78/><W2/><G2/><N who="2" m="521" /><F54/><W71/><G71/><T111/><D111/><U60/><E77/><N who="0" m="29769" /><D18/><U52/><E105/><N who="2" m="63727" /><F110/><W87/><G109/><T36/><D36/><U95/><E95/><V7/><F7/><W23/><G67/><T82/><AGARI ba="1,0" hai="34,35,51,53,58,81,82,83" m="29769,49257" machi="82" ten="40,1500,0" yaku="19,1" doraHai="112" who="0" fromWho="0" sc="205,18,399,-5,308,-8,88,-5" /><INIT seed="3,0,0,1,1,118" ten="223,394,300,83" oya="3" hai0="104,131,116,52,87,53,18,32,69,11,65,39,109" hai1="105,132,21,96,22,44,80,93,81,56,26,0,107" hai2="130,78,83,82,125,86,34,115,46,84,47,19,14" hai3="2,124,38,127,4,12,66,134,67,111,6,110,119"/><W60/><G38/><T5/><D116/><U73/><E132/><V133/><F115/><W59/><G119/><T62/><D104/><U33/><E0/><V94/><F133/><W68/><G134/><T42/><D32/><U76/><E81/><V1/><F1/><W35/><G35/><T3/><D109/><N who="3" m="41481" /><G2/><T117/><D117/><U106/><E44/><V36/><F36/><W55/><G66/><T40/><D131/><U31/><REACH who="1" step="1"/><E56/><REACH who="1" ten="223,384,300,83" step="2"/><V129/><F125/><N who="3" m="48203" /><G12/><T128/><D128/><U123/><E123/><V71/><F71/><W91/><G91/><AGARI ba="0,1" hai="21,22,26,31,33,73,76,80,91,93,96,105,106,107" machi="91" ten="40,2600,0" yaku="1,1,53,1" doraHai="118" doraHaiUra="28" who="1" fromWho="3" sc="223,0,384,36,300,0,83,-26" owari="223,-17.7,420,52.0,300,10.0,57,-44.3" /></mjloggm>