<mjloggm ver="2.3"><GO type="225" lobby="0"/><UN n0="%73%6C%69%63%6B%33%31%39" n1="%E3%82%82%E3%81%90%E3%82%89" n2="%E3%83%AB%E3%83%9B%E3%83%B3%E3%83%87%E3%82%A3%E3%82%A8" n3="%6D%75%75%6D%75%72%61" dan="17,16,16,16" rate="2177.63,2189.71,2135.26,2134.58" sx="M,M,M,F"/><TAIKYOKU oya="0"/><INIT seed="0,0,0,4,2,45" ten="250,250,250,250" oya="0" hai0="65,34,7,73,120,51,98,66,19,48,99,46,72" hai1="54,22,90,81,127,111,29,39,57,13,117,80,40" hai2="86,102,129,114,77,8,108,10,87,38,74,1,67" hai3="52,68,43,110,17,20,69,21,91,130,135,11,115"/><T35/><D7/><U106/><E117/><V121/><F114/><W42/><G115/><T58/><D19/><U94/><E106/><V131/><F121/><W133/><G110/><T49/><D46/><U71/><E71/><N who="3" m="27210" /><G130/><N who="2" m="49673" /><F67/><N who="0" m="25610" /><D58/><U23/><E127/><V64/><F64/><W4/><G91/><T113/><D120/><U92/><E92/><V107/><F38/><W14/><G43/><T60/><D60/><U18/><E111/><V134/><F108/><W96/><G42/><T33/><D113/><U25/><E40/><V84/><F1/><W15/><G96/><AGARI ba="0,0" hai="33,34,35,48,49,51,72,73,96,98,99" m="25610" machi="96" ten="40,12000,1" yaku="28,2,52,3" doraHai="45" who="0" fromWho="3" sc="250,120,250,0,250,0,250,-120" /><INIT seed="0,1,0,5,1,19" ten="370,250,250,130" oya="0" hai0="113,110,114,46,131,124,75,26,127,117,5,56,119" hai1="62,0,133,103,100,81,45,51,30,41,73,125,93" hai2="59,61,10,80,6,3,70,95,68,12,14,122,65" hai3="24,91,25,11,108,16,71,29,52,99,85,57,78"/><T120/><D75/><U35/><E0/><V118/><F122/><W31/><G71/><T67/><D5/><U39/><E125/><N who="0" m="48201" /><D120/><U135/><E39/><V94/><F118/><N who="0" m="45066" /><D26/><U33/><E62/><V111/><F111/><W97/><G108/><T63/><D110/><U96/><E103/><V20/><F3/><W134/><G78/><T50/><D131/><U82/><E73/><V54/><F80/><N who="1" m="30825" /><E30/><V112/><F112/><W126/><G134/><AGARI ba="1,0" hai="33,35,41,45,51,93,96,100,133,134,135" m="30825" machi="134" ten="30,1000,0" yaku="20,1" doraHai="19" who="1" fromWho="3" sc="370,0,250,13,250,0,130,-13" /><INIT seed="1,0,0,0,4,123" ten="370,263,250,117" oya="1" hai0="31,27,102,7,20,43,80,6,57,10,63,22,131" hai1="16,82,66,88,26,50,67,96,133,103,93,108,4" hai2="32,113,68,115,14,52,78,112,74,122,12,23,30" hai3="95,73,59,104,87,118,9,49,28,42,85,99,46"/><U71/><E133/><V81/><F68/><W129/><G73/><T135/><D135/><U92/><E71/><V3/><F3/><W130/><G104/><T75/><D131/><U90/><E4/><V124/><F122/><W125/><G125/><T70/><D70/><U61/><E108/><V17/><F124/><W47/><G118/><T45/><D102/><U55/><E82/><V60/><F32/><W65/><G28/><T91/><D20/><N who="1" m="13575" /><E103/><V111/><F30/><W29/><G29/><T106/><D106/><U127/><E127/><V44/><F12/><W101/><G9/><T132/><D132/><U100/><E100/><V24/><F14/><W25/><G25/><T18/><D31/><U15/><E15/><V21/><F21/><W76/><G76/><T98/><D75/><U38/><E38/><V116/><F116/><W119/><G119/><T64/><D10/><U114/><E114/><V126/><F126/><W35/><G35/><T41/><D80/><U83/><E83/><V13/><F13/><W77/><G77/><T39/><REACH who="0" step="1"/><D43/><REACH who="0" ten="360,263,250,117" step="2"/><U40/><E40/><V8/><F8/><W37/><G129/><T0/><D0/><U89/><E89/><V84/><F74/><W11/><G11/><T19/><D19/><U86/><E61/><V34/><F60/><N who="3" m="38047" /><G130/><T69/><D69/><U97/><E97/><V54/><F34/><W58/><G101/><T53/><D53/><N who="2" m="20586" /><F111/><W107/><G107/><T105/><D105/><U79/><E79/><V33/><F33/><W109/><G99/><T1/><D1/><U117/><E117/><V56/><F112/><RYUUKYOKU ba="0,1" sc="360,15,263,15,250,-15,117,-15" hai0="6,7,18,22,27,39,41,45,57,63,64,91,98" hai1="50,55,66,67,86,88,90,92,93,96" /><INIT seed="1,1,1,1,5,21" ten="375,278,235,102" oya="1" hai0="38,73,131,106,114,82,56,47,118,58,39,83,101" hai1="85,5,40,60,87,36,27,1,122,123,10,35,26" hai2="74,104,115,108,86,43,119,120,100,53,93,116,24" hai3="20,110,99,49,19,31,68,89,97,129,29,112,28"/><U127/><E127/><V92/><F74/><W79/><G112/><T91/><D114/><U59/><E35/><V96/><F115/><W16/><G68/><T64/><D118/><U41/><E123/><V57/><F120/><W34/><G110/><T12/><D106/><U102/><E102/><V9/><F43/><N who="1" m="16457" /><E1/><V130/><F130/><W33/><G129/><T69/><D101/><U13/><E36/><V72/><F72/><W84/><G79/><T7/><D69/><U128/><E122/><V22/><F9/><W15/><G49/><T70/><D70/><U32/><E32/><V30/><F108/><W0/><G0/><T46/><D73/><U2/><E2/><V95/><REACH who="2" step="1"/><F86/><REACH who="2" ten="375,278,225,102" step="2"/><N who="1" m="32777" /><E128/><V81/><F81/><N who="3" m="49295" /><G34/><T111/><D111/><U107/><E107/><V52/><F52/><AGARI ba="1,2" hai="5,10,13,26,27,52,59,60" m="32777,16457" machi="52" ten="30,11600,0" yaku="8,1,52,2,54,1" doraHai="21" who="1" fromWho="2" sc="375,0,278,139,225,-119,102,0" /><INIT seed="1,2,0,5,3,40" ten="375,417,106,102" oya="1" hai0="43,27,77,88,70,85,33,2,65,103,56,86,68" hai1="26,50,37,74,12,79,125,108,127,24,81,55,118" hai2="95,100,105,94,129,87,18,35,31,0,90,59,6" hai3="38,123,10,82,28,22,119,107,115,20,69,106,53"/><U66/><E118/><V9/><F129/><W45/><G115/><T132/><D2/><U34/><E37/><V114/><F114/><W92/><G123/><T25/><D132/><U97/><E108/><V7/><F105/><W3/><G69/><T111/><D111/><U42/><E42/><V131/><F131/><W15/><G119/><T57/><D103/><U52/><E66/><V121/><F121/><W99/><G3/><T126/><D126/><N who="1" m="48139" /><E34/><V58/><F35/><W4/><G82/><N who="0" m="47311" /><D68/><U36/><E36/><V83/><F31/><W17/><G38/><T61/><D70/><U71/><E71/><V48/><F18/><W73/><G28/><T133/><D33/><U32/><E32/><V67/><F7/><W76/><G73/><T8/><D133/><U135/><E135/><V124/><F124/><W91/><G76/><T11/><D56/><N who="1" m="32791" /><E12/><V64/><F64/><W104/><REACH who="3" step="1"/><G17/><REACH who="3" ten="375,417,106,92" step="2"/><T116/><D116/><U47/><E97/><V5/><F0/><W14/><G14/><T130/><D88/><U84/><E74/><V51/><F90/><W134/><G134/><T75/><D86/><U44/><E79/><V96/><F87/><W93/><G93/><T46/><D75/><U101/><E81/><V13/><F83/><W49/><AGARI ba="2,1" hai="4,10,15,20,22,45,49,53,91,92,99,104,106,107" machi="49" ten="40,8000,1" yaku="1,1,0,1,52,1,53,1" doraHai="40" doraHaiUra="1" who="3" fromWho="3" sc="375,-22,417,-42,106,-22,92,96" /><INIT seed="2,0,0,0,3,69" ten="353,375,84,188" oya="2" hai0="36,27,77,51,53,48,85,40,127,9,107,33,73" hai1="97,83,0,135,89,96,78,115,22,75,59,122,129" hai2="2,32,88,130,1,112,80,60,14,70,45,66,76" hai3="117,46,49,3,44,41,6,5,118,99,65,25,7"/><V87/><F32/><W123/><G123/><T63/><D107/><U47/><E115/><V114/><F130/><W79/><G3/><T61/><D73/><U103/><E129/><V101/><F101/><W93/><G65/><T100/><D36/><U134/><E0/><V119/><F119/><W29/><G46/><N who="0" m="25671" /><D33/><U116/><E116/><V43/><F1/><W52/><G79/><T108/><D108/><U21/><E122/><V120/><F2/><W8/><G8/><T16/><D100/><U10/><E10/><V55/><F120/><W39/><G93/><T20/><D9/><U81/><E59/><V128/><F128/><W68/><G68/><T56/><D127/><U24/><E47/><V12/><F55/><W82/><G41/><T111/><D111/><U64/><E64/><V67/><F67/><W28/><G52/><T84/><D77/><U126/><E126/><V42/><F42/><W37/><G117/><T31/><D31/><U131/><E131/><V86/><F112/><W34/><G29/><T30/><D30/><U4/><E4/><V133/><F114/><W121/><G118/><T58/><D58/><U15/><E15/><V94/><REACH who="2" step="1"/><F133/><REACH who="2" ten="353,375,74,188" step="2"/><W95/><G121/><T104/><D104/><U35/><E35/><V38/><AGARI ba="0,1" hai="12,14,38,43,45,60,66,70,76,80,86,87,88,94" machi="38" ten="20,18000,2" yaku="1,1,2,1,0,1,7,1,52,1,54,1,53,0" doraHai="69" doraHaiUra="105" who="2" fromWho="2" sc="353,-60,375,-60,74,190,188,-60" /><INIT seed="2,1,0,3,3,1" ten="293,315,264,128" oya="2" hai0="126,86,103,70,37,26,0,117,34,46,92,24,131" hai1="3,39,80,4,5,59,31,50,8,108,83,84,48" hai2="115,51,54,94,100,33,65,107,36,11,113,97,68" hai3="72,93,125,99,56,13,9,101,40,55,67,7,43"/><V106/><F36/><W21/><G125/><T60/><D0/><U69/><E69/><V22/><F33/><W12/><G72/><T110/><D126/><U81/><E39/><V45/><F107/><W6/><G67/><T122/><D122/><U95/><E108/><V14/><F22/><W32/><G32/><T73/><D73/><U133/><E133/><V16/><F68/><W74/><G74/><T63/><D110/><U23/><E3/><V61/><REACH who="2" step="1"/><F106/><REACH who="2" ten="293,315,254,128" step="2"/><W20/><G20/><T10/><D70/><U42/><E23/><V15/><F15/><W44/><G21/><T76/><D34/><U104/><E104/><V85/><F85/><W64/><G64/><T98/><D26/><U29/><E29/><V109/><F109/><W17/><G12/><T135/><D24/><U96/><E84/><V105/><F105/><W41/><REACH who="3" step="1"/><G44/><REACH who="3" ten="293,315,254,118" step="2"/><T123/><D46/><N who="1" m="25687" /><E31/><V47/><F47/><W57/><G57/><T111/><D111/><U19/><E59/><V112/><F112/><W134/><G134/><T119/><D135/><U18/><E8/><V38/><F38/><W124/><G124/><T58/><D58/><U2/><E2/><V35/><F35/><W78/><G78/><T77/><D77/><U89/><E50/><AGARI ba="1,2" hai="6,7,9,13,17,40,41,43,50,55,56,93,99,101" machi="50" ten="40,8000,1" yaku="1,1,8,1,52,2,53,1" doraHai="1" doraHaiUra="52" who="3" fromWho="1" sc="293,0,315,-83,254,0,118,103" /><INIT seed="3,0,0,2,4,14" ten="293,232,254,221" oya="3" hai0="134,4,89,130,102,112,95,8,25,23,1,67,21" hai1="33,117,20,100,32,2,19,68,50,5,98,47,101" hai2="30,42,35,58,118,46,92,66,120,70,99,108,61" hai3="15,6,83,74,75,56,85,45,106,52,40,78,110"/><W119/><G119/><T53/><D130/><U79/><E68/><V91/><F118/><W135/><G106/><T44/><D134/><U107/><E117/><V22/><F35/><W129/><G135/><T41/><D67/><U105/><E79/><V13/><F108/><W51/><G129/><T26/><D102/><U80/><E80/><V60/><F120/><W126/><G126/><T76/><D76/><U11/><E101/><V81/><F81/><W109/><G75/><T29/><D53/><U86/><E86/><V63/><F70/><W37/><REACH who="3" step="1"/><G74/><REACH who="3" ten="293,232,254,211" step="2"/><T16/><D112/><U10/><E107/><V132/><F132/><W104/><G104/><T3/><D3/><U93/><E105/><V97/><F66/><W77/><G77/><T88/><D95/><U127/><E127/><V133/><F92/><W103/><G103/><T7/><D7/><U38/><E38/><AGARI ba="0,1" hai="1,4,8,16,21,23,25,26,29,38,41,44,88,89" machi="38" ten="30,7700,0" yaku="7,1,52,1,54,2" doraHai="14" who="0" fromWho="1" sc="293,87,232,-77,254,0,211,0" owari="380,48.0,155,-34.5,254,5.4,211,-18.9" /></mjloggm>