<mjloggm ver="2.3"><GO type="225" lobby="0"/><UN n0="%E8%B6%85%E7%B4%9A%E9%B3%B3%E5%87%B0" n1="%E3%82%BC%E3%83%AB%E3%83%80%E3%81%AE%E4%BC%9D%E8%AA%AC" n2="%E3%81%BF%E3%81%BF%E3%81%9A" n3="%E6%A0%B9%E5%85%83%E3%81%8B%E3%82%89%E5%90%B9%E3%81%A3%E9%A3%9B%E3%81%B6" dan="17,17,17,17" rate="2192.12,2180.87,2273.53,2186.01" sx="M,M,M,F"/><TAIKYOKU oya="0"/><INIT seed="0,0,0,3,4,16" ten="250,250,250,250" oya="0" hai0="19,39,34,107,61,0,25,62,38,29,130,3,70" hai1="2,74,132,89,78,55,117,27,115,14,9,106,8" hai2="103,11,49,45,116,82,69,51,96,99,30,65,12" hai3="84,20,86,122,24,114,88,105,111,22,40,79,76"/><T123/><D123/><U31/><E117/><V7/><F116/><W94/><G114/><T80/><D107/><U4/><E106/><V53/><F69/><W133/><G122/><T59/><D130/><U1/><E115/><V52/><F65/><W77/><G105/><T50/><D19/><U85/><E132/><V46/><F103/><W102/><G102/><T131/><D131/><U66/><E66/><V125/><F125/><W43/><G133/><T41/><D80/><U28/><E78/><V134/><F134/><W128/><G111/><T17/><D17/><N who="1" m="8391" /><E55/><V44/><F82/><N who="3" m="49175" /><G128/><T60/><D70/><U109/><E85/><V81/><F81/><W72/><G72/><T118/><D118/><U90/><E90/><V26/><REACH who="2" step="1"/><F44/><REACH who="2" ten="250,250,240,250" step="2"/><W126/><G126/><T18/><D59/><U121/><E121/><V37/><F37/><W129/><G129/><T112/><D112/><U68/><E68/><V92/><F92/><W35/><G94/><T10/><D39/><U91/><E109/><V119/><F119/><W101/><G101/><T73/><D38/><U135/><E135/><V36/><F36/><W58/><G58/><T32/><D10/><U71/><E71/><V100/><F100/><W23/><G35/><AGARI ba="0,1" hai="7,11,12,26,30,35,45,46,49,51,52,53,96,99" machi="35" ten="30,12000,2" yaku="1,1,7,1,9,1,54,1,53,2" doraHai="16" doraHaiUra="95" who="2" fromWho="3" sc="250,0,250,0,240,130,250,-120" /><INIT seed="1,0,0,3,5,35" ten="250,250,370,130" oya="1" hai0="47,13,28,65,29,70,112,108,32,42,128,12,41" hai1="51,22,36,97,48,104,78,49,123,26,8,7,74" hai2="101,64,113,30,31,61,103,89,135,127,57,40,52" hai3="2,19,66,73,45,56,54,58,96,131,95,14,34"/><U129/><E123/><V62/><F127/><W6/><G73/><T130/><D112/><U55/><E36/><V88/><F135/><W80/><G34/><T125/><D125/><U82/><E129/><N who="0" m="49769" /><D108/><U63/><E63/><V24/><F113/><W60/><G131/><T68/><D32/><U85/><E74/><V17/><F40/><N who="0" m="15466" /><D47/><U1/><E97/><V94/><F17/><W106/><G106/><T118/><D118/><U134/><E104/><V115/><F89/><W81/><G45/><T121/><D121/><U20/><E20/><N who="2" m="15623" /><F31/><N who="0" m="11850" /><D65/><U119/><E134/><V71/><F71/><AGARI ba="0,0" hai="12,13,68,70,71" m="11850,15466,49769" machi="71" ten="40,5200,0" yaku="28,2,19,1" doraHai="35" who="0" fromWho="2" sc="250,52,250,0,370,-52,130,0" /><INIT seed="2,0,0,2,0,43" ten="302,250,318,130" oya="2" hai0="10,115,97,121,113,134,3,123,40,122,87,128,30" hai1="23,69,78,90,119,60,92,41,103,1,79,118,114" hai2="96,100,35,95,53,109,21,129,99,127,20,0,66" hai3="71,50,124,58,106,32,34,94,56,15,7,76,73"/><V57/><F35/><W19/><G71/><T135/><D40/><U8/><E114/><N who="0" m="43529" /><D87/><U54/><E103/><V51/><F0/><W120/><G106/><T80/><D80/><U131/><E131/><V52/><F127/><W91/><G120/><T70/><D97/><U108/><E108/><V2/><F2/><W22/><G124/><T117/><D70/><U82/><E23/><V65/><F109/><W67/><G7/><N who="0" m="1407" /><D128/><U27/><E27/><V89/><F129/><W126/><G126/><T74/><D74/><U116/><E41/><V85/><F99/><W24/><G76/><T36/><D36/><U62/><E69/><V46/><F20/><W9/><G73/><T83/><D83/><U111/><E111/><V86/><F21/><W25/><G34/><T93/><D93/><U29/><E29/><V5/><F5/><W101/><G32/><T4/><D4/><N who="1" m="1039" /><E54/><V28/><F28/><W6/><G101/><T84/><D84/><N who="2" m="32362" /><F100/><W112/><G112/><T130/><D130/><U61/><E82/><V14/><F14/><W33/><G33/><T17/><D30/><U26/><E79/><V11/><F11/><W68/><G68/><T104/><D104/><U133/><E78/><V102/><F102/><W110/><G110/><T31/><D31/><U18/><E118/><V47/><F53/><W132/><G132/><N who="0" m="50731" /><D17/><U77/><E77/><V107/><F107/><W38/><G19/><T49/><D49/><U37/><E37/><V45/><AGARI ba="0,0" hai="45,46,47,51,52,57,65,66,89,95,96" m="32362" machi="45" ten="30,12000,1" yaku="8,1,52,3,54,1" doraHai="43" who="2" fromWho="2" sc="302,-40,250,-40,318,120,130,-40" /><INIT seed="2,1,0,3,5,51" ten="262,210,438,90" oya="2" hai0="55,78,65,45,20,31,91,106,95,124,107,64,12" hai1="73,14,30,17,52,132,110,80,8,67,41,120,16" hai2="66,44,123,128,99,21,38,98,15,116,112,24,6" hai3="89,72,119,19,122,59,47,113,5,46,42,75,135"/><V90/><F116/><W54/><G119/><T4/><D124/><U103/><E110/><V9/><F112/><W109/><G122/><T74/><D78/><U100/><E120/><V104/><F123/><W36/><G109/><T105/><D74/><U68/><E41/><V83/><F66/><W58/><G113/><T108/><D108/><U121/><E121/><V71/><F71/><W57/><G135/><T81/><D81/><U39/><E39/><V129/><F104/><W49/><G5/><T25/><D4/><U37/><E37/><V126/><F126/><W53/><G75/><T77/><D77/><U125/><E30/><V2/><F2/><W0/><G0/><T34/><D34/><U40/><E40/><V62/><F44/><W87/><G72/><T117/><D12/><U60/><E125/><V3/><F38/><W7/><G7/><T43/><D117/><U63/><E132/><V11/><F11/><W92/><REACH who="3" step="1"/><G19/><REACH who="3" ten="262,210,438,80" step="2"/><T130/><D130/><U29/><E17/><N who="2" m="12335" /><F3/><W84/><G84/><T33/><D31/><U118/><E29/><V96/><F129/><W134/><G134/><T28/><D33/><U26/><E118/><V69/><F128/><W18/><G18/><T82/><D28/><U127/><E127/><V35/><F6/><W61/><AGARI ba="1,1" hai="36,42,46,47,49,53,54,57,58,59,61,87,89,92" machi="61" ten="20,12000,2" yaku="1,1,0,1,7,1,52,2,53,2" doraHai="51" doraHaiUra="48" who="3" fromWho="3" sc="262,-31,210,-31,438,-61,80,133" /><INIT seed="3,0,0,2,2,114" ten="231,179,377,213" oya="3" hai0="105,93,98,51,35,17,126,12,65,25,120,23,55" hai1="128,67,22,82,21,106,107,4,108,131,59,63,80" hai2="100,52,135,5,66,121,0,20,110,92,40,36,27" hai3="73,101,124,123,102,74,57,9,127,54,13,16,32"/><W37/><G37/><T88/><D120/><U118/><E108/><V43/><F66/><W76/><G32/><T48/><D126/><N who="3" m="48169" /><G123/><T6/><D65/><U130/><E4/><V61/><F110/><W3/><G3/><T83/><D105/><N who="1" m="39947" /><E21/><V24/><F135/><W69/><G69/><T91/><D35/><U50/><E50/><V89/><F36/><W30/><G30/><T109/><D109/><U122/><E122/><V1/><F121/><W56/><G56/><T47/><D51/><U71/><E71/><V87/><F0/><W104/><G104/><T29/><D6/><U31/><E31/><V115/><F5/><W60/><G76/><T70/><D70/><U112/><E112/><V18/><F115/><W97/><G97/><T45/><D45/><U19/><E82/><V68/><F1/><W53/><G53/><T132/><D132/><U62/><E80/><N who="2" m="49383" /><F68/><W125/><N who="3" m="48177" /><W26/><DORA hai="86" /><G26/><T46/><D47/><U78/><E78/><V134/><F134/><W33/><G33/><T133/><D133/><U90/><E63/><V11/><F24/><W113/><G113/><T103/><D83/><U15/><E90/><N who="0" m="34345" /><D29/><U96/><E96/><N who="2" m="59399" /><F61/><W38/><G38/><T2/><D2/><U75/><E75/><AGARI ba="0,0" hai="9,13,16,54,57,60,73,74,75,101,102" m="48177" machi="75" ten="40,3900,0" yaku="18,1,54,1" doraHai="114,86" who="3" fromWho="1" sc="231,0,179,-39,377,0,213,39" /><INIT seed="3,1,0,0,3,49" ten="231,140,377,252" oya="3" hai0="25,12,8,30,107,3,16,75,102,65,125,83,121" hai1="135,14,66,116,123,1,46,27,72,109,78,92,39" hai2="129,62,130,58,35,10,133,90,59,9,122,117,99" hai3="67,56,37,112,68,29,7,0,57,70,51,2,100"/><W88/><G37/><T110/><D121/><U11/><E123/><V108/><F117/><W36/><G36/><T113/><D110/><U71/><E135/><V115/><F115/><W105/><G29/><T44/><D113/><U32/><E92/><N who="2" m="56727" /><F122/><W48/><G100/><T124/><D3/><U73/><E116/><V50/><F35/><W42/><G7/><T104/><D44/><U98/><E98/><V24/><F108/><W33/><G67/><T89/><D65/><U21/><E109/><V127/><F127/><N who="0" m="48714" /><D102/><U76/><E76/><V128/><F133/><W77/><G105/><T6/><D6/><U131/><E131/><V120/><F120/><W53/><G33/><N who="0" m="20687" /><D89/><U97/><E97/><V4/><F24/><W13/><G88/><T31/><D31/><U132/><E132/><V84/><F84/><W5/><G0/><T45/><D45/><U103/><E103/><V74/><F74/><W80/><G2/><T26/><D26/><U64/><E32/><V17/><F17/><W114/><G5/><T41/><D41/><U19/><E1/><V55/><F4/><W22/><G42/><T94/><D94/><U86/><E66/><AGARI ba="1,0" hai="9,10,50,55,58,59,62,66,128,129,130" m="56727" machi="66" ten="30,2000,0" yaku="19,1,52,1" doraHai="49" who="2" fromWho="1" sc="231,0,140,-23,377,23,252,0" owari="231,-16.9,117,-38.3,400,50.0,252,5.2" /></mjloggm>