<mjloggm ver="2.3"><GO type="225" lobby="0"/><UN n0="%E7%BD%AA%E5%88%91%E6%B3%95%E5%AE%9A%E4%B8%BB%E7%BE%A9" n1="%E5%B0%8F%E9%B3%A5%E9%81%8A%E7%B7%B4%E7%84%A1%32%31%E6%AD%B3" n2="%E5%8F%AF%E5%85%90%E9%82%A3%E7%94%B1%E5%A4%9A" n3="%E7%B4%94%E6%BD%94%E3%83%94%E3%83%A9%E3%83%8B%E3%82%A2" dan="16,16,16,17" rate="2151.57,2183.20,2195.05,2156.12" sx="M,F,F,M"/><TAIKYOKU oya="0"/><INIT seed="0,0,0,5,5,24" ten="250,250,250,250" oya="0" hai0="11,53,127,6,27,114,35,55,91,7,119,102,62" hai1="19,74,16,50,39,23,60,90,2,29,17,95,48" hai2="37,54,8,105,49,33,86,77,108,75,73,47,42" hai3="67,112,61,97,116,79,99,109,18,38,52,12,34"/><T4/><D114/><U14/><E2/><V0/><F105/><W129/><G112/><T121/><D119/><U124/><E39/><V28/><F108/><W82/><G38/><T5/><D121/><U122/><E74/><V106/><F106/><W13/><G34/><T110/><D102/><U130/><E122/><V113/><F113/><W56/><G109/><T93/><D110/><U88/><E130/><V84/><F73/><W32/><G32/><T57/><D127/><U76/><E76/><V101/><F101/><W10/><G129/><T98/><D27/><N who="1" m="16639" /><E124/><V89/><F89/><N who="1" m="34409" /><E95/><V72/><F72/><W128/><G116/><T100/><D35/><U41/><E41/><V92/><F92/><W22/><G67/><T31/><D31/><U131/><E131/><V51/><F28/><W58/><G128/><T118/><D118/><U15/><E60/><V132/><F33/><W9/><G82/><T120/><D120/><U117/><E117/><V80/><F37/><W126/><G79/><T78/><D78/><U3/><E3/><V26/><F75/><W1/><G1/><T63/><D100/><U85/><E85/><V69/><F86/><W40/><G40/><T83/><D83/><U133/><E133/><V64/><F132/><W66/><G126/><T25/><D25/><U103/><E103/><V134/><F26/><W96/><G13/><AGARI ba="0,0" hai="13,14,15,16,17,19,48,50" m="34409,16639" machi="13" ten="30,7700,0" yaku="8,1,52,1,54,2" doraHai="24" who="1" fromWho="3" sc="250,0,250,77,250,0,250,-77" /><INIT seed="1,0,0,4,2,112" ten="250,327,250,173" oya="1" hai0="70,8,111,24,18,42,92,2,41,63,46,109,6" hai1="0,103,67,39,75,114,69,105,68,7,45,23,127" hai2="95,9,14,71,4,55,99,35,123,122,62,100,20" hai3="64,61,110,87,38,13,82,37,25,115,81,107,74"/><U59/><E127/><V51/><F35/><W76/><G115/><T84/><D18/><U118/><E114/><V47/><REACH who="2" step="1"/><F20/><REACH who="2" ten="250,327,240,173" step="2"/><W80/><G110/><T121/><D121/><U134/><E23/><V12/><F12/><W40/><G13/><T79/><D24/><U119/><E134/><V3/><F3/><W11/><G25/><T126/><D126/><U113/><E113/><V65/><AGARI ba="0,1" hai="4,9,14,47,51,55,62,65,71,95,99,100,122,123" machi="65" ten="30,4000,0" yaku="1,1,0,1,53,1" doraHai="112" doraHaiUra="60" who="2" fromWho="2" sc="250,-10,327,-20,240,50,173,-10" /><INIT seed="2,0,0,2,2,53" ten="240,307,290,163" oya="2" hai0="123,41,70,34,8,54,30,103,67,57,24,31,66" hai1="77,135,102,20,107,0,133,18,62,68,134,73,47" hai2="13,116,98,76,2,81,74,119,48,36,1,19,111" hai3="15,89,109,16,49,93,9,95,115,126,58,120,35"/><V25/><F36/><W110/><G120/><T6/><D123/><U40/><E0/><V12/><F25/><W97/><G35/><T128/><D128/><U39/><E102/><V104/><F111/><N who="3" m="42507" /><G126/><T94/><D70/><U84/><E84/><V28/><F28/><W124/><G124/><T99/><D41/><U71/><E107/><V91/><F1/><W55/><G95/><T46/><D46/><U132/><N who="1" m="33792" /><DORA hai="42" /><U29/><E29/><V52/><F2/><W64/><G64/><T108/><D31/><U122/><E122/><V121/><F121/><W75/><G75/><T106/><D106/><U88/><E88/><V125/><F125/><W26/><G26/><T44/><D44/><U96/><E96/><V59/><F12/><W5/><G115/><T45/><D45/><U38/><E38/><V82/><F104/><W51/><G49/><T117/><D117/><U113/><E62/><V79/><F98/><W69/><G69/><T11/><D108/><U80/><E113/><V100/><F100/><W27/><G27/><AGARI ba="0,0" hai="18,20,27,39,40,47,68,71,73,77,80" m="33792" machi="27" ten="70,4500,0" yaku="20,1,52,1" doraHai="53,42" who="1" fromWho="3" sc="240,0,307,45,290,0,163,-45" /><INIT seed="3,0,0,3,2,94" ten="240,352,290,118" oya="3" hai0="6,60,55,92,115,44,38,43,17,1,47,15,86" hai1="117,97,61,25,81,83,119,58,10,11,122,96,49" hai2="3,79,35,16,129,126,103,114,26,99,48,135,12" hai3="62,70,54,108,82,100,31,132,111,32,36,9,40"/><W110/><G132/><T8/><D115/><U24/><E122/><V113/><F3/><W53/><G82/><N who="1" m="31242" /><E49/><V84/><F135/><W118/><G118/><N who="1" m="45066" /><E24/><V131/><F126/><W13/><G100/><T7/><D1/><U2/><E25/><V18/><F84/><W51/><G36/><T76/><D76/><U45/><E45/><V77/><F48/><W128/><G128/><N who="2" m="49225" /><F35/><W89/><G89/><T123/><D123/><U107/><E107/><N who="2" m="63999" /><F26/><N who="3" m="18551" /><G40/><T20/><D47/><U57/><E57/><V106/><F106/><W41/><G41/><T124/><D124/><U39/><E39/><V5/><F5/><N who="3" m="3247" /><G51/><T34/><D34/><U116/><E116/><V104/><F104/><W90/><G90/><T91/><REACH who="0" step="1"/><D8/><REACH who="0" ten="230,352,290,118" step="2"/><N who="1" m="3115" /><E2/><V21/><F77/><W0/><G0/><T74/><D74/><U121/><E121/><V133/><F79/><W56/><G70/><T14/><D14/><U109/><E61/><V73/><F73/><W33/><G33/><T130/><D130/><U72/><E58/><AGARI ba="0,1" hai="6,7,15,17,20,38,43,44,55,58,60,86,91,92" machi="58" ten="40,2600,0" yaku="1,1,53,1" doraHai="94" doraHaiUra="50" who="0" fromWho="1" sc="230,36,352,-26,290,0,118,0" owari="266,-13.4,326,42.6,290,9.0,118,-38.2" /></mjloggm>