<mjloggm ver="2.3"><GO type="225" lobby="0"/><UN n0="%E3%81%9F%E3%81%A3%E3%81%A1%E3%82%87" n1="%72%69%6F%75%63%68%61%6E" n2="%E5%84%AA%40%41%42%43" n3="%72%61%6B%33" dan="16,17,17,18" rate="2073.52,2293.09,2241.05,2276.34" sx="M,M,M,M"/><TAIKYOKU oya="0"/><INIT seed="0,0,0,4,5,125" ten="250,250,250,250" oya="0" hai0="114,11,63,99,126,72,87,23,34,118,128,111,67" hai1="30,97,107,53,43,112,119,46,9,129,83,1,77" hai2="120,85,0,116,49,37,58,12,33,48,36,74,76" hai3="70,122,51,93,18,100,14,115,110,29,95,2,10"/><T5/><D114/><U38/><E129/><V52/><F120/><W91/><G110/><T59/><D118/><U60/><E119/><V44/><F0/><W78/><G70/><T20/><D126/><U133/><E133/><V32/><F74/><W124/><G122/><T132/><D72/><U80/><E112/><V98/><F116/><W96/><G124/><T101/><D132/><U64/><E30/><V131/><F131/><W57/><G115/><T71/><D111/><U55/><E83/><V62/><F48/><W8/><G29/><T50/><D128/><U105/><E107/><V103/><F36/><W88/><G78/><T92/><D34/><U21/><E21/><V40/><F12/><W4/><REACH who="3" step="1"/><G93/><REACH who="3" ten="250,250,250,240" step="2"/><T75/><D75/><N who="1" m="43071" /><E105/><V94/><REACH who="2" step="1"/><F37/><REACH who="2" ten="250,250,240,240" step="2"/><W45/><G45/><T109/><D109/><U108/><E108/><V65/><F65/><W41/><G41/><T86/><D67/><U39/><E38/><V54/><F54/><AGARI ba="0,2" hai="2,4,8,10,14,18,51,54,57,88,91,95,96,100" machi="54" ten="40,5200,0" yaku="1,1,54,1,53,1" doraHai="125" doraHaiUra="89" who="3" fromWho="2" sc="250,0,250,0,240,-52,240,72" /><INIT seed="1,0,0,5,3,19" ten="250,250,188,312" oya="1" hai0="67,122,65,107,4,70,90,106,38,59,36,83,27" hai1="12,125,43,93,82,34,132,48,126,26,102,56,88" hai2="8,57,20,64,104,74,16,9,79,10,134,112,76" hai3="13,17,86,105,95,108,14,54,45,91,6,53,73"/><U119/><E119/><V11/><F104/><W78/><G108/><T0/><D122/><U103/><E132/><V135/><N who="2" m="2048" /><DORA hai="15" /><V75/><F112/><W32/><G6/><T28/><D4/><U5/><E12/><V127/><F127/><N who="1" m="48649" /><E5/><V29/><F29/><W101/><G32/><T42/><D0/><U96/><E82/><V77/><F64/><W3/><G3/><T121/><D70/><U130/><E130/><V116/><F57/><W128/><G128/><T133/><D133/><N who="2" m="50698" /><F116/><W33/><G33/><T110/><D110/><U85/><E85/><V111/><F111/><W55/><G17/><T58/><D121/><U71/><E71/><V66/><F66/><W61/><G61/><T39/><D58/><U92/><E92/><V47/><F47/><W44/><G45/><T62/><D65/><U72/><E72/><V124/><F124/><W40/><G44/><T99/><D42/><U114/><E114/><V23/><F23/><W46/><G73/><T50/><D59/><U60/><E43/><V131/><F131/><W52/><N who="3" m="13312" /><DORA hai="115" /><W37/><REACH who="3" step="1"/><G78/><REACH who="3" ten="250,250,188,302" step="2"/><N who="2" m="19969" /><V63/><DORA hai="41" /><F63/><W7/><G7/><T113/><D62/><U31/><E48/><V118/><F118/><W69/><G69/><T25/><D50/><U120/><E120/><V84/><F84/><W94/><G94/><T129/><D113/><U100/><E60/><V49/><F49/><W51/><G51/><T123/><D129/><U1/><E56/><V98/><F98/><AGARI ba="0,1" hai="13,14,37,40,46,86,91,95,98,101,105" m="13312" machi="98" ten="50,12000,2" yaku="1,1,52,1,54,1,53,3" doraHai="19,15,115,41" doraHaiUra="80,87,89,30" who="3" fromWho="2" sc="250,0,250,0,188,-120,302,130" /><INIT seed="2,0,0,0,0,106" ten="250,250,68,432" oya="2" hai0="50,128,16,60,6,64,9,76,18,109,98,121,20" hai1="131,59,70,89,10,78,80,93,112,74,94,61,25" hai2="26,96,28,108,87,117,27,36,2,123,122,118,75" hai3="130,68,66,37,15,100,22,55,38,124,126,115,97"/><V42/><F87/><W17/><G130/><T101/><D121/><N who="2" m="46090" /><F96/><W63/><G115/><T41/><D109/><U129/><E112/><V24/><F42/><W33/><G33/><T43/><D128/><N who="1" m="49227" /><E70/><V35/><F36/><W85/><G55/><T86/><D50/><U51/><E51/><V90/><F90/><W83/><G126/><T39/><D18/><U1/><E25/><N who="2" m="18831" /><F75/><W120/><G124/><T84/><D39/><U14/><E1/><V46/><F46/><W92/><G120/><T134/><D41/><U29/><E29/><V91/><F91/><AGARI ba="0,0" hai="15,17,22,37,38,63,66,68,83,85,91,92,97,100" machi="91" ten="30,1000,0" yaku="7,1" doraHai="106" who="3" fromWho="2" sc="250,0,250,0,68,-10,432,10" /><INIT seed="3,0,0,4,2,33" ten="250,250,58,442" oya="3" hai0="24,18,96,10,27,53,59,58,124,67,16,49,19" hai1="23,64,90,46,71,5,100,123,132,25,102,54,39" hai2="117,118,87,126,41,52,88,112,122,81,63,110,68" hai3="116,106,103,121,80,14,37,48,38,9,101,31,131"/><W22/><G48/><N who="0" m="31015" /><D124/><U76/><E123/><V98/><F41/><W83/><G22/><T129/><D129/><U13/><E132/><V99/><F68/><W85/><G14/><N who="0" m="7511" /><D96/><U55/><E76/><V135/><F63/><W84/><G9/><T94/><D94/><U104/><E104/><V77/><F52/><N who="1" m="20009" /><E39/><V130/><F112/><W56/><G31/><T62/><D49/><U51/><E71/><V115/><F115/><W36/><G36/><T97/><D97/><U120/><E120/><V50/><F50/><W12/><G56/><T28/><D28/><N who="1" m="17471" /><E64/><V21/><F21/><W114/><G12/><T92/><D92/><U69/><E69/><V82/><F122/><W34/><G121/><T65/><D65/><U11/><E90/><V75/><F135/><W20/><G20/><T107/><D107/><U70/><E70/><V61/><F61/><W134/><G134/><T32/><D32/><U29/><E29/><V66/><F66/><W86/><G114/><T93/><D93/><U79/><E79/><V35/><F35/><W95/><G34/><T78/><D78/><U113/><E113/><V45/><F45/><W109/><G37/><T91/><D91/><U133/><E133/><V15/><F15/><W111/><G106/><T125/><D125/><U4/><E4/><V7/><F126/><W17/><G38/><T6/><D6/><U74/><E74/><V40/><F7/><W8/><G17/><AGARI ba="0,0" hai="16,17,19,24,27,59,62,67" m="7511,31015" machi="17" ten="30,2000,0" yaku="8,1,54,1" doraHai="33" who="0" fromWho="3" sc="250,20,250,0,58,0,442,-20" owari="270,7.0,250,-15.0,58,-44.2,422,52.2" /></mjloggm>