<mjloggm ver="2.3"><GO type="225" lobby="0"/><UN n0="%E3%81%A0%E3%81%8A" n1="%E6%97%A5%E6%9B%9C%E6%97%A5%E3%82%88%E3%82%8A%E3%81%AE%E4%BD%BF%E8%80%85" n2="%E6%98%93%E5%88%A9%E8%96%A9%E4%BC%AF" n3="%E3%82%B3%E3%83%90%E3%83%AC%E3%82%A4" dan="16,16,16,16" rate="2050.32,2091.58,2113.11,2065.81" sx="M,M,F,M"/><TAIKYOKU oya="0"/><INIT seed="0,0,0,4,1,75" ten="250,250,250,250" oya="0" hai0="116,55,7,47,8,67,130,98,2,97,100,4,28" hai1="115,58,50,72,91,103,52,129,39,105,12,107,54" hai2="134,45,118,65,62,37,78,1,35,81,77,71,70" hai3="57,73,48,96,109,123,44,68,26,74,32,18,46"/><T23/><D116/><U106/><E39/><V89/><F118/><W19/><G68/><T133/><D130/><U122/><E122/><V21/><F35/><W85/><G123/><T20/><D133/><U92/><E72/><V60/><F1/><W31/><G109/><T84/><D7/><U117/><E117/><V22/><F134/><W42/><G74/><T69/><D67/><U34/><E34/><V95/><F81/><W79/><G73/><T87/><D69/><U3/><E3/><V64/><F45/><W119/><G119/><T126/><D126/><U121/><E121/><V10/><F10/><W53/><G46/><T135/><D135/><U108/><E108/><V33/><F33/><W124/><G96/><T120/><D120/><U36/><E36/><V110/><F37/><W24/><G24/><T88/><D28/><U82/><E129/><V25/><F110/><W111/><G111/><T11/><D11/><U76/><E115/><V41/><F41/><W93/><G124/><T38/><D87/><U104/><E104/><V51/><F51/><W17/><G93/><T9/><D9/><U61/><E107/><V5/><F5/><W112/><G112/><T15/><D2/><U102/><E106/><V49/><F49/><W0/><G0/><T40/><D55/><U66/><E105/><V27/><F95/><W94/><G94/><N who="0" m="54535" /><D100/><U16/><E66/><V6/><F6/><W90/><G90/><AGARI ba="0,0" hai="21,22,25,27,60,62,64,65,70,71,77,78,89,90" machi="90" ten="25,6400,0" yaku="22,2,52,2" doraHai="75" who="2" fromWho="3" sc="250,0,250,0,250,64,250,-64" /><INIT seed="1,0,0,3,5,110" ten="250,250,314,186" oya="1" hai0="85,57,82,80,79,48,109,17,125,50,78,108,103" hai1="112,66,117,133,18,10,29,7,2,34,135,96,72" hai2="81,16,62,56,127,60,68,55,28,46,65,58,86" hai3="114,115,132,30,102,101,104,54,63,91,26,130,21"/><U119/><E72/><V105/><F127/><W44/><G132/><N who="1" m="50762" /><E66/><V124/><F124/><W89/><G130/><T4/><D125/><U37/><E37/><V20/><F105/><W32/><G32/><T61/><D4/><U19/><E96/><V13/><F68/><W14/><G14/><T134/><D103/><U70/><E70/><V69/><F69/><W107/><G104/><T95/><D95/><U126/><E126/><V41/><F28/><W73/><G73/><T129/><D129/><U98/><E98/><V123/><F123/><W11/><G11/><T15/><D134/><U3/><E3/><V92/><F92/><W120/><G120/><T6/><D6/><U90/><E90/><V40/><F46/><W131/><G131/><T9/><D109/><U113/><E19/><V83/><F83/><W128/><G128/><T35/><D35/><U42/><E18/><V33/><F33/><W25/><G107/><T87/><REACH who="0" step="1"/><D108/><REACH who="0" ten="240,250,314,186" step="2"/><U27/><E42/><V75/><F75/><W51/><G101/><T100/><D100/><U116/><AGARI ba="0,1" hai="2,7,10,27,29,34,112,113,116,117,119" m="50762" machi="116" ten="40,18000,2" yaku="20,1,23,1,34,2,52,2" doraHai="110" who="1" fromWho="1" sc="240,-60,250,190,314,-60,186,-60" /><INIT seed="1,1,0,5,3,4" ten="180,440,254,126" oya="1" hai0="14,101,130,28,121,110,8,3,107,68,116,76,80" hai1="0,99,20,87,93,86,126,82,61,88,47,98,5" hai2="54,26,35,70,13,75,65,71,43,51,74,25,38" hai3="115,96,73,36,91,78,16,112,111,39,7,63,131"/><U21/><E126/><V52/><F54/><W89/><G131/><T133/><D116/><U9/><E61/><N who="2" m="40239" /><F13/><W108/><G7/><T124/><D68/><U23/><REACH who="1" step="1"/><E47/><REACH who="1" ten="180,430,254,126" step="2"/><N who="2" m="24055" /><F71/><W41/><G115/><T15/><D124/><U103/><E103/><V12/><F35/><W114/><G112/><T55/><D101/><U46/><E46/><V56/><F75/><W50/><G114/><T37/><D130/><U117/><E117/><V60/><F60/><W113/><G113/><T135/><D135/><U102/><E102/><V128/><F74/><W40/><G63/><T122/><D133/><U31/><E31/><V118/><F128/><W104/><G73/><T44/><D28/><U58/><E58/><V100/><F100/><W134/><G134/><T19/><D44/><U90/><AGARI ba="1,1" hai="0,5,9,20,21,23,82,86,87,88,90,93,98,99" machi="90" ten="30,18000,2" yaku="1,1,0,1,52,1,54,1,53,2" doraHai="4" doraHaiUra="92" who="1" fromWho="1" sc="180,-61,430,193,254,-61,126,-61" /><INIT seed="1,2,0,3,0,55" ten="119,623,193,65" oya="1" hai0="76,2,5,111,35,21,22,95,45,4,116,75,66" hai1="51,33,117,1,106,118,131,59,37,67,79,97,72" hai2="27,69,7,100,40,123,15,80,74,13,57,87,113" hai3="30,0,119,122,60,68,42,56,114,90,11,133,132"/><U38/><E51/><V99/><F69/><W84/><G114/><T14/><D116/><N who="1" m="44651" /><E59/><V9/><F74/><W23/><G119/><T20/><D111/><U54/><E54/><V85/><F123/><W18/><G68/><T61/><D35/><U135/><E67/><V47/><F27/><W17/><G42/><T28/><D2/><U73/><E131/><V50/><F15/><W94/><G122/><T48/><D76/><U63/><E63/><V128/><F113/><W89/><G0/><T65/><D75/><N who="1" m="28747" /><E79/><V31/><F31/><W98/><G11/><T6/><D28/><U82/><E82/><V34/><F34/><W53/><G30/><T107/><D66/><U104/><E33/><V44/><F44/><W115/><G115/><T78/><D78/><U19/><E19/><V12/><F12/><W88/><G90/><T16/><D61/><U62/><E62/><V91/><F128/><W32/><G32/><T77/><D65/><U29/><E29/><V109/><F91/><W71/><G71/><T93/><D77/><U81/><E81/><V10/><F80/><W41/><G41/><N who="0" m="24623" /><D107/><N who="1" m="41003" /><E1/><V25/><F40/><W96/><G98/><T129/><D129/><U58/><E58/><V124/><F57/><W36/><G36/><N who="1" m="13930" /><E97/><V83/><F99/><W125/><G18/><T126/><D126/><U3/><E3/><V64/><F124/><W24/><G125/><T70/><D70/><U112/><E112/><V134/><F83/><AGARI ba="2,0" hai="17,23,24,53,56,60,83,84,88,89,94,96,132,133" machi="83" ten="40,8000,1" yaku="25,2,52,1,54,1" doraHai="55" who="3" fromWho="2" sc="119,0,623,0,193,-86,65,86" /><INIT seed="2,0,0,3,2,10" ten="119,623,107,151" oya="2" hai0="35,84,25,81,111,29,53,68,96,23,20,79,70" hai1="117,104,113,90,71,107,97,108,33,99,105,4,93" hai2="80,133,59,120,11,47,58,34,126,57,42,103,51" hai3="65,102,78,122,31,8,62,12,24,86,30,19,88"/><V1/><F120/><W48/><G122/><T27/><D111/><U123/><E71/><V116/><F116/><W5/><G102/><T72/><D35/><U44/><E33/><V92/><F133/><W125/><G78/><T64/><D64/><U131/><E123/><V118/><F118/><W56/><G125/><T110/><D110/><U85/><E117/><V38/><F126/><W66/><G48/><T14/><D14/><U63/><E108/><V69/><F34/><W91/><G91/><T121/><D121/><U17/><E113/><V115/><F69/><W32/><G31/><T0/><D0/><U128/><E4/><V95/><F115/><W28/><G28/><T13/><D13/><U98/><E44/><V75/><F51/><W39/><G39/><T77/><D96/><U52/><E17/><V112/><F103/><W100/><G100/><T40/><D40/><U2/><E2/><V83/><F112/><W94/><G19/><T46/><D77/><U119/><E119/><V36/><F36/><W82/><G82/><T21/><D72/><U129/><E52/><AGARI ba="0,0" hai="5,8,12,24,30,32,52,56,62,65,66,86,88,94" machi="52" ten="30,7700,0" yaku="7,1,52,1,54,2" doraHai="10" who="3" fromWho="1" sc="119,0,623,-77,107,0,151,77" /><INIT seed="3,0,0,2,4,88" ten="119,546,107,228" oya="3" hai0="73,3,83,15,76,112,94,121,49,109,19,133,93" hai1="78,8,5,55,107,58,116,134,21,53,66,36,30" hai2="86,62,17,104,101,47,123,72,34,108,77,1,75" hai3="44,96,114,2,135,14,52,60,103,118,22,7,12"/><W42/><G118/><T117/><D121/><U132/><E36/><V90/><F1/><W13/><G114/><T23/><D117/><U10/><E107/><V29/><F123/><W11/><G135/><N who="1" m="51754" /><E78/><V128/><F108/><W20/><G60/><T102/><D49/><U46/><E116/><V70/><F128/><W87/><G87/><T4/><D15/><N who="1" m="5519" /><E10/><V63/><F47/><W92/><REACH who="3" step="1"/><G52/><REACH who="3" ten="119,546,107,218" step="2"/><T61/><D61/><N who="1" m="38199" /><E46/><V98/><F63/><W16/><G16/><T54/><D19/><U59/><E59/><V18/><F18/><W130/><G130/><T129/><D129/><U33/><E33/><V89/><F17/><W38/><AGARI ba="0,1" hai="2,7,11,12,13,14,20,22,38,42,44,92,96,103" machi="38" ten="30,6000,0" yaku="1,1,0,1,52,1,53,0" doraHai="88" doraHaiUra="82" who="3" fromWho="3" sc="119,-20,546,-20,107,-20,218,70" /><INIT seed="3,1,0,4,3,73" ten="99,526,87,288" oya="3" hai0="85,29,106,96,68,1,55,6,61,81,84,118,67" hai1="74,16,77,20,12,93,90,7,82,28,127,104,65" hai2="100,34,43,48,120,40,31,37,87,116,70,15,79" hai3="45,44,102,91,51,21,117,122,92,46,78,8,128"/><W107/><G117/><T33/><D118/><U47/><E127/><V131/><F116/><W30/><G122/><T24/><D55/><U9/><E104/><V130/><F70/><W10/><G107/><T105/><D81/><U64/><E28/><V134/><F120/><W83/><G102/><N who="0" m="62663" /><D106/><U0/><E47/><V94/><F134/><W56/><G128/><N who="2" m="49193" /><F37/><W71/><G71/><T126/><D126/><U119/><E119/><V60/><F60/><W80/><G80/><T52/><D52/><U133/><E133/><V103/><F15/><W57/><G56/><T4/><D1/><U101/><E101/><N who="2" m="38987" /><F48/><W58/><G58/><T22/><D22/><U27/><E27/><N who="2" m="18815" /><F79/><W98/><G57/><T36/><D36/><U125/><E125/><V13/><F13/><W18/><G51/><T38/><D38/><U95/><E95/><V86/><F86/><AGARI ba="1,0" hai="4,6,24,29,33,61,67,68,84,85,86" m="62663" machi="86" ten="30,1000,0" yaku="25,1" doraHai="73" who="0" fromWho="2" sc="99,13,526,0,87,-13,288,0" /><AGARI ba="1,0" hai="0,7,9,12,16,20,64,65,74,77,82,86,90,93" machi="86" ten="30,3900,0" yaku="7,1,52,1,54,1" doraHai="73" who="1" fromWho="2" sc="112,0,526,39,74,-39,288,0" owari="112,-28.8,565,66.5,35,-46.5,288,8.8" /></mjloggm>