<mjloggm ver="2.3"><GO type="225" lobby="0"/><UN n0="%4D%50%43%32%38%30%30" n1="%E3%81%9F%E3%81%A3%E3%81%A1%E3%82%87" n2="%33%74%72%65%65" n3="%E3%83%AD%E3%83%83%E3%83%86%E9%9B%80%E7%90%83" dan="16,16,17,17" rate="2143.02,2102.08,2204.03,2136.46" sx="M,M,F,M"/><TAIKYOKU oya="0"/><INIT seed="0,0,0,0,0,50" ten="250,250,250,250" oya="0" hai0="20,125,31,104,28,86,109,22,11,130,90,116,84" hai1="57,79,85,78,67,8,12,134,62,64,99,95,81" hai2="2,113,111,135,66,117,127,65,3,60,106,118,27" hai3="123,38,124,105,115,25,43,47,26,76,0,52,131"/><T108/><D116/><N who="2" m="44650" /><F113/><W63/><G105/><T97/><D130/><U55/><E134/><V19/><F135/><W46/><G0/><N who="2" m="41" /><F111/><N who="0" m="42570" /><D125/><U75/><E79/><V58/><F127/><W7/><G7/><T68/><D68/><U69/><E69/><V15/><F106/><W103/><G103/><N who="0" m="62575" /><D11/><U89/><REACH who="1" step="1"/><E75/><REACH who="1" ten="250,240,250,250" step="2"/><V91/><F91/><W72/><G76/><T112/><D112/><U42/><E42/><V102/><F102/><W32/><G43/><T51/><D90/><U34/><E34/><V101/><F101/><W93/><G32/><T59/><D31/><U35/><E35/><V37/><F37/><W41/><G38/><T33/><D33/><U24/><E24/><V30/><F27/><W5/><G25/><N who="0" m="16423" /><D22/><U45/><E45/><V87/><F30/><W23/><G46/><T132/><D132/><U10/><E10/><V18/><F15/><W48/><G26/><T61/><D51/><U39/><E39/><V54/><F18/><AGARI ba="0,1" hai="8,12,18,55,57,62,64,67,78,81,85,89,95,99" machi="18" ten="30,7700,0" yaku="1,1,7,1,8,1,52,1,53,0" doraHai="50" doraHaiUra="96" who="1" fromWho="2" sc="250,0,240,87,250,-77,250,0" /><INIT seed="1,0,0,0,3,87" ten="250,327,173,250" oya="1" hai0="17,32,63,104,103,71,78,94,106,8,85,7,39" hai1="102,110,3,31,12,77,45,56,101,84,50,119,23" hai2="35,20,109,33,64,116,14,76,112,83,27,70,43" hai3="131,127,105,72,6,117,0,38,58,44,79,62,91"/><U97/><E119/><V89/><F116/><W26/><G105/><T1/><D39/><U40/><E3/><V121/><F121/><W129/><G117/><T126/><D126/><U18/><E31/><V46/><F109/><W9/><G127/><T15/><D32/><U75/><E75/><V51/><F112/><W66/><G26/><T68/><D68/><U124/><E124/><V24/><F70/><W69/><G58/><T2/><D2/><U16/><E110/><V95/><F64/><W98/><G98/><T107/><D78/><U25/><E56/><V88/><F14/><W86/><G86/><T82/><D82/><N who="1" m="47183" /><E97/><V61/><F61/><W96/><G96/><T132/><D132/><U92/><E92/><V28/><F95/><W36/><G91/><T81/><D81/><U99/><E99/><V57/><F57/><W111/><G111/><T135/><D135/><U128/><E128/><V48/><F48/><W74/><G36/><T4/><D103/><U34/><E34/><V11/><F11/><AGARI ba="0,0" hai="11,12,16,18,23,25,40,45,50,101,102" m="47183" machi="11" ten="30,2900,0" yaku="8,1,54,1" doraHai="87" who="1" fromWho="2" sc="250,0,327,29,173,-29,250,0" /><INIT seed="1,1,0,0,5,72" ten="250,356,144,250" oya="1" hai0="105,18,23,81,98,30,59,111,120,67,37,55,92" hai1="101,69,56,4,40,14,125,47,57,91,54,60,112" hai2="100,85,97,45,116,90,74,28,93,129,96,7,35" hai3="13,80,121,20,10,44,2,108,134,102,48,135,73"/><U26/><E112/><V38/><F116/><W124/><G121/><T1/><D1/><U11/><E125/><V114/><F114/><W133/><G108/><T33/><D37/><U127/><E127/><V41/><F129/><W71/><G71/><T53/><D111/><U36/><E69/><V110/><F110/><W75/><G124/><T117/><D105/><U12/><E101/><V63/><F74/><W70/><G70/><T78/><D117/><U42/><E42/><V82/><F7/><N who="3" m="1399" /><G102/><T68/><D68/><U3/><E26/><V113/><F113/><W58/><G58/><T104/><D104/><U119/><E119/><V52/><F97/><W99/><G99/><T16/><D33/><U29/><E29/><V61/><F28/><W5/><G80/><T51/><D67/><U27/><E27/><V17/><F35/><W8/><G20/><T131/><D131/><U22/><E22/><V118/><F118/><W94/><G94/><T65/><D65/><U83/><E57/><V106/><F17/><W66/><G66/><T88/><D120/><U86/><AGARI ba="1,0" hai="3,4,11,12,14,36,40,47,54,56,60,83,86,91" machi="86" ten="30,1500,0" yaku="0,1" doraHai="72" who="1" fromWho="1" sc="250,-6,356,18,144,-6,250,-6" /><INIT seed="1,2,0,0,0,116" ten="244,374,138,244" oya="1" hai0="10,41,84,29,59,86,13,130,115,9,73,96,18" hai1="7,51,47,35,71,72,42,95,87,89,4,67,128" hai2="107,16,103,61,94,69,14,62,25,121,27,111,60" hai3="12,40,28,131,134,63,22,80,33,119,133,104,79"/><U83/><E128/><V109/><F69/><W44/><G104/><T46/><D73/><U75/><E35/><V114/><F107/><W100/><G100/><T19/><D115/><U5/><REACH who="1" step="1"/><E95/><REACH who="1" ten="244,364,138,244" step="2"/><V99/><F114/><W56/><G33/><T126/><D130/><U132/><E132/><V8/><REACH who="2" step="1"/><F121/><REACH who="2" ten="244,364,128,244" step="2"/><W91/><G134/><T49/><D126/><U54/><E54/><V26/><AGARI ba="2,2" hai="8,14,16,25,26,27,60,61,62,94,99,103,109,111" machi="26" ten="40,12000,2" yaku="1,1,2,1,0,1,54,1,53,3" doraHai="116" doraHaiUra="57" who="2" fromWho="2" sc="244,-32,364,-62,128,146,244,-32" /><INIT seed="2,0,0,0,4,7" ten="212,302,274,212" oya="2" hai0="55,117,4,129,107,48,105,109,53,35,66,88,31" hai1="12,77,90,104,83,51,6,20,27,10,69,100,98" hai2="23,80,128,120,0,73,87,99,74,118,126,130,60" hai3="18,122,84,33,95,11,16,85,63,19,135,86,22"/><V124/><F0/><W30/><G122/><T52/><D109/><U42/><E69/><V67/><F23/><W58/><G135/><T112/><D112/><U5/><E90/><N who="2" m="51559" /><F60/><W37/><G37/><T106/><D129/><N who="2" m="49770" /><F67/><W46/><G33/><T2/><D117/><U68/><E68/><V113/><F113/><W89/><G46/><T81/><D66/><U17/><E51/><V114/><F114/><W116/><G116/><T56/><D35/><U9/><E42/><V38/><F38/><W108/><G108/><T36/><D36/><U79/><REACH who="1" step="1"/><E83/><REACH who="1" ten="212,292,274,212" step="2"/><V50/><F50/><W78/><G78/><T76/><D76/><U101/><E101/><V119/><F120/><W82/><G82/><T61/><D31/><U75/><E75/><N who="2" m="28683" /><F119/><W8/><G30/><T72/><D72/><U64/><E64/><V32/><F118/><W40/><G40/><T49/><D49/><U125/><E125/><V133/><F133/><W24/><G86/><T132/><D132/><U26/><E26/><V3/><F124/><W97/><G85/><N who="0" m="50223" /><D48/><U91/><E91/><V121/><F126/><W45/><G84/><T110/><D110/><U134/><E134/><V1/><F121/><W14/><G45/><T57/><D61/><U96/><E96/><V41/><F99/><W115/><G115/><T94/><D94/><U43/><E43/><V21/><F41/><W34/><G24/><T123/><D123/><U93/><E93/><V102/><F102/><W15/><G95/><T13/><D57/><U29/><E29/><V92/><F92/><N who="3" m="56463" /><G58/><T131/><D56/><U47/><E47/><RYUUKYOKU ba="0,1" sc="212,-10,292,30,274,-10,212,-10" hai1="5,6,9,10,12,17,20,27,77,79,98,100,104" /><INIT seed="3,1,1,4,1,63" ten="202,322,264,202" oya="3" hai0="75,100,42,82,96,36,60,85,0,98,99,102,79" hai1="118,127,16,101,31,43,66,115,134,62,64,105,119" hai2="122,11,135,76,126,131,84,93,17,97,7,49,38" hai3="88,124,114,8,87,57,106,13,12,41,92,22,37"/><W52/><G114/><T72/><D0/><U10/><E115/><V103/><F38/><W33/><G33/><T14/><D36/><U5/><E127/><V40/><F126/><W4/><G124/><T83/><D42/><U20/><E31/><V91/><F135/><W120/><G120/><T73/><D14/><N who="1" m="9239" /><E134/><V133/><F131/><W23/><G106/><T2/><D60/><U70/><E64/><V34/><F34/><W24/><G24/><T123/><D2/><N who="1" m="311" /><E43/><V112/><F112/><W18/><G37/><T130/><D130/><U6/><E6/><V19/><F76/><W59/><G41/><T53/><D53/><U25/><E25/><V29/><F29/><W55/><G23/><T107/><D123/><U74/><E74/><N who="0" m="28777" /><D107/><U58/><E105/><V47/><F133/><W117/><G117/><N who="1" m="44554" /><E101/><V27/><F27/><W90/><G90/><AGARI ba="1,1" hai="75,79,82,83,85,90,96,98,99,100,102" m="28777" machi="90" ten="30,8000,1" yaku="35,5" doraHai="63" who="0" fromWho="3" sc="202,93,322,0,264,0,202,-83" owari="295,9.5,322,42.2,264,-13.6,119,-38.1" /></mjloggm>