<mjloggm ver="2.3"><GO type="225" lobby="0"/><UN n0="%E8%83%83%E3%81%A8%E8%85%B8" n1="%E6%B8%A9%E2%98%85%E6%83%85%E2%98%85%E6%8E%AA%E2%98%85%E7%BD%AE" n2="%E3%81%A8%E3%82%93%E3%81%A8%E3%81%93%E3%81%A8%E3%82%93" n3="%72%61%6B%33" dan="16,16,16,16" rate="2193.03,2182.84,2074.71,2079.18" sx="M,M,M,M"/><TAIKYOKU oya="0"/><INIT seed="0,0,0,4,4,18" ten="250,250,250,250" oya="0" hai0="123,39,89,127,3,93,29,35,22,125,78,21,84" hai1="19,49,46,95,5,88,86,74,16,79,45,13,26" hai2="31,54,87,61,134,108,52,11,97,36,40,66,112" hai3="1,55,133,129,50,70,41,104,23,77,42,64,17"/><T56/><D123/><U53/><E74/><V0/><F112/><W14/><G129/><T51/><D39/><U100/><E79/><V102/><F108/><W20/><G133/><T106/><D3/><U33/><E100/><V92/><F134/><W116/><G116/><T99/><D35/><U47/><E33/><V122/><F122/><W130/><G130/><T62/><D51/><U24/><E5/><V37/><F31/><W131/><G131/><T27/><D106/><U6/><E6/><V81/><F0/><W34/><G34/><T9/><D9/><N who="1" m="6191" /><E19/><V90/><F11/><W65/><G104/><T83/><REACH who="0" step="1"/><D22/><REACH who="0" ten="240,250,250,250" step="2"/><U67/><E67/><AGARI ba="0,1" hai="21,27,29,56,62,67,78,83,84,89,93,99,125,127" machi="67" ten="40,7700,0" yaku="1,1,2,1,52,1,53,0" doraHai="18" doraHaiUra="7" who="0" fromWho="1" sc="240,87,250,-77,250,0,250,0" /><INIT seed="0,1,0,2,3,133" ten="327,173,250,250" oya="0" hai0="113,99,29,118,112,68,79,12,17,117,27,96,38" hai1="87,109,72,104,28,126,110,53,0,70,4,59,97" hai2="40,18,19,119,54,16,57,100,66,50,23,127,14" hai3="41,43,30,63,105,82,51,107,94,115,128,111,75"/><T52/><D68/><U25/><E72/><V39/><F119/><W77/><G115/><T2/><D38/><U45/><E70/><V71/><F127/><W103/><G111/><N who="1" m="42506" /><E45/><N who="2" m="23711" /><F100/><W3/><G3/><T46/><D2/><U95/><E87/><V74/><F74/><W134/><G134/><T35/><D79/><U98/><E104/><V37/><F37/><W61/><G128/><T11/><D96/><N who="1" m="36971" /><E95/><V31/><F31/><W125/><G94/><T92/><D112/><U6/><E0/><V78/><F78/><W135/><G77/><T122/><D113/><U132/><E132/><V33/><F33/><W67/><G135/><T88/><REACH who="0" step="1"/><D122/><REACH who="0" ten="317,173,250,250" step="2"/><U55/><E126/><V32/><F32/><W83/><G125/><T7/><D7/><N who="1" m="2603" /><E59/><V26/><F14/><W42/><G75/><T47/><D47/><U73/><E73/><V62/><AGARI ba="1,1" hai="16,18,19,23,26,50,54,57,62,66,71" m="23711" machi="62" ten="30,2000,0" yaku="24,1,54,1" doraHai="133" who="2" fromWho="2" sc="317,-11,173,-6,250,33,250,-6" /><INIT seed="1,0,0,4,3,111" ten="306,167,283,244" oya="1" hai0="51,31,43,74,99,96,59,34,91,94,108,110,86" hai1="118,49,79,52,85,44,133,32,84,117,25,129,113" hai2="4,39,77,3,97,116,134,58,38,18,15,114,50" hai3="36,63,75,89,1,27,66,115,62,24,78,119,93"/><U128/><E32/><V53/><F116/><N who="1" m="44649" /><E25/><V46/><F134/><W122/><G122/><T130/><D130/><N who="1" m="50283" /><E133/><V68/><F68/><W92/><G36/><T135/><D135/><U47/><E79/><V7/><F77/><W126/><G1/><T40/><D74/><U69/><E69/><V88/><F3/><W127/><G78/><T22/><D34/><U56/><E85/><V42/><F38/><W87/><G119/><T33/><D33/><U95/><E84/><V23/><REACH who="2" step="1"/><F114/><REACH who="2" ten="306,167,273,244" step="2"/><W29/><G115/><T61/><D110/><U90/><E113/><V72/><F72/><W6/><G75/><T106/><D108/><U13/><E13/><V102/><F102/><W109/><G109/><T26/><D106/><U14/><E14/><V41/><F41/><W55/><G89/><T11/><D40/><U132/><E132/><V81/><F81/><W70/><G70/><T120/><D120/><U131/><N who="1" m="50291" /><U98/><AGARI ba="0,1" hai="44,47,49,52,56,90,95,98" m="50291,44649" machi="98" ten="50,9600,0" yaku="4,1,19,1,54,1" doraHai="111" who="1" fromWho="1" sc="306,-32,167,106,273,-32,244,-32" /><INIT seed="1,1,0,3,0,119" ten="274,273,241,212" oya="1" hai0="18,77,7,53,4,8,63,17,33,57,68,6,82" hai1="31,38,9,78,20,55,2,52,110,96,111,61,100" hai2="83,27,76,11,34,32,66,72,88,37,46,43,87" hai3="94,99,22,80,85,93,112,42,113,62,48,64,16"/><U56/><E38/><V130/><F130/><W14/><G42/><T10/><D33/><U117/><E117/><V133/><F133/><W116/><G48/><T67/><D8/><U86/><E31/><V97/><F66/><W126/><G126/><T120/><D120/><U40/><E40/><V36/><F36/><W118/><G118/><T25/><D25/><U23/><E55/><V90/><F27/><W30/><G30/><T47/><D10/><U60/><E60/><V58/><F58/><W123/><G123/><T0/><D0/><U29/><E29/><V50/><F50/><W75/><G75/><T41/><D41/><U84/><E9/><V79/><F79/><W5/><G5/><T73/><REACH who="0" step="1"/><D47/><REACH who="0" ten="264,273,241,212" step="2"/><U69/><E2/><V102/><F11/><W65/><G116/><T109/><D109/><U98/><E23/><V122/><F122/><W101/><G113/><T132/><D132/><U103/><E20/><V106/><REACH who="2" step="1"/><F90/><REACH who="2" ten="264,273,231,212" step="2"/><W128/><G112/><T91/><D91/><U129/><E111/><V45/><F45/><W70/><G128/><T15/><D15/><U3/><E110/><V54/><F54/><W44/><G44/><T92/><D92/><AGARI ba="1,2" hai="32,34,37,43,46,72,76,83,87,88,92,97,102,106" machi="92" ten="30,8000,1" yaku="1,1,7,1,24,2,54,1,53,0" doraHai="119" doraHaiUra="131" who="2" fromWho="0" sc="264,-83,273,0,231,103,212,0" /><INIT seed="2,0,0,5,1,95" ten="181,273,334,212" oya="2" hai0="6,68,46,55,106,91,85,111,128,47,97,83,10" hai1="17,61,41,109,9,88,93,116,89,44,90,127,15" hai2="76,102,28,92,82,125,22,33,98,49,59,14,72" hai3="96,1,31,29,78,24,133,103,51,20,19,132,134"/><V12/><F125/><W100/><G1/><T21/><D111/><U5/><E116/><V26/><REACH who="2" step="1"/><F33/><REACH who="2" ten="181,273,324,212" step="2"/><W57/><G134/><T23/><D128/><U67/><E127/><V104/><F104/><W73/><G133/><T63/><D106/><U70/><E109/><V69/><F69/><W84/><G132/><T66/><D97/><U4/><REACH who="1" step="1"/><E93/><REACH who="1" ten="181,263,324,212" step="2"/><V77/><F77/><W3/><G78/><T75/><D75/><U0/><E0/><V113/><F113/><W87/><G3/><T62/><D46/><U117/><E117/><V110/><F110/><W81/><G73/><T36/><D47/><U60/><E60/><V105/><F105/><W65/><G87/><T2/><REACH who="0" step="1"/><D36/><AGARI ba="0,2" hai="4,5,9,15,17,36,41,44,61,67,70,88,89,90" machi="36" ten="40,2600,0" yaku="1,1,54,1,53,0" doraHai="95" doraHaiUra="131" who="1" fromWho="0" sc="181,-26,263,46,324,0,212,0" /><INIT seed="3,0,0,5,4,3" ten="155,309,324,212" oya="3" hai0="131,33,111,117,76,93,67,119,30,133,2,32,66" hai1="112,106,103,63,91,0,127,1,79,107,19,128,50" hai2="135,57,42,25,123,41,108,11,16,56,64,122,24" hai3="18,15,53,95,61,12,134,75,8,37,97,9,81"/><W78/><G134/><T113/><D133/><U126/><E112/><V52/><F108/><W36/><G53/><T5/><D111/><U124/><E128/><V13/><F135/><W86/><G75/><T14/><D131/><U110/><E110/><V105/><F105/><N who="1" m="39945" /><E103/><V94/><F94/><W47/><G61/><T84/><D2/><U31/><E31/><V21/><F64/><W85/><G85/><T20/><D113/><U104/><N who="1" m="39953" /><U121/><DORA hai="109" /><E121/><N who="2" m="46091" /><F25/><W132/><G47/><T26/><D33/><U72/><E63/><N who="2" m="36231" /><F57/><W51/><G51/><T65/><D32/><U102/><E102/><V7/><AGARI ba="0,0" hai="7,11,13,16,21,24,41,42" m="36231,46091" machi="7" ten="30,7900,0" yaku="13,1,52,1,54,2" doraHai="3,109" who="2" fromWho="2" sc="155,-20,309,-20,324,79,212,-39" owari="135,-36.5,289,8.9,403,50.3,173,-22.7" /></mjloggm>