<mjloggm ver="2.3"><GO type="225" lobby="0"/><UN n0="%E3%81%8B%E3%82%8F%E3%81%A1%E3%82%83%E3%82%93%35%38" n1="%E6%A1%9C%E8%8A%B1%E9%96%83%E3%80%85" n2="%E5%8F%AF%E5%85%90%E9%82%A3%E7%94%B1%E5%A4%9A" n3="%E3%82%BC%E3%83%AB%E3%83%80%E3%81%AE%E4%BC%9D%E8%AA%AC" dan="16,16,16,16" rate="2131.46,2121.02,2185.22,2198.67" sx="M,M,F,M"/><TAIKYOKU oya="0"/><INIT seed="0,0,0,3,1,80" ten="250,250,250,250" oya="0" hai0="40,104,102,33,46,91,15,44,14,4,12,103,70" hai1="22,36,34,130,121,77,29,42,41,79,89,55,100" hai2="35,24,43,18,61,16,92,62,106,72,117,97,59" hai3="98,76,129,57,82,114,67,9,134,81,65,6,23"/><T124/><D70/><U49/><E121/><V5/><F117/><W48/><G114/><T11/><D33/><U78/><E34/><V94/><F72/><W88/><G134/><T64/><D124/><U1/><E130/><V27/><F5/><W37/><G37/><T99/><D64/><U87/><E1/><V0/><F0/><W13/><G129/><T96/><D91/><U122/><E100/><V53/><F106/><W68/><G68/><T32/><D32/><U90/><E90/><V131/><F131/><W118/><G118/><T39/><REACH who="0" step="1"/><D46/><REACH who="0" ten="240,250,250,250" step="2"/><N who="1" m="28087" /><E122/><V20/><F35/><W85/><G65/><T58/><D58/><U111/><E89/><V60/><F43/><W120/><G120/><T132/><D132/><U127/><E42/><V69/><F69/><W108/><G67/><T110/><D110/><U125/><E111/><V101/><F94/><AGARI ba="0,1" hai="4,11,12,14,15,39,40,44,94,96,99,102,103,104" machi="94" ten="30,12000,1" yaku="1,1,7,1,53,3" doraHai="80" doraHaiUra="10" who="0" fromWho="2" sc="240,130,250,0,250,-120,250,0" /><INIT seed="0,1,0,1,4,22" ten="370,250,130,250" oya="0" hai0="56,51,39,21,110,84,94,61,35,86,67,0,95" hai1="99,71,118,36,98,69,129,108,75,73,87,38,55" hai2="97,13,24,93,134,76,54,32,103,33,77,64,112" hai3="127,100,117,18,135,44,49,122,50,26,1,14,72"/><T131/><D39/><N who="1" m="14891" /><E87/><V85/><F112/><W4/><G117/><T52/><D35/><U105/><E55/><V19/><F134/><W31/><G72/><N who="1" m="27722" /><E118/><V62/><F54/><W96/><G127/><T16/><D0/><U82/><E82/><V47/><F47/><W37/><G122/><T104/><D104/><U133/><E105/><V120/><F120/><W17/><G135/><T48/><D131/><U111/><E133/><V130/><F130/><W132/><G132/><T9/><D9/><U109/><E129/><V68/><F85/><N who="0" m="32874" /><D110/><U20/><E20/><V12/><F12/><W78/><G1/><T91/><D91/><U15/><E15/><V30/><REACH who="2" step="1"/><F33/><REACH who="2" ten="370,250,120,250" step="2"/><W40/><G14/><N who="0" m="9367" /><D48/><U124/><E124/><V80/><F80/><W3/><G49/><T8/><D8/><AGARI ba="1,1" hai="8,13,19,24,30,32,62,64,68,76,77,93,97,103" machi="8" ten="30,3900,0" yaku="1,1,7,1,52,1,53,0" doraHai="22" doraHaiUra="2" who="2" fromWho="0" sc="370,-42,250,0,120,52,250,0" /><INIT seed="1,0,0,0,3,91" ten="328,250,172,250" oya="1" hai0="107,56,76,86,54,31,131,29,69,62,8,93,66" hai1="4,18,7,2,33,88,70,124,40,15,43,105,3" hai2="129,35,126,103,84,6,133,50,115,60,38,71,109" hai3="61,95,100,10,44,1,111,90,23,99,32,58,82"/><U123/><E105/><V19/><F38/><W75/><G111/><T98/><D131/><U118/><E70/><V87/><F35/><W25/><G32/><T37/><D37/><U89/><E33/><V20/><F109/><W134/><G134/><T57/><D107/><U92/><E118/><V64/><F129/><W9/><G1/><T34/><D34/><U130/><E130/><V94/><F133/><W110/><G110/><T53/><D69/><U80/><E124/><V128/><F128/><W135/><G44/><T97/><D8/><N who="1" m="6503" /><E2/><V119/><F119/><W24/><G135/><T30/><D66/><U49/><E3/><V48/><F6/><N who="1" m="2089" /><E49/><V11/><F11/><N who="3" m="4107" /><G23/><T68/><D68/><U16/><E16/><V13/><F126/><W102/><G75/><T67/><D67/><U108/><E123/><V14/><F14/><W39/><G39/><T27/><D27/><N who="3" m="10313" /><G82/><N who="0" m="47431" /><D93/><U85/><E108/><V78/><F115/><W73/><G73/><T63/><AGARI ba="0,0" hai="29,30,31,53,54,56,57,62,63,97,98" m="47431" machi="63" ten="30,1100,0" yaku="8,1" doraHai="91" who="0" fromWho="0" sc="328,11,250,-5,172,-3,250,-3" /><INIT seed="2,0,0,0,4,89" ten="339,245,169,247" oya="2" hai0="95,37,12,92,53,28,52,26,20,113,107,134,123" hai1="18,88,44,23,9,60,49,104,54,86,41,77,130" hai2="65,1,34,3,69,99,83,39,73,13,21,75,124" hai3="131,14,101,16,121,112,97,11,106,38,120,76,127"/><V119/><F119/><W30/><G38/><T43/><D107/><U6/><E130/><V24/><F39/><W87/><G131/><T19/><D113/><U103/><E77/><V82/><F124/><W7/><G127/><T111/><D123/><U91/><E104/><V90/><F34/><W71/><G71/><T85/><D111/><U58/><E103/><V27/><F13/><W15/><G112/><T17/><D134/><U40/><E40/><V57/><F69/><W79/><G30/><T117/><D117/><U47/><E47/><V118/><F118/><W62/><G62/><T78/><D43/><U74/><E74/><V4/><F4/><W81/><G76/><T63/><D37/><U109/><E109/><V32/><F32/><W110/><G110/><T98/><D63/><U64/><E41/><V51/><F65/><W80/><G80/><N who="2" m="30761" /><F73/><W42/><G42/><T25/><D78/><U68/><E68/><V33/><F33/><W2/><G2/><N who="2" m="521" /><F21/><AGARI ba="0,0" hai="7,11,14,15,16,21,79,81,87,97,101,106,120,121" machi="21" ten="30,2000,0" yaku="7,1,54,1" doraHai="89" who="3" fromWho="2" sc="339,0,245,0,169,-20,247,20" /><INIT seed="3,0,0,1,3,37" ten="339,245,149,267" oya="3" hai0="21,1,63,76,91,70,53,34,92,8,81,38,30" hai1="96,13,80,25,89,128,52,113,72,73,133,100,58" hai2="105,83,126,79,10,104,93,115,118,59,54,33,69" hai3="124,35,65,16,94,3,48,40,108,125,123,62,87"/><W46/><G123/><T26/><D38/><U57/><E113/><V24/><F115/><W9/><G35/><T117/><D117/><U129/><E25/><V74/><F118/><W99/><G87/><T75/><D1/><U7/><E133/><V20/><F69/><W111/><G3/><T47/><D8/><N who="1" m="4255" /><E58/><V11/><F126/><N who="3" m="48747" /><G9/><T131/><D131/><N who="1" m="50251" /><E89/><V55/><F33/><W61/><G16/><T66/><D47/><U50/><E80/><V85/><F10/><W51/><G51/><T23/><D53/><U36/><E36/><V95/><F54/><W109/><G65/><T114/><D114/><U88/><E88/><AGARI ba="0,0" hai="40,46,48,61,62,88,94,99,108,109,111" m="48747" machi="88" ten="40,12000,1" yaku="14,1,10,1,18,1,52,1,54,1" doraHai="37" who="3" fromWho="1" sc="339,0,245,-120,149,0,267,120" owari="339,13.9,125,-37.5,149,-25.1,387,48.7" /></mjloggm>