<mjloggm ver="2.3"><GO type="225" lobby="0"/><UN n0="%E3%82%B8%E3%83%A3%E3%83%9E%E3%83%BC%E3%83%AB%E3%83%9E%E3%83%AC%E3%83%BC" n1="%E5%AE%AE%E4%BF%9D%E9%B6%8F%E8%82%89" n2="%4B%2E%32%2E%4B%2E" n3="%E3%83%AD%E3%83%83%E3%83%86%E9%9B%80%E7%90%83" dan="17,16,16,17" rate="2201.14,2134.10,2032.35,2274.11" sx="M,M,M,M"/><TAIKYOKU oya="0"/><INIT seed="0,0,0,4,3,79" ten="250,250,250,250" oya="0" hai0="11,38,50,51,1,59,72,31,29,100,126,104,4" hai1="58,57,103,56,33,97,124,95,40,130,107,91,13" hai2="27,87,17,132,82,53,37,75,18,86,52,26,43" hai3="45,67,68,5,71,10,80,88,20,99,47,7,23"/><T73/><D126/><U78/><E124/><V34/><F132/><W70/><G67/><T65/><D38/><U49/><E130/><V110/><F110/><W2/><G7/><T102/><D65/><U22/><E33/><V83/><F37/><W39/><G99/><T111/><D111/><U135/><E135/><V62/><F43/><W98/><G98/><T118/><D118/><U92/><E78/><N who="2" m="46423" /><F75/><W41/><REACH who="3" step="1"/><G47/><REACH who="3" ten="250,250,250,240" step="2"/><T117/><D4/><U123/><E123/><V12/><F34/><W69/><N who="3" m="17408" /><DORA hai="61" /><W113/><G113/><T6/><D6/><U96/><E107/><V125/><F125/><W84/><AGARI ba="0,1" hai="2,5,10,20,23,39,41,45,80,84,88" m="17408" machi="84" ten="60,8000,1" yaku="1,1,0,1,52,1,54,1,53,0" doraHai="79,61" doraHaiUra="128,129" who="3" fromWho="3" sc="250,-40,250,-20,250,-20,240,90" /><INIT seed="1,0,0,0,1,81" ten="210,230,230,330" oya="1" hai0="111,131,92,65,67,18,128,27,133,16,124,134,15" hai1="66,95,73,82,86,34,60,102,35,30,12,55,61" hai2="75,123,3,83,105,51,78,43,47,62,103,32,116" hai3="40,70,22,85,19,5,122,42,88,48,119,100,80"/><U20/><E73/><V72/><F123/><W56/><G70/><T58/><D111/><U39/><E39/><V69/><F116/><W127/><G122/><T106/><D106/><U53/><E61/><V29/><F3/><W45/><G127/><T0/><D0/><U68/><E34/><V91/><F72/><W63/><G119/><T79/><D124/><U117/><E35/><V98/><F91/><W41/><G5/><T71/><D71/><U77/><E117/><V24/><F62/><W11/><G11/><N who="0" m="6271" /><D79/><U109/><E109/><V114/><REACH who="2" step="1"/><F69/><REACH who="2" ten="210,230,220,330" step="2"/><W110/><G110/><T14/><D131/><U107/><E68/><V17/><F17/><W1/><G1/><T25/><D128/><U126/><E126/><V118/><F118/><W94/><G100/><T113/><D134/><U97/><E107/><V64/><F64/><W46/><G19/><T121/><D133/><U108/><E108/><V44/><F44/><W7/><G46/><T130/><D121/><U129/><E129/><V49/><F49/><W115/><G48/><T21/><D67/><U87/><E66/><V89/><F89/><W28/><G88/><T52/><D130/><U31/><E60/><V2/><F2/><W76/><G45/><T37/><D65/><U112/><E112/><AGARI ba="0,1" hai="24,29,32,43,47,51,75,78,83,98,103,105,112,114" machi="112" ten="40,1300,0" yaku="1,1,53,0" doraHai="81" doraHaiUra="50" who="2" fromWho="1" sc="210,0,230,-13,220,23,330,0" /><INIT seed="2,0,0,4,4,109" ten="210,217,243,330" oya="2" hai0="96,15,49,34,22,45,44,87,9,91,57,59,61" hai1="21,82,72,78,11,7,24,37,53,122,55,31,126" hai2="100,47,127,69,77,70,121,18,5,108,83,131,39" hai3="114,58,62,30,130,10,93,135,51,101,71,112,134"/><V95/><F121/><W33/><G130/><T97/><D34/><U118/><E118/><V111/><F131/><W60/><G10/><T68/><D68/><U1/><E122/><V98/><F127/><W42/><G30/><T14/><D22/><U80/><E126/><V125/><F125/><W56/><G33/><T40/><D45/><U25/><E80/><V104/><F5/><W113/><G71/><T103/><D57/><N who="3" m="22121" /><G101/><T88/><D91/><U73/><E72/><N who="2" m="43431" /><F18/><W65/><G93/><N who="0" m="54431" /><D103/><U102/><E102/><V84/><F47/><N who="3" m="26103" /><G65/><N who="0" m="39103" /><D15/><U90/><E90/><N who="2" m="53703" /><F39/><W79/><G79/><T38/><D38/><U92/><E92/><V107/><F107/><W23/><G23/><T4/><AGARI ba="0,0" hai="4,9,14,40,44,49,96,97" m="39103,54431" machi="4" ten="30,2000,0" yaku="8,1,54,1" doraHai="109" who="0" fromWho="0" sc="210,20,217,-5,243,-10,330,-5" /><INIT seed="3,0,0,4,0,106" ten="230,212,233,325" oya="3" hai0="121,99,131,27,91,34,18,0,84,94,1,3,8" hai1="4,115,36,117,45,88,82,20,22,73,31,10,70" hai2="52,129,17,39,109,107,42,77,95,50,57,123,41" hai3="126,102,90,130,47,51,38,78,40,110,68,48,11"/><W69/><G102/><T9/><D121/><U100/><E115/><V120/><F107/><W53/><G78/><T118/><D118/><U66/><E117/><V7/><F109/><W114/><G114/><T86/><D131/><U93/><E100/><V85/><F129/><W58/><G126/><T29/><D18/><U79/><E31/><V104/><F104/><W61/><G130/><T75/><D75/><U46/><E66/><V65/><F65/><W15/><G110/><T30/><D30/><U108/><E70/><V63/><F7/><W132/><G132/><T71/><D71/><U35/><E35/><V135/><F135/><W49/><G90/><T105/><D105/><U101/><E101/><V33/><F33/><W16/><AGARI ba="0,0" hai="11,15,16,38,40,47,48,49,51,53,58,61,68,69" machi="16" ten="30,3000,0" yaku="0,1,54,1" doraHai="106" who="3" fromWho="3" sc="230,-10,212,-10,233,-10,325,30" owari="220,-18.0,202,-29.8,223,2.3,355,45.5" /></mjloggm>