<mjloggm ver="2.3"><GO type="225" lobby="0"/><UN n0="%74%61%6B%75%61%6B%61" n1="%E6%A1%9C%E8%8A%B1%E9%96%83%E3%80%85" n2="%E3%81%A0%E3%81%8A" n3="%E3%81%8F%E3%82%8A%E3%83%94%E3%83%BC" dan="16,18,16,16" rate="2168.59,2299.25,2041.83,2111.00" sx="M,M,M,M"/><TAIKYOKU oya="0"/><INIT seed="0,0,0,2,4,23" ten="250,250,250,250" oya="0" hai0="47,108,9,5,134,21,42,64,0,36,94,44,133" hai1="66,105,89,101,132,109,31,71,88,11,32,70,128" hai2="124,65,96,45,25,135,39,17,29,114,1,120,115" hai3="126,2,98,63,74,30,19,14,123,81,77,46,127"/><T82/><D108/><U107/><E109/><V118/><F120/><W38/><G123/><T111/><D111/><U60/><E128/><V27/><F1/><W72/><G2/><T40/><D64/><U26/><E132/><V12/><F135/><W13/><G74/><T110/><D110/><U61/><E105/><V7/><F7/><W48/><G38/><T67/><D67/><N who="1" m="41319" /><E11/><V22/><F124/><N who="3" m="47659" /><G30/><T106/><D106/><U69/><E69/><V129/><F129/><W93/><G63/><T83/><D94/><U116/><E116/><V122/><F122/><W59/><G59/><T86/><D21/><U62/><E62/><V91/><F118/><W92/><G19/><T78/><REACH who="0" step="1"/><D83/><REACH who="0" ten="240,250,250,250" step="2"/><U8/><E8/><V15/><F65/><W68/><G93/><T102/><D102/><U75/><E75/><V53/><F22/><W6/><G68/><T57/><D57/><U103/><E103/><V125/><F125/><W43/><G6/><T3/><D3/><U100/><E101/><AGARI ba="0,1" hai="13,14,43,46,48,72,77,81,92,98,101" m="47659" machi="101" ten="30,1000,0" yaku="18,1" doraHai="23" who="3" fromWho="1" sc="240,0,250,-10,250,0,250,20" /><INIT seed="1,0,0,5,2,0" ten="240,240,250,270" oya="1" hai0="94,128,89,63,61,126,16,65,30,85,66,5,107" hai1="90,131,58,112,95,7,54,102,124,62,106,104,70" hai2="82,51,3,81,118,120,25,11,111,99,6,130,1" hai3="14,100,4,74,78,60,53,26,36,50,88,113,19"/><U77/><E112/><V108/><F118/><W68/><G36/><T117/><D117/><U34/><E131/><V92/><F120/><W46/><G113/><T133/><D128/><U76/><E34/><V122/><F122/><W18/><G100/><T64/><D133/><U93/><E124/><V15/><F130/><W40/><G78/><T91/><D126/><U114/><E114/><V28/><F51/><W105/><G74/><T119/><D119/><U33/><E33/><V38/><F38/><W56/><G105/><T55/><D107/><U13/><E70/><V67/><F67/><W135/><G135/><T73/><D73/><U20/><E106/><V75/><F3/><W44/><G68/><T35/><D5/><U101/><E93/><V43/><F43/><W125/><G46/><T121/><D121/><U52/><E54/><V45/><F45/><W41/><G41/><T97/><D55/><U8/><E20/><N who="2" m="15399" /><F1/><W96/><G26/><T21/><D30/><U84/><REACH who="1" step="1"/><E102/><REACH who="1" ten="240,230,250,270" step="2"/><V86/><F92/><N who="3" m="56327" /><G125/><T27/><REACH who="0" step="1"/><D35/><REACH who="0" ten="230,230,250,270" step="2"/><U48/><E48/><V17/><F111/><W59/><G59/><T39/><D39/><U72/><E72/><V32/><F75/><W2/><G56/><T42/><D42/><U83/><E83/><AGARI ba="0,2" hai="16,21,27,61,63,64,65,66,83,85,89,91,94,97" machi="83" ten="40,8000,1" yaku="1,1,8,1,54,1,53,1" doraHai="0" doraHaiUra="79" who="0" fromWho="1" sc="230,100,230,-80,250,0,270,0" /><INIT seed="2,0,0,2,1,124" ten="330,150,250,270" oya="2" hai0="61,27,133,67,116,111,54,34,106,110,125,114,132" hai1="51,40,97,2,115,98,78,26,77,88,109,85,60" hai2="59,15,118,80,33,58,6,75,92,35,86,4,31" hai3="71,84,50,96,48,73,95,94,10,69,127,9,100"/><V55/><F118/><W24/><G73/><T130/><D114/><U13/><E115/><V30/><F75/><W121/><G121/><T39/><D125/><U105/><E2/><V128/><F128/><W104/><G127/><T11/><D130/><U57/><E109/><N who="0" m="41481" /><D116/><U117/><E117/><V25/><F92/><W72/><G72/><T66/><D39/><U1/><E1/><V32/><F59/><W91/><G104/><T47/><D106/><U76/><E26/><V112/><F112/><W107/><G107/><T29/><D11/><N who="3" m="4105" /><G69/><N who="0" m="42191" /><D67/><U41/><E13/><V103/><F15/><W102/><G71/><T65/><D65/><U7/><E7/><V20/><F103/><N who="3" m="39467" /><G24/><T36/><D54/><N who="1" m="33847" /><E105/><V89/><REACH who="2" step="1"/><F30/><REACH who="2" ten="330,150,240,270" step="2"/><W120/><G120/><T23/><D132/><U5/><E5/><V52/><F52/><W135/><G135/><T83/><D133/><U62/><E62/><AGARI ba="0,1" hai="4,6,20,25,31,32,33,35,55,58,62,80,86,89" machi="62" ten="40,3900,0" yaku="1,1,53,1" doraHai="124" doraHaiUra="18" who="2" fromWho="1" sc="330,0,150,-39,240,49,270,0" /><INIT seed="2,1,0,5,3,28" ten="330,111,289,270" oya="2" hai0="5,99,131,75,124,32,83,117,51,13,41,22,78" hai1="62,16,80,85,10,121,118,134,90,96,27,87,103" hai2="69,77,0,30,123,71,105,61,15,37,81,110,104" hai3="120,92,135,127,66,89,122,130,129,55,106,102,33"/><V133/><F0/><W1/><G1/><T12/><D124/><U58/><E134/><V38/><F123/><W108/><G66/><T109/><D109/><U86/><E118/><V49/><F133/><W128/><G55/><T36/><D131/><U73/><E73/><V67/><F71/><W88/><G135/><T59/><D32/><U54/><E121/><N who="3" m="46698" /><G33/><T126/><D126/><U43/><E43/><V97/><F110/><W76/><G127/><T94/><D117/><U84/><E10/><V132/><F132/><W8/><G8/><T63/><D36/><U3/><E3/><V9/><F49/><W53/><G53/><T115/><D115/><U114/><E114/><V40/><F40/><W64/><G64/><T21/><D41/><U31/><E31/><V18/><F30/><W26/><G26/><T2/><D51/><U56/><E56/><V19/><F18/><W39/><G39/><T93/><D93/><U101/><REACH who="1" step="1"/><E96/><REACH who="1" ten="330,101,289,270" step="2"/><V111/><F111/><W7/><G108/><T65/><D2/><U11/><E11/><V42/><F97/><N who="3" m="59687" /><G7/><T44/><D5/><U70/><E70/><V46/><REACH who="2" step="1"/><F37/><REACH who="2" ten="330,101,279,270" step="2"/><W68/><G68/><T45/><D99/><U25/><E25/><V91/><F91/><N who="3" m="34891" /><G76/><T95/><D78/><U79/><E79/><V113/><F113/><W24/><G24/><T47/><D12/><U4/><E4/><V100/><F100/><W57/><G57/><T52/><D13/><U48/><E48/><V112/><F112/><W107/><AGARI ba="1,2" hai="106,107,128,129,130" m="34891,59687,46698" machi="107" ten="40,8000,1" yaku="19,1,34,2,54,1" doraHai="28" who="3" fromWho="3" sc="330,-21,101,-21,279,-41,270,103" /><INIT seed="3,0,0,3,2,132" ten="309,80,238,373" oya="3" hai0="27,22,100,127,77,47,42,88,15,7,61,63,123" hai1="23,65,39,26,111,101,1,28,6,130,78,72,109" hai2="73,115,11,49,46,105,93,82,112,103,45,52,75" hai3="66,107,13,3,119,31,51,58,84,48,86,60,56"/><W133/><G3/><T85/><D123/><U18/><E65/><V80/><F105/><W96/><G119/><T55/><D77/><U79/><E101/><V113/><F11/><W20/><G133/><T53/><D100/><U95/><E95/><V59/><F73/><W104/><G13/><T36/><D61/><U34/><E79/><V131/><F131/><W9/><G9/><T0/><D0/><U134/><E78/><V43/><F75/><W19/><G19/><T16/><D127/><U124/><E18/><V14/><F14/><W71/><G20/><T5/><D27/><U98/><E98/><V129/><F129/><W97/><G71/><T38/><D38/><U41/><E41/><V90/><F103/><W117/><G117/><T135/><D135/><U126/><E23/><V30/><F30/><W128/><G60/><T50/><D63/><U8/><E72/><V40/><F40/><W125/><G128/><T10/><D10/><U35/><E134/><V114/><N who="2" m="28672" /><DORA hai="76" /><V64/><F64/><W37/><G66/><T33/><D33/><N who="1" m="20631" /><E39/><V68/><F68/><W89/><G89/><T67/><D67/><U99/><E99/><V12/><F12/><W57/><G57/><T91/><D91/><U4/><E4/><N who="0" m="1609" /><D36/><U83/><E83/><AGARI ba="0,0" hai="15,16,22,42,47,50,53,55,83,85,88" m="1609" machi="83" ten="30,7700,0" yaku="8,1,52,1,54,2" doraHai="132,76" who="0" fromWho="1" sc="309,77,80,-77,238,0,373,0" owari="386,48.6,3,-49.7,238,-16.2,373,17.3" /></mjloggm>