<mjloggm ver="2.3"><GO type="225" lobby="0"/><UN n0="%6D%75%75%6D%75%72%61" n1="%E3%83%AB%E3%83%9B%E3%83%B3%E3%83%87%E3%82%A3%E3%82%A8" n2="%33%74%72%65%65" n3="%E4%BF%BA%E3%81%A8%E5%A6%96%E5%A4%A2" dan="16,16,17,17" rate="2131.59,2165.68,2230.55,2223.99" sx="F,M,F,F"/><TAIKYOKU oya="0"/><INIT seed="0,0,0,2,4,108" ten="250,250,250,250" oya="0" hai0="130,101,36,62,93,19,89,81,41,12,50,26,66" hai1="112,111,132,86,96,13,91,76,1,68,84,115,102" hai2="73,61,43,135,39,33,118,70,57,120,54,18,14" hai3="24,56,16,63,67,40,17,35,122,128,42,109,97"/><T125/><D130/><U92/><E68/><V25/><F120/><W55/><G109/><T21/><D125/><U82/><E1/><V75/><F135/><W79/><G128/><T98/><D36/><U78/><E111/><V85/><F118/><W119/><G119/><T134/><D134/><U38/><E38/><V27/><F73/><W129/><G129/><T58/><D41/><U6/><E132/><V60/><F75/><W74/><G122/><T32/><D32/><U59/><E59/><V114/><F39/><W117/><G117/><T9/><D50/><U124/><E124/><V49/><F33/><W4/><G4/><T126/><D126/><U30/><E30/><V15/><F15/><W31/><G97/><T11/><REACH who="0" step="1"/><D12/><REACH who="0" ten="240,250,250,250" step="2"/><U72/><E13/><V88/><F43/><W95/><G42/><T113/><D113/><U127/><E127/><V103/><F114/><W22/><G40/><T133/><D133/><U104/><E6/><V77/><F49/><W65/><G35/><T69/><D69/><U53/><E53/><V46/><F70/><W34/><G34/><T0/><D0/><U44/><E44/><V47/><F46/><W23/><G55/><T105/><D105/><U29/><E29/><V45/><F47/><W28/><G28/><T80/><D80/><AGARI ba="0,1" hai="72,76,78,80,82,84,86,91,92,96,102,104,112,115" machi="80" ten="40,12000,2" yaku="24,2,34,3,52,2" doraHai="108" who="1" fromWho="0" sc="240,-120,250,130,250,0,250,0" /><INIT seed="1,0,0,3,1,65" ten="120,380,250,250" oya="1" hai0="118,8,110,94,2,129,76,41,37,104,21,45,54" hai1="56,75,73,50,109,99,93,88,29,84,3,102,114" hai2="10,51,7,133,1,91,9,79,98,11,52,89,15" hai3="48,16,30,34,68,90,127,85,27,115,67,96,44"/><U71/><E3/><V95/><F133/><W69/><G115/><T20/><D104/><U24/><E71/><V59/><F79/><W97/><G127/><T131/><D118/><U39/><E39/><V36/><F36/><W87/><G87/><T33/><D33/><U22/><E114/><V117/><F117/><W60/><G69/><T100/><D76/><U5/><E5/><V46/><F1/><W55/><REACH who="3" step="1"/><G16/><REACH who="3" ten="120,380,250,240" step="2"/><T124/><D124/><U132/><E84/><V70/><F70/><W82/><AGARI ba="0,1" hai="27,30,34,44,48,55,60,67,68,82,85,90,96,97" machi="82" ten="20,12000,2" yaku="1,1,2,1,0,1,7,1,52,1,53,1" doraHai="65" doraHaiUra="49" who="3" fromWho="3" sc="120,-30,380,-60,250,-30,240,130" /><INIT seed="2,0,0,1,1,70" ten="90,320,220,370" oya="2" hai0="10,52,39,95,5,44,78,112,56,48,77,80,98" hai1="81,46,22,25,122,9,109,40,30,59,36,31,86" hai2="21,24,38,111,64,72,87,63,82,49,69,107,76" hai3="26,110,32,97,105,129,66,68,14,131,41,6,62"/><V84/><F107/><W17/><G110/><T28/><D112/><U125/><E109/><V37/><F111/><W47/><G6/><T57/><D28/><U103/><E125/><V16/><F49/><W108/><G108/><T88/><D39/><U101/><E122/><V135/><F135/><W45/><G32/><T15/><REACH who="0" step="1"/><D78/><REACH who="0" ten="80,320,220,370" step="2"/><U115/><E115/><V114/><F114/><W2/><G131/><T99/><D99/><U85/><E31/><V55/><F38/><W18/><G129/><T93/><D93/><U119/><E30/><V43/><F37/><W33/><G97/><T83/><D83/><U90/><E81/><V75/><F82/><W91/><G105/><T134/><D134/><U12/><E36/><V130/><F76/><W19/><G33/><T113/><D113/><U67/><E119/><V133/><F133/><W126/><G126/><T94/><D94/><U8/><E103/><V116/><F116/><W4/><G91/><T117/><D117/><U34/><E101/><V7/><F130/><W0/><G41/><T102/><D102/><U11/><E90/><V54/><F43/><W53/><G26/><T42/><D42/><U71/><E25/><V60/><F24/><W73/><G73/><AGARI ba="0,1" hai="5,10,15,44,48,52,56,57,73,77,80,88,95,98" machi="73" ten="30,8000,1" yaku="1,1,7,1,54,2,53,1" doraHai="70" doraHaiUra="106" who="0" fromWho="3" sc="80,90,320,0,220,0,370,-80" /><INIT seed="3,0,0,4,1,112" ten="170,320,220,290" oya="3" hai0="46,92,6,90,105,10,77,75,21,27,102,50,26" hai1="88,125,107,78,91,127,0,101,17,79,130,113,116" hai2="99,31,42,2,83,86,60,87,67,74,59,82,120" hai3="24,36,100,133,57,37,23,11,18,93,30,114,54"/><W115/><G133/><T16/><D105/><U61/><E113/><V80/><F74/><W53/><G115/><T68/><D68/><U7/><E116/><V39/><F120/><W129/><G114/><T62/><D102/><U13/><E130/><V19/><F2/><W47/><G129/><T108/><D108/><U109/><E109/><V85/><F31/><W135/><G135/><T43/><D62/><U71/><E7/><V3/><F3/><W72/><G72/><T1/><D75/><U35/><E0/><V45/><F19/><W4/><G47/><T9/><D9/><N who="1" m="6319" /><E35/><V58/><REACH who="2" step="1"/><F99/><REACH who="2" ten="170,320,210,290" step="2"/><W134/><G30/><T33/><D33/><U81/><E125/><V95/><F95/><W76/><G134/><T66/><D66/><U110/><E127/><V49/><F49/><W69/><G37/><T96/><REACH who="0" step="1"/><D77/><REACH who="0" ten="160,320,210,290" step="2"/><U70/><E79/><V34/><F34/><W97/><G76/><T55/><D55/><U124/><E78/><V52/><F52/><W8/><G53/><T121/><D121/><U73/><E124/><V5/><F5/><W106/><G4/><T40/><D40/><U98/><E73/><V131/><F131/><W128/><G128/><T89/><D89/><U29/><E88/><V32/><F32/><W12/><G54/><T84/><D84/><U48/><E91/><V56/><AGARI ba="0,2" hai="39,42,45,56,58,59,60,67,80,82,83,85,86,87" machi="56" ten="40,2700,0" yaku="1,1,0,1,53,0" doraHai="112" doraHaiUra="28" who="2" fromWho="2" sc="160,-7,320,-7,210,47,290,-13" owari="153,-34.7,313,41.3,257,-14.3,277,7.7" /></mjloggm>