<mjloggm ver="2.3"><GO type="225" lobby="0"/><UN n0="%E7%99%BD%E6%97%A5%E9%9B%AA%E8%8F%9C" n1="%E3%81%A8%E3%82%93%E3%81%A8%E3%81%93%E3%81%A8%E3%82%93" n2="%E3%81%A8%E3%82%89%E3%81%84%E3%81%A1" n3="%6D%75%75%6D%75%72%61" dan="16,16,16,16" rate="2145.09,2146.09,2115.64,2072.02" sx="M,F,M,F"/><TAIKYOKU oya="0"/><INIT seed="0,0,0,0,3,95" ten="250,250,250,250" oya="0" hai0="35,78,18,122,90,47,67,10,86,65,115,131,88" hai1="11,51,58,7,135,85,9,113,133,23,129,96,36" hai2="27,71,46,105,125,109,14,15,25,79,40,44,87" hai3="116,31,100,80,76,30,32,28,98,132,38,64,43"/><T70/><D115/><U0/><E36/><V5/><F71/><W2/><G116/><T41/><D122/><U50/><E129/><V29/><F105/><W12/><G2/><T127/><D35/><U53/><E113/><V33/><F109/><W119/><G119/><T17/><D131/><U92/><E23/><V118/><F118/><W97/><G132/><T56/><D70/><U57/><E85/><V126/><F25/><W63/><G32/><T74/><D74/><U89/><E11/><V54/><F54/><AGARI ba="0,0" hai="0,7,9,50,51,53,54,57,58,89,92,96,133,135" machi="54" ten="40,2600,0" yaku="9,1,52,1" doraHai="95" who="1" fromWho="2" sc="250,0,250,26,250,-26,250,0" /><INIT seed="1,0,0,0,1,58" ten="250,276,224,250" oya="1" hai0="48,60,80,91,62,92,134,106,78,99,107,30,54" hai1="0,84,4,109,19,108,66,61,11,89,55,73,33" hai2="24,116,124,81,27,21,72,10,103,16,90,94,28" hai3="5,130,87,104,125,131,97,52,53,74,1,17,98"/><U41/><E73/><V2/><F116/><W100/><G74/><T105/><D134/><U112/><E112/><V114/><F114/><W44/><G125/><T14/><D14/><U82/><E33/><V121/><F121/><W7/><G97/><T63/><D30/><U95/><E41/><V118/><F118/><W76/><G17/><T79/><REACH who="0" step="1"/><D80/><REACH who="0" ten="240,276,224,250" step="2"/><U43/><E82/><V102/><F124/><W69/><G130/><T49/><D49/><U34/><E108/><V113/><F113/><W128/><G128/><T40/><D40/><U32/><E109/><V39/><F39/><W83/><G131/><T47/><AGARI ba="0,1" hai="47,48,54,60,62,63,78,79,91,92,99,105,106,107" machi="47" ten="40,8000,1" yaku="1,1,0,1,52,3,53,0" doraHai="58" doraHaiUra="37" who="0" fromWho="0" sc="240,90,276,-40,224,-20,250,-20" /><INIT seed="2,0,0,5,5,68" ten="330,236,204,230" oya="2" hai0="109,1,73,4,80,125,100,11,31,84,18,61,102" hai1="93,9,92,51,55,69,7,104,13,85,20,116,64" hai2="99,40,45,117,37,65,120,135,25,111,94,114,41" hai3="89,95,10,106,56,24,43,72,58,49,27,34,90"/><V96/><F114/><W8/><G106/><T101/><D73/><U88/><E104/><V67/><F117/><W6/><G72/><T36/><D109/><U63/><E116/><V38/><F120/><W5/><G34/><T22/><D125/><U14/><E93/><V110/><F25/><W77/><G77/><T124/><D124/><U54/><REACH who="1" step="1"/><E51/><REACH who="1" ten="330,226,204,230" step="2"/><V105/><F105/><W75/><G95/><T66/><D36/><U122/><E122/><V76/><F135/><W26/><G49/><T108/><D108/><N who="2" m="41514" /><F94/><W115/><G115/><T46/><D102/><U74/><E74/><V30/><F76/><W60/><G75/><T131/><D101/><U3/><E3/><V59/><F30/><W12/><G90/><T91/><D100/><U78/><E78/><V70/><F37/><W52/><G89/><T128/><D31/><U132/><E132/><V32/><F38/><W119/><G119/><T121/><D121/><U48/><E48/><V79/><F79/><W33/><G33/><T21/><D91/><U28/><E28/><V16/><F32/><W83/><G83/><T29/><D80/><U50/><E50/><V15/><F99/><W133/><G133/><T129/><D29/><U17/><AGARI ba="0,1" hai="7,9,13,14,17,20,54,55,63,64,69,85,88,92" machi="17" ten="30,4000,0" yaku="1,1,0,1,54,1,53,0" doraHai="68" doraHaiUra="71" who="1" fromWho="1" sc="330,-10,226,50,204,-20,230,-10" /><INIT seed="3,0,0,5,1,102" ten="320,276,184,220" oya="3" hai0="35,73,38,109,113,11,4,119,133,79,16,125,53" hai1="129,36,107,135,57,70,10,77,33,91,120,17,83" hai2="52,68,106,122,26,9,48,62,98,50,12,127,60" hai3="76,71,19,59,64,66,123,97,90,95,108,104,8"/><W80/><G123/><T63/><D119/><U75/><E57/><V103/><F122/><W115/><G115/><T126/><D38/><U41/><E17/><V2/><F127/><N who="0" m="48650" /><D109/><U116/><E10/><V28/><F2/><W1/><G71/><T55/><D133/><U128/><E41/><V89/><F89/><W105/><G108/><T82/><D35/><U22/><E22/><V110/><F110/><W3/><G3/><N who="0" m="415" /><D113/><U131/><E83/><V43/><F43/><W20/><G8/><T67/><D16/><U46/><E46/><V72/><F72/><W94/><G94/><T112/><D112/><U18/><E18/><V99/><F99/><W101/><G1/><T100/><D100/><U44/><E44/><V21/><F68/><AGARI ba="0,0" hai="53,55,63,67,68,73,79,82" m="415,48650" machi="68" ten="30,1000,0" yaku="18,1" doraHai="102" who="0" fromWho="2" sc="320,10,276,0,184,-10,220,0" owari="330,43.0,276,7.6,174,-32.6,220,-18.0" /></mjloggm>