<mjloggm ver="2.3"><GO type="225" lobby="0"/><UN n0="%6D%75%75%6D%75%72%61" n1="%48%61%61%61%6C%61%6E%64" n2="%E3%81%86%E3%82%8C%E3%81%9F%E3%82%93%E6%9E%95" n3="%E6%A0%B9%E5%85%83%E3%81%8B%E3%82%89%E5%90%B9%E3%81%A3%E9%A3%9B%E3%81%B6" dan="17,18,16,17" rate="2194.92,2202.18,2115.83,2189.55" sx="F,M,F,F"/><TAIKYOKU oya="0"/><INIT seed="0,0,0,5,2,15" ten="250,250,250,250" oya="0" hai0="47,100,53,133,90,36,132,116,86,96,52,0,32" hai1="110,131,68,54,49,98,16,95,123,117,5,48,39" hai2="35,87,31,130,9,23,89,50,24,105,104,120,124" hai3="70,97,84,113,134,12,122,69,37,57,27,93,6"/><T11/><D116/><U17/><E117/><V1/><F120/><W2/><G113/><T75/><D75/><U14/><E39/><V72/><F72/><W55/><G134/><N who="0" m="51819" /><D32/><U101/><E123/><V92/><F130/><W20/><G37/><T127/><D127/><U66/><E131/><V40/><F124/><W63/><G122/><T77/><D77/><U114/><E114/><V60/><F60/><W18/><G84/><T59/><D0/><U3/><E110/><V125/><F125/><W107/><G107/><N who="0" m="63879" /><D11/><N who="1" m="4463" /><E68/><V81/><F35/><W112/><G2/><T8/><D8/><U85/><E3/><V22/><F9/><N who="3" m="4151" /><G112/><T91/><D86/><U30/><E66/><V21/><F1/><W111/><G111/><T76/><D76/><U7/><E7/><V128/><F128/><W26/><G70/><T106/><D106/><U83/><E30/><V42/><F105/><W28/><G69/><T34/><D34/><U80/><E48/><V74/><F104/><W78/><G78/><T102/><D102/><U119/><E119/><V58/><F74/><W29/><G29/><T25/><D25/><U82/><E85/><N who="2" m="52271" /><F31/><W19/><G27/><T43/><D53/><U46/><AGARI ba="0,0" hai="16,17,46,49,54,80,82,83,95,98,101" m="4463" machi="46" ten="30,7900,0" yaku="8,1,52,2,54,1" doraHai="15" who="1" fromWho="1" sc="250,-39,250,79,250,-20,250,-20" /><INIT seed="1,0,0,5,2,24" ten="211,329,230,230" oya="1" hai0="54,79,39,0,117,63,16,81,74,25,106,11,46" hai1="99,104,13,26,2,80,9,68,19,78,124,125,69" hai2="12,18,120,42,14,91,64,5,89,3,115,33,129" hai3="51,98,31,121,37,118,44,45,131,55,65,50,57"/><U17/><E2/><V92/><F120/><W10/><G121/><T67/><D117/><U47/><E47/><V23/><F115/><W128/><G10/><T112/><D112/><U53/><E53/><V85/><F129/><N who="3" m="49739" /><G98/><T132/><D132/><U22/><E104/><V27/><F3/><W76/><G76/><T32/><D106/><U110/><E99/><V135/><F135/><W28/><G118/><T20/><D32/><U29/><E110/><V66/><F42/><N who="3" m="22607" /><G65/><T30/><D54/><AGARI ba="0,0" hai="28,31,45,50,51,54,55,57" m="22607,49739" machi="54" ten="30,3900,0" yaku="19,1,52,2" doraHai="24" who="3" fromWho="0" sc="211,-39,329,0,230,0,230,39" /><INIT seed="2,0,0,4,4,114" ten="172,329,230,269" oya="2" hai0="79,90,75,87,70,68,115,95,32,34,12,120,39" hai1="57,42,100,36,54,0,29,56,60,65,69,106,45" hai2="107,23,30,105,46,116,78,24,1,98,11,84,123" hai3="6,99,86,8,51,122,3,58,63,66,27,73,9"/><V83/><F123/><W88/><G73/><T15/><D115/><U49/><E0/><V13/><F116/><W74/><G74/><T64/><D39/><U5/><E5/><V102/><F1/><W112/><G112/><T133/><D120/><U121/><E121/><V20/><F46/><W18/><G122/><T93/><D133/><U47/><E29/><V76/><F107/><W53/><G99/><T61/><D75/><U128/><E128/><V16/><REACH who="2" step="1"/><F78/><REACH who="2" ten="172,329,220,269" step="2"/><W52/><G3/><T44/><D79/><U37/><E106/><V117/><F117/><W101/><G101/><T22/><D44/><N who="1" m="27943" /><E100/><V127/><F127/><W14/><G51/><T126/><D126/><U103/><E103/><V31/><F31/><W94/><G8/><AGARI ba="0,1" hai="8,11,13,16,20,23,24,30,76,83,84,98,102,105" machi="8" ten="40,7700,0" yaku="1,1,54,1,53,1" doraHai="114" doraHaiUra="82" who="2" fromWho="3" sc="172,0,329,0,220,87,269,-77" /><INIT seed="2,1,0,3,0,133" ten="172,329,307,192" oya="2" hai0="104,52,60,14,91,127,53,118,109,86,51,63,79" hai1="58,9,128,120,134,95,31,78,87,27,103,125,65" hai2="30,19,24,33,40,131,132,59,112,90,97,100,18" hai3="126,1,38,101,21,13,113,17,28,22,32,105,108"/><V88/><F132/><W107/><G38/><T7/><D109/><U67/><E134/><V68/><F112/><W35/><G108/><T96/><D118/><U75/><E128/><V82/><F68/><W74/><G74/><T84/><D127/><U42/><E120/><V46/><F131/><W102/><G1/><T44/><D104/><U23/><E125/><V69/><F69/><W43/><G43/><T123/><D123/><U8/><E42/><V119/><F59/><W4/><G4/><T45/><D96/><N who="1" m="59807" /><E75/><V111/><F111/><W122/><G122/><T92/><D79/><U34/><E34/><V54/><F54/><W20/><G126/><T93/><D7/><U77/><E58/><V2/><F2/><W61/><G61/><T25/><D14/><U11/><E87/><V117/><F117/><W66/><G66/><AGARI ba="1,0" hai="8,9,11,23,27,31,65,66,67,77,78" m="59807" machi="66" ten="30,1000,0" yaku="8,1" doraHai="133" who="1" fromWho="3" sc="172,0,329,13,307,0,192,-13" /><INIT seed="3,0,0,0,1,123" ten="172,342,307,179" oya="3" hai0="105,95,8,111,43,21,85,78,34,106,36,107,79" hai1="91,89,99,102,76,47,135,74,125,101,64,115,100" hai2="93,14,71,26,35,63,127,30,67,1,2,97,0" hai3="103,113,60,50,80,29,81,12,114,94,9,92,23"/><W116/><G116/><T25/><D34/><U124/><E115/><V6/><F127/><N who="1" m="48713" /><E135/><V66/><F66/><W27/><G50/><T68/><D68/><U39/><E64/><V54/><F54/><W62/><G114/><T128/><D128/><U58/><E58/><V84/><F84/><W72/><G113/><T15/><D111/><U130/><E130/><V112/><F112/><W133/><G133/><T51/><D36/><U75/><E99/><V57/><F71/><W38/><G38/><T33/><D33/><U104/><E104/><V22/><F35/><W45/><G45/><N who="0" m="26047" /><D107/><U31/><E31/><V82/><F82/><N who="3" m="31851" /><G72/><N who="1" m="27690" /><E76/><V13/><REACH who="2" step="1"/><F6/><REACH who="2" ten="172,342,297,179" step="2"/><N who="3" m="3127" /><G103/><AGARI ba="0,1" hai="0,1,2,13,14,22,26,30,57,63,67,93,97,103" machi="103" ten="40,5200,0" yaku="1,1,25,2,53,0" doraHai="123" doraHaiUra="108" who="2" fromWho="3" sc="172,0,342,0,297,62,179,-52" owari="172,-22.8,342,14.2,359,45.9,127,-37.3" /></mjloggm>