<mjloggm ver="2.3"><GO type="225" lobby="0"/><UN n0="%E3%81%A0%E3%81%8A" n1="%E6%97%A5%E6%9B%9C%E6%97%A5%E3%82%88%E3%82%8A%E3%81%AE%E4%BD%BF%E8%80%85" n2="%48%61%61%61%6C%61%6E%64" n3="%E3%82%B3%E3%83%90%E3%83%AC%E3%82%A4" dan="16,16,18,16" rate="2043.73,2089.58,2159.84,2063.52" sx="M,M,M,M"/><TAIKYOKU oya="0"/><INIT seed="0,0,0,4,4,7" ten="250,250,250,250" oya="0" hai0="135,48,116,132,88,2,1,99,27,94,122,29,103" hai1="10,89,59,14,115,109,134,32,63,6,68,71,17" hai2="11,57,106,95,76,18,82,80,91,52,129,118,114" hai3="56,5,24,108,81,101,47,16,44,8,51,113,46"/><T128/><D116/><U3/><E109/><V125/><F114/><W111/><G113/><T131/><D122/><U53/><E115/><V43/><F106/><W40/><G101/><T50/><D103/><U127/><E127/><V49/><F125/><W117/><G117/><T60/><D60/><U0/><E134/><N who="0" m="51241" /><D48/><U42/><E32/><V4/><F118/><W34/><G81/><T112/><D50/><U20/><E0/><N who="0" m="105" /><D112/><U37/><REACH who="1" step="1"/><E89/><REACH who="1" ten="250,240,250,250" step="2"/><V65/><F91/><W13/><G108/><T31/><D31/><U28/><E28/><V74/><F76/><W107/><G111/><T90/><D90/><U123/><E123/><V102/><F102/><W38/><G34/><AGARI ba="0,1" hai="27,29,34,88,94,99,128,131" m="105,51241" machi="34" ten="30,2900,0" yaku="20,1,54,1" doraHai="7" who="0" fromWho="3" sc="250,39,240,0,250,0,250,-29" /><INIT seed="0,1,0,4,3,106" ten="289,240,250,221" oya="0" hai0="51,67,62,92,34,35,64,50,108,114,25,130,84" hai1="6,122,102,133,82,13,4,112,45,30,42,53,61" hai2="69,71,110,59,103,55,83,21,95,123,60,128,7" hai3="20,8,18,129,46,99,119,32,9,75,88,24,117"/><T41/><D114/><U86/><E122/><V109/><F123/><W93/><G129/><T115/><D115/><U134/><E102/><V33/><F33/><W44/><G32/><T81/><D130/><U37/><E30/><V17/><F7/><W113/><G113/><T36/><D36/><U96/><E96/><N who="2" m="59807" /><F83/><W89/><G89/><T124/><D124/><U48/><E61/><V57/><F57/><W131/><G131/><T39/><D39/><U85/><E112/><V107/><F107/><W10/><REACH who="3" step="1"/><G75/><REACH who="3" ten="289,240,250,211" step="2"/><T1/><D35/><U29/><E134/><V65/><F128/><W94/><G94/><T28/><D92/><U16/><E133/><V105/><F105/><W132/><G132/><T127/><D34/><U15/><E85/><V111/><F65/><W68/><G68/><T3/><D67/><U98/><E98/><V135/><F135/><W87/><G87/><T26/><D64/><U118/><E86/><V31/><F31/><W23/><G23/><T116/><D28/><U73/><E73/><V101/><F101/><W0/><G0/><T52/><D84/><U47/><E29/><V90/><F90/><W121/><G121/><T54/><D1/><U80/><E118/><AGARI ba="1,1" hai="8,9,10,18,20,24,44,46,88,93,99,117,118,119" machi="118" ten="40,8000,1" yaku="1,1,54,1,53,2" doraHai="106" doraHaiUra="43" who="3" fromWho="1" sc="289,0,240,-83,250,0,211,93" /><INIT seed="1,0,0,4,0,16" ten="289,157,250,304" oya="1" hai0="130,125,56,15,77,23,99,51,81,134,42,57,135" hai1="98,95,60,89,116,101,83,39,78,53,62,61,79" hai2="30,38,52,25,58,7,113,20,133,111,36,84,47" hai3="100,3,14,11,110,76,72,29,54,45,28,71,73"/><U103/><E39/><V64/><F111/><W117/><G110/><T67/><D125/><U132/><E116/><V88/><F133/><N who="0" m="50698" /><D130/><U80/><E132/><V108/><F108/><W41/><G71/><T119/><D119/><U66/><E66/><V129/><F129/><W68/><G68/><T127/><D127/><U82/><REACH who="1" step="1"/><E53/><REACH who="1" ten="289,147,250,304" step="2"/><V104/><F36/><W106/><G54/><T21/><D67/><U43/><E43/><V44/><F38/><W91/><G117/><T10/><D42/><U55/><E55/><V115/><F64/><W128/><G128/><T17/><D99/><U0/><E0/><V87/><F113/><W120/><G3/><T109/><D109/><U22/><E22/><N who="0" m="8201" /><D51/><U32/><E32/><V50/><F115/><W27/><G41/><T86/><AGARI ba="0,1" hai="10,15,17,56,57,77,81,86" m="8201,50698" machi="86" ten="30,7900,0" yaku="20,1,52,3" doraHai="16" who="0" fromWho="0" sc="289,89,147,-39,250,-20,304,-20" /><INIT seed="2,0,0,1,2,113" ten="378,108,230,284" oya="2" hai0="47,88,126,94,99,90,43,54,7,28,93,61,33" hai1="16,114,128,109,18,116,132,86,11,122,80,106,124" hai2="17,9,123,101,72,3,105,65,117,108,41,56,40" hai3="8,125,12,127,5,89,22,121,25,51,13,130,53"/><V10/><F117/><W23/><G121/><T67/><D126/><N who="3" m="48137" /><G130/><T83/><D7/><U115/><E11/><V133/><F123/><W31/><G89/><T84/><D54/><U24/><E24/><V0/><F56/><N who="3" m="32831" /><G23/><T35/><D28/><U111/><E86/><V79/><F17/><W134/><G134/><T44/><D83/><U30/><E30/><V26/><F133/><W46/><G46/><T91/><D91/><U107/><E124/><V92/><F105/><N who="1" m="39945" /><E132/><V100/><F26/><W135/><G135/><T73/><D73/><U119/><E80/><V129/><F72/><W52/><G52/><T42/><D42/><U77/><E77/><V20/><F10/><W120/><G120/><T34/><REACH who="0" step="1"/><D43/><REACH who="0" ten="368,108,230,284" step="2"/><U36/><E122/><V112/><F40/><W76/><G76/><T82/><D82/><U62/><E128/><V70/><F9/><W97/><G5/><T57/><AGARI ba="0,1" hai="33,34,35,44,47,57,61,67,84,88,90,93,94,99" machi="57" ten="30,4000,0" yaku="1,1,0,1,54,1,53,0" doraHai="113" doraHaiUra="37" who="0" fromWho="0" sc="368,50,108,-10,230,-20,284,-10" /><INIT seed="3,0,0,5,3,50" ten="418,98,210,274" oya="3" hai0="38,104,22,84,56,40,6,43,122,125,131,13,89" hai1="52,77,17,99,102,29,1,78,94,24,68,92,93" hai2="110,116,79,12,67,39,101,71,26,109,91,31,23" hai3="106,28,8,76,35,51,96,4,107,123,73,134,14"/><W75/><G123/><T112/><D104/><U83/><E68/><V117/><F39/><W11/><G134/><T0/><D0/><U32/><E1/><V113/><F79/><W33/><G76/><T121/><D125/><U18/><E32/><V108/><F101/><W100/><G107/><T133/><D131/><U119/><E119/><V27/><F113/><W3/><G35/><T46/><D133/><U111/><E111/><V64/><F12/><W80/><G80/><T87/><D112/><U49/><E29/><N who="2" m="17631" /><F91/><W44/><G28/><T21/><D43/><U59/><E24/><V72/><F72/><W58/><G58/><T86/><D89/><U15/><E78/><V127/><F127/><W85/><G85/><T5/><D56/><U129/><E129/><V88/><F88/><W2/><G33/><T90/><D90/><U130/><E130/><V105/><F105/><W70/><G70/><T60/><D60/><U95/><REACH who="1" step="1"/><E15/><REACH who="1" ten="418,88,210,274" step="2"/><V30/><F30/><W54/><G2/><T55/><D121/><U69/><E69/><V114/><F71/><W65/><G75/><T34/><D21/><U36/><E36/><V20/><F114/><W10/><G73/><T135/><D46/><U45/><E45/><V47/><F47/><W63/><G3/><T126/><D34/><U124/><E124/><V128/><F128/><W9/><G14/><T118/><D13/><U57/><E57/><V7/><F117/><W48/><G44/><T61/><D118/><U53/><E53/><V98/><F116/><W81/><G54/><T132/><D55/><U103/><E103/><RYUUKYOKU ba="0,1" sc="418,-10,88,30,210,-10,274,-10" hai1="17,18,49,52,59,77,83,92,93,94,95,99,102" owari="418,51.8,118,-38.2,200,-20.0,264,6.4" /></mjloggm>