<mjloggm ver="2.3"><GO type="225" lobby="0"/><UN n0="%E3%81%B2%E3%81%AA%E3%81%AE%E3%82%8A%E3%81%8F" n1="%E5%B8%9D%E4%BA%AC%E5%B9%B3%E6%88%90%E5%A4%A7%E5%AD%A6" n2="%E3%81%B5%E3%81%98%E3%81%8B%E3%81%A4" n3="%E3%81%8B%E3%82%8F%E3%81%A1%E3%82%83%E3%82%93%35%38" dan="17,17,16,16" rate="2225.52,2177.73,2105.29,2140.71" sx="M,M,M,M"/><TAIKYOKU oya="0"/><INIT seed="0,0,0,3,3,32" ten="250,250,250,250" oya="0" hai0="35,80,101,58,104,115,63,77,12,130,42,123,94" hai1="62,84,100,79,82,39,10,113,55,46,116,49,124" hai2="5,57,103,128,50,131,33,97,36,51,88,91,52" hai3="20,43,11,127,119,121,53,87,29,74,98,61,118"/><T31/><D123/><U26/><E116/><V86/><F33/><W73/><G43/><T47/><D115/><U28/><E124/><V30/><F36/><W69/><G11/><T54/><D130/><N who="2" m="49706" /><F30/><W25/><G98/><T34/><D104/><U105/><E113/><V2/><F50/><W75/><G127/><T48/><D31/><U56/><E39/><V40/><F40/><W78/><G121/><T45/><D45/><U65/><E10/><N who="2" m="2359" /><F86/><W126/><G126/><T6/><D6/><U76/><E105/><AGARI ba="0,0" hai="51,52,57,88,91,97,103,105" m="2359,49706" machi="105" ten="30,7700,0" yaku="19,1,52,1,54,2" doraHai="32" who="2" fromWho="1" sc="250,0,250,-77,250,77,250,0" /><INIT seed="1,0,0,0,5,28" ten="250,173,327,250" oya="1" hai0="100,77,60,30,125,126,82,46,69,106,1,121,78" hai1="7,127,97,36,79,44,20,53,25,33,17,120,105" hai2="132,2,124,99,26,12,88,23,11,115,128,4,95" hai3="57,43,49,92,89,72,113,5,123,112,108,18,56"/><U64/><E120/><V104/><F124/><N who="0" m="47722" /><D1/><U102/><E127/><V73/><F132/><W114/><G123/><T32/><D121/><U83/><E64/><V90/><F73/><W109/><G72/><T70/><D60/><U84/><E7/><V91/><F128/><W39/><G5/><T58/><D58/><U68/><E68/><N who="0" m="26217" /><D82/><U80/><E33/><V47/><F104/><W40/><G18/><T59/><D59/><N who="3" m="22601" /><G39/><T66/><D66/><U35/><E35/><V131/><F131/><W85/><G49/><T61/><D61/><U22/><E22/><V14/><F115/><W74/><G74/><T65/><D65/><U27/><E83/><V133/><F47/><W134/><G134/><T38/><D100/><U98/><E98/><V101/><REACH who="2" step="1"/><F133/><REACH who="2" ten="250,173,317,250" step="2"/><W48/><G48/><T129/><D106/><U52/><REACH who="1" step="1"/><E27/><REACH who="1" ten="250,163,317,250" step="2"/><V34/><F34/><W0/><G114/><T3/><D129/><U93/><E93/><V111/><F111/><W96/><G113/><T76/><D32/><U16/><E16/><AGARI ba="0,2" hai="2,4,11,12,14,16,23,26,88,90,91,95,99,101" machi="16" ten="40,5200,0" yaku="1,1,54,2,53,0" doraHai="28" doraHaiUra="118" who="2" fromWho="1" sc="250,0,163,-52,317,72,250,0" /><INIT seed="2,0,0,5,4,122" ten="250,111,389,250" oya="2" hai0="17,90,10,80,105,20,101,75,51,84,27,74,19" hai1="46,112,111,31,95,86,56,118,5,116,83,69,78" hai2="42,121,59,64,13,32,125,36,38,39,126,128,0" hai3="109,25,21,34,8,50,100,68,40,48,23,35,49"/><V108/><F32/><W11/><G68/><T14/><REACH who="0" step="1"/><D51/><REACH who="0" ten="240,111,389,250" step="2"/><U88/><E112/><V57/><F121/><W37/><G49/><T54/><D54/><U85/><E69/><V44/><F39/><W92/><G50/><T134/><D134/><U63/><E46/><V110/><F44/><W135/><G48/><T52/><D52/><U91/><E111/><V7/><F42/><W93/><G40/><T123/><D123/><U61/><E61/><V102/><F38/><W115/><G37/><T4/><D4/><U127/><E127/><V30/><F7/><W24/><G135/><T53/><D53/><U119/><E5/><V87/><F36/><W81/><G115/><T22/><D22/><U28/><REACH who="1" step="1"/><E78/><REACH who="1" ten="240,101,389,250" step="2"/><V2/><F110/><W131/><G109/><T29/><D29/><U70/><E70/><V43/><F30/><W104/><G34/><T15/><D15/><U72/><E72/><V1/><F13/><W33/><G35/><T66/><D66/><AGARI ba="0,2" hai="28,31,56,63,66,83,85,86,88,91,95,116,118,119" machi="66" ten="40,5200,0" yaku="1,1,54,1,53,1" doraHai="122" doraHaiUra="55" who="1" fromWho="0" sc="240,-52,101,72,389,0,250,0" /><INIT seed="3,0,0,3,2,43" ten="188,173,389,250" oya="3" hai0="19,36,88,28,58,61,82,44,78,133,64,121,38" hai1="23,91,106,10,86,3,123,113,92,24,0,94,98" hai2="46,30,35,132,107,65,8,104,26,122,99,79,51" hai3="112,56,71,54,90,135,70,100,9,76,40,34,134"/><W15/><G34/><T48/><D121/><U127/><E113/><V95/><F122/><W69/><G112/><T22/><D133/><U7/><E123/><V31/><F65/><W6/><G100/><T5/><D5/><U75/><E75/><V49/><F79/><W37/><G76/><T119/><D119/><U14/><E106/><V89/><F31/><W108/><G90/><T77/><D28/><U80/><E127/><V2/><F51/><W97/><G97/><T128/><D128/><U1/><REACH who="1" step="1"/><E98/><REACH who="1" ten="188,163,389,250" step="2"/><V45/><F107/><W68/><G134/><T16/><D38/><U67/><E67/><V102/><F132/><W130/><G135/><T57/><D36/><U83/><E83/><V13/><F2/><W87/><G37/><T126/><D126/><U12/><E12/><V42/><F104/><W50/><G15/><N who="0" m="9503" /><D19/><AGARI ba="0,1" hai="0,1,3,7,10,14,19,23,24,80,86,91,92,94" machi="19" ten="40,1300,0" yaku="1,1,53,0" doraHai="43" doraHaiUra="29" who="1" fromWho="0" sc="188,-13,163,23,389,0,250,0" owari="175,-32.5,186,-21.4,389,48.9,250,5.0" /></mjloggm>