<mjloggm ver="2.3"><GO type="225" lobby="0"/><UN n0="%E3%81%A9%E3%82%8F%E3%82%93%E3%81%94" n1="%E6%A1%9C%E8%8A%B1%E9%96%83%E3%80%85" n2="%E9%B3%B3%E6%9D%B1%E3%81%AE%E3%81%86%E3%81%95%E3%81%8E%E3%81%95%E3%82%93" n3="%72%61%6B%33" dan="16,17,17,18" rate="2121.77,2147.93,2258.99,2245.27" sx="M,M,M,M"/><TAIKYOKU oya="0"/><INIT seed="0,0,0,2,1,118" ten="250,250,250,250" oya="0" hai0="89,63,74,90,81,97,109,5,80,19,133,45,119" hai1="30,47,41,55,22,1,127,13,110,12,39,99,58" hai2="64,20,93,77,72,84,130,106,87,52,121,25,115" hai3="60,85,44,98,83,8,78,76,31,104,36,75,38"/><T132/><D119/><U105/><E1/><V71/><F115/><W135/><G135/><T34/><D5/><U54/><E110/><V67/><F106/><W62/><G31/><T102/><D34/><U9/><E127/><V128/><F72/><W49/><G78/><N who="0" m="44119" /><D19/><U37/><E37/><V43/><F43/><W92/><G8/><T120/><D63/><U57/><E105/><V17/><F121/><W82/><G36/><T2/><D45/><U18/><E99/><V94/><F71/><W0/><G0/><T116/><D2/><U103/><E103/><V69/><F69/><W42/><G38/><T23/><D23/><U107/><E107/><V46/><F130/><W79/><REACH who="3" step="1"/><G104/><REACH who="3" ten="250,250,250,240" step="2"/><N who="0" m="63567" /><D116/><U28/><E28/><V6/><F128/><W53/><G53/><T70/><D109/><U61/><E30/><V134/><F77/><W48/><G48/><T111/><D111/><U66/><E57/><V33/><F134/><N who="0" m="51818" /><D70/><U86/><E55/><V26/><F52/><W51/><G51/><T114/><D114/><U56/><E54/><V21/><F46/><W124/><G124/><T88/><D120/><U125/><E58/><V27/><F33/><W35/><G35/><T3/><D3/><U112/><E112/><V11/><F11/><W10/><G10/><T14/><D14/><U122/><E122/><V15/><F15/><W131/><G131/><T129/><D129/><U16/><E125/><V100/><F25/><W117/><G117/><T32/><D32/><U113/><E113/><V40/><F26/><W68/><G68/><T108/><D108/><U95/><E13/><RYUUKYOKU ba="0,1" sc="250,15,250,-15,250,-15,240,15" hai0="81,88,89,90" hai3="42,44,49,60,62,75,76,79,82,83,85,92,98" /><INIT seed="0,1,1,2,4,92" ten="265,235,235,255" oya="0" hai0="129,58,41,130,40,132,84,81,118,107,87,35,75" hai1="93,116,90,53,83,21,0,29,28,16,9,56,1" hai2="14,122,110,121,71,20,120,33,99,45,70,88,64" hai3="113,82,78,57,37,51,12,47,112,10,55,67,96"/><T94/><D118/><U124/><E116/><V86/><F33/><W60/><G37/><T72/><D35/><U133/><E133/><V59/><F45/><W4/><REACH who="3" step="1"/><G96/><REACH who="3" ten="265,235,235,245" step="2"/><T11/><D130/><U89/><E124/><V77/><F99/><W134/><G134/><T117/><D132/><U126/><E126/><V100/><F120/><W24/><G24/><T36/><D129/><U101/><E1/><V74/><F121/><W127/><G127/><T19/><D36/><U95/><E0/><V6/><F122/><W85/><AGARI ba="1,2" hai="4,10,12,47,51,55,57,60,67,78,82,85,112,113" machi="85" ten="20,8000,1" yaku="1,1,0,1,7,1,53,2" doraHai="92" doraHaiUra="111" who="3" fromWho="3" sc="265,-41,235,-21,235,-21,245,103" /><INIT seed="1,0,0,5,0,29" ten="224,214,214,348" oya="1" hai0="126,31,109,2,64,20,25,44,124,42,85,36,116" hai1="14,105,80,91,79,73,114,72,127,120,60,30,121" hai2="27,45,134,39,101,7,125,77,47,62,68,0,35" hai3="51,87,123,41,117,5,8,88,96,131,89,17,56"/><U15/><E114/><V6/><F134/><W93/><G131/><T57/><D116/><U33/><E127/><N who="0" m="48681" /><D109/><U24/><E105/><V22/><F125/><W110/><G110/><T92/><D2/><U94/><E73/><V49/><F39/><W97/><G117/><T9/><D9/><U63/><E63/><V71/><F77/><W74/><G74/><T84/><D92/><U86/><REACH who="1" step="1"/><E60/><AGARI ba="0,0" hai="20,25,31,36,42,44,57,60,64,84,85" m="48681" machi="60" ten="30,1000,0" yaku="18,1" doraHai="29" who="0" fromWho="1" sc="224,10,214,-10,214,0,348,0" /><INIT seed="2,0,0,0,2,81" ten="234,204,214,348" oya="2" hai0="31,96,124,76,29,135,102,99,57,14,78,80,88" hai1="13,97,25,111,127,1,94,39,15,67,52,108,66" hai2="22,74,105,30,9,125,126,107,60,85,128,112,87" hai3="123,7,34,27,113,0,20,21,110,32,132,103,38"/><V65/><F74/><W24/><G103/><T49/><D135/><U56/><E1/><V62/><F112/><W91/><G91/><T61/><D124/><N who="2" m="47722" /><F128/><W37/><G123/><T100/><D49/><N who="1" m="30735" /><E39/><V54/><F54/><W98/><G98/><N who="0" m="37419" /><D14/><N who="1" m="5131" /><E25/><N who="2" m="16695" /><F9/><W109/><G0/><T64/><D102/><N who="1" m="60727" /><E127/><V51/><F51/><W10/><G10/><T35/><D100/><U82/><E82/><V68/><F60/><W71/><G113/><T84/><D35/><U120/><E120/><V18/><F18/><W12/><G38/><T26/><D26/><U11/><E11/><V73/><F73/><W59/><G37/><T72/><D72/><U119/><E119/><V2/><F2/><W45/><G24/><T116/><D116/><U23/><E23/><V46/><F46/><W106/><G45/><T117/><D117/><U86/><E108/><V90/><F90/><W79/><G110/><T130/><D130/><U75/><E75/><V115/><F115/><W89/><G89/><T41/><D41/><U77/><E111/><V6/><F6/><W70/><G7/><T33/><D33/><U40/><E40/><V101/><F101/><W42/><G109/><T28/><AGARI ba="0,0" hai="28,29,31,57,61,64,76,78,80,84,88" m="37419" machi="28" ten="30,4000,0" yaku="8,1,52,1,54,1" doraHai="81" who="0" fromWho="0" sc="234,40,204,-10,214,-20,348,-10" /><INIT seed="3,0,0,0,1,64" ten="274,194,194,338" oya="3" hai0="57,114,25,76,86,1,116,4,117,26,5,70,34" hai1="107,17,22,133,98,110,119,83,97,111,2,20,36" hai2="55,129,10,14,121,49,127,63,29,3,122,0,82" hai3="104,100,128,77,132,109,60,44,28,85,130,53,105"/><W108/><G28/><T73/><D86/><U81/><E133/><V15/><F129/><W43/><G132/><T131/><D57/><U120/><E120/><N who="2" m="46187" /><F127/><W38/><G53/><T134/><D26/><N who="1" m="14607" /><E119/><V74/><F63/><W59/><G85/><T27/><D25/><U103/><E36/><V23/><F29/><W66/><G77/><T88/><D5/><U112/><E112/><V71/><F71/><W118/><G118/><T96/><D70/><U21/><E2/><N who="2" m="555" /><F23/><N who="1" m="8713" /><E98/><V67/><F67/><W58/><G130/><T101/><D96/><U46/><E46/><N who="2" m="28087" /><F10/><W48/><G128/><T12/><D131/><U79/><E79/><AGARI ba="0,0" hai="14,15,74,79,82" m="28087,555,46187" machi="79" ten="30,1000,0" yaku="13,1" doraHai="64" who="2" fromWho="1" sc="274,0,194,-10,194,10,338,0" owari="274,7.4,184,-31.6,204,-19.6,338,43.8" /></mjloggm>