<mjloggm ver="2.3"><GO type="225" lobby="0"/><UN n0="%E6%80%AA%E3%81%97%E3%81%99%E3%81%8E%E3%82%8B%E3%83%81%E3%83%BC" n1="%6D%75%75%6D%75%72%61" n2="%E3%83%AD%E3%83%83%E3%83%86%E9%9B%80%E7%90%83" n3="%43%68%65" dan="16,16,17,16" rate="2156.10,2159.55,2258.97,2158.43" sx="M,F,M,M"/><TAIKYOKU oya="0"/><INIT seed="0,0,0,1,0,100" ten="250,250,250,250" oya="0" hai0="134,95,102,66,59,12,35,3,24,86,33,92,71" hai1="16,113,48,46,15,125,39,42,7,37,65,20,106" hai2="69,115,64,18,11,43,109,91,99,129,135,29,32" hai3="2,31,61,26,98,10,56,132,14,38,21,122,55"/><T44/><D3/><U76/><E125/><V47/><F115/><W9/><G132/><T120/><D120/><U30/><E113/><V51/><F109/><W85/><G122/><T124/><D71/><U74/><E106/><V80/><F129/><W78/><G38/><T83/><D124/><U25/><E65/><V68/><F135/><W54/><G2/><T84/><D134/><U131/><E131/><V93/><F64/><W1/><G1/><T63/><D44/><U97/><E97/><V118/><F118/><W49/><G98/><T8/><D86/><U22/><REACH who="1" step="1"/><E7/><REACH who="1" ten="250,240,250,250" step="2"/><V45/><F99/><W67/><G67/><T90/><D102/><U79/><E79/><V121/><F121/><W128/><G128/><T105/><D105/><U116/><E116/><V27/><F69/><W13/><G78/><T23/><D33/><U117/><E117/><V60/><F68/><W41/><G85/><T19/><REACH who="0" step="1"/><D35/><REACH who="0" ten="240,240,250,250" step="2"/><U73/><E73/><V28/><F32/><W127/><G127/><T53/><D53/><U17/><E17/><AGARI ba="0,2" hai="8,12,17,19,23,24,59,63,66,83,84,90,92,95" machi="17" ten="30,5800,0" yaku="1,1,7,1,8,1,53,0" doraHai="100" doraHaiUra="114" who="0" fromWho="1" sc="240,78,240,-58,250,0,250,0" /><INIT seed="0,1,0,3,4,22" ten="318,182,250,250" oya="0" hai0="62,32,124,113,21,131,127,109,87,41,78,112,79" hai1="53,122,44,29,85,107,43,10,82,19,34,67,27" hai2="25,73,26,35,63,97,96,40,98,126,83,80,52" hai3="75,86,68,77,92,54,55,47,28,24,0,4,91"/><T18/><D32/><U61/><E122/><V1/><F1/><W70/><G70/><T81/><D131/><U49/><E107/><V38/><F35/><W116/><G116/><T123/><D123/><U36/><E10/><V84/><F126/><N who="0" m="48170" /><D109/><U93/><E93/><V72/><F38/><W132/><G68/><T111/><D111/><U101/><E101/><V64/><F40/><W56/><G132/><T115/><D41/><U3/><E3/><V14/><F64/><W12/><G0/><T46/><D46/><U6/><E6/><V99/><N who="2" m="24576" /><DORA hai="57" /><V65/><F65/><W76/><G75/><T94/><D94/><U108/><E19/><V118/><F118/><W58/><G47/><T129/><D129/><U125/><E108/><V121/><F121/><W71/><G71/><T31/><D31/><U17/><E17/><V106/><F106/><W13/><G4/><T37/><D37/><U42/><E125/><V5/><F83/><W88/><G28/><T30/><D30/><U15/><E15/><V60/><F73/><W128/><G92/><T95/><D95/><U134/><E36/><V8/><F72/><W120/><G128/><T135/><D135/><U119/><E134/><V114/><F114/><W89/><G120/><T102/><D102/><U110/><E119/><V20/><F20/><W16/><G91/><N who="0" m="51695" /><D62/><N who="2" m="23594" /><F52/><W50/><G55/><T11/><D21/><U23/><E34/><V105/><F105/><W51/><G54/><T7/><D112/><U9/><E110/><V117/><F117/><W2/><G2/><T133/><D113/><U39/><E39/><RYUUKYOKU ba="1,0" sc="318,-10,182,-10,250,30,250,-10" hai2="5,8,14,25,26,80,84" /><INIT seed="1,2,0,1,5,24" ten="308,172,280,240" oya="1" hai0="9,35,13,122,75,50,38,59,134,58,4,8,69" hai1="17,97,96,105,98,23,88,114,118,60,110,55,106" hai2="15,62,6,34,131,94,18,29,16,126,26,116,78" hai3="125,36,48,5,93,52,70,111,67,7,103,124,57"/><U89/><E114/><V30/><F116/><W22/><G36/><T28/><D38/><U132/><E118/><V100/><F126/><N who="3" m="48747" /><G111/><T120/><D69/><U127/><E127/><V107/><F107/><W113/><G113/><T41/><D75/><U54/><E110/><V43/><F131/><W123/><G123/><N who="0" m="47147" /><D134/><U91/><E132/><V49/><F78/><W32/><G32/><T61/><D9/><U74/><E74/><V128/><F128/><W21/><G70/><T40/><D50/><U25/><REACH who="1" step="1"/><E60/><REACH who="1" ten="308,162,280,240" step="2"/><V84/><F62/><W82/><G67/><N who="0" m="39351" /><D59/><U77/><E77/><V19/><F49/><W73/><G73/><T112/><D112/><U1/><E1/><V109/><F109/><W101/><G48/><T20/><D35/><U76/><E76/><V2/><F2/><W117/><G57/><T68/><D68/><U56/><E56/><V79/><F79/><W133/><G117/><T65/><D65/><U104/><AGARI ba="2,1" hai="17,23,25,54,55,88,89,91,96,97,98,104,105,106" machi="104" ten="40,12000,1" yaku="1,1,0,1,29,2,54,1,53,0" doraHai="24" doraHaiUra="83" who="1" fromWho="1" sc="308,-42,162,136,280,-42,240,-42" /><INIT seed="1,3,0,0,2,88" ten="266,298,238,198" oya="1" hai0="0,31,79,5,13,56,82,3,50,132,133,45,125" hai1="48,118,122,26,19,23,39,34,20,63,6,81,84" hai2="55,52,27,80,62,119,96,38,75,14,29,111,43" hai3="37,106,15,1,124,93,90,12,123,44,107,115,92"/><U32/><E39/><V78/><F119/><W70/><G115/><T8/><D56/><U89/><E118/><V36/><F111/><W54/><G123/><T121/><D31/><U104/><E122/><V109/><F109/><W131/><G1/><T86/><D125/><U91/><E104/><V135/><F135/><N who="0" m="51786" /><D121/><U24/><E6/><V40/><F38/><W68/><G124/><T126/><D126/><U22/><E22/><V17/><F96/><W61/><G131/><T49/><D49/><U46/><E63/><V28/><F28/><W73/><G73/><T21/><D21/><U33/><E91/><V30/><F30/><W57/><G107/><T97/><D97/><U85/><E85/><V7/><F7/><W105/><G105/><T10/><D10/><U128/><E128/><V130/><F130/><W94/><G106/><T71/><D71/><U64/><E64/><V77/><F77/><W35/><G35/><T41/><AGARI ba="3,0" hai="0,3,5,8,13,41,45,50,79,82,86" m="51786" machi="41" ten="30,2000,0" yaku="25,1,20,1" doraHai="88" who="0" fromWho="0" sc="266,29,298,-13,238,-8,198,-8" /><INIT seed="2,0,0,3,1,81" ten="295,285,230,190" oya="2" hai0="63,117,122,101,3,34,53,24,36,7,82,33,128" hai1="100,91,44,93,59,11,70,90,71,5,21,126,10" hai2="16,55,1,28,46,135,26,61,39,65,6,40,131" hai3="69,74,18,66,85,15,109,96,67,42,9,2,86"/><V68/><F131/><W106/><G74/><T38/><D122/><U108/><E108/><V54/><F135/><W13/><G109/><T47/><D128/><U43/><E126/><V62/><F62/><W112/><G2/><T4/><D117/><U60/><E100/><V57/><F68/><W75/><G75/><T92/><D82/><U118/><E21/><V72/><F72/><W22/><G112/><T124/><D124/><U50/><E118/><V121/><F121/><W95/><G42/><T127/><D127/><U77/><E77/><V111/><F111/><W107/><G107/><T115/><D115/><U12/><E11/><V37/><F37/><W103/><G106/><T49/><D63/><U97/><REACH who="1" step="1"/><E90/><REACH who="1" ten="295,275,230,190" step="2"/><V134/><F134/><W27/><G15/><T32/><D101/><U76/><E76/><V87/><F1/><W41/><G41/><T56/><D32/><U123/><E123/><V14/><F6/><N who="3" m="3255" /><G69/><T0/><D33/><U64/><AGARI ba="0,1" hai="5,10,12,43,44,50,59,60,64,70,71,91,93,97" machi="64" ten="20,2700,0" yaku="1,1,0,1,7,1,53,0" doraHai="81" doraHaiUra="98" who="1" fromWho="1" sc="295,-7,275,37,230,-13,190,-7" /><INIT seed="3,0,0,0,2,129" ten="288,312,217,183" oya="3" hai0="63,39,56,120,130,2,48,65,112,126,95,34,83" hai1="86,134,99,93,60,43,30,16,110,114,127,50,106" hai2="57,79,33,68,119,135,96,100,90,77,47,40,10" hai3="91,80,131,62,74,41,75,102,122,101,53,66,105"/><W58/><G122/><T88/><D120/><U32/><E114/><V20/><F33/><W87/><G131/><T44/><D126/><U115/><E115/><V109/><F68/><W14/><G41/><T12/><D2/><U121/><E106/><V42/><F109/><W49/><G105/><T116/><D34/><U35/><E110/><V55/><F119/><W117/><G117/><T70/><D130/><U67/><E86/><V78/><F135/><W128/><G128/><T76/><D112/><U111/><E134/><V94/><F10/><W51/><G51/><T28/><D28/><U4/><E4/><V37/><F20/><W8/><G75/><T27/><D27/><U5/><E5/><V98/><F42/><W82/><G82/><T107/><D107/><U59/><E127/><V46/><F46/><W0/><G0/><T125/><D125/><U132/><E132/><V133/><F133/><W19/><REACH who="3" step="1"/><G74/><REACH who="3" ten="288,312,217,173" step="2"/><T104/><D104/><U61/><E121/><V23/><F23/><W29/><G29/><T1/><D1/><U26/><E35/><V85/><REACH who="2" step="1"/><F100/><REACH who="2" ten="288,312,207,173" step="2"/><W17/><G17/><T11/><D116/><U3/><E16/><V89/><F89/><W24/><G24/><T97/><D88/><U54/><E111/><V84/><F84/><W9/><G9/><T123/><D11/><U64/><E43/><V69/><F69/><AGARI ba="0,2" hai="8,14,19,49,53,58,62,66,69,80,87,91,101,102" machi="69" ten="30,2900,0" yaku="1,1,7,1,53,0" doraHai="129" doraHaiUra="108" who="3" fromWho="2" sc="288,0,312,0,207,-29,173,49" /><INIT seed="3,1,0,4,3,81" ten="288,312,178,222" oya="3" hai0="128,129,98,63,106,23,102,120,69,90,41,0,10" hai1="73,47,55,132,37,107,101,125,20,56,13,85,6" hai2="89,57,31,44,11,96,134,4,68,40,24,131,71" hai3="99,39,105,70,82,16,25,74,67,8,17,72,112"/><W108/><G112/><T50/><D120/><U113/><E73/><V46/><F134/><W124/><G39/><T75/><D75/><U121/><E113/><V45/><F131/><N who="0" m="50250" /><D23/><U22/><E121/><V14/><F57/><W130/><G130/><T133/><D133/><U76/><E132/><V110/><F110/><W9/><G124/><T109/><D109/><U3/><E3/><V119/><F119/><W2/><G108/><T58/><D90/><U18/><E6/><V91/><F40/><W26/><G2/><T60/><D69/><U34/><E34/><V116/><F116/><W48/><G48/><T51/><D41/><U79/><E107/><V127/><F127/><W78/><G74/><T123/><D123/><U36/><E47/><V28/><F28/><W86/><G72/><T87/><D87/><U38/><E101/><V65/><F65/><W1/><G1/><T117/><D117/><U88/><E22/><V93/><REACH who="2" step="1"/><F91/><REACH who="2" ten="288,312,168,222" step="2"/><W122/><G122/><T53/><D60/><U30/><E30/><V104/><F104/><W27/><G67/><T7/><AGARI ba="1,1" hai="0,7,10,50,51,53,58,63,98,102,106" m="50250" machi="7" ten="30,1100,0" yaku="19,1" doraHai="81" who="0" fromWho="0" sc="288,24,312,-4,168,-4,222,-6" owari="312,41.2,308,10.8,164,-33.6,216,-18.4" /></mjloggm>