<mjloggm ver="2.3"><GO type="225" lobby="0"/><UN n0="%4B%2E%32%2E%4B%2E" n1="%6D%75%75%6D%75%72%61" n2="%72%69%6F%75%63%68%61%6E" n3="%E3%81%BE%E3%81%A8%E3%81%9F" dan="16,16,17,16" rate="2093.94,2211.11,2208.21,2168.64" sx="M,F,M,M"/><TAIKYOKU oya="0"/><INIT seed="0,0,0,0,5,99" ten="250,250,250,250" oya="0" hai0="14,3,78,40,51,74,27,11,7,16,87,39,18" hai1="68,34,118,23,61,102,53,35,86,52,110,84,126" hai2="91,107,43,2,36,65,122,32,13,115,56,82,67" hai3="58,37,127,24,132,106,135,22,108,30,79,15,94"/><T116/><D116/><U104/><E118/><V88/><F122/><W95/><G108/><T90/><D39/><U57/><E110/><V64/><F115/><W131/><G37/><T85/><D74/><U70/><E126/><V49/><F2/><W134/><G127/><T117/><D117/><U33/><E53/><V50/><F32/><W77/><G106/><T125/><D125/><U96/><REACH who="1" step="1"/><E23/><REACH who="1" ten="250,240,250,250" step="2"/><V63/><F43/><W124/><G124/><T41/><D41/><U69/><AGARI ba="0,1" hai="33,34,35,52,57,61,68,69,70,84,86,96,102,104" machi="69" ten="40,12000,2" yaku="1,1,2,1,0,1,52,1,54,1,53,1" doraHai="99" doraHaiUra="97" who="1" fromWho="1" sc="250,-60,240,130,250,-30,250,-30" /><INIT seed="1,0,0,5,1,19" ten="190,370,220,220" oya="1" hai0="48,92,46,20,122,88,71,111,86,75,35,66,115" hai1="62,110,49,101,45,112,8,82,12,109,120,90,56" hai2="60,98,58,79,9,108,83,64,63,54,95,113,96" hai3="116,41,57,126,107,130,5,50,30,80,1,129,47"/><U40/><E112/><V119/><F108/><N who="1" m="41577" /><E120/><V65/><F119/><W117/><G107/><T131/><D35/><U134/><E101/><V34/><F34/><W84/><G30/><T33/><D33/><U121/><E121/><V24/><F113/><W3/><G126/><T72/><D111/><U118/><E118/><N who="3" m="45674" /><G57/><T133/><D122/><U97/><E134/><V43/><F43/><W93/><G93/><T44/><D115/><U128/><E128/><N who="3" m="49258" /><G5/><T42/><D131/><U100/><E82/><V26/><F9/><W27/><G27/><T70/><D133/><U22/><E90/><AGARI ba="0,0" hai="1,3,41,47,50,80,84,90" m="49258,45674" machi="90" ten="30,2000,0" yaku="12,1,19,1" doraHai="19" who="3" fromWho="1" sc="190,0,370,-20,220,0,220,20" /><INIT seed="2,0,0,4,1,130" ten="190,350,220,240" oya="2" hai0="37,47,125,114,19,135,55,38,30,20,12,87,90" hai1="4,104,82,54,26,42,53,79,21,48,45,58,76" hai2="115,84,121,74,71,131,100,7,40,129,31,23,93" hai3="98,112,68,128,78,33,81,18,109,22,24,73,10"/><V88/><F115/><W69/><G109/><T107/><D114/><U32/><E104/><V57/><F121/><W101/><G128/><N who="2" m="49225" /><F71/><W2/><G112/><T67/><D107/><U51/><E32/><V105/><F74/><W41/><G41/><T61/><D125/><U62/><E4/><V63/><F40/><W29/><G10/><T8/><D135/><U108/><E108/><V134/><F134/><W60/><G2/><T117/><D117/><U99/><E99/><N who="2" m="61599" /><F7/><W132/><G132/><T102/><D102/><U85/><E79/><V49/><F49/><W92/><REACH who="3" step="1"/><G60/><REACH who="3" ten="190,350,220,230" step="2"/><T91/><D61/><U124/><E42/><V72/><F72/><W14/><AGARI ba="0,1" hai="14,18,22,24,29,33,68,69,73,78,81,92,98,101" machi="14" ten="20,8000,1" yaku="1,1,2,1,0,1,7,1,53,1" doraHai="130" doraHaiUra="15" who="3" fromWho="3" sc="190,-20,350,-20,220,-40,230,90" /><INIT seed="3,0,0,2,2,55" ten="170,330,180,320" oya="3" hai0="32,15,91,108,65,114,124,125,56,122,26,8,118" hai1="36,77,47,59,132,119,52,126,10,112,135,27,0" hai2="4,11,34,54,115,104,62,16,29,5,40,128,44" hai3="28,80,130,9,88,73,25,60,111,96,58,41,85"/><W67/><G130/><T83/><D118/><U84/><E119/><V7/><F115/><W14/><G73/><T6/><D122/><U94/><E112/><V64/><F128/><W22/><G111/><T19/><D114/><U78/><E126/><N who="0" m="48745" /><D108/><U87/><E27/><V38/><F104/><W99/><G41/><T102/><D102/><U110/><E110/><V37/><F54/><W33/><G33/><T116/><D116/><U46/><E0/><V23/><F37/><W20/><G20/><N who="0" m="13599" /><D32/><U123/><E10/><V53/><F53/><W69/><G69/><T92/><D83/><N who="1" m="47215" /><E123/><V24/><F11/><W71/><G71/><T45/><D45/><U63/><E36/><V95/><F95/><W2/><G2/><T61/><D92/><U12/><E12/><V3/><F3/><W89/><G89/><AGARI ba="0,0" hai="6,8,15,56,61,65,89,91" m="13599,48745" machi="89" ten="30,2000,0" yaku="18,1,52,1" doraHai="55" who="0" fromWho="3" sc="170,20,330,0,180,0,320,-20" owari="190,-21.0,330,43.0,180,-32.0,300,10.0" /></mjloggm>