<mjloggm ver="2.3"><GO type="225" lobby="0"/><UN n0="%E3%81%82%E3%82%93%E3%81%AA%E3%81%A4" n1="%E3%83%9F%E3%83%83%E3%82%AD%E3%83%BC%E8%9B%87%E5%B1%B1" n2="%E6%98%93%E5%88%A9%E8%96%A9%E4%BC%AF" n3="%79%75%72%69%6D%6F%67" dan="17,16,16,16" rate="2172.83,2035.28,2069.62,2137.82" sx="M,M,F,F"/><TAIKYOKU oya="0"/><INIT seed="0,0,0,2,5,66" ten="250,250,250,250" oya="0" hai0="108,3,132,4,52,29,75,127,126,109,76,53,9" hai1="98,67,77,119,56,87,45,37,125,68,89,28,27" hai2="96,30,112,79,97,120,61,54,90,101,47,39,7" hai3="24,14,18,23,94,38,49,88,131,20,114,48,93"/><T95/><D132/><U5/><E119/><V2/><F112/><W0/><G38/><T8/><D29/><U22/><E125/><N who="0" m="47625" /><D95/><U69/><E5/><V71/><F120/><W130/><G114/><T91/><D91/><U17/><E77/><V99/><F79/><W63/><G0/><T83/><D9/><U86/><E98/><V118/><F30/><W134/><G134/><T107/><D107/><U36/><E86/><V103/><F90/><W128/><G94/><T111/><AGARI ba="0,0" hai="3,4,8,52,53,75,76,83,108,109,111" m="47625" machi="111" ten="40,12000,1" yaku="14,1,10,1,18,1,54,1" doraHai="66" who="0" fromWho="0" sc="250,120,250,-40,250,-40,250,-40" /><INIT seed="0,1,0,1,3,110" ten="370,210,210,210" oya="0" hai0="104,44,26,95,52,38,132,41,65,96,99,111,8" hai1="6,106,97,17,39,115,85,123,102,36,42,76,15" hai2="118,129,23,24,14,49,126,16,22,33,0,50,30" hai3="71,134,56,31,133,2,80,75,35,68,90,58,89"/><T109/><D132/><U74/><E123/><V107/><F107/><W103/><G103/><N who="0" m="62567" /><D65/><U100/><E6/><V127/><F50/><W113/><G2/><T13/><D26/><U18/><E74/><V63/><F63/><W73/><G31/><T122/><D122/><U114/><E102/><V25/><F49/><W48/><G48/><T84/><D84/><U81/><E18/><N who="2" m="12375" /><F129/><W11/><G11/><T120/><D120/><U20/><REACH who="1" step="1"/><E42/><REACH who="1" ten="370,200,210,210" step="2"/><V82/><F82/><W21/><G80/><T1/><D41/><U28/><E28/><V64/><F64/><W19/><G19/><T112/><D111/><U43/><E43/><V7/><F118/><W78/><G78/><T87/><D87/><U61/><BYE who="0" /><E61/><UN n0="%E3%81%82%E3%82%93%E3%81%AA%E3%81%A4" /><V88/><F88/><W69/><G69/><T108/><D109/><U57/><E57/><V34/><F34/><W98/><G35/><T40/><D108/><U91/><E91/><V59/><F59/><W51/><G51/><T101/><D40/><U62/><E62/><V46/><F46/><W93/><G98/><T53/><D44/><U29/><E29/><V10/><AGARI ba="1,1" hai="0,7,10,14,16,23,25,30,33,126,127" m="12375" machi="10" ten="30,7900,0" yaku="24,1,34,2,54,1" doraHai="110" who="2" fromWho="2" sc="370,-40,200,-21,210,92,210,-21" /><INIT seed="1,0,0,4,0,85" ten="330,179,302,189" oya="1" hai0="133,29,108,101,90,81,65,26,42,125,50,100,120" hai1="31,8,53,121,55,49,135,98,5,105,131,122,38" hai2="130,52,9,110,95,87,2,15,134,127,124,72,82" hai3="128,25,59,80,104,61,93,73,58,7,91,22,84"/><U115/><E115/><V109/><F2/><W4/><G104/><T60/><D108/><N who="2" m="41578" /><F72/><W19/><G128/><T99/><D125/><N who="2" m="48202" /><F130/><W51/><G73/><T69/><D133/><U32/><E131/><V112/><F134/><W54/><REACH who="3" step="1"/><G80/><REACH who="3" ten="330,179,302,179" step="2"/><T46/><D81/><U63/><E135/><V11/><F112/><W33/><G33/><T117/><D120/><U74/><E74/><V36/><F95/><W132/><G132/><T64/><D117/><U71/><E105/><V78/><F36/><W67/><AGARI ba="0,1" hai="4,7,19,22,25,51,54,58,59,61,67,84,91,93" machi="67" ten="20,8000,1" yaku="1,1,0,1,7,1,8,1,52,1,53,0" doraHai="85" doraHaiUra="118" who="3" fromWho="3" sc="330,-20,179,-40,302,-20,179,90" /><INIT seed="2,0,0,3,5,76" ten="310,139,282,269" oya="2" hai0="17,51,59,80,101,122,42,71,99,100,121,6,108" hai1="63,8,11,54,28,1,7,93,70,27,89,119,20" hai2="77,3,79,87,12,19,30,131,106,37,21,126,60" hai3="74,124,132,69,55,68,84,58,133,52,46,16,104"/><V36/><F106/><W110/><G74/><T57/><D71/><U112/><E119/><V4/><F131/><W88/><G104/><T105/><D108/><U32/><E112/><V103/><F103/><W67/><G110/><T47/><D101/><U135/><E135/><N who="3" m="51786" /><G124/><T24/><D6/><U109/><E109/><V120/><F120/><W22/><G46/><T18/><D59/><U78/><E11/><V82/><F126/><W85/><G85/><T38/><D17/><U66/><E54/><N who="3" m="20522" /><G58/><T94/><D105/><U115/><E115/><V86/><F60/><W123/><G67/><T62/><D38/><U90/><E78/><V127/><F127/><W92/><G123/><T14/><D121/><U26/><E93/><V41/><F41/><W117/><G117/><T113/><D122/><U0/><E0/><V97/><F97/><W73/><G73/><T5/><D113/><U83/><REACH who="1" step="1"/><E83/><REACH who="1" ten="310,129,282,269" step="2"/><V9/><F79/><W128/><G128/><T114/><D80/><U98/><E98/><V13/><F77/><W129/><G129/><T43/><D114/><U116/><E116/><V130/><F82/><W125/><G125/><T25/><D94/><U81/><E81/><V107/><F107/><W39/><G39/><T134/><D134/><U56/><E56/><V96/><F96/><W29/><G29/><AGARI ba="0,1" hai="1,7,8,20,26,27,28,29,32,63,66,70,89,90" machi="29" ten="30,3900,0" yaku="1,1,7,1,53,1" doraHai="76" doraHaiUra="65" who="1" fromWho="3" sc="310,0,129,49,282,0,269,-39" /><INIT seed="3,0,0,1,0,120" ten="310,178,282,230" oya="3" hai0="109,10,72,22,127,81,31,49,88,134,125,42,20" hai1="25,27,47,135,83,66,124,3,92,56,57,53,110" hai2="51,96,12,9,74,70,86,84,94,101,59,40,16" hai3="87,128,111,58,52,99,32,5,78,117,68,105,112"/><W39/><G117/><T2/><D109/><U50/><E3/><V107/><F70/><W55/><G112/><T95/><D134/><U126/><E135/><V1/><F74/><W45/><G32/><T61/><D61/><U82/><E110/><V48/><F1/><W122/><G68/><T43/><D10/><U119/><E119/><V60/><F107/><W98/><G122/><T15/><D2/><U41/><E66/><V133/><F133/><W33/><G33/><T4/><D4/><U8/><E8/><V13/><F13/><W18/><G5/><T102/><D102/><U104/><E104/><V77/><F77/><W118/><G118/><T38/><D49/><N who="2" m="19018" /><F40/><N who="0" m="15402" /><D15/><U54/><E92/><V100/><F101/><W36/><G36/><T80/><D38/><U7/><E7/><V23/><F23/><N who="0" m="8746" /><D31/><U132/><E41/><V116/><F116/><W6/><G6/><T121/><D72/><U24/><E132/><V106/><F106/><W17/><G105/><T130/><D130/><U97/><E97/><N who="3" m="36874" /><G128/><T11/><D11/><U26/><N who="1" m="6144" /><DORA hai="123" /><U29/><E29/><V65/><AGARI ba="0,0" hai="9,12,16,59,60,65,84,86,94,96,100" m="19018" machi="65" ten="30,2000,0" yaku="8,1,54,1" doraHai="120,123" who="2" fromWho="2" sc="310,-5,178,-5,282,20,230,-10" owari="305,40.5,173,-32.7,302,10.2,220,-18.0" /></mjloggm>