<mjloggm ver="2.3"><GO type="225" lobby="0"/><UN n0="%E7%AB%8B%E8%8A%B1%E9%9F%BF" n1="%E7%8B%82%E6%B0%97%E3%81%AE%E7%9E%B3" n2="%E3%81%8B%E3%82%8F%E3%81%A1%E3%82%83%E3%82%93%35%38" n3="%4B%2E%32%2E%4B%2E" dan="17,16,16,17" rate="2142.80,2043.47,2141.01,2193.52" sx="F,F,M,M"/><TAIKYOKU oya="0"/><INIT seed="0,0,0,3,3,34" ten="250,250,250,250" oya="0" hai0="11,22,4,18,125,19,27,61,13,98,114,17,88" hai1="126,9,117,119,49,118,54,129,96,70,80,128,123" hai2="58,124,89,36,20,48,8,66,103,85,130,74,37" hai3="7,69,30,99,131,42,39,94,29,63,0,127,121"/><T116/><D114/><U25/><E80/><V75/><F103/><W109/><G109/><T73/><D116/><U133/><E96/><V47/><F124/><W105/><G127/><T104/><D73/><U106/><E106/><V81/><F130/><N who="1" m="50281" /><E25/><V135/><F135/><W91/><G131/><T45/><D125/><U10/><E70/><V68/><F68/><W12/><G121/><T16/><D45/><N who="1" m="27951" /><E126/><V1/><F75/><W5/><G105/><T101/><D61/><U115/><E115/><V77/><F77/><W2/><G42/><T50/><D50/><U67/><E67/><V44/><F66/><W62/><G39/><T3/><REACH who="0" step="1"/><D88/><REACH who="0" ten="240,250,250,250" step="2"/><U51/><E123/><V110/><F74/><W82/><G62/><T35/><D35/><U72/><E72/><V46/><F37/><W87/><G63/><T6/><D6/><U92/><E51/><V78/><F36/><W76/><G5/><T56/><D56/><U93/><E133/><V38/><F38/><W31/><REACH who="3" step="1"/><G69/><REACH who="3" ten="240,250,250,240" step="2"/><T102/><D102/><U23/><E118/><V113/><F113/><W111/><G111/><T52/><D52/><U43/><E117/><V33/><F110/><W86/><G86/><T79/><D79/><U15/><E119/><V24/><F78/><W60/><G60/><T100/><D100/><U57/><E43/><V120/><F120/><W59/><G59/><T55/><D55/><U71/><E57/><V95/><F58/><W122/><G122/><T134/><D134/><U84/><E71/><V107/><F48/><W83/><G83/><T90/><D90/><N who="1" m="53319" /><E93/><V108/><F95/><RYUUKYOKU ba="0,2" sc="240,10,250,10,250,-30,240,10" hai0="3,4,11,13,16,17,18,19,22,27,98,101,104" hai1="9,10,15,23" hai3="0,2,7,12,29,30,31,76,82,87,91,94,99" /><INIT seed="0,1,2,1,0,50" ten="250,260,220,250" oya="0" hai0="32,95,88,96,117,85,63,29,65,34,45,111,39" hai1="124,129,99,33,104,57,30,9,58,118,101,116,13" hai2="72,19,80,25,75,49,5,98,16,120,100,46,127" hai3="47,73,106,56,44,3,87,114,67,132,86,102,133"/><T62/><D117/><U23/><E129/><V21/><F120/><W79/><G114/><T20/><D111/><U6/><E124/><V97/><F127/><W89/><G3/><T28/><D63/><U105/><E105/><V115/><F115/><W24/><G73/><T0/><D0/><U41/><E41/><V48/><F5/><W40/><G79/><T92/><D45/><U17/><E58/><V121/><F121/><W15/><G24/><T37/><D20/><U83/><E83/><V107/><F98/><N who="3" m="61783" /><G15/><T22/><D22/><U38/><E38/><V26/><F48/><N who="3" m="26631" /><G89/><T66/><D66/><U76/><E76/><V82/><F75/><W51/><G56/><T8/><D8/><U123/><E57/><V125/><F125/><W64/><G64/><T68/><D28/><U18/><E18/><V10/><F72/><W78/><G78/><T4/><D4/><U55/><E123/><V53/><REACH who="2" step="1"/><F26/><REACH who="2" ten="250,260,210,250" step="2"/><W11/><G51/><T27/><REACH who="0" step="1"/><D34/><REACH who="0" ten="240,260,210,250" step="2"/><U94/><E116/><V131/><F131/><W110/><G110/><T59/><D59/><U1/><E118/><V108/><F108/><W122/><G122/><T71/><D71/><U109/><E109/><V12/><AGARI ba="1,4" hai="10,12,16,19,21,25,46,49,53,80,82,97,100,107" machi="12" ten="30,7900,0" yaku="1,1,0,1,52,1,54,1,53,0" doraHai="50" doraHaiUra="90" who="2" fromWho="2" sc="240,-40,260,-21,210,122,250,-21" /><INIT seed="1,0,0,4,0,121" ten="200,239,332,229" oya="1" hai0="4,108,116,104,64,100,20,5,96,69,65,117,89" hai1="49,33,106,95,21,2,7,40,56,58,68,101,19" hai2="41,87,83,128,30,90,9,38,70,14,61,82,31" hai3="45,76,75,109,0,54,26,135,46,86,52,16,85"/><U22/><E68/><V126/><F38/><W84/><G0/><T99/><D20/><U59/><E33/><V73/><F41/><W112/><G112/><T102/><D89/><U114/><E106/><V74/><F74/><W3/><G3/><T44/><D44/><N who="3" m="17001" /><G75/><T97/><D97/><N who="1" m="59583" /><E114/><V98/><F98/><W118/><G135/><T67/><D67/><U18/><E2/><V66/><F126/><W12/><G118/><T28/><D28/><U88/><E7/><V124/><F124/><W131/><G131/><T127/><D127/><U6/><E6/><V78/><REACH who="2" step="1"/><F128/><REACH who="2" ten="200,239,322,229" step="2"/><W8/><G109/><T37/><D37/><U34/><E40/><V62/><F62/><W51/><G51/><T77/><D104/><U48/><E49/><V63/><F63/><W1/><G86/><T93/><D69/><U133/><E48/><V129/><F129/><W79/><G85/><T134/><D134/><U60/><E133/><V132/><F132/><W113/><G84/><T43/><D43/><U122/><E60/><V107/><F107/><W91/><G113/><T111/><D93/><U24/><E122/><V115/><F115/><W130/><G130/><T50/><D50/><U81/><E81/><V35/><F35/><W105/><G105/><T119/><REACH who="0" step="1"/><D116/><REACH who="0" ten="190,239,322,229" step="2"/><U110/><E34/><V29/><F29/><W27/><G91/><T57/><D57/><U23/><E88/><V92/><F92/><W125/><G125/><T39/><D39/><U10/><E24/><V36/><F36/><W42/><G42/><T17/><D17/><AGARI ba="0,2" hai="9,14,17,30,31,61,66,70,73,78,82,83,87,90" machi="17" ten="30,2000,0" yaku="1,1,7,1,53,0" doraHai="121" doraHaiUra="55" who="2" fromWho="0" sc="190,-20,239,0,322,40,229,0" /><INIT seed="2,0,0,3,3,95" ten="170,239,362,229" oya="2" hai0="63,21,89,104,70,64,92,127,72,40,31,0,94" hai1="13,124,121,26,46,82,106,129,48,96,81,50,133" hai2="24,103,59,1,130,20,34,132,66,99,134,78,5" hai3="27,35,111,58,57,85,125,84,101,76,119,14,83"/><V120/><F120/><W116/><G111/><T112/><D112/><U52/><E133/><V25/><F130/><W4/><G125/><T36/><D104/><U53/><E124/><V29/><F78/><W33/><G101/><T15/><D0/><U75/><E75/><V122/><F122/><W135/><G135/><N who="2" m="51753" /><F5/><W115/><G115/><T87/><D72/><U8/><E129/><V128/><F1/><W62/><G57/><T55/><D127/><U68/><E68/><V51/><F128/><W86/><G14/><T17/><D31/><U23/><E106/><V91/><F91/><W6/><G6/><T65/><D65/><U47/><E96/><V117/><F117/><W18/><G4/><T42/><D36/><U102/><E102/><V118/><F118/><W71/><G71/><T7/><D7/><N who="1" m="3231" /><E121/><V19/><F51/><W60/><G116/><T123/><D123/><U11/><E11/><V109/><F109/><W39/><G119/><T88/><REACH who="0" step="1"/><D55/><REACH who="0" ten="160,239,362,229" step="2"/><U44/><E44/><V108/><F108/><W74/><G39/><T113/><D113/><U61/><E61/><V45/><F66/><W105/><G105/><T97/><AGARI ba="0,1" hai="15,17,21,40,42,63,64,70,87,88,89,92,94,97" machi="97" ten="20,12000,2" yaku="1,1,0,1,7,1,52,1,54,1,53,2" doraHai="95" doraHaiUra="38" who="0" fromWho="0" sc="160,130,239,-30,362,-60,229,-30" /><INIT seed="3,0,0,5,2,113" ten="290,209,302,199" oya="3" hai0="129,13,87,65,28,53,24,50,80,18,108,99,74" hai1="135,79,131,120,19,96,101,121,91,83,49,21,107" hai2="60,46,20,17,95,23,42,119,78,68,85,41,59" hai3="133,38,35,77,1,15,57,51,134,43,89,88,93"/><W109/><G1/><T94/><D74/><U6/><E6/><V64/><F119/><W32/><G109/><T67/><D129/><U56/><E131/><V114/><F114/><W86/><G77/><T104/><D104/><U10/><E10/><V90/><F68/><W33/><G38/><T36/><D36/><U105/><E105/><V110/><F110/><W11/><G89/><N who="0" m="51431" /><D24/><U66/><E91/><V117/><F117/><W82/><G82/><T48/><D48/><U70/><E70/><V111/><F111/><W30/><G30/><T61/><D61/><U130/><E130/><V31/><F46/><W40/><G57/><N who="0" m="32951" /><D28/><U2/><E2/><V45/><F45/><W115/><G115/><T124/><D124/><U132/><E49/><V14/><F78/><W27/><G27/><AGARI ba="0,0" hai="14,17,20,23,27,31,41,42,59,60,64,85,90,95" machi="27" ten="40,1300,0" yaku="8,1" doraHai="113" who="2" fromWho="3" sc="290,0,209,0,302,13,199,-13" owari="290,9.0,209,-19.1,315,41.5,186,-31.4" /></mjloggm>