<mjloggm ver="2.3"><GO type="225" lobby="0"/><UN n0="%E6%98%93%E5%88%A9%E8%96%A9%E4%BC%AF" n1="%E6%B8%A9%E2%98%85%E6%83%85%E2%98%85%E6%8E%AA%E2%98%85%E7%BD%AE" n2="%E5%8D%A0%E3%81%84%E5%B8%AB%E8%A3%8F%E3%81%AA%E3%81%84%E3%81%97" n3="%E6%9D%B1%E9%A2%A8%E3%81%AE%E3%81%8D%E3%82%83%E3%81%B7%E3%81%95%E3%82%93" dan="16,17,17,16" rate="2089.24,2156.69,2211.76,2158.39" sx="F,M,M,M"/><TAIKYOKU oya="0"/><INIT seed="0,0,0,4,1,125" ten="250,250,250,250" oya="0" hai0="92,51,44,107,43,50,25,69,83,2,106,108,90" hai1="132,53,10,7,9,104,131,123,32,27,103,0,74" hai2="129,97,62,63,22,133,72,96,119,91,78,45,5" hai3="73,117,15,76,82,19,102,35,66,33,36,20,99"/><T13/><D2/><U47/><E123/><V61/><F133/><W81/><G117/><T42/><D69/><U114/><E132/><V116/><F5/><W130/><G36/><T57/><D83/><U14/><E74/><V128/><F45/><W24/><G66/><T85/><D108/><U48/><E114/><V113/><F113/><W58/><G82/><T29/><D13/><U56/><E103/><V12/><F78/><W60/><G15/><T55/><REACH who="0" step="1"/><D43/><REACH who="0" ten="240,250,250,250" step="2"/><U118/><E14/><V65/><F65/><W16/><G35/><AGARI ba="0,1" hai="25,29,35,42,44,50,51,55,57,85,90,92,106,107" machi="35" ten="30,5800,0" yaku="1,1,2,1,7,1,53,0" doraHai="125" doraHaiUra="121" who="0" fromWho="3" sc="240,68,250,0,250,0,250,-58" /><INIT seed="0,1,0,4,1,75" ten="308,250,250,192" oya="0" hai0="8,0,15,10,76,77,135,98,42,74,49,73,67" hai1="3,107,92,20,78,30,91,21,94,13,2,41,72" hai2="118,117,4,121,18,31,122,44,113,71,99,116,65" hai3="27,86,45,1,12,114,130,62,85,16,108,120,24"/><T28/><D135/><U96/><E107/><V123/><F4/><W39/><G1/><T51/><D67/><U81/><E41/><V119/><F31/><W57/><G114/><T111/><D28/><U11/><E92/><V97/><N who="2" m="29696" /><DORA hai="35" /><V19/><F113/><W93/><G120/><T6/><D98/><N who="2" m="37386" /><F44/><W105/><G105/><T43/><D15/><U50/><E50/><N who="0" m="18953" /><D6/><U109/><E109/><V83/><F83/><W60/><G108/><T131/><D0/><U87/><E72/><N who="0" m="27753" /><D131/><U102/><E102/><V32/><F32/><W133/><G130/><T29/><D29/><U112/><E112/><V38/><F38/><W134/><G39/><T100/><D100/><U132/><E132/><N who="3" m="50794" /><G45/><T63/><D63/><AGARI ba="1,0" hai="18,19,63,65,71,121,122,123" m="37386,29696" machi="63" ten="70,2300,0" yaku="12,1" doraHai="75,35" who="2" fromWho="0" sc="308,-26,250,0,250,26,192,0" /><INIT seed="1,0,0,4,3,94" ten="282,250,276,192" oya="1" hai0="17,112,106,34,83,65,130,30,44,64,24,113,110" hai1="102,67,135,43,9,21,69,72,4,57,89,36,59" hai2="13,48,37,97,51,62,86,100,132,0,11,19,3" hai3="33,31,15,116,108,41,84,104,18,118,56,52,45"/><U77/><E135/><V121/><F37/><W26/><G108/><T47/><D106/><U120/><E120/><V8/><F121/><W122/><G122/><T6/><D6/><U74/><E102/><V99/><F132/><W91/><G104/><T131/><D110/><U109/><E109/><V125/><F125/><W114/><G114/><T133/><D133/><U7/><E69/><V88/><F62/><W39/><G84/><T128/><D83/><N who="1" m="45479" /><E4/><V38/><F38/><W134/><G91/><T98/><D98/><N who="2" m="37386" /><F0/><W95/><G95/><T2/><D17/><U66/><E74/><V75/><F3/><W123/><G123/><T81/><D81/><U22/><E67/><N who="0" m="25673" /><D2/><N who="1" m="247" /><E89/><V92/><F75/><W32/><G32/><T93/><D93/><U50/><E50/><N who="2" m="18987" /><F100/><W78/><G78/><T42/><D47/><N who="1" m="24039" /><E66/><V129/><F129/><W111/><G134/><T27/><D44/><U76/><E76/><V105/><F105/><W126/><G111/><T61/><D131/><U29/><E29/><V107/><F107/><W127/><G127/><T85/><D30/><U79/><E79/><V40/><F40/><W70/><G70/><T68/><D42/><U82/><E82/><V63/><F63/><N who="3" m="36231" /><G126/><T124/><D68/><U54/><E54/><V1/><F1/><W12/><G39/><T80/><D124/><U14/><E59/><V115/><F115/><W5/><G41/><T23/><D113/><U46/><E57/><V53/><F53/><W96/><G33/><T10/><D112/><U20/><E46/><V28/><F28/><W58/><G31/><T55/><D130/><RYUUKYOKU ba="0,0" sc="282,-15,250,15,276,15,192,-15" hai1="14,20,21,22" hai2="8,11,13,19,86,88,92" /><INIT seed="1,1,0,3,2,36" ten="267,265,291,177" oya="1" hai0="115,124,13,42,122,31,100,39,79,85,50,14,28" hai1="64,20,119,22,78,89,95,93,87,72,23,46,71" hai2="126,47,65,80,51,110,55,101,81,105,68,1,54" hai3="48,133,111,25,135,116,125,27,74,97,38,12,9"/><U63/><E119/><V73/><F110/><W61/><G38/><T7/><D39/><U102/><E46/><V35/><F126/><W99/><G74/><T107/><D115/><U10/><E10/><V32/><F1/><W128/><G116/><T3/><D3/><U17/><E72/><V76/><F81/><W120/><G125/><T94/><D122/><U21/><E78/><V98/><REACH who="2" step="1"/><F54/><REACH who="2" ten="267,265,281,177" step="2"/><W6/><G120/><T18/><D124/><U30/><E30/><V75/><F75/><W96/><G111/><T91/><D31/><U82/><REACH who="1" step="1"/><E102/><REACH who="1" ten="267,255,281,177" step="2"/><V19/><F19/><W106/><G133/><T67/><D28/><U86/><E86/><V15/><F15/><AGARI ba="1,2" hai="15,17,20,21,22,23,63,64,71,82,87,89,93,95" machi="15" ten="40,2000,0" yaku="1,1,53,0" doraHai="36" doraHaiUra="0" who="1" fromWho="2" sc="267,0,255,43,281,-23,177,0" /><INIT seed="1,2,0,3,1,60" ten="267,298,258,177" oya="1" hai0="121,82,92,95,105,44,58,23,123,132,108,1,76" hai1="64,10,133,110,48,127,34,4,114,128,0,50,18" hai2="5,135,45,47,62,26,96,61,8,51,107,101,63" hai3="94,69,97,79,11,68,86,6,103,104,75,15,39"/><U89/><E114/><V119/><F119/><W74/><G39/><T32/><D32/><U55/><E34/><V2/><F2/><BYE who="2" /><UN n2="%E5%8D%A0%E3%81%84%E5%B8%AB%E8%A3%8F%E3%81%AA%E3%81%84%E3%81%97" /><W85/><G85/><T35/><D35/><U14/><E133/><V71/><F135/><W87/><G87/><T77/><D105/><U67/><E127/><V59/><F71/><W130/><G130/><T126/><D1/><U73/><E73/><V134/><F134/><W43/><G43/><T7/><D7/><U124/><E124/><V78/><F78/><W115/><G115/><T57/><D108/><U91/><E128/><V38/><F38/><W56/><G56/><T20/><D44/><N who="1" m="28039" /><E0/><V40/><F26/><W36/><G36/><T118/><D132/><U52/><E4/><V28/><F28/><W66/><G74/><T33/><D33/><U106/><E106/><V80/><F80/><N who="3" m="45183" /><G66/><N who="1" m="25130" /><E110/><V24/><F107/><W29/><G29/><T16/><D126/><U19/><E18/><V117/><F5/><W84/><G84/><T81/><REACH who="0" step="1"/><D16/><REACH who="0" ten="257,298,258,177" step="2"/><U53/><E53/><V27/><F40/><W102/><G104/><T31/><D31/><U12/><E12/><V88/><F24/><W46/><G15/><T131/><D131/><U112/><E112/><V113/><F27/><W21/><G6/><T3/><D3/><U98/><E98/><V22/><F113/><W111/><G97/><T90/><D90/><U72/><E72/><V120/><F88/><W49/><G111/><T42/><D42/><U99/><E99/><V93/><F96/><W122/><G122/><T125/><D125/><U70/><E91/><V129/><F120/><RYUUKYOKU ba="2,1" sc="257,30,298,-10,258,-10,177,-10" hai0="20,23,57,58,76,77,81,82,92,95,118,121,123" /><INIT seed="2,3,1,0,5,64" ten="287,288,248,167" oya="2" hai0="47,55,85,104,93,18,117,70,102,79,8,56,95" hai1="15,132,75,20,35,82,13,6,87,120,106,130,68" hai2="62,34,134,74,7,129,65,1,10,123,19,131,133" hai3="58,96,135,73,43,53,77,36,80,84,30,71,9"/><V2/><F123/><W11/><G135/><N who="2" m="51721" /><F74/><W49/><G73/><T60/><D70/><U51/><E132/><V69/><F19/><W38/><G30/><T110/><D104/><U41/><E75/><V23/><F23/><W118/><G118/><T122/><D110/><U113/><E113/><V5/><F34/><W26/><G26/><T109/><D109/><U0/><E35/><V78/><F78/><W83/><G83/><T4/><D18/><U48/><E20/><V115/><F115/><W89/><G71/><T61/><D102/><U100/><E120/><V111/><F111/><W46/><REACH who="3" step="1"/><G36/><REACH who="3" ten="287,288,248,157" step="2"/><T52/><D117/><U27/><E82/><V40/><F40/><W121/><G121/><T45/><D122/><U37/><E41/><V105/><F105/><W22/><G22/><T3/><D79/><U119/><E37/><V12/><F5/><W88/><G88/><T28/><D28/><U107/><E6/><V42/><F42/><W17/><G17/><T114/><D114/><U126/><E107/><V90/><F90/><W124/><G124/><T59/><D93/><AGARI ba="3,2" hai="9,11,38,43,46,49,53,58,77,80,84,89,93,96" machi="93" ten="40,1300,0" yaku="1,1,53,0" doraHai="64" doraHaiUra="108" who="3" fromWho="0" sc="287,-22,288,0,248,0,157,42" /><INIT seed="3,0,0,0,5,120" ten="265,288,248,199" oya="3" hai0="61,107,96,31,98,58,105,7,29,37,19,73,91" hai1="74,108,24,38,135,121,109,15,124,9,48,53,92" hai2="86,20,34,67,13,94,66,4,55,99,50,25,21" hai3="35,123,119,60,64,45,8,84,82,22,72,51,122"/><W63/><G119/><T28/><D37/><U11/><E121/><V23/><F34/><W47/><G35/><T69/><D69/><U90/><E38/><V54/><F86/><W3/><G72/><T93/><D73/><U32/><E74/><V126/><F126/><W113/><G113/><T0/><D98/><N who="1" m="57623" /><E124/><V39/><F39/><W103/><G103/><T44/><D44/><N who="1" m="27783" /><E15/><V6/><F25/><W79/><G45/><T71/><D71/><U56/><E56/><V132/><F132/><W134/><G134/><T130/><D130/><U65/><E65/><N who="2" m="24587" /><F13/><W81/><G81/><T30/><D30/><N who="1" m="19527" /><E135/><V16/><F54/><W102/><G102/><T117/><D117/><U42/><E42/><V59/><F16/><W77/><G77/><T131/><D19/><U100/><E100/><AGARI ba="0,0" hai="4,6,20,21,23,50,55,59,94,99,100" m="24587" machi="100" ten="30,1000,0" yaku="8,1" doraHai="120" who="2" fromWho="1" sc="265,0,288,-10,248,10,199,0" /><INIT seed="4,0,0,1,5,109" ten="265,278,258,199" oya="0" hai0="44,100,24,23,66,34,26,56,122,36,76,43,25" hai1="121,118,91,22,20,61,59,64,21,27,119,65,107" hai2="128,52,18,102,78,135,57,47,99,50,19,110,94" hai3="38,28,62,101,53,45,132,55,125,133,33,117,2"/><T98/><D122/><U85/><E107/><V69/><F110/><W17/><G2/><T51/><D34/><U120/><E27/><V84/><F69/><W5/><G5/><T67/><D76/><U11/><E11/><V86/><F135/><N who="3" m="51787" /><G117/><T93/><D36/><U14/><E14/><V41/><F128/><W129/><G129/><T114/><D114/><U3/><E3/><V73/><F73/><W83/><G125/><T111/><D111/><U12/><E12/><V71/><F71/><W127/><G127/><T82/><D82/><U123/><REACH who="1" step="1"/><E65/><REACH who="1" ten="265,268,258,199" step="2"/><N who="0" m="24585" /><D56/><U81/><AGARI ba="0,1" hai="20,21,22,59,61,64,81,85,91,118,119,120,121,123" machi="81" ten="40,2700,0" yaku="1,1,0,1,53,0" doraHai="109" doraHaiUra="92" who="1" fromWho="1" sc="265,-13,268,37,258,-7,199,-7" owari="252,5.2,305,40.5,251,-14.9,192,-30.8" /></mjloggm>