<mjloggm ver="2.3"><GO type="225" lobby="0"/><UN n0="%6D%75%75%6D%75%72%61" n1="%73%75%7A%75%72%61%6E%65" n2="%E3%81%82%E3%81%99%E3%81%AB%E3%82%83%E3%82%80" n3="%E3%83%A9%E3%83%BC%E3%83%A1%E3%83%B3%E4%BA%94%E9%83%8E" dan="16,16,16,16" rate="2221.65,2094.79,2092.14,2050.04" sx="F,M,F,M"/><TAIKYOKU oya="0"/><INIT seed="0,0,0,2,4,12" ten="250,250,250,250" oya="0" hai0="38,2,129,20,59,5,113,26,76,24,4,133,74" hai1="7,82,108,105,14,54,42,95,62,88,1,17,116" hai2="41,15,109,40,29,30,115,99,61,43,68,84,57" hai3="11,79,67,21,135,75,112,28,78,3,69,110,102"/><T134/><D113/><U50/><E116/><V83/><F68/><W124/><G112/><T111/><D38/><U53/><E105/><V117/><F109/><W94/><G110/><T31/><D111/><U100/><E108/><V77/><F117/><W125/><G135/><N who="0" m="51723" /><D74/><U90/><E7/><N who="0" m="2633" /><D76/><U122/><E122/><V46/><F46/><W18/><G3/><T93/><D93/><U98/><E1/><V10/><F99/><W58/><G75/><T80/><D59/><N who="1" m="35183" /><E42/><V92/><F92/><W101/><G94/><T23/><D80/><U32/><E32/><V64/><REACH who="2" step="1"/><F115/><REACH who="2" ten="250,250,240,250" step="2"/><W34/><G69/><T8/><D2/><U49/><E82/><V47/><F47/><W56/><G58/><T85/><D129/><U103/><E103/><V37/><F37/><W87/><G56/><T128/><D128/><U6/><E100/><V127/><F127/><W72/><G125/><T130/><D130/><U35/><E98/><V19/><AGARI ba="0,1" hai="10,15,19,29,30,40,41,43,57,61,64,77,83,84" machi="19" ten="30,7900,0" yaku="1,1,0,1,8,1,52,1,53,0" doraHai="12" doraHaiUra="96" who="2" fromWho="2" sc="250,-39,250,-20,240,89,250,-20" /><INIT seed="1,0,0,0,3,45" ten="211,230,329,230" oya="1" hai0="24,30,47,112,3,130,11,122,20,74,129,78,96" hai1="70,113,119,15,63,41,87,57,25,50,59,1,84" hai2="92,36,18,94,22,43,76,40,128,31,79,27,4" hai3="21,126,62,29,85,115,33,116,117,97,120,95,106"/><U71/><E113/><V37/><F128/><N who="0" m="49258" /><D112/><U35/><E1/><V82/><F37/><W38/><G115/><T123/><D96/><U100/><E119/><N who="3" m="45642" /><G120/><N who="0" m="46123" /><D47/><U124/><E124/><V68/><F4/><W14/><G126/><T39/><D39/><U64/><E100/><V55/><F68/><W34/><G38/><T66/><D66/><U135/><E135/><V23/><F55/><W10/><G106/><T132/><D78/><N who="2" m="29738" /><F82/><W56/><G97/><T77/><D77/><U101/><E101/><V44/><F36/><W127/><G127/><T32/><D74/><U111/><E71/><V125/><F125/><W107/><G85/><T60/><D60/><U121/><E87/><V51/><F40/><W69/><G62/><T28/><D132/><U131/><E84/><V80/><F80/><W17/><G69/><T133/><D133/><U83/><E83/><V114/><F114/><W72/><G56/><T46/><D46/><U99/><E57/><V65/><F65/><W134/><G134/><T88/><D88/><U12/><E70/><V73/><F73/><W54/><G72/><T9/><D3/><U7/><E64/><V109/><F109/><W93/><G107/><T16/><D30/><U90/><E63/><V104/><F104/><W19/><G29/><T108/><D108/><U67/><E111/><V8/><F94/><N who="3" m="35851" /><G54/><T58/><D58/><U102/><E59/><V86/><F92/><W61/><G61/><T2/><D2/><U0/><E0/><V48/><F86/><W13/><AGARI ba="0,0" hai="10,13,14,17,19,21,33,34" m="35851,45642" machi="13" ten="30,1100,0" yaku="12,1" doraHai="45" who="3" fromWho="3" sc="211,-3,230,-5,329,-3,230,11" /><INIT seed="2,0,0,0,1,120" ten="208,225,326,241" oya="2" hai0="38,48,124,109,33,75,99,41,12,129,66,13,11" hai1="29,126,35,117,83,54,85,67,68,127,31,70,81" hai2="52,91,106,58,15,122,56,90,96,30,77,55,42" hai3="69,39,49,133,104,21,118,63,25,84,94,40,64"/><V131/><F122/><W112/><G118/><T59/><D75/><U88/><E117/><V123/><F123/><W121/><G121/><T78/><D33/><U71/><E54/><V89/><F131/><W61/><G104/><T79/><D129/><U53/><E53/><V1/><F1/><W37/><G133/><T114/><D114/><U2/><E2/><V7/><F77/><W73/><G73/><T97/><D38/><U93/><E67/><V74/><F74/><W119/><G119/><T98/><D124/><N who="1" m="47659" /><E35/><V10/><F106/><W3/><G3/><T27/><D27/><U115/><E115/><V111/><F42/><W132/><G132/><T100/><D100/><U32/><E32/><V80/><F80/><AGARI ba="0,0" hai="29,31,68,70,71,80,81,83,85,88,93" m="47659" machi="80" ten="40,2600,0" yaku="18,1,54,1" doraHai="120" who="1" fromWho="2" sc="208,0,225,26,326,-26,241,0" /><INIT seed="3,0,0,3,0,92" ten="208,251,300,241" oya="3" hai0="44,127,18,66,54,81,16,77,52,71,63,96,76" hai1="133,48,43,115,22,35,74,61,49,39,19,45,111" hai2="7,121,78,117,113,129,20,116,91,107,32,93,85" hai3="50,13,17,15,94,75,9,104,29,89,40,46,70"/><W10/><G104/><T62/><D127/><U101/><E115/><V124/><F32/><W103/><G75/><T58/><D96/><U34/><E111/><V120/><F113/><W95/><G70/><T12/><D12/><U73/><E61/><V132/><F7/><W6/><G103/><T25/><D25/><U126/><E133/><V130/><F132/><W87/><REACH who="3" step="1"/><G29/><REACH who="3" ten="208,251,300,231" step="2"/><T4/><D4/><U128/><E101/><V134/><F107/><W99/><G99/><T131/><D131/><U51/><E128/><V36/><F130/><W90/><G90/><T3/><D3/><U135/><E135/><V67/><F129/><W119/><G119/><T97/><D97/><U11/><E73/><V1/><F134/><W105/><G105/><T42/><D54/><U118/><E74/><V64/><F117/><W24/><G24/><T86/><REACH who="0" step="1"/><D77/><REACH who="0" ten="198,251,300,231" step="2"/><U69/><E118/><V53/><F78/><W47/><G47/><T55/><D55/><U108/><E45/><V41/><F53/><W38/><G38/><AGARI ba="0,2" hai="16,18,38,42,44,52,58,62,63,66,71,76,81,86" machi="38" ten="30,7700,0" yaku="1,1,7,1,54,2,53,0" doraHai="92" doraHaiUra="31" who="0" fromWho="3" sc="198,97,251,0,300,0,231,-77" owari="295,9.5,251,-14.9,300,40.0,154,-34.6" /></mjloggm>