<mjloggm ver="2.3"><GO type="225" lobby="0"/><UN n0="%E3%81%AF%E3%82%88%E3%81%8A%E3%81%98%E3%81%95%E3%82%93" n1="%6D%75%75%6D%75%72%61" n2="%73%61%6E%64%69%72%69%73" n3="%E7%AD%89%E3%80%85%E5%8A%9B%E5%8A%87%E5%A0%B4" dan="17,16,16,16" rate="2212.24,2116.97,2123.32,2178.04" sx="M,F,M,M"/><TAIKYOKU oya="0"/><INIT seed="0,0,0,0,5,18" ten="250,250,250,250" oya="0" hai0="121,71,126,103,111,23,104,42,2,32,105,16,118" hai1="96,78,49,120,79,100,61,127,19,75,81,95,77" hai2="33,131,109,60,70,76,86,84,129,40,29,39,66" hai3="133,13,1,112,0,24,27,65,51,55,59,52,48"/><T44/><D32/><U82/><E120/><V106/><F109/><W124/><G65/><T91/><D121/><U123/><E123/><V134/><F134/><W22/><G112/><T9/><D118/><U107/><E127/><V97/><F76/><W113/><G113/><T38/><D71/><U26/><E61/><V47/><F86/><W36/><G36/><T115/><D115/><U108/><E108/><V20/><F20/><W110/><G110/><T114/><D114/><U83/><E49/><V102/><F84/><W5/><G133/><T74/><D74/><N who="1" m="43191" /><E19/><V89/><F89/><W128/><G128/><T25/><D111/><U117/><E26/><AGARI ba="0,0" hai="26,29,33,39,40,47,60,66,70,97,102,106,129,131" machi="26" ten="40,8000,1" yaku="25,2,23,2" doraHai="18" who="2" fromWho="1" sc="250,0,250,-80,250,80,250,0" /><INIT seed="1,0,0,0,0,135" ten="250,170,330,250" oya="1" hai0="86,98,2,93,116,6,63,90,3,48,68,41,106" hai1="53,102,46,117,36,9,124,132,34,75,120,12,17" hai2="45,52,78,82,65,28,74,35,57,8,89,37,122" hai3="92,47,13,42,134,95,104,60,54,38,32,18,11"/><U91/><E117/><V51/><F122/><W101/><G32/><T39/><D116/><U88/><E120/><V94/><F35/><W114/><G134/><T131/><D39/><U58/><E132/><V113/><F113/><W96/><G114/><T27/><D131/><U23/><E75/><V87/><F28/><W16/><G18/><T118/><D118/><U44/><E34/><V72/><F8/><W121/><G121/><T80/><D106/><U79/><E79/><V10/><F10/><W125/><G125/><T20/><D6/><U84/><E124/><V26/><F26/><W111/><G111/><T61/><D48/><U40/><E46/><V127/><F127/><W119/><G119/><T55/><D41/><U115/><E115/><V73/><F65/><W31/><G31/><T19/><D68/><U70/><E70/><V62/><REACH who="2" step="1"/><F37/><REACH who="2" ten="250,170,320,250" step="2"/><W123/><G123/><T56/><REACH who="0" step="1"/><D63/><REACH who="0" ten="240,170,320,250" step="2"/><U4/><E4/><V1/><F1/><W107/><G60/><T100/><AGARI ba="0,2" hai="2,3,19,20,27,55,56,61,80,86,90,93,98,100" machi="100" ten="20,5200,0" yaku="1,1,2,1,0,1,7,1,53,0" doraHai="135" doraHaiUra="105" who="0" fromWho="0" sc="240,72,170,-26,320,-13,250,-13" /><INIT seed="2,0,0,3,2,8" ten="312,144,307,237" oya="2" hai0="102,63,40,67,5,62,68,91,43,78,73,81,135" hai1="44,94,9,98,21,120,115,69,13,100,83,24,45" hai2="87,23,66,2,95,82,30,125,75,16,59,92,12" hai3="85,38,55,110,86,93,72,88,54,130,111,53,119"/><V50/><F2/><W71/><G72/><T49/><D135/><U76/><E115/><V129/><F75/><W28/><G119/><T22/><D102/><U52/><E69/><V39/><F39/><W15/><G38/><T32/><D32/><U105/><E120/><V47/><F129/><W126/><G71/><T101/><D101/><U65/><E65/><V25/><F125/><W4/><G28/><T104/><D104/><U116/><E116/><V84/><F59/><W37/><G37/><T114/><D114/><U6/><E105/><V121/><F66/><W29/><G29/><T123/><D123/><U97/><E97/><V35/><F121/><W117/><G117/><T79/><D78/><U96/><E96/><V64/><F64/><W41/><G41/><T113/><D63/><U99/><E99/><V127/><F127/><W58/><G126/><T90/><D5/><U89/><E100/><V107/><F107/><W1/><G1/><T11/><D11/><U56/><E83/><V46/><F46/><W108/><G130/><T31/><D113/><U20/><E76/><V103/><F103/><W42/><G42/><N who="0" m="15915" /><D49/><U80/><E80/><V3/><F3/><W27/><G27/><N who="0" m="16887" /><D91/><U106/><E106/><V74/><F74/><W57/><G86/><N who="2" m="32809" /><F82/><W124/><G124/><T7/><D90/><U122/><E122/><V0/><F0/><W112/><G112/><T36/><D36/><U48/><E20/><N who="2" m="11271" /><F35/><W77/><G77/><T109/><D7/><U132/><E132/><V60/><F60/><W51/><G51/><T19/><D19/><AGARI ba="0,0" hai="6,9,13,19,21,24,44,45,48,52,56,89,94,98" machi="19" ten="30,7700,0" yaku="7,1,8,1,52,1,54,1" doraHai="8" who="1" fromWho="0" sc="312,-77,144,77,307,0,237,0" /><INIT seed="3,0,0,3,1,69" ten="235,221,307,237" oya="3" hai0="25,15,6,126,67,23,8,99,58,4,98,79,53" hai1="114,78,118,19,111,128,31,119,73,45,130,0,59" hai2="132,125,133,16,3,80,51,84,112,62,30,39,52" hai3="27,66,42,121,97,2,7,131,109,41,101,40,11"/><W129/><G121/><T107/><D126/><U122/><E122/><V92/><F112/><W46/><G66/><T124/><D124/><U86/><E0/><V134/><F125/><W85/><G85/><T75/><D107/><U104/><E114/><V88/><F39/><W63/><G63/><N who="0" m="38391" /><D75/><U102/><E73/><V77/><F3/><W56/><G56/><T38/><D38/><U24/><E111/><V48/><F30/><W60/><G60/><T116/><D116/><N who="1" m="44587" /><E19/><V14/><F62/><W106/><G109/><T89/><D79/><U71/><E71/><V95/><F52/><W81/><G81/><T49/><D89/><U105/><E59/><V70/><F70/><W29/><REACH who="3" step="1"/><G46/><REACH who="3" ten="235,221,307,227" step="2"/><N who="0" m="27831" /><D4/><U87/><E45/><V94/><F77/><W17/><G17/><AGARI ba="0,1" hai="6,8,15,17,23,25,98,99" m="27831,38391" machi="17" ten="30,1000,0" yaku="8,1" doraHai="69" who="0" fromWho="3" sc="235,20,221,0,307,0,227,-10" owari="255,5.5,221,-17.9,307,40.7,217,-28.3" /></mjloggm>