<mjloggm ver="2.3"><GO type="225" lobby="0"/><UN n0="%E3%81%A1%E3%82%85%E3%81%86%E3%81%A9%E3%81%8F%E8%B1%A1%E3%81%95%E3%82%93" n1="%E7%9C%9F%E4%B8%80" n2="%33%74%72%65%65" n3="%E3%83%A1%E3%82%AC%E3%83%87%E3%82%B8" dan="17,17,17,16" rate="2159.25,2223.84,2153.40,2098.11" sx="M,M,F,F"/><TAIKYOKU oya="0"/><INIT seed="0,0,0,3,2,47" ten="250,250,250,250" oya="0" hai0="82,15,7,27,35,84,25,40,6,75,45,123,79" hai1="68,32,106,44,121,94,12,95,132,5,131,41,24" hai2="127,50,89,126,87,103,99,14,85,80,17,30,23" hai3="43,60,56,114,73,36,91,116,93,4,133,37,20"/><T100/><D123/><U53/><E121/><V119/><F119/><W34/><G34/><T38/><D100/><U108/><E68/><V112/><F112/><W3/><G73/><T113/><D113/><U31/><E106/><V11/><F85/><W134/><G114/><T62/><D62/><U72/><E72/><V26/><REACH who="2" step="1"/><F50/><REACH who="2" ten="250,250,240,250" step="2"/><W77/><G37/><T52/><D84/><U61/><E108/><V109/><F109/><W81/><G36/><T48/><D35/><U122/><E32/><V57/><F57/><W98/><G56/><T96/><D96/><U83/><E122/><V111/><F111/><W58/><G116/><T130/><D130/><U78/><E131/><V105/><AGARI ba="0,1" hai="11,14,17,23,26,30,80,87,89,99,103,105,126,127" machi="105" ten="30,7900,0" yaku="1,1,0,1,53,2" doraHai="47" doraHaiUra="135" who="2" fromWho="2" sc="250,-39,250,-20,240,89,250,-20" /><INIT seed="1,0,0,5,3,32" ten="211,230,329,230" oya="1" hai0="37,5,121,44,76,22,55,54,86,4,100,66,8" hai1="98,7,6,9,43,45,27,48,90,116,33,105,72" hai2="125,119,106,0,50,25,83,95,129,88,52,99,65" hai3="85,91,101,123,11,18,41,64,13,78,56,135,28"/><U40/><E116/><V34/><F119/><W107/><G135/><T79/><D121/><U16/><E72/><V35/><F129/><W39/><G123/><T74/><D66/><U63/><E43/><V24/><F125/><W19/><G28/><T57/><D4/><U113/><E113/><V109/><F109/><W20/><G78/><T61/><D100/><U59/><E33/><V3/><F106/><W87/><G39/><T14/><D74/><U84/><E105/><V15/><F65/><W53/><G41/><T108/><D108/><U10/><E10/><V127/><F127/><W110/><G64/><T75/><D75/><U97/><E97/><V102/><F35/><W104/><G101/><T60/><D22/><N who="1" m="13767" /><E9/><V69/><F69/><W67/><G87/><T134/><D134/><U103/><E103/><V133/><F133/><W62/><G67/><T42/><REACH who="0" step="1"/><D86/><REACH who="0" ten="201,230,329,230" step="2"/><U120/><E120/><V112/><F102/><W114/><G110/><T130/><D130/><U68/><E68/><V132/><F132/><W26/><REACH who="3" step="1"/><G114/><REACH who="3" ten="201,230,329,220" step="2"/><T81/><D81/><AGARI ba="0,2" hai="11,13,18,19,20,26,53,56,62,81,85,91,104,107" machi="81" ten="30,3900,0" yaku="1,1,2,1,7,1,53,0" doraHai="32" doraHaiUra="124" who="3" fromWho="0" sc="201,-39,230,0,329,0,220,59" /><INIT seed="2,0,0,4,2,130" ten="162,230,329,279" oya="2" hai0="29,33,50,34,64,47,86,83,13,54,81,97,19" hai1="14,9,2,24,109,46,49,1,6,102,103,8,20" hai2="129,16,40,92,125,69,108,123,48,28,11,106,95" hai3="42,135,65,124,62,122,89,44,82,26,126,90,72"/><V36/><F123/><W120/><G26/><T132/><D64/><U21/><E109/><V35/><F106/><W60/><G72/><T43/><D83/><U112/><E112/><V18/><F69/><W25/><G25/><T55/><D97/><U22/><E24/><V74/><F35/><W96/><G96/><T87/><D87/><U121/><E121/><V41/><F28/><W3/><G3/><T76/><D29/><U0/><REACH who="1" step="1"/><E9/><REACH who="1" ten="162,220,329,279" step="2"/><V57/><F11/><W45/><G122/><T71/><D71/><U66/><E66/><V101/><F108/><W61/><G65/><T114/><D114/><U105/><E105/><V5/><F129/><W93/><G120/><T59/><D132/><U68/><E68/><V133/><F133/><W84/><G135/><T115/><D115/><U53/><AGARI ba="0,1" hai="0,1,2,6,8,14,20,21,22,46,49,53,102,103" machi="53" ten="40,2700,0" yaku="1,1,0,1,53,0" doraHai="130" doraHaiUra="116" who="1" fromWho="1" sc="162,-7,220,37,329,-13,279,-7" /><INIT seed="3,0,0,4,0,112" ten="155,257,316,272" oya="3" hai0="43,7,25,118,11,31,40,19,129,92,9,70,126" hai1="34,5,21,104,50,110,91,131,64,95,24,119,58" hai2="57,16,37,83,63,106,45,85,13,99,74,38,73" hai3="18,52,27,102,54,4,81,8,127,96,101,30,61"/><W117/><G117/><T32/><D70/><U33/><E104/><V133/><F133/><W128/><G128/><T130/><D92/><U0/><E131/><N who="0" m="50185" /><D43/><U97/><E119/><V6/><F6/><W94/><G127/><T68/><D68/><U36/><E36/><V125/><F125/><W72/><G18/><T134/><D40/><U23/><E110/><V105/><F45/><W75/><G102/><T47/><D47/><U55/><E64/><V114/><F114/><W12/><G61/><T48/><D48/><U87/><E23/><V121/><F121/><W62/><G62/><T65/><D65/><U49/><E5/><V135/><F135/><W22/><REACH who="3" step="1"/><G81/><REACH who="3" ten="155,257,316,262" step="2"/><T78/><D126/><U29/><E50/><V111/><F63/><W124/><G124/><T86/><D134/><U67/><E67/><V93/><F83/><W76/><G76/><T41/><D78/><U88/><E0/><V59/><F38/><W89/><G89/><T113/><D113/><U1/><E1/><V2/><F37/><W56/><G56/><T17/><D118/><U107/><REACH who="1" step="1"/><E107/><REACH who="1" ten="155,247,316,262" step="2"/><V115/><F105/><W28/><G28/><T14/><D31/><U60/><E60/><V116/><F106/><W120/><G120/><T123/><D123/><U46/><E46/><V35/><F116/><W66/><G66/><T122/><D122/><U51/><E51/><V10/><F115/><W39/><G39/><T109/><D7/><U26/><E26/><V79/><F59/><W84/><G84/><T77/><D86/><U132/><E132/><V42/><F57/><W103/><G103/><RYUUKYOKU ba="0,2" sc="155,-15,247,15,316,-15,262,15" hai1="21,24,29,33,34,49,55,58,87,88,91,95,97" hai3="4,8,12,22,27,30,52,54,72,75,94,96,101" /><INIT seed="3,1,2,0,2,75" ten="140,262,301,277" oya="3" hai0="56,120,43,59,68,100,94,90,51,49,27,133,95" hai1="66,111,17,7,33,81,62,46,42,53,83,36,118" hai2="11,2,63,117,57,0,65,129,64,26,102,77,108" hai3="30,18,82,84,28,112,37,116,134,9,115,71,61"/><W135/><G37/><T67/><D120/><U29/><E111/><V52/><F117/><W69/><G116/><T86/><D133/><N who="3" m="50697" /><G9/><T32/><D68/><N who="3" m="26185" /><G18/><T4/><D4/><U126/><E118/><V73/><F108/><W16/><G16/><T12/><D32/><U132/><E126/><V91/><F11/><W93/><G93/><T39/><D39/><U21/><E132/><V128/><F0/><W92/><G92/><T31/><D12/><U58/><E7/><V60/><F2/><W6/><G61/><N who="0" m="38311" /><D43/><U131/><E29/><N who="3" m="11370" /><G6/><T45/><D59/><U35/><E33/><V23/><F57/><W110/><G110/><T113/><D113/><U55/><E35/><V105/><F26/><W99/><G99/><N who="0" m="59511" /><D45/><U80/><REACH who="1" step="1"/><E131/><REACH who="1" ten="140,252,301,277" step="2"/><V76/><F128/><W24/><G24/><AGARI ba="1,3" hai="17,21,24,36,42,46,53,55,58,62,66,80,81,83" machi="24" ten="40,2600,0" yaku="1,1,2,1,53,0" doraHai="75" doraHaiUra="103" who="1" fromWho="3" sc="140,0,252,59,301,0,277,-29" owari="140,-36.0,311,41.1,301,10.1,248,-15.2" /></mjloggm>