<mjloggm ver="2.3"><GO type="225" lobby="0"/><UN n0="%E8%81%B7%E6%A5%AD%E3%80%81%E9%A2%A8%32" n1="%E3%81%AF%E3%82%88%E3%81%8A%E3%81%98%E3%81%95%E3%82%93" n2="%E6%97%A5%E6%9B%9C%E6%97%A5%E3%82%88%E3%82%8A%E3%81%AE%E4%BD%BF%E8%80%85" n3="%6D%75%75%6D%75%72%61" dan="16,16,17,16" rate="2098.43,2199.08,2204.11,2083.27" sx="M,M,M,F"/><TAIKYOKU oya="0"/><INIT seed="0,0,0,3,0,69" ten="250,250,250,250" oya="0" hai0="14,105,92,102,84,41,133,18,88,116,43,94,2" hai1="79,109,7,26,44,89,31,113,77,130,25,28,118" hai2="97,50,46,10,117,30,20,61,104,65,107,112,87" hai3="128,39,74,27,115,13,122,70,100,17,66,91,121"/><T9/><D116/><U98/><E118/><V48/><F117/><W124/><G115/><T134/><D2/><U63/><E113/><V135/><F112/><W12/><G74/><T11/><D11/><U131/><E109/><V76/><F135/><N who="0" m="51722" /><D105/><U47/><E63/><V22/><F10/><W126/><G100/><T71/><D71/><U1/><E89/><V5/><F5/><W58/><G70/><T82/><D102/><U72/><E98/><V23/><F30/><W42/><G128/><T32/><D32/><U57/><E57/><V35/><F35/><W15/><G91/><T34/><D34/><U54/><E54/><V55/><F97/><W45/><G58/><T4/><D4/><U36/><E7/><V51/><F107/><W90/><G90/><T3/><D3/><U59/><E59/><N who="2" m="37055" /><F104/><W85/><G85/><T75/><D75/><U64/><E72/><V53/><F46/><W86/><G66/><T81/><D81/><AGARI ba="0,0" hai="20,22,23,48,50,51,53,55,76,81,87" m="37055" machi="81" ten="30,1000,0" yaku="8,1" doraHai="69" who="2" fromWho="0" sc="250,-10,250,0,250,10,250,0" /><INIT seed="1,0,0,4,0,79" ten="240,250,260,250" oya="1" hai0="84,98,104,7,33,52,29,112,132,122,18,131,40" hai1="118,15,73,91,67,90,17,76,46,126,22,74,48" hai2="70,86,63,120,135,105,124,60,1,59,50,6,42" hai3="97,16,114,53,64,121,10,69,75,81,14,8,35"/><U109/><E118/><V83/><F120/><W55/><G121/><T21/><D112/><U102/><E126/><V12/><F105/><W31/><G114/><T80/><D122/><U113/><E113/><V66/><F124/><W43/><G43/><T44/><D131/><U20/><E109/><V101/><F101/><W37/><G37/><T125/><D125/><U38/><E38/><V107/><F107/><W27/><G97/><T61/><D132/><U4/><E67/><V77/><F135/><W23/><G69/><T116/><D116/><U128/><E128/><V11/><F1/><W111/><G64/><T92/><D104/><U68/><E68/><V28/><F28/><W51/><G111/><T0/><D33/><U103/><E4/><V54/><F42/><W9/><REACH who="3" step="1"/><G51/><REACH who="3" ten="240,250,260,240" step="2"/><N who="0" m="28775" /><D40/><U130/><E130/><V32/><F50/><W58/><G58/><T25/><D61/><U100/><E48/><V72/><REACH who="2" step="1"/><F32/><REACH who="2" ten="240,250,250,240" step="2"/><W39/><G39/><T34/><D34/><U119/><E119/><V57/><F57/><W133/><G133/><T99/><D0/><U127/><E127/><V123/><F123/><W56/><G56/><T19/><D7/><U45/><E46/><V71/><F71/><W30/><G30/><T115/><D115/><U24/><E45/><V65/><F65/><W95/><G95/><T49/><D92/><U85/><E103/><V110/><F110/><W129/><G129/><T82/><D49/><U5/><E102/><V96/><F96/><N who="0" m="36906" /><D82/><N who="1" m="47303" /><E100/><V134/><F134/><W2/><G2/><T13/><D29/><N who="1" m="17543" /><E5/><V41/><F41/><W26/><G26/><RYUUKYOKU ba="0,2" sc="240,-30,250,10,250,10,240,10" hai1="15,17,22,73,74,90,91" hai2="6,11,12,54,59,60,63,66,70,72,77,83,86" hai3="8,9,10,14,16,23,27,31,35,53,55,75,81" /><INIT seed="1,1,2,0,4,123" ten="210,260,260,250" oya="1" hai0="37,134,6,17,35,65,108,69,45,67,27,113,21" hai1="1,101,19,118,62,54,135,107,72,56,77,79,57" hai2="84,40,122,114,126,129,89,74,33,71,80,121,119" hai3="15,130,75,105,63,83,125,24,12,68,52,18,2"/><U53/><E118/><V25/><F119/><W116/><G116/><T97/><D113/><U36/><E36/><V50/><F71/><W81/><G2/><T0/><D134/><U8/><E135/><V73/><F114/><W5/><G105/><T66/><D69/><U115/><E115/><V86/><F33/><W103/><G125/><T32/><D108/><U48/><E72/><N who="2" m="27755" /><F25/><W11/><G130/><T26/><D26/><U87/><E107/><V131/><F50/><W78/><G103/><T120/><D120/><N who="2" m="46186" /><F40/><W133/><G133/><T132/><D132/><U91/><E101/><V102/><F102/><W64/><G83/><T30/><D97/><U76/><E1/><V28/><F28/><W61/><G24/><T98/><D98/><U127/><E127/><V22/><F22/><W124/><G124/><T109/><D109/><U44/><E57/><V128/><F126/><W88/><G88/><T9/><D35/><U93/><E8/><V10/><F10/><W4/><REACH who="3" step="1"/><G15/><REACH who="3" ten="210,260,260,240" step="2"/><N who="0" m="9407" /><D37/><U47/><E79/><N who="2" m="46111" /><F131/><W3/><G3/><T29/><D29/><U38/><E77/><V46/><F46/><AGARI ba="1,3" hai="0,6,9,27,30,32,45,46,65,66,67" m="9407" machi="46" ten="30,1000,0" yaku="24,1" doraHai="123" who="0" fromWho="2" sc="210,43,260,0,260,-13,240,0" /><INIT seed="2,0,0,2,5,71" ten="253,260,247,240" oya="2" hai0="53,91,48,39,113,34,121,109,8,117,6,100,23" hai1="95,20,88,36,16,21,115,54,14,67,78,35,43" hai2="134,98,85,2,31,77,114,81,116,45,73,38,60" hai3="40,72,130,68,44,64,108,25,19,1,124,80,118"/><V120/><F114/><W55/><G118/><T87/><D34/><U75/><E115/><V93/><F116/><W32/><G108/><T126/><D117/><U122/><E35/><V49/><F120/><W5/><G130/><T4/><D109/><U131/><E131/><V90/><F134/><W70/><G55/><T129/><D113/><U46/><E122/><V59/><F2/><W125/><G5/><T132/><D132/><U33/><E33/><V84/><F31/><N who="3" m="19567" /><G19/><T111/><D111/><U65/><E21/><V69/><F69/><N who="3" m="26731" /><G64/><T112/><D6/><U3/><E3/><V37/><F84/><W7/><G7/><T62/><D4/><U86/><REACH who="1" step="1"/><E54/><REACH who="1" ten="253,250,247,240" step="2"/><V28/><F28/><W26/><G1/><T58/><D53/><U30/><E30/><V102/><F60/><W119/><G119/><T83/><D62/><U82/><AGARI ba="0,1" hai="14,16,20,36,43,46,65,67,75,78,82,86,88,95" machi="82" ten="30,8000,1" yaku="1,1,0,1,52,1,54,2,53,0" doraHai="71" doraHaiUra="52" who="1" fromWho="1" sc="253,-20,250,90,247,-40,240,-20" /><INIT seed="3,0,0,3,5,86" ten="233,340,207,220" oya="3" hai0="95,112,17,87,43,8,133,111,121,128,117,33,6" hai1="28,129,12,102,84,106,47,29,92,1,55,44,123" hai2="74,110,67,127,0,98,131,27,134,13,57,78,116" hai3="18,108,76,45,124,120,77,75,9,2,60,90,113"/><W19/><G113/><T80/><D121/><U16/><E1/><V20/><F0/><W94/><G120/><T65/><D117/><U52/><E123/><V31/><F116/><W73/><G124/><T104/><D104/><U72/><E72/><V122/><F122/><W61/><G108/><T42/><D33/><U69/><E69/><V7/><F127/><W3/><G45/><N who="1" m="17482" /><E106/><V41/><F110/><W21/><G21/><T100/><D65/><U10/><E129/><V135/><F41/><W89/><G94/><T83/><D6/><U63/><E84/><V48/><F131/><W107/><G107/><T22/><D8/><AGARI ba="0,0" hai="2,3,8,9,18,19,60,61,73,75,76,77,89,90" machi="8" ten="25,9600,0" yaku="22,2,52,2" doraHai="86" who="3" fromWho="0" sc="233,-96,340,0,207,0,220,96" /><INIT seed="3,1,0,2,4,60" ten="137,340,207,316" oya="3" hai0="0,74,76,102,34,6,20,21,97,28,55,126,120" hai1="9,7,100,129,42,2,30,87,27,110,106,17,13" hai2="124,23,70,39,112,62,133,37,72,89,119,26,43" hai3="85,64,79,116,18,88,24,61,16,94,48,113,59"/><W86/><G113/><T95/><D120/><U80/><E110/><V68/><F72/><W78/><G116/><T40/><D126/><U96/><E129/><V75/><F75/><W108/><G108/><T91/><D40/><U99/><E42/><V132/><F112/><W1/><G1/><T4/><D34/><U11/><E99/><V51/><F89/><N who="3" m="53551" /><G48/><T128/><D128/><U134/><E134/><V56/><F23/><N who="3" m="13415" /><G18/><T25/><D0/><U32/><E87/><V105/><F26/><W54/><G54/><T38/><D38/><N who="2" m="14346" /><F105/><W123/><G123/><T53/><D74/><U127/><E80/><AGARI ba="1,0" hai="59,61,64,78,79,80,86,88" m="13415,53551" machi="80" ten="30,11600,0" yaku="8,1,52,1,54,2" doraHai="60" who="3" fromWho="1" sc="137,0,340,-119,207,0,316,119" owari="137,-36.3,221,2.1,207,-19.3,435,53.5" /></mjloggm>