<mjloggm ver="2.3"><GO type="225" lobby="0"/><UN n0="%E6%80%AA%E3%81%97%E3%81%99%E3%81%8E%E3%82%8B%E3%83%81%E3%83%BC" n1="%E3%83%AD%E3%83%83%E3%83%86%E9%9B%80%E7%90%83" n2="%E9%89%A2%E5%B7%BB%E3%82%AC%E3%83%96" n3="%4C%4F%4C%49%54%41" dan="16,17,16,16" rate="2141.79,2270.61,2051.27,2210.50" sx="M,M,M,F"/><TAIKYOKU oya="0"/><INIT seed="0,0,0,4,5,85" ten="250,250,250,250" oya="0" hai0="68,133,89,65,77,127,1,82,108,18,25,12,69" hai1="9,19,50,20,90,78,23,116,100,49,16,2,91" hai2="39,110,132,34,33,135,125,128,4,99,101,0,80" hai3="35,42,24,126,111,36,112,60,97,6,131,26,83"/><T71/><D1/><U66/><E116/><V38/><F110/><W81/><G112/><T96/><D108/><U32/><E32/><N who="2" m="12395" /><F80/><W59/><G111/><T56/><D127/><U30/><E2/><V117/><F125/><W92/><G131/><T114/><D114/><U98/><E78/><V29/><F29/><W104/><G104/><T7/><D133/><N who="2" m="51274" /><F128/><W11/><G36/><T123/><D123/><U94/><E66/><V8/><F117/><W10/><G42/><T102/><D25/><N who="3" m="9833" /><G35/><T57/><D7/><U107/><E30/><V14/><F14/><N who="3" m="5463" /><G11/><T121/><D121/><U27/><E23/><V113/><F113/><W88/><G126/><T62/><D57/><U119/><E119/><V13/><F13/><W31/><G31/><T134/><D134/><U105/><E105/><AGARI ba="0,0" hai="0,4,8,38,39,99,101,105" m="51274,12395" machi="105" ten="30,2000,0" yaku="20,1,23,1" doraHai="85" who="2" fromWho="1" sc="250,0,250,-20,250,20,250,0" /><INIT seed="1,0,0,2,1,93" ten="250,230,270,250" oya="1" hai0="88,84,68,40,98,22,135,90,77,119,97,81,105" hai1="21,48,16,126,91,30,130,20,56,104,134,70,1" hai2="64,114,17,109,37,49,13,42,131,63,29,54,117" hai3="44,69,86,115,83,31,34,110,46,66,15,67,7"/><U12/><E70/><V38/><F29/><W76/><G115/><T92/><D68/><U120/><E1/><V74/><F74/><W116/><G110/><T25/><D119/><U71/><E71/><N who="2" m="42399" /><F117/><W53/><G116/><T72/><D135/><U132/><E120/><V87/><F87/><W11/><G69/><T75/><D40/><U60/><E126/><V95/><F95/><W85/><G34/><T73/><D22/><U61/><E130/><V89/><F89/><N who="0" m="34410" /><D25/><N who="1" m="16687" /><E104/><V4/><F4/><W41/><G31/><T47/><D47/><N who="3" m="17961" /><G41/><T65/><D65/><U3/><E3/><V58/><F38/><W96/><G85/><N who="0" m="48303" /><D105/><U51/><E61/><V79/><F42/><W59/><G66/><T2/><D2/><U94/><E134/><V8/><F37/><W5/><G67/><T32/><D32/><U50/><E132/><V57/><F114/><W0/><G0/><T82/><D92/><U35/><E35/><V78/><F58/><W39/><G39/><T52/><D52/><N who="1" m="31775" /><E60/><V122/><F54/><W19/><G53/><T127/><D127/><U102/><E102/><V121/><F57/><W80/><G59/><T113/><D113/><U28/><E28/><V123/><F49/><W129/><G129/><T26/><D26/><U6/><E6/><V62/><F62/><W112/><G112/><T27/><D27/><U118/><E118/><V107/><F131/><W33/><G33/><T101/><D101/><U18/><E18/><V45/><F107/><W9/><G19/><T128/><D128/><U133/><E133/><V100/><F100/><W108/><G5/><RYUUKYOKU ba="0,0" sc="250,15,230,15,270,-15,250,-15" hai0="72,73,75,82,84,97,98" hai1="12,16,20,48,50,91,94" /><INIT seed="1,1,0,5,4,115" ten="265,245,255,235" oya="1" hai0="44,62,37,6,58,22,40,126,60,46,117,63,128" hai1="34,55,91,122,66,96,33,77,29,7,102,19,56" hai2="104,133,113,130,12,73,98,64,8,23,82,132,80" hai3="108,94,42,3,114,5,93,90,27,74,112,17,49"/><U72/><E122/><V109/><F113/><W54/><G74/><T16/><D117/><U125/><E125/><V1/><F109/><W65/><G108/><T121/><D126/><U70/><E91/><V129/><F64/><W21/><G42/><T57/><D121/><U47/><E47/><V85/><F23/><W86/><G65/><T124/><D124/><U131/><E131/><N who="2" m="50187" /><F1/><W25/><G3/><T0/><D128/><U51/><E7/><V61/><F61/><W84/><G5/><T100/><D100/><U10/><E10/><V68/><F68/><W120/><G120/><T127/><D127/><U135/><E19/><V134/><F73/><W119/><G119/><T83/><D83/><N who="2" m="31786" /><F85/><W14/><G112/><T28/><D28/><U71/><E77/><V36/><F36/><W59/><G114/><T67/><D67/><U105/><E72/><V39/><F39/><W92/><REACH who="3" step="1"/><G84/><REACH who="3" ten="265,245,255,225" step="2"/><T111/><D111/><U99/><E66/><V38/><F38/><W41/><G41/><N who="0" m="22575" /><D6/><U116/><E116/><V15/><F8/><W123/><G123/><T95/><D0/><U50/><E71/><V26/><F134/><W69/><G69/><T79/><D40/><U48/><E70/><V18/><F133/><W78/><G78/><T53/><D79/><U13/><E135/><V76/><F76/><W89/><G89/><T81/><D81/><AGARI ba="1,1" hai="14,17,21,25,27,49,54,59,81,86,90,92,93,94" machi="81" ten="40,2600,0" yaku="1,1,8,1,53,0" doraHai="115" doraHaiUra="24" who="3" fromWho="0" sc="265,-29,245,0,255,0,225,39" /><INIT seed="2,0,0,1,1,128" ten="236,245,255,264" oya="2" hai0="70,92,89,20,55,123,24,134,4,85,73,109,102" hai1="87,26,115,77,122,80,1,69,116,49,47,103,135" hai2="132,124,43,130,63,131,67,30,9,35,38,91,27" hai3="0,94,39,101,111,119,36,25,106,22,32,110,118"/><V50/><F124/><W71/><G0/><T46/><D123/><U19/><E116/><V117/><F117/><W88/><G71/><T75/><D70/><U96/><E115/><V97/><F38/><N who="3" m="14379" /><G32/><T11/><D109/><N who="3" m="41481" /><G101/><T74/><D134/><U114/><E135/><V62/><F132/><W66/><G66/><T42/><D102/><U48/><E114/><V45/><F9/><W121/><G106/><T44/><D55/><U82/><E1/><V59/><REACH who="2" step="1"/><F63/><REACH who="2" ten="236,245,245,264" step="2"/><W13/><G121/><T112/><D112/><U86/><E122/><V107/><F107/><W14/><G118/><T95/><D11/><U126/><E126/><V76/><F76/><W64/><G119/><T65/><D4/><U81/><E77/><V5/><F5/><W10/><G10/><T41/><D65/><U34/><E69/><V60/><F60/><W78/><G64/><T52/><D75/><U56/><E49/><V84/><F84/><N who="3" m="52487" /><G78/><T61/><D74/><U113/><E113/><V129/><F129/><W28/><AGARI ba="0,1" hai="13,14,22,25,28" m="52487,41481,14379" machi="28" ten="30,2000,0" yaku="14,1,54,1" doraHai="128" who="3" fromWho="3" sc="236,-5,245,-5,245,-10,264,30" /><INIT seed="3,0,0,3,4,119" ten="231,240,235,294" oya="3" hai0="24,25,120,9,39,124,113,71,66,131,32,30,64" hai1="49,2,86,18,104,82,114,81,102,70,31,47,123" hai2="21,116,61,106,126,77,55,109,98,44,26,56,107" hai3="133,14,12,91,95,69,76,33,74,92,85,17,117"/><W46/><G117/><T78/><D120/><U52/><E123/><V27/><F116/><W50/><G33/><T79/><D39/><U72/><E114/><V135/><F109/><W84/><G69/><T16/><D113/><U58/><E70/><V130/><F130/><W67/><G74/><T48/><D131/><U59/><E2/><V132/><F77/><W90/><G133/><N who="2" m="51273" /><F126/><W129/><G129/><T22/><D124/><U8/><E72/><V45/><F27/><W97/><G67/><T54/><D9/><U101/><E31/><N who="2" m="17871" /><F98/><N who="3" m="57623" /><G76/><T128/><D128/><U3/><E3/><V88/><F88/><W100/><G91/><T11/><D11/><U0/><E0/><V65/><F65/><W83/><G83/><T29/><D66/><U68/><E82/><V94/><F94/><W105/><G105/><AGARI ba="0,0" hai="44,45,55,56,61,105,106,107" m="17871,51273" machi="105" ten="30,1000,0" yaku="20,1" doraHai="119" who="2" fromWho="3" sc="231,0,240,0,235,10,294,-10" /><INIT seed="4,0,0,4,5,126" ten="231,240,245,284" oya="0" hai0="36,79,21,67,38,134,103,57,76,50,30,49,73" hai1="86,80,128,2,39,1,133,40,124,41,45,25,115" hai2="91,53,113,54,111,99,100,34,75,114,131,17,16" hai3="89,123,82,4,48,101,108,95,122,63,55,93,106"/><T65/><D134/><U22/><E124/><V104/><F111/><W77/><G108/><T60/><D73/><U70/><E70/><V105/><F34/><W32/><G32/><T8/><D8/><U109/><E109/><V69/><F69/><W26/><G106/><T84/><D38/><U90/><E133/><V66/><F75/><W61/><G4/><T118/><D36/><U6/><E41/><V29/><F91/><W94/><G101/><T59/><D118/><U83/><E115/><V127/><F99/><W121/><G26/><N who="0" m="16719" /><D103/><U92/><E128/><V96/><F100/><W46/><REACH who="3" step="1"/><G89/><REACH who="3" ten="231,240,245,274" step="2"/><T23/><D79/><U87/><E6/><V9/><F105/><W129/><G129/><T119/><D119/><U31/><E92/><V0/><F131/><W11/><G11/><T52/><D23/><U71/><E22/><V44/><F9/><W102/><G102/><T12/><D12/><U110/><E110/><V85/><F104/><W3/><G3/><T125/><D125/><U51/><E1/><V37/><F0/><W15/><G15/><T18/><D18/><U81/><E2/><V117/><F17/><W5/><G5/><T112/><D112/><U47/><E25/><V107/><F113/><W74/><AGARI ba="0,1" hai="46,48,55,61,63,74,77,82,93,94,95,121,122,123" machi="74" ten="40,5200,0" yaku="1,1,0,1,13,1,53,0" doraHai="126" doraHaiUra="97" who="3" fromWho="3" sc="231,-26,240,-13,245,-13,274,62" owari="205,-29.5,227,-17.3,232,3.2,336,43.6" /></mjloggm>