<mjloggm ver="2.3"><GO type="225" lobby="0"/><UN n0="%30%2E%31%32%30" n1="%72%69%6F%75%63%68%61%6E" n2="%E3%81%9F%E3%81%A3%E3%81%A1%E3%82%87" n3="%E3%83%B4%E3%83%A0%EF%BC%99%E3%81%A6" dan="16,17,16,17" rate="2063.09,2214.86,2063.39,2253.68" sx="M,M,M,M"/><TAIKYOKU oya="0"/><INIT seed="0,0,0,1,4,78" ten="250,250,250,250" oya="0" hai0="64,91,105,1,32,35,69,85,97,15,53,30,75" hai1="46,60,27,47,99,129,115,94,50,19,93,26,44" hai2="41,107,116,103,37,5,101,54,109,55,117,132,81" hai3="63,31,92,58,4,88,76,119,128,126,8,100,56"/><T59/><D75/><U106/><E129/><V6/><F109/><W62/><G128/><T48/><D1/><U28/><E115/><V111/><F111/><W34/><G119/><N who="2" m="45641" /><F37/><W14/><G100/><N who="2" m="38473" /><F41/><W82/><G126/><T84/><D105/><U38/><E38/><V89/><F107/><W43/><G43/><T130/><D130/><U90/><E106/><V21/><F21/><W11/><G11/><T67/><D35/><U112/><E112/><V7/><F132/><W83/><G76/><T23/><D32/><U18/><E93/><V24/><F24/><W10/><G10/><T121/><D121/><U0/><E0/><V72/><F89/><W68/><G68/><T123/><D123/><U40/><E60/><N who="3" m="23082" /><G31/><T29/><D69/><U73/><E73/><V102/><N who="2" m="38481" /><V87/><DORA hai="2" /><F87/><N who="0" m="33354" /><D30/><U70/><E70/><V74/><F81/><N who="3" m="30731" /><G34/><T66/><D29/><U52/><E40/><V98/><F72/><W39/><G39/><T113/><D113/><U22/><REACH who="1" step="1"/><E18/><REACH who="1" ten="250,240,250,250" step="2"/><V13/><F74/><W127/><G127/><T36/><D36/><U135/><E135/><V125/><F125/><W95/><G95/><N who="0" m="56575" /><D67/><U51/><E51/><V79/><F79/><W45/><G92/><T134/><D134/><U25/><E25/><V86/><F98/><W42/><G88/><T61/><D48/><U20/><AGARI ba="0,1" hai="19,20,22,26,27,28,44,46,47,50,52,90,94,99" machi="20" ten="20,12000,2" yaku="1,1,0,1,7,1,8,1,54,1,53,2" doraHai="78,2" doraHaiUra="96,16" who="1" fromWho="1" sc="250,-60,240,130,250,-30,250,-30" /><INIT seed="1,0,0,1,0,53" ten="190,370,220,220" oya="1" hai0="64,19,112,18,87,101,60,135,73,83,131,33,54" hai1="99,11,50,89,74,17,117,39,114,72,103,109,12" hai2="66,94,57,20,119,120,126,70,26,105,125,71,37" hai3="116,133,15,38,68,130,7,134,41,34,90,122,62"/><U29/><E114/><V63/><F105/><W100/><G122/><T6/><D112/><U67/><E117/><V77/><F119/><W124/><G116/><T28/><D131/><U24/><E39/><V13/><F120/><W0/><G130/><T108/><D108/><U21/><E109/><V85/><F37/><W43/><G0/><T42/><D135/><U23/><E89/><N who="2" m="53551" /><F13/><W22/><G34/><T80/><D42/><U86/><E86/><V132/><F77/><W81/><G100/><T10/><D101/><U9/><E67/><V69/><F132/><W102/><G102/><T46/><D73/><U88/><E88/><V58/><F63/><W111/><G124/><N who="2" m="47721" /><F66/><W61/><G38/><T25/><D80/><U32/><E50/><V97/><F97/><W121/><G121/><T107/><D107/><U27/><E9/><V92/><F92/><W52/><G111/><T128/><D128/><U65/><E65/><V78/><F78/><W98/><G81/><T96/><D96/><U110/><E110/><V16/><AGARI ba="0,0" hai="16,20,26,57,58,69,70,71" m="47721,53551" machi="16" ten="40,8000,1" yaku="18,1,52,2,54,1" doraHai="53" who="2" fromWho="2" sc="190,-20,370,-40,220,80,220,-20" /><INIT seed="2,0,0,4,2,87" ten="170,330,300,200" oya="2" hai0="33,100,70,92,56,68,20,118,45,16,132,65,34" hai1="77,51,44,31,69,106,41,86,57,88,26,39,111" hai2="35,22,71,67,58,2,114,78,14,37,94,117,122" hai3="28,3,27,40,89,109,6,115,54,13,131,113,4"/><V10/><F114/><N who="3" m="43531" /><G40/><T62/><D132/><U124/><E111/><V95/><F35/><N who="3" m="20895" /><G54/><T11/><D118/><U133/><E124/><V85/><F37/><W126/><G109/><T96/><D11/><U79/><E133/><V12/><F58/><W46/><G46/><T25/><REACH who="0" step="1"/><D45/><REACH who="0" ten="160,330,300,200" step="2"/><U64/><E44/><V1/><F10/><N who="3" m="2335" /><G126/><T81/><D81/><U53/><E39/><V0/><F117/><W103/><G103/><T82/><D82/><U47/><E106/><V129/><F78/><W127/><G127/><T48/><D48/><U134/><E134/><V23/><F129/><W112/><G89/><T90/><D90/><U76/><E47/><V60/><F122/><W123/><G112/><T83/><D83/><N who="1" m="49247" /><E41/><V50/><F50/><W116/><G116/><T29/><D29/><U104/><E104/><V119/><F119/><W55/><G131/><T59/><D59/><N who="1" m="33215" /><E69/><AGARI ba="0,1" hai="16,20,25,33,34,56,62,65,68,69,70,92,96,100" machi="69" ten="40,8000,1" yaku="1,1,54,1,53,2" doraHai="87" doraHaiUra="30" who="0" fromWho="1" sc="160,90,330,-80,300,0,200,0" /><INIT seed="3,0,0,1,5,86" ten="250,250,300,200" oya="3" hai0="11,112,27,116,45,24,106,56,74,82,14,28,135" hai1="25,132,32,70,133,9,79,58,76,63,20,30,128" hai2="10,26,89,134,7,83,100,121,41,44,77,18,99" hai3="46,110,94,17,91,53,92,2,129,0,120,31,8"/><W35/><G120/><T124/><D116/><U42/><E128/><V103/><F134/><N who="1" m="51817" /><E70/><V38/><F18/><W102/><G129/><T62/><D135/><U3/><E42/><V75/><F26/><W65/><G65/><T126/><D112/><U117/><E117/><V78/><F78/><N who="1" m="29737" /><E3/><N who="2" m="383" /><F121/><W81/><G31/><T90/><D74/><U108/><E108/><V29/><F29/><W54/><G35/><T111/><D111/><U60/><E9/><V1/><F1/><N who="3" m="619" /><G54/><T114/><D114/><U22/><E60/><V73/><F73/><W80/><G110/><T16/><D106/><U50/><E50/><V59/><F59/><W40/><G40/><T98/><D124/><U34/><E34/><V36/><F36/><W115/><G115/><T6/><D126/><U88/><E88/><V52/><F52/><AGARI ba="0,0" hai="20,22,25,30,32,52,58,63" m="29737,51817" machi="52" ten="30,2000,0" yaku="20,1,54,1" doraHai="86" who="1" fromWho="2" sc="250,0,250,20,300,-20,200,0" /><INIT seed="4,0,0,3,2,113" ten="250,270,280,200" oya="0" hai0="105,77,56,128,71,64,32,123,30,20,19,116,74" hai1="108,97,104,49,45,72,106,11,13,76,107,84,4" hai2="14,59,98,110,51,2,67,44,100,83,39,91,133" hai3="69,65,101,131,82,79,3,88,21,135,81,16,55"/><T0/><D123/><U73/><E108/><V36/><F2/><W115/><G3/><T92/><D105/><U9/><E97/><V68/><F110/><W52/><G115/><T35/><D0/><U42/><REACH who="1" step="1"/><E11/><REACH who="1" ten="250,260,280,200" step="2"/><V93/><F133/><W53/><G135/><T58/><D128/><U78/><E78/><V75/><F98/><W63/><G131/><T60/><D77/><U134/><E134/><V6/><F100/><W33/><G101/><T90/><D116/><U80/><AGARI ba="0,1" hai="4,9,13,42,45,49,72,73,76,80,84,104,106,107" machi="80" ten="40,8000,1" yaku="1,1,0,1,25,2,53,0" doraHai="113" doraHaiUra="95" who="1" fromWho="1" sc="250,-40,260,90,280,-20,200,-20" owari="210,-19.0,350,45.0,260,6.0,180,-32.0" /></mjloggm>