<mjloggm ver="2.3"><GO type="225" lobby="0"/><UN n0="%E2%98%86%E5%B0%8F%E5%AD%A6%E7%94%B7%E7%94%9F%E2%98%86" n1="%72%69%6F%75%63%68%61%6E" n2="%E3%81%A4%E3%81%A3%E3%81%B1%E3%82%8A%E3%83%9D%E3%83%BC%E3%83%AB" n3="%E3%81%AA%E3%82%81%E3%81%93%E9%9B%80%E5%A3%AB" dan="16,16,17,16" rate="2129.01,2157.54,2200.10,2066.60" sx="M,M,M,M"/><TAIKYOKU oya="0"/><INIT seed="0,0,0,3,5,2" ten="250,250,250,250" oya="0" hai0="112,36,126,23,20,56,40,32,65,117,49,127,85" hai1="81,63,125,103,14,123,114,109,95,64,61,131,60" hai2="135,108,11,74,48,57,55,110,104,97,89,10,115" hai3="58,84,26,124,100,53,94,79,8,51,73,31,66"/><T99/><D112/><U17/><E123/><V98/><F115/><W111/><G111/><N who="2" m="42537" /><F135/><W90/><G124/><N who="0" m="47659" /><D32/><U15/><E109/><V70/><F70/><W133/><G133/><T69/><D117/><U27/><E125/><V82/><F104/><W42/><G100/><T77/><D99/><N who="2" m="37898" /><F89/><W0/><G73/><T6/><D36/><U134/><E131/><V33/><F33/><W91/><G66/><T76/><D69/><U25/><E134/><V7/><F7/><W93/><G79/><AGARI ba="0,0" hai="10,11,48,55,57,74,79,82" m="37898,42537" machi="79" ten="30,1000,0" yaku="14,1" doraHai="2" who="2" fromWho="3" sc="250,0,250,0,250,10,250,-10" /><INIT seed="1,0,0,0,0,31" ten="250,250,260,240" oya="1" hai0="38,106,25,101,60,86,44,55,24,49,1,14,3" hai1="88,94,12,27,113,82,15,109,117,98,37,84,28" hai2="123,90,92,135,45,52,125,65,58,69,118,29,114" hai3="85,59,102,6,2,26,57,104,7,62,61,30,43"/><U67/><E113/><V17/><F118/><W127/><G127/><T91/><D38/><U23/><E117/><V34/><F123/><W11/><G7/><T5/><D101/><U97/><E37/><V66/><F125/><W72/><G72/><T78/><D106/><U73/><E109/><V81/><F81/><W134/><G134/><T63/><D78/><U131/><E131/><V100/><F100/><W126/><G126/><T40/><D1/><U56/><E73/><V93/><F114/><W111/><G43/><T103/><D3/><U19/><E19/><V54/><F135/><W18/><G18/><T83/><D103/><N who="1" m="60855" /><E98/><V124/><F69/><W110/><G85/><T0/><D0/><U105/><E105/><V75/><F75/><W77/><G77/><T50/><D14/><U51/><E51/><N who="2" m="28783" /><F92/><W35/><G102/><T133/><D5/><U99/><E99/><N who="2" m="57783" /><F124/><W96/><G96/><T74/><D74/><U116/><E116/><V95/><F95/><W87/><G87/><T132/><D132/><U122/><E122/><V76/><F76/><W22/><G104/><T41/><D133/><U8/><E8/><V47/><F17/><W16/><G62/><AGARI ba="0,0" hai="12,15,23,27,28,56,62,67,82,84,88" m="60855" machi="62" ten="30,5800,0" yaku="25,1,8,1,54,1" doraHai="31" who="1" fromWho="3" sc="250,0,250,58,260,0,240,-58" /><INIT seed="1,1,0,5,3,10" ten="250,308,260,182" oya="1" hai0="91,4,5,127,23,18,90,103,49,133,35,84,61" hai1="106,87,17,112,9,109,111,43,107,123,89,94,42" hai2="115,114,88,28,34,15,79,41,78,7,30,126,77" hai3="132,39,76,68,46,73,101,125,119,1,45,52,33"/><U82/><E112/><N who="2" m="43051" /><F126/><W50/><G1/><T130/><D35/><U105/><E123/><V98/><F41/><W81/><G33/><T13/><D127/><U21/><E9/><N who="2" m="4543" /><F34/><W65/><G125/><T26/><D130/><U117/><E117/><V60/><F60/><W134/><G119/><T92/><D133/><N who="3" m="51305" /><G101/><T48/><D103/><U113/><E113/><V19/><F19/><W64/><G68/><T20/><D61/><U71/><E71/><V58/><F58/><W54/><G54/><T118/><D118/><U40/><REACH who="1" step="1"/><E82/><REACH who="1" ten="250,298,260,182" step="2"/><V0/><F0/><W69/><G69/><T93/><D4/><U66/><E66/><N who="3" m="25706" /><G39/><T37/><D5/><U135/><E135/><V24/><F24/><AGARI ba="1,1" hai="17,21,24,40,42,43,87,89,94,105,106,107,109,111" machi="24" ten="50,2400,0" yaku="1,1,53,0" doraHai="10" doraHaiUra="27" who="1" fromWho="2" sc="250,0,298,37,260,-27,182,0" /><INIT seed="1,2,0,5,4,89" ten="250,335,233,182" oya="1" hai0="71,112,3,90,41,23,12,100,117,134,102,103,44" hai1="62,119,77,10,116,108,26,28,106,35,49,81,42" hai2="57,97,124,11,37,6,129,127,70,79,31,73,72" hai3="98,135,96,131,16,110,80,46,9,18,107,47,68"/><U84/><E106/><V30/><F70/><W64/><G110/><T60/><D117/><U58/><E108/><V34/><F37/><W7/><G107/><T130/><D112/><U105/><E105/><V29/><F129/><W101/><G68/><T121/><D3/><U99/><E99/><V123/><F123/><W83/><G64/><T43/><D121/><U93/><E93/><V27/><F57/><W75/><G75/><N who="2" m="28745" /><F97/><W61/><G61/><T125/><D130/><U1/><E42/><V21/><F79/><W120/><G131/><T51/><D125/><N who="2" m="48202" /><F34/><W78/><G120/><T36/><D134/><U86/><E49/><V48/><F48/><W50/><G135/><T14/><D36/><U111/><E111/><V4/><F4/><W133/><G133/><T33/><D33/><U69/><E86/><V52/><F52/><N who="3" m="29783" /><G47/><T87/><D43/><U94/><E69/><V65/><F65/><W59/><G59/><T85/><D71/><U114/><E114/><V128/><F128/><W76/><G76/><T104/><D104/><U92/><E119/><V82/><F82/><N who="3" m="31275" /><G78/><T8/><D60/><U13/><E1/><AGARI ba="2,0" hai="1,6,11,21,27,29,30,31" m="48202,28745" machi="1" ten="30,1000,0" yaku="18,1" doraHai="89" who="2" fromWho="1" sc="250,0,335,-16,233,16,182,0" /><INIT seed="2,0,0,3,2,129" ten="250,319,249,182" oya="2" hai0="82,86,64,104,116,44,31,108,15,95,85,11,48" hai1="3,109,76,73,30,47,12,53,75,102,118,69,62" hai2="6,98,49,128,28,14,13,61,71,0,32,37,50" hai3="59,7,77,38,57,94,40,80,25,1,81,21,39"/><V58/><F37/><W19/><G81/><T72/><D104/><U67/><E118/><V24/><F128/><W90/><G7/><T112/><D112/><U89/><E3/><V122/><F122/><W68/><G1/><T119/><D108/><U55/><E109/><V10/><F71/><W93/><G93/><T88/><D64/><U65/><E102/><V78/><F78/><W2/><G2/><T74/><D31/><U51/><E65/><V8/><F98/><W84/><G68/><T63/><D63/><U100/><E30/><V79/><F79/><W106/><G106/><T131/><D131/><U9/><E100/><V105/><F105/><W52/><G59/><T114/><D114/><U46/><E76/><V132/><F132/><W117/><G40/><N who="0" m="24583" /><D95/><U27/><E27/><V96/><F96/><W54/><G54/><T17/><D86/><U110/><E110/><V125/><F125/><W115/><G117/><AGARI ba="0,0" hai="11,15,17,72,74,82,85,88,116,117,119" m="24583" machi="117" ten="30,2000,0" yaku="12,1,54,1" doraHai="129" who="0" fromWho="3" sc="250,20,319,0,249,0,182,-20" /><INIT seed="3,0,0,4,2,129" ten="270,319,249,162" oya="3" hai0="94,109,60,115,5,22,21,112,63,14,19,102,123" hai1="41,65,98,68,57,9,50,20,62,126,99,70,29" hai2="104,75,67,45,79,48,35,66,131,103,43,25,64" hai3="110,84,95,90,0,2,97,39,132,4,76,55,7"/><W124/><G39/><T27/><D109/><U120/><E120/><V117/><F117/><W32/><G32/><T6/><D123/><U49/><E126/><V125/><F125/><W47/><G124/><T11/><D102/><U1/><E70/><V89/><F131/><W51/><G110/><T93/><D5/><U78/><E78/><V106/><F103/><W26/><G2/><T56/><D22/><U34/><E34/><V91/><F79/><W87/><G0/><T72/><D72/><U86/><E86/><V71/><F71/><W81/><G26/><T3/><D63/><U108/><E108/><V96/><F75/><W111/><G111/><T8/><D8/><U10/><E68/><V88/><REACH who="2" step="1"/><F96/><REACH who="2" ten="270,319,239,162" step="2"/><N who="1" m="36905" /><E1/><V80/><F80/><W73/><REACH who="3" step="1"/><G132/><REACH who="3" ten="270,319,239,152" step="2"/><T33/><D3/><U12/><E12/><V135/><F135/><W30/><G30/><AGARI ba="0,2" hai="25,30,35,43,45,48,64,66,67,88,89,91,104,106" machi="30" ten="40,2600,0" yaku="1,1,54,1,53,0" doraHai="129" doraHaiUra="83" who="2" fromWho="3" sc="270,0,319,0,239,46,152,-26" owari="270,-13.0,319,41.9,285,8.5,126,-37.4" /></mjloggm>