<mjloggm ver="2.3"><GO type="225" lobby="0"/><UN n0="%E3%83%B4%E3%82%A3%E3%83%AF%E3%82%B3%E3%82%B0%E3%83%8B" n1="%6D%75%75%6D%75%72%61" n2="%E5%BC%93%E6%9C%A8%E3%81%AA%E3%81%8A" n3="%E3%81%B2%E3%81%AA%E3%81%AE%E3%82%8A%E3%81%8F" dan="16,16,16,17" rate="2161.25,2074.26,2135.48,2240.07" sx="M,F,M,M"/><TAIKYOKU oya="0"/><INIT seed="0,0,0,2,5,25" ten="250,250,250,250" oya="0" hai0="81,86,55,35,32,134,31,90,51,10,22,88,124" hai1="85,132,14,21,43,47,26,27,91,71,2,67,120" hai2="33,127,105,65,15,92,117,29,129,94,126,131,45" hai3="118,0,16,98,128,38,66,112,62,109,99,42,77"/><T102/><D134/><U130/><E120/><V44/><F105/><W110/><G112/><T8/><D32/><U83/><E132/><V123/><F123/><W48/><G38/><T95/><D35/><U18/><E130/><N who="2" m="49675" /><F65/><W54/><G42/><T133/><D102/><U125/><E125/><N who="2" m="47627" /><F15/><W114/><G0/><T46/><D133/><U9/><E67/><V56/><F56/><W73/><G128/><T4/><D4/><U40/><E71/><V84/><F117/><W75/><G118/><T52/><D55/><U100/><E100/><V82/><F94/><W89/><G66/><T49/><D49/><U13/><E43/><V68/><F92/><W121/><G48/><T50/><D51/><U135/><E135/><V39/><F68/><W30/><G54/><T113/><D113/><U17/><REACH who="1" step="1"/><E2/><REACH who="1" ten="250,240,250,250" step="2"/><V107/><F107/><W116/><G114/><T7/><D124/><U5/><E5/><V36/><F36/><AGARI ba="0,1" hai="9,13,14,17,18,21,26,27,36,40,47,83,85,91" machi="36" ten="30,3900,0" yaku="1,1,7,1,53,1" doraHai="25" doraHaiUra="79" who="1" fromWho="2" sc="250,0,240,49,250,-39,250,0" /><INIT seed="1,0,0,2,4,89" ten="250,289,211,250" oya="1" hai0="94,121,31,61,41,20,103,18,69,74,15,37,116" hai1="125,75,67,130,117,42,96,113,126,66,57,39,114" hai2="71,47,1,106,33,44,58,28,13,88,22,54,16" hai3="3,97,7,46,120,8,21,135,128,5,6,84,110"/><U98/><E75/><V52/><F106/><W86/><G120/><T55/><D116/><U104/><E117/><V87/><F71/><W76/><G110/><T79/><D37/><U29/><E29/><V0/><F0/><W23/><G135/><T111/><D111/><U2/><E2/><V108/><F1/><W50/><G8/><T133/><D41/><U109/><E98/><V19/><F108/><W32/><G32/><T82/><D133/><U63/><E109/><V48/><F54/><W105/><G128/><T65/><D121/><U17/><E17/><V101/><F101/><W25/><G23/><T56/><D31/><U127/><E130/><V60/><F60/><W24/><G24/><T72/><D72/><U53/><E96/><V119/><F119/><W68/><G68/><T11/><D103/><U99/><E99/><V45/><F19/><W77/><G97/><T49/><REACH who="0" step="1"/><D94/><REACH who="0" ten="240,289,211,250" step="2"/><U34/><E104/><V107/><F107/><W12/><G105/><T129/><D129/><U115/><E34/><V123/><F123/><W122/><G122/><T83/><D83/><U112/><E112/><V95/><F33/><W27/><G3/><T4/><D4/><U59/><E59/><V118/><F118/><W35/><G5/><T38/><D38/><U134/><E134/><V70/><F70/><W93/><G35/><T100/><D100/><U124/><E124/><V132/><F132/><W36/><G7/><T64/><D64/><U78/><E78/><V91/><F28/><W26/><G77/><T92/><D92/><U85/><E85/><V62/><F91/><RYUUKYOKU ba="0,1" sc="240,10,289,10,211,10,250,-30" hai0="11,15,18,20,49,55,56,61,65,69,74,79,82" hai1="39,42,53,57,63,66,67,113,114,115,125,126,127" hai2="13,16,22,44,45,47,48,52,58,62,87,88,95" /><INIT seed="1,1,1,3,1,53" ten="250,299,221,220" oya="1" hai0="13,94,28,14,110,135,68,113,80,16,84,76,9" hai1="15,103,7,31,96,62,130,47,95,102,30,6,0" hai2="51,26,100,98,29,57,118,65,114,73,18,116,63" hai3="42,3,112,77,44,128,50,20,106,21,38,25,69"/><U17/><E130/><V19/><F73/><W123/><G123/><T78/><D110/><U129/><E129/><V71/><F114/><W37/><G112/><T117/><D113/><U88/><E47/><V61/><F51/><W97/><G3/><T127/><D117/><U22/><E62/><V40/><F40/><W120/><G120/><T75/><D68/><U90/><E90/><V126/><F126/><W43/><G69/><T11/><D135/><U49/><E49/><V54/><F118/><W33/><G50/><T133/><D133/><U8/><REACH who="1" step="1"/><E7/><REACH who="1" ten="250,289,221,220" step="2"/><V134/><F134/><W131/><G44/><T79/><D127/><U115/><E115/><V86/><F116/><W119/><G119/><T2/><D78/><U32/><E32/><V91/><F91/><W45/><G33/><T132/><D76/><U23/><E23/><V46/><F46/><W39/><G45/><T64/><D79/><U92/><E92/><V93/><REACH who="2" step="1"/><F86/><REACH who="2" ten="250,289,211,220" step="2"/><W89/><G128/><T1/><D84/><U60/><E60/><V101/><F101/><AGARI ba="1,3" hai="0,6,8,15,17,22,30,31,88,95,96,101,102,103" machi="101" ten="40,3900,0" yaku="1,1,54,1,53,0" doraHai="53" doraHaiUra="122" who="1" fromWho="2" sc="250,0,289,72,211,-42,220,0" /><INIT seed="1,2,0,4,1,14" ten="250,361,169,220" oya="1" hai0="28,46,18,20,79,54,124,47,8,53,10,91,75" hai1="77,68,105,51,96,19,120,39,56,113,29,122,21" hai2="131,38,67,119,111,31,92,73,110,40,88,48,115" hai3="134,108,90,97,125,4,22,98,80,94,132,116,66"/><U1/><E113/><V89/><F119/><W44/><G116/><T37/><D75/><U0/><E68/><V42/><F73/><W60/><G4/><T33/><D79/><U127/><E39/><V126/><F115/><W3/><G3/><T36/><D33/><U78/><E127/><V6/><F126/><W76/><G125/><T85/><D28/><U52/><E29/><V12/><F38/><W112/><G112/><T70/><D70/><U123/><E1/><V25/><F67/><W9/><G9/><N who="0" m="3691" /><D36/><U71/><E71/><V95/><F6/><W2/><G2/><T43/><D37/><U117/><E117/><V34/><F12/><W30/><G44/><N who="0" m="16939" /><D43/><N who="2" m="16426" /><F48/><W104/><G104/><T24/><D124/><U72/><E0/><V65/><F65/><W62/><G66/><T64/><D64/><U83/><E77/><V74/><F74/><W23/><G76/><T128/><D128/><U133/><E133/><V86/><F131/><W61/><G30/><T5/><D5/><U17/><REACH who="1" step="1"/><E21/><REACH who="1" ten="250,351,169,220" step="2"/><V99/><F31/><W109/><G23/><T130/><D130/><U7/><E7/><V129/><F129/><W13/><G132/><T49/><D49/><U103/><AGARI ba="2,1" hai="17,19,51,52,56,72,78,83,96,103,105,120,122,123" machi="103" ten="40,18000,2" yaku="1,1,0,1,52,2,54,1,53,1" doraHai="14" doraHaiUra="93" who="1" fromWho="1" sc="250,-62,351,196,169,-62,220,-62" /><INIT seed="1,3,0,3,2,20" ten="188,547,107,158" oya="1" hai0="89,125,112,7,132,79,135,107,123,101,47,103,32" hai1="113,51,105,41,84,88,71,106,69,34,121,8,17" hai2="31,128,4,104,94,54,119,25,16,0,66,115,95" hai3="14,116,90,133,29,27,111,65,82,109,1,35,81"/><U91/><E113/><V48/><F119/><W12/><G1/><T64/><D47/><U18/><E34/><V126/><F104/><W9/><G116/><T87/><D64/><U10/><E121/><V122/><F122/><W24/><G133/><T75/><D7/><U62/><E51/><V92/><F115/><W73/><G65/><T124/><D32/><U11/><E41/><V97/><F126/><N who="0" m="48746" /><D112/><U118/><E118/><V26/><F128/><W46/><G14/><T63/><D63/><U108/><E108/><N who="3" m="41546" /><G73/><T86/><D123/><U72/><E72/><V42/><F42/><W96/><G27/><N who="2" m="10249" /><F0/><W36/><G46/><T45/><D45/><U134/><E134/><N who="0" m="51241" /><D107/><U127/><E127/><V55/><F66/><W114/><G36/><T56/><D56/><U83/><E106/><V49/><F31/><W131/><G114/><T57/><D57/><U22/><E105/><V76/><F76/><W6/><G131/><T50/><D75/><U52/><E62/><V68/><F4/><W120/><G120/><T93/><D50/><N who="2" m="19562" /><F68/><W37/><G37/><T53/><D53/><N who="2" m="19978" /><F16/><W102/><G35/><T85/><D79/><U21/><E69/><V77/><F77/><W38/><G38/><T99/><AGARI ba="3,0" hai="85,86,87,89,93,99,101,103" m="51241,48746" machi="99" ten="40,8000,1" yaku="18,1,20,1,34,2" doraHai="20" who="0" fromWho="0" sc="188,89,547,-43,107,-23,158,-23" /><INIT seed="2,0,0,0,0,126" ten="277,504,84,135" oya="2" hai0="28,77,39,47,64,71,75,102,74,104,114,80,76" hai1="31,78,94,50,118,12,44,37,108,61,122,69,13" hai2="134,99,95,85,24,41,65,130,133,125,90,83,60" hai3="110,112,42,56,30,68,97,131,79,87,54,88,100"/><V1/><F1/><W46/><G110/><T135/><D135/><U70/><E118/><V106/><F125/><W59/><G68/><T62/><D28/><U73/><E37/><V27/><F41/><W57/><G79/><T86/><D86/><U117/><E108/><V132/><F106/><W109/><G109/><T25/><D25/><U120/><E31/><V107/><F107/><W23/><G112/><T67/><D67/><U18/><E78/><V121/><F121/><W2/><G2/><T92/><D92/><U113/><E73/><V111/><F130/><W16/><G30/><T38/><D47/><U0/><E0/><V124/><F124/><W91/><G54/><T128/><D114/><U36/><E36/><V7/><F7/><W51/><G87/><T21/><D21/><U29/><E29/><V127/><F127/><W66/><G66/><T63/><D63/><U14/><E18/><V55/><F55/><W9/><G9/><T103/><D103/><U89/><E61/><V93/><F93/><N who="3" m="58415" /><G131/><T96/><D128/><U26/><E113/><V105/><F105/><W11/><G11/><T34/><D34/><U40/><E26/><AGARI ba="0,0" hai="16,23,26,42,46,51,56,57,59,88,91" m="58415" machi="26" ten="30,3900,0" yaku="8,1,54,2" doraHai="126" who="3" fromWho="1" sc="277,0,504,-39,84,0,135,39" /><INIT seed="3,0,0,0,0,78" ten="277,465,84,174" oya="3" hai0="108,81,18,35,107,33,123,67,26,75,85,95,104" hai1="119,44,1,87,36,133,135,92,7,0,4,27,131" hai2="84,118,13,117,76,68,64,43,72,106,86,99,37" hai3="121,55,128,30,79,51,5,54,112,114,29,39,10"/><W100/><G121/><T21/><D108/><U49/><E36/><V20/><F20/><W83/><G39/><T109/><D109/><U17/><E131/><V38/><F13/><W97/><G128/><T80/><D123/><U130/><E130/><V22/><F22/><W57/><G55/><T65/><D75/><U91/><E119/><V34/><F86/><W25/><G25/><T46/><D46/><U96/><E17/><V40/><F84/><W116/><G116/><T8/><D95/><U88/><E27/><V125/><F34/><W6/><G6/><T53/><D53/><U127/><E127/><V31/><F31/><W103/><G114/><T58/><D58/><U102/><E91/><V122/><F122/><W12/><G103/><T98/><D8/><U134/><E7/><V101/><F125/><W41/><G41/><T115/><D26/><U50/><E4/><V69/><F43/><W126/><G112/><T62/><D115/><U11/><E11/><V71/><F64/><W110/><G110/><T89/><D65/><U52/><E50/><V66/><F66/><W120/><G120/><T42/><D35/><U28/><E28/><V59/><F59/><W47/><G57/><T24/><D33/><U129/><E129/><V32/><F32/><W73/><G126/><T124/><D124/><U45/><E44/><N who="2" m="23567" /><F38/><W61/><G29/><T56/><D67/><U63/><E63/><V19/><F19/><W9/><G30/><T70/><D18/><U60/><E60/><V93/><F106/><AGARI ba="0,0" hai="0,1,45,49,52,87,88,92,96,102,106,133,134,135" machi="106" ten="40,5200,0" yaku="20,1,54,2" doraHai="78" who="1" fromWho="2" sc="277,0,465,52,84,-52,174,0" owari="277,7.7,517,61.7,32,-46.8,174,-22.6" /></mjloggm>