<mjloggm ver="2.3"><GO type="225" lobby="0"/><UN n0="%72%69%6F%75%63%68%61%6E" n1="%6D%75%75%6D%75%72%61" n2="%4E%49%4A%49%49%52%4F" n3="%6C%61%6D%62" dan="17,16,16,16" rate="2293.92,2166.77,2186.58,2137.35" sx="M,F,M,M"/><TAIKYOKU oya="0"/><INIT seed="0,0,0,2,0,108" ten="250,250,250,250" oya="0" hai0="97,135,45,44,5,77,6,100,86,9,20,117,103" hai1="53,1,69,130,59,68,95,89,107,99,62,72,81" hai2="106,122,41,36,70,19,58,79,35,38,85,13,4" hai3="14,50,66,37,84,104,7,48,90,55,129,116,60"/><T34/><BYE who="2" /><D117/><U80/><E130/><V64/><F64/><W111/><G116/><T113/><D113/><U10/><E107/><V96/><F96/><W16/><G111/><T39/><D135/><U21/><E21/><V101/><F101/><W94/><G129/><T42/><D34/><U91/><E80/><V110/><F110/><W74/><G37/><T132/><D132/><U30/><E30/><V123/><F123/><W47/><G74/><T28/><D44/><U17/><E17/><V22/><F22/><W78/><G104/><T134/><D134/><U131/><E131/><V51/><F51/><W87/><G7/><T61/><D61/><U73/><E73/><V11/><F11/><W57/><G50/><T24/><D97/><U18/><E18/><V12/><F12/><W26/><G26/><T15/><REACH who="0" step="1"/><D5/><REACH who="0" ten="240,250,250,250" step="2"/><U31/><E62/><V98/><F98/><N who="3" m="57687" /><G78/><T56/><D56/><U65/><E59/><V118/><F118/><W75/><G75/><T27/><D27/><U115/><E72/><V32/><F32/><W29/><G47/><T0/><D0/><U128/><E1/><V105/><F105/><W43/><G60/><T71/><D71/><U112/><E128/><V133/><F133/><W102/><G84/><T120/><D120/><U114/><E69/><V119/><F119/><W49/><G87/><T127/><D127/><U52/><E68/><V93/><F93/><W23/><G57/><T124/><D124/><U40/><E99/><V92/><F92/><W121/><G121/><T33/><D33/><U54/><E95/><V63/><F63/><RYUUKYOKU ba="0,1" sc="240,30,250,-10,250,-10,250,-10" hai0="6,9,15,20,24,28,39,42,45,77,86,100,103" /><INIT seed="0,1,1,1,5,120" ten="270,240,240,240" oya="0" hai0="60,6,41,22,97,124,21,135,107,50,39,18,100" hai1="130,133,8,110,35,75,62,15,31,30,90,1,38" hai2="105,112,9,103,17,72,61,129,95,29,114,14,118" hai3="89,58,98,123,28,19,92,49,4,53,121,57,0"/><T101/><D124/><U26/><E130/><V45/><F45/><W7/><G28/><T24/><D135/><U134/><E38/><V88/><F88/><W79/><G79/><T56/><D39/><U127/><E127/><V48/><F48/><W13/><G0/><T131/><D131/><U12/><E110/><V47/><F47/><W32/><G32/><T108/><D108/><U93/><E75/><V111/><F111/><W42/><G42/><T96/><D6/><U83/><E83/><V132/><F132/><N who="1" m="50793" /><E31/><V44/><F44/><W78/><G78/><T3/><D3/><U119/><E119/><V81/><F81/><W70/><G70/><T33/><D50/><U109/><E109/><V36/><F36/><W113/><G113/><T27/><D33/><U115/><E115/><V52/><F52/><N who="3" m="31887" /><G121/><T122/><D122/><U71/><E1/><V16/><F16/><W34/><G34/><T43/><D56/><U25/><E25/><V54/><F54/><W74/><G74/><T46/><D60/><U128/><E128/><V64/><F64/><W77/><G77/><T65/><D65/><N who="1" m="41399" /><E8/><V80/><F80/><W20/><G123/><T55/><D55/><U10/><E10/><V66/><F66/><W40/><G40/><T76/><D76/><U5/><E5/><V87/><F87/><AGARI ba="1,1" hai="12,15,26,30,35,87,90,93" m="41399,50793" machi="87" ten="30,1000,0" yaku="20,1" doraHai="120" who="1" fromWho="2" sc="270,0,240,23,240,-13,240,0" /><INIT seed="1,0,0,5,0,11" ten="270,263,227,240" oya="1" hai0="118,45,107,61,73,5,51,77,130,1,7,121,96" hai1="124,4,30,49,81,14,6,53,85,43,0,131,119" hai2="22,62,24,33,74,66,135,10,20,111,65,67,129" hai3="19,127,79,26,109,91,78,36,56,88,94,54,16"/><U103/><E119/><V95/><F95/><W29/><G36/><T97/><D118/><U55/><E124/><V58/><F58/><W114/><G114/><T32/><D32/><U69/><E0/><V38/><F38/><W68/><G68/><T72/><D130/><U86/><E69/><V83/><F83/><W99/><G127/><T23/><D121/><U71/><E71/><V89/><F89/><W120/><G109/><T60/><D1/><U123/><E123/><V52/><F52/><N who="1" m="20041" /><E131/><V35/><F35/><W48/><G120/><T92/><D107/><U134/><E134/><V115/><F115/><W128/><G128/><T41/><D97/><U34/><E34/><V126/><F126/><W102/><G91/><T17/><D77/><N who="3" m="29193" /><G102/><N who="0" m="60679" /><D73/><U108/><E108/><V122/><F122/><W2/><G2/><T40/><D40/><U13/><E103/><V106/><F106/><W113/><G113/><T37/><D37/><U39/><E39/><V42/><F42/><W116/><G116/><T98/><D98/><U112/><E112/><V63/><F63/><N who="0" m="24138" /><D72/><U125/><E125/><V28/><F28/><W132/><G132/><T64/><D64/><U93/><E30/><V25/><F25/><AGARI ba="0,0" hai="5,7,17,23,25,41,45,51" m="24138,60679" machi="25" ten="30,1000,0" yaku="8,1" doraHai="11" who="0" fromWho="2" sc="270,10,263,0,227,-10,240,0" /><INIT seed="2,0,0,1,0,125" ten="280,263,217,240" oya="2" hai0="9,37,132,33,2,96,134,114,83,117,7,97,57" hai1="44,25,32,89,119,123,52,133,124,27,67,3,53" hai2="73,59,92,93,122,24,39,28,90,74,54,85,102" hai3="131,48,12,55,130,35,18,42,109,60,118,8,69"/><V110/><F110/><W116/><G35/><T1/><D114/><U34/><E119/><V4/><F4/><W111/><G42/><T50/><D117/><N who="3" m="45161" /><G69/><T129/><D129/><N who="3" m="49161" /><G60/><T81/><D37/><U128/><E128/><V10/><F10/><W16/><G18/><T21/><D33/><U104/><E124/><V38/><F38/><W76/><G76/><T115/><D9/><U0/><E34/><V22/><F22/><W108/><G108/><T126/><D21/><U87/><E32/><V86/><F86/><W43/><G43/><T20/><D20/><U113/><E113/><V30/><F30/><W40/><G40/><T58/><D115/><U45/><E67/><V29/><F29/><W68/><G68/><T47/><D126/><U127/><E127/><V79/><F79/><W13/><G13/><T80/><D1/><U101/><E3/><V135/><F135/><W75/><G75/><T6/><D2/><U120/><E0/><V62/><F62/><W106/><G106/><T14/><D14/><U64/><E133/><V15/><F15/><W19/><G19/><T82/><N who="0" m="20480" /><DORA hai="49" /><T11/><D132/><U78/><E64/><V112/><F112/><W103/><G103/><T17/><D134/><U84/><E78/><V95/><F95/><W65/><G65/><T70/><D70/><U41/><E41/><V36/><F36/><W98/><G98/><N who="0" m="37995" /><D17/><U99/><E99/><V56/><F56/><AGARI ba="0,0" hai="8,12,16,48,55,56,109,111" m="49161,45161" machi="56" ten="30,12000,2" yaku="19,1,52,4,54,1" doraHai="125,49" who="3" fromWho="2" sc="280,0,263,0,217,-120,240,120" /><INIT seed="3,0,0,2,0,54" ten="280,263,97,360" oya="3" hai0="14,82,89,38,34,128,22,33,57,60,78,65,100" hai1="98,24,61,73,25,12,43,109,102,108,99,126,69" hai2="55,66,40,72,46,5,91,71,31,6,120,81,80" hai3="134,3,115,96,11,84,119,18,74,67,77,41,97"/><W121/><G41/><T93/><D38/><U122/><E122/><V53/><F53/><W49/><G74/><T68/><D128/><U90/><E73/><V48/><F48/><W94/><G115/><T23/><D100/><U127/><E43/><V0/><F0/><W30/><G119/><T117/><D117/><U36/><E36/><V7/><F7/><W88/><G30/><T37/><D37/><U86/><E12/><V104/><F104/><W39/><G39/><T47/><D68/><U26/><E69/><V112/><F112/><W83/><G121/><T114/><D114/><U2/><E2/><V116/><F116/><W9/><G67/><T13/><D47/><U27/><N who="1" m="6144" /><DORA hai="32" /><U87/><E61/><V17/><F17/><W51/><G134/><T118/><D118/><U56/><E56/><V132/><F132/><W133/><G133/><T70/><D70/><U124/><E90/><V101/><F101/><W52/><G3/><T125/><D125/><U8/><E8/><V129/><F129/><W19/><G96/><N who="1" m="36906" /><E102/><V35/><F35/><N who="0" m="13322" /><D13/><U105/><E105/><V135/><F135/><W103/><G49/><T59/><D14/><U16/><E16/><N who="3" m="6186" /><G103/><T15/><D15/><U95/><E95/><V44/><F44/><AGARI ba="0,0" hai="9,11,44,51,52,77,83,84,88,94,97" m="6186" machi="44" ten="30,11600,0" yaku="8,1,54,3" doraHai="54,32" who="3" fromWho="2" sc="280,0,263,0,97,-116,360,116" owari="280,8.0,263,-13.7,-19,-51.9,476,57.6" /></mjloggm>