<mjloggm ver="2.3"><GO type="225" lobby="0"/><UN n0="%77%72%77%72%77%72%77%72" n1="%E5%A4%9C%E5%85%89%E5%A4%A9%E6%A5%BC" n2="%73%73%6B%5F%66%72%65%65" n3="%E3%83%81%E3%83%AF%E3%83%AF%E9%9A%8A%E9%95%B7" dan="17,17,16,16" rate="2204.80,2164.36,2078.15,2077.92" sx="M,F,M,M"/><TAIKYOKU oya="0"/><INIT seed="0,0,0,3,2,91" ten="250,250,250,250" oya="0" hai0="34,95,111,27,3,74,36,121,2,0,16,10,66" hai1="40,79,118,24,65,117,120,132,67,31,38,14,15" hai2="7,134,59,18,47,86,84,104,32,20,22,114,119" hai3="44,133,112,55,94,26,87,48,21,23,105,126,115"/><T8/><D36/><U97/><E120/><V46/><F114/><W81/><G105/><T83/><D66/><U12/><E79/><V19/><F32/><W4/><G126/><T125/><D121/><U70/><E132/><V101/><F104/><W56/><G133/><T80/><D125/><U71/><E40/><V108/><F108/><W57/><G4/><T52/><D111/><U53/><E38/><V58/><F7/><W100/><G21/><T35/><D74/><U41/><E41/><V113/><F113/><W135/><G135/><T124/><D124/><U109/><E109/><V99/><F134/><W122/><G122/><T69/><D69/><U129/><E53/><V5/><F5/><W49/><G115/><T1/><D1/><U116/><E129/><V102/><REACH who="2" step="1"/><F99/><REACH who="2" ten="250,250,240,250" step="2"/><W107/><G112/><T61/><D34/><N who="1" m="20839" /><E97/><V11/><F11/><W85/><G107/><T96/><D35/><U106/><E106/><V37/><F37/><W60/><G23/><N who="0" m="13799" /><D10/><U51/><E118/><AGARI ba="0,1" hai="18,19,20,22,46,47,58,59,84,86,101,102,118,119" machi="118" ten="25,3200,0" yaku="1,1,22,2,53,0" doraHai="91" doraHaiUra="77" who="2" fromWho="1" sc="250,0,250,-32,240,42,250,0" /><INIT seed="1,0,0,1,4,98" ten="250,218,282,250" oya="1" hai0="112,33,90,128,63,25,95,11,65,97,59,14,15" hai1="20,77,52,74,70,106,41,129,61,124,73,103,47" hai2="28,117,132,109,133,85,31,68,44,27,115,37,53" hai3="62,122,40,82,93,6,69,71,125,79,2,38,3"/><U102/><E106/><V67/><F117/><W135/><G122/><T16/><D112/><U80/><E74/><V30/><F115/><W91/><G125/><T130/><D33/><U58/><E70/><V54/><F109/><W32/><G32/><T111/><D111/><U108/><E108/><V34/><F85/><W66/><G135/><N who="2" m="51785" /><F37/><W81/><G71/><T83/><D25/><U104/><E104/><V118/><F118/><W116/><G116/><T64/><D83/><U8/><E124/><V86/><F86/><W10/><G2/><T55/><REACH who="0" step="1"/><D15/><REACH who="0" ten="240,218,282,250" step="2"/><U110/><E110/><V29/><F27/><W99/><G79/><T13/><D13/><U24/><E8/><V119/><F34/><W39/><G81/><T22/><D22/><U87/><E73/><V0/><F119/><W7/><G82/><T51/><D51/><N who="1" m="27119" /><E129/><AGARI ba="0,1" hai="11,14,16,55,59,63,64,65,90,95,97,128,129,130" machi="129" ten="40,8000,1" yaku="1,1,19,1,54,1,53,2" doraHai="98" doraHaiUra="60" who="0" fromWho="1" sc="240,90,218,-80,282,0,250,0" /><INIT seed="2,0,0,2,5,116" ten="330,138,282,250" oya="2" hai0="72,106,16,80,6,130,95,77,51,89,45,22,114" hai1="0,21,13,47,126,40,118,36,115,97,134,121,53" hai2="110,103,27,31,38,117,107,132,57,59,133,26,7" hai3="11,92,111,10,35,1,125,109,129,30,81,135,48"/><V52/><F117/><W124/><G92/><T88/><D114/><U5/><E115/><V66/><F38/><W41/><G81/><T83/><D106/><U131/><E118/><V120/><F120/><W39/><G48/><T98/><D6/><U32/><E32/><V65/><F7/><N who="3" m="1391" /><G41/><T73/><D130/><U105/><E131/><V93/><F107/><W63/><G63/><T62/><D62/><U54/><E0/><V64/><F110/><N who="3" m="41995" /><G39/><T101/><D80/><U70/><E105/><V25/><F31/><W56/><G56/><T18/><D18/><U50/><E70/><V102/><F52/><W94/><G94/><T55/><REACH who="0" step="1"/><D73/><REACH who="0" ten="320,138,282,250" step="2"/><U19/><E5/><V112/><F93/><W2/><G129/><T33/><D33/><U122/><E126/><N who="3" m="48746" /><G135/><N who="2" m="51785" /><F112/><W108/><G108/><T99/><D99/><U44/><E134/><V3/><F3/><W34/><G30/><T67/><D67/><U42/><REACH who="1" step="1"/><E97/><REACH who="1" ten="320,128,282,250" step="2"/><V82/><F65/><W84/><G2/><T69/><D69/><U43/><E43/><V91/><F66/><W24/><G35/><T71/><D71/><U119/><E119/><V29/><F64/><W76/><G34/><T75/><D75/><U87/><E87/><N who="2" m="50679" /><F29/><W49/><G84/><T37/><D37/><U46/><E46/><V58/><AGARI ba="0,2" hai="25,26,27,57,58,59,102,103" m="50679,51785" machi="58" ten="40,2100,0" yaku="20,1" doraHai="116" who="2" fromWho="2" sc="320,-7,128,-7,282,41,250,-7" /><INIT seed="2,1,0,3,0,20" ten="313,121,323,243" oya="2" hai0="36,134,70,19,50,51,41,114,89,117,74,100,2" hai1="103,130,79,75,123,40,31,77,58,47,97,48,87" hai2="85,80,81,131,12,128,95,57,10,55,65,126,6" hai3="9,33,91,25,52,28,54,30,98,133,23,21,99"/><V5/><F126/><W17/><G133/><T122/><D114/><U18/><E130/><N who="2" m="49707" /><F65/><W8/><G33/><T125/><D122/><U93/><E123/><V120/><F120/><W43/><G43/><T124/><D2/><U68/><E68/><V84/><F95/><N who="3" m="56703" /><G99/><T132/><D74/><U45/><E75/><V60/><F5/><W106/><G106/><T13/><D100/><U101/><E101/><V104/><F104/><W83/><G83/><AGARI ba="1,0" hai="6,10,12,55,57,60,80,81,83,84,85" m="49707" machi="83" ten="30,1500,0" yaku="19,1" doraHai="20" who="2" fromWho="3" sc="313,0,121,0,323,18,243,-18" /><INIT seed="2,2,0,5,3,57" ten="313,121,341,225" oya="2" hai0="54,64,7,129,12,110,65,109,82,80,45,97,120" hai1="77,30,91,53,81,36,49,61,130,79,56,27,46" hai2="116,52,2,101,70,67,19,128,42,126,86,34,107" hai3="23,40,117,4,127,93,5,10,60,83,68,24,29"/><V17/><F116/><W92/><G117/><T98/><D120/><U122/><E130/><V121/><F121/><W50/><G127/><T31/><D129/><U1/><E122/><V18/><F2/><W135/><G135/><T66/><D31/><U113/><E113/><V99/><F126/><W43/><G4/><T44/><D7/><U85/><E36/><V96/><F96/><N who="0" m="36970" /><D54/><U22/><REACH who="1" step="1"/><E1/><REACH who="1" ten="313,111,341,225" step="2"/><V108/><F128/><W63/><G43/><AGARI ba="2,1" hai="22,27,30,43,46,49,53,56,61,77,79,81,85,91" machi="43" ten="30,8000,1" yaku="1,1,2,1,7,1,8,1,52,1,53,0" doraHai="57" doraHaiUra="9" who="1" fromWho="3" sc="313,0,111,96,341,0,225,-86" /><INIT seed="3,0,0,1,4,44" ten="313,207,341,139" oya="3" hai0="126,113,92,76,4,13,123,48,84,8,71,66,127" hai1="50,73,90,106,68,31,19,77,6,111,56,112,116" hai2="45,86,38,49,114,21,105,96,10,107,132,5,85" hai3="37,42,1,53,25,101,61,82,88,58,121,12,108"/><W109/><G1/><T83/><D123/><U11/><E68/><V63/><F114/><W104/><G121/><T34/><D34/><U26/><E106/><V103/><F38/><W79/><G12/><T59/><D113/><U135/><E112/><V57/><F107/><W100/><G25/><T129/><D129/><U32/><E19/><V122/><F21/><W28/><G28/><T2/><D2/><U120/><E120/><V134/><F122/><W78/><G42/><T41/><D92/><U46/><E116/><V93/><F105/><W39/><G39/><T29/><D29/><U102/><E102/><N who="3" m="39530" /><G37/><T130/><D130/><U54/><E46/><V40/><F10/><W35/><G35/><T60/><D71/><U110/><E90/><V99/><F5/><W131/><G104/><T91/><D91/><U69/><E69/><V95/><F99/><W74/><G131/><T118/><D118/><U16/><E6/><V55/><F95/><W133/><G133/><AGARI ba="0,0" hai="40,45,49,55,57,63,85,86,93,96,103,132,133,134" machi="133" ten="40,2600,0" yaku="20,1,52,1" doraHai="44" who="2" fromWho="3" sc="313,0,207,0,341,26,139,-26" owari="313,11.3,207,-19.3,367,46.7,113,-38.7" /></mjloggm>