<mjloggm ver="2.3"><GO type="225" lobby="0"/><UN n0="%E5%8D%A0%E3%81%84%E5%B8%AB%E8%A3%8F%E3%81%AA%E3%81%84%E3%81%97" n1="%E3%81%8B%E3%82%8F%E3%81%A1%E3%82%83%E3%82%93%35%38" n2="%E7%89%B9%E6%9D%B1%E3%81%AF%E4%B8%96%E7%95%8C%E3%82%92%E6%95%91%E3%81%86" n3="%E3%81%BF%E3%81%BF%E3%81%9A" dan="17,17,16,18" rate="2169.87,2230.58,2065.27,2256.06" sx="M,M,M,M"/><TAIKYOKU oya="0"/><INIT seed="0,0,0,4,3,33" ten="250,250,250,250" oya="0" hai0="71,39,17,110,104,123,108,96,50,95,5,122,21" hai1="7,29,129,61,70,26,38,6,99,131,113,125,40" hai2="14,98,53,103,134,36,15,90,49,76,43,46,22" hai3="27,79,97,109,69,126,24,112,102,87,37,94,89"/><T12/><D39/><U82/><E129/><V19/><F134/><W3/><G112/><T18/><D71/><U20/><E131/><V111/><F111/><N who="0" m="42538" /><D104/><U31/><E125/><V4/><F76/><W44/><G109/><T2/><D50/><U100/><E113/><V67/><F67/><W118/><G69/><T65/><D65/><U85/><E40/><V13/><F90/><W73/><G126/><T114/><D114/><U68/><E38/><V63/><F4/><W57/><G118/><T28/><D28/><U34/><E68/><V52/><F63/><W45/><G57/><T81/><D81/><U8/><E61/><V10/><F10/><W25/><G37/><T1/><D17/><U0/><E70/><V77/><F77/><W23/><G45/><T16/><D18/><U62/><E62/><V101/><F101/><W121/><G44/><T132/><D132/><U80/><E7/><V124/><F124/><W119/><G119/><T55/><D55/><N who="2" m="21066" /><F36/><W60/><G60/><T107/><D107/><U91/><E82/><V78/><F78/><W128/><G128/><T56/><D56/><U35/><REACH who="1" step="1"/><E31/><REACH who="1" ten="250,240,250,250" step="2"/><V64/><F64/><W105/><G79/><T32/><D5/><U11/><E11/><V51/><F51/><W59/><G73/><T42/><D42/><U75/><E75/><V72/><F72/><W41/><G41/><T93/><D32/><U120/><E120/><N who="0" m="46121" /><D93/><AGARI ba="0,1" hai="0,6,8,20,26,29,34,35,80,85,91,93,99,100" machi="93" ten="30,7700,0" yaku="1,1,7,1,52,1,53,1" doraHai="33" doraHaiUra="88" who="1" fromWho="0" sc="250,-77,240,87,250,0,250,0" /><AGARI ba="0,0" hai="13,14,15,19,22,43,46,49,93,98,103" m="21066" machi="93" ten="30,2000,0" yaku="8,1,54,1" doraHai="33" who="2" fromWho="0" sc="173,-20,327,0,250,20,250,0" /><INIT seed="1,0,0,0,1,40" ten="153,327,270,250" oya="1" hai0="96,133,118,97,29,123,119,109,115,65,37,102,68" hai1="103,49,116,48,94,19,20,86,44,77,83,130,2" hai2="36,0,14,23,87,42,61,113,7,50,125,101,25" hai3="120,28,106,11,112,81,55,71,34,105,110,9,45"/><U76/><E130/><V92/><F36/><W117/><G120/><T18/><D115/><U99/><E2/><V39/><F39/><W107/><G112/><T15/><D123/><U111/><E111/><V57/><F0/><W6/><G71/><T66/><D109/><U53/><E116/><V62/><F125/><W47/><G110/><T122/><D122/><U100/><E100/><V32/><F32/><W134/><G134/><T26/><D133/><U131/><E131/><V73/><F73/><W8/><G117/><T127/><D37/><U67/><E67/><V56/><F113/><W84/><G55/><T108/><D108/><U24/><REACH who="1" step="1"/><E49/><REACH who="1" ten="153,317,270,250" step="2"/><V132/><F132/><W63/><G63/><T121/><D121/><U27/><E27/><V12/><F101/><W98/><G98/><T54/><D97/><U88/><AGARI ba="0,1" hai="19,20,24,44,48,53,76,77,83,86,88,94,99,103" machi="88" ten="20,18000,2" yaku="1,1,0,1,7,1,8,1,52,1,54,1,53,0" doraHai="40" doraHaiUra="70" who="1" fromWho="1" sc="153,-60,317,190,270,-60,250,-60" /><INIT seed="1,1,0,5,2,26" ten="93,507,210,190" oya="1" hai0="33,20,84,4,25,128,38,13,71,90,55,67,133" hai1="93,62,111,49,40,100,35,109,63,104,89,29,98" hai2="115,56,97,53,79,77,78,2,130,94,59,8,44" hai3="108,64,48,125,17,34,66,9,112,117,43,11,69"/><U72/><E72/><V85/><F130/><W105/><G112/><T124/><D128/><U121/><E121/><V126/><F126/><W3/><G105/><T18/><D124/><U14/><E14/><V114/><F85/><W70/><G125/><T92/><D133/><U122/><E49/><N who="2" m="28839" /><F2/><W68/><G108/><N who="1" m="41546" /><E40/><V41/><F8/><W23/><G34/><T12/><D38/><U31/><E35/><V27/><F41/><W135/><G135/><T102/><D71/><U87/><E122/><V129/><F27/><W22/><G117/><T113/><D113/><N who="2" m="43018" /><F129/><W132/><G132/><T30/><D67/><U73/><E73/><V28/><F28/><AGARI ba="1,0" hai="28,29,31,62,63,87,89,93,98,100,104" m="41546" machi="28" ten="30,12000,1" yaku="14,1,10,1,52,3" doraHai="26" who="1" fromWho="2" sc="93,0,507,123,210,-123,190,0" /><INIT seed="1,2,0,1,5,40" ten="93,630,87,190" oya="1" hai0="84,33,108,34,24,1,21,68,132,61,95,47,73" hai1="127,28,6,16,7,3,11,97,72,94,92,109,105" hai2="38,106,82,101,115,128,52,65,111,104,32,48,98" hai3="31,20,2,0,125,27,54,26,42,113,17,118,46"/><U110/><E72/><V123/><F123/><W13/><G113/><T131/><D73/><U50/><E127/><V10/><F38/><W12/><G125/><T35/><D108/><N who="1" m="41579" /><E28/><V23/><F111/><W107/><G107/><T15/><D1/><U55/><E7/><V78/><F32/><W59/><G13/><T83/><D132/><U30/><E30/><V18/><F128/><W57/><G27/><T44/><D95/><U87/><E87/><V99/><F65/><W135/><G59/><T122/><D15/><N who="1" m="7295" /><E6/><V93/><F10/><W119/><G135/><T130/><D122/><U124/><E3/><V80/><F115/><W133/><G133/><T81/><D81/><U71/><E71/><V75/><F99/><W37/><G119/><T86/><D86/><U117/><E117/><V70/><F82/><W19/><G118/><T121/><D121/><U62/><E62/><V56/><REACH who="2" step="1"/><F70/><REACH who="2" ten="93,630,77,190" step="2"/><W89/><G0/><T9/><D9/><U96/><E124/><V64/><F64/><W60/><G2/><T112/><D68/><U103/><E97/><V77/><F77/><W74/><G37/><T22/><D112/><U29/><E29/><V76/><F76/><W36/><G31/><N who="0" m="17807" /><D22/><U8/><E8/><V100/><F100/><W134/><G134/><T67/><D67/><U43/><E43/><V51/><F51/><W102/><G102/><T58/><D131/><U5/><E5/><V53/><F53/><W79/><G42/><T49/><D130/><U91/><E91/><V14/><AGARI ba="2,1" hai="14,18,23,48,52,56,75,78,80,93,98,101,104,106" machi="14" ten="20,5200,0" yaku="1,1,0,1,7,1,54,1,53,0" doraHai="40" doraHaiUra="25" who="2" fromWho="2" sc="93,-15,630,-28,77,68,190,-15" /><INIT seed="2,0,0,5,0,14" ten="78,602,145,175" oya="2" hai0="5,56,23,112,45,22,53,19,41,17,117,30,26" hai1="80,69,125,73,101,108,99,95,31,126,124,85,111" hai2="97,29,60,54,1,76,44,35,83,39,18,0,50" hai3="94,36,40,13,134,122,10,72,102,37,2,103,88"/><V4/><F39/><W78/><G122/><T128/><D112/><U70/><E31/><V106/><F4/><W119/><G119/><T21/><D117/><U91/><E69/><V11/><F60/><W47/><G36/><T123/><D123/><U71/><E71/><V132/><F132/><W32/><G32/><T107/><D107/><N who="1" m="63935" /><E70/><V113/><F113/><W68/><G68/><T6/><D128/><U115/><E115/><V58/><F106/><W27/><G27/><T81/><D81/><U79/><AGARI ba="0,0" hai="73,79,80,85,91,95,108,111,124,125,126" m="63935" machi="79" ten="40,8000,1" yaku="24,1,18,1,34,2" doraHai="14" who="1" fromWho="1" sc="78,-20,602,80,145,-40,175,-20" /><INIT seed="3,0,0,5,4,0" ten="58,682,105,155" oya="3" hai0="30,119,75,37,100,46,10,18,81,65,6,71,36" hai1="80,88,38,41,43,26,99,103,111,31,62,55,4" hai2="124,98,89,48,85,34,130,63,102,107,35,50,51" hai3="11,125,20,13,69,61,118,27,32,95,60,79,120"/><W49/><G32/><T91/><D119/><U5/><E111/><V101/><F101/><W105/><G49/><T82/><D82/><U114/><E114/><V133/><F130/><W3/><G95/><T17/><D30/><U78/><E78/><V67/><F133/><W112/><G13/><T29/><D29/><U108/><E103/><V68/><REACH who="2" step="1"/><F124/><REACH who="2" ten="58,682,95,155" step="2"/><W22/><G125/><T126/><D126/><U90/><E108/><V132/><F132/><W39/><G105/><T54/><D100/><U77/><E77/><V57/><F57/><W84/><G69/><T59/><D75/><U86/><E38/><V127/><F127/><W14/><G39/><T116/><D116/><U21/><E55/><V2/><F2/><W117/><G3/><T74/><D74/><U104/><E62/><V121/><F121/><W47/><G60/><T109/><D109/><U25/><E25/><V135/><F135/><W19/><G61/><T110/><D110/><U94/><REACH who="1" step="1"/><E104/><REACH who="1" ten="58,672,95,155" step="2"/><V24/><F24/><W106/><G27/><T96/><D65/><U44/><E44/><V93/><AGARI ba="0,2" hai="34,35,48,50,51,63,67,68,85,89,93,98,102,107" machi="93" ten="30,2000,0" yaku="1,1,0,1,53,0" doraHai="0" doraHaiUra="131" who="2" fromWho="2" sc="58,-5,672,-5,95,40,155,-10" owari="53,-44.7,667,76.7,135,-26.5,145,-5.5" /></mjloggm>