<mjloggm ver="2.3"><GO type="225" lobby="0"/><UN n0="%48%61%61%61%6C%61%6E%64" n1="%E6%A1%9C%E8%8A%B1%E9%96%83%E3%80%85" n2="%E6%80%AA%E3%81%97%E3%81%99%E3%81%8E%E3%82%8B%E3%83%81%E3%83%BC" n3="%E3%81%99%E3%81%84%E3%81%BE%E3%81%9B%E3%83%BC%E3%82%93" dan="18,18,16,16" rate="2247.32,2285.14,2167.02,2127.56" sx="M,M,M,M"/><TAIKYOKU oya="0"/><INIT seed="0,0,0,0,2,73" ten="250,250,250,250" oya="0" hai0="75,115,5,96,90,9,89,117,13,51,6,40,46" hai1="121,50,114,49,18,91,63,92,29,0,100,108,126" hai2="48,26,101,20,72,79,58,129,2,43,68,38,35" hai3="31,78,61,39,86,24,7,103,134,66,93,106,22"/><T27/><D115/><U135/><E121/><V30/><F129/><W64/><G39/><T111/><D117/><U120/><E120/><V3/><F68/><W132/><G106/><T133/><D133/><N who="3" m="51305" /><G7/><T119/><D119/><U11/><E108/><V127/><F127/><W59/><G103/><T88/><D111/><U74/><E74/><V80/><F101/><W122/><G122/><T107/><D75/><U82/><E63/><V65/><F35/><W125/><G125/><T95/><D107/><U118/><E49/><V81/><F81/><N who="3" m="47415" /><G93/><T16/><D27/><U45/><E92/><V60/><REACH who="2" step="1"/><F38/><REACH who="2" ten="250,250,240,250" step="2"/><W14/><G14/><T47/><D47/><AGARI ba="0,1" hai="2,3,20,26,30,43,47,48,58,60,65,72,79,80" machi="47" ten="40,5200,0" yaku="1,1,2,1,52,1,53,0" doraHai="73" doraHaiUra="116" who="2" fromWho="0" sc="250,-52,250,0,240,62,250,0" /><INIT seed="1,0,0,5,1,34" ten="198,250,302,250" oya="1" hai0="112,7,109,29,101,95,83,4,60,90,102,123,57" hai1="106,117,126,133,116,114,134,51,28,59,78,6,27" hai2="66,32,11,0,63,15,56,50,80,97,75,48,129" hai3="118,74,37,67,111,121,24,40,64,104,91,20,130"/><U124/><E106/><V87/><F32/><W23/><G121/><T125/><D112/><U88/><E78/><V122/><F0/><W82/><G104/><T62/><D123/><U12/><E51/><V13/><F75/><W110/><G130/><T38/><D38/><U99/><E59/><V119/><F129/><W132/><G132/><N who="1" m="50794" /><E114/><V70/><F119/><N who="1" m="45641" /><E88/><V103/><F122/><W30/><G118/><T115/><D115/><U44/><E44/><V49/><F11/><W76/><G91/><T81/><D90/><U25/><E99/><V47/><F70/><W108/><G20/><T127/><D57/><U55/><E55/><V43/><F97/><W68/><G68/><T113/><D113/><U69/><E69/><V1/><F1/><W94/><G94/><T85/><D95/><U135/><N who="1" m="50802" /><U128/><DORA hai="3" /><E128/><V46/><F103/><W39/><REACH who="3" step="1"/><G40/><REACH who="3" ten="198,250,302,240" step="2"/><T107/><D107/><U86/><E28/><V77/><REACH who="2" step="1"/><F50/><REACH who="2" ten="198,250,292,240" step="2"/><W52/><G52/><AGARI ba="0,2" hai="13,15,43,46,47,48,49,52,56,63,66,77,80,87" machi="52" ten="30,16000,3" yaku="1,1,2,1,7,1,8,1,54,1,53,4" doraHai="34,3" doraHaiUra="45,42" who="2" fromWho="3" sc="198,0,250,0,292,180,240,-160" /><INIT seed="2,0,0,5,2,59" ten="198,250,472,80" oya="2" hai0="105,58,54,2,118,101,74,75,83,68,16,13,109" hai1="102,95,45,23,7,40,98,46,50,122,37,131,18" hai2="129,62,3,117,24,15,66,107,123,9,53,134,39" hai3="82,25,17,6,126,57,97,96,128,22,20,100,116"/><V42/><F117/><W14/><G116/><T121/><D118/><U120/><E7/><V30/><F123/><N who="1" m="47145" /><E131/><V91/><F107/><W84/><G128/><T56/><D68/><U8/><E8/><V48/><F3/><W33/><G33/><T21/><D121/><U70/><E70/><V110/><F134/><W35/><G35/><T106/><D109/><U73/><E73/><V69/><F110/><W1/><G1/><T31/><D2/><U19/><E23/><V111/><F111/><W81/><G126/><T92/><D31/><U47/><E47/><V127/><F127/><W44/><G44/><T67/><D74/><U4/><E4/><V112/><F129/><W78/><G100/><T0/><D0/><U72/><E72/><V76/><F76/><W71/><G71/><T38/><D38/><U113/><E113/><V65/><F112/><W29/><G6/><T12/><D75/><U90/><E90/><V125/><F91/><W41/><G41/><AGARI ba="0,0" hai="18,19,37,40,41,45,46,50,95,98,102" m="47145" machi="41" ten="30,1000,0" yaku="13,1" doraHai="59" who="1" fromWho="3" sc="198,0,250,10,472,0,80,-10" /><INIT seed="3,0,0,4,1,0" ten="198,260,472,70" oya="3" hai0="93,35,118,94,105,36,113,27,134,2,32,82,110" hai1="78,73,75,109,77,1,24,39,122,8,4,47,21" hai2="104,44,80,70,49,115,25,89,119,91,74,67,132" hai3="116,98,37,13,117,90,128,38,68,60,3,64,59"/><W92/><G3/><T56/><D118/><U46/><E122/><V108/><F115/><W85/><G128/><T103/><D105/><U129/><E129/><V87/><F119/><W83/><G117/><T106/><D106/><U66/><E66/><V31/><F74/><W41/><G116/><T101/><D56/><U15/><E1/><V95/><F104/><W18/><G41/><T53/><D53/><U88/><E109/><V100/><F100/><W72/><G72/><T20/><D2/><U65/><E65/><V127/><F132/><W26/><G26/><T12/><D12/><U84/><E73/><V45/><F127/><W126/><G68/><T30/><D36/><U52/><E52/><V123/><F108/><W107/><G107/><T111/><D134/><U50/><E50/><V71/><F45/><N who="1" m="16905" /><E39/><V97/><F67/><W54/><G64/><T16/><D113/><U51/><E51/><V133/><F133/><W76/><REACH who="3" step="1"/><G126/><REACH who="3" ten="198,260,472,60" step="2"/><T5/><D27/><U120/><E75/><V55/><F123/><W19/><G19/><T62/><D16/><N who="1" m="12327" /><E120/><V114/><F114/><W86/><G86/><T102/><D110/><U29/><E29/><V48/><F70/><W40/><G40/><T33/><D111/><U124/><E124/><V28/><F71/><W99/><G99/><T63/><D30/><N who="2" m="11306" /><F25/><W11/><AGARI ba="0,1" hai="11,13,18,37,38,54,59,60,76,83,85,90,92,98" machi="11" ten="20,3900,0" yaku="1,1,0,1,7,1,53,0" doraHai="0" doraHaiUra="22" who="3" fromWho="3" sc="198,-13,260,-13,472,-13,60,49" /><INIT seed="3,1,0,0,3,6" ten="185,247,459,109" oya="3" hai0="22,41,95,38,126,79,57,29,129,32,67,92,49" hai1="42,35,76,128,11,18,134,98,46,111,99,59,97" hai2="15,33,64,31,21,53,118,54,80,82,86,14,124" hai3="123,68,63,125,5,94,72,114,19,93,121,96,66"/><W81/><G114/><T75/><D32/><U45/><E35/><V40/><F118/><W8/><G125/><T87/><D75/><U28/><E111/><V36/><F124/><W70/><G70/><T27/><D126/><U78/><E128/><V24/><F64/><W122/><G19/><T103/><D129/><U110/><E110/><V7/><F80/><W56/><G68/><T133/><D133/><U30/><E59/><V1/><F15/><W135/><G135/><T26/><D38/><U51/><E46/><V112/><F112/><W102/><G94/><T17/><D103/><U50/><E50/><V115/><F40/><W105/><G105/><T71/><D71/><U74/><E74/><V69/><F36/><W65/><G66/><T25/><D67/><U108/><E134/><V2/><F2/><W43/><G43/><T119/><D119/><U132/><E108/><V104/><F104/><W84/><G72/><T4/><D4/><U90/><E90/><N who="2" m="51543" /><F69/><W117/><G117/><T73/><D73/><U130/><E130/><V52/><F115/><W109/><G109/><T89/><D79/><N who="1" m="30251" /><E132/><V37/><F37/><W58/><G58/><T39/><D39/><U60/><E60/><V20/><F33/><W131/><G131/><T113/><D113/><U106/><E106/><V13/><F20/><W107/><G107/><T116/><D116/><U48/><E42/><V34/><F34/><W120/><G122/><T3/><D41/><N who="1" m="24623" /><E51/><V16/><F1/><N who="3" m="47" /><G120/><T55/><D3/><U44/><E44/><V9/><F14/><AGARI ba="1,0" hai="11,14,18,28,30,97,98,99" m="24623,30251" machi="14" ten="30,2000,0" yaku="8,1,52,1" doraHai="6" who="1" fromWho="2" sc="185,0,247,23,459,-23,109,0" owari="185,-21.5,270,7.0,436,53.6,109,-39.1" /></mjloggm>