<mjloggm ver="2.3"><GO type="225" lobby="0"/><UN n0="%72%65%6E%6B%75%6E" n1="%E3%81%BF%E3%81%BF%E3%81%9A" n2="%33%74%72%65%65" n3="%E6%B4%BE%E9%81%A3%E3%81%AE%E3%82%B8%E3%83%A3%E3%83%83%E3%82%AF" dan="17,17,16,17" rate="2200.99,2284.17,2058.28,2172.65" sx="M,M,F,M"/><TAIKYOKU oya="0"/><INIT seed="0,0,0,1,0,91" ten="250,250,250,250" oya="0" hai0="5,26,28,68,112,134,74,40,39,44,24,117,59" hai1="48,125,57,12,45,14,11,17,38,64,83,41,119" hai2="109,97,53,76,126,103,51,93,61,4,122,72,85" hai3="113,86,50,8,135,77,78,3,114,115,95,62,92"/><T31/><D68/><U10/><E119/><V121/><F109/><W60/><G50/><T124/><D74/><U84/><E125/><V36/><F126/><W9/><G135/><T108/><D117/><U87/><E38/><V22/><F36/><W63/><G86/><T65/><D124/><U71/><E71/><V15/><F72/><W35/><G35/><T13/><D112/><U29/><E29/><V23/><F61/><W20/><G20/><T90/><D134/><U37/><E37/><V110/><F110/><W2/><G60/><T132/><D132/><U129/><E129/><V123/><F76/><W32/><G32/><T58/><D65/><U98/><E98/><V0/><F0/><W6/><G113/><T105/><D105/><U34/><E34/><V67/><F67/><W94/><G94/><T102/><D102/><U27/><E27/><V42/><F42/><W47/><G47/><T120/><D26/><U54/><E64/><V25/><F85/><W46/><G46/><T89/><D24/><U128/><E128/><V96/><F96/><W81/><REACH who="3" step="1"/><G6/><REACH who="3" ten="250,250,250,240" step="2"/><T56/><D108/><U118/><E118/><V106/><F106/><W131/><G131/><T99/><D44/><U100/><E87/><V55/><F51/><W49/><G49/><T7/><D5/><N who="1" m="3151" /><E45/><V82/><F22/><W16/><G16/><T101/><D39/><U88/><E41/><V69/><F23/><W75/><G75/><T79/><D40/><U130/><E130/><V73/><F73/><W107/><G107/><T66/><D7/><U19/><E17/><V21/><F4/><RYUUKYOKU ba="0,1" sc="250,-15,250,15,250,-15,240,15" hai1="11,14,19,48,54,57,83,84,88,100" hai3="2,3,8,9,62,63,77,78,81,92,95,114,115" /><INIT seed="1,1,1,5,3,83" ten="235,265,235,255" oya="1" hai0="9,28,112,78,65,126,40,103,81,98,5,33,50" hai1="94,22,113,117,74,130,38,16,32,6,24,104,72" hai2="73,87,42,7,114,85,10,43,105,90,110,3,46" hai3="8,25,99,11,106,49,23,124,47,45,34,118,20"/><U21/><E113/><V108/><F114/><W88/><G34/><T58/><D112/><U95/><E117/><V116/><F116/><W41/><G118/><T52/><D126/><U60/><E104/><V39/><F105/><W66/><G66/><T36/><D65/><U129/><E38/><V97/><F42/><W92/><G124/><T127/><D127/><U77/><E32/><V115/><F115/><W135/><G135/><T18/><D18/><U133/><E133/><V31/><F31/><W121/><G121/><T1/><D33/><U91/><E6/><V0/><F0/><W4/><G106/><T44/><D28/><U15/><E60/><V96/><F73/><W67/><G67/><T89/><D89/><U71/><E71/><V75/><F75/><W123/><G123/><T54/><D54/><U93/><E91/><V100/><F100/><W111/><G111/><N who="2" m="42537" /><F85/><W120/><G120/><T55/><D55/><U2/><E2/><V119/><F119/><W102/><G102/><T101/><D98/><U109/><E109/><V19/><F19/><N who="3" m="12447" /><G4/><T70/><D70/><U51/><E74/><AGARI ba="1,1" hai="1,5,9,36,40,44,50,52,58,74,78,81,101,103" machi="74" ten="30,7700,0" yaku="7,1,25,2,54,1" doraHai="83" who="0" fromWho="1" sc="235,90,265,-80,235,0,255,0" /><INIT seed="2,0,0,3,2,110" ten="325,185,235,255" oya="2" hai0="100,123,72,104,69,24,117,133,57,97,5,34,81" hai1="116,64,125,50,114,47,82,20,6,8,90,109,12" hai2="21,35,121,37,39,95,15,4,103,62,44,80,106" hai3="131,56,14,129,60,92,87,126,30,46,89,98,45"/><V13/><F35/><W26/><G14/><T78/><D123/><U77/><E116/><V71/><F121/><W94/><G126/><T93/><D117/><U119/><E119/><V27/><F106/><W16/><G16/><T31/><D133/><U2/><E125/><V63/><F37/><W23/><G129/><T41/><D41/><U68/><E109/><V11/><F71/><W9/><G9/><T59/><D5/><U10/><E90/><V40/><F15/><W61/><G131/><T102/><D102/><U135/><E20/><V124/><F80/><W1/><G1/><T65/><REACH who="0" step="1"/><D93/><REACH who="0" ten="315,185,235,255" step="2"/><U88/><E135/><V108/><F124/><W48/><G92/><T22/><D22/><U128/><E128/><V115/><F108/><W3/><G3/><T101/><D101/><U85/><E114/><V105/><F95/><W130/><G130/><T83/><D83/><U99/><E99/><V111/><F115/><W76/><G98/><T91/><D91/><U86/><E8/><V55/><F111/><W33/><G33/><T36/><D36/><U67/><E2/><V18/><F103/><W112/><G112/><T132/><D132/><U118/><E118/><V122/><F122/><W19/><G89/><T79/><D79/><U70/><E68/><V53/><F105/><W29/><G76/><T25/><D25/><U58/><E70/><V120/><F120/><W32/><G32/><T113/><D113/><U74/><E74/><V0/><F27/><W7/><G7/><T17/><D17/><U28/><E6/><V49/><F39/><W54/><G23/><RYUUKYOKU ba="0,1" sc="315,15,185,-15,235,15,255,-15" hai0="24,31,34,57,59,65,69,72,78,81,97,100,104" hai2="0,4,11,13,18,21,40,44,49,53,55,62,63" /><INIT seed="2,1,1,5,5,120" ten="330,170,250,240" oya="2" hai0="132,36,106,13,105,47,67,97,119,29,99,118,95" hai1="22,91,73,28,90,135,63,86,124,57,27,103,72" hai2="16,107,131,15,48,101,9,60,56,7,94,104,53" hai3="100,33,82,24,30,54,116,85,64,115,11,39,122"/><V34/><F131/><W128/><G122/><T112/><D112/><U18/><E135/><V10/><F34/><W21/><G116/><N who="0" m="44587" /><D132/><U76/><E124/><V12/><REACH who="2" step="1"/><F60/><REACH who="2" ten="330,170,240,240" step="2"/><W52/><G33/><T71/><D105/><U19/><E103/><V6/><F6/><W110/><G128/><T75/><D106/><U117/><E117/><V17/><F17/><W59/><G100/><T32/><D29/><U58/><E76/><V96/><AGARI ba="1,2" hai="7,9,10,12,15,16,48,53,56,94,96,101,104,107" machi="96" ten="30,6000,0" yaku="1,1,0,1,54,1,53,0" doraHai="120" doraHaiUra="40" who="2" fromWho="2" sc="330,-21,170,-21,240,83,240,-21" /><INIT seed="2,2,0,0,4,61" ten="309,149,323,219" oya="2" hai0="50,47,21,32,4,35,44,117,45,101,60,23,124" hai1="31,116,6,82,68,1,132,67,53,79,87,14,12" hai2="0,58,78,20,104,75,29,11,81,18,112,27,55" hai3="105,83,39,63,17,119,34,49,106,103,129,121,113"/><V72/><F112/><W102/><G121/><T5/><D117/><U120/><E116/><V133/><F133/><W38/><G34/><T93/><D124/><U99/><E132/><V74/><F104/><W115/><G119/><T118/><D118/><U15/><E120/><V62/><F0/><W13/><G129/><T135/><D135/><U91/><E31/><V84/><REACH who="2" step="1"/><F11/><REACH who="2" ten="309,149,313,219" step="2"/><W46/><G115/><T70/><D32/><U97/><E1/><V19/><AGARI ba="2,1" hai="18,19,20,27,29,55,58,62,72,74,75,78,81,84" machi="19" ten="40,7800,0" yaku="1,1,2,1,0,1,53,0" doraHai="61" doraHaiUra="109" who="2" fromWho="2" sc="309,-28,149,-28,313,94,219,-28" /><INIT seed="2,3,0,3,0,13" ten="281,121,407,191" oya="2" hai0="98,26,20,73,67,134,101,64,95,128,70,28,3" hai1="106,37,65,30,12,54,57,46,127,52,94,115,78" hai2="23,117,120,19,79,125,89,129,72,77,108,61,121" hai3="62,97,45,75,6,100,47,44,130,81,119,110,66"/><V9/><F117/><W74/><G119/><T21/><D73/><U50/><E106/><V48/><F129/><W112/><G6/><T60/><D128/><U40/><E115/><V51/><F125/><W135/><G130/><T131/><D131/><U59/><E127/><V29/><F108/><W36/><G36/><T49/><D3/><U85/><E30/><V118/><F118/><W92/><G135/><T80/><D134/><U5/><E65/><V53/><F72/><W24/><G110/><T122/><D67/><U39/><E39/><V41/><F9/><W56/><G112/><T114/><D114/><U33/><E33/><V109/><F29/><W55/><G81/><T0/><D0/><U104/><E104/><V58/><F109/><W116/><G116/><T88/><D49/><U4/><E12/><V105/><F105/><W99/><G55/><T124/><D124/><U86/><E86/><V11/><F53/><W17/><G99/><T27/><D122/><U15/><E15/><V34/><F120/><W126/><G126/><T16/><REACH who="0" step="1"/><D80/><REACH who="0" ten="271,121,407,191" step="2"/><U133/><E133/><V43/><F48/><W25/><G74/><T1/><D1/><U132/><E132/><V93/><F51/><W14/><G75/><T123/><D123/><U107/><E107/><V96/><F121/><W32/><G32/><T63/><D63/><U76/><E54/><V82/><F61/><W83/><G83/><T68/><D68/><U18/><E59/><V87/><F58/><W35/><G35/><T84/><D84/><U7/><E18/><V42/><F34/><W10/><AGARI ba="3,1" hai="10,14,17,24,25,44,45,47,56,62,66,92,97,100" machi="10" ten="30,7900,0" yaku="5,1,0,1,8,1,52,1" doraHai="13" who="3" fromWho="3" sc="271,-23,121,-23,407,-42,191,98" /><INIT seed="3,0,0,5,2,70" ten="248,98,365,289" oya="3" hai0="52,120,64,126,32,107,42,75,2,49,113,124,73" hai1="59,112,46,77,27,47,114,26,22,41,89,103,55" hai2="135,40,5,127,128,25,97,54,17,15,122,78,130" hai3="11,8,58,0,104,1,65,57,10,44,7,133,23"/><W84/><G104/><T87/><D32/><U101/><E77/><V18/><F127/><W79/><G133/><T56/><D2/><U88/><E59/><V38/><F122/><W105/><G105/><T115/><D107/><U37/><E41/><V62/><F78/><W63/><G23/><T71/><D120/><U99/><E22/><V48/><F62/><W68/><G44/><T6/><D6/><U86/><E99/><V110/><F97/><W118/><G118/><T125/><D87/><U82/><E86/><V53/><F135/><W81/><G10/><T13/><D13/><U90/><E90/><V31/><F5/><AGARI ba="0,0" hai="0,1,5,7,8,11,57,58,63,65,68,79,81,84" machi="5" ten="40,2000,0" yaku="9,1" doraHai="70" who="3" fromWho="2" sc="248,0,98,0,365,-20,289,20" /><INIT seed="3,1,0,2,2,23" ten="248,98,345,309" oya="3" hai0="108,40,107,120,119,86,124,54,50,28,20,82,96" hai1="30,19,46,76,0,26,110,21,87,38,90,48,3" hai2="66,44,89,37,116,114,130,118,113,73,15,126,81" hai3="34,45,74,102,47,31,98,127,111,63,14,122,8"/><W61/><G122/><T100/><D120/><U60/><E110/><V29/><F66/><W101/><G74/><T58/><D119/><U129/><E38/><V51/><F37/><W12/><G127/><T95/><D124/><U16/><E129/><V72/><F126/><W56/><G111/><T70/><D108/><U84/><E3/><V123/><F123/><W106/><G101/><T91/><D70/><U117/><E0/><V78/><F130/><W57/><G57/><T55/><D40/><U67/><E117/><V99/><F73/><W79/><G79/><T80/><D107/><U125/><E125/><V121/><F121/><W41/><G41/><T27/><REACH who="0" step="1"/><D55/><REACH who="0" ten="238,98,345,309" step="2"/><U94/><E76/><N who="2" m="44167" /><F116/><W75/><G75/><T5/><D5/><U11/><E84/><V62/><F78/><W128/><G128/><T36/><D36/><U68/><REACH who="1" step="1"/><E11/><REACH who="1" ten="238,88,345,309" step="2"/><V112/><F118/><W105/><G105/><T6/><D6/><U131/><E131/><V133/><F114/><W42/><G42/><T1/><D1/><U9/><E9/><V64/><F112/><W52/><G63/><T59/><D59/><U71/><E71/><V97/><F62/><W2/><G2/><T22/><D22/><U18/><E18/><V132/><F113/><W135/><G135/><T13/><D13/><N who="3" m="5225" /><G8/><T39/><D39/><U49/><E49/><V92/><F133/><W33/><G33/><T77/><D77/><U4/><E4/><V43/><F132/><W134/><G134/><T103/><D103/><U109/><E109/><V104/><F104/><W17/><G17/><T88/><D88/><RYUUKYOKU ba="1,2" sc="238,10,88,10,345,-30,309,10" hai0="20,27,28,50,54,58,80,82,86,91,95,96,100" hai1="16,19,21,26,30,46,48,60,67,68,87,90,94" hai3="31,34,45,47,52,56,61,98,102,106" owari="248,-15.2,98,-40.2,315,11.5,339,43.9" /></mjloggm>