<mjloggm ver="2.3"><GO type="225" lobby="0"/><UN n0="%E3%83%A9%E3%82%A4%E3%83%B3%E3%81%AE%E8%99%8E" n1="%E6%9D%B1%E9%A2%A8%E3%81%AE%E3%81%8D%E3%82%83%E3%81%B7%E3%81%95%E3%82%93" n2="%E3%81%BF%E3%81%BF%E3%81%9A" n3="%E4%BF%BA%E3%81%A8%E5%A6%96%E5%A4%A2" dan="16,16,18,16" rate="2109.72,2152.21,2260.75,2111.60" sx="M,M,M,F"/><TAIKYOKU oya="0"/><INIT seed="0,0,0,5,5,29" ten="250,250,250,250" oya="0" hai0="118,67,0,5,4,3,14,132,95,109,84,16,104" hai1="124,65,100,120,119,38,71,23,91,18,68,32,123" hai2="89,73,93,86,27,94,19,61,87,22,59,129,17" hai3="111,98,57,76,126,114,134,41,81,135,33,39,56"/><T21/><D104/><U58/><E38/><V24/><F129/><W133/><G114/><T6/><D118/><U51/><E119/><V96/><F73/><W115/><G115/><T12/><D67/><U28/><E100/><V66/><F94/><W48/><G111/><T7/><D132/><U55/><E124/><V42/><F42/><W36/><G98/><T1/><D84/><U112/><E91/><V43/><F43/><W125/><G33/><T50/><D50/><U107/><E107/><V101/><F101/><W10/><G10/><N who="0" m="4191" /><D95/><U122/><E65/><V54/><F66/><W108/><G108/><AGARI ba="0,0" hai="0,1,3,4,5,6,14,16,21,108,109" m="4191" machi="108" ten="40,7700,0" yaku="34,2,54,1" doraHai="29" who="0" fromWho="3" sc="250,77,250,0,250,0,250,-77" /><INIT seed="0,1,0,1,5,27" ten="327,250,250,173" oya="0" hai0="35,118,1,106,110,82,133,95,66,100,129,3,39" hai1="5,16,31,24,4,131,93,126,41,0,99,127,134" hai2="46,86,97,63,89,102,44,81,7,108,77,91,79" hai3="113,34,53,98,8,55,32,90,64,124,69,40,121"/><T112/><RYUUKYOKU type="yao9" ba="1,0" sc="327,0,250,0,250,0,173,0" hai0="1,3,35,39,66,82,95,100,106,110,112,118,129,133" /><INIT seed="0,2,0,4,1,131" ten="327,250,250,173" oya="0" hai0="117,81,93,6,54,41,104,45,36,108,27,25,120" hai1="64,55,72,85,105,40,122,86,129,16,29,78,77" hai2="63,57,102,123,7,83,48,103,133,37,79,96,71" hai3="12,2,87,58,21,59,101,118,26,20,88,33,9"/><T114/><D104/><U3/><E3/><V8/><F123/><W119/><G2/><T56/><D114/><U116/><E105/><V111/><F37/><W32/><G101/><T22/><D117/><U115/><E72/><V67/><F111/><W4/><G119/><T1/><D120/><U95/><E64/><V124/><F124/><W24/><G118/><T84/><D108/><U134/><E29/><V132/><F48/><W100/><G100/><T113/><D113/><U66/><E66/><V69/><F57/><W112/><G112/><T73/><D93/><U121/><E40/><V70/><F103/><W47/><G47/><T30/><D27/><U126/><E55/><V90/><F90/><W14/><G33/><T68/><D68/><N who="2" m="26218" /><F96/><W28/><G14/><T125/><D125/><U99/><E126/><V62/><F62/><W51/><G51/><T98/><D98/><U34/><E99/><V74/><F102/><W18/><REACH who="3" step="1"/><G32/><REACH who="3" ten="327,250,250,163" step="2"/><T17/><D45/><U42/><E34/><V46/><F46/><W109/><G109/><T60/><D1/><AGARI ba="2,1" hai="1,7,8,63,67,71,74,79,83,132,133" m="26218" machi="1" ten="30,3900,0" yaku="23,1,52,2" doraHai="131" who="2" fromWho="0" sc="327,-45,250,0,250,55,163,0" /><INIT seed="1,0,0,5,4,117" ten="282,250,305,163" oya="1" hai0="101,77,70,40,11,56,14,82,123,72,10,121,89" hai1="132,95,100,8,21,119,88,44,68,73,124,16,13" hai2="134,39,130,46,65,128,75,106,31,62,24,84,25" hai3="34,18,135,50,6,104,76,32,63,36,52,78,42"/><U97/><E68/><V19/><F75/><W48/><G104/><T94/><D70/><U74/><E119/><V45/><F106/><W83/><G135/><T9/><D101/><U127/><E132/><V66/><F134/><W90/><G6/><T47/><D56/><U93/><E44/><V108/><F108/><W5/><G5/><T86/><REACH who="0" step="1"/><D14/><REACH who="0" ten="272,250,305,163" step="2"/><U7/><E124/><V51/><F66/><W98/><G34/><T115/><D115/><U102/><E127/><V15/><F65/><W87/><G32/><T85/><D85/><U129/><E129/><V125/><F84/><W43/><G98/><T54/><D54/><U120/><E120/><V110/><F125/><W27/><G42/><T0/><D0/><U29/><E29/><V17/><F31/><W2/><G2/><T107/><D107/><U55/><E55/><V12/><F110/><W49/><G43/><T41/><D41/><U133/><E133/><V122/><F122/><W28/><G28/><T109/><D109/><U113/><E113/><V99/><F99/><W23/><REACH who="3" step="1"/><G36/><AGARI ba="0,1" hai="9,10,11,36,40,47,72,77,82,86,89,94,121,123" machi="36" ten="40,5200,0" yaku="1,1,52,2,53,0" doraHai="117" doraHaiUra="22" who="0" fromWho="3" sc="272,62,250,0,305,0,163,-52" /><INIT seed="2,0,0,1,4,71" ten="334,250,305,111" oya="2" hai0="135,52,51,121,26,5,88,97,19,44,124,28,74" hai1="15,101,65,38,64,43,10,86,91,42,93,106,120" hai2="36,60,63,119,94,96,13,116,62,8,131,59,130" hai3="107,123,79,128,25,57,70,20,30,98,108,3,47"/><V110/><F59/><W40/><G123/><T69/><D121/><U132/><E120/><V1/><F1/><W115/><G70/><T9/><D69/><U67/><E132/><V113/><F113/><W50/><G115/><T37/><D74/><U85/><E106/><V127/><F127/><W90/><G3/><T134/><D19/><U99/><E38/><V82/><F82/><W29/><G108/><T104/><D37/><U109/><E109/><V126/><F126/><W111/><G111/><T6/><D124/><U61/><E61/><V0/><F36/><W32/><G128/><N who="2" m="49193" /><F0/><W72/><G72/><T2/><D5/><U31/><E31/><V103/><F110/><W16/><G79/><T58/><D44/><U83/><REACH who="1" step="1"/><E86/><REACH who="1" ten="334,240,305,111" step="2"/><V129/><N who="2" m="49201" /><V73/><DORA hai="45" /><F73/><W78/><G30/><T68/><D104/><U56/><E56/><V55/><F55/><W80/><G57/><T27/><D68/><U87/><E87/><V12/><F12/><W102/><G29/><T95/><D28/><U24/><E24/><V100/><F103/><W49/><G32/><T46/><D58/><U7/><AGARI ba="0,1" hai="7,10,15,42,43,64,65,67,83,85,91,93,99,101" machi="7" ten="30,7900,0" yaku="1,1,0,1,8,1,53,1" doraHai="71,45" doraHaiUra="4,112" who="1" fromWho="1" sc="334,-20,240,89,305,-39,111,-20" /><INIT seed="3,0,0,2,2,57" ten="314,329,266,91" oya="3" hai0="104,88,76,53,111,74,119,59,122,16,5,129,61" hai1="100,2,30,80,46,38,31,91,126,121,94,33,81" hai2="20,7,134,133,102,87,77,96,45,55,28,63,37" hai3="13,58,34,82,26,64,107,47,62,128,99,70,75"/><W4/><G128/><T97/><D119/><U12/><E121/><V132/><F7/><W108/><G108/><T78/><D122/><U92/><E2/><V116/><F116/><W32/><G26/><T113/><D74/><U25/><E126/><V86/><F37/><W79/><G47/><T39/><D39/><U36/><E12/><V3/><F3/><W43/><G43/><T42/><D111/><U29/><E33/><V83/><F45/><W19/><G4/><T118/><D118/><U127/><E25/><V66/><F55/><W69/><G69/><T85/><D5/><U23/><E127/><V49/><F49/><W11/><REACH who="3" step="1"/><G70/><REACH who="3" ten="314,329,266,81" step="2"/><T14/><D42/><U65/><E46/><V10/><F133/><W22/><G22/><T52/><D129/><U41/><E23/><V18/><F10/><W44/><G44/><T93/><D113/><U95/><E41/><V60/><F132/><W124/><G124/><T21/><D53/><U110/><E110/><V68/><F134/><W35/><G35/><T115/><D115/><U120/><E120/><V71/><F71/><W106/><G106/><T123/><D123/><U125/><E125/><V24/><F28/><W90/><G90/><N who="0" m="55479" /><D104/><U8/><E91/><V54/><F24/><W9/><G9/><T101/><D101/><AGARI ba="0,1" hai="11,13,19,32,34,58,62,64,75,79,82,99,101,107" machi="101" ten="40,3900,0" yaku="1,1,52,1,53,0" doraHai="57" doraHaiUra="0" who="3" fromWho="0" sc="314,-39,329,0,266,0,81,49" /><INIT seed="3,1,0,1,1,8" ten="275,329,266,130" oya="3" hai0="105,74,18,66,107,126,132,1,113,69,106,54,80" hai1="0,6,62,26,22,125,91,44,108,94,88,82,103" hai2="13,41,33,114,115,14,17,109,90,86,112,32,93" hai3="49,95,29,43,111,120,121,46,21,48,65,81,97"/><W99/><G111/><T84/><D126/><U40/><E125/><V134/><F109/><W15/><G65/><T87/><D132/><U71/><E108/><V133/><F41/><W117/><G117/><T83/><D1/><U122/><E122/><V36/><F36/><W12/><G121/><T67/><D74/><U58/><E71/><V63/><F63/><W53/><G120/><T123/><D123/><U110/><E110/><V85/><F17/><W131/><G131/><T31/><D31/><U135/><E135/><N who="2" m="51723" /><F85/><W19/><G81/><T98/><D98/><N who="3" m="37385" /><G95/><T38/><D38/><U57/><E0/><V61/><F61/><W104/><G104/><T24/><D69/><U4/><E103/><V28/><F28/><W78/><G78/><T102/><D102/><U129/><E129/><V7/><F7/><N who="1" m="2601" /><E82/><V9/><F9/><W100/><G100/><T45/><D106/><U47/><E94/><V30/><F30/><W23/><G29/><T20/><D105/><U73/><E73/><V50/><F50/><N who="3" m="28887" /><G43/><T124/><D107/><U59/><E40/><V128/><F128/><W89/><G89/><N who="1" m="34378" /><E62/><V116/><F116/><W130/><G130/><T72/><D72/><U77/><E77/><V127/><F127/><W60/><G60/><T10/><D124/><U75/><E75/><V101/><F101/><W35/><G35/><AGARI ba="1,0" hai="13,14,32,33,35,86,90,93,112,114,115" m="51723" machi="35" ten="40,5200,0" yaku="20,1,52,2" doraHai="8" who="2" fromWho="3" sc="275,0,329,0,266,55,130,-55" owari="275,-12.5,329,42.9,321,12.1,75,-42.5" /></mjloggm>