<mjloggm ver="2.3"><GO type="225" lobby="0"/><UN n0="%E7%B4%94%E6%BD%94%E3%83%94%E3%83%A9%E3%83%8B%E3%82%A2" n1="%E8%B6%85%E7%B4%9A%E9%B3%B3%E5%87%B0" n2="%E3%81%8B%E3%82%8F%E3%81%A1%E3%82%83%E3%82%93%35%38" n3="%E3%83%97%E3%83%AC%E3%83%B4%E3%82%A1%E3%83%86%E3%82%A3" dan="16,16,16,16" rate="2141.24,2140.48,2125.01,2140.65" sx="M,M,M,F"/><TAIKYOKU oya="0"/><INIT seed="0,0,0,4,3,76" ten="250,250,250,250" oya="0" hai0="120,29,30,27,128,72,122,89,119,15,17,110,103" hai1="40,107,82,65,34,130,60,33,78,52,117,66,80" hai2="1,11,123,0,41,95,101,94,61,54,55,38,118" hai3="87,85,63,35,43,2,74,79,6,125,19,132,3"/><T20/><D72/><U10/><E117/><V113/><F123/><W104/><G35/><T69/><D69/><U115/><E107/><V48/><F48/><W71/><G104/><T98/><D119/><U111/><E111/><V13/><F13/><W44/><G132/><T36/><D36/><U7/><E130/><V42/><F118/><W105/><G105/><T26/><D128/><U37/><E115/><V124/><F61/><W102/><G102/><T46/><D46/><U114/><E114/><V22/><F113/><W92/><G125/><T5/><D103/><U39/><E60/><V83/><F101/><W4/><G19/><T59/><D59/><U81/><E78/><V96/><F22/><W108/><G108/><T129/><D129/><U58/><E52/><V53/><F53/><W88/><G87/><T21/><D110/><U86/><E86/><V18/><F11/><W134/><G134/><T106/><D106/><U57/><E81/><V135/><F18/><W8/><G63/><T23/><D89/><U32/><E32/><V75/><F135/><W116/><G71/><T109/><D98/><U12/><E12/><V127/><F38/><N who="3" m="21623" /><G116/><T56/><D56/><U14/><E14/><V9/><F9/><W49/><G6/><T77/><D109/><U67/><E67/><V90/><F96/><W112/><G112/><T91/><D91/><U126/><E7/><V93/><F90/><W24/><G24/><N who="0" m="14351" /><D77/><U47/><E47/><V16/><F94/><W68/><G68/><T131/><D131/><U84/><E65/><V70/><F70/><W100/><G100/><RYUUKYOKU ba="0,0" sc="250,30,250,-10,250,-10,250,-10" hai0="5,15,21,23,26,27,29,30,120,122" /><INIT seed="0,1,0,3,4,42" ten="280,240,240,240" oya="0" hai0="58,123,14,132,60,113,30,41,44,110,54,122,48" hai1="39,94,105,31,106,131,101,133,128,32,51,92,11" hai2="4,74,20,33,66,50,119,36,73,16,65,2,37" hai3="40,83,75,10,78,45,69,91,103,62,107,17,0"/><T38/><D113/><U15/><E39/><V80/><F33/><W130/><G91/><T34/><D34/><U23/><E32/><V56/><F37/><N who="3" m="21647" /><G17/><T52/><D30/><U25/><E133/><V79/><F36/><W93/><G93/><N who="1" m="35946" /><E51/><V8/><F74/><W13/><G13/><T63/><D132/><U55/><E55/><V57/><F119/><W114/><G114/><T81/><D81/><U111/><E101/><V72/><F72/><W125/><G125/><T64/><D14/><U120/><E120/><V9/><F9/><W100/><G130/><N who="1" m="49706" /><E111/><V35/><F35/><W121/><G121/><T99/><D99/><U89/><E89/><V22/><F22/><W43/><G43/><T109/><D109/><U134/><E134/><V19/><F19/><AGARI ba="1,0" hai="11,15,19,23,25,31,105,106" m="49706,35946" machi="19" ten="30,1000,0" yaku="19,1" doraHai="42" who="1" fromWho="2" sc="280,0,240,13,240,-13,240,0" /><INIT seed="1,0,0,1,3,51" ten="280,253,227,240" oya="1" hai0="6,84,68,33,90,56,62,135,65,115,130,24,20" hai1="100,106,72,125,22,63,91,29,114,98,2,77,66" hai2="89,102,57,99,38,107,81,47,134,53,112,8,59" hai3="108,101,117,116,32,19,95,17,96,50,93,31,69"/><U11/><E114/><V75/><F134/><W61/><G108/><T85/><D135/><U58/><E125/><V76/><F112/><W110/><G110/><T97/><D130/><U40/><E40/><V111/><F111/><W113/><G113/><T123/><D33/><U23/><E29/><V12/><F89/><W37/><G37/><T126/><D126/><U128/><E128/><V122/><F122/><W124/><G124/><T27/><D27/><U71/><E71/><V25/><F25/><W52/><G32/><T132/><D123/><U49/><E49/><V21/><F21/><W7/><G31/><T133/><D6/><U44/><E44/><V5/><REACH who="2" step="1"/><F53/><REACH who="2" ten="280,253,217,240" step="2"/><W78/><G78/><T70/><D115/><U74/><E91/><V13/><F13/><W30/><G30/><T16/><D132/><U34/><E34/><V0/><F0/><W119/><G7/><T79/><D133/><U64/><E77/><V127/><F127/><W54/><G69/><T55/><D70/><U118/><E2/><V94/><F94/><W10/><G95/><N who="0" m="56567" /><D79/><U15/><E22/><V3/><F3/><W41/><G10/><T45/><D68/><U131/><E23/><V67/><F67/><W26/><G26/><T42/><D65/><U35/><E35/><V87/><F87/><W121/><G121/><T104/><D104/><U103/><E64/><V83/><F83/><W82/><G82/><T105/><D105/><U129/><E106/><V1/><F1/><W39/><G54/><T109/><D109/><U60/><E66/><V28/><F28/><W92/><G92/><RYUUKYOKU ba="0,1" sc="280,15,253,-15,217,15,240,-15" hai0="16,20,24,42,45,55,56,62,84,85" hai2="5,8,12,38,47,57,59,75,76,81,99,102,107" /><INIT seed="2,1,1,0,2,79" ten="295,238,232,225" oya="2" hai0="23,101,87,38,21,42,125,134,4,11,88,112,28" hai1="60,118,18,24,103,53,45,22,64,69,102,117,12" hai2="81,119,116,3,132,16,120,39,14,47,48,108,29" hai3="82,32,44,126,68,56,93,9,104,62,115,61,131"/><V124/><F120/><W1/><G104/><T52/><D112/><U122/><E122/><V91/><F3/><W99/><G32/><T128/><D101/><U67/><E67/><V66/><F39/><W86/><G115/><T123/><D123/><U54/><E117/><V37/><F37/><W76/><G131/><T49/><D128/><U98/><E103/><V100/><F100/><W33/><G33/><T96/><D96/><U2/><E2/><V73/><F73/><W17/><G126/><T135/><D42/><U133/><E133/><N who="0" m="50697" /><D28/><U36/><E118/><V15/><F29/><W40/><G68/><T83/><D38/><U13/><E53/><N who="2" m="29855" /><F132/><W85/><G85/><T51/><D51/><U106/><E54/><V113/><F113/><W89/><G56/><N who="0" m="32783" /><D125/><U55/><E55/><V84/><F124/><W70/><G70/><T30/><D30/><U59/><E69/><V95/><F66/><W111/><G111/><T35/><D35/><U8/><E36/><V58/><F58/><W109/><G109/><T114/><D114/><U46/><E46/><V130/><F108/><W77/><G44/><T26/><D26/><U72/><E45/><V50/><F50/><W75/><G40/><T92/><D92/><U71/><E71/><V34/><F34/><W41/><G41/><T74/><D74/><U10/><E72/><V63/><F63/><N who="3" m="24075" /><G1/><AGARI ba="1,1" hai="1,4,11,21,23,83,87,88" m="32783,50697" machi="1" ten="30,7700,0" yaku="20,1,52,1,54,2" doraHai="79" who="0" fromWho="3" sc="295,90,238,0,232,0,225,-80" /><INIT seed="3,0,0,1,4,84" ten="385,238,232,145" oya="3" hai0="105,129,95,61,88,7,73,5,15,42,103,23,47" hai1="49,22,125,32,56,131,27,12,97,89,1,128,20" hai2="94,102,53,71,92,113,123,81,120,115,75,55,80" hai3="60,21,93,37,6,19,98,50,101,30,133,132,51"/><W91/><G37/><T36/><D73/><U107/><E1/><V130/><F75/><W41/><G6/><T3/><D3/><U86/><E125/><V0/><F0/><W38/><G30/><T35/><D35/><U70/><E70/><V104/><F71/><W96/><G60/><T116/><D116/><U39/><E39/><V44/><F104/><W99/><G38/><T111/><D105/><U52/><E32/><V77/><F130/><W28/><G28/><T13/><D103/><N who="1" m="62959" /><E27/><V26/><F26/><W29/><G29/><T59/><D111/><U119/><E119/><V124/><F124/><W134/><G41/><T64/><D129/><N who="1" m="49739" /><E12/><V31/><F31/><W135/><N who="3" m="33792" /><DORA hai="69" /><W90/><G101/><T4/><D23/><U68/><E68/><V24/><F24/><N who="3" m="14399" /><G93/><AGARI ba="0,0" hai="20,22,49,52,56,86,89,93" m="49739,62959" machi="93" ten="30,3900,0" yaku="19,1,52,1,54,1" doraHai="84,69" who="1" fromWho="3" sc="385,0,238,39,232,0,145,-39" owari="385,48.5,277,7.7,232,-16.8,106,-39.4" /></mjloggm>