<mjloggm ver="2.3"><GO type="225" lobby="0"/><UN n0="%E3%81%AA%E3%81%A1%30%39%32%37" n1="%E6%B4%BE%E9%81%A3%E3%81%AE%E3%82%B8%E3%83%A3%E3%83%83%E3%82%AF" n2="%6D%75%75%6D%75%72%61" n3="%E6%A0%B9%E5%85%83%E3%81%8B%E3%82%89%E5%90%B9%E3%81%A3%E9%A3%9B%E3%81%B6" dan="16,16,17,17" rate="2059.72,2186.54,2170.94,2245.05" sx="M,M,F,F"/><TAIKYOKU oya="0"/><INIT seed="0,0,0,2,2,56" ten="250,250,250,250" oya="0" hai0="65,125,43,77,35,120,13,86,133,23,85,80,36" hai1="49,29,78,9,129,83,124,92,17,93,58,127,73" hai2="132,40,128,27,89,63,61,79,46,95,103,96,18" hai3="59,116,69,106,22,51,55,91,20,71,123,117,111"/><T39/><D120/><U62/><E129/><V3/><F128/><W114/><G114/><T74/><D125/><N who="1" m="48203" /><E29/><V41/><F3/><W53/><G106/><T50/><D133/><U42/><E42/><N who="2" m="16491" /><F132/><W0/><G0/><T126/><D126/><U102/><E49/><V131/><F131/><W70/><G123/><T2/><D35/><U19/><E9/><V112/><F112/><W134/><G111/><T97/><D2/><U32/><E32/><V24/><F79/><W15/><G134/><T11/><D23/><U75/><E75/><V10/><F46/><W16/><G91/><T118/><D118/><U4/><E4/><V14/><F89/><W33/><G33/><T119/><D119/><U84/><E102/><V109/><F109/><W5/><G5/><T57/><D50/><U66/><E73/><V64/><F64/><W54/><G116/><T99/><D43/><U94/><AGARI ba="0,0" hai="17,19,58,62,66,78,83,84,92,93,94" m="48203" machi="94" ten="30,2000,0" yaku="18,1,52,1" doraHai="56" who="1" fromWho="1" sc="250,-10,250,20,250,-5,250,-5" /><INIT seed="1,0,0,5,5,17" ten="240,270,245,245" oya="1" hai0="88,12,80,53,107,109,46,83,21,57,26,122,113" hai1="129,93,135,22,90,28,47,0,131,40,78,85,94" hai2="102,14,49,3,118,20,59,116,114,99,74,121,38" hai3="105,97,73,34,89,112,130,11,9,126,86,91,23"/><U37/><E0/><V77/><F121/><W82/><G34/><T100/><D113/><U117/><E117/><V32/><F3/><W56/><G112/><T123/><D109/><U71/><E71/><V33/><F114/><W63/><G126/><T27/><D107/><U67/><E67/><V64/><F38/><W75/><G130/><N who="1" m="49674" /><E135/><V60/><F74/><W51/><G51/><T6/><D100/><U8/><E8/><V76/><F77/><W61/><G75/><T133/><D46/><U36/><E78/><V96/><F76/><W48/><G73/><T87/><D83/><N who="1" m="49471" /><E36/><V2/><F2/><W124/><G9/><T79/><D79/><U111/><E111/><V35/><F49/><W31/><G11/><T115/><D115/><U13/><E28/><V125/><F125/><W70/><G70/><T41/><D133/><U54/><E54/><V58/><F58/><W108/><G105/><T81/><D6/><U110/><E110/><V128/><F128/><W132/><G132/><T30/><D41/><U106/><E106/><V39/><F39/><W45/><G124/><T72/><D123/><U24/><E24/><V92/><REACH who="2" step="1"/><F99/><REACH who="2" ten="240,270,235,245" step="2"/><W25/><G108/><T50/><D122/><U43/><E43/><V15/><F15/><W66/><G97/><T10/><D72/><U7/><E7/><V52/><F52/><N who="3" m="29711" /><G91/><T55/><D12/><U69/><E69/><V1/><F1/><W84/><G84/><N who="0" m="50183" /><D27/><U68/><E68/><V103/><F103/><W18/><G86/><T98/><D55/><U16/><AGARI ba="0,1" hai="13,16,22,37,40,47,93,94" m="49471,49674" machi="16" ten="30,6000,0" yaku="19,1,52,1,54,1" doraHai="17" who="1" fromWho="1" sc="240,-20,270,70,235,-20,245,-20" /><INIT seed="1,1,0,2,1,5" ten="220,340,215,225" oya="1" hai0="61,13,12,94,76,22,108,54,3,115,31,123,43" hai1="72,4,116,24,9,106,65,16,104,83,99,122,29" hai2="120,17,7,78,6,101,66,125,81,90,20,0,77" hai3="42,112,133,73,2,79,98,30,107,25,10,70,88"/><U92/><E116/><V50/><F120/><W34/><G112/><T100/><D115/><U105/><E65/><V97/><F125/><W135/><G42/><T75/><D108/><U86/><E72/><V19/><F66/><W32/><G32/><T26/><D123/><U14/><E122/><V52/><F90/><W44/><G44/><T40/><D3/><U41/><E41/><N who="0" m="15945" /><D75/><U131/><E131/><V111/><F111/><W35/><G35/><T51/><D76/><U95/><E4/><V58/><F17/><W80/><G70/><T85/><D61/><U28/><E24/><V11/><F81/><W132/><G88/><N who="0" m="53519" /><D100/><U71/><E71/><V69/><F6/><N who="3" m="1367" /><G98/><T37/><D37/><U127/><E127/><V130/><F130/><W102/><G102/><T64/><D64/><U118/><E118/><V49/><F49/><W119/><G107/><T109/><D109/><U117/><E117/><AGARI ba="1,0" hai="25,30,34,73,79,80,117,119,132,133,135" m="1367" machi="117" ten="40,5200,0" yaku="20,1,23,1,52,1" doraHai="5" who="3" fromWho="1" sc="220,0,340,-55,215,0,225,55" /><INIT seed="2,0,0,3,3,131" ten="220,285,215,280" oya="2" hai0="41,6,94,105,18,76,69,72,9,129,84,118,40" hai1="15,67,20,135,64,91,13,39,124,86,5,24,60" hai2="54,19,128,73,55,122,103,38,125,2,45,36,116" hai3="71,33,104,59,43,115,102,52,133,81,88,63,113"/><V82/><F116/><W50/><G133/><T47/><D129/><U4/><E39/><V30/><F128/><W22/><G33/><T92/><D105/><U14/><E124/><V49/><F2/><W56/><G71/><T44/><D69/><U58/><E67/><V109/><F122/><W134/><G134/><T21/><D72/><U95/><REACH who="1" step="1"/><E135/><REACH who="1" ten="220,275,215,280" step="2"/><V83/><F125/><W100/><G115/><T114/><D114/><U17/><AGARI ba="0,1" hai="4,5,13,14,15,17,20,24,58,60,64,86,91,95" machi="17" ten="30,7900,0" yaku="1,1,2,1,0,1,8,1,53,0" doraHai="131" doraHaiUra="35" who="1" fromWho="1" sc="220,-20,275,89,215,-39,280,-20" /><INIT seed="3,0,0,0,3,59" ten="200,364,176,260" oya="3" hai0="55,33,64,114,101,44,67,32,124,75,81,96,119" hai1="51,62,76,19,36,41,79,34,71,47,17,98,52" hai2="111,63,82,2,14,87,61,73,135,69,92,117,112" hai3="0,21,15,38,4,104,85,86,48,125,109,107,30"/><W50/><G38/><T20/><D119/><U100/><E34/><V29/><F2/><W5/><G21/><T68/><D124/><U90/><E90/><N who="2" m="51575" /><F112/><W77/><G15/><T18/><D114/><U113/><E113/><V102/><F69/><W57/><G57/><T45/><D75/><U126/><E126/><V128/><F73/><W89/><G30/><T60/><D81/><U122/><E122/><V24/><F117/><W118/><G89/><T1/><D1/><U65/><E17/><V3/><F3/><W11/><G0/><T66/><D68/><U72/><E72/><V40/><F111/><W16/><G107/><T108/><D108/><U123/><E19/><V13/><F128/><W106/><G104/><T84/><D84/><U80/><E80/><V133/><F40/><W42/><G106/><T31/><D31/><U26/><E26/><V130/><F130/><W70/><G42/><T91/><D101/><U127/><E127/><V56/><F56/><W121/><G70/><T10/><D10/><U12/><E12/><N who="2" m="4715" /><F24/><W28/><G11/><T37/><D37/><U110/><E110/><V83/><F83/><W23/><G125/><T88/><D33/><U39/><E39/><V46/><F46/><N who="0" m="18026" /><D32/><U131/><E131/><V54/><F54/><W53/><G53/><T99/><D91/><U78/><E123/><V49/><F49/><W9/><G50/><T103/><D88/><U132/><E36/><V27/><F135/><W25/><G118/><T95/><D99/><U93/><E132/><V22/><F133/><W7/><G109/><T97/><D97/><AGARI ba="0,0" hai="22,27,29,61,63,92,97,102" m="4715,51575" machi="97" ten="30,7700,0" yaku="6,1,8,1,52,2" doraHai="59" who="2" fromWho="0" sc="200,-77,364,0,176,77,260,0" owari="123,-37.7,364,46.4,253,-14.7,260,6.0" /></mjloggm>