<mjloggm ver="2.3"><GO type="225" lobby="0"/><UN n0="%72%69%6F%75%63%68%61%6E" n1="%E6%81%A5%E6%99%92%E3%81%97" n2="%E6%97%A5%E6%9B%9C%E6%97%A5%E3%82%88%E3%82%8A%E3%81%AE%E4%BD%BF%E8%80%85" n3="%6D%61%74%69%67%75%73%61" dan="17,16,16,17" rate="2202.94,2141.73,2104.78,2146.30" sx="M,M,M,M"/><TAIKYOKU oya="0"/><INIT seed="0,0,0,5,0,62" ten="250,250,250,250" oya="0" hai0="36,12,102,76,124,104,71,79,87,24,113,19,5" hai1="81,119,9,126,50,34,80,16,117,77,65,106,116" hai2="2,57,61,114,17,66,135,134,120,6,128,84,10" hai3="72,91,122,23,59,38,115,68,74,83,85,130,123"/><T75/><D113/><U118/><E126/><V53/><F114/><W28/><G68/><T88/><D124/><U98/><E34/><V37/><F120/><N who="3" m="46123" /><G38/><T42/><D71/><U132/><E132/><N who="2" m="50731" /><F128/><W55/><G115/><T30/><D75/><U47/><E116/><V108/><F108/><W13/><G130/><T93/><D5/><U58/><E98/><V86/><F37/><W7/><G28/><T97/><D42/><U26/><E106/><V100/><F100/><W109/><G109/><T94/><D36/><U39/><E39/><V18/><F53/><W99/><G99/><T125/><D125/><U63/><E77/><V96/><F96/><W54/><G54/><T4/><D4/><U67/><E67/><V131/><F131/><W44/><G44/><T133/><D133/><U95/><E95/><V35/><F35/><W112/><G112/><T103/><D103/><U27/><E27/><V78/><F78/><W22/><G7/><T127/><D104/><U43/><REACH who="1" step="1"/><E26/><REACH who="1" ten="250,240,250,250" step="2"/><V105/><F105/><W49/><G13/><AGARI ba="0,1" hai="9,13,16,43,47,50,58,63,65,80,81,117,118,119" machi="13" ten="40,8000,1" yaku="1,1,2,1,52,1,54,1,53,0" doraHai="62" doraHaiUra="82" who="1" fromWho="3" sc="250,0,240,90,250,0,250,-80" /><INIT seed="1,0,0,5,5,113" ten="250,330,250,170" oya="1" hai0="21,97,16,116,95,34,81,73,23,89,106,126,39" hai1="12,100,4,63,130,85,118,75,87,91,53,123,64" hai2="99,70,8,59,84,31,135,13,68,47,55,43,101" hai3="92,18,110,17,32,26,58,86,111,124,121,56,51"/><U30/><E123/><V46/><F31/><W120/><G92/><T129/><D116/><U131/><E75/><V19/><F135/><W83/><G86/><T66/><D34/><U102/><E53/><V133/><F84/><W35/><G51/><T44/><D126/><U88/><E30/><V112/><F112/><W115/><G115/><T114/><D114/><U7/><E63/><V33/><F33/><W52/><G52/><T127/><D127/><U61/><E61/><V76/><F76/><W24/><REACH who="3" step="1"/><G124/><REACH who="3" ten="250,330,250,160" step="2"/><T80/><D95/><U22/><E64/><V134/><F134/><W6/><G6/><T45/><D66/><U79/><E87/><V122/><F133/><W40/><G40/><T71/><D73/><U105/><E4/><V29/><F43/><W48/><G48/><T5/><D5/><U3/><E85/><V42/><F42/><W14/><G14/><T94/><D94/><U74/><E12/><V11/><F13/><W37/><G37/><T77/><D39/><U125/><E7/><V28/><F55/><W109/><G109/><T98/><D97/><U93/><E125/><V132/><F132/><W67/><G67/><T54/><D98/><U69/><E93/><V38/><F99/><W65/><G65/><T96/><D96/><U117/><E102/><V20/><F101/><W90/><G90/><T78/><D89/><U82/><E88/><V36/><F36/><W108/><G108/><T57/><D54/><U72/><E91/><V15/><F38/><W9/><G9/><T10/><D10/><U104/><E100/><V49/><F8/><RYUUKYOKU ba="0,1" sc="250,-10,330,-10,250,-10,160,30" hai3="17,18,24,26,32,35,56,58,83,110,111,120,121" /><INIT seed="2,1,1,1,3,48" ten="240,320,240,190" oya="2" hai0="128,60,101,42,23,26,116,121,5,104,126,63,109" hai1="29,35,117,115,33,4,73,127,18,123,34,0,1" hai2="17,105,39,27,88,68,43,38,56,52,7,45,93" hai3="130,22,111,113,84,119,64,47,13,102,122,86,37"/><V99/><F68/><W15/><G119/><T46/><D121/><U87/><E73/><V76/><F7/><W129/><G122/><T70/><D116/><U75/><E75/><V25/><F39/><W110/><G64/><T6/><D109/><N who="3" m="41481" /><G102/><T97/><D126/><U100/><E87/><N who="3" m="33322" /><G22/><T79/><D128/><N who="3" m="49257" /><G113/><T71/><D79/><U8/><E100/><V106/><F76/><W14/><G47/><T28/><D70/><U49/><E115/><V107/><REACH who="2" step="1"/><F17/><REACH who="2" ten="240,320,230,190" step="2"/><W53/><G53/><T69/><D71/><U62/><E18/><V51/><AGARI ba="1,2" hai="25,27,38,43,45,51,52,56,88,93,99,105,106,107" machi="51" ten="30,18000,2" yaku="1,1,2,1,0,1,52,1,54,2,53,0" doraHai="48" doraHaiUra="66" who="2" fromWho="2" sc="240,-61,320,-61,230,203,190,-61" /><INIT seed="2,2,0,4,0,73" ten="179,259,433,129" oya="2" hai0="15,133,30,53,93,2,70,12,4,100,109,20,84" hai1="101,127,96,71,88,33,118,107,105,67,51,48,124" hai2="27,36,49,125,81,31,65,106,10,87,18,72,45" hai3="78,63,24,47,32,126,75,112,56,5,3,89,77"/><V6/><F106/><W1/><G75/><T80/><D70/><U90/><E118/><V16/><F65/><W13/><G32/><T22/><D109/><U115/><E115/><V123/><F36/><W97/><G1/><T34/><D133/><U28/><E107/><V79/><F72/><W62/><G3/><T40/><D34/><U59/><E59/><V117/><F125/><N who="1" m="48201" /><E51/><V58/><F58/><W25/><G47/><T122/><D122/><U57/><E71/><V69/><F69/><W0/><G0/><T86/><D40/><U131/><E131/><V9/><F117/><W35/><G35/><T99/><D2/><U64/><E64/><V46/><F123/><W103/><G89/><T39/><D39/><U14/><E14/><N who="0" m="5161" /><D4/><U132/><E132/><V92/><F92/><N who="3" m="58791" /><G112/><T68/><D68/><U116/><E116/><V21/><F46/><W54/><G63/><T83/><D53/><N who="1" m="31911" /><E67/><V121/><F121/><W38/><G38/><T129/><D129/><U37/><E37/><V55/><F6/><W23/><G126/><T11/><D11/><AGARI ba="2,0" hai="9,10,11,16,18,21,27,31,45,49,55,79,81,87" machi="11" ten="40,7700,0" yaku="8,1,52,1,54,1" doraHai="73" who="2" fromWho="0" sc="179,-83,259,0,433,83,129,0" /><INIT seed="2,3,0,0,5,134" ten="96,259,516,129" oya="2" hai0="8,133,63,32,114,104,103,56,5,106,42,11,97" hai1="76,68,83,132,38,88,14,124,19,30,121,51,128" hai2="15,118,108,55,110,28,41,127,120,46,21,33,69" hai3="9,50,131,37,84,74,81,25,111,35,58,71,96"/><V101/><F118/><W93/><G71/><T54/><D133/><U16/><E38/><V22/><F120/><W115/><G37/><T112/><D32/><U98/><E132/><V66/><F55/><W62/><G111/><N who="2" m="42537" /><F101/><W123/><G50/><T44/><D106/><U64/><E128/><V109/><F15/><W7/><G74/><T67/><D54/><U27/><E51/><N who="2" m="27087" /><F109/><W60/><G131/><T40/><D42/><U116/><E14/><V130/><F130/><W31/><G123/><T80/><D80/><U45/><E83/><V72/><F72/><W87/><G115/><T12/><REACH who="0" step="1"/><D11/><REACH who="0" ten="86,259,516,129" step="2"/><U29/><E116/><V13/><F33/><W105/><G105/><T1/><D1/><U6/><E121/><V135/><F135/><W75/><G75/><T0/><D0/><U119/><E119/><V86/><F22/><W49/><G81/><T2/><D2/><U126/><E64/><V113/><F66/><W82/><G82/><T99/><D99/><U65/><E65/><V24/><F86/><W117/><G117/><T4/><D4/><U26/><E6/><V23/><F23/><W91/><G87/><T59/><D59/><U20/><E98/><V39/><F21/><W85/><G85/><T90/><D90/><U47/><E20/><V18/><F69/><W73/><G73/><T77/><D77/><U3/><E76/><V79/><F79/><W36/><G84/><T43/><D43/><U53/><E68/><V125/><F113/><W70/><G70/><T95/><D95/><U100/><E53/><V89/><F89/><W10/><G96/><RYUUKYOKU ba="3,1" sc="86,30,259,-10,516,-10,129,-10" hai0="5,8,12,40,44,56,63,67,97,103,104,112,114" /><INIT seed="3,4,1,0,1,79" ten="116,249,506,119" oya="3" hai0="86,93,69,31,17,28,124,56,34,130,114,49,126" hai1="38,133,80,85,40,74,102,99,16,117,11,33,68" hai2="65,42,75,78,83,41,30,95,101,131,50,81,91" hai3="64,47,5,76,106,135,112,84,108,9,116,103,35"/><W48/><G112/><T71/><D130/><U32/><E74/><V15/><F131/><W113/><G116/><T98/><D114/><U62/><E133/><V59/><F101/><W105/><G113/><T0/><D0/><U58/><E58/><V1/><F1/><W88/><G35/><T129/><D129/><U104/><E117/><V70/><F70/><N who="0" m="26634" /><D34/><U111/><E16/><V4/><F30/><W125/><G64/><T94/><D17/><U55/><E11/><V127/><F127/><N who="0" m="48682" /><D86/><U123/><E55/><V46/><F42/><W77/><G125/><T7/><D7/><U121/><E85/><V90/><F90/><W37/><G37/><T52/><D93/><U73/><E73/><V20/><F50/><W87/><G135/><T57/><D57/><U27/><E33/><V82/><F91/><AGARI ba="4,1" hai="28,31,49,52,56,91,94,98" m="48682,26634" machi="91" ten="30,2000,0" yaku="18,1,54,1" doraHai="79" who="0" fromWho="2" sc="116,42,249,0,506,-32,119,0" owari="158,-24.2,249,4.9,474,57.4,119,-38.1" /></mjloggm>