<mjloggm ver="2.3"><GO type="225" lobby="0"/><UN n0="%74%61%6B%65%2D%79%6F%75" n1="%E9%80%9F%E6%B0%B4%E5%87%9B%E9%A6%99" n2="%E3%81%9F%E3%81%93%E2%98%86%E7%84%BC%E3%81%8D" n3="%E5%AE%AE%E4%BF%9D%E9%B6%8F%E8%82%89" dan="16,16,16,16" rate="2176.62,2152.23,2079.45,2127.32" sx="M,F,M,M"/><TAIKYOKU oya="0"/><INIT seed="0,0,0,5,0,69" ten="250,250,250,250" oya="0" hai0="61,75,47,58,36,6,34,44,82,114,103,40,113" hai1="84,53,125,49,43,23,9,18,134,120,2,15,48" hai2="46,38,56,132,89,83,128,73,123,117,76,30,42" hai3="112,99,135,93,27,68,12,133,130,106,109,54,97"/><T70/><D34/><U119/><E120/><V86/><F123/><W101/><G109/><T55/><D103/><U122/><E119/><V41/><F128/><W105/><G68/><T107/><D107/><U3/><E122/><V104/><F132/><N who="3" m="50763" /><G112/><T45/><D6/><U87/><E125/><V59/><F104/><N who="3" m="63535" /><G12/><T121/><D121/><U10/><E134/><V51/><F117/><W71/><G71/><T21/><D21/><U50/><E43/><V127/><F30/><W24/><G130/><T95/><D95/><U94/><E2/><V91/><F127/><W118/><G118/><T1/><D1/><U81/><E3/><V129/><F129/><W35/><G24/><T78/><REACH who="0" step="1"/><D70/><REACH who="0" ten="240,250,250,250" step="2"/><U8/><E94/><V72/><F91/><N who="3" m="55743" /><G35/><T110/><D110/><U98/><E23/><V90/><F90/><W37/><G27/><T116/><D116/><U65/><E8/><V62/><F89/><W96/><G96/><T11/><D11/><U20/><E98/><V5/><F5/><W25/><G25/><T131/><D131/><U111/><E111/><V63/><F76/><W66/><G105/><T22/><D22/><U29/><E9/><V33/><F33/><W74/><G106/><T92/><D92/><U4/><E4/><V16/><F83/><W102/><G102/><T19/><D19/><U31/><E81/><V7/><F16/><W108/><G108/><T39/><D39/><U64/><E10/><V60/><F7/><W126/><G37/><T13/><D13/><U17/><E15/><V77/><F77/><W52/><G126/><T80/><D80/><RYUUKYOKU ba="0,1" sc="240,30,250,-10,250,-10,250,-10" hai0="36,40,44,45,47,55,58,61,75,78,82,113,114" /><INIT seed="0,1,1,4,3,121" ten="270,240,240,240" oya="0" hai0="22,91,109,119,70,11,93,113,52,127,78,19,120" hai1="31,8,13,71,82,135,110,1,107,17,118,27,38" hai2="106,134,6,84,25,83,37,126,60,133,77,14,16" hai3="34,72,124,41,96,79,132,87,99,85,117,44,46"/><T68/><D120/><U51/><E38/><V61/><F106/><W29/><G117/><T40/><D119/><U101/><E71/><V125/><F37/><W58/><G124/><N who="2" m="47721" /><F6/><W21/><G132/><N who="2" m="50793" /><F25/><W47/><G34/><T32/><D32/><U43/><E118/><V20/><AGARI ba="1,1" hai="14,16,20,60,61,77,83,84" m="50793,47721" machi="20" ten="30,4000,0" yaku="18,1,20,1,54,1" doraHai="121" who="2" fromWho="2" sc="270,-21,240,-11,240,53,240,-11" /><INIT seed="1,0,0,2,2,79" ten="249,229,293,229" oya="1" hai0="126,1,83,101,56,118,33,120,105,97,94,4,100" hai1="46,54,116,70,14,92,55,117,135,12,15,74,129" hai2="66,122,27,19,81,84,25,78,9,8,36,39,87" hai3="110,48,64,42,49,93,28,40,68,17,106,86,6"/><U3/><E3/><V69/><F122/><W91/><G106/><T13/><D118/><U38/><E70/><V61/><F39/><W50/><G110/><T57/><D120/><U134/><E74/><V24/><F36/><W47/><G6/><T65/><D126/><U123/><E123/><V7/><F19/><W72/><G72/><T124/><D124/><U85/><E38/><V2/><REACH who="2" step="1"/><F8/><REACH who="2" ten="249,229,283,229" step="2"/><W58/><G17/><T112/><D112/><U30/><E116/><V0/><F0/><W18/><G18/><T128/><D1/><U51/><E117/><V26/><N who="2" m="6144" /><DORA hai="80" /><V89/><F89/><W45/><G28/><T22/><D13/><U82/><E30/><V113/><F113/><W131/><G131/><T90/><D128/><U5/><E129/><V10/><F10/><W34/><G34/><T114/><D90/><U16/><E5/><V115/><F115/><W127/><G127/><T37/><D37/><U102/><E16/><V77/><F77/><W35/><G35/><T88/><D88/><N who="1" m="51255" /><E135/><V53/><F53/><W20/><G20/><T71/><D4/><U59/><E134/><V52/><F52/><W98/><G40/><T60/><D114/><U103/><E92/><V43/><F43/><W41/><G41/><T119/><D94/><U99/><E55/><V75/><AGARI ba="0,1" hai="2,7,9,61,66,69,75,78,81,84,87" m="6144" machi="75" ten="40,8000,1" yaku="1,1,0,1,52,3,53,0" doraHai="79,80" doraHaiUra="11,121" who="2" fromWho="2" sc="249,-20,229,-40,283,90,229,-20" /><INIT seed="2,0,0,1,5,102" ten="229,189,373,209" oya="2" hai0="94,74,114,53,135,16,124,3,48,30,41,72,99" hai1="129,100,123,121,116,9,91,8,80,83,61,66,77" hai2="79,46,10,88,32,132,15,18,27,122,36,89,86" hai3="84,119,68,5,7,44,59,108,42,55,26,134,69"/><V67/><F67/><W73/><G119/><T51/><D114/><U111/><E116/><V14/><F132/><W115/><G73/><T0/><D135/><U85/><E111/><V62/><F62/><W128/><G134/><T103/><D124/><U25/><E25/><V31/><F79/><W81/><G108/><T112/><D112/><U24/><E24/><V90/><F36/><W87/><G128/><T39/><D30/><U125/><E100/><V78/><F78/><W52/><G115/><T19/><D39/><U49/><E49/><V110/><F46/><W40/><G26/><T120/><D120/><N who="1" m="46155" /><E125/><V20/><F110/><W71/><G42/><T13/><D41/><U109/><E109/><V76/><F76/><W118/><G118/><T11/><D19/><U82/><E129/><V60/><F60/><W106/><G106/><T97/><D48/><U38/><E38/><V17/><REACH who="2" step="1"/><F122/><REACH who="2" ten="229,189,363,209" step="2"/><W56/><G44/><T57/><D72/><N who="1" m="43047" /><E82/><AGARI ba="0,1" hai="10,14,15,17,18,20,27,31,32,82,86,88,89,90" machi="82" ten="30,5800,0" yaku="1,1,7,1,54,1,53,0" doraHai="102" doraHaiUra="63" who="2" fromWho="1" sc="229,0,189,-58,363,68,209,0" /><INIT seed="2,1,0,1,4,114" ten="229,131,431,209" oya="2" hai0="131,84,87,62,6,10,86,82,32,71,112,47,14" hai1="68,9,27,42,74,45,52,88,109,125,93,24,5" hai2="95,102,15,132,65,36,80,18,70,26,30,116,11" hai3="48,107,103,37,64,101,130,119,33,35,110,67,46"/><V105/><F36/><W100/><G37/><T115/><D131/><U123/><E68/><V55/><F55/><W66/><G107/><T40/><D32/><U134/><E74/><V8/><F132/><W13/><G130/><T129/><D129/><U28/><E134/><V12/><F80/><W104/><G104/><T122/><D122/><U92/><E123/><V50/><F50/><W83/><G110/><T2/><D2/><U108/><E125/><V133/><F95/><W29/><G119/><T135/><D135/><U44/><E93/><V124/><F116/><W126/><G126/><T34/><D34/><U57/><E42/><V118/><F118/><W38/><G38/><T81/><D71/><U78/><E78/><V128/><F128/><W20/><G83/><T23/><D112/><U106/><E106/><V89/><F89/><W3/><G3/><T41/><D115/><U75/><E75/><V51/><F51/><W121/><G121/><T17/><D62/><N who="1" m="36135" /><E28/><V76/><F76/><W79/><G79/><T90/><D47/><N who="1" m="17995" /><E109/><V22/><F124/><W73/><G73/><T58/><D81/><U43/><E43/><N who="0" m="16457" /><D58/><U1/><E108/><V31/><F70/><W61/><G61/><T69/><D69/><U16/><E16/><V96/><F65/><W54/><G29/><T72/><D72/><U7/><E7/><V113/><F113/><W117/><G117/><T19/><D6/><U4/><E4/><N who="2" m="3079" /><F133/><W53/><G53/><T77/><D77/><U60/><E60/><V63/><F63/><W91/><G91/><T21/><D17/><U0/><E0/><RYUUKYOKU ba="1,0" sc="229,0,131,0,431,0,209,0" hai0="10,14,19,21,23,82,84,86,87,90" hai1="1,5,9,24,27,88,92" hai2="11,15,18,22,26,30,31,96,102,105" hai3="13,20,33,35,46,48,54,64,66,67,100,101,103" /><INIT seed="2,2,0,3,4,100" ten="229,131,431,209" oya="2" hai0="125,6,88,72,66,111,105,22,115,108,121,94,10" hai1="40,13,26,135,60,132,91,83,15,27,2,106,92" hai2="68,1,103,29,53,33,49,75,79,44,102,123,38" hai3="70,23,9,128,130,93,122,114,48,21,42,87,28"/><V31/><F68/><W61/><G122/><T54/><D121/><U62/><E40/><V95/><F1/><W45/><G114/><T3/><D115/><U18/><E83/><V17/><F17/><W65/><G9/><T47/><D125/><U36/><E36/><V20/><F33/><W67/><G67/><T78/><D66/><U35/><E35/><V86/><F75/><W46/><G46/><T8/><D22/><U19/><E92/><V96/><F103/><W58/><G70/><T117/><D117/><U120/><E120/><V82/><F123/><W52/><G42/><T43/><D54/><U77/><E77/><V57/><F38/><W39/><G39/><N who="0" m="22015" /><D8/><U76/><E76/><V90/><F20/><W97/><G87/><N who="0" m="52511" /><D105/><U25/><E91/><V118/><F118/><W14/><G14/><N who="1" m="5130" /><E2/><V24/><F44/><W80/><G80/><AGARI ba="2,0" hai="3,6,10,72,78,80,108,111" m="52511,22015" machi="80" ten="30,2000,0" yaku="25,1,54,1" doraHai="100" who="0" fromWho="3" sc="229,26,131,0,431,0,209,-26" /><INIT seed="3,0,0,0,1,132" ten="255,131,431,183" oya="3" hai0="90,88,51,77,113,4,101,11,48,128,99,92,69" hai1="43,36,106,104,66,87,52,31,23,14,15,131,81" hai2="74,126,27,37,94,93,28,24,47,64,3,68,89" hai3="6,45,54,18,130,32,80,21,123,79,105,1,95"/><W86/><G123/><T127/><D127/><U76/><E131/><V96/><F74/><W59/><G105/><T134/><D134/><U49/><E66/><V17/><F3/><W20/><G32/><T60/><D128/><U133/><E133/><V39/><F68/><W22/><G130/><T72/><D113/><U34/><E34/><V29/><F64/><W122/><G1/><T44/><D69/><U97/><E43/><V5/><F5/><W118/><G6/><T91/><D60/><U7/><E36/><V73/><F73/><W62/><G118/><T50/><D72/><U103/><E104/><V10/><F47/><W116/><G116/><T112/><D77/><U117/><E117/><V75/><F75/><W40/><G122/><T85/><D112/><U30/><E7/><V26/><F10/><W135/><G95/><N who="0" m="54671" /><D44/><U82/><E82/><V125/><F17/><W114/><G114/><T58/><D58/><U13/><REACH who="1" step="1"/><E23/><REACH who="1" ten="255,121,431,183" step="2"/><V124/><F94/><W102/><G135/><T78/><D92/><U57/><AGARI ba="0,1" hai="13,14,15,30,31,49,52,57,76,81,87,97,103,106" machi="57" ten="30,7900,0" yaku="1,1,2,1,0,1,54,1,53,0" doraHai="132" doraHaiUra="41" who="1" fromWho="1" sc="255,-20,121,89,431,-20,183,-39" owari="235,3.5,210,-19.0,411,51.1,144,-35.6" /></mjloggm>