<mjloggm ver="2.3"><GO type="225" lobby="0"/><UN n0="%28%EF%BF%A3%E2%96%BD%EF%BF%A3%29%CE%B4%E2%8C%92%E3%83%BB" n1="%E6%81%A5%E6%99%92%E3%81%97" n2="%4B%2E%32%2E%4B%2E" n3="%E3%82%A2%E3%83%A1%E3%82%A2%E3%83%A9%E3%83%AC" dan="16,16,16,16" rate="2217.04,2125.91,2139.28,2093.41" sx="M,M,M,M"/><TAIKYOKU oya="0"/><INIT seed="0,0,0,3,3,9" ten="250,250,250,250" oya="0" hai0="0,95,118,120,72,134,22,57,1,42,2,101,114" hai1="26,53,48,44,10,124,60,111,29,56,121,79,103" hai2="131,91,49,7,52,97,126,133,40,82,41,32,68" hai3="80,17,70,35,104,23,5,99,92,19,107,94,34"/><T123/><D72/><U125/><E121/><V47/><F68/><W69/><G5/><T116/><D42/><U63/><E79/><V112/><F112/><W30/><G80/><T129/><D57/><U135/><E111/><V36/><F32/><N who="3" m="12331" /><G30/><T37/><D95/><N who="3" m="36393" /><G99/><T12/><D101/><U66/><E103/><V54/><F126/><N who="1" m="48745" /><E135/><V108/><F131/><W15/><G23/><T75/><D37/><U93/><E93/><N who="2" m="56511" /><F36/><W117/><G15/><T8/><D75/><U58/><E10/><V45/><F7/><W105/><G117/><N who="0" m="45163" /><D114/><U78/><E78/><V67/><F67/><W89/><G89/><T98/><D98/><U88/><E88/><V59/><F108/><W46/><G46/><N who="2" m="17417" /><F133/><W14/><G14/><T20/><D134/><U90/><E90/><V81/><F54/><W33/><N who="3" m="12339" /><W62/><DORA hai="28" /><G62/><T11/><D129/><U25/><E29/><V113/><F113/><W77/><G77/><T73/><D73/><U13/><E13/><V24/><F24/><W84/><G84/><T71/><D11/><U96/><E96/><V51/><F51/><W128/><G128/><T115/><D115/><U122/><E26/><V109/><F109/><W39/><G39/><T110/><D110/><U50/><E25/><V106/><F106/><W87/><G87/><T65/><D65/><N who="1" m="39047" /><E48/><V74/><F74/><W85/><G85/><T3/><N who="0" m="0" /><DORA hai="16" /><T102/><D102/><U130/><E130/><V21/><F21/><N who="0" m="8298" /><D71/><AGARI ba="0,0" hai="17,19,69,70,71,104,105,107" m="36393,12339" machi="71" ten="50,16000,3" yaku="28,2,26,2,52,4" doraHai="9,28,16" who="3" fromWho="0" sc="250,-160,250,0,250,0,250,160" /><INIT seed="1,0,0,2,5,101" ten="90,250,250,410" oya="1" hai0="47,104,128,115,69,16,11,18,75,20,108,22,10" hai1="85,19,77,83,82,40,105,124,92,50,56,74,129" hai2="33,78,97,126,46,123,127,120,94,55,93,4,67" hai3="73,51,122,49,23,86,44,6,81,103,63,131,7"/><U100/><E124/><N who="2" m="47659" /><F33/><W116/><G122/><T34/><D69/><U135/><E129/><V132/><F132/><W134/><G73/><T38/><D75/><U0/><E0/><V64/><F4/><W13/><G134/><T66/><D66/><N who="2" m="25130" /><F78/><W45/><G63/><T98/><D34/><U99/><E135/><V90/><F94/><W72/><G72/><T70/><D70/><U30/><E30/><V114/><F114/><W84/><G116/><T3/><D115/><U87/><E19/><V14/><F14/><W95/><G13/><T125/><D125/><U76/><E56/><V91/><F90/><W54/><G95/><T61/><D61/><U27/><E27/><V118/><F118/><W9/><G81/><T24/><D128/><U59/><E59/><V39/><F55/><W109/><G54/><T65/><D65/><U52/><E52/><V121/><F46/><W43/><G6/><T58/><D58/><U36/><E74/><V12/><F12/><W37/><G7/><T35/><D35/><U21/><E21/><V96/><F39/><W106/><G23/><T29/><D3/><U60/><E36/><V17/><F17/><W88/><G37/><T42/><D108/><U28/><E28/><V80/><F80/><W41/><G45/><T1/><D1/><U2/><E2/><V110/><F110/><W26/><G44/><T113/><D113/><U102/><E92/><V112/><F112/><W71/><G109/><T107/><D29/><U32/><E32/><V53/><F53/><W119/><G131/><T111/><D111/><U62/><E100/><RYUUKYOKU ba="0,0" sc="90,-15,250,15,250,15,410,-15" hai1="40,50,60,62,76,77,82,83,85,87,99,102,105" hai2="91,93,96,97,120,121,123" /><INIT seed="1,1,0,3,3,29" ten="75,265,265,395" oya="1" hai0="100,20,121,107,10,134,44,24,68,61,72,11,118" hai1="110,98,52,58,96,114,127,86,57,56,85,130,43" hai2="81,31,18,88,106,93,46,64,78,77,65,90,7" hai3="39,49,27,76,79,55,17,73,25,70,1,2,97"/><U128/><E114/><V123/><F123/><W0/><G39/><T4/><D72/><U35/><E43/><V33/><F106/><W113/><G113/><T62/><D121/><U89/><E110/><V63/><F7/><W14/><G70/><T91/><D118/><U66/><E66/><V129/><F129/><N who="1" m="49769" /><E127/><V117/><F117/><W16/><G97/><N who="1" m="37482" /><E86/><N who="2" m="50255" /><F31/><W13/><G0/><T37/><D134/><U34/><E52/><V120/><F33/><N who="1" m="12297" /><E57/><V109/><F109/><W8/><G55/><T71/><D107/><U133/><E133/><V124/><F124/><W104/><G104/><T95/><D100/><U131/><E131/><V83/><F64/><W116/><G116/><T6/><D37/><U38/><E38/><V42/><F42/><W45/><G49/><T126/><D126/><U60/><E60/><V74/><F63/><W87/><G87/><T102/><D102/><U119/><E119/><V15/><F65/><W22/><G73/><T21/><D44/><U5/><E5/><V67/><F67/><W105/><G105/><T54/><D54/><U40/><E40/><V84/><F46/><W26/><G45/><T125/><D125/><U115/><E115/><V75/><F120/><W41/><G41/><T82/><D82/><AGARI ba="1,0" hai="56,58,82,85,89" m="12297,37482,49769" machi="82" ten="30,11600,0" yaku="19,1,52,3" doraHai="29" who="1" fromWho="0" sc="75,-119,265,119,265,0,395,0" owari="-44,-54.4,384,18.4,265,-13.5,395,49.5" /></mjloggm>