<mjloggm ver="2.3"><GO type="225" lobby="0"/><UN n0="%E3%81%AF%E3%82%88%E3%81%8A%E3%81%98%E3%81%95%E3%82%93" n1="%E5%84%AA%40%41%42%43" n2="%E6%98%93%E5%88%A9%E8%96%A9%E4%BC%AF" n3="%E7%BD%AA%E5%88%91%E6%B3%95%E5%AE%9A%E4%B8%BB%E7%BE%A9" dan="16,17,16,16" rate="2132.48,2221.25,2141.35,2179.65" sx="M,M,F,M"/><TAIKYOKU oya="0"/><INIT seed="0,0,0,4,1,48" ten="250,250,250,250" oya="0" hai0="107,9,92,82,112,119,32,57,17,42,69,37,115" hai1="128,60,55,85,39,27,7,133,12,43,131,33,79" hai2="84,130,36,103,132,52,111,110,44,24,81,71,83" hai3="93,3,126,19,105,38,13,123,75,94,20,56,64"/><T59/><D107/><U68/><E133/><V109/><F71/><W28/><G105/><T97/><D119/><U78/><E43/><V104/><F132/><W5/><G75/><T89/><D69/><U51/><E39/><V90/><F130/><N who="1" m="49705" /><E7/><V23/><F36/><W73/><G73/><T14/><D32/><U46/><E12/><V117/><F117/><W15/><G38/><T0/><D0/><U102/><E102/><V118/><F118/><W25/><G126/><T135/><D135/><U26/><E85/><V99/><F83/><W1/><G123/><T62/><D59/><U106/><E106/><V86/><F86/><W21/><G1/><T47/><REACH who="0" step="1"/><D82/><REACH who="0" ten="240,250,250,250" step="2"/><U65/><E33/><V10/><F10/><N who="3" m="4303" /><G3/><T120/><D120/><U31/><E31/><V35/><F35/><W95/><G56/><T108/><D108/><U63/><E68/><V8/><F8/><W134/><G134/><T80/><D80/><U53/><E46/><V127/><F127/><W67/><AGARI ba="0,1" hai="15,19,20,21,25,28,64,67,93,94,95" m="4303" machi="67" ten="30,1100,0" yaku="8,1" doraHai="48" who="3" fromWho="3" sc="240,-5,250,-3,250,-3,250,21" /><INIT seed="1,0,0,3,0,36" ten="235,247,247,271" oya="1" hai0="25,49,104,15,27,97,87,30,117,118,46,101,33" hai1="2,79,74,68,19,110,90,50,77,99,66,10,37" hai2="21,134,5,102,29,16,70,60,45,84,63,112,125" hai3="129,34,111,76,89,7,85,92,80,52,11,75,105"/><U51/><E37/><V62/><F112/><W78/><G111/><T28/><D15/><U24/><E74/><V14/><F134/><W83/><G129/><T35/><REACH who="0" step="1"/><D87/><REACH who="0" ten="225,247,247,271" step="2"/><U43/><E2/><V93/><F125/><W121/><G121/><T64/><D64/><U73/><E66/><V88/><F70/><W44/><G105/><T6/><D6/><U67/><E67/><V31/><F5/><W56/><G34/><T69/><D69/><U100/><E68/><V123/><F123/><W9/><G7/><T94/><D94/><U106/><E106/><V82/><REACH who="2" step="1"/><F45/><REACH who="2" ten="225,247,237,271" step="2"/><W39/><G44/><T124/><D124/><U86/><E110/><V109/><F109/><W119/><G119/><T107/><D107/><U132/><E132/><V116/><F116/><W128/><G128/><T53/><AGARI ba="0,2" hai="25,27,28,30,33,35,46,49,53,97,101,104,117,118" machi="53" ten="20,5200,0" yaku="1,1,0,1,7,1,9,1,53,0" doraHai="36" doraHaiUra="135" who="0" fromWho="0" sc="225,72,247,-26,237,-13,271,-13" /><INIT seed="2,0,0,4,1,49" ten="297,221,224,258" oya="2" hai0="123,74,134,28,36,89,91,131,53,6,51,82,67" hai1="72,108,63,120,96,11,99,65,2,20,33,4,57" hai2="84,16,73,70,39,80,48,77,7,12,116,112,41" hai3="15,104,111,38,100,87,127,133,68,83,125,58,101"/><V85/><F112/><W13/><G68/><T105/><D36/><U50/><E33/><V21/><F116/><W79/><G38/><T124/><D123/><U45/><E108/><V40/><F70/><W95/><G111/><T107/><D67/><U34/><E34/><V102/><F39/><W69/><G69/><T0/><D28/><U78/><E120/><V30/><F30/><W114/><G114/><T129/><D124/><N who="3" m="47689" /><G133/><T135/><D6/><U14/><E78/><V42/><F102/><N who="3" m="39531" /><G104/><N who="0" m="40011" /><D0/><U92/><E72/><V126/><F126/><W32/><G32/><T121/><D121/><U132/><E132/><N who="0" m="50729" /><D74/><U61/><E63/><V62/><F62/><W93/><G58/><N who="0" m="33087" /><D82/><U113/><E113/><V29/><F29/><W130/><G130/><AGARI ba="0,0" hai="89,91,129,130,131" m="33087,50729,40011" machi="130" ten="40,5200,0" yaku="19,1,20,1,52,1" doraHai="49" who="0" fromWho="3" sc="297,52,221,0,224,0,258,-52" /><INIT seed="3,0,0,3,5,111" ten="349,221,224,206" oya="3" hai0="62,109,50,27,72,93,6,15,97,95,3,112,107" hai1="70,71,23,123,126,43,33,41,121,39,40,35,49" hai2="82,127,92,119,10,18,81,61,132,69,13,38,44" hai3="1,104,7,80,8,134,5,135,98,24,32,52,84"/><W124/><G124/><T65/><D72/><U14/><E39/><V89/><F119/><W25/><G7/><T46/><D3/><U85/><E85/><V58/><F69/><N who="1" m="26121" /><E23/><V129/><F132/><N who="3" m="50731" /><G32/><N who="1" m="12362" /><E14/><V131/><F127/><W26/><G52/><T105/><D109/><U86/><E86/><N who="2" m="52279" /><F38/><W2/><G2/><T74/><D107/><U12/><E12/><V28/><F28/><W63/><G63/><T20/><D105/><U17/><E126/><V102/><F102/><N who="3" m="62551" /><G26/><T115/><D74/><U125/><E125/><V90/><F44/><W53/><G53/><T101/><D93/><U11/><E49/><V108/><F61/><W87/><G87/><T99/><D97/><U56/><E56/><V91/><F58/><W59/><G59/><N who="0" m="37087" /><D15/><U31/><E31/><V75/><F75/><W66/><G66/><T34/><D6/><U30/><E30/><V0/><F0/><W88/><AGARI ba="0,0" hai="1,5,8,24,25,80,84,88" m="62551,50731" machi="88" ten="30,3000,0" yaku="20,1,54,1" doraHai="111" who="3" fromWho="3" sc="349,-10,221,-10,224,-10,206,30" /><INIT seed="3,1,0,4,3,134" ten="339,211,214,236" oya="3" hai0="26,61,66,58,34,39,116,121,0,3,118,32,119" hai1="49,112,79,77,18,87,84,65,7,131,25,124,98" hai2="103,27,68,96,114,78,104,92,72,64,41,35,16" hai3="85,17,76,110,135,9,21,12,117,23,71,44,43"/><W99/><G117/><T22/><D39/><U106/><E112/><V52/><F114/><W97/><G71/><T33/><REACH who="0" step="1"/><D121/><REACH who="0" ten="329,211,214,236" step="2"/><U91/><E124/><V29/><F41/><W2/><G43/><T11/><D11/><U94/><E131/><V107/><F107/><W108/><G9/><T113/><D113/><U125/><E125/><V45/><F104/><W40/><G40/><T19/><AGARI ba="1,1" hai="0,3,19,22,26,32,33,34,58,61,66,116,118,119" machi="19" ten="40,8000,1" yaku="1,1,0,1,53,3" doraHai="134" doraHaiUra="28" who="0" fromWho="0" sc="329,93,211,-21,214,-21,236,-41" owari="422,52.2,190,-31.0,193,-20.7,195,-0.5" /></mjloggm>