<mjloggm ver="2.3"><GO type="225" lobby="0"/><UN n0="%E5%A4%9C%E5%85%89%E5%A4%A9%E6%A5%BC" n1="%48%61%61%61%6C%61%6E%64" n2="%72%65%6E%6B%75%6E" n3="%E6%81%A5%E6%99%92%E3%81%97" dan="16,18,17,16" rate="2136.43,2187.99,2237.89,2101.69" sx="M,M,M,M"/><TAIKYOKU oya="0"/><INIT seed="0,0,0,0,2,17" ten="250,250,250,250" oya="0" hai0="119,45,116,103,108,123,83,57,23,60,104,94,127" hai1="11,39,131,13,65,124,1,5,110,21,73,79,12" hai2="26,114,100,67,19,42,63,95,27,64,59,16,22" hai3="106,129,40,84,66,24,76,102,31,112,87,101,6"/><T98/><D123/><U120/><E120/><V56/><F114/><W49/><G112/><T15/><D127/><U72/><E124/><V77/><F77/><W33/><G129/><T90/><D83/><U111/><E131/><V2/><F2/><W43/><G6/><T54/><D108/><N who="1" m="41515" /><E39/><V128/><F128/><W61/><G102/><T32/><D32/><U9/><E65/><V41/><F59/><W4/><G4/><T0/><D0/><U37/><E37/><V115/><F64/><W81/><G87/><T122/><D45/><U55/><E79/><V50/><F50/><W82/><G82/><T34/><D34/><U28/><E55/><V85/><F115/><W74/><G49/><T46/><D46/><U78/><E78/><V80/><F80/><W75/><G43/><N who="2" m="16393" /><F85/><W134/><G134/><T44/><D44/><U89/><E1/><V88/><F100/><W71/><REACH who="3" step="1"/><G40/><REACH who="3" ten="250,250,250,240" step="2"/><T35/><D122/><U109/><E109/><V68/><F68/><W48/><G48/><T117/><D117/><U7/><E89/><V69/><F69/><W121/><G121/><T132/><D132/><U96/><E96/><AGARI ba="0,1" hai="24,31,33,61,66,71,74,75,76,81,84,96,101,106" machi="96" ten="40,5200,0" yaku="1,1,25,2,53,0" doraHai="17" doraHaiUra="91" who="3" fromWho="1" sc="250,0,250,-52,250,0,240,62" /><INIT seed="1,0,0,2,5,52" ten="250,198,250,302" oya="1" hai0="76,12,98,3,30,73,18,60,35,22,16,94,5" hai1="61,45,31,120,124,7,32,15,67,135,68,129,72" hai2="2,95,104,85,23,92,91,97,47,90,56,116,105" hai3="20,113,51,82,42,53,9,27,86,132,79,101,63"/><U50/><E120/><V84/><F2/><W93/><G132/><T59/><D73/><U65/><E135/><V109/><F116/><W0/><G113/><T74/><D74/><U21/><E124/><V99/><F47/><N who="3" m="26103" /><G9/><T122/><D122/><U111/><E129/><V106/><F23/><W8/><G8/><T29/><D76/><U126/><E126/><V37/><F37/><W36/><G36/><T14/><D5/><U6/><E111/><V107/><N who="2" m="26624" /><DORA hai="13" /><V77/><F109/><W78/><G0/><T54/><D35/><U40/><E72/><V33/><F33/><W88/><G101/><N who="0" m="60631" /><D3/><U39/><E67/><V41/><F41/><W11/><G82/><T38/><D38/><U4/><E39/><V46/><F46/><W130/><G11/><AGARI ba="0,0" hai="11,12,14,16,18,22,29,30,54,59,60" m="60631" machi="11" ten="30,8000,1" yaku="8,1,52,3,54,1" doraHai="52,13" who="0" fromWho="3" sc="250,80,198,0,250,0,302,-80" /><INIT seed="2,0,0,3,1,34" ten="330,198,250,222" oya="2" hai0="88,83,33,4,50,72,62,27,8,15,47,102,12" hai1="64,19,59,101,63,36,17,103,71,67,53,21,37" hai2="84,77,66,13,86,126,82,24,80,110,61,79,133" hai3="90,132,42,52,108,114,26,25,121,43,28,10,38"/><V104/><F126/><W30/><G121/><T49/><D102/><U128/><E128/><V100/><F133/><W39/><G108/><T5/><D62/><U48/><E67/><V51/><F110/><W0/><G132/><T98/><D72/><U125/><E125/><V7/><F51/><W85/><G114/><T135/><D135/><U32/><E32/><V106/><F100/><W118/><G118/><T78/><D78/><U35/><E35/><V44/><F44/><W75/><G75/><T18/><D33/><U40/><E17/><V129/><F129/><W96/><G96/><T45/><D27/><U87/><E37/><V97/><F97/><W81/><G39/><T109/><D5/><U57/><E57/><V99/><F99/><W68/><G68/><T113/><D113/><U41/><E87/><V22/><F13/><W46/><G43/><T115/><D115/><U3/><E3/><V16/><REACH who="2" step="1"/><F7/><REACH who="2" ten="330,198,240,222" step="2"/><W1/><G26/><T23/><D109/><U105/><E105/><V107/><F107/><W14/><G25/><T119/><D98/><U60/><E60/><V73/><F73/><W111/><G111/><T134/><D134/><U29/><E101/><V65/><F65/><W124/><G124/><T95/><D47/><U2/><E103/><V31/><F31/><W70/><G28/><T56/><D45/><N who="1" m="23687" /><E29/><V11/><F11/><W130/><G30/><T74/><D50/><U112/><E112/><V89/><F89/><W54/><G130/><T116/><D74/><U55/><E48/><V93/><F93/><W6/><G70/><AGARI ba="0,1" hai="16,22,24,61,66,70,77,79,80,82,84,86,104,106" machi="70" ten="30,11600,0" yaku="1,1,7,1,9,1,54,1,53,0" doraHai="34" doraHaiUra="94" who="2" fromWho="3" sc="330,0,198,0,240,126,222,-116" /><INIT seed="2,1,0,5,4,1" ten="330,198,366,106" oya="2" hai0="34,84,94,3,122,47,119,112,124,115,29,104,33" hai1="28,70,12,60,25,54,110,131,31,75,77,17,69" hai2="78,97,38,89,48,120,132,61,71,58,22,117,20" hai3="41,66,68,135,90,23,108,21,65,8,53,85,59"/><V125/><F38/><W91/><G108/><T74/><D122/><U56/><E110/><V45/><F117/><W118/><G135/><T32/><D119/><U14/><E131/><V13/><F120/><W36/><G118/><T39/><D104/><U46/><E28/><V123/><F71/><W121/><G121/><T55/><D74/><U40/><E77/><V92/><F123/><W67/><G68/><T73/><D73/><U16/><E75/><V10/><F132/><W133/><G133/><T113/><D124/><U102/><E102/><V81/><F125/><W57/><G36/><T96/><D84/><U93/><E93/><V87/><F58/><W82/><G41/><T5/><D29/><U37/><E12/><V100/><F61/><W50/><G59/><T2/><D39/><U129/><E17/><V43/><REACH who="2" step="1"/><F100/><REACH who="2" ten="330,198,356,106" step="2"/><W11/><REACH who="3" step="1"/><G91/><REACH who="3" ten="330,198,356,96" step="2"/><N who="0" m="55391" /><D112/><U27/><E70/><V63/><F63/><W52/><G52/><T126/><D55/><U64/><E69/><V30/><F30/><W127/><G127/><T62/><D126/><U95/><E54/><V7/><AGARI ba="1,2" hai="7,10,13,20,22,43,45,48,78,81,87,89,92,97" machi="7" ten="20,18000,2" yaku="1,1,0,1,7,1,25,2,8,1,52,1,53,0" doraHai="1" doraHaiUra="24" who="2" fromWho="2" sc="330,-61,198,-61,356,203,96,-61" /><INIT seed="2,2,0,3,1,52" ten="269,137,559,35" oya="2" hai0="46,26,40,120,112,3,85,117,68,69,94,11,22" hai1="93,36,133,78,31,89,135,13,110,59,57,6,74" hai2="24,54,34,126,66,5,51,25,47,107,41,100,75" hai3="92,87,43,71,132,12,70,90,15,49,60,116,19"/><V102/><F126/><W73/><G116/><T16/><D120/><U104/><E104/><V21/><F75/><W113/><G132/><N who="1" m="50762" /><E36/><V134/><F134/><W77/><G113/><T18/><D112/><U50/><E31/><V125/><F125/><W56/><G73/><T10/><D117/><U86/><E110/><V39/><F66/><W1/><G1/><T91/><D18/><U61/><E50/><V119/><F119/><W29/><G29/><T44/><D44/><U38/><E38/><V48/><F34/><W131/><G131/><T101/><D101/><U118/><E118/><V106/><F5/><W98/><G70/><T95/><D95/><U63/><E6/><V84/><F84/><W35/><G35/><T109/><D109/><U108/><E13/><V103/><F25/><W99/><G71/><T8/><REACH who="0" step="1"/><D3/><REACH who="0" ten="259,137,559,35" step="2"/><U72/><E108/><V20/><F39/><AGARI ba="2,1" hai="8,10,11,16,22,26,39,40,46,68,69,85,91,94" machi="39" ten="40,12000,2" yaku="1,1,2,1,54,1,53,3" doraHai="52" doraHaiUra="4" who="0" fromWho="2" sc="259,136,137,0,559,-126,35,0" /><INIT seed="3,0,0,0,0,74" ten="395,137,433,35" oya="3" hai0="18,14,51,128,99,120,95,68,70,100,60,26,6" hai1="13,80,111,21,112,63,82,36,67,121,119,56,57" hai2="34,42,105,27,72,73,109,4,77,116,98,30,92" hai3="64,79,59,1,123,131,129,7,133,39,35,110,31"/><W107/><G123/><T28/><D128/><N who="3" m="49225" /><G107/><T10/><D120/><U88/><E121/><V115/><F115/><W37/><G133/><T108/><D108/><U75/><E112/><V20/><F109/><W91/><G91/><T43/><D60/><N who="1" m="38279" /><E75/><V81/><F116/><W54/><G110/><T97/><D6/><U126/><E36/><N who="3" m="13898" /><G64/><T62/><D62/><U86/><E111/><V49/><F105/><W125/><G125/><T33/><D43/><U134/><E119/><V19/><F4/><W104/><G104/><T66/><D66/><N who="1" m="39279" /><E134/><V90/><F42/><W130/><N who="3" m="49233" /><W45/><DORA hai="135" /><G45/><T40/><D40/><U12/><E126/><V53/><F81/><N who="1" m="31337" /><E21/><V24/><F34/><W48/><G79/><T103/><REACH who="0" step="1"/><D51/><REACH who="0" ten="385,137,433,35" step="2"/><U65/><E65/><V127/><F77/><W32/><G31/><T132/><D132/><U8/><E8/><AGARI ba="0,1" hai="1,7,8,32,35,48,54,59" m="13898,49233" machi="8" ten="50,2400,0" yaku="19,1" doraHai="74,135" who="3" fromWho="1" sc="385,0,137,-24,433,0,35,34" /><INIT seed="3,1,0,1,2,46" ten="385,113,433,69" oya="3" hai0="122,17,48,64,13,63,92,73,65,101,79,14,31" hai1="23,11,40,108,131,34,18,77,78,9,94,58,113" hai2="57,81,132,85,126,69,59,28,7,100,70,124,109" hai3="114,32,6,67,4,135,15,29,36,128,52,99,24"/><W121/><G114/><T115/><D122/><U61/><E113/><V30/><F109/><W116/><G116/><T123/><D123/><U111/><E34/><V33/><F100/><W75/><G121/><T53/><D115/><U41/><E131/><V96/><F96/><W104/><G36/><T42/><D31/><N who="2" m="11818" /><F33/><W21/><G75/><T117/><D117/><U106/><E106/><V97/><F97/><W68/><G128/><T56/><D73/><U20/><E94/><V0/><F0/><W2/><G135/><T87/><D101/><U50/><E50/><V82/><F7/><W26/><G15/><T80/><D92/><U3/><E3/><V90/><F82/><W76/><G76/><N who="1" m="29290" /><E23/><V12/><F12/><W37/><G37/><T54/><D42/><N who="1" m="16491" /><E111/><V119/><F132/><W22/><G22/><T127/><D127/><N who="2" m="48682" /><F119/><W83/><G83/><T72/><D72/><U60/><E60/><V84/><F84/><W39/><G39/><T95/><D95/><U35/><E35/><V107/><F107/><W130/><G130/><T125/><D125/><U71/><E71/><AGARI ba="1,0" hai="57,59,69,70,71,81,85,90" m="48682,11818" machi="71" ten="30,1000,0" yaku="18,1" doraHai="46" who="2" fromWho="1" sc="385,0,113,-13,433,13,69,0" owari="385,18.5,100,-30.0,446,54.6,69,-43.1" /></mjloggm>