<mjloggm ver="2.3"><GO type="225" lobby="0"/><UN n0="%43%68%65" n1="%E3%81%A1%E3%82%85%E3%81%86%E3%81%A9%E3%81%8F%E8%B1%A1%E3%81%95%E3%82%93" n2="%6D%75%75%6D%75%72%61" n3="%E8%A8%88%E7%AE%97%E6%A9%9F%E8%87%AA%E7%84%B6" dan="16,16,16,17" rate="2169.11,2152.81,2100.47,2202.46" sx="M,M,F,M"/><TAIKYOKU oya="0"/><INIT seed="0,0,0,4,0,99" ten="250,250,250,250" oya="0" hai0="96,113,74,4,27,129,111,98,43,82,1,26,102" hai1="132,101,100,124,16,9,105,112,21,88,34,52,126" hai2="2,119,70,40,62,50,63,83,25,48,22,66,109" hai3="114,56,51,17,44,19,7,20,106,94,80,31,123"/><T35/><D113/><U33/><E112/><V11/><F109/><W128/><G106/><T117/><D117/><U90/><E9/><V115/><F115/><W0/><G128/><T38/><D129/><U107/><E132/><V134/><F134/><W24/><G123/><T54/><D54/><U118/><E52/><V69/><F119/><W55/><G114/><T87/><D98/><U58/><E58/><V91/><F2/><W72/><G0/><T49/><D35/><N who="1" m="13323" /><E118/><V53/><F11/><W65/><G7/><T116/><D116/><U3/><E3/><V95/><F83/><W71/><G71/><T13/><D38/><U79/><E79/><V15/><F15/><W10/><G10/><N who="0" m="4295" /><D74/><U76/><E76/><V130/><F130/><W104/><G72/><T45/><D1/><U133/><E133/><V41/><F63/><N who="3" m="38119" /><G104/><N who="1" m="40010" /><E16/><N who="3" m="6218" /><G80/><T122/><D122/><U18/><E18/><V121/><F69/><W47/><G94/><N who="0" m="58647" /><D111/><U29/><E21/><V78/><F121/><W39/><G39/><T60/><D60/><U120/><E29/><N who="2" m="17591" /><F78/><AGARI ba="0,0" hai="26,27,43,45,49,78,82,87" m="58647,4295" machi="78" ten="30,5800,0" yaku="25,1,8,1,52,1" doraHai="99" who="0" fromWho="2" sc="250,58,250,0,250,-58,250,0" /><INIT seed="0,1,0,5,3,17" ten="308,250,192,250" oya="0" hai0="75,44,49,24,118,91,128,43,79,70,87,119,107" hai1="37,53,48,93,18,36,130,78,3,123,42,88,112" hai2="135,109,26,62,34,41,60,76,6,66,58,23,96" hai3="82,14,8,132,83,4,59,9,45,57,97,95,111"/><T110/><D70/><U80/><E123/><V50/><F109/><W61/><G111/><T20/><D110/><U98/><E3/><V77/><F135/><W40/><G132/><T72/><D107/><U125/><E130/><V86/><F34/><W129/><G129/><T35/><D35/><U127/><E18/><V71/><F6/><W46/><G8/><T105/><D105/><U30/><E30/><V13/><F13/><W94/><G57/><T106/><D106/><U114/><E42/><V89/><F96/><W122/><G94/><T100/><D100/><U99/><E99/><V85/><F41/><W69/><G69/><T102/><D102/><U113/><E53/><V2/><F50/><N who="3" m="26919" /><G46/><T25/><D25/><U16/><E16/><V73/><F2/><W126/><G126/><N who="1" m="48138" /><E48/><V29/><F73/><AGARI ba="1,0" hai="36,37,73,78,80,88,93,98,112,113,114" m="48138" machi="73" ten="40,5200,0" yaku="11,1,18,1,54,1" doraHai="17" who="1" fromWho="2" sc="308,0,250,55,192,-55,250,0" /><INIT seed="1,0,0,0,5,115" ten="308,305,137,250" oya="1" hai0="87,102,82,48,58,55,25,119,4,113,37,92,127" hai1="3,69,54,62,133,76,124,15,85,45,52,13,109" hai2="74,41,111,89,80,38,22,33,131,135,7,0,28" hai3="44,81,126,51,106,60,30,32,20,14,93,64,67"/><U99/><E3/><V132/><F22/><W105/><G126/><T79/><D113/><U1/><E1/><V90/><F111/><W34/><G93/><T26/><D119/><U110/><E124/><V116/><F131/><W86/><G105/><T46/><D127/><U100/><E133/><N who="2" m="51275" /><F74/><W122/><G106/><T9/><D37/><U39/><E39/><V72/><F28/><W43/><G122/><T11/><D58/><N who="1" m="35143" /><E69/><V66/><F66/><W19/><G30/><T130/><D130/><U8/><E54/><V42/><F33/><W91/><REACH who="3" step="1"/><G67/><REACH who="3" ten="308,305,137,240" step="2"/><T65/><D65/><U49/><E110/><V56/><F42/><W84/><G84/><T61/><D92/><U27/><E109/><V21/><F41/><W68/><AGARI ba="0,1" hai="14,19,20,32,34,43,44,51,60,64,68,81,86,91" machi="68" ten="20,2700,0" yaku="1,1,0,1,7,1,53,0" doraHai="115" doraHaiUra="104" who="3" fromWho="3" sc="308,-7,305,-13,137,-7,240,37" /><INIT seed="2,0,0,5,5,128" ten="301,292,130,277" oya="2" hai0="94,64,81,27,134,124,119,38,88,29,133,34,32" hai1="131,37,25,84,123,130,16,132,103,10,50,87,93" hai2="53,15,2,8,52,51,47,66,90,58,13,80,97" hai3="104,19,109,17,71,117,127,110,11,116,54,76,100"/><V41/><F2/><W9/><G71/><T125/><D119/><N who="3" m="45641" /><G76/><T106/><D106/><U1/><E37/><V82/><F66/><W107/><G54/><T5/><D38/><U114/><E114/><V42/><F97/><W33/><G100/><T86/><D34/><U135/><E123/><V30/><F30/><W85/><G85/><T68/><D5/><U63/><E63/><V12/><F8/><N who="3" m="3147" /><G33/><T70/><D81/><N who="2" m="31338" /><F90/><W89/><G89/><T92/><D92/><U67/><E67/><V129/><F129/><N who="1" m="49161" /><E50/><AGARI ba="0,0" hai="12,13,15,41,42,47,50,51,52,53,58" m="31338" machi="50" ten="30,2900,0" yaku="8,1,54,1" doraHai="128" who="2" fromWho="1" sc="301,0,292,-29,130,29,277,0" /><INIT seed="2,1,0,0,5,20" ten="301,263,159,277" oya="2" hai0="78,6,76,102,123,67,92,17,80,68,110,101,33" hai1="63,3,65,27,128,120,0,49,36,105,37,86,88" hai2="60,53,119,104,127,84,18,91,61,11,96,100,133" hai3="30,31,41,15,108,16,82,13,1,79,29,95,106"/><V46/><F119/><W81/><G106/><T129/><D123/><U85/><E105/><V59/><F127/><W73/><G1/><T40/><D6/><U113/><E113/><V62/><F133/><W39/><G108/><T125/><D40/><U25/><E49/><V4/><F46/><W8/><G95/><T74/><D67/><U111/><E111/><V22/><F84/><W94/><G94/><T56/><D56/><U58/><E128/><V34/><F34/><W72/><G13/><T66/><D17/><U98/><E98/><V77/><F77/><W109/><G109/><T107/><D78/><U122/><E86/><V114/><F91/><W69/><G69/><T12/><D68/><U42/><E0/><V44/><F44/><W87/><G81/><T7/><D80/><N who="1" m="49191" /><E3/><V35/><F35/><W5/><G5/><T99/><D7/><U117/><E117/><V24/><REACH who="2" step="1"/><F114/><REACH who="2" ten="301,263,149,277" step="2"/><W10/><G87/><T2/><D33/><U126/><E126/><V93/><F93/><W52/><G79/><T90/><D76/><U21/><E42/><V131/><F131/><W134/><G134/><T118/><D129/><U89/><E89/><V50/><F50/><W45/><G82/><T57/><D90/><U43/><E43/><V121/><F121/><N who="1" m="46697" /><E36/><V9/><F9/><W75/><G8/><T64/><D125/><U116/><E37/><V103/><F103/><W97/><G97/><T48/><D99/><U55/><E116/><V28/><F28/><W26/><G30/><T130/><D110/><U115/><E115/><V135/><F135/><W38/><G38/><RYUUKYOKU ba="1,1" sc="301,-10,263,-10,149,30,277,-10" hai2="4,11,18,22,24,53,59,60,61,62,96,100,104" /><INIT seed="2,2,1,4,0,33" ten="291,253,179,267" oya="2" hai0="62,97,10,12,1,110,135,107,29,42,115,88,39" hai1="23,118,6,16,79,72,71,7,8,66,48,120,70" hai2="49,122,67,94,28,101,92,69,117,52,129,131,123" hai3="40,45,57,65,85,83,24,76,125,30,31,20,38"/><V134/><F117/><W4/><G125/><T68/><D115/><U90/><E118/><V46/><F28/><W133/><G133/><T82/><D135/><U98/><E120/><N who="2" m="46123" /><F134/><W58/><G65/><T75/><D29/><U37/><E37/><V61/><F101/><W121/><G121/><T127/><D127/><U44/><E79/><V116/><F116/><W124/><G124/><T96/><D107/><U13/><E72/><V47/><F94/><W11/><REACH who="3" step="1"/><G31/><REACH who="3" ten="291,253,179,257" step="2"/><T14/><D110/><U41/><E66/><V114/><F114/><W91/><G91/><T103/><D88/><U15/><REACH who="1" step="1"/><E6/><REACH who="1" ten="291,243,179,257" step="2"/><V99/><F67/><W113/><G113/><T109/><D109/><U77/><E77/><V93/><F131/><W132/><G132/><T55/><D68/><U84/><E84/><V81/><F129/><W56/><G56/><T43/><D75/><U59/><E59/><V18/><F69/><W119/><G119/><T0/><D97/><U5/><E5/><V112/><F112/><W89/><G89/><T87/><D96/><U64/><E64/><V78/><F99/><W80/><G80/><T50/><D82/><U104/><E104/><V25/><F81/><W27/><G27/><T95/><D103/><U60/><E60/><V128/><F78/><W100/><G100/><T51/><D62/><U3/><E3/><AGARI ba="2,3" hai="3,4,11,20,24,30,38,40,45,57,58,76,83,85" machi="3" ten="30,7700,0" yaku="1,1,7,1,52,1,53,1" doraHai="33" doraHaiUra="74" who="3" fromWho="1" sc="291,0,243,-83,179,0,257,113" /><INIT seed="3,0,0,4,4,55" ten="291,160,179,370" oya="3" hai0="94,58,48,5,106,60,79,41,95,33,100,10,104" hai1="61,45,107,57,131,12,8,78,30,93,0,111,4" hai2="35,122,62,87,89,119,124,16,134,9,121,128,15" hai3="29,54,113,11,7,37,46,132,42,20,91,50,56"/><W116/><G113/><T81/><D33/><U64/><E107/><V63/><F119/><W14/><G116/><T92/><D100/><U105/><E105/><V97/><F124/><W123/><G123/><N who="2" m="47113" /><F134/><W99/><G132/><T103/><D103/><U17/><E111/><V108/><F108/><W68/><G68/><T36/><D36/><U32/><E78/><V120/><N who="2" m="47121" /><V125/><DORA hai="67" /><F125/><W126/><G126/><T66/><D48/><U80/><E80/><N who="2" m="49383" /><F128/><W102/><G91/><T27/><D27/><N who="1" m="18527" /><E131/><V73/><F73/><W65/><G65/><T110/><D41/><U25/><E25/><V135/><F135/><W44/><G20/><T47/><D47/><U6/><E6/><V70/><F35/><W114/><G114/><T72/><REACH who="0" step="1"/><D110/><REACH who="0" ten="281,160,179,370" step="2"/><U21/><E45/><V38/><F38/><W98/><G102/><T77/><D77/><U129/><E129/><V83/><F62/><W96/><G44/><T49/><D49/><U51/><E51/><V22/><F63/><N who="3" m="36247" /><G37/><T112/><D112/><U75/><E75/><V23/><F70/><W90/><G90/><T2/><AGARI ba="0,1" hai="2,5,10,58,60,66,72,79,81,92,94,95,104,106" machi="2" ten="30,8000,1" yaku="1,1,0,1,52,1,53,2" doraHai="55,67" doraHaiUra="101,69" who="0" fromWho="0" sc="281,90,160,-20,179,-20,370,-40" owari="371,47.1,140,-36.0,159,-24.1,330,13.0" /></mjloggm>