<mjloggm ver="2.3"><GO type="225" lobby="0"/><UN n0="%E3%83%B4%E3%83%A0%EF%BC%99%E3%81%A6" n1="%E6%A0%B9%E5%85%83%E3%81%8B%E3%82%89%E5%90%B9%E3%81%A3%E9%A3%9B%E3%81%B6" n2="%48%61%61%61%6C%61%6E%64" n3="%E5%AF%82%E5%AF%9E%E3%82%AE%E3%83%8D%E3%82%B9%E3%83%93%E3%83%BC%E3%83%AB" dan="17,17,18,16" rate="2201.10,2237.07,2203.73,2134.71" sx="M,F,M,M"/><TAIKYOKU oya="0"/><INIT seed="0,0,0,4,1,55" ten="250,250,250,250" oya="0" hai0="16,71,1,122,86,7,22,54,29,77,93,49,65" hai1="129,119,6,114,26,79,72,115,27,47,131,94,60" hai2="50,85,81,124,24,75,104,128,41,134,38,130,18" hai3="73,91,123,53,5,76,89,132,80,3,21,127,105"/><T121/><D29/><U90/><E119/><V51/><F75/><W102/><G132/><T63/><D1/><U101/><E6/><V125/><F104/><W135/><G135/><T92/><D7/><U107/><E47/><N who="2" m="23991" /><F134/><W113/><G113/><N who="1" m="43018" /><E60/><V15/><F24/><W66/><G66/><T98/><D77/><U30/><E101/><V84/><F50/><W8/><G127/><N who="2" m="48713" /><F51/><W108/><G105/><T46/><D86/><N who="2" m="33386" /><F81/><W17/><G102/><T4/><D4/><U36/><E36/><V95/><F95/><W10/><G80/><T126/><D126/><U74/><E107/><V35/><F35/><W23/><G73/><N who="1" m="28266" /><E79/><V58/><F58/><W9/><G76/><T43/><D43/><U34/><E27/><V28/><F28/><W120/><G3/><T87/><D87/><AGARI ba="0,0" hai="26,30,34,87,90,94,129,131" m="28266,43018" machi="87" ten="30,1000,0" yaku="11,1" doraHai="55" who="1" fromWho="0" sc="250,-10,250,10,250,0,250,0" /><INIT seed="1,0,0,3,1,30" ten="240,260,250,250" oya="1" hai0="105,116,129,82,126,66,97,60,113,94,90,75,68" hai1="96,67,135,110,50,10,111,17,21,133,124,16,11" hai2="112,56,14,25,48,83,41,26,119,73,24,63,84" hai3="125,19,49,64,28,72,59,106,117,29,55,39,122"/><U120/><E120/><V58/><F119/><W20/><G122/><T13/><D116/><U93/><E124/><V78/><F112/><W9/><G117/><T8/><D126/><U88/><E67/><V54/><F73/><W91/><G125/><T80/><D113/><U4/><E50/><V61/><F41/><W31/><G106/><T33/><D129/><U57/><E57/><V32/><F14/><W87/><G72/><T36/><D36/><U79/><E79/><V98/><F98/><W46/><G9/><N who="1" m="3082" /><E4/><V102/><F102/><W6/><G6/><T43/><D43/><U86/><E96/><V99/><F99/><W123/><G123/><T131/><D131/><U38/><E38/><V1/><F1/><W89/><G87/><T85/><D75/><U0/><E0/><V15/><F15/><N who="3" m="9343" /><G39/><T53/><D53/><U34/><E34/><V107/><F107/><W130/><G130/><T62/><D62/><AGARI ba="0,0" hai="28,29,31,46,49,55,59,62,64,89,91" m="9343" machi="62" ten="30,1000,0" yaku="8,1" doraHai="30" who="3" fromWho="0" sc="240,-10,260,0,250,0,250,10" /><INIT seed="2,0,0,4,4,42" ten="230,260,250,260" oya="2" hai0="67,130,122,125,29,107,85,16,118,91,53,104,99" hai1="110,71,26,32,7,52,72,134,11,49,82,61,8" hai2="68,64,83,113,0,36,43,78,73,94,132,84,57" hai3="100,95,44,2,126,13,41,80,131,79,121,81,38"/><V119/><F113/><W74/><G121/><T30/><D122/><U90/><E110/><V106/><F119/><W102/><G131/><T133/><D130/><U59/><E134/><V39/><F106/><W56/><G126/><T86/><D125/><U34/><E26/><V55/><F132/><W1/><G13/><T105/><D133/><U69/><E11/><V109/><F0/><W75/><G56/><T92/><D118/><U65/><E71/><V128/><F128/><W120/><G120/><T19/><D67/><U111/><E111/><V135/><F135/><W35/><G35/><T93/><D53/><U28/><E28/><V70/><F109/><W24/><G24/><T18/><REACH who="0" step="1"/><D85/><REACH who="0" ten="220,260,250,260" step="2"/><U17/><E52/><V47/><F64/><W45/><G75/><T54/><D54/><U10/><E72/><V77/><F55/><W129/><G129/><T115/><D115/><U116/><E65/><V127/><F127/><W48/><G74/><T96/><D96/><U25/><E116/><V101/><F73/><W112/><G112/><T27/><D27/><U58/><E25/><V117/><F117/><W98/><G98/><T89/><AGARI ba="0,1" hai="16,18,19,29,30,86,89,91,92,93,99,104,105,107" machi="89" ten="40,5200,0" yaku="1,1,0,1,54,1,53,0" doraHai="42" doraHaiUra="5" who="0" fromWho="0" sc="220,62,260,-13,250,-26,260,-13" /><INIT seed="3,0,0,0,4,36" ten="282,247,224,247" oya="3" hai0="40,111,85,106,0,76,18,46,130,25,23,133,108" hai1="105,88,59,75,9,35,56,10,31,12,29,80,44" hai2="53,69,107,103,34,72,55,135,132,58,21,120,22" hai3="52,127,126,82,110,90,60,87,64,8,1,15,38"/><W131/><G131/><T7/><D130/><U84/><E105/><V67/><F34/><W41/><G1/><T123/><D123/><U79/><E10/><V16/><F72/><W91/><G110/><N who="0" m="42027" /><D133/><N who="2" m="51274" /><F120/><W114/><G114/><T4/><D106/><U28/><E35/><V101/><F22/><W17/><G90/><T65/><D65/><U14/><E14/><N who="2" m="9367" /><F69/><W99/><G99/><T43/><D0/><U48/><E75/><V102/><F107/><W11/><G11/><T92/><D43/><N who="1" m="24607" /><E79/><V42/><F42/><W118/><G118/><T98/><D76/><U62/><E62/><AGARI ba="0,0" hai="53,55,58,62,67,101,102,103" m="9367,51274" machi="62" ten="30,2000,0" yaku="20,1,54,1" doraHai="36" who="2" fromWho="1" sc="282,0,247,-20,224,20,247,0" /><INIT seed="4,0,0,1,4,112" ten="282,227,244,247" oya="0" hai0="80,128,89,44,58,82,6,70,103,23,3,105,100" hai1="77,61,67,62,60,96,13,83,16,39,131,24,66" hai2="125,31,91,85,5,98,101,25,126,33,113,111,90" hai3="26,72,95,65,64,45,97,9,84,119,30,43,116"/><T130/><D70/><U55/><E131/><N who="0" m="50217" /><D105/><U17/><E39/><V56/><F111/><W1/><G72/><T28/><D44/><U32/><E96/><V46/><F113/><W52/><G84/><T69/><D69/><U104/><E104/><V20/><F46/><W127/><G127/><N who="2" m="48649" /><F5/><W76/><G76/><T7/><D58/><U47/><E32/><V107/><F56/><W8/><G52/><T34/><D34/><U73/><E24/><N who="2" m="18663" /><F85/><W75/><G75/><T12/><D3/><U59/><E47/><V21/><F21/><W41/><G1/><T117/><D6/><U93/><E93/><V88/><F91/><W49/><G95/><T121/><D89/><U2/><E2/><V37/><F37/><W122/><G45/><T74/><D74/><U134/><E66/><V15/><F15/><W40/><G65/><T51/><D12/><U120/><E67/><V68/><F68/><W18/><G64/><T87/><D7/><U118/><E13/><V78/><F78/><W129/><G129/><T86/><D86/><U81/><E77/><V102/><F101/><W38/><G38/><T135/><D100/><U36/><E36/><V79/><F79/><W115/><G115/><T54/><D103/><U114/><E114/><V35/><F35/><W109/><G43/><T50/><D87/><U123/><E73/><V27/><F27/><W99/><G26/><T0/><D0/><U14/><E14/><V11/><F11/><W4/><G9/><T92/><D80/><U57/><E59/><V42/><F42/><W133/><G40/><T110/><D82/><RYUUKYOKU ba="0,0" sc="282,-10,227,-10,244,30,247,-10" hai2="20,25,88,90,98,102,107" /><INIT seed="5,1,0,3,1,56" ten="272,217,274,237" oya="1" hai0="29,14,125,95,25,86,7,134,35,17,92,128,21" hai1="90,24,119,87,36,28,93,75,37,88,98,116,115" hai2="68,61,78,49,91,58,2,44,82,102,27,8,81" hai3="76,1,108,50,129,110,20,41,32,39,73,122,48"/><U130/><E130/><V112/><F112/><W135/><G122/><T120/><D128/><U124/><E115/><V65/><F102/><W52/><G129/><T113/><D113/><U85/><E124/><V10/><F68/><W105/><G32/><T43/><D125/><U94/><E75/><V109/><F109/><W15/><G105/><T99/><D120/><U30/><REACH who="1" step="1"/><E98/><REACH who="1" ten="272,207,274,237" step="2"/><V22/><F2/><W72/><G73/><T103/><D99/><U5/><E5/><V62/><F82/><W0/><G72/><T74/><D74/><U64/><E64/><V55/><F65/><W123/><G123/><T9/><D7/><U77/><E77/><V70/><F78/><W101/><G76/><T118/><D118/><U104/><E104/><V12/><F81/><W42/><G0/><T117/><D117/><U53/><E53/><V106/><F55/><W23/><G1/><T38/><D92/><U126/><E126/><V51/><F106/><W66/><G66/><T127/><D95/><U46/><E46/><V107/><F44/><W6/><G6/><T26/><D127/><U71/><E71/><V60/><F70/><W111/><G52/><T84/><D84/><U59/><E59/><V69/><F69/><W133/><G108/><T18/><D86/><U89/><E89/><V34/><F91/><W11/><G101/><T121/><D103/><U13/><E13/><V100/><F100/><W54/><G54/><T63/><D121/><U97/><E97/><V114/><F114/><W16/><G111/><T80/><D80/><U96/><E96/><V3/><F107/><RYUUKYOKU ba="1,1" sc="272,-10,207,30,274,-10,237,-10" hai1="24,28,30,36,37,85,87,88,90,93,94,116,119" /><INIT seed="5,2,1,0,4,35" ten="262,237,264,227" oya="1" hai0="113,75,90,50,43,31,34,55,85,108,20,82,37" hai1="32,60,63,68,2,38,53,128,45,98,109,10,94" hai2="49,21,84,47,22,39,66,118,92,93,105,27,25" hai3="131,14,88,4,132,19,95,111,24,64,73,9,129"/><U11/><E32/><V16/><F118/><W1/><G111/><T110/><D113/><U48/><E109/><V28/><F105/><W8/><G132/><T17/><D75/><U133/><E133/><V12/><F39/><W96/><G73/><T70/><D70/><U15/><E128/><V13/><F66/><W122/><G122/><T134/><D134/><U135/><E135/><V91/><F93/><W103/><G64/><T124/><D124/><U23/><E38/><V36/><F36/><W117/><G117/><T126/><D126/><U123/><E123/><V29/><F29/><W41/><G41/><AGARI ba="2,1" hai="12,13,16,21,22,25,27,28,41,47,49,84,91,92" machi="41" ten="30,3900,0" yaku="7,1,8,1,54,1" doraHai="35" who="2" fromWho="3" sc="262,0,237,0,264,55,227,-45" owari="262,6.2,237,-16.3,319,41.9,182,-31.8" /></mjloggm>