<mjloggm ver="2.3"><GO type="225" lobby="0"/><UN n0="%6E%69%63%6F%6E%74%6F" n1="%E3%81%92%E3%81%A3%E3%81%A1" n2="%E3%81%8F%E3%81%BE%E3%81%96%E3%82%8F" n3="%E3%81%95%E3%81%8D%E3%81%9F%E3%81%BE%E6%9E%97%E6%AA%8E" dan="17,17,16,16" rate="2153.26,2212.95,2007.08,2157.14" sx="M,M,M,M"/><TAIKYOKU oya="0"/><INIT seed="0,0,0,3,5,21" ten="250,250,250,250" oya="0" hai0="82,122,14,111,117,61,120,34,58,125,16,30,114" hai1="39,100,98,112,4,92,42,77,135,54,87,1,8" hai2="29,129,43,13,86,2,68,115,5,83,71,26,69" hai3="38,67,55,66,48,24,7,3,121,84,89,103,132"/><T53/><D117/><U51/><E135/><V97/><F115/><W74/><G74/><T62/><D114/><U76/><E112/><V80/><F2/><W46/><G132/><T11/><D125/><U96/><E87/><V17/><F129/><W88/><G121/><T57/><D111/><U19/><E42/><V56/><F5/><W70/><G38/><T22/><D34/><U31/><E39/><V72/><F97/><W59/><G70/><T0/><D82/><U6/><E6/><V102/><F102/><W131/><G131/><T104/><D104/><U47/><E31/><V60/><F43/><W130/><G103/><T123/><D0/><U52/><E54/><V32/><F86/><W35/><G7/><T109/><D109/><U126/><E126/><V110/><F72/><W23/><G35/><T63/><REACH who="0" step="1"/><D53/><REACH who="0" ten="240,250,250,250" step="2"/><U99/><E77/><V133/><F110/><W9/><G130/><T75/><D75/><U41/><E76/><V116/><F116/><W49/><G3/><T101/><D101/><U64/><E41/><V81/><F133/><W128/><G128/><T90/><D90/><U12/><REACH who="1" step="1"/><E64/><REACH who="1" ten="240,240,250,250" step="2"/><V40/><F40/><N who="3" m="24647" /><G67/><T36/><D36/><U20/><AGARI ba="0,2" hai="1,4,8,12,19,20,47,51,52,92,96,98,99,100" machi="20" ten="20,12000,2" yaku="1,1,0,1,7,1,54,1,53,3" doraHai="21" doraHaiUra="95" who="1" fromWho="1" sc="240,-60,240,140,250,-30,250,-30" /><INIT seed="1,0,0,4,1,110" ten="180,380,220,220" oya="1" hai0="109,119,104,117,76,78,71,83,101,32,29,107,50" hai1="86,12,22,114,123,72,47,1,39,49,103,3,6" hai2="48,14,44,73,70,56,9,75,51,33,15,59,79" hai3="54,111,96,52,127,91,37,41,64,97,99,133,118"/><U57/><E72/><V115/><F70/><W38/><G111/><T135/><D71/><U92/><E123/><V63/><F33/><W25/><G133/><T21/><D109/><U129/><E39/><V18/><F79/><W26/><G127/><T0/><D0/><U69/><E69/><V13/><F13/><W88/><G64/><T121/><D121/><U85/><E57/><V40/><F115/><W17/><G41/><T16/><D135/><U35/><E35/><V43/><F15/><W90/><G17/><T105/><D101/><U77/><E129/><V60/><F60/><W11/><G11/><T46/><D29/><U28/><E114/><V82/><F82/><W7/><G7/><T24/><D32/><U95/><E28/><V30/><F30/><W116/><G26/><T108/><D108/><U67/><E67/><V4/><F4/><W42/><G25/><T122/><D78/><U34/><E77/><V58/><REACH who="2" step="1"/><F63/><REACH who="2" ten="180,380,210,220" step="2"/><W68/><G68/><T2/><D2/><U134/><E12/><V98/><F98/><W120/><G120/><T27/><D27/><U81/><E6/><V100/><F100/><W53/><G42/><T61/><D61/><U131/><E34/><V113/><F113/><W112/><G112/><T36/><D122/><U8/><E3/><V87/><F87/><W19/><G19/><T66/><D83/><U65/><E81/><V128/><F128/><W31/><G31/><T124/><D76/><U130/><E131/><V102/><F102/><W132/><G132/><T80/><D80/><U20/><E134/><V125/><F125/><RYUUKYOKU ba="0,1" sc="180,-15,380,-15,210,15,220,15" hai2="9,14,18,40,43,44,48,51,56,58,59,73,75" hai3="37,38,52,53,54,88,90,91,96,97,99,116,118" /><INIT seed="2,1,1,5,5,74" ten="165,365,225,235" oya="2" hai0="93,67,40,15,39,3,116,53,79,22,76,10,94" hai1="14,16,81,19,57,47,65,20,109,32,125,130,49" hai2="64,111,128,56,124,31,101,83,70,107,77,78,85" hai3="135,127,12,87,120,21,38,33,82,43,129,5,18"/><V114/><F114/><W62/><G120/><T7/><D39/><U73/><E109/><V133/><F70/><W117/><G117/><T30/><D116/><U104/><E104/><V108/><F128/><W131/><G33/><T54/><D40/><U75/><E32/><V28/><F107/><W11/><G135/><T60/><D3/><U55/><E125/><V50/><F101/><W0/><G127/><T66/><D94/><U96/><E96/><V98/><F98/><W84/><G62/><T134/><D134/><U106/><E106/><V46/><F124/><W37/><G43/><T4/><D4/><U13/><E130/><N who="3" m="49674" /><G87/><T115/><D115/><U34/><E34/><V58/><F64/><N who="0" m="24618" /><D93/><U36/><E81/><N who="2" m="47279" /><F133/><W86/><G86/><T110/><D110/><N who="2" m="42026" /><F28/><W27/><G0/><T89/><D89/><AGARI ba="1,1" hai="5,11,12,18,21,27,37,38,82,84,89" m="49674" machi="89" ten="30,1000,0" yaku="19,1" doraHai="74" who="3" fromWho="0" sc="165,-13,365,0,225,0,235,23" /><INIT seed="3,0,0,0,4,43" ten="152,365,225,258" oya="3" hai0="66,90,60,46,19,23,33,95,36,82,2,115,58" hai1="27,101,40,108,16,52,119,107,83,85,64,6,93" hai2="94,55,113,73,134,92,24,99,70,98,50,62,122" hai3="75,12,49,29,77,61,130,112,128,78,80,68,37"/><W104/><G112/><T45/><D33/><U13/><E107/><V110/><F113/><W97/><G37/><T69/><D115/><U11/><E108/><V9/><F110/><W41/><G78/><T4/><D36/><U132/><E132/><V103/><F134/><W14/><G29/><T15/><D82/><U20/><E40/><V87/><F122/><W47/><G68/><T96/><REACH who="0" step="1"/><D69/><REACH who="0" ten="142,365,225,258" step="2"/><U129/><E119/><V126/><F126/><W32/><G32/><T117/><D117/><U72/><E129/><V76/><F70/><W42/><G80/><T22/><D22/><U59/><E83/><V133/><F133/><W74/><G130/><T3/><D3/><U10/><E20/><V125/><F125/><W51/><G128/><T53/><D53/><U100/><E52/><V127/><F127/><W65/><G75/><T88/><D88/><U7/><E72/><V26/><F73/><W63/><G74/><T44/><D44/><U1/><E1/><V25/><F76/><W57/><G47/><T135/><D135/><U35/><E35/><V21/><F21/><W31/><G77/><T54/><D54/><U114/><E114/><V0/><F0/><W109/><G109/><T34/><D34/><U118/><E118/><V48/><F55/><W120/><G120/><T18/><D18/><U124/><E16/><V28/><F28/><W106/><G31/><T111/><D111/><U86/><E124/><V89/><F89/><W91/><G91/><T71/><D71/><U105/><E59/><V81/><F81/><W67/><G57/><T56/><D56/><RYUUKYOKU ba="0,1" sc="142,15,365,-15,225,-15,258,15" hai0="2,4,15,19,23,45,46,58,60,66,90,95,96" hai3="12,14,41,42,49,51,61,63,65,67,97,104,106" /><INIT seed="3,1,1,2,1,62" ten="157,350,210,273" oya="3" hai0="46,13,99,19,79,116,110,111,89,50,52,123,51" hai1="16,39,22,128,88,15,119,11,100,0,94,120,69" hai2="32,17,10,20,6,97,134,37,36,96,31,78,48" hai3="5,90,33,118,2,26,74,76,40,25,87,86,115"/><W60/><G115/><T77/><D116/><U56/><E69/><V45/><F78/><W85/><G74/><T14/><D123/><U108/><E120/><V64/><F64/><W38/><G118/><T49/><D49/><U103/><E39/><V81/><F81/><W9/><G76/><T126/><D126/><U53/><E108/><V70/><F70/><W104/><G104/><T92/><D111/><U27/><E0/><N who="2" m="327" /><F97/><W129/><G38/><T47/><D110/><U84/><E128/><V71/><F96/><W127/><G40/><T35/><D35/><U8/><E119/><V109/><F109/><W57/><BYE who="2" /><G26/><T106/><D106/><U130/><E130/><V28/><F28/><W95/><G9/><N who="1" m="3658" /><E27/><V42/><F42/><W133/><G25/><T112/><D112/><U4/><E4/><V12/><F12/><W72/><G5/><T68/><D68/><U82/><E82/><V59/><F59/><W30/><G2/><T135/><D135/><U41/><E41/><V101/><F101/><W75/><G133/><T34/><D34/><U55/><E55/><V93/><F93/><W1/><G95/><T54/><D14/><U102/><E102/><V122/><F122/><W29/><G127/><T66/><D66/><U98/><E98/><V113/><F113/><W124/><G124/><T132/><D132/><U7/><E7/><V114/><F114/><W21/><G33/><UN n2="%E3%81%8F%E3%81%BE%E3%81%96%E3%82%8F" /><T67/><D67/><U117/><E117/><V131/><F71/><W121/><G121/><T44/><D44/><U125/><E125/><V18/><F134/><W80/><G129/><RYUUKYOKU ba="1,1" sc="157,15,350,15,210,-15,273,-15" hai0="13,19,46,47,50,51,52,54,77,79,89,92,99" hai1="15,16,22,53,56,84,88,94,100,103" owari="172,-32.8,375,47.5,195,-20.5,258,5.8" /></mjloggm>