<mjloggm ver="2.3"><GO type="225" lobby="0"/><UN n0="%E3%81%86%E3%81%A3%E3%81%97%E3%83%BC%30%30" n1="%E3%82%B2%E3%82%B9%E8%8C%82%E5%8B%9D" n2="%72%61%6B%33" n3="%6A%79%75%6E%6F%68" dan="16,16,16,16" rate="2116.39,2056.11,2108.34,2149.76" sx="M,F,M,M"/><TAIKYOKU oya="0"/><INIT seed="0,0,0,0,4,46" ten="250,250,250,250" oya="0" hai0="129,32,61,103,5,125,89,101,50,63,14,92,12" hai1="124,93,87,77,58,53,27,4,123,8,19,74,17" hai2="33,85,122,99,42,134,117,45,7,18,47,118,82" hai3="86,79,69,98,30,72,40,105,112,54,48,34,41"/><T65/><D32/><U108/><E123/><V116/><F122/><W62/><BYE who="0" /><G72/><T133/><D133/><U67/><E124/><V115/><F115/><UN n0="%E3%81%86%E3%81%A3%E3%81%97%E3%83%BC%30%30" /><W39/><G112/><T24/><D125/><U95/><E108/><V11/><F134/><W25/><G39/><T88/><D24/><U73/><E67/><V71/><F33/><W135/><G135/><T43/><D129/><U1/><E93/><V131/><F131/><W97/><G79/><T100/><D89/><U121/><E121/><V128/><F128/><W68/><G86/><T55/><D43/><U106/><E106/><V20/><F71/><W111/><G111/><T37/><D37/><U35/><E35/><V70/><F70/><W16/><G69/><T126/><D126/><U90/><E77/><N who="2" m="46287" /><F99/><W96/><G105/><T66/><D66/><U81/><E81/><V15/><F42/><W84/><G84/><N who="0" m="52231" /><D5/><U51/><REACH who="1" step="1"/><E27/><AGARI ba="0,0" hai="7,11,15,18,20,27,45,47,116,117,118" m="46287" machi="27" ten="30,1000,0" yaku="12,1" doraHai="46" who="2" fromWho="1" sc="250,0,250,-10,250,10,250,0" /><INIT seed="1,0,0,5,3,90" ten="250,240,260,250" oya="1" hai0="25,38,129,49,76,13,26,53,41,123,112,37,121" hai1="87,16,6,103,60,106,84,94,55,70,86,56,118" hai2="30,4,127,124,45,27,126,43,40,75,18,50,82" hai3="72,98,32,19,104,108,14,47,66,48,23,28,57"/><U79/><E118/><V20/><F4/><W116/><G116/><T95/><D112/><U33/><E33/><V89/><F40/><W74/><G108/><T65/><D65/><U99/><E6/><V135/><F135/><W92/><G104/><T46/><D129/><U1/><E1/><V71/><F71/><W107/><G107/><T100/><D76/><U78/><E70/><V36/><F75/><W105/><G105/><T115/><D13/><U44/><E106/><V109/><F109/><W59/><G32/><T134/><D115/><U12/><E44/><V73/><F73/><W110/><G110/><T7/><D7/><U51/><E60/><V128/><F128/><W15/><G28/><T131/><D134/><U120/><E120/><N who="0" m="46153" /><D131/><U81/><E78/><V101/><F101/><W83/><G14/><T52/><D53/><U88/><E79/><V91/><F82/><W5/><G5/><T130/><D130/><U29/><E29/><V85/><F85/><W77/><G66/><T80/><D80/><U97/><E97/><V17/><F36/><N who="0" m="13930" /><D41/><U102/><E103/><V21/><REACH who="2" step="1"/><F30/><REACH who="2" ten="250,240,250,250" step="2"/><W8/><G74/><T42/><D42/><U58/><REACH who="1" step="1"/><E56/><REACH who="1" ten="250,230,250,250" step="2"/><V3/><F3/><W9/><G59/><T64/><D100/><U69/><E69/><V119/><F119/><W39/><G57/><T132/><D132/><U10/><AGARI ba="0,2" hai="10,12,16,51,55,58,81,84,86,87,88,94,99,102" machi="10" ten="20,24000,3" yaku="1,1,0,1,7,1,8,1,52,1,54,2,53,1" doraHai="90" doraHaiUra="54" who="1" fromWho="1" sc="250,-80,230,260,250,-80,250,-80" /><INIT seed="1,1,0,2,1,16" ten="170,490,170,170" oya="1" hai0="67,73,97,93,37,134,48,53,112,84,17,49,98" hai1="119,8,65,61,100,21,27,83,34,102,36,51,5" hai2="75,132,108,80,30,126,94,107,47,120,35,81,88" hai3="59,31,128,130,92,9,55,111,12,22,77,23,125"/><U7/><E36/><V26/><F120/><W24/><G111/><T115/><D37/><U99/><E119/><V33/><F108/><W4/><G125/><T39/><D39/><U40/><E34/><V113/><F107/><W41/><G41/><T58/><D73/><U14/><E5/><V6/><F126/><W54/><G77/><T0/><D0/><U64/><E83/><V79/><F132/><W87/><G87/><T72/><D72/><U29/><E99/><V105/><F105/><W109/><G92/><T76/><D134/><U1/><E1/><V116/><F116/><W135/><G135/><T86/><D67/><U82/><E82/><V85/><F113/><W104/><G104/><T68/><D68/><U121/><E121/><V127/><F127/><W57/><G109/><T78/><D17/><U13/><E13/><V62/><F6/><W91/><G91/><T10/><D10/><U96/><E96/><V110/><F110/><W118/><G118/><T45/><D93/><U32/><E32/><V18/><F18/><W15/><G57/><T114/><D98/><U20/><E65/><V44/><F35/><N who="3" m="20967" /><G55/><N who="0" m="32103" /><D97/><U71/><E100/><V124/><F124/><W123/><G12/><T52/><D53/><U3/><E102/><V43/><F43/><W106/><G106/><T122/><D122/><U95/><E3/><V11/><F11/><W70/><G123/><T60/><D60/><U2/><E2/><V129/><F62/><N who="3" m="36215" /><G70/><T66/><D66/><U117/><E117/><V38/><F38/><W25/><G25/><T28/><D28/><U101/><E29/><RYUUKYOKU ba="1,0" sc="170,15,490,-15,170,-15,170,15" hai0="45,49,52,76,78,84,86,112,114,115" hai3="4,9,15,22,23,128,130" /><INIT seed="2,2,0,4,1,87" ten="185,475,155,185" oya="2" hai0="12,20,6,72,85,100,73,21,123,28,77,40,59" hai1="81,41,122,34,93,91,67,92,121,53,97,69,68" hai2="32,80,35,11,50,117,90,0,133,66,101,135,9" hai3="116,94,5,10,126,27,23,19,102,14,132,63,113"/><V62/><F117/><W125/><G116/><T89/><D123/><N who="1" m="47115" /><E34/><V3/><F101/><W65/><G132/><N who="2" m="50761" /><F50/><W33/><G113/><T48/><D100/><N who="1" m="60455" /><E67/><V76/><F11/><W2/><G94/><T24/><D77/><U99/><E41/><V84/><F76/><W109/><G102/><T70/><D70/><U130/><E130/><V127/><F127/><W64/><G109/><T46/><D59/><U17/><E53/><V83/><F83/><W86/><G86/><T95/><REACH who="0" step="1"/><D6/><REACH who="0" ten="175,475,155,185" step="2"/><U39/><E69/><N who="2" m="42199" /><F0/><W36/><G126/><T105/><D105/><U38/><E68/><V96/><F96/><W13/><G125/><T111/><D111/><U55/><E81/><V75/><F75/><W88/><G2/><T115/><D115/><U71/><E71/><V47/><F47/><W98/><G5/><AGARI ba="2,1" hai="3,5,9,32,35,80,84,90" m="42199,50761" machi="5" ten="30,2900,0" yaku="20,1,52,1" doraHai="87" who="2" fromWho="3" sc="175,0,475,0,155,45,185,-35" /><INIT seed="2,3,0,5,1,118" ten="175,475,200,150" oya="2" hai0="77,6,133,119,50,71,74,94,23,46,82,101,134" hai1="27,113,61,76,5,89,35,69,96,108,28,32,16" hai2="34,2,10,30,72,102,56,17,13,73,11,117,116" hai3="45,18,122,57,98,90,107,112,7,60,14,0,135"/><V33/><F102/><W131/><G131/><T54/><D71/><U64/><E113/><V85/><F85/><W132/><G112/><T49/><D119/><U3/><E108/><V65/><F56/><W100/><G0/><T55/><D6/><U120/><E35/><V59/><F59/><W121/><G7/><T109/><D109/><U70/><E69/><V47/><F47/><W127/><G90/><T29/><D29/><U130/><E130/><V80/><F80/><W97/><G97/><T114/><D23/><U22/><E76/><V75/><F65/><W111/><G45/><T26/><D26/><U39/><E39/><V79/><F79/><W84/><G84/><T42/><D114/><U67/><E64/><V125/><F125/><W4/><G4/><T41/><D41/><U36/><E36/><V8/><F2/><W19/><G19/><T93/><D42/><U1/><E61/><V86/><F86/><W25/><G25/><T126/><D126/><U128/><E67/><V129/><F129/><W44/><G44/><N who="0" m="27943" /><D101/><U38/><E128/><V68/><F68/><W105/><G105/><T83/><D83/><U12/><E38/><V51/><F30/><W78/><G78/><T66/><D66/><U15/><E70/><V43/><F117/><W104/><G127/><T123/><D94/><U48/><E1/><V24/><F116/><W110/><G110/><T62/><D93/><U99/><E3/><V20/><F24/><W37/><G111/><T40/><D123/><N who="3" m="47113" /><G107/><T81/><D81/><U124/><E120/><V87/><F87/><W106/><G106/><RYUUKYOKU ba="3,0" sc="175,15,475,-15,200,15,150,-15" hai0="40,46,50,55,62,74,77,82,133,134" hai2="8,10,11,13,17,20,33,34,43,51,72,73,75" /><INIT seed="2,4,0,1,2,110" ten="190,460,215,135" oya="2" hai0="10,76,26,42,75,115,108,132,57,91,83,56,9" hai1="8,126,53,62,130,97,33,24,7,31,69,60,12" hai2="109,99,120,20,113,111,118,27,80,23,101,46,95" hai3="40,81,122,45,74,116,11,21,14,88,59,105,55"/><V51/><F118/><W104/><G116/><T117/><D117/><U43/><E126/><V37/><F120/><W89/><G122/><T128/><D108/><N who="2" m="41546" /><F37/><W103/><G21/><N who="2" m="8265" /><F80/><W4/><G74/><T64/><D26/><U90/><E43/><N who="2" m="25055" /><F27/><W2/><G2/><T73/><D83/><U129/><E69/><V54/><F54/><W78/><G78/><T67/><D76/><U5/><E53/><V61/><F61/><W6/><G81/><T135/><D42/><U134/><E62/><V107/><F107/><W38/><G104/><T18/><D67/><U86/><E60/><V22/><N who="2" m="8273" /><V124/><DORA hai="119" /><F124/><W3/><G55/><T96/><D64/><U19/><E24/><V1/><F1/><W85/><G59/><T82/><D82/><U52/><E52/><V102/><F102/><W65/><G65/><T77/><D77/><U94/><E31/><V16/><F16/><W39/><G39/><T87/><D18/><U114/><E19/><V79/><F79/><W35/><G103/><T106/><D106/><U48/><E5/><V131/><F131/><W17/><G105/><T112/><D128/><U58/><E129/><V15/><F15/><W100/><G100/><T34/><D75/><U68/><E130/><V25/><F25/><W28/><G3/><T29/><D73/><U63/><E12/><V13/><F13/><W92/><G89/><T30/><D91/><U32/><E63/><V0/><F0/><W71/><G71/><T93/><D30/><U98/><E68/><V121/><F121/><W133/><G28/><T84/><D29/><RYUUKYOKU ba="4,0" sc="190,-10,460,-10,215,30,135,-10" hai2="95,99,101,113" /><INIT seed="2,5,0,4,5,13" ten="180,450,245,125" oya="2" hai0="84,81,66,82,25,10,65,100,120,64,19,46,28" hai1="63,7,110,14,34,67,126,106,27,122,93,131,40" hai2="8,24,38,123,108,99,39,116,127,71,30,103,42" hai3="73,62,101,132,94,135,36,89,125,95,97,15,11"/><V77/><F123/><W134/><G36/><T88/><D120/><U50/><E122/><V118/><F116/><W74/><G125/><T31/><D100/><U26/><E106/><V4/><F127/><W5/><REACH who="3" step="1"/><G62/><REACH who="3" ten="180,450,245,115" step="2"/><T43/><D82/><U48/><E63/><V119/><F38/><W96/><AGARI ba="5,1" hai="5,11,15,73,74,89,94,95,96,97,101,132,134,135" machi="96" ten="40,8000,1" yaku="1,1,2,1,0,1,20,1,53,0" doraHai="13" doraHaiUra="49" who="3" fromWho="3" sc="180,-25,450,-25,245,-45,115,105" /><INIT seed="3,0,0,2,3,89" ten="155,425,200,220" oya="3" hai0="133,99,108,101,34,10,64,14,23,31,115,50,69" hai1="45,18,124,128,92,62,121,114,63,60,35,125,67" hai2="78,127,68,85,4,88,21,105,70,6,56,27,132" hai3="113,123,122,111,71,118,59,90,5,55,29,120,1"/><W24/><G113/><T3/><D115/><U26/><E121/><V107/><F78/><W91/><G71/><T15/><D108/><U135/><E114/><V58/><F21/><W47/><G118/><T98/><D133/><U28/><E135/><V43/><F27/><W83/><G47/><T93/><D34/><U49/><E128/><V42/><F88/><W130/><G130/><T53/><D3/><U13/><E92/><V74/><F85/><W33/><G111/><T117/><D117/><U110/><E110/><V9/><F9/><W0/><G5/><T65/><D69/><U51/><E67/><V76/><F76/><W81/><G90/><T25/><D98/><U96/><E96/><V97/><F97/><W54/><G54/><T66/><REACH who="0" step="1"/><D10/><REACH who="0" ten="145,425,200,220" step="2"/><U57/><E57/><AGARI ba="0,1" hai="14,15,23,25,31,50,53,57,64,65,66,93,99,101" machi="57" ten="40,8000,1" yaku="1,1,2,1,8,1,52,1,53,0" doraHai="89" doraHaiUra="41" who="0" fromWho="1" sc="145,90,425,-80,200,0,220,0" owari="235,3.5,345,44.5,200,-30.0,220,-18.0" /></mjloggm>