<mjloggm ver="2.3"><GO type="225" lobby="0"/><UN n0="%E8%B6%85%E7%B4%9A%E9%B3%B3%E5%87%B0" n1="%53%4E%4F%42%42%49%53%4D" n2="%E7%89%8C%E6%B5%81%E7%8A%B6%E6%85%8B%E9%BA%BB%E9%9B%80" n3="%E3%81%AF%E3%82%88%E3%81%8A%E3%81%98%E3%81%95%E3%82%93" dan="16,17,17,17" rate="2127.06,2193.55,2204.31,2198.11" sx="M,F,M,M"/><TAIKYOKU oya="0"/><INIT seed="0,0,0,3,0,49" ten="250,250,250,250" oya="0" hai0="128,53,133,124,17,0,18,90,129,135,125,75,68" hai1="134,24,26,29,100,34,95,50,41,58,98,81,7" hai2="117,62,108,43,118,113,56,69,2,39,127,103,5" hai3="47,115,66,105,10,45,94,67,60,4,86,131,87"/><T44/><D0/><U85/><E134/><N who="0" m="51209" /><D75/><U8/><E24/><V42/><F103/><W120/><G105/><T106/><D106/><U93/><E93/><V79/><F79/><W55/><G115/><T19/><D68/><U101/><E101/><V70/><F5/><W123/><G131/><N who="0" m="50251" /><D90/><U31/><E31/><V89/><F89/><W51/><G47/><T88/><D88/><U121/><E121/><N who="3" m="46666" /><G94/><T91/><D91/><U74/><E74/><V114/><F2/><N who="3" m="279" /><G67/><T46/><D53/><N who="1" m="32055" /><E95/><V130/><F130/><W59/><AGARI ba="0,0" hai="45,51,55,59,60,66,86,87" m="279,46666" machi="59" ten="30,2000,0" yaku="13,1,52,1" doraHai="49" who="3" fromWho="3" sc="250,-10,250,-5,250,-5,250,20" /><INIT seed="1,0,0,3,3,14" ten="240,245,245,270" oya="1" hai0="107,45,17,43,124,87,55,68,97,114,21,22,109" hai1="108,75,28,122,67,62,119,42,18,27,30,126,127" hai2="115,91,123,7,85,132,92,63,56,65,130,19,41" hai3="44,76,51,66,101,74,53,57,82,48,78,50,34"/><U102/><E75/><V96/><F123/><W59/><G34/><T133/><D114/><U71/><E119/><V24/><F130/><W100/><G76/><T113/><D113/><U10/><E122/><V31/><F115/><W12/><G50/><T0/><D0/><U72/><E72/><V25/><F132/><W2/><G2/><T13/><D68/><U32/><E30/><V89/><F7/><W120/><G120/><T69/><D69/><U99/><E42/><V8/><F41/><W125/><G125/><T88/><D124/><U111/><E10/><V4/><F31/><W3/><G3/><T5/><D133/><U9/><E9/><V16/><F4/><W77/><G78/><T93/><D109/><N who="1" m="42059" /><E18/><N who="2" m="6699" /><F8/><W6/><G6/><T134/><D134/><U103/><E103/><V95/><AGARI ba="0,0" hai="24,25,56,63,65,85,89,91,92,95,96" m="6699" machi="95" ten="30,8000,1" yaku="8,1,52,3,54,1" doraHai="14" who="2" fromWho="2" sc="240,-20,245,-40,245,80,270,-20" /><INIT seed="2,0,0,1,1,43" ten="220,205,325,250" oya="2" hai0="131,50,58,16,106,23,103,78,8,66,53,24,134" hai1="6,135,89,39,95,44,33,76,38,81,121,48,125" hai2="82,74,101,118,85,63,37,42,27,133,14,22,68" hai3="3,47,72,84,62,34,94,1,93,129,13,107,17"/><V64/><F118/><W80/><G107/><T55/><D131/><U100/><E33/><V52/><F133/><W105/><G105/><T115/><D115/><U46/><E135/><V102/><F74/><W109/><G34/><T69/><D134/><U21/><E100/><V128/><F14/><W77/><G109/><T31/><D78/><U126/><E121/><V65/><F65/><W18/><G129/><T87/><D87/><N who="1" m="48551" /><E21/><V91/><F128/><W20/><G62/><T73/><D73/><U99/><E48/><V119/><F119/><W0/><G72/><T98/><D55/><U88/><E6/><V114/><F114/><W10/><REACH who="3" step="1"/><G47/><REACH who="3" ten="220,205,325,240" step="2"/><N who="1" m="17962" /><E89/><V60/><F91/><W49/><G49/><T2/><D50/><U124/><AGARI ba="0,1" hai="38,39,88,95,99,124,125,126" m="17962,48551" machi="124" ten="40,8000,1" yaku="18,1,52,3,54,1" doraHai="43" who="1" fromWho="1" sc="220,-20,205,90,325,-40,240,-20" /><INIT seed="3,0,0,2,0,79" ten="200,295,285,220" oya="3" hai0="10,96,74,103,19,84,130,45,126,9,24,85,64" hai1="46,4,65,115,83,105,20,73,6,44,61,2,14" hai2="119,47,12,121,69,106,125,30,17,50,52,18,118" hai3="15,122,102,129,7,29,54,113,81,104,37,53,43"/><W11/><G113/><T112/><D74/><U5/><E105/><V116/><F106/><W38/><G122/><T93/><D112/><U62/><E115/><V58/><F69/><W123/><G123/><T95/><D130/><U63/><E2/><V134/><F121/><W78/><G129/><T39/><D126/><U128/><E128/><V82/><F125/><W75/><G29/><T110/><D110/><U28/><E65/><V57/><F134/><W31/><G31/><T48/><D39/><U111/><E111/><V86/><F30/><W13/><G13/><T131/><D131/><U89/><E73/><V117/><F117/><W94/><G104/><T97/><D64/><U88/><E14/><V71/><F71/><W42/><G37/><T26/><D19/><U0/><E0/><V91/><REACH who="2" step="1"/><F18/><REACH who="2" ten="200,295,275,220" step="2"/><W133/><G133/><T107/><D107/><U49/><E28/><V87/><F87/><W124/><G124/><T92/><D85/><N who="1" m="50239" /><E20/><AGARI ba="0,1" hai="12,17,20,47,50,52,57,58,82,86,91,116,118,119" machi="20" ten="40,8000,1" yaku="1,1,52,1,54,1,53,1" doraHai="79" doraHaiUra="40" who="2" fromWho="1" sc="200,0,295,-80,275,90,220,0" owari="200,-30.0,215,-18.5,365,46.5,220,2.0" /></mjloggm>