<mjloggm ver="2.3"><GO type="225" lobby="0"/><UN n0="%E3%83%81%E3%83%83%E3%82%BF%E3%82%BD%E3%83%BC" n1="%E3%81%99%E3%81%84%E3%81%BE%E3%81%9B%E3%83%BC%E3%82%93" n2="%E3%81%A4%E3%81%A3%E3%81%B1%E3%82%8A%E3%83%9D%E3%83%BC%E3%83%AB" n3="%E3%81%BF%E3%81%BF%E3%81%9A" dan="17,18,17,18" rate="2205.00,2262.84,2236.70,2268.41" sx="F,M,M,M"/><TAIKYOKU oya="0"/><INIT seed="0,0,0,2,1,51" ten="250,250,250,250" oya="0" hai0="6,18,131,31,66,38,72,125,115,84,109,55,29" hai1="62,12,76,74,5,99,73,111,40,118,100,37,59" hai2="32,105,78,2,27,25,10,101,121,46,39,54,58" hai3="1,95,70,13,112,129,9,87,24,53,60,124,85"/><T68/><D115/><U103/><E118/><V106/><F121/><W122/><G1/><T22/><D6/><U50/><E111/><V116/><F116/><W71/><G112/><T133/><D38/><U86/><E37/><V120/><F120/><W35/><G122/><T3/><D3/><U119/><E119/><V17/><F78/><W65/><G124/><T134/><D72/><U110/><E110/><V80/><F80/><W42/><G42/><T4/><D4/><U91/><E76/><V93/><F2/><W107/><G107/><T26/><D109/><U34/><E34/><V132/><F132/><N who="0" m="50794" /><D125/><U89/><E91/><V15/><F93/><W28/><G129/><T81/><D131/><U77/><E77/><V98/><F106/><W20/><G71/><T23/><D23/><U44/><E99/><V130/><F32/><W90/><G35/><T63/><D55/><N who="1" m="34175" /><E74/><V92/><F105/><W82/><G53/><T83/><D83/><N who="1" m="49375" /><E73/><V128/><F128/><W113/><G113/><T117/><D117/><U104/><E104/><V36/><F36/><W30/><G30/><T14/><D31/><U102/><E102/><V69/><F69/><W79/><G70/><T7/><D81/><U75/><E75/><V135/><F130/><W56/><G9/><AGARI ba="0,0" hai="5,9,12,40,44,50,100,103" m="49375,34175" machi="9" ten="30,2000,0" yaku="8,1,52,1" doraHai="51" who="1" fromWho="3" sc="250,0,250,20,250,0,250,-20" /><INIT seed="1,0,0,3,4,68" ten="250,270,250,230" oya="1" hai0="135,117,63,127,27,84,97,24,42,19,78,94,48" hai1="53,47,6,129,50,23,72,108,75,119,80,21,118" hai2="79,121,51,8,10,71,66,26,125,38,34,13,93" hai3="33,85,95,29,134,116,100,16,122,111,30,55,69"/><U120/><E120/><V56/><F121/><W102/><G122/><T44/><D135/><U32/><E32/><V70/><F38/><W0/><G0/><T39/><D127/><U52/><E129/><V89/><F125/><W7/><G7/><T22/><D117/><U104/><E104/><V132/><F79/><W110/><G69/><T126/><D126/><U17/><E108/><N who="3" m="41514" /><G134/><T88/><D63/><U114/><E114/><V99/><F132/><W25/><G116/><T35/><D35/><U5/><E50/><V91/><F71/><W107/><G107/><T40/><D40/><U87/><E87/><V58/><F70/><W113/><G113/><T67/><D67/><U76/><E76/><V106/><F106/><W115/><G30/><T3/><D3/><U109/><E109/><V14/><F26/><W82/><G115/><T103/><D78/><U1/><E1/><V131/><F34/><W96/><G55/><T60/><D60/><U20/><E53/><N who="2" m="31807" /><F131/><W9/><G102/><T92/><REACH who="0" step="1"/><D27/><REACH who="0" ten="240,270,250,230" step="2"/><U4/><E119/><V130/><F130/><W61/><G61/><T65/><D65/><U86/><E118/><V18/><F66/><W83/><G85/><T133/><D133/><U11/><E86/><V12/><F12/><AGARI ba="0,1" hai="9,12,16,25,29,33,82,83,95,96,100" m="41514" machi="12" ten="30,2000,0" yaku="14,1,54,1" doraHai="68" who="3" fromWho="2" sc="240,0,270,0,250,-20,230,30" /><INIT seed="2,0,0,1,3,106" ten="240,270,230,260" oya="2" hai0="39,26,99,114,69,96,37,78,19,110,93,92,115" hai1="120,68,60,54,127,84,46,104,121,116,90,66,36" hai2="11,55,34,28,97,107,53,17,44,50,132,100,12" hai3="31,89,119,103,13,80,6,70,57,109,124,86,76"/><V122/><F132/><W87/><G70/><T101/><D26/><U49/><E104/><V85/><F122/><N who="1" m="47209" /><E116/><V102/><F102/><W71/><G71/><T83/><D69/><U134/><E134/><V81/><F28/><W56/><G119/><T113/><D19/><U9/><E9/><V117/><F117/><W126/><G103/><T47/><D47/><N who="1" m="27967" /><E90/><V5/><F34/><W105/><G105/><T58/><D58/><U35/><E84/><V0/><F55/><W131/><G31/><T29/><D29/><U4/><E4/><V79/><REACH who="2" step="1"/><F17/><REACH who="2" ten="240,270,220,260" step="2"/><W64/><G126/><T10/><D101/><U111/><E35/><V135/><F135/><W41/><G124/><T20/><D113/><U73/><E127/><V42/><F42/><W74/><G41/><T21/><D114/><U59/><E111/><V1/><AGARI ba="0,1" hai="0,1,5,11,12,44,50,53,79,81,85,97,100,107" machi="1" ten="30,3000,0" yaku="1,1,0,1,53,0" doraHai="106" doraHaiUra="88" who="2" fromWho="2" sc="240,-10,270,-10,220,40,260,-10" /><INIT seed="2,1,0,1,0,99" ten="230,260,260,250" oya="2" hai0="130,131,82,61,79,116,102,36,63,86,67,37,50" hai1="132,31,113,110,43,54,112,85,1,60,74,83,2" hai2="111,33,68,20,127,46,78,71,52,87,25,88,4" hai3="105,80,107,57,49,48,24,10,42,118,91,35,62"/><V114/><F114/><W64/><G118/><T108/><D108/><U92/><E110/><V17/><F111/><W76/><G91/><T109/><D109/><U133/><E43/><V97/><F4/><W26/><G10/><T56/><D116/><U23/><E74/><V59/><F127/><W129/><G129/><N who="0" m="49163" /><D50/><U16/><E92/><V45/><F33/><W77/><G77/><T55/><D102/><U13/><E31/><V47/><F78/><W32/><G42/><T34/><D34/><U72/><E72/><V0/><F0/><W90/><G35/><T89/><D79/><N who="1" m="46335" /><E1/><V65/><F65/><W84/><G32/><T66/><D66/><U51/><E60/><N who="2" m="35943" /><F87/><N who="3" m="48519" /><G107/><T135/><D135/><N who="1" m="51787" /><E2/><V103/><F103/><W106/><G105/><T73/><D73/><U134/><N who="1" m="51795" /><U29/><DORA hai="95" /><E29/><V22/><F71/><AGARI ba="1,0" hai="36,37,55,56,61,63,67,71,82,86,89" m="49163" machi="71" ten="30,1000,0" yaku="19,1" doraHai="99,95" who="0" fromWho="2" sc="230,13,260,0,260,-13,250,0" /><INIT seed="3,0,0,2,2,53" ten="243,260,247,250" oya="3" hai0="115,82,55,108,127,54,73,32,74,129,130,61,6" hai1="39,83,114,79,5,118,57,72,70,49,122,109,12" hai2="41,96,111,47,7,10,26,1,126,71,133,8,134" hai3="99,132,64,124,34,91,119,90,16,4,52,25,106"/><W104/><G119/><T68/><D108/><U81/><E122/><V58/><F71/><W0/><G124/><T92/><D127/><U14/><E39/><V43/><F126/><W13/><G64/><N who="0" m="40975" /><D32/><U38/><E38/><V19/><F111/><W131/><G132/><N who="2" m="50793" /><F47/><W63/><G131/><N who="0" m="50187" /><D115/><U116/><E114/><V102/><F58/><N who="3" m="35271" /><G91/><T113/><D113/><U30/><E70/><V21/><F10/><N who="3" m="2311" /><G90/><T69/><D69/><U20/><E109/><V93/><AGARI ba="0,0" hai="1,7,8,19,21,26,41,43,93,96,102" m="50793" machi="93" ten="30,1100,0" yaku="20,1" doraHai="53" who="2" fromWho="2" sc="243,-3,260,-3,247,11,250,-5" /><INIT seed="4,0,0,4,3,125" ten="240,257,258,245" oya="0" hai0="89,111,41,51,104,25,29,66,68,28,36,33,106" hai1="124,130,46,30,100,101,6,85,112,108,86,120,74" hai2="49,132,56,71,48,94,55,129,81,19,38,7,18" hai3="34,110,59,3,8,97,92,22,133,63,127,99,84"/><T43/><D111/><U93/><E30/><V103/><F38/><W72/><G110/><T60/><D51/><U128/><E108/><V82/><F71/><W126/><G72/><T134/><D134/><U15/><E120/><V109/><F109/><W26/><G34/><T75/><D75/><U88/><E74/><V31/><F132/><W10/><G133/><T80/><D28/><U50/><E124/><N who="3" m="47658" /><G84/><T32/><D33/><U114/><E86/><V121/><F121/><W118/><G118/><T13/><D80/><U98/><E15/><V78/><F7/><N who="3" m="1151" /><G10/><T90/><D13/><U73/><E73/><V11/><F11/><W53/><G92/><T87/><D87/><U1/><E6/><V79/><F94/><W24/><G24/><T116/><D116/><U135/><E1/><V27/><F81/><W77/><G77/><T42/><REACH who="0" step="1"/><D36/><REACH who="0" ten="230,257,258,245" step="2"/><U0/><E135/><V67/><F82/><W102/><G102/><N who="1" m="39530" /><E85/><V105/><F103/><W47/><G47/><T21/><D21/><U23/><E23/><V62/><F79/><W17/><AGARI ba="0,1" hai="17,22,26,53,59,63,97,99" m="1151,47658" machi="17" ten="30,1100,0" yaku="18,1" doraHai="125" who="3" fromWho="3" sc="230,-5,257,-3,258,-3,245,21" /><INIT seed="5,0,0,3,0,113" ten="225,254,255,266" oya="1" hai0="110,28,2,123,40,111,37,104,35,95,32,54,34" hai1="69,130,114,109,53,122,10,52,20,72,18,49,36" hai2="118,22,126,41,85,19,135,6,59,127,120,4,78" hai3="74,57,90,134,75,45,46,81,102,12,98,8,87"/><U64/><E122/><V11/><F120/><W133/><G57/><T108/><D54/><U29/><E114/><V56/><F41/><W61/><G61/><T21/><D104/><U42/><E72/><N who="3" m="27690" /><G12/><T5/><D95/><U100/><E109/><V106/><F118/><W23/><G23/><T7/><D123/><U125/><E125/><V77/><F135/><N who="3" m="51723" /><G8/><N who="0" m="2103" /><D40/><U132/><E132/><V79/><F106/><AGARI ba="0,0" hai="45,46,81,87,90,98,102,106" m="51723,27690" machi="106" ten="30,1000,0" yaku="20,1" doraHai="113" who="3" fromWho="2" sc="225,0,254,0,255,-10,266,10" /><INIT seed="6,0,0,1,5,10" ten="225,254,245,276" oya="2" hai0="43,98,73,91,105,52,14,42,7,121,63,74,127" hai1="106,41,79,114,104,130,24,59,84,39,37,35,31" hai2="110,94,99,97,133,77,27,12,3,118,66,134,20" hai3="102,82,122,86,17,21,25,28,48,46,71,81,115"/><V116/><F3/><W129/><G71/><T107/><D127/><U101/><E114/><V16/><F66/><W5/><G122/><T60/><D121/><U128/><E59/><V23/><F110/><W22/><G5/><T1/><D1/><U15/><E15/><V119/><F77/><W19/><G115/><T83/><D83/><N who="1" m="47231" /><E41/><V11/><F23/><W51/><G129/><N who="1" m="49770" /><E101/><V34/><F34/><W96/><G51/><T6/><D91/><U70/><E70/><V68/><F68/><W65/><G65/><T108/><D98/><U18/><E18/><N who="2" m="12695" /><F94/><N who="3" m="58647" /><G21/><T103/><D103/><U80/><E80/><N who="3" m="30826" /><G86/><T56/><D108/><U67/><E67/><V78/><F78/><W36/><G36/><AGARI ba="0,0" hai="24,31,35,36,37,39,104,106" m="49770,47231" machi="36" ten="30,1000,0" yaku="19,1" doraHai="10" who="1" fromWho="3" sc="225,0,254,10,245,0,276,-10" /><INIT seed="7,0,0,4,5,101" ten="225,264,245,266" oya="3" hai0="122,62,46,94,41,112,117,18,99,74,78,49,107" hai1="20,114,16,111,45,91,8,61,109,9,55,0,115" hai2="68,47,1,128,64,39,7,75,95,51,48,104,90" hai3="22,19,88,96,38,56,97,33,26,89,93,70,72"/><W3/><G70/><T100/><D117/><U69/><E91/><V127/><F128/><W81/><G38/><T65/><D122/><U43/><E9/><N who="2" m="2287" /><F104/><W14/><G3/><T106/><D112/><N who="1" m="43051" /><E8/><V118/><F118/><W105/><G56/><T120/><D120/><U76/><E0/><V132/><F132/><W10/><G33/><T124/><D124/><U116/><E76/><V85/><F64/><W67/><G67/><T32/><D32/><U66/><E55/><V102/><F68/><W36/><G36/><T73/><D18/><U40/><E116/><V44/><F102/><W25/><G105/><T71/><REACH who="0" step="1"/><D73/><REACH who="0" ten="215,264,245,266" step="2"/><U24/><E43/><N who="2" m="22655" /><F127/><W11/><G72/><T52/><D52/><U23/><E40/><V130/><F130/><W28/><G28/><T21/><D21/><U50/><E23/><V126/><F126/><W15/><G22/><T60/><D60/><U35/><E35/><V42/><F75/><W133/><G133/><T77/><D77/><U110/><E110/><V31/><F31/><W103/><G19/><T129/><D129/><U29/><E29/><V134/><F134/><W58/><G10/><T4/><D4/><U34/><E34/><V92/><F42/><W108/><G108/><T86/><D86/><U13/><E111/><V135/><F135/><W131/><G131/><T30/><D30/><U80/><E109/><V98/><F47/><W53/><G53/><T83/><AGARI ba="0,1" hai="41,46,49,62,65,71,74,78,83,94,99,100,106,107" machi="83" ten="30,7900,0" yaku="1,1,0,1,52,2,53,0" doraHai="101" doraHaiUra="121" who="0" fromWho="0" sc="215,89,264,-20,245,-20,266,-39" owari="304,40.4,244,4.4,225,-27.5,227,-17.3" /></mjloggm>