<mjloggm ver="2.3"><GO type="225" lobby="0"/><UN n0="%72%65%6E%6B%75%6E" n1="%E3%83%B4%E3%82%A3%E3%83%AF%E3%82%B3%E3%82%B0%E3%83%8B" n2="%72%61%6B%33" n3="%E8%81%B7%E6%A5%AD%E3%80%81%E9%A2%A8%32" dan="17,16,16,16" rate="2209.79,2166.55,2189.23,2111.93" sx="M,M,M,M"/><TAIKYOKU oya="0"/><INIT seed="0,0,0,4,1,121" ten="250,250,250,250" oya="0" hai0="54,49,28,16,102,91,120,13,3,52,106,109,131" hai1="19,130,122,111,68,42,126,25,119,20,46,58,59" hai2="39,79,132,100,56,8,110,90,41,9,21,89,133" hai3="26,69,82,14,92,123,72,7,17,32,75,44,134"/><T10/><D120/><U85/><E68/><V57/><F21/><W80/><G69/><T77/><D131/><U55/><E119/><V104/><F79/><W128/><G123/><T65/><D3/><U23/><E122/><V1/><F1/><W22/><G134/><T18/><D28/><U61/><E126/><V124/><F41/><W43/><G128/><T95/><D77/><U33/><E33/><V112/><F100/><W76/><G92/><T48/><D65/><U86/><E130/><V67/><F67/><W105/><G105/><T64/><D64/><U4/><E4/><V114/><F104/><W12/><G32/><T98/><D18/><U117/><E117/><V96/><F39/><W0/><G82/><T118/><D118/><U15/><E58/><V24/><F24/><W78/><G78/><T38/><D38/><U6/><E111/><V101/><F101/><W81/><G81/><T31/><D31/><U88/><E88/><V71/><F71/><W107/><G107/><T34/><D34/><U97/><E97/><V103/><F103/><W53/><G53/><T35/><D35/><U2/><E2/><V27/><F27/><W11/><REACH who="3" step="1"/><G75/><REACH who="3" ten="250,250,250,240" step="2"/><T47/><D109/><U99/><E99/><V127/><F96/><W113/><G113/><T115/><D115/><U66/><E55/><N who="0" m="21033" /><D47/><U29/><REACH who="1" step="1"/><E6/><REACH who="1" ten="250,240,250,240" step="2"/><V116/><F116/><W45/><G45/><T84/><D106/><U40/><E40/><V108/><AGARI ba="0,2" hai="8,9,56,57,89,90,108,110,112,114,124,127,132,133" machi="108" ten="25,8000,1" yaku="0,1,22,2,52,2" doraHai="121" who="2" fromWho="2" sc="250,-40,240,-20,250,100,240,-20" /><INIT seed="1,0,0,4,4,59" ten="210,220,350,220" oya="1" hai0="6,39,83,116,23,79,33,2,18,26,89,11,82" hai1="1,118,112,86,71,24,12,68,126,88,123,119,25" hai2="90,65,37,61,102,115,28,124,0,51,52,34,113" hai3="100,57,85,121,95,133,111,50,99,20,122,114,105"/><U104/><E123/><V10/><F37/><W77/><G114/><T94/><D116/><U70/><E112/><V30/><F124/><W84/><G111/><T44/><D33/><U63/><E126/><V49/><F49/><W81/><G133/><T42/><REACH who="0" step="1"/><D79/><REACH who="0" ten="200,220,350,220" step="2"/><U36/><E119/><V8/><F34/><W4/><G77/><T60/><D60/><U58/><E118/><V110/><F61/><W15/><G121/><T27/><D27/><U87/><E24/><V103/><F115/><W35/><G35/><T32/><D32/><U13/><E25/><V78/><F113/><W127/><G127/><T91/><D91/><U75/><E88/><V92/><F90/><W73/><G122/><T98/><AGARI ba="0,1" hai="2,6,11,18,23,26,39,42,44,82,83,89,94,98" machi="98" ten="20,5200,0" yaku="1,1,0,1,7,1,53,1" doraHai="59" doraHaiUra="3" who="0" fromWho="0" sc="200,62,220,-26,350,-13,220,-13" /><INIT seed="2,0,0,4,5,6" ten="262,194,337,207" oya="2" hai0="109,87,9,3,30,77,116,79,32,31,70,2,1" hai1="82,55,128,10,104,4,102,93,59,71,19,34,16" hai2="53,105,78,67,42,7,69,119,89,124,117,37,36" hai3="40,91,111,52,127,39,115,60,22,28,81,114,51"/><V92/><F105/><W8/><G111/><T54/><D109/><U58/><E104/><V100/><F100/><W97/><G127/><T86/><D54/><U110/><E110/><V73/><F124/><W50/><G60/><T38/><D38/><U23/><E34/><V75/><F53/><W64/><G64/><T131/><D70/><U95/><E71/><V94/><F89/><W68/><G68/><T90/><D32/><U126/><E126/><V45/><F94/><N who="1" m="35849" /><E128/><V20/><F92/><N who="3" m="56479" /><G81/><T29/><D131/><U62/><E102/><V103/><F103/><W123/><G123/><T5/><D116/><U122/><E122/><V74/><F37/><W134/><G134/><T99/><D99/><U56/><E82/><V96/><F96/><W25/><G39/><T88/><D90/><U133/><E133/><V49/><F36/><W129/><G129/><T15/><REACH who="0" step="1"/><D88/><REACH who="0" ten="252,194,337,207" step="2"/><U24/><E4/><V108/><F7/><W65/><G65/><T130/><D130/><U21/><E10/><V125/><F108/><W120/><G8/><T72/><D72/><U106/><E106/><V76/><F125/><W107/><G107/><T26/><D26/><AGARI ba="0,1" hai="16,19,21,23,24,26,55,56,58,59,62" m="35849" machi="26" ten="30,2000,0" yaku="8,1,54,1" doraHai="6" who="1" fromWho="0" sc="252,-20,194,30,337,0,207,0" /><INIT seed="3,0,0,0,4,92" ten="232,224,337,207" oya="3" hai0="107,1,2,31,15,12,8,117,123,129,76,56,69" hai1="85,94,43,96,13,90,103,37,22,66,115,39,130" hai2="28,102,71,63,51,60,61,55,42,82,48,91,16" hai3="81,97,134,86,87,95,84,83,75,105,30,121,106"/><W11/><G121/><T40/><D69/><U124/><E130/><V119/><F119/><W111/><G30/><T52/><D107/><N who="3" m="40969" /><G11/><T7/><D117/><U36/><E124/><V44/><F71/><W72/><G134/><T114/><D123/><U109/><E109/><V27/><F16/><W113/><G113/><T127/><D40/><U120/><E120/><V131/><F131/><W46/><G46/><T70/><D70/><U9/><E66/><V53/><F48/><W3/><G3/><T89/><D76/><U23/><E43/><V88/><F42/><W128/><G128/><T6/><D129/><U125/><E125/><V108/><F53/><W35/><G35/><T101/><D101/><U100/><E100/><V116/><F55/><W135/><G111/><T4/><D31/><U68/><E68/><V5/><F28/><W133/><G135/><T98/><D127/><U93/><REACH who="1" step="1"/><E115/><REACH who="1" ten="232,214,337,207" step="2"/><V73/><F108/><W62/><G133/><T126/><D126/><U118/><E118/><V65/><F65/><W38/><G38/><T18/><D114/><U10/><E10/><V45/><F116/><W25/><G62/><N who="0" m="36103" /><D1/><U77/><E77/><V0/><F0/><W20/><G20/><N who="0" m="11335" /><D2/><U47/><E47/><V64/><F44/><W78/><G78/><T132/><D132/><U24/><E24/><V57/><F45/><W49/><G25/><T74/><D74/><N who="3" m="28201" /><G49/><T50/><D50/><U99/><E99/><V29/><F51/><W26/><G26/><T110/><D110/><U19/><AGARI ba="0,1" hai="9,13,19,22,23,36,37,39,85,90,93,94,96,103" machi="19" ten="30,4000,0" yaku="1,1,0,1,52,1,53,0" doraHai="92" doraHaiUra="32" who="1" fromWho="1" sc="232,-10,214,50,337,-10,207,-20" owari="222,-17.8,264,6.4,327,42.7,187,-31.3" /></mjloggm>