<mjloggm ver="2.3"><GO type="225" lobby="0"/><UN n0="%E3%81%B7%E3%82%8A%E3%82%93%E8%81%96%E4%BA%BA" n1="%E9%80%9F%E6%B0%B4%E5%87%9B%E9%A6%99" n2="%E3%81%99%E3%81%84%E3%81%BE%E3%81%9B%E3%83%BC%E3%82%93" n3="%6D%75%75%6D%75%72%61" dan="16,16,16,16" rate="2140.41,2073.94,2092.88,2102.76" sx="M,F,M,F"/><TAIKYOKU oya="0"/><INIT seed="0,0,0,4,4,58" ten="250,250,250,250" oya="0" hai0="95,115,3,76,84,2,17,73,49,8,96,120,87" hai1="5,55,51,31,10,128,105,21,69,44,63,100,47" hai2="114,83,18,85,37,12,93,38,67,23,22,59,109" hai3="33,89,113,98,7,19,13,0,53,28,71,56,72"/><T36/><D36/><U97/><E128/><V103/><F114/><W77/><G113/><T4/><D115/><U50/><E31/><V66/><F109/><W46/><G71/><T45/><D120/><U60/><E21/><V131/><F131/><W43/><G72/><T108/><D108/><U81/><E69/><V121/><F121/><W79/><G0/><T124/><D124/><U40/><REACH who="1" step="1"/><E81/><REACH who="1" ten="250,240,250,250" step="2"/><V111/><F23/><W90/><G28/><T61/><D3/><AGARI ba="0,1" hai="3,5,10,40,44,47,50,51,55,60,63,97,100,105" machi="3" ten="30,8000,1" yaku="1,1,2,1,7,1,52,2,53,0" doraHai="58" doraHaiUra="107" who="1" fromWho="0" sc="250,-80,240,90,250,0,250,0" /><INIT seed="1,0,0,0,4,56" ten="170,330,250,250" oya="1" hai0="20,43,79,124,60,86,90,41,47,25,50,95,51" hai1="106,131,44,125,65,87,42,36,77,64,38,69,91" hai2="135,53,111,59,89,45,73,48,40,126,68,15,114" hai3="11,78,2,120,30,23,118,13,46,29,127,92,31"/><U37/><E106/><V9/><F111/><W84/><G120/><T27/><D124/><U82/><E125/><V62/><F126/><W132/><G127/><T74/><D74/><U88/><E131/><V123/><F123/><W5/><G132/><T133/><D133/><U24/><E65/><V130/><F135/><W34/><G46/><T63/><D79/><U28/><E64/><V10/><F130/><W134/><G134/><T98/><D27/><U112/><E69/><V66/><F73/><W117/><G78/><T99/><D43/><U71/><E71/><V101/><F114/><W1/><G92/><T96/><REACH who="0" step="1"/><D51/><REACH who="0" ten="160,330,250,250" step="2"/><U80/><E112/><V21/><F40/><W113/><G113/><T81/><D81/><U12/><E38/><V72/><F48/><W102/><G117/><T116/><D116/><U4/><E37/><V7/><F72/><W16/><G118/><T33/><D33/><U115/><E115/><V26/><F26/><W32/><G32/><T39/><D39/><U93/><E77/><V22/><F15/><W54/><G34/><T129/><D129/><U97/><E82/><V14/><F14/><W3/><G13/><T8/><D8/><U61/><E12/><V107/><F10/><W19/><G11/><T55/><D55/><U122/><E36/><V49/><F9/><W128/><G54/><T110/><D110/><U121/><E42/><V58/><F53/><W100/><G128/><T104/><D104/><U108/><E108/><V52/><F49/><W67/><G3/><T0/><D0/><U75/><E75/><V18/><F107/><RYUUKYOKU ba="0,1" sc="160,30,330,-10,250,-10,250,-10" hai0="20,25,41,47,50,60,63,86,90,95,96,98,99" /><INIT seed="2,1,1,5,2,34" ten="190,320,240,240" oya="2" hai0="44,126,128,86,107,113,47,26,63,59,118,79,14" hai1="50,25,121,5,67,40,24,1,51,74,111,87,22" hai2="134,119,19,49,6,117,20,52,65,97,75,7,0" hai3="66,114,72,83,85,69,89,43,110,4,82,133,56"/><V93/><F75/><W78/><G69/><T10/><D107/><U116/><E74/><V3/><F134/><W21/><G110/><T13/><D113/><U124/><E116/><V54/><F65/><W125/><G133/><T35/><D118/><U123/><E111/><V122/><F122/><N who="1" m="46601" /><E124/><V15/><F54/><W91/><G125/><T29/><D126/><U130/><E130/><V115/><F115/><W90/><G114/><T105/><D105/><U38/><E67/><V30/><F30/><W27/><G43/><T55/><D55/><U36/><E25/><V103/><F119/><W64/><G4/><T129/><D14/><U106/><E106/><V28/><F28/><W46/><G46/><T102/><D102/><U76/><E76/><V71/><F71/><W92/><G56/><T135/><D135/><U73/><E73/><V11/><F117/><W84/><REACH who="3" step="1"/><G90/><REACH who="3" ten="190,320,240,230" step="2"/><T39/><D39/><U12/><E40/><V80/><F7/><W77/><G77/><T16/><D128/><U41/><E41/><V100/><F100/><W2/><G2/><T8/><D129/><U108/><E1/><V58/><F80/><W109/><G109/><T62/><D59/><U61/><E108/><V120/><F120/><W95/><G95/><T31/><D47/><U45/><E45/><V99/><F0/><W132/><G132/><T32/><D44/><U18/><E36/><V37/><F37/><W127/><G127/><T101/><D101/><U70/><E38/><V23/><F103/><W17/><AGARI ba="1,2" hai="17,21,27,64,66,72,78,82,83,84,85,89,91,92" machi="17" ten="20,2700,0" yaku="1,1,0,1,7,1,53,0" doraHai="34" doraHaiUra="131" who="3" fromWho="3" sc="190,-8,320,-8,240,-14,230,50" /><INIT seed="3,0,0,2,0,90" ten="182,312,226,280" oya="3" hai0="100,76,85,35,19,74,79,18,115,15,78,7,131" hai1="8,37,6,46,125,30,48,68,59,61,27,102,97" hai2="20,101,122,64,31,126,124,130,34,91,56,114,88" hai3="50,39,70,83,106,82,2,108,0,38,22,113,13"/><W111/><G113/><T127/><D35/><U86/><E37/><N who="3" m="13834" /><G70/><T49/><D74/><U45/><E68/><V128/><F114/><W98/><G50/><T72/><D72/><U99/><E125/><N who="2" m="48235" /><F34/><W32/><G32/><T40/><D127/><U119/><E86/><V129/><F122/><W109/><G13/><T12/><D115/><U11/><E45/><V93/><F64/><W41/><G22/><T36/><D36/><U4/><E97/><N who="2" m="59567" /><F56/><W33/><G41/><T73/><D73/><U26/><E99/><V135/><F135/><W17/><G17/><T133/><D133/><U105/><E59/><V63/><F63/><W57/><G57/><T23/><D7/><U89/><E61/><V10/><F10/><W29/><G29/><T1/><D1/><N who="3" m="617" /><G33/><T103/><D85/><U60/><E30/><V81/><F81/><W24/><G24/><AGARI ba="0,0" hai="20,24,31,88,91,128,129,130" m="59567,48235" machi="24" ten="40,8000,1" yaku="19,1,18,1,52,1,54,1" doraHai="90" who="2" fromWho="3" sc="182,0,312,0,226,80,280,-80" owari="182,-31.8,312,41.2,306,10.6,200,-20.0" /></mjloggm>