<mjloggm ver="2.3"><GO type="225" lobby="0"/><UN n0="%E8%91%89%E5%B1%B1%E9%99%BD%E5%92%8C" n1="%E5%A4%96%E5%B7%9D%E7%AB%9C%E6%88%90" n2="%E6%97%A5%E6%9B%9C%E6%97%A5%E3%82%88%E3%82%8A%E3%81%AE%E4%BD%BF%E8%80%85" n3="%67%61%79%75%6E%79" dan="17,16,18,16" rate="2174.47,2218.19,2187.11,2129.21" sx="F,M,M,M"/><TAIKYOKU oya="0"/><INIT seed="0,0,0,3,2,30" ten="250,250,250,250" oya="0" hai0="119,85,71,77,41,23,9,16,59,72,47,75,12" hai1="14,111,33,114,99,87,11,50,126,52,132,130,22" hai2="10,103,91,79,66,57,63,90,43,84,65,39,69" hai3="73,18,1,8,78,38,35,31,28,4,93,76,25"/><T101/><D119/><U100/><E111/><V122/><F122/><W32/><G38/><T55/><D71/><U6/><E126/><V110/><F110/><W58/><G73/><T26/><D101/><U109/><E109/><V45/><F103/><W96/><G58/><T56/><D85/><U135/><E130/><V42/><F42/><W36/><G36/><T82/><D72/><U117/><E117/><V62/><REACH who="2" step="1"/><F10/><REACH who="2" ten="250,250,240,250" step="2"/><W54/><G8/><T88/><D55/><U34/><E114/><V68/><F68/><W80/><G54/><T29/><REACH who="0" step="1"/><D88/><REACH who="0" ten="240,250,240,250" step="2"/><U107/><E100/><V67/><F67/><W106/><G78/><T131/><D131/><U3/><E135/><V49/><F49/><AGARI ba="0,2" hai="9,12,16,23,26,29,41,47,49,56,59,75,77,82" machi="49" ten="30,5800,0" yaku="1,1,7,1,54,1,53,0" doraHai="30" doraHaiUra="61" who="0" fromWho="2" sc="240,78,250,0,240,-58,250,0" /><INIT seed="0,1,0,3,0,112" ten="318,250,182,250" oya="0" hai0="87,41,38,66,24,23,114,46,53,124,85,127,55" hai1="25,13,6,118,22,9,40,31,97,135,36,1,48" hai2="109,3,71,123,5,27,100,111,8,32,108,70,106" hai3="65,19,67,110,7,50,29,57,10,47,122,117,68"/><T92/><D114/><U14/><E36/><V11/><F11/><W49/><G110/><T17/><D66/><U28/><E97/><N who="2" m="61711" /><F123/><W104/><G104/><T102/><D102/><U120/><E48/><V45/><F45/><W79/><G122/><T113/><D113/><U116/><E40/><V15/><F15/><W99/><G19/><T30/><D30/><AGARI ba="1,0" hai="3,5,8,27,30,32,70,71,108,109,111" m="61711" machi="30" ten="30,2000,0" yaku="14,1,23,1" doraHai="112" who="2" fromWho="0" sc="318,-23,250,0,182,23,250,0" /><INIT seed="1,0,0,1,0,128" ten="295,250,205,250" oya="1" hai0="22,93,114,15,119,117,71,88,78,59,101,111,62" hai1="20,35,120,133,70,10,39,57,63,51,95,21,89" hai2="14,84,100,53,129,31,66,112,13,19,38,124,49" hai3="30,11,110,116,12,2,85,98,132,68,77,56,0"/><U80/><E35/><V109/><F38/><W92/><G68/><T96/><D114/><U107/><E107/><V64/><F100/><W29/><G110/><T76/><D71/><U127/><E120/><V36/><F36/><W33/><G116/><T130/><D130/><U104/><E104/><V5/><F31/><W86/><G132/><T4/><D111/><U105/><E105/><V82/><F109/><W23/><G2/><T72/><D72/><U8/><E39/><V81/><F129/><W75/><G0/><T123/><D123/><U1/><E127/><V135/><F112/><W113/><G33/><T3/><D3/><U126/><E80/><V99/><F124/><W102/><G75/><T26/><D101/><U17/><E21/><N who="2" m="11503" /><F99/><W37/><G37/><T103/><D103/><U52/><E133/><V108/><F82/><N who="3" m="47311" /><G23/><T27/><D119/><U79/><E126/><V115/><F115/><W94/><G56/><T42/><D117/><U97/><E1/><V47/><F135/><W134/><G134/><T122/><D122/><U83/><E70/><V45/><F45/><W90/><G113/><T16/><D42/><U50/><E8/><N who="2" m="4367" /><F108/><W125/><G125/><T44/><D44/><U69/><E10/><V131/><F131/><W24/><G24/><N who="0" m="9259" /><D4/><AGARI ba="0,0" hai="4,11,12,29,30,86,90,92,94,98,102" m="47311" machi="4" ten="30,1000,0" yaku="8,1" doraHai="128" who="3" fromWho="0" sc="295,-10,250,0,205,0,250,10" /><INIT seed="2,0,0,5,0,101" ten="285,250,205,260" oya="2" hai0="2,98,48,83,64,117,123,102,105,69,65,3,6" hai1="100,36,42,49,108,126,73,76,19,28,135,32,89" hai2="97,80,55,131,119,74,4,7,72,95,24,79,71" hai3="58,1,43,57,120,107,34,12,59,17,130,75,78"/><V86/><F119/><W121/><G1/><T52/><D123/><U56/><E89/><V82/><F71/><W66/><G34/><T88/><D117/><U92/><E19/><V53/><F131/><W47/><G66/><T104/><D104/><U128/><E49/><V125/><F125/><W60/><G60/><T51/><D51/><U110/><E56/><V116/><F116/><W41/><G130/><T61/><D6/><U11/><E11/><V122/><F122/><W62/><G62/><T96/><D65/><U33/><E128/><V124/><F124/><W63/><G63/><T10/><D10/><U20/><E20/><V22/><F74/><W8/><G107/><T90/><D90/><U46/><E126/><V15/><F80/><W134/><G134/><T85/><D96/><N who="1" m="59399" /><E28/><N who="2" m="17431" /><F72/><W9/><G9/><T127/><D127/><U16/><E16/><V132/><F132/><W94/><G43/><T27/><D27/><U114/><E114/><V67/><F67/><W30/><G30/><T38/><D38/><U21/><E21/><V129/><F129/><W111/><G121/><T68/><D69/><U84/><E73/><V23/><F23/><W29/><G120/><T133/><D133/><U93/><E135/><V118/><F118/><W99/><G29/><T91/><D91/><N who="1" m="53479" /><E76/><V115/><F115/><W31/><G31/><T87/><D87/><U112/><E112/><V50/><F15/><W45/><G78/><T0/><D0/><U37/><E37/><V77/><F77/><W14/><G75/><T113/><D113/><U103/><E103/><N who="2" m="60863" /><F50/><N who="3" m="26927" /><G12/><T39/><D39/><RYUUKYOKU ba="0,0" sc="285,10,250,10,205,10,260,-30" hai0="2,3,48,52,61,64,68,83,85,88,98,102,105" hai1="32,33,36,42,46,108,110" hai2="4,7,53,55,79,82,86" /><INIT seed="2,1,0,0,4,70" ten="295,260,215,230" oya="2" hai0="50,117,9,5,25,13,134,65,15,20,17,44,69" hai1="48,87,107,10,97,119,72,79,23,31,101,19,108" hai2="131,16,94,76,68,127,52,51,95,24,21,128,89" hai3="110,91,43,132,2,0,62,61,33,26,96,66,27"/><V73/><F68/><W78/><G110/><T63/><D134/><U77/><E119/><V11/><F127/><W30/><G132/><T60/><D60/><U100/><E108/><V3/><F76/><W57/><G78/><T71/><D117/><U114/><E114/><V45/><F73/><W99/><G27/><T105/><D105/><U14/><E72/><V92/><REACH who="2" step="1"/><F89/><REACH who="2" ten="295,260,205,230" step="2"/><W53/><G91/><T56/><D71/><U12/><E79/><V37/><F37/><W106/><G99/><T67/><D69/><U118/><E77/><V18/><F18/><W34/><G96/><T39/><D39/><U122/><E97/><V28/><F28/><W1/><G106/><T124/><D124/><U86/><E107/><V111/><F111/><W40/><G34/><T88/><D88/><U64/><E31/><V36/><F36/><W83/><G83/><T81/><D81/><U82/><E82/><V120/><F120/><W113/><G113/><T7/><D17/><U123/><E19/><V115/><F115/><W109/><G109/><T133/><D133/><U90/><E90/><V38/><F38/><W4/><G4/><AGARI ba="1,1" hai="3,4,11,16,21,24,45,51,52,92,94,95,128,131" machi="4" ten="40,7700,0" yaku="1,1,54,2,53,0" doraHai="70" doraHaiUra="135" who="2" fromWho="3" sc="295,0,260,0,205,90,230,-80" /><INIT seed="2,2,0,3,3,100" ten="295,260,295,150" oya="2" hai0="97,67,41,109,8,131,65,56,2,35,88,70,32" hai1="94,40,38,22,24,60,114,106,99,83,36,55,49" hai2="4,118,104,43,25,13,44,117,20,85,120,115,113" hai3="68,64,84,28,61,74,90,105,128,79,96,98,134"/><V124/><F85/><W58/><G134/><T42/><D70/><U81/><E106/><V127/><F104/><W10/><G128/><T46/><D131/><U51/><E38/><V3/><F3/><W48/><G28/><T87/><D97/><U26/><E26/><V21/><F44/><W82/><G10/><T86/><D109/><U63/><E36/><V37/><F43/><W33/><G33/><T116/><D116/><N who="2" m="44650" /><F37/><W89/><G98/><T112/><D86/><U34/><E34/><V93/><F93/><W62/><G48/><T111/><D42/><U0/><E0/><V108/><F108/><W52/><REACH who="3" step="1"/><G84/><REACH who="3" ten="295,260,295,140" step="2"/><T77/><D35/><U18/><E49/><V73/><F73/><W130/><G130/><T107/><D32/><U101/><E51/><V19/><F120/><W135/><G135/><T132/><D132/><U102/><E99/><V80/><F21/><W72/><G72/><T30/><D87/><U53/><E22/><V23/><F23/><W75/><G75/><T27/><D30/><U123/><E123/><V1/><F25/><W14/><G14/><T110/><D27/><U133/><E24/><V45/><F20/><W59/><G59/><T95/><D56/><U17/><E133/><V78/><F13/><W16/><G16/><T39/><D111/><U54/><E17/><V76/><F19/><W12/><G12/><T103/><D110/><U91/><E18/><V125/><F45/><W6/><G6/><T66/><D39/><U126/><E126/><V121/><F121/><W31/><G31/><T119/><D119/><U71/><E71/><RYUUKYOKU ba="2,1" sc="295,-10,260,-10,295,-10,140,30" hai3="52,58,61,62,64,68,74,79,82,89,90,96,105" /><INIT seed="3,3,1,5,4,60" ten="285,250,285,170" oya="3" hai0="78,111,133,39,54,12,67,120,88,53,103,110,121" hai1="43,32,52,117,96,57,122,116,42,130,16,45,59" hai2="84,100,18,15,135,115,82,98,105,64,132,41,114" hai3="63,62,5,47,91,125,131,11,9,8,134,97,86"/><W61/><G134/><N who="2" m="51241" /><F64/><W30/><G131/><T29/><D133/><U19/><E130/><V85/><F41/><N who="1" m="15369" /><E32/><V77/><F85/><W1/><G125/><T66/><D39/><U31/><E31/><V79/><F79/><W89/><G47/><T7/><D103/><U38/><E122/><V3/><F3/><W21/><G97/><T127/><D78/><U4/><E4/><V26/><F26/><W50/><G50/><T126/><D29/><U23/><E38/><V94/><F105/><W48/><G48/><T71/><D12/><N who="1" m="9607" /><E19/><V108/><F108/><W99/><G99/><T75/><D7/><U72/><E72/><V24/><F24/><N who="3" m="16655" /><G1/><T81/><D75/><U28/><E28/><V56/><F56/><W128/><G128/><T27/><D71/><U25/><E25/><V37/><F37/><W102/><G102/><T70/><D27/><U14/><E14/><V34/><F34/><W55/><G5/><T118/><D70/><U44/><E96/><V36/><F36/><W2/><G2/><T76/><D111/><U0/><E0/><V113/><F113/><W83/><G91/><T33/><D88/><U129/><E129/><V90/><F90/><W74/><G74/><N who="0" m="43159" /><D110/><U69/><E69/><V20/><AGARI ba="3,1" hai="15,18,20,77,82,84,94,98,100,114,115" m="51241" machi="20" ten="30,1100,0" yaku="20,1" doraHai="60" who="2" fromWho="2" sc="285,-6,250,-6,285,30,170,-8" owari="279,7.9,244,-15.6,315,41.5,162,-33.8" /></mjloggm>