<mjloggm ver="2.3"><GO type="225" lobby="0"/><UN n0="%6D%75%75%6D%75%72%61" n1="%E7%89%B9%E6%9D%B1%E3%81%AF%E4%B8%96%E7%95%8C%E3%82%92%E6%95%91%E3%81%86" n2="%E7%B4%94%E6%BD%94%E3%83%94%E3%83%A9%E3%83%8B%E3%82%A2" n3="%E3%81%82%E3%81%99%E3%81%AB%E3%82%83%E3%82%80" dan="16,16,17,16" rate="2240.04,2142.59,2228.16,2083.88" sx="F,M,M,F"/><TAIKYOKU oya="0"/><INIT seed="0,0,0,5,3,18" ten="250,250,250,250" oya="0" hai0="26,68,47,41,50,125,77,58,72,119,23,5,51" hai1="111,44,4,29,31,82,67,55,38,106,66,113,92" hai2="12,124,74,116,43,108,91,45,17,30,102,1,114" hai3="37,27,115,9,10,49,54,89,126,73,103,99,35"/><T15/><D119/><U22/><E106/><V32/><F1/><W96/><G37/><T122/><D68/><U81/><E111/><V107/><F108/><W16/><G115/><T52/><D122/><U105/><E105/><V79/><F124/><W2/><G73/><T7/><D125/><U46/><E113/><V88/><F114/><W57/><G126/><T62/><D15/><U132/><E132/><V117/><F30/><W3/><G89/><T61/><D72/><U8/><E92/><V64/><F64/><W98/><G103/><T101/><D77/><U21/><E38/><V6/><F6/><N who="0" m="2058" /><D101/><U33/><E4/><V42/><F32/><W0/><REACH who="3" step="1"/><G35/><REACH who="3" ten="250,250,250,240" step="2"/><T120/><D120/><U14/><E33/><V133/><F74/><W97/><N who="3" m="24576" /><DORA hai="13" /><W134/><G134/><T121/><D121/><U24/><E8/><V69/><F107/><W34/><G34/><T90/><D90/><U48/><E82/><V63/><F102/><W94/><G94/><T93/><D93/><U19/><E81/><V71/><F79/><W65/><G65/><T70/><D70/><U129/><E67/><V75/><F75/><W130/><G130/><T123/><D123/><U112/><E129/><V40/><F71/><W60/><G60/><T131/><D131/><U104/><E112/><V80/><F69/><W20/><AGARI ba="0,1" hai="0,2,3,9,10,16,20,27,49,54,57" m="24576" machi="20" ten="50,16000,3" yaku="1,1,0,1,52,2,54,1,53,4" doraHai="18,13" doraHaiUra="109,95" who="3" fromWho="3" sc="250,-80,250,-40,250,-40,240,170" /><INIT seed="1,0,0,4,2,2" ten="170,210,210,410" oya="1" hai0="30,65,81,39,5,15,110,96,17,36,114,89,135" hai1="106,33,12,102,23,130,69,16,76,37,91,68,56" hai2="28,116,132,126,7,48,3,47,64,13,53,99,95" hai3="82,94,9,123,45,29,111,128,134,60,67,78,83"/><U77/><E37/><V35/><F116/><W51/><G123/><T131/><D114/><U119/><E119/><V121/><F121/><W90/><G111/><T107/><D110/><U74/><E130/><V112/><F112/><W120/><G29/><T79/><D131/><U44/><E33/><V118/><F118/><W117/><G120/><T109/><D109/><U97/><E44/><V125/><F3/><W54/><G134/><T85/><D135/><U103/><E103/><V63/><F132/><W40/><G128/><T42/><D65/><U50/><E91/><V58/><F28/><W1/><G78/><T73/><D30/><U19/><E19/><V62/><F62/><W10/><G54/><T27/><D27/><U8/><E8/><V46/><F35/><W101/><G101/><T49/><D49/><U20/><E20/><V11/><REACH who="2" step="1"/><F47/><REACH who="2" ten="170,210,200,410" step="2"/><W25/><G1/><T124/><D124/><U41/><E74/><V71/><F71/><W108/><G108/><T92/><D39/><U70/><REACH who="1" step="1"/><E41/><REACH who="1" ten="170,200,200,410" step="2"/><V98/><F98/><W127/><G40/><T93/><D36/><U0/><E0/><V6/><F6/><W84/><G45/><T100/><D42/><U34/><E34/><V24/><F24/><W38/><G25/><T52/><D5/><U22/><E22/><V122/><F122/><W66/><G117/><T61/><D15/><U55/><AGARI ba="0,2" hai="12,16,23,50,55,56,68,69,70,76,77,97,102,106" machi="55" ten="40,7800,0" yaku="1,1,0,1,54,1,53,0" doraHai="2" doraHaiUra="133" who="1" fromWho="1" sc="170,-26,200,98,200,-26,410,-26" /><INIT seed="1,1,0,3,1,58" ten="144,298,174,384" oya="1" hai0="3,69,12,53,33,78,23,6,54,83,38,59,9" hai1="34,108,124,10,100,87,28,99,7,115,21,107,97" hai2="74,56,128,85,2,91,106,15,112,121,11,27,67" hai3="17,30,82,66,119,98,89,95,120,61,127,40,111"/><U101/><E115/><V104/><F74/><W32/><G120/><T26/><D69/><U14/><E124/><V117/><F2/><W133/><G111/><T51/><D38/><U43/><E108/><V73/><F73/><W79/><G127/><T103/><D33/><U36/><E21/><V19/><F117/><W116/><G133/><T131/><D131/><U45/><E87/><V47/><F128/><W24/><G40/><T81/><D103/><U35/><REACH who="1" step="1"/><E28/><REACH who="1" ten="144,288,174,384" step="2"/><V31/><F112/><W29/><G116/><T84/><D23/><U60/><E60/><V64/><F31/><W72/><G119/><T109/><D109/><U130/><E130/><V25/><F121/><W94/><G30/><T102/><D84/><U125/><E125/><V49/><F25/><W86/><G29/><T1/><D26/><U57/><E57/><V88/><F27/><W90/><G24/><T135/><D59/><U110/><E110/><V8/><F8/><W13/><G86/><T122/><D9/><U71/><E71/><V93/><F56/><W105/><G61/><T134/><D122/><U42/><E42/><V77/><F77/><W70/><G79/><T68/><D78/><U44/><E44/><V129/><F129/><W22/><G70/><T113/><D68/><U65/><E65/><V123/><F123/><W132/><G66/><T4/><D113/><U92/><AGARI ba="1,1" hai="7,10,14,34,35,36,43,45,92,97,99,100,101,107" machi="92" ten="20,7800,0" yaku="1,1,0,1,7,1,53,1" doraHai="58" doraHaiUra="37" who="1" fromWho="1" sc="144,-27,288,91,174,-27,384,-27" /><INIT seed="1,2,0,1,5,79" ten="117,379,147,357" oya="1" hai0="37,94,12,17,45,102,24,39,59,80,112,122,7" hai1="0,11,30,5,70,20,43,131,93,9,111,40,65" hai2="32,53,121,48,135,50,123,97,87,82,56,119,126" hai3="106,81,86,49,85,110,124,113,116,90,109,117,92"/><U54/><E131/><V41/><F32/><W134/><G113/><T15/><D112/><U8/><E111/><N who="3" m="42506" /><G49/><T42/><D122/><U75/><E75/><V78/><F119/><N who="3" m="45643" /><G106/><T101/><D37/><U69/><E5/><V125/><F135/><W16/><G16/><T61/><D94/><U77/><E11/><V52/><F41/><W67/><G67/><T55/><D7/><U13/><E65/><V23/><F97/><W28/><G28/><T84/><D24/><U36/><E8/><V66/><F66/><W60/><G60/><T72/><D72/><U1/><E9/><V83/><F23/><W115/><G115/><T114/><D114/><U34/><E30/><V19/><F19/><W63/><G63/><T98/><D17/><U44/><E20/><V35/><F35/><W100/><G124/><T107/><REACH who="0" step="1"/><D101/><REACH who="0" ten="107,379,147,357" step="2"/><U104/><E36/><V129/><F126/><W29/><G29/><T108/><D108/><U58/><E0/><V96/><F125/><W132/><G100/><T127/><D127/><U26/><E1/><V10/><F123/><W120/><G120/><T57/><D57/><U51/><E58/><V73/><F121/><W88/><AGARI ba="2,1" hai="81,85,86,88,90,92,132,134" m="45643,42506" machi="88" ten="40,12000,2" yaku="14,1,12,1,34,2,52,1,54,1" doraHai="79" who="3" fromWho="3" sc="107,-32,379,-62,147,-32,357,136" /><INIT seed="2,0,0,0,0,65" ten="75,317,115,493" oya="2" hai0="67,19,14,68,88,134,94,87,63,71,38,20,105" hai1="104,6,83,66,73,62,26,122,102,96,41,98,7" hai2="101,81,78,135,118,49,97,131,103,23,124,35,30" hai3="9,48,58,61,90,3,1,43,75,39,45,106,5"/><V11/><F118/><W50/><G106/><T113/><D113/><U82/><E122/><V33/><F124/><W92/><G1/><T25/><D134/><U47/><E98/><V36/><F36/><W2/><G2/><T55/><D105/><U91/><E26/><V116/><F135/><W52/><G75/><T129/><D129/><U115/><E115/><V79/><F116/><W13/><G3/><T117/><D117/><U84/><E83/><V123/><F123/><W15/><G15/><T56/><D38/><U99/><E99/><AGARI ba="0,0" hai="5,9,13,39,43,45,48,50,52,58,61,90,92,99" machi="99" ten="30,2000,0" yaku="7,1,54,1" doraHai="65" who="3" fromWho="1" sc="75,0,317,-20,115,0,493,20" /><INIT seed="3,0,0,4,3,132" ten="75,297,115,513" oya="3" hai0="82,9,93,115,91,81,103,105,75,77,18,17,68" hai1="4,125,96,128,89,51,114,133,111,36,39,46,45" hai2="55,34,42,32,37,25,76,49,58,95,101,100,40" hai3="11,35,30,2,7,10,44,117,108,15,33,14,120"/><W127/><G117/><T61/><D115/><U27/><E114/><V41/><F37/><W65/><G127/><T97/><D81/><U80/><E125/><V116/><F116/><W63/><G120/><T135/><D135/><U70/><E70/><V102/><F76/><W50/><G30/><T87/><REACH who="0" step="1"/><D9/><REACH who="0" ten="65,297,115,513" step="2"/><U57/><E80/><V119/><F119/><W134/><G2/><T53/><D53/><U66/><E133/><V122/><F122/><W56/><G108/><T1/><D1/><U90/><E111/><V24/><REACH who="2" step="1"/><F95/><REACH who="2" ten="65,297,105,513" step="2"/><W92/><G92/><T52/><D52/><U72/><E39/><V38/><F38/><W6/><G134/><T26/><D26/><AGARI ba="0,2" hai="24,25,26,32,34,40,41,42,49,55,58,100,101,102" machi="26" ten="40,1300,0" yaku="1,1,53,0" doraHai="132" doraHaiUra="60" who="2" fromWho="0" sc="65,-13,297,0,105,33,513,0" owari="52,-44.8,297,9.7,138,-26.2,513,61.3" /></mjloggm>