<mjloggm ver="2.3"><GO type="225" lobby="0"/><UN n0="%E6%98%93%E5%88%A9%E8%96%A9%E4%BC%AF" n1="%E3%83%81%E3%83%AF%E3%83%AF%E9%9A%8A%E9%95%B7" n2="%E3%81%BF%E3%81%BF%E3%81%9A" n3="%E3%81%A4%E3%81%A3%E3%81%B1%E3%82%8A%E3%83%9D%E3%83%BC%E3%83%AB" dan="16,17,18,17" rate="2031.39,2188.34,2251.40,2182.10" sx="F,M,M,M"/><TAIKYOKU oya="0"/><INIT seed="0,0,0,2,3,13" ten="250,250,250,250" oya="0" hai0="12,19,28,25,109,7,51,79,40,1,50,39,48" hai1="38,85,24,45,49,97,63,26,16,113,53,71,74" hai2="10,84,119,5,103,37,35,88,2,112,133,14,98" hai3="36,122,69,117,32,120,129,56,108,21,105,15,66"/><T116/><D116/><U42/><E74/><V72/><F112/><W123/><G117/><T4/><D109/><U83/><E113/><V75/><F119/><W77/><G108/><T86/><D1/><U92/><E71/><V95/><F133/><W106/><G129/><T27/><D39/><U34/><E63/><V102/><F35/><W60/><G32/><T115/><D40/><U107/><E107/><V59/><F37/><W11/><G36/><T125/><D125/><U67/><E67/><V64/><F2/><W22/><G77/><T57/><D57/><U78/><E34/><V0/><F0/><W104/><REACH who="3" step="1"/><G69/><REACH who="3" ten="250,250,250,240" step="2"/><T121/><D115/><U111/><E111/><V55/><F64/><W8/><G8/><T96/><D79/><U6/><E78/><V43/><F43/><W114/><G114/><T30/><D121/><U130/><E130/><V33/><F33/><W9/><G9/><T17/><D30/><U87/><E38/><V76/><F76/><W20/><G20/><T101/><D28/><U18/><E42/><V61/><REACH who="2" step="1"/><F103/><REACH who="2" ten="250,250,240,240" step="2"/><W80/><G80/><AGARI ba="0,2" hai="5,10,14,55,59,61,72,75,80,84,88,95,98,102" machi="80" ten="30,8000,1" yaku="1,1,2,1,7,1,54,1,53,1" doraHai="13" doraHaiUra="3" who="2" fromWho="3" sc="250,0,250,0,240,100,240,-80" /><INIT seed="1,0,0,0,0,85" ten="250,250,340,160" oya="1" hai0="39,47,60,127,2,125,109,82,104,105,72,20,93" hai1="0,48,114,61,23,50,116,64,91,46,66,88,83" hai2="3,10,13,42,16,38,110,5,95,102,119,62,94" hai3="35,57,103,79,1,52,67,36,45,24,130,27,65"/><U26/><E0/><V78/><F119/><W9/><G130/><T121/><D2/><U118/><E114/><V131/><F110/><W124/><G124/><N who="0" m="47691" /><D60/><U56/><E118/><V29/><F131/><W4/><G103/><T18/><D121/><U53/><E116/><V74/><F29/><W81/><G35/><T134/><D134/><U80/><E64/><V44/><F102/><W43/><G67/><T14/><D109/><U112/><E112/><V133/><F62/><W37/><G65/><T32/><D32/><U68/><E83/><N who="2" m="45527" /><F133/><W25/><G37/><T30/><D30/><U100/><E80/><V63/><F63/><W6/><G6/><T84/><D93/><U19/><E100/><V98/><F98/><W33/><G33/><T59/><D59/><U8/><E8/><AGARI ba="0,0" hai="3,5,8,10,13,16,38,42,44,94,95" m="45527" machi="8" ten="30,2000,0" yaku="25,1,54,1" doraHai="85" who="2" fromWho="1" sc="250,0,250,-20,340,20,160,0" /><INIT seed="2,0,0,0,2,119" ten="250,230,360,160" oya="2" hai0="32,86,18,92,52,132,7,93,65,118,30,45,90" hai1="66,81,97,113,69,42,68,20,84,82,63,108,29" hai2="24,74,26,21,114,79,125,100,116,36,8,129,89" hai3="98,57,115,9,76,1,120,58,43,91,105,135,4"/><V85/><F114/><W102/><G120/><T17/><D118/><U103/><E113/><V73/><F116/><W72/><G115/><T55/><D132/><U104/><E108/><V11/><F36/><W53/><G135/><T87/><D7/><U14/><E68/><V5/><F100/><W112/><G112/><T41/><D65/><U77/><E42/><V35/><F129/><W54/><G91/><T6/><D6/><U31/><REACH who="1" step="1"/><E82/><REACH who="1" ten="250,220,360,160" step="2"/><V71/><F71/><W28/><G43/><T88/><D41/><U33/><E33/><V123/><F35/><W101/><G101/><T47/><D32/><U78/><E78/><V56/><F79/><W127/><G127/><T122/><D122/><U134/><E134/><V49/><F125/><W99/><G76/><T95/><D93/><U15/><E15/><V40/><F40/><W61/><G72/><T0/><D30/><U67/><E67/><V64/><F73/><W80/><G80/><T48/><D0/><U3/><E3/><V121/><F74/><W23/><G105/><T59/><D47/><U106/><E106/><V10/><F64/><W75/><G75/><T37/><D37/><U38/><E38/><V39/><F39/><W22/><G28/><T109/><D109/><U110/><E110/><V13/><F123/><W124/><G124/><T130/><D130/><U126/><E126/><V133/><F133/><W16/><G16/><AGARI ba="0,1" hai="14,16,20,29,31,63,66,69,77,81,84,97,103,104" machi="16" ten="40,2600,0" yaku="1,1,54,1,53,0" doraHai="119" doraHaiUra="51" who="1" fromWho="3" sc="250,0,220,36,360,0,160,-26" /><INIT seed="3,0,0,1,2,65" ten="250,256,360,134" oya="3" hai0="39,63,46,44,54,123,56,66,47,1,35,31,100" hai1="50,72,49,38,19,94,69,40,105,76,14,0,121" hai2="12,74,59,43,89,128,17,81,36,96,101,77,98" hai3="87,112,15,127,4,13,22,111,124,85,118,67,75"/><W116/><G75/><T109/><D1/><U2/><E105/><V88/><F128/><W48/><G67/><T26/><D109/><U78/><E121/><V83/><F59/><W110/><G48/><N who="0" m="30791" /><D100/><U107/><E107/><V42/><F96/><W24/><G112/><T18/><D18/><U7/><E38/><V106/><F83/><W45/><G45/><T32/><D32/><U117/><E7/><V84/><F36/><W82/><G82/><T132/><D132/><U114/><E114/><V21/><F89/><W126/><G85/><T23/><D35/><U80/><E117/><N who="3" m="45162" /><G87/><T125/><D123/><U86/><E50/><V57/><F57/><W28/><G4/><T27/><D27/><U5/><E5/><V135/><F135/><W129/><G129/><T8/><D47/><U71/><E76/><V79/><F77/><W16/><G15/><T108/><D46/><N who="1" m="25799" /><E0/><V11/><F74/><W30/><G30/><T33/><D66/><U113/><E2/><V130/><F130/><W6/><G6/><T97/><D44/><U41/><E113/><V60/><F79/><W51/><G51/><T91/><D39/><U25/><E41/><V92/><F106/><W58/><G58/><T90/><D97/><U62/><E62/><V103/><F60/><W104/><G104/><T37/><D63/><U9/><E25/><N who="2" m="14511" /><F103/><W93/><G93/><T20/><D31/><U64/><E64/><V99/><F98/><W120/><G120/><T115/><D37/><U70/><E72/><V55/><F55/><W52/><G52/><T34/><D115/><U29/><E29/><RYUUKYOKU ba="0,0" sc="250,-30,256,10,360,10,134,10" hai1="9,14,19,69,70,71,78,80,86,94" hai2="11,12,42,43,81,84,88,92,99,101" hai3="13,16,22,24,28,110,111,124,126,127" /><INIT seed="3,1,0,4,1,72" ten="220,266,370,144" oya="3" hai0="89,80,131,117,34,105,83,134,59,68,33,38,0" hai1="30,92,87,55,100,52,98,36,76,1,108,23,102" hai2="42,43,81,17,29,51,37,128,112,122,103,114,58" hai3="16,74,35,124,27,118,119,7,109,86,115,8,11"/><W88/><G74/><T62/><D117/><U32/><E32/><V47/><F29/><W66/><G115/><T41/><D105/><U54/><E1/><V2/><F2/><W67/><G119/><T48/><D0/><U123/><E123/><V28/><F28/><W85/><G118/><T129/><D134/><U121/><E121/><V49/><F122/><W6/><G35/><T24/><D38/><U101/><E36/><V78/><F103/><W94/><G124/><T77/><D89/><U15/><E108/><V60/><F128/><N who="0" m="49226" /><D68/><U127/><E127/><V25/><F25/><W111/><G86/><N who="0" m="48399" /><D83/><N who="1" m="47591" /><E30/><V113/><F17/><AGARI ba="1,0" hai="15,17,23,52,54,55,92,98,100,101,102" m="47591" machi="17" ten="30,3900,0" yaku="8,1,52,1,54,1" doraHai="72" who="1" fromWho="2" sc="220,0,266,42,370,-42,144,0" owari="220,-18.0,308,10.8,328,42.8,144,-35.6" /></mjloggm>