<mjloggm ver="2.3"><GO type="225" lobby="0"/><UN n0="%E3%81%99%E3%81%84%E3%81%BE%E3%81%9B%E3%83%BC%E3%82%93" n1="%E6%9C%AA%E6%9D%A5%E5%B0%91%E5%B9%B4" n2="%E3%81%86%E3%82%8C%E3%81%9F%E3%82%93%E6%9E%95" n3="%73%61%6E%64%69%72%69%73" dan="17,16,16,16" rate="2128.59,2149.29,2163.14,2127.64" sx="M,M,F,M"/><TAIKYOKU oya="0"/><INIT seed="0,0,0,5,5,92" ten="250,250,250,250" oya="0" hai0="117,70,104,109,68,113,124,93,83,39,58,5,14" hai1="110,66,81,78,129,1,22,102,11,97,91,41,114" hai2="24,135,40,34,94,25,17,86,74,84,64,71,51" hai3="130,111,19,18,119,3,112,100,44,132,123,95,36"/><T85/><D113/><U56/><E110/><V12/><F74/><W38/><G3/><T45/><D117/><U105/><E114/><V53/><F135/><W43/><G119/><T42/><D104/><U60/><E129/><V61/><F40/><W72/><G72/><T133/><D133/><U75/><E41/><V35/><F25/><W118/><G118/><T7/><D124/><U131/><E131/><V10/><F94/><W116/><G130/><T122/><D122/><U107/><E22/><V80/><F86/><W16/><G116/><T15/><D93/><U79/><E107/><V8/><F24/><W30/><G132/><T126/><D126/><U98/><E79/><V69/><F69/><W28/><G123/><T31/><D31/><U37/><E37/><V82/><F82/><W125/><G125/><T27/><D27/><U103/><E91/><V26/><F26/><W48/><G112/><T121/><D121/><U77/><E77/><V2/><F2/><W23/><G111/><T59/><D109/><U47/><E47/><V4/><F4/><W134/><G134/><T120/><D120/><U63/><E63/><V101/><F8/><W21/><G38/><N who="0" m="21719" /><D5/><N who="1" m="1455" /><E105/><V128/><F101/><W73/><G36/><T46/><D7/><U55/><E66/><V99/><F128/><W32/><G73/><T6/><D6/><U87/><E75/><V54/><F99/><N who="1" m="37897" /><E103/><V90/><F54/><W127/><G127/><T67/><D70/><U65/><E102/><V88/><F90/><W115/><G115/><T9/><D68/><U96/><E96/><V13/><F13/><RYUUKYOKU ba="0,0" sc="250,-15,250,15,250,15,250,-15" hai1="55,56,60,65,78,81,87" hai2="10,12,17,34,35,51,53,61,64,71,80,84,88" /><INIT seed="1,1,0,1,4,125" ten="235,265,265,235" oya="1" hai0="6,114,32,112,42,108,133,66,58,41,70,2,84" hai1="127,123,11,1,73,77,74,115,44,64,51,124,57" hai2="72,75,83,94,106,113,79,119,62,10,50,122,65" hai3="16,128,60,78,131,118,53,63,12,116,33,7,120"/><U22/><E115/><V68/><F119/><N who="3" m="45611" /><G120/><T46/><D108/><U52/><E123/><V91/><F122/><W90/><G33/><T0/><D133/><U132/><E132/><V20/><F106/><W80/><G7/><T49/><D32/><U48/><E77/><V100/><F113/><W88/><G53/><T121/><D121/><U3/><E22/><V69/><F75/><N who="1" m="28681" /><E11/><V134/><F100/><W110/><G110/><T31/><D31/><U126/><E64/><V99/><F134/><W55/><G78/><T96/><D41/><AGARI ba="1,0" hai="1,3,41,44,48,51,52,57,124,126,127" m="28681" machi="41" ten="40,3900,0" yaku="18,1,54,1" doraHai="125" who="1" fromWho="0" sc="235,-42,265,42,265,0,235,0" /><INIT seed="1,2,0,4,2,118" ten="193,307,265,235" oya="1" hai0="59,7,64,27,81,78,31,40,5,89,47,123,51" hai1="37,30,58,72,73,8,65,33,92,62,97,4,75" hai2="111,34,20,50,29,113,35,44,88,122,100,23,53" hai3="56,74,3,2,63,41,21,103,112,57,79,66,15"/><U98/><E37/><V24/><F122/><W96/><G112/><T87/><D123/><U43/><E43/><V12/><F111/><W80/><G41/><T132/><D132/><U10/><E10/><V70/><F70/><W125/><G125/><T85/><D59/><U26/><REACH who="1" step="1"/><E92/><REACH who="1" ten="193,297,265,235" step="2"/><V54/><F113/><W110/><G110/><T69/><D69/><U95/><E95/><V39/><F39/><W91/><G2/><AGARI ba="2,1" hai="2,4,8,26,30,33,58,62,65,72,73,75,97,98" machi="2" ten="40,3900,0" yaku="1,1,53,1" doraHai="118" doraHaiUra="0" who="1" fromWho="3" sc="193,0,297,55,265,0,235,-45" /><INIT seed="1,3,0,1,5,45" ten="193,352,265,190" oya="1" hai0="64,100,2,89,15,37,53,33,24,54,119,1,81" hai1="44,111,43,32,48,116,101,122,97,71,10,73,107" hai2="21,93,109,124,78,50,14,72,84,7,30,85,51" hai3="74,80,121,106,95,19,3,27,40,31,4,35,92"/><U5/><E116/><V6/><F72/><W65/><G121/><T113/><D113/><U17/><E122/><V98/><F109/><W131/><G106/><T25/><D119/><U42/><E111/><V94/><F124/><W133/><G133/><T123/><D37/><U134/><E134/><V36/><F36/><W62/><G131/><T104/><D123/><U126/><E126/><V118/><F118/><W130/><G130/><T105/><D64/><U96/><E73/><V52/><F78/><W38/><G19/><T77/><D15/><U75/><E75/><V120/><F120/><W57/><G40/><T16/><D89/><U83/><E71/><V86/><F94/><W13/><G3/><T103/><D16/><U108/><E32/><V8/><F6/><W39/><G39/><T132/><D132/><U34/><E34/><V102/><F52/><W28/><G28/><T46/><D46/><U88/><E17/><V99/><F98/><W60/><G38/><T47/><D47/><U56/><E56/><V68/><F68/><W59/><G74/><T135/><D135/><U0/><E108/><V12/><F12/><W129/><G80/><T115/><D115/><U87/><E97/><V117/><F117/><W41/><G41/><AGARI ba="3,0" hai="0,5,10,41,42,43,44,48,83,87,88,96,101,107" machi="41" ten="30,5800,0" yaku="7,1,52,1,54,1" doraHai="45" who="1" fromWho="3" sc="193,0,352,67,265,0,190,-67" /><INIT seed="1,4,0,1,4,13" ten="193,419,265,123" oya="1" hai0="112,43,73,119,3,20,117,64,39,76,87,16,86" hai1="12,10,118,37,77,68,61,109,48,8,22,14,98" hai2="66,57,51,127,62,42,92,56,110,111,96,28,9" hai3="88,79,122,41,134,24,85,104,107,47,30,120,89"/><U46/><E118/><V25/><F127/><W74/><G134/><T128/><D112/><U38/><E109/><N who="2" m="41483" /><F9/><W81/><G120/><T54/><D3/><U23/><E77/><V5/><F5/><W7/><G7/><T133/><D133/><U94/><E68/><N who="2" m="42071" /><F51/><W102/><G122/><T11/><D128/><U99/><E61/><V27/><F42/><W53/><G53/><T126/><D126/><U50/><E94/><V103/><F25/><W55/><G55/><T32/><D54/><U91/><E91/><V67/><F67/><W34/><G102/><T101/><D64/><U4/><E4/><V70/><F70/><W0/><G89/><T97/><D11/><U82/><E82/><V17/><F17/><W84/><G74/><T125/><D125/><U135/><E135/><V36/><F36/><W29/><G29/><T78/><D73/><U45/><AGARI ba="4,0" hai="8,10,12,14,22,23,37,38,45,46,48,50,98,99" machi="45" ten="25,4800,0" yaku="0,1,22,2" doraHai="13" who="1" fromWho="1" sc="193,-20,419,60,265,-20,123,-20" /><INIT seed="1,5,0,4,1,3" ten="173,479,245,103" oya="1" hai0="107,123,108,67,126,79,56,9,2,26,58,85,117" hai1="16,97,125,70,92,37,54,80,65,121,46,99,11" hai2="8,45,122,104,39,49,116,95,23,135,41,17,118" hai3="21,22,34,106,103,109,62,81,98,102,50,119,93"/><U90/><E121/><V129/><F122/><W105/><G34/><T78/><D117/><U40/><E125/><V61/><F104/><W84/><G109/><T127/><D107/><U63/><E80/><V128/><F135/><W94/><G119/><T64/><D123/><U48/><E97/><V7/><F39/><W15/><G106/><T30/><D108/><U110/><E110/><V53/><F95/><W27/><G103/><T73/><D73/><U131/><E131/><N who="2" m="50251" /><F61/><W100/><G100/><T71/><D9/><U114/><E114/><V120/><F41/><W115/><G115/><T43/><D2/><U82/><E82/><V31/><F31/><W124/><G124/><N who="0" m="47659" /><D43/><U55/><REACH who="1" step="1"/><E37/><REACH who="1" ten="173,469,245,103" step="2"/><V47/><F120/><W59/><G98/><T77/><D85/><U6/><E6/><V36/><F36/><W91/><G84/><T134/><D134/><U38/><E38/><V86/><F118/><W1/><G105/><T25/><D79/><U0/><E0/><N who="2" m="103" /><F116/><W18/><G1/><T10/><D78/><U66/><E66/><V89/><F86/><W101/><G81/><T132/><D77/><U60/><E60/><V33/><F89/><W35/><G91/><T51/><D132/><U13/><AGARI ba="5,1" hai="11,13,16,40,46,48,54,55,63,65,70,90,92,99" machi="13" ten="30,6000,0" yaku="1,1,0,1,54,1,53,0" doraHai="3" doraHaiUra="52" who="1" fromWho="1" sc="173,-25,469,85,245,-25,103,-25" /><INIT seed="1,6,0,0,2,1" ten="148,554,220,78" oya="1" hai0="71,105,75,44,52,60,10,32,124,29,40,21,67" hai1="45,89,13,81,12,39,18,72,83,131,41,74,2" hai2="20,54,5,84,125,76,42,35,4,37,121,17,6" hai3="73,87,127,85,78,31,80,116,55,133,107,70,56"/><U36/><E2/><V90/><F121/><W97/><G70/><T77/><D124/><U19/><E131/><V93/><F35/><W129/><G129/><T115/><D115/><U135/><E135/><V63/><F125/><W69/><G69/><T25/><D105/><U16/><E39/><V92/><F37/><W27/><G127/><T61/><D10/><U3/><E3/><V112/><F112/><W134/><G116/><T58/><D77/><U104/><E104/><V23/><F42/><W98/><G73/><T50/><REACH who="0" step="1"/><D75/><REACH who="0" ten="138,554,220,78" step="2"/><U101/><E74/><V120/><F76/><W28/><G107/><T33/><AGARI ba="6,1" hai="21,25,29,32,33,40,44,50,52,58,60,61,67,71" machi="33" ten="30,7900,0" yaku="1,1,2,1,0,1,54,1,53,0" doraHai="1" doraHaiUra="111" who="0" fromWho="0" sc="138,107,554,-45,220,-26,78,-26" /><INIT seed="2,0,0,1,4,104" ten="245,509,194,52" oya="2" hai0="68,131,9,43,50,97,53,85,118,96,25,41,124" hai1="80,134,100,57,59,130,129,56,34,35,67,23,37" hai2="79,26,116,112,115,76,2,122,39,33,111,3,6" hai3="109,21,78,22,117,44,128,125,40,69,73,114,47"/><V71/><F71/><W82/><G117/><T5/><D68/><U88/><E37/><V27/><F39/><W58/><G69/><T63/><D124/><U16/><E134/><V135/><F135/><W132/><G132/><T61/><D131/><N who="1" m="50187" /><E100/><V48/><F116/><W119/><G119/><T120/><D25/><N who="1" m="14567" /><E67/><V107/><F107/><W38/><G128/><T49/><D85/><AGARI ba="0,0" hai="34,35,56,57,59,80,85,88" m="14567,50187" machi="85" ten="30,3900,0" yaku="19,1,54,2" doraHai="104" who="1" fromWho="0" sc="245,-39,509,39,194,0,52,0" /><INIT seed="3,0,0,0,5,63" ten="206,548,194,52" oya="3" hai0="59,117,130,26,70,80,27,119,86,65,39,25,58" hai1="101,115,110,68,10,105,52,4,45,92,98,13,131" hai2="81,120,48,95,16,74,122,33,18,37,132,30,3" hai3="44,42,127,17,102,32,66,67,108,103,71,134,78"/><W34/><G71/><T121/><D121/><N who="2" m="46698" /><F37/><W83/><G134/><T11/><D39/><U64/><E110/><V60/><F3/><W36/><G127/><T129/><D11/><U46/><E115/><V22/><F33/><W107/><G108/><T43/><D43/><U69/><E131/><N who="0" m="50185" /><D70/><U82/><E82/><V93/><F60/><W24/><G34/><T124/><D124/><U114/><E45/><V21/><F48/><W106/><G103/><T15/><D15/><U97/><E13/><N who="2" m="9359" /><F30/><W5/><G5/><T1/><D1/><U73/><E97/><V57/><F57/><N who="0" m="21514" /><D65/><U56/><E92/><N who="2" m="35403" /><F132/><W128/><G128/><T0/><D0/><U2/><E46/><V28/><F28/><W112/><G112/><T88/><AGARI ba="0,0" hai="25,26,27,80,86,88,117,119" m="21514,50185" machi="88" ten="40,2700,0" yaku="19,1,54,1" doraHai="63" who="0" fromWho="0" sc="206,27,548,-7,194,-7,52,-13" owari="233,3.3,541,64.1,187,-21.3,39,-46.1" /></mjloggm>