<mjloggm ver="2.3"><GO type="225" lobby="0"/><UN n0="%45%6C%79%73%69%75%6D" n1="%73%69%72%6F%75%74" n2="%43%68%65" n3="%E3%81%8F%E3%82%8A%E3%83%94%E3%83%BC" dan="17,16,16,16" rate="2140.79,2068.00,2169.56,2094.43" sx="F,M,M,M"/><TAIKYOKU oya="0"/><INIT seed="0,0,0,0,1,77" ten="250,250,250,250" oya="0" hai0="24,105,104,50,88,135,66,81,89,65,120,78,32" hai1="96,62,21,126,37,12,132,3,23,39,25,95,55" hai2="134,84,76,20,53,36,79,26,45,91,119,73,129" hai3="13,98,122,48,111,54,107,15,70,22,102,46,86"/><T64/><D120/><U90/><E3/><V82/><F134/><W108/><G70/><T18/><D135/><U30/><E132/><V116/><F129/><W113/><G113/><T127/><D127/><U51/><E126/><V124/><F124/><W131/><G131/><T14/><D50/><U6/><E62/><V11/><F11/><W2/><G2/><T128/><D128/><U0/><E0/><V10/><F10/><W29/><G122/><T118/><D118/><N who="2" m="45098" /><F73/><W60/><G60/><T33/><D104/><U4/><E39/><V16/><F53/><W93/><G29/><T8/><D105/><U59/><REACH who="1" step="1"/><E37/><REACH who="1" ten="250,240,250,250" step="2"/><V83/><F36/><W19/><REACH who="3" step="1"/><G15/><REACH who="3" ten="250,240,250,240" step="2"/><T17/><D65/><U52/><E52/><V61/><F61/><W28/><G28/><T58/><D64/><U103/><E103/><V94/><F45/><W43/><G43/><T38/><D66/><U101/><E101/><V125/><F125/><W63/><G63/><T67/><D67/><U34/><E34/><V68/><F68/><W69/><G69/><T57/><D32/><U99/><E99/><V31/><F31/><W92/><G92/><T72/><D33/><U74/><E74/><V100/><F100/><W80/><G80/><AGARI ba="0,2" hai="16,20,26,76,79,80,82,83,84,91,94" m="45098" machi="80" ten="30,8000,1" yaku="12,1,52,3,54,1" doraHai="77" who="2" fromWho="3" sc="250,0,240,0,250,100,240,-80" /><INIT seed="1,0,0,5,3,50" ten="250,240,350,160" oya="1" hai0="16,118,33,3,24,6,55,59,107,57,11,2,86" hai1="95,34,105,62,109,48,9,25,133,80,53,19,76" hai2="102,12,87,103,81,26,64,126,41,117,14,32,28" hai3="74,49,129,90,91,75,97,31,78,56,40,44,65"/><U17/><E105/><V58/><F117/><W135/><G135/><T130/><D118/><U45/><E133/><V38/><F126/><W79/><G129/><T127/><D127/><U106/><E106/><V20/><F38/><W82/><G31/><T89/><D107/><U108/><E95/><V10/><F41/><W21/><G97/><T121/><D130/><U1/><E62/><N who="2" m="37975" /><F32/><W46/><G21/><T132/><D132/><U15/><E34/><V13/><F10/><W125/><G125/><T68/><D68/><U29/><E1/><V120/><F120/><W119/><G119/><T77/><D77/><AGARI ba="0,0" hai="12,13,14,20,26,28,77,81,87,102,103" m="37975" machi="77" ten="30,1000,0" yaku="8,1" doraHai="50" who="2" fromWho="0" sc="250,-10,240,0,350,10,160,0" /><INIT seed="2,0,0,1,2,126" ten="240,240,360,160" oya="2" hai0="8,51,37,47,122,14,56,86,4,16,61,41,20" hai1="99,72,90,63,29,95,115,80,106,119,130,18,5" hai2="13,0,88,62,40,24,70,48,12,34,43,96,123" hai3="116,21,3,118,94,79,30,1,54,42,81,17,68"/><V6/><F123/><W77/><G68/><T103/><D122/><U33/><E115/><V31/><F0/><W22/><G42/><T73/><D73/><U55/><E119/><V39/><F39/><W58/><G79/><T84/><D103/><U78/><E5/><V127/><F127/><W120/><G120/><T36/><D36/><U91/><E106/><V50/><F50/><W66/><G66/><T104/><D104/><U49/><E63/><V82/><F13/><W67/><G67/><T35/><D35/><U28/><E18/><V75/><F75/><W134/><G134/><T69/><D69/><U60/><E60/><V76/><F76/><W107/><G107/><T102/><D102/><U92/><E33/><V46/><F43/><W32/><G32/><T45/><D45/><U59/><REACH who="1" step="1"/><E130/><REACH who="1" ten="240,230,360,160" step="2"/><V129/><F129/><W83/><G116/><T133/><D133/><U11/><E11/><V125/><F62/><W111/><G118/><T85/><D61/><U52/><E52/><V23/><F6/><W110/><G17/><T19/><D19/><U38/><E38/><V7/><F70/><W53/><G30/><T128/><D37/><U10/><E10/><N who="2" m="4191" /><F34/><W101/><G54/><T57/><REACH who="0" step="1"/><D128/><REACH who="0" ten="230,230,360,160" step="2"/><U2/><E2/><AGARI ba="0,2" hai="2,4,8,14,16,20,41,47,51,56,57,84,85,86" machi="2" ten="40,5200,0" yaku="1,1,2,1,54,1,53,0" doraHai="126" doraHaiUra="121" who="0" fromWho="1" sc="230,72,230,-52,360,0,160,0" /><INIT seed="3,0,0,0,5,60" ten="302,178,360,160" oya="3" hai0="55,36,21,50,101,88,81,116,15,11,133,10,62" hai1="64,125,30,69,23,128,99,83,98,82,75,90,129" hai2="9,93,54,53,46,22,119,59,134,19,111,76,100" hai3="51,103,13,52,67,29,104,78,40,92,102,20,37"/><W68/><G68/><T109/><BYE who="3" /><D116/><U18/><E30/><V8/><F119/><W94/><G94/><T108/><D36/><U32/><E32/><V49/><F111/><W12/><G12/><T113/><D101/><U57/><E69/><V121/><F121/><W84/><G84/><T34/><D34/><U127/><E75/><V16/><F76/><W130/><G130/><T35/><D35/><U26/><E82/><V28/><F28/><W74/><G74/><T5/><D133/><U3/><E129/><V115/><F134/><W107/><G107/><T124/><D124/><U97/><E128/><V31/><F31/><W17/><G17/><N who="2" m="6729" /><F22/><UN n3="%E3%81%8F%E3%82%8A%E3%83%94%E3%83%BC" /><W122/><G122/><T72/><D113/><U123/><E123/><V118/><F115/><W77/><G104/><T63/><D21/><U1/><E1/><V39/><F39/><W38/><G67/><T2/><D72/><U58/><E3/><V117/><F117/><W24/><G13/><T66/><D63/><U91/><E64/><V106/><F106/><W65/><G65/><T4/><D81/><U27/><E83/><V33/><F33/><W86/><G38/><T80/><D80/><U47/><E127/><V48/><F118/><W135/><G135/><T96/><D96/><AGARI ba="0,0" hai="8,9,46,48,49,53,54,59,93,96,100" m="6729" machi="96" ten="30,2000,0" yaku="8,1,54,1" doraHai="60" who="2" fromWho="0" sc="302,-20,178,0,360,20,160,0" owari="282,8.2,178,-22.2,380,48.0,160,-34.0" /></mjloggm>