<mjloggm ver="2.3"><GO type="225" lobby="0"/><UN n0="%E3%82%B3%E3%83%90%E3%83%AC%E3%82%A4" n1="%E3%83%A9%E3%83%BC%E3%83%A1%E3%83%B3%E4%BA%94%E9%83%8E" n2="%E3%81%BF%E3%81%BF%E3%81%9A" n3="%E3%81%9F%E3%81%8B%E3%80%82" dan="16,16,18,16" rate="2091.61,2113.31,2254.42,2068.43" sx="M,M,M,M"/><TAIKYOKU oya="0"/><INIT seed="0,0,0,3,1,105" ten="250,250,250,250" oya="0" hai0="42,17,128,102,77,14,64,119,51,118,58,79,82" hai1="40,117,109,15,12,66,33,5,100,110,107,23,20" hai2="46,135,9,92,54,98,24,52,78,27,32,95,8" hai3="127,36,86,68,126,63,94,125,60,120,73,87,65"/><T108/><D128/><U129/><E117/><V19/><F135/><W30/><G30/><T104/><D108/><N who="1" m="41579" /><E129/><V16/><F32/><W101/><G36/><T53/><D79/><U1/><E40/><V113/><F78/><W115/><G115/><T80/><D80/><U2/><E66/><V131/><F131/><W62/><G120/><T29/><D29/><U114/><E114/><V43/><F113/><W31/><G31/><T37/><D64/><U85/><E33/><V28/><F28/><W122/><G122/><T57/><D57/><U72/><E72/><V10/><F43/><W21/><G21/><N who="1" m="8266" /><E85/><N who="3" m="32266" /><G73/><T41/><D42/><U124/><E124/><V38/><F38/><W39/><G39/><T74/><D41/><U50/><E50/><V61/><F61/><W90/><G101/><T116/><D37/><U111/><N who="1" m="41587" /><U103/><DORA hai="89" /><E5/><V70/><F70/><W88/><G90/><T132/><D132/><U4/><E4/><V26/><F46/><W45/><G45/><T83/><D82/><U49/><E49/><V7/><F7/><W6/><G6/><T69/><D69/><U0/><E107/><V84/><F84/><AGARI ba="0,0" hai="60,62,63,65,68,84,88,94,125,126,127" m="32266" machi="84" ten="30,3900,0" yaku="18,1,52,1,54,1" doraHai="105,89" who="3" fromWho="2" sc="250,0,250,0,250,-39,250,39" /><INIT seed="1,0,0,4,3,66" ten="250,250,211,289" oya="1" hai0="76,70,1,27,36,100,117,15,56,24,67,40,21" hai1="87,32,16,7,86,45,133,51,105,82,77,93,99" hai2="53,19,84,34,29,55,111,57,6,126,104,101,131" hai3="125,71,12,110,69,5,65,132,42,44,31,62,47"/><U128/><E32/><V41/><F41/><W18/><G31/><T113/><D1/><U68/><E105/><V60/><F111/><W112/><G112/><T90/><D113/><U54/><E128/><V85/><F131/><W114/><G114/><T8/><D117/><U9/><E133/><V10/><F126/><W109/><G132/><T103/><D36/><U108/><E108/><N who="3" m="41578" /><G125/><T61/><D40/><U92/><E68/><N who="3" m="26186" /><G5/><T83/><D90/><N who="1" m="53335" /><E7/><V120/><F19/><W63/><G42/><T81/><D81/><U118/><E118/><V78/><F120/><W123/><G123/><T25/><D83/><U33/><E33/><V94/><F34/><W88/><G88/><T13/><D76/><U58/><E16/><V39/><F78/><W134/><G134/><T17/><D70/><U95/><E95/><V22/><F94/><W4/><G4/><AGARI ba="0,0" hai="4,8,13,15,17,21,24,25,27,56,61,67,100,103" machi="4" ten="40,1300,0" yaku="8,1" doraHai="66" who="0" fromWho="3" sc="250,13,250,0,211,0,289,-13" /><INIT seed="2,0,0,2,0,40" ten="263,250,211,276" oya="2" hai0="33,24,130,99,5,93,77,113,121,101,41,100,117" hai1="54,116,131,112,107,1,124,119,91,22,90,108,4" hai2="79,67,49,66,39,134,42,2,46,72,74,32,53" hai3="70,25,36,60,106,8,128,9,3,12,69,103,34"/><V65/><F134/><W102/><G36/><T19/><D121/><U11/><E112/><V6/><F32/><W126/><G3/><T80/><D113/><U109/><E124/><V95/><F95/><W120/><G120/><T29/><D117/><N who="1" m="45131" /><E107/><V63/><F63/><W26/><G126/><T97/><D130/><U7/><E131/><V78/><F6/><W83/><G83/><T92/><D5/><N who="1" m="1455" /><E22/><V84/><F2/><W76/><G76/><T114/><D114/><U51/><E4/><V18/><F18/><W88/><G88/><T118/><D118/><U104/><E104/><V98/><F98/><W43/><G106/><T15/><D41/><U57/><E7/><V10/><F10/><W27/><G34/><T96/><D99/><U89/><E89/><V82/><REACH who="2" step="1"/><F79/><REACH who="2" ten="263,250,201,276" step="2"/><W58/><G128/><T28/><D33/><U75/><E109/><V47/><AGARI ba="0,1" hai="39,42,46,47,49,53,65,66,67,72,74,78,82,84" machi="47" ten="30,18000,2" yaku="1,1,2,1,0,1,52,2,53,1" doraHai="40" doraHaiUra="73" who="2" fromWho="2" sc="263,-60,250,-60,201,190,276,-60" /><INIT seed="2,1,0,3,2,20" ten="203,190,391,216" oya="2" hai0="86,117,116,69,45,63,15,0,82,101,40,64,67" hai1="114,25,125,11,23,26,58,100,8,53,46,22,68" hai2="113,93,4,39,43,84,49,55,99,29,90,131,97" hai3="9,1,41,112,109,95,13,104,89,60,126,21,56"/><V96/><F113/><W72/><G72/><T85/><D0/><U57/><E114/><V130/><F4/><W31/><G104/><T124/><D124/><U62/><E68/><V76/><F39/><W10/><G112/><T73/><D101/><U127/><E100/><V120/><F43/><W61/><G126/><N who="1" m="48138" /><E46/><V38/><F38/><W81/><G109/><T80/><D67/><U111/><E57/><V12/><F12/><W105/><G105/><T88/><D15/><U83/><E83/><V27/><F120/><W75/><G41/><T5/><D73/><U94/><E94/><V108/><F76/><W18/><G1/><T107/><D107/><U129/><E111/><V30/><F108/><W32/><G61/><T115/><D115/><U98/><E98/><V47/><REACH who="2" step="1"/><F30/><REACH who="2" ten="203,190,381,216" step="2"/><W54/><G31/><T74/><D5/><U123/><E123/><V70/><F70/><W128/><G32/><AGARI ba="1,1" hai="27,29,32,47,49,55,84,90,93,96,97,99,130,131" machi="32" ten="40,3900,0" yaku="1,1,52,1,53,0" doraHai="20" doraHaiUra="59" who="2" fromWho="3" sc="203,0,190,0,381,52,216,-42" /><INIT seed="2,2,0,4,0,115" ten="203,190,433,174" oya="2" hai0="57,101,92,51,3,16,79,68,116,28,9,46,44" hai1="61,45,129,108,102,111,117,130,62,2,13,53,72" hai2="7,26,124,56,47,104,82,1,75,22,42,32,105" hai3="125,78,98,87,60,48,73,89,38,55,63,133,134"/><V90/><F56/><W19/><G73/><T76/><D68/><U52/><E2/><V65/><F90/><W103/><G78/><T99/><D28/><U93/><E72/><V83/><F83/><W35/><G35/><T0/><D0/><U64/><E117/><V132/><F65/><W127/><G38/><T59/><D46/><U106/><E106/><V34/><F22/><W114/><G114/><T17/><D3/><U121/><E121/><V49/><F49/><W67/><G19/><N who="0" m="7243" /><D9/><U10/><E102/><V66/><F66/><W36/><G36/><T126/><D126/><N who="3" m="48137" /><G67/><T37/><D37/><U5/><E93/><V70/><F1/><W20/><G20/><T15/><D15/><U50/><E53/><V33/><F33/><W120/><G120/><T41/><D116/><U21/><E21/><V118/><F34/><W107/><G55/><T69/><D69/><N who="1" m="42127" /><E62/><N who="3" m="23594" /><G48/><T12/><D12/><U40/><E40/><V58/><F42/><W23/><G23/><T71/><D71/><U4/><E4/><V24/><F70/><W123/><G123/><T112/><D112/><U30/><E30/><V122/><F7/><W91/><G87/><T18/><D18/><U131/><AGARI ba="2,0" hai="5,10,13,45,50,52,108,111,129,130,131" m="42127" machi="131" ten="40,2700,0" yaku="19,1,54,1" doraHai="115" who="1" fromWho="1" sc="203,-9,190,33,433,-15,174,-9" /><INIT seed="3,0,0,0,0,47" ten="194,223,418,165" oya="3" hai0="81,95,64,53,49,121,42,114,113,87,54,79,24" hai1="63,68,110,16,82,115,62,130,61,4,33,109,75" hai2="126,25,101,108,28,96,14,91,107,103,26,58,131" hai3="29,11,118,65,77,125,39,70,1,18,67,102,57"/><W21/><G118/><T40/><D121/><U71/><E115/><N who="0" m="44041" /><D64/><U36/><E130/><V105/><F108/><N who="1" m="41577" /><E36/><V8/><F131/><W10/><G39/><T9/><D54/><U88/><E33/><V51/><F126/><W55/><G70/><N who="1" m="26666" /><E4/><V59/><F91/><W72/><G125/><T35/><D9/><N who="3" m="3081" /><G102/><T6/><D6/><U74/><E16/><V94/><F103/><W19/><G72/><T133/><D133/><U48/><E48/><V17/><F107/><W15/><G77/><T90/><D24/><U134/><E134/><V12/><F105/><W73/><G73/><N who="0" m="43247" /><D35/><U50/><E50/><V83/><F101/><W119/><G119/><T104/><D104/><U116/><E116/><V23/><F8/><N who="3" m="6503" /><G1/><T128/><D128/><U46/><E46/><AGARI ba="0,0" hai="40,42,46,49,53,87,90,95" m="43247,44041" machi="46" ten="30,2000,0" yaku="11,1,52,1" doraHai="47" who="0" fromWho="1" sc="194,20,223,-20,418,0,165,0" owari="214,1.4,203,-19.7,418,51.8,165,-33.5" /></mjloggm>