<mjloggm ver="2.3"><GO type="225" lobby="0"/><UN n0="%E6%81%A5%E6%99%92%E3%81%97" n1="%E3%82%A2%E3%83%A1%E3%82%A2%E3%83%A9%E3%83%AC" n2="%E5%91%A8%E6%9D%B1" n3="%E3%82%BD%E3%83%AB%E3%83%88%E3%82%AF%E3%83%AA%E3%83%BC%E3%82%AF" dan="16,16,17,16" rate="2133.99,2088.12,2159.13,2069.04" sx="M,M,M,M"/><TAIKYOKU oya="0"/><INIT seed="0,0,0,2,5,103" ten="250,250,250,250" oya="0" hai0="110,43,131,19,14,49,25,96,133,6,101,58,79" hai1="92,63,81,4,54,114,57,62,40,65,55,64,48" hai2="129,70,84,39,98,42,113,85,82,44,118,8,106" hai3="27,100,127,122,67,89,120,91,46,86,11,28,3"/><T31/><D131/><U61/><E4/><V99/><F113/><W7/><G7/><T10/><D133/><U124/><E81/><V107/><F129/><W78/><G78/><T47/><BYE who="3" /><D110/><U111/><E92/><UN n3="%E3%82%BD%E3%83%AB%E3%83%88%E3%82%AF%E3%83%AA%E3%83%BC%E3%82%AF" /><V83/><F70/><W41/><G127/><T102/><D79/><U74/><E74/><V69/><F69/><W77/><G77/><T37/><D37/><U52/><E111/><V16/><F118/><W94/><G3/><T26/><D58/><N who="1" m="33031" /><E124/><V13/><F83/><W20/><G11/><T23/><REACH who="0" step="1"/><D96/><REACH who="0" ten="240,250,250,250" step="2"/><U115/><E115/><V60/><F85/><W21/><G86/><T109/><D109/><U45/><E114/><V5/><F98/><W125/><G125/><T33/><AGARI ba="0,1" hai="6,10,14,19,23,25,26,31,33,43,47,49,101,102" machi="33" ten="20,7800,0" yaku="1,1,0,1,7,1,53,1" doraHai="103" doraHaiUra="29" who="0" fromWho="0" sc="240,88,250,-26,250,-26,250,-26" /><INIT seed="0,1,0,4,3,85" ten="328,224,224,224" oya="0" hai0="27,71,64,81,22,57,120,101,116,38,82,49,20" hai1="134,72,67,88,45,106,39,91,63,54,111,44,112" hai2="9,48,103,3,14,33,135,10,122,6,70,80,37" hai3="114,18,74,104,51,90,53,4,42,65,19,113,105"/><T61/><D116/><U66/><E111/><V50/><F122/><W24/><G74/><T108/><D120/><U84/><E72/><V34/><F37/><W21/><G42/><T123/><D123/><U119/><E119/><V79/><F70/><W69/><G4/><T125/><D125/><U109/><E109/><V58/><F135/><W86/><G114/><T11/><D108/><U115/><E106/><V110/><F103/><W17/><G113/><N who="1" m="43594" /><E134/><V15/><F110/><W1/><G1/><T95/><D22/><U12/><E12/><V73/><F3/><W46/><G69/><T35/><D35/><U77/><E77/><V92/><F92/><N who="3" m="54359" /><G105/><T2/><D38/><U31/><E31/><V32/><REACH who="2" step="1"/><F58/><REACH who="2" ten="328,224,214,224" step="2"/><W62/><G104/><T56/><D71/><U7/><E39/><V0/><F0/><W96/><G96/><N who="0" m="59551" /><D2/><U128/><E128/><V52/><F52/><N who="3" m="29815" /><G65/><T100/><D64/><U75/><E67/><V107/><F107/><W23/><G24/><T124/><D100/><U26/><E26/><V40/><F40/><W131/><G131/><T30/><D27/><U133/><E133/><V76/><F76/><W127/><G127/><T36/><D124/><U41/><E41/><V47/><F47/><W87/><G87/><T117/><D36/><U97/><E66/><V43/><F43/><W28/><G28/><T25/><D117/><U102/><E45/><V118/><F118/><W94/><G94/><T29/><D30/><U5/><E44/><V121/><F121/><W93/><G93/><T16/><D29/><U99/><E84/><V98/><F98/><RYUUKYOKU ba="1,1" sc="328,-15,224,-15,214,15,224,15" hai2="6,9,10,14,15,32,33,34,48,50,73,79,80" hai3="17,18,19,21,23,53,62" /><INIT seed="1,2,1,3,2,121" ten="313,209,229,239" oya="1" hai0="75,120,119,0,107,54,1,25,118,36,65,110,74" hai1="69,62,51,49,30,72,66,64,101,77,14,52,113" hai2="97,82,59,79,11,98,86,15,105,22,125,26,114" hai3="124,8,27,93,96,123,80,108,84,67,40,43,70"/><U134/><E113/><V33/><F125/><W85/><G123/><T21/><D120/><U9/><E134/><V37/><F114/><W117/><G117/><N who="0" m="44555" /><D65/><U55/><E66/><V78/><F37/><W63/><G124/><T71/><D54/><U35/><E101/><V92/><F33/><W135/><G135/><T57/><D57/><U2/><E2/><V115/><F115/><W12/><G27/><T17/><D71/><U16/><E51/><V99/><F105/><W89/><G85/><T10/><D107/><U116/><E116/><V45/><F45/><W34/><G34/><T31/><D75/><U39/><E39/><V129/><F129/><W91/><G108/><T19/><D74/><U41/><E41/><V95/><F79/><W103/><REACH who="3" step="1"/><G91/><REACH who="3" ten="313,209,229,229" step="2"/><T47/><D110/><U20/><E35/><V32/><F32/><W130/><G130/><T23/><D25/><U87/><E72/><V61/><F26/><W42/><G42/><T4/><D31/><U53/><E30/><V6/><REACH who="2" step="1"/><F22/><REACH who="2" ten="313,209,219,229" step="2"/><W128/><G128/><T127/><D21/><U50/><REACH who="1" step="1"/><E20/><REACH who="1" ten="313,199,219,229" step="2"/><V111/><F111/><W46/><G46/><T73/><D23/><U38/><E38/><V24/><F24/><W58/><G58/><T100/><D47/><U81/><AGARI ba="2,4" hai="9,14,16,49,50,52,53,55,62,64,69,77,81,87" machi="81" ten="30,11700,0" yaku="1,1,0,1,54,2,53,0" doraHai="121" doraHaiUra="102" who="1" fromWho="1" sc="313,-41,199,163,219,-41,229,-41" /><INIT seed="1,3,0,5,1,45" ten="272,362,178,188" oya="1" hai0="106,96,58,57,18,99,116,113,42,135,16,49,6" hai1="83,126,82,0,95,75,114,23,60,124,40,63,30" hai2="46,37,132,4,67,73,70,35,51,122,5,61,1" hai3="31,121,3,128,90,50,43,20,11,8,7,102,56"/><U101/><E114/><V74/><F122/><W131/><G121/><T129/><D113/><U98/><E0/><V111/><F35/><W130/><G102/><T29/><D116/><U34/><E34/><V24/><F132/><W80/><G11/><T68/><D135/><U103/><E103/><V15/><F111/><W76/><G90/><T41/><D68/><U100/><E100/><V127/><F127/><N who="1" m="48681" /><E40/><N who="0" m="15465" /><D106/><U69/><E69/><V53/><F37/><W112/><G112/><T134/><D134/><U81/><E75/><V105/><F105/><W86/><G43/><T78/><D78/><U88/><E101/><V77/><F1/><W36/><G36/><T108/><D108/><U97/><E98/><N who="0" m="37417" /><D129/><N who="3" m="33025" /><W89/><DORA hai="64" /><G76/><T109/><D109/><U71/><E71/><V14/><F74/><W17/><G31/><T123/><D123/><U85/><E97/><V38/><F38/><W115/><G115/><T28/><D6/><U52/><E52/><V62/><F73/><W91/><G91/><T54/><D58/><U27/><AGARI ba="3,0" hai="23,27,30,60,63,81,82,83,85,88,95" m="48681" machi="27" ten="40,3900,0" yaku="18,1,54,1" doraHai="45,64" who="1" fromWho="1" sc="272,-16,362,48,178,-16,188,-16" /><INIT seed="1,4,0,5,4,0" ten="256,410,162,172" oya="1" hai0="11,6,34,14,24,73,104,114,50,74,89,16,29" hai1="121,38,45,37,105,113,130,122,76,134,58,13,47" hai2="93,68,117,67,57,12,84,112,65,10,115,51,26" hai3="99,132,36,7,2,33,131,82,116,79,5,90,75"/><U31/><E105/><V88/><F117/><W63/><G2/><N who="0" m="471" /><D114/><N who="2" m="43562" /><F68/><W126/><G36/><T80/><D104/><U53/><E76/><V54/><F26/><W27/><G116/><T78/><D89/><U23/><E13/><V69/><F69/><W42/><G42/><T64/><D50/><U106/><E106/><V111/><F111/><W109/><G63/><T40/><D64/><U15/><E15/><V110/><F110/><W83/><G109/><T123/><D123/><U100/><E23/><V70/><F70/><W48/><G48/><T118/><D40/><U46/><E31/><V95/><F95/><N who="3" m="56823" /><G83/><T32/><D32/><U108/><E100/><V103/><F103/><W81/><G81/><T86/><D118/><U94/><E94/><V77/><F77/><W19/><G19/><AGARI ba="4,0" hai="10,12,19,51,54,57,65,67,84,88,93" m="43562" machi="19" ten="30,2000,0" yaku="11,1,54,1" doraHai="0" who="2" fromWho="3" sc="256,0,410,0,162,32,172,-32" /><INIT seed="2,0,0,3,5,95" ten="256,410,194,140" oya="2" hai0="37,57,79,115,76,56,102,62,29,124,71,67,83" hai1="75,82,118,55,7,121,127,114,89,85,27,128,131" hai2="92,47,60,10,31,88,54,100,90,2,125,21,36" hai3="70,8,93,25,107,116,86,66,39,64,126,59,78"/><V48/><F125/><W13/><G116/><T4/><D115/><U105/><E118/><V58/><F36/><W99/><G70/><T133/><D124/><U84/><E75/><V119/><F119/><W132/><G39/><T81/><D133/><U53/><E105/><V0/><F10/><W129/><G107/><T63/><D37/><U109/><E127/><V117/><F117/><W106/><G106/><T28/><D4/><U30/><E109/><V123/><F123/><W68/><G68/><T101/><REACH who="0" step="1"/><D71/><REACH who="0" ten="246,410,194,140" step="2"/><U26/><E7/><V74/><F74/><W61/><G129/><T33/><D33/><U17/><E114/><V80/><F0/><W96/><G126/><T35/><D35/><U12/><E128/><V6/><F6/><N who="3" m="3223" /><G132/><T19/><D19/><U45/><E17/><V40/><F2/><W72/><G72/><T15/><D15/><U43/><E12/><V9/><F9/><W91/><G25/><T111/><D111/><U134/><E26/><V87/><F21/><W1/><G1/><T51/><D51/><N who="1" m="27071" /><E131/><V11/><F11/><W98/><G78/><T94/><D94/><N who="1" m="54567" /><E134/><V69/><F69/><W42/><G42/><T16/><D16/><U3/><E3/><V5/><F5/><W112/><G112/><T120/><D120/><U44/><E121/><V34/><F34/><W110/><G110/><T135/><D135/><U122/><E122/><V32/><F32/><W14/><G14/><T130/><D130/><U41/><E27/><V24/><F24/><W49/><G49/><T18/><D18/><U108/><E108/><V104/><F48/><RYUUKYOKU ba="0,1" sc="246,15,410,-15,194,-15,140,15" hai0="28,29,56,57,62,63,67,76,79,81,83,101,102" hai3="59,61,64,66,86,91,93,96,98,99" /><INIT seed="3,1,1,0,1,18" ten="261,395,179,155" oya="3" hai0="135,47,6,115,122,116,133,117,90,107,102,22,94" hai1="70,131,26,67,120,40,119,46,77,74,2,72,80" hai2="35,76,125,113,7,129,19,54,68,126,32,13,109" hai3="9,110,85,97,86,12,66,50,73,130,79,20,63"/><W106/><G73/><T53/><D6/><U112/><E120/><V33/><F113/><W58/><G106/><T99/><D47/><U111/><E111/><V57/><F109/><W49/><G110/><T25/><D53/><U108/><E108/><V83/><F68/><W124/><G130/><T100/><D122/><U89/><E2/><V105/><F7/><N who="3" m="3135" /><G124/><N who="2" m="47721" /><F105/><W56/><G97/><N who="0" m="61839" /><D115/><U43/><E89/><V118/><F129/><W101/><G101/><T59/><D59/><U21/><E26/><V92/><F118/><W44/><G79/><T0/><D0/><U10/><E43/><V69/><F69/><W51/><G44/><T31/><D102/><U95/><E67/><V41/><F41/><W27/><G58/><T127/><D127/><U5/><E74/><N who="2" m="43415" /><F92/><W71/><G71/><T17/><D31/><AGARI ba="1,1" hai="20,27,31,49,50,51,56,63,66,85,86" m="3135" machi="31" ten="30,2900,0" yaku="8,1,52,1" doraHai="18" who="3" fromWho="0" sc="261,-32,395,0,179,0,155,42" /><INIT seed="3,2,0,1,1,10" ten="229,395,179,197" oya="3" hai0="109,131,40,130,17,20,122,94,56,28,119,92,82" hai1="128,108,51,27,23,133,106,125,29,11,75,104,6" hai2="59,30,110,77,72,24,118,46,89,81,76,121,120" hai3="7,36,44,48,101,54,15,52,35,14,68,90,67"/><W126/><G35/><T111/><D122/><U9/><E108/><N who="0" m="41545" /><D119/><U96/><E75/><V1/><F110/><W58/><G101/><T16/><D40/><U39/><E39/><V53/><F118/><W116/><G116/><T107/><D107/><U134/><E128/><N who="0" m="49193" /><D82/><U84/><E125/><V87/><F46/><W113/><G113/><T60/><D28/><U41/><E84/><V0/><F121/><W103/><G103/><T132/><D132/><U4/><E41/><V19/><F120/><W38/><G7/><T47/><D47/><U112/><E112/><V78/><F19/><N who="0" m="7242" /><D20/><U99/><E23/><V93/><F77/><W43/><G126/><T95/><D94/><U85/><E29/><V69/><F78/><W8/><G8/><T18/><D18/><U97/><E104/><V31/><F31/><W3/><G3/><T123/><D123/><U57/><E106/><V79/><F79/><W124/><G124/><T2/><D2/><U100/><E133/><V71/><F0/><W114/><G114/><T66/><AGARI ba="2,0" hai="56,60,66,92,95" m="7242,49193,41545" machi="66" ten="40,5200,0" yaku="14,1,19,1,54,1" doraHai="10" who="0" fromWho="0" sc="229,58,395,-15,179,-15,197,-28" owari="287,8.7,380,48.0,164,-33.6,169,-23.1" /></mjloggm>