<mjloggm ver="2.3"><GO type="225" lobby="0"/><UN n0="%6C%61%6D%62" n1="%47%48%4F%53%54" n2="%E3%83%A9%E3%83%BC%E3%83%A1%E3%83%B3%E4%BA%94%E9%83%8E" n3="%74%61%6B%75%61%6B%61" dan="16,17,16,16" rate="2134.08,2233.62,2077.96,2175.12" sx="M,M,M,M"/><TAIKYOKU oya="0"/><INIT seed="0,0,0,5,2,16" ten="250,250,250,250" oya="0" hai0="126,41,36,132,19,101,118,4,50,65,18,117,76" hai1="102,85,116,9,5,31,88,49,103,6,127,22,125" hai2="73,48,134,62,90,77,59,110,89,2,47,81,23" hai3="91,105,3,51,119,24,10,67,71,133,113,86,84"/><T46/><D132/><U66/><E116/><V70/><F134/><W30/><G119/><T107/><D126/><N who="1" m="48139" /><E66/><V99/><F110/><W11/><G133/><T122/><D122/><U12/><E6/><V33/><F33/><W64/><G105/><T69/><D4/><U106/><E49/><V74/><F2/><W54/><G113/><T8/><D76/><U44/><E44/><V80/><F70/><W112/><G112/><T55/><D19/><N who="1" m="10599" /><E31/><V57/><F57/><W29/><G3/><T45/><D8/><U128/><E128/><V92/><F62/><W109/><G109/><T87/><D18/><U123/><E106/><V37/><F37/><W34/><G71/><T35/><D35/><U63/><E63/><V130/><F59/><W7/><G30/><T43/><D43/><U94/><E123/><V15/><F130/><W0/><G11/><T13/><D13/><AGARI ba="0,0" hai="5,9,13,85,88,94,102,103" m="10599,48139" machi="13" ten="30,3900,0" yaku="18,1,52,1,54,1" doraHai="16" who="1" fromWho="0" sc="250,-39,250,39,250,0,250,0" /><INIT seed="1,0,0,0,4,53" ten="211,289,250,250" oya="1" hai0="34,4,2,17,48,67,103,28,36,61,63,126,81" hai1="37,66,47,133,87,116,71,131,32,57,97,41,124" hai2="3,130,120,74,72,25,100,64,112,88,35,91,135" hai3="106,82,10,93,14,51,24,95,19,46,121,113,70"/><U79/><E116/><V60/><F120/><W49/><G121/><T58/><D36/><U96/><E124/><V122/><F122/><W107/><G70/><T45/><D126/><U117/><E117/><V123/><F123/><W20/><G113/><T29/><D34/><U30/><E131/><V85/><F3/><W8/><G107/><T77/><D103/><U114/><E133/><V125/><F125/><W7/><G106/><T12/><D4/><U31/><E71/><V54/><F135/><W128/><G128/><T92/><D92/><U104/><E104/><V23/><F35/><W119/><G119/><T33/><D61/><N who="1" m="38191" /><E32/><V73/><F112/><W65/><G65/><T89/><D89/><U1/><E1/><V42/><F42/><W69/><G69/><T18/><D2/><U108/><E108/><V68/><F130/><W39/><G39/><T0/><D0/><U44/><E44/><V134/><F134/><W80/><G49/><T75/><D33/><U111/><E111/><V22/><F100/><W11/><G11/><T6/><D6/><U94/><E97/><V78/><F22/><W27/><G8/><T109/><D109/><U83/><E114/><V86/><F78/><W16/><G7/><T118/><D118/><U26/><E26/><V21/><F25/><W50/><G27/><T52/><REACH who="0" step="1"/><D18/><REACH who="0" ten="201,289,250,250" step="2"/><U13/><E13/><V76/><F91/><W115/><G115/><T84/><D84/><U132/><E132/><V99/><F85/><W59/><G14/><T56/><D56/><U43/><E43/><V38/><F86/><W9/><G59/><RYUUKYOKU ba="0,1" sc="201,15,289,15,250,-15,250,-15" hai0="12,17,28,29,45,48,52,58,63,67,75,77,81" hai1="30,31,37,41,47,79,83,87,94,96" /><INIT seed="1,1,1,4,0,64" ten="216,304,235,235" oya="1" hai0="65,110,17,103,19,132,129,81,39,2,6,126,35" hai1="54,8,106,93,86,85,18,84,80,100,95,122,121" hai2="91,92,108,71,102,38,11,72,67,96,116,49,117" hai3="25,120,68,114,31,99,131,52,28,45,111,13,46"/><U98/><E54/><V20/><F38/><W43/><G120/><N who="1" m="46186" /><E18/><V22/><F72/><W29/><G114/><T24/><D65/><U62/><E62/><V56/><F108/><W83/><G111/><T10/><D126/><U7/><E8/><V128/><F128/><W115/><G115/><T134/><D129/><U36/><E7/><V16/><F71/><W26/><G131/><T42/><D103/><U75/><E36/><V50/><F116/><W78/><G68/><T9/><D81/><U30/><E30/><V112/><F112/><W37/><G99/><T12/><D110/><U44/><E44/><V113/><F117/><W60/><G13/><N who="0" m="7351" /><D42/><U88/><E75/><V90/><F113/><W55/><G55/><T15/><D39/><U109/><E109/><V69/><F69/><W4/><G4/><T0/><D15/><U82/><E86/><V133/><F11/><W123/><G123/><T77/><D2/><U76/><AGARI ba="1,1" hai="76,80,82,84,85,88,93,95,98,100,106" m="46186" machi="76" ten="30,6000,0" yaku="34,2,54,1" doraHai="64" who="1" fromWho="1" sc="216,-21,304,73,235,-21,235,-21" /><INIT seed="1,2,0,1,5,102" ten="195,377,214,214" oya="1" hai0="89,95,87,108,83,5,56,96,63,49,90,26,78" hai1="31,105,132,98,60,72,131,35,52,66,84,14,3" hai2="64,55,27,36,17,117,39,116,134,1,100,80,77" hai3="6,120,94,44,30,97,23,47,45,109,133,129,38"/><U91/><E3/><V61/><F1/><W70/><G120/><T86/><D108/><U74/><E131/><V16/><F134/><W13/><G109/><T127/><D127/><U79/><E14/><V67/><F55/><W18/><G133/><T41/><D5/><U32/><E52/><V2/><F2/><W104/><G129/><T68/><D68/><N who="1" m="42055" /><E132/><V103/><F80/><W75/><G70/><T110/><D110/><U69/><E69/><V65/><F61/><W123/><G123/><T114/><D114/><U92/><E79/><V46/><F77/><W121/><G75/><T25/><D41/><U54/><E54/><V124/><F46/><W113/><G113/><T76/><D49/><U21/><E21/><V8/><F8/><W85/><G38/><N who="2" m="14377" /><F27/><N who="3" m="16767" /><G104/><T122/><D122/><U126/><E126/><V59/><F59/><W71/><G71/><T62/><D62/><U50/><E50/><V29/><F29/><W28/><G28/><T107/><D107/><U112/><E35/><V12/><F124/><W10/><G121/><T58/><D76/><U73/><E112/><V24/><F24/><N who="0" m="9322" /><D63/><U130/><E130/><V111/><F111/><W82/><G6/><T37/><D37/><U43/><E43/><V53/><F116/><W118/><G118/><T4/><D4/><U40/><E40/><V9/><F117/><W81/><G85/><T11/><D11/><U57/><E31/><V19/><F53/><W51/><G51/><T115/><D115/><U33/><E57/><V34/><F34/><N who="1" m="13417" /><E72/><V99/><F99/><W128/><G128/><T22/><D22/><RYUUKYOKU ba="2,0" sc="195,0,377,0,214,0,214,0" hai0="56,58,78,83,86,87,89,90,95,96" hai1="73,74,84,91,92,98,105" hai2="9,12,16,17,19,64,65,67,100,103" hai3="10,13,18,44,45,47,81,82,94,97" /><INIT seed="1,3,0,1,2,131" ten="195,377,214,214" oya="1" hai0="82,83,54,17,107,133,123,37,109,22,75,57,80" hai1="7,96,85,55,58,87,101,103,129,9,92,72,100" hai2="41,4,93,76,120,127,71,59,33,78,90,13,44" hai3="34,121,68,86,63,12,6,128,89,104,32,24,53"/><U114/><E114/><V19/><F120/><W0/><G121/><T84/><D123/><U39/><E72/><V124/><F71/><W108/><G0/><T99/><D109/><U102/><E39/><V113/><F113/><W69/><G104/><T60/><D75/><U21/><E21/><V49/><F33/><W105/><G105/><T3/><D3/><U47/><E47/><V98/><F59/><W116/><G108/><T30/><D37/><U118/><E118/><V35/><F4/><W20/><G34/><T18/><D133/><U135/><E129/><V126/><REACH who="2" step="1"/><F35/><REACH who="2" ten="195,377,204,214" step="2"/><W26/><G32/><T110/><D110/><U5/><E135/><V74/><F74/><W48/><G69/><T11/><D57/><U27/><E5/><V130/><F130/><W73/><G73/><T88/><D18/><U77/><E7/><V91/><F91/><W81/><G128/><T132/><D17/><U134/><E58/><V62/><F62/><W25/><G68/><T42/><D60/><U67/><E134/><V56/><F56/><N who="3" m="32807" /><G63/><T2/><D132/><U52/><E103/><V36/><F36/><W112/><G112/><T122/><D122/><U1/><E102/><V38/><F38/><W16/><G116/><T64/><D88/><U23/><E101/><V106/><F106/><W117/><G117/><T125/><D30/><U46/><E100/><V66/><F66/><W95/><G6/><T70/><D64/><U79/><E67/><V94/><F94/><AGARI ba="3,1" hai="12,16,20,24,25,26,81,86,89,94,95" m="32807" machi="94" ten="30,2000,0" yaku="8,1,54,1" doraHai="131" who="3" fromWho="2" sc="195,0,377,0,204,-29,214,39" /><INIT seed="2,0,0,2,3,124" ten="195,377,175,253" oya="2" hai0="26,1,86,71,41,3,87,128,34,39,132,129,7" hai1="131,40,56,90,79,125,114,117,121,83,133,118,21" hai2="2,98,100,105,47,61,10,66,45,113,108,48,122" hai3="94,82,30,28,123,69,19,22,65,70,92,135,27"/><V81/><F113/><W36/><G123/><T32/><D71/><U63/><E114/><V102/><F122/><W106/><G106/><T95/><D95/><U18/><E121/><V35/><F35/><N who="0" m="13354" /><D26/><U57/><E133/><V93/><F108/><W6/><G36/><T58/><D58/><U107/><E107/><V103/><F81/><W115/><G135/><T5/><D41/><U16/><E125/><V14/><F2/><N who="0" m="522" /><D39/><U4/><E56/><V17/><F105/><W96/><G6/><N who="0" m="2059" /><D132/><U91/><E57/><V126/><F126/><W62/><G70/><T33/><D33/><U80/><E40/><V52/><REACH who="2" step="1"/><F45/><REACH who="2" ten="195,377,165,253" step="2"/><W127/><G127/><T8/><D8/><U104/><E83/><V11/><F11/><W29/><G115/><T43/><D43/><U55/><E80/><V13/><F13/><W120/><G120/><T24/><D24/><U50/><E104/><V23/><F23/><W44/><G44/><T101/><D101/><U49/><E21/><V20/><F20/><W60/><G82/><T89/><D89/><U84/><E91/><V46/><F46/><W85/><G22/><T134/><D134/><U67/><E90/><V75/><F75/><W9/><G27/><T15/><D15/><U111/><E111/><V99/><F99/><W112/><G9/><T31/><D31/><U37/><E79/><V72/><F72/><W73/><G73/><T54/><D54/><U97/><E55/><V42/><F42/><W76/><G112/><T59/><D59/><AGARI ba="0,1" hai="10,14,17,47,48,52,59,61,66,93,98,100,102,103" machi="59" ten="30,11600,0" yaku="1,1,7,1,8,1,54,1,53,0" doraHai="124" doraHaiUra="74" who="2" fromWho="0" sc="195,-116,377,0,165,126,253,0" /><INIT seed="2,1,0,0,1,30" ten="79,377,291,253" oya="2" hai0="134,36,55,37,80,128,31,130,126,85,27,46,10" hai1="66,115,69,125,70,72,109,34,23,61,131,113,18" hai2="93,135,59,47,83,111,81,4,117,48,121,65,24" hai3="63,7,9,12,86,91,96,42,92,41,22,38,56"/><V53/><F117/><W133/><G133/><T101/><D134/><U90/><E34/><V123/><F135/><W87/><G38/><T82/><D101/><U97/><E72/><V16/><F111/><W43/><REACH who="3" step="1"/><G22/><REACH who="3" ten="79,377,291,243" step="2"/><T119/><D36/><U64/><E23/><N who="2" m="13415" /><F123/><W35/><G35/><T5/><D37/><U76/><E113/><V73/><F121/><W132/><G132/><T108/><D108/><U114/><E115/><V50/><F73/><W20/><G20/><T75/><D75/><U107/><E114/><V118/><F118/><W88/><G88/><T57/><D119/><U11/><E90/><V17/><F4/><W116/><G116/><T3/><D128/><U110/><E109/><V26/><F93/><W32/><G32/><T54/><D130/><U94/><E131/><V100/><F100/><W6/><G6/><T79/><D5/><U104/><E94/><V129/><F129/><W105/><G105/><T71/><D10/><U8/><E8/><V13/><F26/><W74/><G74/><T45/><D27/><U89/><E107/><V60/><F50/><W77/><G77/><T2/><D79/><U103/><E76/><V44/><F47/><W62/><G62/><T52/><D46/><U124/><E89/><V1/><F1/><W84/><G84/><T98/><D2/><U112/><E112/><V0/><F0/><W25/><G25/><T21/><D3/><U106/><E106/><V78/><F78/><W120/><G120/><T14/><D21/><AGARI ba="1,1" hai="13,17,21,44,48,53,59,60,65,81,83" m="13415" machi="21" ten="30,2900,0" yaku="8,1,54,1" doraHai="30" who="2" fromWho="0" sc="79,-32,377,0,291,42,243,0" /><INIT seed="2,2,0,5,5,91" ten="47,377,333,243" oya="2" hai0="121,115,33,71,116,89,32,54,0,30,84,131,56" hai1="20,90,101,24,126,36,94,42,81,35,47,19,135" hai2="26,75,55,114,11,13,45,7,66,134,113,119,43" hai3="127,46,38,58,18,37,3,14,21,88,129,97,73"/><V29/><F119/><W92/><G127/><T23/><D115/><U28/><E135/><V83/><F134/><W111/><G111/><T85/><D121/><U12/><E126/><V117/><F117/><W57/><G129/><T62/><D131/><U72/><E101/><V48/><F66/><W105/><G73/><T41/><D116/><U82/><REACH who="1" step="1"/><E72/><REACH who="1" ten="47,367,333,243" step="2"/><V78/><REACH who="2" step="1"/><F43/><REACH who="2" ten="47,367,323,243" step="2"/><W27/><G3/><T109/><D41/><U10/><E10/><V39/><F39/><W2/><G2/><T76/><D0/><U125/><E125/><V69/><F69/><W100/><G37/><T50/><D109/><U31/><E31/><V34/><AGARI ba="2,2" hai="7,11,13,26,29,34,45,48,55,75,78,83,113,114" machi="34" ten="20,3900,0" yaku="1,1,0,1,7,1,53,0" doraHai="91" doraHaiUra="16" who="2" fromWho="2" sc="47,-15,367,-15,323,65,243,-15" /><INIT seed="2,3,0,3,1,6" ten="32,352,388,228" oya="2" hai0="19,126,12,95,21,86,47,83,1,55,123,101,104" hai1="16,3,82,36,74,106,118,56,76,116,66,107,37" hai2="91,119,125,50,67,8,34,62,32,40,114,132,48" hai3="5,13,39,54,59,129,97,22,108,2,15,131,70"/><V75/><F114/><W29/><G70/><T100/><D126/><U64/><E3/><V99/><F119/><W122/><G39/><T102/><D123/><U124/><E124/><V80/><F125/><W9/><G122/><T98/><D104/><U0/><E0/><V24/><F132/><W44/><G44/><T115/><D1/><U14/><E37/><V93/><F32/><W11/><G108/><T72/><D72/><U51/><E36/><V135/><F135/><W43/><G43/><T38/><D115/><U113/><E113/><V18/><F40/><W61/><G97/><T103/><D38/><U81/><E107/><V42/><F42/><W30/><G2/><T41/><D41/><U27/><E106/><V89/><F34/><W96/><G96/><T26/><D26/><U92/><E92/><V73/><F73/><W68/><G68/><T7/><D7/><U17/><E27/><V69/><F24/><W111/><G111/><T65/><D65/><U71/><E71/><V128/><F128/><N who="3" m="49227" /><G22/><T87/><REACH who="0" step="1"/><D83/><REACH who="0" ten="22,352,388,228" step="2"/><U58/><E74/><V57/><F75/><W33/><G33/><T109/><D109/><U112/><E112/><V77/><F67/><W121/><G121/><T31/><D31/><U23/><E66/><V79/><F80/><W117/><G117/><T90/><D90/><U28/><E64/><N who="2" m="38991" /><F69/><W52/><G54/><T25/><D25/><N who="1" m="14567" /><E28/><V46/><F89/><W127/><G127/><T45/><D45/><U10/><E82/><V85/><F46/><W35/><G35/><T20/><D20/><U49/><E118/><V110/><F110/><RYUUKYOKU ba="3,1" sc="22,15,352,-15,388,-15,228,15" hai0="12,19,21,47,55,86,87,95,98,100,101,102,103" hai3="5,9,11,13,15,29,30,52,59,61" /><INIT seed="3,4,1,4,4,73" ten="37,337,373,243" oya="3" hai0="13,7,108,105,61,27,42,89,72,135,6,52,90" hai1="50,46,87,0,37,113,123,35,64,80,98,40,60" hai2="129,43,110,69,92,23,17,45,19,79,114,99,134" hai3="132,119,9,77,76,70,32,78,11,106,67,53,75"/><W47/><G119/><T10/><D108/><U125/><E113/><V111/><F129/><W8/><G75/><T116/><D116/><U63/><E123/><V16/><F134/><W83/><G106/><T22/><D135/><U48/><E125/><V24/><F79/><W118/><G118/><T68/><D105/><U36/><E0/><V55/><F55/><W18/><G132/><T56/><D72/><U20/><E35/><V94/><F69/><W81/><G32/><T127/><D127/><U133/><E133/><V126/><F126/><W49/><REACH who="3" step="1"/><G18/><REACH who="3" ten="37,337,373,233" step="2"/><T128/><D128/><U15/><E98/><V103/><F114/><W115/><G115/><T121/><D121/><U31/><E31/><N who="2" m="17823" /><F111/><W58/><G58/><T124/><D124/><U107/><E107/><V88/><F110/><W84/><G84/><T21/><D68/><U131/><E131/><V25/><F25/><W130/><G130/><T38/><D6/><U30/><E30/><V66/><F45/><W71/><G71/><T117/><D117/><U109/><E109/><V29/><F29/><W104/><G104/><T120/><D120/><U33/><E33/><V93/><F19/><W3/><G3/><T96/><D96/><U102/><E87/><N who="2" m="52255" /><F17/><W4/><G4/><T1/><D1/><U5/><E5/><V100/><F16/><W57/><G57/><T74/><D74/><U28/><E28/><V82/><F99/><W2/><G2/><T59/><D59/><U12/><E46/><V65/><F100/><W122/><G122/><T44/><D27/><U41/><E102/><V62/><F103/><RYUUKYOKU ba="4,2" sc="37,15,337,-15,373,-15,233,15" hai0="7,10,13,21,22,38,42,44,52,56,61,89,90" hai3="8,9,11,47,49,53,67,70,76,77,78,81,83" /><INIT seed="3,5,2,4,5,74" ten="52,322,358,248" oya="3" hai0="127,32,130,61,12,53,135,37,65,109,79,98,95" hai1="47,51,94,115,15,72,100,102,40,55,14,133,0" hai2="107,105,84,19,131,122,77,43,75,2,106,20,11" hai3="24,80,111,10,9,5,8,110,99,123,108,86,69"/><W3/><G123/><T30/><D37/><U91/><E115/><V117/><F117/><W60/><G99/><T34/><D109/><U70/><E133/><V33/><F33/><W28/><G69/><T101/><D135/><U67/><E0/><V126/><F75/><W92/><G92/><T54/><D130/><U42/><E67/><V76/><F131/><W120/><G120/><T134/><D134/><U44/><E72/><V129/><F129/><W113/><G60/><T56/><D127/><U58/><E70/><V7/><F122/><W119/><G113/><T132/><D132/><U81/><E81/><V18/><F126/><W35/><REACH who="3" step="1"/><G119/><REACH who="3" ten="52,322,358,238" step="2"/><T48/><D34/><U21/><E102/><V73/><F106/><W89/><AGARI ba="5,3" hai="3,5,8,9,10,24,28,35,80,86,89,108,110,111" machi="89" ten="30,12000,1" yaku="1,1,2,1,0,1,14,1,10,1,53,0" doraHai="74" doraHaiUra="39" who="3" fromWho="3" sc="52,-45,322,-45,358,-45,238,165" owari="7,-49.3,277,-12.3,313,11.3,403,50.3" /></mjloggm>