<mjloggm ver="2.3"><GO type="225" lobby="0"/><UN n0="%E3%81%B2%E3%81%AA%E3%81%AE%E3%82%8A%E3%81%8F" n1="%E3%83%A9%E3%83%96%E3%83%AC%E3%83%BC" n2="%4D%50%43%32%38%30%30" n3="%E3%81%9F%E3%81%A3%E3%81%A1%E3%82%87" dan="16,18,16,16" rate="2167.51,2266.23,2084.86,2071.84" sx="M,M,M,M"/><TAIKYOKU oya="0"/><INIT seed="0,0,0,0,5,55" ten="250,250,250,250" oya="0" hai0="108,61,17,63,8,39,115,121,79,57,126,20,96" hai1="1,35,11,44,80,37,71,84,98,94,51,28,110" hai2="70,38,131,107,100,127,93,40,19,76,33,27,77" hai3="69,120,82,123,104,66,91,134,26,0,74,101,23"/><T32/><D115/><U87/><E71/><V12/><BYE who="1" /><F70/><W135/><G0/><T16/><D121/><N who="3" m="46665" /><G66/><T106/><D32/><UN n1="%E3%83%A9%E3%83%96%E3%83%AC%E3%83%BC" /><U58/><E110/><V111/><F111/><W7/><G69/><T41/><D108/><U97/><E28/><V67/><F67/><W112/><G7/><T68/><D68/><U56/><E37/><V31/><F131/><W2/><G2/><T54/><D79/><N who="1" m="46111" /><E35/><V10/><F127/><W85/><G74/><T132/><D126/><U133/><E133/><N who="3" m="50698" /><G112/><T36/><D132/><U129/><E129/><V75/><F75/><W114/><G114/><T4/><D106/><U72/><E72/><V125/><F125/><W65/><G65/><T62/><D96/><U21/><E87/><V30/><F107/><W124/><G124/><T128/><D128/><U48/><E98/><V46/><F100/><W92/><G104/><T105/><D105/><U64/><E64/><V15/><F93/><W113/><G113/><T89/><D41/><U6/><E94/><V52/><F52/><W22/><G26/><T43/><D43/><U9/><E6/><V118/><F40/><W3/><G3/><T83/><D39/><U50/><E97/><AGARI ba="0,0" hai="22,23,82,85,91,92,97,101" m="50698,46665" machi="97" ten="30,2000,0" yaku="13,1,20,1" doraHai="55" who="3" fromWho="1" sc="250,0,250,-20,250,0,250,20" /><INIT seed="1,0,0,5,2,1" ten="250,230,250,270" oya="1" hai0="130,41,68,92,38,85,25,134,53,119,118,121,101" hai1="65,126,42,58,37,84,56,12,15,8,95,26,35" hai2="57,109,75,97,73,70,133,17,106,18,47,23,29" hai3="60,7,91,10,30,36,0,99,110,4,44,40,39"/><U49/><E37/><V69/><F109/><W116/><G110/><T113/><D68/><U81/><E126/><V51/><F133/><W79/><G30/><T5/><D113/><U83/><E35/><V114/><F114/><W16/><G36/><T135/><D130/><U117/><E26/><V124/><F124/><W27/><G79/><T76/><D38/><U21/><E117/><V93/><F106/><W122/><G122/><T80/><D121/><U86/><E21/><V55/><F29/><W28/><G60/><T128/><D128/><U77/><E65/><V63/><F18/><W120/><G120/><T112/><D112/><U111/><E95/><V9/><F9/><W43/><G43/><T61/><D41/><U48/><E111/><V6/><F6/><N who="3" m="2091" /><G0/><T72/><D72/><U74/><E74/><V129/><F129/><W24/><G116/><T19/><D5/><N who="1" m="3087" /><E15/><V90/><F75/><W105/><G105/><T88/><D119/><U108/><E108/><V13/><F73/><W59/><G28/><T96/><D118/><U54/><E42/><AGARI ba="0,0" hai="13,17,23,42,47,51,55,57,63,69,70,90,93,97" machi="42" ten="30,1000,0" yaku="7,1" doraHai="1" who="2" fromWho="1" sc="250,0,230,-10,250,10,270,0" /><INIT seed="2,0,0,2,5,10" ten="250,220,260,270" oya="2" hai0="68,102,7,69,51,98,95,9,83,78,14,128,12" hai1="47,20,67,73,96,28,91,81,18,90,117,35,0" hai2="82,30,87,110,97,24,25,113,56,31,43,39,127" hai3="71,11,60,116,13,93,105,2,33,41,15,80,26"/><V79/><F113/><W37/><G105/><T66/><D128/><U4/><E117/><V36/><F127/><W131/><G116/><T121/><D121/><U118/><E118/><V3/><F3/><W84/><G131/><T86/><D66/><U61/><E35/><V122/><F122/><W133/><G133/><T40/><REACH who="0" step="1"/><D14/><REACH who="0" ten="240,220,260,270" step="2"/><U107/><E0/><V92/><F110/><W125/><G13/><T126/><D126/><U119/><E119/><V34/><F43/><W32/><G125/><T134/><D134/><U46/><E67/><V70/><F70/><W62/><G71/><T99/><D99/><U85/><E96/><V5/><F56/><W106/><G2/><T38/><D38/><U58/><E58/><V59/><F59/><W103/><G37/><T17/><D17/><U74/><E18/><V72/><F5/><W89/><G41/><T45/><AGARI ba="0,1" hai="7,9,12,40,45,51,68,69,78,83,86,95,98,102" machi="45" ten="30,8000,1" yaku="1,1,0,1,25,2,52,1,53,0" doraHai="10" doraHaiUra="115" who="0" fromWho="0" sc="240,90,220,-20,260,-40,270,-20" /><INIT seed="3,0,0,4,2,15" ten="330,200,220,250" oya="3" hai0="10,95,8,89,110,78,5,132,51,129,50,128,47" hai1="54,103,52,31,64,22,70,14,106,43,69,25,112" hai2="101,3,33,77,131,1,109,85,92,99,35,76,126" hai3="65,83,124,121,119,79,91,12,55,82,27,60,127"/><W16/><G119/><T104/><D110/><U20/><E112/><V56/><F109/><W19/><G121/><T42/><D104/><U87/><E43/><V107/><F131/><N who="0" m="50250" /><D132/><U45/><E45/><V29/><F126/><N who="3" m="48171" /><G55/><T113/><D78/><U100/><E87/><V46/><F76/><W117/><G91/><T116/><D116/><U72/><E72/><V125/><F125/><W74/><G83/><T118/><D113/><U133/><E133/><V81/><F35/><W39/><G39/><N who="0" m="21983" /><D10/><U120/><E120/><V98/><F46/><W0/><G0/><N who="0" m="39" /><D118/><U122/><E122/><V68/><F68/><N who="3" m="42023" /><G27/><T26/><D26/><U18/><E70/><V59/><F33/><W102/><G102/><T58/><D58/><U114/><E114/><V36/><F36/><W93/><G93/><T111/><D111/><U48/><E48/><V41/><F41/><W49/><G117/><T24/><D24/><U67/><E103/><V80/><F3/><W4/><G49/><T53/><D53/><U6/><E6/><V61/><F1/><W97/><G97/><AGARI ba="0,0" hai="50,51,89,95,97" m="39,21983,50250" machi="97" ten="30,1000,0" yaku="19,1" doraHai="15" who="0" fromWho="3" sc="330,10,200,0,220,0,250,-10" owari="340,44.0,200,-30.0,220,-18.0,240,4.0" /></mjloggm>