<mjloggm ver="2.3"><GO type="225" lobby="0"/><UN n0="%E6%80%AA%E3%81%97%E3%81%99%E3%81%8E%E3%82%8B%E3%83%81%E3%83%BC" n1="%E3%83%A9%E3%83%96%E3%83%AC%E3%83%BC" n2="%E6%A1%9C%E8%8A%B1%E9%96%83%E3%80%85" n3="%E5%84%AA%40%41%42%43" dan="16,18,18,17" rate="2116.27,2214.34,2282.77,2248.97" sx="M,M,M,M"/><TAIKYOKU oya="0"/><INIT seed="0,0,0,0,5,101" ten="250,250,250,250" oya="0" hai0="38,102,95,16,60,68,73,72,113,40,104,100,32" hai1="57,105,36,116,93,45,42,6,115,67,110,78,56" hai2="131,50,55,31,12,103,28,27,53,29,122,2,117" hai3="132,79,128,43,26,125,112,126,97,108,106,86,109"/><T9/><D113/><U23/><E116/><V17/><F122/><W69/><G69/><T13/><D32/><U14/><E14/><V21/><BYE who="1" /><F117/><UN n1="%E3%83%A9%E3%83%96%E3%83%AC%E3%83%BC" /><W5/><G112/><T15/><D95/><U94/><E110/><N who="3" m="42602" /><G5/><T121/><D121/><U83/><E105/><V25/><F131/><W75/><G43/><T88/><D88/><U64/><E6/><V127/><F127/><N who="3" m="48651" /><G128/><T1/><D1/><U114/><E114/><V118/><F118/><W77/><G75/><T99/><D102/><U111/><E111/><V51/><F103/><N who="3" m="62831" /><G132/><T52/><D68/><U130/><E115/><V4/><F2/><W81/><G26/><N who="2" m="9737" /><F4/><W85/><G85/><T65/><D40/><U96/><E42/><V82/><F29/><W39/><G39/><T120/><D38/><U70/><E70/><V91/><F28/><W61/><G61/><T34/><D120/><U11/><E36/><V87/><F31/><W3/><G3/><T92/><D15/><U46/><E130/><V54/><AGARI ba="0,0" hai="12,17,21,50,51,53,54,55,82,87,91" m="9737" machi="54" ten="30,1100,0" yaku="8,1" doraHai="101" who="2" fromWho="2" sc="250,-5,250,-3,250,11,250,-3" /><INIT seed="1,0,0,1,5,128" ten="245,247,261,247" oya="1" hai0="100,126,52,7,58,0,20,29,67,131,19,99,77" hai1="111,73,69,107,76,95,10,98,25,122,116,112,18" hai2="130,80,55,97,27,96,105,135,86,87,11,42,40" hai3="38,9,4,85,124,16,62,78,123,51,118,5,64"/><U43/><E116/><V41/><F130/><W72/><G123/><T28/><D131/><U54/><E69/><V34/><F105/><W81/><G124/><T91/><D126/><U82/><E107/><V110/><F110/><W74/><G38/><T106/><D77/><U45/><E122/><V57/><F135/><W21/><G51/><T79/><D79/><U104/><E104/><V1/><F1/><W94/><G118/><T89/><D67/><U83/><E112/><V39/><F39/><W2/><G4/><T88/><D7/><U70/><E70/><V56/><F11/><W59/><REACH who="3" step="1"/><G94/><REACH who="3" ten="245,247,261,237" step="2"/><T103/><D0/><U93/><E95/><V113/><F113/><W36/><G36/><T50/><REACH who="0" step="1"/><D100/><REACH who="0" ten="235,247,261,237" step="2"/><U6/><E6/><V84/><F80/><W63/><G63/><T22/><D22/><U35/><E83/><V120/><F120/><W3/><G3/><T129/><D129/><U23/><E111/><V46/><F34/><W17/><G17/><T31/><D31/><U32/><E32/><V114/><F114/><W33/><G33/><T125/><D125/><U117/><E35/><V121/><F121/><W133/><G133/><T53/><D53/><U61/><E117/><V102/><F102/><W26/><AGARI ba="0,2" hai="2,5,9,16,21,26,59,62,64,72,74,78,81,85" machi="26" ten="20,5200,0" yaku="1,1,0,1,7,1,54,1,53,0" doraHai="128" doraHaiUra="8" who="3" fromWho="3" sc="235,-13,247,-26,261,-13,237,72" /><INIT seed="2,0,0,5,4,113" ten="222,221,248,309" oya="2" hai0="20,50,16,11,99,40,1,117,38,81,70,48,135" hai1="115,42,132,91,128,110,131,123,120,122,88,127,119" hai2="68,17,126,107,44,36,10,106,95,118,116,121,25" hai3="7,78,58,55,112,67,79,57,8,21,41,76,74"/><V100/><F95/><W45/><G112/><T59/><D70/><U86/><E115/><V101/><F121/><W18/><G67/><T6/><D135/><U105/><E42/><N who="2" m="22599" /><F17/><W134/><G134/><T24/><D117/><N who="2" m="45162" /><F25/><W82/><G57/><T60/><D99/><U69/><E69/><V51/><F51/><N who="3" m="31103" /><G18/><T23/><D23/><U5/><E5/><V66/><F101/><W80/><G21/><T62/><D38/><U85/><E132/><V83/><F100/><W124/><G124/><T26/><D26/><U29/><E127/><V77/><F10/><W108/><G108/><T92/><D92/><N who="1" m="54287" /><E29/><V32/><F32/><W111/><G111/><T114/><D114/><U94/><E119/><V109/><F109/><W12/><G74/><T87/><D40/><U89/><E110/><V27/><F27/><W73/><G73/><T49/><REACH who="0" step="1"/><D59/><REACH who="0" ten="212,221,248,309" step="2"/><U37/><E37/><V98/><F98/><W15/><G41/><T2/><D2/><U9/><E9/><V93/><F93/><W72/><G45/><T71/><D71/><U19/><E105/><V43/><F43/><W75/><G15/><T125/><D125/><U28/><E28/><V35/><F126/><W46/><G46/><T54/><D54/><U63/><E63/><N who="2" m="40031" /><F35/><W133/><G133/><T33/><D33/><U47/><E47/><V96/><F96/><W103/><G103/><T61/><D61/><U64/><E64/><V34/><F34/><W104/><G104/><T52/><D52/><U0/><E0/><V39/><F39/><W4/><G4/><T56/><D56/><U31/><E123/><RYUUKYOKU ba="0,1" sc="212,10,221,-30,248,10,309,10" hai0="1,6,11,16,20,24,48,49,50,60,62,81,87" hai2="77,83,106,107" hai3="7,8,12,72,75,76,78,79,80,82" /><INIT seed="2,1,1,0,4,82" ten="222,191,258,319" oya="2" hai0="91,95,113,81,56,8,89,105,72,55,30,133,43" hai1="100,85,73,1,52,130,61,48,69,76,25,93,75" hai2="12,47,19,9,66,97,98,77,123,119,129,32,7" hai3="54,28,118,63,64,103,128,124,70,131,17,21,102"/><V68/><F119/><W27/><G118/><T92/><D105/><U34/><E1/><V15/><F123/><W42/><G42/><T79/><D113/><U132/><E130/><N who="3" m="49706" /><G124/><T99/><D133/><U122/><E132/><V104/><F129/><W50/><G17/><T87/><D43/><U134/><E134/><V86/><F32/><W13/><G13/><T37/><D37/><U49/><E122/><V96/><F68/><W110/><G110/><T53/><D30/><U11/><E11/><N who="2" m="6655" /><F66/><W44/><AGARI ba="1,1" hai="21,27,28,44,50,54,63,64,70,102,103" m="49706" machi="44" ten="30,1100,0" yaku="19,1" doraHai="82" who="3" fromWho="3" sc="222,-4,191,-4,258,-6,319,24" /><INIT seed="3,0,0,0,1,59" ten="218,187,252,343" oya="3" hai0="105,68,72,95,35,36,6,37,53,15,104,90,85" hai1="118,31,62,123,130,61,44,52,16,4,96,3,100" hai2="21,56,50,133,29,20,38,57,63,77,87,127,108" hai3="109,30,117,22,81,135,129,89,99,101,7,18,112"/><W24/><G135/><T26/><D68/><U111/><E123/><V106/><F38/><W40/><G129/><T8/><D72/><U51/><E130/><V82/><F133/><W46/><G109/><T76/><D76/><U84/><E111/><V1/><F108/><W13/><G112/><T93/><D93/><U78/><E31/><V91/><F1/><W64/><G64/><T134/><D134/><U73/><E73/><V71/><F106/><W41/><G7/><T39/><REACH who="0" step="1"/><D53/><REACH who="0" ten="208,187,252,343" step="2"/><U66/><E118/><V79/><F71/><W48/><G117/><T97/><D97/><U33/><E33/><V74/><F79/><W113/><G113/><T27/><D27/><U122/><E122/><V23/><F77/><W17/><G81/><T65/><D65/><U121/><E121/><V131/><F82/><W9/><G89/><T103/><D103/><U94/><E66/><V88/><F91/><W67/><G67/><T86/><D86/><U69/><E69/><V125/><F88/><W55/><G99/><T116/><D116/><U0/><E0/><V102/><F87/><W124/><G101/><T47/><D47/><U107/><E107/><V10/><F102/><W126/><G55/><T34/><D34/><U45/><E45/><V119/><F74/><W114/><G46/><T19/><D19/><U75/><E75/><V54/><F54/><W5/><G114/><T70/><D70/><U42/><E52/><V28/><F119/><W128/><G18/><T12/><D12/><U110/><E110/><V120/><F131/><W32/><G128/><T43/><D43/><RYUUKYOKU ba="0,1" sc="208,30,187,-10,252,-10,343,-10" hai0="6,8,15,26,35,36,37,39,85,90,95,104,105" owari="238,-16.2,177,-32.3,242,4.2,343,44.3" /></mjloggm>