<mjloggm ver="2.3"><GO type="225" lobby="0"/><UN n0="%E5%B8%86%E7%AB%8B%E5%A4%8F%E8%A1%A3" n1="%E3%81%99%E3%81%84%E3%81%BE%E3%81%9B%E3%83%BC%E3%82%93" n2="%E6%A1%9C%E8%8A%B1%E9%96%83%E3%80%85" n3="%54%4F%52" dan="16,16,17,17" rate="2111.69,2137.62,2244.47,2234.85" sx="M,M,M,M"/><TAIKYOKU oya="0"/><INIT seed="0,0,0,5,2,10" ten="250,250,250,250" oya="0" hai0="58,52,78,68,33,30,48,63,115,133,89,85,61" hai1="20,88,41,13,27,42,24,64,51,55,97,47,32" hai2="31,110,75,105,14,54,104,129,98,101,5,11,8" hai3="38,16,121,59,56,106,71,25,127,6,39,18,113"/><T17/><D133/><U29/><E64/><V57/><F110/><W100/><G113/><T103/><D115/><U87/><E97/><V124/><F124/><W67/><G127/><T95/><D103/><U7/><E7/><V53/><F129/><W44/><G121/><T118/><D118/><U123/><E123/><V111/><F111/><W131/><G131/><T128/><D128/><U126/><E126/><V66/><F75/><W114/><G114/><T130/><D130/><U73/><E73/><V86/><F31/><W28/><G6/><T79/><D33/><U92/><REACH who="1" step="1"/><E13/><REACH who="1" ten="250,240,250,250" step="2"/><V60/><F104/><W72/><G72/><T108/><D108/><U112/><E112/><V91/><REACH who="2" step="1"/><F11/><REACH who="2" ten="250,240,240,250" step="2"/><W77/><G71/><T23/><D68/><U99/><E99/><V84/><F84/><W74/><G74/><T120/><D120/><U90/><E90/><V22/><F22/><W21/><G21/><T94/><D89/><U43/><E43/><V49/><F49/><W81/><G39/><T117/><D85/><U83/><E83/><AGARI ba="0,2" hai="5,8,14,53,54,57,60,66,83,86,91,98,101,105" machi="83" ten="30,3900,0" yaku="1,1,7,1,52,1,53,0" doraHai="10" doraHaiUra="46" who="2" fromWho="1" sc="250,0,240,-39,240,59,250,0" /><INIT seed="1,0,0,3,3,64" ten="250,201,299,250" oya="1" hai0="25,14,15,134,44,43,115,38,18,45,26,79,72" hai1="57,71,29,70,9,30,36,69,50,129,4,5,93" hai2="127,8,109,40,118,61,117,122,75,100,19,2,11" hai3="90,42,10,108,67,59,3,121,77,7,66,12,33"/><U49/><E36/><V88/><F75/><W125/><G121/><T73/><D134/><U126/><E126/><V113/><F100/><W99/><G125/><T53/><D115/><U111/><E129/><V76/><F76/><W31/><G108/><T94/><D15/><U116/><E116/><V46/><F127/><W21/><G77/><T84/><D53/><U114/><E114/><V17/><F113/><W120/><G120/><T85/><D45/><U106/><E106/><V13/><F109/><W55/><G42/><T62/><D62/><U48/><E111/><V37/><F122/><W104/><G33/><T89/><D73/><U124/><E124/><V131/><F131/><W60/><G3/><T6/><D6/><N who="1" m="2667" /><E9/><V105/><F105/><W47/><G47/><T74/><D72/><U51/><E93/><V63/><F2/><W130/><G130/><T103/><D74/><U102/><N who="1" m="12288" /><DORA hai="83" /><U22/><E22/><V107/><F107/><W32/><G32/><T135/><D135/><U0/><E0/><V96/><F117/><W24/><REACH who="3" step="1"/><G104/><REACH who="3" ten="250,201,299,240" step="2"/><T54/><D43/><U80/><E102/><V87/><F118/><W91/><G91/><T81/><D103/><U112/><E112/><V23/><F40/><W98/><G98/><T28/><D44/><U82/><E57/><V86/><F46/><W110/><G110/><T128/><D128/><U133/><E133/><V68/><F96/><W1/><G1/><T56/><D38/><U27/><E27/><V132/><F37/><W78/><G78/><T20/><D28/><AGARI ba="0,1" hai="28,29,30,69,70,71,80,82" m="12288,2667" machi="28" ten="50,12000,1" yaku="28,2,52,3" doraHai="64,83" who="1" fromWho="0" sc="250,-120,201,130,299,0,240,0" /><INIT seed="1,1,0,3,0,72" ten="130,331,299,240" oya="1" hai0="27,86,84,49,15,105,135,8,9,54,67,87,95" hai1="75,90,71,118,53,131,129,85,88,106,25,81,76" hai2="77,128,126,34,44,94,10,116,69,98,114,62,11" hai3="31,36,17,120,1,6,18,5,12,100,42,101,24"/><U3/><E71/><V29/><F116/><W133/><G120/><T13/><D135/><U65/><E65/><V80/><F126/><W14/><G42/><T109/><D109/><U64/><E64/><V37/><F128/><N who="1" m="49225" /><E3/><V78/><F69/><W97/><G36/><T32/><D105/><U33/><E118/><V74/><F62/><W7/><G133/><T20/><D32/><U96/><E53/><V63/><F63/><W119/><G119/><T57/><D67/><U93/><E106/><V47/><F114/><W115/><G115/><T40/><D40/><U59/><E59/><V19/><F44/><W112/><G112/><T38/><D38/><U91/><E75/><V122/><F74/><W73/><G73/><T79/><D95/><U107/><E107/><V28/><F94/><W30/><G97/><T66/><D66/><U45/><E45/><V111/><F98/><W82/><G82/><T124/><D124/><U61/><E61/><V43/><F80/><W89/><G89/><N who="1" m="34410" /><E25/><V35/><F47/><W130/><G130/><T99/><D99/><U55/><E55/><V134/><F134/><W70/><G70/><T50/><D50/><U60/><E60/><V123/><F43/><W41/><G41/><T117/><D117/><U22/><E33/><V58/><F37/><W16/><G1/><T51/><D51/><U127/><E127/><V110/><F58/><W113/><G113/><T2/><D2/><U121/><E121/><V103/><F103/><N who="3" m="39499" /><G24/><T39/><D39/><U23/><AGARI ba="1,0" hai="22,23,76,81,85,91,93,96" m="34410,49225" machi="23" ten="30,6000,0" yaku="19,1,52,1,54,1" doraHai="72" who="1" fromWho="1" sc="130,-21,331,63,299,-21,240,-21" /><INIT seed="1,2,0,0,3,128" ten="109,394,278,219" oya="1" hai0="1,106,114,73,24,95,37,87,41,85,11,108,86" hai1="122,28,70,14,90,39,117,93,120,134,54,23,62" hai2="111,20,56,104,9,113,103,40,8,67,15,115,96" hai3="5,16,74,10,91,98,135,123,105,71,46,60,42"/><U81/><E117/><V65/><F111/><W88/><G123/><T131/><D114/><N who="2" m="43530" /><F40/><W30/><G74/><T127/><D127/><U83/><E39/><V78/><F78/><W110/><G110/><T48/><D131/><U94/><E94/><V116/><F116/><W51/><G30/><T25/><D106/><U3/><E3/><V49/><F20/><W102/><G135/><T6/><D108/><U4/><E134/><V0/><F0/><W2/><REACH who="3" step="1"/><G16/><REACH who="3" ten="109,394,278,209" step="2"/><T125/><D125/><U97/><E28/><V101/><F9/><W19/><G19/><T57/><D73/><U75/><E75/><V133/><F133/><W33/><G33/><T47/><REACH who="0" step="1"/><D95/><REACH who="0" ten="99,394,278,209" step="2"/><U38/><E93/><V76/><F104/><W82/><G82/><T29/><D29/><U44/><E83/><V92/><F92/><W35/><G35/><T79/><D79/><U112/><E81/><V31/><F76/><W36/><G36/><T45/><D45/><U58/><E44/><V66/><F31/><W64/><AGARI ba="2,2" hai="2,5,10,42,46,51,60,64,71,88,91,98,102,105" machi="64" ten="30,4000,0" yaku="1,1,0,1,54,1,53,0" doraHai="128" doraHaiUra="52" who="3" fromWho="3" sc="99,-12,394,-22,278,-12,209,66" /><INIT seed="2,0,0,0,0,114" ten="87,372,266,275" oya="2" hai0="16,20,74,75,59,48,124,63,21,87,73,44,51" hai1="69,56,30,123,86,132,119,113,9,116,47,91,77" hai2="89,50,105,62,12,133,102,7,135,94,6,14,80" hai3="60,34,130,8,0,36,17,125,28,52,3,43,97"/><V72/><F62/><W81/><G125/><T82/><D124/><U70/><E113/><V95/><F105/><W42/><G130/><T29/><D29/><U1/><E77/><V38/><F38/><W33/><G81/><T115/><D115/><U71/><E132/><N who="2" m="50763" /><F50/><W99/><G8/><T4/><D4/><N who="2" m="1578" /><F102/><W22/><G22/><T98/><D21/><U25/><E47/><V19/><F19/><W46/><G17/><T126/><D98/><U88/><E56/><V84/><F95/><W24/><G60/><T78/><D126/><U66/><E66/><V118/><F118/><W104/><G36/><T15/><REACH who="0" step="1"/><D44/><REACH who="0" ten="77,372,266,275" step="2"/><U40/><E30/><V57/><F57/><W32/><G46/><T53/><AGARI ba="0,1" hai="15,16,20,48,51,53,59,63,73,74,75,78,82,87" machi="53" ten="30,7900,0" yaku="1,1,2,1,0,1,54,1,53,0" doraHai="114" doraHaiUra="31" who="0" fromWho="0" sc="77,89,372,-20,266,-39,275,-20" /><INIT seed="3,0,0,1,3,93" ten="166,352,227,255" oya="3" hai0="50,66,97,60,83,108,51,32,133,43,126,44,35" hai1="22,3,104,95,89,0,8,119,79,84,72,59,6" hai2="28,80,45,87,65,70,17,135,53,105,77,56,12" hai3="41,24,86,11,21,117,20,25,26,129,134,27,90"/><W1/><G117/><T4/><D108/><U19/><E119/><V92/><F105/><W132/><G41/><T34/><D126/><U64/><E104/><V88/><F135/><N who="3" m="51755" /><G90/><T127/><D127/><U110/><E110/><V100/><F100/><W78/><G86/><T55/><D133/><U114/><E114/><V91/><F70/><W61/><G61/><T33/><N who="0" m="8192" /><DORA hai="29" /><T75/><D4/><U124/><E0/><V123/><F123/><W71/><G78/><T98/><D83/><U38/><E79/><V94/><F28/><N who="3" m="17415" /><G71/><T23/><D23/><U58/><E22/><N who="2" m="11559" /><F65/><W116/><G116/><T73/><D73/><U85/><E84/><N who="2" m="48143" /><F45/><W36/><G36/><T68/><REACH who="0" step="1"/><D75/><REACH who="0" ten="156,352,227,255" step="2"/><U9/><E6/><V5/><F5/><N who="3" m="1455" /><G129/><T42/><D42/><U30/><E72/><V62/><F91/><W121/><G121/><T120/><D120/><U109/><E89/><V130/><F130/><W111/><G111/><T31/><D31/><AGARI ba="0,1" hai="21,25,26,27,31" m="1455,17415,51755" machi="31" ten="30,5800,0" yaku="20,1,34,2" doraHai="93,29" who="3" fromWho="0" sc="156,-58,352,0,227,0,255,68" /><INIT seed="3,1,0,1,5,103" ten="98,352,227,323" oya="3" hai0="42,3,87,102,53,112,58,125,64,95,97,1,14" hai1="6,71,82,52,73,35,108,56,63,65,93,75,100" hai2="40,69,77,17,67,62,47,54,78,99,113,20,33" hai3="34,57,114,128,131,50,115,129,133,39,22,70,11"/><W68/><G34/><T37/><D125/><U123/><E35/><V105/><F113/><N who="3" m="43019" /><G22/><T119/><D119/><U76/><E123/><V107/><F33/><W8/><G39/><T106/><D112/><U66/><E108/><V0/><F0/><W116/><G116/><T31/><D3/><U126/><E126/><V111/><F111/><W23/><G23/><T81/><D1/><U43/><E6/><V9/><F54/><N who="3" m="31959" /><G133/><T30/><D37/><U90/><E100/><V10/><F10/><AGARI ba="1,0" hai="8,10,11,68,70,128,129,131" m="31959,43019" machi="10" ten="40,2000,0" yaku="19,1" doraHai="103" who="3" fromWho="2" sc="98,0,352,0,227,-23,323,23" /><INIT seed="3,2,0,1,5,53" ten="98,352,204,346" oya="3" hai0="119,46,93,43,94,62,127,54,96,4,51,113,22" hai1="25,65,2,44,111,17,128,86,78,85,41,50,106" hai2="52,80,67,12,55,57,40,7,130,6,32,61,92" hai3="70,63,105,135,49,110,95,48,34,89,120,31,131"/><W115/><G115/><T19/><D127/><U81/><E2/><V97/><F32/><W103/><G120/><T59/><D119/><U133/><E106/><V68/><F130/><W30/><G131/><T29/><D113/><U14/><E128/><V16/><F40/><W5/><G135/><T132/><D132/><U122/><E122/><V123/><F80/><W28/><G110/><T58/><D4/><N who="2" m="1578" /><F68/><W126/><G126/><T9/><D9/><U87/><E111/><V74/><F74/><W71/><G34/><T26/><D29/><U116/><E116/><V1/><F1/><W3/><G103/><T102/><REACH who="0" step="1"/><D59/><REACH who="0" ten="88,352,204,346" step="2"/><U82/><E133/><V15/><F123/><W11/><G105/><T27/><D27/><U91/><E25/><V23/><F12/><W69/><REACH who="3" step="1"/><G63/><REACH who="3" ten="88,352,204,336" step="2"/><T56/><D56/><U45/><E45/><V13/><F13/><W84/><AGARI ba="2,2" hai="3,5,11,28,30,31,48,49,69,70,71,84,89,95" machi="84" ten="40,7800,0" yaku="1,1,2,1,0,1,53,0" doraHai="53" doraHaiUra="114" who="3" fromWho="3" sc="88,-28,352,-28,204,-28,336,104" owari="60,-44.0,324,12.4,176,-22.4,440,54.0" /></mjloggm>