<mjloggm ver="2.3"><GO type="225" lobby="0"/><UN n0="%E3%81%B7%E3%82%8A%E3%82%93%E8%81%96%E4%BA%BA" n1="%E7%9C%9F%E4%B8%80" n2="%E6%A0%B9%E5%85%83%E3%81%8B%E3%82%89%E5%90%B9%E3%81%A3%E9%A3%9B%E3%81%B6" n3="%E3%81%AF%E3%82%88%E3%81%8A%E3%81%98%E3%81%95%E3%82%93" dan="16,17,16,16" rate="2112.83,2249.89,2167.50,2131.56" sx="M,M,F,M"/><TAIKYOKU oya="0"/><INIT seed="0,0,0,3,4,37" ten="250,250,250,250" oya="0" hai0="108,113,128,29,47,43,28,134,93,32,1,5,73" hai1="0,44,31,105,56,18,15,39,24,42,75,61,23" hai2="33,117,82,63,2,53,6,62,55,115,36,111,122" hai3="112,64,119,72,88,99,16,90,17,20,91,41,96"/><T57/><D113/><U50/><E75/><V102/><F33/><W83/><G112/><T100/><D73/><U60/><E105/><V79/><F102/><W21/><G119/><T120/><D120/><U95/><E0/><V59/><F2/><W71/><G71/><T101/><D128/><U46/><E95/><V67/><F6/><W11/><G72/><T68/><D68/><U38/><E38/><V27/><F27/><N who="3" m="14727" /><G64/><T131/><D131/><U84/><E84/><N who="2" m="48223" /><F111/><W103/><G83/><T92/><D5/><U69/><E69/><V12/><F36/><W85/><G85/><T89/><D1/><U4/><E4/><V135/><F67/><W8/><G41/><T104/><D104/><U94/><E94/><V106/><F106/><W116/><G116/><T74/><D74/><U98/><E98/><N who="3" m="37418" /><G103/><N who="0" m="39499" /><D93/><U70/><E70/><V121/><F121/><W132/><G132/><T40/><D32/><U77/><E77/><V127/><F135/><W58/><G58/><T76/><D76/><U30/><E56/><N who="2" m="35087" /><F122/><W123/><G123/><T51/><D134/><U22/><REACH who="1" step="1"/><E31/><REACH who="1" ten="250,240,250,250" step="2"/><N who="0" m="11849" /><D57/><U52/><AGARI ba="0,1" hai="15,18,22,23,24,30,39,42,44,46,50,52,60,61" machi="52" ten="20,12000,2" yaku="1,1,0,1,7,1,52,1,54,1,53,1" doraHai="37" doraHaiUra="13" who="1" fromWho="1" sc="250,-60,240,130,250,-30,250,-30" /><INIT seed="1,0,0,4,3,17" ten="190,370,220,220" oya="1" hai0="95,47,111,26,49,42,44,57,77,68,125,51,22" hai1="86,62,114,21,46,90,115,18,16,27,67,41,60" hai2="93,5,89,81,33,35,64,15,55,88,4,124,48" hai3="3,85,34,135,104,76,40,2,127,99,123,14,112"/><U107/><E107/><V96/><F124/><W56/><G123/><T116/><D68/><U20/><E115/><V132/><F132/><W65/><G112/><T87/><D116/><U30/><E114/><V97/><F64/><W105/><G34/><T38/><D38/><U71/><E62/><V69/><F69/><W25/><G127/><T61/><D111/><U108/><E108/><V102/><F89/><W10/><G135/><T23/><D26/><U43/><E46/><V54/><F54/><W75/><G75/><T28/><D28/><U12/><E30/><V103/><F81/><AGARI ba="0,0" hai="12,16,18,20,21,27,41,43,60,67,71,81,86,90" machi="81" ten="30,11600,0" yaku="7,1,52,2,54,1" doraHai="17" who="1" fromWho="2" sc="190,0,370,116,220,-116,220,0" /><INIT seed="1,1,0,4,0,43" ten="190,486,104,220" oya="1" hai0="118,60,4,130,24,116,32,122,128,104,35,83,64" hai1="133,100,26,80,34,93,7,126,74,33,44,129,16" hai2="38,72,90,87,101,111,50,5,41,15,95,98,12" hai3="97,52,27,110,47,88,18,11,96,109,17,135,49"/><U119/><E119/><V103/><F111/><N who="3" m="42507" /><G135/><T106/><D4/><U57/><E133/><V29/><F72/><W127/><G127/><T45/><D83/><U65/><E129/><N who="0" m="49769" /><D122/><U113/><E113/><V54/><F29/><W71/><G71/><N who="0" m="42375" /><D45/><U75/><E7/><V14/><F5/><W23/><G88/><T8/><D8/><U3/><E126/><V79/><F38/><W108/><N who="3" m="42515" /><W94/><DORA hai="85" /><G94/><T76/><D76/><U55/><E93/><V114/><F41/><W117/><G117/><N who="0" m="45163" /><D24/><U2/><E26/><V9/><F114/><W134/><G134/><T91/><D91/><U51/><E75/><V67/><F67/><W84/><G84/><T123/><D123/><U81/><E65/><V10/><F79/><W92/><G92/><T6/><D6/><U61/><E74/><V63/><F101/><W99/><G11/><T19/><D19/><AGARI ba="1,0" hai="17,18,19,23,27,47,49,52,96,97,99" m="42515" machi="19" ten="50,6400,0" yaku="14,1,52,1,54,1" doraHai="43,85" who="3" fromWho="0" sc="190,-67,486,0,104,0,220,67" /><INIT seed="2,0,0,4,2,4" ten="123,486,104,287" oya="2" hai0="108,24,78,7,72,1,91,9,120,66,100,42,3" hai1="28,6,41,110,48,79,111,113,115,119,109,126,5" hai2="77,69,68,38,70,65,32,104,122,37,134,56,57" hai3="85,112,131,84,83,80,0,10,63,116,13,103,52"/><V55/><F104/><W87/><G116/><T82/><D120/><U94/><E119/><V29/><F32/><W14/><G0/><T35/><D108/><U118/><E118/><V90/><F77/><W123/><G123/><T16/><D100/><U75/><E126/><V39/><F29/><W130/><G112/><N who="1" m="43082" /><E28/><V45/><F122/><W129/><G103/><T60/><D91/><U132/><E132/><V59/><F134/><W74/><G74/><T124/><D124/><U53/><E41/><V34/><F90/><W22/><G22/><T92/><D92/><U46/><E94/><V93/><F93/><W58/><G14/><T30/><D42/><U33/><E33/><V17/><F17/><AGARI ba="0,0" hai="10,13,17,52,58,63,80,83,84,85,87,129,130,131" machi="17" ten="50,6400,0" yaku="19,1,52,1,54,1" doraHai="4" who="3" fromWho="2" sc="123,0,486,0,104,-64,287,64" /><INIT seed="3,0,0,5,0,27" ten="123,486,40,351" oya="3" hai0="95,113,50,19,33,11,21,100,32,124,94,65,104" hai1="58,10,59,76,99,41,39,4,55,44,70,106,69" hai2="71,22,47,2,67,5,38,74,90,112,111,45,48" hai3="117,125,119,115,1,118,101,122,110,8,116,92,68"/><W7/><N who="3" m="29696" /><DORA hai="13" /><W97/><G115/><T129/><D129/><U12/><E59/><V40/><F112/><W46/><G122/><T49/><D124/><U63/><E76/><V17/><F111/><W128/><G125/><T57/><D104/><U15/><E15/><V78/><F90/><W133/><G128/><T109/><D109/><U79/><E79/><V88/><F67/><W84/><G110/><T134/><D134/><U77/><E77/><V52/><F71/><W82/><G68/><T80/><D11/><U3/><E12/><V107/><F107/><W9/><G133/><T54/><D65/><U130/><E130/><V53/><F53/><W91/><G9/><T23/><D23/><U37/><E37/><V60/><F60/><W102/><REACH who="3" step="1"/><G46/><REACH who="3" ten="123,486,40,341" step="2"/><T87/><D113/><U132/><E132/><V120/><F120/><W51/><G51/><T103/><D50/><U26/><E70/><V72/><F78/><AGARI ba="0,1" hai="1,7,8,78,82,84,91,92,97,101,102" m="29696" machi="78" ten="70,3400,0" yaku="1,1,53,0" doraHai="27,13" doraHaiUra="105,20" who="3" fromWho="2" sc="123,0,486,0,40,-34,341,44" /><INIT seed="3,1,0,0,1,90" ten="123,486,6,385" oya="3" hai0="81,52,92,84,87,55,24,44,107,134,11,111,113" hai1="9,1,66,116,115,86,131,120,26,30,0,3,6" hai2="108,106,37,129,99,10,88,19,48,104,40,39,72" hai3="74,64,8,34,35,63,103,105,53,122,13,29,56"/><W41/><G122/><T71/><D71/><U23/><E120/><V70/><F108/><W14/><G74/><T128/><D107/><U46/><E115/><V49/><F72/><W50/><G41/><T101/><D111/><U43/><E131/><V60/><F129/><W38/><G38/><T47/><D24/><U133/><E133/><V135/><F135/><W91/><G29/><T15/><D134/><U127/><E127/><V28/><F28/><W110/><G110/><T18/><D113/><U42/><E42/><V100/><F40/><W121/><G121/><T67/><D67/><U82/><E66/><V83/><F70/><W69/><G14/><T68/><D68/><U2/><E116/><V117/><F60/><W79/><G79/><T57/><D55/><U80/><REACH who="1" step="1"/><E86/><REACH who="1" ten="123,476,6,385" step="2"/><N who="2" m="50271" /><F117/><W21/><G21/><T119/><D84/><U12/><E12/><N who="2" m="7575" /><F106/><W118/><G118/><T61/><D128/><U45/><E45/><V36/><F104/><W20/><G20/><T126/><D126/><U54/><E54/><V51/><F100/><W98/><REACH who="3" step="1"/><G91/><REACH who="3" ten="123,476,6,375" step="2"/><T25/><D119/><U85/><E85/><V27/><F99/><W96/><G96/><N who="0" m="59527" /><D25/><U65/><E65/><V77/><F27/><W4/><AGARI ba="1,2" hai="4,8,13,34,35,50,53,56,63,64,69,98,103,105" machi="4" ten="20,3900,0" yaku="1,1,0,1,7,1,53,0" doraHai="90" doraHaiUra="114" who="3" fromWho="3" sc="123,-14,476,-14,6,-14,375,62" owari="109,-29.1,462,56.2,-8,-50.8,437,23.7" /></mjloggm>