<mjloggm ver="2.3"><GO type="225" lobby="0"/><UN n0="%4B%2E%32%2E%4B%2E" n1="%E5%A4%9C%E3%81%AE%E3%82%AC%E3%82%B9%E3%83%91%E3%83%BC%E3%83%AB" n2="%48%61%61%61%6C%61%6E%64" n3="%E3%81%A9%E3%82%8F%E3%82%93%E3%81%94" dan="16,16,18,16" rate="2119.91,2127.64,2233.15,2087.24" sx="M,M,M,M"/><TAIKYOKU oya="0"/><INIT seed="0,0,0,4,5,24" ten="250,250,250,250" oya="0" hai0="26,62,122,97,30,84,123,116,125,2,120,107,106" hai1="131,121,23,44,27,1,114,89,99,98,77,50,57" hai2="16,12,64,126,67,40,37,25,101,135,130,7,35" hai3="0,95,100,61,111,105,56,96,133,115,73,104,63"/><T132/><D116/><U103/><E121/><V94/><F126/><W38/><G111/><T79/><D2/><U22/><E1/><V134/><F130/><W17/><G115/><T90/><D125/><U70/><E70/><V42/><F7/><W15/><G0/><T75/><D132/><N who="2" m="50730" /><F101/><W88/><G38/><T65/><D79/><U54/><E131/><V18/><F94/><W124/><G124/><T117/><D75/><U5/><E5/><V58/><F58/><W129/><G129/><T80/><D97/><U33/><E114/><V21/><F37/><W10/><G73/><T3/><D117/><U13/><E77/><V20/><F35/><W83/><G133/><T93/><D93/><U119/><E119/><V39/><F39/><W71/><G71/><T48/><D48/><U110/><E110/><V109/><F109/><W81/><G63/><T41/><D41/><AGARI ba="0,0" hai="12,16,18,20,21,25,40,41,42,64,67" m="50730" machi="41" ten="30,2000,0" yaku="20,1,54,1" doraHai="24" who="2" fromWho="0" sc="250,-20,250,0,250,20,250,0" /><INIT seed="1,0,0,5,1,90" ten="230,250,270,250" oya="1" hai0="31,10,79,57,115,76,85,44,34,111,71,116,35" hai1="135,50,99,0,95,80,131,52,32,121,122,93,49" hai2="72,77,78,67,125,1,12,54,82,17,29,33,102" hai3="23,113,129,43,130,45,64,109,104,133,103,110,8"/><U24/><E0/><V46/><F1/><W28/><G64/><T87/><D71/><U47/><E131/><N who="3" m="50186" /><G113/><T88/><D116/><U97/><E135/><V30/><F125/><W25/><G133/><T70/><D70/><U26/><E32/><V91/><F67/><W118/><G118/><T59/><D111/><N who="3" m="42505" /><G8/><T9/><D44/><N who="1" m="27687" /><E122/><V51/><F102/><W69/><G69/><T94/><D115/><U4/><E4/><V112/><F112/><W127/><G127/><T21/><D35/><U39/><E39/><V41/><F33/><W89/><G89/><N who="0" m="53551" /><D34/><U108/><E108/><V3/><F3/><W134/><G134/><T58/><D10/><U6/><E6/><V119/><F119/><W68/><G68/><T128/><D128/><U60/><E121/><V73/><F91/><W61/><G61/><T117/><D9/><U19/><E60/><V42/><F78/><W27/><G27/><N who="1" m="10282" /><E19/><V124/><F124/><W100/><G104/><T2/><D2/><U123/><E123/><V92/><F46/><W66/><G66/><T56/><D117/><U105/><E105/><V114/><F114/><W120/><G120/><T132/><D132/><U36/><E36/><AGARI ba="0,0" hai="23,25,28,36,43,45,100,103" m="42505,50186" machi="36" ten="30,2000,0" yaku="19,1,14,1" doraHai="90" who="3" fromWho="1" sc="230,0,250,-20,270,0,250,20" /><INIT seed="2,0,0,4,1,93" ten="230,230,270,270" oya="2" hai0="79,70,8,49,85,133,10,121,60,89,48,15,80" hai1="112,30,2,31,110,57,97,44,63,135,94,37,59" hai2="123,74,46,96,12,68,130,72,61,33,27,47,113" hai3="7,4,117,18,71,58,124,67,107,122,132,53,17"/><V87/><F123/><W25/><G122/><T50/><D133/><U43/><E112/><V104/><F113/><W69/><G117/><T34/><D121/><U103/><E2/><V81/><F12/><W102/><G132/><T42/><D34/><U28/><E135/><V100/><F130/><W52/><G107/><T16/><D70/><U73/><E73/><V86/><F86/><W109/><G102/><T116/><D116/><U20/><E110/><V114/><F114/><W3/><G3/><T35/><D35/><U26/><REACH who="1" step="1"/><E59/><REACH who="1" ten="230,220,270,270" step="2"/><V40/><F72/><W131/><G109/><T75/><D60/><U91/><E91/><N who="2" m="51695" /><F74/><W118/><G118/><T105/><D105/><U9/><E9/><V54/><F61/><W65/><G131/><T127/><D127/><U120/><E120/><V11/><F11/><W36/><G124/><T76/><D75/><U64/><AGARI ba="0,1" hai="20,26,28,30,31,37,43,44,57,63,64,94,97,103" machi="64" ten="20,12000,2" yaku="1,1,0,1,7,1,25,2,52,1,53,0" doraHai="93" doraHaiUra="108" who="1" fromWho="1" sc="230,-30,220,130,270,-60,270,-30" /><INIT seed="3,0,0,0,5,5" ten="200,350,210,240" oya="3" hai0="75,103,66,63,39,128,68,70,133,1,12,18,42" hai1="43,22,127,115,27,25,81,129,8,16,30,52,54" hai2="77,117,94,20,15,19,21,13,102,91,134,108,74" hai3="98,99,44,62,116,0,122,61,105,106,101,11,55"/><W33/><G122/><T92/><D1/><U36/><E115/><V109/><F117/><W23/><G33/><T112/><D75/><U17/><E127/><V50/><F102/><W26/><G116/><T6/><D6/><U88/><E129/><V69/><F69/><W10/><G0/><T4/><D4/><U65/><E65/><V118/><F118/><W96/><G106/><T9/><D128/><U73/><E43/><V100/><F100/><W57/><G101/><T7/><D112/><U45/><E36/><V114/><F134/><W28/><G105/><T90/><D133/><U53/><E73/><V86/><F114/><W80/><G44/><T72/><D72/><U71/><E71/><V24/><F50/><N who="3" m="30967" /><G80/><T59/><D103/><U135/><E45/><V38/><F38/><W130/><G130/><T67/><D67/><U132/><E135/><V35/><F35/><W78/><G78/><T87/><REACH who="0" step="1"/><D7/><REACH who="0" ten="190,350,210,240" step="2"/><U123/><E132/><V2/><F2/><W119/><G119/><T49/><D49/><U40/><E123/><V111/><F20/><W48/><G48/><T126/><D126/><U47/><E22/><V84/><F74/><W56/><G62/><T32/><D32/><U93/><E47/><AGARI ba="0,1" hai="9,12,18,39,42,47,59,63,66,68,70,87,90,92" machi="47" ten="40,2600,0" yaku="1,1,52,1,53,0" doraHai="5" doraHaiUra="110" who="0" fromWho="1" sc="190,36,350,-26,210,0,240,0" owari="226,-17.4,324,42.4,210,-29.0,240,4.0" /></mjloggm>