<mjloggm ver="2.3"><GO type="225" lobby="0"/><UN n0="%E6%A1%9C%E8%8A%B1%E9%96%83%E3%80%85" n1="%E9%89%A2%E5%B7%BB%E3%82%AC%E3%83%96" n2="%E7%B4%94%E6%BD%94%E3%83%94%E3%83%A9%E3%83%8B%E3%82%A2" n3="%E3%82%A2%E3%83%BC%E3%83%A2%E3%83%AD%E3%83%BC%E3%83%B4%E3%82%A1" dan="18,16,16,16" rate="2230.41,2126.55,2160.07,2164.18" sx="M,M,M,M"/><TAIKYOKU oya="0"/><INIT seed="0,0,0,0,3,81" ten="250,250,250,250" oya="0" hai0="133,101,124,14,113,92,108,94,37,96,85,110,43" hai1="11,91,132,130,28,29,79,47,0,8,97,30,7" hai2="13,89,21,22,65,57,120,63,68,55,123,83,115" hai3="9,18,135,93,128,114,78,42,88,53,4,104,35"/><T32/><D32/><U50/><E130/><V45/><F45/><W109/><G114/><T27/><D113/><U39/><E132/><V70/><F70/><W131/><G104/><T106/><D133/><U125/><E125/><V19/><F21/><W71/><G135/><T26/><D124/><U12/><E79/><V121/><F115/><W99/><G109/><N who="0" m="42091" /><D14/><U46/><E39/><V3/><F3/><W118/><G118/><T116/><D116/><U52/><E97/><V95/><F83/><W66/><G35/><T20/><D27/><U127/><E127/><V48/><REACH who="2" step="1"/><F121/><REACH who="2" ten="250,250,240,250" step="2"/><W34/><G34/><T59/><D59/><U69/><E69/><V31/><F31/><W15/><G71/><T119/><D119/><U64/><E47/><V74/><F74/><W23/><G128/><T41/><D37/><U36/><E36/><V10/><F10/><W111/><G131/><T40/><D85/><AGARI ba="0,1" hai="13,19,22,48,55,57,63,65,68,85,89,95,120,123" machi="85" ten="30,12000,2" yaku="1,1,7,1,25,2,52,1,53,1" doraHai="81" doraHaiUra="16" who="2" fromWho="0" sc="250,-120,250,0,240,130,250,0" /><INIT seed="1,0,0,5,3,110" ten="130,250,370,250" oya="1" hai0="51,133,93,43,122,20,11,34,54,0,8,97,90" hai1="26,36,98,40,10,129,37,102,70,128,65,123,48" hai2="55,32,62,45,120,100,12,67,24,126,86,57,96" hai3="80,1,91,35,50,73,39,59,114,64,4,61,88"/><U28/><E123/><V135/><F120/><W74/><G39/><T58/><D122/><U19/><E48/><V125/><F135/><W87/><G35/><T115/><D133/><U49/><E49/><N who="2" m="29103" /><F86/><W79/><G114/><T23/><D34/><U132/><E132/><V77/><F77/><W31/><G31/><T33/><D33/><N who="1" m="20631" /><E19/><V118/><F24/><W108/><G108/><T71/><D71/><U105/><E10/><V29/><F29/><W66/><G66/><T106/><D106/><U82/><E82/><V21/><F21/><W7/><G50/><T63/><D115/><U85/><E85/><V131/><F12/><W99/><G79/><T130/><D130/><N who="1" m="50283" /><E40/><V81/><F81/><W46/><G46/><N who="0" m="26079" /><D0/><U83/><E83/><V38/><F38/><W27/><G27/><T16/><D23/><U119/><E119/><V47/><F47/><W112/><G112/><T92/><D92/><U84/><E84/><V111/><F32/><W127/><G1/><T117/><D117/><U113/><E113/><V42/><F42/><W2/><G2/><T44/><D44/><U109/><E109/><V15/><F111/><W134/><G134/><T9/><D20/><U22/><E22/><V103/><F118/><W94/><REACH who="3" step="1"/><G127/><REACH who="3" ten="130,250,370,240" step="2"/><N who="2" m="48649" /><F131/><W107/><G107/><T60/><D60/><AGARI ba="0,1" hai="36,37,60,65,70,98,102,105" m="50283,20631" machi="60" ten="30,5800,0" yaku="25,1,19,1,23,1" doraHai="110" who="1" fromWho="0" sc="130,-58,250,68,370,0,240,0" /><INIT seed="1,1,0,4,0,105" ten="72,318,370,240" oya="1" hai0="91,19,12,14,88,60,3,15,82,4,51,36,61" hai1="52,116,109,119,74,38,56,49,127,28,102,34,129" hai2="17,100,30,8,42,93,86,39,66,22,80,104,135" hai3="75,117,43,131,9,29,65,101,97,98,37,125,54"/><U10/><E127/><V72/><F66/><W67/><G125/><T107/><D36/><U0/><E129/><V45/><F135/><W40/><G131/><T124/><D124/><U132/><E132/><V128/><F128/><W23/><G75/><T99/><D3/><U89/><E109/><V55/><F8/><W27/><G117/><T21/><D107/><U118/><E38/><V123/><F30/><W53/><G9/><T121/><D121/><U59/><E102/><V130/><F130/><W24/><G101/><T96/><D51/><U1/><E74/><V32/><F32/><W70/><G37/><T63/><D4/><U58/><E89/><V83/><F72/><W13/><G13/><T94/><REACH who="0" step="1"/><D82/><REACH who="0" ten="62,318,370,240" step="2"/><U6/><REACH who="1" step="1"/><E0/><REACH who="1" ten="62,308,370,240" step="2"/><V35/><F39/><W48/><G48/><T106/><D106/><U11/><E11/><V133/><F104/><W76/><G76/><T126/><D126/><U103/><E103/><V64/><F100/><W111/><G111/><T87/><D87/><U115/><E115/><V41/><F86/><W25/><G97/><T44/><D44/><U90/><E90/><V57/><F45/><W84/><G98/><T33/><D33/><U2/><E2/><V62/><F35/><W46/><G84/><T95/><AGARI ba="1,2" hai="12,14,15,19,21,60,61,63,88,91,94,95,96,99" machi="95" ten="30,8000,1" yaku="1,1,0,1,9,1,8,1,54,1,53,0" doraHai="105" doraHaiUra="78" who="0" fromWho="0" sc="62,103,308,-41,370,-21,240,-21" /><INIT seed="2,0,0,2,3,78" ten="165,267,349,219" oya="2" hai0="130,51,134,31,117,20,68,115,84,65,111,24,47" hai1="55,86,75,97,45,0,114,43,90,46,135,118,87" hai2="100,119,61,16,63,14,1,99,110,23,122,62,128" hai3="53,116,41,58,27,88,17,125,91,80,96,36,120"/><V95/><F1/><W54/><G116/><T2/><D115/><U83/><E75/><V104/><F119/><W94/><G120/><T32/><D117/><U82/><E0/><V93/><F122/><W33/><G125/><T21/><D111/><U40/><E97/><V131/><REACH who="2" step="1"/><F110/><REACH who="2" ten="165,267,339,219" step="2"/><W77/><G33/><T102/><D2/><U38/><E118/><V76/><F76/><W26/><G77/><T79/><D79/><U34/><E114/><V107/><F107/><W108/><G108/><T85/><D32/><U132/><E34/><V35/><F35/><W29/><G91/><T25/><D134/><U98/><E90/><V44/><F44/><W129/><G88/><T66/><D47/><U81/><E45/><V112/><F112/><W123/><G123/><T69/><D130/><AGARI ba="0,1" hai="14,16,23,61,62,63,93,95,99,100,104,128,130,131" machi="130" ten="40,7700,0" yaku="1,1,19,1,54,1,53,0" doraHai="78" doraHaiUra="50" who="2" fromWho="0" sc="165,-77,267,0,339,87,219,0" /><INIT seed="2,1,0,5,2,132" ten="88,267,426,219" oya="2" hai0="107,109,4,127,72,55,74,103,1,99,53,71,0" hai1="116,75,117,40,98,91,15,11,67,35,126,133,93" hai2="49,2,97,104,7,32,26,28,17,77,69,51,33" hai3="31,27,134,92,124,5,85,45,48,79,108,70,105"/><V115/><F115/><W110/><G105/><T64/><D109/><U37/><E133/><V106/><F77/><W88/><G134/><T78/><D78/><U129/><E129/><V118/><F118/><W25/><G70/><T81/><D81/><U96/><E75/><N who="0" m="28713" /><D53/><U8/><E35/><V112/><F112/><W44/><G79/><T128/><D55/><U86/><E67/><V94/><F69/><W56/><G56/><T10/><D128/><U3/><E3/><V21/><F32/><W135/><G135/><T102/><D102/><U100/><E98/><V39/><F39/><W125/><G5/><T59/><D59/><U24/><E24/><N who="3" m="9290" /><G31/><T14/><D14/><U30/><E30/><V20/><F20/><W89/><G89/><T120/><D120/><U46/><E8/><N who="2" m="2167" /><F106/><W83/><G83/><T47/><D47/><N who="3" m="17993" /><G48/><T84/><D0/><U54/><E54/><V82/><F82/><W43/><G43/><T65/><D65/><U90/><E116/><V57/><F104/><W16/><G16/><T38/><D38/><U22/><E117/><V73/><F73/><W19/><G19/><T121/><D121/><U61/><E37/><V122/><F57/><W12/><G12/><T36/><D36/><U58/><E15/><N who="2" m="9407" /><F122/><W68/><G68/><T9/><D9/><U63/><E11/><V95/><F95/><W34/><G34/><T6/><D6/><U130/><E93/><V113/><F113/><W29/><G29/><T52/><D64/><U66/><E66/><V41/><F41/><W87/><G87/><T114/><D71/><U62/><E40/><RYUUKYOKU ba="1,0" sc="88,-15,267,-15,426,15,219,15" hai2="26,28,33,49,51,94,97" hai3="85,88,92,108,110,124,125" /><INIT seed="2,2,0,0,4,71" ten="73,252,441,234" oya="2" hai0="47,55,31,129,59,84,133,78,18,104,1,65,107" hai1="69,115,95,38,101,80,30,72,52,87,42,103,111" hai2="68,3,106,28,63,99,29,112,74,46,25,67,7" hai3="50,8,90,33,125,35,117,89,119,134,32,126,13"/><V9/><F28/><W73/><G73/><T91/><D1/><U15/><E111/><V5/><F5/><W100/><G100/><T61/><D129/><U26/><E115/><V128/><F46/><W24/><G24/><T16/><D133/><U21/><E69/><V76/><F112/><W66/><G66/><T77/><D31/><U39/><E42/><V41/><F41/><W17/><G50/><T118/><D118/><U43/><E43/><V114/><F114/><W60/><G60/><T131/><D131/><U82/><E15/><V58/><F58/><W102/><G102/><T116/><D116/><U51/><E101/><N who="2" m="62783" /><F128/><W123/><G123/><T6/><D6/><U23/><E23/><V12/><F76/><W64/><G64/><T93/><D107/><U19/><E52/><V44/><F44/><W120/><G119/><T79/><REACH who="0" step="1"/><D104/><REACH who="0" ten="63,252,441,234" step="2"/><U124/><E30/><V56/><F3/><W113/><G117/><T53/><D53/><U10/><E19/><V88/><F7/><W85/><G113/><T48/><AGARI ba="2,1" hai="16,18,47,48,55,59,61,65,77,78,79,84,91,93" machi="48" ten="30,7900,0" yaku="1,1,0,1,8,1,54,1,53,0" doraHai="71" doraHaiUra="11" who="0" fromWho="0" sc="63,95,252,-22,441,-41,234,-22" /><INIT seed="3,0,0,1,1,60" ten="158,230,400,212" oya="3" hai0="43,111,89,95,63,102,66,105,39,92,21,129,79" hai1="84,134,10,0,53,34,47,49,28,16,82,73,9" hai2="125,108,64,121,70,58,35,31,17,50,77,93,113" hai3="130,103,87,123,19,59,119,36,80,131,90,68,52"/><W57/><G119/><T88/><D111/><U1/><E73/><V7/><F108/><W37/><G123/><T104/><D79/><U61/><E134/><V128/><F64/><W62/><G68/><T27/><D102/><U91/><E61/><V94/><F31/><W55/><G103/><T122/><D122/><U132/><E132/><V8/><F7/><W112/><G112/><T54/><D129/><N who="3" m="49161" /><G19/><T126/><D126/><U124/><E9/><V86/><F17/><W117/><G117/><T118/><D118/><U98/><E98/><V6/><F70/><W18/><G18/><N who="0" m="12727" /><D39/><N who="3" m="14921" /><G59/><N who="0" m="35319" /><D43/><U81/><E81/><V135/><F58/><W72/><G72/><T101/><D105/><U76/><E76/><V115/><F128/><W78/><G78/><T33/><D104/><U23/><E34/><V3/><F135/><W11/><G11/><T48/><D101/><U32/><E124/><V133/><F125/><W83/><G80/><T40/><D33/><U116/><E116/><V15/><F133/><W65/><AGARI ba="0,0" hai="52,55,57,62,65,83,87,90" m="14921,49161" machi="65" ten="30,6000,0" yaku="19,1,52,1,54,1" doraHai="60" who="3" fromWho="3" sc="158,-20,230,-20,400,-20,212,60" /><INIT seed="3,1,0,0,4,1" ten="138,210,380,272" oya="3" hai0="50,81,124,87,113,56,130,55,33,22,121,39,117" hai1="18,118,92,126,34,6,67,37,135,32,94,103,119" hai2="101,71,23,42,53,13,93,29,86,82,59,14,27" hai3="16,54,17,110,116,5,73,58,83,89,61,97,21"/><W47/><G116/><N who="1" m="44586" /><E37/><V38/><F71/><W125/><G125/><T19/><D117/><U128/><E126/><V51/><F38/><W107/><G110/><T127/><D121/><U75/><E75/><V105/><F105/><W95/><G107/><T80/><D33/><U63/><E128/><V112/><F42/><W88/><G47/><T84/><D130/><U123/><E123/><V11/><F11/><W40/><G40/><T85/><D113/><U49/><E135/><V72/><F72/><W28/><G5/><T99/><D39/><U36/><E36/><V24/><F24/><N who="3" m="16399" /><G73/><T133/><D133/><U43/><E18/><N who="3" m="7274" /><G83/><T20/><D127/><U120/><E6/><V77/><F112/><W108/><G108/><T91/><D124/><U57/><E120/><V2/><F2/><W132/><G132/><T74/><D74/><U70/><E92/><V115/><F115/><W129/><G129/><T45/><D45/><N who="1" m="25791" /><E70/><V26/><F26/><W62/><G61/><T7/><D7/><U134/><E134/><V102/><F93/><W109/><G109/><T98/><D22/><U31/><E31/><V96/><F82/><W48/><G62/><T65/><D20/><U66/><E66/><V3/><F29/><W78/><G78/><N who="0" m="46103" /><D65/><U79/><E79/><V69/><F77/><W10/><G10/><T0/><D0/><U52/><E67/><V35/><F35/><W122/><G122/><T104/><D19/><U30/><E30/><N who="2" m="17791" /><F3/><W25/><G25/><T131/><D131/><U100/><E94/><N who="2" m="58519" /><F69/><W64/><G64/><T12/><D104/><U46/><E46/><RYUUKYOKU ba="1,0" sc="138,-15,210,15,380,-15,272,15" hai1="32,34,52,57,63,100,103" hai3="48,54,58,88,89,95,97" /><INIT seed="3,2,0,2,5,28" ten="123,225,365,287" oya="3" hai0="44,111,49,75,57,7,48,97,38,132,118,10,46" hai1="107,78,50,110,29,119,103,92,115,27,130,43,86" hai2="22,98,32,39,80,96,127,106,33,83,16,82,35" hai3="26,66,40,31,1,59,91,123,90,17,126,2,85"/><W67/><G123/><T69/><D75/><U134/><E115/><V41/><F106/><W9/><G126/><T100/><D118/><U79/><E110/><V23/><F127/><W109/><G40/><T19/><D69/><U54/><E134/><V125/><F125/><W5/><G109/><T102/><D111/><U81/><E130/><V70/><F70/><W6/><G17/><T3/><D132/><U84/><E107/><V58/><F58/><W104/><G104/><T71/><D71/><U120/><E43/><V76/><F76/><W4/><G59/><T45/><D38/><U74/><E120/><V62/><F62/><W93/><G91/><T131/><D131/><U42/><E42/><V72/><F72/><W99/><G85/><T11/><D3/><U88/><E103/><V0/><F0/><W61/><G61/><T25/><D7/><U122/><E119/><V56/><F56/><W112/><G112/><T129/><D129/><U18/><E18/><V94/><F16/><W105/><G105/><T30/><D57/><U121/><E74/><V12/><F12/><W87/><G87/><T89/><D89/><U64/><E64/><V95/><F39/><W13/><G13/><N who="0" m="7607" /><D11/><U128/><E128/><V53/><F41/><W20/><G6/><T68/><D68/><U113/><E79/><V133/><F133/><W51/><G51/><N who="0" m="19531" /><D97/><N who="2" m="37482" /><F53/><W108/><G108/><T47/><N who="0" m="11264" /><DORA hai="14" /><T77/><D77/><U8/><E113/><V15/><F15/><W36/><G36/><T73/><D73/><U65/><E121/><V60/><F60/><W117/><G117/><RYUUKYOKU ba="2,0" sc="123,10,225,-30,365,10,287,10" hai0="25,30,100,102" hai2="22,23,32,33,35,80,82,83,94,95" hai3="1,2,4,5,9,20,26,31,66,67,90,93,99" /><INIT seed="3,3,0,5,0,16" ten="133,195,375,297" oya="3" hai0="32,130,23,51,6,66,85,49,73,99,105,64,61" hai1="126,41,38,103,122,60,62,86,43,116,52,84,98" hai2="50,82,26,42,120,77,17,37,33,109,8,135,80" hai3="123,24,57,45,18,107,125,25,113,65,72,71,3"/><W7/><G123/><T121/><D121/><U128/><E122/><V94/><F120/><RYUUKYOKU type="kaze4" ba="3,0" sc="133,0,195,0,375,0,297,0" /><INIT seed="3,4,0,3,4,59" ten="133,195,375,297" oya="3" hai0="120,107,53,134,29,98,25,113,32,95,71,102,17" hai1="75,86,133,123,117,21,36,121,27,61,43,132,72" hai2="9,62,48,34,112,10,49,20,81,11,67,52,7" hai3="114,56,42,94,31,83,106,103,85,4,65,124,74"/><W39/><G114/><T22/><D134/><N who="1" m="51819" /><E117/><V33/><F7/><W51/><G124/><T19/><D120/><N who="1" m="46155" /><E61/><V5/><F5/><W47/><G31/><T37/><D113/><U91/><E43/><V88/><F49/><W87/><G106/><T64/><D37/><U125/><E36/><V2/><F2/><W38/><G74/><T15/><D53/><U73/><E125/><V24/><F112/><W93/><G4/><T30/><D95/><N who="3" m="36361" /><G38/><T78/><D78/><U89/><E86/><N who="3" m="32778" /><G39/><T105/><D105/><U44/><E44/><N who="2" m="27655" /><F33/><W96/><G83/><T50/><D50/><U18/><AGARI ba="4,0" hai="18,21,27,72,73,75,89,91" m="46155,51819" machi="18" ten="40,1500,0" yaku="20,1" doraHai="59" who="1" fromWho="1" sc="133,-8,195,27,375,-8,297,-11" owari="125,-37.5,222,-17.8,367,46.7,286,8.6" /></mjloggm>