<mjloggm ver="2.3"><GO type="225" lobby="0"/><UN n0="%72%69%6F%75%63%68%61%6E" n1="%E5%91%89%E5%AF%8C%E6%98%A5" n2="%E3%81%8B%E3%82%8F%E3%81%A1%E3%82%83%E3%82%93%35%38" n3="%E8%B6%85%E7%B4%9A%E9%B3%B3%E5%87%B0" dan="16,16,16,17" rate="2167.10,2166.98,2144.33,2214.15" sx="M,M,M,M"/><TAIKYOKU oya="0"/><INIT seed="0,0,0,5,2,96" ten="250,250,250,250" oya="0" hai0="43,126,18,55,99,17,4,60,72,52,64,27,54" hai1="81,46,83,22,26,7,9,76,62,37,77,29,84" hai2="87,50,130,48,91,45,129,1,70,86,5,67,118" hai3="56,114,98,25,117,24,110,34,122,19,115,31,10"/><T66/><D72/><U63/><E46/><V12/><F1/><W82/><G117/><T11/><D126/><U41/><E41/><V78/><F118/><W39/><G39/><T92/><D43/><U97/><E97/><V21/><F78/><W51/><G110/><T133/><D133/><U73/><REACH who="1" step="1"/><E37/><REACH who="1" ten="250,240,250,250" step="2"/><V13/><F45/><W8/><G98/><T95/><D99/><U20/><E20/><V112/><F21/><W108/><G108/><T121/><D121/><U3/><AGARI ba="0,1" hai="3,7,9,22,26,29,62,63,73,76,77,81,83,84" machi="3" ten="20,2700,0" yaku="1,1,0,1,7,1,53,0" doraHai="96" doraHaiUra="103" who="1" fromWho="1" sc="250,-13,240,37,250,-7,250,-7" /><INIT seed="1,0,0,2,3,27" ten="237,277,243,243" oya="1" hai0="115,43,68,5,21,76,78,20,52,25,81,53,105" hai1="72,54,126,4,46,77,124,39,18,79,96,87,122" hai2="47,19,90,113,8,88,106,99,11,129,114,121,33" hai3="17,32,40,38,44,55,34,100,57,7,64,12,48"/><U123/><E72/><V111/><F121/><W30/><G100/><T118/><D115/><N who="2" m="44042" /><F111/><W117/><G117/><T13/><D118/><U127/><E4/><V49/><F129/><W58/><G7/><T63/><D105/><U125/><N who="1" m="31744" /><DORA hai="98" /><U45/><E96/><V82/><F33/><W101/><G101/><T50/><D43/><N who="1" m="22783" /><E18/><V132/><F19/><W84/><G84/><T0/><D0/><U6/><E6/><V61/><F99/><W1/><G1/><T2/><D2/><U134/><E134/><V107/><F132/><W102/><G102/><T3/><D3/><U29/><E29/><V67/><F106/><W109/><G109/><T83/><D5/><U128/><E128/><V69/><F107/><W110/><G110/><T94/><D13/><U51/><E87/><N who="2" m="50295" /><F90/><W24/><G32/><T104/><D104/><U75/><E79/><V36/><F36/><W103/><G103/><T42/><D78/><U74/><E77/><V86/><F86/><W112/><G112/><T15/><D76/><U93/><E74/><V85/><F85/><W16/><REACH who="3" step="1"/><G12/><REACH who="3" ten="237,277,243,233" step="2"/><T89/><D15/><U66/><E75/><V120/><F120/><N who="1" m="46121" /><E93/><V91/><F91/><W119/><G119/><T23/><D94/><U108/><E108/><V10/><F10/><W133/><G133/><T71/><D89/><U31/><E31/><V59/><F8/><W60/><AGARI ba="0,1" hai="16,17,24,30,34,38,40,44,48,55,57,58,60,64" machi="60" ten="30,7900,0" yaku="1,1,0,1,52,1,54,1,53,0" doraHai="27,98" doraHaiUra="73,80" who="3" fromWho="3" sc="237,-20,277,-39,243,-20,233,89" /><INIT seed="2,0,0,5,5,4" ten="217,238,223,322" oya="2" hai0="9,23,45,28,42,55,130,44,49,13,70,46,105" hai1="116,3,10,2,73,123,71,90,107,8,114,81,21" hai2="19,34,132,40,115,79,0,60,124,1,22,94,51" hai3="108,48,84,100,99,43,103,76,39,63,56,86,33"/><V129/><F115/><W102/><G33/><T121/><D121/><U109/><E71/><V17/><F34/><W98/><G108/><T119/><D105/><U77/><E114/><V118/><F118/><W87/><G39/><T27/><D70/><U68/><E116/><V111/><F79/><W12/><G12/><T15/><D119/><U120/><E68/><V117/><F117/><W112/><G76/><T53/><D130/><U25/><E107/><V57/><F94/><W74/><G74/><T125/><D125/><U133/><E109/><V96/><F96/><N who="3" m="36907" /><G112/><T54/><REACH who="0" step="1"/><D15/><REACH who="0" ten="207,238,223,322" step="2"/><U122/><E133/><V52/><F111/><W131/><G131/><T37/><D37/><U92/><E3/><V127/><F129/><W5/><G103/><T11/><D11/><U113/><E2/><V47/><F132/><W58/><G102/><T66/><D66/><U41/><E113/><V16/><REACH who="2" step="1"/><F22/><REACH who="2" ten="207,238,213,322" step="2"/><W59/><G100/><T65/><D65/><U61/><E122/><V36/><F36/><W64/><G64/><T69/><D69/><U26/><E120/><V104/><F104/><W38/><G38/><T128/><D128/><U75/><E123/><V14/><F14/><W62/><G63/><T106/><D106/><U95/><E61/><V18/><N who="2" m="4096" /><DORA hai="126" /><V7/><F7/><AGARI ba="0,2" hai="7,9,13,23,27,28,42,44,45,46,49,53,54,55" machi="7" ten="40,5200,0" yaku="1,1,8,1,52,1,53,0" doraHai="4,126" doraHaiUra="89,134" who="0" fromWho="2" sc="207,72,238,0,213,-52,322,0" /><INIT seed="3,0,0,1,1,103" ten="279,238,161,322" oya="3" hai0="90,56,107,37,73,14,113,81,41,15,13,26,74" hai1="76,27,3,110,125,5,31,130,119,1,75,98,67" hai2="48,78,58,100,128,51,106,96,10,30,132,127,28" hai3="45,118,70,60,105,21,95,77,63,124,29,38,4"/><W17/><G118/><T126/><D126/><U6/><E98/><V9/><F128/><W55/><G124/><T104/><D113/><U23/><E76/><V129/><F127/><W115/><G115/><T8/><D8/><U85/><E85/><V68/><F68/><W7/><G105/><T93/><D26/><U59/><E59/><V46/><F132/><W72/><G29/><T33/><D33/><U69/><E67/><V40/><F129/><W91/><G77/><T111/><D81/><U92/><E92/><V12/><F78/><W108/><G72/><T71/><D71/><U24/><E75/><V117/><F117/><W86/><G108/><T49/><D73/><U102/><E102/><V112/><F112/><W109/><G109/><T19/><D19/><N who="1" m="12415" /><E69/><V52/><REACH who="2" step="1"/><F9/><REACH who="2" ten="279,238,151,322" step="2"/><W97/><G70/><T0/><D111/><U82/><E82/><V116/><F116/><W11/><G11/><T114/><D114/><U61/><E61/><V133/><F133/><W64/><G63/><T36/><D74/><U32/><E110/><V99/><F99/><W16/><G60/><T22/><D36/><U39/><E39/><V121/><F121/><W66/><G38/><T84/><D37/><U94/><E119/><V83/><F83/><W35/><G97/><T89/><D84/><U80/><E80/><V101/><F101/><W20/><G86/><T87/><D87/><U57/><E125/><V122/><F122/><W120/><G120/><T134/><D134/><U47/><E130/><V62/><F62/><W44/><G66/><T50/><D89/><U88/><E94/><RYUUKYOKU ba="0,1" sc="279,-10,238,-10,151,30,322,-10" hai2="10,12,28,30,40,46,48,51,52,58,96,100,106" owari="269,6.9,228,-17.2,181,-31.9,322,42.2" /></mjloggm>