<mjloggm ver="2.3"><GO type="225" lobby="0"/><UN n0="%74%61%6B%75%61%6B%61" n1="%33%74%72%65%65" n2="%E3%83%B4%E3%83%A0%EF%BC%99%E3%81%A6" n3="%E3%81%AF%E3%82%88%E3%81%8A%E3%81%98%E3%81%95%E3%82%93" dan="17,17,16,16" rate="2223.62,2255.85,2159.03,2083.21" sx="M,F,M,M"/><TAIKYOKU oya="0"/><INIT seed="0,0,0,1,2,110" ten="250,250,250,250" oya="0" hai0="61,118,12,78,112,21,116,31,93,24,84,91,28" hai1="132,77,104,5,53,86,98,0,133,75,6,40,32" hai2="131,79,37,120,63,129,59,3,96,134,105,125,27" hai3="4,92,94,124,45,126,87,122,89,36,71,9,100"/><T72/><D31/><U56/><E75/><V135/><F37/><W127/><G71/><T46/><D112/><U16/><E40/><V58/><F3/><W7/><G122/><T30/><D30/><U60/><E32/><V113/><F120/><W18/><G36/><T65/><D46/><U85/><E0/><V83/><F27/><W62/><G62/><T13/><D72/><U101/><E16/><V95/><F105/><W22/><G45/><T67/><D78/><U44/><E44/><V54/><F58/><W64/><G64/><T97/><D65/><U103/><E103/><N who="2" m="60831" /><F125/><W128/><G128/><N who="2" m="49225" /><F113/><W74/><G74/><AGARI ba="0,0" hai="54,59,63,74,79,83,134,135" m="49225,60831" machi="74" ten="30,1000,0" yaku="19,1" doraHai="110" who="2" fromWho="3" sc="250,0,250,0,250,10,250,-10" /><INIT seed="1,0,0,4,3,26" ten="250,250,260,240" oya="1" hai0="69,14,29,62,32,85,52,72,79,96,49,1,4" hai1="110,120,90,124,11,33,73,3,106,21,9,80,15" hai2="97,105,129,17,83,109,38,101,125,126,42,23,0" hai3="95,44,34,82,51,100,87,65,74,6,35,36,94"/><U54/><E120/><V76/><F0/><W46/><G74/><T91/><D1/><U48/><E33/><V55/><F109/><W7/><G65/><T64/><D72/><U104/><E124/><N who="2" m="47723" /><F129/><W70/><G70/><T67/><D67/><U37/><E37/><V71/><F71/><W93/><G100/><T12/><D79/><U24/><E3/><V5/><F5/><W131/><G131/><T112/><D96/><U78/><E90/><V103/><F101/><W113/><G113/><T127/><D112/><U47/><E110/><V53/><F42/><W39/><G51/><T107/><D107/><U134/><E134/><V128/><F38/><N who="3" m="14379" /><G87/><T108/><D4/><N who="3" m="1577" /><G82/><T20/><D32/><AGARI ba="0,0" hai="32,34,35,44,46,93,94,95" m="1577,14379" machi="32" ten="40,2600,0" yaku="28,2" doraHai="26" who="3" fromWho="0" sc="250,-26,250,0,260,0,240,26" /><INIT seed="2,0,0,1,1,11" ten="224,250,260,266" oya="2" hai0="111,7,4,17,110,57,1,75,12,118,109,96,63" hai1="33,20,116,26,92,125,122,22,79,133,54,13,102" hai2="53,81,69,56,80,32,49,97,124,5,68,35,10" hai3="119,40,120,64,114,126,73,98,77,89,113,83,71"/><V62/><F124/><W15/><G119/><T0/><D75/><U14/><E116/><V106/><F106/><W16/><G120/><T82/><D82/><U24/><E33/><V130/><F130/><W127/><G40/><T2/><D96/><N who="1" m="59655" /><E125/><N who="3" m="47626" /><G64/><T95/><D95/><U72/><E72/><V132/><F132/><W36/><G36/><T88/><D88/><U28/><E133/><V3/><F97/><W85/><G71/><T46/><D46/><U39/><E39/><V101/><F101/><W9/><G98/><T38/><D38/><U31/><E122/><V65/><F68/><W105/><G105/><T50/><D50/><U91/><E79/><V66/><F66/><W67/><G67/><N who="0" m="39407" /><D118/><U27/><E91/><V112/><F112/><N who="3" m="43115" /><G89/><T70/><D70/><U86/><E86/><AGARI ba="0,0" hai="9,15,16,73,77,83,85,86" m="43115,47626" machi="86" ten="30,7700,0" yaku="18,1,11,1,52,1,54,1" doraHai="11" who="3" fromWho="1" sc="224,0,250,-77,260,0,266,77" /><INIT seed="3,0,0,2,3,135" ten="224,173,260,343" oya="3" hai0="87,54,122,84,90,58,130,133,59,98,32,47,14" hai1="117,72,61,89,57,82,99,86,62,69,127,19,104" hai2="7,108,53,68,44,31,111,0,118,83,91,114,103" hai3="102,109,134,120,48,15,36,131,6,21,95,56,128"/><W94/><G120/><T132/><D32/><U92/><E117/><V45/><F114/><W96/><G36/><T49/><D122/><U105/><E69/><V107/><F118/><W23/><G134/><N who="0" m="51819" /><D130/><N who="3" m="49705" /><G109/><N who="2" m="42057" /><F68/><W77/><G77/><T38/><D14/><U73/><E61/><V113/><F113/><W50/><G94/><N who="0" m="56663" /><D59/><U40/><E40/><AGARI ba="0,0" hai="38,40,47,49,54,58,84,87" m="56663,51819" machi="40" ten="30,1000,0" yaku="20,1" doraHai="135" who="0" fromWho="1" sc="224,10,173,-10,260,0,343,0" owari="234,-16.6,163,-33.7,260,6.0,343,44.3" /></mjloggm>