<mjloggm ver="2.3"><GO type="225" lobby="0"/><UN n0="%E7%8B%82%E6%B0%97%E3%81%AE%E7%9E%B3" n1="%E3%81%82%E3%82%86%E3%81%AE%E9%A2%A8" n2="%6B%79%6F%6E%6B%6F%31%31" n3="%6D%75%75%73%61%6E%6D%75" dan="16,16,16,17" rate="2045.56,2098.43,2156.03,2155.79" sx="F,M,M,F"/><TAIKYOKU oya="0"/><INIT seed="0,0,0,3,3,75" ten="250,250,250,250" oya="0" hai0="1,21,22,53,68,101,74,61,105,124,127,110,9" hai1="106,60,37,133,95,76,83,52,18,96,45,33,67" hai2="26,62,44,30,2,41,55,23,104,64,28,8,71" hai3="122,72,109,80,82,98,108,73,43,66,47,100,49"/><T117/><D117/><U107/><E33/><V129/><F129/><W90/><G66/><T91/><D74/><U0/><E0/><V94/><F104/><W111/><G122/><T57/><D68/><U128/><E128/><V46/><F30/><W88/><G73/><T3/><D110/><U135/><E18/><V32/><F55/><W119/><G119/><T58/><D91/><N who="3" m="34857" /><G72/><T54/><D101/><U120/><E120/><V13/><F94/><AGARI ba="0,0" hai="43,47,49,80,82,94,98,100,108,109,111" m="34857" machi="94" ten="30,2000,0" yaku="14,1,54,1" doraHai="75" who="3" fromWho="2" sc="250,0,250,0,250,-20,250,20" /><INIT seed="1,0,0,3,3,26" ten="250,250,230,270" oya="1" hai0="17,114,71,69,4,77,39,87,62,124,58,113,48" hai1="93,130,56,102,135,53,68,117,57,55,29,40,8" hai2="106,37,1,98,76,92,109,81,75,94,89,90,127" hai3="129,65,13,78,134,72,82,61,118,31,84,52,120"/><U133/><E68/><V45/><F1/><W63/><G120/><T100/><D39/><U67/><E117/><V21/><F109/><W115/><G115/><T38/><D38/><U121/><E121/><V16/><F127/><W97/><G118/><T51/><D124/><U9/><E40/><V128/><F128/><W20/><G129/><T88/><D77/><U60/><E130/><V119/><F119/><W132/><G72/><T122/><D122/><U47/><E47/><V107/><F45/><W83/><G83/><T44/><D100/><U0/><E0/><V79/><F37/><W12/><G97/><T112/><D4/><U3/><E3/><V131/><F76/><W2/><G2/><T74/><D17/><U30/><E102/><V50/><F50/><W24/><G63/><T64/><D74/><U110/><E93/><V6/><F6/><W86/><G86/><T33/><D33/><U103/><E103/><V104/><F131/><W105/><G105/><T108/><D108/><U10/><E110/><V59/><F59/><N who="3" m="35047" /><G65/><T91/><D91/><U73/><E73/><V46/><F46/><W111/><G111/><T49/><REACH who="0" step="1"/><D44/><REACH who="0" ten="240,250,230,270" step="2"/><U85/><E85/><V126/><F126/><W15/><G84/><T80/><AGARI ba="0,1" hai="48,49,51,58,62,64,69,71,80,87,88,112,113,114" machi="80" ten="40,8000,1" yaku="1,1,2,1,0,1,54,1,53,0" doraHai="26" doraHaiUra="19" who="0" fromWho="0" sc="240,90,250,-40,230,-20,270,-20" /><INIT seed="2,0,0,1,1,43" ten="330,210,210,250" oya="2" hai0="5,29,75,64,110,49,4,68,133,115,130,26,59" hai1="92,90,7,81,6,55,44,114,23,37,40,79,36" hai2="0,94,51,105,99,12,66,132,50,111,109,3,101" hai3="17,85,60,82,11,119,71,127,21,100,16,95,57"/><V34/><F34/><W116/><G71/><T120/><D75/><U65/><E114/><V121/><F121/><W89/><G127/><T134/><D115/><U13/><E65/><V33/><F33/><W103/><G11/><T84/><D120/><U52/><E37/><V69/><F132/><W72/><G17/><T56/><D110/><N who="2" m="41994" /><F12/><W47/><G47/><T9/><D130/><U131/><E131/><V35/><F35/><W20/><G20/><T129/><D129/><U78/><E78/><V70/><F105/><W10/><G10/><T76/><D9/><U28/><E13/><V19/><F19/><W67/><G72/><T124/><D124/><U87/><E23/><V30/><F30/><W63/><G63/><N who="0" m="39967" /><D29/><U32/><E32/><V123/><F123/><W73/><G73/><T14/><D26/><U117/><E117/><V108/><N who="2" m="42002" /><V126/><DORA hai="112" /><F126/><W88/><G116/><T41/><D14/><U61/><E28/><V42/><F51/><W53/><G119/><T122/><D122/><U27/><E27/><V38/><F38/><W2/><G2/><N who="2" m="553" /><F66/><W58/><G67/><T135/><D4/><U125/><E125/><V107/><F107/><W91/><G58/><T113/><D5/><U77/><E7/><V83/><F83/><W24/><G95/><T22/><D22/><U31/><E6/><V39/><F39/><W54/><G54/><N who="1" m="20522" /><E31/><V46/><AGARI ba="0,0" hai="42,46,50,69,70,94,99,101" m="553,42002" machi="46" ten="50,9600,0" yaku="14,1,10,1,52,1" doraHai="43,112" who="2" fromWho="2" sc="330,-32,210,-32,210,96,250,-32" /><INIT seed="2,1,0,4,0,34" ten="298,178,306,218" oya="2" hai0="71,132,57,81,16,14,27,40,131,5,38,94,109" hai1="11,59,105,18,67,121,44,110,31,102,52,92,79" hai2="13,97,126,108,26,17,43,50,117,115,104,116,45" hai3="0,87,113,135,133,86,68,61,66,20,58,8,127"/><V35/><F115/><W90/><G113/><T75/><D71/><U114/><E114/><V65/><F126/><W9/><G127/><T37/><D132/><N who="3" m="50761" /><G20/><T80/><D131/><U72/><E110/><V1/><F108/><W70/><G87/><T96/><D109/><U30/><E105/><V12/><F12/><W129/><G129/><T36/><D40/><U46/><E121/><V3/><F65/><W120/><G120/><T73/><D57/><U25/><E67/><V53/><F116/><W74/><G74/><T128/><D128/><U47/><E79/><V119/><F117/><W48/><G48/><T42/><D42/><U63/><E72/><V41/><F41/><W54/><G66/><T124/><D124/><U32/><E32/><V21/><F119/><W60/><G60/><T33/><D75/><U29/><E11/><N who="3" m="4170" /><G0/><T19/><D5/><U89/><E102/><V55/><F55/><W10/><N who="3" m="4178" /><W122/><DORA hai="101" /><G122/><T69/><D73/><U49/><E49/><V111/><F111/><W130/><G130/><T103/><D69/><U56/><E56/><V2/><F43/><W22/><G22/><T78/><D78/><U62/><E62/><V93/><F35/><W23/><G23/><T24/><D33/><U77/><E77/><V64/><F64/><W134/><N who="3" m="50769" /><W84/><DORA hai="107" /><G84/><T95/><D37/><U15/><E15/><V125/><F13/><W51/><G51/><T28/><D14/><U82/><E25/><V76/><F76/><W85/><G85/><T39/><D39/><U83/><E18/><V91/><F125/><RYUUKYOKU ba="1,0" sc="298,-30,178,10,306,10,218,10" hai1="29,30,31,44,46,47,52,59,63,82,83,89,92" hai2="1,2,3,17,21,26,45,50,53,91,93,97,104" hai3="54,58,61,68,70,86,90" /><INIT seed="2,2,0,3,4,112" ten="268,188,316,228" oya="2" hai0="54,80,61,38,111,101,88,63,47,119,27,50,34" hai1="134,18,28,59,4,60,92,87,55,103,48,13,93" hai2="23,42,3,125,84,53,1,22,45,81,133,86,120" hai3="97,12,25,11,113,121,68,91,9,85,73,75,74"/><V79/><F120/><W83/><G121/><T64/><D38/><U129/><E134/><V29/><F133/><W30/><G113/><T95/><D111/><U0/><E129/><V43/><F125/><W78/><G68/><T106/><D80/><U107/><E107/><V96/><F96/><W6/><G11/><T69/><D63/><U7/><E28/><V89/><F53/><W100/><G78/><T114/><D114/><U131/><E131/><V90/><F79/><W72/><G72/><T19/><D19/><U127/><E127/><V15/><F15/><W51/><G51/><T46/><D46/><U77/><E0/><V94/><F43/><W49/><G49/><T123/><D123/><U124/><E124/><V122/><F122/><W58/><G58/><T117/><D88/><N who="1" m="53279" /><E77/><V104/><F104/><W57/><G57/><T99/><D95/><U67/><E93/><V56/><F56/><W82/><G82/><T41/><REACH who="0" step="1"/><D54/><REACH who="0" ten="258,188,316,228" step="2"/><U17/><E17/><V35/><F45/><W36/><G36/><T109/><D109/><U21/><E103/><V39/><F39/><W16/><G16/><T20/><D20/><U116/><E116/><V66/><F23/><W105/><G74/><T5/><D5/><U44/><AGARI ba="2,1" hai="4,7,13,18,21,44,48,55,59,60,67" m="53279" machi="44" ten="30,2000,0" yaku="8,1,54,1" doraHai="112" who="1" fromWho="1" sc="258,-7,188,36,316,-12,228,-7" /><INIT seed="3,0,0,1,0,60" ten="251,224,304,221" oya="3" hai0="85,92,18,94,106,9,43,135,117,126,19,64,83" hai1="129,98,84,15,68,93,69,24,100,110,114,34,29" hai2="111,55,87,72,59,80,124,119,11,22,77,14,63" hai3="23,79,133,112,2,95,1,35,71,97,116,52,81"/><W13/><G112/><T49/><D106/><U39/><E114/><V27/><F111/><W57/><G35/><T101/><D117/><U61/><E110/><V31/><F124/><W5/><G116/><T132/><D126/><U37/><E129/><V26/><F119/><W122/><G122/><T6/><D64/><N who="1" m="40975" /><E69/><V45/><F45/><W46/><G71/><T74/><D74/><U90/><E15/><V130/><F130/><W102/><G133/><N who="0" m="51275" /><D49/><U128/><E128/><V50/><F27/><W56/><G46/><T109/><D43/><U104/><AGARI ba="0,0" hai="24,29,34,37,39,84,90,93,98,100,104" m="40975" machi="104" ten="30,2000,0" yaku="25,1,52,1" doraHai="60" who="1" fromWho="1" sc="251,-5,224,20,304,-5,221,-10" /><INIT seed="4,0,0,0,1,70" ten="246,244,299,211" oya="0" hai0="89,127,80,100,16,96,14,44,95,102,87,117,60" hai1="4,45,129,130,36,135,99,126,56,37,84,94,128" hai2="1,76,31,0,104,58,18,133,26,64,17,101,86" hai3="43,20,52,50,47,124,35,75,105,38,81,116,77"/><T118/><D127/><U73/><E73/><V114/><F104/><W63/><G116/><T131/><D131/><U59/><E126/><V68/><F68/><W55/><G124/><T134/><D134/><U32/><E135/><V27/><F101/><W110/><G35/><T28/><D28/><U97/><E32/><V62/><F133/><W41/><G110/><T112/><D112/><U48/><E4/><V132/><F132/><W92/><G105/><T21/><D102/><N who="1" m="60727" /><E84/><V109/><F109/><W25/><G92/><T119/><D60/><U22/><E22/><N who="2" m="15863" /><F0/><W24/><G24/><T90/><REACH who="0" step="1"/><D44/><REACH who="0" ten="236,244,299,211" step="2"/><U5/><E129/><V123/><F114/><W66/><G43/><T69/><D69/><U2/><E45/><V61/><F61/><W33/><G33/><T6/><D6/><U83/><E5/><V82/><F123/><W113/><G113/><T74/><D74/><U49/><E128/><V71/><F71/><W79/><G50/><T19/><D19/><U115/><E49/><V91/><F17/><W121/><G121/><T9/><D9/><U122/><E48/><V85/><F1/><W57/><G79/><T10/><D10/><U108/><E2/><V13/><F76/><W51/><G51/><T107/><D107/><U125/><E115/><V78/><F18/><AGARI ba="0,1" hai="18,20,25,38,41,47,52,55,57,63,66,75,77,81" machi="18" ten="30,3900,0" yaku="7,1,52,1,54,1" doraHai="70" who="3" fromWho="2" sc="236,0,244,0,299,-39,211,49" /><INIT seed="5,0,0,4,4,17" ten="236,244,260,260" oya="1" hai0="110,125,45,8,80,51,70,113,32,79,46,21,89" hai1="29,82,54,63,11,127,100,49,18,73,27,132,135" hai2="107,111,40,108,28,35,115,67,74,59,44,75,9" hai3="41,126,47,123,103,65,53,117,14,99,118,60,105"/><U55/><E127/><V71/><F107/><W33/><G123/><T5/><D70/><U131/><E100/><V95/><F71/><W19/><G126/><T94/><D125/><U64/><E131/><V23/><F35/><W25/><G53/><T106/><D110/><U101/><E101/><V87/><F74/><W34/><G60/><T134/><D106/><U48/><E18/><V78/><F75/><W84/><G65/><T93/><D32/><U38/><E38/><V112/><F9/><W58/><G58/><T20/><D113/><N who="2" m="43594" /><F59/><W122/><G84/><N who="0" m="48159" /><D134/><N who="1" m="51243" /><E11/><V86/><F67/><W15/><G34/><T26/><D26/><U57/><E55/><V61/><F61/><W114/><G122/><T50/><D5/><U1/><E1/><V3/><F3/><W36/><G114/><T97/><D8/><U7/><E7/><V42/><F42/><W22/><G33/><T76/><D76/><N who="1" m="44303" /><E54/><V77/><F108/><W81/><G81/><T16/><D16/><U66/><E66/><V104/><F104/><W124/><REACH who="3" step="1"/><G124/><REACH who="3" ten="236,244,260,250" step="2"/><T39/><D39/><U13/><E13/><AGARI ba="0,1" hai="13,14,15,19,22,25,36,41,47,99,103,105,117,118" machi="13" ten="40,8000,1" yaku="1,1,2,1,52,1,53,1" doraHai="17" doraHaiUra="37" who="3" fromWho="1" sc="236,0,244,-80,260,0,250,90" owari="236,-16.4,164,-33.6,260,6.0,340,44.0" /></mjloggm>