<mjloggm ver="2.3"><GO type="225" lobby="0"/><UN n0="%47%68%6F%73%74%55%30" n1="%E3%81%A4%E3%81%A3%E3%81%B1%E3%82%8A%E3%83%9D%E3%83%BC%E3%83%AB" n2="%E3%81%BE%E3%81%A8%E3%81%9F" n3="%28%EF%BF%A3%E2%96%BD%EF%BF%A3%29%CE%B4%E2%8C%92%E3%83%BB" dan="17,17,16,17" rate="2166.27,2159.52,2122.56,2238.07" sx="F,M,M,M"/><TAIKYOKU oya="0"/><INIT seed="0,0,0,4,1,129" ten="250,250,250,250" oya="0" hai0="2,8,100,115,127,83,27,52,34,95,89,94,5" hai1="105,14,57,44,118,92,29,90,1,121,116,74,71" hai2="82,72,33,7,93,31,73,55,11,113,91,59,123" hai3="80,106,24,65,96,107,56,58,22,85,43,30,63"/><T102/><D115/><U21/><E71/><V35/><F123/><W109/><G109/><T110/><D127/><U13/><E121/><V124/><F124/><W128/><G128/><T36/><D36/><U76/><E1/><V98/><F113/><W131/><G131/><T47/><D110/><U38/><E105/><V97/><F97/><W26/><G43/><T111/><D111/><U125/><E125/><V117/><F117/><W70/><G26/><T37/><D83/><U84/><E57/><V28/><F35/><W69/><G58/><T68/><D68/><U132/><E44/><V78/><F72/><W61/><G96/><T122/><D122/><U4/><E38/><V101/><F101/><W40/><G40/><T54/><D37/><U50/><E50/><V130/><F33/><W3/><G3/><T120/><D47/><U79/><E74/><V39/><F39/><W6/><G6/><T46/><D46/><U86/><E4/><V23/><F23/><W53/><REACH who="3" step="1"/><G70/><REACH who="3" ten="250,250,250,240" step="2"/><T87/><D120/><U135/><E118/><V51/><F130/><W119/><G119/><T77/><D27/><N who="1" m="16623" /><E116/><V112/><F112/><W133/><G133/><N who="1" m="51274" /><E86/><V81/><F81/><W17/><G17/><T10/><D2/><AGARI ba="0,1" hai="2,7,11,28,31,51,55,59,73,78,82,91,93,98" machi="2" ten="30,1000,0" yaku="7,1" doraHai="129" who="2" fromWho="0" sc="250,-10,250,0,250,20,240,0" /><INIT seed="1,0,0,1,2,81" ten="240,250,270,240" oya="1" hai0="9,135,31,14,26,4,76,63,44,88,92,133,27" hai1="25,75,17,124,119,50,131,24,79,108,62,7,2" hai2="121,8,125,122,120,29,6,128,106,42,37,48,116" hai3="134,117,55,87,89,98,13,93,61,0,30,28,43"/><U80/><E119/><V20/><F37/><W86/><G0/><T53/><D76/><U110/><E131/><V52/><F106/><W74/><G74/><T101/><D101/><U56/><E124/><V83/><F125/><W5/><G117/><T35/><D27/><U105/><E105/><V64/><F116/><W84/><G43/><T96/><REACH who="0" step="1"/><D44/><REACH who="0" ten="230,250,270,240" step="2"/><U95/><E25/><V113/><F122/><W118/><G118/><T69/><D69/><U114/><E24/><V49/><F120/><W112/><G112/><T33/><D33/><U100/><E114/><V58/><F113/><W129/><G129/><T38/><D38/><U57/><E100/><V45/><F121/><W82/><G134/><T127/><D127/><U65/><E108/><V67/><F128/><W70/><G82/><T66/><D66/><U36/><E110/><V16/><F64/><W107/><G107/><T103/><D103/><U40/><E65/><V10/><F67/><W71/><G71/><T32/><D32/><U123/><E36/><V51/><F45/><W109/><G70/><T91/><D91/><U115/><E123/><V126/><F83/><W73/><G109/><T97/><D97/><U46/><E115/><V39/><F126/><W132/><G132/><T90/><D90/><U111/><E111/><V11/><F39/><W41/><G73/><T19/><D19/><U15/><E17/><V12/><F16/><W3/><G98/><T18/><D18/><U23/><E75/><V78/><F78/><W68/><G89/><T104/><D104/><U102/><E79/><V130/><F130/><RYUUKYOKU ba="0,1" sc="230,30,250,-10,270,-10,240,-10" hai0="4,9,14,26,31,35,53,63,88,92,96,133,135" /><INIT seed="2,1,1,2,4,114" ten="260,240,260,230" oya="2" hai0="106,13,100,123,86,126,82,3,91,42,44,10,25" hai1="80,66,92,72,111,99,7,116,85,87,90,119,69" hai2="57,45,73,48,41,58,75,133,131,51,81,35,36" hai3="9,15,110,19,40,74,79,62,2,128,32,53,77"/><V49/><F35/><W60/><G32/><T122/><D3/><U120/><E69/><V65/><F75/><W118/><G2/><T113/><D113/><U108/><E66/><V59/><F73/><W121/><G121/><T101/><D25/><U29/><E7/><V109/><F81/><W14/><G110/><N who="1" m="42026" /><E29/><V31/><F31/><W71/><G128/><T47/><D47/><U28/><E28/><V50/><F109/><W102/><G118/><N who="1" m="45098" /><E120/><V63/><F131/><W78/><G71/><T21/><D44/><U20/><E20/><V4/><F4/><N who="3" m="3367" /><G74/><T43/><D21/><U115/><E115/><V8/><F8/><N who="3" m="6631" /><G40/><T134/><D43/><U127/><E127/><V84/><F84/><W0/><G0/><T38/><D42/><U39/><E39/><V105/><F105/><W103/><G53/><T96/><D38/><U94/><E94/><V18/><F18/><W27/><G27/><T26/><D126/><U88/><E72/><V34/><F34/><W56/><G56/><N who="2" m="21609" /><F36/><W23/><G23/><T112/><D112/><U104/><E87/><V130/><F130/><W52/><G52/><T12/><D10/><U89/><E104/><V61/><F61/><AGARI ba="1,1" hai="60,61,62,77,78,79,102,103" m="6631,3367" machi="61" ten="30,1000,0" yaku="8,1" doraHai="114" who="3" fromWho="2" sc="260,0,240,0,260,-13,230,23" /><INIT seed="3,0,0,3,4,37" ten="260,240,247,253" oya="3" hai0="127,47,38,78,123,83,60,44,52,15,96,131,106" hai1="132,80,73,53,125,27,69,23,113,86,68,81,8" hai2="87,17,75,50,84,45,24,31,10,130,66,101,49" hai3="104,102,51,39,61,20,29,54,40,13,110,103,70"/><W30/><G110/><T129/><D123/><U25/><E113/><V112/><F75/><W76/><G76/><T94/><D106/><U74/><E132/><V133/><F112/><W108/><G108/><T97/><D127/><U111/><E111/><V1/><F1/><W119/><G119/><T116/><D116/><U35/><E125/><V7/><F17/><N who="3" m="10287" /><G104/><T46/><D38/><U99/><E99/><V57/><F101/><N who="3" m="38411" /><G39/><T72/><D15/><U90/><E8/><V0/><F130/><N who="0" m="49674" /><D94/><U91/><E23/><V48/><F45/><N who="0" m="11522" /><T79/><DORA hai="134" /><D79/><U98/><E35/><V65/><F0/><W92/><G70/><T88/><D88/><U118/><E118/><V62/><F133/><W41/><G92/><T18/><D18/><U115/><E115/><V28/><F28/><N who="3" m="10859" /><G51/><T71/><D71/><U109/><E109/><V9/><F31/><W5/><G5/><T3/><D3/><U36/><E36/><V4/><F7/><W11/><G11/><N who="2" m="4105" /><F4/><W135/><G135/><T21/><D21/><U67/><E69/><V43/><F24/><W128/><G128/><T120/><D120/><U12/><E12/><V19/><F19/><W117/><G117/><T105/><D105/><U114/><E114/><V33/><F33/><W63/><G54/><T55/><D55/><U85/><E53/><V14/><F49/><W42/><AGARI ba="0,0" hai="40,41,42,61,63" m="10859,38411,10287" machi="42" ten="30,11700,0" yaku="8,1,52,3" doraHai="37,134" who="3" fromWho="3" sc="260,-39,240,-39,247,-39,253,117" owari="221,2.1,201,-29.9,208,-19.2,370,47.0" /></mjloggm>