<mjloggm ver="2.3"><GO type="225" lobby="0"/><UN n0="%E9%89%A2%E5%B7%BB%E3%82%AC%E3%83%96" n1="%72%61%6B%33" n2="%E6%97%A5%E6%9B%9C%E6%97%A5%E3%82%88%E3%82%8A%E3%81%AE%E4%BD%BF%E8%80%85" n3="%72%69%6F%75%63%68%61%6E" dan="16,18,18,17" rate="2047.52,2240.53,2143.54,2160.59" sx="M,M,M,M"/><TAIKYOKU oya="0"/><INIT seed="0,0,0,4,0,31" ten="250,250,250,250" oya="0" hai0="112,69,95,67,118,61,55,115,1,72,33,44,133" hai1="99,80,9,3,28,135,29,41,134,130,128,43,92" hai2="108,70,63,6,39,96,50,85,48,0,87,4,93" hai3="117,23,68,11,26,79,7,100,119,22,102,75,34"/><T82/><D118/><U56/><E56/><V123/><F39/><W106/><G68/><T129/><D1/><U105/><E3/><V42/><F70/><W131/><G131/><N who="1" m="50218" /><E9/><V90/><F0/><W89/><G34/><T64/><D129/><U74/><E29/><V38/><F38/><W73/><G89/><T2/><D2/><U111/><E28/><V8/><F8/><W21/><G26/><T86/><D64/><U114/><E41/><V126/><F63/><W109/><G109/><T65/><D65/><U60/><E43/><V94/><F42/><W45/><G79/><T24/><D24/><U12/><E12/><V122/><F96/><W76/><G76/><T51/><D33/><U77/><E60/><V32/><F90/><W113/><G113/><T16/><D16/><U37/><E37/><V110/><REACH who="2" step="1"/><F32/><REACH who="2" ten="250,250,240,250" step="2"/><W54/><G119/><T13/><D61/><U91/><E114/><V46/><F46/><W88/><G88/><N who="0" m="53655" /><D69/><U18/><E111/><V83/><F83/><W14/><G117/><T84/><D112/><U30/><E30/><V101/><F101/><W66/><G102/><T120/><D115/><U17/><E105/><V58/><F58/><W5/><G100/><T98/><D44/><U78/><E78/><V35/><F35/><W10/><G106/><T116/><D116/><U15/><E77/><V49/><F49/><N who="3" m="28975" /><G66/><T47/><D67/><U127/><E91/><V81/><F81/><W103/><G103/><T25/><D82/><U62/><E80/><V132/><F132/><W125/><G125/><AGARI ba="0,1" hai="4,6,48,50,85,87,93,94,108,110,122,123,125,126" machi="125" ten="25,3200,0" yaku="1,1,22,2,53,0" doraHai="31" doraHaiUra="59" who="2" fromWho="3" sc="250,0,250,0,240,42,250,-32" /><INIT seed="1,0,0,5,2,127" ten="250,250,282,218" oya="1" hai0="14,29,128,19,20,25,4,112,64,32,63,39,84" hai1="23,42,55,107,88,51,73,124,33,135,58,57,131" hai2="87,82,52,126,78,67,106,26,120,44,133,89,3" hai3="0,43,28,95,45,123,93,1,81,102,16,79,76"/><U118/><E33/><V83/><F120/><W85/><G123/><T130/><D112/><U96/><E118/><V103/><F3/><W2/><G28/><T71/><D39/><U65/><E124/><V109/><F126/><W74/><G102/><T68/><D68/><U114/><E114/><V100/><F106/><W34/><G34/><T101/><D101/><U61/><E73/><V62/><F109/><W22/><G76/><T13/><D84/><U92/><E135/><V50/><F26/><W77/><G79/><T9/><AGARI ba="0,0" hai="4,9,13,14,19,20,25,29,32,63,64,71,128,130" machi="9" ten="30,4000,0" yaku="0,1,52,2" doraHai="127" who="0" fromWho="0" sc="250,40,250,-20,282,-10,218,-10" /><INIT seed="2,0,0,0,3,23" ten="290,230,272,208" oya="2" hai0="70,15,108,5,26,13,84,121,46,27,9,65,86" hai1="42,31,22,58,100,91,126,33,101,120,21,6,130" hai2="128,96,60,102,72,61,74,59,98,85,63,111,107" hai3="44,109,64,81,34,28,113,53,132,122,25,78,125"/><V18/><F128/><W52/><G122/><T117/><D121/><U123/><E126/><V127/><F127/><W30/><G125/><T10/><D108/><U57/><E33/><V0/><F0/><W51/><G109/><T133/><D70/><U73/><E42/><V71/><F71/><W45/><G132/><T115/><D115/><U95/><E73/><V55/><F111/><W2/><G2/><T35/><D35/><U79/><E79/><V76/><F98/><W106/><G106/><T94/><D65/><U37/><E37/><V88/><F18/><W134/><G134/><T90/><D133/><U14/><E130/><V43/><F43/><W56/><G113/><T118/><D46/><U29/><E95/><N who="2" m="54671" /><F72/><W105/><G105/><T49/><D49/><U32/><E32/><V89/><F89/><W104/><G104/><T69/><D69/><U116/><E91/><V19/><F19/><W77/><G30/><T24/><REACH who="0" step="1"/><D86/><REACH who="0" ten="280,230,272,208" step="2"/><U119/><E123/><V110/><F110/><W38/><G64/><T99/><D99/><U112/><E120/><V50/><F50/><N who="3" m="30743" /><G38/><T68/><D68/><U62/><E112/><V93/><F96/><W80/><G45/><T87/><D87/><U75/><E75/><V124/><F74/><W36/><G36/><T40/><D40/><U4/><E62/><V12/><F63/><W135/><G135/><T20/><D20/><U131/><E131/><V7/><F61/><W17/><G44/><T54/><D54/><U41/><E41/><V39/><F124/><W83/><G17/><AGARI ba="0,1" hai="5,9,10,13,15,17,24,26,27,84,90,94,117,118" machi="17" ten="40,8000,1" yaku="1,1,52,3,53,0" doraHai="23" doraHaiUra="66" who="0" fromWho="3" sc="280,90,230,0,272,0,208,-80" /><INIT seed="3,0,0,4,4,128" ten="370,230,272,128" oya="3" hai0="126,20,34,90,106,96,131,11,98,41,42,13,120" hai1="38,121,31,16,9,109,80,60,74,102,3,115,37" hai2="61,33,94,71,73,10,57,55,43,21,100,53,101" hai3="70,51,6,14,59,110,26,78,50,85,89,72,22"/><W107/><G70/><T63/><D34/><U32/><E115/><V82/><F33/><W127/><G127/><T27/><D120/><U8/><E121/><V58/><F71/><W79/><G107/><T95/><D98/><U104/><E109/><V75/><F43/><W122/><G122/><T36/><D36/><U64/><E9/><V68/><F68/><W103/><G103/><T7/><D106/><U135/><E135/><V67/><F21/><W84/><G110/><T76/><D76/><N who="3" m="29225" /><G72/><T19/><D131/><U35/><E80/><V2/><F75/><W114/><G114/><T92/><D92/><U119/><E74/><V113/><F73/><W123/><G123/><T47/><D47/><U17/><E119/><V77/><F113/><W48/><G59/><T129/><D126/><U88/><E38/><V133/><F58/><W81/><G84/><T65/><D129/><U39/><E37/><V69/><F69/><AGARI ba="0,0" hai="7,11,13,19,20,27,41,42,63,65,69,90,95,96" machi="69" ten="30,1000,0" yaku="7,1" doraHai="128" who="0" fromWho="2" sc="370,10,230,0,272,-10,128,0" owari="380,48.0,230,-17.0,262,6.2,128,-37.2" /></mjloggm>