<mjloggm ver="2.3"><GO type="225" lobby="0"/><UN n0="%E3%83%81%E3%83%AF%E3%83%AF%E9%9A%8A%E9%95%B7" n1="%E6%98%93%E5%88%A9%E8%96%A9%E4%BC%AF" n2="%E3%83%94%E3%83%B3%E3%82%B5%E3%83%AD%E5%BA%97%E5%93%A1" n3="%E3%81%BF%E3%81%BF%E3%81%9A" dan="17,16,16,18" rate="2217.26,2028.35,2205.22,2239.11" sx="M,F,M,M"/><TAIKYOKU oya="0"/><INIT seed="0,0,0,2,4,58" ten="250,250,250,250" oya="0" hai0="40,78,94,133,124,105,13,28,116,88,7,12,19" hai1="135,39,122,8,114,125,11,120,60,72,104,74,54" hai2="91,4,61,43,89,84,127,20,50,99,35,1,5" hai3="22,27,34,36,31,68,59,26,90,97,21,98,49"/><T57/><D116/><U76/><E125/><V92/><F35/><W37/><G68/><T44/><D105/><U100/><E135/><V109/><F127/><W62/><G34/><T75/><D124/><U107/><E39/><V24/><F109/><W87/><G49/><T108/><D133/><U16/><E114/><V102/><F1/><W123/><G36/><T48/><D108/><U73/><E76/><V86/><F43/><W51/><G51/><T32/><D7/><U131/><E131/><V65/><F50/><W93/><G37/><T115/><D115/><U126/><E126/><V132/><F84/><W18/><REACH who="3" step="1"/><G123/><REACH who="3" ten="250,250,250,240" step="2"/><T111/><D111/><U118/><E122/><V30/><F132/><W67/><AGARI ba="0,1" hai="18,21,22,26,27,31,59,62,67,87,90,93,97,98" machi="67" ten="20,12000,2" yaku="1,1,2,1,0,1,7,1,8,1,52,1,53,0" doraHai="58" doraHaiUra="134" who="3" fromWho="3" sc="250,-60,250,-30,250,-30,240,130" /><INIT seed="1,0,0,0,2,45" ten="190,220,220,370" oya="1" hai0="78,49,27,133,75,22,76,86,103,63,65,120,53" hai1="71,116,98,82,106,96,14,59,29,38,62,40,101" hai2="129,127,85,90,67,99,125,119,52,24,16,104,39" hai3="56,79,72,132,15,37,20,113,89,9,70,77,47"/><U97/><E116/><V128/><F39/><W7/><G70/><T46/><D75/><U57/><E71/><V61/><F119/><W92/><G113/><T83/><D133/><U30/><E38/><V64/><F99/><W12/><G132/><T26/><D120/><U109/><E109/><V102/><F102/><W6/><G72/><T0/><D0/><U42/><E101/><V28/><F104/><W55/><G47/><T118/><D118/><U134/><E106/><V117/><F117/><W23/><G37/><T130/><D130/><N who="2" m="50282" /><F16/><N who="3" m="10247" /><G23/><T114/><D114/><U4/><E82/><N who="2" m="49463" /><F52/><W8/><G8/><T131/><D131/><U121/><E121/><V18/><F18/><W41/><G41/><N who="1" m="15978" /><E134/><V60/><F60/><N who="3" m="35871" /><G6/><T112/><D112/><U87/><E87/><AGARI ba="0,0" hai="7,9,15,77,79,87,89,92" m="35871,10247" machi="87" ten="30,2000,0" yaku="8,1,54,1" doraHai="45" who="3" fromWho="1" sc="190,0,220,-20,220,0,370,20" /><INIT seed="2,0,0,1,5,7" ten="190,200,220,390" oya="2" hai0="92,96,4,53,94,8,86,102,38,88,121,95,117" hai1="85,37,9,118,127,93,46,54,113,65,78,84,60" hai2="32,16,36,57,3,11,61,99,98,5,2,17,63" hai3="131,64,123,135,24,112,14,47,58,6,13,120,129"/><V97/><F36/><W76/><G135/><T89/><D121/><U130/><E113/><V55/><F32/><W109/><G109/><T12/><D38/><U107/><E107/><V103/><F103/><W21/><G76/><T43/><D117/><U73/><E118/><V77/><F3/><W119/><G47/><T80/><D43/><U19/><E130/><N who="3" m="49674" /><G119/><T108/><D108/><U45/><E127/><V75/><REACH who="2" step="1"/><F63/><REACH who="2" ten="190,200,210,390" step="2"/><N who="3" m="38007" /><G112/><T66/><D66/><U34/><E34/><V101/><F101/><W74/><G74/><T33/><D33/><U72/><E72/><V70/><F70/><W91/><G91/><T25/><D89/><U105/><E73/><V59/><F59/><W115/><G115/><T15/><D102/><U111/><E111/><V56/><F56/><W22/><G123/><T0/><D96/><U51/><E37/><V100/><F100/><W49/><G120/><T26/><D0/><U67/><E67/><V48/><F48/><W104/><G49/><T90/><D90/><U42/><E65/><V124/><F124/><W71/><G71/><T122/><D122/><U62/><E62/><V87/><F87/><W82/><G104/><T50/><D12/><N who="1" m="7567" /><E105/><V1/><F1/><W52/><G14/><T83/><D83/><AGARI ba="0,1" hai="2,5,11,16,17,55,57,61,75,77,83,97,98,99" machi="83" ten="40,7700,0" yaku="1,1,52,1,54,1,53,0" doraHai="7" doraHaiUra="134" who="2" fromWho="0" sc="190,-77,200,0,210,87,390,0" /><INIT seed="2,1,0,2,0,65" ten="113,200,297,390" oya="2" hai0="87,57,69,38,116,64,40,96,115,51,90,43,10" hai1="92,55,83,94,48,67,77,100,135,133,56,85,31" hai2="33,66,26,62,79,97,104,132,8,106,35,122,61" hai3="109,130,6,107,118,45,18,53,89,1,108,63,37"/><V34/><F122/><W39/><G118/><T98/><D115/><U21/><E67/><V117/><F117/><W102/><G130/><T82/><D116/><U50/><E50/><V124/><F132/><N who="1" m="50761" /><E100/><V47/><F124/><W127/><G127/><T84/><D38/><U103/><E103/><V123/><F123/><W131/><G131/><T113/><D113/><U49/><E49/><V44/><F79/><W78/><G89/><T68/><D10/><U16/><E31/><V86/><F86/><W15/><G6/><T24/><D24/><AGARI ba="1,0" hai="16,21,24,48,55,56,77,83,85,92,94" m="50761" machi="24" ten="30,2000,0" yaku="20,1,54,1" doraHai="65" who="1" fromWho="0" sc="113,-23,200,23,297,0,390,0" /><INIT seed="3,0,0,1,5,60" ten="90,223,297,390" oya="3" hai0="2,102,53,28,111,44,91,54,48,114,29,126,30" hai1="93,34,120,33,51,82,43,87,77,75,62,101,104" hai2="31,88,26,100,74,106,76,37,15,81,103,57,6" hai3="52,12,19,135,61,3,78,68,72,115,16,55,7"/><W70/><G115/><T9/><D114/><U39/><E39/><V73/><F37/><W47/><G72/><T36/><D126/><U96/><E120/><V40/><F73/><W41/><G78/><T132/><D132/><U1/><E1/><V24/><F40/><W109/><G135/><T71/><D111/><U119/><E119/><V113/><F113/><W131/><G109/><T56/><D102/><U116/><E116/><V108/><F108/><W98/><G19/><T129/><D129/><U107/><E107/><V83/><F57/><W95/><G7/><T17/><D2/><U124/><E124/><V79/><F79/><W46/><G3/><T99/><D71/><U89/><E62/><V13/><F26/><W32/><G32/><T127/><D127/><U35/><E43/><V128/><F128/><W50/><G131/><T69/><D69/><U18/><E18/><V92/><F83/><W121/><G121/><T21/><D36/><U94/><E94/><V84/><F6/><W85/><G85/><T45/><D9/><U64/><E51/><V122/><F122/><W65/><G47/><T38/><D38/><U23/><E23/><N who="2" m="15775" /><F103/><W58/><G70/><T63/><D45/><U112/><E112/><V123/><F123/><W4/><G4/><T42/><D42/><U59/><E59/><V105/><F105/><W90/><G68/><T14/><D28/><U133/><E133/><V110/><F110/><W25/><G25/><T67/><REACH who="0" step="1"/><D53/><REACH who="0" ten="80,223,297,390" step="2"/><U20/><E101/><V134/><F134/><W97/><G55/><T22/><D22/><U117/><E20/><RYUUKYOKU ba="0,1" sc="80,15,223,-15,297,15,390,-15" hai0="14,17,21,29,30,44,48,54,56,63,67,91,99" hai2="13,15,74,76,81,84,88,92,100,106" owari="95,-40.5,208,-19.2,312,11.2,385,48.5" /></mjloggm>