<mjloggm ver="2.3"><GO type="225" lobby="0"/><UN n0="%2D%E6%84%9B%E5%AE%95%E7%B5%B9%E6%81%B5%2D" n1="%E4%BF%BA%E3%81%A8%E5%A6%96%E5%A4%A2" n2="%E5%91%A8%E6%9D%B1" n3="%E3%81%A4%E3%81%A3%E3%81%B1%E3%82%8A%E3%83%9D%E3%83%BC%E3%83%AB" dan="16,17,17,16" rate="2100.01,2206.36,2127.12,2126.66" sx="M,F,M,M"/><TAIKYOKU oya="0"/><INIT seed="0,0,0,5,2,115" ten="250,250,250,250" oya="0" hai0="135,73,46,58,98,113,15,49,81,16,65,18,74" hai1="102,127,130,12,103,60,72,39,109,69,126,132,112" hai2="129,32,40,52,44,57,89,111,29,38,36,76,128" hai3="95,37,9,75,91,2,78,125,3,79,90,61,134"/><T14/><D113/><U11/><E112/><V10/><F76/><W47/><G134/><T26/><D135/><U30/><E132/><V27/><F111/><W63/><G75/><T84/><D98/><U66/><E72/><V93/><F10/><W107/><G9/><N who="0" m="6479" /><D26/><U77/><E77/><V67/><F67/><W131/><G107/><T123/><D123/><U43/><E109/><V23/><F38/><W121/><G37/><T62/><D73/><U4/><E30/><V55/><F32/><W25/><G121/><T20/><D74/><U80/><E80/><V6/><F6/><W117/><G25/><T133/><D133/><U70/><E130/><N who="2" m="50283" /><F57/><W17/><G131/><T28/><D28/><U42/><E69/><V88/><F89/><W68/><G68/><T122/><D122/><U22/><E22/><V8/><F8/><W54/><G3/><T59/><D59/><U110/><E110/><V97/><AGARI ba="0,0" hai="23,27,29,36,40,44,52,55,88,93,97" m="50283" machi="97" ten="30,4000,0" yaku="19,1,54,2" doraHai="115" who="2" fromWho="2" sc="250,-20,250,-10,250,40,250,-10" /><INIT seed="1,0,0,4,1,107" ten="230,240,290,240" oya="1" hai0="19,40,121,87,83,71,61,81,67,69,88,15,65" hai1="103,66,34,6,9,93,31,16,84,95,64,74,39" hai2="104,115,111,2,76,58,102,18,100,120,134,128,90" hai3="127,117,77,43,52,47,21,10,46,105,7,116,119"/><U89/><E39/><V112/><F2/><W73/><G105/><T75/><D40/><U0/><E34/><V72/><F120/><W41/><G127/><T4/><D4/><U3/><E31/><V13/><F111/><W36/><G21/><T60/><D121/><U91/><E103/><V32/><F32/><W17/><G17/><T123/><D123/><U80/><E0/><V129/><F134/><W27/><G27/><T54/><D54/><U98/><REACH who="1" step="1"/><E16/><REACH who="1" ten="230,230,290,240" step="2"/><V14/><F18/><W110/><G110/><T51/><D51/><U101/><E101/><V44/><F102/><W45/><G36/><T78/><D19/><U125/><E125/><V109/><F100/><W22/><G22/><T133/><D15/><U37/><E37/><V8/><F13/><W85/><G7/><T24/><D133/><U53/><E53/><V56/><F14/><W38/><G10/><T79/><D24/><U33/><E33/><V1/><F8/><W97/><G38/><T55/><D55/><U28/><E28/><V12/><F12/><W29/><G29/><T5/><D5/><U50/><E50/><V23/><F1/><W70/><G52/><T49/><D49/><U68/><E68/><V132/><F132/><W99/><G70/><T82/><D79/><AGARI ba="0,1" hai="3,6,9,64,66,74,79,80,84,89,91,93,95,98" machi="79" ten="40,3900,0" yaku="1,1,52,1,53,0" doraHai="107" doraHaiUra="96" who="1" fromWho="0" sc="230,-39,230,49,290,0,240,0" /><INIT seed="1,1,0,3,5,29" ten="191,279,290,240" oya="1" hai0="131,49,35,105,27,7,122,98,100,94,36,25,10" hai1="93,51,80,48,106,115,41,108,63,31,102,32,129" hai2="59,77,18,57,95,66,101,39,135,33,37,12,8" hai3="127,104,6,62,121,119,21,109,58,2,60,3,72"/><U85/><E115/><V38/><F77/><W124/><G121/><T75/><D122/><U28/><E28/><V90/><F135/><W61/><G109/><T55/><D36/><U1/><E1/><N who="3" m="10" /><G104/><T22/><D75/><U4/><E4/><V82/><F33/><W132/><G72/><T91/><D131/><U96/><E108/><V134/><F134/><W42/><G42/><T110/><D110/><U67/><E129/><V24/><F24/><W111/><G111/><T83/><D35/><U79/><E41/><V89/><F66/><W116/><G6/><T103/><D105/><U40/><E40/><V118/><F118/><N who="3" m="45099" /><G132/><T50/><D83/><U53/><E53/><V123/><F123/><W112/><G112/><T125/><D125/><N who="3" m="48201" /><G21/><T64/><D22/><U44/><E44/><V97/><F39/><W17/><G17/><T65/><D7/><U117/><E117/><V0/><F38/><W68/><G68/><T20/><D10/><U23/><E23/><V34/><F37/><W113/><G113/><T88/><D27/><N who="1" m="18559" /><E93/><V86/><F0/><W76/><G76/><T126/><D126/><U46/><E46/><V69/><F69/><AGARI ba="1,0" hai="48,51,63,67,69,79,80,85,96,102,106" m="18559" machi="69" ten="30,2900,0" yaku="25,1,52,1" doraHai="29" who="1" fromWho="2" sc="191,0,279,32,290,-32,240,0" /><INIT seed="1,2,0,4,3,0" ten="191,311,258,240" oya="1" hai0="13,68,97,33,129,99,43,67,8,102,62,37,126" hai1="110,32,135,20,76,116,83,86,108,7,98,65,31" hai2="51,24,25,34,52,100,96,59,41,103,73,130,46" hai3="64,122,66,44,69,28,40,132,118,19,57,14,26"/><U90/><E116/><V112/><F73/><W1/><G1/><T74/><D129/><U53/><E32/><V22/><F130/><W127/><G69/><T134/><D134/><U6/><E65/><V131/><F131/><W78/><G122/><T42/><D126/><U93/><E135/><V56/><F112/><W114/><G114/><T2/><D74/><U128/><E128/><V113/><F113/><W12/><G132/><T35/><D97/><U36/><E36/><V48/><F34/><W77/><G127/><T80/><D80/><U11/><E53/><V120/><F120/><W49/><G118/><T47/><D42/><U95/><E11/><V119/><F119/><W91/><G91/><T111/><D111/><N who="1" m="42539" /><E93/><V17/><F25/><AGARI ba="2,0" hai="6,7,20,25,31,76,83,86,90,95,98" m="42539" machi="25" ten="30,11600,0" yaku="14,1,10,1,52,2" doraHai="0" who="1" fromWho="2" sc="191,0,311,122,258,-122,240,0" /><INIT seed="1,3,0,5,4,63" ten="191,433,136,240" oya="1" hai0="98,90,4,88,43,129,106,118,127,125,112,34,35" hai1="72,110,134,56,84,101,94,1,17,68,29,48,85" hai2="44,62,116,113,123,133,66,67,107,23,45,82,7" hai3="92,37,46,96,105,102,99,131,21,89,69,97,78"/><U121/><E121/><V117/><F107/><W100/><G131/><T0/><D112/><U15/><E72/><V93/><F123/><W81/><G69/><T124/><D118/><U75/><E75/><V108/><F113/><W65/><G65/><T41/><D129/><U51/><E1/><V27/><F108/><W50/><G37/><T114/><D114/><U19/><E110/><V16/><F133/><W70/><G70/><T77/><D77/><U111/><E68/><V126/><F126/><W109/><G21/><T28/><D0/><U87/><E134/><V30/><F7/><W18/><G18/><T24/><D4/><U61/><E29/><V36/><F82/><W79/><G109/><T119/><D34/><U11/><E17/><V9/><F93/><N who="3" m="58479" /><G50/><T12/><D12/><U39/><E39/><V47/><F36/><W86/><G46/><T22/><D35/><U122/><E122/><V55/><F117/><W103/><AGARI ba="3,0" hai="78,79,81,86,89,92,96,97,102,103,105" m="58479" machi="103" ten="30,8000,1" yaku="35,5" doraHai="63" who="3" fromWho="3" sc="191,-23,433,-43,136,-23,240,89" /><INIT seed="2,0,0,1,4,21" ten="168,390,113,329" oya="2" hai0="108,81,130,69,113,118,89,94,48,44,82,129,92" hai1="122,54,96,100,75,10,86,111,58,101,2,57,60" hai2="4,67,128,22,68,126,15,5,40,64,33,34,124" hai3="6,3,9,107,133,114,109,117,62,42,78,14,7"/><V37/><F37/><W26/><G107/><T16/><D69/><U116/><E116/><V31/><F40/><W41/><G117/><T99/><D113/><U93/><E75/><V120/><F68/><W66/><G114/><T47/><D118/><U20/><E111/><V12/><F128/><N who="0" m="49258" /><D108/><U18/><E122/><V132/><F132/><W51/><G109/><T56/><D56/><U76/><E10/><V79/><F79/><W49/><G133/><T106/><D106/><U46/><E2/><V61/><F61/><W25/><G78/><T52/><D44/><U35/><E35/><V103/><F22/><W32/><G32/><T95/><D16/><U0/><E0/><V91/><F103/><W43/><G7/><T55/><D55/><U125/><E46/><V72/><F91/><W123/><G3/><T8/><D8/><U85/><E101/><V29/><REACH who="2" step="1"/><F72/><REACH who="2" ten="168,390,103,329" step="2"/><W30/><G123/><AGARI ba="0,1" hai="4,5,12,15,29,31,33,34,64,67,120,123,124,126" machi="123" ten="25,9600,0" yaku="1,1,2,1,22,2,53,0" doraHai="21" doraHaiUra="98" who="2" fromWho="3" sc="168,0,390,0,103,106,329,-96" /><INIT seed="2,1,0,4,3,66" ten="168,390,209,233" oya="2" hai0="79,87,88,48,131,99,73,117,86,33,97,111,103" hai1="9,102,116,34,23,124,10,95,51,60,118,35,72" hai2="94,112,47,125,126,18,11,69,100,50,78,32,53" hai3="68,134,113,43,114,44,30,67,135,55,98,91,108"/><V59/><F32/><W8/><G30/><T129/><D33/><U127/><E72/><V123/><F123/><W2/><G108/><T109/><D48/><U65/><E51/><V52/><F112/><N who="3" m="43115" /><G55/><T26/><D26/><U16/><E34/><V38/><F78/><W54/><G54/><T92/><D117/><U3/><E35/><V71/><F11/><N who="1" m="4105" /><E3/><V63/><F18/><W104/><G91/><T29/><D29/><U15/><E95/><V25/><F25/><W93/><G104/><T130/><D97/><U61/><E102/><V74/><F74/><W22/><G22/><T13/><D13/><U17/><E17/><V62/><F38/><N who="3" m="21623" /><G93/><N who="0" m="58863" /><D73/><U105/><E105/><V96/><REACH who="2" step="1"/><F63/><REACH who="2" ten="168,390,199,233" step="2"/><N who="3" m="40063" /><G98/><T4/><D4/><AGARI ba="1,1" hai="2,4,8,134,135" m="40063,21623,43115" machi="4" ten="30,3900,0" yaku="11,1,23,1,52,1" doraHai="66" who="3" fromWho="0" sc="168,-42,390,0,199,0,233,52" /><INIT seed="3,0,0,3,5,101" ten="126,390,199,285" oya="3" hai0="25,122,91,8,128,125,130,135,64,43,114,51,15" hai1="82,24,39,22,28,77,63,133,75,56,60,40,3" hai2="18,20,78,102,34,10,119,68,92,73,115,38,111" hai3="48,110,84,41,53,14,4,126,132,42,67,65,117"/><W134/><G4/><T23/><D64/><N who="3" m="24649" /><G14/><T118/><D91/><U50/><E3/><V30/><F68/><W95/><G95/><T12/><D51/><U116/><E133/><N who="3" m="51306" /><G84/><T85/><D85/><U107/><E107/><V66/><F66/><W72/><G72/><T100/><D100/><U131/><E131/><N who="0" m="50217" /><D43/><N who="3" m="16393" /><G117/><T37/><D37/><U70/><E116/><V36/><F38/><W97/><G97/><T123/><D118/><U87/><E39/><V9/><F36/><W35/><G35/><T106/><D135/><U13/><E70/><V61/><F34/><W2/><G2/><T81/><D81/><U80/><E13/><N who="0" m="5193" /><D106/><U129/><E129/><V109/><F119/><W17/><G17/><N who="0" m="12527" /><D8/><U113/><E80/><V90/><F9/><W45/><G110/><T21/><D125/><AGARI ba="0,0" hai="45,48,53,125,126" m="16393,51306,24649" machi="125" ten="40,7700,0" yaku="20,1,34,2" doraHai="101" who="3" fromWho="0" sc="126,-77,390,0,199,0,285,77" /><INIT seed="3,1,0,1,4,89" ten="49,390,199,362" oya="3" hai0="124,132,46,59,37,127,66,110,77,83,45,93,9" hai1="11,22,91,118,36,82,100,113,43,120,24,62,99" hai2="1,17,39,61,30,86,44,130,53,121,42,0,64" hai3="14,7,131,115,114,57,79,40,129,135,106,49,101"/><W69/><G69/><T85/><D110/><U25/><E120/><V76/><F121/><W35/><G35/><T81/><D37/><U20/><E113/><V8/><F130/><N who="3" m="49675" /><G79/><T119/><D9/><U28/><E118/><V19/><F30/><W54/><G135/><T18/><D119/><U23/><E36/><V13/><F19/><W84/><G84/><T117/><D117/><U107/><E43/><V47/><F76/><W103/><G40/><T10/><D132/><U125/><E125/><V96/><F86/><W78/><G78/><T65/><D127/><U52/><E91/><V116/><F96/><N who="3" m="61735" /><G103/><T112/><D124/><U105/><E82/><V75/><F75/><W68/><G68/><T41/><D81/><U94/><E11/><AGARI ba="1,0" hai="7,11,14,49,54,57,114,115" m="61735,49675" machi="11" ten="30,1500,0" yaku="19,1" doraHai="89" who="3" fromWho="1" sc="49,0,390,-18,199,0,362,18" owari="49,-45.1,372,17.2,199,-20.1,380,48.0" /></mjloggm>