<mjloggm ver="2.3"><GO type="225" lobby="0"/><UN n0="%54%4F%52" n1="%E3%82%A2%E3%82%A4%E3%82%B9%E3%83%86%E3%82%A3%E3%83%BC%E3%81%82%E3%81%B9" n2="%E7%B4%94%E6%BD%94%E3%83%94%E3%83%A9%E3%83%8B%E3%82%A2" n3="%E3%81%B2%E3%81%AA%E3%81%AE%E3%82%8A%E3%81%8F" dan="17,16,16,17" rate="2254.87,2094.36,2139.76,2236.16" sx="M,M,M,M"/><TAIKYOKU oya="0"/><INIT seed="0,0,0,5,2,43" ten="250,250,250,250" oya="0" hai0="129,46,30,8,92,44,82,42,102,75,94,60,80" hai1="27,111,32,10,105,31,64,49,12,134,99,35,89" hai2="108,38,55,21,48,54,57,78,29,65,24,33,124" hai3="84,34,110,67,16,71,7,79,118,130,0,9,53"/><T19/><D129/><U117/><E111/><V5/><F108/><W113/><G118/><T116/><D116/><U86/><E134/><V69/><F124/><W63/><G130/><T133/><D133/><U93/><E117/><V106/><F106/><W50/><G113/><T40/><D30/><U103/><E64/><V88/><F38/><W39/><G39/><T100/><D60/><U112/><E112/><V91/><F5/><W56/><G110/><T77/><D19/><U131/><E131/><V96/><F78/><W83/><G34/><T6/><D6/><U98/><E49/><V22/><F55/><W95/><G95/><T11/><D77/><U25/><E25/><V3/><F3/><W68/><REACH who="3" step="1"/><G16/><REACH who="3" ten="250,250,250,240" step="2"/><T23/><D23/><U18/><E99/><V26/><F96/><W20/><G20/><AGARI ba="0,1" hai="10,12,18,20,27,31,32,35,86,89,93,98,103,105" machi="20" ten="30,1000,0" yaku="7,1" doraHai="43" who="1" fromWho="3" sc="250,0,250,20,250,0,240,-10" /><INIT seed="1,0,0,5,5,102" ten="250,270,250,230" oya="1" hai0="68,79,92,103,88,59,111,82,116,33,11,61,47" hai1="120,37,91,48,18,118,89,32,42,124,17,27,98" hai2="104,90,39,74,119,23,132,63,43,54,85,7,134" hai3="122,133,99,135,94,16,14,6,93,84,64,62,55"/><U24/><E120/><V49/><F74/><W12/><G122/><T13/><D116/><U126/><E37/><V115/><F119/><W100/><G6/><T129/><D33/><U125/><E118/><V117/><F117/><W57/><G14/><T26/><D68/><U95/><E91/><V5/><F115/><W53/><G84/><T128/><D111/><U66/><E66/><V127/><F127/><W45/><G94/><T30/><D103/><U112/><E112/><V46/><F63/><W19/><G19/><T69/><D69/><U131/><E131/><N who="0" m="50249" /><D47/><N who="1" m="25719" /><E27/><V58/><F104/><W73/><G73/><N who="0" m="43375" /><D26/><U36/><E36/><V113/><F113/><W76/><G76/><T20/><D20/><N who="1" m="13327" /><E18/><V107/><F107/><W38/><G38/><T121/><D30/><U78/><E78/><V0/><F23/><N who="3" m="11655" /><G45/><T21/><D21/><U101/><E101/><V97/><F0/><W41/><G41/><T109/><D109/><U40/><E40/><V25/><F25/><W77/><G77/><T110/><D110/><U87/><E32/><V44/><F44/><W3/><G3/><T96/><D121/><U10/><E10/><V65/><F5/><W108/><G108/><T114/><D114/><U8/><E8/><V50/><F7/><W31/><G31/><T105/><D105/><U75/><E75/><V72/><F72/><W29/><G29/><T28/><D28/><U81/><E81/><N who="2" m="49455" /><F39/><W1/><G1/><T123/><D123/><U70/><E70/><V15/><F15/><W56/><G56/><T4/><D59/><U86/><AGARI ba="0,0" hai="86,87,89,95,98,124,125,126" m="13327,25719" machi="86" ten="40,2100,0" yaku="18,1" doraHai="102" who="1" fromWho="1" sc="250,-7,270,21,250,-7,230,-7" /><INIT seed="1,1,0,4,4,101" ten="243,291,243,223" oya="1" hai0="104,66,50,47,97,64,14,133,42,92,96,27,79" hai1="106,103,39,131,12,62,51,54,35,22,38,32,124" hai2="125,6,117,121,67,37,5,56,31,74,2,30,24" hai3="19,134,20,86,100,40,128,68,11,81,116,61,4"/><U10/><E124/><V59/><F37/><W130/><G134/><T23/><D133/><U15/><E62/><V17/><F74/><W132/><G132/><T119/><D119/><U85/><E131/><N who="3" m="50218" /><G40/><T126/><D126/><U84/><E22/><V36/><F36/><W73/><G73/><T114/><D114/><U52/><E103/><V9/><F117/><W98/><G61/><T120/><D120/><U46/><E51/><V107/><F121/><W135/><G68/><T65/><D79/><U99/><E99/><V0/><F17/><W108/><G108/><T94/><D14/><U93/><E93/><N who="0" m="35945" /><D104/><U60/><E60/><V95/><F95/><N who="3" m="58463" /><G135/><T26/><D26/><U63/><E63/><V58/><F67/><W80/><G116/><T102/><D102/><U48/><E48/><V72/><F72/><W71/><G86/><T122/><D122/><U82/><E10/><V3/><F9/><W16/><G71/><T75/><D75/><U123/><E123/><V43/><F125/><W45/><G45/><T112/><D112/><U7/><E46/><V115/><F115/><W76/><G76/><T118/><D118/><U88/><E82/><N who="3" m="31850" /><G20/><T113/><D113/><U89/><E7/><N who="2" m="2571" /><F43/><W49/><G49/><T110/><D110/><U25/><E25/><V21/><F24/><W34/><G34/><T70/><D70/><U109/><E109/><V28/><F21/><W18/><G18/><AGARI ba="1,0" hai="18,23,27,42,47,50,64,65,66,96,97" m="35945" machi="18" ten="30,1000,0" yaku="8,1" doraHai="101" who="0" fromWho="3" sc="243,13,291,0,243,0,223,-13" /><INIT seed="2,0,0,4,4,126" ten="256,291,243,210" oya="2" hai0="13,17,65,9,40,50,134,46,67,34,110,103,90" hai1="91,27,114,7,18,125,8,129,68,76,116,29,92" hai2="20,6,59,115,2,93,75,55,32,81,123,66,118" hai3="87,113,132,14,104,105,73,26,30,127,45,41,80"/><V124/><F115/><W31/><G127/><T121/><D121/><U74/><E125/><V1/><F118/><W106/><G73/><T35/><D110/><U61/><E18/><V88/><F123/><W42/><G113/><T101/><D134/><U112/><E116/><V25/><F32/><W69/><G69/><T52/><D34/><U43/><E43/><V83/><F66/><W15/><G132/><T21/><D35/><U22/><E129/><V37/><F37/><W95/><G95/><T24/><D90/><U36/><E36/><V97/><F124/><W133/><G133/><T86/><D86/><U23/><E22/><V70/><F70/><W84/><G26/><T11/><D11/><U64/><E76/><V38/><F38/><W119/><G119/><T122/><D122/><U96/><REACH who="1" step="1"/><E74/><REACH who="1" ten="256,281,243,210" step="2"/><V12/><F75/><W94/><G42/><T79/><D79/><U49/><E49/><V48/><F1/><AGARI ba="0,1" hai="1,7,8,23,27,29,61,64,68,91,92,96,112,114" machi="1" ten="30,2000,0" yaku="1,1,7,1,53,0" doraHai="126" doraHaiUra="78" who="1" fromWho="2" sc="256,0,281,30,243,-20,210,0" /><INIT seed="3,0,0,3,5,1" ten="256,311,223,210" oya="3" hai0="65,75,61,59,96,25,55,7,44,27,45,51,17" hai1="30,103,8,32,106,26,69,127,9,121,22,92,129" hai2="71,19,128,70,40,53,100,68,87,15,120,123,5" hai3="101,130,58,91,122,105,102,89,80,94,64,12,49"/><W28/><G122/><N who="2" m="46633" /><F128/><W134/><G130/><T11/><D75/><U115/><E115/><V86/><F40/><W2/><G2/><T56/><D96/><U43/><E127/><V74/><F74/><W20/><G105/><T50/><D17/><U46/><E69/><N who="2" m="17667" /><V111/><DORA hai="42" /><F111/><W97/><G134/><T95/><D95/><U34/><E106/><V117/><F117/><W33/><G33/><T82/><D82/><U93/><E93/><V0/><F100/><N who="3" m="38507" /><G80/><T21/><D21/><U81/><E22/><N who="2" m="11647" /><F53/><N who="3" m="32047" /><G64/><T57/><D57/><U119/><E43/><V14/><F14/><W85/><G91/><T23/><D23/><U38/><E34/><V24/><F24/><N who="0" m="9290" /><D51/><U10/><E26/><V62/><F62/><W37/><G37/><T29/><D29/><U35/><E30/><V39/><F39/><W126/><G126/><T60/><D50/><U73/><E38/><V41/><F41/><W67/><G67/><T76/><D76/><U52/><E119/><V132/><F132/><W47/><G28/><T31/><D31/><U118/><E118/><V125/><F125/><W90/><G90/><T98/><D98/><N who="1" m="59847" /><E129/><V3/><F3/><W79/><G79/><T72/><D72/><U131/><E131/><V104/><F104/><W77/><G77/><T83/><D83/><U112/><E121/><V113/><F113/><W54/><G12/><AGARI ba="0,0" hai="7,11,12,44,45,55,56,59,60,61,65" m="9290" machi="12" ten="30,7700,0" yaku="8,1,52,3" doraHai="1,42" who="0" fromWho="3" sc="256,77,311,0,223,0,210,-77" owari="333,43.3,311,11.1,223,-17.7,133,-36.7" /></mjloggm>