<mjloggm ver="2.3"><GO type="225" lobby="0"/><UN n0="%E4%BE%BF%E6%89%80" n1="%E3%82%BC%E3%83%AB%E3%83%80%E3%81%AE%E4%BC%9D%E8%AA%AC" n2="%E7%89%B9%E6%9D%B1%E3%81%AF%E4%B8%96%E7%95%8C%E3%82%92%E6%95%91%E3%81%86" n3="%4C%4F%4C%49%54%41" dan="16,17,16,16" rate="2028.07,2238.75,2154.85,2175.98" sx="M,M,M,F"/><TAIKYOKU oya="0"/><INIT seed="0,0,0,1,5,35" ten="250,250,250,250" oya="0" hai0="19,106,94,79,69,10,107,62,55,49,15,56,99" hai1="127,98,18,103,34,108,48,47,105,70,27,52,46" hai2="31,39,131,78,38,36,77,132,71,5,87,26,133" hai3="66,85,72,75,65,11,45,114,91,25,0,126,21"/><T129/><D129/><U113/><E108/><V88/><F71/><W4/><G114/><T68/><D79/><U90/><E127/><V61/><F61/><W13/><G126/><T20/><D10/><U23/><E113/><V81/><F5/><W30/><G45/><T120/><D120/><U74/><E70/><V97/><F131/><W22/><G22/><T57/><D69/><U42/><E74/><V83/><F97/><W12/><G12/><T111/><D68/><U37/><E90/><V8/><F8/><W102/><G102/><T117/><D117/><U1/><REACH who="1" step="1"/><E34/><REACH who="1" ten="250,240,250,250" step="2"/><V100/><F100/><W3/><G72/><T29/><D111/><U80/><E80/><V134/><F83/><W128/><G75/><T96/><D96/><U50/><E50/><V28/><REACH who="2" step="1"/><F28/><REACH who="2" ten="250,240,240,250" step="2"/><W63/><G128/><T104/><D29/><U84/><E84/><V116/><F116/><W124/><G124/><T95/><REACH who="0" step="1"/><D99/><REACH who="0" ten="240,240,240,250" step="2"/><U51/><E51/><V2/><F2/><AGARI ba="0,3" hai="1,2,18,23,27,37,42,46,47,48,52,98,103,105" machi="2" ten="40,8000,1" yaku="1,1,52,2,54,1,53,1" doraHai="35" doraHaiUra="101" who="1" fromWho="2" sc="240,0,240,110,240,-80,250,0" /><INIT seed="1,0,0,4,5,53" ten="240,350,160,250" oya="1" hai0="131,7,27,106,51,14,56,109,71,124,24,92,96" hai1="10,19,65,68,130,83,82,41,80,88,121,75,102" hai2="62,99,1,29,107,101,86,9,0,8,73,111,40" hai3="135,42,120,112,100,69,70,45,54,85,84,97,43"/><U133/><E121/><V52/><F111/><W72/><G120/><T30/><D71/><U59/><E68/><V55/><F73/><W87/><G112/><T38/><D38/><U31/><E133/><V33/><F40/><W77/><G42/><T60/><D106/><U50/><E130/><V48/><F86/><W113/><G113/><T11/><D131/><U125/><E125/><V15/><F9/><W34/><G34/><T63/><D109/><U22/><E75/><V90/><F90/><W17/><G135/><T93/><D124/><U64/><E102/><V32/><F55/><W119/><G119/><T37/><D37/><U74/><E74/><V115/><F62/><N who="0" m="23594" /><D30/><U4/><E31/><V76/><F76/><W35/><G35/><T134/><D134/><U58/><E88/><V20/><F20/><W122/><G122/><T110/><D110/><U36/><E36/><V23/><F23/><W5/><G5/><T6/><D6/><U46/><E65/><V47/><F115/><W104/><G54/><N who="0" m="31839" /><D92/><U89/><E64/><V94/><F107/><W118/><G118/><T105/><D105/><U18/><E89/><AGARI ba="0,0" hai="7,11,14,24,27,89,93,96" m="31839,23594" machi="89" ten="30,2000,0" yaku="8,1,52,1" doraHai="53" who="0" fromWho="1" sc="240,20,350,-20,160,0,250,0" /><INIT seed="2,0,0,1,5,13" ten="260,330,160,250" oya="2" hai0="105,127,131,24,25,81,58,124,73,57,126,31,15" hai1="53,54,121,97,16,19,122,119,22,12,106,113,65" hai2="62,70,71,82,101,8,48,76,74,30,64,14,129" hai3="29,98,36,68,110,118,85,69,115,5,108,79,42"/><V2/><F129/><W10/><G118/><T109/><D105/><U55/><E119/><V23/><F101/><W112/><G29/><T6/><D131/><U104/><E113/><N who="3" m="43594" /><G98/><T28/><D109/><N who="3" m="42089" /><G79/><N who="0" m="44271" /><D6/><U130/><E130/><V52/><F2/><N who="3" m="311" /><G85/><T20/><D15/><N who="1" m="9503" /><E65/><V66/><F66/><W133/><G133/><T135/><D135/><U116/><E97/><V63/><F71/><W26/><G26/><T125/><N who="0" m="31744" /><DORA hai="83" /><T78/><D78/><U95/><E116/><V18/><F64/><W1/><G1/><T77/><D77/><U59/><E106/><V128/><F70/><W114/><G114/><T80/><D80/><U46/><E104/><V40/><F128/><W132/><G132/><T92/><D92/><U84/><E121/><V4/><F30/><W88/><G88/><T87/><D87/><U7/><E7/><V35/><F35/><AGARI ba="0,0" hai="20,24,25,28,31,35,57,58" m="31744,44271" machi="35" ten="60,2000,0" yaku="18,1" doraHai="13,83" who="0" fromWho="2" sc="260,20,330,0,160,-20,250,0" /><INIT seed="3,0,0,3,4,72" ten="280,330,140,250" oya="3" hai0="48,119,115,29,111,10,92,50,4,84,58,63,120" hai1="19,27,95,41,59,125,40,103,132,107,101,108,126" hai2="110,121,26,68,37,133,89,122,28,71,5,66,38" hai3="109,60,43,45,2,85,30,15,39,62,64,127,87"/><W3/><G127/><N who="1" m="48650" /><E108/><V31/><F5/><W105/><G105/><T104/><D104/><U13/><E132/><V34/><F110/><W36/><G109/><T118/><D120/><U12/><E107/><V14/><F14/><N who="1" m="5737" /><E59/><V52/><F133/><W51/><G30/><T25/><D115/><U74/><E74/><V82/><F66/><W86/><G15/><T78/><D111/><U94/><E94/><V67/><F67/><W114/><G114/><T54/><D118/><U130/><E130/><V124/><F124/><W56/><REACH who="3" step="1"/><G62/><REACH who="3" ten="280,330,140,240" step="2"/><T16/><D29/><U0/><E0/><AGARI ba="0,1" hai="0,2,3,36,39,43,45,51,56,60,64,85,86,87" machi="0" ten="40,3900,0" yaku="1,1,2,1,53,0" doraHai="72" doraHaiUra="1" who="3" fromWho="1" sc="280,0,330,-39,140,0,240,49" /><INIT seed="3,1,0,0,0,28" ten="280,291,140,289" oya="3" hai0="105,128,118,18,8,133,46,110,30,38,4,21,97" hai1="112,2,93,49,82,92,91,36,123,131,75,52,37" hai2="33,132,88,122,40,95,61,22,76,113,29,10,63" hai3="125,59,56,15,13,130,89,53,111,83,70,98,107"/><W115/><G115/><T78/><D118/><U55/><E123/><V50/><F113/><W1/><G70/><T108/><D133/><U90/><E112/><V116/><F116/><W66/><G1/><N who="0" m="15" /><D128/><U48/><E82/><V32/><F76/><W79/><G130/><T35/><D78/><U104/><E131/><V64/><F10/><W57/><G111/><N who="0" m="42539" /><D46/><U27/><E27/><N who="2" m="16631" /><F50/><W62/><G125/><T80/><D80/><U99/><E104/><V102/><F102/><W127/><G127/><T126/><D38/><U6/><E6/><V47/><F47/><W60/><G57/><T94/><D105/><U3/><E99/><N who="2" m="57831" /><F40/><W19/><G19/><T120/><D120/><U9/><E9/><V31/><F122/><W73/><REACH who="3" step="1"/><G89/><REACH who="3" ten="280,291,140,279" step="2"/><T84/><D126/><U58/><E58/><N who="2" m="36919" /><F31/><W117/><G117/><T135/><D30/><U41/><E2/><V42/><F63/><W39/><G39/><T85/><D18/><U72/><E3/><V34/><F132/><W43/><G43/><AGARI ba="1,1" hai="36,37,41,43,48,49,52,55,72,75,90,91,92,93" machi="43" ten="25,3200,0" yaku="22,2,54,1" doraHai="28" who="1" fromWho="3" sc="280,0,291,45,140,0,279,-35" owari="280,8.0,336,43.6,140,-36.0,244,-15.6" /></mjloggm>