<mjloggm ver="2.3"><GO type="225" lobby="0"/><UN n0="%6D%75%75%6D%75%72%61" n1="%30%2E%31%32%30" n2="%E3%81%99%E3%81%84%E3%81%BE%E3%81%9B%E3%83%BC%E3%82%93" n3="%4B%2E%32%2E%4B%2E" dan="17,16,17,17" rate="2198.60,2122.69,2243.09,2187.96" sx="F,M,M,M"/><TAIKYOKU oya="0"/><INIT seed="0,0,0,1,1,37" ten="250,250,250,250" oya="0" hai0="14,108,73,72,129,0,93,98,84,109,103,18,135" hai1="4,92,69,107,127,99,123,126,113,47,85,10,115" hai2="101,80,114,19,28,78,61,67,95,45,120,76,30" hai3="121,59,79,104,25,39,86,13,41,7,124,43,27"/><T66/><D0/><U15/><E69/><V83/><F120/><W96/><G39/><T63/><D129/><U9/><E107/><V125/><F125/><N who="1" m="47625" /><E123/><V87/><F114/><N who="1" m="43529" /><E47/><V134/><F134/><W88/><G124/><T11/><D135/><U16/><E85/><V20/><F45/><W23/><G121/><T24/><D84/><U62/><E62/><V131/><F131/><W64/><G79/><T34/><D63/><U90/><E9/><V132/><F132/><W52/><G96/><T118/><D118/><U133/><E133/><V60/><F60/><N who="3" m="35943" /><G104/><T57/><D57/><U122/><E122/><V46/><F46/><W89/><G64/><T53/><D66/><U6/><AGARI ba="0,0" hai="4,6,10,15,16,90,92,99" m="43529,47625" machi="6" ten="40,5200,0" yaku="18,1,11,1,54,1" doraHai="37" who="1" fromWho="1" sc="250,-26,250,52,250,-13,250,-13" /><INIT seed="1,0,0,2,5,90" ten="224,302,237,237" oya="1" hai0="17,39,64,74,123,104,9,112,42,70,98,14,131" hai1="4,79,31,134,126,13,47,115,132,44,5,122,54" hai2="111,50,99,38,102,2,59,11,93,119,105,36,69" hai3="75,71,29,83,84,117,48,72,76,45,68,1,25"/><U116/><E122/><V110/><F119/><W118/><G1/><T109/><D112/><U6/><E116/><N who="3" m="44650" /><G72/><T60/><D123/><U135/><E115/><V3/><F69/><W7/><G7/><T82/><D109/><N who="2" m="41482" /><F105/><W85/><G71/><T0/><D131/><U19/><E126/><V62/><F50/><W33/><G68/><T92/><D104/><U127/><E127/><V61/><F61/><W8/><G8/><T63/><D0/><N who="2" m="42" /><F11/><W22/><G33/><T23/><D63/><U24/><E54/><AGARI ba="0,0" hai="36,38,54,59,62,93,99,102" m="42,41482" machi="54" ten="30,2000,0" yaku="14,1,52,1" doraHai="90" who="2" fromWho="1" sc="224,0,302,-20,237,20,237,0" /><AGARI ba="0,0" hai="22,25,29,45,48,54,75,76,83,84,85" m="44650" machi="54" ten="30,1000,0" yaku="12,1" doraHai="90" who="3" fromWho="1" sc="224,0,282,-10,257,0,237,10" /><INIT seed="2,0,0,1,2,70" ten="224,272,257,247" oya="2" hai0="57,24,103,10,13,5,31,30,91,50,56,40,34" hai1="55,117,112,134,59,33,21,128,2,0,120,46,123" hai2="114,102,25,4,32,65,26,22,92,17,18,28,37" hai3="27,80,85,93,11,29,106,96,84,19,15,12,58"/><V47/><F114/><W63/><G106/><T111/><D111/><U39/><E33/><V23/><F65/><W115/><G115/><T107/><D31/><U118/><E112/><V135/><F135/><W48/><G48/><T97/><REACH who="0" step="1"/><D91/><REACH who="0" ten="214,272,257,247" step="2"/><U110/><E110/><V122/><F28/><W79/><G15/><T86/><D86/><U88/><E134/><V129/><F122/><W105/><G85/><T51/><D51/><U16/><E88/><V67/><F129/><W78/><G78/><T132/><D132/><U108/><E128/><V42/><F32/><W43/><G84/><T6/><D6/><U64/><E108/><V82/><F4/><W124/><G29/><T127/><D127/><U77/><E77/><V101/><F82/><W89/><G124/><T8/><D8/><U9/><E9/><V113/><F113/><W7/><G80/><T38/><D38/><U75/><E123/><V126/><F126/><W100/><G79/><T131/><D131/><U61/><E120/><V125/><F125/><W14/><G27/><T95/><D95/><U60/><E75/><V121/><F121/><W45/><G89/><T35/><D35/><U81/><E81/><V36/><F36/><W66/><G93/><T87/><D87/><U1/><E39/><V73/><F73/><W49/><REACH who="3" step="1"/><G14/><REACH who="3" ten="214,272,257,237" step="2"/><T130/><D130/><U76/><E76/><V54/><F92/><W99/><G99/><T104/><D104/><U20/><E117/><V98/><F98/><W94/><G94/><T41/><D41/><U44/><E118/><V52/><F42/><W119/><G119/><RYUUKYOKU ba="0,2" sc="214,15,272,-15,257,-15,237,15" hai0="5,10,13,24,30,34,40,50,56,57,97,103,107" hai3="7,11,12,19,43,45,49,58,63,66,96,100,105" /><INIT seed="3,1,2,1,3,20" ten="229,257,242,252" oya="3" hai0="103,104,51,18,41,67,52,28,7,65,135,89,53" hai1="121,10,48,25,83,37,99,123,73,3,106,54,44" hai2="1,63,95,40,64,81,4,86,33,82,75,77,38" hai3="101,133,118,23,93,76,55,110,0,90,100,125,60"/><W29/><G118/><T21/><D135/><U79/><E25/><V132/><F33/><W71/><G0/><T105/><D105/><U92/><E106/><V130/><F132/><W46/><G133/><T78/><D78/><U57/><E92/><V59/><F130/><W31/><G71/><T39/><D39/><U113/><E99/><V115/><F95/><W72/><G110/><T42/><D104/><U120/><E113/><V49/><F38/><W11/><G11/><T91/><D28/><U34/><E34/><V66/><F115/><W45/><G125/><T14/><D103/><U119/><E119/><V24/><F24/><N who="3" m="16543" /><G76/><T117/><D7/><N who="1" m="1407" /><E121/><V5/><F1/><W32/><G72/><T98/><D117/><U109/><E109/><V15/><F15/><W22/><G22/><T58/><D53/><U88/><E88/><N who="0" m="33865" /><D98/><U30/><E30/><V2/><F2/><W68/><G31/><T74/><D74/><U96/><E96/><V62/><F75/><W6/><G6/><T108/><D108/><U114/><E114/><V134/><F134/><W36/><G32/><T128/><D128/><U112/><E112/><V12/><F4/><W116/><G116/><T111/><D111/><U80/><E123/><V94/><F5/><W87/><G36/><T122/><D122/><U129/><E120/><V127/><F77/><W107/><G107/><T97/><D97/><U26/><E129/><V9/><F127/><W50/><G45/><T43/><AGARI ba="1,2" hai="14,18,21,41,42,43,51,52,58,65,67" m="33865" machi="43" ten="30,4000,0" yaku="8,1,54,2" doraHai="20" who="0" fromWho="0" sc="229,63,257,-11,242,-11,252,-21" /><INIT seed="4,0,0,2,0,37" ten="292,246,231,231" oya="0" hai0="121,18,29,28,60,102,68,101,24,38,61,109,86" hai1="99,129,58,125,130,54,85,112,132,111,34,77,30" hai2="106,81,62,91,52,75,104,107,11,110,31,116,95" hai3="133,122,105,15,118,93,79,21,6,2,5,135,19"/><T46/><D121/><U44/><E111/><V43/><F110/><W59/><G105/><T100/><D109/><U76/><E125/><V53/><F116/><W64/><G118/><T22/><D68/><U67/><E67/><V48/><F31/><N who="0" m="11850" /><D38/><U33/><E132/><N who="3" m="50762" /><G122/><T51/><D86/><U16/><E30/><V41/><F11/><N who="3" m="2487" /><G6/><T25/><D25/><U8/><E34/><V90/><F75/><W12/><G79/><T3/><D3/><U9/><E33/><V92/><F81/><W89/><G59/><T87/><D87/><U128/><E58/><N who="2" m="35143" /><F107/><W20/><G64/><T82/><D82/><U40/><E77/><V69/><F69/><W120/><G120/><T70/><D70/><U10/><E76/><V123/><F106/><W134/><N who="3" m="50770" /><W45/><DORA hai="127" /><G45/><T108/><D108/><U78/><E78/><V42/><F104/><W13/><G19/><T55/><AGARI ba="0,0" hai="18,22,24,46,51,55,60,61,100,101,102" m="11850" machi="55" ten="30,1500,0" yaku="8,1" doraHai="37,127" who="0" fromWho="0" sc="292,15,246,-5,231,-5,231,-5" owari="307,40.7,241,4.1,226,-17.4,226,-27.4" /></mjloggm>