<mjloggm ver="2.3"><GO type="225" lobby="0"/><UN n0="%72%69%6F%75%63%68%61%6E" n1="%E5%B6%BA%E4%B8%8A%E5%92%B2" n2="%E2%80%A0%E7%99%BD%E5%85%8E%E2%80%A0" n3="%73%61%6B%6F%EF%BC%A0%E6%9C%80" dan="17,16,18,17" rate="2215.43,2060.20,2132.89,2241.83" sx="M,F,M,M"/><TAIKYOKU oya="0"/><INIT seed="0,0,0,1,4,70" ten="250,250,250,250" oya="0" hai0="135,43,16,74,71,52,40,125,26,56,18,113,90" hai1="65,32,89,22,76,115,75,87,41,81,7,91,34" hai2="121,68,93,58,120,46,95,44,53,38,105,77,4" hai3="99,100,96,28,117,36,122,106,129,94,30,9,78"/><T63/><D113/><U25/><E115/><V0/><F68/><W84/><G117/><T64/><D74/><U42/><E7/><V17/><F105/><W11/><G129/><T66/><D125/><U45/><E42/><N who="0" m="15913" /><D71/><U51/><E65/><N who="0" m="25193" /><D135/><U72/><E72/><V33/><F33/><W124/><G122/><T112/><D112/><U83/><REACH who="1" step="1"/><E91/><REACH who="1" ten="250,240,250,250" step="2"/><V86/><F4/><W118/><G124/><T27/><D90/><U14/><E14/><V55/><F120/><W130/><G130/><T3/><D3/><U19/><AGARI ba="0,1" hai="19,22,25,32,34,41,45,51,75,76,81,83,87,89" machi="19" ten="20,2700,0" yaku="1,1,0,1,7,1,53,0" doraHai="70" doraHaiUra="60" who="1" fromWho="1" sc="250,-13,240,37,250,-7,250,-7" /><INIT seed="1,0,0,5,3,30" ten="237,277,243,243" oya="1" hai0="10,64,28,0,123,133,7,29,101,61,121,11,56" hai1="27,46,75,53,88,38,132,130,32,94,62,99,33" hai2="102,96,134,110,103,92,41,90,106,77,72,107,18" hai3="6,112,45,39,55,120,25,95,35,58,122,129,68"/><U9/><E130/><V105/><F41/><W40/><G112/><T108/><D108/><U118/><E118/><V111/><F18/><W69/><G129/><T82/><D133/><U93/><E75/><V100/><F134/><W50/><G6/><T114/><D114/><U104/><E132/><V21/><F21/><W13/><G13/><T67/><D101/><U113/><E113/><V31/><F31/><W48/><G95/><T124/><D124/><U85/><E104/><V119/><F119/><W74/><G74/><T66/><D82/><AGARI ba="0,0" hai="72,77,82,90,92,96,100,102,103,105,106,107,110,111" machi="82" ten="50,6400,0" yaku="34,3" doraHai="30" who="2" fromWho="0" sc="237,-64,277,0,243,64,243,0" /><INIT seed="2,0,0,5,1,113" ten="173,277,307,243" oya="2" hai0="115,28,27,72,69,26,87,7,114,118,135,133,61" hai1="97,76,90,88,92,101,131,42,33,52,64,38,122" hai2="132,108,58,67,22,48,75,84,126,109,45,62,49" hai3="63,110,124,73,1,116,32,17,107,100,43,56,81"/><V104/><F75/><W35/><G1/><T94/><D72/><U95/><E33/><V83/><F104/><W55/><G110/><N who="2" m="42601" /><F126/><W74/><G124/><T128/><D7/><U96/><E131/><V39/><F132/><N who="0" m="50762" /><D87/><U130/><E130/><V10/><F22/><W86/><G100/><T36/><D128/><U60/><E122/><V4/><F45/><W99/><G99/><T34/><D36/><U78/><E101/><V127/><F39/><W23/><G74/><T85/><D85/><U121/><E121/><V71/><F71/><W102/><G73/><T25/><D94/><U2/><E2/><N who="2" m="279" /><F127/><W15/><G107/><T21/><D69/><U0/><E0/><V70/><F70/><W51/><G102/><T103/><D103/><U77/><E38/><V14/><F14/><W29/><G15/><T53/><D26/><U129/><E129/><V8/><F8/><W91/><G81/><T44/><D44/><U12/><E12/><V93/><F93/><W89/><G56/><N who="0" m="34959" /><D114/><U112/><E112/><V20/><F20/><W18/><G23/><T82/><D115/><U30/><E30/><V98/><F98/><W79/><G29/><N who="0" m="19759" /><D82/><U134/><E134/><V68/><F68/><W3/><G35/><T11/><D11/><U31/><E31/><V120/><F120/><W80/><G32/><T66/><D66/><U37/><E64/><V125/><F125/><W111/><BYE who="2" /><G111/><T59/><D59/><N who="1" m="34919" /><E37/><V50/><F50/><W106/><G51/><T16/><D28/><UN n2="%E2%80%A0%E7%99%BD%E5%85%8E%E2%80%A0" /><U65/><E65/><V41/><F41/><BYE who="2" /><AGARI ba="0,0" hai="41,42,76,77,78,88,90,92,95,96,97" m="34919" machi="41" ten="30,3900,0" yaku="8,1,54,2" doraHai="113" who="1" fromWho="2" sc="173,0,277,39,307,-39,243,0" /><INIT seed="3,0,0,1,0,21" ten="173,316,268,243" oya="3" hai0="10,105,134,2,98,69,23,68,126,60,131,64,125" hai1="63,7,20,47,115,127,15,12,71,113,106,13,91" hai2="62,19,89,132,117,8,79,92,29,54,72,102,103" hai3="119,75,35,24,9,123,6,26,97,44,32,65,133"/><W70/><G123/><T122/><D122/><U94/><E106/><V107/><F107/><W50/><G119/><T95/><D131/><U112/><E127/><V85/><F85/><W80/><G70/><T74/><D134/><U121/><E121/><V34/><F34/><W86/><G65/><T48/><D74/><UN n2="%E2%80%A0%E7%99%BD%E5%85%8E%E2%80%A0" /><U104/><E104/><V36/><F117/><W56/><G75/><T49/><D105/><U59/><E71/><V16/><F36/><W116/><G116/><T76/><D69/><U39/><E7/><V129/><F129/><W114/><G114/><T17/><D76/><U30/><E39/><V58/><F79/><N who="3" m="46367" /><G133/><T53/><D10/><U38/><E38/><V28/><F72/><W101/><G56/><T3/><D48/><U108/><E108/><V25/><F132/><W22/><G22/><T42/><D42/><U27/><E47/><V67/><F67/><W61/><G61/><T128/><D128/><U11/><E11/><V57/><F57/><W78/><G78/><T40/><D40/><U120/><E120/><V4/><F58/><W99/><G32/><T55/><D55/><U51/><E51/><V14/><F54/><N who="3" m="30023" /><G35/><T81/><D81/><U5/><E59/><V135/><F62/><W109/><G109/><T45/><D126/><U52/><E63/><V90/><F135/><W110/><G110/><T130/><D125/><U111/><E111/><V1/><F1/><W46/><G46/><T96/><D130/><U37/><E37/><V83/><F8/><W124/><G124/><T93/><D68/><U84/><E52/><V33/><F33/><RYUUKYOKU ba="0,0" sc="173,-10,316,30,268,-10,243,-10" hai1="5,12,13,15,20,27,30,84,91,94,112,113,115" owari="163,-33.7,346,44.6,258,5.8,233,-16.7" /></mjloggm>