<mjloggm ver="2.3"><GO type="225" lobby="0"/><UN n0="%72%69%6F%75%63%68%61%6E" n1="%E3%81%8B%E3%82%8F%E3%81%A1%E3%82%83%E3%82%93%35%38" n2="%E3%81%B5%E3%81%98%E3%81%8B%E3%81%A4" n3="%E3%82%B2%E3%82%B9%E8%8C%82%E5%8B%9D" dan="16,16,16,16" rate="2175.07,2116.78,2090.39,2111.16" sx="M,M,M,F"/><TAIKYOKU oya="0"/><INIT seed="0,0,0,0,2,131" ten="250,250,250,250" oya="0" hai0="108,117,41,100,28,98,75,76,58,115,19,113,44" hai1="56,86,134,31,6,93,80,85,74,70,47,133,128" hai2="61,15,34,124,77,59,17,126,26,120,39,55,90" hai3="118,12,79,73,36,116,20,112,38,91,40,119,81"/><T0/><BYE who="1" /><D117/><U72/><E72/><V23/><F120/><W43/><G112/><T107/><D0/><UN n1="%E3%81%8B%E3%82%8F%E3%81%A1%E3%82%83%E3%82%93%35%38" /><U95/><E128/><V29/><F39/><W60/><G60/><T2/><D108/><U114/><E70/><V69/><F77/><W30/><G91/><T102/><D2/><U33/><E114/><V97/><F69/><W7/><G30/><T106/><D28/><U132/><E74/><V82/><F82/><W32/><G32/><T83/><D58/><U53/><E6/><V18/><F18/><W92/><G92/><N who="1" m="35402" /><E47/><V22/><F90/><W123/><G123/><T65/><D65/><U57/><E80/><V103/><REACH who="2" step="1"/><F34/><REACH who="2" ten="250,250,240,250" step="2"/><W45/><G36/><N who="0" m="21543" /><D19/><U121/><E121/><V8/><F8/><W88/><G40/><T84/><D84/><N who="1" m="32363" /><E53/><V122/><F122/><W11/><G88/><T62/><D113/><U13/><E13/><V127/><F127/><W109/><G109/><T16/><D115/><U24/><AGARI ba="0,1" hai="24,31,33,56,57,132,133,134" m="32363,35402" machi="24" ten="40,8000,1" yaku="20,1,52,3" doraHai="131" who="1" fromWho="1" sc="250,-40,250,90,240,-20,250,-20" /><INIT seed="1,0,0,0,2,21" ten="210,340,220,230" oya="1" hai0="131,40,66,28,14,34,86,29,101,23,13,50,16" hai1="9,106,30,51,124,93,64,70,48,91,92,89,24" hai2="79,109,68,0,98,5,84,22,57,25,62,103,47" hai3="95,119,115,122,107,32,1,12,125,38,49,81,33"/><U100/><E106/><V80/><F68/><W19/><G81/><T75/><D75/><U111/><E100/><V85/><F109/><W7/><G95/><T15/><D131/><U128/><E70/><V112/><F112/><W78/><G78/><T130/><D130/><U27/><E64/><V37/><F0/><W42/><G49/><T87/><D34/><U4/><E128/><V83/><F5/><W55/><G55/><T60/><D101/><U135/><E135/><V17/><F37/><W82/><G82/><T72/><D72/><U39/><E39/><V52/><F47/><W120/><G42/><T67/><D67/><U102/><E102/><V6/><F6/><W104/><G107/><T31/><D50/><U123/><E123/><V108/><F108/><W113/><G104/><T2/><D2/><U54/><E111/><V59/><F59/><W65/><G65/><T56/><REACH who="0" step="1"/><D40/><REACH who="0" ten="200,340,220,230" step="2"/><U3/><E3/><V126/><F126/><W94/><G125/><T8/><D8/><U46/><E9/><V110/><F110/><W53/><G115/><T35/><D35/><U44/><E124/><V99/><REACH who="2" step="1"/><F103/><REACH who="2" ten="200,340,210,230" step="2"/><W88/><G113/><T18/><D18/><U132/><E4/><V71/><F71/><W20/><G7/><T76/><D76/><AGARI ba="0,2" hai="17,22,25,52,57,62,76,79,80,83,84,85,98,99" machi="76" ten="30,12000,2" yaku="1,1,7,1,9,1,8,1,52,1,54,1,53,0" doraHai="21" doraHaiUra="133" who="2" fromWho="0" sc="200,-120,340,0,210,140,230,0" /><INIT seed="2,0,0,2,1,78" ten="80,340,350,230" oya="2" hai0="86,75,53,30,105,85,89,81,125,98,102,9,57" hai1="79,99,88,68,1,11,87,134,14,42,117,55,127" hai2="35,7,58,60,112,6,63,114,133,64,36,135,129" hai3="94,62,23,65,29,82,44,115,73,111,103,97,22"/><V77/><F35/><W56/><G111/><T43/><D125/><U70/><E117/><V10/><F36/><W95/><G115/><T130/><D130/><U51/><E1/><V45/><F45/><W47/><G94/><T101/><D30/><U118/><E118/><V40/><F40/><W119/><G119/><T34/><D34/><U61/><E42/><V50/><F50/><W108/><G108/><T96/><D43/><U13/><E127/><V84/><F129/><W12/><G22/><T66/><D66/><U131/><E131/><V132/><F63/><W8/><G8/><T37/><D37/><U124/><E124/><V33/><F33/><W106/><G106/><T18/><D9/><U59/><E134/><V92/><F7/><W116/><G116/><T107/><D18/><U54/><E99/><V128/><F128/><W21/><G21/><T32/><D32/><U72/><E79/><V100/><F100/><W39/><G39/><T74/><REACH who="0" step="1"/><D85/><REACH who="0" ten="70,340,350,230" step="2"/><U25/><E87/><V80/><REACH who="2" step="1"/><F92/><REACH who="2" ten="70,340,340,230" step="2"/><W113/><G113/><T5/><D5/><U91/><E54/><V31/><F31/><W110/><G110/><T46/><D46/><U15/><E55/><V109/><F109/><W0/><G44/><T38/><D38/><U104/><E104/><V67/><F67/><W121/><G47/><T26/><D26/><U126/><E25/><V3/><AGARI ba="0,2" hai="3,6,10,58,60,64,77,80,84,112,114,132,133,135" machi="3" ten="30,12000,1" yaku="1,1,0,1,20,1,52,1,53,1" doraHai="78" doraHaiUra="52" who="2" fromWho="2" sc="70,-40,340,-40,340,140,230,-40" /><INIT seed="2,1,0,3,3,7" ten="30,300,480,190" oya="2" hai0="61,86,4,109,0,81,35,130,18,47,77,103,115" hai1="114,32,57,68,2,29,37,99,83,64,96,112,82" hai2="72,87,22,70,38,89,132,25,73,113,129,121,5" hai3="1,102,8,104,71,133,67,107,91,111,135,74,34"/><V13/><F121/><W12/><G1/><T94/><D130/><U116/><E57/><V39/><F113/><W78/><G111/><T56/><D109/><U40/><E2/><V79/><F70/><W131/><G131/><T97/><D115/><U48/><E48/><V123/><F129/><W53/><G34/><T128/><D128/><U46/><E32/><V88/><F123/><W30/><G30/><T93/><D35/><U106/><E29/><V20/><F132/><N who="3" m="50763" /><G102/><T52/><D18/><U19/><E19/><V66/><F66/><W65/><G53/><T26/><D26/><U98/><E106/><N who="3" m="40490" /><G91/><T50/><D94/><U84/><E116/><V62/><F89/><W101/><G101/><T42/><D0/><U14/><E14/><V9/><F79/><W60/><G65/><T16/><D16/><U92/><E64/><V117/><F117/><W75/><G78/><T43/><REACH who="0" step="1"/><D4/><AGARI ba="1,0" hai="4,8,12,60,67,71,74,75" m="40490,50763" machi="4" ten="30,2000,0" yaku="20,1,52,1" doraHai="7" who="3" fromWho="0" sc="30,-23,300,0,480,0,190,23" /><INIT seed="3,0,0,2,5,72" ten="7,300,480,213" oya="3" hai0="108,12,21,32,134,122,61,68,86,67,79,53,26" hai1="65,69,48,81,19,115,60,71,59,73,80,40,34" hai2="111,6,94,105,36,82,132,49,120,23,131,113,43" hai3="57,14,125,97,18,135,20,37,118,129,58,2,3"/><W70/><G118/><T124/><D122/><U42/><E34/><V47/><F82/><W85/><G125/><T29/><D124/><U112/><E73/><V110/><F94/><W90/><G70/><T83/><D108/><U27/><E27/><V96/><F23/><W84/><G129/><T121/><D121/><U52/><E19/><V0/><F49/><W9/><G135/><T106/><D134/><U128/><E128/><V22/><F22/><W127/><G127/><T123/><D123/><U41/><E80/><V5/><F5/><W39/><G97/><T56/><D106/><U102/><E81/><V101/><F120/><W98/><G98/><T76/><D12/><U44/><E102/><V17/><F17/><W38/><G84/><T114/><D114/><AGARI ba="0,0" hai="40,41,42,44,48,52,59,60,65,69,71,112,114,115" machi="114" ten="40,8000,1" yaku="34,3,54,1" doraHai="72" who="1" fromWho="0" sc="7,-80,300,80,480,0,213,0" owari="-73,-57.3,380,18.0,480,58.0,213,-18.7" /></mjloggm>