<mjloggm ver="2.3"><GO type="225" lobby="0"/><UN n0="%6C%61%6D%62" n1="%E3%81%BD%E3%81%A1%E3%81%9F%E3%81%93%E3%82%84" n2="%E3%81%AF%E3%82%88%E3%81%8A%E3%81%98%E3%81%95%E3%82%93" n3="%48%61%61%61%6C%61%6E%64" dan="16,17,16,17" rate="2145.57,2193.51,2195.09,2237.69" sx="M,M,M,M"/><TAIKYOKU oya="0"/><INIT seed="0,0,0,4,0,86" ten="250,250,250,250" oya="0" hai0="58,52,84,21,40,78,30,122,134,70,100,88,46" hai1="1,110,115,126,87,124,127,71,29,92,42,131,32" hai2="22,59,56,55,106,24,23,109,121,81,65,77,39" hai3="35,9,89,0,36,15,82,38,61,8,4,105,120"/><T11/><D122/><U43/><E110/><V80/><F121/><W28/><G105/><T66/><D134/><U91/><E131/><V2/><F106/><W75/><G120/><T67/><D70/><U57/><E71/><V83/><F39/><W14/><G0/><T133/><D133/><U93/><E115/><V101/><F2/><W27/><G61/><T111/><D100/><U112/><E112/><V5/><F109/><W41/><G41/><T16/><D78/><U128/><E128/><V13/><F101/><W51/><G51/><N who="0" m="27079" /><D11/><U64/><E1/><V94/><F94/><W68/><G68/><T85/><D30/><U12/><E93/><V123/><F77/><W129/><G129/><T10/><D84/><U116/><E116/><V125/><F125/><W7/><G75/><T49/><D10/><U37/><E37/><V60/><F123/><W73/><G73/><T34/><D34/><U17/><E29/><V19/><F5/><W90/><G90/><T96/><D96/><U104/><E32/><V6/><F6/><W99/><G99/><T98/><D98/><U63/><E104/><V50/><REACH who="2" step="1"/><F23/><AGARI ba="0,0" hai="12,17,23,42,43,57,63,64,87,91,92,124,126,127" machi="23" ten="40,2600,0" yaku="18,1,52,1" doraHai="86" who="1" fromWho="2" sc="250,0,250,26,250,-26,250,0" /><INIT seed="1,0,0,0,3,75" ten="250,276,224,250" oya="1" hai0="82,59,65,51,35,22,30,121,74,4,119,57,122" hai1="125,84,32,73,16,27,106,5,77,111,47,36,100" hai2="133,126,72,43,117,116,127,33,21,114,50,83,103" hai3="60,11,49,71,120,54,14,76,7,128,123,42,64"/><U62/><E73/><V63/><F33/><W34/><G34/><T24/><D119/><U61/><E5/><V52/><F103/><W39/><G128/><T26/><D4/><U112/><E112/><V96/><F96/><W90/><G90/><T134/><D134/><U118/><E118/><N who="2" m="45675" /><F72/><W107/><G107/><T113/><D113/><U53/><E100/><V70/><F83/><W93/><G93/><T25/><D25/><U131/><E106/><V18/><F18/><W105/><G105/><T10/><D10/><U79/><E84/><V124/><F21/><W81/><G39/><T29/><D65/><U12/><E32/><V13/><F13/><W130/><G130/><T67/><D67/><U41/><E27/><V37/><F114/><W1/><G1/><T78/><REACH who="0" step="1"/><D59/><REACH who="0" ten="240,276,224,250" step="2"/><U23/><E131/><V97/><F133/><W6/><G7/><T110/><D110/><U92/><E111/><V80/><F126/><W132/><G132/><T48/><D48/><U109/><E109/><V104/><F127/><W28/><G6/><T91/><D91/><U55/><E125/><V31/><F124/><W129/><G129/><T15/><D15/><U44/><E12/><V89/><F89/><W86/><G14/><T135/><D135/><U66/><E66/><V101/><F70/><W58/><G11/><T95/><D95/><U9/><E92/><V0/><F0/><W98/><G71/><T87/><D87/><U3/><E9/><V102/><F50/><W85/><G49/><T94/><D94/><U99/><E3/><V56/><F104/><W68/><G68/><RYUUKYOKU ba="0,1" sc="240,30,276,-10,224,-10,250,-10" hai0="22,24,26,29,30,35,51,57,74,78,82,121,122" /><INIT seed="2,1,1,1,5,61" ten="270,266,214,240" oya="2" hai0="66,26,116,10,8,103,123,127,86,99,41,28,88" hai1="131,45,18,16,5,73,55,80,67,58,48,36,70" hai2="21,120,115,44,14,57,35,72,43,74,132,119,125" hai3="53,94,63,135,124,87,105,102,76,84,101,68,91"/><V90/><F115/><W98/><G124/><T56/><D123/><U110/><E110/><V133/><F119/><W122/><G122/><T134/><D127/><U29/><E131/><V93/><F35/><W104/><G135/><N who="2" m="51785" /><F125/><W6/><G6/><T49/><D134/><U54/><E70/><V112/><F112/><W108/><G108/><T34/><D116/><U77/><E36/><N who="2" m="21607" /><F120/><W17/><G17/><T113/><D113/><U31/><E5/><V111/><F111/><W107/><G53/><T100/><D100/><N who="3" m="38505" /><G63/><T69/><D41/><U24/><E67/><V37/><F37/><W60/><G60/><N who="0" m="40135" /><D49/><U117/><E31/><V33/><F57/><W46/><G46/><T22/><D22/><U12/><E12/><V83/><F33/><W75/><G68/><T2/><D2/><U19/><E117/><V51/><F51/><W130/><G130/><T4/><D56/><U114/><E114/><V96/><F83/><AGARI ba="1,1" hai="75,76,83,84,87,91,94,98,104,105,107" m="38505" machi="83" ten="40,8000,1" yaku="35,5" doraHai="61" who="3" fromWho="2" sc="270,0,266,0,214,-83,240,93" /><INIT seed="3,0,0,3,5,34" ten="270,266,131,333" oya="3" hai0="125,35,65,118,77,32,113,94,106,107,67,134,83" hai1="69,111,47,91,56,43,7,23,55,16,24,103,80" hai2="96,17,130,40,20,9,1,64,2,133,46,84,22" hai3="128,100,11,28,122,19,51,92,79,57,76,21,129"/><W29/><G122/><T27/><D118/><U135/><E69/><V8/><F64/><W72/><G11/><T124/><D134/><U109/><E135/><V102/><F133/><W5/><G5/><T39/><D39/><U116/><E103/><V36/><F130/><W71/><G71/><T50/><D50/><N who="1" m="30839" /><E7/><V30/><F84/><W52/><G72/><T85/><D113/><U3/><E3/><V44/><F46/><W59/><G59/><T73/><D94/><U104/><E104/><N who="0" m="39977" /><D85/><N who="1" m="50599" /><E47/><V88/><F102/><W126/><G100/><T37/><D37/><U60/><E60/><V18/><F30/><W0/><G51/><T48/><D48/><U66/><E66/><N who="0" m="25097" /><D27/><U123/><E43/><V38/><F44/><W13/><G57/><T62/><D62/><U105/><E105/><V81/><F81/><W58/><G58/><T119/><D119/><U15/><E116/><V10/><F10/><W53/><G53/><T108/><D108/><N who="1" m="41547" /><E123/><V49/><F49/><W31/><G31/><T132/><D132/><U101/><E101/><V110/><F110/><W93/><G21/><T86/><D73/><U74/><E74/><V120/><F120/><W117/><G117/><T4/><D4/><U25/><AGARI ba="0,0" hai="15,16,23,24,25" m="41547,50599,30839" machi="25" ten="30,2000,0" yaku="14,1,54,1" doraHai="34" who="1" fromWho="1" sc="270,-5,266,20,131,-5,333,-10" owari="265,-13.5,286,8.6,126,-37.4,323,42.3" /></mjloggm>