<mjloggm ver="2.3"><GO type="225" lobby="0"/><UN n0="%6D%75%75%73%61%6E%6D%75" n1="%E3%81%AF%E3%82%88%E3%81%8A%E3%81%98%E3%81%95%E3%82%93" n2="%E3%83%81%E3%83%AF%E3%83%AF%E9%9A%8A%E9%95%B7" n3="%6C%61%6D%62" dan="16,17,17,16" rate="2124.59,2140.41,2139.75,2159.05" sx="F,M,M,M"/><TAIKYOKU oya="0"/><INIT seed="0,0,0,3,0,38" ten="250,250,250,250" oya="0" hai0="40,124,95,103,23,100,74,44,16,119,77,27,7" hai1="51,129,45,60,122,70,20,126,125,72,123,117,86" hai2="94,133,87,105,79,30,14,66,29,6,76,80,65" hai3="67,116,135,96,112,93,49,28,83,118,12,64,1"/><T50/><D119/><U13/><E72/><V91/><F105/><W53/><G1/><T9/><D124/><N who="1" m="47723" /><E86/><N who="2" m="48391" /><F79/><W58/><G112/><T59/><D74/><U111/><E20/><V54/><F133/><W99/><G135/><T106/><D106/><U41/><E13/><V62/><F54/><W18/><G28/><N who="2" m="10857" /><F62/><W107/><G107/><T128/><D128/><U88/><E88/><V68/><F68/><W132/><G96/><T73/><D95/><U130/><E117/><V21/><F21/><W11/><G132/><T37/><D77/><U63/><E111/><V115/><F115/><W127/><G127/><T110/><D73/><U36/><E51/><V43/><F14/><W57/><G118/><T69/><D110/><U39/><E63/><V17/><F91/><W0/><G116/><T2/><REACH who="0" step="1"/><D69/><REACH who="0" ten="240,250,250,250" step="2"/><U92/><E92/><V75/><F94/><W42/><G83/><T97/><D97/><U85/><E85/><V101/><F87/><W120/><G93/><T113/><D113/><U22/><E129/><V121/><F75/><W71/><G71/><T46/><D46/><N who="1" m="23847" /><E130/><V5/><F101/><W24/><G99/><T10/><D10/><U102/><E102/><V104/><F104/><W47/><G11/><T109/><D109/><U33/><E33/><V134/><F134/><W114/><G114/><T131/><D131/><U108/><E108/><V25/><F121/><W4/><G120/><T3/><D3/><U82/><E82/><V56/><F5/><W26/><G4/><T90/><D90/><U31/><E123/><V8/><F6/><W52/><G0/><RYUUKYOKU ba="0,1" sc="240,30,250,-10,250,-10,250,-10" hai0="2,7,9,16,23,27,37,40,44,50,59,100,103" /><INIT seed="0,1,1,3,0,93" ten="270,240,240,240" oya="0" hai0="118,22,44,3,65,103,121,107,0,83,5,67,16" hai1="84,39,72,57,134,77,130,9,1,88,112,45,108" hai2="46,115,42,85,47,98,23,48,132,124,128,70,111" hai3="35,11,110,40,69,97,38,50,62,34,49,12,133"/><T30/><D118/><U126/><E108/><V80/><F115/><W27/><G110/><T76/><D121/><U18/><E112/><V21/><F111/><W6/><G133/><T92/><D107/><U56/><E134/><V74/><F132/><W66/><G27/><T54/><D30/><U71/><E71/><V120/><F120/><W122/><G122/><T51/><D3/><U73/><E126/><V61/><F74/><W131/><G131/><T13/><D0/><U8/><E130/><V100/><F128/><W7/><G7/><T59/><D5/><N who="1" m="1071" /><E73/><V32/><F32/><W123/><G123/><T68/><D68/><U43/><E9/><V29/><F124/><W127/><G127/><T95/><D59/><U53/><E53/><V60/><F46/><W99/><G38/><T117/><D117/><U26/><E26/><N who="2" m="16591" /><F70/><W17/><G6/><T114/><D114/><U20/><E20/><V90/><F23/><W75/><G75/><T64/><REACH who="0" step="1"/><D103/><REACH who="0" ten="260,240,240,240" step="2"/><U10/><E18/><V37/><F100/><W135/><G135/><T58/><D58/><U101/><E101/><V89/><F47/><W116/><G116/><T24/><D24/><U119/><E119/><V36/><F36/><W79/><G69/><T4/><D4/><U25/><E25/><V81/><F37/><W41/><G34/><T106/><D106/><U31/><E31/><V19/><F19/><W105/><G35/><T33/><D33/><U52/><E45/><V14/><F14/><W82/><G12/><T113/><D113/><U86/><E39/><V2/><F2/><W15/><G105/><RYUUKYOKU ba="1,2" sc="260,30,240,-10,240,-10,240,-10" hai0="13,16,22,44,51,54,64,65,67,76,83,92,95" /><INIT seed="0,2,2,1,2,17" ten="290,230,230,230" oya="0" hai0="102,132,53,54,10,13,135,5,23,97,130,115,86" hai1="32,66,25,109,108,117,98,24,20,75,33,120,59" hai2="128,87,47,45,63,29,94,124,19,114,60,26,121" hai3="106,89,4,74,31,51,36,37,85,82,80,35,131"/><T123/><D115/><U30/><E117/><V103/><F114/><W39/><G131/><T40/><D123/><U61/><E120/><V43/><F121/><W69/><G69/><T57/><D130/><U64/><E75/><V107/><F128/><W77/><G106/><T50/><D86/><U78/><E78/><V104/><F124/><W81/><G4/><T2/><D40/><U70/><E98/><V68/><F107/><W129/><G129/><T58/><D2/><U110/><E25/><V90/><F68/><W100/><G100/><T9/><D9/><U1/><E1/><V7/><F7/><W73/><G31/><T11/><D11/><U22/><E33/><V126/><F126/><W18/><G35/><T44/><D23/><N who="1" m="8747" /><E70/><V119/><F119/><W122/><G122/><T0/><D0/><U15/><E15/><V27/><F27/><W83/><G74/><T96/><D96/><U125/><E125/><V99/><F26/><W127/><G127/><T79/><D79/><U91/><E91/><V133/><F90/><W52/><REACH who="3" step="1"/><G18/><REACH who="3" ten="290,230,230,220" step="2"/><T65/><D102/><U12/><E12/><V72/><F103/><W76/><G76/><T49/><D13/><U6/><E6/><V105/><F105/><W46/><AGARI ba="2,3" hai="36,37,39,46,51,52,73,77,80,81,82,83,85,89" machi="46" ten="30,4000,0" yaku="1,1,0,1,54,1,53,0" doraHai="17" doraHaiUra="95" who="3" fromWho="3" sc="290,-22,230,-12,230,-12,220,76" /><INIT seed="1,0,0,2,3,120" ten="268,218,218,296" oya="1" hai0="122,47,100,73,67,28,94,34,21,20,74,102,60" hai1="76,39,123,77,55,115,114,5,56,40,41,64,16" hai2="101,3,95,89,9,68,81,59,113,50,78,92,82" hai3="4,96,6,23,116,8,36,90,63,37,75,91,18"/><U19/><E123/><V132/><F68/><W49/><G75/><T17/><D122/><U12/><E39/><V29/><F113/><W118/><G63/><T128/><D128/><U57/><E12/><V11/><F132/><W126/><G126/><T2/><D2/><U84/><E84/><N who="2" m="48183" /><F3/><W86/><G96/><T106/><D106/><U87/><E87/><N who="2" m="50423" /><F29/><W43/><G49/><T13/><D34/><U133/><E55/><N who="2" m="32247" /><F101/><W134/><G90/><T1/><D1/><U98/><E98/><V72/><F72/><W51/><G51/><T42/><D74/><U124/><E5/><V52/><F52/><W44/><G36/><T111/><D94/><AGARI ba="0,0" hai="9,11,92,94,95" m="32247,50423,48183" machi="94" ten="30,1000,0" yaku="8,1" doraHai="120" who="2" fromWho="0" sc="268,-10,218,0,218,10,296,0" /><INIT seed="2,0,0,3,0,134" ten="258,218,228,296" oya="2" hai0="92,6,43,20,12,135,64,102,31,33,66,86,5" hai1="132,18,22,9,78,97,58,38,57,51,14,48,87" hai2="110,88,44,84,103,11,74,82,127,19,59,37,122" hai3="121,10,125,128,90,32,49,105,112,70,129,8,55"/><V29/><F122/><W126/><G121/><T0/><D0/><U61/><E38/><V4/><F110/><W26/><G105/><T62/><D135/><U111/><E132/><V52/><F29/><N who="3" m="19511" /><G90/><T116/><D33/><U25/><E111/><V77/><F103/><W106/><G106/><T100/><D43/><U113/><E113/><V85/><F19/><W68/><G112/><T67/><D116/><U95/><E58/><V123/><F123/><W2/><G68/><T27/><D62/><U118/><E118/><V119/><F119/><W17/><G70/><T114/><D114/><U81/><E14/><V94/><F37/><W80/><G80/><T117/><D117/><U47/><E47/><V21/><F44/><N who="3" m="28071" /><G10/><T34/><D34/><U1/><E1/><V35/><F35/><W13/><G2/><T46/><D46/><U65/><REACH who="1" step="1"/><E9/><REACH who="1" ten="258,208,228,296" step="2"/><V131/><F11/><W30/><G30/><T109/><D109/><U75/><E75/><V76/><F74/><W91/><G13/><T79/><D12/><U115/><E115/><V53/><F59/><W24/><G8/><T45/><D45/><U42/><E42/><V72/><F72/><W101/><G24/><T39/><D39/><U16/><E16/><V50/><F4/><W69/><G17/><T99/><D6/><U133/><E133/><V107/><F107/><W124/><G69/><T60/><D5/><U83/><E83/><V40/><F82/><W108/><G108/><T56/><D56/><U15/><E15/><V63/><F40/><W98/><G128/><T73/><D73/><U130/><E130/><RYUUKYOKU ba="0,1" sc="258,-10,208,30,228,-10,296,-10" hai1="18,22,25,48,51,57,61,65,78,81,87,95,97" /><INIT seed="3,1,1,2,2,32" ten="248,238,218,286" oya="3" hai0="24,67,135,83,128,134,113,123,105,25,95,126,91" hai1="13,122,4,7,3,99,1,125,112,117,84,9,131" hai2="30,8,74,130,70,62,33,132,45,119,116,34,17" hai3="53,94,41,93,80,124,98,26,52,0,100,43,114"/><W47/><G114/><T106/><D123/><U108/><E122/><V81/><F130/><W31/><G0/><T71/><D128/><U27/><E131/><V118/><F132/><N who="0" m="50730" /><D113/><U133/><E112/><V36/><F17/><W73/><G124/><T111/><D126/><U69/><E125/><V51/><F8/><W79/><G94/><T72/><D111/><U11/><E133/><V75/><F51/><W2/><G2/><T40/><D40/><U18/><E69/><V92/><F92/><W16/><G16/><T37/><D37/><U110/><E84/><V90/><F90/><W54/><REACH who="3" step="1"/><G47/><REACH who="3" ten="248,238,218,276" step="2"/><T96/><D95/><U77/><E1/><V104/><F45/><W6/><G6/><T38/><D105/><U129/><E7/><V65/><F104/><W66/><G66/><T28/><D67/><U19/><E129/><V85/><F116/><W46/><G46/><T63/><D106/><U121/><E117/><V59/><F118/><W102/><G102/><T109/><D109/><U60/><E121/><V97/><F119/><W5/><G5/><T49/><D28/><U14/><E108/><V68/><F30/><W76/><G76/><T103/><D103/><U21/><E77/><N who="2" m="46255" /><F36/><W55/><N who="3" m="13312" /><DORA hai="50" /><W61/><G61/><T23/><D63/><U29/><E110/><V115/><F115/><W15/><G15/><T35/><D91/><U20/><E60/><V39/><F39/><W44/><G44/><T82/><D38/><U87/><E3/><V48/><F48/><W89/><G89/><T42/><D49/><U56/><E29/><V127/><F127/><RYUUKYOKU ba="1,2" sc="248,-10,238,-10,218,-10,276,30" hai3="26,31,41,43,73,79,80,93,98,100" owari="238,3.8,228,-17.2,208,-29.2,326,42.6" /></mjloggm>