<mjloggm ver="2.3"><GO type="225" lobby="0"/><UN n0="%E9%80%9F%E6%B0%B4%E5%87%9B%E9%A6%99" n1="%E6%98%93%E5%88%A9%E8%96%A9%E4%BC%AF" n2="%72%65%6E%6B%75%6E" n3="%E9%B3%B3%E6%9D%B1%E3%81%AE%E3%81%86%E3%81%95%E3%81%8E%E3%81%95%E3%82%93" dan="16,16,17,16" rate="2081.95,2152.72,2258.86,2159.25" sx="F,F,M,M"/><TAIKYOKU oya="0"/><INIT seed="0,0,0,0,0,60" ten="250,250,250,250" oya="0" hai0="41,91,90,115,105,27,125,113,28,23,6,53,63" hai1="68,26,71,64,78,132,43,46,82,51,1,32,88" hai2="62,102,40,129,61,2,99,48,134,21,96,58,55" hai3="119,100,111,95,37,50,25,65,11,123,72,52,107"/><T130/><D105/><U120/><E120/><V73/><F2/><W33/><G119/><T29/><D130/><U20/><E1/><V97/><F129/><W30/><G37/><T127/><D41/><U116/><E116/><V13/><F73/><W4/><G72/><T104/><D6/><U31/><E132/><V77/><F77/><W35/><G107/><T126/><D104/><U98/><E32/><V128/><F134/><W54/><G123/><T80/><D80/><U117/><E117/><V131/><F131/><W44/><G111/><T12/><D12/><U59/><E59/><V36/><F36/><W103/><G35/><T89/><D53/><U81/><E64/><V19/><F128/><W112/><G112/><T47/><D47/><U49/><E49/><V18/><F102/><W124/><G124/><T92/><D63/><U109/><E109/><V67/><F40/><W135/><G135/><T74/><D74/><U14/><E14/><N who="2" m="9431" /><F67/><W110/><G65/><T42/><D42/><U16/><E31/><V5/><F5/><W8/><G110/><T86/><REACH who="0" step="1"/><D28/><REACH who="0" ten="240,250,250,250" step="2"/><U70/><REACH who="1" step="1"/><E78/><REACH who="1" ten="240,240,250,250" step="2"/><V10/><AGARI ba="0,2" hai="10,13,19,48,55,58,61,62,96,97,99" m="9431" machi="10" ten="30,1100,0" yaku="8,1" doraHai="60" who="2" fromWho="2" sc="240,-5,240,-3,250,31,250,-3" /><INIT seed="1,0,0,2,5,46" ten="235,237,281,247" oya="1" hai0="24,63,125,105,95,52,6,60,114,15,14,134,0" hai1="59,18,22,57,88,3,67,31,27,110,10,49,128" hai2="39,42,80,75,34,36,65,40,83,32,29,43,84" hai3="5,103,118,132,72,86,78,26,2,8,74,16,1"/><U77/><E77/><V119/><F119/><W41/><G118/><T61/><D105/><U19/><E128/><V116/><F116/><W33/><G132/><T101/><D114/><U100/><E100/><V124/><F65/><W68/><G68/><T126/><D134/><U30/><E110/><V11/><F11/><W76/><G1/><T87/><D24/><U106/><E106/><V96/><F96/><W98/><G41/><T51/><D0/><U120/><E120/><V90/><F124/><N who="0" m="47722" /><D6/><U50/><E3/><V89/><F29/><N who="1" m="10761" /><E88/><N who="2" m="33899" /><F84/><W130/><G130/><T13/><D87/><U94/><E94/><V7/><F7/><W23/><G33/><N who="2" m="12905" /><F75/><W25/><G25/><T53/><D51/><N who="1" m="19467" /><E67/><V4/><F4/><W131/><G131/><T93/><D101/><U111/><E111/><V35/><N who="2" m="12913" /><V121/><DORA hai="117" /><F121/><W85/><G86/><T58/><D58/><U129/><E129/><V48/><F48/><W133/><G133/><T37/><D37/><AGARI ba="0,0" hai="36,37,39,40,42,43,80,83" m="12913,33899" machi="37" ten="50,6400,0" yaku="28,2,54,1" doraHai="46,117" who="2" fromWho="0" sc="235,-64,237,0,281,64,247,0" /><INIT seed="2,0,0,3,5,117" ten="171,237,345,247" oya="2" hai0="107,16,76,37,113,105,75,133,13,104,102,79,51" hai1="50,118,80,110,72,56,11,57,0,28,122,23,99" hai2="85,55,93,8,77,41,121,106,36,120,30,95,29" hai3="116,40,53,114,9,15,3,132,31,73,89,60,86"/><V18/><F106/><W27/><G116/><T19/><D37/><U44/><E118/><V25/><F36/><W111/><G73/><T12/><D113/><U128/><E110/><V20/><F41/><W21/><G111/><T32/><D102/><U112/><E112/><V92/><F55/><W88/><G114/><T78/><D75/><U82/><E128/><V47/><F47/><W2/><G132/><T48/><D32/><U135/><E135/><V91/><F77/><W103/><G40/><T129/><D129/><U64/><E122/><V94/><REACH who="2" step="1"/><F8/><REACH who="2" ten="171,237,335,247" step="2"/><W83/><G53/><T127/><D133/><U4/><E44/><V131/><F131/><W17/><G103/><T58/><D58/><U108/><E57/><V109/><F109/><W52/><G89/><T26/><D26/><U90/><E108/><V24/><F24/><W14/><G52/><T84/><D84/><U67/><E72/><V54/><F54/><W74/><G74/><T59/><D59/><U70/><E56/><V68/><F68/><W7/><REACH who="3" step="1"/><G60/><REACH who="3" ten="171,237,335,237" step="2"/><T119/><D119/><U101/><E101/><V81/><F81/><W66/><G66/><T1/><D127/><U5/><E80/><V96/><F96/><W65/><G65/><T97/><D97/><U6/><E82/><V45/><F45/><W22/><AGARI ba="0,2" hai="2,3,7,9,14,15,17,21,22,27,31,83,86,88" machi="22" ten="20,5200,0" yaku="1,1,0,1,7,1,54,1,53,0" doraHai="117" doraHaiUra="130" who="3" fromWho="3" sc="171,-13,237,-13,335,-26,237,72" /><INIT seed="3,0,0,4,5,21" ten="158,224,309,309" oya="3" hai0="22,79,118,96,0,83,61,92,1,16,19,66,35" hai1="23,12,91,77,64,11,134,31,98,58,74,32,89" hai2="20,18,123,2,82,78,26,114,59,29,34,44,84" hai3="28,38,132,90,69,54,33,105,70,48,85,117,4"/><W57/><G117/><T24/><D35/><U99/><E32/><V76/><F123/><W73/><G73/><T97/><D118/><U30/><E74/><V17/><F114/><W51/><G38/><T27/><D0/><U87/><E77/><V75/><F2/><W36/><G36/><T88/><D1/><U37/><E37/><V71/><F71/><W122/><G122/><T112/><D112/><U41/><E41/><V25/><F44/><W124/><G105/><T109/><D109/><U95/><E134/><V68/><F68/><W130/><G132/><T86/><D97/><U46/><E46/><V94/><F59/><W106/><G106/><T101/><D79/><U63/><E23/><V7/><F7/><W93/><G4/><T53/><D53/><U60/><E60/><V119/><F119/><W55/><G130/><T10/><D10/><U6/><REACH who="1" step="1"/><E99/><REACH who="1" ten="158,214,309,309" step="2"/><V115/><F115/><W49/><G49/><T102/><D102/><U131/><E131/><V133/><F133/><W13/><G48/><T125/><D125/><U121/><E121/><V104/><F78/><W107/><G51/><T56/><REACH who="0" step="1"/><D27/><REACH who="0" ten="148,214,309,309" step="2"/><U128/><E128/><V103/><F26/><W80/><G124/><T3/><D3/><U129/><E129/><V113/><F113/><W120/><G120/><T40/><D40/><U45/><E45/><V52/><F34/><W67/><G33/><T108/><D108/><U127/><E127/><V72/><F72/><W43/><G43/><T39/><D39/><U135/><E135/><V15/><F75/><W62/><G62/><T5/><D5/><RYUUKYOKU ba="0,2" sc="148,15,214,15,309,-15,309,-15" hai0="16,19,22,24,56,61,66,83,86,88,92,96,101" hai1="6,11,12,30,31,58,63,64,87,89,91,95,98" /><INIT seed="4,1,2,5,4,113" ten="163,229,294,294" oya="0" hai0="115,15,110,76,99,32,61,11,47,100,119,127,81" hai1="82,90,105,94,72,2,116,86,37,0,6,112,58" hai2="9,125,34,64,54,92,33,44,22,43,60,87,133" hai3="135,130,19,67,108,28,18,98,96,56,69,59,50"/><T80/><D115/><U31/><E105/><V131/><F54/><N who="3" m="31831" /><G69/><T88/><D32/><U104/><E37/><V85/><F9/><W25/><G108/><T40/><D119/><U57/><E104/><V128/><F22/><N who="3" m="15415" /><G130/><N who="2" m="49705" /><F133/><W23/><G135/><T30/><D110/><U48/><E116/><V97/><F125/><W5/><G5/><T129/><D127/><U16/><E31/><V124/><F124/><W70/><G70/><T29/><D129/><U36/><E36/><N who="2" m="21607" /><F33/><W75/><G75/><T73/><D61/><U42/><E6/><V120/><F120/><W39/><G39/><T27/><D27/><U7/><E7/><V132/><F34/><W46/><G46/><T123/><D123/><U65/><E42/><V51/><F51/><W126/><G126/><T74/><D47/><U77/><E112/><V78/><F78/><W84/><G84/><T8/><D40/><U4/><E4/><V103/><F132/><W41/><G41/><T63/><D63/><U95/><E95/><V107/><F107/><W20/><G59/><AGARI ba="1,2" hai="59,60,64,85,87,92,97,103" m="21607,49705" machi="59" ten="30,1000,0" yaku="19,1" doraHai="113" who="2" fromWho="3" sc="163,0,229,0,294,33,294,-13" owari="163,-33.7,229,-17.1,327,42.7,281,8.1" /></mjloggm>