<mjloggm ver="2.3"><GO type="225" lobby="0"/><UN n0="%6E%69%63%6B%6C%6F%77" n1="%6D%75%75%6D%75%72%61" n2="%E3%81%99%E3%81%84%E3%81%BE%E3%81%9B%E3%83%BC%E3%82%93" n3="%E3%83%8F%E3%82%AC%E3%82%BF%E3%82%AB%E3%81%AE%E3%81%88%E3%81%98%E3%81%8D" dan="16,16,16,16" rate="2103.73,2215.71,2108.01,2157.82" sx="F,F,M,M"/><TAIKYOKU oya="0"/><INIT seed="0,0,0,1,3,106" ten="250,250,250,250" oya="0" hai0="53,107,110,27,21,25,133,86,104,90,6,72,32" hai1="98,8,7,70,5,105,42,40,127,83,117,125,14" hai2="28,118,16,44,84,68,35,128,46,78,75,65,73" hai3="10,60,122,3,37,88,129,48,22,134,100,39,11"/><T102/><D133/><U95/><E117/><V29/><F118/><W87/><G134/><T20/><D32/><U96/><E70/><V50/><F128/><W51/><G129/><T103/><D6/><U97/><E105/><V15/><F68/><W94/><G122/><T116/><D116/><U135/><E135/><V82/><F65/><W85/><G100/><T124/><D124/><N who="1" m="47691" /><E7/><V111/><F111/><W108/><G108/><T49/><D110/><U119/><E119/><V34/><F29/><W36/><G60/><T33/><D33/><U57/><E95/><V79/><F79/><W31/><G87/><T9/><D9/><U132/><E132/><V121/><F121/><W2/><G10/><T18/><D72/><U24/><E24/><V91/><F28/><W89/><G89/><T81/><D107/><U0/><E0/><V54/><F46/><W109/><G109/><T114/><D114/><U4/><E4/><V58/><F44/><W131/><G11/><T69/><D69/><U30/><E30/><V45/><F45/><W43/><G131/><T93/><D93/><U112/><E112/><V61/><F61/><W101/><G101/><T76/><D76/><U64/><E83/><V66/><F66/><W55/><G31/><N who="0" m="17831" /><D104/><U52/><E64/><V47/><F47/><AGARI ba="0,0" hai="18,21,27,47,49,53,81,86,90,102,103" m="17831" machi="47" ten="30,1500,0" yaku="8,1" doraHai="106" who="0" fromWho="2" sc="250,15,250,0,250,-15,250,0" /><INIT seed="0,1,0,1,5,76" ten="265,250,235,250" oya="0" hai0="42,134,90,21,30,85,92,68,109,108,26,15,89" hai1="38,123,5,125,116,51,40,52,47,59,67,114,74" hai2="128,118,69,46,70,27,41,127,75,120,117,80,55" hai3="79,34,102,39,91,0,12,44,78,24,86,9,81"/><T87/><D68/><U4/><E116/><N who="2" m="44651" /><F120/><W82/><G0/><T115/><D115/><U32/><E123/><V94/><F127/><W107/><G107/><T73/><D73/><U25/><E125/><V43/><F128/><W8/><G102/><T57/><D42/><N who="2" m="15882" /><F94/><W113/><G39/><T99/><D134/><U135/><E135/><V48/><F27/><W2/><G2/><T20/><D57/><U62/><E114/><V103/><F103/><W77/><G44/><T130/><D130/><U104/><E104/><V66/><F66/><W65/><G65/><T11/><D21/><U7/><E74/><V49/><F48/><W16/><G113/><T129/><D129/><U95/><E95/><V111/><F111/><N who="0" m="42570" /><D90/><U1/><E1/><V58/><F58/><W50/><G50/><T122/><D122/><U14/><E14/><V28/><F28/><W83/><REACH who="3" step="1"/><G9/><REACH who="3" ten="265,250,235,240" step="2"/><T63/><D63/><U60/><REACH who="1" step="1"/><E67/><REACH who="1" ten="265,240,235,240" step="2"/><V53/><F53/><W119/><G119/><T3/><D3/><U101/><E101/><V105/><F105/><W10/><G10/><T106/><D106/><U132/><E132/><V17/><F55/><W98/><G98/><T33/><D33/><U97/><E97/><V13/><F46/><W6/><G6/><AGARI ba="1,2" hai="6,11,15,20,26,30,85,87,89,92,99" m="42570" machi="6" ten="30,2900,0" yaku="14,1,10,1" doraHai="76" who="0" fromWho="3" sc="265,52,240,0,235,0,240,-32" /><INIT seed="0,2,0,3,0,6" ten="317,240,235,208" oya="0" hai0="15,87,0,55,120,124,68,67,71,52,107,18,106" hai1="98,61,57,5,70,53,92,34,40,26,58,60,101" hai2="81,76,100,20,33,83,59,29,82,85,47,78,105" hai3="45,127,9,50,88,102,69,112,133,116,16,90,25"/><T123/><D0/><U114/><E114/><V110/><F33/><W11/><G69/><T99/><D87/><U122/><E122/><V46/><F110/><W104/><G112/><T43/><D43/><U95/><E70/><N who="0" m="26665" /><D99/><U65/><E40/><V36/><F36/><W14/><G116/><T97/><D97/><U22/><E34/><V10/><F100/><W113/><G113/><T41/><D41/><U80/><E80/><N who="2" m="30827" /><F78/><W64/><G104/><N who="0" m="39979" /><D15/><U135/><E135/><V8/><F59/><W39/><G133/><T49/><D18/><U91/><E5/><V86/><F86/><W2/><G64/><T21/><D21/><U23/><REACH who="1" step="1"/><E26/><REACH who="1" ten="317,230,235,208" step="2"/><N who="2" m="16583" /><F105/><W48/><G25/><T32/><D32/><U17/><E17/><V134/><F134/><W31/><G16/><T24/><D24/><U75/><E75/><V118/><F118/><W1/><G39/><T62/><D123/><U27/><E27/><V4/><F4/><W28/><G28/><T51/><D120/><U54/><E54/><V19/><F19/><W94/><G31/><T128/><D52/><U3/><E3/><V13/><F13/><W132/><G1/><T56/><D55/><U42/><E42/><V74/><F74/><W30/><G2/><T117/><D117/><U77/><E77/><V131/><F131/><W73/><G14/><T93/><D128/><U115/><E115/><V63/><F63/><W44/><G73/><T96/><D124/><U130/><E130/><V121/><F121/><W12/><G132/><T129/><D129/><U119/><E119/><V84/><F83/><W72/><G12/><RYUUKYOKU ba="2,1" sc="317,15,230,15,235,-15,208,-15" hai0="49,51,56,62,67,93,96" hai1="22,23,53,57,58,60,61,65,91,92,95,98,101" /><INIT seed="0,3,1,3,2,28" ten="332,245,220,193" oya="0" hai0="80,85,77,97,67,96,5,24,23,21,105,104,51" hai1="110,47,43,32,134,56,88,55,102,58,64,19,37" hai2="17,107,117,115,25,82,99,116,39,133,44,87,114" hai3="124,93,29,63,20,98,26,109,119,14,8,118,22"/><T111/><D67/><U120/><E120/><V79/><F133/><W84/><G109/><T38/><D38/><U50/><E110/><V129/><F129/><W70/><G124/><T65/><D111/><U15/><E134/><V83/><F17/><W100/><G22/><T48/><D65/><U34/><E102/><N who="2" m="62943" /><F25/><W123/><G123/><T42/><D5/><U62/><REACH who="1" step="1"/><E88/><REACH who="1" ten="332,235,220,193" step="2"/><N who="2" m="51319" /><F39/><W66/><REACH who="3" step="1"/><G84/><REACH who="3" ten="332,235,220,183" step="2"/><T46/><D105/><U108/><E108/><V94/><F116/><W16/><AGARI ba="3,3" hai="8,14,16,20,26,29,63,66,70,93,98,100,118,119" machi="16" ten="20,8000,1" yaku="1,1,2,1,0,1,7,1,54,1,53,0" doraHai="28" doraHaiUra="30" who="3" fromWho="3" sc="332,-43,235,-23,220,-23,183,119" /><INIT seed="1,0,0,4,1,98" ten="289,212,197,302" oya="1" hai0="107,113,80,85,57,120,28,8,52,123,3,125,13" hai1="109,117,12,35,96,20,91,49,4,126,60,112,75" hai2="95,118,18,47,63,41,30,81,46,34,61,88,23" hai3="37,89,84,135,50,16,51,38,103,2,72,9,94"/><U59/><E112/><V62/><F118/><W114/><G72/><T43/><D113/><U99/><E117/><V97/><F34/><W31/><G114/><T73/><D73/><U64/><E35/><V54/><F30/><W105/><G135/><T127/><D28/><U19/><E75/><V6/><F6/><W67/><G31/><T116/><D43/><U15/><E126/><V130/><F130/><W27/><G67/><T29/><D29/><U108/><E49/><N who="2" m="26831" /><F81/><W70/><G70/><T10/><D107/><U131/><E131/><V87/><F47/><W66/><G66/><T36/><D3/><U26/><E91/><V45/><F45/><W76/><G76/><N who="0" m="46215" /><D36/><U78/><E78/><V71/><F71/><W48/><G2/><T86/><D86/><U133/><E133/><V122/><F122/><N who="0" m="46634" /><D8/><U53/><E64/><V79/><F79/><W101/><G105/><T68/><D68/><U5/><E99/><V90/><F87/><W55/><G55/><T77/><D77/><U83/><E83/><V124/><F124/><W24/><G38/><T0/><D0/><U102/><E4/><V121/><F121/><W69/><G69/><T11/><D11/><U110/><E5/><V7/><F7/><W115/><G115/><T111/><D111/><U56/><E59/><N who="2" m="35063" /><F90/><W82/><G37/><T42/><D42/><U128/><E128/><V39/><F39/><W100/><G82/><T106/><D106/><AGARI ba="0,0" hai="12,15,19,20,26,53,56,60,96,102,106,108,109,110" machi="106" ten="40,7700,0" yaku="14,1,10,1,52,1" doraHai="98" who="1" fromWho="0" sc="289,-77,212,77,197,0,302,0" /><INIT seed="1,1,0,3,2,40" ten="212,289,197,302" oya="1" hai0="78,119,44,99,19,93,41,74,31,67,8,105,15" hai1="121,24,117,127,102,4,16,109,42,34,96,68,133" hai2="56,21,111,104,115,110,63,129,20,113,1,51,54" hai3="116,59,35,81,101,52,100,135,10,12,125,123,72"/><U2/><E117/><V26/><F104/><W61/><G123/><T84/><D119/><U25/><E121/><V91/><F1/><W48/><G116/><T76/><D105/><U49/><E68/><V66/><F129/><W85/><G72/><T112/><D74/><U106/><E127/><V103/><F103/><W124/><G35/><T36/><D112/><N who="2" m="43082" /><F91/><W0/><G0/><T131/><D131/><U126/><E126/><N who="3" m="48746" /><G61/><T39/><D39/><U46/><E133/><V73/><F73/><W82/><G82/><T132/><D132/><U47/><E109/><N who="2" m="41483" /><F26/><W118/><G118/><T13/><D67/><U98/><E98/><V80/><F80/><W128/><G128/><T95/><D31/><U64/><E64/><V5/><F5/><N who="3" m="3151" /><G135/><T94/><D84/><U29/><E4/><V57/><AGARI ba="1,0" hai="20,21,51,54,56,57,63,66" m="41483,43082" machi="57" ten="30,2000,0" yaku="11,1,14,1" doraHai="40" who="2" fromWho="2" sc="212,-6,289,-11,197,23,302,-6" /><INIT seed="2,0,0,1,2,36" ten="206,278,220,296" oya="2" hai0="40,9,135,113,66,51,85,117,77,17,39,75,55" hai1="37,99,22,43,116,64,6,130,60,127,61,31,104" hai2="10,57,105,34,42,123,125,67,90,79,131,16,122" hai3="0,91,86,111,100,32,106,38,87,25,19,52,15"/><V124/><F34/><W20/><G111/><T50/><D113/><U30/><E116/><V69/><F131/><W23/><G38/><T24/><D117/><U95/><E130/><V132/><F132/><W114/><G114/><T45/><D135/><U110/><E110/><V126/><F105/><W129/><G129/><T101/><D75/><U21/><E127/><V70/><F79/><W53/><G0/><T3/><D3/><U108/><E104/><V88/><F42/><W4/><G32/><T109/><D109/><U121/><E108/><V107/><F107/><W128/><G128/><T29/><D39/><U26/><E6/><V27/><F57/><W118/><G100/><T68/><D68/><N who="2" m="26218" /><F67/><W48/><G106/><T84/><D66/><U28/><E121/><N who="2" m="46091" /><F10/><W35/><G35/><T65/><D65/><U133/><E133/><V63/><F63/><W56/><G4/><T33/><D101/><N who="1" m="60671" /><E61/><V54/><F54/><N who="3" m="31815" /><G87/><T92/><D92/><U112/><E112/><V89/><F16/><N who="3" m="12423" /><G118/><T1/><D77/><U120/><E120/><V18/><F18/><W76/><G76/><T73/><D73/><U49/><E37/><V46/><F27/><W93/><AGARI ba="0,0" hai="15,19,23,52,53,86,91,93" m="12423,31815" machi="93" ten="30,7900,0" yaku="25,1,8,1,54,2" doraHai="36" who="3" fromWho="3" sc="206,-20,278,-20,220,-39,296,79" /><INIT seed="3,0,0,0,5,123" ten="186,258,181,375" oya="3" hai0="59,33,21,66,11,26,64,106,61,110,73,49,14" hai1="72,87,12,70,114,134,116,27,94,62,82,15,74" hai2="99,129,96,3,79,97,135,120,126,44,88,115,109" hai3="60,9,45,47,119,125,25,122,22,78,100,121,86"/><W35/><G35/><T37/><D73/><U90/><E114/><V5/><F115/><W77/><G100/><T103/><D33/><U104/><E134/><V83/><F135/><W127/><G60/><T105/><D37/><U36/><E104/><V40/><F120/><W38/><G9/><T42/><D110/><U133/><E27/><V95/><F109/><W19/><G86/><T20/><D20/><U7/><E7/><V117/><F117/><W46/><G38/><T0/><D0/><U75/><E75/><N who="2" m="43519" /><F129/><W29/><G119/><T8/><D8/><U85/><E36/><N who="2" m="21511" /><F126/><N who="3" m="48139" /><G121/><T18/><D103/><U31/><E31/><V68/><F68/><W93/><G122/><T2/><D2/><U54/><E70/><V76/><F76/><N who="3" m="29291" /><G93/><T13/><D106/><U92/><E92/><V55/><F55/><W65/><G65/><N who="0" m="39103" /><D105/><U57/><E74/><V24/><F24/><W53/><G53/><T80/><D80/><U89/><E72/><V43/><F43/><W23/><G23/><T130/><D130/><U101/><E116/><V132/><F132/><W30/><AGARI ba="0,0" hai="19,22,25,29,30,45,46,47" m="29291,48139" machi="30" ten="40,2100,0" yaku="18,1" doraHai="123" who="3" fromWho="3" sc="186,-7,258,-7,181,-7,375,21" owari="179,-22.1,251,5.1,174,-32.6,396,49.6" /></mjloggm>