<mjloggm ver="2.3"><GO type="225" lobby="0"/><UN n0="%E6%98%93%E5%88%A9%E8%96%A9%E4%BC%AF" n1="%E3%81%AF%E3%82%88%E3%81%8A%E3%81%98%E3%81%95%E3%82%93" n2="%6D%75%75%73%61%6E%6D%75" n3="%E3%81%99%E3%81%84%E3%81%BE%E3%81%9B%E3%83%BC%E3%82%93" dan="16,17,16,18" rate="2090.79,2152.04,2134.72,2184.02" sx="F,M,F,M"/><TAIKYOKU oya="0"/><INIT seed="0,0,0,2,5,114" ten="250,250,250,250" oya="0" hai0="4,77,22,93,42,39,7,80,135,125,99,21,68" hai1="27,124,31,78,24,47,129,57,55,26,62,70,73" hai2="87,96,83,81,133,101,32,84,49,23,131,61,111" hai3="134,126,13,46,122,15,66,117,17,14,28,110,118"/><T100/><D135/><U12/><E124/><V74/><F32/><W128/><G66/><T91/><D68/><U60/><E129/><V98/><F133/><W18/><G134/><T10/><D7/><U52/><E73/><V76/><F131/><W127/><G128/><T51/><D125/><N who="3" m="47625" /><G46/><T3/><D51/><N who="1" m="28799" /><E70/><V115/><F115/><W48/><G48/><T37/><D37/><U107/><E107/><V94/><F111/><W8/><G110/><T16/><D42/><U40/><E40/><V56/><F49/><W35/><G122/><T9/><D39/><U92/><E78/><V38/><F38/><W95/><G95/><T65/><D65/><U63/><E31/><V130/><F130/><W113/><G113/><T36/><D36/><U45/><E45/><V121/><F121/><W119/><G17/><T82/><D82/><U43/><E43/><V67/><F81/><W11/><G18/><T86/><REACH who="0" step="1"/><D100/><REACH who="0" ten="240,250,250,250" step="2"/><U85/><E60/><V90/><REACH who="2" step="1"/><F23/><REACH who="2" ten="240,250,240,250" step="2"/><W30/><G35/><T106/><D106/><AGARI ba="0,2" hai="56,61,67,74,76,83,84,87,90,94,96,98,101,106" machi="106" ten="30,7700,0" yaku="1,1,2,1,7,1,53,1" doraHai="114" doraHaiUra="89" who="2" fromWho="0" sc="240,-77,250,0,240,97,250,0" /><INIT seed="1,0,0,4,3,111" ten="163,250,337,250" oya="1" hai0="75,31,57,63,129,103,134,47,99,133,6,113,16" hai1="34,39,101,9,48,36,2,58,81,51,120,119,62" hai2="92,105,35,124,53,64,86,26,8,110,46,12,102" hai3="59,93,65,109,77,30,18,112,87,132,128,11,96"/><U73/><E120/><V135/><F110/><W10/><G109/><T4/><D75/><U52/><E119/><V82/><F124/><W95/><G112/><T68/><D68/><U115/><E115/><V3/><F3/><W5/><G132/><N who="0" m="50795" /><D31/><U125/><E125/><V130/><F135/><W76/><G128/><T69/><D69/><U23/><E34/><V98/><F130/><W85/><G30/><T33/><D33/><U117/><E117/><V1/><F1/><W54/><G65/><N who="0" m="39151" /><D47/><U29/><E101/><V0/><F64/><W42/><G42/><T45/><D45/><U49/><E2/><V91/><F0/><W66/><G66/><T80/><D80/><U28/><E9/><V100/><F46/><W13/><G11/><T56/><D56/><U72/><E29/><V116/><F53/><W14/><G18/><T88/><D129/><U22/><E73/><V25/><F35/><W19/><G19/><T40/><D40/><U89/><E72/><V79/><F116/><W122/><G122/><T61/><D61/><U7/><E7/><N who="2" m="3103" /><F105/><W123/><G123/><T43/><D43/><U32/><E32/><V67/><F67/><W121/><G121/><T127/><D127/><U50/><N who="1" m="12288" /><DORA hai="15" /><U27/><REACH who="1" step="1"/><E22/><REACH who="1" ten="163,240,337,250" step="2"/><V84/><F102/><W83/><G5/><T60/><D103/><U108/><E108/><V106/><F106/><W74/><G74/><T55/><D113/><U118/><E118/><V104/><F104/><W44/><G10/><T21/><D4/><U78/><E78/><N who="2" m="46167" /><F100/><W17/><G44/><T114/><D114/><U97/><E97/><RYUUKYOKU ba="0,1" sc="163,-15,240,15,337,15,250,-15" hai1="23,27,28,36,39,52,58,62,81,89" hai2="25,26,79,86,91,92,98" /><INIT seed="1,1,1,5,3,56" ten="148,255,352,235" oya="1" hai0="120,101,40,94,104,60,6,85,114,44,82,3,51" hai1="59,69,119,106,88,52,47,49,31,48,78,36,37" hai2="12,111,132,109,76,5,127,84,15,99,73,112,33" hai3="7,22,108,24,96,20,21,79,18,64,100,124,86"/><U125/><E119/><V134/><F73/><W98/><G108/><N who="2" m="41545" /><F33/><W80/><G124/><T34/><D114/><U103/><E125/><V66/><F127/><W67/><G7/><T50/><D120/><U77/><E69/><V55/><F112/><W121/><G121/><T0/><D34/><U41/><E31/><V71/><F55/><W93/><G98/><T2/><D104/><U57/><E103/><V30/><F30/><W26/><REACH who="3" step="1"/><G22/><REACH who="3" ten="148,255,352,225" step="2"/><T102/><D6/><U105/><E106/><V129/><F99/><W122/><G122/><T38/><D102/><U43/><E105/><V9/><F5/><W115/><G115/><T42/><D101/><U27/><E27/><V135/><F135/><W54/><G54/><T126/><D126/><U133/><E133/><V81/><F134/><W61/><G61/><T89/><D60/><U113/><E113/><V83/><F132/><W10/><G10/><T39/><REACH who="0" step="1"/><D94/><REACH who="0" ten="138,255,352,225" step="2"/><U87/><E36/><V117/><F117/><W46/><G46/><AGARI ba="1,3" hai="0,2,3,38,39,40,42,44,46,50,51,82,85,89" machi="46" ten="40,5200,0" yaku="1,1,2,1,9,1,53,0" doraHai="56" doraHaiUra="28" who="0" fromWho="3" sc="138,85,255,0,352,0,225,-55" /><INIT seed="2,0,0,5,4,113" ten="223,255,352,170" oya="2" hai0="131,39,52,125,91,20,29,99,4,81,41,65,49" hai1="47,108,78,86,126,79,134,96,50,130,22,15,90" hai2="5,8,83,120,84,59,58,26,54,3,63,42,115" hai3="121,76,9,62,13,66,69,97,27,122,28,10,1"/><V87/><F115/><W89/><G1/><T30/><D131/><U57/><E130/><V19/><F120/><W56/><G76/><T55/><D125/><U124/><E108/><V112/><F112/><W2/><G2/><T6/><D65/><U93/><E134/><V60/><F42/><W38/><G38/><T94/><D41/><U128/><E128/><V33/><F83/><W116/><G9/><T109/><D39/><U73/><E73/><V77/><F77/><W74/><G74/><T106/><D55/><N who="1" m="31991" /><E47/><V71/><F71/><W117/><G69/><T12/><D106/><U67/><E67/><V21/><F33/><W92/><G122/><T101/><D30/><U111/><E111/><V44/><F44/><W35/><REACH who="3" step="1"/><G121/><REACH who="3" ten="223,255,352,160" step="2"/><T110/><D110/><U61/><E79/><V118/><F3/><W129/><G129/><T82/><D109/><U119/><E78/><V34/><F8/><W64/><G64/><T107/><D6/><AGARI ba="0,1" hai="6,10,13,27,28,35,56,62,66,89,92,97,116,117" machi="6" ten="30,8000,1" yaku="1,1,7,1,52,2,53,1" doraHai="113" doraHaiUra="23" who="3" fromWho="0" sc="223,-80,255,0,352,0,160,90" /><INIT seed="3,0,0,0,0,32" ten="143,255,352,250" oya="3" hai0="41,61,81,64,83,80,68,102,116,3,104,75,65" hai1="111,53,98,17,59,128,110,42,57,39,133,34,52" hai2="72,88,125,94,63,31,30,129,48,36,97,4,100" hai3="135,87,92,115,33,0,56,40,119,73,37,67,90"/><W19/><G115/><T84/><D116/><U82/><E34/><V121/><F36/><W71/><G119/><T70/><D75/><U60/><E17/><V99/><F72/><W12/><G71/><T106/><D41/><U118/><E98/><V11/><F129/><W43/><G135/><T86/><D102/><U20/><E20/><V44/><F125/><W8/><G73/><T22/><D22/><U15/><E15/><V101/><F63/><W122/><G33/><T108/><D108/><N who="1" m="41515" /><E82/><V127/><F127/><W74/><G74/><T28/><D28/><N who="2" m="10794" /><F99/><W120/><G37/><T95/><D95/><U105/><E105/><V77/><F77/><W51/><G43/><T55/><D55/><U112/><E118/><V132/><F121/><W117/><G117/><T29/><D29/><U96/><E96/><V69/><F132/><W23/><G122/><T26/><D26/><U5/><E5/><V62/><F11/><W113/><G113/><T124/><D124/><U24/><E24/><V50/><F101/><W25/><G120/><T38/><D38/><U109/><E112/><V7/><F7/><W91/><G25/><T1/><D83/><U6/><E6/><V85/><F4/><N who="3" m="1031" /><G92/><T126/><D126/><U16/><E133/><V123/><F123/><W89/><G87/><T103/><D103/><U107/><E107/><V46/><F85/><W27/><G27/><T114/><D61/><N who="1" m="36007" /><E109/><V21/><F21/><W54/><G40/><T2/><D2/><U76/><E42/><V14/><F14/><W134/><G134/><T10/><D114/><U66/><E39/><RYUUKYOKU ba="0,0" sc="143,15,255,-15,352,-15,250,15" hai0="1,3,10,64,65,68,70,80,81,84,86,104,106" hai3="12,19,23,51,54,56,67,89,90,91" /><INIT seed="3,1,0,0,1,121" ten="158,240,337,265" oya="3" hai0="71,53,13,41,27,94,89,36,12,103,79,37,25" hai1="1,134,45,61,34,39,78,0,117,52,126,11,88" hai2="110,65,35,64,68,7,100,31,84,60,55,98,69" hai3="59,85,107,74,131,20,2,132,9,40,21,115,83"/><W90/><G115/><T118/><D118/><U95/><E34/><V19/><F110/><W120/><G120/><T66/><D103/><U77/><E117/><V80/><F7/><W75/><G131/><T104/><D104/><U135/><E126/><V97/><F65/><W119/><G119/><T108/><D79/><U38/><E39/><V116/><F116/><W26/><G107/><T81/><D81/><U14/><E0/><V5/><F5/><W93/><G132/><N who="1" m="50730" /><E1/><V112/><F69/><W16/><G40/><T18/><D71/><U8/><E38/><V133/><F100/><W123/><G123/><T109/><D66/><U6/><E8/><V72/><F31/><W51/><G83/><T127/><D127/><U33/><E33/><V128/><F35/><W57/><G9/><T48/><D41/><U86/><E45/><V106/><F72/><W15/><G2/><T10/><D37/><U3/><E3/><V32/><F106/><W101/><G101/><T46/><D36/><U23/><E23/><V56/><F55/><N who="3" m="31999" /><G59/><AGARI ba="1,0" hai="6,11,14,52,59,61,77,78,86,88,95" m="50730" machi="59" ten="30,3900,0" yaku="20,1,54,2" doraHai="121" who="1" fromWho="3" sc="158,0,240,42,337,0,265,-42" owari="158,-34.2,282,8.2,337,43.7,223,-17.7" /></mjloggm>