<mjloggm ver="2.3"><GO type="225" lobby="0"/><UN n0="%E3%81%86%E3%83%BC%E3%81%B1%E3%83%BC" n1="%E5%B0%8F%E9%B3%A5%E9%81%8A%E7%B7%B4%E7%84%A1%32%31%E6%AD%B3" n2="%E6%B8%A9%E2%98%85%E6%83%85%E2%98%85%E6%8E%AA%E2%98%85%E7%BD%AE" n3="%E6%98%93%E5%88%A9%E8%96%A9%E4%BC%AF" dan="16,16,17,16" rate="2149.88,2186.87,2227.62,2055.44" sx="F,F,M,F"/><TAIKYOKU oya="0"/><INIT seed="0,0,0,0,3,76" ten="250,250,250,250" oya="0" hai0="52,132,3,79,9,53,11,22,75,124,65,47,38" hai1="70,2,20,74,87,116,131,61,90,64,10,31,88" hai2="6,103,42,129,104,39,98,16,89,58,97,66,43" hai3="18,46,36,26,21,85,86,99,59,96,102,83,126"/><T108/><D132/><U119/><E131/><V91/><F129/><W107/><G126/><T109/><D124/><U54/><E74/><V51/><F39/><W82/><G59/><T17/><D65/><U69/><E69/><V41/><F6/><W121/><G121/><T81/><D38/><U112/><E112/><V24/><F98/><W57/><G99/><T133/><D133/><U68/><E68/><V67/><F67/><W14/><G57/><T118/><D118/><U62/><E90/><V80/><F80/><W40/><G86/><T114/><D114/><U125/><E125/><V48/><F48/><W12/><REACH who="3" step="1"/><G83/><REACH who="3" ten="250,250,250,240" step="2"/><T4/><D11/><U115/><E115/><V5/><F58/><W33/><G33/><T94/><D94/><U8/><E119/><V56/><F66/><W28/><G28/><T101/><D101/><U123/><E116/><V110/><F56/><W117/><G117/><T73/><D73/><U23/><E123/><V32/><F32/><W95/><G95/><T34/><D34/><U60/><E64/><V0/><F97/><W77/><AGARI ba="0,1" hai="12,14,18,21,26,36,40,46,77,82,85,96,102,107" machi="77" ten="20,5200,0" yaku="1,1,0,1,7,1,52,1,53,0" doraHai="76" doraHaiUra="120" who="3" fromWho="3" sc="250,-26,250,-13,250,-13,240,62" /><INIT seed="1,0,0,2,5,28" ten="224,237,237,302" oya="1" hai0="68,27,115,134,35,26,65,43,99,48,21,31,89" hai1="77,85,7,113,46,103,15,93,79,118,2,72,102" hai2="62,22,80,12,1,104,18,61,47,66,74,78,96" hai3="110,97,90,114,24,76,86,124,41,92,84,105,112"/><U94/><E2/><V135/><F135/><W70/><G70/><T19/><D134/><U10/><E118/><V51/><F1/><W75/><G41/><T50/><D115/><N who="3" m="44073" /><G24/><T60/><REACH who="0" step="1"/><D43/><REACH who="0" ten="214,237,237,302" step="2"/><U52/><E113/><V9/><F66/><W69/><G110/><T3/><D3/><U33/><E72/><V107/><F107/><W106/><G75/><T55/><D55/><U87/><E52/><V17/><F104/><W64/><G64/><T29/><D29/><U11/><E46/><V0/><F0/><W119/><G106/><T4/><D4/><U71/><E7/><V73/><F73/><W109/><G105/><T16/><D16/><U56/><E71/><V117/><F117/><W129/><G69/><T5/><D5/><U91/><E56/><V23/><F18/><W25/><G109/><T13/><D13/><U49/><E15/><V116/><F116/><W30/><G30/><T82/><D82/><U8/><E93/><AGARI ba="0,1" hai="19,21,26,27,31,35,48,50,60,65,68,89,93,99" machi="93" ten="40,5200,0" yaku="1,1,52,1,53,1" doraHai="28" doraHaiUra="58" who="0" fromWho="1" sc="214,62,237,-52,237,0,302,0" /><INIT seed="2,0,0,4,3,42" ten="276,185,237,302" oya="2" hai0="70,73,135,111,57,43,61,90,18,35,13,106,25" hai1="109,80,78,110,81,104,41,102,23,134,99,58,64" hai2="30,131,86,54,100,56,67,82,130,75,113,93,14" hai3="83,117,2,9,132,27,33,96,92,16,129,49,7"/><V76/><F113/><W60/><G129/><N who="2" m="49161" /><F30/><W34/><G132/><T79/><D70/><U74/><E134/><V72/><F67/><W91/><G60/><T85/><D135/><U88/><E41/><V51/><F14/><W31/><G117/><T123/><D106/><U71/><E71/><V52/><F54/><W17/><G34/><T22/><D43/><U59/><E23/><V77/><F77/><W121/><G121/><T0/><D0/><U89/><E64/><V95/><F100/><W53/><REACH who="3" step="1"/><G83/><REACH who="3" ten="276,185,237,292" step="2"/><T98/><D61/><U32/><E32/><V20/><F20/><W1/><G1/><T68/><D22/><U29/><E29/><V120/><F120/><W126/><G126/><T6/><D123/><U28/><E28/><V8/><F8/><W118/><G118/><T101/><D35/><U94/><E80/><V127/><F127/><W26/><G26/><T48/><D25/><U46/><E46/><AGARI ba="0,1" hai="2,7,9,16,17,27,31,33,46,49,53,91,92,96" machi="46" ten="30,7700,0" yaku="1,1,7,1,52,1,54,1,53,0" doraHai="42" doraHaiUra="62" who="3" fromWho="1" sc="276,0,185,-77,237,0,292,87" /><INIT seed="3,0,0,5,0,105" ten="276,108,237,379" oya="3" hai0="56,52,80,117,94,135,10,58,121,132,133,60,27" hai1="99,64,44,12,123,109,91,113,108,134,73,31,71" hai2="25,26,68,34,125,48,4,92,8,35,87,46,2" hai3="20,95,89,7,88,79,112,98,67,78,72,74,65"/><W45/><G20/><T85/><D121/><U5/><E123/><V106/><F68/><W62/><G7/><T53/><D117/><U84/><E31/><V120/><F106/><W107/><G45/><T110/><D110/><U76/><E44/><V131/><F120/><W81/><G112/><T116/><D116/><U57/><E71/><V122/><F122/><W126/><G126/><T24/><D94/><U39/><E39/><V115/><F115/><W28/><G28/><T15/><D85/><U36/><E99/><V90/><F125/><W19/><G19/><T37/><D80/><U32/><E32/><V130/><F35/><W41/><G41/><T100/><D100/><U6/><E36/><V1/><F1/><W23/><G23/><T11/><D37/><U114/><E12/><V0/><F0/><W50/><G50/><N who="0" m="30775" /><D11/><U104/><E84/><V97/><F97/><W42/><G42/><T55/><D55/><U59/><E76/><V103/><F103/><W118/><G78/><T30/><D30/><U69/><E69/><V124/><F124/><W40/><G40/><T129/><D129/><U77/><E77/><V119/><F119/><W75/><G107/><T33/><D33/><U86/><E104/><V22/><F34/><W47/><G79/><T70/><D70/><U127/><E127/><V83/><F83/><W61/><G81/><T102/><D102/><U38/><E38/><V29/><REACH who="2" step="1"/><F26/><REACH who="2" ten="276,108,227,379" step="2"/><W101/><G98/><T49/><D60/><N who="3" m="23145" /><G101/><T16/><AGARI ba="0,1" hai="10,15,16,24,27,49,52,58,132,133,135" m="30775" machi="16" ten="30,4000,0" yaku="20,1,54,2" doraHai="105" who="0" fromWho="0" sc="276,50,108,-10,227,-10,379,-20" owari="326,12.6,98,-40.2,217,-18.3,359,45.9" /></mjloggm>