<mjloggm ver="2.3"><GO type="225" lobby="0"/><UN n0="%E3%81%9F%E3%81%8B%E3%80%82" n1="%4B%2E%32%2E%4B%2E" n2="%E3%83%81%E3%83%83%E3%82%BF%E3%82%BD%E3%83%BC" n3="%E3%82%A2%E3%83%A1%E3%82%A2%E3%83%A9%E3%83%AC" dan="16,16,16,16" rate="2111.87,2122.04,2106.84,2168.08" sx="M,M,F,M"/><TAIKYOKU oya="0"/><INIT seed="0,0,0,4,0,44" ten="250,250,250,250" oya="0" hai0="11,84,102,124,129,101,89,109,24,65,108,46,123" hai1="103,78,98,4,82,63,115,48,27,25,66,133,10" hai2="62,88,5,94,14,116,73,1,0,22,122,16,2" hai3="40,72,83,31,96,76,7,17,97,110,114,135,28"/><T85/><D123/><U53/><E133/><V74/><F122/><W93/><G110/><N who="0" m="42603" /><D24/><U91/><E91/><V112/><F112/><W87/><G114/><T77/><D65/><U113/><E113/><V26/><F116/><W49/><G135/><T119/><D11/><U60/><E115/><V30/><F62/><W67/><G7/><T39/><D119/><U120/><E120/><V111/><F111/><W70/><G72/><T86/><D39/><U126/><E126/><V131/><F131/><W15/><G97/><T99/><D46/><U117/><E25/><V69/><F69/><W32/><G32/><T54/><D54/><U134/><E27/><V55/><F55/><W58/><G70/><T29/><D29/><U128/><E128/><V47/><F47/><N who="3" m="25831" /><G58/><T45/><D45/><U106/><E66/><V20/><REACH who="2" step="1"/><F5/><REACH who="2" ten="250,250,240,250" step="2"/><W80/><G67/><T104/><D129/><U57/><E117/><V8/><F8/><N who="3" m="6375" /><G83/><N who="0" m="47215" /><D124/><U71/><E134/><V90/><F90/><AGARI ba="0,1" hai="28,31,76,80,87,90,93,96" m="6375,25831" machi="90" ten="30,2000,0" yaku="8,1,52,1" doraHai="44" who="3" fromWho="2" sc="250,0,250,0,240,-20,250,30" /><INIT seed="1,0,0,0,2,117" ten="250,250,220,280" oya="1" hai0="46,29,95,93,114,98,36,110,6,9,10,41,100" hai1="53,42,35,107,16,97,56,81,57,33,96,48,32" hai2="70,116,135,21,11,80,52,58,84,85,62,91,105" hai3="66,115,130,5,131,126,50,13,113,118,47,24,26"/><U0/><E0/><V87/><F135/><W20/><G66/><T69/><D114/><N who="3" m="43529" /><G50/><T2/><D110/><U71/><E71/><V123/><F116/><W68/><G47/><T112/><D112/><U22/><E107/><V78/><F105/><W125/><G68/><T120/><D120/><U49/><E81/><V74/><F123/><W86/><G86/><T101/><D69/><U63/><E42/><V55/><F70/><W61/><G61/><T124/><D124/><N who="3" m="47721" /><G118/><T79/><D79/><U14/><REACH who="1" step="1"/><E48/><REACH who="1" ten="250,240,220,280" step="2"/><V39/><F39/><W82/><G82/><T59/><D36/><U134/><E134/><V30/><F80/><W127/><G127/><T77/><D41/><U132/><E132/><V60/><F74/><W119/><G119/><T73/><D73/><U38/><E38/><V23/><F78/><W15/><G131/><T64/><D77/><U4/><E4/><V76/><F76/><W88/><G130/><T17/><D6/><U83/><E83/><V1/><F1/><W122/><G5/><T121/><D2/><U19/><E19/><V65/><F30/><W40/><G40/><T25/><D29/><U103/><E103/><V3/><F91/><W109/><G88/><T75/><D101/><U108/><E108/><V90/><F90/><W111/><G111/><T89/><D100/><U27/><E27/><V45/><F60/><W44/><G109/><T8/><D89/><U129/><E129/><V18/><F3/><W72/><G26/><T104/><D25/><U34/><N who="1" m="8192" /><DORA hai="7" /><U43/><E43/><V102/><F102/><W31/><G72/><RYUUKYOKU ba="0,1" sc="250,-10,240,30,220,-10,280,-10" hai1="14,16,22,49,53,56,57,63,96,97" /><INIT seed="1,1,1,0,1,55" ten="240,270,210,270" oya="1" hai0="40,66,50,72,90,70,110,124,64,115,108,57,119" hai1="95,84,74,45,107,31,59,37,33,48,117,34,25" hai2="134,82,28,122,20,12,8,81,123,130,132,89,6" hai3="106,76,58,79,63,49,93,18,80,51,56,94,29"/><U43/><E117/><V5/><F130/><W21/><G106/><T71/><D72/><U75/><E107/><V129/><F129/><W120/><G29/><T103/><D103/><U97/><E34/><V3/><F89/><W105/><G105/><T26/><D26/><U114/><E114/><V126/><F81/><W85/><G76/><T116/><D90/><U30/><E30/><V87/><F87/><W4/><G4/><T39/><D115/><U96/><E96/><V125/><F82/><W91/><G120/><N who="2" m="46121" /><F5/><W133/><G133/><N who="2" m="51305" /><F28/><W69/><G69/><N who="0" m="26123" /><D124/><N who="2" m="47722" /><F20/><W127/><G127/><T52/><D119/><U62/><E84/><V54/><F54/><N who="3" m="31823" /><G91/><T38/><D116/><U61/><E75/><V22/><F22/><W118/><G118/><T15/><D15/><AGARI ba="1,1" hai="3,6,8,12,15" m="47722,51305,46121" machi="15" ten="40,8000,1" yaku="20,1,18,1,34,2" doraHai="55" who="2" fromWho="0" sc="240,-83,270,0,210,93,270,0" /><INIT seed="2,0,0,1,2,54" ten="157,270,303,270" oya="2" hai0="29,83,15,73,121,120,124,52,36,27,118,71,37" hai1="93,72,105,128,3,78,1,31,123,9,133,16,94" hai2="61,30,130,80,25,63,60,116,44,8,65,76,55" hai3="97,92,90,108,112,35,119,100,23,53,40,49,134"/><V34/><F130/><W39/><G35/><T88/><D118/><U26/><E105/><V117/><F8/><W113/><G108/><T127/><D71/><U42/><E128/><V11/><F11/><W102/><G119/><T129/><D15/><U70/><E70/><V14/><F14/><W13/><G134/><T6/><D6/><U81/><E133/><V89/><F89/><W33/><G33/><T95/><D129/><U51/><E123/><V43/><F55/><W74/><G74/><T69/><D69/><U110/><E9/><V132/><F132/><W96/><G40/><T109/><D109/><U47/><E110/><V12/><F12/><W50/><G39/><T101/><D101/><N who="3" m="39017" /><G53/><T86/><D73/><U131/><E131/><V79/><F79/><W125/><G97/><T115/><D115/><N who="3" m="44105" /><G125/><N who="0" m="48203" /><D83/><U56/><E1/><V7/><F116/><W58/><G13/><T64/><D64/><U107/><E107/><V18/><F117/><W57/><G23/><N who="0" m="15615" /><D52/><U104/><E3/><V62/><F65/><W28/><G28/><T82/><D82/><U5/><E5/><V99/><F7/><W22/><G22/><T48/><D48/><AGARI ba="0,0" hai="48,49,50,57,58,90,92,96" m="44105,39017" machi="48" ten="30,3900,0" yaku="11,1,52,2" doraHai="54" who="3" fromWho="0" sc="157,-39,270,0,303,0,270,39" /><INIT seed="3,0,0,1,5,75" ten="118,270,303,309" oya="3" hai0="8,113,26,25,1,54,93,111,98,0,126,116,76" hai1="59,78,101,37,105,96,95,2,110,52,13,124,60" hai2="62,90,66,88,28,133,74,11,57,117,17,46,56" hai3="77,69,118,10,70,35,135,102,71,129,104,29,58"/><W50/><G118/><T134/><D116/><U39/><E2/><V48/><F117/><W42/><G102/><T22/><D111/><U132/><E110/><V128/><F133/><W131/><G104/><T6/><D134/><U121/><E132/><V72/><F128/><N who="3" m="49227" /><G135/><T49/><D113/><U119/><E119/><V44/><F28/><W109/><G109/><T7/><D126/><U92/><E121/><V85/><F74/><W80/><G10/><T53/><D76/><U127/><E13/><N who="2" m="7359" /><F72/><N who="3" m="43047" /><G58/><T41/><D41/><U87/><E105/><V47/><F85/><W125/><G125/><N who="1" m="48202" /><E92/><V120/><F120/><W107/><G107/><T40/><D40/><U4/><E4/><V103/><F103/><W97/><G97/><T24/><D22/><U65/><E65/><V9/><F9/><W33/><G29/><T18/><D18/><U68/><E68/><V23/><F23/><W115/><G115/><T16/><D16/><U61/><E61/><V30/><F30/><W12/><G12/><T112/><D112/><U34/><E34/><V51/><F56/><W91/><G91/><AGARI ba="0,0" hai="44,46,47,48,51,57,62,66,88,90,91" m="7359" machi="91" ten="30,2000,0" yaku="8,1,54,1" doraHai="75" who="2" fromWho="3" sc="118,0,270,0,303,20,309,-20" owari="118,-38.2,270,-13.0,323,42.3,289,8.9" /></mjloggm>