<mjloggm ver="2.3"><GO type="225" lobby="0"/><UN n0="%E3%81%A8%E3%82%93%E3%81%A8%E3%81%93%E3%81%A8%E3%82%93" n1="%E8%83%83%E3%81%A8%E8%85%B8" n2="%E7%99%BD%E9%9B%AA%E4%B9%83%E6%84%9B" n3="%E5%8F%AF%E5%85%90%E9%82%A3%E7%94%B1%E5%A4%9A" dan="16,16,16,17" rate="2126.88,2188.25,2122.36,2230.35" sx="M,M,F,F"/><TAIKYOKU oya="0"/><INIT seed="0,0,0,1,4,103" ten="250,250,250,250" oya="0" hai0="126,51,121,135,44,22,115,104,1,87,91,75,84" hai1="29,5,37,83,57,93,40,30,108,131,53,24,12" hai2="123,109,61,105,46,15,77,82,45,69,134,36,18" hai3="6,58,71,98,114,9,19,92,34,97,64,0,101"/><T95/><D115/><U41/><E108/><V8/><F123/><W127/><G114/><T50/><D121/><U133/><E133/><V116/><F109/><W85/><G127/><T111/><D111/><U132/><E132/><V90/><F134/><W16/><G71/><T110/><D110/><U80/><E131/><V113/><F113/><W67/><G34/><T122/><D122/><U89/><E37/><V27/><F116/><W65/><G85/><T88/><D135/><U62/><E80/><V117/><F117/><W4/><G4/><T26/><D75/><U49/><E83/><V66/><F36/><W52/><REACH who="3" step="1"/><G98/><REACH who="3" ten="250,250,250,240" step="2"/><T35/><D35/><U7/><E7/><V17/><F77/><W54/><G54/><T63/><D126/><U55/><E55/><V70/><F70/><W100/><G100/><T32/><D32/><U94/><E53/><V106/><F90/><W120/><G120/><T42/><D91/><U130/><E89/><V56/><F69/><W125/><G125/><T3/><D84/><U14/><E5/><V2/><F2/><W81/><G81/><T86/><D87/><U118/><E118/><V31/><F82/><W28/><G28/><T76/><D76/><U129/><E29/><V11/><F31/><W99/><G99/><T107/><D1/><U78/><E78/><V13/><F27/><W25/><G25/><T10/><D3/><U38/><E30/><V60/><F60/><AGARI ba="0,1" hai="0,6,9,16,19,52,58,60,64,65,67,92,97,101" machi="60" ten="40,5200,0" yaku="1,1,54,2,53,0" doraHai="103" doraHaiUra="21" who="3" fromWho="2" sc="250,0,250,0,250,-52,240,62" /><INIT seed="1,0,0,1,4,62" ten="250,250,198,302" oya="1" hai0="60,108,76,20,31,39,63,102,70,21,77,91,22" hai1="132,27,18,97,58,52,103,4,113,34,109,94,53" hai2="125,64,117,100,133,135,99,86,134,130,65,57,120" hai3="112,80,107,56,7,25,110,43,106,89,42,35,1"/><U0/><E113/><V40/><F117/><W50/><G112/><T84/><D39/><U48/><E132/><V29/><F120/><W61/><G110/><T5/><D108/><U123/><E109/><V83/><F40/><W75/><G1/><T24/><D102/><U98/><E123/><V92/><F125/><W128/><G7/><T71/><D5/><U73/><E73/><V30/><F130/><W41/><G50/><T55/><D71/><U12/><E0/><V8/><F8/><W72/><G128/><T47/><D70/><U79/><E79/><V44/><F44/><W115/><G115/><T13/><D47/><U69/><E69/><V32/><F57/><W37/><G37/><T67/><D67/><N who="2" m="25674" /><F32/><W131/><G131/><T90/><D55/><U82/><E53/><V88/><AGARI ba="0,0" hai="29,30,83,86,88,92,99,100,133,134,135" m="25674" machi="88" ten="40,8000,1" yaku="20,1,52,3,54,1" doraHai="62" who="2" fromWho="2" sc="250,-20,250,-40,198,80,302,-20" /><INIT seed="2,0,0,2,2,2" ten="230,210,278,282" oya="2" hai0="26,6,117,1,75,46,102,79,100,47,131,120,66" hai1="108,34,43,90,30,57,129,58,40,121,7,73,55" hai2="36,93,23,44,9,41,27,89,107,65,133,122,97" hai3="80,64,132,78,33,77,31,52,130,128,53,14,48"/><V15/><F122/><W99/><G132/><T109/><D120/><U114/><E121/><V74/><F133/><W81/><G64/><T76/><D109/><U42/><E114/><V37/><F74/><W134/><G134/><T127/><D127/><U61/><E108/><V119/><F119/><W17/><G99/><T116/><D66/><U123/><E123/><V98/><F65/><W85/><G31/><T67/><D67/><U24/><E129/><N who="3" m="49770" /><G33/><T101/><D26/><U60/><E73/><V29/><F107/><W21/><G48/><T25/><D25/><U45/><E90/><V91/><F37/><W22/><G22/><T125/><D125/><U104/><E104/><V56/><F56/><W103/><G103/><T88/><D131/><U16/><E58/><V5/><F98/><W70/><G70/><T49/><D49/><U10/><E61/><V4/><F91/><W135/><G135/><T115/><D88/><U126/><E126/><V94/><F94/><W59/><G59/><T63/><D63/><U19/><REACH who="1" step="1"/><E45/><REACH who="1" ten="230,200,278,282" step="2"/><V95/><F93/><W50/><G50/><T69/><D115/><U110/><E110/><V3/><F3/><AGARI ba="0,1" hai="3,7,10,16,19,24,30,34,40,42,43,55,57,60" machi="3" ten="40,5200,0" yaku="1,1,52,1,54,1,53,0" doraHai="2" doraHaiUra="106" who="1" fromWho="2" sc="230,0,200,62,278,-52,282,0" /><INIT seed="3,0,0,5,3,93" ten="230,262,226,282" oya="3" hai0="35,40,118,85,4,106,120,58,47,20,43,7,10" hai1="90,62,56,129,131,61,13,53,34,95,11,28,17" hai2="104,70,75,74,57,117,105,30,99,22,26,89,45" hai3="15,8,33,79,32,5,52,97,86,82,69,127,67"/><W115/><G115/><T9/><D35/><U46/><E61/><V107/><F117/><W96/><G127/><T12/><D120/><U73/><E73/><V63/><F70/><W16/><G69/><T36/><D118/><U114/><E114/><V54/><REACH who="2" step="1"/><F45/><REACH who="2" ten="230,262,216,282" step="2"/><W84/><G33/><T18/><D47/><U14/><E46/><V23/><F23/><W119/><G32/><T121/><D121/><U24/><REACH who="1" step="1"/><E13/><REACH who="1" ten="230,252,216,282" step="2"/><V91/><F91/><W125/><G119/><T66/><D12/><U113/><E113/><V19/><F19/><W128/><G16/><T50/><D18/><U81/><E81/><V135/><F135/><W109/><G82/><T112/><D112/><U87/><AGARI ba="0,2" hai="11,14,17,24,28,34,53,56,62,87,90,95,129,131" machi="87" ten="30,2000,0" yaku="1,1,0,1,53,0" doraHai="93" doraHaiUra="116" who="1" fromWho="1" sc="230,-5,252,40,216,-5,282,-10" /><INIT seed="4,0,0,4,3,21" ten="225,292,211,272" oya="0" hai0="103,0,125,29,31,32,126,63,88,43,40,69,130" hai1="35,42,68,98,2,72,70,92,22,107,26,135,48" hai2="106,90,124,129,77,122,46,56,128,59,16,79,20" hai3="94,7,55,30,58,127,67,27,12,86,33,82,66"/><T114/><D0/><U18/><E72/><V28/><F122/><W76/><G127/><N who="0" m="48651" /><D103/><U19/><E107/><V81/><F124/><W6/><G94/><T132/><D114/><U100/><E2/><V109/><F106/><W80/><G80/><T83/><D130/><N who="2" m="50282" /><F109/><W1/><G1/><T73/><D132/><U101/><E135/><V25/><F46/><W123/><G123/><T89/><D73/><U111/><E111/><V60/><F28/><N who="0" m="10826" /><D32/><U71/><E35/><V113/><F113/><W116/><G116/><T8/><D8/><U37/><E101/><V108/><F108/><W9/><REACH who="3" step="1"/><G7/><REACH who="3" ten="225,292,211,262" step="2"/><T10/><D10/><U57/><E92/><V14/><F14/><W133/><G133/><T52/><D83/><U75/><E100/><V24/><F24/><W51/><AGARI ba="0,1" hai="6,9,12,27,30,33,51,55,58,66,67,76,82,86" machi="51" ten="20,8000,1" yaku="1,1,0,1,7,1,52,1,53,1" doraHai="21" doraHaiUra="74" who="3" fromWho="3" sc="225,-40,292,-20,211,-20,262,90" owari="185,-31.5,272,7.2,191,-20.9,352,45.2" /></mjloggm>