<mjloggm ver="2.3"><GO type="225" lobby="0"/><UN n0="%E3%81%AF%E3%82%88%E3%81%8A%E3%81%98%E3%81%95%E3%82%93" n1="%6D%75%75%6D%75%72%61" n2="%E6%9D%BE%E6%9C%AC%E5%81%A5%E7%94%B7" n3="%E6%B8%A9%E2%98%85%E6%83%85%E2%98%85%E6%8E%AA%E2%98%85%E7%BD%AE" dan="17,17,16,17" rate="2168.43,2228.10,2174.88,2188.57" sx="M,F,M,M"/><TAIKYOKU oya="0"/><INIT seed="0,0,0,2,4,37" ten="250,250,250,250" oya="0" hai0="116,50,129,28,128,57,123,45,124,52,53,97,5" hai1="109,20,82,59,31,113,88,38,27,62,10,78,16" hai2="98,61,125,93,34,81,23,96,41,21,131,117,26" hai3="6,4,67,58,83,69,99,64,84,55,106,104,89"/><T43/><D5/><U44/><E109/><V133/><F125/><W9/><G6/><T30/><D116/><U65/><E113/><V90/><F131/><N who="0" m="50250" /><D123/><U86/><E38/><V63/><F133/><W39/><G39/><N who="0" m="21759" /><D124/><U22/><E44/><V120/><F120/><W111/><G111/><T73/><D73/><U29/><E10/><V115/><F41/><W8/><G8/><T85/><D97/><U105/><E105/><V100/><F117/><W118/><G118/><T70/><D70/><U101/><E101/><V126/><F115/><W11/><G11/><T46/><D85/><U102/><E102/><V80/><F34/><W87/><G87/><T107/><D107/><U33/><E33/><V135/><F21/><W114/><G114/><T77/><D77/><U79/><E31/><V19/><F135/><W3/><G69/><T2/><D2/><U36/><E36/><V112/><F112/><W7/><G7/><T56/><D56/><U119/><E119/><V132/><F132/><W42/><G106/><T94/><D94/><U1/><E1/><V72/><F126/><W71/><G71/><T68/><D68/><U0/><E0/><V35/><F72/><W60/><G99/><T66/><D66/><N who="3" m="25129" /><G104/><T13/><D13/><AGARI ba="0,0" hai="13,16,20,22,27,29,59,62,65,78,79,82,86,88" machi="13" ten="30,7700,0" yaku="7,1,8,1,54,2" doraHai="37" who="1" fromWho="0" sc="250,-77,250,77,250,0,250,0" /><INIT seed="1,0,0,0,0,54" ten="173,327,250,250" oya="1" hai0="43,75,106,69,85,30,83,117,124,58,100,6,108" hai1="110,23,55,127,129,26,46,39,119,31,22,91,77" hai2="36,3,8,98,44,50,2,11,123,76,135,96,20" hai3="109,134,107,33,27,38,49,90,53,74,128,101,118"/><U126/><E119/><V132/><F36/><W61/><G74/><T105/><D117/><U125/><E129/><V52/><F123/><W60/><G38/><T67/><D69/><U113/><E113/><V116/><F116/><W121/><G118/><T80/><D108/><U1/><E110/><V40/><F40/><W72/><G72/><T32/><D124/><U18/><E1/><V19/><F76/><W86/><G109/><T47/><D6/><U65/><E65/><V78/><F78/><W87/><G121/><T93/><D75/><U37/><E77/><V71/><F71/><W9/><G128/><T112/><D112/><U57/><E91/><V115/><F115/><W28/><G134/><N who="2" m="51241" /><F2/><W17/><G87/><T41/><D30/><U7/><E7/><N who="2" m="1151" /><F11/><W4/><G17/><T81/><D32/><U15/><REACH who="1" step="1"/><E46/><REACH who="1" ten="173,317,250,250" step="2"/><V70/><F70/><W56/><G4/><T14/><D47/><U84/><E84/><V51/><F51/><AGARI ba="0,1" hai="15,18,22,23,26,31,37,39,51,55,57,125,126,127" machi="51" ten="40,7700,0" yaku="1,1,18,1,52,1,53,0" doraHai="54" doraHaiUra="92" who="1" fromWho="2" sc="173,0,317,87,250,-77,250,0" /><INIT seed="1,1,0,5,2,114" ten="173,404,173,250" oya="1" hai0="62,10,111,24,134,89,2,30,59,47,46,38,82" hai1="101,20,126,31,103,107,54,35,132,116,0,131,7" hai2="76,84,93,71,4,18,108,40,68,95,26,113,42" hai3="72,118,51,133,77,96,17,25,61,74,99,5,8"/><U128/><E35/><V50/><F113/><W121/><G121/><T117/><D117/><U48/><E116/><V115/><F115/><W109/><G118/><T100/><D111/><U56/><E126/><V14/><F108/><W70/><G109/><T129/><D129/><U28/><E132/><V122/><F122/><W119/><G119/><T124/><D134/><U21/><E0/><V36/><F36/><W75/><G133/><T29/><D124/><U27/><E7/><V64/><F4/><W11/><G77/><T55/><D2/><U16/><E31/><V130/><F26/><W22/><G51/><T86/><D38/><U97/><REACH who="1" step="1"/><E101/><REACH who="1" ten="173,394,173,250" step="2"/><V49/><F130/><W1/><G1/><T125/><D100/><U23/><E23/><V65/><F18/><W34/><G34/><T123/><D125/><U12/><AGARI ba="1,1" hai="12,16,20,21,27,28,48,54,56,97,103,107,128,131" machi="12" ten="30,11700,0" yaku="1,1,0,1,54,1,53,1" doraHai="114" doraHaiUra="9" who="1" fromWho="1" sc="173,-40,394,130,173,-40,250,-40" /><INIT seed="1,2,0,4,3,53" ten="133,524,133,210" oya="1" hai0="131,38,11,93,105,111,129,106,57,20,127,128,66" hai1="49,58,33,67,8,59,112,30,101,104,110,120,91" hai2="80,26,27,84,63,74,126,50,108,102,45,22,13" hai3="52,130,31,90,32,71,5,29,1,115,82,132,109"/><U119/><E112/><V83/><F108/><W21/><G71/><T114/><D114/><U134/><E119/><V19/><F126/><W54/><G115/><T124/><D38/><U48/><E134/><V133/><F133/><W43/><G32/><T42/><D42/><U24/><E120/><V37/><F37/><W89/><G132/><T55/><D111/><U25/><E110/><V113/><F113/><W85/><G109/><T44/><D11/><U41/><E104/><N who="0" m="40041" /><D20/><U117/><E101/><V125/><F102/><W65/><G43/><T60/><D93/><U36/><E117/><V62/><F74/><W72/><G21/><T94/><D94/><U73/><E36/><V70/><F83/><W69/><G31/><T103/><D103/><U51/><E73/><V79/><F125/><N who="0" m="48202" /><D44/><U64/><E41/><N who="2" m="24879" /><F70/><W77/><G29/><T34/><D55/><U0/><E33/><AGARI ba="2,0" hai="33,34,57,60,66,128,129,131" m="48202,40041" machi="33" ten="40,5200,0" yaku="19,1,18,1,52,1" doraHai="53" who="0" fromWho="1" sc="133,58,524,-58,133,0,210,0" /><INIT seed="2,0,0,3,4,63" ten="191,466,133,210" oya="2" hai0="40,2,43,55,12,122,74,116,51,105,26,49,22" hai1="130,75,88,60,46,129,36,99,48,91,70,39,78" hai2="85,73,100,3,50,4,103,101,23,106,30,27,59" hai3="28,95,109,120,126,135,80,35,132,16,6,87,31"/><V118/><F118/><W71/><G120/><T20/><D2/><U44/><E78/><V47/><F73/><W125/><G71/><T90/><D105/><U93/><E75/><V29/><F59/><W25/><G109/><T81/><D122/><U97/><E70/><V83/><F4/><W21/><G95/><T104/><D104/><U68/><E68/><V111/><F3/><W58/><G58/><T134/><D134/><N who="3" m="51241" /><G6/><T34/><D34/><U124/><E60/><V42/><F111/><W24/><G31/><N who="0" m="17863" /><D74/><U65/><E65/><V61/><F61/><W32/><G32/><T92/><D81/><U128/><E124/><V54/><F30/><W79/><AGARI ba="0,0" hai="16,21,24,25,28,35,79,80,87,125,126" m="51241" machi="79" ten="30,2000,0" yaku="20,1,54,1" doraHai="63" who="3" fromWho="3" sc="191,-5,466,-5,133,-10,210,20" /><INIT seed="3,0,0,5,4,106" ten="186,461,123,230" oya="3" hai0="50,81,13,8,20,115,99,134,103,96,59,67,64" hai1="97,4,9,113,128,60,41,92,62,95,19,45,116" hai2="133,53,93,131,94,61,30,7,25,83,112,84,58" hai3="104,32,57,78,125,75,117,54,10,24,2,55,23"/><W56/><G104/><T86/><D134/><U14/><E113/><V22/><F131/><W87/><G75/><T108/><D108/><U70/><E128/><V40/><F133/><W107/><G107/><T38/><D38/><U73/><E73/><V74/><F112/><W26/><G32/><T42/><D20/><U31/><E70/><V127/><F127/><W130/><G2/><T15/><D115/><U100/><E116/><V21/><F40/><W16/><G10/><T34/><D34/><U6/><E31/><V5/><F74/><W129/><G117/><T49/><D13/><U36/><E95/><V63/><F94/><W91/><G78/><T12/><D15/><U77/><E77/><V102/><F63/><W69/><G26/><T79/><D42/><U43/><E43/><V89/><F102/><W35/><G35/><T122/><D122/><U46/><E46/><V65/><F65/><N who="0" m="25162" /><D59/><N who="3" m="22601" /><G69/><T11/><D11/><U114/><REACH who="1" step="1"/><E114/><REACH who="1" ten="186,451,123,230" step="2"/><V68/><F68/><W48/><G130/><T18/><D103/><U3/><E3/><V111/><F111/><W110/><G129/><T37/><D37/><U98/><E98/><AGARI ba="0,1" hai="8,12,18,49,50,79,81,86,96,98,99" m="25162" machi="98" ten="30,1000,0" yaku="8,1" doraHai="106" who="0" fromWho="1" sc="186,20,451,-10,123,0,230,0" owari="206,-19.4,441,54.1,123,-37.7,230,3.0" /></mjloggm>