<mjloggm ver="2.3"><GO type="225" lobby="0"/><UN n0="%E3%81%99%E3%81%84%E3%81%BE%E3%81%9B%E3%83%BC%E3%82%93" n1="%E3%81%B7%E3%82%8A%E3%82%93%E8%81%96%E4%BA%BA" n2="%E3%81%A9%E3%82%8F%E3%82%93%E3%81%94" n3="%72%69%6F%75%63%68%61%6E" dan="16,16,16,17" rate="2112.58,2083.27,2155.27,2278.44" sx="M,M,M,M"/><TAIKYOKU oya="0"/><INIT seed="0,0,0,2,4,80" ten="250,250,250,250" oya="0" hai0="119,52,47,118,15,86,103,2,116,46,127,73,75" hai1="40,29,14,5,13,134,87,88,128,121,101,44,126" hai2="6,89,19,91,10,113,22,104,71,77,122,108,39" hai3="53,66,93,102,64,23,85,16,97,133,125,1,124"/><T34/><D2/><U67/><E121/><V105/><F113/><W72/><G72/><T25/><D127/><N who="3" m="48713" /><G1/><T57/><D103/><U106/><E126/><V111/><F71/><W48/><G133/><T68/><D68/><U62/><E29/><V51/><F39/><W28/><G28/><T60/><D15/><U115/><E134/><V9/><F51/><W33/><G33/><T100/><D100/><U30/><E30/><V117/><F77/><W11/><G11/><N who="2" m="4105" /><F6/><W21/><G21/><T35/><D25/><U120/><E5/><V42/><F42/><W56/><G85/><T26/><D26/><AGARI ba="0,0" hai="16,23,26,48,53,56,64,66,93,97,102" m="48713" machi="26" ten="30,2000,0" yaku="18,1,54,1" doraHai="80" who="3" fromWho="0" sc="250,-20,250,0,250,0,250,20" /><INIT seed="1,0,0,2,3,113" ten="230,250,250,270" oya="1" hai0="72,58,2,124,91,86,55,78,80,38,19,132,33" hai1="1,118,120,3,22,134,66,131,9,47,112,96,87" hai2="102,31,115,100,50,62,107,93,73,48,12,40,98" hai3="36,84,67,69,106,76,37,133,105,111,21,27,71"/><U49/><E112/><V18/><F115/><W60/><G111/><T23/><D124/><U122/><E66/><V117/><F73/><W51/><G133/><T10/><D132/><U129/><E134/><V108/><F108/><W32/><G71/><T28/><D38/><U126/><E96/><V7/><F7/><W88/><G32/><T125/><D125/><U101/><E101/><V56/><F117/><W130/><G130/><N who="1" m="49674" /><E87/><V46/><F31/><W39/><G76/><T116/><D116/><U41/><E126/><V61/><F102/><W70/><G51/><T26/><D2/><U74/><E74/><V123/><F107/><W79/><G79/><T109/><D109/><U44/><E118/><V30/><F30/><W24/><G70/><T8/><D78/><U89/><E89/><V83/><F83/><W13/><G13/><T34/><D72/><U135/><E135/><V57/><F123/><W42/><G42/><T65/><D65/><U15/><E22/><N who="2" m="11591" /><F48/><W95/><REACH who="3" step="1"/><G27/><REACH who="3" ten="230,250,250,260" step="2"/><T68/><D68/><U14/><E15/><V29/><F40/><W103/><G103/><T127/><D127/><U5/><E47/><V45/><F46/><W4/><G4/><T99/><D34/><U6/><E5/><V121/><F121/><AGARI ba="0,1" hai="1,3,6,9,14,41,44,49,120,121,122" m="49674" machi="121" ten="30,1500,0" yaku="19,1" doraHai="113" who="1" fromWho="2" sc="230,0,250,25,250,-15,260,0" /><INIT seed="1,1,0,3,3,122" ten="230,275,235,260" oya="1" hai0="121,103,6,75,118,28,34,54,129,72,79,4,95" hai1="68,106,114,123,130,60,38,3,127,44,113,45,15" hai2="76,52,46,20,85,5,47,40,90,124,24,71,105" hai3="77,35,84,30,80,22,74,78,97,67,14,116,25"/><U31/><E106/><V32/><F105/><W21/><G116/><T29/><D118/><U17/><E3/><V55/><F71/><W11/><G67/><T39/><D121/><U16/><E123/><V110/><F32/><W102/><G74/><T107/><D107/><U128/><E31/><V51/><F124/><W93/><REACH who="3" step="1"/><G77/><REACH who="3" ten="230,275,235,250" step="2"/><T112/><D79/><U2/><E113/><V53/><F76/><W37/><G37/><T7/><D39/><U64/><E114/><V69/><F69/><W42/><G42/><T65/><D65/><U1/><E38/><V91/><F40/><W59/><G59/><T73/><D112/><U99/><E45/><V86/><F47/><W89/><G89/><T8/><D75/><U10/><E44/><V108/><F55/><W100/><G100/><T119/><D119/><U61/><E127/><V9/><F53/><W62/><G62/><T81/><D73/><U109/><E64/><V19/><F91/><W27/><G27/><T82/><D54/><U92/><E68/><V104/><F104/><W87/><G87/><T131/><D72/><U56/><E56/><V13/><REACH who="2" step="1"/><F85/><REACH who="2" ten="230,275,225,250" step="2"/><W126/><G126/><T101/><D101/><U33/><E99/><V0/><F0/><W98/><G98/><T12/><D103/><U26/><E2/><V88/><F88/><W125/><G125/><T18/><D131/><U120/><E1/><V41/><F41/><W117/><G117/><T63/><D129/><U49/><E128/><V58/><F58/><W134/><G134/><T135/><D135/><U111/><E130/><V66/><F66/><RYUUKYOKU ba="1,2" sc="230,-15,275,-15,225,15,250,15" hai2="5,9,13,19,20,24,46,51,52,86,90,108,110" hai3="11,14,21,22,25,30,35,78,80,84,93,97,102" /><INIT seed="2,2,2,2,5,124" ten="215,260,240,265" oya="2" hai0="42,102,119,82,79,70,58,106,31,133,44,22,108" hai1="7,36,105,85,28,51,41,33,1,98,54,97,47" hai2="129,35,25,38,2,10,14,8,9,57,107,48,66" hai3="43,118,84,29,49,59,64,99,93,3,100,112,83"/><V46/><F107/><W67/><G118/><T12/><D70/><U16/><E105/><V123/><F123/><W55/><G112/><T113/><D113/><U6/><E33/><V73/><F38/><W125/><G3/><T78/><D119/><U88/><E28/><V126/><F73/><W53/><G125/><T13/><D133/><U40/><E1/><V132/><F2/><W27/><G53/><T87/><D108/><U65/><E65/><V61/><F132/><W134/><G43/><N who="1" m="16458" /><E36/><V80/><F126/><W5/><G5/><N who="1" m="1546" /><E16/><V26/><F35/><W20/><REACH who="3" step="1"/><G134/><REACH who="3" ten="215,260,240,255" step="2"/><T114/><D114/><U18/><E18/><V95/><F46/><W30/><G30/><T101/><D31/><U11/><E11/><V34/><F10/><W94/><G94/><AGARI ba="2,3" hai="47,51,54,85,88,94,97,98" m="1546,16458" machi="94" ten="30,2000,0" yaku="8,1,54,1" doraHai="124" who="1" fromWho="3" sc="215,0,260,56,240,0,255,-26" /><INIT seed="3,0,0,1,5,98" ten="215,316,240,229" oya="3" hai0="115,87,94,92,68,93,34,1,73,78,5,25,128" hai1="16,71,56,58,132,53,75,125,95,57,89,67,17" hai2="13,88,100,37,134,112,80,105,20,65,70,101,24" hai3="99,21,62,82,2,133,32,40,97,74,111,123,47"/><W27/><G123/><T23/><D34/><U85/><E75/><V0/><F112/><W4/><G133/><T126/><D115/><U121/><E132/><V60/><F0/><W113/><G113/><T14/><D126/><U12/><E125/><V42/><F134/><W43/><G111/><T54/><D68/><U35/><E35/><V64/><F105/><W33/><G40/><T26/><D1/><U46/><E17/><V76/><F37/><W44/><G47/><T66/><D66/><N who="2" m="25706" /><F70/><W9/><G62/><T48/><D73/><U63/><E121/><V86/><F42/><W22/><G22/><T120/><D120/><U39/><E39/><V106/><F106/><W109/><G109/><T117/><D117/><U29/><E29/><N who="2" m="17543" /><F60/><W77/><G32/><T91/><D128/><U84/><E84/><N who="2" m="48135" /><F13/><W96/><G33/><T49/><D78/><U15/><E15/><V19/><F19/><W7/><G7/><T52/><D5/><U102/><E71/><V51/><F51/><N who="0" m="19530" /><D14/><U59/><E46/><V79/><F79/><W31/><G97/><T55/><D26/><U129/><E129/><V36/><F36/><AGARI ba="0,0" hai="2,4,9,21,27,31,36,43,44,74,77,82,96,99" machi="36" ten="30,5800,0" yaku="7,1,25,2" doraHai="98" who="3" fromWho="2" sc="215,0,316,0,240,-58,229,58" /><INIT seed="3,1,0,5,3,0" ten="215,316,182,287" oya="3" hai0="110,93,65,130,62,64,77,60,67,32,94,31,18" hai1="1,53,83,79,42,58,107,123,88,25,80,129,47" hai2="95,48,85,15,61,66,10,5,76,6,111,57,118" hai3="30,87,127,82,51,73,52,102,2,104,81,16,35"/><W21/><G2/><T70/><D110/><U43/><E1/><V89/><F118/><W9/><G127/><T20/><D130/><U56/><E107/><V121/><F111/><W24/><G73/><T26/><D77/><U98/><E123/><V46/><F121/><W37/><G37/><T19/><D19/><U27/><E58/><V38/><F38/><W54/><G9/><T99/><D99/><U116/><E116/><V101/><F101/><W86/><G102/><T72/><D72/><U36/><E42/><N who="2" m="24663" /><F76/><N who="3" m="46375" /><G35/><T117/><D117/><U12/><E12/><V92/><F95/><W7/><G7/><AGARI ba="1,0" hai="5,6,7,10,15,57,61,66,85,89,92" m="24663" machi="7" ten="30,7700,0" yaku="8,1,52,3" doraHai="0" who="2" fromWho="3" sc="215,0,316,0,182,80,287,-80" owari="215,-18.5,316,41.6,262,6.2,207,-29.3" /></mjloggm>