<mjloggm ver="2.3"><GO type="225" lobby="0"/><UN n0="%E3%82%A2%E3%83%9E%E3%83%9D%EF%BD%9E%EF%BD%9E%E3%83%A9" n1="%72%69%6F%75%63%68%61%6E" n2="%4B%2E%32%2E%4B%2E" n3="%E3%82%BC%E3%83%AB%E3%83%80%E3%81%AE%E4%BC%9D%E8%AA%AC" dan="17,17,16,16" rate="2175.34,2193.00,2104.09,2167.06" sx="M,M,M,M"/><TAIKYOKU oya="0"/><INIT seed="0,0,0,3,5,51" ten="250,250,250,250" oya="0" hai0="28,59,71,133,12,32,131,87,70,97,15,115,105" hai1="34,13,74,99,103,128,106,72,76,53,111,93,56" hai2="84,108,65,37,119,41,91,61,21,26,92,101,64" hai3="10,83,82,50,29,57,35,130,98,23,94,2,86"/><T42/><D115/><U85/><E111/><V66/><F119/><W126/><G126/><T45/><D131/><U0/><E0/><V54/><F108/><W6/><G35/><T75/><D75/><U107/><E128/><V110/><F110/><W116/><G116/><T79/><D133/><U124/><E124/><V16/><F101/><W31/><G130/><T39/><D28/><U78/><E34/><V120/><F120/><W104/><G104/><N who="1" m="39978" /><E13/><V95/><F95/><W46/><G57/><T117/><D32/><U27/><E53/><V89/><F89/><W96/><G96/><T88/><D79/><N who="1" m="30251" /><E27/><V9/><F9/><W18/><G86/><T73/><D73/><N who="1" m="28267" /><E56/><N who="2" m="34967" /><F37/><W81/><G23/><T129/><D129/><U20/><E20/><V114/><F114/><W135/><G18/><T48/><D117/><U102/><E85/><V38/><F38/><W127/><G127/><T49/><D39/><U25/><E25/><V109/><F109/><W68/><G68/><T122/><D70/><U30/><E30/><V19/><F41/><W77/><G29/><AGARI ba="0,0" hai="16,19,21,26,29,64,65,66,84,91,92" m="34967" machi="29" ten="30,3900,0" yaku="8,1,52,1,54,1" doraHai="51" who="2" fromWho="3" sc="250,0,250,0,250,39,250,-39" /><INIT seed="1,0,0,4,4,88" ten="250,250,289,211" oya="1" hai0="57,38,113,49,85,108,98,51,17,93,67,64,62" hai1="5,39,120,127,135,116,87,128,84,100,8,61,56" hai2="130,91,89,73,11,69,111,86,16,119,126,29,12" hai3="43,25,9,121,81,19,70,60,50,52,35,22,118"/><U53/><E116/><V131/><F73/><W45/><G121/><T44/><D113/><U74/><E127/><V103/><F119/><W80/><G118/><T34/><D108/><U77/><E135/><V123/><F123/><W13/><G35/><T47/><D34/><U18/><E128/><N who="2" m="49195" /><F69/><W79/><G79/><T42/><D85/><U109/><E120/><V0/><F111/><W20/><G20/><T122/><D122/><U33/><E109/><V76/><F126/><W115/><G115/><T133/><D133/><U28/><E39/><V3/><F103/><W75/><G75/><T10/><D64/><U117/><E117/><V55/><F55/><W32/><G32/><T54/><D38/><U105/><E18/><V104/><F104/><W83/><G70/><T27/><D10/><U4/><E74/><V46/><F46/><W102/><G102/><N who="0" m="60751" /><D27/><U134/><E134/><V40/><F40/><W107/><G107/><T95/><D95/><U2/><E77/><V58/><F0/><W36/><G36/><T14/><D14/><U6/><E105/><V114/><F3/><W63/><REACH who="3" step="1"/><G43/><REACH who="3" ten="250,250,289,201" step="2"/><T41/><D41/><U48/><E33/><V65/><F114/><W82/><N who="3" m="20480" /><DORA hai="66" /><W99/><G99/><T96/><D96/><U101/><E87/><V72/><F72/><W94/><G94/><T30/><D30/><AGARI ba="0,1" hai="9,13,19,22,25,30,45,50,52,60,63" m="20480" machi="30" ten="50,6400,0" yaku="1,1,8,1,54,1,53,0" doraHai="88,66" doraHaiUra="71,106" who="3" fromWho="0" sc="250,-64,250,0,289,0,201,74" /><INIT seed="2,0,0,4,1,3" ten="186,250,289,275" oya="2" hai0="55,112,82,93,133,6,87,20,67,48,109,68,27" hai1="9,80,124,107,132,97,65,79,85,120,31,62,123" hai2="113,10,38,92,127,73,125,23,47,105,61,56,14" hai3="25,40,50,19,130,122,104,16,114,18,12,39,129"/><V37/><F105/><W26/><G39/><T88/><D112/><U134/><E124/><N who="2" m="47691" /><F113/><W24/><G114/><T58/><D109/><U44/><E31/><V76/><F23/><W17/><G104/><T15/><D133/><N who="1" m="51307" /><E44/><V28/><F28/><W106/><G106/><T75/><D75/><U41/><E41/><V13/><F92/><W96/><G96/><T35/><D35/><U71/><E9/><V84/><F73/><W126/><G126/><T21/><D68/><U7/><E7/><N who="2" m="3295" /><F14/><W60/><G122/><N who="1" m="46634" /><E107/><V33/><F47/><W86/><G40/><T45/><D27/><U1/><E97/><V0/><F0/><AGARI ba="0,0" hai="0,1,62,65,71,79,80,85" m="46634,51307" machi="0" ten="30,2000,0" yaku="20,1,13,1" doraHai="3" who="1" fromWho="2" sc="186,0,250,20,289,-20,275,0" /><INIT seed="3,0,0,0,3,102" ten="186,270,269,275" oya="3" hai0="13,81,34,16,110,63,53,24,134,27,73,103,126" hai1="41,44,70,107,57,86,85,96,30,49,19,3,133" hai2="120,71,66,52,37,93,95,65,25,60,36,101,90" hai3="11,26,94,42,80,87,15,46,100,104,79,32,114"/><W109/><G114/><T1/><D1/><U89/><E70/><V38/><F120/><W122/><G122/><T106/><D110/><U40/><E133/><V56/><F71/><W98/><G109/><T99/><D134/><U47/><E3/><V31/><F101/><W20/><G32/><T115/><D115/><U51/><E30/><V62/><F62/><W6/><G94/><T22/><D126/><U113/><E113/><V132/><F132/><W135/><G135/><T48/><D63/><U7/><E7/><V35/><REACH who="2" step="1"/><F95/><REACH who="2" ten="186,270,259,275" step="2"/><W28/><G46/><T64/><D64/><U67/><E67/><V55/><F55/><W123/><G123/><T8/><D34/><U39/><E57/><V59/><F59/><W112/><G112/><T124/><D124/><U72/><E39/><V118/><F118/><W119/><REACH who="3" step="1"/><G42/><REACH who="3" ten="186,270,259,265" step="2"/><T105/><D105/><U77/><E44/><V18/><F18/><W58/><G58/><T23/><D53/><U54/><E19/><V17/><F17/><W50/><G50/><T43/><D48/><U74/><E49/><V14/><F14/><W97/><G97/><AGARI ba="0,2" hai="25,31,35,36,37,38,52,56,60,65,66,90,93,97" machi="97" ten="40,5200,0" yaku="1,1,54,1,53,1" doraHai="102" doraHaiUra="92" who="2" fromWho="3" sc="186,0,270,0,259,72,265,-52" owari="186,-31.4,270,7.0,331,43.1,213,-18.7" /></mjloggm>