<mjloggm ver="2.3"><GO type="225" lobby="0"/><UN n0="%72%65%6E%6B%75%6E" n1="%E3%82%B2%E3%82%B9%E8%8C%82%E5%8B%9D" n2="%E6%81%A5%E6%99%92%E3%81%97" n3="%E3%82%A2%E3%83%A1%E3%82%A2%E3%83%A9%E3%83%AC" dan="17,16,16,16" rate="2252.23,2080.20,2135.75,2046.94" sx="M,F,M,M"/><TAIKYOKU oya="0"/><INIT seed="0,0,0,5,0,74" ten="250,250,250,250" oya="0" hai0="81,110,45,75,7,80,38,17,93,16,119,5,48" hai1="129,85,121,99,68,97,109,102,9,95,77,73,27" hai2="70,39,19,66,100,6,94,104,90,33,14,12,24" hai3="106,91,69,58,21,84,36,132,25,78,79,41,126"/><T40/><D119/><U10/><E68/><V87/><F39/><W37/><G69/><T82/><D75/><U71/><E71/><V8/><F6/><N who="0" m="2058" /><D38/><U54/><E121/><V49/><F49/><W43/><G106/><T89/><D110/><U56/><E73/><V46/><F46/><W65/><G132/><T30/><D30/><U63/><E109/><V60/><F19/><N who="3" m="12479" /><G37/><T112/><D112/><U120/><E120/><V96/><REACH who="2" step="1"/><F8/><REACH who="2" ten="250,250,240,250" step="2"/><W76/><G36/><T26/><D26/><U113/><E113/><V4/><F4/><W31/><G31/><AGARI ba="0,1" hai="12,14,24,31,33,60,66,70,87,90,94,96,100,104" machi="31" ten="40,5200,0" yaku="1,1,25,2,53,0" doraHai="74" doraHaiUra="122" who="2" fromWho="3" sc="250,0,250,0,240,62,250,-52" /><INIT seed="1,0,0,2,4,60" ten="250,250,302,198" oya="1" hai0="50,26,39,28,118,76,37,18,66,116,15,21,107" hai1="71,59,22,35,102,43,95,85,135,72,132,63,97" hai2="94,129,10,108,0,100,104,31,115,127,58,77,36" hai3="5,27,86,89,112,51,52,47,62,121,13,98,68"/><U82/><E35/><V55/><F36/><W42/><G121/><T120/><D107/><U41/><E71/><V4/><F108/><W124/><G124/><T84/><D120/><U99/><E72/><V81/><F127/><W110/><G110/><T23/><D39/><U53/><E22/><V90/><F129/><W24/><G112/><T7/><D37/><U65/><E99/><V17/><F31/><W8/><G98/><T20/><D7/><U130/><E130/><V16/><F100/><W57/><REACH who="3" step="1"/><G68/><REACH who="3" ten="250,250,302,188" step="2"/><T114/><D114/><U6/><E6/><V38/><F115/><W123/><G123/><T117/><D117/><U48/><E132/><V125/><F125/><W78/><G78/><T134/><D134/><U19/><E135/><V32/><F77/><W109/><G109/><T40/><D116/><U69/><REACH who="1" step="1"/><E19/><REACH who="1" ten="250,240,302,188" step="2"/><V44/><F17/><W46/><G46/><T92/><D18/><U103/><E103/><V119/><F16/><W111/><G111/><T9/><D118/><U3/><E3/><V45/><F119/><W126/><G126/><T91/><D28/><U30/><E30/><V12/><F0/><W34/><G34/><T93/><D26/><U75/><E75/><V73/><F73/><W96/><G96/><T29/><D29/><U61/><E61/><N who="2" m="36063" /><F45/><W33/><G33/><T64/><D15/><U105/><E105/><V131/><F44/><W79/><G79/><AGARI ba="0,2" hai="41,43,48,53,59,63,65,69,79,82,85,95,97,102" machi="79" ten="30,5800,0" yaku="1,1,7,1,52,1,53,0" doraHai="60" doraHaiUra="113" who="1" fromWho="3" sc="250,0,240,78,302,0,188,-58" /><INIT seed="1,1,0,4,1,54" ten="250,318,302,130" oya="1" hai0="49,108,78,33,29,6,93,83,95,135,63,3,92" hai1="119,122,73,91,42,105,65,120,5,113,85,15,117" hai2="110,97,22,134,25,17,38,79,7,11,35,0,102" hai3="72,86,74,126,69,53,123,34,21,2,127,109,100"/><U14/><E42/><V118/><F118/><N who="1" m="45065" /><E65/><V128/><F38/><W131/><G34/><T47/><D108/><U52/><E52/><V64/><F110/><W16/><G2/><T114/><D135/><U9/><E15/><N who="2" m="9535" /><F134/><W111/><G123/><N who="1" m="47146" /><E14/><V26/><F128/><W23/><G131/><T82/><D114/><U30/><E30/><N who="2" m="19919" /><F79/><W125/><G69/><T43/><D63/><U133/><E9/><V48/><F48/><W59/><G100/><T56/><D56/><U130/><E5/><V46/><F46/><W36/><G36/><T88/><D3/><U112/><E130/><V121/><F121/><W87/><G23/><T50/><D6/><U27/><E27/><V13/><F13/><N who="3" m="9359" /><G111/><T32/><D29/><U41/><E41/><V37/><F26/><W84/><G109/><T51/><D47/><U12/><E12/><V24/><F24/><W96/><G96/><T57/><D43/><U67/><E133/><V4/><F4/><W40/><G40/><T55/><D32/><U124/><E105/><N who="2" m="63695" /><F64/><W129/><G129/><T132/><D33/><U75/><E67/><V80/><F37/><W10/><G10/><T81/><D132/><U103/><E103/><V61/><F61/><AGARI ba="1,0" hai="53,59,61,72,74,84,86,87,125,126,127" m="9359" machi="61" ten="40,5200,0" yaku="18,1,52,1,54,1" doraHai="54" who="3" fromWho="2" sc="250,0,318,0,302,-55,130,55" /><INIT seed="2,0,0,0,4,93" ten="250,318,247,185" oya="2" hai0="9,86,25,113,126,105,12,134,50,90,96,76,133" hai1="18,135,75,115,114,91,59,112,110,4,127,99,104" hai2="74,95,21,34,27,103,129,123,111,45,47,19,66" hai3="15,37,30,130,22,118,44,43,26,23,125,71,120"/><V42/><F123/><W5/><G130/><T109/><D113/><U54/><E110/><V101/><F129/><W89/><G125/><T84/><D109/><U60/><E127/><V81/><F111/><W67/><G118/><T102/><D126/><U20/><E135/><N who="0" m="51721" /><D76/><U33/><E33/><V70/><F34/><W8/><G120/><T122/><D122/><U69/><E75/><V61/><F47/><W28/><G71/><T53/><D25/><U72/><E72/><V128/><F128/><W35/><G67/><T106/><D106/><U57/><E4/><V117/><F117/><W1/><G28/><T82/><D90/><U0/><E0/><V55/><F55/><W88/><REACH who="3" step="1"/><G23/><REACH who="3" ten="250,318,247,175" step="2"/><T56/><D82/><U77/><E69/><V124/><F124/><W94/><G94/><T73/><D73/><U132/><E132/><V7/><F95/><W131/><G131/><T58/><D58/><U39/><E57/><V68/><F70/><W11/><G11/><T29/><D29/><U63/><E59/><V108/><F108/><W14/><G14/><T48/><D12/><U10/><E112/><V2/><F81/><W32/><G32/><T31/><D9/><U40/><E104/><V119/><F119/><W100/><G100/><T121/><D31/><U46/><E114/><V16/><F74/><W38/><G38/><T116/><D116/><U13/><E39/><N who="2" m="21727" /><F19/><AGARI ba="0,1" hai="1,5,8,15,19,22,26,30,35,37,43,44,88,89" machi="19" ten="40,8000,1" yaku="1,1,24,2,54,1,53,0" doraHai="93" doraHaiUra="64" who="3" fromWho="2" sc="250,0,318,0,247,-80,175,90" /><INIT seed="3,0,0,2,4,72" ten="250,318,167,265" oya="3" hai0="41,92,3,75,126,58,48,59,14,7,86,113,43" hai1="56,24,29,21,107,83,49,101,97,39,28,82,109" hai2="104,26,114,2,74,121,103,91,61,4,99,129,65" hai3="1,131,135,105,63,54,27,81,98,132,110,16,30"/><W19/><G131/><T64/><D75/><U17/><E109/><V84/><F114/><W62/><G1/><T55/><D3/><U117/><E117/><V45/><F129/><W51/><G110/><T80/><D126/><U111/><E111/><V33/><F121/><W124/><G124/><T50/><D113/><U22/><E39/><V116/><F116/><W89/><G63/><N who="0" m="38015" /><D92/><U25/><E17/><V67/><F45/><N who="3" m="28015" /><G62/><T90/><D48/><U6/><E6/><V71/><F67/><W70/><G70/><T73/><D73/><U0/><E0/><V52/><F74/><W134/><G81/><T88/><D90/><U20/><E20/><V133/><F133/><W93/><G105/><T77/><D88/><U35/><E35/><AGARI ba="0,0" hai="16,19,27,30,35,89,93,98,132,134,135" m="28015" machi="35" ten="30,2900,0" yaku="20,1,54,1" doraHai="72" who="3" fromWho="1" sc="250,0,318,-29,167,0,265,29" /><INIT seed="3,1,0,5,5,59" ten="250,289,167,294" oya="3" hai0="29,63,7,115,33,108,54,127,23,109,116,57,130" hai1="50,11,126,31,32,45,107,26,117,62,65,88,79" hai2="21,2,100,104,10,132,78,76,36,128,110,106,51" hai3="90,82,99,67,58,66,111,42,71,24,12,113,72"/><W73/><G113/><T122/><D122/><U4/><E107/><V120/><F36/><W49/><G71/><T85/><D116/><U20/><E126/><V70/><F70/><W105/><G72/><T46/><D127/><U28/><E79/><V48/><F120/><W5/><G73/><T125/><D125/><U134/><E134/><V14/><F132/><W89/><G105/><N who="2" m="40553" /><F100/><W133/><G133/><T27/><D115/><U17/><E117/><V80/><F2/><W55/><G111/><N who="0" m="42571" /><D7/><U102/><E102/><V69/><F21/><W44/><G24/><T38/><D85/><U15/><E32/><V37/><F37/><W47/><G47/><T1/><D1/><U95/><E62/><V61/><F110/><W18/><G5/><T121/><D121/><U0/><E65/><N who="3" m="24586" /><G82/><T40/><D130/><U56/><E56/><V101/><F101/><W103/><G99/><T119/><D119/><U81/><E81/><V19/><F51/><N who="3" m="27031" /><G103/><T34/><AGARI ba="1,0" hai="23,27,29,33,34,38,40,46,54,57,63" m="42571" machi="34" ten="30,2000,0" yaku="14,1,52,1" doraHai="59" who="0" fromWho="0" sc="250,23,289,-6,167,-6,294,-11" /><INIT seed="4,0,0,4,0,91" ten="273,283,161,283" oya="0" hai0="89,81,62,135,124,93,10,64,22,131,71,128,20" hai1="31,117,72,129,121,17,40,61,51,3,101,36,48" hai2="105,33,49,123,116,94,25,134,130,125,13,104,83" hai3="113,120,37,59,4,79,63,24,57,73,86,126,102"/><T114/><D114/><U103/><E117/><V12/><F123/><W75/><G37/><T96/><D124/><U98/><E3/><V44/><F125/><W41/><G41/><T122/><D122/><U85/><E72/><V67/><F116/><W21/><G120/><T23/><D135/><U97/><E31/><V5/><F134/><W111/><G111/><T15/><REACH who="0" step="1"/><D81/><REACH who="0" ten="263,283,161,283" step="2"/><U69/><E121/><V107/><F130/><W70/><G126/><T32/><D32/><U82/><E129/><V115/><F115/><W2/><G113/><T119/><D119/><U43/><E82/><V8/><F83/><W50/><G75/><T127/><D127/><U38/><E85/><V80/><F80/><W87/><G87/><T19/><AGARI ba="0,1" hai="10,15,19,20,22,23,62,64,71,89,93,96,128,131" machi="19" ten="30,6000,0" yaku="1,1,0,1,52,1,53,0" doraHai="91" doraHaiUra="68" who="0" fromWho="0" sc="263,70,283,-20,161,-20,283,-20" owari="333,43.3,263,6.3,141,-35.9,263,-13.7" /></mjloggm>