<mjloggm ver="2.3"><GO type="225" lobby="0"/><UN n0="%72%61%6B%33" n1="%E7%AD%89%E3%80%85%E5%8A%9B%E5%8A%87%E5%A0%B4" n2="%E5%8D%A0%E3%81%84%E5%B8%AB%E8%A3%8F%E3%81%AA%E3%81%84%E3%81%97" n3="%E7%BD%AA%E5%88%91%E6%B3%95%E5%AE%9A%E4%B8%BB%E7%BE%A9" dan="17,16,17,16" rate="2139.74,2036.60,2128.27,2157.99" sx="M,M,M,M"/><TAIKYOKU oya="0"/><INIT seed="0,0,0,2,2,58" ten="250,250,250,250" oya="0" hai0="40,8,110,23,29,124,12,125,60,95,47,50,66" hai1="70,22,54,114,1,123,80,121,119,98,78,6,89" hai2="4,76,93,34,52,127,55,71,11,75,118,109,45" hai3="48,25,99,134,5,63,19,24,77,38,15,67,107"/><T88/><D110/><U51/><E119/><V39/><F109/><W97/><G38/><T64/><D64/><U2/><E114/><V7/><F34/><W104/><G77/><T90/><D29/><U86/><E70/><V82/><F4/><W27/><G5/><T129/><D23/><U115/><E115/><V62/><F127/><N who="0" m="48714" /><D129/><U101/><E22/><V9/><F93/><W61/><G48/><T135/><D135/><U32/><E32/><V83/><F83/><W128/><G128/><T85/><D85/><U122/><E78/><V100/><F100/><W131/><G131/><T103/><D103/><U44/><REACH who="1" step="1"/><E6/><REACH who="1" ten="250,240,250,250" step="2"/><V16/><F118/><W91/><G134/><T13/><D8/><U116/><E116/><V72/><F11/><W84/><G107/><AGARI ba="0,1" hai="1,2,44,51,54,80,86,89,98,101,107,121,122,123" machi="107" ten="40,1300,0" yaku="1,1,53,0" doraHai="58" doraHaiUra="133" who="1" fromWho="3" sc="250,0,240,23,250,0,250,-13" /><INIT seed="1,0,0,4,4,38" ten="250,263,250,237" oya="1" hai0="55,66,123,54,5,81,53,39,68,125,84,15,24" hai1="130,106,121,0,126,65,47,109,111,27,114,35,25" hai2="26,2,60,46,91,34,74,107,48,116,117,32,89" hai3="90,86,78,71,80,103,45,79,67,61,29,72,128"/><U6/><E106/><V77/><F2/><W63/><G128/><T37/><D125/><U95/><E114/><V100/><F107/><W22/><G103/><T56/><D123/><U132/><E121/><V85/><F74/><W98/><G98/><T119/><D119/><U97/><E65/><V127/><F100/><W122/><G122/><T64/><D68/><U11/><E132/><V105/><F105/><W20/><G29/><T17/><D5/><U10/><E130/><V3/><F3/><W115/><G115/><T30/><D56/><U75/><E75/><V73/><F60/><W76/><G72/><T83/><D37/><U21/><E126/><V33/><F26/><W58/><REACH who="3" step="1"/><G45/><REACH who="3" ten="250,263,250,227" step="2"/><T23/><D39/><U104/><E47/><V52/><F127/><W1/><G1/><T93/><D93/><U59/><E104/><V134/><F73/><W62/><G62/><T129/><D129/><U42/><E95/><V41/><F116/><W87/><G87/><T28/><D28/><U4/><E97/><V49/><F117/><W124/><G124/><T131/><D131/><U40/><E0/><V18/><F85/><W94/><G94/><T118/><D118/><U51/><E111/><V96/><F96/><W120/><G120/><T133/><D133/><U19/><E109/><V88/><F134/><W135/><G135/><T13/><D30/><U102/><E102/><V110/><F110/><W57/><G57/><T16/><D84/><U108/><E59/><N who="2" m="33167" /><F77/><W70/><G70/><T50/><D83/><U14/><E108/><V82/><F82/><W12/><G12/><RYUUKYOKU ba="0,1" sc="250,-15,263,-15,250,15,227,15" hai2="18,32,33,34,41,46,48,88,89,91" hai3="20,22,58,61,63,67,71,76,78,79,80,86,90" /><INIT seed="2,1,1,0,0,123" ten="235,248,265,242" oya="2" hai0="132,125,26,87,130,58,52,107,102,32,133,100,39" hai1="119,25,35,80,94,1,131,4,41,8,60,30,124" hai2="111,63,68,40,29,110,15,70,16,53,46,86,82" hai3="88,57,37,11,21,121,98,85,31,12,116,24,36"/><V114/><F114/><W56/><G116/><T67/><D39/><U45/><E119/><V44/><F29/><W134/><G121/><T83/><D67/><U9/><E131/><V89/><F46/><W126/><G126/><T92/><D107/><U104/><E104/><V108/><F53/><W47/><G134/><N who="0" m="51819" /><D130/><U27/><E124/><V69/><F63/><W66/><G98/><N who="0" m="59463" /><D102/><U81/><E94/><V127/><F127/><W79/><G79/><N who="0" m="46591" /><D125/><U96/><E96/><V18/><F15/><W34/><G34/><T91/><D91/><U115/><E115/><V71/><N who="2" m="17408" /><DORA hai="10" /><V23/><F23/><W20/><G21/><T73/><D73/><U13/><E27/><V62/><F62/><W17/><G66/><T33/><D26/><U117/><E60/><AGARI ba="1,1" hai="32,33,52,58,60" m="46591,59463,51819" machi="60" ten="30,2000,0" yaku="20,1,54,1" doraHai="123,10" who="0" fromWho="1" sc="235,33,248,-23,265,0,242,0" /><INIT seed="3,0,0,0,3,66" ten="268,225,265,242" oya="3" hai0="106,47,115,0,17,72,99,82,71,53,56,109,113" hai1="95,61,78,40,9,52,135,112,92,74,94,105,13" hai2="29,45,118,54,122,108,127,129,124,39,107,76,126" hai3="69,119,44,132,100,57,67,2,14,34,80,41,79"/><W70/><G2/><T25/><D0/><U55/><E112/><V59/><F118/><W87/><G34/><T97/><D47/><U50/><E105/><V130/><F107/><W101/><G119/><T32/><D109/><U1/><E1/><V128/><F76/><W90/><G132/><T65/><D56/><U58/><E135/><V73/><F73/><W31/><G31/><N who="0" m="19567" /><D53/><U93/><E40/><N who="2" m="22687" /><F29/><W10/><G57/><T38/><D17/><U51/><N who="1" m="23552" /><DORA hai="86" /><U96/><E96/><V36/><F108/><W102/><G79/><N who="0" m="44391" /><D38/><U75/><E78/><V49/><F36/><W111/><G67/><T33/><D33/><U18/><REACH who="1" step="1"/><E61/><REACH who="1" ten="268,215,265,242" step="2"/><V64/><F64/><W60/><G60/><N who="0" m="40359" /><D99/><U125/><E125/><V116/><F116/><W84/><G111/><T16/><D97/><U21/><E21/><V19/><F122/><W35/><G35/><T120/><D106/><U37/><E37/><V98/><F98/><W68/><G87/><T62/><D120/><U43/><E43/><V131/><F131/><W77/><G77/><T121/><D121/><U123/><E123/><V42/><F42/><W46/><REACH who="3" step="1"/><G41/><REACH who="3" ten="268,215,265,232" step="2"/><T133/><D133/><U48/><E48/><V6/><F128/><W117/><G117/><T3/><D3/><U104/><E104/><V4/><F129/><W28/><G28/><T7/><D62/><U15/><E15/><V88/><F130/><W26/><G26/><T83/><D115/><U20/><E20/><V8/><F126/><W89/><G89/><T114/><D113/><U30/><E30/><V5/><F88/><W11/><G11/><RYUUKYOKU ba="0,2" sc="268,-30,215,10,265,10,232,10" hai1="9,13,18,50,51,52,55,58,74,75" hai2="4,5,6,8,19,49,54,59,124,127" hai3="10,14,44,46,68,69,70,80,84,90,100,101,102" /><INIT seed="3,1,2,4,1,108" ten="238,225,275,242" oya="3" hai0="114,91,17,46,33,100,104,54,55,71,8,9,59" hai1="24,63,26,62,57,10,32,20,70,87,47,106,23" hai2="42,29,58,43,25,132,128,76,27,18,86,35,113" hai3="36,69,82,40,83,126,68,74,109,84,2,95,105"/><W34/><G34/><T14/><D71/><U92/><E106/><V38/><F113/><W119/><G2/><T131/><D33/><U30/><E70/><V124/><F38/><W78/><G119/><T13/><D131/><U134/><E134/><V61/><F128/><W123/><G123/><T88/><D114/><U81/><E32/><V1/><F1/><W116/><G116/><T120/><D120/><U118/><E118/><V85/><F85/><BYE who="2" /><W122/><G122/><T16/><D46/><U99/><E10/><UN n2="%E5%8D%A0%E3%81%84%E5%B8%AB%E8%A3%8F%E3%81%AA%E3%81%84%E3%81%97" /><V44/><F124/><W90/><G109/><T72/><D72/><U96/><E47/><V65/><F132/><W3/><G3/><T79/><D79/><N who="1" m="46527" /><E92/><V37/><F43/><W39/><G105/><T50/><D55/><N who="1" m="34111" /><E63/><V49/><F37/><W111/><G126/><T48/><D48/><U117/><E117/><V102/><F35/><W130/><G130/><T129/><D129/><U56/><E56/><V45/><F45/><W60/><G111/><T7/><D7/><U80/><E80/><N who="2" m="47367" /><F102/><W73/><G73/><T67/><D67/><U89/><E89/><V101/><F101/><W0/><G74/><T107/><D107/><U103/><E103/><V21/><F58/><W15/><G39/><T41/><D41/><U125/><E125/><V11/><F61/><W94/><G36/><T4/><D4/><U98/><E98/><AGARI ba="1,2" hai="8,9,13,14,16,17,50,54,59,88,91,98,100,104" machi="98" ten="40,5200,0" yaku="9,1,54,2" doraHai="108" who="0" fromWho="1" sc="238,75,225,-55,275,0,242,0" owari="313,41.3,170,-33.0,275,7.5,242,-15.8" /></mjloggm>