<mjloggm ver="2.3"><GO type="225" lobby="0"/><UN n0="%61%67%65%48%61" n1="%E3%81%95%E3%81%8D%E3%81%9F%E3%81%BE%E6%9E%97%E6%AA%8E" n2="%E3%82%A2%E3%83%9E%E3%83%9D%EF%BD%9E%EF%BD%9E%E3%83%A9" n3="%E7%89%B9%E6%9D%B1%E3%81%AF%E4%B8%96%E7%95%8C%E3%82%92%E6%95%91%E3%81%86" dan="16,16,17,16" rate="2052.59,2111.21,2202.40,2082.66" sx="M,M,M,M"/><TAIKYOKU oya="0"/><INIT seed="0,0,0,4,3,62" ten="250,250,250,250" oya="0" hai0="131,123,55,37,85,52,116,70,16,118,114,0,35" hai1="112,126,107,134,3,20,57,10,99,87,129,90,125" hai2="72,68,25,13,80,49,73,5,124,54,109,103,4" hai3="9,111,127,33,31,34,36,101,21,130,98,91,106"/><T12/><D114/><U53/><E134/><V58/><F109/><W104/><G36/><T74/><D123/><U51/><E129/><V133/><F124/><N who="1" m="47721" /><E112/><V75/><F133/><W11/><G127/><T38/><D74/><U115/><E115/><V84/><F103/><W117/><G117/><T76/><D0/><U105/><E99/><V78/><F68/><W47/><G104/><T42/><D35/><U128/><E128/><V65/><F65/><W81/><G111/><T132/><D132/><U59/><E59/><V121/><F121/><W61/><G130/><T94/><D131/><U113/><E113/><V93/><F93/><W26/><G47/><T63/><D55/><U79/><E79/><V19/><REACH who="2" step="1"/><F25/><REACH who="2" ten="250,250,240,250" step="2"/><W8/><G106/><T43/><D94/><N who="1" m="54623" /><E107/><V7/><F7/><W60/><G101/><T120/><D70/><U96/><E105/><V50/><F50/><W22/><G26/><T24/><D24/><U119/><E119/><V48/><F48/><W56/><G60/><T77/><D63/><U122/><E122/><V45/><F45/><W71/><G71/><T64/><D120/><U6/><E96/><V18/><F18/><W29/><G98/><T27/><D27/><U110/><E110/><V17/><F17/><W108/><G108/><T69/><D69/><U97/><E97/><V39/><F39/><W88/><G61/><T28/><D37/><U14/><E3/><V83/><F83/><W32/><G81/><T1/><D1/><U30/><E30/><N who="3" m="11274" /><G56/><T92/><D118/><U40/><E40/><V86/><F86/><W102/><G102/><RYUUKYOKU ba="0,1" sc="250,-30,250,10,240,10,250,10" hai1="6,10,14,20,51,53,57" hai2="4,5,13,19,49,54,58,72,73,75,78,80,84" hai3="8,9,11,21,22,32,33,34,88,91" /><INIT seed="1,1,1,1,3,77" ten="220,260,250,260" oya="1" hai0="65,71,105,122,131,134,119,15,7,43,109,76,59" hai1="89,19,16,75,50,90,101,73,110,129,85,80,54" hai2="68,88,25,40,57,39,18,114,95,67,63,102,94" hai3="84,133,8,2,1,48,61,64,5,107,17,127,97"/><U55/><E129/><V100/><F68/><W56/><G133/><T52/><D119/><U113/><E113/><V130/><F130/><W32/><G32/><T60/><D131/><U9/><E110/><V53/><F114/><W66/><G127/><T96/><D109/><U115/><E115/><V58/><F95/><W118/><G118/><T104/><D134/><U92/><E101/><V24/><F40/><W135/><G1/><T69/><D43/><U26/><E55/><V49/><F39/><W45/><G135/><T22/><D69/><U23/><E9/><V31/><F18/><W81/><G17/><T38/><D38/><U41/><E41/><V99/><REACH who="2" step="1"/><F24/><REACH who="2" ten="220,260,240,260" step="2"/><W30/><G30/><T28/><D122/><U14/><E19/><V111/><F111/><W103/><G107/><T37/><D37/><U116/><E116/><V128/><F128/><W35/><G5/><T74/><D7/><U44/><E26/><V11/><F11/><W27/><G8/><T20/><D28/><U126/><E126/><V34/><AGARI ba="1,2" hai="25,31,34,49,53,57,58,63,67,88,94,99,100,102" machi="34" ten="20,5200,0" yaku="1,1,0,1,7,1,54,1,53,0" doraHai="77" doraHaiUra="70" who="2" fromWho="2" sc="220,-14,260,-27,240,75,260,-14" /><INIT seed="2,0,0,1,2,76" ten="206,233,315,246" oya="2" hai0="57,83,108,123,112,41,72,90,8,21,45,77,135" hai1="15,92,71,36,126,61,87,34,35,16,111,26,25" hai2="124,39,114,44,129,80,3,38,62,79,94,40,97" hai3="105,81,48,55,5,37,118,121,12,49,98,103,74"/><V10/><F124/><W51/><G37/><T29/><D123/><U47/><E111/><V91/><F129/><W89/><G118/><T65/><D112/><U46/><E126/><V107/><F107/><W24/><G121/><T82/><D108/><U33/><E71/><V122/><F62/><W95/><G24/><T99/><D135/><U68/><E68/><V18/><F114/><W23/><G5/><T22/><D8/><U67/><E67/><V113/><F113/><W125/><G125/><T130/><D29/><U119/><E119/><V133/><F133/><W58/><G12/><T60/><D130/><U78/><E61/><V52/><F39/><W128/><G23/><T102/><D90/><U64/><E64/><V69/><F69/><W131/><G128/><T2/><D2/><U134/><E134/><V120/><F52/><W1/><G1/><T116/><D83/><U132/><E132/><V75/><F18/><W59/><G59/><T32/><D32/><U20/><E36/><V19/><F19/><W106/><G106/><T50/><REACH who="0" step="1"/><D116/><REACH who="0" ten="196,233,315,246" step="2"/><U14/><E35/><V100/><F91/><W30/><G30/><T115/><D115/><U66/><E34/><V43/><F10/><W11/><G11/><T110/><D110/><U31/><E33/><V63/><F3/><W104/><G131/><T9/><D9/><U96/><E31/><V28/><F28/><W17/><G17/><T4/><D4/><U53/><E20/><V6/><F122/><W27/><G89/><T7/><D7/><U101/><E16/><V56/><F120/><W84/><G81/><RYUUKYOKU ba="0,1" sc="196,30,233,-10,315,-10,246,-10" hai0="21,22,41,45,50,57,60,65,72,77,82,99,102" /><INIT seed="3,1,1,2,1,17" ten="226,223,305,236" oya="3" hai0="4,47,29,43,120,103,75,30,117,68,33,95,60" hai1="108,106,121,102,73,10,13,88,62,123,2,22,76" hai2="51,16,122,25,124,20,135,112,94,61,125,7,59" hai3="109,39,35,115,89,37,12,83,86,85,67,78,99"/><W6/><G115/><T107/><D117/><U132/><E2/><V111/><F111/><W24/><G67/><T130/><D120/><U9/><E123/><V64/><F135/><W79/><G99/><T0/><D95/><U54/><E121/><V100/><F112/><W31/><G109/><T87/><D87/><U32/><E32/><V81/><F81/><W8/><REACH who="3" step="1"/><G79/><REACH who="3" ten="226,223,305,226" step="2"/><T97/><D97/><U82/><E108/><V34/><F64/><W134/><G134/><T90/><D130/><U105/><E132/><V21/><F122/><W18/><G18/><T131/><D131/><U26/><E88/><V49/><F16/><W48/><G48/><T65/><D90/><U50/><E102/><V91/><F51/><W84/><G84/><T28/><D103/><U38/><E38/><V80/><F49/><W15/><G15/><T129/><D129/><U56/><E50/><V77/><F77/><W40/><G40/><T14/><D14/><U42/><E42/><V72/><F91/><W101/><G101/><T58/><D43/><U57/><E13/><V70/><F100/><W23/><G23/><T55/><D33/><U44/><E44/><V11/><F21/><W41/><G41/><T27/><D47/><U1/><E1/><V118/><F20/><W113/><G113/><T104/><D0/><U133/><E133/><V126/><F34/><W3/><G3/><T74/><D74/><U36/><E36/><V127/><F126/><W98/><G98/><T92/><D75/><U93/><E73/><V71/><F125/><W128/><G128/><T45/><D45/><RYUUKYOKU ba="1,2" sc="226,-10,223,-10,305,-10,226,30" hai3="6,8,12,24,31,35,37,39,78,83,85,86,89" /><INIT seed="3,2,2,3,1,69" ten="216,213,295,256" oya="3" hai0="57,62,3,113,115,88,7,61,59,63,37,53,33" hai1="130,114,133,112,126,27,94,11,105,21,28,97,65" hai2="134,13,48,2,8,14,71,127,111,45,129,51,49" hai3="84,42,58,82,31,20,68,120,135,18,106,36,81"/><W56/><G68/><T108/><D33/><U91/><E133/><V24/><F71/><W41/><G106/><T132/><D3/><U96/><E130/><V15/><F111/><W66/><G120/><T89/><D7/><U103/><E126/><V123/><F129/><W122/><G122/><T117/><D108/><U77/><E65/><V67/><F67/><W34/><G34/><T80/><D117/><U100/><E77/><V125/><F24/><W110/><G31/><T70/><D80/><U23/><E103/><V32/><F32/><W90/><G135/><T30/><D30/><U102/><E102/><V86/><F86/><N who="3" m="50511" /><G36/><T78/><D78/><U16/><REACH who="1" step="1"/><E11/><REACH who="1" ten="216,203,295,256" step="2"/><V19/><F134/><W22/><G110/><T1/><D132/><U12/><AGARI ba="2,3" hai="12,16,21,23,27,28,91,94,96,97,100,105,112,114" machi="12" ten="20,8000,1" yaku="1,1,2,1,0,1,7,1,54,1,53,0" doraHai="69" doraHaiUra="128" who="1" fromWho="1" sc="216,-22,203,116,295,-22,256,-42" owari="194,-30.6,319,41.9,273,7.3,214,-18.6" /></mjloggm>