<mjloggm ver="2.3"><GO type="225" lobby="0"/><UN n0="%E3%81%86%E3%81%A3%E3%81%97%E3%83%BC%30%30" n1="%E4%B8%AD%E5%B9%B4%E3%81%AE%E5%8D%B1%E6%A9%9F" n2="%E3%82%BC%E3%83%AB%E3%83%80%E3%81%AE%E4%BC%9D%E8%AA%AC" n3="%E6%97%A5%E6%9B%9C%E6%97%A5%E3%82%88%E3%82%8A%E3%81%AE%E4%BD%BF%E8%80%85" dan="16,17,16,18" rate="2110.09,2219.75,2148.23,2190.19" sx="M,M,M,M"/><TAIKYOKU oya="0"/><INIT seed="0,0,0,3,3,44" ten="250,250,250,250" oya="0" hai0="83,94,114,25,34,106,66,15,131,109,63,116,24" hai1="72,84,76,43,5,98,16,11,48,17,27,8,46" hai2="36,124,39,21,55,0,101,71,22,62,90,81,45" hai3="77,51,47,61,99,115,87,104,113,13,9,134,4"/><T37/><D114/><U2/><E72/><V133/><F0/><W26/><G134/><T42/><D116/><U30/><E8/><V107/><F133/><W68/><G26/><T33/><D106/><U88/><E98/><V19/><F21/><W6/><G6/><T102/><D37/><U49/><E76/><V89/><F124/><W86/><G61/><T117/><D42/><U69/><E69/><V7/><F7/><W111/><G68/><T18/><D117/><U74/><E74/><V122/><F122/><W67/><G67/><T103/><D83/><U50/><E30/><V75/><F101/><W56/><G56/><BYE who="3" /><T110/><D94/><UN n3="%E6%97%A5%E6%9B%9C%E6%97%A5%E3%82%88%E3%82%8A%E3%81%AE%E4%BD%BF%E8%80%85" /><U123/><E123/><V3/><F3/><W28/><G28/><T119/><D119/><U73/><E73/><V127/><F107/><W121/><G121/><T70/><D131/><U58/><E58/><N who="2" m="35167" /><F71/><W38/><G38/><T41/><D41/><U54/><E54/><V100/><F100/><W126/><G126/><T1/><D1/><U57/><E57/><V118/><F127/><W29/><G29/><T105/><D102/><U82/><REACH who="1" step="1"/><E27/><REACH who="1" ten="250,240,250,250" step="2"/><V95/><F75/><W65/><G115/><T96/><D25/><U93/><E93/><V20/><F95/><W35/><G113/><T129/><D24/><U125/><E125/><V85/><F118/><W64/><G104/><T92/><D92/><U132/><E132/><V23/><F90/><W108/><G9/><N who="0" m="6511" /><D129/><U80/><E80/><V78/><F78/><W128/><G77/><T130/><D130/><U14/><E14/><N who="2" m="9335" /><F45/><W135/><G128/><T59/><D70/><RYUUKYOKU ba="0,1" sc="250,10,240,10,250,10,250,-30" hai0="33,34,59,63,66,96,103,105,109,110" hai1="2,5,11,16,17,43,46,48,49,50,82,84,88" hai2="22,23,36,39,81,85,89" /><INIT seed="0,1,1,5,2,42" ten="260,250,260,220" oya="0" hai0="31,29,75,87,84,58,17,118,81,133,35,125,11" hai1="92,19,57,94,56,30,112,67,34,130,116,77,9" hai2="105,12,10,108,60,89,99,46,117,122,38,32,111" hai3="86,109,7,79,65,21,95,54,98,62,61,37,16"/><T3/><D118/><U40/><E116/><V71/><F117/><W50/><G37/><T44/><D133/><U102/><E130/><V78/><F122/><W93/><G7/><T15/><D125/><U134/><E134/><V115/><F115/><W103/><G109/><N who="2" m="42057" /><F32/><W6/><G6/><T0/><D75/><U53/><E112/><V72/><F78/><W43/><G43/><T80/><D58/><U127/><E127/><V106/><F72/><W85/><G79/><T25/><D31/><U100/><E40/><N who="2" m="22807" /><F89/><N who="3" m="53423" /><G86/><T121/><D44/><U28/><E77/><V36/><F99/><W101/><G101/><N who="1" m="39018" /><E34/><V23/><F23/><W27/><G65/><T91/><REACH who="0" step="1"/><D121/><REACH who="0" ten="250,250,260,220" step="2"/><U20/><E28/><V128/><F128/><W69/><G69/><T52/><D52/><U135/><E135/><V13/><F36/><W132/><G132/><T24/><D24/><N who="1" m="16647" /><E57/><AGARI ba="1,2" hai="16,21,27,50,54,57,61,62,95,98,103" m="53423" machi="57" ten="30,2000,0" yaku="8,1,54,1" doraHai="42" who="3" fromWho="1" sc="250,0,250,-23,260,0,220,43" /><INIT seed="1,0,0,2,3,25" ten="250,227,260,263" oya="1" hai0="47,35,52,104,6,34,78,80,89,107,31,11,98" hai1="10,109,95,0,63,12,55,86,121,135,22,59,88" hai2="99,49,128,53,92,67,125,75,29,38,69,110,126" hai3="4,111,122,37,44,24,19,114,18,79,41,84,21"/><U91/><E121/><V120/><F120/><W106/><G122/><T9/><D9/><U68/><E135/><V101/><F75/><W17/><G114/><T119/><D119/><U66/><E109/><V43/><F110/><W108/><G106/><T64/><D64/><U56/><E0/><V102/><F128/><W62/><G4/><T13/><D89/><U28/><E91/><V14/><F101/><W32/><G32/><T65/><D65/><U5/><REACH who="1" step="1"/><E55/><REACH who="1" ten="250,217,260,263" step="2"/><V81/><F53/><W130/><G111/><T105/><D52/><U129/><E129/><V15/><F125/><W113/><G108/><T58/><D105/><U30/><E30/><V33/><F29/><W134/><G134/><T40/><D31/><U26/><AGARI ba="0,1" hai="5,10,12,22,26,28,56,59,63,66,68,86,88,95" machi="26" ten="30,11700,0" yaku="1,1,0,1,52,1,54,1,53,0" doraHai="25" doraHaiUra="46" who="1" fromWho="1" sc="250,-39,217,127,260,-39,263,-39" /><INIT seed="1,1,0,5,2,20" ten="211,344,221,224" oya="1" hai0="43,37,12,39,90,71,30,13,104,87,133,86,53" hai1="97,24,14,29,55,1,6,21,50,28,78,68,84" hai2="125,56,134,41,99,83,67,100,36,31,81,119,114" hai3="115,59,111,64,35,73,7,52,91,61,69,101,32"/><U85/><E68/><V63/><F119/><W109/><G115/><T33/><D104/><U120/><E120/><V62/><F114/><W122/><G122/><T48/><D133/><U49/><E1/><V75/><F134/><W40/><G73/><T18/><D71/><U19/><E97/><V96/><F125/><W16/><G7/><T112/><D112/><U103/><E103/><V105/><F75/><W98/><G91/><T132/><D132/><U22/><E50/><V0/><F0/><W8/><G40/><T94/><D13/><U23/><E6/><V4/><F4/><W2/><G2/><T110/><D43/><U44/><E78/><V26/><F99/><W38/><G38/><T89/><D30/><U123/><E123/><V116/><F116/><W79/><G79/><T65/><D65/><U102/><E102/><V92/><F63/><W129/><G129/><T46/><D33/><U34/><REACH who="1" step="1"/><E29/><REACH who="1" ten="211,334,221,224" step="2"/><V58/><F105/><W74/><G98/><T126/><D126/><U88/><E88/><V135/><F135/><W15/><G101/><T10/><REACH who="0" step="1"/><D110/><REACH who="0" ten="201,334,221,224" step="2"/><N who="3" m="41993" /><G74/><T11/><D11/><AGARI ba="1,2" hai="11,14,19,21,22,23,24,28,34,44,49,55,84,85" machi="11" ten="40,7700,0" yaku="1,1,52,1,53,1" doraHai="20" doraHaiUra="9" who="1" fromWho="0" sc="201,-80,334,100,221,0,224,0" /><INIT seed="1,2,0,2,4,109" ten="121,434,221,224" oya="1" hai0="50,95,90,131,17,42,24,77,66,125,21,89,98" hai1="72,1,85,134,100,94,6,46,116,104,130,15,135" hai2="32,121,73,71,119,120,34,107,108,55,53,12,29" hai3="63,31,0,7,40,103,76,62,5,27,114,115,133"/><U30/><E1/><V16/><F73/><W13/><G0/><T36/><D131/><U75/><E30/><V106/><F29/><W14/><G40/><T102/><D125/><U10/><E130/><V41/><F41/><W25/><G31/><T82/><D36/><U78/><E46/><V84/><F84/><W101/><REACH who="3" step="1"/><G76/><REACH who="3" ten="121,434,221,214" step="2"/><T122/><D122/><U35/><E78/><V56/><F120/><W51/><G51/><T112/><D112/><U60/><E60/><V110/><F121/><W80/><G80/><T69/><D42/><U83/><E83/><V52/><F119/><W81/><G81/><T79/><D50/><U87/><E116/><V91/><F110/><W126/><G126/><T61/><REACH who="0" step="1"/><D79/><REACH who="0" ten="111,434,221,214" step="2"/><U28/><E135/><AGARI ba="2,2" hai="5,7,13,14,25,27,62,63,101,103,114,115,133,135" machi="135" ten="25,12000,2" yaku="1,1,22,2,52,2,53,2" doraHai="109" doraHaiUra="23" who="3" fromWho="1" sc="111,0,434,-126,221,0,214,146" /><INIT seed="2,0,0,4,3,121" ten="111,308,221,360" oya="2" hai0="71,18,60,131,69,34,24,113,4,78,130,103,31" hai1="105,132,109,36,58,40,46,84,128,63,41,16,135" hai2="116,55,2,11,90,133,112,53,35,100,14,64,110" hai3="17,104,95,83,26,49,99,67,8,89,93,45,1"/><V22/><F116/><W82/><G104/><T96/><D113/><U65/><E105/><V59/><F112/><W20/><G67/><T7/><D18/><U77/><E128/><V115/><F35/><W57/><G57/><T87/><D87/><U98/><E98/><V15/><F115/><W73/><G73/><T54/><D78/><U44/><E77/><V118/><F118/><W50/><G50/><T23/><D54/><U107/><E84/><V81/><F2/><W125/><G125/><T56/><D23/><U37/><E107/><V76/><F133/><W86/><G8/><T19/><D19/><U66/><E16/><N who="2" m="10519" /><F100/><N who="3" m="60527" /><G1/><T91/><D91/><U108/><E65/><V6/><F76/><W25/><G25/><T21/><D21/><U70/><E58/><V134/><F134/><AGARI ba="0,0" hai="36,37,40,41,44,46,63,66,70,108,109,132,134,135" machi="134" ten="40,16000,3" yaku="9,1,20,1,23,2,34,3,52,2" doraHai="121" who="1" fromWho="2" sc="111,0,308,160,221,-160,360,0" /><INIT seed="3,0,0,4,3,93" ten="111,468,61,360" oya="3" hai0="88,70,114,112,116,87,99,49,26,108,134,0,72" hai1="76,77,68,61,47,67,50,24,86,122,120,8,33" hai2="118,14,29,135,56,110,91,9,119,48,2,79,28" hai3="12,37,30,11,101,41,81,18,133,53,60,115,104"/><W57/><G115/><N who="0" m="44075" /><D72/><U40/><E8/><V54/><F110/><W124/><G124/><T100/><D0/><U4/><E4/><V102/><F135/><W13/><G133/><T106/><D108/><U7/><E7/><V59/><F2/><W107/><G30/><T25/><D70/><U98/><E98/><V55/><F79/><W83/><G41/><T63/><D116/><U128/><E128/><V113/><F113/><W97/><G37/><T5/><D5/><U31/><REACH who="1" step="1"/><E86/><REACH who="1" ten="111,458,61,360" step="2"/><V42/><F118/><W111/><G111/><T89/><D87/><U51/><E51/><V35/><F119/><W80/><REACH who="3" step="1"/><G12/><REACH who="3" ten="111,458,61,350" step="2"/><T19/><D134/><U64/><E64/><V69/><F14/><W95/><AGARI ba="0,2" hai="11,13,18,53,57,60,80,81,83,95,97,101,104,107" machi="95" ten="30,11700,0" yaku="1,1,2,1,0,1,52,1,53,0" doraHai="93" doraHaiUra="39" who="3" fromWho="3" sc="111,-39,458,-39,61,-39,350,137" owari="72,-32.8,419,21.9,22,-47.8,487,58.7" /></mjloggm>