<mjloggm ver="2.3"><GO type="225" lobby="0"/><UN n0="%E3%81%8F%E3%82%8A%E3%83%94%E3%83%BC" n1="%E3%81%A9%E3%82%8F%E3%82%93%E3%81%94" n2="%E3%81%99%E3%81%84%E3%81%BE%E3%81%9B%E3%83%BC%E3%82%93" n3="%45%6C%79%73%69%75%6D" dan="16,16,16,17" rate="2080.13,2163.55,2140.51,2130.00" sx="M,M,M,F"/><TAIKYOKU oya="0"/><INIT seed="0,0,0,2,0,92" ten="250,250,250,250" oya="0" hai0="25,13,62,123,85,73,103,7,98,48,41,115,5" hai1="31,109,27,53,108,66,33,12,100,70,111,87,121" hai2="10,16,22,135,44,113,64,127,81,32,114,45,14" hai3="38,19,59,86,106,15,56,112,93,63,128,125,46"/><T79/><D115/><U30/><E121/><V129/><F32/><W23/><G112/><T88/><D123/><U3/><E3/><V67/><F127/><W134/><G106/><T34/><D13/><U35/><E12/><V97/><F129/><W40/><G125/><T95/><D62/><N who="1" m="40279" /><E87/><V116/><F135/><W84/><G134/><T110/><D110/><U126/><E53/><V57/><F116/><W82/><G128/><T105/><D48/><U50/><E50/><V132/><F132/><W6/><G6/><T49/><D49/><U58/><E58/><V122/><F122/><W1/><G1/><T96/><D41/><U89/><E89/><V55/><F114/><W90/><REACH who="3" step="1"/><G63/><REACH who="3" ten="250,250,250,240" step="2"/><T39/><D39/><U130/><E126/><V69/><F113/><W65/><G65/><T36/><D36/><U117/><E130/><V20/><F67/><W78/><AGARI ba="0,1" hai="15,19,23,38,40,46,56,59,78,82,84,86,90,93" machi="78" ten="20,2700,0" yaku="1,1,0,1,7,1,53,0" doraHai="92" doraHaiUra="0" who="3" fromWho="3" sc="250,-13,250,-7,250,-7,240,37" /><INIT seed="1,0,0,3,5,70" ten="237,243,243,277" oya="1" hai0="113,97,84,31,15,96,102,110,69,66,36,108,85" hai1="30,57,8,118,26,33,22,47,101,41,115,9,50" hai2="86,77,126,105,135,14,127,59,122,74,16,25,2" hai3="60,38,42,6,71,81,116,117,89,130,11,93,44"/><U112/><E118/><V78/><F122/><W43/><G130/><T72/><D72/><U62/><E112/><V90/><F135/><W40/><G60/><N who="0" m="40135" /><D113/><U52/><E115/><V28/><F2/><W133/><G71/><T46/><D15/><U34/><E101/><V132/><F105/><W103/><G103/><T4/><D4/><U131/><E131/><V27/><F132/><W95/><G81/><T1/><D31/><U48/><E34/><V20/><F59/><W68/><G68/><T53/><D1/><U10/><REACH who="1" step="1"/><E33/><REACH who="1" ten="237,233,243,277" step="2"/><V73/><F127/><W123/><G133/><T92/><D102/><U65/><E65/><V100/><F100/><W104/><G123/><T32/><D32/><U17/><E17/><V99/><F126/><W64/><G64/><T129/><D129/><U124/><E124/><V13/><F16/><W134/><G134/><T49/><D110/><U106/><E106/><V23/><F28/><W5/><G104/><T120/><D108/><U91/><E91/><V119/><F90/><W12/><G5/><T61/><D120/><U114/><E114/><V0/><F119/><N who="3" m="45643" /><G95/><T54/><D92/><U79/><E79/><V29/><F78/><W109/><G109/><T88/><D88/><U58/><E58/><V35/><F77/><W82/><G82/><T55/><D46/><U39/><AGARI ba="0,1" hai="8,9,10,22,26,30,39,41,47,48,50,52,57,62" machi="39" ten="30,12000,1" yaku="1,1,0,1,52,1,54,1,53,1" doraHai="70" doraHaiUra="19" who="1" fromWho="1" sc="237,-40,233,130,243,-40,277,-40" /><INIT seed="1,1,0,2,0,98" ten="197,363,203,237" oya="1" hai0="79,68,83,114,7,73,76,82,19,3,75,69,57" hai1="113,62,64,109,81,97,14,95,22,77,27,44,55" hai2="126,33,16,25,54,122,56,41,89,36,21,132,18" hai3="127,67,49,117,47,128,135,107,53,26,59,12,72"/><U10/><E113/><V66/><F122/><W84/><G72/><T115/><D57/><U105/><E105/><V48/><F126/><W17/><G127/><T85/><D19/><U124/><E124/><V129/><F129/><W118/><G128/><T9/><REACH who="0" step="1"/><D85/><REACH who="0" ten="187,363,203,237" step="2"/><U20/><E64/><V15/><F66/><W52/><G67/><T29/><D29/><U60/><E60/><V13/><F132/><W23/><G135/><T35/><D35/><U92/><E62/><V91/><F33/><W0/><G84/><T123/><D123/><U65/><E65/><V125/><F125/><W80/><G59/><T103/><D103/><U74/><E74/><V51/><F36/><W120/><G120/><T71/><AGARI ba="1,1" hai="3,7,9,68,69,71,73,75,76,79,82,83,114,115" machi="71" ten="30,8000,1" yaku="1,1,0,1,9,1,23,2,53,0" doraHai="98" doraHaiUra="116" who="0" fromWho="0" sc="187,93,363,-41,203,-21,237,-21" /><INIT seed="2,0,0,5,2,72" ten="280,322,182,216" oya="2" hai0="43,34,70,116,13,4,84,1,55,20,65,90,95" hai1="106,86,78,73,71,53,66,60,76,28,21,30,7" hai2="50,52,98,12,17,48,102,0,135,79,37,24,94" hai3="58,11,36,42,80,105,75,19,125,113,83,40,87"/><V77/><F37/><W119/><G105/><T120/><D120/><U93/><E106/><V88/><F0/><W6/><G119/><T96/><D116/><U49/><E73/><V121/><F121/><W124/><G19/><T110/><D34/><U122/><E122/><V31/><F135/><W103/><G103/><T82/><D110/><U104/><E104/><V39/><F39/><W59/><G75/><T107/><D107/><U67/><E7/><V45/><F102/><W5/><G36/><T18/><D43/><N who="3" m="16425" /><G87/><T68/><D65/><N who="1" m="24587" /><E60/><V47/><F24/><W63/><G63/><T123/><D123/><U51/><E71/><V85/><F85/><W38/><G38/><T91/><D55/><U64/><E64/><V35/><F35/><W26/><G26/><T22/><D20/><U127/><E21/><N who="2" m="11431" /><F31/><N who="1" m="11817" /><E127/><N who="3" m="48714" /><G113/><T16/><REACH who="0" step="1"/><D18/><REACH who="0" ten="270,322,182,216" step="2"/><U114/><E114/><V54/><AGARI ba="0,1" hai="45,47,48,50,52,54,77,79,88,94,98" m="11431" machi="54" ten="30,12000,1" yaku="8,1,52,2,54,2" doraHai="72" who="2" fromWho="2" sc="270,-40,322,-40,182,130,216,-40" /><INIT seed="2,1,0,4,3,70" ten="230,282,312,176" oya="2" hai0="114,52,2,135,23,102,86,57,112,119,34,47,109" hai1="0,87,130,131,117,13,110,32,95,121,10,106,67" hai2="123,45,27,132,124,134,15,111,55,80,5,85,104" hai3="3,125,38,122,58,78,22,73,39,133,33,49,81"/><V41/><F123/><W50/><G122/><T77/><D34/><U8/><E121/><V94/><F104/><W29/><G3/><T74/><D74/><U100/><E117/><V26/><F124/><W31/><G125/><T7/><D109/><U71/><E32/><V61/><F94/><W12/><G133/><T65/><D135/><U59/><E71/><V99/><F99/><W24/><G50/><T115/><D119/><U105/><E0/><V107/><F107/><W56/><G49/><T21/><D102/><U108/><E67/><V72/><F72/><W118/><G118/><T75/><D75/><U120/><E59/><V46/><F111/><N who="1" m="42537" /><E120/><V37/><F134/><W116/><G116/><T1/><D65/><U129/><E87/><V89/><F132/><W101/><G101/><T93/><D47/><U14/><E95/><V66/><F46/><W88/><G56/><T30/><D1/><U126/><E100/><V82/><F82/><W60/><G88/><T51/><D30/><U25/><E126/><V90/><F89/><W54/><REACH who="3" step="1"/><G12/><REACH who="3" ten="230,282,312,166" step="2"/><T76/><D114/><U113/><E113/><V36/><F15/><N who="1" m="5641" /><E105/><V127/><F127/><W6/><G6/><T97/><D77/><U84/><E106/><V62/><F5/><W53/><G53/><T128/><D51/><U20/><E84/><V63/><F55/><W79/><G79/><T40/><D7/><U64/><E64/><V43/><F66/><W68/><G68/><T35/><D76/><U103/><E103/><V83/><F83/><W9/><G9/><N who="1" m="3690" /><E131/><V28/><F85/><W16/><G16/><AGARI ba="1,1" hai="16,20,25,129,130" m="3690,5641,42537" machi="16" ten="30,8000,1" yaku="6,1,14,1,34,2,54,1" doraHai="70" who="1" fromWho="3" sc="230,0,282,93,312,0,166,-83" /><INIT seed="3,0,0,3,2,10" ten="230,375,312,83" oya="3" hai0="19,50,111,8,9,135,26,22,98,30,89,60,87" hai1="55,70,116,131,69,27,36,121,67,44,124,106,86" hai2="59,101,15,46,7,90,97,91,128,20,49,63,133" hai3="0,114,92,119,47,117,23,31,37,104,120,29,56"/><W42/><G104/><T72/><D111/><U73/><E106/><V94/><F128/><W3/><G114/><T107/><D72/><U109/><E73/><V21/><F133/><W102/><G120/><T84/><D135/><U134/><E121/><V12/><F21/><W80/><G56/><T77/><D107/><U14/><E134/><V112/><F112/><W1/><G80/><N who="0" m="47119" /><D98/><U75/><E75/><V113/><F113/><W35/><G35/><T32/><D32/><U17/><E70/><V5/><F20/><W125/><G125/><T11/><D60/><U66/><E36/><V95/><F5/><W54/><G54/><T83/><D50/><U4/><E55/><N who="2" m="30135" /><F7/><W6/><G6/><T52/><D52/><U127/><E4/><V13/><F95/><W33/><G33/><T85/><D87/><U65/><E69/><V74/><F74/><W82/><G82/><T126/><D126/><U28/><E127/><V118/><F118/><W16/><G117/><T62/><D62/><U88/><E116/><V48/><F48/><W68/><G68/><T76/><D89/><U18/><E88/><V130/><F130/><W78/><G78/><T105/><D105/><U39/><E131/><V58/><F58/><W110/><G119/><T25/><D25/><U115/><E115/><V38/><F38/><W64/><G64/><AGARI ba="0,0" hai="12,13,15,59,63,64,90,91,94,97,101" m="30135" machi="64" ten="30,7700,0" yaku="8,1,52,3" doraHai="10" who="2" fromWho="3" sc="230,0,375,0,312,77,83,-77" owari="230,-17.0,375,17.5,389,48.9,6,-49.4" /></mjloggm>