<mjloggm ver="2.3"><GO type="225" lobby="0"/><UN n0="%73%69%72%6F%75%74" n1="%E3%81%B8%E3%82%80%E3%81%B8%E3%82%80%EF%BC%92%E5%8F%B7" n2="%E3%83%AD%E3%83%83%E3%83%86%E9%9B%80%E7%90%83" n3="%4D%50%43%32%38%30%30" dan="16,17,17,16" rate="2041.07,2207.65,2166.11,2197.17" sx="M,M,M,M"/><TAIKYOKU oya="0"/><INIT seed="0,0,0,1,0,97" ten="250,250,250,250" oya="0" hai0="78,23,26,87,9,20,93,21,108,118,103,67,117" hai1="39,43,70,36,50,64,71,100,17,101,66,53,18" hai2="127,4,52,42,32,123,30,83,1,46,3,14,121" hai3="82,24,86,89,84,105,60,59,130,134,131,122,47"/><T5/><D67/><U31/><E31/><V51/><F127/><W2/><G2/><T69/><D69/><U37/><E43/><V7/><F83/><W113/><G113/><T8/><D78/><U99/><E99/><V73/><F73/><W57/><G134/><T58/><D58/><U104/><E104/><V10/><F7/><W13/><G105/><T120/><D87/><U48/><E39/><V55/><F14/><W33/><G47/><T110/><D120/><U116/><REACH who="1" step="1"/><E53/><REACH who="1" ten="250,240,250,250" step="2"/><V94/><F55/><N who="3" m="33855" /><G122/><T75/><D118/><AGARI ba="0,1" hai="17,18,36,37,48,50,64,66,70,71,100,101,116,118" machi="118" ten="25,8000,1" yaku="1,1,22,2,52,2,53,0" doraHai="97" doraHaiUra="132" who="1" fromWho="0" sc="250,-80,240,90,250,0,250,0" /><INIT seed="1,0,0,1,5,87" ten="170,330,250,250" oya="1" hai0="0,34,77,102,98,88,81,25,23,76,123,50,10" hai1="119,48,122,61,8,133,58,100,60,63,41,59,6" hai2="78,3,5,115,117,19,40,14,27,39,85,127,32" hai3="128,1,109,65,95,12,55,49,52,28,20,121,51"/><U69/><E119/><V80/><F117/><W35/><G1/><T75/><D50/><U47/><E122/><V2/><F127/><W84/><G121/><T42/><D42/><U54/><E100/><V130/><F130/><W107/><G107/><T45/><D45/><U9/><E133/><V83/><F115/><W114/><G114/><T132/><D132/><U64/><E6/><V120/><F120/><W67/><G109/><T43/><D43/><U106/><E106/><V113/><F113/><W26/><G35/><T97/><D34/><U79/><E79/><V18/><F5/><W15/><G128/><T89/><D76/><U131/><E131/><V30/><F19/><W16/><G15/><T92/><D123/><U56/><E9/><V29/><F29/><W96/><G84/><T126/><D126/><U135/><E8/><V111/><F111/><W36/><G36/><T46/><D46/><N who="1" m="27927" /><E135/><V125/><F125/><W124/><G124/><T74/><D74/><U66/><E66/><N who="3" m="25098" /><G51/><AGARI ba="0,0" hai="41,47,51,56,58,59,60,61,63,64,69" m="27927" machi="51" ten="30,12000,1" yaku="35,5" doraHai="87" who="1" fromWho="3" sc="170,0,330,120,250,0,250,-120" /><INIT seed="1,1,0,3,1,26" ten="170,450,250,130" oya="1" hai0="63,81,82,56,25,93,119,12,22,130,43,14,29" hai1="74,101,97,32,48,31,126,135,46,111,94,89,36" hai2="15,59,77,91,42,122,0,1,112,70,62,6,95" hai3="87,106,35,34,100,88,123,33,39,37,20,60,80"/><U108/><E74/><V19/><F122/><W68/><G123/><T85/><D130/><U110/><E126/><V92/><F70/><W107/><G20/><T124/><D124/><U98/><E135/><V27/><F112/><W44/><G100/><T11/><D43/><U21/><E36/><V76/><F42/><W40/><REACH who="3" step="1"/><G39/><REACH who="3" ten="170,450,250,120" step="2"/><T5/><D119/><U50/><E21/><N who="2" m="13759" /><F0/><W65/><AGARI ba="1,1" hai="33,34,35,37,40,44,60,65,68,80,87,88,106,107" machi="65" ten="40,5200,0" yaku="1,1,0,1,54,1,53,0" doraHai="26" doraHaiUra="127" who="3" fromWho="3" sc="170,-14,450,-27,250,-14,120,65" /><INIT seed="2,0,0,1,5,133" ten="156,423,236,185" oya="2" hai0="67,43,90,106,103,129,116,23,50,68,5,18,70" hai1="17,0,36,80,59,57,122,1,115,2,75,22,72" hai2="58,24,107,33,77,100,10,102,40,26,127,64,66" hai3="101,56,83,19,91,65,114,117,45,63,37,113,82"/><V13/><F77/><W49/><G117/><T32/><D32/><U105/><E115/><N who="3" m="44042" /><G37/><T86/><D5/><U79/><E122/><V119/><F127/><W93/><G101/><N who="2" m="39017" /><F107/><W27/><G27/><N who="2" m="10281" /><F33/><W124/><G19/><T118/><D129/><U111/><E105/><V60/><F40/><N who="3" m="24743" /><G124/><T20/><D103/><U99/><E99/><AGARI ba="0,0" hai="56,63,65,82,83,91,93,99" m="24743,44042" machi="99" ten="30,1000,0" yaku="11,1" doraHai="133" who="3" fromWho="1" sc="156,0,423,-10,236,0,185,10" /><INIT seed="3,0,0,2,3,11" ten="156,413,236,195" oya="3" hai0="16,42,107,128,14,68,54,133,72,38,124,46,86" hai1="8,76,6,55,69,50,119,99,78,21,130,43,117" hai2="65,102,15,48,41,32,127,103,20,26,40,94,96" hai3="51,84,12,71,5,59,70,75,37,60,39,113,111"/><W10/><G113/><T112/><D72/><U61/><E130/><V23/><F127/><W53/><G75/><T24/><D107/><U125/><E125/><V22/><F65/><W57/><G111/><T95/><D124/><U131/><E131/><V30/><F103/><W18/><G84/><T134/><D128/><U31/><E99/><V13/><F32/><W29/><G29/><T77/><D68/><U92/><E92/><V101/><F101/><W67/><G70/><T129/><D129/><U73/><E21/><N who="2" m="8299" /><F41/><W74/><G74/><T105/><D105/><U97/><E97/><V91/><F91/><W90/><G90/><N who="0" m="53719" /><D54/><U58/><E31/><V27/><F27/><W88/><G88/><T126/><D126/><U132/><E132/><N who="0" m="50793" /><D77/><U64/><E43/><V104/><F104/><W62/><G5/><T123/><D24/><U49/><E49/><V47/><AGARI ba="0,0" hai="13,15,23,26,30,40,47,48,94,96,102" m="8299" machi="47" ten="30,4000,0" yaku="8,1,52,2" doraHai="11" who="2" fromWho="2" sc="156,-10,413,-10,236,40,195,-20" owari="146,-35.4,403,50.3,276,7.6,175,-22.5" /></mjloggm>