<mjloggm ver="2.3"><GO type="225" lobby="0"/><UN n0="%E7%89%B9%E6%9D%B1%E3%81%AF%E4%B8%96%E7%95%8C%E3%82%92%E6%95%91%E3%81%86" n1="%E3%81%BF%E3%81%BF%E3%81%9A" n2="%77%72%77%72%77%72%77%72" n3="%E3%81%AA%E3%82%81%E3%81%93%E9%9B%80%E5%A3%AB" dan="16,18,17,16" rate="2048.02,2217.66,2157.47,2054.15" sx="M,M,M,M"/><TAIKYOKU oya="0"/><INIT seed="0,0,0,5,1,70" ten="250,250,250,250" oya="0" hai0="25,119,100,44,28,42,101,69,0,21,110,34,12" hai1="1,85,29,63,47,27,9,81,8,96,134,36,72" hai2="71,97,14,6,87,67,49,86,40,11,39,19,78" hai3="113,22,135,117,65,114,89,2,132,80,38,79,31"/><T106/><D119/><U125/><E125/><V46/><F71/><W128/><G2/><T76/><D69/><U52/><E134/><N who="3" m="51242" /><G65/><T18/><D76/><U127/><E127/><V92/><F67/><W103/><G103/><T105/><D110/><U43/><E96/><V13/><F78/><W124/><G124/><T84/><D84/><U24/><E72/><V91/><REACH who="2" step="1"/><F49/><REACH who="2" ten="250,250,240,250" step="2"/><W17/><G117/><T82/><D82/><U37/><E37/><V112/><F112/><W130/><G113/><T74/><D74/><U107/><E81/><V53/><F53/><W90/><G114/><T59/><D59/><U118/><E52/><V83/><F83/><W121/><G38/><T77/><D77/><U126/><E36/><V75/><F75/><W57/><G57/><T66/><D66/><U45/><E126/><V131/><F131/><W20/><G79/><T122/><D122/><U48/><E118/><V50/><F50/><W10/><G80/><T99/><D44/><U30/><E47/><V73/><F73/><W95/><G121/><T33/><D42/><U15/><E43/><V109/><F109/><W120/><G130/><T4/><D105/><U98/><E45/><V68/><F68/><W16/><G128/><T32/><REACH who="0" step="1"/><D101/><REACH who="0" ten="240,250,240,250" step="2"/><U115/><E107/><V23/><AGARI ba="0,2" hai="6,11,13,14,19,23,39,40,46,86,87,91,92,97" machi="23" ten="20,5200,0" yaku="1,1,0,1,7,1,52,1,53,0" doraHai="70" doraHaiUra="116" who="2" fromWho="2" sc="240,-26,250,-13,240,72,250,-13" /><INIT seed="1,0,0,1,5,28" ten="214,237,312,237" oya="1" hai0="42,59,81,127,27,95,85,88,25,64,31,9,48" hai1="80,14,131,109,50,61,83,53,69,68,37,67,46" hai2="134,93,100,124,105,86,0,97,71,119,102,33,104" hai3="26,126,35,135,122,87,49,39,20,51,60,43,15"/><U55/><E131/><V101/><F0/><W90/><G122/><T129/><D127/><U98/><E109/><V58/><F71/><W52/><G135/><T128/><D42/><U117/><E117/><V94/><F33/><W41/><G39/><T132/><D132/><U91/><E69/><V8/><F134/><W1/><G1/><T133/><D133/><U24/><E53/><V19/><F119/><W78/><G78/><T73/><D9/><U38/><E24/><V115/><F124/><W11/><G35/><T16/><D16/><U63/><E63/><V47/><F47/><N who="3" m="27711" /><G51/><T92/><D27/><U3/><E3/><V106/><F58/><W40/><G60/><N who="0" m="37919" /><D73/><U77/><E14/><V70/><F19/><N who="3" m="8703" /><G126/><T103/><D48/><U130/><E130/><N who="0" m="50281" /><D103/><N who="2" m="39498" /><F8/><W57/><G57/><T75/><D75/><U4/><E4/><V13/><F13/><W96/><G96/><T111/><D111/><U76/><E37/><V34/><F70/><W118/><G118/><T66/><D66/><U17/><E38/><V7/><F97/><W84/><G90/><T112/><D112/><U110/><E110/><V113/><F113/><W18/><AGARI ba="0,0" hai="18,20,26,40,41,43,84,87" m="8703,27711" machi="18" ten="30,2000,0" yaku="8,1,54,1" doraHai="28" who="3" fromWho="3" sc="214,-5,237,-10,312,-5,237,20" /><INIT seed="2,0,0,4,1,115" ten="209,227,307,257" oya="2" hai0="76,44,32,35,114,127,43,106,18,99,121,64,120" hai1="62,97,118,95,22,28,124,100,33,122,109,54,80" hai2="49,128,2,23,133,24,92,123,11,89,78,112,131" hai3="8,129,59,40,1,5,83,29,119,88,17,56,101"/><V0/><F112/><W65/><G119/><T104/><D114/><U66/><E118/><V6/><F123/><W75/><G129/><N who="2" m="49737" /><F133/><W87/><G75/><T19/><D64/><U38/><E122/><V70/><F78/><W134/><G29/><T21/><D76/><U12/><E109/><V98/><F49/><W135/><G101/><T68/><D68/><U111/><E111/><V72/><F72/><W37/><G17/><T67/><D67/><U85/><E124/><V50/><F50/><W3/><G3/><T58/><D58/><U105/><E38/><V81/><F81/><W126/><G65/><T60/><D60/><U74/><E54/><V73/><F73/><W39/><G126/><T77/><D77/><U34/><E74/><V13/><F70/><W51/><G59/><T30/><D127/><U90/><E105/><V116/><F116/><W102/><G102/><T103/><D106/><U25/><REACH who="1" step="1"/><E12/><REACH who="1" ten="209,217,307,257" step="2"/><V9/><F0/><W45/><REACH who="3" step="1"/><G39/><REACH who="3" ten="209,217,307,247" step="2"/><T10/><D121/><U107/><E107/><V125/><F125/><W71/><G71/><AGARI ba="0,2" hai="22,25,28,33,34,62,66,71,80,85,90,95,97,100" machi="71" ten="30,2000,0" yaku="1,1,7,1,53,0" doraHai="115" doraHaiUra="113" who="1" fromWho="3" sc="209,0,217,40,307,0,247,-20" /><INIT seed="3,0,0,2,2,100" ten="209,257,307,227" oya="3" hai0="4,41,111,125,12,15,21,14,97,28,127,84,131" hai1="117,47,51,115,98,58,81,64,0,76,129,22,60" hai2="73,68,65,67,35,61,113,79,46,88,42,45,106" hai3="3,74,26,72,126,77,66,78,122,37,95,103,13"/><W50/><G37/><T32/><D41/><U7/><E115/><V89/><F113/><W11/><G3/><T23/><D84/><U70/><E129/><V57/><F106/><W71/><G122/><T123/><D97/><U94/><E117/><V120/><F120/><W16/><G126/><N who="0" m="48139" /><D123/><U44/><E0/><V69/><F35/><W56/><G74/><T38/><D38/><U39/><E7/><V91/><F57/><W75/><G75/><T114/><D114/><U102/><E39/><V10/><F10/><W86/><G72/><T121/><D121/><U133/><E133/><V29/><F29/><W105/><G71/><T49/><D49/><U8/><E8/><V116/><F116/><W2/><G2/><T107/><D107/><U96/><E96/><V118/><F118/><W92/><G105/><T135/><D131/><U85/><E70/><V48/><F45/><W124/><G124/><T31/><D135/><U24/><REACH who="1" step="1"/><E51/><REACH who="1" ten="209,247,307,227" step="2"/><V132/><F132/><W134/><G134/><T119/><D119/><U93/><E93/><V43/><F48/><W83/><G50/><T99/><D99/><U55/><E55/><V104/><F104/><W40/><G40/><T30/><D4/><U25/><E25/><V27/><F27/><W1/><G1/><T110/><D32/><U33/><E33/><V63/><F46/><W17/><G103/><T54/><D54/><U53/><E53/><V82/><AGARI ba="0,1" hai="42,43,61,63,65,67,68,69,73,79,82,88,89,91" machi="82" ten="30,4000,0" yaku="0,1,9,1,54,1" doraHai="100" who="2" fromWho="2" sc="209,-10,247,-10,307,50,227,-20" owari="199,-30.1,237,3.7,357,45.7,207,-19.3" /></mjloggm>