<mjloggm ver="2.3"><GO type="225" lobby="0"/><UN n0="%E3%82%B2%E3%82%B9%E8%8C%82%E5%8B%9D" n1="%6D%75%75%6D%75%72%61" n2="%30%2E%31%32%30" n3="%E5%A4%96%E5%B7%9D%E7%AB%9C%E6%88%90" dan="16,17,16,16" rate="2052.90,2239.70,2124.99,2158.81" sx="F,F,M,M"/><TAIKYOKU oya="0"/><INIT seed="0,0,0,5,3,58" ten="250,250,250,250" oya="0" hai0="125,109,131,100,105,89,35,80,114,93,10,123,70" hai1="30,110,61,66,124,95,106,63,4,23,78,103,18" hai2="46,2,16,9,19,101,25,76,94,1,39,34,99" hai3="37,126,14,11,7,81,48,135,32,12,107,52,5"/><T31/><D123/><U118/><E118/><V29/><F76/><W8/><G135/><T92/><D114/><U54/><E106/><V127/><F127/><W104/><G37/><T41/><D125/><U88/><E124/><V84/><F84/><W98/><G126/><T13/><D131/><U68/><E110/><V133/><F133/><W83/><G32/><T36/><D80/><U20/><E78/><V53/><F53/><W73/><G73/><T6/><D70/><U122/><E122/><V111/><F111/><W40/><G40/><T108/><D105/><U24/><E4/><V120/><F120/><W90/><G107/><T15/><D15/><U28/><E103/><V82/><F82/><W47/><REACH who="3" step="1"/><G90/><REACH who="3" ten="250,250,250,240" step="2"/><T51/><D36/><U17/><E88/><V67/><F39/><W71/><G71/><T57/><D41/><U64/><E95/><V75/><F75/><W112/><G112/><T62/><D89/><U113/><E113/><V22/><F101/><AGARI ba="0,1" hai="5,7,8,11,12,14,47,48,52,81,83,98,101,104" machi="101" ten="40,8000,1" yaku="1,1,9,1,54,1,53,1" doraHai="58" doraHaiUra="43" who="3" fromWho="2" sc="250,0,250,0,250,-80,240,90" /><INIT seed="1,0,0,2,2,33" ten="250,250,170,330" oya="1" hai0="1,118,85,52,135,102,18,83,97,105,74,13,132" hai1="116,134,111,68,76,42,54,92,127,82,128,70,36" hai2="29,62,41,114,31,14,3,64,46,90,27,119,79" hai3="71,80,35,120,5,107,96,106,2,91,6,73,59"/><U24/><E116/><V57/><F119/><W124/><G71/><T30/><D118/><U53/><E128/><V61/><F114/><W17/><G35/><T95/><D30/><U115/><E115/><V103/><F103/><W88/><G120/><T8/><D74/><U125/><E92/><V60/><F79/><W37/><G37/><T131/><D131/><U86/><E24/><V112/><F112/><W11/><G6/><T43/><D43/><U66/><E134/><N who="0" m="51241" /><D105/><U72/><E72/><V84/><F14/><W10/><G59/><T39/><D39/><U98/><E98/><V67/><F31/><W121/><G121/><T63/><D63/><U129/><E129/><V123/><F123/><W7/><G17/><T100/><D100/><U22/><E22/><V23/><F67/><W75/><G80/><T16/><D52/><N who="1" m="20075" /><E66/><V47/><F3/><W93/><G93/><T12/><D1/><U26/><E26/><V126/><F126/><N who="1" m="48137" /><E111/><V109/><F109/><W69/><G96/><T38/><D38/><U28/><E28/><V19/><F29/><W133/><G133/><T65/><D65/><U40/><E40/><V49/><REACH who="2" step="1"/><F46/><AGARI ba="0,0" hai="36,42,46,68,70,76,82,86" m="48137,20075" machi="46" ten="30,2900,0" yaku="18,1,54,1" doraHai="33" who="1" fromWho="2" sc="250,0,250,29,170,-29,330,0" /><INIT seed="1,1,0,3,5,64" ten="250,279,141,330" oya="1" hai0="134,58,80,14,99,90,78,135,54,100,43,93,31" hai1="98,122,59,33,29,27,81,128,0,117,57,61,73" hai2="35,13,70,123,51,19,63,94,101,10,132,42,30" hai3="118,25,121,22,26,124,2,95,105,36,106,127,96"/><U87/><E117/><V12/><F123/><W44/><G121/><T84/><D43/><U89/><E122/><V102/><F132/><W28/><G2/><T55/><D31/><U85/><E128/><V67/><F94/><W46/><G26/><T126/><D126/><N who="3" m="48169" /><G118/><T125/><D125/><U97/><E0/><V45/><F30/><W114/><G114/><T48/><D14/><U16/><E73/><V75/><F75/><W20/><G20/><T130/><D130/><U52/><E16/><V7/><REACH who="2" step="1"/><F35/><REACH who="2" ten="250,279,131,330" step="2"/><W82/><G95/><T79/><D134/><U133/><E133/><V88/><F88/><W9/><G106/><T39/><D135/><U65/><REACH who="1" step="1"/><E87/><REACH who="1" ten="250,269,131,330" step="2"/><V103/><F103/><W116/><G116/><T110/><D100/><U40/><E40/><V1/><F1/><W21/><G28/><T91/><D84/><U18/><E18/><V23/><AGARI ba="1,2" hai="7,10,12,13,19,23,42,45,51,63,67,70,101,102" machi="23" ten="20,5200,0" yaku="1,1,0,1,7,1,52,1,53,0" doraHai="64" doraHaiUra="131" who="2" fromWho="2" sc="250,-14,269,-27,131,75,330,-14" /><INIT seed="2,0,0,5,4,61" ten="236,242,206,316" oya="2" hai0="87,111,39,18,20,44,46,62,25,116,80,112,53" hai1="90,21,12,68,11,42,117,102,118,103,15,1,123" hai2="113,4,56,13,101,59,64,5,3,57,99,28,98" hai3="91,134,110,48,73,126,114,129,97,115,75,67,58"/><V72/><F113/><W14/><G110/><T8/><D112/><N who="3" m="43049" /><G126/><T29/><D111/><U107/><E123/><V78/><F3/><W22/><G129/><T37/><D116/><U82/><E1/><V34/><F13/><W89/><G134/><T63/><D39/><U83/><E68/><V41/><F41/><W9/><G22/><T131/><D131/><U54/><E42/><V133/><F133/><W127/><G48/><T74/><D74/><U47/><E21/><V105/><F98/><W65/><G58/><N who="0" m="35151" /><D37/><U31/><E11/><V88/><F64/><N who="3" m="24651" /><G91/><N who="0" m="51687" /><D63/><U121/><E121/><V26/><REACH who="2" step="1"/><F88/><REACH who="2" ten="236,242,196,316" step="2"/><W43/><G43/><T30/><D30/><U50/><E90/><V95/><F95/><N who="3" m="56559" /><G127/><T92/><D92/><U119/><E119/><V7/><F7/><AGARI ba="0,1" hai="7,9,14,73,75" m="56559,24651,43049" machi="7" ten="30,7700,0" yaku="11,1,52,3" doraHai="61" who="3" fromWho="2" sc="236,0,242,0,196,-77,316,87" /><INIT seed="3,0,0,4,3,108" ten="236,242,119,403" oya="3" hai0="89,32,50,102,40,61,55,63,128,28,33,36,90" hai1="91,3,113,10,97,62,105,8,110,82,24,7,29" hai2="123,60,111,100,18,44,30,133,41,20,22,116,96" hai3="67,126,71,57,94,11,121,118,69,115,70,2,46"/><W17/><G115/><T107/><D128/><U27/><E113/><V99/><F111/><W73/><G73/><T39/><D102/><U135/><E110/><V134/><F60/><W72/><G72/><T84/><D107/><U122/><E122/><V56/><F56/><W74/><G74/><T66/><D90/><U26/><E135/><V47/><F100/><W9/><G46/><T43/><D36/><U23/><E62/><V12/><F30/><W83/><G83/><T117/><D117/><U51/><E105/><V120/><F12/><W132/><G94/><T58/><D61/><U42/><E10/><V15/><F15/><W119/><G11/><T127/><D127/><U103/><E103/><V34/><F34/><W76/><G9/><T45/><D28/><U5/><E5/><V109/><F109/><W77/><G70/><N who="0" m="42335" /><D40/><U52/><E42/><V38/><F41/><W59/><G69/><T81/><AGARI ba="0,0" hai="32,33,39,43,45,50,55,58,81,84,89" m="42335" machi="81" ten="30,1100,0" yaku="24,1" doraHai="108" who="0" fromWho="0" sc="236,11,242,-3,119,-3,403,-5" owari="247,4.7,239,-16.1,116,-38.4,398,49.8" /></mjloggm>