<mjloggm ver="2.3"><GO type="225" lobby="0"/><UN n0="%48%61%61%61%6C%61%6E%64" n1="%E8%83%83%E3%81%A8%E8%85%B8" n2="%72%61%6B%33" n3="%E3%81%97%E3%82%83%E3%82%8B%E3%81%BC%E3%82%93" dan="18,16,16,16" rate="2213.43,2193.65,2091.86,2150.10" sx="M,M,M,M"/><TAIKYOKU oya="0"/><INIT seed="0,0,0,5,3,78" ten="250,250,250,250" oya="0" hai0="128,39,71,10,133,35,42,134,80,59,20,66,32" hai1="100,44,38,65,15,61,8,70,67,110,109,129,111" hai2="22,5,58,75,21,36,51,127,135,105,49,107,103" hai3="7,117,116,96,79,26,52,85,86,48,34,56,73"/><T4/><D71/><U63/><E100/><V53/><F36/><W123/><G123/><T33/><D128/><U30/><E30/><V1/><F75/><W108/><G108/><T132/><D20/><U27/><E27/><V99/><F127/><W47/><G7/><T64/><D59/><U13/><E129/><V94/><F135/><W50/><G73/><T31/><D31/><U69/><REACH who="1" step="1"/><E8/><REACH who="1" ten="250,240,250,250" step="2"/><V106/><REACH who="2" step="1"/><F49/><REACH who="2" ten="250,240,240,250" step="2"/><W24/><G50/><T95/><D133/><U122/><E122/><V83/><F83/><N who="3" m="47359" /><G117/><T40/><D132/><U76/><E76/><V2/><F2/><W87/><G116/><T121/><D134/><U91/><E91/><V60/><F60/><W112/><G34/><T92/><D33/><U88/><E88/><V23/><F23/><W97/><G112/><T84/><D35/><U25/><E25/><V72/><F72/><W37/><G37/><T93/><D32/><U0/><E0/><V9/><AGARI ba="0,2" hai="1,5,9,21,22,51,53,58,94,99,103,105,106,107" machi="9" ten="40,2700,0" yaku="1,1,0,1,53,0" doraHai="78" doraHaiUra="115" who="2" fromWho="2" sc="250,-13,240,-7,240,47,250,-7" /><INIT seed="1,0,0,3,2,135" ten="237,233,287,243" oya="1" hai0="81,12,105,129,14,9,117,109,57,85,97,0,33" hai1="43,42,124,80,17,92,56,101,114,38,115,40,84" hai2="119,134,78,1,86,15,91,64,67,113,74,130,111" hai3="22,24,63,128,102,25,3,69,77,122,104,58,37"/><U61/><E38/><V18/><F119/><W30/><G122/><T132/><D117/><U72/><E72/><V28/><F1/><W39/><G3/><T53/><D33/><U20/><E124/><V65/><F134/><W123/><G123/><T120/><D132/><U127/><E127/><V26/><F111/><W89/><G128/><T108/><D120/><U23/><E114/><V13/><F130/><W107/><G69/><T21/><D129/><U110/><E115/><V52/><F78/><W90/><G77/><T76/><D0/><U83/><E110/><N who="0" m="42601" /><D21/><N who="1" m="8267" /><E17/><V41/><F41/><N who="1" m="10497" /><U60/><DORA hai="5" /><E101/><V96/><F74/><W93/><G25/><T121/><D121/><U75/><E75/><V31/><F26/><W116/><G116/><T73/><D73/><U55/><E60/><V48/><F113/><W106/><G102/><N who="0" m="62671" /><D9/><U19/><E19/><V47/><F18/><W103/><G103/><T95/><D95/><U16/><E16/><V71/><F28/><W2/><G2/><T131/><D131/><U118/><E118/><V70/><F31/><W6/><G6/><T54/><D12/><U45/><E45/><V82/><F13/><W87/><REACH who="3" step="1"/><G89/><AGARI ba="0,0" hai="55,56,61,80,83,84,89,92" m="10497,8267" machi="89" ten="40,2000,0" yaku="8,1" doraHai="135,5" who="1" fromWho="3" sc="237,0,233,20,287,0,243,-20" /><INIT seed="1,1,0,4,3,21" ten="237,253,287,223" oya="1" hai0="88,91,29,94,27,39,4,38,116,117,8,113,57" hai1="60,36,132,109,10,50,131,121,28,9,127,80,0" hai2="59,2,87,32,49,63,25,56,48,75,54,103,133" hai3="83,76,134,123,1,135,47,89,85,101,105,95,18"/><U15/><E36/><V45/><F75/><W97/><G1/><T12/><D113/><U99/><E121/><V115/><F2/><W34/><G34/><T78/><D78/><U110/><E60/><V55/><F115/><W35/><G35/><T120/><D120/><U24/><E50/><V62/><F133/><N who="3" m="50699" /><G18/><T23/><D91/><U65/><E65/><V31/><F103/><W90/><G47/><T41/><D57/><U124/><E132/><V126/><F126/><N who="1" m="48169" /><E80/><V73/><F73/><N who="3" m="43407" /><G90/><T14/><D39/><U6/><E99/><V92/><F45/><W58/><G58/><T52/><D38/><U16/><E131/><V107/><F107/><W53/><G53/><T61/><D41/><U26/><E28/><V86/><REACH who="2" step="1"/><F92/><REACH who="2" ten="237,253,277,223" step="2"/><N who="3" m="54319" /><G123/><T19/><D116/><U111/><AGARI ba="1,1" hai="0,6,9,10,15,16,24,26,109,110,111" m="48169" machi="111" ten="40,24000,3" yaku="14,1,10,1,18,1,34,2,52,2,54,1" doraHai="21" who="1" fromWho="1" sc="237,-81,253,253,277,-81,223,-81" /><INIT seed="1,2,0,2,0,71" ten="156,506,196,142" oya="1" hai0="13,110,68,3,42,77,91,84,114,80,62,82,109" hai1="81,125,101,126,17,72,93,99,70,54,116,97,24" hai2="40,118,46,49,105,96,56,47,60,98,102,121,119" hai3="117,29,64,127,15,45,108,0,18,111,7,4,30"/><U122/><E116/><V69/><F121/><W37/><G117/><T79/><D3/><U21/><E122/><V12/><F69/><W32/><G64/><N who="0" m="40983" /><D114/><U129/><E70/><V19/><F98/><W11/><G127/><T8/><D42/><U14/><E129/><V51/><F56/><W35/><G45/><T38/><D38/><U88/><E54/><V52/><REACH who="2" step="1"/><F60/><REACH who="2" ten="156,506,186,142" step="2"/><W115/><G115/><T36/><D109/><N who="3" m="42057" /><G37/><T55/><D36/><U48/><E48/><V10/><AGARI ba="2,1" hai="10,12,19,40,46,47,49,51,52,96,102,105,118,119" machi="10" ten="20,5200,0" yaku="1,1,0,1,7,1,54,1,53,0" doraHai="71" doraHaiUra="90" who="2" fromWho="2" sc="156,-15,506,-28,186,68,142,-15" /><INIT seed="2,0,0,5,0,48" ten="141,478,254,127" oya="2" hai0="90,135,112,86,25,61,3,108,33,130,80,71,13" hai1="47,9,63,104,128,68,36,82,56,115,96,32,87" hai2="54,30,84,132,72,121,21,29,57,52,120,117,46" hai3="110,23,22,10,42,116,97,119,126,66,6,78,24"/><V41/><F72/><W81/><G126/><T129/><D3/><U79/><E115/><V74/><F74/><W60/><G110/><T109/><D112/><U17/><E128/><N who="0" m="49257" /><D135/><U77/><E32/><V134/><F117/><W8/><G42/><T111/><D13/><U34/><E34/><V76/><F76/><W98/><G116/><T55/><D71/><U75/><E68/><V59/><F84/><W101/><G119/><T58/><D33/><U62/><E75/><V28/><F21/><W64/><G6/><T18/><D18/><U114/><E77/><V44/><F29/><W92/><G98/><T27/><AGARI ba="0,0" hai="25,27,55,58,61,80,86,90,108,109,111" m="49257" machi="27" ten="40,5200,0" yaku="14,1,19,1,52,1" doraHai="48" who="0" fromWho="0" sc="141,52,478,-13,254,-26,127,-13" /><INIT seed="3,0,0,1,1,57" ten="193,465,228,114" oya="3" hai0="25,68,28,121,111,44,115,4,101,93,126,77,113" hai1="16,72,78,8,85,67,100,5,30,102,33,42,134" hai2="45,29,81,103,12,89,52,18,88,116,11,24,26" hai3="130,69,17,75,32,97,106,107,117,94,86,63,48"/><W105/><G117/><T2/><D121/><U95/><E134/><V50/><F116/><W120/><G120/><T135/><D111/><U71/><E16/><V59/><F103/><W92/><G32/><T6/><D126/><U73/><E42/><V70/><F70/><W76/><G130/><T112/><D135/><U108/><E108/><V80/><F80/><N who="3" m="45087" /><G48/><T41/><D77/><U7/><E78/><V87/><F29/><W128/><G17/><T35/><D2/><U58/><E71/><V62/><F89/><N who="3" m="53303" /><G63/><T64/><D93/><U91/><E33/><V9/><F9/><W79/><G69/><T125/><D101/><U127/><E102/><V110/><F110/><W119/><G119/><T60/><D125/><U27/><E100/><V53/><AGARI ba="0,0" hai="11,12,18,24,26,45,50,52,53,59,62,81,87,88" machi="53" ten="20,16000,3" yaku="0,1,7,1,25,2,8,1,52,1,54,2" doraHai="57" who="2" fromWho="2" sc="193,-40,465,-40,228,160,114,-80" owari="153,-24.7,425,52.5,388,18.8,34,-46.6" /></mjloggm>