<mjloggm ver="2.3"><GO type="225" lobby="0"/><UN n0="%E5%84%AA%40%41%42%43" n1="%6D%75%75%6D%75%72%61" n2="%E3%81%99%E3%81%84%E3%81%BE%E3%81%9B%E3%83%BC%E3%82%93" n3="%E7%9C%9F%E4%B8%80" dan="17,16,16,17" rate="2260.18,2169.81,2124.05,2251.35" sx="M,F,M,M"/><TAIKYOKU oya="0"/><INIT seed="0,0,0,4,2,112" ten="250,250,250,250" oya="0" hai0="95,5,116,26,53,135,50,68,78,113,103,91,10" hai1="119,127,67,56,87,125,22,63,19,16,75,81,29" hai2="37,133,28,8,90,72,96,51,109,114,18,59,31" hai3="98,99,115,42,45,129,44,97,41,52,64,94,85"/><T30/><D113/><U58/><E75/><V71/><F114/><W23/><G129/><T13/><D68/><U77/><E119/><V24/><F37/><W3/><G3/><T108/><D135/><U2/><E2/><V123/><F123/><W54/><G115/><T39/><D39/><U21/><E56/><V14/><F72/><W49/><G64/><T124/><D124/><N who="1" m="47691" /><E22/><V105/><F71/><W46/><G23/><T128/><D128/><U69/><E69/><V89/><F133/><W74/><G74/><T88/><D78/><U76/><E76/><V121/><F121/><W79/><G79/><T38/><D38/><U55/><E55/><N who="3" m="21034" /><G49/><T86/><D108/><U82/><E82/><V122/><F109/><W62/><G62/><T100/><D91/><AGARI ba="0,0" hai="41,42,44,45,46,85,91,94,97,98,99" m="21034" machi="91" ten="40,2600,0" yaku="8,1,54,1" doraHai="112" who="3" fromWho="0" sc="250,-26,250,0,250,0,250,26" /><INIT seed="1,0,0,3,5,13" ten="224,250,250,276" oya="1" hai0="128,38,14,44,50,119,108,59,25,101,54,7,37" hai1="24,23,18,26,92,116,107,30,72,84,120,99,110" hai2="22,49,40,32,33,5,67,28,96,88,34,86,64" hai3="127,35,117,31,75,95,126,91,134,135,2,113,58"/><U111/><E116/><V79/><F5/><W78/><G2/><T48/><D101/><U130/><E72/><V16/><F28/><W81/><G35/><T123/><D119/><U112/><E120/><V65/><F79/><W118/><G31/><T74/><D74/><U85/><E112/><V131/><F96/><N who="3" m="57471" /><G58/><T98/><D98/><U97/><E107/><V62/><F131/><W45/><G45/><T71/><D108/><N who="1" m="41515" /><E130/><V11/><F11/><W6/><G6/><T73/><D73/><U56/><E56/><V132/><F132/><N who="3" m="50731" /><G113/><T51/><D71/><U9/><E99/><V20/><F62/><W19/><G19/><T77/><D123/><U66/><E66/><V125/><F125/><AGARI ba="0,0" hai="75,78,81,117,118,125,126,127" m="50731,57471" machi="125" ten="30,7700,0" yaku="18,1,20,1,34,2" doraHai="13" who="3" fromWho="2" sc="224,0,250,0,250,-77,276,77" /><INIT seed="2,0,0,0,5,122" ten="224,250,173,353" oya="2" hai0="81,80,51,41,133,108,65,11,42,6,63,62,101" hai1="135,73,30,88,114,131,52,97,28,91,84,128,132" hai2="109,12,116,77,96,67,55,7,61,21,34,90,26" hai3="130,113,70,74,24,18,56,98,110,45,118,103,60"/><V120/><F116/><W58/><G74/><T89/><D133/><N who="1" m="51275" /><E73/><V5/><F120/><W66/><G118/><T31/><D108/><U69/><E69/><V106/><F109/><W13/><G110/><T23/><D101/><U107/><E114/><V44/><F77/><W37/><G130/><N who="1" m="49706" /><E52/><V35/><F55/><W36/><G24/><N who="0" m="16799" /><D51/><U85/><E107/><V15/><F44/><W87/><G87/><N who="1" m="33354" /><E91/><V0/><F0/><W99/><G113/><T27/><D89/><U78/><E78/><V3/><F3/><W48/><G36/><T2/><D2/><U119/><E119/><V71/><F106/><W64/><G37/><T86/><D86/><U16/><E16/><V46/><F46/><W72/><G72/><T127/><D81/><U33/><E33/><V117/><F117/><W59/><G66/><T9/><D80/><U50/><E50/><V126/><F35/><W102/><G48/><T79/><D65/><U104/><E104/><V129/><F34/><W53/><G45/><T115/><D115/><U25/><E25/><V17/><F129/><W121/><G121/><T39/><D27/><U4/><E4/><N who="2" m="1611" /><F126/><W40/><G70/><T68/><D127/><U95/><AGARI ba="0,0" hai="28,30,88,95,97" m="33354,49706,51275" machi="95" ten="40,5200,0" yaku="20,1,19,1,54,1" doraHai="122" who="1" fromWho="1" sc="224,-13,250,52,173,-26,353,-13" /><INIT seed="3,0,0,3,5,16" ten="211,302,147,340" oya="3" hai0="85,93,114,89,42,86,17,108,59,118,13,97,25" hai1="84,90,6,31,133,88,29,43,38,92,34,37,8" hai2="74,53,4,41,119,110,22,95,52,62,101,66,121" hai3="11,56,69,115,48,26,67,1,63,111,83,47,100"/><W131/><G115/><T78/><D108/><U70/><E70/><V82/><F119/><W40/><G131/><T46/><D118/><U126/><E126/><V49/><F110/><W72/><G111/><T98/><D114/><U104/><E104/><V122/><F4/><W57/><G100/><T64/><D25/><U28/><E133/><V79/><F41/><W120/><G120/><T87/><D78/><U105/><E105/><V127/><F127/><W80/><G26/><T99/><D59/><U91/><E34/><V15/><F101/><W58/><REACH who="3" step="1"/><G72/><REACH who="3" ten="211,302,147,330" step="2"/><T106/><D106/><U2/><E37/><V19/><F95/><W68/><G68/><T94/><D93/><U60/><E38/><V81/><F81/><W0/><G0/><T107/><D107/><U20/><E2/><V14/><F14/><W116/><G116/><T96/><N who="0" m="24576" /><DORA hai="77" /><T75/><D75/><U3/><E92/><V51/><F51/><W61/><G61/><T18/><D94/><U128/><E60/><V55/><REACH who="2" step="1"/><F49/><REACH who="2" ten="211,302,137,330" step="2"/><W117/><G117/><T33/><D13/><U50/><E128/><V103/><F103/><W132/><G132/><T23/><D89/><U44/><E90/><V112/><F112/><W109/><G109/><T39/><D39/><U71/><E91/><V30/><F30/><W21/><G21/><T27/><D23/><U134/><E134/><V36/><F36/><W54/><G54/><T10/><D33/><U24/><E88/><V7/><F7/><AGARI ba="0,2" hai="1,7,11,40,47,48,56,57,58,63,67,69,80,83" machi="7" ten="40,12000,1" yaku="1,1,52,2,53,2" doraHai="16,77" doraHaiUra="35,45" who="3" fromWho="2" sc="211,0,302,0,137,-120,330,140" owari="211,-18.9,302,10.2,17,-48.3,470,57.0" /></mjloggm>