<mjloggm ver="2.3"><GO type="225" lobby="0"/><UN n0="%E4%B8%89%E5%86%A0%E7%8E%8B%E3%83%BB%E5%B1%B1%E7%94%B0%E5%93%B2%E4%BA%BA" n1="%E9%B3%B3%E6%9D%B1%E3%81%AE%E3%81%86%E3%81%95%E3%81%8E%E3%81%95%E3%82%93" n2="%E6%A1%9C%E8%8A%B1%E9%96%83%E3%80%85" n3="%E9%89%A2%E5%B7%BB%E3%82%AC%E3%83%96" dan="17,16,18,16" rate="2168.58,2247.58,2248.13,2111.84" sx="M,M,M,M"/><TAIKYOKU oya="0"/><INIT seed="0,0,0,1,4,11" ten="250,250,250,250" oya="0" hai0="117,123,121,22,38,130,118,30,82,70,51,24,110" hai1="42,12,84,132,67,2,33,89,49,23,3,27,92" hai2="114,127,61,66,45,95,43,35,72,58,19,69,133" hai3="77,32,52,134,94,93,119,76,4,7,107,99,125"/><T104/><D38/><U74/><E132/><V116/><F72/><W135/><G32/><N who="0" m="20551" /><D51/><U103/><E74/><V91/><F127/><W44/><G125/><T8/><D82/><U6/><E33/><V25/><F133/><N who="3" m="50699" /><G119/><N who="0" m="45579" /><D70/><U131/><E131/><V86/><F114/><W96/><G44/><T65/><D65/><U29/><E67/><V21/><F35/><W128/><G52/><T88/><D88/><U79/><E79/><N who="3" m="30282" /><G107/><T36/><D36/><U34/><E42/><V106/><F106/><W98/><G128/><T47/><D47/><U16/><E49/><V115/><F115/><W20/><G20/><T53/><D53/><U50/><E50/><N who="2" m="26943" /><F69/><W80/><G80/><T81/><D81/><U60/><E60/><V126/><F126/><W108/><G108/><T83/><D83/><U13/><E103/><V64/><F116/><W102/><G102/><T41/><D41/><U39/><E39/><V14/><F66/><W5/><AGARI ba="0,0" hai="4,5,7,93,94,96,98,99" m="30282,50699" machi="5" ten="40,5200,0" yaku="28,2,20,1" doraHai="11" who="3" fromWho="3" sc="250,-26,250,-13,250,-13,250,52" /><INIT seed="1,0,0,4,2,79" ten="224,237,237,302" oya="1" hai0="81,91,77,82,31,64,70,108,135,119,34,78,76" hai1="71,58,36,48,60,89,66,13,114,94,5,12,40" hai2="29,97,74,8,123,50,131,80,24,85,72,33,69" hai3="115,59,99,90,128,92,44,134,93,35,38,30,130"/><U21/><E114/><V86/><F123/><W23/><G115/><T56/><D119/><U41/><E5/><V7/><F131/><W42/><G35/><T28/><D108/><U6/><E6/><V109/><F109/><W68/><G68/><T16/><D70/><U25/><E36/><V2/><F69/><W133/><G59/><T102/><D135/><N who="3" m="51721" /><G93/><T125/><D125/><U103/><E103/><V26/><F86/><W73/><G73/><T83/><D34/><U118/><E118/><V65/><F65/><W18/><G30/><N who="0" m="11307" /><D102/><U100/><E100/><V15/><F26/><AGARI ba="0,0" hai="18,23,26,38,42,44,90,92,99,128,130" m="51721" machi="26" ten="30,1000,0" yaku="20,1" doraHai="79" who="3" fromWho="2" sc="224,0,237,0,237,-10,302,10" /><INIT seed="2,0,0,3,0,42" ten="224,237,227,312" oya="2" hai0="118,38,3,50,87,100,91,130,7,57,120,74,115" hai1="66,84,70,119,105,59,54,82,108,72,28,23,37" hai2="117,67,124,10,92,47,90,53,80,51,5,49,109" hai3="58,68,123,31,135,133,83,78,26,12,27,104,121"/><V75/><F117/><W64/><G104/><T52/><D120/><U97/><E119/><V103/><F124/><W18/><G58/><T85/><D118/><U127/><E72/><V44/><F109/><W101/><G101/><T116/><D116/><U73/><E73/><V125/><F125/><W29/><G64/><T13/><D115/><U107/><E127/><V25/><F67/><W93/><G93/><T6/><D74/><U96/><E37/><V15/><F25/><N who="3" m="9227" /><G83/><T110/><D3/><U48/><E28/><N who="3" m="10826" /><G78/><T9/><D130/><U39/><E23/><V89/><F75/><W95/><G95/><T32/><D32/><U21/><E21/><V30/><F80/><W98/><G98/><T4/><D110/><U128/><E128/><V132/><F132/><N who="3" m="50763" /><G68/><T106/><D38/><U61/><E108/><V88/><F30/><W45/><G45/><N who="2" m="17481" /><F53/><W14/><G14/><T2/><D2/><U71/><E71/><V86/><F86/><W60/><G60/><T94/><REACH who="0" step="1"/><D85/><REACH who="0" ten="214,237,227,312" step="2"/><U19/><E39/><V65/><F65/><W0/><G0/><T36/><D36/><U81/><E84/><V126/><F126/><W16/><G18/><T8/><D8/><AGARI ba="0,1" hai="8,12,16,121,123" m="50763,10826,9227" machi="8" ten="30,7700,0" yaku="20,1,34,2,54,1" doraHai="42" who="3" fromWho="0" sc="214,-77,237,0,227,0,312,87" /><INIT seed="3,0,0,4,3,73" ten="137,237,227,399" oya="3" hai0="28,135,2,133,39,104,126,1,96,78,89,70,12" hai1="5,128,105,22,19,74,91,36,93,123,60,84,29" hai2="131,114,61,50,3,66,4,21,6,87,90,71,79" hai3="42,100,9,115,80,113,0,97,20,40,53,18,98"/><W58/><G80/><T16/><D70/><U35/><E123/><V132/><F114/><W31/><G31/><T41/><D28/><U120/><E120/><V65/><F79/><W57/><G9/><T103/><D126/><U43/><E105/><V67/><F131/><W127/><G0/><T108/><D89/><U64/><E74/><V69/><F132/><W68/><G68/><T116/><D116/><U46/><E128/><V15/><F3/><W101/><G18/><T134/><D108/><U125/><E125/><V82/><F69/><W47/><G20/><T24/><D24/><U45/><E5/><N who="2" m="2155" /><F71/><W129/><G53/><T107/><D107/><U25/><E45/><V117/><F117/><W86/><G47/><T94/><D104/><U76/><E76/><V59/><F50/><W27/><G27/><T99/><D99/><U85/><E85/><V130/><F130/><W17/><G129/><T56/><D56/><U63/><E64/><V51/><F51/><W10/><G10/><T110/><D110/><U38/><E38/><V62/><F62/><W83/><G17/><AGARI ba="0,0" hai="15,17,21,59,61,65,66,67,82,87,90" m="2155" machi="17" ten="30,1000,0" yaku="8,1" doraHai="73" who="2" fromWho="3" sc="137,0,237,0,227,10,399,-10" owari="137,-36.3,237,3.7,237,-16.3,389,48.9" /></mjloggm>