<mjloggm ver="2.3"><GO type="225" lobby="0"/><UN n0="%E3%81%95%E3%81%8D%E3%81%9F%E3%81%BE%E6%9E%97%E6%AA%8E" n1="%E4%B8%89%E5%86%A0%E7%8E%8B%E3%83%BB%E5%B1%B1%E7%94%B0%E5%93%B2%E4%BA%BA" n2="%73%75%7A%75%72%61%6E%65" n3="%E3%82%A2%E3%83%9E%E3%83%9D%EF%BD%9E%EF%BD%9E%E3%83%A9" dan="16,16,16,17" rate="2117.15,2151.34,2040.55,2204.78" sx="M,M,M,M"/><TAIKYOKU oya="0"/><INIT seed="0,0,0,0,4,65" ten="250,250,250,250" oya="0" hai0="43,2,118,54,74,102,90,115,58,61,21,70,39" hai1="92,80,33,106,7,14,127,129,108,1,34,78,67" hai2="98,126,3,134,130,101,71,110,103,83,135,121,113" hai3="97,82,75,66,128,73,56,112,68,44,131,19,36"/><T69/><D115/><U10/><E108/><V22/><F113/><W105/><G112/><T50/><D2/><U4/><E106/><V99/><F121/><W26/><G56/><T85/><D74/><U59/><E127/><V38/><F110/><W79/><G19/><T23/><D118/><U49/><E129/><N who="3" m="49738" /><G26/><T132/><D102/><U100/><E7/><V17/><F38/><W133/><G73/><T16/><D39/><U25/><E25/><V35/><F35/><W45/><G133/><N who="2" m="50697" /><F3/><W116/><G116/><T87/><D87/><U62/><E34/><V55/><F83/><W11/><G11/><T96/><D96/><U53/><E10/><V32/><F32/><W12/><G12/><T31/><D31/><U91/><E14/><V120/><F99/><W27/><G27/><T95/><D23/><U63/><E80/><V123/><F98/><W122/><G122/><T13/><REACH who="0" step="1"/><D132/><REACH who="0" ten="240,250,250,250" step="2"/><U76/><E1/><V20/><F130/><W119/><G119/><T15/><D15/><U24/><E33/><V6/><F123/><W109/><G36/><T94/><D94/><U48/><E92/><V86/><F120/><W42/><G97/><T57/><D57/><U41/><E59/><V88/><F22/><W111/><G109/><T107/><D107/><U30/><E30/><V89/><F103/><W64/><G105/><T104/><D104/><U29/><E100/><V114/><F101/><W9/><G111/><T72/><D72/><U37/><E29/><V52/><F114/><W5/><G75/><T117/><D117/><U0/><E0/><V8/><F20/><RYUUKYOKU ba="0,1" sc="240,30,250,-10,250,-10,250,-10" hai0="13,16,21,43,50,54,58,61,69,70,85,90,95" /><INIT seed="0,1,1,5,4,38" ten="270,240,240,240" oya="0" hai0="78,89,60,18,133,65,119,22,33,97,117,42,14" hai1="66,11,104,43,61,86,91,106,31,20,84,54,126" hai2="34,113,58,13,10,17,73,111,36,26,1,112,49" hai3="98,30,0,5,120,7,95,50,45,118,79,32,21"/><T110/><D33/><U15/><E126/><V88/><F73/><W124/><G32/><T130/><D78/><U40/><E54/><V28/><F36/><W80/><G118/><T8/><D133/><U12/><E106/><V56/><F111/><W93/><G93/><T134/><D134/><U27/><E104/><V77/><F77/><W67/><G67/><T39/><D130/><U71/><E84/><V41/><F58/><W94/><G94/><T64/><D64/><U69/><E69/><V51/><F51/><W9/><G7/><T114/><D114/><U99/><E99/><V53/><F1/><W90/><G124/><T127/><D127/><U3/><E3/><V128/><F128/><W116/><G116/><T132/><D132/><U24/><E24/><V129/><F129/><W103/><G120/><T82/><D110/><U63/><E63/><V59/><F59/><W19/><G30/><T101/><D8/><U87/><E87/><V76/><F76/><W121/><G121/><T122/><D122/><U105/><E105/><V72/><F72/><W74/><G103/><T109/><D109/><U131/><E131/><V6/><F6/><W25/><G45/><N who="0" m="23775" /><D89/><U75/><E75/><V70/><F70/><W29/><G29/><T46/><D46/><U96/><E96/><V44/><REACH who="2" step="1"/><F88/><REACH who="2" ten="270,240,230,240" step="2"/><W83/><G50/><T16/><D119/><U48/><E48/><V4/><F4/><W57/><G57/><N who="0" m="37007" /><D117/><U23/><E91/><V2/><F2/><W115/><G83/><T68/><D82/><U47/><E71/><V62/><AGARI ba="1,2" hai="10,13,17,26,28,34,41,44,49,53,56,62,112,113" machi="62" ten="20,5200,0" yaku="1,1,0,1,7,1,52,1,53,0" doraHai="38" doraHaiUra="125" who="2" fromWho="2" sc="270,-27,240,-14,230,75,240,-14" /><INIT seed="1,0,0,1,3,14" ten="243,226,305,226" oya="1" hai0="87,90,123,25,104,127,86,35,76,57,60,95,31" hai1="24,70,120,133,62,15,48,105,30,78,99,107,22" hai2="40,32,29,21,100,74,89,1,83,51,68,49,108" hai3="45,79,94,71,122,58,53,88,44,66,11,9,43"/><U132/><E120/><V27/><F68/><W118/><G118/><T69/><D127/><U63/><E78/><V135/><F1/><W111/><G111/><T4/><D123/><U73/><E73/><V109/><F100/><W134/><G134/><N who="1" m="51818" /><E48/><V37/><F37/><W41/><G66/><T0/><D104/><N who="1" m="40011" /><E70/><V47/><F32/><W114/><G79/><T80/><D69/><U50/><E99/><V93/><F135/><W42/><G114/><T98/><D0/><U36/><E36/><V59/><F51/><N who="3" m="31039" /><G122/><T56/><D4/><U97/><E97/><V18/><F59/><W34/><G34/><T121/><D121/><U125/><E125/><V39/><F39/><W77/><G77/><T110/><D110/><N who="2" m="42602" /><F74/><W55/><G71/><T12/><D56/><U20/><E50/><V82/><F29/><W26/><G44/><T6/><D57/><U61/><E61/><V19/><F83/><W85/><G45/><T67/><D60/><U119/><E119/><V117/><F82/><W92/><G92/><T102/><D67/><U116/><E116/><V106/><F106/><W128/><G55/><T126/><D126/><U91/><E91/><V130/><F117/><W131/><G131/><T52/><D52/><U16/><AGARI ba="0,0" hai="15,16,20,22,24,30,62,63" m="40011,51818" machi="16" ten="40,7800,0" yaku="20,1,52,1,54,1" doraHai="14" who="1" fromWho="1" sc="243,-26,226,78,305,-26,226,-26" /><INIT seed="1,1,0,2,5,28" ten="217,304,279,200" oya="1" hai0="13,47,102,84,50,104,26,7,57,77,79,74,125" hai1="8,94,42,43,121,10,5,41,129,122,69,37,76" hai2="66,111,63,101,91,65,18,92,6,131,33,34,83" hai3="35,133,108,67,72,103,1,11,117,17,109,60,40"/><U49/><E37/><V80/><F6/><N who="3" m="1487" /><G133/><T44/><D74/><U22/><E69/><V68/><F111/><N who="3" m="42571" /><G117/><T75/><D75/><U88/><E76/><V115/><F131/><W126/><G17/><T21/><D125/><U38/><E38/><V31/><F101/><W82/><G40/><T45/><D104/><U100/><E100/><V105/><F105/><W96/><G126/><T58/><D102/><U24/><E49/><V15/><F66/><W90/><G90/><T123/><D50/><U99/><E129/><V116/><F115/><W51/><G51/><T32/><D123/><U30/><REACH who="1" step="1"/><E10/><REACH who="1" ten="217,294,279,200" step="2"/><V107/><F68/><W46/><G72/><T119/><D79/><U53/><E53/><V124/><F124/><W130/><G103/><T93/><D77/><U70/><E70/><V12/><F65/><W134/><G67/><T55/><D55/><U54/><E54/><V64/><F64/><W4/><G130/><T0/><D119/><U95/><E95/><V9/><F92/><W61/><G61/><T3/><D93/><U71/><E71/><V62/><F63/><W25/><G60/><T106/><D106/><U20/><E20/><V36/><F62/><W39/><G39/><T81/><D21/><U113/><E113/><V56/><F107/><W120/><G120/><T86/><D81/><U2/><AGARI ba="1,1" hai="2,5,8,22,24,30,41,42,43,88,94,99,121,122" machi="2" ten="30,12000,1" yaku="1,1,0,1,54,1,53,2" doraHai="28" doraHaiUra="118" who="1" fromWho="1" sc="217,-41,294,133,279,-41,200,-41" /><INIT seed="1,2,0,1,4,49" ten="176,427,238,159" oya="1" hai0="13,108,27,92,3,18,11,51,77,126,62,16,91" hai1="79,64,90,128,101,135,85,4,86,54,47,50,19" hai2="74,33,23,123,122,99,1,111,127,31,105,98,10" hai3="17,117,46,72,52,37,34,124,130,84,94,61,15"/><U113/><E113/><V96/><F111/><W120/><G120/><T114/><D108/><U104/><E135/><V59/><F33/><W107/><G107/><T14/><D126/><U53/><E128/><V45/><F74/><W8/><G72/><T81/><D114/><U103/><E64/><V67/><F105/><W28/><G37/><T109/><D109/><U82/><E104/><V9/><F45/><W12/><G124/><T132/><D132/><U60/><E4/><V78/><F78/><W118/><G130/><T71/><D3/><U0/><E0/><V116/><F116/><N who="3" m="44651" /><G12/><T119/><D119/><U38/><E19/><V87/><F1/><W55/><G61/><T6/><D6/><U69/><E38/><V129/><F129/><W83/><G94/><T7/><D7/><U106/><E69/><V20/><F127/><W40/><G28/><T80/><D27/><U25/><E106/><V63/><F31/><W102/><G102/><N who="1" m="38922" /><E60/><V44/><F63/><W41/><G34/><T115/><D115/><U133/><E25/><V48/><F122/><W100/><G100/><T26/><D26/><U93/><E133/><V121/><F123/><W112/><G112/><T42/><D62/><U110/><E110/><V95/><F121/><W21/><G8/><N who="0" m="6183" /><D71/><U76/><E76/><V32/><F32/><W125/><G125/><T24/><D77/><U66/><E66/><V22/><F67/><W65/><G65/><T36/><D36/><U75/><E75/><V5/><F5/><W73/><G73/><T134/><D134/><U43/><AGARI ba="2,0" hai="43,47,50,53,54,79,82,85,86,90,93" m="38922" machi="43" ten="30,6000,0" yaku="8,1,52,2" doraHai="49" who="1" fromWho="1" sc="176,-22,427,66,238,-22,159,-22" /><INIT seed="1,3,0,1,0,131" ten="154,493,216,137" oya="1" hai0="53,12,48,10,16,49,67,110,47,134,52,35,42" hai1="65,91,39,33,40,28,99,60,77,114,125,46,26" hai2="113,41,51,34,102,101,66,107,86,85,5,24,108" hai3="62,58,95,30,92,15,23,115,133,103,79,82,76"/><U70/><E125/><V111/><F66/><W109/><G115/><T87/><D110/><N who="2" m="42026" /><F5/><W45/><G45/><N who="0" m="25655" /><D134/><U128/><E128/><V74/><F74/><W100/><G133/><T69/><D35/><U118/><E118/><V72/><F72/><W130/><G130/><T31/><D69/><U11/><E65/><V90/><F86/><N who="3" m="48455" /><G79/><T25/><D67/><U120/><E77/><V43/><F51/><W98/><G109/><T61/><D31/><U44/><E28/><N who="2" m="19719" /><F113/><W59/><G62/><T36/><D36/><U135/><E60/><V106/><F106/><W9/><G23/><N who="0" m="13543" /><D87/><U88/><E114/><V96/><F102/><W81/><G30/><T20/><D20/><U84/><E39/><V50/><F50/><W64/><G64/><T123/><D123/><U4/><E120/><V7/><F7/><N who="3" m="3519" /><G81/><AGARI ba="3,0" hai="41,43,81,85,90,96,101,107" m="19719,42026" machi="81" ten="30,1000,0" yaku="14,1" doraHai="131" who="2" fromWho="3" sc="154,0,493,0,216,19,137,-19" /><INIT seed="2,0,0,2,2,38" ten="154,493,235,118" oya="2" hai0="70,0,48,52,115,63,79,126,37,4,81,128,26" hai1="45,83,132,97,29,36,82,57,122,47,34,125,2" hai2="53,14,88,103,119,21,116,114,74,107,13,28,72" hai3="110,124,40,55,62,85,76,104,127,112,7,51,101"/><V9/><F114/><W33/><G112/><T25/><D115/><U15/><E2/><V16/><F103/><W17/><G110/><T20/><D126/><N who="3" m="48169" /><G33/><T71/><D128/><U84/><E29/><V133/><F107/><W78/><G7/><T18/><D37/><U87/><E15/><V96/><F53/><W44/><G85/><T3/><D26/><U43/><E84/><V123/><F123/><W42/><G62/><T22/><D22/><U58/><E83/><V106/><F106/><W93/><G93/><T130/><D130/><U49/><E97/><V59/><F59/><W60/><G60/><T35/><D35/><U6/><E87/><V92/><F133/><W61/><G61/><T111/><D111/><U75/><E82/><V73/><REACH who="2" step="1"/><F28/><REACH who="2" ten="154,493,225,118" step="2"/><W64/><G101/><T94/><D71/><U32/><E58/><V11/><F11/><W109/><G104/><T113/><D52/><U27/><E57/><V66/><F66/><W12/><G64/><T19/><D70/><U89/><E132/><V54/><F54/><W30/><G30/><T135/><D135/><U108/><E122/><V67/><F67/><W95/><G109/><T1/><D113/><U56/><E56/><V86/><F86/><W134/><G134/><T91/><D63/><U24/><E108/><V68/><F68/><W10/><G95/><T39/><D79/><AGARI ba="0,1" hai="10,12,17,40,42,44,51,55,76,78,79" m="48169" machi="79" ten="30,3900,0" yaku="18,1,52,2" doraHai="38" who="3" fromWho="0" sc="154,-39,493,0,225,0,118,49" /><INIT seed="3,0,0,4,1,121" ten="115,493,225,167" oya="3" hai0="50,22,47,63,65,119,62,16,105,56,48,18,86" hai1="80,100,57,13,1,120,127,73,87,6,44,37,133" hai2="35,33,131,24,72,34,28,38,36,52,88,96,51" hai3="30,82,53,26,74,60,104,40,15,124,59,19,114"/><W31/><G114/><T55/><D119/><U101/><E73/><V91/><F72/><W122/><G122/><T123/><D105/><U2/><E100/><V115/><F131/><W45/><G124/><T110/><D123/><U107/><E13/><V81/><F91/><W95/><G104/><T71/><D110/><U113/><E6/><V12/><F12/><W61/><G61/><T128/><D128/><U43/><E133/><V84/><F96/><W54/><G54/><T97/><D97/><U46/><E57/><V111/><F111/><W67/><G53/><T103/><D103/><U20/><E20/><V17/><F17/><W109/><G95/><T25/><D86/><U8/><E43/><V49/><F49/><W41/><G41/><T9/><D9/><U10/><E10/><V135/><F135/><W69/><G69/><T130/><D130/><U77/><E8/><V106/><F106/><W98/><G98/><T93/><D93/><U76/><E87/><V83/><F83/><W29/><G82/><T129/><D129/><U14/><E101/><V4/><F4/><W99/><G74/><T102/><D102/><U42/><E127/><V92/><F81/><W5/><G5/><T68/><D18/><U27/><E107/><V132/><F132/><W85/><G99/><T134/><D134/><U11/><E113/><V108/><F115/><W66/><G85/><T7/><D7/><U75/><E120/><V89/><F84/><W64/><G109/><T116/><D116/><U23/><E75/><V78/><F108/><W94/><G19/><T90/><D90/><RYUUKYOKU ba="0,0" sc="115,0,493,0,225,0,167,0" owari="115,-38.5,493,59.3,225,2.5,167,-23.3" /></mjloggm>