<mjloggm ver="2.3"><GO type="225" lobby="0"/><UN n0="%E4%B8%89%E5%88%86%E5%B0%8F%E5%83%A7" n1="%E5%8D%A0%E3%81%84%E5%B8%AB%E8%A3%8F%E3%81%AA%E3%81%84%E3%81%97" n2="%E3%83%9D%E3%82%B1%E3%83%83%E3%83%88" n3="%E8%90%BD%E6%97%A5" dan="16,17,16,17" rate="2111.12,2179.33,2114.31,2227.45" sx="M,M,M,F"/><TAIKYOKU oya="0"/><INIT seed="0,0,0,4,1,40" ten="250,250,250,250" oya="0" hai0="78,17,14,73,33,110,60,61,42,3,86,62,114" hai1="99,70,100,116,63,124,133,85,76,123,129,8,58" hai2="9,11,34,37,48,45,65,111,30,83,10,96,51" hai3="135,21,27,112,87,18,74,77,104,108,79,50,118"/><T54/><D3/><U122/><E116/><V64/><F111/><W90/><G118/><T15/><D114/><U125/><E70/><V91/><F37/><W107/><G112/><T128/><D128/><U29/><E29/><V88/><F34/><W119/><G119/><T7/><D73/><U115/><E115/><V31/><F83/><W52/><G108/><T127/><D33/><U81/><E8/><V105/><F105/><W44/><G135/><T1/><D1/><U46/><E129/><V26/><F51/><W24/><G74/><T12/><D42/><U55/><E133/><V113/><F113/><W101/><G27/><T23/><D127/><N who="1" m="48715" /><E46/><V66/><F96/><W89/><G89/><N who="2" m="34377" /><F26/><W109/><G109/><T93/><D110/><U98/><E98/><V132/><F132/><W47/><G101/><T19/><D7/><U130/><E130/><V36/><F36/><W41/><G104/><AGARI ba="0,0" hai="55,58,63,76,81,85,99,100,104,122,123" m="48715" machi="104" ten="30,1000,0" yaku="18,1" doraHai="40" who="1" fromWho="3" sc="250,0,250,10,250,0,250,-10" /><INIT seed="1,0,0,0,2,20" ten="250,260,250,240" oya="1" hai0="103,63,24,98,38,11,5,60,27,78,71,47,122" hai1="34,16,117,86,73,19,37,134,32,66,31,30,22" hai2="14,99,75,109,127,102,77,10,58,55,97,41,113" hai3="49,15,121,59,88,17,130,105,83,67,7,108,12"/><U0/><E73/><V46/><F109/><W51/><G121/><T33/><D33/><U6/><E37/><V90/><F127/><W43/><G105/><T123/><D78/><U50/><E117/><V107/><F113/><W106/><G106/><T23/><D23/><U45/><E66/><V54/><F77/><W128/><G108/><T96/><D38/><U82/><E134/><V72/><F55/><W114/><G7/><T84/><D84/><U118/><E118/><V18/><F97/><N who="0" m="37482" /><D103/><U129/><E129/><N who="3" m="49770" /><G114/><T101/><D101/><U120/><E120/><N who="0" m="46121" /><D47/><U44/><E44/><V135/><F90/><W125/><G125/><T64/><D63/><U110/><E110/><V65/><F65/><W35/><G35/><T131/><D131/><U4/><E32/><V28/><F135/><W69/><G69/><T80/><D80/><U124/><E124/><V91/><F91/><W93/><G83/><T94/><D94/><U9/><E34/><V76/><F76/><W13/><G88/><T29/><D29/><N who="1" m="10763" /><E0/><AGARI ba="0,0" hai="0,5,11,24,27,60,64,71" m="46121,37482" machi="0" ten="30,3900,0" yaku="13,1,52,2" doraHai="20" who="0" fromWho="1" sc="250,39,260,-39,250,0,240,0" /><INIT seed="2,0,0,1,3,3" ten="289,221,250,240" oya="2" hai0="85,33,77,42,67,95,54,82,32,40,99,69,105" hai1="90,125,41,48,29,97,51,16,50,127,65,60,17" hai2="113,53,98,96,91,103,14,25,31,120,22,21,135" hai3="20,84,118,116,108,64,104,131,5,72,115,74,121"/><V83/><F113/><W81/><G20/><T13/><D105/><U93/><E29/><V79/><F120/><W92/><G64/><T70/><D54/><U26/><E41/><V57/><F135/><W107/><G5/><T7/><D33/><U55/><E55/><V63/><F91/><W46/><G46/><T133/><D32/><U132/><E132/><V38/><F38/><W2/><G2/><T8/><D133/><U44/><E44/><V43/><F43/><W117/><G121/><T34/><D34/><U59/><REACH who="1" step="1"/><E26/><REACH who="1" ten="289,211,250,240" step="2"/><V52/><F53/><W18/><G115/><T36/><D36/><U110/><E110/><V101/><F101/><W62/><G108/><T76/><D40/><U6/><E6/><V11/><F103/><W10/><G116/><T75/><D42/><U35/><E35/><V73/><REACH who="2" step="1"/><F22/><REACH who="2" ten="289,211,240,240" step="2"/><W15/><G117/><T109/><D109/><U114/><E114/><V86/><F86/><W30/><G118/><T102/><D67/><U112/><E112/><V56/><F56/><W24/><G84/><T49/><D85/><U111/><E111/><V61/><F61/><W71/><G62/><T58/><D75/><U4/><E4/><AGARI ba="0,2" hai="4,11,14,21,25,31,52,57,63,73,79,83,96,98" machi="4" ten="30,12000,1" yaku="1,1,7,1,52,1,54,1,53,1" doraHai="3" doraHaiUra="23" who="2" fromWho="1" sc="289,0,211,-120,240,140,240,0" /><INIT seed="2,1,0,1,5,21" ten="289,91,380,240" oya="2" hai0="49,28,22,14,45,115,64,111,27,32,58,108,89" hai1="112,36,126,135,100,71,124,60,68,51,7,94,99" hai2="62,83,114,46,4,127,129,97,0,61,67,39,93" hai3="106,70,38,31,23,16,98,5,10,12,54,53,66"/><V17/><F114/><W79/><G38/><T24/><D14/><U48/><E112/><V120/><F120/><W37/><G37/><T105/><D105/><U101/><E36/><V134/><F134/><W86/><G31/><T30/><D115/><U52/><E135/><V90/><F127/><W92/><G106/><T85/><D58/><U123/><E123/><V91/><F129/><W8/><G66/><T65/><D108/><U128/><E128/><V25/><F0/><W6/><G70/><T11/><D11/><U73/><E73/><V41/><F4/><W117/><G117/><T122/><D111/><U103/><E7/><V96/><F83/><N who="3" m="47487" /><G10/><T132/><D122/><U19/><E19/><V88/><F67/><W80/><G80/><T116/><D116/><U44/><E48/><V43/><F43/><W42/><G42/><T82/><REACH who="0" step="1"/><D132/><REACH who="0" ten="279,91,380,240" step="2"/><U50/><E50/><V95/><F91/><N who="3" m="55583" /><G6/><T26/><D26/><AGARI ba="1,1" hai="5,8,12,16,23,26,53,54" m="55583,47487" machi="26" ten="30,3900,0" yaku="8,1,52,1,54,1" doraHai="21" who="3" fromWho="0" sc="279,-42,91,0,380,0,240,52" /><INIT seed="3,0,0,5,2,109" ten="237,91,380,292" oya="3" hai0="90,43,94,69,35,72,58,86,49,51,22,12,125" hai1="135,62,55,0,56,21,104,54,45,129,121,66,3" hai2="102,105,111,88,61,87,77,119,100,83,26,13,50" hai3="15,98,32,5,112,41,101,65,44,27,11,38,17"/><W76/><G76/><T84/><D35/><U30/><E104/><V118/><F111/><W123/><G123/><T71/><D72/><U115/><E121/><V114/><F114/><W31/><G65/><T40/><D125/><U126/><E30/><V96/><F102/><W9/><G112/><T10/><D71/><U42/><E21/><V128/><F128/><W47/><G47/><T116/><D69/><U132/><E0/><V20/><F13/><W134/><G134/><T131/><D116/><U122/><E3/><V23/><F23/><W7/><REACH who="3" step="1"/><G11/><REACH who="3" ten="237,91,380,282" step="2"/><T24/><D131/><U82/><E122/><V52/><F77/><W59/><G59/><T25/><D86/><U4/><E129/><V120/><F120/><W28/><G28/><T80/><D80/><U91/><E115/><V110/><F110/><W33/><G33/><T34/><D34/><U124/><E82/><V63/><F118/><W70/><G70/><T99/><D84/><U89/><E4/><V39/><F119/><W2/><G2/><T6/><D25/><U73/><E73/><V127/><F127/><N who="1" m="48681" /><E89/><V106/><F83/><W64/><G64/><T36/><D36/><N who="1" m="21703" /><E91/><V117/><F88/><W19/><G19/><T81/><D81/><U48/><E66/><V14/><F117/><W60/><G60/><T107/><D10/><U93/><E93/><AGARI ba="0,1" hai="5,7,9,15,17,27,31,32,38,41,44,93,98,101" machi="93" ten="30,5800,0" yaku="1,1,7,1,53,1" doraHai="109" doraHaiUra="29" who="3" fromWho="1" sc="237,0,91,-58,380,0,282,68" /><INIT seed="3,1,0,1,4,85" ten="237,33,380,350" oya="3" hai0="19,52,90,76,86,16,124,126,119,80,55,77,32" hai1="114,117,84,108,18,60,24,66,89,48,78,111,38" hai2="110,109,39,70,23,0,43,41,79,34,22,128,64" hai3="49,8,45,65,21,2,27,9,53,11,67,7,93"/><W1/><G93/><T3/><D3/><U120/><E38/><V57/><F34/><W46/><G46/><T99/><D32/><U130/><E48/><V44/><F0/><W29/><REACH who="3" step="1"/><G11/><REACH who="3" ten="237,33,380,340" step="2"/><T36/><D119/><U129/><E78/><V102/><F79/><W40/><G40/><T4/><D36/><U100/><E100/><V73/><F73/><W58/><G58/><T91/><D77/><U10/><E10/><V133/><F43/><W59/><G59/><T50/><D4/><AGARI ba="1,1" hai="1,2,4,7,8,9,21,27,29,45,49,53,65,67" machi="4" ten="40,3900,0" yaku="1,1,9,1,53,0" doraHai="85" doraHaiUra="97" who="3" fromWho="0" sc="237,-42,33,0,380,0,340,52" owari="195,-20.5,33,-46.7,380,18.0,392,49.2" /></mjloggm>