<mjloggm ver="2.3"><GO type="225" lobby="0"/><UN n0="%E6%9D%BE%E6%9C%AC%E5%81%A5%E7%94%B7" n1="%6D%75%75%6D%75%72%61" n2="%72%61%6B%33" n3="%61%6D%65%6B%69" dan="16,17,16,16" rate="2133.00,2201.03,2224.29,2081.32" sx="M,F,M,M"/><TAIKYOKU oya="0"/><INIT seed="0,0,0,2,0,128" ten="250,250,250,250" oya="0" hai0="90,3,131,120,15,50,23,29,78,124,47,119,60" hai1="106,114,67,135,111,49,132,33,18,38,52,122,69" hai2="105,76,70,84,25,44,93,35,37,54,97,9,34" hai3="133,31,2,108,1,21,39,83,129,79,118,81,14"/><T28/><D119/><U104/><E122/><V4/><F70/><W92/><G39/><T117/><D117/><U112/><E38/><V20/><F105/><N who="1" m="40553" /><E111/><V66/><F66/><W80/><G79/><T102/><D3/><U64/><E33/><V43/><F54/><W48/><G108/><T82/><D131/><U86/><E18/><V107/><F107/><W130/><G118/><T127/><D102/><U55/><E86/><V125/><F125/><N who="0" m="48202" /><D120/><U113/><E55/><V36/><F36/><W61/><G2/><T5/><D90/><U126/><E126/><V103/><F84/><W65/><G1/><T8/><D60/><N who="1" m="40071" /><E67/><V51/><F76/><W88/><G129/><T42/><D23/><U87/><E87/><AGARI ba="0,0" hai="5,8,15,28,29,42,47,50,78,82,87" m="48202" machi="87" ten="30,2900,0" yaku="25,1,18,1" doraHai="128" who="0" fromWho="1" sc="250,29,250,-29,250,0,250,0" /><INIT seed="0,1,0,4,0,34" ten="279,221,250,250" oya="0" hai0="100,135,36,16,60,10,109,81,7,37,19,99,115" hai1="6,21,75,64,92,117,131,106,61,134,129,68,98" hai2="123,105,70,50,0,125,20,15,11,94,121,95,1" hai3="4,127,35,113,124,25,38,69,27,41,42,80,54"/><T18/><D115/><U23/><E117/><V104/><F70/><W66/><G113/><T116/><D116/><U102/><E134/><V90/><F50/><W24/><G35/><T2/><D135/><U96/><E75/><V5/><F125/><N who="3" m="48203" /><G38/><T86/><D60/><U107/><E6/><V14/><F20/><W85/><G54/><T43/><D43/><N who="3" m="16393" /><G4/><T74/><D74/><U48/><E48/><V110/><F5/><W72/><G72/><T59/><D59/><U33/><E33/><V30/><F90/><N who="3" m="51495" /><G66/><T130/><D130/><N who="1" m="49675" /><E107/><V67/><F67/><W49/><G49/><T76/><REACH who="0" step="1"/><D109/><REACH who="0" ten="269,221,250,250" step="2"/><U52/><E52/><V83/><F110/><W44/><G44/><T56/><D56/><U45/><E45/><V9/><F83/><W120/><G120/><T111/><D111/><U128/><N who="1" m="49683" /><U28/><DORA hai="89" /><E28/><AGARI ba="1,1" hai="0,1,9,11,14,15,28,30,94,95,104,105,121,123" machi="28" ten="25,12000,2" yaku="22,2,52,4" doraHai="34,89" who="2" fromWho="1" sc="269,0,221,-123,250,133,250,0" /><INIT seed="1,0,0,1,2,35" ten="269,98,383,250" oya="1" hai0="99,11,6,3,96,119,31,30,100,43,12,27,71" hai1="67,66,40,75,68,21,29,113,106,127,54,81,115" hai2="109,78,74,8,19,1,15,130,117,55,36,89,49" hai3="92,105,120,93,41,44,2,7,58,91,132,32,0"/><U76/><E106/><V10/><F117/><W50/><G105/><T70/><D119/><U53/><E127/><V42/><F109/><W22/><G32/><T46/><D12/><U83/><E40/><V63/><F63/><W122/><G132/><T73/><D73/><U126/><E126/><V97/><F130/><W61/><G22/><T52/><D52/><U79/><E21/><V37/><F42/><W51/><G51/><T114/><D114/><U134/><E134/><V80/><F97/><W133/><G133/><T88/><D88/><U9/><E9/><V116/><F116/><W45/><G45/><T25/><D96/><U86/><E29/><V85/><F1/><W62/><G62/><T26/><D31/><U48/><E68/><V56/><F10/><W112/><G112/><T47/><D47/><U38/><E38/><V95/><AGARI ba="0,0" hai="8,15,19,36,37,49,55,56,74,78,80,85,89,95" machi="95" ten="20,1500,0" yaku="0,1,7,1" doraHai="35" who="2" fromWho="2" sc="269,-4,98,-7,383,15,250,-4" /><INIT seed="2,0,0,4,5,98" ten="265,91,398,246" oya="2" hai0="74,21,106,113,1,29,84,105,57,7,55,79,131" hai1="68,49,22,123,28,130,124,61,118,121,108,45,117" hai2="100,40,71,116,62,41,126,91,56,38,36,32,67" hai3="132,23,120,85,0,110,78,54,104,60,15,90,19"/><V119/><F91/><W48/><G120/><N who="1" m="46154" /><E28/><V107/><F32/><W135/><G110/><T109/><D109/><U82/><E22/><V102/><F126/><W53/><G104/><T103/><D113/><U27/><E27/><V64/><F107/><W76/><G0/><T122/><D122/><U97/><E82/><V58/><F62/><W46/><G60/><T66/><D66/><N who="1" m="41039" /><E97/><V127/><F127/><W72/><G54/><T42/><D42/><N who="1" m="24759" /><E108/><V20/><F20/><W17/><G72/><T99/><D74/><U35/><E35/><V51/><F51/><W112/><G19/><T59/><D106/><U95/><E95/><V115/><F71/><W52/><G112/><AGARI ba="0,0" hai="36,38,40,41,56,58,64,67,100,102,112,115,116,119" machi="112" ten="25,9600,0" yaku="22,2,52,2" doraHai="98" who="2" fromWho="3" sc="265,0,91,0,398,96,246,-96" /><INIT seed="2,1,0,2,0,118" ten="265,91,494,150" oya="2" hai0="7,4,24,19,75,135,120,55,5,94,33,122,100" hai1="36,79,62,49,53,61,1,90,63,121,95,104,73" hai2="10,71,74,2,39,93,47,48,65,3,88,69,83" hai3="12,8,87,44,18,59,22,40,26,80,37,98,31"/><V131/><F131/><W81/><G87/><T50/><D75/><U123/><E36/><V106/><F106/><W134/><G134/><T130/><D135/><U21/><E104/><V28/><F28/><W58/><REACH who="3" step="1"/><G98/><REACH who="3" ten="265,91,494,140" step="2"/><T101/><D130/><U107/><E107/><V35/><F74/><W102/><G102/><T109/><D101/><U67/><E73/><V124/><F83/><AGARI ba="1,1" hai="8,12,18,22,26,31,37,40,44,58,59,80,81,83" machi="83" ten="40,2600,0" yaku="1,1,53,1" doraHai="118" doraHaiUra="27" who="3" fromWho="2" sc="265,0,91,0,494,-29,140,39" /><INIT seed="3,0,0,2,0,5" ten="265,91,465,179" oya="3" hai0="58,93,81,22,25,128,55,78,79,6,127,10,83" hai1="116,26,50,133,73,114,100,3,47,46,20,108,41" hai2="94,131,103,35,49,61,84,101,15,42,129,65,62" hai3="51,17,59,99,31,89,102,37,74,45,88,69,122"/><W33/><G122/><T24/><D128/><N who="2" m="49226" /><F35/><W14/><G74/><T112/><D127/><U54/><E108/><V110/><F110/><W0/><G0/><T96/><D112/><U48/><E133/><V28/><F28/><W86/><G69/><T18/><D25/><U135/><E135/><V98/><F84/><W7/><G7/><T11/><D81/><U132/><E132/><V23/><F103/><W106/><G37/><T82/><D82/><U19/><E116/><V27/><F15/><W16/><G59/><T53/><D53/><U38/><E114/><V66/><F49/><W64/><G64/><N who="2" m="24681" /><F42/><W104/><G104/><T36/><D36/><U2/><E73/><V125/><F125/><W9/><G17/><T75/><D79/><U97/><REACH who="1" step="1"/><E38/><REACH who="1" ten="265,81,465,179" step="2"/><V1/><F1/><W123/><G123/><T67/><D67/><U29/><E29/><V21/><F27/><W130/><G130/><T32/><D32/><U118/><E118/><V115/><F115/><W44/><G31/><T121/><D121/><U92/><AGARI ba="0,1" hai="2,3,19,20,26,41,46,47,48,50,54,92,97,100" machi="92" ten="20,2700,0" yaku="1,1,0,1,7,1,53,0" doraHai="5" doraHaiUra="117" who="1" fromWho="1" sc="265,-7,81,37,465,-7,179,-13" owari="258,5.8,118,-38.2,458,55.8,166,-23.4" /></mjloggm>