<mjloggm ver="2.3"><GO type="225" lobby="0"/><UN n0="%E5%8D%A0%E3%81%84%E5%B8%AB%E8%A3%8F%E3%81%AA%E3%81%84%E3%81%97" n1="%77%72%77%72%77%72%77%72" n2="%E3%81%B5%E3%81%98%E3%81%8B%E3%81%A4" n3="%E6%81%A5%E6%99%92%E3%81%97" dan="17,17,16,16" rate="2142.79,2246.22,2132.28,2142.70" sx="M,M,M,M"/><TAIKYOKU oya="0"/><INIT seed="0,0,0,2,4,106" ten="250,250,250,250" oya="0" hai0="110,73,70,121,117,41,44,46,72,87,99,27,62" hai1="52,76,15,30,119,43,124,125,78,67,56,113,107" hai2="96,48,38,45,24,51,37,32,92,55,23,2,22" hai3="58,9,116,18,74,7,126,59,94,128,102,120,111"/><T103/><D117/><U10/><E107/><V34/><F2/><W66/><G116/><T108/><D121/><U16/><E119/><V26/><F96/><W20/><G120/><T19/><D87/><U11/><E67/><V75/><F92/><W31/><G111/><N who="0" m="42539" /><D19/><U97/><E43/><V112/><F55/><W47/><G47/><N who="0" m="17963" /><D41/><U130/><E130/><V90/><F45/><W84/><G31/><T25/><D70/><U109/><E113/><V1/><F90/><W86/><G84/><T127/><D62/><U114/><E114/><V131/><F1/><W53/><G18/><T63/><D63/><U35/><E109/><V49/><F112/><W21/><G86/><T57/><D57/><U81/><E97/><V115/><F115/><W28/><G59/><T79/><D79/><U122/><E122/><V101/><F49/><W50/><G50/><T39/><D127/><N who="1" m="48715" /><E81/><V83/><F83/><W118/><G126/><T5/><D5/><U12/><E56/><V89/><F131/><W95/><G118/><T100/><D39/><U88/><E52/><V68/><F68/><W65/><G53/><T17/><D17/><N who="1" m="8343" /><E76/><V14/><F38/><W134/><G58/><T80/><D80/><U123/><E78/><V91/><F37/><W77/><G128/><T64/><D64/><U0/><E123/><V132/><F48/><W135/><G66/><T69/><D69/><U129/><E129/><V6/><F51/><W93/><G65/><T40/><D40/><U133/><E16/><V105/><F6/><W33/><G7/><T29/><D99/><U36/><E36/><RYUUKYOKU ba="0,0" sc="250,0,250,0,250,0,250,0" /><INIT seed="1,1,0,3,1,18" ten="250,250,250,250" oya="1" hai0="72,6,59,3,25,33,42,125,91,53,44,118,85" hai1="92,34,5,121,10,66,0,81,52,70,103,93,110" hai2="86,50,56,128,47,32,65,69,111,112,78,106,105" hai3="35,98,43,88,100,38,46,124,11,82,24,9,62"/><U40/><E121/><V102/><F32/><W109/><G109/><T31/><D118/><U36/><E34/><V68/><F111/><W73/><G124/><T123/><D72/><U41/><E110/><V80/><F112/><W64/><G73/><T133/><D133/><U95/><E103/><V60/><F128/><W26/><G100/><T58/><D125/><U104/><E104/><V94/><F106/><W1/><G1/><T119/><D119/><U17/><E36/><V61/><F105/><W126/><G126/><T132/><D132/><U107/><E107/><V57/><F94/><W131/><G131/><T19/><D123/><U20/><E81/><V113/><F102/><W51/><G38/><T29/><D29/><U71/><E52/><V15/><F15/><W115/><G115/><T4/><D19/><U21/><E66/><V14/><F14/><W83/><G83/><T134/><D134/><U75/><E75/><V90/><F78/><W84/><G98/><T2/><D2/><U87/><E87/><V22/><F22/><N who="1" m="8809" /><E17/><V129/><F129/><W23/><G35/><T97/><D3/><U96/><E96/><V108/><F108/><W12/><G26/><T48/><D97/><U101/><E101/><V116/><F116/><W127/><G127/><T49/><D58/><U117/><E117/><V30/><F113/><W8/><G12/><T89/><D85/><U76/><E76/><V27/><F69/><N who="3" m="42135" /><G24/><T37/><D37/><U28/><E28/><V54/><F61/><W79/><G79/><T74/><D74/><U39/><E39/><V120/><F120/><RYUUKYOKU ba="1,0" sc="250,0,250,0,250,0,250,0" hai0="4,6,25,31,33,42,44,48,49,53,59,89,91" hai1="0,5,10,40,41,70,71,92,93,95" hai2="27,30,47,50,54,56,57,60,65,68,80,86,90" hai3="8,9,11,23,43,46,51,82,84,88" /><INIT seed="1,2,0,5,4,80" ten="250,250,250,250" oya="1" hai0="26,131,34,5,69,106,126,83,11,12,35,61,125" hai1="70,14,64,10,130,123,46,113,96,13,75,68,88" hai2="104,19,67,31,60,38,90,66,78,124,65,108,127" hai3="92,73,1,62,134,109,33,41,43,114,97,32,116"/><U101/><E113/><V117/><F104/><W28/><G114/><T15/><D106/><U99/><E123/><V79/><F117/><W71/><G116/><T87/><D131/><U50/><E75/><V94/><F38/><W72/><G1/><T84/><D15/><U103/><E130/><V37/><F37/><W54/><G109/><T53/><D83/><U102/><E64/><V76/><F108/><W115/><G115/><T24/><D24/><U8/><E50/><V74/><F74/><W20/><G134/><T39/><D39/><U63/><E46/><V55/><F31/><W129/><G129/><T21/><D53/><U40/><E40/><V23/><F55/><W58/><G71/><N who="1" m="27178" /><E88/><V3/><F60/><W30/><G73/><T7/><D7/><U77/><E77/><V95/><F3/><W18/><G32/><T52/><D34/><U9/><E63/><V100/><F100/><N who="3" m="60455" /><G33/><T110/><D35/><U81/><E81/><V17/><F23/><W59/><G72/><T89/><D89/><U25/><E25/><V112/><F112/><W120/><G120/><T48/><D110/><U107/><E107/><V2/><F2/><W85/><G43/><T133/><D133/><U36/><E36/><V42/><F42/><W82/><G59/><N who="0" m="33159" /><D69/><U16/><E16/><N who="2" m="6219" /><F90/><N who="3" m="51511" /><G41/><T119/><D61/><U118/><E118/><V98/><F98/><AGARI ba="2,0" hai="8,9,10,13,14,96,98,99,101,102,103" m="27178" machi="98" ten="40,3900,0" yaku="28,2" doraHai="80" who="1" fromWho="2" sc="250,0,250,45,250,-45,250,0" /><INIT seed="1,3,0,0,3,11" ten="250,295,205,250" oya="1" hai0="67,44,100,116,133,54,19,0,78,92,23,41,14" hai1="118,98,131,38,50,134,58,86,132,10,62,63,4" hai2="7,55,130,18,107,47,36,76,32,61,16,25,60" hai3="53,113,77,121,24,13,42,123,94,127,101,93,3"/><U119/><E38/><V117/><F107/><W135/><G113/><T122/><D116/><U112/><E112/><V102/><F117/><W126/><G3/><T1/><D133/><N who="1" m="51307" /><E131/><V89/><F130/><W5/><G135/><T87/><D67/><U20/><E86/><V129/><F129/><W97/><G42/><T110/><D110/><U48/><E20/><N who="2" m="13447" /><F36/><W73/><G24/><T108/><D108/><U79/><E79/><V109/><F32/><W91/><G53/><T33/><D33/><U6/><E6/><V35/><F35/><W15/><G77/><T114/><D114/><U12/><E63/><N who="2" m="24139" /><F109/><W106/><G73/><T29/><D122/><N who="3" m="46601" /><G5/><T120/><D120/><U37/><E37/><V90/><F76/><W66/><G66/><T88/><D78/><U99/><E119/><V124/><F102/><W8/><G8/><T69/><D69/><U68/><E68/><V64/><F64/><W96/><G106/><T46/><D100/><U17/><E4/><V84/><F7/><W40/><G40/><T128/><D128/><U52/><E118/><V75/><F75/><W56/><G56/><T45/><D41/><U27/><E27/><V30/><F30/><W28/><G28/><T80/><D29/><U95/><E99/><V57/><F47/><W70/><G70/><T71/><D71/><U65/><E65/><V51/><F84/><W9/><G9/><T111/><D111/><U34/><E34/><V39/><F39/><W104/><G104/><T72/><D54/><U49/><E62/><V81/><F55/><W26/><G26/><T59/><D59/><RYUUKYOKU ba="3,0" sc="250,10,295,10,205,-30,250,10" hai0="0,1,14,19,23,44,45,46,72,80,87,88,92" hai1="10,12,17,48,49,50,52,58,95,98" hai3="13,15,91,93,94,96,97,101,126,127" /><INIT seed="1,4,0,5,1,30" ten="260,305,175,260" oya="1" hai0="77,119,37,99,132,82,125,58,6,2,84,69,113" hai1="76,97,24,44,17,28,3,1,91,33,126,122,66" hai2="98,48,121,117,12,70,62,94,59,55,54,83,42" hai3="60,43,46,40,11,114,105,25,50,124,100,87,15"/><U130/><E122/><V110/><F121/><W10/><G124/><T67/><D113/><U47/><E76/><V104/><F117/><W32/><G114/><T85/><D119/><U63/><E126/><V0/><F104/><W111/><G111/><T78/><D125/><U52/><E130/><V102/><F0/><W8/><G40/><T123/><D69/><U75/><E75/><V53/><F110/><W21/><G87/><T79/><D37/><U88/><E17/><V18/><F70/><W39/><G60/><N who="0" m="38295" /><D2/><U112/><E112/><V72/><F72/><W135/><G135/><T120/><D120/><U41/><E44/><N who="2" m="25623" /><F83/><W7/><G39/><T134/><D123/><U26/><E26/><V128/><F128/><W56/><G56/><T14/><D99/><U36/><E52/><N who="2" m="34151" /><F18/><W129/><G129/><T68/><D68/><U4/><E4/><V49/><F12/><W131/><G32/><T65/><D65/><U16/><E16/><V96/><F96/><W61/><G131/><T127/><D82/><U27/><E27/><V90/><F102/><W106/><G100/><T51/><D51/><AGARI ba="4,0" hai="49,51,53,54,55,90,94,98" m="34151,25623" machi="51" ten="30,2000,0" yaku="8,1,54,1" doraHai="30" who="2" fromWho="0" sc="260,-32,305,0,175,32,260,0" /><INIT seed="2,0,0,2,0,31" ten="228,305,207,260" oya="2" hai0="84,88,30,61,93,96,7,4,23,106,16,2,103" hai1="50,81,38,9,121,26,66,99,113,83,37,124,49" hai2="70,54,104,112,55,82,5,74,44,45,115,65,128" hai3="10,43,42,59,72,105,131,109,89,33,63,21,85"/><V132/><F104/><W130/><G72/><T17/><D2/><U39/><E113/><N who="2" m="43595" /><F74/><W80/><G105/><T40/><D40/><U125/><E121/><V87/><F87/><W25/><G10/><T22/><D30/><U20/><E99/><V122/><F82/><N who="1" m="31241" /><E9/><V100/><F100/><W62/><G109/><T134/><D61/><U78/><E66/><V48/><F122/><W53/><G63/><T101/><D134/><U0/><E0/><V127/><F5/><W67/><G33/><T58/><D58/><U29/><E78/><V27/><F27/><W123/><G123/><T3/><D3/><U75/><E75/><V34/><F34/><W14/><G14/><N who="0" m="9495" /><D106/><U73/><E73/><V60/><F132/><W64/><G67/><T98/><D98/><U15/><E15/><V28/><F28/><W71/><G64/><T35/><D35/><U77/><E77/><V97/><F97/><W36/><G71/><T68/><D68/><U41/><E41/><N who="2" m="24591" /><F128/><N who="3" m="49195" /><G36/><T116/><D116/><U19/><E29/><AGARI ba="0,0" hai="21,25,29,42,43,53,59,62,80,85,89" m="49195" machi="29" ten="30,1000,0" yaku="19,1" doraHai="31" who="3" fromWho="1" sc="228,0,305,-10,207,0,260,10" /><INIT seed="3,0,0,4,2,107" ten="228,295,207,270" oya="3" hai0="14,53,100,86,11,56,102,71,90,113,25,34,92" hai1="69,9,106,84,115,124,1,57,22,81,128,62,93" hai2="73,132,52,35,68,10,31,95,27,135,99,87,46" hai3="59,127,108,41,65,98,19,13,42,131,133,18,44"/><W114/><G114/><T29/><D71/><U0/><E106/><V123/><F68/><W88/><G127/><T30/><D30/><U126/><E69/><V38/><F123/><W37/><G131/><T47/><D113/><U6/><E115/><V58/><F87/><W117/><G117/><T8/><D47/><U94/><E0/><V2/><F2/><W64/><G133/><N who="2" m="51273" /><F10/><W16/><G108/><T70/><D70/><U79/><E22/><V134/><N who="2" m="51281" /><V89/><DORA hai="66" /><F46/><W40/><G37/><T91/><D91/><U116/><E128/><V3/><F3/><W4/><G59/><T21/><D34/><U76/><E76/><V26/><F26/><W74/><G44/><T28/><D28/><U17/><E17/><V120/><F38/><W5/><G74/><T54/><D8/><U45/><E45/><V103/><F120/><W55/><G55/><T111/><D54/><N who="1" m="34103" /><E116/><V12/><F12/><W85/><G98/><T49/><REACH who="0" step="1"/><D111/><REACH who="0" ten="218,295,207,270" step="2"/><U125/><AGARI ba="0,1" hai="1,6,9,79,81,84,93,94,124,125,126" m="34103" machi="125" ten="30,1100,0" yaku="18,1" doraHai="107,66" who="1" fromWho="1" sc="218,-3,295,21,207,-3,270,-5" owari="215,-18.5,316,41.6,204,-29.6,265,6.5" /></mjloggm>