<mjloggm ver="2.3"><GO type="225" lobby="0"/><UN n0="%73%6C%69%63%6B%33%31%39" n1="%E3%83%A9%E3%82%B9%E3%82%AB%E3%83%AB%35" n2="%E3%81%A1%E3%82%85%E3%81%86%E3%81%A9%E3%81%8F%E8%B1%A1%E3%81%95%E3%82%93" n3="%E3%81%9F%E3%81%8B%E3%81%AE%E3%81%99%E3%81%91" dan="17,16,17,17" rate="2178.35,2093.57,2206.22,2167.24" sx="M,M,M,M"/><TAIKYOKU oya="0"/><INIT seed="0,0,0,4,2,134" ten="250,250,250,250" oya="0" hai0="76,39,94,26,80,74,135,119,84,67,4,19,29" hai1="88,61,6,133,23,71,112,16,12,37,123,35,87" hai2="62,21,79,130,38,54,44,122,132,115,125,99,78" hai3="3,75,92,42,68,89,85,55,114,81,41,0,8"/><T113/><D113/><U121/><E133/><V2/><F2/><W1/><G68/><T107/><D119/><U70/><E37/><V32/><F32/><W126/><G126/><T127/><D135/><U100/><E112/><V105/><F21/><W64/><G64/><T63/><D39/><U18/><E35/><V49/><F38/><W82/><G114/><T45/><D107/><U48/><E6/><V56/><F132/><W124/><G124/><T20/><D127/><U103/><E48/><V43/><F125/><W72/><G8/><T97/><D45/><U25/><E123/><V9/><F115/><W109/><G109/><T57/><D19/><U50/><E121/><V14/><F130/><W59/><G72/><T47/><D47/><U91/><E50/><V83/><F122/><W73/><G75/><T116/><D116/><U27/><E61/><V51/><F62/><W120/><G120/><T5/><REACH who="0" step="1"/><D74/><REACH who="0" ten="240,250,250,250" step="2"/><U96/><E18/><N who="2" m="8527" /><F105/><W118/><G118/><T95/><D95/><U34/><E16/><V98/><F83/><N who="3" m="31755" /><G73/><T101/><AGARI ba="0,1" hai="4,5,20,26,29,57,63,67,76,80,84,94,97,101" machi="101" ten="20,18000,2" yaku="1,1,0,1,7,1,25,2,8,1,53,0" doraHai="134" doraHaiUra="36" who="0" fromWho="0" sc="240,190,250,-60,250,-60,250,-60" /><INIT seed="0,1,0,1,1,72" ten="430,190,190,190" oya="0" hai0="20,119,25,14,102,48,118,88,8,4,1,53,6" hai1="115,100,47,65,10,23,45,104,94,114,61,92,57" hai2="101,107,43,125,35,124,33,76,132,19,55,113,42" hai3="108,52,0,30,120,85,135,97,63,131,86,62,13"/><T31/><D102/><U78/><E104/><V59/><F113/><N who="1" m="43017" /><E10/><V7/><F132/><W106/><G0/><T64/><D64/><U17/><E78/><V128/><F128/><W40/><G108/><T49/><D49/><U24/><E100/><V12/><F7/><W116/><G116/><T67/><D67/><U39/><E39/><V66/><F66/><W82/><G131/><T16/><D88/><U32/><E32/><N who="2" m="12363" /><F101/><W129/><G129/><T80/><D80/><U11/><E11/><N who="2" m="6559" /><F76/><W103/><G135/><T18/><D18/><U36/><E36/><V79/><F79/><W112/><G112/><T44/><REACH who="0" step="1"/><D4/><REACH who="0" ten="420,190,190,190" step="2"/><U109/><E65/><V75/><F107/><W21/><G106/><T70/><D70/><U84/><E17/><V41/><F75/><W126/><G103/><T121/><D121/><U98/><E61/><V15/><F43/><W34/><G40/><T46/><D46/><U77/><E47/><V105/><F105/><W38/><G120/><T54/><D54/><U28/><E45/><V3/><F42/><W58/><G62/><T22/><AGARI ba="1,1" hai="1,6,8,14,16,20,22,25,31,44,48,53,118,119" machi="22" ten="20,7800,0" yaku="1,1,0,1,7,1,54,1,53,0" doraHai="72" doraHaiUra="60" who="0" fromWho="0" sc="420,91,190,-27,190,-27,190,-27" /><INIT seed="0,2,0,5,5,130" ten="511,163,163,163" oya="0" hai0="93,129,125,1,68,5,107,124,92,23,82,13,61" hai1="55,69,44,9,60,47,119,42,37,96,100,52,45" hai2="131,114,115,18,110,53,39,7,83,78,3,16,75" hai3="50,123,51,105,89,97,72,6,81,87,40,11,36"/><T88/><D107/><U26/><E119/><V127/><F131/><W29/><G123/><T15/><D129/><U56/><E9/><N who="2" m="2303" /><F53/><W43/><G29/><T66/><D1/><U46/><E26/><V128/><F128/><W67/><G67/><T35/><D35/><U117/><E117/><V111/><F39/><W4/><G72/><T70/><D70/><U132/><E132/><V116/><F127/><N who="0" m="48714" /><D5/><U109/><E109/><N who="2" m="41483" /><F116/><W94/><G105/><T113/><D113/><AGARI ba="2,0" hai="16,18,75,78,83,113,114,115" m="41483,2303" machi="113" ten="30,2000,0" yaku="14,1,54,1" doraHai="130" who="2" fromWho="0" sc="511,-26,163,0,163,26,163,0" /><INIT seed="1,0,0,1,2,21" ten="485,163,189,163" oya="1" hai0="115,41,85,11,66,13,74,78,128,67,65,111,88" hai1="89,118,133,94,43,48,51,112,28,16,47,52,8" hai2="114,124,95,9,5,90,20,46,14,132,92,57,40" hai3="119,49,61,0,77,102,39,123,122,71,53,135,38"/><U23/><E118/><V84/><F132/><W10/><G0/><T1/><D1/><U35/><E133/><V54/><F124/><W130/><G10/><T32/><D32/><U73/><E73/><V134/><F134/><W34/><G34/><T98/><D115/><U62/><E112/><V113/><F20/><W109/><G102/><T80/><D111/><U70/><E8/><V117/><F117/><W64/><G77/><T104/><D128/><U42/><E28/><V101/><F101/><W93/><G93/><T105/><D41/><U3/><E3/><V24/><F95/><W36/><G135/><T45/><D45/><U108/><E108/><V59/><F24/><W29/><G29/><T18/><REACH who="0" step="1"/><D98/><REACH who="0" ten="475,163,189,163" step="2"/><U6/><E35/><V2/><F2/><W60/><G109/><T44/><D44/><U107/><E43/><V58/><REACH who="2" step="1"/><F54/><REACH who="2" ten="475,163,179,163" step="2"/><W27/><G119/><T99/><D99/><U83/><E52/><V131/><F131/><W19/><G130/><T17/><D17/><U68/><E16/><V91/><F91/><W30/><G53/><T121/><D121/><U110/><E110/><V82/><F82/><AGARI ba="0,2" hai="11,13,18,65,66,67,74,78,80,82,85,88,104,105" machi="82" ten="40,2600,0" yaku="1,1,54,1,53,0" doraHai="21" doraHaiUra="22" who="0" fromWho="2" sc="475,46,163,0,179,-26,163,0" /><INIT seed="2,0,0,3,0,49" ten="521,163,153,163" oya="2" hai0="39,9,36,37,42,95,34,26,8,32,48,111,89" hai1="5,118,94,107,79,90,64,129,128,71,130,6,62" hai2="91,101,31,121,18,69,112,70,100,29,22,97,65" hai3="92,54,59,131,57,68,99,122,47,84,110,11,53"/><V67/><F112/><W15/><G68/><T33/><D111/><U81/><E107/><V82/><F121/><W44/><G122/><T76/><D76/><U106/><E106/><V109/><F109/><W0/><G0/><T105/><D105/><U30/><E30/><N who="2" m="11275" /><F69/><W7/><G84/><T12/><D26/><U13/><E118/><V83/><F70/><W127/><G127/><T78/><D78/><U61/><E61/><V25/><F97/><W116/><G131/><T14/><D48/><U75/><E13/><V43/><F43/><W27/><G27/><T10/><REACH who="0" step="1"/><D42/><REACH who="0" ten="511,163,153,163" step="2"/><U125/><E125/><V45/><F45/><N who="3" m="17483" /><G110/><T16/><D16/><U3/><E79/><V85/><F82/><W2/><G116/><T50/><D50/><U133/><E81/><V93/><F83/><W35/><G35/><T58/><D58/><N who="3" m="22025" /><G2/><T86/><AGARI ba="0,1" hai="8,9,10,12,14,32,33,34,36,37,39,86,89,95" machi="86" ten="50,8000,1" yaku="1,1,0,1,29,2,53,0" doraHai="49" doraHaiUra="51" who="0" fromWho="0" sc="511,90,163,-20,153,-40,163,-20" /><INIT seed="3,0,0,2,3,124" ten="601,143,113,143" oya="3" hai0="55,96,36,92,25,34,115,18,44,113,22,33,30" hai1="59,87,91,54,1,48,12,125,9,63,106,103,52" hai2="7,123,41,76,86,17,83,42,98,47,105,110,27" hai3="29,126,134,0,2,19,135,58,99,120,37,23,70"/><W101/><G70/><T81/><D81/><U61/><E1/><V133/><F110/><W73/><G73/><T119/><D119/><U93/><E125/><V49/><F133/><N who="3" m="50699" /><G37/><T69/><D69/><U111/><E111/><V131/><F123/><W108/><G29/><T67/><D67/><U109/><E109/><V26/><F7/><W20/><G120/><T11/><D11/><U85/><E106/><V46/><F17/><W79/><G79/><T32/><D30/><U5/><E103/><V84/><F84/><N who="1" m="32329" /><E54/><V65/><F65/><W102/><G101/><T57/><D44/><U6/><E6/><V75/><F131/><W39/><G39/><T4/><D4/><U104/><E104/><V128/><F128/><W77/><G77/><T71/><D71/><U94/><E94/><V62/><F62/><W10/><G126/><T35/><D36/><U15/><E12/><V24/><F75/><W60/><G10/><T40/><D33/><U56/><E56/><V89/><F105/><N who="3" m="63711" /><G23/><T50/><REACH who="0" step="1"/><D40/><REACH who="0" ten="591,143,113,143" step="2"/><U38/><E38/><V51/><F98/><AGARI ba="0,1" hai="5,9,15,48,52,59,61,63,91,93,98" m="32329" machi="98" ten="30,2000,0" yaku="8,1,54,1" doraHai="124" who="1" fromWho="2" sc="591,0,143,30,113,-20,143,0" owari="591,69.1,173,-2.7,93,-40.7,143,-25.7" /></mjloggm>