<mjloggm ver="2.3"><GO type="225" lobby="0"/><UN n0="%E8%A8%88%E7%AE%97%E6%A9%9F%E8%87%AA%E7%84%B6" n1="%E3%81%B2%E3%81%AA%E3%81%AE%E3%82%8A%E3%81%8F" n2="%E6%80%AA%E3%81%97%E3%81%99%E3%81%8E%E3%82%8B%E3%83%81%E3%83%BC" n3="%E3%83%AD%E3%83%83%E3%83%86%E9%9B%80%E7%90%83" dan="17,17,17,17" rate="2225.59,2195.58,2143.84,2273.77" sx="M,M,M,M"/><TAIKYOKU oya="0"/><INIT seed="0,0,0,3,2,6" ten="250,250,250,250" oya="0" hai0="30,92,130,21,116,107,126,104,7,38,41,81,66" hai1="11,117,62,19,114,118,55,61,89,18,53,93,57" hai2="50,31,73,96,127,4,108,88,65,68,15,58,94" hai3="59,91,79,112,82,115,1,67,14,42,131,74,70"/><T69/><D116/><U39/><E39/><V78/><F108/><W2/><G59/><T134/><D130/><U33/><E33/><V47/><F127/><W64/><G131/><T29/><D126/><U10/><E114/><V111/><F111/><W103/><G91/><T46/><D134/><U32/><E32/><V87/><F73/><W75/><G14/><T121/><D121/><U110/><E110/><V129/><F129/><W48/><G48/><T25/><D29/><U124/><E124/><V123/><F68/><W97/><G42/><T119/><D119/><U5/><E118/><V63/><F31/><W51/><G51/><T99/><D81/><U105/><E105/><V56/><F56/><W77/><G97/><T13/><D66/><N who="1" m="39215" /><E5/><V122/><F78/><W35/><G35/><T72/><D72/><U24/><E62/><V90/><F15/><W85/><G70/><T22/><D69/><U8/><E117/><V101/><F4/><W43/><G75/><T128/><D128/><U23/><E19/><V135/><F135/><W86/><G74/><T37/><D37/><U95/><E95/><V20/><F20/><W84/><G1/><T26/><D7/><U113/><E113/><V98/><F98/><AGARI ba="0,0" hai="8,10,11,18,23,24,53,55,89,93,98" m="39215" machi="98" ten="30,7700,0" yaku="8,1,52,3" doraHai="6" who="1" fromWho="2" sc="250,0,250,77,250,-77,250,0" /><INIT seed="1,0,0,0,5,71" ten="250,327,173,250" oya="1" hai0="113,8,59,129,9,23,101,54,80,114,1,90,18" hai1="5,31,128,29,61,49,117,87,10,98,7,37,89" hai2="109,51,34,75,45,53,58,99,104,62,73,121,131" hai3="38,69,16,91,43,78,48,125,88,28,64,47,12"/><U32/><E117/><V134/><F121/><W35/><G125/><T11/><D1/><U122/><E122/><V106/><F34/><W132/><G132/><T74/><D129/><U20/><E32/><V81/><F134/><W124/><G124/><T126/><D101/><U50/><E37/><V68/><F131/><W52/><G78/><T120/><D126/><U46/><E61/><V82/><F68/><W110/><G110/><T118/><D118/><U57/><E98/><V6/><F109/><W94/><G28/><T130/><D130/><U17/><E57/><V30/><F30/><N who="1" m="11273" /><E10/><V72/><F6/><W97/><G35/><T85/><D74/><U27/><E50/><V133/><F133/><W26/><G26/><T44/><D120/><U135/><E135/><V56/><F56/><N who="3" m="32775" /><G94/><T108/><D108/><U100/><E100/><V83/><REACH who="2" step="1"/><F99/><REACH who="2" ten="250,327,163,250" step="2"/><W41/><G97/><T25/><REACH who="0" step="1"/><D44/><REACH who="0" ten="240,327,163,250" step="2"/><U21/><E128/><V103/><F103/><W55/><G47/><T13/><D13/><U19/><E46/><V3/><F3/><W65/><G12/><T77/><D77/><U116/><E116/><V93/><F93/><W4/><G91/><T15/><D15/><U84/><E89/><V102/><F102/><W39/><G88/><T96/><D96/><U79/><E79/><V119/><F119/><W127/><G127/><T36/><D36/><U22/><E7/><V40/><AGARI ba="0,2" hai="40,45,51,53,58,62,72,73,75,81,82,83,104,106" machi="40" ten="40,2700,0" yaku="1,1,0,1,53,0" doraHai="71" doraHaiUra="60" who="2" fromWho="2" sc="240,-7,327,-13,163,47,250,-7" /><INIT seed="2,0,0,1,5,62" ten="233,314,210,243" oya="2" hai0="107,85,26,9,77,34,89,10,42,98,75,135,128" hai1="43,54,14,30,28,91,117,88,36,104,103,132,102" hai2="119,23,125,41,121,111,69,29,3,32,56,18,67" hai3="84,47,22,83,15,55,105,53,122,95,61,109,127"/><V25/><F119/><W20/><G105/><T92/><D42/><U110/><E54/><V87/><F121/><W0/><G0/><T97/><D128/><U1/><E14/><V6/><F125/><W66/><G109/><T118/><D135/><U19/><E19/><V12/><F111/><W131/><G131/><T93/><D118/><U33/><E43/><V80/><F41/><W76/><G122/><T11/><D107/><U59/><E59/><V90/><F56/><N who="3" m="37159" /><G127/><T21/><D34/><U5/><E33/><V57/><F57/><W38/><G38/><T37/><D37/><U2/><E36/><V64/><REACH who="2" step="1"/><F69/><REACH who="2" ten="233,314,200,243" step="2"/><W126/><G126/><T48/><D48/><U40/><E40/><V51/><F51/><W4/><G47/><T133/><D133/><U120/><E132/><V123/><F123/><W65/><G65/><T72/><D77/><U114/><E110/><V130/><F130/><W27/><G55/><T115/><D115/><U52/><E114/><V74/><F74/><W24/><G53/><T49/><D49/><U86/><E52/><V31/><F31/><W73/><G73/><T46/><D46/><U113/><E113/><V134/><F134/><W129/><G129/><T35/><D35/><U68/><E30/><V124/><F124/><W96/><G76/><T94/><D72/><U71/><E28/><V100/><F100/><W60/><G60/><T101/><D75/><U44/><E120/><V16/><F16/><W45/><G45/><T39/><D39/><U63/><E44/><V79/><F79/><W106/><G4/><T50/><D50/><RYUUKYOKU ba="0,1" sc="233,-10,314,-10,200,30,243,-10" hai2="3,6,12,18,23,25,29,32,64,67,80,87,90" /><INIT seed="2,1,1,2,5,3" ten="223,304,230,233" oya="2" hai0="44,134,82,127,14,2,118,117,135,36,26,6,66" hai1="95,53,87,84,12,15,93,133,4,101,100,102,110" hai2="122,67,27,112,30,71,34,29,83,74,5,70,49" hai3="9,130,24,52,64,114,75,90,46,104,20,103,28"/><V23/><F112/><W11/><G75/><T126/><D2/><U63/><E110/><V85/><F122/><W128/><G114/><T51/><D36/><U54/><E133/><N who="0" m="50697" /><D66/><U31/><E31/><V21/><F74/><W57/><G64/><T78/><D26/><U25/><E25/><V38/><F38/><W129/><G46/><T35/><D35/><U56/><E54/><V113/><F113/><W94/><G104/><T68/><D68/><U81/><E84/><V61/><F70/><W76/><G103/><T62/><D62/><U98/><E98/><V132/><F132/><W41/><G41/><N who="0" m="24975" /><D14/><N who="1" m="5163" /><E4/><V22/><F5/><W73/><G76/><AGARI ba="1,1" hai="53,56,63,76,81,87,93,95,100,101,102" m="5163" machi="76" ten="30,1000,0" yaku="8,1" doraHai="3" who="1" fromWho="3" sc="223,0,304,23,230,0,233,-13" /><INIT seed="3,0,0,4,0,125" ten="223,327,230,220" oya="3" hai0="99,61,46,32,55,42,120,96,58,85,52,49,111" hai1="53,97,82,35,75,43,90,68,115,117,109,39,102" hai2="28,105,71,20,95,62,64,26,50,76,86,0,25" hai3="87,18,31,15,133,3,124,10,59,127,29,40,73"/><W57/><G73/><T128/><D120/><U34/><E68/><V8/><F105/><W134/><G40/><T24/><D111/><U108/><E53/><V103/><F50/><W80/><G59/><T94/><D128/><U89/><E115/><V121/><F121/><W23/><G57/><N who="0" m="34983" /><D32/><U72/><E43/><V91/><F76/><W74/><G74/><T92/><D24/><U13/><E82/><V98/><F25/><N who="3" m="16575" /><G31/><T114/><D114/><U41/><E41/><V21/><F21/><W56/><G56/><T6/><D6/><U66/><E66/><V88/><REACH who="2" step="1"/><F86/><REACH who="2" ten="223,327,220,220" step="2"/><W83/><G3/><T48/><D85/><U27/><E108/><V4/><AGARI ba="0,1" hai="0,4,8,20,26,28,62,64,71,88,91,95,98,103" machi="4" ten="30,7900,0" yaku="1,1,2,1,0,1,54,1,53,0" doraHai="125" doraHaiUra="119" who="2" fromWho="2" sc="223,-20,327,-20,220,89,220,-39" owari="203,-19.7,307,10.7,309,40.9,181,-31.9" /></mjloggm>