<mjloggm ver="2.3"><GO type="225" lobby="0"/><UN n0="%E8%90%BD%E6%97%A5" n1="%E3%81%B5%E3%81%98%E3%81%8B%E3%81%A4" n2="%E3%81%A9%E3%82%8F%E3%82%93%E3%81%94" n3="%E3%81%BF%E3%81%BF%E3%81%9A" dan="16,16,16,16" rate="2141.21,2206.93,2076.25,2148.54" sx="F,M,M,M"/><TAIKYOKU oya="0"/><INIT seed="0,0,0,1,0,0" ten="250,250,250,250" oya="0" hai0="39,101,21,97,57,76,6,99,24,60,13,46,5" hai1="89,23,71,75,127,15,63,1,16,11,14,32,85" hai2="47,110,112,44,56,69,103,27,113,31,116,68,54" hai3="73,106,130,52,33,83,45,48,38,93,134,30,125"/><T91/><D76/><U53/><E75/><V105/><F103/><W2/><G106/><T87/><D13/><U124/><E32/><V7/><F105/><W100/><G125/><N who="1" m="48202" /><E1/><V65/><F27/><W35/><G130/><T120/><D120/><U96/><E96/><N who="0" m="36937" /><D46/><U41/><E41/><V4/><F31/><W114/><G93/><N who="0" m="54527" /><D39/><U77/><E77/><V135/><F116/><W126/><G100/><T43/><D43/><U28/><E71/><V26/><F69/><W51/><G2/><T42/><D42/><U70/><E70/><V102/><F68/><W80/><G38/><T36/><D36/><U108/><E108/><V104/><F110/><W84/><G73/><T8/><D8/><U19/><E28/><V86/><F113/><W81/><G30/><N who="0" m="17679" /><D101/><U98/><E98/><V40/><F102/><W17/><G114/><T129/><D129/><U10/><E10/><V128/><F112/><W119/><G126/><T123/><D123/><U12/><E12/><V115/><F128/><W49/><G35/><T121/><D121/><U29/><E29/><V58/><F115/><W117/><G33/><T107/><D107/><U64/><E64/><AGARI ba="0,0" hai="5,6,57,60,64" m="17679,54527,36937" machi="64" ten="30,5800,0" yaku="8,1,52,2" doraHai="0" who="0" fromWho="1" sc="250,58,250,-58,250,0,250,0" /><INIT seed="0,1,0,1,4,40" ten="308,192,250,250" oya="0" hai0="95,46,104,9,74,0,81,98,112,3,69,135,17" hai1="132,123,52,62,53,86,110,20,65,49,34,107,6" hai2="73,64,24,26,61,32,83,57,37,125,70,19,130" hai3="91,87,39,71,78,13,118,41,38,99,84,8,116"/><T50/><D112/><U72/><E123/><V119/><F130/><W82/><G71/><T59/><D69/><U5/><E72/><V22/><F125/><W126/><G99/><T128/><D104/><U111/><E107/><V7/><F119/><W89/><G126/><T94/><D128/><U54/><E34/><V56/><F7/><W124/><G78/><T47/><D135/><U33/><E132/><V102/><F102/><W88/><G124/><T77/><D95/><U58/><E33/><V100/><F100/><W68/><G68/><T101/><D59/><U55/><E20/><V133/><F133/><W43/><G89/><T27/><D47/><N who="1" m="27711" /><E86/><V36/><F36/><W30/><G30/><T4/><D3/><U79/><E79/><V92/><F37/><W60/><G60/><T127/><D127/><U67/><E5/><V75/><F73/><W23/><G23/><T51/><D17/><U25/><E25/><V35/><F19/><W48/><G13/><T97/><D27/><U12/><E12/><V45/><F22/><W121/><G121/><T108/><D108/><N who="1" m="41515" /><E6/><V44/><F75/><W63/><G8/><T85/><D98/><U129/><E129/><V76/><F35/><W122/><G122/><T10/><D10/><U96/><E96/><V29/><F26/><W15/><G15/><T1/><D1/><U109/><N who="1" m="41523" /><U31/><DORA hai="113" /><E31/><V2/><F2/><W80/><G63/><T16/><D16/><U131/><E131/><V120/><F120/><W114/><G114/><T42/><D85/><U105/><E105/><V11/><F24/><RYUUKYOKU ba="1,0" sc="308,10,192,10,250,-30,250,10" hai0="0,4,9,42,46,50,51,74,77,81,94,97,101" hai1="53,54,55,58,62,65,67" hai3="38,39,41,43,48,80,82,84,87,88,91,116,118" /><INIT seed="0,2,0,3,1,96" ten="318,202,220,260" oya="0" hai0="107,108,120,3,7,88,125,34,42,49,13,102,48" hai1="12,111,41,74,8,113,61,130,75,29,54,1,22" hai2="60,131,83,104,112,46,18,44,80,81,128,121,50" hai3="24,110,28,122,52,84,73,72,100,126,69,105,4"/><T118/><D118/><U123/><E123/><V97/><F112/><W133/><G122/><T90/><D120/><U135/><E113/><V11/><F121/><W87/><G110/><T63/><D34/><U91/><E111/><V89/><F60/><W37/><G37/><T57/><D108/><U0/><E135/><V106/><F11/><W51/><G4/><T98/><D3/><U82/><E41/><V103/><F18/><W132/><G69/><T127/><D7/><U78/><E130/><N who="2" m="49707" /><F89/><N who="0" m="34410" /><D13/><U31/><E91/><V71/><F71/><W79/><G126/><N who="0" m="48139" /><D42/><U39/><E0/><V64/><F64/><AGARI ba="2,0" hai="48,49,57,63,64,98,102,107" m="48139,34410" machi="64" ten="30,5800,0" yaku="18,1,52,1,54,1" doraHai="96" who="0" fromWho="2" sc="318,64,202,0,220,-64,260,0" /><INIT seed="0,3,0,0,1,63" ten="382,202,156,260" oya="0" hai0="113,4,112,48,22,12,79,30,36,73,97,116,10" hai1="96,84,120,64,105,128,87,20,131,0,135,46,93" hai2="25,107,100,23,102,83,26,55,92,45,69,53,111" hai3="18,65,44,98,57,75,8,80,129,89,101,52,114"/><T127/><D36/><U71/><E0/><V103/><F111/><W49/><G114/><T21/><D116/><U5/><E105/><V33/><F107/><W88/><G129/><N who="1" m="49738" /><E5/><V109/><F109/><W13/><G75/><T29/><D97/><U35/><E120/><V17/><F69/><W106/><REACH who="3" step="1"/><G80/><REACH who="3" ten="382,202,156,250" step="2"/><T40/><D73/><U86/><E135/><V60/><F83/><W54/><G54/><T110/><D112/><U50/><E35/><V82/><F82/><W74/><G74/><T7/><D113/><U115/><E115/><V134/><F134/><W41/><G41/><T32/><D40/><N who="1" m="24903" /><E20/><V118/><F118/><W67/><G67/><T39/><D110/><U56/><E64/><V6/><F33/><W59/><G59/><T38/><D32/><U47/><E56/><V51/><F55/><W77/><G77/><T94/><D79/><U16/><E47/><V124/><F53/><W31/><G31/><T76/><D76/><U3/><E71/><V66/><F45/><W2/><G2/><T117/><D22/><U1/><E16/><V9/><F23/><W121/><G121/><T27/><D21/><U62/><E62/><AGARI ba="3,1" hai="8,13,18,44,49,52,57,62,65,88,89,98,101,106" machi="62" ten="40,8000,1" yaku="1,1,52,1,54,2,53,0" doraHai="63" doraHaiUra="24" who="3" fromWho="1" sc="382,0,202,-89,156,0,250,99" /><INIT seed="1,0,0,0,3,106" ten="382,113,156,349" oya="1" hai0="52,87,20,45,18,110,19,98,62,40,1,113,85" hai1="118,63,37,101,104,102,93,48,91,66,0,49,34" hai2="41,89,75,114,35,116,97,55,36,38,92,2,61" hai3="53,109,42,119,21,107,76,77,67,122,15,4,86"/><U96/><E118/><V9/><F116/><W6/><G119/><T29/><D113/><U7/><E37/><V22/><F35/><W111/><G107/><T10/><D110/><N who="3" m="41993" /><G122/><T54/><D98/><U33/><E101/><V81/><F114/><W126/><G42/><T24/><D1/><U112/><E112/><V27/><F41/><W74/><G126/><T99/><D99/><U82/><E82/><V80/><F2/><W68/><G53/><N who="0" m="20587" /><D62/><U43/><E43/><V124/><F9/><W46/><G86/><N who="0" m="32779" /><D10/><U79/><E79/><V3/><F3/><W8/><G46/><T26/><D24/><U135/><E135/><V71/><F124/><W72/><G21/><T95/><D95/><U60/><E0/><V100/><F80/><W134/><G134/><T5/><D5/><U32/><E7/><V65/><F55/><W132/><G4/><T123/><D123/><U17/><E17/><V64/><F64/><W12/><G15/><T121/><D121/><U58/><REACH who="1" step="1"/><E60/><REACH who="1" ten="382,103,156,349" step="2"/><V14/><F100/><W13/><G132/><T25/><D25/><U69/><E69/><V94/><F27/><W23/><G77/><T130/><D130/><U78/><E78/><N who="2" m="44255" /><F94/><W117/><G76/><T59/><D18/><U120/><E120/><V31/><F38/><W51/><G117/><T47/><D40/><U129/><E129/><V133/><F36/><W108/><G108/><T88/><D19/><U128/><E128/><V28/><F133/><W125/><G125/><T50/><D88/><U90/><E90/><V70/><F70/><W84/><G68/><T83/><D83/><RYUUKYOKU ba="0,1" sc="382,10,103,10,156,10,349,-30" hai0="20,26,29,45,47,50,59" hai1="32,33,34,48,49,58,63,66,91,93,96,102,104" hai2="14,22,28,31,61,65,71,89,92,97" /><INIT seed="1,1,1,1,3,118" ten="392,113,166,319" oya="1" hai0="57,28,101,8,81,31,39,109,86,24,5,108,111" hai1="17,116,66,119,90,85,46,127,125,65,15,123,76" hai2="64,73,106,51,100,7,25,56,62,16,122,79,63" hai3="113,45,105,43,107,114,102,42,37,40,61,72,129"/><U55/><E76/><V98/><F122/><W11/><G72/><T19/><D39/><U50/><E123/><V58/><F7/><W4/><G129/><T82/><D101/><U68/><E119/><V49/><F73/><W89/><G89/><N who="0" m="51407" /><D82/><N who="1" m="49463" /><E116/><V34/><F79/><W112/><G61/><T53/><D19/><U77/><E77/><V69/><F69/><W0/><G102/><T14/><D24/><U103/><E103/><V78/><F78/><W2/><G42/><T120/><D120/><U134/><E134/><V41/><F41/><W54/><G54/><T91/><D91/><U80/><E80/><V130/><F130/><W60/><G43/><T135/><D135/><U104/><E104/><V23/><REACH who="2" step="1"/><F34/><REACH who="2" ten="392,113,156,319" step="2"/><W110/><G0/><T97/><D111/><U131/><E131/><V99/><F99/><W52/><G110/><N who="0" m="42603" /><D97/><U20/><E68/><V18/><F18/><W6/><G6/><T9/><D9/><U38/><E38/><V88/><F88/><W93/><G93/><T96/><D96/><U128/><E128/><V124/><F124/><AGARI ba="1,2" hai="15,17,20,46,50,55,65,66,124,125,127" m="49463" machi="124" ten="30,1500,0" yaku="18,1" doraHai="118" who="1" fromWho="2" sc="392,0,113,38,156,-18,319,0" /><INIT seed="1,2,0,4,4,128" ten="392,151,138,319" oya="1" hai0="97,102,37,53,112,88,92,58,115,132,5,99,70" hai1="7,35,87,79,31,111,17,122,57,94,73,24,44" hai2="72,48,113,42,55,47,105,38,56,1,50,101,60" hai3="67,110,32,63,117,125,66,85,26,64,2,106,27"/><U30/><E122/><V100/><F72/><W90/><G106/><T119/><D119/><U130/><E130/><V8/><F113/><W98/><G2/><T133/><D70/><U109/><E7/><V116/><F116/><W28/><G117/><T6/><D37/><U131/><E131/><V14/><F1/><W43/><G110/><N who="1" m="41994" /><E44/><V134/><F134/><N who="0" m="51818" /><D112/><U75/><E31/><V18/><F105/><W93/><G27/><T104/><D115/><U33/><E17/><V29/><F29/><W54/><G125/><T107/><D107/><U126/><E126/><V129/><F129/><W69/><G43/><T0/><D0/><U61/><E35/><V86/><F86/><W13/><G13/><T25/><D25/><U120/><E120/><V45/><REACH who="2" step="1"/><F38/><REACH who="2" ten="392,151,128,319" step="2"/><W19/><G85/><T59/><D59/><U62/><E57/><V23/><F23/><W16/><G69/><T20/><D20/><U96/><E73/><V41/><AGARI ba="2,1" hai="8,14,18,41,42,45,47,48,50,55,56,60,100,101" machi="41" ten="20,12000,2" yaku="1,1,0,1,7,1,9,1,8,1,53,1" doraHai="128" doraHaiUra="9" who="2" fromWho="2" sc="392,-32,151,-62,128,136,319,-32" /><INIT seed="2,0,0,0,1,20" ten="360,89,264,287" oya="2" hai0="87,40,110,57,95,41,63,16,103,133,100,8,79" hai1="72,112,25,54,102,35,47,43,14,74,0,105,61" hai2="109,55,123,30,4,23,132,92,85,129,2,42,114" hai3="128,52,106,44,68,58,69,126,93,64,125,108,127"/><V97/><F123/><W26/><G106/><T6/><D110/><U107/><E54/><V1/><F114/><W134/><G108/><T99/><D133/><U124/><E14/><V117/><F109/><W32/><G134/><T29/><D103/><U115/><E124/><V56/><F117/><W36/><G128/><T62/><D29/><U84/><E84/><V38/><F132/><W82/><G93/><T12/><D63/><U9/><E61/><V70/><F70/><W22/><G32/><T39/><D39/><U116/><E116/><V28/><F129/><W51/><G82/><N who="0" m="47583" /><D6/><U94/><E94/><V31/><F85/><W104/><G104/><T113/><D113/><U13/><E13/><V34/><F34/><W88/><G88/><T53/><AGARI ba="0,0" hai="8,12,16,40,41,53,57,62,95,99,100" m="47583" machi="53" ten="30,2000,0" yaku="8,1,54,1" doraHai="20" who="0" fromWho="0" sc="360,20,89,-5,264,-10,287,-5" /><INIT seed="3,0,0,4,0,77" ten="380,84,254,282" oya="3" hai0="124,67,130,98,54,4,6,32,135,21,60,38,101" hai1="86,43,81,33,134,114,12,18,44,129,52,92,57" hai2="103,61,76,88,91,5,117,99,65,128,87,51,116" hai3="89,23,112,7,36,113,120,41,45,46,93,71,126"/><W35/><G35/><T62/><D32/><U9/><E114/><V97/><F5/><W85/><G120/><T10/><D38/><U78/><E129/><V109/><F128/><W111/><G71/><T30/><D130/><U39/><E134/><V100/><F51/><W107/><G107/><T0/><D6/><U63/><E33/><V17/><F17/><W125/><G7/><T19/><D30/><U127/><E127/><N who="3" m="48650" /><G111/><T95/><D124/><U66/><E92/><N who="2" m="58471" /><F61/><W75/><G75/><T69/><D135/><U50/><E39/><V25/><F25/><W70/><G70/><T131/><D131/><U14/><E14/><V83/><F65/><W31/><G45/><T42/><D42/><U82/><E78/><V64/><F64/><W110/><G110/><T27/><D62/><U122/><E86/><V24/><F24/><AGARI ba="0,0" hai="23,24,31,36,41,46,85,89,93,112,113" m="48650" machi="24" ten="30,1500,0" yaku="18,1" doraHai="77" who="3" fromWho="2" sc="380,0,84,0,254,-15,282,15" /><INIT seed="3,1,0,2,4,23" ten="380,84,239,297" oya="3" hai0="46,97,112,36,91,4,96,19,80,65,117,99,71" hai1="3,90,55,87,37,47,64,44,49,77,100,122,9" hai2="118,25,56,5,62,126,68,54,109,38,102,98,130" hai3="48,93,20,113,103,8,50,61,16,88,59,131,30"/><W32/><G113/><T89/><D117/><U74/><E122/><V75/><F109/><W10/><G32/><T7/><D112/><U21/><E64/><V73/><F130/><W33/><G103/><T15/><D65/><U92/><E74/><V60/><F126/><W0/><G33/><T69/><D69/><U81/><E3/><V127/><F38/><W41/><G30/><T125/><D71/><U121/><E37/><V66/><F127/><W34/><G34/><T116/><D116/><U119/><E121/><V129/><F5/><N who="0" m="2122" /><D36/><U17/><E119/><V78/><F78/><W123/><G0/><T57/><D125/><U22/><E100/><V14/><F14/><N who="3" m="9239" /><G123/><T18/><D46/><U67/><E67/><V51/><F129/><W82/><G82/><T115/><D115/><U132/><E132/><V120/><F120/><W106/><G106/><T86/><D57/><U128/><E128/><V26/><F118/><W12/><G131/><T53/><D53/><U24/><E9/><N who="3" m="3690" /><G41/><T63/><D63/><U2/><E2/><V29/><F62/><W72/><G72/><T107/><D107/><U101/><E101/><V76/><F76/><W111/><G111/><T95/><D15/><U42/><E42/><V135/><F135/><W13/><G13/><T31/><D31/><U83/><E44/><V94/><REACH who="2" step="1"/><F25/><REACH who="2" ten="380,84,229,297" step="2"/><W28/><G12/><T114/><D114/><U52/><E77/><V79/><F79/><W108/><G108/><T58/><D91/><U43/><REACH who="1" step="1"/><E22/><AGARI ba="1,1" hai="22,26,29,51,54,56,60,66,68,73,75,94,98,102" machi="22" ten="30,3900,0" yaku="1,1,7,1,52,1,53,0" doraHai="23" doraHaiUra="134" who="2" fromWho="1" sc="380,0,84,-42,229,52,297,0" owari="380,48.0,42,-45.8,281,-11.9,297,9.7" /></mjloggm>