<mjloggm ver="2.3"><GO type="225" lobby="0"/><UN n0="%E5%B8%86%E7%AB%8B%E5%A4%8F%E8%A1%A3" n1="%E3%81%BE%E3%81%A8%E3%81%9F" n2="%E3%81%A1%E3%82%85%E3%81%86%E3%81%A9%E3%81%8F%E8%B1%A1%E3%81%95%E3%82%93" n3="%E3%81%99%E3%81%84%E3%81%BE%E3%81%9B%E3%83%BC%E3%82%93" dan="17,16,17,16" rate="2155.01,2160.41,2197.62,2169.66" sx="M,M,M,M"/><TAIKYOKU oya="0"/><INIT seed="0,0,0,2,1,121" ten="250,250,250,250" oya="0" hai0="26,73,81,28,58,53,124,31,133,7,56,72,17" hai1="35,23,15,125,38,71,102,82,126,21,119,32,39" hai2="43,89,99,100,16,127,95,108,78,25,117,22,14" hai3="107,30,90,96,135,134,24,101,49,122,63,67,1"/><T115/><D115/><U41/><E71/><V83/><F127/><N who="1" m="48649" /><E41/><V86/><F117/><W93/><G1/><T85/><D124/><U33/><E82/><V54/><F43/><W48/><G122/><T46/><D133/><N who="3" m="50697" /><G90/><T37/><D7/><U29/><E102/><V66/><F66/><W4/><G4/><T68/><D68/><U70/><E70/><V47/><F108/><W11/><G11/><T40/><D17/><N who="1" m="10431" /><E119/><V129/><F129/><W6/><G6/><T116/><D31/><U114/><E114/><V13/><F78/><W98/><G98/><T51/><D58/><U92/><E92/><V2/><F2/><W59/><G107/><T42/><D42/><U104/><E104/><V88/><F100/><W18/><G18/><T65/><D65/><U110/><E110/><V64/><F64/><W3/><G3/><T76/><REACH who="0" step="1"/><D116/><REACH who="0" ten="240,250,250,250" step="2"/><U55/><E55/><V97/><F54/><W69/><G69/><T91/><D91/><U111/><E111/><V12/><F47/><W80/><G30/><T57/><D57/><U0/><E0/><V60/><F60/><W106/><G59/><T103/><D103/><U19/><E29/><V87/><AGARI ba="0,1" hai="12,13,14,16,22,25,83,86,87,88,89,95,97,99" machi="87" ten="30,7900,0" yaku="0,1,8,1,54,2" doraHai="121" who="2" fromWho="2" sc="240,-39,250,-20,250,89,250,-20" /><INIT seed="1,0,0,0,2,130" ten="201,230,339,230" oya="1" hai0="128,131,122,102,10,73,32,43,4,105,46,111,20" hai1="113,58,39,100,8,88,97,60,134,121,72,11,50" hai2="107,65,13,109,38,115,110,98,40,104,87,34,56" hai3="9,94,86,37,77,76,57,3,28,0,33,123,1"/><U127/><E113/><V26/><F115/><W25/><G123/><T90/><D122/><U45/><E39/><V78/><F38/><W64/><G37/><N who="0" m="21871" /><D20/><U119/><E119/><V129/><F129/><N who="0" m="49738" /><D90/><U70/><E70/><V84/><F40/><W124/><G124/><T27/><D111/><U44/><E127/><V99/><F13/><W59/><G9/><T63/><D63/><U83/><E44/><V31/><F78/><W16/><G64/><T42/><D42/><U18/><E121/><V36/><F36/><W19/><G77/><T126/><D126/><U135/><E11/><V85/><F109/><W17/><REACH who="3" step="1"/><G94/><REACH who="3" ten="201,230,339,220" step="2"/><T103/><D105/><U112/><E8/><V66/><F110/><W61/><G61/><T106/><D106/><U89/><E112/><V47/><F107/><W71/><G71/><T52/><D73/><U23/><E72/><V29/><F104/><W53/><G53/><T51/><D10/><U2/><E2/><V15/><F66/><W21/><G21/><T49/><D4/><U117/><E117/><V22/><F22/><W91/><G91/><T74/><D74/><U54/><E89/><V55/><F65/><W108/><G108/><T30/><D51/><U80/><E88/><V92/><F92/><W93/><G93/><T12/><D12/><N who="1" m="9671" /><E83/><AGARI ba="0,1" hai="0,1,3,16,17,19,25,28,33,57,59,76,83,86" machi="83" ten="50,3200,0" yaku="1,1,54,1,53,0" doraHai="130" doraHaiUra="118" who="3" fromWho="1" sc="201,0,230,-32,339,0,220,42" /><INIT seed="2,0,0,1,5,129" ten="201,198,339,262" oya="2" hai0="44,94,71,25,43,123,109,29,61,16,51,12,92" hai1="20,18,77,130,96,30,11,76,39,32,13,79,132" hai2="63,98,117,116,27,124,37,15,1,128,47,104,114" hai3="112,4,62,46,0,134,40,90,34,35,74,50,126"/><V101/><F114/><W85/><G74/><T75/><D109/><U53/><E39/><V100/><F128/><W5/><G112/><T68/><D123/><U19/><E130/><V2/><F124/><W24/><G126/><T10/><D75/><U14/><E132/><V69/><F15/><W3/><G134/><T52/><D71/><U103/><E32/><V48/><F101/><W99/><G99/><T83/><D83/><U86/><E30/><V118/><F27/><W120/><G120/><T64/><D43/><U7/><E53/><V57/><F48/><W41/><G41/><T122/><REACH who="0" step="1"/><D122/><REACH who="0" ten="191,198,339,262" step="2"/><U97/><E103/><V55/><F69/><W26/><G40/><T89/><D89/><U45/><E45/><V58/><F117/><W22/><G90/><T36/><D36/><U65/><E65/><V93/><F37/><W33/><G46/><T70/><D70/><U28/><E28/><V110/><F47/><W102/><G102/><T54/><D54/><U131/><E131/><V121/><F110/><W91/><G91/><T8/><D8/><N who="1" m="4255" /><E86/><V21/><F121/><W106/><G85/><T125/><D125/><U108/><E108/><V60/><F116/><W6/><G0/><T59/><D59/><U87/><E87/><V115/><F118/><W81/><G3/><T88/><D88/><U17/><E11/><V119/><F119/><W66/><G66/><T95/><D95/><U73/><E73/><V127/><F127/><W82/><G82/><T107/><D107/><U67/><E67/><N who="2" m="39311" /><F104/><W133/><G106/><T9/><D9/><U72/><E72/><RYUUKYOKU ba="0,1" sc="191,15,198,15,339,-15,262,-15" hai0="10,12,16,25,29,44,51,52,61,64,68,92,94" hai1="14,17,18,19,20,76,77,79,96,97" /><INIT seed="3,1,1,0,5,13" ten="206,213,324,247" oya="3" hai0="100,58,123,112,83,10,121,0,87,65,12,52,127" hai1="49,18,23,124,28,68,91,19,82,57,103,6,74" hai2="14,96,95,32,110,33,55,101,60,98,56,116,38" hai3="89,102,107,50,126,48,11,99,2,117,78,132,9"/><W31/><G117/><T69/><D0/><U106/><E68/><V34/><F116/><W129/><G78/><N who="0" m="46583" /><D69/><U21/><E124/><V24/><F38/><W1/><G50/><N who="0" m="30999" /><D123/><U85/><E74/><V3/><F3/><W5/><G5/><N who="0" m="3151" /><D121/><U61/><E6/><V128/><F110/><W88/><G107/><T75/><D75/><U17/><E28/><V22/><F32/><W86/><G31/><T53/><D127/><U97/><REACH who="1" step="1"/><E49/><REACH who="1" ten="206,203,324,247" step="2"/><V79/><F33/><W41/><G48/><T76/><D112/><U120/><E120/><V62/><F34/><W35/><G35/><T130/><D130/><U37/><E37/><V46/><F128/><W44/><G129/><T47/><D76/><U8/><E8/><V119/><F79/><W40/><G11/><T43/><D100/><U80/><E80/><V4/><F101/><W54/><G102/><T115/><D115/><U118/><E118/><V93/><F119/><W113/><G113/><T134/><D134/><U135/><E135/><V29/><F29/><W66/><G132/><T105/><D105/><U26/><E26/><V45/><F24/><W15/><G126/><T27/><D27/><U16/><N who="1" m="4096" /><DORA hai="20" /><U72/><E72/><V92/><F4/><W108/><G1/><T131/><D131/><U122/><E122/><V84/><F14/><W64/><G15/><T39/><D53/><AGARI ba="1,2" hai="21,23,53,57,61,82,85,91,97,103,106" m="4096" machi="53" ten="50,12000,2" yaku="1,1,52,4,54,1,53,0" doraHai="13,20" doraHaiUra="104,71" who="1" fromWho="0" sc="206,-123,203,143,324,0,247,0" owari="83,-41.7,346,44.6,324,12.4,247,-15.3" /></mjloggm>