<mjloggm ver="2.3"><GO type="225" lobby="0"/><UN n0="%E4%B8%89%E5%86%A0%E7%8E%8B%E3%83%BB%E5%B1%B1%E7%94%B0%E5%93%B2%E4%BA%BA" n1="%4C%4F%4C%49%54%41" n2="%E5%B8%86%E7%AB%8B%E5%A4%8F%E8%A1%A3" n3="%E8%B5%A4%E6%AF%9B%E3%81%AE%E3%82%AD%E3%83%A7%E3%83%B3" dan="16,16,17,16" rate="2137.30,2140.43,2172.33,2126.58" sx="M,F,M,M"/><TAIKYOKU oya="0"/><INIT seed="0,0,0,4,1,12" ten="250,250,250,250" oya="0" hai0="17,122,123,8,60,22,25,113,107,124,78,68,7" hai1="73,71,117,59,16,76,43,64,45,26,66,24,9" hai2="120,94,74,5,21,65,28,104,125,96,69,58,70" hai3="133,121,14,108,33,92,79,126,82,83,39,77,88"/><T112/><D107/><U75/><E117/><V128/><F125/><W53/><G33/><T38/><D38/><U47/><E71/><V131/><F74/><W87/><G39/><T97/><D97/><U130/><E130/><N who="2" m="49707" /><F104/><W35/><G35/><T49/><D49/><U67/><E59/><V95/><F5/><W102/><G121/><N who="0" m="46091" /><D60/><U116/><E116/><V10/><F10/><W13/><G133/><T114/><D78/><N who="3" m="29705" /><G108/><T91/><D91/><U57/><E57/><V19/><F28/><W134/><G134/><T135/><D68/><N who="2" m="26218" /><F120/><W51/><G126/><T23/><D135/><U31/><E47/><V1/><F1/><W3/><G3/><N who="0" m="127" /><D124/><U98/><E98/><V32/><F32/><W18/><G13/><N who="0" m="9519" /><D113/><U4/><E76/><V2/><F96/><W89/><G102/><T103/><D103/><U46/><E73/><V6/><F58/><N who="3" m="33087" /><G89/><T127/><D127/><U80/><E75/><V63/><F63/><W119/><G119/><T44/><D44/><U72/><E72/><V34/><F65/><W101/><G101/><T109/><D109/><U110/><E110/><V29/><F95/><W115/><G115/><T27/><D27/><U93/><E93/><V85/><F94/><W36/><G36/><T129/><D129/><U61/><E61/><V81/><F85/><W118/><G118/><T42/><D42/><U111/><E111/><V105/><F105/><W132/><G132/><T40/><D40/><U0/><E43/><V15/><F81/><W84/><G84/><T54/><D54/><U86/><E66/><V52/><F52/><W90/><G90/><RYUUKYOKU ba="0,0" sc="250,15,250,-15,250,-15,250,15" hai0="23,25,112,114" hai3="14,18,82,83,87,88,92" /><INIT seed="0,1,0,5,3,23" ten="265,235,235,265" oya="0" hai0="11,24,56,53,65,67,58,111,121,83,80,117,3" hai1="61,134,120,101,93,74,59,127,34,2,50,18,91" hai2="15,110,94,108,10,25,49,32,17,9,0,119,114" hai3="33,46,68,45,133,105,55,86,92,115,84,75,14"/><T96/><D117/><U71/><E120/><V89/><F119/><W37/><G105/><T100/><D121/><U85/><E2/><V77/><F114/><W95/><G75/><T82/><D111/><N who="2" m="42538" /><F77/><W104/><G104/><T130/><D130/><U107/><E34/><V48/><F0/><W4/><G68/><T126/><D126/><U26/><E127/><V12/><F32/><W39/><G33/><T22/><D11/><U36/><E36/><V122/><F122/><W132/><G55/><T116/><D3/><U42/><E71/><V118/><F118/><W70/><G70/><T88/><D116/><U99/><E134/><V43/><F43/><W103/><G14/><T62/><D58/><U8/><E74/><V135/><F135/><W106/><G106/><T40/><D40/><U35/><E8/><V16/><F25/><W128/><G4/><T21/><D21/><N who="1" m="13623" /><E35/><V123/><F123/><W98/><G115/><T97/><D100/><U113/><E113/><V27/><F27/><W38/><G128/><T66/><REACH who="0" step="1"/><D88/><REACH who="0" ten="255,235,235,265" step="2"/><U124/><E124/><V52/><F52/><W60/><G132/><T6/><D6/><U131/><E131/><V76/><F76/><W28/><G133/><T41/><D41/><U112/><E112/><V30/><F30/><AGARI ba="1,1" hai="22,24,30,53,56,62,65,66,67,80,82,83,96,97" machi="30" ten="40,7700,0" yaku="1,1,8,1,52,1,53,0" doraHai="23" doraHaiUra="72" who="0" fromWho="2" sc="255,90,235,0,235,-80,265,0" /><INIT seed="0,2,0,2,1,122" ten="345,235,155,265" oya="0" hai0="51,95,56,123,86,110,28,68,21,70,65,102,131" hai1="129,89,88,37,59,6,62,14,80,107,13,94,92" hai2="24,79,93,72,73,91,32,127,84,81,121,29,34" hai3="60,35,41,120,11,7,97,98,39,133,66,64,15"/><T23/><D23/><U8/><E107/><V27/><F127/><W46/><G35/><T33/><D33/><U85/><E37/><V116/><F121/><W48/><G120/><T109/><D123/><U130/><E14/><V47/><F116/><W31/><G133/><T9/><D131/><U0/><E0/><V54/><F47/><W43/><G31/><T38/><D38/><U119/><E119/><V117/><F117/><W111/><G43/><T19/><D9/><U99/><REACH who="1" step="1"/><E94/><REACH who="1" ten="345,225,155,265" step="2"/><V74/><REACH who="2" step="1"/><F54/><AGARI ba="2,1" hai="6,8,13,54,59,62,80,85,88,89,92,99,129,130" machi="54" ten="40,5200,0" yaku="1,1,2,1,54,1,53,0" doraHai="122" doraHaiUra="63" who="1" fromWho="2" sc="345,0,225,68,155,-58,265,0" /><INIT seed="1,0,0,0,4,125" ten="345,293,97,265" oya="1" hai0="116,131,66,92,29,97,101,86,120,18,59,14,41" hai1="9,30,128,56,100,132,74,127,113,3,110,82,70" hai2="89,50,4,10,64,71,109,24,26,134,62,61,65" hai3="11,115,22,67,104,68,90,130,6,102,96,47,5"/><U13/><E70/><V46/><F109/><W58/><G115/><T78/><D116/><U84/><E113/><V80/><F134/><W0/><G68/><T39/><D39/><U72/><E127/><V88/><F65/><W25/><G6/><T76/><D41/><U42/><E3/><V60/><F64/><W20/><G47/><T1/><D1/><U111/><E132/><V12/><F71/><W23/><G90/><T36/><D36/><U38/><E128/><V34/><F34/><W81/><G81/><T52/><D131/><U45/><E30/><V75/><F75/><W21/><G130/><T124/><D66/><U83/><E83/><V73/><F73/><W122/><G122/><T15/><D120/><U93/><E56/><V103/><F103/><W53/><G67/><T27/><D124/><U49/><E38/><V2/><F2/><W48/><REACH who="3" step="1"/><G20/><REACH who="3" ten="345,293,97,255" step="2"/><N who="0" m="15591" /><D76/><U57/><E110/><V37/><F37/><W79/><G79/><T54/><D78/><U91/><E111/><V133/><F133/><W108/><G108/><T105/><D59/><U121/><E121/><V32/><F32/><W28/><AGARI ba="0,1" hai="0,5,11,21,22,23,25,28,48,53,58,96,102,104" machi="28" ten="20,2700,0" yaku="1,1,0,1,7,1,53,0" doraHai="125" doraHaiUra="69" who="3" fromWho="3" sc="345,-7,293,-13,97,-7,255,37" /><INIT seed="2,0,0,1,1,15" ten="338,280,90,292" oya="2" hai0="65,115,35,1,63,107,72,78,40,110,60,92,14" hai1="88,64,27,70,17,52,6,123,4,80,25,61,22" hai2="106,135,86,98,93,95,128,57,19,108,103,121,125" hai3="101,42,44,54,113,73,8,39,2,36,74,131,55"/><V9/><F121/><W12/><G131/><T79/><D1/><U59/><E123/><V24/><F128/><W81/><G113/><T48/><D107/><U28/><E80/><V31/><F125/><W99/><G36/><T134/><D35/><U47/><E47/><V68/><F68/><W13/><G13/><T5/><D72/><U34/><REACH who="1" step="1"/><E88/><REACH who="1" ten="338,270,90,292" step="2"/><V102/><F135/><W126/><G126/><T49/><D134/><U116/><E116/><V89/><F108/><W124/><G124/><T16/><D79/><U117/><E117/><V133/><F133/><W7/><G74/><T97/><D78/><U53/><E53/><V118/><F118/><W10/><G81/><T43/><D43/><U41/><E41/><V75/><F75/><W82/><G82/><T21/><D40/><U83/><E83/><V77/><F77/><W94/><REACH who="3" step="1"/><G73/><REACH who="3" ten="338,270,90,282" step="2"/><T0/><D110/><U104/><E104/><V32/><F106/><W37/><G37/><T23/><D115/><U51/><AGARI ba="0,2" hai="4,6,17,22,25,27,28,34,51,52,59,61,64,70" machi="51" ten="20,8000,1" yaku="1,1,0,1,7,1,52,1,54,1,53,0" doraHai="15" doraHaiUra="90" who="1" fromWho="1" sc="338,-20,270,100,90,-40,282,-20" /><INIT seed="3,0,0,0,2,82" ten="318,370,50,262" oya="3" hai0="100,29,26,94,50,110,97,40,106,126,63,76,42" hai1="134,21,25,127,30,118,66,101,86,11,3,60,116" hai2="125,10,130,17,12,52,36,112,54,49,85,80,111" hai3="15,129,128,84,104,90,43,73,98,6,41,64,14"/><W34/><G34/><T92/><D110/><U119/><E134/><V19/><F111/><W70/><G73/><T55/><D126/><U39/><E127/><V96/><F130/><N who="3" m="50283" /><G64/><T102/><D76/><U56/><E39/><V48/><F36/><W22/><G70/><T37/><D37/><U79/><E101/><V69/><F69/><W44/><G6/><T115/><D115/><U45/><E45/><V87/><F125/><W122/><G122/><T27/><D27/><U33/><E33/><V88/><F112/><W16/><G14/><T9/><D9/><U53/><E66/><V72/><F72/><W35/><G35/><T62/><D42/><N who="3" m="15881" /><G44/><T113/><D40/><U81/><E11/><V13/><F96/><W121/><G121/><T20/><D113/><U93/><E93/><V95/><F49/><W123/><G123/><T46/><REACH who="0" step="1"/><D106/><REACH who="0" ten="308,370,50,262" step="2"/><U107/><E107/><V103/><F48/><W99/><G104/><T89/><D89/><U117/><E118/><V65/><F65/><W0/><G0/><AGARI ba="0,1" hai="0,3,21,25,30,53,56,60,79,81,86,116,117,119" machi="0" ten="40,2600,0" yaku="12,1,52,1" doraHai="82" who="1" fromWho="3" sc="308,0,370,36,50,0,262,-26" owari="308,10.8,406,50.6,50,-45.0,236,-16.4" /></mjloggm>