<mjloggm ver="2.3"><GO type="225" lobby="0"/><UN n0="%E3%81%82%E3%81%99%E3%81%AB%E3%82%83%E3%82%80" n1="%6D%75%75%6D%75%72%61" n2="%E8%BE%9B%E5%8F%A3%E3%82%AB%E3%83%AC%E3%83%BC%E3%83%A9%E3%82%A4%E3%82%B9" n3="%E3%81%86%E3%81%A3%E3%81%97%E3%83%BC%30%30" dan="16,17,16,16" rate="2112.73,2176.63,2205.93,2083.34" sx="F,F,M,M"/><TAIKYOKU oya="0"/><INIT seed="0,0,0,4,2,17" ten="250,250,250,250" oya="0" hai0="0,53,104,97,95,18,16,108,75,35,67,129,45" hai1="98,46,81,94,61,44,126,43,114,9,100,55,13" hai2="110,131,41,1,85,25,59,116,117,124,132,66,127" hai3="56,88,72,38,24,26,54,91,51,48,105,101,115"/><T86/><D75/><U83/><E126/><N who="2" m="48171" /><F1/><W8/><G38/><T52/><D0/><U50/><E114/><V107/><F107/><W92/><G115/><T134/><D35/><U102/><E102/><V19/><F110/><W103/><G72/><T33/><D33/><U99/><E99/><V135/><F85/><W93/><G105/><T118/><D118/><N who="2" m="45674" /><F41/><W58/><G54/><N who="0" m="21099" /><D104/><U7/><REACH who="1" step="1"/><E61/><REACH who="1" ten="250,240,250,250" step="2"/><N who="2" m="38207" /><F131/><W77/><G8/><T76/><D129/><U37/><AGARI ba="0,1" hai="7,9,13,37,43,44,46,50,55,81,83,94,98,100" machi="37" ten="20,5200,0" yaku="1,1,0,1,7,1,53,1" doraHai="17" doraHaiUra="36" who="1" fromWho="1" sc="250,-26,240,62,250,-13,250,-13" /><INIT seed="1,0,0,3,3,84" ten="224,302,237,237" oya="1" hai0="122,18,26,126,134,125,90,108,51,80,92,93,55" hai1="130,40,12,87,59,69,25,48,32,42,75,33,15" hai2="110,54,3,82,120,105,102,73,35,72,121,65,22" hai3="61,30,113,60,116,98,71,5,1,57,106,47,9"/><U132/><E75/><V39/><F35/><W58/><G113/><T109/><D134/><U99/><E69/><V41/><F3/><W52/><G116/><T104/><D104/><U23/><E132/><V46/><F110/><N who="0" m="42602" /><D122/><U114/><E114/><V31/><F54/><W100/><G30/><T56/><D80/><U24/><E130/><V128/><F128/><W53/><G47/><T7/><D7/><U127/><E127/><N who="0" m="48649" /><D90/><U78/><E99/><N who="2" m="61663" /><F22/><AGARI ba="0,0" hai="18,22,26,51,55,56,92,93" m="48649,42602" machi="22" ten="30,2000,0" yaku="14,1,18,1" doraHai="84" who="0" fromWho="2" sc="224,20,302,0,237,-20,237,0" /><INIT seed="2,0,0,3,5,64" ten="244,302,217,237" oya="2" hai0="108,130,74,56,33,47,76,46,79,63,87,48,21" hai1="122,69,41,71,100,32,98,92,14,35,70,13,27" hai2="83,57,85,38,22,78,42,6,104,59,17,105,116" hai3="61,115,3,45,118,67,111,39,11,113,7,106,84"/><V4/><F116/><W112/><G118/><T53/><D33/><U101/><E122/><V99/><F38/><W10/><G111/><T109/><D74/><U107/><E41/><V15/><F42/><W81/><G106/><T88/><D130/><U75/><E75/><V24/><F104/><W96/><G96/><T103/><D103/><U65/><E65/><V66/><F66/><W31/><G31/><T132/><D132/><U124/><E124/><V8/><REACH who="2" step="1"/><F4/><REACH who="2" ten="244,302,207,237" step="2"/><W134/><G134/><T97/><D108/><U58/><E107/><V25/><F25/><W34/><G39/><T117/><D109/><U86/><E27/><V94/><F94/><W93/><G93/><T125/><D117/><U120/><E120/><V28/><F28/><W73/><G7/><T131/><D125/><U123/><E123/><V51/><F51/><W30/><G30/><T37/><D37/><U89/><E92/><V16/><F16/><W23/><G115/><T9/><D131/><U54/><E54/><V82/><F82/><W49/><G67/><T114/><D114/><U77/><E71/><V29/><F29/><W127/><G49/><T43/><D48/><U133/><E70/><V90/><F90/><W62/><G113/><T110/><D43/><U68/><E69/><V72/><F72/><W20/><G73/><T60/><D110/><U95/><E68/><V91/><F91/><W1/><G112/><T126/><D126/><U40/><E133/><V128/><F128/><W119/><G119/><T2/><D88/><U55/><E40/><V5/><F5/><W12/><G127/><RYUUKYOKU ba="0,1" sc="244,-10,302,-10,207,30,237,-10" hai2="6,8,15,17,22,24,57,59,78,83,85,99,105" /><INIT seed="2,1,1,5,4,30" ten="234,292,237,227" oya="2" hai0="53,5,43,134,111,125,121,120,38,85,35,54,32" hai1="113,18,89,8,119,31,0,26,93,83,34,87,51" hai2="52,86,90,74,130,61,116,124,58,22,96,126,122" hai3="131,56,27,15,80,115,17,4,42,135,104,69,23"/><V25/><F116/><W117/><G69/><T98/><D5/><U95/><E113/><V75/><F122/><W110/><G104/><T24/><D24/><U99/><E119/><V67/><F130/><W39/><G117/><T97/><D111/><U106/><E51/><V6/><F6/><W68/><G68/><T132/><D85/><U109/><E109/><V40/><F40/><W79/><G110/><T94/><D125/><N who="2" m="48234" /><F67/><W88/><G135/><N who="0" m="51755" /><D43/><U1/><E106/><V65/><F65/><W81/><G131/><T91/><D98/><U128/><E128/><V77/><F77/><W7/><G115/><T129/><D38/><U100/><REACH who="1" step="1"/><E95/><REACH who="1" ten="234,282,237,227" step="2"/><N who="2" m="54743" /><F96/><W13/><G39/><T45/><D129/><U76/><E76/><V10/><F10/><W2/><G79/><T16/><D120/><U14/><AGARI ba="1,2" hai="0,1,8,14,18,26,31,34,83,87,89,93,99,100" machi="14" ten="30,4000,0" yaku="1,1,0,1,52,1,53,0" doraHai="30" doraHaiUra="19" who="1" fromWho="1" sc="234,-11,282,63,237,-21,227,-11" /><INIT seed="3,0,0,3,2,111" ten="223,345,216,216" oya="3" hai0="71,133,22,119,101,88,81,44,86,118,72,87,45" hai1="52,40,78,3,91,16,26,109,8,73,53,2,114" hai2="67,83,42,128,11,4,102,82,107,95,33,112,108" hai3="55,5,37,66,65,127,106,113,100,57,10,131,122"/><W79/><G122/><T29/><D71/><U46/><E114/><V56/><F112/><W123/><G123/><T28/><D72/><U59/><E109/><V63/><F108/><W124/><G113/><T38/><D133/><U62/><E91/><V14/><F33/><W97/><G37/><T90/><D101/><U54/><E3/><V77/><F107/><W41/><G41/><T64/><D64/><U94/><E94/><V0/><F128/><W121/><G79/><T35/><D35/><U7/><E16/><V96/><F42/><W76/><G76/><T99/><D99/><U68/><E26/><V117/><F117/><W9/><G131/><T6/><D6/><U126/><E68/><V19/><F77/><W135/><G135/><T115/><D115/><U92/><E92/><V104/><F104/><W110/><G121/><T50/><D38/><N who="1" m="21783" /><E126/><N who="3" m="48170" /><G110/><T134/><D134/><U74/><E74/><V129/><F129/><W103/><G103/><T12/><D50/><U60/><E59/><V75/><F75/><W49/><G10/><AGARI ba="0,0" hai="0,4,10,11,14,19,56,63,67,82,83,95,96,102" machi="10" ten="30,1000,0" yaku="7,1" doraHai="111" who="2" fromWho="3" sc="223,0,345,0,216,10,216,-10" owari="223,-17.7,345,44.5,226,2.6,206,-29.4" /></mjloggm>