<mjloggm ver="2.3"><GO type="225" lobby="0"/><UN n0="%E3%80%93%E3%81%97%E3%83%BC%E3%82%89%E3%80%93" n1="%E3%81%AF%E3%82%88%E3%81%8A%E3%81%98%E3%81%95%E3%82%93" n2="%E6%A1%9C%E8%8A%B1%E9%96%83%E3%80%85" n3="%E4%BF%BA%E3%81%A8%E5%A6%96%E5%A4%A2" dan="17,17,16,16" rate="2142.26,2150.45,2189.47,2111.29" sx="M,M,M,F"/><TAIKYOKU oya="0"/><INIT seed="0,0,0,1,0,121" ten="250,250,250,250" oya="0" hai0="65,52,37,95,33,9,42,92,36,53,119,134,70" hai1="27,109,15,51,54,76,94,127,46,14,101,44,16" hai2="103,84,88,64,123,6,91,132,82,19,61,28,130" hai3="107,97,35,48,29,0,41,8,85,30,131,128,118"/><T40/><D33/><U21/><E127/><V66/><F123/><W124/><G118/><T111/><D9/><U58/><E109/><V69/><F130/><N who="3" m="49707" /><G35/><T45/><D95/><U17/><E76/><V90/><F132/><W23/><G124/><T99/><D92/><U108/><E108/><V1/><F28/><W55/><G41/><T120/><D99/><N who="1" m="59639" /><E14/><V115/><F115/><W135/><G135/><T71/><D134/><U38/><E38/><V7/><F103/><N who="3" m="62959" /><G23/><AGARI ba="0,0" hai="15,16,17,21,23,27,44,46,51,54,58" m="59639" machi="23" ten="30,2000,0" yaku="8,1,54,1" doraHai="121" who="1" fromWho="3" sc="250,0,250,20,250,0,250,-20" /><INIT seed="1,0,0,3,0,7" ten="250,270,250,230" oya="1" hai0="3,1,71,42,47,0,82,41,112,87,118,94,49" hai1="22,95,100,122,15,53,90,48,26,28,59,85,43" hai2="111,133,62,134,97,80,40,18,106,65,57,29,79" hai3="117,50,73,19,101,105,44,128,125,89,86,83,119"/><U45/><E122/><V21/><F111/><W92/><G128/><T46/><D71/><U69/><E69/><V16/><F40/><W84/><G125/><T37/><D112/><U34/><E100/><V8/><F106/><W72/><G19/><T74/><D118/><N who="3" m="45065" /><G50/><T10/><D94/><U93/><E15/><N who="2" m="7271" /><F97/><N who="3" m="61615" /><G44/><T77/><REACH who="0" step="1"/><D87/><REACH who="0" ten="240,270,250,230" step="2"/><U6/><E95/><V56/><F134/><W75/><G86/><T67/><D67/><U52/><E85/><N who="2" m="48287" /><F133/><W51/><G51/><T126/><D126/><U2/><E93/><AGARI ba="0,1" hai="72,73,75,83,84,89,92,93" m="61615,45065" machi="93" ten="40,5200,0" yaku="12,1,34,2" doraHai="7" who="3" fromWho="1" sc="240,0,270,-52,250,0,230,62" /><INIT seed="2,0,0,4,5,103" ten="240,218,250,292" oya="2" hai0="20,18,116,17,62,69,7,11,10,1,51,122,97" hai1="115,47,105,99,59,71,93,27,131,74,37,48,121" hai2="112,100,113,3,128,22,75,101,95,79,60,82,49" hai3="34,45,83,42,130,19,9,87,124,36,132,98,68"/><V23/><F3/><W72/><G72/><T57/><D122/><U80/><E115/><V2/><F2/><W52/><G68/><T40/><D116/><U65/><E121/><V25/><F128/><W64/><G64/><T26/><D69/><U41/><E131/><V53/><F60/><W73/><G73/><T31/><D11/><U102/><E27/><V119/><F119/><W12/><G34/><T85/><D85/><U129/><E129/><V54/><F22/><W104/><G124/><T46/><REACH who="0" step="1"/><D97/><REACH who="0" ten="230,218,250,292" step="2"/><U127/><E127/><V118/><F118/><W38/><G9/><T24/><D24/><U135/><E135/><V125/><F125/><W110/><G98/><T126/><D126/><U61/><E74/><V66/><F112/><W28/><G87/><T106/><D106/><U114/><E114/><V84/><F113/><W43/><G104/><T30/><D30/><U117/><E117/><V33/><F84/><W63/><G28/><T111/><D111/><U58/><E80/><V39/><F82/><W32/><G83/><T8/><D8/><U91/><E71/><V133/><F133/><W94/><G132/><T88/><D88/><U107/><E91/><V81/><F81/><W44/><G110/><T21/><D21/><U123/><E123/><V0/><F23/><N who="3" m="11751" /><G130/><T89/><D89/><U86/><E86/><V14/><F75/><W13/><G94/><T92/><D92/><U134/><E134/><V90/><F95/><W78/><G32/><T4/><D4/><U108/><E108/><V76/><F33/><W67/><G78/><N who="2" m="29737" /><F90/><W16/><G16/><RYUUKYOKU ba="0,1" sc="230,15,218,15,250,-15,292,-15" hai0="1,7,10,17,18,20,26,31,40,46,51,57,62" hai1="37,41,47,48,58,59,61,65,93,99,102,105,107" /><INIT seed="3,1,1,2,5,9" ten="245,233,235,277" oya="3" hai0="53,11,52,32,58,67,80,66,113,94,47,4,111" hai1="101,2,59,51,129,41,7,19,124,42,98,74,105" hai2="16,102,6,134,60,88,78,120,3,99,49,92,117" hai3="64,70,44,93,17,45,83,31,127,76,34,26,85"/><W115/><G115/><T91/><D32/><U100/><E74/><V40/><F117/><W61/><G127/><T13/><D113/><U97/><E124/><V12/><F134/><W29/><G29/><T135/><D135/><U50/><E129/><V38/><F38/><W123/><G123/><T106/><D106/><U72/><E72/><V1/><F120/><W62/><G17/><T79/><D111/><U132/><E132/><V116/><F116/><W109/><G109/><T122/><D122/><U125/><E125/><V68/><F78/><W103/><G62/><N who="0" m="36167" /><D79/><U65/><E19/><V48/><F6/><W43/><G43/><N who="1" m="16394" /><E2/><V90/><F3/><W73/><G73/><T95/><D80/><U8/><E105/><V63/><F1/><W86/><G86/><N who="0" m="52599" /><D95/><U55/><E65/><V75/><F75/><W5/><G93/><T119/><D119/><U14/><E50/><AGARI ba="1,1" hai="4,11,13,47,50,53,66,67" m="52599,36167" machi="50" ten="30,3900,0" yaku="8,1,52,1,54,1" doraHai="9" who="0" fromWho="1" sc="245,52,233,-42,235,0,277,0" /><INIT seed="4,0,0,4,5,94" ten="297,191,235,277" oya="0" hai0="80,16,20,44,101,3,12,13,0,132,91,66,27" hai1="8,38,47,31,118,121,19,79,92,134,67,128,64" hai2="98,56,55,81,130,45,127,96,114,37,26,61,133" hai3="40,51,113,2,75,78,17,93,100,63,84,125,89"/><T135/><D101/><U102/><E118/><V35/><F114/><W69/><G113/><T104/><D104/><U9/><E121/><V86/><F130/><W97/><G2/><N who="0" m="555" /><D66/><N who="1" m="25131" /><E38/><V1/><F1/><W39/><G39/><T76/><D91/><U108/><E108/><V52/><F133/><N who="0" m="51274" /><D44/><U120/><E120/><V103/><F127/><W14/><G125/><T62/><D62/><U72/><E72/><AGARI ba="0,0" hai="12,13,16,20,27,72,76,80" m="51274,555" machi="72" ten="30,2900,0" yaku="20,1,54,1" doraHai="94" who="0" fromWho="1" sc="297,29,191,-29,235,0,277,0" owari="326,42.6,162,-33.8,235,-16.5,277,7.7" /></mjloggm>