<mjloggm ver="2.3"><GO type="225" lobby="0"/><UN n0="%E6%98%93%E5%88%A9%E8%96%A9%E4%BC%AF" n1="%E3%81%A1%E3%81%AA%E3%81%A4" n2="%6B%75%7A%75%6E" n3="%72%69%6F%75%63%68%61%6E" dan="16,16,17,16" rate="2032.13,2102.14,2193.57,2163.37" sx="F,M,M,M"/><TAIKYOKU oya="0"/><INIT seed="0,0,0,5,0,67" ten="250,250,250,250" oya="0" hai0="28,18,25,42,30,55,5,130,70,92,68,46,7" hai1="65,118,29,75,35,100,84,117,135,71,2,114,59" hai2="10,80,32,4,37,119,133,103,73,78,81,125,39" hai3="91,112,126,134,13,111,9,66,53,41,64,45,56"/><T43/><D130/><U63/><E75/><V20/><F125/><W48/><G111/><T19/><D92/><U120/><E120/><V44/><F133/><W105/><G126/><T1/><D55/><U99/><E135/><V96/><F20/><W50/><G112/><T82/><D82/><U58/><E2/><N who="2" m="279" /><F81/><W129/><G134/><T98/><D98/><U132/><E132/><V8/><F8/><W12/><G129/><T40/><D46/><U60/><E114/><V104/><F119/><W11/><G105/><T124/><D124/><U72/><E72/><V36/><F32/><W76/><G76/><T127/><D127/><U90/><E59/><V47/><F47/><W52/><G91/><T74/><D74/><U110/><E110/><V6/><F6/><N who="0" m="2058" /><D25/><U31/><E35/><V21/><F21/><W49/><G11/><T51/><D51/><U131/><E131/><V89/><F89/><W108/><G108/><T109/><D109/><U27/><E27/><V14/><F14/><N who="3" m="5739" /><G9/><T97/><D97/><U123/><E123/><V83/><F83/><W33/><G33/><T23/><D23/><U69/><E118/><V24/><F24/><W87/><G87/><T102/><D102/><U54/><E117/><V115/><F115/><W0/><G0/><T38/><D38/><U88/><E71/><N who="0" m="27177" /><D1/><U61/><E61/><V107/><F107/><W26/><G26/><T17/><AGARI ba="0,0" hai="17,18,19,28,30,40,42,43" m="27177,2058" machi="17" ten="40,12000,1" yaku="28,2,52,3" doraHai="67" who="0" fromWho="0" sc="250,120,250,-40,250,-40,250,-40" /><INIT seed="0,1,0,5,3,110" ten="370,210,210,210" oya="0" hai0="87,39,17,52,15,24,57,32,120,33,123,4,19" hai1="86,105,97,5,37,0,133,40,27,25,101,114,26" hai2="98,3,67,128,54,100,9,96,113,81,132,47,34" hai3="126,134,112,83,70,13,35,124,89,99,22,91,92"/><T135/><D39/><U51/><E37/><V42/><F113/><W55/><G112/><T79/><D135/><U62/><E133/><V66/><F34/><W23/><G134/><T41/><D41/><U117/><E117/><V38/><F128/><W108/><G108/><T7/><D79/><U69/><E114/><V71/><F132/><W77/><G35/><T115/><D115/><U94/><E5/><V10/><F96/><W84/><G70/><T58/><D87/><U50/><E0/><V103/><F100/><W14/><G55/><T106/><D15/><N who="3" m="5641" /><G77/><T129/><D24/><U31/><E31/><V60/><F67/><W88/><G89/><T65/><D65/><U18/><E18/><V125/><F125/><AGARI ba="1,0" hai="22,23,83,84,88,91,92,99,124,125,126" m="5641" machi="125" ten="30,2000,0" yaku="18,1,54,1" doraHai="110" who="3" fromWho="2" sc="370,0,210,0,210,-23,210,23" /><INIT seed="1,0,0,3,0,46" ten="370,210,187,233" oya="1" hai0="62,126,2,80,120,88,124,52,15,114,90,70,58" hai1="71,32,31,54,72,45,66,89,130,59,98,125,44" hai2="97,14,86,27,127,128,22,12,65,83,118,109,7" hai3="48,81,106,13,49,115,1,85,69,41,6,76,95"/><U23/><E72/><V92/><F118/><W50/><G115/><T99/><D2/><U93/><E32/><V11/><F109/><W84/><G106/><T26/><D114/><U60/><E130/><V61/><F127/><N who="0" m="48682" /><D120/><U21/><E125/><V34/><F34/><W108/><G108/><T39/><D39/><U8/><E8/><V64/><F128/><W119/><G69/><T103/><D70/><U77/><E77/><V18/><F61/><W4/><G119/><T96/><D26/><U56/><E71/><V122/><F122/><W117/><G117/><T107/><D99/><U10/><E10/><V67/><F27/><W132/><G132/><T16/><D80/><U33/><E33/><V134/><F134/><W110/><G110/><T9/><AGARI ba="0,0" hai="9,15,16,52,58,62,88,90,96,103,107" m="48682" machi="9" ten="30,7900,0" yaku="18,1,54,3" doraHai="46" who="0" fromWho="0" sc="370,79,210,-39,187,-20,233,-20" /><INIT seed="2,0,0,1,2,49" ten="449,171,167,213" oya="2" hai0="121,62,83,9,123,67,125,28,100,43,56,99,47" hai1="113,135,75,51,104,65,94,22,110,109,76,24,54" hai2="97,134,15,16,98,10,133,112,63,50,46,1,64" hai3="14,23,120,2,106,59,39,115,74,4,34,130,7"/><V129/><F112/><W108/><RYUUKYOKU type="yao9" ba="0,0" sc="449,0,171,0,167,0,213,0" hai3="2,4,7,14,23,34,39,59,74,106,108,115,120,130" /><INIT seed="2,1,0,4,0,100" ten="449,171,167,213" oya="2" hai0="39,87,88,44,115,60,86,97,16,40,91,50,33" hai1="123,114,58,107,135,0,23,122,89,7,112,17,8" hai2="84,73,20,37,34,1,120,90,101,21,46,129,131" hai3="61,127,125,22,83,25,109,30,53,82,118,98,108"/><V68/><F120/><N who="1" m="46121" /><E89/><V5/><F34/><W103/><G118/><T4/><D33/><U104/><E58/><V56/><F68/><W47/><G82/><T35/><D35/><U3/><E3/><V42/><F73/><W81/><G83/><T110/><D4/><U96/><E96/><V45/><F101/><W75/><G47/><T55/><D97/><U85/><E85/><V77/><F77/><N who="3" m="44223" /><G53/><T111/><D60/><U48/><E48/><V71/><F71/><W31/><G30/><T62/><D62/><U27/><E135/><V76/><F76/><W116/><G61/><T69/><D115/><AGARI ba="1,0" hai="0,7,8,17,23,27,104,107,112,114,115" m="46121" machi="115" ten="30,3900,0" yaku="13,1,52,2" doraHai="100" who="1" fromWho="0" sc="449,-42,171,42,167,0,213,0" /><INIT seed="3,0,0,0,3,121" ten="407,213,167,213" oya="3" hai0="35,118,69,37,114,80,56,70,62,133,4,68,116" hai1="112,102,108,109,99,87,59,93,48,79,123,91,1" hai2="77,36,134,46,128,52,14,44,40,122,94,107,130" hai3="75,81,9,73,67,90,85,22,97,53,57,38,110"/><W135/><G110/><N who="1" m="42602" /><E112/><V103/><F107/><W7/><G38/><T28/><D114/><U29/><E123/><V16/><F77/><W31/><G67/><T39/><D4/><U41/><E1/><V25/><F25/><W47/><G47/><T120/><D28/><U26/><E79/><V19/><F122/><W30/><G135/><T84/><D35/><N who="1" m="20919" /><E41/><V43/><F134/><W126/><G126/><T50/><D56/><U20/><E20/><V51/><F43/><W58/><G57/><T76/><D62/><U98/><E102/><V11/><REACH who="2" step="1"/><F19/><REACH who="2" ten="407,213,157,213" step="2"/><W111/><G111/><T104/><D76/><U82/><E82/><V55/><F55/><AGARI ba="0,1" hai="48,55,59,87,91,93,98,99" m="20919,42602" machi="55" ten="30,7700,0" yaku="14,1,52,3" doraHai="121" who="1" fromWho="2" sc="407,0,213,87,157,-77,213,0" owari="407,50.7,300,10.0,80,-42.0,213,-18.7" /></mjloggm>