<mjloggm ver="2.3"><GO type="225" lobby="0"/><UN n0="%E3%81%A6%E3%81%A4%EF%BC%A3" n1="%E3%82%BC%E3%83%AB%E3%83%80%E3%81%AE%E4%BC%9D%E8%AA%AC" n2="%72%69%6F%75%63%68%61%6E" n3="%E8%81%B7%E6%A5%AD%E3%80%81%E9%A2%A8%32" dan="16,16,17,16" rate="2063.15,2120.11,2223.29,2142.05" sx="M,M,M,M"/><TAIKYOKU oya="0"/><INIT seed="0,0,0,5,3,111" ten="250,250,250,250" oya="0" hai0="8,83,126,30,14,0,120,56,33,104,87,47,79" hai1="32,57,109,45,135,81,26,107,3,36,46,72,6" hai2="117,10,58,13,23,133,62,60,77,64,106,113,108" hai3="2,25,119,35,125,39,53,98,132,9,27,88,15"/><T75/><D120/><U70/><E57/><V118/><F108/><W76/><G119/><N who="2" m="45577" /><F106/><W86/><G125/><T12/><D126/><U85/><E109/><V73/><F133/><W128/><G39/><T21/><D104/><U110/><E110/><V7/><F23/><W22/><G128/><T65/><D33/><U41/><E45/><V80/><F60/><W92/><G2/><T4/><D75/><U114/><E107/><V48/><F48/><W34/><G132/><T100/><D100/><U29/><E135/><V134/><F134/><W69/><G69/><T95/><D95/><U99/><E99/><V63/><F63/><W42/><G42/><T90/><D79/><N who="1" m="44263" /><E85/><V112/><AGARI ba="0,0" hai="7,10,13,58,62,64,73,77,80,112,113" m="45577" machi="112" ten="30,4000,0" yaku="12,1,52,2" doraHai="111" who="2" fromWho="2" sc="250,-20,250,-10,250,40,250,-10" /><INIT seed="1,0,0,1,3,76" ten="230,240,290,240" oya="1" hai0="88,118,123,61,86,131,46,25,128,13,135,99,80" hai1="1,106,64,67,73,33,51,70,54,97,45,53,81" hai2="92,111,78,0,83,2,87,56,134,63,12,19,93" hai3="105,41,44,103,120,126,35,42,113,21,66,7,27"/><U60/><E1/><V15/><F111/><W39/><G120/><T37/><D123/><U117/><E117/><V69/><F134/><W43/><G113/><T52/><D118/><U36/><E33/><V115/><F115/><W114/><G126/><T91/><D135/><U17/><E36/><V18/><F69/><W110/><G110/><T109/><D109/><U71/><E17/><V49/><F49/><W16/><G114/><T94/><D25/><U121/><E121/><V62/><F62/><W89/><G66/><T75/><D75/><U85/><E73/><V101/><F0/><W127/><G127/><T77/><D13/><N who="2" m="5194" /><F2/><W90/><G7/><T5/><D5/><U10/><E10/><V104/><F104/><W31/><G31/><T6/><D6/><U57/><E71/><V130/><F130/><N who="0" m="49706" /><D37/><U107/><E97/><N who="2" m="59559" /><F93/><W3/><G3/><T68/><D68/><U24/><E67/><AGARI ba="0,0" hai="18,19,56,63,67,78,83,87" m="59559,5194" machi="67" ten="30,2000,0" yaku="8,1,52,1" doraHai="76" who="2" fromWho="1" sc="230,0,240,-20,290,20,240,0" /><INIT seed="2,0,0,4,4,47" ten="230,220,310,240" oya="2" hai0="118,26,43,42,58,131,104,61,71,28,86,2,62" hai1="112,46,80,100,67,38,107,23,15,92,117,120,102" hai2="90,65,19,4,98,5,60,130,111,8,126,63,25" hai3="76,16,59,13,0,77,73,75,52,31,87,82,84"/><V108/><F126/><W96/><G0/><T10/><D131/><U72/><E112/><V129/><F98/><W9/><G31/><T89/><D104/><U30/><E117/><V127/><F127/><W35/><G35/><T41/><D118/><U74/><E107/><V66/><F90/><W106/><G106/><T22/><D71/><U45/><E67/><N who="2" m="25611" /><F25/><W21/><G96/><T85/><D85/><U78/><E120/><V7/><F19/><W56/><G56/><T64/><D61/><N who="2" m="23626" /><F8/><W49/><G9/><T37/><D37/><U133/><E38/><V94/><F94/><W135/><G135/><T93/><D2/><U3/><E92/><V70/><F70/><W27/><G27/><T36/><D36/><U134/><E3/><V91/><F91/><W54/><G54/><T95/><D10/><U121/><E121/><V119/><F119/><W57/><G57/><T6/><REACH who="0" step="1"/><D93/><REACH who="0" ten="220,220,310,240" step="2"/><U110/><E134/><V124/><F124/><W88/><G76/><T113/><D113/><U69/><E133/><V14/><F14/><W132/><G132/><T40/><N who="0" m="10240" /><DORA hai="12" /><T29/><D29/><U101/><E30/><V105/><F105/><W115/><G115/><T11/><D11/><U97/><E15/><V1/><F1/><W99/><G99/><T33/><D33/><U103/><E97/><V125/><F125/><W114/><G114/><T24/><D24/><U79/><E79/><V128/><AGARI ba="0,1" hai="4,5,7,108,111,128,129,130" m="23626,25611" machi="128" ten="50,9600,0" yaku="28,2,19,1" doraHai="47,12" who="2" fromWho="2" sc="220,-32,220,-32,310,106,240,-32" /><INIT seed="2,1,0,0,3,89" ten="188,188,416,208" oya="2" hai0="69,85,13,61,97,106,91,16,11,23,0,100,50" hai1="48,128,27,77,129,43,82,114,12,72,124,83,84" hai2="130,108,125,78,109,126,15,122,31,62,103,51,18" hai3="132,120,6,123,37,88,32,10,44,64,24,45,74"/><V56/><F122/><W36/><G74/><T9/><D0/><U76/><E114/><V101/><F31/><W71/><G132/><T119/><D119/><U115/><E115/><V47/><F78/><W92/><G36/><T19/><D69/><U135/><E135/><V95/><F130/><N who="1" m="50281" /><E124/><N who="2" m="47723" /><F51/><W38/><G37/><T7/><D61/><U3/><E3/><V121/><F47/><W33/><G32/><T102/><D102/><U99/><E12/><V134/><F134/><W22/><G33/><T73/><D73/><U34/><E99/><N who="2" m="59647" /><F103/><W105/><G105/><T104/><D106/><U49/><E43/><V54/><F121/><W26/><G44/><T66/><D50/><U59/><E59/><V113/><F113/><W86/><G45/><T42/><D42/><U65/><E48/><V30/><F30/><W5/><G38/><T98/><D98/><U80/><E49/><V52/><F54/><W118/><G123/><T117/><D117/><U46/><E46/><V57/><F57/><W2/><G118/><T68/><D68/><U67/><E76/><V39/><F39/><W40/><G71/><T87/><D66/><N who="1" m="25099" /><E72/><V21/><AGARI ba="1,0" hai="15,18,21,52,56,62,108,109" m="59647,47723" machi="21" ten="30,6000,0" yaku="18,1,52,1,54,1" doraHai="89" who="2" fromWho="2" sc="188,-21,188,-21,416,63,208,-21" /><INIT seed="2,2,0,0,2,74" ten="167,167,479,187" oya="2" hai0="101,87,79,90,62,122,58,36,47,114,106,54,11" hai1="23,13,86,52,6,73,115,125,21,98,78,57,93" hai2="9,51,20,107,56,19,33,46,18,76,69,30,65" hai3="28,38,112,104,119,97,89,3,103,32,110,80,40"/><V27/><F107/><W121/><G110/><T134/><D114/><U42/><E125/><V132/><F132/><W60/><G119/><T117/><D134/><U96/><E73/><V14/><F69/><W135/><G121/><T130/><D122/><U22/><E42/><V45/><F76/><W49/><G3/><T15/><D130/><U83/><E115/><V88/><F88/><W59/><G38/><T81/><D117/><U35/><E35/><V85/><F85/><W109/><G109/><T105/><D101/><U92/><E6/><V12/><REACH who="2" step="1"/><F51/><REACH who="2" ten="167,167,469,187" step="2"/><W17/><G49/><N who="0" m="28991" /><D106/><U118/><E118/><V123/><F123/><W50/><G104/><T24/><D105/><U29/><E98/><V131/><F131/><W0/><G97/><T66/><D36/><U39/><E39/><V95/><F95/><W34/><G135/><T63/><D63/><AGARI ba="2,1" hai="9,12,14,18,19,20,27,30,33,45,46,56,63,65" machi="63" ten="40,2000,0" yaku="1,1,53,0" doraHai="74" doraHaiUra="129" who="2" fromWho="0" sc="167,-26,167,0,469,36,187,0" /><INIT seed="2,3,0,0,1,89" ten="141,167,505,187" oya="2" hai0="132,36,103,92,115,97,27,11,58,74,56,121,85" hai1="135,71,40,30,52,81,59,76,117,67,78,124,2" hai2="19,105,31,14,110,113,13,53,60,106,94,86,18" hai3="100,68,114,108,66,99,82,5,54,63,34,3,91"/><V28/><F113/><W45/><G108/><T17/><D115/><U126/><E117/><V93/><F86/><W29/><G3/><T96/><D121/><U129/><E2/><V70/><F60/><W134/><G5/><T69/><D69/><U15/><E135/><V133/><F53/><W128/><G134/><T130/><D130/><U41/><E129/><V42/><F133/><W101/><G101/><T75/><D132/><U47/><E30/><N who="2" m="11307" /><F70/><W79/><G91/><T25/><D36/><N who="1" m="21895" /><E15/><N who="2" m="5643" /><F42/><W90/><G128/><T32/><D85/><N who="1" m="48295" /><E41/><V80/><F80/><W123/><G123/><T26/><D32/><U20/><E20/><V33/><F33/><W16/><G34/><T23/><D11/><U88/><E88/><V102/><F102/><W49/><G90/><N who="0" m="55319" /><D74/><U131/><E78/><V55/><F55/><W111/><G54/><T35/><D35/><U0/><E131/><V61/><F61/><W118/><G63/><T50/><D75/><U8/><E67/><V7/><F7/><W109/><G66/><T98/><D103/><U104/><E71/><V65/><F65/><W22/><G100/><T95/><D98/><U107/><E107/><N who="2" m="40971" /><F110/><W84/><G111/><T1/><D1/><U6/><E104/><V72/><F72/><W127/><G109/><T37/><D37/><U64/><E64/><V57/><F57/><N who="0" m="22122" /><D50/><U38/><E38/><V112/><F112/><W120/><G49/><T48/><D48/><U51/><E59/><V24/><F24/><W4/><G68/><T116/><D116/><U12/><E0/><V125/><F18/><W87/><G16/><RYUUKYOKU ba="3,0" sc="141,15,167,15,505,-15,187,-15" hai0="17,23,25,26,27,95,97" hai1="6,8,12,51,52,124,126" /><INIT seed="3,4,0,0,3,40" ten="156,182,490,172" oya="3" hai0="67,16,5,131,35,56,11,116,51,22,44,0,7" hai1="36,12,54,62,65,37,81,125,113,82,71,120,4" hai2="41,133,92,59,118,39,94,75,73,87,128,100,21" hai3="101,126,45,83,88,117,23,85,119,31,107,32,64"/><W129/><G126/><T96/><D116/><U30/><E113/><V34/><F118/><W115/><G115/><T111/><D35/><U20/><E125/><V134/><F34/><W110/><G129/><T84/><D131/><U61/><E120/><V3/><F3/><W93/><G32/><T2/><D111/><U14/><E4/><V102/><F128/><W124/><G124/><T135/><D135/><N who="2" m="51722" /><F59/><W33/><G33/><T53/><D96/><U42/><E12/><V123/><F123/><W9/><G107/><T91/><D5/><U60/><E60/><V55/><F55/><W18/><G110/><T105/><D105/><U99/><E99/><N who="2" m="59495" /><F21/><W79/><G119/><T77/><D0/><U26/><E14/><V63/><F63/><W108/><G108/><T68/><D68/><U25/><E54/><V47/><F87/><N who="3" m="48639" /><G117/><T70/><D70/><U90/><E61/><V52/><F52/><W69/><G69/><T74/><D67/><U130/><E130/><V1/><F1/><W27/><G64/><T46/><D74/><U106/><E62/><V29/><F29/><W57/><G57/><T10/><D10/><U122/><E122/><V76/><F76/><W114/><G114/><T98/><D77/><U78/><E78/><V109/><F109/><W13/><G101/><T104/><D104/><U8/><E106/><V49/><F39/><W97/><G97/><AGARI ba="4,0" hai="41,47,49,73,75,94,97,102" m="59495,51722" machi="97" ten="30,2000,0" yaku="20,1,52,1" doraHai="40" who="2" fromWho="3" sc="156,0,182,0,490,32,172,-32" owari="156,-24.4,182,-1.8,522,62.2,140,-36.0" /></mjloggm>