<mjloggm ver="2.3"><GO type="225" lobby="0"/><UN n0="%72%69%6F%75%63%68%61%6E" n1="%E3%83%81%E3%83%83%E3%82%BF%E3%82%BD%E3%83%BC" n2="%E6%A1%9C%E8%8A%B1%E9%96%83%E3%80%85" n3="%E3%81%AF%E3%82%88%E3%81%8A%E3%81%98%E3%81%95%E3%82%93" dan="16,17,16,17" rate="2178.86,2193.87,2189.56,2169.81" sx="M,F,M,M"/><TAIKYOKU oya="0"/><INIT seed="0,0,0,4,5,100" ten="250,250,250,250" oya="0" hai0="31,128,45,32,2,114,15,79,70,80,127,16,119" hai1="21,17,84,27,129,54,99,40,68,124,130,8,57" hai2="60,43,109,33,11,83,50,66,42,90,116,106,19" hai3="26,3,41,134,104,4,59,61,20,49,52,75,92"/><T135/><D114/><U120/><E120/><V91/><F33/><W6/><G134/><T53/><D119/><U29/><E68/><V94/><F109/><W88/><G75/><T9/><D135/><U44/><E124/><V117/><F106/><W131/><G131/><T93/><D128/><U56/><E84/><N who="2" m="50463" /><F50/><W89/><G104/><T7/><D127/><U111/><E111/><V0/><F0/><W112/><G112/><T22/><D70/><U73/><E73/><V14/><F116/><W78/><G78/><T65/><D65/><U55/><E129/><V86/><F117/><W38/><G38/><T108/><D108/><U118/><E118/><V74/><F74/><W10/><G6/><T122/><D122/><U69/><E69/><V63/><F66/><W67/><G41/><AGARI ba="0,0" hai="11,14,19,41,42,43,60,63,86,91,94" m="50463" machi="41" ten="30,1000,0" yaku="8,1" doraHai="100" who="2" fromWho="3" sc="250,0,250,0,250,10,250,-10" /><INIT seed="1,0,0,2,5,71" ten="250,250,260,240" oya="1" hai0="135,17,112,75,46,124,116,65,80,64,108,82,126" hai1="73,79,81,123,63,2,54,88,48,133,24,120,91" hai2="11,21,95,83,0,52,68,90,51,43,84,35,4" hai3="39,62,70,113,31,72,33,109,93,122,85,38,78"/><U86/><E2/><V57/><F35/><W119/><G122/><T100/><D108/><U22/><E133/><V44/><F68/><W97/><G113/><T36/><D135/><U45/><E63/><V89/><F21/><W19/><G72/><T28/><D116/><U30/><REACH who="1" step="1"/><E91/><REACH who="1" ten="250,240,260,240" step="2"/><V121/><F121/><W131/><G62/><T77/><D112/><U92/><AGARI ba="0,1" hai="22,24,30,45,48,54,73,79,81,86,88,92,120,123" machi="92" ten="20,12000,1" yaku="1,1,2,1,0,1,7,1,54,1,53,0" doraHai="71" doraHaiUra="56" who="1" fromWho="1" sc="250,-40,240,130,260,-40,240,-40" /><INIT seed="1,1,0,1,2,78" ten="210,370,220,200" oya="1" hai0="128,66,52,33,70,34,117,69,102,13,12,116,8" hai1="54,62,84,39,24,130,29,97,93,22,88,106,91" hai2="75,104,36,61,129,42,107,121,46,134,60,48,19" hai3="20,94,124,103,77,64,30,38,85,0,81,100,7"/><U122/><E130/><V110/><F121/><W123/><G123/><T58/><D128/><U57/><E122/><V2/><F129/><W63/><G38/><T47/><D102/><U86/><E39/><V56/><F2/><W35/><G35/><T120/><D120/><U31/><E106/><V53/><F75/><W15/><G124/><T83/><D47/><U99/><E31/><V40/><F110/><W44/><G44/><T4/><D66/><U95/><AGARI ba="1,0" hai="22,24,29,54,57,62,84,86,88,91,93,95,97,99" machi="95" ten="20,12000,1" yaku="0,1,7,1,9,1,8,1,54,1" doraHai="78" who="1" fromWho="1" sc="210,-41,370,123,220,-41,200,-41" /><INIT seed="1,2,0,0,0,93" ten="169,493,179,159" oya="1" hai0="0,9,61,116,110,10,21,79,113,14,94,96,20" hai1="37,24,119,64,80,40,59,12,74,84,86,43,7" hai2="88,1,54,131,73,72,71,70,69,101,36,15,111" hai3="42,58,91,126,108,51,97,115,65,35,120,125,122"/><U47/><E119/><V112/><F1/><W19/><G115/><T132/><D113/><U107/><E107/><V105/><F112/><W23/><G35/><T117/><D110/><U3/><E12/><V95/><F111/><W22/><G108/><T82/><D132/><U34/><E40/><V99/><F131/><W87/><G97/><T17/><D61/><U38/><E38/><V76/><F36/><W31/><G31/><T41/><D41/><U29/><E59/><V123/><F123/><W44/><G58/><T104/><D104/><U57/><E57/><V102/><F54/><W28/><G28/><T68/><D68/><U6/><E6/><V13/><F101/><W26/><G23/><T128/><D128/><U46/><E46/><V127/><F127/><N who="3" m="48651" /><G65/><T55/><D117/><U75/><E64/><V130/><F130/><W5/><G5/><T33/><D33/><U81/><E81/><AGARI ba="2,0" hai="19,22,26,42,44,51,81,87,91,120,122" m="48651" machi="81" ten="30,1000,0" yaku="18,1" doraHai="93" who="3" fromWho="1" sc="169,0,493,-16,179,0,159,16" /><INIT seed="2,0,0,0,2,60" ten="169,477,179,175" oya="2" hai0="31,108,107,46,94,37,32,122,109,53,72,14,66" hai1="27,82,16,92,41,23,25,128,73,21,19,121,38" hai2="68,117,48,2,11,76,54,130,49,45,85,131,70" hai3="22,129,83,56,13,30,58,9,17,59,118,15,88"/><V24/><F24/><W126/><G118/><T34/><D122/><U84/><E128/><N who="2" m="49195" /><F85/><N who="3" m="50239" /><G126/><T33/><D107/><U106/><E106/><V29/><F76/><W36/><G36/><T81/><D66/><U39/><E121/><V42/><F29/><W40/><G129/><T80/><D31/><U10/><E41/><V115/><F117/><W71/><G71/><N who="2" m="27177" /><F11/><W103/><G40/><N who="0" m="22799" /><D72/><U134/><E134/><V102/><F102/><W43/><G43/><T100/><D53/><U6/><E73/><V116/><F2/><W132/><G132/><T127/><D127/><U93/><E39/><N who="2" m="21727" /><F116/><W133/><G133/><T62/><D14/><N who="1" m="5463" /><E38/><V51/><F115/><W50/><G103/><T55/><D100/><U28/><E28/><V98/><F98/><W57/><N who="3" m="14336" /><DORA hai="114" /><W113/><G113/><T87/><D87/><U74/><E74/><V3/><F3/><W47/><G30/><T44/><D32/><U119/><E119/><V91/><F91/><AGARI ba="0,0" hai="16,19,21,23,25,27,82,84,91,92,93" m="5463" machi="91" ten="30,2000,0" yaku="8,1,54,1" doraHai="60,114" who="1" fromWho="2" sc="169,0,477,20,179,-20,175,0" /><INIT seed="3,0,0,0,0,90" ten="169,497,159,175" oya="3" hai0="42,48,133,107,57,41,46,19,12,105,15,39,60" hai1="100,59,2,110,74,5,99,76,27,103,88,97,0" hai2="40,118,62,26,131,75,80,10,125,52,93,3,58" hai3="8,29,11,77,13,63,61,24,124,25,9,114,113"/><W134/><G77/><T49/><D133/><U21/><E110/><V20/><F118/><W92/><G134/><T32/><D32/><U132/><E132/><V64/><F131/><W126/><G13/><T55/><D12/><U78/><E59/><V45/><F125/><N who="3" m="48235" /><G92/><T4/><D4/><U127/><E127/><V34/><F34/><W94/><G94/><T83/><D83/><U101/><E5/><V130/><F130/><W108/><G108/><T95/><D95/><N who="1" m="56551" /><E0/><V22/><F93/><W14/><G14/><T68/><D41/><U56/><E2/><V117/><F117/><W91/><G91/><T109/><D109/><U30/><E74/><V51/><F3/><W120/><G120/><T67/><D48/><U28/><E99/><V72/><F10/><AGARI ba="0,0" hai="10,15,19,39,42,46,49,55,57,60,67,68,105,107" machi="10" ten="30,3900,0" yaku="7,1,24,2" doraHai="90" who="0" fromWho="2" sc="169,39,497,0,159,-39,175,0" owari="208,0.8,497,59.7,120,-38.0,175,-22.5" /></mjloggm>