<mjloggm ver="2.3"><GO type="225" lobby="0"/><UN n0="%E3%81%BF%E3%81%BF%E3%81%9A" n1="%E4%BA%BA%E9%96%93%E3%83%81%E3%83%A3%E3%83%BC%E3%83%8F%E3%83%B3" n2="%33%74%72%65%65" n3="%E9%80%86%E9%80%A3%E5%B8%AF%E3%81%AE%E9%AC%BC" dan="18,16,16,16" rate="2224.74,2105.03,2189.13,2176.86" sx="M,M,F,M"/><TAIKYOKU oya="0"/><INIT seed="0,0,0,5,5,30" ten="250,250,250,250" oya="0" hai0="18,125,101,110,48,2,70,16,24,121,49,52,134" hai1="7,66,91,15,88,62,42,84,118,128,73,41,57" hai2="13,0,55,61,38,54,81,109,46,65,26,74,17" hai3="1,124,119,67,96,90,103,114,9,98,131,108,36"/><T92/><D121/><U40/><E118/><V89/><F0/><W5/><G119/><T10/><D70/><U31/><E73/><V14/><F109/><W58/><G114/><T82/><D110/><U102/><E128/><V64/><F38/><W22/><G131/><T33/><D125/><U135/><E135/><V47/><F74/><W129/><G129/><T63/><D134/><U79/><E102/><V11/><F26/><W37/><G124/><T20/><D33/><U87/><E31/><V116/><F116/><W115/><G115/><T112/><D112/><U23/><E79/><V117/><F117/><W99/><G108/><T133/><D133/><U39/><E39/><V83/><F89/><N who="1" m="34377" /><E23/><V77/><F77/><W27/><G90/><T68/><D82/><U97/><E97/><V80/><F14/><W76/><G76/><T59/><D68/><U34/><E34/><V12/><F12/><W122/><G122/><T60/><D60/><U111/><E111/><V93/><F93/><W120/><G120/><T53/><D53/><N who="2" m="19978" /><F61/><W51/><G103/><T32/><D32/><U29/><E29/><V104/><F104/><W19/><G37/><T75/><D75/><U95/><E95/><V78/><F78/><W35/><G36/><T21/><D92/><U4/><E4/><V56/><F56/><W25/><G35/><T8/><D101/><U107/><E107/><V86/><F86/><W45/><G27/><N who="0" m="14727" /><D2/><U50/><E50/><AGARI ba="0,0" hai="8,10,18,21,24,48,49,50,52,59,63" m="14727" machi="50" ten="30,5800,0" yaku="8,1,54,2" doraHai="30" who="0" fromWho="1" sc="250,58,250,-58,250,0,250,0" /><INIT seed="0,1,0,3,1,8" ten="308,192,250,250" oya="0" hai0="93,53,45,70,85,98,84,77,54,38,11,122,48" hai1="86,59,113,89,22,123,31,24,30,95,12,67,127" hai2="46,56,0,131,76,107,49,32,73,78,19,75,3" hai3="108,121,117,80,104,90,99,74,102,47,118,18,6"/><T14/><D122/><U83/><E123/><V126/><F32/><W20/><G121/><T63/><D38/><U28/><E127/><V39/><F107/><W87/><G108/><T103/><D77/><U4/><E113/><V34/><F34/><W92/><G6/><T135/><D135/><U133/><E133/><V44/><F56/><W57/><G47/><T64/><REACH who="0" step="1"/><D54/><REACH who="0" ten="298,192,250,250" step="2"/><U35/><E35/><V72/><F78/><N who="3" m="44119" /><G57/><T10/><D10/><N who="1" m="4167" /><E83/><V94/><F76/><W52/><G52/><T97/><D97/><U36/><E36/><V43/><F39/><W9/><G9/><T71/><D71/><U134/><E134/><V17/><F72/><W2/><G2/><T101/><D101/><U27/><E22/><V91/><F0/><W42/><G42/><T65/><D65/><U109/><E109/><V96/><F43/><W37/><G37/><T88/><D88/><U33/><E33/><V21/><F91/><W61/><G20/><T15/><D15/><U115/><E115/><V13/><F21/><W1/><G1/><T51/><D51/><U50/><E50/><V68/><F49/><W5/><G90/><T81/><D81/><U105/><E105/><V125/><F3/><W7/><G102/><T124/><D124/><U82/><E82/><V23/><F125/><W130/><G104/><T129/><D129/><U110/><E110/><V58/><F131/><W69/><G130/><T132/><D132/><U29/><N who="1" m="7168" /><DORA hai="79" /><U40/><E40/><V26/><F126/><W112/><G69/><T111/><D111/><U106/><E106/><V66/><F73/><RYUUKYOKU ba="1,1" sc="298,15,192,15,250,-15,250,-15" hai0="11,14,45,48,53,63,64,70,84,85,93,98,103" hai1="24,27,59,67,86,89,95" /><INIT seed="0,2,1,1,4,48" ten="313,207,235,235" oya="0" hai0="83,19,27,82,133,44,14,52,63,26,33,17,74" hai1="108,105,38,36,49,62,107,100,45,46,3,57,104" hai2="12,37,80,43,106,121,29,112,99,78,10,113,47" hai3="68,126,67,75,93,40,53,8,111,22,86,23,7"/><T90/><D133/><U119/><E119/><V9/><F121/><W58/><G75/><T24/><D33/><U88/><E3/><V120/><F120/><W21/><G111/><T127/><D127/><U61/><E108/><V55/><F29/><W118/><G118/><T50/><D74/><U123/><E123/><V32/><F32/><W64/><G40/><T71/><D90/><U0/><E0/><V103/><F55/><W73/><G73/><T117/><D117/><U18/><E100/><V41/><F41/><W95/><G68/><T94/><D94/><U79/><E79/><V109/><F109/><W124/><G124/><T122/><D122/><U66/><E88/><V42/><F42/><W92/><G86/><T11/><REACH who="0" step="1"/><D19/><REACH who="0" ten="303,207,235,235" step="2"/><U15/><E104/><V25/><F106/><W13/><REACH who="3" step="1"/><G126/><REACH who="3" ten="303,207,235,225" step="2"/><T81/><D81/><U2/><E105/><V130/><F80/><W34/><G34/><T6/><D6/><U28/><E107/><V54/><F112/><W125/><G125/><T101/><D101/><U1/><E36/><V114/><F103/><W115/><G115/><T102/><D102/><U59/><E38/><V96/><F113/><W51/><AGARI ba="2,3" hai="7,8,13,21,22,23,51,53,58,64,67,92,93,95" machi="51" ten="30,7900,0" yaku="1,1,0,1,8,1,52,1,53,0" doraHai="48" doraHaiUra="77" who="3" fromWho="3" sc="303,-41,207,-22,235,-22,225,115" /><INIT seed="1,0,0,4,2,60" ten="262,185,213,340" oya="1" hai0="45,74,22,135,31,56,62,33,81,112,14,103,27" hai1="97,23,69,80,25,16,93,28,88,128,43,117,121" hai2="4,36,132,11,35,61,34,66,134,19,71,18,54" hai3="59,55,120,82,44,38,113,119,99,39,42,125,70"/><U129/><E117/><V123/><F123/><W37/><G119/><T46/><D112/><U15/><E121/><V51/><F36/><W79/><G113/><T110/><D110/><U68/><E43/><V67/><F61/><W64/><G125/><T0/><D135/><N who="2" m="51754" /><F71/><W109/><G109/><T49/><D0/><U9/><REACH who="1" step="1"/><E80/><REACH who="1" ten="262,175,213,340" step="2"/><V115/><F115/><W131/><G120/><T124/><D81/><U10/><E10/><V12/><F34/><W6/><G82/><T58/><D124/><U17/><E17/><N who="2" m="6155" /><F35/><W118/><G118/><T72/><D33/><U30/><E30/><V57/><AGARI ba="0,1" hai="4,11,12,51,54,57,66,67" m="6155,51754" machi="57" ten="30,4000,0" yaku="20,1,52,2" doraHai="60" who="2" fromWho="2" sc="262,-10,175,-20,213,50,340,-10" /><INIT seed="2,0,0,3,4,15" ten="252,155,263,330" oya="2" hai0="60,7,98,53,44,135,30,78,91,57,130,105,56" hai1="54,71,96,85,123,65,33,41,29,27,119,20,36" hai2="19,87,26,61,131,62,58,127,49,99,109,72,120" hai3="79,84,118,6,81,23,97,111,73,18,116,92,82"/><V47/><F72/><W76/><G111/><T17/><D130/><U22/><E119/><V94/><F120/><W117/><G6/><T90/><D135/><U12/><E123/><V13/><F127/><W63/><G63/><T101/><D7/><U125/><E125/><V14/><F87/><W129/><G129/><T64/><D30/><U46/><E85/><V24/><F13/><W1/><G1/><T122/><D122/><U52/><E96/><V67/><F62/><W4/><G4/><T70/><D44/><U11/><E65/><V43/><F109/><W95/><REACH who="3" step="1"/><G97/><REACH who="3" ten="252,155,263,320" step="2"/><T74/><D70/><U35/><E71/><V34/><F131/><W88/><G88/><T40/><D40/><U128/><E128/><V80/><F61/><W93/><G93/><T121/><D121/><U107/><E107/><V113/><F94/><W3/><G3/><T86/><D64/><U100/><E100/><V51/><F67/><W42/><G42/><T68/><D68/><U132/><E132/><V28/><F43/><W37/><G37/><T108/><D108/><U21/><REACH who="1" step="1"/><E33/><REACH who="1" ten="252,145,263,320" step="2"/><V104/><F34/><W5/><G5/><AGARI ba="0,2" hai="5,11,12,20,21,22,27,29,35,36,41,46,52,54" machi="5" ten="40,5200,0" yaku="1,1,2,1,54,1,53,0" doraHai="15" doraHaiUra="114" who="1" fromWho="3" sc="252,0,145,72,263,0,320,-52" /><INIT seed="3,0,0,1,2,83" ten="252,217,263,268" oya="3" hai0="25,71,49,100,64,43,94,33,8,98,110,122,70" hai1="63,129,69,60,47,121,90,19,74,1,48,102,35" hai2="52,11,91,104,95,114,27,29,116,113,125,12,56" hai3="36,101,15,134,78,75,34,37,6,14,5,3,88"/><W53/><G134/><T50/><D110/><U73/><E121/><V84/><F125/><W18/><G34/><T127/><D122/><U45/><E35/><V59/><F104/><W130/><G130/><T132/><D127/><U22/><E1/><V65/><F65/><W123/><G123/><T67/><D132/><U76/><E129/><V61/><F59/><W30/><G101/><T9/><D67/><U118/><E118/><V41/><F41/><W80/><G30/><T105/><D94/><U82/><E74/><V24/><F116/><W117/><G117/><T7/><D43/><N who="1" m="24639" /><E73/><V23/><F27/><W120/><G120/><T55/><D9/><U124/><E69/><V54/><F54/><W26/><G26/><T131/><D131/><U10/><E124/><V97/><F97/><W115/><G115/><T72/><D72/><U57/><E102/><V16/><AGARI ba="0,0" hai="11,12,16,23,24,29,52,56,61,84,91,95,113,114" machi="16" ten="20,8000,1" yaku="0,1,7,1,52,1,54,2" doraHai="83" who="2" fromWho="2" sc="252,-20,217,-20,263,80,268,-40" owari="232,3.2,197,-30.3,343,44.3,228,-17.2" /></mjloggm>