<mjloggm ver="2.3"><GO type="225" lobby="0"/><UN n0="%E3%81%82%E3%81%84%E3%81%82%E3%81%8A%E3%81%84" n1="%E5%B8%86%E7%AB%8B%E5%A4%8F%E8%A1%A3" n2="%E6%98%93%E5%88%A9%E8%96%A9%E4%BC%AF" n3="%E5%A4%8F%E9%88%B4%E9%88%B4%E5%A4%8F" dan="18,16,16,16" rate="2178.43,2111.72,2105.98,2129.15" sx="M,M,F,M"/><TAIKYOKU oya="0"/><INIT seed="0,0,0,0,4,71" ten="250,250,250,250" oya="0" hai0="11,130,4,119,121,84,52,43,98,118,76,91,124" hai1="5,127,48,73,92,61,19,90,49,94,114,56,100" hai2="72,77,113,51,28,134,14,123,80,68,103,57,88" hai3="26,133,10,27,66,34,64,31,128,93,18,126,82"/><T59/><D121/><U24/><E127/><V108/><F123/><W6/><G126/><T22/><D124/><U122/><E122/><V13/><F68/><W74/><G133/><T89/><D130/><U35/><E114/><V29/><F113/><W50/><G128/><T58/><D43/><U105/><E73/><V86/><F134/><W36/><G50/><T65/><D76/><U135/><E5/><V42/><F103/><W81/><G93/><T87/><D22/><N who="1" m="13407" /><E105/><V3/><F3/><W132/><G132/><T115/><D98/><N who="1" m="59463" /><E35/><V7/><F108/><W44/><G18/><T54/><D4/><U1/><E1/><V30/><F7/><W17/><G17/><T67/><REACH who="0" step="1"/><D115/><REACH who="0" ten="240,250,250,250" step="2"/><U0/><E135/><V95/><REACH who="2" step="1"/><F42/><REACH who="2" ten="240,250,240,250" step="2"/><W37/><G6/><T25/><D25/><U53/><E0/><V104/><F104/><W40/><G27/><T32/><D32/><U12/><E12/><V109/><F109/><W46/><G40/><T62/><D62/><U116/><E116/><V129/><F129/><W69/><G26/><T21/><D21/><U8/><E8/><AGARI ba="0,2" hai="8,11,52,54,58,59,65,67,84,87,89,91,118,119" machi="8" ten="25,9600,0" yaku="1,1,22,2,54,1,53,0" doraHai="71" doraHaiUra="75" who="0" fromWho="1" sc="240,116,250,-96,240,0,250,0" /><INIT seed="0,1,0,3,4,2" ten="356,154,240,250" oya="0" hai0="48,53,129,104,12,67,9,133,29,121,11,16,24" hai1="115,54,64,131,122,25,55,124,120,21,42,91,89" hai2="77,135,13,81,126,22,46,15,110,86,57,50,10" hai3="118,112,72,88,52,111,60,90,103,7,101,105,75"/><T14/><D121/><U43/><E124/><V32/><F126/><W66/><G112/><T49/><D104/><U79/><E115/><V73/><F32/><W108/><G118/><T62/><D133/><U106/><E106/><V17/><F110/><N who="3" m="42027" /><G7/><T97/><D97/><U95/><E131/><V3/><F135/><W92/><G90/><T109/><D129/><U134/><E134/><V102/><F57/><N who="3" m="34855" /><G66/><T19/><D53/><N who="1" m="19979" /><E122/><V33/><F33/><W44/><G44/><T70/><D109/><U107/><E107/><V18/><F3/><W127/><G127/><T41/><D41/><U4/><E120/><V59/><F59/><W78/><G105/><T36/><REACH who="0" step="1"/><D36/><REACH who="0" ten="346,154,240,250" step="2"/><U27/><E43/><V45/><F102/><N who="3" m="38923" /><G78/><T47/><D47/><U93/><E79/><V100/><F100/><W5/><G5/><T39/><D39/><U38/><E38/><V58/><F46/><W116/><G116/><T83/><D83/><U34/><E4/><V37/><F37/><W35/><G35/><AGARI ba="1,1" hai="9,11,12,14,16,19,24,29,35,48,49,62,67,70" machi="35" ten="30,11600,0" yaku="1,1,7,1,9,1,54,1,53,0" doraHai="2" doraHaiUra="76" who="0" fromWho="3" sc="346,129,154,0,240,0,250,-119" /><INIT seed="0,2,0,2,0,47" ten="475,154,240,131" oya="0" hai0="92,123,46,33,87,61,117,25,113,135,20,16,26" hai1="30,98,13,67,75,86,134,80,58,108,22,69,53" hai2="73,37,27,90,21,115,35,104,52,43,118,83,133" hai3="23,6,12,106,56,64,128,109,31,103,71,48,28"/><T107/><D107/><U49/><E134/><V105/><F115/><W132/><G132/><T81/><D113/><U96/><E108/><V70/><F70/><W121/><G109/><T42/><D135/><U39/><E75/><V112/><F112/><W126/><G71/><T51/><D117/><U77/><E39/><V89/><F35/><W99/><G126/><T120/><D92/><U38/><E38/><V116/><F43/><W0/><G128/><T10/><D10/><U101/><E101/><V54/><F37/><W93/><G121/><T4/><D4/><U125/><E125/><V119/><F133/><W57/><G0/><T32/><D61/><U72/><E72/><V3/><F3/><W59/><G106/><N who="2" m="41065" /><F73/><W114/><G64/><T97/><D97/><U88/><E77/><V2/><F2/><W65/><G65/><T18/><D33/><U131/><E131/><V102/><F102/><W84/><G84/><T55/><D42/><U76/><E76/><V5/><F5/><W8/><G114/><T44/><D44/><N who="1" m="27815" /><E69/><V45/><F83/><W29/><REACH who="3" step="1"/><G23/><REACH who="3" ten="475,154,240,121" step="2"/><T82/><D32/><U14/><E98/><V15/><F21/><W127/><G127/><T41/><D20/><U78/><E96/><V63/><F118/><W91/><G91/><T19/><D123/><U68/><E68/><V74/><F119/><W36/><G36/><T122/><D122/><U62/><E78/><V111/><F111/><W60/><G60/><T24/><D120/><U66/><E66/><V94/><F63/><W124/><G124/><T7/><D87/><U129/><E129/><RYUUKYOKU ba="2,1" sc="475,-15,154,15,240,-15,121,15" hai1="13,14,22,30,58,62,67,80,86,88" hai3="6,8,12,28,29,31,48,56,57,59,93,99,103" /><INIT seed="1,3,1,4,0,54" ten="460,169,225,136" oya="1" hai0="66,87,82,51,61,96,81,0,72,108,40,5,119" hai1="45,71,88,50,105,83,118,92,98,24,69,68,94" hai2="74,35,125,65,15,106,129,73,11,103,77,34,121" hai3="46,21,117,13,6,130,93,86,2,113,70,17,41"/><U37/><E118/><V97/><F121/><W31/><G113/><T4/><D119/><U80/><E105/><V131/><F125/><W27/><G70/><T48/><D108/><U7/><E37/><V55/><F65/><W127/><G117/><T62/><D72/><U112/><E112/><V58/><F35/><W8/><G127/><T43/><D96/><U132/><E132/><V109/><F34/><W85/><G93/><T47/><D0/><U22/><E7/><V116/><F109/><W76/><G76/><T9/><D9/><U44/><E92/><V18/><F116/><W10/><REACH who="3" step="1"/><G130/><REACH who="3" ten="460,169,225,126" step="2"/><N who="2" m="49673" /><F77/><W75/><G75/><T12/><D81/><U99/><E99/><V79/><F79/><W95/><G95/><T19/><D82/><U91/><E91/><V33/><F33/><W26/><G26/><T107/><D107/><U29/><REACH who="1" step="1"/><E45/><REACH who="1" ten="460,159,225,126" step="2"/><V52/><F106/><W20/><G20/><T60/><D47/><U102/><E102/><V111/><F103/><W134/><G134/><T115/><D115/><U36/><E36/><AGARI ba="3,3" hai="2,6,8,10,13,17,21,27,31,36,41,46,85,86" machi="36" ten="30,3900,0" yaku="1,1,7,1,53,1" doraHai="54" doraHaiUra="3" who="3" fromWho="1" sc="460,0,159,-48,225,0,126,78" /><INIT seed="2,0,0,5,1,87" ten="460,111,225,204" oya="2" hai0="29,117,6,90,95,38,133,89,122,42,109,114,125" hai1="18,111,55,96,94,121,56,131,85,48,10,21,7" hai2="1,9,59,33,0,81,98,5,31,70,50,86,17" hai3="65,77,44,123,110,16,105,22,15,36,102,35,2"/><V26/><F70/><W76/><G123/><T60/><D29/><U129/><E111/><V62/><F98/><W19/><G2/><T119/><D6/><U68/><E68/><V106/><F106/><W88/><G35/><T37/><D114/><U30/><E121/><V45/><F17/><W11/><G110/><T13/><D13/><U118/><E118/><V28/><F1/><W120/><G65/><T83/><D83/><U75/><E75/><V82/><F31/><W47/><G102/><T99/><D122/><U41/><E30/><V27/><F27/><N who="3" m="14791" /><G36/><T78/><D37/><U100/><E41/><V113/><F86/><W108/><G105/><T124/><D42/><U91/><E7/><V71/><F71/><W132/><G132/><T130/><D38/><U24/><REACH who="1" step="1"/><E10/><REACH who="1" ten="460,101,225,204" step="2"/><V54/><F113/><W79/><G108/><T128/><D109/><U39/><E39/><V74/><F74/><W34/><G120/><T49/><D119/><U103/><E103/><V116/><F116/><W53/><G34/><T104/><D117/><U51/><E51/><V73/><F73/><W4/><G4/><T63/><D49/><U14/><E14/><V12/><F0/><W97/><G11/><T23/><D125/><U8/><E8/><V112/><F112/><W25/><G15/><T84/><D124/><U135/><E135/><V46/><F50/><W58/><G25/><T115/><D133/><U3/><E3/><V93/><F26/><W43/><G43/><T69/><D69/><U64/><E64/><V52/><F33/><W57/><G19/><T126/><D126/><RYUUKYOKU ba="0,1" sc="460,-10,101,30,225,-10,204,-10" hai1="18,21,24,48,55,56,85,91,94,96,100,129,131" /><INIT seed="3,1,1,4,0,22" ten="450,131,215,194" oya="3" hai0="86,88,130,32,37,82,43,39,0,5,10,38,121" hai1="102,19,116,23,26,67,78,6,17,49,94,96,27" hai2="120,111,42,77,52,103,9,45,89,104,24,3,79" hai3="98,57,46,34,68,1,117,113,125,71,109,95,58"/><W70/><G117/><T83/><D121/><U44/><E116/><V115/><F115/><W122/><G1/><T48/><D32/><U4/><E67/><V13/><F3/><W75/><G75/><T101/><D130/><U8/><E78/><V128/><F111/><W21/><G34/><T2/><D2/><U33/><E33/><V30/><F120/><W60/><G113/><T55/><D101/><U90/><E102/><V63/><F89/><W62/><G122/><T129/><D129/><U28/><E28/><V69/><F104/><W97/><G109/><T7/><D7/><N who="1" m="2603" /><E8/><V56/><F103/><W92/><G21/><T11/><D11/><U84/><E96/><V53/><F53/><W40/><G125/><T61/><D61/><U105/><E105/><V100/><F100/><W91/><G62/><T18/><D18/><N who="1" m="6667" /><E23/><N who="2" m="15647" /><F69/><W51/><G60/><T124/><D124/><U110/><E110/><V114/><F114/><W54/><G70/><T36/><D36/><U106/><E106/><V12/><F128/><W135/><G71/><T87/><D43/><U47/><E47/><V119/><F119/><W50/><G68/><T127/><D127/><U81/><E81/><V76/><F9/><W31/><G31/><T29/><D29/><U20/><E20/><V132/><F45/><W59/><G97/><T134/><D39/><U85/><E85/><V64/><F64/><W131/><G131/><T41/><D38/><U93/><E93/><V108/><F108/><W35/><G95/><T15/><D37/><U80/><E80/><V66/><F66/><W112/><G112/><RYUUKYOKU ba="1,1" sc="450,-10,131,30,215,-10,194,-10" hai1="26,27,44,49,84,90,94" owari="450,55.0,161,-33.9,205,0.5,184,-21.6" /></mjloggm>