<mjloggm ver="2.3"><GO type="225" lobby="0"/><UN n0="%E3%81%A8%E3%82%93%E3%81%A8%E3%81%93%E3%81%A8%E3%82%93" n1="%E5%8F%AF%E5%85%90%E9%82%A3%E7%94%B1%E5%A4%9A" n2="%33%74%72%65%65" n3="%E7%BD%AA%E5%88%91%E6%B3%95%E5%AE%9A%E4%B8%BB%E7%BE%A9" dan="16,17,16,16" rate="2112.79,2229.48,2134.50,2170.91" sx="M,F,F,M"/><TAIKYOKU oya="0"/><INIT seed="0,0,0,3,4,59" ten="250,250,250,250" oya="0" hai0="2,77,54,38,13,81,47,71,117,120,21,70,86" hai1="26,10,96,14,106,122,118,93,87,127,34,3,5" hai2="74,46,114,27,52,132,0,72,100,55,128,33,111" hai3="115,124,98,65,44,18,102,58,67,1,109,131,24"/><T113/><D113/><U95/><E118/><V88/><F114/><W116/><G115/><T11/><D120/><U42/><E122/><V97/><F0/><W62/><G1/><T107/><D117/><U61/><E127/><V123/><F123/><W69/><G116/><T76/><D107/><U15/><E42/><V49/><F100/><W91/><G124/><T7/><D76/><U63/><E87/><V105/><F105/><W108/><G91/><T80/><D54/><U4/><E106/><V85/><F97/><W36/><G131/><T43/><REACH who="0" step="1"/><D81/><REACH who="0" ten="240,250,250,250" step="2"/><U121/><E121/><V129/><F129/><W103/><G109/><T56/><D56/><U112/><E112/><V57/><F128/><W51/><G108/><T32/><D32/><U101/><E93/><V45/><F111/><W78/><G78/><T30/><D30/><U50/><E3/><V134/><F134/><W35/><G35/><T73/><D73/><U130/><E130/><V8/><F132/><W94/><G58/><T84/><D84/><U22/><E34/><V39/><F74/><W119/><G119/><T16/><AGARI ba="0,1" hai="2,7,11,13,16,21,38,43,47,70,71,77,80,86" machi="16" ten="30,12000,1" yaku="1,1,0,1,54,1,53,2" doraHai="59" doraHaiUra="66" who="0" fromWho="0" sc="240,130,250,-40,250,-40,250,-40" /><INIT seed="0,1,0,0,5,127" ten="370,210,210,210" oya="0" hai0="56,60,49,32,128,115,79,29,17,66,12,59,109" hai1="117,54,67,33,122,96,8,69,72,24,2,103,57" hai2="15,81,18,25,111,99,88,100,62,45,26,65,94" hai3="14,10,22,124,118,108,131,113,126,3,123,11,102"/><T84/><D115/><U51/><E117/><V75/><F111/><W40/><G102/><T68/><D84/><U107/><E122/><V58/><F45/><W31/><G40/><T80/><D109/><U120/><E120/><V133/><F133/><W7/><G108/><T44/><D32/><U86/><E72/><V70/><F70/><W92/><G92/><T20/><D29/><U71/><E67/><V47/><F47/><W28/><G123/><T90/><D90/><U46/><E46/><V74/><F74/><W129/><G113/><T130/><D80/><U61/><E51/><V36/><F36/><W21/><G118/><T23/><D79/><U41/><E41/><V52/><F65/><W38/><G38/><T83/><D83/><U135/><E135/><V93/><F81/><W48/><G48/><T73/><D23/><N who="3" m="8713" /><G31/><T105/><D105/><U39/><E39/><V85/><F75/><W37/><G28/><T116/><D73/><U64/><E33/><V82/><F94/><W112/><G112/><T35/><D116/><U63/><E24/><V106/><F106/><W19/><G37/><T104/><D35/><U119/><E119/><V34/><F34/><W5/><G5/><T78/><D104/><U55/><E71/><V0/><F0/><W110/><G110/><T42/><REACH who="0" step="1"/><D78/><REACH who="0" ten="360,210,210,210" step="2"/><U132/><E132/><V76/><REACH who="2" step="1"/><F76/><REACH who="2" ten="360,210,200,210" step="2"/><W89/><G89/><T91/><D91/><U97/><E107/><V77/><F77/><W13/><G3/><T121/><D121/><U87/><E2/><V4/><F4/><W134/><G134/><T43/><D43/><RYUUKYOKU ba="1,2" sc="360,10,210,-30,200,10,210,10" hai0="12,17,20,42,44,49,56,59,60,66,68,128,130" hai2="15,18,25,26,52,58,62,82,85,88,93,99,100" hai3="7,10,11,13,14,19,124,126,129,131" /><INIT seed="0,2,2,4,2,95" ten="370,180,210,220" oya="0" hai0="88,124,20,38,2,13,105,98,83,63,4,60,44" hai1="110,100,73,6,129,120,85,109,94,101,74,46,122" hai2="54,108,30,121,106,11,117,43,0,112,96,15,132" hai3="18,47,42,41,24,81,48,8,10,35,5,84,118"/><T92/><D124/><U102/><E6/><V19/><F43/><W80/><G118/><T72/><D105/><U66/><E66/><V103/><F112/><W12/><G35/><T130/><D130/><U76/><E46/><V23/><F121/><N who="1" m="46697" /><E129/><V3/><F108/><N who="1" m="41577" /><E76/><V65/><F132/><W70/><G70/><T125/><D125/><U135/><E135/><V56/><F117/><W27/><G42/><N who="0" m="22615" /><D13/><U52/><E52/><V22/><F65/><W40/><G40/><T114/><D20/><U49/><E49/><V89/><F89/><AGARI ba="2,2" hai="73,74,85,89,94,100,101,102" m="41577,46697" machi="89" ten="40,5200,0" yaku="14,1,34,2" doraHai="95" who="1" fromWho="2" sc="370,0,180,78,210,-58,220,0" /><INIT seed="1,0,0,4,5,50" ten="370,258,152,220" oya="1" hai0="110,45,7,119,58,100,67,69,5,76,80,60,77" hai1="57,106,28,43,16,97,19,15,18,81,37,127,129" hai2="131,33,36,64,128,107,95,112,82,24,99,134,122" hai3="88,3,98,70,125,59,117,115,11,47,89,26,23"/><U53/><E127/><V40/><F122/><W20/><G70/><T17/><D119/><U8/><E129/><N who="2" m="49739" /><F107/><W65/><G115/><T0/><D110/><U133/><E133/><V130/><N who="2" m="49747" /><V49/><DORA hai="29" /><F134/><W132/><G132/><T54/><D0/><U108/><E108/><V61/><F112/><W135/><G135/><T56/><D100/><U25/><E81/><V116/><F116/><W35/><G125/><T71/><D17/><U63/><E37/><V84/><F36/><W46/><G117/><T123/><D45/><U21/><REACH who="1" step="1"/><E43/><REACH who="1" ten="370,248,152,220" step="2"/><V103/><F40/><W14/><G47/><T85/><D80/><U92/><E92/><V32/><F95/><W55/><G46/><T44/><D44/><U120/><E120/><V52/><F82/><W34/><G3/><T13/><D123/><U101/><AGARI ba="0,1" hai="8,15,16,18,19,21,25,28,53,57,63,97,101,106" machi="101" ten="30,12000,1" yaku="1,1,0,1,52,1,54,1,53,1" doraHai="50,29" doraHaiUra="93,109" who="1" fromWho="1" sc="370,-40,248,130,152,-40,220,-40" /><INIT seed="1,1,0,2,3,0" ten="330,378,112,180" oya="1" hai0="84,34,111,52,123,59,55,86,13,45,80,121,135" hai1="105,4,65,116,10,36,103,125,32,62,113,75,50" hai2="3,66,43,47,5,134,104,114,128,133,23,71,119" hai3="95,63,83,56,37,30,124,92,126,100,108,31,88"/><U90/><E113/><V101/><F119/><W97/><G37/><T26/><D111/><U132/><E116/><V61/><F114/><W1/><G1/><T29/><D135/><N who="2" m="51722" /><F128/><W82/><G108/><T68/><D68/><U48/><E36/><N who="2" m="21991" /><F23/><W2/><G2/><T19/><D45/><U129/><E75/><V28/><F28/><N who="3" m="10795" /><G126/><T33/><D33/><U15/><E32/><V11/><F101/><W42/><G42/><T9/><D86/><U16/><E132/><V98/><F98/><N who="3" m="59463" /><G124/><T102/><D102/><U25/><E129/><V60/><F60/><W53/><AGARI ba="1,0" hai="53,56,63,82,83,88,95,97" m="59463,10795" machi="53" ten="30,2000,0" yaku="8,1,54,1" doraHai="0" who="3" fromWho="3" sc="330,-6,378,-11,112,-6,180,23" /><INIT seed="2,0,0,5,1,129" ten="324,367,106,203" oya="2" hai0="57,94,51,63,102,103,8,106,15,50,52,26,97" hai1="85,44,16,122,130,36,34,113,76,59,1,134,13" hai2="125,28,92,49,115,67,4,109,119,111,104,116,123" hai3="110,25,90,35,33,21,38,118,11,47,82,126,121"/><V17/><F104/><W98/><G118/><N who="2" m="45097" /><F67/><W78/><G121/><T77/><D77/><U108/><E122/><V39/><F39/><W45/><G11/><T18/><D103/><U83/><E36/><V23/><F49/><W93/><G126/><T117/><D117/><U56/><E44/><V22/><F92/><W86/><G110/><N who="2" m="41993" /><F123/><W66/><G66/><T105/><D105/><U19/><E59/><V127/><F115/><W46/><REACH who="3" step="1"/><G38/><REACH who="3" ten="324,367,106,193" step="2"/><T89/><REACH who="0" step="1"/><D26/><REACH who="0" ten="314,367,106,193" step="2"/><U3/><E108/><V75/><F75/><W91/><G91/><T65/><D65/><U135/><E113/><V24/><F4/><W60/><G60/><T120/><D120/><U10/><E76/><V2/><F2/><W42/><G42/><T107/><D107/><U74/><E1/><V84/><F84/><AGARI ba="0,2" hai="8,15,18,50,51,52,57,63,84,89,94,97,102,106" machi="84" ten="30,7700,0" yaku="1,1,7,1,54,1,53,1" doraHai="129" doraHaiUra="55" who="0" fromWho="2" sc="314,97,367,0,106,-77,193,0" /><INIT seed="3,0,0,0,3,107" ten="411,367,29,193" oya="3" hai0="35,126,10,51,42,44,73,83,29,105,15,38,16" hai1="60,82,123,56,41,100,12,59,43,99,14,109,64" hai2="135,130,89,24,5,32,128,50,75,85,26,7,61" hai3="1,77,28,54,119,78,108,129,36,110,98,117,80"/><W69/><G1/><T101/><D126/><U3/><E123/><V66/><F50/><W31/><G36/><T71/><D71/><U116/><E3/><V57/><F85/><W96/><G69/><T47/><D35/><U19/><E109/><N who="3" m="42090" /><G54/><T86/><D29/><N who="3" m="11337" /><G80/><T120/><D120/><U70/><E116/><N who="3" m="44618" /><G129/><T84/><D73/><U74/><E70/><V93/><F32/><W92/><G92/><T104/><D83/><U127/><E56/><V52/><F93/><W13/><G13/><T94/><D94/><U37/><E37/><V132/><F57/><W2/><G2/><T68/><D68/><U63/><E12/><V76/><F61/><W114/><G114/><T72/><D72/><U65/><E60/><V113/><F113/><W134/><G134/><T121/><D105/><U49/><E49/><V18/><F66/><W23/><G23/><T90/><D104/><U112/><E65/><V97/><F52/><W27/><G27/><T91/><D51/><U79/><E112/><V20/><F20/><W8/><G8/><T124/><D10/><U34/><E34/><V95/><F95/><W133/><G133/><T131/><D131/><U17/><E14/><V122/><F122/><W33/><G33/><T53/><D15/><U45/><E82/><V58/><F58/><W102/><G102/><T87/><D101/><U39/><E100/><V115/><F115/><W48/><G48/><N who="0" m="28807" /><D121/><U62/><E39/><V25/><F132/><W6/><G6/><T0/><D0/><U4/><E4/><V22/><F135/><W88/><G78/><T46/><D38/><RYUUKYOKU ba="0,0" sc="411,0,367,0,29,0,193,0" owari="411,51.1,367,16.7,29,-47.1,193,-20.7" /></mjloggm>