<mjloggm ver="2.3"><GO type="225" lobby="0"/><UN n0="%E3%82%B2%E3%82%B9%E8%8C%82%E5%8B%9D" n1="%E3%82%8C%E3%81%99%E3%81%93" n2="%33%74%72%65%65" n3="%E6%9D%B1%E9%A2%A8%E3%81%AE%E3%81%8D%E3%82%83%E3%81%B7%E3%81%95%E3%82%93" dan="16,16,16,17" rate="2132.75,2102.53,2094.67,2216.14" sx="F,F,F,M"/><TAIKYOKU oya="0"/><INIT seed="0,0,0,4,5,81" ten="250,250,250,250" oya="0" hai0="62,23,17,114,87,55,30,115,31,93,125,102,85" hai1="28,134,95,34,1,77,4,105,126,46,80,110,53" hai2="32,35,63,70,21,15,75,49,6,26,89,97,13" hai3="20,78,7,127,56,88,33,103,117,79,54,42,135"/><T9/><D125/><U100/><E126/><V82/><F70/><W47/><G33/><T65/><D9/><U5/><E105/><V59/><F49/><W128/><G103/><T57/><D114/><U24/><E1/><V16/><F75/><W121/><G7/><T86/><D115/><U108/><E134/><V101/><F6/><W104/><G104/><T43/><D43/><U119/><E119/><V60/><F60/><W133/><G20/><T113/><D113/><U48/><E100/><V118/><F118/><W116/><G127/><T96/><D65/><U44/><E44/><V72/><F35/><W124/><G124/><T29/><D29/><U36/><E95/><V111/><F32/><W40/><G40/><T74/><D74/><U129/><E36/><V2/><F2/><W14/><G42/><T45/><D45/><U92/><E92/><N who="2" m="58535" /><F72/><W131/><G47/><T27/><AGARI ba="0,0" hai="17,23,27,30,31,55,57,62,85,86,87,93,96,102" machi="27" ten="30,12000,1" yaku="0,1,8,1,52,3" doraHai="81" who="0" fromWho="0" sc="250,120,250,-40,250,-40,250,-40" /><INIT seed="0,1,0,0,1,28" ten="370,210,210,210" oya="0" hai0="66,48,18,1,131,32,86,40,7,76,107,53,46" hai1="81,19,83,112,124,93,118,105,44,87,14,119,98" hai2="82,125,34,31,3,5,134,26,133,65,92,106,78" hai3="73,60,97,64,103,129,77,52,126,72,21,42,59"/><T36/><D131/><U58/><E105/><V41/><F106/><W43/><G129/><T45/><D107/><U109/><E109/><V56/><F125/><W111/><G126/><T108/><D108/><U110/><E110/><V38/><F92/><W79/><G111/><T50/><D66/><U91/><E124/><V114/><F114/><W20/><G64/><T11/><D18/><U104/><E104/><V62/><F5/><W120/><G120/><T132/><D132/><N who="2" m="50794" /><F3/><W6/><G6/><T23/><D23/><N who="3" m="8777" /><G72/><T13/><D1/><U9/><E112/><V99/><F99/><W102/><G73/><T116/><D116/><U17/><E17/><V12/><F12/><W51/><G60/><T29/><D36/><U16/><E19/><V0/><F0/><W33/><G33/><T74/><D74/><U89/><E58/><V95/><F95/><N who="3" m="58687" /><G103/><T35/><D29/><U22/><E22/><V121/><F121/><W63/><G63/><T113/><D113/><U57/><E57/><V135/><F135/><W27/><G27/><T30/><D30/><U10/><E10/><V2/><F2/><W55/><G55/><T90/><REACH who="0" step="1"/><D76/><AGARI ba="1,0" hai="42,43,51,52,59,76,77,79" m="58687,8777" machi="76" ten="30,2000,0" yaku="8,1,54,1" doraHai="28" who="3" fromWho="0" sc="370,-23,210,0,210,0,210,23" /><INIT seed="1,0,0,5,2,32" ten="347,210,210,233" oya="1" hai0="82,126,127,84,15,27,40,88,21,81,54,53,7" hai1="114,68,0,5,69,1,51,93,6,110,85,135,46" hai2="19,130,71,96,94,22,50,101,47,77,9,8,37" hai3="133,95,124,56,10,120,44,58,121,102,16,74,13"/><U72/><E114/><V98/><F130/><W65/><G74/><T33/><D33/><U78/><E72/><V73/><F37/><W28/><G133/><T42/><D81/><U20/><E135/><V111/><F111/><W35/><G124/><N who="0" m="47659" /><D42/><U90/><E78/><V62/><F98/><W55/><G44/><T18/><D40/><U34/><E34/><V2/><F71/><W23/><G35/><T83/><D83/><U66/><E20/><V36/><F36/><W52/><G121/><T132/><D132/><U87/><E110/><V113/><F113/><W45/><G120/><T106/><D106/><U105/><E105/><V115/><F115/><W112/><G112/><T17/><D7/><U91/><E46/><V128/><F47/><W57/><G45/><T116/><D116/><U67/><E51/><V134/><F50/><W92/><G65/><T25/><D25/><U118/><REACH who="1" step="1"/><E93/><REACH who="1" ten="347,200,210,233" step="2"/><V122/><F94/><W31/><G92/><T117/><D117/><AGARI ba="0,1" hai="0,1,5,6,66,67,68,69,85,87,90,91,117,118" machi="117" ten="25,24000,3" yaku="1,1,2,1,22,2,52,2,53,2" doraHai="32" doraHaiUra="3" who="1" fromWho="0" sc="347,-240,200,250,210,0,233,0" /><INIT seed="1,1,0,2,5,130" ten="107,450,210,233" oya="1" hai0="75,21,77,18,63,111,123,117,56,85,3,58,62" hai1="8,94,99,13,26,7,34,92,55,109,31,97,134" hai2="1,11,98,33,49,95,66,45,6,51,23,89,83" hai3="102,65,132,43,25,38,54,115,20,104,53,126,131"/><U127/><E127/><V129/><F129/><W9/><G9/><T76/><D111/><U46/><E109/><V50/><F33/><W64/><G102/><T112/><D112/><U42/><E55/><V110/><F110/><W105/><G126/><T125/><D125/><U12/><E134/><V41/><F66/><W28/><G131/><T86/><D117/><U27/><E27/><V0/><F0/><W122/><G122/><T19/><D3/><U84/><E84/><V101/><F23/><W78/><G78/><T73/><REACH who="0" step="1"/><D21/><REACH who="0" ten="97,450,210,233" step="2"/><U14/><E8/><V100/><REACH who="2" step="1"/><F83/><REACH who="2" ten="97,450,200,233" step="2"/><W81/><G20/><T91/><D91/><U30/><E34/><V96/><F96/><W44/><G81/><T82/><D82/><U57/><E99/><V60/><F60/><W39/><G115/><T36/><D36/><AGARI ba="1,2" hai="1,6,11,36,41,45,49,50,51,89,95,98,100,101" machi="36" ten="40,8000,1" yaku="1,1,53,3" doraHai="130" doraHaiUra="47" who="2" fromWho="0" sc="97,-83,450,0,200,103,233,0" /><INIT seed="2,0,0,4,2,91" ten="14,450,303,233" oya="2" hai0="126,23,119,0,131,85,16,81,31,42,116,12,32" hai1="1,88,64,28,106,60,129,78,133,127,128,18,123" hai2="11,19,71,68,7,82,14,63,13,74,54,117,93" hai3="122,114,67,50,121,90,26,40,96,17,94,51,10"/><V76/><F117/><N who="0" m="45130" /><D42/><U48/><E133/><V69/><F63/><W3/><G114/><T5/><D85/><U22/><E127/><V101/><F54/><W108/><G108/><T77/><D81/><U59/><E106/><V61/><F61/><W53/><G67/><T24/><D77/><U105/><E105/><V107/><F107/><W83/><G40/><T30/><D126/><U8/><E78/><V21/><REACH who="2" step="1"/><F101/><REACH who="2" ten="14,450,293,233" step="2"/><W72/><G53/><T6/><D131/><U104/><E104/><V109/><F109/><W89/><G121/><T15/><D30/><U49/><E123/><V45/><F45/><W73/><G122/><T75/><D75/><U9/><E129/><V112/><F112/><W34/><G72/><T102/><D102/><U99/><E128/><V20/><F20/><W80/><G73/><T44/><D44/><U135/><E28/><V132/><F132/><W92/><G34/><T4/><D12/><U55/><E135/><V41/><F41/><W65/><G65/><T124/><D124/><U38/><E64/><V46/><F46/><W43/><G43/><T29/><D29/><U27/><E22/><V62/><F62/><W37/><G37/><T134/><D134/><U66/><E38/><V113/><F113/><W130/><G130/><T56/><D56/><U33/><E66/><V58/><F58/><W120/><G120/><T25/><D15/><U98/><E33/><V100/><F100/><W87/><G3/><AGARI ba="0,1" hai="0,3,4,5,6,16,23,24,25,31,32" m="45130" machi="3" ten="30,7700,0" yaku="12,1,34,2,54,1" doraHai="91" who="0" fromWho="3" sc="14,87,450,0,293,0,233,-77" /><INIT seed="3,0,0,3,3,48" ten="101,450,293,156" oya="3" hai0="28,86,133,103,16,9,49,66,115,78,123,31,68" hai1="52,122,124,32,42,89,36,63,12,65,132,107,85" hai2="60,4,114,118,81,39,44,56,2,7,102,41,13" hai3="100,121,38,17,88,69,51,99,34,15,101,40,37"/><W64/><G34/><T46/><D123/><U82/><E32/><V0/><F114/><W113/><G113/><T71/><D115/><U104/><E122/><V130/><F118/><W75/><G75/><T43/><D133/><U96/><E132/><V8/><F130/><W97/><G121/><T62/><D71/><U58/><E124/><V33/><F33/><W79/><G79/><T112/><D112/><U76/><E42/><V23/><F102/><W53/><G40/><T27/><D103/><U5/><E36/><V50/><F23/><W98/><G64/><T105/><D105/><U10/><E96/><V74/><F4/><W93/><G69/><T119/><D119/><U3/><E89/><V59/><F59/><N who="3" m="33215" /><G37/><T6/><D78/><U127/><E127/><V129/><F129/><W80/><G80/><T110/><D110/><U84/><E84/><V25/><F39/><W55/><G38/><T67/><D86/><U26/><E3/><V22/><F81/><W109/><G109/><T1/><D67/><U35/><E65/><V125/><F74/><W134/><G134/><T72/><D72/><U128/><E128/><V61/><F125/><W77/><G77/><T73/><D73/><U91/><E76/><V95/><F0/><W126/><G126/><T18/><D31/><U108/><E108/><V92/><F2/><W54/><G101/><T11/><D9/><U90/><E90/><V57/><F8/><N who="3" m="6375" /><G100/><T111/><D111/><U131/><E131/><V120/><F120/><W135/><G98/><T21/><D43/><U30/><AGARI ba="0,0" hai="5,10,12,26,30,35,52,58,63,82,85,91,104,107" machi="30" ten="30,4000,0" yaku="0,1,52,1,54,1" doraHai="48" who="1" fromWho="1" sc="101,-10,450,40,293,-10,156,-20" owari="91,-40.9,490,59.0,283,8.3,136,-26.4" /></mjloggm>