<mjloggm ver="2.3"><GO type="225" lobby="0"/><UN n0="%E9%B3%B3%E6%9D%B1%E3%81%AE%E3%81%BF%E3%81%91%E3%81%AB%E3%82%83%E3%82%93" n1="%E5%8D%A0%E3%81%84%E5%B8%AB%E8%A3%8F%E3%81%AA%E3%81%84%E3%81%97" n2="%48%61%61%61%6C%61%6E%64" n3="%E3%81%B5%E3%81%98%E3%81%8B%E3%81%A4" dan="17,16,18,16" rate="2164.65,2158.85,2282.54,2175.65" sx="F,M,M,M"/><TAIKYOKU oya="0"/><INIT seed="0,0,0,4,3,61" ten="250,250,250,250" oya="0" hai0="37,75,2,33,90,60,31,36,47,102,100,83,82" hai1="49,56,129,53,8,5,70,128,124,23,3,35,111" hai2="51,27,92,34,93,41,80,65,131,59,94,96,109" hai3="22,73,39,6,106,135,76,116,86,101,122,113,97"/><T11/><D33/><U7/><E35/><V20/><F109/><W28/><G39/><T119/><D31/><U132/><E111/><V48/><F131/><N who="1" m="50249" /><E132/><V133/><F133/><W99/><G116/><T44/><D119/><U121/><E121/><V127/><F127/><W24/><G122/><T69/><D11/><N who="1" m="2495" /><E23/><V57/><F34/><W74/><G135/><T40/><D2/><N who="1" m="119" /><E70/><V114/><F20/><W72/><G6/><T123/><D123/><U108/><E108/><V77/><F27/><W32/><G32/><T88/><D69/><U52/><E53/><V112/><F96/><W64/><G99/><T42/><REACH who="0" step="1"/><D60/><REACH who="0" ten="240,250,250,250" step="2"/><U107/><E107/><V115/><F114/><W84/><G113/><T13/><D13/><U38/><E38/><V91/><F112/><W50/><G76/><T17/><D17/><U117/><E117/><V68/><F115/><W25/><G50/><T85/><D85/><U10/><E10/><V120/><F120/><W95/><G25/><T125/><D125/><AGARI ba="0,1" hai="49,52,56,124,125" m="119,2495,50249" machi="125" ten="30,2000,0" yaku="19,1,54,1" doraHai="61" who="1" fromWho="0" sc="240,-20,250,30,250,0,250,0" /><INIT seed="1,0,0,3,4,130" ten="220,280,250,250" oya="1" hai0="115,120,77,42,122,33,119,26,134,21,1,59,127" hai1="97,32,4,23,31,2,51,28,43,84,25,133,16" hai2="55,47,36,17,52,63,41,18,90,93,126,56,45" hai3="37,46,80,87,49,102,89,75,72,94,92,121,69"/><U66/><E28/><V3/><F3/><W104/><G121/><N who="0" m="46699" /><D115/><U14/><E66/><V85/><REACH who="2" step="1"/><F126/><REACH who="2" ten="220,280,240,250" step="2"/><W30/><G72/><T29/><D1/><U60/><E2/><V58/><F58/><W123/><G75/><T0/><D0/><U116/><E116/><V86/><F86/><W117/><G123/><T99/><D127/><U78/><E84/><V27/><F27/><W44/><G117/><T100/><D119/><U7/><E97/><V118/><F118/><W113/><G87/><T70/><D59/><U67/><E78/><V34/><F34/><W83/><G69/><T10/><D70/><U22/><E32/><V128/><F128/><W114/><G114/><T68/><D68/><U79/><E79/><V12/><F12/><W40/><G113/><T110/><D77/><U35/><E35/><V15/><F15/><W73/><G73/><T124/><D124/><U98/><E98/><V64/><F64/><W71/><G71/><T81/><D33/><U125/><E125/><V48/><AGARI ba="0,1" hai="17,18,36,41,45,47,48,52,55,56,63,85,90,93" machi="48" ten="30,4000,0" yaku="1,1,0,1,54,1,53,0" doraHai="130" doraHaiUra="95" who="2" fromWho="2" sc="220,-10,280,-20,240,50,250,-10" /><INIT seed="2,0,0,0,3,107" ten="210,260,290,240" oya="2" hai0="105,118,93,75,117,94,36,66,12,109,113,13,70" hai1="74,76,37,71,38,84,19,90,135,61,127,88,120" hai2="23,2,77,125,86,24,116,96,5,17,80,114,18" hai3="67,111,4,56,58,33,121,104,133,108,51,54,44"/><V1/><F114/><W112/><G33/><T6/><D36/><U78/><E127/><V42/><F116/><N who="0" m="44650" /><D105/><U123/><E135/><V7/><F125/><W68/><G104/><T25/><D113/><U15/><E71/><V28/><F42/><W72/><G112/><T134/><D134/><U53/><E61/><V49/><F49/><W0/><G121/><N who="1" m="46666" /><E53/><V20/><F96/><W97/><G97/><T52/><D25/><U35/><E35/><V16/><REACH who="2" step="1"/><F20/><REACH who="2" ten="210,260,280,240" step="2"/><W65/><G133/><T11/><D109/><U60/><E38/><V119/><F119/><W31/><G111/><T57/><D12/><U81/><E37/><V99/><F99/><W130/><G108/><T132/><D132/><U34/><E34/><V102/><F102/><W47/><G51/><N who="0" m="30879" /><D75/><U39/><E39/><V62/><F62/><AGARI ba="0,1" hai="6,11,13,62,66,70,93,94" m="30879,44650" machi="62" ten="30,2000,0" yaku="12,1,54,1" doraHai="107" who="0" fromWho="2" sc="210,30,260,0,280,-20,240,0" /><INIT seed="3,0,0,4,5,110" ten="240,260,260,240" oya="3" hai0="91,90,131,7,61,135,57,86,6,56,19,55,102" hai1="129,103,111,133,67,89,47,93,124,127,87,33,13" hai2="42,54,26,106,123,17,60,70,18,98,1,118,130" hai3="82,2,48,97,134,92,116,52,73,74,21,94,0"/><W76/><G116/><T66/><D135/><U38/><E111/><V71/><F118/><W39/><G39/><T78/><D131/><U126/><E33/><V22/><F1/><W113/><G134/><T108/><D108/><U79/><E133/><V4/><F4/><W9/><G113/><T84/><D102/><U12/><E129/><V44/><F130/><W43/><G43/><T107/><D107/><U85/><E103/><V62/><F123/><W119/><G74/><T46/><D46/><U10/><E67/><V72/><F72/><W58/><G94/><T8/><D78/><U121/><E121/><V15/><F106/><W109/><G119/><T81/><D19/><U80/><E10/><V51/><F98/><W23/><G109/><T14/><D7/><U128/><E128/><V59/><REACH who="2" step="1"/><F62/><REACH who="2" ten="240,260,250,240" step="2"/><W96/><G96/><T63/><D84/><U105/><E105/><V16/><F16/><W36/><G0/><T28/><D28/><U115/><E115/><V112/><F112/><W20/><G36/><T99/><D99/><U95/><E38/><V35/><F35/><W88/><REACH who="3" step="1"/><G2/><REACH who="3" ten="240,260,250,230" step="2"/><T25/><D86/><U77/><E87/><V50/><F50/><W69/><G69/><T65/><D81/><U120/><E80/><V53/><F53/><W125/><G125/><T41/><D55/><U49/><E126/><V37/><F37/><W100/><G100/><T11/><D41/><N who="1" m="24815" /><E127/><V24/><F24/><W83/><G83/><T114/><D25/><U132/><E124/><V30/><F30/><W75/><G75/><T68/><D68/><U3/><E85/><RYUUKYOKU ba="0,2" sc="240,-15,260,-15,250,15,230,15" hai2="15,17,18,22,26,42,44,51,54,59,60,70,71" hai3="9,20,21,23,48,52,58,73,76,82,88,92,97" /><INIT seed="3,1,2,4,3,24" ten="225,245,265,245" oya="3" hai0="7,131,92,1,112,0,10,29,63,94,12,74,37" hai1="127,50,55,116,30,125,73,134,64,128,75,39,68" hai2="16,25,17,66,56,78,58,100,124,107,47,61,42" hai3="70,72,26,106,36,52,49,77,67,41,108,101,84"/><W38/><G72/><T46/><D74/><U3/><E3/><V132/><F124/><N who="1" m="47689" /><E116/><V120/><F78/><W54/><G106/><T114/><D131/><U117/><E117/><V122/><F132/><W135/><G101/><T80/><D80/><U121/><E121/><N who="2" m="46699" /><F56/><N who="3" m="32783" /><G84/><T32/><D63/><N who="1" m="39967" /><E134/><V83/><F83/><W96/><G96/><T118/><D118/><U119/><E39/><N who="3" m="14890" /><G26/><N who="0" m="18487" /><D46/><N who="1" m="28119" /><E128/><V9/><F9/><W115/><G135/><T111/><D37/><U85/><E119/><V5/><F5/><W86/><G115/><N who="0" m="44075" /><D111/><U97/><E97/><N who="2" m="61839" /><F25/><W102/><G108/><T48/><D48/><AGARI ba="1,2" hai="16,17,42,47,48,58,61,66" m="61839,46699" machi="48" ten="30,2000,0" yaku="13,1,54,1" doraHai="24" who="2" fromWho="0" sc="225,-23,245,0,265,43,245,0" owari="202,-29.8,245,4.5,308,40.8,245,-15.5" /></mjloggm>