<mjloggm ver="2.3"><GO type="225" lobby="0"/><UN n0="%E8%81%B7%E6%A5%AD%E3%80%81%E9%A2%A8%32" n1="%E6%A1%9C%E8%8A%B1%E9%96%83%E3%80%85" n2="%E6%B8%A9%E2%98%85%E6%83%85%E2%98%85%E6%8E%AA%E2%98%85%E7%BD%AE" n3="%E3%81%9F%E3%81%8C%E3%82%84%E3%81%99" dan="16,16,16,17" rate="2148.31,2107.62,2156.29,2183.99" sx="M,M,M,M"/><TAIKYOKU oya="0"/><INIT seed="0,0,0,1,1,28" ten="250,250,250,250" oya="0" hai0="5,31,109,23,11,68,77,65,75,93,101,55,72" hai1="15,127,12,37,57,104,46,18,102,120,14,124,21" hai2="81,33,69,13,82,62,90,66,35,97,4,88,94" hai3="133,99,36,39,85,110,44,34,7,84,135,24,16"/><T106/><D106/><U105/><E57/><V86/><REACH who="2" step="1"/><F81/><REACH who="2" ten="250,250,240,250" step="2"/><W114/><G7/><T53/><D5/><U95/><E127/><V71/><F71/><W52/><G114/><T122/><D68/><U54/><E124/><V1/><F1/><W42/><G110/><T92/><D109/><U121/><E121/><V125/><F125/><W38/><G135/><T25/><D122/><U26/><E120/><V3/><F3/><W131/><G133/><T112/><D112/><U58/><E105/><V80/><F80/><W2/><G2/><T32/><D93/><U56/><E104/><V64/><F64/><W98/><G131/><T49/><D65/><U17/><E95/><V87/><F87/><W60/><G85/><T10/><D92/><U115/><E115/><V43/><F43/><W67/><G84/><T76/><D75/><U9/><E9/><AGARI ba="0,1" hai="4,9,13,33,35,62,66,69,82,86,88,90,94,97" machi="9" ten="40,12000,2" yaku="21,2,52,2,54,1,53,1" doraHai="28" doraHaiUra="89" who="2" fromWho="1" sc="250,0,250,-120,240,130,250,0" /><INIT seed="1,0,0,3,0,120" ten="250,130,370,250" oya="1" hai0="24,80,125,123,91,23,38,74,66,57,118,40,36" hai1="113,71,101,107,22,18,4,102,105,11,10,62,73" hai2="41,114,17,52,46,20,106,67,21,0,97,131,12" hai3="134,115,104,99,126,30,79,96,64,68,34,87,129"/><U109/><E113/><V75/><F0/><W49/><G49/><T76/><D118/><U1/><E73/><V7/><F75/><W6/><G115/><T135/><D125/><U93/><E11/><V47/><F114/><W61/><G6/><T55/><D135/><U33/><E33/><V25/><F67/><W132/><G126/><T63/><D40/><U28/><E28/><V108/><F131/><W60/><G60/><T81/><D123/><U116/><E116/><V70/><F70/><W130/><G87/><T14/><D14/><U59/><E71/><V9/><F106/><W121/><G79/><T43/><D43/><U51/><E51/><N who="2" m="27087" /><F97/><W26/><G99/><T77/><D91/><U86/><E86/><V44/><F52/><W124/><G121/><T58/><D81/><U111/><E93/><V84/><F84/><W32/><G32/><T82/><D80/><U19/><E107/><V50/><F50/><W15/><G15/><T117/><D117/><U45/><E45/><V31/><F47/><W29/><G29/><T8/><D77/><U16/><E22/><V94/><F94/><W27/><G27/><T42/><D8/><U122/><E122/><V90/><F44/><W78/><G78/><T65/><D42/><U110/><E105/><V103/><F90/><W127/><G127/><T112/><D112/><U48/><E48/><V56/><F56/><W5/><G124/><T89/><D89/><U35/><E35/><V133/><F103/><N who="3" m="62567" /><G5/><T100/><D100/><U13/><E1/><N who="2" m="239" /><F133/><AGARI ba="0,0" hai="26,30,34,61,64,68,129,130,132,133,134" m="62567" machi="133" ten="30,3900,0" yaku="25,1,20,1,23,1" doraHai="120" who="3" fromWho="2" sc="250,0,130,0,370,-39,250,39" /><INIT seed="2,0,0,3,0,20" ten="250,130,331,289" oya="2" hai0="82,96,135,130,65,125,127,51,98,5,129,132,38" hai1="69,64,39,114,44,28,55,40,16,3,118,122,68" hai2="59,24,18,42,85,53,80,88,128,123,119,75,124" hai3="121,14,30,36,109,74,117,47,31,90,60,15,70"/><V131/><F123/><W58/><G74/><T1/><D38/><U134/><E3/><V111/><F119/><W77/><G77/><T86/><D65/><U12/><E118/><V112/><F112/><W107/><G107/><T8/><D51/><U95/><E114/><V50/><F124/><N who="0" m="47690" /><D86/><U91/><E134/><N who="0" m="51241" /><D82/><U83/><E122/><V116/><F116/><W17/><G14/><T34/><D34/><U126/><E126/><V13/><F75/><W6/><G6/><T110/><D110/><U2/><E2/><V35/><F111/><W72/><G70/><T46/><D46/><U97/><E64/><V48/><F48/><W76/><G76/><T103/><D103/><U61/><E83/><V11/><F42/><W87/><G72/><T23/><D23/><U120/><E120/><V27/><F35/><W62/><G62/><T22/><D22/><U106/><E106/><V43/><F43/><W108/><G117/><T57/><D57/><U71/><E28/><V54/><F54/><W45/><G121/><T67/><D67/><U78/><E78/><V92/><F80/><N who="3" m="49511" /><G109/><T52/><D52/><U33/><E33/><V7/><F53/><N who="3" m="33871" /><G36/><T41/><D41/><U94/><E94/><V10/><F50/><W26/><G108/><T66/><D66/><U21/><REACH who="1" step="1"/><E71/><REACH who="1" ten="250,120,331,289" step="2"/><V100/><F92/><W79/><G79/><T29/><D29/><U102/><E102/><V84/><F100/><W49/><G31/><T63/><D63/><U115/><E115/><V19/><F88/><W89/><G30/><T113/><D113/><U99/><E99/><AGARI ba="0,1" hai="1,5,8,96,98,99,129,130" m="51241,47690" machi="99" ten="40,8000,1" yaku="30,2,18,1,20,1" doraHai="20" who="0" fromWho="1" sc="250,90,120,-80,331,0,289,0" /><INIT seed="3,0,0,2,5,61" ten="340,40,331,289" oya="3" hai0="19,91,54,81,21,132,7,118,120,98,71,110,66" hai1="70,39,134,94,10,83,84,38,9,60,80,88,28" hai2="124,86,97,64,87,101,16,115,58,82,125,30,93" hai3="63,78,77,14,18,8,104,52,56,69,24,126,100"/><W108/><G69/><T112/><D118/><U4/><E4/><V34/><F115/><W11/><G126/><N who="2" m="48745" /><F16/><W36/><G36/><T85/><D112/><U43/><E43/><V49/><F30/><W109/><G100/><T62/><D120/><U32/><E32/><V20/><F34/><W5/><G104/><T13/><D110/><N who="3" m="42601" /><G24/><T89/><D132/><U41/><E41/><V48/><F20/><W74/><G74/><T3/><D3/><AGARI ba="0,0" hai="3,5,8,11,14,18,52,56,63,77,78" m="42601" machi="3" ten="30,5800,0" yaku="14,1,10,1,54,1" doraHai="61" who="3" fromWho="0" sc="340,-58,40,0,331,0,289,58" owari="282,-11.8,40,-46.0,331,13.1,347,44.7" /></mjloggm>