<mjloggm ver="2.3"><GO type="225" lobby="0"/><UN n0="%72%69%6F%75%63%68%61%6E" n1="%E3%81%9F%E3%81%93%E2%98%86%E7%84%BC%E3%81%8D" n2="%E3%81%BF%E3%81%BF%E3%81%9A" n3="%E3%81%82%E3%83%BC%E3%81%97" dan="16,16,17,16" rate="2220.91,2096.92,2238.58,2118.39" sx="M,M,M,M"/><TAIKYOKU oya="0"/><INIT seed="0,0,0,0,1,120" ten="250,250,250,250" oya="0" hai0="11,55,2,130,52,83,127,66,112,110,121,33,49" hai1="119,116,46,47,131,5,86,37,67,133,105,3,61" hai2="18,26,69,77,122,91,23,78,117,101,9,89,48" hai3="50,32,134,113,36,104,30,13,68,57,24,85,107"/><T75/><D110/><U80/><E105/><V135/><F122/><W28/><G113/><T22/><D112/><U74/><E131/><V41/><F69/><W29/><G36/><T103/><D121/><U8/><E46/><N who="2" m="25679" /><F135/><W14/><G68/><T115/><D115/><U40/><E133/><V82/><F117/><W27/><G134/><T44/><D127/><U59/><E86/><N who="2" m="50391" /><F101/><W124/><G124/><T108/><D108/><U25/><E25/><V87/><F9/><W6/><G6/><T56/><D33/><U19/><E19/><V98/><F98/><W102/><G102/><T132/><D132/><U129/><E129/><V12/><F26/><N who="3" m="9771" /><G32/><T10/><D130/><U38/><E38/><V53/><F53/><N who="3" m="31927" /><G107/><T65/><D103/><U72/><E72/><V35/><F35/><W15/><G104/><T45/><D22/><U54/><E54/><V123/><F123/><W17/><G85/><T99/><D99/><U51/><E51/><V95/><AGARI ba="0,0" hai="12,18,23,77,78,87,91,95" m="50391,25679" machi="95" ten="30,1100,0" yaku="8,1" doraHai="120" who="2" fromWho="2" sc="250,-5,250,-3,250,11,250,-3" /><INIT seed="1,0,0,0,5,54" ten="245,247,261,247" oya="1" hai0="52,111,45,37,29,133,58,67,132,46,134,85,96" hai1="43,68,16,108,123,117,50,135,131,2,32,84,5" hai2="4,19,126,69,36,101,6,99,77,26,122,70,89" hai3="91,39,130,42,106,14,78,103,20,63,116,38,105"/><U25/><E68/><V53/><F122/><W30/><G130/><T11/><D111/><U65/><E117/><V109/><F36/><W93/><G103/><T115/><D115/><U59/><E123/><V128/><F77/><W22/><G116/><T76/><D29/><U51/><E131/><V7/><F128/><W86/><G78/><T41/><D11/><U102/><E32/><V119/><F119/><W120/><G39/><T62/><D96/><U44/><E135/><V92/><F109/><W10/><G42/><T79/><REACH who="0" step="1"/><D85/><REACH who="0" ten="235,247,261,247" step="2"/><U110/><E84/><V81/><F99/><W8/><G120/><T56/><D56/><U121/><E121/><V72/><F70/><W9/><G30/><T24/><D24/><U40/><E25/><V87/><F69/><W75/><G14/><T3/><D3/><U66/><E2/><V64/><F72/><W35/><G75/><T88/><D88/><U125/><E102/><V21/><F101/><W18/><G86/><T15/><D15/><U27/><E27/><V95/><F81/><W107/><G10/><T49/><AGARI ba="0,1" hai="37,41,45,46,49,52,58,62,67,76,79,132,133,134" machi="49" ten="40,12000,2" yaku="1,1,0,1,20,1,52,1,54,1,53,1" doraHai="54" doraHaiUra="48" who="0" fromWho="0" sc="235,130,247,-60,261,-30,247,-30" /><INIT seed="2,0,0,2,4,0" ten="365,187,231,217" oya="2" hai0="44,129,20,120,98,117,95,115,86,22,114,27,7" hai1="80,40,135,48,84,46,63,26,102,109,94,43,30" hai2="111,32,2,89,127,75,88,45,33,34,31,53,134" hai3="42,71,112,3,21,25,91,70,10,36,93,125,116"/><V9/><F75/><W52/><G116/><T99/><D120/><U18/><E109/><V90/><F111/><W57/><G125/><T68/><D68/><U126/><E135/><V15/><F127/><W77/><G77/><T1/><D117/><U110/><E110/><V54/><F134/><W108/><G108/><T103/><D129/><U85/><E18/><V50/><F2/><W100/><G100/><T16/><D86/><U131/><E131/><V12/><F31/><W76/><G76/><T113/><D44/><U105/><E105/><V13/><REACH who="2" step="1"/><F54/><REACH who="2" ten="365,187,221,217" step="2"/><W79/><G3/><T29/><D1/><U35/><E126/><V6/><AGARI ba="0,1" hai="6,9,12,13,15,32,33,34,45,50,53,88,89,90" machi="6" ten="40,12000,1" yaku="1,1,2,1,0,1,52,1,54,1,53,0" doraHai="0" doraHaiUra="58" who="2" fromWho="2" sc="365,-40,187,-40,221,130,217,-40" /><INIT seed="2,1,0,4,3,55" ten="325,147,351,177" oya="2" hai0="1,115,63,22,67,80,10,124,23,128,4,0,66" hai1="30,45,59,61,101,113,19,40,79,90,112,36,100" hai2="106,48,107,131,13,125,109,129,87,57,132,99,31" hai3="21,58,56,74,81,103,6,16,116,20,119,73,25"/><V28/><F125/><W18/><G6/><T121/><D128/><N who="2" m="49226" /><F132/><W17/><G103/><T44/><D124/><U120/><E120/><V93/><F87/><W71/><G71/><T134/><D134/><U114/><E79/><V8/><F109/><W98/><G98/><T32/><D115/><U24/><E19/><N who="2" m="8615" /><F48/><W97/><G97/><T108/><D108/><U2/><E90/><N who="2" m="55735" /><F57/><N who="3" m="22123" /><G81/><T69/><D121/><U72/><E2/><V133/><F133/><W27/><G21/><T84/><D32/><U35/><REACH who="1" step="1"/><E72/><REACH who="1" ten="325,137,351,177" step="2"/><N who="3" m="27754" /><G20/><T11/><D22/><U118/><E118/><AGARI ba="1,1" hai="16,17,18,25,27,116,118,119" m="27754,22123" machi="118" ten="40,12000,2" yaku="28,2,52,3,54,1" doraHai="55" who="3" fromWho="1" sc="325,0,137,-123,351,0,177,133" /><INIT seed="3,0,0,5,5,18" ten="325,14,351,310" oya="3" hai0="51,29,46,43,74,33,30,12,131,25,58,21,85" hai1="24,35,70,102,88,53,71,68,99,59,114,120,121" hai2="111,69,67,92,11,34,129,17,89,19,82,14,63" hai3="37,55,80,13,1,134,48,32,22,15,81,2,3"/><W109/><G32/><T125/><D74/><U73/><E35/><V75/><F111/><W78/><G37/><T47/><D125/><U130/><E73/><V112/><F112/><W41/><G41/><T61/><D131/><U116/><E114/><V124/><F124/><W31/><G109/><T23/><D29/><U5/><E130/><V105/><F105/><W49/><G134/><T135/><D135/><U106/><E5/><V64/><F34/><W56/><G49/><T128/><D128/><U93/><E116/><V6/><F129/><W127/><G127/><T62/><D85/><U107/><E102/><V54/><F54/><W94/><G94/><T40/><D12/><U26/><E107/><V36/><F64/><W27/><REACH who="3" step="1"/><G80/><REACH who="3" ten="325,14,351,300" step="2"/><T117/><D117/><U98/><E106/><V95/><F36/><W38/><G38/><T52/><D61/><U45/><E45/><V66/><F95/><W79/><G79/><T57/><D57/><U60/><E99/><V8/><F92/><W122/><G122/><T72/><D72/><AGARI ba="0,1" hai="1,2,3,13,15,22,27,31,48,55,56,72,78,81" machi="72" ten="40,3900,0" yaku="1,1,52,1,53,0" doraHai="18" doraHaiUra="83" who="3" fromWho="0" sc="325,-39,14,0,351,0,300,49" /><INIT seed="3,1,0,0,5,72" ten="286,14,351,349" oya="3" hai0="45,97,76,115,127,3,31,47,70,14,6,64,122" hai1="113,28,109,124,5,103,48,79,46,80,61,50,111" hai2="107,51,41,84,58,59,21,67,23,130,98,128,68" hai3="117,73,56,116,92,71,15,49,7,96,105,29,95"/><W89/><G71/><T27/><D122/><U90/><E5/><V38/><F38/><W129/><G73/><T81/><D127/><U16/><E28/><V60/><F84/><N who="3" m="52263" /><G105/><T102/><D115/><U39/><E61/><V106/><F58/><W10/><G117/><T53/><D3/><U1/><E1/><V13/><F98/><W94/><G116/><T43/><D53/><U132/><E39/><V19/><F23/><W110/><G129/><N who="2" m="49769" /><F68/><W26/><G110/><T126/><D126/><U17/><E46/><AGARI ba="1,0" hai="13,19,21,41,46,51,59,60,67,106,107" m="49769" machi="46" ten="30,1000,0" yaku="19,1" doraHai="72" who="2" fromWho="1" sc="286,0,14,-13,351,13,349,0" owari="286,-11.4,1,-49.9,364,46.4,349,14.9" /></mjloggm>