<mjloggm ver="2.3"><GO type="225" lobby="0"/><UN n0="%28%EF%BF%A3%E2%96%BD%EF%BF%A3%29%CE%B4%E2%8C%92%E3%83%BB" n1="%E4%BF%BA%E3%81%A8%E5%A6%96%E5%A4%A2" n2="%E3%81%B5%E3%81%98%E3%81%8B%E3%81%A4" n3="%E6%A0%B9%E5%85%83%E3%81%8B%E3%82%89%E5%90%B9%E3%81%A3%E9%A3%9B%E3%81%B6" dan="16,17,16,17" rate="2115.88,2197.68,2172.01,2151.76" sx="M,F,M,F"/><TAIKYOKU oya="0"/><INIT seed="0,0,0,2,1,8" ten="250,250,250,250" oya="0" hai0="65,83,114,24,126,33,124,107,133,86,130,119,14" hai1="72,49,2,87,85,120,88,56,96,55,111,48,127" hai2="21,63,80,94,70,90,98,125,79,93,84,45,77" hai3="106,29,115,28,37,116,58,59,5,19,121,89,26"/><T71/><D107/><U41/><E120/><V69/><F125/><N who="0" m="48234" /><D119/><U118/><E118/><V134/><F134/><W54/><G115/><T62/><D114/><U67/><E72/><V112/><F112/><W92/><G37/><T117/><D117/><U20/><E127/><V13/><F77/><W110/><G106/><T42/><D42/><U46/><E2/><V122/><F122/><W78/><G110/><T34/><D133/><U32/><E32/><V12/><F45/><W57/><G78/><N who="0" m="46455" /><D24/><U44/><E111/><V7/><F63/><N who="3" m="36279" /><G5/><T36/><D36/><U40/><E20/><V135/><F135/><W97/><G121/><T17/><D130/><U47/><E67/><V82/><F70/><W53/><G116/><T101/><D101/><U23/><E23/><AGARI ba="0,0" hai="14,17,23,33,34,62,65,71" m="46455,48234" machi="23" ten="30,2900,0" yaku="18,1,52,1" doraHai="8" who="0" fromWho="1" sc="250,29,250,-29,250,0,250,0" /><INIT seed="0,1,0,1,4,33" ten="279,221,250,250" oya="0" hai0="104,67,72,69,40,22,59,113,128,4,132,114,21" hai1="53,34,58,37,123,115,60,1,11,26,134,43,41" hai2="74,106,71,103,87,20,98,89,32,121,102,112,133" hai3="83,47,13,64,81,100,96,82,97,66,35,95,90"/><T23/><D72/><U122/><E134/><V75/><F32/><W62/><G35/><T45/><D104/><U109/><E109/><V29/><F71/><W124/><G124/><T84/><D132/><U91/><E115/><V52/><F133/><W6/><G47/><T15/><D69/><U8/><E8/><V118/><F112/><W130/><G130/><T46/><D128/><U17/><E37/><V131/><F121/><W12/><G6/><T57/><D4/><U111/><E111/><V117/><F131/><W78/><G78/><T65/><D23/><U77/><E77/><V99/><F29/><W101/><G90/><T44/><D44/><U80/><E122/><V129/><F52/><W36/><G36/><T108/><D84/><U116/><E123/><V2/><F20/><W48/><G48/><T105/><D105/><U68/><E68/><V18/><F18/><W31/><G31/><T54/><D54/><U110/><E110/><V49/><F49/><W27/><G27/><T127/><D108/><U50/><E116/><N who="2" m="44651" /><F2/><W0/><G0/><T9/><D9/><U5/><E50/><V16/><F16/><W120/><G120/><T3/><D3/><U79/><E91/><V28/><F28/><W88/><G88/><T56/><D56/><U39/><E39/><V107/><F129/><W63/><REACH who="3" step="1"/><G82/><AGARI ba="1,0" hai="74,75,82,87,89,98,99,102,103,106,107" m="44651" machi="82" ten="30,3900,0" yaku="12,1,34,2" doraHai="33" who="2" fromWho="3" sc="279,0,221,0,250,42,250,-42" /><INIT seed="1,0,0,3,0,91" ten="279,221,292,208" oya="1" hai0="6,63,30,47,19,117,11,36,56,85,129,75,97" hai1="65,112,76,1,33,89,59,108,98,45,43,107,94" hai2="74,49,105,111,101,51,113,128,121,12,84,64,13" hai3="53,99,118,27,16,133,40,86,103,130,119,0,4"/><U124/><E112/><V5/><F121/><W58/><G130/><T46/><D75/><U114/><E114/><V81/><F128/><W2/><G40/><T73/><D73/><U17/><E33/><V37/><F113/><W50/><G133/><T15/><D36/><U48/><E1/><V104/><F74/><W28/><G86/><T31/><D117/><N who="3" m="44553" /><G4/><T18/><D129/><U54/><E124/><V126/><F37/><W90/><G90/><T102/><D85/><U66/><E108/><V25/><F126/><W26/><G26/><T115/><D115/><U32/><E32/><V71/><F25/><W131/><G131/><T52/><D19/><U72/><E107/><V21/><F64/><W123/><G123/><T55/><D18/><U22/><E76/><V116/><F71/><W44/><G44/><T106/><REACH who="0" step="1"/><D55/><REACH who="0" ten="269,221,292,208" step="2"/><U61/><REACH who="1" step="1"/><E72/><REACH who="1" ten="269,211,292,208" step="2"/><V34/><F116/><W69/><G27/><AGARI ba="0,2" hai="17,22,27,43,45,48,54,59,61,65,66,89,94,98" machi="27" ten="30,24000,3" yaku="1,1,2,1,7,1,25,2,8,1,52,1,53,1" doraHai="91" doraHaiUra="38" who="1" fromWho="3" sc="269,0,211,260,292,0,208,-240" owari="269,-13.1,471,57.1,292,9.2,-32,-53.2" /></mjloggm>