<mjloggm ver="2.3"><GO type="225" lobby="0"/><UN n0="%48%61%61%61%6C%61%6E%64" n1="%E7%99%BD%E6%97%A5%E9%9B%AA%E8%8F%9C" n2="%E7%A6%8F%E5%8E%9F%E9%81%A5%E3%81%A8%E7%B5%90%E5%A9%9A%E3%81%99%E3%82%8B" n3="%E3%83%94%E3%83%B3%E3%82%B5%E3%83%AD%E5%BA%97%E5%93%A1" dan="18,17,17,16" rate="2232.64,2229.90,2117.25,2156.86" sx="M,M,M,M"/><TAIKYOKU oya="0"/><INIT seed="0,0,0,5,5,120" ten="250,250,250,250" oya="0" hai0="73,77,23,45,97,19,38,15,22,100,117,6,55" hai1="90,134,70,109,130,81,89,74,123,92,30,125,20" hai2="63,88,49,66,7,11,69,116,86,2,93,59,113" hai3="103,108,106,54,4,111,27,87,79,78,12,42,127"/><T53/><D117/><U82/><E123/><V40/><F116/><W101/><G127/><T80/><D6/><U31/><E70/><V124/><F124/><W57/><G42/><T10/><D38/><U58/><E125/><V25/><F113/><W126/><G126/><T17/><D45/><U47/><E130/><V119/><F119/><W131/><G131/><T8/><D8/><U68/><E68/><V28/><F40/><W9/><G27/><T129/><D129/><U1/><E1/><V36/><F36/><W84/><G84/><T34/><D34/><U114/><E74/><V32/><REACH who="2" step="1"/><F49/><REACH who="2" ten="250,250,240,250" step="2"/><W118/><G118/><T104/><REACH who="0" step="1"/><D10/><REACH who="0" ten="240,250,240,250" step="2"/><U24/><E114/><V98/><F98/><W85/><G9/><T112/><D112/><U76/><E134/><V132/><F132/><W60/><G4/><T110/><D110/><U51/><E109/><V29/><F29/><W115/><G115/><T121/><D121/><U75/><E31/><V33/><F33/><W96/><G111/><T48/><D48/><U16/><E51/><V95/><F95/><W61/><G108/><T52/><D52/><U39/><E92/><V41/><F41/><W83/><G54/><T91/><D91/><U35/><E90/><V43/><F43/><W65/><G96/><T44/><D44/><U37/><E47/><V128/><F128/><W107/><G107/><T72/><D72/><U14/><E89/><V18/><F18/><W0/><G106/><T67/><D67/><U50/><E81/><V46/><F46/><W135/><G83/><T71/><D71/><AGARI ba="0,2" hai="2,7,11,25,28,32,59,63,66,69,71,86,88,93" machi="71" ten="40,5200,0" yaku="1,1,54,1,53,1" doraHai="120" doraHaiUra="56" who="2" fromWho="0" sc="240,-52,250,0,240,72,250,0" /><INIT seed="1,0,0,2,2,79" ten="188,250,312,250" oya="1" hai0="112,95,18,107,131,119,45,12,80,69,34,118,124" hai1="89,1,33,126,27,121,67,133,28,57,60,10,104" hai2="3,123,15,103,37,93,130,84,135,31,16,58,113" hai3="102,25,9,64,66,109,30,101,96,35,47,105,41"/><U129/><E121/><V2/><F123/><W111/><G102/><T74/><D107/><U7/><E104/><V85/><F37/><W86/><G9/><T94/><D112/><U98/><E126/><V114/><F130/><W73/><G73/><T83/><D124/><U117/><E117/><V14/><F135/><W70/><G86/><T68/><D34/><U36/><E133/><V55/><F31/><W53/><G53/><T24/><D24/><U99/><E129/><V43/><F43/><W5/><G5/><T82/><D74/><U91/><REACH who="1" step="1"/><E36/><REACH who="1" ten="188,240,312,250" step="2"/><V0/><F113/><W90/><G105/><T23/><D131/><U132/><E132/><V4/><F114/><W128/><G128/><T11/><D118/><U97/><AGARI ba="0,1" hai="1,7,10,27,28,33,57,60,67,89,91,97,98,99" machi="97" ten="30,6000,0" yaku="1,1,0,1,53,1" doraHai="79" doraHaiUra="63" who="1" fromWho="1" sc="188,-20,240,70,312,-20,250,-20" /><INIT seed="1,1,0,4,1,60" ten="168,310,292,230" oya="1" hai0="130,25,99,5,74,129,27,62,30,116,50,121,135" hai1="57,51,3,11,89,6,13,8,37,127,22,95,92" hai2="36,124,21,1,126,85,78,65,83,56,125,58,34" hai3="119,96,107,67,76,47,87,113,7,12,118,109,10"/><U103/><E37/><V70/><F34/><W117/><G113/><T17/><D116/><U105/><E105/><V100/><F1/><W110/><G47/><T4/><D74/><U115/><E115/><V122/><F122/><W61/><G76/><T111/><D121/><U69/><E69/><V108/><F108/><N who="3" m="41579" /><G87/><T45/><D111/><U73/><E73/><V49/><F36/><W24/><G24/><T66/><D135/><U77/><E77/><V33/><F33/><W97/><G107/><T53/><D99/><N who="1" m="59879" /><E3/><V40/><F100/><W43/><G43/><T102/><D102/><U80/><E80/><V84/><F84/><W42/><G42/><T39/><D39/><U32/><E32/><V59/><F21/><W94/><G94/><T38/><D38/><U90/><E11/><V9/><F9/><W18/><G7/><T88/><D88/><U68/><E68/><AGARI ba="1,0" hai="10,12,18,61,67,68,96,97,117,118,119" m="41579" machi="68" ten="40,5200,0" yaku="12,1,14,1,52,1" doraHai="60" who="3" fromWho="1" sc="168,0,310,-55,292,0,230,55" /><INIT seed="2,0,0,2,3,29" ten="168,255,292,285" oya="2" hai0="60,68,82,93,112,48,30,97,25,17,78,106,36" hai1="98,64,7,37,49,79,129,88,67,19,121,59,132" hai2="1,61,86,87,80,8,76,108,125,102,100,10,28" hai3="123,56,90,94,52,126,89,0,6,111,9,58,117"/><V83/><F125/><W124/><G117/><T35/><D36/><U54/><E37/><V47/><F108/><W128/><G123/><T53/><D112/><U55/><E132/><V95/><F1/><W73/><G73/><T27/><D106/><U57/><E129/><V130/><F130/><W74/><G128/><T85/><D60/><U24/><E79/><V118/><F118/><W5/><G74/><T22/><D68/><U45/><E7/><V135/><F135/><W12/><G58/><T11/><D11/><U96/><E121/><V104/><F104/><W114/><G111/><T13/><D27/><U18/><E24/><V38/><F28/><W131/><G131/><T34/><D48/><U4/><E4/><V42/><F61/><N who="3" m="35975" /><G114/><T63/><D53/><U115/><E45/><V3/><F3/><W21/><G21/><T32/><REACH who="0" step="1"/><D63/><REACH who="0" ten="158,255,292,285" step="2"/><N who="1" m="36279" /><E115/><V26/><F26/><W84/><G124/><T77/><D77/><U91/><E67/><V119/><F119/><W92/><G126/><T20/><D20/><U14/><E64/><V127/><F127/><W122/><G122/><T75/><D75/><U50/><E50/><V39/><F39/><W81/><G0/><T69/><D69/><U113/><E113/><V51/><F38/><W62/><G62/><T99/><D99/><N who="1" m="37931" /><E14/><V133/><F133/><W33/><G12/><T71/><D71/><U2/><E2/><V43/><F51/><W16/><G9/><T107/><D107/><U103/><E49/><V46/><F76/><W120/><G120/><T65/><D65/><U40/><E55/><V110/><F110/><RYUUKYOKU ba="0,1" sc="158,15,255,-15,292,15,285,-15" hai0="13,17,22,25,30,32,34,35,78,82,85,93,97" hai2="8,10,42,43,46,47,80,83,86,87,95,100,102" /><INIT seed="2,1,1,0,2,96" ten="173,240,307,270" oya="2" hai0="53,118,133,56,76,73,127,116,3,134,2,35,128" hai1="33,121,51,58,0,30,78,88,109,70,45,129,106" hai2="7,29,86,19,101,123,60,94,44,31,114,68,4" hai3="90,37,59,63,41,69,1,61,111,126,83,36,26"/><V74/><F74/><W23/><G1/><N who="0" m="11" /><D35/><U38/><E70/><V113/><F123/><W42/><G90/><T11/><D11/><U67/><E0/><V48/><F19/><W82/><G111/><T124/><D76/><U122/><E109/><V92/><F60/><W103/><G126/><N who="0" m="48171" /><D73/><U89/><E78/><V39/><F68/><W66/><G37/><T17/><D17/><U9/><E9/><V64/><F39/><W49/><G36/><T62/><D128/><U107/><E129/><V117/><F64/><W5/><G5/><T75/><D75/><U112/><E38/><V55/><F4/><W135/><G23/><T15/><D15/><U8/><E8/><V50/><F7/><W125/><G26/><T20/><D20/><U16/><E16/><V97/><F29/><W65/><G125/><T13/><D13/><U100/><E30/><V130/><F31/><W10/><G10/><T14/><D14/><U87/><E33/><V80/><F130/><W120/><G120/><T102/><D102/><U72/><E72/><V18/><F101/><W79/><G103/><T21/><D21/><U132/><E100/><V46/><F18/><W54/><G79/><T57/><D57/><U77/><E58/><V115/><F115/><W22/><G22/><T27/><D27/><U28/><E112/><V40/><F114/><W71/><G59/><T119/><AGARI ba="1,1" hai="53,56,62,116,118,119,133,134" m="48171,11" machi="119" ten="40,2700,0" yaku="12,1,18,1" doraHai="96" who="0" fromWho="0" sc="173,40,240,-8,307,-14,270,-8" /><INIT seed="3,0,0,0,5,77" ten="213,232,293,262" oya="3" hai0="26,79,89,54,122,50,71,75,53,6,102,126,88" hai1="91,127,57,97,65,14,19,55,68,130,114,105,32" hai2="44,48,132,60,39,78,66,33,118,49,24,21,112" hai3="133,117,134,125,59,90,96,22,116,18,113,92,52"/><W42/><G113/><T124/><D122/><U120/><E120/><V98/><F112/><W12/><G42/><T5/><D71/><U27/><E114/><V135/><F33/><W61/><REACH who="3" step="1"/><G125/><REACH who="3" ten="213,232,293,252" step="2"/><N who="0" m="48235" /><D102/><U100/><E127/><V62/><F132/><AGARI ba="0,1" hai="12,18,22,52,59,61,90,92,96,116,117,132,133,134" machi="132" ten="40,7700,0" yaku="1,1,20,1,54,1,53,0" doraHai="77" doraHaiUra="45" who="3" fromWho="2" sc="213,0,232,0,293,-77,252,87" owari="213,-28.7,232,3.2,216,-18.4,339,43.9" /></mjloggm>