<mjloggm ver="2.3"><GO type="225" lobby="0"/><UN n0="%E3%82%B2%E3%82%B9%E8%8C%82%E5%8B%9D" n1="%6D%75%75%6D%75%72%61" n2="%E3%81%AF%E3%82%88%E3%81%8A%E3%81%98%E3%81%95%E3%82%93" n3="%E5%A4%8F%E9%88%B4%E9%88%B4%E5%A4%8F" dan="16,17,17,16" rate="2055.49,2245.29,2159.76,2102.88" sx="F,F,M,M"/><TAIKYOKU oya="0"/><INIT seed="0,0,0,2,5,69" ten="250,250,250,250" oya="0" hai0="93,43,66,118,16,68,18,89,65,111,99,103,29" hai1="41,10,91,34,96,121,38,105,82,1,13,78,32" hai2="56,6,5,59,40,90,129,110,115,36,86,130,132" hai3="135,9,101,54,123,79,104,55,77,12,23,61,45"/><T84/><D118/><U120/><E1/><V7/><F115/><W21/><G135/><T76/><D76/><N who="3" m="29257" /><G104/><T117/><D117/><U88/><E34/><V50/><F132/><W100/><G123/><T15/><D111/><U72/><E32/><V134/><F134/><W22/><G45/><T0/><D0/><U116/><E116/><V35/><F35/><W20/><G20/><T42/><D29/><U131/><E131/><N who="2" m="50187" /><F110/><W80/><G80/><T67/><D68/><U24/><E24/><V127/><F50/><W60/><G12/><T95/><REACH who="0" step="1"/><D18/><REACH who="0" ten="240,250,250,250" step="2"/><U125/><E121/><V49/><F5/><W39/><G9/><AGARI ba="0,1" hai="9,15,16,42,43,65,66,67,84,89,93,95,99,103" machi="9" ten="40,12000,1" yaku="1,1,2,1,8,1,54,1,53,1" doraHai="69" doraHaiUra="14" who="0" fromWho="3" sc="240,130,250,0,250,0,250,-120" /><INIT seed="0,1,0,0,4,62" ten="370,250,250,130" oya="0" hai0="70,68,111,127,24,4,80,118,98,14,86,54,18" hai1="60,94,20,19,119,135,107,84,97,21,104,89,31" hai2="112,87,69,128,59,8,34,44,36,106,7,43,78" hai3="53,28,123,85,132,33,30,23,109,113,39,51,72"/><T16/><D118/><U102/><E119/><V115/><F69/><W35/><G72/><T82/><D127/><U5/><E135/><V10/><F34/><W66/><G113/><T13/><D98/><U46/><E107/><V25/><F106/><W61/><G39/><T81/><D4/><U58/><E46/><V103/><F103/><W121/><G132/><T116/><D116/><U48/><E48/><V56/><F128/><W133/><G133/><T63/><D24/><U108/><E108/><V96/><F96/><W45/><G109/><T131/><D111/><U15/><E5/><V2/><F25/><W55/><G55/><T95/><D131/><U91/><E91/><V11/><F2/><W0/><G0/><T38/><D38/><U88/><E89/><V75/><F75/><W126/><G126/><T26/><D26/><U22/><REACH who="1" step="1"/><E31/><REACH who="1" ten="370,240,250,130" step="2"/><V9/><F7/><W29/><G23/><T37/><D37/><U65/><AGARI ba="1,1" hai="15,19,20,21,22,58,60,65,84,88,94,97,102,104" machi="65" ten="20,12000,2" yaku="1,1,2,1,0,1,7,1,52,1,54,1,53,0" doraHai="62" doraHaiUra="105" who="1" fromWho="1" sc="370,-61,240,133,250,-31,130,-31" /><INIT seed="1,0,0,1,4,78" ten="309,373,219,99" oya="1" hai0="6,91,126,70,81,47,79,63,33,48,96,132,86" hai1="72,34,50,124,61,115,119,108,8,14,77,95,88" hai2="111,87,113,66,117,54,73,27,41,36,13,114,18" hai3="22,118,89,71,30,46,129,104,123,16,59,107,49"/><U133/><E115/><V121/><F73/><W99/><G129/><T57/><D126/><U38/><E119/><V3/><F3/><W7/><G71/><T84/><D132/><U82/><E38/><V109/><F117/><W120/><G118/><T98/><D33/><U76/><E133/><V52/><F121/><W26/><G7/><T100/><D70/><U68/><E124/><V135/><F135/><W56/><G107/><T110/><D110/><N who="2" m="41994" /><F27/><W105/><G105/><T31/><D31/><U19/><E108/><V4/><F4/><W112/><G112/><N who="2" m="43113" /><F66/><W23/><G120/><T134/><D6/><U2/><E2/><V15/><F15/><W125/><G123/><T101/><D134/><U29/><E76/><V62/><F62/><W64/><G64/><N who="0" m="39023" /><D100/><U106/><E61/><V9/><F87/><W55/><G125/><T43/><D101/><U37/><E68/><V67/><F67/><W24/><REACH who="3" step="1"/><G104/><REACH who="3" ten="309,373,219,89" step="2"/><T32/><D32/><U97/><E106/><V39/><F39/><W94/><AGARI ba="0,1" hai="16,22,23,24,26,30,46,49,55,56,59,89,94,99" machi="94" ten="30,12000,2" yaku="1,1,2,1,0,1,8,1,54,1,53,1" doraHai="78" doraHaiUra="92" who="3" fromWho="3" sc="309,-30,373,-60,219,-30,89,130" /><INIT seed="2,0,0,5,2,26" ten="279,313,189,219" oya="2" hai0="114,34,74,30,76,96,120,12,84,47,103,68,31" hai1="65,4,97,116,49,133,8,48,42,50,121,21,9" hai2="3,23,126,113,94,105,108,122,83,7,39,1,102" hai3="91,40,107,37,127,119,58,52,60,25,35,87,118"/><V61/><F113/><W22/><G35/><T72/><D34/><U66/><E116/><V14/><F122/><W29/><G107/><T5/><D114/><U99/><E121/><V67/><F39/><W73/><G73/><T46/><D68/><U117/><E117/><V89/><F126/><W43/><G127/><T69/><D69/><U93/><E133/><V19/><F108/><W112/><G112/><T55/><D74/><U130/><E130/><V71/><F83/><W82/><REACH who="3" step="1"/><G40/><REACH who="3" ten="279,313,189,209" step="2"/><T24/><D72/><U70/><E42/><V85/><REACH who="2" step="1"/><F7/><REACH who="2" ten="279,313,179,209" step="2"/><W95/><G95/><N who="0" m="58783" /><D120/><U98/><E4/><V81/><F81/><W36/><G36/><T28/><D5/><U131/><E93/><V51/><F51/><W106/><G106/><T56/><D76/><U111/><E48/><V79/><F79/><W109/><G109/><T100/><D100/><U59/><E111/><V134/><F134/><W78/><G78/><T10/><D84/><U110/><E110/><V38/><F38/><W41/><G41/><T123/><D123/><U124/><E124/><V15/><F15/><W0/><G0/><T57/><D24/><U129/><E49/><V135/><F135/><W92/><G92/><T18/><D55/><U2/><E2/><V115/><F115/><W101/><G101/><T16/><D18/><U104/><E104/><V17/><F17/><W54/><G54/><T63/><D63/><U13/><E129/><V77/><F77/><W53/><G53/><T86/><D86/><U64/><E131/><V33/><F33/><W11/><G11/><T32/><D32/><RYUUKYOKU ba="0,2" sc="279,10,313,-30,179,10,209,10" hai0="10,12,16,28,30,31,46,47,56,57" hai2="1,3,14,19,23,61,67,71,85,89,94,102,105" hai3="22,25,29,37,43,52,58,60,82,87,91,118,119" /><INIT seed="2,1,2,3,4,23" ten="289,283,189,219" oya="2" hai0="34,117,39,107,19,106,111,110,55,112,118,64,124" hai1="119,73,40,96,49,92,17,58,71,16,38,29,66" hai2="33,25,91,12,14,5,54,90,24,26,11,68,18" hai3="62,28,75,59,52,61,84,93,88,126,129,108,82"/><V37/><F33/><W10/><G108/><N who="0" m="41515" /><D39/><U70/><E119/><N who="0" m="45577" /><D112/><U102/><E73/><V15/><F68/><W2/><G126/><T131/><D124/><U13/><E38/><V132/><F37/><W35/><G129/><T56/><D34/><U31/><E71/><V47/><F132/><W8/><G2/><T98/><D64/><U128/><E128/><V113/><F113/><W7/><G7/><T6/><D6/><U20/><E70/><V72/><F72/><W125/><G125/><T101/><D19/><U97/><E97/><V67/><F67/><W43/><G43/><T21/><D21/><N who="1" m="11407" /><E40/><V120/><F120/><W87/><G75/><T81/><D81/><U65/><E49/><N who="2" m="28991" /><F12/><W0/><G0/><T51/><D131/><U105/><E105/><AGARI ba="1,2" hai="51,55,56,98,101,105,106,107" m="45577,41515" machi="105" ten="30,2000,0" yaku="14,1,12,1" doraHai="23" who="0" fromWho="1" sc="289,43,283,-23,189,0,219,0" /><INIT seed="3,0,0,5,1,4" ten="332,260,189,219" oya="3" hai0="58,92,127,37,135,72,91,47,61,113,103,93,42" hai1="3,107,34,59,106,70,110,45,82,123,114,94,115" hai2="100,31,122,49,64,19,33,78,65,119,121,2,32" hai3="12,120,112,87,104,52,129,23,9,55,5,88,111"/><W128/><G120/><N who="2" m="46185" /><F119/><W80/><G112/><T79/><D113/><U67/><E106/><V30/><F78/><W134/><G134/><T27/><D127/><U50/><E82/><V22/><F49/><W108/><G104/><T13/><D27/><U62/><E3/><V130/><F100/><W95/><G23/><T116/><D116/><U97/><E110/><N who="3" m="42026" /><G80/><T51/><D37/><U109/><E109/><V17/><F2/><W68/><G68/><T81/><D103/><U39/><E34/><N who="2" m="13419" /><F22/><W6/><G6/><T38/><D38/><U56/><E107/><V66/><F130/><AGARI ba="0,0" hai="5,9,12,52,55,87,88,95,128,129,130" m="42026" machi="130" ten="30,18000,2" yaku="19,1,14,1,10,1,52,1,54,2" doraHai="4" who="3" fromWho="2" sc="332,0,260,0,189,-180,219,180" owari="332,13.2,260,-14.0,9,-49.1,399,49.9" /></mjloggm>