<mjloggm ver="2.3"><GO type="225" lobby="0"/><UN n0="%4B%2E%32%2E%4B%2E" n1="%E3%81%86%E3%82%8C%E3%81%9F%E3%82%93%E6%9E%95" n2="%E3%82%A2%E3%83%A1%E3%82%A2%E3%83%A9%E3%83%AC" n3="%E3%82%BC%E3%83%AB%E3%83%80%E3%81%AE%E4%BC%9D%E8%AA%AC" dan="16,16,16,17" rate="2149.78,2078.09,2118.14,2175.02" sx="M,F,M,M"/><TAIKYOKU oya="0"/><INIT seed="0,0,0,0,0,75" ten="250,250,250,250" oya="0" hai0="52,20,38,77,55,93,58,8,59,27,117,126,72" hai1="24,119,60,73,32,25,68,76,131,30,112,99,5" hai2="134,70,80,29,116,71,106,103,36,6,47,89,10" hai3="78,114,113,90,49,102,17,62,21,31,16,64,1"/><T4/><D117/><U84/><E119/><V97/><F116/><W66/><G1/><T39/><D126/><U120/><E120/><V33/><F134/><W101/><G113/><T94/><D72/><U61/><E73/><V50/><F89/><W109/><G109/><T0/><D77/><U111/><E111/><V23/><F23/><W92/><G114/><T18/><D39/><U46/><E131/><V37/><F50/><W104/><G78/><T82/><D82/><U95/><E5/><V67/><F80/><W48/><G104/><T91/><D38/><U3/><E3/><N who="2" m="351" /><F47/><W53/><G31/><T65/><D65/><N who="3" m="25193" /><G62/><T87/><REACH who="0" step="1"/><D94/><REACH who="0" ten="240,250,250,250" step="2"/><U34/><E95/><V125/><F125/><W44/><G48/><T133/><D133/><U130/><E76/><V13/><F71/><W63/><G63/><T15/><D15/><U54/><E68/><V2/><F13/><N who="3" m="9359" /><G17/><T79/><D79/><U11/><E112/><V43/><F2/><W42/><G42/><T121/><D121/><U57/><E130/><V45/><F37/><W105/><G105/><T35/><D35/><U115/><E34/><V83/><F67/><W12/><G12/><T69/><D69/><U7/><E32/><V110/><F70/><W122/><G122/><T86/><D86/><AGARI ba="0,1" hai="44,49,53,86,90,92,101,102" m="9359,25193" machi="86" ten="30,2000,0" yaku="8,1,54,1" doraHai="75" who="3" fromWho="0" sc="240,-20,250,0,250,0,250,30" /><INIT seed="1,0,0,3,1,86" ten="220,250,250,280" oya="1" hai0="124,56,17,85,36,70,130,6,21,135,48,20,128" hai1="1,117,99,46,59,9,13,131,133,132,127,63,96" hai2="44,49,115,68,126,64,55,0,114,5,88,129,54" hai3="67,79,82,119,83,110,38,30,27,90,60,33,91"/><U4/><E117/><V72/><F72/><W103/><G119/><T122/><D70/><U24/><E131/><N who="0" m="50217" /><D36/><U34/><E127/><V84/><F129/><W121/><G121/><T112/><D112/><N who="2" m="43050" /><F126/><W101/><G38/><T87/><D124/><U100/><E1/><V31/><F31/><W58/><G110/><T41/><D122/><U73/><E73/><V14/><F0/><W71/><G58/><T81/><D135/><N who="1" m="51787" /><E46/><V77/><F77/><W10/><G10/><T40/><D6/><U89/><E89/><V35/><F35/><W69/><G69/><T106/><D106/><U116/><E116/><V50/><F14/><W92/><G83/><T74/><D21/><U45/><E45/><N who="2" m="27951" /><F5/><W80/><G80/><T51/><D74/><U65/><E100/><V15/><F15/><W39/><G39/><T57/><D40/><U66/><E65/><V120/><F120/><W7/><G7/><T95/><D41/><U75/><E75/><V62/><F84/><W76/><G103/><T37/><D37/><U134/><N who="1" m="51795" /><U52/><DORA hai="125" /><E66/><V28/><F28/><AGARI ba="0,0" hai="4,9,13,24,28,34,52,59,63,96,99" m="51795" machi="28" ten="40,3900,0" yaku="20,1,54,1" doraHai="86,125" who="1" fromWho="2" sc="220,0,250,39,250,-39,280,0" /><INIT seed="1,1,0,0,0,75" ten="220,289,211,280" oya="1" hai0="101,94,66,62,106,112,40,127,114,57,28,123,52" hai1="80,89,111,33,55,108,85,39,67,125,104,79,46" hai2="34,7,72,98,133,71,100,14,32,20,19,74,49" hai3="119,78,122,126,90,83,102,10,103,3,86,61,23"/><U84/><E125/><V58/><F133/><W120/><G61/><T18/><D106/><U48/><E33/><V81/><F71/><W44/><G23/><T29/><D123/><N who="3" m="47145" /><G44/><T109/><D109/><N who="1" m="42059" /><E104/><V17/><F7/><W24/><G24/><T121/><D127/><U26/><E26/><V68/><F68/><W27/><G27/><T70/><D121/><U69/><E39/><V130/><F130/><W45/><G45/><T134/><D134/><U43/><E67/><V95/><F72/><N who="3" m="43463" /><G10/><T38/><D28/><U77/><E69/><V96/><F19/><W115/><G3/><T124/><D29/><U93/><E77/><V54/><F34/><W5/><G5/><T15/><D124/><U97/><E85/><V47/><F32/><W116/><G126/><T1/><D70/><U31/><E31/><V60/><F96/><W2/><G115/><T105/><D66/><U53/><AGARI ba="1,0" hai="43,46,48,53,55,79,80,84,89,93,97" m="42059" machi="53" ten="30,6000,0" yaku="14,1,10,1,52,1" doraHai="75" who="1" fromWho="1" sc="220,-21,289,63,211,-21,280,-21" /><INIT seed="1,2,0,2,2,21" ten="199,352,190,259" oya="1" hai0="91,55,9,35,36,101,79,1,85,73,6,127,57" hai1="38,56,17,114,135,51,18,131,134,59,132,26,14" hai2="90,7,48,123,133,86,34,46,122,11,87,103,129" hai3="69,8,61,70,72,105,120,130,44,98,109,67,39"/><U64/><E114/><V92/><F133/><W52/><G120/><T116/><D116/><U10/><E38/><V75/><F129/><W63/><G72/><T107/><D35/><U77/><E131/><V43/><F75/><W66/><G130/><T15/><D36/><U108/><E77/><V99/><F34/><W47/><G8/><T2/><D127/><U3/><E108/><V65/><F87/><W80/><G80/><N who="0" m="45167" /><D57/><U13/><E3/><V76/><F65/><W28/><G109/><T37/><D55/><U58/><E26/><V111/><F111/><W95/><G105/><T121/><D37/><U31/><E31/><V62/><F62/><W110/><G110/><T119/><D119/><U41/><E41/><V81/><REACH who="2" step="1"/><F103/><REACH who="2" ten="199,352,180,259" step="2"/><W128/><G128/><T50/><D121/><U106/><E64/><V113/><F113/><W115/><G115/><T53/><D101/><U5/><E134/><V0/><AGARI ba="2,1" hai="0,7,11,43,46,48,76,81,86,90,92,99,122,123" machi="0" ten="20,5200,0" yaku="1,1,0,1,7,1,53,1" doraHai="21" doraHaiUra="40" who="2" fromWho="2" sc="199,-15,352,-28,180,68,259,-15" /><INIT seed="2,0,0,5,4,31" ten="184,324,248,244" oya="2" hai0="89,34,81,16,65,20,71,62,32,4,133,101,87" hai1="29,7,86,67,73,69,42,8,38,96,13,66,48" hai2="47,125,103,90,135,10,120,41,102,2,30,17,64" hai3="82,114,57,80,85,14,35,78,92,106,134,93,99"/><V95/><F120/><W116/><G116/><T76/><D133/><U44/><E73/><V1/><F135/><W108/><G134/><T9/><D101/><U19/><E69/><V40/><F125/><W21/><G35/><T79/><D79/><U24/><E96/><V124/><F124/><W36/><G36/><T51/><D51/><U122/><E122/><V23/><F64/><W56/><G108/><T28/><D28/><U22/><E38/><V117/><F117/><W113/><G106/><T3/><D76/><U27/><E86/><V109/><F109/><W0/><G0/><T46/><D46/><U70/><E70/><V18/><F1/><W50/><G80/><T60/><D62/><U128/><E128/><V33/><F33/><AGARI ba="0,0" hai="7,8,13,19,22,24,27,29,33,42,44,48,66,67" machi="33" ten="30,2000,0" yaku="7,1,52,1" doraHai="31" who="1" fromWho="2" sc="184,0,324,20,248,-20,244,0" /><INIT seed="3,0,0,1,4,37" ten="184,344,228,244" oya="3" hai0="65,39,77,32,5,47,16,19,57,106,84,53,58" hai1="123,127,59,14,80,43,99,72,131,40,109,36,122" hai2="70,118,88,104,132,98,34,101,17,114,20,94,126" hai3="66,74,68,110,45,22,52,29,89,86,105,24,135"/><W134/><G74/><T31/><D106/><U50/><E36/><V9/><F114/><W44/><G105/><T11/><D32/><U95/><E109/><V82/><F118/><W7/><G7/><T85/><D31/><U35/><E35/><V108/><F108/><W55/><G110/><T90/><D65/><U73/><E127/><V30/><F70/><W6/><G6/><T128/><D128/><U96/><E14/><V129/><F126/><W116/><G116/><T64/><D64/><U69/><E59/><V92/><F132/><N who="3" m="50731" /><G66/><T75/><D58/><U100/><E50/><V124/><F9/><W62/><G68/><T71/><D71/><U15/><E72/><V13/><F129/><W48/><G62/><T78/><D84/><U107/><E69/><V23/><F34/><W3/><G3/><T130/><D130/><U12/><E131/><V27/><F124/><W81/><G45/><T54/><D75/><U67/><E73/><V60/><F60/><W61/><G61/><T10/><D5/><U21/><E67/><V8/><F8/><W56/><G56/><T119/><D119/><U93/><E107/><V115/><F115/><W25/><G25/><T87/><D57/><U76/><E122/><V4/><F4/><W33/><G33/><T83/><D10/><U102/><E123/><V133/><F133/><W120/><G120/><T91/><D11/><U49/><E12/><V117/><F117/><W18/><G29/><T112/><D112/><U111/><E111/><V121/><F121/><W79/><G79/><T63/><D78/><U2/><E76/><RYUUKYOKU ba="0,0" sc="184,-15,344,-15,228,15,244,15" hai2="13,17,20,23,27,30,82,88,92,94,98,101,104" hai3="18,22,24,44,48,52,55,81,86,89" /><INIT seed="3,1,0,1,1,42" ten="169,329,243,259" oya="3" hai0="83,110,80,34,96,39,38,115,32,84,117,85,30" hai1="100,10,58,33,0,122,24,56,95,75,63,29,11" hai2="131,114,45,55,17,28,52,72,118,67,119,23,62" hai3="44,106,27,57,61,71,4,93,78,49,70,5,98"/><W125/><G106/><T133/><D110/><U112/><E122/><V89/><F72/><W104/><G104/><T46/><D96/><U81/><E112/><V99/><F114/><W120/><G120/><T65/><D65/><U128/><E95/><V59/><F28/><W129/><G125/><T20/><D117/><U2/><E100/><V90/><F131/><W53/><G129/><T97/><D97/><U86/><E75/><V7/><F7/><W134/><G134/><T60/><D60/><U26/><E26/><V22/><F22/><W18/><G78/><T135/><D20/><U107/><E58/><V36/><F118/><W64/><G71/><T108/><D115/><U82/><E82/><V132/><F132/><W51/><G18/><T91/><D108/><U3/><E107/><V66/><F36/><W15/><G27/><T16/><D91/><N who="2" m="34826" /><F99/><W116/><G15/><T35/><D35/><U92/><E128/><V37/><F37/><W127/><G127/><T102/><D102/><U105/><E105/><V54/><F119/><W68/><G116/><T88/><D88/><N who="1" m="51279" /><E92/><V8/><F8/><W103/><G68/><T12/><D12/><U87/><E87/><V47/><F67/><W40/><AGARI ba="1,0" hai="4,5,40,44,49,51,53,57,61,64,70,93,98,103" machi="40" ten="20,3900,0" yaku="0,1,7,1,52,1" doraHai="42" who="3" fromWho="3" sc="169,-14,329,-14,243,-14,259,42" /><INIT seed="3,2,0,4,5,111" ten="155,315,229,301" oya="3" hai0="30,135,38,49,36,105,77,122,79,106,69,50,132" hai1="74,84,129,27,37,119,71,44,120,123,70,127,10" hai2="125,121,73,89,100,53,75,3,62,21,112,28,65" hai3="17,33,113,97,98,133,103,29,114,23,87,51,12"/><W92/><G133/><T26/><D26/><U116/><E74/><V57/><F112/><W39/><G39/><T102/><D102/><U48/><E127/><V43/><F3/><W131/><G131/><T93/><D93/><U94/><E129/><V8/><F125/><W19/><G87/><T86/><D86/><U25/><E10/><V35/><F121/><N who="1" m="46665" /><E37/><V91/><F35/><W115/><G51/><T95/><D95/><U18/><E25/><N who="2" m="16431" /><F75/><W76/><G76/><T31/><REACH who="0" step="1"/><D122/><REACH who="0" ten="145,315,229,301" step="2"/><U58/><E94/><V5/><F100/><W45/><G98/><T2/><D2/><U54/><E84/><V63/><F73/><W81/><G81/><T110/><D110/><U134/><E27/><V82/><F82/><W60/><G33/><T16/><D16/><U46/><E18/><V126/><F126/><W64/><G45/><T56/><D56/><U24/><E24/><V59/><F43/><W42/><G42/><T6/><D6/><U99/><E99/><V107/><F107/><W108/><G108/><T72/><D72/><U0/><E0/><V80/><F80/><W101/><G29/><T15/><D15/><U22/><E44/><V52/><F5/><W68/><G17/><T47/><D47/><U9/><E46/><V66/><F8/><W90/><AGARI ba="2,1" hai="12,19,23,60,64,68,90,92,97,101,103,113,114,115" machi="90" ten="30,11700,0" yaku="0,1,52,3" doraHai="111" who="3" fromWho="3" sc="145,-41,315,-41,229,-41,301,133" owari="104,-39.6,274,7.4,188,-21.2,434,53.4" /></mjloggm>