<mjloggm ver="2.3"><GO type="225" lobby="0"/><UN n0="%72%69%6F%75%63%68%61%6E" n1="%E7%82%BA%E4%BA%86%E6%89%93%E6%95%97%E7%94%B7%E5%8F%8B%E7%9A%84" n2="%E3%81%A8%E3%82%89%E3%81%84%E3%81%A1" n3="%28%EF%BF%A3%E2%96%BD%EF%BF%A3%29%CE%B4%E2%8C%92%E3%83%BB" dan="16,16,16,16" rate="2131.76,2069.75,2105.86,2117.28" sx="M,F,M,M"/><TAIKYOKU oya="0"/><INIT seed="0,0,0,0,0,107" ten="250,250,250,250" oya="0" hai0="11,57,114,79,25,130,127,35,12,116,82,135,99" hai1="83,14,133,24,37,43,106,48,91,93,111,60,32" hai2="9,102,129,86,74,103,53,36,0,34,21,17,41" hai3="75,10,89,85,22,65,126,134,7,8,29,119,94"/><T54/><D114/><U97/><E37/><V125/><F129/><W78/><G119/><T108/><D127/><U33/><E111/><V23/><F34/><W96/><G126/><T3/><D135/><U13/><E106/><V67/><F125/><W39/><G39/><T117/><D130/><U100/><E60/><V56/><F67/><W113/><G113/><T5/><D108/><U80/><E33/><V58/><F58/><W132/><G65/><T81/><D82/><U120/><E120/><V105/><F105/><W51/><G51/><T98/><D3/><U27/><E32/><V42/><F86/><W50/><G50/><T109/><D109/><U90/><E43/><N who="2" m="16395" /><F74/><W40/><G40/><T128/><D128/><U112/><E48/><N who="2" m="30759" /><F0/><W70/><G70/><T77/><D117/><U52/><E133/><N who="3" m="51306" /><G85/><T30/><D116/><U118/><E118/><V44/><F44/><W84/><G84/><T88/><D77/><U26/><E52/><V123/><F123/><W4/><G4/><T63/><REACH who="0" step="1"/><D88/><REACH who="0" ten="240,250,250,250" step="2"/><N who="1" m="33835" /><E112/><V46/><F36/><W71/><G89/><T19/><D19/><U47/><E83/><V28/><F28/><W131/><G29/><T66/><D66/><U69/><E80/><V122/><F122/><W38/><G78/><T68/><D68/><U15/><E69/><V62/><F17/><W59/><G71/><T92/><D92/><N who="1" m="58407" /><E47/><V76/><F46/><W121/><G131/><T95/><D95/><AGARI ba="0,1" hai="13,14,15,24,26,27,93,95" m="58407,33835" machi="95" ten="40,2600,0" yaku="8,1,54,1" doraHai="107" who="1" fromWho="0" sc="240,-26,250,36,250,0,250,0" /><INIT seed="1,0,0,2,0,78" ten="214,286,250,250" oya="1" hai0="77,134,115,122,24,3,110,57,59,109,74,21,88" hai1="107,102,23,47,111,13,94,26,34,73,64,108,123" hai2="91,105,10,20,132,121,60,51,76,0,2,65,75" hai3="53,104,135,43,87,86,8,36,71,68,37,124,67"/><U119/><E119/><V84/><F121/><W5/><G104/><T69/><D115/><U89/><E123/><V129/><F105/><W117/><G117/><T1/><D122/><U19/><E73/><V52/><F132/><W15/><G135/><T113/><D113/><U126/><E126/><V33/><F33/><W103/><G103/><T83/><D69/><U50/><E64/><V81/><F129/><W101/><G101/><T35/><D35/><U16/><E102/><V46/><F10/><W66/><G53/><T96/><D134/><U14/><E34/><V55/><F55/><W79/><G124/><T131/><D131/><U40/><E107/><V130/><F20/><W62/><G43/><T17/><D57/><U32/><E32/><V6/><F6/><W106/><G106/><T61/><D1/><U22/><REACH who="1" step="1"/><E26/><REACH who="1" ten="214,276,250,250" step="2"/><V99/><F130/><W125/><G125/><T28/><D28/><U112/><E112/><V116/><F116/><W133/><G133/><T80/><D3/><U29/><E29/><V100/><F100/><W30/><G30/><T63/><D63/><U38/><E38/><V114/><F114/><W72/><G37/><T27/><D27/><U120/><E120/><V9/><F0/><W85/><G36/><T127/><D127/><U58/><E58/><N who="2" m="37015" /><F2/><W98/><G72/><T95/><REACH who="0" step="1"/><D83/><REACH who="0" ten="204,276,250,250" step="2"/><U128/><E128/><V97/><F81/><N who="3" m="47295" /><G71/><T48/><D48/><U18/><E18/><V39/><F51/><W25/><G68/><T7/><D7/><U12/><E12/><V4/><F39/><W41/><G15/><T44/><D44/><RYUUKYOKU ba="0,2" sc="204,15,276,15,250,-15,250,-15" hai0="17,21,24,59,61,74,77,80,88,95,96,109,110" hai1="13,14,16,19,22,23,40,47,50,89,94,108,111" /><INIT seed="1,1,2,1,2,96" ten="219,291,235,235" oya="1" hai0="101,105,4,31,39,30,16,64,76,85,10,123,68" hai1="54,135,1,21,79,57,66,41,125,83,46,20,89" hai2="40,58,72,127,133,37,43,113,45,53,22,2,25" hai3="84,11,23,24,121,77,9,122,81,32,60,124,33"/><U56/><E135/><V47/><F72/><W99/><G124/><T0/><D39/><U104/><E1/><V118/><F2/><W91/><G33/><T78/><D123/><U90/><E104/><V7/><F7/><W75/><G32/><T80/><D76/><U69/><E69/><V103/><F118/><W117/><G117/><T100/><D105/><U86/><E66/><V130/><F133/><W48/><G122/><T87/><D87/><U134/><E134/><V59/><F127/><W92/><G121/><T15/><D64/><U12/><E12/><V28/><F130/><W94/><G48/><T61/><D61/><U111/><E111/><V52/><F113/><W44/><G44/><T110/><D68/><U116/><E116/><V62/><F103/><N who="0" m="39498" /><D0/><U18/><E79/><V26/><F26/><W51/><G51/><T73/><D73/><U115/><E115/><V36/><F58/><W107/><G60/><T13/><D110/><U65/><E90/><V93/><F93/><W109/><G109/><T95/><D95/><U49/><E89/><V97/><F97/><W82/><G107/><T132/><D132/><U35/><E86/><V5/><REACH who="2" step="1"/><F5/><REACH who="2" ten="219,291,225,235" step="2"/><W106/><G106/><T55/><D55/><AGARI ba="1,3" hai="22,25,28,36,37,40,43,45,47,52,53,55,59,62" machi="55" ten="30,8000,1" yaku="1,1,2,1,7,1,9,1,54,1,53,0" doraHai="96" doraHaiUra="128" who="2" fromWho="0" sc="219,-83,291,0,225,113,235,0" /><INIT seed="2,0,0,1,5,70" ten="136,291,338,235" oya="2" hai0="94,79,17,114,16,130,96,107,35,77,5,75,105" hai1="129,106,91,22,112,46,123,126,128,85,68,86,108" hai2="53,21,34,26,52,73,118,38,29,131,30,109,101" hai3="69,12,100,3,37,133,104,32,28,132,124,84,125"/><V119/><F73/><W63/><G3/><T39/><D114/><U57/><E112/><V15/><F131/><N who="1" m="50249" /><E68/><V40/><F101/><W67/><G84/><T121/><D121/><U50/><E123/><V36/><F109/><W60/><G12/><T6/><D130/><U51/><E106/><N who="0" m="40457" /><D75/><U134/><E134/><N who="3" m="51818" /><G63/><T10/><D10/><U66/><E126/><V48/><F15/><W24/><G37/><T19/><D94/><U135/><E108/><V9/><F48/><W4/><G4/><N who="0" m="1643" /><D96/><AGARI ba="0,0" hai="24,28,32,60,67,69,96,100,104,124,125" m="51818" machi="96" ten="30,3900,0" yaku="25,1,20,1,23,1" doraHai="70" who="3" fromWho="0" sc="136,-39,291,0,338,0,235,39" /><INIT seed="3,0,0,0,5,26" ten="97,291,338,274" oya="3" hai0="44,119,61,9,115,121,104,42,49,132,93,59,1" hai1="30,15,22,57,54,48,131,33,101,128,16,112,103" hai2="52,51,84,91,120,116,69,10,34,8,37,111,12" hai3="41,29,31,5,109,130,4,125,129,72,2,107,123"/><W25/><G72/><T92/><D119/><U81/><E112/><V36/><F116/><W83/><G107/><T17/><D121/><U39/><E39/><V11/><F69/><W88/><G123/><T74/><D104/><U6/><E81/><V86/><F120/><W77/><G77/><T13/><D132/><U110/><E110/><V106/><F106/><W79/><G79/><T102/><D115/><U114/><E114/><V65/><F65/><W87/><G109/><T94/><D74/><U23/><E33/><V90/><F111/><W0/><G41/><T71/><D1/><N who="3" m="617" /><G25/><T82/><D71/><U53/><E6/><N who="3" m="2666" /><G125/><T99/><REACH who="0" step="1"/><D82/><REACH who="0" ten="87,291,338,274" step="2"/><U21/><E131/><AGARI ba="0,1" hai="29,31,83,87,88,129,130,131" m="2666,617" machi="131" ten="30,11600,0" yaku="19,1,52,2,54,1" doraHai="26" who="3" fromWho="1" sc="87,0,291,-116,338,0,274,126" owari="87,-41.3,175,-22.5,338,13.8,400,50.0" /></mjloggm>