<mjloggm ver="2.3"><GO type="225" lobby="0"/><UN n0="%E3%81%8F%E3%82%8A%E3%83%94%E3%83%BC" n1="%4D%50%43%32%38%30%30" n2="%E3%81%8F%E3%81%BE%E3%81%96%E3%82%8F" n3="%E3%83%B4%E3%82%A3%E3%83%AF%E3%82%B3%E3%82%B0%E3%83%8B" dan="16,16,16,16" rate="2106.85,2120.98,2047.51,2163.00" sx="M,M,M,M"/><TAIKYOKU oya="0"/><INIT seed="0,0,0,5,2,117" ten="250,250,250,250" oya="0" hai0="0,9,123,59,104,116,118,50,45,89,54,87,40" hai1="66,55,128,51,11,33,43,13,58,15,75,21,71" hai2="67,110,41,46,130,103,114,108,85,115,20,84,35" hai3="56,23,121,73,30,44,26,102,4,122,31,124,133"/><T78/><D104/><U42/><E33/><V105/><F35/><W72/><G133/><T86/><D123/><N who="3" m="47113" /><G124/><T1/><D86/><N who="2" m="33386" /><F130/><W63/><G4/><T18/><D78/><U90/><E90/><V52/><F67/><N who="3" m="39399" /><G102/><T38/><D0/><U28/><E75/><N who="3" m="28746" /><G44/><T8/><D1/><U37/><E128/><V10/><F103/><W119/><G119/><T29/><D118/><U77/><E77/><V25/><F46/><W113/><G113/><T96/><D45/><U32/><E37/><V120/><F120/><W83/><G83/><T109/><D38/><U39/><E39/><V81/><F81/><W135/><G135/><T19/><D116/><U27/><E43/><V6/><F41/><W91/><G91/><T49/><D89/><U92/><E42/><V24/><F115/><W99/><G99/><T70/><D96/><U5/><E5/><V64/><F6/><W62/><G62/><T48/><D40/><U95/><E95/><V57/><F114/><W80/><G80/><T132/><D132/><U98/><E92/><V36/><F36/><W74/><N who="3" m="28754" /><W53/><DORA hai="7" /><G53/><T112/><D54/><U34/><E98/><V100/><F52/><W88/><G88/><T47/><D47/><U131/><E131/><V111/><F100/><W16/><AGARI ba="0,0" hai="16,23,26,30,31" m="28754,39399,47113" machi="16" ten="50,8000,1" yaku="13,1,52,3,54,1" doraHai="117,7" who="3" fromWho="3" sc="250,-40,250,-20,250,-20,250,80" /><INIT seed="1,0,0,0,3,118" ten="210,230,230,330" oya="1" hai0="131,90,69,93,56,91,111,3,88,94,4,57,84" hai1="109,62,101,76,86,30,27,60,92,50,66,110,33" hai2="31,120,116,132,130,7,20,8,34,89,55,45,129" hai3="83,122,61,124,79,104,23,5,67,64,29,41,13"/><U38/><E38/><V15/><F116/><W53/><G122/><T71/><D84/><U119/><E119/><V75/><F75/><W40/><G104/><T44/><D44/><U0/><E0/><V85/><F132/><W68/><G64/><T125/><D3/><U99/><E50/><N who="2" m="29135" /><F34/><W46/><G124/><T97/><D97/><U74/><E74/><V126/><F126/><W82/><G5/><T52/><D125/><U6/><E6/><V123/><F20/><W10/><G53/><T54/><D91/><U63/><E86/><V2/><F31/><W19/><G79/><T73/><D4/><U117/><E76/><V43/><F43/><W26/><REACH who="3" step="1"/><G40/><REACH who="3" ten="210,230,230,320" step="2"/><T17/><D73/><U58/><REACH who="1" step="1"/><E117/><REACH who="1" ten="210,220,230,320" step="2"/><V114/><F2/><W49/><AGARI ba="0,2" hai="10,13,19,23,26,29,41,46,49,61,67,68,82,83" machi="49" ten="20,5200,0" yaku="1,1,2,1,0,1,7,1,53,0" doraHai="118" doraHaiUra="80" who="3" fromWho="3" sc="210,-13,220,-26,230,-13,320,72" /><INIT seed="2,0,0,2,0,110" ten="197,194,217,392" oya="2" hai0="123,46,89,5,70,60,66,19,51,115,40,15,93" hai1="13,83,107,125,16,8,99,127,122,10,33,25,18" hai2="126,95,28,1,43,22,78,4,105,52,112,80,27" hai3="45,133,48,114,63,35,132,86,111,128,76,3,103"/><V106/><F112/><W17/><G111/><T50/><D123/><U26/><E107/><V77/><F126/><N who="1" m="48137" /><E99/><V75/><F43/><W38/><G114/><T9/><D115/><U97/><E97/><V30/><F78/><W57/><G3/><T81/><D81/><U108/><E108/><V44/><F30/><W101/><G35/><T12/><D12/><N who="1" m="7175" /><E83/><V135/><F135/><W37/><G128/><T119/><D119/><U94/><E94/><V54/><F95/><W79/><G17/><T120/><D120/><U23/><E122/><V41/><F105/><W31/><G31/><T47/><D5/><N who="1" m="3279" /><E33/><V68/><F106/><W124/><G124/><T71/><D71/><U32/><E32/><V55/><F68/><W116/><G86/><T90/><REACH who="0" step="1"/><D93/><REACH who="0" ten="187,194,217,392" step="2"/><U6/><E6/><V96/><F4/><W59/><G132/><T42/><AGARI ba="0,1" hai="9,15,19,40,42,46,47,50,51,60,66,70,89,90" machi="42" ten="20,12000,2" yaku="1,1,2,1,0,1,7,1,9,1,53,2" doraHai="110" doraHaiUra="39" who="0" fromWho="0" sc="187,130,194,-30,217,-60,392,-30" /><INIT seed="3,0,0,5,3,35" ten="317,164,157,362" oya="3" hai0="8,72,51,96,22,76,21,101,5,67,90,75,15" hai1="13,17,71,29,40,33,59,106,32,27,3,94,134" hai2="53,42,45,93,83,20,34,121,69,95,55,129,97" hai3="4,81,119,74,58,49,44,128,115,108,113,9,48"/><W18/><G119/><T122/><D122/><U104/><E71/><V109/><F34/><W47/><G18/><T62/><D90/><U92/><E3/><V125/><F121/><W28/><G28/><T78/><D75/><U85/><E33/><V98/><F109/><W2/><G108/><T37/><D37/><U10/><E134/><V102/><F129/><W127/><G128/><T68/><D51/><U120/><E120/><V77/><F125/><W43/><G58/><T50/><D50/><U112/><E112/><V65/><F20/><W60/><G60/><T26/><D72/><U57/><E40/><V14/><F14/><W100/><G100/><T124/><D21/><U23/><E32/><V123/><F123/><W110/><G110/><T91/><D91/><N who="1" m="53359" /><E106/><V88/><F65/><W131/><G131/><T52/><D124/><U86/><E104/><V126/><F69/><W73/><G127/><T89/><D89/><AGARI ba="0,0" hai="10,13,17,23,27,29,57,59,86,89,94" m="53359" machi="89" ten="30,1000,0" yaku="8,1" doraHai="35" who="1" fromWho="0" sc="317,-10,164,10,157,0,362,0" owari="307,10.7,174,-22.6,157,-34.3,362,46.2" /></mjloggm>