<mjloggm ver="2.3"><GO type="225" lobby="0"/><UN n0="%E3%81%86%E3%82%8C%E3%81%9F%E3%82%93%E6%9E%95" n1="%6D%75%75%6D%75%72%61" n2="%73%61%6E%64%69%72%69%73" n3="%E3%83%A1%E3%82%AC%E3%83%87%E3%82%B8" dan="16,16,16,16" rate="2094.85,2226.36,2149.85,2086.18" sx="F,F,M,F"/><TAIKYOKU oya="0"/><INIT seed="0,0,0,4,4,111" ten="250,250,250,250" oya="0" hai0="116,50,68,109,54,7,12,60,113,52,43,55,22" hai1="108,80,2,29,128,125,23,3,122,53,88,14,40" hai2="121,21,36,105,18,103,37,99,13,30,33,19,67" hai3="117,86,132,131,1,127,65,129,39,90,66,123,83"/><T38/><D116/><U97/><E122/><V20/><F121/><W85/><G123/><T28/><D109/><U126/><E108/><V24/><REACH who="2" step="1"/><F67/><REACH who="2" ten="250,250,240,250" step="2"/><W135/><G66/><T74/><D68/><U100/><E126/><V0/><F0/><W76/><G1/><T41/><D60/><U42/><E3/><V48/><F48/><W114/><G65/><T124/><D50/><U4/><E2/><V5/><F5/><W112/><G117/><T49/><D124/><U70/><E125/><V8/><F8/><W119/><G119/><T44/><D49/><U120/><E120/><V35/><F35/><W102/><G127/><T32/><D32/><U94/><E70/><V78/><F78/><W15/><G39/><T104/><D7/><U82/><E4/><V51/><F51/><W17/><G131/><T81/><D41/><N who="1" m="15979" /><E128/><V26/><AGARI ba="0,1" hai="13,18,19,20,21,24,26,30,33,36,37,99,103,105" machi="26" ten="20,5200,0" yaku="1,1,0,1,7,1,53,1" doraHai="111" doraHaiUra="96" who="2" fromWho="2" sc="250,-26,250,-13,240,62,250,-13" /><INIT seed="1,0,0,5,1,128" ten="224,237,302,237" oya="1" hai0="10,90,103,132,97,46,28,57,71,25,43,105,123" hai1="47,18,16,41,87,78,2,118,107,83,112,49,20" hai2="7,133,85,134,19,15,129,101,32,115,119,40,56" hai3="27,122,55,66,51,92,98,12,33,95,130,42,68"/><U61/><E112/><V31/><F119/><W50/><G122/><T79/><D123/><U76/><E118/><V53/><F129/><W100/><G130/><T116/><D116/><U114/><E114/><V38/><F115/><W65/><G68/><T17/><D71/><U22/><E107/><V35/><F7/><W124/><G124/><T3/><D79/><U62/><E2/><V121/><F121/><W69/><G69/><T26/><D132/><N who="2" m="50794" /><F31/><W84/><G12/><T131/><D131/><U111/><E111/><V67/><F67/><W86/><G27/><T34/><D57/><U73/><E73/><V9/><F101/><W108/><G33/><T75/><D75/><U70/><E76/><V94/><F40/><W60/><G42/><T21/><D90/><U80/><E80/><V11/><F38/><W23/><G66/><T93/><D3/><U37/><E37/><V117/><F9/><W109/><G65/><T29/><D10/><U120/><E120/><V13/><F13/><W89/><G109/><T72/><D72/><U135/><E135/><V77/><F117/><W39/><G39/><T4/><D4/><U82/><E70/><V58/><F58/><N who="3" m="34911" /><G108/><T91/><D29/><U8/><E82/><N who="2" m="47311" /><F94/><W48/><G95/><T102/><D105/><U88/><E8/><V113/><F113/><W45/><G100/><T81/><D81/><U1/><E1/><V44/><F44/><W99/><G45/><T0/><D0/><U110/><E110/><V6/><F6/><W59/><G59/><T14/><D14/><N who="1" m="9239" /><E78/><V64/><F64/><W63/><G92/><RYUUKYOKU ba="0,0" sc="224,10,237,10,302,10,237,-30" hai0="17,21,25,26,28,34,43,46,91,93,97,102,103" hai1="18,22,41,47,49,61,62,83,87,88" hai2="11,15,19,32,35,53,56" /><INIT seed="1,1,0,2,4,54" ten="234,247,312,207" oya="1" hai0="70,85,71,113,57,51,123,124,11,21,92,15,76" hai1="33,75,106,49,108,107,122,62,18,34,12,61,86" hai2="13,35,1,6,114,95,55,97,105,60,104,68,133" hai3="65,9,69,96,101,88,28,84,30,111,135,47,82"/><U3/><E75/><V110/><F110/><W87/><G111/><T103/><D113/><U17/><E108/><V117/><F117/><W67/><G135/><T16/><D124/><U41/><E3/><V48/><F35/><W94/><G47/><T58/><D123/><U80/><E122/><V126/><F1/><W64/><G69/><T102/><D71/><U125/><E125/><V72/><F72/><W44/><G44/><T7/><D70/><U128/><E128/><V109/><F133/><W42/><G42/><T23/><D23/><U121/><E121/><V119/><F114/><W20/><G20/><T25/><D51/><U118/><E118/><V45/><F119/><W24/><G24/><T129/><D129/><U90/><E41/><V56/><F68/><W29/><G9/><T73/><D73/><U77/><E77/><V66/><F126/><W132/><G132/><T50/><D50/><U63/><E49/><V32/><F32/><W93/><REACH who="3" step="1"/><G28/><REACH who="3" ten="234,247,312,197" step="2"/><T83/><D92/><U91/><E33/><V53/><F109/><W43/><G43/><T115/><D115/><U37/><E34/><V8/><REACH who="2" step="1"/><F55/><REACH who="2" ten="234,247,302,197" step="2"/><W26/><G26/><T74/><D74/><U130/><E130/><V116/><F116/><W52/><G52/><T99/><D99/><U98/><E98/><V4/><F4/><W134/><G134/><T19/><D7/><U120/><E120/><V14/><F14/><W31/><G31/><T59/><AGARI ba="1,2" hai="11,15,16,19,21,25,57,58,59,76,83,85,102,103" machi="59" ten="30,12000,2" yaku="0,1,8,1,52,3,54,1" doraHai="54" who="0" fromWho="0" sc="234,143,247,-61,302,-31,197,-31" /><INIT seed="2,0,0,0,5,109" ten="377,186,271,166" oya="2" hai0="63,52,132,10,130,48,98,4,91,133,22,96,32" hai1="104,83,94,82,85,135,46,123,116,61,11,51,17" hai2="93,72,101,58,119,92,121,33,7,0,86,56,42" hai3="81,59,31,103,120,54,113,102,60,122,6,62,117"/><V41/><F72/><W124/><G117/><T28/><D130/><U67/><E104/><V95/><F33/><W21/><G124/><T8/><D32/><U47/><E116/><V79/><F121/><W127/><G127/><T29/><D63/><U69/><E123/><V66/><F0/><W110/><G110/><T1/><D10/><U89/><E135/><N who="0" m="51785" /><D22/><U30/><E30/><N who="0" m="11881" /><D91/><U36/><E36/><V108/><F7/><W25/><G6/><T39/><D39/><U15/><REACH who="1" step="1"/><E47/><AGARI ba="0,0" hai="1,4,8,47,48,52,96,98" m="11881,51785" machi="47" ten="30,2000,0" yaku="20,1,54,1" doraHai="109" who="0" fromWho="1" sc="377,20,186,-20,271,0,166,0" /><INIT seed="3,0,0,4,0,92" ten="397,166,271,166" oya="3" hai0="68,94,108,101,95,78,122,51,28,26,74,130,65" hai1="42,22,89,34,2,118,56,115,70,60,129,120,109" hai2="40,84,57,76,10,37,125,75,86,36,134,8,69" hai3="3,7,63,110,106,25,99,18,112,0,19,41,77"/><W13/><G112/><T17/><D108/><U12/><E115/><V126/><F69/><W88/><G77/><T59/><D130/><U58/><E34/><V33/><F33/><W105/><G41/><T23/><D122/><U100/><E120/><V39/><F40/><W121/><G121/><T103/><D78/><U21/><E70/><V30/><F30/><W29/><G110/><T43/><D74/><U123/><E2/><V50/><F134/><W1/><G63/><N who="0" m="38143" /><D68/><U38/><E123/><V4/><F75/><W46/><G46/><N who="0" m="26079" /><D28/><U27/><E129/><V9/><F4/><W20/><G7/><T14/><D26/><U61/><E109/><V107/><F107/><W44/><G44/><T49/><D49/><U135/><E135/><V113/><F113/><W96/><G19/><T97/><D94/><U90/><E42/><V81/><F84/><W53/><G53/><T32/><D32/><U73/><E73/><V62/><F50/><W24/><G24/><T35/><D35/><U82/><E38/><V128/><F128/><W79/><G79/><T85/><D85/><U55/><E118/><V45/><F45/><W16/><G29/><T91/><AGARI ba="0,0" hai="14,17,23,91,95,97,101,103" m="26079,38143" machi="91" ten="30,2000,0" yaku="8,1,52,1" doraHai="92" who="0" fromWho="0" sc="397,20,166,-5,271,-5,166,-10" owari="417,51.7,161,-23.9,266,6.6,156,-34.4" /></mjloggm>