<mjloggm ver="2.3"><GO type="225" lobby="0"/><UN n0="%E3%83%81%E3%83%AF%E3%83%AF%E9%9A%8A%E9%95%B7" n1="%E3%81%95%E3%81%8D%E3%81%9F%E3%81%BE%E6%9E%97%E6%AA%8E" n2="%E5%A4%96%E5%B7%9D%E7%AB%9C%E6%88%90" n3="%E9%80%86%E9%80%A3%E5%B8%AF%E3%81%AE%E9%AC%BC" dan="17,16,16,17" rate="2233.25,2052.64,2089.77,2186.17" sx="M,M,M,M"/><TAIKYOKU oya="0"/><INIT seed="0,0,0,2,4,100" ten="250,250,250,250" oya="0" hai0="56,80,72,97,113,52,107,49,122,96,54,101,15" hai1="91,67,77,84,61,102,93,53,111,88,16,69,95" hai2="32,133,70,25,30,36,5,68,23,115,118,41,0" hai3="82,78,2,94,106,39,31,46,45,62,47,28,4"/><T20/><D113/><U109/><E53/><V87/><F115/><W105/><G39/><T117/><D117/><U64/><E77/><V14/><F118/><W90/><G62/><T130/><D122/><U35/><E102/><V112/><F112/><W29/><G4/><T135/><D130/><U42/><E42/><V128/><F128/><W11/><G11/><T126/><D126/><U65/><E35/><V48/><F133/><W19/><G19/><T114/><D114/><U85/><E16/><N who="2" m="10647" /><F36/><W22/><G22/><T76/><D135/><U75/><E75/><V8/><F87/><W51/><G2/><T38/><D38/><U40/><E40/><V132/><F132/><W1/><G1/><T21/><D97/><U99/><E99/><V98/><F98/><W26/><G26/><T74/><D74/><U129/><E129/><V104/><F104/><W119/><G119/><T6/><REACH who="0" step="1"/><D54/><REACH who="0" ten="240,250,250,250" step="2"/><U12/><E12/><V71/><F41/><W124/><G124/><T83/><D83/><U3/><E3/><V108/><F48/><W66/><G51/><T37/><D37/><U116/><E116/><V34/><F32/><W9/><G82/><T13/><D13/><U89/><E89/><V63/><F63/><W58/><G90/><T123/><D123/><U18/><E18/><V81/><F81/><W27/><G78/><T59/><D59/><U7/><E7/><V86/><F86/><W127/><G127/><T92/><D92/><U134/><E134/><V125/><F125/><W60/><G94/><T131/><D131/><U120/><E120/><V73/><F73/><RYUUKYOKU ba="0,1" sc="240,10,250,10,250,10,250,-30" hai0="6,15,20,21,49,52,56,72,76,80,96,101,107" hai1="61,64,65,67,69,84,85,88,91,93,95,109,111" hai2="0,5,8,25,30,34,68,70,71,108" /><INIT seed="0,1,1,1,5,107" ten="250,260,260,220" oya="0" hai0="132,19,39,20,130,48,93,3,129,80,14,47,34" hai1="118,61,24,121,38,5,77,115,84,86,46,125,53" hai2="13,97,41,88,0,82,111,62,4,60,42,2,21" hai3="106,71,100,74,75,94,28,32,16,123,69,64,134"/><T57/><D3/><U87/><E118/><V108/><F0/><W52/><G134/><T73/><D34/><U45/><E121/><V43/><F2/><W50/><G123/><T40/><D132/><U78/><E125/><V90/><F21/><W83/><G94/><T110/><D110/><N who="2" m="42026" /><F97/><W10/><G100/><T35/><D35/><U59/><E115/><V112/><F112/><W79/><G106/><T135/><D135/><U11/><E38/><V12/><F82/><W6/><G16/><T120/><D120/><U89/><E89/><N who="2" m="34411" /><F4/><W124/><G124/><T109/><D109/><U55/><E24/><V63/><AGARI ba="1,1" hai="12,13,41,42,43,60,62,63" m="34411,42026" machi="63" ten="40,8000,1" yaku="28,2,14,1,54,1" doraHai="107" who="2" fromWho="2" sc="250,-41,260,-21,260,93,220,-21" /><INIT seed="1,0,0,1,2,20" ten="209,239,353,199" oya="1" hai0="41,87,37,45,135,50,25,69,48,134,123,86,74" hai1="114,82,124,47,38,18,112,59,71,1,12,56,21" hai2="64,119,133,116,8,125,57,23,15,128,32,16,27" hai3="35,11,105,97,120,81,79,62,63,118,104,13,43"/><U90/><E1/><V34/><F64/><W85/><G120/><T6/><D74/><U102/><E124/><V28/><F57/><W73/><G118/><N who="2" m="45097" /><F125/><W94/><G35/><N who="2" m="13353" /><F133/><W0/><G0/><T49/><D69/><U98/><E71/><V95/><F95/><W55/><G43/><T122/><D6/><U89/><E38/><V30/><F128/><W132/><G132/><N who="0" m="50731" /><D25/><U108/><E47/><V33/><F33/><W51/><G105/><T75/><D75/><U106/><E59/><V78/><F78/><W46/><G104/><T4/><D4/><AGARI ba="0,0" hai="4,8,15,16,23,27,28,30" m="13353,45097" machi="4" ten="30,7700,0" yaku="34,2,52,1,54,1" doraHai="20" who="2" fromWho="0" sc="209,-77,239,0,353,77,199,0" /><INIT seed="2,0,0,4,0,64" ten="132,239,430,199" oya="2" hai0="23,102,55,43,106,98,111,30,57,95,103,94,53" hai1="11,71,33,34,89,27,74,51,0,97,28,2,38" hai2="115,6,4,32,8,112,52,50,132,120,45,56,7" hai3="130,42,117,37,114,125,123,104,101,39,12,126,46"/><V82/><F120/><W40/><G117/><T15/><D111/><U25/><E89/><V3/><F132/><W35/><G123/><T73/><D73/><U124/><E51/><V63/><F32/><W87/><G114/><T67/><D43/><U76/><E97/><V62/><F62/><W75/><G75/><T20/><D106/><U36/><E124/><V54/><F6/><W14/><G35/><T60/><D23/><U118/><E118/><V109/><F109/><W24/><G24/><N who="0" m="16647" /><D15/><U92/><E92/><V110/><F110/><W128/><G87/><T116/><D116/><U58/><E58/><V121/><F121/><W127/><G42/><T61/><D61/><U91/><E91/><V48/><F7/><W1/><G1/><T135/><D135/><U99/><E99/><AGARI ba="0,0" hai="53,55,57,60,67,94,95,98,99,102,103" m="16647" machi="99" ten="30,2000,0" yaku="25,1,8,1" doraHai="64" who="0" fromWho="1" sc="132,20,239,-20,430,0,199,0" /><INIT seed="3,0,0,5,5,75" ten="152,219,430,199" oya="3" hai0="12,52,84,120,81,53,135,26,25,133,32,82,66" hai1="65,96,118,83,98,48,127,91,69,99,128,101,30" hai2="37,43,121,64,54,9,49,72,28,18,134,61,20" hai3="10,130,113,3,116,104,39,36,109,88,41,76,107"/><W73/><G116/><T40/><D120/><U102/><E128/><V92/><F72/><W70/><G130/><T44/><D66/><U23/><E127/><V106/><F106/><W51/><G113/><T42/><D12/><U56/><E69/><V11/><F121/><W105/><G70/><T14/><D14/><U131/><E131/><V15/><F134/><W33/><G33/><T100/><D100/><U87/><E118/><V21/><F92/><W57/><G109/><T19/><D19/><U13/><E13/><V129/><F129/><W27/><G27/><T90/><D44/><U117/><E117/><V0/><F43/><W114/><G114/><T55/><D32/><U119/><E119/><V122/><F37/><W60/><G51/><T17/><D17/><U89/><E89/><V86/><F86/><W4/><G88/><N who="0" m="51215" /><D135/><U50/><E50/><V103/><F103/><W62/><G39/><T124/><D124/><U1/><E1/><V24/><F0/><W38/><G38/><T80/><D133/><U110/><E110/><V111/><F111/><W125/><G125/><T95/><D82/><U79/><E65/><V8/><F122/><W34/><G34/><T22/><D80/><U7/><E83/><V68/><F8/><W2/><G2/><T108/><D108/><U85/><E102/><V94/><F94/><W71/><G3/><T63/><D63/><U16/><E101/><V77/><F77/><W45/><G76/><T74/><D74/><U123/><E79/><V58/><AGARI ba="0,0" hai="9,11,15,18,20,21,24,28,49,54,58,61,64,68" machi="58" ten="20,1500,0" yaku="0,1,7,1" doraHai="75" who="2" fromWho="2" sc="152,-4,219,-4,430,15,199,-7" owari="148,-35.2,215,1.5,445,54.5,192,-20.8" /></mjloggm>