<mjloggm ver="2.3"><GO type="225" lobby="0"/><UN n0="%E3%81%BF%E3%81%BF%E3%81%9A" n1="%E3%83%AD%E3%83%83%E3%83%86%E9%9B%80%E7%90%83" n2="%E9%87%8E%E3%80%85%E5%AE%AE%E8%97%8D" n3="%E3%81%A0%E3%81%8A" dan="17,17,17,16" rate="2176.07,2261.05,2151.64,2035.25" sx="M,M,F,M"/><TAIKYOKU oya="0"/><INIT seed="0,0,0,1,2,99" ten="250,250,250,250" oya="0" hai0="48,32,106,46,34,102,63,75,116,43,109,59,115" hai1="95,96,70,110,10,47,42,104,83,20,19,122,85" hai2="128,55,26,3,15,57,78,58,127,72,29,118,35" hai3="91,92,41,100,2,28,60,45,36,130,90,94,125"/><T97/><D115/><U22/><E122/><V84/><F3/><W53/><G2/><T62/><D116/><U0/><E110/><V7/><F72/><W4/><G4/><T67/><D109/><U71/><E104/><V49/><F118/><W12/><G125/><T126/><D126/><U40/><E0/><V87/><F127/><W73/><G73/><T117/><D117/><U52/><E10/><V113/><F113/><W1/><G1/><T9/><D75/><U123/><E123/><V65/><F78/><W14/><G130/><T30/><D9/><U119/><E119/><V86/><F128/><W23/><G100/><T51/><D30/><U79/><E71/><V68/><F68/><W93/><G28/><T5/><D5/><U133/><E70/><V77/><F77/><W120/><G120/><T31/><D31/><U66/><E66/><V33/><F15/><W50/><G60/><T38/><REACH who="0" step="1"/><D63/><REACH who="0" ten="240,250,250,250" step="2"/><U61/><E61/><V121/><F7/><W54/><G23/><T18/><D18/><U80/><E22/><V17/><F17/><W25/><G25/><T56/><D56/><U74/><E19/><V111/><F111/><W105/><G14/><T98/><D98/><U39/><E20/><N who="2" m="15559" /><F121/><W37/><G12/><T81/><D81/><U134/><E83/><V135/><F58/><W44/><G44/><T64/><D64/><U131/><E74/><V76/><F65/><W6/><G45/><T124/><D124/><U114/><E114/><V11/><F11/><W27/><G27/><T21/><D21/><U132/><E47/><V69/><F69/><RYUUKYOKU ba="0,1" sc="240,30,250,-10,250,-10,250,-10" hai0="32,34,38,43,46,48,51,59,62,67,97,102,106" /><INIT seed="0,1,1,0,3,127" ten="270,240,240,240" oya="0" hai0="90,57,97,40,37,25,28,68,35,41,32,53,120" hai1="1,34,10,117,38,27,105,2,122,131,75,6,64" hai2="14,22,61,30,96,23,91,17,12,74,33,15,63" hai3="51,78,56,18,99,125,114,58,73,108,88,94,43"/><T62/><D120/><U39/><E117/><V102/><F74/><W112/><G125/><T84/><D37/><N who="1" m="13835" /><E122/><V79/><F79/><W128/><G108/><T44/><D35/><U116/><E116/><V4/><F91/><W76/><G128/><T126/><D126/><U98/><E64/><V16/><F4/><W134/><G134/><T92/><D68/><U77/><E1/><V133/><F12/><W93/><G93/><T82/><REACH who="0" step="1"/><D44/><REACH who="0" ten="260,240,240,240" step="2"/><U89/><E34/><V85/><F133/><W49/><G112/><T101/><AGARI ba="1,2" hai="25,28,32,40,41,53,57,62,82,84,90,92,97,101" machi="101" ten="20,7800,0" yaku="1,1,2,1,0,1,7,1,53,0" doraHai="127" doraHaiUra="118" who="0" fromWho="0" sc="260,101,240,-27,240,-27,240,-27" /><INIT seed="0,2,0,5,5,91" ten="361,213,213,213" oya="0" hai0="49,105,126,134,58,112,97,6,19,35,27,30,48" hai1="83,128,34,53,75,78,125,2,26,32,68,16,74" hai2="124,56,39,130,92,7,21,22,64,43,123,96,60" hai3="99,106,133,85,28,110,72,46,135,131,66,86,89"/><T108/><D112/><U101/><E2/><V29/><F123/><W129/><G66/><T87/><D126/><U113/><E68/><V127/><F7/><W118/><G46/><T12/><D134/><N who="3" m="51209" /><G28/><T82/><D108/><U13/><E128/><N who="3" m="49226" /><G118/><T1/><D58/><U63/><E125/><N who="2" m="48203" /><F29/><W93/><G72/><T88/><D105/><U107/><E75/><V120/><F120/><W5/><G5/><T62/><D62/><U17/><E63/><V95/><F130/><W121/><G121/><T109/><D109/><U102/><E107/><V18/><F96/><N who="3" m="57391" /><G110/><T41/><D41/><U84/><E74/><V14/><F22/><W50/><G50/><T31/><D31/><U73/><E73/><V76/><F43/><W33/><G33/><T10/><D97/><U44/><E34/><V81/><F39/><W55/><G55/><T25/><D25/><U111/><E53/><V38/><F38/><W100/><AGARI ba="2,0" hai="85,86,99,100,106" m="57391,49226,51209" machi="100" ten="40,8000,1" yaku="20,1,19,1,34,2,52,1" doraHai="91" who="3" fromWho="3" sc="361,-42,213,-22,213,-22,213,86" /><INIT seed="1,0,0,5,3,114" ten="319,191,191,299" oya="1" hai0="45,107,135,79,17,121,19,34,47,84,87,65,61" hai1="0,69,3,98,109,99,70,102,58,35,11,30,111" hai2="12,18,117,5,80,82,122,9,15,126,25,46,38" hai3="42,37,63,53,24,68,57,29,54,77,76,8,123"/><U21/><E35/><V7/><F122/><W59/><G123/><T124/><D107/><U134/><E134/><V112/><F126/><W51/><G68/><N who="1" m="26218" /><E58/><V113/><F25/><W10/><G37/><T23/><D34/><U90/><E90/><V13/><F117/><W89/><G42/><T128/><D121/><U16/><E30/><V131/><F131/><W120/><G120/><T36/><D128/><U48/><E48/><V83/><F15/><W103/><G103/><T22/><D124/><U71/><N who="1" m="26226" /><U74/><DORA hai="52" /><E74/><V56/><F56/><W130/><G89/><T88/><D135/><U106/><E99/><V125/><F125/><W27/><G130/><T55/><D36/><U118/><E11/><N who="3" m="4138" /><G29/><T86/><D65/><U132/><E132/><V20/><REACH who="2" step="1"/><F5/><REACH who="2" ten="319,191,181,299" step="2"/><W75/><G24/><N who="0" m="14415" /><D45/><U49/><E118/><V64/><F64/><W60/><G27/><N who="0" m="14847" /><D47/><U105/><E0/><V92/><F92/><W116/><G116/><T62/><D62/><U101/><E3/><V91/><F91/><W119/><G63/><T32/><D32/><U44/><E106/><V50/><F50/><W97/><G119/><T39/><D39/><U96/><E49/><V66/><F66/><W1/><G60/><T127/><D127/><U115/><E44/><V78/><F78/><W4/><G76/><T67/><D79/><U94/><E115/><V14/><F14/><W2/><G77/><T85/><D67/><U133/><E133/><V28/><F28/><W110/><G1/><T129/><N who="0" m="21504" /><DORA hai="95" /><T73/><D129/><U6/><E6/><V72/><F72/><RYUUKYOKU ba="0,1" sc="319,-15,191,15,181,15,299,-15" hai1="16,21,94,96,98,101,102,105,109,111" hai2="7,9,12,13,18,20,38,46,80,82,83,112,113" /><INIT seed="1,1,1,2,4,37" ten="304,206,196,284" oya="1" hai0="76,116,111,46,48,95,13,41,69,133,135,132,75" hai1="49,85,94,80,89,12,65,20,22,30,119,117,84" hai2="31,92,57,10,53,121,62,43,100,27,24,103,81" hai3="109,120,42,67,77,99,63,29,56,86,110,5,54"/><U131/><E131/><V104/><F121/><W44/><G120/><T1/><D111/><N who="3" m="42505" /><G29/><T125/><D125/><U72/><E72/><V106/><F81/><N who="3" m="47407" /><G5/><T88/><D116/><U82/><E65/><V90/><F106/><W113/><G99/><T19/><D1/><U122/><E122/><V130/><F104/><W51/><G113/><T60/><D76/><U2/><E2/><V25/><F31/><W36/><G36/><T87/><D75/><U35/><E35/><V14/><F43/><AGARI ba="1,1" hai="42,43,44,51,54,56,63,67" m="47407,42505" machi="43" ten="30,3900,0" yaku="14,1,52,2" doraHai="37" who="3" fromWho="2" sc="304,0,206,0,196,-42,284,52" /><INIT seed="2,0,0,5,5,19" ten="304,206,154,336" oya="2" hai0="67,28,22,82,102,6,74,73,86,18,126,68,122" hai1="79,117,90,87,20,11,29,46,129,4,71,16,80" hai2="99,77,110,75,93,92,83,45,60,40,89,96,2" hai3="32,13,15,111,104,52,134,1,114,23,37,119,27"/><V70/><F2/><W41/><G104/><T66/><D122/><U53/><E117/><V33/><F33/><W48/><G1/><T94/><D28/><U100/><E71/><V25/><F110/><W0/><G119/><T72/><D6/><U21/><E129/><V127/><F127/><W128/><G0/><T59/><D68/><U69/><E69/><V101/><F25/><W97/><G32/><T130/><D130/><U115/><E115/><V85/><F70/><W38/><G27/><T7/><D7/><U125/><E125/><V135/><F60/><W84/><G23/><N who="1" m="8778" /><E100/><V34/><F34/><W88/><G38/><T123/><D123/><U14/><E29/><V12/><F12/><W105/><G13/><T3/><D3/><U54/><E4/><V78/><F135/><W47/><G15/><T113/><D113/><U98/><E46/><V58/><F58/><W103/><G47/><T131/><D131/><U5/><E5/><V95/><F75/><W61/><G128/><T132/><D132/><U8/><E8/><V81/><F45/><W108/><G134/><T35/><D35/><U9/><E9/><V44/><F44/><W24/><G111/><T39/><D39/><U26/><E26/><V36/><F36/><W49/><G37/><T64/><D126/><U10/><E10/><V109/><F109/><W51/><G108/><T43/><D59/><U121/><E121/><V31/><F31/><W118/><G24/><N who="0" m="14423" /><D102/><U50/><E50/><V116/><F116/><W57/><G51/><T76/><D43/><U17/><E17/><V112/><F40/><RYUUKYOKU ba="0,0" sc="304,15,206,15,154,-15,336,-15" hai0="64,66,67,72,73,74,76,82,86,94" hai1="11,14,16,53,54,79,80,87,90,98" /><INIT seed="3,1,0,2,4,12" ten="319,221,139,321" oya="3" hai0="95,32,30,116,114,115,28,11,29,24,56,25,90" hai1="88,19,16,127,33,99,40,74,72,34,123,94,62" hai2="37,77,121,59,39,71,44,69,101,18,53,75,48" hai3="76,52,26,82,135,109,97,21,55,110,45,54,117"/><W20/><G117/><T128/><D116/><U124/><E123/><V65/><F101/><W131/><G131/><T51/><D128/><U5/><E5/><V102/><F102/><W105/><G135/><T2/><D56/><U80/><E40/><V106/><F106/><W6/><G6/><N who="0" m="1495" /><D51/><U35/><E62/><N who="2" m="38111" /><F18/><N who="1" m="6697" /><E80/><V103/><F103/><N who="3" m="62703" /><G26/><T47/><D47/><U67/><E67/><V112/><F77/><W23/><G45/><T92/><D90/><U126/><AGARI ba="1,0" hai="33,34,35,72,74,88,94,99,124,126,127" m="6697" machi="126" ten="40,12000,2" yaku="18,1,52,3,54,2" doraHai="12" who="1" fromWho="1" sc="319,-31,221,123,139,-31,321,-61" owari="288,8.8,344,44.4,108,-39.2,260,-14.0" /></mjloggm>