<mjloggm ver="2.3"><GO type="225" lobby="0"/><UN n0="%6D%75%75%73%61%6E%6D%75" n1="%E6%A1%9C%E8%8A%B1%E9%96%83%E3%80%85" n2="%E3%81%B5%E3%81%98%E3%81%8B%E3%81%A4" n3="%50%65%74%65%72%50%61%6E" dan="16,16,17,16" rate="2120.85,2210.49,2257.42,2200.45" sx="F,M,M,M"/><TAIKYOKU oya="0"/><INIT seed="0,0,0,4,2,62" ten="250,250,250,250" oya="0" hai0="52,69,126,21,134,14,36,31,111,94,64,33,128" hai1="81,71,1,115,105,41,130,29,108,65,50,127,28" hai2="112,32,109,51,118,13,132,97,0,66,78,91,61" hai3="34,19,39,15,73,63,123,2,117,8,9,95,93"/><T80/><D126/><U25/><E108/><V4/><F112/><W131/><G117/><T120/><D120/><U22/><E127/><V125/><F118/><W110/><G39/><T45/><D111/><U18/><E130/><V3/><F32/><W11/><G73/><T47/><D36/><U59/><E105/><V5/><F78/><W89/><G34/><T55/><D128/><U24/><E1/><V86/><F51/><W96/><G110/><T119/><D119/><U44/><E71/><V23/><F125/><W100/><G123/><T57/><D134/><U85/><E115/><V46/><F97/><W7/><G131/><T77/><D69/><U88/><E25/><V30/><F46/><N who="0" m="17418" /><D33/><U107/><E107/><V83/><F132/><W135/><G135/><T12/><D94/><U133/><E133/><V10/><F4/><W42/><G42/><T84/><D31/><U53/><REACH who="1" step="1"/><E65/><REACH who="1" ten="250,240,250,250" step="2"/><V35/><F109/><W38/><G2/><T114/><D114/><U56/><E56/><V87/><F0/><W124/><G124/><T99/><D14/><U98/><E98/><V48/><F3/><W67/><G38/><AGARI ba="0,1" hai="18,22,24,28,29,38,41,44,50,53,59,81,85,88" machi="38" ten="30,3900,0" yaku="1,1,7,1,54,1,53,0" doraHai="62" doraHaiUra="60" who="1" fromWho="3" sc="250,0,240,49,250,0,250,-39" /><INIT seed="1,0,0,0,4,106" ten="250,289,250,211" oya="1" hai0="31,76,14,129,41,79,21,105,3,81,118,15,90" hai1="48,93,20,83,86,98,22,46,131,116,0,121,94" hai2="11,56,4,42,52,103,69,62,117,17,78,36,58" hai3="53,54,107,123,24,112,67,82,37,88,110,40,55"/><U133/><E116/><V72/><F117/><W38/><G123/><T65/><D118/><U45/><E121/><V30/><F103/><W68/><G107/><T49/><D3/><U91/><E131/><V89/><F30/><W84/><G112/><T66/><D105/><U71/><E133/><V92/><F17/><W95/><G110/><T25/><D129/><U113/><E113/><V108/><F58/><W97/><G40/><T2/><D2/><U5/><E71/><V128/><F69/><W50/><G50/><T1/><D1/><U85/><E5/><V134/><F134/><W104/><G104/><T29/><D29/><U6/><E0/><N who="2" m="391" /><F128/><W126/><G126/><T32/><D90/><N who="1" m="53463" /><E6/><V9/><F9/><W59/><G68/><T10/><D32/><U127/><E127/><V111/><F89/><W102/><REACH who="3" step="1"/><G24/><REACH who="3" ten="250,289,250,201" step="2"/><T35/><D25/><U34/><E46/><N who="2" m="23879" /><F92/><W60/><AGARI ba="0,1" hai="37,38,53,54,55,59,60,67,82,84,88,95,97,102" machi="60" ten="30,7900,0" yaku="1,1,0,1,54,1,53,1" doraHai="106" doraHaiUra="61" who="3" fromWho="3" sc="250,-20,289,-39,250,-20,201,89" /><INIT seed="2,0,0,3,0,123" ten="230,250,230,290" oya="2" hai0="11,74,55,97,68,105,95,104,48,85,69,47,36" hai1="112,96,98,125,59,51,14,133,126,18,23,81,64" hai2="34,27,46,6,45,118,3,70,60,71,108,31,67" hai3="94,39,13,1,90,101,16,82,113,54,132,91,121"/><V62/><F118/><W99/><G1/><T38/><D74/><U128/><E112/><V35/><F35/><W80/><G121/><T56/><D85/><U40/><E128/><V15/><F3/><W87/><G39/><T114/><D114/><U49/><E133/><V61/><F108/><W0/><G0/><T129/><D129/><U24/><E81/><V84/><F84/><N who="3" m="50455" /><G113/><T2/><D69/><U57/><E40/><V33/><F33/><W30/><G132/><T103/><D68/><U120/><E120/><V89/><F89/><W111/><G111/><T135/><D135/><U17/><E64/><V28/><F28/><W79/><G54/><T41/><REACH who="0" step="1"/><D36/><REACH who="0" ten="220,250,230,290" step="2"/><U44/><E125/><V75/><F71/><W115/><G115/><T37/><D37/><U8/><E126/><V12/><F75/><W50/><G87/><T73/><D73/><U7/><E96/><V10/><F70/><W107/><G99/><T4/><AGARI ba="0,1" hai="2,4,11,38,41,47,48,55,56,95,97,103,104,105" machi="4" ten="30,2000,0" yaku="1,1,0,1,53,0" doraHai="123" doraHaiUra="78" who="0" fromWho="0" sc="220,30,250,-5,230,-10,290,-5" /><INIT seed="3,0,0,5,2,1" ten="250,245,220,285" oya="3" hai0="66,29,10,65,9,51,4,110,32,125,41,3,33" hai1="31,34,12,70,86,48,93,17,100,108,90,72,92" hai2="83,97,30,58,67,73,16,123,8,15,62,55,115" hai3="18,26,27,2,96,61,44,71,127,102,57,78,43"/><W91/><G2/><T113/><D110/><U46/><E108/><V24/><F115/><W119/><G71/><T99/><D113/><U130/><E130/><V45/><F123/><W53/><G119/><T69/><D125/><U36/><E72/><V129/><F129/><W122/><G127/><T21/><D10/><U42/><E70/><V13/><F97/><W94/><G78/><T126/><D126/><U56/><E34/><V82/><F73/><W14/><G102/><T59/><D69/><U87/><E31/><V28/><F28/><W35/><G35/><T60/><D66/><U134/><E134/><V111/><F111/><W74/><G74/><T131/><D99/><N who="1" m="59503" /><E56/><V76/><F76/><W118/><G118/><T101/><D101/><U64/><E36/><V5/><F45/><W95/><G95/><T37/><D37/><U89/><E64/><V103/><F67/><W107/><G107/><T80/><D80/><N who="1" m="49351" /><E17/><V114/><F103/><W22/><G122/><T19/><D29/><U40/><E12/><V116/><F116/><W117/><G117/><T63/><D131/><U0/><E0/><V50/><F114/><W84/><G96/><T85/><D85/><U77/><E77/><V68/><F68/><W112/><G112/><T79/><D79/><U81/><E81/><N who="2" m="30731" /><F62/><W124/><G124/><T98/><D60/><U120/><E120/><V7/><F15/><W6/><G14/><N who="0" m="9463" /><D98/><U49/><E49/><V121/><F121/><W128/><G128/><T47/><D32/><U23/><E23/><V54/><F54/><AGARI ba="0,0" hai="40,42,46,48,54,87,90,92" m="49351,59503" machi="54" ten="30,1000,0" yaku="8,1" doraHai="1" who="1" fromWho="2" sc="250,0,245,10,220,-10,285,0" /><INIT seed="4,0,0,2,1,21" ten="250,255,210,285" oya="0" hai0="32,84,132,61,48,86,34,25,37,78,7,70,51" hai1="6,112,8,72,15,67,89,87,126,123,117,33,122" hai2="85,10,131,135,40,124,108,94,95,121,18,80,31" hai3="119,64,79,13,60,99,109,107,113,45,55,76,104"/><T66/><D37/><U103/><E117/><V28/><F121/><W105/><G119/><T35/><D132/><U96/><E72/><V71/><F135/><W52/><G109/><T128/><D128/><U47/><E126/><V92/><F131/><W77/><G113/><T116/><D116/><U54/><E67/><V43/><F108/><W38/><G99/><T24/><D7/><U53/><E33/><V63/><F124/><W73/><G73/><T11/><D11/><U42/><E112/><V74/><F74/><W102/><G102/><T125/><D125/><U44/><E122/><V65/><F10/><W5/><G13/><T14/><D14/><U27/><E27/><V39/><F18/><W50/><G5/><T75/><D75/><U17/><E17/><V59/><F71/><W56/><REACH who="3" step="1"/><G38/><REACH who="3" ten="250,255,210,275" step="2"/><T62/><D84/><U97/><E97/><V101/><F101/><W114/><G114/><T29/><D86/><U93/><E123/><V9/><F39/><W4/><G4/><T19/><D19/><U100/><E100/><V106/><F106/><W30/><G30/><N who="2" m="11305" /><F9/><W81/><G81/><T134/><D29/><U16/><E6/><V118/><F118/><W133/><G133/><T90/><D134/><U41/><E96/><V129/><F129/><W20/><G20/><T115/><D115/><U98/><E98/><V57/><F57/><W0/><G0/><T69/><D35/><U49/><E103/><V88/><AGARI ba="0,1" hai="40,43,59,63,65,80,85,88,92,94,95" m="11305" machi="88" ten="30,2000,0" yaku="8,1,54,1" doraHai="21" who="2" fromWho="2" sc="250,-10,255,-5,210,30,275,-5" /><INIT seed="5,0,0,1,3,57" ten="240,250,240,270" oya="1" hai0="24,99,77,95,53,6,96,86,22,128,0,91,85" hai1="89,11,36,64,33,129,71,122,49,111,19,31,8" hai2="40,54,2,59,50,55,117,44,7,26,73,121,45" hai3="112,80,58,90,78,37,131,15,14,27,124,46,84"/><U60/><E122/><V118/><F73/><W81/><G112/><T47/><D128/><U35/><E36/><N who="2" m="21511" /><F26/><W4/><G124/><T10/><D77/><U104/><E129/><V1/><F7/><W48/><G37/><T132/><D53/><U52/><E111/><V18/><F18/><W116/><G116/><N who="2" m="44649" /><F2/><W28/><G58/><T20/><D47/><U126/><E126/><V65/><F1/><W115/><G115/><T109/><D109/><U42/><E104/><V107/><F107/><W98/><G4/><T39/><D39/><U119/><E119/><V70/><F121/><W34/><G131/><T63/><D22/><U92/><E42/><N who="2" m="24887" /><F70/><W82/><G82/><T123/><D123/><U17/><E17/><V56/><F56/><W113/><G113/><T106/><D106/><U5/><E19/><V93/><F93/><W61/><G98/><T120/><D99/><U62/><E31/><V114/><F114/><W12/><G81/><T79/><D120/><U110/><E11/><V105/><F105/><W88/><G90/><T134/><D96/><N who="1" m="57359" /><E110/><V30/><F30/><W125/><G125/><T87/><D95/><U135/><E33/><V32/><F32/><W29/><G29/><N who="0" m="17543" /><D91/><U74/><E35/><V23/><F23/><N who="3" m="15487" /><G78/><T127/><D127/><U94/><E74/><V25/><F25/><W9/><G34/><T43/><D79/><U103/><E94/><V16/><F16/><W41/><G9/><T76/><D76/><U67/><E8/><V21/><F21/><W13/><G13/><T101/><D101/><U100/><E103/><V51/><F51/><RYUUKYOKU ba="0,0" sc="240,-15,250,-15,240,15,270,15" hai2="54,55,59,65" hai3="12,14,15,41,46,48,61,80,84,88" /><INIT seed="6,1,0,4,1,18" ten="225,235,255,285" oya="2" hai0="97,58,113,90,91,75,77,106,40,114,96,88,92" hai1="3,81,110,44,66,62,19,7,74,11,29,6,27" hai2="86,0,30,55,31,99,84,21,12,5,36,57,35" hai3="128,87,26,54,130,45,61,103,64,107,70,73,120"/><V133/><F36/><W52/><G73/><T131/><D40/><U56/><E110/><V16/><F133/><W38/><G120/><T67/><D67/><U79/><E7/><V117/><F117/><W17/><G87/><N who="2" m="33321" /><F35/><W60/><G60/><T121/><D58/><U76/><E76/><V51/><F0/><W50/><G38/><T10/><D10/><U42/><E19/><V82/><F82/><W78/><G78/><T4/><D4/><U25/><REACH who="1" step="1"/><E29/><REACH who="1" ten="225,225,255,285" step="2"/><N who="2" m="10763" /><F5/><W80/><G17/><T33/><D121/><U43/><E43/><V83/><F83/><W119/><G80/><N who="0" m="45119" /><D33/><U122/><E122/><V94/><F94/><W116/><G116/><T111/><D111/><U112/><E112/><N who="0" m="43113" /><D131/><U37/><AGARI ba="1,1" hai="3,6,11,25,27,37,42,44,56,62,66,74,79,81" machi="37" ten="20,8000,1" yaku="1,1,0,1,7,1,25,2,53,0" doraHai="18" doraHaiUra="93" who="1" fromWho="1" sc="225,-21,225,93,255,-41,285,-21" owari="204,-29.6,318,41.8,214,-18.6,264,6.4" /></mjloggm>