<mjloggm ver="2.3"><GO type="225" lobby="0"/><UN n0="%72%69%6F%75%63%68%61%6E" n1="%E8%81%B7%E6%A5%AD%E3%80%81%E9%A2%A8%32" n2="%E3%81%86%E3%81%A9%E3%82%93%E3%81%93" n3="%E3%82%82%E3%81%90%E3%82%89" dan="17,16,16,17" rate="2233.51,2100.55,2127.71,2147.45" sx="M,M,M,M"/><TAIKYOKU oya="0"/><INIT seed="0,0,0,5,0,51" ten="250,250,250,250" oya="0" hai0="64,43,17,1,135,18,68,19,122,50,99,112,127" hai1="65,3,107,6,42,22,75,32,79,29,82,115,46" hai2="95,70,102,7,15,105,21,116,125,91,90,109,12" hai3="78,114,77,86,58,52,80,9,120,128,88,25,10"/><T63/><D112/><U101/><E65/><V129/><F70/><W130/><G114/><T37/><D127/><U83/><E83/><V123/><F123/><W71/><G71/><T45/><D135/><U108/><E22/><V66/><F66/><W133/><G133/><T49/><D122/><U131/><E115/><V113/><F113/><W100/><G100/><T62/><D1/><U28/><E108/><V48/><F125/><W98/><G25/><T69/><D69/><U2/><E2/><V134/><F134/><W85/><G98/><T96/><REACH who="0" step="1"/><D62/><REACH who="0" ten="240,250,250,250" step="2"/><U76/><E3/><V23/><F109/><W53/><G120/><T106/><D106/><U103/><E107/><V132/><F132/><W30/><G130/><T124/><D124/><U40/><E131/><V5/><F129/><W89/><G128/><T4/><D4/><U61/><E6/><V35/><F105/><W13/><G30/><T39/><D39/><U26/><E28/><V119/><F7/><N who="3" m="3263" /><G10/><T20/><D20/><U117/><E26/><V87/><F23/><W73/><G73/><T118/><D118/><U31/><E29/><V92/><F21/><W34/><G34/><T16/><N who="0" m="4096" /><DORA hai="94" /><T24/><D24/><U38/><E32/><V93/><F5/><W121/><G121/><T33/><D33/><U111/><E31/><V60/><F35/><W126/><G126/><T56/><D56/><U0/><E0/><V67/><F116/><W14/><G14/><T11/><D11/><U110/><E110/><V36/><F119/><W47/><G58/><T74/><D74/><U72/><E72/><RYUUKYOKU ba="0,1" sc="240,30,250,-10,250,-10,250,-10" hai0="37,43,45,49,50,63,64,68,96,99" /><INIT seed="0,1,1,0,3,109" ten="270,240,240,240" oya="0" hai0="76,108,59,101,121,110,94,120,55,22,97,103,10" hai1="52,75,40,79,58,99,1,118,117,13,36,119,12" hai2="125,38,23,90,77,32,127,61,87,11,41,98,39" hai3="50,106,27,15,2,4,134,81,33,29,64,25,116"/><T47/><D76/><U42/><E1/><V74/><F32/><W132/><G106/><T122/><D47/><U102/><E79/><V105/><F11/><N who="3" m="2455" /><G64/><T128/><D128/><U126/><E75/><V44/><F39/><W28/><G50/><T95/><D22/><U111/><E111/><N who="0" m="42537" /><D10/><U43/><E36/><V104/><F61/><W19/><G81/><T7/><D7/><U112/><E126/><N who="2" m="48139" /><F98/><W82/><G82/><T84/><D84/><U46/><E46/><V96/><F96/><W60/><G116/><T130/><D130/><U17/><E17/><V72/><F77/><W35/><G60/><N who="0" m="35967" /><D94/><U93/><REACH who="1" step="1"/><E112/><REACH who="1" ten="270,230,240,240" step="2"/><V3/><F3/><W89/><G134/><T78/><D78/><U92/><E92/><V9/><F74/><W30/><G132/><T56/><D56/><U91/><E91/><AGARI ba="1,2" hai="91,95,97,101,103,120,121,122" m="35967,42537" machi="91" ten="40,3900,0" yaku="14,1,10,1" doraHai="109" who="0" fromWho="1" sc="270,62,230,-42,240,0,240,0" /><INIT seed="0,2,0,3,2,28" ten="332,188,240,240" oya="0" hai0="109,121,60,58,122,16,6,32,57,83,65,4,3" hai1="127,116,103,90,95,12,108,77,1,47,66,41,9" hai2="26,51,14,81,75,105,96,120,111,70,17,54,100" hai3="63,52,40,31,114,27,2,34,42,19,135,43,68"/><T72/><D109/><U67/><E108/><V82/><F120/><W13/><G114/><T106/><D106/><U29/><E116/><V23/><F70/><W25/><G2/><T84/><D72/><U59/><E127/><V35/><F75/><W125/><G125/><T89/><D3/><U112/><E112/><V22/><F111/><W88/><G135/><T91/><D32/><U38/><E1/><V113/><F113/><W61/><G68/><T132/><D132/><U21/><E77/><V99/><F99/><W76/><G76/><T37/><D37/><U130/><E103/><V124/><F124/><W123/><G123/><T11/><D57/><U110/><E130/><V62/><F62/><W92/><G27/><T101/><D101/><U49/><E59/><V126/><F126/><W115/><G115/><T53/><D65/><U45/><E21/><V39/><F39/><W79/><G79/><N who="0" m="46207" /><D122/><U24/><E29/><V80/><F35/><W134/><G52/><N who="0" m="33863" /><D121/><U87/><E24/><V102/><F102/><W74/><G74/><T104/><D104/><U131/><E110/><V15/><REACH who="2" step="1"/><F23/><REACH who="2" ten="332,188,230,240" step="2"/><W55/><G134/><T5/><D53/><U93/><E38/><V73/><F73/><W129/><G55/><T7/><N who="0" m="1024" /><DORA hai="85" /><T86/><D86/><U50/><E87/><V10/><F10/><W64/><G64/><T46/><D46/><AGARI ba="2,1" hai="14,15,17,22,26,46,51,54,80,81,82,96,100,105" machi="46" ten="40,1300,0" yaku="1,1,53,0" doraHai="28,85" doraHaiUra="69,128" who="2" fromWho="0" sc="332,-19,188,0,230,29,240,0" /><INIT seed="1,0,0,5,4,82" ten="313,188,259,240" oya="1" hai0="122,30,28,135,91,36,21,70,133,4,78,46,100" hai1="112,75,65,39,15,1,67,58,3,40,104,20,125" hai2="32,118,129,62,25,90,114,66,103,85,5,37,47" hai3="126,98,52,92,106,132,97,134,87,88,71,77,93"/><U72/><E112/><V127/><F114/><W18/><G71/><T89/><D70/><U43/><E104/><V81/><F118/><W51/><G126/><T109/><D109/><U115/><E115/><V69/><F129/><W84/><G18/><T83/><D122/><U0/><E125/><V94/><F127/><W96/><G77/><T120/><D120/><U80/><E39/><V116/><F116/><W99/><G106/><T55/><D100/><U17/><E58/><V12/><F5/><W110/><G110/><T2/><D55/><U41/><REACH who="1" step="1"/><E80/><REACH who="1" ten="313,178,259,240" step="2"/><V131/><F131/><W79/><G79/><T130/><D130/><U117/><E117/><V64/><F37/><W60/><G60/><T124/><D124/><U76/><E76/><V49/><F62/><W35/><G35/><T54/><D36/><U24/><E24/><V9/><F69/><W23/><G23/><T38/><D38/><U101/><E101/><V108/><F25/><W111/><G111/><T119/><D119/><U59/><E59/><V61/><F61/><W29/><G93/><T123/><D123/><U105/><E105/><V42/><F108/><W113/><G113/><T31/><D78/><U53/><E53/><V7/><F32/><W44/><REACH who="3" step="1"/><G29/><REACH who="3" ten="313,178,259,230" step="2"/><T48/><D83/><U95/><E95/><V16/><F94/><W22/><G22/><T56/><D21/><U26/><E26/><V73/><F103/><W74/><G74/><AGARI ba="0,2" hai="0,1,3,15,17,20,40,41,43,65,67,72,74,75" machi="74" ten="50,4800,0" yaku="1,1,53,1" doraHai="82" doraHaiUra="11" who="1" fromWho="3" sc="313,0,178,68,259,0,230,-48" /><INIT seed="1,1,0,5,5,118" ten="313,246,259,182" oya="1" hai0="126,127,19,36,30,40,51,56,89,6,104,75,81" hai1="95,4,22,128,50,134,74,131,73,112,29,58,99" hai2="78,26,79,37,66,64,7,67,9,43,82,98,100" hai3="117,42,10,105,60,61,120,93,17,72,91,53,21"/><U122/><E122/><V20/><F43/><W1/><G72/><T69/><D104/><U106/><E106/><V45/><F45/><W110/><G105/><T129/><D69/><U124/><E112/><V80/><F37/><W111/><G117/><T101/><D129/><N who="1" m="49739" /><E124/><V44/><F44/><W132/><G42/><T14/><D101/><N who="1" m="60671" /><E134/><V88/><F100/><W52/><G132/><T27/><D36/><U62/><E4/><V24/><F24/><N who="3" m="14383" /><G61/><T107/><D6/><U125/><E125/><N who="0" m="47625" /><D107/><U97/><E97/><V28/><F98/><N who="3" m="57663" /><G120/><T96/><D96/><U55/><E62/><V33/><F33/><W57/><G53/><N who="0" m="31807" /><D40/><U34/><E34/><V90/><F80/><W109/><G1/><T65/><D65/><U16/><E29/><V2/><REACH who="2" step="1"/><F79/><REACH who="2" ten="313,246,249,182" step="2"/><W12/><G109/><T46/><D81/><U3/><E3/><V86/><AGARI ba="1,1" hai="2,7,9,20,26,28,64,66,67,78,82,86,88,90" machi="86" ten="30,7900,0" yaku="1,1,2,1,0,1,54,1,53,0" doraHai="118" doraHaiUra="47" who="2" fromWho="2" sc="313,-21,246,-40,249,92,182,-21" /><INIT seed="2,0,0,2,0,33" ten="292,206,341,161" oya="2" hai0="8,39,122,125,28,43,32,50,85,61,44,25,114" hai1="104,10,108,83,55,67,127,29,96,47,62,133,80" hai2="40,56,49,111,131,100,78,91,116,84,110,90,123" hai3="120,48,20,35,15,69,94,9,126,1,36,135,13"/><V7/><F116/><W21/><G36/><T88/><D125/><U119/><E108/><N who="2" m="41515" /><F123/><W53/><G69/><T46/><D114/><U31/><E119/><V6/><F131/><W27/><G120/><T24/><D122/><U57/><E127/><V132/><F132/><W95/><G126/><T58/><D24/><U73/><E73/><V113/><F113/><W54/><G135/><T52/><D8/><U38/><E133/><V0/><F100/><W5/><G35/><T134/><D134/><U92/><E104/><V79/><F91/><W12/><G21/><T63/><REACH who="0" step="1"/><D44/><REACH who="0" ten="282,206,341,161" step="2"/><U3/><E47/><N who="2" m="25831" /><F56/><W70/><G70/><T87/><D87/><U75/><E57/><V76/><F0/><W30/><REACH who="3" step="1"/><G54/><REACH who="3" ten="282,206,341,151" step="2"/><T19/><D19/><U93/><E55/><V103/><F6/><W77/><G77/><T11/><D11/><U34/><E10/><V102/><F7/><W74/><G74/><T51/><D51/><U98/><E75/><V128/><F128/><W45/><AGARI ba="0,2" hai="1,5,9,12,13,15,20,27,30,45,48,53,94,95" machi="45" ten="30,4000,0" yaku="1,1,0,1,52,1,53,0" doraHai="33" doraHaiUra="81" who="3" fromWho="3" sc="282,-10,206,-10,341,-20,151,60" /><INIT seed="3,0,0,2,3,22" ten="272,196,321,211" oya="3" hai0="20,3,14,10,41,100,78,62,126,60,115,23,108" hai1="127,63,28,122,109,86,90,29,134,79,64,65,44" hai2="56,47,103,89,81,13,17,87,0,130,77,104,38" hai3="26,34,129,15,50,96,5,40,12,101,73,133,72"/><W1/><G129/><T70/><D108/><U82/><E122/><V42/><F0/><W85/><G133/><T80/><D126/><U112/><E112/><V94/><F130/><W19/><G85/><T66/><D115/><U46/><E134/><V18/><F56/><W76/><G1/><T59/><D100/><U54/><E109/><V88/><F89/><W6/><G6/><T83/><D41/><U55/><E127/><V110/><F110/><W4/><G4/><T125/><D3/><U33/><E79/><V51/><F38/><W58/><G5/><T37/><D37/><U91/><E33/><V132/><F132/><W93/><G76/><T135/><D125/><U8/><E8/><V117/><F117/><W24/><G34/><T95/><D95/><U97/><E97/><N who="2" m="61551" /><F13/><W49/><G15/><T2/><D2/><U67/><E91/><V75/><AGARI ba="0,0" hai="17,18,42,47,51,75,77,81,87,88,94" m="61551" machi="75" ten="30,2000,0" yaku="24,1,54,1" doraHai="22" who="2" fromWho="2" sc="272,-5,196,-5,321,20,211,-10" owari="267,6.7,191,-30.9,341,44.1,201,-19.9" /></mjloggm>