<mjloggm ver="2.3"><GO type="225" lobby="0"/><UN n0="%E2%98%86%E5%AD%AB%E7%87%95%E5%A7%BF%E2%98%86" n1="%E6%A1%9C%E8%8A%B1%E9%96%83%E3%80%85" n2="%72%65%6E%6B%75%6E" n3="%E3%81%B5%E3%81%98%E3%81%8B%E3%81%A4" dan="16,16,17,16" rate="2184.93,2128.91,2228.16,2160.29" sx="M,M,M,M"/><TAIKYOKU oya="0"/><INIT seed="0,0,0,0,3,49" ten="250,250,250,250" oya="0" hai0="54,18,133,98,81,104,39,68,14,59,102,63,46" hai1="62,88,3,38,106,77,61,130,103,127,95,134,17" hai2="37,52,117,85,20,72,91,100,15,96,43,45,78" hai3="7,111,90,2,12,115,60,44,80,125,0,74,29"/><T53/><D133/><U83/><E134/><V109/><F109/><W30/><G111/><T36/><D68/><U131/><E38/><V87/><F117/><W8/><G125/><T89/><D46/><U110/><E3/><V71/><F71/><W64/><G115/><T99/><D54/><U66/><E110/><V113/><F72/><W56/><G44/><T79/><D89/><U124/><E17/><V48/><F113/><W51/><G51/><T19/><D99/><N who="1" m="61823" /><E66/><V40/><F78/><W67/><G67/><T27/><D18/><U126/><E61/><V105/><F37/><W23/><G74/><T41/><D27/><U119/><E62/><V122/><F122/><W132/><G132/><T116/><D41/><U55/><E55/><V9/><F20/><W101/><G101/><T128/><D128/><N who="1" m="49195" /><E119/><V25/><F25/><W65/><G65/><T112/><D112/><U1/><E1/><V93/><REACH who="2" step="1"/><F87/><REACH who="2" ten="250,250,240,250" step="2"/><N who="3" m="50535" /><G0/><T123/><D116/><U75/><E127/><V118/><F118/><W32/><G2/><T70/><D123/><U58/><E58/><V24/><F24/><N who="3" m="16543" /><G32/><T21/><REACH who="0" step="1"/><D70/><REACH who="0" ten="240,250,240,250" step="2"/><U13/><E126/><V84/><F84/><AGARI ba="0,2" hai="14,19,21,36,39,53,59,63,79,81,84,98,102,104" machi="84" ten="30,12000,1" yaku="1,1,2,1,7,1,52,1,53,1" doraHai="49" doraHaiUra="57" who="0" fromWho="2" sc="240,140,250,0,240,-120,250,0" /><INIT seed="0,1,0,1,3,118" ten="380,250,120,250" oya="0" hai0="1,31,82,125,27,94,15,95,90,81,39,67,103" hai1="8,40,7,46,113,44,128,58,35,83,0,17,117" hai2="69,19,132,107,88,52,2,11,60,134,36,20,16" hai3="74,122,26,91,112,57,120,59,70,73,99,80,100"/><T93/><D39/><U108/><E117/><V126/><F36/><W84/><G70/><T64/><D1/><U4/><E108/><V34/><F34/><W37/><G37/><T41/><D125/><U47/><E128/><V76/><F76/><W77/><G26/><T53/><D41/><U124/><E124/><V50/><F107/><N who="3" m="63903" /><G112/><T133/><D133/><N who="2" m="51306" /><F126/><W115/><G115/><T23/><D103/><U114/><E35/><V12/><F2/><W92/><G59/><T104/><D104/><U6/><E40/><V21/><F69/><W131/><G57/><T65/><D90/><U10/><E17/><V102/><F102/><W48/><G48/><T28/><D28/><U51/><E0/><V25/><F60/><W54/><G54/><T9/><REACH who="0" step="1"/><D53/><REACH who="0" ten="370,250,120,250" step="2"/><N who="1" m="32063" /><E114/><V30/><F88/><W49/><G131/><T24/><D24/><U42/><E113/><V101/><F101/><W116/><G116/><T110/><D110/><U123/><E42/><V22/><F30/><W3/><G3/><T56/><D56/><AGARI ba="1,1" hai="11,12,16,19,20,21,22,25,50,52,56" m="51306" machi="56" ten="30,3900,0" yaku="20,1,54,2" doraHai="118" who="2" fromWho="0" sc="370,-42,250,0,120,52,250,0" /><INIT seed="1,0,0,1,3,72" ten="328,250,172,250" oya="1" hai0="87,95,104,3,57,21,19,2,61,0,126,42,118" hai1="18,55,131,52,38,65,113,102,71,112,45,123,35" hai2="44,53,31,121,93,33,86,122,116,83,94,64,66" hai3="73,85,100,109,54,76,43,124,111,77,106,47,59"/><U114/><E35/><V80/><F116/><W60/><G73/><T115/><D104/><U120/><E102/><V12/><F12/><W41/><G124/><T34/><D34/><U51/><E18/><V17/><F17/><W49/><G106/><T134/><D115/><U7/><E7/><V28/><F33/><W119/><G100/><T127/><D118/><U46/><E131/><V79/><F53/><N who="1" m="20553" /><E38/><V50/><F50/><W16/><G119/><T58/><D87/><U29/><E29/><V15/><F15/><W23/><G85/><T132/><D95/><U130/><E130/><V84/><REACH who="2" step="1"/><F44/><REACH who="2" ten="328,250,162,250" step="2"/><N who="1" m="17001" /><E51/><V14/><F14/><N who="3" m="9623" /><G41/><T67/><D42/><U108/><E108/><AGARI ba="0,1" hai="43,47,49,54,59,60,76,77,108,109,111" m="9623" machi="108" ten="30,7700,0" yaku="14,1,52,2,54,1" doraHai="72" who="3" fromWho="1" sc="328,0,250,-77,162,0,250,87" /><INIT seed="2,0,0,2,0,10" ten="328,173,162,337" oya="2" hai0="107,17,87,25,122,4,82,22,57,69,41,27,127" hai1="36,42,84,72,66,67,130,64,19,86,18,53,105" hai2="0,78,63,3,47,23,52,89,103,124,121,8,60" hai3="26,102,133,110,44,1,12,61,88,85,21,79,40"/><V94/><F121/><W9/><G110/><T132/><D122/><U92/><E105/><V134/><F124/><W33/><G133/><T90/><D69/><U96/><E72/><V48/><F134/><W28/><G102/><T80/><D132/><U51/><E130/><V135/><F135/><W20/><G79/><T100/><D127/><U68/><E36/><V101/><F78/><W123/><G61/><N who="2" m="23625" /><F3/><W77/><G77/><T7/><D57/><N who="1" m="32959" /><E42/><V98/><F0/><W45/><G123/><T118/><D118/><U13/><E68/><V74/><F74/><W24/><G1/><T11/><D41/><U104/><E104/><V62/><N who="2" m="23633" /><V120/><DORA hai="34" /><F120/><W108/><G108/><T83/><D25/><U56/><E56/><V59/><F59/><W95/><G33/><T55/><D55/><U49/><E49/><V125/><F125/><W58/><G40/><T126/><D126/><U32/><E32/><V16/><F8/><W43/><G43/><T14/><REACH who="0" step="1"/><D4/><REACH who="0" ten="318,173,162,337" step="2"/><U115/><E66/><V131/><F131/><W99/><G58/><T39/><D39/><U38/><E38/><V91/><F103/><W5/><G85/><T71/><D71/><U37/><E67/><V128/><F128/><W111/><G111/><T31/><D31/><AGARI ba="0,1" hai="5,9,12,20,21,24,26,28,31,44,45,88,95,99" machi="31" ten="30,8000,1" yaku="7,1,9,1,8,1,52,1,54,1" doraHai="10,34" who="3" fromWho="0" sc="318,-80,173,0,162,0,337,90" /><INIT seed="3,0,0,1,4,104" ten="238,173,162,427" oya="3" hai0="129,18,120,53,60,108,133,90,86,68,7,49,107" hai1="106,66,112,81,67,12,25,119,45,36,125,124,130" hai2="92,16,71,72,79,28,115,70,52,127,117,118,17" hai3="128,24,76,40,88,132,85,47,110,30,135,27,0"/><W55/><G0/><T82/><D120/><U59/><E112/><V22/><F115/><W19/><G128/><T102/><D7/><U73/><E130/><V26/><F72/><W10/><G76/><T46/><D108/><U105/><E119/><V69/><F79/><W42/><G55/><T2/><D2/><U78/><E12/><V13/><F127/><N who="1" m="48713" /><E25/><V122/><F122/><W109/><G10/><T94/><D82/><U64/><E59/><V96/><F52/><W126/><G19/><T1/><D102/><U37/><E37/><V101/><REACH who="2" step="1"/><F17/><REACH who="2" ten="238,173,152,427" step="2"/><W11/><G126/><T111/><D53/><U21/><E21/><AGARI ba="0,1" hai="13,16,21,22,26,28,69,70,71,92,96,101,117,118" machi="21" ten="40,8000,1" yaku="1,1,2,1,54,1,53,1" doraHai="104" doraHaiUra="23" who="2" fromWho="1" sc="238,0,173,-80,152,90,427,0" owari="238,-16.2,93,-40.7,242,4.2,427,52.7" /></mjloggm>