<mjloggm ver="2.3"><GO type="225" lobby="0"/><UN n0="%E3%81%8F%E3%82%8A%E3%83%94%E3%83%BC" n1="%73%61%6B%6F%EF%BC%A0%E6%9C%80" n2="%70%68%65%6E%6F%6D%65" n3="%E7%BD%AA%E5%88%91%E6%B3%95%E5%AE%9A%E4%B8%BB%E7%BE%A9" dan="16,16,17,16" rate="2096.39,2162.91,2178.08,2162.88" sx="M,M,M,M"/><TAIKYOKU oya="0"/><INIT seed="0,0,0,3,0,63" ten="250,250,250,250" oya="0" hai0="48,20,58,121,10,112,113,7,108,59,14,4,51" hai1="131,38,2,47,92,78,110,73,94,26,124,8,71" hai2="19,54,114,13,0,49,32,21,50,42,79,36,98" hai3="64,39,120,130,61,80,27,60,5,105,82,30,107"/><T125/><D121/><U69/><E110/><V15/><F114/><W45/><G120/><T104/><D104/><U11/><E124/><V122/><F122/><W87/><G5/><T129/><D125/><U96/><E26/><V33/><F0/><W29/><G130/><T102/><D129/><U90/><E131/><V62/><F79/><W17/><G17/><T52/><D108/><U57/><E57/><V103/><F15/><W43/><G61/><T85/><D102/><U55/><E55/><V109/><F109/><W88/><G82/><T101/><D101/><U40/><E92/><V24/><F36/><W16/><G16/><N who="0" m="8279" /><D113/><U116/><E11/><V23/><F42/><W6/><G6/><N who="0" m="2091" /><D112/><U135/><E116/><V75/><F75/><W133/><G133/><T126/><D126/><U86/><E135/><V127/><F127/><W53/><G53/><N who="0" m="32039" /><D85/><U118/><E86/><V9/><F32/><W89/><G89/><T56/><D56/><U117/><E2/><V119/><F33/><W134/><G134/><T115/><D115/><U28/><E73/><V97/><F119/><W31/><REACH who="3" step="1"/><G27/><REACH who="3" ten="250,250,250,240" step="2"/><T3/><D3/><U70/><E117/><V67/><F24/><W22/><G22/><AGARI ba="0,1" hai="20,22,51,52,59" m="32039,2091,8279" machi="22" ten="30,5800,0" yaku="8,1,54,2" doraHai="63" who="0" fromWho="3" sc="250,68,250,0,250,0,240,-58" /><INIT seed="0,1,0,3,3,20" ten="318,250,250,182" oya="0" hai0="46,38,80,119,125,104,75,25,113,103,8,31,10" hai1="62,58,105,16,71,76,115,63,114,135,39,57,49" hai2="83,90,66,127,14,48,93,34,112,35,64,98,81" hai3="4,72,73,89,51,123,60,100,59,74,17,1,99"/><T78/><D119/><U23/><E105/><V36/><F36/><W67/><G123/><T70/><D113/><N who="1" m="43019" /><E39/><V124/><F112/><W92/><G1/><T131/><D131/><U86/><E135/><V56/><F14/><W95/><G4/><T134/><D125/><N who="2" m="48202" /><F48/><W18/><REACH who="3" step="1"/><G51/><REACH who="3" ten="318,250,250,172" step="2"/><T5/><D5/><U122/><E49/><V108/><F108/><W109/><G109/><T0/><D0/><U110/><E110/><V79/><F81/><W61/><G61/><T55/><D80/><N who="1" m="47367" /><E122/><V85/><F66/><W121/><G121/><T37/><D37/><U111/><E111/><V96/><F96/><AGARI ba="1,1" hai="17,18,59,60,67,72,73,74,89,92,95,96,99,100" machi="96" ten="40,1300,0" yaku="1,1,53,0" doraHai="20" doraHaiUra="29" who="3" fromWho="2" sc="318,0,250,0,250,-16,172,26" /><INIT seed="1,0,0,5,0,92" ten="318,250,234,198" oya="1" hai0="74,70,36,96,84,60,20,59,27,82,61,19,9" hai1="87,3,98,35,16,68,88,108,11,32,80,91,113" hai2="112,44,58,73,133,105,114,65,66,89,130,129,117" hai3="64,122,57,55,71,4,15,76,17,45,41,118,50"/><U5/><E68/><V78/><F117/><W30/><G122/><T110/><D110/><U135/><E113/><N who="2" m="43627" /><F105/><W116/><G30/><T101/><D36/><U63/><E135/><V28/><F133/><W22/><G76/><T109/><D109/><U33/><E108/><V46/><F28/><W97/><G4/><T34/><D74/><U38/><E38/><V106/><F106/><W43/><G43/><T0/><D34/><U54/><E16/><V123/><F123/><W26/><G26/><T31/><D70/><U93/><E54/><V69/><F89/><W128/><G128/><N who="2" m="49257" /><F78/><W47/><G47/><N who="2" m="17961" /><F73/><W81/><G81/><T134/><D134/><U124/><E124/><V79/><F79/><W119/><G64/><N who="2" m="24681" /><F69/><W12/><G71/><T1/><D82/><U75/><E75/><V126/><F58/><W127/><G127/><AGARI ba="0,0" hai="126,127" m="24681,17961,49257,43627" machi="127" ten="40,12000,2" yaku="28,2,11,1,19,1,34,2" doraHai="92" who="2" fromWho="3" sc="318,0,250,0,234,120,198,-120" /><INIT seed="2,0,0,1,2,23" ten="318,250,354,78" oya="2" hai0="70,22,7,87,5,41,45,118,113,76,126,36,99" hai1="98,134,85,60,10,117,19,32,62,65,69,6,30" hai2="46,25,2,43,35,86,42,110,130,91,94,9,100" hai3="16,96,31,104,125,108,84,0,71,135,24,129,4"/><V79/><F130/><W112/><G129/><T56/><D113/><U105/><E134/><V14/><F110/><W17/><G108/><T13/><D70/><U72/><E72/><V44/><F2/><W48/><G135/><T61/><D126/><U128/><E117/><V106/><F79/><W131/><G131/><T127/><D127/><U33/><E128/><V29/><F106/><W122/><G122/><T114/><D114/><U12/><E85/><V40/><REACH who="2" step="1"/><F100/><REACH who="2" ten="318,250,344,78" step="2"/><W80/><G125/><T77/><D77/><U53/><E105/><V93/><F93/><W20/><G112/><T116/><D76/><U52/><E98/><V95/><F95/><W28/><G104/><T49/><D99/><U47/><E33/><V74/><F74/><W75/><G75/><T3/><D3/><U8/><E32/><V55/><F55/><W107/><G107/><T124/><D124/><U27/><E53/><V132/><F132/><W21/><G96/><T89/><D118/><U38/><E52/><V119/><F119/><W50/><G0/><T34/><D34/><U101/><E101/><V123/><F123/><W58/><G4/><AGARI ba="0,1" hai="4,9,14,25,29,35,40,42,43,44,46,86,91,94" machi="4" ten="40,3900,0" yaku="1,1,52,1,53,0" doraHai="23" doraHaiUra="103" who="2" fromWho="3" sc="318,0,250,0,344,49,78,-39" /><INIT seed="2,1,0,2,5,83" ten="318,250,393,39" oya="2" hai0="48,33,111,92,22,7,91,26,78,101,126,80,57" hai1="102,104,15,131,41,20,3,24,99,17,110,74,120" hai2="82,14,75,81,43,66,116,68,85,27,73,87,56" hai3="84,61,118,122,40,46,29,64,44,21,53,128,38"/><V96/><F68/><W18/><G118/><T12/><D111/><U132/><E110/><V32/><F116/><W19/><G122/><T63/><D33/><U114/><E114/><V60/><F43/><W67/><G128/><T8/><D126/><U42/><E131/><V28/><F96/><W11/><G29/><T25/><D101/><U129/><E129/><V125/><F125/><W49/><G11/><T13/><D48/><U77/><E132/><V97/><F97/><W69/><G67/><T0/><D0/><U16/><E120/><V36/><F36/><W117/><G117/><T5/><D5/><U94/><E3/><V70/><F70/><W31/><G31/><T39/><D39/><U30/><E17/><V65/><F14/><W79/><REACH who="3" step="1"/><G21/><REACH who="3" ten="318,250,393,29" step="2"/><T98/><D22/><U133/><E133/><V93/><F66/><W4/><G4/><T127/><D127/><U59/><E30/><V115/><F115/><W107/><G107/><T124/><D124/><U54/><E104/><V95/><F73/><W34/><G34/><T9/><D8/><U113/><E113/><V55/><F75/><W121/><G121/><T71/><D9/><U112/><E112/><V51/><F65/><W1/><G1/><T47/><D7/><U10/><E10/><V135/><F135/><W45/><G45/><T100/><D47/><U105/><E105/><V123/><F123/><W109/><G109/><T88/><D71/><U58/><E20/><V130/><F130/><W103/><G103/><T6/><D100/><U134/><E102/><V76/><F28/><W50/><G50/><RYUUKYOKU ba="1,1" sc="318,-10,250,-10,393,-10,29,30" hai3="18,19,38,40,44,46,49,53,61,64,69,79,84" /><INIT seed="3,2,1,5,1,4" ten="308,240,383,59" oya="3" hai0="26,78,64,108,80,96,29,62,59,86,30,58,42" hai1="116,127,67,3,95,38,53,16,20,98,101,124,74" hai2="107,65,122,48,31,112,56,2,85,5,93,52,102" hai3="92,77,70,94,43,88,34,81,18,12,133,25,44"/><W125/><G133/><T37/><D108/><U104/><E74/><V28/><F112/><W9/><G70/><T61/><D37/><U11/><E38/><V23/><F107/><W0/><G125/><N who="1" m="48202" /><E67/><V39/><F39/><W68/><G68/><T99/><D42/><U114/><E114/><V33/><F33/><W126/><G126/><T105/><D105/><U54/><E116/><V19/><F65/><W41/><G0/><T13/><D13/><N who="1" m="9231" /><E104/><V123/><F5/><AGARI ba="2,1" hai="3,5,11,53,54,95,98,101" m="9231,48202" machi="5" ten="30,3900,0" yaku="18,1,52,1,54,1" doraHai="4" who="1" fromWho="2" sc="308,0,240,55,383,-45,59,0" owari="308,10.8,295,-10.5,338,43.8,59,-44.1" /></mjloggm>