<mjloggm ver="2.3"><GO type="225" lobby="0"/><UN n0="%E5%B0%8F%E9%B3%A5%E9%81%8A%E7%B7%B4%E7%84%A1%32%31%E6%AD%B3" n1="%65%2D%73%65%70%65%6E%3B" n2="%E3%81%BF%E3%81%BF%E3%81%9A" n3="%E3%83%97%E3%83%AC%E3%83%B4%E3%82%A1%E3%83%86%E3%82%A3" dan="16,16,16,16" rate="2144.70,2149.73,2174.80,2078.70" sx="F,M,M,F"/><TAIKYOKU oya="0"/><INIT seed="0,0,0,5,5,32" ten="250,250,250,250" oya="0" hai0="121,68,10,15,36,66,22,0,130,53,107,100,85" hai1="89,18,13,48,78,29,117,28,70,98,95,106,25" hai2="105,126,127,30,120,26,4,27,74,55,63,21,62" hai3="129,5,112,82,51,12,133,40,14,59,38,49,96"/><T91/><D121/><U97/><E70/><V9/><F74/><W101/><G112/><T20/><D36/><U3/><E3/><V52/><F105/><W8/><G129/><T125/><D130/><U37/><E37/><V109/><F109/><W1/><G133/><T132/><D125/><N who="2" m="47626" /><F120/><W57/><G38/><T45/><D100/><U33/><E117/><V81/><F81/><W94/><G82/><T128/><D107/><U131/><E131/><V115/><F115/><W65/><G40/><T80/><D132/><U54/><E29/><V16/><F63/><W113/><G113/><T43/><D66/><U17/><E78/><V92/><F92/><W103/><G103/><T76/><D68/><U77/><E77/><V34/><F62/><W56/><REACH who="3" step="1"/><G65/><REACH who="3" ten="250,250,250,240" step="2"/><T11/><D128/><U104/><E104/><V119/><F119/><W67/><G67/><T83/><D43/><U31/><E106/><V60/><F60/><W61/><G61/><T122/><D122/><U108/><E108/><V47/><F47/><W87/><G87/><T86/><D45/><U134/><E134/><V7/><F7/><W46/><G46/><T6/><D53/><U64/><E64/><V50/><F50/><AGARI ba="0,1" hai="1,5,8,12,14,49,50,51,56,57,59,94,96,101" machi="50" ten="40,2600,0" yaku="1,1,52,1,53,0" doraHai="32" doraHaiUra="114" who="3" fromWho="2" sc="250,0,250,0,250,-26,240,36" /><INIT seed="1,0,0,0,2,71" ten="250,250,224,276" oya="1" hai0="49,125,92,53,112,70,78,123,46,52,22,21,1" hai1="100,69,120,48,81,111,9,13,4,0,36,131,135" hai2="10,116,62,83,14,101,88,42,86,7,37,102,29" hai3="24,6,130,105,35,11,82,19,32,106,91,31,84"/><U79/><E120/><V63/><F116/><W109/><G109/><T57/><D112/><U75/><E131/><V124/><F124/><W73/><G130/><T67/><D1/><U115/><E115/><V77/><F29/><W18/><G35/><T30/><D78/><U129/><E129/><V65/><F77/><W38/><G73/><T39/><D30/><U15/><E135/><V25/><F25/><W107/><REACH who="3" step="1"/><G38/><REACH who="3" ten="250,250,224,266" step="2"/><T90/><D123/><U113/><E111/><V26/><F26/><W80/><G80/><T98/><D125/><U96/><E113/><V59/><REACH who="2" step="1"/><F63/><REACH who="2" ten="250,250,214,266" step="2"/><W126/><G126/><T127/><D127/><U99/><E75/><V132/><F132/><W16/><G16/><T110/><D110/><U93/><E4/><V66/><F66/><W8/><G8/><T56/><D67/><U74/><E9/><V17/><F17/><W45/><G45/><AGARI ba="0,2" hai="7,10,14,37,42,45,59,62,65,83,86,88,101,102" machi="45" ten="40,5200,0" yaku="1,1,52,1,54,1,53,0" doraHai="71" doraHaiUra="94" who="2" fromWho="3" sc="250,0,250,0,214,72,266,-52" /><INIT seed="2,0,0,4,5,50" ten="250,250,286,214" oya="2" hai0="116,69,45,132,89,49,109,124,8,60,42,88,83" hai1="18,2,93,22,68,31,98,121,30,21,25,23,120" hai2="73,35,29,40,102,24,92,95,117,57,91,128,70" hai3="61,16,101,10,119,106,84,4,47,94,103,78,9"/><V111/><F117/><W72/><G119/><T115/><D116/><U66/><E2/><V3/><F70/><W13/><G106/><T135/><D115/><U87/><E66/><V43/><F3/><W133/><G133/><N who="0" m="51275" /><D109/><U41/><E68/><V0/><F0/><W28/><G72/><T86/><D124/><U36/><E41/><V77/><F111/><W134/><G134/><T34/><D8/><U38/><E87/><V107/><F128/><W112/><G112/><T7/><D7/><U32/><E31/><V15/><F95/><W110/><G110/><T108/><D108/><U11/><E38/><V65/><F15/><W1/><G61/><T75/><D75/><U58/><E36/><V97/><F57/><W19/><G28/><T104/><D34/><U67/><E11/><V63/><F63/><W122/><G122/><N who="1" m="47210" /><E67/><V90/><F65/><W26/><G47/><T6/><D104/><U105/><E58/><V27/><F24/><W55/><G55/><T130/><D130/><U54/><E54/><V113/><F113/><W64/><G64/><N who="0" m="41095" /><D6/><U48/><E105/><V99/><REACH who="2" step="1"/><F90/><AGARI ba="0,0" hai="42,45,49,83,86,88,89,90" m="41095,51275" machi="90" ten="30,2000,0" yaku="20,1,54,1" doraHai="50" who="0" fromWho="2" sc="250,20,250,0,286,-20,214,0" /><INIT seed="3,0,0,1,1,82" ten="270,250,266,214" oya="3" hai0="23,43,55,20,46,7,52,87,17,54,47,2,98" hai1="134,123,78,45,68,109,106,21,34,24,39,30,22" hai2="86,35,103,108,6,91,28,41,110,67,94,97,114" hai3="44,61,102,51,107,105,15,122,128,0,5,27,49"/><W75/><G122/><T117/><D117/><U64/><E123/><V133/><F6/><W81/><G0/><T77/><D98/><U101/><E109/><N who="2" m="42091" /><F41/><W32/><G128/><T88/><D2/><U11/><E134/><V63/><F133/><W36/><G36/><T80/><D7/><U38/><E78/><V56/><F114/><W48/><G44/><N who="0" m="16939" /><D43/><U111/><E111/><V93/><F28/><W42/><G42/><T84/><D17/><U125/><E125/><V71/><F35/><W66/><G5/><T132/><D132/><U126/><E126/><V76/><F76/><W104/><G15/><T95/><AGARI ba="0,0" hai="20,23,52,54,55,77,80,84,87,88,95" m="16939" machi="95" ten="30,8000,1" yaku="8,1,52,2,54,2" doraHai="82" who="0" fromWho="0" sc="270,80,250,-20,266,-20,214,-40" owari="350,45.0,230,-17.0,246,4.6,174,-32.6" /></mjloggm>