<mjloggm ver="2.3"><GO type="225" lobby="0"/><UN n0="%4B%2E%32%2E%4B%2E" n1="%E6%A1%9C%E8%8A%B1%E9%96%83%E3%80%85" n2="%6D%75%75%73%61%6E%6D%75" n3="%E3%81%8B%E3%82%8F%E3%81%A1%E3%82%83%E3%82%93%35%38" dan="16,16,17,16" rate="2183.58,2208.71,2174.85,2108.08" sx="M,M,F,M"/><TAIKYOKU oya="0"/><INIT seed="0,0,0,5,4,119" ten="250,250,250,250" oya="0" hai0="10,19,117,29,56,82,45,6,21,135,83,39,26" hai1="115,80,41,90,132,17,70,36,81,34,94,85,18" hai2="60,102,23,130,27,91,64,127,65,14,124,68,110" hai3="97,131,100,0,77,42,32,73,79,53,112,13,92"/><T122/><D117/><U75/><E70/><V93/><F110/><W67/><G112/><T30/><D135/><U31/><E132/><V74/><F74/><W58/><G0/><T12/><D122/><U116/><E116/><V5/><F130/><W103/><G32/><T43/><D56/><U38/><E115/><V59/><F102/><N who="3" m="60711" /><G73/><T98/><D98/><U22/><E34/><V99/><F5/><W49/><G131/><T20/><REACH who="0" step="1"/><D30/><REACH who="0" ten="240,250,250,250" step="2"/><U84/><E31/><N who="2" m="17919" /><F14/><AGARI ba="0,1" hai="6,10,12,14,19,20,21,26,29,39,43,45,82,83" machi="14" ten="30,11600,0" yaku="1,1,7,1,53,2" doraHai="119" doraHaiUra="9" who="0" fromWho="2" sc="240,126,250,0,250,-116,250,0" /><INIT seed="0,1,0,4,5,40" ten="366,250,134,250" oya="0" hai0="30,74,76,53,20,105,101,112,4,34,106,130,103" hai1="115,123,126,35,1,3,110,44,57,127,119,134,121" hai2="65,5,48,98,84,49,8,15,6,61,113,66,131" hai3="89,22,117,18,41,28,32,19,23,95,70,83,116"/><T46/><D34/><U36/><E119/><V63/><F113/><W51/><G70/><T24/><D112/><U75/><E115/><V33/><F131/><W135/><G135/><T26/><D130/><U122/><E75/><V25/><F33/><W58/><G32/><T86/><D74/><U52/><E35/><V90/><F98/><W129/><G129/><T43/><D24/><U14/><E14/><V50/><F25/><W37/><G37/><T45/><D4/><U118/><E118/><V91/><F6/><W59/><G83/><N who="0" m="47463" /><D105/><U29/><E29/><V54/><F54/><W96/><G28/><T87/><D106/><U102/><E102/><N who="0" m="38921" /><D43/><N who="1" m="22631" /><E134/><V7/><F7/><W133/><G133/><T0/><D0/><U108/><E1/><V12/><F12/><N who="3" m="9543" /><G117/><T128/><D128/><U114/><E3/><V97/><F97/><W109/><G116/><T82/><D53/><U120/><E114/><V38/><F38/><W104/><G104/><T64/><D64/><U78/><E78/><AGARI ba="1,0" hai="20,26,30,45,46,78,82,87" m="38921,47463" machi="78" ten="30,5800,0" yaku="8,1,52,2" doraHai="40" who="0" fromWho="1" sc="366,61,250,-61,134,0,250,0" /><INIT seed="0,2,0,0,4,14" ten="427,189,134,250" oya="0" hai0="38,69,6,102,122,10,18,134,104,87,36,76,66" hai1="55,101,79,109,40,133,106,121,23,47,24,22,33" hai2="25,73,63,96,126,61,26,37,107,93,86,118,94" hai3="98,120,46,56,51,108,57,97,119,30,78,116,8"/><T135/><D122/><U0/><E121/><V127/><F37/><W123/><G78/><T27/><D87/><U28/><E109/><V99/><F86/><W9/><G30/><T65/><D76/><U29/><E0/><V43/><F43/><W31/><G31/><T54/><D54/><U70/><E133/><V128/><F128/><W130/><G51/><T44/><D69/><U12/><E79/><V89/><F107/><W59/><G46/><T85/><D85/><U45/><E70/><V100/><F73/><W11/><G108/><T91/><D91/><U84/><E84/><V125/><REACH who="2" step="1"/><F118/><REACH who="2" ten="427,189,124,250" step="2"/><N who="3" m="45099" /><G130/><T60/><D38/><U19/><E40/><V35/><F35/><W64/><G123/><T88/><D36/><U41/><E41/><V52/><F52/><W110/><G120/><T111/><D104/><U82/><E55/><V50/><F50/><W53/><G110/><T83/><D111/><U114/><E82/><V20/><F20/><W71/><G53/><T113/><D83/><U105/><E105/><V58/><F58/><W72/><G72/><T117/><D117/><U21/><E33/><V7/><F7/><W15/><G71/><T4/><D4/><U124/><E47/><V81/><F81/><W48/><G48/><T42/><D44/><U2/><E45/><V131/><F131/><W17/><G64/><T112/><D65/><U39/><E39/><V77/><F77/><W13/><G57/><N who="0" m="37135" /><D6/><U49/><E49/><V115/><F115/><W129/><G129/><T90/><D113/><U34/><E114/><V80/><F80/><W3/><G59/><RYUUKYOKU ba="2,1" sc="427,-10,189,-10,124,30,250,-10" hai2="25,26,61,63,89,93,94,96,99,100,125,126,127" /><INIT seed="1,3,1,5,1,49" ten="417,179,154,240" oya="1" hai0="14,86,99,76,55,118,11,133,119,85,114,105,40" hai1="121,58,104,33,96,60,126,41,29,117,43,13,87" hai2="110,100,80,129,82,79,103,68,106,67,131,4,48" hai3="135,6,97,93,78,120,7,54,90,62,2,77,10"/><U15/><E117/><V66/><F110/><W22/><G120/><T59/><D114/><U132/><E121/><V89/><F106/><W81/><G135/><T107/><D40/><U16/><E132/><V98/><F4/><W18/><G6/><T26/><D107/><U123/><E123/><V35/><F35/><W12/><REACH who="3" step="1"/><G81/><REACH who="3" ten="417,179,154,230" step="2"/><N who="0" m="47271" /><D133/><U5/><E5/><V25/><F80/><W17/><G17/><T71/><D118/><U70/><E16/><V69/><F82/><W9/><G9/><T73/><D11/><U72/><E72/><V84/><F129/><W0/><G0/><T108/><D73/><U42/><E126/><V115/><F131/><W124/><G124/><T102/><D119/><U39/><E39/><V101/><F115/><W74/><G74/><T56/><D108/><U125/><E125/><V61/><F69/><W130/><G130/><T92/><D71/><U36/><E70/><V37/><F68/><W113/><G113/><T28/><D28/><U63/><E36/><V30/><F37/><W57/><AGARI ba="3,2" hai="2,7,10,12,18,22,54,57,62,77,78,90,93,97" machi="57" ten="30,7900,0" yaku="1,1,0,1,52,1,53,1" doraHai="49" doraHaiUra="95" who="3" fromWho="3" sc="417,-23,179,-42,154,-23,230,108" /><INIT seed="2,0,0,1,5,22" ten="394,137,131,338" oya="2" hai0="115,87,62,85,89,4,24,11,102,28,29,112,68" hai1="96,40,37,69,61,48,59,70,10,126,44,42,119" hai2="130,8,116,54,7,63,33,88,82,2,5,0,35" hai3="67,106,31,121,94,97,19,13,65,34,12,20,58"/><V73/><F116/><W123/><G106/><T15/><D102/><U21/><E119/><V43/><F130/><W93/><G34/><T30/><D85/><U131/><E10/><V55/><F43/><W95/><G31/><T135/><D135/><U53/><E131/><V122/><F122/><W78/><G78/><T101/><D101/><U79/><E79/><V117/><F117/><W83/><G83/><T36/><D36/><U71/><E21/><V38/><F38/><W84/><G84/><T46/><D46/><N who="1" m="23887" /><E96/><V114/><F73/><W129/><G129/><T9/><D24/><U47/><E47/><V107/><F107/><W86/><G86/><T125/><D125/><AGARI ba="0,0" hai="40,44,48,53,59,61,69,70,71,125,126" m="23887" machi="125" ten="40,2600,0" yaku="34,2" doraHai="22" who="1" fromWho="0" sc="394,-26,137,26,131,0,338,0" /><INIT seed="3,0,0,3,4,19" ten="368,163,131,338" oya="3" hai0="63,59,27,94,13,97,91,95,87,32,106,58,15" hai1="83,38,65,74,108,105,101,114,52,0,55,77,66" hai2="121,49,131,81,23,26,96,80,99,100,102,123,25" hai3="67,70,79,42,115,1,86,82,40,72,36,118,44"/><W133/><G115/><T18/><D106/><U116/><E114/><V134/><F49/><W20/><G118/><T78/><D58/><U98/><E116/><V126/><F126/><W111/><G42/><T34/><D78/><U73/><E38/><V125/><F125/><W46/><G46/><T120/><D120/><U88/><E108/><V127/><F127/><W5/><G111/><T64/><D27/><U93/><E0/><V135/><F131/><W3/><G133/><T39/><D13/><U129/><E74/><V43/><F43/><W24/><G86/><T51/><D51/><U110/><E129/><V47/><F47/><W107/><G107/><T48/><D48/><U9/><E9/><V4/><F4/><W53/><G53/><N who="1" m="20554" /><E110/><V84/><F84/><AGARI ba="0,0" hai="65,66,73,77,83,84,88,93,98,101,105" m="20554" machi="84" ten="30,3900,0" yaku="24,1,54,2" doraHai="19" who="1" fromWho="2" sc="368,0,163,39,131,-39,338,0" owari="368,46.8,202,-19.8,92,-40.8,338,13.8" /></mjloggm>