<mjloggm ver="2.3"><GO type="225" lobby="0"/><UN n0="%77%72%77%72%77%72%77%72" n1="%E4%BF%BA%E3%81%A8%E5%A6%96%E5%A4%A2" n2="%E9%97%98%E5%B0%86%E3%81%A0%E3%82%93%E3%81%A7%E3%81%83" n3="%E3%81%B5%E3%81%98%E3%81%8B%E3%81%A4" dan="17,17,16,17" rate="2167.59,2191.32,2131.78,2215.20" sx="M,F,M,M"/><TAIKYOKU oya="0"/><INIT seed="0,0,0,3,1,60" ten="250,250,250,250" oya="0" hai0="51,94,64,133,89,77,71,115,80,37,107,70,119" hai1="69,45,98,73,81,12,18,39,61,10,65,2,125" hai2="112,109,116,16,59,49,47,100,44,1,134,9,114" hai3="135,3,42,31,15,120,82,43,27,66,85,95,127"/><T7/><D115/><U13/><E125/><V36/><F109/><W99/><G127/><T20/><D119/><U29/><E29/><V33/><F33/><W67/><G120/><T5/><D37/><U40/><E98/><V121/><F121/><W11/><G3/><T128/><D107/><U76/><REACH who="1" step="1"/><E18/><REACH who="1" ten="250,240,250,250" step="2"/><V32/><F114/><W130/><G130/><T91/><D128/><U34/><E34/><V90/><F32/><W26/><G135/><T101/><D133/><U111/><E111/><V48/><F134/><W74/><G31/><T30/><D30/><U110/><E110/><V28/><F28/><W86/><G74/><T25/><D101/><U122/><E122/><V113/><F100/><N who="3" m="60543" /><G86/><T54/><D5/><AGARI ba="0,1" hai="2,5,10,12,13,39,40,45,61,65,69,73,76,81" machi="5" ten="40,8000,1" yaku="1,1,25,2,52,1,53,1" doraHai="60" doraHaiUra="0" who="1" fromWho="0" sc="250,-80,240,90,250,0,250,0" /><INIT seed="1,0,0,4,4,69" ten="170,330,250,250" oya="1" hai0="16,103,45,101,48,92,127,59,133,82,107,63,56" hai1="42,95,70,96,67,94,125,12,58,61,13,38,53" hai2="106,8,73,134,32,50,7,104,2,123,132,113,6" hai3="75,35,71,29,83,39,36,114,28,115,23,130,65"/><U102/><E125/><V93/><F123/><W0/><G23/><T87/><D127/><U37/><E94/><V34/><F73/><W77/><G28/><T120/><D107/><N who="2" m="41002" /><F50/><W129/><G0/><T124/><D124/><U57/><E57/><V78/><F78/><W98/><G98/><T110/><D110/><U22/><E22/><V72/><F72/><W4/><G4/><N who="2" m="1577" /><F93/><W54/><G54/><T126/><D133/><N who="2" m="51306" /><F113/><N who="3" m="43019" /><G71/><T128/><D120/><U18/><E42/><V79/><F79/><W43/><G65/><T119/><D126/><U5/><E5/><AGARI ba="0,0" hai="2,5,8,32,34" m="51306,1577,41002" machi="5" ten="40,1300,0" yaku="20,1" doraHai="69" who="2" fromWho="1" sc="170,0,330,-13,250,13,250,0" /><INIT seed="2,0,0,3,3,112" ten="170,317,263,250" oya="2" hai0="49,6,67,62,11,104,107,77,91,133,36,131,35" hai1="34,96,117,116,83,100,90,92,29,103,98,110,75" hai2="128,69,127,40,42,19,101,15,106,88,24,18,3" hai3="39,50,37,114,38,74,78,8,87,93,120,134,118"/><V119/><F3/><W32/><G120/><T55/><D36/><U123/><E29/><V111/><F69/><W12/><G32/><T122/><D122/><U59/><E34/><V132/><F106/><W54/><G114/><T17/><D131/><U63/><E123/><V7/><F101/><W51/><G134/><T53/><D133/><U86/><E110/><V13/><F7/><W121/><G121/><T70/><D35/><U109/><E109/><V89/><F111/><W47/><G118/><N who="1" m="45674" /><E59/><V2/><F2/><W25/><G25/><T129/><D77/><N who="1" m="44479" /><E63/><V124/><F119/><W46/><G74/><T66/><D91/><U68/><E68/><V73/><F73/><W23/><G23/><T72/><D72/><U16/><E16/><V113/><F113/><W105/><G39/><T102/><D102/><AGARI ba="0,0" hai="86,90,92,96,98,100,102,103" m="44479,45674" machi="102" ten="30,8000,1" yaku="34,2,52,3" doraHai="112" who="1" fromWho="0" sc="170,-80,317,80,263,0,250,0" /><INIT seed="3,0,0,0,1,51" ten="90,397,263,250" oya="3" hai0="105,118,101,97,11,22,90,61,75,125,46,114,68" hai1="6,117,95,4,100,49,131,40,135,98,64,38,113" hai2="54,65,93,112,14,104,122,91,16,48,83,15,67" hai3="102,109,59,13,37,116,89,78,42,87,92,74,28"/><W119/><G28/><T66/><D118/><U86/><E113/><V71/><F104/><W27/><G27/><T55/><D114/><U47/><E117/><V121/><F112/><W124/><G124/><T99/><D125/><U18/><E135/><V127/><F127/><W26/><G26/><T123/><D123/><N who="2" m="47114" /><F83/><N who="3" m="45527" /><G13/><N who="2" m="4617" /><F16/><W120/><G59/><T106/><D11/><U79/><E64/><V128/><F128/><W58/><G58/><T80/><D22/><U70/><E70/><V111/><F111/><W1/><G120/><T10/><D10/><U35/><E35/><V43/><F43/><W126/><G109/><T72/><D72/><U5/><E18/><V23/><F23/><W31/><G31/><T94/><D106/><U82/><E131/><V21/><F21/><W84/><G126/><T132/><D132/><U3/><E38/><V81/><F81/><N who="3" m="49295" /><G1/><T108/><D108/><U85/><E3/><V56/><F71/><W32/><G32/><T2/><D2/><U29/><E29/><V33/><F33/><W8/><G8/><T60/><D46/><U20/><E20/><V0/><F0/><W130/><G130/><T7/><D7/><U110/><E110/><V62/><F62/><W45/><G102/><T30/><D30/><U134/><E134/><V52/><F54/><W115/><G115/><T9/><D9/><U133/><E133/><V24/><F24/><W25/><G25/><T96/><D60/><U17/><E17/><V44/><F56/><W69/><G69/><T76/><D55/><U63/><E63/><V12/><F12/><W57/><G57/><RYUUKYOKU ba="0,0" sc="90,0,397,0,263,0,250,0" hai0="61,66,68,75,76,80,90,94,96,97,99,101,105" hai1="4,5,6,40,47,49,79,82,85,86,95,98,100" hai2="44,48,52,65,67,91,93" hai3="37,42,45,87,92,116,119" /><INIT seed="3,1,0,0,2,10" ten="90,397,263,250" oya="3" hai0="38,86,84,117,19,47,132,99,135,46,90,87,40" hai1="18,88,98,28,62,43,115,57,17,118,103,100,50" hai2="95,92,9,72,56,0,78,70,41,121,81,94,122" hai3="54,97,120,83,76,74,31,35,65,45,96,102,64"/><W49/><G120/><N who="2" m="46185" /><F70/><W52/><G97/><T6/><D117/><U130/><E115/><V42/><F56/><W66/><G31/><T85/><D6/><AGARI ba="1,0" hai="0,6,9,41,42,72,78,81,92,94,95" m="46185" machi="6" ten="30,1000,0" yaku="13,1" doraHai="10" who="2" fromWho="0" sc="90,-13,397,0,263,13,250,0" owari="77,-42.3,397,49.7,276,7.6,250,-15.0" /></mjloggm>