<mjloggm ver="2.3"><GO type="225" lobby="0"/><UN n0="%6D%75%75%6D%75%72%61" n1="%E5%84%AA%40%41%42%43" n2="%E9%B3%B3%E6%9D%B1%E3%81%AE%E3%81%86%E3%81%95%E3%81%8E%E3%81%95%E3%82%93" n3="%E5%80%89%E6%A9%8B%EF%BC%A0%E4%BA%8B%E5%8B%99" dan="17,17,16,16" rate="2193.30,2226.11,2161.54,2105.94" sx="F,M,M,M"/><TAIKYOKU oya="0"/><INIT seed="0,0,0,4,4,112" ten="250,250,250,250" oya="0" hai0="45,133,67,130,38,88,1,126,37,93,100,115,66" hai1="134,0,40,46,91,110,31,121,27,29,84,57,109" hai2="77,86,22,131,94,95,12,59,62,4,20,17,26" hai3="10,99,32,107,104,117,19,52,82,114,30,35,21"/><T129/><D115/><U135/><E121/><V96/><F131/><N who="0" m="50186" /><D126/><U111/><E0/><V118/><F118/><W54/><G114/><T23/><D1/><U51/><E57/><V98/><F77/><W36/><G36/><N who="0" m="13931" /><D133/><N who="1" m="50699" /><E27/><V49/><F49/><W116/><G30/><T60/><D45/><U14/><E14/><V43/><F43/><W47/><G10/><T13/><D100/><U58/><E58/><V78/><F78/><W132/><G132/><T75/><D75/><U6/><E6/><V97/><F86/><W11/><G11/><T48/><D48/><U39/><E39/><V68/><F68/><W9/><G9/><T101/><D101/><U65/><E65/><N who="2" m="39135" /><F4/><W102/><G107/><T34/><D34/><U18/><E18/><AGARI ba="0,0" hai="12,17,18,20,22,26,94,95,96,97,98" m="39135" machi="18" ten="30,1000,0" yaku="8,1" doraHai="112" who="2" fromWho="1" sc="250,0,250,-10,250,10,250,0" /><INIT seed="1,0,0,1,5,60" ten="250,240,260,250" oya="1" hai0="67,27,17,18,15,34,130,68,129,37,85,135,102" hai1="69,9,112,100,122,105,103,77,58,96,117,48,38" hai2="63,114,80,131,90,97,70,78,94,121,61,82,116" hai3="31,73,126,87,43,30,52,36,46,99,104,22,32"/><U65/><E112/><V56/><F116/><W42/><G73/><T81/><D37/><U98/><E122/><V106/><F121/><W125/><G32/><T33/><D135/><U120/><E120/><V59/><F114/><W92/><G43/><T113/><D113/><U133/><E117/><V76/><F131/><N who="0" m="50186" /><D102/><U35/><E38/><V109/><F106/><W29/><G104/><T75/><D75/><U40/><E35/><N who="0" m="13321" /><D27/><U50/><E69/><V14/><F109/><W2/><G2/><T19/><D68/><U23/><E77/><N who="2" m="29803" /><F14/><W62/><G87/><T88/><D67/><U134/><E9/><AGARI ba="0,0" hai="9,15,17,18,19,81,85,88" m="13321,50186" machi="9" ten="30,2000,0" yaku="19,1,54,1" doraHai="60" who="0" fromWho="1" sc="250,20,240,-20,260,0,250,0" /><INIT seed="2,0,0,4,1,98" ten="270,220,260,250" oya="2" hai0="7,63,114,23,92,131,109,2,135,44,3,121,81" hai1="123,46,18,106,73,111,11,6,91,112,13,105,93" hai2="120,88,38,42,72,124,51,95,47,87,40,60,0" hai3="119,53,74,65,90,117,49,94,126,100,104,17,76"/><V5/><F120/><W107/><G65/><T96/><D121/><U69/><E123/><V32/><F32/><W48/><G17/><T66/><D114/><U101/><E112/><V108/><F72/><W21/><G21/><T127/><D109/><U59/><E69/><V79/><F108/><W20/><G20/><T57/><D127/><U78/><E111/><V41/><F124/><W64/><G64/><T70/><D131/><U129/><E129/><V30/><F30/><W118/><G126/><T125/><D135/><U26/><E46/><V67/><F79/><W25/><G25/><T62/><D125/><U133/><E59/><N who="2" m="37279" /><F0/><W27/><G27/><T77/><D44/><U43/><E43/><N who="2" m="25087" /><F38/><W116/><N who="3" m="29696" /><DORA hai="56" /><W19/><G19/><T36/><D36/><U10/><E78/><V99/><F5/><W29/><G29/><T80/><D23/><U71/><E73/><V128/><F128/><W35/><G35/><T102/><D7/><U39/><E39/><V89/><F87/><N who="3" m="52575" /><G107/><T28/><D28/><U110/><E110/><V103/><AGARI ba="0,0" hai="40,41,42,88,89,95,99,103" m="25087,37279" machi="103" ten="30,11700,0" yaku="8,1,52,2,54,1" doraHai="98,56" who="2" fromWho="2" sc="270,-39,220,-39,260,117,250,-39" /><INIT seed="2,1,0,2,3,101" ten="231,181,377,211" oya="2" hai0="95,96,55,43,21,16,81,7,113,110,61,120,82" hai1="83,121,6,36,62,125,75,105,40,93,60,25,108" hai2="58,0,131,85,28,9,115,8,77,54,68,38,106" hai3="11,80,94,134,67,63,59,23,86,124,46,91,4"/><V127/><F115/><W30/><G134/><T72/><D120/><U14/><E121/><V50/><F68/><W45/><G124/><T56/><D113/><U10/><E125/><V112/><F112/><W102/><G4/><T41/><D110/><U100/><E108/><V48/><F38/><W89/><G11/><T34/><D34/><U5/><E5/><V123/><F123/><W135/><G135/><T122/><D122/><U103/><E105/><V17/><F127/><W19/><G102/><N who="0" m="60703" /><D7/><U3/><E14/><V88/><F106/><W109/><G30/><T87/><D72/><U70/><E25/><V117/><F131/><W84/><REACH who="3" step="1"/><G109/><REACH who="3" ten="231,181,377,201" step="2"/><T66/><D16/><U53/><E103/><V114/><F28/><W111/><G111/><T133/><D133/><U74/><E100/><V104/><F8/><W107/><G107/><T15/><D21/><U51/><E10/><V33/><F104/><W13/><AGARI ba="1,1" hai="13,19,23,45,46,59,63,67,80,84,86,89,91,94" machi="13" ten="20,5200,0" yaku="1,1,0,1,7,1,8,1,53,0" doraHai="101" doraHaiUra="35" who="3" fromWho="3" sc="231,-14,181,-14,377,-27,201,65" /><INIT seed="3,0,0,0,3,95" ten="217,167,350,266" oya="3" hai0="120,34,87,32,135,130,11,63,50,28,127,67,109" hai1="125,45,33,91,56,75,61,52,76,5,64,0,121" hai2="113,89,40,25,114,97,82,1,71,35,105,116,98" hai3="110,112,6,133,115,4,22,3,79,108,73,96,78"/><W102/><G22/><T128/><D120/><U13/><E121/><V126/><F1/><W24/><G24/><T80/><D109/><N who="3" m="42089" /><G133/><T41/><D135/><U14/><E125/><V81/><F25/><W26/><G26/><T38/><D127/><U69/><E33/><V58/><F35/><W39/><G39/><T92/><D38/><U54/><E0/><V129/><F40/><W31/><G31/><T118/><D118/><U36/><E5/><N who="3" m="2154" /><G3/><T9/><D92/><U17/><E54/><V48/><F126/><W68/><G68/><T84/><D50/><U134/><E134/><V104/><F71/><W49/><G49/><T66/><D41/><U43/><E91/><V123/><F48/><W77/><G73/><T59/><D28/><U99/><E99/><V132/><F132/><W57/><G57/><T12/><D59/><U122/><E122/><V101/><F58/><W8/><G8/><T131/><D131/><U117/><E117/><V85/><F129/><W30/><G30/><T111/><D111/><U65/><E65/><V42/><F116/><W62/><G62/><T23/><D23/><U7/><E7/><V44/><F123/><W21/><G21/><T29/><D29/><U15/><E75/><V88/><F44/><W19/><G19/><T70/><D70/><U124/><E124/><V106/><F42/><W46/><G46/><T119/><D119/><U103/><E17/><V107/><F97/><W47/><G47/><T74/><D74/><U86/><E69/><V51/><F51/><W27/><G27/><T53/><D34/><U55/><E103/><RYUUKYOKU ba="0,0" sc="217,-30,167,10,350,10,266,10" hai1="13,14,15,36,43,45,52,55,56,61,64,76,86" hai2="81,82,85,88,89,98,101,104,105,106,107,113,114" hai3="77,78,79,96,102,112,115" /><INIT seed="3,1,0,3,1,15" ten="187,177,360,276" oya="3" hai0="125,27,32,104,105,69,84,117,17,19,8,115,86" hai1="24,41,124,107,18,10,80,118,20,106,73,53,22" hai2="94,59,1,30,66,77,85,71,67,28,48,31,26" hai3="87,108,134,36,99,127,7,40,29,16,112,65,14"/><W63/><G112/><T102/><D117/><U0/><E124/><V2/><F71/><W95/><G127/><T13/><D125/><U131/><E131/><V51/><F1/><W122/><G122/><T43/><D69/><U88/><E118/><V57/><F2/><W37/><G7/><T93/><D115/><U56/><E41/><V23/><F59/><W52/><G134/><T97/><D43/><U121/><E121/><V49/><F57/><N who="3" m="35239" /><G37/><T33/><D33/><U25/><E10/><V58/><F58/><W60/><G36/><T39/><D39/><U45/><E45/><V82/><F94/><W133/><G40/><T76/><D86/><U54/><E0/><V129/><F129/><W91/><G29/><AGARI ba="1,0" hai="23,26,28,29,30,31,48,49,51,66,67,77,82,85" machi="29" ten="40,1300,0" yaku="8,1" doraHai="15" who="2" fromWho="3" sc="187,0,177,0,360,16,276,-16" owari="187,-21.3,177,-32.3,376,47.6,260,6.0" /></mjloggm>