<mjloggm ver="2.3"><GO type="225" lobby="0"/><UN n0="%E4%BF%BA%E3%81%A8%E5%A6%96%E5%A4%A2" n1="%E6%A0%B9%E5%85%83%E3%81%8B%E3%82%89%E5%90%B9%E3%81%A3%E9%A3%9B%E3%81%B6" n2="%72%69%6F%75%63%68%61%6E" n3="%E3%81%B5%E3%81%98%E3%81%8B%E3%81%A4" dan="17,17,17,16" rate="2194.77,2165.63,2264.20,2138.83" sx="F,F,M,M"/><TAIKYOKU oya="0"/><INIT seed="0,0,0,2,3,133" ten="250,250,250,250" oya="0" hai0="55,90,94,5,34,30,114,103,51,52,22,82,101" hai1="20,118,44,61,91,116,66,110,125,98,15,46,31" hai2="67,35,69,48,1,68,10,19,102,129,32,106,43" hai3="13,7,33,122,71,92,78,60,96,50,0,39,81"/><T59/><D114/><U40/><E110/><V56/><F129/><W83/><G39/><T21/><D34/><U93/><E125/><V77/><F77/><W120/><G33/><T111/><D111/><U74/><E74/><V2/><F69/><W41/><G0/><T64/><D82/><U126/><E126/><V73/><F73/><W4/><G71/><T132/><D132/><U131/><E131/><V8/><F32/><W14/><G60/><T54/><D5/><N who="3" m="2121" /><G50/><T47/><D64/><U49/><E44/><V28/><F19/><W88/><G41/><N who="0" m="25071" /><D59/><U135/><E135/><V9/><F106/><W80/><G78/><T89/><D89/><U113/><E113/><V37/><F102/><N who="0" m="38922" /><D30/><U36/><E36/><V79/><F79/><W117/><G117/><T58/><D58/><U134/><E134/><V121/><F121/><AGARI ba="0,0" hai="13,14,80,81,83,88,92,96,120,121,122" m="2121" machi="121" ten="30,2000,0" yaku="13,1,54,1" doraHai="133" who="3" fromWho="2" sc="250,0,250,0,250,-20,250,20" /><INIT seed="1,0,0,5,0,116" ten="250,250,230,270" oya="1" hai0="44,41,27,15,134,130,72,0,53,131,101,25,108" hai1="60,78,70,93,127,30,81,74,97,16,61,43,22" hai2="66,37,33,31,5,23,19,104,128,11,59,122,47" hai3="119,76,112,91,79,35,64,6,13,51,29,132,32"/><U133/><E133/><V100/><F128/><N who="0" m="49194" /><D0/><U126/><E43/><V88/><F122/><W90/><G51/><T21/><D134/><U113/><E113/><V109/><F109/><W26/><G64/><T94/><D72/><U80/><E30/><V58/><F66/><W111/><G13/><T71/><D71/><U114/><E114/><V9/><F33/><W55/><G6/><T42/><D53/><U20/><E20/><V85/><F31/><W1/><G55/><T77/><D77/><U8/><E8/><V83/><F100/><W87/><G1/><T82/><D82/><U99/><E81/><V24/><F104/><W36/><G119/><T98/><D108/><U92/><E70/><V18/><F18/><W14/><G111/><T123/><D123/><U54/><E54/><V45/><F11/><W124/><G91/><T96/><D96/><U28/><E28/><V40/><REACH who="2" step="1"/><F45/><REACH who="2" ten="250,250,220,270" step="2"/><W34/><G112/><T115/><D115/><U62/><E16/><V38/><F38/><W103/><G36/><T57/><D44/><U2/><E22/><V118/><F118/><W68/><G35/><T4/><D21/><U49/><E126/><V121/><F121/><W107/><G124/><T84/><D101/><U17/><E127/><V52/><F52/><W129/><G34/><T3/><D42/><U135/><E17/><V69/><F69/><W12/><G68/><T120/><D41/><U56/><E135/><V67/><F67/><W117/><G132/><T95/><D120/><U105/><E105/><V106/><F106/><W86/><G117/><T48/><D57/><RYUUKYOKU ba="0,1" sc="250,-10,250,-10,220,30,270,-10" hai2="5,9,19,23,24,37,40,47,58,59,83,85,88" /><INIT seed="2,1,1,5,1,34" ten="240,240,250,260" oya="2" hai0="82,41,130,50,25,66,40,42,78,65,123,74,29" hai1="125,103,110,117,53,111,3,46,107,83,126,88,124" hai2="30,0,61,47,36,27,32,118,101,89,131,60,96" hai3="122,99,18,64,4,39,104,12,77,120,43,62,57"/><V52/><F118/><W9/><G77/><T115/><D123/><U73/><E117/><V102/><F131/><W19/><G39/><T90/><D115/><U129/><E129/><V11/><F89/><W127/><G43/><T38/><D38/><U70/><E70/><V98/><F96/><W6/><G127/><T10/><D130/><U22/><E22/><V71/><F71/><W132/><G132/><T112/><D112/><U133/><E133/><V28/><F30/><W5/><REACH who="3" step="1"/><G19/><REACH who="3" ten="240,240,250,250" step="2"/><T135/><D135/><U92/><E125/><V94/><F102/><AGARI ba="1,2" hai="4,5,6,9,12,18,57,62,64,99,102,104,120,122" machi="102" ten="40,2600,0" yaku="1,1,2,1,53,0" doraHai="34" doraHaiUra="48" who="3" fromWho="2" sc="240,0,240,0,250,-29,250,49" /><INIT seed="3,0,0,2,0,82" ten="240,240,221,299" oya="3" hai0="102,40,60,20,62,97,3,15,11,122,5,74,66" hai1="120,24,107,78,31,45,0,37,41,13,8,56,116" hai2="67,29,134,69,128,124,108,109,131,71,4,63,42" hai3="27,36,53,30,7,96,17,126,59,23,95,9,135"/><W87/><G36/><T83/><D122/><U39/><E120/><V68/><F4/><W26/><G126/><T121/><D121/><U21/><E107/><V38/><F29/><W10/><G87/><T48/><D74/><U2/><E116/><V32/><F32/><W118/><G135/><T114/><D114/><U22/><E37/><V55/><F124/><W130/><G130/><N who="2" m="49705" /><F134/><W61/><G7/><T14/><D83/><U84/><E56/><N who="2" m="35231" /><F67/><W6/><G6/><T81/><D81/><N who="1" m="47159" /><E39/><V105/><F105/><W85/><G85/><T52/><D40/><U50/><E0/><V98/><F98/><W79/><G79/><T34/><D34/><U44/><E2/><V70/><N who="2" m="17408" /><DORA hai="90" /><V89/><F89/><N who="3" m="55407" /><G118/><T123/><D66/><U75/><E75/><V112/><F112/><W106/><G106/><T99/><D123/><U111/><E111/><V119/><F119/><W72/><G72/><T65/><D65/><U18/><E45/><AGARI ba="0,0" hai="38,42,45,108,109" m="17408,35231,49705" machi="45" ten="60,7700,0" yaku="19,1,34,2" doraHai="82,90" who="2" fromWho="1" sc="240,0,240,-77,221,77,299,0" /><INIT seed="4,0,0,2,4,132" ten="240,163,298,299" oya="0" hai0="73,69,77,32,3,131,103,61,15,34,133,102,60" hai1="25,72,122,59,124,120,113,119,40,97,49,45,106" hai2="96,16,68,115,51,111,2,107,48,30,42,104,128" hai3="84,91,53,118,31,123,92,109,95,134,57,62,100"/><T67/><D3/><U47/><E119/><V39/><F111/><W26/><G118/><T82/><D133/><U110/><E72/><V54/><F2/><W37/><G109/><T98/><D131/><U90/><E110/><V125/><F125/><W117/><G134/><T20/><D103/><U116/><E116/><V17/><F68/><W52/><G117/><T99/><D99/><U76/><E124/><V79/><F39/><W56/><G37/><T85/><D73/><U89/><E113/><V87/><F30/><W108/><G108/><T0/><D0/><U12/><E76/><V8/><F115/><W126/><G126/><T19/><REACH who="0" step="1"/><D61/><REACH who="0" ten="230,163,298,299" step="2"/><U58/><E122/><V33/><F128/><W13/><G123/><T43/><D43/><U94/><E120/><V36/><F96/><N who="3" m="59423" /><G62/><T41/><D41/><U55/><E106/><AGARI ba="0,1" hai="15,19,20,32,34,60,67,69,77,82,85,98,102,106" machi="106" ten="30,2900,0" yaku="1,1,7,1,53,0" doraHai="132" doraHaiUra="27" who="0" fromWho="1" sc="230,39,163,-29,298,0,299,0" /><INIT seed="4,1,0,0,4,111" ten="269,134,298,299" oya="0" hai0="30,63,1,50,51,77,122,2,32,97,12,114,68" hai1="24,121,84,59,35,113,34,14,79,46,67,48,38" hai2="130,124,57,6,66,120,93,47,83,132,102,26,73" hai3="76,11,7,98,36,54,90,15,71,119,112,75,100"/><T109/><D122/><U116/><E116/><V0/><F120/><W106/><G112/><T9/><D109/><U28/><E121/><V64/><F26/><W99/><G119/><T27/><D114/><U13/><E34/><V56/><F130/><W19/><G36/><T31/><D31/><U8/><E38/><V41/><F124/><W129/><G71/><T23/><D77/><U17/><E113/><V133/><F6/><W53/><G129/><T3/><D97/><U91/><E79/><N who="2" m="44527" /><F0/><W58/><G76/><T88/><D88/><U87/><E14/><V44/><F57/><W101/><G75/><T78/><D78/><U135/><E135/><N who="2" m="51787" /><F56/><W110/><G110/><T55/><D23/><U115/><E115/><V85/><F47/><W5/><G90/><T134/><D134/><U128/><E128/><V92/><F85/><W72/><G72/><T131/><D131/><U118/><E118/><V62/><F62/><W96/><G96/><T95/><D95/><N who="2" m="36426" /><F102/><N who="3" m="39531" /><G106/><T81/><D81/><U4/><E4/><N who="3" m="1610" /><G54/><T89/><D89/><U21/><E35/><V69/><F69/><W33/><G33/><T29/><D29/><U127/><E127/><V103/><F103/><W117/><G117/><T49/><D68/><U45/><E91/><V25/><F25/><W126/><G126/><T74/><D74/><U70/><E70/><V20/><F20/><W107/><G107/><T40/><D63/><AGARI ba="1,0" hai="11,15,19,53,58,63,98,99" m="1610,39531" machi="63" ten="30,1000,0" yaku="8,1" doraHai="111" who="3" fromWho="0" sc="269,-13,134,0,298,0,299,13" owari="256,-14.4,134,-36.6,298,9.8,312,41.2" /></mjloggm>