<mjloggm ver="2.3"><GO type="225" lobby="0"/><UN n0="%73%6C%69%63%6B%33%31%39" n1="%28%EF%BF%A3%E2%96%BD%EF%BF%A3%29%CE%B4%E2%8C%92%E3%83%BB" n2="%61%69%73%79%6F" n3="%E5%B0%8F%E9%B3%A5%E9%81%8A%E7%B7%B4%E7%84%A1%32%31%E6%AD%B3" dan="16,16,17,16" rate="2125.28,2115.15,2218.81,2173.34" sx="M,M,M,F"/><TAIKYOKU oya="0"/><INIT seed="0,0,0,5,2,109" ten="250,250,250,250" oya="0" hai0="34,38,76,30,108,55,105,2,120,104,95,16,18" hai1="29,22,126,60,4,97,24,62,111,23,54,12,77" hai2="45,41,50,80,99,86,89,28,130,82,9,67,132" hai3="64,11,53,1,59,112,135,31,124,106,57,68,102"/><T15/><D120/><U20/><E111/><V46/><F132/><W116/><G116/><T118/><D118/><U123/><E123/><V115/><F115/><W13/><G135/><T36/><D2/><U37/><E37/><V70/><F130/><W26/><G1/><T100/><D108/><U83/><E126/><V58/><F70/><W0/><G0/><T43/><D76/><U81/><E97/><V92/><F28/><W91/><G91/><T75/><D75/><U66/><E54/><V131/><F131/><W121/><G112/><T32/><D95/><U51/><E51/><V48/><F9/><W87/><G124/><T47/><D30/><U78/><E4/><V19/><F19/><W117/><G117/><T84/><D84/><U96/><E96/><V25/><F25/><W10/><G87/><T7/><D7/><U114/><E114/><V90/><F67/><W101/><G64/><T133/><D133/><U113/><E113/><V85/><F58/><W110/><G26/><T98/><D105/><U134/><E134/><V56/><F56/><W33/><G59/><T61/><D38/><U5/><E5/><V107/><F107/><W72/><G106/><T122/><D122/><U65/><E12/><V39/><REACH who="2" step="1"/><F46/><REACH who="2" ten="250,250,240,250" step="2"/><W40/><G121/><T129/><D129/><U49/><E65/><V69/><F69/><W35/><G68/><T8/><D18/><U21/><E66/><V3/><F3/><W125/><G125/><T79/><D79/><AGARI ba="0,1" hai="39,41,45,48,50,79,80,82,85,86,89,90,92,99" machi="79" ten="30,2000,0" yaku="1,1,7,1,53,0" doraHai="109" doraHaiUra="6" who="2" fromWho="0" sc="250,-20,250,0,240,30,250,0" /><INIT seed="1,0,0,0,5,50" ten="230,250,270,250" oya="1" hai0="80,115,72,126,102,76,55,68,23,96,93,44,16" hai1="46,129,28,21,19,14,2,37,112,110,98,26,70" hai2="108,134,81,116,33,124,74,63,120,61,47,20,131" hai3="127,7,49,1,36,104,125,90,32,88,56,29,133"/><U128/><E70/><V64/><F116/><W69/><G36/><T86/><D115/><U107/><E37/><V92/><F120/><W18/><G69/><T87/><D68/><U38/><E38/><V52/><F124/><N who="3" m="47691" /><G104/><T95/><D126/><U13/><E46/><V132/><F33/><W17/><G29/><T75/><D75/><U3/><E98/><V53/><F131/><N who="1" m="50249" /><E107/><V31/><F108/><W60/><G32/><T71/><D71/><U62/><E62/><N who="2" m="23563" /><F64/><W99/><G49/><N who="0" m="29095" /><D72/><U34/><E112/><V4/><F4/><W43/><G43/><T105/><D105/><U42/><E42/><V40/><F92/><N who="3" m="56711" /><G90/><T22/><D16/><N who="3" m="6249" /><G7/><T85/><D85/><U24/><E110/><V48/><F20/><W27/><G27/><T106/><D106/><U65/><E65/><V39/><F31/><W57/><G1/><AGARI ba="0,0" hai="1,2,3,13,14,19,21,24,26,28,34" m="50249" machi="1" ten="30,5800,0" yaku="19,1,34,2" doraHai="50" who="1" fromWho="3" sc="230,0,250,58,270,0,250,-58" /><INIT seed="1,1,0,4,1,92" ten="230,308,270,192" oya="1" hai0="99,76,134,112,127,53,48,79,28,25,124,133,0" hai1="69,40,85,37,33,80,132,39,121,32,52,12,2" hai2="16,84,9,27,21,17,113,45,130,70,38,18,4" hai3="104,91,131,77,3,30,13,108,120,54,56,95,1"/><U23/><E69/><V88/><F70/><W26/><G120/><T61/><D61/><U65/><E65/><V109/><F109/><W123/><G104/><T59/><D0/><U41/><E2/><V50/><F38/><W83/><G123/><T122/><D122/><U72/><E72/><V22/><F130/><W31/><G13/><T42/><D42/><U71/><E71/><V116/><F116/><W58/><G30/><T102/><D112/><U117/><E117/><V67/><F67/><W119/><G119/><T55/><D55/><U5/><E132/><N who="0" m="50793" /><D76/><U7/><E121/><V75/><F75/><W68/><G58/><T93/><D79/><U103/><E52/><N who="2" m="29775" /><F113/><W46/><G68/><T101/><D101/><U129/><E103/><V87/><F87/><W24/><G131/><T43/><D43/><U15/><E129/><V11/><F4/><W82/><G1/><T89/><D102/><U49/><E85/><V29/><F22/><AGARI ba="1,0" hai="22,25,28,48,53,59,89,93,99,124,127" m="50793" machi="22" ten="30,2000,0" yaku="20,1,52,1" doraHai="92" who="0" fromWho="2" sc="230,23,308,0,270,-23,192,0" /><INIT seed="2,0,0,4,4,117" ten="253,308,247,192" oya="2" hai0="77,60,112,4,44,39,3,59,32,34,9,35,123" hai1="131,13,104,76,78,100,101,38,95,92,83,91,15" hai2="50,62,122,12,105,2,103,17,87,118,79,108,14" hai3="84,20,24,109,45,96,48,18,74,21,23,1,135"/><V82/><F118/><W86/><G109/><T7/><D112/><U28/><E38/><V58/><F122/><W43/><G74/><T8/><D77/><N who="1" m="29803" /><E28/><V57/><F2/><W37/><G1/><T16/><D123/><U121/><E121/><V125/><F125/><W67/><G37/><T113/><D113/><U72/><E13/><V27/><F108/><W54/><G135/><T41/><D16/><U31/><E15/><V106/><F106/><W56/><G67/><T129/><D129/><U89/><E31/><V68/><F105/><W46/><G96/><T29/><D8/><U119/><E119/><V51/><F103/><N who="1" m="39497" /><E104/><V126/><F68/><W127/><G127/><T71/><D7/><U61/><E61/><V49/><F126/><W73/><G73/><T10/><D10/><U47/><E47/><V26/><F14/><W40/><G45/><T30/><REACH who="0" step="1"/><D71/><REACH who="0" ten="243,308,247,192" step="2"/><U130/><E72/><V124/><F124/><W69/><G69/><T97/><D97/><N who="1" m="57487" /><E83/><V116/><F116/><W110/><G110/><T64/><AGARI ba="0,1" hai="3,4,9,29,30,32,34,35,39,41,44,59,60,64" machi="64" ten="30,2000,0" yaku="1,1,0,1,53,0" doraHai="117" doraHaiUra="19" who="0" fromWho="0" sc="243,30,308,-5,247,-10,192,-5" /><INIT seed="3,0,0,2,0,57" ten="273,303,237,187" oya="3" hai0="10,60,105,39,101,62,47,4,68,120,48,66,81" hai1="131,1,29,126,127,58,82,33,104,121,54,24,25" hai2="76,114,96,52,109,12,100,116,27,44,123,112,3" hai3="26,35,13,90,72,85,83,28,17,22,23,135,5"/><W19/><G135/><T98/><D120/><U21/><E104/><V40/><F116/><W34/><G72/><T31/><D39/><U95/><E1/><V78/><F3/><W133/><G5/><T71/><D31/><U87/><E95/><V91/><F109/><W45/><G133/><T67/><D81/><U18/><E131/><V64/><F123/><W0/><G0/><T43/><D4/><U11/><E11/><AGARI ba="0,0" hai="10,11,43,47,48,60,62,66,67,68,71,98,101,105" machi="11" ten="40,5200,0" yaku="9,1,52,2" doraHai="57" who="0" fromWho="1" sc="273,52,303,-52,237,0,187,0" owari="325,42.5,251,5.1,237,-16.3,187,-31.3" /></mjloggm>