<mjloggm ver="2.3"><GO type="225" lobby="0"/><UN n0="%E3%81%8B%E3%82%8F%E3%81%A1%E3%82%83%E3%82%93%35%38" n1="%28%EF%BF%A3%E2%96%BD%EF%BF%A3%29%CE%B4%E2%8C%92%E3%83%BB" n2="%61%69%73%79%6F" n3="%E6%A1%9C%E8%8A%B1%E9%96%83%E3%80%85" dan="16,16,17,16" rate="2124.46,2126.80,2230.13,2116.77" sx="M,M,M,M"/><TAIKYOKU oya="0"/><INIT seed="0,0,0,4,3,78" ten="250,250,250,250" oya="0" hai0="57,33,37,61,7,47,99,76,117,86,39,49,127" hai1="6,20,104,10,0,2,110,25,70,28,111,54,102" hai2="105,95,15,11,5,48,80,74,14,18,34,89,131" hai3="94,93,4,115,63,31,71,12,22,53,83,113,123"/><T64/><D117/><U75/><E70/><V21/><F105/><W19/><G123/><T9/><D33/><U3/><E75/><V23/><F34/><W124/><G124/><T56/><D127/><U68/><E68/><V30/><F131/><W26/><G4/><T65/><D99/><U84/><E102/><V88/><F30/><W121/><G121/><T72/><D72/><U13/><E104/><V91/><F48/><W116/><G116/><T82/><D57/><U44/><E44/><V128/><F128/><W81/><G113/><T103/><D64/><U129/><E54/><V106/><F106/><W67/><G53/><T101/><D39/><U55/><E55/><V50/><F50/><W108/><G108/><N who="1" m="41514" /><E84/><V66/><F66/><W8/><REACH who="3" step="1"/><G115/><REACH who="3" ten="250,250,250,240" step="2"/><T40/><REACH who="0" step="1"/><D37/><REACH who="0" ten="240,250,250,240" step="2"/><U107/><E107/><V135/><F135/><W118/><G118/><T79/><D79/><U77/><E77/><V90/><F74/><W98/><G98/><T109/><D109/><U114/><E114/><V51/><F95/><AGARI ba="0,2" hai="8,12,19,22,26,31,63,67,71,81,83,93,94,95" machi="95" ten="40,5200,0" yaku="1,1,52,2,53,0" doraHai="78" doraHaiUra="73" who="3" fromWho="2" sc="240,0,250,0,250,-52,240,72" /><INIT seed="1,0,0,4,2,19" ten="240,250,198,312" oya="1" hai0="47,37,88,61,16,11,35,17,95,67,80,28,45" hai1="48,65,18,32,131,112,9,73,24,94,49,4,87" hai2="92,111,43,78,3,128,81,34,62,58,118,8,52" hai3="93,30,20,66,125,101,130,135,10,83,72,42,119"/><U39/><E39/><V55/><F118/><W127/><G130/><T69/><D80/><U99/><E73/><V74/><F34/><W102/><G135/><T124/><D124/><U26/><E131/><V5/><F128/><W25/><G119/><T84/><D37/><U33/><E112/><V22/><F111/><W132/><G132/><T23/><D17/><U89/><E65/><V75/><F43/><W126/><G42/><T107/><D107/><U44/><E33/><V134/><F134/><W110/><G110/><T31/><D11/><U51/><E32/><V2/><F74/><W36/><G36/><T38/><D35/><U63/><E63/><V64/><F2/><W108/><G108/><T46/><REACH who="0" step="1"/><D38/><REACH who="0" ten="230,250,198,312" step="2"/><U117/><E117/><V97/><REACH who="2" step="1"/><F22/><REACH who="2" ten="230,250,188,312" step="2"/><W60/><G20/><T116/><D116/><U29/><E44/><V109/><F109/><W0/><G126/><T7/><D7/><U76/><E4/><V133/><F133/><W1/><G127/><T123/><D123/><U59/><E29/><V56/><F56/><W21/><G125/><T120/><D120/><U82/><E59/><V57/><F57/><W70/><G21/><T104/><D104/><U6/><REACH who="1" step="1"/><E18/><REACH who="1" ten="230,240,188,312" step="2"/><V40/><F40/><W121/><G30/><T13/><AGARI ba="0,3" hai="13,16,23,28,31,45,46,47,61,67,69,84,88,95" machi="13" ten="30,8000,1" yaku="1,1,0,1,52,1,54,2,53,0" doraHai="19" doraHaiUra="105" who="0" fromWho="0" sc="230,110,240,-40,188,-20,312,-20" /><INIT seed="2,0,0,2,4,72" ten="340,200,168,292" oya="2" hai0="50,126,84,114,92,73,52,104,117,96,57,29,6" hai1="67,26,125,22,9,34,25,70,85,0,12,8,20" hai2="64,24,83,4,30,44,116,94,7,118,131,120,89" hai3="62,103,38,121,33,100,17,27,37,71,19,16,112"/><V13/><F120/><W14/><G121/><T74/><D114/><U42/><E42/><V95/><F131/><W101/><G14/><T40/><D104/><U130/><E67/><V98/><F64/><W2/><G2/><T46/><D126/><U76/><E70/><V1/><F1/><W59/><G71/><T3/><D117/><U90/><E130/><V31/><F44/><W39/><G112/><T32/><D84/><U80/><E34/><V66/><F66/><W49/><G49/><T107/><D107/><U106/><E106/><V53/><F53/><N who="3" m="34159" /><G27/><N who="1" m="10250" /><E0/><V55/><F55/><W77/><G77/><T61/><D29/><U111/><E111/><V135/><F135/><W108/><G108/><T21/><D21/><N who="1" m="8299" /><E125/><V133/><F133/><W28/><G28/><T81/><D32/><AGARI ba="0,0" hai="16,17,19,32,33,37,38,39,100,101,103" m="34159" machi="32" ten="40,5200,0" yaku="29,2,54,1" doraHai="72" who="3" fromWho="0" sc="340,-52,200,0,168,0,292,52" /><INIT seed="3,0,0,4,3,43" ten="288,200,168,344" oya="3" hai0="54,4,130,77,34,45,108,125,78,64,102,133,2" hai1="12,134,13,127,57,117,39,123,93,22,56,63,58" hai2="75,1,113,20,25,79,52,65,60,80,91,16,112" hai3="8,72,21,84,48,47,118,76,49,107,7,111,31"/><W55/><G118/><T62/><D34/><U0/><E0/><V14/><F1/><W90/><G107/><T69/><D102/><U115/><E39/><V92/><F14/><N who="3" m="5407" /><G72/><T15/><D2/><U104/><E104/><V88/><F91/><W6/><G111/><T109/><D15/><U96/><E117/><V128/><F128/><W71/><G71/><T95/><D95/><U132/><E115/><V10/><F10/><W29/><G76/><T40/><D4/><U3/><E3/><V94/><F94/><N who="3" m="54599" /><G6/><T19/><D19/><N who="1" m="10599" /><E13/><V5/><F5/><W51/><G31/><T126/><D77/><U106/><E106/><V50/><F60/><W23/><G23/><T17/><D17/><U97/><E123/><V101/><F65/><W119/><G119/><T68/><D78/><U27/><E27/><AGARI ba="0,0" hai="21,27,29,47,48,49,51,55" m="54599,5407" machi="27" ten="30,2900,0" yaku="8,1,52,1" doraHai="43" who="3" fromWho="1" sc="288,0,200,-29,168,0,344,29" owari="288,8.8,171,-22.9,168,-33.2,373,47.3" /></mjloggm>