<mjloggm ver="2.3"><GO type="225" lobby="0"/><UN n0="%E3%81%9F%E3%81%93%E2%98%86%E7%84%BC%E3%81%8D" n1="%E9%B3%B3%E6%9D%B1%E3%81%AE%E3%81%86%E3%81%95%E3%81%8E%E3%81%95%E3%82%93" n2="%E3%81%A1%E3%82%85%E3%81%86%E3%81%A9%E3%81%8F%E8%B1%A1%E3%81%95%E3%82%93" n3="%E5%B8%86%E7%AB%8B%E5%A4%8F%E8%A1%A3" dan="16,16,17,17" rate="2126.66,2155.40,2223.70,2133.15" sx="M,M,M,M"/><TAIKYOKU oya="0"/><INIT seed="0,0,0,0,3,105" ten="250,250,250,250" oya="0" hai0="0,97,45,56,41,2,64,83,80,95,58,109,122" hai1="91,117,98,66,40,33,130,25,36,89,34,116,21" hai2="123,74,51,135,88,90,26,14,104,4,57,10,71" hai3="107,115,67,101,68,27,60,114,1,85,39,126,24"/><T128/><D122/><U72/><E66/><V111/><F123/><W94/><G126/><T93/><D128/><U75/><E130/><V49/><F71/><W5/><G39/><T132/><D132/><U118/><E36/><V86/><F104/><W76/><G27/><T15/><D15/><U54/><E40/><V9/><F135/><W125/><G125/><T99/><D41/><U29/><E54/><N who="2" m="31951" /><F111/><W13/><G1/><T82/><D45/><U69/><E69/><V17/><F74/><W8/><G24/><T81/><D64/><U32/><REACH who="1" step="1"/><E98/><REACH who="1" ten="250,240,250,250" step="2"/><V38/><F38/><W46/><G68/><T55/><D109/><U131/><E131/><V96/><F96/><W121/><G67/><T73/><D99/><U7/><E7/><V19/><F4/><W120/><G120/><T77/><D55/><U30/><E30/><V18/><F86/><W133/><G121/><T78/><D97/><U70/><E70/><V16/><F51/><W52/><G133/><T119/><D78/><U3/><E3/><V31/><F9/><W12/><G76/><T11/><D0/><U106/><E106/><V44/><F44/><W108/><G46/><T63/><D2/><U103/><E103/><V35/><F18/><N who="3" m="8455" /><G108/><T134/><D11/><U43/><E43/><V87/><F87/><W61/><G107/><T53/><D134/><U113/><E113/><N who="3" m="43018" /><G101/><T20/><D77/><U79/><E79/><V100/><F100/><W124/><G124/><T23/><D53/><U112/><E112/><V65/><F65/><W59/><G52/><T110/><N who="0" m="20480" /><DORA hai="47" /><T84/><D110/><RYUUKYOKU ba="0,1" sc="250,-15,240,15,250,15,250,-15" hai1="21,25,29,32,33,34,72,75,89,91,116,117,118" hai2="10,14,16,17,19,26,31,35,88,90" /><INIT seed="1,1,1,2,3,116" ten="235,255,265,235" oya="1" hai0="41,44,15,21,80,103,98,134,118,119,45,37,18" hai1="107,104,30,66,46,67,124,112,42,76,102,111,71" hai2="121,127,4,117,135,88,51,12,79,5,36,54,20" hai3="11,97,6,61,10,0,87,77,62,96,57,35,110"/><U25/><E112/><V23/><F117/><W16/><G35/><T109/><D109/><U55/><E111/><V90/><F36/><W47/><G47/><T38/><D134/><U129/><E129/><V52/><F135/><W31/><G31/><T99/><D80/><U95/><E124/><V32/><F32/><W2/><G110/><T28/><D28/><U40/><E76/><V132/><F132/><W131/><G131/><T33/><D33/><U50/><E104/><V75/><F127/><W65/><G62/><T115/><D115/><U69/><E107/><V17/><F121/><W100/><G100/><T3/><D99/><N who="1" m="59775" /><E71/><V39/><F39/><W108/><G108/><T60/><D60/><U22/><E69/><V27/><F75/><W1/><G77/><T43/><REACH who="0" step="1"/><D3/><REACH who="0" ten="225,255,265,235" step="2"/><U26/><E26/><V113/><F113/><W64/><G97/><T19/><D19/><U93/><E93/><AGARI ba="1,2" hai="15,18,21,37,38,41,43,44,45,93,98,103,118,119" machi="93" ten="30,3900,0" yaku="1,1,7,1,9,1,53,0" doraHai="116" doraHaiUra="106" who="0" fromWho="1" sc="225,62,255,-42,265,0,235,0" /><INIT seed="2,0,0,5,1,3" ten="287,213,265,235" oya="2" hai0="15,117,33,119,44,78,104,2,77,114,102,32,79" hai1="111,1,127,37,31,84,74,83,66,100,93,55,94" hai2="35,54,49,121,62,69,59,124,91,5,0,34,52" hai3="56,24,128,10,38,133,101,58,87,17,134,108,135"/><V106/><F121/><W7/><G38/><T57/><D2/><U92/><E37/><V42/><F124/><W122/><G122/><T103/><D114/><U40/><E127/><V21/><F106/><W61/><G101/><T9/><D44/><U129/><E1/><V64/><F42/><W22/><G108/><T123/><D123/><U85/><E111/><V120/><F120/><W41/><G41/><T81/><D57/><U6/><E129/><V99/><F21/><W18/><G128/><T63/><D63/><U125/><E125/><V65/><F65/><W71/><G18/><T82/><D32/><U39/><E66/><V28/><F28/><W112/><G112/><T36/><D33/><U95/><E31/><V23/><F23/><W88/><G71/><T72/><D78/><U118/><E118/><N who="0" m="45065" /><D104/><U105/><E55/><V70/><F70/><W48/><G48/><T27/><D27/><U131/><E131/><V43/><F43/><W67/><G67/><T25/><D25/><U115/><E115/><V53/><F34/><W76/><G76/><T75/><D36/><U19/><E39/><V132/><F35/><W8/><G61/><T45/><D45/><U16/><E40/><V13/><F0/><N who="3" m="103" /><G10/><T60/><D60/><U47/><E105/><V96/><F69/><W73/><G73/><T4/><AGARI ba="0,0" hai="4,9,15,72,75,77,79,81,82,102,103" m="45065" machi="4" ten="30,2000,0" yaku="12,1,52,1" doraHai="3" who="0" fromWho="0" sc="287,20,213,-5,265,-10,235,-5" /><INIT seed="3,0,0,5,0,90" ten="307,208,255,230" oya="3" hai0="9,44,87,70,29,121,51,86,4,49,20,118,125" hai1="100,115,54,88,63,131,128,114,110,71,119,2,117" hai2="62,116,91,85,74,66,65,124,23,35,103,25,120" hai3="82,16,11,93,78,34,129,47,14,28,133,75,6"/><W92/><G129/><N who="1" m="49738" /><E110/><V97/><F116/><N who="1" m="44617" /><E2/><V40/><F74/><W104/><G104/><T60/><D20/><U81/><E100/><V56/><F124/><W0/><G133/><T42/><D29/><U31/><E31/><N who="2" m="17855" /><F35/><W18/><G47/><T55/><D60/><U39/><E39/><V7/><F7/><W109/><G109/><T17/><D17/><U105/><E105/><V102/><F120/><W10/><REACH who="3" step="1"/><G16/><REACH who="3" ten="307,208,255,220" step="2"/><T8/><D44/><U43/><E43/><V72/><F40/><W48/><G48/><T67/><D49/><U22/><E22/><V101/><F72/><W12/><G12/><T122/><D51/><U106/><E106/><V64/><F97/><W77/><G77/><T46/><D46/><U19/><E19/><V96/><F96/><W84/><G84/><T112/><D87/><N who="1" m="50287" /><E71/><V57/><F57/><AGARI ba="0,1" hai="54,57,63,114,115" m="50287,44617,49738" machi="57" ten="30,3900,0" yaku="19,1,12,1,54,1" doraHai="90" who="1" fromWho="2" sc="307,0,208,49,255,-39,220,0" owari="307,40.7,257,5.7,216,-28.4,220,-18.0" /></mjloggm>