<mjloggm ver="2.3"><GO type="225" lobby="0"/><UN n0="%E5%8D%A0%E3%81%84%E5%B8%AB%E8%A3%8F%E3%81%AA%E3%81%84%E3%81%97" n1="%E3%81%AB%E3%81%97%E3%81%A0%E3%81%8F%E3%82%93" n2="%37%2F%32%E3%81%AB%E7%94%9F%E3%81%BE%E3%82%8C%E3%81%A6" n3="%E3%81%AA%E3%82%81%E3%81%93%E9%9B%80%E5%A3%AB" dan="17,16,16,16" rate="2184.45,2059.66,2123.56,2075.78" sx="M,M,M,M"/><TAIKYOKU oya="0"/><INIT seed="0,0,0,0,5,37" ten="250,250,250,250" oya="0" hai0="47,15,56,74,20,40,98,16,131,107,26,44,11" hai1="85,1,89,97,10,4,118,31,24,128,80,61,46" hai2="59,117,5,126,35,7,72,70,101,53,124,50,114" hai3="87,30,76,113,104,116,86,79,115,36,29,17,68"/><T54/><D74/><U6/><E118/><V32/><F72/><W112/><G36/><T105/><D131/><U25/><E128/><V93/><F117/><W8/><G68/><T19/><D98/><U83/><E6/><N who="2" m="2059" /><F70/><W130/><G116/><T2/><D2/><U3/><E3/><V121/><F121/><W96/><G130/><T81/><D81/><U102/><E61/><V135/><F114/><W92/><G104/><T9/><D9/><U82/><E46/><V106/><F106/><W34/><G8/><T103/><D47/><U0/><E0/><V62/><F135/><W21/><G34/><T109/><D103/><U77/><E77/><V66/><F93/><W88/><G79/><T18/><D18/><U28/><E28/><V65/><F101/><W127/><G127/><N who="2" m="48681" /><F62/><W99/><G99/><T12/><D109/><U75/><E75/><V122/><F122/><W134/><G134/><T125/><D12/><U49/><E49/><V123/><F123/><W58/><G87/><T51/><REACH who="0" step="1"/><D125/><REACH who="0" ten="240,250,250,250" step="2"/><U84/><E97/><V111/><F111/><W71/><G96/><T69/><D69/><U63/><E102/><V94/><F94/><W38/><G71/><T78/><D78/><U73/><E73/><V43/><F59/><W27/><G58/><T48/><AGARI ba="0,1" hai="11,15,16,19,20,26,40,44,48,51,54,56,105,107" machi="48" ten="20,12000,1" yaku="1,1,0,1,7,1,52,1,54,1,53,0" doraHai="37" doraHaiUra="120" who="0" fromWho="0" sc="240,130,250,-40,250,-40,250,-40" /><INIT seed="0,1,0,2,4,57" ten="370,210,210,210" oya="0" hai0="84,39,25,8,46,133,62,50,106,44,38,72,102" hai1="63,4,55,34,70,79,9,32,83,5,42,54,12" hai2="28,105,67,71,73,81,6,132,87,116,107,21,95" hai3="76,3,78,58,11,114,104,127,10,125,85,0,20"/><T60/><D72/><U126/><E126/><N who="3" m="48138" /><G104/><T36/><D133/><U68/><E42/><V27/><F132/><W52/><G20/><T131/><D131/><U100/><E100/><V129/><F129/><W91/><G114/><T74/><D74/><U61/><E4/><V89/><F116/><W47/><G47/><T93/><D106/><U119/><E119/><V13/><F6/><N who="3" m="1351" /><G11/><T123/><D123/><U7/><E9/><V35/><F13/><W24/><G24/><T80/><D44/><U82/><E79/><V96/><F21/><W15/><G15/><AGARI ba="1,0" hai="5,7,12,15,32,34,54,55,61,63,68,70,82,83" machi="15" ten="25,6400,0" yaku="22,2,52,2" doraHai="57" who="1" fromWho="3" sc="370,0,210,67,210,0,210,-67" /><INIT seed="1,0,0,1,0,53" ten="370,277,210,143" oya="1" hai0="15,3,65,13,31,120,122,40,2,108,76,62,24" hai1="67,80,17,32,23,52,57,74,21,9,88,126,128" hai2="30,33,34,43,130,70,86,95,54,100,116,5,58" hai3="19,132,22,115,71,7,125,99,104,12,90,79,129"/><U131/><E126/><V119/><F70/><W35/><G115/><T39/><D108/><U27/><E32/><V123/><F123/><N who="0" m="47146" /><D76/><U49/><E9/><V82/><F130/><N who="1" m="49705" /><E67/><V56/><F5/><W78/><G129/><T8/><D40/><U112/><E112/><V124/><F43/><W48/><G125/><T37/><D37/><U101/><E101/><V68/><F68/><W1/><G71/><N who="0" m="42423" /><D39/><U87/><E23/><V46/><F124/><W64/><G132/><T44/><D44/><U113/><E113/><V133/><F133/><W66/><G79/><T0/><D8/><U11/><E11/><V96/><F119/><W81/><G35/><AGARI ba="0,0" hai="0,2,3,13,15,24,31,35" m="42423,47146" machi="35" ten="40,1300,0" yaku="13,1" doraHai="53" who="0" fromWho="3" sc="370,13,277,0,210,0,143,-13" /><INIT seed="2,0,0,5,1,85" ten="383,277,210,130" oya="2" hai0="101,10,61,2,64,107,105,36,4,52,16,7,128" hai1="50,114,77,46,8,76,48,99,55,28,58,91,119" hai2="132,21,9,37,129,6,49,94,112,20,80,29,5" hai3="42,134,117,38,3,126,31,74,44,34,54,108,43"/><V57/><F112/><W116/><G54/><T131/><D36/><U65/><E114/><V39/><F129/><N who="0" m="49738" /><D4/><U41/><E119/><V106/><F106/><W68/><G43/><T22/><D101/><U59/><E28/><V113/><F113/><W100/><G100/><T90/><D90/><U23/><E23/><V62/><F132/><W103/><G103/><T40/><D40/><U60/><E8/><V32/><F32/><W72/><G134/><T53/><D107/><U25/><E25/><V122/><F49/><W26/><G126/><T93/><D93/><AGARI ba="0,0" hai="41,46,48,50,55,58,59,60,65,76,77,91,93,99" machi="93" ten="40,2600,0" yaku="8,1,52,1" doraHai="85" who="1" fromWho="0" sc="383,-26,277,26,210,0,130,0" /><INIT seed="3,0,0,4,3,67" ten="357,303,210,130" oya="3" hai0="110,43,69,102,33,47,83,103,27,133,15,59,78" hai1="94,16,49,99,120,29,38,96,50,92,11,108,44" hai2="84,56,75,7,12,73,112,115,37,62,70,132,72" hai3="114,95,22,25,30,134,100,52,5,35,64,126,0"/><W111/><G114/><T41/><D69/><U129/><E108/><V125/><F37/><W116/><G116/><T63/><D110/><U131/><E38/><V74/><F125/><W98/><G111/><T68/><D68/><U23/><E29/><V40/><F40/><W10/><G126/><T31/><D133/><U1/><E11/><V17/><F132/><W85/><G134/><T46/><D15/><U127/><E1/><V104/><F7/><W124/><G124/><T3/><D3/><U119/><E119/><V130/><F104/><W76/><G64/><T109/><D109/><U93/><E120/><V117/><F117/><W53/><REACH who="3" step="1"/><G35/><REACH who="3" ten="357,303,210,120" step="2"/><T80/><D33/><U77/><E127/><V42/><F115/><W65/><G65/><T51/><D41/><U39/><E131/><V24/><F42/><W66/><G66/><T18/><D43/><U8/><E129/><V4/><F130/><W128/><G128/><T88/><D103/><U54/><E39/><V90/><F112/><W91/><G91/><T14/><D102/><U135/><E135/><V118/><F118/><W48/><G48/><T45/><D88/><U28/><E49/><V86/><F90/><W89/><G89/><T87/><D51/><U13/><E77/><V6/><F62/><W36/><G36/><T58/><D63/><U9/><E50/><V105/><F56/><W81/><AGARI ba="0,1" hai="0,5,10,22,25,30,52,53,76,81,85,95,98,100" machi="81" ten="30,6000,0" yaku="1,1,0,1,54,1,53,0" doraHai="67" doraHaiUra="107" who="3" fromWho="3" sc="357,-20,303,-20,210,-20,120,70" /><INIT seed="3,1,0,4,3,42" ten="337,283,190,190" oya="3" hai0="27,86,129,101,12,132,135,31,1,68,28,93,4" hai1="11,131,98,60,88,133,6,50,84,0,43,111,95" hai2="73,119,56,3,70,71,45,109,46,24,82,35,18" hai3="49,120,64,77,30,58,97,80,52,99,96,113,124"/><W75/><G113/><T115/><D1/><U123/><E123/><V94/><F119/><W89/><G124/><T102/><D115/><U85/><E111/><V78/><F3/><W37/><G120/><T59/><D68/><U13/><E133/><N who="0" m="51273" /><D129/><U55/><E131/><V16/><F109/><W122/><G122/><T61/><D86/><U21/><E0/><V33/><F56/><W39/><G30/><T19/><D4/><U41/><E21/><V106/><F106/><W87/><REACH who="3" step="1"/><G64/><REACH who="3" ten="337,283,190,180" step="2"/><T79/><D28/><U8/><E60/><V25/><F94/><AGARI ba="1,1" hai="37,39,49,52,58,75,77,80,87,89,94,96,97,99" machi="94" ten="40,7700,0" yaku="1,1,2,1,54,1,53,0" doraHai="42" doraHaiUra="14" who="3" fromWho="2" sc="337,0,283,0,190,-80,180,90" /><INIT seed="3,2,0,3,0,61" ten="337,283,110,270" oya="3" hai0="133,119,35,123,130,59,36,32,17,83,22,13,105" hai1="85,27,7,132,57,117,18,72,84,106,124,121,111" hai2="125,3,98,47,71,66,16,14,78,43,67,45,24" hai3="60,26,29,102,10,62,107,30,118,33,0,28,19"/><W90/><G118/><T34/><D119/><U53/><E121/><V110/><F3/><W54/><G62/><T73/><D123/><U31/><E72/><V108/><F71/><W56/><G102/><T12/><D36/><U50/><E106/><V58/><F58/><W74/><G74/><T100/><D133/><U92/><E117/><V114/><F114/><W77/><G77/><T2/><D2/><U103/><E132/><V40/><F78/><W134/><G107/><T15/><D130/><U96/><E111/><N who="2" m="42539" /><F98/><W51/><G134/><T44/><D59/><U75/><E75/><V55/><F55/><W42/><G90/><T49/><D73/><U80/><E124/><V99/><F99/><W69/><G19/><T82/><D105/><U41/><E41/><N who="2" m="15947" /><F24/><W88/><G88/><T91/><D91/><U64/><E64/><N who="2" m="24619" /><F125/><W21/><G69/><T25/><D100/><U112/><E112/><V109/><N who="2" m="42547" /><V11/><DORA hai="38" /><F11/><W81/><G42/><T129/><D25/><U128/><E57/><V9/><AGARI ba="2,0" hai="9,14,16,45,47" m="24619,15947,42547" machi="9" ten="50,16000,3" yaku="14,1,52,6,54,1" doraHai="61,38" who="2" fromWho="2" sc="337,-42,283,-42,110,166,270,-82" /><INIT seed="4,0,0,5,1,25" ten="295,241,276,188" oya="0" hai0="73,88,66,62,108,55,69,50,96,85,2,36,135" hai1="95,124,106,86,64,46,10,122,74,71,101,72,115" hai2="9,80,1,112,0,15,14,65,52,116,63,42,30" hai3="87,59,119,117,94,31,8,51,21,91,97,129,128"/><T49/><D73/><U27/><E122/><V120/><F120/><W6/><G51/><T113/><D36/><U34/><E106/><V125/><F42/><W41/><G59/><T45/><D113/><U103/><E124/><V127/><F112/><W24/><G41/><T16/><D2/><U121/><E121/><V81/><F116/><W123/><G123/><T29/><D29/><U99/><E46/><V43/><F43/><W57/><G57/><T77/><D108/><U13/><E115/><V18/><F15/><W84/><G84/><T79/><D135/><U126/><E103/><V131/><F131/><W58/><G58/><N who="0" m="37207" /><D96/><U11/><E126/><N who="2" m="48139" /><F52/><W39/><G39/><T68/><D68/><U48/><E48/><V32/><F0/><N who="3" m="71" /><G97/><T54/><D16/><U23/><E34/><V118/><F1/><W53/><G53/><T104/><D104/><U92/><E74/><V70/><F118/><W89/><G91/><T60/><D60/><U134/><E72/><V110/><F110/><W67/><G67/><T44/><D69/><U109/><E64/><V132/><F132/><W12/><G12/><T61/><D61/><U17/><E71/><V98/><F98/><W28/><G119/><T105/><D105/><U20/><E134/><V5/><F5/><W26/><G117/><T111/><D111/><U114/><E109/><V82/><F82/><AGARI ba="0,0" hai="44,45,49,50,54,55,77,79,82,85,88" m="37207" machi="82" ten="30,2900,0" yaku="8,1,54,1" doraHai="25" who="0" fromWho="2" sc="295,29,241,0,276,-29,188,0" owari="324,42.4,241,-15.9,247,4.7,188,-31.2" /></mjloggm>