<mjloggm ver="2.3"><GO type="225" lobby="0"/><UN n0="%E3%82%B2%E3%82%B9%E8%8C%82%E5%8B%9D" n1="%E5%8F%AF%E5%85%90%E9%82%A3%E7%94%B1%E5%A4%9A" n2="%E3%83%97%E3%83%AC%E3%83%B4%E3%82%A1%E3%83%86%E3%82%A3" n3="%E3%81%A8%E3%82%93%E3%81%A8%E3%81%93%E3%81%A8%E3%82%93" dan="16,17,16,16" rate="2057.13,2234.54,2141.54,2108.91" sx="F,F,F,M"/><TAIKYOKU oya="0"/><INIT seed="0,0,0,5,3,52" ten="250,250,250,250" oya="0" hai0="97,3,44,89,56,14,122,111,105,49,98,75,42" hai1="132,81,107,73,119,70,37,4,72,100,130,30,83" hai2="69,25,99,54,8,87,50,133,24,116,129,40,67" hai3="66,45,95,112,86,23,48,62,114,125,7,29,134"/><T71/><D122/><U63/><E37/><V94/><F129/><W64/><G125/><T11/><D3/><U6/><E30/><V65/><F133/><W76/><G134/><T104/><D71/><U58/><E70/><V123/><F123/><W84/><G7/><T93/><D75/><U33/><E33/><V78/><F116/><W55/><G112/><T2/><D2/><U17/><E132/><V57/><F69/><W117/><G114/><T39/><D111/><U82/><E119/><V19/><F40/><W43/><G117/><T35/><D35/><U96/><E130/><V118/><F118/><W121/><G121/><T53/><REACH who="0" step="1"/><D97/><REACH who="0" ten="240,250,250,250" step="2"/><U34/><E34/><V135/><F135/><W47/><G76/><T9/><D9/><U126/><E126/><V26/><F78/><W46/><G43/><T38/><D38/><U108/><E108/><V101/><F87/><W20/><G84/><T124/><D124/><U88/><E73/><V31/><F31/><W18/><G29/><T106/><D106/><U90/><E72/><V0/><F0/><W103/><G86/><T1/><D1/><U12/><E4/><AGARI ba="0,1" hai="4,11,14,39,42,44,49,53,56,89,93,98,104,105" machi="4" ten="30,11600,0" yaku="1,1,7,1,52,1,53,1" doraHai="52" doraHaiUra="92" who="0" fromWho="1" sc="240,126,250,-116,250,0,250,0" /><INIT seed="0,1,0,5,1,2" ten="366,134,250,250" oya="0" hai0="75,134,12,14,35,39,48,104,25,51,18,114,8" hai1="28,15,37,16,125,113,29,111,49,70,52,119,106" hai2="101,121,108,133,131,112,32,57,79,22,96,62,102" hai3="88,90,93,7,107,3,54,127,87,26,67,89,122"/><T42/><D114/><U120/><E119/><V56/><F121/><W23/><G107/><T5/><D104/><U86/><E120/><V40/><F112/><W47/><G122/><T61/><D75/><U21/><E113/><V59/><F108/><W74/><G74/><T10/><D134/><U103/><E37/><V78/><F133/><W132/><G132/><T55/><D39/><U69/><E111/><V105/><F32/><W81/><G67/><T13/><D42/><U85/><E125/><V117/><F117/><W92/><G127/><T72/><D72/><U4/><E106/><V98/><F131/><W83/><G3/><T31/><D13/><N who="1" m="9359" /><E103/><V95/><F40/><W91/><G7/><T11/><D8/><N who="1" m="4487" /><E70/><V100/><F101/><W0/><G0/><T135/><D135/><U44/><E69/><V1/><F1/><W50/><REACH who="3" step="1"/><G93/><REACH who="3" ten="366,134,250,240" step="2"/><T34/><D35/><U53/><E53/><V126/><F126/><W6/><G6/><T84/><D55/><U124/><E124/><V64/><REACH who="2" step="1"/><F22/><REACH who="2" ten="366,134,240,240" step="2"/><W76/><G76/><AGARI ba="1,2" hai="56,57,59,62,64,76,78,79,95,96,98,100,102,105" machi="76" ten="40,2600,0" yaku="1,1,2,1,53,0" doraHai="2" doraHaiUra="17" who="2" fromWho="3" sc="366,0,134,0,240,49,240,-29" /><INIT seed="1,0,0,1,1,110" ten="366,134,289,211" oya="1" hai0="82,117,38,125,47,64,1,5,62,79,116,59,24" hai1="133,126,80,109,132,103,43,76,44,108,53,28,2" hai2="42,77,112,92,13,30,131,90,18,61,85,37,40" hai3="88,123,41,68,69,17,25,50,33,102,22,93,8"/><U130/><E2/><V23/><F131/><W74/><G123/><T83/><D125/><U107/><E28/><V20/><F37/><W31/><G74/><T75/><D83/><U97/><E53/><V45/><F45/><W10/><G102/><T34/><D34/><U35/><E35/><V9/><F112/><W86/><G69/><T87/><D87/><U70/><E70/><V49/><F49/><W95/><G68/><T106/><D24/><U16/><E126/><V19/><F77/><W52/><G95/><T14/><D14/><U101/><E130/><V65/><F30/><W124/><G41/><N who="0" m="22967" /><D106/><U89/><E103/><V4/><F61/><W63/><G63/><T78/><D78/><U91/><E16/><N who="2" m="6187" /><F65/><W57/><REACH who="3" step="1"/><G124/><REACH who="3" ten="366,134,289,201" step="2"/><T55/><D64/><U7/><E43/><AGARI ba="0,1" hai="4,9,13,20,23,40,42,43,85,90,92" m="6187" machi="43" ten="30,2000,0" yaku="8,1,54,1" doraHai="110" who="2" fromWho="1" sc="366,0,134,-20,289,30,201,0" /><INIT seed="2,0,0,3,1,98" ten="366,114,319,201" oya="2" hai0="106,10,72,3,37,78,65,40,7,18,90,48,129" hai1="47,4,20,15,50,74,112,29,36,120,23,130,123" hai2="63,0,127,125,42,95,126,107,134,35,49,43,70" hai3="114,118,22,108,53,133,91,105,109,45,113,96,5"/><V100/><F0/><W84/><G5/><T28/><D106/><U87/><E74/><V27/><F134/><W44/><G22/><T103/><D103/><U102/><E36/><V132/><F132/><W61/><G133/><T115/><D115/><N who="3" m="44041" /><G61/><T88/><D129/><U131/><E87/><V76/><F76/><W39/><G53/><T135/><D135/><U6/><E112/><V26/><F95/><N who="3" m="54759" /><G118/><T52/><D65/><U8/><E50/><V75/><F75/><W60/><G60/><T2/><D2/><U93/><E47/><N who="3" m="17994" /><G39/><T67/><D67/><U56/><E56/><V12/><F49/><W94/><G105/><T13/><D28/><U97/><E4/><V124/><F12/><W58/><G58/><T9/><D40/><N who="2" m="15402" /><F35/><W119/><G119/><T101/><D37/><U54/><E54/><V14/><N who="2" m="31744" /><DORA hai="80" /><V83/><F83/><W46/><N who="3" m="18002" /><W1/><DORA hai="41" /><G1/><T51/><D48/><U89/><E23/><V85/><F85/><W82/><G82/><T31/><D72/><U30/><E30/><V111/><F111/><W32/><G32/><T73/><D3/><U64/><E64/><N who="2" m="41247" /><F14/><W16/><G16/><T11/><D18/><U121/><E29/><V33/><F33/><W34/><G34/><T38/><D31/><U110/><E20/><V17/><F17/><W99/><G99/><AGARI ba="0,0" hai="26,27,99,100,107" m="41247,31744,15402" machi="99" ten="60,5800,0" yaku="18,1,52,1" doraHai="98,80,41" who="2" fromWho="3" sc="366,0,114,0,319,58,201,-58" /><INIT seed="2,1,0,1,0,111" ten="366,114,377,143" oya="2" hai0="47,8,92,72,34,99,132,51,45,25,77,74,73" hai1="64,133,97,94,26,117,130,109,18,21,114,126,134" hai2="19,32,88,89,69,91,65,5,31,95,86,67,49" hai3="127,87,96,52,37,105,116,110,36,22,78,115,7"/><V38/><F38/><W43/><G116/><T103/><D132/><N who="1" m="50795" /><E117/><V44/><F5/><W71/><G71/><T113/><D113/><U59/><E109/><V104/><F104/><W108/><G7/><T100/><D100/><U12/><E126/><V6/><F6/><W10/><G108/><T9/><D77/><U125/><E125/><V1/><F1/><W23/><G110/><T55/><REACH who="0" step="1"/><D45/><REACH who="0" ten="356,114,377,143" step="2"/><U83/><E114/><V20/><F69/><W122/><G78/><T93/><D93/><U58/><E83/><V68/><F68/><W128/><G115/><T2/><D2/><U30/><E130/><V82/><F91/><W61/><G128/><T16/><D16/><U56/><E94/><V79/><F89/><W17/><G17/><T135/><D135/><U75/><E75/><V42/><F31/><AGARI ba="1,1" hai="8,9,25,31,34,47,51,55,72,73,74,92,99,103" machi="31" ten="40,1300,0" yaku="1,1,53,0" doraHai="111" doraHaiUra="118" who="0" fromWho="2" sc="356,26,114,0,377,-16,143,0" /><INIT seed="3,0,0,2,0,74" ten="382,114,361,143" oya="3" hai0="30,45,64,104,50,110,59,38,37,79,102,28,81" hai1="72,129,26,63,118,115,35,31,25,111,62,69,33" hai2="51,55,17,97,20,131,124,109,9,77,76,5,10" hai3="3,4,67,134,49,113,130,2,71,27,13,11,106"/><W93/><G106/><T88/><D110/><U99/><E115/><V105/><F109/><W116/><G116/><T101/><D59/><U91/><E111/><V82/><F124/><W53/><G113/><T41/><D64/><U48/><E129/><V32/><F131/><W78/><G130/><T98/><D101/><U70/><E118/><V122/><F32/><W96/><G134/><T80/><D80/><U107/><E72/><V127/><F122/><W29/><G71/><T15/><D15/><U103/><E48/><V114/><F114/><W128/><G67/><T84/><REACH who="0" step="1"/><D88/><REACH who="0" ten="372,114,361,143" step="2"/><U0/><E0/><V16/><F82/><W68/><G128/><T121/><D121/><U117/><E117/><V126/><F127/><W87/><G68/><T132/><D132/><U108/><E108/><V133/><F126/><W60/><G13/><T52/><D52/><U90/><E69/><V135/><F133/><W39/><G53/><T73/><D73/><U8/><E8/><N who="2" m="3179" /><F135/><W89/><G11/><T95/><D95/><U112/><E112/><V46/><F5/><W7/><G4/><T43/><D43/><U19/><E70/><V94/><F105/><W61/><G7/><T34/><D34/><U54/><E54/><V86/><F86/><W23/><G87/><T66/><D66/><U75/><E75/><V120/><F120/><W24/><G3/><T65/><D65/><U125/><E125/><V92/><F92/><W100/><G2/><T42/><D42/><U21/><E35/><V85/><F85/><W14/><G14/><T123/><D123/><U40/><E40/><RYUUKYOKU ba="0,1" sc="372,15,114,15,361,-15,143,-15" hai0="28,30,37,38,41,45,50,79,81,84,98,102,104" hai1="19,21,25,26,31,33,62,63,90,91,99,103,107" owari="397,49.7,129,-27.1,346,14.6,128,-37.2" /></mjloggm>