<mjloggm ver="2.3"><GO type="225" lobby="0"/><UN n0="%E8%91%B5%E3%81%A1%E3%82%83%E3%82%93" n1="%E4%BF%BA%E3%81%A8%E5%A6%96%E5%A4%A2" n2="%E3%82%BD%E3%83%AB%E3%83%88%E3%82%AF%E3%83%AA%E3%83%BC%E3%82%AF" n3="%E3%81%A4%E3%81%A3%E3%81%B1%E3%82%8A%E3%83%9D%E3%83%BC%E3%83%AB" dan="17,17,16,16" rate="2214.19,2208.60,2093.75,2118.57" sx="F,F,M,M"/><TAIKYOKU oya="0"/><INIT seed="0,0,0,4,4,57" ten="250,250,250,250" oya="0" hai0="68,22,64,45,36,26,88,111,52,77,21,106,79" hai1="43,34,32,91,87,82,100,2,93,35,101,71,113" hai2="40,42,73,15,16,117,95,44,53,118,12,132,115" hai3="23,51,58,3,70,69,72,108,109,10,39,11,19"/><T107/><D111/><N who="3" m="42569" /><G39/><T17/><D68/><N who="3" m="26217" /><G72/><T49/><D36/><U129/><E2/><V9/><F73/><W66/><G3/><T86/><D64/><U78/><E129/><V124/><F115/><W128/><G128/><T119/><D119/><N who="2" m="45578" /><F132/><W63/><G51/><T60/><D60/><U90/><E113/><V125/><F95/><W89/><G89/><T110/><D110/><U0/><E0/><V94/><F94/><W24/><AGARI ba="0,0" hai="10,11,19,23,24,58,63,66" m="26217,42569" machi="24" ten="30,2000,0" yaku="14,1,52,1" doraHai="57" who="3" fromWho="3" sc="250,-10,250,-5,250,-5,250,20" /><INIT seed="1,0,0,1,4,52" ten="240,245,245,270" oya="1" hai0="112,62,53,124,38,18,125,50,19,30,73,22,33" hai1="46,2,12,117,3,106,31,70,26,131,99,36,64" hai2="84,78,135,4,0,59,95,40,115,134,14,92,34" hai3="118,63,16,24,15,85,90,132,13,39,76,101,98"/><U102/><E117/><V47/><F34/><W120/><G39/><T77/><D38/><U108/><E131/><V110/><F0/><W82/><G120/><T43/><D112/><U94/><E12/><V69/><F69/><W67/><G118/><T72/><D43/><U60/><E94/><V126/><F126/><N who="0" m="48746" /><D62/><U128/><E108/><V42/><F110/><W130/><G130/><T121/><D121/><U23/><E128/><V123/><F123/><W96/><G132/><N who="2" m="50729" /><F115/><W37/><G37/><T51/><D51/><U8/><E8/><N who="2" m="4359" /><F78/><W27/><G76/><T1/><D1/><U86/><E86/><V109/><F109/><W122/><G15/><N who="0" m="9567" /><D19/><U74/><E74/><V65/><F84/><W54/><G16/><T113/><D77/><U119/><E119/><V66/><F66/><W79/><G67/><T5/><D5/><U80/><E80/><V57/><F65/><W7/><G122/><T17/><D17/><U45/><E23/><V25/><F25/><W71/><G71/><T35/><D113/><U55/><E55/><V75/><F75/><N who="0" m="28746" /><D30/><U48/><E48/><V114/><F114/><W61/><G79/><T129/><D129/><U11/><E11/><V6/><F6/><W88/><G7/><T21/><D21/><U93/><E36/><N who="2" m="21895" /><F42/><W107/><G13/><T97/><D97/><U29/><E2/><V9/><F9/><W49/><G27/><T41/><D41/><U56/><E3/><V44/><F44/><AGARI ba="0,0" hai="33,35,44,50,53" m="28746,9567,48746" machi="44" ten="30,1000,0" yaku="18,1" doraHai="52" who="0" fromWho="2" sc="240,10,245,0,245,-10,270,0" /><INIT seed="2,0,0,0,0,13" ten="250,245,235,270" oya="2" hai0="66,133,17,103,80,96,125,105,87,54,116,122,95" hai1="82,126,60,86,94,55,119,26,63,108,128,42,11" hai2="12,68,83,124,16,44,70,56,35,41,49,114,59" hai3="100,92,135,115,10,20,5,50,85,47,8,18,14"/><V90/><F114/><W2/><G135/><T81/><D133/><U21/><E119/><V134/><F35/><W111/><G115/><T32/><D122/><U79/><E108/><V30/><F134/><W28/><G111/><T0/><D116/><U71/><E126/><V51/><F70/><W53/><G28/><T33/><D0/><U15/><E128/><V78/><F68/><W102/><REACH who="3" step="1"/><G8/><REACH who="3" ten="250,245,235,260" step="2"/><T120/><D125/><U45/><E71/><V107/><F30/><W46/><G46/><T22/><D120/><U127/><E127/><V65/><F124/><W131/><G131/><T39/><D33/><U110/><E110/><V112/><F112/><W72/><G72/><T7/><D32/><U84/><E45/><N who="2" m="25775" /><F107/><W121/><G121/><T91/><D105/><U43/><E11/><N who="2" m="6175" /><F78/><W1/><G1/><T25/><D22/><U132/><E21/><V130/><F130/><W69/><G69/><T76/><D76/><U9/><E79/><V89/><F59/><W104/><G104/><T99/><D39/><U27/><E132/><V129/><F129/><W61/><G61/><T106/><D106/><U58/><E63/><N who="2" m="38119" /><F83/><W24/><G24/><T29/><D25/><U23/><E27/><V93/><F93/><W74/><G74/><T75/><D95/><U98/><E82/><V88/><F44/><W52/><G52/><T67/><D54/><U34/><E34/><V6/><F6/><W57/><G57/><T36/><D7/><N who="1" m="3519" /><E26/><V4/><F4/><W64/><G64/><N who="0" m="24619" /><D81/><U118/><E118/><V48/><AGARI ba="0,1" hai="48,51,88,89,90" m="38119,6175,25775" machi="48" ten="30,11700,0" yaku="8,1,52,1,54,2" doraHai="13" who="2" fromWho="2" sc="250,-39,245,-39,235,127,260,-39" /><INIT seed="2,1,0,0,4,60" ten="211,206,362,221" oya="2" hai0="98,130,63,25,117,42,52,125,110,133,105,61,65" hai1="22,10,43,116,115,122,120,73,16,5,127,30,113" hai2="69,124,83,31,107,21,126,7,94,87,131,67,17" hai3="13,76,135,55,8,50,62,45,103,19,119,121,12"/><V108/><F107/><W84/><G121/><N who="1" m="46698" /><E73/><V39/><F39/><W93/><G119/><T77/><D77/><U74/><E74/><V14/><F131/><W53/><G135/><T85/><D133/><U33/><E43/><V57/><F69/><W49/><G62/><T58/><D117/><U28/><E116/><V100/><F7/><W86/><G76/><T1/><D130/><U44/><E44/><V3/><F3/><W97/><REACH who="3" step="1"/><G13/><REACH who="3" ten="211,206,362,211" step="2"/><T54/><D63/><U38/><E127/><V23/><F126/><W51/><G51/><T26/><D125/><U96/><E38/><V72/><F14/><W114/><G114/><N who="1" m="43530" /><E33/><V70/><F124/><W95/><G95/><T101/><D61/><U9/><E96/><V36/><F94/><W118/><G118/><T71/><D98/><U92/><E92/><V24/><F36/><W66/><G66/><T48/><D65/><U132/><E132/><V59/><F67/><W106/><G106/><T64/><D105/><U90/><E90/><V29/><F100/><W32/><G32/><T102/><D101/><U15/><E9/><V41/><F83/><W82/><G82/><T0/><D102/><U81/><E81/><V109/><F72/><W11/><G11/><T4/><D64/><U47/><E47/><AGARI ba="1,1" hai="8,12,19,45,47,49,50,53,55,84,86,93,97,103" machi="47" ten="30,7700,0" yaku="1,1,7,1,9,1,8,1,53,0" doraHai="60" doraHaiUra="123" who="3" fromWho="1" sc="211,0,206,-80,362,0,211,90" /><INIT seed="3,0,0,1,4,117" ten="211,126,362,301" oya="3" hai0="100,109,130,70,107,36,25,50,103,94,3,30,0" hai1="71,118,33,18,65,104,115,78,66,57,12,81,60" hai2="85,116,82,64,93,63,8,55,35,113,95,61,26" hai3="32,123,98,132,91,34,31,99,28,125,37,114,4"/><W53/><G114/><T112/><D36/><U129/><E115/><V124/><F113/><W133/><G37/><T80/><D70/><U86/><E118/><V108/><F108/><W76/><G76/><T127/><D107/><U17/><E129/><V131/><F116/><W38/><G38/><T9/><D3/><U52/><E104/><V72/><F72/><W134/><G4/><T48/><D0/><U120/><E33/><N who="3" m="12906" /><G53/><T42/><D130/><U67/><E18/><V7/><F131/><W84/><G125/><T39/><D109/><U97/><E97/><N who="3" m="36874" /><G31/><T15/><D39/><U27/><E27/><V87/><F124/><W47/><G47/><T16/><D112/><U1/><E1/><V58/><F35/><W122/><G28/><T62/><D127/><U21/><REACH who="1" step="1"/><E120/><REACH who="1" ten="211,116,362,301" step="2"/><V13/><F26/><W10/><G10/><T105/><D16/><U88/><E88/><V106/><F106/><W56/><G56/><T92/><D25/><U128/><E128/><V51/><F87/><W2/><G2/><T44/><D30/><U135/><E135/><V22/><F22/><W73/><G73/><T11/><D105/><U41/><E41/><V45/><F63/><W5/><G5/><T14/><D62/><U49/><AGARI ba="0,1" hai="12,17,21,49,52,57,60,65,66,67,71,78,81,86" machi="49" ten="20,8000,1" yaku="1,1,0,1,7,1,54,1,53,1" doraHai="117" doraHaiUra="83" who="1" fromWho="1" sc="211,-20,116,90,362,-20,301,-40" owari="191,-30.9,206,-19.4,342,44.2,261,6.1" /></mjloggm>