<mjloggm ver="2.3"><GO type="225" lobby="0"/><UN n0="%E5%AF%82%E5%AF%9E%E3%82%AE%E3%83%8D%E3%82%B9%E3%83%93%E3%83%BC%E3%83%AB" n1="%E8%81%B7%E6%A5%AD%E3%80%81%E9%A2%A8%32" n2="%E7%BD%AA%E5%88%91%E6%B3%95%E5%AE%9A%E4%B8%BB%E7%BE%A9" n3="%72%61%6B%33" dan="16,16,16,17" rate="2179.98,2135.04,2119.83,2259.99" sx="M,M,M,M"/><TAIKYOKU oya="0"/><INIT seed="0,0,0,5,3,39" ten="250,250,250,250" oya="0" hai0="37,80,71,33,104,113,100,102,105,5,89,103,107" hai1="99,0,31,46,24,68,101,85,90,3,23,93,50" hai2="26,25,34,38,17,62,127,109,11,122,48,54,72" hai3="61,130,120,36,19,86,82,9,55,121,134,52,76"/><T6/><BYE who="2" /><D71/><U53/><REACH who="1" step="1"/><E68/><REACH who="1" ten="250,240,250,250" step="2"/><V73/><F73/><W51/><G121/><T27/><D107/><AGARI ba="0,1" hai="0,3,23,24,31,46,50,53,85,90,93,99,101,107" machi="107" ten="30,7700,0" yaku="21,2,2,1,7,1,53,0" doraHai="39" doraHaiUra="2" who="1" fromWho="0" sc="250,-77,240,87,250,0,250,0" /><INIT seed="1,0,0,3,5,64" ten="173,327,250,250" oya="1" hai0="73,40,111,56,1,25,11,43,115,10,90,38,26" hai1="110,4,17,116,133,108,20,128,13,33,45,44,18" hai2="80,12,129,9,58,50,103,81,7,135,35,29,130" hai3="84,125,88,75,41,109,131,5,55,78,62,101,126"/><U59/><E116/><V96/><F96/><W123/><G123/><T79/><D115/><U47/><E33/><V91/><F91/><W52/><G109/><N who="1" m="42090" /><E128/><V65/><F65/><W6/><G131/><T16/><D111/><U69/><E69/><V86/><F86/><W93/><G41/><UN n2="%E7%BD%AA%E5%88%91%E6%B3%95%E5%AE%9A%E4%B8%BB%E7%BE%A9" /><T127/><D127/><N who="3" m="48649" /><G101/><T117/><D117/><U3/><E133/><V74/><F103/><W76/><G76/><T92/><D79/><U95/><E3/><V89/><F135/><W37/><G37/><T22/><D73/><U66/><E95/><V72/><F35/><W61/><G61/><T23/><D38/><U70/><E59/><V32/><F58/><N who="3" m="35143" /><G55/><T97/><D56/><U107/><E107/><V8/><F130/><W48/><G48/><T14/><D1/><U105/><E105/><V68/><F50/><W28/><G28/><T0/><D0/><U82/><E66/><V99/><F68/><W87/><G75/><T112/><D112/><U42/><E70/><V60/><F129/><W85/><G78/><T104/><D104/><U54/><E42/><V71/><F71/><W53/><G53/><T77/><D77/><U39/><E54/><V67/><F67/><W57/><G57/><T98/><D43/><U132/><E39/><V124/><F124/><W102/><G102/><N who="0" m="60711" /><D40/><U106/><E132/><V30/><F60/><W34/><G34/><T24/><D23/><N who="1" m="11695" /><E106/><V51/><F32/><W31/><G31/><T83/><D83/><U113/><E82/><V27/><F81/><W134/><G134/><T122/><D122/><U121/><E121/><V15/><F80/><RYUUKYOKU ba="0,0" sc="173,15,327,-15,250,-15,250,15" hai0="10,11,14,16,22,24,25,26,90,98" hai3="5,6,84,85,87,88,93" /><INIT seed="2,1,0,5,4,44" ten="188,312,235,265" oya="2" hai0="9,106,81,69,73,29,61,116,63,24,114,18,88" hai1="40,64,105,98,132,16,91,125,35,87,102,5,3" hai2="2,107,51,79,22,20,71,130,50,46,84,7,62" hai3="115,47,65,11,128,72,90,32,121,54,129,28,30"/><V111/><F107/><W108/><G121/><T109/><D114/><U48/><E35/><V36/><F36/><W131/><G115/><T57/><D109/><U100/><E100/><V135/><F111/><W80/><G108/><T97/><D116/><U127/><E64/><V52/><F135/><W60/><G11/><T66/><D106/><U59/><E5/><V0/><F130/><W21/><G32/><T34/><D73/><U41/><E3/><V45/><F71/><W92/><G21/><T31/><D31/><U103/><E103/><V126/><F62/><W93/><G80/><T39/><D39/><U94/><E16/><V38/><F38/><W1/><G1/><T14/><D81/><U68/><E68/><V82/><F126/><N who="1" m="48137" /><E132/><V70/><F70/><N who="3" m="42279" /><G72/><T117/><D117/><U120/><E120/><V85/><F7/><W134/><G134/><T8/><D69/><U95/><E105/><V110/><F110/><W10/><G10/><T58/><D8/><U17/><E17/><V99/><F99/><N who="3" m="57751" /><G93/><T42/><D97/><U33/><E33/><V26/><F22/><W76/><G76/><T101/><D101/><U122/><E122/><V89/><F85/><W53/><G53/><AGARI ba="1,0" hai="40,41,48,53,59,87,91,94,95,98,102" m="48137" machi="53" ten="30,2000,0" yaku="18,1,52,1" doraHai="44" who="1" fromWho="3" sc="188,0,312,23,235,0,265,-23" /><INIT seed="3,0,0,3,1,120" ten="188,335,235,242" oya="3" hai0="85,93,11,40,82,87,124,46,128,64,101,116,113" hai1="66,34,29,43,79,50,4,91,134,89,76,96,74" hai2="38,115,84,109,9,97,80,19,81,88,132,1,15" hai3="18,72,107,68,56,35,30,125,119,31,3,6,45"/><W42/><G56/><T70/><D116/><U122/><E74/><V8/><F115/><W33/><G68/><T61/><D124/><U54/><E43/><V117/><F117/><W32/><G107/><T22/><D128/><U44/><E4/><V0/><F38/><W110/><G119/><T23/><D113/><U12/><E134/><V63/><F132/><W86/><G72/><T118/><D118/><U48/><E66/><V69/><F97/><W75/><G75/><T20/><D11/><U26/><E122/><V5/><F1/><W2/><G86/><T21/><N who="0" m="5120" /><DORA hai="27" /><T78/><D101/><U62/><E62/><V24/><F24/><W65/><G65/><T133/><D133/><U28/><E12/><V129/><F129/><W94/><G94/><T104/><D104/><U10/><E29/><V131/><F131/><W51/><G125/><T41/><REACH who="0" step="1"/><D46/><REACH who="0" ten="178,335,235,242" step="2"/><U71/><E44/><V25/><F9/><W98/><G45/><T100/><D100/><U90/><E10/><V14/><F8/><W83/><G2/><T60/><D60/><U127/><E127/><V36/><F63/><W102/><G102/><T121/><D121/><U39/><E26/><V106/><F25/><W126/><G126/><T58/><D58/><U55/><E71/><V123/><F106/><W67/><G3/><T52/><D52/><U17/><E55/><V103/><F123/><W7/><G7/><T16/><D16/><U73/><E54/><V92/><F103/><W95/><G6/><T111/><D111/><U105/><E105/><V135/><F5/><W59/><G18/><RYUUKYOKU ba="0,1" sc="178,30,335,-10,235,-10,242,-10" hai0="40,41,61,64,70,78,82,85,87,93" owari="208,-29.2,335,43.5,225,-17.5,232,3.2" /></mjloggm>