<mjloggm ver="2.3"><GO type="225" lobby="0"/><UN n0="%E3%82%A2%E3%83%A1%E3%82%A2%E3%83%A9%E3%83%AC" n1="%79%75%72%69%6D%6F%67" n2="%33%74%72%65%65" n3="%E6%A1%9C%E8%8A%B1%E9%96%83%E3%80%85" dan="16,16,16,16" rate="2159.30,2155.09,2104.89,2233.74" sx="M,F,F,M"/><TAIKYOKU oya="0"/><INIT seed="0,0,0,5,2,98" ten="250,250,250,250" oya="0" hai0="79,74,117,1,106,105,107,71,69,44,99,125,11" hai1="96,131,88,82,23,46,78,101,24,2,17,68,6" hai2="83,20,38,58,57,49,61,87,13,103,3,7,70" hai3="59,53,128,108,10,135,81,119,123,76,64,133,26"/><T33/><D117/><U43/><E131/><V15/><F38/><W48/><G119/><T130/><D130/><U66/><E6/><V19/><F3/><W30/><G128/><T127/><D33/><U14/><E2/><V63/><F70/><N who="0" m="26634" /><D44/><U72/><E66/><V91/><F103/><W41/><G108/><T93/><D1/><U12/><E68/><V0/><F0/><W73/><G123/><T126/><D11/><U34/><E88/><V97/><F97/><W132/><G64/><T40/><D40/><U42/><E42/><V16/><F7/><W92/><G10/><T111/><D111/><U31/><E31/><V95/><F83/><W35/><G92/><T90/><D79/><U113/><E34/><V84/><F84/><W89/><G89/><T37/><D37/><U45/><E45/><V47/><F47/><W110/><G110/><T86/><D74/><U118/><E113/><V55/><F58/><W51/><REACH who="3" step="1"/><G41/><REACH who="3" ten="250,250,250,240" step="2"/><T21/><D21/><AGARI ba="0,1" hai="13,15,16,19,20,21,49,55,57,61,63,87,91,95" machi="21" ten="30,12000,2" yaku="7,1,9,1,25,2,8,1,54,1" doraHai="98" who="2" fromWho="0" sc="250,-120,250,0,250,130,240,0" /><INIT seed="1,0,0,4,3,31" ten="130,250,380,240" oya="1" hai0="109,108,110,62,72,130,51,60,53,27,18,102,68" hai1="41,6,49,83,86,25,44,56,5,0,96,112,40" hai2="69,132,66,135,78,76,100,128,105,55,121,94,104" hai3="24,81,80,16,88,20,52,12,3,37,4,123,126"/><U30/><E112/><V77/><F121/><W26/><G123/><T46/><D72/><U2/><E41/><V15/><F128/><W9/><G37/><T122/><D102/><U117/><E117/><V111/><F111/><W98/><G126/><T32/><D18/><U101/><E56/><V133/><F55/><W39/><G39/><T75/><D75/><U115/><E2/><V97/><F15/><W114/><G114/><T93/><D93/><U14/><E0/><V84/><F66/><W8/><G26/><T103/><D103/><U54/><E54/><V125/><F69/><W23/><G23/><T57/><D122/><U134/><E134/><V90/><F125/><W70/><G70/><T11/><D11/><U59/><E59/><V89/><F89/><W29/><REACH who="3" step="1"/><G52/><REACH who="3" ten="130,250,380,230" step="2"/><N who="0" m="29815" /><D27/><U63/><E115/><V120/><F120/><W21/><G21/><T34/><D130/><U61/><E61/><N who="0" m="23657" /><D68/><U50/><E63/><AGARI ba="0,1" hai="32,34,53,57,63,108,109,110" m="23657,29815" machi="63" ten="30,7700,0" yaku="14,1,52,2,54,1" doraHai="31" who="0" fromWho="1" sc="130,87,250,-77,380,0,230,0" /><INIT seed="2,0,0,2,3,72" ten="217,173,380,230" oya="2" hai0="75,93,102,125,132,24,130,92,77,84,59,41,47" hai1="39,83,80,110,9,88,63,56,78,16,133,69,29" hai2="76,111,60,10,18,52,14,71,114,89,55,116,82" hai3="85,13,33,101,21,25,45,108,64,46,127,79,67"/><V121/><F116/><W73/><G73/><T20/><D132/><U27/><E110/><V107/><F114/><W128/><G108/><T49/><D130/><U106/><E133/><V94/><F107/><W0/><G0/><T81/><D125/><U95/><E69/><V124/><F121/><W54/><G33/><T8/><D8/><U103/><E39/><V105/><F105/><W91/><G128/><T58/><D75/><U28/><E103/><V118/><F118/><W99/><G13/><T113/><D113/><U96/><E83/><V3/><F3/><W50/><G46/><T40/><D40/><U17/><E106/><V23/><F23/><W32/><G32/><T134/><D134/><U12/><E17/><V100/><F100/><W5/><G79/><T6/><D6/><U120/><E27/><V57/><F71/><W7/><G127/><T129/><D129/><U115/><E115/><V62/><F124/><W15/><G99/><N who="0" m="59751" /><D93/><U87/><E120/><V38/><F38/><W135/><G101/><T1/><D1/><U37/><E37/><V19/><F111/><W119/><G135/><T112/><D112/><U117/><E117/><V43/><F43/><W42/><G42/><T26/><D26/><U31/><E31/><AGARI ba="0,0" hai="20,24,31,41,47,49,58,59,77,81,84" m="59751" machi="31" ten="30,2000,0" yaku="8,1,52,1" doraHai="72" who="0" fromWho="1" sc="217,20,173,-20,380,0,230,0" /><INIT seed="3,0,0,0,2,95" ten="237,153,380,230" oya="3" hai0="29,113,94,75,17,132,125,3,106,37,25,58,77" hai1="89,59,27,108,45,32,10,104,14,93,90,84,115" hai2="30,80,36,98,11,24,33,22,61,8,66,103,110" hai3="54,117,69,134,126,111,86,35,114,34,1,100,44"/><W62/><G117/><T131/><D58/><U91/><E108/><V119/><F119/><W82/><G114/><T9/><D94/><U127/><E115/><V88/><F110/><W4/><G111/><T12/><D77/><U19/><E127/><V57/><F36/><W15/><G1/><T76/><D76/><U2/><E104/><V39/><F39/><W13/><G126/><T43/><D43/><U87/><E45/><V129/><F129/><W42/><G134/><T65/><D65/><U73/><E73/><V72/><F33/><W92/><G34/><T6/><D37/><U118/><E2/><V52/><F52/><W71/><G35/><N who="0" m="20911" /><D75/><U55/><E118/><V28/><F28/><W135/><G13/><T107/><D125/><U128/><E32/><V121/><F121/><W18/><G4/><T99/><D99/><U85/><E27/><V7/><F72/><W0/><G0/><T38/><D38/><U130/><E130/><V97/><F103/><W50/><G135/><T16/><D17/><U123/><E123/><V83/><F83/><W63/><G69/><T47/><D113/><U79/><E79/><V56/><F56/><W21/><G71/><T23/><D132/><U60/><REACH who="1" step="1"/><E128/><REACH who="1" ten="237,143,380,230" step="2"/><V122/><F122/><W20/><G44/><T120/><D131/><U67/><E67/><V78/><F66/><W109/><G109/><T26/><D120/><U31/><E31/><V49/><F24/><W40/><G15/><T41/><D3/><U81/><E81/><V112/><F112/><W64/><G82/><T68/><D12/><U53/><E53/><RYUUKYOKU ba="0,1" sc="237,-10,143,30,380,-10,230,-10" hai1="10,14,19,55,59,60,84,85,87,89,90,91,93" owari="227,2.7,173,-32.7,380,48.0,220,-18.0" /></mjloggm>