<mjloggm ver="2.3"><GO type="225" lobby="0"/><UN n0="%E6%B8%A9%E2%98%85%E6%83%85%E2%98%85%E6%8E%AA%E2%98%85%E7%BD%AE" n1="%E3%81%8B%E3%82%8F%E3%81%A1%E3%82%83%E3%82%93%35%38" n2="%E6%97%A5%E6%9B%9C%E6%97%A5%E3%82%88%E3%82%8A%E3%81%AE%E4%BD%BF%E8%80%85" n3="%6D%75%75%6D%75%72%61" dan="16,16,18,16" rate="2137.81,2125.38,2128.48,2174.41" sx="M,M,M,F"/><TAIKYOKU oya="0"/><BYE who="2" /><INIT seed="0,0,0,1,1,96" ten="250,250,250,250" oya="0" hai0="130,90,75,33,127,64,30,126,77,42,133,38,28" hai1="103,80,115,121,66,78,54,74,128,92,35,124,55" hai2="116,72,24,123,112,129,119,8,76,16,101,11,45" hai3="57,102,59,93,104,109,50,108,89,10,52,13,105"/><T110/><BYE who="3" /><D133/><UN n2="%E6%97%A5%E6%9B%9C%E6%97%A5%E3%82%88%E3%82%8A%E3%81%AE%E4%BD%BF%E8%80%85" /><UN n3="%6D%75%75%6D%75%72%61" /><U60/><E121/><V22/><BYE who="3" /><F22/><UN n3="%6D%75%75%6D%75%72%61" /><W19/><BYE who="2" /><G59/><UN n2="%E6%97%A5%E6%9B%9C%E6%97%A5%E3%82%88%E3%82%8A%E3%81%AE%E4%BD%BF%E8%80%85" /><T113/><D113/><U134/><E35/><V131/><F112/><W48/><G48/><T99/><D130/><N who="2" m="49674" /><F123/><W122/><G122/><T98/><D64/><U71/><E115/><V6/><F45/><W29/><G29/><N who="0" m="11371" /><D33/><U2/><E128/><V85/><F72/><W58/><G58/><T18/><D18/><U17/><E134/><V26/><F101/><W120/><G120/><T94/><D110/><N who="3" m="42601" /><G102/><T4/><D4/><U67/><E2/><N who="2" m="87" /><F85/><AGARI ba="0,0" hai="10,13,19,50,52,57,85,89,93,104,105" m="42601" machi="85" ten="30,2000,0" yaku="14,1,54,1" doraHai="96" who="3" fromWho="2" sc="250,0,250,0,250,-20,250,20" /><INIT seed="1,0,0,2,0,106" ten="250,250,230,270" oya="1" hai0="0,30,76,77,44,118,18,129,74,28,66,75,121" hai1="14,40,133,99,95,6,16,124,5,100,72,123,115" hai2="50,114,8,61,110,23,29,108,41,104,48,62,46" hai3="1,87,60,97,64,59,33,80,21,26,38,135,3"/><U54/><E115/><V79/><F104/><W45/><G135/><T103/><D0/><U116/><E116/><V27/><F114/><W112/><G112/><T7/><D118/><U101/><E123/><V86/><F8/><W85/><G33/><T132/><D7/><N who="1" m="2571" /><E72/><V22/><F50/><W51/><G38/><T125/><D132/><U20/><E124/><V109/><REACH who="2" step="1"/><F23/><REACH who="2" ten="250,250,220,270" step="2"/><W37/><G37/><T57/><D125/><U36/><E36/><V105/><F105/><W55/><G3/><T10/><D10/><U11/><E133/><V56/><F56/><W84/><G1/><T32/><D57/><U49/><E40/><V127/><F127/><W70/><G70/><T91/><D32/><U63/><E63/><V58/><F58/><W47/><G45/><T119/><D44/><N who="1" m="27943" /><E11/><V34/><F34/><W89/><REACH who="3" step="1"/><G97/><REACH who="3" ten="250,250,220,260" step="2"/><T128/><D119/><U94/><E99/><V98/><F98/><W83/><G83/><AGARI ba="0,2" hai="22,27,29,41,46,48,61,62,79,83,86,108,109,110" machi="83" ten="40,2600,0" yaku="1,1,14,1,53,0" doraHai="106" doraHaiUra="4" who="2" fromWho="3" sc="250,0,250,0,220,46,260,-26" /><INIT seed="2,0,0,1,3,19" ten="250,250,266,234" oya="2" hai0="79,83,18,12,44,112,107,61,113,75,10,56,52" hai1="115,35,85,11,98,67,76,9,41,131,129,106,38" hai2="6,120,110,82,93,101,60,23,117,33,42,54,109" hai3="124,36,89,43,49,68,111,39,22,14,74,128,64"/><V34/><F117/><W15/><G74/><T123/><D123/><U69/><E115/><V53/><F120/><W5/><G111/><N who="2" m="42505" /><F42/><W3/><G3/><T59/><D107/><U47/><E35/><N who="2" m="13323" /><F6/><W121/><G121/><T92/><D44/><U100/><E69/><V4/><F4/><W2/><G2/><T0/><D0/><U77/><E67/><V30/><F82/><W70/><G128/><N who="1" m="49226" /><E85/><V16/><F30/><W31/><G124/><T62/><REACH who="0" step="1"/><D92/><REACH who="0" ten="240,250,266,234" step="2"/><U118/><E118/><V126/><F126/><W46/><G46/><T29/><D29/><U90/><E106/><V45/><F45/><W94/><G31/><T24/><D24/><U132/><E47/><V27/><F60/><W40/><G94/><T108/><D108/><U48/><E41/><V28/><F28/><W50/><G40/><T55/><AGARI ba="0,1" hai="10,12,18,52,55,56,59,61,62,75,79,83,112,113" machi="55" ten="20,12000,2" yaku="1,1,0,1,7,1,9,1,54,1,53,1" doraHai="19" doraHaiUra="105" who="0" fromWho="0" sc="240,130,250,-30,266,-60,234,-30" /><INIT seed="3,0,0,5,0,81" ten="370,220,206,204" oya="3" hai0="78,37,84,47,128,111,76,100,114,38,40,54,44" hai1="11,117,77,21,50,120,58,32,97,16,87,60,45" hai2="49,102,68,62,132,18,121,29,91,96,109,28,115" hai3="39,118,131,69,126,101,116,135,55,63,71,93,70"/><W23/><G39/><T34/><D34/><U86/><E32/><V88/><F115/><W74/><G74/><T17/><D17/><U27/><E120/><V108/><F49/><W35/><G35/><T110/><D100/><U5/><E117/><V6/><F6/><W92/><G126/><T10/><D10/><U83/><E97/><V42/><F42/><W89/><G131/><T103/><D103/><U112/><E112/><V56/><F68/><W66/><G135/><T9/><D9/><U2/><E83/><V19/><F132/><W133/><G133/><T51/><D38/><U123/><E77/><V7/><F7/><W95/><G101/><T106/><D106/><U72/><E72/><V119/><F119/><W15/><G55/><T3/><D3/><U65/><E123/><V130/><F130/><W105/><G105/><T31/><D31/><N who="2" m="11850" /><F121/><W24/><G24/><T73/><D73/><U8/><E8/><V67/><F102/><W98/><G116/><T48/><D37/><U33/><E33/><V134/><F134/><W46/><G46/><T64/><D128/><U124/><E124/><V52/><F67/><W75/><G75/><T57/><D64/><U12/><E2/><V13/><F19/><N who="3" m="10751" /><G118/><T99/><D47/><U25/><E25/><V127/><F127/><W80/><G98/><T43/><D99/><U61/><E61/><V113/><F113/><W129/><G129/><T41/><D114/><U22/><E22/><N who="2" m="11599" /><F96/><W79/><G79/><T94/><D78/><U125/><E125/><V30/><F30/><W36/><G36/><T104/><D76/><RYUUKYOKU ba="0,0" sc="370,-30,220,10,206,10,204,10" hai1="5,11,12,16,21,27,45,50,58,60,65,86,87" hai2="52,56,62,88,91,108,109" hai3="63,66,69,70,71,80,89,92,93,95" /><INIT seed="3,1,0,0,1,135" ten="340,230,216,214" oya="3" hai0="84,120,111,77,94,110,27,30,50,73,83,97,116" hai1="105,4,112,107,108,1,79,106,103,63,44,109,93" hai2="7,125,121,86,76,8,134,53,18,40,124,39,28" hai3="5,3,117,100,41,12,47,95,2,54,58,48,6"/><W85/><G117/><T68/><D120/><U31/><E112/><V21/><F28/><W122/><G122/><T89/><D116/><U75/><E31/><V59/><F40/><W80/><G2/><T57/><D68/><U128/><E4/><V16/><F39/><W24/><G3/><T60/><D50/><U49/><E1/><N who="2" m="111" /><F134/><W133/><G133/><T15/><D15/><U14/><E14/><N who="2" m="9367" /><F18/><W69/><G69/><T130/><D130/><U99/><E128/><V26/><F26/><W70/><G70/><T87/><D111/><N who="1" m="42571" /><E63/><N who="2" m="36335" /><F121/><W34/><G12/><T11/><D11/><U114/><E114/><V46/><F46/><W82/><G24/><T96/><D73/><U90/><E79/><V35/><F35/><W52/><G34/><T56/><D56/><U102/><E75/><V113/><F113/><W81/><G54/><AGARI ba="1,0" hai="44,49,54,90,93,99,102,103,105,106,107" m="42571" machi="54" ten="40,1300,0" yaku="14,1" doraHai="135" who="1" fromWho="3" sc="340,0,230,16,216,0,214,-16" owari="340,44.0,246,4.6,216,-18.4,198,-30.2" /></mjloggm>