<mjloggm ver="2.3"><GO type="225" lobby="0"/><UN n0="%6D%75%75%6D%75%72%61" n1="%73%6C%69%63%6B%33%31%39" n2="%E3%82%B2%E3%82%B9%E8%8C%82%E5%8B%9D" n3="%E3%81%BE%E3%81%A8%E3%81%9F" dan="16,16,16,16" rate="2097.30,2057.56,2085.53,2077.97" sx="F,M,F,M"/><TAIKYOKU oya="0"/><INIT seed="0,0,0,5,2,60" ten="250,250,250,250" oya="0" hai0="0,110,122,15,124,9,10,66,88,98,2,86,56" hai1="65,7,26,118,22,108,63,70,67,119,83,8,85" hai2="4,31,131,20,71,111,25,69,51,49,127,115,21" hai3="101,132,129,28,55,113,46,89,45,47,120,75,134"/><T76/><D122/><U42/><E108/><V44/><F111/><W48/><G113/><T93/><D110/><U96/><E42/><V14/><F115/><W6/><G75/><T54/><D124/><U62/><E96/><V32/><F127/><W84/><G129/><T39/><D39/><U116/><E22/><V128/><F69/><W114/><G114/><T50/><D66/><U94/><E94/><V80/><F71/><W37/><G37/><T27/><D27/><U24/><E63/><V57/><F80/><W38/><G38/><T43/><D43/><U91/><REACH who="1" step="1"/><E67/><REACH who="1" ten="250,240,250,250" step="2"/><V109/><F109/><W5/><G55/><T16/><REACH who="0" step="1"/><D10/><REACH who="0" ten="240,240,250,250" step="2"/><U18/><E18/><N who="2" m="10327" /><F128/><W35/><G28/><T125/><D125/><U112/><E112/><V100/><F131/><W99/><G120/><T30/><D30/><U64/><E64/><V40/><F40/><W33/><G5/><T97/><D97/><U52/><E52/><N who="2" m="31887" /><F4/><W95/><G6/><T130/><D130/><U102/><E102/><V36/><F36/><W77/><G101/><T3/><D3/><AGARI ba="0,2" hai="3,7,8,24,26,62,65,70,83,85,91,116,118,119" machi="3" ten="40,2600,0" yaku="1,1,52,1,53,0" doraHai="60" doraHaiUra="29" who="1" fromWho="0" sc="240,-26,240,46,250,0,250,0" /><INIT seed="1,0,0,2,5,123" ten="214,286,250,250" oya="1" hai0="99,81,115,118,7,18,131,69,109,104,75,79,68" hai1="71,51,2,124,43,120,17,132,12,101,28,76,26" hai2="65,37,23,116,83,89,13,30,133,121,70,63,119" hai3="90,22,82,61,74,102,21,19,105,35,36,110,72"/><U15/><E120/><V88/><F121/><W54/><G35/><T66/><D115/><U57/><E71/><V128/><F133/><W32/><G32/><T1/><D118/><U130/><E2/><V106/><F128/><W112/><G36/><T92/><D131/><U20/><E130/><V39/><F106/><W107/><G22/><T87/><D109/><U0/><E0/><V47/><F116/><W34/><G34/><T126/><D126/><U45/><E132/><V33/><F119/><W80/><G112/><T9/><D18/><U59/><E124/><V58/><F70/><W41/><G41/><T94/><D66/><U5/><E101/><V40/><F37/><W6/><G102/><T86/><D94/><U125/><E125/><V4/><F83/><W96/><G6/><T48/><D87/><U53/><E76/><V10/><REACH who="2" step="1"/><F33/><REACH who="2" ten="214,286,240,250" step="2"/><W134/><G80/><T93/><D104/><U49/><E5/><V111/><F111/><W73/><G82/><T42/><D92/><U24/><E59/><V97/><F97/><W55/><G134/><T44/><REACH who="0" step="1"/><D75/><REACH who="0" ten="204,286,240,250" step="2"/><U78/><E78/><V67/><F67/><W16/><G107/><T27/><D27/><AGARI ba="0,2" hai="4,10,13,23,27,30,39,40,47,58,63,65,88,89" machi="27" ten="40,5200,0" yaku="1,1,54,1,53,1" doraHai="123" doraHaiUra="62" who="2" fromWho="0" sc="204,-52,286,0,240,72,250,0" /><INIT seed="2,0,0,5,4,76" ten="152,286,312,250" oya="2" hai0="46,23,97,6,65,47,10,114,88,15,111,112,82" hai1="48,51,11,120,74,72,118,43,19,56,106,57,131" hai2="22,3,55,84,100,39,49,67,5,14,54,58,119" hai3="133,44,18,38,13,104,101,20,61,77,63,132,52"/><V9/><F119/><W91/><G77/><T95/><D111/><U45/><E118/><V1/><F39/><W116/><G116/><T41/><D65/><U85/><E106/><V64/><F100/><W83/><G101/><T7/><D7/><U129/><E120/><V33/><F33/><W107/><G38/><T108/><D108/><U34/><E34/><V135/><F135/><N who="3" m="51787" /><G61/><T75/><D23/><U32/><E32/><V122/><F122/><W113/><G113/><T128/><D128/><N who="1" m="49227" /><E85/><V121/><F121/><W79/><G91/><T73/><D73/><N who="1" m="28267" /><E51/><V17/><F1/><W29/><G29/><T127/><D127/><U28/><E28/><V86/><F64/><W110/><G110/><T99/><D99/><U109/><E109/><V103/><F103/><W92/><G92/><T12/><D12/><AGARI ba="0,0" hai="11,12,19,43,45,48,56,57" m="28267,49227" machi="12" ten="30,1000,0" yaku="19,1" doraHai="76" who="1" fromWho="0" sc="152,-10,286,10,312,0,250,0" /><INIT seed="3,0,0,0,5,87" ten="142,296,312,250" oya="3" hai0="75,0,118,70,100,114,44,7,92,65,41,102,115" hai1="69,50,2,4,74,63,99,109,54,76,81,55,5" hai2="85,83,82,106,79,90,88,129,37,16,47,71,3" hai3="36,26,52,121,103,11,72,57,61,9,49,12,122"/><W77/><G36/><T40/><D75/><U120/><E120/><V97/><F71/><W105/><G11/><T98/><D118/><U19/><E109/><V111/><F3/><W43/><G103/><T21/><D0/><U80/><E2/><V130/><F16/><W60/><G105/><T18/><D7/><U86/><E19/><V6/><F6/><W133/><G26/><T45/><D102/><U93/><E69/><V95/><F106/><W66/><G61/><T15/><D65/><U119/><E119/><V39/><F111/><W35/><G35/><T29/><D29/><U25/><E25/><V107/><F107/><W84/><G72/><T56/><D56/><N who="1" m="35223" /><E80/><V113/><F113/><W20/><G20/><T53/><D70/><U8/><E8/><V48/><F39/><W10/><G133/><T112/><REACH who="0" step="1"/><D53/><REACH who="0" ten="132,296,312,250" step="2"/><U24/><E74/><V125/><F129/><W96/><G121/><T32/><D32/><U126/><E4/><V42/><F130/><W89/><G122/><T117/><D117/><U22/><E5/><V13/><F42/><AGARI ba="0,1" hai="15,18,21,40,41,42,44,45,92,98,100,112,114,115" machi="42" ten="40,2600,0" yaku="1,1,11,1,53,0" doraHai="87" doraHaiUra="78" who="0" fromWho="2" sc="132,36,296,0,312,-26,250,0" /><INIT seed="4,0,0,4,0,109" ten="168,296,286,250" oya="0" hai0="62,118,0,121,4,20,70,46,36,51,123,134,34" hai1="135,113,117,58,7,91,112,10,11,17,49,108,69" hai2="22,5,115,94,77,12,23,39,106,74,33,96,130" hai3="76,24,37,81,116,104,54,50,55,110,102,45,30"/><T71/><D118/><U125/><E108/><V114/><F39/><W18/><G110/><T83/><D34/><U79/><E69/><V64/><F33/><W97/><G37/><T131/><D36/><U95/><E117/><V14/><F106/><W89/><G116/><T88/><D131/><U40/><E135/><V82/><F130/><W21/><G89/><T80/><D134/><U93/><E125/><V72/><F64/><W133/><G133/><T92/><D121/><U111/><E111/><V41/><F41/><W63/><G63/><T107/><D107/><U47/><E79/><V105/><F105/><W90/><G90/><T60/><D123/><U100/><E58/><V84/><F72/><W129/><G129/><T32/><D32/><U67/><E67/><V68/><F68/><W27/><G50/><T61/><D71/><U119/><E119/><V26/><F74/><W101/><G101/><T52/><D70/><U13/><E100/><N who="2" m="60439" /><F22/><W78/><G45/><T2/><D20/><U38/><E38/><V6/><F5/><W122/><G122/><T53/><D53/><U42/><E42/><V73/><F73/><W126/><G126/><T28/><D28/><U103/><E103/><V8/><F14/><W99/><G99/><N who="0" m="57735" /><D4/><U43/><E43/><V9/><F8/><W19/><G30/><T59/><D59/><U124/><E124/><V127/><F127/><W65/><G55/><T25/><D25/><N who="3" m="9801" /><G21/><T87/><D87/><U85/><REACH who="1" step="1"/><E93/><REACH who="1" ten="168,286,286,250" step="2"/><V29/><F6/><W35/><G54/><T56/><D56/><U1/><AGARI ba="0,1" hai="1,7,10,11,13,17,40,47,49,85,91,95,112,113" machi="1" ten="30,8000,1" yaku="1,1,2,1,0,1,52,2,53,0" doraHai="109" doraHaiUra="75" who="1" fromWho="1" sc="168,-40,286,90,286,-20,250,-20" owari="128,-37.2,376,47.6,266,6.6,230,-17.0" /></mjloggm>