<mjloggm ver="2.3"><GO type="225" lobby="0"/><UN n0="%E6%9A%87%E4%BA%BA%EF%BC%A0%E9%85%8D%E4%BF%A1%E5%9E%A2" n1="%E3%81%82%E3%81%B9%E3%81%99%E3%81%91" n2="%E3%81%AF%E3%82%88%E3%81%8A%E3%81%98%E3%81%95%E3%82%93" n3="%77%72%77%72%77%72%77%72" dan="17,16,17,16" rate="2188.78,2100.31,2166.28,2140.53" sx="F,M,M,M"/><TAIKYOKU oya="0"/><INIT seed="0,0,0,5,5,37" ten="250,250,250,250" oya="0" hai0="54,68,67,99,3,90,19,132,9,108,77,87,14" hai1="16,17,125,49,76,93,128,10,88,41,102,129,83" hai2="130,72,39,73,40,116,11,124,96,21,8,119,100" hai3="2,38,23,32,51,28,30,98,111,33,63,113,60"/><T134/><D3/><U95/><E125/><V57/><F124/><W75/><G113/><T4/><D108/><U118/><E118/><N who="2" m="45099" /><F130/><N who="1" m="50281" /><E10/><N who="2" m="3627" /><F57/><W64/><G38/><T55/><D4/><U42/><E102/><V131/><F131/><W25/><G2/><T44/><D68/><U66/><E66/><V135/><F21/><W114/><G75/><N who="2" m="28745" /><F135/><N who="0" m="51754" /><D67/><U106/><E106/><V89/><F89/><W36/><G23/><T92/><D44/><U104/><E104/><V112/><F112/><W107/><G64/><T31/><D31/><U79/><E83/><AGARI ba="0,0" hai="9,14,19,54,55,77,83,87,90,92,99" m="51754" machi="83" ten="30,1500,0" yaku="20,1" doraHai="37" who="0" fromWho="1" sc="250,15,250,-15,250,0,250,0" /><INIT seed="0,1,0,2,5,14" ten="265,235,250,250" oya="0" hai0="134,6,31,67,123,75,107,98,7,70,95,76,41" hai1="60,90,3,0,69,100,88,52,84,33,128,87,130" hai2="10,119,66,1,97,57,99,30,108,127,65,39,68" hai3="50,126,32,51,44,116,74,38,27,101,55,79,129"/><T9/><D123/><U91/><E100/><V81/><F39/><W83/><G116/><T112/><D112/><U102/><E102/><V106/><F68/><W25/><G129/><N who="1" m="49770" /><E33/><V133/><F108/><W62/><G126/><T63/><D107/><U73/><E73/><V59/><F127/><W8/><G38/><T53/><D134/><U82/><E69/><V37/><F37/><W94/><G32/><T19/><D41/><U86/><E82/><V132/><F30/><W96/><G62/><T122/><D122/><U16/><E16/><V17/><F81/><W21/><G8/><T85/><D31/><U110/><E110/><V40/><F40/><W77/><G77/><T61/><D75/><U11/><E11/><V43/><F43/><W115/><G115/><T105/><D105/><U113/><E113/><V35/><F35/><W29/><G27/><T5/><D19/><U18/><E18/><V56/><F119/><W2/><G2/><T64/><D9/><U72/><E72/><V124/><F124/><W117/><G117/><T23/><D23/><U24/><E24/><V111/><F111/><W54/><REACH who="3" step="1"/><G44/><REACH who="3" ten="265,235,250,240" step="2"/><T78/><D78/><U28/><E28/><V135/><F1/><W42/><G42/><T46/><D76/><U12/><E12/><N who="2" m="7319" /><F106/><W131/><G131/><T109/><D109/><U47/><E60/><V15/><F15/><W13/><G13/><T20/><D63/><U104/><E104/><V45/><F45/><W103/><G103/><N who="0" m="60895" /><D64/><AGARI ba="1,1" hai="56,57,59,64,65,66,97,99,132,133,135" m="7319" machi="64" ten="40,2600,0" yaku="20,1,52,1" doraHai="14" who="2" fromWho="0" sc="265,-29,235,0,250,39,240,0" /><INIT seed="1,0,0,1,0,86" ten="236,235,289,240" oya="1" hai0="13,65,71,108,25,127,91,133,40,1,123,7,114" hai1="43,41,116,56,102,92,76,15,64,55,18,118,111" hai2="23,11,2,112,95,79,67,5,32,50,100,59,87" hai3="4,97,46,60,47,122,27,134,106,26,51,130,20"/><U84/><E111/><V30/><F32/><W85/><G122/><T72/><D114/><U34/><E34/><V78/><F112/><W70/><G130/><T14/><D72/><U73/><E73/><V57/><F57/><W113/><G113/><T48/><D108/><U38/><E64/><V129/><F129/><W53/><G134/><T45/><D133/><U128/><E128/><V28/><F28/><W61/><G4/><T8/><D123/><U44/><E43/><V90/><F100/><W107/><G70/><T101/><D127/><U89/><E76/><V3/><F3/><W6/><G6/><T117/><D117/><U16/><E102/><V120/><F120/><W83/><G107/><T125/><D125/><U0/><E18/><V22/><F22/><W81/><G97/><T99/><D25/><U82/><E82/><V17/><F30/><W36/><G106/><T52/><D40/><U63/><REACH who="1" step="1"/><E0/><REACH who="1" ten="236,225,289,240" step="2"/><V105/><F67/><W29/><G81/><T132/><D132/><U58/><E58/><V77/><F59/><W33/><G46/><T35/><D35/><U10/><AGARI ba="0,1" hai="10,15,16,38,41,44,55,56,63,84,89,92,116,118" machi="10" ten="20,18000,2" yaku="1,1,0,1,7,1,52,1,54,1,53,1" doraHai="86" doraHaiUra="39" who="1" fromWho="1" sc="236,-60,225,190,289,-60,240,-60" /><INIT seed="1,1,0,1,0,14" ten="176,415,229,180" oya="1" hai0="23,32,132,115,105,122,104,130,101,7,53,83,49" hai1="16,95,82,57,125,2,121,114,91,48,54,78,60" hai2="80,6,99,111,33,47,44,34,61,29,10,56,4" hai3="58,66,85,89,96,75,72,118,45,36,40,100,25"/><U71/><E114/><V87/><F111/><W59/><G118/><T109/><D115/><U88/><E2/><V42/><F99/><W28/><G59/><T20/><D32/><U90/><E121/><V133/><F133/><W39/><G39/><T18/><D109/><U86/><E125/><V65/><F29/><W3/><G3/><T98/><D132/><U12/><E71/><V113/><F113/><W26/><G26/><T68/><D68/><U93/><E60/><V94/><F94/><W55/><G66/><T52/><D122/><U128/><E128/><V79/><F44/><W129/><G129/><T9/><D130/><U77/><E77/><V1/><REACH who="2" step="1"/><F4/><REACH who="2" ten="176,415,219,180" step="2"/><W106/><G28/><T30/><D30/><U35/><E35/><V110/><F110/><W19/><G96/><T117/><D104/><U27/><E27/><V76/><F76/><W74/><G106/><T135/><D135/><U70/><E70/><V8/><F8/><AGARI ba="1,1" hai="8,12,16,48,54,57,78,82,86,88,90,91,93,95" machi="8" ten="40,12000,1" yaku="8,1,52,1,54,2" doraHai="14" who="1" fromWho="2" sc="176,0,415,133,219,-123,180,0" /><INIT seed="1,2,0,1,5,62" ten="176,548,96,180" oya="1" hai0="19,26,80,50,68,54,72,84,15,3,134,122,95" hai1="73,28,87,47,29,37,117,48,133,27,75,32,9" hai2="126,127,118,99,85,116,35,14,92,46,40,76,1" hai3="86,30,96,91,31,2,90,59,38,94,60,103,34"/><U98/><E117/><V88/><F1/><W53/><G38/><T102/><D3/><U55/><E37/><V69/><F35/><W81/><G2/><T135/><D122/><U17/><E29/><V121/><F69/><W4/><G4/><T110/><D68/><U61/><E61/><V42/><F14/><W57/><G34/><T63/><D110/><U130/><E133/><V129/><F40/><W52/><REACH who="3" step="1"/><G103/><REACH who="3" ten="176,548,96,170" step="2"/><T109/><D102/><U21/><E32/><V5/><F5/><W65/><G65/><T0/><D0/><U56/><E130/><V108/><F129/><W70/><G70/><T113/><D134/><U128/><E128/><V83/><F121/><W49/><AGARI ba="2,1" hai="30,31,49,52,53,57,59,60,81,86,90,91,94,96" machi="49" ten="20,8000,1" yaku="1,1,0,1,7,1,8,1,54,1,53,0" doraHai="62" doraHaiUra="22" who="3" fromWho="3" sc="176,-22,548,-42,96,-22,170,96" /><INIT seed="2,0,0,2,4,45" ten="154,506,74,266" oya="2" hai0="120,24,56,52,80,58,123,48,84,74,49,133,113" hai1="64,91,129,38,83,103,105,7,131,2,106,85,11" hai2="114,47,69,101,82,100,39,59,107,8,117,55,18" hai3="44,36,110,125,89,61,33,63,25,90,30,86,79"/><V34/><F117/><W130/><G110/><T3/><D113/><U95/><E38/><V57/><F114/><W111/><G111/><T6/><D74/><U20/><E64/><V12/><F69/><W99/><G130/><N who="1" m="49674" /><E20/><V40/><F34/><W21/><G125/><T77/><D133/><U19/><E19/><V46/><F46/><W62/><G33/><T92/><D92/><U135/><E135/><V68/><F68/><W70/><G70/><T112/><D112/><U60/><E60/><V81/><F57/><W28/><G79/><T71/><D71/><U72/><E72/><V29/><F29/><W22/><G99/><AGARI ba="0,0" hai="2,7,11,83,85,91,95,99,103,105,106" m="49674" machi="99" ten="30,1000,0" yaku="19,1" doraHai="45" who="1" fromWho="3" sc="154,0,506,10,74,0,266,-10" /><INIT seed="3,0,0,3,3,132" ten="154,516,74,256" oya="3" hai0="96,79,50,65,75,47,91,77,131,46,123,115,69" hai1="128,74,9,93,12,133,94,104,7,13,98,30,43" hai2="101,129,51,8,56,116,0,59,22,92,41,5,42" hai3="49,130,17,82,64,106,52,60,38,29,80,118,72"/><W110/><G118/><T25/><D123/><U68/><E30/><V67/><F129/><W3/><G38/><T103/><D131/><U87/><E68/><V108/><F108/><W81/><G130/><T109/><D109/><U63/><E63/><V71/><F116/><W117/><G117/><T15/><D91/><U16/><E43/><V126/><F71/><W20/><G106/><T26/><D15/><U134/><E74/><V6/><F6/><W34/><G3/><T86/><D75/><U78/><E128/><V54/><F22/><W45/><G110/><T107/><D115/><U19/><E13/><V24/><F24/><W76/><G29/><T14/><D14/><U35/><E35/><V23/><F23/><W66/><G66/><T28/><D47/><U4/><E4/><V1/><F1/><W18/><G34/><N who="0" m="20751" /><D86/><U114/><E114/><V124/><F92/><W2/><G2/><T84/><D84/><U53/><E87/><V120/><F101/><W21/><G21/><T36/><D26/><U44/><E78/><V70/><F70/><W102/><G102/><T32/><D36/><U61/><E104/><V57/><F120/><W105/><G105/><T40/><D32/><U39/><E39/><V125/><F67/><W37/><G37/><T88/><D65/><U48/><E61/><V119/><F119/><W10/><G10/><T83/><D69/><U11/><E11/><V27/><F27/><W58/><REACH who="3" step="1"/><G20/><REACH who="3" ten="154,516,74,246" step="2"/><T90/><D107/><U85/><E9/><V89/><F89/><W111/><G111/><T112/><D103/><U31/><E31/><RYUUKYOKU ba="0,1" sc="154,-15,516,-15,74,15,246,15" hai2="0,5,8,41,42,51,54,56,57,59,124,125,126" hai3="17,18,45,49,52,58,60,64,72,76,80,81,82" /><INIT seed="3,1,1,5,5,33" ten="139,501,89,261" oya="3" hai0="115,134,54,39,123,9,14,29,48,124,8,129,45" hai1="49,118,21,103,10,121,82,66,133,95,102,44,87" hai2="5,41,34,15,68,63,128,125,75,31,35,131,117" hai3="76,120,135,30,18,74,20,40,16,65,88,59,119"/><W23/><G119/><T42/><D123/><U109/><E109/><V17/><F75/><W92/><G120/><T85/><D129/><N who="2" m="49738" /><F63/><N who="3" m="38143" /><G74/><T80/><D134/><U104/><E21/><N who="3" m="8266" /><G135/><T43/><D124/><U96/><E10/><N who="2" m="6391" /><F41/><W91/><G40/><T36/><D115/><U3/><E104/><V100/><F100/><W13/><G76/><T126/><D126/><U70/><E3/><V79/><F79/><W57/><G30/><T113/><D113/><U58/><E70/><V69/><F69/><W73/><G73/><T64/><D39/><U38/><E38/><V32/><F68/><W1/><G1/><T130/><D130/><U61/><E121/><V52/><F52/><W72/><G72/><T101/><D64/><U67/><E67/><V77/><F77/><W62/><G13/><T86/><D36/><U81/><E118/><V7/><F125/><W4/><G4/><N who="2" m="1609" /><F117/><W132/><G132/><T60/><D101/><U55/><E103/><V93/><F93/><W84/><G91/><T97/><D43/><N who="1" m="24735" /><E133/><V27/><AGARI ba="1,1" hai="27,31,32,34,35" m="1609,6391,49738" machi="27" ten="30,4000,0" yaku="19,1,34,2" doraHai="33" who="2" fromWho="2" sc="139,-11,501,-11,89,53,261,-21" owari="128,-37.2,490,59.0,142,-25.8,240,4.0" /></mjloggm>