<mjloggm ver="2.3"><GO type="225" lobby="0"/><UN n0="%E6%97%A5%E6%9B%9C%E6%97%A5%E3%82%88%E3%82%8A%E3%81%AE%E4%BD%BF%E8%80%85" n1="%E5%AF%82%E5%AF%9E%E3%82%AE%E3%83%8D%E3%82%B9%E3%83%93%E3%83%BC%E3%83%AB" n2="%E9%A2%A8%E3%81%A7%E9%B3%B4%E3%81%8F" n3="%E3%82%B8%E3%83%A3%E3%83%9E%E3%83%BC%E3%83%AB%E3%83%9E%E3%83%AC%E3%83%BC" dan="18,16,16,17" rate="2166.41,2180.31,2153.40,2195.77" sx="M,M,M,M"/><TAIKYOKU oya="0"/><INIT seed="0,0,0,2,5,102" ten="250,250,250,250" oya="0" hai0="86,97,120,71,34,87,122,79,75,41,88,103,43" hai1="114,30,29,106,42,14,53,93,101,5,104,38,58" hai2="98,20,48,73,89,124,80,119,35,31,77,125,123" hai3="56,12,105,100,47,40,15,1,130,16,111,108,51"/><T133/><D71/><U4/><E114/><V74/><F123/><N who="0" m="47146" /><D43/><U22/><E38/><V110/><F35/><W113/><G113/><T81/><D41/><U78/><E78/><V83/><F119/><W28/><G1/><T67/><D67/><U109/><E42/><V72/><F110/><N who="3" m="42027" /><G130/><T37/><D37/><U7/><E109/><V23/><F48/><W8/><G12/><T39/><D39/><U61/><E14/><V92/><F31/><W6/><G28/><T135/><D34/><U52/><E53/><V18/><F23/><W55/><G6/><T127/><D127/><U118/><E118/><V45/><F45/><W2/><G2/><T54/><D54/><U107/><REACH who="1" step="1"/><E22/><REACH who="1" ten="250,240,250,250" step="2"/><V49/><F77/><W36/><G100/><T64/><D64/><U24/><E24/><V66/><F66/><W3/><G3/><T84/><D88/><U21/><E21/><V13/><REACH who="2" step="1"/><F49/><REACH who="2" ten="250,240,240,250" step="2"/><W112/><G112/><T99/><D103/><U70/><E70/><V25/><F25/><W50/><G36/><T9/><D9/><U60/><E60/><V117/><F117/><W91/><G91/><T131/><D131/><U96/><AGARI ba="0,2" hai="4,5,7,29,30,52,58,61,93,96,101,104,106,107" machi="96" ten="40,12000,2" yaku="1,1,0,1,52,3,54,1,53,0" doraHai="102" doraHaiUra="121" who="1" fromWho="1" sc="250,-60,240,140,240,-30,250,-30" /><INIT seed="1,0,0,2,3,133" ten="190,380,210,220" oya="1" hai0="20,84,44,38,88,121,1,69,129,111,85,79,34" hai1="13,16,102,3,103,123,36,67,107,49,73,32,115" hai2="65,131,28,53,112,7,56,23,106,63,35,101,104" hai3="74,135,127,48,114,109,72,68,31,98,92,70,117"/><U89/><E36/><V40/><F131/><W50/><G114/><T54/><D34/><U24/><E3/><V97/><F112/><W60/><G135/><T122/><D69/><U29/><E123/><N who="0" m="47113" /><D1/><U82/><E115/><V77/><F7/><W128/><G128/><T14/><D129/><U19/><E67/><V105/><F77/><W90/><G109/><T9/><D20/><U25/><E107/><V100/><F100/><W55/><G31/><T30/><D30/><U37/><E37/><V4/><F4/><W41/><G117/><T11/><D111/><U126/><E24/><V57/><F40/><W96/><G41/><N who="0" m="22583" /><D54/><U51/><E19/><V119/><F119/><W91/><G55/><T134/><D134/><U52/><E49/><V0/><F0/><W76/><G60/><T39/><D39/><U94/><E82/><V27/><F35/><W99/><G48/><AGARI ba="0,0" hai="23,27,28,48,53,56,57,63,65,97,101,104,105,106" machi="48" ten="30,1000,0" yaku="7,1" doraHai="133" who="2" fromWho="3" sc="190,0,380,0,210,10,220,-10" /><INIT seed="2,0,0,3,0,35" ten="190,380,220,210" oya="2" hai0="111,104,69,117,24,33,110,85,107,94,38,96,67" hai1="31,2,17,75,131,130,92,32,108,73,81,112,123" hai2="98,100,133,42,46,27,74,134,44,93,16,77,23" hai3="119,26,103,89,19,86,41,80,124,106,122,63,102"/><V14/><F46/><W66/><G119/><T48/><D38/><U118/><E112/><V34/><F77/><W52/><G122/><T20/><D33/><U15/><E2/><V36/><F74/><W10/><G106/><T22/><D85/><U71/><E71/><V21/><REACH who="2" step="1"/><F34/><REACH who="2" ten="190,380,210,210" step="2"/><W11/><G41/><T65/><D117/><U13/><E75/><V128/><F128/><W49/><G124/><T8/><D111/><U54/><E108/><V109/><F109/><W97/><G103/><T113/><D110/><U5/><E32/><V56/><F56/><W9/><G102/><T115/><D115/><U101/><E101/><V60/><F60/><W121/><G63/><T7/><D113/><U29/><E118/><V50/><F50/><W37/><G49/><T91/><D48/><U127/><E73/><V3/><F3/><W47/><G47/><T18/><D69/><U83/><E127/><V105/><F105/><W88/><G37/><T114/><D114/><U45/><E45/><V72/><F72/><W68/><G68/><T1/><REACH who="0" step="1"/><D22/><REACH who="0" ten="180,380,210,210" step="2"/><U51/><E131/><V40/><F40/><W129/><G129/><T4/><D4/><U82/><E130/><V55/><F55/><W62/><G52/><T30/><D30/><AGARI ba="0,2" hai="14,16,21,23,27,30,36,42,44,93,98,100,133,134" machi="30" ten="40,3900,0" yaku="1,1,54,1,53,0" doraHai="35" doraHaiUra="116" who="2" fromWho="0" sc="180,-39,380,0,210,59,210,0" /><INIT seed="2,1,0,4,4,75" ten="141,380,269,210" oya="2" hai0="28,85,27,3,66,101,39,42,64,50,98,96,79" hai1="115,52,34,116,73,8,45,106,25,133,93,107,99" hai2="49,134,12,7,53,122,30,126,131,35,33,94,114" hai3="20,10,58,62,68,90,31,13,104,61,4,88,105"/><V97/><F122/><W132/><G132/><T83/><D3/><U124/><E133/><V80/><F114/><W9/><G68/><T120/><D120/><U127/><E73/><V37/><F37/><W19/><G62/><T82/><D39/><U48/><E8/><V26/><F134/><W72/><G72/><T118/><D118/><U43/><E116/><V125/><F35/><W112/><G112/><T15/><D15/><U77/><E77/><V22/><F80/><W128/><G128/><T135/><D135/><U109/><E43/><V117/><F131/><W108/><G108/><T113/><D113/><U102/><E109/><V84/><F84/><W18/><G31/><T100/><D100/><U0/><E0/><V29/><F29/><W86/><G90/><T74/><D50/><U65/><E65/><V95/><F117/><W23/><G105/><T16/><D42/><U24/><E115/><V1/><F97/><W71/><G104/><N who="1" m="39978" /><E34/><V110/><F110/><W70/><G70/><T11/><D28/><U111/><E111/><V89/><F89/><W38/><G71/><T2/><D2/><U46/><E46/><V51/><F51/><W41/><G41/><T5/><D5/><U56/><E45/><N who="2" m="27823" /><F1/><W54/><G38/><T92/><D98/><U69/><E69/><V103/><F103/><W129/><G129/><T6/><D6/><U14/><E14/><V36/><F36/><W63/><G4/><T91/><REACH who="0" step="1"/><D11/><REACH who="0" ten="131,380,269,210" step="2"/><U59/><E102/><V44/><F7/><W32/><G9/><T76/><D76/><U78/><E99/><V17/><F44/><RYUUKYOKU ba="1,1" sc="131,15,380,-15,269,15,210,-15" hai0="16,27,64,66,74,79,82,83,85,91,92,96,101" hai2="12,17,22,26,30,33,94,95,125,126" /><INIT seed="2,2,1,1,0,3" ten="146,365,284,195" oya="2" hai0="96,65,130,77,91,107,36,120,103,94,18,72,47" hai1="19,4,90,124,42,115,75,118,21,28,51,93,58" hai2="60,9,48,40,132,0,29,35,129,116,67,121,57" hai3="27,97,101,102,41,25,85,53,86,45,126,114,92"/><V39/><F116/><W88/><G126/><T104/><D65/><U12/><E75/><V52/><F121/><W10/><G114/><T68/><D68/><U112/><E118/><V13/><F0/><W38/><G53/><T80/><D120/><U66/><E124/><V30/><F35/><W32/><G10/><T78/><D36/><U15/><E28/><V84/><F132/><W98/><G32/><T74/><D47/><U119/><E119/><V71/><F129/><W2/><G2/><T33/><D33/><U8/><E42/><V127/><F127/><W69/><G69/><T108/><D18/><U1/><E1/><V20/><F20/><W76/><G76/><N who="0" m="29291" /><D130/><U49/><E115/><V59/><F84/><W82/><REACH who="3" step="1"/><G86/><REACH who="3" ten="146,365,284,185" step="2"/><N who="0" m="50631" /><D108/><U23/><E112/><V79/><F79/><W5/><G5/><T99/><D107/><AGARI ba="2,2" hai="25,27,38,41,45,82,85,88,92,97,98,101,102,107" machi="107" ten="30,3900,0" yaku="1,1,7,1,54,1,53,0" doraHai="3" doraHaiUra="55" who="3" fromWho="0" sc="146,-45,365,0,284,0,185,65" /><INIT seed="3,0,0,5,0,99" ten="101,365,284,250" oya="3" hai0="84,13,67,66,87,73,16,78,109,14,124,131,83" hai1="61,97,74,79,117,47,19,15,77,123,33,132,42" hai2="54,44,133,115,30,135,72,125,90,43,18,93,94" hai3="68,85,130,69,65,11,35,0,80,38,26,31,106"/><W112/><G112/><T32/><D109/><U29/><E123/><V92/><F72/><W102/><G130/><T86/><D131/><U3/><E3/><V7/><F115/><W118/><G118/><T134/><D134/><N who="2" m="51210" /><F125/><W75/><G85/><T6/><D124/><U71/><E15/><V108/><F108/><W58/><G58/><T88/><D32/><U60/><E19/><V119/><F7/><N who="3" m="1511" /><G38/><T103/><D73/><U101/><E97/><V41/><F30/><W122/><G122/><T107/><D86/><U70/><E60/><V126/><F119/><W27/><G27/><T82/><D6/><U49/><E61/><V89/><F126/><W121/><G65/><T53/><D14/><U128/><E117/><V48/><F18/><W9/><G9/><T114/><D114/><U21/><E74/><V4/><F4/><W10/><G10/><T34/><D34/><U59/><E33/><V62/><F41/><W64/><G64/><T100/><D53/><U8/><E59/><AGARI ba="0,0" hai="43,44,48,54,59,62,89,90,92,93,94" m="51210" machi="59" ten="30,1000,0" yaku="20,1" doraHai="99" who="2" fromWho="1" sc="101,0,365,-10,284,10,250,0" owari="101,-39.9,355,45.5,294,9.4,250,-15.0" /></mjloggm>