<mjloggm ver="2.3"><GO type="225" lobby="0"/><UN n0="%E4%B8%AD%E5%B9%B4%E3%81%AE%E5%8D%B1%E6%A9%9F" n1="%E3%81%A1%E3%82%85%E3%81%86%E3%81%A9%E3%81%8F%E8%B1%A1%E3%81%95%E3%82%93" n2="%E3%81%B7%E3%82%8A%E3%82%93%E8%81%96%E4%BA%BA" n3="%E7%B4%94%E6%BD%94%E3%83%94%E3%83%A9%E3%83%8B%E3%82%A2" dan="16,16,16,16" rate="2132.24,2091.63,2081.72,2103.11" sx="M,M,M,M"/><TAIKYOKU oya="0"/><INIT seed="0,0,0,2,4,68" ten="250,250,250,250" oya="0" hai0="112,103,70,58,6,37,13,106,30,9,86,134,23" hai1="113,39,117,24,46,19,20,93,135,91,78,84,26" hai2="80,100,99,132,74,116,51,118,2,129,36,60,66" hai3="48,52,38,109,120,92,25,127,89,47,122,43,10"/><T128/><D70/><U85/><E117/><N who="2" m="45163" /><F2/><W97/><G109/><T34/><D112/><U82/><E113/><V115/><F115/><W7/><G25/><N who="0" m="18767" /><D86/><U81/><E135/><V62/><F132/><W4/><G127/><T40/><D58/><U98/><E24/><V50/><F60/><W72/><G72/><T73/><D73/><U77/><REACH who="1" step="1"/><E46/><REACH who="1" ten="250,240,250,250" step="2"/><V65/><F129/><W22/><G122/><T14/><D134/><U42/><E42/><V3/><F3/><W96/><G120/><T45/><D128/><U133/><E133/><V53/><F66/><W18/><G47/><T94/><D14/><U88/><E88/><V105/><F53/><W104/><G52/><T21/><D103/><U130/><E130/><V1/><F1/><W41/><G89/><T33/><D45/><U76/><E76/><N who="2" m="44055" /><F36/><AGARI ba="0,1" hai="19,20,26,36,39,77,78,81,82,84,85,91,93,98" machi="36" ten="40,8000,1" yaku="1,1,9,1,52,2,53,0" doraHai="68" doraHaiUra="114" who="1" fromWho="2" sc="250,0,240,90,250,-80,250,0" /><INIT seed="1,0,0,2,0,24" ten="250,330,170,250" oya="1" hai0="107,89,30,99,47,82,8,58,13,122,100,31,28" hai1="115,121,90,22,11,118,44,59,68,75,117,37,12" hai2="36,108,10,94,111,125,110,87,18,112,88,33,6" hai3="104,134,66,76,105,15,106,86,53,14,98,40,51"/><U101/><E121/><V54/><F36/><W114/><G114/><T61/><D122/><U135/><E115/><V127/><F112/><W43/><G66/><T132/><D132/><U4/><E68/><V63/><F18/><W16/><G98/><T9/><D47/><U29/><E75/><V96/><F33/><W78/><G134/><T57/><D9/><U79/><E135/><V80/><F54/><W52/><G15/><T120/><D120/><U95/><E101/><V129/><F63/><W17/><G17/><T55/><D57/><U93/><E79/><V1/><REACH who="2" step="1"/><F129/><REACH who="2" ten="250,330,160,250" step="2"/><W21/><G53/><T71/><D71/><U126/><E126/><V133/><F133/><W39/><G39/><T48/><D61/><U32/><E32/><V123/><F123/><W20/><G20/><T56/><D56/><U50/><E37/><V102/><AGARI ba="0,1" hai="1,6,10,80,87,88,94,96,102,108,110,111,125,127" machi="102" ten="40,8000,1" yaku="1,1,0,1,14,1,54,1,53,0" doraHai="24" doraHaiUra="26" who="2" fromWho="2" sc="250,-20,330,-40,160,90,250,-20" /><INIT seed="2,0,0,3,2,131" ten="230,290,250,230" oya="2" hai0="39,97,89,28,59,126,45,72,13,108,75,52,49" hai1="70,119,48,56,17,105,92,51,88,65,1,122,121" hai2="42,43,79,20,54,116,23,76,47,112,93,4,25" hai3="103,120,26,128,61,123,81,27,95,53,106,107,3"/><V91/><F112/><W85/><G3/><T98/><D108/><U40/><E119/><V58/><F4/><W124/><G128/><T117/><D117/><U90/><E105/><V35/><F35/><W62/><G95/><T60/><D126/><U34/><E34/><V33/><F33/><W125/><G103/><T24/><D39/><U83/><E1/><V110/><F20/><W101/><G101/><T57/><D57/><U12/><E70/><V29/><F110/><W10/><G53/><T66/><D13/><U82/><E40/><V86/><F116/><W132/><G85/><T63/><D63/><N who="1" m="38119" /><E90/><V100/><F100/><W130/><G130/><T64/><D64/><U84/><E82/><V6/><F6/><W73/><G81/><T37/><D37/><U5/><E5/><V104/><F104/><W78/><G78/><N who="2" m="29737" /><F47/><W30/><G73/><T36/><D36/><U38/><E38/><V102/><F102/><W87/><G87/><T133/><D133/><U115/><E83/><V113/><F113/><W31/><G10/><T99/><REACH who="0" step="1"/><D89/><REACH who="0" ten="220,290,250,230" step="2"/><U14/><E115/><V71/><F71/><W68/><G68/><T69/><D69/><U67/><E67/><V134/><F134/><AGARI ba="0,1" hai="26,27,30,31,61,62,106,107,120,123,124,125,132,134" machi="134" ten="25,6400,0" yaku="22,2,52,2" doraHai="131" who="3" fromWho="2" sc="220,0,290,0,250,-64,230,74" /><INIT seed="3,0,0,4,1,14" ten="220,290,186,304" oya="3" hai0="125,84,30,91,45,76,9,118,31,68,124,74,55" hai1="116,101,7,24,92,11,122,43,44,115,90,95,98" hai2="51,54,63,88,2,34,65,80,25,15,60,35,104" hai3="126,87,6,123,18,26,17,59,41,119,16,29,5"/><W58/><G119/><T61/><D118/><U38/><E116/><V109/><F2/><W128/><G123/><T79/><D9/><U3/><E122/><V105/><F109/><W83/><G41/><T42/><D74/><U46/><E46/><V50/><F50/><W21/><G126/><N who="0" m="48747" /><D31/><U77/><E77/><V0/><F0/><W97/><G97/><T52/><D30/><U37/><E24/><V20/><F104/><W78/><G128/><T134/><D134/><U113/><E37/><V121/><F105/><W111/><G111/><T53/><D68/><U132/><E132/><V131/><F131/><W8/><G8/><T49/><D61/><U32/><E32/><V28/><F121/><W67/><G67/><T69/><D69/><U120/><E120/><V81/><F81/><AGARI ba="0,0" hai="42,45,49,52,53,55,76,79,81,84,91" m="48747" machi="81" ten="30,2000,0" yaku="18,1,54,1" doraHai="14" who="0" fromWho="2" sc="220,20,290,0,186,-20,304,0" owari="240,-16.0,290,9.0,166,-33.4,304,40.4" /></mjloggm>