<mjloggm ver="2.3"><GO type="225" lobby="0"/><UN n0="%E7%AD%89%E3%80%85%E5%8A%9B%E5%8A%87%E5%A0%B4" n1="%6D%75%75%6D%75%72%61" n2="%E3%81%99%E3%81%84%E3%81%BE%E3%81%9B%E3%83%BC%E3%82%93" n3="%6E%69%63%6B%6C%6F%77" dan="16,16,16,16" rate="2136.03,2138.02,2118.00,2112.88" sx="M,F,M,F"/><TAIKYOKU oya="0"/><INIT seed="0,0,0,4,4,41" ten="250,250,250,250" oya="0" hai0="6,4,5,75,73,3,18,23,15,107,92,128,134" hai1="60,70,25,28,77,88,87,19,51,93,133,40,122" hai2="101,131,69,59,100,109,108,80,37,124,26,66,39" hai3="36,79,21,11,46,52,130,67,0,71,38,94,115"/><T110/><D107/><U35/><E122/><V76/><F124/><W83/><G115/><T48/><D3/><U65/><E133/><V63/><F131/><W12/><G130/><T125/><D128/><U114/><E114/><V20/><F69/><W95/><G71/><T64/><D125/><U68/><E68/><V22/><F101/><W42/><G36/><N who="2" m="13897" /><F26/><W53/><G67/><T49/><D64/><U129/><E129/><V82/><F100/><W72/><G21/><N who="2" m="8297" /><F76/><W112/><G112/><T33/><D33/><U111/><E111/><AGARI ba="0,0" hai="59,63,66,80,82,108,109,111" m="8297,13897" machi="111" ten="30,1000,0" yaku="14,1" doraHai="41" who="2" fromWho="1" sc="250,0,250,-10,250,10,250,0" /><INIT seed="1,0,0,0,2,119" ten="250,240,260,250" oya="1" hai0="6,115,131,105,60,23,43,79,65,20,28,96,15" hai1="38,68,12,7,86,110,53,109,90,82,40,9,59" hai2="92,63,125,103,5,118,95,94,101,4,27,41,49" hai3="22,1,104,112,0,61,44,116,50,73,83,70,55"/><U132/><E68/><V18/><F118/><W31/><G112/><T72/><D115/><U19/><E132/><V17/><F125/><W93/><G104/><T114/><D114/><U97/><E38/><V124/><F124/><W11/><G116/><T85/><D72/><U113/><E113/><V87/><F87/><W75/><G93/><T2/><D2/><U47/><E97/><V98/><F63/><W46/><G46/><T74/><D74/><U122/><E122/><V26/><F49/><W121/><G121/><T130/><D43/><U100/><E100/><N who="2" m="38475" /><F41/><W135/><G73/><T8/><D96/><U14/><E40/><V54/><F54/><W33/><G33/><T35/><D105/><U123/><E123/><V16/><F98/><W34/><G11/><T57/><D35/><U111/><E47/><V84/><F84/><W71/><G34/><T62/><D62/><N who="1" m="36207" /><E19/><V99/><F99/><W45/><G45/><T32/><D32/><U107/><E107/><V133/><F133/><W126/><G126/><T29/><D29/><U52/><E52/><V48/><F48/><W89/><G75/><T128/><D28/><U42/><E42/><V80/><F80/><AGARI ba="0,0" hai="6,8,15,20,23,57,60,65,79,80,85,128,130,131" machi="80" ten="40,1300,0" yaku="19,1" doraHai="119" who="0" fromWho="2" sc="250,13,240,0,260,-13,250,0" /><INIT seed="2,0,0,1,1,104" ten="263,240,247,250" oya="2" hai0="79,63,131,43,129,66,51,4,16,83,117,49,48" hai1="105,8,17,103,87,21,114,71,50,73,31,70,121" hai2="107,77,68,125,20,24,98,82,38,108,7,122,37" hai3="130,57,72,25,11,5,1,134,113,61,13,119,3"/><V85/><F122/><W96/><G119/><T64/><D4/><U124/><E121/><V67/><F125/><W102/><G130/><N who="0" m="49675" /><D117/><U44/><E114/><V76/><F108/><W90/><G113/><T78/><D43/><U56/><E124/><V135/><F135/><W88/><G134/><T30/><D30/><U118/><E118/><V34/><F34/><W128/><G72/><N who="0" m="43463" /><D79/><U80/><E31/><V93/><F107/><W100/><G25/><T127/><D127/><U110/><E110/><V120/><F77/><W6/><G128/><T32/><D32/><U0/><E73/><V123/><F7/><W74/><G74/><T12/><D63/><U42/><E8/><AGARI ba="0,0" hai="8,12,16,48,49,51,64,66" m="43463,49675" machi="8" ten="30,3900,0" yaku="19,1,52,1,54,1" doraHai="104" who="0" fromWho="1" sc="263,39,240,-39,247,0,250,0" /><INIT seed="3,0,0,3,1,101" ten="302,201,247,250" oya="3" hai0="106,35,19,129,57,21,98,2,102,104,83,9,116" hai1="11,14,76,43,37,77,58,27,91,62,24,42,85" hai2="12,105,92,82,103,59,52,13,90,61,79,88,54" hai3="87,99,41,96,6,117,113,18,15,135,66,68,81"/><W8/><G113/><T119/><D35/><U39/><E39/><V94/><F105/><W124/><G117/><T3/><D106/><U93/><E37/><V123/><F123/><W64/><G124/><T111/><D111/><U84/><E43/><V1/><F1/><W69/><G135/><T118/><D129/><U80/><E42/><V114/><F114/><W63/><G41/><T20/><D20/><U125/><E77/><V55/><F103/><W74/><G74/><T25/><D9/><U38/><E38/><V127/><F127/><W128/><G128/><T26/><D26/><U120/><E120/><V51/><F79/><W71/><G18/><T108/><D108/><U45/><E45/><N who="2" m="27759" /><F55/><W121/><G121/><T0/><D57/><U78/><E78/><V47/><F82/><W67/><REACH who="3" step="1"/><G63/><REACH who="3" ten="302,201,247,240" step="2"/><T107/><D119/><U4/><REACH who="1" step="1"/><E125/><REACH who="1" ten="302,191,247,240" step="2"/><V86/><F47/><W32/><G32/><T132/><D118/><U109/><E109/><V49/><F61/><W23/><G23/><T29/><D116/><U112/><E112/><V28/><F49/><W122/><G122/><T46/><D21/><U22/><E22/><V44/><F44/><W115/><G115/><T126/><D46/><U131/><E131/><V10/><F10/><W130/><G130/><T56/><D126/><U70/><E70/><V40/><F40/><W36/><G36/><T60/><D60/><U72/><E72/><V17/><F54/><AGARI ba="0,2" hai="4,11,14,24,27,54,58,62,76,80,84,85,91,93" machi="54" ten="30,7700,0" yaku="1,1,7,1,8,1,53,1" doraHai="101" doraHaiUra="73" who="1" fromWho="2" sc="302,0,191,97,247,-77,240,0" owari="302,40.2,288,8.8,170,-33.0,240,-16.0" /></mjloggm>