<mjloggm ver="2.3"><GO type="225" lobby="0"/><UN n0="%E3%81%A9%E3%82%8F%E3%82%93%E3%81%94" n1="%E7%AD%89%E3%80%85%E5%8A%9B%E5%8A%87%E5%A0%B4" n2="%28%EF%BF%A3%E2%96%BD%EF%BF%A3%29%CE%B4%E2%8C%92%E3%83%BB" n3="%E5%AF%82%E5%AF%9E%E3%82%AE%E3%83%8D%E3%82%B9%E3%83%93%E3%83%BC%E3%83%AB" dan="16,16,16,16" rate="2133.49,2126.96,2119.80,2128.75" sx="M,M,M,M"/><TAIKYOKU oya="0"/><INIT seed="0,0,0,2,1,133" ten="250,250,250,250" oya="0" hai0="12,77,32,13,7,104,116,81,44,102,126,111,74" hai1="36,15,70,14,59,53,45,56,134,8,113,107,108" hai2="30,129,123,2,9,37,79,42,67,115,40,89,41" hai3="6,23,88,57,26,35,3,52,51,92,84,66,82"/><T105/><D116/><U127/><E107/><V73/><F115/><W1/><G35/><T106/><D32/><U97/><E70/><V11/><F30/><W39/><G39/><T25/><D25/><U85/><E134/><V50/><F37/><W93/><G66/><T135/><D135/><U10/><E97/><V131/><F2/><W110/><G110/><T96/><D111/><U128/><E108/><V4/><F4/><W76/><G6/><T124/><D44/><U118/><E118/><V125/><F67/><W80/><G93/><N who="0" m="58639" /><D7/><U47/><E36/><V19/><F123/><W20/><G82/><T87/><D74/><U78/><E53/><V112/><F112/><W34/><G34/><T0/><D0/><U132/><E132/><V83/><F50/><W31/><REACH who="3" step="1"/><G23/><REACH who="3" ten="250,250,250,240" step="2"/><T130/><D130/><U121/><E128/><V90/><F131/><W22/><G22/><T58/><D58/><U5/><E56/><V71/><F129/><W60/><G60/><T18/><D18/><U65/><E59/><V33/><F33/><W101/><G101/><T117/><D117/><U61/><E61/><V91/><F71/><W54/><G54/><T109/><D109/><U24/><E65/><V103/><F103/><W48/><G48/><T29/><D29/><U122/><E5/><V43/><F19/><W69/><G69/><T21/><D21/><U119/><E119/><V94/><N who="2" m="10240" /><DORA hai="95" /><V46/><F46/><W86/><AGARI ba="0,1" hai="1,3,20,26,31,51,52,57,76,80,84,86,88,92" machi="86" ten="20,12000,2" yaku="1,1,0,1,7,1,54,2,53,2" doraHai="133,95" doraHaiUra="27,49" who="3" fromWho="3" sc="250,-60,250,-30,250,-30,240,130" /><INIT seed="1,0,0,5,1,123" ten="190,220,220,370" oya="1" hai0="20,56,113,90,127,96,93,73,29,91,63,6,85" hai1="30,107,102,114,64,106,111,118,82,94,52,12,88" hai2="133,69,135,74,53,110,41,57,125,77,13,35,112" hai3="7,32,61,134,68,84,9,40,38,80,67,34,47"/><U27/><E114/><V17/><F35/><W81/><G134/><T8/><D127/><U101/><E118/><V33/><F33/><W1/><REACH who="3" step="1"/><G80/><REACH who="3" ten="190,220,220,360" step="2"/><T95/><D113/><U99/><E82/><V75/><F112/><W26/><G26/><N who="0" m="16583" /><D73/><U119/><E119/><V115/><F75/><W10/><G10/><T92/><D8/><U50/><E27/><V108/><F115/><W117/><G117/><T97/><D6/><U104/><E30/><V49/><F74/><W98/><G98/><N who="0" m="37995" /><D85/><U48/><E107/><V44/><F133/><W22/><G22/><T39/><D39/><U15/><E99/><V54/><F135/><W103/><G103/><T58/><D58/><U66/><E94/><V19/><F57/><W0/><G0/><T79/><D79/><AGARI ba="0,1" hai="1,7,9,32,34,38,40,47,61,67,68,79,81,84" machi="79" ten="30,2000,0" yaku="1,1,7,1,53,0" doraHai="123" doraHaiUra="45" who="3" fromWho="0" sc="190,-20,220,0,220,0,360,30" /><INIT seed="2,0,0,1,2,92" ten="170,220,220,390" oya="2" hai0="50,128,123,112,11,1,3,94,52,106,89,19,70" hai1="97,2,23,17,117,127,90,58,28,133,67,98,78" hai2="110,118,32,114,130,91,84,57,45,62,101,47,40" hai3="39,132,54,68,35,48,36,55,109,10,12,9,43"/><V22/><F32/><W0/><G68/><T113/><D123/><U99/><E117/><V46/><F118/><W126/><G35/><T122/><D122/><U107/><E2/><V8/><F114/><W81/><G109/><T116/><D70/><U18/><E107/><V69/><F69/><W65/><G65/><T41/><D106/><U14/><E133/><V27/><F8/><W76/><G126/><T53/><D116/><U74/><E127/><V105/><F130/><W29/><G29/><T15/><D128/><U37/><E37/><V60/><F110/><W31/><G31/><T111/><D111/><U124/><E124/><V75/><F75/><W121/><G54/><T56/><D41/><U64/><E28/><V63/><F101/><W119/><G43/><T44/><D113/><U129/><E129/><V25/><F105/><W73/><G132/><T131/><D131/><U72/><E74/><V134/><F134/><W80/><G80/><T26/><D26/><N who="2" m="9738" /><F22/><W108/><G108/><T4/><D4/><U100/><E100/><V96/><F40/><W87/><G73/><T61/><REACH who="0" step="1"/><D112/><REACH who="0" ten="160,220,220,390" step="2"/><U5/><E5/><V21/><F63/><W71/><G71/><T86/><AGARI ba="0,1" hai="1,3,11,15,19,44,50,52,53,56,61,86,89,94" machi="86" ten="20,12000,2" yaku="1,1,2,1,0,1,7,1,54,1,53,1" doraHai="92" doraHaiUra="82" who="0" fromWho="0" sc="160,130,220,-30,220,-60,390,-30" /><INIT seed="3,0,0,4,4,104" ten="290,190,160,360" oya="3" hai0="20,8,66,2,38,15,120,34,85,7,31,118,88" hai1="44,102,72,78,26,11,82,69,48,132,22,75,25" hai2="50,130,126,42,71,49,21,54,121,107,27,23,68" hai3="128,39,123,12,41,64,0,60,30,3,97,5,45"/><W4/><G123/><T93/><D120/><U86/><E69/><V103/><F121/><W67/><G30/><T87/><D38/><U36/><E36/><V99/><F126/><W24/><G24/><T10/><D118/><U94/><E132/><V95/><F130/><W43/><G128/><T96/><D66/><U109/><E109/><V51/><F42/><W18/><G97/><T13/><D34/><U92/><E26/><V79/><F54/><W106/><G106/><T91/><D2/><U32/><E32/><V65/><F107/><W90/><G90/><T1/><D1/><U119/><E119/><V73/><F65/><W74/><G74/><T47/><D47/><U52/><E11/><V19/><REACH who="2" step="1"/><F23/><REACH who="2" ten="290,190,150,360" step="2"/><W129/><G67/><T134/><D20/><U114/><E114/><V63/><F63/><W127/><G60/><T98/><D134/><U55/><E55/><V53/><F53/><W62/><G62/><T14/><D31/><U29/><REACH who="1" step="1"/><E102/><REACH who="1" ten="290,180,150,360" step="2"/><V105/><F105/><W17/><G129/><T16/><D15/><U9/><E9/><V108/><F108/><W89/><G12/><T115/><D115/><U6/><E6/><V35/><F35/><W83/><G5/><T28/><D28/><U59/><E59/><V46/><F46/><W116/><G45/><T111/><D111/><U37/><E37/><V124/><F124/><W112/><G39/><T80/><AGARI ba="0,2" hai="7,8,10,13,14,16,80,85,87,88,91,93,96,98" machi="80" ten="20,8000,1" yaku="0,1,7,1,8,1,54,2" doraHai="104" who="0" fromWho="0" sc="290,100,180,-20,150,-20,360,-40" owari="390,49.0,160,-24.0,130,-37.0,320,12.0" /></mjloggm>