<mjloggm ver="2.3"><GO type="225" lobby="0"/><UN n0="%E3%81%A9%E3%82%8F%E3%82%93%E3%81%94" n1="%E3%81%8B%E3%82%8F%E3%81%A1%E3%82%83%E3%82%93%35%38" n2="%E5%BE%AE%E5%B7%AE%E3%81%AE%E4%BD%95%E5%88%87%E3%82%8B%EF%BC%9C%E9%81%8B" n3="%E7%BD%AA%E5%88%91%E6%B3%95%E5%AE%9A%E4%B8%BB%E7%BE%A9" dan="16,17,17,16" rate="2078.59,2188.86,2172.16,2181.65" sx="M,M,M,M"/><TAIKYOKU oya="0"/><INIT seed="0,0,0,5,0,13" ten="250,250,250,250" oya="0" hai0="5,105,64,107,73,85,25,16,27,98,20,97,46" hai1="51,128,18,59,71,39,103,81,28,102,29,49,0" hai2="119,135,1,109,92,115,62,11,53,95,9,76,96" hai3="7,32,50,37,110,86,19,126,15,57,93,69,89"/><T43/><D73/><U134/><E71/><V21/><F115/><W22/><G69/><T121/><D121/><U82/><E39/><V2/><F109/><W48/><G37/><T56/><D5/><U104/><E0/><V130/><F76/><W60/><G32/><T116/><D116/><U61/><E104/><V80/><F80/><N who="1" m="30825" /><E134/><V35/><F35/><W55/><G110/><T83/><D107/><U24/><E128/><V112/><F112/><W8/><REACH who="3" step="1"/><G126/><REACH who="3" ten="250,250,250,240" step="2"/><T132/><D132/><U118/><E118/><V74/><F135/><W31/><G31/><T41/><D105/><U6/><E28/><V30/><F30/><W124/><G124/><T125/><D125/><U17/><E29/><V33/><F33/><W131/><G131/><T75/><D75/><U23/><E6/><V40/><F130/><W79/><G79/><T94/><D83/><U123/><E123/><V113/><F74/><W14/><AGARI ba="0,1" hai="7,8,14,15,19,22,48,50,55,57,60,86,89,93" machi="14" ten="20,8000,1" yaku="1,1,0,1,7,1,8,1,52,1,53,0" doraHai="13" doraHaiUra="120" who="3" fromWho="3" sc="250,-40,250,-20,250,-20,240,90" /><INIT seed="1,0,0,5,4,11" ten="210,230,230,330" oya="1" hai0="32,87,14,62,37,100,44,26,104,66,4,68,88" hai1="49,64,92,57,7,22,30,131,94,16,18,31,130" hai2="8,33,96,27,101,113,121,45,112,120,1,6,108" hai3="21,43,41,107,86,38,76,69,55,40,98,122,114"/><U74/><E74/><V5/><F45/><W42/><G114/><N who="2" m="44137" /><F6/><W84/><G122/><T75/><D75/><U97/><E7/><V129/><F129/><N who="1" m="49161" /><E18/><V12/><F108/><W115/><G115/><T124/><D124/><U95/><E97/><V118/><F118/><W111/><G111/><T61/><D61/><N who="1" m="37935" /><E49/><V134/><F134/><W119/><G119/><T54/><D54/><U19/><E19/><V135/><F135/><W15/><G98/><N who="0" m="61463" /><D44/><U123/><E123/><N who="2" m="47179" /><F101/><W85/><G107/><T90/><D87/><U24/><AGARI ba="0,0" hai="16,22,24,30,31,92,94,95" m="37935,49161" machi="24" ten="30,3000,0" yaku="19,1,54,1" doraHai="11" who="1" fromWho="1" sc="210,-10,230,30,230,-10,330,-10" /><INIT seed="1,1,0,3,3,100" ten="200,260,220,320" oya="1" hai0="108,78,113,86,50,12,5,62,69,35,56,98,124" hai1="44,85,59,8,122,115,55,64,94,112,70,96,22" hai2="77,60,87,68,54,21,63,128,65,46,14,107,67" hai3="97,42,106,126,135,49,15,26,131,99,25,27,58"/><U40/><E122/><V123/><F123/><W130/><G126/><T53/><D108/><U120/><E120/><V31/><F128/><N who="3" m="49195" /><G135/><T102/><D124/><U83/><E22/><V79/><F87/><W103/><G99/><T20/><D35/><U101/><E70/><V109/><F109/><W18/><G58/><T10/><D113/><U13/><E64/><V1/><F1/><W24/><G24/><T33/><D33/><U119/><E119/><V116/><F116/><W93/><G93/><T110/><D110/><U91/><E59/><V118/><F107/><W38/><G38/><T36/><D36/><U134/><E55/><V34/><F34/><W32/><G49/><T6/><D69/><U57/><E57/><V11/><F118/><W41/><G32/><T0/><D0/><U92/><E92/><V90/><F54/><W28/><G28/><T80/><D20/><AGARI ba="1,0" hai="15,18,20,25,26,27,41,42,97,103,106" m="49195" machi="20" ten="30,2000,0" yaku="19,1,52,1" doraHai="100" who="3" fromWho="0" sc="200,-23,260,0,220,0,320,23" /><INIT seed="2,0,0,5,5,52" ten="177,260,220,343" oya="2" hai0="29,44,36,78,56,32,6,116,103,30,62,27,61" hai1="125,91,0,16,110,24,121,84,106,28,115,79,13" hai2="102,101,65,75,9,2,15,22,122,67,97,59,51" hai3="58,117,119,23,93,10,133,49,40,92,81,68,60"/><V69/><F122/><W87/><G133/><T129/><D129/><U18/><E115/><V1/><F75/><W118/><G68/><T43/><D116/><U57/><E0/><V4/><F102/><W38/><G38/><T55/><D30/><U88/><E106/><V98/><F98/><W113/><G113/><T39/><D39/><U72/><E72/><V114/><F114/><W8/><G23/><T14/><D103/><U5/><E110/><V11/><F22/><W112/><G112/><T108/><D78/><U66/><E125/><V131/><F131/><W45/><G10/><T19/><D6/><U35/><E121/><V41/><F69/><W12/><G12/><T124/><D124/><U130/><E130/><V90/><F90/><W95/><G8/><T34/><D34/><U100/><E100/><V48/><F48/><W26/><G26/><T96/><D96/><U46/><E46/><V127/><F127/><W50/><G50/><T82/><D82/><U76/><E91/><V70/><F70/><W17/><G17/><T135/><D135/><U3/><E18/><V109/><F109/><W21/><G21/><T120/><D120/><U126/><E5/><N who="2" m="3503" /><F41/><W54/><REACH who="3" step="1"/><G118/><REACH who="3" ten="177,260,220,333" step="2"/><T47/><D108/><U134/><E134/><V63/><F2/><W37/><G37/><T7/><D7/><U74/><E3/><V86/><F51/><W85/><G85/><T42/><D62/><N who="1" m="38223" /><E126/><V123/><F86/><W107/><G107/><T73/><D73/><U31/><E74/><V89/><F123/><W20/><G20/><N who="0" m="11383" /><D36/><U104/><E104/><N who="2" m="63535" /><F67/><W83/><G83/><RYUUKYOKU ba="0,1" sc="177,10,260,-30,220,10,333,10" hai0="27,29,32,42,43,44,47,55,56,61" hai2="1,4,11,59,63,65,89" hai3="40,45,49,54,58,60,81,87,92,93,95,117,119" /><INIT seed="2,1,1,2,1,57" ten="187,230,230,343" oya="2" hai0="131,59,72,98,115,128,15,76,84,21,65,32,58" hai1="13,90,20,88,100,73,81,39,89,46,130,99,17" hai2="77,14,119,91,87,134,44,6,105,27,67,80,24" hai3="64,38,107,114,10,106,62,45,95,36,68,0,121"/><V9/><F134/><W108/><G121/><T25/><D115/><U132/><E132/><V111/><F119/><W3/><G114/><T71/><D72/><U101/><E130/><N who="0" m="49705" /><D32/><U127/><E127/><V79/><F105/><W74/><G74/><T47/><D15/><U66/><E66/><V56/><F111/><W118/><G118/><T50/><D98/><U26/><E99/><V18/><F44/><W96/><G108/><T40/><D76/><U35/><E73/><V52/><F67/><W126/><G126/><T113/><D84/><U78/><E39/><V41/><F41/><W55/><G38/><N who="0" m="21911" /><D113/><U124/><E124/><V16/><F18/><W103/><G0/><T1/><D1/><U82/><E46/><V104/><F104/><W37/><G37/><T8/><D8/><N who="1" m="6311" /><E35/><V85/><F79/><W120/><G120/><T51/><D21/><U97/><E97/><V23/><F77/><W92/><G107/><T125/><D25/><U112/><E112/><V102/><F87/><W109/><G109/><T4/><D4/><U110/><E110/><V117/><F117/><W48/><REACH who="3" step="1"/><G36/><REACH who="3" ten="187,230,230,333" step="2"/><T29/><D125/><U12/><E78/><V133/><F133/><W135/><G135/><T122/><D122/><U34/><E81/><V7/><F102/><W33/><G33/><T123/><D123/><U83/><E101/><V31/><REACH who="2" step="1"/><F27/><REACH who="2" ten="187,230,220,333" step="2"/><W75/><G75/><T129/><D129/><U94/><E100/><V93/><F93/><W2/><G2/><T61/><D29/><N who="1" m="19767" /><E94/><V86/><F86/><W116/><G116/><T19/><D19/><U70/><E70/><RYUUKYOKU ba="1,3" sc="187,0,230,0,220,0,333,0" hai0="50,51,58,59,61,65,71" hai1="12,20,82,83,88,89,90" hai2="6,7,9,14,16,23,24,31,52,56,80,85,91" hai3="3,10,45,48,55,62,64,68,92,95,96,103,106" /><INIT seed="2,2,3,0,1,116" ten="187,230,220,333" oya="2" hai0="102,33,60,114,52,87,2,68,16,22,121,82,41" hai1="37,21,63,129,47,118,61,66,123,50,36,15,76" hai2="20,6,94,132,46,51,83,26,112,133,119,71,109" hai3="35,99,3,73,91,31,24,77,59,19,38,67,79"/><V32/><F119/><W14/><G38/><T104/><D114/><U13/><E118/><V127/><F112/><W23/><G73/><T96/><D2/><U85/><E37/><V98/><F127/><W43/><G43/><T28/><D41/><U103/><E36/><V25/><F71/><W86/><G99/><T39/><D39/><U93/><E129/><V111/><F6/><W29/><G29/><T17/><D121/><U122/><E63/><V117/><F83/><W45/><G45/><T113/><D22/><U130/><E130/><V134/><F32/><W18/><G3/><T4/><D4/><U5/><E103/><N who="2" m="60887" /><F117/><W90/><G90/><N who="0" m="51575" /><D52/><N who="1" m="29791" /><E5/><V101/><F101/><W34/><G34/><T42/><D42/><U1/><E1/><V115/><F115/><W131/><G131/><T84/><D84/><U48/><E48/><V53/><F20/><W110/><G110/><AGARI ba="2,3" hai="25,26,46,51,53,109,110,111,132,133,134" m="60887" machi="110" ten="40,7700,0" yaku="14,1,10,1,20,1" doraHai="116" who="2" fromWho="3" sc="187,0,230,0,220,113,333,-83" /><INIT seed="2,3,0,4,3,89" ten="187,230,333,250" oya="2" hai0="9,64,114,76,36,68,91,90,63,31,93,20,87" hai1="101,19,97,116,34,72,69,7,57,40,3,109,129" hai2="105,59,107,65,77,16,8,17,54,48,60,81,71" hai3="117,118,26,62,5,122,108,120,56,130,51,111,70"/><V121/><F121/><N who="3" m="46699" /><G5/><T47/><D114/><U50/><E69/><V13/><REACH who="2" step="1"/><F17/><REACH who="2" ten="187,230,323,250" step="2"/><W110/><G130/><T86/><D76/><U39/><E19/><V14/><F14/><W132/><G26/><T84/><D9/><U96/><E129/><V1/><F1/><W55/><G132/><T135/><D135/><U79/><E79/><V0/><F0/><W23/><G23/><T4/><D4/><U33/><E7/><V92/><F92/><W112/><G112/><T66/><D20/><U42/><E3/><V95/><F95/><W32/><G32/><T75/><D31/><U80/><E33/><V37/><F37/><W24/><G24/><T119/><D93/><U74/><E39/><V98/><F98/><W99/><G99/><T85/><D36/><U44/><E34/><V61/><F61/><W11/><G11/><T115/><D63/><U78/><E97/><V12/><F12/><W124/><G124/><T82/><D82/><U46/><E96/><V100/><F100/><W10/><G10/><T67/><D91/><U52/><E101/><V53/><F53/><W43/><G43/><T22/><D90/><U102/><E102/><V125/><F125/><W35/><G35/><T83/><D22/><U104/><E40/><V6/><F6/><W58/><G70/><T126/><D68/><U30/><E42/><V103/><F103/><W106/><G106/><T94/><D126/><U134/><E104/><V73/><AGARI ba="3,1" hai="8,13,16,48,54,59,60,65,71,73,77,81,105,107" machi="73" ten="20,7800,0" yaku="1,1,0,1,7,1,54,1,53,0" doraHai="89" doraHaiUra="18" who="2" fromWho="2" sc="187,-29,230,-29,323,97,250,-29" /><INIT seed="2,4,0,3,0,29" ten="158,201,420,221" oya="2" hai0="80,106,130,95,134,9,92,124,97,129,62,42,105" hai1="55,82,36,19,38,32,72,11,43,26,116,84,93" hai2="90,83,87,27,89,61,31,48,100,51,77,104,6" hai3="96,15,35,30,60,102,63,109,10,22,3,122,73"/><V99/><F6/><N who="3" m="1375" /><G73/><T12/><D42/><U115/><E116/><V75/><F61/><W8/><G8/><T50/><D62/><U113/><E72/><V121/><F121/><W7/><G7/><T111/><D50/><U47/><E38/><V70/><F70/><W108/><G122/><T110/><D12/><U127/><E93/><V14/><F14/><W91/><G91/><T85/><D9/><U49/><E127/><V21/><F90/><W66/><G15/><T78/><D124/><U125/><E125/><V2/><F2/><W81/><G81/><T25/><D25/><U0/><E0/><V45/><F45/><W101/><G22/><T57/><D57/><U64/><E11/><V54/><F54/><W18/><G18/><T94/><D134/><U133/><E64/><V41/><F41/><W112/><G112/><T53/><D53/><U39/><E133/><V69/><F69/><N who="3" m="42183" /><G63/><T20/><D20/><U1/><E1/><V68/><F68/><W132/><G132/><T65/><D65/><U98/><E115/><V86/><F86/><W135/><G135/><T24/><D24/><U74/><E74/><V17/><F17/><W37/><G37/><N who="1" m="14410" /><E43/><V123/><F123/><W4/><G4/><T59/><D59/><U16/><E113/><V103/><F103/><N who="3" m="39435" /><G96/><T23/><D23/><U107/><E98/><V117/><F117/><W58/><G58/><T88/><D88/><N who="1" m="51223" /><E107/><N who="0" m="40969" /><D97/><U120/><E120/><V13/><F13/><W118/><G118/><T40/><D40/><U52/><E55/><V71/><F71/><W34/><G30/><T67/><D67/><RYUUKYOKU ba="4,0" sc="158,0,201,0,420,0,221,0" hai0="78,80,85,92,94,95,110,111,129,130" hai1="16,19,26,32,47,49,52" hai2="21,27,31,48,51,75,77,83,87,89,99,100,104" hai3="34,35,108,109" /><INIT seed="2,5,0,5,2,51" ten="158,201,420,221" oya="2" hai0="44,72,17,107,74,91,5,76,90,70,93,99,18" hai1="19,15,6,64,67,123,61,110,121,3,98,53,129" hai2="77,36,109,82,2,127,30,14,117,86,8,54,42" hai3="26,37,40,106,120,83,12,94,115,58,50,108,23"/><V68/><F117/><W7/><G106/><T131/><D107/><U95/><E110/><V48/><F109/><W69/><G108/><T13/><D70/><U35/><E35/><V32/><F68/><W126/><G69/><T62/><D131/><U78/><E129/><V52/><F127/><W92/><G120/><N who="1" m="46154" /><E78/><V59/><F2/><W124/><G37/><T113/><D113/><U38/><E38/><V73/><F73/><W81/><G115/><T71/><D76/><U0/><E6/><N who="2" m="3351" /><F36/><W105/><G105/><T89/><D74/><U9/><E53/><N who="2" m="32167" /><F32/><W10/><G126/><T41/><D72/><U134/><E134/><V132/><F132/><W100/><G124/><T39/><D5/><U16/><E19/><V31/><F42/><W22/><G22/><T11/><REACH who="0" step="1"/><D18/><REACH who="0" ten="148,201,420,221" step="2"/><U104/><E104/><V33/><F33/><W43/><G7/><T116/><D116/><U112/><E112/><V63/><F63/><W87/><G40/><T46/><D46/><U133/><E133/><V122/><F122/><W20/><G43/><T96/><D96/><U1/><E61/><V88/><F77/><W125/><G125/><T79/><D79/><U47/><E47/><V80/><F80/><W103/><G83/><T97/><D97/><U66/><E0/><V128/><F128/><W45/><G81/><T56/><D56/><U49/><E49/><V130/><F130/><W25/><G50/><T34/><D34/><U60/><E60/><V4/><F4/><W101/><G45/><T119/><D119/><U28/><E1/><V118/><F118/><W29/><G58/><RYUUKYOKU ba="5,1" sc="148,15,201,-15,420,15,221,-15" hai0="11,13,17,39,41,44,62,71,89,90,91,93,99" hai2="30,31,52,54,82,86,88" /><INIT seed="2,6,1,0,0,81" ten="163,186,435,206" oya="2" hai0="55,42,10,29,120,16,99,106,131,103,129,38,67" hai1="135,35,128,23,86,18,22,94,122,24,26,4,82" hai2="97,121,98,28,62,95,13,8,25,90,7,105,1" hai3="87,130,74,89,0,116,20,51,104,91,34,59,79"/><V68/><F121/><W47/><G34/><T5/><D120/><U54/><E122/><V14/><F105/><W80/><G116/><T112/><D112/><U65/><E135/><V31/><F28/><W70/><G70/><T17/><D29/><U69/><E35/><V118/><F118/><W133/><G0/><T39/><D67/><U56/><E128/><N who="0" m="49225" /><D55/><U76/><E4/><V73/><F73/><W72/><G130/><T48/><D48/><U93/><E65/><V33/><F68/><W125/><G133/><T9/><D9/><U126/><E126/><V71/><F71/><W107/><G125/><T134/><D134/><U45/><E45/><V19/><F62/><W66/><G59/><T113/><D113/><U40/><E40/><V124/><F124/><W92/><G66/><T75/><D75/><U64/><E64/><V78/><F78/><W30/><G74/><T100/><D100/><U123/><E123/><V32/><F32/><W115/><G115/><T58/><D58/><U111/><E111/><V77/><F77/><W15/><G91/><T49/><D49/><N who="1" m="30799" /><E69/><V52/><F52/><W50/><G50/><T12/><D39/><U109/><E109/><V44/><F44/><AGARI ba="6,1" hai="5,10,12,16,17,38,42,44,99,103,106" m="49225" machi="44" ten="30,2000,0" yaku="19,1,54,1" doraHai="81" who="0" fromWho="2" sc="163,48,186,0,435,-38,206,0" /><INIT seed="3,0,0,0,1,32" ten="211,186,397,206" oya="3" hai0="124,114,60,11,89,53,45,127,52,14,77,65,84" hai1="15,21,2,116,86,23,87,47,118,94,135,51,73" hai2="121,99,10,34,37,104,64,9,91,69,4,108,79" hai3="119,8,28,3,117,76,13,92,128,132,85,129,100"/><W17/><G100/><T95/><D114/><U50/><E73/><V111/><F34/><W22/><G92/><T33/><D33/><U27/><E15/><V30/><F30/><W56/><G85/><N who="1" m="32266" /><E94/><N who="2" m="56799" /><F37/><W54/><G76/><T125/><D45/><U88/><E135/><V25/><F104/><W38/><G38/><T113/><D77/><U42/><E50/><V112/><F112/><W12/><G132/><T35/><D35/><U62/><E62/><V106/><F106/><W78/><G78/><T81/><D95/><U43/><E43/><V57/><F69/><W126/><G126/><T36/><D36/><U1/><E88/><V49/><F79/><W82/><G82/><T103/><D103/><U59/><E59/><V115/><F121/><W105/><G105/><T101/><D101/><U63/><E63/><N who="2" m="37999" /><F115/><W31/><G56/><N who="0" m="36999" /><D113/><U133/><E133/><V68/><F68/><W61/><G61/><T74/><D74/><U96/><E96/><V75/><F75/><W5/><G54/><T80/><D81/><U120/><E120/><V55/><F25/><W18/><G119/><N who="1" m="45610" /><E27/><V83/><F83/><W122/><G117/><T66/><D66/><U44/><E44/><N who="2" m="28071" /><F4/><AGARI ba="0,0" hai="4,11,14,52,53,80,84,89,124,125,127" m="36999" machi="4" ten="30,2000,0" yaku="18,1,54,1" doraHai="32" who="0" fromWho="2" sc="211,20,186,0,397,-20,206,0" owari="231,3.1,186,-31.4,377,47.7,206,-19.4" /></mjloggm>