<mjloggm ver="2.3"><GO type="225" lobby="0"/><UN n0="%E5%A4%96%E5%B7%9D%E7%AB%9C%E6%88%90" n1="%E8%81%B7%E6%A5%AD%E3%80%81%E9%A2%A8%32" n2="%E3%81%86%E3%83%BC%E3%81%B1%E3%83%BC" n3="%6D%75%75%6D%75%72%61" dan="16,16,16,16" rate="2209.87,2162.88,2148.87,2143.08" sx="M,M,M,F"/><TAIKYOKU oya="0"/><INIT seed="0,0,0,4,2,135" ten="250,250,250,250" oya="0" hai0="122,52,53,105,112,71,88,102,16,28,108,119,95" hai1="64,68,65,129,93,130,9,0,126,89,80,21,48" hai2="113,33,23,35,63,46,132,94,72,107,120,2,100" hai3="123,101,121,58,73,90,133,66,36,110,86,114,96"/><T3/><D112/><U54/><E80/><V50/><F120/><W29/><G114/><T6/><D119/><U39/><E39/><V62/><F2/><W15/><G36/><T12/><D122/><N who="3" m="46601" /><G133/><T7/><D71/><U57/><E126/><V85/><F72/><W106/><G73/><T60/><D3/><U25/><E9/><V104/><F33/><W67/><G110/><T5/><D108/><U78/><E78/><V115/><F35/><W30/><G15/><T51/><D28/><N who="3" m="10857" /><G58/><N who="0" m="34887" /><D102/><U124/><E124/><V14/><F100/><W83/><AGARI ba="0,0" hai="66,67,83,86,90,96,101,106" m="10857,46601" machi="83" ten="30,1100,0" yaku="13,1" doraHai="135" who="3" fromWho="3" sc="250,-5,250,-3,250,-3,250,11" /><INIT seed="1,0,0,0,3,72" ten="245,247,247,261" oya="1" hai0="18,3,2,13,102,42,23,79,44,67,112,60,86" hai1="82,100,129,96,12,53,121,108,119,80,107,39,106" hai2="115,5,57,130,65,29,134,41,132,40,122,35,103" hai3="31,9,47,98,101,94,128,46,1,33,77,30,16"/><U55/><E121/><V7/><F122/><W68/><G128/><T4/><D112/><U127/><E119/><V75/><F75/><W20/><G68/><T50/><D102/><U105/><E39/><V34/><F103/><W11/><G33/><N who="2" m="12297" /><F29/><N who="3" m="10763" /><G1/><T59/><REACH who="0" step="1"/><D4/><REACH who="0" ten="235,247,247,261" step="2"/><N who="2" m="1610" /><F115/><W15/><G77/><T22/><D22/><U21/><E21/><V73/><F130/><W92/><G92/><T17/><D17/><U45/><E129/><V125/><F125/><W117/><G117/><T133/><D133/><N who="2" m="51306" /><F73/><W6/><G6/><T71/><D71/><U48/><E127/><V61/><AGARI ba="0,1" hai="40,41,57,61,65" m="51306,1610,12297" machi="61" ten="40,1500,0" yaku="20,1" doraHai="72" who="2" fromWho="2" sc="235,-4,247,-7,247,25,261,-4" /><INIT seed="2,0,0,0,2,84" ten="231,240,272,257" oya="2" hai0="129,123,30,102,23,96,42,63,92,68,31,94,48" hai1="109,22,110,25,58,39,18,75,44,16,132,130,100" hai2="46,24,128,65,131,47,78,10,86,32,35,67,2" hai3="69,114,85,6,101,59,119,40,89,73,108,12,49"/><V9/><F78/><W7/><G69/><T50/><D123/><U13/><E75/><V133/><F86/><W34/><G73/><T17/><D129/><N who="2" m="49738" /><F133/><W112/><G119/><T91/><D68/><U45/><E132/><V29/><F32/><W76/><G34/><T19/><D63/><U1/><E1/><V79/><F79/><W21/><G108/><N who="1" m="41578" /><E130/><V95/><F95/><N who="3" m="54703" /><G101/><T64/><D64/><N who="2" m="24650" /><F10/><W54/><G40/><T104/><D104/><U15/><E58/><V135/><F135/><W33/><G33/><T28/><D42/><N who="1" m="22623" /><E100/><V88/><F88/><W56/><G56/><T60/><D23/><N who="1" m="11663" /><E45/><V38/><F38/><W121/><G76/><T37/><D37/><U122/><E122/><V82/><F82/><W99/><G121/><T66/><D94/><U61/><E61/><V118/><F118/><W124/><G49/><N who="0" m="19051" /><D102/><U4/><E4/><AGARI ba="0,0" hai="2,4,9,24,29,35,46,47" m="24650,49738" machi="4" ten="30,1500,0" yaku="19,1" doraHai="84" who="2" fromWho="1" sc="231,0,240,-15,272,15,257,0" /><INIT seed="2,1,0,0,5,93" ten="231,225,287,257" oya="2" hai0="35,27,63,1,108,87,100,67,53,18,59,26,47" hai1="38,10,83,133,84,61,30,55,41,103,68,134,132" hai2="78,51,94,101,52,80,82,75,76,17,90,115,43" hai3="39,11,125,34,86,3,49,56,127,74,22,60,54"/><V65/><F115/><W48/><G74/><T92/><D1/><U113/><E113/><V121/><F121/><W114/><G34/><T64/><D108/><U128/><E128/><V45/><F101/><W99/><G114/><T20/><D35/><U57/><E30/><V130/><F130/><W37/><G86/><T131/><D131/><U7/><E68/><V62/><F17/><W5/><G22/><T79/><D27/><U91/><E103/><V25/><F25/><W58/><G99/><N who="0" m="59495" /><D47/><U16/><E38/><V72/><F43/><W98/><G98/><T33/><D33/><U44/><E41/><V105/><F105/><W66/><REACH who="3" step="1"/><G48/><REACH who="3" ten="231,225,287,247" step="2"/><T6/><D87/><U109/><E109/><V4/><F90/><W124/><AGARI ba="1,1" hai="3,5,11,37,39,49,54,56,58,60,66,124,125,127" machi="124" ten="30,8000,1" yaku="1,1,2,1,0,1,18,1,53,1" doraHai="93" doraHaiUra="32" who="3" fromWho="3" sc="231,-21,225,-21,287,-41,247,93" /><INIT seed="3,0,0,3,4,98" ten="210,204,246,340" oya="3" hai0="22,86,134,131,129,100,77,94,127,119,11,133,40" hai1="32,52,29,67,53,0,93,132,76,36,44,35,26" hai2="19,95,72,114,103,42,7,99,46,115,37,135,48" hai3="87,3,41,78,25,82,4,123,65,49,80,57,34"/><W24/><G123/><T10/><D119/><U63/><E0/><V38/><F72/><W74/><G34/><T16/><D40/><U85/><E35/><V108/><F108/><W104/><G104/><T59/><D59/><U107/><E107/><V102/><F135/><N who="0" m="51722" /><D127/><U112/><E132/><V6/><F19/><W1/><G4/><T97/><D77/><U31/><E31/><V122/><F122/><W61/><G3/><T66/><D66/><U109/><E112/><V75/><F75/><W18/><G18/><T118/><D86/><U27/><E27/><V15/><F38/><W20/><G20/><T2/><D118/><U110/><E36/><V126/><F37/><W62/><G1/><T81/><D81/><N who="1" m="47271" /><E93/><V84/><F126/><W54/><G41/><T33/><D33/><U96/><E96/><V5/><F84/><W89/><G61/><T130/><D2/><U39/><E39/><V90/><F15/><AGARI ba="0,0" hai="10,11,15,16,22,94,97,100,129,130,131" m="51722" machi="15" ten="40,8000,1" yaku="19,1,20,1,52,1,54,1" doraHai="98" who="0" fromWho="2" sc="210,80,204,0,246,-80,340,0" owari="290,9.0,204,-19.6,166,-33.4,340,44.0" /></mjloggm>