<mjloggm ver="2.3"><GO type="225" lobby="0"/><UN n0="%E3%83%97%E3%83%92" n1="%E3%81%BF%E3%81%BF%E3%81%9A" n2="%72%65%6E%6B%75%6E" n3="%E3%81%8B%E3%82%8F%E3%81%A1%E3%82%83%E3%82%93%35%38" dan="16,16,17,16" rate="2146.76,2155.90,2204.37,2157.06" sx="M,M,M,M"/><TAIKYOKU oya="0"/><INIT seed="0,0,0,0,5,135" ten="250,250,250,250" oya="0" hai0="16,7,49,37,39,65,57,87,89,93,108,67,42" hai1="20,46,56,9,6,3,70,13,14,41,129,32,95" hai2="59,124,131,128,5,33,107,80,90,104,105,31,133" hai3="47,0,134,4,92,71,78,29,118,94,18,98,1"/><T63/><D7/><U53/><E70/><V127/><F5/><W117/><G71/><T45/><D108/><U81/><E32/><V102/><F133/><W17/><G134/><T15/><REACH who="0" step="1"/><D67/><REACH who="0" ten="240,250,250,250" step="2"/><U27/><E6/><V52/><F102/><W8/><G4/><T69/><D69/><U113/><E113/><V38/><F38/><W111/><G111/><T75/><D75/><U11/><E3/><V84/><F33/><W10/><G0/><T86/><D86/><U120/><E120/><V112/><F112/><W82/><G1/><T79/><D79/><U88/><E9/><AGARI ba="0,1" hai="9,15,16,37,39,42,45,49,57,63,65,87,89,93" machi="9" ten="30,5800,0" yaku="1,1,7,1,54,1,53,0" doraHai="135" doraHaiUra="28" who="0" fromWho="1" sc="240,68,250,-58,250,0,250,0" /><INIT seed="0,1,0,2,0,63" ten="308,192,250,250" oya="0" hai0="19,99,94,28,17,113,114,5,118,62,75,111,135" hai1="89,58,86,9,2,35,11,91,23,88,38,116,13" hai2="59,134,106,24,25,102,49,53,115,81,73,47,0" hai3="52,6,51,26,72,97,101,105,8,95,46,80,128"/><T18/><D118/><U57/><E116/><V61/><F0/><W42/><G128/><T55/><D75/><U67/><E38/><V33/><F115/><W64/><G64/><T121/><D121/><U69/><E35/><V10/><F134/><W112/><G112/><T83/><D135/><U124/><E69/><V30/><F10/><N who="1" m="3593" /><E2/><V36/><F36/><W107/><G26/><T76/><D5/><U48/><E124/><V130/><F25/><W34/><G34/><T122/><D28/><U79/><E48/><V65/><F130/><W21/><G21/><T71/><D122/><U84/><E79/><V129/><F129/><W45/><G80/><T54/><D111/><U39/><E39/><V133/><F133/><W41/><G72/><T22/><D22/><U37/><E37/><V108/><F108/><W127/><G127/><T85/><D113/><U117/><E117/><V92/><F106/><W109/><G109/><T82/><D82/><U4/><E4/><V12/><F12/><W100/><G46/><T32/><D32/><U93/><E57/><V104/><F104/><W70/><G70/><T66/><REACH who="0" step="1"/><D114/><REACH who="0" ten="298,192,250,250" step="2"/><U68/><E68/><V131/><F131/><W87/><G6/><T50/><D50/><U119/><E119/><V77/><F81/><W74/><G8/><T29/><D29/><U125/><E125/><V60/><F73/><W132/><G74/><T123/><D123/><U120/><E120/><V44/><F49/><W103/><G132/><T1/><D1/><U98/><E23/><V56/><F33/><W3/><G3/><T43/><D43/><RYUUKYOKU ba="1,1" sc="298,30,192,-10,250,-10,250,-10" hai0="17,18,19,54,55,62,66,71,76,83,85,94,99" /><INIT seed="0,2,1,0,2,27" ten="328,182,240,240" oya="0" hai0="77,57,31,58,113,20,62,82,111,92,86,103,90" hai1="5,89,38,7,129,76,131,99,95,34,36,127,37" hai2="121,23,52,70,78,102,115,46,104,117,3,73,85" hai3="98,105,83,100,16,50,132,49,51,59,18,43,12"/><T64/><D113/><U47/><E127/><V60/><F3/><W133/><G43/><T1/><D1/><U67/><E67/><V35/><F35/><W110/><G110/><T96/><D111/><U134/><E134/><N who="3" m="51818" /><G83/><T130/><D130/><N who="1" m="49675" /><E76/><V68/><F73/><W2/><G2/><T39/><D39/><N who="1" m="9987" /><U128/><N who="1" m="49683" /><DORA hai="124" /><U42/><DORA hai="6" /><E34/><V10/><F68/><W65/><G12/><T32/><D32/><U8/><E8/><V19/><F10/><W125/><G125/><T112/><D112/><U122/><E122/><V45/><F70/><W33/><G33/><T56/><D77/><U44/><E42/><V40/><F40/><W22/><G22/><T71/><D71/><U107/><E107/><V74/><F104/><W26/><G26/><AGARI ba="2,1" hai="20,26,31,56,57,58,62,64,82,86,90,92,96,103" machi="26" ten="40,12000,1" yaku="25,2,8,1,52,1" doraHai="27,124,6" who="0" fromWho="3" sc="328,136,182,0,240,0,240,-126" /><INIT seed="0,3,0,2,5,104" ten="464,182,240,114" oya="0" hai0="129,10,25,50,22,118,89,42,101,112,76,96,115" hai1="29,87,124,55,109,72,69,7,41,127,3,97,58" hai2="106,19,130,8,90,70,45,48,14,0,32,59,125" hai3="30,28,60,82,20,98,47,62,133,103,135,21,126"/><T43/><D118/><U105/><E69/><V116/><F70/><W36/><G36/><T51/><D129/><U15/><E109/><V57/><F32/><W56/><G47/><T85/><D76/><U6/><E41/><V102/><F130/><W91/><G126/><N who="1" m="48170" /><E3/><V63/><F125/><W9/><G9/><T93/><D10/><U100/><E72/><V53/><F116/><W5/><G5/><T46/><D42/><U35/><E15/><V92/><F0/><W88/><G82/><T40/><D40/><U27/><E87/><V65/><F106/><W33/><G33/><T52/><D50/><AGARI ba="3,0" hai="6,7,27,29,35,50,55,58,97,100,105" m="48170" machi="50" ten="30,1000,0" yaku="18,1" doraHai="104" who="1" fromWho="0" sc="464,-19,182,19,240,0,114,0" /><INIT seed="1,0,0,0,0,52" ten="445,201,240,114" oya="1" hai0="57,132,72,20,80,116,118,63,49,26,45,77,40" hai1="38,133,36,59,128,112,87,107,101,81,31,93,120" hai2="13,92,97,71,19,95,104,27,82,85,74,65,109" hai3="78,106,75,33,125,127,110,53,108,56,24,96,79"/><U126/><E112/><V4/><F109/><N who="3" m="42091" /><G24/><T89/><D89/><U105/><E120/><V3/><F74/><W0/><G0/><T8/><D8/><U122/><E122/><V5/><F104/><W67/><G67/><T76/><D76/><N who="3" m="29225" /><G33/><T21/><D132/><U39/><E128/><V12/><F27/><W6/><G6/><T1/><D1/><U34/><E133/><V119/><F65/><W60/><G75/><T103/><D103/><AGARI ba="0,0" hai="53,56,60,96,103,106,125,127" m="29225,42091" machi="103" ten="30,2000,0" yaku="14,1,52,1" doraHai="52" who="3" fromWho="0" sc="445,-20,201,0,240,0,114,20" /><INIT seed="2,0,0,5,1,121" ten="425,201,240,134" oya="2" hai0="32,44,51,8,21,14,123,75,41,0,118,47,70" hai1="113,72,53,64,100,25,69,105,60,119,24,13,67" hai2="98,18,120,103,4,43,102,10,110,62,17,9,16" hai3="124,134,125,81,111,45,3,80,36,33,68,23,28"/><V71/><F120/><W126/><G68/><T30/><D123/><U91/><E113/><V109/><F43/><N who="3" m="22759" /><G3/><T92/><D75/><U99/><E119/><V1/><F9/><W95/><G33/><T63/><D0/><U38/><E38/><V107/><REACH who="2" step="1"/><F102/><REACH who="2" ten="425,201,230,134" step="2"/><W6/><G125/><T104/><D8/><U59/><E100/><V65/><AGARI ba="0,1" hai="1,4,10,16,17,18,62,65,71,98,103,107,109,110" machi="65" ten="40,18000,2" yaku="1,1,2,1,0,1,52,2,54,1,53,1" doraHai="121" doraHaiUra="7" who="2" fromWho="2" sc="425,-60,201,-60,230,190,134,-60" /><INIT seed="2,1,0,2,5,96" ten="365,141,420,74" oya="2" hai0="62,10,63,107,73,110,48,72,88,115,50,101,122" hai1="13,18,118,131,78,25,56,23,76,91,33,20,108" hai2="116,43,45,36,80,31,83,40,46,121,57,129,28" hai3="93,51,3,87,26,14,42,109,74,67,55,4,2"/><V120/><F116/><W34/><G74/><T133/><D122/><U6/><E118/><V111/><F57/><W60/><G109/><T99/><D110/><U126/><E108/><V94/><F111/><W61/><G42/><T9/><D115/><U32/><E126/><V41/><F129/><W64/><G14/><T112/><D133/><U86/><E131/><V77/><F94/><W103/><G26/><T5/><D112/><U69/><E69/><V66/><F66/><W89/><G34/><T125/><D125/><U124/><E124/><V132/><F132/><W68/><G4/><T98/><D5/><U105/><E105/><V16/><F16/><W54/><G54/><T37/><D37/><U90/><E33/><V0/><F43/><W22/><G22/><T81/><D107/><U92/><E32/><V113/><F113/><W53/><G53/><T82/><REACH who="0" step="1"/><D88/><REACH who="0" ten="355,141,420,74" step="2"/><U21/><E6/><V7/><F7/><W134/><G134/><T100/><AGARI ba="1,1" hai="9,10,48,50,62,63,72,73,81,82,98,99,100,101" machi="100" ten="25,12000,2" yaku="1,1,2,1,0,1,22,2,52,2,53,0" doraHai="96" doraHaiUra="70" who="0" fromWho="0" sc="355,133,141,-31,420,-61,74,-31" /><INIT seed="3,0,0,5,0,52" ten="488,110,359,43" oya="3" hai0="78,49,95,65,21,86,117,81,128,44,69,43,68" hai1="41,88,6,85,58,132,29,12,35,19,122,0,46" hai2="57,135,15,89,96,107,115,87,106,4,92,40,22" hai3="98,9,79,120,82,76,50,94,72,100,20,84,119"/><W64/><G119/><T111/><D117/><U110/><E122/><V5/><F135/><W127/><G120/><T23/><D111/><U31/><E110/><V47/><F115/><W36/><G36/><T102/><D128/><U17/><E132/><V42/><F106/><W90/><G127/><T99/><D65/><U133/><E133/><V130/><F130/><W105/><G64/><T118/><D118/><U30/><E35/><V10/><F5/><W38/><G38/><T48/><D48/><N who="1" m="26703" /><E0/><V11/><F11/><W27/><G9/><T116/><D116/><U91/><E58/><V74/><F74/><W108/><G108/><T39/><D39/><U45/><E45/><V13/><F107/><W14/><G14/><T7/><D7/><U16/><E85/><V125/><F96/><W103/><G50/><T67/><D67/><U112/><E112/><V70/><F70/><W3/><G3/><T123/><D123/><U121/><E121/><V124/><F47/><W37/><G37/><T114/><D114/><U113/><E113/><V75/><F75/><N who="3" m="43295" /><G20/><T56/><D56/><U97/><E97/><V60/><F124/><W73/><G27/><T28/><D21/><U93/><E93/><V109/><F125/><W33/><G33/><T54/><D54/><U126/><E126/><V104/><F109/><W77/><G103/><T18/><D28/><U53/><E53/><N who="2" m="33839" /><F22/><W55/><G55/><T62/><D62/><U134/><E134/><V59/><F15/><AGARI ba="0,0" hai="15,18,23,43,44,49,68,69,78,81,86,95,99,102" machi="15" ten="30,1000,0" yaku="7,1" doraHai="52" who="0" fromWho="2" sc="488,10,110,0,359,-10,43,0" owari="498,59.8,110,-29.0,349,14.9,43,-45.7" /></mjloggm>