<mjloggm ver="2.3"><GO type="225" lobby="0"/><UN n0="%E5%8D%A0%E3%81%84%E5%B8%AB%E8%A3%8F%E3%81%AA%E3%81%84%E3%81%97" n1="%E9%97%98%E5%B0%86%E3%81%A0%E3%82%93%E3%81%A7%E3%81%83" n2="%E5%A4%9C%E5%85%89%E5%A4%A9%E6%A5%BC" n3="%E3%81%BF%E3%81%BF%E3%81%9A" dan="17,16,17,18" rate="2207.49,2137.20,2141.68,2250.70" sx="M,M,M,M"/><TAIKYOKU oya="0"/><INIT seed="0,0,0,3,4,58" ten="250,250,250,250" oya="0" hai0="5,104,57,46,105,0,13,115,94,4,61,26,92" hai1="38,24,51,47,83,33,59,74,79,133,19,81,134" hai2="25,54,88,44,97,23,78,84,107,87,11,71,72" hai3="40,86,106,45,34,82,39,90,131,16,15,3,56"/><T20/><D0/><U114/><E114/><V98/><F71/><W91/><G131/><T109/><D115/><U69/><E69/><V68/><F68/><W65/><G3/><T112/><D112/><U31/><E38/><V28/><F72/><W120/><G34/><T100/><D109/><U110/><E110/><V42/><F107/><W89/><G106/><T80/><D104/><U103/><E103/><V2/><F54/><W67/><G120/><T127/><D127/><U14/><E81/><N who="2" m="47159" /><F11/><W76/><REACH who="3" step="1"/><G56/><REACH who="3" ten="250,250,250,240" step="2"/><T125/><D105/><U119/><E119/><V53/><F2/><W70/><G70/><T21/><D125/><U117/><E117/><V63/><F42/><W29/><G29/><T124/><D124/><U93/><E133/><V102/><F44/><W122/><G122/><T73/><D46/><U123/><E134/><V49/><F102/><W77/><G77/><T37/><D100/><U12/><E123/><V64/><F88/><W18/><G18/><T113/><D113/><U35/><E35/><V116/><F116/><W60/><G60/><T96/><D61/><U128/><E128/><V95/><F63/><W135/><G135/><T62/><D62/><U126/><E126/><V9/><F64/><W36/><G36/><T1/><D37/><U50/><E19/><V8/><F28/><W6/><G6/><T7/><D1/><U41/><E59/><V121/><F121/><W129/><G129/><T132/><D57/><U43/><E43/><V55/><F49/><W111/><G111/><T75/><D132/><U48/><E93/><V17/><F95/><RYUUKYOKU ba="0,1" sc="250,-15,250,15,250,-15,240,15" hai1="12,14,24,31,33,41,47,48,50,51,74,79,83" hai3="15,16,39,40,45,65,67,76,82,86,89,90,91" /><INIT seed="1,1,1,2,4,84" ten="235,265,235,255" oya="1" hai0="34,111,47,2,36,94,77,132,124,75,135,125,23" hai1="41,120,15,3,112,80,27,83,16,0,106,86,32" hai2="72,78,96,76,73,70,6,11,48,104,49,62,98" hai3="116,113,26,82,17,123,1,43,19,67,12,50,54"/><U61/><E112/><V65/><F76/><W88/><G1/><T92/><D111/><U126/><E120/><V108/><F108/><W69/><G123/><T33/><D2/><U38/><E106/><V66/><F66/><W114/><G43/><N who="0" m="23015" /><D23/><U118/><E118/><V58/><F104/><W44/><G116/><T14/><D14/><U110/><E110/><V57/><F70/><W122/><G122/><T24/><D92/><U101/><E101/><V46/><F57/><W25/><G67/><T20/><D94/><U21/><E41/><V99/><F78/><W121/><G19/><N who="0" m="12319" /><D77/><U28/><E38/><V81/><F49/><W128/><G69/><T22/><D22/><U13/><E80/><V71/><F81/><W31/><G121/><T85/><D85/><U91/><E126/><N who="0" m="48745" /><D75/><U37/><E37/><V63/><F73/><W134/><G113/><T127/><N who="0" m="48753" /><T130/><DORA hai="90" /><D130/><U79/><E79/><V103/><F72/><W30/><G128/><T45/><D45/><U97/><E97/><V40/><F103/><W52/><G114/><T10/><D10/><U8/><E15/><V4/><F11/><N who="3" m="6303" /><G26/><T42/><D42/><U51/><E8/><V115/><F115/><W131/><G25/><T87/><D87/><U55/><E3/><V102/><F102/><W59/><G131/><T35/><AGARI ba="1,1" hai="33,34,35,132,135" m="48753,12319,23015" machi="35" ten="50,1600,0" yaku="18,1" doraHai="84,90" who="0" fromWho="0" sc="235,29,265,-9,235,-5,255,-5" /><INIT seed="2,0,0,3,3,76" ten="264,256,230,250" oya="2" hai0="7,113,86,97,10,106,90,67,98,53,93,72,46" hai1="20,3,5,62,60,68,119,96,107,80,65,58,9" hai2="135,54,57,36,19,1,13,131,26,41,92,42,44" hai3="24,18,37,28,8,11,110,130,102,94,83,43,73"/><V77/><F1/><W16/><G110/><T35/><D35/><U12/><E119/><V45/><F131/><W95/><G130/><T66/><D72/><U129/><E129/><V87/><F135/><W32/><G37/><T2/><D113/><U118/><E118/><V88/><F26/><W81/><G43/><N who="2" m="16393" /><F77/><W59/><G73/><T85/><D106/><U124/><E124/><V30/><F30/><W89/><G32/><T56/><D46/><U71/><E71/><V78/><F78/><W33/><G33/><T128/><D128/><U50/><E50/><N who="2" m="30935" /><F36/><W75/><G75/><T0/><D2/><U63/><E68/><V27/><F27/><W15/><G28/><T74/><D74/><U6/><E3/><V47/><F47/><W39/><G39/><T48/><D66/><U127/><E107/><V120/><F120/><W55/><G102/><T125/><D67/><U69/><E69/><V108/><F108/><W122/><G122/><T22/><D125/><U79/><E127/><V14/><F14/><N who="3" m="7239" /><G24/><T121/><D121/><U4/><E65/><V109/><F109/><W116/><G116/><T49/><D0/><U84/><E58/><V61/><F61/><N who="3" m="36095" /><G89/><T82/><D90/><U111/><E111/><V31/><F31/><W34/><G34/><T104/><D104/><U134/><E134/><V133/><F133/><W23/><G23/><AGARI ba="0,0" hai="13,19,23,44,45,87,88,92" m="30935,16393" machi="23" ten="30,5800,0" yaku="25,1,8,1,54,1" doraHai="76" who="2" fromWho="3" sc="264,0,256,0,230,58,250,-58" /><INIT seed="2,1,0,2,2,85" ten="264,256,288,192" oya="2" hai0="115,84,45,35,33,13,41,73,97,74,54,63,6" hai1="39,99,31,19,87,7,14,100,23,79,43,114,112" hai2="89,49,93,108,61,10,47,82,1,78,92,53,52" hai3="44,119,21,105,123,51,76,130,86,96,64,103,59"/><V29/><F108/><W12/><G119/><T134/><D115/><U38/><E31/><V111/><F111/><W68/><G123/><T118/><D118/><U126/><E126/><V113/><F113/><W8/><G130/><T83/><D134/><U120/><E120/><V72/><F29/><W48/><G68/><T3/><D74/><U88/><E79/><V116/><F116/><W20/><G51/><T109/><D3/><U124/><E124/><V2/><F93/><W127/><G127/><T55/><D73/><U40/><E7/><V117/><F117/><W75/><G75/><T15/><D97/><U18/><E40/><V60/><F53/><W65/><G59/><T37/><D109/><U98/><E98/><V57/><F10/><W121/><G121/><T132/><D132/><U11/><E39/><V17/><F17/><W25/><G64/><T104/><D104/><U27/><E38/><V22/><F22/><W66/><G65/><T36/><D36/><U56/><E56/><V95/><F95/><W9/><G66/><T4/><D33/><U67/><E43/><V81/><F81/><N who="3" m="47399" /><G25/><T24/><D24/><U16/><E67/><V106/><F106/><W62/><G62/><T71/><D63/><N who="2" m="24138" /><F57/><W102/><G102/><T80/><D71/><U125/><E125/><V94/><F94/><W131/><G131/><T26/><D80/><N who="1" m="49255" /><E114/><V50/><F49/><W70/><G70/><T90/><D35/><U129/><E129/><V0/><F0/><W28/><G28/><T101/><D37/><U107/><E112/><V77/><F77/><W46/><G105/><RYUUKYOKU ba="1,0" sc="264,-15,256,15,288,15,192,-15" hai1="11,14,16,18,19,23,27,99,100,107" hai2="1,2,47,50,52,72,78,82,89,92" /><INIT seed="2,2,0,2,4,57" ten="249,271,303,177" oya="2" hai0="118,6,101,42,40,102,132,2,4,86,76,59,123" hai1="108,125,93,113,8,18,36,80,17,106,77,67,48" hai2="65,55,62,133,12,28,91,100,54,121,70,88,95" hai3="5,94,51,60,33,111,32,58,27,39,16,73,19"/><V116/><F116/><W72/><G39/><T53/><D123/><U41/><E106/><V68/><F121/><W129/><G5/><N who="0" m="2155" /><D2/><U1/><E113/><V109/><F70/><W0/><G0/><T120/><D132/><U66/><E36/><V107/><F133/><W126/><G126/><T43/><D118/><U74/><E1/><V89/><F107/><W112/><G112/><T115/><D115/><U37/><E37/><V104/><F104/><W45/><G129/><T11/><D11/><U98/><E108/><V23/><F109/><W69/><G69/><T63/><D120/><U127/><E48/><V75/><F75/><W135/><G135/><T117/><D117/><U34/><E41/><V87/><F100/><W78/><G111/><T81/><AGARI ba="2,0" hai="40,42,43,53,59,63,76,81,86,101,102" m="2155" machi="81" ten="30,2000,0" yaku="8,1,52,1" doraHai="57" who="0" fromWho="0" sc="249,26,271,-7,303,-12,177,-7" /><INIT seed="3,0,0,3,2,45" ten="275,264,291,170" oya="3" hai0="52,47,37,102,86,9,132,75,35,113,34,29,83" hai1="26,7,107,111,121,119,39,110,97,81,128,13,21" hai2="19,0,11,104,4,88,77,116,92,10,127,1,22" hai3="16,124,125,62,134,76,126,115,87,91,101,43,135"/><W120/><G115/><T20/><D75/><U51/><E39/><V60/><F116/><W23/><G120/><T68/><D68/><U64/><E121/><V89/><F104/><W49/><G101/><T31/><D37/><U58/><E119/><V78/><F127/><W44/><G62/><T57/><D47/><U130/><E81/><V70/><F89/><W90/><G76/><T27/><D132/><N who="3" m="50729" /><G87/><T48/><D102/><N who="1" m="62927" /><E13/><AGARI ba="0,0" hai="13,16,23,43,44,49,90,91,124,125,126" m="50729" machi="13" ten="40,12000,1" yaku="18,1,20,1,52,1,54,1" doraHai="45" who="3" fromWho="1" sc="275,0,264,-120,291,0,170,120" /><INIT seed="3,1,0,3,0,66" ten="275,144,291,290" oya="3" hai0="126,1,134,131,95,132,51,46,111,118,44,103,125" hai1="2,7,23,52,122,109,124,96,84,73,121,60,31" hai2="135,28,45,114,82,32,15,63,128,86,38,92,110" hai3="61,48,42,113,49,102,98,76,99,89,88,9,117"/><W91/><G113/><T120/><D1/><U80/><E73/><V97/><F114/><W55/><G117/><T93/><D118/><U4/><E2/><V3/><F3/><W64/><G76/><T17/><D120/><U106/><E106/><V130/><F110/><W112/><G112/><T21/><D111/><U30/><E109/><V40/><F135/><N who="0" m="51754" /><D103/><U16/><E96/><V85/><F15/><W11/><G42/><N who="0" m="24983" /><D46/><U33/><E33/><V81/><F63/><W10/><G55/><T39/><D39/><U108/><E108/><V50/><F38/><W127/><G127/><N who="0" m="48651" /><D131/><N who="2" m="50218" /><F28/><N who="1" m="10793" /><E124/><V129/><N who="2" m="50226" /><V58/><DORA hai="27" /><F32/><W59/><REACH who="3" step="1"/><G99/><REACH who="3" ten="275,144,291,280" step="2"/><T70/><D70/><U107/><E122/><V22/><F97/><W105/><AGARI ba="1,1" hai="9,10,11,48,49,59,61,64,88,89,91,98,102,105" machi="105" ten="30,11700,0" yaku="1,1,2,1,0,1,54,1,53,0" doraHai="66,27" doraHaiUra="67,72" who="3" fromWho="3" sc="275,-40,144,-40,291,-40,280,130" owari="235,-16.5,104,-39.6,251,5.1,410,51.0" /></mjloggm>