<mjloggm ver="2.3"><GO type="225" lobby="0"/><UN n0="%E9%89%A2%E5%B7%BB%E3%82%AC%E3%83%96" n1="%72%69%6F%75%63%68%61%6E" n2="%E3%81%91%E3%83%BC%E3%81%9E%E3%81%88" n3="%6D%75%75%6D%75%72%61" dan="16,17,16,16" rate="2041.51,2163.77,2188.13,2206.62" sx="M,M,F,F"/><TAIKYOKU oya="0"/><INIT seed="0,0,0,4,1,14" ten="250,250,250,250" oya="0" hai0="94,99,125,71,123,11,104,60,96,3,33,59,50" hai1="83,129,24,128,58,72,40,51,97,16,45,66,17" hai2="85,22,116,103,78,69,43,55,49,112,89,19,15" hai3="106,121,113,57,61,88,32,6,79,110,44,75,73"/><T124/><D123/><U53/><E66/><V65/><F112/><W82/><G113/><T52/><D33/><U68/><E68/><V56/><F116/><W111/><G121/><T118/><D118/><U47/><E97/><V42/><F78/><W64/><G106/><T127/><D104/><U46/><E40/><V38/><F38/><W35/><G75/><T91/><D3/><U4/><E4/><V74/><F74/><W77/><G6/><T27/><D11/><U132/><E132/><V117/><F117/><W84/><G44/><T119/><D119/><U130/><E24/><V87/><F87/><W7/><G7/><T90/><D27/><U13/><E13/><V0/><F103/><W100/><G100/><N who="0" m="60439" /><D99/><U70/><REACH who="1" step="1"/><E70/><REACH who="1" ten="250,240,250,250" step="2"/><V23/><F0/><W133/><G133/><T135/><D135/><U2/><E2/><V109/><F69/><W41/><G41/><N who="2" m="15369" /><F65/><AGARI ba="0,1" hai="50,52,59,60,65,71,90,91,124,125,127" m="60439" machi="65" ten="30,2900,0" yaku="18,1,54,1" doraHai="14" who="0" fromWho="2" sc="250,39,240,0,250,-29,250,0" /><INIT seed="0,1,0,3,4,92" ten="289,240,221,250" oya="0" hai0="97,102,105,44,31,117,46,112,107,134,108,25,100" hai1="110,133,30,57,33,50,109,90,132,95,0,10,93" hai2="72,3,1,11,118,130,73,89,88,106,36,13,85" hai3="96,98,60,75,114,123,17,64,62,116,19,71,135"/><T51/><D112/><U58/><E33/><V14/><F106/><W42/><G114/><T127/><D117/><U83/><E30/><V26/><F118/><W121/><G116/><T18/><D127/><U103/><E50/><V47/><F36/><W70/><G135/><N who="1" m="51786" /><E0/><N who="2" m="75" /><F85/><W86/><G86/><T87/><D134/><U66/><E10/><V34/><F11/><W104/><G42/><T91/><D108/><N who="1" m="41579" /><E66/><V81/><F81/><W16/><G75/><N who="2" m="28745" /><F26/><W7/><G7/><T23/><D31/><U124/><E124/><V45/><F34/><W113/><G113/><T43/><D46/><N who="2" m="17418" /><F130/><W2/><G2/><T80/><REACH who="0" step="1"/><D102/><REACH who="0" ten="279,240,221,250" step="2"/><U63/><E103/><V4/><F4/><W40/><G19/><T79/><D79/><U68/><E68/><V22/><F22/><W101/><G16/><T6/><D6/><U35/><E35/><V61/><F61/><W125/><G17/><T128/><D128/><U24/><E63/><V37/><F37/><W59/><G125/><T119/><D119/><U111/><E111/><V49/><F49/><W28/><G71/><T38/><D38/><U5/><E5/><V74/><N who="2" m="28753" /><V129/><DORA hai="27" /><F129/><W82/><G28/><T8/><D8/><U21/><E21/><V9/><F9/><W126/><G126/><T52/><D52/><U115/><E115/><V76/><F76/><W41/><G70/><T67/><D67/><U48/><E48/><V120/><F120/><W94/><G62/><T55/><D55/><U56/><E24/><V39/><F39/><W15/><G121/><T77/><D77/><U12/><E12/><AGARI ba="1,1" hai="12,13,14,88,89" m="17418,28753,75" machi="12" ten="50,8000,1" yaku="6,1,28,2,54,1" doraHai="92,27" who="2" fromWho="1" sc="279,0,240,-83,221,93,250,0" /><INIT seed="1,0,0,2,2,125" ten="279,157,314,250" oya="1" hai0="31,76,122,131,29,49,23,14,8,1,63,22,38" hai1="11,48,86,70,89,103,83,37,93,130,113,47,129" hai2="15,80,25,9,79,105,107,118,59,97,81,101,104" hai3="53,54,39,20,35,75,36,119,95,44,77,106,50"/><U88/><E113/><V91/><F118/><W65/><G106/><T51/><D122/><U30/><E70/><V45/><F91/><W6/><G35/><T82/><D38/><U108/><E37/><V4/><F81/><W40/><G119/><T111/><D111/><U94/><E108/><V2/><F2/><W62/><G6/><T132/><D1/><U92/><E103/><V115/><F115/><W24/><G75/><T72/><D132/><U58/><E30/><V73/><F59/><W7/><G7/><T55/><D63/><U57/><E11/><V126/><F126/><W74/><G74/><T84/><D51/><U3/><E3/><V114/><F114/><W109/><G77/><T127/><D72/><U42/><E89/><V32/><F45/><W12/><G12/><T121/><D121/><U116/><E116/><V56/><F32/><W123/><G123/><T124/><D124/><U102/><E102/><V66/><F25/><W18/><G109/><T110/><D110/><U64/><REACH who="1" step="1"/><E58/><REACH who="1" ten="279,147,314,250" step="2"/><V133/><F56/><N who="3" m="37063" /><G39/><T61/><D29/><U16/><E16/><V46/><F9/><W112/><G36/><T96/><D31/><U67/><E67/><V21/><F66/><W90/><G112/><T26/><D127/><U10/><E10/><V69/><F101/><W34/><G34/><T52/><D8/><U117/><E117/><V85/><F69/><W87/><AGARI ba="0,1" hai="18,20,24,40,44,50,53,54,87,90,95" m="37063" machi="87" ten="30,1100,0" yaku="8,1" doraHai="125" who="3" fromWho="3" sc="279,-3,147,-5,314,-3,250,21" /><INIT seed="2,0,0,3,5,123" ten="276,142,311,271" oya="2" hai0="81,70,35,28,37,58,1,22,94,98,69,10,100" hai1="38,50,2,71,73,130,8,66,5,18,49,45,60" hai2="85,106,48,34,44,17,42,80,41,109,125,121,124" hai3="117,115,99,52,122,126,54,116,0,36,110,4,77"/><V13/><F109/><W25/><G122/><T108/><D37/><U6/><E130/><V3/><F106/><W61/><G110/><T79/><D35/><U12/><E5/><V67/><F3/><W133/><G36/><T15/><D1/><U57/><E73/><V84/><F34/><W63/><G77/><T128/><D128/><U101/><E101/><V20/><F67/><W51/><G126/><N who="2" m="48745" /><F121/><W131/><G131/><T107/><D107/><U105/><E105/><V111/><F111/><W68/><G133/><T31/><D108/><U26/><E26/><V113/><F113/><W30/><G115/><T9/><D70/><U118/><E118/><V76/><F42/><W97/><G68/><T65/><D69/><U134/><E134/><V43/><F41/><W95/><G0/><T89/><D22/><U103/><E103/><V29/><F29/><W33/><G54/><T96/><D9/><U119/><E119/><V104/><F104/><W40/><G40/><T135/><D135/><U120/><E120/><V92/><F92/><W112/><G112/><T7/><D31/><U46/><E38/><V27/><F27/><W21/><G33/><T32/><D28/><U64/><E64/><V62/><F62/><N who="3" m="23563" /><G95/><N who="0" m="56431" /><D32/><U11/><REACH who="1" step="1"/><E71/><REACH who="1" ten="276,132,311,271" step="2"/><V19/><F19/><N who="3" m="12479" /><G117/><T59/><D65/><U82/><E82/><V75/><AGARI ba="0,1" hai="13,17,20,43,44,48,75,76,80,84,85" m="48745" machi="75" ten="30,1500,0" yaku="18,1" doraHai="123" who="2" fromWho="2" sc="276,-5,132,-5,311,25,271,-5" /><INIT seed="2,1,0,4,5,122" ten="271,127,336,266" oya="2" hai0="101,38,16,60,88,61,21,43,66,104,135,113,117" hai1="134,47,108,3,13,90,114,123,14,94,75,55,65" hai2="29,45,64,85,98,33,80,68,25,20,111,56,44" hai3="77,9,50,130,4,26,8,128,106,93,54,129,6"/><V42/><F68/><W57/><G106/><T11/><D113/><U24/><E134/><V70/><F70/><W91/><G77/><T127/><D135/><U84/><E114/><V31/><F111/><W132/><G26/><T103/><D127/><U22/><E123/><V62/><F98/><N who="3" m="57663" /><G132/><T17/><D38/><U102/><E75/><V30/><F33/><W63/><G63/><N who="0" m="24139" /><D43/><U81/><E3/><V27/><F27/><W95/><G95/><T48/><D48/><U7/><E65/><V15/><F15/><W97/><G97/><T110/><D66/><U32/><E32/><V92/><F92/><W35/><G35/><T126/><D126/><U36/><E7/><AGARI ba="1,0" hai="4,6,7,8,9,50,54,57,128,129,130" m="57663" machi="7" ten="30,1000,0" yaku="19,1" doraHai="122" who="3" fromWho="1" sc="271,0,127,-13,336,0,266,13" /><INIT seed="3,0,0,5,1,84" ten="271,114,336,279" oya="3" hai0="128,118,5,90,20,123,82,30,108,0,113,49,64" hai1="66,70,99,116,28,35,53,92,122,31,57,115,102" hai2="6,97,22,85,63,14,46,98,41,9,114,62,95" hai3="78,126,3,34,129,91,33,105,117,131,7,77,60"/><W93/><G117/><T107/><D107/><U1/><E122/><V106/><F114/><W127/><G105/><T52/><D118/><U36/><E115/><V61/><F106/><W51/><G60/><T135/><D123/><U124/><E124/><N who="3" m="47658" /><G51/><T110/><D113/><U23/><E1/><V109/><F109/><N who="0" m="42090" /><D64/><U96/><E35/><N who="3" m="13322" /><G7/><T89/><D82/><U40/><E116/><V21/><F85/><N who="3" m="52463" /><G3/><T54/><D128/><AGARI ba="0,0" hai="77,78,128,129,131" m="52463,13322,47658" machi="128" ten="40,7700,0" yaku="19,1,18,1,52,1" doraHai="84" who="3" fromWho="0" sc="271,-77,114,0,336,0,279,77" owari="194,-20.6,114,-38.6,336,13.6,356,45.6" /></mjloggm>