<mjloggm ver="2.3"><GO type="225" lobby="0"/><UN n0="%E4%BF%BA%E3%81%A8%E5%A6%96%E5%A4%A2" n1="%E5%A4%9C%E5%85%89%E5%A4%A9%E6%A5%BC" n2="%6D%75%75%73%61%6E%6D%75" n3="%E3%81%BF%E3%81%BF%E3%81%9A" dan="17,16,16,17" rate="2214.23,2093.45,2104.38,2277.98" sx="F,F,F,M"/><TAIKYOKU oya="0"/><INIT seed="0,0,0,1,2,55" ten="250,250,250,250" oya="0" hai0="132,75,15,0,95,89,35,114,3,85,84,54,86" hai1="29,121,116,77,110,39,20,21,80,83,79,99,81" hai2="76,111,2,115,71,108,90,94,48,130,131,66,52" hai3="16,104,32,45,10,72,91,68,31,60,18,7,88"/><T34/><D114/><U102/><E116/><V124/><F2/><W27/><G72/><T8/><D75/><U74/><E39/><V123/><F76/><W25/><G104/><T97/><D132/><U4/><E121/><V50/><F115/><W93/><G45/><T103/><D54/><U92/><E110/><N who="2" m="42027" /><F123/><W113/><G113/><T69/><D69/><U37/><E37/><V33/><F33/><W120/><G120/><T40/><D40/><U11/><E29/><V96/><F124/><W127/><G127/><T118/><D118/><U47/><E83/><V58/><F48/><W49/><G49/><T125/><D125/><U38/><E81/><V67/><F71/><W57/><G68/><T46/><D46/><U13/><REACH who="1" step="1"/><E79/><REACH who="1" ten="250,240,250,250" step="2"/><V43/><F43/><AGARI ba="0,1" hai="4,11,13,20,21,38,43,47,74,77,80,92,99,102" machi="43" ten="40,2600,0" yaku="1,1,2,1,53,0" doraHai="55" doraHaiUra="122" who="1" fromWho="2" sc="250,0,240,36,250,-26,250,0" /><BYE who="3" /><INIT seed="1,0,0,0,3,93" ten="250,276,224,250" oya="1" hai0="2,6,41,37,52,45,124,61,110,83,112,18,16" hai1="50,96,29,108,126,23,103,66,135,49,97,122,71" hai2="77,64,121,12,33,47,130,123,35,8,109,72,94" hai3="44,36,69,63,127,119,27,75,0,86,80,21,105"/><U88/><E122/><UN n3="%E3%81%BF%E3%81%BF%E3%81%9A" /><V31/><F109/><W30/><G127/><T107/><D112/><U60/><E108/><V48/><F130/><W111/><G111/><T10/><D110/><U133/><E126/><V118/><F118/><W85/><G119/><T114/><D114/><U58/><E29/><V65/><F72/><W106/><G0/><T101/><D124/><U38/><E38/><V15/><F77/><W129/><G75/><T98/><REACH who="0" step="1"/><D83/><REACH who="0" ten="240,276,224,250" step="2"/><U57/><E133/><V95/><F121/><W51/><G129/><T78/><D78/><U84/><E135/><V68/><F123/><W53/><G36/><T11/><D11/><U104/><E23/><V117/><F117/><W132/><G132/><T82/><D82/><U90/><E71/><V70/><F8/><W14/><G69/><T4/><D4/><U125/><E125/><V22/><F22/><W55/><G80/><T3/><D3/><U128/><E128/><V13/><F70/><W116/><G116/><T19/><D19/><U67/><E104/><V28/><F68/><W43/><G106/><T76/><D76/><U56/><E60/><V20/><F35/><W1/><G105/><T87/><D87/><N who="3" m="33289" /><G1/><T81/><D81/><U46/><E84/><V134/><F33/><W17/><G63/><T92/><D92/><N who="2" m="35370" /><F134/><W120/><G120/><T5/><D5/><U62/><E62/><V113/><F113/><W79/><G79/><T115/><D115/><U26/><E66/><N who="2" m="25707" /><F20/><AGARI ba="0,1" hai="14,17,20,21,27,30,43,44,51,53,55" m="33289" machi="20" ten="30,1000,0" yaku="8,1" doraHai="93" who="3" fromWho="2" sc="240,0,276,0,224,-10,250,20" /><INIT seed="2,0,0,4,3,76" ten="240,276,214,270" oya="2" hai0="95,61,41,5,129,15,59,46,63,82,94,9,45" hai1="26,93,60,10,43,56,86,117,48,34,120,11,55" hai2="104,119,74,58,108,110,36,1,87,121,32,37,6" hai3="29,70,84,14,77,38,33,65,30,19,101,114,91"/><V44/><F119/><W80/><G38/><T52/><D129/><U106/><E106/><V135/><F74/><W89/><G101/><T75/><D63/><U123/><E117/><V111/><F121/><N who="1" m="46665" /><E93/><V53/><F104/><W0/><G0/><T54/><D54/><U73/><E73/><V127/><F32/><W78/><G114/><T109/><D109/><U40/><E86/><V128/><F128/><W85/><G65/><T130/><D130/><U96/><E96/><V83/><F135/><W105/><G70/><T124/><D124/><U22/><E34/><V107/><F107/><W28/><G105/><T126/><D126/><U47/><E43/><V90/><F127/><W81/><G33/><T35/><D35/><U113/><E113/><V68/><F68/><W50/><G50/><T7/><D7/><U23/><E23/><AGARI ba="0,0" hai="14,19,23,28,29,30,77,78,80,81,84,85,89,91" machi="23" ten="40,8000,1" yaku="9,1,8,1,52,2" doraHai="76" who="3" fromWho="1" sc="240,0,276,-80,214,0,270,80" /><INIT seed="3,0,0,3,1,2" ten="240,196,214,350" oya="3" hai0="46,5,89,50,18,40,55,51,91,39,95,79,31" hai1="85,80,109,38,135,70,74,53,56,121,114,113,111" hai2="134,71,58,83,73,110,22,108,47,25,82,54,96" hai3="99,106,126,104,13,62,41,9,43,131,49,59,28"/><W10/><G28/><T45/><D31/><U66/><E74/><V12/><F71/><W93/><G9/><T26/><D79/><U125/><E121/><V118/><F118/><W112/><G126/><T11/><D39/><U86/><E38/><V21/><F134/><W32/><G32/><T19/><D26/><U100/><E100/><V61/><F73/><W116/><G112/><N who="1" m="43114" /><E125/><V128/><F128/><W94/><G131/><T129/><D129/><U124/><E124/><V68/><F96/><W1/><G1/><T16/><REACH who="0" step="1"/><D95/><REACH who="0" ten="230,196,214,350" step="2"/><U30/><E30/><V127/><F127/><W33/><G94/><T48/><D48/><N who="1" m="30759" /><E135/><V4/><F25/><W88/><G49/><T101/><D101/><U8/><E80/><V60/><F82/><W81/><G81/><T78/><D78/><U77/><E77/><V24/><F83/><W36/><G36/><T133/><D133/><U6/><E111/><V90/><F108/><W37/><G116/><T7/><D7/><U92/><E92/><V72/><F110/><W97/><G37/><T103/><D103/><U84/><E109/><V130/><F130/><W67/><G104/><T63/><D63/><N who="2" m="24138" /><F72/><W29/><G29/><T20/><D20/><N who="2" m="7786" /><F24/><W122/><G33/><T117/><D117/><U132/><E132/><V42/><F4/><N who="3" m="3271" /><G106/><T0/><AGARI ba="0,1" hai="0,5,11,16,18,19,40,45,46,50,51,55,89,91" machi="0" ten="30,8000,1" yaku="1,1,0,1,52,1,54,1,53,1" doraHai="2" doraHaiUra="35" who="0" fromWho="0" sc="230,90,196,-20,214,-20,350,-40" owari="320,42.0,176,-32.4,194,-20.6,310,11.0" /></mjloggm>