<mjloggm ver="2.3"><GO type="225" lobby="0"/><UN n0="%6D%75%75%6D%75%72%61" n1="%E9%80%9F%E6%B0%B4%E5%87%9B%E9%A6%99" n2="%73%6C%69%63%6B%33%31%39" n3="%E3%81%8F%E3%81%BE%E3%81%96%E3%82%8F" dan="17,16,17,16" rate="2199.90,2167.44,2201.01,2048.20" sx="F,F,M,M"/><TAIKYOKU oya="0"/><INIT seed="0,0,0,0,3,4" ten="250,250,250,250" oya="0" hai0="67,90,64,135,32,110,97,133,50,42,103,24,69" hai1="100,16,113,37,129,6,44,132,94,124,45,18,109" hai2="72,22,47,43,36,11,102,17,53,13,34,106,112" hai3="12,30,54,80,19,118,70,111,74,101,95,121,99"/><T1/><D1/><U86/><E109/><V25/><F112/><W7/><G118/><T77/><D77/><U61/><E132/><N who="0" m="50761" /><D110/><U81/><E129/><V68/><F72/><W130/><G111/><T31/><D69/><U33/><E124/><V88/><F68/><W84/><G130/><T51/><D90/><U115/><E33/><V14/><F106/><W78/><G121/><T116/><D116/><U2/><E37/><V46/><F102/><W93/><G70/><T55/><D42/><U8/><E61/><V128/><F128/><W40/><G40/><T92/><D50/><U65/><E65/><V123/><F123/><W134/><G134/><T96/><D97/><N who="1" m="59447" /><E44/><AGARI ba="0,0" hai="24,31,32,44,51,55,64,67,92,96,103" m="50761" machi="44" ten="30,1500,0" yaku="20,1" doraHai="4" who="0" fromWho="1" sc="250,15,250,-15,250,0,250,0" /><INIT seed="0,1,0,1,0,1" ten="265,235,250,250" oya="0" hai0="48,27,51,131,117,135,36,119,52,21,22,97,53" hai1="47,124,39,95,18,34,29,14,9,78,123,100,77" hai2="122,120,104,112,24,74,132,66,126,25,102,60,65" hai3="17,56,0,33,42,125,127,58,3,71,40,101,84"/><T59/><D36/><U8/><E123/><V92/><F112/><W99/><G33/><T61/><D131/><U62/><E124/><V63/><F74/><W16/><G71/><T80/><D135/><U89/><E100/><V121/><F126/><W130/><G84/><T57/><D80/><U15/><E29/><V76/><F76/><W64/><G101/><T81/><D81/><U2/><E2/><V116/><F132/><W10/><G10/><T31/><D61/><U111/><E34/><V86/><F104/><W5/><G64/><T93/><D21/><U38/><E111/><V13/><F116/><W88/><G99/><T113/><D113/><U98/><E62/><V91/><F102/><AGARI ba="1,0" hai="22,27,31,48,51,52,53,57,59,93,97,102,117,119" machi="102" ten="30,5800,0" yaku="7,1,9,1,54,1" doraHai="1" who="0" fromWho="2" sc="265,61,235,0,250,-61,250,0" /><INIT seed="0,2,0,2,4,26" ten="326,235,189,250" oya="0" hai0="56,55,54,119,115,100,122,131,12,81,87,71,3" hai1="43,72,123,68,85,14,82,120,78,77,33,101,21" hai2="90,95,98,94,36,91,79,116,75,128,110,13,117" hai3="53,38,31,11,35,62,34,106,125,22,70,80,60"/><T134/><D115/><U83/><E33/><V61/><F36/><W20/><G106/><T16/><D71/><U109/><E68/><V96/><F61/><W84/><G38/><T126/><D119/><N who="2" m="45642" /><F13/><W23/><G125/><T129/><D122/><U5/><E109/><V19/><F19/><W113/><G113/><T127/><D3/><U2/><E2/><V51/><F51/><W40/><G40/><T17/><D100/><U57/><E101/><V64/><F64/><W121/><G121/><T66/><D66/><U111/><E111/><V92/><F110/><W86/><G70/><T105/><D105/><U118/><E118/><V89/><F128/><N who="0" m="49226" /><D17/><U4/><E43/><V6/><F6/><W135/><G135/><T102/><D102/><U97/><E4/><V133/><F133/><W1/><G1/><T52/><D56/><U59/><E59/><V30/><F30/><W108/><G31/><T58/><D58/><U103/><E57/><V65/><F65/><W18/><G18/><T39/><D39/><U74/><E123/><V28/><F28/><W7/><G108/><T48/><D48/><U29/><E120/><V46/><F46/><W0/><G0/><T49/><D49/><U93/><E5/><V107/><F107/><W37/><G7/><T8/><D134/><U88/><E29/><V104/><F104/><W76/><G37/><T114/><D114/><U10/><E21/><V15/><F15/><W67/><G35/><T45/><D45/><U130/><E130/><V50/><F50/><W132/><G34/><T112/><D112/><U42/><E14/><RYUUKYOKU ba="2,0" sc="326,15,235,-15,189,15,250,-15" hai0="8,12,16,52,54,55,81,87,126,127" hai2="75,79,89,90,91,92,94,95,96,98" /><INIT seed="0,3,0,2,4,70" ten="341,220,204,235" oya="0" hai0="119,102,41,104,128,40,121,20,113,81,57,24,114" hai1="36,129,7,90,133,26,83,101,132,112,13,46,109" hai2="55,123,6,23,118,73,122,80,50,39,12,48,86" hai3="53,1,52,127,17,66,16,107,51,82,117,54,75"/><T105/><D119/><U126/><E101/><V45/><F118/><W9/><G117/><T108/><D121/><U89/><E26/><V4/><F73/><W116/><G116/><T95/><D128/><U88/><E129/><V28/><F123/><W27/><G107/><T65/><D81/><U98/><E98/><V87/><F122/><W59/><G127/><T0/><D0/><U64/><E64/><V56/><F39/><W15/><G1/><T35/><D35/><U135/><E126/><V130/><F130/><W120/><G120/><T60/><D105/><U92/><E92/><V2/><F2/><W131/><G131/><T79/><D79/><U47/><E109/><V14/><F87/><W72/><G66/><T18/><D104/><U111/><E111/><V97/><F97/><W106/><G106/><T100/><D100/><U32/><E32/><V93/><F93/><W85/><G72/><T5/><D5/><N who="2" m="2154" /><F23/><N who="3" m="13799" /><G75/><T10/><D108/><U58/><E58/><V49/><F28/><W31/><G31/><T96/><REACH who="0" step="1"/><D10/><REACH who="0" ten="331,220,204,235" step="2"/><N who="1" m="4319" /><E112/><AGARI ba="3,1" hai="18,20,24,40,41,57,60,65,95,96,102,112,113,114" machi="112" ten="40,2000,0" yaku="1,1,53,0" doraHai="70" doraHaiUra="103" who="0" fromWho="1" sc="331,39,220,-29,204,0,235,0" /><INIT seed="0,4,0,3,1,117" ten="370,191,204,235" oya="0" hai0="97,31,29,53,17,59,113,9,30,20,69,111,129" hai1="41,16,2,24,98,123,18,74,70,10,4,120,46" hai2="43,22,61,47,88,103,68,119,79,86,6,57,75" hai3="112,85,56,118,15,60,65,128,67,101,95,105,58"/><T0/><D113/><U71/><E98/><V5/><F68/><W130/><G112/><T64/><D129/><N who="3" m="49769" /><G118/><T124/><D124/><U40/><E40/><V80/><F119/><W38/><G38/><T62/><D111/><U131/><E74/><V11/><F22/><W116/><G116/><T92/><D0/><U37/><E131/><V8/><F103/><W122/><G105/><T106/><D9/><U1/><E1/><V126/><F126/><W121/><G15/><T63/><D106/><U14/><E24/><V27/><F27/><W104/><G104/><T132/><D132/><U26/><E26/><V99/><F6/><W34/><G34/><T96/><D96/><U52/><E18/><V23/><F23/><W90/><G101/><T100/><D30/><U84/><E84/><V50/><F5/><W19/><G19/><T39/><D39/><U13/><E13/><AGARI ba="4,0" hai="13,17,20,29,31,53,59,62,63,64,69,92,97,100" machi="13" ten="30,1500,0" yaku="7,1" doraHai="117" who="0" fromWho="1" sc="370,27,191,-27,204,0,235,0" /><INIT seed="0,5,0,3,5,53" ten="397,164,204,235" oya="0" hai0="56,71,15,89,54,49,38,58,11,29,116,132,109" hai1="19,130,12,21,88,30,28,64,121,57,78,43,82" hai2="86,17,62,16,68,2,36,0,114,69,23,106,32" hai3="42,124,51,61,113,77,80,67,96,125,20,55,59"/><T48/><D116/><U5/><E121/><V92/><F114/><W33/><G33/><T22/><D38/><U3/><E3/><V95/><F106/><W102/><G113/><T133/><D71/><U83/><E130/><V70/><F32/><W65/><G42/><T123/><D123/><U7/><E43/><V134/><F36/><W26/><G80/><T115/><D115/><U52/><E64/><V66/><F134/><N who="0" m="51818" /><D89/><U85/><E28/><V112/><F112/><W107/><G77/><T8/><D109/><U74/><REACH who="1" step="1"/><E30/><REACH who="1" ten="397,154,204,235" step="2"/><V35/><F0/><W63/><G67/><T87/><D29/><U1/><E1/><V90/><F2/><W91/><G65/><T46/><D54/><U34/><E34/><V105/><F35/><W4/><G125/><T129/><D129/><U37/><E37/><V27/><F70/><W31/><G124/><T97/><D22/><U9/><E9/><V10/><F69/><W60/><G20/><T118/><D11/><U103/><E103/><V40/><F40/><W122/><G122/><T76/><D8/><U93/><E93/><V98/><F105/><W24/><G31/><T73/><D118/><U128/><E128/><V81/><F95/><W79/><G107/><T50/><D15/><U119/><E119/><V45/><F10/><W99/><G102/><T6/><D6/><U14/><E14/><V84/><F17/><W127/><G127/><T110/><D110/><U126/><E126/><V104/><F104/><W75/><G4/><T94/><D94/><U111/><E111/><V44/><F98/><N who="3" m="37419" /><G91/><AGARI ba="5,1" hai="16,23,27,44,45,62,66,68,81,84,86,90,91,92" machi="91" ten="30,2000,0" yaku="7,1,54,1" doraHai="53" who="2" fromWho="3" sc="397,0,154,0,204,45,235,-35" /><INIT seed="1,0,0,3,3,61" ten="397,154,249,200" oya="1" hai0="63,58,4,60,3,30,73,54,24,128,91,119,23" hai1="16,121,131,52,125,126,110,82,97,45,33,72,53" hai2="103,38,48,42,22,112,8,49,35,127,10,17,92" hai3="14,123,67,1,15,80,133,102,11,83,55,101,47"/><U62/><E33/><V87/><F35/><W116/><G123/><T95/><D119/><U20/><E121/><V70/><F70/><W44/><G1/><T122/><D122/><U124/><E131/><V100/><F112/><W29/><G116/><T13/><D73/><U107/><E110/><V75/><F75/><W99/><G133/><T106/><D106/><U32/><E32/><V113/><F113/><W41/><G55/><T51/><D3/><U27/><E45/><V66/><F66/><W68/><G68/><T109/><D128/><U132/><E132/><V120/><F120/><W39/><G29/><T2/><D2/><U85/><E72/><V59/><F38/><W134/><G134/><T90/><D90/><N who="1" m="51511" /><E62/><V50/><F42/><W114/><G114/><T76/><D76/><U105/><E105/><V0/><F59/><W12/><G11/><N who="2" m="4137" /><F0/><W43/><G102/><AGARI ba="0,0" hai="16,20,27,52,53,97,102,107,124,125,126" m="51511" machi="102" ten="30,5800,0" yaku="18,1,54,2" doraHai="61" who="1" fromWho="3" sc="397,0,154,58,249,0,200,-58" /><INIT seed="1,1,0,4,3,124" ten="397,212,249,142" oya="1" hai0="77,31,107,65,76,2,117,11,69,112,37,96,58" hai1="97,70,80,10,119,3,7,89,129,75,81,110,82" hai2="83,9,44,104,102,72,88,57,35,34,22,1,43" hai3="41,15,49,19,63,85,86,42,39,73,71,87,61"/><U100/><E119/><V46/><F104/><W109/><G109/><T134/><D112/><U32/><E32/><V95/><F102/><W59/><G73/><T125/><D69/><U94/><E70/><V131/><F131/><W24/><G39/><T55/><D65/><U84/><E110/><V54/><F22/><W25/><G71/><T126/><D31/><U6/><E6/><V105/><F105/><W48/><G15/><T23/><D134/><U118/><E118/><V103/><F103/><W13/><G13/><T99/><D23/><U26/><E26/><V47/><F43/><W52/><G19/><T115/><D11/><U78/><REACH who="1" step="1"/><E129/><REACH who="1" ten="397,202,249,142" step="2"/><V21/><F34/><W128/><G128/><T67/><D117/><U92/><AGARI ba="1,1" hai="3,7,10,75,78,80,81,82,84,89,92,94,97,100" machi="92" ten="20,7800,0" yaku="1,1,2,1,0,1,7,1,53,0" doraHai="124" doraHaiUra="29" who="1" fromWho="1" sc="397,-27,202,91,249,-27,142,-27" /><INIT seed="1,2,0,3,1,89" ten="370,293,222,115" oya="1" hai0="99,33,41,69,57,96,21,65,105,62,112,120,103" hai1="47,87,74,114,60,50,17,22,118,91,29,126,119" hai2="12,37,83,2,123,121,78,132,108,51,97,77,106" hai3="20,81,130,0,45,6,8,42,25,18,61,75,55"/><U110/><E74/><V11/><F37/><W43/><G130/><T111/><D112/><U58/><E114/><V27/><F2/><W76/><G43/><T134/><D111/><U128/><E128/><V129/><F108/><W9/><G9/><T67/><D134/><U127/><E110/><V86/><F129/><W135/><G135/><T131/><D131/><U80/><E29/><V100/><F132/><W4/><G4/><T15/><D33/><U28/><E28/><V117/><F117/><W3/><G61/><T13/><D41/><U26/><E47/><V56/><F27/><W36/><G55/><T102/><D120/><U71/><E71/><V49/><F78/><W39/><G0/><T32/><D32/><U93/><E50/><V66/><F51/><W23/><G23/><T5/><D13/><U19/><E19/><V72/><F72/><W82/><G82/><T95/><D69/><U73/><E73/><V53/><REACH who="2" step="1"/><F66/><REACH who="2" ten="370,293,212,115" step="2"/><W104/><G104/><T31/><D65/><U90/><E119/><V88/><F88/><W63/><G63/><T38/><D105/><U59/><E118/><V7/><AGARI ba="2,1" hai="7,11,12,49,53,56,77,83,86,97,100,106,121,123" machi="7" ten="20,5200,0" yaku="1,1,0,1,7,1,53,1" doraHai="89" doraHaiUra="46" who="2" fromWho="2" sc="370,-15,293,-28,212,68,115,-15" /><INIT seed="2,0,0,3,2,15" ten="355,265,280,100" oya="2" hai0="135,128,54,25,2,89,130,93,104,90,22,87,110" hai1="76,119,55,123,75,59,97,83,125,122,38,100,64" hai2="53,13,131,82,116,32,1,47,12,132,28,118,129" hai3="24,30,4,3,36,52,41,39,8,108,102,26,45"/><V17/><F53/><W126/><G108/><T27/><D110/><U134/><E38/><V91/><F47/><W23/><G126/><T65/><D104/><U101/><E64/><V49/><F49/><W7/><G102/><T10/><D135/><U37/><E37/><V88/><F1/><W78/><G7/><N who="0" m="1399" /><D65/><U81/><E81/><V56/><F56/><W67/><G67/><T14/><D90/><N who="2" m="34346" /><F82/><W111/><G111/><T48/><D25/><U124/><E119/><N who="2" m="45611" /><F17/><W85/><G26/><T35/><D27/><U68/><E68/><V77/><F77/><W133/><G133/><T113/><D35/><U94/><E134/><V60/><F60/><W9/><G39/><T114/><D22/><U66/><E66/><V31/><F32/><W61/><G9/><T98/><D14/><N who="2" m="5738" /><F132/><W127/><G78/><T42/><D42/><U50/><REACH who="1" step="1"/><E100/><REACH who="1" ten="355,255,280,100" step="2"/><V58/><F58/><W5/><G36/><T40/><D54/><U71/><E71/><V117/><F117/><W11/><G52/><T62/><D40/><U51/><E51/><V29/><AGARI ba="0,1" hai="28,29,31,129,131" m="5738,45611,34346" machi="29" ten="40,7800,0" yaku="28,2,54,1" doraHai="15" who="2" fromWho="2" sc="355,-26,255,-26,280,88,100,-26" /><INIT seed="2,1,0,3,2,63" ten="329,229,368,74" oya="2" hai0="115,125,69,118,46,94,90,39,116,121,34,50,107" hai1="65,58,41,133,67,45,83,23,127,81,79,40,55" hai2="15,111,51,72,102,52,6,91,66,43,14,3,54" hai3="135,80,76,128,117,70,48,77,129,7,49,33,61"/><V57/><F72/><W114/><G117/><T108/><RYUUKYOKU type="yao9" ba="1,0" sc="329,0,229,0,368,0,74,0" hai0="34,39,46,50,69,90,94,107,108,115,116,118,121,125" /><INIT seed="2,2,0,3,2,2" ten="329,229,368,74" oya="2" hai0="102,4,96,72,123,53,36,49,41,19,13,99,104" hai1="85,113,73,114,37,66,80,17,48,93,82,27,0" hai2="128,90,107,70,54,92,105,135,51,22,134,20,55" hai3="95,63,132,130,84,8,25,39,108,46,33,12,42"/><V115/><F70/><W35/><G108/><T101/><D123/><U103/><E37/><V16/><F20/><W31/><G130/><T131/><D72/><U9/><E73/><V43/><F43/><W69/><G132/><N who="2" m="50729" /><F115/><W30/><G84/><T94/><D131/><U56/><E80/><V116/><F116/><W32/><G95/><T88/><D36/><U38/><E38/><V106/><F51/><W79/><G79/><T76/><D41/><U125/><E93/><V7/><F7/><W1/><G31/><T26/><D76/><U15/><E48/><V21/><F21/><W57/><G57/><T100/><D26/><U81/><E27/><N who="2" m="14791" /><F128/><W67/><REACH who="3" step="1"/><G12/><REACH who="3" ten="329,229,368,64" step="2"/><T89/><D104/><U11/><E15/><V47/><F47/><W86/><G86/><AGARI ba="2,1" hai="54,55,86,90,92,105,106,107" m="14791,50729" machi="86" ten="40,3900,0" yaku="20,1,54,1" doraHai="2" who="2" fromWho="3" sc="329,0,229,0,368,55,64,-45" /><INIT seed="2,3,0,2,5,67" ten="329,229,423,19" oya="2" hai0="102,60,63,81,105,57,55,48,41,32,84,124,13" hai1="112,115,89,38,125,101,16,80,34,78,49,103,111" hai2="117,22,15,68,129,127,114,113,70,86,71,61,3" hai3="77,24,45,42,19,98,53,37,52,65,120,94,133"/><V69/><F117/><W123/><G133/><T31/><D124/><U26/><E38/><V33/><F33/><W21/><G77/><T50/><D13/><U122/><E125/><V119/><F119/><W83/><G83/><T23/><D23/><U64/><E111/><V8/><F127/><W0/><G0/><T90/><D41/><U97/><E122/><V87/><F3/><W6/><G6/><T100/><D63/><U109/><E109/><V106/><F106/><W74/><G74/><T79/><D79/><U85/><E49/><V9/><F129/><W82/><G82/><T14/><D14/><U35/><E35/><V99/><F68/><W1/><G1/><T131/><D131/><U39/><E39/><V66/><F69/><W75/><G75/><T135/><D135/><U36/><E36/><V110/><F70/><W44/><G65/><T130/><D50/><U20/><E64/><V4/><F71/><W96/><G96/><T27/><D130/><U118/><E118/><V56/><F110/><W30/><G30/><T47/><D105/><U5/><E5/><V107/><F107/><W43/><G120/><T28/><D28/><U40/><E40/><V116/><F116/><W93/><G123/><T73/><D73/><U54/><E34/><V10/><F113/><W11/><G11/><T121/><D121/><U128/><E128/><V18/><F114/><N who="1" m="43561" /><E54/><N who="3" m="21098" /><G98/><T17/><D17/><U95/><E78/><V126/><F126/><W25/><G25/><T92/><D81/><U59/><E59/><V29/><F99/><W132/><G132/><T91/><D91/><RYUUKYOKU ba="3,0" sc="329,10,229,10,423,-30,19,10" hai0="27,31,32,47,48,55,57,60,84,90,92,100,102" hai1="16,20,26,80,85,89,95,97,101,103" hai3="19,21,24,37,42,43,44,45,93,94" /><INIT seed="3,4,0,1,0,117" ten="339,239,393,29" oya="3" hai0="20,65,76,51,93,63,81,80,91,26,57,14,9" hai1="104,106,112,54,32,105,85,132,31,19,120,38,103" hai2="129,99,41,67,102,86,13,35,27,40,121,109,21" hai3="10,108,39,52,6,43,46,22,75,90,48,125,2"/><W77/><G125/><T68/><D68/><U101/><E112/><V33/><F109/><W42/><G108/><T128/><D51/><U1/><E1/><V131/><F121/><W56/><G90/><T124/><D128/><N who="2" m="49226" /><F67/><W74/><G43/><N who="2" m="16457" /><F86/><W11/><G22/><T127/><D127/><U115/><E38/><V59/><F59/><W4/><REACH who="3" step="1"/><G77/><REACH who="3" ten="339,239,393,19" step="2"/><T53/><D124/><U24/><E115/><V122/><F122/><W71/><G71/><T5/><D76/><U89/><E120/><V134/><F134/><W72/><G72/><T133/><D133/><U135/><E132/><V100/><F35/><W88/><G88/><T3/><D91/><U70/><E135/><V28/><F99/><W37/><G37/><T15/><D20/><U30/><E70/><V123/><F123/><W94/><G94/><T7/><D93/><U55/><E106/><V66/><F66/><W78/><G78/><T29/><D65/><U116/><E105/><V49/><F49/><W92/><G92/><T25/><D53/><U130/><E130/><V83/><F83/><W113/><G113/><T8/><D80/><U110/><E104/><V79/><F79/><W96/><G96/><T95/><D81/><U111/><E111/><V58/><F58/><W62/><G62/><T73/><D95/><U69/><E110/><V50/><F50/><W17/><G17/><AGARI ba="4,1" hai="13,17,21,27,28,33,100,102" m="16457,49226" machi="17" ten="30,1000,0" yaku="19,1" doraHai="117" who="2" fromWho="3" sc="339,0,239,0,393,32,19,-22" owari="339,13.9,239,-16.1,425,52.5,-3,-50.3" /></mjloggm>