<mjloggm ver="2.3"><GO type="225" lobby="0"/><UN n0="%47%68%6F%73%74%55%30" n1="%E5%A4%96%E5%B7%9D%E7%AB%9C%E6%88%90" n2="%E6%B0%B7%E5%B7%9D%E9%87%8C%E5%A5%88" n3="%4C%4F%4C%49%54%41" dan="17,16,16,16" rate="2160.49,2206.62,2111.18,2153.89" sx="M,M,F,F"/><TAIKYOKU oya="0"/><INIT seed="0,0,0,4,2,102" ten="250,250,250,250" oya="0" hai0="51,70,119,0,32,58,63,135,61,13,113,109,60" hai1="118,106,19,1,101,10,6,92,54,71,12,48,17" hai2="122,111,44,24,87,82,75,83,28,123,134,124,50" hai3="76,27,73,104,100,115,127,86,35,45,56,39,53"/><T55/><D0/><U85/><E71/><V4/><F4/><W110/><G115/><T130/><D32/><U96/><E118/><V132/><F75/><W5/><G110/><T16/><D113/><U65/><E65/><V128/><F111/><W9/><G127/><T46/><D109/><U84/><E92/><V108/><F108/><W40/><G86/><T78/><D119/><U114/><E114/><V66/><F66/><W72/><G35/><T34/><D34/><U41/><E41/><N who="2" m="24847" /><F128/><W81/><G27/><T126/><D70/><U99/><E99/><V8/><F8/><W121/><G73/><T47/><D130/><U26/><E26/><V64/><F64/><W57/><G53/><T7/><D7/><U69/><E69/><V2/><F2/><N who="3" m="183" /><G121/><N who="2" m="46089" /><F87/><W30/><G30/><T117/><D117/><U112/><E112/><V52/><F52/><W23/><G23/><N who="0" m="11663" /><D126/><U18/><REACH who="1" step="1"/><E1/><REACH who="1" ten="250,240,250,250" step="2"/><V97/><F97/><AGARI ba="0,1" hai="39,40,45,56,57,72,76,81,97,100,104" m="183" machi="97" ten="30,2000,0" yaku="25,1,52,1" doraHai="102" who="3" fromWho="2" sc="250,0,240,0,250,-20,250,30" /><INIT seed="1,0,0,0,1,97" ten="250,240,230,280" oya="1" hai0="38,17,35,67,29,83,69,115,36,28,130,133,84" hai1="108,1,34,45,113,131,31,100,118,46,5,70,26" hai2="20,8,47,135,91,63,53,129,44,112,122,10,60" hai3="12,111,24,30,124,3,88,76,102,52,54,123,96"/><U81/><E113/><V80/><F122/><W126/><G123/><T101/><D115/><U7/><E118/><V78/><F112/><W61/><G111/><T89/><D130/><U117/><E117/><V105/><F135/><W25/><G3/><T73/><D133/><U128/><E70/><V94/><F129/><N who="1" m="49737" /><E108/><V99/><F105/><W18/><G76/><T51/><D73/><U4/><E1/><V48/><F47/><N who="1" m="17929" /><E81/><V75/><F20/><W59/><G88/><T49/><D35/><U82/><E82/><V92/><F63/><W0/><G54/><T107/><D36/><U116/><E116/><V103/><REACH who="2" step="1"/><F60/><REACH who="2" ten="250,240,220,280" step="2"/><W66/><G61/><T22/><D22/><U64/><E64/><V56/><F56/><W79/><G66/><T43/><D67/><U119/><E119/><V14/><F14/><W127/><G12/><T40/><D69/><U16/><E16/><V65/><F65/><W23/><G59/><T15/><D17/><U42/><E42/><V39/><F39/><W120/><G120/><T72/><D15/><U93/><E4/><V86/><AGARI ba="0,1" hai="8,10,44,48,53,75,78,80,86,91,92,94,99,103" machi="86" ten="20,5200,0" yaku="1,1,0,1,7,1,52,1,53,0" doraHai="97" doraHaiUra="68" who="2" fromWho="2" sc="250,-13,240,-26,220,62,280,-13" /><INIT seed="2,0,0,0,0,9" ten="237,214,282,267" oya="2" hai0="38,30,102,40,67,15,114,96,60,123,24,11,37" hai1="108,14,35,76,107,75,129,42,134,57,82,71,5" hai2="53,34,90,110,16,112,126,92,2,69,81,99,91" hai3="49,22,59,20,8,46,25,36,62,70,77,130,83"/><V132/><F112/><W106/><G130/><T73/><D114/><U84/><E71/><V100/><F2/><W101/><G70/><T72/><D123/><U27/><E129/><V7/><F7/><W41/><G106/><T61/><D72/><U128/><E107/><V94/><F34/><W0/><G101/><T39/><D73/><U105/><E105/><V52/><F69/><W87/><G36/><T93/><D40/><U104/><E104/><V113/><F113/><W29/><G0/><T122/><D122/><U13/><E128/><V88/><F126/><W117/><G8/><T109/><D67/><U79/><E5/><V124/><F124/><W68/><G68/><T80/><D80/><U54/><E42/><V43/><F43/><W103/><G103/><T4/><REACH who="0" step="1"/><D109/><REACH who="0" ten="227,214,282,267" step="2"/><U48/><E75/><V17/><F110/><W28/><G41/><T45/><D45/><U58/><E108/><V18/><F81/><W121/><G121/><T47/><D47/><U127/><E127/><V115/><F115/><W64/><G46/><T31/><D31/><U23/><E134/><V97/><F132/><W21/><G28/><T119/><D119/><U50/><E79/><V78/><F78/><W10/><G117/><T74/><D74/><U111/><E111/><V56/><F56/><W120/><G120/><T55/><D55/><AGARI ba="0,1" hai="16,17,18,52,53,55,88,90,91,92,94,97,99,100" machi="55" ten="40,12000,1" yaku="8,1,54,3" doraHai="9" who="2" fromWho="0" sc="227,-120,214,0,282,130,267,0" /><INIT seed="2,1,0,4,3,73" ten="107,214,412,267" oya="2" hai0="88,93,55,42,121,123,38,135,130,118,19,58,46" hai1="126,57,82,101,69,128,33,107,15,124,36,77,98" hai2="56,78,132,3,20,94,12,100,7,90,67,75,17" hai3="129,95,89,104,110,65,37,34,81,35,108,85,99"/><V115/><F115/><W52/><G37/><T9/><D135/><U43/><E69/><V51/><F132/><W116/><G116/><T105/><D105/><U22/><E33/><V24/><F100/><W96/><G65/><T2/><D130/><U49/><E128/><V120/><F120/><W54/><G129/><T6/><D19/><U119/><E119/><V47/><F3/><W28/><G99/><T50/><REACH who="0" step="1"/><D118/><REACH who="0" ten="97,214,412,267" step="2"/><U27/><E107/><V84/><F7/><W11/><G104/><T109/><D109/><U92/><E126/><V4/><F4/><W45/><G108/><T103/><D103/><U127/><E124/><V74/><F17/><W64/><G110/><T21/><D21/><U131/><E127/><V87/><F20/><W0/><G34/><T25/><D25/><U79/><E27/><V60/><F24/><W14/><G35/><T111/><D111/><U80/><E131/><V83/><REACH who="2" step="1"/><F12/><REACH who="2" ten="97,214,402,267" step="2"/><W125/><G14/><T39/><D39/><U63/><E36/><V91/><F91/><W1/><G125/><T102/><D102/><U97/><E22/><V18/><F18/><W72/><G89/><T66/><D66/><U113/><E15/><V40/><AGARI ba="1,2" hai="40,47,51,56,60,67,74,75,78,83,84,87,90,94" machi="40" ten="20,7800,0" yaku="1,1,0,1,7,1,52,1,53,0" doraHai="73" doraHaiUra="8" who="2" fromWho="2" sc="97,-27,214,-27,402,101,267,-27" /><INIT seed="2,2,0,0,4,19" ten="70,187,503,240" oya="2" hai0="76,21,41,78,49,69,113,84,33,112,128,66,47" hai1="54,81,44,7,59,120,68,124,134,122,13,4,82" hai2="73,109,36,11,29,92,107,23,89,108,129,79,10" hai3="2,53,8,104,103,88,115,50,72,45,94,99,5"/><V80/><F107/><W111/><G111/><N who="2" m="42569" /><F36/><W3/><G115/><T87/><D33/><U96/><E68/><V15/><F129/><W20/><G72/><T61/><D128/><U65/><E124/><V125/><F125/><W93/><G20/><T9/><D9/><N who="2" m="3082" /><F15/><W42/><G42/><T117/><D117/><U110/><E13/><V83/><F79/><W12/><G104/><T58/><D78/><U16/><E4/><V121/><F73/><W130/><G130/><T133/><D133/><U97/><E7/><V34/><F34/><W63/><G63/><T100/><D76/><U14/><E134/><V22/><F121/><W67/><G67/><T43/><D112/><U56/><E65/><V118/><F118/><W39/><G39/><T90/><D113/><U6/><E6/><V64/><F64/><W40/><G40/><T46/><D69/><U57/><E110/><V98/><F29/><W106/><G106/><T127/><D127/><U28/><E28/><V101/><F101/><W77/><G77/><T35/><D35/><U119/><E119/><V116/><F116/><W131/><G131/><T51/><D100/><U17/><E122/><V95/><F95/><W86/><AGARI ba="2,0" hai="2,3,5,8,12,45,50,53,86,88,93,94,99,103" machi="86" ten="20,2700,0" yaku="0,1,7,1,54,1" doraHai="19" who="3" fromWho="3" sc="70,-9,187,-9,503,-15,240,33" /><INIT seed="3,0,0,2,2,126" ten="61,178,488,273" oya="3" hai0="74,70,83,61,65,62,119,109,81,127,7,11,57" hai1="112,19,92,114,5,101,41,50,3,134,27,52,132" hai2="58,2,72,98,46,123,73,104,116,95,64,31,54" hai3="17,21,90,135,13,10,129,79,43,88,32,38,131"/><W59/><G32/><T93/><D119/><U45/><E101/><V44/><F116/><W86/><G135/><N who="1" m="51754" /><E92/><V0/><F104/><W16/><G38/><T15/><D127/><U78/><E78/><V55/><F31/><W133/><G133/><T60/><D109/><U110/><E27/><V94/><F123/><W14/><G43/><T30/><D74/><U124/><E19/><V84/><F84/><W89/><G79/><T103/><D70/><U128/><E5/><V39/><F58/><W36/><G36/><T106/><D106/><U34/><E3/><V76/><F39/><W108/><G108/><T118/><D118/><U66/><E34/><V77/><F64/><W122/><G122/><T80/><D30/><U6/><E6/><V37/><F37/><W24/><G59/><T18/><D103/><U68/><E110/><V99/><AGARI ba="0,0" hai="0,2,44,46,54,55,72,73,76,77,94,95,98,99" machi="99" ten="25,3200,0" yaku="0,1,22,2" doraHai="126" who="2" fromWho="2" sc="61,-8,178,-8,488,32,273,-16" owari="53,-44.7,170,-23.0,520,62.0,257,5.7" /></mjloggm>