<mjloggm ver="2.3"><GO type="225" lobby="0"/><UN n0="%E3%81%BF%E3%81%BF%E3%81%9A" n1="%E4%BA%95%E5%B8%AF" n2="%E3%83%B4%E3%82%A3%E3%83%AF%E3%82%B3%E3%82%B0%E3%83%8B" n3="%E3%83%97%E3%83%AC%E3%83%B4%E3%82%A1%E3%83%86%E3%82%A3" dan="16,16,16,16" rate="2152.84,2045.03,2152.91,2053.13" sx="M,M,M,F"/><TAIKYOKU oya="0"/><INIT seed="0,0,0,2,5,39" ten="250,250,250,250" oya="0" hai0="31,9,109,12,76,43,8,123,63,125,113,73,61" hai1="91,112,17,108,49,115,126,79,0,92,72,27,33" hai2="10,2,30,80,133,46,117,132,97,118,56,53,85" hai3="105,38,7,25,48,104,40,5,68,50,32,51,66"/><T29/><D113/><N who="1" m="43595" /><E108/><V47/><F30/><W82/><G32/><T20/><D123/><U62/><E0/><V52/><F97/><W121/><G25/><T122/><D122/><U23/><E62/><N who="2" m="36103" /><F2/><W119/><G121/><T88/><D76/><U35/><E126/><V99/><F99/><W54/><G119/><N who="2" m="45577" /><F10/><W86/><G68/><T135/><D73/><U4/><E4/><V83/><F83/><W81/><G66/><T70/><D70/><U134/><E134/><N who="2" m="51819" /><F53/><W34/><G54/><T130/><D135/><U93/><E93/><V24/><F24/><W69/><G69/><T84/><D8/><U78/><E35/><V6/><F6/><W1/><G34/><T13/><D125/><U67/><E27/><V16/><F16/><W114/><G114/><T22/><D9/><U101/><E17/><V95/><F95/><W111/><G1/><T110/><D29/><U71/><E92/><V103/><F103/><W60/><G5/><T64/><D31/><U74/><E101/><V15/><F15/><W75/><G7/><T87/><D64/><U124/><E67/><V128/><F128/><W55/><G55/><T42/><D88/><AGARI ba="0,0" hai="46,47,80,85,88" m="51819,45577,36103" machi="88" ten="30,7700,0" yaku="12,1,20,1,54,2" doraHai="39" who="2" fromWho="0" sc="250,-77,250,0,250,77,250,0" /><INIT seed="1,0,0,5,3,54" ten="173,250,327,250" oya="1" hai0="44,36,13,112,81,34,32,116,17,117,126,29,35" hai1="113,79,4,106,91,47,25,50,108,39,100,5,111" hai2="96,121,65,68,119,63,22,123,80,20,105,118,124" hai3="75,97,42,57,7,66,49,16,133,59,0,85,131"/><U95/><E39/><V89/><F20/><W88/><G75/><T40/><D112/><U107/><E79/><V56/><F124/><W135/><G131/><T52/><D126/><U3/><E25/><V77/><F22/><W51/><G97/><T128/><D29/><U72/><E72/><N who="2" m="43047" /><F56/><N who="3" m="21579" /><G66/><T76/><D128/><U33/><E33/><V41/><F89/><W125/><G125/><T2/><D52/><N who="1" m="29791" /><E100/><N who="2" m="62599" /><F41/><W61/><G61/><T27/><D27/><U83/><E83/><V71/><F68/><W70/><G70/><T132/><D132/><N who="3" m="50761" /><G42/><T62/><D62/><U103/><E103/><V1/><F1/><W21/><G7/><T92/><D92/><U122/><E5/><V64/><F64/><W104/><G104/><T19/><D2/><U94/><E107/><V78/><F78/><W9/><G9/><T6/><D6/><U102/><E106/><V120/><AGARI ba="0,0" hai="63,65,71,118,119,120,121,123" m="62599,43047" machi="120" ten="30,1100,0" yaku="23,1" doraHai="54" who="2" fromWho="2" sc="173,-3,250,-5,327,11,250,-3" /><INIT seed="2,0,0,2,0,5" ten="170,245,338,247" oya="2" hai0="89,54,17,31,77,35,130,128,10,34,125,50,124" hai1="74,114,117,76,79,69,11,58,107,42,21,19,41" hai2="102,4,3,93,12,49,68,110,104,81,96,133,25" hai3="29,134,37,87,64,97,82,16,63,53,47,66,60"/><V33/><F133/><W101/><G134/><T14/><D77/><U106/><E69/><V116/><F116/><W15/><G29/><T2/><D89/><U6/><E74/><V0/><F12/><W98/><G37/><T51/><D51/><U94/><E114/><V28/><F4/><W95/><G98/><T100/><D100/><U22/><E117/><V86/><F110/><W36/><G36/><T57/><D2/><U39/><E94/><V62/><F93/><W119/><G119/><T118/><D118/><U112/><E112/><V109/><F49/><N who="3" m="28863" /><G63/><T55/><D55/><U120/><E58/><V7/><F7/><W65/><G60/><T115/><D115/><U127/><E39/><V30/><F30/><W131/><G131/><N who="0" m="50219" /><D31/><U23/><E79/><N who="2" m="46399" /><F109/><W132/><G132/><T126/><AGARI ba="0,0" hai="10,14,17,34,35,50,54,57,124,125,126" m="50219" machi="126" ten="40,5200,0" yaku="18,1,19,1,52,1" doraHai="5" who="0" fromWho="0" sc="170,52,245,-13,338,-26,247,-13" /><INIT seed="3,0,0,4,5,57" ten="222,232,312,234" oya="3" hai0="97,108,6,71,10,20,93,109,81,68,39,4,64" hai1="135,34,105,56,111,58,79,74,23,91,103,94,84" hai2="45,114,116,101,63,48,0,120,26,129,82,33,67" hai3="132,124,85,62,47,2,76,42,11,87,9,96,125"/><W128/><G2/><T44/><D20/><U21/><E34/><V70/><F0/><W46/><G128/><T59/><D81/><N who="1" m="45303" /><E111/><N who="0" m="42569" /><D44/><N who="3" m="16937" /><G42/><T88/><D39/><U14/><E135/><V55/><F129/><W17/><G132/><T3/><D4/><U90/><E90/><V73/><F116/><W106/><G76/><T99/><D99/><N who="1" m="61695" /><E14/><V83/><F73/><W119/><G119/><T112/><D112/><U92/><E92/><V60/><F120/><W49/><G49/><T40/><D40/><U80/><E94/><V107/><F33/><W95/><G106/><T122/><D122/><U41/><E41/><V61/><F107/><W22/><G87/><T37/><D37/><U69/><E69/><N who="0" m="26697" /><D59/><U110/><E110/><V38/><F114/><W66/><G85/><T133/><D133/><U1/><E1/><V15/><F82/><W43/><G43/><T52/><D52/><U104/><E58/><V127/><F83/><W8/><G66/><AGARI ba="0,0" hai="3,6,10,64,66,88,93,97" m="26697,42569" machi="66" ten="30,2000,0" yaku="14,1,54,1" doraHai="57" who="0" fromWho="3" sc="222,20,232,0,312,0,234,-20" owari="242,4.2,232,-16.8,312,41.2,214,-28.6" /></mjloggm>