<mjloggm ver="2.3"><GO type="225" lobby="0"/><UN n0="%E3%81%82%E3%82%93%E3%81%AA%E3%81%A4" n1="%E8%A8%88%E7%AE%97%E6%A9%9F%E8%87%AA%E7%84%B6" n2="%6D%75%75%6D%75%72%61" n3="%48%61%61%61%6C%61%6E%64" dan="16,17,16,17" rate="2124.25,2246.03,2094.69,2227.38" sx="M,M,F,M"/><TAIKYOKU oya="0"/><INIT seed="0,0,0,2,2,107" ten="250,250,250,250" oya="0" hai0="105,74,123,5,66,100,114,15,119,26,45,3,126" hai1="6,70,31,13,83,77,106,4,38,75,49,57,127" hai2="134,78,0,85,71,133,91,19,130,69,1,30,40" hai3="39,41,48,37,93,97,56,47,82,51,128,25,21"/><T116/><D114/><U103/><E70/><N who="2" m="26635" /><F78/><W20/><G128/><T90/><D66/><U34/><E38/><V67/><F130/><W76/><G39/><T43/><D15/><U72/><E127/><V68/><F40/><W124/><G124/><T64/><D64/><U58/><E72/><V132/><F30/><W88/><G56/><T118/><D90/><U12/><E13/><V102/><F102/><W62/><G62/><T60/><D60/><U42/><E42/><V112/><F112/><W50/><REACH who="3" step="1"/><G25/><REACH who="3" ten="250,250,250,240" step="2"/><T129/><D26/><U53/><E57/><V92/><F19/><W36/><G36/><N who="0" m="21735" /><D129/><U94/><E58/><V7/><F7/><W101/><G101/><T32/><D126/><U22/><E4/><V14/><F14/><W131/><G131/><T73/><D123/><U96/><E6/><V121/><F121/><W84/><AGARI ba="0,1" hai="20,21,37,41,47,48,50,51,76,82,84,88,93,97" machi="84" ten="30,4000,0" yaku="1,1,0,1,54,1,53,0" doraHai="107" doraHaiUra="8" who="3" fromWho="3" sc="250,-20,250,-10,250,-10,240,50" /><INIT seed="1,0,0,0,2,92" ten="230,240,240,290" oya="1" hai0="69,39,108,102,57,126,53,90,99,55,76,122,101" hai1="3,89,132,34,50,134,86,71,60,106,25,27,97" hai2="129,111,109,121,124,112,83,130,95,123,17,107,65" hai3="10,24,88,77,98,120,44,21,49,64,20,91,104"/><U54/><E3/><V45/><F65/><W41/><G120/><N who="2" m="46153" /><F45/><W81/><G64/><T28/><D122/><U22/><E34/><V26/><F17/><W43/><G43/><T9/><D69/><U37/><E37/><V127/><F26/><W72/><G10/><T96/><D108/><N who="2" m="41546" /><F107/><W23/><REACH who="3" step="1"/><G24/><REACH who="3" ten="230,240,240,280" step="2"/><T36/><D53/><U131/><E25/><V113/><F95/><W47/><G47/><T87/><D55/><U14/><E27/><V118/><F83/><W63/><G63/><T38/><D28/><U19/><E60/><V18/><F118/><W42/><G42/><T58/><D38/><U0/><E71/><V51/><F51/><W103/><AGARI ba="0,1" hai="20,21,23,41,44,49,72,77,81,88,91,98,103,104" machi="103" ten="30,7900,0" yaku="1,1,0,1,52,1,54,1,53,0" doraHai="92" doraHaiUra="29" who="3" fromWho="3" sc="230,-20,240,-39,240,-20,280,89" /><INIT seed="2,0,0,3,5,48" ten="210,201,220,369" oya="2" hai0="28,53,133,12,135,11,38,0,18,2,5,10,59" hai1="82,127,56,75,87,37,120,45,72,15,54,105,69" hai2="14,17,19,112,65,13,110,126,41,129,70,25,6" hai3="97,95,108,130,124,96,32,116,39,29,79,73,55"/><V123/><F112/><W27/><G116/><T64/><D38/><U90/><E69/><V85/><F123/><W89/><G108/><T78/><D78/><U103/><E120/><V20/><F110/><W31/><G39/><T77/><D77/><U46/><E127/><V7/><F41/><W86/><G124/><T106/><D106/><U44/><E37/><V35/><F126/><W98/><G130/><T80/><D80/><U117/><E117/><V115/><F115/><W81/><G31/><T52/><D28/><U16/><E105/><V114/><F114/><W118/><G118/><T119/><D0/><U102/><E72/><V113/><F113/><W88/><REACH who="3" step="1"/><G55/><REACH who="3" ten="210,201,220,359" step="2"/><T63/><D119/><U57/><E75/><V92/><F129/><W24/><G24/><T47/><D47/><U84/><E84/><V26/><F85/><W22/><G22/><T132/><AGARI ba="0,1" hai="2,5,10,11,12,18,52,53,59,63,64,132,133,135" machi="132" ten="30,8000,1" yaku="0,1,20,1,52,2,54,1" doraHai="48" who="0" fromWho="0" sc="210,90,201,-20,220,-40,359,-20" /><INIT seed="3,0,0,5,4,130" ten="300,181,180,339" oya="3" hai0="90,4,123,77,114,27,13,30,124,91,37,103,38" hai1="102,88,92,24,62,97,67,105,11,59,100,115,78" hai2="55,118,47,58,93,40,22,48,128,41,83,23,96" hai3="112,71,20,72,2,74,1,86,79,110,113,68,69"/><W87/><G20/><N who="2" m="7721" /><F128/><W65/><G65/><T60/><D123/><U0/><E115/><N who="3" m="44106" /><G79/><T3/><D114/><U122/><E122/><V119/><F119/><W89/><G89/><T14/><D77/><U84/><E24/><V125/><F118/><W107/><G107/><T64/><D103/><U39/><E39/><V135/><F125/><W10/><G10/><T101/><D101/><U16/><E0/><N who="3" m="106" /><G110/><T36/><D124/><U111/><E111/><V50/><F135/><W106/><G106/><T34/><D3/><U133/><E133/><V7/><F7/><W25/><G25/><T73/><D73/><AGARI ba="0,0" hai="68,69,71,72,73,74,86,87" m="106,44106" machi="73" ten="40,3900,0" yaku="28,2" doraHai="130" who="3" fromWho="0" sc="300,-39,181,0,180,0,339,39" owari="261,6.1,181,-21.9,180,-32.0,378,47.8" /></mjloggm>