<mjloggm ver="2.3"><GO type="225" lobby="0"/><UN n0="%E3%81%BF%E3%81%BF%E3%81%9A" n1="%E3%81%8B%E3%82%8F%E3%81%A1%E3%82%83%E3%82%93%35%38" n2="%E3%81%AA%E3%81%8A%E3%81%A8%4E%4D%42" n3="%E3%83%97%E3%83%92" dan="16,16,16,16" rate="2167.40,2142.48,2123.07,2163.22" sx="M,M,M,M"/><TAIKYOKU oya="0"/><INIT seed="0,0,0,1,2,135" ten="250,250,250,250" oya="0" hai0="87,44,45,28,78,0,123,105,50,96,48,63,29" hai1="51,91,104,79,86,92,113,2,32,35,6,80,116" hai2="17,83,82,107,10,75,90,110,5,108,120,53,38" hai3="55,56,59,84,97,69,74,21,4,70,11,103,130"/><T134/><D123/><U73/><E116/><V88/><F120/><W68/><G74/><T128/><D0/><U7/><E113/><V89/><F38/><W15/><G130/><T132/><D105/><U12/><E2/><V62/><F107/><W119/><G119/><T112/><D96/><U129/><E129/><V3/><F17/><W13/><G84/><T8/><D128/><U26/><E26/><V95/><F95/><W93/><G55/><T127/><D63/><U61/><E12/><V23/><F23/><W31/><REACH who="3" step="1"/><G31/><REACH who="3" ten="250,250,250,240" step="2"/><T94/><D112/><U66/><E73/><V60/><F53/><W118/><G118/><T64/><D87/><U100/><E86/><V47/><F75/><W121/><G121/><T77/><D64/><U81/><E66/><V37/><F83/><W67/><G67/><T101/><D94/><U133/><E92/><V1/><F82/><W43/><G43/><T126/><REACH who="0" step="1"/><D8/><REACH who="0" ten="240,250,250,240" step="2"/><U9/><E9/><V16/><F1/><W76/><G76/><T14/><D14/><U106/><E79/><V111/><REACH who="2" step="1"/><F16/><AGARI ba="0,2" hai="4,11,13,15,16,21,56,59,68,69,70,93,97,103" machi="16" ten="40,5200,0" yaku="1,1,54,1,53,1" doraHai="135" doraHaiUra="18" who="3" fromWho="2" sc="240,0,250,0,250,-52,240,72" /><INIT seed="1,0,0,0,2,58" ten="240,250,198,312" oya="1" hai0="62,38,42,52,18,116,82,120,47,10,5,51,135" hai1="108,68,134,41,3,97,80,118,13,63,8,79,75" hai2="90,96,2,131,43,16,81,95,35,127,27,65,31" hai3="98,112,4,26,6,24,84,100,88,125,7,104,44"/><U40/><E118/><V86/><F127/><W34/><G125/><T113/><D116/><U103/><E3/><V15/><F131/><W117/><G117/><T101/><D113/><U55/><E134/><V77/><F2/><W93/><G112/><T25/><D135/><U110/><E41/><V72/><F65/><W66/><G34/><T61/><D120/><U48/><E40/><V74/><REACH who="2" step="1"/><F43/><REACH who="2" ten="240,250,188,312" step="2"/><W89/><G66/><T29/><D42/><U87/><E110/><V107/><F107/><W67/><G44/><T111/><D47/><U126/><E108/><V23/><AGARI ba="0,1" hai="15,16,23,27,31,35,72,74,77,81,86,90,95,96" machi="23" ten="20,5200,0" yaku="1,1,0,1,7,1,54,1,53,0" doraHai="58" doraHaiUra="64" who="2" fromWho="2" sc="240,-13,250,-26,188,62,312,-13" /><INIT seed="2,0,0,3,4,39" ten="227,224,250,299" oya="2" hai0="108,76,126,29,51,12,16,105,98,37,24,91,50" hai1="61,0,122,124,114,81,77,48,129,107,47,132,3" hai2="5,53,59,21,71,125,31,57,109,54,63,112,92" hai3="83,111,35,67,1,123,34,46,52,74,79,121,119"/><V80/><F112/><W135/><G119/><T100/><D37/><U85/><E114/><V2/><F125/><W69/><G1/><T84/><D126/><U18/><E124/><V42/><F2/><W49/><G111/><T10/><D76/><U25/><E107/><V26/><F5/><W15/><G135/><T101/><D101/><U8/><E132/><V116/><F116/><W117/><G117/><T65/><D108/><U20/><E129/><V103/><F109/><W90/><G90/><T102/><D102/><U44/><E122/><V28/><F71/><W133/><G133/><T72/><D72/><U95/><E47/><V62/><F80/><W110/><G110/><T11/><D10/><U87/><E8/><V32/><F32/><W134/><G134/><T118/><D65/><U130/><E130/><V70/><F70/><W23/><G121/><T68/><D68/><U93/><E61/><V14/><F14/><W78/><G78/><T40/><D40/><N who="1" m="24583" /><E0/><V89/><F103/><W19/><G123/><T96/><D96/><U7/><E3/><V6/><F42/><W64/><REACH who="3" step="1"/><G67/><REACH who="3" ten="227,224,250,289" step="2"/><T128/><D118/><U58/><E77/><V115/><F115/><W45/><G45/><T4/><D128/><U9/><E81/><V99/><F6/><W97/><G97/><T56/><D4/><U82/><E82/><V36/><REACH who="2" step="1"/><F36/><REACH who="2" ten="227,224,240,289" step="2"/><W27/><G27/><T75/><D75/><U33/><E7/><V13/><F13/><W66/><G66/><T120/><D120/><U104/><E25/><V106/><F106/><W131/><G131/><T73/><D105/><RYUUKYOKU ba="0,2" sc="227,-15,224,-15,240,15,289,15" hai2="21,26,28,31,53,54,57,59,62,63,89,92,99" hai3="15,19,23,34,35,46,49,52,64,69,74,79,83" /><INIT seed="2,1,2,2,0,79" ten="212,209,255,304" oya="2" hai0="61,34,59,66,85,134,121,46,31,47,23,50,35" hai1="103,81,62,127,97,130,26,20,118,42,100,70,22" hai2="126,9,133,60,114,39,128,94,11,64,30,73,5" hai3="111,96,18,32,110,112,77,49,71,0,58,48,28"/><V55/><F114/><W82/><G112/><T80/><D121/><U13/><E118/><V19/><F73/><W117/><G71/><T33/><D134/><U12/><E42/><V7/><F39/><W36/><G36/><T16/><D31/><U92/><E130/><V115/><F115/><W123/><G0/><T72/><D72/><U74/><E127/><V84/><F128/><W125/><G117/><T4/><D4/><U44/><E44/><V2/><F30/><W135/><G123/><T17/><D23/><U38/><E38/><V43/><F43/><W99/><G18/><T106/><D106/><U104/><E104/><V21/><F133/><W105/><G125/><T87/><D87/><U119/><E119/><V86/><F126/><W78/><G135/><T1/><D1/><U93/><E70/><V88/><F55/><W108/><G77/><T54/><REACH who="0" step="1"/><D46/><REACH who="0" ten="202,209,255,304" step="2"/><U24/><E74/><V101/><F84/><N who="3" m="48215" /><G105/><T53/><D53/><U68/><E22/><V89/><F86/><W116/><G116/><T109/><D109/><U6/><E20/><V113/><F113/><W102/><G28/><T37/><D37/><U8/><E6/><V10/><F2/><W14/><G110/><T132/><D132/><U41/><E41/><V45/><F45/><W57/><G111/><T95/><D95/><U63/><E93/><V40/><F40/><W131/><G131/><T83/><D83/><U67/><E81/><V76/><F5/><W75/><G75/><T107/><D107/><N who="1" m="63887" /><E8/><V52/><F7/><W3/><G108/><T129/><D129/><U120/><E120/><RYUUKYOKU ba="1,3" sc="202,30,209,-10,255,-10,304,-10" hai0="16,17,33,34,35,47,50,54,59,61,66,80,85" /><INIT seed="3,2,3,3,4,57" ten="232,199,245,294" oya="3" hai0="121,77,113,112,134,25,4,40,21,33,38,123,100" hai1="44,24,58,65,118,30,74,9,94,79,36,5,98" hai2="56,6,60,14,68,110,80,27,132,102,3,128,69" hai3="88,127,7,84,41,76,1,55,53,46,92,126,45"/><W125/><G76/><T93/><D33/><U117/><E74/><V59/><F3/><W91/><G91/><T63/><D4/><U15/><E79/><V17/><F6/><W31/><G31/><T105/><D105/><U87/><E87/><V119/><F119/><N who="1" m="45577" /><E58/><V104/><F56/><W108/><G108/><T0/><D134/><U81/><E65/><V61/><F102/><W122/><G122/><T75/><D93/><U8/><E81/><V62/><F80/><W54/><G41/><T73/><D100/><N who="1" m="60503" /><E9/><AGARI ba="2,3" hai="1,7,9,45,46,53,54,55,84,88,92,125,126,127" machi="9" ten="50,4800,0" yaku="18,1,54,1" doraHai="57" who="3" fromWho="1" sc="232,0,199,-54,245,0,294,84" owari="232,-16.8,145,-35.5,245,4.5,378,47.8" /></mjloggm>