<mjloggm ver="2.3"><GO type="225" lobby="0"/><UN n0="%E5%8D%A0%E3%81%84%E5%B8%AB%E8%A3%8F%E3%81%AA%E3%81%84%E3%81%97" n1="%E3%81%A0%E3%81%8A" n2="%E3%81%A4%E3%81%A3%E3%81%B1%E3%82%8A%E3%83%9D%E3%83%BC%E3%83%AB" n3="%E6%A1%9C%E8%8A%B1%E9%96%83%E3%80%85" dan="17,16,16,16" rate="2170.15,2054.68,2084.66,2135.98" sx="M,M,M,M"/><TAIKYOKU oya="0"/><INIT seed="0,0,0,3,2,32" ten="250,250,250,250" oya="0" hai0="59,65,16,41,114,35,115,34,7,67,8,61,112" hai1="33,99,89,100,123,87,21,133,135,95,5,110,86" hai2="49,68,109,62,66,52,30,101,25,27,119,97,29" hai3="18,93,57,28,64,9,44,53,96,118,56,70,71"/><T76/><D41/><U12/><E33/><V17/><F109/><W102/><G118/><T80/><D65/><U104/><E123/><V113/><F113/><W124/><G124/><T6/><D6/><U90/><E110/><V79/><F79/><W13/><G28/><T51/><D51/><U121/><E121/><V122/><F122/><W24/><G24/><T10/><D10/><U37/><E37/><V120/><F120/><W54/><G44/><T91/><D91/><U40/><E40/><V19/><F27/><W74/><G74/><T129/><D129/><U50/><E50/><V78/><F78/><W45/><G45/><T98/><D98/><U134/><E5/><V39/><F30/><W3/><G3/><T75/><REACH who="0" step="1"/><D16/><REACH who="0" ten="240,250,250,250" step="2"/><N who="1" m="10375" /><E89/><V72/><F97/><AGARI ba="0,1" hai="86,87,90,95,97,99,100,104,133,134,135" m="10375" machi="97" ten="30,2000,0" yaku="20,1,54,1" doraHai="32" who="1" fromWho="2" sc="240,0,250,30,250,-20,250,0" /><INIT seed="1,0,0,1,3,71" ten="240,280,230,250" oya="1" hai0="122,6,43,18,45,112,46,14,20,92,94,44,12" hai1="134,99,56,121,74,19,127,31,130,87,97,37,47" hai2="89,85,52,83,33,53,10,17,34,124,76,82,91" hai3="131,24,15,3,78,59,100,21,104,114,65,66,51"/><U98/><E74/><V55/><F124/><W132/><G114/><T32/><D32/><U86/><E121/><V63/><F63/><W58/><G3/><T11/><D112/><U28/><E127/><V9/><F91/><W125/><G125/><T108/><D108/><U26/><E130/><V95/><F83/><W123/><G123/><T40/><D122/><U23/><E134/><V126/><F126/><W128/><G78/><T75/><D75/><U27/><E56/><N who="3" m="21546" /><G51/><T105/><REACH who="0" step="1"/><D105/><REACH who="0" ten="230,280,230,250" step="2"/><U118/><E118/><V135/><F135/><W49/><G132/><T4/><D4/><U129/><E129/><V116/><F116/><W72/><G72/><T68/><D68/><U69/><E69/><V50/><F50/><W77/><G104/><T54/><D54/><U7/><E7/><V29/><F34/><W111/><G111/><T60/><D60/><U22/><REACH who="1" step="1"/><E19/><REACH who="1" ten="230,270,230,250" step="2"/><V35/><F17/><W93/><G131/><T42/><AGARI ba="0,2" hai="6,11,12,14,18,20,40,42,43,44,45,46,92,94" machi="42" ten="30,8000,1" yaku="1,1,0,1,8,1,53,2" doraHai="71" doraHaiUra="8" who="0" fromWho="0" sc="230,100,270,-40,230,-20,250,-20" /><INIT seed="2,0,0,3,1,52" ten="330,230,210,230" oya="2" hai0="25,9,42,71,80,135,82,74,75,104,90,45,7" hai1="113,76,133,95,58,56,70,131,123,66,62,83,39" hai2="120,102,111,53,55,124,64,37,97,72,127,59,8" hai3="134,93,79,60,10,129,103,116,81,5,24,19,125"/><V112/><F112/><W91/><G116/><T98/><D71/><U128/><E113/><V17/><F120/><W65/><G129/><N who="1" m="49738" /><E39/><V18/><F72/><W51/><G134/><T85/><D135/><U11/><E133/><V61/><F37/><W108/><G108/><T86/><D25/><U0/><E123/><V132/><F132/><W115/><G125/><N who="2" m="48201" /><F111/><W67/><G103/><T36/><D98/><U63/><E95/><N who="2" m="58687" /><F8/><W57/><G51/><T87/><D87/><N who="1" m="48615" /><E63/><N who="2" m="36335" /><F55/><W35/><G115/><T77/><D104/><U28/><E28/><V43/><F43/><W6/><G67/><T92/><D92/><U130/><E130/><V34/><F34/><W54/><G65/><T30/><D30/><U96/><E96/><V49/><F49/><W23/><G35/><T15/><AGARI ba="0,0" hai="7,9,15,36,42,45,74,75,77,80,82,85,86,90" machi="15" ten="20,1500,0" yaku="0,1,7,1" doraHai="52" who="0" fromWho="0" sc="330,15,230,-4,210,-7,230,-4" /><INIT seed="3,0,0,5,4,25" ten="345,226,203,226" oya="3" hai0="69,46,41,114,39,130,85,120,36,47,34,91,95" hai1="2,132,20,63,81,52,88,119,11,3,131,103,97" hai2="53,5,30,51,33,10,59,74,92,86,0,84,12" hai3="28,89,55,133,98,8,14,72,110,16,65,68,19"/><W108/><G72/><T122/><D130/><U54/><E131/><V62/><F74/><W4/><G133/><T49/><D34/><U17/><E132/><V35/><F0/><W113/><G113/><T78/><D114/><U45/><E119/><V135/><F135/><W115/><G115/><T107/><D107/><U42/><E3/><V64/><F92/><N who="3" m="56591" /><G28/><T94/><D78/><U82/><E11/><V96/><F96/><W38/><G38/><T100/><D69/><U13/><E2/><V60/><F60/><N who="3" m="39975" /><G55/><T99/><D36/><U117/><E117/><V58/><REACH who="2" step="1"/><F35/><REACH who="2" ten="345,226,193,226" step="2"/><W124/><G124/><T6/><D99/><U50/><E63/><V61/><F61/><W75/><G75/><T106/><D95/><N who="1" m="58815" /><E82/><V23/><F23/><W29/><G29/><T48/><D94/><U134/><E134/><V7/><F7/><W27/><G27/><AGARI ba="0,1" hai="5,10,12,27,30,33,51,53,58,59,62,64,84,86" machi="27" ten="40,2600,0" yaku="1,1,52,1,53,0" doraHai="25" doraHaiUra="129" who="2" fromWho="3" sc="345,0,226,0,193,36,226,-26" owari="345,44.5,226,-17.4,229,2.9,200,-30.0" /></mjloggm>