<mjloggm ver="2.3"><GO type="225" lobby="0"/><UN n0="%77%72%77%72%77%72%77%72" n1="%E3%83%AB%E3%83%9B%E3%83%B3%E3%83%87%E3%82%A3%E3%82%A8" n2="%E3%81%8B%E3%82%8F%E3%81%A1%E3%82%83%E3%82%93%35%38" n3="%E5%8D%A0%E3%81%84%E5%B8%AB%E8%A3%8F%E3%81%AA%E3%81%84%E3%81%97" dan="16,17,16,16" rate="2216.84,2181.67,2174.97,2159.78" sx="M,M,M,M"/><TAIKYOKU oya="0"/><INIT seed="0,0,0,5,4,60" ten="250,250,250,250" oya="0" hai0="85,27,54,62,109,46,88,108,8,48,69,41,58" hai1="116,87,34,102,76,110,132,21,40,131,43,12,84" hai2="97,90,80,17,3,39,127,82,81,72,22,71,56" hai3="44,30,120,9,67,2,28,14,107,33,103,130,111"/><T16/><D69/><U113/><E34/><V91/><F39/><W83/><G111/><N who="0" m="42571" /><D27/><U64/><E116/><V65/><F3/><W32/><G2/><T4/><D4/><U59/><E110/><V19/><F72/><W53/><G130/><T0/><D0/><U105/><E131/><V13/><F71/><W29/><G120/><T63/><D63/><U50/><E105/><V133/><F133/><W11/><G107/><T98/><D98/><U126/><E102/><V1/><F1/><W25/><G103/><T36/><D36/><U96/><E132/><V123/><F123/><W95/><G95/><N who="0" m="54671" /><D8/><U106/><E96/><V104/><F97/><W114/><G9/><T118/><D118/><U93/><E106/><V100/><F100/><W101/><G101/><T92/><D92/><U15/><E93/><V75/><F104/><W129/><G129/><T99/><D99/><U6/><E6/><V112/><F75/><W70/><G25/><T31/><D31/><U7/><E7/><V74/><F74/><W45/><G32/><T124/><D124/><U122/><E122/><V66/><F127/><W26/><G30/><T86/><D86/><U49/><E87/><V119/><F119/><W23/><G29/><T61/><D61/><N who="1" m="37951" /><E126/><V94/><F94/><W47/><G33/><T115/><D115/><U73/><E73/><V10/><F112/><W125/><G114/><T52/><D16/><N who="2" m="6218" /><F81/><W79/><G125/><T20/><D20/><U18/><E113/><V55/><F82/><W68/><G68/><T89/><D89/><N who="2" m="33802" /><F80/><W5/><G83/><T51/><D51/><RYUUKYOKU ba="0,0" sc="250,30,250,-10,250,-10,250,-10" hai0="41,46,48,52,54,58,62" /><INIT seed="0,1,0,1,3,37" ten="280,240,240,240" oya="0" hai0="129,131,23,50,99,58,100,3,64,81,11,39,6" hai1="53,84,104,38,63,108,29,119,69,110,4,92,74" hai2="123,60,78,13,71,134,82,98,17,107,45,97,28" hai3="40,2,10,31,57,7,27,49,62,61,103,25,48"/><T89/><D39/><U42/><E104/><V72/><F123/><W91/><G103/><T109/><D23/><U122/><E74/><V130/><F107/><W135/><G135/><T68/><D68/><U70/><E122/><V113/><F113/><W24/><G31/><T32/><D32/><U128/><E29/><V26/><F134/><W20/><G20/><T56/><D109/><N who="1" m="42091" /><E4/><V116/><F116/><W114/><G114/><T59/><D64/><U86/><E86/><V19/><F19/><W85/><G61/><T105/><D89/><N who="1" m="53287" /><E128/><N who="0" m="49225" /><D81/><U95/><E95/><V41/><F130/><W80/><REACH who="3" step="1"/><G40/><REACH who="3" ten="280,240,240,230" step="2"/><T93/><D105/><U47/><E119/><V111/><F111/><W66/><AGARI ba="1,1" hai="2,7,10,24,25,27,48,49,57,62,66,80,85,91" machi="66" ten="30,4000,0" yaku="1,1,2,1,0,1,53,0" doraHai="37" doraHaiUra="18" who="3" fromWho="3" sc="280,-21,240,-11,240,-11,230,53" /><INIT seed="1,0,0,2,0,72" ten="259,229,229,283" oya="1" hai0="58,135,99,65,42,102,117,74,87,90,98,20,37" hai1="0,15,61,13,50,22,40,53,16,123,1,27,6" hai2="49,67,128,38,36,111,97,14,21,2,127,29,96" hai3="86,119,134,77,118,80,10,108,11,126,4,3,8"/><U121/><E40/><V116/><F2/><N who="1" m="1129" /><E50/><V76/><F76/><W122/><G108/><T120/><D74/><U75/><E53/><V115/><F67/><W66/><G122/><N who="1" m="46602" /><E61/><V63/><F63/><W112/><G112/><T32/><D42/><U81/><E81/><V69/><F69/><W109/><G126/><T101/><D65/><U57/><E57/><V60/><F60/><W95/><G134/><T59/><D135/><U19/><E75/><V51/><F127/><W41/><G109/><T18/><D58/><U93/><E93/><V83/><F83/><W71/><G41/><T31/><D59/><U48/><E48/><V106/><F106/><W70/><G95/><T104/><D37/><U56/><E56/><V12/><F111/><W94/><G94/><T62/><D62/><U54/><E54/><V68/><F68/><N who="3" m="26155" /><G66/><T78/><D104/><U125/><E125/><V100/><F100/><W103/><G103/><T92/><D102/><U26/><E6/><V79/><F79/><W47/><G47/><T130/><D78/><U25/><E13/><V110/><F110/><W132/><G132/><T44/><D101/><U17/><AGARI ba="0,0" hai="15,16,17,19,22,25,26,27" m="46602,1129" machi="17" ten="40,7800,0" yaku="34,2,54,1" doraHai="72" who="1" fromWho="1" sc="259,-26,229,78,229,-26,283,-26" /><INIT seed="1,1,0,0,2,6" ten="233,307,203,257" oya="1" hai0="120,91,41,125,64,108,63,129,5,22,17,1,130" hai1="103,81,98,25,21,128,134,122,46,55,71,16,123" hai2="90,4,62,56,115,133,13,48,111,60,106,32,95" hai3="82,11,38,116,61,53,110,2,109,36,65,24,114"/><U15/><E71/><V92/><F106/><W23/><G114/><T54/><D108/><N who="3" m="41577" /><G116/><T83/><D125/><U52/><E128/><N who="0" m="49257" /><D120/><U7/><E134/><V124/><F32/><W47/><G82/><T70/><D41/><U112/><E112/><V74/><F74/><W85/><G85/><N who="0" m="50623" /><D54/><U68/><E68/><V118/><F115/><W101/><G101/><T9/><D22/><U45/><E81/><V97/><F124/><W88/><G88/><T107/><D17/><U119/><E119/><V131/><F131/><W12/><G2/><T37/><D107/><U87/><E87/><N who="2" m="52319" /><F133/><W127/><G53/><N who="1" m="20554" /><E122/><V8/><F118/><W58/><G47/><T18/><D18/><N who="1" m="12471" /><E7/><V20/><F111/><W57/><G57/><T34/><D34/><U73/><E73/><V93/><F20/><W80/><G80/><T43/><D43/><U3/><E3/><V75/><F75/><W0/><G0/><T99/><D99/><U66/><E66/><V126/><F126/><W135/><G135/><T69/><D69/><U84/><E84/><V72/><F72/><W100/><G127/><T79/><D79/><U50/><E123/><V49/><F95/><W51/><G38/><AGARI ba="1,0" hai="1,5,9,37,38,63,64,70" m="50623,49257" machi="38" ten="30,2000,0" yaku="19,1,52,1" doraHai="6" who="0" fromWho="3" sc="233,23,307,0,203,0,257,-23" /><INIT seed="2,0,0,1,4,54" ten="256,307,203,234" oya="2" hai0="81,83,88,30,102,123,62,21,96,128,69,59,40" hai1="104,60,120,67,105,126,46,63,39,107,33,130,106" hai2="14,75,55,132,133,74,103,114,86,117,116,58,37" hai3="38,20,52,84,45,80,79,98,113,41,61,26,27"/><V8/><F37/><W71/><G113/><T112/><D123/><U0/><E120/><V109/><F103/><W95/><G20/><T10/><D69/><N who="1" m="42215" /><E0/><V11/><F86/><W82/><G82/><T78/><D40/><N who="1" m="22815" /><E63/><V43/><F43/><W29/><G71/><T18/><D112/><U15/><E15/><V35/><F35/><W72/><G72/><N who="2" m="27689" /><F114/><W122/><G122/><T17/><D78/><U129/><E126/><V36/><F36/><W101/><REACH who="3" step="1"/><G29/><REACH who="3" ten="256,307,203,224" step="2"/><T1/><D30/><U49/><E33/><V50/><F109/><W100/><G100/><T110/><D102/><U28/><E28/><V24/><F24/><W5/><G5/><T68/><D128/><U56/><E130/><V25/><F25/><W121/><G121/><T34/><D110/><U23/><E23/><V13/><F8/><W127/><G127/><T51/><D34/><U44/><E129/><V125/><F125/><W93/><G93/><N who="0" m="56359" /><D21/><U91/><E107/><V65/><F11/><W124/><G124/><T115/><D115/><U12/><E106/><V85/><F117/><W119/><G119/><T2/><D10/><U135/><E105/><V97/><F116/><W57/><AGARI ba="0,1" hai="26,27,38,41,45,52,57,61,79,80,84,95,98,101" machi="57" ten="30,7900,0" yaku="1,1,0,1,52,1,54,1,53,0" doraHai="54" doraHaiUra="47" who="3" fromWho="3" sc="256,-20,307,-20,203,-39,224,89" /><INIT seed="3,0,0,2,0,45" ten="236,287,164,313" oya="3" hai0="27,71,19,44,79,36,123,21,3,93,77,127,6" hai1="87,124,96,97,5,16,117,20,132,109,68,0,13" hai2="39,59,26,58,29,111,25,63,128,118,43,126,104" hai3="49,120,62,12,31,32,113,80,46,7,86,17,122"/><W42/><G113/><T69/><D123/><U84/><E68/><V64/><F104/><W106/><G106/><T48/><D36/><U92/><E109/><V114/><F114/><W101/><G101/><T24/><D127/><U65/><E65/><V89/><F126/><W8/><G17/><T35/><D69/><U100/><E124/><V133/><F111/><W130/><G130/><T34/><D93/><U60/><E60/><V110/><F110/><W47/><G47/><T81/><D77/><U88/><E132/><V23/><F133/><W83/><G83/><T28/><D71/><U40/><E40/><V95/><F128/><W72/><G72/><T82/><D34/><U30/><E30/><V14/><F118/><W57/><G31/><T99/><D81/><U61/><E61/><V135/><F135/><W73/><G73/><T51/><D44/><U94/><E117/><V70/><F39/><W78/><G32/><T107/><D6/><U108/><E108/><V103/><F43/><W102/><G102/><T76/><D76/><U50/><E50/><V22/><F14/><W90/><G78/><T2/><D2/><U41/><E41/><V131/><F103/><W37/><G37/><T91/><D3/><U134/><E134/><V4/><F4/><W75/><G75/><T121/><D121/><U67/><E67/><AGARI ba="0,0" hai="7,8,12,42,46,49,57,62,67,80,86,90,120,122" machi="67" ten="30,2900,0" yaku="7,1,52,1" doraHai="45" who="3" fromWho="1" sc="236,0,287,-29,164,0,313,29" owari="236,-16.4,258,5.8,164,-33.6,342,44.2" /></mjloggm>