<mjloggm ver="2.3"><GO type="225" lobby="0"/><UN n0="%E3%83%A9%E3%82%A4%E3%83%B3%E3%81%AE%E8%99%8E" n1="%E7%B4%94%E6%BD%94%E3%83%94%E3%83%A9%E3%83%8B%E3%82%A2" n2="%E6%9D%B1%E9%A2%A8%E3%81%AE%E3%81%8D%E3%82%83%E3%81%B7%E3%81%95%E3%82%93" n3="%E9%B4%A8%4E%45%47%49" dan="16,17,16,16" rate="2104.23,2190.29,2153.40,2112.82" sx="M,M,M,M"/><TAIKYOKU oya="0"/><INIT seed="0,0,0,4,3,25" ten="250,250,250,250" oya="0" hai0="53,91,112,69,18,58,110,27,109,40,101,17,65" hai1="8,89,83,98,22,78,115,16,90,126,41,50,15" hai2="119,111,130,36,128,63,134,57,44,31,0,19,113" hai3="62,3,95,74,46,35,72,24,9,120,103,73,79"/><T132/><D112/><U13/><E126/><V33/><F113/><W114/><G62/><N who="0" m="40119" /><D101/><U71/><E71/><V30/><F119/><W2/><G114/><T54/><D91/><U6/><E115/><V51/><F36/><W84/><G120/><T76/><D76/><U38/><E38/><V32/><F19/><W4/><G3/><T124/><D124/><U52/><E41/><V29/><F0/><W20/><G35/><T133/><D40/><U118/><E98/><V104/><F104/><W107/><G107/><T7/><D7/><U129/><E118/><V26/><F134/><N who="0" m="51818" /><D53/><U127/><E129/><N who="2" m="49771" /><F33/><W21/><G103/><T77/><D77/><U97/><E97/><V34/><F34/><W67/><G67/><T105/><D105/><U87/><E127/><V123/><F123/><W59/><G79/><T5/><D5/><U80/><E80/><V102/><F102/><W122/><G95/><T100/><D100/><U68/><E68/><V49/><F111/><N who="0" m="42506" /><D27/><U93/><E93/><V106/><F106/><W60/><G24/><T131/><D131/><U28/><E89/><V23/><F32/><W42/><G122/><T37/><D37/><U96/><E90/><V43/><F51/><AGARI ba="0,0" hai="17,18,51,54,58" m="42506,51818,40119" machi="51" ten="30,5800,0" yaku="20,1,14,1,10,1" doraHai="25" who="0" fromWho="2" sc="250,58,250,0,250,-58,250,0" /><INIT seed="0,1,0,2,3,33" ten="308,250,192,250" oya="0" hai0="30,99,46,91,14,55,12,35,114,87,4,78,116" hai1="69,18,21,53,37,131,31,110,129,107,97,90,2" hai2="29,39,94,125,75,52,93,128,106,84,61,45,89" hai3="63,72,71,22,42,68,112,123,16,62,115,9,109"/><T15/><D114/><U43/><E110/><V67/><F106/><W133/><G109/><T40/><D116/><U80/><E69/><V108/><F75/><W70/><G72/><T118/><D118/><U11/><E53/><V124/><F108/><W7/><G123/><T38/><D55/><U117/><E117/><V134/><F128/><N who="1" m="49225" /><E31/><V49/><F134/><W59/><G133/><T120/><D120/><U127/><E127/><V126/><F39/><W119/><G42/><T32/><D30/><U48/><E37/><V105/><F29/><W54/><G63/><T81/><REACH who="0" step="1"/><D4/><REACH who="0" ten="298,250,192,250" step="2"/><N who="1" m="1431" /><E43/><V65/><F105/><W104/><G104/><T19/><D19/><U60/><E107/><V101/><F61/><W102/><G119/><T47/><D47/><U121/><E60/><V64/><F64/><W13/><REACH who="3" step="1"/><G102/><REACH who="3" ten="298,250,192,240" step="2"/><T44/><D44/><U41/><E41/><V5/><F5/><W122/><G122/><T34/><D34/><U1/><E121/><V88/><F101/><W24/><AGARI ba="1,2" hai="7,9,13,16,22,24,54,59,62,68,70,71,112,115" machi="24" ten="30,7900,0" yaku="1,1,0,1,54,1,53,1" doraHai="33" doraHaiUra="6" who="3" fromWho="3" sc="298,-40,250,-21,192,-21,240,102" /><INIT seed="1,0,0,0,3,56" ten="258,229,171,342" oya="1" hai0="130,11,69,12,61,133,6,66,129,20,77,126,135" hai1="85,1,24,27,81,71,68,0,87,19,103,33,64" hai2="10,49,122,117,37,29,112,92,67,30,48,60,63" hai3="88,35,115,110,25,17,9,57,84,34,15,125,97"/><U7/><E103/><V8/><F122/><W18/><G110/><T76/><D20/><U4/><E64/><V5/><F37/><W86/><G125/><T3/><D3/><U73/><E81/><V119/><F92/><W102/><G115/><T58/><D69/><U89/><E33/><V78/><F67/><W101/><G101/><T94/><D94/><U109/><E73/><V105/><F5/><W50/><G86/><T132/><REACH who="0" step="1"/><D126/><REACH who="0" ten="248,229,171,342" step="2"/><U45/><E109/><V52/><F112/><W65/><G34/><T51/><D51/><U36/><E36/><V106/><REACH who="2" step="1"/><F78/><AGARI ba="0,1" hai="6,11,12,58,61,66,76,77,78,129,130,132,133,135" machi="78" ten="50,6400,0" yaku="1,1,20,1,52,1,53,0" doraHai="56" doraHaiUra="26" who="0" fromWho="2" sc="248,74,229,0,171,-64,342,0" /><INIT seed="2,0,0,2,0,71" ten="322,229,107,342" oya="2" hai0="129,122,28,43,5,0,41,128,87,58,57,72,69" hai1="30,33,108,83,79,118,89,24,96,103,120,19,85" hai2="39,66,29,131,7,16,112,121,2,27,97,34,95" hai3="133,73,101,88,111,32,38,135,4,55,109,105,31"/><V64/><F121/><W106/><G55/><T49/><D72/><U86/><E108/><N who="3" m="41546" /><G4/><T51/><D122/><U40/><E120/><V20/><F112/><W53/><G53/><T35/><D69/><U59/><E118/><V125/><F125/><W98/><G106/><T22/><D35/><U94/><E59/><N who="0" m="22537" /><D87/><U116/><E116/><V45/><F131/><N who="0" m="50250" /><D5/><U102/><E19/><V76/><F76/><W42/><G88/><T78/><D78/><U61/><E61/><V80/><F80/><W81/><G81/><T54/><D0/><U100/><REACH who="1" step="1"/><E40/><REACH who="1" ten="322,219,107,342" step="2"/><V134/><F134/><W90/><G135/><T93/><D43/><U15/><E15/><N who="2" m="9247" /><F45/><N who="3" m="23767" /><G133/><T75/><D41/><U67/><E67/><V127/><F127/><W1/><G73/><AGARI ba="0,1" hai="24,30,33,73,79,83,85,86,89,94,96,100,102,103" machi="73" ten="40,1300,0" yaku="1,1,53,0" doraHai="71" doraHaiUra="119" who="1" fromWho="3" sc="322,0,219,23,107,0,342,-13" /><INIT seed="3,0,0,2,3,121" ten="322,242,107,329" oya="3" hai0="24,16,18,86,82,96,89,116,39,27,97,44,14" hai1="50,56,103,3,68,49,72,71,48,90,42,99,57" hai2="92,123,61,67,127,122,28,117,21,129,114,94,0" hai3="102,119,131,1,17,29,33,41,107,36,104,134,6"/><W95/><G119/><T115/><D116/><U9/><E72/><V80/><F117/><W113/><G113/><T23/><D115/><U93/><E68/><V120/><F114/><W54/><G54/><T135/><D135/><U79/><E71/><V4/><F129/><W133/><G131/><T38/><D38/><U77/><E3/><V75/><F127/><W26/><G95/><T47/><D39/><U88/><E42/><V15/><F0/><W63/><G63/><T64/><D64/><U53/><E9/><V74/><F4/><W8/><G102/><T43/><D43/><U19/><E19/><V110/><F110/><W109/><G109/><T60/><D60/><U45/><E45/><N who="0" m="17481" /><D24/><U130/><E130/><V108/><F108/><W46/><G17/><T37/><D37/><U32/><E32/><V5/><F5/><W2/><G2/><T70/><D70/><U91/><REACH who="1" step="1"/><E56/><REACH who="1" ten="322,232,107,329" step="2"/><V40/><F40/><W106/><AGARI ba="0,1" hai="1,6,8,26,29,33,36,41,46,104,106,107,133,134" machi="106" ten="40,7800,0" yaku="0,1,23,2" doraHai="121" who="3" fromWho="3" sc="322,-26,232,-26,107,-26,329,88" owari="296,9.6,206,-19.4,81,-41.9,417,51.7" /></mjloggm>