<mjloggm ver="2.3"><GO type="225" lobby="0"/><UN n0="%E6%81%A5%E6%99%92%E3%81%97" n1="%4D%6F%6E%61%6E%61" n2="%61%6D%65%6B%69" n3="%6D%75%75%73%61%6E%6D%75" dan="16,16,16,16" rate="2095.67,2119.35,2069.54,2156.15" sx="M,F,M,F"/><TAIKYOKU oya="0"/><INIT seed="0,0,0,5,5,22" ten="250,250,250,250" oya="0" hai0="66,45,65,55,80,11,19,122,48,125,99,84,62" hai1="120,0,49,77,94,12,117,111,21,16,4,119,15" hai2="131,81,133,25,54,93,60,24,113,33,124,68,3" hai3="130,67,116,89,64,40,50,23,103,18,100,132,75"/><T126/><D122/><U8/><E77/><V82/><F33/><W53/><G75/><T46/><D46/><U38/><E38/><V107/><F107/><W95/><G116/><N who="1" m="44618" /><E94/><V47/><F3/><W123/><G123/><T34/><D34/><U32/><E49/><N who="2" m="28991" /><F68/><W97/><G40/><T1/><D99/><U109/><E120/><V35/><F35/><W105/><G132/><T30/><D30/><U69/><E69/><V31/><F31/><W118/><G130/><T135/><D135/><U83/><E83/><N who="2" m="31755" /><F113/><W112/><G112/><T134/><D134/><U88/><E88/><V44/><F133/><W104/><G104/><T10/><D1/><U129/><E129/><V70/><F70/><W5/><G118/><T51/><D51/><U36/><E36/><V59/><F124/><N who="0" m="47722" /><D19/><N who="1" m="10471" /><E32/><V17/><F44/><N who="3" m="27847" /><G5/><T110/><D110/><N who="1" m="41995" /><E0/><V27/><F131/><W28/><G105/><T115/><D115/><U74/><E74/><V13/><F93/><W90/><G90/><N who="0" m="51463" /><D66/><N who="3" m="25129" /><G28/><T61/><D65/><U128/><E128/><V114/><F114/><W96/><G96/><T37/><D37/><U121/><E121/><V98/><F98/><W63/><G63/><AGARI ba="0,0" hai="10,11,45,48,55,61,62,63" m="51463,47722" machi="63" ten="30,1500,0" yaku="18,1" doraHai="22" who="0" fromWho="3" sc="250,15,250,0,250,0,250,-15" /><INIT seed="0,1,0,3,4,29" ten="265,250,250,235" oya="0" hai0="104,94,60,56,118,26,3,133,65,100,66,78,34" hai1="57,35,14,70,72,41,46,89,9,90,11,91,39" hai2="54,134,21,67,84,101,107,88,63,96,20,127,19" hai3="64,75,73,117,113,99,13,4,32,7,120,106,115"/><T82/><D118/><U2/><E70/><V0/><F127/><W55/><G117/><T24/><D133/><U76/><E57/><V93/><F134/><W40/><G64/><T51/><D3/><U79/><E35/><V128/><F128/><W74/><G40/><T48/><D104/><U83/><E76/><V50/><F0/><W103/><G120/><T62/><D94/><U135/><E135/><V111/><F111/><W81/><G81/><T43/><D100/><U95/><E11/><V16/><F21/><W130/><G130/><T116/><D116/><U44/><E44/><V38/><F38/><W87/><G87/><T28/><D26/><U25/><E25/><V6/><F6/><W47/><G32/><T129/><D43/><U58/><E58/><V1/><F1/><W69/><G69/><T18/><D18/><U12/><REACH who="1" step="1"/><E95/><REACH who="1" ten="265,240,250,235" step="2"/><V37/><F20/><W59/><G47/><T122/><D129/><U45/><E45/><V33/><F33/><W92/><G92/><T22/><D34/><U49/><E49/><V132/><F132/><W109/><G109/><T36/><D36/><U102/><E102/><V17/><F37/><W97/><G103/><T121/><D51/><U52/><E52/><V23/><F23/><W68/><G68/><N who="0" m="42023" /><D48/><U71/><E71/><N who="2" m="42495" /><F50/><N who="3" m="31223" /><G106/><T86/><D78/><U119/><E119/><V110/><F54/><W112/><G13/><T124/><D124/><U98/><E98/><V53/><F53/><W77/><G77/><N who="0" m="46415" /><D56/><U131/><E131/><V27/><F110/><W125/><G125/><T10/><D10/><U31/><E31/><RYUUKYOKU ba="1,1" sc="265,0,240,0,250,0,235,0" hai0="22,24,28,62,66,121,122" hai1="2,9,12,14,39,41,46,72,79,83,89,90,91" hai2="16,17,19,27,84,88,93,96,101,107" hai3="4,7,73,74,75,97,99,112,113,115" /><INIT seed="0,2,1,5,3,118" ten="265,240,250,235" oya="0" hai0="56,134,23,129,109,48,126,21,114,82,125,0,117" hai1="24,35,84,58,99,111,39,47,101,26,89,102,17" hai2="40,110,119,132,88,41,106,46,57,77,18,12,4" hai3="42,86,83,59,107,104,38,73,61,6,92,116,36"/><T103/><D114/><U30/><E111/><V19/><F106/><W74/><G116/><T51/><D117/><U131/><E131/><V28/><F119/><W108/><G108/><T68/><D109/><U66/><E39/><V3/><F3/><W127/><G127/><N who="0" m="48651" /><D68/><U95/><E47/><V34/><F132/><W31/><G92/><T62/><D0/><U8/><E8/><V20/><F28/><W60/><G6/><T64/><D129/><U65/><E58/><V5/><F34/><W128/><G128/><T50/><D134/><U52/><E101/><V78/><F57/><W32/><G104/><T72/><D103/><U29/><E17/><V121/><F121/><W80/><G107/><T100/><D100/><U11/><E11/><V94/><F19/><W91/><G38/><T113/><D113/><U14/><E14/><V10/><F110/><W97/><G97/><T81/><D72/><U25/><E25/><N who="2" m="14487" /><F5/><W45/><G74/><T69/><D69/><U71/><E71/><V133/><F133/><W120/><G120/><T98/><D98/><U96/><E96/><N who="2" m="57415" /><F41/><W49/><G36/><T90/><D82/><U33/><REACH who="1" step="1"/><E52/><REACH who="1" ten="265,230,250,235" step="2"/><V22/><F22/><W76/><REACH who="3" step="1"/><G59/><REACH who="3" ten="265,230,250,225" step="2"/><T93/><D56/><U53/><E53/><V27/><F27/><AGARI ba="2,3" hai="27,31,32,42,45,49,60,61,73,76,80,83,86,91" machi="27" ten="40,2600,0" yaku="1,1,2,1,53,0" doraHai="118" doraHaiUra="1" who="3" fromWho="2" sc="265,0,230,0,250,-32,225,62" /><INIT seed="1,0,0,2,4,58" ten="265,230,218,287" oya="1" hai0="36,132,29,69,18,37,70,41,87,85,50,31,35" hai1="82,63,53,43,80,7,49,65,48,12,102,51,39" hai2="62,108,32,113,95,134,91,0,45,66,124,40,20" hai3="84,100,114,104,64,61,34,54,122,78,135,125,26"/><U103/><E39/><V89/><F32/><W1/><G122/><T14/><D132/><U60/><E65/><V55/><F0/><W9/><G114/><T71/><D50/><N who="1" m="19563" /><E43/><V24/><F134/><W3/><G54/><T28/><D35/><U101/><E7/><V21/><F113/><W33/><G135/><T46/><REACH who="0" step="1"/><D37/><REACH who="0" ten="255,230,218,287" step="2"/><U15/><E15/><V117/><F117/><W111/><G34/><T6/><D6/><U77/><E12/><V67/><F124/><W130/><G125/><T38/><D38/><U109/><E109/><V98/><F108/><W22/><G111/><T19/><D19/><U115/><E115/><V11/><F40/><W121/><G33/><T105/><D105/><U88/><E77/><V107/><F107/><W128/><G78/><T116/><D116/><U123/><E123/><V127/><F127/><W30/><G121/><T74/><D74/><U13/><E13/><V17/><F45/><W93/><G104/><T44/><D44/><N who="1" m="27879" /><E80/><V106/><F106/><W119/><G119/><T86/><D86/><AGARI ba="0,1" hai="60,63,82,86,88,101,102,103" m="27879,19563" machi="86" ten="30,11600,0" yaku="8,1,52,2,54,1" doraHai="58" who="1" fromWho="0" sc="255,-116,230,126,218,0,287,0" /><INIT seed="1,1,0,5,0,115" ten="139,356,218,287" oya="1" hai0="101,41,11,120,60,96,123,131,99,73,20,10,25" hai1="6,108,87,78,94,30,63,32,59,80,12,93,8" hai2="47,92,82,28,35,81,0,111,84,119,127,98,33" hai3="61,57,65,97,74,134,39,67,69,52,26,36,91"/><U117/><E117/><V109/><F0/><W79/><G74/><T17/><D73/><U64/><REACH who="1" step="1"/><E108/><REACH who="1" ten="139,346,218,287" step="2"/><V72/><F119/><W29/><G134/><T34/><D120/><U7/><E7/><V42/><F111/><W88/><G39/><T56/><D123/><U116/><E116/><V133/><F109/><W50/><G36/><T46/><D131/><U31/><E31/><V128/><F28/><W89/><G79/><T100/><D34/><U107/><E107/><V132/><F133/><W9/><G9/><T70/><D10/><U27/><AGARI ba="1,1" hai="6,8,12,27,30,32,59,63,64,78,80,87,93,94" machi="27" ten="30,3000,0" yaku="1,1,0,1,53,0" doraHai="115" doraHaiUra="135" who="1" fromWho="1" sc="139,-11,346,43,218,-11,287,-11" /><INIT seed="1,2,0,1,4,77" ten="128,389,207,276" oya="1" hai0="20,123,45,90,131,133,1,86,119,116,132,105,110" hai1="113,107,92,74,38,4,11,5,67,30,37,39,125" hai2="56,122,52,73,57,49,81,82,96,10,8,88,12" hai3="135,103,75,59,22,0,70,17,23,15,71,83,121"/><U126/><E107/><V63/><F73/><W40/><G121/><T106/><D1/><U7/><E113/><V79/><F79/><W28/><G0/><T53/><D20/><U44/><E74/><V42/><F122/><W62/><G135/><N who="0" m="51787" /><D45/><U61/><E30/><V27/><F27/><W21/><G40/><T69/><D53/><U29/><E29/><V111/><F111/><W35/><G70/><T9/><D9/><N who="2" m="3690" /><F12/><W124/><G71/><T118/><D69/><N who="1" m="42223" /><E92/><N who="2" m="56327" /><F42/><W2/><G75/><T109/><D131/><U114/><E114/><V33/><F33/><W3/><G103/><T6/><D6/><U43/><E11/><V32/><F32/><W54/><G35/><T25/><D25/><U100/><E100/><V97/><F97/><W66/><G28/><T120/><D123/><U41/><E41/><V98/><F98/><W58/><G3/><T130/><D130/><U47/><E43/><V18/><F18/><W108/><G2/><T91/><D120/><U64/><E64/><AGARI ba="2,0" hai="49,52,56,57,63,64,81,82" m="56327,3690" machi="64" ten="30,8000,1" yaku="8,1,52,2,54,2" doraHai="77" who="2" fromWho="1" sc="128,0,389,-86,207,86,276,0" /><INIT seed="2,0,0,2,5,47" ten="128,303,293,276" oya="2" hai0="133,97,132,86,27,98,24,96,2,36,29,46,34" hai1="62,45,58,90,87,111,67,75,65,125,32,66,37" hai2="10,31,17,9,23,68,60,116,64,26,12,72,110" hai3="61,128,16,50,105,6,73,102,115,35,44,18,5"/><V33/><F116/><W134/><G35/><T49/><D36/><U0/><E75/><V13/><F72/><W129/><G73/><T135/><D2/><U79/><E0/><V91/><F110/><W118/><G118/><T63/><D63/><U7/><E32/><V94/><REACH who="2" step="1"/><F13/><REACH who="2" ten="128,303,283,276" step="2"/><W15/><G15/><T130/><D130/><U103/><E111/><V41/><F41/><W55/><G128/><T48/><D46/><U113/><E113/><V20/><F20/><W83/><G129/><T81/><REACH who="0" step="1"/><D24/><REACH who="0" ten="118,303,283,276" step="2"/><U122/><E122/><V71/><F71/><W119/><G44/><T19/><D19/><U92/><E45/><V74/><F74/><W1/><G16/><T8/><D8/><U106/><E7/><V89/><F89/><AGARI ba="0,2" hai="27,29,34,48,49,81,86,89,96,97,98,132,133,135" machi="89" ten="50,8000,1" yaku="1,1,20,1,52,2,53,1" doraHai="47" doraHaiUra="21" who="0" fromWho="2" sc="118,100,303,0,283,-80,276,0" /><INIT seed="3,0,0,3,2,77" ten="218,303,203,276" oya="3" hai0="16,73,29,121,89,57,20,108,14,35,99,71,75" hai1="100,107,110,36,52,30,118,70,61,124,64,13,79" hai2="49,45,27,31,119,1,37,22,18,114,133,92,21" hai3="12,132,85,116,43,68,122,66,111,41,6,28,103"/><W113/><G113/><T91/><D121/><U83/><E110/><V135/><F119/><W56/><G116/><T47/><D71/><U32/><E36/><V26/><F114/><W80/><G68/><T24/><D108/><U72/><E124/><V23/><F37/><W4/><G122/><T39/><D91/><U86/><E118/><V50/><F1/><W112/><G112/><T127/><D127/><U74/><E13/><V87/><F23/><W63/><G132/><T97/><D57/><U19/><E19/><V129/><F129/><W48/><G111/><T38/><D38/><U82/><E82/><V105/><F105/><W54/><G103/><T51/><D39/><U95/><E52/><V115/><F115/><W17/><G28/><T76/><D89/><U15/><E15/><V104/><F104/><W101/><G101/><T88/><D99/><N who="1" m="61855" /><E95/><V78/><F92/><W33/><G33/><T53/><REACH who="0" step="1"/><D76/><REACH who="0" ten="208,303,203,276" step="2"/><U120/><E120/><V55/><REACH who="2" step="1"/><F50/><REACH who="2" ten="208,303,193,276" step="2"/><W67/><G48/><T131/><D131/><U40/><E32/><V117/><F117/><W0/><G0/><T5/><D5/><U25/><E72/><V106/><F106/><W98/><G6/><T3/><D3/><U134/><E74/><V60/><F60/><W46/><G4/><T84/><D84/><U126/><E126/><V7/><F7/><W90/><G98/><T62/><D62/><U44/><E61/><V94/><F94/><AGARI ba="0,2" hai="14,16,20,24,29,35,47,51,53,73,75,88,94,97" machi="94" ten="40,5200,0" yaku="1,1,54,2,53,0" doraHai="77" doraHaiUra="128" who="0" fromWho="2" sc="208,72,303,0,193,-52,276,0" owari="280,8.0,303,40.3,141,-35.9,276,-12.4" /></mjloggm>