<mjloggm ver="2.3"><GO type="225" lobby="0"/><UN n0="%E3%81%A9%E3%82%8F%E3%82%93%E3%81%94" n1="%E3%82%B7%E3%83%B3%E5%A4%AA%E6%9C%97" n2="%E7%88%86%E8%A3%82%E9%83%BD%E5%B8%82%EF%BD%9E" n3="%72%69%6F%75%63%68%61%6E" dan="16,16,16,17" rate="2148.32,2163.24,2100.93,2169.61" sx="M,M,M,M"/><TAIKYOKU oya="0"/><INIT seed="0,0,0,1,3,134" ten="250,250,250,250" oya="0" hai0="89,64,67,5,83,95,28,30,127,75,38,88,104" hai1="130,125,47,22,16,41,70,37,84,90,52,91,44" hai2="13,69,31,80,23,94,74,49,0,35,24,119,3" hai3="86,20,102,9,14,105,126,50,81,112,99,19,59"/><T58/><D38/><U73/><E73/><V128/><F69/><W107/><G126/><T43/><D104/><U55/><E130/><V72/><F128/><W63/><G112/><T129/><D43/><U45/><E70/><V100/><F119/><W77/><G50/><T131/><D129/><U10/><E125/><V48/><F0/><W85/><G107/><T6/><D131/><U132/><E132/><V34/><F3/><W51/><G51/><T98/><D127/><U93/><E10/><V29/><F13/><W54/><REACH who="3" step="1"/><G9/><REACH who="3" ten="250,250,250,240" step="2"/><T2/><D2/><U97/><E37/><V1/><F49/><W110/><G110/><T46/><D46/><U103/><E41/><V21/><F48/><W27/><G27/><T56/><D75/><AGARI ba="0,1" hai="14,19,20,54,59,63,75,77,81,85,86,99,102,105" machi="75" ten="30,2000,0" yaku="1,1,7,1,53,0" doraHai="134" doraHaiUra="65" who="3" fromWho="0" sc="250,-20,250,0,250,0,240,30" /><INIT seed="1,0,0,1,3,50" ten="230,250,250,270" oya="1" hai0="89,1,112,122,130,87,78,41,103,80,121,61,98" hai1="109,7,76,91,30,11,97,4,5,64,120,17,37" hai2="9,31,94,3,44,28,127,12,93,25,77,68,70" hai3="119,8,24,96,38,105,72,73,99,54,19,125,101"/><U82/><E120/><N who="0" m="46185" /><D1/><U53/><E37/><V21/><F127/><W52/><G38/><T110/><D41/><U124/><E124/><V67/><F31/><W71/><G71/><T40/><D40/><U42/><E42/><V75/><F3/><W129/><G125/><T123/><D61/><U60/><E109/><V14/><F14/><W126/><G126/><T63/><D63/><U35/><E35/><V114/><F114/><W79/><G79/><T113/><N who="0" m="46193" /><T83/><DORA hai="90" /><D130/><U131/><E30/><V58/><F44/><W134/><G129/><T85/><D110/><U22/><E131/><V59/><F70/><W65/><G65/><T6/><D6/><U2/><E2/><V36/><BYE who="1" /><F36/><UN n1="%E3%82%B7%E3%83%B3%E5%A4%AA%E6%9C%97" /><W102/><G134/><T92/><AGARI ba="0,0" hai="78,80,83,85,87,89,92,98,103,112,113" m="46193" machi="92" ten="40,8000,1" yaku="13,1,34,2,52,1" doraHai="50,90" who="0" fromWho="0" sc="230,80,250,-40,250,-20,270,-20" /><INIT seed="2,0,0,2,5,87" ten="310,210,230,250" oya="2" hai0="114,91,101,41,51,82,105,31,43,45,107,15,14" hai1="71,66,115,64,69,98,26,67,39,135,54,119,95" hai2="76,88,97,16,56,36,92,124,6,80,21,3,11" hai3="83,40,68,118,12,77,28,106,42,117,85,44,62"/><V109/><F124/><W96/><G40/><T47/><D114/><U110/><E115/><V111/><F36/><W100/><G28/><T102/><D31/><U60/><E119/><V78/><F56/><W65/><REACH who="3" step="1"/><G12/><REACH who="3" ten="310,210,230,240" step="2"/><T52/><D15/><U50/><E135/><V72/><REACH who="2" step="1"/><F78/><REACH who="2" ten="310,210,220,240" step="2"/><W13/><G13/><AGARI ba="0,2" hai="3,6,11,13,16,21,72,76,80,88,92,97,109,111" machi="13" ten="40,18000,2" yaku="1,1,2,1,52,1,54,2,53,1" doraHai="87" doraHaiUra="33" who="2" fromWho="3" sc="310,0,210,0,220,200,240,-180" /><INIT seed="2,1,0,5,5,68" ten="310,210,420,60" oya="2" hai0="11,44,109,30,14,93,50,72,22,41,128,99,39" hai1="34,47,121,94,79,127,84,103,129,105,95,17,107" hai2="70,92,119,52,31,62,36,48,87,9,23,104,55" hai3="8,60,98,12,74,106,29,88,59,112,32,64,114"/><V28/><F119/><W120/><G120/><T117/><D72/><U75/><E34/><V5/><F104/><N who="1" m="40009" /><E47/><V134/><F36/><W43/><G74/><T73/><D117/><U102/><E17/><V4/><F4/><W135/><G135/><T37/><D73/><U131/><E121/><V100/><F70/><W124/><G124/><T69/><D69/><U35/><E35/><V116/><F116/><W125/><G125/><T101/><D109/><U91/><E127/><V26/><F134/><W58/><G43/><T80/><D80/><N who="1" m="45183" /><E95/><V63/><F31/><W33/><G58/><T25/><REACH who="0" step="1"/><D128/><AGARI ba="1,0" hai="84,91,94,102,103,128,129,131" m="45183,40009" machi="128" ten="30,3900,0" yaku="19,1,34,2" doraHai="68" who="1" fromWho="0" sc="310,-42,210,42,420,0,60,0" /><INIT seed="3,0,0,5,4,50" ten="268,252,420,60" oya="3" hai0="126,17,60,131,86,24,83,133,119,130,5,84,65" hai1="108,20,91,77,43,125,89,79,81,2,46,128,109" hai2="122,106,124,14,75,32,102,105,1,85,44,93,71" hai3="112,3,115,47,7,74,28,73,95,63,26,121,96"/><W35/><G121/><T118/><D5/><U58/><E2/><V111/><F1/><W15/><G3/><T49/><D133/><U70/><E128/><N who="0" m="49193" /><D126/><U4/><E125/><V12/><F71/><W132/><G132/><T34/><D49/><U127/><E127/><V22/><F32/><W104/><G104/><T62/><D17/><U55/><E70/><V94/><F75/><W6/><G115/><T129/><D129/><U11/><E20/><V120/><F94/><W23/><G112/><T40/><D40/><U56/><E56/><V72/><F111/><N who="1" m="42569" /><E79/><V69/><F69/><W19/><G47/><T16/><D16/><U92/><E92/><V39/><F72/><W67/><G74/><T27/><D86/><N who="1" m="48431" /><E46/><V64/><F44/><W59/><REACH who="3" step="1"/><G73/><REACH who="3" ten="268,252,420,50" step="2"/><T18/><D119/><U52/><E43/><V88/><F106/><W80/><G80/><T101/><D118/><U36/><E36/><V78/><F39/><W66/><G66/><T29/><D65/><U114/><E114/><V8/><F64/><W123/><G123/><T110/><D110/><U134/><E134/><V87/><F105/><W31/><G31/><T33/><D29/><U76/><E55/><V54/><F54/><W68/><G68/><T116/><D116/><U9/><E52/><V37/><F124/><W48/><G48/><T61/><D83/><U45/><E45/><V21/><F122/><W113/><G113/><T97/><D62/><U53/><E53/><V25/><F120/><W42/><G42/><T13/><D61/><U103/><E58/><V41/><F41/><W135/><G135/><RYUUKYOKU ba="0,1" sc="268,-10,252,-10,420,-10,50,30" hai3="6,7,15,19,23,26,28,35,59,63,67,95,96" /><INIT seed="3,1,1,5,3,85" ten="258,242,410,80" oya="3" hai0="17,47,15,1,76,4,124,74,39,40,96,18,91" hai1="73,126,95,90,41,118,51,112,57,22,125,50,108" hai2="97,3,127,16,119,131,9,129,135,111,20,55,46" hai3="130,123,35,83,59,121,7,113,72,33,65,12,92"/><W37/><G113/><T80/><D124/><N who="1" m="47723" /><E112/><V29/><F127/><W24/><G37/><T70/><D70/><U86/><E108/><V66/><F111/><W42/><G42/><T88/><D15/><U45/><E118/><V6/><F119/><W100/><G130/><T43/><D43/><U93/><E73/><V32/><F66/><W14/><G7/><T5/><D5/><U52/><E22/><V38/><F135/><W27/><G72/><T84/><D96/><U34/><E34/><N who="3" m="12810" /><G83/><AGARI ba="1,1" hai="41,45,50,51,52,57,83,86,90,93,95" m="47723" machi="83" ten="30,3900,0" yaku="18,1,52,1,54,1" doraHai="85" who="1" fromWho="3" sc="258,0,242,52,410,0,80,-42" owari="258,-14.2,294,9.4,410,51.0,38,-46.2" /></mjloggm>