<mjloggm ver="2.3"><GO type="225" lobby="0"/><UN n0="%E3%82%BC%E3%83%AB%E3%83%80%E3%81%AE%E4%BC%9D%E8%AA%AC" n1="%E3%81%86%E3%82%8C%E3%81%9F%E3%82%93%E6%9E%95" n2="%E6%80%AA%E3%81%97%E3%81%99%E3%81%8E%E3%82%8B%E3%83%81%E3%83%BC" n3="%E9%B3%B3%E6%9D%B1%E3%81%AE%E3%81%86%E3%81%95%E3%81%8E%E3%81%95%E3%82%93" dan="16,16,16,17" rate="2140.59,2101.84,2155.23,2271.73" sx="M,F,M,M"/><TAIKYOKU oya="0"/><INIT seed="0,0,0,1,5,42" ten="250,250,250,250" oya="0" hai0="94,96,9,35,37,27,117,39,120,90,15,54,113" hai1="29,33,66,111,127,110,50,112,56,122,72,121,115" hai2="83,126,130,58,100,8,80,16,116,62,53,107,63" hai3="64,79,48,47,0,82,102,109,71,28,128,31,26"/><T65/><D113/><N who="1" m="43595" /><E72/><V86/><F130/><W10/><G128/><T98/><D117/><U135/><E29/><V133/><F116/><W119/><G119/><T41/><D120/><N who="1" m="46187" /><E33/><V55/><F126/><W4/><G109/><N who="1" m="41482" /><E135/><V5/><F133/><W43/><G102/><T125/><D35/><U52/><E66/><V32/><F32/><W95/><G95/><T61/><D65/><U123/><N who="1" m="46195" /><U46/><DORA hai="89" /><E127/><V101/><F107/><W6/><G6/><T40/><D125/><U19/><E19/><V51/><F16/><W103/><G26/><T77/><D27/><U70/><E70/><V118/><F118/><W23/><G23/><T13/><D9/><U21/><E21/><V76/><F8/><W132/><G132/><T114/><D114/><U38/><E38/><V73/><F5/><W105/><G64/><T30/><D30/><U91/><E91/><V69/><F69/><W2/><G71/><T7/><D7/><U60/><E60/><V74/><F63/><W67/><G67/><T68/><D68/><U78/><E78/><V129/><F73/><W3/><G28/><T12/><D77/><U34/><E34/><V85/><F74/><N who="3" m="43383" /><G31/><T104/><D39/><U131/><E131/><V59/><F129/><W108/><G108/><T17/><D37/><U25/><E25/><V1/><F1/><W45/><G0/><T87/><D17/><U44/><AGARI ba="0,0" hai="44,46,50,52,56" m="41482,46195,43595" machi="44" ten="50,12000,2" yaku="11,1,14,1,34,2,52,2,54,1" doraHai="42,89" who="1" fromWho="1" sc="250,-60,250,120,250,-30,250,-30" /><INIT seed="1,0,0,0,3,77" ten="190,370,220,220" oya="1" hai0="119,63,46,105,91,14,103,85,89,37,33,17,92" hai1="1,22,21,67,10,133,20,65,31,51,131,126,74" hai2="106,125,43,88,115,87,47,75,120,78,124,34,98" hai3="27,68,32,30,95,44,100,97,114,2,129,50,101"/><U109/><E74/><V19/><F120/><W112/><G129/><T57/><D119/><U4/><E131/><V58/><F34/><W42/><G2/><T48/><D33/><U94/><E133/><V122/><F122/><W61/><REACH who="3" step="1"/><G100/><REACH who="3" ten="190,370,220,210" step="2"/><T18/><D103/><U117/><E117/><V99/><F124/><W130/><G130/><T62/><D105/><U123/><E126/><V128/><F106/><W24/><G24/><T104/><D104/><U79/><E123/><V3/><F125/><W41/><G41/><T49/><D14/><U70/><E1/><V80/><F3/><W54/><G54/><N who="0" m="31943" /><D37/><U71/><E67/><AGARI ba="0,1" hai="27,30,32,42,44,50,61,67,68,95,97,101,112,114" machi="67" ten="40,1300,0" yaku="1,1,53,0" doraHai="77" doraHaiUra="52" who="3" fromWho="1" sc="190,0,370,-13,220,0,210,23" /><INIT seed="2,0,0,4,4,128" ten="190,357,220,233" oya="2" hai0="21,13,45,111,123,11,8,22,31,59,117,1,126" hai1="115,40,33,125,131,61,74,122,34,130,95,63,18" hai2="9,76,51,6,108,86,109,119,17,116,84,121,62" hai3="20,43,27,29,23,96,98,30,4,114,37,54,58"/><V7/><F121/><W55/><G114/><T47/><D123/><U75/><E122/><V14/><F62/><W100/><G4/><N who="2" m="1577" /><F51/><W87/><G37/><T67/><D1/><U69/><E125/><V91/><F76/><W99/><G43/><T106/><D106/><U127/><E127/><V3/><F3/><W36/><G36/><T10/><D126/><U134/><E40/><V0/><F0/><W65/><G100/><T48/><D111/><N who="2" m="42570" /><F84/><W56/><G87/><T94/><D117/><U133/><E115/><V93/><AGARI ba="0,0" hai="9,14,17,86,91,93,116,119" m="42570,1577" machi="93" ten="30,3000,0" yaku="14,1,10,1" doraHai="128" who="2" fromWho="2" sc="190,-10,357,-10,220,30,233,-10" /><INIT seed="2,1,0,2,5,2" ten="180,347,250,223" oya="2" hai0="6,53,80,20,98,130,42,132,46,60,109,62,58" hai1="124,72,134,110,10,47,75,12,56,13,115,5,82" hai2="105,86,15,68,25,70,90,8,107,32,36,19,135" hai3="123,108,22,106,84,89,1,61,35,51,103,87,29"/><V102/><F135/><W111/><G123/><T125/><D132/><U48/><E134/><V78/><F36/><W69/><G22/><T83/><D109/><N who="3" m="42057" /><G1/><T117/><D125/><U44/><E110/><V94/><F78/><W50/><G103/><T76/><D130/><U128/><E115/><V100/><F102/><W49/><G106/><T63/><D117/><U11/><E124/><V114/><F114/><W129/><G129/><T54/><D98/><U118/><E118/><V67/><F100/><W93/><G87/><T9/><D20/><U65/><E82/><V116/><F116/><W45/><G61/><T40/><D83/><U122/><E122/><V52/><F67/><W112/><G69/><T73/><D54/><U28/><E28/><V34/><F34/><W101/><G101/><T26/><D42/><U0/><E0/><V24/><F52/><N who="3" m="29743" /><G112/><T21/><D21/><U85/><E85/><V31/><REACH who="2" step="1"/><F25/><AGARI ba="1,0" hai="25,29,35,50,51,84,89,93" m="29743,42057" machi="25" ten="30,2000,0" yaku="14,1,54,1" doraHai="2" who="3" fromWho="2" sc="180,0,347,0,250,-23,223,23" /><INIT seed="3,0,0,1,2,13" ten="180,347,227,246" oya="3" hai0="117,60,112,100,25,36,72,103,47,45,5,27,42" hai1="69,50,95,94,104,37,57,99,38,108,73,49,75" hai2="23,85,86,56,68,109,81,22,1,116,9,46,62" hai3="123,11,67,7,76,71,101,93,88,131,12,114,19"/><W28/><G114/><T121/><D117/><U43/><E108/><V24/><F68/><W115/><G115/><T82/><D121/><U3/><E95/><V10/><F116/><W77/><G123/><T14/><D112/><U129/><E129/><V58/><F109/><W113/><G113/><T122/><D122/><U63/><E3/><V118/><F1/><W18/><G131/><T130/><D130/><U66/><E104/><V89/><F46/><W87/><G28/><T8/><D60/><N who="1" m="40135" /><E99/><V26/><F118/><W34/><G34/><T32/><D47/><N who="1" m="25855" /><E94/><V65/><F58/><W4/><G71/><T134/><D134/><U17/><E17/><N who="3" m="6154" /><G67/><T20/><D32/><U6/><E6/><N who="3" m="2090" /><G101/><T125/><D125/><U84/><E84/><V64/><F86/><W96/><G96/><T74/><D74/><U29/><E29/><N who="2" m="17559" /><F65/><W15/><G11/><T61/><D100/><U21/><E75/><V54/><F64/><W120/><G120/><T44/><D103/><U31/><E73/><V35/><F35/><W107/><G107/><T126/><D126/><U128/><E31/><AGARI ba="0,0" hai="9,10,23,26,31,54,56,62,81,85,89" m="17559" machi="31" ten="30,1000,0" yaku="8,1" doraHai="13" who="2" fromWho="1" sc="180,0,347,-10,227,10,246,0" owari="180,-32.0,337,43.7,237,-16.3,246,4.6" /></mjloggm>