<mjloggm ver="2.3"><GO type="225" lobby="0"/><UN n0="%E3%82%A2%E3%83%A1%E3%82%A2%E3%83%A9%E3%83%AC" n1="%E3%81%A4%E3%81%A3%E3%81%B1%E3%82%8A%E3%83%9D%E3%83%BC%E3%83%AB" n2="%E6%A1%9C%E8%8A%B1%E9%96%83%E3%80%85" n3="%77%72%77%72%77%72%77%72" dan="16,16,16,17" rate="2081.09,2105.66,2140.28,2217.34" sx="M,M,M,M"/><TAIKYOKU oya="0"/><INIT seed="0,0,0,2,0,109" ten="250,250,250,250" oya="0" hai0="58,86,43,40,124,110,70,8,34,5,135,81,91" hai1="74,46,45,53,9,93,78,128,120,36,75,54,39" hai2="94,114,50,14,63,126,0,125,87,96,62,113,18" hai3="57,79,33,7,100,1,65,24,123,35,22,12,122"/><T41/><D70/><U108/><E120/><N who="3" m="46122" /><G79/><T28/><D135/><U82/><E108/><V52/><F0/><W30/><G100/><T83/><D124/><N who="2" m="47722" /><F87/><W51/><G65/><T85/><D110/><U26/><E128/><V105/><F105/><W116/><G116/><T60/><D34/><N who="3" m="12809" /><G57/><T21/><D21/><U80/><E26/><V90/><F63/><W106/><G51/><T134/><D28/><U6/><E9/><N who="2" m="6479" /><F62/><W131/><G106/><T133/><D8/><U3/><E3/><V61/><F61/><W121/><N who="3" m="46130" /><W101/><DORA hai="129" /><G101/><T115/><D5/><U130/><E6/><V64/><F64/><W111/><G111/><T66/><REACH who="0" step="1"/><D115/><REACH who="0" ten="240,250,250,250" step="2"/><U117/><E130/><V72/><F72/><W47/><G131/><T42/><N who="0" m="10240" /><DORA hai="95" /><T10/><D10/><U23/><E36/><V97/><F97/><W71/><G71/><T31/><D31/><U17/><E39/><V29/><F29/><W49/><G1/><T15/><D15/><U27/><E117/><V98/><F98/><W99/><G12/><T38/><D38/><U112/><E112/><V59/><AGARI ba="0,1" hai="50,52,59,90,94,96,113,114" m="6479,47722" machi="59" ten="30,8000,1" yaku="18,1,52,3,54,1" doraHai="109,129,95" who="2" fromWho="2" sc="240,-40,250,-20,250,90,250,-20" /><INIT seed="1,0,0,2,0,128" ten="200,230,340,230" oya="1" hai0="67,61,14,11,0,73,28,117,33,100,71,115,101" hai1="53,85,122,59,78,134,13,111,72,107,20,81,8" hai2="24,108,105,51,55,69,44,98,124,96,88,50,119" hai3="4,86,41,116,52,120,113,7,127,54,17,2,6"/><U130/><E122/><V25/><F119/><W27/><G113/><T104/><D115/><U40/><E130/><V37/><F37/><W21/><G120/><T76/><D117/><U132/><E107/><V99/><F105/><W31/><G116/><T68/><D0/><U19/><E111/><V34/><F108/><W16/><G127/><T3/><D3/><U95/><E40/><V66/><F124/><W23/><G41/><T65/><D76/><U42/><E42/><N who="2" m="24855" /><F34/><W129/><G129/><T15/><D73/><U103/><E8/><V82/><F66/><W32/><G86/><T102/><D104/><U70/><E70/><V114/><F69/><W26/><G52/><T56/><D67/><U91/><REACH who="1" step="1"/><E103/><REACH who="1" ten="200,220,340,230" step="2"/><V30/><F114/><W62/><G54/><T10/><D71/><U18/><E18/><V121/><F121/><W94/><G62/><AGARI ba="0,1" hai="13,19,20,53,59,62,72,78,81,85,91,95,132,134" machi="62" ten="40,12000,1" yaku="1,1,52,2,53,1" doraHai="128" doraHaiUra="58" who="1" fromWho="3" sc="200,0,220,130,340,0,230,-120" /><INIT seed="1,1,0,2,0,20" ten="200,350,340,110" oya="1" hai0="46,128,50,49,94,101,91,39,27,64,77,4,92" hai1="129,132,124,47,29,18,125,111,15,7,75,73,78" hai2="41,112,44,61,110,126,66,10,90,22,30,71,88" hai3="59,45,72,70,13,24,96,82,95,26,34,21,74"/><U35/><E132/><V83/><F110/><W8/><G70/><T123/><D128/><U0/><E111/><V89/><F126/><N who="1" m="48745" /><E129/><V60/><F112/><W117/><G117/><T98/><D123/><U19/><E78/><V58/><F10/><W76/><G34/><T114/><D114/><U51/><E0/><V31/><F83/><W2/><G2/><T103/><D77/><U43/><E7/><V99/><F99/><W121/><G121/><T84/><D4/><U104/><E104/><V25/><F31/><W65/><G72/><N who="1" m="27722" /><E15/><V5/><F5/><W32/><G32/><T81/><D64/><U133/><E133/><V40/><REACH who="2" step="1"/><F44/><REACH who="2" ten="200,350,330,110" step="2"/><W108/><G108/><T79/><D46/><U87/><E87/><V12/><F12/><W55/><G45/><T63/><D84/><U122/><E122/><V56/><F56/><W100/><G21/><T6/><D6/><U113/><E113/><V69/><F69/><W102/><G13/><T120/><D120/><U23/><E23/><V106/><F106/><W62/><G8/><T1/><D1/><U105/><E105/><V42/><F42/><W16/><G16/><N who="1" m="6186" /><E35/><V52/><AGARI ba="1,1" hai="22,25,30,40,41,52,58,60,61,66,71,88,89,90" machi="52" ten="30,12000,2" yaku="1,1,0,1,52,1,54,2,53,1" doraHai="20" doraHaiUra="54" who="2" fromWho="2" sc="200,-31,350,-61,330,133,110,-31" /><INIT seed="2,0,0,3,5,96" ten="169,289,463,79" oya="2" hai0="39,87,73,85,49,103,41,88,124,135,52,27,38" hai1="115,23,45,112,9,40,7,131,116,13,70,55,132" hai2="118,84,122,25,104,65,8,47,117,93,32,108,21" hai3="43,114,97,99,57,80,26,50,14,34,111,95,105"/><V59/><F122/><W100/><G111/><T79/><D135/><U64/><E116/><V72/><F72/><W74/><G114/><T82/><D124/><U5/><E5/><V33/><F104/><W58/><G14/><T3/><D3/><U30/><E132/><V31/><F108/><W22/><G34/><T0/><D0/><U51/><E131/><V107/><F107/><W12/><G12/><T16/><D41/><U77/><E77/><V125/><F8/><W54/><G43/><T113/><D113/><U66/><E70/><V126/><F47/><W81/><G57/><T92/><D73/><U37/><E115/><V42/><F42/><W1/><G1/><T28/><D103/><U11/><E11/><V48/><F84/><W69/><G69/><T78/><D78/><U123/><E123/><V71/><F93/><W127/><G127/><N who="2" m="48649" /><F71/><W36/><G36/><T94/><D94/><U90/><E112/><V46/><F46/><W63/><G74/><T24/><D24/><N who="1" m="16671" /><E37/><V62/><F48/><W35/><G50/><T109/><D109/><U18/><E40/><V20/><F20/><W98/><G35/><AGARI ba="0,0" hai="21,25,31,32,33,35,59,62,65,117,118" m="48649" machi="35" ten="30,1500,0" yaku="18,1" doraHai="96" who="2" fromWho="3" sc="169,0,289,0,463,15,79,-15" /><INIT seed="2,1,0,2,2,23" ten="169,289,478,64" oya="2" hai0="73,127,38,28,3,97,76,18,16,40,104,5,115" hai1="105,75,25,67,17,112,101,130,19,109,86,133,10" hai2="54,71,77,50,12,69,94,108,91,126,52,110,46" hai3="9,58,72,15,14,0,66,107,43,82,93,100,20"/><V120/><F120/><W95/><G0/><T125/><D115/><U79/><E75/><V80/><F12/><W128/><G128/><T22/><D104/><U131/><E112/><V132/><F132/><W83/><G43/><T87/><D73/><U89/><E79/><V55/><F126/><N who="0" m="48138" /><D97/><N who="1" m="61615" /><E109/><N who="2" m="42091" /><F94/><W113/><G113/><T11/><D40/><U92/><E133/><V27/><F91/><W122/><G122/><T96/><D38/><U68/><E10/><V21/><F80/><N who="3" m="30763" /><G107/><T119/><D119/><U4/><E4/><V39/><F77/><W49/><G100/><T59/><D87/><U48/><E86/><V26/><F26/><W60/><G49/><T106/><D76/><U78/><E25/><V63/><F39/><W32/><G72/><T88/><D106/><U84/><E84/><V57/><F55/><W134/><G134/><T7/><D3/><U41/><E92/><V103/><F103/><W118/><G118/><T30/><D96/><U8/><E89/><V70/><F71/><W124/><G124/><T117/><D88/><U29/><E78/><V90/><F90/><W116/><G116/><T111/><D117/><U123/><E123/><V36/><F36/><W35/><G95/><T65/><D111/><U74/><E74/><V64/><F54/><W99/><G20/><T56/><D22/><U37/><E37/><V98/><F98/><W61/><G61/><T51/><D51/><U135/><E135/><V42/><F42/><W13/><G9/><T33/><D11/><U114/><E8/><V6/><F21/><W47/><G47/><T2/><D2/><RYUUKYOKU ba="1,0" sc="169,-10,289,-10,478,-10,64,30" hai3="13,14,15,32,35,58,60,66,93,99" /><INIT seed="3,2,0,0,1,110" ten="159,279,468,94" oya="3" hai0="106,134,60,46,63,62,118,68,71,115,81,78,6" hai1="109,53,73,38,133,59,19,45,31,67,124,108,125" hai2="23,7,50,32,88,96,21,26,12,114,56,18,27" hai3="83,16,1,122,36,98,35,97,123,55,57,113,116"/><W22/><G116/><T48/><D118/><U70/><E73/><V87/><F114/><W24/><G113/><T34/><D115/><U128/><E128/><V103/><F32/><W44/><G1/><T119/><D119/><U54/><E31/><V28/><F56/><W9/><G35/><T121/><D121/><U58/><E19/><V74/><F50/><W66/><G66/><T40/><D34/><U42/><E133/><V102/><F74/><W126/><G126/><N who="1" m="48746" /><E59/><V8/><F96/><W25/><G9/><T127/><D106/><U120/><E120/><V99/><F99/><W86/><G123/><T47/><D127/><U92/><E92/><AGARI ba="2,0" hai="7,8,12,18,21,23,26,27,28,87,88,92,102,103" machi="92" ten="30,3900,0" yaku="7,1,8,1,54,1" doraHai="110" who="2" fromWho="1" sc="159,0,279,-45,468,45,94,0" owari="159,-24.1,234,3.4,513,61.3,94,-40.6" /></mjloggm>