<mjloggm ver="2.3"><GO type="225" lobby="0"/><UN n0="%E3%83%A2%E3%82%B0%E3%83%9E%E3%83%AA%E3%83%A2" n1="%E6%A0%B9%E5%85%83%E3%81%8B%E3%82%89%E5%90%B9%E3%81%A3%E9%A3%9B%E3%81%B6" n2="%E5%B8%86%E7%AB%8B%E5%A4%8F%E8%A1%A3" n3="%6D%75%75%6D%75%72%61" dan="16,17,16,16" rate="2084.69,2208.39,2059.05,2153.04" sx="M,F,M,F"/><TAIKYOKU oya="0"/><INIT seed="0,0,0,5,5,87" ten="250,250,250,250" oya="0" hai0="76,18,77,66,9,12,11,85,97,57,92,36,26" hai1="135,104,94,64,80,33,24,59,55,122,21,38,106" hai2="130,34,14,41,49,0,27,119,127,103,120,51,74" hai3="54,118,63,91,19,32,109,52,123,79,56,132,53"/><T46/><D26/><U93/><E122/><V42/><F119/><W126/><G118/><T25/><D25/><U75/><E38/><V128/><F0/><W5/><G123/><T1/><D85/><U67/><E33/><V23/><F74/><W37/><G32/><T86/><D86/><U121/><E121/><V31/><F103/><W113/><G113/><T101/><D36/><U30/><E135/><V47/><F120/><W115/><G115/><T114/><D114/><U69/><E94/><V20/><F127/><W117/><G117/><T17/><D46/><U58/><E58/><V105/><F105/><W111/><G37/><T96/><D96/><U71/><E71/><V131/><F14/><W60/><G126/><T90/><D101/><U133/><E133/><V29/><F29/><W108/><G132/><T73/><D73/><U98/><E69/><V88/><F88/><W100/><G79/><T45/><D45/><AGARI ba="0,0" hai="20,23,27,31,34,41,42,45,47,49,51,128,130,131" machi="45" ten="40,2600,0" yaku="9,1,19,1" doraHai="87" who="2" fromWho="0" sc="250,-26,250,0,250,26,250,0" /><INIT seed="1,0,0,5,4,27" ten="224,250,276,250" oya="1" hai0="18,89,120,64,52,19,123,31,83,129,0,104,108" hai1="69,90,25,105,91,68,40,75,128,9,34,78,121" hai2="66,11,7,54,93,33,30,71,21,126,55,44,16" hai3="98,125,5,96,87,88,53,63,112,37,8,56,48"/><U86/><E121/><N who="0" m="46665" /><D0/><U92/><E128/><V95/><F126/><W58/><G125/><T77/><D129/><U116/><E116/><V15/><F71/><W14/><G37/><T32/><D108/><U70/><E40/><V117/><F117/><W62/><G112/><T119/><D64/><U100/><E90/><V130/><F66/><W47/><G58/><T24/><D119/><U10/><E25/><N who="2" m="18639" /><F130/><W101/><G101/><T41/><D41/><U94/><E94/><N who="2" m="35851" /><F44/><W132/><G132/><T82/><D104/><U67/><E34/><V57/><F57/><W20/><G20/><T131/><D131/><U51/><E51/><V118/><F118/><W134/><G134/><T99/><D99/><N who="1" m="61599" /><E67/><V46/><F46/><W45/><G45/><T102/><D102/><U39/><E39/><V28/><F28/><W103/><G103/><T80/><D89/><U6/><E6/><V49/><F49/><W81/><REACH who="3" step="1"/><G63/><REACH who="3" ten="224,250,276,240" step="2"/><T113/><D113/><U29/><E69/><V17/><F17/><W42/><AGARI ba="0,1" hai="5,8,14,42,47,48,53,56,62,81,87,88,96,98" machi="42" ten="20,12000,2" yaku="1,1,2,1,0,1,7,1,8,1,54,1,53,0" doraHai="27" doraHaiUra="115" who="3" fromWho="3" sc="224,-30,250,-60,276,-30,240,130" /><INIT seed="2,0,0,3,0,38" ten="194,190,246,370" oya="2" hai0="69,118,12,65,134,124,18,24,57,70,71,96,111" hai1="23,98,123,40,9,94,31,85,60,90,63,30,20" hai2="17,33,87,32,116,106,13,43,48,89,74,19,11" hai3="6,104,44,81,103,105,22,0,93,109,66,73,79"/><V80/><F116/><W50/><G109/><T101/><D111/><U61/><E123/><V25/><F106/><W120/><G120/><T127/><D134/><U7/><E40/><V53/><F74/><W86/><G66/><T83/><D118/><U126/><E126/><N who="0" m="48169" /><D83/><U35/><E35/><V92/><F43/><W99/><G73/><T117/><D117/><U82/><E23/><V97/><F25/><W16/><G6/><T26/><D57/><U21/><E20/><V128/><F19/><W129/><G0/><T62/><D12/><U100/><REACH who="1" step="1"/><E21/><REACH who="1" ten="194,180,246,370" step="2"/><V8/><F8/><W52/><G129/><T88/><D24/><AGARI ba="0,1" hai="16,22,24,44,50,52,79,81,86,93,99,103,104,105" machi="24" ten="30,3900,0" yaku="7,1,54,2" doraHai="38" who="3" fromWho="0" sc="194,-39,180,0,246,0,370,49" /><INIT seed="3,0,0,2,4,69" ten="155,180,246,419" oya="3" hai0="77,68,111,118,33,25,64,133,98,62,122,44,55" hai1="107,47,42,110,88,34,8,11,12,28,19,10,4" hai2="115,73,6,35,93,84,87,70,40,38,109,103,14" hai3="125,22,120,81,56,71,52,23,104,89,72,99,117"/><W21/><G125/><T97/><D118/><U2/><E107/><V16/><F70/><W134/><G71/><T13/><D122/><U32/><E88/><V82/><F115/><W5/><G56/><T132/><D111/><U54/><E54/><V80/><F109/><W101/><G52/><T50/><D77/><U36/><E110/><V18/><F35/><W86/><G134/><T17/><D25/><U63/><E28/><V67/><F67/><W76/><G5/><T29/><D29/><U60/><REACH who="1" step="1"/><E8/><REACH who="1" ten="155,170,246,419" step="2"/><V66/><F103/><W61/><G89/><T43/><D55/><U83/><E83/><V37/><F82/><W131/><G104/><T85/><D85/><U112/><E112/><V45/><F80/><W130/><G86/><T95/><D33/><AGARI ba="0,1" hai="2,4,10,11,12,19,32,33,34,36,42,47,60,63" machi="33" ten="40,2600,0" yaku="1,1,52,1,53,0" doraHai="69" doraHaiUra="113" who="1" fromWho="0" sc="155,-26,170,36,246,0,419,0" owari="129,-37.1,206,-19.4,246,4.6,419,51.9" /></mjloggm>