<mjloggm ver="2.3"><GO type="225" lobby="0"/><UN n0="%E3%82%B3%E3%83%90%E3%83%AC%E3%82%A4" n1="%E3%82%BC%E3%83%AB%E3%83%80%E3%81%AE%E4%BC%9D%E8%AA%AC" n2="%E5%85%88%E7%89%A9%E3%81%AF%74%72%61%73%68" n3="%E4%B8%89%E5%88%86%E5%B0%8F%E5%83%A7" dan="16,17,17,16" rate="2136.92,2173.18,2130.12,2096.61" sx="M,M,M,M"/><TAIKYOKU oya="0"/><INIT seed="0,0,0,3,3,90" ten="250,250,250,250" oya="0" hai0="7,131,94,65,6,125,32,79,122,52,117,80,11" hai1="0,26,9,42,93,34,82,36,103,57,17,118,127" hai2="62,76,116,72,63,13,107,23,74,35,28,124,86" hai3="31,29,128,88,120,115,113,101,59,78,75,89,71"/><T5/><D117/><U110/><E118/><V16/><F116/><W96/><G71/><T53/><D32/><U20/><E110/><V4/><F107/><W84/><G128/><T97/><D131/><U129/><E129/><V123/><F123/><W134/><G120/><T108/><D122/><U119/><E119/><V56/><F124/><W19/><G134/><T135/><D65/><U133/><E127/><V51/><F51/><W46/><G75/><T14/><D125/><U44/><E133/><V73/><F4/><W45/><G78/><T98/><D98/><U85/><E34/><V39/><F39/><W111/><G111/><T60/><D135/><U54/><E0/><V24/><REACH who="2" step="1"/><F56/><REACH who="2" ten="250,250,240,250" step="2"/><W109/><G109/><T112/><D108/><U61/><E57/><V43/><F43/><W40/><G59/><T91/><D112/><U2/><E42/><V55/><F55/><W27/><G115/><T10/><D60/><U102/><E36/><V64/><F64/><W99/><G113/><T66/><D66/><U8/><E54/><V105/><F105/><W1/><G40/><T81/><D7/><U106/><E106/><V48/><F48/><W30/><G1/><T100/><D53/><U104/><E104/><V69/><F69/><W47/><G47/><T33/><D6/><U37/><E61/><V3/><F3/><W15/><G46/><T132/><D5/><U25/><E37/><V41/><F41/><W50/><G45/><T68/><D68/><U21/><E44/><V67/><F67/><W83/><G50/><T22/><D132/><U12/><E2/><RYUUKYOKU ba="0,1" sc="250,-10,250,-10,240,30,250,-10" hai2="13,16,23,24,28,35,62,63,72,73,74,76,86" /><INIT seed="1,1,1,1,0,39" ten="240,240,270,240" oya="1" hai0="65,122,93,5,34,35,55,123,37,26,100,49,128" hai1="86,130,0,54,61,22,96,90,23,16,99,85,62" hai2="94,114,10,120,27,60,79,41,75,18,11,38,135" hai3="29,43,95,59,36,24,42,87,2,15,6,124,64"/><U112/><E112/><V131/><F120/><N who="0" m="46122" /><D37/><U83/><E130/><V88/><F131/><W113/><G113/><T13/><D65/><U3/><E3/><V129/><F129/><W126/><G36/><T76/><D76/><U25/><E0/><V14/><F135/><W19/><G2/><T48/><D48/><U110/><E110/><V32/><F114/><W118/><G6/><T68/><D26/><U92/><E23/><V45/><F60/><N who="1" m="23145" /><E54/><V91/><F10/><W103/><G118/><T71/><D35/><U33/><E33/><V74/><F79/><AGARI ba="1,1" hai="16,22,25,79,83,85,86,90,92,96,99" m="23145" machi="79" ten="30,2900,0" yaku="8,1,54,1" doraHai="39" who="1" fromWho="2" sc="240,0,240,42,270,-32,240,0" /><INIT seed="1,2,0,1,0,37" ten="240,282,238,240" oya="1" hai0="13,56,21,105,50,61,88,23,91,63,28,31,34" hai1="57,106,3,1,119,112,51,48,94,10,132,135,64" hai2="118,43,123,12,102,66,127,124,74,89,130,20,76" hai3="58,70,101,131,100,7,54,2,75,90,41,93,30"/><U99/><E106/><V36/><F123/><W60/><G131/><T72/><D105/><U18/><E112/><V15/><F118/><W44/><G75/><T6/><D72/><U122/><E122/><V19/><F130/><W55/><G70/><T62/><D34/><U125/><E119/><V117/><F117/><W73/><G73/><T97/><D6/><U5/><E125/><N who="2" m="48203" /><F102/><W103/><G30/><T52/><D97/><U87/><E3/><V115/><F66/><W83/><G83/><T38/><D38/><U116/><E116/><V46/><F89/><N who="0" m="34378" /><D23/><U108/><E87/><V9/><F115/><W109/><G109/><T129/><D129/><U126/><E18/><AGARI ba="2,0" hai="13,18,21,28,31,50,52,56,61,62,63" m="34378" machi="18" ten="30,3900,0" yaku="8,1,54,2" doraHai="37" who="0" fromWho="1" sc="240,45,282,-45,238,0,240,0" /><INIT seed="2,0,0,4,3,49" ten="285,237,238,240" oya="2" hai0="59,115,48,58,74,94,11,25,108,131,97,37,134" hai1="127,113,76,54,13,71,135,88,102,50,132,83,124" hai2="96,55,7,126,123,21,22,17,41,66,107,72,43" hai3="34,39,80,65,60,9,3,69,29,109,87,120,27"/><V33/><F123/><W101/><G109/><T31/><D37/><U112/><E102/><V40/><F33/><W100/><G39/><T106/><D74/><U95/><E71/><V116/><F116/><W46/><G120/><T125/><D115/><U91/><E13/><V85/><F72/><W90/><REACH who="3" step="1"/><G46/><REACH who="3" ten="285,237,238,230" step="2"/><T84/><D108/><U16/><E113/><V18/><F126/><N who="1" m="48169" /><E112/><V53/><F7/><AGARI ba="0,1" hai="3,7,9,27,29,34,60,65,69,80,87,90,100,101" machi="7" ten="40,1300,0" yaku="1,1,53,0" doraHai="49" doraHaiUra="121" who="3" fromWho="2" sc="285,0,237,0,238,-13,230,23" /><INIT seed="3,0,0,3,4,60" ten="285,237,225,253" oya="3" hai0="90,21,89,30,135,0,42,56,35,133,73,43,71" hai1="134,112,84,51,100,72,1,98,46,106,117,27,104" hai2="7,85,122,95,126,92,79,49,76,14,109,4,77" hai3="37,131,75,114,80,125,36,105,57,17,19,123,55"/><W91/><G114/><T28/><D0/><U78/><E112/><V88/><F109/><W13/><G123/><T127/><D71/><U11/><E72/><V33/><F33/><W9/><G105/><T24/><D73/><U110/><E110/><V26/><F122/><W96/><G125/><T66/><D127/><U124/><E124/><V113/><F113/><W86/><G131/><T87/><D90/><U41/><E134/><N who="0" m="51209" /><D30/><U68/><E68/><V47/><F26/><W59/><G75/><T82/><D35/><U119/><E27/><V10/><F126/><W29/><G29/><T69/><D69/><U45/><E106/><V25/><F25/><W5/><G96/><T132/><D132/><U101/><E101/><V40/><REACH who="2" step="1"/><F4/><REACH who="2" ten="285,237,215,253" step="2"/><W31/><G31/><T70/><D70/><U23/><E119/><V116/><F116/><W20/><G5/><T108/><D108/><U107/><E117/><V83/><AGARI ba="0,1" hai="7,10,14,40,47,49,76,77,79,83,85,88,92,95" machi="83" ten="30,7900,0" yaku="1,1,0,1,8,1,54,1,53,0" doraHai="60" doraHaiUra="128" who="2" fromWho="2" sc="285,-20,237,-20,215,89,253,-39" owari="265,6.5,217,-18.3,304,40.4,214,-28.6" /></mjloggm>