<mjloggm ver="2.3"><GO type="225" lobby="0"/><UN n0="%61%6D%65%6B%69" n1="%E3%82%B3%E3%83%90%E3%83%AC%E3%82%A4" n2="%6C%61%6D%62" n3="%E3%82%A2%E3%83%A1%E3%82%A2%E3%83%A9%E3%83%AC" dan="16,16,16,16" rate="2098.47,2087.61,2159.55,2154.86" sx="M,M,M,M"/><TAIKYOKU oya="0"/><INIT seed="0,0,0,3,1,124" ten="250,250,250,250" oya="0" hai0="116,38,0,84,46,51,115,60,14,35,34,33,26" hai1="11,65,109,13,19,17,7,119,74,45,80,108,111" hai2="88,118,62,59,2,83,10,112,54,61,102,127,56" hai3="117,40,50,22,114,75,78,32,39,99,48,27,63"/><T15/><D115/><U24/><E119/><V6/><F127/><W77/><G114/><T58/><D0/><U94/><E65/><V97/><F112/><W129/><G117/><T100/><D38/><U41/><E94/><V87/><F118/><W110/><G110/><T106/><D26/><U37/><E24/><V107/><REACH who="2" step="1"/><F59/><REACH who="2" ten="250,250,240,250" step="2"/><W49/><G32/><T128/><D116/><U43/><E41/><V69/><F69/><W123/><G40/><T53/><D35/><U93/><E111/><V21/><F21/><W91/><G22/><T76/><D34/><U67/><E109/><V89/><F89/><W121/><G91/><T133/><D33/><U47/><E108/><V73/><F73/><W31/><G75/><T5/><D133/><U86/><E74/><V28/><F28/><W122/><G31/><T79/><D79/><U64/><E47/><V16/><F16/><W120/><G78/><T8/><D76/><U82/><E17/><V113/><F113/><W25/><G77/><T90/><D46/><U125/><E125/><V98/><F98/><W9/><G99/><T55/><D58/><U96/><E19/><V85/><F85/><W44/><G121/><T95/><D84/><U70/><E70/><V72/><F72/><W126/><G126/><T135/><D90/><U68/><E68/><V42/><F42/><W105/><G122/><T131/><D135/><U4/><E86/><V66/><F66/><N who="1" m="25129" /><E4/><V29/><F29/><W134/><G120/><T36/><D5/><U20/><E20/><V1/><F1/><W57/><G123/><T30/><D30/><RYUUKYOKU ba="0,1" sc="250,-15,250,15,240,15,250,-15" hai1="7,11,13,37,43,45,80,82,93,96" hai2="2,6,10,54,56,61,62,83,87,88,97,102,107" /><INIT seed="1,1,1,5,1,93" ten="235,265,255,235" oya="1" hai0="89,77,102,25,6,125,19,54,82,30,29,96,59" hai1="11,44,62,119,52,34,31,36,91,110,76,4,21" hai2="38,121,39,51,60,101,104,85,64,80,45,15,129" hai3="112,5,88,135,22,32,61,41,3,133,33,35,83"/><U113/><E119/><V16/><F121/><W115/><G41/><T23/><D125/><U132/><E34/><V103/><F129/><W74/><G61/><T8/><D89/><U128/><E113/><V2/><F2/><W73/><G22/><T20/><D20/><U1/><E128/><V111/><F111/><W116/><G116/><T50/><D8/><U109/><E76/><V63/><F104/><W13/><G13/><T53/><D53/><U86/><E132/><N who="3" m="50762" /><G5/><T90/><D90/><U49/><E36/><V14/><F14/><W71/><G71/><T26/><D26/><U123/><E123/><V48/><F48/><W107/><G107/><T108/><D108/><N who="1" m="41579" /><E62/><N who="2" m="23595" /><F38/><W28/><G28/><T117/><D6/><U0/><E21/><N who="2" m="11423" /><F39/><W92/><G3/><T126/><D117/><U55/><E31/><V67/><F67/><W106/><G106/><T79/><D30/><U18/><E18/><V84/><F64/><W10/><G10/><T94/><D29/><U134/><E134/><V87/><F80/><W57/><G57/><T99/><D82/><N who="1" m="49623" /><E1/><V58/><F58/><W46/><G74/><T105/><D126/><U12/><E0/><V56/><F56/><W124/><G124/><T120/><D120/><U75/><E75/><V7/><F7/><W98/><G46/><T66/><D66/><U122/><E122/><V97/><F45/><W70/><G70/><T114/><D114/><U131/><E131/><V27/><F51/><W68/><G68/><T78/><D78/><AGARI ba="1,1" hai="32,33,35,73,78,83,88,92,98,112,115" m="50762" machi="78" ten="40,5200,0" yaku="20,1,52,1,54,1" doraHai="93" who="3" fromWho="0" sc="235,-55,265,0,255,0,235,65" /><INIT seed="2,0,0,2,5,10" ten="180,265,255,300" oya="2" hai0="78,29,114,60,50,20,135,92,77,40,9,132,101" hai1="57,124,95,80,88,91,64,36,115,14,108,130,72" hai2="94,90,122,84,97,99,44,71,117,59,52,27,125" hai3="7,32,63,70,48,133,106,42,6,35,127,23,107"/><V131/><F117/><W83/><G133/><T109/><D114/><U28/><E115/><V98/><F122/><W38/><G127/><T45/><D109/><U17/><E36/><V43/><F71/><W96/><G38/><T21/><D135/><U26/><E124/><V105/><F131/><W89/><G23/><T30/><D132/><U119/><E130/><V16/><F125/><W113/><G48/><T87/><D21/><N who="1" m="15439" /><E108/><V11/><F105/><W104/><G42/><T37/><D37/><U74/><E72/><V0/><F0/><W68/><G63/><T69/><D69/><N who="3" m="26729" /><G113/><T15/><D60/><N who="1" m="37903" /><E74/><V3/><F3/><W129/><G129/><T61/><D61/><U112/><E112/><V116/><F116/><W34/><G96/><T46/><D46/><U100/><E80/><N who="2" m="49415" /><F44/><W22/><G22/><T93/><D93/><U24/><E24/><V81/><F81/><W73/><G89/><T39/><D39/><U18/><E119/><V13/><F43/><W86/><G86/><T12/><D20/><N who="1" m="11319" /><E18/><V79/><F27/><W58/><G58/><T118/><D118/><U128/><E128/><V2/><F2/><W62/><G62/><T41/><D41/><U85/><E85/><V66/><F66/><W75/><G75/><T56/><D56/><U65/><E65/><V54/><F79/><AGARI ba="0,0" hai="6,7,32,34,35,73,79,83,104,106,107" m="26729" machi="79" ten="50,3200,0" yaku="26,2" doraHai="10" who="3" fromWho="2" sc="180,0,265,0,255,-32,300,32" /><INIT seed="3,0,0,0,4,44" ten="180,265,223,332" oya="3" hai0="34,55,49,13,128,4,32,76,60,1,62,59,27" hai1="65,36,88,110,68,99,108,104,118,21,93,37,8" hai2="132,50,123,89,114,45,39,17,6,69,48,105,95" hai3="127,134,67,121,131,75,73,66,85,86,94,124,24"/><W126/><G134/><T63/><D128/><U58/><E68/><V54/><F114/><W23/><G131/><T25/><D1/><U70/><E70/><V35/><F105/><W81/><G121/><T57/><D34/><U33/><E33/><V51/><F69/><W56/><G94/><T100/><D32/><U40/><E104/><V87/><F35/><W7/><G7/><T83/><D100/><U92/><E118/><V130/><F130/><W120/><G120/><T46/><D13/><U91/><E8/><V111/><F132/><W84/><G56/><T29/><D4/><U135/><E21/><V72/><F72/><N who="3" m="27723" /><G81/><T97/><D97/><U133/><E40/><V31/><F31/><AGARI ba="0,0" hai="23,24,31,66,67,84,85,86,124,126,127" m="27723" machi="31" ten="40,2000,0" yaku="18,1" doraHai="44" who="3" fromWho="2" sc="180,0,265,0,223,-20,332,20" owari="180,-32.0,265,6.5,203,-19.7,352,45.2" /></mjloggm>