<mjloggm ver="2.3"><GO type="225" lobby="0"/><UN n0="%E8%B6%85%E7%B4%9A%E9%B3%B3%E5%87%B0" n1="%E3%82%B3%E3%83%90%E3%83%AC%E3%82%A4" n2="%48%61%61%61%6C%61%6E%64" n3="%E3%81%B5%E3%81%98%E3%81%8B%E3%81%A4" dan="17,16,18,16" rate="2170.63,2066.54,2198.12,2164.34" sx="F,M,M,M"/><TAIKYOKU oya="0"/><INIT seed="0,0,0,2,3,85" ten="250,250,250,250" oya="0" hai0="92,99,126,43,20,112,68,94,125,73,18,97,108" hai1="65,124,111,128,63,64,55,115,5,54,31,113,59" hai2="77,13,131,109,121,27,135,47,103,118,110,72,119" hai3="22,7,12,120,129,117,62,10,96,30,49,40,100"/><T81/><D112/><N who="1" m="43083" /><E5/><V127/><F121/><W130/><G117/><N who="2" m="44553" /><F127/><N who="0" m="48650" /><D68/><U34/><E124/><V6/><F131/><N who="3" m="50187" /><G120/><T16/><D108/><N who="2" m="41578" /><F103/><W48/><G62/><T132/><D132/><U105/><E111/><V9/><F135/><W17/><G40/><T70/><D70/><U78/><E128/><V39/><F27/><N who="3" m="14799" /><G30/><T24/><D43/><U133/><E133/><V14/><F39/><W61/><G61/><T8/><D73/><U58/><E105/><AGARI ba="0,0" hai="7,10,12,48,49,96,100,105" m="14799,50187" machi="105" ten="30,1000,0" yaku="19,1" doraHai="85" who="3" fromWho="1" sc="250,0,250,-10,250,0,250,10" /><INIT seed="1,0,0,2,0,88" ten="250,240,250,260" oya="1" hai0="29,36,43,45,24,23,18,8,65,87,19,90,95" hai1="58,100,64,84,119,69,55,91,126,2,128,34,21" hai2="75,102,109,7,0,33,115,86,50,103,27,9,78" hai3="130,48,134,32,121,113,74,73,54,44,25,26,131"/><U5/><E34/><V112/><F75/><W31/><G113/><N who="2" m="43593" /><F109/><W37/><G121/><T62/><REACH who="0" step="1"/><D8/><REACH who="0" ten="240,240,250,260" step="2"/><U117/><E126/><V17/><F50/><N who="3" m="28999" /><G37/><T108/><D108/><U111/><E128/><N who="3" m="49194" /><G48/><T123/><D123/><U61/><E111/><V135/><F135/><W114/><G134/><T89/><D89/><U20/><E100/><V39/><F39/><W38/><G38/><T94/><D94/><U79/><E79/><V104/><F104/><W22/><G114/><T60/><D60/><U10/><E119/><V41/><F103/><W132/><G132/><T6/><D6/><U4/><E4/><V92/><F102/><W105/><G105/><T12/><D12/><U101/><E101/><V106/><F106/><W116/><G116/><T56/><AGARI ba="0,1" hai="18,19,23,24,29,36,43,45,56,62,65,87,90,95" machi="56" ten="20,8000,1" yaku="1,1,0,1,7,1,52,1,53,1" doraHai="88" doraHaiUra="52" who="0" fromWho="0" sc="240,90,240,-40,250,-20,260,-20" /><INIT seed="2,0,0,1,4,15" ten="330,200,230,240" oya="2" hai0="89,62,84,128,103,117,86,45,100,63,130,27,77" hai1="49,134,58,6,81,13,1,112,24,29,32,94,20" hai2="75,109,101,42,123,120,43,116,105,39,74,127,78" hai3="76,104,97,82,85,65,91,93,96,95,111,124,37"/><V71/><F116/><W98/><G37/><T22/><D117/><U107/><E107/><V48/><F39/><W110/><G65/><T66/><D45/><U55/><E112/><V51/><F71/><W67/><G67/><T52/><D77/><U23/><E134/><V87/><F87/><W25/><G25/><T114/><D114/><U115/><E115/><V40/><F127/><W7/><G7/><T59/><D86/><U3/><E3/><V16/><F109/><N who="3" m="41483" /><G124/><T33/><D33/><U133/><E133/><V28/><F28/><W73/><G104/><T56/><D128/><U31/><E31/><V135/><F135/><W80/><AGARI ba="0,0" hai="73,76,80,82,85,91,93,95,96,97,98" m="41483" machi="80" ten="40,5200,0" yaku="14,1,34,2" doraHai="15" who="3" fromWho="3" sc="330,-13,200,-13,230,-26,240,52" /><INIT seed="3,0,0,0,1,93" ten="317,187,204,292" oya="3" hai0="0,76,103,95,31,39,55,89,81,130,97,36,38" hai1="96,115,113,19,15,7,53,77,71,48,117,73,57" hai2="70,46,86,65,37,135,122,128,17,29,13,125,56" hai3="121,92,32,68,127,16,126,105,87,69,41,25,49"/><W67/><G121/><T60/><D0/><U24/><E117/><V99/><F122/><W84/><G105/><T34/><D130/><U58/><E71/><V44/><F128/><W33/><G41/><T118/><D118/><U129/><E129/><V35/><F70/><N who="3" m="27243" /><G49/><T133/><D133/><U101/><E7/><V52/><F65/><W91/><G67/><T100/><D60/><U116/><E24/><V82/><F135/><W98/><G33/><T21/><D34/><U23/><E116/><V42/><F125/><N who="3" m="47627" /><G16/><T83/><D55/><U20/><E20/><V85/><F35/><W88/><G91/><T80/><REACH who="0" step="1"/><D76/><REACH who="0" ten="307,187,204,292" step="2"/><U27/><E27/><AGARI ba="0,1" hai="21,27,31,36,38,39,80,81,83,89,95,97,100,103" machi="27" ten="50,6400,0" yaku="1,1,2,1,52,1,53,0" doraHai="93" doraHaiUra="72" who="0" fromWho="1" sc="307,74,187,-64,204,0,292,0" owari="381,48.1,123,-37.7,204,-19.6,292,9.2" /></mjloggm>