<mjloggm ver="2.3"><GO type="225" lobby="0"/><UN n0="%E3%81%A1%E3%82%85%E3%81%86%E3%81%A9%E3%81%8F%E8%B1%A1%E3%81%95%E3%82%93" n1="%E3%81%9F%E3%81%A3%E3%81%A1%E3%82%87" n2="%E3%83%AD%E3%83%83%E3%83%86%E9%9B%80%E7%90%83" n3="%E9%80%9F%E6%B0%B4%E5%87%9B%E9%A6%99" dan="17,16,17,16" rate="2192.50,2105.75,2189.01,2057.00" sx="M,M,M,F"/><TAIKYOKU oya="0"/><INIT seed="0,0,0,1,2,75" ten="250,250,250,250" oya="0" hai0="121,135,124,120,73,80,123,95,112,18,35,56,76" hai1="7,82,24,4,3,2,48,111,84,10,131,40,101" hai2="83,100,46,93,89,62,91,126,11,0,30,127,116" hai3="16,125,113,107,74,45,114,66,57,86,9,88,79"/><T119/><D35/><U118/><E111/><V27/><F116/><W105/><G45/><T77/><D119/><U67/><E118/><V53/><F100/><W134/><G134/><T115/><D18/><U98/><E131/><V81/><F91/><W117/><G117/><T60/><D135/><U61/><E24/><V36/><F0/><W104/><G125/><N who="2" m="47625" /><F11/><W32/><G32/><T94/><D124/><U110/><E110/><V12/><F12/><W102/><G102/><T85/><D60/><U92/><E48/><N who="2" m="28823" /><F62/><W49/><G49/><T33/><D33/><U20/><E7/><V72/><F72/><W133/><G133/><T97/><D56/><U8/><E8/><V15/><F15/><W96/><G96/><T31/><D31/><U55/><E10/><V63/><F63/><W68/><G74/><T65/><D65/><U5/><E67/><V51/><F51/><W99/><G9/><T59/><D59/><U52/><E4/><V108/><F108/><W38/><G57/><T129/><D129/><U47/><E61/><V78/><F36/><W23/><G38/><T69/><D69/><U64/><E5/><V25/><F30/><W58/><G58/><T39/><D39/><U42/><E64/><V41/><F41/><W43/><G43/><T122/><N who="0" m="30720" /><DORA hai="22" /><T34/><D34/><U29/><E40/><V50/><F50/><W26/><G66/><T17/><D17/><U87/><E2/><V1/><F1/><W28/><G68/><T19/><D19/><U109/><E3/><V6/><F6/><W90/><G28/><T128/><D128/><RYUUKYOKU ba="0,0" sc="250,0,250,0,250,0,250,0" /><INIT seed="1,1,0,2,4,42" ten="250,250,250,250" oya="1" hai0="135,0,79,16,104,80,90,22,66,25,7,102,124" hai1="33,93,128,14,84,52,56,64,113,53,112,20,50" hai2="71,40,9,49,114,107,28,87,129,130,63,43,45" hai3="81,78,69,62,82,70,59,122,23,74,8,99,75"/><U30/><E128/><N who="2" m="49259" /><F107/><W18/><G122/><T89/><D135/><U67/><E33/><V37/><F28/><W103/><G8/><T47/><D124/><U19/><E112/><V108/><F108/><W35/><G35/><T126/><D126/><U92/><E113/><V98/><F98/><W94/><G81/><T41/><D66/><N who="1" m="25131" /><E30/><V60/><F71/><W44/><G75/><N who="0" m="43135" /><D102/><U101/><E101/><V68/><F68/><W73/><G73/><T123/><D104/><U51/><E84/><V88/><F9/><W118/><G118/><T116/><D116/><U106/><E106/><V134/><F134/><W21/><G21/><T4/><D4/><U27/><E27/><V10/><F10/><W115/><G115/><T36/><D123/><U109/><E109/><V105/><F105/><W86/><G70/><T83/><D83/><U34/><E34/><V3/><F3/><W48/><G69/><T65/><D65/><U31/><E31/><V91/><F114/><W57/><G74/><T26/><D26/><U11/><E11/><AGARI ba="1,0" hai="0,7,11,16,22,25,36,41,47,89,90" m="43135" machi="11" ten="30,3900,0" yaku="25,1,52,1,54,1" doraHai="42" who="0" fromWho="1" sc="250,42,250,-42,250,0,250,0" /><INIT seed="2,0,0,0,1,92" ten="292,208,250,250" oya="2" hai0="43,80,110,126,72,60,127,16,118,58,75,19,124" hai1="54,97,101,85,98,90,13,130,131,12,15,48,112" hai2="117,120,129,53,67,133,113,65,17,46,52,123,119" hai3="93,78,122,59,132,128,8,88,36,82,66,95,115"/><V107/><F107/><W61/><G36/><T38/><D118/><N who="2" m="45066" /><F17/><N who="0" m="6730" /><D110/><U73/><E112/><V55/><F113/><W62/><G122/><N who="2" m="46633" /><F133/><W20/><G132/><T37/><D80/><N who="1" m="49447" /><E73/><N who="0" m="28233" /><D43/><U25/><E101/><V104/><F104/><W111/><G111/><T10/><D10/><U31/><E31/><V68/><F129/><N who="1" m="49161" /><E25/><V79/><F79/><W106/><G78/><T74/><D74/><U33/><E33/><V125/><F125/><W28/><G128/><T7/><D7/><U77/><E77/><V102/><F102/><W45/><G115/><T3/><D3/><U30/><E30/><V14/><F14/><N who="1" m="3585" /><U39/><DORA hai="35" /><E39/><V34/><F34/><W40/><G28/><T23/><D23/><U64/><E64/><AGARI ba="0,0" hai="37,38,58,60,64,124,126,127" m="28233,6730" machi="64" ten="40,2600,0" yaku="18,1,54,1" doraHai="92,35" who="0" fromWho="1" sc="292,26,208,-26,250,0,250,0" /><INIT seed="3,0,0,3,3,42" ten="318,182,250,250" oya="3" hai0="13,69,91,95,85,15,48,40,112,120,73,86,28" hai1="75,76,61,26,98,17,97,126,119,130,121,128,19" hai2="31,3,25,44,24,43,32,45,46,70,64,105,34" hai3="66,88,37,103,52,39,10,58,81,12,11,90,47"/><W79/><G103/><T77/><D120/><U22/><E121/><V38/><F3/><W104/><G104/><T7/><D69/><U92/><E119/><V114/><F114/><W27/><G39/><T29/><D112/><U63/><E126/><V62/><F105/><W1/><G1/><T41/><D73/><U56/><E76/><V83/><F83/><W94/><G37/><T67/><D67/><U101/><E75/><V87/><F87/><N who="3" m="48575" /><G27/><T8/><D15/><U50/><E98/><V107/><F107/><W100/><G66/><T51/><D40/><U2/><E2/><V125/><F125/><W72/><G72/><T78/><D78/><U89/><E89/><N who="3" m="34410" /><G12/><T21/><D41/><U93/><E93/><V113/><F113/><W71/><G71/><T110/><D110/><U65/><E63/><V129/><F129/><W23/><G23/><T132/><D132/><U5/><E50/><N who="0" m="18985" /><D21/><U49/><E49/><V135/><F135/><W60/><G47/><T18/><D7/><U54/><E5/><V116/><F116/><W82/><G82/><AGARI ba="0,0" hai="8,13,18,28,29,77,82,85,86,91,95" m="18985" machi="82" ten="30,1000,0" yaku="8,1" doraHai="42" who="0" fromWho="3" sc="318,10,182,0,250,0,250,-10" owari="328,42.8,182,-31.8,250,5.0,240,-16.0" /></mjloggm>