<mjloggm ver="2.3"><GO type="225" lobby="0"/><UN n0="%33%74%72%65%65" n1="%28%EF%BF%A3%E2%96%BD%EF%BF%A3%29%CE%B4%E2%8C%92%E3%83%BB" n2="%E3%81%B5%E3%81%98%E3%81%8B%E3%81%A4" n3="%E3%83%AD%E3%83%83%E3%83%86%E9%9B%80%E7%90%83" dan="16,16,16,16" rate="2207.44,2100.63,2139.63,2145.69" sx="F,M,M,M"/><TAIKYOKU oya="0"/><INIT seed="0,0,0,4,3,46" ten="250,250,250,250" oya="0" hai0="12,15,115,7,13,99,0,29,92,35,59,73,42" hai1="22,2,86,11,77,54,82,34,23,31,25,5,110" hai2="87,95,130,103,41,37,112,33,107,108,51,48,135" hai3="123,109,18,17,45,49,134,3,24,52,21,129,64"/><T65/><D115/><U89/><E110/><V43/><F112/><W44/><G3/><T67/><D73/><U10/><E10/><V132/><F33/><W57/><G109/><T76/><D76/><U118/><E118/><V75/><F108/><W94/><G134/><N who="2" m="51241" /><F75/><W104/><G104/><T71/><D71/><U97/><E97/><N who="2" m="61935" /><F130/><W28/><G129/><T39/><D59/><U101/><E101/><V70/><F70/><W125/><G125/><T27/><D7/><U40/><E40/><N who="2" m="15435" /><F37/><W19/><G123/><T72/><D72/><U111/><E111/><V106/><F106/><W9/><G9/><T120/><D120/><U127/><E127/><V16/><F16/><N who="3" m="6251" /><G64/><T8/><D8/><U20/><REACH who="1" step="1"/><E54/><REACH who="1" ten="250,240,250,250" step="2"/><V30/><F30/><W105/><G105/><T47/><REACH who="0" step="1"/><D0/><REACH who="0" ten="240,240,250,250" step="2"/><U4/><E4/><V14/><F14/><N who="3" m="9463" /><G94/><T128/><D128/><U85/><E85/><V121/><F121/><W119/><G119/><T61/><D61/><U96/><E96/><V133/><F133/><W63/><G63/><T66/><D66/><U122/><E122/><V93/><F87/><W58/><G58/><T113/><D113/><U1/><E1/><V62/><F62/><W79/><G79/><AGARI ba="0,2" hai="2,5,11,20,22,23,25,31,34,77,79,82,86,89" machi="79" ten="40,1300,0" yaku="1,1,53,0" doraHai="46" doraHaiUra="131" who="1" fromWho="3" sc="240,0,240,33,250,0,250,-13" /><INIT seed="1,0,0,5,0,124" ten="240,273,250,237" oya="1" hai0="111,40,101,41,23,132,39,134,112,65,5,110,135" hai1="105,117,25,4,10,13,8,130,62,71,108,81,17" hai2="3,100,35,85,47,98,58,107,60,102,64,19,33" hai3="0,83,49,75,57,118,103,70,28,129,61,88,1"/><U76/><E105/><V79/><F102/><W99/><G129/><T116/><D116/><U14/><E117/><V122/><F122/><W37/><G37/><T77/><D112/><U121/><E121/><V97/><F97/><W6/><G118/><T52/><D101/><U11/><E108/><N who="0" m="41513" /><D65/><U120/><E120/><V66/><F66/><W89/><G70/><T51/><D5/><U80/><E71/><V50/><F3/><W73/><G49/><T106/><D106/><U16/><E130/><V9/><F79/><W68/><G68/><T31/><D77/><U42/><E62/><V22/><F85/><W84/><G28/><T74/><D74/><U125/><E125/><V72/><F9/><W127/><G89/><T86/><D86/><U43/><E25/><V123/><F72/><W78/><G127/><T104/><D104/><U67/><E67/><V38/><F38/><W2/><G6/><T115/><D115/><U94/><E94/><V45/><F123/><W29/><G29/><T53/><D53/><U133/><E133/><V91/><F91/><W69/><G69/><T36/><D36/><U87/><E81/><V27/><REACH who="2" step="1"/><F47/><REACH who="2" ten="240,273,240,237" step="2"/><W63/><G78/><T12/><D39/><U30/><E30/><V46/><F46/><W24/><G103/><T92/><D31/><U95/><E95/><V126/><F126/><W48/><G99/><T82/><D92/><U96/><E96/><V119/><F119/><W26/><G75/><T114/><D114/><U55/><E55/><AGARI ba="0,1" hai="19,22,27,33,35,45,50,55,58,60,64,98,100,107" machi="55" ten="30,2000,0" yaku="1,1,7,1,53,0" doraHai="124" doraHaiUra="7" who="2" fromWho="1" sc="240,0,273,-20,240,30,237,0" /><INIT seed="2,0,0,4,5,116" ten="240,253,270,237" oya="2" hai0="81,24,23,127,31,17,21,105,114,34,131,97,80" hai1="121,35,122,30,68,115,133,49,123,38,67,20,98" hai2="107,6,40,69,89,22,42,106,19,44,104,100,0" hai3="14,26,110,128,1,119,132,53,75,93,27,59,48"/><V33/><F69/><W15/><G1/><T64/><D114/><U51/><E35/><V12/><F33/><W86/><G75/><T95/><D131/><U129/><E115/><V62/><F62/><W4/><G119/><T3/><D127/><U101/><E129/><V74/><F74/><W61/><G128/><T9/><D105/><N who="1" m="63671" /><E38/><V87/><F100/><W2/><G110/><T90/><D64/><U65/><E133/><V50/><F42/><W18/><G2/><T25/><REACH who="0" step="1"/><D34/><REACH who="0" ten="230,253,270,237" step="2"/><U58/><E68/><V13/><F107/><W7/><G132/><T134/><D134/><U5/><E5/><AGARI ba="0,1" hai="3,5,9,17,21,23,24,25,31,80,81,90,95,97" machi="5" ten="40,1300,0" yaku="1,1,53,0" doraHai="116" doraHaiUra="28" who="0" fromWho="1" sc="230,23,253,-13,270,0,237,0" /><INIT seed="3,0,0,4,1,14" ten="253,240,270,237" oya="3" hai0="134,90,103,64,15,56,51,19,9,27,3,82,47" hai1="92,7,53,78,98,44,43,85,125,119,17,76,21" hai2="45,42,87,18,72,127,113,101,37,114,34,70,46" hai3="91,63,11,5,80,132,128,100,31,16,118,23,84"/><W115/><G115/><T77/><D134/><U24/><E119/><V117/><F72/><W74/><G118/><T126/><D126/><U133/><E133/><V13/><F117/><W35/><G132/><T1/><D103/><U97/><E125/><V105/><F127/><W106/><G128/><T57/><D27/><U99/><E7/><V8/><F70/><W96/><G35/><T75/><D90/><N who="1" m="53327" /><E43/><V107/><F34/><W36/><G31/><T40/><REACH who="0" step="1"/><D64/><REACH who="0" ten="243,240,270,237" step="2"/><U93/><E93/><V89/><F101/><W62/><G36/><T38/><D38/><U55/><E55/><V66/><F66/><W129/><G129/><T59/><AGARI ba="0,1" hai="1,3,9,15,19,40,47,51,56,57,59,75,77,82" machi="59" ten="30,4000,0" yaku="1,1,0,1,52,1,53,0" doraHai="14" doraHaiUra="95" who="0" fromWho="0" sc="243,50,240,-10,270,-10,237,-20" /><INIT seed="4,0,0,5,2,83" ten="293,230,260,217" oya="0" hai0="77,71,135,67,129,14,132,92,38,51,124,118,128" hai1="120,113,18,59,10,42,125,28,66,69,44,32,55" hai2="40,97,108,61,109,86,88,9,105,52,103,94,93" hai3="13,7,26,21,84,82,87,22,49,114,8,89,1"/><T130/><D118/><U64/><E120/><V15/><F40/><W121/><G114/><T25/><D38/><U131/><E113/><V24/><F105/><W110/><G110/><T75/><D124/><U122/><E122/><V34/><F34/><W35/><G121/><T106/><D106/><U68/><E125/><V39/><F39/><W126/><G126/><T111/><D111/><U79/><E131/><V76/><F24/><W115/><G115/><T95/><D51/><U70/><E79/><V16/><F76/><N who="3" m="46151" /><G1/><T48/><D75/><U119/><E119/><V33/><F33/><W100/><G35/><T134/><D77/><U53/><E28/><V96/><F96/><W73/><G73/><T6/><D48/><N who="1" m="31143" /><E18/><V127/><F127/><W112/><G112/><T27/><D27/><U99/><E10/><V5/><F5/><W78/><G78/><T65/><D25/><U12/><E12/><V81/><F94/><N who="0" m="35882" /><D71/><U47/><E99/><V36/><REACH who="2" step="1"/><F36/><REACH who="2" ten="293,230,250,217" step="2"/><W101/><G49/><T0/><D0/><U31/><E32/><V45/><F45/><W104/><G104/><T62/><D6/><U50/><E31/><V91/><F91/><W30/><G22/><T37/><D37/><AGARI ba="0,1" hai="37,42,44,47,50,55,64,66,68,69,70" m="31143" machi="37" ten="30,8000,1" yaku="35,5" doraHai="83" who="1" fromWho="0" sc="293,-80,230,90,250,0,217,0" owari="213,-28.7,320,42.0,250,5.0,217,-18.3" /></mjloggm>