<mjloggm ver="2.3"><GO type="225" lobby="0"/><UN n0="%4C%4F%4C%49%54%41" n1="%E3%81%8B%E3%82%8F%E3%81%A1%E3%82%83%E3%82%93%35%38" n2="%E3%81%BF%E3%81%BF%E3%81%9A" n3="%6D%75%75%6D%75%72%61" dan="16,17,17,17" rate="2177.29,2208.33,2175.57,2145.83" sx="F,M,M,F"/><TAIKYOKU oya="0"/><INIT seed="0,0,0,1,0,11" ten="250,250,250,250" oya="0" hai0="35,17,79,45,88,53,81,55,78,3,127,65,133" hai1="42,25,90,51,120,96,40,44,118,132,24,47,29" hai2="108,128,27,46,87,97,101,34,111,37,63,109,26" hai3="116,67,58,43,2,4,71,104,122,112,99,91,84"/><T15/><D35/><U83/><E120/><V64/><F128/><W106/><G112/><T92/><D3/><U60/><E118/><V28/><F87/><W7/><G116/><T110/><D133/><U32/><E132/><V38/><F26/><W103/><G122/><T6/><D127/><U115/><E115/><V89/><F89/><W75/><G75/><T41/><D6/><U9/><E9/><V1/><F46/><W54/><G104/><T113/><D65/><U56/><E24/><V33/><F33/><W12/><G2/><T48/><D110/><U77/><E96/><V130/><F130/><W82/><G43/><T20/><D113/><U76/><E90/><V114/><F114/><W93/><G106/><T8/><D20/><U10/><E83/><V18/><F18/><W30/><G30/><T59/><D81/><U36/><REACH who="1" step="1"/><E10/><REACH who="1" ten="250,240,250,250" step="2"/><V19/><F1/><W98/><G98/><N who="0" m="57607" /><D41/><U22/><E22/><V0/><F0/><W66/><G4/><T94/><D94/><U13/><E13/><V72/><F72/><W107/><G7/><T85/><D85/><U74/><E74/><V31/><F31/><W131/><G107/><T117/><D117/><U105/><E105/><N who="2" m="63663" /><F19/><W73/><G131/><T135/><D135/><U123/><E123/><V16/><F16/><W119/><G73/><T80/><D80/><U129/><E129/><V70/><AGARI ba="0,1" hai="27,28,34,37,38,63,64,70,108,109,111" m="63663" machi="70" ten="30,4000,0" yaku="25,1,14,1,23,1" doraHai="11" who="2" fromWho="2" sc="250,-20,240,-10,250,50,250,-10" /><INIT seed="1,0,0,4,2,98" ten="230,230,300,240" oya="1" hai0="91,63,46,2,120,86,37,38,132,36,114,95,6" hai1="3,57,30,80,112,54,5,109,85,126,121,48,9" hai2="100,96,51,65,10,87,11,104,79,20,97,41,105" hai3="103,119,81,49,113,64,34,111,15,71,69,92,1"/><U73/><E112/><V62/><F20/><W125/><G1/><T99/><D114/><U40/><E121/><V90/><F79/><W123/><G113/><T116/><D116/><U115/><E115/><V93/><F41/><W12/><G123/><T77/><D120/><U124/><E73/><V55/><F104/><W18/><G34/><T117/><D117/><U58/><E109/><V70/><REACH who="2" step="1"/><F87/><REACH who="2" ten="230,230,290,240" step="2"/><W68/><G119/><T42/><D77/><U78/><E40/><V39/><F39/><W101/><G111/><T133/><D86/><U106/><E106/><V75/><F75/><W52/><G125/><N who="1" m="48234" /><E30/><V27/><F27/><W110/><G110/><T7/><D37/><U53/><E53/><V129/><F129/><W22/><G64/><T128/><D38/><U35/><E35/><V16/><F16/><W67/><G67/><T25/><D128/><U72/><E72/><V135/><F135/><W19/><G19/><T74/><D74/><U21/><E21/><V94/><F94/><W107/><G107/><T60/><D25/><U4/><E4/><V33/><F33/><W83/><G92/><T102/><D133/><U108/><E108/><V23/><F23/><W59/><REACH who="3" step="1"/><G12/><REACH who="3" ten="230,230,290,230" step="2"/><T76/><D132/><U122/><E122/><V17/><F17/><W31/><G31/><T82/><D95/><U89/><E78/><V8/><F8/><W24/><G24/><T0/><D76/><U32/><E32/><V130/><F130/><W131/><G131/><T26/><D26/><U61/><E61/><V14/><F14/><W13/><G13/><T45/><D63/><RYUUKYOKU ba="0,2" sc="230,-30,230,10,290,10,230,10" hai1="3,5,9,48,54,57,58,80,85,89" hai2="10,11,51,55,62,65,70,90,93,96,97,100,105" hai3="15,18,22,49,52,59,68,69,71,81,83,101,103" /><INIT seed="1,1,2,2,1,33" ten="200,240,300,240" oya="1" hai0="39,44,86,133,109,78,64,20,106,9,69,29,27" hai1="42,115,124,59,45,97,79,72,130,12,85,113,114" hai2="22,21,66,134,7,46,1,83,13,87,120,54,65" hai3="52,122,26,19,32,110,74,28,105,37,80,36,76"/><U101/><E124/><V82/><F120/><W77/><G122/><T71/><D106/><U94/><E130/><V132/><F54/><W14/><G105/><T18/><D109/><U70/><E70/><V23/><F13/><W61/><G77/><T4/><D133/><N who="2" m="51306" /><F46/><W31/><G31/><T73/><D86/><U91/><E59/><V6/><F83/><W38/><G110/><T10/><D64/><N who="2" m="24682" /><F1/><W126/><G126/><T15/><D73/><U56/><E56/><V58/><F58/><W93/><G93/><T125/><D78/><AGARI ba="1,2" hai="6,7,21,22,23,78,82,87" m="24682,51306" machi="78" ten="30,1000,0" yaku="20,1" doraHai="33" who="2" fromWho="0" sc="200,-13,240,0,300,33,240,0" /><INIT seed="2,0,0,3,3,114" ten="187,240,333,240" oya="2" hai0="37,61,115,7,78,13,22,133,53,60,84,132,120" hai1="3,48,104,91,71,90,15,123,38,33,56,126,77" hai2="109,113,25,55,82,54,41,117,108,44,4,86,14" hai3="68,12,97,40,128,73,102,127,119,88,65,34,79"/><V100/><F113/><W50/><G34/><T24/><D115/><U5/><E71/><V19/><F100/><W64/><G119/><T2/><D120/><U110/><E38/><V20/><F117/><W95/><G128/><T83/><D37/><U29/><E3/><V18/><F4/><W94/><G127/><T10/><D2/><U63/><E104/><V107/><F107/><W89/><G68/><T36/><D36/><U45/><E77/><V76/><F41/><W59/><G102/><T129/><D129/><U31/><E33/><V135/><F44/><W75/><G75/><T6/><D6/><U30/><E110/><N who="2" m="42603" /><F135/><W106/><G106/><T8/><D8/><AGARI ba="0,0" hai="8,14,18,19,20,25,54,55,76,82,86" m="42603" machi="8" ten="30,2900,0" yaku="14,1,10,1" doraHai="114" who="2" fromWho="0" sc="187,-29,240,0,333,29,240,0" /><INIT seed="2,1,0,4,5,75" ten="158,240,362,240" oya="2" hai0="118,24,94,35,43,98,84,121,71,132,86,10,120" hai1="60,13,52,116,51,104,65,127,38,19,26,34,99" hai2="40,80,73,25,85,93,46,56,88,106,61,66,54" hai3="33,64,16,5,48,2,126,0,37,87,133,39,72"/><V96/><F106/><W111/><G72/><T70/><D132/><U134/><E38/><V15/><F73/><W11/><G133/><T23/><D35/><U18/><E134/><V123/><F123/><W79/><G33/><T81/><D118/><U12/><E116/><V131/><F131/><W95/><G111/><T122/><D43/><U130/><E130/><V21/><F15/><W110/><G110/><T44/><D44/><U108/><E104/><V82/><F66/><W28/><G126/><T78/><D86/><U92/><E108/><V74/><F74/><W124/><G28/><T55/><D55/><U59/><E127/><V119/><F119/><W125/><G0/><T100/><REACH who="0" step="1"/><D10/><REACH who="0" ten="148,240,362,240" step="2"/><U105/><E34/><V76/><F40/><W112/><G124/><T62/><D62/><U91/><E60/><V107/><F46/><W103/><G125/><T117/><D117/><U22/><E65/><V30/><F107/><W32/><G32/><T36/><D36/><U41/><E105/><V8/><F8/><W29/><G37/><T50/><D50/><U69/><E41/><V128/><F128/><W114/><G39/><T109/><D109/><U4/><E51/><V9/><F9/><W7/><G48/><T6/><D6/><U113/><E4/><V67/><F54/><W89/><G5/><T90/><D90/><U97/><E52/><V47/><F47/><W49/><G7/><T57/><D57/><U17/><E59/><V135/><F135/><W129/><G49/><T42/><D42/><U53/><E53/><V31/><F56/><W1/><G11/><RYUUKYOKU ba="1,1" sc="148,30,240,-10,362,-10,240,-10" hai0="23,24,70,71,78,81,84,94,98,100,120,121,122" /><INIT seed="3,2,1,5,5,120" ten="178,230,352,230" oya="3" hai0="97,107,31,132,27,88,99,84,14,39,93,0,129" hai1="6,111,119,131,92,10,45,123,75,8,74,11,18" hai2="29,34,73,113,48,130,46,69,94,62,52,124,41" hai3="82,4,81,40,66,42,100,104,17,35,83,30,90"/><W114/><G114/><T47/><D0/><U91/><E123/><V32/><F73/><W9/><G17/><T3/><D3/><U33/><E33/><V126/><F113/><W86/><G66/><T118/><D118/><U135/><E6/><V67/><F130/><W125/><G125/><N who="2" m="48233" /><F29/><W58/><G58/><T128/><D132/><U38/><E45/><N who="2" m="27663" /><F94/><W72/><G100/><T117/><D117/><U63/><E75/><V21/><F21/><W50/><G104/><T24/><D14/><U79/><E74/><V64/><F64/><W76/><G81/><T59/><D59/><U26/><E92/><V127/><N who="2" m="48241" /><V37/><AGARI ba="2,1" hai="32,34,37,41,46,62,67,69" m="27663,48241" machi="37" ten="40,5200,0" yaku="4,1,18,1,54,1" doraHai="120" who="2" fromWho="2" sc="178,-15,230,-15,352,68,230,-28" owari="163,-33.7,215,1.5,420,52.0,202,-19.8" /></mjloggm>