<mjloggm ver="2.3"><GO type="225" lobby="0"/><UN n0="%E8%83%83%E3%81%A8%E8%85%B8" n1="%E3%81%AF%E3%82%88%E3%81%8A%E3%81%98%E3%81%95%E3%82%93" n2="%79%75%72%69%6D%6F%67" n3="%E3%81%A4%E3%81%A3%E3%81%B1%E3%82%8A%E3%83%9D%E3%83%BC%E3%83%AB" dan="16,17,16,17" rate="2147.57,2139.69,2180.58,2256.15" sx="M,M,F,M"/><TAIKYOKU oya="0"/><INIT seed="0,0,0,1,2,24" ten="250,250,250,250" oya="0" hai0="46,85,88,123,60,91,83,50,37,97,62,25,77" hai1="80,132,68,71,122,45,66,117,26,99,42,134,67" hai2="18,75,121,20,27,19,36,12,124,108,94,17,125" hai3="2,79,95,32,52,72,0,58,53,22,47,86,116"/><T9/><D123/><U55/><E26/><V118/><F75/><W51/><G32/><T128/><D37/><U7/><E7/><V78/><F36/><W43/><G116/><T6/><D128/><U49/><E99/><V14/><F78/><W74/><G2/><T133/><D133/><N who="1" m="51307" /><E80/><V8/><F94/><W57/><G0/><T70/><D25/><U107/><E107/><V54/><F54/><W131/><G131/><T4/><D70/><N who="1" m="26667" /><E117/><V11/><F121/><W127/><G127/><N who="2" m="48713" /><F118/><W63/><G22/><T104/><D6/><U109/><E122/><V100/><F100/><W23/><G23/><T33/><D33/><U130/><E130/><V15/><F108/><W21/><G21/><T59/><D104/><U90/><E90/><V102/><F102/><W114/><G114/><T105/><D105/><U3/><E3/><V1/><F1/><W48/><REACH who="3" step="1"/><G95/><REACH who="3" ten="250,250,250,240" step="2"/><N who="0" m="56551" /><D9/><AGARI ba="0,1" hai="8,9,11,12,14,15,17,18,19,20,27" m="48713" machi="9" ten="30,3900,0" yaku="18,1,34,2" doraHai="24" who="2" fromWho="0" sc="250,-39,250,0,250,49,240,0" /><INIT seed="1,0,0,0,4,60" ten="211,250,299,240" oya="1" hai0="11,58,26,42,39,94,121,131,104,92,98,107,103" hai1="82,23,119,61,16,75,124,84,93,28,45,64,125" hai2="59,27,111,21,55,10,53,14,118,108,17,71,97" hai3="77,87,130,133,32,46,9,25,37,122,123,70,109"/><U52/><E119/><V105/><F71/><W1/><G70/><T112/><D112/><U30/><E93/><V69/><F69/><W68/><G68/><T115/><D115/><U72/><E75/><V88/><F118/><W19/><G109/><N who="2" m="42057" /><F105/><W41/><G130/><T15/><D131/><U13/><E72/><V34/><F34/><W35/><G133/><T31/><D121/><U24/><E125/><V2/><F2/><W54/><G54/><T96/><D58/><N who="1" m="36919" /><E124/><V95/><F59/><W5/><G35/><T89/><D39/><U135/><E135/><V7/><AGARI ba="0,0" hai="7,10,14,17,21,27,53,55,88,95,97" m="42057" machi="7" ten="30,2000,0" yaku="14,1,54,1" doraHai="60" who="2" fromWho="2" sc="211,-5,250,-10,299,20,240,-5" /><INIT seed="2,0,0,0,5,50" ten="206,240,319,235" oya="2" hai0="10,65,80,24,33,113,3,45,4,85,104,38,42" hai1="40,17,93,72,5,129,76,62,35,18,64,37,54" hai2="26,99,0,25,115,124,15,11,61,78,135,34,100" hai3="47,8,108,84,88,94,28,110,105,119,44,102,74"/><V121/><F115/><W71/><G119/><T122/><D113/><U36/><E35/><V57/><F121/><W49/><G71/><T59/><D122/><U63/><E129/><V69/><F0/><W112/><G112/><T68/><D104/><U20/><E5/><V13/><F69/><W23/><G74/><T87/><D68/><U70/><E93/><V58/><F124/><W39/><G39/><T106/><D106/><U128/><E128/><V52/><F135/><W134/><G134/><T107/><D107/><U56/><E40/><V9/><F78/><W83/><G8/><T125/><D125/><U97/><E97/><V14/><F34/><W111/><G105/><T22/><D33/><U116/><E116/><V82/><F82/><W92/><G102/><T1/><D1/><U130/><E130/><V55/><F99/><W117/><G117/><T98/><D98/><U32/><E32/><V89/><F89/><W79/><G47/><T51/><D80/><U16/><REACH who="1" step="1"/><E20/><REACH who="1" ten="206,230,319,235" step="2"/><V53/><F100/><W30/><G23/><T27/><D22/><U21/><E21/><V29/><F29/><N who="3" m="11371" /><G79/><T31/><D31/><U126/><E126/><V118/><F118/><W66/><G66/><T96/><D65/><U77/><E77/><V86/><F86/><W132/><G132/><T41/><D96/><U2/><E2/><V95/><F95/><W114/><G114/><T91/><D87/><U131/><E131/><V6/><F6/><W123/><G123/><T127/><D127/><U67/><E67/><V109/><F11/><W101/><G101/><T73/><D10/><RYUUKYOKU ba="0,1" sc="206,-15,230,15,319,-15,235,15" hai1="16,17,18,36,37,54,56,62,63,64,70,72,76" hai3="44,49,83,84,88,92,94,108,110,111" /><INIT seed="3,1,1,3,5,100" ten="191,245,304,250" oya="3" hai0="30,46,109,129,11,53,77,124,50,1,14,36,67" hai1="47,37,33,117,55,15,7,94,48,21,22,25,96" hai2="19,68,113,126,13,65,42,62,72,3,105,32,83" hai3="90,120,133,58,119,134,52,115,102,44,12,6,2"/><W54/><G119/><T57/><D109/><U123/><E123/><V59/><F113/><W20/><G115/><T97/><D129/><U43/><E117/><V34/><F105/><W121/><G102/><T73/><D124/><U61/><E33/><V108/><F3/><W81/><G2/><T98/><D1/><U104/><E104/><V111/><F42/><W116/><G44/><T95/><D30/><U16/><E7/><V40/><F40/><W135/><G116/><T70/><D70/><U29/><E61/><V4/><F4/><W71/><G71/><T5/><D36/><U87/><E87/><V89/><F59/><W66/><G66/><T107/><D107/><U75/><E75/><V106/><F106/><W8/><G20/><T49/><D67/><U110/><E110/><N who="2" m="42027" /><F126/><W131/><G131/><T76/><D73/><U10/><E22/><V86/><F72/><W56/><G56/><T125/><D125/><U41/><E37/><V74/><F74/><W101/><G101/><AGARI ba="1,1" hai="10,15,16,21,25,29,41,43,47,48,55,94,96,101" machi="101" ten="30,3900,0" yaku="7,1,8,1,54,1" doraHai="100" who="1" fromWho="3" sc="191,0,245,52,304,0,250,-42" owari="191,-30.9,297,9.7,304,40.4,208,-19.2" /></mjloggm>