<mjloggm ver="2.3"><GO type="225" lobby="0"/><UN n0="%E5%A4%8F%E9%88%B4%E9%88%B4%E5%A4%8F" n1="%E9%B3%B3%E6%9D%B1%E3%81%AE%E3%81%86%E3%81%95%E3%81%8E%E3%81%95%E3%82%93" n2="%E3%83%AD%E3%83%83%E3%83%86%E9%9B%80%E7%90%83" n3="%E8%81%B7%E6%A5%AD%E3%80%81%E9%A2%A8%32" dan="16,17,17,16" rate="2120.03,2256.37,2194.37,2124.87" sx="M,M,M,M"/><TAIKYOKU oya="0"/><INIT seed="0,0,0,5,2,1" ten="250,250,250,250" oya="0" hai0="81,87,8,94,35,40,54,61,59,48,55,88,89" hai1="90,39,80,117,129,115,125,18,41,17,111,131,107" hai2="9,108,123,134,3,121,83,101,103,112,86,28,63" hai3="98,110,30,11,97,2,13,91,130,78,5,52,127"/><T68/><D35/><U100/><E117/><V93/><F112/><W34/><G130/><N who="1" m="49674" /><E111/><V6/><F108/><W120/><G110/><T135/><D135/><U109/><E109/><V122/><F134/><W99/><G120/><T75/><D68/><U96/><E125/><V42/><F93/><W43/><G127/><T37/><D75/><U49/><E39/><V64/><F42/><W69/><G69/><T124/><D124/><U53/><E41/><V77/><REACH who="2" step="1"/><F28/><REACH who="2" ten="250,250,240,250" step="2"/><W79/><G43/><T19/><D40/><U84/><E115/><V85/><F85/><W67/><G30/><T25/><D37/><U16/><E17/><V33/><F33/><W70/><G34/><T72/><D72/><U4/><E4/><V50/><F50/><W62/><G99/><N who="0" m="57799" /><D48/><U45/><AGARI ba="0,1" hai="16,18,45,49,53,80,84,90,96,100,107" m="49674" machi="45" ten="30,2000,0" yaku="19,1,54,1" doraHai="1" who="1" fromWho="1" sc="250,-10,250,30,240,-5,250,-5" /><INIT seed="1,0,0,3,3,57" ten="240,280,235,245" oya="1" hai0="101,45,104,54,87,128,97,44,20,7,135,23,99" hai1="119,72,92,42,130,88,106,34,38,12,5,25,41" hai2="110,11,131,112,123,17,75,124,55,100,93,126,60" hai3="96,2,69,116,67,76,108,81,49,133,95,83,80"/><U66/><E119/><V35/><F123/><W24/><G108/><T58/><D128/><U59/><E106/><V70/><F75/><W102/><G116/><T61/><D135/><U122/><E122/><V43/><F35/><W39/><G39/><T74/><D74/><U89/><E72/><V36/><F110/><W4/><G133/><T62/><D7/><U73/><E73/><V111/><F111/><W125/><G125/><N who="2" m="48233" /><F131/><W32/><G49/><N who="0" m="31055" /><D104/><U14/><E130/><V50/><F43/><W46/><G46/><N who="0" m="18027" /><D87/><U10/><E38/><V26/><F50/><W37/><G37/><T113/><D113/><U114/><E114/><V65/><F55/><W127/><G127/><T16/><D20/><U82/><E34/><V6/><F112/><W68/><G76/><T107/><D107/><U118/><E118/><V129/><F129/><W29/><REACH who="3" step="1"/><G67/><REACH who="3" ten="240,280,235,235" step="2"/><T90/><D90/><U22/><E89/><V86/><F65/><W103/><G103/><T63/><D101/><U121/><E88/><V27/><F100/><W53/><G53/><T134/><D134/><U85/><E121/><V120/><F120/><W3/><G3/><T77/><D77/><U132/><E132/><V117/><F117/><W48/><G48/><T28/><D28/><U94/><E66/><V109/><F109/><W33/><G33/><T115/><D115/><U91/><E91/><V56/><F36/><W8/><AGARI ba="0,1" hai="2,4,8,24,29,32,68,69,80,81,83,95,96,102" machi="8" ten="30,7900,0" yaku="1,1,0,1,53,2" doraHai="57" doraHaiUra="64" who="3" fromWho="3" sc="240,-20,280,-39,235,-20,235,89" /><INIT seed="2,0,0,3,4,122" ten="220,241,215,324" oya="2" hai0="96,113,60,133,85,14,52,28,53,132,131,12,111" hai1="33,101,10,19,134,77,135,41,37,34,8,108,62" hai2="128,9,95,114,126,5,67,46,13,3,83,54,76" hai3="117,58,94,18,81,16,106,102,20,69,27,1,44"/><V123/><F114/><W107/><G69/><T7/><D113/><U42/><E101/><V36/><F123/><W105/><G117/><T75/><D75/><U48/><E37/><V116/><F116/><W99/><G1/><T92/><D131/><U30/><E77/><V115/><F115/><W84/><G58/><N who="0" m="34887" /><D111/><U50/><E62/><V130/><F126/><W86/><G44/><T64/><D64/><U73/><E19/><V57/><F95/><W109/><G109/><T39/><D39/><U70/><E30/><V89/><F89/><W45/><G45/><T88/><D28/><U98/><E98/><V22/><F22/><W74/><REACH who="3" step="1"/><G18/><REACH who="3" ten="220,241,215,314" step="2"/><T97/><D133/><U43/><E70/><V112/><F112/><W90/><G90/><T2/><D2/><U87/><E108/><V49/><F3/><W120/><G120/><T55/><D132/><U68/><E68/><V4/><F4/><W121/><G121/><T24/><D7/><U82/><E135/><V32/><F32/><W63/><G63/><T100/><D100/><U78/><E134/><V35/><F35/><W11/><G11/><T31/><D31/><U56/><E33/><V80/><F76/><AGARI ba="0,1" hai="16,20,27,74,76,81,84,86,94,99,102,105,106,107" machi="76" ten="40,2600,0" yaku="1,1,54,1,53,0" doraHai="122" doraHaiUra="110" who="3" fromWho="2" sc="220,0,241,0,215,-26,314,36" /><INIT seed="3,0,0,0,3,91" ten="220,241,189,350" oya="3" hai0="78,56,89,39,124,33,76,84,128,47,13,30,60" hai1="115,54,55,98,97,104,113,100,134,15,118,132,27" hai2="10,123,7,95,43,52,131,35,2,96,120,8,61" hai3="130,25,50,117,57,109,59,105,127,86,9,129,23"/><W71/><G86/><T6/><D33/><U26/><E15/><V45/><F35/><W11/><G50/><T64/><D124/><U53/><E118/><V122/><F131/><W103/><G57/><T3/><D3/><U51/><E51/><N who="2" m="28783" /><F43/><W58/><G59/><N who="0" m="36895" /><D39/><U114/><REACH who="1" step="1"/><E97/><REACH who="1" ten="220,231,189,350" step="2"/><V48/><F48/><W112/><G117/><T102/><D13/><U66/><E66/><V77/><F77/><W65/><G65/><T79/><D79/><U4/><E4/><V106/><F61/><W36/><G112/><T34/><D6/><U31/><E31/><V125/><F125/><W121/><G127/><T68/><D78/><U0/><E0/><V16/><F106/><W12/><G105/><T22/><D76/><U81/><E81/><V46/><F46/><W21/><G36/><T94/><D47/><U83/><E83/><V135/><F135/><AGARI ba="0,1" hai="26,27,53,54,55,98,100,104,113,114,115,132,134,135" machi="135" ten="50,3200,0" yaku="1,1,20,1,53,0" doraHai="91" doraHaiUra="80" who="1" fromWho="2" sc="220,0,231,42,189,-32,350,0" owari="220,-18.0,273,7.3,157,-34.3,350,45.0" /></mjloggm>