<mjloggm ver="2.3"><GO type="225" lobby="0"/><UN n0="%E9%A2%A8%E3%81%A7%E9%B3%B4%E3%81%8F" n1="%E3%81%AF%E3%82%88%E3%81%8A%E3%81%98%E3%81%95%E3%82%93" n2="%EF%BC%81%E3%81%BC%E3%81%9F%E3%82%82%E3%81%A1%EF%BC%81" n3="%E6%B8%A9%E2%98%85%E6%83%85%E2%98%85%E6%8E%AA%E2%98%85%E7%BD%AE" dan="16,17,17,16" rate="2160.86,2225.50,2221.07,2143.07" sx="M,M,M,M"/><TAIKYOKU oya="0"/><INIT seed="0,0,0,3,4,87" ten="250,250,250,250" oya="0" hai0="88,44,92,54,6,115,48,64,63,47,95,50,86" hai1="84,107,5,116,125,60,52,34,75,39,106,18,90" hai2="70,133,118,98,132,128,82,78,135,99,51,66,101" hai3="94,96,65,130,41,16,26,46,11,113,80,61,12"/><T72/><D115/><U15/><E116/><V33/><F33/><W93/><G113/><T108/><D108/><U23/><E75/><V131/><F70/><W123/><G130/><N who="2" m="49705" /><F66/><W134/><G134/><T37/><D72/><U89/><E34/><V29/><F29/><W74/><G123/><T100/><D37/><U129/><E129/><V9/><F51/><W53/><G53/><T76/><D76/><U20/><E39/><V71/><F71/><W42/><G26/><T30/><D30/><U40/><E40/><V2/><F118/><W110/><G110/><T27/><D27/><U10/><E125/><V56/><F56/><N who="3" m="37031" /><G74/><T124/><D124/><U38/><E38/><V114/><F114/><W121/><G121/><T103/><D92/><N who="3" m="35433" /><G96/><N who="2" m="36905" /><F101/><W3/><G3/><T91/><D91/><N who="1" m="34827" /><E107/><V112/><F112/><W35/><G35/><T104/><D104/><U69/><E69/><V31/><F31/><W1/><G1/><T85/><D100/><U49/><E106/><V14/><F2/><W58/><G58/><N who="0" m="36983" /><D103/><U127/><E127/><V126/><F126/><W32/><G32/><T0/><D0/><U59/><E60/><V43/><F43/><N who="3" m="16395" /><G46/><T79/><D47/><U109/><E109/><V119/><F119/><W111/><G111/><T4/><D50/><U17/><E84/><N who="2" m="48215" /><F135/><W105/><G105/><T73/><D73/><U83/><E83/><AGARI ba="0,0" hai="11,12,16,80,83" m="16395,35433,37031" machi="83" ten="30,2000,0" yaku="8,1,54,1" doraHai="87" who="3" fromWho="1" sc="250,0,250,-20,250,0,250,20" /><AGARI ba="0,0" hai="4,6,44,48,54,79,83,85,86,88,95" m="36983" machi="83" ten="30,5800,0" yaku="8,1,52,1,54,1" doraHai="87" who="0" fromWho="1" sc="250,58,230,-58,250,0,270,0" /><INIT seed="0,1,0,5,3,13" ten="308,172,250,270" oya="0" hai0="77,6,120,101,22,80,9,20,72,112,122,40,134" hai1="97,110,95,35,57,108,92,43,32,76,53,117,74" hai2="19,133,14,125,103,27,36,60,1,85,81,123,45" hai3="33,31,64,128,47,86,68,82,29,113,61,67,26"/><T38/><D112/><U15/><E117/><V126/><F1/><W83/><G113/><T55/><D101/><U28/><E43/><V107/><F123/><N who="0" m="47146" /><D55/><U34/><E28/><V16/><F133/><W49/><G128/><T131/><D131/><U94/><E97/><V17/><F27/><W63/><G31/><T93/><D93/><U11/><E76/><V79/><F60/><W18/><G18/><T54/><D54/><U51/><REACH who="1" step="1"/><E74/><REACH who="1" ten="308,162,250,270" step="2"/><V56/><F126/><W59/><G86/><T132/><D40/><AGARI ba="1,1" hai="26,29,33,40,47,49,59,61,63,64,67,68,82,83" machi="40" ten="30,1000,0" yaku="7,1" doraHai="13" who="3" fromWho="0" sc="308,-13,162,0,250,0,270,23" /><INIT seed="1,0,0,4,5,23" ten="295,162,250,293" oya="1" hai0="129,25,126,58,116,127,93,48,114,35,36,78,11" hai1="60,63,43,135,49,118,88,120,28,0,117,52,67" hai2="41,123,22,96,87,40,13,111,75,108,101,2,29" hai3="64,59,82,34,16,105,17,122,26,44,98,76,85"/><U54/><E0/><V80/><F2/><W131/><G122/><T77/><D36/><U70/><E28/><V134/><F75/><W79/><G131/><T84/><D116/><N who="1" m="44651" /><E88/><N who="2" m="51303" /><F123/><W30/><G44/><T119/><D129/><U86/><E86/><V61/><F61/><W103/><REACH who="3" step="1"/><G79/><REACH who="3" ten="295,162,250,283" step="2"/><T53/><D78/><U81/><E120/><V20/><F111/><W69/><G69/><T57/><D77/><U33/><E81/><V6/><F108/><W91/><G91/><T5/><D119/><U45/><E33/><V46/><F46/><W113/><G113/><T14/><D114/><U73/><E73/><V121/><F121/><W71/><G71/><T18/><D58/><N who="1" m="34887" /><E135/><V100/><F134/><W37/><G37/><T10/><D57/><U66/><E67/><V47/><F47/><W110/><G110/><T115/><D115/><U128/><E128/><V109/><F109/><W4/><G4/><T97/><D5/><U89/><E89/><V95/><F6/><W94/><G94/><T38/><D93/><U133/><E133/><V112/><F112/><W106/><G106/><T62/><D38/><U130/><E130/><V72/><F72/><W21/><G21/><T32/><D35/><U107/><E107/><V104/><F104/><W9/><G9/><T68/><D10/><U74/><E74/><V12/><F22/><W50/><G50/><T27/><D32/><U124/><E54/><V125/><F20/><W3/><G3/><T8/><D53/><U55/><E55/><V24/><F95/><W99/><G99/><T31/><D97/><U7/><E7/><RYUUKYOKU ba="0,1" sc="295,-15,162,15,250,-15,283,15" hai1="43,45,49,63,66,70,124" hai3="16,17,26,30,34,59,64,76,82,85,98,103,105" /><INIT seed="1,1,1,3,1,123" ten="280,177,235,298" oya="1" hai0="98,46,112,126,35,42,117,92,129,49,45,133,104" hai1="16,120,60,39,130,75,114,95,40,122,43,86,34" hai2="72,28,80,82,47,91,108,65,116,84,109,73,4" hai3="17,125,59,101,57,128,29,53,105,26,89,79,74"/><U83/><E114/><V37/><F116/><W24/><G128/><T31/><D104/><U21/><E34/><V134/><F65/><W50/><G125/><T20/><D35/><U11/><E130/><V48/><F37/><W2/><G2/><T107/><D107/><U97/><E75/><V85/><F28/><W3/><G3/><T69/><D69/><U44/><E11/><V132/><F4/><W25/><G101/><T102/><D129/><U15/><E60/><V121/><F121/><W27/><G105/><T52/><D126/><U18/><E18/><V70/><F70/><W96/><G17/><T135/><D117/><U54/><E54/><N who="2" m="29983" /><F73/><W6/><G6/><T90/><D102/><U58/><E58/><V51/><F51/><W7/><G7/><T127/><D112/><U113/><E40/><V115/><F72/><W81/><G59/><T62/><D127/><U64/><E64/><V100/><F100/><W30/><N who="3" m="6144" /><DORA hai="9" /><W5/><REACH who="3" step="1"/><G5/><REACH who="3" ten="280,177,235,288" step="2"/><T106/><D106/><U103/><REACH who="1" step="1"/><E113/><REACH who="1" ten="280,167,235,288" step="2"/><V36/><F115/><W66/><G66/><T61/><D31/><U124/><E124/><V67/><F67/><W94/><AGARI ba="1,3" hai="29,30,50,53,57,74,79,81,89,94,96" m="6144" machi="94" ten="40,2700,0" yaku="1,1,0,1,53,0" doraHai="123,9" doraHaiUra="38,68" who="3" fromWho="3" sc="280,-8,167,-14,235,-8,288,60" /><INIT seed="2,0,0,3,4,131" ten="272,153,227,348" oya="2" hai0="40,76,113,35,71,4,22,75,102,29,114,109,79" hai1="106,65,74,116,55,43,97,69,129,72,3,20,23" hai2="125,57,96,123,52,126,26,0,42,61,45,14,7" hai3="59,115,92,133,19,98,127,93,8,120,77,73,110"/><V86/><F0/><W88/><G120/><T117/><D71/><U16/><E116/><V6/><F123/><W11/><G77/><T135/><D35/><U108/><E3/><V60/><F86/><W90/><G73/><T46/><D117/><U89/><E129/><V66/><F26/><W78/><G78/><T128/><D128/><U18/><E108/><V82/><F82/><W107/><G107/><T63/><D63/><U100/><E43/><V122/><F122/><W51/><G110/><T111/><D102/><U99/><E55/><V36/><F96/><W134/><G19/><T25/><D79/><U85/><E99/><V83/><F83/><W62/><G51/><T80/><D113/><U54/><E54/><V15/><F7/><W39/><G39/><T121/><D121/><U37/><E37/><V17/><F6/><W132/><G127/><T56/><D56/><U84/><E65/><V130/><F130/><W48/><G48/><T49/><D114/><U21/><E69/><V105/><F105/><W119/><G119/><T44/><D44/><U81/><REACH who="1" step="1"/><E85/><REACH who="1" ten="272,143,227,348" step="2"/><V28/><F126/><W95/><G115/><T67/><D67/><U13/><E13/><V24/><F125/><W34/><G98/><T94/><D109/><U30/><E30/><V38/><F38/><W104/><G104/><T2/><D111/><U1/><E1/><V53/><F61/><W31/><G31/><T64/><D29/><U32/><E32/><N who="2" m="20487" /><F15/><W27/><G34/><T33/><D33/><U9/><E9/><N who="3" m="3658" /><G27/><T112/><D25/><U41/><E41/><V47/><F47/><RYUUKYOKU ba="0,1" sc="272,-30,143,10,227,10,348,10" hai1="16,18,20,21,23,72,74,81,84,89,97,100,106" hai2="14,17,36,42,45,52,53,57,60,66" hai3="59,62,88,90,92,93,95,132,133,134" /><INIT seed="2,1,1,3,5,126" ten="242,153,237,358" oya="2" hai0="58,20,105,129,35,92,100,29,90,124,40,74,93" hai1="69,34,66,112,72,86,89,10,19,120,7,75,94" hai2="8,64,119,98,62,1,71,51,16,85,18,48,44" hai3="135,99,28,57,37,11,50,121,2,30,79,60,101"/><V31/><F119/><W27/><G37/><T116/><D74/><U80/><E112/><V25/><F85/><W106/><G121/><T33/><D105/><U6/><E34/><V4/><F98/><W133/><G79/><T67/><D40/><U117/><E117/><V87/><F87/><W109/><G109/><T56/><D56/><U77/><E72/><V36/><F36/><W68/><G50/><T52/><D67/><U111/><E111/><V81/><F81/><W38/><G38/><T17/><D29/><U5/><E120/><V107/><F107/><W128/><G68/><T113/><D113/><U55/><E55/><V41/><REACH who="2" step="1"/><F51/><REACH who="2" ten="242,153,227,358" step="2"/><W54/><G99/><N who="0" m="59495" /><D116/><U24/><E75/><V95/><F95/><W125/><G106/><T76/><D124/><U26/><E94/><V22/><AGARI ba="1,2" hai="1,4,8,16,18,22,25,31,41,44,48,62,64,71" machi="22" ten="20,7800,0" yaku="1,1,0,1,7,1,54,1,53,0" doraHai="126" doraHaiUra="114" who="2" fromWho="2" sc="242,-27,153,-27,227,101,358,-27" /><INIT seed="2,2,0,4,4,132" ten="215,126,328,331" oya="2" hai0="13,36,15,2,116,110,52,107,41,17,14,1,104" hai1="0,123,57,43,20,73,3,31,44,56,22,51,124" hai2="45,18,26,61,68,90,129,49,101,47,127,48,71" hai3="75,11,19,112,103,117,66,25,118,115,55,63,122"/><V60/><F101/><W92/><G75/><T133/><D133/><U83/><E123/><V16/><F26/><W84/><G122/><T97/><D110/><U32/><E32/><V42/><F90/><N who="3" m="53319" /><G103/><T23/><D116/><U108/><E108/><V105/><F105/><W77/><G77/><T86/><D86/><U131/><E131/><V74/><F74/><W59/><G66/><T28/><D28/><U12/><E0/><V126/><REACH who="2" step="1"/><F42/><REACH who="2" ten="215,126,318,331" step="2"/><W27/><G27/><T78/><D107/><U113/><E73/><V54/><F54/><W99/><G25/><T134/><D52/><U106/><E106/><V91/><F91/><W76/><G55/><T37/><D41/><U81/><E43/><V53/><F53/><W38/><G118/><T50/><D78/><U96/><E44/><V10/><F10/><W88/><G11/><T94/><D104/><U72/><E72/><V114/><F114/><W89/><G89/><T67/><D67/><U33/><E113/><V93/><F93/><N who="3" m="56743" /><G117/><T46/><D94/><U95/><E95/><V119/><F119/><W6/><G76/><T21/><D97/><U29/><E96/><V24/><F24/><W79/><G79/><T62/><D46/><U30/><E31/><V98/><F98/><W102/><G102/><T64/><D64/><U130/><E30/><V9/><F9/><W8/><G115/><T109/><D62/><U100/><E29/><V87/><F87/><W69/><G63/><T40/><D40/><U120/><E100/><V35/><F35/><W85/><G112/><T121/><D109/><U5/><E33/><RYUUKYOKU ba="2,1" sc="215,-10,126,-10,318,30,331,-10" hai2="16,18,45,47,48,49,60,61,68,71,126,127,129" /><INIT seed="2,3,1,5,4,57" ten="205,116,348,321" oya="2" hai0="22,117,107,114,71,67,36,21,111,26,85,113,99" hai1="28,91,106,121,41,49,65,23,15,6,83,20,16" hai2="8,97,130,46,38,10,86,42,108,37,76,78,132" hai3="48,39,32,31,101,5,24,2,35,119,123,89,131"/><V102/><F38/><W62/><G39/><T100/><D36/><U84/><E106/><V88/><F130/><W25/><G119/><T53/><D117/><U95/><E121/><V60/><F132/><W9/><G123/><T90/><D111/><U63/><E6/><V18/><F108/><W55/><G131/><T79/><D21/><U124/><E124/><V66/><F18/><W30/><G101/><T120/><D120/><U51/><E41/><V13/><F10/><W64/><G89/><T11/><D11/><U75/><E75/><V45/><F45/><W129/><G129/><T110/><D110/><U118/><E118/><V77/><F13/><W87/><G87/><T127/><D79/><U14/><E83/><V116/><F8/><W112/><G112/><T33/><D53/><U43/><E43/><V125/><F125/><W54/><G48/><T56/><D56/><AGARI ba="3,1" hai="2,5,9,24,25,30,31,32,35,54,55,56,62,64" machi="56" ten="30,3900,0" yaku="7,1,9,1,52,1" doraHai="57" who="3" fromWho="0" sc="205,-48,116,0,348,0,321,58" /><INIT seed="3,0,0,4,3,38" ten="157,116,348,379" oya="3" hai0="125,30,40,85,32,48,13,25,113,78,70,84,69" hai1="27,83,114,56,87,1,50,120,77,42,130,8,91" hai2="37,43,132,39,67,104,71,23,135,5,21,62,54" hai3="46,128,20,102,26,80,73,98,116,79,44,4,105"/><W108/><G116/><T24/><D24/><U101/><E114/><V111/><F104/><W103/><G108/><T29/><D29/><U96/><E120/><V110/><F5/><W75/><G75/><T118/><D118/><U9/><E130/><V34/><F34/><W3/><G128/><T28/><D28/><U94/><E1/><V53/><F23/><W74/><G74/><T45/><D113/><U17/><E56/><V15/><F21/><W63/><G103/><T11/><D85/><U107/><E27/><V106/><F15/><W41/><G63/><T95/><D95/><U65/><E65/><V52/><F106/><W100/><G100/><T57/><D57/><U122/><E122/><V119/><F119/><W66/><G66/><T131/><D125/><U121/><E121/><V64/><F64/><W12/><G12/><T58/><D58/><U61/><E61/><V35/><F35/><W49/><G46/><T109/><D109/><N who="2" m="41482" /><F43/><W92/><G105/><T6/><D131/><U115/><E115/><V59/><F59/><W68/><G68/><T86/><D86/><U51/><E51/><V31/><F31/><W19/><G4/><T16/><D16/><U36/><E36/><AGARI ba="0,0" hai="36,37,39,52,53,54,62,67,71,132,135" m="41482" machi="36" ten="40,8000,1" yaku="14,1,34,2,54,1" doraHai="38" who="2" fromWho="1" sc="157,0,116,-80,348,80,379,0" owari="157,-24.3,36,-46.4,428,52.8,379,17.9" /></mjloggm>