<mjloggm ver="2.3"><GO type="225" lobby="0"/><UN n0="%E3%81%BF%E3%81%BF%E3%81%9A" n1="%E3%80%93%E3%81%97%E3%83%BC%E3%82%89%E3%80%93" n2="%E3%82%BF%E3%83%BC%E3%83%90%E3%83%B3%E9%87%8E%E5%8F%A3" n3="%E3%81%B5%E3%81%98%E3%81%8B%E3%81%A4" dan="17,16,16,16" rate="2256.27,2083.12,2107.89,2187.77" sx="M,M,M,M"/><TAIKYOKU oya="0"/><INIT seed="0,0,0,4,0,87" ten="250,250,250,250" oya="0" hai0="129,35,14,67,78,117,135,42,77,51,9,65,100" hai1="52,130,124,81,10,119,110,107,33,30,103,18,39" hai2="127,122,36,126,89,120,92,19,0,37,25,20,57" hai3="8,49,63,90,27,114,22,2,109,62,31,68,41"/><T69/><D117/><U75/><E39/><N who="2" m="14923" /><F0/><W53/><G114/><T11/><D35/><U112/><E119/><V70/><F70/><W95/><G109/><T105/><D105/><U61/><E110/><V97/><F57/><W23/><G68/><T4/><D129/><U111/><E111/><V13/><F13/><W7/><G41/><T50/><D135/><U96/><E124/><AGARI ba="0,0" hai="19,20,25,89,92,97,120,122,124,126,127" m="14923" machi="124" ten="30,2000,0" yaku="18,1,52,1" doraHai="87" who="2" fromWho="1" sc="250,0,250,-20,250,20,250,0" /><INIT seed="1,0,0,3,0,35" ten="250,230,270,250" oya="1" hai0="22,20,32,96,135,70,77,67,64,61,59,76,72" hai1="104,79,74,50,36,55,57,99,0,15,82,94,60" hai2="56,130,105,42,132,100,34,110,26,102,4,52,128" hai3="120,127,47,89,30,112,114,87,97,118,53,92,7"/><U25/><E36/><V124/><F110/><W12/><G120/><T122/><D32/><U18/><E104/><V62/><F132/><W46/><G118/><T27/><D135/><U126/><E126/><V33/><F124/><W95/><G127/><T125/><D125/><U5/><E25/><V69/><F42/><W51/><G30/><T9/><D122/><U113/><E113/><V29/><F34/><W2/><G2/><T106/><D9/><U19/><E5/><V116/><F116/><W48/><G7/><T80/><D77/><U90/><E0/><V101/><F4/><W68/><G12/><T123/><D123/><U40/><E40/><V37/><F37/><W54/><REACH who="3" step="1"/><G68/><REACH who="3" ten="250,230,270,240" step="2"/><T107/><D70/><U45/><E15/><V39/><F69/><W75/><G75/><T103/><D72/><U93/><E60/><V17/><F17/><W23/><G23/><T24/><D20/><U81/><E19/><V31/><F29/><W88/><AGARI ba="0,1" hai="46,47,48,51,53,54,87,88,89,92,95,97,112,114" machi="88" ten="20,8000,1" yaku="1,1,0,1,7,1,9,1,54,1,53,0" doraHai="35" doraHaiUra="1" who="3" fromWho="3" sc="250,-20,230,-40,270,-20,240,90" /><INIT seed="2,0,0,1,2,31" ten="230,190,250,330" oya="2" hai0="9,78,39,86,53,64,80,72,92,67,58,22,47" hai1="45,59,71,68,44,55,108,73,87,93,89,56,113" hai2="11,32,77,35,61,34,41,101,79,96,133,83,82" hai3="49,84,46,91,36,112,19,128,24,131,76,132,130"/><V14/><F41/><W126/><G126/><T97/><D72/><U27/><E73/><V111/><F61/><W17/><G36/><T102/><D9/><U37/><E113/><V18/><F133/><W129/><G132/><T104/><D104/><U107/><E107/><V5/><F5/><W2/><G2/><T135/><D135/><U98/><E108/><V3/><F3/><W29/><G76/><T12/><D47/><U0/><E0/><V75/><F111/><W13/><G112/><T90/><D39/><U62/><E37/><V33/><N who="2" m="8192" /><DORA hai="110" /><V50/><F50/><W117/><G13/><T16/><REACH who="0" step="1"/><D78/><REACH who="0" ten="220,190,250,330" step="2"/><U69/><E27/><V40/><F75/><W60/><G24/><T10/><D10/><U70/><N who="1" m="17408" /><DORA hai="48" /><U106/><REACH who="1" step="1"/><E59/><REACH who="1" ten="220,180,250,330" step="2"/><V118/><F118/><W30/><G117/><T28/><D28/><U81/><E81/><V43/><F82/><W103/><G29/><T95/><D95/><U125/><E125/><V121/><F83/><W119/><G30/><T54/><D54/><U63/><E63/><AGARI ba="0,2" hai="12,16,22,53,58,63,64,67,80,86,90,92,97,102" machi="63" ten="30,8000,1" yaku="1,1,7,1,8,1,52,1,54,1,53,0" doraHai="31,110,48" doraHaiUra="120,122,6" who="0" fromWho="1" sc="220,100,180,-80,250,0,330,0" /><INIT seed="3,0,0,1,4,10" ten="320,100,250,330" oya="3" hai0="132,114,29,25,77,42,61,85,60,97,99,6,115" hai1="0,22,37,116,91,41,8,107,76,13,81,7,14" hai2="67,112,68,19,82,72,100,87,48,98,49,110,50" hai3="17,24,96,88,122,109,126,18,92,79,53,75,59"/><W121/><G126/><T57/><D42/><U78/><E107/><V73/><F112/><N who="0" m="43050" /><D6/><U52/><E116/><V66/><F110/><W74/><G109/><T135/><D85/><U23/><E37/><V62/><F67/><W34/><G34/><N who="0" m="20783" /><D77/><U83/><E41/><V2/><F2/><W21/><G17/><T38/><D38/><U89/><E0/><V28/><F28/><W108/><G108/><T90/><D61/><U93/><E7/><V45/><F19/><W131/><G131/><T69/><D69/><U26/><E8/><V80/><F80/><N who="3" m="45175" /><G75/><T35/><D35/><U102/><E26/><V16/><F45/><W71/><G71/><T4/><D4/><U84/><E84/><V40/><F40/><W111/><G111/><T12/><D12/><U30/><E30/><V64/><F64/><W20/><G20/><T58/><D58/><U104/><E104/><V63/><F63/><AGARI ba="0,0" hai="18,21,24,53,59,63,88,92,96,121,122" m="45175" machi="63" ten="30,2900,0" yaku="25,1,54,1" doraHai="10" who="3" fromWho="2" sc="320,0,100,0,250,-29,330,29" owari="320,12.0,100,-40.0,221,-17.9,359,45.9" /></mjloggm>