<mjloggm ver="2.3"><GO type="225" lobby="0"/><UN n0="%72%69%6F%75%63%68%61%6E" n1="%E6%A0%B9%E5%85%83%E3%81%8B%E3%82%89%E5%90%B9%E3%81%A3%E9%A3%9B%E3%81%B6" n2="%E3%81%8C%E3%81%9F" n3="%E3%81%9F%E3%81%93%E2%98%86%E7%84%BC%E3%81%8D" dan="16,16,16,16" rate="2147.28,2187.59,2131.66,2069.94" sx="M,F,F,M"/><TAIKYOKU oya="0"/><INIT seed="0,0,0,2,3,127" ten="250,250,250,250" oya="0" hai0="78,116,46,16,92,23,64,41,84,98,50,33,135" hai1="119,24,4,2,44,100,69,74,68,36,58,6,37" hai2="112,40,103,14,79,113,87,54,131,3,65,123,21" hai3="94,59,13,106,38,114,124,133,25,86,63,5,39"/><T11/><D116/><U52/><E119/><V18/><F123/><W19/><G114/><T89/><D135/><U97/><E74/><V107/><F3/><W85/><G106/><T66/><D33/><U7/><E2/><V28/><F40/><W90/><G124/><T26/><REACH who="0" step="1"/><D11/><REACH who="0" ten="240,250,250,250" step="2"/><U70/><E24/><V29/><F113/><W120/><G133/><T34/><D34/><U53/><E44/><V105/><F112/><W43/><G120/><T67/><D67/><U81/><E37/><V108/><F65/><W73/><G25/><T60/><D60/><U51/><E36/><V71/><F21/><W42/><G63/><T76/><D76/><U72/><E6/><V17/><F108/><W132/><G5/><T45/><D45/><U102/><E7/><V35/><F35/><W56/><G132/><T91/><D91/><U49/><E4/><V80/><F79/><W101/><G90/><T0/><D0/><U61/><E61/><V55/><F103/><W110/><G101/><T93/><D93/><U111/><E111/><V8/><F105/><W62/><G62/><T47/><D47/><U117/><E117/><V129/><F107/><W88/><G88/><T22/><D22/><U30/><E102/><V115/><F115/><W27/><G94/><T109/><D109/><U48/><E100/><V122/><F8/><W126/><G110/><T77/><D77/><U15/><E53/><V75/><F54/><W20/><G39/><T104/><D104/><U130/><E52/><V57/><F55/><W96/><G38/><T134/><D134/><U31/><E81/><AGARI ba="0,1" hai="16,23,26,41,46,50,64,66,78,81,84,89,92,98" machi="81" ten="40,12000,1" yaku="1,1,6,1,8,1,54,1,53,0" doraHai="127" doraHaiUra="99" who="0" fromWho="1" sc="240,130,250,-120,250,0,250,0" /><INIT seed="0,1,0,0,0,55" ten="370,130,250,250" oya="0" hai0="31,85,16,116,86,74,0,97,64,90,65,135,91" hai1="21,28,92,47,131,15,95,69,45,82,79,36,35" hai2="7,88,113,51,11,105,77,125,4,37,119,118,70" hai3="42,61,130,93,67,2,60,128,49,68,121,5,99"/><T84/><D116/><N who="2" m="44586" /><F113/><W8/><G121/><T101/><D135/><U117/><E69/><V43/><F37/><W59/><G42/><T25/><D74/><U1/><E131/><V12/><F70/><W134/><G49/><T26/><D0/><U115/><E117/><V52/><F105/><W33/><G33/><T81/><D16/><U123/><E115/><V41/><F77/><W40/><G40/><N who="2" m="15433" /><F125/><W78/><G78/><T129/><D129/><U108/><E123/><V30/><F30/><W122/><G134/><T111/><D111/><U18/><E108/><V23/><F23/><W29/><G29/><T10/><D10/><U66/><E36/><V56/><F88/><W133/><G133/><T112/><D112/><U14/><E95/><V71/><F71/><W126/><G126/><T54/><D54/><U38/><E92/><V103/><F103/><W19/><G19/><AGARI ba="1,0" hai="4,7,11,12,19,51,52,56" m="15433,44586" machi="19" ten="30,3900,0" yaku="12,1,52,1,54,1" doraHai="55" who="2" fromWho="3" sc="370,0,130,0,250,42,250,-42" /><INIT seed="1,0,0,1,5,32" ten="370,130,292,208" oya="1" hai0="34,107,20,52,102,101,3,124,24,12,58,78,112" hai1="61,19,16,14,88,22,44,29,98,76,17,1,42" hai2="41,103,91,0,7,125,54,75,77,13,83,47,79" hai3="65,113,132,2,8,11,106,46,134,36,23,6,5"/><U129/><E129/><V30/><F125/><W97/><G65/><T82/><D112/><U56/><E76/><V100/><F79/><W128/><G113/><T35/><D124/><U131/><E98/><V118/><F118/><W57/><G57/><T40/><D3/><U49/><E131/><V84/><F13/><W38/><G23/><T68/><D68/><U94/><E1/><V4/><F54/><W127/><G127/><T90/><D40/><U45/><E45/><V55/><F55/><W116/><G116/><T73/><D90/><U114/><E114/><V135/><F30/><W69/><G69/><T111/><D111/><U85/><REACH who="1" step="1"/><E29/><REACH who="1" ten="370,120,292,208" step="2"/><V71/><F0/><N who="3" m="39" /><G46/><T70/><D78/><U96/><E96/><V110/><F47/><W123/><G123/><T126/><D126/><U59/><E59/><V60/><F77/><W87/><G128/><T31/><D58/><U122/><E122/><V93/><F71/><W117/><G117/><T28/><D70/><U64/><AGARI ba="0,1" hai="14,16,17,19,22,42,44,49,56,61,64,85,88,94" machi="64" ten="20,18000,2" yaku="1,1,0,1,7,1,8,1,54,2,53,0" doraHai="32" doraHaiUra="99" who="1" fromWho="1" sc="370,-60,120,190,292,-60,208,-60" /><INIT seed="1,1,0,3,4,15" ten="310,310,232,148" oya="1" hai0="61,130,35,69,73,76,9,112,132,37,23,30,110" hai1="97,19,40,13,12,34,83,102,135,103,82,62,80" hai2="7,36,46,44,6,77,90,4,63,47,51,88,18" hai3="64,115,11,98,0,59,87,52,1,5,134,75,81"/><U3/><E3/><V104/><F36/><W99/><G115/><T25/><D112/><U24/><E135/><V100/><F77/><W79/><G1/><T89/><D132/><U127/><E127/><V114/><F114/><W32/><G32/><T50/><D110/><U125/><E125/><V109/><F109/><W108/><G108/><T14/><D37/><U78/><E40/><V2/><F2/><W20/><G134/><T41/><D130/><U57/><E78/><V107/><F51/><W85/><G64/><T128/><D128/><U43/><E43/><V65/><F18/><W39/><G39/><T94/><D35/><U58/><E34/><V17/><F17/><W92/><G75/><T119/><D119/><U21/><E58/><V133/><F133/><W71/><G20/><T49/><D41/><U56/><E57/><V111/><F111/><W105/><G71/><T8/><D8/><U126/><E126/><V22/><F22/><W68/><G105/><T113/><D113/><U33/><E33/><V55/><F55/><W28/><G28/><T123/><D123/><U122/><E122/><V91/><F100/><N who="1" m="38441" /><E97/><V129/><F129/><W95/><G68/><AGARI ba="1,0" hai="4,6,7,44,46,47,63,65,68,88,90,91,104,107" machi="68" ten="50,6400,0" yaku="29,2,54,1" doraHai="15" who="2" fromWho="3" sc="310,0,310,0,232,67,148,-67" /><INIT seed="2,0,0,4,2,128" ten="310,310,299,81" oya="2" hai0="22,55,26,19,116,70,84,60,46,52,98,76,13" hai1="11,28,109,131,124,64,74,68,44,112,43,48,4" hai2="113,101,14,69,118,5,25,54,130,9,119,125,80" hai3="92,1,93,73,36,90,62,111,53,87,66,33,7"/><V18/><F113/><W3/><G33/><T0/><D0/><U96/><E109/><V71/><F130/><W49/><G73/><T94/><D116/><U51/><E112/><V134/><F125/><W27/><G36/><T35/><D46/><U10/><E124/><V6/><F101/><W59/><G111/><T135/><D135/><U61/><E74/><V67/><F134/><W126/><G126/><T88/><D70/><U97/><E131/><V56/><F80/><W50/><G27/><T29/><REACH who="0" step="1"/><D60/><REACH who="0" ten="300,310,299,81" step="2"/><U104/><E61/><V15/><F118/><W82/><G3/><T99/><D99/><U17/><E96/><V42/><F119/><W40/><G1/><T102/><D102/><U108/><E97/><V78/><F69/><W81/><G7/><T79/><D79/><U57/><E108/><V95/><F78/><W38/><G38/><T31/><D31/><U47/><E28/><V86/><F6/><W122/><G122/><T129/><D129/><U105/><E4/><V100/><F71/><W115/><G115/><T107/><D107/><U75/><E104/><V45/><F100/><W85/><G49/><T20/><D20/><U77/><E51/><V89/><F5/><W8/><G8/><T110/><D110/><U65/><E11/><V120/><F120/><W114/><G114/><T83/><AGARI ba="0,1" hai="13,19,22,26,29,35,52,55,76,83,84,88,94,98" machi="83" ten="30,8000,1" yaku="1,1,0,1,54,2,53,1" doraHai="128" doraHaiUra="91" who="0" fromWho="0" sc="300,90,310,-20,299,-40,81,-20" /><INIT seed="3,0,0,4,4,72" ten="390,290,259,61" oya="3" hai0="19,125,43,115,114,12,57,85,27,98,22,86,6" hai1="105,11,55,48,116,23,28,66,35,84,56,117,38" hai2="53,121,129,107,135,120,16,123,75,76,112,30,21" hai3="126,33,69,104,18,9,40,70,87,67,24,127,49"/><W97/><G33/><T113/><D125/><N who="3" m="47625" /><G87/><T74/><D74/><U62/><E105/><V45/><F112/><W5/><G67/><T10/><D43/><U26/><E38/><V99/><F129/><W89/><G40/><T79/><D79/><U109/><E109/><V65/><F30/><W93/><G49/><T73/><D73/><U82/><E11/><V50/><F65/><W39/><G39/><T111/><D111/><U31/><E35/><V34/><F135/><W91/><G104/><T134/><D134/><U131/><E131/><V15/><F34/><W132/><G132/><T51/><D98/><U77/><REACH who="1" step="1"/><E31/><REACH who="1" ten="390,280,259,61" step="2"/><V64/><F64/><W20/><G91/><T106/><D106/><U4/><E4/><V95/><F107/><W81/><G81/><T92/><D92/><U46/><AGARI ba="0,1" hai="23,26,28,46,48,55,56,62,66,77,82,84,116,117" machi="46" ten="30,4000,0" yaku="1,1,0,1,52,1,53,0" doraHai="72" doraHaiUra="90" who="1" fromWho="1" sc="390,-10,280,50,259,-10,61,-20" owari="380,48.0,330,13.0,249,-15.1,41,-45.9" /></mjloggm>