<mjloggm ver="2.3"><GO type="225" lobby="0"/><UN n0="%E8%A8%88%E7%AE%97%E6%A9%9F%E8%87%AA%E7%84%B6" n1="%62%6F%6E%6F%73%2E%2E" n2="%43%68%65" n3="%E5%AE%AE%E4%BF%9D%E9%B6%8F%E8%82%89" dan="17,17,16,16" rate="2187.27,2213.27,2140.38,2107.51" sx="M,M,M,M"/><TAIKYOKU oya="0"/><INIT seed="0,0,0,4,0,73" ten="250,250,250,250" oya="0" hai0="110,101,125,115,107,60,109,77,52,44,51,15,17" hai1="105,117,92,82,96,1,4,84,66,12,8,94,76" hai2="7,120,21,3,133,79,9,127,129,103,128,27,56" hai3="32,98,34,91,33,87,35,62,90,14,59,106,114"/><T29/><D115/><U99/><E117/><V19/><F103/><W97/><G114/><T132/><D125/><U121/><E121/><V83/><F120/><W38/><N who="3" m="8192" /><DORA hai="25" /><W20/><G38/><T131/><D131/><N who="2" m="50250" /><F127/><W28/><G106/><T48/><D132/><U88/><E66/><V95/><F95/><W118/><G118/><T43/><D60/><U126/><E126/><V49/><F133/><W57/><G57/><T40/><D29/><U123/><E123/><V93/><F93/><W2/><G2/><T119/><D119/><U85/><E105/><V122/><F122/><W100/><G100/><T61/><D61/><U41/><E41/><V130/><N who="2" m="50258" /><V135/><DORA hai="74" /><F135/><W63/><G63/><T6/><D6/><U10/><REACH who="1" step="1"/><E94/><REACH who="1" ten="250,240,250,250" step="2"/><V31/><F31/><W78/><G28/><T22/><D40/><U111/><E111/><V68/><F68/><W89/><G98/><T0/><D109/><U54/><E54/><V5/><F5/><AGARI ba="0,1" hai="1,4,5,8,10,12,76,82,84,85,88,92,96,99" machi="5" ten="30,8000,1" yaku="1,1,7,1,52,2,54,1,53,0" doraHai="73,25,74" doraHaiUra="58,37,112" who="1" fromWho="2" sc="250,0,240,90,250,-80,250,0" /><INIT seed="1,0,0,3,5,9" ten="250,330,170,250" oya="1" hai0="6,54,95,107,112,41,63,131,135,11,35,71,118" hai1="121,37,50,16,105,29,20,88,53,57,93,122,40" hai2="124,116,83,51,52,82,30,17,74,44,91,56,64" hai3="109,5,1,98,27,46,47,100,21,85,92,119,123"/><U114/><E105/><V132/><F116/><W23/><G123/><T127/><D112/><U110/><E114/><V104/><F104/><W77/><G1/><T33/><D107/><U45/><E29/><V0/><F0/><W24/><G5/><T65/><D118/><U22/><E22/><N who="3" m="8202" /><G109/><T72/><D72/><U31/><E31/><V58/><F30/><W43/><G119/><T2/><D131/><U129/><E110/><V60/><F124/><W48/><G47/><T133/><D41/><U62/><E129/><V117/><F117/><W15/><G15/><T78/><D78/><U108/><E108/><V12/><F132/><N who="0" m="50762" /><D127/><U38/><E38/><V67/><F74/><W8/><G8/><T4/><D4/><U84/><E62/><N who="2" m="37959" /><F91/><W79/><G79/><T103/><D54/><U68/><E68/><V36/><F36/><W10/><G10/><AGARI ba="0,0" hai="10,12,17,44,51,52,58,60,67,82,83" m="37959" machi="10" ten="30,3900,0" yaku="8,1,52,1,54,1" doraHai="9" who="2" fromWho="3" sc="250,0,330,0,170,39,250,-39" /><INIT seed="2,0,0,1,4,127" ten="250,330,209,211" oya="2" hai0="105,41,9,24,47,67,62,23,39,66,110,15,27" hai1="95,92,91,22,28,121,17,115,35,37,106,83,14" hai2="102,52,53,101,61,119,49,117,43,73,74,10,5" hai3="84,8,6,26,79,122,55,75,128,103,107,30,113"/><V80/><F43/><W87/><G122/><T129/><D105/><U51/><E37/><V19/><F19/><W125/><G125/><T34/><D110/><U70/><E106/><V94/><F61/><W68/><G68/><T2/><D2/><U36/><E36/><V46/><F53/><W104/><G104/><T98/><D98/><U12/><E70/><V81/><F81/><W114/><G75/><T97/><D97/><U21/><E115/><N who="3" m="44042" /><G128/><T38/><D38/><U64/><E64/><V111/><F111/><W11/><G79/><T65/><D34/><U85/><E35/><V72/><F80/><W116/><G116/><T93/><D93/><U58/><E121/><V69/><F69/><W78/><G103/><T134/><D134/><U135/><E135/><V0/><REACH who="2" step="1"/><F94/><REACH who="2" ten="250,330,199,211" step="2"/><W50/><G107/><T42/><D42/><U40/><E40/><V130/><F130/><W59/><G78/><T100/><D129/><U99/><E99/><V76/><F76/><W71/><G71/><T31/><D62/><U60/><E60/><V96/><F96/><W33/><G11/><T56/><D66/><U86/><E95/><V108/><F108/><W120/><G120/><T7/><D65/><U1/><E83/><V112/><F112/><W126/><G126/><T109/><D109/><U13/><E92/><V89/><F89/><W3/><AGARI ba="0,1" hai="3,6,8,26,30,33,50,55,59,84,87" m="44042" machi="3" ten="30,1100,0" yaku="11,1" doraHai="127" who="3" fromWho="3" sc="250,-3,330,-3,199,-5,211,21" /><INIT seed="3,0,0,3,2,53" ten="247,327,194,232" oya="3" hai0="93,10,18,114,113,132,109,87,82,14,73,8,83" hai1="51,107,49,57,48,45,91,35,22,85,26,120,19" hai2="21,25,15,133,70,74,33,6,76,95,5,80,90" hai3="128,16,7,23,121,99,61,84,88,27,124,40,110"/><W116/><G121/><T44/><D109/><U64/><E107/><V75/><F75/><W72/><G72/><T102/><D132/><U1/><E1/><V135/><F70/><W42/><G116/><T130/><D130/><U94/><E35/><V54/><F33/><W63/><G124/><T24/><D24/><U122/><E122/><V2/><F2/><W78/><G7/><T108/><D108/><U41/><E120/><V77/><F77/><W66/><G63/><AGARI ba="0,0" hai="19,22,26,41,45,48,49,51,57,63,64,85,91,94" machi="63" ten="40,2600,0" yaku="8,1,52,1" doraHai="53" who="1" fromWho="3" sc="247,0,327,26,194,0,232,-26" owari="247,4.7,353,45.3,194,-30.6,206,-19.4" /></mjloggm>