<mjloggm ver="2.3"><GO type="225" lobby="0"/><UN n0="%E5%AE%AE%E4%BF%9D%E9%B6%8F%E8%82%89" n1="%43%68%65" n2="%45%6C%79%73%69%75%6D" n3="%72%69%6F%75%63%68%61%6E" dan="16,16,17,17" rate="2121.56,2188.86,2129.51,2286.41" sx="M,M,F,M"/><TAIKYOKU oya="0"/><INIT seed="0,0,0,5,2,123" ten="250,250,250,250" oya="0" hai0="134,23,75,101,60,61,109,90,125,18,86,82,2" hai1="31,127,37,62,84,69,72,12,57,51,36,46,112" hai2="76,41,3,107,99,53,118,71,16,95,13,48,38" hai3="30,56,67,0,42,32,133,121,64,29,108,70,47"/><T120/><D120/><U78/><E72/><V49/><F3/><W93/><G108/><T119/><D119/><U24/><E69/><V43/><F118/><W111/><G111/><T50/><D2/><U14/><E127/><V66/><F107/><W81/><G133/><T132/><D109/><U10/><E112/><V89/><F76/><W58/><G121/><T91/><D75/><U92/><E14/><V126/><F126/><W113/><G113/><T1/><D1/><U102/><E102/><V106/><F106/><W55/><G0/><T74/><D74/><U87/><E87/><V128/><F128/><W28/><G70/><T21/><D101/><U39/><E92/><V6/><F6/><W79/><G93/><T19/><D125/><U97/><E97/><V104/><F104/><W131/><G131/><T130/><D130/><U129/><E129/><V7/><F7/><W100/><G32/><T115/><D115/><U80/><E57/><V68/><F38/><W59/><G55/><T52/><D134/><U63/><E24/><V25/><F25/><W117/><G100/><T17/><D91/><U54/><REACH who="1" step="1"/><E31/><REACH who="1" ten="250,240,250,250" step="2"/><V103/><F103/><W122/><G117/><T4/><D132/><U35/><E35/><V9/><F68/><W33/><G33/><T94/><D94/><U40/><E40/><V83/><F71/><W135/><G122/><T77/><D4/><AGARI ba="0,1" hai="4,10,12,36,37,39,46,51,54,62,63,78,80,84" machi="4" ten="40,1300,0" yaku="1,1,53,0" doraHai="123" doraHaiUra="96" who="1" fromWho="0" sc="250,-13,240,23,250,0,250,0" /><INIT seed="1,0,0,0,1,41" ten="237,263,250,250" oya="1" hai0="114,83,21,30,118,124,133,2,116,72,126,113,125" hai1="62,119,111,96,121,6,101,47,29,28,16,58,128" hai2="52,18,135,23,122,127,13,14,33,93,22,129,84" hai3="102,77,120,35,36,131,91,89,39,132,57,20,1"/><U4/><E119/><N who="0" m="45609" /><D83/><U24/><E121/><V54/><F122/><W34/><G120/><T90/><D90/><U105/><E128/><V55/><F33/><W107/><G131/><T108/><D72/><U45/><E111/><V109/><F129/><W123/><G123/><T63/><D63/><U65/><E16/><N who="2" m="10511" /><F109/><W130/><G130/><T10/><D108/><U31/><REACH who="1" step="1"/><E24/><REACH who="1" ten="237,253,250,250" step="2"/><V26/><F135/><W56/><G132/><T88/><D133/><U86/><E86/><V0/><F127/><W27/><G27/><N who="0" m="16751" /><D88/><U15/><E15/><V59/><F0/><W25/><G91/><T82/><D82/><U80/><E80/><V42/><F84/><W8/><G1/><T61/><D61/><U81/><E81/><V78/><F26/><W106/><G25/><T70/><D70/><U85/><E85/><V3/><F3/><W40/><G89/><T99/><D99/><U74/><E74/><V50/><F78/><W76/><G77/><T43/><D43/><U5/><AGARI ba="0,1" hai="4,5,6,28,29,31,45,47,58,62,65,96,101,105" machi="5" ten="30,12000,1" yaku="1,1,0,1,52,2,53,1" doraHai="41" doraHaiUra="100" who="1" fromWho="1" sc="237,-40,253,130,250,-40,250,-40" /><INIT seed="1,1,0,4,4,44" ten="197,383,210,210" oya="1" hai0="31,124,62,43,77,112,74,131,116,35,17,21,19" hai1="101,120,10,5,59,14,12,22,11,53,122,71,67" hai2="89,110,50,133,92,48,4,83,99,88,26,29,36" hai3="34,121,27,95,82,2,81,18,118,96,61,32,126"/><U123/><E101/><V109/><F36/><W39/><G39/><T40/><D112/><U65/><E22/><N who="2" m="15575" /><F4/><W75/><G121/><T127/><D116/><U66/><E71/><V52/><F133/><W13/><G126/><N who="0" m="48171" /><D131/><U85/><E85/><N who="2" m="50239" /><F52/><W90/><G2/><T38/><D35/><U134/><E134/><V135/><F135/><W6/><G118/><T30/><D19/><U79/><E79/><V69/><F69/><W107/><G107/><T47/><D43/><U94/><E94/><V104/><F104/><W42/><G42/><T57/><D77/><U129/><E129/><V64/><F64/><W125/><G125/><T117/><D74/><U55/><E59/><V68/><F68/><W58/><G75/><T41/><D41/><U100/><E100/><V49/><F109/><W102/><G102/><T115/><D115/><U7/><AGARI ba="1,0" hai="5,7,10,11,12,14,53,55,65,66,67,120,122,123" machi="7" ten="40,3900,0" yaku="0,1,9,1" doraHai="44" who="1" fromWho="1" sc="197,-14,383,42,210,-14,210,-14" /><INIT seed="1,2,0,0,1,126" ten="183,425,196,196" oya="1" hai0="68,16,27,31,54,39,95,75,11,121,93,28,86" hai1="30,53,20,32,48,65,5,19,76,52,23,109,78" hai2="37,40,122,8,7,33,83,2,57,74,44,82,114" hai3="25,110,0,115,87,43,129,91,60,36,13,108,89"/><U119/><E119/><V79/><F122/><W100/><G129/><T4/><D75/><U18/><E32/><V117/><F117/><W130/><G130/><T46/><D68/><U58/><E65/><V80/><F114/><W128/><G128/><T71/><D71/><U21/><E30/><V67/><REACH who="2" step="1"/><F33/><REACH who="2" ten="183,425,186,196" step="2"/><W124/><G115/><T131/><D131/><U41/><E109/><V12/><F12/><W9/><G13/><N who="0" m="5351" /><D121/><U61/><E5/><V50/><F50/><W26/><G110/><T85/><D39/><U49/><E41/><V1/><F1/><W106/><G108/><T15/><D27/><U72/><E48/><V59/><F59/><W38/><G26/><T51/><D31/><U69/><E69/><V107/><F107/><W118/><G25/><T97/><D28/><U55/><E49/><V66/><F66/><W81/><G38/><T34/><D34/><U116/><E116/><V3/><F3/><W88/><G118/><T134/><D134/><U77/><E72/><V10/><F10/><W103/><G106/><T132/><D132/><U90/><E58/><V17/><F17/><W56/><G9/><N who="0" m="6255" /><D93/><U127/><E61/><AGARI ba="2,1" hai="2,7,8,37,40,44,57,61,67,74,79,80,82,83" machi="61" ten="40,5200,0" yaku="1,1,25,2,53,0" doraHai="126" doraHaiUra="113" who="2" fromWho="1" sc="183,0,425,-58,186,68,196,0" /><INIT seed="2,0,0,1,4,18" ten="183,367,254,196" oya="2" hai0="113,125,79,64,54,21,75,39,118,42,131,23,37" hai1="14,59,58,69,13,11,0,84,26,117,90,128,92" hai2="1,40,109,74,112,105,115,47,103,121,68,60,102" hai3="6,101,65,86,100,17,63,9,96,15,108,35,111"/><V124/><F103/><W25/><G86/><T24/><D113/><U44/><E117/><V127/><F102/><W62/><G101/><T56/><D64/><U4/><E69/><V30/><F30/><W5/><G62/><T73/><D118/><U48/><E128/><V34/><F60/><W22/><G35/><T50/><D131/><U8/><E26/><V38/><F47/><W52/><G52/><T122/><D122/><U49/><E0/><V134/><F40/><W85/><G85/><T3/><D3/><U120/><E120/><V135/><F124/><W114/><G114/><T70/><D70/><U7/><E49/><V126/><F126/><W12/><G12/><T132/><D125/><U41/><AGARI ba="0,0" hai="4,7,8,11,13,14,41,44,48,58,59,84,90,92" machi="41" ten="20,5200,0" yaku="0,1,7,1,9,1,8,1" doraHai="18" who="1" fromWho="1" sc="183,-13,367,52,254,-26,196,-13" /><INIT seed="3,0,0,4,5,30" ten="170,419,228,183" oya="3" hai0="57,20,66,1,74,9,97,7,135,131,62,8,50" hai1="128,39,117,132,16,27,109,41,77,78,12,127,82" hai2="118,71,96,25,64,69,81,108,68,94,52,40,6" hai3="106,101,3,83,51,121,2,113,32,102,14,130,73"/><W58/><G113/><T119/><D119/><U123/><E123/><V31/><F108/><W21/><G121/><T5/><D74/><U29/><E109/><V38/><F118/><W35/><G106/><T76/><D135/><U122/><E128/><V125/><F125/><W44/><G130/><T11/><D131/><U87/><E127/><V90/><F6/><N who="0" m="2058" /><D1/><U70/><E70/><V98/><F98/><W17/><G2/><T99/><D76/><U126/><E78/><V65/><F81/><W79/><G3/><T85/><D85/><U103/><E103/><V34/><F40/><W49/><G102/><T80/><D80/><U93/><E16/><V72/><F38/><W26/><G101/><T120/><D120/><U86/><E12/><V46/><F72/><W59/><G14/><T10/><N who="0" m="2048" /><DORA hai="134" /><T92/><D92/><U18/><E93/><V129/><F129/><W63/><G51/><T88/><D88/><U48/><E27/><V91/><F90/><W56/><REACH who="3" step="1"/><G63/><REACH who="3" ten="170,419,228,173" step="2"/><T28/><D50/><U110/><E48/><V95/><F91/><W54/><AGARI ba="0,1" hai="17,21,26,32,35,44,49,54,56,58,59,73,79,83" machi="54" ten="30,12000,1" yaku="1,1,2,1,0,1,52,2,53,0" doraHai="30,134" doraHaiUra="116,61" who="3" fromWho="3" sc="170,-40,419,-40,228,-40,173,130" /><INIT seed="3,1,0,3,2,92" ten="130,379,188,303" oya="3" hai0="48,71,4,3,105,134,32,130,41,121,86,74,69" hai1="15,83,6,13,75,25,57,40,26,51,98,34,132" hai2="72,38,114,100,124,30,36,64,108,113,120,91,58" hai3="73,116,62,97,22,106,44,53,131,90,0,59,17"/><W60/><G116/><T52/><D121/><U63/><E132/><V82/><F120/><W96/><G0/><T61/><D134/><U77/><E98/><N who="3" m="37994" /><G106/><T135/><D74/><U129/><E129/><V112/><F108/><W11/><G73/><T29/><D135/><U95/><E95/><V42/><F124/><W33/><G33/><T115/><D130/><U99/><E99/><V27/><F42/><W117/><G117/><T103/><D105/><U122/><E122/><V24/><F100/><W7/><G131/><T93/><D103/><U31/><E6/><V94/><F72/><W23/><G7/><T88/><D115/><U14/><E26/><V43/><F24/><N who="3" m="14415" /><G11/><T102/><D102/><U47/><E15/><V35/><F35/><W68/><G68/><T1/><D41/><U5/><E5/><V70/><F27/><W104/><G104/><T46/><D61/><N who="3" m="23657" /><G23/><T55/><D55/><AGARI ba="1,0" hai="13,14,25,31,34,40,47,51,55,57,63,75,77,83" machi="55" ten="30,1000,0" yaku="7,1" doraHai="92" who="1" fromWho="0" sc="130,-13,379,13,188,0,303,0" owari="117,-38.3,392,49.2,188,-21.2,303,10.3" /></mjloggm>