<mjloggm ver="2.3"><GO type="225" lobby="0"/><UN n0="%E5%BE%80%E5%B9%B4%E3%81%AE%E3%82%B4%E3%83%AA%E3%83%A9" n1="%6D%75%75%6D%75%72%61" n2="%72%69%6F%75%63%68%61%6E" n3="%E3%83%B4%E3%83%A0%EF%BC%99%E3%81%A6" dan="16,16,17,16" rate="2108.04,2126.72,2149.60,2154.79" sx="M,F,M,M"/><TAIKYOKU oya="0"/><INIT seed="0,0,0,3,2,89" ten="250,250,250,250" oya="0" hai0="104,97,96,25,21,114,72,52,118,28,126,124,122" hai1="112,10,68,74,38,47,116,121,106,63,43,83,50" hai2="11,98,127,88,103,44,18,77,76,48,132,94,17" hai3="56,113,16,42,78,54,19,107,87,60,133,95,85"/><T73/><D114/><U130/><E106/><V117/><F127/><N who="0" m="48682" /><D118/><U84/><E121/><V101/><F132/><W105/><G113/><T32/><D122/><U12/><E112/><V92/><F117/><W79/><G133/><T57/><D32/><U119/><E130/><V35/><F35/><W99/><G105/><T108/><D108/><U128/><E128/><V62/><F62/><W29/><G29/><T4/><D4/><U70/><E74/><N who="0" m="28777" /><D104/><U13/><E38/><V109/><F109/><W39/><G107/><T14/><D14/><U67/><E13/><N who="2" m="7359" /><F18/><N who="3" m="6699" /><G42/><T45/><D45/><U102/><E70/><V120/><F120/><W33/><G39/><T37/><D37/><U115/><E115/><V135/><F135/><W75/><G75/><T31/><D31/><U90/><E116/><V5/><F5/><W55/><G33/><T82/><D82/><U59/><E119/><V3/><F3/><W9/><G9/><T93/><D93/><U23/><E68/><V134/><F134/><W100/><G54/><T15/><D15/><U80/><E12/><V46/><F46/><W131/><G131/><T58/><D58/><U110/><E110/><V65/><F65/><W49/><G60/><AGARI ba="0,0" hai="21,25,28,52,57,60,96,97" m="28777,48682" machi="60" ten="30,2900,0" yaku="18,1,54,1" doraHai="89" who="0" fromWho="3" sc="250,29,250,0,250,0,250,-29" /><INIT seed="0,1,0,1,3,101" ten="279,250,250,221" oya="0" hai0="10,56,52,22,123,95,27,59,75,107,42,39,78" hai1="98,88,133,16,127,11,63,34,77,58,35,122,50" hai2="0,134,40,25,94,115,30,7,76,82,132,96,12" hai3="55,51,116,86,70,109,41,108,5,61,6,110,26"/><T81/><D123/><U129/><E122/><V57/><F115/><W93/><G116/><T92/><D107/><U67/><E129/><V45/><F0/><W124/><G124/><T31/><D59/><U103/><E127/><V130/><F130/><W3/><G3/><T71/><D71/><U125/><E125/><V79/><F57/><W80/><G93/><T87/><D75/><U8/><E77/><V21/><F7/><W97/><G97/><T83/><D83/><U49/><E133/><N who="2" m="51307" /><F12/><W106/><G106/><T18/><D42/><U1/><E1/><V37/><F82/><W38/><G38/><T131/><D39/><U111/><E88/><AGARI ba="1,0" hai="21,25,30,37,40,45,76,79,88,94,96" m="51307" machi="88" ten="30,2000,0" yaku="20,1,54,1" doraHai="101" who="2" fromWho="1" sc="279,0,250,-23,250,23,221,0" /><INIT seed="1,0,0,1,3,3" ten="279,227,273,221" oya="1" hai0="99,70,127,105,74,16,24,4,26,12,92,93,45" hai1="102,51,119,35,96,40,34,107,121,123,48,81,133" hai2="18,47,68,60,23,56,5,66,76,25,73,79,110" hai3="0,87,109,33,43,44,82,98,7,27,55,89,29"/><U62/><E119/><V42/><F110/><W2/><G109/><T57/><D70/><U15/><E133/><V22/><F73/><W86/><G55/><T49/><D74/><U131/><E131/><V50/><F5/><W53/><G53/><T84/><D127/><U132/><E132/><V54/><REACH who="2" step="1"/><F23/><REACH who="2" ten="279,227,263,221" step="2"/><W114/><G7/><T83/><D4/><U97/><E121/><V37/><AGARI ba="0,1" hai="18,22,25,37,42,47,50,54,56,60,66,68,76,79" machi="37" ten="20,12000,2" yaku="1,1,2,1,0,1,7,1,24,2,53,0" doraHai="3" doraHaiUra="112" who="2" fromWho="2" sc="279,-30,227,-60,263,130,221,-30" /><INIT seed="2,0,0,4,4,46" ten="249,167,393,191" oya="2" hai0="51,89,48,134,15,39,115,55,92,52,94,25,74" hai1="47,88,24,95,85,45,65,78,133,29,2,33,54" hai2="100,30,11,19,41,111,22,6,5,98,132,36,3" hai3="50,102,43,7,31,120,75,110,67,124,72,64,12"/><V105/><F132/><W34/><G120/><T27/><D74/><U91/><E133/><V77/><F111/><W62/><G110/><T84/><D39/><U80/><E2/><V40/><F36/><W16/><G7/><T116/><D115/><U83/><E65/><V8/><F30/><W14/><G14/><T112/><D112/><U81/><E54/><V9/><F77/><W96/><G124/><T93/><D116/><U113/><E113/><V1/><REACH who="2" step="1"/><F9/><REACH who="2" ten="249,167,383,191" step="2"/><W97/><G31/><T26/><D134/><U37/><E37/><V13/><AGARI ba="0,1" hai="1,3,5,6,8,11,13,19,22,40,41,98,100,105" machi="13" ten="20,12000,1" yaku="1,1,2,1,0,1,7,1,9,1,53,0" doraHai="46" doraHaiUra="114" who="2" fromWho="2" sc="249,-40,167,-40,383,130,191,-40" /><INIT seed="2,1,0,3,3,57" ten="209,127,513,151" oya="2" hai0="87,86,108,70,5,130,54,39,80,83,27,76,45" hai1="33,51,60,47,133,97,18,56,2,71,122,123,125" hai2="114,74,16,20,62,101,55,36,112,104,58,41,34" hai3="40,102,53,65,91,0,131,79,21,98,119,8,31"/><V73/><F34/><W35/><G119/><T116/><D108/><U15/><E33/><V121/><F121/><N who="1" m="46089" /><E2/><V81/><F101/><W88/><G35/><T117/><D130/><U69/><E97/><V109/><F104/><W72/><G131/><T78/><D70/><U19/><E133/><V67/><F109/><W124/><G124/><T26/><D5/><U66/><E125/><V29/><F29/><W126/><G126/><T77/><D77/><U44/><E44/><V17/><F17/><N who="1" m="6153" /><E15/><V12/><F55/><AGARI ba="1,0" hai="47,51,55,56,60,66,69,71" m="6153,46089" machi="55" ten="30,2000,0" yaku="13,1,52,1" doraHai="57" who="1" fromWho="2" sc="209,0,127,23,513,-23,151,0" /><INIT seed="3,0,0,1,1,8" ten="209,150,490,151" oya="3" hai0="56,49,97,94,45,111,33,83,32,50,87,92,116" hai1="106,104,41,68,18,5,80,14,120,69,118,54,12" hai2="52,17,81,130,40,85,96,37,9,35,133,105,59" hai3="36,67,66,65,75,90,23,13,117,61,6,73,128"/><W125/><G117/><T24/><D116/><U126/><E118/><V109/><F35/><W122/><G122/><T27/><D56/><U51/><E120/><V88/><F109/><W89/><G36/><T4/><D4/><U15/><E126/><V124/><F124/><W132/><G125/><T62/><D62/><U107/><E41/><V108/><F108/><W95/><G132/><T86/><D83/><U47/><E5/><V25/><F133/><W70/><G128/><T16/><D97/><U63/><E80/><V127/><F127/><W102/><G102/><T110/><D16/><U129/><E129/><V3/><F130/><W38/><G38/><T114/><D114/><U57/><E18/><V58/><F3/><W100/><G100/><T43/><D45/><U98/><E98/><V44/><F9/><W48/><G48/><T11/><D11/><U0/><E0/><V1/><F1/><W84/><G90/><T10/><D10/><U71/><REACH who="1" step="1"/><E47/><REACH who="1" ten="209,140,490,151" step="2"/><V60/><F25/><W113/><G6/><T64/><D43/><U34/><E34/><V112/><F59/><W123/><G113/><T115/><D115/><U42/><E42/><V82/><F17/><N who="3" m="10671" /><G123/><T29/><D111/><U131/><E131/><V77/><F112/><W99/><G99/><T135/><D110/><U134/><E134/><V21/><F21/><W78/><G73/><T7/><D135/><U19/><E19/><V76/><REACH who="2" step="1"/><F82/><REACH who="2" ten="209,140,480,151" step="2"/><N who="3" m="47191" /><G75/><T79/><D27/><U26/><E26/><V121/><F121/><W28/><G28/><T22/><D29/><U30/><E30/><V72/><F72/><RYUUKYOKU ba="0,2" sc="209,-30,140,10,480,10,151,10" hai1="12,14,15,51,54,57,63,68,69,71,104,106,107" hai2="37,40,44,52,58,60,76,77,81,85,88,96,105" hai3="61,65,66,67,70,89,95" /><INIT seed="3,1,2,3,4,94" ten="179,150,490,161" oya="3" hai0="0,49,30,45,120,88,69,56,46,130,35,68,135" hai1="84,22,60,42,52,111,112,9,123,118,73,116,95" hai2="57,115,126,83,105,28,119,81,134,16,55,34,65" hai3="71,91,37,78,4,75,64,97,128,38,103,100,26"/><W122/><G122/><T110/><D120/><U47/><E73/><V17/><F115/><W85/><G128/><T76/><D76/><U86/><E123/><V59/><F119/><N who="1" m="45609" /><E112/><V66/><F105/><N who="3" m="63631" /><G103/><T72/><D72/><U90/><E111/><V41/><F41/><W114/><G114/><T13/><D110/><U99/><E22/><V54/><F34/><W74/><G26/><T77/><D35/><U79/><E9/><V92/><F28/><W70/><G74/><T50/><D130/><U61/><E52/><V67/><F92/><N who="3" m="54383" /><G4/><T133/><D133/><U39/><E79/><V18/><F134/><W63/><G70/><T51/><D69/><U11/><E11/><V25/><F25/><W131/><G131/><T21/><D68/><U101/><E84/><V29/><F29/><W24/><G24/><T87/><D30/><U106/><AGARI ba="1,2" hai="39,42,47,60,61,86,90,95,99,101,106" m="45609" machi="106" ten="30,2000,0" yaku="12,1,52,1" doraHai="94" who="1" fromWho="1" sc="179,-6,150,43,490,-6,161,-11" owari="173,-22.7,193,-0.7,484,58.4,150,-35.0" /></mjloggm>