<mjloggm ver="2.3"><GO type="225" lobby="0"/><UN n0="%6E%69%63%6B%6C%6F%77" n1="%6D%75%75%6D%75%72%61" n2="%E3%82%BC%E3%83%AB%E3%83%80%E3%81%AE%E4%BC%9D%E8%AA%AC" n3="%4D%50%43%32%38%30%30" dan="16,16,16,16" rate="2097.61,2127.50,2240.43,2159.77" sx="F,F,M,M"/><TAIKYOKU oya="0"/><INIT seed="0,0,0,5,0,119" ten="250,250,250,250" oya="0" hai0="34,92,56,68,66,29,89,14,106,124,20,126,80" hai1="114,85,104,64,33,7,52,81,97,84,115,44,57" hai2="49,125,118,63,18,45,48,87,60,116,62,53,95" hai3="76,122,123,133,134,38,21,51,78,129,1,99,9"/><T58/><D106/><U70/><E33/><V79/><F125/><N who="0" m="48234" /><D34/><U77/><E44/><V0/><F0/><W98/><G38/><T5/><D68/><U91/><E7/><V4/><F4/><N who="3" m="1167" /><G129/><T30/><D80/><U105/><E70/><V15/><F118/><W16/><G51/><T121/><D121/><N who="3" m="46089" /><G98/><N who="0" m="57615" /><D5/><U112/><E64/><V65/><F116/><W86/><G99/><T25/><D14/><U88/><E97/><V74/><F48/><W61/><G61/><N who="0" m="38183" /><D58/><U28/><E28/><AGARI ba="0,0" hai="20,25,28,29,30" m="38183,57615,48234" machi="28" ten="30,1500,0" yaku="18,1" doraHai="119" who="0" fromWho="1" sc="250,15,250,-15,250,0,250,0" /><INIT seed="0,1,0,4,2,99" ten="265,235,250,250" oya="0" hai0="117,18,115,30,118,71,57,66,129,124,80,126,17" hai1="135,0,29,54,62,56,24,82,106,67,28,131,105" hai2="48,112,34,6,8,31,104,122,93,76,32,128,19" hai3="103,25,88,79,47,125,83,74,61,1,38,3,94"/><T63/><D30/><U68/><E131/><V75/><F104/><W108/><G108/><T16/><D115/><U2/><E135/><V9/><F122/><W72/><G72/><T77/><D71/><U39/><E39/><V60/><F112/><W119/><G119/><T90/><D90/><U42/><E42/><V92/><F48/><W13/><G125/><N who="0" m="48235" /><D129/><U15/><E82/><V53/><F128/><W43/><G61/><T111/><D111/><U114/><E114/><V87/><F75/><AGARI ba="1,0" hai="16,17,18,57,63,66,75,77,80,117,118" m="48235" machi="75" ten="30,2900,0" yaku="18,1,54,1" doraHai="99" who="0" fromWho="2" sc="265,32,235,0,250,-32,250,0" /><INIT seed="0,2,0,5,1,113" ten="297,235,218,250" oya="0" hai0="5,105,0,23,84,32,68,101,82,121,72,9,7" hai1="42,25,95,86,4,60,118,119,104,63,88,129,44" hai2="71,110,96,27,50,55,70,14,69,64,66,52,127" hai3="90,57,54,76,128,20,89,26,59,111,97,51,92"/><T77/><D121/><U37/><E104/><V46/><F14/><W124/><G111/><T134/><D134/><U53/><E129/><V120/><F27/><W100/><G128/><T117/><D7/><U15/><E25/><V94/><F120/><W130/><G130/><T35/><D23/><U48/><E63/><V12/><F110/><W16/><G124/><T81/><D81/><U2/><E2/><V108/><F108/><W87/><G59/><T11/><D11/><U61/><E61/><V80/><F127/><W41/><G41/><T116/><D84/><U126/><E60/><V34/><F34/><N who="0" m="12842" /><D68/><U13/><E126/><V93/><F80/><AGARI ba="2,0" hai="16,20,26,51,54,57,76,80,87,89,90,92,97,100" machi="80" ten="40,2600,0" yaku="8,1,54,1" doraHai="113" who="3" fromWho="2" sc="297,0,235,0,218,-32,250,32" /><INIT seed="1,0,0,5,1,106" ten="297,235,186,282" oya="1" hai0="58,28,84,43,33,126,62,113,125,105,66,41,76" hai1="55,8,124,49,69,74,110,38,25,61,10,50,115" hai2="42,11,5,133,96,19,72,123,30,92,127,20,34" hai3="12,78,121,47,116,103,56,24,2,68,45,23,26"/><U36/><E115/><V6/><F123/><W39/><G121/><T99/><D113/><U67/><E124/><N who="0" m="47721" /><D33/><U32/><E110/><V16/><F127/><W59/><G2/><T17/><D28/><U98/><E74/><V29/><F72/><W64/><G78/><T90/><D76/><U132/><E132/><V51/><F34/><W81/><G81/><N who="0" m="49423" /><D17/><N who="2" m="6730" /><F133/><W111/><G12/><T9/><D9/><U40/><E98/><V107/><F107/><W120/><G23/><T63/><D62/><U3/><E50/><V48/><F42/><W134/><G134/><T60/><D60/><U97/><E97/><V71/><F71/><W15/><G15/><T77/><D77/><U117/><E117/><V88/><F30/><W95/><G68/><T1/><D1/><U82/><E3/><V75/><F75/><W14/><G14/><T54/><D66/><U79/><E32/><V130/><F130/><W21/><G64/><T119/><D119/><U109/><E109/><V0/><F0/><W122/><G111/><T73/><D73/><U35/><E35/><V104/><F104/><W44/><G116/><T27/><D27/><U118/><E25/><N who="2" m="16551" /><F11/><W85/><G26/><T131/><D131/><U53/><E118/><V7/><AGARI ba="0,0" hai="5,6,7,48,51,88,92,96" m="16551,6730" machi="7" ten="30,4000,0" yaku="8,1,54,2" doraHai="106" who="2" fromWho="2" sc="297,-10,235,-20,186,40,282,-10" /><INIT seed="2,0,0,0,0,118" ten="287,215,226,272" oya="2" hai0="47,7,29,43,11,122,121,5,92,22,82,71,55" hai1="58,42,106,125,62,108,83,28,26,79,13,32,81" hai2="53,98,48,54,94,117,86,21,126,33,111,96,115" hai3="131,73,49,39,35,75,8,9,52,44,74,124,1"/><V4/><F115/><W67/><G35/><T61/><D5/><U103/><E108/><V20/><F117/><W15/><G131/><T63/><D92/><U0/><E0/><V97/><F33/><W23/><G124/><T6/><D6/><U3/><E3/><V16/><F126/><W2/><G39/><T133/><D133/><U27/><E125/><V95/><F111/><W12/><G67/><T93/><D93/><N who="2" m="35338" /><F4/><W130/><G130/><T40/><D40/><U45/><E27/><N who="2" m="14727" /><F86/><W56/><G15/><T31/><D82/><U135/><E135/><V66/><F66/><W99/><G99/><T77/><D77/><U69/><E69/><V24/><F48/><W80/><G80/><T104/><D104/><U101/><E13/><V59/><F59/><W105/><G105/><T120/><D71/><U51/><E106/><V25/><F25/><W109/><G109/><T89/><D89/><U18/><E18/><AGARI ba="0,0" hai="18,21,24,53,54,96,97,98" m="14727,35338" machi="18" ten="30,2900,0" yaku="8,1,54,1" doraHai="118" who="2" fromWho="1" sc="287,0,215,-29,226,29,272,0" /><INIT seed="2,1,0,4,3,61" ten="287,186,255,272" oya="2" hai0="130,33,108,118,53,92,105,55,59,131,78,15,54" hai1="104,14,4,116,88,99,16,134,128,48,10,23,95" hai2="74,13,94,20,109,89,18,12,73,28,112,121,76" hai3="22,126,132,77,70,45,42,86,6,114,47,2,106"/><V51/><F112/><W26/><G106/><T135/><D105/><U62/><E116/><V8/><F121/><W11/><G132/><T125/><D135/><U123/><E134/><V127/><F127/><W38/><G126/><T57/><D125/><U1/><E123/><V67/><F109/><W98/><G70/><T27/><D108/><U117/><E117/><V9/><F76/><W40/><G98/><T68/><D68/><U115/><E128/><N who="0" m="49193" /><D118/><U72/><E115/><V25/><F51/><W3/><G114/><T100/><D15/><U66/><E104/><V81/><F81/><W69/><G69/><T71/><D71/><U19/><E48/><V103/><F103/><W56/><G56/><N who="0" m="21579" /><D78/><U79/><E19/><V43/><F43/><W93/><G77/><T120/><D120/><U133/><E133/><V34/><F67/><W52/><G42/><T63/><D63/><U96/><E62/><V101/><F101/><W82/><G3/><T50/><D92/><U21/><E66/><V102/><F102/><W32/><G93/><T36/><D100/><U46/><E46/><V107/><F107/><W0/><G47/><N who="0" m="27871" /><D36/><U41/><E41/><V84/><REACH who="2" step="1"/><F12/><REACH who="2" ten="287,186,245,272" step="2"/><W5/><G2/><T113/><D113/><U110/><E110/><V58/><F58/><W124/><G124/><T64/><D64/><U85/><E79/><V7/><F7/><N who="3" m="1511" /><G40/><T90/><D90/><U80/><E72/><AGARI ba="1,1" hai="8,9,13,18,20,25,28,34,72,73,74,84,89,94" machi="72" ten="40,3900,0" yaku="1,1,53,1" doraHai="61" doraHaiUra="17" who="2" fromWho="1" sc="287,0,186,-42,245,52,272,0" /><INIT seed="2,2,0,2,3,60" ten="287,144,297,272" oya="2" hai0="125,85,71,122,134,95,86,39,123,62,19,70,97" hai1="15,0,27,57,20,65,87,2,111,28,35,98,68" hai2="18,8,94,89,124,117,9,48,121,78,135,133,25" hai3="12,105,3,46,6,53,129,5,72,126,13,54,131"/><V93/><F117/><W84/><G72/><T103/><D39/><U73/><E111/><V45/><F121/><W102/><G126/><T44/><D125/><U113/><E113/><V7/><F124/><W99/><G84/><T130/><D122/><U16/><E73/><V11/><F78/><W64/><G64/><T61/><D123/><U42/><E68/><V112/><F112/><W33/><G33/><T22/><D71/><U116/><E116/><V36/><F36/><W100/><G3/><T32/><D32/><U29/><E29/><V34/><F7/><W26/><G26/><T30/><D30/><U63/><E42/><V104/><F104/><W128/><G102/><T1/><D1/><U55/><E87/><N who="0" m="33289" /><D130/><U110/><E110/><V31/><F18/><W101/><G100/><T37/><D134/><N who="2" m="51210" /><F89/><W76/><G76/><T38/><D70/><U41/><E55/><AGARI ba="2,0" hai="8,9,11,25,31,34,45,48,55,93,94" m="51210" machi="55" ten="30,1500,0" yaku="20,1" doraHai="60" who="2" fromWho="1" sc="287,0,144,-21,297,21,272,0" /><INIT seed="2,3,0,5,4,90" ten="287,123,318,272" oya="2" hai0="120,74,135,24,118,42,46,109,97,123,104,78,103" hai1="44,64,100,0,19,35,66,16,128,14,70,10,28" hai2="48,71,23,79,9,115,130,114,85,55,27,117,1" hai3="108,80,131,134,22,75,12,96,93,31,5,15,132"/><V62/><F117/><W17/><G108/><T125/><D109/><U107/><E128/><V99/><F130/><W29/><G131/><T92/><D118/><U60/><E0/><V72/><F72/><W65/><G65/><T112/><D112/><U41/><E66/><V40/><F40/><W91/><G5/><T61/><D125/><U111/><E111/><V2/><F62/><W84/><G75/><T21/><D135/><N who="3" m="51753" /><G15/><T25/><D25/><U37/><E35/><V7/><F71/><W89/><AGARI ba="3,0" hai="12,17,22,29,31,80,84,89,91,93,96" m="51753" machi="89" ten="30,2000,0" yaku="20,1,52,1" doraHai="90" who="3" fromWho="3" sc="287,-8,123,-8,318,-13,272,29" /><INIT seed="3,0,0,4,1,106" ten="279,115,305,301" oya="3" hai0="15,54,66,128,96,92,74,49,110,27,97,20,23" hai1="3,14,125,116,109,80,19,131,93,59,134,95,0" hai2="117,76,83,114,12,126,52,25,61,35,100,21,135" hai3="1,118,121,17,40,119,41,18,53,6,81,46,8"/><W9/><G121/><T115/><D110/><U10/><E109/><V78/><F114/><W32/><G32/><T51/><D115/><U103/><E131/><V108/><F117/><W70/><G70/><T33/><D128/><U4/><E116/><V50/><F108/><W34/><G34/><T63/><D33/><U36/><E134/><V48/><F135/><W88/><G118/><T37/><D37/><U73/><E125/><V68/><F126/><W62/><G119/><T105/><D74/><U30/><E36/><V45/><F35/><W26/><G26/><T2/><D2/><U86/><E30/><V89/><F68/><W127/><G127/><T64/><D97/><U38/><E38/><V87/><F61/><W22/><G22/><T79/><D79/><N who="2" m="30250" /><F48/><N who="0" m="18506" /><D15/><U58/><E73/><V129/><F129/><W99/><G46/><T7/><D105/><U71/><E71/><V24/><F100/><W124/><G124/><T13/><D13/><U42/><E42/><N who="3" m="16490" /><G99/><T101/><D7/><U5/><E3/><V72/><F72/><W75/><G75/><T132/><D20/><U56/><E0/><V102/><F102/><W94/><G9/><T111/><D111/><U11/><E11/><V44/><F44/><W107/><G107/><T77/><D77/><U130/><E130/><V16/><AGARI ba="0,0" hai="12,16,21,24,25,45,50,52,83,87,89" m="30250" machi="16" ten="30,4000,0" yaku="8,1,54,2" doraHai="106" who="2" fromWho="2" sc="279,-10,115,-10,305,40,301,-20" owari="269,-13.1,105,-39.5,345,44.5,281,8.1" /></mjloggm>