<mjloggm ver="2.3"><GO type="225" lobby="0"/><UN n0="%72%65%6E%6B%75%6E" n1="%E3%81%A9%E3%82%93%E3%82%88%E3%81%8F%4D%6B%2E%32" n2="%4C%4F%4C%49%54%41" n3="%48%61%61%61%6C%61%6E%64" dan="17,16,16,18" rate="2255.11,2165.65,2175.56,2145.23" sx="M,M,F,M"/><TAIKYOKU oya="0"/><INIT seed="0,0,0,3,5,73" ten="250,250,250,250" oya="0" hai0="110,109,34,78,35,67,12,107,83,95,68,134,13" hai1="64,9,30,18,22,99,76,27,58,40,104,60,121" hai2="8,70,66,72,88,26,36,61,6,55,57,93,116" hai3="45,28,115,37,43,81,20,46,114,135,119,1,19"/><T16/><D107/><U0/><E121/><V59/><F116/><W52/><G119/><T97/><D134/><U127/><E127/><V91/><F36/><W75/><G1/><T82/><D12/><U89/><E40/><V65/><F72/><W2/><G2/><T39/><D83/><U86/><E0/><V69/><F26/><W85/><G28/><T98/><D67/><U62/><E104/><V25/><F25/><W103/><G103/><N who="0" m="60863" /><D98/><U29/><E99/><V117/><F117/><W105/><G75/><N who="0" m="43359" /><D39/><U42/><E42/><V124/><F65/><W106/><G135/><T101/><D68/><U54/><E9/><V38/><F38/><W120/><G120/><T49/><D49/><U21/><E21/><V4/><F124/><W3/><G3/><T32/><D32/><U112/><E112/><V11/><F66/><W44/><G114/><T33/><D101/><U84/><E84/><V122/><F122/><W132/><G132/><T133/><D133/><U14/><E14/><V17/><F93/><W79/><G115/><T15/><D15/><U118/><E118/><V10/><F69/><W41/><G41/><T5/><D5/><N who="2" m="2154" /><F70/><W50/><REACH who="3" step="1"/><G45/><REACH who="3" ten="250,250,250,240" step="2"/><T47/><D47/><U51/><E30/><V87/><F8/><W63/><G63/><T125/><D125/><U74/><E29/><V131/><F10/><W31/><G31/><T23/><D35/><U77/><E62/><V128/><F61/><W71/><G71/><T126/><D126/><U94/><E74/><V90/><F11/><W108/><G108/><N who="0" m="41579" /><D34/><U129/><E129/><V56/><F128/><RYUUKYOKU ba="0,1" sc="250,10,250,10,250,-30,240,10" hai0="13,16,23,33" hai1="18,22,27,51,54,58,60,64,76,77,86,89,94" hai3="19,20,37,43,44,46,50,52,79,81,85,105,106" /><INIT seed="0,1,1,3,3,102" ten="260,260,220,250" oya="0" hai0="128,21,89,30,90,112,64,98,70,41,79,118,9" hai1="101,126,108,51,63,46,53,52,8,7,104,2,121" hai2="135,116,131,124,13,86,31,127,96,71,111,94,55" hai3="78,4,27,33,99,47,24,37,130,28,10,133,122"/><T109/><D118/><U115/><E121/><V65/><F116/><W120/><G130/><T75/><D112/><U19/><E115/><V6/><F111/><W69/><G133/><T87/><D109/><U134/><E134/><V74/><F135/><W43/><G69/><T106/><D128/><U58/><E108/><V44/><F131/><W61/><G61/><T38/><D9/><U103/><E126/><V66/><F74/><W88/><G27/><T85/><D75/><U3/><E3/><V48/><F31/><W60/><G60/><T81/><D64/><U105/><E101/><V45/><F71/><W91/><G78/><T15/><D70/><U26/><E103/><N who="2" m="60823" /><F86/><W68/><G68/><T0/><D0/><U14/><E26/><V114/><F114/><W42/><G43/><T39/><D41/><U32/><E32/><V129/><F129/><W5/><G5/><T18/><D30/><U59/><E59/><V11/><F45/><W29/><G28/><T125/><D125/><AGARI ba="1,1" hai="6,11,13,44,48,55,65,66,124,125,127" m="60823" machi="125" ten="30,1000,0" yaku="18,1" doraHai="102" who="2" fromWho="0" sc="260,-13,260,0,220,23,250,0" /><INIT seed="1,0,0,0,3,19" ten="247,260,243,250" oya="1" hai0="61,49,48,126,72,11,121,37,86,74,32,106,60" hai1="73,16,128,80,51,41,103,127,1,35,33,114,29" hai2="79,91,18,15,14,102,9,123,77,95,17,104,26" hai3="10,100,23,68,57,8,34,36,22,99,59,27,40"/><U64/><E114/><V20/><F123/><W108/><G68/><T53/><D32/><U89/><E1/><V31/><F102/><W132/><G108/><T107/><D37/><U97/><E29/><V4/><F104/><W92/><G132/><T118/><D86/><U54/><E41/><V45/><F45/><W124/><G124/><T115/><D11/><N who="3" m="4137" /><G34/><T42/><D53/><U70/><E127/><V82/><F82/><W52/><G36/><T117/><D126/><U6/><E6/><V2/><F2/><W58/><G40/><T109/><D42/><U71/><E128/><V125/><F31/><N who="3" m="17911" /><G23/><T101/><D101/><U13/><E64/><V134/><F134/><W120/><G120/><T135/><D135/><U88/><E33/><V111/><F111/><W87/><G87/><T129/><D109/><U62/><E35/><V28/><F28/><W30/><G30/><T24/><D24/><U3/><E3/><V21/><F125/><W65/><G65/><T69/><D69/><U7/><E7/><V98/><AGARI ba="0,0" hai="4,9,14,15,17,18,20,21,26,77,79,91,95,98" machi="98" ten="20,8000,1" yaku="0,1,7,1,8,1,52,2" doraHai="19" who="2" fromWho="2" sc="247,-20,260,-40,243,80,250,-20" /><INIT seed="2,0,0,1,5,81" ten="227,220,323,230" oya="2" hai0="35,127,109,10,134,17,98,70,121,101,2,56,125" hai1="96,36,74,105,25,18,4,22,42,49,20,0,9" hai2="50,14,84,114,102,57,63,129,23,64,118,68,108" hai3="27,135,58,3,126,34,90,59,116,104,117,94,124"/><V83/><F114/><W79/><G104/><T75/><D35/><U1/><E36/><V62/><F118/><N who="3" m="45675" /><G79/><T15/><D70/><U97/><E74/><V87/><F129/><W92/><G3/><T88/><D75/><U12/><E105/><V89/><F108/><W73/><G73/><T47/><D109/><U72/><E72/><V38/><F38/><W115/><G92/><N who="0" m="56583" /><D101/><U43/><E0/><V55/><F102/><W112/><G135/><T29/><D29/><U61/><E61/><V6/><F6/><W95/><G95/><T77/><D2/><U130/><E130/><V66/><F14/><W131/><G131/><T103/><D103/><U13/><E1/><V33/><F33/><W11/><G11/><T99/><D99/><N who="1" m="37963" /><E49/><V110/><F23/><W132/><G132/><T76/><D134/><U111/><E111/><V67/><F110/><W16/><G34/><T53/><D47/><U8/><E22/><V32/><F68/><W122/><G112/><T5/><D5/><AGARI ba="0,0" hai="4,5,8,9,12,13,18,20,25,42,43" m="37963" machi="5" ten="30,1000,0" yaku="8,1" doraHai="81" who="1" fromWho="0" sc="227,-10,220,10,323,0,230,0" /><INIT seed="3,0,0,0,4,28" ten="217,230,323,230" oya="3" hai0="42,2,11,4,133,108,74,127,103,30,123,49,129" hai1="111,70,23,80,36,114,120,50,13,97,94,100,73" hai2="76,26,116,48,69,44,51,45,122,31,124,43,93" hai3="126,12,99,8,34,3,17,132,61,10,60,62,86"/><W66/><G126/><T5/><D123/><U32/><E32/><V14/><F69/><W75/><G75/><T96/><D74/><U117/><E36/><V46/><F116/><W79/><G132/><T131/><D127/><U37/><E37/><V40/><F124/><W9/><G34/><T87/><D133/><U6/><E70/><V41/><F122/><W56/><G99/><T67/><D108/><U72/><E114/><V112/><F112/><W81/><REACH who="3" step="1"/><G3/><REACH who="3" ten="217,230,323,220" step="2"/><T33/><D5/><U89/><E72/><V0/><F0/><W27/><G27/><N who="0" m="18655" /><D87/><U113/><E73/><V57/><F26/><W84/><G84/><T38/><D67/><U128/><E6/><V53/><F41/><W21/><AGARI ba="0,1" hai="8,9,10,12,17,21,56,60,61,62,66,79,81,86" machi="21" ten="30,6000,0" yaku="1,1,0,1,8,1,53,0" doraHai="28" doraHaiUra="25" who="3" fromWho="3" sc="217,-20,230,-20,323,-20,220,70" /><INIT seed="3,1,0,5,2,42" ten="197,210,303,290" oya="3" hai0="87,51,55,127,71,111,56,52,99,18,122,28,30" hai1="108,90,84,114,2,110,89,38,97,11,93,107,14" hai2="98,109,75,19,113,39,23,112,120,1,10,125,25" hai3="115,59,67,80,17,86,103,101,60,46,58,94,100"/><W64/><G115/><T126/><D122/><U24/><E2/><V48/><F39/><W16/><G94/><T63/><D111/><N who="1" m="42539" /><E38/><V53/><F109/><W37/><G37/><T134/><D134/><U41/><E41/><V22/><F75/><W106/><G46/><N who="0" m="27767" /><D71/><U36/><E36/><V79/><F79/><N who="3" m="46367" /><G106/><T95/><D87/><U31/><E114/><V45/><F125/><N who="0" m="47626" /><D18/><N who="3" m="7273" /><G58/><T70/><D70/><U29/><E107/><V68/><F68/><W62/><G62/><T72/><D72/><U77/><E77/><V129/><F120/><W3/><G3/><T133/><D133/><U47/><E47/><V49/><F113/><W104/><G104/><T105/><D105/><U6/><E24/><V96/><F112/><W82/><G82/><AGARI ba="1,0" hai="6,11,14,29,31,82,84,89,90,93,97" m="42539" machi="82" ten="30,1000,0" yaku="14,1" doraHai="42" who="1" fromWho="3" sc="197,0,210,13,303,0,290,-13" owari="197,-30.3,223,-17.7,303,40.3,277,7.7" /></mjloggm>