<mjloggm ver="2.3"><GO type="225" lobby="0"/><UN n0="%E8%BE%9B%E5%8F%A3%E3%82%AB%E3%83%AC%E3%83%BC%E3%83%A9%E3%82%A4%E3%82%B9" n1="%6E%69%63%6B%6C%6F%77" n2="%E3%82%A2%E3%83%BC%E3%83%A2%E3%83%AD%E3%83%BC%E3%83%B4%E3%82%A1" n3="%E6%80%AA%E3%81%97%E3%81%99%E3%81%8E%E3%82%8B%E3%83%81%E3%83%BC" dan="16,16,16,16" rate="2191.63,2100.46,2185.38,2109.75" sx="M,F,M,M"/><TAIKYOKU oya="0"/><INIT seed="0,0,0,4,1,3" ten="250,250,250,250" oya="0" hai0="102,80,37,42,124,116,100,88,96,87,89,61,4" hai1="69,60,101,2,43,93,45,25,79,10,105,17,113" hai2="90,128,18,75,27,91,99,28,77,16,70,82,86" hai3="121,7,49,51,94,115,131,59,135,32,21,5,58"/><T66/><D116/><U15/><E113/><V125/><F128/><W127/><G32/><T20/><D124/><U109/><E109/><V8/><F70/><W31/><G115/><T97/><D37/><U53/><E105/><V30/><F125/><W55/><G127/><T78/><D42/><U56/><E69/><V130/><F130/><W76/><G131/><T71/><D20/><U13/><E79/><V33/><F30/><W14/><G135/><T117/><D117/><U26/><E2/><V65/><F65/><W41/><G121/><T120/><D120/><U34/><E34/><V67/><F67/><W46/><G76/><T108/><D108/><U12/><E12/><V104/><F8/><W40/><G40/><T63/><D63/><U73/><E73/><V38/><F38/><W0/><G0/><T95/><REACH who="0" step="1"/><D4/><REACH who="0" ten="240,250,250,250" step="2"/><U22/><E101/><N who="2" m="62527" /><F91/><W72/><G7/><T1/><D1/><U92/><E26/><V98/><F98/><W83/><G5/><T57/><D57/><U74/><E74/><V112/><F112/><W62/><G59/><T35/><D35/><U44/><E15/><V119/><F119/><W54/><G14/><T81/><D81/><U6/><REACH who="1" step="1"/><E45/><REACH who="1" ten="240,240,250,250" step="2"/><V24/><F24/><W133/><G72/><T134/><D134/><U68/><E68/><V111/><F111/><W114/><G133/><T23/><D23/><U29/><E29/><V64/><F33/><W48/><G114/><T9/><D9/><U122/><E122/><V36/><F28/><W118/><G31/><T52/><D52/><U84/><E84/><V19/><F86/><RYUUKYOKU ba="0,2" sc="240,15,240,15,250,-15,250,-15" hai0="61,66,71,78,80,87,88,89,95,96,97,100,102" hai1="6,10,13,17,22,25,43,44,53,56,60,92,93" /><INIT seed="0,1,2,3,2,93" ten="255,255,235,235" oya="0" hai0="74,38,120,5,127,22,129,24,63,12,89,44,119" hai1="26,105,0,31,48,2,9,84,86,20,101,125,133" hai2="135,85,25,128,7,88,90,114,82,98,32,46,50" hai3="47,66,121,43,130,55,79,96,62,132,18,42,19"/><T60/><D119/><U28/><E0/><V110/><F114/><W51/><G132/><T23/><D120/><U53/><E133/><V8/><F135/><W30/><G121/><T99/><D127/><U107/><E125/><V36/><F36/><W71/><G130/><T21/><D129/><U113/><E113/><V39/><F39/><W52/><G30/><T1/><D1/><U69/><E69/><V41/><F128/><W122/><G122/><T83/><D74/><U77/><E31/><V92/><F110/><W6/><G6/><T118/><D118/><U70/><E70/><V45/><F45/><W15/><G79/><T4/><D24/><U56/><E77/><V73/><F73/><W68/><G68/><T106/><D106/><U97/><REACH who="1" step="1"/><E107/><REACH who="1" ten="255,245,235,235" step="2"/><V33/><REACH who="2" step="1"/><F25/><REACH who="2" ten="255,245,225,235" step="2"/><W72/><G71/><T61/><D38/><U103/><E103/><V117/><F117/><W109/><G109/><T95/><D44/><U116/><E116/><V91/><F91/><W35/><G47/><T16/><REACH who="0" step="1"/><D83/><REACH who="0" ten="245,245,225,235" step="2"/><U124/><E124/><V29/><F29/><W131/><G131/><T40/><D40/><U94/><E94/><V100/><F100/><W11/><G42/><T134/><D134/><U27/><E27/><V87/><F87/><W81/><G43/><T64/><D64/><U75/><E75/><V59/><F59/><W58/><G66/><T57/><D57/><U111/><E111/><V34/><F34/><W14/><G35/><T76/><D76/><U115/><E115/><V80/><F80/><W67/><G81/><T65/><D65/><U3/><E3/><AGARI ba="1,5" hai="3,7,8,32,33,41,46,50,82,85,88,90,92,98" machi="3" ten="30,8000,1" yaku="1,1,6,1,7,1,52,1,54,1,53,0" doraHai="93" doraHaiUra="108" who="2" fromWho="1" sc="245,0,245,-83,225,133,235,0" /><INIT seed="1,0,0,0,4,1" ten="245,162,358,235" oya="1" hai0="34,0,2,77,7,114,60,75,98,81,113,96,32" hai1="129,59,72,69,49,89,83,25,47,52,85,50,131" hai2="93,27,22,61,94,67,92,128,99,41,17,121,46" hai3="24,80,62,86,56,28,26,125,130,73,97,95,37"/><U105/><E105/><V53/><F128/><W31/><G37/><T36/><D60/><U127/><E69/><V90/><F121/><W82/><G73/><T39/><D96/><U44/><E72/><V74/><F74/><W21/><G125/><T57/><D57/><U78/><E127/><V68/><F53/><W11/><G11/><N who="0" m="2535" /><D98/><U23/><E78/><V122/><F122/><W104/><G104/><T76/><D76/><U123/><E123/><V112/><F112/><N who="0" m="43114" /><D2/><U103/><E103/><V13/><F13/><W58/><G130/><N who="1" m="49674" /><E50/><AGARI ba="0,0" hai="17,22,27,41,46,50,61,67,68,90,92,93,94,99" machi="50" ten="30,1000,0" yaku="7,1" doraHai="1" who="2" fromWho="1" sc="245,0,162,-10,358,10,235,0" /><INIT seed="2,0,0,5,5,60" ten="245,152,368,235" oya="2" hai0="94,57,39,119,105,2,76,128,0,53,92,125,61" hai1="23,73,114,77,41,113,133,35,104,50,63,20,70" hai2="32,78,112,98,34,72,97,129,120,95,85,13,118" hai3="1,84,8,107,74,14,71,126,26,44,55,108,124"/><V81/><F112/><W36/><G74/><T17/><D105/><U24/><E133/><V88/><F118/><W5/><G107/><T30/><D125/><N who="3" m="48233" /><G108/><T65/><D128/><U37/><E104/><V135/><F120/><W6/><G71/><T47/><D119/><U134/><E134/><V31/><F135/><W4/><G1/><T123/><D123/><U52/><E35/><V22/><F129/><W15/><G26/><T28/><D76/><U9/><E20/><V59/><F59/><W69/><G69/><T131/><D131/><U80/><E9/><V43/><F43/><N who="3" m="22631" /><G8/><T10/><D0/><U89/><E37/><V86/><F72/><W79/><G55/><T115/><D39/><U12/><E12/><V58/><F58/><W132/><G132/><T33/><D33/><U48/><E48/><V18/><F34/><W25/><G25/><T51/><D115/><U99/><E41/><V93/><F32/><W111/><G111/><T56/><D56/><U82/><E70/><V106/><F106/><W127/><G127/><T66/><D66/><U21/><E21/><V62/><F31/><N who="0" m="11818" /><D2/><U75/><E75/><V110/><F110/><W91/><G79/><T116/><D116/><U40/><E40/><V122/><F122/><W90/><G90/><T49/><D49/><U11/><E11/><V54/><F78/><W45/><G45/><T100/><D100/><U7/><E50/><V103/><F103/><W3/><G3/><T117/><D117/><U68/><E114/><V109/><F109/><W64/><G64/><T130/><D130/><U87/><E113/><RYUUKYOKU ba="0,0" sc="245,15,152,-15,368,-15,235,15" hai0="10,17,47,51,53,57,61,65,92,94" hai3="4,5,6,14,15,84,91" /><INIT seed="3,1,0,2,5,110" ten="260,137,353,250" oya="3" hai0="13,108,2,10,82,27,84,79,61,106,50,42,64" hai1="95,58,91,119,99,18,60,87,109,123,134,88,56" hai2="72,69,54,81,40,15,70,33,51,0,63,45,118" hai3="53,52,112,11,26,97,71,43,6,5,34,48,28"/><W22/><G112/><T30/><D106/><U57/><E123/><V39/><F33/><W113/><G113/><T93/><D108/><U102/><E134/><V19/><F0/><W38/><G71/><T126/><D126/><U21/><E109/><V3/><F3/><W135/><G135/><T25/><D2/><U20/><E119/><V8/><F118/><W101/><G34/><T74/><D74/><U14/><E21/><V92/><F92/><N who="3" m="58535" /><G38/><T104/><D104/><U115/><E115/><V94/><F94/><W89/><G89/><T62/><D93/><U116/><E116/><V100/><F100/><W132/><G132/><T103/><D103/><U44/><E44/><V120/><F120/><W75/><G75/><T96/><D96/><U23/><E60/><N who="0" m="23145" /><D64/><U9/><E87/><V59/><F39/><W4/><G11/><T24/><D30/><U77/><E77/><V90/><F72/><W68/><G68/><T17/><D50/><U80/><E80/><V86/><AGARI ba="1,0" hai="8,15,19,40,45,51,54,59,63,69,70,81,86,90" machi="86" ten="30,1100,0" yaku="0,1" doraHai="110" who="2" fromWho="2" sc="260,-4,137,-4,353,14,250,-6" owari="256,5.6,133,-36.7,367,46.7,244,-15.6" /></mjloggm>