<mjloggm ver="2.3"><GO type="225" lobby="0"/><UN n0="%E3%82%B3%E3%83%90%E3%83%AC%E3%82%A4" n1="%E3%81%A4%E3%81%A3%E3%81%B1%E3%82%8A%E3%83%9D%E3%83%BC%E3%83%AB" n2="%33%74%72%65%65" n3="%4C%4F%4C%49%54%41" dan="16,17,16,16" rate="2084.65,2242.76,2148.07,2174.23" sx="M,M,F,F"/><TAIKYOKU oya="0"/><INIT seed="0,0,0,1,5,42" ten="250,250,250,250" oya="0" hai0="127,39,26,36,100,75,91,102,12,9,38,64,32" hai1="103,51,56,116,55,27,2,80,98,59,5,96,67" hai2="85,120,86,83,130,71,7,87,48,110,3,78,53" hai3="17,118,129,89,50,107,125,109,135,113,37,79,112"/><T31/><D75/><U126/><E116/><V131/><F120/><W30/><G37/><T0/><D0/><U82/><E126/><V63/><F110/><W54/><G118/><T21/><D127/><U65/><E2/><V11/><F63/><W73/><G125/><T70/><D32/><U81/><E5/><V40/><F40/><W76/><G30/><T84/><D64/><N who="1" m="24651" /><E27/><V88/><F71/><W43/><G43/><T101/><D70/><U41/><E41/><V62/><F62/><W106/><G17/><T15/><REACH who="0" step="1"/><D9/><REACH who="0" ten="240,250,250,250" step="2"/><U108/><E108/><V74/><F130/><W18/><G129/><T29/><D29/><U124/><E124/><V34/><F131/><W23/><G109/><T92/><AGARI ba="0,1" hai="12,15,21,26,31,36,38,39,84,91,92,100,101,102" machi="92" ten="40,3900,0" yaku="1,1,0,1,53,0" doraHai="42" doraHaiUra="104" who="0" fromWho="0" sc="240,49,250,-13,250,-13,250,-13" /><INIT seed="0,1,0,1,3,105" ten="289,237,237,237" oya="0" hai0="65,83,61,46,98,37,26,95,113,7,78,4,84" hai1="63,42,1,103,131,127,132,81,2,22,75,125,107" hai2="64,6,59,102,79,96,71,87,117,16,10,126,25" hai3="20,53,86,36,41,60,93,110,35,114,94,92,27"/><T5/><D113/><U49/><E132/><V104/><F126/><N who="1" m="48137" /><E131/><V69/><F117/><W74/><G114/><T29/><D37/><U108/><E108/><V88/><F79/><W55/><G35/><T8/><D46/><N who="1" m="25815" /><E22/><V62/><F25/><W70/><G110/><T33/><D8/><U85/><E63/><V100/><F100/><W48/><G36/><T47/><D47/><U90/><E75/><V34/><F34/><W118/><G118/><T54/><D54/><U134/><E134/><V77/><F77/><W24/><G74/><T99/><REACH who="0" step="1"/><D95/><REACH who="0" ten="279,237,237,237" step="2"/><U66/><E66/><V14/><REACH who="2" step="1"/><F6/><REACH who="2" ten="279,237,227,237" step="2"/><W121/><G121/><T76/><D76/><U109/><E109/><V123/><F123/><W67/><G94/><AGARI ba="1,2" hai="10,14,16,59,62,64,69,71,87,88,94,96,102,104" machi="94" ten="30,7700,0" yaku="1,1,7,1,54,2,53,0" doraHai="105" doraHaiUra="28" who="2" fromWho="3" sc="279,0,237,0,227,100,237,-80" /><INIT seed="1,0,0,1,4,18" ten="279,237,327,157" oya="1" hai0="29,114,75,135,70,51,77,43,65,31,129,97,10" hai1="132,37,5,99,102,90,53,109,42,71,86,0,93" hai2="2,8,19,23,94,28,127,33,123,120,47,48,73" hai3="1,125,59,111,35,134,58,6,119,80,133,107,124"/><U76/><E71/><V13/><F73/><W112/><G107/><T104/><D114/><U82/><E132/><N who="3" m="50794" /><G35/><T88/><D129/><U11/><E109/><V121/><F127/><N who="3" m="48715" /><G112/><T95/><D104/><U130/><E130/><V27/><F94/><W116/><G1/><T117/><D117/><N who="3" m="45129" /><G6/><T103/><D103/><U87/><E53/><N who="2" m="29855" /><F121/><W57/><G80/><T56/><D135/><U72/><E102/><V66/><F66/><W24/><G24/><T105/><D105/><U108/><E108/><AGARI ba="0,0" hai="57,58,59,108,111" m="45129,48715,50794" machi="108" ten="40,12000,2" yaku="28,2,20,1,18,1,12,1,34,2" doraHai="18" who="3" fromWho="1" sc="279,0,237,-120,327,0,157,120" /><INIT seed="2,0,0,1,1,87" ten="279,117,327,277" oya="2" hai0="2,11,121,110,64,96,19,65,0,115,102,17,35" hai1="74,88,30,62,44,81,21,57,103,118,29,105,123" hai2="122,46,34,18,42,85,117,92,25,91,112,41,83" hai3="130,66,15,58,135,108,80,98,106,55,99,60,95"/><V12/><F112/><W101/><G108/><T77/><D115/><U71/><E71/><V48/><F117/><W40/><G130/><T33/><D77/><U39/><E118/><V51/><F122/><W84/><G135/><T22/><D102/><U86/><E123/><V109/><F109/><W69/><G40/><N who="2" m="15465" /><F34/><N who="0" m="12810" /><D65/><U52/><E74/><V49/><F25/><W8/><G98/><T31/><D96/><U26/><E39/><V133/><F133/><W37/><G37/><T107/><D64/><U67/><E105/><V24/><F24/><W9/><G15/><N who="0" m="7423" /><D107/><U73/><E73/><V93/><F46/><W43/><G43/><T3/><D121/><U6/><E6/><V32/><F32/><W94/><G94/><T128/><D110/><U1/><E1/><V72/><F72/><W20/><G20/><AGARI ba="0,0" hai="12,18,20,48,49,51,83,85,91,92,93" m="15465" machi="20" ten="30,2900,0" yaku="8,1,52,1" doraHai="87" who="2" fromWho="3" sc="279,0,117,0,327,29,277,-29" /><INIT seed="2,1,0,5,0,6" ten="279,117,356,248" oya="2" hai0="1,55,17,33,2,11,120,99,51,31,113,84,50" hai1="80,67,90,98,70,26,13,20,132,28,62,83,131" hai2="104,124,29,43,4,14,117,128,59,126,75,0,54" hai3="24,110,107,123,27,49,7,100,30,114,78,97,105"/><V91/><F117/><W21/><G110/><T36/><D36/><U39/><E132/><V45/><F75/><W92/><G114/><T108/><D113/><U82/><E131/><V115/><F104/><W34/><G123/><T81/><D108/><U109/><E109/><V22/><F128/><W87/><G7/><T15/><D120/><U71/><E39/><V32/><F91/><W106/><G49/><T73/><D73/><U94/><E13/><V134/><F45/><W47/><G47/><T102/><D51/><U74/><E74/><V88/><F43/><W3/><G3/><T93/><D31/><U46/><REACH who="1" step="1"/><E46/><REACH who="1" ten="279,107,356,248" step="2"/><V5/><F14/><W41/><G24/><T125/><D125/><U64/><E64/><V121/><F126/><W42/><G27/><T66/><D66/><U86/><E86/><V68/><F134/><W135/><G135/><T89/><D33/><U53/><E53/><V56/><F54/><W111/><G34/><T77/><D77/><U76/><E76/><V65/><F32/><W38/><G111/><T61/><D61/><U101/><E101/><V44/><F65/><W69/><G38/><T40/><D40/><U35/><E35/><V57/><F44/><AGARI ba="1,1" hai="1,2,11,15,17,44,50,55,81,84,89,93,99,102" machi="44" ten="30,7700,0" yaku="7,1,25,2,52,1" doraHai="6" who="0" fromWho="2" sc="279,90,107,0,356,-80,248,0" /><INIT seed="3,0,0,0,4,23" ten="369,107,276,248" oya="3" hai0="40,115,114,60,79,7,17,0,41,72,14,96,104" hai1="44,38,42,133,73,132,31,59,109,135,55,125,27" hai2="34,123,9,11,28,106,71,127,76,63,45,84,39" hai3="74,81,25,131,119,117,129,49,35,36,13,51,110"/><W99/><G36/><T3/><D79/><U118/><E109/><V1/><F123/><W85/><G74/><T122/><D72/><U19/><E73/><V22/><F106/><W53/><G110/><T54/><D122/><U69/><E19/><V5/><F127/><W94/><G13/><T18/><D18/><U120/><E120/><V124/><F124/><W108/><G108/><T126/><D54/><U56/><E125/><V107/><F107/><W52/><G51/><T61/><D61/><U91/><E91/><V90/><F76/><N who="3" m="46247" /><G117/><T75/><D60/><U16/><E118/><V130/><F34/><W57/><G53/><T10/><D75/><U80/><E80/><V6/><F39/><W50/><G50/><T4/><D126/><U21/><E69/><V29/><F63/><W30/><G119/><T37/><D7/><U121/><E121/><V82/><F71/><W89/><G35/><T12/><D3/><U77/><E77/><V58/><F58/><W112/><G112/><N who="0" m="43051" /><D37/><U47/><E47/><V83/><F45/><W2/><G2/><T26/><D0/><U92/><E92/><V43/><F1/><W98/><G98/><T128/><D41/><U32/><REACH who="1" step="1"/><E55/><REACH who="1" ten="369,97,276,248" step="2"/><V88/><F82/><W67/><G94/><T46/><D104/><U48/><E48/><V100/><F83/><W68/><G89/><T33/><D40/><U20/><E20/><V134/><F43/><W97/><G68/><T86/><D4/><U24/><AGARI ba="0,1" hai="16,21,24,27,31,32,38,42,44,56,59,132,133,135" machi="24" ten="40,12000,2" yaku="1,1,0,1,20,1,52,2,54,1,53,0" doraHai="23" doraHaiUra="66" who="1" fromWho="1" sc="369,-30,97,130,276,-30,248,-60" owari="339,43.9,227,-17.3,246,4.6,188,-31.2" /></mjloggm>