<mjloggm ver="2.3"><GO type="225" lobby="0"/><UN n0="%E3%81%AF%E3%82%88%E3%81%8A%E3%81%98%E3%81%95%E3%82%93" n1="%72%69%6F%75%63%68%61%6E" n2="%E3%81%B7%E3%82%8A%E3%82%93%E8%81%96%E4%BA%BA" n3="%6A%79%75%6E%6F%68" dan="16,17,16,16" rate="2144.87,2275.44,2151.81,2119.98" sx="M,M,M,M"/><TAIKYOKU oya="0"/><INIT seed="0,0,0,0,5,132" ten="250,250,250,250" oya="0" hai0="28,38,71,95,100,60,135,63,73,23,13,103,120" hai1="56,80,91,68,133,46,67,89,75,19,109,111,123" hai2="85,115,47,87,11,0,3,59,43,82,102,128,17" hai3="48,54,20,5,16,29,74,24,9,10,32,108,113"/><T42/><D120/><U70/><E133/><V6/><F115/><W64/><G113/><T97/><D135/><U40/><E123/><V105/><F3/><W44/><G108/><N who="1" m="41546" /><E56/><V25/><F105/><W21/><G74/><T53/><D73/><U129/><E129/><V1/><F1/><W125/><G125/><T84/><D38/><U112/><E112/><V51/><F102/><W52/><G64/><T2/><D2/><U86/><E75/><V58/><F85/><W39/><G39/><T130/><D130/><U98/><E67/><V18/><F128/><W99/><G99/><T106/><D42/><U66/><E66/><V8/><F8/><W76/><G76/><T35/><D71/><N who="1" m="27179" /><E19/><V31/><F18/><W14/><REACH who="3" step="1"/><G54/><REACH who="3" ten="250,250,250,240" step="2"/><T27/><D53/><U119/><E98/><V77/><F17/><W134/><G134/><T41/><D41/><U36/><E119/><V65/><F65/><W45/><G45/><T127/><D127/><U116/><E116/><V12/><REACH who="2" step="1"/><F0/><AGARI ba="0,1" hai="0,5,9,10,14,16,20,21,24,29,32,44,48,52" machi="0" ten="30,8000,1" yaku="1,1,7,1,54,2,53,1" doraHai="132" doraHaiUra="30" who="3" fromWho="2" sc="250,0,250,0,250,-80,240,90" /><INIT seed="1,0,0,3,3,103" ten="250,250,170,330" oya="1" hai0="134,43,31,82,4,32,26,41,17,118,19,76,87" hai1="33,101,89,20,112,74,42,58,40,78,65,2,102" hai2="133,36,39,12,29,59,30,114,83,111,60,119,131" hai3="46,52,110,25,115,61,50,8,66,127,135,70,10"/><U86/><E112/><V45/><F119/><W90/><G115/><T51/><D118/><U23/><E33/><V96/><F114/><W120/><G120/><T5/><D134/><U95/><E2/><V81/><F133/><W107/><G135/><T0/><D0/><U18/><E20/><V16/><F131/><W55/><G110/><T21/><D19/><U73/><E74/><V122/><F122/><W100/><G127/><T93/><D93/><U126/><E126/><V113/><F111/><W56/><G90/><T130/><D130/><U38/><E73/><V132/><F132/><W80/><G80/><T54/><D4/><U57/><E78/><V48/><F39/><W44/><G25/><T116/><D5/><U64/><E57/><V11/><F96/><W77/><G77/><T3/><D3/><U37/><E37/><V28/><F36/><W129/><G129/><T34/><D116/><U71/><E71/><V105/><F105/><W72/><G72/><T97/><D97/><U98/><E102/><V108/><F108/><W117/><G117/><T1/><D1/><U35/><E35/><V62/><F62/><W47/><G55/><T128/><D128/><U99/><E99/><V69/><F69/><W106/><REACH who="3" step="1"/><G100/><REACH who="3" ten="250,250,170,320" step="2"/><T88/><D76/><U123/><E123/><V91/><F91/><W63/><G63/><T22/><D32/><U109/><E109/><V125/><F125/><W68/><G68/><T27/><D34/><U75/><E101/><V84/><F113/><W13/><G13/><T6/><D6/><U92/><E89/><V121/><F121/><RYUUKYOKU ba="0,1" sc="250,15,250,-15,170,-15,320,15" hai0="17,21,22,26,27,31,41,43,51,54,82,87,88" hai3="8,10,44,46,47,50,52,56,61,66,70,106,107" /><INIT seed="2,1,1,0,1,5" ten="265,235,155,335" oya="2" hai0="71,43,49,106,128,102,99,80,126,121,101,34,127" hai1="41,68,135,87,134,116,9,60,118,115,107,94,46" hai2="88,64,129,10,30,98,93,28,122,53,37,66,123" hai3="16,35,19,40,12,103,13,50,69,47,31,14,112"/><V20/><F37/><W72/><G72/><T110/><D110/><U18/><E107/><V82/><F129/><W33/><G69/><T65/><D121/><U74/><E74/><V77/><F122/><W36/><G112/><T84/><D34/><U61/><E115/><V29/><F20/><W2/><G2/><T56/><D102/><U114/><E114/><V45/><F123/><W55/><G103/><T11/><D128/><U42/><E94/><V27/><F27/><W32/><REACH who="3" step="1"/><G31/><REACH who="3" ten="265,235,155,325" step="2"/><T133/><D101/><U17/><E68/><V86/><REACH who="2" step="1"/><F10/><REACH who="2" ten="265,235,145,325" step="2"/><W59/><AGARI ba="1,3" hai="12,13,14,16,19,32,33,35,36,40,47,50,55,59" machi="59" ten="40,8000,1" yaku="1,1,2,1,0,1,54,1,53,1" doraHai="5" doraHaiUra="39" who="3" fromWho="3" sc="265,-21,235,-21,145,-41,325,113" /><INIT seed="3,0,0,4,0,12" ten="244,214,104,438" oya="3" hai0="59,99,21,124,36,106,17,1,132,94,38,122,20" hai1="2,83,11,58,60,49,48,30,64,34,88,68,3" hai2="118,112,76,26,43,97,39,105,104,16,27,54,57" hai3="18,13,52,90,50,7,91,5,71,92,78,117,53"/><W47/><G117/><T135/><D122/><U108/><E108/><V125/><F118/><W42/><G71/><T51/><D124/><U6/><E2/><V66/><F125/><W120/><G78/><T70/><D70/><U65/><E34/><V116/><F116/><W15/><G90/><T100/><D1/><U107/><E30/><V72/><F66/><W45/><G15/><N who="0" m="9279" /><D21/><U25/><E25/><V82/><F39/><W56/><G53/><N who="0" m="32191" /><D106/><U32/><E107/><V103/><F43/><W9/><G45/><T93/><D94/><U81/><E32/><V110/><F110/><W128/><G128/><T113/><D113/><U74/><E74/><V129/><F129/><W95/><G95/><T10/><D10/><U109/><E109/><V37/><F37/><W121/><G121/><T101/><D100/><U75/><E75/><V63/><F104/><W8/><G8/><T69/><D69/><U133/><E133/><AGARI ba="0,0" hai="36,38,93,99,101,132,133,135" m="32191,9279" machi="133" ten="30,2000,0" yaku="20,1,52,1" doraHai="12" who="0" fromWho="1" sc="244,20,214,-20,104,0,438,0" owari="264,6.4,194,-20.6,104,-39.6,438,53.8" /></mjloggm>