<mjloggm ver="2.3"><GO type="225" lobby="0"/><UN n0="%E3%81%9F%E3%81%93%E2%98%86%E7%84%BC%E3%81%8D" n1="%E3%81%A1%E3%82%85%E3%81%86%E3%81%A9%E3%81%8F%E8%B1%A1%E3%81%95%E3%82%93" n2="%74%61%6B%75%61%6B%61" n3="%E5%AE%AE%E4%BF%9D%E9%B6%8F%E8%82%89" dan="16,17,17,16" rate="2105.24,2193.88,2223.82,2111.77" sx="M,M,M,M"/><TAIKYOKU oya="0"/><INIT seed="0,0,0,2,2,88" ten="250,250,250,250" oya="0" hai0="113,117,79,64,128,22,55,33,91,87,68,44,129" hai1="61,6,107,58,54,62,74,77,46,98,103,132,41" hai2="49,111,40,112,70,119,3,99,115,93,25,83,23" hai3="29,94,66,89,127,39,11,28,32,14,60,21,92"/><T122/><D33/><U90/><E132/><V125/><F111/><W81/><G39/><T97/><D113/><U0/><E90/><V53/><F125/><W35/><G127/><T65/><D117/><U105/><E105/><V7/><F70/><W10/><G21/><T15/><D68/><U120/><E120/><V75/><F40/><W9/><G14/><T104/><D79/><U116/><E116/><V85/><F75/><W82/><G89/><T126/><D122/><U47/><E62/><V38/><F38/><W133/><G133/><T57/><D44/><U24/><E24/><V59/><F119/><W84/><G84/><T42/><D42/><U121/><E121/><V50/><F50/><W63/><G10/><T16/><D104/><U78/><E74/><V86/><F7/><W36/><G36/><T2/><D97/><U72/><E72/><V13/><F13/><W37/><G37/><T131/><D2/><U51/><REACH who="1" step="1"/><E46/><REACH who="1" ten="250,240,250,250" step="2"/><V73/><F73/><W96/><G96/><T106/><D106/><U12/><E12/><V108/><F112/><W45/><G45/><T4/><D126/><U114/><E114/><V134/><F115/><W52/><G52/><T20/><D4/><U123/><E123/><V30/><F134/><W69/><G69/><T109/><D109/><U27/><E27/><V67/><F53/><W76/><G76/><T110/><D110/><U26/><E26/><V80/><F25/><W56/><G56/><T135/><D135/><U43/><E43/><V18/><F59/><W71/><G71/><T48/><D20/><U17/><E17/><RYUUKYOKU ba="0,1" sc="250,10,240,10,250,-30,250,10" hai0="15,16,22,48,55,57,64,65,87,91,128,129,131" hai1="0,6,41,47,51,54,58,61,77,78,98,103,107" hai3="9,11,28,29,32,35,60,63,66,81,82,92,94" /><INIT seed="0,1,1,3,1,48" ten="260,250,220,260" oya="0" hai0="85,92,46,25,129,120,88,79,24,36,30,66,51" hai1="55,6,28,87,98,107,47,103,116,70,63,34,69" hai2="14,61,128,124,125,37,8,104,9,93,12,83,10" hai3="3,112,111,90,43,78,60,4,117,23,26,16,74"/><T127/><D120/><U11/><E116/><V50/><F104/><W27/><G112/><T109/><D36/><U130/><E130/><V91/><F37/><W99/><G117/><T38/><D38/><U7/><E7/><V21/><F128/><W17/><G111/><T54/><D129/><U102/><E102/><V96/><F61/><W18/><G43/><T89/><D66/><U1/><E87/><V73/><F50/><W113/><G113/><T135/><D127/><N who="2" m="48714" /><F21/><W31/><G27/><T57/><D135/><U86/><E86/><N who="2" m="50655" /><F73/><W68/><G74/><T62/><D30/><U84/><E84/><V32/><F32/><W126/><G78/><T0/><D0/><U134/><E134/><V20/><F20/><W80/><G126/><T131/><D79/><U29/><E29/><V81/><F81/><W2/><G80/><N who="0" m="49191" /><D109/><U97/><E97/><V118/><F118/><W15/><G68/><T95/><D131/><U56/><REACH who="1" step="1"/><E47/><REACH who="1" ten="260,240,220,260" step="2"/><V65/><F65/><W82/><G82/><T72/><D72/><U77/><E77/><V35/><F35/><W64/><G99/><T115/><D115/><U49/><E49/><V106/><F106/><W114/><G114/><T94/><D89/><AGARI ba="1,2" hai="8,9,10,12,14,89,93,96" m="50655,48714" machi="89" ten="30,1000,0" yaku="18,1" doraHai="48" who="2" fromWho="0" sc="260,-13,240,0,220,33,260,0" /><INIT seed="1,0,0,4,3,44" ten="247,240,253,260" oya="1" hai0="99,33,23,6,118,124,93,32,88,13,22,63,60" hai1="3,131,114,2,18,70,61,98,129,67,106,135,14" hai2="69,25,108,1,89,57,115,51,17,105,92,66,134" hai3="64,113,9,109,34,71,27,102,0,7,29,11,5"/><U75/><E114/><V46/><F105/><W36/><G113/><T52/><D118/><U37/><E37/><V82/><F108/><W53/><G109/><T80/><D32/><U59/><E75/><V120/><F120/><W94/><G53/><T122/><D33/><U121/><E121/><V56/><F115/><W132/><G132/><T68/><D68/><U77/><E77/><V103/><F1/><N who="3" m="175" /><G94/><T97/><D97/><U78/><E78/><V15/><F25/><W79/><G102/><T72/><D124/><U127/><E127/><V43/><F134/><W83/><G83/><T111/><D80/><U19/><E135/><V100/><F69/><W123/><G79/><T87/><D72/><U48/><E18/><V96/><F66/><W104/><G123/><T119/><D119/><U12/><E12/><V73/><F73/><W10/><G10/><N who="0" m="4311" /><D122/><U84/><E84/><N who="2" m="50327" /><F103/><W101/><G36/><T65/><D65/><U125/><E98/><V41/><F41/><W117/><G117/><T45/><D99/><U35/><E35/><V126/><F126/><W130/><G130/><N who="1" m="49674" /><E106/><V20/><AGARI ba="0,0" hai="15,17,20,43,46,51,56,57,92,96,100" m="50327" machi="20" ten="30,2000,0" yaku="8,1,52,1" doraHai="44" who="2" fromWho="2" sc="247,-5,240,-10,253,20,260,-5" /><INIT seed="2,0,0,2,4,42" ten="242,230,273,255" oya="2" hai0="45,124,65,3,112,92,2,76,123,38,18,12,89" hai1="75,16,24,134,87,118,43,126,9,23,110,13,66" hai2="131,44,85,33,53,128,100,81,64,21,46,122,107" hai3="61,94,121,29,117,7,10,101,114,62,60,57,31"/><V102/><F33/><W26/><G117/><T22/><D112/><U0/><E118/><V70/><F122/><W120/><G114/><T5/><D124/><U115/><E115/><V1/><F1/><W129/><G129/><N who="2" m="49737" /><F107/><W51/><G121/><T27/><D65/><U91/><E75/><V90/><F21/><W6/><G120/><T78/><D123/><U125/><E110/><V48/><F64/><W74/><G74/><T37/><D37/><U113/><E113/><V103/><F70/><W59/><G51/><T41/><D2/><U111/><E111/><V67/><F67/><W69/><G69/><T106/><D106/><U15/><E66/><V95/><F81/><W4/><G10/><T97/><D3/><U50/><E134/><V56/><AGARI ba="0,0" hai="44,46,48,53,56,85,90,95,100,102,103" m="49737" machi="56" ten="30,6000,0" yaku="19,1,52,2" doraHai="42" who="2" fromWho="2" sc="242,-20,230,-20,273,60,255,-20" /><INIT seed="2,1,0,5,1,84" ten="222,210,333,235" oya="2" hai0="76,132,103,3,75,55,81,70,40,102,30,34,128" hai1="10,38,24,60,95,56,90,82,131,125,111,116,6" hai2="21,107,126,106,97,28,36,33,108,18,86,121,9" hai3="47,26,79,14,105,72,114,134,63,42,127,93,87"/><V17/><F36/><W35/><G105/><T46/><D3/><U104/><E116/><V7/><F121/><W65/><G134/><T135/><D70/><U129/><E38/><V13/><F17/><W0/><G0/><T61/><D128/><U57/><E104/><V43/><F43/><W53/><G127/><T85/><D30/><U96/><E125/><V112/><F112/><W64/><G72/><T4/><D4/><U19/><E82/><V100/><F108/><W15/><G114/><T5/><D5/><U130/><E111/><V20/><F20/><W29/><G53/><T37/><D34/><U99/><E99/><V25/><F86/><W119/><G64/><T44/><D75/><U27/><E19/><V48/><F48/><W39/><G119/><T74/><D74/><U98/><E98/><V22/><F22/><W49/><G39/><T52/><D61/><U123/><E123/><V51/><F51/><W2/><G2/><T91/><D76/><U8/><E8/><V31/><F31/><W78/><G78/><T73/><D73/><U12/><REACH who="1" step="1"/><E57/><REACH who="1" ten="222,200,333,235" step="2"/><V67/><F107/><W71/><G93/><T124/><D124/><U120/><E120/><V54/><F9/><W68/><G71/><T11/><D11/><U32/><E32/><V80/><F33/><W110/><G110/><T115/><D115/><U117/><E117/><V133/><F18/><W94/><G94/><T92/><D92/><U16/><E16/><V50/><F106/><W83/><AGARI ba="1,1" hai="14,15,26,29,35,42,47,49,63,65,68,79,83,87" machi="83" ten="30,1100,0" yaku="0,1" doraHai="84" who="3" fromWho="3" sc="222,-4,200,-4,333,-6,235,24" /><INIT seed="3,0,0,1,3,52" ten="218,196,327,259" oya="3" hai0="31,85,70,39,110,14,109,119,112,100,111,44,21" hai1="45,43,127,50,13,124,20,65,94,46,7,42,101" hai2="92,113,55,38,90,129,15,69,95,89,105,2,102" hai3="81,128,60,17,61,134,107,54,32,9,62,58,82"/><W41/><G107/><T130/><D70/><U131/><E131/><V53/><F2/><W56/><G32/><T93/><D130/><U4/><E65/><V122/><F38/><W26/><G134/><T125/><D119/><U49/><E20/><V117/><F69/><W77/><G41/><N who="0" m="22591" /><D112/><U118/><E118/><V67/><F67/><W23/><G128/><T34/><D34/><U48/><E48/><V5/><F92/><W84/><G9/><T64/><D64/><U22/><E22/><V35/><F95/><W16/><G17/><N who="0" m="10423" /><D125/><U63/><E63/><V57/><F105/><W132/><G132/><T11/><D11/><U114/><E114/><V115/><F117/><W10/><G54/><T12/><D12/><U79/><E79/><V104/><F53/><W83/><G10/><T135/><D135/><U1/><E13/><V36/><F55/><W71/><G71/><T133/><D133/><U121/><E121/><V116/><F122/><W91/><G77/><T19/><D19/><U73/><E73/><V27/><F129/><W80/><AGARI ba="0,0" hai="16,23,26,56,58,60,61,62,80,81,82,83,84,91" machi="80" ten="30,12000,1" yaku="0,1,8,1,52,2,54,1" doraHai="52" who="3" fromWho="3" sc="218,-40,196,-40,327,-40,259,120" owari="178,-22.2,156,-34.4,287,8.7,379,47.9" /></mjloggm>