<mjloggm ver="2.3"><GO type="225" lobby="0"/><UN n0="%E3%81%AF%E3%82%88%E3%81%8A%E3%81%98%E3%81%95%E3%82%93" n1="%E3%81%86%E3%82%8B%E3%81%8A%E3%81%A1%E3%82%83" n2="%E3%83%B4%E3%82%A3%E3%83%AF%E3%82%B3%E3%82%B0%E3%83%8B" n3="%4C%4F%4C%49%54%41" dan="16,16,16,16" rate="2097.18,2122.74,2174.87,2173.99" sx="M,F,M,F"/><TAIKYOKU oya="0"/><INIT seed="0,0,0,5,4,65" ten="250,250,250,250" oya="0" hai0="7,31,88,58,96,28,78,131,24,79,77,61,121" hai1="35,1,0,84,133,102,80,134,53,120,114,83,19" hai2="15,118,62,122,18,109,105,104,47,10,60,68,59" hai3="95,123,38,43,66,39,13,107,49,103,32,56,20"/><T72/><D121/><U57/><E120/><V132/><F122/><W117/><G123/><RYUUKYOKU type="kaze4" ba="0,0" sc="250,0,250,0,250,0,250,0" /><INIT seed="0,1,0,1,3,15" ten="250,250,250,250" oya="0" hai0="111,119,8,25,52,95,75,91,126,89,39,63,36" hai1="81,123,38,11,125,66,68,12,96,79,13,133,110" hai2="41,80,93,134,17,23,61,121,47,117,4,58,60" hai3="135,76,69,83,7,1,132,124,9,84,115,90,2"/><T56/><D119/><U77/><E123/><V120/><F134/><N who="3" m="51243" /><G115/><T16/><D75/><U127/><E38/><V44/><F117/><W55/><G69/><T108/><D126/><N who="1" m="48139" /><E133/><V18/><F4/><W20/><G124/><T14/><D89/><U70/><E110/><N who="0" m="42025" /><D25/><U29/><E29/><V104/><F104/><W113/><G113/><T131/><D131/><U112/><E112/><V71/><F71/><N who="1" m="27177" /><E66/><V3/><F3/><N who="3" m="255" /><G55/><T26/><D26/><U37/><E37/><V122/><F93/><N who="3" m="54471" /><G20/><T102/><D102/><U40/><E40/><V6/><F23/><W50/><G50/><T67/><D67/><U59/><E59/><V128/><F41/><W64/><G64/><T30/><D30/><U21/><E96/><AGARI ba="1,0" hai="8,14,16,36,39,52,56,63,91,95,96" m="42025" machi="96" ten="30,12000,1" yaku="14,1,10,1,52,1,54,2" doraHai="15" who="0" fromWho="1" sc="250,123,250,-123,250,0,250,0" /><INIT seed="0,2,0,1,0,43" ten="373,127,250,250" oya="0" hai0="122,34,15,104,35,99,94,106,71,4,77,39,128" hai1="46,38,1,61,134,54,91,25,52,3,64,9,92" hai2="113,53,7,121,23,69,62,130,36,6,41,74,118" hai3="86,85,44,115,102,109,116,120,63,114,67,2,8"/><T60/><D39/><U79/><E134/><V103/><F74/><W50/><G116/><T87/><D122/><U22/><E79/><V31/><F113/><W83/><G109/><T48/><D128/><U27/><E27/><V119/><F121/><W131/><G120/><T135/><D135/><U40/><E3/><V73/><F73/><W123/><G123/><T89/><D104/><U70/><E9/><V19/><F31/><W82/><G131/><T42/><D71/><U32/><E32/><V49/><F130/><W95/><G2/><T126/><D126/><U47/><E47/><N who="2" m="23975" /><F103/><W107/><G107/><T57/><D15/><U12/><E12/><N who="2" m="9703" /><F62/><W55/><G8/><T33/><D4/><U21/><E1/><V80/><F80/><W76/><G95/><T90/><D77/><U58/><E25/><V16/><F16/><W59/><REACH who="3" step="1"/><G102/><REACH who="3" ten="373,127,250,240" step="2"/><T124/><D106/><U129/><E129/><V105/><F105/><W10/><G10/><T14/><D94/><U108/><E108/><V24/><F118/><W96/><G96/><T75/><D99/><U45/><E45/><V30/><F119/><W98/><G98/><T93/><D93/><U0/><E0/><V65/><F6/><W56/><G56/><T110/><D57/><U127/><E127/><V68/><F7/><W72/><G72/><T125/><D75/><U112/><E112/><V28/><F69/><W13/><G13/><T111/><D14/><U51/><E54/><V81/><F68/><W17/><G17/><T88/><D124/><U101/><E101/><V20/><F81/><W26/><G26/><RYUUKYOKU ba="2,1" sc="373,-15,127,15,250,-15,240,15" hai1="21,22,38,40,46,51,52,58,61,64,70,91,92" hai3="44,50,55,59,63,67,76,82,83,85,86,114,115" /><INIT seed="1,3,1,5,4,102" ten="358,142,235,255" oya="1" hai0="1,69,68,131,56,17,44,100,39,10,22,98,23" hai1="78,93,24,84,107,91,116,26,62,0,87,83,115" hai2="88,132,122,86,118,82,5,15,94,85,108,112,65" hai3="128,19,48,61,4,79,30,43,74,121,57,20,13"/><U134/><E115/><V21/><F118/><W92/><G121/><T8/><D131/><U124/><E116/><V53/><F122/><W12/><G128/><T125/><D125/><U117/><E117/><V76/><F108/><W113/><G113/><T106/><D23/><U96/><E124/><V31/><F132/><W25/><G74/><T45/><D56/><U75/><E134/><V16/><F112/><W38/><G38/><T119/><D119/><U90/><E0/><V130/><F130/><W28/><G79/><T60/><D60/><U71/><E71/><V126/><F126/><W135/><G92/><T29/><D29/><N who="3" m="11369" /><G4/><T89/><D89/><U59/><E87/><V95/><F31/><W120/><G120/><T114/><D114/><U104/><E26/><V55/><F65/><N who="3" m="39087" /><G135/><T58/><D58/><U7/><E24/><V40/><F40/><W52/><G43/><T105/><D106/><U99/><E7/><V127/><F127/><W37/><G37/><T73/><D73/><U51/><E51/><V80/><F5/><W110/><G110/><T34/><D34/><U103/><E91/><V123/><F123/><W42/><G42/><T14/><D39/><U41/><E41/><V11/><F11/><N who="0" m="4138" /><D1/><U6/><E6/><V109/><F109/><W49/><G49/><T9/><N who="0" m="4146" /><T77/><DORA hai="3" /><D77/><U50/><E50/><V111/><F111/><W47/><AGARI ba="3,1" hai="12,13,19,20,25,47,48,52" m="39087,11369" machi="47" ten="30,2000,0" yaku="8,1,54,1" doraHai="102,3" who="3" fromWho="3" sc="358,-8,142,-13,235,-8,255,39" /><INIT seed="2,0,0,3,0,127" ten="350,129,227,294" oya="2" hai0="72,6,4,68,35,97,47,5,58,61,3,85,83" hai1="16,95,109,101,98,75,31,42,67,14,135,39,91" hai2="28,52,20,71,59,99,23,133,90,40,43,100,30" hai3="119,51,93,26,12,11,129,18,7,130,19,94,22"/><V114/><F114/><W124/><G119/><T134/><D35/><U88/><E75/><V96/><F71/><W63/><G124/><T54/><D68/><U69/><E109/><V0/><F0/><W131/><G51/><T104/><D72/><U65/><E135/><V102/><F133/><W27/><G63/><T73/><D73/><U62/><E65/><V122/><F90/><W107/><G107/><T132/><D3/><U64/><E64/><V15/><F15/><N who="3" m="5631" /><G26/><T121/><D121/><U103/><E31/><V80/><F80/><W33/><G33/><T110/><D110/><U70/><E70/><V57/><REACH who="2" step="1"/><F52/><REACH who="2" ten="350,129,217,294" step="2"/><W29/><G29/><T87/><D83/><U118/><E118/><V10/><F10/><AGARI ba="0,1" hai="10,12,18,19,22,27,93,94,129,130,131" m="5631" machi="10" ten="30,7700,0" yaku="19,1,52,3" doraHai="127" who="3" fromWho="2" sc="350,0,129,0,217,-77,294,87" /><INIT seed="3,0,0,0,5,46" ten="350,129,140,381" oya="3" hai0="71,100,102,72,48,78,36,67,37,17,8,23,40" hai1="21,55,82,73,99,131,120,85,130,14,51,121,62" hai2="134,22,18,127,26,69,66,2,50,0,103,29,133" hai3="101,7,89,19,132,110,125,49,119,90,93,44,61"/><W1/><G119/><T57/><D72/><U35/><E73/><V115/><F115/><W6/><G1/><T30/><D78/><N who="1" m="46295" /><E35/><V68/><F127/><W9/><G110/><T52/><D30/><U53/><E62/><N who="2" m="40023" /><F69/><W24/><G132/><N who="2" m="50793" /><F103/><W15/><G61/><N who="0" m="40431" /><D8/><U79/><E99/><V124/><F124/><W113/><G113/><T77/><D77/><U42/><E79/><V4/><F50/><W56/><G56/><T91/><D91/><N who="3" m="34825" /><G24/><N who="0" m="14447" /><D36/><U97/><E97/><V98/><F98/><N who="3" m="59599" /><G125/><T13/><D13/><U126/><E126/><V38/><F38/><W43/><AGARI ba="0,0" hai="6,7,9,15,19,43,44,49" m="59599,34825" machi="43" ten="30,3000,0" yaku="8,1,52,1" doraHai="46" who="3" fromWho="3" sc="350,-10,129,-10,140,-10,381,30" owari="340,14.0,119,-38.1,130,-27.0,411,51.1" /></mjloggm>