<mjloggm ver="2.3"><GO type="225" lobby="0"/><UN n0="%72%69%6F%75%63%68%61%6E" n1="%E3%82%B7%E3%83%B3%E5%A4%AA%E6%9C%97" n2="%6D%75%75%6D%75%72%61" n3="%33%74%72%65%65" dan="16,16,16,17" rate="2218.64,2116.72,2119.65,2213.00" sx="M,M,F,F"/><TAIKYOKU oya="0"/><INIT seed="0,0,0,5,2,11" ten="250,250,250,250" oya="0" hai0="68,56,24,102,15,80,127,120,22,35,123,21,113" hai1="79,74,114,100,27,70,45,135,94,40,86,125,31" hai2="9,83,46,1,50,71,37,124,87,67,129,106,25" hai3="5,13,28,90,93,91,2,3,105,115,36,23,26"/><T32/><D68/><U82/><E135/><V99/><F129/><W0/><G115/><T47/><D113/><U121/><E114/><V8/><F124/><W41/><G105/><T12/><D102/><U128/><E125/><V63/><F37/><W104/><G104/><T109/><D127/><U17/><E128/><V60/><F1/><W33/><G93/><T66/><D47/><U132/><E132/><V85/><F63/><W48/><G36/><T57/><D80/><U81/><E121/><N who="0" m="46665" /><D66/><U53/><E70/><V72/><F72/><W65/><G65/><T78/><D78/><U117/><E53/><V16/><F99/><W59/><G41/><T75/><D75/><U43/><E117/><V119/><F106/><W76/><G76/><T133/><D133/><U34/><E17/><V98/><F98/><W84/><G84/><T55/><D55/><U130/><E130/><V110/><F119/><W18/><G48/><T7/><D7/><U107/><E45/><V116/><F85/><W103/><G103/><T88/><D88/><N who="3" m="33833" /><G59/><N who="0" m="22603" /><D109/><U58/><E58/><V77/><F116/><W122/><G122/><T61/><D61/><U6/><E6/><V62/><F110/><W14/><G5/><T73/><D73/><U29/><E107/><V108/><F108/><W49/><G49/><T101/><D101/><U42/><E100/><V52/><F62/><W4/><G4/><T39/><D39/><U38/><E94/><V134/><F134/><W126/><G126/><T44/><D44/><U20/><E38/><V89/><F77/><W118/><G118/><T92/><D92/><RYUUKYOKU ba="0,0" sc="250,-15,250,-15,250,15,250,15" hai2="8,9,16,25,46,50,52,60,67,71,83,87,89" hai3="0,2,3,13,14,18,23,26,28,33" /><INIT seed="1,1,0,3,5,26" ten="235,235,265,265" oya="1" hai0="126,9,5,33,51,66,50,81,46,91,15,70,30" hai1="25,93,8,103,27,59,34,1,4,67,0,75,24" hai2="7,38,78,115,36,10,32,116,12,55,23,108,86" hai3="60,52,96,74,20,114,14,105,131,120,48,132,21"/><U134/><E75/><V109/><F116/><W22/><G120/><T56/><D126/><U18/><E134/><V97/><F32/><W63/><G114/><T47/><D70/><U42/><E42/><V29/><F115/><W64/><G74/><T31/><D33/><U106/><E106/><V110/><F97/><W107/><G131/><T6/><D6/><U121/><E121/><V54/><F78/><W124/><G124/><T71/><D71/><U127/><E127/><V16/><F86/><W118/><G132/><T111/><D111/><U87/><E0/><V119/><F119/><W19/><G118/><T11/><D11/><U123/><E123/><V2/><REACH who="2" step="1"/><F29/><REACH who="2" ten="235,235,255,265" step="2"/><N who="0" m="10762" /><D51/><U82/><E34/><V90/><F90/><W113/><G113/><T128/><D128/><U125/><E125/><V72/><F72/><W112/><G112/><T44/><D50/><U35/><E35/><V85/><F85/><W88/><G48/><T101/><D101/><U68/><E103/><V39/><AGARI ba="1,1" hai="2,7,10,12,16,23,36,38,39,54,55,108,109,110" machi="39" ten="40,8000,1" yaku="1,1,0,1,14,1,54,1,53,0" doraHai="26" doraHaiUra="53" who="2" fromWho="2" sc="235,-21,235,-41,255,93,265,-21" /><INIT seed="2,0,0,0,5,105" ten="214,194,348,244" oya="2" hai0="44,92,99,71,133,79,122,43,6,0,4,3,55" hai1="68,11,95,93,109,39,9,57,98,10,100,14,115" hai2="91,48,126,87,13,40,94,18,53,104,63,78,132" hai3="42,41,124,29,58,110,135,54,56,128,118,127,35"/><V117/><F117/><W125/><G118/><T65/><D122/><U134/><E109/><V51/><F104/><W52/><G110/><T27/><D133/><U72/><E68/><V34/><F132/><W107/><G135/><T74/><D55/><N who="3" m="21033" /><G107/><T49/><D27/><U73/><E134/><V97/><F34/><W38/><G128/><T76/><D4/><U101/><E39/><V19/><F126/><W21/><G35/><T86/><D86/><U108/><E108/><V62/><F40/><N who="3" m="15467" /><G38/><T114/><D114/><U2/><E2/><V121/><F121/><W64/><G64/><T5/><D0/><U12/><E115/><V130/><F130/><W47/><G47/><T119/><D119/><U90/><E57/><N who="3" m="22122" /><G21/><T112/><D112/><U120/><E120/><V102/><F53/><W88/><G88/><T31/><D3/><U75/><REACH who="1" step="1"/><E101/><REACH who="1" ten="214,184,348,244" step="2"/><V61/><F102/><W83/><G125/><T106/><D71/><U85/><AGARI ba="0,1" hai="9,10,11,12,14,72,73,75,85,90,93,95,98,100" machi="85" ten="40,12000,2" yaku="1,1,2,1,0,1,52,3,53,0" doraHai="105" doraHaiUra="103" who="1" fromWho="1" sc="214,-30,184,130,348,-60,244,-30" /><INIT seed="3,0,0,5,0,107" ten="184,314,288,214" oya="3" hai0="6,45,15,101,84,48,63,88,22,120,95,52,53" hai1="21,75,115,23,91,87,56,44,32,19,117,79,119" hai2="89,127,74,65,135,38,68,16,80,73,112,3,28" hai3="83,130,60,121,110,98,129,26,0,54,105,103,90"/><W116/><G116/><N who="1" m="44618" /><E32/><V106/><F112/><W126/><G121/><T33/><D120/><U40/><E115/><V66/><F106/><W30/><G0/><T114/><D114/><U128/><E128/><N who="3" m="49258" /><G126/><T35/><D101/><U77/><E56/><V5/><F38/><W13/><G13/><T86/><D33/><U85/><E75/><V4/><F3/><W70/><G110/><T118/><D35/><U58/><E58/><V47/><F127/><W12/><G12/><T20/><D118/><U99/><E99/><V113/><F113/><W69/><G54/><N who="0" m="21099" /><D63/><U123/><E123/><V42/><F5/><W39/><G39/><T55/><D84/><N who="1" m="32331" /><E91/><V1/><F1/><W72/><G60/><T71/><D71/><U133/><E133/><V132/><F4/><W76/><G90/><T125/><D125/><U43/><E43/><V46/><F89/><W102/><G102/><T124/><D124/><U81/><E81/><V122/><F122/><W29/><G29/><T9/><AGARI ba="0,0" hai="6,9,15,20,22,45,48,55,86,88,95" m="21099" machi="9" ten="30,4000,0" yaku="8,1,54,2" doraHai="107" who="0" fromWho="0" sc="184,40,314,-10,288,-10,214,-20" owari="224,-17.6,304,40.4,278,7.8,194,-30.6" /></mjloggm>