<mjloggm ver="2.3"><GO type="225" lobby="0"/><UN n0="%E9%A6%AC%E4%BA%86%E9%9A%94%E5%A3%81" n1="%E3%81%BF%E3%81%BF%E3%81%9A" n2="%6D%75%75%73%61%6E%6D%75" n3="%E3%81%B5%E3%81%98%E3%81%8B%E3%81%A4" dan="18,17,16,17" rate="2209.68,2263.43,2108.33,2211.12" sx="M,M,F,M"/><TAIKYOKU oya="0"/><INIT seed="0,0,0,1,2,87" ten="250,250,250,250" oya="0" hai0="95,36,113,80,34,29,63,3,96,116,134,71,31" hai1="88,27,12,98,46,103,128,19,66,78,99,120,47" hai2="23,67,74,111,65,2,57,20,70,75,54,8,35" hai3="124,16,92,106,119,129,84,9,117,21,127,61,82"/><T135/><D113/><U52/><E120/><V43/><F35/><W24/><G106/><T59/><D116/><U64/><E78/><V122/><F70/><W45/><G129/><T6/><D71/><U81/><E27/><V25/><F122/><W5/><G92/><T56/><D36/><U22/><E128/><V123/><F123/><W105/><G61/><T0/><D80/><U133/><E133/><N who="0" m="50697" /><D56/><U107/><E52/><V55/><F111/><W102/><G102/><N who="0" m="60703" /><D34/><U108/><E108/><V131/><F131/><W72/><G105/><T110/><D110/><U76/><E99/><V94/><F57/><W91/><G72/><T118/><D118/><U83/><E83/><V39/><F65/><W37/><G45/><T121/><D6/><U32/><E32/><V130/><F67/><W1/><REACH who="3" step="1"/><G37/><REACH who="3" ten="250,250,250,240" step="2"/><T41/><D121/><U10/><E47/><V53/><F74/><W109/><G109/><T11/><D41/><U104/><E46/><V28/><F75/><W132/><G132/><T51/><D51/><U30/><E107/><V7/><F130/><W114/><G114/><T69/><D69/><U90/><E64/><V126/><F43/><W68/><G68/><T97/><D63/><U125/><E66/><V38/><F38/><W33/><G33/><T62/><D62/><U100/><E103/><V73/><F39/><W14/><G14/><T15/><D15/><U60/><E60/><V40/><F73/><W49/><G49/><T4/><D0/><U58/><E58/><V112/><F40/><W79/><G79/><T86/><D59/><U93/><E76/><RYUUKYOKU ba="0,1" sc="250,-10,250,-10,250,-10,240,30" hai3="1,5,9,16,21,24,82,84,91,117,119,124,127" /><INIT seed="1,1,1,3,2,37" ten="240,240,240,270" oya="1" hai0="126,39,81,111,7,84,64,129,101,33,8,70,77" hai1="65,63,75,72,31,56,47,0,116,60,12,52,67" hai2="68,98,58,50,128,10,83,107,51,95,69,103,91" hai3="119,134,34,82,61,105,19,29,112,78,36,5,49"/><U97/><E116/><V38/><F38/><W1/><G112/><T21/><D33/><U127/><E0/><V114/><F114/><W88/><G105/><T130/><D111/><U23/><E127/><V46/><F128/><N who="0" m="49258" /><D126/><U59/><E97/><V3/><F83/><W87/><G119/><T42/><D101/><U45/><E12/><V99/><F3/><W90/><G36/><T13/><D21/><U121/><E121/><V109/><F10/><W27/><G61/><N who="0" m="40207" /><D39/><U9/><E9/><V30/><F30/><W120/><G120/><T74/><D42/><U110/><E110/><V80/><F109/><W92/><G134/><T15/><D15/><U43/><E52/><V6/><F6/><W35/><G35/><T40/><D40/><U79/><E79/><V131/><F131/><W76/><G5/><T122/><D122/><U132/><E132/><V11/><F11/><W62/><G1/><T4/><D4/><U41/><E23/><V71/><F46/><W22/><G34/><T48/><D48/><U2/><E2/><V18/><F18/><W73/><G49/><T16/><D7/><U53/><E53/><V133/><F133/><W96/><G73/><AGARI ba="1,1" hai="8,13,16,73,74,77,81,84" m="40207,49258" machi="73" ten="30,2000,0" yaku="19,1,54,1" doraHai="37" who="0" fromWho="3" sc="240,33,240,0,240,0,270,-23" /><INIT seed="2,0,0,2,1,56" ten="273,240,240,247" oya="2" hai0="45,117,83,78,16,15,70,13,73,71,47,69,75" hai1="106,33,128,130,100,124,119,126,54,58,115,34,40" hai2="50,80,31,127,132,22,17,114,102,4,86,66,51" hai3="61,116,41,12,43,85,29,125,134,28,95,105,104"/><V1/><F114/><W82/><G116/><T2/><D2/><U62/><E115/><V3/><F31/><W26/><G125/><N who="1" m="48234" /><E119/><V110/><F127/><W68/><G134/><T121/><D121/><U24/><E40/><V67/><F132/><W101/><G29/><T52/><D117/><U89/><E89/><V9/><F102/><W32/><G95/><T133/><D133/><U42/><E42/><V5/><F110/><W72/><G12/><T57/><D75/><U53/><E53/><V135/><F135/><W123/><G72/><T65/><D65/><U97/><E24/><V79/><F4/><W44/><G44/><T94/><D94/><U84/><E84/><V109/><F3/><W112/><G112/><T0/><D13/><U35/><AGARI ba="0,0" hai="33,34,35,54,58,62,97,100,106,128,130" m="48234" machi="35" ten="40,2700,0" yaku="18,1,52,1" doraHai="56" who="1" fromWho="1" sc="273,-7,240,27,240,-13,247,-7" /><INIT seed="3,0,0,1,2,74" ten="266,267,227,240" oya="3" hai0="36,19,126,25,49,35,28,53,44,39,69,68,100" hai1="117,66,55,23,93,51,24,118,7,73,46,31,113" hai2="91,105,129,76,71,16,32,72,134,80,52,96,57" hai3="112,48,85,124,97,6,98,61,92,81,18,108,64"/><W120/><G112/><T106/><D126/><U63/><E113/><V58/><F32/><W116/><G120/><T84/><D19/><U0/><E0/><V30/><F71/><W42/><G116/><T56/><D84/><U101/><E7/><V122/><F30/><W70/><G124/><T8/><D8/><U26/><E26/><V123/><F129/><W88/><G6/><T10/><D10/><U125/><E73/><V22/><F134/><W9/><G108/><T119/><D119/><U2/><E2/><V128/><F128/><W110/><G110/><T43/><D39/><U40/><E125/><V102/><F91/><W47/><G9/><T34/><REACH who="0" step="1"/><D35/><REACH who="0" ten="256,267,227,240" step="2"/><U29/><E118/><V132/><F132/><W20/><REACH who="3" step="1"/><G81/><REACH who="3" ten="256,267,227,230" step="2"/><T121/><D121/><U77/><E117/><V83/><F83/><W87/><G87/><T65/><D65/><U109/><E109/><V60/><F122/><W135/><G135/><T54/><D54/><U107/><E55/><V14/><F123/><W90/><G90/><T15/><D15/><AGARI ba="0,2" hai="15,18,20,42,47,48,61,64,70,85,88,92,97,98" machi="15" ten="30,11600,0" yaku="1,1,7,1,54,1,53,1" doraHai="74" doraHaiUra="12" who="3" fromWho="0" sc="256,-116,267,0,227,0,230,136" owari="140,-36.0,267,6.7,227,-17.3,366,46.6" /></mjloggm>