<mjloggm ver="2.3"><GO type="225" lobby="0"/><UN n0="%E6%81%A5%E6%99%92%E3%81%97" n1="%E3%81%B2%E3%81%AA%E3%81%AE%E3%82%8A%E3%81%8F" n2="%E6%A1%9C%E8%8A%B1%E9%96%83%E3%80%85" n3="%E9%80%86%E9%80%A3%E5%B8%AF%E3%81%AE%E9%AC%BC" dan="16,17,16,17" rate="2125.25,2129.99,2153.52,2202.52" sx="M,M,M,M"/><TAIKYOKU oya="0"/><INIT seed="0,0,0,5,4,126" ten="250,250,250,250" oya="0" hai0="57,71,83,38,61,111,47,104,109,82,114,88,117" hai1="6,7,9,124,49,35,107,58,50,24,11,19,13" hai2="99,27,102,116,4,34,29,96,40,15,120,41,2" hai3="18,62,5,134,69,51,128,53,59,52,79,70,106"/><T73/><D114/><U56/><E124/><V17/><F120/><W94/><G106/><T80/><D117/><U37/><E37/><V8/><F116/><W132/><G5/><T75/><D71/><U23/><E107/><V66/><F66/><W89/><G79/><T55/><D104/><U133/><E35/><V33/><F33/><W131/><G18/><T77/><D73/><U86/><E86/><V72/><F72/><W92/><G70/><T67/><D38/><U91/><E91/><V93/><REACH who="2" step="1"/><F96/><REACH who="2" ten="250,250,240,250" step="2"/><W44/><G69/><T110/><D67/><U28/><E133/><N who="3" m="51306" /><G94/><T10/><D47/><U31/><E31/><V113/><F113/><W36/><G36/><T76/><D76/><U119/><E28/><V39/><F39/><W20/><G20/><AGARI ba="0,1" hai="2,4,8,15,17,20,27,29,34,40,41,93,99,102" machi="20" ten="30,7700,0" yaku="1,1,7,1,24,2,53,0" doraHai="126" doraHaiUra="43" who="2" fromWho="3" sc="250,0,250,0,240,87,250,-77" /><INIT seed="1,0,0,5,2,69" ten="250,250,327,173" oya="1" hai0="78,1,30,118,98,51,112,8,64,65,0,70,94" hai1="91,31,6,9,54,33,68,124,36,88,20,89,17" hai2="135,92,28,87,101,76,43,24,18,82,13,84,123" hai3="75,60,35,56,25,41,27,81,4,134,38,7,15"/><U110/><E68/><V125/><F123/><W99/><G134/><T55/><D112/><U102/><E124/><V52/><F135/><W117/><G117/><T131/><D118/><U63/><E102/><V16/><F125/><W127/><G127/><T121/><D121/><U67/><E33/><V46/><F52/><W114/><G114/><T50/><D131/><U23/><E31/><V133/><F133/><W22/><G99/><T61/><D65/><U126/><E126/><V74/><F101/><W44/><G27/><T86/><D51/><U29/><E29/><V104/><F104/><W34/><G75/><T119/><D119/><U47/><E110/><V108/><F92/><W40/><G40/><T116/><D30/><U96/><E96/><V90/><F90/><W109/><G109/><T53/><D53/><U3/><E17/><V26/><F26/><W71/><G71/><T111/><D111/><U106/><E106/><V10/><F18/><W14/><G81/><T129/><D129/><U83/><E83/><V120/><F120/><W39/><G25/><T77/><D86/><U21/><E67/><V48/><REACH who="2" step="1"/><F108/><REACH who="2" ten="250,250,317,173" step="2"/><W80/><G80/><T128/><D116/><U103/><E103/><V95/><F95/><W11/><G35/><AGARI ba="0,1" hai="10,13,16,24,28,35,43,46,48,74,76,82,84,87" machi="35" ten="30,3900,0" yaku="1,1,7,1,54,1,53,0" doraHai="69" doraHaiUra="32" who="2" fromWho="3" sc="250,0,250,0,317,49,173,-39" /><INIT seed="2,0,0,5,5,130" ten="250,250,366,134" oya="2" hai0="62,41,82,11,50,125,55,28,110,103,42,97,85" hai1="86,7,107,77,65,36,102,35,18,80,19,79,126" hai2="54,95,128,6,45,31,48,26,14,34,69,129,117" hai3="46,51,21,105,71,123,119,47,0,39,3,88,49"/><V113/><F113/><W109/><G119/><T104/><D110/><U67/><E36/><V111/><F117/><W112/><G109/><T37/><D125/><U10/><E35/><V78/><F111/><W2/><G123/><T133/><D37/><U91/><E107/><V13/><F69/><W132/><G105/><T135/><D28/><U90/><E102/><V108/><F108/><W115/><G71/><T122/><D122/><U68/><E126/><V94/><F78/><W12/><G39/><T53/><D11/><U33/><E33/><V1/><F1/><W15/><G21/><T63/><D63/><U23/><E77/><V66/><F66/><W96/><G96/><T134/><D62/><U131/><E131/><N who="2" m="50251" /><F6/><W87/><G87/><T73/><D73/><U32/><E68/><V38/><F38/><W16/><G88/><N who="0" m="51255" /><D55/><U57/><E91/><V89/><F95/><W17/><REACH who="3" step="1"/><G0/><REACH who="3" ten="250,250,366,124" step="2"/><T43/><D43/><U106/><E106/><V5/><F89/><W76/><G76/><T70/><D70/><U118/><E90/><V99/><F99/><W9/><G9/><T98/><D97/><U93/><E118/><V100/><F94/><W74/><G74/><T121/><D121/><U58/><E93/><V60/><F34/><W114/><G114/><T83/><D83/><U40/><E32/><V116/><F116/><W4/><G4/><T59/><AGARI ba="0,1" hai="41,42,50,53,59,98,103,104,133,134,135" m="51255" machi="59" ten="30,8000,1" yaku="20,1,52,3,54,1" doraHai="130" who="0" fromWho="0" sc="250,90,250,-20,366,-40,124,-20" /><INIT seed="3,0,0,4,5,57" ten="340,230,326,104" oya="3" hai0="118,43,28,100,9,101,72,31,117,54,10,94,8" hai1="119,55,70,106,74,35,62,131,1,79,120,127,81" hai2="42,12,104,125,64,78,44,41,105,97,108,34,122" hai3="112,132,59,85,37,80,13,95,109,38,22,129,87"/><W21/><G112/><T103/><D72/><U61/><RYUUKYOKU type="yao9" ba="0,0" sc="340,0,230,0,326,0,104,0" hai1="1,35,55,61,62,70,74,79,81,106,119,120,127,131" /><INIT seed="3,1,0,2,4,55" ten="340,230,326,104" oya="3" hai0="74,20,63,14,102,37,19,127,114,109,53,42,18" hai1="33,28,5,66,106,95,56,101,39,10,121,104,97" hai2="94,73,110,76,25,93,85,84,115,83,87,21,89" hai3="7,61,67,11,38,22,59,113,32,23,48,34,3"/><W103/><G38/><T99/><D74/><U57/><E39/><V91/><F110/><W81/><G113/><T82/><D114/><U70/><E121/><V17/><REACH who="2" step="1"/><F115/><REACH who="2" ten="340,230,316,104" step="2"/><W26/><G103/><T133/><D109/><U46/><E101/><V0/><F0/><W105/><G105/><T68/><D127/><U29/><E70/><V111/><F111/><W90/><G48/><T118/><D118/><U49/><E5/><V27/><F27/><W131/><G131/><T108/><D108/><U36/><E36/><V100/><F100/><W86/><REACH who="3" step="1"/><G23/><REACH who="3" ten="340,230,316,94" step="2"/><T78/><D20/><U45/><E104/><V132/><F132/><W120/><G120/><T71/><D133/><U58/><E106/><V60/><F60/><W129/><G129/><T1/><D63/><U62/><E49/><V54/><F54/><W75/><G75/><AGARI ba="1,2" hai="17,21,25,73,75,76,83,84,85,87,89,91,93,94" machi="75" ten="40,2600,0" yaku="1,1,9,1,53,0" doraHai="55" doraHaiUra="69" who="2" fromWho="3" sc="340,0,230,0,316,49,94,-29" owari="340,14.0,230,-17.0,365,46.5,65,-43.5" /></mjloggm>