<mjloggm ver="2.3"><GO type="225" lobby="0"/><UN n0="%6D%75%75%73%61%6E%6D%75" n1="%4C%4F%4C%49%54%41" n2="%6B%79%6F%6E%6B%6F%31%31" n3="%74%2E%6F%2E%6F%2E%73" dan="17,16,16,17" rate="2159.13,2177.12,2159.47,2128.07" sx="F,F,M,M"/><TAIKYOKU oya="0"/><INIT seed="0,0,0,4,3,108" ten="250,250,250,250" oya="0" hai0="126,64,116,47,77,87,111,74,85,53,39,113,26" hai1="91,132,48,0,49,131,31,42,93,5,4,121,36" hai2="66,99,44,25,20,123,6,124,8,119,129,94,2" hai3="133,67,65,59,109,55,105,19,120,56,83,92,21"/><T75/><D116/><U11/><E121/><V7/><F119/><W127/><G105/><T60/><D111/><U33/><E131/><V118/><F118/><W69/><G109/><T110/><D110/><U81/><E132/><V73/><F123/><W79/><G69/><T52/><D126/><U125/><E125/><V90/><F124/><W117/><G127/><T128/><D128/><U114/><E5/><V112/><F129/><W16/><G117/><T18/><D113/><U63/><E114/><V12/><F73/><W57/><G120/><T15/><D26/><U30/><E81/><V46/><F112/><W84/><G133/><T102/><D102/><U97/><E63/><V29/><F6/><W98/><G55/><T68/><D39/><U130/><E130/><V76/><F76/><W35/><G35/><T104/><D104/><U122/><E122/><V78/><F78/><W58/><N who="3" m="14336" /><DORA hai="107" /><W41/><G41/><T70/><D70/><U23/><E33/><V43/><F66/><W88/><G19/><T134/><D134/><U106/><E106/><V80/><F80/><W32/><G32/><T1/><D1/><U17/><E36/><V37/><REACH who="2" step="1"/><F46/><REACH who="2" ten="250,250,240,250" step="2"/><W13/><AGARI ba="0,1" hai="13,16,21,65,67,79,83,84,88,92,98" m="14336" machi="13" ten="40,8000,1" yaku="0,1,8,1,54,2" doraHai="108,107" who="3" fromWho="3" sc="250,-40,250,-20,240,-20,250,90" /><INIT seed="1,0,0,2,5,6" ten="210,230,220,340" oya="1" hai0="103,130,80,86,123,2,46,9,81,76,122,4,97" hai1="68,53,54,23,129,42,83,14,26,5,111,102,125" hai2="1,48,44,24,82,110,91,124,118,11,61,71,17" hai3="52,39,62,133,38,28,74,114,65,16,12,31,117"/><U56/><E68/><V21/><F118/><W107/><G114/><T84/><D130/><U18/><E129/><V77/><F110/><W112/><G112/><T135/><D135/><U70/><E70/><V134/><F134/><W58/><G74/><T73/><D46/><U98/><E125/><V96/><F124/><W3/><G3/><T108/><D108/><U50/><E111/><V100/><F91/><W121/><G107/><T113/><D113/><U116/><E116/><V132/><F132/><W66/><G121/><T115/><D115/><U63/><E83/><V43/><F71/><W75/><G75/><T33/><D33/><U55/><E42/><V78/><F61/><W119/><G133/><T87/><REACH who="0" step="1"/><D81/><REACH who="0" ten="200,230,220,340" step="2"/><U126/><E126/><V47/><F47/><W30/><G117/><T45/><D45/><U67/><E5/><V36/><F36/><W69/><G119/><T27/><D27/><U90/><E26/><V92/><F82/><W51/><G38/><T19/><D19/><U57/><REACH who="1" step="1"/><E90/><REACH who="1" ten="200,220,220,340" step="2"/><V105/><F105/><AGARI ba="0,2" hai="2,4,9,73,76,80,84,86,87,97,103,105,122,123" machi="105" ten="40,2600,0" yaku="1,1,52,1,53,0" doraHai="6" doraHaiUra="131" who="0" fromWho="2" sc="200,46,220,0,220,-26,340,0" /><AGARI ba="0,0" hai="14,18,23,50,53,54,55,56,57,63,67,98,102,105" machi="105" ten="30,5800,0" yaku="1,1,2,1,7,1,53,0" doraHai="6" doraHaiUra="131" who="1" fromWho="2" sc="246,0,220,58,194,-58,340,0" /><INIT seed="1,1,0,1,1,77" ten="246,278,136,340" oya="1" hai0="96,1,112,74,29,45,53,80,106,58,61,63,24" hai1="34,9,76,21,42,134,65,4,89,126,49,94,15" hai2="51,128,11,132,35,101,87,60,92,37,30,32,50" hai3="88,59,91,83,82,113,55,122,43,67,40,97,73"/><U12/><E34/><V5/><F37/><W27/><G122/><T102/><D1/><U66/><E134/><V17/><F132/><W25/><G113/><T120/><D112/><U0/><E126/><V72/><F72/><W8/><G67/><T117/><D117/><U116/><E116/><V68/><F128/><W19/><G73/><T44/><D120/><U104/><E104/><V33/><F17/><W3/><G3/><T22/><REACH who="0" step="1"/><D63/><REACH who="0" ten="236,278,136,340" step="2"/><U114/><E0/><V95/><F60/><N who="3" m="35967" /><G40/><T26/><D26/><U57/><E114/><V121/><F121/><W41/><G27/><T111/><D111/><U118/><E118/><V18/><F33/><W71/><G41/><T124/><D124/><U14/><E42/><V110/><F35/><W81/><G43/><T99/><D99/><U46/><E15/><V109/><F32/><W98/><G25/><T20/><D20/><U84/><E14/><V48/><F109/><W10/><G71/><T52/><D52/><N who="1" m="29751" /><E21/><V70/><F110/><W75/><G75/><T107/><D107/><U100/><E12/><V105/><F105/><W85/><G8/><T125/><D125/><U16/><E66/><V54/><F68/><W79/><G98/><T131/><D131/><U39/><E65/><V90/><F70/><W86/><G97/><T69/><D69/><U47/><E39/><V6/><F54/><W135/><G135/><T130/><D130/><U127/><E127/><V28/><F11/><W108/><G108/><T119/><D119/><U103/><E9/><V31/><F18/><W129/><G129/><T56/><D56/><RYUUKYOKU ba="1,1" sc="236,15,278,-15,136,15,340,-15" hai0="22,24,29,44,45,53,58,61,74,80,96,102,106" hai2="5,6,28,30,31,48,50,51,87,90,92,95,101" /><INIT seed="2,2,1,5,1,89" ten="251,263,151,325" oya="2" hai0="99,62,131,28,39,34,8,1,80,70,116,109,72" hai1="49,118,105,90,21,73,98,5,11,60,79,120,106" hai2="58,123,84,130,4,54,40,100,19,33,69,37,41" hai3="119,122,92,38,96,46,45,81,132,6,0,23,112"/><V103/><F123/><W135/><G119/><T53/><D39/><U101/><E118/><V9/><F69/><W66/><G122/><T59/><D116/><U15/><E120/><V13/><F33/><W86/><G112/><T104/><D109/><U42/><E105/><V102/><F130/><W16/><G66/><N who="0" m="41303" /><D131/><U111/><E111/><V48/><F37/><W110/><G110/><T97/><D97/><U56/><E21/><V63/><F84/><W124/><G6/><T87/><D72/><U68/><E68/><V108/><F108/><W133/><G0/><T128/><D128/><U44/><E90/><V134/><F134/><W94/><G124/><T95/><D1/><U83/><E56/><V25/><REACH who="2" step="1"/><F48/><REACH who="2" ten="251,263,141,325" step="2"/><W31/><G38/><T47/><D87/><U117/><E117/><V50/><F50/><W113/><G132/><T121/><D34/><U26/><E73/><V114/><F114/><W107/><G113/><T67/><D121/><U27/><E49/><V77/><F77/><W24/><G133/><T88/><D80/><U93/><E83/><V71/><F71/><W65/><G135/><T35/><D35/><U3/><E79/><V29/><F29/><W20/><G81/><T129/><D28/><U82/><E82/><V18/><F18/><W43/><G86/><T78/><D129/><U76/><E76/><V36/><F36/><W125/><G31/><T10/><D78/><U85/><E85/><V127/><F127/><W2/><G125/><T91/><D53/><U74/><E74/><V32/><F32/><W30/><G30/><T115/><D115/><RYUUKYOKU ba="2,2" sc="251,-10,263,-10,141,30,325,-10" hai2="4,9,13,19,25,40,41,54,58,63,100,102,103" /><INIT seed="2,3,2,1,0,21" ten="241,253,171,315" oya="2" hai0="131,71,96,90,104,32,37,3,112,87,53,49,72" hai1="113,120,93,59,123,17,64,61,97,56,54,78,121" hai2="106,130,55,44,19,28,124,69,125,100,102,57,11" hai3="77,12,101,43,15,134,18,95,88,8,98,36,128"/><V62/><F69/><W20/><G128/><T16/><D112/><U2/><E113/><V110/><F130/><W1/><G134/><T25/><D131/><U41/><E2/><V51/><F28/><W58/><G1/><T122/><D3/><U7/><E7/><V52/><F110/><W66/><G77/><T13/><D37/><U0/><E0/><V67/><F67/><W79/><G79/><T114/><D114/><U75/><E41/><V99/><REACH who="2" step="1"/><F102/><REACH who="2" ten="241,253,161,315" step="2"/><W33/><G101/><T73/><D71/><U94/><E64/><V34/><F34/><W84/><G33/><T109/><D32/><U91/><E121/><V63/><F63/><W111/><G66/><T81/><D109/><U23/><E123/><V68/><F68/><W46/><G111/><T74/><D122/><U5/><E120/><V60/><F60/><W116/><G116/><T45/><D104/><U115/><E61/><V38/><F38/><W103/><G103/><T30/><D30/><U83/><E115/><V6/><F6/><W27/><G36/><T107/><D107/><U9/><E5/><V119/><F119/><W31/><G31/><T132/><D132/><U29/><E29/><V22/><F22/><W133/><G133/><T135/><D135/><U86/><E23/><V10/><F10/><W42/><G8/><N who="0" m="6183" /><D96/><U4/><E4/><V35/><F35/><W50/><G98/><T118/><D118/><U70/><E70/><V80/><F80/><W82/><G82/><T47/><D25/><U24/><E24/><V89/><F89/><W65/><G27/><T105/><D105/><RYUUKYOKU ba="3,3" sc="241,15,253,-15,161,15,315,-15" hai0="45,47,49,53,72,73,74,81,87,90" hai2="11,19,44,51,52,55,57,62,99,100,106,124,125" /><INIT seed="2,4,3,0,3,47" ten="256,238,176,300" oya="2" hai0="106,92,113,83,37,127,91,19,56,126,107,57,82" hai1="0,16,69,24,8,4,18,89,63,66,60,39,46" hai2="6,128,13,98,93,117,2,114,87,10,80,95,73" hai3="43,58,81,120,78,102,61,119,104,133,35,64,27"/><V15/><F114/><W85/><G119/><T121/><D37/><U88/><E63/><V108/><F117/><W11/><G120/><T65/><D121/><U118/><E118/><V3/><F128/><W45/><G133/><T62/><D113/><U79/><E79/><V49/><F73/><W52/><G104/><N who="0" m="39979" /><D19/><U76/><E76/><V53/><F2/><W131/><G102/><T99/><D57/><U116/><E116/><V14/><F108/><W115/><G115/><T68/><D68/><U50/><E39/><V86/><F80/><W32/><G131/><T125/><AGARI ba="4,3" hai="56,62,65,82,83,91,92,99,125,126,127" m="39979" machi="125" ten="40,1500,0" yaku="18,1" doraHai="47" who="0" fromWho="0" sc="256,57,238,-8,176,-11,300,-8" /><INIT seed="3,0,0,3,4,113" ten="313,230,165,292" oya="3" hai0="17,106,89,2,123,104,44,24,35,74,16,22,55" hai1="72,107,85,28,80,45,81,68,75,112,37,41,105" hai2="117,67,71,114,135,76,78,19,79,6,32,101,63" hai3="128,21,8,126,38,66,27,0,121,122,91,30,110"/><W29/><G38/><T36/><D123/><N who="3" m="47113" /><G66/><T87/><D74/><U83/><E112/><V26/><F114/><W13/><G91/><T40/><D2/><U124/><E68/><V14/><F6/><N who="3" m="1095" /><G128/><T118/><D118/><U132/><E85/><V61/><F135/><W5/><G126/><T54/><D35/><U60/><E124/><V64/><F101/><W120/><G110/><T127/><D17/><U34/><E132/><V59/><F32/><W4/><G120/><T94/><REACH who="0" step="1"/><D127/><REACH who="0" ten="303,230,165,292" step="2"/><U39/><E34/><V12/><REACH who="2" step="1"/><F117/><REACH who="2" ten="303,230,155,292" step="2"/><W125/><G125/><T51/><D51/><U53/><E37/><V99/><F99/><W20/><G4/><T25/><D25/><U18/><E39/><V33/><F33/><W49/><G49/><T82/><D82/><U103/><E81/><V131/><F131/><W88/><G5/><T98/><D98/><U43/><E80/><V115/><F115/><W130/><G130/><T119/><D119/><U116/><E116/><V133/><F133/><W56/><G27/><T50/><D50/><U96/><E83/><V77/><N who="2" m="19456" /><DORA hai="23" /><V57/><F57/><W1/><G56/><T86/><D86/><U92/><E96/><V70/><F70/><W65/><G1/><T84/><D84/><U95/><E72/><V31/><F31/><W62/><G29/><T93/><D93/><U46/><E28/><V11/><F11/><W90/><G30/><T58/><D58/><U42/><E75/><V69/><F69/><N who="3" m="42167" /><G20/><AGARI ba="0,2" hai="12,14,19,20,26,59,61,63,64,67,71" m="19456" machi="20" ten="50,8000,1" yaku="1,1,52,1,53,2" doraHai="113,23" doraHaiUra="10,48" who="2" fromWho="3" sc="303,0,230,0,155,100,292,-80" owari="303,40.3,230,-17.0,255,5.5,212,-28.8" /></mjloggm>