<mjloggm ver="2.3"><GO type="225" lobby="0"/><UN n0="%E6%AF%9B%E8%8D%92%E3%82%8C%E3%83%BB%E3%82%B9%E3%83%9F%E3%82%B9" n1="%6B%65%6E%6E%64%69" n2="%E3%82%82%E3%81%90%E3%82%89" n3="%4B%2E%32%2E%4B%2E" dan="16,16,17,16" rate="2105.72,2151.06,2228.89,2171.89" sx="F,M,M,M"/><TAIKYOKU oya="0"/><INIT seed="0,0,0,0,2,57" ten="250,250,250,250" oya="0" hai0="29,10,92,42,98,130,125,61,53,8,116,128,36" hai1="114,78,96,23,81,50,43,52,123,46,2,49,74" hai2="126,91,127,11,65,13,58,87,34,111,108,44,25" hai3="107,124,16,80,60,106,120,63,133,103,69,12,79"/><T75/><D116/><U17/><E114/><V117/><F117/><W109/><G109/><N who="2" m="42057" /><F44/><W56/><G69/><T14/><D125/><N who="2" m="47626" /><F34/><W83/><G124/><T101/><D75/><U39/><E123/><V54/><F25/><W115/><G115/><T110/><D110/><U48/><E96/><V71/><F65/><W35/><G35/><T47/><D29/><U118/><E2/><V72/><F71/><W27/><G27/><T3/><D3/><U84/><E118/><V77/><F77/><W28/><G28/><T99/><D98/><U40/><E40/><V112/><F72/><W97/><G79/><T51/><D8/><U30/><E30/><V26/><F26/><W9/><G120/><T67/><D36/><U32/><E32/><V0/><F0/><W66/><G66/><T19/><REACH who="0" step="1"/><D42/><REACH who="0" ten="240,250,250,250" step="2"/><U22/><E74/><V33/><F112/><W64/><G9/><T134/><D134/><U55/><REACH who="1" step="1"/><E23/><REACH who="1" ten="240,240,250,250" step="2"/><V45/><F33/><W5/><G133/><T7/><D7/><U24/><AGARI ba="0,2" hai="17,22,24,39,43,46,48,49,50,52,55,78,81,84" machi="24" ten="30,7900,0" yaku="1,1,2,1,0,1,54,1,53,0" doraHai="57" doraHaiUra="95" who="1" fromWho="1" sc="240,-39,240,99,250,-20,250,-20" /><INIT seed="1,0,0,3,2,63" ten="201,339,230,230" oya="1" hai0="30,81,5,13,83,78,80,69,26,50,70,67,40" hai1="9,124,84,41,0,88,92,125,56,3,23,104,86" hai2="74,24,73,102,46,126,42,128,16,133,103,6,100" hai3="52,94,15,60,20,96,87,7,38,66,134,112,36"/><U29/><E104/><V21/><F128/><W10/><G112/><T75/><D5/><U11/><E41/><V111/><F111/><W107/><G134/><T82/><D13/><U119/><E119/><V8/><F133/><W113/><G113/><T4/><D4/><U91/><E56/><V19/><F19/><W72/><G72/><T39/><D39/><U115/><E115/><V65/><F126/><N who="1" m="48745" /><E23/><V2/><REACH who="2" step="1"/><F65/><REACH who="2" ten="201,339,220,230" step="2"/><W109/><G66/><T105/><D105/><U59/><E29/><V61/><F61/><W110/><G60/><T33/><REACH who="0" step="1"/><D67/><REACH who="0" ten="191,339,220,230" step="2"/><U99/><E0/><V79/><F79/><W64/><G64/><T121/><D121/><U48/><E3/><V85/><F85/><W12/><G87/><T114/><D114/><U77/><E77/><V27/><F27/><W122/><G107/><T131/><D131/><U49/><E84/><V43/><F43/><W22/><G122/><T51/><D51/><AGARI ba="0,2" hai="2,6,8,16,21,24,42,46,51,73,74,100,102,103" machi="51" ten="40,2600,0" yaku="1,1,54,1,53,0" doraHai="63" doraHaiUra="135" who="2" fromWho="0" sc="191,-26,339,0,220,46,230,0" /><INIT seed="2,0,0,0,0,3" ten="165,339,266,230" oya="2" hai0="25,38,125,1,132,103,80,83,31,20,84,59,95" hai1="130,76,79,109,29,81,60,92,28,120,93,135,110" hai2="9,56,107,106,10,58,119,86,74,115,127,117,47" hai3="15,26,113,63,22,68,44,11,75,19,12,101,54"/><V16/><F74/><W122/><G122/><T124/><D132/><U87/><E135/><V13/><F115/><W126/><G75/><T30/><D38/><U116/><E116/><V100/><F127/><W55/><G126/><T52/><D1/><U23/><E120/><V82/><F47/><W49/><G113/><T72/><D31/><U21/><E60/><V94/><F94/><W102/><G15/><T71/><D71/><U65/><E65/><V123/><F123/><W69/><G69/><T88/><D80/><U14/><E130/><V24/><F24/><W6/><G68/><T121/><D121/><U34/><E34/><V5/><F117/><W91/><G91/><T37/><D37/><U105/><E105/><V78/><F119/><W118/><G118/><T108/><D108/><N who="1" m="41579" /><E76/><V73/><F73/><W18/><G19/><T32/><D32/><U7/><E23/><V41/><F41/><W62/><G62/><T2/><D2/><U97/><E93/><V33/><F33/><W70/><G70/><T17/><D30/><U77/><E79/><V114/><F114/><W128/><G128/><T129/><D129/><U111/><E111/><V53/><F100/><W36/><G36/><T98/><REACH who="0" step="1"/><D72/><REACH who="0" ten="155,339,266,230" step="2"/><U8/><E29/><V61/><F58/><AGARI ba="0,1" hai="6,11,12,18,22,26,44,49,54,55,58,63,101,102" machi="58" ten="40,2600,0" yaku="8,1,52,1" doraHai="3" who="3" fromWho="2" sc="155,0,339,0,266,-26,230,36" /><INIT seed="3,0,0,2,0,124" ten="155,339,240,266" oya="3" hai0="52,8,54,64,21,92,20,33,78,86,129,69,83" hai1="40,79,39,113,118,46,10,122,117,53,50,16,109" hai2="73,106,81,0,85,128,121,3,61,89,87,107,29" hai3="91,75,105,14,42,45,15,68,131,34,28,103,94"/><W126/><G75/><T4/><D33/><U102/><E113/><V70/><F121/><W58/><G68/><T51/><D54/><U98/><E122/><V18/><F73/><W97/><G126/><T96/><D64/><U82/><E109/><V74/><F74/><W101/><G131/><T43/><D43/><U119/><E16/><V133/><F29/><W49/><G101/><T67/><D67/><U72/><E10/><V23/><F133/><W71/><G71/><T134/><D69/><U37/><E40/><V19/><F70/><W88/><G91/><T135/><D129/><U127/><E127/><V6/><F6/><W62/><G28/><T60/><D60/><U31/><E31/><V47/><F47/><W123/><G34/><T115/><D115/><U48/><E50/><V38/><F38/><W76/><G76/><T63/><D63/><U35/><E35/><V108/><F61/><W130/><G130/><T30/><D30/><U56/><E56/><V7/><F7/><W80/><G80/><T22/><D8/><U57/><E57/><V120/><F81/><W36/><G36/><T32/><D4/><U116/><E116/><V11/><F11/><W13/><G123/><T125/><D32/><U5/><E5/><V44/><F120/><W27/><G27/><T1/><D1/><U59/><E59/><V99/><F0/><W77/><G77/><T95/><D125/><U25/><E25/><V110/><F3/><W65/><G13/><T2/><D2/><U55/><E55/><V84/><F128/><W112/><G112/><T111/><D111/><RYUUKYOKU ba="0,0" sc="155,-15,339,15,240,-15,266,15" hai1="37,39,46,48,53,72,79,82,98,102,117,118,119" hai3="14,15,42,45,49,58,62,65,88,94,97,103,105" /><INIT seed="3,1,0,1,3,121" ten="140,354,225,281" oya="3" hai0="58,120,24,67,41,45,117,53,39,70,107,81,127" hai1="56,1,134,44,26,96,112,5,131,60,20,12,85" hai2="80,29,82,46,86,122,21,27,77,89,104,32,17" hai3="78,38,6,119,123,83,4,57,130,47,75,92,76"/><W42/><G119/><T84/><D117/><U10/><E131/><V43/><F122/><W11/><G123/><T110/><D120/><U15/><E112/><V49/><F104/><W16/><G130/><T133/><D127/><U118/><E118/><V23/><REACH who="2" step="1"/><F17/><REACH who="2" ten="140,354,215,281" step="2"/><W65/><G78/><T9/><D107/><U129/><E129/><V105/><F105/><W126/><G126/><T124/><D124/><U100/><E134/><V33/><F33/><W14/><REACH who="3" step="1"/><G92/><REACH who="3" ten="140,354,215,271" step="2"/><T34/><D133/><U55/><E96/><V37/><F37/><W48/><G48/><T114/><D39/><U30/><E85/><AGARI ba="1,2" hai="21,23,27,29,32,43,46,49,77,80,82,85,86,89" machi="85" ten="30,2000,0" yaku="1,1,7,1,53,0" doraHai="121" doraHaiUra="135" who="2" fromWho="1" sc="140,0,354,-23,215,43,271,0" owari="140,-36.0,331,43.1,258,-14.2,271,7.1" /></mjloggm>