<mjloggm ver="2.3"><GO type="225" lobby="0"/><UN n0="%72%69%6F%75%63%68%61%6E" n1="%E3%81%99%E3%81%84%E3%81%BE%E3%81%9B%E3%83%BC%E3%82%93" n2="%E6%98%BC%E4%B8%8B%E3%81%8C%E3%82%8A%E3%81%AE%E5%9B%A3%E5%9C%B0%E5%A6%BB" n3="%E3%83%89%E3%83%A9%E3%81%8F%E3%82%8C" dan="16,18,16,16" rate="2180.72,2175.68,2151.03,2186.64" sx="M,M,F,M"/><TAIKYOKU oya="0"/><INIT seed="0,0,0,1,3,118" ten="250,250,250,250" oya="0" hai0="43,28,84,46,6,117,22,52,9,60,47,93,25" hai1="107,59,21,130,10,103,94,95,30,56,97,19,38" hai2="44,27,76,98,33,83,55,48,32,77,110,75,132" hai3="125,89,16,101,54,78,112,111,124,105,122,99,4"/><T87/><D117/><U96/><E130/><V135/><F110/><W68/><G112/><T58/><D93/><U13/><E38/><V72/><F98/><W71/><G111/><T67/><D67/><U45/><E45/><V36/><F36/><W113/><G113/><T126/><D126/><N who="3" m="48745" /><G4/><T40/><D46/><U63/><E107/><V29/><REACH who="2" step="1"/><F33/><REACH who="2" ten="250,250,240,250" step="2"/><W120/><G78/><T119/><D119/><U3/><E96/><V121/><F121/><N who="3" m="46699" /><G89/><T88/><D88/><U66/><E103/><V15/><F15/><W23/><G54/><T114/><D114/><U39/><E13/><AGARI ba="0,1" hai="13,16,23,68,71,99,101,105" m="46699,48745" machi="13" ten="30,12000,2" yaku="18,1,13,1,52,3,54,1" doraHai="118" who="3" fromWho="1" sc="250,0,250,-120,240,0,250,130" /><INIT seed="1,0,0,5,2,129" ten="250,130,240,380" oya="1" hai0="77,64,33,1,103,26,47,11,15,27,0,20,127" hai1="23,19,80,114,6,56,121,94,22,3,75,52,38" hai2="104,8,67,39,101,135,12,124,131,73,112,97,68" hai3="43,29,55,50,118,99,34,48,54,61,108,123,25"/><U40/><E114/><V128/><F112/><W69/><G123/><T37/><D64/><U122/><E94/><V57/><F68/><W134/><G108/><T65/><D65/><U46/><E22/><V96/><F39/><W13/><G118/><T87/><D37/><U32/><E32/><V82/><F124/><W93/><G43/><T81/><D47/><U72/><E72/><V85/><F73/><W51/><G69/><T92/><D127/><U116/><E116/><V133/><F96/><W125/><G61/><T36/><D36/><U28/><E28/><V63/><F12/><W2/><G2/><T24/><D33/><U4/><E4/><V78/><REACH who="2" step="1"/><F8/><REACH who="2" ten="250,130,230,380" step="2"/><W113/><G13/><T18/><REACH who="0" step="1"/><D11/><REACH who="0" ten="240,130,230,380" step="2"/><N who="1" m="2527" /><E23/><V86/><F86/><W53/><G125/><T100/><D100/><U16/><E122/><V132/><AGARI ba="0,2" hai="57,63,67,78,82,85,97,101,104,128,131,132,133,135" machi="132" ten="40,12000,2" yaku="1,1,0,1,20,1,52,3,53,0" doraHai="129" doraHaiUra="71" who="2" fromWho="2" sc="240,-30,130,-60,230,140,380,-30" /><INIT seed="2,0,0,4,5,61" ten="210,70,370,350" oya="2" hai0="80,47,7,84,2,110,42,91,109,125,49,87,60" hai1="56,6,31,106,69,71,81,25,10,74,96,94,0" hai2="100,92,35,14,90,122,72,66,19,73,126,117,83" hai3="113,131,89,111,97,112,46,17,54,86,39,1,58"/><V114/><F114/><N who="3" m="44139" /><G1/><T88/><D125/><U11/><E106/><V77/><F117/><W104/><G17/><T28/><D28/><U135/><E135/><V85/><F35/><W103/><G46/><T93/><REACH who="0" step="1"/><D60/><REACH who="0" ten="200,70,370,350" step="2"/><U16/><E74/><V115/><F126/><W107/><G131/><T98/><D98/><U4/><E81/><V108/><F115/><W102/><G97/><T118/><D118/><U124/><E124/><V82/><F73/><W65/><G111/><T53/><D53/><U40/><E40/><V9/><F108/><W116/><G54/><T20/><D20/><U15/><E6/><V105/><F83/><W36/><G116/><T120/><D120/><U57/><E71/><V121/><F66/><W23/><G23/><T76/><D76/><U128/><E69/><V62/><F62/><W123/><G123/><T3/><D3/><U38/><E128/><V27/><F121/><W63/><G63/><T24/><D24/><U41/><E41/><V8/><F122/><W134/><G65/><T26/><D26/><U50/><E50/><V127/><F127/><W67/><G67/><T133/><D133/><U51/><E51/><V21/><F27/><W22/><G22/><T70/><D70/><U101/><REACH who="1" step="1"/><E38/><REACH who="1" ten="200,60,370,350" step="2"/><V5/><F5/><W129/><G39/><T55/><D55/><U33/><AGARI ba="0,2" hai="0,4,10,11,15,16,25,31,33,56,57,94,96,101" machi="33" ten="20,8000,1" yaku="1,1,2,1,0,1,7,1,54,1,53,0" doraHai="61" doraHaiUra="68" who="1" fromWho="1" sc="200,-20,60,100,370,-40,350,-20" /><INIT seed="3,0,0,2,3,132" ten="180,160,330,330" oya="3" hai0="127,44,130,89,81,22,103,41,17,18,119,105,86" hai1="135,71,59,131,19,107,67,116,16,110,66,82,0" hai2="125,122,88,27,40,121,21,33,51,68,43,126,58" hai3="37,60,23,98,93,45,84,85,46,83,63,11,7"/><W100/><G23/><T24/><D127/><N who="2" m="48650" /><F68/><W117/><G117/><T129/><D119/><U78/><E116/><V26/><F88/><W94/><G94/><T108/><D108/><U50/><E0/><V15/><F15/><N who="3" m="5631" /><G37/><N who="0" m="21551" /><D105/><U111/><E107/><V49/><F33/><W65/><G85/><T134/><D103/><U79/><E135/><V106/><F106/><W29/><G29/><N who="0" m="17559" /><D134/><U39/><E39/><V30/><F27/><W114/><G114/><T36/><D36/><U42/><E71/><V76/><F76/><N who="1" m="29225" /><E82/><V8/><F8/><W34/><G34/><T32/><D32/><U80/><E80/><V1/><F1/><W128/><G128/><AGARI ba="0,0" hai="17,18,81,86,89,128,129,130" m="17559,21551" machi="128" ten="30,1000,0" yaku="19,1" doraHai="132" who="0" fromWho="3" sc="180,10,160,0,330,0,330,-10" owari="190,-21.0,160,-34.0,330,43.0,320,12.0" /></mjloggm>