<mjloggm ver="2.3"><GO type="225" lobby="0"/><UN n0="%28%EF%BF%A3%E2%96%BD%EF%BF%A3%29%CE%B4%E2%8C%92%E3%83%BB" n1="%E3%81%86%E3%83%BC%E3%81%B1%E3%83%BC" n2="%6D%75%75%6D%75%72%61" n3="%E3%82%B2%E3%82%B9%E8%8C%82%E5%8B%9D" dan="16,16,16,16" rate="2117.32,2141.17,2082.94,2036.09" sx="M,F,F,F"/><TAIKYOKU oya="0"/><INIT seed="0,0,0,2,5,81" ten="250,250,250,250" oya="0" hai0="99,123,71,20,119,72,43,10,58,50,33,80,135" hai1="127,12,109,117,67,40,97,77,46,98,66,27,60" hai2="87,105,106,64,69,102,11,122,5,126,51,83,8" hai3="129,82,78,14,28,41,15,89,91,3,48,55,16"/><T86/><D33/><U29/><E117/><V112/><F122/><W17/><G129/><T114/><D71/><U70/><E109/><V42/><F112/><W57/><G3/><T94/><D72/><U111/><E111/><V1/><F126/><W125/><G125/><T18/><D119/><U96/><E127/><V31/><F31/><W38/><G28/><T2/><D123/><U49/><E67/><V19/><F64/><W24/><G24/><T54/><D114/><U76/><REACH who="1" step="1"/><E12/><REACH who="1" ten="250,240,250,250" step="2"/><V32/><F1/><W110/><G110/><T22/><D2/><U0/><E0/><V120/><F120/><W4/><G14/><N who="0" m="7511" /><D135/><U85/><E85/><V39/><F87/><W52/><G15/><T34/><D34/><AGARI ba="0,1" hai="27,29,34,40,46,49,60,66,70,76,77,96,97,98" machi="34" ten="40,2600,0" yaku="1,1,53,1" doraHai="81" doraHaiUra="61" who="1" fromWho="0" sc="250,-26,240,36,250,0,250,0" /><INIT seed="1,0,0,4,3,8" ten="224,276,250,250" oya="1" hai0="83,107,85,28,23,4,71,72,45,118,25,24,78" hai1="3,70,69,124,102,97,39,18,0,57,98,76,74" hai2="105,14,100,32,90,110,92,84,96,87,21,30,27" hai3="9,67,6,82,89,68,29,119,17,51,81,123,52"/><U86/><E39/><V34/><F110/><W114/><G123/><T61/><D107/><U106/><E124/><V64/><F64/><W19/><G114/><T79/><D118/><U125/><E125/><V55/><F55/><W22/><G119/><T130/><D130/><U2/><E97/><V53/><F53/><W75/><G29/><T132/><D132/><U41/><E41/><V129/><F129/><W104/><G104/><T133/><D133/><U135/><E135/><V93/><REACH who="2" step="1"/><F14/><REACH who="2" ten="224,276,240,250" step="2"/><W16/><G67/><T101/><D45/><U56/><E69/><V35/><F35/><W91/><G68/><T80/><D71/><U66/><E66/><V88/><AGARI ba="0,1" hai="21,27,30,32,34,84,87,88,90,92,93,96,100,105" machi="88" ten="30,7900,0" yaku="1,1,0,1,9,1,54,1,53,0" doraHai="8" doraHaiUra="46" who="2" fromWho="2" sc="224,-20,276,-39,240,89,250,-20" /><INIT seed="2,0,0,1,0,106" ten="204,237,329,230" oya="2" hai0="50,26,16,112,3,33,86,115,99,88,133,128,126" hai1="28,4,122,90,56,65,17,53,100,66,57,98,5" hai2="1,110,29,75,43,121,87,73,25,9,77,80,127" hai3="120,71,118,13,89,125,15,2,76,51,34,114,78"/><V131/><F121/><W111/><G120/><T0/><D128/><U48/><E122/><V129/><F127/><W40/><G114/><T123/><D126/><U60/><E65/><V79/><F110/><W62/><G2/><T95/><D123/><U132/><E132/><V58/><F43/><W67/><G111/><T119/><D133/><U84/><E28/><V102/><F102/><W10/><G125/><T35/><D119/><U82/><REACH who="1" step="1"/><E17/><REACH who="1" ten="204,227,329,230" step="2"/><V103/><F29/><W41/><G118/><T52/><D112/><U45/><E45/><V69/><F129/><W38/><G67/><T49/><D115/><U30/><E30/><V83/><F131/><W92/><G34/><T117/><D117/><U19/><E19/><V74/><F58/><W94/><G71/><T42/><D35/><U96/><E96/><V61/><F69/><W101/><G38/><T109/><D33/><U46/><E46/><V64/><F64/><W85/><G40/><T39/><D109/><U72/><E72/><V20/><F73/><W7/><G41/><T8/><D39/><U24/><E24/><V55/><F74/><W124/><G124/><T6/><D42/><U130/><E130/><V18/><F75/><W135/><G135/><T32/><D32/><U108/><E108/><V104/><F18/><W116/><G116/><T91/><D52/><U70/><E70/><V47/><F55/><W93/><G85/><T105/><D0/><U63/><E63/><V27/><F1/><W54/><G54/><T37/><D37/><U36/><E36/><V113/><F113/><W22/><G15/><RYUUKYOKU ba="0,1" sc="204,-10,227,30,329,-10,230,-10" hai1="4,5,48,53,56,57,60,66,82,84,90,98,100" /><INIT seed="3,1,1,3,1,79" ten="194,257,319,220" oya="3" hai0="64,127,20,111,125,85,13,119,60,55,95,130,29" hai1="70,133,19,57,3,109,101,42,129,6,44,11,105" hai2="47,132,114,48,9,96,110,120,45,69,108,100,27" hai3="67,31,86,14,17,66,15,18,52,134,94,51,82"/><W38/><G134/><T53/><D119/><U39/><E70/><V46/><F132/><W88/><G38/><T24/><D111/><N who="2" m="42538" /><F114/><W4/><G31/><T115/><D115/><U76/><E109/><V80/><F69/><W16/><G94/><T65/><D130/><U123/><E133/><V50/><F120/><W10/><G15/><T35/><D35/><U112/><E57/><AGARI ba="1,1" hai="4,10,14,16,17,18,51,52,57,66,67,82,86,88" machi="57" ten="40,12000,1" yaku="8,1,52,1,54,3" doraHai="79" who="3" fromWho="1" sc="194,0,257,-123,319,0,220,133" owari="194,-20.6,134,-36.6,319,11.9,353,45.3" /></mjloggm>