<mjloggm ver="2.3"><GO type="225" lobby="0"/><UN n0="%E5%AF%82%E5%AF%9E%E3%82%AE%E3%83%8D%E3%82%B9%E3%83%93%E3%83%BC%E3%83%AB" n1="%E3%81%86%E3%83%BC%E3%81%B1%E3%83%BC" n2="%E3%81%82%E3%81%99%E3%81%AB%E3%82%83%E3%82%80" n3="%E7%B4%94%E6%BD%94%E3%83%94%E3%83%A9%E3%83%8B%E3%82%A2" dan="16,16,16,18" rate="2129.09,2177.46,2125.70,2188.05" sx="M,F,F,M"/><TAIKYOKU oya="0"/><INIT seed="0,0,0,4,4,73" ten="250,250,250,250" oya="0" hai0="1,43,39,83,10,107,3,26,52,25,94,65,31" hai1="62,82,89,0,11,124,16,14,101,106,92,64,34" hai2="36,134,91,2,69,15,121,97,130,78,86,128,112" hai3="49,93,8,77,47,72,113,40,129,35,115,4,109"/><T71/><D107/><U88/><E34/><V59/><F69/><W20/><G35/><T105/><D105/><U102/><E106/><V60/><F2/><W133/><G109/><T81/><D94/><U108/><E124/><V56/><F121/><W23/><G129/><N who="2" m="49769" /><F112/><W67/><G67/><T135/><D135/><U54/><E0/><V87/><F36/><W68/><G68/><T117/><D117/><U84/><E108/><V57/><F134/><W29/><G93/><T33/><D25/><U44/><E64/><V12/><F60/><W123/><G123/><T38/><D65/><U30/><E30/><V55/><F55/><W18/><G29/><T96/><D71/><U58/><REACH who="1" step="1"/><E44/><REACH who="1" ten="250,240,250,250" step="2"/><V46/><F46/><W66/><G66/><T42/><D31/><U70/><E70/><V74/><F97/><AGARI ba="0,1" hai="11,14,16,54,58,62,82,84,88,89,92,97,101,102" machi="97" ten="30,12000,2" yaku="1,1,7,1,8,1,54,2,53,1" doraHai="73" doraHaiUra="5" who="1" fromWho="2" sc="250,0,240,130,250,-120,250,0" /><INIT seed="1,0,0,5,1,52" ten="250,370,130,250" oya="1" hai0="135,13,36,5,24,83,127,50,70,89,54,4,64" hai1="31,14,48,15,40,82,118,85,78,74,123,92,68" hai2="61,115,132,76,113,100,25,75,122,94,105,30,84" hai3="117,42,133,81,134,116,22,27,62,47,60,49,59"/><U87/><E118/><N who="3" m="45674" /><G81/><T124/><D36/><U44/><E123/><V53/><F122/><W91/><G91/><T17/><D135/><N who="3" m="51721" /><G27/><T96/><D24/><U97/><E68/><V101/><F132/><W56/><G22/><T110/><D64/><U106/><E31/><V108/><F108/><W107/><G107/><T79/><D70/><U16/><E14/><V11/><F11/><W33/><G33/><T3/><D110/><U20/><E106/><V99/><F101/><AGARI ba="0,0" hai="15,16,20,40,44,48,74,78,82,85,87,92,97,101" machi="101" ten="30,2900,0" yaku="7,1,54,1" doraHai="52" who="1" fromWho="2" sc="250,0,370,29,130,-29,250,0" /><INIT seed="1,1,0,2,4,31" ten="250,399,101,250" oya="1" hai0="20,19,14,76,25,117,17,98,78,104,64,43,133" hai1="132,30,11,13,129,90,85,18,0,84,112,21,103" hai2="96,99,91,123,109,37,116,27,26,77,92,69,29" hai3="93,39,53,131,6,88,121,22,95,134,82,125,127"/><U52/><E112/><V66/><F109/><W62/><G121/><T40/><D117/><U16/><E129/><V9/><F116/><W1/><G39/><T75/><D75/><U47/><E132/><V97/><F123/><W42/><G42/><N who="0" m="15915" /><D104/><U7/><E103/><V50/><F37/><W41/><G41/><T5/><D133/><U8/><E30/><V56/><F77/><N who="0" m="29802" /><D64/><U54/><E84/><V102/><F69/><W72/><G72/><T28/><D98/><U115/><E47/><V65/><F9/><AGARI ba="1,0" hai="5,9,14,17,19,20,25,28" m="29802,15915" machi="9" ten="30,1000,0" yaku="8,1" doraHai="31" who="0" fromWho="2" sc="250,13,399,0,101,-13,250,0" /><INIT seed="2,0,0,3,2,88" ten="263,399,88,250" oya="2" hai0="37,11,119,110,6,53,101,94,16,133,103,108,67" hai1="25,58,8,74,84,26,86,72,22,113,95,57,48" hai2="135,27,19,12,62,18,122,66,39,36,34,24,68" hai3="44,17,51,20,125,59,31,116,81,46,89,32,112"/><V98/><F135/><W43/><G116/><T109/><D133/><U102/><E74/><V91/><F122/><W47/><G112/><T60/><D119/><U78/><E72/><V23/><F34/><W41/><G125/><T129/><D37/><U0/><E0/><V61/><F61/><W52/><G31/><T40/><D40/><U29/><E8/><V126/><F126/><W13/><G32/><T5/><D53/><U76/><E113/><V127/><F127/><W96/><G81/><T3/><D129/><U73/><E73/><V1/><F1/><W131/><G131/><T65/><D5/><U69/><E69/><V132/><F132/><W77/><G77/><N who="1" m="29802" /><E26/><V21/><REACH who="2" step="1"/><F12/><REACH who="2" ten="263,399,78,250" step="2"/><W14/><G13/><T64/><D60/><U100/><E48/><V15/><F15/><W75/><G75/><T115/><D115/><U83/><E25/><V28/><F28/><W82/><G82/><T128/><D128/><U134/><E29/><V106/><F106/><W93/><AGARI ba="0,1" hai="14,17,20,41,43,44,46,47,51,52,59,89,93,96" machi="93" ten="30,7900,0" yaku="0,1,8,1,52,1,54,1" doraHai="88" who="3" fromWho="3" sc="263,-20,399,-20,78,-39,250,89" /><INIT seed="3,0,0,4,4,66" ten="243,379,39,339" oya="3" hai0="1,68,60,101,11,112,133,135,49,88,104,126,111" hai1="125,31,32,92,58,85,103,128,57,124,72,100,110" hai2="106,6,50,30,34,118,131,3,42,127,98,130,73" hai3="43,41,97,80,78,65,14,63,83,39,7,120,102"/><W123/><G120/><T96/><D111/><U95/><E128/><V56/><F118/><W9/><G123/><T12/><D126/><N who="1" m="48747" /><E72/><V74/><F127/><W132/><G132/><T87/><D112/><U48/><E110/><V107/><F56/><N who="1" m="21609" /><E48/><V93/><F50/><W23/><G23/><T113/><D113/><U115/><E115/><V94/><F42/><W15/><G15/><T53/><D1/><U71/><E71/><V5/><F30/><W36/><G43/><T116/><D116/><U16/><E16/><V25/><F25/><W22/><G22/><T44/><D60/><U27/><E92/><V117/><F3/><W76/><G76/><T10/><D68/><U26/><E27/><V90/><F34/><W38/><G41/><T61/><D61/><U40/><E40/><V28/><F28/><W35/><G35/><T69/><D69/><U59/><E59/><V122/><F117/><W18/><G18/><T79/><D79/><U114/><E114/><V29/><F29/><W20/><G20/><T0/><D0/><U77/><E77/><V24/><F24/><W8/><G8/><T2/><D2/><U64/><E64/><V84/><F122/><W121/><G121/><T81/><REACH who="0" step="1"/><D10/><REACH who="0" ten="233,379,39,339" step="2"/><U54/><E54/><V13/><F13/><W45/><G63/><T70/><D70/><U99/><E103/><N who="2" m="60879" /><F5/><W129/><G65/><T51/><D51/><U21/><E32/><V105/><F6/><W37/><G78/><T46/><D46/><U17/><E31/><V134/><F134/><W67/><G67/><T4/><AGARI ba="0,1" hai="4,11,12,44,49,53,81,87,88,96,101,104,133,135" machi="4" ten="30,4000,0" yaku="1,1,0,1,54,1,53,0" doraHai="66" doraHaiUra="109" who="0" fromWho="0" sc="233,50,379,-10,39,-10,339,-20" owari="283,-11.7,369,46.9,29,-47.1,319,11.9" /></mjloggm>