<mjloggm ver="2.3"><GO type="225" lobby="0"/><UN n0="%E8%A8%88%E7%AE%97%E6%A9%9F%E8%87%AA%E7%84%B6" n1="%E3%81%A1%E3%82%85%E3%81%86%E3%81%A9%E3%81%8F%E8%B1%A1%E3%81%95%E3%82%93" n2="%E3%81%99%E3%81%84%E3%81%BE%E3%81%9B%E3%83%BC%E3%82%93" n3="%E6%A0%B9%E5%85%83%E3%81%8B%E3%82%89%E5%90%B9%E3%81%A3%E9%A3%9B%E3%81%B6" dan="17,17,16,16" rate="2212.32,2184.90,2147.96,2162.32" sx="M,M,M,F"/><TAIKYOKU oya="0"/><INIT seed="0,0,0,1,4,71" ten="250,250,250,250" oya="0" hai0="110,135,129,23,104,103,56,34,115,95,76,51,0" hai1="121,21,100,40,97,19,90,13,75,36,9,61,122" hai2="118,27,72,77,125,49,86,45,28,120,73,88,7" hai3="105,87,12,84,132,131,65,85,10,112,106,116,54"/><T30/><D115/><U60/><E75/><V55/><F120/><W20/><G116/><T74/><D0/><U70/><E90/><V46/><F118/><W1/><G112/><T44/><D129/><U89/><E89/><V14/><F125/><W91/><G132/><T79/><D104/><U5/><E61/><V53/><F77/><W24/><G1/><T133/><D34/><U41/><E60/><V83/><F7/><W107/><G65/><T57/><D30/><U82/><E82/><V98/><F14/><W66/><G66/><T17/><D110/><U63/><E63/><V6/><F6/><W32/><G54/><T29/><D29/><U8/><E8/><V15/><F15/><W59/><G59/><N who="0" m="22603" /><D74/><U123/><E70/><V47/><F98/><W4/><G32/><T52/><D133/><U35/><E35/><V96/><F96/><W111/><G131/><T43/><D43/><U37/><E41/><V126/><F126/><W109/><REACH who="3" step="1"/><G91/><REACH who="3" ten="250,250,250,240" step="2"/><T92/><D135/><U39/><E40/><V108/><F108/><W22/><G22/><T124/><D124/><U99/><REACH who="1" step="1"/><E100/><REACH who="1" ten="250,240,250,240" step="2"/><V119/><F119/><W69/><G69/><T127/><D127/><U64/><E64/><V114/><F114/><W3/><G3/><AGARI ba="0,2" hai="3,5,9,13,19,21,36,37,39,97,99,121,122,123" machi="3" ten="50,8000,1" yaku="1,1,52,3,53,0" doraHai="71" doraHaiUra="101" who="1" fromWho="3" sc="250,0,240,100,250,0,240,-80" /><INIT seed="1,0,0,4,3,66" ten="250,340,250,160" oya="1" hai0="54,116,131,11,59,48,96,115,70,12,79,20,29" hai1="76,85,28,102,45,26,77,33,15,42,94,35,21" hai2="10,109,31,43,38,117,122,104,55,72,71,110,34" hai3="16,93,67,69,100,65,112,124,61,22,19,97,99"/><U82/><E76/><V50/><F117/><W0/><G112/><T52/><D115/><U125/><E125/><V101/><F122/><W87/><G0/><T130/><D116/><U68/><E15/><V75/><F71/><W49/><G124/><T41/><D41/><U13/><E13/><V106/><F43/><W23/><G87/><T51/><D79/><U80/><E68/><V86/><F38/><W90/><G49/><T84/><D84/><U2/><E2/><V8/><F86/><W105/><REACH who="3" step="1"/><G67/><REACH who="3" ten="250,340,250,150" step="2"/><T73/><D48/><U132/><E85/><V17/><F50/><W134/><G134/><T24/><D51/><U111/><E132/><V44/><F44/><W81/><G81/><T40/><D40/><U118/><E80/><V32/><F75/><W1/><G1/><T114/><D73/><U123/><E82/><V88/><F72/><W103/><G103/><T119/><D114/><U25/><E102/><V5/><F101/><W95/><G95/><T27/><D119/><U128/><E94/><V135/><F135/><W127/><G127/><T98/><D54/><U56/><E45/><V129/><F55/><W63/><G63/><T53/><D53/><U120/><E42/><V121/><F106/><W18/><AGARI ba="0,1" hai="16,18,19,22,23,61,65,69,90,93,97,99,100,105" machi="18" ten="30,8000,1" yaku="1,1,0,1,52,1,54,1,53,1" doraHai="66" doraHaiUra="64" who="3" fromWho="3" sc="250,-20,340,-40,250,-20,150,90" /><INIT seed="2,0,0,3,5,90" ten="230,300,230,240" oya="2" hai0="24,41,117,112,120,58,59,5,17,16,39,44,9" hai1="0,53,129,7,65,70,119,118,56,19,63,60,11" hai2="71,122,93,108,3,66,91,73,84,43,95,121,49" hai3="45,83,51,110,114,101,94,100,22,47,96,64,92"/><V81/><F3/><W21/><G110/><T55/><D120/><U128/><REACH who="1" step="1"/><E19/><REACH who="1" ten="230,290,230,240" step="2"/><V42/><F108/><W116/><G114/><T76/><D112/><U98/><E98/><V115/><F115/><W23/><G96/><T74/><D17/><U62/><E62/><V103/><F122/><W25/><G116/><AGARI ba="0,1" hai="0,7,11,53,56,60,63,65,70,116,118,119,128,129" machi="116" ten="40,5200,0" yaku="21,2,53,1" doraHai="90" doraHaiUra="54" who="1" fromWho="3" sc="230,0,290,62,230,0,240,-52" /><INIT seed="3,0,0,2,0,56" ten="230,352,230,188" oya="3" hai0="118,83,77,113,103,42,94,20,92,46,40,6,124" hai1="14,74,28,130,100,65,89,88,127,19,61,11,76" hai2="105,84,104,85,32,79,64,69,3,99,126,30,101" hai3="125,17,31,132,4,25,80,87,120,0,23,35,98"/><W49/><G120/><T82/><D118/><U12/><E100/><V93/><F3/><W34/><G125/><T47/><D124/><U135/><E28/><V96/><F126/><W112/><G132/><T53/><D113/><U68/><E130/><V121/><F121/><W70/><G112/><T73/><D6/><U102/><E102/><N who="2" m="62535" /><F93/><N who="0" m="35946" /><D73/><U131/><E131/><V39/><F79/><W60/><G70/><T128/><D103/><U51/><E76/><V72/><F39/><W115/><G98/><T33/><D33/><U117/><E51/><V123/><F72/><W129/><G115/><T5/><D5/><U106/><E14/><V90/><F90/><W75/><G75/><T59/><D20/><U44/><E44/><N who="0" m="16937" /><D128/><U22/><E106/><V133/><F123/><W37/><G37/><T109/><D109/><U66/><E89/><V50/><F133/><W119/><G119/><T111/><D111/><U13/><E88/><V95/><F105/><W2/><G129/><T45/><D45/><U16/><E74/><V114/><F114/><W43/><G60/><N who="0" m="35951" /><D77/><U55/><E55/><V122/><F122/><W54/><G4/><T67/><D67/><U7/><E117/><V107/><F107/><W97/><G97/><T58/><D58/><U8/><E127/><V108/><F108/><W1/><G43/><AGARI ba="0,0" hai="40,42,43,82,83" m="35951,16937,35946" machi="43" ten="30,2000,0" yaku="8,1,52,1" doraHai="56" who="0" fromWho="3" sc="230,20,352,0,230,0,188,-20" owari="250,5.0,352,45.2,230,-17.0,168,-33.2" /></mjloggm>