<mjloggm ver="2.3"><GO type="225" lobby="0"/><UN n0="%E3%82%82%E3%81%90%E3%82%89" n1="%E3%83%A1%E3%82%AC%E3%83%87%E3%82%B8" n2="%54%4F%52" n3="%72%61%6B%33" dan="17,16,17,18" rate="2216.79,2091.66,2217.53,2253.28" sx="M,F,M,M"/><TAIKYOKU oya="0"/><INIT seed="0,0,0,5,2,1" ten="250,250,250,250" oya="0" hai0="126,82,31,97,98,39,84,51,32,124,27,0,29" hai1="77,18,72,89,33,45,115,6,93,73,71,88,123" hai2="66,16,127,61,104,94,48,120,2,53,5,40,58" hai3="49,121,110,28,128,68,13,26,130,116,83,106,91"/><T7/><D39/><U95/><E123/><V86/><F120/><W103/><G116/><T133/><D31/><U42/><E33/><V43/><F104/><W111/><G68/><T38/><D38/><U59/><E71/><V34/><F34/><W100/><G49/><T41/><D41/><U44/><E115/><V85/><F127/><N who="0" m="48682" /><D51/><U79/><E18/><V63/><F63/><W107/><G13/><T24/><D24/><U11/><E59/><V36/><F36/><W9/><G9/><N who="0" m="2279" /><D133/><U8/><REACH who="1" step="1"/><E6/><REACH who="1" ten="250,240,250,250" step="2"/><V101/><F5/><W134/><G121/><T69/><D69/><U99/><E99/><V3/><F16/><W64/><G28/><T122/><D122/><U37/><E37/><V25/><F58/><W76/><G26/><T4/><D4/><U118/><E118/><V30/><F25/><W90/><G134/><T57/><D57/><U21/><E21/><V52/><F30/><W62/><G64/><T131/><D131/><U47/><E47/><V54/><F66/><W70/><G70/><T92/><D92/><U10/><E10/><V117/><F117/><W50/><G130/><T109/><D109/><U102/><E102/><V114/><F101/><W129/><G100/><T65/><D65/><U35/><E35/><V23/><F94/><W108/><G103/><T15/><D15/><U74/><E74/><V17/><F3/><W46/><G129/><T132/><D132/><U12/><E12/><V60/><F2/><W19/><G128/><T20/><D32/><U135/><E135/><V113/><F17/><W55/><G19/><T56/><D56/><RYUUKYOKU ba="0,1" sc="250,15,240,15,250,-15,250,-15" hai0="20,27,29,82,84,97,98" hai1="8,11,42,44,45,72,73,77,79,88,89,93,95" /><INIT seed="0,1,1,0,1,92" ten="265,255,235,235" oya="0" hai0="114,100,96,74,56,78,15,117,13,72,94,27,88" hai1="106,103,66,95,37,122,7,43,134,29,32,16,69" hai2="65,58,67,133,54,11,47,129,97,101,1,18,57" hai3="127,70,26,93,128,3,8,80,105,39,17,86,113"/><T73/><D117/><U115/><E122/><V9/><F133/><W123/><G26/><T22/><D114/><U84/><E7/><V71/><F129/><W19/><G8/><T126/><D126/><U28/><E134/><V42/><F71/><W25/><G25/><T20/><D78/><U75/><E75/><V44/><F1/><W14/><G14/><T132/><D132/><U125/><E125/><V110/><F110/><W53/><G53/><T59/><D100/><U31/><E37/><V5/><F18/><W76/><G17/><T2/><D2/><U82/><E43/><V107/><F47/><W116/><G19/><T98/><D98/><N who="1" m="61815" /><E95/><V102/><F102/><W36/><G93/><T130/><D130/><U48/><E48/><V38/><F58/><W90/><G3/><T124/><D124/><U41/><E41/><V83/><F83/><W4/><G80/><T51/><D56/><U63/><E16/><V62/><REACH who="2" step="1"/><F5/><REACH who="2" ten="265,255,225,235" step="2"/><W118/><G4/><T131/><D131/><U108/><E108/><V120/><F120/><W109/><G123/><T91/><D15/><U119/><E69/><V77/><F77/><W61/><G70/><T50/><D59/><U89/><E82/><V121/><F121/><W104/><G128/><T55/><D13/><U111/><E111/><V52/><F52/><W0/><G109/><T6/><D55/><U112/><E112/><V135/><F135/><W10/><G113/><T64/><D6/><U21/><E115/><V45/><F45/><W99/><G127/><T33/><D27/><U34/><E66/><AGARI ba="1,2" hai="9,11,38,42,44,54,57,62,65,66,67,97,101,107" machi="66" ten="40,8000,1" yaku="1,1,52,1,53,3" doraHai="92" doraHaiUra="60" who="2" fromWho="1" sc="265,0,255,-83,225,103,235,0" /><INIT seed="1,0,0,1,4,65" ten="265,172,328,235" oya="1" hai0="83,37,21,84,105,49,117,116,50,107,110,78,39" hai1="86,133,17,126,88,6,122,123,92,57,18,48,44" hai2="47,13,30,26,90,16,134,127,1,11,12,10,77" hai3="7,5,59,120,111,64,67,46,112,82,2,81,25"/><U119/><E119/><V114/><F77/><W130/><G111/><T124/><D110/><U109/><E109/><V72/><F72/><W91/><G130/><T129/><D129/><U43/><E126/><V41/><F127/><W42/><G112/><T40/><D124/><U121/><E133/><V115/><F1/><W125/><G120/><T85/><D21/><U63/><REACH who="1" step="1"/><E6/><REACH who="1" ten="265,162,328,235" step="2"/><V54/><F134/><W69/><G5/><T95/><D117/><U52/><AGARI ba="0,1" hai="17,18,43,44,48,52,57,63,86,88,92,121,122,123" machi="52" ten="30,12000,1" yaku="1,1,2,1,0,1,54,2,53,0" doraHai="65" doraHaiUra="27" who="1" fromWho="1" sc="265,-40,162,130,328,-40,235,-40" /><INIT seed="1,1,0,4,2,104" ten="225,292,288,195" oya="1" hai0="68,84,126,135,99,127,17,79,121,19,118,39,75" hai1="43,41,44,102,107,132,105,112,7,23,45,95,106" hai2="94,85,27,80,66,48,56,119,3,65,1,90,60" hai3="74,46,129,67,9,111,110,18,87,116,33,0,109"/><U100/><E112/><V81/><F119/><W10/><G116/><T11/><D118/><U24/><E7/><V97/><F66/><W124/><G33/><T55/><D135/><U26/><E132/><V72/><F48/><W130/><G124/><N who="0" m="47659" /><D121/><U47/><E95/><V16/><F80/><W77/><G67/><T34/><D34/><U86/><E86/><V71/><F71/><W28/><G28/><T61/><D39/><U14/><E14/><V64/><F64/><W123/><G123/><T73/><D99/><U37/><E23/><V70/><F70/><W134/><G134/><T93/><D68/><U22/><E22/><V113/><F113/><W96/><G96/><T6/><D61/><U98/><E98/><V101/><F27/><N who="1" m="10281" /><E37/><V15/><REACH who="2" step="1"/><F72/><REACH who="2" ten="225,292,278,195" step="2"/><N who="0" m="27722" /><D55/><U63/><E63/><V125/><F125/><W4/><G111/><T59/><D59/><U21/><E21/><AGARI ba="1,1" hai="1,3,15,16,21,56,60,65,81,85,90,94,97,101" machi="21" ten="30,7700,0" yaku="1,1,7,1,54,1,53,1" doraHai="104" doraHaiUra="52" who="2" fromWho="1" sc="225,0,292,-80,278,90,195,0" /><INIT seed="2,0,0,4,0,16" ten="225,212,368,195" oya="2" hai0="101,111,5,65,97,133,74,34,25,110,102,134,126" hai1="15,1,24,96,18,57,26,120,81,106,64,53,63" hai2="128,109,121,11,115,116,27,67,62,59,87,113,9" hai3="52,47,21,55,17,123,108,89,78,79,43,12,13"/><V91/><F116/><W2/><G2/><T103/><D5/><U88/><E1/><V122/><F27/><W32/><G32/><T92/><D65/><U117/><E120/><V28/><F28/><W90/><G108/><N who="0" m="41515" /><D34/><U48/><E117/><V99/><F109/><W56/><G123/><T83/><D25/><U105/><E106/><V80/><F128/><W132/><G132/><N who="0" m="50795" /><D126/><U39/><E39/><V30/><F30/><W119/><G119/><T3/><D3/><U135/><E105/><V82/><F11/><W86/><G12/><T38/><D38/><U114/><E114/><V85/><F9/><W77/><G56/><T75/><D83/><U104/><E104/><V61/><F67/><W54/><REACH who="3" step="1"/><G86/><REACH who="3" ten="225,212,368,185" step="2"/><T35/><D35/><U0/><E0/><V118/><F87/><W93/><G93/><T71/><D71/><U50/><E135/><V60/><F85/><W124/><G124/><T66/><D66/><U70/><E81/><V14/><F82/><W37/><AGARI ba="0,1" hai="13,17,21,37,43,47,52,54,55,77,78,79,89,90" machi="37" ten="30,12000,2" yaku="1,1,0,1,52,1,54,1,53,3" doraHai="16" doraHaiUra="51" who="3" fromWho="3" sc="225,-30,212,-30,368,-60,185,130" /><INIT seed="3,0,0,3,1,22" ten="195,182,308,315" oya="3" hai0="46,119,133,54,13,86,6,35,31,132,101,131,44" hai1="107,122,32,12,89,72,25,124,130,75,113,76,117" hai2="74,108,39,56,68,87,128,63,103,77,5,14,61" hai3="123,79,82,59,28,10,3,50,85,118,84,20,18"/><W64/><G118/><T66/><D119/><U49/><E117/><V78/><F39/><W15/><G123/><T88/><D131/><U8/><E122/><V91/><F128/><W104/><G104/><T38/><D101/><U105/><E130/><V24/><F108/><W16/><G28/><T97/><D97/><U36/><E113/><V62/><F74/><N who="1" m="28201" /><E12/><V29/><F68/><W83/><G3/><T135/><D66/><U94/><E49/><V52/><F103/><W30/><G30/><T90/><D38/><U125/><E36/><V41/><F41/><W114/><G114/><T99/><D99/><N who="1" m="57807" /><E8/><N who="2" m="4367" /><F24/><W27/><G64/><T45/><D54/><U33/><E25/><V127/><F127/><N who="1" m="48713" /><E76/><N who="2" m="29291" /><F29/><W67/><G67/><T17/><D6/><U102/><E102/><V53/><F53/><N who="3" m="32183" /><G79/><T120/><D120/><U0/><E0/><V21/><F21/><W7/><G7/><T65/><D65/><U26/><E26/><V11/><F11/><W80/><AGARI ba="0,0" hai="10,15,16,18,20,27,80,82,83,84,85" m="32183" machi="80" ten="30,6000,0" yaku="8,1,52,1,54,1" doraHai="22" who="3" fromWho="3" sc="195,-20,182,-20,308,-20,315,60" owari="175,-22.5,162,-33.8,288,8.8,375,47.5" /></mjloggm>