<mjloggm ver="2.3"><GO type="225" lobby="0"/><UN n0="%E7%B4%94%E6%BD%94%E3%83%94%E3%83%A9%E3%83%8B%E3%82%A2" n1="%E6%A0%B9%E5%85%83%E3%81%8B%E3%82%89%E5%90%B9%E3%81%A3%E9%A3%9B%E3%81%B6" n2="%E9%89%A2%E5%B7%BB%E3%82%AC%E3%83%96" n3="%48%61%61%61%6C%61%6E%64" dan="17,17,16,18" rate="2212.11,2197.61,2066.44,2214.14" sx="M,F,M,M"/><TAIKYOKU oya="0"/><INIT seed="0,0,0,4,0,74" ten="250,250,250,250" oya="0" hai0="27,11,41,111,6,107,17,71,45,76,132,91,28" hai1="37,114,26,12,24,23,93,80,9,75,18,88,69" hai2="79,43,73,118,31,84,44,85,83,33,61,96,25" hai3="64,5,58,87,1,49,131,63,77,36,0,108,10"/><T126/><D107/><U47/><E114/><V86/><F118/><W100/><G36/><T129/><D71/><U62/><E37/><V13/><F13/><W78/><G108/><T22/><D111/><U106/><E106/><V3/><F3/><W122/><G122/><T121/><D121/><U134/><E134/><V4/><F4/><W14/><G131/><T101/><D132/><U124/><E124/><V103/><F61/><W89/><G100/><T110/><D110/><U113/><E113/><V34/><F34/><W120/><G120/><T2/><D101/><U39/><E39/><V52/><F43/><W46/><G0/><T72/><D126/><U68/><E47/><V65/><F65/><W90/><G1/><T19/><D91/><N who="3" m="34825" /><G87/><T48/><REACH who="0" step="1"/><D129/><REACH who="0" ten="240,250,250,250" step="2"/><U20/><E68/><V54/><REACH who="2" step="1"/><F44/><REACH who="2" ten="240,250,240,250" step="2"/><W116/><G116/><T30/><D30/><U16/><E69/><V94/><AGARI ba="0,2" hai="25,31,33,52,54,73,79,83,84,85,86,94,96,103" machi="94" ten="30,8000,1" yaku="1,1,2,1,0,1,52,1,54,1,53,0" doraHai="74" doraHaiUra="133" who="2" fromWho="2" sc="240,-40,250,-20,240,100,250,-20" /><INIT seed="1,0,0,1,4,109" ten="200,230,340,230" oya="1" hai0="89,46,60,41,27,101,58,93,110,26,71,48,54" hai1="79,92,133,15,69,113,131,56,82,78,95,104,12" hai2="32,111,125,6,119,19,22,75,128,135,57,64,14" hai3="49,124,25,115,51,45,9,11,53,5,83,70,98"/><U107/><E113/><V85/><F75/><W8/><G115/><T17/><D110/><U68/><E131/><V43/><F111/><W18/><G70/><T2/><D2/><U44/><E44/><V97/><F119/><W63/><G124/><T103/><D71/><U47/><E47/><V7/><F32/><W13/><G63/><T127/><D127/><U52/><E133/><V84/><F135/><W16/><G98/><T66/><D66/><U73/><E73/><V20/><F43/><W36/><G36/><T102/><REACH who="0" step="1"/><D17/><REACH who="0" ten="190,230,340,230" step="2"/><U121/><E69/><V34/><F19/><W87/><G18/><T61/><D61/><U67/><E68/><V31/><F64/><W86/><G5/><T4/><D4/><U96/><E67/><V42/><F6/><W37/><G8/><T91/><D91/><U55/><E121/><V117/><F7/><W72/><G9/><T130/><D130/><U108/><E108/><V122/><F128/><W81/><G11/><T62/><D62/><U90/><E90/><V50/><F122/><W76/><G13/><T21/><D21/><U99/><E56/><V112/><F125/><W120/><G120/><T1/><D1/><U132/><E132/><V106/><F57/><W39/><G16/><T35/><D35/><U77/><E77/><V80/><F34/><W23/><G23/><T59/><D59/><U65/><E65/><V30/><F20/><W29/><G76/><T129/><D129/><U24/><E24/><V114/><F22/><W0/><G25/><T118/><D118/><U28/><E28/><V105/><F31/><RYUUKYOKU ba="0,1" sc="190,15,230,15,340,-15,230,-15" hai0="26,27,41,46,48,54,58,60,89,93,101,102,103" hai1="12,15,52,55,78,79,82,92,95,96,99,104,107" /><INIT seed="1,1,1,4,3,10" ten="205,245,325,215" oya="1" hai0="111,94,124,30,55,113,51,73,41,102,122,60,70" hai1="90,89,115,7,83,53,46,4,134,12,103,6,88" hai2="71,54,74,18,2,19,104,85,24,36,80,95,123" hai3="79,8,26,120,76,77,110,126,98,29,125,82,35"/><U127/><E115/><V96/><F123/><W42/><G120/><T56/><D113/><U117/><E117/><V105/><F36/><W65/><G110/><T27/><D122/><U63/><E127/><N who="3" m="48650" /><G42/><T133/><D73/><U31/><E134/><V108/><F71/><W121/><G121/><T106/><D124/><U21/><E103/><V100/><F2/><W107/><G65/><T28/><D111/><U72/><E72/><V43/><F43/><W101/><G8/><T61/><D133/><U45/><E83/><AGARI ba="1,1" hai="26,29,35,76,77,79,82,83,98,101,107" m="48650" machi="83" ten="30,1000,0" yaku="18,1" doraHai="10" who="3" fromWho="1" sc="205,0,245,-13,325,0,215,23" /><INIT seed="2,0,0,0,2,32" ten="205,232,325,238" oya="2" hai0="5,22,114,75,115,99,43,135,96,7,134,91,52" hai1="119,38,57,63,20,103,73,21,111,11,92,67,25" hai2="101,0,130,87,40,62,123,110,85,69,28,76,37" hai3="105,6,18,65,80,3,64,126,100,106,39,30,108"/><V88/><F123/><W13/><G108/><T31/><D43/><U116/><E73/><V4/><F28/><W1/><G39/><T60/><D75/><U15/><E38/><V132/><F101/><W133/><G126/><T97/><D91/><U47/><E47/><V122/><F85/><W72/><G30/><T9/><D31/><U68/><E111/><V79/><F122/><W2/><G6/><N who="0" m="2059" /><D9/><U51/><E51/><V46/><F130/><W42/><G42/><T104/><D22/><U81/><E81/><V131/><F131/><W14/><G133/><N who="0" m="50699" /><D104/><U48/><E21/><V127/><F127/><W23/><G105/><T78/><D78/><U45/><E92/><V8/><F132/><W98/><REACH who="3" step="1"/><G13/><REACH who="3" ten="205,232,325,228" step="2"/><T125/><D125/><U95/><E15/><V77/><F110/><W10/><G10/><T36/><D36/><U83/><E11/><V59/><F40/><W44/><G44/><T24/><D24/><U74/><E45/><V84/><F46/><W71/><G71/><T124/><D124/><U53/><E25/><V19/><F69/><W50/><G50/><T33/><D33/><U70/><E70/><V120/><F37/><W121/><G121/><T82/><D82/><U49/><E49/><V94/><F120/><W29/><G29/><T41/><D41/><U107/><E20/><V113/><F4/><W93/><G93/><T26/><D26/><U61/><E48/><V34/><F34/><W16/><G16/><T112/><D60/><U109/><E109/><V117/><F62/><W55/><G55/><AGARI ba="0,1" hai="52,55,96,97,99,112,114,115" m="50699,2059" machi="55" ten="40,8000,1" yaku="28,2,20,1,54,1" doraHai="32" who="0" fromWho="3" sc="205,90,232,0,325,0,228,-80" /><INIT seed="3,0,0,2,0,75" ten="295,232,325,148" oya="3" hai0="128,19,120,133,61,72,107,49,44,130,25,35,50" hai1="119,115,60,69,9,109,124,38,12,125,127,3,41" hai2="118,79,36,83,111,37,54,32,18,62,87,21,55" hai3="78,66,98,67,27,42,63,20,129,40,100,103,123"/><W93/><G123/><T5/><D107/><U24/><E115/><V65/><F118/><W22/><G129/><N who="0" m="49771" /><D120/><U15/><E109/><V70/><F32/><W7/><G103/><T95/><D5/><N who="1" m="1215" /><E119/><V81/><F111/><W47/><G7/><T91/><D72/><U39/><E24/><V1/><F1/><W30/><G78/><T89/><D133/><U80/><E80/><V105/><F105/><W82/><G82/><T33/><D61/><U113/><E113/><V59/><F55/><W94/><G94/><T17/><D50/><U126/><E126/><V112/><F112/><W104/><G104/><T16/><D25/><U31/><E31/><V56/><F70/><W101/><G101/><T132/><D132/><U76/><E76/><V85/><F18/><N who="0" m="4610" /><T13/><DORA hai="117" /><D13/><N who="1" m="5195" /><E41/><V77/><F21/><W11/><G11/><T114/><D114/><U134/><E134/><V26/><F26/><W90/><G20/><T135/><D135/><U58/><E69/><V102/><F102/><W108/><G108/><T131/><N who="0" m="49779" /><T74/><DORA hai="73" /><D74/><U23/><E23/><V110/><F110/><W52/><G100/><T92/><D92/><U2/><E2/><V53/><F65/><AGARI ba="0,0" hai="38,39,58,60,65,124,125,127" m="5195,1215" machi="65" ten="30,1000,0" yaku="18,1" doraHai="75,117,73" who="1" fromWho="2" sc="295,0,232,10,325,-10,148,0" owari="295,9.5,242,-15.8,315,41.5,148,-35.2" /></mjloggm>