<mjloggm ver="2.3"><GO type="225" lobby="0"/><UN n0="%E6%A1%9C%E8%8A%B1%E9%96%83%E3%80%85" n1="%6D%75%75%6D%75%72%61" n2="%E3%81%B7%E3%82%8A%E3%82%93%E8%81%96%E4%BA%BA" n3="%E6%80%AA%E3%81%97%E3%81%99%E3%81%8E%E3%82%8B%E3%83%81%E3%83%BC" dan="18,16,16,17" rate="2199.77,2067.87,2118.37,2146.91" sx="M,F,M,M"/><TAIKYOKU oya="0"/><INIT seed="0,0,0,5,5,46" ten="250,250,250,250" oya="0" hai0="3,62,27,15,44,43,2,112,74,104,33,21,75" hai1="69,28,126,122,130,84,110,81,60,7,117,96,68" hai2="61,108,124,55,113,17,34,99,120,9,4,26,30" hai3="24,132,93,35,65,18,41,29,128,105,72,123,16"/><T98/><D112/><U90/><E117/><V97/><F113/><W133/><G105/><T79/><D15/><U70/><E122/><V83/><F120/><W102/><G123/><T58/><D33/><U49/><E110/><V6/><F108/><W82/><G128/><T52/><D104/><U64/><E130/><V66/><F55/><W63/><G41/><T92/><D79/><U86/><E126/><V127/><F83/><W111/><G111/><T23/><D74/><U95/><E28/><V116/><F17/><W59/><G82/><T118/><D75/><U32/><E32/><V53/><F53/><W85/><G72/><T134/><D134/><N who="3" m="51817" /><G85/><T10/><D10/><U5/><E86/><V19/><F19/><W115/><G115/><T129/><D129/><U73/><E73/><V76/><F76/><W31/><G31/><T11/><D11/><U106/><E106/><V13/><F6/><W107/><G107/><T45/><D45/><U8/><E49/><V125/><REACH who="2" step="1"/><F116/><REACH who="2" ten="250,250,240,250" step="2"/><W42/><G42/><T39/><D118/><U54/><E54/><V51/><F51/><W103/><G18/><N who="0" m="12727" /><D23/><U121/><E121/><V1/><F1/><W36/><G16/><T89/><AGARI ba="0,1" hai="2,3,39,43,44,52,58,62,89,92,98" m="12727" machi="89" ten="30,3000,0" yaku="25,1,54,1" doraHai="46" who="0" fromWho="0" sc="250,40,250,-10,240,-10,250,-10" /><INIT seed="0,1,0,3,1,119" ten="290,240,230,240" oya="0" hai0="60,125,123,98,99,120,97,61,100,66,26,36,132" hai1="86,22,133,108,2,127,106,80,3,28,92,104,30" hai2="13,129,116,57,134,45,82,48,89,24,65,131,41" hai3="84,91,117,62,38,105,101,14,71,130,76,74,32"/><T47/><D100/><U43/><E108/><V87/><F116/><W11/><G117/><T107/><D107/><U44/><E133/><V9/><F24/><W8/><G130/><T77/><D132/><U27/><E127/><V25/><F25/><W16/><G32/><T95/><D125/><U96/><E30/><V64/><F134/><W42/><G11/><T12/><D95/><U90/><E104/><V56/><F57/><W128/><G128/><N who="2" m="49225" /><F56/><W124/><G124/><T102/><D102/><U0/><E106/><V40/><F41/><W10/><G10/><T33/><D77/><U93/><REACH who="1" step="1"/><E96/><REACH who="1" ten="290,230,230,240" step="2"/><V111/><F111/><W51/><G105/><T54/><D98/><U78/><E78/><V20/><F20/><W21/><G76/><T94/><D99/><U52/><E52/><V37/><F37/><AGARI ba="1,1" hai="0,2,3,22,27,28,37,43,44,80,86,90,92,93" machi="37" ten="40,1300,0" yaku="1,1,53,0" doraHai="119" doraHaiUra="63" who="1" fromWho="2" sc="290,0,230,26,230,-16,240,0" /><INIT seed="1,0,0,3,4,3" ten="290,256,214,240" oya="1" hai0="34,116,76,13,7,113,97,47,52,8,96,54,22" hai1="5,41,32,69,9,21,118,99,102,71,20,43,70" hai2="53,6,45,77,40,38,35,15,60,44,55,65,107" hai3="51,2,79,92,117,11,101,115,100,42,109,73,132"/><U58/><E118/><V125/><F35/><W126/><G115/><T59/><D116/><U121/><E32/><V19/><F107/><W61/><G117/><T133/><D34/><U16/><E121/><V91/><F77/><W4/><G109/><T39/><D113/><U106/><E58/><V85/><F125/><W25/><G126/><T0/><D133/><U122/><E122/><V23/><F44/><W95/><G25/><T72/><D22/><U26/><REACH who="1" step="1"/><E21/><REACH who="1" ten="290,246,214,240" step="2"/><V108/><F108/><W57/><G57/><T112/><D112/><U88/><E88/><V30/><F30/><W87/><G132/><T67/><D67/><U134/><E134/><V49/><F38/><W123/><G123/><T114/><D114/><U28/><E28/><V110/><F110/><W80/><G61/><T78/><D59/><U128/><E128/><V17/><F60/><W31/><G31/><T130/><D39/><U36/><E36/><V111/><F65/><W81/><G51/><T105/><D130/><U89/><E89/><V1/><F111/><W103/><REACH who="3" step="1"/><G42/><REACH who="3" ten="290,246,214,230" step="2"/><T37/><D37/><U93/><E93/><N who="2" m="54511" /><F49/><W66/><G66/><T84/><D54/><U82/><E82/><V90/><F53/><W131/><G131/><T63/><D52/><U135/><E135/><V74/><F55/><W48/><G48/><T129/><D63/><U46/><E46/><V18/><F45/><W10/><G10/><N who="0" m="4319" /><D47/><U104/><E104/><V29/><F40/><W33/><G33/><T12/><D8/><U83/><E83/><V94/><F90/><AGARI ba="0,2" hai="2,4,11,73,79,80,81,87,90,92,95,100,101,103" machi="90" ten="40,5200,0" yaku="1,1,52,1,53,1" doraHai="3" doraHaiUra="86" who="3" fromWho="2" sc="290,0,246,0,214,-52,230,72" /><INIT seed="2,0,0,3,4,60" ten="290,246,162,302" oya="2" hai0="107,51,4,83,61,119,100,93,9,131,42,17,54" hai1="18,126,7,98,114,6,23,50,95,24,30,49,26" hai2="134,14,104,72,12,94,63,76,25,90,33,41,38" hai3="47,10,2,120,35,116,103,3,105,21,43,133,84"/><V124/><F104/><W80/><G35/><T1/><D107/><U67/><E114/><V58/><F134/><W56/><G116/><T99/><D119/><U101/><E126/><V106/><F106/><W64/><G120/><T19/><D131/><U16/><E67/><V31/><F124/><W87/><G133/><T70/><D42/><U82/><E82/><V75/><F41/><W135/><G135/><T62/><D83/><U92/><E92/><V69/><F69/><W132/><G21/><T13/><D70/><U109/><E109/><V81/><F38/><W45/><G87/><T28/><D28/><U110/><E110/><V125/><F125/><W44/><G43/><T57/><REACH who="0" step="1"/><D19/><REACH who="0" ten="280,246,162,302" step="2"/><N who="1" m="7211" /><E24/><V36/><F75/><W130/><G132/><T5/><D5/><AGARI ba="0,1" hai="5,6,7,23,26,30,49,50,95,98,101" m="7211" machi="5" ten="30,2000,0" yaku="8,1,54,1" doraHai="60" who="1" fromWho="0" sc="280,-20,246,30,162,0,302,0" /><INIT seed="3,0,0,0,2,1" ten="260,276,162,302" oya="3" hai0="135,129,76,88,95,23,6,92,104,25,77,85,57" hai1="79,96,41,71,130,83,13,75,39,53,65,93,111" hai2="20,108,55,12,42,3,103,16,72,105,60,33,70" hai3="37,90,36,63,9,62,122,131,84,81,14,49,17"/><W40/><G122/><T31/><D104/><U0/><E111/><V18/><F72/><W46/><REACH who="3" step="1"/><G131/><REACH who="3" ten="260,276,162,292" step="2"/><T69/><D129/><U106/><E130/><V30/><F108/><W59/><G59/><T113/><D69/><U26/><E71/><V101/><F3/><W64/><G64/><T78/><D113/><U120/><E65/><V47/><F70/><W119/><G119/><T50/><D135/><U115/><E0/><V121/><F121/><W99/><G99/><T109/><D109/><U45/><E115/><V128/><F128/><W29/><G29/><T80/><REACH who="0" step="1"/><D6/><REACH who="0" ten="250,276,162,292" step="2"/><U56/><E120/><V5/><F5/><W15/><G15/><T22/><D22/><U10/><E13/><V102/><F33/><W7/><G7/><T112/><D112/><U127/><E10/><V66/><F105/><W58/><G58/><T117/><D117/><U132/><E106/><V86/><F66/><W82/><G82/><T107/><D107/><U98/><E132/><V124/><F124/><W126/><G126/><T43/><D43/><U68/><E127/><V94/><F12/><W125/><G125/><T54/><AGARI ba="0,2" hai="23,25,31,50,54,57,76,77,78,80,85,88,92,95" machi="54" ten="30,7900,0" yaku="1,1,0,1,8,1,54,1,53,0" doraHai="1" doraHaiUra="2" who="0" fromWho="0" sc="250,99,276,-20,162,-20,292,-39" owari="349,44.9,256,5.6,142,-35.8,253,-14.7" /></mjloggm>