<mjloggm ver="2.3"><GO type="225" lobby="0"/><UN n0="%6D%75%75%73%61%6E%6D%75" n1="%E6%97%A5%E6%9B%9C%E6%97%A5%E3%82%88%E3%82%8A%E3%81%AE%E4%BD%BF%E8%80%85" n2="%E3%81%B5%E3%81%98%E3%81%8B%E3%81%A4" n3="%72%69%6F%75%63%68%61%6E" dan="16,17,17,16" rate="2116.15,2135.50,2254.12,2169.78" sx="F,M,M,M"/><TAIKYOKU oya="0"/><INIT seed="0,0,0,1,2,49" ten="250,250,250,250" oya="0" hai0="28,113,106,124,134,21,76,47,53,63,9,114,52" hai1="39,7,107,8,116,84,74,51,94,127,42,60,33" hai2="101,87,111,129,64,126,71,56,37,118,115,90,0" hai3="130,66,95,83,55,86,105,2,122,50,133,5,79"/><T100/><D76/><U20/><E107/><V31/><F115/><W38/><G130/><T46/><D9/><U121/><E33/><V59/><F37/><W80/><G133/><T10/><D10/><U27/><E74/><V35/><F0/><W1/><G38/><T125/><D134/><U6/><E39/><V25/><F129/><W58/><G105/><T132/><D132/><U88/><E116/><V109/><F126/><N who="0" m="48746" /><D113/><U23/><E121/><V81/><F101/><W85/><G122/><T45/><D63/><U120/><E120/><V11/><F11/><W112/><G112/><T36/><D36/><U102/><E102/><V119/><F64/><W98/><G5/><T96/><D114/><U30/><E127/><V15/><F15/><W128/><G128/><T17/><D28/><U48/><E60/><V93/><F71/><W19/><G66/><T22/><D22/><U99/><E23/><V62/><F81/><W103/><REACH who="3" step="1"/><G19/><REACH who="3" ten="250,250,250,240" step="2"/><T108/><D108/><N who="2" m="41546" /><F62/><W70/><G70/><T72/><D72/><U91/><E6/><V18/><F18/><W12/><G12/><AGARI ba="0,1" hai="12,17,21,45,46,47,52,53,96,100,106" m="48746" machi="12" ten="30,11600,0" yaku="18,1,52,2,54,1" doraHai="49" who="0" fromWho="3" sc="250,126,250,0,250,0,240,-116" /><INIT seed="0,1,0,2,3,82" ten="376,250,250,124" oya="0" hai0="91,33,46,126,97,55,103,79,88,93,72,129,69" hai1="111,61,48,44,52,30,135,34,115,21,3,9,45" hai2="92,85,66,113,78,81,23,50,77,15,8,124,37" hai3="122,53,0,134,1,14,95,60,131,10,20,116,133"/><T118/><D118/><U25/><E111/><V27/><F113/><W76/><G116/><T35/><D69/><U70/><E135/><N who="3" m="51722" /><G76/><T32/><D126/><U71/><E115/><V114/><F37/><W94/><G60/><T16/><D129/><U26/><E61/><V109/><F124/><W119/><G53/><T112/><D112/><U80/><E45/><V87/><F109/><W64/><G64/><T125/><D125/><U84/><E3/><N who="3" m="1098" /><G119/><T120/><D120/><U123/><E9/><V89/><F114/><W6/><G94/><T56/><D46/><U19/><REACH who="1" step="1"/><E123/><REACH who="1" ten="376,240,250,124" step="2"/><V58/><F58/><W4/><G122/><T24/><D56/><U41/><E41/><V99/><F66/><W7/><G131/><T57/><D57/><U117/><E117/><V110/><F110/><W38/><G38/><T17/><D55/><U36/><E36/><V12/><F50/><W2/><G95/><T127/><D127/><U51/><E51/><V86/><F8/><W59/><G59/><T132/><D132/><U22/><E22/><V98/><F23/><W108/><G108/><T74/><D93/><U11/><E11/><V73/><F92/><W104/><G104/><T68/><D35/><U40/><E40/><V101/><F101/><W5/><N who="3" m="1106" /><W90/><DORA hai="83" /><G20/><T54/><D33/><U65/><E65/><V130/><F130/><W121/><G121/><T105/><D32/><U96/><E96/><V28/><F98/><W62/><G62/><T43/><D97/><U75/><E75/><V47/><F73/><W39/><G39/><T63/><D74/><RYUUKYOKU ba="1,1" sc="376,-15,240,15,250,-15,124,15" hai1="19,21,25,26,30,34,44,48,52,70,71,80,84" hai3="4,5,6,7,10,14,90" /><INIT seed="1,2,1,4,1,67" ten="361,255,235,139" oya="1" hai0="0,110,48,107,51,95,135,96,39,120,126,11,81" hai1="87,85,13,1,37,89,128,129,66,56,30,106,105" hai2="62,74,41,8,21,94,58,4,92,97,47,15,121" hai3="34,7,28,69,55,45,44,20,32,68,9,19,111"/><U114/><E1/><V35/><F121/><W14/><G111/><T65/><D39/><U16/><E37/><V118/><F74/><W117/><G117/><T98/><D110/><U5/><E5/><V93/><F118/><W76/><G76/><T12/><D0/><U131/><E30/><V88/><F21/><W63/><G32/><T124/><D120/><U61/><E114/><V18/><F4/><W36/><G63/><T109/><D109/><U60/><E60/><V101/><F101/><W59/><G36/><T115/><D115/><U123/><E123/><V116/><F116/><W84/><G84/><T23/><D23/><U100/><E100/><V53/><REACH who="2" step="1"/><F35/><REACH who="2" ten="361,255,225,139" step="2"/><W119/><G119/><T25/><D11/><N who="1" m="6207" /><E87/><V133/><F133/><W73/><G73/><T40/><D135/><U50/><E50/><AGARI ba="2,2" hai="8,15,18,41,47,50,53,58,62,88,92,93,94,97" machi="50" ten="30,7700,0" yaku="1,1,7,1,8,1,54,1,53,0" doraHai="67" doraHaiUra="127" who="2" fromWho="1" sc="361,0,255,-83,225,103,139,0" /><INIT seed="2,0,0,1,2,59" ten="361,172,328,139" oya="2" hai0="19,28,21,72,50,76,93,4,107,45,2,116,66" hai1="61,71,5,103,94,131,47,109,62,79,127,52,22" hai2="87,86,81,38,69,56,10,17,27,31,124,35,9" hai3="40,29,134,78,68,53,85,100,63,14,130,64,97"/><V108/><F69/><W15/><G130/><T54/><D107/><U41/><E109/><V30/><F38/><W39/><G134/><T126/><D126/><U55/><E71/><V91/><F124/><W123/><G123/><T33/><D116/><U119/><E119/><V42/><F42/><W67/><G64/><T7/><D66/><U88/><E127/><V118/><F118/><W44/><G29/><T0/><D72/><U82/><E103/><V32/><F108/><W12/><G53/><N who="1" m="20554" /><E5/><V70/><F70/><W92/><G85/><T112/><D112/><U16/><E82/><V23/><F56/><W117/><G117/><T8/><D93/><U115/><E79/><V89/><F30/><W104/><REACH who="3" step="1"/><G78/><REACH who="3" ten="361,172,328,129" step="2"/><T114/><D76/><U98/><E131/><V83/><F31/><W80/><G80/><T18/><D28/><U113/><E113/><V128/><F128/><W84/><G84/><T101/><D114/><U90/><E115/><V49/><F35/><W120/><G120/><T73/><D33/><U96/><E96/><V132/><F32/><W110/><G110/><T95/><D54/><U60/><E90/><V34/><F34/><W102/><G102/><T99/><D101/><U43/><E47/><V13/><F132/><W48/><G48/><T6/><D50/><U111/><E111/><V1/><F49/><W75/><G75/><T20/><D73/><U3/><E3/><V135/><F1/><N who="0" m="618" /><D45/><U122/><E122/><V121/><F121/><W77/><G77/><T57/><D99/><U11/><E98/><V133/><F133/><W74/><G74/><RYUUKYOKU ba="0,1" sc="361,-10,172,-10,328,-10,129,30" hai3="12,14,15,39,40,44,63,67,68,92,97,100,104" /><INIT seed="3,1,1,2,1,132" ten="351,162,318,159" oya="3" hai0="31,61,82,113,17,94,112,71,75,116,99,86,24" hai1="111,49,2,5,0,37,13,55,48,39,87,134,130" hai2="38,96,98,58,65,46,52,128,101,129,43,60,41" hai3="78,123,67,54,33,23,69,9,10,118,119,7,21"/><W59/><G123/><T27/><D75/><U97/><E97/><V124/><F98/><W115/><G115/><N who="0" m="44107" /><D116/><U18/><E5/><V20/><F20/><N who="3" m="7755" /><G33/><T92/><D17/><U84/><E13/><V63/><F124/><W34/><G34/><N who="0" m="20839" /><D27/><U122/><E18/><V57/><REACH who="2" step="1"/><F43/><REACH who="2" ten="351,162,308,159" step="2"/><W89/><G119/><T70/><D99/><U88/><E122/><V126/><F126/><W81/><G118/><T53/><D71/><U28/><E134/><V12/><F12/><N who="3" m="5183" /><G69/><T8/><D70/><U32/><E32/><V125/><F125/><W114/><G114/><T127/><D127/><U4/><E0/><V3/><F3/><W14/><G67/><T83/><D8/><U6/><E2/><V44/><F44/><W1/><G1/><T72/><D72/><U36/><E130/><V102/><F102/><W76/><G10/><T105/><D105/><AGARI ba="1,2" hai="38,41,46,52,57,58,60,63,65,96,101,105,128,129" machi="105" ten="40,2600,0" yaku="1,1,54,1,53,0" doraHai="132" doraHaiUra="35" who="2" fromWho="0" sc="351,-29,162,0,308,49,159,0" owari="322,12.2,162,-23.8,357,45.7,159,-34.1" /></mjloggm>