<mjloggm ver="2.3"><GO type="225" lobby="0"/><UN n0="%E3%83%A9%E3%82%A4%E3%83%B3%E3%81%AE%E8%99%8E" n1="%E6%A1%9C%E8%8A%B1%E9%96%83%E3%80%85" n2="%E3%81%99%E3%81%84%E3%81%BE%E3%81%9B%E3%83%BC%E3%82%93" n3="%E5%91%A8%E6%9D%B1" dan="16,17,18,17" rate="2102.40,2183.54,2191.14,2104.77" sx="M,M,M,M"/><TAIKYOKU oya="0"/><INIT seed="0,0,0,3,4,51" ten="250,250,250,250" oya="0" hai0="53,133,26,11,16,134,43,36,46,13,87,63,82" hai1="15,23,86,8,98,75,44,114,94,25,30,52,104" hai2="32,125,64,132,102,21,79,130,93,41,112,49,56" hai3="123,5,85,66,121,84,42,65,73,14,120,110,77"/><T7/><D26/><U92/><E75/><V111/><F32/><W78/><G42/><T69/><D7/><U3/><E3/><V59/><F112/><W0/><G0/><T91/><REACH who="0" step="1"/><D69/><REACH who="0" ten="240,250,250,250" step="2"/><U68/><E68/><V113/><F113/><W95/><G5/><T116/><D116/><U126/><E114/><V47/><F132/><W103/><G14/><T9/><D9/><U67/><E15/><V40/><F130/><W50/><G120/><T99/><D99/><U122/><E8/><V131/><F131/><W119/><G119/><T109/><D109/><U60/><E122/><V108/><F108/><W101/><G110/><T34/><D34/><U117/><E117/><V89/><F111/><W100/><G123/><T39/><D39/><U105/><E98/><V127/><F127/><W76/><G121/><T38/><D38/><U2/><E2/><V29/><F125/><W71/><G71/><T96/><D96/><U83/><E126/><V88/><F29/><W107/><G73/><T81/><D81/><U6/><E6/><V33/><F33/><W35/><G35/><T18/><D18/><U80/><E80/><V10/><F10/><W55/><G107/><T24/><D24/><U17/><E17/><V115/><F115/><W31/><G31/><T97/><D97/><U128/><E128/><V48/><F21/><W74/><G74/><T70/><D70/><N who="1" m="42343" /><E105/><V135/><F135/><W4/><G4/><T45/><D45/><U28/><E104/><V27/><F27/><W37/><G37/><T22/><D22/><U54/><E28/><V12/><F12/><RYUUKYOKU ba="0,1" sc="240,30,250,-10,250,-10,250,-10" hai0="11,13,16,36,43,46,53,63,82,87,91,133,134" /><INIT seed="0,1,1,3,2,31" ten="270,240,240,240" oya="0" hai0="47,45,15,41,83,112,121,5,132,115,133,130,8" hai1="114,68,128,66,6,37,24,36,4,35,129,93,102" hai2="77,3,100,96,95,56,80,87,122,1,92,32,9" hai3="109,57,60,29,50,49,91,44,81,71,103,110,99"/><T53/><D121/><U58/><E58/><V2/><F122/><W10/><G71/><T119/><D119/><U51/><E51/><V104/><F32/><W33/><G10/><T123/><D123/><U23/><E93/><V20/><F9/><W43/><G50/><N who="0" m="28895" /><D83/><U61/><E102/><V55/><REACH who="2" step="1"/><F20/><REACH who="2" ten="270,240,230,240" step="2"/><W52/><G33/><T90/><D130/><N who="1" m="50283" /><E35/><V34/><F34/><W0/><G0/><T14/><D115/><U89/><E114/><V72/><F72/><W65/><G110/><T75/><D112/><U118/><E118/><V82/><F82/><W11/><G109/><T98/><D75/><U38/><E89/><V25/><F25/><W97/><G11/><T40/><D90/><U124/><E124/><V30/><F30/><AGARI ba="1,2" hai="4,6,23,24,30,36,37,38,61,66,68" m="50283" machi="30" ten="40,1300,0" yaku="19,1" doraHai="31" who="1" fromWho="2" sc="270,0,240,36,230,-16,240,0" /><INIT seed="1,0,0,3,3,106" ten="270,276,214,240" oya="1" hai0="35,97,113,0,78,68,58,18,79,48,40,94,92" hai1="29,114,108,65,87,47,53,45,80,104,5,34,6" hai2="59,26,8,84,130,23,93,127,76,56,118,95,28" hai3="70,54,44,116,41,51,50,37,96,72,102,42,82"/><U17/><E114/><V4/><F118/><W135/><G116/><T55/><D113/><U85/><E104/><V98/><F130/><W115/><G115/><T89/><D68/><U122/><E122/><V3/><F127/><W64/><G135/><T10/><D35/><U32/><E65/><V16/><F76/><W132/><G132/><T109/><D109/><U131/><E131/><V100/><F84/><W46/><G82/><T57/><D40/><U60/><E17/><V81/><F81/><W24/><G24/><T66/><D0/><U111/><E60/><V99/><REACH who="2" step="1"/><F28/><REACH who="2" ten="270,276,204,240" step="2"/><W110/><G110/><N who="1" m="42026" /><E29/><V71/><F71/><W73/><G70/><T125/><D125/><U67/><E87/><V88/><AGARI ba="0,1" hai="3,4,8,16,23,26,56,59,88,93,95,98,99,100" machi="88" ten="20,8000,1" yaku="1,1,0,1,7,1,54,2,53,0" doraHai="106" doraHaiUra="11" who="2" fromWho="2" sc="270,-20,276,-40,204,90,240,-20" /><INIT seed="2,0,0,1,5,78" ten="250,236,294,220" oya="2" hai0="96,30,54,5,10,113,114,120,26,87,14,47,67" hai1="81,56,37,42,98,48,95,11,40,131,112,68,94" hai2="129,74,46,29,55,44,116,15,33,31,76,45,62" hai3="126,91,64,71,25,101,69,100,21,65,16,135,41"/><V13/><F116/><W109/><G109/><T121/><D67/><U125/><E112/><V130/><F76/><W122/><G122/><T133/><D133/><U90/><E68/><V4/><F74/><W6/><G135/><T97/><D120/><U20/><E37/><V23/><F33/><W80/><G126/><T111/><D111/><U118/><E118/><V123/><F123/><W50/><G6/><T36/><D121/><U39/><E39/><V1/><F1/><W52/><G41/><T128/><D128/><U38/><E131/><V117/><F4/><W89/><G71/><T34/><D87/><N who="1" m="50543" /><E11/><V35/><F35/><W70/><G70/><T119/><D119/><U17/><E95/><V99/><F117/><W28/><G28/><T2/><D2/><U83/><E83/><V134/><F31/><W108/><G108/><T110/><D110/><U104/><E104/><V75/><F29/><W18/><G18/><T77/><D77/><U0/><E0/><V124/><F134/><W58/><G69/><T72/><D72/><U57/><E38/><V19/><F75/><W51/><G51/><N who="0" m="29055" /><D36/><U86/><E86/><V105/><F130/><W60/><G80/><T106/><D106/><U24/><E125/><V3/><F3/><W132/><G132/><T22/><D34/><U53/><E57/><N who="2" m="35135" /><F124/><W82/><G82/><T8/><D8/><U27/><E24/><N who="2" m="14463" /><F129/><W93/><G91/><AGARI ba="0,0" hai="17,20,27,40,42,48,53,56,91,94,98" m="50543" machi="91" ten="30,2000,0" yaku="8,1,52,1" doraHai="78" who="1" fromWho="3" sc="250,0,236,20,294,0,220,-20" /><INIT seed="3,0,0,2,3,102" ten="250,256,294,200" oya="3" hai0="107,31,83,124,132,29,109,35,122,61,111,71,68" hai1="53,54,41,135,33,51,30,58,15,84,26,130,20" hai2="128,118,97,112,70,25,105,127,39,110,108,9,62" hai3="50,72,92,19,27,16,32,28,133,17,46,131,95"/><W5/><G72/><T0/><D122/><U103/><E135/><V34/><RYUUKYOKU type="yao9" ba="0,0" sc="250,0,256,0,294,0,200,0" hai2="9,25,34,39,62,70,97,105,108,110,112,118,127,128" /><INIT seed="3,1,0,2,1,94" ten="250,256,294,200" oya="3" hai0="43,81,68,90,8,33,114,121,77,117,15,133,130" hai1="7,132,101,66,2,67,93,38,91,129,100,45,96" hai2="48,31,80,56,84,87,75,46,82,126,70,69,105" hai3="17,14,83,85,119,63,115,5,3,72,0,53,36"/><W58/><G119/><T49/><D117/><U74/><E74/><V54/><F105/><W52/><G115/><T125/><D121/><U62/><E132/><V111/><F111/><W13/><G36/><T92/><D125/><U116/><E116/><V23/><F75/><W32/><G32/><T21/><D33/><U42/><E129/><V29/><F70/><W34/><G34/><T79/><D68/><U120/><E120/><V41/><F69/><W108/><G72/><T71/><D71/><U18/><E18/><V99/><F99/><W59/><G108/><T86/><D130/><U103/><REACH who="1" step="1"/><E62/><REACH who="1" ten="250,246,294,200" step="2"/><N who="2" m="36119" /><F126/><W98/><G5/><T124/><D133/><U28/><E28/><N who="2" m="10827" /><F23/><W16/><G98/><N who="0" m="57623" /><D21/><U97/><E97/><V65/><F65/><W135/><G135/><T30/><D30/><U12/><E12/><V39/><F39/><W134/><G134/><T51/><D124/><U131/><E131/><V78/><F78/><N who="3" m="46327" /><G0/><T44/><D114/><U50/><E50/><V113/><F113/><W127/><G3/><T6/><D51/><U118/><E118/><V26/><F26/><W10/><G127/><T95/><D79/><U61/><E61/><V9/><F9/><AGARI ba="1,1" hai="2,7,9,38,42,45,66,67,91,93,96,100,101,103" machi="9" ten="40,2600,0" yaku="1,1,52,1,53,0" doraHai="94" doraHaiUra="55" who="1" fromWho="2" sc="250,0,246,39,294,-29,200,0" /><INIT seed="4,0,0,1,3,48" ten="250,285,265,200" oya="0" hai0="92,16,108,18,103,21,90,58,30,130,72,97,29" hai1="69,68,99,66,14,124,122,35,76,81,114,27,131" hai2="57,0,106,118,51,22,47,20,95,62,89,98,74" hai3="3,100,13,31,45,104,96,94,79,75,54,112,23"/><T123/><D123/><U2/><E122/><V88/><F0/><W39/><G3/><T43/><D72/><U91/><E2/><V50/><F74/><W56/><G112/><T53/><D130/><U52/><E131/><V107/><F118/><W127/><G127/><T73/><D73/><U111/><E111/><V10/><F10/><W8/><G104/><T60/><D108/><U41/><E41/><V1/><F1/><W65/><G65/><T110/><D110/><U120/><E14/><V83/><F51/><W134/><G134/><T84/><D43/><U38/><E52/><N who="2" m="29791" /><F107/><W49/><G75/><T33/><D33/><U101/><E38/><V63/><F106/><W105/><G105/><T32/><D32/><U70/><E114/><V133/><F133/><W24/><G39/><T128/><D128/><U87/><E124/><V26/><F57/><W46/><REACH who="3" step="1"/><G79/><REACH who="3" ten="250,285,265,190" step="2"/><T64/><D64/><U129/><E76/><V7/><F7/><AGARI ba="0,1" hai="7,8,13,23,24,31,45,46,49,54,56,94,96,100" machi="7" ten="30,12000,2" yaku="1,1,2,1,7,1,8,1,52,1,53,1" doraHai="48" doraHaiUra="55" who="3" fromWho="2" sc="250,0,285,0,265,-120,190,130" owari="250,-15.0,285,8.5,145,-35.5,320,42.0" /></mjloggm>