<mjloggm ver="2.3"><GO type="225" lobby="0"/><UN n0="%E5%B0%8F%E9%B3%A5%E9%81%8A%E7%B7%B4%E7%84%A1%32%31%E6%AD%B3" n1="%73%6C%69%63%6B%33%31%39" n2="%E5%8D%A0%E3%81%84%E5%B8%AB%E8%A3%8F%E3%81%AA%E3%81%84%E3%81%97" n3="%E6%B8%A9%E2%98%85%E6%83%85%E2%98%85%E6%8E%AA%E2%98%85%E7%BD%AE" dan="16,16,16,16" rate="2173.93,2091.42,2119.60,2149.87" sx="F,M,M,M"/><TAIKYOKU oya="0"/><INIT seed="0,0,0,2,0,71" ten="250,250,250,250" oya="0" hai0="27,12,3,25,44,95,69,46,58,40,59,105,8" hai1="66,32,122,87,45,124,9,134,64,108,79,52,60" hai2="107,119,130,65,7,115,24,31,14,38,91,109,13" hai3="80,48,19,135,121,42,132,21,117,70,125,34,11"/><T114/><D105/><U33/><E122/><V47/><F115/><W51/><G117/><T16/><D69/><U128/><E108/><V111/><F119/><W126/><G121/><T15/><D3/><U22/><E128/><V50/><F130/><W112/><G112/><T110/><D114/><U28/><E124/><N who="3" m="47722" /><G34/><T2/><D2/><U43/><E134/><N who="3" m="51242" /><G70/><T4/><D95/><U74/><E74/><V75/><F75/><W118/><G118/><T123/><D123/><U72/><E72/><V82/><F65/><W30/><G42/><T113/><D113/><U56/><E9/><V106/><F106/><W36/><G36/><T17/><D110/><N who="2" m="41994" /><F38/><W120/><G120/><T68/><D68/><U81/><E32/><N who="2" m="20583" /><F7/><W92/><G80/><T62/><D4/><U90/><E33/><V39/><F39/><W49/><G92/><T83/><D83/><U94/><E28/><V23/><F23/><W10/><G30/><T129/><D129/><U133/><E22/><V86/><F107/><W41/><G41/><AGARI ba="0,0" hai="13,14,41,47,50,82,86,91" m="20583,41994" machi="41" ten="30,1000,0" yaku="14,1" doraHai="71" who="2" fromWho="3" sc="250,0,250,0,250,10,250,-10" /><INIT seed="1,0,0,3,2,123" ten="250,250,260,240" oya="1" hai0="69,73,25,4,60,38,8,66,89,27,32,18,13" hai1="1,133,31,113,106,117,134,3,82,77,43,19,109" hai2="17,63,6,132,34,54,42,112,2,7,128,24,92" hai3="93,103,35,105,48,36,5,122,52,131,135,21,86"/><U28/><E113/><V96/><F112/><W120/><G35/><T81/><D38/><U127/><E117/><V65/><F132/><N who="1" m="50793" /><E106/><V55/><F42/><W94/><G135/><T39/><D39/><U30/><E127/><V49/><F128/><W0/><G36/><T61/><D61/><U23/><E43/><V114/><F2/><N who="1" m="521" /><E82/><V87/><F114/><W29/><G131/><T118/><D118/><U83/><E83/><V68/><F34/><W125/><G125/><T26/><D32/><U110/><E77/><V74/><F74/><W59/><G105/><T64/><D64/><U50/><E50/><V33/><F49/><W10/><G94/><T72/><D72/><U45/><E45/><V70/><F65/><W115/><G115/><T22/><REACH who="0" step="1"/><D89/><REACH who="0" ten="240,250,260,240" step="2"/><U101/><E101/><V85/><F63/><W75/><G75/><T58/><D58/><U124/><E124/><V119/><F119/><W129/><G129/><T53/><D53/><U78/><E78/><AGARI ba="0,1" hai="4,8,13,18,22,25,26,27,60,66,69,73,78,81" machi="78" ten="40,2600,0" yaku="1,1,53,1" doraHai="123" doraHaiUra="56" who="0" fromWho="1" sc="240,36,250,-26,260,0,240,0" /><INIT seed="2,0,0,5,2,122" ten="276,224,260,240" oya="2" hai0="70,72,76,14,87,34,92,71,37,9,120,46,20" hai1="53,78,64,57,60,33,97,82,50,110,101,104,0" hai2="88,31,75,52,40,77,3,94,16,128,112,134,15" hai3="2,107,115,6,116,44,39,118,86,80,113,10,69"/><V135/><F112/><N who="3" m="43083" /><G107/><T123/><D34/><U43/><E0/><V45/><F3/><W84/><G69/><T117/><D72/><U23/><E33/><V68/><F68/><W121/><G121/><T41/><D117/><N who="3" m="45161" /><G80/><T108/><D120/><U27/><E43/><AGARI ba="0,0" hai="2,6,10,39,43,44,84,86" m="45161,43083" machi="43" ten="30,1000,0" yaku="11,1" doraHai="122" who="3" fromWho="1" sc="276,0,224,-10,260,0,240,10" /><INIT seed="3,0,0,5,3,127" ten="276,214,260,250" oya="3" hai0="135,30,89,8,43,71,15,87,32,63,107,94,132" hai1="50,118,121,122,109,125,98,95,90,69,110,77,120" hai2="49,40,12,97,11,9,28,81,59,83,35,84,130" hai3="66,108,6,33,13,18,60,61,80,102,31,10,54"/><W116/><G116/><T93/><D107/><U106/><E69/><V114/><F114/><W48/><G108/><N who="1" m="41578" /><E50/><V103/><F35/><W124/><G124/><T38/><D38/><U104/><E125/><V67/><F28/><W26/><G102/><T27/><D43/><U74/><E118/><V58/><F9/><W133/><G133/><N who="0" m="51275" /><D63/><U75/><E77/><V86/><F67/><W113/><G113/><T128/><D94/><U39/><E39/><V7/><F130/><W19/><G80/><T46/><D46/><U111/><N who="1" m="41586" /><U123/><N who="1" m="30720" /><DORA hai="112" /><DORA hai="134" /><U25/><E25/><V52/><F83/><W56/><REACH who="3" step="1"/><G61/><REACH who="3" ten="276,214,260,240" step="2"/><T45/><D93/><U14/><E14/><V92/><F81/><W36/><G36/><T85/><D15/><U55/><E55/><V51/><F40/><W44/><AGARI ba="0,1" hai="6,10,13,18,19,26,31,33,44,48,54,56,60,66" machi="44" ten="20,12000,1" yaku="1,1,0,1,7,1,53,2" doraHai="127,112,134" doraHaiUra="5,65,0" who="3" fromWho="3" sc="276,-40,214,-40,260,-40,240,130" owari="236,3.6,174,-32.6,220,-18.0,370,47.0" /></mjloggm>