<mjloggm ver="2.3"><GO type="225" lobby="0"/><UN n0="%E3%81%B7%E3%82%8A%E3%82%93%E8%81%96%E4%BA%BA" n1="%E3%82%A2%E3%83%BC%E3%83%A2%E3%83%AD%E3%83%BC%E3%83%B4%E3%82%A1" n2="%E5%AF%82%E5%AF%9E%E3%82%AE%E3%83%8D%E3%82%B9%E3%83%93%E3%83%BC%E3%83%AB" n3="%E3%83%A9%E3%83%BC%E3%83%A1%E3%83%B3%E4%BA%94%E9%83%8E" dan="16,16,16,16" rate="2110.84,2101.15,2157.34,2120.71" sx="M,M,M,M"/><TAIKYOKU oya="0"/><INIT seed="0,0,0,1,3,90" ten="250,250,250,250" oya="0" hai0="61,72,86,43,3,111,52,110,69,16,13,113,66" hai1="20,17,26,93,82,32,22,11,97,50,44,123,91" hai2="127,94,2,67,115,49,106,6,109,88,57,9,47" hai3="121,0,45,10,25,130,48,120,107,68,14,39,99"/><T35/><D72/><U55/><E123/><N who="3" m="47178" /><G130/><T79/><D43/><U133/><E133/><V46/><F115/><W56/><G68/><T89/><D79/><U117/><E117/><V37/><F106/><W53/><G0/><T63/><D35/><U1/><E32/><V77/><F77/><W36/><G25/><T60/><D3/><U42/><E1/><V58/><F109/><N who="0" m="41482" /><D52/><U12/><E82/><V62/><F127/><W27/><G27/><T19/><D19/><U122/><E122/><V34/><F34/><W74/><G74/><T135/><D135/><U24/><E42/><V31/><F31/><W59/><G59/><T76/><D76/><U126/><E126/><V131/><F37/><W96/><G56/><T98/><D98/><N who="3" m="37417" /><G107/><T102/><D102/><U7/><E26/><V71/><F131/><W4/><AGARI ba="0,0" hai="4,10,14,36,39,45,48,53" m="37417,47178" machi="4" ten="30,1100,0" yaku="13,1" doraHai="90" who="3" fromWho="3" sc="250,-5,250,-3,250,-3,250,11" /><INIT seed="1,0,0,2,1,90" ten="245,247,247,261" oya="1" hai0="22,4,130,99,15,54,84,58,98,63,14,83,81" hai1="87,41,52,72,109,125,36,118,39,20,8,131,6" hai2="13,124,77,47,33,10,114,104,78,82,42,45,121" hai3="28,66,127,106,135,65,3,44,61,0,56,119,48"/><U5/><E118/><V73/><F121/><W123/><G123/><T32/><D32/><U1/><E72/><V35/><F124/><W122/><G122/><T129/><D81/><U112/><E112/><V27/><F114/><W92/><G106/><T75/><D75/><U51/><E125/><V53/><F104/><W133/><G127/><T43/><D43/><U97/><E131/><V26/><F77/><W57/><G119/><T18/><D129/><U40/><E109/><V67/><F67/><W134/><G28/><T31/><D31/><U74/><E74/><V71/><F71/><W80/><G80/><T9/><REACH who="0" step="1"/><D130/><REACH who="0" ten="235,247,247,261" step="2"/><U96/><E40/><V85/><F73/><W2/><G134/><T86/><D86/><U60/><E87/><V34/><F42/><W30/><G30/><T68/><D68/><U88/><E41/><V49/><REACH who="2" step="1"/><F45/><REACH who="2" ten="235,247,237,261" step="2"/><W21/><G44/><T100/><D100/><U108/><E108/><V76/><F76/><AGARI ba="0,2" hai="4,9,14,15,18,22,54,58,63,76,83,84,98,99" machi="76" ten="30,3900,0" yaku="1,1,7,1,8,1,53,0" doraHai="90" doraHaiUra="24" who="0" fromWho="2" sc="235,59,247,0,237,-39,261,0" /><INIT seed="2,0,0,1,0,135" ten="294,247,198,261" oya="2" hai0="120,107,36,71,94,48,123,101,5,62,125,87,47" hai1="110,109,55,77,134,82,14,1,4,79,46,98,70" hai2="40,92,91,34,31,2,119,0,113,81,38,54,131" hai3="9,35,66,59,108,133,37,116,124,93,115,27,121"/><V96/><F113/><W111/><G116/><T22/><D36/><U16/><E70/><V49/><F119/><W95/><G121/><T102/><D107/><U130/><E134/><V103/><F131/><W105/><G133/><T52/><D5/><U90/><E130/><V67/><F67/><W17/><G105/><T41/><D120/><U132/><E132/><V13/><F13/><N who="3" m="7343" /><G37/><T78/><D123/><U63/><E4/><V114/><F114/><W33/><G115/><T26/><D125/><U15/><E15/><V75/><F40/><W86/><G86/><T3/><D3/><U11/><E1/><V58/><F38/><W60/><G124/><T73/><D73/><U88/><E98/><V100/><F100/><W7/><G7/><T68/><D68/><U30/><E30/><V12/><F12/><W84/><G84/><T74/><D74/><N who="1" m="43319" /><E79/><V6/><F6/><W25/><G25/><T10/><D10/><U83/><E63/><V72/><F72/><W23/><G33/><T19/><D71/><U61/><E61/><V18/><F18/><N who="3" m="12791" /><G35/><T118/><D118/><U50/><E90/><V8/><F8/><W128/><G128/><T21/><D21/><U117/><E117/><V76/><REACH who="2" step="1"/><F103/><REACH who="2" ten="294,247,188,261" step="2"/><W127/><G127/><T45/><D102/><U28/><E28/><V29/><F29/><W51/><G66/><T53/><D101/><U69/><E69/><V89/><F89/><W44/><G108/><T97/><D41/><U85/><AGARI ba="0,1" hai="11,14,16,46,50,55,83,85,88,109,110" m="43319" machi="85" ten="30,4000,0" yaku="25,1,54,2" doraHai="135" who="1" fromWho="1" sc="294,-10,247,50,188,-20,261,-10" /><INIT seed="3,0,0,2,0,90" ten="284,297,168,251" oya="3" hai0="103,87,93,125,81,102,10,123,109,55,112,122,118" hai1="63,116,47,76,39,86,113,37,130,35,80,67,25" hai2="4,0,29,78,27,6,61,91,72,101,100,30,135" hai3="45,94,124,28,52,11,17,57,119,19,40,51,3"/><W69/><G119/><T107/><D118/><U54/><E116/><V92/><F135/><W50/><G69/><T105/><D10/><U115/><E130/><V7/><F0/><W43/><G124/><T79/><D55/><U24/><E37/><V84/><F61/><W32/><G32/><T38/><D38/><U49/><E39/><V82/><REACH who="2" step="1"/><F30/><REACH who="2" ten="284,297,158,251" step="2"/><W5/><G28/><T95/><D125/><U33/><E113/><V88/><F88/><W132/><G132/><T117/><D117/><U21/><E115/><V128/><F128/><W20/><G40/><T96/><D112/><U26/><REACH who="1" step="1"/><E21/><AGARI ba="0,1" hai="4,6,7,21,27,29,72,78,82,84,91,92,100,101" machi="21" ten="40,5200,0" yaku="1,1,52,1,53,1" doraHai="90" doraHaiUra="106" who="2" fromWho="1" sc="284,0,297,-52,158,62,251,0" /><INIT seed="4,0,0,1,5,52" ten="284,245,220,251" oya="0" hai0="61,1,130,79,3,135,50,117,66,48,105,83,111" hai1="126,132,32,118,73,131,94,76,38,96,95,81,60" hai2="17,99,71,20,90,68,13,19,30,5,97,65,59" hai3="80,53,91,72,22,70,106,0,124,75,109,87,78"/><T45/><D105/><U33/><E118/><V56/><F71/><W101/><G109/><T47/><D117/><U41/><E131/><V120/><F120/><W129/><G0/><T7/><D130/><U18/><E132/><V110/><F110/><W98/><G129/><T35/><D35/><U89/><E126/><V84/><F68/><W128/><G128/><T103/><D103/><U86/><E18/><N who="2" m="6667" /><F65/><W15/><G124/><T127/><D127/><U69/><E41/><V6/><F30/><W12/><G70/><T115/><D111/><U125/><E38/><V119/><F20/><W63/><G22/><T25/><D25/><U102/><REACH who="1" step="1"/><E125/><REACH who="1" ten="284,235,220,251" step="2"/><V62/><F119/><W42/><G42/><T55/><D135/><U134/><E134/><V43/><F43/><W27/><G27/><T85/><D7/><N who="2" m="2570" /><F13/><W114/><G12/><T9/><D9/><U51/><E51/><V4/><N who="2" m="2578" /><V23/><DORA hai="57" /><F23/><W107/><G15/><T28/><D28/><U26/><E26/><V121/><F121/><W104/><G63/><T92/><D3/><U88/><E88/><V74/><F62/><W24/><G24/><T113/><D1/><U108/><E108/><V112/><F112/><W54/><G114/><T93/><D113/><U123/><E123/><V100/><F100/><W37/><G37/><T29/><D29/><U40/><E40/><V34/><F34/><W77/><G91/><T49/><D115/><U2/><E2/><V82/><F74/><W46/><G72/><T21/><D21/><U16/><E16/><V122/><F122/><W116/><G75/><RYUUKYOKU ba="0,1" sc="284,-15,235,15,220,15,251,-15" hai1="32,33,60,69,73,76,81,86,89,94,95,96,102" hai2="56,59,82,84,90,97,99" /><INIT seed="5,1,1,4,3,55" ten="269,250,235,236" oya="1" hai0="127,130,117,36,102,74,56,135,75,90,47,46,72" hai1="92,59,21,125,18,93,45,7,14,40,0,110,16" hai2="115,99,44,33,88,108,68,116,10,86,38,119,71" hai3="97,118,62,66,133,131,11,87,69,54,27,67,114"/><U103/><E125/><V17/><F33/><W89/><G114/><T128/><D117/><U107/><E110/><V9/><F108/><W84/><G118/><T29/><D102/><U42/><E0/><V105/><F115/><W19/><G131/><N who="0" m="50219" /><D127/><U34/><E34/><V82/><F119/><W5/><G133/><T85/><D36/><U100/><E7/><V113/><F116/><W80/><G67/><T41/><D41/><N who="1" m="15979" /><E45/><V48/><F38/><W30/><G54/><T13/><D29/><U91/><E107/><V8/><F113/><W51/><G51/><T35/><D35/><U50/><E18/><V94/><F105/><W104/><G19/><T76/><D76/><U6/><E6/><V73/><F73/><W2/><G84/><T77/><D77/><U61/><E50/><V124/><F124/><W3/><G3/><T81/><D13/><U43/><E43/><N who="2" m="24607" /><F71/><W39/><G39/><T24/><D24/><U109/><E109/><V15/><F68/><W132/><G132/><T37/><D37/><U49/><E49/><V32/><F32/><W112/><G112/><T20/><D135/><U65/><E93/><V120/><F120/><W129/><G129/><T83/><D20/><U60/><E61/><V31/><F31/><W12/><G2/><T126/><D126/><U25/><E14/><V22/><F22/><N who="3" m="15735" /><G104/><T96/><D96/><AGARI ba="1,1" hai="16,21,25,59,60,65,91,92,96,100,103" m="15979" machi="96" ten="30,5800,0" yaku="8,1,52,1,54,1" doraHai="55" who="1" fromWho="0" sc="269,-61,250,71,235,0,236,0" owari="208,-29.2,321,42.1,235,-16.5,236,3.6" /></mjloggm>