<mjloggm ver="2.3"><GO type="225" lobby="0"/><UN n0="%E3%82%B2%E3%82%B9%E8%8C%82%E5%8B%9D" n1="%E3%81%B2%E3%81%BE%E3%81%A4%E3%81%B6%E3%81%97" n2="%E3%82%BC%E3%83%AB%E3%83%80%E3%81%AE%E4%BC%9D%E8%AA%AC" n3="%E7%89%8C%E6%B5%81%E7%8A%B6%E6%85%8B%E9%BA%BB%E9%9B%80" dan="16,17,17,18" rate="2045.12,2187.91,2167.06,2222.06" sx="F,M,M,M"/><TAIKYOKU oya="0"/><INIT seed="0,0,0,5,5,14" ten="250,250,250,250" oya="0" hai0="84,93,117,30,47,53,131,38,80,62,36,51,63" hai1="109,59,54,50,12,49,18,127,17,97,111,101,60" hai2="98,11,133,85,79,115,23,58,55,132,83,35,86" hai3="7,2,69,129,16,102,135,110,6,21,128,70,24"/><T22/><D131/><N who="3" m="50249" /><G110/><N who="1" m="41994" /><E127/><V0/><F35/><W56/><G135/><N who="2" m="51785" /><F115/><W3/><G102/><T34/><D34/><U122/><E122/><V94/><F23/><W45/><G56/><T73/><D73/><U48/><E12/><V8/><F85/><W29/><G45/><T113/><D113/><U82/><E82/><V10/><F0/><N who="3" m="43" /><G29/><T123/><D117/><U1/><E1/><V103/><F11/><W114/><G114/><T4/><D4/><AGARI ba="0,0" hai="4,6,7,16,21,24,69,70" m="43,50249" machi="4" ten="30,3900,0" yaku="19,1,52,1,54,1" doraHai="14" who="3" fromWho="0" sc="250,-39,250,0,250,0,250,39" /><INIT seed="1,0,0,2,0,125" ten="211,250,250,289" oya="1" hai0="57,120,115,38,123,56,83,34,16,27,87,122,100" hai1="88,35,128,2,70,113,102,118,41,96,59,135,86" hai2="71,28,132,108,109,133,92,3,119,131,0,72,11" hai3="129,111,104,30,101,54,80,19,33,53,74,22,46"/><U130/><E113/><V63/><F92/><W42/><G111/><N who="2" m="42569" /><F72/><W13/><G33/><T85/><D115/><U77/><E118/><V1/><F63/><W127/><G30/><T112/><D112/><U58/><E135/><N who="2" m="51787" /><F71/><W52/><G127/><T6/><D38/><U55/><E70/><V107/><F107/><W121/><G121/><T50/><D6/><U79/><E35/><V75/><F75/><W103/><G104/><T18/><D100/><U94/><E2/><N who="2" m="1131" /><F131/><N who="1" m="50217" /><E41/><V26/><F119/><W93/><G129/><T105/><D105/><N who="1" m="63687" /><E59/><V29/><F26/><W84/><G74/><T90/><D85/><U61/><AGARI ba="0,0" hai="55,58,61,77,79,86,88,94" m="63687,50217" machi="61" ten="30,12000,1" yaku="19,1,52,3,54,1" doraHai="125" who="1" fromWho="1" sc="211,-40,250,120,250,-40,289,-40" /><INIT seed="1,1,0,0,4,53" ten="171,370,210,249" oya="1" hai0="63,72,29,124,33,0,38,104,45,77,46,75,103" hai1="54,83,7,67,120,125,95,70,118,126,86,82,90" hai2="69,43,40,27,113,47,79,16,96,132,25,24,133" hai3="21,11,13,32,30,99,111,73,20,112,66,123,127"/><U19/><E118/><V57/><F69/><W34/><G73/><T48/><D124/><N who="1" m="47723" /><E120/><V129/><F129/><W106/><G127/><T59/><D0/><U135/><E135/><N who="2" m="51787" /><F113/><W74/><G74/><T4/><D4/><U122/><E122/><V80/><F96/><W101/><G123/><T89/><D38/><U49/><E7/><V68/><F68/><W100/><G111/><T44/><D77/><U110/><E110/><V9/><F57/><W26/><G112/><T17/><D48/><U50/><E19/><V134/><N who="2" m="51795" /><V5/><DORA hai="91" /><F47/><W65/><G101/><T36/><D36/><U78/><E67/><V6/><F6/><W62/><G32/><T52/><D17/><U15/><E70/><V14/><F5/><W61/><G61/><T131/><D131/><U85/><E15/><V130/><F130/><W119/><G66/><T116/><D116/><U93/><E50/><V109/><F109/><W76/><G119/><T71/><D71/><U22/><E22/><V107/><F107/><W81/><G13/><T56/><D33/><U41/><E41/><V51/><F51/><W105/><G105/><T31/><D56/><AGARI ba="1,0" hai="49,54,56,78,82,83,85,86,90,93,95" m="47723" machi="56" ten="30,11600,0" yaku="18,1,52,3" doraHai="53,91" who="1" fromWho="0" sc="171,-119,370,119,210,0,249,0" /><INIT seed="1,2,0,5,0,119" ten="52,489,210,249" oya="1" hai0="68,0,115,40,67,95,121,75,66,109,103,49,20" hai1="12,111,78,36,102,22,104,61,97,105,117,73,29" hai2="113,122,65,13,108,45,127,18,125,14,10,85,74" hai3="88,93,87,4,50,128,41,57,90,7,80,110,37"/><U51/><E117/><V69/><F74/><W77/><G110/><T46/><D0/><U83/><E111/><V98/><F108/><W2/><G128/><T131/><D115/><U32/><E36/><V52/><F113/><W5/><G37/><T33/><D109/><U8/><E32/><V86/><F98/><W120/><G120/><T42/><D33/><U15/><E61/><N who="2" m="40111" /><F122/><W84/><G2/><T118/><D118/><U114/><E114/><V130/><F130/><W28/><G28/><T25/><D75/><U17/><E51/><N who="2" m="28783" /><F14/><W72/><G57/><T11/><D131/><U63/><E63/><V35/><F35/><W16/><G16/><N who="0" m="12423" /><D121/><U55/><E55/><V56/><F56/><W54/><G54/><N who="0" m="30007" /><D68/><U39/><E39/><V129/><F129/><W96/><G72/><T126/><D126/><AGARI ba="2,0" hai="10,13,18,85,86,125,126,127" m="28783,40111" machi="126" ten="30,2000,0" yaku="18,1,54,1" doraHai="119" who="2" fromWho="0" sc="52,-26,489,0,210,26,249,0" /><INIT seed="2,0,0,2,0,72" ten="26,489,236,249" oya="2" hai0="58,87,22,128,88,122,13,115,56,67,97,19,20" hai1="95,123,54,31,133,106,68,111,90,61,6,99,74" hai2="134,110,0,75,50,108,103,71,55,85,3,96,80" hai3="109,114,64,129,52,32,66,18,112,16,93,91,86"/><V135/><F71/><W36/><G109/><N who="2" m="42089" /><F50/><W76/><G32/><T132/><D115/><N who="3" m="44073" /><G36/><T101/><D132/><N who="2" m="50730" /><F55/><W53/><G129/><T81/><D128/><U51/><E54/><N who="3" m="21098" /><G76/><T62/><D122/><U46/><E51/><V11/><F11/><W23/><G18/><T104/><REACH who="0" step="1"/><D22/><REACH who="0" ten="16,489,236,249" step="2"/><U40/><E111/><V107/><F75/><W30/><G30/><T42/><D42/><U1/><E74/><V14/><F14/><AGARI ba="0,1" hai="14,16,23,64,66,86,91,93" m="21098,44073" machi="14" ten="30,3900,0" yaku="11,1,54,2" doraHai="72" who="3" fromWho="2" sc="16,0,489,0,236,-39,249,49" /><INIT seed="3,0,0,0,4,4" ten="16,489,197,298" oya="3" hai0="2,76,26,67,1,25,47,94,115,49,96,83,35" hai1="117,13,70,39,112,36,0,134,130,6,111,18,74" hai2="95,108,17,9,33,54,68,8,11,72,51,62,89" hai3="14,50,77,105,60,32,122,78,97,126,65,85,52"/><W99/><G122/><T86/><D115/><U46/><RYUUKYOKU type="yao9" ba="0,0" sc="16,0,489,0,197,0,298,0" hai1="0,6,13,18,36,39,46,70,74,111,112,117,130,134" /><INIT seed="3,1,0,2,2,58" ten="16,489,197,298" oya="3" hai0="60,0,75,49,108,109,96,79,48,54,117,25,104" hai1="10,29,90,105,98,111,35,86,51,78,73,135,91" hai2="116,85,84,19,114,87,68,83,7,64,16,112,27" hai3="129,1,18,28,63,45,62,11,100,97,131,127,24"/><W93/><G127/><T38/><D0/><U36/><E111/><V69/><F83/><W43/><G18/><T2/><D2/><U65/><E135/><V92/><F92/><W113/><G113/><T33/><D33/><U42/><E65/><V14/><F14/><W26/><G11/><T76/><D25/><U70/><E70/><V88/><F87/><W124/><G124/><T74/><D38/><U15/><E51/><V23/><F7/><W120/><G120/><T61/><D54/><U72/><E42/><V52/><F64/><W31/><G1/><T89/><D96/><U40/><E40/><V20/><F27/><W94/><G94/><T110/><D89/><U46/><E46/><V22/><F22/><W32/><G131/><T121/><D104/><U67/><E105/><V55/><F116/><W3/><G3/><T134/><D134/><U95/><E36/><V17/><F17/><W107/><G129/><T119/><REACH who="0" step="1"/><D108/><REACH who="0" ten="6,489,197,298" step="2"/><U30/><E95/><V6/><F88/><W99/><G99/><T9/><D9/><U80/><E90/><V102/><F52/><W12/><G93/><T34/><D34/><U57/><E35/><V125/><F55/><W128/><G128/><T77/><D77/><U118/><E78/><V13/><F23/><W103/><G103/><T41/><D41/><U130/><E130/><V5/><F20/><N who="3" m="15367" /><G12/><T21/><D21/><U126/><E15/><V123/><F13/><W82/><G82/><T8/><D8/><U59/><E80/><V106/><F102/><W132/><G132/><T71/><D71/><N who="2" m="27210" /><F106/><W44/><G43/><RYUUKYOKU ba="1,1" sc="6,15,489,-15,197,-15,298,15" hai0="48,49,60,61,74,75,76,79,109,110,117,119,121" hai3="26,31,32,44,45,62,63,97,100,107" /><INIT seed="3,2,1,0,1,110" ten="21,474,182,313" oya="3" hai0="118,10,74,68,115,8,30,70,131,11,50,51,77" hai1="123,73,26,29,52,96,6,34,7,127,124,43,67" hai2="117,69,100,49,99,129,53,119,19,130,5,18,72" hai3="80,2,44,9,58,37,60,38,126,1,71,24,128"/><W47/><G24/><T95/><D118/><U21/><E123/><V81/><F69/><W42/><G80/><T104/><D104/><U112/><E73/><V85/><F5/><N who="1" m="1545" /><E67/><V25/><F72/><W84/><G84/><T78/><D95/><U91/><E43/><V31/><F19/><W89/><G89/><T116/><D74/><U76/><E76/><V114/><F114/><W82/><G82/><T33/><D33/><U83/><E112/><V13/><F25/><W28/><G9/><T36/><D30/><U27/><E52/><V86/><F31/><W111/><G1/><T88/><D116/><U54/><E54/><V14/><F14/><W41/><G2/><T132/><D36/><U97/><E83/><V103/><F13/><W121/><G28/><T22/><D11/><U4/><E4/><V133/><F18/><W17/><G17/><T134/><D22/><U101/><E91/><V35/><F133/><W98/><G98/><N who="1" m="37994" /><E101/><V75/><F130/><W12/><G12/><T108/><D108/><U79/><E79/><V16/><F16/><W39/><G111/><T90/><REACH who="0" step="1"/><D131/><REACH who="0" ten="11,474,182,313" step="2"/><U0/><E0/><V64/><F75/><W102/><G128/><T92/><D92/><U113/><E113/><V122/><F129/><W87/><G102/><T135/><D135/><U40/><E27/><V61/><F103/><W55/><G121/><T120/><D120/><U106/><E106/><V107/><F122/><W45/><G126/><N who="1" m="48170" /><E34/><V105/><F100/><W15/><G15/><T3/><D3/><U48/><E40/><N who="3" m="15466" /><G87/><T32/><D32/><U94/><E94/><RYUUKYOKU ba="2,2" sc="11,10,474,10,182,-30,313,10" hai0="8,10,50,51,68,70,77,78,88,90,115,132,134" hai1="21,26,29,48" hai3="37,38,39,44,45,47,55,58,60,71" /><INIT seed="3,3,2,0,2,30" ten="21,484,152,323" oya="3" hai0="115,7,53,18,10,68,128,106,118,27,29,119,69" hai1="92,133,44,87,126,89,20,66,117,47,15,86,64" hai2="130,82,90,40,35,62,19,101,107,121,131,73,125" hai3="95,132,59,13,83,33,16,78,116,63,98,32,14"/><W41/><G116/><T123/><D123/><U4/><E117/><V113/><F113/><W102/><G132/><T75/><D118/><U46/><E133/><V48/><F35/><W58/><G41/><T135/><D119/><U1/><E126/><V134/><F134/><W45/><G45/><T114/><D135/><U96/><E1/><V6/><F6/><W25/><G25/><T124/><D75/><U11/><E20/><V127/><F19/><W74/><G13/><T61/><D124/><N who="2" m="47690" /><F62/><W70/><G70/><T76/><D76/><U42/><E42/><V122/><F101/><W97/><G97/><T88/><D106/><U108/><E108/><V105/><F48/><W81/><G81/><T72/><D72/><U49/><E49/><V50/><F50/><W3/><G3/><N who="0" m="383" /><D18/><U17/><E17/><V23/><F40/><W0/><G0/><T28/><D53/><U52/><E52/><V39/><F23/><W99/><G99/><T112/><D61/><U34/><E34/><V31/><F73/><W77/><G77/><T37/><D37/><U129/><E129/><V103/><F39/><W43/><G43/><T85/><D128/><U110/><E110/><V67/><F105/><W54/><G58/><T38/><D38/><U80/><E87/><V26/><F131/><W91/><G102/><AGARI ba="3,2" hai="4,11,15,44,46,47,64,66,80,86,89,92,96,102" machi="102" ten="40,1300,0" yaku="8,1" doraHai="30" who="1" fromWho="3" sc="21,0,484,42,152,0,323,-22" owari="21,-47.9,526,62.6,152,-24.8,301,10.1" /></mjloggm>