<mjloggm ver="2.3"><GO type="225" lobby="0"/><UN n0="%E3%81%95%E3%81%8D%E3%81%9F%E3%81%BE%E6%9E%97%E6%AA%8E" n1="%E3%81%A1%E3%82%85%E3%81%86%E3%81%A9%E3%81%8F%E8%B1%A1%E3%81%95%E3%82%93" n2="%72%69%6F%75%63%68%61%6E" n3="%47%32%E9%BE%8D%E9%96%80" dan="16,17,17,16" rate="2130.21,2140.00,2228.54,2101.23" sx="M,M,M,M"/><TAIKYOKU oya="0"/><INIT seed="0,0,0,0,4,66" ten="250,250,250,250" oya="0" hai0="112,11,41,81,22,122,127,54,60,116,5,126,98" hai1="78,3,27,52,95,35,19,1,129,56,123,28,115" hai2="15,111,110,124,118,131,89,12,65,103,119,58,63" hai3="53,130,43,59,84,26,7,90,32,77,38,45,87"/><T133/><D112/><U108/><E123/><V86/><F124/><N who="0" m="47658" /><D116/><N who="2" m="44586" /><F131/><W61/><G130/><T8/><D122/><U36/><E129/><V50/><F103/><W120/><G120/><T75/><D133/><U105/><E105/><V30/><F30/><W125/><G125/><T72/><D41/><U40/><E115/><V25/><F25/><W82/><G7/><T69/><D22/><U93/><E78/><V57/><F58/><W6/><G6/><T135/><D135/><U9/><E40/><V73/><F50/><W99/><G99/><T18/><D18/><U48/><E36/><V85/><F73/><N who="0" m="28234" /><D98/><U55/><E108/><N who="2" m="41515" /><F85/><W21/><G84/><T109/><D109/><U94/><REACH who="1" step="1"/><E55/><REACH who="1" ten="250,240,250,250" step="2"/><V121/><F121/><W100/><G53/><T17/><D54/><U114/><E114/><V97/><F97/><W67/><G43/><T70/><D60/><U134/><E134/><V13/><F13/><AGARI ba="0,1" hai="1,3,9,13,19,27,28,35,48,52,56,93,94,95" machi="13" ten="40,2600,0" yaku="1,1,54,1,53,0" doraHai="66" doraHaiUra="117" who="1" fromWho="2" sc="250,0,240,36,250,-26,250,0" /><INIT seed="1,0,0,5,5,108" ten="250,276,224,250" oya="1" hai0="3,115,36,32,38,52,25,23,53,58,29,97,104" hai1="76,120,128,93,109,134,129,121,81,101,71,133,40" hai2="45,119,11,124,24,31,50,72,92,130,59,54,41" hai3="17,127,12,126,65,99,64,69,116,13,57,123,42"/><U131/><E71/><V62/><F124/><N who="3" m="47659" /><G123/><N who="1" m="47178" /><E40/><V87/><F130/><W2/><G2/><T73/><D115/><U43/><E43/><V135/><F135/><N who="1" m="51721" /><E109/><V78/><F119/><W88/><G116/><T102/><D73/><N who="1" m="43151" /><E93/><V22/><F72/><W34/><G69/><T44/><D3/><U74/><E74/><V21/><F11/><W15/><G42/><T18/><D44/><U122/><E122/><V84/><F78/><W91/><G34/><T30/><D53/><U113/><E101/><V47/><F21/><N who="3" m="11431" /><G65/><T82/><D82/><U1/><E1/><V56/><F45/><W20/><G20/><T49/><REACH who="0" step="1"/><D30/><REACH who="0" ten="240,276,224,250" step="2"/><U60/><E60/><N who="2" m="35863" /><F92/><W66/><G64/><AGARI ba="0,1" hai="22,24,31,41,47,50,59,62,64,84,87" m="35863" machi="64" ten="30,1000,0" yaku="8,1" doraHai="108" who="2" fromWho="3" sc="240,0,276,0,224,20,250,-10" /><INIT seed="2,0,0,5,1,118" ten="240,276,244,240" oya="2" hai0="35,102,132,46,92,52,90,69,39,59,105,104,74" hai1="93,2,113,8,13,85,30,41,81,78,119,5,63" hai2="29,20,3,25,56,50,4,22,116,71,7,89,27" hai3="110,135,129,40,37,107,67,112,91,84,131,87,94"/><V47/><F116/><W17/><G107/><T58/><D132/><U68/><E119/><V10/><F71/><W72/><G72/><T57/><D74/><U0/><E113/><V36/><F36/><W11/><G135/><T115/><D115/><U128/><E128/><N who="3" m="49226" /><G112/><T23/><D69/><U62/><E41/><V51/><F7/><W111/><G67/><T126/><D126/><U14/><E30/><V44/><F89/><W125/><G125/><T122/><D122/><U65/><E63/><V55/><REACH who="2" step="1"/><F50/><REACH who="2" ten="240,276,234,240" step="2"/><W70/><G70/><T95/><D39/><U49/><E49/><V109/><F109/><W54/><G111/><T98/><D35/><U88/><E0/><V21/><F21/><W83/><G110/><T16/><D46/><U124/><E124/><V114/><F114/><W15/><G37/><T123/><D123/><U133/><E133/><V31/><AGARI ba="0,1" hai="3,4,10,20,22,25,27,29,31,44,47,51,55,56" machi="31" ten="20,7800,0" yaku="1,1,0,1,7,1,9,1,53,0" doraHai="118" doraHaiUra="117" who="2" fromWho="2" sc="240,-26,276,-26,234,88,240,-26" /><INIT seed="2,1,0,2,0,129" ten="214,250,322,214" oya="2" hai0="3,109,61,89,69,75,56,100,23,63,58,73,35" hai1="0,126,22,14,92,102,38,131,99,25,54,124,111" hai2="108,64,51,116,77,21,34,65,1,53,15,36,40" hai3="32,41,55,17,85,10,93,11,4,8,123,7,13"/><V82/><F116/><W110/><G123/><T18/><D109/><U95/><E38/><V62/><F108/><W115/><G110/><T104/><D35/><U113/><E111/><V68/><F1/><W33/><G41/><T96/><D3/><U127/><E113/><V78/><F34/><N who="3" m="13419" /><G55/><T59/><D89/><U133/><E0/><V114/><F114/><W37/><G85/><T106/><D106/><U97/><E131/><V66/><F78/><W90/><G93/><T72/><REACH who="0" step="1"/><D69/><REACH who="0" ten="204,250,322,214" step="2"/><U52/><E126/><V39/><F68/><W94/><G90/><T16/><D16/><U20/><E124/><V121/><F121/><W50/><G115/><T103/><D103/><U28/><E127/><V44/><F62/><W130/><G130/><T120/><D120/><U49/><E102/><V70/><F70/><W46/><G17/><T107/><D107/><U24/><E28/><V29/><F29/><W74/><G4/><T19/><D19/><U30/><E30/><V60/><F21/><W47/><G7/><T86/><D86/><U84/><E84/><V134/><F60/><W91/><G91/><T132/><D132/><U117/><E133/><V81/><F134/><W48/><G74/><T27/><AGARI ba="1,1" hai="18,23,27,56,58,59,61,63,72,73,75,96,100,104" machi="27" ten="40,2700,0" yaku="1,1,0,1,53,0" doraHai="129" doraHaiUra="6" who="0" fromWho="0" sc="204,40,250,-8,322,-14,214,-8" /><INIT seed="3,0,0,4,5,43" ten="244,242,308,206" oya="3" hai0="19,97,46,32,21,80,93,37,115,17,68,130,69" hai1="132,20,22,74,45,77,15,133,63,85,73,90,111" hai2="60,98,109,61,27,101,82,135,123,50,52,51,40" hai3="58,6,66,34,117,4,8,100,16,104,124,113,128"/><W119/><G113/><T53/><D32/><U99/><E111/><V44/><F109/><W134/><G34/><T38/><D115/><U67/><E99/><V112/><F112/><W118/><G128/><T57/><D130/><U92/><E45/><N who="2" m="25895" /><F135/><N who="1" m="51785" /><E77/><V79/><F123/><W84/><G134/><T42/><D38/><U48/><E48/><V3/><F3/><W62/><G124/><T121/><D80/><U0/><E0/><V126/><F126/><W102/><G84/><T33/><D33/><U25/><E15/><V105/><F105/><W87/><G87/><T96/><D96/><U71/><E20/><V72/><F72/><W36/><G36/><T125/><D125/><U39/><E39/><V78/><F27/><W107/><G107/><T26/><D17/><AGARI ba="0,0" hai="17,22,25,63,67,71,73,74,85,90,92" m="51785" machi="17" ten="30,1000,0" yaku="20,1" doraHai="43" who="1" fromWho="0" sc="244,-10,242,10,308,0,206,0" owari="234,-16.6,252,5.2,308,40.8,206,-29.4" /></mjloggm>