<mjloggm ver="2.3"><GO type="225" lobby="0"/><UN n0="%E3%82%BC%E3%83%AB%E3%83%80%E3%81%AE%E4%BC%9D%E8%AA%AC" n1="%E5%A4%9C%E3%81%AE%E3%82%AC%E3%82%B9%E3%83%91%E3%83%BC%E3%83%AB" n2="%E3%82%B3%E3%83%90%E3%83%AC%E3%82%A4" n3="%73%73%6B%5F%66%72%65%65" dan="17,16,16,16" rate="2231.20,2176.21,2140.41,2087.15" sx="M,M,M,M"/><TAIKYOKU oya="0"/><INIT seed="0,0,0,3,4,0" ten="250,250,250,250" oya="0" hai0="101,14,130,85,35,24,70,2,120,55,102,121,47" hai1="105,9,26,39,98,88,112,58,21,46,92,124,19" hai2="13,18,80,41,1,116,29,62,107,74,31,69,3" hai3="4,36,97,5,87,22,37,135,60,96,90,127,81"/><T93/><D2/><U7/><E124/><V111/><F116/><W115/><G115/><T84/><D70/><U75/><E112/><V42/><F107/><W113/><G113/><T30/><D130/><U125/><E125/><V122/><F122/><W32/><G32/><T110/><D110/><U132/><E132/><V20/><F111/><W128/><G128/><T50/><D14/><U131/><E131/><V38/><F3/><W12/><G127/><T67/><D67/><U49/><E75/><V72/><F1/><W52/><G37/><T118/><D118/><U45/><E105/><V109/><F109/><W63/><G36/><T57/><D47/><U123/><E39/><V43/><F38/><W48/><G135/><T108/><D108/><U8/><E123/><V83/><F74/><W16/><G97/><N who="0" m="59567" /><D102/><U61/><E49/><V64/><F72/><W23/><G96/><T77/><D77/><U34/><E34/><V44/><F44/><N who="3" m="27655" /><G23/><T99/><D99/><U106/><E106/><V82/><AGARI ba="0,0" hai="13,18,20,29,31,41,42,43,62,64,69,80,82,83" machi="82" ten="30,1100,0" yaku="0,1" doraHai="0" who="2" fromWho="2" sc="250,-5,250,-3,250,11,250,-3" /><INIT seed="1,0,0,2,1,30" ten="245,247,261,247" oya="1" hai0="81,107,112,91,44,99,126,45,49,71,7,50,42" hai1="84,34,31,66,37,39,69,57,40,43,82,4,68" hai2="24,33,76,11,25,109,13,35,119,86,47,89,56" hai3="72,6,117,19,96,92,63,103,65,129,125,23,61"/><U28/><E4/><V83/><F119/><W67/><G129/><T21/><D112/><U15/><E15/><V135/><F135/><W122/><G122/><T108/><D71/><U27/><E31/><V5/><F109/><W102/><G125/><T20/><D108/><U54/><E69/><V53/><F47/><W121/><G121/><T98/><D126/><U118/><E118/><V97/><F24/><N who="3" m="14463" /><G6/><T94/><D7/><U93/><E93/><V113/><F25/><W73/><G73/><T85/><D107/><U132/><E132/><V120/><F120/><W18/><G18/><T58/><D58/><U101/><E101/><V104/><F113/><W80/><G80/><T133/><D99/><U60/><E39/><V131/><F131/><W100/><G72/><T2/><D2/><U22/><E37/><V79/><F79/><W41/><G41/><T14/><D14/><U77/><REACH who="1" step="1"/><E22/><REACH who="1" ten="245,237,261,247" step="2"/><V3/><F3/><W123/><G117/><T9/><D133/><U70/><E70/><V115/><F115/><W16/><G123/><T36/><D36/><U0/><E0/><V95/><REACH who="2" step="1"/><F104/><REACH who="2" ten="245,237,251,247" step="2"/><W12/><G103/><N who="0" m="60887" /><D9/><U46/><E46/><V26/><F26/><W74/><G102/><T110/><D110/><U62/><AGARI ba="0,2" hai="27,28,34,40,43,54,57,60,62,66,68,77,82,84" machi="62" ten="20,7800,0" yaku="1,1,0,1,7,1,52,1,53,0" doraHai="30" doraHaiUra="130" who="1" fromWho="1" sc="245,-26,237,98,251,-26,247,-26" /><INIT seed="1,1,0,0,3,86" ten="219,335,225,221" oya="1" hai0="71,132,123,13,4,84,74,36,81,11,69,93,120" hai1="79,1,38,17,47,117,87,106,130,30,29,126,54" hai2="77,89,40,23,102,59,82,62,27,99,131,72,65" hai3="52,33,122,50,108,104,96,26,135,51,70,80,85"/><U28/><E117/><V31/><F131/><W25/><G122/><N who="0" m="46635" /><D132/><U92/><E106/><V37/><F40/><W39/><G39/><T67/><D36/><U24/><E1/><V42/><F42/><W112/><G112/><T49/><D67/><U119/><E119/><V114/><F37/><W90/><G108/><T21/><D49/><N who="1" m="28991" /><E38/><V12/><F12/><W105/><G135/><T121/><N who="0" m="46643" /><T94/><DORA hai="129" /><D74/><U75/><E75/><V14/><F14/><W34/><G70/><N who="0" m="26635" /><D21/><N who="1" m="13359" /><E130/><V116/><F116/><W5/><G34/><T68/><N who="0" m="26643" /><T57/><DORA hai="63" /><D57/><U56/><E126/><V3/><F3/><W35/><G35/><T76/><AGARI ba="1,0" hai="4,11,13,76,81,84,93,94" m="26643,46643" machi="76" ten="60,2000,0" yaku="13,1" doraHai="86,129,63" who="0" fromWho="0" sc="219,23,335,-11,225,-6,221,-6" /><INIT seed="2,0,0,1,1,109" ten="242,324,219,215" oya="2" hai0="125,113,53,90,59,21,62,93,76,41,7,86,50" hai1="77,27,18,116,24,128,0,118,12,104,2,127,68" hai2="106,20,37,107,70,57,103,97,95,30,126,99,117" hai3="132,33,92,110,61,89,1,83,73,22,101,88,54"/><V131/><F37/><W87/><G33/><T29/><D125/><U108/><E104/><V85/><F126/><W67/><G110/><T65/><D113/><U45/><E127/><V96/><F70/><W16/><G132/><T84/><D7/><U133/><E108/><V5/><F117/><N who="1" m="45161" /><E68/><V10/><F131/><W71/><G1/><N who="1" m="618" /><E45/><V129/><F129/><W111/><G111/><T25/><D41/><U56/><E56/><V11/><F107/><W3/><G3/><T32/><D32/><U23/><E77/><V40/><F40/><W44/><G101/><T81/><REACH who="0" step="1"/><D50/><REACH who="0" ten="232,324,219,215" step="2"/><U130/><E133/><V31/><F5/><W13/><G73/><T82/><D82/><U4/><E4/><V38/><F38/><W55/><REACH who="3" step="1"/><G44/><REACH who="3" ten="232,324,219,205" step="2"/><T121/><D121/><U14/><E130/><V9/><F103/><W74/><G74/><T119/><D119/><U60/><E128/><V49/><F106/><W46/><G46/><T8/><D8/><U39/><E39/><V6/><F6/><W75/><G75/><T26/><D26/><U79/><E27/><V34/><F34/><W124/><G124/><T28/><D28/><U80/><E24/><V52/><REACH who="2" step="1"/><F20/><REACH who="2" ten="232,324,209,205" step="2"/><W122/><G122/><T43/><D43/><U51/><E23/><V69/><F69/><W98/><AGARI ba="0,3" hai="13,16,22,54,55,61,67,71,83,87,88,89,92,98" machi="98" ten="20,8000,1" yaku="1,1,0,1,7,1,54,2,53,0" doraHai="109" doraHaiUra="135" who="3" fromWho="3" sc="232,-20,324,-20,209,-40,205,110" /><INIT seed="3,0,0,5,5,98" ten="212,304,169,315" oya="3" hai0="48,4,121,32,58,106,15,21,112,82,72,120,103" hai1="33,130,37,116,43,86,76,99,115,80,62,113,30" hai2="78,126,29,14,118,87,122,36,54,69,64,93,95" hai3="101,39,34,90,97,57,3,68,114,2,105,71,67"/><W23/><G114/><T17/><D32/><U89/><E130/><V109/><F36/><W41/><G90/><T45/><D58/><U35/><E116/><V91/><F118/><W53/><G23/><T44/><D44/><U28/><E62/><V88/><F122/><W50/><G34/><T26/><D112/><U9/><E9/><V75/><F126/><W13/><G13/><T42/><D72/><U128/><E128/><V107/><F107/><W119/><G119/><T61/><D61/><U55/><E55/><V31/><F69/><W125/><G125/><T0/><D0/><U22/><E22/><V52/><F64/><W100/><G100/><T38/><D103/><U10/><E10/><V129/><F129/><W131/><G131/><T135/><D15/><U77/><E43/><V59/><F109/><W47/><G71/><T84/><D21/><U83/><E89/><V81/><F14/><W92/><G105/><T16/><D26/><U70/><E86/><V79/><F79/><W46/><G46/><T124/><D45/><U8/><E8/><V11/><F11/><W1/><G1/><T19/><D84/><U20/><E20/><V110/><F110/><W104/><G104/><T73/><D106/><U117/><E117/><V63/><F54/><W27/><G27/><T133/><D124/><U18/><E70/><V6/><F6/><W40/><G40/><T85/><D42/><U132/><E37/><V7/><F7/><W12/><G12/><T65/><D4/><U123/><E123/><V60/><F63/><AGARI ba="0,0" hai="2,3,39,41,47,50,53,57,63,67,68,92,97,101" machi="63" ten="40,7700,0" yaku="24,2,52,1" doraHai="98" who="3" fromWho="2" sc="212,0,304,0,169,-77,315,77" owari="212,-18.8,304,10.4,92,-40.8,392,49.2" /></mjloggm>