<mjloggm ver="2.3"><GO type="225" lobby="0"/><UN n0="%E6%98%93%E5%88%A9%E8%96%A9%E4%BC%AF" n1="%E6%A1%9C%E8%8A%B1%E9%96%83%E3%80%85" n2="%E9%80%9F%E6%B0%B4%E5%87%9B%E9%A6%99" n3="%E3%81%A9%E3%82%8F%E3%82%93%E3%81%94" dan="16,18,16,16" rate="2163.15,2222.47,2059.73,2193.71" sx="F,M,F,M"/><TAIKYOKU oya="0"/><INIT seed="0,0,0,5,5,22" ten="250,250,250,250" oya="0" hai0="80,41,40,37,133,99,82,29,52,130,35,63,77" hai1="0,110,95,6,125,96,10,89,7,72,123,134,135" hai2="50,88,92,1,32,65,114,42,53,70,64,38,45" hai3="128,112,105,121,54,13,111,59,74,46,19,76,90"/><T61/><D130/><U129/><E123/><V62/><F1/><W16/><G112/><T11/><D133/><N who="1" m="50699" /><E129/><V131/><F114/><W79/><G105/><T17/><D80/><U66/><E110/><V73/><F73/><W8/><G111/><T94/><D37/><U78/><E125/><V2/><F2/><W113/><G128/><T25/><D11/><N who="1" m="2503" /><E66/><V20/><F131/><W15/><G74/><T68/><D17/><U132/><N who="1" m="50707" /><U47/><DORA hai="91" /><E47/><V98/><F65/><W31/><G113/><T39/><D68/><U44/><E44/><V60/><F60/><W97/><G31/><T122/><D63/><U58/><E58/><N who="2" m="33079" /><F20/><N who="3" m="11279" /><G46/><T75/><D39/><U85/><E72/><V5/><F5/><W36/><G36/><T116/><D116/><U21/><E21/><V33/><AGARI ba="0,0" hai="32,33,38,42,45,62,64,70,88,92,98" m="33079" machi="33" ten="30,4000,0" yaku="24,1,52,1,54,1" doraHai="22,91" who="2" fromWho="2" sc="250,-20,250,-10,250,40,250,-10" /><INIT seed="1,0,0,1,4,12" ten="230,240,290,240" oya="1" hai0="106,62,33,91,82,93,55,113,34,118,78,43,132" hai1="46,114,88,74,3,73,21,135,42,133,103,86,41" hai2="65,117,104,63,120,2,23,60,25,68,59,30,36" hai3="90,127,39,111,40,69,105,107,64,81,87,47,84"/><U19/><E114/><V50/><F117/><W130/><G111/><T17/><D106/><U121/><E121/><V51/><F36/><W24/><G130/><T27/><D113/><U53/><E3/><V100/><F2/><W54/><G127/><T8/><D132/><N who="1" m="50763" /><E103/><V92/><F104/><W97/><G97/><T7/><D43/><N who="1" m="16395" /><E46/><V96/><REACH who="2" step="1"/><F120/><REACH who="2" ten="230,240,280,240" step="2"/><W122/><G122/><T79/><D118/><U9/><E9/><V119/><F119/><W131/><G107/><T109/><D8/><U35/><E35/><V61/><F61/><W128/><G105/><T52/><D62/><U129/><E129/><V20/><F20/><W0/><G0/><T45/><D34/><U108/><E108/><V80/><F80/><W14/><G131/><T38/><D33/><U26/><E53/><AGARI ba="0,1" hai="23,25,30,50,51,53,59,60,63,65,68,92,96,100" machi="53" ten="30,2000,0" yaku="1,1,7,1,53,0" doraHai="12" doraHaiUra="124" who="2" fromWho="1" sc="230,0,240,-20,280,30,240,0" /><INIT seed="2,0,0,3,3,34" ten="230,220,310,240" oya="2" hai0="99,112,93,6,123,37,24,124,29,106,97,30,119" hai1="54,128,113,88,103,133,33,125,100,122,50,27,109" hai2="86,76,132,60,49,0,78,61,55,13,42,129,51" hai3="95,32,96,120,114,11,41,134,12,94,26,44,69"/><V80/><F132/><W10/><G120/><T108/><D112/><U59/><E113/><V1/><F129/><W15/><G69/><T62/><D37/><U89/><E133/><V56/><F78/><W121/><G134/><T68/><D108/><U35/><E122/><V71/><F71/><W63/><G63/><T87/><D30/><U38/><E109/><V25/><F25/><W53/><G114/><T43/><D43/><U79/><E128/><V67/><F67/><W110/><G110/><T77/><D119/><U116/><E38/><V115/><F115/><W107/><G107/><T131/><D131/><U111/><E116/><V72/><F72/><W64/><G53/><T91/><D6/><U18/><E79/><V28/><F28/><W39/><G64/><T23/><D124/><U21/><E111/><V82/><F82/><W81/><G81/><T46/><D46/><U58/><E125/><V73/><F73/><W70/><G70/><T22/><D123/><U20/><E20/><V75/><F75/><W84/><G121/><T101/><D77/><U127/><E59/><V118/><F118/><W105/><G105/><T65/><REACH who="0" step="1"/><D97/><REACH who="0" ten="220,220,310,240" step="2"/><U5/><E5/><V45/><F42/><W102/><G32/><AGARI ba="0,1" hai="22,23,24,29,32,62,65,68,87,91,93,99,101,106" machi="32" ten="30,12000,2" yaku="1,1,2,1,7,1,25,2,53,1" doraHai="34" doraHaiUra="85" who="0" fromWho="3" sc="220,130,220,0,310,0,240,-120" /><INIT seed="3,0,0,0,4,12" ten="350,220,310,120" oya="3" hai0="134,30,3,83,111,11,75,93,66,54,59,92,35" hai1="128,87,125,60,7,23,56,14,68,50,39,106,78" hai2="129,84,131,122,74,90,124,70,29,98,17,116,113" hai3="20,107,117,99,53,110,21,47,73,34,0,109,123"/><W95/><G123/><T114/><D66/><U32/><E32/><V37/><F37/><W79/><G117/><T13/><D3/><U69/><E39/><V112/><F29/><W58/><G34/><T94/><D111/><N who="3" m="42505" /><G107/><T105/><D105/><U85/><E106/><V96/><F70/><W22/><G0/><T10/><D10/><U49/><E125/><V26/><F26/><W101/><G47/><T102/><D102/><U86/><E128/><N who="2" m="49227" /><F17/><W48/><G79/><T130/><D134/><U135/><E85/><V31/><F31/><W19/><G73/><T71/><D71/><U108/><E78/><V25/><F25/><AGARI ba="0,0" hai="19,20,21,22,25,48,53,58,95,99,101" m="42505" machi="25" ten="30,5800,0" yaku="14,1,10,1,52,1" doraHai="12" who="3" fromWho="2" sc="350,0,220,0,310,-58,120,58" /><INIT seed="3,1,0,4,2,77" ten="350,220,252,178" oya="3" hai0="19,87,135,39,11,90,9,78,38,84,51,96,17" hai1="81,2,3,103,134,55,30,106,68,42,128,14,114" hai2="40,62,18,54,113,46,120,13,110,12,118,73,123" hai3="31,57,111,44,76,104,0,82,59,129,133,33,125"/><W109/><G0/><T43/><D96/><U88/><E114/><V63/><F73/><W35/><G104/><T112/><D135/><U65/><E42/><V119/><F54/><W22/><G133/><T56/><D39/><U74/><E134/><V53/><F53/><W130/><G44/><N who="0" m="26015" /><D38/><U86/><E74/><V25/><F25/><N who="3" m="16823" /><G125/><T121/><D56/><N who="3" m="21577" /><G33/><T85/><D121/><U80/><E128/><N who="3" m="49258" /><G35/><T67/><D67/><U101/><E106/><V47/><F113/><W98/><G98/><T32/><D32/><U124/><E2/><V89/><F119/><W107/><G107/><T10/><D112/><U52/><E3/><V102/><F118/><W105/><G105/><T1/><D1/><U83/><E124/><V4/><F123/><W36/><G36/><T15/><D78/><U116/><E116/><V79/><F120/><W20/><G20/><N who="0" m="11327" /><D19/><U69/><E30/><V100/><F18/><W34/><G34/><T71/><D71/><U58/><E69/><V8/><F46/><W126/><G126/><T45/><D45/><U92/><E68/><V97/><F47/><W24/><G24/><T131/><D131/><U72/><E14/><V75/><F13/><W60/><G60/><T41/><D41/><U117/><E117/><V29/><F40/><W122/><G122/><T28/><D28/><U49/><E65/><V23/><F62/><W64/><G64/><T132/><D132/><U50/><E72/><AGARI ba="1,0" hai="72,76,82,109,111" m="49258,21577,16823" machi="72" ten="30,2900,0" yaku="19,1,52,1" doraHai="77" who="3" fromWho="1" sc="350,0,220,-32,252,0,178,32" /><INIT seed="3,2,0,0,3,130" ten="350,188,252,210" oya="3" hai0="97,91,45,128,34,98,114,84,78,110,44,28,96" hai1="15,8,58,120,108,30,23,19,94,85,16,68,122" hai2="124,69,129,88,48,35,6,61,25,57,125,77,90" hai3="47,101,56,79,73,106,74,51,13,105,131,11,116"/><W14/><G116/><T86/><D110/><U63/><E68/><V71/><F6/><W4/><G131/><T12/><D114/><U70/><E70/><N who="2" m="26635" /><F48/><W22/><G56/><T50/><D78/><U81/><E108/><V76/><F129/><W89/><G89/><N who="2" m="34409" /><F25/><W9/><G22/><T43/><D86/><U59/><E94/><V36/><F36/><W37/><G37/><T87/><D87/><U2/><E30/><V52/><F35/><W118/><G118/><T134/><D34/><U107/><E107/><V38/><F38/><W117/><G117/><T83/><D50/><U5/><E19/><V135/><F135/><W29/><G29/><T99/><D134/><U17/><E17/><V41/><F41/><W132/><G132/><T10/><D28/><U31/><E31/><V104/><F104/><W60/><G60/><T49/><D128/><U95/><E95/><V32/><F32/><W127/><G106/><T100/><D45/><U92/><E92/><V1/><F1/><W53/><G79/><T103/><N who="0" m="24576" /><DORA hai="80" /><T64/><D64/><U27/><E2/><V121/><F121/><W67/><G67/><T72/><D72/><U102/><E102/><V46/><F46/><W133/><G133/><T111/><D111/><U33/><E33/><V93/><F93/><W0/><G0/><T62/><D62/><U115/><E115/><V26/><F26/><W126/><G101/><T66/><D66/><N who="1" m="39287" /><E59/><V65/><F65/><W75/><REACH who="3" step="1"/><G105/><REACH who="3" ten="350,188,252,200" step="2"/><T18/><AGARI ba="2,1" hai="10,12,18,43,44,49,83,84,91,100,103" m="24576" machi="18" ten="40,5200,0" yaku="0,1,8,1,52,1" doraHai="130,80" who="0" fromWho="0" sc="350,68,188,-15,252,-15,200,-28" owari="418,51.8,173,-22.7,237,3.7,172,-32.8" /></mjloggm>