<mjloggm ver="2.3"><GO type="225" lobby="0"/><UN n0="%E5%A4%9C%E5%85%89%E5%A4%A9%E6%A5%BC" n1="%33%74%72%65%65" n2="%72%69%6F%75%63%68%61%6E" n3="%E9%B3%B3%E6%9D%B1%E3%81%AE%E3%81%BF%E3%81%91%E3%81%AB%E3%82%83%E3%82%93" dan="17,16,16,17" rate="2184.12,2153.80,2277.34,2155.71" sx="M,F,M,F"/><TAIKYOKU oya="0"/><INIT seed="0,0,0,2,5,82" ten="250,250,250,250" oya="0" hai0="118,119,55,92,117,63,24,8,94,26,53,135,1" hai1="50,32,91,104,129,70,15,37,67,123,68,7,121" hai2="52,62,45,86,105,13,125,57,83,71,54,78,14" hai3="47,101,80,35,115,93,77,11,31,84,124,58,30"/><T122/><D122/><U97/><E37/><V28/><F105/><W90/><G115/><T64/><D135/><U88/><E32/><V59/><F125/><W114/><G114/><T75/><D75/><U46/><E129/><V133/><F133/><W16/><G124/><T76/><D76/><U107/><E7/><V132/><F132/><W2/><G35/><T85/><D92/><U44/><E15/><V48/><F71/><W69/><G69/><T72/><D72/><U89/><E89/><V34/><REACH who="2" step="1"/><F45/><REACH who="2" ten="250,250,240,250" step="2"/><W112/><G112/><T5/><D117/><U111/><E107/><V42/><F42/><W27/><G47/><T39/><D118/><U116/><E104/><V106/><F106/><W98/><G58/><N who="0" m="36983" /><D119/><U3/><E44/><V113/><F113/><W9/><G2/><T36/><D36/><U103/><E46/><V6/><F6/><W40/><G40/><T99/><D39/><U49/><E3/><V128/><F128/><W131/><G131/><T87/><D1/><U23/><E116/><V56/><F56/><W73/><G30/><T17/><D5/><U74/><E68/><V108/><F108/><W29/><G29/><T81/><D17/><U0/><E111/><V109/><F109/><W22/><G31/><T18/><D18/><U95/><E0/><V19/><F19/><W38/><G38/><T43/><D43/><U102/><E70/><V25/><AGARI ba="0,1" hai="13,14,25,28,34,48,52,54,57,59,62,78,83,86" machi="25" ten="30,7900,0" yaku="1,1,0,1,52,1,54,1,53,0" doraHai="82" doraHaiUra="41" who="2" fromWho="2" sc="250,-39,250,-20,240,89,250,-20" /><INIT seed="1,0,0,5,4,56" ten="211,230,329,230" oya="1" hai0="7,60,54,21,123,120,102,71,22,74,47,28,20" hai1="50,107,129,133,135,32,94,84,13,24,95,43,82" hai2="86,118,53,44,128,6,46,124,98,18,79,73,111" hai3="57,62,125,68,41,10,55,88,126,37,93,85,63"/><U42/><E107/><V105/><F118/><W66/><REACH who="3" step="1"/><G10/><REACH who="3" ten="211,230,329,220" step="2"/><T59/><D74/><U40/><E135/><V34/><F73/><W30/><G30/><T23/><D28/><U89/><E133/><V69/><F128/><W78/><G78/><T17/><D7/><U11/><E129/><V99/><F79/><W110/><G110/><T81/><D123/><U109/><E109/><V15/><F6/><W16/><G16/><T45/><D120/><U48/><E32/><V14/><F18/><W35/><G35/><T75/><D75/><U27/><E27/><V2/><F34/><W83/><G83/><T80/><D80/><U1/><E24/><V19/><F19/><W113/><G113/><T114/><D81/><U61/><E82/><V127/><F111/><W134/><G134/><T12/><D114/><U91/><E11/><V65/><F127/><W8/><G8/><T25/><D25/><U92/><E13/><V90/><F124/><W9/><G9/><T87/><D12/><U49/><E1/><V38/><F14/><W106/><G106/><T33/><D33/><U70/><REACH who="1" step="1"/><E84/><REACH who="1" ten="211,220,329,220" step="2"/><V97/><F86/><W101/><G101/><T131/><D131/><U72/><E72/><V119/><F105/><W64/><G64/><AGARI ba="0,2" hai="40,42,43,48,49,50,61,64,70,89,91,92,94,95" machi="64" ten="50,12000,1" yaku="1,1,29,2,52,1,53,0" doraHai="56" doraHaiUra="0" who="1" fromWho="3" sc="211,0,220,140,329,0,220,-120" /><INIT seed="1,1,0,5,3,101" ten="211,360,329,100" oya="1" hai0="57,118,67,134,21,54,111,9,103,61,74,11,105" hai1="135,80,130,72,82,127,42,87,126,58,115,113,50" hai2="119,60,43,117,96,13,99,6,100,116,23,66,49" hai3="38,84,44,35,32,81,75,77,41,16,48,63,70"/><U37/><E37/><V14/><F6/><W93/><G38/><T91/><D118/><U27/><E72/><V3/><F3/><W106/><G106/><T73/><D111/><U123/><E123/><V89/><F89/><W133/><G133/><T109/><D109/><U24/><E135/><V114/><F114/><W69/><G69/><T129/><D134/><U97/><E130/><V19/><F13/><W4/><G4/><T29/><D129/><U0/><E0/><V90/><F90/><W10/><G93/><T64/><D74/><U55/><E42/><V107/><F96/><W52/><G75/><T40/><D73/><U33/><E97/><V8/><F8/><N who="0" m="3146" /><D103/><U71/><E71/><V112/><F112/><N who="1" m="43081" /><E80/><V34/><F34/><W94/><G94/><T46/><D105/><U108/><E33/><V17/><F17/><W102/><G102/><T26/><D91/><N who="1" m="51703" /><E108/><V20/><F23/><W28/><G28/><T132/><D132/><U45/><E58/><V39/><F39/><W131/><G131/><T122/><D122/><U36/><E36/><V79/><F79/><W51/><G70/><T25/><D26/><U92/><E92/><V59/><REACH who="2" step="1"/><F116/><REACH who="2" ten="211,360,319,100" step="2"/><W110/><G110/><T5/><D5/><U56/><E24/><V121/><F121/><W12/><REACH who="3" step="1"/><G63/><REACH who="3" ten="211,360,319,90" step="2"/><T124/><D61/><U68/><E50/><V15/><F15/><W128/><G128/><T2/><D2/><U65/><E27/><V22/><F22/><W125/><G125/><T7/><D124/><U30/><E127/><V1/><F1/><W78/><G78/><T104/><D21/><RYUUKYOKU ba="1,2" sc="211,-15,360,-15,319,15,90,15" hai2="14,19,20,43,49,59,60,66,99,100,107,117,119" hai3="10,12,16,32,35,41,44,48,51,52,77,81,84" /><INIT seed="2,2,2,1,0,32" ten="196,345,334,105" oya="2" hai0="83,25,37,114,134,51,101,24,18,11,119,28,35" hai1="42,81,29,75,131,12,43,72,5,127,102,64,125" hai2="44,74,110,78,3,99,17,82,73,105,8,19,13" hai3="122,63,49,120,87,112,38,80,94,95,41,70,66"/><V86/><F110/><W113/><G80/><T123/><D123/><N who="3" m="47145" /><G87/><T104/><D37/><U91/><E131/><V115/><F115/><N who="3" m="44107" /><G95/><T118/><D114/><U48/><E29/><V4/><F19/><W16/><G16/><T50/><D83/><U126/><E64/><V89/><F44/><N who="3" m="25743" /><G94/><T59/><D101/><U2/><E102/><V107/><F99/><W130/><G130/><T116/><D104/><U55/><E12/><V58/><F58/><W79/><G79/><T135/><D11/><N who="1" m="2487" /><E91/><V85/><F86/><W88/><G88/><T31/><D59/><N who="1" m="33255" /><E81/><V124/><F73/><AGARI ba="2,2" hai="42,43,72,73,75,125,126,127" m="33255,2487" machi="73" ten="40,2600,0" yaku="18,1,52,1" doraHai="32" who="1" fromWho="2" sc="196,0,345,52,334,-32,105,0" /><INIT seed="3,0,0,0,3,103" ten="196,397,302,105" oya="3" hai0="12,31,117,115,131,6,56,36,89,48,5,108,67" hai1="59,120,99,123,53,86,135,122,7,130,51,61,46" hai2="84,134,100,49,42,43,105,26,15,71,63,112,24" hai3="79,116,65,64,127,1,106,114,23,45,96,19,101"/><W18/><G114/><T92/><D117/><U2/><E130/><V72/><F112/><W39/><G116/><T128/><D36/><U29/><E135/><V62/><F72/><W38/><G127/><T20/><D108/><U14/><E2/><V109/><F109/><W87/><G1/><T82/><D82/><U8/><E29/><V17/><F134/><W16/><G23/><T80/><D80/><U93/><E86/><V90/><F71/><W95/><G79/><T94/><D94/><U3/><E3/><V85/><F49/><W91/><REACH who="3" step="1"/><G45/><REACH who="3" ten="196,397,302,95" step="2"/><T4/><D115/><U124/><E124/><V11/><F26/><W133/><G133/><T58/><D128/><U44/><E44/><V77/><F24/><W30/><G30/><T107/><D131/><U41/><E122/><V66/><F77/><W75/><G75/><T73/><D73/><U76/><E76/><V55/><F15/><W40/><G40/><T111/><D31/><U126/><E126/><V119/><F42/><W13/><G13/><T132/><D20/><U32/><E32/><V125/><F43/><W50/><G50/><T57/><D12/><U68/><E123/><V97/><F119/><W33/><G33/><T104/><D132/><U74/><E74/><V27/><F125/><W118/><G118/><T22/><D22/><U129/><E129/><V47/><F27/><W78/><G78/><T35/><D35/><U21/><E21/><V10/><F47/><W98/><G98/><N who="0" m="57615" /><D48/><U34/><E34/><V52/><F97/><W113/><G113/><T81/><D111/><U0/><E120/><RYUUKYOKU ba="0,1" sc="196,-10,397,-10,302,-10,95,30" hai3="16,18,19,38,39,64,65,87,91,95,96,101,106" /><INIT seed="3,1,1,4,3,47" ten="186,387,292,125" oya="3" hai0="25,110,15,115,109,126,65,51,44,133,33,89,69" hai1="42,112,100,3,21,101,71,74,80,48,88,125,129" hai2="135,96,131,16,1,50,43,52,34,49,72,40,78" hai3="79,10,18,132,58,38,45,62,118,19,119,128,92"/><W24/><G132/><T75/><D133/><U104/><E71/><V117/><F117/><W108/><G128/><T22/><D75/><U90/><E3/><V82/><F135/><W63/><G79/><T114/><D15/><U5/><E5/><V111/><F34/><W66/><G108/><N who="0" m="41579" /><D33/><U27/><E125/><V76/><F111/><W56/><G92/><T35/><D35/><U120/><E120/><V87/><F1/><W31/><G38/><T99/><D126/><U103/><E112/><V11/><F131/><W30/><G45/><T29/><D65/><U46/><E104/><V53/><F96/><W94/><G94/><N who="0" m="56783" /><D69/><U13/><E13/><N who="2" m="7231" /><F72/><W93/><G93/><T91/><D91/><U70/><E70/><V95/><F95/><W8/><REACH who="3" step="1"/><G24/><REACH who="3" ten="186,387,292,115" step="2"/><T97/><D97/><U61/><E27/><V127/><F127/><W121/><G121/><T9/><D115/><U12/><E129/><V2/><F76/><W14/><G14/><T64/><D44/><U86/><E12/><V32/><F2/><W105/><G105/><T67/><D25/><U106/><E46/><N who="2" m="27703" /><F32/><W23/><G23/><T77/><D77/><U98/><E21/><V102/><F102/><W124/><G124/><T85/><D22/><U83/><E101/><V36/><F36/><W54/><G54/><T20/><D20/><U0/><E100/><V107/><F107/><W134/><G134/><T59/><D114/><U28/><E0/><V68/><F68/><W37/><G37/><T7/><D9/><U26/><E103/><V130/><F130/><W17/><G17/><T116/><D116/><RYUUKYOKU ba="1,2" sc="186,-15,387,-15,292,15,115,15" hai2="40,43,50,53,78,82,87" hai3="8,10,18,19,30,31,56,58,62,63,66,118,119" /><INIT seed="3,2,2,2,5,115" ten="171,372,307,130" oya="3" hai0="131,88,127,35,7,28,87,24,100,58,8,29,120" hai1="83,76,21,79,78,118,49,72,46,23,99,135,96" hai2="69,92,103,47,121,117,22,54,84,38,122,97,109" hai3="17,59,18,130,42,71,108,110,124,93,82,73,20"/><W125/><G71/><T113/><D120/><N who="2" m="46186" /><F69/><W6/><G130/><T30/><D127/><N who="3" m="48713" /><G6/><T34/><D131/><U16/><E118/><V33/><F33/><W94/><G42/><T111/><D113/><U95/><E135/><V40/><F54/><W61/><G82/><T128/><D128/><U64/><E64/><V62/><F62/><W53/><G73/><T70/><D70/><U19/><E83/><V3/><F3/><W51/><G61/><T60/><D100/><N who="1" m="60447" /><E99/><V106/><F109/><N who="3" m="42091" /><G18/><N who="1" m="6698" /><E72/><V9/><F38/><W75/><G75/><T107/><D111/><U66/><E66/><V74/><F40/><AGARI ba="2,2" hai="21,23,40,46,49,76,78,79" m="6698,60447" machi="40" ten="30,2000,0" yaku="8,1,54,1" doraHai="115" who="1" fromWho="2" sc="171,0,372,46,307,-26,130,0" owari="171,-22.9,418,51.8,281,8.1,130,-37.0" /></mjloggm>