<mjloggm ver="2.3"><GO type="225" lobby="0"/><UN n0="%E9%80%9F%E6%B0%B4%E5%87%9B%E9%A6%99" n1="%E5%80%89%E6%A9%8B%EF%BC%A0%E4%BA%8B%E5%8B%99" n2="%72%65%6E%6B%75%6E" n3="%E5%B8%86%E7%AB%8B%E5%A4%8F%E8%A1%A3" dan="16,16,17,17" rate="2177.89,2094.82,2239.00,2168.87" sx="F,M,M,M"/><TAIKYOKU oya="0"/><INIT seed="0,0,0,3,1,1" ten="250,250,250,250" oya="0" hai0="69,72,117,102,56,47,63,51,38,94,16,32,76" hai1="57,109,118,104,41,78,133,12,85,15,99,122,127" hai2="59,17,13,113,82,100,128,65,120,29,61,31,126" hai3="25,30,97,46,43,93,108,83,124,121,37,86,73"/><T134/><D32/><U60/><E118/><V119/><F113/><W80/><G108/><T103/><D117/><U81/><E122/><V55/><F120/><W115/><G124/><T111/><D111/><U26/><E109/><V22/><F119/><W42/><G121/><T9/><D134/><U91/><E133/><V88/><F126/><W90/><G115/><T130/><D130/><U84/><E127/><V98/><F128/><W125/><G125/><T116/><D116/><U19/><E41/><V3/><F3/><W45/><G73/><T11/><D69/><U48/><E48/><V39/><F39/><W96/><G96/><T53/><D38/><U20/><E104/><V52/><F100/><W75/><G75/><T114/><D114/><U92/><REACH who="1" step="1"/><E85/><REACH who="1" ten="250,240,250,250" step="2"/><N who="2" m="50231" /><F98/><W6/><G97/><T77/><D72/><U49/><E49/><V44/><F44/><W40/><G37/><T28/><D51/><U101/><E101/><V14/><F14/><W66/><G46/><T4/><D47/><U112/><E112/><V123/><F123/><W36/><G45/><T24/><D103/><U110/><E110/><V54/><AGARI ba="0,1" hai="13,17,22,29,31,52,54,55,59,61,65" m="50231" machi="54" ten="30,4000,0" yaku="8,1,54,2" doraHai="1" who="2" fromWho="2" sc="250,-20,240,-10,250,50,250,-10" /><INIT seed="1,0,0,1,0,36" ten="230,230,300,240" oya="1" hai0="42,12,44,57,73,70,94,26,48,92,81,124,133" hai1="131,21,41,115,134,35,56,13,100,29,97,55,3" hai2="54,58,45,132,135,83,53,4,11,111,46,15,5" hai3="120,31,96,63,24,109,121,103,125,14,10,108,89"/><U51/><E3/><V8/><F111/><N who="3" m="42571" /><G89/><T20/><D70/><U74/><E74/><V47/><F83/><W37/><G37/><T127/><D133/><N who="2" m="51274" /><F58/><W65/><G125/><N who="0" m="48203" /><D12/><AGARI ba="0,0" hai="4,5,8,11,12,15,45,46,47,53,54" m="51274" machi="12" ten="30,1000,0" yaku="20,1" doraHai="36" who="2" fromWho="0" sc="230,-10,230,0,300,10,240,0" /><INIT seed="2,0,0,4,0,135" ten="220,230,310,240" oya="2" hai0="15,124,84,106,41,76,37,62,13,1,23,66,56" hai1="35,2,125,58,10,7,68,49,77,52,107,17,131" hai2="109,65,64,3,89,128,82,112,57,72,19,20,48" hai3="91,27,75,97,4,108,34,69,12,54,133,11,100"/><V70/><F112/><W126/><G91/><T53/><D1/><U5/><E107/><V96/><F3/><W110/><G75/><T134/><D106/><U21/><E68/><V38/><F38/><W30/><G54/><T129/><D134/><U26/><E131/><V44/><F128/><W111/><G133/><T47/><D129/><U123/><E123/><V71/><F109/><W121/><G69/><T102/><D102/><U39/><E39/><V9/><F9/><W99/><G121/><T40/><D40/><U29/><E7/><V36/><F36/><W83/><G83/><T32/><D32/><U119/><E77/><V88/><F70/><W0/><G100/><T87/><D13/><N who="1" m="9391" /><E119/><V55/><F71/><W85/><G85/><T80/><D87/><U50/><E50/><V63/><F96/><N who="3" m="36939" /><G0/><T31/><D31/><U98/><E98/><V104/><F64/><W93/><G93/><T114/><D114/><U24/><E26/><V14/><REACH who="2" step="1"/><F104/><REACH who="2" ten="220,230,300,240" step="2"/><W115/><G115/><T78/><D66/><U16/><E16/><V22/><F22/><W61/><G61/><T132/><D132/><U122/><E122/><V79/><AGARI ba="0,1" hai="14,19,20,44,48,55,57,63,65,72,79,82,88,89" machi="79" ten="30,11700,0" yaku="1,1,0,1,54,1,53,1" doraHai="135" doraHaiUra="51" who="2" fromWho="2" sc="220,-39,230,-39,300,127,240,-39" /><INIT seed="2,1,0,0,0,110" ten="181,191,427,201" oya="2" hai0="122,134,42,16,30,56,74,125,135,78,40,115,44" hai1="8,64,32,100,41,117,20,107,79,124,121,49,22" hai2="86,1,88,99,23,108,17,133,129,112,113,91,29" hai3="98,66,9,51,111,53,6,69,123,90,50,70,55"/><V62/><F1/><W77/><G111/><T71/><D71/><U48/><E32/><V28/><F108/><W80/><G123/><T59/><D30/><U26/><E117/><V24/><F129/><W82/><G66/><T101/><D101/><U67/><E79/><V106/><F133/><N who="0" m="50698" /><D122/><U33/><E33/><V25/><F62/><W5/><G77/><T21/><D125/><U92/><E107/><V45/><F45/><W119/><G119/><T85/><D74/><U18/><E124/><V19/><F106/><W105/><G105/><T116/><D116/><U104/><E104/><V94/><F19/><W72/><G72/><T84/><D115/><U0/><E0/><V14/><F25/><W95/><G70/><T93/><D78/><U114/><E8/><V81/><REACH who="2" step="1"/><F28/><REACH who="2" ten="181,191,417,201" step="2"/><W4/><G69/><T102/><D44/><U120/><E121/><V126/><F126/><W3/><G3/><T35/><D56/><U109/><E120/><V38/><F38/><W131/><G131/><T13/><D59/><U15/><E109/><V2/><F2/><W87/><G9/><AGARI ba="1,1" hai="9,14,17,23,24,29,81,86,88,91,94,99,112,113" machi="9" ten="30,12000,1" yaku="1,1,7,1,52,2,54,1,53,0" doraHai="110" doraHaiUra="127" who="2" fromWho="3" sc="181,0,191,0,417,133,201,-123" /><INIT seed="2,2,0,3,5,120" ten="181,191,550,78" oya="2" hai0="104,79,86,81,131,109,106,95,23,85,19,2,41" hai1="16,91,93,43,71,101,88,130,58,6,5,118,26" hai2="57,70,111,11,33,46,66,29,72,51,22,27,4" hai3="129,17,12,38,13,96,77,80,10,62,127,44,113"/><V128/><F72/><W121/><G121/><T61/><D2/><U50/><E71/><V97/><F128/><W0/><G129/><T90/><D41/><U116/><E130/><V35/><F70/><W134/><G134/><T63/><D131/><U103/><E118/><V1/><F97/><W84/><G127/><T7/><D7/><N who="1" m="2571" /><E116/><V107/><F107/><W123/><G123/><T65/><D109/><U83/><E83/><V110/><F66/><W45/><G113/><T92/><D92/><U59/><E43/><N who="2" m="25055" /><F57/><N who="1" m="21513" /><E50/><V36/><F36/><W40/><G0/><T132/><D132/><U67/><E67/><V94/><F94/><W8/><G62/><T31/><D31/><U24/><E93/><V100/><F100/><N who="1" m="38473" /><E16/><V98/><F98/><W114/><G114/><T47/><D47/><U89/><AGARI ba="2,0" hai="24,26,88,89,91" m="38473,21513,2571" machi="89" ten="40,8000,1" yaku="28,2,8,1,54,1" doraHai="120" who="1" fromWho="1" sc="181,-22,191,86,550,-42,78,-22" /><INIT seed="3,0,0,5,4,45" ten="159,277,508,56" oya="3" hai0="61,34,24,85,12,114,80,49,95,59,37,26,9" hai1="10,110,135,125,65,104,46,102,98,35,118,100,83" hai2="109,127,15,25,91,134,123,23,90,96,54,13,68" hai3="89,18,129,50,44,22,42,71,122,11,48,94,124"/><W116/><G124/><T40/><D37/><U19/><E118/><V99/><F68/><W64/><G129/><T51/><D34/><U47/><E35/><V117/><F117/><W33/><G116/><T93/><D93/><U0/><E65/><V81/><F123/><W101/><G122/><T17/><D95/><U106/><E0/><V111/><F127/><W3/><G33/><T86/><D86/><U21/><E10/><V73/><F134/><W113/><G113/><T41/><D114/><U131/><E110/><N who="2" m="41995" /><F54/><W97/><G71/><T52/><D26/><U31/><E31/><N who="2" m="17855" /><F73/><W132/><G132/><T66/><D24/><U4/><E83/><V7/><F15/><N who="3" m="7551" /><G3/><T130/><D130/><U1/><E4/><V6/><F81/><W105/><G64/><T78/><D49/><N who="3" m="19049" /><G105/><T55/><D55/><U5/><E1/><V76/><F76/><W119/><G119/><T75/><D75/><U32/><E32/><V27/><F27/><W82/><G22/><T70/><AGARI ba="0,0" hai="9,12,17,40,41,51,52,59,61,66,70,78,80,85" machi="70" ten="20,5200,0" yaku="0,1,7,1,52,1,54,1" doraHai="45" who="0" fromWho="0" sc="159,52,277,-13,508,-13,56,-26" owari="211,-18.9,264,6.4,495,59.5,30,-47.0" /></mjloggm>