<mjloggm ver="2.3"><GO type="225" lobby="0"/><UN n0="%6C%61%6D%62" n1="%43%68%65" n2="%E3%81%AF%E3%82%88%E3%81%8A%E3%81%98%E3%81%95%E3%82%93" n3="%6D%75%75%6D%75%72%61" dan="16,16,16,17" rate="2158.02,2127.83,2152.12,2181.20" sx="M,M,M,F"/><TAIKYOKU oya="0"/><INIT seed="0,0,0,2,2,73" ten="250,250,250,250" oya="0" hai0="72,120,8,119,56,55,87,19,26,6,102,133,81" hai1="27,92,106,25,31,60,93,13,82,117,97,35,15" hai2="69,59,129,64,84,37,68,12,71,61,75,63,76" hai3="88,11,20,57,44,132,39,101,111,53,113,116,34"/><T98/><D119/><U30/><E117/><V40/><F75/><W62/><G116/><T51/><D120/><U118/><E118/><V24/><F129/><W0/><G34/><T9/><D133/><U77/><E106/><V1/><F1/><W10/><G132/><T41/><D72/><U115/><E115/><V38/><F24/><W124/><G113/><T2/><D41/><U28/><E60/><V107/><F107/><W49/><G111/><T91/><D26/><U108/><E108/><V125/><F125/><W96/><G124/><T121/><D121/><U21/><E31/><V66/><F12/><W33/><G33/><T89/><D19/><U100/><REACH who="1" step="1"/><E92/><REACH who="1" ten="250,240,250,250" step="2"/><V14/><F63/><W126/><G126/><T52/><D8/><U131/><E131/><V79/><F61/><W50/><G62/><T67/><D67/><U17/><E17/><V5/><F68/><W109/><G10/><T46/><D56/><U36/><E36/><V45/><F59/><W99/><G39/><T134/><D134/><U85/><AGARI ba="0,1" hai="13,15,21,25,27,28,30,35,77,82,85,93,97,100" machi="85" ten="20,5200,0" yaku="1,1,0,1,7,1,52,1,53,0" doraHai="73" doraHaiUra="112" who="1" fromWho="1" sc="250,-26,240,62,250,-13,250,-13" /><INIT seed="1,0,0,5,4,118" ten="224,302,237,237" oya="1" hai0="89,25,28,73,24,54,99,27,21,77,0,7,116" hai1="14,126,50,91,19,94,22,115,113,35,30,37,72" hai2="5,87,122,17,49,43,13,29,65,105,42,59,67" hai3="55,135,75,36,6,88,70,83,90,60,71,121,47"/><U95/><E37/><V112/><F122/><W68/><G135/><T128/><D116/><U123/><E72/><V57/><F105/><W85/><G75/><T86/><D128/><U48/><E123/><V23/><F112/><W92/><G121/><T131/><D131/><U2/><E2/><V81/><F29/><W80/><G6/><T107/><D0/><U130/><E130/><V1/><F5/><W102/><G102/><T3/><D7/><U41/><E95/><V111/><F111/><W40/><REACH who="3" step="1"/><G90/><REACH who="3" ten="224,302,237,227" step="2"/><T98/><D73/><U117/><E91/><V39/><F1/><W134/><G134/><T82/><D3/><U114/><E114/><V31/><F39/><W125/><G125/><T62/><D107/><U33/><E126/><V106/><F106/><W124/><G124/><T51/><D89/><U58/><E115/><V11/><F67/><W32/><G32/><T108/><D108/><U4/><E33/><V119/><F65/><W20/><G20/><T109/><D109/><U96/><E22/><V104/><F104/><W45/><G45/><N who="0" m="28015" /><D62/><U10/><E4/><V110/><F119/><W44/><G44/><T52/><D52/><N who="1" m="32007" /><E117/><V78/><F110/><W79/><G79/><T18/><D28/><U56/><E113/><V103/><F103/><W53/><G53/><T93/><D93/><U84/><E30/><V38/><F31/><W8/><G8/><T101/><D101/><N who="1" m="60567" /><E35/><V69/><F11/><W9/><G9/><T34/><D34/><U61/><E10/><V132/><F132/><W97/><G97/><AGARI ba="0,1" hai="18,21,24,25,27,77,82,86,97,98,99" m="28015" machi="97" ten="30,1000,0" yaku="8,1" doraHai="118" who="0" fromWho="3" sc="224,20,302,0,237,0,227,-10" /><INIT seed="2,0,0,5,1,67" ten="244,302,237,217" oya="2" hai0="32,122,30,0,40,115,35,37,91,124,99,73,34" hai1="19,38,8,31,69,131,68,84,29,117,64,51,9" hai2="57,127,79,120,70,100,119,96,125,6,123,50,113" hai3="3,133,78,82,59,17,129,2,24,109,130,16,121"/><V4/><F113/><W42/><G121/><T66/><D115/><U27/><E38/><V21/><F119/><W48/><G109/><T112/><D112/><U25/><E117/><V58/><F79/><W89/><G133/><T81/><D122/><N who="2" m="46634" /><F21/><N who="3" m="13351" /><G89/><T106/><D0/><U65/><E19/><V5/><F50/><W55/><G42/><T53/><D53/><U56/><E51/><V97/><F100/><W74/><G17/><T10/><D10/><U108/><E56/><N who="2" m="21611" /><F70/><W103/><G103/><T92/><D40/><U23/><E23/><V39/><F39/><W33/><G33/><T135/><D37/><U54/><E54/><V86/><F86/><W110/><G110/><T47/><D34/><U22/><E22/><V60/><F60/><W94/><G94/><T98/><D35/><U62/><E84/><V45/><F45/><W101/><G101/><T36/><D36/><U132/><E108/><V46/><F46/><W126/><G126/><AGARI ba="0,0" hai="4,5,6,96,97,125,126,127" m="21611,46634" machi="126" ten="40,7700,0" yaku="28,2,18,1" doraHai="67" who="2" fromWho="3" sc="244,0,302,0,237,77,217,-77" /><INIT seed="2,1,0,0,3,106" ten="244,302,314,140" oya="2" hai0="13,94,92,17,115,36,134,7,103,87,30,40,91" hai1="39,102,49,84,126,66,119,110,48,107,67,123,128" hai2="22,117,113,58,52,73,27,93,95,42,127,109,82" hai3="51,111,79,72,0,25,4,81,104,62,26,61,69"/><V8/><F113/><W57/><G111/><T20/><D134/><U21/><E39/><V19/><F117/><W131/><G131/><T15/><D115/><U114/><E84/><V29/><F109/><W105/><G0/><T6/><D30/><U77/><E21/><V3/><F127/><W108/><G108/><T28/><D28/><U1/><E77/><V112/><F112/><W9/><G51/><T60/><D36/><U56/><E56/><V31/><F42/><W32/><G104/><T53/><D40/><U118/><E102/><V55/><F55/><W14/><G105/><T59/><D15/><U65/><E107/><V96/><F3/><W125/><G125/><T99/><AGARI ba="1,0" hai="6,7,13,17,20,53,59,60,87,91,92,94,99,103" machi="99" ten="30,2000,0" yaku="0,1,8,1" doraHai="106" who="0" fromWho="0" sc="244,23,302,-6,314,-11,140,-6" /><INIT seed="3,0,0,4,1,105" ten="267,296,303,134" oya="3" hai0="47,33,117,1,3,70,73,8,103,84,76,41,61" hai1="64,93,121,37,132,15,116,55,98,104,113,127,30" hai2="2,108,14,119,17,9,56,42,0,91,43,78,34" hai3="50,107,102,40,58,112,100,21,111,48,106,18,128"/><W52/><G112/><T60/><D117/><U54/><E113/><V57/><F119/><W120/><G120/><T20/><D20/><U12/><E104/><V32/><F108/><W11/><G128/><T89/><D103/><U22/><E121/><V109/><F109/><W101/><G111/><T16/><D33/><U13/><E37/><V5/><F0/><W36/><G36/><N who="0" m="21927" /><D3/><U75/><E75/><V77/><F34/><W126/><G126/><T39/><D39/><U74/><E74/><V134/><F32/><W35/><G35/><T83/><D16/><U45/><E116/><V23/><F134/><W44/><REACH who="3" step="1"/><G11/><REACH who="3" ten="267,296,303,124" step="2"/><T123/><D123/><U62/><E127/><V88/><F9/><W10/><G10/><T38/><D38/><U129/><E129/><V72/><F23/><W24/><AGARI ba="0,1" hai="18,21,24,40,44,48,50,52,58,100,101,102,106,107" machi="24" ten="30,6000,0" yaku="1,1,0,1,54,1,53,0" doraHai="105" doraHaiUra="125" who="3" fromWho="3" sc="267,-20,296,-20,303,-20,124,70" /><INIT seed="3,1,0,0,4,4" ten="247,276,283,194" oya="3" hai0="64,36,135,92,30,121,109,67,19,119,79,6,70" hai1="33,48,96,1,84,94,128,18,91,55,72,39,49" hai2="125,105,118,61,88,44,93,130,120,115,86,99,43" hai3="134,24,57,5,7,73,85,76,22,21,42,100,29"/><W124/><G124/><T132/><D119/><U31/><E39/><V83/><F118/><W59/><G134/><N who="0" m="51243" /><D121/><U53/><E72/><V13/><F115/><W78/><G73/><T90/><D36/><U25/><E128/><V98/><F130/><W32/><G42/><T41/><D41/><U103/><E1/><V65/><F125/><W77/><G85/><T28/><D79/><U56/><E18/><V102/><F120/><W108/><G108/><T15/><D6/><U34/><E34/><V110/><F110/><W8/><G100/><T107/><D107/><U106/><REACH who="1" step="1"/><E55/><REACH who="1" ten="247,266,283,194" step="2"/><V40/><F43/><W60/><G5/><T80/><D19/><U46/><E46/><V26/><F44/><W66/><REACH who="3" step="1"/><G59/><REACH who="3" ten="247,266,283,184" step="2"/><T9/><D109/><U2/><E2/><AGARI ba="1,2" hai="2,7,8,21,22,24,29,32,57,60,66,76,77,78" machi="2" ten="40,12000,1" yaku="1,1,2,1,52,1,53,1" doraHai="4" doraHaiUra="3" who="3" fromWho="1" sc="247,0,266,-123,283,0,184,143" owari="247,-15.3,143,-35.7,283,8.3,327,42.7" /></mjloggm>