<mjloggm ver="2.3"><GO type="225" lobby="0"/><UN n0="%E9%A2%A8%E3%81%A7%E9%B3%B4%E3%81%8F" n1="%E6%80%AA%E3%81%97%E3%81%99%E3%81%8E%E3%82%8B%E3%83%81%E3%83%BC" n2="%E3%81%B7%E3%82%8A%E3%82%93%E8%81%96%E4%BA%BA" n3="%4D%50%43%32%38%30%30" dan="16,16,16,16" rate="2128.07,2173.78,2159.73,2180.82" sx="M,M,M,M"/><TAIKYOKU oya="0"/><INIT seed="0,0,0,2,2,54" ten="250,250,250,250" oya="0" hai0="67,18,120,32,50,12,81,101,4,39,19,95,7" hai1="48,25,134,29,27,26,129,96,109,79,104,62,57" hai2="41,77,123,112,36,15,93,0,17,34,106,97,3" hai3="74,108,68,89,14,80,46,61,70,49,20,11,126"/><T10/><D32/><U37/><E37/><V64/><F34/><W84/><G108/><T83/><D39/><U82/><E109/><V6/><F106/><W124/><G74/><T135/><D135/><U13/><E134/><V22/><F77/><W85/><G20/><T127/><D127/><N who="3" m="48681" /><G85/><T66/><D50/><U119/><E129/><V35/><F35/><W30/><G61/><T105/><D105/><U53/><E119/><V110/><F110/><W31/><G31/><T116/><D120/><U113/><E113/><V76/><F76/><W45/><G30/><T5/><D19/><U118/><E118/><V114/><F123/><W69/><G49/><T75/><D75/><U52/><E13/><V59/><F36/><W130/><G130/><T86/><D116/><U9/><E9/><V94/><F41/><W43/><G43/><T78/><D83/><U23/><E104/><V121/><F121/><W88/><G89/><T60/><D60/><U128/><E96/><AGARI ba="0,0" hai="4,5,7,10,12,18,66,67,78,81,86,95,96,101" machi="96" ten="40,2000,0" yaku="8,1" doraHai="54" who="0" fromWho="1" sc="250,20,250,-20,250,0,250,0" /><INIT seed="0,1,0,2,4,51" ten="270,230,250,250" oya="0" hai0="116,50,82,25,106,131,54,57,58,20,114,124,7" hai1="33,87,77,100,5,76,90,78,32,81,64,91,36" hai2="29,2,130,4,18,108,75,61,115,96,70,111,126" hai3="55,16,41,39,40,104,107,15,44,27,118,65,48"/><T37/><D106/><U119/><E119/><V63/><F75/><W8/><G118/><T52/><D116/><U67/><E36/><V134/><F96/><W73/><G73/><T98/><D37/><U12/><E100/><V129/><F29/><W92/><G41/><T69/><D69/><U103/><E103/><V84/><F84/><W123/><G123/><T62/><D114/><U121/><E121/><V93/><F93/><W3/><G3/><T133/><D124/><U10/><REACH who="1" step="1"/><E90/><REACH who="1" ten="270,220,250,250" step="2"/><V46/><F126/><W14/><G39/><T13/><D131/><U11/><E11/><V125/><F125/><W24/><G107/><T22/><D133/><U94/><E94/><V85/><F134/><W101/><G92/><T112/><D112/><U38/><E38/><V0/><F115/><W43/><G101/><T42/><D82/><U31/><E31/><V30/><F30/><W72/><G104/><T89/><D89/><U74/><E74/><V1/><F129/><W23/><G72/><T35/><D35/><AGARI ba="1,1" hai="5,10,12,32,33,35,64,67,76,77,78,81,87,91" machi="35" ten="40,1300,0" yaku="1,1,53,0" doraHai="51" doraHaiUra="99" who="1" fromWho="0" sc="270,-16,220,26,250,0,250,0" /><INIT seed="1,0,0,5,5,64" ten="254,246,250,250" oya="1" hai0="66,16,13,43,41,34,47,117,107,120,22,97,17" hai1="102,125,8,73,38,72,5,75,122,60,114,53,23" hai2="45,26,77,20,33,30,44,93,40,62,118,42,76" hai3="24,87,10,48,115,71,95,2,4,108,69,29,59"/><U127/><E114/><V57/><F33/><W31/><G115/><T119/><D34/><U9/><E122/><V98/><F45/><W55/><G108/><T70/><D43/><U123/><E123/><V132/><F118/><W46/><G31/><T0/><D0/><U104/><E38/><V130/><F130/><W128/><G128/><T82/><D82/><U54/><E23/><V36/><F40/><W6/><G6/><T88/><D120/><U133/><E133/><V89/><F132/><W35/><G95/><T80/><D17/><U111/><E111/><V85/><F85/><W129/><G129/><T131/><D131/><U65/><E102/><V56/><F56/><W121/><G121/><T112/><D112/><U58/><E104/><V99/><F99/><W106/><G106/><T21/><D21/><U67/><E67/><AGARI ba="0,0" hai="20,26,30,36,42,44,57,62,67,76,77,89,93,98" machi="67" ten="30,1000,0" yaku="7,1" doraHai="64" who="2" fromWho="1" sc="254,0,246,-10,250,10,250,0" /><INIT seed="2,0,0,4,5,112" ten="254,236,260,250" oya="2" hai0="23,99,100,9,98,6,51,94,21,36,17,87,121" hai1="129,10,134,123,76,86,22,118,67,54,48,53,2" hai2="3,122,62,11,102,16,63,33,47,89,12,107,119" hai3="88,85,103,50,91,111,29,55,80,117,92,132,0"/><V35/><F122/><W60/><G0/><T106/><D36/><U26/><E118/><V7/><F119/><W124/><G111/><T101/><D121/><U19/><E123/><V15/><F3/><W57/><G132/><T64/><D64/><U81/><E134/><V116/><F116/><W133/><G133/><T14/><D51/><U72/><E129/><V77/><F77/><W18/><G124/><T68/><D68/><U40/><E67/><V30/><F47/><W49/><G29/><T61/><D61/><U65/><E65/><V41/><F41/><W70/><G70/><T104/><D6/><U24/><E24/><V128/><F128/><W4/><G4/><T126/><D126/><U58/><E40/><V46/><F46/><W113/><G113/><T31/><D31/><U78/><E54/><V38/><F38/><W34/><G34/><T20/><REACH who="0" step="1"/><D87/><REACH who="0" ten="244,236,260,250" step="2"/><U127/><E127/><V66/><F62/><W120/><G120/><T44/><D44/><U32/><E86/><V110/><F30/><W135/><G135/><T27/><D27/><U8/><E2/><V95/><F63/><W90/><G117/><T37/><D37/><U39/><E39/><V25/><F25/><W83/><G85/><T96/><D96/><U105/><E32/><V79/><F66/><W125/><G125/><T13/><D13/><U73/><E105/><AGARI ba="0,1" hai="9,14,17,20,21,23,94,98,99,100,101,104,105,106" machi="105" ten="40,1300,0" yaku="1,1,53,0" doraHai="112" doraHaiUra="28" who="0" fromWho="1" sc="244,23,236,-13,260,0,250,0" /><INIT seed="3,0,0,0,2,87" ten="267,223,260,250" oya="3" hai0="71,69,21,60,4,98,68,59,24,86,10,128,130" hai1="131,120,107,31,106,65,129,1,121,115,95,96,92" hai2="40,122,134,55,102,51,125,109,50,74,111,75,84" hai3="116,52,48,8,133,108,114,103,132,43,88,3,29"/><W63/><G114/><T47/><D47/><U123/><E1/><V2/><F2/><W54/><G116/><T112/><D112/><U11/><E115/><V80/><F102/><W85/><G103/><T79/><D98/><U70/><E31/><V97/><F97/><W77/><G77/><T72/><D72/><U22/><E22/><V99/><F99/><W66/><G29/><T20/><D79/><U62/><E11/><V27/><F122/><N who="1" m="31233" /><U0/><DORA hai="90" /><E0/><V5/><F5/><N who="3" m="1087" /><G43/><T9/><D4/><U89/><E95/><V17/><F40/><W94/><G48/><T23/><D24/><U32/><E32/><V19/><F51/><W49/><G49/><T30/><D30/><U45/><E45/><V64/><F64/><W15/><G108/><N who="2" m="41545" /><F134/><N who="3" m="51819" /><G15/><T61/><D61/><U110/><E110/><V117/><F117/><W76/><G76/><T38/><D38/><U58/><E58/><AGARI ba="0,0" hai="52,54,58,63,66,85,88,94" m="51819,1087" machi="58" ten="30,12000,1" yaku="20,1,52,2,54,2" doraHai="87,90" who="3" fromWho="1" sc="267,0,223,-120,260,0,250,120" owari="267,6.7,103,-39.7,260,-14.0,370,47.0" /></mjloggm>