<mjloggm ver="2.3"><GO type="225" lobby="0"/><UN n0="%E5%84%AA%40%41%42%43" n1="%72%69%6F%75%63%68%61%6E" n2="%E8%A8%88%E7%AE%97%E6%A9%9F%E8%87%AA%E7%84%B6" n3="%73%75%7A%75%6D%65%33" dan="17,17,17,17" rate="2259.75,2259.29,2238.56,2182.08" sx="M,M,M,M"/><TAIKYOKU oya="0"/><INIT seed="0,0,0,5,1,12" ten="250,250,250,250" oya="0" hai0="13,111,58,45,117,99,43,83,134,20,11,14,125" hai1="34,105,101,30,86,100,57,42,114,6,132,50,88" hai2="49,89,122,123,19,18,96,15,115,72,131,7,46" hai3="121,107,80,36,35,3,135,124,4,109,81,116,126"/><T61/><D117/><U95/><E132/><V119/><F115/><W10/><RYUUKYOKU type="yao9" ba="0,0" sc="250,0,250,0,250,0,250,0" hai3="3,4,10,35,36,80,81,107,109,116,121,124,126,135" /><INIT seed="0,1,0,2,4,73" ten="250,250,250,250" oya="0" hai0="12,32,53,15,114,23,56,94,26,9,102,37,82" hai1="85,16,8,43,65,83,66,22,70,31,118,92,63" hai2="5,127,30,108,1,119,98,135,123,11,19,49,18" hai3="60,79,51,130,10,113,46,52,109,33,25,72,125"/><T38/><D114/><U104/><E118/><V88/><F123/><W81/><G113/><T3/><D3/><U55/><E104/><V74/><F74/><W132/><G109/><T58/><D32/><U47/><E31/><V90/><F108/><W13/><G132/><T115/><D115/><U77/><E8/><V100/><F135/><W86/><G130/><T76/><D37/><U131/><E131/><V111/><F111/><W39/><G125/><T20/><D38/><U36/><E92/><V24/><F127/><W41/><G60/><T122/><D122/><U54/><REACH who="1" step="1"/><E66/><REACH who="1" ten="250,240,250,250" step="2"/><V48/><F119/><W75/><G33/><T120/><D120/><U27/><AGARI ba="1,1" hai="16,22,27,36,43,47,54,55,63,65,70,77,83,85" machi="27" ten="20,12000,2" yaku="1,1,2,1,0,1,7,1,52,1,54,1,53,0" doraHai="73" doraHaiUra="97" who="1" fromWho="1" sc="250,-61,240,133,250,-31,250,-31" /><INIT seed="1,0,0,2,2,95" ten="189,373,219,219" oya="1" hai0="101,77,107,46,64,121,120,98,73,45,108,71,104" hai1="70,51,56,49,32,110,133,35,105,129,5,30,74" hai2="0,38,33,96,18,25,103,44,130,29,112,128,11" hai3="115,123,132,40,113,87,4,92,42,134,69,36,21"/><U55/><E74/><V27/><F112/><W78/><G69/><T31/><D108/><U48/><E129/><N who="2" m="49771" /><F25/><W116/><G4/><T1/><D1/><U20/><E133/><N who="3" m="51306" /><G123/><N who="0" m="47179" /><D31/><U91/><E110/><V63/><F63/><W75/><G116/><T12/><D12/><U86/><E70/><V65/><F65/><W43/><G36/><T28/><D28/><U135/><E135/><V54/><F54/><W122/><G122/><T109/><D107/><U83/><E105/><N who="2" m="63719" /><F18/><W50/><G50/><T102/><D102/><U124/><E124/><V8/><F0/><W68/><G68/><T14/><D14/><U6/><E20/><V100/><F100/><W117/><G21/><T79/><D109/><U19/><E19/><V81/><F81/><N who="3" m="45279" /><G117/><T72/><D73/><U93/><E83/><V15/><F15/><W61/><G61/><N who="0" m="40335" /><D72/><U62/><REACH who="1" step="1"/><E35/><REACH who="1" ten="189,363,219,219" step="2"/><V111/><F111/><W114/><G114/><T39/><D39/><U88/><E88/><AGARI ba="0,1" hai="40,42,43,87,88,92,113,115" m="45279,51306" machi="88" ten="30,2000,0" yaku="20,1,54,1" doraHai="95" who="3" fromWho="1" sc="189,0,363,-20,219,0,219,30" /><INIT seed="2,0,0,0,3,28" ten="189,343,219,249" oya="2" hai0="29,62,71,90,50,127,76,101,119,52,26,6,17" hai1="2,59,135,109,75,88,117,91,37,132,99,60,107" hai2="93,13,0,108,77,123,67,87,42,104,63,43,30" hai3="25,40,64,68,114,51,130,34,20,95,125,78,41"/><V19/><F123/><W112/><G130/><T84/><D127/><U33/><E109/><V126/><F104/><W15/><G125/><T80/><D119/><U96/><E117/><V57/><F0/><W98/><G78/><T54/><D6/><U106/><E37/><V7/><F126/><W24/><G68/><T118/><D118/><U31/><E75/><V35/><F7/><W89/><G64/><T23/><D101/><N who="1" m="62759" /><E2/><V115/><F115/><N who="3" m="44075" /><G51/><T3/><D3/><U83/><E83/><V65/><F65/><W110/><G110/><T131/><D131/><U85/><E85/><V22/><F108/><W32/><G15/><T10/><D71/><U47/><E47/><V69/><F69/><W124/><G25/><T70/><D70/><U11/><E11/><V128/><F128/><W73/><G73/><T100/><D100/><N who="1" m="62879" /><E31/><V129/><F129/><W133/><G133/><N who="1" m="51274" /><E33/><N who="3" m="12906" /><G124/><T44/><D10/><U120/><E120/><V134/><F134/><W116/><G116/><T46/><D29/><AGARI ba="0,0" hai="20,24,29,40,41,89,95,98" m="12906,44075" machi="29" ten="30,7700,0" yaku="11,1,52,3" doraHai="28" who="3" fromWho="0" sc="189,-77,343,0,219,0,249,77" /><INIT seed="3,0,0,1,4,109" ten="112,343,219,326" oya="3" hai0="127,99,133,83,104,26,51,132,120,40,123,76,92" hai1="0,103,11,34,2,94,122,119,7,113,78,44,28" hai2="23,90,107,30,54,25,45,110,71,105,39,1,36" hai3="63,17,58,33,27,64,67,38,131,48,128,121,37"/><W74/><G74/><T29/><D51/><U130/><E113/><V125/><F1/><W116/><G116/><T126/><D40/><U108/><E122/><V6/><F71/><W101/><G121/><T85/><D29/><U4/><E108/><V68/><F68/><W89/><G67/><T72/><D26/><U12/><E119/><V52/><F110/><W88/><G101/><T129/><D123/><U75/><E130/><N who="3" m="49706" /><G48/><T53/><D53/><U50/><E7/><V5/><F25/><W35/><G17/><T41/><D41/><U114/><E114/><V112/><F90/><N who="3" m="34923" /><G27/><T135/><D120/><U46/><E46/><V134/><F45/><W91/><N who="3" m="34931" /><W20/><DORA hai="16" /><G20/><T62/><D62/><U43/><E78/><V49/><F49/><W97/><G97/><T98/><D129/><U77/><E77/><V10/><F23/><W31/><G31/><T79/><D104/><U82/><E75/><V80/><F30/><W42/><G42/><T81/><REACH who="0" step="1"/><D92/><REACH who="0" ten="102,343,219,326" step="2"/><U14/><E94/><V96/><F105/><W13/><G13/><T66/><D66/><U21/><E12/><V55/><F55/><W95/><G95/><T19/><D19/><U56/><E14/><V118/><F107/><W59/><G59/><T70/><D70/><U9/><E56/><V15/><F15/><W47/><G47/><T93/><D93/><U57/><E44/><V115/><F54/><W86/><G38/><N who="2" m="14377" /><F52/><W65/><G37/><T100/><D100/><U8/><E43/><V117/><F112/><W3/><G64/><T69/><D69/><U73/><E50/><RYUUKYOKU ba="0,1" sc="102,30,343,-10,219,-10,326,-10" hai0="72,76,79,81,83,85,98,99,126,127,132,133,135" owari="132,-36.8,343,44.3,209,-19.1,316,11.6" /></mjloggm>