<mjloggm ver="2.3"><GO type="225" lobby="0"/><UN n0="%E7%99%BD%E6%97%A5%E9%9B%AA%E8%8F%9C" n1="%E5%80%89%E5%B4%8E%E6%A5%93%E5%AD%90" n2="%E3%81%B5%E3%81%98%E3%81%8B%E3%81%A4" n3="%72%65%6E%6B%75%6E" dan="16,16,16,17" rate="2206.67,2066.67,2117.32,2216.52" sx="M,M,M,M"/><TAIKYOKU oya="0"/><INIT seed="0,0,0,4,2,125" ten="250,250,250,250" oya="0" hai0="47,1,67,75,52,112,107,88,80,10,103,27,54" hai1="3,69,70,89,122,63,31,35,43,8,85,110,9" hai2="126,16,13,119,56,71,116,61,45,91,118,41,23" hai3="22,79,86,98,29,130,81,28,44,18,7,36,131"/><T33/><D112/><U101/><E122/><V25/><F126/><W65/><G7/><T123/><D123/><U102/><E43/><V42/><F71/><W100/><G65/><T0/><D67/><U53/><E110/><V73/><F73/><W109/><G109/><T24/><D33/><U94/><E31/><V64/><F45/><W59/><G59/><T68/><D68/><U26/><E26/><V76/><F76/><W12/><G44/><T48/><D54/><U2/><E35/><V106/><F106/><W82/><G82/><T57/><D57/><U14/><E53/><V77/><F77/><W5/><G5/><T4/><D1/><U39/><E39/><V17/><REACH who="2" step="1"/><F91/><REACH who="2" ten="250,250,240,250" step="2"/><W21/><G36/><T37/><D37/><U111/><E89/><V108/><F108/><W97/><G97/><T90/><D90/><U135/><E111/><V40/><F40/><W83/><G83/><T72/><D72/><U87/><E69/><V129/><F129/><N who="3" m="49163" /><G22/><AGARI ba="0,1" hai="13,16,17,22,23,25,41,42,56,61,64,116,118,119" machi="22" ten="40,8000,1" yaku="1,1,12,1,54,1,53,1" doraHai="125" doraHaiUra="62" who="2" fromWho="3" sc="250,0,250,0,240,90,250,-80" /><INIT seed="1,0,0,4,1,40" ten="250,250,330,170" oya="1" hai0="92,26,60,37,43,80,116,77,125,36,9,134,51" hai1="4,87,117,23,85,29,58,53,6,71,100,69,93" hai2="48,15,44,16,90,10,106,104,38,22,109,120,31" hai3="123,20,110,64,129,72,84,63,132,107,113,65,108"/><U124/><E117/><V86/><F120/><W126/><G84/><N who="1" m="32330" /><E69/><V5/><F109/><N who="3" m="42091" /><G20/><T135/><D116/><U98/><E71/><V35/><F38/><W95/><G95/><T56/><D125/><U91/><E124/><V78/><F78/><W76/><G107/><T41/><D92/><U11/><E100/><V115/><F115/><W21/><G21/><T130/><D130/><U119/><E119/><V70/><F70/><W55/><G126/><T30/><D9/><U66/><E66/><N who="3" m="25706" /><G76/><T1/><D1/><U7/><E23/><V61/><F61/><W13/><G13/><T18/><D18/><U81/><E29/><V42/><F90/><W103/><G103/><T97/><D30/><U73/><E73/><V2/><F86/><W17/><G17/><T89/><D77/><U82/><E11/><V96/><F96/><W83/><G83/><T49/><D80/><U118/><E118/><V27/><AGARI ba="0,0" hai="2,5,10,15,16,22,27,31,35,42,44,48,104,106" machi="27" ten="30,8000,1" yaku="0,1,24,2,52,1,54,1" doraHai="40" who="2" fromWho="2" sc="250,-20,250,-40,330,80,170,-20" /><INIT seed="2,0,0,5,0,93" ten="230,210,410,150" oya="2" hai0="46,96,131,103,125,8,15,35,120,56,108,11,112" hai1="71,19,80,134,50,22,48,65,5,27,51,33,14" hai2="84,87,99,3,61,127,67,9,115,24,12,95,16" hai3="92,111,97,4,0,45,126,21,39,72,121,110,106"/><V107/><F115/><W34/><G34/><T104/><D120/><U82/><E134/><V37/><F107/><W43/><G121/><T123/><D123/><U88/><E71/><V114/><F37/><W54/><G126/><T66/><D112/><U98/><E65/><V74/><F74/><W26/><G106/><T90/><D125/><U47/><E47/><V124/><F114/><W30/><G72/><T7/><D35/><U91/><E33/><V89/><F3/><W85/><G85/><T63/><D108/><U77/><E77/><V10/><F10/><W17/><G54/><T94/><D131/><U68/><E68/><V105/><F105/><W100/><REACH who="3" step="1"/><G30/><REACH who="3" ten="230,210,410,140" step="2"/><T38/><D104/><U6/><E82/><N who="2" m="49303" /><F127/><W116/><G116/><T32/><D32/><U64/><E80/><V102/><F87/><W78/><G78/><T118/><D118/><U40/><E64/><V20/><F124/><W101/><G101/><T86/><D103/><U13/><E40/><V31/><F67/><W49/><G49/><T44/><D38/><U132/><E132/><V129/><F129/><W59/><G59/><T76/><D76/><U53/><E53/><V79/><F79/><W69/><G69/><T113/><D86/><U2/><E91/><V135/><F135/><W109/><G109/><T57/><D57/><U52/><E52/><V36/><F36/><W62/><G62/><AGARI ba="0,1" hai="9,12,16,20,24,31,61,62,95,99,102" m="49303" machi="62" ten="30,5800,0" yaku="8,1,52,1,54,1" doraHai="93" who="2" fromWho="3" sc="230,0,210,0,410,68,140,-58" /><INIT seed="2,1,0,3,3,4" ten="230,210,478,82" oya="2" hai0="50,9,84,119,39,109,27,86,48,134,1,34,64" hai1="76,110,104,60,8,83,38,114,0,107,95,130,24" hai2="33,94,131,29,125,42,71,80,108,117,49,35,124" hai3="92,81,13,129,36,133,132,111,62,112,79,14,23"/><V73/><F117/><W52/><G36/><T30/><D39/><U69/><E114/><V82/><F71/><W77/><G112/><T78/><D109/><U68/><E95/><V26/><F108/><W98/><G111/><T74/><D134/><N who="3" m="51817" /><G129/><T11/><D119/><U3/><E110/><V102/><F131/><W18/><G14/><T85/><D64/><N who="1" m="40967" /><E130/><V22/><F73/><W66/><G52/><T103/><D103/><U97/><E69/><V96/><F49/><W90/><G81/><T93/><D1/><U115/><E115/><V113/><F42/><W87/><G98/><T99/><D74/><N who="1" m="43415" /><E0/><V16/><F113/><W123/><G123/><T127/><D99/><U57/><E57/><AGARI ba="1,0" hai="13,18,23,57,62,66,77,79,87,90,92" m="51817" machi="57" ten="30,1000,0" yaku="20,1" doraHai="4" who="3" fromWho="1" sc="230,0,210,-13,478,0,82,13" /><INIT seed="3,0,0,0,0,44" ten="230,197,478,95" oya="3" hai0="103,60,29,33,41,76,43,35,119,113,121,90,25" hai1="74,64,30,4,94,102,70,68,39,126,82,116,8" hai2="47,20,115,128,10,89,112,54,77,2,49,125,45" hai3="57,13,58,111,36,51,106,65,123,28,80,72,62"/><W6/><G106/><T69/><D119/><U120/><E120/><V0/><F125/><W135/><G36/><T16/><D121/><U79/><E126/><V17/><F128/><W24/><G123/><T85/><D35/><U34/><E116/><V124/><F77/><W109/><G135/><T129/><D129/><U105/><E94/><V122/><F122/><W15/><G72/><T114/><D76/><U66/><E66/><V61/><F2/><W99/><G99/><T73/><D73/><U130/><E130/><V59/><F45/><W96/><G96/><T87/><D103/><U48/><E48/><V14/><F89/><W21/><G80/><T11/><D85/><U97/><E64/><V7/><F124/><W75/><G75/><T133/><D133/><U37/><E37/><V19/><F17/><W81/><G81/><N who="0" m="49519" /><D16/><U18/><E18/><V3/><F3/><W5/><G13/><T67/><D11/><U101/><E101/><V131/><F131/><W93/><G93/><T9/><D9/><U26/><E39/><V98/><F98/><W91/><G91/><T108/><D108/><N who="3" m="41545" /><G15/><AGARI ba="0,0" hai="4,8,15,26,30,34,68,70,74,79,82,97,102,105" machi="15" ten="30,1000,0" yaku="7,1" doraHai="44" who="1" fromWho="3" sc="230,0,197,10,478,0,95,-10" owari="230,3.0,207,-19.3,478,57.8,85,-41.5" /></mjloggm>