<mjloggm ver="2.3"><GO type="225" lobby="0"/><UN n0="%E3%81%95%E3%81%8D%E3%81%9F%E3%81%BE%E6%9E%97%E6%AA%8E" n1="%E3%81%A1%E3%82%85%E3%81%86%E3%81%A9%E3%81%8F%E8%B1%A1%E3%81%95%E3%82%93" n2="%33%74%72%65%65" n3="%E8%A8%88%E7%AE%97%E6%A9%9F%E8%87%AA%E7%84%B6" dan="16,17,17,17" rate="2163.80,2191.36,2208.95,2154.75" sx="M,M,F,M"/><TAIKYOKU oya="0"/><INIT seed="0,0,0,0,4,30" ten="250,250,250,250" oya="0" hai0="100,83,126,133,46,71,56,29,103,95,123,88,24" hai1="72,66,78,2,128,60,79,122,73,80,35,116,57" hai2="107,97,54,135,50,120,42,17,85,94,36,77,111" hai3="12,28,16,6,55,48,53,1,59,105,86,45,47"/><T98/><D123/><U70/><E122/><V0/><F120/><W93/><G105/><T21/><D133/><U81/><E116/><V15/><F0/><W69/><G69/><T102/><D126/><U58/><E128/><V118/><F111/><W3/><G6/><T131/><D131/><U134/><E134/><V31/><F135/><W75/><G75/><T117/><D71/><U113/><E113/><V106/><F31/><W19/><G28/><T20/><D117/><U101/><E2/><V132/><F132/><W63/><G19/><T37/><D37/><U119/><E119/><V121/><F121/><W41/><G93/><T90/><D21/><U114/><E114/><V61/><F61/><W99/><G86/><N who="0" m="50271" /><D56/><U18/><E101/><N who="2" m="60599" /><F36/><W82/><G82/><T40/><D40/><U14/><REACH who="1" step="1"/><E35/><REACH who="1" ten="250,240,250,250" step="2"/><V91/><F118/><W74/><G99/><N who="0" m="57847" /><D46/><U127/><E127/><V10/><F77/><W110/><G110/><T89/><D89/><U112/><E112/><V23/><F91/><W27/><G1/><T108/><D108/><U13/><E13/><V130/><F130/><W22/><G3/><T38/><D38/><U87/><E87/><V52/><F85/><W68/><G12/><T124/><D124/><U26/><E26/><V129/><F129/><W33/><G33/><T11/><D98/><U64/><E64/><V5/><F107/><W67/><G74/><T39/><D39/><U7/><E7/><V43/><F106/><W65/><G45/><T51/><D103/><U104/><E104/><V76/><F5/><W84/><G84/><T109/><D102/><RYUUKYOKU ba="0,1" sc="250,-15,240,15,250,-15,250,15" hai1="14,18,57,58,60,66,70,72,73,78,79,80,81" hai3="16,22,27,41,47,48,53,55,59,63,65,67,68" /><INIT seed="1,1,1,2,4,133" ten="235,255,235,265" oya="1" hai0="100,114,131,52,24,14,121,20,59,90,21,25,80" hai1="1,99,75,22,41,37,7,72,55,62,107,98,89" hai2="57,124,15,135,88,116,53,0,48,102,87,118,104" hai3="6,113,9,39,33,54,103,8,83,42,128,44,19"/><U130/><E130/><V66/><F0/><W67/><G113/><T36/><D36/><U85/><E41/><V56/><F135/><W95/><G33/><T51/><D131/><U26/><E37/><V81/><F124/><W79/><G128/><T115/><D121/><U86/><E86/><V109/><F109/><W106/><G106/><T40/><D115/><U29/><E7/><V123/><F123/><W96/><G67/><T13/><D100/><U76/><E1/><V110/><F110/><W125/><G54/><T117/><D117/><U43/><E43/><V2/><F2/><N who="3" m="87" /><G19/><N who="0" m="12319" /><D114/><U38/><E38/><V61/><REACH who="2" step="1"/><F15/><REACH who="2" ten="235,255,225,265" step="2"/><W93/><G125/><T65/><D40/><U70/><E72/><V84/><F84/><W74/><G9/><T10/><D10/><U71/><E75/><V49/><F49/><W108/><G108/><T69/><D13/><U34/><E85/><V58/><F58/><W97/><G97/><AGARI ba="1,2" hai="48,53,56,57,61,66,81,87,88,97,102,104,116,118" machi="97" ten="40,2600,0" yaku="1,1,54,1,53,0" doraHai="133" doraHaiUra="16" who="2" fromWho="3" sc="235,0,255,0,225,49,265,-29" /><INIT seed="2,0,0,5,2,79" ten="235,255,274,236" oya="2" hai0="51,54,27,52,127,16,25,72,62,132,63,64,49" hai1="59,8,103,114,73,4,42,1,81,122,50,21,78" hai2="107,121,26,71,33,12,44,18,90,99,11,19,85" hai3="108,74,28,89,3,10,55,22,76,60,119,126,24"/><V29/><F121/><W30/><G119/><T120/><D72/><U97/><E114/><V2/><F71/><W110/><G126/><T117/><D120/><U115/><E115/><V37/><F2/><W91/><G30/><T58/><D132/><U112/><E112/><V61/><F61/><N who="0" m="23050" /><D127/><U102/><E122/><V82/><F99/><W41/><G41/><T66/><D117/><U13/><E97/><V105/><REACH who="2" step="1"/><F19/><REACH who="2" ten="235,255,264,236" step="2"/><W65/><G65/><N who="0" m="25195" /><D16/><U113/><E113/><V40/><AGARI ba="0,1" hai="11,12,18,26,29,33,37,40,44,82,85,90,105,107" machi="40" ten="30,6000,0" yaku="1,1,0,1,52,1,53,0" doraHai="79" doraHaiUra="34" who="2" fromWho="2" sc="235,-20,255,-20,264,70,236,-20" /><INIT seed="2,1,0,0,1,35" ten="215,235,334,216" oya="2" hai0="121,25,99,113,106,82,103,117,52,96,127,41,114" hai1="51,23,59,58,112,67,71,120,100,115,62,122,125" hai2="31,44,33,91,77,24,97,135,66,50,68,93,64" hai3="34,87,61,4,6,19,49,98,124,14,109,39,130"/><V104/><F135/><W7/><G39/><T20/><D121/><N who="1" m="46699" /><E100/><V105/><F77/><W83/><G109/><T94/><D127/><U80/><E80/><V18/><F18/><W36/><G36/><T101/><D117/><U75/><E75/><V37/><F37/><W88/><G34/><T78/><D41/><U90/><E90/><V133/><F133/><W107/><G130/><T126/><D126/><U123/><E23/><V85/><F68/><W5/><G124/><T13/><D13/><U95/><E95/><V84/><F84/><W53/><G61/><T134/><D134/><U57/><N who="1" m="46707" /><U11/><DORA hai="79" /><E11/><V29/><F29/><W45/><G6/><T72/><REACH who="0" step="1"/><D52/><REACH who="0" ten="205,235,334,216" step="2"/><N who="1" m="31903" /><E125/><V119/><F119/><W48/><G5/><T27/><D27/><U70/><E70/><V129/><F24/><W46/><G14/><T131/><D131/><U10/><E10/><V63/><F129/><W21/><G4/><T55/><D55/><U40/><E40/><V74/><F66/><W118/><G118/><T76/><D76/><U16/><E16/><AGARI ba="1,1" hai="16,20,25,72,78,82,94,96,99,101,103,106,113,114" machi="16" ten="30,7700,0" yaku="1,1,7,1,52,1,54,1,53,0" doraHai="35,79" doraHaiUra="9,42" who="0" fromWho="1" sc="205,90,235,-80,334,0,216,0" /><INIT seed="3,0,0,5,4,40" ten="295,155,334,216" oya="3" hai0="100,131,63,16,38,48,20,86,97,22,68,106,70" hai1="104,61,11,9,103,73,53,29,78,56,47,15,120" hai2="132,109,35,77,93,31,88,3,122,83,17,67,5" hai3="117,121,54,130,133,52,89,98,71,10,12,81,43"/><W101/><G117/><T62/><D38/><U112/><E112/><V44/><F109/><W4/><G121/><T59/><D131/><U96/><E120/><V34/><F122/><W41/><G71/><T46/><D22/><U36/><E29/><V19/><F67/><W8/><G130/><T102/><D102/><U128/><E128/><V14/><F132/><W23/><G133/><T45/><D45/><U72/><E78/><V65/><F65/><W7/><G23/><T0/><D0/><U105/><E105/><V33/><F44/><W123/><G123/><T27/><D86/><U64/><E9/><V79/><F31/><W76/><G89/><T39/><D39/><U118/><E118/><V116/><F116/><W84/><G41/><T58/><D58/><U49/><REACH who="1" step="1"/><E36/><REACH who="1" ten="295,145,334,216" step="2"/><V90/><F35/><W127/><G127/><T25/><D106/><U125/><E125/><V18/><F33/><W135/><G135/><T21/><D70/><U91/><E91/><V87/><F34/><W57/><G10/><T94/><D68/><U30/><E30/><V108/><F90/><W26/><G8/><T28/><D59/><U114/><E114/><V113/><F88/><W129/><G76/><T111/><D111/><U2/><E2/><V107/><F79/><W134/><G129/><T95/><D95/><U42/><E42/><AGARI ba="0,1" hai="16,20,21,25,27,28,42,46,48,62,63,94,97,100" machi="42" ten="30,7700,0" yaku="7,1,8,1,52,1,54,1" doraHai="40" who="0" fromWho="1" sc="295,87,145,-77,334,0,216,0" owari="382,48.2,68,-43.2,334,13.4,216,-18.4" /></mjloggm>