<mjloggm ver="2.3"><GO type="225" lobby="0"/><UN n0="%E9%A2%A8%E7%B8%AB" n1="%E3%83%A9%E3%83%BC%E3%83%A1%E3%83%B3%E4%BA%94%E9%83%8E" n2="%72%69%6F%75%63%68%61%6E" n3="%E6%A1%9C%E8%8A%B1%E9%96%83%E3%80%85" dan="16,16,16,16" rate="2132.44,2128.82,2168.87,2200.22" sx="M,M,M,M"/><TAIKYOKU oya="0"/><INIT seed="0,0,0,5,2,113" ten="250,250,250,250" oya="0" hai0="87,122,72,35,55,2,65,115,64,96,29,69,63" hai1="32,108,16,103,54,73,107,52,48,84,8,10,34" hai2="109,124,17,49,101,58,91,19,85,81,6,51,131" hai3="114,13,111,42,40,31,38,93,4,94,15,125,12"/><T118/><D72/><U97/><E73/><V68/><F109/><W110/><G114/><T134/><D2/><U44/><E108/><N who="3" m="41514" /><G125/><T23/><D23/><U129/><E129/><V24/><F131/><W39/><G31/><T30/><D30/><U112/><E112/><V128/><F128/><W133/><G4/><T89/><D134/><U78/><E54/><V7/><F124/><W95/><G133/><T43/><D43/><AGARI ba="0,0" hai="12,13,15,38,39,40,42,43,93,94,95" m="41514" machi="43" ten="40,5200,0" yaku="28,2,14,1" doraHai="113" who="3" fromWho="0" sc="250,-52,250,0,250,0,250,52" /><INIT seed="1,0,0,5,3,65" ten="198,250,250,302" oya="1" hai0="91,26,90,67,61,73,113,121,76,13,2,59,15" hai1="57,1,114,92,129,53,33,18,84,101,125,102,38" hai2="122,79,131,41,25,39,29,124,23,31,111,88,6" hai3="77,8,93,126,115,44,21,30,135,99,134,56,72"/><U78/><E114/><V54/><F111/><W22/><G115/><T32/><D121/><U123/><E123/><V94/><F122/><W49/><G126/><T47/><D2/><U80/><E125/><V81/><F131/><W110/><G110/><T14/><D113/><U112/><E112/><V103/><F124/><W127/><G127/><T117/><D117/><U4/><E38/><V11/><F103/><N who="3" m="60911" /><G56/><T96/><D96/><U58/><E33/><V128/><F128/><W50/><G8/><T52/><D73/><U69/><E129/><V82/><F29/><W43/><G50/><T55/><D76/><U95/><E69/><V119/><F119/><W106/><G30/><T83/><D83/><U16/><E4/><V98/><F54/><N who="0" m="20522" /><D32/><U107/><E1/><V0/><REACH who="2" step="1"/><F79/><REACH who="2" ten="198,250,240,302" step="2"/><W132/><G106/><T104/><D104/><U100/><E107/><V74/><F74/><W3/><G3/><T12/><N who="0" m="3072" /><DORA hai="27" /><T105/><D105/><U86/><E53/><V28/><F28/><W42/><G42/><T75/><D75/><U60/><E101/><V45/><AGARI ba="0,1" hai="0,6,11,23,25,31,39,41,45,81,82,88,94,98" machi="45" ten="30,8000,1" yaku="1,1,0,1,52,1,54,1,53,1" doraHai="65,27" doraHaiUra="85,130" who="2" fromWho="2" sc="198,-20,250,-40,240,90,302,-20" /><INIT seed="2,0,0,5,3,20" ten="178,210,330,282" oya="2" hai0="122,120,82,10,35,30,97,85,123,78,33,68,16" hai1="121,102,13,75,4,100,84,23,89,45,1,132,0" hai2="65,88,118,129,26,25,103,93,83,108,14,19,98" hai3="48,66,106,86,37,76,42,7,62,74,113,9,128"/><V34/><F118/><W92/><G106/><T77/><D68/><U111/><E75/><V67/><F129/><W27/><G128/><T12/><D78/><U72/><E72/><V3/><F3/><W55/><G113/><T54/><D30/><U95/><E111/><V40/><F108/><W50/><G74/><T58/><REACH who="0" step="1"/><D97/><REACH who="0" ten="168,210,330,282" step="2"/><U91/><E121/><V90/><F34/><W38/><G76/><T131/><D131/><U6/><E132/><V22/><F40/><W24/><G42/><T117/><D117/><U70/><E70/><V79/><F90/><W87/><G87/><T43/><D43/><U119/><E119/><V60/><F103/><W18/><G86/><T2/><D2/><U114/><E0/><V81/><F67/><W101/><G66/><T125/><D125/><U47/><E1/><V127/><F127/><W21/><G101/><T99/><D99/><N who="1" m="57839" /><E102/><V71/><F83/><W41/><G41/><T112/><D112/><U51/><E100/><V63/><F63/><AGARI ba="0,1" hai="10,12,16,33,35,54,58,63,77,82,85,120,122,123" machi="63" ten="40,5200,0" yaku="1,1,54,1,53,1" doraHai="20" doraHaiUra="59" who="0" fromWho="2" sc="168,62,210,0,330,-52,282,0" /><INIT seed="3,0,0,1,4,115" ten="230,210,278,282" oya="3" hai0="28,66,57,2,130,125,88,6,37,50,97,67,81" hai1="95,49,36,99,38,70,65,33,85,134,4,127,46" hai2="11,122,12,111,112,96,10,68,79,45,113,59,3" hai3="39,34,80,74,71,18,8,44,61,60,103,93,53"/><W100/><G34/><T30/><D37/><U133/><E33/><V135/><F68/><W32/><G32/><T58/><D130/><U119/><E4/><V21/><F111/><W1/><G18/><T94/><D125/><U124/><E85/><V26/><F135/><N who="1" m="51721" /><E95/><V126/><F126/><N who="1" m="48169" /><E99/><V105/><F122/><W29/><G29/><N who="0" m="11371" /><D2/><U40/><E119/><V120/><F120/><W109/><G93/><T129/><D129/><U106/><E106/><V42/><F79/><W117/><G117/><T48/><D6/><U101/><E101/><V5/><F59/><N who="0" m="22538" /><D81/><U82/><E82/><V121/><F121/><W54/><G100/><T77/><D77/><U23/><E23/><V64/><F64/><AGARI ba="0,0" hai="48,50,64,66,67,88,94,97" m="22538,11371" machi="64" ten="30,2000,0" yaku="8,1,54,1" doraHai="115" who="0" fromWho="2" sc="230,20,210,0,278,-20,282,0" /><INIT seed="4,0,0,3,4,58" ten="250,210,258,282" oya="0" hai0="134,38,52,31,102,14,86,116,89,66,40,74,4" hai1="22,21,26,19,129,47,56,32,48,6,118,80,0" hai2="112,36,8,84,128,39,30,88,120,55,63,54,62" hai3="27,123,78,33,124,99,13,127,41,109,114,70,43"/><T77/><D116/><U25/><E118/><V50/><F120/><W83/><G109/><T5/><D102/><U49/><E32/><V72/><F72/><W18/><G114/><T45/><D66/><U34/><E34/><V101/><F101/><W108/><G99/><T92/><D31/><U98/><E129/><V16/><F112/><W125/><G108/><T82/><D134/><U132/><E132/><V61/><F30/><N who="3" m="19679" /><G70/><T57/><REACH who="0" step="1"/><D14/><REACH who="0" ten="240,210,258,282" step="2"/><U90/><E0/><V87/><F128/><W23/><G123/><T37/><D37/><U135/><E135/><V17/><F36/><W96/><G125/><T29/><D29/><U110/><E110/><V104/><F39/><W103/><G127/><T64/><D64/><U9/><E26/><V107/><F107/><W105/><G124/><T121/><D121/><U122/><E122/><V100/><F100/><W1/><G1/><T119/><D119/><U3/><E25/><V95/><F104/><W76/><G103/><T97/><D97/><U42/><E98/><V85/><F54/><W12/><G12/><T44/><D44/><U111/><E111/><V93/><F93/><W20/><G96/><T106/><D106/><U133/><E133/><V2/><F2/><W60/><G105/><T68/><D68/><U91/><E3/><V117/><F117/><W69/><G69/><T15/><D15/><N who="1" m="7663" /><E47/><N who="2" m="28127" /><F8/><W131/><G131/><T81/><D81/><U11/><E80/><V28/><F28/><W94/><G83/><T51/><AGARI ba="0,1" hai="4,5,38,40,45,51,52,57,74,77,82,86,89,92" machi="51" ten="20,12000,1" yaku="1,1,0,1,7,1,54,1,53,1" doraHai="58" doraHaiUra="71" who="0" fromWho="0" sc="240,130,210,-40,258,-40,282,-40" owari="370,47.0,170,-33.0,218,-18.2,242,4.2" /></mjloggm>