<mjloggm ver="2.3"><GO type="225" lobby="0"/><UN n0="%E7%B4%94%E6%BD%94%E3%83%94%E3%83%A9%E3%83%8B%E3%82%A2" n1="%6D%75%75%6D%75%72%61" n2="%4B%2E%32%2E%4B%2E" n3="%73%75%7A%75%6D%65%33" dan="17,16,16,17" rate="2241.78,2239.80,2058.22,2207.38" sx="M,F,M,M"/><TAIKYOKU oya="0"/><INIT seed="0,0,0,4,1,61" ten="250,250,250,250" oya="0" hai0="105,44,70,51,22,25,3,60,130,131,35,18,38" hai1="86,41,37,12,116,98,10,117,47,99,112,65,90" hai2="62,9,109,15,123,63,56,102,85,113,42,114,108" hai3="110,81,119,120,68,29,77,73,89,121,94,28,13"/><T23/><D3/><U79/><E112/><V36/><F123/><N who="3" m="47179" /><G119/><T30/><D38/><U84/><E79/><V11/><F102/><W124/><G124/><T53/><D105/><U46/><E46/><N who="2" m="23879" /><F85/><N who="3" m="52527" /><G110/><N who="2" m="42601" /><F9/><W107/><G107/><T55/><D55/><U1/><E86/><V133/><F133/><W93/><G68/><T27/><REACH who="0" step="1"/><D35/><REACH who="0" ten="240,250,250,250" step="2"/><U75/><E37/><V95/><F114/><W72/><G72/><T80/><D80/><U125/><E75/><V40/><F113/><W49/><G93/><T39/><D39/><U48/><E117/><V135/><F95/><W91/><G91/><T96/><D96/><U132/><E116/><V54/><F135/><W32/><G32/><T67/><AGARI ba="0,1" hai="18,22,23,25,27,30,44,51,53,60,67,70,130,131" machi="67" ten="30,11700,0" yaku="1,1,0,1,52,1,53,1" doraHai="61" doraHaiUra="26" who="0" fromWho="0" sc="240,127,250,-39,250,-39,250,-39" /><INIT seed="0,1,0,0,5,64" ten="367,211,211,211" oya="0" hai0="112,75,56,55,92,95,7,63,80,110,130,62,87" hai1="14,67,103,50,16,33,122,106,97,133,69,24,21" hai2="12,88,100,29,71,109,79,32,84,6,114,93,131" hai3="52,99,10,105,74,117,3,27,53,127,120,42,8"/><T43/><D112/><U46/><E122/><V104/><F114/><W45/><G74/><T51/><D130/><U54/><E133/><V129/><F109/><W111/><G120/><T2/><D110/><U96/><E96/><N who="2" m="61447" /><F71/><W73/><G111/><T101/><D75/><U81/><E81/><N who="2" m="47167" /><F29/><W66/><G66/><T85/><D85/><U78/><E78/><V13/><F32/><W4/><G73/><T108/><D101/><U82/><E82/><V57/><F57/><W58/><G127/><T125/><D125/><U19/><E33/><V77/><F6/><W76/><G76/><T48/><D2/><U128/><E128/><N who="2" m="49227" /><F77/><W60/><G10/><T89/><D7/><U18/><REACH who="1" step="1"/><E14/><REACH who="1" ten="367,201,211,211" step="2"/><V119/><F119/><W86/><G117/><T40/><D108/><U11/><E11/><V44/><F44/><W115/><G8/><T25/><D25/><U118/><E118/><V61/><F61/><AGARI ba="1,1" hai="16,18,19,21,24,46,50,54,61,67,69,97,103,106" machi="61" ten="40,8000,1" yaku="1,1,52,1,54,1,53,1" doraHai="64" doraHaiUra="22" who="1" fromWho="2" sc="367,0,201,93,211,-83,211,0" /><INIT seed="1,0,0,2,4,16" ten="367,294,128,211" oya="1" hai0="76,98,6,116,118,96,50,127,81,10,128,58,64" hai1="111,114,66,87,22,106,29,65,75,79,90,126,78" hai2="3,2,84,131,31,35,112,36,72,77,11,83,19" hai3="33,68,23,63,93,46,34,0,25,95,123,59,135"/><U17/><E114/><V55/><F36/><W5/><G123/><T102/><D127/><U88/><E75/><V71/><F112/><W70/><G135/><T108/><D96/><U121/><E106/><V85/><F131/><W103/><G46/><T73/><D128/><U80/><E121/><V37/><F71/><W1/><G70/><T86/><D73/><U130/><E126/><V89/><F55/><W62/><G68/><T14/><D108/><U91/><E130/><V133/><F133/><W105/><G105/><T60/><REACH who="0" step="1"/><D50/><REACH who="0" ten="357,294,128,211" step="2"/><U18/><E111/><V56/><F72/><W124/><G124/><T45/><D45/><U26/><E79/><V129/><F129/><W51/><G51/><T120/><D120/><U48/><E48/><V15/><F37/><W21/><G103/><T82/><D82/><U49/><E49/><V132/><F132/><W8/><G63/><T57/><D57/><U27/><REACH who="1" step="1"/><E17/><REACH who="1" ten="357,284,128,211" step="2"/><V104/><F77/><W97/><G62/><T41/><D41/><U67/><E67/><V32/><F19/><W4/><G59/><T28/><D28/><U115/><E115/><V74/><F56/><W109/><G109/><T13/><D13/><U119/><E119/><V52/><F74/><W92/><G0/><T117/><D117/><U101/><E101/><V42/><F2/><W30/><G1/><T9/><D9/><U61/><E61/><V47/><F3/><W43/><G8/><T12/><D12/><U39/><E39/><V20/><F11/><W107/><G43/><T24/><D24/><U69/><E69/><V99/><F42/><RYUUKYOKU ba="0,2" sc="357,15,284,15,128,-15,211,-15" hai0="6,10,14,58,60,64,76,81,86,98,102,116,118" hai1="18,22,26,27,29,65,66,78,80,87,88,90,91" /><INIT seed="1,1,2,4,5,42" ten="372,299,113,196" oya="1" hai0="22,31,102,57,112,123,127,64,12,4,85,39,109" hai1="34,88,92,70,56,89,59,90,134,96,24,36,54" hai2="117,99,111,126,18,38,29,11,9,1,83,116,48" hai3="81,68,120,129,124,133,63,84,52,47,8,131,58"/><U87/><E70/><V93/><F38/><W33/><G33/><T50/><D39/><U0/><E134/><V105/><F105/><W135/><G120/><T66/><D112/><U21/><E34/><V82/><F111/><W91/><G68/><T114/><D109/><U25/><E0/><V75/><F126/><W121/><G121/><T125/><D123/><U76/><E36/><V10/><F1/><W40/><G8/><N who="0" m="4103" /><D102/><N who="1" m="60679" /><E54/><V69/><F69/><W79/><G79/><T101/><D101/><U65/><E65/><V3/><F3/><W32/><G32/><T28/><D114/><U77/><E25/><V115/><F115/><W86/><G86/><T35/><D35/><U95/><E95/><V98/><F29/><W60/><G60/><T53/><D64/><U78/><E87/><V108/><F108/><W14/><G14/><T7/><D66/><U110/><E110/><V107/><F107/><W94/><G94/><T27/><D31/><AGARI ba="1,2" hai="21,24,31,56,59,76,77,78,88,89,90" m="60679" machi="31" ten="30,2900,0" yaku="8,1,54,1" doraHai="42" who="1" fromWho="0" sc="372,-32,299,52,113,0,196,0" /><INIT seed="1,2,0,2,0,21" ten="340,351,113,196" oya="1" hai0="3,47,79,50,7,42,69,24,103,80,19,107,121" hai1="101,9,34,64,38,88,119,56,131,104,133,46,23" hai2="12,53,96,65,13,49,94,22,122,62,26,29,120" hai3="16,84,118,113,20,15,36,6,77,39,89,55,105"/><U95/><E119/><V134/><F134/><W87/><G105/><T57/><D69/><U60/><E34/><V91/><F120/><W71/><G118/><T18/><D121/><U99/><E133/><V82/><F122/><W116/><G116/><T130/><D130/><U28/><E131/><V86/><F65/><W2/><G113/><T17/><D3/><U78/><E78/><V31/><F31/><W68/><G77/><T45/><D7/><U10/><E38/><V72/><F62/><W98/><G98/><T85/><D107/><U117/><E117/><V76/><REACH who="2" step="1"/><F72/><REACH who="2" ten="340,351,103,196" step="2"/><W81/><G71/><T11/><D11/><U27/><E9/><V37/><F37/><W43/><G68/><T83/><D50/><U5/><E10/><V111/><F111/><W100/><G39/><T112/><D112/><U75/><E75/><V25/><F25/><W135/><G36/><T106/><D24/><U73/><E73/><V74/><F74/><W66/><G66/><T61/><D79/><U67/><E64/><V97/><F97/><W70/><G70/><T0/><D61/><U1/><E1/><V40/><F40/><W35/><G2/><T4/><D42/><U124/><E67/><V123/><F123/><W102/><G43/><T14/><D0/><U92/><E60/><V114/><F114/><W125/><G135/><T132/><D132/><U54/><E28/><V109/><F109/><W127/><G55/><T63/><D63/><U93/><E54/><V8/><F8/><W126/><G126/><T30/><D30/><N who="1" m="17791" /><E124/><V110/><F110/><W59/><G127/><RYUUKYOKU ba="2,1" sc="340,-10,351,-10,103,30,196,-10" hai2="12,13,22,26,29,49,53,76,82,86,91,94,96" /><INIT seed="2,3,1,2,1,56" ten="330,341,133,186" oya="2" hai0="91,19,37,109,127,102,105,128,79,58,122,69,0" hai1="96,77,132,47,125,44,75,70,107,38,27,61,62" hai2="87,67,13,110,74,57,45,63,83,134,28,23,42" hai3="10,7,6,86,65,113,73,4,31,21,9,121,98"/><V101/><F74/><W119/><G73/><T124/><D69/><U81/><E125/><N who="0" m="48201" /><D122/><U34/><E132/><V26/><F134/><W39/><G39/><T22/><D37/><U84/><E75/><V117/><F117/><W60/><G119/><T95/><D79/><U36/><E47/><V111/><F101/><W89/><G121/><T78/><D78/><U112/><E112/><V30/><F13/><W25/><G98/><N who="0" m="61655" /><D58/><U104/><E104/><V66/><F30/><W49/><G49/><T93/><D109/><N who="2" m="41482" /><F67/><W55/><G55/><T99/><D95/><U85/><E70/><V43/><F45/><W103/><G103/><T17/><D0/><U50/><E36/><V33/><F33/><W88/><G113/><T100/><D100/><U32/><E38/><V135/><F135/><W114/><G114/><T11/><D11/><U108/><E108/><V5/><F5/><W120/><G120/><T12/><D17/><U71/><E71/><V90/><AGARI ba="3,1" hai="23,26,28,42,43,57,63,66,83,87,90" m="41482" machi="90" ten="30,6000,0" yaku="14,1,10,1,52,1" doraHai="56" who="2" fromWho="2" sc="330,-23,341,-23,133,79,186,-23" /><INIT seed="2,4,0,4,4,29" ten="307,318,212,163" oya="2" hai0="31,118,128,22,68,5,42,94,36,47,110,69,85" hai1="135,124,75,52,28,65,114,109,106,39,6,125,98" hai2="41,134,117,3,83,37,81,34,13,100,20,76,80" hai3="78,108,79,116,89,35,113,46,53,66,23,97,27"/><V74/><F117/><W61/><G108/><T11/><D110/><U54/><E109/><V21/><F3/><W91/><G116/><T7/><D128/><U127/><E114/><V45/><F134/><W56/><G113/><T4/><D118/><U1/><E135/><V120/><F120/><W123/><G123/><T70/><D31/><U121/><E121/><V77/><F34/><W43/><G35/><T40/><D22/><U8/><E75/><V10/><F100/><W115/><G115/><T64/><D40/><U67/><E39/><V105/><F105/><W44/><G66/><N who="1" m="25098" /><E28/><V71/><F71/><W0/><G0/><T30/><D30/><U55/><E98/><V119/><F119/><W32/><G32/><T51/><D64/><U48/><E106/><V12/><F12/><W99/><G99/><T72/><D72/><U59/><AGARI ba="4,0" hai="1,6,8,48,52,54,55,59,124,125,127" m="25098" machi="59" ten="40,2700,0" yaku="18,1,54,1" doraHai="29" who="1" fromWho="1" sc="307,-11,318,39,212,-17,163,-11" /><INIT seed="3,0,0,4,2,99" ten="296,357,195,152" oya="3" hai0="74,44,75,45,38,52,12,100,111,8,121,59,7" hai1="117,85,5,67,110,109,78,113,91,135,134,114,82" hai2="66,65,14,115,21,108,105,18,34,43,122,128,2" hai3="116,11,63,15,22,83,119,107,71,89,94,130,28"/><W6/><G107/><T126/><D111/><N who="1" m="42507" /><E117/><V58/><F108/><W127/><G127/><T53/><D126/><U0/><E67/><V33/><F115/><N who="1" m="44041" /><E78/><V131/><F105/><W27/><G83/><T87/><D121/><U133/><E5/><V39/><F122/><W23/><G130/><N who="2" m="49705" /><F2/><AGARI ba="0,0" hai="0,2,82,85,91,133,134,135" m="44041,42507" machi="2" ten="40,2600,0" yaku="20,1,14,1" doraHai="99" who="1" fromWho="2" sc="296,0,357,26,195,-26,152,0" owari="296,9.6,383,48.3,169,-23.1,152,-34.8" /></mjloggm>