<mjloggm ver="2.3"><GO type="225" lobby="0"/><UN n0="%6D%75%75%6D%75%72%61" n1="%E3%81%A8%E3%82%93%E3%81%A8%E3%81%93%E3%81%A8%E3%82%93" n2="%74%61%6B%75%61%6B%61" n3="%73%6C%69%63%6B%33%31%39" dan="17,16,16,16" rate="2263.50,2145.24,2103.69,2112.56" sx="F,M,M,M"/><TAIKYOKU oya="0"/><INIT seed="0,0,0,5,5,10" ten="250,250,250,250" oya="0" hai0="92,38,61,45,93,103,85,117,110,15,101,4,1" hai1="0,47,40,67,76,16,122,56,43,59,66,77,109" hai2="108,130,29,126,46,22,111,133,28,120,112,124,98" hai3="26,115,54,125,99,129,121,13,78,119,71,107,102"/><T6/><D117/><U73/><E122/><V105/><F46/><W135/><G115/><T41/><D1/><U100/><E0/><V24/><F105/><W48/><G119/><T116/><D116/><U3/><E3/><V34/><F98/><W11/><G71/><T60/><D110/><N who="2" m="42026" /><F120/><W128/><G121/><T94/><D85/><U132/><E109/><V69/><F69/><W87/><G26/><T91/><D91/><U123/><E123/><V114/><F130/><N who="3" m="50283" /><G125/><N who="2" m="48233" /><F133/><W106/><G135/><T42/><D42/><U95/><E73/><V62/><F62/><W25/><G25/><AGARI ba="0,0" hai="22,24,25,28,29,34,112,114" m="48233,42026" machi="25" ten="30,7700,0" yaku="14,1,18,1,34,2" doraHai="10" who="2" fromWho="3" sc="250,0,250,0,250,77,250,-77" /><INIT seed="1,0,0,5,2,121" ten="250,250,327,173" oya="1" hai0="135,33,56,30,26,94,118,84,91,2,64,128,114" hai1="107,67,97,104,109,51,132,78,20,13,124,95,89" hai2="23,74,35,115,18,129,76,101,27,58,131,24,7" hai3="69,45,90,68,85,98,81,88,9,22,110,112,40"/><U116/><E116/><V63/><F115/><W71/><G112/><T15/><D114/><U126/><E67/><V57/><F7/><W46/><G110/><T16/><D118/><U3/><E3/><V61/><F101/><W53/><G53/><T55/><D2/><U65/><E65/><V10/><F10/><W60/><G60/><N who="2" m="23113" /><F76/><W75/><G75/><T0/><D0/><U117/><E117/><V99/><F99/><W133/><G133/><T66/><D128/><N who="2" m="49226" /><F74/><W39/><G9/><T123/><D123/><U11/><E132/><V120/><F120/><W6/><G6/><T25/><D25/><U47/><E78/><V32/><F24/><W4/><G4/><T100/><D100/><U5/><E20/><V86/><F86/><W29/><G46/><T73/><D73/><U83/><E83/><V70/><F70/><W49/><G49/><T103/><D103/><U102/><E107/><V105/><F105/><W87/><G98/><T72/><D72/><U79/><E79/><V44/><F44/><W108/><G108/><T38/><D38/><U43/><REACH who="1" step="1"/><E109/><REACH who="1" ten="250,240,327,173" step="2"/><V54/><F32/><W113/><G113/><T77/><D77/><U106/><E106/><V41/><F35/><W1/><G1/><T92/><D135/><U50/><E50/><V122/><F122/><W134/><G134/><T37/><D37/><U12/><E12/><V42/><F23/><W127/><G127/><T130/><D130/><U8/><E8/><V34/><F34/><W17/><G69/><T28/><D33/><U19/><E19/><V36/><F18/><W82/><G17/><RYUUKYOKU ba="0,1" sc="250,-15,240,15,327,-15,173,15" hai1="5,11,13,43,47,51,89,95,97,102,104,124,126" hai3="22,29,39,40,45,68,71,81,82,85,87,88,90" /><INIT seed="1,1,1,4,4,6" ten="235,255,312,188" oya="1" hai0="44,76,56,53,54,4,2,35,114,122,46,89,10" hai1="108,75,38,91,90,65,133,97,27,16,101,23,14" hai2="21,78,118,13,55,26,96,15,12,41,58,9,48" hai3="124,74,66,80,112,107,63,117,29,11,49,18,37"/><U24/><E38/><V8/><F118/><W113/><G37/><T115/><D122/><U99/><E75/><V39/><F78/><W120/><G120/><T94/><D35/><U92/><E133/><V19/><REACH who="2" step="1"/><F96/><REACH who="2" ten="235,255,302,188" step="2"/><W30/><G117/><T67/><D76/><U68/><E108/><V126/><F126/><W87/><G124/><T85/><D114/><U7/><E99/><V36/><F36/><W32/><G113/><T82/><D115/><U77/><E77/><V33/><F33/><W64/><G32/><T42/><D82/><U70/><E70/><V69/><F69/><W116/><G74/><T59/><D85/><U28/><E68/><V43/><F43/><W102/><G116/><T125/><D125/><U84/><E84/><V88/><F88/><W31/><G112/><T131/><D89/><U104/><E90/><V0/><F0/><W71/><G87/><T79/><D79/><U86/><E86/><V103/><F103/><W72/><G80/><T109/><D109/><U127/><E127/><V73/><F73/><W100/><G72/><T25/><D42/><U106/><E101/><V129/><F129/><W17/><G102/><T61/><D131/><U47/><E91/><V34/><F34/><W105/><G100/><T132/><D132/><U95/><E97/><V111/><F111/><W50/><G71/><T130/><D130/><U40/><E40/><V110/><F110/><W121/><G121/><T22/><D2/><U83/><E104/><V45/><AGARI ba="1,2" hai="8,9,12,13,15,19,21,26,39,41,45,48,55,58" machi="45" ten="30,7900,0" yaku="1,1,0,1,52,2,53,0" doraHai="6" doraHaiUra="57" who="2" fromWho="2" sc="235,-21,255,-40,302,102,188,-21" /><INIT seed="2,0,0,4,3,48" ten="214,215,404,167" oya="2" hai0="84,58,11,124,104,117,39,109,28,24,81,105,23" hai1="113,75,96,19,47,126,83,45,95,44,103,80,33" hai2="93,125,42,0,20,54,108,97,121,56,94,64,91" hai3="118,98,53,4,29,131,65,37,40,32,6,55,62"/><V10/><F121/><W18/><G118/><T130/><D117/><U34/><E113/><V79/><F125/><W1/><G32/><T36/><D124/><U71/><E126/><V115/><F115/><W5/><G1/><T17/><D109/><U52/><E71/><V132/><F132/><W49/><G29/><T27/><D130/><U2/><E2/><V41/><F64/><W14/><G37/><T135/><D135/><U90/><E75/><V129/><F129/><W51/><G131/><T101/><D39/><U106/><E19/><V59/><F59/><N who="3" m="37087" /><G98/><T122/><D36/><U31/><E34/><V107/><F107/><W111/><G111/><T120/><D104/><U86/><E33/><V68/><F68/><W13/><G40/><T25/><D11/><U92/><E31/><V127/><F127/><W22/><G14/><T102/><D105/><U7/><E7/><N who="3" m="1794" /><W88/><DORA hai="50" /><G88/><N who="0" m="51215" /><D122/><U38/><E38/><V16/><F108/><W85/><G85/><T69/><D69/><U70/><E70/><V110/><F110/><W133/><G133/><T8/><D120/><U100/><E106/><V99/><F0/><W12/><G12/><N who="0" m="9639" /><D28/><U3/><E3/><V87/><F87/><W26/><G13/><T46/><D8/><U30/><E30/><V63/><F10/><W128/><G128/><T9/><D9/><U112/><E112/><V76/><F99/><W116/><G116/><T114/><D114/><U15/><E15/><V119/><F119/><W123/><G123/><T82/><D27/><U89/><E96/><V61/><F97/><W43/><G43/><RYUUKYOKU ba="0,0" sc="214,-10,215,-10,404,-10,167,30" hai3="18,22,26,49,51,53,55" /><INIT seed="3,1,0,3,5,98" ten="204,205,394,197" oya="3" hai0="44,84,54,32,62,92,15,35,8,71,22,41,42" hai1="125,2,66,70,95,79,85,121,56,104,127,4,27" hai2="78,25,0,74,64,91,134,133,28,37,59,86,39" hai3="49,111,80,115,101,5,103,12,40,61,117,114,6"/><W108/><G117/><T87/><D35/><U122/><E104/><V16/><F0/><W128/><G128/><T130/><D32/><U76/><E70/><V46/><F16/><W99/><G80/><T81/><D71/><U120/><E27/><V24/><F78/><W51/><G61/><T52/><D130/><U135/><E135/><N who="2" m="51723" /><F74/><W17/><G115/><T77/><D22/><U31/><E31/><V93/><F46/><N who="3" m="25799" /><G114/><T124/><D124/><N who="1" m="47691" /><E4/><N who="3" m="1642" /><G99/><T96/><D84/><U11/><E2/><V113/><F113/><W112/><G112/><T116/><D116/><U30/><E30/><V119/><F119/><W110/><G51/><N who="0" m="28775" /><D96/><U100/><E11/><AGARI ba="1,0" hai="11,12,17,101,103,108,110,111" m="1642,25799" machi="11" ten="30,11600,0" yaku="14,1,10,1,52,2" doraHai="98" who="3" fromWho="1" sc="204,0,205,-119,394,0,197,119" /><INIT seed="3,2,0,5,4,48" ten="204,86,394,316" oya="3" hai0="105,86,75,106,13,2,63,131,24,12,17,11,69" hai1="117,40,112,26,107,67,113,134,39,33,61,70,79" hai2="98,68,18,85,65,108,124,78,59,21,46,66,45" hai3="56,27,53,8,34,83,30,130,109,38,94,52,92"/><W43/><G130/><T72/><D2/><U89/><E89/><V82/><F108/><W1/><G109/><T123/><D123/><U55/><E134/><V128/><F128/><W60/><G38/><T104/><D131/><U119/><E55/><V54/><F124/><W76/><G43/><T121/><D86/><U114/><E79/><V73/><F73/><W42/><G42/><T35/><D63/><U57/><E57/><V7/><F7/><W133/><G53/><T6/><D69/><U135/><E135/><V77/><F77/><W132/><G92/><T111/><D121/><U95/><E95/><V47/><F98/><W110/><G94/><T84/><D84/><U115/><N who="1" m="28672" /><DORA hai="91" /><U19/><E19/><V29/><F29/><W81/><G81/><T118/><D104/><U127/><E127/><V16/><F68/><W44/><G44/><T9/><D105/><U20/><E20/><V3/><F3/><W22/><G34/><T41/><D106/><U62/><E62/><N who="2" m="36215" /><F18/><W80/><G80/><T36/><D72/><U31/><REACH who="1" step="1"/><E107/><REACH who="1" ten="204,76,394,316" step="2"/><V100/><F16/><W37/><G110/><T103/><D17/><U102/><E102/><V64/><F21/><W5/><REACH who="3" step="1"/><G37/><REACH who="3" ten="204,76,394,306" step="2"/><T129/><D111/><U50/><E50/><V71/><F71/><W51/><G51/><T88/><D36/><U90/><E90/><V126/><F126/><W116/><G116/><T28/><D118/><U4/><E4/><V99/><F46/><W10/><G10/><T58/><D129/><U14/><E14/><V120/><F120/><W96/><G96/><T97/><D97/><RYUUKYOKU ba="2,2" sc="204,-30,76,10,394,10,306,10" hai1="26,31,33,39,40,61,67,70,117,119" hai2="45,47,64,65,66,78,82,85,99,100" hai3="1,5,8,22,27,30,52,56,60,76,83,132,133" /><INIT seed="3,3,2,1,5,39" ten="174,86,404,316" oya="3" hai0="34,113,75,105,22,128,73,62,67,49,15,52,43" hai1="56,92,85,54,68,35,120,20,94,2,71,123,109" hai2="86,3,19,10,47,38,130,76,80,79,103,8,5" hai3="40,45,32,4,131,53,104,83,61,23,99,42,69"/><W51/><G32/><T29/><D105/><U87/><E35/><V88/><F130/><W50/><G131/><T18/><D128/><U82/><E2/><V134/><F134/><W11/><G83/><T127/><D43/><U102/><E109/><V97/><F38/><W0/><G23/><T44/><D127/><U114/><E114/><V60/><F47/><W129/><G129/><T107/><D107/><U36/><E36/><V63/><F63/><W91/><G51/><T65/><D65/><U31/><E31/><V121/><F121/><W26/><G26/><T46/><D46/><U64/><E64/><V117/><F117/><W7/><G7/><T110/><D110/><U16/><E102/><V100/><F60/><W70/><G61/><T57/><D113/><U48/><E120/><V101/><F97/><W106/><G106/><T37/><D37/><U58/><E123/><V17/><F17/><W122/><G122/><T12/><D12/><U90/><E58/><V116/><F116/><W1/><G1/><T33/><D33/><U126/><E126/><V30/><F30/><W125/><G125/><T132/><D132/><U72/><E94/><V135/><F135/><W112/><G112/><T95/><D95/><U81/><E72/><V77/><F10/><W13/><G0/><T84/><D84/><U21/><E21/><V78/><F76/><W55/><G42/><T133/><D133/><U124/><E124/><V96/><F19/><W6/><G6/><T93/><D93/><U111/><E111/><V24/><F24/><W59/><G104/><T41/><D67/><RYUUKYOKU ba="3,2" sc="174,15,86,-15,404,15,316,-15" hai0="15,18,22,29,34,41,44,49,52,57,62,73,75" hai2="3,5,8,77,78,79,80,86,88,96,100,101,103" owari="189,-21.1,71,-42.9,439,53.9,301,10.1" /></mjloggm>