<mjloggm ver="2.3"><GO type="225" lobby="0"/><UN n0="%E3%83%AD%E3%83%83%E3%83%86%E9%9B%80%E7%90%83" n1="%E8%81%B7%E6%A5%AD%E3%80%81%E9%A2%A8%32" n2="%E3%81%B8%E3%82%80%E3%81%B8%E3%82%80%EF%BC%92%E5%8F%B7" n3="%E3%81%8F%E3%82%8B%E3%82%8B" dan="17,16,17,17" rate="2198.27,2114.59,2205.37,2194.99" sx="M,M,M,F"/><TAIKYOKU oya="0"/><INIT seed="0,0,0,1,2,134" ten="250,250,250,250" oya="0" hai0="5,133,17,76,62,95,80,113,107,124,16,101,123" hai1="43,125,7,103,21,13,8,132,122,130,24,75,61" hai2="74,41,46,2,33,73,36,69,98,65,94,12,87" hai3="51,81,48,121,71,39,102,129,131,6,50,106,19"/><T0/><D124/><U68/><E122/><V77/><F2/><W9/><G121/><T111/><D113/><U92/><E132/><V93/><F33/><W29/><G39/><T34/><D133/><U26/><E75/><V56/><F69/><W58/><G71/><T85/><D107/><U82/><E125/><V54/><F65/><W11/><G29/><T30/><D123/><U32/><E130/><N who="3" m="49674" /><G81/><T72/><D111/><U60/><E68/><V108/><F108/><W83/><G83/><T110/><D110/><U53/><E43/><V67/><F67/><W14/><G102/><T66/><D30/><N who="1" m="17679" /><E32/><V40/><F40/><W27/><G106/><T28/><D28/><U127/><E127/><V31/><F77/><W99/><G99/><T55/><D55/><U96/><E82/><V126/><F31/><W37/><G37/><T86/><D34/><U57/><E26/><V10/><F126/><W128/><N who="3" m="49682" /><W35/><DORA hai="22" /><G35/><T1/><D101/><U112/><E112/><V88/><F98/><W118/><G118/><T105/><D105/><U23/><E23/><V78/><F94/><W4/><G27/><T109/><D109/><U90/><E103/><V104/><F104/><W63/><G9/><T20/><D95/><U3/><E3/><V135/><F135/><W84/><G84/><N who="0" m="32363" /><D0/><U91/><E91/><V64/><F78/><W117/><G117/><T100/><D100/><U15/><E15/><V25/><F12/><W49/><N who="3" m="12288" /><DORA hai="47" /><W89/><G89/><T52/><D1/><U70/><E70/><V42/><F88/><W97/><G97/><RYUUKYOKU ba="0,0" sc="250,-15,250,15,250,-15,250,15" hai1="7,8,13,53,57,60,61,90,92,96" hai3="4,6,11,14,19,58,63" /><INIT seed="1,1,0,3,1,47" ten="235,265,235,265" oya="1" hai0="19,36,26,10,3,4,51,105,125,117,66,127,110" hai1="85,13,96,56,9,63,60,5,104,130,65,17,72" hai2="70,135,45,118,86,30,16,80,122,81,53,88,41" hai3="67,59,100,77,27,107,126,31,40,32,8,58,106"/><U115/><E72/><V132/><F118/><W119/><G119/><T76/><D36/><U15/><E115/><V29/><F122/><W83/><G126/><N who="0" m="48139" /><D110/><U112/><E112/><V90/><F70/><W74/><G40/><T129/><D129/><U0/><E130/><V43/><F53/><W91/><G8/><T82/><D105/><U39/><E39/><V48/><F41/><W78/><G78/><T108/><D66/><U49/><E49/><V12/><F90/><W101/><G101/><T68/><D68/><U121/><E121/><V1/><F81/><W102/><G102/><T23/><D108/><U21/><E104/><V52/><F43/><W22/><G32/><T7/><D117/><U113/><E113/><V79/><F79/><W123/><G123/><T14/><D51/><U64/><E96/><V11/><F1/><W114/><G114/><T57/><D57/><U71/><REACH who="1" step="1"/><E85/><REACH who="1" ten="235,255,235,265" step="2"/><V128/><F128/><W131/><G107/><T34/><D34/><U35/><E35/><V93/><F93/><W75/><G131/><T61/><D61/><U44/><E44/><V95/><F95/><W124/><G75/><N who="0" m="43295" /><D3/><AGARI ba="1,1" hai="0,3,5,9,13,15,17,21,56,60,63,64,65,71" machi="3" ten="40,2000,0" yaku="1,1,53,0" doraHai="47" doraHaiUra="73" who="1" fromWho="0" sc="235,-23,255,33,235,0,265,0" /><INIT seed="1,2,0,4,5,75" ten="212,288,235,265" oya="1" hai0="40,125,134,33,65,106,58,91,96,90,101,32,45" hai1="124,31,132,12,80,73,93,11,108,99,1,120,112" hai2="22,116,62,56,19,127,30,86,27,123,70,85,69" hai3="118,119,66,20,114,129,9,10,13,79,16,34,83"/><U0/><E120/><V111/><F111/><W110/><G110/><T64/><D125/><U94/><E112/><V6/><F127/><W59/><G114/><T97/><D134/><U50/><E124/><V53/><F116/><N who="3" m="44587" /><G34/><T61/><D65/><U17/><E108/><V126/><F123/><W63/><G129/><T36/><REACH who="0" step="1"/><D91/><REACH who="0" ten="202,288,235,265" step="2"/><U2/><E132/><V72/><F126/><W54/><G66/><T23/><D23/><U14/><E31/><V7/><F30/><W25/><G25/><T47/><D47/><U103/><E0/><V113/><F113/><W84/><AGARI ba="2,1" hai="9,10,13,16,20,54,59,63,79,83,84" m="44587" machi="84" ten="30,4000,0" yaku="12,1,52,1,54,1" doraHai="75" who="3" fromWho="3" sc="202,-12,288,-22,235,-12,265,56" /><INIT seed="2,0,0,3,5,114" ten="190,266,223,321" oya="2" hai0="35,61,98,68,14,1,10,128,28,30,40,87,123" hai1="99,79,21,5,115,121,104,62,58,126,15,18,133" hai2="36,39,2,74,69,25,100,75,95,53,131,77,107" hai3="63,81,6,8,103,16,110,0,84,122,82,59,112"/><V37/><F95/><W113/><G122/><T60/><D123/><U23/><E115/><N who="3" m="44106" /><G110/><T52/><D128/><U26/><E126/><V106/><F53/><N who="3" m="34287" /><G103/><T108/><D1/><U19/><E133/><V134/><F100/><W32/><G32/><T56/><D108/><U135/><E135/><V34/><F134/><W47/><G47/><T41/><D98/><U46/><E46/><V111/><F111/><W92/><G16/><N who="0" m="8279" /><D68/><U117/><E117/><V71/><F131/><W42/><G42/><N who="0" m="16491" /><D35/><U118/><E118/><V116/><F116/><W76/><G82/><T70/><D70/><N who="2" m="26634" /><F77/><W13/><G92/><T119/><D119/><U64/><E79/><V130/><F130/><W33/><G33/><T105/><D105/><N who="2" m="39946" /><F2/><AGARI ba="0,0" hai="0,2,6,8,13,76,81,84" m="34287,44106" machi="2" ten="30,1000,0" yaku="11,1" doraHai="114" who="3" fromWho="2" sc="190,0,266,0,223,-10,321,10" /><INIT seed="3,0,0,0,1,63" ten="190,266,213,331" oya="3" hai0="49,52,16,109,72,108,130,15,95,114,7,0,51" hai1="74,62,134,47,88,56,13,2,124,110,103,30,76" hai2="23,93,115,60,105,33,102,106,18,96,83,28,38" hai3="17,21,135,19,36,34,89,92,58,116,90,3,123"/><W122/><G116/><T99/><D72/><U55/><E2/><V111/><F115/><W35/><G36/><T43/><D130/><U79/><E110/><N who="0" m="42601" /><D114/><U27/><E74/><V118/><F118/><W14/><G3/><T5/><D0/><U25/><E103/><V57/><F38/><W42/><G135/><T73/><D73/><U53/><E124/><V1/><F1/><W126/><G126/><T100/><D49/><U120/><E120/><V67/><F111/><W107/><G107/><T20/><D43/><U6/><E6/><V66/><F66/><W127/><G127/><T24/><D24/><U32/><E25/><N who="2" m="16447" /><F33/><W68/><G68/><T82/><D82/><U98/><E13/><V91/><F18/><W121/><G42/><T85/><D85/><AGARI ba="0,0" hai="57,60,67,83,85,91,93,96,102,105,106" m="16447" machi="85" ten="30,2000,0" yaku="25,1,52,1" doraHai="63" who="2" fromWho="0" sc="190,-20,266,0,213,20,331,0" owari="170,-33.0,266,6.6,233,-16.7,331,43.1" /></mjloggm>