<mjloggm ver="2.3"><GO type="225" lobby="0"/><UN n0="%E3%81%8F%E3%81%BE%E3%81%96%E3%82%8F" n1="%33%74%72%65%65" n2="%E5%A4%8F%E9%88%B4%E9%88%B4%E5%A4%8F" n3="%E6%97%A5%E6%9B%9C%E6%97%A5%E3%82%88%E3%82%8A%E3%81%AE%E4%BD%BF%E8%80%85" dan="16,17,16,17" rate="2043.77,2235.63,2103.80,2161.22" sx="M,F,M,M"/><TAIKYOKU oya="0"/><INIT seed="0,0,0,5,0,93" ten="250,250,250,250" oya="0" hai0="125,3,68,118,105,15,56,90,31,16,98,84,41" hai1="42,114,71,11,120,18,29,60,123,36,26,53,102" hai2="113,64,127,14,30,111,116,33,58,82,100,48,50" hai3="78,9,128,97,76,62,65,57,24,94,95,63,1"/><T38/><D118/><U74/><E114/><V70/><F113/><W28/><G128/><T46/><D3/><U32/><E74/><V7/><F116/><W87/><G1/><T132/><D68/><U37/><E37/><V81/><F70/><W34/><G9/><T45/><D125/><U17/><E36/><V134/><F100/><W106/><G106/><T122/><D122/><U66/><E42/><V13/><F30/><W109/><G109/><T61/><D31/><U99/><E53/><V47/><F33/><W85/><G63/><T107/><D46/><U135/><E135/><V0/><F0/><W86/><REACH who="3" step="1"/><G94/><REACH who="3" ten="250,250,250,240" step="2"/><T92/><D132/><U117/><E117/><V6/><F111/><W77/><G77/><T10/><REACH who="0" step="1"/><D84/><REACH who="0" ten="240,250,250,240" step="2"/><U91/><E123/><V88/><F134/><W2/><G2/><T83/><D83/><U4/><E120/><V131/><F82/><W39/><G39/><T25/><D25/><U40/><E26/><V55/><F81/><W75/><G75/><T112/><D112/><U59/><E32/><V52/><F127/><W119/><G119/><T79/><D79/><U72/><E72/><V115/><F115/><W21/><G21/><T133/><D133/><U8/><E29/><V54/><F13/><W89/><AGARI ba="0,2" hai="24,28,34,57,62,65,76,78,85,86,87,89,95,97" machi="89" ten="30,4000,0" yaku="1,1,0,1,52,1,53,0" doraHai="93" doraHaiUra="108" who="3" fromWho="3" sc="240,-20,250,-10,250,-10,240,60" /><INIT seed="1,0,0,2,4,114" ten="220,240,240,300" oya="1" hai0="98,21,47,121,135,79,35,4,105,12,82,30,59" hai1="22,75,43,29,122,9,117,52,107,15,83,2,132" hai2="26,103,38,81,88,86,17,31,120,46,32,62,109" hai3="108,1,71,0,89,90,68,48,61,126,18,106,44"/><U49/><E122/><V76/><F120/><W45/><G106/><T56/><D121/><U58/><E107/><V20/><F109/><W130/><G18/><T129/><D135/><U28/><E132/><V84/><F103/><W123/><G123/><T119/><D35/><U37/><E117/><V66/><F46/><W124/><G108/><T51/><D129/><U3/><E3/><N who="3" m="1098" /><G61/><T60/><D119/><U87/><E75/><V85/><F38/><W96/><G96/><T134/><D134/><U41/><E2/><V16/><F32/><W74/><G74/><T128/><D4/><N who="1" m="3495" /><E37/><V64/><F85/><W95/><G95/><T7/><D7/><U14/><E14/><V8/><F8/><W13/><G13/><T112/><D12/><U127/><E29/><V6/><F6/><W5/><G5/><T34/><D34/><U67/><E67/><N who="2" m="25643" /><F62/><W40/><G71/><T97/><D60/><U99/><E99/><N who="0" m="37897" /><D105/><U133/><E133/><V10/><F10/><W33/><G68/><T70/><D70/><U65/><E127/><N who="3" m="48682" /><G33/><T50/><D112/><U113/><E113/><V39/><F39/><N who="3" m="21535" /><G130/><T116/><D128/><U93/><E65/><V69/><F69/><W131/><G131/><T100/><D47/><U42/><E42/><AGARI ba="0,0" hai="42,45,48,89,90" m="21535,48682,1098" machi="42" ten="30,1000,0" yaku="18,1" doraHai="114" who="3" fromWho="1" sc="220,0,240,-10,240,0,300,10" /><INIT seed="2,0,0,5,2,55" ten="220,230,240,310" oya="2" hai0="4,127,27,33,91,58,6,114,35,15,47,38,41" hai1="75,29,134,66,10,83,120,135,39,28,90,7,121" hai2="130,131,78,5,64,87,11,50,14,36,60,128,69" hai3="84,40,82,0,54,112,126,125,30,21,102,18,23"/><V132/><F36/><W115/><G0/><T44/><D114/><N who="3" m="43561" /><G40/><T97/><D127/><N who="3" m="48649" /><G102/><T16/><D47/><U42/><E42/><V13/><F132/><N who="1" m="50729" /><E39/><V3/><F50/><W93/><G93/><T117/><D117/><U86/><E75/><V8/><F8/><W48/><G30/><N who="1" m="11882" /><E66/><V25/><F25/><W77/><G18/><T31/><D35/><U107/><E107/><V51/><F51/><W108/><G108/><T98/><D4/><U89/><E89/><V67/><F67/><W9/><G9/><T2/><D91/><U71/><E71/><V61/><F61/><W46/><AGARI ba="0,0" hai="21,23,46,48,54,77,82,84" m="48649,43561" machi="46" ten="30,2000,0" yaku="11,1,18,1" doraHai="55" who="3" fromWho="3" sc="220,-5,230,-5,240,-10,310,20" /><INIT seed="3,0,0,5,1,27" ten="215,225,230,330" oya="3" hai0="68,56,20,80,8,131,78,135,87,133,31,53,73" hai1="125,26,64,23,114,70,37,62,112,84,25,118,44" hai2="54,104,107,74,134,126,71,102,113,108,35,48,82" hai3="93,13,117,103,67,76,90,61,57,130,40,33,59"/><W97/><G33/><T72/><D68/><U21/><E125/><V24/><F113/><W52/><G117/><T123/><D123/><U19/><E118/><V79/><F71/><W105/><G130/><T9/><D131/><U115/><E84/><V89/><F102/><W96/><G40/><T122/><D122/><U99/><E99/><V15/><F126/><W51/><G13/><T121/><D121/><U77/><E77/><V6/><F89/><W18/><G18/><T100/><D100/><U132/><E132/><N who="0" m="50761" /><D72/><U106/><E106/><V3/><F3/><W50/><G76/><T42/><D42/><U60/><E60/><AGARI ba="0,0" hai="50,51,52,57,59,60,61,67,90,93,96,97,103,105" machi="60" ten="30,2900,0" yaku="7,1,54,1" doraHai="27" who="3" fromWho="1" sc="215,0,225,-29,230,0,330,29" owari="215,-18.5,196,-30.4,230,3.0,359,45.9" /></mjloggm>