<mjloggm ver="2.3"><GO type="225" lobby="0"/><UN n0="%E7%AD%89%E3%80%85%E5%8A%9B%E5%8A%87%E5%A0%B4" n1="%65%6B%61%72%75%74%65" n2="%E3%83%B4%E3%83%A0%EF%BC%99%E3%81%A6" n3="%E5%84%AA%40%41%42%43" dan="16,16,17,18" rate="2146.06,2202.45,2196.25,2244.30" sx="M,M,M,M"/><TAIKYOKU oya="0"/><INIT seed="0,0,0,0,2,108" ten="250,250,250,250" oya="0" hai0="6,26,78,51,123,66,79,69,42,47,83,87,70" hai1="86,127,63,98,114,124,30,100,3,48,92,44,113" hai2="49,116,73,25,122,75,115,57,14,74,61,68,128" hai3="46,27,109,121,94,60,102,53,126,55,41,45,76"/><T110/><D123/><U103/><E3/><V50/><F122/><W19/><G109/><T36/><D110/><U21/><E63/><V82/><F68/><W117/><G117/><T72/><D6/><U132/><E132/><V33/><F116/><W65/><G126/><N who="1" m="48170" /><E86/><V52/><F128/><W120/><G76/><T20/><D66/><U7/><E7/><V0/><F0/><W90/><G102/><N who="1" m="38954" /><E21/><V4/><F82/><W58/><G120/><T59/><D72/><U32/><E30/><V29/><REACH who="2" step="1"/><F115/><REACH who="2" ten="250,250,240,250" step="2"/><N who="1" m="44041" /><E32/><V56/><F56/><W40/><G58/><T13/><D59/><U129/><E129/><V81/><F81/><W93/><G121/><T99/><D83/><U107/><E107/><V77/><F77/><W39/><G94/><T133/><D79/><U15/><E15/><V131/><F131/><W112/><G93/><T101/><D13/><U43/><E92/><V119/><F119/><W95/><G112/><T111/><D78/><U37/><E98/><V84/><F84/><W24/><G95/><T10/><D87/><U104/><E104/><V96/><F96/><W130/><G130/><T23/><D99/><U28/><E28/><V5/><F5/><W34/><G34/><T105/><D105/><U31/><E31/><V35/><F35/><W9/><G27/><T8/><D26/><U89/><E89/><V38/><F38/><AGARI ba="0,1" hai="37,38,43,44,48" m="44041,38954,48170" machi="38" ten="40,8000,1" yaku="18,1,11,1,52,3" doraHai="108" who="1" fromWho="2" sc="250,0,250,90,240,-80,250,0" /><INIT seed="1,0,0,1,0,86" ten="250,340,160,250" oya="1" hai0="35,94,66,50,95,105,89,129,72,30,17,82,8" hai1="0,58,70,26,85,126,130,57,107,67,73,33,108" hai2="5,24,96,44,104,3,78,7,91,60,39,12,4" hai3="102,41,115,123,52,106,64,38,131,6,77,31,9"/><U122/><RYUUKYOKU type="yao9" ba="0,0" sc="250,0,340,0,160,0,250,0" hai1="0,26,33,57,58,67,70,73,85,107,108,122,126,130" /><INIT seed="1,1,0,5,5,86" ten="250,340,160,250" oya="1" hai0="16,134,27,98,62,19,40,10,12,109,94,81,104" hai1="65,110,68,114,135,96,24,11,8,45,60,9,22" hai2="57,54,44,46,64,113,105,35,67,3,122,118,131" hai3="87,37,39,43,34,80,82,30,91,48,78,128,83"/><U33/><E114/><V56/><F3/><W127/><G128/><T89/><D109/><U92/><E110/><V70/><F35/><W63/><G127/><T90/><D134/><U71/><E135/><V21/><F21/><W121/><G121/><T126/><D126/><U38/><E33/><V123/><F105/><W51/><G63/><T7/><D104/><U79/><E79/><V124/><F124/><W13/><G34/><T73/><D40/><U1/><E38/><V103/><F103/><W36/><G30/><T4/><D62/><U133/><E45/><V29/><F29/><W99/><G99/><N who="0" m="57807" /><D73/><U75/><E75/><V107/><F107/><W52/><G13/><N who="0" m="7223" /><D27/><U59/><E1/><V95/><F131/><W49/><G43/><T132/><D132/><U111/><E111/><V6/><F113/><W23/><G23/><N who="0" m="11751" /><D81/><U125/><E125/><V47/><F118/><W17/><G17/><T61/><D61/><U32/><E32/><V77/><F70/><W129/><G129/><T119/><D119/><U74/><E74/><V97/><F123/><W120/><G120/><T76/><D76/><U130/><E130/><V115/><F77/><W15/><G15/><T20/><D20/><U101/><REACH who="1" step="1"/><E133/><REACH who="1" ten="250,330,160,250" step="2"/><V116/><F115/><W53/><G78/><T55/><D4/><U50/><E50/><V5/><F122/><W31/><G31/><AGARI ba="1,1" hai="8,9,11,22,24,31,59,60,65,68,71,92,96,101" machi="31" ten="40,7700,0" yaku="1,1,25,2,53,0" doraHai="86" doraHaiUra="69" who="1" fromWho="3" sc="250,0,330,90,160,0,250,-80" /><INIT seed="1,2,0,4,3,108" ten="250,420,160,170" oya="1" hai0="113,125,128,77,104,129,25,19,44,67,91,27,28" hai1="29,13,106,86,117,109,74,59,111,110,65,54,30" hai2="16,66,93,37,114,73,3,126,119,45,98,82,81" hai3="80,97,11,121,56,83,103,2,130,131,105,85,75"/><U41/><E117/><V96/><F119/><W84/><G56/><T15/><D104/><U107/><E74/><V133/><F3/><W63/><G63/><T116/><D116/><U23/><E65/><V60/><F126/><W22/><G22/><T8/><D77/><U53/><E86/><N who="3" m="33386" /><G11/><T7/><D67/><U42/><E13/><V14/><F133/><W1/><G2/><T51/><D91/><U123/><E123/><V118/><F118/><W100/><G1/><T101/><D101/><N who="3" m="38985" /><G121/><T99/><D19/><U71/><E71/><V20/><F81/><N who="3" m="31307" /><G75/><T36/><D36/><U64/><E64/><V21/><F82/><W40/><G40/><N who="1" m="15466" /><E23/><V35/><F73/><W34/><G34/><T115/><D15/><U33/><E33/><V134/><F35/><W49/><G49/><T46/><D51/><N who="1" m="31167" /><E54/><V32/><F32/><W87/><N who="3" m="33394" /><W9/><DORA hai="12" /><G9/><T90/><D8/><U4/><E4/><V55/><F21/><W52/><G52/><T78/><D7/><U18/><E18/><V92/><F37/><W61/><G61/><T24/><D28/><AGARI ba="2,0" hai="28,29,30,106,107,109,110,111" m="31167,15466" machi="28" ten="40,3900,0" yaku="14,1,10,1" doraHai="108,12" who="1" fromWho="0" sc="250,-45,420,45,160,0,170,0" /><INIT seed="1,3,0,5,3,70" ten="205,465,160,170" oya="1" hai0="67,132,71,89,116,19,91,83,82,0,99,78,32" hai1="40,1,122,35,10,87,34,63,2,6,68,93,98" hai2="119,97,104,38,30,15,80,95,20,37,92,47,110" hai3="33,4,39,13,36,105,22,106,134,72,16,65,81"/><U42/><E122/><V56/><F119/><W130/><G33/><T55/><D0/><U90/><E1/><V61/><F104/><W52/><G65/><T118/><D32/><U57/><E68/><V131/><F110/><W64/><G64/><T101/><D67/><U128/><E128/><V117/><F117/><W28/><G130/><T23/><D71/><U100/><E34/><V125/><F131/><W14/><G28/><T109/><D109/><U108/><E35/><V73/><F47/><W102/><G134/><T69/><D69/><U9/><E9/><V113/><F113/><W96/><G106/><T123/><D132/><U53/><REACH who="1" step="1"/><E108/><REACH who="1" ten="205,455,160,170" step="2"/><V3/><F3/><W17/><G4/><T127/><D123/><U7/><E7/><V29/><F20/><W48/><G72/><T135/><D23/><U31/><E31/><V45/><F29/><W77/><G77/><T115/><D78/><U88/><E88/><V25/><F30/><W41/><G17/><T121/><D91/><U103/><E103/><V129/><F73/><W79/><G79/><T76/><D89/><U18/><E18/><V114/><F129/><W21/><G22/><T94/><D19/><U62/><E62/><V74/><F74/><W66/><G13/><T84/><D121/><U58/><E58/><V107/><F15/><W12/><G14/><T120/><D120/><U26/><E26/><V43/><F25/><W11/><G21/><T111/><D118/><U126/><E126/><V85/><F125/><W49/><G16/><T27/><D116/><U5/><E5/><V112/><F61/><RYUUKYOKU ba="3,1" sc="205,-10,455,30,160,-10,170,-10" hai1="2,6,10,40,42,53,57,63,87,90,93,98,100" /><INIT seed="1,4,1,5,3,130" ten="195,485,150,160" oya="1" hai0="26,93,12,88,67,0,69,36,21,94,56,86,117" hai1="119,78,64,105,5,116,135,84,46,70,31,34,121" hai2="75,83,27,80,124,54,118,28,8,112,38,82,25" hai3="115,126,48,52,114,42,102,111,98,110,92,133,55"/><U50/><E121/><V96/><F118/><W13/><G126/><T4/><D117/><U95/><E105/><V11/><F124/><W37/><G37/><T123/><D36/><U73/><E5/><V59/><F75/><W23/><G42/><T20/><D123/><U35/><E70/><V134/><F38/><W32/><G32/><T71/><D0/><U79/><E64/><V9/><F112/><W132/><G114/><T113/><D113/><U103/><E31/><V81/><N who="2" m="20480" /><DORA hai="63" /><V61/><F134/><N who="3" m="51819" /><G115/><T129/><D129/><U89/><E103/><V72/><F72/><W22/><G55/><T30/><D71/><U65/><E79/><V18/><F28/><W97/><G98/><T101/><D69/><U40/><E78/><V120/><F120/><W33/><G33/><T131/><D131/><U29/><E35/><V108/><F108/><N who="3" m="41515" /><G13/><T125/><D12/><U19/><E34/><V85/><F85/><W62/><G62/><T122/><D86/><U44/><E40/><V104/><F96/><W99/><G99/><T49/><D125/><U1/><E84/><V10/><F104/><W45/><AGARI ba="4,1" hai="22,23,45,48,52,92,97,102" m="41515,51819" machi="45" ten="30,12000,2" yaku="20,1,14,1,52,3,54,1" doraHai="130,63" who="3" fromWho="3" sc="195,-34,485,-64,150,-34,160,142" /><INIT seed="2,0,0,5,1,3" ten="161,421,116,302" oya="2" hai0="112,120,0,76,20,70,103,12,127,72,23,34,119" hai1="123,54,132,10,55,58,29,69,62,106,101,92,97" hai2="27,26,111,102,90,24,83,4,79,39,82,107,61" hai3="17,52,121,77,32,33,64,89,21,87,105,47,65"/><V46/><F111/><W67/><G105/><T28/><D23/><U117/><E117/><V88/><F61/><W13/><G121/><T134/><D12/><U5/><E69/><V78/><F4/><W95/><G77/><T37/><D20/><U8/><E29/><V6/><F6/><W84/><G84/><T133/><D28/><U25/><E106/><V57/><F57/><W114/><G114/><T31/><D31/><U44/><E25/><V49/><F39/><W130/><G130/><T63/><D103/><U91/><E101/><V36/><F36/><W53/><REACH who="3" step="1"/><G47/><REACH who="3" ten="161,421,116,292" step="2"/><T59/><D76/><U73/><E44/><V38/><F38/><W22/><G22/><T98/><D37/><U80/><E123/><V122/><F122/><W35/><AGARI ba="0,1" hai="13,17,21,32,33,35,52,53,64,65,67,87,89,95" machi="35" ten="40,8000,1" yaku="1,1,0,1,54,1,53,1" doraHai="3" doraHaiUra="19" who="3" fromWho="3" sc="161,-20,421,-20,116,-40,292,90" /><INIT seed="3,0,0,3,0,131" ten="141,401,76,382" oya="3" hai0="134,46,79,68,12,45,100,78,5,93,76,55,30" hai1="20,113,112,65,133,80,32,36,88,6,81,118,7" hai2="128,31,116,111,51,109,38,83,34,13,61,123,75" hai3="89,101,86,17,67,9,120,102,106,16,4,125,0"/><W85/><G120/><T74/><D74/><U103/><E32/><V54/><F116/><W26/><G125/><T10/><D68/><U105/><E36/><V40/><F123/><W98/><G102/><T71/><D71/><U27/><E118/><V124/><F128/><W84/><G67/><T96/><D134/><U3/><E133/><V43/><F124/><W97/><REACH who="3" step="1"/><G26/><REACH who="3" ten="141,401,76,372" step="2"/><T82/><D100/><U21/><E65/><V35/><F13/><W47/><G47/><T57/><D46/><U11/><E112/><V73/><F61/><W70/><G70/><T63/><D45/><U122/><E113/><V66/><F66/><W99/><G99/><T107/><D96/><U130/><E122/><V28/><F51/><W56/><G56/><T72/><D57/><U62/><E130/><V129/><F129/><W14/><G14/><T64/><D64/><U1/><E62/><V126/><F126/><W15/><G15/><T110/><D63/><U18/><E103/><V8/><F38/><W115/><G115/><T114/><D114/><U42/><E105/><V37/><F37/><W117/><G117/><T41/><D107/><U127/><E127/><V108/><F108/><W24/><G24/><T69/><D69/><U22/><E42/><V44/><F44/><W59/><G59/><T39/><D41/><U92/><E3/><V77/><F54/><W25/><G25/><T2/><D55/><U135/><E135/><V104/><F104/><W52/><G52/><T132/><D110/><U60/><E60/><V121/><F121/><W94/><AGARI ba="0,1" hai="0,4,9,16,17,84,85,86,89,94,97,98,101,106" machi="94" ten="30,11700,0" yaku="1,1,0,1,54,1,53,1" doraHai="131" doraHaiUra="90" who="3" fromWho="3" sc="141,-39,401,-39,76,-39,372,127" owari="102,-29.8,362,16.2,37,-46.3,499,59.9" /></mjloggm>