<mjloggm ver="2.3"><GO type="225" lobby="0"/><UN n0="%77%72%77%72%77%72%77%72" n1="%E3%83%81%E3%83%AF%E3%83%AF%E9%9A%8A%E9%95%B7" n2="%E5%91%A8%E6%9D%B1" n3="%E3%82%BC%E3%83%AB%E3%83%80%E3%81%AE%E4%BC%9D%E8%AA%AC" dan="17,16,17,18" rate="2246.60,2174.86,2199.41,2214.81" sx="M,M,M,M"/><TAIKYOKU oya="0"/><INIT seed="0,0,0,0,1,133" ten="250,250,250,250" oya="0" hai0="67,76,8,57,124,22,86,81,49,33,70,64,127" hai1="45,85,131,53,29,119,37,121,46,59,90,66,7" hai2="10,101,120,2,63,93,116,71,79,60,13,19,87" hai3="129,15,0,24,54,118,41,5,52,84,69,21,47"/><T134/><D33/><U36/><E119/><V111/><F120/><W107/><G118/><T12/><D70/><U82/><E121/><V98/><F116/><W26/><G107/><T40/><D22/><U132/><E132/><V122/><F122/><W135/><G135/><T56/><D134/><U35/><E131/><V50/><F71/><W74/><G74/><T113/><D113/><U73/><E73/><V128/><F128/><W30/><G129/><T48/><D48/><U108/><E108/><V14/><F2/><W44/><G69/><T100/><D100/><U51/><E7/><V105/><F111/><W125/><G0/><T80/><D80/><U43/><E66/><V117/><F117/><W6/><G125/><N who="0" m="48203" /><D57/><U110/><E110/><V17/><F50/><W23/><G41/><T25/><D25/><U20/><E35/><V9/><F105/><W31/><G15/><T65/><D56/><U112/><E59/><V42/><F42/><W126/><G126/><T88/><D76/><U123/><E112/><V18/><F18/><W34/><G34/><T77/><D77/><U114/><E114/><V96/><F96/><W72/><G72/><T3/><D3/><U38/><E123/><V115/><F115/><W91/><G91/><T109/><D109/><U16/><E29/><V92/><F79/><W83/><G83/><T103/><D103/><U102/><E102/><V28/><F28/><W39/><G84/><T104/><D104/><U95/><E82/><V32/><F32/><W78/><G78/><T27/><D27/><AGARI ba="0,0" hai="16,20,27,36,37,38,43,45,46,51,53,85,90,95" machi="27" ten="30,2000,0" yaku="7,1,54,1" doraHai="133" who="1" fromWho="0" sc="250,-20,250,20,250,0,250,0" /><INIT seed="1,0,0,5,3,93" ten="230,270,250,250" oya="1" hai0="120,79,103,52,82,84,45,59,125,47,66,135,90" hai1="29,75,130,56,7,89,124,91,64,19,65,42,34" hai2="25,18,14,132,114,69,9,110,35,116,11,36,111" hai3="106,109,81,27,86,119,76,101,107,63,55,121,15"/><U41/><E75/><V100/><F69/><W134/><G121/><T23/><D120/><U10/><E124/><V71/><F71/><W43/><G109/><N who="2" m="41481" /><F36/><W73/><G134/><T54/><D135/><U16/><E130/><V70/><F70/><W115/><G115/><T88/><D125/><U62/><E64/><V50/><F132/><W53/><G119/><T94/><D94/><U99/><BYE who="0" /><E34/><V61/><F61/><UN n0="%77%72%77%72%77%72%77%72" /><W92/><G43/><N who="1" m="16394" /><E29/><N who="2" m="19887" /><F50/><W118/><G118/><T60/><D103/><U26/><E7/><V12/><F100/><W128/><G128/><T30/><D30/><U48/><E48/><V123/><F123/><W51/><G27/><T33/><D33/><U98/><E26/><V17/><F116/><W113/><G113/><AGARI ba="0,0" hai="9,11,12,14,17,18,113,114" m="19887,41481" machi="113" ten="30,3900,0" yaku="14,1,34,2" doraHai="93" who="2" fromWho="3" sc="230,0,270,0,250,39,250,-39" /><INIT seed="2,0,0,5,3,3" ten="230,270,289,211" oya="2" hai0="65,63,39,62,44,30,117,66,1,119,127,47,68" hai1="64,4,129,132,84,53,116,94,76,42,26,67,31" hai2="86,27,102,32,92,121,15,22,93,79,78,17,112" hai3="100,40,41,23,69,49,6,83,133,51,125,99,103"/><V0/><F121/><W10/><G69/><N who="0" m="42167" /><D30/><U80/><E116/><N who="0" m="44617" /><D1/><U113/><E113/><V104/><F112/><W118/><G118/><T8/><D8/><U72/><E129/><V57/><F104/><W43/><G125/><T111/><D127/><U75/><E132/><V13/><F0/><W115/><G115/><T59/><D111/><U106/><E106/><V5/><F102/><W89/><G133/><T90/><D90/><U96/><E42/><V19/><F57/><W37/><G37/><T28/><D28/><U85/><E72/><V110/><F110/><W45/><G23/><T12/><D12/><U11/><E75/><V109/><F109/><W88/><G45/><N who="0" m="17483" /><D39/><U50/><E31/><V108/><F108/><W35/><G35/><T25/><D25/><U36/><E26/><V81/><F79/><W107/><G100/><T48/><D48/><U7/><E36/><V52/><F32/><W16/><G16/><T82/><D82/><U24/><E24/><V2/><F2/><W73/><G73/><T14/><D14/><U114/><E114/><V18/><F15/><N who="3" m="5591" /><G89/><T123/><D123/><U98/><E11/><N who="2" m="4335" /><F93/><W58/><G51/><T131/><D131/><U20/><E20/><V87/><F92/><W74/><G74/><T95/><D95/><U46/><E96/><V55/><F87/><N who="3" m="50303" /><G49/><T126/><D126/><U124/><E124/><V38/><F38/><W54/><G40/><T61/><D61/><U91/><E85/><V21/><F21/><W128/><G128/><T9/><D9/><U130/><E130/><V135/><F135/><W120/><G120/><RYUUKYOKU ba="0,0" sc="230,0,270,0,289,0,211,0" hai0="59,63,66,68" hai1="4,7,46,50,53,64,67,76,80,84,91,94,98" hai2="17,18,19,22,27,52,55,78,81,86" hai3="41,43,54,58,99,103,107" /><INIT seed="2,1,0,3,5,62" ten="230,270,289,211" oya="2" hai0="77,41,14,68,42,108,72,15,25,20,127,18,16" hai1="111,59,96,113,125,26,67,91,84,4,101,50,22" hai2="69,23,64,123,63,93,56,40,46,55,51,99,24" hai3="7,71,133,92,30,94,82,98,5,61,1,37,131"/><V97/><F123/><W19/><G37/><T35/><D68/><U87/><E113/><V3/><F3/><W132/><G30/><T118/><D108/><U109/><E125/><V44/><F93/><W10/><G131/><T52/><D127/><U134/><E134/><N who="3" m="51818" /><G82/><T9/><D118/><U110/><E4/><N who="3" m="1610" /><G98/><T2/><D2/><U81/><E87/><V21/><F21/><W121/><G121/><T120/><D120/><U39/><E39/><V115/><F115/><W117/><G117/><T88/><D77/><U74/><E74/><V130/><F130/><W126/><G126/><T80/><D72/><U12/><E96/><V100/><F100/><W48/><G48/><T116/><D116/><U0/><E101/><V85/><F85/><W6/><G19/><N who="0" m="8655" /><D35/><U73/><E73/><V33/><F33/><W78/><G78/><T128/><D128/><U70/><E0/><V47/><REACH who="2" step="1"/><F40/><REACH who="2" ten="230,270,279,211" step="2"/><W13/><G1/><T129/><D129/><U119/><E119/><V75/><F75/><W95/><G94/><T90/><D41/><U8/><E109/><V76/><F76/><W34/><G34/><T104/><D42/><U66/><E110/><V83/><F83/><W122/><G122/><T53/><D104/><U58/><E111/><V32/><F32/><W107/><G107/><T105/><D105/><U112/><E81/><V36/><F36/><W49/><G95/><T103/><D103/><U124/><E112/><V27/><F27/><W135/><G92/><T106/><D106/><U114/><E124/><V38/><F38/><W102/><N who="3" m="51826" /><W31/><DORA hai="28" /><G102/><RYUUKYOKU ba="1,1" sc="230,-10,270,-10,279,30,211,-10" hai2="23,24,44,46,47,51,55,56,63,64,69,97,99" /><INIT seed="2,2,1,2,2,116" ten="220,260,309,201" oya="2" hai0="32,59,33,34,109,67,76,64,28,106,133,96,73" hai1="30,42,108,87,95,79,102,16,41,20,81,6,38" hai2="90,69,120,8,111,27,43,53,2,26,125,56,115" hai3="74,98,83,0,118,80,45,35,71,99,4,101,94"/><V1/><F115/><W51/><G118/><T121/><D121/><U119/><E119/><V92/><F120/><W48/><G71/><T24/><D109/><U127/><E108/><V14/><F69/><W93/><G35/><T112/><D112/><U58/><E127/><V65/><F65/><W29/><G74/><T84/><D73/><U85/><E38/><V91/><F125/><W66/><G66/><T126/><D126/><U18/><E6/><V78/><F78/><W63/><G63/><T52/><D133/><U135/><E135/><V7/><F43/><N who="1" m="16393" /><E58/><V72/><F72/><W57/><G29/><T117/><D117/><U75/><E75/><V25/><F111/><W36/><G36/><T62/><D64/><U31/><E18/><V54/><F91/><N who="3" m="55615" /><G0/><T97/><D67/><U44/><E44/><V23/><F23/><W5/><G57/><T89/><D76/><U132/><E132/><V114/><F114/><W68/><G68/><T122/><D122/><U107/><E107/><V39/><F39/><W131/><G131/><T105/><D105/><U46/><E46/><V37/><F37/><W17/><G17/><T124/><D124/><U134/><E134/><V55/><REACH who="2" step="1"/><F56/><REACH who="2" ten="220,260,299,201" step="2"/><W77/><G77/><T15/><D34/><U128/><E79/><V9/><F9/><W13/><G45/><T50/><D33/><U49/><E20/><V61/><F61/><W86/><G51/><T60/><D60/><U47/><E49/><V110/><F110/><W130/><G48/><T11/><D62/><U123/><E123/><V12/><F12/><W70/><G13/><RYUUKYOKU ba="2,2" sc="220,-10,260,-10,299,30,201,-10" hai2="1,2,7,8,14,25,26,27,53,54,55,90,92" /><INIT seed="2,3,2,5,3,15" ten="210,250,329,191" oya="2" hai0="35,4,20,76,44,24,43,59,132,123,80,126,53" hai1="78,7,46,131,96,34,113,93,128,79,72,16,18" hai2="50,38,66,104,124,67,115,121,41,81,62,25,60" hai3="120,109,127,135,0,61,64,42,27,125,84,94,110"/><V1/><F104/><W28/><G120/><T91/><D123/><U45/><E34/><V98/><F1/><W54/><G135/><T117/><D132/><U37/><E7/><V101/><F121/><W70/><G0/><T100/><D35/><U56/><E113/><V118/><F115/><W89/><G54/><T134/><D134/><U48/><E37/><V97/><F118/><W90/><G90/><T106/><D117/><U13/><E56/><V32/><F38/><W21/><REACH who="3" step="1"/><G42/><REACH who="3" ten="210,250,329,181" step="2"/><T83/><D91/><U130/><E130/><V8/><F41/><W73/><G73/><T9/><D43/><U23/><E72/><V10/><F67/><W77/><G77/><T51/><D76/><U69/><E79/><V6/><F66/><W119/><G119/><T87/><D126/><AGARI ba="3,3" hai="21,27,28,61,64,70,84,89,94,109,110,125,126,127" machi="126" ten="40,2600,0" yaku="1,1,18,1,53,0" doraHai="15" doraHaiUra="108" who="3" fromWho="0" sc="210,-35,250,0,329,0,181,65" /><INIT seed="3,0,0,5,2,124" ten="175,250,329,246" oya="3" hai0="111,41,86,96,23,35,67,17,126,4,97,42,30" hai1="73,26,88,87,60,89,59,66,52,123,81,68,9" hai2="134,120,5,31,99,75,106,47,79,127,69,32,121" hai3="39,40,108,18,118,15,54,129,27,83,37,6,70"/><W93/><G70/><T44/><D126/><U135/><E123/><N who="2" m="47179" /><F127/><W113/><G93/><T128/><D4/><U22/><E135/><V34/><F134/><W112/><G54/><T49/><D111/><U115/><E115/><V116/><F116/><W62/><G62/><T64/><D42/><U82/><E9/><V16/><F69/><W78/><G27/><T29/><D35/><U84/><E73/><V45/><F5/><W119/><G6/><T57/><D64/><U80/><E80/><N who="2" m="45183" /><F16/><W33/><G18/><T90/><D67/><U74/><E74/><V43/><F31/><W85/><G108/><T72/><D72/><U125/><E125/><V8/><F8/><W131/><G33/><N who="2" m="12905" /><F43/><W103/><G15/><T109/><D109/><U53/><E68/><V132/><F132/><W107/><G40/><T2/><D2/><U11/><E11/><V28/><F28/><AGARI ba="0,0" hai="22,26,28,52,53,59,60,66,81,82,84,87,88,89" machi="28" ten="30,8000,1" yaku="7,1,9,1,8,1,54,2" doraHai="124" who="1" fromWho="2" sc="175,0,250,80,329,-80,246,0" owari="175,-32.5,330,43.0,249,4.9,246,-15.4" /></mjloggm>