<mjloggm ver="2.3"><GO type="225" lobby="0"/><UN n0="%77%72%77%72%77%72%77%72" n1="%E6%AF%9B%E8%8D%92%E3%82%8C%E3%83%BB%E3%82%B9%E3%83%9F%E3%82%B9" n2="%E3%82%A2%E3%82%A4%E3%82%B9%E3%83%86%E3%82%A3%E3%83%BC%E3%81%82%E3%81%B9" n3="%E5%B8%86%E7%AB%8B%E5%A4%8F%E8%A1%A3" dan="16,16,16,16" rate="2099.35,2030.97,2118.37,2098.65" sx="M,F,M,M"/><TAIKYOKU oya="0"/><INIT seed="0,0,0,1,2,49" ten="250,250,250,250" oya="0" hai0="88,63,17,93,107,98,134,79,50,112,42,23,72" hai1="83,57,133,122,53,101,46,124,18,58,40,20,77" hai2="13,44,86,126,55,5,78,116,96,51,123,56,110" hai3="75,45,30,80,82,121,131,127,97,12,70,94,128"/><T4/><D112/><U38/><E124/><V100/><F110/><W74/><G70/><T135/><D4/><U16/><E122/><V108/><F108/><W117/><G30/><T89/><D107/><U66/><E133/><N who="0" m="50697" /><D63/><U105/><E66/><V84/><F126/><W54/><G121/><T3/><D3/><U6/><E6/><V21/><F123/><W102/><G12/><T95/><D79/><U10/><E10/><V39/><F78/><W47/><G127/><T64/><D64/><U69/><E69/><V106/><F116/><W35/><G35/><T103/><D72/><N who="3" m="27689" /><G117/><T36/><D36/><U1/><E1/><V118/><F118/><W27/><G27/><N who="0" m="14831" /><D93/><U71/><E71/><V14/><F14/><W22/><G22/><T32/><D32/><U31/><E31/><V29/><F29/><W33/><G33/><T91/><D103/><U60/><E20/><V9/><F21/><W11/><G11/><T65/><D65/><U114/><E114/><V24/><F24/><W111/><G111/><T85/><D85/><N who="1" m="48367" /><E101/><V67/><REACH who="2" step="1"/><F67/><REACH who="2" ten="250,250,240,250" step="2"/><W28/><G28/><T104/><D104/><U62/><E105/><V73/><F73/><W41/><G131/><T0/><D0/><U8/><E8/><V129/><F129/><W15/><G128/><T92/><D98/><U120/><E120/><V119/><F119/><W43/><G15/><T115/><D115/><U34/><E34/><V109/><F109/><W81/><G97/><T90/><N who="0" m="22528" /><DORA hai="7" /><T132/><D132/><U48/><E38/><V52/><F52/><W2/><G2/><T19/><D19/><RYUUKYOKU ba="0,1" sc="250,10,250,10,240,10,250,-30" hai0="42,50,92,95" hai1="16,18,40,46,48,53,57,58,60,62" hai2="5,9,13,39,44,51,55,56,84,86,96,100,106" /><INIT seed="0,1,1,1,3,100" ten="260,260,250,220" oya="0" hai0="3,97,116,118,38,61,52,81,0,59,73,98,109" hai1="63,14,77,39,8,94,92,49,1,88,68,46,120" hai2="66,106,2,75,40,54,127,53,134,51,21,10,67" hai3="108,58,33,82,64,32,105,71,111,131,130,57,22"/><T84/><D73/><U112/><E120/><V135/><F75/><W124/><G124/><T125/><D125/><U119/><E119/><V41/><F127/><W132/><G132/><N who="2" m="50729" /><F106/><W12/><G82/><T60/><D38/><U114/><E1/><V7/><F21/><W43/><G43/><N who="2" m="16457" /><F54/><W50/><G105/><T115/><D115/><N who="1" m="44075" /><E77/><V20/><F20/><W45/><G33/><T126/><D126/><U74/><E74/><V103/><F103/><W87/><G32/><T96/><D109/><N who="3" m="42057" /><G22/><T5/><D0/><U121/><E121/><V47/><AGARI ba="1,1" hai="2,7,10,47,51,53,66,67" m="16457,50729" machi="47" ten="30,1100,0" yaku="20,1" doraHai="100" who="2" fromWho="2" sc="260,-6,260,-4,250,24,220,-4" /><INIT seed="1,0,0,3,3,83" ten="254,256,274,216" oya="1" hai0="128,84,58,100,126,21,41,6,70,44,89,134,27" hai1="29,40,60,95,92,77,88,102,73,13,90,98,123" hai2="3,135,30,129,107,31,131,42,45,96,28,116,23" hai3="48,62,2,20,109,52,57,74,105,55,16,132,61"/><U5/><E123/><V65/><F116/><W39/><G74/><T46/><D70/><U110/><E110/><V114/><F3/><W8/><G105/><T75/><D75/><U56/><E29/><V101/><F65/><W104/><G104/><T64/><D128/><N who="2" m="49226" /><F135/><W59/><G39/><T87/><D134/><U22/><E40/><V118/><F118/><W94/><G132/><T121/><D126/><U124/><E124/><V63/><F63/><W81/><G109/><T69/><D69/><U115/><E115/><V106/><F114/><W43/><G81/><T97/><D6/><U49/><E49/><N who="2" m="26807" /><F107/><W9/><G2/><T37/><D44/><U53/><E73/><V112/><F112/><W120/><G120/><T67/><D89/><U85/><E77/><V25/><AGARI ba="0,0" hai="23,25,28,30,31,96,101,106" m="26807,49226" machi="25" ten="30,1100,0" yaku="19,1" doraHai="83" who="2" fromWho="2" sc="254,-3,256,-5,274,11,216,-3" /><INIT seed="2,0,0,2,1,111" ten="251,251,285,213" oya="2" hai0="102,126,76,1,67,36,24,83,77,107,33,40,15" hai1="116,27,68,20,94,105,109,28,87,8,96,23,72" hai2="74,129,134,112,121,47,97,9,26,92,5,64,103" hai3="65,60,69,133,99,52,135,106,132,16,13,125,73"/><V117/><F117/><W124/><G73/><T93/><D1/><U101/><E109/><V35/><F121/><W84/><G84/><T43/><D107/><U100/><E116/><V89/><F74/><W81/><G81/><T79/><D126/><N who="3" m="48745" /><G52/><T54/><D36/><U118/><E118/><V18/><F64/><W62/><G62/><T98/><D67/><U55/><E68/><V127/><F127/><W56/><G99/><T29/><D15/><U110/><E110/><V39/><F39/><W6/><G106/><T82/><D54/><U113/><E113/><V7/><F112/><W122/><G122/><T123/><D123/><U57/><E72/><V42/><F103/><W115/><G115/><T2/><D2/><U61/><E8/><V88/><F89/><W50/><G50/><T131/><D131/><U45/><E45/><V30/><F129/><W3/><G3/><T78/><N who="0" m="19456" /><DORA hai="44" /><T128/><REACH who="0" step="1"/><D128/><REACH who="0" ten="241,251,285,213" step="2"/><U130/><E130/><V108/><F108/><W114/><G114/><T86/><D86/><U59/><E59/><V4/><F47/><W104/><G104/><T58/><D58/><U70/><E70/><V48/><F42/><AGARI ba="0,1" hai="24,29,33,40,42,43,82,83,93,98,102" m="19456" machi="42" ten="50,1600,0" yaku="1,1,53,0" doraHai="111,44" doraHaiUra="32,51" who="0" fromWho="2" sc="241,26,251,0,285,-16,213,0" /><INIT seed="3,0,0,1,0,65" ten="267,251,269,213" oya="3" hai0="133,10,74,30,25,98,13,38,135,24,116,0,22" hai1="78,104,55,112,49,68,110,42,129,32,89,21,41" hai2="33,15,59,103,60,28,132,26,124,54,48,23,119" hai3="92,16,63,50,64,69,131,20,106,46,53,107,29"/><W6/><G131/><T36/><D74/><U115/><E110/><V72/><F124/><W37/><G6/><T9/><D116/><U108/><E108/><V113/><F113/><W31/><G37/><T87/><D98/><U62/><E32/><V14/><F119/><W86/><G107/><T121/><D121/><U35/><E35/><V45/><F132/><N who="0" m="50762" /><D87/><U2/><E2/><V56/><F72/><W27/><REACH who="3" step="1"/><G106/><REACH who="3" ten="267,251,269,203" step="2"/><T7/><D38/><U4/><E104/><V40/><F103/><W85/><G85/><T61/><D36/><U75/><E129/><V83/><F33/><W80/><G80/><T101/><D7/><U84/><E115/><V109/><F109/><W76/><G76/><T58/><D0/><U19/><E112/><V77/><F83/><W97/><G97/><T5/><D5/><U57/><E4/><V34/><F77/><W122/><G122/><T81/><D81/><U12/><E78/><V52/><F34/><W11/><G11/><T96/><D9/><U43/><E75/><V123/><F123/><W93/><G93/><T126/><D10/><U88/><REACH who="1" step="1"/><E84/><REACH who="1" ten="267,241,269,203" step="2"/><V51/><AGARI ba="0,2" hai="14,15,23,26,28,40,45,48,51,52,54,56,59,60" machi="51" ten="20,5200,0" yaku="0,1,7,1,8,1,54,1" doraHai="65" who="2" fromWho="2" sc="267,-13,241,-13,269,72,203,-26" owari="254,5.4,228,-17.2,341,44.1,177,-32.3" /></mjloggm>