<mjloggm ver="2.3"><GO type="225" lobby="0"/><UN n0="%E3%83%B4%E3%83%A0%EF%BC%99%E3%81%A6" n1="%41%54%53%4D" n2="%E4%B8%8B%E6%AE%B5%E3%83%81%E3%82%A7%E3%83%AA%E3%83%BC" n3="%E9%80%9F%E6%B0%B4%E5%87%9B%E9%A6%99" dan="17,16,16,16" rate="2244.21,2121.37,2123.07,2122.15" sx="M,M,M,F"/><TAIKYOKU oya="0"/><INIT seed="0,0,0,0,0,70" ten="250,250,250,250" oya="0" hai0="3,48,40,126,69,7,16,102,123,113,108,121,67" hai1="18,86,30,120,36,44,46,47,88,101,23,2,96" hai2="22,9,72,21,82,19,97,33,27,32,80,53,71" hai3="43,130,83,91,122,35,87,25,114,133,4,75,12"/><T103/><D113/><U1/><E30/><V52/><F71/><W77/><G114/><T111/><D126/><U26/><E120/><V59/><F9/><W57/><G122/><T74/><D74/><U93/><REACH who="1" step="1"/><E36/><REACH who="1" ten="250,240,250,250" step="2"/><V56/><F97/><W54/><G133/><T98/><D123/><U28/><E28/><V31/><F72/><W14/><G75/><T115/><D121/><U100/><E100/><V127/><F127/><W131/><G131/><T99/><D102/><U119/><E119/><V129/><F129/><W49/><G130/><T110/><D98/><U118/><E118/><V90/><F31/><W62/><G35/><T92/><D115/><U45/><N who="1" m="11264" /><DORA hai="60" /><U15/><E15/><V79/><F32/><W128/><G14/><T37/><D37/><U20/><E20/><V73/><F33/><W0/><G12/><T24/><D99/><U13/><E13/><V42/><F22/><W85/><G128/><T10/><D103/><U84/><E84/><V134/><F134/><W81/><G25/><T112/><D24/><U29/><E29/><V135/><F135/><W8/><G43/><T117/><D112/><U65/><E65/><V107/><F42/><W61/><AGARI ba="0,1" hai="0,4,8,49,54,57,61,62,77,81,83,85,87,91" machi="61" ten="30,1100,0" yaku="0,1" doraHai="70,60" who="3" fromWho="3" sc="250,-5,240,-3,250,-3,250,21" /><INIT seed="1,0,0,1,4,83" ten="245,237,247,271" oya="1" hai0="2,21,40,63,35,13,32,20,16,84,115,129,23" hai1="7,58,15,100,41,10,39,102,104,127,57,73,52" hai2="82,38,96,112,56,4,14,48,9,22,98,64,103" hai3="45,81,72,53,85,134,86,30,67,27,91,128,19"/><U117/><E73/><V95/><F38/><W122/><G122/><T68/><D40/><U6/><E117/><V46/><F112/><W114/><G72/><T18/><D115/><U133/><E133/><V3/><F3/><W107/><G107/><T94/><D2/><U55/><E127/><V118/><F118/><W108/><G114/><T126/><D126/><U101/><E104/><V110/><F110/><W131/><G134/><T121/><D121/><U80/><E41/><V65/><F56/><N who="1" m="21609" /><E39/><V60/><F60/><W135/><G67/><T71/><D129/><U74/><E74/><V24/><F96/><W119/><G19/><T75/><D75/><U34/><E34/><V44/><F44/><W93/><G119/><T116/><D116/><U70/><E70/><V132/><F132/><W51/><G108/><T69/><D63/><U47/><E47/><V113/><F82/><W31/><G135/><T0/><D0/><U79/><E6/><V124/><F113/><W49/><G49/><T87/><D94/><U11/><E11/><V42/><REACH who="2" step="1"/><F124/><REACH who="2" ten="245,237,237,271" step="2"/><W125/><G125/><T77/><D68/><U111/><E111/><V1/><F1/><W120/><G120/><T105/><D69/><U106/><E106/><V8/><F8/><W88/><REACH who="3" step="1"/><G31/><AGARI ba="0,1" hai="4,9,14,22,24,31,42,46,48,64,65,95,98,103" machi="31" ten="30,3900,0" yaku="1,1,7,1,8,1,53,0" doraHai="83" doraHaiUra="29" who="2" fromWho="3" sc="245,0,237,0,237,49,271,-39" /><INIT seed="2,0,0,5,0,125" ten="245,237,286,232" oya="2" hai0="69,34,48,24,46,64,99,132,115,45,62,52,77" hai1="68,57,108,128,96,37,36,112,4,9,8,75,29" hai2="73,14,21,113,60,32,80,2,130,85,27,134,31" hai3="120,26,91,30,59,100,19,58,88,114,84,41,94"/><V90/><F113/><W105/><G120/><T65/><D115/><U86/><E68/><V53/><F2/><W110/><G114/><T117/><D132/><U87/><E75/><V116/><F116/><W81/><G110/><T47/><D117/><U135/><E112/><V104/><F104/><W89/><G41/><T35/><D64/><U79/><E29/><V10/><F134/><W13/><G105/><T16/><D77/><U124/><E135/><V67/><F73/><W83/><G100/><T43/><D99/><U17/><E96/><V51/><F32/><W49/><G81/><T76/><D76/><U0/><E108/><V11/><F130/><W22/><G49/><T66/><D66/><U82/><E124/><V122/><F122/><W121/><G121/><T95/><D95/><U133/><E133/><V6/><F10/><W102/><G102/><T23/><REACH who="0" step="1"/><D46/><REACH who="0" ten="235,237,286,232" step="2"/><U7/><E87/><V3/><F3/><W39/><G94/><T42/><D42/><U127/><E127/><V12/><F11/><N who="3" m="6591" /><G39/><AGARI ba="0,1" hai="16,23,24,34,35,39,43,45,47,48,52,62,65,69" machi="39" ten="30,7700,0" yaku="1,1,7,1,54,2,53,0" doraHai="125" doraHaiUra="118" who="0" fromWho="3" sc="235,87,237,0,286,0,232,-77" /><INIT seed="3,0,0,5,4,119" ten="322,237,286,155" oya="3" hai0="117,12,97,129,24,74,11,21,45,126,48,128,82" hai1="25,104,28,53,63,108,65,27,26,37,131,38,125" hai2="111,60,106,9,36,44,100,66,40,13,102,30,86" hai3="20,57,114,109,42,130,31,14,133,52,73,51,80"/><W19/><G114/><T47/><D117/><U23/><E104/><V78/><F111/><W93/><G109/><T69/><D69/><U132/><E108/><V113/><F113/><W88/><G130/><N who="0" m="50283" /><D126/><U72/><E131/><V87/><F30/><W70/><G133/><T77/><D97/><U120/><E72/><V99/><F102/><W110/><G110/><T122/><D122/><U17/><E132/><V89/><F89/><W101/><G70/><T3/><D3/><U79/><E79/><V29/><F29/><W84/><G31/><N who="0" m="17807" /><D48/><U62/><E125/><V112/><F78/><W98/><REACH who="3" step="1"/><G73/><REACH who="3" ten="322,237,286,145" step="2"/><T118/><D118/><U46/><E28/><V5/><F112/><W115/><G115/><T95/><D95/><U41/><E120/><V58/><AGARI ba="0,1" hai="5,9,13,36,40,44,58,60,66,86,87,99,100,106" machi="58" ten="20,1500,0" yaku="0,1,7,1" doraHai="119" who="2" fromWho="2" sc="322,-4,237,-4,286,25,145,-7" owari="318,41.8,233,-16.7,311,11.1,138,-36.2" /></mjloggm>