<mjloggm ver="2.3"><GO type="225" lobby="0"/><UN n0="%E9%BB%92%E9%89%84%E7%8F%A0%E9%9B%AB" n1="%73%69%72%6F%75%74" n2="%67%61%79%75%6E%79" n3="%6A%79%75%6E%6F%68" dan="16,16,16,16" rate="2146.16,2134.16,2063.39,2143.99" sx="F,M,M,M"/><TAIKYOKU oya="0"/><INIT seed="0,0,0,5,1,104" ten="250,250,250,250" oya="0" hai0="39,115,4,94,117,98,27,3,60,23,78,1,25" hai1="36,85,109,97,119,125,96,29,19,66,55,46,70" hai2="59,72,121,43,44,88,6,128,52,45,81,32,62" hai3="57,42,21,17,69,106,102,2,134,89,123,87,22"/><T14/><D115/><U135/><E119/><V28/><F121/><W30/><G69/><T9/><D39/><U26/><E109/><V124/><F124/><W126/><G2/><T99/><D117/><U38/><E125/><V24/><F128/><W33/><G134/><T73/><D27/><U61/><E135/><V63/><F6/><W16/><G123/><T54/><D99/><U8/><E85/><V34/><F45/><W7/><G7/><T105/><D105/><U120/><E120/><V129/><F129/><W37/><G33/><T71/><D78/><U53/><E96/><V20/><F63/><W67/><G106/><T51/><D73/><U100/><E19/><V18/><F28/><W83/><G102/><T68/><D1/><U90/><E8/><V31/><F31/><W47/><G126/><T92/><D3/><U111/><E90/><V13/><F24/><W41/><G41/><T131/><D131/><U130/><E111/><V93/><F81/><W84/><G84/><T80/><D80/><U107/><E130/><V95/><F95/><W103/><G103/><N who="0" m="60871" /><D94/><U48/><REACH who="1" step="1"/><E55/><REACH who="1" ten="250,240,250,250" step="2"/><V10/><F72/><W12/><G30/><T108/><D108/><U91/><E91/><V77/><F10/><W56/><REACH who="3" step="1"/><G67/><REACH who="3" ten="250,240,250,240" step="2"/><T114/><D114/><U35/><AGARI ba="0,2" hai="26,29,35,36,38,46,48,53,61,66,70,97,100,107" machi="35" ten="20,8000,1" yaku="1,1,0,1,7,1,25,2,53,0" doraHai="104" doraHaiUra="118" who="1" fromWho="1" sc="250,-40,240,100,250,-20,240,-20" /><INIT seed="1,0,0,0,2,24" ten="210,340,230,220" oya="1" hai0="44,26,74,2,93,103,10,59,102,123,47,120,110" hai1="71,114,28,81,1,97,63,108,43,11,112,7,16" hai2="41,9,33,53,17,18,57,130,35,52,134,20,56" hai3="96,77,118,61,87,79,104,117,13,32,14,73,69"/><U124/><E43/><V40/><F9/><W60/><G73/><T45/><D74/><U27/><E81/><V119/><F20/><W111/><G111/><T19/><D110/><U135/><E97/><V22/><F22/><W122/><G32/><T15/><D59/><U12/><E63/><V39/><F39/><W91/><G122/><N who="0" m="46635" /><D2/><U113/><E71/><V127/><F119/><W83/><G79/><T72/><D72/><U131/><E108/><V99/><F99/><W46/><G46/><N who="0" m="11779" /><T42/><DORA hai="101" /><D42/><U132/><E124/><V128/><REACH who="2" step="1"/><F127/><REACH who="2" ten="210,340,220,220" step="2"/><W48/><G117/><T25/><D103/><U92/><E114/><V105/><F105/><W36/><G36/><T70/><D102/><U50/><E113/><V121/><F121/><W21/><G104/><T90/><D70/><U31/><E112/><V34/><F34/><W67/><G118/><T0/><D0/><U88/><E1/><V23/><F23/><W62/><G21/><T55/><D26/><U64/><E27/><V85/><F85/><W89/><G96/><N who="0" m="57399" /><D25/><U8/><E8/><V78/><F78/><W84/><G77/><T29/><D29/><U129/><E31/><V109/><F109/><W54/><G69/><T3/><D3/><U38/><E28/><V94/><F94/><W58/><REACH who="3" step="1"/><G67/><REACH who="3" ten="210,340,220,210" step="2"/><T75/><D75/><U68/><E38/><V86/><F86/><W82/><AGARI ba="0,2" hai="13,14,48,54,58,60,61,62,82,83,84,87,89,91" machi="82" ten="30,8000,1" yaku="1,1,2,1,0,1,9,1,8,1,53,0" doraHai="24,101" doraHaiUra="116,66" who="3" fromWho="3" sc="210,-20,340,-40,220,-20,210,100" /><INIT seed="2,0,0,4,4,47" ten="190,300,200,310" oya="2" hai0="78,30,37,109,103,66,75,16,117,67,27,35,57" hai1="22,55,45,70,52,71,79,134,11,25,0,115,128" hai2="39,85,91,107,83,48,127,84,29,87,36,58,54" hai3="6,104,108,95,1,98,63,76,53,110,102,10,15"/><V40/><F127/><W80/><G104/><T97/><D37/><U77/><E115/><V28/><F107/><W120/><G120/><T31/><D109/><N who="3" m="42089" /><G1/><T119/><D31/><N who="2" m="11850" /><F39/><W7/><G7/><T51/><D78/><U56/><E134/><V94/><F36/><W50/><G63/><T125/><D75/><U135/><E135/><V113/><F113/><W33/><G33/><T111/><D111/><U132/><E71/><V81/><F40/><W41/><G41/><T3/><D3/><U17/><E70/><V73/><F73/><W8/><G8/><T72/><D72/><U116/><E128/><V121/><F121/><W92/><G92/><T12/><D125/><U24/><E116/><N who="0" m="44617" /><D57/><U88/><E56/><V44/><F58/><N who="3" m="33079" /><G80/><AGARI ba="0,0" hai="44,48,54,80,81,83,84,85,87,91,94" m="11850" machi="80" ten="30,2900,0" yaku="8,1,52,1" doraHai="47" who="2" fromWho="3" sc="190,0,300,0,200,29,310,-29" /><INIT seed="2,1,0,5,0,93" ten="190,300,229,281" oya="2" hai0="2,76,116,11,133,47,109,37,14,40,110,108,56" hai1="35,33,67,81,34,65,49,121,48,84,68,21,28" hai2="17,3,4,122,1,19,87,46,57,32,54,13,64" hai3="51,132,74,12,6,58,78,94,103,24,18,0,77"/><V118/><F122/><W25/><G132/><T9/><D133/><U83/><E121/><V10/><F118/><W26/><G74/><T66/><D116/><U39/><E39/><V55/><F32/><W22/><G0/><T100/><D2/><U23/><E28/><V125/><F125/><W131/><G131/><T60/><D76/><N who="3" m="29289" /><G6/><T102/><REACH who="0" step="1"/><D9/><REACH who="0" ten="180,300,229,281" step="2"/><U101/><E35/><V86/><F1/><W20/><G20/><T52/><D52/><N who="2" m="20010" /><F3/><W31/><G31/><T106/><D106/><U29/><E21/><V128/><F128/><W85/><G58/><T97/><D97/><U62/><E23/><V99/><F99/><N who="3" m="59895" /><G85/><N who="2" m="32265" /><F46/><W90/><G90/><T126/><D126/><U44/><E34/><V134/><F134/><W120/><G120/><T36/><D36/><U72/><E33/><V80/><F80/><W91/><G91/><T130/><D130/><U38/><E83/><V61/><AGARI ba="1,1" hai="4,10,13,17,19,57,61,64" m="32265,20010" machi="61" ten="30,3000,0" yaku="8,1,54,1" doraHai="93" who="2" fromWho="2" sc="180,-11,300,-11,229,43,281,-11" /><INIT seed="2,2,0,5,0,84" ten="169,289,272,270" oya="2" hai0="18,125,23,44,89,57,75,15,109,0,76,63,131" hai1="39,48,61,3,16,100,46,70,121,113,54,30,50" hai2="112,104,17,111,90,45,91,10,9,120,37,94,93" hai3="56,38,25,59,116,107,68,118,79,106,62,127,101"/><V96/><F120/><W14/><G38/><T20/><D0/><U53/><E30/><V4/><F112/><W129/><G68/><T55/><D109/><U102/><E3/><V5/><F111/><W72/><G25/><T80/><D131/><U22/><E113/><V82/><F104/><W32/><G32/><T35/><D35/><U81/><E121/><V31/><F31/><W7/><G129/><T24/><D125/><U1/><E1/><V128/><F128/><W115/><G115/><T98/><D44/><N who="1" m="27783" /><E70/><V105/><F105/><W12/><G62/><T122/><D122/><U28/><E28/><V108/><F108/><W8/><G79/><T95/><REACH who="0" step="1"/><D23/><REACH who="0" ten="159,289,272,270" step="2"/><U52/><E39/><V78/><F37/><W87/><G127/><T64/><D64/><U130/><E130/><V51/><F5/><W67/><G7/><T66/><D66/><U60/><E22/><V88/><F4/><W77/><G67/><T36/><D36/><U97/><E46/><V49/><F45/><W58/><G118/><T29/><D29/><U43/><E54/><V11/><F17/><W69/><G116/><T34/><D34/><U103/><E16/><V114/><F114/><W2/><G2/><T132/><D132/><U119/><E52/><V6/><F6/><W74/><G8/><T110/><D110/><U135/><E119/><V126/><F126/><W83/><G14/><AGARI ba="2,1" hai="14,15,18,20,24,55,57,63,75,76,80,89,95,98" machi="14" ten="40,8000,1" yaku="1,1,25,2,52,1,53,1" doraHai="84" doraHaiUra="92" who="0" fromWho="3" sc="159,96,289,0,272,0,270,-86" /><INIT seed="3,0,0,3,2,13" ten="255,289,272,184" oya="3" hai0="22,130,103,57,116,8,73,15,4,10,79,133,125" hai1="134,118,132,100,72,117,129,113,126,0,65,89,78" hai2="80,24,120,61,109,95,46,49,53,111,74,45,76" hai3="6,131,91,34,84,77,32,3,16,36,55,114,29"/><W69/><G114/><T92/><D116/><N who="1" m="44651" /><E126/><V18/><F120/><W104/><G69/><T119/><D119/><U115/><E129/><V20/><F46/><W127/><G36/><T1/><D133/><N who="1" m="51307" /><E0/><V93/><REACH who="2" step="1"/><F61/><REACH who="2" ten="255,289,262,184" step="2"/><W82/><G127/><T60/><D125/><U70/><E100/><V121/><F121/><W59/><G131/><T107/><D60/><N who="1" m="40231" /><E89/><V123/><F123/><W42/><G91/><T19/><D103/><U81/><AGARI ba="0,1" hai="72,78,81,113,115" m="40231,51307,44651" machi="81" ten="40,5200,0" yaku="12,1,20,1,23,1" doraHai="13" who="1" fromWho="1" sc="255,-13,289,62,262,-13,184,-26" owari="242,-15.8,351,45.1,249,4.9,158,-34.2" /></mjloggm>