<mjloggm ver="2.3"><GO type="225" lobby="0"/><UN n0="%E7%AC%B9%E9%A4%85" n1="%E3%81%AF%E3%82%88%E3%81%8A%E3%81%98%E3%81%95%E3%82%93" n2="%E5%B0%8F%E9%B3%A5%E9%81%8A%E7%B7%B4%E7%84%A1%32%31%E6%AD%B3" n3="%6D%75%75%6D%75%72%61" dan="17,17,16,16" rate="2212.15,2242.20,2171.72,2081.03" sx="M,M,F,F"/><TAIKYOKU oya="0"/><INIT seed="0,0,0,0,0,61" ten="250,250,250,250" oya="0" hai0="53,48,34,88,14,127,81,16,49,94,27,56,65" hai1="19,80,83,98,31,135,0,86,9,58,120,15,90" hai2="17,28,110,134,26,22,64,1,23,97,112,62,87" hai3="32,84,70,125,99,117,59,68,18,36,122,6,24"/><T108/><D127/><U76/><E135/><V132/><F1/><W115/><G36/><T121/><D121/><U10/><E120/><V114/><F110/><W100/><G6/><T42/><D108/><U85/><E31/><V40/><F40/><W111/><G115/><T93/><D27/><U119/><E119/><V89/><F97/><W43/><G43/><T78/><D34/><U5/><E58/><V60/><F60/><W51/><G125/><T75/><D65/><U96/><AGARI ba="0,0" hai="0,5,9,10,15,19,76,80,83,85,86,90,96,98" machi="96" ten="30,1100,0" yaku="0,1" doraHai="61" who="1" fromWho="1" sc="250,-5,250,11,250,-3,250,-3" /><INIT seed="1,0,0,2,0,106" ten="245,261,247,247" oya="1" hai0="45,107,41,95,130,89,85,80,22,78,110,116,46" hai1="66,127,5,10,62,87,84,86,3,13,30,77,1" hai2="128,83,120,11,121,81,35,52,57,19,113,135,54" hai3="33,61,115,48,99,102,9,108,4,17,111,51,133"/><U75/><E127/><V101/><F128/><W97/><G115/><T79/><D130/><U2/><E30/><V69/><F69/><W76/><G33/><T43/><D107/><U98/><E98/><V50/><F35/><W67/><G133/><T20/><D116/><U39/><E39/><V44/><F113/><W105/><G17/><T92/><D110/><U73/><REACH who="1" step="1"/><E77/><REACH who="1" ten="245,251,247,247" step="2"/><V132/><F135/><W100/><G76/><T74/><D89/><U58/><AGARI ba="0,1" hai="1,2,3,5,10,13,58,62,66,73,75,84,86,87" machi="58" ten="40,12000,1" yaku="1,1,2,1,0,1,52,2,53,0" doraHai="106" doraHaiUra="24" who="1" fromWho="1" sc="245,-40,251,130,247,-40,247,-40" /><INIT seed="1,1,0,3,5,2" ten="205,381,207,207" oya="1" hai0="52,39,97,40,34,73,10,133,23,78,49,65,81" hai1="28,124,1,112,6,80,84,85,113,48,30,42,63" hai2="130,93,9,44,62,15,7,122,114,37,126,125,32" hai3="20,115,58,94,104,134,129,107,0,108,31,127,82"/><U88/><E124/><N who="2" m="47723" /><F122/><W26/><G115/><T103/><D34/><U90/><E63/><V105/><F105/><W5/><G127/><T19/><D133/><U36/><E36/><V74/><F74/><W66/><G134/><T35/><D35/><U72/><E72/><V22/><F32/><W41/><G108/><T69/><D10/><U57/><E28/><V83/><F130/><W87/><G129/><T131/><D131/><U61/><E30/><V102/><F83/><W92/><G41/><T98/><D39/><U21/><E21/><V51/><F37/><W101/><G104/><T95/><D40/><U99/><E99/><N who="2" m="59759" /><F22/><W128/><G107/><T43/><D43/><U117/><E117/><V38/><F38/><W110/><G110/><T100/><D98/><U18/><E18/><V123/><F62/><W71/><G101/><T106/><D106/><U120/><E120/><V89/><F89/><W24/><G20/><T29/><D29/><U68/><E68/><V79/><F79/><W75/><G71/><T121/><D121/><U17/><E17/><V86/><F123/><W119/><G75/><T4/><D103/><U91/><E91/><V16/><F86/><W118/><G128/><T13/><D69/><U11/><E48/><V135/><F135/><W46/><G31/><T59/><D65/><U12/><E42/><N who="2" m="24983" /><F114/><W53/><G118/><T70/><D70/><U96/><E96/><V45/><F45/><W116/><G116/><T109/><D109/><U14/><E112/><V27/><F27/><W60/><G119/><T25/><D25/><U67/><E113/><RYUUKYOKU ba="1,0" sc="205,10,381,10,207,10,207,-30" hai0="4,13,19,23,49,52,59,73,78,81,95,97,100" hai1="1,6,11,12,14,57,61,67,80,84,85,88,90" hai2="7,9,15,16" /><INIT seed="1,2,0,0,5,42" ten="215,391,217,177" oya="1" hai0="105,37,45,65,55,44,125,4,58,19,106,100,8" hai1="26,93,130,47,60,36,113,11,15,67,73,104,40" hai2="128,51,21,120,7,13,16,38,53,41,112,2,0" hai3="14,85,6,135,68,1,30,133,12,25,134,57,72"/><U3/><E104/><V97/><F120/><W95/><G68/><T123/><D123/><U122/><E113/><V59/><F112/><W74/><G1/><T91/><D125/><U52/><E122/><V31/><F128/><W75/><G6/><T79/><D79/><U77/><E130/><V101/><F31/><W56/><G85/><T126/><D126/><U117/><E117/><V66/><F66/><W49/><G95/><T64/><D37/><U110/><E110/><V108/><F7/><W129/><G129/><T9/><D100/><U71/><E26/><V107/><REACH who="2" step="1"/><F108/><REACH who="2" ten="215,391,207,177" step="2"/><W63/><G12/><T103/><D4/><U34/><E67/><V27/><F27/><W22/><G14/><T35/><D35/><U18/><E15/><V119/><F119/><W96/><G133/><T23/><D65/><U116/><E34/><V29/><F29/><W20/><G30/><T109/><D64/><U78/><E3/><V92/><F92/><W39/><G25/><T70/><D109/><U33/><E93/><V46/><AGARI ba="2,1" hai="0,2,13,16,21,38,41,46,51,53,59,97,101,107" machi="46" ten="30,8000,1" yaku="1,1,0,1,52,1,54,1,53,1" doraHai="42" doraHaiUra="43" who="2" fromWho="2" sc="215,-22,391,-42,207,96,177,-22" /><INIT seed="2,0,0,5,4,127" ten="193,349,303,155" oya="2" hai0="19,55,37,111,80,60,4,34,24,25,130,48,23" hai1="52,21,98,36,47,132,100,62,17,54,3,28,18" hai2="106,2,40,7,101,102,57,90,75,76,87,89,44" hai3="115,32,121,65,128,103,31,26,35,50,99,113,64"/><V131/><F57/><W41/><G121/><T45/><D111/><U120/><E3/><V126/><F126/><W129/><G35/><T93/><D37/><U124/><E124/><V20/><F20/><W66/><G50/><T81/><D4/><U38/><E120/><V108/><F108/><W117/><G41/><T109/><D109/><U84/><E132/><V135/><F135/><W122/><G122/><T96/><D60/><U95/><E36/><V82/><F90/><W29/><G31/><T69/><D69/><U39/><E39/><V5/><F102/><W73/><G73/><T72/><D72/><U11/><E38/><V119/><F119/><W71/><G117/><T116/><D116/><U22/><E84/><V14/><F2/><W49/><G49/><T30/><REACH who="0" step="1"/><D130/><REACH who="0" ten="183,349,303,155" step="2"/><N who="3" m="50281" /><G71/><T105/><D105/><AGARI ba="0,1" hai="26,29,32,64,65,66,99,103,105,113,115" m="50281" machi="105" ten="30,7700,0" yaku="19,1,52,3" doraHai="127" who="3" fromWho="0" sc="183,-77,349,0,303,0,155,87" /><INIT seed="3,0,0,4,0,95" ten="106,349,303,242" oya="3" hai0="90,62,64,123,107,22,84,37,8,26,131,91,73" hai1="125,110,53,56,116,63,54,18,5,48,119,60,74" hai2="6,61,83,109,130,96,105,117,7,28,14,133,38" hai3="72,134,103,97,11,50,68,58,127,44,21,78,99"/><W77/><G68/><T114/><D123/><U2/><E110/><V129/><F109/><W65/><G72/><T55/><D131/><N who="2" m="50186" /><F38/><W45/><G103/><T36/><D73/><U101/><E74/><V124/><F117/><N who="1" m="45129" /><E125/><V126/><F28/><W51/><G127/><N who="2" m="48681" /><F133/><W59/><G134/><T10/><D107/><U111/><E111/><V1/><F1/><W89/><G89/><T9/><D114/><U93/><E18/><V31/><F31/><W42/><G21/><T67/><D55/><U35/><E35/><V29/><F29/><W80/><G11/><T3/><D3/><U24/><E24/><V69/><F83/><W120/><G120/><T92/><D37/><U13/><E2/><V0/><F14/><W87/><G77/><T132/><D36/><U81/><E81/><V16/><F16/><W115/><G115/><T34/><D34/><U121/><E121/><V98/><F105/><W66/><G66/><T85/><D132/><U108/><E108/><V17/><F17/><W113/><G113/><T106/><D106/><U25/><E25/><V15/><F15/><W102/><G102/><T52/><D22/><U94/><E5/><N who="2" m="1547" /><F0/><W32/><G32/><T79/><D26/><U12/><E12/><V43/><F43/><N who="3" m="24863" /><G65/><AGARI ba="0,0" hai="61,65,69,96,98" m="1547,48681,50186" machi="65" ten="40,8000,1" yaku="19,1,18,1,52,2" doraHai="95" who="2" fromWho="3" sc="106,0,349,0,303,80,242,-80" owari="106,-39.4,349,14.9,383,48.3,162,-23.8" /></mjloggm>