<mjloggm ver="2.3"><GO type="225" lobby="0"/><UN n0="%E9%95%B7%E5%B7%9E%E3%81%AE%E5%85%8B" n1="%E3%83%B4%E3%83%A0%EF%BC%99%E3%81%A6" n2="%E8%BE%9B%E5%8F%A3%E3%82%AB%E3%83%AC%E3%83%BC%E3%83%A9%E3%82%A4%E3%82%B9" n3="%E6%A1%9C%E8%8A%B1%E9%96%83%E3%80%85" dan="16,16,17,17" rate="2075.33,2126.80,2243.84,2166.16" sx="M,M,M,M"/><TAIKYOKU oya="0"/><INIT seed="0,0,0,3,0,46" ten="250,250,250,250" oya="0" hai0="47,98,109,37,36,28,12,107,19,120,96,135,22" hai1="6,128,75,74,94,95,23,17,9,106,39,70,58" hai2="8,44,20,55,131,85,77,99,32,33,31,76,92" hai3="25,29,89,130,121,15,93,53,57,3,134,51,123"/><T42/><D120/><N who="3" m="46153" /><G3/><T10/><D135/><U60/><E106/><V34/><F131/><W80/><G134/><T21/><D37/><U84/><E39/><V103/><F8/><W71/><G130/><T108/><D107/><U13/><E70/><V62/><F85/><N who="3" m="52399" /><G71/><T127/><D127/><U81/><E128/><V119/><F119/><W111/><G111/><N who="0" m="42571" /><D28/><U117/><E117/><V56/><REACH who="2" step="1"/><F44/><REACH who="2" ten="250,250,240,250" step="2"/><W41/><G41/><T54/><D54/><U78/><E74/><V72/><F72/><W14/><G80/><T69/><D69/><U112/><E75/><V49/><F49/><W0/><G0/><T52/><D52/><U7/><E112/><V102/><F102/><W129/><G129/><T18/><D10/><U110/><E110/><V115/><F115/><W24/><G24/><AGARI ba="0,1" hai="12,18,19,21,22,24,36,42,47,96,98" m="42571" machi="24" ten="30,2900,0" yaku="14,1,10,1" doraHai="46" who="0" fromWho="3" sc="250,39,250,0,240,0,250,-29" /><AGARI ba="0,0" hai="20,24,31,32,33,34,55,56,62,76,77,92,99,103" machi="24" ten="40,1300,0" yaku="1,1,53,0" doraHai="46" doraHaiUra="79" who="2" fromWho="3" sc="289,0,250,0,240,13,221,-13" /><INIT seed="0,1,0,0,2,114" ten="289,250,253,208" oya="0" hai0="77,23,39,44,100,79,53,103,90,36,25,61,119" hai1="16,134,75,89,133,111,126,92,7,104,15,84,9" hai2="59,120,71,99,98,91,70,124,14,57,56,83,108" hai3="112,85,1,21,35,106,6,78,48,58,127,117,125"/><T118/><D118/><U8/><E104/><V130/><F120/><W113/><G35/><T40/><D39/><U128/><E75/><V107/><F108/><W65/><G106/><T129/><D129/><U81/><E111/><V93/><F130/><W80/><G21/><T66/><D119/><U64/><E128/><V11/><F124/><N who="3" m="47691" /><G117/><T115/><D115/><U49/><E126/><V55/><F55/><N who="3" m="32103" /><G65/><T31/><D53/><U54/><E64/><V22/><F22/><W20/><G20/><T24/><D90/><U50/><E92/><V94/><F83/><W110/><G110/><T76/><REACH who="0" step="1"/><D25/><REACH who="0" ten="279,250,253,208" step="2"/><U105/><E54/><V10/><F107/><W95/><G95/><T123/><D123/><U28/><E105/><V33/><F94/><W86/><G86/><T37/><D37/><U43/><E43/><V26/><F98/><W27/><G27/><T13/><D13/><U62/><E84/><V30/><REACH who="2" step="1"/><F11/><AGARI ba="1,1" hai="1,6,11,78,80,85,112,113" m="32103,47691" machi="11" ten="30,1000,0" yaku="18,1" doraHai="114" who="3" fromWho="2" sc="279,0,250,0,253,-13,208,23" /><INIT seed="1,0,0,4,0,5" ten="279,250,240,231" oya="1" hai0="89,88,85,100,62,51,58,118,36,105,94,29,30" hai1="0,121,46,106,3,4,65,47,103,104,134,125,48" hai2="79,18,61,56,84,99,20,80,82,63,14,23,12" hai3="16,26,32,31,73,74,13,70,52,67,75,72,19"/><U124/><E121/><V96/><F82/><W54/><N who="3" m="18432" /><DORA hai="24" /><W109/><G109/><T123/><D36/><U37/><E134/><V117/><F117/><W113/><G113/><T60/><D118/><U40/><E65/><V90/><F79/><W22/><REACH who="3" step="1"/><G19/><REACH who="3" ten="279,250,240,221" step="2"/><T1/><D123/><U21/><E124/><V49/><F49/><W97/><G97/><T77/><D1/><U93/><E125/><V83/><F63/><AGARI ba="0,1" hai="13,16,22,26,31,32,52,54,63,67,70" m="18432" machi="63" ten="70,12000,2" yaku="1,1,52,1,54,2,53,2" doraHai="5,24" doraHaiUra="15,11" who="3" fromWho="2" sc="279,0,250,0,240,-120,221,130" /><INIT seed="2,0,0,1,4,21" ten="279,250,120,351" oya="2" hai0="49,32,43,28,127,24,71,102,45,121,25,88,74" hai1="91,53,131,5,115,42,55,69,123,86,6,128,37" hai2="92,118,65,73,124,41,60,111,109,2,70,0,14" hai3="22,46,35,90,78,62,19,30,133,29,4,108,47"/><V10/><F118/><W57/><G108/><N who="2" m="41545" /><F73/><W33/><G133/><T94/><D121/><U85/><E115/><V114/><F114/><W117/><G78/><T97/><D71/><U16/><E69/><V103/><F41/><W51/><G4/><T75/><D127/><U107/><E107/><V113/><F113/><W72/><G47/><T129/><D129/><N who="1" m="49739" /><E123/><V134/><F134/><W17/><G17/><T84/><REACH who="0" step="1"/><D25/><REACH who="0" ten="269,250,120,351" step="2"/><U135/><E135/><V61/><F124/><W52/><G117/><T119/><D119/><U83/><E37/><V98/><F61/><W27/><G72/><T96/><D96/><U59/><E42/><V101/><F101/><W13/><G90/><T54/><D54/><U77/><E55/><V12/><F12/><W81/><G13/><T66/><D66/><U3/><E3/><V76/><F76/><W93/><G62/><T31/><D31/><U82/><E16/><AGARI ba="0,1" hai="0,2,10,14,16,60,65,70,92,98,103" m="41545" machi="16" ten="30,5800,0" yaku="14,1,10,1,54,1" doraHai="21" who="2" fromWho="1" sc="269,0,250,-58,120,68,351,0" /><INIT seed="2,1,0,2,1,87" ten="269,192,188,351" oya="2" hai0="37,115,104,9,60,34,100,19,51,88,26,73,75" hai1="135,53,59,30,8,46,54,64,78,14,80,65,20" hai2="122,127,5,10,95,50,92,15,83,38,93,107,76" hai3="130,112,106,110,66,118,18,45,116,86,22,71,126"/><V74/><F122/><W129/><G110/><T108/><D37/><U85/><E135/><V27/><F127/><W31/><G126/><T123/><D115/><U132/><E132/><V124/><F124/><W3/><G112/><T40/><D108/><U72/><E72/><V21/><F107/><W28/><G106/><T90/><D100/><U36/><E36/><V13/><F38/><W121/><G45/><T1/><D60/><U41/><E30/><N who="3" m="11306" /><G3/><T133/><D123/><U55/><E20/><V97/><F50/><W111/><G111/><T2/><D133/><U128/><E128/><N who="3" m="49258" /><G121/><T7/><D104/><U119/><E119/><V33/><F33/><W131/><G86/><T109/><D1/><U58/><E46/><V35/><F35/><W52/><G52/><T56/><D109/><U44/><E44/><V43/><F43/><W39/><G39/><T63/><D40/><U32/><E41/><V113/><F113/><W101/><G101/><T67/><D51/><U91/><E32/><V82/><F82/><W68/><G131/><T125/><D125/><U79/><E64/><V105/><F105/><W94/><G94/><T12/><D34/><U89/><E65/><V70/><F70/><N who="3" m="26667" /><G66/><T120/><D120/><U49/><E78/><V96/><REACH who="2" step="1"/><F15/><AGARI ba="1,0" hai="15,18,22,116,118" m="26667,49258,11306" machi="15" ten="30,1000,0" yaku="19,1" doraHai="87" who="3" fromWho="2" sc="269,0,192,0,188,-13,351,13" /><INIT seed="3,0,0,4,3,117" ten="269,192,175,364" oya="3" hai0="78,134,33,110,9,106,107,42,80,135,58,49,13" hai1="133,27,35,56,0,61,6,94,99,113,101,121,131" hai2="85,91,116,111,15,60,93,63,11,10,104,55,123" hai3="108,31,130,3,54,97,115,98,64,124,26,50,88"/><W132/><G115/><T67/><D33/><U34/><E113/><V105/><F116/><W32/><G3/><T129/><D110/><U76/><E121/><V23/><F111/><W96/><G108/><T41/><D129/><U8/><E131/><V72/><F72/><W36/><G36/><T89/><D89/><U12/><E133/><V84/><F123/><W37/><G37/><T45/><D42/><U66/><E76/><V43/><F43/><W57/><G130/><T2/><D2/><U73/><E73/><V83/><F23/><W100/><G124/><T95/><D95/><U7/><E7/><V1/><F1/><W29/><G29/><T71/><D71/><U126/><E126/><V44/><F11/><W82/><G64/><T21/><D21/><U4/><E4/><V92/><F92/><W16/><G16/><T17/><D58/><U86/><E0/><V40/><F55/><W70/><G70/><T14/><D67/><U74/><E74/><V47/><F104/><W90/><G90/><T68/><D68/><U109/><E109/><V103/><F105/><W19/><G88/><T46/><D46/><N who="2" m="17450" /><F40/><W119/><G32/><T5/><D134/><U62/><E62/><V127/><F127/><W77/><G57/><T114/><D114/><U28/><E35/><V20/><F20/><W128/><G128/><T24/><D135/><U122/><E122/><V65/><F65/><W48/><G132/><T53/><D41/><U22/><E34/><V51/><F51/><W18/><G50/><T118/><D118/><U38/><E38/><V120/><F120/><RYUUKYOKU ba="0,0" sc="269,-10,192,30,175,-10,364,-10" hai1="6,8,12,22,27,28,56,61,66,86,94,99,101" owari="259,5.9,222,-17.8,165,-33.5,354,45.4" /></mjloggm>