<mjloggm ver="2.3"><GO type="225" lobby="0"/><UN n0="%72%61%6B%33" n1="%E7%89%B9%E6%9D%B1%E3%81%AF%E4%B8%96%E7%95%8C%E3%82%92%E6%95%91%E3%81%86" n2="%73%61%6E%64%69%72%69%73" n3="%E4%B8%89%E5%86%A0%E7%8E%8B%E3%83%BB%E5%B1%B1%E7%94%B0%E5%93%B2%E4%BA%BA" dan="17,16,16,17" rate="2308.34,2178.30,2167.10,2204.68" sx="M,M,M,M"/><TAIKYOKU oya="0"/><INIT seed="0,0,0,0,0,16" ten="250,250,250,250" oya="0" hai0="8,48,7,86,85,121,47,32,91,101,116,66,19" hai1="39,23,12,38,49,27,14,24,76,127,65,55,108" hai2="68,103,117,93,130,18,34,123,64,62,45,15,36" hai3="81,57,72,60,120,96,52,97,124,33,0,115,87"/><T70/><D116/><U44/><E108/><V9/><F117/><W109/><G115/><T84/><D121/><U63/><E127/><V67/><F130/><W106/><G109/><T104/><D32/><U42/><E76/><V126/><F126/><W105/><G124/><T83/><D70/><U98/><E98/><V25/><F123/><W119/><G119/><T51/><D66/><U61/><E27/><V53/><F67/><W110/><G72/><T94/><D104/><U132/><E132/><V122/><F122/><W107/><G110/><T102/><D48/><U2/><E2/><V133/><F133/><W80/><G120/><T73/><D73/><U37/><E42/><V113/><F113/><W35/><G0/><T50/><D50/><U30/><REACH who="1" step="1"/><E61/><REACH who="1" ten="250,240,250,250" step="2"/><V82/><F62/><W111/><G97/><T99/><D101/><U92/><E92/><V129/><F25/><W112/><G111/><T6/><D86/><U13/><E13/><V28/><F15/><W74/><G96/><T125/><D85/><U134/><E134/><V4/><F93/><W71/><G112/><T54/><D125/><U40/><E40/><V22/><F103/><W131/><G74/><T1/><D1/><U77/><E77/><V56/><F82/><W78/><G81/><T79/><D79/><U75/><E75/><V10/><F129/><W69/><REACH who="3" step="1"/><G131/><REACH who="3" ten="250,240,250,240" step="2"/><T26/><D26/><U17/><E17/><V114/><F18/><W20/><G20/><T100/><D100/><U46/><E46/><V41/><F22/><W29/><G29/><T135/><D135/><U11/><E11/><RYUUKYOKU ba="0,2" sc="250,10,240,10,250,-30,240,10" hai0="6,7,8,19,47,51,54,83,84,91,94,99,102" hai1="12,14,23,24,30,37,38,39,44,49,55,63,65" hai3="33,35,52,57,60,69,71,78,80,87,105,106,107" /><INIT seed="0,1,2,0,1,49" ten="260,250,220,250" oya="0" hai0="103,62,123,74,85,102,1,9,8,105,121,67,5" hai1="115,18,132,19,97,36,14,0,127,120,109,4,20" hai2="78,94,89,133,106,134,93,80,119,57,10,91,12" hai3="17,98,52,69,28,76,22,70,116,50,111,112,34"/><T44/><D74/><U128/><E36/><V11/><F106/><W61/><G112/><T82/><D9/><N who="1" m="2183" /><E97/><V47/><F119/><W99/><G116/><T108/><D108/><U56/><E56/><V125/><F125/><W131/><G111/><T32/><D32/><U64/><E64/><V21/><F47/><W65/><G131/><T118/><D118/><U81/><E81/><V15/><F21/><W35/><G70/><T38/><D105/><U84/><E84/><V104/><F80/><W130/><G130/><T95/><D95/><U54/><E54/><V55/><F78/><W71/><G71/><T135/><D103/><U51/><E51/><V110/><F104/><W100/><G28/><T43/><D102/><U59/><E59/><V68/><F68/><W13/><G76/><T114/><D114/><U37/><E20/><V101/><F101/><W46/><REACH who="3" step="1"/><G98/><REACH who="3" ten="260,250,220,240" step="2"/><T83/><D123/><U2/><E120/><V29/><F29/><W45/><G45/><T96/><D121/><U26/><E128/><V27/><F110/><W41/><G41/><T77/><D96/><U60/><E115/><V126/><F57/><W92/><AGARI ba="1,3" hai="13,17,22,34,35,46,50,52,61,65,69,92,99,100" machi="92" ten="20,8000,1" yaku="1,1,0,1,7,1,52,1,54,1,53,0" doraHai="49" doraHaiUra="87" who="3" fromWho="3" sc="260,-41,250,-21,220,-21,240,113" /><INIT seed="1,0,0,5,0,34" ten="219,229,199,353" oya="1" hai0="14,8,68,41,102,16,113,67,109,2,111,91,96" hai1="74,30,72,75,121,115,71,24,20,104,129,124,77" hai2="116,32,5,93,40,85,54,106,52,11,36,10,27" hai3="126,122,47,19,92,22,37,98,81,7,78,50,59"/><U43/><E115/><V90/><F116/><W9/><G126/><T48/><D113/><U131/><E121/><V6/><F106/><W80/><G59/><T38/><D38/><U18/><E124/><V12/><F36/><W55/><G78/><T135/><D135/><U89/><E104/><V94/><F40/><W51/><G51/><T0/><D91/><U103/><E103/><V26/><F32/><W42/><G122/><T64/><D48/><U69/><E77/><V83/><F83/><W134/><G134/><T105/><D41/><U110/><E43/><V128/><F128/><N who="1" m="49225" /><E110/><N who="0" m="41993" /><D67/><U118/><E118/><V57/><F93/><W127/><G127/><T76/><D76/><U39/><E39/><V87/><F87/><W13/><G37/><T61/><AGARI ba="0,0" hai="0,2,8,14,16,61,64,68,96,102,105" m="41993" machi="61" ten="30,7900,0" yaku="14,1,52,2,54,1" doraHai="34" who="0" fromWho="0" sc="219,79,229,-39,199,-20,353,-20" /><INIT seed="2,0,0,1,2,107" ten="298,190,179,333" oya="2" hai0="28,42,124,91,35,19,36,58,49,98,77,84,27" hai1="117,61,37,66,57,41,99,64,43,78,86,72,34" hai2="69,50,111,62,56,16,100,13,63,70,67,1,101" hai3="73,18,76,131,52,105,3,21,60,39,132,116,114"/><V95/><F1/><W79/><G105/><T48/><D124/><U123/><E34/><V11/><F111/><W30/><G39/><T54/><D98/><U0/><E0/><V5/><F50/><W128/><G30/><T26/><D36/><U17/><E117/><V6/><F70/><W94/><G132/><T29/><D77/><U130/><E72/><V93/><F93/><W51/><G60/><T133/><D133/><U134/><E130/><V33/><F33/><W7/><G73/><T38/><D38/><U44/><E43/><V102/><REACH who="2" step="1"/><F95/><REACH who="2" ten="298,190,169,333" step="2"/><W103/><G94/><N who="0" m="54631" /><D35/><U118/><E134/><V8/><F8/><W87/><G3/><T40/><D49/><U45/><E37/><V24/><F24/><W2/><G51/><T135/><D135/><U82/><E118/><V122/><F122/><W109/><G109/><T85/><D27/><U14/><E123/><V59/><F59/><W106/><G116/><T25/><D26/><U125/><E99/><V46/><F46/><W104/><G104/><T90/><D29/><U92/><E92/><V31/><F31/><W47/><G47/><N who="1" m="17994" /><E41/><V80/><F80/><W97/><G106/><T96/><D28/><U23/><E125/><V68/><F68/><W119/><G119/><T12/><D96/><U108/><E108/><V4/><F4/><W121/><G7/><T126/><D126/><U115/><E115/><V127/><F127/><W53/><G114/><T110/><D110/><U71/><E71/><V15/><F15/><W10/><G97/><T74/><D40/><U32/><E32/><V22/><F22/><RYUUKYOKU ba="0,1" sc="298,-15,190,15,169,15,333,-15" hai1="14,17,23,57,61,64,66,78,82,86" hai2="5,6,11,13,16,56,62,63,67,69,100,101,102" /><INIT seed="2,1,1,4,2,27" ten="283,205,184,318" oya="2" hai0="71,89,54,19,134,20,49,105,59,120,124,51,73" hai1="95,9,101,119,31,131,15,26,135,93,128,1,22" hai2="99,6,109,118,121,34,7,13,41,74,80,64,39" hai3="21,60,43,40,52,116,12,47,17,70,129,107,8"/><V113/><F121/><W126/><G107/><T30/><D120/><U84/><E119/><V130/><F118/><W53/><G116/><T82/><D71/><U117/><E117/><V67/><F113/><W115/><G115/><T96/><D124/><U114/><E114/><V72/><F34/><W16/><G126/><T69/><D69/><U61/><E1/><V106/><F130/><N who="1" m="49705" /><E135/><V75/><F109/><W25/><G129/><T104/><D73/><U65/><E101/><V76/><F41/><W14/><G43/><T50/><D105/><U46/><E46/><V133/><F39/><W4/><G60/><T32/><D104/><U90/><E84/><V88/><F133/><W83/><G83/><T68/><D68/><N who="1" m="42031" /><E90/><V63/><F67/><W36/><G70/><T66/><D66/><U91/><E91/><V110/><F110/><W103/><G103/><T48/><D89/><U23/><E23/><AGARI ba="1,1" hai="4,8,12,14,16,17,21,23,25,36,40,47,52,53" machi="23" ten="30,3900,0" yaku="7,1,54,2" doraHai="27" who="3" fromWho="1" sc="283,0,205,-42,184,0,318,52" /><INIT seed="3,0,0,3,0,67" ten="283,163,184,370" oya="3" hai0="74,50,66,18,60,7,10,29,15,55,111,52,83" hai1="4,16,120,105,108,104,12,41,68,14,59,23,100" hai2="6,101,76,45,75,3,38,24,0,48,98,49,22" hai3="125,88,8,1,36,89,107,73,69,126,129,46,44"/><W103/><G8/><T34/><D111/><U70/><E120/><V5/><F38/><W97/><G1/><T54/><D34/><U135/><E108/><V127/><F127/><W124/><G73/><T117/><D117/><U116/><E116/><V123/><F123/><W19/><G129/><T17/><D29/><U51/><E135/><V90/><F76/><W119/><G119/><T82/><D50/><U63/><E4/><N who="2" m="1643" /><F75/><W25/><G69/><T47/><D47/><N who="3" m="17961" /><G36/><T39/><D39/><U11/><E51/><V31/><F0/><W113/><G113/><T130/><D130/><U37/><E41/><V27/><F3/><W121/><G121/><T114/><D114/><U84/><E37/><V86/><F27/><W109/><G109/><T62/><D62/><U56/><E56/><V93/><F45/><W21/><AGARI ba="0,0" hai="19,21,25,88,89,97,103,107,124,125,126" m="17961" machi="21" ten="40,3900,0" yaku="18,1,54,1" doraHai="67" who="3" fromWho="3" sc="283,-13,163,-13,184,-13,370,39" owari="270,7.0,150,-35.0,171,-22.9,409,50.9" /></mjloggm>