<mjloggm ver="2.3"><GO type="225" lobby="0"/><UN n0="%E3%81%AF%E3%82%88%E3%81%8A%E3%81%98%E3%81%95%E3%82%93" n1="%E3%81%9F%E3%81%93%E2%98%86%E7%84%BC%E3%81%8D" n2="%E3%81%82%E3%83%BC%E3%81%97" n3="%E3%83%A9%E3%83%96%E3%83%AC%E3%83%BC" dan="16,16,16,17" rate="2095.49,2070.53,2110.10,2214.01" sx="M,M,M,M"/><TAIKYOKU oya="0"/><INIT seed="0,0,0,5,0,55" ten="250,250,250,250" oya="0" hai0="84,103,70,82,96,112,99,135,8,79,28,62,69" hai1="12,20,88,102,0,72,66,10,5,52,80,9,86" hai2="121,134,53,104,3,127,122,47,60,129,18,17,45" hai3="61,33,76,56,15,27,29,114,31,25,19,130,95"/><T51/><D112/><U98/><E66/><V116/><F104/><W2/><G2/><T91/><D135/><U49/><E72/><V44/><F3/><W35/><G130/><T50/><D28/><U38/><E38/><V11/><F129/><W6/><G76/><T21/><D21/><U93/><E20/><V87/><F134/><W109/><G109/><T4/><D79/><U48/><E48/><V63/><F127/><W14/><G95/><T41/><D41/><U37/><E37/><V132/><F132/><W89/><G89/><T113/><D113/><U32/><E10/><V128/><F128/><W26/><G114/><T97/><D103/><U110/><E110/><V40/><F40/><W123/><G123/><T36/><D36/><U115/><E115/><V118/><F87/><W67/><G6/><T71/><REACH who="0" step="1"/><D62/><REACH who="0" ten="240,250,250,250" step="2"/><U94/><E32/><V75/><F63/><W58/><G35/><T85/><D85/><U77/><E0/><AGARI ba="0,1" hai="0,4,8,50,51,69,70,71,82,84,91,96,97,99" machi="0" ten="50,2400,0" yaku="1,1,53,0" doraHai="55" doraHaiUra="119" who="0" fromWho="1" sc="240,34,250,-24,250,0,250,0" /><INIT seed="0,1,0,3,5,81" ten="274,226,250,250" oya="0" hai0="60,97,2,51,63,109,123,53,106,29,133,72,121" hai1="87,42,36,62,90,103,115,21,23,32,64,84,69" hai2="102,74,127,55,27,10,91,66,107,22,82,94,116" hai3="13,5,86,26,31,79,124,83,15,7,78,125,6"/><T71/><D2/><U17/><E32/><V35/><F35/><W70/><G70/><T12/><D72/><U132/><E115/><V49/><F127/><N who="3" m="48715" /><G79/><T54/><D29/><U52/><E132/><V128/><F66/><W48/><G48/><T47/><D12/><U129/><E103/><V38/><F38/><W101/><G101/><T16/><D16/><U0/><E129/><V20/><F128/><W89/><G89/><T92/><D92/><U61/><E0/><V76/><F10/><W34/><AGARI ba="1,0" hai="5,6,7,13,15,26,31,34,78,83,86" m="48715" machi="34" ten="30,2000,0" yaku="18,1,52,1" doraHai="81" who="3" fromWho="3" sc="274,-11,226,-6,250,-6,250,23" /><INIT seed="1,0,0,0,5,93" ten="263,220,244,273" oya="1" hai0="79,82,121,55,91,5,85,72,109,36,90,32,53" hai1="94,103,4,21,22,58,114,96,108,65,14,111,17" hai2="9,3,47,84,27,12,75,98,101,62,127,57,23" hai3="106,54,25,107,128,113,20,123,99,11,42,119,105"/><U95/><E114/><V81/><F75/><W102/><G123/><T60/><D32/><U8/><E65/><V37/><F127/><W34/><G34/><T120/><D36/><U64/><E64/><V126/><F3/><W52/><G113/><T116/><D116/><U68/><E68/><V40/><F126/><W6/><G42/><T89/><D109/><N who="1" m="42059" /><E58/><V71/><F71/><W92/><G128/><T49/><D5/><U97/><E4/><V13/><F9/><W31/><REACH who="3" step="1"/><G119/><REACH who="3" ten="263,220,244,263" step="2"/><T133/><D120/><U29/><E29/><V33/><F33/><W46/><G46/><T83/><D121/><U45/><E45/><V2/><F47/><W77/><G77/><T7/><D79/><U43/><E43/><V74/><F40/><W122/><G122/><T15/><D133/><U117/><E117/><V24/><F74/><W73/><G73/><T135/><D72/><U56/><E56/><V132/><F57/><W41/><G41/><T124/><D135/><U19/><E19/><V51/><F132/><W59/><G59/><T115/><D115/><U130/><E130/><V0/><F37/><W26/><G26/><T70/><D70/><U63/><E63/><V35/><F62/><W48/><G48/><T134/><D134/><U110/><N who="1" m="42067" /><U129/><DORA hai="118" /><E129/><V131/><F131/><W39/><G39/><T86/><D124/><U16/><E17/><V30/><F51/><W100/><G100/><AGARI ba="0,1" hai="8,14,16,21,22,94,95,96,97,100,103" m="42067" machi="100" ten="40,12000,1" yaku="14,1,10,1,52,2,54,1" doraHai="93,118" who="1" fromWho="3" sc="263,0,220,130,244,0,263,-120" /><INIT seed="1,1,0,1,3,62" ten="263,350,244,143" oya="1" hai0="34,113,42,25,91,18,74,89,56,26,77,15,105" hai1="69,32,128,10,6,44,64,75,99,51,54,125,66" hai2="5,106,67,78,95,30,83,53,117,19,92,39,61" hai3="133,60,123,12,103,134,1,97,9,85,68,116,129"/><U111/><E75/><V43/><F106/><W24/><G123/><T49/><D105/><U73/><E69/><V16/><F117/><W22/><G116/><T35/><D113/><U52/><E73/><V127/><F5/><W65/><G1/><T130/><D130/><U118/><E128/><V72/><F30/><W124/><G129/><T14/><D74/><U82/><E32/><V101/><F53/><W88/><G124/><T98/><D77/><U21/><E125/><V2/><F2/><W8/><G97/><T122/><D122/><U71/><E71/><V13/><F101/><W38/><G38/><T87/><D98/><U7/><E82/><V115/><F19/><W86/><G85/><T76/><D76/><U80/><E80/><V29/><F29/><N who="3" m="17559" /><G103/><T23/><D89/><U131/><E111/><V36/><F115/><W57/><G68/><T70/><D70/><U31/><E131/><V126/><F127/><W20/><G134/><T102/><D102/><U55/><E99/><V17/><F17/><N who="3" m="10279" /><G133/><T84/><D84/><U0/><E6/><V104/><F104/><W114/><G114/><T45/><D34/><U108/><E108/><V110/><F110/><W112/><G112/><T135/><D135/><U132/><E118/><V81/><F81/><AGARI ba="1,0" hai="8,9,57,60,65,81,86,88" m="10279,17559" machi="81" ten="30,3900,0" yaku="8,1,52,1,54,1" doraHai="62" who="3" fromWho="2" sc="263,0,350,0,244,-42,143,42" /><INIT seed="2,0,0,0,2,59" ten="263,350,202,185" oya="2" hai0="91,62,90,89,95,29,112,43,134,63,104,18,123" hai1="32,82,26,68,114,28,81,56,8,67,27,132,120" hai2="73,61,102,4,65,31,88,87,101,122,113,54,34" hai3="5,46,111,52,107,16,50,83,1,25,40,84,74"/><V17/><F122/><W58/><G107/><T23/><D112/><U110/><E110/><V105/><F73/><W71/><G111/><T77/><D104/><U55/><E132/><V19/><F113/><W35/><G74/><T76/><D123/><U60/><E120/><V21/><F4/><W49/><G71/><T45/><D134/><U99/><E8/><V128/><F34/><W115/><G35/><T133/><D133/><U98/><E26/><N who="2" m="16847" /><F65/><W24/><G115/><T41/><D29/><U47/><E47/><V129/><F105/><W96/><G96/><T0/><D0/><U51/><E114/><V72/><F72/><W124/><G124/><T119/><D95/><U20/><E32/><V36/><F36/><W93/><G93/><T75/><D119/><U85/><E82/><N who="2" m="49271" /><F129/><W2/><G2/><T53/><D75/><U22/><E22/><V127/><F127/><W37/><G37/><T126/><D126/><U80/><E80/><V64/><F64/><W86/><G5/><T92/><D92/><U103/><E103/><N who="2" m="39435" /><F128/><W33/><G1/><T94/><D94/><U130/><E130/><V15/><F15/><W79/><G33/><T116/><D116/><U10/><E68/><V117/><F117/><W12/><G84/><T44/><D90/><U118/><E99/><V13/><F13/><W7/><G7/><T38/><D23/><AGARI ba="0,0" hai="12,16,23,24,25,40,46,49,50,52,58,79,83,86" machi="23" ten="30,7700,0" yaku="7,1,8,1,54,2" doraHai="59" who="3" fromWho="0" sc="263,-77,350,0,202,0,185,77" /><INIT seed="3,0,0,4,5,105" ten="186,350,202,262" oya="3" hai0="95,90,71,50,11,23,30,55,67,8,119,21,4" hai1="17,113,120,102,117,72,31,5,59,19,135,75,37" hai2="42,111,86,38,41,43,14,65,133,49,25,20,82" hai3="116,130,97,54,56,89,110,28,106,60,6,1,94"/><W77/><G116/><T7/><D119/><U24/><E37/><V64/><F38/><W39/><G39/><T78/><D71/><U131/><E113/><V51/><F111/><W99/><G28/><T107/><D107/><U91/><E120/><V18/><F133/><W62/><G130/><T104/><D104/><U74/><E131/><V9/><F65/><W80/><G110/><T109/><D109/><U29/><E135/><V112/><F64/><W132/><G132/><T73/><D67/><U10/><E102/><V84/><F112/><W48/><G1/><T52/><D73/><U126/><E126/><V2/><F2/><W108/><G6/><N who="0" m="2091" /><D78/><U27/><E91/><N who="2" m="51607" /><F86/><W45/><G108/><T15/><D30/><AGARI ba="0,0" hai="9,14,18,20,25,30,41,42,43,49,51" m="51607" machi="30" ten="30,1000,0" yaku="8,1" doraHai="105" who="2" fromWho="0" sc="186,-10,350,0,202,10,262,0" owari="176,-32.4,350,45.0,212,-18.8,262,6.2" /></mjloggm>