<mjloggm ver="2.3"><GO type="225" lobby="0"/><UN n0="%E5%A4%9C%E5%85%89%E5%A4%A9%E6%A5%BC" n1="%E3%83%81%E3%83%AF%E3%83%AF%E9%9A%8A%E9%95%B7" n2="%E3%83%A9%E3%83%BC%E3%83%A1%E3%83%B3%E4%BA%94%E9%83%8E" n3="%72%69%6F%75%63%68%61%6E" dan="17,16,16,16" rate="2167.41,2100.34,2083.78,2163.75" sx="F,M,M,M"/><TAIKYOKU oya="0"/><INIT seed="0,0,0,0,5,40" ten="250,250,250,250" oya="0" hai0="90,93,42,33,5,124,63,81,72,130,69,119,122" hai1="92,135,103,83,13,95,32,22,27,4,44,88,133" hai2="74,131,16,82,121,91,51,109,36,105,98,26,53" hai3="56,25,11,1,132,23,65,7,129,38,108,59,120"/><T41/><D119/><U123/><E123/><V3/><F121/><W49/><G108/><T94/><D122/><U64/><E32/><V87/><F109/><W2/><G120/><T70/><D33/><U75/><E64/><V113/><F113/><W37/><G129/><T107/><D107/><U50/><E103/><V20/><F131/><W6/><G132/><N who="1" m="50762" /><E4/><V8/><F36/><W76/><G76/><T21/><D130/><U117/><E13/><V134/><F134/><W9/><G59/><T48/><D5/><U39/><E39/><V35/><F74/><W112/><G112/><T114/><D70/><U28/><E117/><V102/><F35/><W99/><G99/><T14/><D114/><U19/><E28/><V52/><REACH who="2" step="1"/><F51/><REACH who="2" ten="250,250,240,250" step="2"/><W43/><G43/><N who="0" m="16395" /><D48/><U55/><E75/><V57/><F57/><W128/><G128/><T18/><D72/><U106/><E106/><V101/><F101/><W34/><G34/><T104/><D104/><U24/><E24/><V73/><F73/><W127/><G127/><T80/><D124/><U71/><E71/><V84/><F84/><AGARI ba="0,1" hai="19,22,27,44,50,55,83,84,88,92,95" m="50762" machi="84" ten="30,3900,0" yaku="20,1,52,1,54,1" doraHai="40" who="1" fromWho="2" sc="250,0,250,49,240,-39,250,0" /><INIT seed="1,0,0,1,3,118" ten="250,299,201,250" oya="1" hai0="43,81,24,21,125,2,44,76,1,89,129,51,26" hai1="5,9,90,40,64,13,97,11,54,7,83,49,105" hai2="91,84,17,80,85,61,127,77,30,115,12,87,38" hai3="121,29,42,58,10,20,112,56,106,6,39,128,27"/><U37/><E37/><V122/><F38/><W68/><G121/><T25/><D129/><U103/><E40/><V14/><F127/><W23/><G112/><T78/><D125/><U33/><E33/><V48/><F115/><W32/><G128/><T120/><D2/><U15/><E64/><V67/><F122/><W94/><G106/><T102/><D1/><U135/><E135/><V35/><F48/><W8/><G68/><T16/><D102/><U50/><E54/><V74/><F91/><W100/><G10/><T82/><D120/><U62/><E62/><V72/><F72/><W107/><G107/><T114/><D89/><U71/><E71/><V98/><F98/><W66/><G42/><T59/><D59/><U88/><REACH who="1" step="1"/><E90/><REACH who="1" ten="250,289,201,250" step="2"/><V119/><F35/><W28/><G39/><T101/><D114/><U34/><E34/><V36/><F36/><W95/><G66/><T92/><D78/><U123/><E123/><V132/><F132/><W113/><G113/><T109/><D76/><U70/><E70/><V45/><F67/><W63/><G63/><T57/><D43/><U19/><E19/><V99/><F61/><W96/><G29/><T130/><D130/><U131/><E131/><V104/><F30/><W65/><G65/><T69/><D69/><U55/><E55/><V73/><F17/><W3/><G95/><T31/><D92/><U47/><E47/><V111/><F45/><W46/><G46/><T108/><D44/><U18/><E18/><V60/><F77/><W41/><G41/><T79/><D79/><U133/><E133/><V116/><F60/><RYUUKYOKU ba="0,1" sc="250,-15,289,15,201,-15,250,15" hai1="5,7,9,11,13,15,49,50,83,88,97,103,105" hai3="3,6,8,20,23,27,28,32,56,58,94,96,100" /><INIT seed="1,1,1,4,3,65" ten="235,304,186,265" oya="1" hai0="20,18,12,11,10,67,53,77,4,22,55,38,91" hai1="23,121,96,118,123,47,64,61,31,17,30,90,80" hai2="68,131,94,41,92,43,19,116,25,111,135,84,99" hai3="34,125,70,132,56,62,3,35,66,78,130,83,29"/><U63/><E118/><V60/><F116/><W71/><G3/><T69/><D38/><U106/><E123/><V86/><F111/><W98/><G125/><T95/><D77/><U89/><E121/><V79/><F131/><W32/><G130/><T16/><D69/><U37/><E63/><V1/><F1/><W42/><G132/><T5/><D67/><U6/><E6/><V2/><F2/><W26/><G42/><T114/><D114/><U48/><E37/><V122/><F122/><W93/><G83/><T54/><D5/><U102/><E90/><V74/><F74/><W127/><G78/><T117/><D117/><U85/><E17/><N who="0" m="6761" /><D11/><U40/><REACH who="1" step="1"/><E23/><REACH who="1" ten="235,294,186,265" step="2"/><V115/><F60/><W57/><G127/><T33/><D33/><U97/><E97/><AGARI ba="1,2" hai="4,10,12,20,22,53,54,55,91,95,97" m="6761" machi="97" ten="30,2000,0" yaku="8,1,54,1" doraHai="65" who="0" fromWho="1" sc="235,43,294,-23,186,0,265,0" /><INIT seed="2,0,0,0,4,86" ten="278,271,186,265" oya="2" hai0="118,127,135,50,81,69,62,110,43,20,1,38,48" hai1="67,66,68,104,115,23,134,6,64,24,128,5,75" hai2="7,35,73,82,26,71,34,96,46,54,19,111,88" hai3="61,53,13,14,116,126,90,106,84,44,36,112,22"/><V74/><F71/><W41/><G116/><T60/><D1/><U95/><E104/><V113/><F113/><W40/><G106/><T29/><D118/><U133/><E68/><V122/><F122/><W33/><G33/><T70/><D29/><U105/><E105/><V83/><F73/><W11/><G112/><T4/><D4/><U92/><E75/><V49/><F74/><W12/><G126/><T25/><D69/><U94/><E115/><V132/><F132/><N who="1" m="50793" /><E128/><V72/><F72/><W91/><G40/><T124/><D135/><U9/><E9/><V59/><F111/><W79/><G22/><T37/><D110/><U17/><AGARI ba="0,0" hai="5,6,17,23,24,64,66,67,92,94,95" m="50793" machi="17" ten="40,1500,0" yaku="20,1" doraHai="86" who="1" fromWho="1" sc="278,-4,271,15,186,-7,265,-4" /><INIT seed="3,0,0,3,1,104" ten="274,286,179,261" oya="3" hai0="37,133,82,7,38,80,97,16,14,55,130,79,127" hai1="73,60,124,10,93,105,66,8,18,70,61,50,28" hai2="24,132,40,3,68,26,118,98,76,29,121,125,107" hai3="114,110,41,32,48,39,71,19,116,51,99,128,78"/><W115/><G116/><T89/><D130/><U77/><E105/><V81/><F118/><W87/><G32/><T9/><D127/><U131/><E124/><V45/><F125/><W36/><G128/><T49/><D133/><U25/><E131/><V54/><F68/><W83/><G71/><T102/><D7/><U30/><E30/><V75/><F132/><W117/><G117/><T56/><D82/><U6/><E60/><V90/><F121/><W134/><G134/><T92/><REACH who="0" step="1"/><D102/><REACH who="0" ten="264,286,179,261" step="2"/><U52/><E6/><V96/><F81/><W129/><G129/><T94/><D94/><U84/><E93/><V72/><F107/><W59/><G110/><T58/><D58/><U31/><E70/><V46/><F45/><W53/><G115/><T15/><D15/><U17/><E25/><V43/><F26/><W123/><G114/><T21/><D21/><U95/><E95/><V57/><F46/><W34/><G123/><T12/><D12/><U74/><E8/><V122/><F122/><W44/><G34/><T119/><D119/><U47/><E10/><V106/><F106/><W63/><G99/><T109/><D109/><U111/><E111/><V120/><F120/><W27/><REACH who="3" step="1"/><G63/><REACH who="3" ten="264,286,179,251" step="2"/><T2/><D2/><U135/><E61/><V62/><F3/><W4/><G4/><T11/><D11/><U1/><E1/><V42/><F98/><W103/><G103/><T65/><D65/><U5/><E66/><V101/><F101/><W108/><G108/><T67/><D67/><U100/><E100/><V86/><F96/><W13/><G13/><T85/><AGARI ba="0,2" hai="9,14,16,37,38,49,55,56,79,80,85,89,92,97" machi="85" ten="20,8000,1" yaku="1,1,5,1,0,1,7,1,54,1,53,0" doraHai="104" doraHaiUra="20" who="0" fromWho="0" sc="264,100,286,-20,179,-20,251,-40" owari="364,46.4,266,6.6,159,-34.1,211,-18.9" /></mjloggm>