<mjloggm ver="2.3"><GO type="225" lobby="0"/><UN n0="%33%74%72%65%65" n1="%E3%82%BC%E3%83%AB%E3%83%80%E3%81%AE%E4%BC%9D%E8%AA%AC" n2="%65%6B%61%72%75%74%65" n3="%E8%81%B7%E6%A5%AD%E3%80%81%E9%A2%A8%32" dan="16,16,16,16" rate="2152.75,2212.58,2171.44,2158.35" sx="F,M,M,M"/><TAIKYOKU oya="0"/><INIT seed="0,0,0,0,0,109" ten="250,250,250,250" oya="0" hai0="20,88,99,60,4,61,1,73,8,72,39,17,47" hai1="115,96,118,59,70,36,55,10,11,66,2,114,131" hai2="54,32,49,106,71,51,134,27,94,108,85,135,46" hai3="14,21,82,83,29,101,44,81,102,34,28,113,133"/><T6/><D6/><U98/><E118/><V122/><F122/><W58/><G133/><N who="2" m="50697" /><F108/><W92/><G113/><N who="1" m="43018" /><E131/><V37/><F106/><W15/><G34/><T119/><D119/><U23/><E36/><V91/><F71/><W41/><G58/><T22/><D73/><U24/><E66/><V130/><F130/><W30/><G92/><T89/><D72/><U120/><E70/><V124/><F124/><W26/><G26/><T117/><D117/><U128/><E120/><V18/><F51/><N who="3" m="27023" /><G21/><T79/><D20/><U19/><E128/><V121/><F37/><W38/><G38/><T100/><D79/><U110/><E110/><V62/><F32/><W67/><G67/><T104/><D39/><U12/><E2/><V132/><F121/><W63/><G63/><T7/><D7/><N who="1" m="3167" /><E11/><V93/><F132/><W80/><N who="3" m="20480" /><DORA hai="64" /><W125/><G125/><T5/><D5/><U111/><E111/><V90/><F90/><W42/><G42/><T65/><D89/><U129/><E129/><V76/><F91/><W57/><G57/><T74/><D88/><U69/><E69/><V31/><F76/><W112/><G112/><T40/><D1/><U127/><E127/><V13/><F46/><W0/><G0/><T86/><D65/><U126/><E126/><V105/><F54/><W45/><G45/><T43/><D47/><U33/><E33/><V56/><F56/><W50/><G50/><AGARI ba="0,0" hai="19,23,24,50,55,59,96,98" m="3167,43018" machi="50" ten="30,7700,0" yaku="11,1,52,3" doraHai="109,64" who="1" fromWho="3" sc="250,0,250,77,250,0,250,-77" /><INIT seed="1,0,0,3,5,102" ten="250,327,250,173" oya="1" hai0="29,124,12,60,89,92,119,71,76,32,41,66,82" hai1="133,104,50,58,108,19,90,126,94,100,39,61,74" hai2="8,35,37,115,120,98,57,49,88,16,24,95,59" hai3="72,109,121,122,135,85,30,55,33,48,26,64,51"/><U62/><E39/><V23/><F120/><W68/><G72/><T46/><D119/><U99/><E126/><V40/><F115/><W45/><G109/><T9/><D124/><U65/><E108/><V80/><F35/><W113/><G113/><T103/><D103/><U20/><E133/><V110/><F110/><W2/><G2/><T131/><D131/><U43/><E74/><V73/><F37/><W52/><G135/><T3/><D3/><U125/><E125/><V67/><F67/><W106/><G106/><T129/><D129/><U77/><E77/><V56/><F8/><W117/><G117/><T91/><D92/><U25/><E62/><V127/><F127/><W111/><G111/><T22/><D32/><U84/><E50/><V28/><F28/><W128/><G128/><T4/><D22/><U31/><REACH who="1" step="1"/><E43/><REACH who="1" ten="250,317,250,173" step="2"/><V36/><F36/><W63/><REACH who="3" step="1"/><G85/><REACH who="3" ten="250,317,250,163" step="2"/><T1/><D1/><U14/><E14/><V5/><F73/><W83/><G83/><T81/><D81/><U97/><E97/><V116/><F80/><W75/><G75/><T10/><D82/><U130/><E130/><V112/><F116/><W101/><G101/><T107/><D12/><U105/><E105/><V96/><F112/><W78/><G78/><T69/><D76/><U93/><E93/><V54/><F98/><W18/><G18/><AGARI ba="0,2" hai="18,19,20,25,31,58,61,65,84,90,94,99,100,104" machi="18" ten="40,3900,0" yaku="1,1,52,1,53,0" doraHai="102" doraHaiUra="132" who="1" fromWho="3" sc="250,0,317,59,250,0,163,-39" /><INIT seed="1,1,0,3,0,93" ten="250,376,250,124" oya="1" hai0="82,124,134,61,20,54,75,31,38,45,40,32,48" hai1="7,102,104,2,59,39,28,95,60,112,25,86,122" hai2="126,80,98,6,91,87,111,55,37,81,19,84,106" hai3="107,89,121,14,78,67,58,132,83,22,29,130,113"/><U129/><E112/><V52/><F37/><W108/><G113/><T120/><D134/><U34/><E122/><V21/><F6/><W24/><G121/><T64/><D120/><U123/><E123/><V56/><F111/><W11/><G108/><T1/><D1/><U117/><E117/><V125/><F106/><W118/><G132/><T88/><D124/><N who="2" m="47722" /><F98/><W128/><G107/><T70/><D32/><U131/><E39/><V85/><F56/><W94/><G118/><T53/><D53/><N who="2" m="20554" /><F91/><W65/><G58/><N who="0" m="33095" /><D75/><U74/><E74/><V133/><F133/><W105/><G105/><T76/><D76/><U114/><E114/><V135/><F135/><W66/><G78/><T27/><D88/><N who="1" m="53655" /><E7/><V116/><F116/><W101/><G83/><AGARI ba="1,0" hai="20,27,31,38,40,45,61,64,70,82,83" m="33095" machi="83" ten="30,1000,0" yaku="24,1" doraHai="93" who="0" fromWho="3" sc="250,13,376,0,250,0,124,-13" /><INIT seed="2,0,0,2,1,23" ten="263,376,250,111" oya="2" hai0="121,64,14,50,72,131,76,68,114,45,93,36,130" hai1="11,47,91,122,67,75,106,46,37,117,74,32,88" hai2="9,27,80,126,70,103,34,92,25,132,21,22,109" hai3="133,77,69,89,115,24,128,7,79,86,28,123,78"/><V10/><F70/><W83/><G123/><T55/><D121/><U4/><E122/><V73/><F34/><W101/><G69/><T96/><D114/><U85/><E117/><V82/><F126/><W102/><G115/><T43/><D72/><U95/><E106/><V98/><F132/><W3/><G133/><T26/><D76/><U71/><E32/><V5/><F109/><W113/><G113/><T39/><D14/><U87/><E67/><V127/><F127/><W13/><G3/><T48/><D26/><N who="2" m="9738" /><F73/><W17/><G7/><T112/><D112/><U125/><E71/><V38/><F38/><N who="0" m="14378" /><D93/><U40/><E47/><V65/><F65/><W111/><G111/><T120/><D96/><U1/><E125/><V15/><F9/><W116/><G116/><T81/><D81/><AGARI ba="0,0" hai="1,4,11,37,40,46,74,75,81,85,87,88,91,95" machi="81" ten="30,2000,0" yaku="7,1,54,1" doraHai="23" who="1" fromWho="0" sc="263,-20,376,20,250,0,111,0" /><AGARI ba="0,0" hai="5,10,15,21,22,80,81,82,92,98,103" m="9738" machi="81" ten="30,11600,0" yaku="8,1,52,3" doraHai="23" who="2" fromWho="0" sc="243,-116,396,0,250,116,111,0" /><INIT seed="2,1,0,3,2,102" ten="127,396,366,111" oya="2" hai0="86,0,38,36,84,72,16,125,53,57,103,107,85" hai1="59,71,68,23,96,25,14,119,92,30,94,4,132" hai2="58,79,29,63,67,118,114,133,88,27,110,90,18" hai3="122,64,35,55,32,13,22,123,19,39,111,47,41"/><V116/><F114/><W10/><G111/><T95/><D72/><U120/><E119/><V52/><F110/><W73/><G73/><T104/><D0/><U106/><E132/><V77/><F133/><W115/><G115/><T75/><D75/><U17/><E120/><V93/><F116/><W43/><G64/><T83/><D83/><U109/><E109/><V98/><F118/><W2/><G43/><T1/><D1/><U62/><E4/><V108/><F108/><W37/><G37/><T112/><D112/><U8/><E106/><V51/><F90/><W126/><G126/><T117/><D117/><U45/><E45/><N who="2" m="27759" /><F29/><W76/><G76/><T6/><D6/><U28/><E30/><V70/><F70/><W7/><G55/><T74/><D74/><U44/><E44/><V81/><F81/><W49/><REACH who="3" step="1"/><G39/><REACH who="3" ten="127,396,366,101" step="2"/><T15/><D125/><U66/><REACH who="1" step="1"/><E94/><REACH who="1" ten="127,386,366,101" step="2"/><V97/><F98/><W65/><G65/><T113/><D113/><U24/><E24/><V121/><F121/><AGARI ba="1,2" hai="2,7,10,13,19,22,32,35,41,47,49,121,122,123" machi="121" ten="40,1300,0" yaku="1,1,53,0" doraHai="102" doraHaiUra="69" who="3" fromWho="2" sc="127,0,386,0,366,-16,101,36" /><INIT seed="3,0,0,5,4,39" ten="127,386,350,137" oya="3" hai0="119,30,70,133,84,117,15,98,11,4,86,52,19" hai1="108,72,56,116,40,62,107,53,34,101,82,55,54" hai2="128,9,61,85,134,102,65,42,83,8,99,67,3" hai3="106,127,17,28,87,21,63,7,13,66,59,112,36"/><W25/><G112/><T64/><D133/><U120/><E120/><V0/><F134/><W110/><G106/><T121/><D121/><U18/><E34/><V114/><F114/><W74/><G74/><T68/><D30/><U123/><E123/><V93/><F128/><W88/><G36/><T71/><D64/><U105/><E40/><V32/><F32/><W24/><G127/><T1/><D98/><U38/><E38/><V96/><F96/><W29/><G110/><T77/><D52/><U51/><E108/><V26/><F26/><N who="3" m="10347" /><G7/><T103/><D103/><U49/><E116/><V92/><F92/><AGARI ba="0,0" hai="13,17,21,28,29,59,63,66,87,88,92" m="10347" machi="92" ten="30,2900,0" yaku="8,1,54,1" doraHai="39" who="3" fromWho="2" sc="127,0,386,0,350,-29,137,29" /><INIT seed="3,1,0,5,1,30" ten="127,386,321,166" oya="3" hai0="22,9,60,5,17,3,107,24,63,93,69,58,128" hai1="42,13,7,84,101,129,48,52,131,83,126,56,109" hai2="33,6,132,92,88,31,18,82,116,34,78,64,114" hai3="2,14,97,85,94,135,49,74,99,26,67,120,28"/><W62/><G2/><T79/><D107/><U95/><E109/><V43/><F116/><W45/><G74/><T19/><D128/><N who="1" m="49227" /><E126/><V23/><F114/><W0/><G0/><T8/><D79/><N who="1" m="46207" /><E42/><V32/><F6/><W4/><G120/><T50/><D69/><U98/><E13/><V111/><F64/><W71/><G135/><T54/><D8/><U73/><E7/><V102/><F102/><W39/><G39/><T72/><D72/><AGARI ba="1,0" hai="48,52,56,72,73,95,98,101" m="46207,49227" machi="72" ten="30,2000,0" yaku="19,1,54,1" doraHai="30" who="1" fromWho="0" sc="127,-23,386,23,321,0,166,0" owari="104,-39.6,409,50.9,321,12.1,166,-23.4" /></mjloggm>