<mjloggm ver="2.3"><GO type="225" lobby="0"/><UN n0="%72%69%6F%75%63%68%61%6E" n1="%E6%A0%B9%E5%85%83%E3%81%8B%E3%82%89%E5%90%B9%E3%81%A3%E9%A3%9B%E3%81%B6" n2="%E3%81%AF%E3%82%88%E3%81%8A%E3%81%98%E3%81%95%E3%82%93" n3="%6D%75%75%6D%75%72%61" dan="17,16,16,17" rate="2258.11,2173.73,2138.61,2180.84" sx="M,F,M,F"/><TAIKYOKU oya="0"/><INIT seed="0,0,0,2,0,4" ten="250,250,250,250" oya="0" hai0="103,116,68,86,95,80,108,22,100,46,93,53,38" hai1="54,44,71,59,79,64,120,16,98,107,99,92,72" hai2="1,3,111,0,89,43,127,97,12,40,130,49,121" hai3="8,55,27,69,129,119,113,74,24,101,63,11,36"/><T50/><D116/><U39/><E120/><V85/><F121/><W78/><G119/><T90/><D68/><U81/><E107/><V45/><F111/><W83/><G113/><T33/><D33/><U60/><E16/><V42/><F127/><W37/><G129/><T52/><D108/><U102/><E99/><V128/><F97/><W109/><G109/><T88/><D38/><U14/><E14/><V117/><F117/><W18/><G101/><N who="0" m="38987" /><D22/><U34/><E34/><V17/><F128/><W9/><G18/><T124/><D124/><U84/><E72/><V66/><F66/><W104/><G104/><T58/><D90/><U26/><E26/><V96/><F96/><W25/><REACH who="3" step="1"/><G55/><REACH who="3" ten="250,250,250,240" step="2"/><T87/><D86/><U7/><E7/><V51/><F130/><W32/><G32/><T135/><D135/><U57/><E54/><V65/><F85/><W123/><G123/><T29/><D29/><U106/><E106/><V126/><F126/><W75/><G75/><T13/><D13/><U76/><E79/><V2/><F2/><W23/><G23/><T35/><D35/><U82/><E84/><V19/><F19/><W62/><G62/><AGARI ba="0,1" hai="46,50,52,53,58,62,80,87,88,93,95" m="38987" machi="62" ten="30,5800,0" yaku="8,1,54,2" doraHai="4" who="0" fromWho="3" sc="250,68,250,0,250,0,240,-58" /><INIT seed="0,1,0,4,1,60" ten="318,250,250,182" oya="0" hai0="95,22,63,94,11,54,75,76,134,29,124,120,108" hai1="51,121,5,45,2,133,8,96,19,104,88,37,86" hai2="3,47,17,110,66,26,46,7,61,6,123,58,80" hai3="72,71,127,25,48,125,18,23,78,49,93,24,85"/><T82/><D120/><U15/><E133/><V53/><F123/><W116/><G116/><T111/><D124/><U67/><E121/><V112/><F112/><W0/><G0/><T83/><D134/><U100/><E37/><V32/><F110/><N who="0" m="42026" /><D11/><U97/><E67/><V65/><F32/><W62/><G72/><T128/><D128/><U117/><E117/><V40/><F3/><W56/><G71/><T16/><D29/><U31/><E31/><V35/><F35/><W91/><G78/><N who="0" m="44383" /><D54/><U20/><E100/><V90/><F6/><W106/><G106/><T38/><D63/><U130/><E104/><V135/><F7/><W126/><REACH who="3" step="1"/><G25/><REACH who="3" ten="318,250,250,172" step="2"/><N who="0" m="14535" /><D38/><U57/><E130/><V87/><F135/><W131/><G131/><T101/><D101/><U79/><E79/><V52/><F26/><W39/><G39/><T98/><D98/><U12/><E2/><V28/><F87/><AGARI ba="1,1" hai="76,83,87,94,95" m="14535,44383,42026" machi="87" ten="30,5800,0" yaku="14,1,10,1,54,1" doraHai="60" who="0" fromWho="2" sc="318,71,250,0,250,-61,172,0" /><INIT seed="0,2,0,3,0,124" ten="389,250,189,172" oya="0" hai0="16,74,58,19,4,127,88,36,80,83,13,77,81" hai1="133,110,112,55,44,18,39,69,56,82,12,70,130" hai2="89,115,126,73,64,125,90,101,134,7,1,66,57" hai3="102,52,59,40,15,28,65,103,9,14,35,84,23"/><T117/><D117/><U93/><E110/><V45/><F115/><W10/><G35/><T87/><D127/><N who="2" m="48650" /><F73/><W79/><G65/><N who="2" m="25193" /><F134/><W135/><G135/><T61/><D36/><U113/><E133/><V26/><F101/><W91/><G79/><T97/><D97/><U11/><E82/><V67/><F45/><W63/><G40/><T21/><D81/><U53/><E93/><V48/><F26/><N who="3" m="16479" /><G14/><T62/><D4/><U33/><E112/><V104/><F104/><W29/><G29/><T49/><REACH who="0" step="1"/><D19/><REACH who="0" ten="379,250,189,172" step="2"/><U119/><E18/><V114/><F114/><W51/><G10/><T25/><D25/><U37/><E11/><V27/><F27/><W105/><G105/><T92/><D92/><U96/><E113/><V118/><F7/><N who="3" m="3519" /><G51/><T5/><D5/><U100/><E37/><V43/><F118/><W129/><G129/><T86/><D86/><U50/><E130/><V42/><F1/><W128/><G128/><T94/><D94/><AGARI ba="2,1" hai="52,59,63,84,91,94,102,103" m="3519,16479" machi="94" ten="30,2000,0" yaku="8,1,54,1" doraHai="124" who="3" fromWho="0" sc="379,-26,250,0,189,0,172,36" /><INIT seed="1,0,0,5,3,87" ten="353,250,189,208" oya="1" hai0="120,50,33,99,0,8,58,110,93,81,61,28,113" hai1="117,106,104,76,65,15,90,55,88,100,49,27,71" hai2="29,116,82,1,4,7,107,89,118,133,26,13,57" hai3="10,101,32,69,44,6,19,134,86,45,125,131,74"/><U34/><E117/><V9/><F107/><W59/><G74/><T112/><D110/><U3/><E3/><V75/><F133/><W35/><G69/><T119/><D119/><U103/><E76/><V11/><F57/><W102/><G134/><T20/><D33/><U96/><E15/><V52/><F52/><W72/><G72/><T38/><D38/><U62/><E103/><V92/><F82/><W108/><G108/><T24/><D120/><U25/><E106/><V2/><F13/><W37/><G125/><T130/><D130/><U77/><E77/><V95/><F75/><W21/><G131/><T41/><D81/><U129/><E129/><V78/><F78/><W83/><G32/><T18/><D50/><U30/><E25/><V135/><F135/><W66/><G35/><T84/><D84/><U94/><E94/><V40/><F40/><W97/><G37/><T5/><D41/><U115/><E115/><V127/><F127/><W48/><G66/><T67/><REACH who="0" step="1"/><D18/><REACH who="0" ten="343,250,189,208" step="2"/><U42/><E42/><V17/><F17/><W16/><G19/><T60/><D60/><U14/><REACH who="1" step="1"/><E14/><REACH who="1" ten="343,240,189,208" step="2"/><V56/><F118/><W121/><G121/><T128/><D128/><U51/><E51/><V109/><F116/><W22/><G48/><T105/><D105/><U111/><E111/><V123/><F109/><W23/><G16/><T68/><D68/><U47/><AGARI ba="0,2" hai="27,30,34,47,49,55,62,65,71,88,90,96,100,104" machi="47" ten="20,24000,3" yaku="1,1,0,1,7,1,25,2,52,2,54,1,53,0" doraHai="87" doraHaiUra="12" who="1" fromWho="1" sc="343,-80,240,260,189,-80,208,-80" /><INIT seed="1,1,0,3,1,53" ten="263,500,109,128" oya="1" hai0="99,54,60,119,43,95,65,41,19,100,21,8,64" hai1="118,117,44,73,7,14,109,51,6,104,77,71,0" hai2="31,1,116,55,93,97,107,40,29,70,94,69,5" hai3="92,45,9,80,96,27,132,22,78,81,13,124,39"/><U66/><E104/><V10/><F116/><W36/><G124/><T59/><D119/><U85/><E109/><V105/><F40/><N who="0" m="15434" /><D8/><U114/><E114/><V88/><F105/><W82/><G132/><T101/><D100/><U52/><E73/><V127/><F107/><W121/><G121/><T12/><AGARI ba="1,0" hai="12,19,21,54,59,60,64,65,95,99,101" m="15434" machi="12" ten="30,2000,0" yaku="8,1,52,1" doraHai="53" who="0" fromWho="0" sc="263,23,500,-11,109,-6,128,-6" /><INIT seed="2,0,0,4,2,18" ten="286,489,103,122" oya="2" hai0="121,4,33,54,6,17,39,20,131,25,122,95,82" hai1="91,127,110,5,132,58,83,84,16,85,124,88,22" hai2="23,68,41,129,67,43,48,45,115,109,37,56,1" hai3="89,44,10,24,133,69,72,106,0,12,59,26,130"/><V135/><F1/><W70/><G0/><T123/><D39/><U19/><E110/><V66/><F115/><W21/><G106/><T31/><D82/><N who="1" m="49175" /><E5/><N who="0" m="2153" /><D54/><U108/><E108/><V47/><F109/><W116/><G116/><T27/><D95/><U51/><E132/><V13/><F135/><W38/><G133/><T9/><D9/><U8/><E8/><V80/><F80/><W102/><G10/><T49/><D49/><U96/><E96/><V64/><F129/><AGARI ba="0,0" hai="17,20,25,27,31,33,121,122,123,129,131" m="2153" machi="129" ten="40,5200,0" yaku="34,2,52,1" doraHai="18" who="0" fromWho="2" sc="286,52,489,0,103,-52,122,0" /><INIT seed="3,0,0,1,1,75" ten="338,489,51,122" oya="3" hai0="133,30,42,79,103,6,41,111,127,70,17,126,99" hai1="129,35,98,7,87,134,11,49,100,109,125,69,40" hai2="113,82,23,77,90,25,19,105,68,21,118,104,88" hai3="60,119,24,43,121,50,96,73,8,116,128,10,5"/><W64/><G121/><T130/><D111/><U62/><E125/><N who="0" m="47625" /><D70/><U39/><E49/><V66/><F113/><W33/><G73/><T14/><D130/><U72/><E134/><V51/><F118/><W112/><G8/><N who="0" m="4375" /><D133/><U78/><E87/><V1/><F1/><W37/><G96/><T56/><D30/><U47/><E35/><V110/><F110/><W22/><G24/><T53/><D79/><U45/><E45/><V3/><F3/><W55/><G64/><T59/><D17/><U124/><E129/><V123/><F123/><W13/><G13/><T135/><D135/><U95/><E78/><V74/><F51/><W93/><G22/><T26/><D26/><U71/><E72/><V91/><REACH who="2" step="1"/><F23/><REACH who="2" ten="338,489,41,122" step="2"/><W34/><G50/><N who="0" m="30775" /><D59/><U12/><E109/><V29/><F29/><W32/><G32/><T108/><D108/><U102/><E124/><V4/><F4/><W0/><G0/><T80/><D80/><U58/><E102/><V120/><F120/><W67/><G112/><T97/><D97/><U27/><E27/><V65/><F65/><AGARI ba="0,1" hai="7,11,12,39,40,47,58,62,65,69,71,95,98,100" machi="65" ten="30,1000,0" yaku="7,1" doraHai="75" who="1" fromWho="2" sc="338,0,489,20,41,-10,122,0" owari="338,13.8,509,60.9,31,-46.9,122,-27.8" /></mjloggm>