<mjloggm ver="2.3"><GO type="225" lobby="0"/><UN n0="%E5%B8%86%E7%AB%8B%E5%A4%8F%E8%A1%A3" n1="%E8%83%83%E3%81%A8%E8%85%B8" n2="%72%61%6B%33" n3="%E6%B8%A9%E2%98%85%E6%83%85%E2%98%85%E6%8E%AA%E2%98%85%E7%BD%AE" dan="16,16,16,17" rate="2098.84,2199.50,2094.22,2189.17" sx="M,M,M,M"/><TAIKYOKU oya="0"/><INIT seed="0,0,0,0,3,59" ten="250,250,250,250" oya="0" hai0="106,129,54,134,53,4,114,26,117,25,52,55,89" hai1="83,30,108,135,20,41,107,62,56,45,40,73,102" hai2="112,95,18,90,110,0,44,31,15,119,6,34,99" hai3="33,109,68,75,17,42,133,3,67,121,51,64,11"/><T116/><D114/><U123/><E123/><V10/><F112/><W63/><G121/><T35/><D106/><U38/><E108/><V21/><F44/><W105/><G109/><T115/><D115/><U131/><E131/><V120/><F110/><W76/><G133/><T29/><D134/><U101/><E135/><V71/><F120/><W66/><G33/><T103/><D103/><U81/><E40/><V125/><F71/><W27/><G105/><T5/><D129/><U98/><E101/><V128/><F128/><W48/><G27/><T111/><D111/><U92/><E107/><V43/><F43/><W47/><G51/><T8/><D26/><N who="1" m="16711" /><E73/><V88/><F125/><W127/><G127/><T61/><D89/><U104/><E104/><V94/><F119/><W80/><REACH who="3" step="1"/><G17/><REACH who="3" ten="250,250,250,240" step="2"/><T39/><D39/><U124/><E124/><V49/><F49/><W23/><G23/><T86/><D4/><AGARI ba="0,1" hai="3,4,11,42,47,48,63,64,66,67,68,75,76,80" machi="4" ten="40,2600,0" yaku="1,1,52,1,53,0" doraHai="59" doraHaiUra="118" who="3" fromWho="0" sc="250,-26,250,0,250,0,240,36" /><INIT seed="1,0,0,1,0,14" ten="224,250,250,276" oya="1" hai0="58,79,104,76,64,16,20,123,29,30,131,116,85" hai1="65,17,24,36,10,15,74,38,128,21,56,45,72" hai2="78,54,100,94,40,22,8,96,80,112,114,60,27" hai3="70,12,119,18,67,91,133,34,75,39,126,101,125"/><U4/><E128/><V9/><F40/><W92/><G133/><T63/><D104/><U124/><E124/><N who="3" m="47722" /><G119/><T25/><D116/><U98/><E98/><V122/><F122/><W83/><G34/><T117/><D117/><U49/><E36/><V134/><F134/><W81/><G39/><T13/><D131/><U120/><E38/><V55/><F8/><N who="3" m="6407" /><G101/><T44/><D123/><U19/><E120/><V84/><F9/><W62/><G75/><T68/><D68/><U66/><E4/><V73/><F73/><W88/><G91/><T115/><D115/><N who="2" m="44074" /><F60/><W86/><AGARI ba="0,0" hai="62,67,70,81,83,86,88,92" m="6407,47722" machi="86" ten="30,4000,0" yaku="18,1,52,1,54,1" doraHai="14" who="3" fromWho="3" sc="224,-10,250,-20,250,-10,276,40" /><INIT seed="2,0,0,0,4,124" ten="214,230,240,316" oya="2" hai0="122,22,34,135,2,37,108,53,57,75,58,51,0" hai1="9,80,27,115,39,50,46,110,31,18,64,126,133" hai2="66,40,19,121,111,63,88,96,52,128,85,91,92" hai3="24,86,36,94,68,11,70,14,21,90,95,123,6"/><V99/><F128/><W60/><G123/><T7/><D122/><U93/><E115/><V54/><F121/><W65/><G36/><T10/><D34/><U120/><E39/><V82/><F111/><W12/><G12/><T132/><D108/><U89/><E126/><V59/><F40/><W72/><G72/><T71/><D71/><U113/><E133/><N who="0" m="51273" /><D37/><U48/><E113/><V78/><F19/><W1/><G70/><T38/><D38/><U117/><E64/><V62/><F62/><W97/><G1/><N who="0" m="367" /><D75/><U56/><E110/><V109/><F109/><W77/><G77/><T29/><D58/><U5/><E56/><V55/><REACH who="2" step="1"/><F96/><REACH who="2" ten="214,230,230,316" step="2"/><W73/><G97/><T25/><AGARI ba="0,1" hai="0,2,22,25,29,51,53,57" m="367,51273" machi="25" ten="30,1100,0" yaku="20,1" doraHai="124" who="0" fromWho="0" sc="214,21,230,-3,230,-5,316,-3" /><INIT seed="3,0,0,5,1,29" ten="235,227,225,313" oya="3" hai0="121,36,50,52,110,38,64,81,15,71,115,107,101" hai1="83,99,48,79,93,17,41,67,103,87,20,19,70" hai2="11,13,12,88,33,124,58,113,51,28,72,1,78" hai3="42,43,95,44,108,68,7,26,47,96,61,74,5"/><W35/><G74/><T111/><D121/><U23/><E70/><V57/><F113/><W59/><G68/><T122/><D122/><U32/><E32/><V16/><F1/><W75/><G75/><T86/><D115/><U132/><E67/><V55/><F124/><W94/><G26/><T106/><D15/><U98/><E132/><V97/><F72/><W66/><G35/><T24/><D24/><U18/><E98/><V125/><F125/><W102/><G95/><T8/><D8/><U2/><E2/><V39/><F39/><N who="0" m="14890" /><D101/><U46/><AGARI ba="0,0" hai="17,18,19,20,23,41,46,48,79,83,87,93,99,103" machi="46" ten="30,2000,0" yaku="0,1,8,1" doraHai="29" who="1" fromWho="1" sc="235,-5,227,20,225,-5,313,-10" owari="230,-17.0,247,4.7,220,-28.0,303,40.3" /></mjloggm>