<mjloggm ver="2.3"><GO type="225" lobby="0"/><UN n0="%E6%81%A5%E6%99%92%E3%81%97" n1="%E5%A4%9C%E3%81%AE%E3%82%AC%E3%82%B9%E3%83%91%E3%83%BC%E3%83%AB" n2="%E3%81%A4%E3%81%A3%E3%81%B1%E3%82%8A%E3%83%9D%E3%83%BC%E3%83%AB" n3="%E3%82%BD%E3%83%AB%E3%83%88%E3%82%AF%E3%83%AA%E3%83%BC%E3%82%AF" dan="16,17,16,16" rate="2140.04,2171.48,2128.45,2081.99" sx="M,M,M,M"/><TAIKYOKU oya="0"/><INIT seed="0,0,0,5,3,62" ten="250,250,250,250" oya="0" hai0="80,98,15,85,41,1,25,71,109,105,51,128,11" hai1="135,4,86,121,19,95,17,76,64,134,67,84,52" hai2="65,92,120,100,49,26,131,54,127,39,27,123,90" hai3="20,44,119,32,37,88,38,87,91,96,53,7,56"/><T18/><D128/><U55/><E121/><V50/><F39/><W81/><G119/><T107/><D71/><U22/><E4/><V75/><F75/><W42/><G32/><T35/><D109/><U103/><E76/><V111/><F131/><W10/><G38/><T101/><D107/><U5/><E5/><V108/><F100/><W97/><G20/><T40/><D51/><U79/><E79/><V66/><F92/><W70/><G70/><T122/><D122/><U77/><E77/><V59/><F90/><W73/><G73/><T21/><D1/><U45/><E103/><V110/><F127/><W115/><G91/><T31/><REACH who="0" step="1"/><D35/><REACH who="0" ten="240,250,250,250" step="2"/><U118/><E118/><V133/><F123/><W8/><G115/><T13/><D13/><U9/><E134/><V2/><F120/><W93/><G7/><T23/><D23/><U117/><E135/><V78/><F2/><W14/><G14/><T130/><D130/><U69/><E69/><V106/><F106/><W33/><G33/><T125/><D125/><U113/><E117/><V126/><F126/><W3/><G3/><T46/><D46/><U61/><E113/><V94/><F133/><W30/><G8/><T89/><AGARI ba="0,1" hai="11,15,18,21,25,31,40,41,80,85,89,98,101,105" machi="89" ten="20,3900,0" yaku="1,1,0,1,7,1,53,0" doraHai="62" doraHaiUra="112" who="0" fromWho="0" sc="240,49,250,-13,250,-13,250,-13" /><INIT seed="0,1,0,2,2,15" ten="289,237,237,237" oya="0" hai0="87,99,24,125,39,89,48,71,69,72,118,8,108" hai1="44,42,53,102,12,110,28,92,20,75,38,115,3" hai2="4,88,90,34,84,41,119,67,120,47,77,122,133" hai3="18,82,103,79,73,46,35,95,62,134,23,14,104"/><T58/><D118/><U60/><E3/><V128/><F34/><W2/><G2/><T45/><D72/><U5/><E75/><V130/><F119/><W17/><G35/><T96/><D125/><U61/><E110/><V93/><F67/><W30/><G30/><T124/><D124/><U100/><E115/><V78/><F4/><W33/><G33/><T1/><D39/><U37/><E37/><V74/><F74/><W126/><G104/><T31/><D108/><U54/><E28/><V70/><F70/><W27/><G126/><T106/><D58/><U57/><E92/><N who="2" m="54279" /><F47/><W25/><G134/><T98/><D106/><U7/><E7/><V113/><F41/><W56/><G46/><T127/><D127/><U64/><E64/><V107/><F107/><W91/><G103/><T32/><D8/><U94/><E94/><V66/><F66/><W132/><G132/><T116/><D1/><U135/><E135/><V9/><F9/><W22/><G91/><T121/><D121/><N who="2" m="46698" /><F113/><W16/><G95/><T13/><D116/><U43/><E43/><V52/><F52/><N who="3" m="34055" /><G73/><T49/><D69/><U55/><E5/><V112/><F112/><W10/><G82/><N who="0" m="49399" /><D71/><U63/><E57/><V51/><F133/><W11/><G11/><T117/><D117/><U76/><E38/><V6/><F6/><W85/><G85/><T81/><D45/><U21/><E44/><V83/><F83/><W29/><G29/><T26/><D81/><U65/><E65/><V109/><F109/><W97/><G97/><T36/><D99/><U68/><E68/><V129/><F51/><RYUUKYOKU ba="1,0" sc="289,-15,237,-15,237,15,237,15" hai2="77,78,90,93,128,129,130" hai3="10,14,16,17,18,22,23,25,27,79" /><INIT seed="1,2,0,1,1,113" ten="274,222,252,252" oya="1" hai0="123,15,133,54,18,55,70,16,61,76,104,33,48" hai1="99,19,85,108,64,106,38,116,78,126,91,6,111" hai2="73,87,46,107,69,100,82,92,58,57,112,21,17" hai3="94,12,65,32,51,117,1,0,90,89,43,120,50"/><U67/><E38/><V35/><F69/><W103/><G120/><T118/><D118/><U22/><E78/><N who="2" m="44367" /><F35/><W115/><G117/><T4/><D104/><U2/><E116/><V53/><F46/><W124/><G124/><T20/><D33/><U97/><E126/><V80/><F80/><W128/><G32/><T23/><D123/><U131/><E131/><V110/><F53/><W122/><G128/><T52/><D133/><U95/><E6/><V25/><F110/><N who="1" m="42025" /><E2/><V34/><F34/><W47/><G115/><T88/><D76/><U40/><E40/><V98/><F112/><W121/><G121/><T130/><D4/><U77/><E77/><V101/><F101/><W86/><G122/><T8/><D70/><U44/><E44/><V60/><F60/><W63/><G103/><T30/><D61/><U31/><E31/><V42/><F42/><W28/><G28/><T45/><D130/><U59/><E106/><V3/><F3/><W7/><G51/><T10/><D30/><U127/><E127/><V56/><F58/><N who="3" m="37111" /><G0/><T39/><D39/><U66/><E59/><V29/><F29/><W114/><G114/><T68/><D68/><U84/><E84/><V125/><F125/><W74/><G74/><T135/><D135/><U62/><E62/><V49/><F49/><W93/><G1/><T83/><D45/><U36/><E36/><V96/><F87/><N who="3" m="52415" /><G7/><T71/><D48/><U119/><E119/><V132/><F132/><W24/><G24/><AGARI ba="2,0" hai="19,22,24,64,66,67,85,91,95,97,99" m="42025" machi="24" ten="30,2900,0" yaku="14,1,10,1" doraHai="113" who="1" fromWho="3" sc="274,0,222,35,252,0,252,-35" /><INIT seed="1,3,0,3,1,76" ten="274,257,252,217" oya="1" hai0="25,41,35,127,61,45,54,110,15,68,46,122,1" hai1="27,126,52,16,34,8,131,92,91,73,130,44,2" hai2="116,65,13,71,128,26,112,117,49,108,87,3,28" hai3="5,59,23,62,64,32,10,48,72,20,106,105,33"/><U98/><E126/><V0/><F49/><W17/><G72/><T113/><D1/><N who="2" m="586" /><F87/><W24/><G23/><T37/><D15/><N who="1" m="7271" /><E2/><V115/><F65/><W79/><G79/><T135/><D25/><U95/><E73/><V12/><F71/><W14/><REACH who="3" step="1"/><G48/><REACH who="3" ten="274,257,252,207" step="2"/><N who="0" m="28943" /><D35/><AGARI ba="3,1" hai="5,10,14,17,20,24,32,33,35,59,62,64,105,106" machi="35" ten="40,1300,0" yaku="1,1,53,0" doraHai="76" doraHaiUra="83" who="3" fromWho="0" sc="274,-22,257,0,252,0,207,32" /><INIT seed="2,0,0,5,2,67" ten="252,257,252,239" oya="2" hai0="34,95,126,22,135,51,44,2,65,19,5,80,15" hai1="99,9,103,114,6,46,35,68,63,54,96,127,121" hai2="79,69,131,106,83,132,113,77,100,11,39,31,90" hai3="59,119,102,104,52,89,0,86,108,82,56,38,73"/><V23/><F113/><W42/><G119/><T10/><D126/><U76/><E114/><V47/><F132/><W115/><G0/><T14/><D135/><U26/><E127/><V81/><F131/><W87/><G73/><T33/><D95/><U110/><E110/><V107/><F69/><W125/><G125/><T57/><D15/><U32/><E76/><V48/><F39/><W116/><G116/><T8/><D8/><U98/><E121/><V117/><F117/><W92/><G108/><T109/><D109/><U50/><E35/><V49/><F100/><W120/><G120/><T97/><D97/><U36/><E36/><V16/><F107/><W61/><G115/><T18/><D18/><U29/><E63/><V75/><F106/><W130/><G130/><T7/><D7/><U133/><E133/><V37/><F37/><W40/><G38/><T28/><D80/><N who="2" m="30794" /><F90/><N who="3" m="51543" /><G104/><T88/><D88/><U43/><E68/><V70/><F70/><W64/><G102/><T101/><D101/><U78/><E103/><V71/><F71/><W17/><G17/><T20/><D20/><U62/><E78/><N who="2" m="29707" /><F75/><W118/><G118/><T45/><D34/><U60/><E96/><V3/><F3/><W123/><G123/><T112/><D112/><U84/><E84/><V128/><F128/><W53/><G64/><T134/><D134/><U21/><E32/><V93/><F93/><W85/><G85/><T4/><D65/><U74/><E74/><V24/><F47/><W12/><G12/><AGARI ba="0,0" hai="11,12,16,23,24,31,48,49" m="29707,30794" machi="12" ten="30,2900,0" yaku="8,1,54,1" doraHai="67" who="2" fromWho="3" sc="252,0,257,0,252,29,239,-29" /><INIT seed="2,1,0,3,2,63" ten="252,257,281,210" oya="2" hai0="84,62,57,122,113,15,133,7,36,110,91,76,3" hai1="107,135,115,20,77,66,27,87,124,49,134,99,4" hai2="39,1,51,5,31,96,83,23,16,0,123,47,10" hai3="82,33,14,71,58,6,126,89,17,9,50,88,32"/><V54/><F123/><W22/><G71/><T18/><D113/><U120/><E115/><V12/><F39/><W114/><G126/><T117/><D122/><U44/><E120/><V48/><F31/><W8/><G114/><T95/><D110/><U111/><E111/><V94/><F83/><W86/><G9/><T69/><D133/><N who="1" m="50699" /><E4/><V59/><F1/><W56/><G89/><T116/><D36/><U112/><E112/><V70/><F70/><W34/><REACH who="3" step="1"/><G50/><REACH who="3" ten="252,257,281,200" step="2"/><T90/><D69/><U121/><E121/><V101/><F51/><W26/><AGARI ba="1,1" hai="6,8,14,17,22,26,32,33,34,56,58,82,86,88" machi="26" ten="30,7900,0" yaku="1,1,2,1,0,1,54,1,53,0" doraHai="63" doraHaiUra="61" who="3" fromWho="3" sc="252,-21,257,-21,281,-40,200,92" /><INIT seed="3,0,0,2,5,25" ten="231,236,241,292" oya="3" hai0="47,65,17,82,86,45,106,123,52,135,122,108,37" hai1="100,53,7,38,29,26,104,134,44,74,95,0,117" hai2="42,58,21,113,92,13,120,114,64,133,90,89,51" hai3="60,12,85,76,97,36,84,94,112,27,49,110,28"/><W125/><G112/><T8/><D106/><U18/><E134/><V4/><F133/><W2/><G2/><T91/><D135/><U107/><E18/><N who="2" m="10447" /><F114/><W22/><G36/><T20/><D108/><U1/><E117/><V11/><F113/><W73/><G73/><T103/><D65/><U41/><E74/><V80/><F80/><W119/><G125/><T70/><D70/><U56/><E7/><V14/><F120/><W16/><G119/><T5/><D103/><U115/><E115/><V102/><F102/><N who="3" m="60727" /><G110/><T35/><D35/><U131/><E131/><V121/><F121/><W9/><G60/><T15/><D47/><U61/><E1/><V88/><F64/><W77/><G49/><N who="0" m="28719" /><D37/><U31/><E0/><V75/><F75/><W99/><G99/><T43/><D43/><U79/><E79/><AGARI ba="0,0" hai="9,12,16,22,27,28,76,77,79,84,85" m="60727" machi="79" ten="30,5800,0" yaku="8,1,52,1,54,1" doraHai="25" who="3" fromWho="1" sc="231,0,236,-58,241,0,292,58" owari="231,-16.9,178,-32.2,241,4.1,350,45.0" /></mjloggm>