<mjloggm ver="2.3"><GO type="225" lobby="0"/><UN n0="%E3%82%BC%E3%83%AB%E3%83%80%E3%81%AE%E4%BC%9D%E8%AA%AC" n1="%E7%BD%AA%E5%88%91%E6%B3%95%E5%AE%9A%E4%B8%BB%E7%BE%A9" n2="%E3%82%A2%E3%82%A4%E3%82%B9%E3%83%86%E3%82%A3%E3%83%BC%E3%81%82%E3%81%B9" n3="%E8%BE%9B%E5%8F%A3%E3%82%AB%E3%83%AC%E3%83%BC%E3%83%A9%E3%82%A4%E3%82%B9" dan="17,16,16,16" rate="2156.98,2142.80,2134.30,2211.18" sx="M,M,M,M"/><TAIKYOKU oya="0"/><INIT seed="0,0,0,5,3,62" ten="250,250,250,250" oya="0" hai0="91,105,86,94,20,104,18,60,24,101,7,58,64" hai1="76,109,84,9,16,4,2,121,42,47,127,83,71" hai2="96,54,29,53,50,66,99,13,1,119,14,28,123" hai3="87,132,52,57,19,103,3,41,116,17,130,5,46"/><T93/><REACH who="0" step="1"/><D7/><REACH who="0" ten="240,250,250,250" step="2"/><U110/><E121/><V98/><F123/><W92/><G5/><T113/><D113/><U81/><E127/><V124/><F124/><W78/><G116/><T35/><D35/><U8/><E71/><V37/><F119/><W34/><G34/><T107/><D107/><U33/><E33/><V56/><F1/><W69/><G69/><T40/><D40/><U36/><REACH who="1" step="1"/><E83/><REACH who="1" ten="240,240,250,250" step="2"/><V88/><F99/><AGARI ba="0,2" hai="18,20,24,58,60,64,86,91,93,94,99,101,104,105" machi="99" ten="40,7700,0" yaku="21,2,52,1,53,0" doraHai="62" doraHaiUra="39" who="0" fromWho="2" sc="240,97,240,0,250,-77,250,0" /><INIT seed="0,1,0,3,1,115" ten="337,240,173,250" oya="0" hai0="44,31,125,110,126,92,89,29,108,119,129,71,124" hai1="91,56,111,98,63,69,79,35,36,77,24,106,67" hai2="104,83,41,58,13,23,74,95,84,93,11,33,10" hai3="43,61,48,86,65,12,80,45,73,46,113,116,3"/><T117/><D129/><U51/><E36/><V55/><F33/><W40/><G113/><T30/><D71/><U76/><E111/><N who="0" m="42537" /><D44/><U20/><E35/><V135/><F104/><W25/><G3/><T131/><D131/><U100/><E91/><V75/><F135/><W18/><G73/><T21/><D21/><U4/><E4/><V28/><F75/><W8/><G25/><T88/><D89/><U134/><E134/><V57/><F41/><W121/><G121/><T26/><D26/><U19/><REACH who="1" step="1"/><E51/><REACH who="1" ten="337,230,173,250" step="2"/><V15/><F74/><W39/><G39/><T132/><D132/><U9/><E9/><V7/><F11/><W120/><G8/><T68/><D68/><AGARI ba="1,1" hai="19,20,24,56,63,67,68,69,76,77,79,98,100,106" machi="68" ten="40,2600,0" yaku="1,1,53,1" doraHai="115" doraHaiUra="22" who="1" fromWho="0" sc="337,-29,230,39,173,0,250,0" /><INIT seed="1,0,0,3,1,64" ten="308,269,173,250" oya="1" hai0="13,128,93,67,35,66,92,16,82,134,19,29,0" hai1="103,58,119,129,43,95,28,74,32,55,56,107,79" hai2="112,20,87,121,15,116,21,38,12,101,90,94,122" hai3="33,51,22,6,96,61,23,133,48,77,8,125,34"/><U86/><E119/><V109/><F109/><W1/><G77/><T80/><D0/><U10/><E129/><V117/><F38/><W9/><G96/><T62/><D128/><U81/><E43/><V70/><F101/><W7/><G61/><T126/><D126/><U71/><E71/><V75/><F75/><W97/><G97/><T30/><D62/><U68/><E68/><V25/><F112/><W27/><G125/><T3/><D3/><U135/><E135/><V69/><F25/><W44/><G133/><T104/><D134/><U63/><E58/><V42/><F94/><W111/><G111/><T65/><D104/><U26/><E10/><V118/><F118/><W39/><G39/><T76/><D35/><U106/><REACH who="1" step="1"/><E103/><REACH who="1" ten="308,259,173,250" step="2"/><V105/><F42/><W124/><G124/><T72/><D65/><U110/><E110/><V52/><F117/><W132/><G132/><T113/><D66/><U120/><E120/><V123/><F116/><W24/><G1/><T73/><D67/><U102/><E102/><V131/><F121/><W4/><G4/><T83/><D113/><U78/><E78/><V14/><F131/><W18/><G44/><T114/><D114/><U5/><E5/><V127/><F123/><W47/><G47/><T98/><D76/><U31/><E31/><V50/><F122/><W88/><G18/><T41/><D19/><U84/><E84/><V85/><F85/><W91/><AGARI ba="0,1" hai="6,7,8,9,22,23,24,27,33,34,48,51,88,91" machi="91" ten="25,6400,0" yaku="0,1,22,2,54,1" doraHai="64" who="3" fromWho="3" sc="308,-16,259,-32,173,-16,250,74" /><INIT seed="2,0,0,3,3,36" ten="292,227,157,324" oya="2" hai0="53,55,18,43,80,41,93,60,67,132,35,32,95" hai1="65,64,115,48,3,12,107,121,63,54,103,94,126" hai2="98,101,9,78,84,23,37,75,25,135,81,34,71" hai3="49,106,68,120,30,51,16,20,45,69,128,131,73"/><V31/><F135/><W5/><G120/><T33/><D132/><U127/><E115/><V129/><F129/><N who="3" m="49739" /><G106/><T117/><D18/><U11/><E3/><V0/><F71/><W72/><G5/><T8/><D8/><U104/><E121/><V13/><F37/><W123/><G30/><T24/><D24/><U92/><E107/><V52/><F0/><W26/><G123/><T76/><D117/><U62/><E104/><V89/><F52/><N who="3" m="29743" /><G51/><T7/><D7/><U2/><E2/><V21/><F101/><W19/><G19/><T83/><D35/><U125/><E103/><V114/><F98/><W57/><G57/><T100/><D100/><U10/><E48/><V88/><F114/><W17/><G17/><T91/><D91/><U74/><E54/><V85/><F75/><AGARI ba="0,0" hai="16,20,26,68,69,72,73,75" m="29743,49739" machi="75" ten="30,3900,0" yaku="19,1,54,2" doraHai="36" who="3" fromWho="2" sc="292,0,227,0,157,-39,324,39" /><INIT seed="3,0,0,0,2,37" ten="292,227,118,363" oya="3" hai0="100,31,98,6,102,65,118,81,124,71,119,85,44" hai1="104,90,5,70,50,79,21,29,15,20,107,113,57" hai2="125,83,55,39,42,10,32,58,114,46,103,132,68" hai3="101,131,129,61,16,69,89,93,13,121,76,54,133"/><W126/><G121/><T108/><D108/><U17/><E70/><V12/><F125/><W28/><G126/><T60/><D124/><U11/><E79/><V91/><F132/><W26/><G133/><T49/><D31/><U35/><E35/><V109/><F109/><W66/><G76/><T27/><D27/><U8/><E113/><V110/><F110/><W23/><G54/><T67/><D6/><U45/><E57/><V9/><F32/><W3/><G3/><T36/><D36/><U22/><E90/><V41/><F114/><W34/><REACH who="3" step="1"/><G101/><REACH who="3" ten="292,227,118,353" step="2"/><T75/><D100/><U123/><E123/><V72/><F103/><W77/><G77/><T115/><D102/><U40/><REACH who="1" step="1"/><E29/><REACH who="1" ten="292,217,118,353" step="2"/><V134/><F134/><W24/><G24/><T84/><D115/><U56/><E56/><V2/><F68/><W18/><G18/><T88/><D71/><U4/><E4/><V96/><F72/><W122/><G122/><T47/><D75/><U95/><E95/><N who="2" m="56447" /><F83/><W99/><AGARI ba="0,2" hai="13,16,23,26,28,34,61,66,69,89,93,99,129,131" machi="99" ten="30,6000,0" yaku="1,1,0,1,54,1,53,0" doraHai="37" doraHaiUra="74" who="3" fromWho="3" sc="292,-20,217,-20,118,-20,353,80" owari="272,7.2,197,-20.3,98,-40.2,433,53.3" /></mjloggm>