<mjloggm ver="2.3"><GO type="225" lobby="0"/><UN n0="%E3%81%AA%E3%81%A1%30%39%32%37" n1="%E5%8D%A0%E3%81%84%E5%B8%AB%E8%A3%8F%E3%81%AA%E3%81%84%E3%81%97" n2="%E3%81%82%E3%81%99%E3%81%AB%E3%82%83%E3%82%80" n3="%6D%75%75%6D%75%72%61" dan="16,17,16,17" rate="2058.05,2178.42,2112.58,2173.02" sx="M,M,F,F"/><TAIKYOKU oya="0"/><INIT seed="0,0,0,3,3,47" ten="250,250,250,250" oya="0" hai0="29,3,101,60,39,6,21,115,56,40,65,45,105" hai1="28,53,74,30,62,94,78,107,95,69,54,130,5" hai2="102,122,133,128,118,57,116,98,117,91,66,103,52" hai3="10,120,13,77,131,135,23,7,14,75,68,119,37"/><T106/><D115/><U80/><E107/><V72/><F122/><W127/><G119/><T22/><D22/><U19/><E5/><V79/><F66/><W59/><G120/><T71/><D101/><U0/><E0/><V96/><F128/><W1/><G68/><T8/><REACH who="0" step="1"/><D71/><REACH who="0" ten="240,250,250,250" step="2"/><U18/><E69/><V97/><F133/><W49/><G135/><T112/><D112/><U129/><E129/><V34/><F34/><W26/><G131/><T85/><D85/><U46/><E130/><V44/><F103/><W12/><G127/><T84/><D84/><U4/><E74/><V83/><F102/><W121/><G121/><T81/><D81/><U36/><E80/><V124/><F124/><W123/><G123/><T125/><D125/><U32/><E32/><V73/><F73/><W126/><G126/><T27/><AGARI ba="0,1" hai="3,6,8,21,27,29,39,40,45,56,60,65,105,106" machi="27" ten="30,3000,0" yaku="1,1,0,1,53,0" doraHai="47" doraHaiUra="82" who="0" fromWho="0" sc="240,40,250,-10,250,-10,250,-10" /><INIT seed="0,1,0,2,3,128" ten="280,240,240,240" oya="0" hai0="119,32,105,10,36,87,88,40,26,11,9,71,132" hai1="35,3,63,90,24,92,93,12,72,117,51,13,97" hai2="89,27,122,66,100,54,75,123,82,29,121,57,79" hai3="25,127,52,65,38,86,106,91,73,18,21,64,53"/><T33/><D119/><U83/><E3/><V78/><F100/><W104/><G73/><T114/><D114/><U85/><E117/><V6/><F6/><W102/><G38/><T99/><D71/><U98/><E72/><V7/><F7/><W124/><G65/><T28/><D33/><U30/><E51/><V112/><F112/><W61/><G102/><T70/><D70/><U0/><E0/><V56/><F66/><W118/><G118/><T49/><D36/><U126/><E63/><V133/><F133/><W81/><G61/><T95/><D132/><U19/><E126/><N who="3" m="48170" /><G64/><T84/><REACH who="0" step="1"/><D105/><AGARI ba="1,0" hai="18,21,25,52,53,81,86,91,104,105,106" m="48170" machi="105" ten="30,2000,0" yaku="18,1,54,1" doraHai="128" who="3" fromWho="0" sc="280,-23,240,0,240,0,240,23" /><INIT seed="1,0,0,3,5,81" ten="257,240,240,263" oya="1" hai0="46,119,95,123,110,60,59,134,67,116,86,54,44" hai1="38,130,13,19,83,47,9,50,106,15,79,78,65" hai2="32,21,61,111,0,115,113,135,73,101,72,33,122" hai3="4,24,98,120,88,63,5,66,64,22,129,43,69"/><U31/><E106/><V28/><F122/><W56/><G120/><T133/><D123/><U68/><E38/><V131/><F0/><W74/><G129/><T121/><D121/><U124/><E130/><V52/><F131/><W112/><G74/><N who="2" m="28777" /><F101/><W82/><G112/><N who="2" m="43081" /><F111/><W35/><G35/><T49/><D46/><U114/><E114/><V96/><F96/><W105/><G105/><T77/><D110/><U57/><E68/><V1/><F1/><W100/><G43/><T20/><D20/><U25/><E124/><V36/><F36/><W107/><G66/><T7/><D7/><U29/><E15/><V11/><F135/><N who="0" m="51722" /><D77/><U91/><E91/><AGARI ba="0,0" hai="44,49,54,59,60,67,86,91,95,116,119" m="51722" machi="91" ten="30,2000,0" yaku="20,1,52,1" doraHai="81" who="0" fromWho="1" sc="257,20,240,-20,240,0,263,0" /><INIT seed="2,0,0,3,3,32" ten="277,220,240,263" oya="2" hai0="135,126,74,23,29,100,93,127,115,53,2,57,89" hai1="128,77,121,33,105,1,114,112,34,48,91,120,7" hai2="42,25,39,12,10,125,78,133,71,35,60,21,30" hai3="20,110,82,28,51,16,31,86,73,129,98,72,102"/><V79/><F133/><W106/><G110/><T49/><D115/><N who="1" m="44075" /><E77/><V94/><F125/><N who="0" m="47626" /><D135/><U107/><E48/><V124/><F124/><W50/><G129/><T131/><D131/><U17/><E91/><V85/><F35/><N who="1" m="13321" /><E128/><V83/><F94/><W69/><G69/><T116/><D116/><U41/><E41/><V67/><F42/><W27/><G51/><T76/><D100/><U109/><E17/><V4/><REACH who="2" step="1"/><F39/><REACH who="2" ten="277,220,230,263" step="2"/><W58/><G106/><N who="1" m="40458" /><E109/><V103/><F103/><W22/><G102/><T45/><D93/><U56/><E56/><V24/><F24/><W40/><G27/><T62/><D57/><U134/><E134/><V5/><F5/><W26/><G26/><T54/><D29/><U95/><E95/><V99/><F99/><W113/><G98/><T46/><D46/><U118/><E118/><V80/><F80/><W70/><G82/><T15/><D45/><U87/><E87/><V75/><F75/><W13/><G73/><T81/><D81/><U37/><E37/><V47/><F47/><W11/><G72/><T96/><D74/><U19/><E19/><V52/><F52/><W8/><G31/><T43/><D54/><U88/><E88/><AGARI ba="0,1" hai="4,10,12,21,25,30,60,67,71,78,79,83,85,88" machi="88" ten="30,11600,0" yaku="1,1,7,1,54,1,53,1" doraHai="32" doraHaiUra="9" who="2" fromWho="1" sc="277,0,220,-116,230,126,263,0" /><INIT seed="2,1,0,3,3,91" ten="277,104,356,263" oya="2" hai0="25,49,61,53,56,55,24,58,125,76,52,44,123" hai1="17,8,103,70,99,41,14,16,66,100,108,124,77" hai2="75,33,47,134,18,105,128,48,6,3,12,93,101" hai3="129,133,40,54,126,42,114,2,39,112,84,62,50"/><V89/><F75/><W83/><G2/><T111/><D111/><U78/><E108/><V1/><F33/><W36/><G62/><T0/><D123/><U120/><E120/><V10/><F134/><W32/><G32/><T115/><D115/><N who="3" m="44073" /><G133/><T30/><D125/><U88/><E124/><V86/><F128/><W45/><G126/><T38/><D0/><U13/><E41/><N who="3" m="15978" /><G129/><T104/><D38/><U110/><E110/><V96/><REACH who="2" step="1"/><F6/><REACH who="2" ten="277,104,346,263" step="2"/><W92/><G92/><T119/><D104/><U68/><E66/><V107/><F107/><W109/><G109/><T117/><D117/><U22/><E68/><V85/><F85/><W102/><G102/><N who="1" m="38954" /><E70/><V90/><F90/><AGARI ba="1,1" hai="36,39,45,50,54,83,84,90" m="15978,44073" machi="90" ten="30,1000,0" yaku="11,1" doraHai="91" who="3" fromWho="2" sc="277,0,104,0,346,-13,263,23" /><INIT seed="3,0,0,0,1,28" ten="277,104,333,286" oya="3" hai0="10,113,114,27,36,16,41,60,25,125,135,38,100" hai1="76,133,19,93,5,13,134,127,48,69,130,83,12" hai2="34,30,107,33,17,4,2,111,21,40,102,66,53" hai3="15,84,108,22,8,47,124,97,32,95,71,31,91"/><W58/><G71/><T132/><D100/><U115/><E69/><V39/><F66/><W116/><G116/><T123/><D123/><U118/><E115/><N who="0" m="44041" /><D60/><U90/><E127/><V56/><F30/><W9/><G124/><T89/><D125/><U43/><E118/><V72/><F72/><W109/><G58/><T20/><D10/><U94/><E130/><V57/><F57/><W18/><G47/><N who="0" m="23975" /><D38/><U106/><E106/><V49/><F4/><W99/><G99/><T65/><D65/><U128/><E128/><V88/><F2/><W14/><G97/><T42/><D42/><U70/><E70/><V85/><F102/><W104/><G104/><T67/><D67/><U64/><E64/><V112/><F107/><W80/><G95/><T62/><D62/><U96/><E93/><V61/><F39/><W101/><G101/><T23/><D89/><U3/><E3/><V37/><F37/><W78/><G91/><T68/><D68/><U1/><E1/><V117/><F88/><W75/><G75/><T87/><D87/><N who="1" m="48615" /><E5/><V46/><F85/><W59/><G59/><T50/><D50/><U77/><E77/><V82/><F112/><W11/><REACH who="3" step="1"/><G15/><REACH who="3" ten="277,104,333,276" step="2"/><N who="0" m="9247" /><D23/><N who="1" m="11751" /><E13/><V103/><F117/><W120/><G120/><T73/><D73/><U121/><E121/><V55/><F21/><W6/><G6/><T98/><D98/><U74/><E74/><V81/><F56/><W126/><G126/><T86/><D86/><U63/><E63/><V52/><F61/><W79/><G79/><T129/><D129/><U119/><E119/><V0/><F46/><W29/><G29/><RYUUKYOKU ba="0,1" sc="277,10,104,10,333,-30,276,10" hai0="25,27,132,135" hai1="43,48,90,94,96,133,134" hai3="8,9,11,14,18,22,31,32,78,80,84,108,109" /><INIT seed="3,1,1,0,4,44" ten="287,114,303,286" oya="3" hai0="117,10,5,0,16,107,55,20,123,52,4,57,74" hai1="113,51,118,87,64,45,100,35,54,90,50,119,88" hai2="72,91,101,46,18,95,99,92,86,134,68,77,33" hai3="1,131,94,83,12,114,85,127,133,75,78,89,96"/><W14/><G1/><T36/><D123/><U128/><E113/><V25/><F68/><W82/><G114/><T81/><D117/><N who="1" m="44555" /><E35/><V2/><F2/><W129/><G127/><T29/><D107/><U71/><E128/><N who="3" m="49226" /><G133/><T62/><D5/><U124/><E124/><V59/><F134/><W48/><G48/><T111/><D111/><U116/><N who="1" m="44563" /><U38/><DORA hai="47" /><E38/><V13/><F46/><W122/><G122/><T11/><D36/><U6/><E6/><V26/><F33/><W28/><G28/><T115/><D115/><U104/><E51/><V17/><F59/><W80/><G80/><T105/><D57/><U19/><E19/><N who="2" m="7179" /><F72/><W3/><G3/><T34/><D34/><U121/><E121/><V79/><F13/><W27/><G27/><AGARI ba="1,1" hai="25,26,27,77,79,86,91,92,95,99,101" m="7179" machi="27" ten="30,1000,0" yaku="8,1" doraHai="44,47" who="2" fromWho="3" sc="287,0,114,0,303,23,286,-13" owari="287,8.7,114,-38.6,326,42.6,273,-12.7" /></mjloggm>