<mjloggm ver="2.3"><GO type="225" lobby="0"/><UN n0="%73%6C%69%63%6B%33%31%39" n1="%67%61%79%75%6E%79" n2="%E7%82%8E%E3%81%AE%E3%83%88%E3%83%AC%E3%83%BC%E3%83%80%E3%83%BC" n3="%E3%81%BE%E3%81%A8%E3%81%9F" dan="16,16,16,16" rate="2189.48,2162.56,2140.31,2174.72" sx="M,M,M,M"/><TAIKYOKU oya="0"/><INIT seed="0,0,0,0,5,84" ten="250,250,250,250" oya="0" hai0="128,45,67,21,77,19,10,15,0,126,122,17,101" hai1="35,53,124,90,50,121,3,13,81,95,131,119,93" hai2="88,133,32,29,56,43,44,127,46,41,91,16,48" hai3="12,23,80,68,130,116,47,14,52,113,104,115,27"/><T66/><D122/><U26/><E3/><V38/><F133/><W100/><G116/><T2/><D128/><U75/><E121/><V18/><F127/><W82/><G68/><T106/><D126/><U20/><E119/><V11/><F56/><W33/><G130/><T73/><D73/><U118/><E118/><V98/><F98/><W34/><G100/><T87/><D106/><U97/><E131/><V69/><F69/><W111/><G104/><T25/><D101/><U59/><E124/><V61/><F61/><W24/><G47/><T30/><D0/><U36/><E36/><V55/><F55/><W85/><G23/><T132/><D132/><U129/><E129/><V94/><F94/><W49/><G49/><T37/><D2/><U89/><E35/><V62/><F62/><W134/><G134/><T4/><D45/><U51/><E13/><V92/><F92/><W108/><G85/><T40/><D40/><U22/><E51/><V109/><F109/><W110/><G110/><T71/><D37/><U72/><E81/><V125/><F125/><W123/><REACH who="3" step="1"/><G52/><REACH who="3" ten="250,250,250,240" step="2"/><T114/><D71/><U107/><E22/><V112/><F112/><W76/><G76/><T31/><D114/><U57/><E107/><V54/><F54/><W74/><G74/><T39/><D39/><U103/><E103/><V1/><F32/><W70/><G70/><T8/><D87/><N who="1" m="52415" /><E59/><V117/><F117/><W9/><G9/><T63/><D77/><U105/><E105/><V64/><F38/><W58/><G58/><N who="0" m="37239" /><D67/><U65/><E65/><V120/><F64/><W7/><G7/><RYUUKYOKU ba="0,1" sc="250,10,250,10,250,-30,240,10" hai0="4,8,10,15,17,19,21,25,30,31" hai1="20,26,50,53,57,72,75,90,95,97" hai3="12,14,24,27,33,34,80,82,108,111,113,115,123" /><INIT seed="0,1,1,2,0,108" ten="260,260,220,250" oya="0" hai0="83,57,95,6,82,67,99,48,124,64,96,73,1" hai1="59,78,66,30,12,62,22,113,16,121,84,23,24" hai2="79,98,8,61,94,49,36,85,27,118,68,125,55" hai3="102,51,69,40,47,127,112,58,107,28,93,101,25"/><T135/><D135/><U39/><E121/><V133/><F118/><W9/><G69/><T132/><D124/><U116/><E116/><V50/><F36/><W18/><G127/><T29/><D132/><U75/><E75/><V3/><F133/><W38/><G107/><T105/><D29/><U21/><E39/><V43/><F125/><W131/><G131/><T37/><D37/><U20/><REACH who="1" step="1"/><E113/><REACH who="1" ten="260,250,220,250" step="2"/><V56/><F68/><W89/><G112/><T120/><D120/><U0/><E0/><V33/><F3/><W4/><G38/><T17/><D73/><U53/><E53/><V70/><F70/><W115/><G115/><T111/><D1/><U88/><E88/><V130/><F130/><W119/><G119/><T5/><D111/><U74/><E74/><V14/><F43/><W134/><G134/><T76/><D76/><U26/><E26/><V60/><F27/><W65/><G25/><T87/><D64/><U126/><E126/><V104/><F79/><W122/><G65/><T123/><D67/><U129/><E129/><V7/><F55/><W106/><G89/><T72/><D72/><U91/><E91/><V77/><F77/><W54/><G54/><T52/><D123/><U10/><E10/><V63/><F8/><W103/><G9/><T2/><D2/><U35/><E35/><V46/><F33/><W71/><G122/><T32/><D32/><U44/><E44/><V117/><F46/><W80/><G47/><T109/><D109/><U81/><AGARI ba="1,2" hai="12,16,20,21,22,23,24,30,59,62,66,78,81,84" machi="81" ten="30,7900,0" yaku="1,1,0,1,8,1,54,1,53,0" doraHai="108" doraHaiUra="41" who="1" fromWho="1" sc="260,-40,250,102,220,-21,250,-21" /><INIT seed="1,0,0,0,2,23" ten="220,352,199,229" oya="1" hai0="25,125,70,86,123,21,121,48,106,78,68,61,116" hai1="18,14,0,108,60,99,51,71,40,100,56,47,92" hai2="83,75,39,81,64,20,67,55,126,62,5,120,36" hai3="103,50,130,45,127,28,107,19,29,74,22,63,105"/><U3/><E71/><V134/><F120/><N who="0" m="46154" /><D116/><U12/><E12/><V33/><F33/><W59/><G74/><T44/><D106/><U94/><E94/><V131/><F131/><W53/><G127/><T90/><D78/><U98/><E98/><V114/><F126/><W57/><G130/><T118/><D61/><U96/><E96/><V37/><F114/><W58/><G105/><T84/><D118/><U85/><E85/><N who="0" m="32873" /><D90/><U17/><E17/><V1/><F134/><W46/><G107/><T102/><D102/><U128/><E108/><V97/><F97/><W101/><G103/><T31/><D125/><U93/><E93/><V26/><F75/><W42/><G101/><T87/><N who="0" m="32881" /><T8/><DORA hai="88" /><D8/><U132/><E132/><V109/><F109/><W30/><REACH who="3" step="1"/><G46/><REACH who="3" ten="220,352,199,219" step="2"/><T52/><AGARI ba="0,1" hai="21,25,31,44,48,52,68,70" m="32881,46154" machi="52" ten="40,5200,0" yaku="13,1,52,1,54,1" doraHai="23,88" who="0" fromWho="0" sc="220,62,352,-26,199,-13,219,-13" /><INIT seed="2,0,0,4,4,88" ten="282,326,186,206" oya="2" hai0="30,0,4,77,79,135,69,75,94,99,39,93,117" hai1="60,106,124,70,38,11,64,76,1,6,21,14,9" hai2="62,63,131,61,66,89,59,118,132,16,122,65,98" hai3="84,134,20,71,68,45,43,28,86,120,49,54,78"/><V96/><F122/><W33/><G120/><T109/><D69/><U128/><E124/><V19/><F118/><W114/><G33/><T35/><D39/><U8/><E128/><V113/><F131/><W82/><G134/><T17/><D0/><U7/><E106/><V115/><F132/><W87/><G114/><T73/><D4/><U126/><E38/><V52/><F115/><W10/><G10/><T51/><D135/><U116/><E126/><V133/><F133/><W26/><REACH who="3" step="1"/><G43/><REACH who="3" ten="282,326,186,196" step="2"/><T83/><D117/><U15/><E9/><V58/><F113/><W129/><G129/><T90/><D35/><U97/><E11/><V110/><F110/><W2/><G2/><T40/><D109/><U80/><E1/><V24/><F24/><W37/><G37/><T55/><D40/><U48/><E8/><V107/><F107/><W121/><G121/><T50/><D73/><AGARI ba="0,1" hai="20,26,28,45,49,54,68,71,73,78,82,84,86,87" machi="73" ten="40,2600,0" yaku="1,1,53,1" doraHai="88" doraHaiUra="72" who="3" fromWho="0" sc="282,-26,326,0,186,0,196,36" /><INIT seed="3,0,0,4,4,55" ten="256,326,186,232" oya="3" hai0="23,52,44,5,96,100,8,117,99,39,125,124,85" hai1="34,41,120,121,106,62,9,86,36,116,58,79,43" hai2="104,88,128,22,6,18,40,38,126,33,2,93,61" hai3="103,16,118,64,0,92,75,65,111,107,130,49,80"/><W98/><G118/><T123/><D123/><U56/><E106/><V47/><F104/><W113/><G113/><T13/><D117/><U29/><E116/><V30/><F128/><W108/><G130/><T94/><D85/><U25/><E36/><V95/><F126/><W129/><G0/><T32/><D32/><U54/><E120/><V69/><F33/><W45/><G129/><T15/><D96/><U53/><E121/><V27/><F30/><W127/><G127/><N who="0" m="48715" /><D23/><U48/><REACH who="1" step="1"/><E9/><REACH who="1" ten="256,316,186,232" step="2"/><V89/><F95/><W19/><G107/><T72/><D72/><U71/><E71/><V28/><F28/><W110/><G75/><T131/><D131/><U74/><E74/><V90/><F93/><W63/><G80/><AGARI ba="0,1" hai="25,29,34,41,43,48,53,54,56,58,62,79,80,86" machi="80" ten="40,8000,1" yaku="1,1,52,2,53,1" doraHai="55" doraHaiUra="21" who="1" fromWho="3" sc="256,0,316,90,186,0,232,-80" owari="256,5.6,406,50.6,186,-21.4,152,-34.8" /></mjloggm>