<mjloggm ver="2.3"><GO type="225" lobby="0"/><UN n0="%E3%81%99%E3%81%84%E3%81%BE%E3%81%9B%E3%83%BC%E3%82%93" n1="%47%68%6F%73%74%55%30" n2="%E5%A4%8F%E9%88%B4%E9%88%B4%E5%A4%8F" n3="%E3%81%BF%E3%81%BF%E3%81%9A" dan="17,17,16,17" rate="2238.64,2214.60,2144.53,2247.99" sx="M,M,M,M"/><TAIKYOKU oya="0"/><INIT seed="0,0,0,5,0,131" ten="250,250,250,250" oya="0" hai0="113,80,110,114,60,10,93,11,44,33,15,91,92" hai1="50,96,124,56,13,103,88,55,83,65,3,0,98" hai2="75,106,105,26,21,16,40,118,39,34,7,6,72" hai3="23,52,53,31,116,97,128,19,71,115,12,132,129"/><T41/><D110/><U37/><E124/><V84/><F118/><W100/><G115/><T61/><D33/><U8/><E37/><V108/><F108/><W20/><G116/><T107/><D107/><U30/><E30/><V90/><F34/><W119/><G71/><T74/><D10/><U99/><E65/><V18/><F40/><W43/><G43/><T1/><D1/><U85/><REACH who="1" step="1"/><E103/><REACH who="1" ten="250,240,250,250" step="2"/><V120/><F39/><W35/><G119/><T27/><D114/><U134/><E134/><V2/><F120/><W69/><G132/><T32/><D113/><U59/><E59/><V133/><F133/><W46/><G69/><T51/><D44/><U48/><E48/><V17/><F105/><N who="3" m="63631" /><G46/><T42/><D51/><U130/><E130/><N who="3" m="50282" /><G35/><T89/><D32/><U123/><E123/><V22/><F106/><W36/><G36/><T121/><D121/><U57/><E57/><V28/><F21/><N who="3" m="8267" /><G31/><T5/><D42/><U122/><E122/><V78/><F28/><W9/><AGARI ba="0,1" hai="9,12,19,52,53" m="8267,50282,63631" machi="9" ten="30,2000,0" yaku="19,1,54,1" doraHai="131" who="3" fromWho="3" sc="250,-10,240,-5,250,-5,250,30" /><INIT seed="1,0,0,3,2,135" ten="240,235,245,280" oya="1" hai0="12,19,16,37,80,65,30,101,23,127,78,87,102" hai1="132,35,69,121,41,26,122,6,76,32,48,93,61" hai2="97,99,47,1,71,50,134,133,11,51,96,109,130" hai3="106,128,43,73,55,107,70,13,125,60,62,66,118"/><U72/><E132/><N who="2" m="50795" /><F109/><W119/><G73/><T58/><D37/><U131/><E6/><N who="2" m="1487" /><F130/><W84/><G128/><T108/><D127/><U40/><E131/><V27/><F71/><W53/><G125/><T21/><D108/><U115/><E115/><V56/><F56/><N who="3" m="34831" /><G43/><T103/><D30/><U98/><E72/><V68/><F68/><W15/><G84/><T24/><D58/><U113/><E76/><V105/><F105/><N who="3" m="39947" /><G55/><T14/><D65/><U7/><E113/><V67/><F67/><W52/><G52/><T88/><D24/><U95/><E69/><V5/><F5/><W57/><G70/><T89/><AGARI ba="0,0" hai="12,14,16,19,21,23,78,80,87,88,89,101,102,103" machi="89" ten="30,8000,1" yaku="0,1,9,1,8,1,54,2" doraHai="135" who="0" fromWho="0" sc="240,80,235,-40,245,-20,280,-20" /><INIT seed="2,0,0,5,2,124" ten="320,195,225,260" oya="2" hai0="115,71,106,110,36,107,128,11,87,121,60,31,109" hai1="67,28,89,100,35,3,80,21,88,98,41,93,62" hai2="56,82,13,7,45,23,119,49,18,113,29,33,133" hai3="118,132,52,15,8,91,77,103,125,79,129,117,96"/><V59/><F113/><W95/><G125/><T58/><D121/><U48/><E3/><V43/><F119/><W83/><G132/><T53/><D115/><U30/><E35/><V99/><F133/><W38/><G38/><T92/><D36/><U123/><E123/><V84/><F33/><W24/><G129/><T2/><D128/><U20/><E20/><V39/><F39/><W114/><G114/><T81/><D31/><U51/><E80/><V50/><F29/><W120/><G24/><T10/><D92/><U127/><E127/><V44/><F99/><W40/><G120/><T4/><D11/><U105/><E28/><V25/><F25/><W75/><G40/><T47/><D71/><U37/><E37/><V34/><F7/><W73/><G52/><T14/><D47/><U66/><E41/><V65/><F65/><N who="1" m="24585" /><E105/><V126/><F34/><W12/><G12/><T0/><D0/><U5/><E5/><V122/><F126/><W90/><G8/><T76/><D2/><U78/><E78/><N who="3" m="29706" /><G15/><T70/><D70/><U63/><E21/><V68/><F68/><W72/><G83/><T97/><D107/><U85/><E30/><V64/><F64/><W42/><G42/><T69/><D69/><U32/><E32/><V9/><F122/><W61/><G61/><N who="1" m="23050" /><E85/><V135/><F135/><W134/><G134/><T108/><D106/><U17/><E17/><V104/><F104/><W130/><G130/><T16/><D4/><U26/><E26/><V116/><F116/><AGARI ba="0,0" hai="72,73,75,90,91,95,96,103,116,117,118" m="29706" machi="116" ten="40,2600,0" yaku="34,2" doraHai="124" who="3" fromWho="2" sc="320,0,195,0,225,-26,260,26" /><INIT seed="3,0,0,5,3,30" ten="320,195,199,286" oya="3" hai0="91,83,59,43,134,131,89,97,100,96,37,132,28" hai1="66,15,49,36,115,123,73,105,76,10,110,117,133" hai2="32,71,24,9,74,84,80,122,81,109,75,116,11" hai3="90,16,82,42,124,65,53,47,135,1,95,121,27"/><W98/><G1/><T85/><D131/><U35/><RYUUKYOKU type="yao9" ba="0,0" sc="320,0,195,0,199,0,286,0" hai1="10,15,35,36,49,66,73,76,105,110,115,117,123,133" /><INIT seed="3,1,0,2,5,16" ten="320,195,199,286" oya="3" hai0="91,46,10,102,29,105,132,113,67,75,83,34,28" hai1="55,22,131,32,89,82,63,72,120,114,122,66,124" hai2="97,11,24,125,133,73,123,36,21,44,30,106,80" hai3="118,76,129,8,27,60,117,52,20,86,48,88,33"/><W54/><G33/><T6/><D132/><U42/><E32/><V112/><F112/><W5/><G76/><T51/><D34/><U107/><E114/><V115/><F115/><W108/><G129/><T81/><D113/><U47/><E131/><V58/><F133/><W45/><G108/><T38/><D38/><N who="1" m="21975" /><E22/><V70/><F70/><W119/><G60/><T111/><D67/><U61/><E89/><V103/><F123/><N who="1" m="47145" /><E107/><V90/><F125/><W87/><G54/><T93/><D83/><U23/><E23/><V74/><F58/><W71/><G71/><T98/><D10/><U53/><E82/><V31/><F31/><W59/><G45/><T56/><D56/><N who="1" m="34959" /><E72/><V101/><F101/><W49/><G49/><T25/><D51/><U19/><E19/><V84/><F11/><W96/><G96/><T128/><D128/><U1/><E1/><V68/><F68/><W39/><G39/><T57/><D98/><U13/><E13/><V79/><F79/><W0/><REACH who="3" step="1"/><G88/><REACH who="3" ten="320,195,199,276" step="2"/><T95/><D91/><U121/><N who="1" m="47153" /><U85/><DORA hai="69" /><E55/><V12/><F90/><W100/><G100/><T37/><D102/><U130/><E130/><V17/><F97/><W35/><G35/><T64/><D37/><U3/><E124/><V43/><F103/><W14/><G14/><T109/><D109/><U18/><E3/><V116/><F106/><W50/><G50/><T2/><D105/><U26/><E63/><V40/><F40/><W62/><G62/><T77/><D111/><U7/><E66/><V78/><F116/><W110/><G110/><T127/><D64/><RYUUKYOKU ba="1,1" sc="320,-15,195,-15,199,15,276,15" hai2="12,17,21,24,30,36,43,44,73,74,78,80,84" hai3="0,5,8,20,27,48,52,59,86,87,117,118,119" /><INIT seed="3,2,1,2,1,88" ten="305,180,214,291" oya="3" hai0="10,75,54,57,55,87,37,77,34,97,36,28,35" hai1="100,91,99,114,115,13,5,38,72,22,14,96,17" hai2="56,118,68,83,73,109,39,32,76,113,62,24,98" hai3="31,44,131,2,40,11,89,16,70,74,26,106,15"/><W52/><G74/><T90/><D75/><U4/><E38/><V43/><F56/><W101/><G70/><T59/><D77/><U66/><E72/><V117/><F113/><W85/><G2/><T102/><D10/><U104/><E66/><N who="2" m="41047" /><F98/><W128/><G101/><T93/><D37/><U47/><E47/><N who="2" m="24063" /><F109/><W94/><G106/><T92/><D36/><U81/><E13/><V80/><F83/><W120/><G120/><T123/><D123/><U58/><E58/><V78/><F76/><W30/><G40/><T46/><D46/><U79/><E79/><V0/><F0/><W41/><G41/><T23/><D57/><U53/><E53/><V48/><F48/><N who="3" m="28679" /><G26/><T107/><D55/><U116/><E116/><V18/><F18/><W108/><G108/><T105/><D105/><U112/><REACH who="1" step="1"/><E81/><REACH who="1" ten="305,170,214,291" step="2"/><V84/><F118/><W124/><G124/><T42/><D54/><U122/><E122/><V110/><F117/><W20/><G11/><T125/><D125/><U67/><E67/><V21/><F110/><W1/><G1/><T71/><D71/><U65/><E65/><V82/><F73/><W51/><G51/><T61/><D59/><U135/><E135/><V49/><F49/><W133/><G133/><T9/><D42/><U45/><E45/><V3/><F3/><W111/><G111/><T127/><D127/><U6/><E6/><V25/><F78/><W95/><G131/><T7/><D7/><U50/><E50/><V130/><F130/><W63/><G128/><T134/><D134/><U64/><E64/><V86/><F80/><N who="3" m="49319" /><G63/><T60/><D61/><RYUUKYOKU ba="2,2" sc="305,-15,170,15,214,-15,291,15" hai1="4,5,14,17,22,91,96,99,100,104,112,114,115" hai3="15,16,20,30,31,94,95" owari="290,9.0,185,-31.5,199,-20.1,326,42.6" /></mjloggm>