<mjloggm ver="2.3"><GO type="225" lobby="0"/><UN n0="%E5%8D%A0%E3%81%84%E5%B8%AB%E8%A3%8F%E3%81%AA%E3%81%84%E3%81%97" n1="%E3%81%8B%E3%82%8F%E3%81%A1%E3%82%83%E3%82%93%35%38" n2="%E3%81%A9%E3%82%8F%E3%82%93%E3%81%94" n3="%E7%99%BD%E6%97%A5%E9%9B%AA%E8%8F%9C" dan="16,16,16,16" rate="2132.48,2133.24,2073.03,2150.42" sx="M,M,M,M"/><TAIKYOKU oya="0"/><INIT seed="0,0,0,4,3,66" ten="250,250,250,250" oya="0" hai0="96,98,64,92,86,62,28,21,2,116,73,22,1" hai1="91,129,114,110,108,80,40,57,39,23,69,5,54" hai2="46,134,71,135,79,111,33,32,60,63,90,0,125" hai3="123,30,19,4,59,70,107,9,8,119,81,88,43"/><T131/><D116/><U72/><E5/><V122/><F0/><W16/><G119/><T115/><D115/><U133/><E23/><V35/><F122/><W94/><G107/><T15/><D73/><U87/><E72/><V58/><F79/><W42/><G123/><T52/><D131/><U65/><E129/><V41/><F111/><N who="1" m="42537" /><E133/><N who="2" m="50699" /><F125/><W109/><G109/><T26/><D86/><U18/><E18/><V3/><F3/><W130/><G70/><T7/><D96/><U128/><E128/><V126/><F126/><W56/><G30/><T10/><D21/><U76/><E76/><V53/><F90/><W132/><G130/><T101/><REACH who="0" step="1"/><D52/><REACH who="0" ten="240,250,250,250" step="2"/><U103/><E114/><V25/><F35/><W121/><G132/><T89/><D89/><U112/><E112/><V106/><F106/><W6/><G121/><T47/><D47/><U74/><E74/><V38/><F25/><W34/><G88/><T36/><D36/><U13/><E39/><V97/><F97/><W20/><G34/><T17/><D17/><U75/><E75/><V84/><F84/><W11/><G20/><T27/><D27/><U48/><E87/><V85/><F85/><W127/><G127/><T100/><D100/><U124/><E103/><V120/><F120/><W78/><G19/><T51/><D51/><N who="1" m="30943" /><E91/><V29/><F29/><W49/><G16/><T50/><D50/><U102/><E102/><V37/><F38/><W67/><G49/><T93/><D93/><U14/><E124/><V99/><F99/><W12/><G94/><T82/><D82/><U113/><E113/><V55/><F53/><RYUUKYOKU ba="0,1" sc="240,15,250,-15,250,15,250,-15" hai0="1,2,7,10,15,22,26,28,62,64,92,98,101" hai2="32,33,37,41,46,55,58,60,63,71" /><INIT seed="0,1,1,4,0,16" ten="255,235,265,235" oya="0" hai0="14,124,122,74,22,127,35,100,57,85,120,25,77" hai1="114,3,95,12,27,119,102,104,75,6,36,45,116" hai2="8,81,10,37,56,87,41,108,103,31,5,72,54" hai3="113,21,19,55,76,64,131,43,63,84,4,106,60"/><T70/><D70/><U82/><E95/><V105/><F108/><W79/><G113/><T69/><D69/><U48/><E48/><V7/><F72/><W62/><G106/><T40/><D74/><U18/><E18/><V53/><F105/><W109/><G109/><T89/><D35/><U73/><E12/><V49/><F103/><W47/><G131/><T126/><D77/><N who="1" m="44335" /><E27/><V118/><F37/><W78/><G4/><N who="2" m="1609" /><F41/><W121/><G121/><T65/><D14/><U80/><E114/><V30/><F118/><W135/><G135/><T115/><D40/><N who="1" m="22663" /><E102/><V97/><F97/><W42/><G64/><T0/><D0/><U88/><E104/><V24/><F54/><W94/><G55/><T117/><D100/><U98/><E98/><V91/><F24/><N who="3" m="14399" /><G47/><T134/><D117/><U15/><E15/><V28/><AGARI ba="1,1" hai="8,10,28,30,31,49,53,56,81,87,91" m="1609" machi="28" ten="30,1100,0" yaku="8,1" doraHai="16" who="2" fromWho="2" sc="255,-6,235,-4,265,24,235,-4" /><INIT seed="1,0,0,5,1,81" ten="249,231,289,231" oya="1" hai0="67,103,127,72,32,70,25,19,39,122,131,18,27" hai1="91,125,4,63,40,60,41,128,113,85,23,45,74" hai2="123,34,51,135,56,46,104,52,95,28,7,115,12" hai3="58,47,102,117,98,121,55,30,88,80,65,11,29"/><U120/><E74/><V66/><F123/><W35/><G121/><T75/><D122/><U49/><E120/><V5/><F104/><W97/><G117/><T50/><D39/><U48/><E113/><V42/><F115/><W62/><G35/><T110/><D110/><U31/><E128/><V134/><F66/><W16/><G47/><T111/><D111/><U118/><E125/><V2/><F2/><W9/><G65/><T90/><D67/><U99/><E99/><N who="3" m="37898" /><G102/><T116/><D103/><U101/><E4/><V1/><F1/><W78/><G78/><T96/><D96/><U93/><E101/><V83/><F95/><W36/><G36/><T8/><D32/><U132/><E132/><N who="2" m="50731" /><F83/><W38/><G38/><T105/><D105/><U26/><E118/><V33/><F28/><N who="3" m="10859" /><G16/><T10/><D127/><U53/><REACH who="1" step="1"/><E41/><REACH who="1" ten="249,221,289,231" step="2"/><V24/><F5/><W3/><G3/><T68/><D116/><U71/><E71/><V114/><F114/><W112/><G112/><T87/><D68/><U119/><E119/><V13/><F7/><W89/><G89/><T124/><D70/><U22/><E22/><V73/><F73/><W129/><G129/><T126/><D131/><U108/><E108/><V133/><F133/><W100/><G100/><T69/><D69/><U20/><E20/><V92/><F34/><W15/><G88/><T59/><D90/><U130/><E130/><V76/><F33/><W6/><G11/><T54/><D75/><U86/><E86/><V14/><F42/><W107/><G107/><T44/><D72/><U77/><E77/><V64/><F76/><RYUUKYOKU ba="0,1" sc="249,-15,221,15,289,-15,231,15" hai1="23,26,31,40,45,48,49,53,60,63,85,91,93" hai3="6,9,15,55,58,62,80" /><INIT seed="1,1,1,5,2,119" ten="234,236,274,246" oya="1" hai0="130,23,92,131,32,134,31,60,26,88,112,2,37" hai1="72,116,78,115,9,40,84,111,89,11,51,0,34" hai2="49,25,59,29,107,104,64,12,113,77,118,91,87" hai3="44,124,61,83,110,20,79,123,62,52,109,8,57"/><U94/><E115/><V69/><F118/><W96/><G123/><T102/><D112/><U132/><E116/><V81/><F113/><W66/><G124/><T86/><D134/><U56/><E34/><V68/><F107/><W35/><G35/><T1/><D37/><U54/><E0/><V27/><F104/><W117/><G117/><T3/><D102/><U13/><E132/><V33/><F27/><W67/><G20/><T36/><D36/><U126/><E126/><V28/><F28/><W71/><G96/><T24/><REACH who="0" step="1"/><D60/><REACH who="0" ten="224,236,274,246" step="2"/><U65/><E111/><V100/><F100/><W16/><G109/><T46/><D46/><N who="1" m="26055" /><E72/><V85/><F49/><W45/><G110/><T114/><D114/><U129/><E129/><V93/><F12/><N who="3" m="7175" /><G45/><T48/><D48/><N who="1" m="30791" /><E65/><V97/><F64/><W41/><G67/><T38/><D38/><U99/><E13/><V80/><F59/><W7/><G66/><T53/><D53/><U128/><E128/><V120/><F69/><W30/><G71/><T70/><D70/><U135/><E135/><V122/><F68/><W15/><G62/><T14/><D14/><U47/><E47/><V98/><F122/><W50/><G15/><T121/><D121/><U95/><E78/><N who="2" m="46231" /><F120/><W55/><G79/><T74/><D74/><U17/><E17/><AGARI ba="1,2" hai="1,2,3,17,23,24,26,31,32,86,88,92,130,131" machi="17" ten="40,2600,0" yaku="1,1,54,1,53,0" doraHai="119" doraHaiUra="63" who="0" fromWho="1" sc="224,49,236,-29,274,0,246,0" /><INIT seed="2,0,0,1,3,54" ten="273,207,274,246" oya="2" hai0="33,51,41,92,24,86,5,66,110,106,60,121,114" hai1="111,25,9,7,48,82,4,118,132,109,124,126,14" hai2="75,45,72,122,59,123,96,6,108,128,76,57,30" hai3="103,34,53,47,120,61,21,130,85,91,62,119,12"/><V89/><F128/><W116/><G120/><T10/><D121/><U36/><E82/><V80/><F6/><W102/><G34/><T15/><D106/><U56/><E48/><V100/><F30/><W50/><G130/><T105/><D105/><U77/><E56/><V65/><F75/><W67/><G116/><T129/><D110/><N who="1" m="41995" /><E77/><V44/><F108/><W125/><G125/><N who="1" m="48234" /><E36/><V71/><F122/><W78/><G78/><T74/><D114/><U52/><E52/><V11/><F11/><W135/><G135/><T19/><D74/><U46/><E46/><V83/><F123/><W28/><G119/><T0/><D51/><U97/><E97/><V32/><F32/><W93/><G62/><T55/><D55/><U133/><E118/><V22/><F22/><W2/><G2/><T90/><D41/><U113/><E113/><V73/><F45/><W94/><G94/><T64/><D129/><U70/><E70/><V49/><F73/><W68/><G12/><T38/><D60/><U58/><E58/><V98/><F71/><W16/><G28/><N who="0" m="19591" /><D38/><U115/><E115/><V79/><F65/><W31/><G31/><T8/><D64/><U84/><E84/><N who="2" m="50335" /><F79/><W3/><G3/><T18/><D66/><U13/><E25/><V39/><F39/><W40/><G40/><T17/><D86/><U104/><E104/><N who="2" m="63495" /><F98/><W37/><G37/><T23/><D92/><U131/><E131/><V101/><F101/><W63/><G63/><T127/><D127/><U35/><E35/><V134/><F72/><W43/><G43/><T81/><D81/><U95/><E95/><RYUUKYOKU ba="0,0" sc="273,-15,207,15,274,-15,246,15" hai1="4,7,9,13,14,132,133" hai3="16,21,47,50,53,61,67,68,85,91,93,102,103" /><INIT seed="3,1,0,0,5,92" ten="258,222,259,261" oya="3" hai0="20,35,75,105,93,135,100,60,33,26,76,97,124" hai1="107,51,81,3,53,17,89,69,74,64,23,44,2" hai2="1,14,49,9,32,61,111,22,102,134,15,70,85" hai3="122,28,11,5,79,6,110,31,128,19,54,38,72"/><W126/><G122/><T119/><D119/><U41/><E107/><V12/><F32/><W113/><G113/><T68/><D135/><U55/><E69/><V52/><F134/><W57/><G38/><T47/><D124/><U106/><E64/><V87/><F111/><W129/><G126/><T127/><D127/><U103/><E106/><V48/><F102/><W96/><G110/><T94/><D94/><U16/><E103/><V112/><F112/><W45/><G45/><T43/><D93/><U115/><E115/><V36/><F36/><W91/><G91/><T130/><D20/><U121/><E121/><V108/><F108/><W132/><G132/><T59/><D59/><U83/><E74/><V78/><F70/><W4/><G96/><T98/><D98/><U82/><E89/><V39/><F39/><W7/><G19/><T90/><D90/><U71/><E71/><V65/><F65/><W104/><G104/><T133/><D133/><U109/><E17/><N who="2" m="10559" /><F1/><W63/><G79/><T13/><D76/><U116/><E116/><V29/><F78/><W62/><G72/><T117/><D75/><U56/><E109/><V37/><F37/><W77/><G77/><T27/><D117/><U18/><E18/><N who="2" m="8463" /><F29/><N who="3" m="11339" /><G129/><T0/><D130/><U50/><REACH who="1" step="1"/><E55/><REACH who="1" ten="258,212,259,261" step="2"/><V95/><F52/><W46/><G128/><T84/><D68/><U123/><E123/><V114/><F114/><W24/><G54/><T131/><D131/><U67/><E67/><V86/><F95/><W40/><G40/><T88/><D43/><U25/><AGARI ba="1,1" hai="2,3,16,23,25,41,44,50,51,53,56,81,82,83" machi="25" ten="30,7900,0" yaku="1,1,0,1,54,1,53,1" doraHai="92" doraHaiUra="21" who="1" fromWho="1" sc="258,-21,212,92,259,-21,261,-40" owari="237,-16.3,304,40.4,238,3.8,221,-27.9" /></mjloggm>