<mjloggm ver="2.3"><GO type="225" lobby="0"/><UN n0="%E5%A4%96%E5%B7%9D%E7%AB%9C%E6%88%90" n1="%E5%87%BA%E6%B0%B4" n2="%30%2E%31%32%30" n3="%E3%81%BF%E3%81%BF%E3%81%9A" dan="16,16,16,16" rate="2167.23,2080.93,2136.58,2153.57" sx="M,F,M,M"/><TAIKYOKU oya="0"/><INIT seed="0,0,0,2,4,129" ten="250,250,250,250" oya="0" hai0="61,43,52,126,9,93,66,104,107,25,67,57,69" hai1="31,103,124,100,80,46,51,111,90,39,125,86,28" hai2="20,79,91,38,130,120,26,87,108,101,128,24,56" hai3="119,34,10,14,58,44,74,7,118,62,55,105,35"/><T134/><D126/><N who="1" m="48747" /><E111/><V6/><F6/><W114/><G114/><T78/><D78/><U41/><E39/><V131/><F131/><W73/><BYE who="2" /><G105/><T49/><D67/><U122/><E122/><V27/><F27/><W106/><G106/><T5/><D93/><U133/><E133/><V127/><F127/><W40/><G118/><T59/><D59/><U88/><E90/><V23/><F23/><W113/><G113/><T110/><D110/><U29/><AGARI ba="0,0" hai="28,29,31,41,46,51,80,86,88,100,103" m="48747" machi="29" ten="30,2000,0" yaku="18,1,54,1" doraHai="129" who="1" fromWho="1" sc="250,-10,250,20,250,-5,250,-5" /><INIT seed="1,0,0,1,3,50" ten="240,270,245,245" oya="1" hai0="72,55,119,121,29,75,39,132,98,25,116,32,65" hai1="97,84,86,6,120,88,126,76,129,17,107,15,125" hai2="130,16,40,60,36,80,83,23,10,57,110,19,78" hai3="127,101,30,33,105,99,34,124,85,56,69,117,106"/><U35/><E120/><V96/><F96/><W70/><G117/><T113/><D113/><U82/><E35/><N who="3" m="13322" /><G30/><T135/><D39/><U67/><E67/><V43/><F43/><W112/><G112/><T81/><D65/><U89/><E6/><V26/><F26/><W90/><G56/><T122/><D98/><U77/><E129/><V59/><F59/><W51/><G51/><T109/><D109/><U111/><E111/><V74/><F74/><N who="0" m="28202" /><D81/><N who="1" m="49167" /><E17/><V62/><F62/><W9/><G9/><T28/><D28/><U108/><E15/><V21/><F21/><W53/><G53/><T2/><D55/><U73/><E108/><V114/><F114/><W31/><G31/><T11/><D11/><U93/><E77/><V100/><F100/><AGARI ba="0,0" hai="73,76,82,86,89,93,97,100,107,125,126" m="49167" machi="100" ten="30,11600,0" yaku="24,1,34,2,54,1" doraHai="50" who="1" fromWho="2" sc="240,0,270,116,245,-116,245,0" /><INIT seed="1,1,0,2,3,85" ten="240,386,129,245" oya="1" hai0="45,106,11,37,132,116,102,79,119,99,36,129,90" hai1="30,40,135,67,42,41,32,8,51,46,43,21,80" hai2="70,4,104,83,121,101,27,114,133,87,108,25,130" hai3="111,86,69,91,22,117,107,73,59,72,88,28,113"/><U58/><E135/><V92/><F92/><W120/><G69/><T10/><D132/><U63/><E32/><V56/><F56/><W93/><G120/><T47/><D129/><U98/><E8/><V24/><F24/><W48/><G113/><T1/><D79/><U26/><E80/><V9/><F9/><W105/><G111/><T18/><D18/><U62/><E62/><V128/><F128/><W96/><G117/><T15/><D15/><U118/><E118/><V112/><F112/><W75/><G28/><T49/><D45/><U6/><E6/><V125/><F125/><W109/><G22/><T13/><D1/><U60/><E60/><V95/><F95/><W77/><G109/><T134/><D134/><U97/><AGARI ba="1,0" hai="21,26,30,40,41,42,43,46,51,58,63,67,97,98" machi="97" ten="30,3000,0" yaku="0,1,8,1" doraHai="85" who="1" fromWho="1" sc="240,-11,386,33,129,-11,245,-11" /><INIT seed="1,2,0,2,0,52" ten="229,419,118,234" oya="1" hai0="73,4,105,133,116,47,110,80,89,45,86,99,13" hai1="103,82,60,123,33,14,59,67,15,111,93,56,69" hai2="41,18,25,76,51,130,129,49,54,66,37,21,24" hai3="38,75,39,134,28,5,40,95,126,58,100,114,0"/><U81/><E123/><V88/><F88/><W3/><G114/><T121/><D116/><U48/><E33/><V23/><F23/><W78/><G28/><T68/><D68/><U115/><E115/><V108/><F108/><W31/><G31/><T128/><D110/><U125/><E125/><V29/><F29/><W42/><G126/><T6/><D121/><U1/><E1/><V132/><F132/><W96/><G134/><T74/><D133/><U118/><E118/><V98/><F98/><W71/><G71/><T120/><D120/><U27/><E111/><V9/><F9/><W102/><G78/><T72/><D128/><U101/><E27/><V7/><F7/><W26/><G26/><T43/><D13/><N who="1" m="4619" /><E69/><V90/><F90/><W91/><G91/><T17/><D17/><U64/><E64/><V11/><F11/><W84/><G5/><T104/><D47/><U2/><E2/><V36/><F36/><W85/><G75/><T135/><D135/><U83/><E93/><V20/><F20/><W63/><G95/><T61/><D105/><U124/><E124/><V122/><F122/><W44/><G44/><T94/><D104/><U32/><E32/><V55/><F55/><AGARI ba="2,0" hai="48,55,56,59,60,67,81,82,83,101,103" m="4619" machi="55" ten="30,5800,0" yaku="8,1,52,2" doraHai="52" who="1" fromWho="2" sc="229,0,419,64,118,-64,234,0" /><INIT seed="1,3,0,5,4,4" ten="229,483,54,234" oya="1" hai0="123,7,133,10,124,43,39,110,76,38,118,41,104" hai1="126,114,22,44,74,94,40,34,112,52,88,83,24" hai2="12,6,20,16,117,75,79,3,32,85,27,86,68" hai3="21,113,91,119,47,82,120,84,11,33,55,73,99"/><U109/><E126/><V53/><F53/><W61/><G33/><T71/><D118/><U35/><E109/><V25/><F25/><W58/><G120/><T96/><D110/><U129/><E129/><V102/><F102/><W13/><G113/><T50/><D71/><U70/><E70/><V54/><F54/><W19/><G119/><T62/><D76/><U89/><E40/><V57/><F57/><W95/><G73/><T8/><D123/><U107/><E107/><V31/><F31/><W69/><G69/><T65/><D124/><U134/><E134/><V92/><F92/><W0/><G0/><T78/><D78/><U14/><E14/><V132/><F132/><W122/><G122/><T60/><D50/><N who="1" m="28743" /><E35/><V59/><F59/><W49/><G21/><T17/><D104/><U103/><E34/><V46/><F46/><W67/><REACH who="3" step="1"/><G99/><REACH who="3" ten="229,483,54,224" step="2"/><T56/><D96/><N who="1" m="59799" /><E74/><V97/><F97/><W51/><G51/><T106/><D133/><U63/><E114/><V36/><F36/><W127/><G127/><T28/><D38/><U2/><E2/><V98/><F98/><W125/><G125/><T30/><D39/><U81/><E112/><V66/><F66/><W80/><AGARI ba="3,1" hai="11,13,19,47,49,55,58,61,67,80,82,84,91,95" machi="80" ten="30,7900,0" yaku="1,1,0,1,8,1,52,1,53,0" doraHai="4" doraHaiUra="93" who="3" fromWho="3" sc="229,-23,483,-42,54,-23,224,98" /><INIT seed="2,0,0,3,0,40" ten="206,441,31,322" oya="2" hai0="115,97,119,3,9,71,68,42,129,76,135,108,50" hai1="95,20,24,122,120,57,0,47,107,11,92,45,30" hai2="67,88,14,60,78,13,83,37,127,63,72,100,19" hai3="66,91,70,105,21,10,99,46,131,93,53,133,73"/><V112/><F112/><W130/><G73/><T31/><D31/><U52/><E107/><V61/><F61/><N who="3" m="40271" /><G21/><T103/><D76/><U27/><E0/><V58/><F58/><W48/><G10/><T96/><D96/><U128/><E128/><N who="3" m="49194" /><G133/><T124/><D97/><U117/><E117/><V1/><F1/><W111/><G111/><T32/><D50/><N who="1" m="30871" /><E11/><V86/><F86/><W104/><AGARI ba="0,0" hai="46,48,53,91,93,99,104,105" m="49194,40271" machi="104" ten="30,2000,0" yaku="19,1,52,1" doraHai="40" who="3" fromWho="3" sc="206,-5,441,-5,31,-10,322,20" /><INIT seed="3,0,0,1,5,114" ten="201,436,21,342" oya="3" hai0="26,43,15,34,102,109,0,127,71,62,133,5,90" hai1="85,95,2,91,10,112,55,64,84,86,89,27,80" hai2="30,53,67,82,1,103,124,33,107,58,8,56,46" hai3="35,54,24,19,63,14,110,81,117,60,37,11,121"/><W57/><G121/><T65/><D90/><U130/><E130/><V70/><F70/><W97/><G37/><T87/><D87/><U18/><E112/><V13/><F13/><W134/><G134/><T23/><D43/><U20/><E64/><V45/><F45/><W93/><G110/><T66/><D66/><U96/><E2/><V77/><F77/><W50/><G35/><T68/><D68/><U75/><E75/><V38/><F38/><W123/><G123/><T51/><D51/><U4/><E55/><V99/><F99/><W116/><G81/><T78/><D78/><U108/><E108/><V31/><F31/><W52/><G24/><T111/><D102/><U119/><E119/><V21/><F21/><W22/><G11/><T115/><D115/><U88/><E91/><V83/><F83/><W98/><G63/><T49/><D127/><U73/><E73/><V113/><F113/><W125/><G125/><T120/><D120/><U79/><E79/><V74/><F74/><W101/><G98/><T105/><D105/><U106/><E106/><V25/><F25/><W40/><G40/><T28/><D133/><U36/><E36/><V47/><F47/><AGARI ba="0,0" hai="14,19,22,47,50,52,54,57,60,93,97,101,116,117" machi="47" ten="30,11600,0" yaku="7,1,52,2,54,1" doraHai="114" who="3" fromWho="2" sc="201,0,436,0,21,-116,342,116" owari="201,-19.9,436,23.6,-95,-59.5,458,55.8" /></mjloggm>