<mjloggm ver="2.3"><GO type="225" lobby="0"/><UN n0="%E3%80%93%E3%81%97%E3%83%BC%E3%82%89%E3%80%93" n1="%E3%81%B5%E3%81%98%E3%81%8B%E3%81%A4" n2="%E3%81%BF%E3%81%BF%E3%81%9A" n3="%E3%81%8B%E3%82%8F%E3%81%A1%E3%82%83%E3%82%93%35%38" dan="16,17,18,16" rate="2118.06,2206.16,2274.14,2162.66" sx="M,M,M,M"/><TAIKYOKU oya="0"/><INIT seed="0,0,0,5,0,117" ten="250,250,250,250" oya="0" hai0="8,114,77,74,103,121,56,60,11,67,4,10,84" hai1="1,18,127,82,91,96,78,61,89,83,98,108,102" hai2="79,51,43,25,86,94,24,66,22,46,124,75,112" hai3="42,90,73,0,81,27,109,100,2,23,12,20,125"/><T37/><D37/><U120/><E1/><V115/><F124/><W16/><G109/><T134/><D114/><U119/><E119/><V9/><F75/><W5/><G125/><T128/><D74/><N who="1" m="43351" /><E18/><V135/><F135/><W107/><G42/><T122/><D134/><U76/><E61/><V80/><F66/><W53/><G100/><T14/><D128/><U64/><E64/><V57/><F57/><W63/><G107/><T58/><D103/><U85/><E127/><V95/><F25/><W132/><G132/><T28/><D28/><U93/><E120/><V35/><F35/><W92/><G81/><T45/><D45/><U15/><E15/><V7/><F115/><W101/><G101/><T113/><D113/><U40/><E40/><V99/><F99/><N who="1" m="37929" /><E108/><V118/><F118/><W21/><G73/><T34/><D34/><U31/><E31/><V65/><F65/><W71/><G71/><T72/><D72/><U49/><E49/><V47/><F47/><W55/><G5/><T33/><D33/><U104/><E104/><V54/><F54/><N who="3" m="20491" /><G63/><T32/><D32/><U6/><E6/><V41/><F43/><W36/><G36/><T131/><D58/><U48/><E48/><V17/><REACH who="2" step="1"/><F112/><REACH who="2" ten="250,250,240,250" step="2"/><W126/><G126/><T19/><D131/><U62/><E62/><V39/><F39/><W30/><G27/><T3/><REACH who="0" step="1"/><D10/><REACH who="0" ten="240,250,240,250" step="2"/><U97/><AGARI ba="0,2" hai="76,83,85,89,91,93,97,102" m="37929,43351" machi="97" ten="30,8000,1" yaku="35,5" doraHai="117" who="1" fromWho="1" sc="240,-40,250,100,240,-20,250,-20" /><INIT seed="1,0,0,2,2,46" ten="200,350,220,230" oya="1" hai0="85,97,25,21,123,78,117,61,86,19,67,91,12" hai1="29,66,103,34,43,99,112,106,57,20,77,6,58" hai2="52,134,68,8,121,63,49,83,18,23,10,56,107" hai3="47,62,59,41,36,75,4,79,9,26,122,60,129"/><U39/><E112/><V37/><F121/><W131/><G122/><T127/><D123/><U110/><E6/><V42/><F107/><W30/><G79/><T54/><D117/><U16/><E77/><V96/><F96/><W132/><G75/><T101/><D127/><U124/><E66/><N who="2" m="41055" /><F83/><W118/><G132/><T48/><D78/><U35/><E124/><V135/><F8/><W125/><G118/><T81/><D85/><U51/><E39/><V32/><F10/><W1/><G125/><T94/><D25/><U90/><E90/><V3/><F32/><W44/><G44/><T0/><D0/><U113/><E34/><V7/><F7/><W14/><G1/><T50/><REACH who="0" step="1"/><D54/><REACH who="0" ten="190,350,220,230" step="2"/><N who="1" m="31967" /><E113/><V111/><F3/><W133/><G133/><N who="2" m="50697" /><F111/><W22/><REACH who="3" step="1"/><G60/><REACH who="3" ten="190,350,220,220" step="2"/><T27/><D27/><U17/><E110/><V5/><F5/><W72/><G72/><T69/><AGARI ba="0,2" hai="12,19,21,48,50,61,67,69,81,86,91,94,97,101" machi="69" ten="20,8000,1" yaku="1,1,0,1,7,1,52,2,53,0" doraHai="46" doraHaiUra="130" who="0" fromWho="0" sc="190,100,350,-40,220,-20,220,-20" /><INIT seed="2,0,0,0,3,112" ten="290,310,200,200" oya="2" hai0="67,66,25,115,39,132,124,26,0,24,49,14,64" hai1="75,12,72,23,29,93,76,22,34,119,80,70,1" hai2="37,101,74,122,114,135,89,130,9,21,92,118,91" hai3="60,6,17,71,78,42,32,110,97,40,5,61,51"/><V59/><F37/><W46/><G32/><T62/><D39/><U134/><E119/><V63/><F114/><W123/><G123/><T56/><D0/><U109/><E70/><V83/><F122/><W105/><G78/><T10/><D115/><U90/><E1/><V30/><F118/><W48/><G110/><T73/><D73/><U4/><E109/><V44/><F130/><W108/><G108/><T55/><D132/><U128/><E72/><V120/><F120/><W103/><G17/><T54/><D124/><U36/><E36/><V45/><F135/><W58/><G71/><T69/><REACH who="0" step="1"/><D55/><REACH who="0" ten="280,310,200,200" step="2"/><U27/><E128/><V85/><F74/><W52/><G40/><T127/><D127/><U38/><E38/><V18/><F101/><W15/><G15/><T100/><D100/><U2/><E2/><V3/><F3/><W116/><G116/><T82/><D82/><U121/><E121/><V94/><F83/><W79/><G79/><T50/><D50/><U86/><E134/><V131/><F131/><W98/><G103/><T68/><D68/><U96/><E75/><V102/><F102/><W28/><G105/><T19/><AGARI ba="0,1" hai="10,14,19,24,25,26,49,54,56,62,64,66,67,69" machi="19" ten="30,2000,0" yaku="1,1,0,1,53,0" doraHai="112" doraHaiUra="111" who="0" fromWho="0" sc="280,30,310,-5,200,-10,200,-5" /><INIT seed="3,0,0,1,0,101" ten="310,305,190,195" oya="3" hai0="77,40,0,24,125,102,18,49,59,29,79,115,55" hai1="82,42,105,22,121,104,111,67,129,5,99,109,56" hai2="132,48,63,6,107,31,128,65,26,122,1,94,69" hai3="46,133,41,103,87,68,73,110,100,16,80,85,4"/><W14/><G68/><T20/><D0/><U130/><E121/><V53/><F107/><N who="1" m="41033" /><E42/><V89/><F128/><N who="1" m="49257" /><E99/><V126/><F132/><W8/><G133/><T19/><D125/><U108/><E5/><V113/><F113/><W23/><G73/><T50/><D115/><U118/><E118/><V35/><F126/><W11/><G110/><T52/><D102/><U9/><E82/><V32/><F122/><W91/><G85/><T106/><D106/><U60/><E9/><V92/><F6/><W70/><G70/><T72/><D40/><U57/><E22/><V30/><F1/><W54/><G54/><T66/><D66/><U127/><E127/><V124/><F124/><W51/><REACH who="3" step="1"/><G11/><REACH who="3" ten="310,305,190,185" step="2"/><T123/><D123/><U114/><E114/><V83/><F83/><W43/><G43/><T25/><D72/><U98/><E98/><V58/><F89/><W117/><G117/><T88/><D55/><U78/><E78/><V119/><F119/><W64/><G64/><T33/><D79/><U47/><E47/><V12/><F94/><W75/><G75/><T84/><D77/><U112/><E112/><V134/><F92/><W2/><AGARI ba="0,1" hai="2,4,8,14,16,23,41,46,51,80,87,91,100,103" machi="2" ten="20,7800,0" yaku="1,1,0,1,7,1,54,1,53,0" doraHai="101" doraHaiUra="27" who="3" fromWho="3" sc="310,-26,305,-26,190,-26,185,88" /><INIT seed="3,1,0,1,2,81" ten="284,279,164,273" oya="3" hai0="86,82,116,112,44,87,51,76,30,90,101,68,109" hai1="94,50,36,126,39,58,91,46,47,5,100,25,14" hai2="59,102,42,27,28,98,99,135,118,75,35,56,13" hai3="31,132,16,60,95,62,70,52,124,10,129,123,71"/><W54/><G123/><T33/><D68/><U8/><E126/><V110/><F118/><W92/><G31/><T113/><D116/><U121/><E121/><V11/><F75/><W73/><G73/><T6/><D109/><U15/><E100/><V79/><F110/><W45/><G124/><T130/><D130/><U96/><E25/><V63/><F135/><W48/><G132/><T34/><D101/><U55/><E46/><V104/><F79/><W18/><G129/><T21/><D6/><U72/><E72/><V69/><F99/><W41/><G71/><T125/><D21/><U66/><E66/><N who="2" m="41183" /><F42/><W78/><G78/><T97/><D97/><U40/><REACH who="1" step="1"/><E15/><REACH who="1" ten="284,269,164,273" step="2"/><V57/><F57/><N who="3" m="34855" /><G70/><T128/><D125/><U93/><E93/><N who="3" m="35914" /><G10/><T23/><D128/><U43/><E43/><V115/><F115/><W120/><G120/><T103/><D113/><U4/><E4/><AGARI ba="1,1" hai="4,11,13,27,28,35,56,59,98,102,104" m="41183" machi="4" ten="30,1000,0" yaku="25,1" doraHai="81" who="2" fromWho="1" sc="284,0,269,-13,164,23,273,0" /><INIT seed="4,0,0,1,0,57" ten="284,256,187,273" oya="0" hai0="67,2,18,10,121,33,38,63,106,84,126,46,119" hai1="68,105,83,86,97,110,60,85,62,36,24,124,89" hai2="108,74,75,14,77,111,122,66,117,104,16,123,101" hai3="69,44,5,15,35,32,112,25,19,49,21,31,26"/><T134/><D106/><U9/><E36/><V54/><F54/><W43/><G112/><T45/><D33/><U99/><E110/><N who="2" m="42027" /><F14/><W37/><G69/><T118/><D121/><N who="2" m="46090" /><F16/><W71/><G71/><T130/><D38/><U98/><E68/><V70/><F77/><W65/><G65/><T128/><D46/><U82/><E105/><V96/><F117/><W64/><G64/><T135/><D45/><U80/><E124/><V41/><F41/><W125/><G125/><T34/><D126/><U17/><E9/><V103/><F101/><W27/><G37/><T7/><D18/><U13/><E13/><V8/><F8/><W129/><G49/><T92/><D34/><N who="3" m="12841" /><G44/><T132/><D118/><U114/><E114/><V120/><N who="2" m="46098" /><V30/><DORA hai="72" /><F30/><W81/><G43/><T79/><D119/><U42/><E42/><V100/><F100/><W56/><G31/><T4/><D4/><U91/><E83/><V90/><F90/><W20/><G81/><T109/><D79/><U59/><E59/><V94/><F94/><W127/><G56/><N who="0" m="37351" /><D109/><U28/><E17/><V3/><F3/><W22/><G127/><T48/><D48/><U133/><E24/><V47/><F47/><W93/><G5/><T73/><D134/><U29/><E133/><V115/><F115/><W95/><G93/><T1/><D135/><U55/><E55/><V78/><F78/><W113/><G95/><T76/><D132/><U131/><E29/><V102/><F102/><W87/><G113/><T12/><D1/><U107/><E28/><V53/><F53/><W52/><G52/><RYUUKYOKU ba="0,0" sc="284,-10,256,-10,187,30,273,-10" hai2="66,70,74,75,96,103,104" /><INIT seed="5,1,0,0,1,25" ten="274,246,217,263" oya="1" hai0="31,68,28,41,95,52,6,0,21,76,85,102,69" hai1="109,115,26,130,98,82,70,128,100,75,73,44,55" hai2="72,1,36,13,43,56,119,46,92,121,17,49,87" hai3="132,79,27,45,62,101,16,22,50,20,23,106,5"/><U65/><E115/><V71/><F121/><W48/><G106/><T15/><D41/><U35/><E55/><N who="2" m="31855" /><F1/><W135/><G101/><T114/><D114/><U111/><E44/><V42/><F72/><N who="1" m="27721" /><E65/><V10/><F119/><W124/><G79/><T47/><D0/><U67/><E82/><V110/><F110/><N who="1" m="41993" /><E70/><V108/><F108/><W24/><G62/><T91/><D69/><U58/><E58/><V103/><F36/><W7/><G48/><N who="0" m="28703" /><D68/><U120/><E67/><V104/><F104/><W133/><G124/><T30/><D102/><U127/><E120/><V66/><F71/><W97/><G50/><T89/><D76/><U81/><E81/><V39/><F39/><W29/><G45/><T83/><D83/><U51/><E51/><N who="2" m="27095" /><F43/><W116/><G116/><T4/><D91/><U80/><E80/><V14/><F66/><W117/><G117/><T38/><D38/><U8/><E127/><V33/><F33/><W60/><G60/><T74/><D74/><U88/><E100/><V94/><F103/><W131/><G133/><T61/><D61/><U2/><E2/><V40/><F40/><W12/><G135/><T125/><D125/><U134/><E134/><V105/><F105/><W86/><G132/><T34/><D34/><U64/><E64/><V107/><F107/><W54/><G54/><T90/><D90/><U84/><E98/><V53/><F53/><W32/><G32/><T118/><D118/><U77/><E77/><V37/><F37/><W126/><G126/><T93/><D93/><N who="2" m="35946" /><F87/><W78/><G86/><T96/><D85/><U59/><E35/><RYUUKYOKU ba="1,0" sc="274,15,246,-15,217,15,263,-15" hai0="4,6,15,21,28,30,31,89,95,96" hai2="10,13,14,17" /><INIT seed="6,2,0,3,1,128" ten="289,231,232,248" oya="2" hai0="28,76,62,83,54,84,113,132,9,73,103,81,99" hai1="36,38,110,129,68,123,91,65,114,34,50,5,17" hai2="133,18,40,87,21,134,102,7,121,78,127,95,70" hai3="107,89,106,16,42,3,125,104,111,126,108,60,32"/><V25/><F121/><W61/><G3/><T11/><D113/><U93/><E110/><N who="3" m="42026" /><G32/><T37/><D132/><N who="2" m="50794" /><F127/><N who="3" m="48651" /><G42/><T117/><D37/><U115/><E34/><V105/><F70/><W59/><G59/><T35/><D117/><U92/><E123/><V58/><F40/><W75/><G75/><T31/><D35/><U86/><E129/><V23/><F7/><W47/><G47/><T119/><D119/><U67/><E5/><V118/><F118/><W85/><G16/><T0/><D31/><U53/><E68/><V4/><F4/><W135/><G135/><T77/><D28/><U44/><E36/><V14/><F58/><W94/><AGARI ba="2,0" hai="60,61,85,89,94,104,106,107" m="48651,42026" machi="94" ten="40,1500,0" yaku="18,1" doraHai="128" who="3" fromWho="3" sc="289,-6,231,-6,232,-9,248,21" /><INIT seed="7,0,0,4,5,86" ten="283,225,223,269" oya="3" hai0="49,3,7,134,80,77,62,98,111,83,88,41,27" hai1="95,72,107,16,78,39,35,73,75,53,108,29,32" hai2="125,1,116,60,6,120,106,30,28,109,38,113,84" hai3="9,12,50,40,57,24,122,56,67,0,18,26,10"/><W15/><G122/><T114/><D111/><U126/><E107/><V2/><F109/><W23/><G0/><N who="2" m="105" /><F84/><W135/><G135/><T105/><D114/><U132/><E132/><V87/><F87/><W127/><G127/><T22/><D105/><U130/><E108/><V43/><F6/><N who="3" m="3127" /><G67/><T4/><D3/><U112/><E126/><V25/><F30/><N who="3" m="17695" /><G26/><T69/><D62/><U61/><E112/><V121/><F125/><W8/><G8/><T65/><D65/><U58/><E73/><V66/><F113/><W128/><G128/><T55/><D41/><U37/><E130/><V52/><F106/><W42/><G42/><T110/><D69/><U70/><E75/><V46/><F52/><W133/><G133/><T124/><D124/><U19/><E70/><N who="2" m="42311" /><F116/><W102/><G102/><T68/><D68/><U13/><E19/><V45/><F46/><AGARI ba="0,0" hai="10,15,18,40,46,50,56,57" m="17695,3127" machi="46" ten="30,1500,0" yaku="8,1" doraHai="86" who="3" fromWho="2" sc="283,0,225,0,223,-15,269,15" /><INIT seed="7,1,0,0,3,3" ten="283,225,208,284" oya="3" hai0="51,34,107,24,118,49,50,104,92,72,86,109,19" hai1="94,101,91,81,13,108,99,54,87,100,95,98,8" hai2="78,32,53,70,80,93,130,128,55,61,76,1,28" hai3="0,124,132,16,97,113,121,48,39,117,63,30,45"/><W103/><G117/><T29/><D72/><U84/><E108/><V44/><F93/><N who="1" m="35337" /><E54/><N who="2" m="20491" /><F44/><W85/><G30/><T77/><D118/><U73/><E73/><V18/><F18/><W119/><G16/><T22/><D109/><U89/><E13/><V25/><F80/><W66/><G0/><T83/><REACH who="0" step="1"/><D92/><REACH who="0" ten="273,225,208,284" step="2"/><N who="1" m="54335" /><E8/><V82/><F82/><W27/><G124/><T38/><D38/><U65/><E65/><N who="2" m="41263" /><F1/><W134/><G121/><T36/><D36/><U40/><E40/><V120/><F120/><W35/><G39/><T135/><D135/><U64/><E64/><V9/><F9/><W133/><G119/><T67/><D67/><U56/><E56/><V17/><F17/><W122/><G122/><T21/><D21/><U127/><E127/><V69/><F69/><N who="3" m="42207" /><G134/><T106/><D106/><U62/><E62/><V6/><F6/><W52/><G133/><T41/><D41/><U79/><E91/><V37/><F37/><W20/><G132/><T129/><D129/><AGARI ba="1,1" hai="25,28,32,76,78,128,129,130" m="41263,20491" machi="129" ten="30,1000,0" yaku="19,1" doraHai="3" who="2" fromWho="0" sc="273,-13,225,0,208,23,284,0" owari="260,6.0,225,-27.5,231,-16.9,284,38.4" /></mjloggm>