<mjloggm ver="2.3"><GO type="225" lobby="0"/><UN n0="%E5%84%AA%40%41%42%43" n1="%E6%9A%87%E4%BA%BA%EF%BC%A0%E9%85%8D%E4%BF%A1%E5%9E%A2" n2="%E7%AD%89%E3%80%85%E5%8A%9B%E5%8A%87%E5%A0%B4" n3="%6D%75%75%6D%75%72%61" dan="18,17,16,16" rate="2224.30,2139.28,2170.10,2116.74" sx="M,F,M,F"/><TAIKYOKU oya="0"/><INIT seed="0,0,0,5,4,127" ten="250,250,250,250" oya="0" hai0="126,7,44,87,76,119,63,45,52,64,84,68,86" hai1="81,88,123,37,135,42,94,23,26,131,33,73,79" hai2="132,111,36,53,54,47,71,43,85,16,58,56,38" hai3="100,8,99,121,27,11,66,65,91,12,104,48,67"/><T92/><D119/><U122/><E135/><V130/><F71/><W4/><G121/><T95/><D126/><U61/><E33/><V3/><F3/><W25/><G91/><T62/><D7/><U35/><E35/><V96/><F111/><W107/><G107/><T20/><D76/><U116/><E116/><V6/><F6/><W110/><G110/><T49/><D63/><U82/><E82/><V114/><F114/><W40/><G40/><T90/><D95/><U31/><E131/><V106/><F132/><W0/><REACH who="3" step="1"/><G48/><REACH who="3" ten="250,250,250,240" step="2"/><T14/><D45/><U69/><E42/><V70/><F106/><W75/><G75/><T125/><D125/><U89/><E37/><V133/><F43/><W83/><G83/><T51/><D49/><U13/><E89/><V15/><F47/><W128/><G128/><T77/><D77/><U21/><E123/><V10/><F130/><W118/><G118/><T18/><AGARI ba="0,1" hai="14,18,20,44,51,52,62,64,68,84,86,87,90,92" machi="18" ten="30,3000,0" yaku="0,1,54,1" doraHai="127" who="0" fromWho="0" sc="250,40,250,-10,250,-10,240,-10" /><INIT seed="0,1,0,0,0,30" ten="290,240,240,230" oya="0" hai0="73,96,53,75,91,4,32,117,47,42,103,63,80" hai1="11,81,2,39,24,85,50,27,118,71,6,79,49" hai2="93,74,130,115,110,106,87,36,14,22,128,23,1" hai3="34,21,101,78,77,109,105,113,40,102,94,59,12"/><T97/><D117/><U123/><E118/><V104/><F1/><W92/><G113/><T112/><D112/><U54/><E123/><V98/><F74/><W45/><G109/><T72/><D4/><U68/><E39/><V17/><F36/><W70/><G70/><T44/><D32/><U28/><E27/><V19/><F115/><W0/><G0/><T9/><D9/><U124/><E124/><V20/><F87/><W51/><G34/><T121/><D121/><U55/><E49/><V52/><F110/><W16/><G105/><T125/><D125/><U108/><E108/><V37/><F37/><W111/><G111/><T83/><D97/><U132/><E132/><V84/><F84/><W100/><REACH who="3" step="1"/><G59/><REACH who="3" ten="290,240,240,220" step="2"/><N who="0" m="35311" /><D72/><U60/><E71/><V46/><F106/><W135/><G135/><T56/><D73/><U107/><E107/><V95/><F104/><W114/><G114/><T7/><D75/><U31/><E68/><V126/><F126/><W65/><G65/><T66/><D56/><U61/><E55/><V33/><F33/><W35/><G35/><T76/><D66/><U10/><E2/><V120/><F120/><W133/><G133/><T57/><D57/><U5/><E54/><V13/><F52/><W41/><G41/><T67/><D42/><U18/><E60/><V26/><F130/><W15/><G15/><T62/><D67/><U38/><E61/><V127/><F128/><W86/><G86/><T3/><D62/><U82/><E85/><V25/><F127/><W89/><G89/><T131/><D91/><U122/><E122/><V90/><F90/><RYUUKYOKU ba="1,1" sc="290,-10,240,-10,240,-10,220,30" hai3="12,16,21,40,45,51,77,78,92,94,100,101,102" /><INIT seed="1,2,1,4,4,46" ten="280,230,230,250" oya="1" hai0="18,98,115,100,123,131,44,0,48,129,95,20,76" hai1="128,110,65,103,35,50,108,21,37,15,72,27,58" hai2="45,16,36,78,96,49,4,23,113,85,94,51,97" hai3="53,28,54,93,62,19,92,116,111,118,122,14,12"/><U34/><E37/><V42/><F113/><W106/><G122/><T101/><D115/><U22/><E72/><V33/><F33/><W104/><G111/><N who="1" m="42538" /><E128/><N who="0" m="49225" /><D123/><U120/><E120/><V26/><F4/><W73/><G73/><T56/><D56/><U8/><E103/><V87/><F97/><W124/><G62/><T133/><D76/><U17/><E22/><V31/><F31/><W88/><G28/><T38/><D0/><U32/><E65/><V114/><F114/><W7/><G7/><T71/><D71/><U55/><E8/><V66/><F66/><W43/><G43/><N who="0" m="24607" /><D38/><U119/><E119/><N who="3" m="45610" /><G124/><T9/><D9/><U125/><E125/><V69/><F69/><W30/><G30/><AGARI ba="2,1" hai="15,17,21,27,30,32,34,35,50,55,58" m="42538" machi="30" ten="30,5800,0" yaku="14,1,10,1,52,1" doraHai="46" who="1" fromWho="3" sc="280,0,230,74,230,0,250,-64" /><INIT seed="1,3,0,0,0,36" ten="280,304,230,186" oya="1" hai0="62,94,134,57,17,55,83,63,47,108,68,130,107" hai1="10,54,103,90,44,73,105,133,6,84,15,71,116" hai2="118,98,13,53,87,65,48,2,34,31,61,135,20" hai3="85,132,100,106,86,125,18,21,91,104,121,28,102"/><U64/><E116/><V9/><F118/><W82/><G121/><T70/><D107/><U74/><E133/><V117/><F117/><W50/><G132/><T0/><D134/><U26/><E71/><V76/><F135/><W59/><G125/><T24/><D0/><U25/><E64/><V29/><F34/><W7/><G28/><T95/><D108/><U109/><E109/><V77/><F2/><W93/><G7/><T81/><D130/><U129/><E129/><V35/><F35/><W126/><G126/><T67/><D70/><U52/><E74/><V42/><F98/><W51/><G106/><T3/><D3/><U99/><E73/><V127/><F127/><W92/><G104/><T16/><D47/><U66/><E66/><V27/><F31/><W60/><G92/><T75/><D83/><U37/><E54/><V43/><F61/><W119/><G119/><T41/><D41/><N who="2" m="15370" /><F87/><W128/><G128/><T33/><D33/><U45/><E37/><V113/><F65/><W23/><G60/><T122/><D122/><U72/><E72/><V78/><F113/><W8/><G51/><T49/><D62/><U39/><E39/><V88/><F88/><N who="3" m="51255" /><G102/><T112/><D112/><U123/><E123/><V38/><F38/><W69/><G69/><T79/><D68/><U5/><E105/><V96/><F96/><W32/><G100/><T101/><D101/><U97/><E97/><V14/><F9/><W19/><G32/><T40/><D67/><U1/><E99/><V110/><F110/><W120/><G120/><T56/><D63/><U22/><E103/><RYUUKYOKU ba="3,0" sc="280,-10,304,-10,230,30,186,-10" hai2="13,14,20,27,29,48,53,76,77,78" /><INIT seed="2,4,0,0,3,118" ten="270,294,260,176" oya="2" hai0="30,105,0,45,53,21,93,29,92,73,96,37,57" hai1="25,15,90,79,22,59,123,31,1,23,69,72,11" hai2="91,46,43,71,68,47,97,84,130,112,35,40,39" hai3="108,50,119,5,125,110,2,41,100,135,95,24,4"/><V94/><F112/><W122/><G119/><T121/><D0/><U7/><E69/><V67/><F35/><W26/><G125/><T34/><D73/><U19/><E72/><V66/><F130/><W14/><G2/><T80/><D34/><U32/><E79/><V106/><F71/><W9/><G135/><T82/><D105/><U58/><E123/><V124/><F68/><W48/><G5/><T10/><D121/><U85/><REACH who="1" step="1"/><E23/><REACH who="1" ten="270,284,260,176" step="2"/><V107/><F124/><W102/><G122/><T131/><D21/><U126/><E126/><V101/><REACH who="2" step="1"/><F107/><REACH who="2" ten="270,284,250,176" step="2"/><W132/><G132/><T18/><D131/><U88/><E88/><V74/><F74/><W115/><G115/><T70/><D70/><U99/><E99/><V89/><F89/><W129/><G129/><T33/><D96/><U13/><E13/><V27/><F27/><W120/><G120/><T65/><D33/><U81/><AGARI ba="4,2" hai="1,7,11,15,19,22,25,31,32,58,59,81,85,90" machi="81" ten="20,12000,2" yaku="1,1,0,1,7,1,24,2,53,2" doraHai="118" doraHaiUra="54" who="1" fromWho="1" sc="270,-34,284,152,250,-64,176,-34" /><INIT seed="3,0,0,3,0,12" ten="236,436,186,142" oya="3" hai0="63,65,33,130,61,125,79,94,109,86,51,93,55" hai1="71,46,68,59,123,81,44,30,96,48,101,14,24" hai2="1,22,126,62,4,6,70,122,67,73,115,77,50" hai3="98,41,66,89,35,112,56,116,97,23,110,58,34"/><W37/><G112/><T60/><D33/><U29/><E123/><V107/><F107/><W27/><G116/><T121/><D121/><U74/><E14/><V69/><F69/><W102/><G110/><T117/><D130/><U2/><E2/><V49/><F115/><W99/><G102/><T78/><D117/><U45/><E59/><V19/><F122/><W132/><G132/><T113/><D125/><U13/><E48/><V127/><F50/><W80/><G37/><T100/><D65/><U0/><E13/><N who="2" m="9583" /><F1/><W103/><G41/><T39/><D86/><U83/><E0/><V75/><F49/><W118/><G118/><T135/><D51/><U114/><E114/><V31/><F31/><W10/><G10/><T21/><D21/><U87/><E74/><N who="2" m="28171" /><F77/><W54/><G103/><T64/><D78/><U134/><E134/><V25/><F25/><W95/><G80/><T5/><D79/><U76/><E83/><V105/><F105/><W119/><G119/><T129/><D39/><U91/><E76/><V53/><F53/><W43/><G43/><T108/><D55/><U16/><E68/><V82/><F82/><W9/><G9/><T8/><D135/><U104/><E71/><V17/><F4/><W52/><G35/><T120/><D120/><U57/><E101/><V7/><F6/><W28/><G34/><T38/><D100/><U36/><E36/><V47/><F7/><W20/><G20/><T84/><D38/><U124/><E104/><V15/><F47/><W3/><G3/><T11/><D113/><U42/><E45/><V32/><F32/><RYUUKYOKU ba="0,0" sc="236,-10,436,-10,186,30,142,-10" hai2="15,17,62,67,70,126,127" owari="226,2.6,426,52.6,216,-18.4,132,-36.8" /></mjloggm>