<mjloggm ver="2.3"><GO type="225" lobby="0"/><UN n0="%E3%81%BE%E3%81%A8%E3%81%9F" n1="%6D%75%75%6D%75%72%61" n2="%E3%81%AF%E3%82%88%E3%81%8A%E3%81%98%E3%81%95%E3%82%93" n3="%E3%83%9F%E3%83%AA%E3%83%80%E3%81%97%E3%82%88" dan="16,16,16,16" rate="2184.39,2089.29,2195.49,2048.32" sx="M,F,M,M"/><TAIKYOKU oya="0"/><INIT seed="0,0,0,2,5,12" ten="250,250,250,250" oya="0" hai0="100,107,36,77,121,123,8,118,39,14,56,30,46" hai1="132,103,82,10,61,11,42,90,133,33,21,83,114" hai2="65,52,24,59,98,95,70,48,108,27,105,130,29" hai3="68,13,45,53,78,19,60,101,79,16,44,86,94"/><T50/><D118/><U112/><E33/><V102/><F108/><W3/><G3/><T32/><D77/><N who="3" m="29193" /><G68/><T117/><D117/><U87/><E103/><V72/><F72/><W49/><G60/><T129/><D129/><U80/><E42/><V131/><F95/><W22/><G45/><T23/><D32/><U38/><E38/><V76/><F76/><W109/><G109/><T85/><D56/><U1/><E61/><N who="2" m="40239" /><F24/><N who="3" m="14431" /><G86/><T15/><D85/><U28/><E1/><V17/><F17/><W47/><G47/><T62/><D46/><U125/><E125/><V126/><F126/><W110/><G110/><T89/><D39/><U6/><E6/><V88/><F88/><W84/><G84/><T111/><D36/><U7/><E7/><V99/><F99/><W69/><G69/><T67/><D89/><U40/><E40/><V63/><F63/><W5/><G5/><T4/><D62/><U75/><E75/><V9/><F9/><N who="1" m="3081" /><E90/><V73/><F73/><W104/><G104/><T41/><D111/><U54/><E87/><V120/><F120/><W91/><G91/><T115/><D121/><U106/><E106/><V71/><F71/><W66/><G66/><T35/><D67/><U31/><E31/><V34/><AGARI ba="0,0" hai="27,29,34,48,52,59,98,102,105,130,131" m="40239" machi="34" ten="30,2000,0" yaku="25,1,54,1" doraHai="12" who="2" fromWho="2" sc="250,-10,250,-5,250,20,250,-5" /><INIT seed="1,0,0,0,5,96" ten="240,245,270,245" oya="1" hai0="26,28,71,32,69,55,41,119,124,63,87,58,106" hai1="127,130,76,35,67,103,1,29,4,86,134,42,52" hai2="46,37,45,107,104,89,94,92,9,61,27,59,93" hai3="60,31,90,64,111,91,38,112,74,49,10,5,95"/><U11/><E127/><V116/><F116/><W129/><G38/><T132/><D119/><U100/><E130/><V19/><F89/><W66/><G112/><T13/><D124/><U3/><E134/><V34/><F9/><W121/><G121/><T51/><D106/><U53/><E3/><V110/><F110/><W48/><G111/><T81/><D132/><U98/><E42/><V115/><F115/><W2/><G74/><T97/><D97/><U16/><E67/><V62/><F62/><W128/><G31/><T125/><D125/><U99/><E29/><V123/><F123/><W12/><G12/><T22/><D13/><N who="1" m="7231" /><E1/><V88/><F88/><N who="3" m="33835" /><G95/><T25/><D41/><U84/><E35/><V126/><F126/><W8/><G8/><T75/><D75/><U40/><E40/><V105/><F37/><W77/><G77/><T131/><D131/><N who="3" m="50249" /><G66/><T72/><D72/><U15/><E15/><V24/><F34/><W33/><G33/><T82/><D32/><U43/><E4/><V108/><F108/><W54/><G54/><N who="1" m="21098" /><E43/><V109/><F109/><W78/><G78/><T80/><D55/><U14/><E14/><V20/><F24/><W73/><G73/><T79/><D26/><U0/><E0/><V57/><F61/><W56/><AGARI ba="0,0" hai="2,5,10,48,49,56,60,64" m="50249,33835" machi="56" ten="30,2000,0" yaku="19,1,54,1" doraHai="96" who="3" fromWho="3" sc="240,-5,245,-10,270,-5,245,20" /><INIT seed="2,0,0,0,5,63" ten="235,235,265,265" oya="2" hai0="20,106,60,80,83,68,89,9,50,123,6,132,62" hai1="129,108,42,28,15,122,128,125,66,111,65,33,95" hai2="58,1,84,114,99,53,11,94,81,2,38,100,19" hai3="22,85,57,101,21,35,71,48,118,67,14,70,121"/><V41/><F114/><W36/><G36/><T43/><D123/><U47/><E122/><V31/><F31/><W46/><G35/><T61/><D132/><U74/><E74/><V133/><F133/><W34/><G34/><T109/><D106/><U45/><E125/><V25/><F38/><W55/><G121/><T124/><D124/><U13/><E95/><V117/><F117/><W52/><G118/><T91/><D109/><N who="1" m="42059" /><E13/><V88/><F41/><W3/><G3/><T77/><D68/><U51/><E45/><V29/><F19/><W112/><G112/><T87/><D20/><U116/><E116/><V32/><REACH who="2" step="1"/><F11/><REACH who="2" ten="235,235,255,265" step="2"/><W24/><G71/><T97/><D9/><U110/><E110/><V75/><F75/><W126/><G70/><T104/><D43/><U27/><E15/><V120/><F120/><W44/><G14/><T16/><D16/><U105/><E105/><V59/><F59/><W18/><G57/><T93/><D104/><U98/><E98/><V37/><F37/><W39/><G18/><T72/><D6/><U10/><E10/><V78/><F78/><W73/><G39/><T82/><D72/><U0/><E0/><V7/><F7/><W103/><G73/><T23/><D77/><U134/><E134/><V49/><AGARI ba="0,1" hai="1,2,25,29,32,49,53,58,81,84,88,94,99,100" machi="49" ten="20,12000,1" yaku="1,1,0,1,7,1,54,1,53,1" doraHai="63" doraHaiUra="90" who="2" fromWho="2" sc="235,-40,235,-40,255,130,265,-40" /><INIT seed="2,1,0,5,2,43" ten="195,195,385,225" oya="2" hai0="129,132,56,104,16,77,57,25,45,125,20,35,14" hai1="87,18,13,47,50,54,90,55,82,39,0,106,74" hai2="112,6,63,135,36,118,81,26,24,71,100,98,51" hai3="62,12,84,58,33,127,60,94,111,108,68,121,61"/><V83/><F36/><W124/><G121/><T117/><D125/><N who="3" m="48201" /><G33/><T93/><D104/><U53/><E0/><V120/><F112/><W7/><G68/><T21/><D129/><U72/><E106/><V32/><F118/><W1/><G1/><T19/><D132/><U114/><E114/><V116/><F116/><W76/><G12/><T10/><D117/><U41/><REACH who="1" step="1"/><E39/><REACH who="1" ten="195,185,385,225" step="2"/><V73/><F135/><W107/><G107/><T30/><D35/><U3/><E3/><V5/><F32/><W131/><G131/><T17/><D30/><U27/><E27/><V80/><F24/><W34/><G111/><T130/><D130/><U105/><E105/><V46/><F26/><W75/><G108/><T99/><D77/><U4/><E4/><V40/><F5/><W85/><G7/><T126/><D126/><U86/><E86/><V133/><F6/><W122/><G76/><T31/><D31/><U102/><E102/><V9/><F100/><W11/><G84/><T22/><D25/><U65/><E65/><V134/><F133/><W128/><G128/><T109/><D109/><U15/><E15/><V88/><F134/><W59/><G85/><T2/><D2/><U103/><E103/><V113/><F113/><W92/><G75/><T66/><D66/><U79/><E79/><V49/><F73/><W110/><G110/><T8/><D14/><U91/><E91/><V64/><F88/><W69/><G34/><T38/><D38/><U97/><E97/><V123/><F98/><W48/><G122/><T119/><D99/><U37/><E37/><V96/><F123/><RYUUKYOKU ba="1,1" sc="195,-10,185,30,385,-10,225,-10" hai1="13,18,41,47,50,53,54,55,72,74,82,87,90" /><INIT seed="3,2,1,2,0,14" ten="185,215,375,215" oya="3" hai0="20,79,120,38,60,100,110,93,0,47,58,69,29" hai1="13,10,112,4,70,102,68,62,52,134,40,95,74" hai2="49,118,18,63,31,41,44,34,117,45,73,51,77" hai3="132,92,75,126,119,130,67,35,39,56,64,22,32"/><W53/><G119/><T36/><D120/><U81/><E112/><V7/><F7/><W11/><G39/><T33/><D110/><U99/><E40/><V101/><F101/><W104/><G104/><T91/><D33/><U9/><E134/><V1/><F1/><W3/><G75/><T105/><D0/><U131/><E131/><V97/><F97/><W106/><G106/><T43/><D69/><U27/><E27/><V113/><F113/><W103/><G132/><T116/><D116/><U42/><E42/><V127/><F127/><W89/><G103/><T124/><D124/><U90/><E10/><V2/><F2/><W128/><G126/><T19/><D29/><U94/><E94/><V114/><F114/><W61/><G22/><T23/><D79/><U83/><E74/><V98/><F98/><N who="3" m="57615" /><G11/><T30/><D100/><U8/><E8/><V122/><F122/><W46/><G46/><T135/><D105/><U21/><E21/><V55/><F34/><N who="3" m="12843" /><G3/><T12/><D135/><U80/><E102/><V72/><F31/><W82/><G82/><T24/><D38/><U115/><E115/><V88/><F88/><W28/><G28/><T5/><D5/><U57/><AGARI ba="2,1" hai="4,9,13,52,57,62,68,70,80,81,83,90,95,99" machi="57" ten="30,2000,0" yaku="0,1,54,1" doraHai="14" who="1" fromWho="1" sc="185,-7,215,36,375,-7,215,-12" owari="178,-32.2,251,5.1,368,46.8,203,-19.7" /></mjloggm>