<mjloggm ver="2.3"><GO type="225" lobby="0"/><UN n0="%E3%81%B5%E3%81%98%E3%81%8B%E3%81%A4" n1="%E3%81%8C%E3%81%9F" n2="%E3%83%A9%E3%83%BC%E3%83%A1%E3%83%B3%E4%BA%94%E9%83%8E" n3="%E3%81%A8%E3%82%93%E3%81%A8%E3%81%93%E3%81%A8%E3%82%93" dan="16,16,16,16" rate="2146.98,2135.36,2099.89,2106.15" sx="M,M,M,F"/><TAIKYOKU oya="0"/><INIT seed="0,0,0,5,4,19" ten="250,250,250,250" oya="0" hai0="81,101,112,12,36,10,77,56,11,100,25,96,99" hai1="37,47,80,34,28,60,54,83,123,61,117,31,124" hai2="111,26,132,41,102,30,49,110,93,129,71,14,2" hai3="63,13,7,126,64,114,21,66,107,38,79,33,27"/><T62/><D112/><U16/><E117/><V5/><F71/><W42/><G114/><T18/><D36/><U90/><E123/><V122/><F122/><W39/><G33/><T76/><D25/><U119/><E119/><V115/><F115/><W70/><G107/><T8/><D99/><U130/><E130/><V50/><F129/><W113/><G113/><T87/><D77/><U131/><E131/><V69/><F69/><W65/><G79/><T78/><D78/><U94/><E124/><V0/><F132/><W29/><G126/><T58/><D58/><U134/><E134/><V116/><F116/><W32/><G39/><T6/><D6/><U4/><E4/><V23/><F14/><W75/><G75/><T43/><D43/><U53/><E34/><V105/><F105/><W91/><G91/><T59/><D59/><N who="1" m="34927" /><E16/><V133/><F133/><W92/><G92/><N who="0" m="58375" /><D101/><U35/><E35/><V135/><F135/><W20/><G7/><T82/><D82/><N who="1" m="31275" /><E37/><V57/><F5/><W55/><G32/><T104/><D104/><U68/><E68/><V108/><F102/><W48/><G38/><T97/><D97/><N who="1" m="57559" /><E61/><V73/><F73/><W45/><REACH who="3" step="1"/><G42/><REACH who="3" ten="250,250,250,240" step="2"/><T17/><D12/><U88/><E88/><V44/><F93/><W9/><G9/><T74/><D74/><U86/><E86/><V15/><F15/><W1/><G1/><T118/><D118/><U46/><E46/><V120/><F120/><W72/><G72/><T40/><D40/><U98/><E98/><V22/><F23/><W109/><G109/><T127/><D127/><U95/><E95/><RYUUKYOKU ba="0,1" sc="250,0,250,0,250,0,240,0" hai0="8,10,11,17,18,56,62,76,81,87" hai1="28,31,47,54" hai2="0,2,22,26,30,41,44,49,50,57,108,110,111" hai3="13,20,21,27,29,45,48,55,63,64,65,66,70" /><INIT seed="0,1,1,0,5,128" ten="250,250,250,240" oya="0" hai0="20,92,10,49,122,103,31,62,29,97,45,90,7" hai1="81,109,98,74,1,111,14,118,124,104,78,6,132" hai2="25,44,120,79,86,84,101,4,69,96,135,110,83" hai3="16,91,58,121,34,134,112,5,17,8,23,106,35"/><T126/><D122/><U41/><E118/><V125/><F120/><W46/><G106/><T99/><D126/><U102/><E14/><V87/><F69/><W60/><G121/><T114/><D114/><U22/><E22/><V21/><F125/><W107/><G107/><T26/><D62/><U75/><E124/><V108/><F44/><W105/><G105/><T50/><D31/><U127/><E127/><V115/><F4/><W27/><G112/><T11/><D11/><N who="1" m="2511" /><E41/><V33/><F33/><W19/><G46/><T72/><D72/><N who="1" m="43207" /><E132/><V100/><F115/><W80/><G134/><T85/><D103/><N who="2" m="39498" /><F96/><W42/><G42/><N who="0" m="24759" /><D50/><U88/><E88/><N who="2" m="51231" /><F135/><W77/><G35/><T76/><D76/><U32/><E32/><V13/><F13/><AGARI ba="1,1" hai="7,10,13,20,26,29,85,90,92,97,99" m="24759" machi="13" ten="30,1500,0" yaku="8,1" doraHai="128" who="0" fromWho="2" sc="250,28,250,0,250,-18,240,0" /><INIT seed="0,2,0,5,5,114" ten="278,250,232,240" oya="0" hai0="85,44,109,40,60,132,129,82,36,1,5,73,65" hai1="8,47,130,37,62,80,133,124,88,20,49,134,93" hai2="122,118,19,6,0,105,22,102,68,103,71,127,38" hai3="29,108,24,3,89,70,92,12,121,59,11,94,33"/><T78/><D132/><N who="1" m="50795" /><E130/><V41/><F122/><W81/><G70/><T87/><D129/><U131/><E131/><V96/><F127/><W51/><G3/><T55/><D55/><U110/><E110/><V2/><F102/><W7/><G108/><T112/><D112/><U30/><E124/><V74/><F74/><W61/><G121/><T4/><D109/><U120/><E120/><V113/><F113/><W126/><G126/><T98/><D98/><N who="1" m="57639" /><E8/><V72/><F72/><W90/><G51/><T48/><D48/><U45/><E80/><V13/><F0/><W39/><G39/><T75/><D75/><U35/><E35/><V107/><F107/><W76/><G92/><T77/><D77/><U99/><E99/><V34/><F34/><W52/><REACH who="3" step="1"/><G94/><REACH who="3" ten="278,250,232,230" step="2"/><T84/><REACH who="0" step="1"/><D1/><REACH who="0" ten="268,250,232,230" step="2"/><U17/><E49/><V26/><F2/><W83/><G83/><T64/><D64/><U111/><E111/><V53/><F38/><W25/><G25/><T14/><D14/><N who="1" m="9271" /><E37/><V18/><F26/><W116/><G116/><T9/><D9/><U119/><E119/><V23/><F118/><W43/><G43/><T46/><D46/><U27/><E62/><V56/><F41/><W21/><G21/><T100/><D100/><U117/><E117/><V50/><F13/><W123/><G123/><T28/><D28/><U104/><E104/><V57/><F105/><W101/><G101/><T135/><D135/><U128/><E128/><V95/><F22/><W15/><G15/><T125/><D125/><U42/><E42/><V58/><F23/><W32/><G32/><T67/><D67/><RYUUKYOKU ba="2,2" sc="268,10,250,10,232,-30,230,10" hai0="4,5,36,40,44,60,65,73,78,82,84,85,87" hai1="27,30,45,47" hai3="7,11,12,24,29,33,52,59,61,76,81,89,90" /><INIT seed="0,3,2,3,3,28" ten="278,260,202,240" oya="0" hai0="73,26,124,53,35,105,36,113,33,119,82,132,122" hai1="72,94,46,104,55,81,60,44,70,92,101,13,30" hai2="54,1,99,88,3,48,20,114,39,14,74,108,85" hai3="123,66,52,115,118,4,131,71,7,93,89,121,37"/><T97/><RYUUKYOKU type="yao9" ba="3,2" sc="278,0,260,0,202,0,240,0" hai0="26,33,35,36,53,73,82,97,105,113,119,122,124,132" /><INIT seed="0,4,2,3,3,115" ten="278,260,202,240" oya="0" hai0="108,81,119,101,46,135,88,75,127,86,42,24,111" hai1="79,33,60,82,2,80,37,77,39,78,94,103,90" hai2="31,11,102,65,117,110,35,61,118,123,52,105,104" hai3="48,63,21,66,74,100,41,67,98,69,40,83,51"/><T76/><D119/><N who="2" m="45578" /><F123/><W125/><G21/><T10/><D127/><U28/><E2/><V38/><F110/><N who="0" m="42026" /><D135/><U20/><E33/><V44/><F11/><W62/><G74/><T107/><D24/><U7/><E7/><V96/><F105/><W73/><G73/><T19/><D107/><U91/><E39/><V26/><F38/><W8/><G83/><N who="1" m="31786" /><E37/><V131/><F131/><W9/><G98/><T84/><D101/><U22/><E60/><V30/><F30/><W129/><G100/><T5/><D19/><U29/><E103/><V93/><F44/><W45/><G125/><T14/><D88/><N who="1" m="33835" /><E94/><V124/><F124/><W85/><G85/><T47/><D47/><U92/><E92/><V95/><F52/><W122/><G129/><T109/><N who="0" m="42034" /><T53/><DORA hai="43" /><D53/><U112/><E112/><V16/><F16/><W70/><REACH who="3" step="1"/><G45/><REACH who="3" ten="278,260,202,230" step="2"/><T15/><D15/><U72/><E72/><V116/><N who="2" m="45586" /><V132/><DORA hai="89" /><F132/><W49/><G49/><AGARI ba="4,3" hai="5,10,14,42,46,49,75,76,81,84,86" m="42034" machi="49" ten="40,7700,0" yaku="14,1,10,1,52,1" doraHai="115,43,89" who="0" fromWho="3" sc="278,119,260,0,202,0,230,-89" /><INIT seed="0,5,0,2,1,40" ten="397,260,202,141" oya="0" hai0="79,69,4,8,129,46,55,53,3,62,86,107,113" hai1="135,111,21,93,77,38,37,61,41,105,12,10,32" hai2="99,39,29,119,33,60,51,13,104,59,126,118,44" hai3="45,133,34,89,94,15,85,121,50,88,0,74,70"/><T14/><D113/><U103/><E32/><V102/><F126/><W25/><G0/><T134/><D107/><U49/><E105/><V2/><F2/><W11/><G133/><T72/><D72/><U87/><E135/><V65/><F39/><W106/><G121/><T116/><D134/><U16/><E111/><V109/><F109/><W78/><G70/><T84/><D129/><U115/><E115/><V80/><F13/><W123/><G106/><T31/><D31/><U7/><E61/><V35/><F80/><W100/><G123/><T28/><D28/><U96/><E77/><V108/><F108/><W63/><G63/><T128/><D128/><U67/><E87/><V23/><F23/><W127/><G127/><T76/><D116/><N who="2" m="44586" /><F29/><W98/><G74/><T90/><D3/><U43/><E67/><V132/><F132/><W58/><G34/><T26/><D26/><U48/><E37/><V9/><F9/><W75/><G75/><T95/><D84/><U47/><REACH who="1" step="1"/><E43/><AGARI ba="5,0" hai="33,35,43,44,51,59,60,65,99,102,104" m="44586" machi="43" ten="30,2000,0" yaku="12,1,52,1" doraHai="40" who="2" fromWho="1" sc="397,0,260,-35,202,35,141,0" /><INIT seed="1,0,0,5,0,81" ten="397,225,237,141" oya="1" hai0="126,64,99,89,113,129,48,21,42,14,52,94,110" hai1="26,44,112,58,116,118,51,59,9,66,63,5,93" hai2="22,100,31,30,78,57,91,70,123,79,61,114,0" hai3="36,134,67,90,41,23,125,8,40,17,73,121,39"/><U47/><E112/><V46/><F123/><W45/><G121/><T76/><D110/><U95/><E26/><N who="2" m="16727" /><F0/><W124/><G73/><T62/><D126/><U132/><E132/><V24/><F70/><W10/><G67/><T85/><D113/><U82/><E82/><V19/><F31/><W71/><G71/><T105/><D129/><U69/><E116/><V128/><F100/><W60/><G60/><T92/><D105/><U55/><E118/><V101/><F101/><W77/><G77/><T74/><D74/><U107/><E107/><V88/><F46/><W103/><G103/><T87/><D76/><N who="2" m="29226" /><F128/><W29/><G29/><T83/><D42/><U111/><E111/><V84/><F114/><W7/><G90/><N who="0" m="51519" /><D21/><U15/><E69/><V2/><F2/><W102/><G102/><N who="0" m="60775" /><D14/><U115/><E115/><V1/><F1/><W106/><G106/><T35/><D35/><U117/><E117/><V27/><F91/><W37/><G134/><T3/><D3/><U25/><E25/><V119/><F119/><W131/><G131/><T6/><D6/><U97/><E93/><N who="2" m="54407" /><F19/><W108/><G108/><T54/><D89/><AGARI ba="0,0" hai="5,9,15,44,47,51,55,58,59,63,66,89,95,97" machi="89" ten="30,2900,0" yaku="7,1,8,1" doraHai="81" who="1" fromWho="0" sc="397,-29,225,29,237,0,141,0" /><INIT seed="1,1,0,1,5,32" ten="368,254,237,141" oya="1" hai0="2,50,18,102,132,63,34,68,39,90,60,130,5" hai1="122,13,59,129,103,92,16,101,77,80,86,65,11" hai2="83,121,25,14,125,85,43,79,15,62,10,67,97" hai3="123,55,115,28,118,119,12,117,126,8,114,37,108"/><U111/><E122/><V133/><F125/><W7/><G37/><T74/><D34/><U45/><E129/><V99/><F133/><W87/><G123/><T89/><D132/><U1/><E111/><V112/><F121/><W124/><G55/><T98/><D39/><U88/><E1/><V26/><F112/><W46/><G46/><T72/><D50/><U53/><E65/><V17/><F43/><W81/><G108/><T24/><D130/><U35/><E45/><V120/><F120/><W73/><G73/><T75/><D68/><U0/><E0/><V20/><F15/><W66/><G66/><T38/><D38/><U106/><E35/><V128/><F128/><W61/><G61/><T23/><D5/><U4/><E4/><V91/><F79/><W57/><G57/><T42/><D2/><U78/><E106/><V22/><F22/><W109/><G109/><T54/><D42/><U48/><REACH who="1" step="1"/><E77/><REACH who="1" ten="368,244,237,141" step="2"/><V135/><F135/><W40/><G40/><T113/><D113/><U76/><E76/><V27/><REACH who="2" step="1"/><F20/><REACH who="2" ten="368,244,227,141" step="2"/><W52/><G114/><T82/><D23/><U19/><E19/><V110/><F110/><W56/><G115/><T6/><D18/><U9/><E9/><V134/><F134/><W94/><G124/><T96/><D6/><U70/><E70/><AGARI ba="1,2" hai="10,14,17,25,26,27,62,67,70,83,85,91,97,99" machi="70" ten="40,1300,0" yaku="1,1,53,0" doraHai="32" doraHaiUra="100" who="2" fromWho="1" sc="368,0,244,-16,227,36,141,0" /><INIT seed="2,0,0,2,3,106" ten="368,228,263,141" oya="2" hai0="56,113,70,119,134,91,107,51,45,61,108,43,2" hai1="110,98,84,95,73,21,115,33,129,103,37,109,20" hai2="86,114,11,122,125,47,72,32,117,35,77,36,54" hai3="42,10,25,55,26,89,60,9,22,87,58,14,28"/><V68/><F114/><W99/><G42/><T24/><D113/><U96/><E115/><V44/><F117/><W76/><G76/><T8/><D107/><U4/><E33/><V112/><F112/><W128/><G128/><T100/><D119/><U15/><E37/><V50/><F122/><W120/><G120/><T124/><D70/><U1/><E1/><V66/><F125/><W48/><G99/><T12/><D100/><U69/><E69/><V18/><F86/><W41/><G26/><T13/><D124/><U118/><E118/><V126/><F126/><W85/><G89/><T63/><D134/><U65/><E129/><V39/><F18/><W135/><G135/><T6/><D63/><U3/><E65/><V111/><F11/><W7/><G41/><T0/><D108/><U101/><E84/><V30/><F30/><W57/><REACH who="3" step="1"/><G10/><REACH who="3" ten="368,228,263,131" step="2"/><T46/><D24/><U59/><E109/><V104/><F111/><W40/><G40/><T82/><D43/><U5/><E110/><V38/><F77/><W79/><G79/><T16/><D8/><U34/><E96/><V93/><F38/><W90/><G90/><T23/><D91/><U75/><E98/><V71/><F36/><W17/><G17/><T130/><D16/><U127/><E127/><V29/><F39/><W131/><G131/><T67/><D130/><U78/><E78/><V53/><F29/><W81/><G81/><T102/><D82/><U116/><E116/><V31/><F31/><W83/><G83/><T62/><D102/><U19/><E101/><V123/><F123/><W64/><AGARI ba="0,1" hai="7,9,14,22,25,28,48,55,57,58,60,64,85,87" machi="64" ten="20,8000,1" yaku="1,1,5,1,0,1,7,1,8,1,53,0" doraHai="106" doraHaiUra="121" who="3" fromWho="3" sc="368,-20,228,-20,263,-40,131,90" /><INIT seed="3,0,0,2,5,108" ten="348,208,223,221" oya="3" hai0="110,85,107,134,127,24,8,7,62,61,17,41,50" hai1="20,33,120,13,91,55,36,43,84,69,82,99,51" hai2="28,98,16,32,14,101,46,56,23,100,74,117,97" hai3="81,111,122,124,48,121,119,70,37,113,2,88,29"/><W104/><RYUUKYOKU type="yao9" ba="0,0" sc="348,0,208,0,223,0,221,0" hai3="2,29,37,48,70,81,88,104,111,113,119,121,122,124" /><INIT seed="3,1,0,3,3,10" ten="348,208,223,221" oya="3" hai0="83,33,64,55,135,81,130,58,5,1,97,90,68" hai1="65,50,3,115,47,79,37,45,91,19,26,0,123" hai2="41,128,42,112,89,100,96,102,82,32,18,71,7" hai3="29,40,11,116,76,132,84,31,62,12,56,49,106"/><W67/><G116/><T122/><D33/><U38/><E123/><V104/><F112/><W48/><G106/><T131/><D122/><U53/><E115/><V93/><F71/><W13/><G132/><T14/><D135/><U70/><E79/><V105/><F32/><W17/><G76/><T23/><D1/><U119/><E119/><V46/><F128/><N who="0" m="49194" /><D64/><U107/><E107/><V133/><F133/><W9/><G84/><T110/><D110/><U101/><E101/><N who="2" m="39019" /><F105/><W63/><G63/><T125/><D125/><U95/><E65/><V8/><F104/><W22/><G40/><N who="2" m="15465" /><F7/><N who="3" m="3135" /><G31/><T44/><D44/><U118/><E70/><V59/><F46/><W20/><G29/><T30/><D30/><U85/><E118/><V127/><F127/><W74/><G74/><T6/><D6/><U98/><E85/><V57/><F82/><W134/><G134/><T66/><D66/><U120/><E120/><V39/><F39/><W113/><G113/><T25/><D5/><U35/><E47/><V24/><F8/><W69/><G69/><T111/><D111/><U75/><E75/><V51/><F51/><AGARI ba="1,0" hai="11,13,17,20,22,48,49,51,56,62,67" m="3135" machi="51" ten="30,5800,0" yaku="8,1,52,2" doraHai="10" who="3" fromWho="2" sc="348,0,208,0,223,-61,221,61" /><INIT seed="3,2,0,4,2,62" ten="348,208,162,282" oya="3" hai0="53,37,11,29,92,76,94,52,15,48,118,117,104" hai1="116,102,35,66,77,7,26,125,96,128,134,39,65" hai2="79,81,78,88,14,0,120,95,135,129,99,41,119" hai3="72,51,25,131,22,24,50,112,108,31,59,97,45"/><W56/><G112/><T3/><D104/><U91/><E39/><V82/><F0/><W114/><G114/><T49/><D37/><U80/><E128/><V9/><F119/><W85/><G72/><T93/><D3/><U44/><E116/><V106/><F129/><W67/><G131/><T27/><D76/><U58/><E125/><V8/><F135/><W61/><G108/><T110/><D110/><U126/><E126/><V5/><F120/><W34/><G97/><T10/><D49/><U86/><E134/><V115/><F115/><W73/><G73/><T132/><D132/><U75/><E7/><V101/><F41/><W90/><G56/><T4/><D10/><U63/><E44/><V124/><F124/><W100/><G100/><T46/><REACH who="0" step="1"/><D53/><REACH who="0" ten="338,208,162,282" step="2"/><U33/><E77/><V16/><F78/><W123/><G123/><T40/><D40/><U133/><E133/><V57/><F79/><W55/><G51/><T71/><D71/><U1/><E1/><V2/><F57/><W68/><G68/><T38/><D38/><U69/><E75/><V70/><F70/><W89/><REACH who="3" step="1"/><G85/><AGARI ba="2,1" hai="2,5,8,9,14,16,81,82,85,88,95,99,101,106" machi="85" ten="30,3900,0" yaku="7,1,54,2" doraHai="62" who="2" fromWho="3" sc="338,0,208,0,162,55,282,-45" owari="338,43.8,208,-29.2,217,-18.3,237,3.7" /></mjloggm>