<mjloggm ver="2.3"><GO type="225" lobby="0"/><UN n0="%E3%82%8C%E3%81%99%E3%81%93" n1="%E7%89%B9%E6%9D%B1%E5%96%B0%E8%B5%A4%E9%80%9F" n2="%6D%75%75%73%61%6E%6D%75" n3="%74%2E%6F%2E%6F%2E%73" dan="16,16,17,17" rate="2128.08,2076.26,2169.70,2103.78" sx="F,M,F,M"/><TAIKYOKU oya="0"/><INIT seed="0,0,0,2,4,130" ten="250,250,250,250" oya="0" hai0="113,57,29,5,56,75,11,112,133,115,98,120,52" hai1="116,104,2,53,109,125,73,118,8,128,131,80,55" hai2="94,127,16,40,123,67,47,37,54,129,83,103,68" hai3="7,36,41,45,25,121,119,10,105,90,100,61,82"/><T92/><D120/><U14/><E104/><V99/><F123/><W17/><G121/><T81/><D29/><U31/><E109/><V22/><F129/><N who="1" m="49737" /><E2/><V3/><F3/><W4/><G119/><T51/><D57/><U71/><E71/><V70/><F127/><W132/><G61/><T96/><D133/><U69/><E31/><V21/><F67/><W13/><G100/><T106/><D106/><U39/><E39/><V34/><F34/><W107/><G132/><T66/><D66/><U86/><E73/><V62/><F22/><W48/><G36/><T74/><D81/><U63/><E125/><V35/><F35/><W28/><G105/><T77/><D77/><N who="1" m="46351" /><E69/><V110/><F110/><W72/><G107/><T76/><D76/><U87/><E87/><V32/><F32/><W124/><G124/><T59/><D59/><N who="1" m="35311" /><E55/><V33/><F33/><W78/><G90/><T111/><D111/><U19/><AGARI ba="0,0" hai="8,14,19,116,118" m="35311,46351,49737" machi="19" ten="30,1100,0" yaku="19,1" doraHai="130" who="1" fromWho="1" sc="250,-5,250,11,250,-3,250,-3" /><INIT seed="1,0,0,2,2,92" ten="245,261,247,247" oya="1" hai0="125,67,108,5,57,94,64,54,21,15,96,129,87" hai1="134,118,84,26,23,82,126,133,24,6,72,49,111" hai2="0,19,110,7,109,10,132,59,114,90,55,74,27" hai3="112,97,36,48,100,62,127,81,33,31,70,25,47"/><U71/><E118/><V1/><F74/><W79/><G127/><T91/><D125/><U86/><E71/><V22/><F132/><N who="1" m="50793" /><E126/><V52/><F114/><W51/><G112/><T131/><D108/><U115/><E115/><V32/><F1/><W40/><G62/><T107/><D107/><U44/><E6/><V11/><F11/><W20/><G33/><T113/><D113/><U104/><E104/><V83/><F32/><W18/><G31/><T66/><D87/><N who="1" m="33323" /><E23/><V89/><F55/><W120/><G70/><T4/><D21/><U28/><E28/><V8/><F8/><W50/><G120/><T42/><D42/><N who="1" m="24727" /><E111/><N who="2" m="42507" /><F83/><W124/><G124/><T43/><D43/><U53/><E53/><V37/><F37/><W75/><REACH who="3" step="1"/><G36/><REACH who="3" ten="245,261,247,237" step="2"/><T122/><D122/><U9/><E9/><V95/><F95/><AGARI ba="0,1" hai="18,20,25,40,47,48,50,51,75,79,81,95,97,100" machi="95" ten="30,7700,0" yaku="1,1,2,1,7,1,52,1,53,0" doraHai="92" doraHaiUra="63" who="3" fromWho="2" sc="245,0,261,0,247,-77,237,87" /><INIT seed="2,0,0,0,1,12" ten="245,261,170,324" oya="2" hai0="56,71,91,18,115,60,5,3,43,75,54,51,105" hai1="94,42,90,45,112,93,44,117,49,11,29,35,70" hai2="101,109,0,62,57,79,96,118,41,81,34,27,24" hai3="13,107,127,97,130,87,8,125,17,106,19,135,22"/><V26/><F118/><W6/><G130/><T14/><D115/><U4/><E117/><V85/><F109/><W21/><G135/><T9/><D75/><U53/><E70/><V121/><F121/><W131/><G131/><T100/><D100/><U114/><E35/><V64/><F0/><W111/><G111/><T69/><D105/><U84/><E29/><V25/><N who="2" m="6144" /><DORA hai="2" /><V76/><F34/><W113/><G113/><T46/><REACH who="0" step="1"/><D91/><REACH who="0" ten="235,261,170,324" step="2"/><U110/><E112/><V126/><F126/><W122/><G106/><T52/><D52/><U61/><E90/><V80/><F41/><W48/><G107/><T23/><AGARI ba="0,1" hai="3,5,9,14,18,23,43,46,51,54,56,60,69,71" machi="23" ten="20,12000,2" yaku="1,1,0,1,7,1,52,2,53,1" doraHai="12,2" doraHaiUra="20,50" who="0" fromWho="0" sc="235,130,261,-30,170,-60,324,-30" /><INIT seed="3,0,0,5,3,135" ten="365,231,110,294" oya="3" hai0="51,77,132,79,84,106,126,63,62,44,102,19,42" hai1="29,10,35,27,100,65,5,104,90,54,133,26,120" hai2="110,98,30,92,118,57,64,70,124,15,49,71,13" hai3="22,117,75,17,61,69,3,103,113,96,114,28,1"/><W107/><G117/><T68/><D132/><U97/><E133/><V40/><F118/><W9/><G75/><T14/><D126/><U128/><E128/><V7/><F110/><W60/><G28/><T4/><D68/><U94/><E54/><V83/><F30/><W0/><G9/><N who="0" m="4391" /><D77/><U85/><E26/><V127/><F71/><W125/><G125/><N who="2" m="48201" /><F70/><W43/><G43/><T88/><D88/><U95/><E120/><V24/><F24/><W46/><G46/><T48/><D48/><U39/><E39/><V37/><F37/><W81/><G81/><N who="0" m="47167" /><D19/><U59/><E27/><V80/><F40/><W20/><G20/><T12/><D12/><N who="2" m="4682" /><F7/><W6/><G6/><T131/><D131/><U82/><E5/><V8/><F8/><W11/><G11/><T25/><D25/><U99/><E10/><V121/><F121/><W109/><G109/><T52/><D52/><U16/><E29/><V36/><F36/><W74/><G69/><T31/><D31/><U33/><E16/><V119/><F119/><W112/><G17/><T45/><D45/><U56/><E56/><V58/><F49/><W67/><G22/><T41/><D41/><U50/><E50/><V130/><F130/><W38/><G38/><T87/><D51/><U18/><E18/><V93/><F93/><W101/><G0/><T89/><D42/><U2/><E94/><V108/><F108/><W86/><G1/><T72/><D44/><U55/><E95/><V21/><F21/><W34/><G3/><T116/><D116/><U115/><E2/><V105/><F105/><W111/><G107/><RYUUKYOKU ba="0,0" sc="365,0,231,0,110,0,294,0" owari="365,46.5,231,-16.9,110,-39.0,294,9.4" /></mjloggm>