<mjloggm ver="2.3"><GO type="225" lobby="0"/><UN n0="%EF%BC%AE%EF%BC%A1%EF%BC%AF%33%33%39" n1="%6D%75%75%73%61%6E%6D%75" n2="%E3%83%A9%E3%83%BC%E3%83%A1%E3%83%B3%E4%BA%94%E9%83%8E" n3="%E5%A4%9C%E5%85%89%E5%A4%A9%E6%A5%BC" dan="17,16,16,16" rate="2184.65,2068.67,2104.11,2089.34" sx="M,F,M,F"/><TAIKYOKU oya="0"/><INIT seed="0,0,0,1,3,23" ten="250,250,250,250" oya="0" hai0="76,101,20,88,118,28,22,83,17,33,84,30,110" hai1="43,106,25,112,131,63,124,90,19,75,70,72,119" hai2="31,6,116,74,4,91,21,10,59,14,128,111,115" hai3="71,41,81,40,130,120,65,80,77,47,9,105,135"/><T96/><D118/><U97/><E119/><V66/><F116/><W51/><G105/><T85/><D33/><U68/><E43/><V62/><F115/><W39/><G130/><T58/><D20/><U49/><E49/><V108/><F74/><W0/><G120/><T8/><D8/><U53/><E131/><V78/><F78/><W69/><G65/><T45/><D45/><U57/><E106/><V29/><F128/><W87/><G135/><T24/><D110/><N who="2" m="42026" /><F4/><W103/><G103/><T113/><D113/><U95/><E124/><V73/><F73/><N who="1" m="28233" /><E112/><V127/><F127/><W38/><G41/><T133/><D133/><U5/><E5/><V114/><F114/><W125/><G125/><T56/><D101/><U34/><E34/><V102/><F102/><W3/><G9/><T26/><D96/><U50/><E50/><V94/><F21/><AGARI ba="0,0" hai="19,21,25,53,57,63,68,70,90,95,97" m="28233" machi="21" ten="30,2000,0" yaku="25,1,52,1" doraHai="23" who="1" fromWho="2" sc="250,0,250,20,250,-20,250,0" /><INIT seed="1,0,0,0,5,92" ten="250,270,230,250" oya="1" hai0="129,109,103,21,17,64,24,69,113,16,30,90,79" hai1="10,14,41,0,82,65,60,39,48,122,116,121,124" hai2="126,5,35,11,115,13,86,51,58,40,50,32,15" hai3="7,31,49,119,42,105,33,71,75,95,37,117,9"/><U93/><E116/><N who="3" m="44618" /><G105/><T67/><D113/><U54/><E0/><V128/><F115/><W55/><G75/><T56/><D69/><U76/><E124/><V45/><F126/><W73/><G73/><T61/><D79/><U23/><E39/><V72/><F72/><W4/><G71/><T100/><D109/><U1/><E41/><V44/><F128/><W134/><G134/><T133/><D129/><U26/><E1/><V88/><F58/><W80/><G80/><T118/><D133/><U70/><E82/><V123/><F15/><W57/><G9/><T101/><D64/><U63/><E63/><V89/><F123/><W94/><G31/><T97/><D118/><U34/><E76/><V22/><F22/><W28/><G28/><T131/><D131/><U135/><E34/><V18/><F5/><N who="3" m="2123" /><G33/><T102/><REACH who="0" step="1"/><D90/><REACH who="0" ten="240,270,230,250" step="2"/><U29/><E135/><V46/><F89/><W120/><G120/><T43/><D43/><U107/><E121/><V36/><F36/><W47/><AGARI ba="0,1" hai="37,42,47,49,55,57,94,95" m="2123,44618" machi="47" ten="30,1100,0" yaku="12,1" doraHai="92" who="3" fromWho="3" sc="240,-3,270,-5,230,-3,250,21" /><INIT seed="2,0,0,5,1,76" ten="237,265,227,271" oya="2" hai0="123,131,43,56,133,3,13,71,93,23,129,2,117" hai1="17,59,74,90,77,47,18,16,49,45,24,125,10" hai2="109,0,104,62,102,30,15,127,40,132,100,116,35" hai3="26,27,82,52,19,67,14,54,75,28,33,113,79"/><V105/><F116/><W12/><G113/><T37/><D71/><U55/><E125/><V99/><F0/><W1/><G1/><T63/><D123/><U5/><E24/><V84/><F127/><W36/><G36/><T31/><D117/><U22/><E22/><V65/><F132/><W78/><G67/><T114/><D114/><U126/><E126/><V68/><F109/><W25/><G78/><T70/><D70/><U32/><E32/><V46/><F15/><W34/><G14/><T51/><D37/><U42/><E90/><V48/><F84/><W69/><G69/><T8/><D93/><U130/><E130/><N who="0" m="49673" /><D133/><U96/><E96/><V121/><F121/><W72/><G72/><T44/><D23/><U95/><E95/><V11/><F11/><W94/><G94/><T97/><D31/><U85/><E85/><V57/><F57/><W66/><G66/><N who="0" m="39271" /><D97/><U91/><E91/><V128/><F128/><W4/><G26/><T110/><D110/><U124/><E124/><V60/><F60/><W120/><G120/><T38/><D38/><N who="1" m="21719" /><E59/><V61/><F61/><W92/><G92/><T111/><D111/><U112/><E112/><V20/><F20/><W134/><G134/><T101/><D101/><N who="2" m="39018" /><F99/><W81/><G34/><T86/><D86/><U107/><E107/><N who="2" m="41035" /><F35/><W80/><G75/><T21/><D21/><U39/><E39/><V50/><F30/><W106/><G106/><T64/><D64/><U122/><E122/><V87/><F87/><W58/><G33/><T103/><D103/><U6/><E10/><V118/><F118/><W9/><G28/><RYUUKYOKU ba="0,0" sc="237,10,265,10,227,10,271,-30" hai0="2,3,8,13,43,44,51" hai1="5,6,16,17,18,47,49,55,74,77" hai2="40,46,48,50,62,65,68" /><INIT seed="2,1,0,2,5,24" ten="247,275,237,241" oya="2" hai0="20,110,38,63,46,99,15,11,25,12,107,78,22" hai1="13,35,5,69,43,45,52,3,104,82,29,135,6" hai2="109,23,34,72,79,118,97,27,73,14,86,77,105" hai3="114,71,91,42,111,92,16,33,55,39,116,19,32"/><V47/><F118/><W30/><G116/><T37/><D78/><U18/><E104/><V102/><F34/><W88/><G71/><T108/><D63/><U98/><E69/><V9/><F109/><N who="0" m="42090" /><D22/><U28/><E35/><V94/><F47/><W80/><G111/><T48/><D99/><U119/><E119/><V122/><F122/><W129/><G33/><T65/><D65/><U74/><E98/><V40/><F40/><W62/><G39/><N who="0" m="14859" /><D11/><N who="1" m="6463" /><E74/><V68/><F68/><W106/><G106/><T10/><D10/><U131/><E43/><V8/><F8/><W54/><G42/><N who="0" m="24663" /><D107/><U49/><E3/><V117/><F117/><W44/><G32/><T103/><D103/><U7/><E135/><V56/><F79/><W95/><G62/><T101/><D101/><U100/><E100/><V127/><F105/><W93/><G44/><T96/><D96/><U53/><E131/><V36/><F77/><W124/><G129/><T123/><D123/><U17/><E17/><AGARI ba="1,0" hai="12,15,17,20,25" m="24663,14859,42090" machi="17" ten="30,1000,0" yaku="14,1" doraHai="24" who="0" fromWho="1" sc="247,13,275,-13,237,0,241,0" /><INIT seed="3,0,0,3,0,96" ten="260,262,237,241" oya="3" hai0="17,105,39,10,14,113,108,49,104,53,71,67,41" hai1="55,73,59,103,89,75,1,23,79,29,122,13,30" hai2="130,47,111,117,74,69,128,119,60,78,38,100,115" hai3="9,6,46,36,24,18,33,7,88,5,83,45,40"/><W62/><G62/><T42/><D108/><U37/><E1/><V123/><F111/><W91/><G83/><T124/><D124/><U94/><E37/><V26/><F115/><W19/><G46/><T12/><D113/><U131/><E122/><V11/><F123/><W64/><G64/><T56/><D42/><U70/><E70/><V68/><F26/><W86/><G86/><T48/><D48/><U109/><E109/><V8/><F100/><W72/><G72/><T116/><D116/><N who="2" m="44618" /><F78/><W92/><G9/><N who="2" m="3657" /><F74/><W101/><G91/><T102/><D14/><U107/><E75/><V110/><F110/><W82/><G101/><T66/><D66/><U85/><E79/><V57/><F47/><W97/><REACH who="3" step="1"/><G82/><REACH who="3" ten="260,262,237,231" step="2"/><T43/><D102/><U54/><E73/><V118/><F118/><W106/><G106/><T22/><D10/><U58/><E103/><V135/><F135/><W4/><N who="3" m="1024" /><DORA hai="126" /><W16/><G16/><T95/><D95/><U76/><E107/><V31/><F31/><AGARI ba="0,1" hai="18,19,24,31,33,36,40,45,88,92,97" m="1024" machi="31" ten="50,9600,0" yaku="1,1,54,1,53,1" doraHai="96,126" doraHaiUra="80,87" who="3" fromWho="2" sc="260,0,262,0,237,-96,231,106" owari="260,-14.0,262,6.2,141,-35.9,337,43.7" /></mjloggm>