<mjloggm ver="2.3"><GO type="225" lobby="0"/><UN n0="%E3%81%BF%E3%81%BF%E3%81%9A" n1="%E4%BF%BA%E3%81%A8%E5%A6%96%E5%A4%A2" n2="%72%65%6E%6B%75%6E" n3="%77%72%77%72%77%72%77%72" dan="17,17,17,17" rate="2268.32,2198.67,2172.99,2173.02" sx="M,F,M,M"/><TAIKYOKU oya="0"/><INIT seed="0,0,0,3,3,22" ten="250,250,250,250" oya="0" hai0="77,37,41,69,96,130,133,18,26,101,108,46,74" hai1="72,86,75,65,94,64,109,20,102,123,49,30,103" hai2="91,56,71,60,119,100,115,2,124,129,128,76,68" hai3="3,114,134,5,33,125,70,120,117,80,126,27,87"/><T135/><D69/><U104/><E123/><V66/><F66/><W121/><G114/><T1/><D130/><U6/><BYE who="2" /><E109/><V118/><F118/><W42/><G70/><T29/><D108/><U0/><E104/><V61/><F61/><W11/><G117/><T110/><D18/><U95/><E6/><V51/><F51/><W79/><G42/><T83/><D110/><U32/><E0/><V15/><F15/><W82/><G82/><T17/><D17/><U13/><E32/><V47/><F47/><W127/><REACH who="3" step="1"/><G134/><REACH who="3" ten="250,250,250,240" step="2"/><T105/><REACH who="0" step="1"/><D1/><REACH who="0" ten="240,250,250,240" step="2"/><U53/><E30/><AGARI ba="0,2" hai="3,5,11,27,30,33,79,80,87,120,121,125,126,127" machi="30" ten="50,8000,1" yaku="1,1,2,1,18,1,52,1,53,1" doraHai="22" doraHaiUra="73" who="3" fromWho="1" sc="240,0,250,-80,250,0,240,100" /><INIT seed="1,0,0,0,4,27" ten="240,170,250,340" oya="1" hai0="34,74,108,55,50,83,106,7,123,60,127,80,38" hai1="100,37,109,130,91,20,61,66,73,120,0,19,2" hai2="134,48,64,76,14,10,28,46,68,125,3,119,118" hai3="86,117,92,132,98,95,17,104,105,47,121,26,52"/><U103/><E120/><V63/><F63/><W88/><G121/><T30/><D38/><U79/><E37/><V126/><F126/><W114/><G114/><T39/><D123/><U15/><E130/><V99/><F99/><W78/><G132/><T11/><D39/><U70/><E109/><V51/><F51/><W42/><G117/><T54/><D106/><U23/><E79/><V101/><F101/><W5/><G5/><T57/><D74/><U129/><E73/><V77/><F77/><W90/><G78/><T35/><D108/><U32/><E32/><V93/><F93/><W110/><G110/><T65/><D127/><U122/><E122/><V128/><F128/><W135/><G135/><T45/><D35/><U24/><E129/><V62/><F62/><W133/><G133/><T29/><D65/><U9/><E91/><V97/><F97/><W131/><G131/><T82/><REACH who="0" step="1"/><D34/><REACH who="0" ten="230,170,250,340" step="2"/><U1/><REACH who="1" step="1"/><E20/><REACH who="1" ten="230,160,250,340" step="2"/><V115/><F115/><W116/><G116/><T87/><D87/><U81/><E81/><V8/><F8/><W31/><G86/><T107/><D107/><U72/><E72/><V33/><F33/><W113/><G105/><T13/><AGARI ba="0,2" hai="7,11,13,29,30,45,50,54,55,57,60,80,82,83" machi="13" ten="30,8000,1" yaku="1,1,0,1,8,1,52,2,53,0" doraHai="27" doraHaiUra="22" who="0" fromWho="0" sc="230,100,160,-40,250,-20,340,-20" /><INIT seed="2,0,0,1,3,9" ten="330,120,230,320" oya="2" hai0="105,43,92,104,95,58,68,59,70,57,133,60,77" hai1="55,91,115,53,110,112,0,11,20,16,25,82,10" hai2="48,113,36,83,79,62,86,118,102,38,67,64,128" hai3="30,23,89,41,98,18,61,131,93,45,116,31,5"/><V32/><F32/><W73/><G131/><T40/><D60/><U22/><E110/><V63/><F63/><W111/><G111/><T134/><D58/><U50/><E115/><V34/><F34/><W88/><G116/><T28/><D77/><U122/><E112/><V39/><F39/><W108/><G73/><T103/><D103/><U99/><E122/><V3/><F3/><W35/><G35/><T54/><D54/><U26/><E0/><V76/><F76/><W6/><G108/><T27/><D27/><U8/><E50/><V119/><F119/><W71/><G89/><T74/><D28/><N who="3" m="10793" /><G71/><T37/><D37/><U1/><E1/><V100/><F100/><W17/><G17/><T84/><REACH who="0" step="1"/><D84/><REACH who="0" ten="320,120,230,320" step="2"/><N who="1" m="50583" /><E99/><V75/><F75/><AGARI ba="0,1" hai="40,43,57,59,68,70,74,75,92,95,104,105,133,134" machi="75" ten="25,3200,0" yaku="1,1,22,2,53,0" doraHai="9" doraHaiUra="117" who="0" fromWho="2" sc="320,42,120,0,230,-32,320,0" /><INIT seed="3,0,0,4,2,0" ten="362,120,198,320" oya="3" hai0="50,76,56,49,92,27,113,85,124,17,131,121,8" hai1="19,116,108,11,32,23,90,20,13,36,7,42,93" hai2="78,31,18,63,128,119,38,84,81,87,118,106,133" hai3="97,111,60,41,132,82,68,28,52,91,103,109,26"/><W45/><G132/><T29/><D121/><U117/><E108/><N who="3" m="41546" /><G82/><T53/><D124/><U110/><E110/><V107/><F107/><N who="3" m="63983" /><G91/><T72/><D72/><U66/><E32/><V101/><F101/><W114/><G114/><T2/><D131/><U88/><E90/><V129/><F129/><W104/><G104/><T80/><D113/><U94/><E94/><V75/><F75/><W55/><G60/><T86/><D2/><U73/><E73/><V102/><F102/><W9/><G9/><T74/><D92/><U134/><E134/><V25/><F25/><W48/><G68/><T46/><D17/><U1/><E23/><AGARI ba="0,0" hai="23,26,28,41,45,48,52,55" m="63983,41546" machi="23" ten="30,5800,0" yaku="14,1,10,1,54,1" doraHai="0" who="3" fromWho="1" sc="362,0,120,-58,198,0,320,58" owari="362,16.2,62,-43.8,198,-20.2,378,47.8" /></mjloggm>