<mjloggm ver="2.3"><GO type="225" lobby="0"/><UN n0="%E6%80%AA%E3%81%97%E3%81%99%E3%81%8E%E3%82%8B%E3%83%81%E3%83%BC" n1="%6D%75%75%6D%75%72%61" n2="%72%61%6B%33" n3="%E3%83%A1%E3%82%AC%E3%83%87%E3%82%B8" dan="16,17,16,16" rate="2106.86,2173.36,2216.64,2109.90" sx="M,F,M,F"/><TAIKYOKU oya="0"/><INIT seed="0,0,0,0,0,75" ten="250,250,250,250" oya="0" hai0="59,121,125,3,45,94,26,126,36,97,128,27,84" hai1="58,7,64,96,12,4,115,19,30,117,37,114,101" hai2="134,50,71,82,70,72,42,22,38,52,49,76,92" hai3="35,98,103,47,130,107,55,20,119,10,9,109,105"/><T60/><D121/><U86/><E117/><V111/><F111/><W112/><G35/><T24/><D3/><U135/><E37/><V14/><F134/><W2/><G119/><T68/><D128/><U13/><E135/><V41/><F49/><W85/><G112/><N who="1" m="43050" /><E30/><V48/><F50/><N who="3" m="29151" /><G2/><T90/><D68/><U5/><E86/><V79/><F92/><W88/><G107/><T6/><D6/><U123/><E123/><V132/><F132/><W32/><G32/><T57/><D84/><U81/><E81/><V67/><F38/><W18/><G105/><T63/><D45/><U25/><E25/><V74/><F70/><W95/><G109/><T131/><D36/><U34/><E34/><V11/><F22/><W124/><G124/><N who="0" m="47723" /><D131/><U113/><N who="1" m="43058" /><U23/><DORA hai="110" /><E13/><V17/><F72/><W21/><G21/><T104/><D104/><N who="1" m="63527" /><E7/><V16/><F17/><W0/><G0/><T133/><D133/><U129/><E129/><V1/><F1/><W39/><G39/><T100/><D100/><U15/><E15/><V65/><F76/><W78/><G130/><T56/><AGARI ba="0,0" hai="24,26,27,56,57,59,60,63,90,94,97" m="47723" machi="56" ten="40,2100,0" yaku="18,1" doraHai="75,110" who="0" fromWho="0" sc="250,21,250,-7,250,-7,250,-7" /><INIT seed="0,1,0,0,5,49" ten="271,243,243,243" oya="0" hai0="22,71,17,60,48,85,123,100,122,69,111,124,32" hai1="132,77,9,117,25,74,58,121,34,29,118,27,41" hai2="114,5,21,40,28,108,131,92,38,76,39,19,97" hai3="23,53,37,70,59,104,78,112,95,84,129,15,16"/><T110/><D32/><U63/><E121/><N who="0" m="46089" /><D100/><U120/><E120/><V75/><F108/><N who="0" m="41514" /><D124/><U14/><E132/><V33/><F114/><W64/><G104/><T54/><D60/><U115/><E115/><V103/><F131/><W2/><G112/><T83/><D17/><U87/><E74/><V31/><F5/><W79/><G37/><T133/><D22/><U89/><E77/><V44/><F39/><W56/><G2/><T98/><D98/><U91/><E41/><V57/><F33/><W4/><G70/><T65/><D65/><U35/><E35/><V30/><F19/><W11/><G129/><T55/><D133/><U43/><E27/><V96/><F97/><W106/><G106/><T107/><D107/><U36/><E36/><V80/><F21/><W12/><G64/><T42/><D42/><U134/><E43/><V68/><F68/><N who="0" m="26186" /><D48/><U61/><E134/><V128/><F128/><W18/><G18/><T90/><AGARI ba="1,0" hai="54,55,83,85,90" m="26186,41514,46089" machi="90" ten="40,12000,1" yaku="14,1,10,1,52,2" doraHai="49" who="0" fromWho="0" sc="271,123,243,-41,243,-41,243,-41" /><INIT seed="0,2,0,0,2,68" ten="394,202,202,202" oya="0" hai0="80,88,89,22,101,115,127,109,118,87,37,79,62" hai1="93,33,57,128,52,123,39,53,116,77,11,103,45" hai2="135,23,100,82,35,111,54,94,48,2,105,132,8" hai3="13,90,38,42,69,46,122,92,55,84,12,72,134"/><T131/><D115/><U98/><E116/><V21/><F35/><W25/><G134/><T126/><D118/><U108/><E123/><V61/><F105/><W96/><G72/><T18/><D131/><U112/><E128/><V114/><F114/><W99/><G69/><T97/><D109/><U14/><E112/><V59/><F111/><W130/><G122/><T70/><D37/><U15/><E108/><V66/><F82/><W124/><G124/><N who="0" m="47659" /><D62/><U30/><E77/><V56/><F100/><W71/><G71/><T32/><D32/><U4/><E15/><V133/><REACH who="2" step="1"/><F94/><REACH who="2" ten="394,202,192,202" step="2"/><W10/><G130/><T104/><D70/><U26/><REACH who="1" step="1"/><E57/><REACH who="1" ten="394,192,192,202" step="2"/><V78/><F78/><W20/><G46/><T120/><D120/><U36/><E36/><V47/><F47/><W29/><G38/><T31/><D31/><U28/><E28/><V1/><F1/><W81/><G29/><T19/><D19/><U9/><E9/><V75/><F75/><W63/><G10/><T41/><D41/><AGARI ba="2,2" hai="4,11,14,26,30,33,39,41,45,52,53,93,98,103" machi="41" ten="40,8000,1" yaku="1,1,52,1,54,1,53,1" doraHai="68" doraHaiUra="0" who="1" fromWho="0" sc="394,-86,192,106,192,0,202,0" /><INIT seed="1,0,0,0,1,28" ten="308,298,192,202" oya="1" hai0="18,33,49,115,48,8,81,46,95,50,19,65,20" hai1="103,59,123,117,120,22,101,79,77,10,29,75,41" hai2="127,99,83,105,89,133,70,38,113,125,114,72,4" hai3="86,17,0,73,64,108,61,37,35,6,78,134,92"/><U66/><E117/><V51/><F38/><W91/><G108/><T62/><D33/><U60/><E41/><V42/><F70/><W129/><G129/><T84/><D115/><N who="2" m="44042" /><F4/><W122/><G122/><T85/><D95/><U112/><E112/><V58/><F42/><W121/><G121/><T44/><D8/><U12/><E120/><V23/><F23/><W111/><G37/><T21/><D62/><U45/><E45/><N who="0" m="17513" /><D65/><U11/><E123/><V74/><F58/><W110/><G134/><T3/><D3/><U7/><E11/><V1/><F51/><W116/><G116/><T124/><D124/><N who="2" m="47690" /><F1/><W9/><G17/><N who="0" m="6155" /><D85/><U130/><E130/><V40/><F40/><W27/><G61/><T34/><D34/><U13/><E13/><V104/><F133/><W88/><G64/><T128/><D128/><U63/><E60/><V47/><F47/><W126/><G126/><T102/><D102/><N who="1" m="38923" /><E75/><N who="2" m="28715" /><F83/><W67/><G9/><T131/><D131/><U53/><E66/><V68/><F68/><W14/><G67/><T26/><D26/><AGARI ba="0,0" hai="7,10,12,22,26,29,53,59,63,77,79" m="38923" machi="26" ten="30,1500,0" yaku="8,1" doraHai="28" who="1" fromWho="0" sc="308,-15,298,15,192,0,202,0" /><INIT seed="1,1,0,4,3,22" ten="293,313,192,202" oya="1" hai0="58,85,127,134,116,114,78,2,75,7,65,59,125" hai1="52,72,60,61,44,17,25,79,20,113,24,1,16" hai2="132,26,68,89,106,62,94,47,45,104,98,0,83" hai3="131,76,5,30,63,34,112,9,43,74,21,115,81"/><U64/><E113/><V105/><F132/><W27/><G131/><T129/><D114/><U130/><E1/><V13/><F0/><W39/><G63/><T93/><D116/><U33/><E130/><V120/><F120/><W121/><G121/><T69/><D129/><U51/><E72/><V80/><F13/><W95/><G95/><T92/><D134/><U55/><E79/><V23/><F47/><N who="3" m="24063" /><G21/><T99/><D75/><U57/><E33/><V119/><F119/><W128/><G128/><T109/><D109/><U110/><E110/><V122/><F45/><W82/><G82/><N who="0" m="47319" /><D69/><U29/><E25/><V71/><F122/><W87/><G87/><T73/><D65/><U32/><E32/><V28/><REACH who="2" step="1"/><F62/><REACH who="2" ten="293,313,182,202" step="2"/><W46/><G46/><T88/><D2/><AGARI ba="1,1" hai="2,5,9,27,30,34,74,76,81,112,115" m="24063" machi="2" ten="30,3900,0" yaku="25,1,23,1,52,1" doraHai="22" who="3" fromWho="0" sc="293,-42,313,0,182,0,202,52" /><INIT seed="2,0,0,4,2,50" ten="251,313,182,254" oya="2" hai0="27,54,135,60,119,44,76,70,80,118,75,113,134" hai1="22,42,77,34,53,43,45,98,15,120,95,66,24" hai2="57,110,17,31,114,13,65,115,90,64,107,3,89" hai3="4,21,88,23,33,49,127,108,99,29,109,129,47"/><V41/><F3/><W52/><G127/><T124/><D113/><U63/><E120/><V38/><F107/><W35/><G129/><T2/><D2/><U19/><E77/><V130/><F130/><W1/><G4/><T100/><D124/><U83/><E83/><V55/><F31/><W59/><G1/><T132/><D100/><U46/><E34/><N who="3" m="12810" /><G29/><T121/><D27/><U128/><E128/><V12/><F110/><N who="3" m="42603" /><G47/><T117/><D121/><U111/><E111/><V94/><F38/><W86/><G99/><T96/><D96/><U18/><E45/><V133/><F133/><W68/><G68/><T16/><D16/><U20/><E66/><V9/><F41/><W6/><G6/><T10/><D10/><U48/><E63/><N who="2" m="36287" /><F115/><W74/><G74/><T58/><D44/><U71/><E71/><AGARI ba="0,0" hai="54,58,60,70,71,75,76,80,117,118,119,132,134,135" machi="71" ten="50,6400,0" yaku="12,1,20,1,52,1" doraHai="50" who="0" fromWho="1" sc="251,64,313,-64,182,0,254,0" /><INIT seed="3,0,0,4,3,0" ten="315,249,182,254" oya="3" hai0="66,89,46,105,73,115,26,5,2,88,122,114,34" hai1="94,8,76,100,121,51,17,28,22,128,79,124,112" hai2="21,119,127,126,91,27,64,43,107,84,11,24,48" hai3="7,68,67,120,13,123,108,58,70,83,95,47,54"/><W77/><G47/><T38/><D122/><U53/><E121/><V82/><F119/><W65/><G65/><T131/><D131/><U57/><E112/><N who="0" m="43049" /><D73/><U39/><E39/><V72/><F107/><W35/><G35/><T118/><D105/><U42/><E128/><V106/><F106/><W116/><G116/><T37/><D5/><U36/><E36/><N who="0" m="13929" /><D2/><U99/><E124/><V1/><F72/><W23/><G108/><T61/><D46/><N who="1" m="26071" /><E28/><V117/><F117/><W29/><G70/><N who="0" m="42319" /><D118/><U93/><E8/><V16/><F64/><W87/><G68/><T110/><D110/><U44/><E93/><V109/><F109/><W75/><G67/><T52/><D52/><U18/><E44/><V102/><F102/><W31/><G123/><T90/><D26/><N who="1" m="14671" /><E18/><V71/><F71/><W111/><G111/><T3/><D3/><U135/><E135/><V96/><F24/><W92/><G120/><T20/><D20/><U41/><E41/><V69/><F69/><W133/><G133/><T62/><D62/><AGARI ba="0,0" hai="53,57,62,76,79,94,99,100" m="14671,26071" machi="62" ten="30,1000,0" yaku="8,1" doraHai="0" who="1" fromWho="0" sc="315,-10,249,10,182,0,254,0" owari="305,40.5,259,5.9,182,-31.8,254,-14.6" /></mjloggm>