<mjloggm ver="2.3"><GO type="225" lobby="0"/><UN n0="%E7%B4%94%E6%BD%94%E3%83%94%E3%83%A9%E3%83%8B%E3%82%A2" n1="%72%69%6F%75%63%68%61%6E" n2="%E3%82%A2%E3%83%BC%E3%83%A2%E3%83%AD%E3%83%BC%E3%83%B4%E3%82%A1" n3="%E3%81%8C%E3%81%9F" dan="16,16,16,16" rate="2145.61,2130.90,2107.11,2132.24" sx="M,M,M,M"/><TAIKYOKU oya="0"/><INIT seed="0,0,0,2,0,120" ten="250,250,250,250" oya="0" hai0="71,133,22,8,44,18,53,48,127,2,99,107,115" hai1="51,28,82,109,46,21,1,131,102,19,15,30,39" hai2="94,10,84,54,91,83,20,123,12,5,98,61,67" hai3="69,63,112,43,58,116,85,79,73,49,7,38,32"/><T57/><D115/><U55/><E109/><V16/><F123/><W105/><G112/><T33/><D33/><U66/><E131/><V42/><F42/><W4/><G116/><T101/><D71/><U135/><E135/><V129/><F129/><W64/><G105/><T86/><D133/><U72/><E1/><V92/><F54/><N who="3" m="32079" /><G73/><T3/><D127/><U27/><E66/><V78/><F94/><W34/><G85/><T14/><D57/><U132/><E132/><V126/><F126/><W35/><G79/><T25/><REACH who="0" step="1"/><D86/><REACH who="0" ten="240,250,250,250" step="2"/><U75/><E75/><V100/><F67/><W124/><G124/><T114/><D114/><U37/><E72/><V90/><REACH who="2" step="1"/><F61/><REACH who="2" ten="240,250,240,250" step="2"/><W56/><G56/><T119/><D119/><U111/><E46/><AGARI ba="0,2" hai="4,7,32,34,35,38,43,46,63,64,69" m="32079" machi="46" ten="30,1000,0" yaku="24,1" doraHai="120" who="3" fromWho="1" sc="240,0,250,-10,240,0,250,30" /><INIT seed="1,0,0,2,3,108" ten="240,240,240,280" oya="1" hai0="118,97,99,21,63,100,23,42,133,104,135,73,33" hai1="107,25,18,64,19,45,35,22,43,53,119,86,96" hai2="123,125,7,46,69,15,68,48,28,132,83,101,128" hai3="27,98,105,74,89,116,62,112,129,65,121,31,127"/><U52/><E119/><V37/><F123/><W57/><G121/><T39/><D118/><U85/><E35/><V34/><F37/><W109/><G116/><T94/><D73/><U6/><E6/><V9/><F101/><W78/><G109/><T20/><D33/><U47/><E64/><V56/><F56/><W122/><G122/><T29/><D29/><U17/><E107/><V59/><F59/><W55/><G129/><T80/><D80/><U41/><E96/><V30/><F128/><W60/><G127/><T88/><REACH who="0" step="1"/><D63/><REACH who="0" ten="230,240,240,280" step="2"/><U90/><E22/><V71/><F34/><W91/><G62/><T134/><D134/><U113/><E113/><V77/><F132/><W11/><G60/><T75/><D75/><U5/><E25/><V32/><F32/><W72/><G72/><T1/><D1/><U3/><E3/><V66/><F125/><W95/><G74/><T13/><D13/><U24/><E24/><V120/><F120/><W67/><G27/><T124/><D124/><U126/><E126/><V14/><F14/><W8/><G31/><T0/><D0/><U16/><E5/><V110/><F110/><W4/><G4/><T103/><D103/><U50/><E18/><V117/><F117/><W93/><G112/><T70/><D70/><U111/><E111/><V10/><F30/><W130/><G130/><T92/><D92/><U84/><REACH who="1" step="1"/><E90/><REACH who="1" ten="230,230,240,280" step="2"/><V106/><F28/><W12/><G89/><T81/><D81/><U38/><AGARI ba="0,2" hai="16,17,19,38,41,43,45,47,50,52,53,84,85,86" machi="38" ten="30,18000,2" yaku="1,1,2,1,0,1,54,2,53,2" doraHai="108" doraHaiUra="40" who="1" fromWho="1" sc="230,-60,230,200,240,-60,280,-60" /><INIT seed="1,1,0,2,4,112" ten="170,430,180,220" oya="1" hai0="47,50,67,35,29,59,46,55,54,100,128,118,25" hai1="16,58,65,123,87,63,38,51,114,41,126,13,77" hai2="82,62,36,64,3,81,94,85,19,27,44,75,130" hai3="119,32,15,116,71,102,105,120,80,0,101,43,23"/><U131/><E114/><V26/><F130/><W111/><G120/><T121/><D128/><U104/><E123/><V57/><F3/><W99/><G0/><T129/><D129/><U34/><E131/><V24/><F75/><W61/><G32/><T83/><D121/><U91/><E126/><V66/><F66/><N who="3" m="41423" /><G101/><T109/><D109/><U73/><E34/><V97/><F19/><N who="3" m="10751" /><G43/><T40/><D100/><U21/><E104/><V37/><F44/><W70/><G80/><T93/><D93/><U92/><E38/><V1/><F1/><W48/><G48/><T39/><D67/><U122/><E122/><V12/><F12/><W18/><G18/><T8/><D83/><U107/><E107/><V6/><F6/><W10/><G10/><T60/><REACH who="0" step="1"/><D8/><REACH who="0" ten="160,430,180,220" step="2"/><U30/><E92/><V106/><F106/><W33/><G111/><T86/><D86/><U53/><E73/><V134/><F81/><W117/><G33/><T5/><D5/><U115/><E115/><V52/><F64/><W42/><G70/><T56/><D56/><U9/><E87/><V14/><F85/><W17/><G105/><T96/><D96/><U135/><E9/><V98/><F98/><W108/><G99/><T125/><D125/><U78/><E65/><V84/><F82/><W89/><G102/><T4/><D4/><U31/><E58/><V79/><F97/><W133/><G108/><T20/><D20/><U110/><E21/><V28/><F94/><W72/><G72/><T127/><D127/><U103/><E110/><V90/><F84/><W68/><G68/><T2/><D2/><RYUUKYOKU ba="1,1" sc="160,30,430,-10,180,-10,220,-10" hai0="25,29,35,39,40,46,47,50,54,55,59,60,118" /><INIT seed="2,2,1,5,1,28" ten="190,420,170,210" oya="2" hai0="104,121,31,36,131,12,127,35,134,60,76,61,123" hai1="126,42,57,64,18,85,24,63,52,117,22,91,14" hai2="19,102,58,44,30,112,79,106,25,69,101,70,125" hai3="17,133,135,55,94,32,66,45,77,108,16,20,83"/><V86/><F112/><W67/><G108/><T6/><D104/><U10/><E117/><V110/><F110/><W34/><G94/><T84/><D36/><U43/><E126/><V21/><F125/><W59/><G45/><T73/><D73/><U75/><E75/><V4/><F4/><W49/><G66/><T40/><D40/><U132/><E64/><V72/><F72/><W120/><G67/><T8/><D127/><U5/><E132/><N who="3" m="50762" /><G120/><T54/><D131/><U46/><E46/><V47/><F58/><W124/><G124/><T90/><D76/><U51/><E63/><V13/><F44/><W2/><G2/><T97/><D97/><U119/><E119/><V111/><F111/><W62/><G62/><T87/><D87/><U56/><E56/><V33/><F47/><W115/><G115/><T113/><D61/><U65/><E65/><V15/><F15/><N who="3" m="9247" /><G17/><T128/><D128/><U27/><E24/><V100/><REACH who="2" step="1"/><F106/><REACH who="2" ten="190,420,160,210" step="2"/><W99/><G99/><T82/><D113/><U96/><E96/><V95/><F95/><AGARI ba="2,2" hai="5,10,14,18,22,27,42,43,51,52,57,85,91,95" machi="95" ten="30,3900,0" yaku="7,1,8,1,54,1" doraHai="28" who="1" fromWho="2" sc="190,0,420,65,160,-45,210,0" /><INIT seed="3,0,0,3,1,54" ten="190,485,115,210" oya="3" hai0="36,75,74,46,89,93,47,33,98,123,1,124,68" hai1="16,78,55,91,129,111,58,62,39,51,48,30,2" hai2="77,72,134,82,7,23,49,125,127,22,94,67,4" hai3="64,90,105,63,116,26,25,65,114,83,70,44,103"/><W121/><G114/><T96/><D123/><U87/><E39/><V115/><F115/><W107/><G116/><T61/><D1/><U76/><E111/><V40/><F134/><W12/><G121/><T97/><D33/><U38/><E38/><V130/><F130/><W37/><G12/><T27/><D27/><U122/><E2/><V86/><F67/><W21/><G64/><T24/><D24/><U29/><E122/><V112/><F112/><W8/><G8/><T10/><D10/><U19/><E129/><V104/><F104/><W45/><G25/><T11/><D11/><U100/><E100/><V20/><F40/><W42/><G44/><T119/><D119/><U99/><E99/><V109/><F49/><N who="1" m="19017" /><E16/><V113/><F113/><W15/><G15/><T101/><D98/><U41/><E19/><V9/><F109/><W50/><G37/><T135/><D135/><U108/><E41/><V52/><F52/><W102/><G105/><N who="0" m="63655" /><D124/><U3/><E3/><V71/><F71/><W17/><G107/><T79/><D36/><U88/><E88/><V5/><REACH who="2" step="1"/><F9/><REACH who="2" ten="190,485,105,210" step="2"/><W14/><G70/><T110/><D110/><U132/><E132/><V56/><F56/><W81/><G65/><N who="0" m="41007" /><D47/><U31/><E108/><V32/><F32/><W57/><G45/><T128/><D46/><U60/><E60/><V35/><F35/><W95/><G57/><T13/><D128/><U43/><E43/><V73/><F73/><W28/><G42/><T18/><D79/><U34/><E34/><V131/><F131/><W133/><G133/><T85/><D85/><U92/><AGARI ba="0,1" hai="29,30,31,55,58,62,76,78,87,91,92" m="19017" machi="92" ten="30,4000,0" yaku="5,1,8,1,52,1" doraHai="54" who="1" fromWho="1" sc="190,-10,485,50,105,-10,210,-20" owari="180,-22.0,535,63.5,95,-40.5,190,-1.0" /></mjloggm>