<mjloggm ver="2.3"><GO type="225" lobby="0"/><UN n0="%4E%6F%2E%30%30%30%31" n1="%E7%9C%9F%E4%B8%80" n2="%E5%8D%A0%E3%81%84%E5%B8%AB%E8%A3%8F%E3%81%AA%E3%81%84%E3%81%97" n3="%E3%83%B4%E3%82%A3%E3%83%AF%E3%82%B3%E3%82%B0%E3%83%8B" dan="18,17,17,16" rate="2221.99,2222.95,2118.25,2154.05" sx="M,M,M,M"/><TAIKYOKU oya="0"/><INIT seed="0,0,0,5,4,117" ten="250,250,250,250" oya="0" hai0="127,28,22,51,18,48,54,111,102,56,126,130,83" hai1="90,106,13,3,87,53,2,64,85,70,5,23,109" hai2="104,113,107,86,105,35,40,36,94,69,14,21,1" hai3="128,79,43,115,92,93,61,42,55,32,39,134,121"/><T11/><D130/><U120/><E106/><V17/><F113/><W77/><G115/><T16/><D102/><U74/><E74/><V100/><F1/><W81/><G32/><T114/><D114/><U76/><E64/><V135/><F35/><W46/><G134/><T25/><D111/><U110/><E70/><V129/><F69/><W57/><G128/><T60/><D83/><U133/><E133/><V122/><F129/><W118/><G118/><T19/><REACH who="0" step="1"/><D11/><REACH who="0" ten="240,250,250,250" step="2"/><U15/><E110/><V45/><F135/><W30/><G81/><T80/><D80/><U52/><E109/><V88/><REACH who="2" step="1"/><F100/><REACH who="2" ten="240,250,240,250" step="2"/><W37/><G77/><T65/><D65/><U101/><E76/><V50/><F50/><AGARI ba="0,2" hai="16,18,19,22,25,28,48,50,51,54,56,60,126,127" machi="50" ten="40,3900,0" yaku="1,1,54,1,53,0" doraHai="117" doraHaiUra="67" who="0" fromWho="2" sc="240,59,250,0,240,-39,250,0" /><INIT seed="0,1,0,2,2,71" ten="299,250,201,250" oya="0" hai0="69,99,82,121,45,95,134,107,85,127,98,44,8" hai1="26,32,93,62,68,88,34,27,103,63,11,10,135" hai2="47,117,0,72,128,91,49,100,104,77,16,30,54" hai3="119,86,56,1,67,29,43,48,41,73,125,4,51"/><T33/><D121/><U6/><E135/><V115/><F115/><W94/><G73/><T75/><D69/><U35/><E103/><V102/><F0/><W17/><G119/><T92/><D33/><U23/><E68/><V105/><F117/><W58/><G1/><T38/><D134/><U108/><E108/><V7/><F128/><W28/><G17/><T101/><D127/><U12/><E11/><V133/><F7/><W81/><G94/><T37/><D8/><U24/><REACH who="1" step="1"/><E23/><REACH who="1" ten="299,240,201,250" step="2"/><V116/><F133/><W79/><G125/><T15/><D101/><U20/><E20/><V89/><F116/><W123/><G123/><T129/><D129/><U74/><E74/><V65/><F72/><W87/><G4/><T131/><D75/><U3/><E3/><V130/><F130/><W31/><G87/><AGARI ba="1,1" hai="6,10,12,24,26,27,32,34,35,62,63,87,88,93" machi="87" ten="50,3200,0" yaku="1,1,54,1,53,0" doraHai="71" doraHaiUra="78" who="1" fromWho="3" sc="299,0,240,45,201,0,250,-35" /><INIT seed="1,0,0,0,1,74" ten="299,285,201,215" oya="1" hai0="72,134,81,54,84,109,128,17,69,125,25,98,4" hai1="1,28,117,49,108,123,6,36,15,2,47,124,101" hai2="38,5,120,86,51,119,55,50,30,118,131,40,53" hai3="127,122,52,22,111,73,75,10,104,18,77,129,12"/><U59/><E36/><V71/><F120/><W64/><G122/><T46/><D69/><U42/><E123/><V63/><F5/><W19/><G104/><T27/><D72/><U100/><E117/><V83/><F30/><W102/><G111/><T26/><D109/><U76/><E108/><V67/><F131/><W44/><G102/><T133/><D128/><U45/><E47/><N who="2" m="23959" /><F86/><W32/><G32/><T78/><D125/><U60/><E124/><V23/><F23/><W66/><G127/><T80/><D4/><U79/><E28/><V85/><F85/><W8/><G129/><T41/><D54/><N who="2" m="20490" /><F83/><W135/><G8/><T14/><D98/><U103/><E2/><V13/><F13/><W31/><G75/><T115/><D81/><U88/><E1/><V37/><F37/><W87/><G73/><T114/><D17/><U93/><E15/><V110/><F110/><W91/><G31/><T58/><D14/><U121/><E6/><V35/><F35/><W33/><G33/><T126/><D126/><U57/><E121/><V11/><F11/><W0/><G0/><T20/><D20/><U90/><E90/><V112/><F112/><W56/><G19/><T16/><D16/><U21/><E21/><V130/><F130/><W43/><G22/><T68/><D115/><U132/><E103/><V24/><F24/><W82/><G91/><T96/><D114/><U113/><E101/><V65/><F65/><W97/><G97/><T94/><D96/><U99/><E100/><V39/><F39/><N who="3" m="21631" /><G135/><N who="0" m="51723" /><D94/><U62/><E132/><V106/><F106/><W95/><G95/><RYUUKYOKU ba="0,0" sc="299,-15,285,-15,201,15,215,15" hai2="50,51,63,67,71,118,119" hai3="10,12,18,52,56,64,66,77,82,87" /><INIT seed="2,1,0,5,2,123" ten="284,270,216,230" oya="2" hai0="105,64,29,89,130,93,67,86,96,54,35,135,13" hai1="102,55,107,44,98,40,37,48,110,115,80,99,11" hai2="79,121,118,106,91,18,116,0,119,12,111,122,38" hai3="73,57,62,52,112,87,17,32,41,131,33,28,60"/><V50/><F38/><W84/><G73/><T21/><D130/><U4/><E110/><V74/><F0/><W15/><G131/><T95/><D105/><U59/><E115/><V70/><F70/><W78/><G112/><T31/><D135/><U30/><E30/><N who="0" m="11273" /><D35/><U58/><E80/><V109/><F106/><W83/><G41/><T42/><D42/><U19/><E19/><V43/><F91/><W77/><G28/><T16/><D54/><U68/><E99/><V10/><F79/><W92/><G62/><T75/><D75/><U53/><E68/><V49/><F74/><W6/><G6/><T103/><AGARI ba="1,0" hai="13,16,21,64,67,86,89,93,95,96,103" m="11273" machi="103" ten="30,2000,0" yaku="8,1,54,1" doraHai="123" who="0" fromWho="0" sc="284,23,270,-6,216,-11,230,-6" /><INIT seed="3,0,0,0,4,28" ten="307,264,205,224" oya="3" hai0="10,88,104,118,56,63,30,60,12,1,40,119,121" hai1="107,80,43,5,97,24,92,95,65,73,106,2,20" hai2="32,23,68,69,112,86,49,61,19,131,90,8,103" hai3="55,122,83,135,0,7,38,133,76,102,17,52,62"/><W34/><G122/><T70/><D121/><U21/><E43/><V124/><F112/><W94/><G38/><T37/><D1/><U91/><E65/><V57/><F103/><W120/><G120/><T98/><D30/><U127/><E20/><V78/><F78/><W64/><G34/><T35/><D35/><U134/><E5/><V46/><F124/><W81/><G17/><T129/><D129/><U26/><E24/><V115/><F115/><W15/><G0/><T72/><D72/><U45/><E45/><V18/><F131/><W29/><G29/><T85/><D70/><U79/><E134/><N who="3" m="51210" /><G94/><T123/><D123/><U4/><E4/><V116/><F116/><W96/><G96/><T6/><D98/><U108/><E127/><V125/><F125/><W87/><G102/><T16/><D6/><U77/><E2/><V50/><F32/><W13/><G81/><T9/><D9/><U51/><E95/><N who="2" m="54743" /><F8/><N who="3" m="4255" /><G15/><T67/><D118/><U33/><E92/><V44/><F18/><W82/><G82/><N who="0" m="49207" /><D119/><U25/><E80/><V53/><F19/><W105/><G105/><T113/><D104/><U58/><E107/><V111/><F23/><W14/><G14/><T114/><D114/><U109/><E21/><V74/><F74/><W128/><G128/><T42/><D113/><U84/><E73/><V101/><F101/><W89/><G76/><T31/><D31/><U75/><E79/><V99/><F99/><W126/><G126/><T22/><D37/><U130/><E77/><V66/><F111/><W117/><G117/><T110/><D22/><U39/><E109/><RYUUKYOKU ba="0,0" sc="307,-15,264,-15,205,15,224,15" hai2="44,46,49,50,53,57,61,66,68,69" hai3="52,55,62,64,83,87,89" /><INIT seed="3,1,0,2,4,88" ten="292,249,220,239" oya="3" hai0="62,110,19,24,77,12,44,93,17,122,43,57,15" hai1="63,26,104,31,27,86,0,70,30,11,81,78,64" hai2="37,112,10,61,105,84,9,56,2,21,40,125,100" hai3="80,42,102,36,124,39,116,103,20,14,91,13,99"/><W25/><G124/><T18/><D122/><U129/><E104/><V132/><F112/><W114/><G114/><T4/><D110/><U69/><E129/><V72/><F72/><W60/><G116/><T130/><D130/><U23/><E11/><V35/><F35/><W50/><G60/><T74/><D24/><U123/><E0/><V83/><F125/><W28/><G50/><N who="0" m="26911" /><D74/><U82/><E82/><V59/><F132/><W113/><G113/><T134/><D77/><U16/><E123/><V89/><F2/><W95/><G103/><T54/><D134/><U98/><E98/><V121/><F121/><W51/><G39/><T108/><D108/><U47/><E47/><V94/><F105/><W68/><G68/><T75/><D75/><U66/><E27/><V71/><F71/><W118/><G36/><T133/><D133/><U53/><E53/><N who="2" m="33935" /><F40/><W52/><G42/><T48/><D4/><U33/><E33/><V55/><F37/><W5/><G5/><T117/><D117/><U109/><E109/><V67/><F67/><W45/><G118/><T106/><D106/><U76/><E76/><N who="2" m="46183" /><F100/><W65/><G65/><T131/><D131/><U97/><E97/><N who="2" m="57551" /><F21/><W126/><G126/><T128/><D128/><U96/><E96/><V135/><F135/><W6/><G6/><T101/><D48/><AGARI ba="1,0" hai="9,10,48,55,59" m="57551,46183,33935" machi="48" ten="30,2000,0" yaku="8,1,52,1" doraHai="88" who="2" fromWho="0" sc="292,-23,249,0,220,23,239,0" /><INIT seed="4,0,0,0,0,44" ten="269,249,243,239" oya="0" hai0="63,121,92,133,88,119,64,105,42,6,50,8,58" hai1="78,4,75,24,102,87,19,3,48,125,35,65,124" hai2="93,98,76,96,73,90,101,53,18,12,81,55,21" hai3="49,46,122,31,115,51,104,52,106,32,71,97,69"/><T126/><D119/><U37/><E37/><V16/><REACH who="2" step="1"/><F18/><REACH who="2" ten="269,249,233,239" step="2"/><W103/><G122/><T109/><D121/><U94/><E19/><V62/><F62/><W15/><G115/><T14/><D63/><U128/><E125/><V17/><F17/><W57/><G106/><AGARI ba="0,1" hai="12,16,21,53,55,73,76,81,90,93,96,98,101,106" machi="106" ten="30,7700,0" yaku="21,2,7,1,54,1,53,0" doraHai="44" doraHaiUra="83" who="2" fromWho="3" sc="269,0,249,0,233,87,239,-77" owari="269,6.9,249,-15.1,320,42.0,162,-33.8" /></mjloggm>