<mjloggm ver="2.3"><GO type="225" lobby="0"/><UN n0="%72%69%6F%75%63%68%61%6E" n1="%E8%A8%88%E7%AE%97%E6%A9%9F%E8%87%AA%E7%84%B6" n2="%E3%82%A2%E3%83%9E%E3%83%9D%EF%BD%9E%EF%BD%9E%E3%83%A9" n3="%E7%B4%94%E6%BD%94%E3%83%94%E3%83%A9%E3%83%8B%E3%82%A2" dan="17,17,17,16" rate="2242.47,2229.11,2164.14,2114.54" sx="M,M,M,M"/><TAIKYOKU oya="0"/><INIT seed="0,0,0,1,2,10" ten="250,250,250,250" oya="0" hai0="124,91,22,62,84,72,5,34,111,65,69,135,109" hai1="40,121,108,102,60,59,66,67,68,100,57,96,61" hai2="11,23,33,54,2,19,132,90,131,64,77,88,128" hai3="126,55,114,24,14,105,45,94,43,85,80,73,117"/><T3/><D34/><U58/><E121/><V41/><F33/><W7/><G105/><T74/><D124/><U21/><E108/><N who="0" m="41545" /><D135/><U16/><E40/><V110/><F132/><W4/><G73/><T47/><D22/><U83/><E83/><V18/><F77/><W9/><G114/><T127/><D127/><U112/><E112/><V81/><F41/><W101/><G117/><T20/><D47/><U107/><REACH who="1" step="1"/><E100/><REACH who="1" ten="250,240,250,250" step="2"/><V99/><F110/><W75/><G101/><T113/><D113/><U52/><E52/><V63/><F54/><W119/><G55/><T28/><D72/><U133/><E133/><V29/><F81/><W13/><G75/><T76/><D74/><U15/><AGARI ba="0,1" hai="15,16,21,57,58,59,60,61,66,67,68,96,102,107" machi="15" ten="20,8000,1" yaku="1,1,0,1,7,1,52,1,54,1,53,0" doraHai="10" doraHaiUra="0" who="1" fromWho="1" sc="250,-40,240,90,250,-20,250,-20" /><INIT seed="1,0,0,4,0,67" ten="210,330,230,230" oya="1" hai0="17,7,109,31,45,27,100,120,15,64,111,68,125" hai1="47,104,25,2,39,65,57,55,4,95,9,90,130" hai2="132,43,42,60,96,52,13,24,3,88,16,122,10" hai3="40,29,0,79,54,23,101,84,133,38,19,14,75"/><U8/><E104/><V94/><F132/><W46/><G133/><T21/><D125/><U105/><E105/><V81/><F3/><W78/><G0/><T86/><D120/><U22/><E8/><V20/><F81/><W71/><G75/><T135/><D135/><U66/><E130/><V131/><F122/><W12/><G101/><T26/><D100/><U89/><E47/><V123/><F131/><W53/><G71/><T115/><D115/><U33/><E39/><V80/><F80/><W6/><G29/><T113/><D113/><U110/><E33/><V59/><F123/><W72/><G72/><T91/><D45/><U28/><E89/><V36/><F36/><W93/><G93/><T129/><D129/><U103/><E103/><V119/><F119/><W116/><G116/><T98/><D98/><U49/><REACH who="1" step="1"/><E110/><REACH who="1" ten="210,320,230,230" step="2"/><V128/><F128/><W32/><G32/><T85/><D91/><U73/><E73/><V126/><F126/><W97/><G46/><T48/><D111/><U61/><E61/><V92/><F92/><W58/><G38/><T112/><D112/><U87/><AGARI ba="0,1" hai="2,4,9,22,25,28,49,55,57,65,66,87,90,95" machi="87" ten="20,12000,1" yaku="1,1,0,1,7,1,53,2" doraHai="67" doraHaiUra="63" who="1" fromWho="1" sc="210,-40,320,130,230,-40,230,-40" /><INIT seed="1,1,0,5,5,123" ten="170,450,190,190" oya="1" hai0="131,104,8,127,54,59,0,121,63,103,44,42,22" hai1="82,62,16,77,72,102,4,70,97,75,30,31,50" hai2="61,130,124,58,65,111,3,12,43,10,34,5,134" hai3="114,95,92,85,15,23,117,86,126,83,116,39,13"/><U9/><E72/><V27/><F124/><W133/><G39/><T66/><D131/><U33/><E50/><V21/><F134/><W38/><G38/><T88/><D127/><U56/><E70/><V36/><F130/><W64/><G126/><T84/><D121/><U29/><E33/><V45/><F111/><W67/><G23/><T46/><D22/><U52/><E16/><V25/><F34/><W101/><G101/><T80/><D42/><U93/><REACH who="1" step="1"/><E31/><REACH who="1" ten="170,440,190,190" step="2"/><V68/><F68/><W17/><G17/><T49/><D44/><U96/><E96/><V109/><F109/><W35/><G35/><T110/><D110/><U28/><E28/><V76/><F76/><W89/><G85/><T53/><D49/><U115/><E115/><V1/><F27/><W108/><G86/><T11/><D46/><U94/><E94/><V20/><F21/><W18/><G18/><AGARI ba="1,1" hai="1,3,5,10,12,18,20,25,36,43,45,58,61,65" machi="18" ten="30,1000,0" yaku="7,1" doraHai="123" who="2" fromWho="3" sc="170,0,440,0,190,23,190,-13" /><INIT seed="2,0,0,2,5,91" ten="170,440,213,177" oya="2" hai0="64,102,89,25,24,73,104,68,36,31,125,85,83" hai1="110,87,67,6,77,62,97,19,108,50,56,29,5" hai2="47,126,32,111,112,114,51,22,37,27,100,124,18" hai3="88,135,76,63,72,84,95,61,74,57,40,106,8"/><V101/><F37/><W109/><G109/><N who="1" m="42090" /><E29/><V12/><F111/><W122/><G122/><T1/><D1/><U131/><E131/><V30/><F101/><W49/><G106/><T28/><D36/><U13/><E50/><V94/><F94/><W78/><G135/><T79/><D125/><N who="2" m="48234" /><F100/><W118/><G118/><T59/><D68/><U107/><E97/><V119/><F119/><W21/><G74/><T0/><D0/><U93/><E107/><V80/><F80/><W42/><G72/><T92/><D28/><U82/><E93/><V17/><F51/><W128/><G128/><T7/><D7/><U71/><E71/><V113/><F47/><W116/><G116/><T54/><D64/><U129/><E129/><V123/><F18/><W4/><G21/><AGARI ba="0,0" hai="5,6,13,19,21,56,62,67,77,82,87" m="42090" machi="21" ten="30,1000,0" yaku="14,1" doraHai="91" who="1" fromWho="3" sc="170,0,440,10,213,0,177,-10" /><INIT seed="3,0,0,1,3,34" ten="170,450,213,167" oya="3" hai0="60,105,108,51,4,120,23,110,78,6,24,77,46" hai1="79,97,114,16,111,59,66,27,17,96,41,22,1" hai2="102,103,26,130,36,32,132,113,133,88,109,62,56" hai3="7,57,76,91,5,95,68,72,30,58,134,100,125"/><W64/><G125/><T15/><D120/><U38/><E1/><V86/><F109/><N who="0" m="42090" /><D105/><U25/><E114/><V128/><F36/><W44/><G134/><N who="2" m="51817" /><F113/><W40/><G100/><N who="2" m="38441" /><F26/><W8/><G30/><N who="0" m="17695" /><D60/><U104/><E59/><V71/><F32/><W54/><G5/><N who="0" m="2155" /><D15/><U52/><E79/><V94/><F71/><W93/><G76/><T11/><D11/><U90/><E41/><AGARI ba="0,0" hai="41,46,51,77,78" m="2155,17695,42090" machi="41" ten="30,1000,0" yaku="14,1" doraHai="34" who="0" fromWho="1" sc="170,10,450,-10,213,0,167,0" owari="180,-22.0,440,54.0,213,1.3,167,-33.3" /></mjloggm>