<mjloggm ver="2.3"><GO type="225" lobby="0"/><UN n0="%74%2E%6F%2E%6F%2E%73" n1="%E7%8D%A3%E8%87%AD%E3%81%84%E8%82%89%E7%90%83" n2="%E3%80%90%E3%83%88%E3%83%AA%E3%83%A5%E3%83%95%E3%80%91" n3="%E3%82%8C%E3%81%99%E3%81%93" dan="17,16,16,17" rate="2097.67,2134.28,2102.22,2255.28" sx="M,M,M,F"/><TAIKYOKU oya="0"/><INIT seed="0,0,0,1,2,0" ten="250,250,250,250" oya="0" hai0="121,59,36,127,71,93,12,29,15,53,43,117,3" hai1="20,74,89,116,101,108,10,63,23,124,114,120,40" hai2="128,123,21,57,68,6,1,65,135,31,113,118,84" hai3="103,75,64,61,126,18,46,19,30,91,52,90,72"/><T112/><D112/><U115/><E120/><V11/><F84/><W97/><G126/><T98/><D117/><U130/><E116/><V131/><F68/><W50/><G72/><T67/><D121/><U77/><E124/><V51/><F65/><W99/><G75/><T2/><D127/><U109/><E130/><V42/><F42/><W8/><G30/><T24/><D2/><U69/><E101/><V17/><F51/><W34/><G34/><T54/><D3/><U111/><E40/><V9/><F57/><W60/><G60/><T134/><D134/><U133/><E133/><V16/><F135/><W22/><G8/><T25/><D71/><U62/><E89/><V96/><F96/><W125/><G125/><T78/><D78/><U92/><E92/><V132/><F132/><W86/><G18/><N who="2" m="7273" /><F11/><W28/><G28/><T55/><D36/><U66/><E62/><V37/><F37/><W104/><G99/><T82/><D43/><U27/><E10/><V80/><F80/><W105/><G105/><T95/><D82/><U56/><E69/><V106/><F106/><W88/><G61/><N who="0" m="38335" /><D93/><U4/><E74/><V76/><F76/><W26/><REACH who="3" step="1"/><G64/><REACH who="3" ten="250,250,250,240" step="2"/><T94/><D98/><U70/><E70/><V41/><F123/><W39/><G39/><T107/><D107/><U58/><E66/><V48/><F118/><W122/><G122/><T85/><D29/><U35/><E63/><V14/><F31/><W79/><G79/><T47/><D85/><AGARI ba="0,1" hai="19,22,26,46,50,52,85,86,88,90,91,97,103,104" machi="85" ten="40,8000,1" yaku="1,1,54,2,53,1" doraHai="0" doraHaiUra="49" who="3" fromWho="0" sc="250,-80,250,0,250,0,240,90" /><INIT seed="1,0,0,3,2,23" ten="170,250,250,330" oya="1" hai0="127,51,20,4,118,22,104,39,86,106,11,16,119" hai1="12,120,134,92,8,112,117,94,116,2,124,108,76" hai2="71,1,46,83,99,75,14,40,84,89,15,59,95" hai3="7,68,38,42,113,100,60,43,50,37,48,132,18"/><U47/><E47/><V110/><F71/><W114/><G18/><T103/><D39/><N who="3" m="14857" /><G100/><T10/><D127/><U73/><E120/><V41/><F1/><W24/><G24/><T64/><D64/><U34/><E112/><N who="3" m="43114" /><G7/><T17/><D51/><N who="3" m="19497" /><G132/><T5/><D103/><U32/><E134/><V82/><F75/><W74/><G74/><T36/><D36/><U115/><E2/><V63/><F82/><W54/><G68/><T123/><REACH who="0" step="1"/><D86/><REACH who="0" ten="160,250,250,330" step="2"/><U77/><E115/><V130/><F84/><W91/><G91/><T30/><D30/><U9/><E73/><V125/><F89/><W72/><G72/><T129/><D129/><U111/><E124/><V65/><F130/><W126/><G126/><T56/><D56/><AGARI ba="0,1" hai="42,43,54,56,60" m="19497,43114,14857" machi="56" ten="40,2600,0" yaku="34,2" doraHai="23" who="3" fromWho="0" sc="160,-26,250,0,250,0,330,36" /><INIT seed="2,0,0,4,3,75" ten="134,250,250,366" oya="2" hai0="20,72,62,76,74,123,25,17,121,4,14,102,84" hai1="19,120,8,68,60,33,9,35,99,129,47,5,59" hai2="7,111,90,40,66,16,89,48,98,70,112,27,92" hai3="114,122,11,86,69,13,118,58,38,106,24,85,117"/><V87/><F112/><W113/><G69/><T21/><D72/><U44/><E68/><V12/><F111/><W127/><G122/><T131/><D74/><U63/><E120/><V109/><F109/><W41/><G106/><T54/><D131/><U51/><E129/><V34/><F34/><W105/><G105/><T79/><D121/><U57/><E19/><V50/><F7/><W130/><G130/><T49/><D123/><U18/><E18/><V26/><F66/><W0/><G0/><T116/><D116/><U83/><E99/><V115/><F115/><N who="3" m="44043" /><G127/><T97/><D62/><U67/><E83/><V30/><F70/><W15/><G24/><N who="2" m="9257" /><F40/><W10/><G58/><T32/><D32/><U53/><E44/><V73/><F73/><W36/><G117/><T108/><D84/><N who="3" m="32361" /><G118/><T82/><D82/><U42/><E8/><N who="3" m="3114" /><G41/><T61/><D61/><U56/><REACH who="1" step="1"/><E59/><REACH who="1" ten="134,240,250,366" step="2"/><V91/><F98/><W124/><G124/><T23/><D108/><U71/><E71/><V134/><F30/><W81/><G81/><T45/><D4/><U103/><E103/><V132/><F132/><W3/><G3/><AGARI ba="0,1" hai="3,5,9,33,35,42,47,51,53,56,57,60,63,67" machi="3" ten="30,2000,0" yaku="1,1,7,1,53,0" doraHai="75" doraHaiUra="101" who="1" fromWho="3" sc="134,0,240,30,250,0,366,-20" /><INIT seed="3,0,0,3,5,116" ten="134,270,250,346" oya="3" hai0="0,78,41,65,27,125,112,43,110,71,129,90,55" hai1="122,2,117,64,13,4,89,96,44,135,51,94,91" hai2="25,83,134,38,60,93,97,32,130,26,12,98,49" hai3="42,56,63,54,113,86,21,131,79,15,11,52,67"/><W59/><G113/><T39/><D0/><U107/><E117/><V22/><F38/><W72/><G72/><T16/><D78/><U69/><E2/><V114/><F114/><W6/><G131/><T14/><D110/><U115/><E115/><V68/><F130/><W92/><G42/><T45/><D129/><U109/><E109/><V23/><F32/><W10/><G21/><T103/><D125/><U35/><E35/><V36/><F83/><N who="3" m="47487" /><G11/><T37/><D112/><U121/><E107/><V57/><F36/><W20/><G20/><T34/><D103/><U101/><E135/><V77/><F12/><W84/><G59/><T95/><D55/><U104/><E89/><AGARI ba="0,0" hai="6,10,15,52,54,56,63,67,84,89,92" m="47487" machi="89" ten="30,2900,0" yaku="8,1,54,1" doraHai="116" who="3" fromWho="1" sc="134,0,270,-29,250,0,346,29" owari="134,-36.6,241,-15.9,250,5.0,375,47.5" /></mjloggm>