<mjloggm ver="2.3"><GO type="225" lobby="0"/><UN n0="%E9%89%A2%E5%B7%BB%E3%82%AC%E3%83%96" n1="%E3%81%A0%E3%81%8A" n2="%E6%A1%9C%E8%8A%B1%E9%96%83%E3%80%85" n3="%E8%A8%88%E7%AE%97%E6%A9%9F%E8%87%AA%E7%84%B6" dan="16,16,18,17" rate="2064.87,2026.80,2287.58,2225.50" sx="M,M,M,M"/><TAIKYOKU oya="0"/><INIT seed="0,0,0,5,3,124" ten="250,250,250,250" oya="0" hai0="35,97,13,134,113,128,17,28,105,23,117,98,125" hai1="129,2,87,12,11,57,106,44,22,77,78,126,109" hai2="65,69,50,132,36,33,60,108,14,88,75,26,5" hai3="39,30,59,15,118,122,47,89,91,103,115,114,55"/><T68/><D113/><U0/><E106/><V10/><F36/><W66/><G118/><T76/><D125/><U82/><E126/><V86/><F75/><W52/><G103/><T16/><D117/><U74/><E109/><V3/><F132/><W110/><G30/><T6/><D134/><U58/><E22/><V92/><F108/><W64/><G110/><T19/><D76/><U116/><E116/><V46/><F33/><W133/><G133/><T84/><D84/><U43/><E129/><V45/><F26/><W127/><G127/><T42/><D42/><U100/><E100/><V54/><REACH who="2" step="1"/><F3/><REACH who="2" ten="250,250,240,250" step="2"/><W21/><G39/><T102/><D35/><U48/><E0/><V32/><F32/><W61/><G114/><T73/><D73/><U107/><E2/><V51/><F51/><N who="3" m="28799" /><G115/><T49/><D49/><U80/><REACH who="1" step="1"/><E107/><REACH who="1" ten="250,240,240,250" step="2"/><V81/><F81/><W4/><G122/><T93/><D105/><U41/><E41/><V53/><F53/><W119/><G119/><T131/><D131/><U120/><E120/><V63/><F63/><W37/><G55/><T20/><D128/><U31/><E31/><V112/><F112/><W70/><G61/><T130/><D130/><U96/><E96/><V27/><F27/><W18/><G15/><T79/><D98/><U1/><E1/><V40/><F40/><W34/><G34/><T111/><D111/><U9/><E9/><V24/><F24/><W67/><G21/><N who="0" m="8267" /><D28/><U94/><E94/><V62/><F62/><W135/><G135/><T7/><D13/><U99/><E99/><V123/><F123/><W101/><G64/><RYUUKYOKU ba="0,2" sc="250,-15,240,15,240,15,250,-15" hai1="11,12,43,44,48,57,58,74,77,78,80,82,87" hai2="5,10,14,45,46,50,54,60,65,69,86,88,92" /><INIT seed="1,1,2,4,0,95" ten="235,255,255,235" oya="1" hai0="76,100,91,52,108,7,126,98,39,62,44,67,81" hai1="69,20,53,79,56,51,12,50,30,132,14,72,46" hai2="113,86,119,83,15,117,1,129,33,77,4,18,99" hai3="96,125,59,45,11,17,104,13,110,121,92,106,28"/><U85/><E72/><V24/><F129/><W49/><G121/><T54/><D108/><U2/><E2/><V36/><F36/><W41/><G110/><T8/><D91/><U133/><E69/><V23/><F113/><W123/><G123/><T65/><D126/><U118/><E118/><V130/><F130/><W63/><G28/><T134/><D134/><N who="1" m="51819" /><E79/><V82/><F82/><W0/><G0/><T48/><D54/><N who="1" m="30039" /><E85/><V80/><F80/><W66/><REACH who="3" step="1"/><G125/><REACH who="3" ten="235,255,255,225" step="2"/><T60/><D67/><U114/><E114/><V75/><F1/><W135/><G135/><T87/><D65/><U21/><E30/><V127/><F127/><W73/><G73/><T70/><D70/><U3/><E3/><V93/><F75/><W10/><G10/><T74/><D74/><U22/><AGARI ba="1,3" hai="12,14,20,21,22,51,53,56" m="30039,51819" machi="22" ten="30,1500,0" yaku="20,1" doraHai="95" who="1" fromWho="1" sc="235,-6,255,48,255,-6,225,-6" /><INIT seed="1,2,0,1,3,106" ten="229,303,249,219" oya="1" hai0="32,93,83,36,67,77,130,50,71,118,31,73,92" hai1="1,55,90,27,129,18,34,96,13,111,45,8,131" hai2="17,82,70,119,76,114,37,43,87,117,56,75,33" hai3="99,25,0,112,100,98,88,122,10,132,41,110,108"/><U94/><E111/><N who="3" m="42538" /><G122/><T57/><D118/><U79/><E79/><V53/><F33/><W121/><G121/><T26/><D36/><U74/><E74/><V16/><F70/><W97/><G112/><T85/><D130/><N who="1" m="49675" /><E1/><V61/><F114/><W65/><G132/><T89/><D71/><U60/><E34/><V69/><F69/><W44/><G65/><T59/><D67/><U126/><E126/><V78/><F78/><W38/><G25/><T23/><D32/><U4/><E27/><V3/><F87/><W63/><G63/><T133/><D133/><U21/><E60/><V28/><F28/><W115/><G115/><T124/><D124/><U58/><E45/><N who="2" m="23791" /><F119/><W22/><G22/><T123/><D123/><U80/><E80/><V12/><F12/><W51/><G38/><T104/><D92/><U127/><E127/><V30/><F30/><W101/><G88/><T15/><D15/><N who="1" m="5511" /><E58/><V54/><F117/><W135/><G135/><T107/><REACH who="0" step="1"/><D59/><REACH who="0" ten="219,303,249,219" step="2"/><U91/><E55/><AGARI ba="2,1" hai="23,26,31,50,55,57,73,77,83,85,89,93,104,107" machi="55" ten="40,5200,0" yaku="1,1,2,1,52,1,53,0" doraHai="106" doraHaiUra="7" who="0" fromWho="1" sc="219,68,303,-58,249,0,219,0" /><INIT seed="2,0,0,1,1,116" ten="287,245,249,219" oya="2" hai0="118,14,84,44,93,95,19,41,126,16,55,63,135" hai1="8,32,66,114,111,98,48,21,51,27,69,133,74" hai2="81,62,97,28,107,77,67,101,39,129,64,52,100" hai3="78,50,59,87,82,109,80,24,2,123,125,40,70"/><V9/><F129/><W37/><G70/><T36/><D135/><U13/><E114/><V115/><F115/><W17/><G2/><T49/><D126/><U12/><E32/><V0/><F28/><W121/><G125/><T131/><D131/><U65/><E74/><V25/><F25/><W30/><G109/><T105/><D105/><U106/><E111/><V102/><F39/><W46/><G17/><T92/><D63/><U47/><E133/><V60/><F0/><W96/><G96/><T79/><D118/><U83/><E83/><V6/><F97/><W112/><G112/><T85/><D19/><U124/><E124/><V91/><F91/><W130/><G130/><T15/><D14/><U88/><E69/><V122/><F122/><W89/><G59/><T29/><D29/><N who="1" m="17647" /><E106/><V7/><F52/><W58/><G58/><T4/><D4/><N who="2" m="1578" /><F9/><W108/><G37/><T11/><REACH who="0" step="1"/><D79/><REACH who="0" ten="277,245,249,219" step="2"/><U42/><E12/><V35/><F107/><W73/><REACH who="3" step="1"/><G108/><REACH who="3" ten="277,245,249,209" step="2"/><T45/><AGARI ba="0,2" hai="11,15,16,36,41,44,45,49,55,84,85,92,93,95" machi="45" ten="30,12000,2" yaku="1,1,2,1,0,1,54,1,53,3" doraHai="116" doraHaiUra="90" who="0" fromWho="0" sc="277,140,245,-30,249,-60,209,-30" /><INIT seed="3,0,0,2,4,105" ten="417,215,189,179" oya="3" hai0="95,64,98,61,131,120,50,93,124,80,2,79,65" hai1="33,29,128,86,127,43,135,6,47,7,110,85,22" hai2="115,76,72,78,44,60,25,15,104,96,69,117,59" hai3="18,103,77,28,74,37,62,14,12,132,68,23,58"/><W27/><G132/><T94/><D120/><U38/><E135/><V20/><F115/><W89/><G37/><T97/><D2/><U102/><E110/><V130/><F117/><W100/><G68/><T129/><D50/><U66/><E127/><V34/><F130/><N who="0" m="49674" /><D124/><U119/><E128/><V118/><F69/><W82/><G89/><T92/><D92/><U19/><E119/><V30/><F72/><W3/><G3/><T84/><D65/><U51/><E38/><V36/><F118/><W52/><REACH who="3" step="1"/><G12/><REACH who="3" ten="417,215,189,169" step="2"/><T32/><D32/><AGARI ba="0,1" hai="14,18,23,27,28,32,52,58,62,74,77,82,100,103" machi="32" ten="30,12000,1" yaku="1,1,2,1,7,1,52,1,54,1,53,0" doraHai="105" doraHaiUra="111" who="3" fromWho="0" sc="417,-120,215,0,189,0,169,130" /><INIT seed="3,1,0,4,2,42" ten="297,215,189,299" oya="3" hai0="109,7,9,53,118,54,113,11,103,12,76,63,133" hai1="48,116,105,10,46,108,132,82,71,22,13,80,37" hai2="67,62,21,0,58,79,40,120,8,127,15,43,110" hai3="70,34,20,130,95,81,134,125,75,77,98,131,39"/><W99/><G34/><T91/><D118/><U14/><E105/><V97/><F110/><W30/><G39/><T26/><D109/><U93/><E108/><V129/><F129/><N who="3" m="49163" /><G125/><T114/><D133/><U45/><E71/><V88/><F127/><W68/><G134/><T18/><D103/><U65/><E132/><V72/><F0/><W32/><G32/><T101/><D101/><U115/><E115/><N who="0" m="44041" /><D76/><U24/><E37/><V4/><F120/><W29/><G98/><T122/><D122/><U89/><E65/><V135/><F135/><W94/><G94/><T87/><D63/><U96/><E116/><V60/><F21/><W38/><G38/><T102/><D102/><U92/><E92/><N who="2" m="56455" /><F72/><W47/><G47/><N who="1" m="17930" /><E48/><V17/><F79/><W51/><G51/><T84/><D26/><U90/><E90/><V5/><F62/><W107/><G107/><T44/><D44/><U33/><E33/><V124/><F124/><W119/><G119/><T123/><D123/><U16/><E14/><V2/><F2/><W117/><G117/><T23/><D23/><U106/><E106/><V28/><F28/><AGARI ba="1,0" hai="10,13,16,22,24,28,80,82,89,93,96" m="17930" machi="28" ten="30,8000,1" yaku="8,1,52,3,54,1" doraHai="42" who="1" fromWho="2" sc="297,0,215,83,189,-83,299,0" /><INIT seed="4,0,0,5,3,86" ten="297,298,106,299" oya="0" hai0="99,61,128,133,71,122,84,55,94,54,90,29,89" hai1="70,88,111,93,121,5,30,82,42,75,113,17,3" hai2="98,114,76,50,78,120,63,0,27,68,20,117,57" hai3="36,118,13,62,127,45,115,25,126,60,53,92,81"/><T4/><D122/><U67/><E111/><V132/><F120/><W40/><G118/><T22/><D128/><U110/><E121/><V2/><F117/><W106/><G106/><T28/><D133/><U72/><E110/><V32/><F32/><W83/><G115/><T58/><D71/><U100/><E100/><V59/><F114/><W91/><G13/><T96/><D4/><U49/><E30/><N who="0" m="11881" /><D22/><U7/><E113/><V38/><F38/><W34/><G25/><T1/><D1/><U23/><E67/><N who="2" m="39423" /><F68/><W47/><G34/><T80/><D96/><U65/><E65/><AGARI ba="0,0" hai="54,55,58,61,65,80,84,89,90,94,99" m="11881" machi="65" ten="30,5800,0" yaku="8,1,52,2" doraHai="86" who="0" fromWho="1" sc="297,58,298,-58,106,0,299,0" owari="355,45.5,240,-16.0,106,-39.4,299,9.9" /></mjloggm>