<mjloggm ver="2.3"><GO type="225" lobby="0"/><UN n0="%E3%81%BE%E3%81%A8%E3%81%9F" n1="%E3%83%AD%E3%83%83%E3%83%86%E9%9B%80%E7%90%83" n2="%E4%B8%AD%E5%B9%B4%E3%81%AE%E5%8D%B1%E6%A9%9F" n3="%E3%81%82%E3%81%99%E3%81%AB%E3%82%83%E3%82%80" dan="16,17,17,16" rate="2174.29,2254.04,2209.32,2186.52" sx="M,M,M,F"/><TAIKYOKU oya="0"/><INIT seed="0,0,0,0,5,74" ten="250,250,250,250" oya="0" hai0="85,38,99,78,72,130,19,133,11,70,31,91,84" hai1="95,57,54,23,129,0,2,58,51,28,97,75,27" hai2="106,16,117,103,86,7,49,125,60,30,110,20,118" hai3="63,73,46,98,71,59,131,6,107,5,9,116,48"/><T96/><D130/><U65/><E129/><V135/><F110/><W24/><G131/><T102/><D133/><U122/><E75/><V83/><F135/><W128/><G73/><T114/><D114/><U112/><E122/><V126/><F30/><W32/><G128/><T62/><D38/><U123/><E123/><V109/><F7/><W43/><G116/><N who="2" m="44649" /><F49/><W67/><G59/><T17/><D31/><U121/><E121/><V61/><F103/><N who="3" m="62967" /><G9/><T12/><D91/><U40/><E40/><V124/><F106/><W33/><G33/><T94/><D19/><U120/><E112/><V101/><F101/><W4/><G4/><T36/><D36/><U47/><E120/><V50/><F50/><W1/><G1/><T119/><D119/><U55/><E65/><V39/><F39/><W132/><G132/><T89/><D62/><U115/><E115/><V15/><F109/><W22/><G22/><T44/><D44/><U105/><E105/><V45/><F45/><W66/><G66/><T18/><D18/><U134/><E134/><V13/><F13/><W52/><G43/><T8/><D12/><U25/><E25/><V77/><AGARI ba="0,0" hai="15,16,20,60,61,77,83,86,124,125,126" m="44649" machi="77" ten="40,8000,1" yaku="18,1,12,1,52,1,54,1" doraHai="74" who="2" fromWho="2" sc="250,-40,250,-20,250,80,250,-20" /><INIT seed="1,0,0,2,0,31" ten="210,230,330,230" oya="1" hai0="10,19,131,40,59,48,7,105,101,55,25,112,15" hai1="62,8,39,61,130,127,54,84,123,28,44,129,124" hai2="50,104,24,30,32,52,35,17,79,36,4,115,81" hai3="12,6,78,106,75,102,68,11,121,73,14,34,111"/><U92/><E28/><V96/><F36/><W95/><G121/><T88/><D112/><U135/><E8/><V82/><F115/><W67/><G111/><T116/><D116/><U1/><E1/><V103/><F17/><W53/><G53/><T21/><D131/><N who="1" m="50187" /><E92/><V132/><F4/><W93/><G14/><T18/><D40/><N who="1" m="22559" /><E84/><V122/><F132/><W66/><G66/><T80/><D101/><U114/><E114/><V113/><F122/><W41/><G41/><T118/><D105/><U51/><E123/><V38/><F38/><W42/><G42/><T117/><REACH who="0" step="1"/><D7/><REACH who="0" ten="200,230,330,230" step="2"/><U56/><E135/><V77/><F113/><W134/><G6/><T43/><D43/><U64/><E62/><V72/><F79/><W13/><G78/><T16/><D16/><U71/><AGARI ba="0,1" hai="51,54,56,61,64,71,124,127" m="22559,50187" machi="71" ten="30,11700,0" yaku="24,1,19,1,34,2" doraHai="31" who="1" fromWho="1" sc="200,-39,230,127,330,-39,230,-39" /><INIT seed="1,1,0,5,0,33" ten="161,357,291,191" oya="1" hai0="68,108,92,44,40,24,42,127,62,61,93,49,25" hai1="101,54,31,67,41,0,111,23,132,1,100,57,84" hai2="4,129,19,66,122,72,38,134,50,64,48,71,37" hai3="128,131,16,45,123,102,76,8,13,103,20,10,35"/><U124/><E67/><N who="2" m="25643" /><F19/><W87/><G123/><T119/><D108/><U86/><E41/><V30/><F4/><W105/><G45/><T59/><D68/><U26/><E111/><V78/><F30/><W97/><G35/><T113/><D113/><U28/><E124/><V83/><F83/><N who="3" m="47591" /><G103/><T36/><D127/><U121/><E121/><V15/><F15/><W130/><AGARI ba="1,0" hai="8,10,13,16,20,97,102,105,128,130,131" m="47591" machi="130" ten="30,2000,0" yaku="19,1,54,1" doraHai="33" who="3" fromWho="3" sc="161,-6,357,-11,291,-6,191,23" /><INIT seed="2,0,0,4,4,67" ten="155,346,285,214" oya="2" hai0="60,56,105,69,10,106,109,126,71,58,31,81,46" hai1="59,128,28,64,53,127,88,33,89,39,43,4,75" hai2="66,3,9,2,82,131,41,95,62,122,51,94,112" hai3="42,80,83,7,55,36,134,26,22,102,8,96,73"/><V135/><F122/><W120/><G120/><T119/><D109/><U85/><E75/><V57/><F112/><W72/><G134/><T107/><D126/><U114/><E114/><V115/><F115/><W118/><G118/><T11/><D119/><U68/><E4/><V30/><F135/><W20/><G55/><T77/><D31/><U87/><E128/><V90/><F131/><W70/><G70/><T61/><D46/><N who="1" m="23935" /><E33/><V32/><F32/><W50/><G36/><T117/><D117/><U98/><E28/><V125/><F125/><W116/><G116/><T0/><D0/><U14/><E14/><V6/><F30/><W5/><G50/><T132/><D132/><U40/><E40/><V91/><F2/><W101/><G42/><T100/><D100/><U123/><E123/><V49/><F82/><W65/><G65/><T13/><D58/><U92/><E89/><V18/><F18/><W54/><G54/><T129/><D129/><U103/><E103/><V52/><F91/><W78/><G96/><T24/><D24/><U29/><E29/><V124/><F90/><W45/><G45/><T34/><D34/><U97/><E97/><V25/><F25/><W21/><G21/><T104/><N who="0" m="26624" /><DORA hai="133" /><T17/><D11/><U19/><E19/><V99/><F124/><W38/><G26/><T23/><D10/><U12/><E12/><V37/><F99/><W76/><G38/><T86/><REACH who="0" step="1"/><D61/><REACH who="0" ten="145,346,285,214" step="2"/><N who="1" m="39951" /><E127/><V130/><F130/><W35/><G8/><T15/><D15/><U63/><E63/><V121/><F121/><W84/><G35/><T79/><D79/><RYUUKYOKU ba="0,1" sc="145,10,346,10,285,-30,214,10" hai0="13,17,23,56,60,69,71,77,81,86" hai1="53,59,85,87,88,92,98" hai3="5,7,20,22,72,73,76,78,80,83,84,101,102" /><INIT seed="3,1,1,1,5,60" ten="155,356,255,224" oya="3" hai0="12,35,68,55,22,7,83,44,115,112,69,133,125" hai1="26,54,21,63,85,107,105,120,36,97,77,110,82" hai2="47,37,80,24,57,111,128,93,58,4,70,28,38" hai3="75,9,90,101,23,67,126,94,108,91,18,99,29"/><W106/><G126/><T43/><D35/><U121/><E36/><V122/><F70/><N who="0" m="27242" /><D22/><U124/><E110/><V86/><F111/><W40/><G108/><T113/><D83/><U104/><E124/><V0/><F128/><W66/><G75/><T14/><D7/><U127/><E127/><V119/><F119/><W64/><G40/><T49/><D14/><U116/><E116/><V3/><F122/><W8/><G29/><T72/><D12/><U114/><E114/><N who="0" m="29185" /><T132/><DORA hai="48" /><D72/><U39/><E39/><V33/><F38/><W65/><N who="3" m="16384" /><DORA hai="53" /><W20/><G20/><T17/><D17/><U84/><E84/><V134/><F93/><W30/><G30/><T27/><D27/><U41/><E26/><V45/><F37/><W10/><G106/><T61/><D125/><U42/><E21/><V50/><F0/><W13/><AGARI ba="1,1" hai="8,9,10,13,18,23,90,91,94,99,101" m="16384" machi="13" ten="50,18000,2" yaku="0,1,8,1,52,4" doraHai="60,48,53" who="3" fromWho="3" sc="155,-61,356,-61,255,-61,224,193" owari="94,-40.6,295,9.5,194,-20.6,417,51.7" /></mjloggm>