<mjloggm ver="2.3"><GO type="225" lobby="0"/><UN n0="%E5%A0%80%E7%94%B0%E5%81%A5%E8%BC%94" n1="%E8%90%BD%E6%97%A5" n2="%E7%89%B9%E6%9D%B1%E3%81%AF%E4%B8%96%E7%95%8C%E3%82%92%E6%95%91%E3%81%86" n3="%6D%75%75%6D%75%72%61" dan="16,19,16,16" rate="2062.67,2246.35,2090.78,2169.11" sx="M,F,M,F"/><TAIKYOKU oya="0"/><INIT seed="0,0,0,4,1,122" ten="250,250,250,250" oya="0" hai0="90,86,103,115,96,134,117,64,68,112,56,126,70" hai1="79,78,37,29,25,15,87,76,129,20,127,2,12" hai2="109,75,74,5,130,33,18,0,80,36,131,21,63" hai3="120,97,88,104,49,65,93,50,26,7,98,99,102"/><T85/><D117/><U39/><E2/><V45/><F33/><W44/><G120/><T9/><D126/><U41/><E127/><V24/><F63/><W81/><G65/><T77/><D77/><U125/><E125/><V22/><F109/><W14/><G81/><T71/><D134/><U53/><E129/><N who="2" m="49163" /><F80/><W82/><G82/><T42/><D42/><U94/><E41/><N who="2" m="22695" /><F21/><W17/><G98/><T48/><D9/><AGARI ba="0,0" hai="0,5,9,18,22,24,74,75" m="22695,49163" machi="9" ten="30,1000,0" yaku="19,1" doraHai="122" who="2" fromWho="0" sc="250,-10,250,0,250,10,250,0" /><INIT seed="1,0,0,1,4,117" ten="240,250,260,250" oya="1" hai0="45,43,61,75,64,135,28,125,9,5,74,96,106" hai1="104,118,47,116,79,81,31,6,54,56,10,71,63" hai2="126,51,131,67,120,112,36,41,85,70,29,115,37" hai3="58,92,49,121,127,94,128,24,123,7,60,2,39"/><U119/><E104/><V99/><F29/><W19/><G39/><N who="2" m="14921" /><F85/><W107/><G107/><T17/><D125/><U18/><E71/><V77/><F99/><W21/><G127/><T48/><D135/><U109/><E47/><N who="2" m="26095" /><F77/><W16/><G49/><T30/><D17/><U88/><E109/><V57/><F126/><W86/><G128/><T84/><D74/><U73/><E31/><V44/><F131/><W55/><G19/><T25/><D75/><U32/><E32/><V23/><F23/><W34/><G34/><T27/><D84/><U124/><E124/><V52/><F44/><W66/><G55/><T1/><D96/><U101/><E18/><V0/><F0/><W113/><G113/><N who="2" m="43593" /><F120/><W50/><G7/><T108/><D106/><U134/><E134/><V133/><F133/><W69/><G2/><T46/><D46/><U65/><E101/><V13/><F13/><W105/><G105/><T97/><D97/><U26/><E26/><V38/><F38/><W3/><G3/><T8/><D5/><U14/><REACH who="1" step="1"/><E88/><REACH who="1" ten="240,240,260,250" step="2"/><V11/><F70/><W93/><G69/><T42/><D25/><U33/><E33/><V76/><F76/><W90/><G94/><T40/><D28/><U132/><E132/><V59/><F59/><N who="3" m="37151" /><G93/><T83/><D30/><U98/><E98/><V82/><F82/><W111/><G111/><T102/><D83/><U114/><E114/><V62/><F11/><N who="0" m="4170" /><D108/><U89/><E89/><V15/><F15/><W12/><G12/><T129/><D102/><U91/><E91/><V22/><F22/><W122/><G58/><T68/><D68/><RYUUKYOKU ba="0,1" sc="240,-30,240,10,260,10,250,10" hai1="6,10,14,54,56,63,65,73,79,81,116,118,119" hai2="52,57,62,67" hai3="16,21,24,50,86,90,92,121,122,123" /><INIT seed="1,1,1,0,0,85" ten="210,250,270,260" oya="1" hai0="35,52,105,116,58,42,23,126,47,51,120,130,79" hai1="121,62,41,103,115,12,32,135,48,101,16,134,33" hai2="109,63,84,40,21,104,123,61,38,125,114,100,3" hai3="53,95,65,20,56,118,98,117,89,78,44,102,57"/><U37/><E115/><V34/><F123/><W66/><G78/><T6/><D116/><N who="3" m="44649" /><G20/><T39/><D35/><N who="1" m="13387" /><E37/><V36/><F34/><W91/><G44/><T68/><D105/><U4/><E4/><V90/><F3/><W128/><G128/><T69/><D130/><U77/><E121/><V111/><F114/><W80/><G80/><T10/><D120/><U73/><E62/><N who="2" m="23563" /><F40/><W7/><G7/><T2/><D126/><U88/><E77/><V15/><F125/><W108/><G108/><N who="2" m="41545" /><F15/><W99/><G53/><T60/><D23/><N who="1" m="11655" /><E73/><V131/><F21/><W0/><G0/><T22/><D22/><U28/><E28/><V19/><F19/><W119/><N who="3" m="44657" /><W8/><DORA hai="129" /><G8/><T49/><D49/><U71/><E71/><V127/><F127/><W96/><G102/><T122/><D122/><U43/><E43/><V70/><F131/><W72/><G95/><T27/><D27/><U1/><E1/><V82/><F70/><W25/><G25/><T113/><D113/><U107/><E107/><V55/><F55/><W18/><G18/><T94/><D94/><U26/><E26/><V67/><F67/><N who="3" m="25611" /><G72/><T86/><REACH who="0" step="1"/><D39/><REACH who="0" ten="200,250,270,260" step="2"/><U112/><E112/><V124/><F124/><W11/><G11/><T75/><D75/><U110/><E110/><V17/><F36/><W46/><G46/><T30/><D30/><U87/><E48/><V74/><F38/><W106/><G106/><T92/><D92/><N who="1" m="54303" /><E41/><V81/><F74/><W93/><G93/><T59/><D59/><AGARI ba="1,2" hai="56,57,59,89,91,96,98,99" m="25611,44657" machi="59" ten="50,8000,1" yaku="28,2,12,1,52,2" doraHai="85,129" who="3" fromWho="0" sc="200,-83,250,0,270,0,260,103" /><INIT seed="2,0,0,1,0,66" ten="117,250,270,363" oya="2" hai0="31,34,111,36,127,65,25,79,100,131,17,59,133" hai1="120,84,115,130,106,99,60,73,75,105,95,135,33" hai2="55,47,122,63,77,10,89,6,40,52,103,119,18" hai3="112,58,76,28,107,43,134,38,98,56,41,35,11"/><V68/><F119/><W32/><G134/><T124/><D36/><U3/><E60/><V109/><F122/><W90/><G76/><T54/><D65/><U39/><E84/><V71/><F103/><W78/><G78/><T2/><D2/><U121/><E99/><V92/><F18/><W51/><G11/><T26/><D79/><U118/><E95/><V129/><F129/><W24/><G35/><T14/><D100/><U91/><E91/><V49/><F109/><W1/><G1/><T88/><D131/><U94/><E94/><V27/><F27/><W57/><G38/><T37/><D37/><U64/><E64/><V15/><F77/><W126/><G107/><T16/><D111/><U19/><E19/><V23/><F23/><W117/><G43/><T128/><D128/><U5/><E5/><V81/><F81/><W46/><G46/><T70/><D133/><U97/><E97/><V113/><F113/><W29/><G41/><T67/><D26/><U110/><E106/><V132/><F132/><W50/><G29/><T101/><D101/><U72/><E75/><V86/><REACH who="2" step="1"/><F63/><REACH who="2" ten="117,250,260,363" step="2"/><W96/><G24/><T30/><D30/><U93/><E73/><V83/><F83/><W7/><G28/><T125/><D88/><U12/><E93/><V61/><F61/><W20/><G90/><T13/><D17/><U53/><E72/><V45/><F45/><W4/><G20/><T123/><D123/><U42/><E120/><V82/><F82/><W48/><G112/><T69/><D16/><U116/><E121/><V8/><F8/><W87/><G117/><RYUUKYOKU ba="0,1" sc="117,-10,250,-10,260,30,363,-10" hai2="6,10,15,40,47,49,52,55,68,71,86,89,92" /><INIT seed="2,1,1,4,1,85" ten="107,240,290,353" oya="2" hai0="122,124,83,9,79,121,15,111,126,24,37,93,135" hai1="114,84,26,18,56,28,110,29,94,4,90,120,129" hai2="118,92,42,74,71,10,5,132,67,62,113,69,128" hai3="32,11,109,63,81,123,107,25,27,78,39,130,3"/><V76/><F113/><W91/><G39/><T73/><D37/><U22/><E114/><V47/><F118/><W1/><G123/><T95/><D24/><U77/><E110/><V55/><F128/><W6/><G109/><T133/><D15/><U7/><E129/><V16/><F132/><N who="0" m="50762" /><D9/><U116/><E116/><V80/><F55/><W99/><G107/><T46/><D46/><U13/><E120/><N who="0" m="46185" /><D111/><U51/><E77/><V59/><F92/><AGARI ba="1,1" hai="73,79,83,92,93,95,124,126" m="46185,50762" machi="92" ten="40,5200,0" yaku="20,1,34,2" doraHai="85" who="0" fromWho="2" sc="107,65,240,0,290,-55,353,0" /><INIT seed="3,0,0,5,5,69" ten="172,240,235,353" oya="3" hai0="26,82,99,127,109,83,130,88,86,84,100,105,110" hai1="28,74,66,59,120,47,73,78,31,68,71,3,134" hai2="42,90,54,131,34,41,35,125,62,2,122,67,77" hai3="98,93,101,72,13,11,12,81,70,19,56,43,45"/><W4/><G70/><T97/><D26/><U126/><E3/><V6/><F122/><W111/><G56/><T95/><D127/><U40/><E120/><V60/><F125/><W65/><G65/><T58/><D130/><U22/><E59/><V57/><F131/><W30/><G30/><T32/><D32/><U114/><E114/><V49/><F77/><N who="3" m="44199" /><G19/><T46/><D46/><U117/><E134/><V115/><F115/><W123/><G111/><T92/><D58/><U25/><E117/><V17/><F62/><W14/><G14/><T39/><D39/><U38/><E126/><V75/><F75/><W85/><G85/><T104/><D88/><U129/><E129/><V23/><F6/><W132/><G12/><T102/><AGARI ba="0,0" hai="82,83,84,86,92,95,97,99,100,102,104,105,109,110" machi="102" ten="25,12000,2" yaku="0,1,22,2,34,3" doraHai="69" who="0" fromWho="0" sc="172,120,240,-30,235,-30,353,-60" /><INIT seed="4,0,0,4,3,30" ten="292,210,205,293" oya="0" hai0="61,37,113,92,97,12,90,119,129,111,67,106,132" hai1="70,100,1,54,114,95,108,36,88,17,82,42,65" hai2="50,31,123,57,11,71,43,134,45,124,44,87,51" hai3="69,98,7,28,21,19,41,59,58,110,26,101,72"/><T25/><D119/><U121/><E108/><V127/><F123/><W122/><G69/><T107/><D113/><U5/><E121/><V79/><F71/><W13/><G72/><T47/><D111/><U73/><E70/><V104/><F104/><W105/><G122/><T52/><D129/><U74/><E65/><V96/><F134/><W91/><G110/><T133/><D12/><U76/><E74/><V83/><F96/><W38/><G91/><T131/><D131/><U93/><E114/><V62/><F31/><W32/><G7/><T68/><D25/><U77/><E77/><V81/><F81/><W9/><G9/><T8/><D8/><N who="1" m="2095" /><E54/><V53/><REACH who="2" step="1"/><F11/><REACH who="2" ten="292,210,195,293" step="2"/><W39/><G98/><T35/><D106/><U115/><E115/><V27/><F27/><W56/><G105/><T85/><D107/><U102/><E95/><V80/><F80/><W109/><G109/><T34/><D97/><N who="1" m="57511" /><E17/><V55/><AGARI ba="0,1" hai="43,44,45,50,51,53,55,57,62,79,83,87,124,127" machi="55" ten="30,2000,0" yaku="1,1,0,1,53,0" doraHai="30" doraHaiUra="116" who="2" fromWho="2" sc="292,-10,210,-5,195,30,293,-5" /><INIT seed="5,0,0,3,0,18" ten="282,205,225,288" oya="1" hai0="55,91,13,34,66,10,114,84,94,59,83,65,56" hai1="88,24,8,103,78,71,22,124,47,117,96,127,16" hai2="119,130,64,3,134,100,46,32,27,49,12,54,51" hai3="102,90,42,129,36,118,48,101,112,58,72,135,15"/><U20/><E117/><V0/><F119/><W57/><G118/><T62/><D34/><U45/><E71/><V1/><F64/><W79/><G36/><T68/><D114/><U7/><E78/><V11/><F100/><W31/><G72/><T14/><D68/><U82/><E22/><V116/><F116/><W73/><G73/><T41/><D41/><U105/><E82/><V89/><F130/><W28/><G135/><T74/><D74/><U60/><E60/><V85/><F134/><W25/><G15/><T133/><D133/><U107/><E107/><V115/><F51/><W38/><G38/><T75/><D75/><U39/><E88/><V93/><F115/><W109/><G42/><T29/><D29/><U125/><REACH who="1" step="1"/><E39/><REACH who="1" ten="282,195,225,288" step="2"/><V52/><F32/><W108/><G90/><T123/><D83/><U63/><E63/><V70/><F70/><W37/><G79/><T44/><D66/><U4/><E4/><V77/><F77/><W61/><G37/><T67/><D65/><U53/><E53/><V19/><REACH who="2" step="1"/><F27/><REACH who="2" ten="282,195,215,288" step="2"/><W92/><G25/><T126/><D67/><U121/><E121/><V81/><F81/><W9/><G61/><T87/><D123/><U5/><E5/><V128/><F128/><W111/><G129/><T2/><D62/><U98/><E98/><V21/><F21/><W6/><G6/><T132/><D132/><U43/><E43/><AGARI ba="0,2" hai="0,1,3,11,12,19,43,46,49,52,54,85,89,93" machi="43" ten="40,2600,0" yaku="1,1,54,1,53,0" doraHai="18" doraHaiUra="26" who="2" fromWho="1" sc="282,0,195,-26,215,46,288,0" /><INIT seed="6,0,0,1,4,12" ten="282,169,261,288" oya="2" hai0="1,67,94,61,101,20,87,21,47,39,80,102,0" hai1="50,76,62,30,46,89,37,81,41,24,125,95,56" hai2="77,96,108,84,119,130,93,23,100,110,98,63,33" hai3="123,29,31,42,27,65,57,113,79,133,53,135,106"/><V3/><F33/><W129/><G123/><T26/><D20/><U14/><E125/><V66/><F3/><W132/><G106/><T69/><D0/><U34/><E37/><V99/><F119/><W59/><G42/><T121/><D1/><U35/><E35/><V52/><F130/><W10/><G129/><T116/><D116/><U112/><E112/><V71/><F23/><W15/><G79/><T8/><D8/><U92/><E89/><V16/><F52/><W124/><G124/><T25/><D25/><U17/><E56/><V90/><F77/><W128/><G128/><T43/><D94/><U104/><E62/><V5/><F5/><W114/><G65/><T6/><D6/><U40/><E104/><V2/><F2/><W64/><G64/><T7/><D7/><U83/><E41/><V103/><REACH who="2" step="1"/><F16/><REACH who="2" ten="282,169,251,288" step="2"/><N who="3" m="8311" /><G53/><T111/><D121/><U54/><E54/><V60/><F60/><W127/><G127/><T78/><D111/><AGARI ba="0,1" hai="63,66,71,84,90,93,96,98,99,100,103,108,110,111" machi="111" ten="40,12000,1" yaku="1,1,10,1,53,3" doraHai="12" doraHaiUra="122" who="2" fromWho="0" sc="282,-120,169,0,251,130,288,0" owari="162,-33.8,169,-23.1,381,48.1,288,8.8" /></mjloggm>