<mjloggm ver="2.3"><GO type="225" lobby="0"/><UN n0="%E7%82%BA%E4%BA%86%E6%89%93%E6%95%97%E7%94%B7%E5%8F%8B%E7%9A%84" n1="%E3%83%97%E3%83%92" n2="%E3%81%A8%E3%82%93%E3%81%A8%E3%81%93%E3%81%A8%E3%82%93" n3="%E3%83%94%E3%83%B3%E3%82%B5%E3%83%AD%E5%BA%97%E5%93%A1" dan="16,17,16,16" rate="2067.15,2199.89,2110.85,2150.32" sx="F,M,F,M"/><TAIKYOKU oya="0"/><INIT seed="0,0,0,0,2,4" ten="250,250,250,250" oya="0" hai0="60,108,111,98,90,75,120,91,130,134,73,122,42" hai1="36,68,109,44,86,83,51,31,59,37,14,102,30" hai2="70,127,85,79,114,56,80,46,129,124,67,49,2" hai3="94,72,28,133,78,12,125,131,9,55,113,84,54"/><T41/><D60/><U62/><E109/><N who="0" m="42057" /><D130/><U52/><E102/><V34/><F114/><W100/><G113/><T18/><D18/><U110/><E110/><V69/><F34/><W115/><G115/><T13/><D13/><U76/><E68/><V15/><F2/><W53/><G133/><T50/><D134/><U97/><E97/><V123/><F123/><N who="0" m="47146" /><D50/><U7/><E36/><V11/><F129/><W107/><G131/><T88/><D98/><U92/><E92/><V57/><F57/><W89/><G28/><T118/><D118/><U65/><E37/><V8/><F56/><W24/><G24/><T23/><D23/><U26/><E26/><V95/><F8/><AGARI ba="0,0" hai="7,8,14,30,31,44,51,52,59,62,65,76,83,86" machi="8" ten="40,5200,0" yaku="8,1,52,1,54,1" doraHai="4" who="1" fromWho="2" sc="250,0,250,52,250,-52,250,0" /><INIT seed="1,0,0,2,0,10" ten="250,302,198,250" oya="1" hai0="76,75,73,124,49,98,123,28,85,39,117,68,113" hai1="96,104,119,84,79,78,44,90,46,62,89,38,5" hai2="35,41,100,82,101,22,77,81,42,8,92,97,32" hai3="12,134,128,95,25,66,69,94,24,116,114,118,19"/><U71/><E119/><N who="3" m="45610" /><G114/><T18/><D39/><U26/><E5/><V57/><F8/><W129/><G134/><T14/><D68/><U91/><E26/><N who="3" m="10346" /><G66/><T103/><D28/><U72/><E72/><V70/><F70/><W132/><G69/><T59/><D123/><U107/><E38/><V15/><F57/><W133/><G95/><T135/><D124/><U55/><E84/><V27/><F27/><W65/><G65/><T51/><D85/><U13/><E96/><V125/><F125/><W127/><G94/><T64/><D113/><U33/><E104/><V0/><F0/><W16/><G127/><T1/><D1/><U102/><E71/><V50/><F92/><W83/><G83/><T43/><D64/><U105/><E107/><V4/><F81/><W40/><G40/><T111/><D43/><U86/><E105/><V34/><F82/><W45/><G45/><T9/><D135/><N who="3" m="51785" /><G19/><T58/><D117/><U56/><E102/><V36/><F101/><W2/><G2/><T3/><D3/><U74/><E74/><V53/><F41/><W112/><G112/><T29/><D73/><U23/><E86/><V108/><F42/><W47/><G47/><T6/><D75/><U52/><E46/><V61/><F100/><W110/><G110/><T21/><D111/><U80/><E80/><V131/><F108/><W109/><G109/><T115/><D115/><U31/><E44/><V60/><F36/><W121/><G121/><T88/><D103/><U63/><E55/><V130/><F53/><W93/><G93/><N who="0" m="56615" /><D29/><U20/><E31/><V11/><F77/><RYUUKYOKU ba="0,0" sc="250,-10,302,-10,198,-10,250,30" hai3="12,16,128,129" /><INIT seed="2,1,0,2,3,53" ten="240,292,188,280" oya="2" hai0="130,54,50,24,111,25,120,94,18,131,123,57,87" hai1="44,40,119,58,115,112,80,70,67,77,43,91,96" hai2="117,14,7,127,72,13,103,133,16,4,37,41,52" hai3="17,63,79,26,124,23,75,1,83,11,109,122,89"/><V92/><F117/><W35/><G122/><N who="0" m="46635" /><D18/><U110/><E119/><V97/><F72/><W100/><G109/><T84/><D111/><U121/><E110/><V95/><F133/><W59/><G124/><T107/><D107/><U48/><E121/><V98/><F127/><W68/><G68/><T88/><D84/><U29/><E70/><V12/><F37/><W28/><G100/><T101/><D101/><U21/><E40/><V51/><F41/><W3/><G89/><T99/><D99/><U118/><E118/><V45/><REACH who="2" step="1"/><F16/><REACH who="2" ten="240,292,178,280" step="2"/><W20/><G11/><T31/><D31/><U106/><E29/><V65/><F65/><W8/><G8/><T132/><D132/><U32/><E43/><V129/><F129/><AGARI ba="1,1" hai="24,25,50,54,57,87,88,94,129,130,131" m="46635" machi="129" ten="30,3900,0" yaku="19,1,52,1,54,1" doraHai="53" who="0" fromWho="2" sc="240,52,292,0,178,-42,280,0" /><INIT seed="3,0,0,4,3,25" ten="292,292,136,280" oya="3" hai0="51,30,130,120,113,43,92,88,4,74,58,110,3" hai1="124,98,90,52,24,6,77,64,31,125,111,45,20" hai2="42,67,134,54,103,101,16,39,123,48,1,104,75" hai3="59,102,40,17,37,44,100,10,119,82,126,53,132"/><W112/><G112/><T128/><D74/><U13/><E111/><V65/><F1/><W61/><G119/><T18/><D120/><U129/><E64/><V21/><F75/><W8/><G132/><T71/><D71/><U46/><E77/><V38/><F134/><W81/><G126/><N who="1" m="48746" /><E129/><N who="0" m="49769" /><D110/><U105/><E52/><V55/><F123/><W99/><G102/><T116/><D30/><U72/><E72/><V115/><F115/><W62/><G62/><T35/><D35/><U127/><E127/><V2/><F2/><W28/><G28/><T15/><D116/><U12/><E90/><V32/><F32/><W106/><REACH who="3" step="1"/><G17/><REACH who="3" ten="292,292,136,270" step="2"/><T85/><D18/><U33/><E6/><V86/><F16/><W97/><G97/><T57/><D113/><U36/><E33/><V56/><F103/><W27/><G27/><T95/><D4/><U0/><E0/><V94/><F101/><W107/><G107/><T34/><D3/><U83/><E98/><V84/><F104/><W22/><G22/><T63/><D34/><U7/><E105/><V41/><F21/><W80/><AGARI ba="0,1" hai="8,10,37,40,44,53,59,61,80,81,82,99,100,106" machi="80" ten="30,3000,0" yaku="1,1,0,1,53,0" doraHai="25" doraHaiUra="117" who="3" fromWho="3" sc="292,-10,292,-10,136,-10,270,40" owari="282,8.2,282,-11.8,126,-37.4,310,41.0" /></mjloggm>