<mjloggm ver="2.3"><GO type="225" lobby="0"/><UN n0="%E7%99%BD%E6%97%A5%E9%9B%AA%E8%8F%9C" n1="%E5%B0%8F%37%34" n2="%E9%B3%B3%E6%9D%B1%E3%81%AE%E3%81%BF%E3%81%91%E3%81%AB%E3%82%83%E3%82%93" n3="%E5%8F%AF%E5%85%90%E9%82%A3%E7%94%B1%E5%A4%9A" dan="16,16,16,17" rate="2146.56,2157.78,2037.94,2145.90" sx="M,M,F,F"/><TAIKYOKU oya="0"/><INIT seed="0,0,0,1,0,62" ten="250,250,250,250" oya="0" hai0="10,53,125,65,38,88,92,100,91,33,21,59,55" hai1="97,35,94,28,79,63,123,4,86,70,67,131,68" hai2="60,9,1,24,45,90,83,13,124,101,135,48,49" hai3="43,40,95,132,7,26,130,81,57,51,50,109,102"/><T22/><D33/><U3/><E123/><V134/><F1/><W44/><G109/><T15/><D38/><U118/><E118/><V84/><F124/><W106/><G130/><T61/><D125/><U2/><E131/><V58/><F101/><W107/><G132/><N who="2" m="50729" /><F24/><W111/><G111/><T126/><D126/><U75/><E75/><V103/><F103/><W82/><G7/><N who="0" m="3551" /><D100/><U93/><E4/><N who="2" m="3239" /><F45/><W25/><G102/><T115/><D115/><U89/><E70/><V6/><F6/><W23/><G44/><T99/><D91/><U77/><E2/><V66/><AGARI ba="0,0" hai="48,49,58,60,66,83,84,90" m="3239,50729" machi="66" ten="30,2000,0" yaku="20,1,52,1" doraHai="62" who="2" fromWho="2" sc="250,-10,250,-5,250,20,250,-5" /><INIT seed="1,0,0,3,2,42" ten="240,245,270,245" oya="1" hai0="114,124,5,120,11,20,33,4,85,116,117,112,79" hai1="82,25,21,92,46,18,55,56,72,113,44,110,69" hai2="2,119,129,65,45,31,32,83,97,53,75,9,95" hai3="122,27,81,12,121,34,28,80,37,99,107,90,98"/><U84/><E113/><N who="0" m="43625" /><D85/><U1/><E69/><V71/><F119/><N who="0" m="45642" /><D79/><U73/><E110/><V41/><F65/><W123/><G37/><T54/><D54/><U88/><E1/><V36/><F71/><W59/><G59/><T70/><D70/><U29/><E72/><V128/><F31/><W22/><G107/><T68/><D68/><U30/><E73/><V133/><F32/><W101/><G101/><T64/><D64/><U102/><E29/><V106/><F53/><W52/><G52/><T50/><D50/><N who="1" m="30839" /><E30/><V131/><F106/><W89/><G89/><T63/><D63/><U7/><E7/><N who="2" m="1271" /><F133/><W126/><G90/><T134/><D33/><U109/><E109/><V93/><F97/><AGARI ba="0,0" hai="18,21,25,44,46,82,84,88,92,97,102" m="30839" machi="97" ten="30,11600,0" yaku="8,1,52,2,54,1" doraHai="42" who="1" fromWho="2" sc="240,0,245,116,270,-116,245,0" /><INIT seed="1,1,0,4,1,131" ten="240,361,154,245" oya="1" hai0="98,74,63,115,111,0,2,72,64,20,83,30,16" hai1="12,24,27,75,49,3,76,57,1,8,94,15,47" hai2="23,113,68,77,28,38,100,109,19,25,97,51,44" hai3="132,103,26,37,135,39,60,62,32,42,33,40,31"/><U120/><E120/><V50/><F68/><W104/><G103/><T14/><D115/><U108/><E108/><V114/><F109/><W105/><G26/><T7/><D111/><U67/><E75/><V82/><F38/><W117/><REACH who="3" step="1"/><G31/><REACH who="3" ten="240,361,154,235" step="2"/><T18/><D30/><U79/><E24/><V61/><F28/><W118/><AGARI ba="1,1" hai="32,33,37,39,40,42,60,62,104,105,117,118,132,135" machi="118" ten="25,12000,2" yaku="1,1,2,1,0,1,22,2,52,2,53,0" doraHai="131" doraHaiUra="127" who="3" fromWho="3" sc="240,-31,361,-61,154,-31,235,133" /><INIT seed="2,0,0,4,5,54" ten="209,300,123,368" oya="2" hai0="74,16,78,22,4,98,112,92,103,60,14,135,93" hai1="5,126,48,127,87,125,21,120,23,102,58,32,50" hai2="113,51,17,91,13,66,89,101,0,38,65,131,35" hai3="28,8,31,34,53,79,104,6,47,69,20,80,117"/><V55/><F113/><W95/><G117/><T124/><D112/><U106/><E120/><V68/><F38/><W42/><G104/><T73/><D124/><U7/><E32/><V33/><F0/><W88/><G69/><T39/><D39/><U71/><E71/><V76/><F131/><W107/><G107/><T72/><D135/><U114/><E114/><V43/><F43/><W18/><G34/><T56/><D4/><N who="1" m="1611" /><E106/><V84/><F35/><W46/><G53/><T57/><D92/><U100/><E87/><V134/><F33/><W27/><G80/><T62/><REACH who="0" step="1"/><D78/><REACH who="0" ten="199,300,123,368" step="2"/><U15/><E126/><V111/><F134/><W64/><G79/><T128/><D128/><U61/><E127/><V29/><F111/><W36/><G95/><T52/><D52/><U12/><E125/><V37/><F37/><W110/><G6/><T123/><D123/><U1/><E102/><V105/><F101/><W59/><G36/><T26/><D26/><U40/><E100/><V129/><F129/><W90/><G27/><T77/><D77/><U116/><E116/><V3/><F105/><W81/><G110/><T122/><D122/><U130/><E130/><V75/><F3/><W118/><G118/><T44/><D44/><U70/><E40/><V83/><F29/><W67/><G28/><T63/><AGARI ba="0,1" hai="14,16,22,56,57,60,62,63,72,73,74,93,98,103" machi="63" ten="40,8000,1" yaku="1,1,0,1,52,2,54,1,53,0" doraHai="54" doraHaiUra="133" who="0" fromWho="0" sc="199,90,300,-20,123,-40,368,-20" /><INIT seed="3,0,0,5,0,64" ten="289,280,83,348" oya="3" hai0="91,66,31,38,13,127,85,130,12,0,96,124,134" hai1="22,10,14,129,128,92,43,78,18,3,118,7,79" hai2="108,55,40,70,107,8,95,110,88,9,111,20,109" hai3="131,68,98,103,4,50,120,1,75,30,25,116,52"/><W36/><G116/><T23/><D38/><U102/><E118/><V54/><N who="2" m="27648" /><DORA hai="42" /><V117/><F117/><W61/><G120/><T72/><D0/><U39/><E39/><V24/><F107/><W84/><G75/><T106/><D72/><U80/><E43/><V76/><F76/><W15/><G36/><T113/><D130/><N who="1" m="50283" /><E80/><V71/><F40/><W67/><G1/><T132/><D113/><U112/><E112/><V104/><F104/><W6/><G15/><T41/><D66/><U35/><E35/><V93/><F93/><W16/><G16/><N who="0" m="10631" /><D31/><U2/><E2/><V126/><F126/><N who="0" m="48170" /><D13/><U90/><E102/><V5/><F55/><W29/><G29/><T59/><D41/><U73/><E73/><V27/><F54/><W101/><G101/><N who="0" m="62759" /><D59/><U60/><E60/><V28/><F27/><W46/><G131/><T121/><D121/><U119/><E119/><V133/><F133/><W135/><G135/><T69/><D69/><N who="2" m="26122" /><F5/><W44/><G4/><T49/><D134/><U87/><AGARI ba="0,0" hai="3,7,10,14,18,22,78,79,87,90,92" m="50283" machi="87" ten="30,1100,0" yaku="19,1" doraHai="64,42" who="1" fromWho="1" sc="289,-3,280,11,83,-3,348,-5" owari="286,-11.4,291,9.1,80,-42.0,343,44.3" /></mjloggm>