<mjloggm ver="2.3"><GO type="225" lobby="0"/><UN n0="%72%65%6E%6B%75%6E" n1="%E5%A4%96%E5%B7%9D%E7%AB%9C%E6%88%90" n2="%E3%81%B5%E3%81%98%E3%81%8B%E3%81%A4" n3="%E3%83%A9%E3%83%BC%E3%83%A1%E3%83%B3%E4%BA%94%E9%83%8E" dan="17,16,16,16" rate="2223.85,2111.86,2189.95,2069.89" sx="M,M,M,M"/><TAIKYOKU oya="0"/><INIT seed="0,0,0,4,0,3" ten="250,250,250,250" oya="0" hai0="48,56,112,49,58,52,130,128,124,28,13,57,132" hai1="60,109,75,77,127,120,29,121,88,69,118,38,111" hai2="85,46,110,93,22,90,51,87,64,44,17,89,34" hai3="14,61,100,45,12,125,123,84,54,65,71,18,8"/><T40/><D28/><U37/><E29/><V15/><F110/><N who="1" m="41993" /><E77/><V26/><F64/><W113/><G113/><T41/><D112/><U55/><E75/><V66/><F66/><W63/><G125/><T53/><D13/><U97/><E127/><V79/><F79/><W80/><G123/><T96/><D96/><U78/><E78/><V25/><F34/><W73/><G73/><T92/><D92/><N who="1" m="56455" /><E118/><V27/><REACH who="2" step="1"/><F51/><REACH who="2" ten="250,250,240,250" step="2"/><N who="0" m="19530" /><D124/><U47/><E120/><V134/><F134/><W43/><G65/><T59/><N who="0" m="14336" /><DORA hai="7" /><T98/><D132/><U131/><E121/><V1/><F1/><W9/><G71/><T81/><D81/><AGARI ba="0,1" hai="15,17,22,25,26,27,44,46,81,85,87,89,90,93" machi="81" ten="40,8000,1" yaku="1,1,8,1,53,3" doraHai="3,7" doraHaiUra="86,76" who="2" fromWho="0" sc="250,-80,250,0,240,90,250,0" /><INIT seed="1,0,0,4,2,10" ten="170,250,330,250" oya="1" hai0="104,5,61,19,29,97,125,122,117,98,76,0,106" hai1="118,102,28,20,92,93,90,111,41,31,81,82,46" hai2="65,132,134,115,55,112,68,86,37,4,109,49,110" hai3="63,96,16,64,105,22,59,62,87,53,7,32,18"/><U15/><E118/><V39/><F4/><W23/><G32/><T57/><D117/><U2/><E2/><V47/><F68/><W14/><G7/><T60/><D125/><U101/><E111/><N who="2" m="42507" /><F65/><W89/><G96/><T135/><D29/><U40/><E20/><V35/><F35/><W24/><G105/><T85/><D5/><U114/><E46/><V78/><F78/><W113/><G113/><N who="2" m="43593" /><F86/><W67/><REACH who="3" step="1"/><G62/><REACH who="3" ten="170,250,330,240" step="2"/><T129/><D60/><U77/><E114/><V30/><F30/><W119/><G119/><T6/><D61/><U3/><E3/><V50/><F50/><W88/><G88/><T34/><D6/><U66/><E90/><V51/><F51/><W52/><G52/><T56/><D34/><U130/><E77/><V99/><F99/><W79/><G79/><T126/><D76/><U108/><E108/><V26/><F26/><W12/><G12/><T73/><D0/><U103/><E103/><V9/><F9/><W8/><G8/><T128/><D126/><U83/><E15/><V131/><F131/><W58/><G58/><T45/><D45/><U100/><E130/><V80/><F80/><AGARI ba="0,1" hai="14,16,18,22,23,24,53,59,63,64,67,80,87,89" machi="80" ten="30,12000,2" yaku="1,1,7,1,8,1,52,1,54,1,53,2" doraHai="10" doraHaiUra="17" who="3" fromWho="2" sc="170,0,250,0,330,-120,240,130" /><INIT seed="2,0,0,0,0,9" ten="170,250,210,370" oya="2" hai0="84,61,56,68,28,75,21,15,111,42,118,90,25" hai1="49,106,125,123,115,27,64,120,46,135,16,96,50" hai2="39,85,65,78,108,93,122,22,73,69,128,102,5" hai3="76,58,48,77,35,130,41,32,95,62,52,126,24"/><V70/><F122/><N who="1" m="46633" /><E115/><V23/><F39/><W134/><G134/><T83/><D111/><U13/><E135/><V12/><F108/><W47/><G130/><T17/><D118/><U20/><E125/><V59/><F128/><W43/><G126/><T87/><D68/><U113/><E113/><V94/><F73/><W88/><G35/><T92/><D75/><U117/><E117/><V124/><F124/><W54/><G32/><T40/><D84/><U127/><E127/><V121/><F121/><W10/><G24/><T33/><REACH who="0" step="1"/><D83/><REACH who="0" ten="160,250,210,370" step="2"/><U67/><E96/><N who="2" m="59663" /><F70/><W133/><G133/><T131/><D131/><U38/><E106/><V129/><F69/><W14/><G76/><T97/><D97/><U82/><E82/><N who="2" m="47319" /><F129/><W107/><G77/><T79/><D79/><U31/><E38/><V7/><F94/><W55/><G107/><T30/><D30/><N who="1" m="17767" /><E49/><V109/><F109/><W80/><G80/><T98/><D98/><U45/><E31/><V104/><F104/><W51/><G95/><T86/><D86/><U8/><E46/><V2/><F2/><W53/><G47/><T101/><D101/><U112/><E112/><V103/><F103/><W91/><G91/><T89/><D89/><U29/><E29/><V44/><F44/><W57/><G88/><T37/><D37/><U114/><E114/><V19/><F23/><W26/><G57/><T81/><D81/><U72/><E72/><V0/><F0/><W66/><G58/><T36/><D36/><U74/><E74/><V99/><F99/><W4/><G48/><T3/><D3/><U71/><E71/><RYUUKYOKU ba="0,1" sc="160,10,250,10,210,10,370,-30" hai0="15,17,21,25,28,33,40,42,56,61,87,90,92" hai1="8,13,16,45,50,64,67" hai2="5,7,12,19,22,59,65" /><INIT seed="2,1,1,2,2,26" ten="170,260,220,340" oya="2" hai0="86,46,115,133,34,3,0,54,124,97,102,75,43" hai1="7,76,56,21,53,94,87,111,55,130,74,106,113" hai2="95,42,47,19,77,11,98,78,15,96,92,85,61" hai3="88,12,105,62,68,120,1,122,110,50,57,134,28"/><V79/><F61/><W13/><G1/><T131/><D86/><U64/><E106/><V5/><F5/><W118/><G118/><T25/><D54/><U35/><E35/><V128/><F128/><W10/><G105/><N who="0" m="63695" /><D131/><U71/><E71/><V67/><F67/><W90/><G110/><T82/><D115/><U91/><E130/><V119/><F119/><W52/><G134/><T48/><D48/><U70/><E70/><V27/><F27/><W112/><G112/><T6/><D133/><U114/><E111/><V31/><F31/><W66/><G13/><T59/><D59/><U125/><E125/><V72/><F72/><W93/><G28/><N who="0" m="19727" /><D124/><U49/><E21/><V63/><F63/><W23/><G23/><T123/><D6/><U37/><E7/><V18/><F18/><W41/><G41/><T58/><D58/><U83/><E55/><V38/><REACH who="2" step="1"/><F85/><REACH who="2" ten="170,260,210,340" step="2"/><N who="3" m="52367" /><G122/><T73/><D73/><U127/><E127/><V84/><F84/><W44/><G120/><T2/><D123/><U132/><E132/><V100/><F100/><W16/><G68/><T20/><D2/><U40/><E64/><V129/><F129/><W135/><G135/><T107/><D3/><U36/><E114/><V69/><F69/><W39/><G66/><T32/><D0/><U80/><E113/><V51/><F51/><W14/><G39/><T30/><D30/><U9/><E36/><V8/><F8/><N who="3" m="6151" /><G62/><T109/><D75/><U101/><E9/><V81/><F81/><W104/><G50/><T108/><D108/><U33/><E37/><V103/><F103/><W29/><G29/><RYUUKYOKU ba="1,2" sc="170,-10,260,-10,210,30,340,-10" hai2="11,15,19,38,42,47,77,78,79,92,95,96,98" /><INIT seed="2,2,2,4,1,88" ten="160,250,240,330" oya="2" hai0="46,2,27,130,41,42,93,62,30,77,18,20,134" hai1="73,33,52,104,83,78,54,101,91,10,123,45,133" hai2="65,74,110,86,39,103,58,40,21,97,132,51,53" hai3="50,55,120,131,92,22,57,13,121,29,64,115,79"/><V49/><F74/><W98/><G131/><T25/><D2/><U117/><E33/><V38/><F132/><W116/><G116/><T82/><D130/><U105/><E117/><V14/><F110/><W99/><G115/><T84/><D134/><U69/><E69/><V75/><F75/><W112/><G112/><T16/><D62/><U72/><E133/><V9/><F65/><W100/><G79/><T6/><D6/><U12/><E72/><V106/><F21/><W113/><G113/><T128/><D128/><U96/><E105/><V48/><F86/><W102/><G64/><T7/><D7/><U122/><E91/><V26/><F26/><W47/><G47/><T126/><D126/><U37/><E37/><V4/><REACH who="2" step="1"/><F40/><REACH who="2" ten="160,250,230,330" step="2"/><W32/><G32/><T31/><D42/><U119/><E119/><V8/><F8/><W67/><G67/><T34/><REACH who="0" step="1"/><D93/><REACH who="0" ten="150,250,230,330" step="2"/><U80/><E104/><V81/><F81/><W111/><G111/><T60/><D60/><AGARI ba="2,4" hai="4,9,14,38,39,48,49,51,53,58,60,97,103,106" machi="60" ten="40,2000,0" yaku="1,1,53,0" doraHai="88" doraHaiUra="35" who="2" fromWho="0" sc="150,-26,250,0,230,66,330,0" /><INIT seed="2,3,0,2,5,58" ten="124,250,296,330" oya="2" hai0="96,107,37,121,76,30,32,59,48,112,79,116,57" hai1="18,88,62,6,131,34,7,41,68,115,104,33,103" hai2="12,102,85,25,75,29,66,42,94,40,130,87,117" hai3="14,45,70,97,110,26,111,135,46,16,125,93,35"/><V31/><F130/><W101/><G125/><T105/><D37/><U127/><E115/><V99/><F117/><W49/><G135/><T1/><D1/><U13/><E41/><V84/><F75/><W38/><G70/><T54/><D112/><U77/><E77/><V56/><F12/><W132/><G132/><T53/><D116/><U39/><E39/><V36/><F36/><W118/><G38/><T3/><D3/><U81/><E131/><V8/><F8/><N who="3" m="6215" /><G49/><T21/><D32/><U82/><E6/><V86/><N who="2" m="21504" /><DORA hai="129" /><V50/><F31/><N who="3" m="19959" /><G118/><T19/><D30/><U124/><E7/><V128/><F128/><W47/><G47/><T0/><D0/><U65/><E88/><V27/><F27/><W100/><G100/><T24/><D121/><U114/><E114/><V67/><F67/><W22/><G22/><T51/><REACH who="0" step="1"/><D96/><REACH who="0" ten="114,250,296,330" step="2"/><N who="1" m="61543" /><E34/><V83/><F29/><W120/><G120/><T4/><D4/><U123/><E33/><V119/><F99/><W17/><G97/><T133/><D133/><U63/><E123/><V73/><F119/><W2/><G2/><T122/><D122/><U5/><E5/><V9/><F83/><W55/><G17/><T78/><AGARI ba="3,1" hai="19,21,24,48,51,53,54,57,59,76,78,79,105,107" machi="78" ten="30,4000,0" yaku="1,1,0,1,9,1,53,0" doraHai="58,129" doraHaiUra="28,60" who="0" fromWho="0" sc="114,59,250,-13,296,-23,330,-13" /><INIT seed="3,0,0,4,5,19" ten="173,237,273,317" oya="3" hai0="10,70,38,107,30,97,77,92,131,4,127,54,55" hai1="82,25,0,2,93,89,6,128,16,15,3,23,14" hai2="85,119,44,122,118,67,20,9,22,99,12,8,124" hai3="133,46,11,68,114,96,79,75,7,105,130,90,125"/><W81/><G114/><T52/><D127/><U48/><E82/><V116/><F67/><W60/><G125/><T123/><D123/><U110/><E110/><V51/><F124/><W94/><G130/><T72/><D131/><U103/><E103/><V13/><F122/><W27/><G133/><T5/><D70/><U95/><E128/><V71/><F71/><W126/><G126/><T41/><D107/><U100/><E100/><V26/><F99/><W53/><G27/><T18/><D30/><U56/><E6/><V45/><F85/><W36/><G36/><T50/><D38/><U32/><E32/><V47/><F51/><W59/><G68/><T62/><D62/><U42/><E95/><V108/><F108/><W29/><G29/><T35/><D35/><U65/><E42/><V86/><F86/><W106/><G46/><T66/><D66/><U21/><E21/><N who="2" m="8299" /><F26/><W109/><G109/><T98/><D98/><U34/><E34/><V31/><F31/><W74/><G75/><T132/><D132/><U57/><E48/><V76/><F76/><W24/><G24/><T80/><D50/><U49/><E49/><V102/><F102/><W83/><G83/><T40/><D18/><U87/><E65/><V120/><F120/><W64/><G64/><T33/><D33/><U1/><N who="1" m="0" /><DORA hai="63" /><U91/><REACH who="1" step="1"/><E91/><REACH who="1" ten="173,227,273,317" step="2"/><V111/><F111/><W88/><G90/><T84/><D72/><U134/><E134/><V39/><F39/><W117/><G74/><T69/><D69/><U115/><E115/><V129/><F129/><W121/><G88/><N who="0" m="55431" /><D4/><U28/><E28/><RYUUKYOKU ba="0,1" sc="173,10,227,10,273,10,317,-30" hai0="5,10,40,41,52,54,55,77,80,84" hai1="14,15,16,23,25,56,57,87,89,93" hai2="8,9,12,13,44,45,47,116,118,119" /><INIT seed="4,1,1,4,4,81" ten="183,237,283,287" oya="0" hai0="96,19,127,30,94,17,64,132,113,10,93,125,84" hai1="98,79,20,134,50,70,72,60,99,63,24,130,73" hai2="55,67,105,21,122,54,0,133,43,74,62,13,38" hai3="52,111,114,56,112,4,128,68,109,77,51,15,103"/><T2/><D113/><N who="3" m="43625" /><G128/><T6/><D132/><U18/><E130/><V46/><F133/><W117/><G117/><T28/><D64/><U26/><E134/><V14/><F122/><W23/><G68/><T33/><D93/><U8/><E8/><V32/><F0/><W85/><G103/><T45/><D45/><U83/><E73/><V88/><F32/><W102/><G102/><T87/><D19/><U7/><E7/><V107/><F74/><W39/><G39/><T104/><D104/><U120/><E120/><V69/><F13/><W44/><G44/><T86/><D17/><U124/><E124/><N who="0" m="47689" /><D33/><U89/><E26/><V48/><F107/><W16/><G4/><T123/><D123/><U75/><E75/><V129/><F129/><W61/><G61/><T25/><D25/><U40/><E60/><V126/><F105/><W92/><G92/><T31/><D31/><U91/><E63/><V35/><F35/><W27/><G27/><T36/><D36/><U80/><E80/><AGARI ba="1,1" hai="15,16,23,51,52,56,77,80,85,109,111" m="43625" machi="80" ten="30,7700,0" yaku="15,1,52,1,54,2" doraHai="81" who="3" fromWho="1" sc="183,0,237,-80,283,0,287,90" owari="183,-21.7,157,-34.3,283,8.3,377,47.7" /></mjloggm>