<mjloggm ver="2.3"><GO type="225" lobby="0"/><UN n0="%E6%98%93%E5%88%A9%E8%96%A9%E4%BC%AF" n1="%E5%8D%A0%E3%81%84%E5%B8%AB%E8%A3%8F%E3%81%AA%E3%81%84%E3%81%97" n2="%77%72%77%72%77%72%77%72" n3="%E3%82%8C%E3%81%99%E3%81%93" dan="16,17,17,16" rate="2091.89,2143.38,2245.66,2114.41" sx="F,M,M,F"/><TAIKYOKU oya="0"/><INIT seed="0,0,0,5,1,127" ten="250,250,250,250" oya="0" hai0="64,72,77,65,115,30,17,114,4,33,69,42,52" hai1="83,68,73,123,60,76,57,59,103,99,84,128,67" hai2="102,111,120,132,21,135,41,71,119,27,43,48,47" hai3="51,3,106,61,116,39,10,26,14,54,100,92,81"/><T35/><D42/><U66/><E123/><V18/><F120/><W131/><G39/><T91/><D4/><U117/><E117/><V37/><F119/><W96/><G116/><T104/><D104/><U94/><E128/><V32/><F71/><W121/><G121/><T89/><D77/><U109/><E109/><V45/><F111/><W16/><G3/><T85/><D72/><U1/><E1/><V95/><F32/><W24/><G131/><T93/><D17/><U9/><E9/><V44/><F44/><W108/><G108/><T86/><D69/><U49/><E67/><V87/><F102/><W40/><G106/><T62/><D62/><U13/><E13/><V50/><REACH who="2" step="1"/><F37/><REACH who="2" ten="250,250,240,250" step="2"/><W97/><G100/><T118/><D118/><U78/><E73/><V75/><F75/><W101/><G40/><T22/><D35/><U11/><E68/><V58/><F58/><W82/><G97/><T55/><D33/><U105/><E105/><V15/><F15/><W126/><G126/><T122/><D122/><U46/><E59/><V124/><F124/><W74/><G74/><T56/><D56/><U53/><REACH who="1" step="1"/><E11/><REACH who="1" ten="250,240,240,250" step="2"/><V6/><F6/><W12/><G10/><T20/><D20/><U31/><E31/><V38/><F38/><W63/><G12/><T98/><D22/><U5/><E5/><V79/><F79/><AGARI ba="0,2" hai="46,49,53,57,60,66,76,78,79,83,84,94,99,103" machi="79" ten="30,7700,0" yaku="1,1,7,1,8,1,53,1" doraHai="127" doraHaiUra="80" who="1" fromWho="2" sc="250,0,240,97,240,-77,250,0" /><INIT seed="1,0,0,1,4,3" ten="250,337,163,250" oya="1" hai0="43,74,38,31,63,56,66,32,132,124,36,24,2" hai1="77,1,96,84,109,52,17,53,45,41,121,94,47" hai2="8,9,11,54,70,49,22,103,80,18,7,20,82" hai3="14,12,27,102,131,26,62,50,68,93,67,55,58"/><U23/><E121/><V61/><F70/><W21/><G131/><T6/><D124/><U117/><E117/><V125/><F125/><W118/><G118/><T4/><D74/><U108/><E1/><V95/><F61/><W65/><G65/><T40/><D132/><U88/><E77/><V34/><F34/><W83/><G27/><T64/><D64/><U120/><E120/><V106/><F106/><W126/><G126/><T129/><D129/><U110/><E96/><V51/><F51/><W85/><G93/><T92/><D92/><U90/><E90/><V16/><F95/><W10/><G102/><T57/><D57/><U39/><E45/><V71/><F71/><W114/><G10/><T81/><D81/><U48/><E48/><V128/><F103/><W42/><G42/><T59/><D59/><U25/><AGARI ba="0,0" hai="17,23,25,39,41,47,52,53,84,88,94,108,109,110" machi="25" ten="30,12000,1" yaku="0,1,14,1,10,1,54,2" doraHai="3" who="1" fromWho="1" sc="250,-40,337,120,163,-40,250,-40" /><INIT seed="1,1,0,2,3,97" ten="210,457,123,210" oya="1" hai0="110,104,108,44,48,26,32,76,8,119,42,17,10" hai1="87,52,86,43,59,121,78,34,25,49,13,12,115" hai2="47,62,7,35,124,60,129,109,16,94,107,55,111" hai3="6,45,89,118,70,37,68,122,79,77,63,67,51"/><U130/><E115/><V83/><F107/><W39/><G122/><T128/><D119/><U91/><E121/><V134/><F35/><W82/><G118/><T24/><D128/><U11/><E130/><V127/><F129/><W132/><G132/><T117/><D117/><U114/><E114/><V58/><F7/><W99/><G70/><T29/><D104/><U84/><E78/><V135/><F83/><W21/><G79/><T65/><D65/><U31/><E43/><V2/><F94/><W33/><G33/><T103/><D103/><U41/><E41/><V14/><F16/><W74/><G6/><T73/><D76/><U54/><E54/><V22/><F22/><W1/><G1/><T36/><D36/><U19/><REACH who="1" step="1"/><E13/><REACH who="1" ten="210,447,123,210" step="2"/><V27/><F14/><W88/><G77/><T38/><D73/><U15/><E15/><V53/><F2/><W69/><G74/><T4/><D42/><U9/><E9/><V64/><F27/><W85/><G37/><T40/><D38/><U120/><E120/><V113/><F113/><W71/><G39/><T116/><D116/><U75/><E75/><V106/><F106/><W0/><G0/><T30/><D10/><U105/><E105/><V125/><F47/><W95/><REACH who="3" step="1"/><G21/><REACH who="3" ten="210,447,123,200" step="2"/><T50/><D32/><U5/><E5/><V101/><F127/><W96/><G96/><T123/><D4/><U100/><E100/><V20/><F20/><W112/><G112/><T126/><D123/><U72/><E72/><V56/><REACH who="2" step="1"/><F64/><REACH who="2" ten="210,447,113,200" step="2"/><W131/><G131/><T61/><D8/><U93/><AGARI ba="1,3" hai="11,12,19,25,31,34,49,52,59,84,86,87,91,93" machi="93" ten="20,7800,0" yaku="1,1,0,1,7,1,54,1,53,0" doraHai="97" doraHaiUra="133" who="1" fromWho="1" sc="210,-27,447,111,113,-27,200,-27" /><INIT seed="1,2,0,2,2,77" ten="183,558,86,173" oya="1" hai0="112,96,113,19,106,15,27,58,129,92,75,124,25" hai1="50,11,79,82,130,18,101,103,46,48,66,121,123" hai2="117,76,30,71,105,120,39,1,91,68,107,13,98" hai3="57,119,29,81,52,93,49,42,44,6,70,56,54"/><U33/><E33/><V125/><F117/><W7/><G70/><T23/><D106/><U14/><E130/><V83/><F120/><W17/><G119/><T24/><D75/><U94/><E66/><V87/><F1/><W3/><G29/><T131/><D58/><U128/><E128/><N who="0" m="49225" /><D124/><U84/><E121/><V0/><F0/><W10/><G7/><T104/><D104/><U37/><E123/><V90/><F39/><W111/><G111/><T86/><D86/><U16/><E37/><V36/><F36/><W110/><G110/><T51/><D51/><U2/><E2/><V69/><F30/><W109/><G109/><T40/><D40/><U100/><E48/><V12/><F125/><W60/><G93/><T126/><D126/><U65/><E65/><V61/><F61/><W9/><G17/><T38/><D38/><U47/><E47/><V31/><F31/><W102/><G102/><AGARI ba="2,0" hai="15,19,23,24,25,27,92,96,102,112,113" m="49225" machi="102" ten="30,1000,0" yaku="19,1" doraHai="77" who="0" fromWho="3" sc="183,16,558,0,86,0,173,-16" /><INIT seed="2,0,0,0,5,55" ten="199,558,86,157" oya="2" hai0="59,37,124,2,33,11,6,87,134,5,121,117,53" hai1="102,41,133,17,72,64,9,113,122,66,16,27,79" hai2="131,108,23,129,104,67,115,10,95,8,84,97,40" hai3="92,30,100,57,130,44,39,88,112,81,56,7,93"/><V20/><F115/><W96/><G112/><T106/><D121/><U128/><E133/><V107/><F40/><W110/><G110/><T120/><D37/><U65/><E128/><N who="2" m="49227" /><F84/><N who="3" m="50191" /><G39/><T105/><D33/><U101/><E72/><V71/><F71/><W47/><G130/><T118/><D6/><U54/><E41/><V28/><F108/><W24/><G7/><T21/><D134/><U114/><E65/><V31/><F67/><W70/><G70/><T75/><D75/><U32/><E64/><V13/><F95/><W45/><G93/><T63/><D124/><U127/><E66/><V77/><F77/><W26/><G26/><T73/><D73/><U94/><E79/><V42/><F42/><W35/><G35/><T69/><D69/><U36/><E94/><V12/><F97/><W3/><G3/><T85/><D85/><U135/><E114/><V126/><F126/><W1/><G1/><T76/><D87/><U43/><E113/><V116/><F116/><N who="0" m="44650" /><D76/><U0/><E43/><V99/><F99/><W103/><G103/><T18/><D120/><U4/><E122/><V61/><F61/><W49/><G49/><T125/><D125/><U132/><E127/><V14/><F107/><W119/><G119/><T48/><D63/><U123/><E36/><V34/><F104/><W68/><G68/><T51/><D48/><U78/><E123/><V50/><F50/><W38/><G38/><T19/><D106/><U90/><E78/><V22/><F34/><W111/><G111/><T98/><D105/><U89/><E132/><V82/><F82/><W58/><G45/><RYUUKYOKU ba="0,0" sc="199,-15,558,-15,86,15,157,15" hai2="8,10,12,13,14,20,22,23,28,31" hai3="24,30,44,47,56,57,58,92,96,100" /><INIT seed="2,1,0,5,2,87" ten="184,543,101,172" oya="2" hai0="72,115,13,68,50,93,3,18,40,4,12,41,60" hai1="43,85,54,61,75,51,109,94,31,67,6,125,11" hai2="53,127,9,37,83,97,120,71,89,107,1,22,119" hai3="126,122,88,104,129,24,103,76,132,26,73,77,100"/><V84/><F119/><W133/><G122/><T30/><D72/><U56/><E75/><V62/><F120/><W49/><G129/><T101/><D115/><U130/><E109/><V36/><F127/><W102/><G104/><T8/><D30/><U90/><E125/><V82/><F82/><N who="3" m="45327" /><G77/><T39/><D39/><U66/><E130/><V17/><F9/><W117/><G117/><T70/><D13/><N who="1" m="5367" /><E31/><V135/><F1/><W134/><G126/><T114/><D50/><U108/><E108/><V116/><F116/><W99/><G49/><T35/><D35/><U15/><E15/><V27/><F135/><W128/><G128/><T34/><D34/><U118/><E118/><V20/><F20/><W95/><AGARI ba="1,0" hai="24,26,88,95,99,100,102,103,132,133,134" m="45327" machi="95" ten="40,5200,0" yaku="20,1,52,1,54,1" doraHai="87" who="3" fromWho="3" sc="184,-14,543,-14,101,-27,172,55" /><INIT seed="3,0,0,1,2,84" ten="170,529,74,227" oya="3" hai0="109,92,129,105,51,9,115,121,5,116,0,42,17" hai1="70,72,8,32,58,12,82,123,73,48,28,79,63" hai2="71,47,35,103,25,110,90,87,45,131,4,62,112" hai3="14,91,36,19,49,127,134,64,88,56,94,89,104"/><W68/><G36/><T99/><D116/><U50/><E123/><V6/><F112/><W100/><G104/><T83/><D121/><U132/><E70/><V97/><F110/><W69/><G127/><T133/><D133/><U122/><E122/><V102/><F131/><W117/><G117/><T41/><D105/><U81/><E132/><V120/><F120/><W18/><G134/><T20/><D129/><U23/><E32/><V114/><F114/><W106/><G106/><T15/><D109/><U61/><E28/><V130/><F130/><W44/><G19/><T22/><D22/><U85/><E23/><V119/><F119/><W30/><G30/><T128/><D115/><U78/><E85/><V125/><F125/><W95/><G100/><T7/><D7/><U54/><E50/><V37/><F37/><W1/><G1/><T26/><D0/><U31/><E31/><V57/><F71/><W126/><G68/><T65/><D65/><U11/><E11/><V13/><F35/><W113/><G69/><T34/><D34/><U80/><E82/><V38/><F38/><W24/><G24/><T135/><D83/><U55/><E55/><V2/><F2/><W59/><G126/><T74/><D74/><U3/><E3/><V96/><F25/><W67/><G67/><T77/><D135/><U76/><E76/><V75/><F75/><W108/><G64/><T107/><D77/><U124/><E124/><V53/><F102/><W101/><G101/><N who="0" m="62911" /><D128/><U46/><E58/><V21/><F103/><W40/><G113/><T33/><D33/><U86/><E73/><RYUUKYOKU ba="0,0" sc="170,-10,529,30,74,-10,227,-10" hai1="8,12,46,48,54,61,63,72,78,79,80,81,86" owari="160,-24.0,559,65.9,64,-43.6,217,1.7" /></mjloggm>