<mjloggm ver="2.3"><GO type="225" lobby="0"/><UN n0="%73%6C%69%63%6B%33%31%39" n1="%E3%81%A6%E3%81%A4%EF%BC%A3" n2="%E3%81%B8%E3%82%80%E3%81%B8%E3%82%80%EF%BC%92%E5%8F%B7" n3="%E9%81%85%E5%88%BB%E3%81%AE%E3%83%97%E3%83%AA%E3%83%B3%E3%82%B9%E2%99%AA" dan="16,16,17,16" rate="2168.65,2055.36,2200.98,2145.65" sx="M,M,M,F"/><TAIKYOKU oya="0"/><INIT seed="0,0,0,4,3,31" ten="250,250,250,250" oya="0" hai0="64,66,20,36,23,34,119,18,26,9,2,134,89" hai1="22,59,40,7,105,43,78,69,13,92,117,21,74" hai2="71,12,79,52,111,65,133,107,60,25,125,106,46" hai3="35,80,58,124,63,67,27,86,97,112,126,75,62"/><T49/><D36/><U28/><E69/><V37/><F111/><W122/><G112/><T127/><D119/><U120/><E105/><V101/><F125/><N who="3" m="48235" /><G122/><T47/><D127/><U84/><E74/><V16/><F133/><W24/><G75/><T109/><D134/><U98/><E120/><V93/><F79/><N who="3" m="46367" /><G97/><T3/><D34/><U53/><E78/><V42/><F25/><N who="3" m="9803" /><G63/><T10/><D109/><U88/><E98/><V61/><F93/><W17/><G17/><T95/><D2/><U102/><E102/><V38/><F38/><W123/><G123/><T82/><D82/><U72/><E72/><V45/><F101/><W77/><G77/><T73/><D73/><U50/><E117/><V85/><F85/><W110/><G110/><T54/><D23/><N who="1" m="8715" /><E28/><V4/><F4/><W76/><G76/><T39/><D39/><U104/><E104/><V96/><F96/><W0/><G0/><T118/><D118/><U55/><E55/><V48/><REACH who="2" step="1"/><F61/><REACH who="2" ten="250,250,240,250" step="2"/><W51/><G51/><T41/><D26/><U121/><E121/><V130/><F130/><W6/><G6/><T83/><D83/><U131/><E131/><V128/><F128/><W81/><G81/><T57/><D95/><U56/><E7/><V113/><F113/><W5/><G5/><T33/><D33/><AGARI ba="0,1" hai="33,35,58,62,67" m="9803,46367,48235" machi="33" ten="30,3900,0" yaku="18,1,52,2" doraHai="31" who="3" fromWho="0" sc="250,-39,250,0,240,0,250,49" /><INIT seed="1,0,0,1,2,30" ten="211,250,240,299" oya="1" hai0="20,95,118,76,88,29,48,6,102,5,122,17,16" hai1="3,86,114,119,57,55,91,31,50,113,19,103,69" hai2="74,68,121,65,41,98,124,21,115,62,100,1,38" hai3="11,14,23,109,132,106,130,90,25,43,71,51,22"/><U78/><E3/><V39/><F121/><W131/><G71/><T35/><D118/><U128/><E119/><V85/><F1/><W120/><G120/><T80/><D122/><U87/><E128/><N who="3" m="49194" /><G106/><T111/><D111/><U104/><E69/><V83/><F74/><W107/><G107/><T61/><D102/><U59/><E31/><V108/><F108/><W134/><G109/><T81/><D35/><U117/><E117/><V15/><F41/><W49/><G90/><T33/><D33/><U36/><E36/><V0/><F0/><W37/><G37/><T112/><D112/><U47/><E78/><V63/><F63/><W18/><G23/><T116/><D116/><U13/><E86/><V127/><F115/><W42/><G42/><T101/><D101/><U135/><E135/><N who="3" m="51754" /><G43/><T64/><D48/><U44/><E114/><V45/><F39/><W93/><G93/><T94/><D94/><N who="1" m="54655" /><E104/><V129/><F38/><W105/><G105/><T126/><D95/><U40/><E103/><V28/><F100/><W58/><G58/><T75/><D81/><U27/><E113/><V56/><F56/><W133/><N who="3" m="51762" /><W46/><DORA hai="99" /><G46/><T26/><D88/><U34/><E47/><V123/><F45/><W82/><G82/><T54/><D80/><U97/><E97/><V60/><F98/><W92/><G92/><T96/><D96/><U9/><E40/><V89/><F129/><W67/><G67/><T73/><D64/><U24/><E34/><V52/><F123/><W125/><G125/><T84/><D126/><U72/><E72/><V12/><F124/><RYUUKYOKU ba="0,0" sc="211,-15,250,15,240,-15,299,15" hai1="9,13,19,24,27,44,50,55,57,59" hai3="11,14,18,22,25,49,51" /><INIT seed="1,1,0,1,4,73" ten="196,265,225,314" oya="1" hai0="26,103,31,102,114,53,96,97,15,49,71,80,43" hai1="66,98,81,23,100,104,52,129,0,68,82,131,55" hai2="58,106,113,39,89,127,14,10,84,123,93,17,32" hai3="9,83,37,33,56,46,107,44,75,8,27,67,38"/><U74/><E0/><V121/><F127/><W22/><G33/><T61/><D114/><U1/><E1/><V88/><F113/><W78/><G107/><T21/><D43/><U12/><E68/><V45/><F32/><W3/><G67/><T41/><D41/><U47/><E66/><V87/><F106/><W105/><G105/><T19/><D71/><U120/><E120/><V119/><F119/><W20/><G56/><T90/><D61/><U51/><E55/><V50/><F58/><W36/><G22/><T111/><D111/><U29/><E74/><V2/><F2/><W6/><REACH who="3" step="1"/><G9/><REACH who="3" ten="196,265,225,304" step="2"/><T5/><D21/><U11/><E131/><V13/><F13/><W24/><G24/><T132/><D26/><N who="1" m="16607" /><E104/><V110/><F110/><W128/><G128/><T62/><D15/><U91/><E129/><V101/><F39/><W130/><G130/><T116/><D116/><U65/><E65/><V42/><REACH who="2" step="1"/><F101/><REACH who="2" ten="196,265,215,304" step="2"/><W134/><G134/><T4/><D102/><U7/><E100/><V124/><F124/><W35/><G35/><T92/><D103/><U135/><E135/><V30/><F30/><AGARI ba="1,2" hai="3,6,8,20,27,30,36,37,38,44,46,75,78,83" machi="30" ten="40,2600,0" yaku="1,1,52,1,53,0" doraHai="73" doraHaiUra="112" who="3" fromWho="2" sc="196,0,265,0,215,-29,304,49" /><INIT seed="2,0,0,4,2,129" ten="196,265,186,353" oya="2" hai0="55,110,11,101,67,44,88,40,25,24,15,127,16" hai1="131,132,82,90,99,38,135,96,45,22,118,103,66" hai2="31,60,119,115,93,47,52,21,76,89,36,84,63" hai3="17,75,94,54,102,77,33,87,1,65,29,23,86"/><V92/><F115/><W19/><G1/><T30/><D110/><U117/><E66/><V51/><F119/><N who="1" m="45577" /><E22/><V85/><F36/><W74/><G33/><T105/><D127/><U95/><E45/><V108/><F108/><W123/><G123/><T9/><D67/><U130/><E38/><V124/><F124/><W109/><G65/><T72/><D72/><U128/><E82/><N who="2" m="47175" /><F93/><AGARI ba="0,0" hai="90,93,95,96,99,103,128,130,131,132,135" m="45577" machi="93" ten="40,8000,1" yaku="19,1,34,2,52,2" doraHai="129" who="1" fromWho="2" sc="196,0,265,80,186,-80,353,0" /><INIT seed="3,0,0,2,0,133" ten="196,345,106,353" oya="3" hai0="10,49,20,104,85,34,48,67,73,14,11,69,84" hai1="126,132,64,13,102,95,131,89,4,125,5,77,54" hai2="29,7,52,9,37,0,116,90,58,120,40,70,109" hai3="86,42,30,47,6,127,66,103,15,22,82,130,94"/><W93/><G127/><N who="1" m="48650" /><E132/><V16/><F116/><W23/><G130/><T2/><D73/><U108/><E108/><V123/><F109/><W106/><G106/><T39/><D39/><U59/><E131/><V56/><F70/><W76/><G66/><T124/><D34/><U72/><E102/><V100/><F100/><W25/><G103/><T122/><D122/><U32/><E32/><V110/><F29/><W96/><G96/><T118/><D104/><U80/><E64/><V55/><F90/><W97/><G97/><T88/><D118/><U117/><E13/><V31/><F31/><W98/><G98/><T17/><D124/><U134/><E134/><V105/><F105/><W128/><G128/><T18/><D84/><N who="1" m="52647" /><E117/><V107/><F110/><W41/><G23/><T3/><D48/><AGARI ba="0,0" hai="4,5,48,54,59,72,77,80" m="52647,48650" machi="48" ten="30,7700,0" yaku="18,1,52,3" doraHai="133" who="1" fromWho="0" sc="196,-77,345,77,106,0,353,0" owari="119,-28.1,422,52.2,106,-39.4,353,15.3" /></mjloggm>