<mjloggm ver="2.3"><GO type="225" lobby="0"/><UN n0="%E3%81%B5%E3%81%98%E3%81%8B%E3%81%A4" n1="%E8%B6%85%E7%B4%9A%E9%B3%B3%E5%87%B0" n2="%E3%81%99%E3%81%84%E3%81%BE%E3%81%9B%E3%83%BC%E3%82%93" n3="%E3%83%89%E3%83%A9%E3%81%8F%E3%82%8C" dan="16,17,18,17" rate="2150.60,2137.50,2208.55,2202.06" sx="M,F,M,M"/><TAIKYOKU oya="0"/><INIT seed="0,0,0,5,0,82" ten="250,250,250,250" oya="0" hai0="79,102,52,1,17,97,130,117,24,109,73,41,42" hai1="78,58,8,60,101,124,21,33,126,7,18,125,63" hai2="135,36,111,43,45,68,85,19,132,62,127,40,50" hai3="56,3,38,76,26,116,61,108,37,99,87,53,12"/><T86/><D117/><U49/><E33/><V6/><F111/><W93/><G3/><T32/><D109/><U27/><E78/><V113/><F113/><W80/><G108/><T81/><D1/><U91/><E101/><V67/><F127/><W119/><G116/><T84/><D130/><U95/><E49/><V134/><F6/><W2/><G2/><T22/><D32/><U115/><E58/><V59/><F19/><W55/><G119/><T88/><D52/><U69/><E69/><V25/><F25/><W74/><G74/><T9/><D9/><U92/><E115/><V5/><F5/><W123/><G123/><T48/><D48/><U30/><E30/><V114/><F114/><W100/><G53/><T133/><D133/><U66/><E66/><V65/><F85/><W72/><G72/><T0/><D0/><N who="1" m="103" /><E95/><V103/><F103/><W39/><G26/><T14/><D14/><U112/><E112/><V89/><F89/><W70/><G70/><T16/><D17/><U122/><E122/><V96/><F96/><AGARI ba="0,0" hai="18,21,27,60,63,91,92,96,124,125,126" m="103" machi="96" ten="30,1000,0" yaku="18,1" doraHai="82" who="1" fromWho="2" sc="250,0,250,10,250,-10,250,0" /><INIT seed="1,0,0,0,1,109" ten="250,260,240,250" oya="1" hai0="7,122,125,17,84,22,18,75,108,10,126,134,113" hai1="4,118,131,24,133,95,115,110,123,49,33,79,83" hai2="16,13,94,128,96,80,82,132,19,127,53,3,64" hai3="29,20,117,86,45,106,111,39,47,37,36,48,0"/><U52/><E118/><V77/><F127/><N who="0" m="48650" /><D75/><U11/><E123/><V81/><F128/><W85/><G106/><T135/><D84/><U112/><E131/><V89/><F132/><N who="0" m="50730" /><D122/><U51/><E133/><V68/><F3/><W31/><G0/><N who="0" m="359" /><D108/><U5/><E110/><V124/><F124/><W116/><G111/><T56/><D56/><U43/><E95/><V44/><F19/><N who="0" m="7178" /><D22/><U46/><E33/><V120/><F120/><W38/><G38/><T41/><D41/><U34/><E34/><V97/><F97/><W1/><G20/><T63/><D63/><U65/><E65/><V27/><BYE who="1" /><F64/><W74/><G74/><T15/><D15/><U14/><E14/><V32/><F68/><W28/><G1/><T23/><D23/><U93/><E93/><UN n1="%E8%B6%85%E7%B4%9A%E9%B3%B3%E5%87%B0" /><V100/><F32/><W50/><G117/><T71/><D71/><U107/><E107/><V21/><F13/><W114/><G116/><T88/><D88/><U62/><E62/><V87/><F89/><W99/><G99/><T2/><D2/><U61/><E61/><V76/><F87/><W104/><G104/><T119/><D119/><U57/><E57/><V59/><BYE who="1" /><F59/><W54/><G86/><UN n1="%E8%B6%85%E7%B4%9A%E9%B3%B3%E5%87%B0" /><T105/><D105/><U8/><E83/><V91/><F91/><W67/><G85/><T30/><D30/><U129/><E43/><V130/><F130/><W92/><G67/><T101/><D101/><U90/><E129/><V103/><F103/><W42/><G92/><T58/><D58/><U102/><E90/><V121/><F121/><W72/><G72/><T66/><D66/><U98/><E46/><RYUUKYOKU ba="0,0" sc="250,10,260,-30,240,10,250,10" hai0="113" hai2="16,21,27,44,53,76,77,80,81,82,94,96,100" hai3="28,29,31,36,37,39,42,45,47,48,50,54,114" /><INIT seed="2,1,0,3,0,77" ten="260,230,250,260" oya="2" hai0="53,22,91,124,9,130,16,106,115,64,3,48,29" hai1="133,128,21,70,119,5,66,93,96,17,126,97,68" hai2="131,26,81,45,15,135,71,109,75,80,110,61,52" hai3="25,12,89,79,31,18,0,47,84,58,43,72,10"/><V65/><F131/><W67/><G0/><T92/><D130/><U134/><E128/><V82/><F135/><N who="1" m="51721" /><E119/><V14/><F26/><W85/><G67/><T118/><D106/><U99/><E126/><V123/><F75/><W13/><G58/><T116/><D115/><U40/><E5/><V37/><F123/><W1/><G13/><N who="0" m="9487" /><D64/><U122/><E122/><V49/><REACH who="2" step="1"/><F37/><REACH who="2" ten="260,230,240,260" step="2"/><W62/><G25/><T4/><D124/><U112/><E112/><V46/><BYE who="1" /><F46/><W55/><G72/><T56/><D29/><U104/><E104/><V102/><F102/><W103/><G31/><T63/><D118/><U34/><E34/><V127/><F127/><W35/><G103/><T50/><D116/><UN n1="%E8%B6%85%E7%B4%9A%E9%B3%B3%E5%87%B0" /><U121/><E121/><V11/><F11/><W20/><G35/><T60/><D48/><U76/><E21/><V7/><F7/><W95/><G10/><T111/><D111/><AGARI ba="1,1" hai="14,15,45,49,52,61,65,71,80,81,82,109,110,111" machi="111" ten="40,18000,2" yaku="1,1,14,1,10,1,52,3,54,1,53,0" doraHai="77" doraHaiUra="6" who="2" fromWho="0" sc="260,-183,230,0,240,193,260,0" /><INIT seed="2,2,0,1,1,94" ten="77,230,433,260" oya="2" hai0="35,45,92,21,82,108,48,49,71,83,40,110,65" hai1="44,103,26,76,135,19,106,3,56,132,102,60,29" hai2="88,43,78,105,79,81,4,30,87,100,121,96,114" hai3="9,10,51,68,6,23,115,123,14,58,107,15,89"/><V7/><F114/><W116/><G115/><T86/><D35/><U13/><E3/><V125/><F121/><W57/><G68/><T120/><D120/><U130/><E130/><V80/><F125/><W73/><G123/><T128/><D128/><U99/><E103/><V90/><F43/><W38/><G38/><T53/><D83/><U119/><E119/><V101/><F30/><W33/><G33/><T66/><D92/><U34/><E44/><V117/><F117/><W104/><G116/><T127/><D21/><U20/><E20/><V61/><BYE who="1" /><F61/><W113/><G113/><T63/><D86/><U46/><E46/><V32/><F32/><W62/><G73/><T74/><D82/><UN n1="%E8%B6%85%E7%B4%9A%E9%B3%B3%E5%87%B0" /><U47/><E47/><V5/><BYE who="1" /><REACH who="2" step="1"/><F100/><REACH who="2" ten="77,230,423,260" step="2"/><W64/><G62/><T18/><D127/><U93/><E93/><V133/><F133/><W27/><G107/><T8/><D63/><U85/><E85/><AGARI ba="2,1" hai="4,5,7,78,79,80,81,85,87,88,90,96,101,105" machi="85" ten="40,12000,1" yaku="1,1,9,1,52,1,54,1,53,0" doraHai="94" doraHaiUra="11" who="2" fromWho="1" sc="77,0,230,-126,423,136,260,0" /><INIT seed="2,3,0,0,3,80" ten="77,104,559,260" oya="2" hai0="11,2,32,65,121,135,96,130,22,88,67,36,62" hai1="56,90,44,94,120,76,58,128,70,63,0,92,13" hai2="108,8,24,123,77,81,50,57,60,25,98,64,10" hai3="3,91,29,41,19,129,79,74,122,97,4,116,53"/><V134/><F123/><W69/><G122/><T51/><D121/><U61/><E61/><V35/><F134/><W89/><G116/><T15/><D135/><U75/><E75/><V27/><F35/><W39/><G69/><T37/><D32/><U114/><E114/><V66/><F108/><W87/><G29/><T82/><D130/><U124/><E124/><V113/><F113/><W14/><G129/><T99/><D22/><U49/><E49/><V104/><F66/><W28/><G28/><T83/><D2/><U131/><E131/><V68/><F68/><W78/><G74/><T110/><D110/><U7/><E7/><V106/><F50/><W126/><G126/><T133/><D51/><U31/><E31/><V42/><F42/><W21/><G53/><T86/><D82/><U109/><E109/><V107/><REACH who="2" step="1"/><F98/><REACH who="2" ten="77,104,549,260" step="2"/><W26/><G97/><T118/><D133/><U5/><E5/><V119/><F119/><W105/><G4/><N who="0" m="3559" /><D118/><U33/><E33/><V1/><F1/><W34/><G3/><T103/><D99/><U71/><E71/><V45/><F45/><W112/><G34/><T9/><D67/><U18/><E18/><V54/><F54/><W93/><G112/><T55/><D55/><U117/><E117/><V20/><F20/><W16/><G41/><T40/><D40/><U17/><E17/><V12/><F12/><W72/><G21/><T132/><D132/><U47/><E47/><V73/><AGARI ba="3,1" hai="8,10,24,25,27,57,60,64,73,77,81,104,106,107" machi="73" ten="40,3900,0" yaku="1,1,0,1,53,0" doraHai="80" doraHaiUra="30" who="2" fromWho="2" sc="77,-16,104,-16,549,58,260,-16" /><INIT seed="2,4,0,5,4,40" ten="61,88,607,244" oya="2" hai0="104,45,128,68,19,13,67,33,6,93,98,15,54" hai1="32,117,14,30,20,28,118,3,16,2,129,50,79" hai2="38,84,65,8,51,4,87,111,105,102,23,1,9" hai3="55,83,29,103,56,12,66,120,7,88,119,91,123"/><V10/><F38/><W132/><G119/><T106/><D33/><U112/><E112/><V122/><F122/><W121/><G132/><T22/><D128/><U78/><E78/><V62/><F111/><W125/><G125/><T60/><D6/><U58/><E58/><V131/><F131/><W11/><G103/><T41/><D54/><U109/><E109/><V76/><F23/><W107/><G107/><T130/><D13/><U116/><E116/><V99/><F51/><W108/><G108/><T110/><D130/><U53/><E53/><V134/><F134/><W94/><G29/><T77/><D77/><U69/><E69/><V80/><REACH who="2" step="1"/><F87/><REACH who="2" ten="61,88,597,244" step="2"/><W57/><G123/><T89/><D110/><U43/><E43/><V101/><F101/><W133/><G133/><T63/><D63/><U124/><E124/><V24/><F24/><W35/><G121/><T82/><D82/><U92/><E92/><V73/><F73/><W61/><G120/><T127/><D127/><U75/><E75/><V36/><F36/><AGARI ba="4,1" hai="15,19,22,36,41,45,60,67,68,89,93,98,104,106" machi="36" ten="30,2000,0" yaku="7,1,52,1" doraHai="40" who="0" fromWho="2" sc="61,42,88,0,597,-32,244,0" /><INIT seed="3,0,0,5,0,41" ten="103,88,565,244" oya="3" hai0="82,94,121,77,107,37,88,102,68,45,12,66,10" hai1="14,125,32,49,127,62,64,61,132,75,16,96,106" hai2="110,119,81,58,17,118,46,69,53,65,83,50,71" hai3="34,126,30,70,97,89,123,7,28,95,135,39,112"/><W109/><G123/><T72/><D88/><U114/><E114/><V36/><F17/><W63/><G112/><T104/><D94/><U100/><E100/><V0/><F0/><W98/><G135/><T103/><D12/><U27/><E27/><V101/><F101/><W56/><G126/><T51/><D10/><U11/><E11/><V122/><F83/><W60/><G39/><T111/><D51/><U6/><E6/><V15/><F81/><W54/><G109/><T73/><D45/><U131/><E131/><V38/><F15/><W5/><G70/><N who="2" m="26633" /><F122/><W9/><G34/><T21/><D121/><U92/><E92/><V44/><F110/><W117/><G117/><N who="2" m="44553" /><F46/><W2/><G63/><AGARI ba="0,0" hai="36,38,44,50,53,58,63,65" m="44553,26633" machi="63" ten="30,3900,0" yaku="34,2,52,1" doraHai="41" who="2" fromWho="3" sc="103,0,88,0,565,39,244,-39" owari="103,-29.7,88,-41.2,604,70.4,205,0.5" /></mjloggm>