<mjloggm ver="2.3"><GO type="225" lobby="0"/><UN n0="%E5%8F%AF%E5%85%90%E9%82%A3%E7%94%B1%E5%A4%9A" n1="%E7%99%BD%E6%97%A5%E9%9B%AA%E8%8F%9C" n2="%72%69%6F%75%63%68%61%6E" n3="%E7%99%BD%E9%9B%AA%E4%B9%83%E6%84%9B" dan="17,16,17,16" rate="2190.48,2189.26,2210.32,2070.74" sx="F,M,M,F"/><TAIKYOKU oya="0"/><INIT seed="0,0,0,0,4,76" ten="250,250,250,250" oya="0" hai0="106,48,2,65,50,30,96,31,8,89,102,21,135" hai1="17,119,80,32,122,111,55,68,110,51,66,54,59" hai2="47,79,108,84,112,63,38,121,1,58,133,15,53" hai3="124,42,46,61,45,18,88,60,71,0,130,26,44"/><T57/><D135/><U19/><E119/><V6/><F108/><N who="1" m="41513" /><E122/><V93/><F121/><W16/><G0/><T127/><D127/><U114/><E114/><V20/><F112/><W12/><G124/><T92/><D65/><U75/><E32/><V35/><F35/><W109/><G109/><T101/><D2/><U72/><E55/><V34/><F34/><W78/><G130/><T27/><D8/><U91/><E91/><V39/><F133/><W4/><G78/><T115/><D115/><U82/><E72/><V36/><F1/><W103/><G103/><T64/><D31/><U81/><E75/><V43/><F20/><N who="3" m="13575" /><G4/><T125/><D125/><U77/><E77/><V128/><F128/><W25/><G25/><T10/><D10/><U28/><E28/><V40/><F79/><W90/><G71/><T86/><REACH who="0" step="1"/><D102/><REACH who="0" ten="240,250,250,250" step="2"/><U70/><E66/><V13/><F6/><W74/><G74/><T29/><D29/><U69/><AGARI ba="0,1" hai="17,19,51,54,59,68,69,70,80,81,82" m="41513" machi="69" ten="40,8000,1" yaku="14,1,52,3" doraHai="76" who="1" fromWho="1" sc="240,-40,250,90,250,-20,250,-20" /><INIT seed="1,0,0,5,0,62" ten="200,340,230,230" oya="1" hai0="115,96,132,91,135,29,7,75,49,98,57,2,71" hai1="87,88,130,63,45,12,27,128,110,78,114,26,101" hai2="121,3,106,16,64,40,93,122,124,123,43,73,28" hai3="32,65,126,92,53,74,5,54,99,118,112,66,82"/><U69/><E114/><V79/><F106/><W95/><G112/><T36/><D115/><U67/><E78/><V14/><F3/><W84/><G32/><T17/><D36/><U127/><E127/><V85/><F124/><W0/><G74/><T9/><D71/><U61/><E110/><V70/><F73/><W22/><G126/><T104/><D75/><U97/><E12/><V111/><F111/><W120/><G120/><T90/><D29/><U86/><E45/><V47/><F28/><W81/><G118/><T6/><D6/><U56/><E86/><V38/><F40/><W103/><G5/><T105/><D17/><U131/><E97/><V108/><F108/><W10/><G10/><T51/><D7/><U31/><E101/><V58/><F70/><W125/><G22/><T134/><D9/><U68/><E61/><V117/><F117/><W55/><G0/><T113/><D2/><U44/><E44/><V24/><F24/><W102/><G125/><T21/><D21/><N who="1" m="15823" /><E27/><V35/><F35/><W77/><G82/><AGARI ba="0,0" hai="56,63,67,68,69,82,87,88,128,130,131" m="15823" machi="82" ten="30,5800,0" yaku="19,1,52,1,54,1" doraHai="62" who="1" fromWho="3" sc="200,0,340,58,230,0,230,-58" /><INIT seed="1,1,0,0,5,81" ten="200,398,230,172" oya="1" hai0="6,126,7,47,70,17,101,51,60,91,12,14,10" hai1="111,26,135,104,0,42,56,34,120,8,95,93,89" hai2="116,58,52,96,92,83,113,85,48,125,16,117,53" hai3="66,129,65,61,11,109,134,130,79,67,114,86,132"/><U108/><E120/><V106/><F106/><W64/><G11/><T110/><D110/><N who="1" m="42027" /><E104/><V131/><F125/><W20/><G20/><T50/><D126/><U41/><E135/><N who="3" m="51754" /><G114/><T49/><D101/><U80/><E56/><V90/><F131/><N who="3" m="50187" /><G109/><T23/><D6/><U123/><E123/><V25/><F113/><W99/><G99/><T32/><D32/><U105/><E105/><V68/><F68/><W75/><G75/><T71/><D71/><U84/><E42/><V97/><F96/><W13/><G13/><T24/><D14/><U100/><E41/><V74/><F74/><W18/><G18/><T88/><REACH who="0" step="1"/><D47/><REACH who="0" ten="190,398,230,172" step="2"/><U82/><E100/><V76/><REACH who="2" step="1"/><F53/><REACH who="2" ten="190,398,220,172" step="2"/><W72/><G72/><T102/><D102/><U127/><E127/><V122/><F122/><W115/><G115/><T128/><D128/><U4/><E0/><V69/><F69/><N who="3" m="42127" /><G66/><AGARI ba="1,2" hai="7,10,12,17,23,24,49,50,51,60,66,70,88,91" machi="66" ten="40,5200,0" yaku="1,1,54,1,53,1" doraHai="81" doraHaiUra="15" who="0" fromWho="3" sc="190,75,398,0,220,0,172,-55" /><INIT seed="2,0,0,3,5,36" ten="265,398,220,117" oya="2" hai0="132,79,45,117,114,90,37,0,60,76,133,35,75" hai1="81,40,135,64,77,113,110,55,128,1,82,58,29" hai2="62,102,5,80,39,16,126,95,115,85,72,74,21" hai3="15,108,116,8,63,56,124,25,10,99,49,127,33"/><V69/><F115/><W104/><G116/><T57/><D114/><U7/><E113/><V98/><F126/><W42/><G108/><T47/><D117/><U3/><E128/><V68/><F39/><W28/><G104/><T105/><D35/><U88/><E135/><N who="0" m="51785" /><D105/><U48/><E29/><V65/><F5/><W70/><G99/><T50/><D0/><U119/><E110/><V4/><F4/><W96/><G96/><T131/><D131/><U34/><E34/><V89/><REACH who="2" step="1"/><F69/><REACH who="2" ten="265,398,210,117" step="2"/><W94/><G70/><T54/><D37/><U59/><E7/><V83/><F83/><W22/><G22/><T121/><D121/><U129/><E82/><V106/><F106/><W86/><G127/><T23/><D75/><U71/><E81/><V61/><F61/><W12/><G124/><T53/><D90/><U78/><E88/><V30/><F30/><W41/><G10/><T101/><D101/><U134/><E71/><V67/><F67/><W107/><G107/><T43/><D23/><U31/><E64/><V66/><F66/><W122/><G122/><T11/><D11/><U19/><E31/><V38/><F38/><W123/><G123/><T87/><D79/><U27/><E78/><V52/><F52/><N who="3" m="31759" /><G63/><T32/><D32/><U46/><E77/><V24/><AGARI ba="0,1" hai="16,21,24,62,65,68,72,74,80,85,89,95,98,102" machi="24" ten="20,12000,1" yaku="1,1,0,1,7,1,54,1,53,1" doraHai="36" doraHaiUra="84" who="2" fromWho="2" sc="265,-40,398,-40,210,130,117,-40" /><INIT seed="2,1,0,2,2,55" ten="225,358,340,77" oya="2" hai0="38,65,8,125,99,112,78,33,113,131,105,31,121" hai1="126,7,63,71,69,84,11,86,57,51,52,5,119" hai2="61,28,115,3,40,122,70,123,98,9,62,128,10" hai3="82,32,20,29,93,90,94,14,91,46,50,0,35"/><V66/><F115/><W26/><G0/><T22/><D121/><U24/><E119/><V104/><F128/><W39/><G39/><T2/><D38/><U4/><E126/><V81/><F40/><W36/><G36/><T74/><D125/><U1/><E24/><V18/><F28/><W110/><G110/><T87/><D131/><U133/><E133/><V49/><F49/><W111/><G111/><T118/><D118/><U124/><E124/><V102/><F81/><W120/><G120/><T92/><D22/><U44/><E5/><V60/><F10/><W64/><G64/><T114/><D65/><U45/><E7/><V15/><F61/><W75/><G75/><T106/><D8/><U43/><REACH who="1" step="1"/><E45/><REACH who="1" ten="225,348,340,77" step="2"/><V41/><F3/><W95/><G14/><T100/><D2/><U47/><E47/><V25/><F41/><W68/><G68/><AGARI ba="1,1" hai="1,4,11,43,44,51,52,57,63,68,69,71,84,86" machi="68" ten="40,8000,1" yaku="1,1,52,1,54,1,53,1" doraHai="55" doraHaiUra="53" who="1" fromWho="3" sc="225,0,348,93,340,0,77,-83" owari="225,-17.5,441,54.1,340,14.0,-6,-50.6" /></mjloggm>