<mjloggm ver="2.3"><GO type="225" lobby="0"/><UN n0="%E3%81%86%E3%81%A9%E3%82%93%E3%81%93" n1="%63%68%78%62%64" n2="%E3%81%B5%E3%81%98%E3%81%8B%E3%81%A4" n3="%E3%83%97%E3%83%AC%E3%83%B4%E3%82%A1%E3%83%86%E3%82%A3" dan="16,16,16,16" rate="2143.30,2148.15,2102.46,2104.56" sx="M,M,M,F"/><TAIKYOKU oya="0"/><INIT seed="0,0,0,0,5,104" ten="250,250,250,250" oya="0" hai0="29,121,95,33,51,112,70,134,91,80,90,99,81" hai1="42,66,67,20,97,73,8,124,24,122,131,110,53" hai2="13,32,48,45,103,4,1,57,84,52,2,132,18" hai3="37,39,120,88,59,12,46,21,17,92,102,119,50"/><T68/><D121/><U62/><E122/><V65/><F32/><W125/><G120/><T69/><D112/><U10/><E110/><V126/><F103/><W60/><G119/><T58/><D134/><U5/><E42/><V15/><F132/><W43/><G125/><T19/><D19/><U75/><E131/><V93/><F126/><W117/><G117/><T55/><REACH who="0" step="1"/><D90/><REACH who="0" ten="240,250,250,250" step="2"/><U78/><E124/><V105/><F4/><W96/><REACH who="3" step="1"/><G102/><REACH who="3" ten="240,250,250,240" step="2"/><T133/><D133/><U106/><E5/><V9/><F1/><W35/><G35/><T127/><D127/><U41/><E106/><V38/><F105/><W128/><G128/><T22/><D22/><U3/><E20/><V74/><F2/><W30/><G30/><T49/><D49/><U118/><E3/><V72/><F38/><W71/><G71/><T109/><D109/><U116/><E118/><V31/><F31/><W77/><G77/><T94/><D94/><U114/><E116/><V26/><F93/><W63/><G63/><T47/><D47/><U86/><E62/><V54/><F45/><W27/><G27/><AGARI ba="0,2" hai="27,29,33,51,55,58,68,69,70,80,81,91,95,99" machi="27" ten="40,7700,0" yaku="1,1,53,2" doraHai="104" doraHaiUra="76" who="0" fromWho="3" sc="240,97,250,0,250,0,240,-77" /><INIT seed="0,1,0,5,2,17" ten="337,250,250,163" oya="0" hai0="83,105,51,113,78,125,46,106,16,127,79,59,4" hai1="54,66,34,111,12,121,71,107,58,23,50,64,102" hai2="36,11,65,123,91,60,132,128,133,118,42,57,104" hai3="47,28,95,85,88,15,9,97,93,14,77,53,25"/><T75/><D113/><U43/><E34/><V109/><F104/><W96/><G77/><T92/><D4/><U90/><E121/><V20/><F11/><W101/><G85/><T41/><D79/><U122/><E122/><V73/><F123/><W38/><G38/><T19/><D92/><U26/><E111/><V134/><F73/><W98/><G98/><T135/><D135/><U63/><E12/><V72/><F72/><W68/><G68/><T130/><D130/><U44/><E64/><V126/><F109/><W84/><G84/><T61/><D105/><U116/><E116/><V48/><F128/><W114/><G114/><T31/><D31/><U21/><E90/><V24/><F91/><W67/><G67/><T5/><D5/><U52/><E26/><V103/><F103/><W62/><G9/><T100/><D100/><U89/><E54/><N who="2" m="31943" /><F126/><N who="0" m="48138" /><D106/><U18/><E18/><N who="2" m="12311" /><F36/><W13/><G62/><T110/><D110/><U99/><E89/><V55/><F42/><W56/><G47/><T80/><D80/><U40/><E40/><V120/><F120/><W1/><G1/><T81/><D81/><U39/><AGARI ba="1,0" hai="21,23,39,43,44,50,52,58,63,66,71,99,102,107" machi="39" ten="20,12000,2" yaku="0,1,7,1,24,2,52,2,54,1" doraHai="17" who="1" fromWho="1" sc="337,-61,250,123,250,-31,163,-31" /><INIT seed="1,0,0,0,1,11" ten="276,373,219,132" oya="1" hai0="54,29,18,33,94,71,62,12,129,45,89,120,1" hai1="121,16,50,8,57,2,41,39,123,134,63,32,87" hai2="83,130,81,73,48,60,113,133,17,127,49,100,90" hai3="103,61,109,114,9,59,3,23,88,126,42,40,93"/><U28/><E134/><V119/><F119/><W102/><G114/><T131/><D1/><U24/><E39/><V0/><F0/><W10/><G109/><T55/><D120/><U96/><E96/><V82/><F133/><W132/><G132/><T65/><D29/><U52/><E87/><V112/><F100/><N who="3" m="38443" /><G3/><T79/><D79/><U38/><E38/><V95/><F127/><W44/><G126/><T84/><D33/><U36/><E36/><V6/><F6/><W31/><G31/><T75/><D75/><U58/><E2/><V27/><F73/><W25/><G44/><T97/><D97/><U19/><E41/><N who="3" m="15978" /><G23/><T117/><D117/><U86/><E86/><N who="2" m="52695" /><F60/><W34/><G25/><T47/><D47/><U91/><E91/><V70/><F70/><W108/><G34/><T105/><D105/><U78/><E78/><V116/><F116/><W118/><G118/><T85/><D85/><U74/><E74/><V111/><F111/><W64/><G108/><T106/><D106/><U37/><E37/><V21/><F113/><W67/><G67/><T104/><D104/><U69/><E69/><V124/><F124/><W7/><G7/><T107/><D107/><U135/><E135/><V125/><F125/><W110/><G110/><T101/><D101/><U122/><REACH who="1" step="1"/><E8/><REACH who="1" ten="276,363,219,132" step="2"/><V14/><F112/><W46/><G46/><T20/><REACH who="0" step="1"/><D45/><REACH who="0" ten="266,363,219,132" step="2"/><U92/><E92/><V72/><F72/><W66/><G93/><T77/><D77/><U56/><E56/><V76/><F76/><W80/><G80/><T115/><D115/><U5/><E5/><V35/><F130/><AGARI ba="0,2" hai="12,18,20,54,55,62,65,71,84,89,94,129,130,131" machi="130" ten="40,8000,1" yaku="1,1,6,1,19,1,52,1,53,0" doraHai="11" doraHaiUra="98" who="0" fromWho="2" sc="266,100,363,0,219,-80,132,0" /><INIT seed="2,0,0,3,5,18" ten="366,363,139,132" oya="2" hai0="5,122,31,95,62,128,121,102,35,58,117,56,14" hai1="107,98,29,25,65,6,133,49,13,126,60,8,33" hai2="63,83,120,94,108,0,125,36,70,45,44,101,71" hai3="53,132,24,3,20,9,109,76,41,66,113,123,7"/><V86/><F120/><W119/><G123/><T96/><D128/><U103/><E133/><V135/><F135/><W42/><G132/><T82/><D117/><U30/><E30/><V16/><F0/><W124/><G119/><T61/><D82/><U130/><E49/><V112/><F112/><W91/><G113/><T19/><D5/><U88/><E126/><V105/><F125/><W38/><G124/><T80/><D80/><U97/><E130/><V79/><F105/><W73/><G109/><T90/><D35/><U55/><E55/><V134/><F134/><W67/><G53/><T93/><D31/><U50/><E50/><V110/><F36/><W46/><G42/><T17/><D121/><U40/><E40/><V116/><F116/><W21/><G91/><T72/><D72/><U100/><E88/><N who="2" m="53527" /><F71/><W77/><G24/><T106/><D106/><U26/><E26/><V1/><F1/><W23/><REACH who="3" step="1"/><G73/><REACH who="3" ten="366,363,139,122" step="2"/><T92/><D122/><U47/><E25/><V75/><F101/><W27/><G27/><T68/><D102/><U131/><E100/><V32/><F110/><W85/><G85/><T2/><D90/><U51/><E103/><V12/><F108/><W69/><G69/><T22/><D96/><U64/><E97/><V57/><F32/><W48/><G48/><T34/><D2/><U54/><E98/><V104/><F70/><W11/><G11/><N who="0" m="6367" /><D34/><U74/><E33/><V37/><F37/><W81/><G81/><T15/><D68/><U43/><E8/><N who="2" m="6151" /><F104/><W4/><G4/><T99/><D99/><U89/><E6/><V10/><F10/><RYUUKYOKU ba="0,1" sc="366,10,363,-30,139,10,122,10" hai0="15,19,22,56,58,61,62,92,93,95" hai2="44,45,57,63,75,79,83" hai3="3,7,9,20,21,23,38,41,46,66,67,76,77" /><INIT seed="2,1,1,5,1,115" ten="376,333,149,132" oya="2" hai0="17,77,36,110,24,123,81,105,66,56,109,8,97" hai1="18,132,129,71,116,49,91,15,98,21,13,37,62" hai2="5,10,80,50,112,122,14,83,100,103,120,133,47" hai3="102,20,108,127,75,31,46,119,0,43,34,52,95"/><V96/><F112/><W7/><G75/><T94/><D36/><U4/><E37/><V67/><F133/><W124/><G34/><T89/><D123/><U48/><E132/><V45/><F67/><W126/><G108/><N who="0" m="41579" /><D105/><U2/><E2/><V78/><F122/><W93/><G43/><T104/><D104/><U84/><E116/><V107/><F103/><W92/><G0/><T99/><D99/><U113/><E129/><V30/><F30/><W19/><G7/><T16/><D24/><U42/><E98/><V1/><F1/><W54/><G102/><T131/><D131/><U33/><E33/><V101/><F101/><W125/><N who="3" m="31744" /><DORA hai="44" /><W51/><G31/><T6/><D66/><U76/><E76/><V3/><F3/><W26/><G54/><T32/><D32/><U85/><E42/><N who="2" m="24887" /><F120/><W53/><G53/><T57/><D57/><U29/><E29/><V12/><F12/><W55/><G55/><T134/><D56/><U28/><E28/><V74/><F47/><W118/><AGARI ba="1,1" hai="19,20,26,46,51,52,92,93,95,118,119" m="31744" machi="118" ten="60,12000,2" yaku="0,1,18,1,52,3,54,1" doraHai="115,44" who="3" fromWho="3" sc="376,-31,333,-31,149,-61,132,133" /><INIT seed="3,0,0,0,4,116" ten="345,302,88,265" oya="3" hai0="8,13,5,37,86,80,68,12,76,11,59,60,16" hai1="113,85,109,53,9,112,92,2,29,44,48,70,36" hai2="121,47,114,73,104,88,56,66,22,120,118,98,83" hai3="122,135,129,0,101,84,82,54,111,97,19,64,3"/><W42/><G129/><T105/><D105/><U117/><E117/><V62/><F118/><W65/><G111/><T77/><D37/><U20/><E70/><V32/><F114/><W38/><G135/><T100/><D100/><U23/><E36/><V43/><F32/><W21/><G38/><T96/><D96/><U103/><E109/><V74/><F22/><W106/><G42/><T126/><D126/><U134/><E134/><V57/><F104/><W119/><G119/><T39/><D39/><U51/><E51/><V75/><F57/><W108/><G108/><T125/><D125/><U6/><E23/><V34/><F34/><W128/><G128/><T14/><D68/><U133/><E133/><V24/><F24/><W90/><G122/><T4/><D13/><U61/><E61/><V50/><F98/><W94/><G54/><N who="0" m="33911" /><D5/><U124/><E124/><V35/><F35/><W87/><G0/><T69/><D69/><U110/><E110/><V58/><F58/><W27/><REACH who="3" step="1"/><G3/><REACH who="3" ten="345,302,88,255" step="2"/><T89/><AGARI ba="0,1" hai="4,8,11,12,14,16,76,77,80,86,89" m="33911" machi="89" ten="30,2000,0" yaku="8,1,54,1" doraHai="116" who="0" fromWho="0" sc="345,30,302,-5,88,-5,255,-10" owari="375,47.5,297,9.7,83,-41.7,245,-15.5" /></mjloggm>