<mjloggm ver="2.3"><GO type="225" lobby="0"/><UN n0="%E6%9A%87%E4%BA%BA%EF%BC%A0%E9%85%8D%E4%BF%A1%E5%9E%A2" n1="%E3%81%8B%E3%82%8F%E3%81%A1%E3%82%83%E3%82%93%35%38" n2="%38%63%E3%81%AF%E3%81%A3%E3%81%97%E3%83%BC" n3="%4C%4F%4C%49%54%41" dan="17,16,16,16" rate="2193.34,2182.04,2101.41,2170.07" sx="F,M,M,F"/><TAIKYOKU oya="0"/><INIT seed="0,0,0,4,5,48" ten="250,250,250,250" oya="0" hai0="126,93,78,85,89,13,84,76,6,115,29,63,26" hai1="68,134,130,57,40,119,65,118,69,127,80,103,97" hai2="5,66,56,41,108,91,101,20,23,12,116,54,27" hai3="99,109,37,60,120,4,11,9,131,64,14,72,82"/><T30/><D126/><U112/><E80/><V35/><F108/><W15/><G109/><T51/><D115/><U81/><E81/><V113/><F113/><W33/><G33/><T75/><D75/><U79/><E79/><N who="0" m="30249" /><D63/><N who="1" m="38127" /><E97/><V124/><F124/><W62/><G37/><T18/><D84/><U111/><E103/><V107/><F41/><W2/><G72/><T61/><D61/><U122/><E127/><V106/><F66/><W34/><G34/><T42/><D6/><U8/><E8/><V100/><F116/><N who="1" m="44585" /><E112/><V104/><F91/><W31/><G82/><T45/><D26/><U102/><E102/><V95/><F35/><W7/><G2/><T92/><D92/><U16/><E16/><V19/><F95/><W77/><G77/><T87/><D87/><U32/><E32/><V71/><F71/><N who="1" m="27209" /><E111/><V36/><F5/><W3/><G3/><T117/><D117/><U39/><E122/><V22/><F27/><W58/><G120/><T96/><D96/><U28/><E28/><V128/><F106/><W123/><G123/><T52/><D30/><U74/><E74/><V132/><F104/><W86/><G31/><T17/><D29/><U94/><E94/><V70/><F70/><N who="3" m="42247" /><G99/><T46/><D13/><U83/><E83/><V25/><F12/><W98/><G98/><T129/><D17/><U55/><E39/><V133/><F36/><W47/><G86/><T90/><D18/><U43/><E134/><V0/><F0/><W53/><G14/><T38/><D89/><U10/><E10/><N who="3" m="3594" /><G15/><T110/><D110/><U114/><E114/><V73/><F101/><RYUUKYOKU ba="0,0" sc="250,30,250,-10,250,-10,250,-10" hai0="38,42,45,46,51,52,85,90,93,129" /><INIT seed="0,1,0,2,4,76" ten="280,240,240,240" oya="0" hai0="2,71,12,34,3,0,5,70,81,15,60,122,113" hai1="68,18,36,74,105,89,17,20,33,65,83,56,131" hai2="6,103,46,59,77,49,10,28,9,52,38,104,128" hai3="116,127,21,125,130,84,134,62,133,123,1,16,8"/><T31/><D113/><U51/><E33/><V117/><F128/><W101/><G101/><T93/><D122/><U39/><E105/><V126/><F126/><N who="3" m="48139" /><G62/><T50/><D93/><U95/><E68/><V40/><F117/><W32/><G84/><T100/><D100/><U87/><E131/><V119/><F119/><W111/><G32/><T79/><D50/><U135/><E135/><N who="3" m="51722" /><G116/><T25/><D5/><U57/><E17/><V94/><F104/><W115/><G111/><T96/><D96/><U37/><E65/><V41/><F28/><W54/><G54/><T75/><REACH who="0" step="1"/><D71/><REACH who="0" ten="270,240,240,240" step="2"/><U7/><E7/><V86/><F6/><N who="3" m="1103" /><G130/><T80/><D80/><U129/><E129/><V29/><F103/><W88/><G115/><T124/><D124/><U55/><E37/><V53/><F94/><W102/><G102/><T97/><D97/><U19/><E39/><V13/><F38/><W23/><G123/><T132/><D132/><U107/><E36/><V90/><F49/><W24/><G88/><T91/><D91/><U35/><E107/><V4/><F90/><W106/><G106/><T22/><D22/><AGARI ba="1,1" hai="16,21,22,23,24" m="1103,51722,48139" machi="22" ten="30,8000,1" yaku="18,1,20,1,34,2,54,1" doraHai="76" who="3" fromWho="0" sc="270,-83,240,0,240,0,240,93" /><INIT seed="1,0,0,1,5,108" ten="187,240,240,333" oya="1" hai0="9,50,99,84,87,93,82,51,56,111,110,116,95" hai1="47,59,30,12,1,7,100,106,0,54,39,42,71" hai2="98,113,31,96,74,133,48,72,28,125,46,27,52" hai3="92,29,68,88,135,107,65,86,21,5,85,4,79"/><U129/><E129/><V89/><F125/><W130/><G107/><T57/><D9/><U131/><E131/><V23/><F133/><W55/><G130/><T117/><REACH who="0" step="1"/><D82/><REACH who="0" ten="177,240,240,333" step="2"/><U81/><E0/><V26/><F113/><W13/><G135/><T66/><D66/><U38/><E1/><V16/><F31/><W62/><G29/><T124/><D124/><U126/><E126/><V15/><F27/><W121/><G65/><T132/><D132/><U101/><E30/><V53/><F53/><W114/><G55/><T70/><D70/><U73/><E71/><V18/><F18/><W34/><G68/><T118/><D118/><U119/><E119/><V120/><F120/><W60/><G114/><T64/><D64/><U43/><E12/><V77/><F77/><W3/><G79/><T128/><D128/><U80/><E7/><V78/><F78/><W17/><G121/><T61/><D61/><N who="1" m="36087" /><E81/><V14/><F14/><W11/><G5/><T33/><D33/><U75/><E80/><V24/><F24/><W76/><G34/><T32/><D32/><U2/><E2/><V115/><F115/><W67/><G67/><T122/><D122/><U103/><E106/><V90/><F74/><W91/><G76/><T123/><D123/><U94/><E94/><AGARI ba="0,1" hai="3,4,11,13,17,21,60,62,85,86,88,91,92,94" machi="94" ten="30,3900,0" yaku="7,1,9,1,54,1" doraHai="108" who="3" fromWho="1" sc="177,0,240,-39,240,0,333,49" /><INIT seed="2,0,0,3,1,73" ten="177,201,240,382" oya="2" hai0="132,131,34,3,25,35,124,133,97,66,23,2,110" hai1="71,103,130,28,7,56,43,74,117,100,126,125,50" hai2="27,99,21,67,52,48,38,46,64,109,22,84,75" hai3="93,41,88,119,13,24,31,82,59,77,42,17,68"/><V101/><F75/><W123/><G68/><T135/><D66/><U53/><E117/><V80/><F38/><W20/><G119/><T12/><D97/><U90/><E71/><V112/><F112/><W60/><G123/><T104/><D104/><U9/><E130/><V0/><F0/><N who="0" m="42" /><D131/><U91/><E28/><V47/><F47/><W86/><G59/><T10/><D110/><U128/><E74/><V89/><F109/><W111/><G60/><T11/><D124/><N who="1" m="47723" /><E128/><V45/><F45/><W1/><G1/><T69/><D69/><U4/><E43/><V92/><REACH who="2" step="1"/><F21/><REACH who="2" ten="177,201,230,382" step="2"/><N who="3" m="11439" /><G111/><T95/><D95/><U118/><E118/><V85/><F85/><AGARI ba="0,1" hai="20,24,31,41,42,77,82,85,86,88,93" m="11439" machi="85" ten="30,3900,0" yaku="8,1,52,1,54,1" doraHai="73" who="3" fromWho="2" sc="177,0,201,0,230,-39,382,49" /><INIT seed="3,0,0,1,0,119" ten="177,201,191,431" oya="3" hai0="87,57,117,109,36,132,25,122,73,102,40,13,31" hai1="12,69,131,44,20,46,27,90,64,121,118,62,18" hai2="100,41,24,130,110,8,63,23,106,116,93,68,48" hai3="14,123,108,66,21,7,86,126,19,34,2,105,16"/><W134/><G123/><T75/><D117/><U125/><E118/><V135/><F116/><W70/><G105/><T77/><D122/><U128/><E121/><V89/><F106/><W5/><G34/><T97/><D109/><U115/><E115/><V56/><F100/><W127/><G70/><T28/><D132/><U55/><E125/><V33/><F33/><W10/><G66/><T50/><D13/><U51/><E90/><V81/><F110/><W80/><G134/><T74/><D36/><U15/><E44/><V61/><F81/><W85/><G7/><T30/><D25/><U112/><E112/><V98/><F135/><W99/><G99/><T71/><D71/><U4/><E4/><V67/><F130/><AGARI ba="0,0" hai="12,15,18,20,27,46,51,55,62,64,69,128,130,131" machi="130" ten="40,1300,0" yaku="19,1" doraHai="119" who="1" fromWho="2" sc="177,0,201,13,191,-13,431,0" owari="177,-32.3,214,1.4,178,-22.2,431,53.1" /></mjloggm>