<mjloggm ver="2.3"><GO type="225" lobby="0"/><UN n0="%E3%81%8B%E3%82%8F%E3%81%A1%E3%82%83%E3%82%93%35%38" n1="%6D%75%75%73%61%6E%6D%75" n2="%6E%69%63%6F%6E%74%6F" n3="%E3%81%95%E3%81%8D%E3%81%9F%E3%81%BE%E6%9E%97%E6%AA%8E" dan="16,17,16,16" rate="2135.24,2153.53,2137.59,2079.68" sx="M,F,M,M"/><TAIKYOKU oya="0"/><INIT seed="0,0,0,5,4,73" ten="250,250,250,250" oya="0" hai0="69,3,89,90,12,120,68,132,46,82,93,28,7" hai1="116,127,60,128,35,48,57,51,112,113,78,100,104" hai2="41,108,31,25,14,87,58,47,74,53,133,72,43" hai3="9,114,40,56,86,130,50,32,52,115,24,63,111"/><T124/><D120/><U29/><E116/><V67/><F108/><W126/><G111/><T134/><D124/><U98/><E127/><V107/><F107/><W92/><G126/><T30/><D3/><U109/><E109/><V18/><F133/><N who="0" m="51306" /><D46/><U97/><E128/><V11/><F67/><W15/><G130/><T64/><D64/><U79/><E97/><V65/><F65/><W101/><G32/><T83/><D12/><U105/><E105/><V99/><F99/><W118/><G118/><T119/><D7/><U34/><E60/><V10/><F10/><W38/><G38/><T8/><D8/><U20/><E20/><V77/><F74/><W129/><G129/><T17/><D17/><U117/><E117/><V75/><F72/><W4/><G24/><T61/><D61/><U49/><E57/><V16/><F75/><W110/><G110/><T123/><D123/><U103/><E103/><V5/><F5/><W42/><G115/><N who="1" m="44106" /><E35/><V94/><F18/><W37/><G37/><T0/><D0/><U13/><E13/><V70/><F70/><N who="0" m="27242" /><D119/><U44/><E44/><V85/><F47/><N who="3" m="27743" /><G114/><T71/><N who="0" m="27250" /><T54/><DORA hai="45" /><D54/><U122/><E122/><V19/><F19/><W81/><G15/><T59/><D59/><U6/><E6/><V80/><F58/><W91/><G4/><T84/><D90/><U102/><E102/><V125/><F125/><W26/><G9/><T33/><D33/><U36/><E36/><V66/><F53/><N who="3" m="34191" /><G26/><AGARI ba="0,0" hai="26,29,34,48,49,51,78,79,98,100,104" m="44106" machi="26" ten="30,12000,2" yaku="11,1,52,5" doraHai="73,45" who="1" fromWho="3" sc="250,0,250,120,250,0,250,-120" /><INIT seed="1,0,0,1,1,63" ten="250,370,250,130" oya="1" hai0="78,29,93,71,104,44,91,111,59,18,28,113,32" hai1="92,105,24,64,3,12,4,42,8,66,7,110,72" hai2="88,35,97,11,126,57,61,5,48,75,13,84,76" hai3="41,62,53,25,130,127,108,125,112,30,94,124,82"/><U43/><E105/><V36/><F126/><W65/><G112/><T73/><D71/><U118/><E118/><V114/><F36/><W121/><G121/><T69/><D69/><U129/><E72/><V10/><F114/><W0/><G0/><T100/><D113/><U103/><E129/><V95/><F35/><W9/><G9/><T133/><D32/><U2/><E2/><V117/><F117/><W90/><G130/><T60/><D111/><U96/><E110/><V31/><F75/><W102/><G102/><T67/><D133/><U34/><E3/><V46/><F31/><W101/><G101/><T16/><D104/><U14/><E34/><V80/><F11/><W85/><G53/><T37/><D100/><U1/><E24/><V45/><REACH who="2" step="1"/><F48/><REACH who="2" ten="250,370,240,130" step="2"/><W122/><G108/><T99/><D29/><U116/><E116/><V134/><F134/><W135/><G135/><T50/><D37/><U77/><E8/><V19/><F19/><W83/><G122/><T70/><D28/><U128/><E7/><V68/><F68/><N who="3" m="42039" /><G41/><N who="0" m="24847" /><D70/><U109/><E109/><V56/><F56/><W106/><G106/><T119/><D119/><U131/><E43/><V6/><F6/><W132/><G132/><T81/><D73/><U89/><E4/><V115/><F115/><W33/><AGARI ba="0,1" hai="25,30,33,82,83,85,90,94,124,125,127" m="42039" machi="33" ten="30,2000,0" yaku="18,1,52,1" doraHai="63" who="3" fromWho="3" sc="250,-5,370,-10,240,-5,130,30" /><INIT seed="2,0,0,4,2,10" ten="245,360,235,160" oya="2" hai0="99,33,64,24,108,26,125,74,73,43,69,126,51" hai1="132,19,15,81,7,49,28,106,12,84,92,133,85" hai2="11,17,79,0,35,23,68,75,76,131,14,116,72" hai3="111,86,59,113,104,88,123,102,42,31,57,98,3"/><V103/><F116/><W89/><G123/><T9/><D108/><U2/><E106/><V83/><F68/><W47/><G111/><T18/><D64/><U53/><E28/><V48/><F131/><W71/><G71/><T32/><D69/><U124/><E124/><N who="0" m="47721" /><D99/><U58/><E2/><V134/><F134/><N who="1" m="51817" /><E7/><V114/><F114/><W128/><G128/><T25/><D43/><U135/><E135/><V22/><F103/><W115/><G3/><T107/><D51/><U62/><E19/><V129/><F129/><W96/><G31/><T27/><D107/><U67/><E92/><V95/><F95/><W29/><G29/><N who="0" m="19495" /><D33/><U8/><E8/><V117/><F35/><W52/><G96/><T56/><D56/><N who="1" m="32815" /><E85/><V45/><F0/><W13/><G86/><T78/><D78/><AGARI ba="0,0" hai="12,15,58,62,67,78,81,84" m="32815,51817" machi="78" ten="30,3900,0" yaku="20,1,52,2" doraHai="10" who="1" fromWho="0" sc="245,-39,360,39,235,0,160,0" /><INIT seed="3,0,0,4,2,118" ten="206,399,235,160" oya="3" hai0="116,56,91,47,117,1,79,55,87,7,36,86,28" hai1="64,121,66,53,133,76,92,21,61,115,134,131,24" hai2="120,90,105,29,0,54,96,12,51,75,44,107,39" hai3="71,69,113,123,52,85,27,32,15,31,41,126,70"/><W77/><G113/><T112/><D112/><U132/><E115/><V62/><F0/><W127/><G41/><T110/><D110/><U6/><E131/><V26/><F75/><W20/><G77/><T84/><D79/><U11/><E121/><V50/><F120/><W35/><G123/><T45/><D116/><U22/><E76/><V58/><F39/><W43/><G43/><T102/><D102/><U73/><E73/><V18/><F90/><W34/><G85/><T23/><D117/><U59/><E92/><V135/><F51/><W108/><G108/><T89/><D7/><U4/><E4/><V74/><F96/><W68/><N who="3" m="17408" /><DORA hai="124" /><W100/><G100/><T88/><D1/><N who="1" m="463" /><E22/><V37/><F135/><W128/><G128/><T111/><D36/><U33/><E33/><V17/><F37/><W46/><REACH who="3" step="1"/><G15/><REACH who="3" ten="206,399,235,150" step="2"/><T8/><D111/><U3/><E3/><V109/><F109/><W19/><G19/><AGARI ba="0,1" hai="19,21,24,53,59,61,64,66,132,133,134" m="463" machi="19" ten="30,1000,0" yaku="20,1" doraHai="118,124" who="1" fromWho="3" sc="206,0,399,20,235,0,150,-10" owari="206,-19.4,419,51.9,235,3.5,140,-36.0" /></mjloggm>