<mjloggm ver="2.3"><GO type="225" lobby="0"/><UN n0="%E5%BA%97%E9%95%B7%4D" n1="%E9%80%86%E9%80%A3%E5%B8%AF%E3%81%AE%E9%AC%BC" n2="%E5%A4%96%E5%B7%9D%E7%AB%9C%E6%88%90" n3="%6D%75%75%73%61%6E%6D%75" dan="16,17,16,16" rate="2102.67,2189.02,2117.40,2148.01" sx="M,M,M,F"/><TAIKYOKU oya="0"/><INIT seed="0,0,0,5,1,31" ten="250,250,250,250" oya="0" hai0="58,123,131,94,45,63,105,78,27,97,18,21,7" hai1="44,96,50,95,35,2,116,72,118,86,75,133,23" hai2="101,53,28,70,99,110,43,89,30,12,98,41,67" hai3="100,119,129,127,83,20,55,9,103,88,26,61,60"/><T111/><D123/><U80/><E133/><V76/><F76/><W14/><G119/><T24/><D131/><U121/><E2/><V81/><F81/><W19/><BYE who="2" /><G129/><T126/><D105/><UN n2="%E5%A4%96%E5%B7%9D%E7%AB%9C%E6%88%90" /><U47/><E121/><V122/><F122/><W91/><G127/><T8/><D126/><U125/><E125/><V13/><F67/><W46/><G61/><T16/><D78/><U66/><E66/><V6/><F53/><W79/><G79/><T113/><D113/><U90/><E35/><V107/><F89/><W4/><G60/><T11/><D45/><U36/><E36/><V1/><F6/><W93/><G91/><N who="0" m="55519" /><D111/><U33/><E47/><V74/><F101/><W0/><G0/><T5/><D27/><U68/><E68/><V57/><F57/><W10/><G10/><N who="0" m="3627" /><D18/><U38/><E33/><V65/><F65/><AGARI ba="0,0" hai="5,7,16,21,24,58,63,65" m="3627,55519" machi="65" ten="30,2900,0" yaku="8,1,54,1" doraHai="31" who="0" fromWho="2" sc="250,29,250,0,250,-29,250,0" /><INIT seed="0,1,0,0,1,132" ten="279,250,221,250" oya="0" hai0="129,18,53,92,95,104,50,0,13,112,6,126,121" hai1="71,52,23,93,115,118,43,88,77,83,127,7,21" hai2="78,35,32,114,65,109,9,34,130,123,59,26,60" hai3="16,8,25,103,39,108,61,30,69,49,84,28,133"/><T94/><D104/><U1/><E118/><V116/><F114/><W73/><G39/><T91/><D112/><U110/><E115/><V3/><F123/><W48/><G73/><T63/><D121/><U86/><E71/><V105/><F105/><W101/><G133/><T41/><D129/><U15/><E110/><V51/><F130/><W64/><G108/><T89/><D0/><U82/><E43/><V31/><F109/><W4/><G84/><T38/><D6/><U119/><E119/><V58/><F116/><W62/><G62/><T111/><D111/><U87/><E1/><V96/><F78/><W29/><G4/><T56/><D38/><U54/><E127/><V122/><F122/><W125/><G125/><T47/><REACH who="0" step="1"/><D126/><REACH who="0" ten="269,250,221,250" step="2"/><U42/><E42/><V72/><F3/><W22/><REACH who="3" step="1"/><G8/><AGARI ba="1,1" hai="8,13,18,41,47,50,53,56,63,89,91,92,94,95" machi="8" ten="40,7700,0" yaku="1,1,2,1,8,1,53,0" doraHai="132" doraHaiUra="113" who="0" fromWho="3" sc="269,90,250,0,221,0,250,-80" /><INIT seed="0,2,0,0,4,109" ten="359,250,221,170" oya="0" hai0="18,57,4,133,103,42,66,73,28,67,17,20,54" hai1="56,78,131,29,64,79,98,129,84,40,116,75,118" hai2="68,27,33,113,104,72,111,112,86,94,99,8,34" hai3="128,5,45,55,41,19,15,76,60,97,100,83,52"/><T101/><D73/><U69/><E69/><V3/><F68/><W120/><G128/><T115/><D115/><N who="2" m="44106" /><F111/><W6/><G120/><T114/><D114/><U91/><E29/><V7/><F86/><W70/><G70/><T16/><D133/><U106/><E40/><V85/><F85/><W39/><G6/><T32/><D4/><U125/><E125/><V44/><F94/><W105/><G5/><T126/><D32/><N who="2" m="12394" /><F27/><W50/><G39/><T12/><D42/><U9/><E75/><V132/><F44/><W127/><G127/><T89/><D126/><U13/><E131/><V51/><F51/><W14/><G60/><T23/><D89/><U95/><E129/><V96/><F96/><W134/><G134/><T35/><D35/><U62/><E106/><V119/><F132/><W74/><REACH who="3" step="1"/><G15/><REACH who="3" ten="359,250,221,160" step="2"/><N who="0" m="9247" /><D28/><U82/><E79/><V46/><F46/><W30/><G30/><T122/><D17/><AGARI ba="2,1" hai="9,13,17,56,62,64,78,82,84,91,95,98,116,118" machi="17" ten="30,1000,0" yaku="7,1" doraHai="109" who="1" fromWho="0" sc="359,-16,250,26,221,0,160,0" /><INIT seed="1,0,0,0,5,23" ten="343,276,221,160" oya="1" hai0="94,121,13,41,114,65,64,28,36,11,6,32,131" hai1="95,86,110,71,125,31,39,46,5,34,15,21,80" hai2="1,12,62,2,35,59,100,9,87,52,92,49,122" hai3="107,26,108,77,19,117,85,17,115,29,57,37,112"/><U120/><E120/><V127/><F122/><W76/><G107/><T10/><D114/><U72/><E125/><V129/><F127/><W67/><G37/><T3/><D121/><U24/><E71/><V55/><F129/><W81/><G108/><T99/><D131/><U43/><E110/><V30/><F100/><W97/><G117/><T123/><D123/><U126/><E126/><V74/><F74/><W25/><G97/><T58/><D41/><U113/><E113/><V82/><F92/><W124/><G124/><T101/><D36/><U7/><E72/><V132/><F132/><W48/><G77/><T51/><D28/><U47/><E47/><V135/><F135/><W8/><G17/><T106/><D32/><U133/><E133/><V79/><F30/><W128/><G128/><T45/><D106/><U27/><E95/><V111/><F35/><W75/><G75/><T96/><D96/><U63/><E63/><V118/><F111/><W78/><BYE who="0" /><G78/><UN n0="%E5%BA%97%E9%95%B7%4D" /><T4/><D45/><U42/><E42/><V0/><F118/><W61/><G48/><T109/><D109/><U84/><E15/><V134/><F134/><W91/><G76/><T54/><AGARI ba="0,0" hai="3,4,6,10,11,13,51,54,58,64,65,94,99,101" machi="54" ten="30,1100,0" yaku="0,1" doraHai="23" who="0" fromWho="0" sc="343,11,276,-5,221,-3,160,-3" /><INIT seed="2,0,0,2,0,96" ten="354,271,218,157" oya="2" hai0="18,49,39,2,94,99,73,37,44,92,25,105,126" hai1="132,116,83,114,31,3,5,45,60,98,23,89,119" hai2="102,24,130,38,46,88,16,121,112,27,67,120,7" hai3="79,55,90,9,76,56,80,113,41,28,8,33,40"/><V4/><F112/><W35/><G113/><T84/><D73/><U95/><E114/><V100/><F130/><W122/><G122/><N who="2" m="47209" /><F67/><W10/><G90/><T59/><D2/><U62/><E132/><V17/><F88/><W103/><G28/><T51/><D126/><U70/><E83/><V127/><F46/><W1/><G1/><T87/><D105/><U110/><E45/><V52/><F52/><W85/><G76/><T135/><D135/><U66/><E62/><V12/><F12/><W47/><G103/><N who="2" m="39465" /><F38/><W14/><G14/><T30/><D18/><N who="2" m="7274" /><F127/><W125/><G125/><T134/><D134/><U20/><E66/><V129/><F129/><W58/><G58/><T106/><D106/><U19/><E89/><V78/><F78/><W32/><REACH who="3" step="1"/><G47/><REACH who="3" ten="354,271,218,147" step="2"/><T72/><D59/><U0/><E3/><V75/><F75/><W128/><G128/><T13/><D44/><U34/><E0/><V81/><F81/><W61/><AGARI ba="0,1" hai="8,9,10,32,33,35,40,41,55,56,61,79,80,85" machi="61" ten="40,2700,0" yaku="1,1,0,1,53,0" doraHai="96" doraHaiUra="63" who="3" fromWho="3" sc="354,-7,271,-7,218,-13,147,37" /><INIT seed="3,0,0,5,3,59" ten="347,264,205,184" oya="3" hai0="10,87,109,96,17,117,124,4,95,21,26,75,68" hai1="93,114,63,43,110,6,62,78,61,118,27,115,60" hai2="14,18,111,8,99,105,41,15,25,57,112,51,52" hai3="107,90,20,37,123,82,121,66,22,34,125,84,83"/><W2/><G34/><T32/><D75/><U67/><E118/><V46/><F112/><W7/><G107/><T81/><D68/><U129/><E129/><V12/><F111/><W108/><G37/><T88/><D117/><U16/><E110/><V35/><F105/><W106/><G108/><T97/><D109/><U9/><E43/><V3/><F99/><W31/><G106/><T70/><D70/><U74/><E74/><V91/><F91/><W85/><G125/><T104/><D104/><U116/><E116/><V33/><F3/><W119/><G119/><T65/><D65/><U5/><E78/><V23/><REACH who="2" step="1"/><F8/><REACH who="2" ten="347,264,195,184" step="2"/><W53/><G66/><T122/><D97/><U79/><E115/><V58/><F58/><W44/><G2/><T103/><D122/><U80/><E114/><V133/><F133/><W89/><G7/><T120/><D120/><U29/><E5/><V86/><F86/><W64/><G64/><T40/><D124/><U128/><E6/><V132/><F132/><W71/><G71/><T28/><D40/><U42/><E42/><V11/><F11/><W113/><G113/><T76/><D103/><U1/><E9/><V45/><F45/><W101/><G101/><T0/><D0/><U50/><E1/><V72/><F72/><W135/><G135/><T36/><D10/><U30/><E67/><V127/><F127/><W38/><G38/><AGARI ba="0,1" hai="12,14,15,18,23,25,33,35,38,41,46,51,52,57" machi="38" ten="40,5200,0" yaku="1,1,54,1,53,1" doraHai="59" doraHaiUra="49" who="2" fromWho="3" sc="347,0,264,0,195,62,184,-52" owari="347,44.7,264,6.4,257,-14.3,132,-36.8" /></mjloggm>