<mjloggm ver="2.3"><GO type="225" lobby="0"/><UN n0="%28%EF%BF%A3%E2%96%BD%EF%BF%A3%29%CE%B4%E2%8C%92%E3%83%BB" n1="%E3%82%A2%E3%82%A4%E3%82%B9%E3%83%86%E3%82%A3%E3%83%BC%E3%81%82%E3%81%B9" n2="%E6%B8%A9%E2%98%85%E6%83%85%E2%98%85%E6%8E%AA%E2%98%85%E7%BD%AE" n3="%E3%81%A8%E3%82%93%E3%81%A8%E3%81%93%E3%81%A8%E3%82%93" dan="16,16,17,16" rate="2094.08,2101.65,2190.58,2114.52" sx="M,M,M,F"/><TAIKYOKU oya="0"/><INIT seed="0,0,0,5,1,13" ten="250,250,250,250" oya="0" hai0="106,48,3,98,79,6,17,27,42,2,53,0,57" hai1="36,16,119,83,45,80,5,95,97,67,28,94,123" hai2="41,63,108,30,44,55,49,81,104,116,124,128,117" hai3="91,32,120,18,99,135,70,125,101,43,88,50,109"/><T11/><D79/><U26/><E123/><V61/><F104/><W86/><G70/><T15/><D42/><U51/><E36/><V122/><F122/><W127/><G120/><T100/><REACH who="0" step="1"/><D27/><REACH who="0" ten="240,250,250,250" step="2"/><U21/><E119/><N who="2" m="45643" /><F124/><W29/><G43/><T66/><D66/><U39/><E39/><V64/><F128/><W14/><G125/><T68/><D68/><U111/><E67/><V40/><F64/><W38/><G127/><T87/><D87/><U103/><E111/><V75/><F108/><W77/><G86/><T1/><D1/><U56/><E28/><V60/><F30/><W65/><G109/><T59/><D59/><U9/><E56/><V92/><F92/><W130/><G65/><T82/><D82/><U114/><E95/><V72/><F72/><W31/><G31/><T76/><D76/><AGARI ba="0,1" hai="40,41,44,49,55,60,61,63,75,76,81" m="45643" machi="76" ten="30,1000,0" yaku="12,1" doraHai="13" who="2" fromWho="0" sc="240,-10,250,0,250,20,250,0" /><INIT seed="1,0,0,0,3,75" ten="230,250,270,250" oya="1" hai0="50,51,64,61,92,101,89,68,72,83,114,39,97" hai1="100,53,133,106,49,21,94,85,107,127,42,6,30" hai2="22,111,88,113,129,0,48,67,12,105,46,14,93" hai3="62,52,121,3,10,123,115,34,78,28,104,86,41"/><U15/><E127/><V23/><F105/><W8/><G104/><T117/><D117/><U70/><E70/><V60/><F0/><W110/><G115/><T98/><D39/><U20/><E42/><V29/><F111/><W4/><G110/><T119/><D119/><U118/><E133/><V7/><F113/><W74/><G86/><T25/><D114/><U44/><E118/><V36/><F36/><W134/><G134/><T19/><D19/><U82/><E107/><V81/><F81/><W108/><G108/><T80/><D25/><N who="1" m="16679" /><E106/><V18/><F129/><W99/><G99/><T16/><D16/><N who="1" m="10399" /><E6/><V71/><F7/><W40/><G121/><T132/><D132/><U122/><E122/><V13/><F29/><W112/><G123/><T45/><D72/><U69/><E69/><V37/><F37/><W1/><G112/><T26/><D26/><U95/><E100/><V33/><F33/><W56/><G34/><T11/><D11/><U116/><E116/><V35/><F23/><W38/><G10/><T27/><D27/><U76/><AGARI ba="0,0" hai="44,49,53,76,82,85,94,95" m="10399,16679" machi="76" ten="30,6000,0" yaku="8,1,52,1,54,1" doraHai="75" who="1" fromWho="1" sc="230,-20,250,60,270,-20,250,-20" /><INIT seed="1,1,0,5,4,87" ten="210,310,250,230" oya="1" hai0="82,23,18,47,134,69,125,130,21,20,29,67,119" hai1="111,62,30,85,66,68,22,16,52,2,96,0,25" hai2="34,6,132,131,37,39,100,1,115,80,7,41,120" hai3="75,127,97,32,19,35,48,61,73,53,98,44,78"/><U76/><E111/><V122/><F131/><W49/><G127/><T4/><D119/><U12/><E96/><V64/><F132/><W5/><G5/><T31/><D134/><U92/><E76/><V26/><F115/><W112/><G112/><T43/><D125/><U58/><E92/><V118/><F118/><W17/><G61/><T123/><D130/><U45/><E45/><V54/><F64/><W15/><G78/><T42/><D4/><U103/><E85/><V99/><F54/><W72/><G49/><T70/><D123/><U135/><E103/><V110/><F80/><W3/><G3/><T94/><D82/><U9/><E135/><V79/><F79/><W60/><G60/><AGARI ba="1,0" hai="0,2,9,12,16,22,25,30,52,58,60,62,66,68" machi="60" ten="30,5800,0" yaku="7,1,54,2" doraHai="87" who="1" fromWho="3" sc="210,0,310,61,250,0,230,-61" /><INIT seed="1,2,0,1,3,78" ten="210,371,250,169" oya="1" hai0="99,91,119,31,45,16,6,66,0,130,107,20,7" hai1="52,133,114,89,94,122,108,22,36,14,77,87,110" hai2="124,117,120,126,70,79,62,8,81,41,58,83,17" hai3="121,68,57,54,51,25,63,135,50,103,38,53,34"/><U44/><E122/><V56/><F117/><W39/><G103/><T28/><D119/><U2/><E2/><V111/><F120/><W72/><G72/><T115/><D115/><U35/><E35/><V5/><F111/><N who="1" m="42537" /><E114/><V128/><F128/><W116/><G116/><T24/><D130/><U90/><E133/><V1/><F41/><W73/><G73/><T37/><D37/><U21/><E77/><V18/><F70/><W23/><G121/><T109/><D109/><U101/><E101/><V113/><F58/><W47/><G34/><T27/><D107/><U86/><E14/><V69/><F69/><W40/><G135/><T67/><D45/><U125/><E125/><N who="2" m="48235" /><F113/><W76/><G76/><T123/><D123/><U26/><E26/><V100/><F100/><W29/><REACH who="3" step="1"/><G68/><REACH who="3" ten="210,371,250,159" step="2"/><T88/><D31/><U82/><E36/><V33/><F33/><W129/><G129/><T43/><D91/><U96/><E96/><V30/><F30/><W13/><G13/><T104/><D88/><U92/><E94/><V97/><F97/><W74/><G74/><T85/><D99/><U59/><E44/><AGARI ba="2,1" hai="23,25,29,38,39,40,44,47,50,51,53,54,57,63" machi="44" ten="30,2000,0" yaku="1,1,7,1,53,0" doraHai="78" doraHaiUra="131" who="3" fromWho="1" sc="210,0,371,-26,250,0,159,36" /><INIT seed="2,0,0,1,3,116" ten="210,345,250,195" oya="2" hai0="120,75,47,32,126,59,84,55,70,28,71,115,4" hai1="135,72,99,52,6,25,23,26,89,22,127,90,129" hai2="39,97,95,128,102,58,54,10,104,12,44,0,105" hai3="108,21,65,40,64,123,35,124,19,20,57,113,133"/><V56/><F128/><W88/><G35/><T46/><D75/><U7/><E72/><V49/><F0/><W131/><G131/><T38/><D4/><U48/><E129/><V17/><REACH who="2" step="1"/><F39/><REACH who="2" ten="210,345,240,195" step="2"/><W31/><G113/><T37/><D115/><U13/><E135/><V77/><F77/><W107/><G133/><T14/><D38/><U16/><E127/><V24/><F24/><W15/><G124/><T101/><D126/><U66/><E26/><V53/><F53/><W67/><G108/><T103/><D37/><U73/><E52/><V92/><F92/><W30/><G107/><AGARI ba="0,1" hai="10,12,17,44,49,54,56,58,95,97,102,104,105,107" machi="107" ten="40,3900,0" yaku="1,1,53,1" doraHai="116" doraHaiUra="42" who="2" fromWho="3" sc="210,0,345,0,240,49,195,-39" /><INIT seed="2,1,0,2,4,78" ten="210,345,289,156" oya="2" hai0="54,50,135,80,103,112,66,53,115,129,42,86,36" hai1="101,91,88,45,96,49,116,132,106,123,83,73,82" hai2="64,77,69,33,11,10,94,19,40,41,109,51,89" hai3="22,105,35,68,65,59,113,84,46,121,99,127,24"/><V27/><F69/><W72/><G121/><T21/><D135/><U25/><E116/><V55/><F64/><W126/><G72/><T104/><D129/><U71/><E71/><V131/><F77/><W70/><G113/><T31/><D36/><U13/><E132/><V18/><F131/><W48/><G35/><T26/><D42/><N who="2" m="16490" /><F33/><W5/><G5/><T62/><D103/><U17/><E25/><V61/><F61/><W90/><G65/><T100/><D100/><U119/><E119/><V43/><F43/><W12/><G68/><T117/><D104/><U2/><E2/><V29/><F29/><W9/><G70/><T128/><D128/><U130/><E123/><V58/><F109/><W14/><G126/><T4/><D4/><U67/><E67/><V133/><F133/><W52/><G127/><T118/><D62/><U124/><E124/><V32/><F32/><W63/><G105/><T111/><D66/><U7/><E73/><V114/><F114/><N who="0" m="43562" /><D53/><N who="1" m="29871" /><E7/><V34/><F34/><W75/><G75/><T3/><D3/><U57/><E106/><V92/><F92/><W134/><G134/><T79/><D111/><U76/><E76/><V107/><F107/><W15/><G9/><N who="2" m="3081" /><F27/><W74/><G74/><T23/><D23/><N who="1" m="11695" /><E130/><V6/><F6/><W0/><G0/><T110/><D110/><U28/><E28/><V85/><AGARI ba="1,0" hai="18,19,51,55,58,85,89,94" m="3081,16490" machi="85" ten="30,1500,0" yaku="8,1" doraHai="78" who="2" fromWho="2" sc="210,-6,345,-6,289,18,156,-6" /><INIT seed="2,2,0,4,4,15" ten="204,339,307,150" oya="2" hai0="83,34,93,118,129,79,115,52,89,80,60,1,123" hai1="23,125,7,121,65,17,95,78,105,101,45,135,92" hai2="32,74,90,3,77,55,53,134,30,19,127,10,99" hai3="61,36,66,108,110,131,0,18,126,58,132,33,31"/><V12/><F134/><W111/><G132/><T122/><D1/><U67/><E135/><V116/><F116/><W72/><G126/><T41/><D34/><U25/><E125/><V51/><F127/><W87/><G72/><T40/><D118/><U133/><E133/><V21/><F77/><W11/><G131/><T2/><D2/><U113/><E113/><V82/><F74/><W104/><G104/><T6/><D6/><U97/><E121/><V128/><F128/><W96/><G36/><T70/><D115/><U4/><E78/><V91/><F82/><W63/><G96/><T24/><D129/><U44/><E105/><V9/><F55/><W117/><G117/><T35/><D83/><U68/><E68/><V62/><F62/><W20/><G33/><T102/><D102/><U54/><E95/><V37/><F37/><W84/><G31/><N who="0" m="19943" /><D70/><U71/><E71/><V28/><F99/><W26/><REACH who="3" step="1"/><G63/><REACH who="3" ten="204,339,307,140" step="2"/><T94/><D123/><U46/><E54/><V48/><F30/><W120/><G120/><T64/><D122/><U57/><E57/><V50/><F53/><W16/><G16/><T75/><D52/><U86/><E86/><V88/><F32/><W22/><G22/><T14/><D60/><U47/><E47/><V27/><F10/><W76/><G76/><T98/><D79/><U8/><E8/><V49/><F49/><W5/><AGARI ba="2,1" hai="0,5,11,18,20,26,58,61,66,84,87,108,110,111" machi="5" ten="40,8000,1" yaku="1,1,0,1,14,1,52,1,53,0" doraHai="15" doraHaiUra="73" who="3" fromWho="3" sc="204,-22,339,-22,307,-42,140,96" /><INIT seed="3,0,0,3,0,68" ten="182,317,265,236" oya="3" hai0="120,58,12,71,85,55,6,128,99,66,19,60,40" hai1="0,16,103,20,63,106,108,77,13,1,44,82,113" hai2="11,32,56,117,67,84,26,79,135,64,45,86,38" hai3="31,78,118,36,30,15,43,8,42,69,121,49,59"/><W29/><G118/><T51/><D120/><U9/><E113/><V98/><F117/><W33/><G121/><T115/><D115/><U94/><E106/><V41/><F135/><W122/><G122/><T132/><D132/><U104/><E104/><V75/><F98/><W125/><G33/><T62/><D128/><U129/><E108/><V81/><F11/><W61/><G125/><T80/><D99/><U48/><E103/><V65/><REACH who="2" step="1"/><F56/><REACH who="2" ten="182,317,255,236" step="2"/><W50/><G59/><T116/><D116/><U123/><E9/><V97/><F97/><W100/><G8/><T27/><D6/><U53/><E123/><V54/><F54/><W24/><G69/><T87/><D27/><U102/><E129/><V131/><F131/><W112/><G24/><T34/><D34/><U23/><E20/><V74/><F74/><W70/><G70/><T57/><D80/><U47/><E102/><V35/><F35/><W105/><G100/><T76/><D76/><U7/><E53/><V5/><F5/><W17/><G78/><T91/><D91/><U10/><E82/><V93/><F93/><W2/><G105/><T133/><D133/><U73/><E77/><V110/><F110/><W72/><G72/><T28/><D28/><AGARI ba="0,1" hai="26,28,32,38,41,45,64,65,67,75,79,81,84,86" machi="28" ten="40,2600,0" yaku="1,1,52,1,53,0" doraHai="68" doraHaiUra="109" who="2" fromWho="0" sc="182,-26,317,0,255,36,236,0" owari="156,-34.4,317,41.7,291,9.1,236,-16.4" /></mjloggm>