<mjloggm ver="2.3"><GO type="225" lobby="0"/><UN n0="%E5%B5%90%E9%9B%B2%E3%81%AE%E3%82%AB%E3%83%A9%E3%82%B9" n1="%72%61%6B%33" n2="%E6%87%B6%E5%B0%8F%E7%90%B3%E2%98%86" n3="%E8%B7%AF%E9%9C%B8" dan="16,17,16,17" rate="2067.81,2211.21,2135.12,2174.71" sx="F,M,M,M"/><TAIKYOKU oya="0"/><INIT seed="0,0,0,0,1,74" ten="250,250,250,250" oya="0" hai0="59,100,20,7,134,111,35,36,103,21,63,135,86" hai1="32,4,13,73,77,131,104,24,10,62,27,70,14" hai2="34,116,1,15,69,133,125,92,67,9,8,29,45" hai3="118,72,98,119,101,44,113,19,99,102,60,51,16"/><T23/><D35/><U61/><E131/><V76/><F133/><N who="0" m="50698" /><D36/><U66/><E104/><V79/><F125/><W81/><G113/><T11/><D86/><U85/><E73/><V42/><F116/><W96/><G60/><T3/><D111/><U47/><E32/><V112/><F112/><W83/><G118/><T40/><D40/><U55/><E14/><V130/><F130/><W106/><G119/><T117/><D117/><U126/><E126/><V88/><F69/><W122/><G122/><T105/><D105/><U82/><REACH who="1" step="1"/><E47/><REACH who="1" ten="250,240,250,250" step="2"/><V110/><F110/><W46/><G72/><T18/><D18/><N who="3" m="6697" /><G44/><T56/><D56/><AGARI ba="0,1" hai="4,10,13,24,27,55,56,61,62,66,70,77,82,85" machi="56" ten="40,5200,0" yaku="1,1,52,1,53,1" doraHai="74" doraHaiUra="52" who="1" fromWho="0" sc="250,-52,240,62,250,0,250,0" /><INIT seed="1,0,0,2,2,121" ten="198,302,250,250" oya="1" hai0="7,112,85,124,123,2,50,23,55,25,73,11,76" hai1="79,132,93,26,46,70,134,14,95,126,22,57,82" hai2="99,96,13,107,104,20,128,129,58,62,127,78,15" hai3="12,21,101,92,28,116,84,110,33,9,64,108,120"/><U89/><E70/><V122/><F122/><W32/><G120/><T119/><D123/><U67/><E126/><V19/><F127/><W30/><G64/><T52/><D124/><U39/><E14/><V59/><F78/><W68/><G68/><T48/><D119/><U43/><E67/><V133/><F133/><N who="1" m="51305" /><E57/><V81/><F81/><W17/><G116/><T102/><D112/><U94/><E89/><V100/><F62/><W69/><G69/><T125/><D125/><U65/><E65/><V109/><F100/><W86/><G101/><T63/><D102/><U53/><E53/><V130/><F130/><W72/><G72/><T60/><D73/><N who="1" m="43375" /><E95/><V56/><F56/><W34/><G92/><T103/><D103/><U113/><E113/><V35/><F128/><W41/><G41/><T88/><D76/><U37/><E37/><V75/><F129/><W71/><G71/><T16/><D55/><U131/><E131/><V105/><F105/><W77/><G77/><T114/><D114/><U5/><E5/><V47/><F104/><W29/><REACH who="3" step="1"/><G9/><REACH who="3" ten="198,302,250,240" step="2"/><T10/><D11/><U61/><E94/><V49/><F107/><W115/><G115/><T135/><D48/><U31/><E93/><V36/><F49/><W42/><G42/><T80/><REACH who="0" step="1"/><D135/><REACH who="0" ten="188,302,250,240" step="2"/><U40/><E43/><V45/><F96/><W54/><G54/><T18/><D18/><U83/><E61/><V24/><F99/><W66/><G66/><T117/><D117/><U0/><E40/><V97/><F97/><W6/><G6/><T118/><D118/><U111/><E39/><V51/><F36/><RYUUKYOKU ba="0,2" sc="188,15,302,-15,250,-15,240,15" hai0="2,7,10,16,23,25,50,52,60,63,80,85,88" hai3="12,17,21,28,29,30,32,33,34,84,86,108,110" /><INIT seed="2,1,2,0,4,116" ten="203,287,235,255" oya="2" hai0="96,81,43,78,72,47,53,42,127,40,57,34,59" hai1="48,106,76,99,45,124,83,55,70,18,58,1,113" hai2="69,85,21,23,82,107,13,87,105,131,90,26,51" hai3="15,10,97,16,75,103,22,61,28,44,37,130,133"/><V114/><F114/><W11/><G75/><T27/><D34/><U80/><E113/><V121/><F121/><W60/><G130/><T9/><D27/><U122/><E70/><V49/><F69/><W119/><G119/><T73/><D73/><U104/><E1/><V7/><F131/><W46/><G133/><T24/><D24/><U111/><E111/><V8/><F21/><W101/><G37/><T98/><D127/><U63/><E124/><V123/><F123/><W56/><G61/><T71/><D71/><U126/><E126/><V120/><F120/><W52/><G28/><T95/><D9/><N who="3" m="3081" /><G97/><T64/><D64/><U117/><E117/><V102/><F102/><AGARI ba="1,2" hai="15,16,22,44,46,52,56,60,101,102,103" m="3081" machi="102" ten="30,3900,0" yaku="8,1,54,2" doraHai="116" who="3" fromWho="2" sc="203,0,287,0,235,-42,255,62" /><INIT seed="3,0,0,4,2,51" ten="203,287,193,317" oya="3" hai0="105,125,108,126,1,50,40,23,106,64,33,66,26" hai1="73,131,100,28,24,52,12,37,111,54,49,114,67" hai2="95,120,62,35,123,29,17,69,9,44,118,0,79" hai3="109,78,115,41,65,27,98,112,116,101,84,81,82"/><W90/><G116/><T5/><D108/><U34/><E114/><V74/><F118/><W32/><G109/><T68/><D33/><U22/><E111/><V76/><F95/><W20/><G32/><T19/><D5/><U127/><E37/><V2/><F44/><W92/><G41/><T128/><D1/><U13/><E73/><V45/><F45/><W87/><G65/><T61/><D66/><U38/><E38/><V102/><F102/><W55/><G55/><N who="1" m="21034" /><E34/><V97/><F97/><W91/><G101/><T75/><D75/><U121/><E121/><N who="2" m="46667" /><F17/><AGARI ba="0,0" hai="17,20,27,78,81,82,84,87,90,91,92,98,112,115" machi="17" ten="30,1500,0" yaku="7,1" doraHai="51" who="3" fromWho="2" sc="203,0,287,0,193,-15,317,15" owari="203,-19.7,287,8.7,178,-32.2,332,43.2" /></mjloggm>