<mjloggm ver="2.3"><GO type="225" lobby="0"/><UN n0="%E6%98%93%E5%88%A9%E8%96%A9%E4%BC%AF" n1="%77%72%77%72%77%72%77%72" n2="%E5%A4%96%E5%B7%9D%E7%AB%9C%E6%88%90" n3="%E3%81%82%E3%81%B9%E3%81%99%E3%81%91" dan="16,16,16,16" rate="2053.35,2198.66,2165.31,2150.43" sx="F,M,M,M"/><TAIKYOKU oya="0"/><INIT seed="0,0,0,2,1,54" ten="250,250,250,250" oya="0" hai0="96,33,113,108,11,6,55,117,18,128,85,69,51" hai1="24,61,5,3,104,91,83,97,116,35,125,31,79" hai2="10,62,59,102,68,76,110,122,133,105,20,135,8" hai3="14,34,0,41,118,56,65,50,73,75,57,21,7"/><T28/><D113/><U127/><E116/><V71/><F122/><W70/><G118/><T47/><D117/><U94/><E104/><V40/><F40/><W114/><G34/><T89/><D128/><U63/><E5/><V98/><F76/><W9/><G114/><T27/><D108/><U80/><E80/><V124/><F20/><W132/><G70/><N who="2" m="26665" /><F110/><W82/><G132/><N who="2" m="50761" /><F124/><N who="1" m="47689" /><E3/><V74/><F74/><AGARI ba="0,0" hai="24,31,35,61,63,74,79,83,91,94,97" m="47689" machi="74" ten="30,1000,0" yaku="18,1" doraHai="54" who="1" fromWho="2" sc="250,0,250,10,250,-10,250,0" /><INIT seed="1,0,0,1,4,71" ten="250,260,240,250" oya="1" hai0="52,32,124,28,48,31,76,11,128,18,125,88,39" hai1="133,38,67,132,6,56,69,41,57,35,59,36,80" hai2="102,121,49,21,85,93,72,103,84,61,82,97,47" hai3="60,30,4,73,123,130,1,86,127,54,116,110,112"/><U0/><E35/><V109/><F121/><W113/><G86/><T12/><D76/><U131/><E131/><V33/><F33/><W15/><G54/><T68/><D68/><U42/><E80/><V81/><F109/><W74/><G60/><T19/><D128/><U24/><E24/><V75/><F61/><W92/><G92/><T91/><D19/><U17/><E17/><V23/><F49/><W107/><G30/><T119/><D119/><U34/><E34/><V108/><F47/><W16/><G4/><T7/><D39/><N who="1" m="14891" /><E69/><V122/><F122/><W29/><G29/><N who="0" m="11339" /><D7/><U106/><E106/><V40/><F40/><N who="1" m="15465" /><E67/><V105/><F21/><W63/><G16/><T37/><D37/><U13/><E13/><V43/><F23/><W8/><G15/><T55/><D55/><U58/><N who="1" m="14336" /><DORA hai="26" /><U9/><AGARI ba="0,0" hai="0,6,9,132,133" m="14336,15465,14891" machi="9" ten="50,12000,1" yaku="4,1,52,3" doraHai="71,26" who="1" fromWho="1" sc="250,-40,260,120,240,-40,250,-40" /><INIT seed="1,1,0,2,2,47" ten="210,380,200,210" oya="1" hai0="91,5,123,65,61,68,53,55,111,58,72,19,78" hai1="39,59,118,87,17,135,80,93,119,31,133,26,23" hai2="1,103,76,96,42,127,62,126,100,85,16,134,54" hai3="24,125,113,86,107,79,49,124,94,40,52,25,30"/><U98/><E39/><V34/><F34/><W14/><G113/><T15/><D111/><U67/><E17/><V130/><F1/><W110/><G107/><T46/><D123/><U88/><E59/><V106/><F103/><W7/><G110/><T69/><D5/><U3/><E67/><V28/><F28/><W60/><G40/><T120/><D120/><U21/><E21/><V13/><F42/><W74/><G74/><T8/><D78/><U115/><E115/><V48/><F62/><W132/><G60/><T83/><D72/><U121/><E3/><V71/><F71/><W9/><G132/><N who="1" m="50762" /><E121/><V10/><F130/><W114/><G114/><T102/><D102/><AGARI ba="1,0" hai="23,26,31,80,87,88,93,98,102,118,119" m="50762" machi="102" ten="30,2900,0" yaku="20,1,54,1" doraHai="47" who="1" fromWho="0" sc="210,-32,380,32,200,0,210,0" /><INIT seed="1,2,0,1,1,124" ten="178,412,200,210" oya="1" hai0="3,27,68,72,40,29,69,100,2,54,64,43,0" hai1="21,82,119,60,57,98,47,91,120,8,135,10,116" hai2="14,105,113,49,122,33,83,130,24,36,92,6,65" hai3="127,35,38,56,81,30,77,104,41,85,42,28,112"/><U53/><E120/><V101/><F36/><W125/><G112/><T128/><D72/><U5/><E135/><V9/><F92/><W121/><G121/><T109/><D109/><U126/><E126/><N who="3" m="48138" /><G104/><T16/><D100/><U90/><E21/><V106/><F65/><W79/><G35/><T31/><D128/><U1/><E10/><V133/><F133/><W88/><G56/><T108/><D108/><U58/><E47/><V26/><F106/><W13/><G13/><T12/><D54/><U76/><E57/><V37/><F33/><W66/><G66/><T19/><D19/><U62/><E62/><V110/><F110/><W20/><G20/><T117/><D117/><U63/><E63/><V45/><F113/><W22/><G22/><T111/><D111/><U96/><E119/><V39/><F122/><W46/><G42/><T34/><D31/><AGARI ba="2,0" hai="28,30,31,38,41,46,77,79,81,85,88" m="48138" machi="31" ten="30,2000,0" yaku="18,1,54,1" doraHai="124" who="3" fromWho="0" sc="178,-26,412,0,200,0,210,26" /><INIT seed="2,0,0,0,0,68" ten="152,412,200,236" oya="2" hai0="92,39,95,134,3,101,40,66,80,10,23,83,62" hai1="91,88,26,50,105,24,56,17,99,125,64,22,53" hai2="111,103,106,34,70,20,48,98,5,84,27,115,44" hai3="109,28,51,74,52,58,81,59,32,122,114,100,65"/><V128/><F115/><W132/><G122/><T30/><D134/><U4/><E125/><V82/><BYE who="3" /><F70/><UN n3="%E3%81%82%E3%81%B9%E3%81%99%E3%81%91" /><W85/><G109/><T135/><D135/><U15/><E64/><V49/><F34/><W18/><G74/><T120/><D120/><U123/><E123/><V35/><F35/><W12/><G114/><T76/><D83/><U93/><E105/><V25/><F111/><W43/><G43/><T71/><D101/><U72/><E72/><V73/><F73/><W87/><G100/><T0/><D30/><U37/><E37/><V61/><F61/><N who="3" m="38071" /><G32/><T116/><D23/><U107/><E107/><V89/><F5/><W60/><G28/><T108/><D116/><U16/><E4/><V102/><F102/><W41/><G87/><T11/><D108/><U31/><E31/><V131/><F48/><W69/><G41/><T54/><D54/><U90/><E26/><V42/><REACH who="2" step="1"/><F27/><REACH who="2" ten="152,412,190,236" step="2"/><W129/><G69/><T47/><D3/><U126/><E126/><V36/><F36/><W7/><G132/><T94/><REACH who="0" step="1"/><D0/><REACH who="0" ten="142,412,190,236" step="2"/><U79/><E50/><V104/><F104/><W45/><G51/><T6/><D6/><U38/><E24/><V14/><F14/><W57/><G7/><T117/><D117/><U9/><E15/><V118/><F118/><W119/><G12/><T113/><D113/><U1/><E1/><V2/><F2/><W96/><G119/><T55/><D55/><U86/><E53/><V63/><F63/><W46/><G52/><T78/><D78/><U97/><E38/><V21/><F21/><W124/><G60/><T13/><D13/><RYUUKYOKU ba="0,2" sc="142,15,412,-15,190,15,236,-15" hai0="10,11,39,40,47,62,66,71,76,80,92,94,95" hai2="20,25,42,44,49,82,84,89,98,103,106,128,131" /><INIT seed="2,1,2,4,0,89" ten="157,397,205,221" oya="2" hai0="52,1,72,12,51,31,33,84,60,4,86,43,27" hai1="126,95,132,13,14,112,124,82,113,59,116,104,9" hai2="29,56,96,21,87,47,81,106,15,117,10,76,20" hai3="91,50,3,111,30,49,58,71,107,74,26,55,93"/><V100/><F117/><W128/><G74/><T92/><D72/><U115/><E104/><V119/><F119/><W2/><G107/><T17/><D43/><U120/><E116/><V80/><F29/><W99/><G111/><T135/><D135/><U94/><E132/><V70/><F70/><W125/><G125/><N who="1" m="48234" /><E120/><V63/><F47/><W44/><G71/><T77/><D60/><U42/><E42/><V131/><F81/><W38/><G38/><T69/><D69/><U54/><E82/><V68/><F131/><W34/><G128/><T48/><D48/><N who="1" m="31175" /><E14/><V57/><F57/><W121/><G121/><T75/><D75/><U130/><E130/><V78/><F68/><W83/><G83/><T6/><D77/><U23/><E23/><V62/><F78/><W61/><G61/><T0/><D1/><U53/><E53/><AGARI ba="1,2" hai="2,3,26,30,34,44,49,50,53,55,58,91,93,99" machi="53" ten="30,2000,0" yaku="7,1,52,1" doraHai="89" who="3" fromWho="1" sc="157,0,397,-23,205,0,221,43" /><INIT seed="3,0,0,1,1,113" ten="157,374,205,264" oya="3" hai0="128,74,69,43,62,64,91,135,104,102,105,42,14" hai1="109,9,40,34,114,122,121,119,133,18,95,130,99" hai2="31,27,71,3,110,39,67,51,81,38,17,101,77" hai3="75,92,65,115,10,58,126,134,36,118,29,24,41"/><W35/><G118/><T30/><D128/><U116/><E114/><V66/><F17/><W93/><G126/><T127/><D127/><U70/><E130/><V132/><F66/><W88/><G134/><T84/><D135/><U28/><E133/><V98/><F51/><W80/><G93/><T45/><D74/><U63/><E40/><V131/><F3/><W59/><G65/><T78/><D78/><U86/><E86/><V15/><F15/><W44/><G80/><T97/><D104/><U90/><E109/><V49/><F49/><W106/><G106/><T52/><D14/><N who="1" m="7503" /><E63/><N who="2" m="40447" /><F110/><W0/><G75/><T111/><D111/><U124/><E70/><V100/><F100/><W8/><G8/><T2/><D2/><U129/><E129/><V123/><F123/><W50/><G50/><T13/><D13/><U125/><E122/><V96/><F96/><W55/><G55/><T23/><D45/><U37/><E37/><V16/><F16/><W19/><G115/><T21/><D52/><U48/><E48/><V120/><F120/><W87/><G19/><T33/><D43/><U20/><E34/><N who="2" m="20863" /><F132/><W12/><G12/><T1/><D1/><U5/><E121/><V94/><F131/><W108/><G108/><T22/><D42/><U60/><E60/><V7/><F7/><W79/><G0/><T76/><D76/><U6/><E125/><V112/><F112/><W53/><G79/><T72/><D72/><U57/><E124/><V26/><F26/><W117/><G24/><N who="0" m="16655" /><D33/><U82/><E5/><V85/><F38/><W68/><G36/><T11/><D11/><RYUUKYOKU ba="0,0" sc="157,15,374,-15,205,15,264,-15" hai0="22,23,62,64,69,84,91,97,102,105" hai2="39,77,81,85,94,98,101" owari="172,-32.8,359,45.9,220,-18.0,249,4.9" /></mjloggm>