<mjloggm ver="2.3"><GO type="225" lobby="0"/><UN n0="%6D%75%75%6D%75%72%61" n1="%E8%81%B7%E6%A5%AD%E3%80%81%E9%A2%A8%32" n2="%E3%81%99%E3%81%84%E3%81%BE%E3%81%9B%E3%83%BC%E3%82%93" n3="%E9%80%9F%E6%B0%B4%E5%87%9B%E9%A6%99" dan="16,16,16,16" rate="2099.69,2081.62,2114.61,2062.95" sx="F,M,M,F"/><TAIKYOKU oya="0"/><INIT seed="0,0,0,4,0,57" ten="250,250,250,250" oya="0" hai0="5,46,44,0,75,7,99,117,4,124,41,69,100" hai1="80,118,132,29,102,107,119,36,61,70,90,9,54" hai2="50,87,56,11,15,14,123,96,21,79,20,133,37" hai3="55,31,106,89,120,83,16,3,73,19,103,12,126"/><T84/><D117/><U82/><E132/><V24/><F123/><W109/><G3/><T33/><D75/><U1/><E36/><V10/><F37/><W77/><G120/><T35/><D124/><U18/><E29/><V97/><F133/><W22/><G126/><T23/><D0/><U115/><E82/><N who="2" m="47583" /><F15/><W93/><G109/><T53/><D69/><U98/><E115/><V110/><F10/><W65/><G65/><T47/><D41/><U78/><E90/><V122/><F110/><W111/><G111/><T72/><D72/><U104/><E104/><V128/><F128/><W129/><G129/><T2/><D2/><U38/><E38/><V81/><F81/><W71/><G71/><T127/><D127/><U85/><E70/><V25/><F21/><W43/><G43/><T92/><D84/><U134/><E134/><V42/><F24/><W8/><G31/><T32/><D23/><U94/><E107/><V91/><F91/><W135/><G135/><T114/><REACH who="0" step="1"/><D53/><REACH who="0" ten="240,250,250,250" step="2"/><U121/><E121/><V52/><F42/><W68/><G68/><T63/><D63/><U39/><E1/><V88/><F122/><W105/><G55/><T26/><D26/><U49/><E118/><V34/><F20/><W58/><G22/><T86/><D86/><U40/><E119/><V113/><F25/><W59/><G73/><T62/><D62/><U101/><E61/><V30/><F113/><AGARI ba="0,1" hai="4,5,7,32,33,35,44,46,47,92,99,100,113,114" machi="113" ten="50,9600,0" yaku="1,1,29,2,53,0" doraHai="57" doraHaiUra="45" who="0" fromWho="2" sc="240,106,250,0,250,-96,250,0" /><INIT seed="0,1,0,2,2,33" ten="346,250,154,250" oya="0" hai0="28,85,99,14,72,87,6,129,52,81,118,51,94" hai1="120,19,63,43,70,27,13,11,84,30,133,59,7" hai2="110,48,75,25,12,135,53,42,69,134,123,128,55" hai3="35,26,98,46,90,131,88,24,57,126,68,56,37"/><T104/><D118/><U58/><E120/><V109/><F75/><W106/><G68/><T66/><D129/><U86/><E133/><N who="2" m="50699" /><F123/><W74/><G74/><T124/><D124/><U101/><E43/><V39/><F25/><W54/><G131/><T105/><D72/><U10/><E101/><V119/><F12/><W22/><G126/><T2/><D66/><U0/><E70/><V49/><F128/><W4/><G4/><T100/><D28/><U21/><REACH who="1" step="1"/><E59/><REACH who="1" ten="346,240,154,250" step="2"/><N who="2" m="33191" /><F69/><W15/><G57/><T121/><D121/><U34/><E34/><V92/><F119/><W112/><G56/><T64/><D100/><U20/><E20/><V127/><F127/><W60/><G22/><T38/><D105/><U65/><AGARI ba="1,1" hai="0,7,10,11,13,19,21,27,30,58,63,65,84,86" machi="65" ten="20,8000,1" yaku="1,1,0,1,7,1,52,1,53,1" doraHai="33" doraHaiUra="18" who="1" fromWho="1" sc="346,-41,240,93,154,-21,250,-21" /><INIT seed="1,0,0,5,4,91" ten="305,333,133,229" oya="1" hai0="58,52,66,19,29,76,96,35,50,65,77,48,103" hai1="40,90,16,75,3,85,83,68,105,22,94,4,8" hai2="60,72,95,57,21,20,2,98,12,63,71,100,37" hai3="84,114,111,135,24,41,70,121,88,33,18,9,131"/><U93/><E68/><V106/><F2/><W69/><G121/><T134/><D134/><U129/><E129/><V62/><F37/><W59/><G114/><T46/><D35/><U47/><E105/><V89/><F72/><W31/><G131/><T125/><D29/><U38/><E75/><V92/><F71/><W56/><G135/><T28/><D28/><U34/><E34/><V122/><F122/><W26/><G111/><T0/><D0/><U127/><E127/><V6/><F106/><W81/><G41/><T79/><D125/><U73/><E73/><V117/><F117/><W32/><G32/><T64/><D19/><U17/><E17/><V133/><F133/><W130/><G130/><T120/><D120/><U104/><E104/><V86/><REACH who="2" step="1"/><F57/><REACH who="2" ten="305,333,123,229" step="2"/><W39/><G39/><T109/><D109/><U123/><E123/><V51/><F51/><W128/><G128/><T110/><D110/><U5/><E5/><V13/><F13/><AGARI ba="0,1" hai="3,4,8,13,16,22,38,40,47,83,85,90,93,94" machi="13" ten="30,11600,0" yaku="7,1,52,2,54,1" doraHai="91" who="1" fromWho="2" sc="305,0,333,126,123,-116,229,0" /><INIT seed="1,1,0,3,2,0" ten="305,459,7,229" oya="1" hai0="100,5,82,23,91,74,41,86,129,42,111,21,27" hai1="4,68,31,25,99,58,79,3,64,126,105,34,24" hai2="115,59,77,28,95,98,107,84,70,61,123,83,20" hai3="93,62,16,9,54,134,102,73,81,67,118,6,55"/><U11/><E126/><V15/><F123/><W101/><G134/><T45/><D111/><U48/><E79/><V63/><F107/><W106/><G106/><T66/><D129/><U44/><E25/><N who="2" m="16423" /><F70/><W33/><G33/><T35/><D74/><U130/><E130/><V69/><F69/><W51/><G118/><T47/><D100/><N who="1" m="62623" /><E58/><V120/><F120/><W88/><G81/><T104/><D104/><U40/><E44/><V12/><F115/><W87/><G73/><T89/><D66/><U2/><E48/><V7/><F7/><W85/><G85/><T38/><D35/><U103/><E40/><V72/><F72/><W43/><G43/><T131/><D131/><U76/><E103/><N who="2" m="60895" /><F63/><W57/><G55/><AGARI ba="1,0" hai="12,15,55,59,61,77,83,84" m="60895,16423" machi="55" ten="30,1000,0" yaku="8,1" doraHai="0" who="2" fromWho="3" sc="305,0,459,0,7,13,229,-13" /><INIT seed="2,0,0,4,2,0" ten="305,459,20,216" oya="2" hai0="4,72,106,53,2,60,97,95,50,51,28,119,44" hai1="32,90,65,24,108,56,33,135,132,52,78,49,31" hai2="73,7,109,47,12,100,62,20,118,85,9,22,91" hai3="68,133,41,25,70,122,10,98,13,130,48,21,80"/><V17/><F118/><W1/><G122/><T111/><D119/><U36/><E108/><V55/><F73/><W27/><G1/><T103/><D111/><U71/><E36/><V93/><F109/><W46/><G130/><T129/><D129/><U92/><E78/><V43/><F100/><W107/><G133/><N who="1" m="51274" /><E71/><V37/><REACH who="2" step="1"/><F17/><REACH who="2" ten="305,459,10,216" step="2"/><W42/><G70/><T102/><D72/><U15/><E65/><V29/><F29/><W84/><G68/><T89/><D28/><U83/><E31/><V57/><AGARI ba="0,1" hai="7,9,12,20,22,37,43,47,55,57,62,85,91,93" machi="57" ten="30,11700,0" yaku="1,1,0,1,52,1,53,1" doraHai="0" doraHaiUra="86" who="2" fromWho="2" sc="305,-39,459,-39,10,127,216,-39" /><INIT seed="2,1,0,4,4,106" ten="266,420,137,177" oya="2" hai0="71,123,33,135,100,124,103,92,133,99,13,2,66" hai1="31,134,119,15,42,88,85,63,45,16,11,3,109" hai2="12,28,95,35,102,87,111,41,6,56,9,112,128" hai3="5,113,104,82,51,114,64,39,91,98,55,29,94"/><V93/><F112/><N who="3" m="43115" /><G64/><T107/><D2/><U60/><E109/><V79/><F128/><W47/><G29/><T54/><D123/><U59/><E119/><V118/><F118/><W86/><G5/><T65/><D33/><U0/><E134/><N who="0" m="51209" /><D124/><U75/><E75/><V24/><F111/><W40/><G104/><T89/><D71/><U43/><E31/><V50/><F102/><N who="0" m="38954" /><D107/><U25/><E25/><V61/><F79/><N who="3" m="46431" /><G55/><T70/><D70/><U62/><E59/><V23/><F35/><W132/><G132/><T80/><D80/><U36/><REACH who="1" step="1"/><E43/><REACH who="1" ten="266,410,137,177" step="2"/><V49/><F87/><W26/><G26/><T115/><D115/><U77/><E77/><V73/><F73/><W32/><G32/><T38/><D66/><U1/><E1/><V125/><F41/><W7/><G7/><T20/><D65/><U4/><E4/><V52/><F125/><W126/><G126/><T30/><D30/><U96/><E96/><V97/><F97/><W120/><G120/><T27/><D99/><U69/><E69/><V81/><F81/><AGARI ba="1,1" hai="0,3,11,15,16,36,42,45,60,62,63,81,85,88" machi="81" ten="40,5200,0" yaku="1,1,54,2,53,0" doraHai="106" doraHaiUra="67" who="1" fromWho="2" sc="266,0,410,65,137,-55,177,0" /><INIT seed="3,0,0,4,3,99" ten="266,475,82,177" oya="3" hai0="16,28,128,78,130,3,29,12,69,125,56,107,7" hai1="113,21,15,22,103,68,61,11,133,2,47,97,123" hai2="73,48,82,84,101,63,94,39,86,26,70,87,5" hai3="0,135,18,8,95,111,89,1,122,109,49,90,132"/><W30/><G49/><T67/><D69/><U104/><E123/><V85/><F39/><W24/><G95/><T59/><D125/><U127/><E113/><V106/><F5/><W119/><G90/><T25/><D107/><U115/><E2/><N who="3" m="1130" /><G89/><T9/><D78/><U66/><E115/><V120/><F26/><W102/><G102/><T98/><D98/><U44/><E127/><V126/><F126/><W54/><G54/><T77/><D77/><U58/><E133/><N who="3" m="51274" /><G122/><T23/><D29/><U38/><E68/><V37/><F37/><W65/><G65/><T31/><D31/><U19/><E38/><V79/><F48/><W35/><G119/><T117/><D117/><U91/><E91/><N who="2" m="53607" /><F63/><W124/><G124/><T72/><D72/><U108/><E103/><V64/><F64/><W62/><G62/><N who="0" m="38343" /><D59/><U76/><E58/><V74/><F70/><W52/><G52/><T45/><D45/><U33/><E47/><V116/><F116/><W14/><AGARI ba="0,0" hai="8,14,18,24,30,35,109,111" m="51274,1130" machi="14" ten="40,7800,0" yaku="20,1,34,2" doraHai="99" who="3" fromWho="3" sc="266,-26,475,-26,82,-26,177,78" /><INIT seed="3,1,0,4,0,129" ten="240,449,56,255" oya="3" hai0="6,84,88,130,115,44,110,24,132,77,14,54,124" hai1="86,135,1,72,91,4,39,55,101,33,41,13,104" hai2="108,69,128,95,48,85,63,31,103,80,37,119,18" hai3="0,99,100,116,40,65,75,25,82,51,38,71,5"/><W49/><G116/><T8/><D110/><U3/><E135/><V109/><F37/><W59/><G59/><T45/><D132/><U23/><E72/><V111/><F31/><W26/><G65/><T68/><D68/><U61/><E33/><V113/><F18/><W28/><G71/><T76/><D130/><U58/><E101/><V92/><F48/><W74/><G74/><T117/><D117/><U7/><E104/><V94/><F63/><W16/><G16/><T107/><D107/><U56/><E1/><V21/><F21/><W125/><G125/><T105/><D105/><U114/><E3/><V30/><F30/><W32/><G25/><T36/><D36/><U34/><E34/><V90/><F69/><W79/><G99/><T35/><D124/><U96/><E96/><V60/><F60/><W10/><G100/><T27/><D115/><U97/><E97/><V42/><F42/><W118/><REACH who="3" step="1"/><G118/><REACH who="3" ten="240,449,56,245" step="2"/><T83/><D27/><U112/><E58/><V133/><F119/><W52/><G52/><T47/><D54/><U93/><E55/><V43/><F43/><W87/><G87/><T50/><D24/><U64/><E86/><V9/><F9/><W98/><G98/><T106/><D106/><U81/><E41/><V17/><F17/><W11/><G11/><T46/><D35/><U123/><E64/><V134/><F113/><W62/><G62/><T89/><D89/><U15/><E61/><V66/><F66/><W29/><G29/><T70/><D70/><U102/><E112/><V20/><F128/><W73/><G73/><T67/><D67/><RYUUKYOKU ba="1,1" sc="240,15,449,-15,56,-15,245,15" hai0="6,8,14,44,45,46,47,50,76,77,83,84,88" hai3="0,5,10,26,28,32,38,40,49,51,75,79,82" /><INIT seed="3,2,1,1,5,83" ten="255,434,41,260" oya="3" hai0="57,50,110,34,130,131,71,30,91,74,98,38,81" hai1="9,101,17,49,20,94,2,21,29,6,133,84,32" hai2="66,16,107,121,75,106,85,115,68,10,135,76,105" hai3="31,40,33,64,8,79,70,15,92,117,12,72,97"/><W60/><G117/><T18/><D38/><U24/><E133/><V44/><F16/><W0/><G40/><T88/><D71/><U35/><E49/><V111/><F44/><W13/><G33/><T25/><D110/><U47/><E47/><V59/><F59/><W90/><G31/><T134/><D134/><U82/><E94/><V114/><F66/><W22/><G22/><T119/><D119/><U5/><E101/><V61/><F61/><W48/><G48/><T127/><D127/><U108/><E108/><V104/><F10/><W102/><G0/><T103/><D18/><U51/><E6/><V78/><F135/><W46/><G46/><T37/><D37/><U129/><E51/><V126/><F68/><W55/><G55/><N who="0" m="31991" /><D74/><U95/><E95/><V27/><F27/><W109/><G109/><T132/><D81/><U118/><E118/><V7/><F7/><W128/><G128/><N who="0" m="49195" /><D132/><U11/><E11/><V63/><F111/><W87/><G72/><T125/><D125/><U100/><E100/><V54/><F126/><W3/><G3/><T80/><D80/><U45/><E45/><V93/><F121/><W96/><G79/><T124/><D124/><U69/><E69/><V86/><N who="2" m="26624" /><DORA hai="112" /><V56/><F75/><W73/><G73/><T19/><D19/><U23/><E129/><V14/><F93/><AGARI ba="2,1" hai="25,30,34,88,91,93,98,103" m="49195,31991" machi="93" ten="30,2000,0" yaku="19,1,54,1" doraHai="83,112" who="0" fromWho="2" sc="255,36,434,0,41,-26,260,0" owari="291,9.1,434,53.4,15,-48.5,260,-14.0" /></mjloggm>