<mjloggm ver="2.3"><GO type="225" lobby="0"/><UN n0="%E5%8F%AF%E5%85%90%E9%82%A3%E7%94%B1%E5%A4%9A" n1="%E3%81%AF%E3%82%88%E3%81%8A%E3%81%98%E3%81%95%E3%82%93" n2="%73%75%7A%75%6D%65%33" n3="%6D%75%75%6D%75%72%61" dan="17,17,18,16" rate="2196.37,2235.72,2172.65,2068.66" sx="F,M,M,F"/><TAIKYOKU oya="0"/><INIT seed="0,0,0,2,2,104" ten="250,250,250,250" oya="0" hai0="15,93,13,119,52,10,48,122,7,117,3,95,90" hai1="71,59,50,54,60,21,45,35,94,34,96,133,120" hai2="58,124,1,111,109,101,12,132,72,113,2,14,123" hai3="105,62,107,134,92,79,87,32,17,36,116,126,97"/><T112/><D112/><U40/><E133/><V86/><F113/><W55/><G32/><T83/><D122/><U57/><E120/><V100/><F123/><W30/><G36/><T127/><D127/><U67/><E21/><V98/><F124/><W64/><G30/><T73/><D119/><U23/><E23/><V25/><F25/><W108/><G116/><T66/><D66/><U20/><E20/><V91/><F58/><W131/><G108/><N who="2" m="41545" /><F72/><W135/><G131/><T49/><D49/><U76/><E76/><V0/><F132/><W43/><G17/><T70/><D70/><U106/><E106/><N who="2" m="63767" /><F101/><W51/><G126/><T103/><D103/><N who="1" m="60823" /><E57/><V61/><F61/><W6/><G107/><T80/><D117/><U130/><E130/><V99/><F99/><W85/><G105/><T88/><D95/><AGARI ba="0,0" hai="0,1,2,12,14,86,91,95" m="63767,41545" machi="95" ten="40,1300,0" yaku="14,1" doraHai="104" who="2" fromWho="0" sc="250,-13,250,0,250,13,250,0" /><INIT seed="1,0,0,0,0,56" ten="237,250,263,250" oya="1" hai0="107,112,33,88,50,65,22,20,1,82,99,114,78" hai1="77,15,54,102,52,126,42,17,23,64,55,29,3" hai2="106,34,19,94,49,93,16,110,98,120,74,116,104" hai3="59,58,21,127,135,6,24,125,63,81,4,95,122"/><U12/><E3/><V119/><F34/><W11/><G122/><T9/><D33/><U25/><E126/><N who="3" m="48138" /><G135/><T14/><D1/><U32/><E42/><V44/><F74/><W87/><G95/><T40/><D65/><U67/><E77/><V35/><F35/><W89/><G11/><T117/><D117/><U46/><E46/><V76/><F76/><W105/><G105/><T73/><D114/><U31/><E31/><V5/><F5/><N who="3" m="2155" /><G63/><T72/><D72/><U90/><E102/><V131/><F120/><W45/><G45/><T84/><D112/><U66/><REACH who="1" step="1"/><E90/><REACH who="1" ten="237,240,263,250" step="2"/><V103/><F103/><W92/><G92/><N who="0" m="54279" /><D40/><U129/><E129/><V28/><F94/><W62/><G62/><T68/><D50/><U13/><AGARI ba="0,1" hai="12,13,15,17,23,25,29,32,52,54,55,64,66,67" machi="13" ten="40,7800,0" yaku="1,1,0,1,54,1,53,0" doraHai="56" doraHaiUra="79" who="1" fromWho="1" sc="237,-26,240,88,263,-26,250,-26" /><INIT seed="1,1,0,0,5,80" ten="211,328,237,224" oya="1" hai0="133,123,40,67,6,118,27,88,108,115,77,55,29" hai1="58,93,100,101,78,114,112,42,11,116,34,76,104" hai2="19,120,135,94,125,102,132,17,15,13,38,28,44" hai3="91,98,107,72,10,87,99,130,18,68,83,8,25"/><U16/><E104/><V1/><F120/><W127/><G68/><T9/><D115/><U50/><E34/><V54/><F1/><W51/><G130/><T109/><D118/><U134/><E116/><V96/><F28/><W74/><G127/><T30/><D123/><U21/><E134/><N who="2" m="51243" /><F125/><W57/><G8/><T52/><D133/><U14/><E112/><V35/><F35/><W39/><G39/><T95/><D77/><U37/><E37/><V65/><F65/><W85/><G72/><T84/><D67/><U45/><E114/><V43/><F54/><N who="0" m="20522" /><D40/><U129/><E129/><V81/><F81/><N who="3" m="49583" /><G74/><T26/><D30/><U59/><E78/><V63/><F63/><W56/><G107/><T22/><D22/><U3/><E76/><V12/><AGARI ba="1,0" hai="12,13,15,17,19,38,43,44,94,96,102" m="51243" machi="12" ten="30,1100,0" yaku="20,1" doraHai="80" who="2" fromWho="2" sc="211,-4,328,-6,237,14,224,-4" /><INIT seed="2,0,0,1,3,25" ten="207,322,251,220" oya="2" hai0="26,125,71,40,52,111,74,70,49,55,110,79,132" hai1="63,50,4,20,104,58,73,81,7,121,5,41,100" hai2="102,12,84,93,87,22,124,31,85,56,96,59,117" hai3="113,10,34,53,67,47,114,91,43,105,18,76,39"/><V77/><F117/><W2/><G105/><T109/><D79/><U33/><E33/><V16/><F124/><W115/><G76/><T62/><D74/><U82/><E73/><V21/><F77/><W9/><G67/><T44/><D125/><U116/><E116/><V126/><F126/><W101/><G101/><T46/><D26/><AGARI ba="0,0" hai="12,16,21,22,26,31,56,59,84,85,87,93,96,102" machi="26" ten="40,7700,0" yaku="8,1,52,1,54,1" doraHai="25" who="2" fromWho="0" sc="207,-77,322,0,251,77,220,0" /><INIT seed="2,1,0,4,3,1" ten="130,322,328,220" oya="2" hai0="88,5,56,82,65,25,91,79,10,57,76,42,28" hai1="4,75,20,6,54,49,34,90,11,47,129,46,86" hai2="3,22,87,101,122,117,27,55,112,84,125,0,8" hai3="95,2,9,123,50,38,93,111,70,43,13,81,32"/><V130/><F117/><W116/><G38/><T126/><D126/><U127/><E34/><V12/><F112/><W14/><G116/><T53/><D42/><U124/><E75/><V92/><F122/><W48/><G70/><T40/><D40/><U39/><E129/><V104/><F104/><W103/><G32/><T16/><D65/><U60/><E39/><V15/><F130/><W33/><G33/><T133/><D133/><U121/><E121/><V19/><F125/><N who="1" m="48201" /><E46/><V94/><F0/><W107/><G111/><T64/><D64/><U41/><E11/><V89/><F3/><W80/><G107/><T36/><D36/><U96/><E96/><N who="2" m="59543" /><F55/><W128/><G2/><T68/><D68/><U73/><E73/><V119/><F119/><W17/><G128/><T18/><D28/><U58/><E20/><V52/><F84/><W98/><G43/><T74/><D79/><U85/><E86/><V35/><F35/><W134/><G98/><T66/><D66/><U61/><E60/><V24/><F52/><W100/><G134/><T109/><D109/><U77/><E77/><V23/><F8/><W118/><G118/><T132/><D132/><U115/><E115/><V83/><F83/><AGARI ba="1,0" hai="4,6,41,47,49,54,58,61,83,85,90" m="48201" machi="83" ten="30,3900,0" yaku="18,1,52,2" doraHai="1" who="1" fromWho="2" sc="130,0,322,42,328,-42,220,0" /><INIT seed="3,0,0,4,5,24" ten="130,364,286,220" oya="3" hai0="50,30,117,67,99,128,105,119,5,32,134,46,25" hai1="79,85,34,107,43,80,14,97,70,109,39,130,56" hai2="9,62,57,4,129,74,51,121,35,114,54,73,10" hai3="22,101,118,91,64,29,126,2,120,21,72,100,87"/><W122/><G118/><T42/><D128/><U78/><E70/><V98/><F114/><W84/><G72/><T20/><D134/><U124/><E34/><V132/><F129/><W83/><G2/><T0/><D20/><U103/><E130/><V90/><F132/><W135/><G135/><T81/><D81/><U15/><E109/><V68/><F35/><W113/><G126/><T76/><D76/><U75/><E124/><V23/><F23/><W8/><G113/><T123/><D123/><U49/><E39/><V19/><F19/><W13/><G21/><T71/><D5/><U11/><E79/><V88/><F9/><W41/><G41/><T89/><D0/><U66/><E66/><V6/><F6/><W12/><G64/><T36/><D50/><U96/><E97/><V59/><F68/><W55/><G55/><T125/><D89/><U52/><E43/><V60/><F51/><W115/><G115/><T69/><D125/><U82/><E11/><V31/><F31/><W44/><G44/><T94/><D94/><U112/><E112/><V104/><F121/><W40/><G40/><T106/><D71/><U1/><E1/><V26/><F104/><W127/><G127/><T3/><D3/><U17/><E17/><V7/><F7/><W37/><G37/><T92/><D92/><U63/><E49/><V93/><F90/><N who="3" m="51487" /><G22/><T95/><D95/><U65/><E65/><V27/><F74/><W38/><G38/><T131/><D131/><U61/><E63/><V102/><F73/><W18/><G122/><T111/><D111/><U86/><E75/><RYUUKYOKU ba="0,0" sc="130,-10,364,30,286,-10,220,-10" hai1="14,15,52,56,61,78,80,82,85,86,96,103,107" owari="120,-38.0,394,49.4,276,7.6,210,-19.0" /></mjloggm>