<mjloggm ver="2.3"><GO type="225" lobby="0"/><UN n0="%72%69%6F%75%63%68%61%6E" n1="%E6%98%93%E5%88%A9%E8%96%A9%E4%BC%AF" n2="%E6%A0%B9%E5%85%83%E3%81%8B%E3%82%89%E5%90%B9%E3%81%A3%E9%A3%9B%E3%81%B6" n3="%41%54%53%4D" dan="17,16,16,16" rate="2259.32,2149.03,2175.38,2143.79" sx="M,F,F,M"/><TAIKYOKU oya="0"/><INIT seed="0,0,0,5,5,47" ten="250,250,250,250" oya="0" hai0="69,67,88,122,41,48,72,97,99,109,35,58,84" hai1="31,68,9,3,44,118,17,33,56,120,45,23,19" hai2="36,92,110,39,25,12,13,85,114,76,80,42,125" hai3="106,107,16,112,91,51,104,0,75,65,101,111,52"/><T5/><D122/><U102/><E68/><V11/><F114/><W50/><G112/><T40/><D72/><U78/><E120/><V94/><F110/><W54/><G75/><T127/><D35/><U82/><E118/><V73/><F125/><W71/><G0/><T59/><D127/><U8/><E102/><V7/><F25/><W57/><G111/><T15/><D109/><U46/><E33/><V32/><F32/><W66/><G101/><T60/><D69/><U83/><E31/><V96/><F42/><W87/><G16/><N who="1" m="6218" /><E3/><V1/><F13/><W79/><G79/><T100/><D5/><U103/><E103/><V113/><F113/><W90/><G71/><T26/><D15/><U10/><E78/><V22/><F22/><W129/><G129/><T86/><D26/><U29/><E56/><V128/><F1/><W21/><G21/><T55/><D84/><U14/><E29/><V133/><F128/><W119/><G119/><T117/><D117/><U74/><E74/><V62/><F73/><W28/><G28/><T61/><D61/><U4/><E23/><V132/><F62/><W37/><G37/><N who="2" m="14409" /><F96/><N who="0" m="36938" /><D100/><U108/><E108/><V115/><F115/><W121/><G121/><T6/><D6/><U89/><E89/><V81/><F76/><W105/><N who="3" m="26624" /><DORA hai="134" /><W93/><REACH who="3" step="1"/><G91/><REACH who="3" ten="250,250,250,240" step="2"/><T30/><D30/><U131/><E131/><V49/><F133/><W123/><G123/><T130/><D130/><U2/><E2/><V34/><F132/><W18/><G18/><T27/><D27/><U53/><E4/><N who="2" m="3175" /><F34/><W95/><G95/><AGARI ba="0,1" hai="40,41,48,55,58,59,60,67,86,88,95" m="36938" machi="95" ten="30,5800,0" yaku="8,1,52,1,54,1" doraHai="47,134" who="0" fromWho="3" sc="250,68,250,0,250,0,240,-58" /><INIT seed="0,1,0,3,4,58" ten="318,250,250,182" oya="0" hai0="54,34,130,107,98,109,46,84,123,129,79,102,65" hai1="20,131,120,8,44,27,100,117,104,62,68,113,93" hai2="91,105,135,0,37,116,119,69,45,72,75,6,118" hai3="55,13,71,24,88,36,114,121,110,52,128,10,64"/><T70/><D123/><U81/><E117/><V33/><F105/><W32/><G114/><T16/><D34/><U25/><E120/><V22/><F135/><W125/><G121/><T39/><D109/><U15/><E113/><V53/><F33/><W111/><G36/><T49/><D39/><U76/><E104/><V85/><F69/><W26/><G125/><T21/><D79/><U28/><E131/><V41/><F53/><W103/><G128/><T60/><REACH who="0" step="1"/><D84/><REACH who="0" ten="308,250,250,182" step="2"/><U9/><E76/><V74/><F75/><W83/><G110/><T47/><D47/><U50/><E44/><V18/><F74/><W29/><G111/><T89/><D89/><U12/><E100/><V133/><F72/><W132/><G103/><T86/><D86/><U78/><E78/><V40/><F45/><W96/><G132/><T112/><D112/><U92/><E20/><V5/><F37/><W1/><G96/><T63/><D63/><U108/><E62/><V42/><F133/><W43/><G88/><T51/><D51/><U14/><E50/><V124/><F91/><W31/><G83/><T35/><D35/><U11/><E81/><V99/><F85/><W95/><G95/><T77/><D77/><U3/><E108/><V23/><F99/><W97/><G97/><T2/><D2/><U80/><E3/><V66/><F0/><W4/><G1/><T106/><D106/><U59/><E80/><V38/><F38/><W101/><G43/><N who="2" m="16457" /><F118/><W7/><G101/><T61/><D61/><U73/><E73/><V127/><F116/><W82/><G82/><T90/><D90/><RYUUKYOKU ba="1,1" sc="308,30,250,-10,250,-10,182,-10" hai0="16,21,46,49,54,60,65,70,98,102,107,129,130" /><INIT seed="0,2,1,3,5,110" ten="338,240,240,172" oya="0" hai0="54,31,18,9,59,55,14,48,134,96,52,57,75" hai1="56,28,91,132,123,112,83,38,27,10,58,2,0" hai2="113,15,107,33,80,118,98,42,49,60,93,71,35" hai3="78,39,24,3,88,25,5,65,120,111,37,115,114"/><T97/><D134/><U66/><E123/><V23/><F118/><W72/><G120/><T61/><D75/><U4/><E38/><V1/><F1/><W121/><G111/><T11/><D31/><U47/><E2/><V86/><F107/><W130/><G121/><T125/><D125/><U92/><E132/><V95/><F113/><N who="3" m="43019" /><G88/><T101/><D101/><U51/><E83/><V26/><F71/><W82/><G25/><T30/><D30/><U104/><E66/><V84/><F60/><W99/><G130/><T63/><REACH who="0" step="1"/><D9/><REACH who="0" ten="328,240,240,172" step="2"/><U45/><E112/><V69/><F35/><W29/><G29/><T21/><D21/><U70/><E28/><V102/><F23/><W62/><G72/><T50/><D50/><U43/><E51/><V117/><F49/><W129/><G39/><T127/><D127/><U105/><E10/><V108/><F33/><W12/><G37/><T40/><D40/><U81/><E43/><V19/><F42/><W119/><G119/><T34/><D34/><U53/><E105/><V100/><F117/><W13/><G129/><T36/><D36/><U17/><E104/><V46/><F108/><W32/><G32/><T76/><D76/><U131/><E131/><V7/><F100/><W116/><G116/><T133/><D133/><U103/><E103/><V122/><F102/><W68/><G78/><T124/><D124/><U109/><E109/><V89/><F122/><W90/><G90/><T94/><D94/><U20/><E92/><V8/><F93/><W16/><G82/><T85/><D85/><N who="2" m="32874" /><F80/><W128/><G128/><T41/><D41/><RYUUKYOKU ba="2,2" sc="328,30,240,-10,240,-10,172,-10" hai0="11,14,18,48,52,54,55,57,59,61,63,96,97" /><INIT seed="0,3,2,5,0,60" ten="358,230,230,162" oya="0" hai0="119,26,5,63,121,109,101,110,56,117,50,10,107" hai1="35,20,87,7,24,19,66,103,11,4,105,55,1" hai2="129,83,51,115,85,113,17,32,47,54,57,13,89" hai3="102,25,106,40,133,76,12,34,81,73,91,53,77"/><T70/><D121/><U22/><E7/><V68/><F129/><W6/><G133/><T21/><D70/><U16/><E55/><V27/><F68/><W37/><G77/><T114/><D50/><U64/><E87/><V58/><F32/><W96/><G53/><T31/><D114/><U104/><E35/><V44/><F27/><W9/><G91/><T86/><D86/><U93/><E93/><V36/><F47/><W72/><G72/><T135/><D135/><U130/><E130/><V84/><F84/><W38/><REACH who="3" step="1"/><G40/><REACH who="3" ten="358,230,230,152" step="2"/><T8/><D119/><U99/><E104/><V120/><F115/><W122/><G122/><T74/><D74/><U131/><E131/><V134/><F113/><W46/><G46/><T23/><D117/><U88/><E88/><V92/><F134/><W30/><AGARI ba="3,3" hai="6,9,12,25,30,34,37,38,73,76,81,96,102,106" machi="30" ten="30,2000,0" yaku="1,1,0,1,53,0" doraHai="60" doraHaiUra="126" who="3" fromWho="3" sc="358,-13,230,-8,230,-8,152,59" /><INIT seed="1,0,0,1,2,115" ten="345,222,222,211" oya="1" hai0="134,19,12,37,122,85,118,26,55,129,32,82,9" hai1="123,94,66,41,133,23,79,21,117,98,99,39,97" hai2="90,108,86,69,67,71,5,100,57,1,127,68,49" hai3="73,43,116,120,89,13,7,110,121,27,83,80,124"/><U31/><E123/><V109/><F127/><W60/><G124/><T36/><D118/><U53/><E133/><V0/><F100/><W10/><G110/><N who="2" m="42601" /><F5/><W70/><G116/><T81/><D134/><U6/><E117/><V14/><F14/><W135/><G135/><T77/><D122/><U4/><E66/><V65/><F49/><W130/><G130/><T42/><D129/><U40/><E39/><V3/><F57/><W119/><G119/><T61/><D42/><N who="1" m="16491" /><E31/><V38/><F38/><W52/><G43/><T44/><D81/><AGARI ba="0,0" hai="0,1,3,65,67,68,69,71,81,86,90" m="42601" machi="81" ten="40,1300,0" yaku="14,1" doraHai="115" who="2" fromWho="0" sc="345,-13,222,0,222,13,211,0" /><INIT seed="2,0,0,0,3,57" ten="332,222,235,211" oya="2" hai0="42,103,131,20,4,37,12,119,32,106,28,81,9" hai1="40,116,55,50,88,61,122,99,129,90,73,8,134" hai2="38,96,17,87,29,135,69,79,16,59,44,94,60" hai3="113,115,18,95,49,102,123,77,41,66,71,75,125"/><V51/><F135/><W63/><G123/><T0/><D131/><U97/><E116/><V46/><F29/><W39/><G125/><T133/><D133/><U132/><E73/><V110/><F110/><W35/><G35/><T15/><D119/><U86/><E122/><V67/><F79/><W100/><G39/><T72/><D32/><U56/><E129/><V93/><F87/><W89/><G18/><N who="2" m="7273" /><F38/><W82/><G41/><T83/><D103/><U130/><E130/><V84/><F69/><W98/><REACH who="3" step="1"/><G49/><REACH who="3" ten="332,222,235,201" step="2"/><T128/><D128/><U127/><E127/><V78/><F51/><W23/><G23/><T45/><D106/><U24/><E134/><V104/><F104/><W120/><G120/><T48/><D48/><U3/><E132/><V21/><F21/><W124/><G124/><T13/><REACH who="0" step="1"/><D72/><REACH who="0" ten="322,222,235,201" step="2"/><U68/><E50/><V70/><F44/><W27/><G27/><AGARI ba="0,2" hai="0,4,9,12,13,15,20,27,28,37,42,45,81,83" machi="27" ten="40,2600,0" yaku="1,1,2,1,53,0" doraHai="57" doraHaiUra="111" who="0" fromWho="3" sc="322,46,222,0,235,0,201,-26" /><INIT seed="3,0,0,5,2,72" ten="368,222,235,175" oya="3" hai0="102,19,112,61,101,123,17,18,13,54,58,80,105" hai1="126,129,31,28,65,73,70,2,0,21,113,74,130" hai2="34,81,78,99,14,100,23,82,121,127,53,27,88" hai3="4,135,22,36,30,87,96,84,7,125,24,20,46"/><W29/><G135/><T42/><D123/><U92/><E65/><V107/><F127/><W119/><G119/><T5/><D112/><U115/><E70/><V94/><F34/><W111/><G125/><T91/><D105/><U68/><E68/><V43/><F43/><W90/><G111/><T79/><D42/><U52/><E126/><V60/><F14/><W128/><G128/><N who="1" m="49258" /><E92/><N who="2" m="58471" /><F121/><W86/><G36/><T134/><D134/><U116/><E21/><V59/><F78/><W98/><G46/><T104/><D91/><U6/><E116/><V117/><F107/><W16/><G29/><N who="1" m="11338" /><E6/><N who="3" m="2090" /><G90/><T93/><D93/><U106/><E106/><V57/><F57/><W33/><G33/><T11/><REACH who="0" step="1"/><D104/><REACH who="0" ten="358,222,235,175" step="2"/><U132/><E132/><V25/><F117/><W9/><G9/><T49/><D49/><U77/><E113/><V39/><F39/><W41/><G41/><T76/><D76/><U55/><E77/><V95/><F88/><W38/><G38/><T89/><D89/><U109/><E115/><V8/><F95/><W133/><G133/><T108/><D108/><U110/><E109/><V103/><F94/><W69/><G69/><T1/><D1/><N who="1" m="619" /><E110/><V75/><F82/><W26/><AGARI ba="0,1" hai="16,20,22,24,26,30,84,86,87,96,98" m="2090" machi="26" ten="30,3000,0" yaku="8,1,54,1" doraHai="72" who="3" fromWho="3" sc="358,-10,222,-10,235,-10,175,40" /><INIT seed="3,1,0,3,0,129" ten="348,212,225,215" oya="3" hai0="75,23,77,82,133,122,3,45,132,71,39,74,84" hai1="40,126,56,116,2,46,12,62,44,119,24,36,66" hai2="130,104,41,37,48,11,73,107,34,123,90,31,121" hai3="68,78,64,96,102,14,51,19,33,135,113,26,42"/><W92/><G113/><T27/><D122/><U38/><E2/><V88/><F73/><W100/><G78/><T91/><D71/><N who="1" m="42455" /><E12/><V52/><F11/><W112/><G112/><T0/><D45/><N who="1" m="17515" /><E24/><N who="2" m="18791" /><F130/><W60/><G135/><N who="0" m="51787" /><D39/><N who="1" m="14891" /><E40/><V103/><F41/><W110/><G110/><T117/><D117/><N who="1" m="45131" /><E56/><N who="2" m="32775" /><F37/><W58/><G33/><T109/><D109/><U99/><E99/><N who="2" m="61567" /><F107/><W115/><G68/><T49/><D49/><U53/><E53/><V105/><F105/><W108/><G108/><T72/><D77/><U55/><E55/><V28/><F28/><AGARI ba="1,0" hai="0,3,23,27,28,72,74,75,82,84,91" m="51787" machi="28" ten="40,8000,1" yaku="20,1,52,3" doraHai="129" who="0" fromWho="2" sc="348,83,212,0,225,-83,215,0" owari="431,53.1,212,-18.8,142,-35.8,215,1.5" /></mjloggm>