<mjloggm ver="2.3"><GO type="225" lobby="0"/><UN n0="%E7%89%B9%E6%9D%B1%E3%81%AF%E4%B8%96%E7%95%8C%E3%82%92%E6%95%91%E3%81%86" n1="%E8%A8%88%E7%AE%97%E6%A9%9F%E8%87%AA%E7%84%B6" n2="%E3%83%AD%E3%83%83%E3%83%86%E9%9B%80%E7%90%83" n3="%E3%81%82%E3%82%93%E3%81%AA%E3%81%A4" dan="16,17,17,16" rate="2161.70,2222.05,2250.06,2120.06" sx="M,M,M,M"/><TAIKYOKU oya="0"/><INIT seed="0,0,0,4,4,107" ten="250,250,250,250" oya="0" hai0="29,115,130,27,122,31,112,18,95,4,76,80,16" hai1="81,110,123,14,121,70,41,37,114,102,91,35,36" hai2="117,63,30,26,0,133,104,43,94,68,39,77,42" hai3="109,24,111,90,60,119,10,72,85,79,131,98,87"/><T78/><D122/><U38/><E14/><V32/><F133/><W61/><G119/><T82/><D95/><U58/><E35/><V15/><F0/><W64/><G131/><T84/><D130/><U108/><E102/><V86/><F117/><W55/><G55/><T11/><D115/><U118/><E118/><V96/><F39/><N who="1" m="14921" /><E91/><N who="2" m="53623" /><F15/><W23/><G10/><T1/><D112/><U132/><E81/><V62/><F62/><N who="3" m="24171" /><G98/><T92/><D92/><U12/><E12/><V53/><F53/><W49/><G49/><T124/><D124/><U113/><E58/><V73/><F77/><W66/><G90/><T88/><D78/><U20/><E20/><V59/><F59/><W75/><G87/><T7/><D4/><U97/><E97/><V33/><F33/><W52/><G85/><T25/><D27/><U120/><E70/><V106/><F106/><W9/><G9/><T99/><D99/><U128/><E128/><V67/><F73/><N who="3" m="28235" /><G79/><T6/><D6/><U116/><E116/><V8/><F8/><W44/><G23/><T48/><D48/><U56/><E113/><V51/><F51/><N who="3" m="28775" /><G24/><T40/><D40/><U105/><E105/><V134/><F134/><W28/><G28/><T71/><D71/><U74/><E74/><V46/><F46/><W3/><G3/><T69/><D69/><U135/><E114/><V50/><F50/><W57/><G57/><T83/><D83/><U129/><E56/><V127/><F127/><W126/><G126/><T103/><D103/><AGARI ba="0,0" hai="26,30,32,42,43,63,67,68,96,103,104" m="53623" machi="103" ten="30,1000,0" yaku="25,1" doraHai="107" who="2" fromWho="0" sc="250,-10,250,0,250,10,250,0" /><INIT seed="1,0,0,0,5,77" ten="240,250,260,250" oya="1" hai0="115,29,14,49,71,83,39,6,24,78,98,90,131" hai1="3,32,94,5,107,132,65,127,53,2,96,43,68" hai2="89,119,10,74,104,111,34,56,112,0,47,36,21" hai3="30,84,31,48,72,103,54,82,133,59,106,26,81"/><U40/><E127/><V87/><F74/><W129/><G133/><T28/><D115/><U105/><E132/><V75/><F75/><W52/><G129/><T116/><D116/><U20/><E32/><V122/><F34/><W79/><G54/><T9/><D39/><U37/><E53/><V64/><F104/><W61/><G61/><T93/><D71/><U15/><E65/><V38/><F111/><W23/><G106/><T12/><D131/><U16/><E68/><V4/><F122/><W73/><G103/><T102/><D102/><U121/><E121/><V50/><F119/><W62/><G73/><T18/><D24/><U114/><E114/><V113/><F36/><W41/><G41/><T95/><D95/><U80/><E80/><V69/><F38/><W88/><G62/><T17/><D49/><U100/><E40/><V123/><F69/><W13/><G13/><T91/><D91/><U70/><E70/><V35/><F35/><W101/><G101/><T60/><D60/><U57/><E57/><V134/><F0/><W44/><G59/><T63/><D63/><U108/><E108/><V58/><F134/><W1/><G1/><N who="1" m="10" /><E5/><V120/><F120/><W46/><G46/><T45/><D45/><N who="1" m="23791" /><E107/><V7/><F123/><W76/><G76/><T67/><D67/><U25/><E25/><V97/><F113/><W85/><G72/><N who="0" m="43463" /><D18/><AGARI ba="0,0" hai="18,23,26,30,31,44,48,52,79,81,82,84,85,88" machi="18" ten="30,12000,2" yaku="7,1,8,1,52,2,54,2" doraHai="77" who="3" fromWho="0" sc="240,-120,250,0,260,0,250,120" /><INIT seed="2,0,0,2,2,16" ten="120,250,260,370" oya="2" hai0="5,128,51,68,79,93,97,125,76,1,104,48,27" hai1="131,4,94,12,56,65,61,17,73,25,59,36,18" hai2="47,41,52,109,70,29,62,132,92,82,28,124,2" hai3="116,3,134,57,84,110,19,75,80,74,39,30,34"/><V117/><F117/><W90/><G39/><T77/><D128/><U31/><E36/><V45/><F2/><W123/><G116/><T55/><D125/><U133/><E73/><V120/><F120/><W9/><G123/><T42/><D68/><U67/><E131/><V113/><F113/><W7/><G110/><T78/><N who="0" m="19456" /><DORA hai="20" /><T43/><D104/><U95/><E133/><V99/><F132/><W15/><G57/><T13/><D1/><U58/><E4/><V66/><F109/><W135/><G75/><T26/><D5/><U107/><E107/><V100/><F124/><W33/><G74/><T71/><D13/><U91/><E65/><V24/><F82/><W130/><G130/><T108/><D71/><U115/><E17/><V0/><F0/><W105/><G105/><T83/><D83/><U54/><E115/><V44/><F41/><N who="0" m="15370" /><D108/><U86/><E94/><V87/><F87/><W49/><G34/><T64/><D64/><U118/><E67/><V103/><F103/><W11/><G134/><T60/><D60/><U63/><E61/><V23/><REACH who="2" step="1"/><F52/><REACH who="2" ten="120,250,250,370" step="2"/><W111/><G111/><T46/><D48/><U21/><REACH who="1" step="1"/><E118/><REACH who="1" ten="120,240,250,370" step="2"/><V72/><F72/><W32/><G135/><T127/><D127/><U85/><E85/><V96/><F96/><W126/><G126/><T38/><D38/><U10/><AGARI ba="0,2" hai="10,12,18,21,25,31,54,56,58,59,63,86,91,95" machi="10" ten="20,12000,2" yaku="1,1,0,1,7,1,8,1,52,2,53,0" doraHai="16,20" doraHaiUra="40,114" who="1" fromWho="1" sc="120,-30,240,140,250,-60,370,-30" /><INIT seed="3,0,0,0,1,38" ten="90,380,190,340" oya="3" hai0="19,45,42,100,108,4,1,39,59,129,111,62,51" hai1="29,6,25,77,113,9,2,124,83,36,119,44,99" hai2="123,75,13,14,122,102,21,70,23,97,132,3,87" hai3="52,8,101,84,67,118,130,20,26,107,81,40,105"/><W66/><G118/><T85/><D100/><U69/><E113/><V53/><F75/><W17/><G130/><T125/><D19/><U18/><E69/><V128/><F128/><W49/><G40/><N who="0" m="22687" /><D85/><U32/><E124/><V116/><F70/><W30/><G30/><T131/><D4/><U48/><E119/><V27/><F3/><W41/><G41/><T95/><D95/><U56/><E56/><V112/><F14/><W64/><G8/><T98/><D98/><U133/><E133/><V91/><F97/><W71/><G71/><T92/><D92/><U11/><E99/><V110/><F23/><W72/><G72/><T86/><D86/><U60/><E60/><V82/><F87/><W78/><REACH who="3" step="1"/><G101/><REACH who="3" ten="90,380,190,330" step="2"/><T57/><D1/><U80/><E36/><V96/><F102/><W127/><G127/><T115/><D125/><U54/><REACH who="1" step="1"/><E77/><REACH who="1" ten="90,370,190,330" step="2"/><V88/><F116/><W58/><AGARI ba="0,2" hai="17,20,26,49,52,58,64,66,67,78,81,84,105,107" machi="58" ten="30,6000,0" yaku="1,1,0,1,54,1,53,0" doraHai="38" doraHaiUra="65" who="3" fromWho="3" sc="90,-20,370,-20,190,-20,330,80" owari="70,-43.0,350,15.0,170,-23.0,410,51.0" /></mjloggm>