<mjloggm ver="2.3"><GO type="225" lobby="0"/><UN n0="%E3%81%99%E3%81%84%E3%81%BE%E3%81%9B%E3%83%BC%E3%82%93" n1="%4C%4F%4C%49%54%41" n2="%E3%82%A2%E3%83%A1%E3%82%A2%E3%83%A9%E3%83%AC" n3="%28%EF%BF%A3%E2%96%BD%EF%BF%A3%29%CE%B4%E2%8C%92%E3%83%BB" dan="18,16,16,17" rate="2223.01,2179.65,2120.17,2239.69" sx="M,F,M,M"/><TAIKYOKU oya="0"/><INIT seed="0,0,0,5,0,51" ten="250,250,250,250" oya="0" hai0="4,41,53,35,111,59,7,87,86,109,20,83,23" hai1="14,92,84,22,131,10,67,43,107,127,79,9,17" hai2="76,130,0,72,78,126,64,115,63,100,11,128,34" hai3="15,91,69,123,71,56,31,98,113,82,16,102,99"/><T32/><D41/><U13/><E107/><V116/><F115/><W60/><G113/><T132/><D132/><U80/><E127/><V18/><F126/><W134/><G134/><T101/><D101/><U104/><E104/><V48/><F34/><W19/><G31/><T39/><D39/><U68/><E131/><N who="2" m="50219" /><F72/><W58/><G123/><T135/><D135/><U119/><E119/><V54/><F100/><W27/><G58/><T90/><D87/><U55/><E55/><V122/><BYE who="1" /><F122/><W125/><G125/><T133/><D133/><U129/><E129/><V93/><F93/><UN n1="%4C%4F%4C%49%54%41" /><W47/><G47/><T74/><D74/><U73/><E43/><V65/><F65/><W106/><G27/><T50/><D32/><U46/><E46/><N who="2" m="27927" /><F116/><W94/><G82/><T8/><D35/><U40/><E40/><V21/><F11/><W105/><G105/><T5/><REACH who="0" step="1"/><D8/><REACH who="0" ten="240,250,250,250" step="2"/><U121/><E9/><V88/><F21/><AGARI ba="0,1" hai="4,5,7,20,21,23,50,53,59,83,86,90,109,111" machi="21" ten="40,7700,0" yaku="1,1,2,1,52,1,53,0" doraHai="51" doraHaiUra="57" who="0" fromWho="2" sc="240,87,250,0,250,-77,250,0" /><INIT seed="0,1,0,2,1,38" ten="327,250,173,250" oya="0" hai0="14,72,18,80,58,60,126,36,1,105,107,128,34" hai1="13,104,5,79,31,69,86,8,4,54,102,97,109" hai2="39,32,68,16,94,30,114,65,9,47,70,27,108" hai3="124,43,135,77,91,42,75,56,121,3,2,64,45"/><T20/><D126/><U53/><E69/><V92/><F108/><W33/><G33/><T122/><D122/><U50/><E109/><V132/><F114/><W48/><G124/><T87/><D72/><U84/><E31/><V22/><F132/><W76/><G135/><T83/><D128/><U118/><E118/><V96/><F9/><W123/><G91/><T29/><D1/><N who="3" m="9" /><G75/><T25/><D36/><U110/><E110/><V15/><F65/><W73/><G73/><T26/><D26/><U55/><E79/><N who="3" m="30282" /><G56/><T37/><D37/><U88/><E84/><V125/><F125/><W134/><G64/><T78/><REACH who="0" step="1"/><D83/><REACH who="0" ten="317,250,173,250" step="2"/><U85/><E86/><V115/><F115/><W74/><G74/><T129/><D129/><U44/><REACH who="1" step="1"/><E4/><REACH who="1" ten="317,240,173,250" step="2"/><V93/><REACH who="2" step="1"/><F96/><REACH who="2" ten="317,240,163,250" step="2"/><W24/><G134/><T7/><D7/><U133/><E133/><V28/><F28/><W67/><G123/><T71/><D71/><U10/><E10/><V103/><F103/><W130/><G121/><T111/><D111/><U23/><E23/><V112/><F112/><W106/><G130/><T63/><D63/><U49/><E49/><V101/><F101/><W81/><G48/><T95/><D95/><AGARI ba="1,3" hai="5,8,13,44,50,53,54,55,85,88,95,97,102,104" machi="95" ten="30,7700,0" yaku="1,1,7,1,54,1,53,1" doraHai="38" doraHaiUra="0" who="1" fromWho="0" sc="317,-80,240,110,163,0,250,0" /><INIT seed="1,0,0,2,2,7" ten="237,350,163,250" oya="1" hai0="64,60,47,13,61,22,71,115,108,86,27,10,25" hai1="104,67,69,128,85,66,16,124,74,2,52,33,79" hai2="100,114,55,76,62,6,123,44,120,75,0,30,18" hai3="21,111,8,131,45,24,80,134,133,26,130,49,29"/><U88/><E104/><V70/><F114/><W32/><G80/><T36/><D115/><U73/><E33/><V117/><F117/><W109/><G49/><T116/><D116/><U96/><E2/><V56/><F30/><N who="3" m="19527" /><G45/><T34/><D34/><U23/><E124/><V118/><F118/><W121/><G8/><T94/><D108/><N who="3" m="41545" /><G121/><T107/><D107/><U40/><E40/><V92/><F44/><W43/><G43/><T125/><D125/><U82/><E96/><V3/><F76/><W12/><G12/><T68/><D60/><U5/><E69/><V87/><F70/><W4/><G4/><T113/><D71/><U28/><E5/><V102/><F0/><W65/><G65/><T9/><D113/><U50/><E74/><V57/><F75/><W110/><N who="3" m="41553" /><W59/><DORA hai="53" /><G59/><T15/><D47/><U42/><E42/><V51/><F120/><W99/><G99/><T63/><D68/><U39/><E67/><V37/><F123/><W90/><G90/><T112/><D64/><U119/><E66/><V103/><F6/><W31/><G31/><T91/><D112/><U97/><E28/><V48/><F3/><W46/><G46/><T84/><D91/><U122/><E122/><V106/><F57/><W135/><AGARI ba="0,0" hai="21,26,29,130,131,133,134,135" m="41553,19527" machi="135" ten="50,8000,1" yaku="20,1,14,1,34,2" doraHai="7,53" who="3" fromWho="3" sc="237,-20,350,-40,163,-20,250,80" /><INIT seed="2,0,0,2,3,96" ten="217,310,143,330" oya="2" hai0="89,133,127,60,120,25,75,97,70,7,105,13,67" hai1="2,66,50,123,87,28,14,47,56,20,29,104,22" hai2="125,86,118,51,34,109,128,44,21,83,24,134,71" hai3="39,61,95,19,57,26,93,135,27,45,110,73,23"/><V80/><F118/><W31/><G73/><T4/><D120/><U6/><E6/><BYE who="1" /><V53/><F134/><W132/><G110/><UN n1="%4C%4F%4C%49%54%41" /><T129/><D75/><U102/><E2/><V9/><F128/><W40/><G132/><T91/><D133/><U46/><E123/><V112/><F112/><W113/><G113/><T35/><D129/><U33/><E33/><V3/><F125/><W76/><G76/><T10/><D4/><U0/><E0/><V92/><F71/><W122/><G122/><T126/><D91/><U62/><E87/><V38/><F109/><W52/><REACH who="3" step="1"/><G135/><REACH who="3" ten="217,310,143,320" step="2"/><T131/><D131/><U63/><E29/><V124/><F124/><W114/><G114/><T101/><D89/><U121/><E28/><AGARI ba="0,1" hai="7,10,13,25,28,35,60,67,70,97,101,105,126,127" machi="28" ten="40,5200,0" yaku="25,2,52,1" doraHai="96" who="0" fromWho="1" sc="217,62,310,-52,143,0,320,0" /><INIT seed="3,0,0,0,2,12" ten="279,258,143,320" oya="3" hai0="102,51,26,119,23,36,64,81,32,57,4,124,35" hai1="8,44,66,93,33,21,109,134,112,88,128,73,83" hai2="5,90,28,116,132,98,59,30,52,126,16,38,130" hai3="17,135,97,100,15,108,72,80,106,68,61,101,50"/><W105/><G135/><T67/><D36/><U76/><E33/><V6/><F116/><W115/><G115/><T43/><D119/><U39/><E112/><V29/><F132/><W31/><G31/><T113/><D113/><U99/><E134/><V53/><F130/><W71/><G108/><T75/><D4/><N who="2" m="1642" /><F126/><W13/><G50/><T60/><D67/><U79/><E109/><V91/><F38/><W85/><G72/><T65/><D65/><U87/><E128/><V55/><F59/><W127/><G61/><T94/><D124/><U104/><E66/><V2/><F2/><W89/><G13/><T86/><D75/><U125/><E125/><V69/><F69/><W110/><G110/><T41/><D60/><U14/><E21/><V0/><F0/><W133/><G133/><T122/><D35/><U10/><E76/><V47/><F47/><W107/><G127/><T19/><D32/><U27/><E27/><V70/><F70/><W103/><REACH who="3" step="1"/><G97/><REACH who="3" ten="279,258,143,310" step="2"/><T120/><D51/><U49/><E14/><V34/><F34/><W74/><G74/><T63/><D63/><U95/><E39/><V22/><F98/><W131/><G131/><T96/><D96/><U123/><E123/><V84/><F84/><W56/><G56/><T18/><D122/><U3/><E3/><V7/><N who="2" m="1650" /><V58/><DORA hai="54" /><F58/><W92/><G92/><T111/><D120/><U9/><E95/><V40/><F40/><W82/><G82/><T24/><D64/><U78/><E73/><V121/><F121/><W48/><G48/><T37/><D94/><U11/><E93/><RYUUKYOKU ba="0,1" sc="279,-15,258,-15,143,15,310,15" hai2="16,22,28,29,30,52,53,55,90,91" hai3="15,17,68,71,80,85,89,100,101,103,105,106,107" owari="264,6.4,243,-15.7,158,-34.2,335,43.5" /></mjloggm>