<mjloggm ver="2.3"><GO type="225" lobby="0"/><UN n0="%E8%B6%85%E7%B4%9A%E9%B3%B3%E5%87%B0" n1="%E3%81%B5%E3%81%98%E3%81%8B%E3%81%A4" n2="%E6%A1%9C%E8%8A%B1%E9%96%83%E3%80%85" n3="%E3%83%81%E3%83%AF%E3%83%AF%E9%9A%8A%E9%95%B7" dan="17,17,16,16" rate="2176.81,2208.71,2206.69,2083.18" sx="F,M,M,M"/><TAIKYOKU oya="0"/><INIT seed="0,0,0,1,2,101" ten="250,250,250,250" oya="0" hai0="94,89,35,8,19,97,86,129,93,15,90,22,83" hai1="18,79,43,68,132,3,98,135,95,34,75,47,52" hai2="70,133,5,117,126,6,69,115,120,87,77,81,96" hai3="11,30,37,63,78,54,102,59,110,134,48,26,128"/><T2/><D129/><U60/><E3/><V36/><F120/><W99/><G37/><T29/><D93/><U131/><E34/><V1/><F115/><W114/><G128/><T84/><D90/><U76/><E131/><V124/><F133/><N who="1" m="51273" /><E68/><V25/><F36/><W45/><G134/><T85/><D35/><U123/><E75/><V113/><F113/><W80/><G114/><T122/><D122/><U33/><E18/><V67/><F117/><W58/><G110/><T72/><D2/><U71/><E71/><N who="2" m="27147" /><F67/><W44/><G11/><T91/><REACH who="0" step="1"/><D72/><REACH who="0" ten="240,250,250,250" step="2"/><U88/><E33/><V108/><F1/><W130/><G130/><T104/><D104/><U0/><E123/><V109/><F109/><W32/><G32/><T125/><D125/><U56/><E0/><V7/><F108/><W46/><G78/><T74/><D74/><U65/><E65/><V31/><F124/><W103/><G103/><T38/><D38/><AGARI ba="0,1" hai="38,43,47,52,56,60,76,79,88,95,98" m="51273" machi="38" ten="30,3900,0" yaku="20,1,54,2" doraHai="101" who="1" fromWho="0" sc="240,-39,250,49,250,0,250,0" /><INIT seed="1,0,0,4,2,70" ten="201,299,250,250" oya="1" hai0="113,46,11,107,15,82,96,104,47,54,111,118,129" hai1="79,65,134,26,9,83,122,81,72,116,66,10,135" hai2="121,4,30,92,56,53,35,108,62,125,38,130,99" hai3="23,36,98,97,8,115,49,119,78,51,37,34,27"/><U67/><E122/><V2/><F121/><W132/><G34/><T84/><D113/><U28/><E116/><V114/><F114/><W17/><G115/><T61/><D118/><U31/><E26/><V1/><F108/><W105/><G119/><T86/><D111/><U95/><E95/><V5/><F130/><W57/><G132/><N who="1" m="50730" /><E79/><V133/><F125/><W71/><G71/><T93/><D129/><U101/><E101/><V74/><F74/><W126/><G126/><T124/><D124/><U123/><E72/><V42/><F30/><N who="1" m="11305" /><E123/><V3/><F35/><W48/><G78/><T64/><D104/><U94/><E94/><V18/><F133/><W102/><G97/><T127/><D107/><U109/><E109/><V6/><F18/><W85/><G85/><T100/><D127/><U128/><E128/><V20/><F20/><W103/><G103/><T73/><D73/><U88/><E88/><V24/><F24/><W32/><G32/><T44/><D82/><AGARI ba="0,0" hai="9,10,65,66,67,81,82,83" m="11305,50730" machi="82" ten="40,7700,0" yaku="28,2,20,1" doraHai="70" who="1" fromWho="0" sc="201,-77,299,77,250,0,250,0" /><INIT seed="1,1,0,2,1,80" ten="124,376,250,250" oya="1" hai0="53,10,22,54,46,63,26,90,64,62,57,78,40" hai1="35,23,60,2,52,48,30,49,14,34,61,96,37" hai2="102,4,39,127,11,68,15,50,1,115,56,28,106" hai3="114,132,79,73,20,88,7,133,123,98,97,33,122"/><U110/><E2/><V21/><F39/><W55/><G33/><T111/><D111/><U31/><E37/><V103/><F68/><W27/><G114/><T124/><D124/><U109/><E96/><V45/><F127/><W74/><G7/><T0/><D78/><U81/><E81/><V77/><F115/><W41/><G41/><T99/><D62/><U17/><E48/><V112/><F112/><W135/><G79/><T38/><D0/><U16/><E17/><V134/><F134/><W44/><G97/><T51/><D10/><U93/><E93/><V117/><F117/><W5/><G5/><T3/><D3/><U43/><E43/><V9/><F56/><W131/><G131/><T29/><D38/><U87/><E87/><V70/><F70/><W83/><G122/><T108/><D108/><N who="1" m="41579" /><E34/><V94/><F94/><N who="3" m="56647" /><G83/><T100/><REACH who="0" step="1"/><D90/><REACH who="0" ten="114,376,250,250" step="2"/><U104/><E61/><V6/><F77/><W116/><G133/><T89/><D89/><U95/><E60/><V113/><F113/><W91/><G132/><T13/><D13/><U125/><E125/><V24/><F1/><W84/><G135/><T82/><D82/><U59/><E14/><V47/><F15/><W67/><G91/><T12/><D12/><U92/><E49/><V71/><F50/><W118/><G118/><T86/><D86/><U121/><E121/><V65/><F9/><W75/><G84/><T69/><D69/><U101/><E101/><V8/><F8/><W85/><G85/><T25/><D25/><U32/><E32/><V119/><F11/><W126/><G126/><T130/><D130/><RYUUKYOKU ba="1,1" sc="114,30,376,-10,250,-10,250,-10" hai0="22,26,29,40,46,51,53,54,57,63,64,99,100" /><INIT seed="2,2,1,3,5,98" ten="144,366,240,240" oya="2" hai0="18,70,130,10,64,105,106,108,51,37,67,78,103" hai1="119,39,27,14,84,93,34,87,90,77,69,38,120" hai2="121,11,8,114,135,16,61,134,41,32,110,73,62" hai3="133,76,22,86,116,28,92,65,89,53,75,17,115"/><V45/><F114/><W33/><G116/><T12/><D37/><U127/><E69/><V95/><F121/><W83/><G115/><T50/><D108/><U36/><E119/><V97/><F73/><W59/><G133/><N who="2" m="50697" /><F32/><W126/><G126/><T101/><D130/><U81/><E120/><V82/><F82/><W31/><G65/><N who="0" m="25163" /><D70/><U66/><E66/><V23/><F110/><W104/><G104/><T29/><D105/><U5/><E127/><V0/><F0/><W109/><G33/><T74/><D74/><U54/><E54/><V91/><F8/><W15/><REACH who="3" step="1"/><G109/><REACH who="3" ten="144,366,240,230" step="2"/><T58/><D106/><U48/><E34/><V35/><F35/><W118/><G118/><T55/><D78/><U30/><E77/><V113/><F113/><W80/><G80/><T129/><D129/><U19/><E81/><V3/><F3/><W63/><AGARI ba="2,2" hai="15,17,22,28,31,53,59,63,75,76,83,86,89,92" machi="63" ten="20,2700,0" yaku="1,1,0,1,7,1,53,0" doraHai="98" doraHaiUra="123" who="3" fromWho="3" sc="144,-9,366,-9,240,-15,230,53" /><INIT seed="3,0,0,2,2,19" ten="135,357,225,283" oya="3" hai0="60,118,106,101,77,83,15,128,34,130,24,103,30" hai1="20,122,41,81,133,42,113,28,17,105,87,65,98" hai2="58,54,52,91,78,99,13,10,92,111,57,119,104" hai3="115,134,5,11,37,132,43,26,89,88,53,127,40"/><W32/><G115/><T116/><D15/><U114/><E122/><V120/><F119/><W63/><G127/><T14/><D14/><U72/><E133/><N who="3" m="51306" /><G53/><N who="2" m="20585" /><F120/><W46/><G43/><T29/><D60/><U62/><E28/><V50/><F104/><W107/><G107/><T131/><D30/><U124/><E72/><V25/><F111/><W125/><G125/><T94/><D94/><U44/><E124/><V85/><F25/><W86/><G63/><T123/><D123/><U70/><E42/><V90/><F78/><W0/><G86/><T3/><D3/><U117/><E117/><V82/><F50/><W68/><G68/><T47/><D47/><U2/><E2/><V109/><F109/><W75/><G75/><T66/><D66/><U6/><E6/><AGARI ba="0,0" hai="6,10,13,57,58,82,85,90,91,92,99" m="20585" machi="6" ten="30,2000,0" yaku="8,1,54,1" doraHai="19" who="2" fromWho="1" sc="135,0,357,-20,225,20,283,0" owari="135,-36.5,337,43.7,245,-15.5,283,8.3" /></mjloggm>