<mjloggm ver="2.3"><GO type="225" lobby="0"/><UN n0="%E4%B8%89%E5%86%A0%E7%8E%8B%E3%83%BB%E5%B1%B1%E7%94%B0%E5%93%B2%E4%BA%BA" n1="%E7%B4%94%E6%BD%94%E3%83%94%E3%83%A9%E3%83%8B%E3%82%A2" n2="%6D%75%75%6D%75%72%61" n3="%E5%A4%96%E5%B7%9D%E7%AB%9C%E6%88%90" dan="16,17,16,16" rate="2098.35,2174.61,2144.30,2203.59" sx="M,M,F,M"/><TAIKYOKU oya="0"/><INIT seed="0,0,0,2,5,105" ten="250,250,250,250" oya="0" hai0="101,107,14,96,94,127,113,71,73,11,55,21,49" hai1="86,36,48,1,41,75,25,119,115,8,69,23,10" hai2="56,97,38,35,130,134,111,62,20,125,93,2,4" hai3="104,52,102,61,63,37,91,70,15,78,133,126,42"/><T50/><D113/><U118/><E69/><V65/><F35/><W47/><G126/><T90/><D127/><U19/><E115/><V9/><F125/><W76/><G133/><T103/><D71/><U108/><E108/><V121/><F134/><W33/><G33/><T92/><D21/><U31/><E36/><V68/><F111/><W124/><G124/><T135/><D135/><U79/><E75/><V67/><F130/><W84/><G15/><T99/><D73/><U27/><E1/><V100/><F121/><W128/><G128/><T81/><D81/><N who="1" m="47423" /><E119/><V57/><F38/><W117/><G117/><T95/><D103/><U6/><E6/><V30/><REACH who="2" step="1"/><F67/><REACH who="2" ten="250,250,240,250" step="2"/><W114/><G114/><T22/><D22/><N who="1" m="13535" /><E118/><V16/><F16/><W34/><G34/><T109/><D109/><U12/><E12/><V3/><F3/><W53/><G37/><T39/><D39/><U80/><E80/><V131/><F131/><W54/><G70/><T46/><REACH who="0" step="1"/><D49/><REACH who="0" ten="240,250,240,250" step="2"/><U112/><E112/><V88/><F88/><W26/><G91/><T13/><D13/><U29/><E31/><V123/><F123/><W106/><G102/><T74/><D74/><U98/><E10/><V5/><F5/><AGARI ba="0,2" hai="5,11,14,46,50,55,90,92,94,95,96,99,101,107" machi="5" ten="30,2900,0" yaku="1,1,7,1,53,0" doraHai="105" doraHaiUra="82" who="0" fromWho="2" sc="240,49,250,0,240,-29,250,0" /><INIT seed="0,1,0,2,4,120" ten="289,250,211,250" oya="0" hai0="103,91,1,98,131,113,108,3,124,0,69,75,62" hai1="18,40,31,84,48,9,82,32,100,49,117,130,79" hai2="38,118,110,68,77,50,102,58,26,5,96,134,6" hai3="35,56,51,121,29,94,90,55,126,8,92,36,80"/><T83/><D113/><U17/><E117/><V60/><F110/><W28/><G121/><T43/><D124/><U95/><E130/><V85/><F38/><W81/><G36/><T97/><D131/><U63/><E32/><V11/><F134/><W125/><G94/><T4/><D43/><U67/><E31/><N who="3" m="11850" /><G35/><T86/><D108/><U111/><E111/><V74/><F68/><W115/><G115/><T71/><D75/><U44/><E49/><V23/><F74/><W89/><G8/><T53/><D4/><U78/><E78/><V21/><F118/><W93/><G93/><T2/><N who="0" m="0" /><DORA hai="10" /><T39/><D39/><U13/><E95/><V52/><F26/><W65/><G89/><T106/><REACH who="0" step="1"/><D97/><REACH who="0" ten="279,250,211,250" step="2"/><U72/><E72/><V22/><F5/><W114/><G114/><T25/><D25/><U19/><REACH who="1" step="1"/><E100/><REACH who="1" ten="279,240,211,250" step="2"/><V15/><F102/><W27/><G126/><T54/><D54/><U33/><E33/><V119/><F119/><W129/><G125/><T99/><D99/><U42/><E42/><V87/><F96/><N who="3" m="57367" /><G129/><T24/><D24/><U41/><E41/><V101/><F101/><W112/><G112/><T30/><D30/><U45/><E45/><N who="2" m="27727" /><F77/><W57/><G27/><T122/><D122/><U20/><E20/><V76/><F76/><W66/><G65/><AGARI ba="1,2" hai="6,11,15,21,22,23,58,60,65,85,87" m="27727" machi="65" ten="30,3900,0" yaku="8,1,52,1,54,1" doraHai="120,10" who="2" fromWho="3" sc="279,0,240,0,211,62,250,-42" /><INIT seed="1,0,0,5,2,55" ten="279,240,273,208" oya="1" hai0="43,18,126,80,76,49,104,61,102,132,25,53,93" hai1="85,134,33,54,112,46,135,41,86,65,117,24,29" hai2="58,107,15,116,10,129,14,100,97,98,40,120,27" hai3="28,91,128,89,99,20,73,83,70,7,118,67,101"/><U17/><E112/><V95/><F116/><W9/><G118/><T90/><D132/><N who="1" m="50731" /><E117/><V103/><F120/><W75/><G128/><T64/><D126/><U30/><E65/><V60/><F129/><W32/><G20/><N who="0" m="13463" /><D104/><U38/><E30/><V111/><F111/><W22/><G22/><T36/><D36/><U1/><E1/><V131/><F131/><W114/><G114/><T82/><D102/><U8/><E54/><V16/><F40/><W62/><G89/><T4/><D4/><U119/><E119/><V59/><F60/><W115/><G91/><T2/><D76/><U37/><E38/><V78/><F78/><W81/><G81/><T48/><D2/><U133/><N who="1" m="50739" /><U71/><DORA hai="87" /><E71/><V26/><F15/><AGARI ba="0,0" hai="8,15,17,24,29,33,37,41,46,85,86" m="50739" machi="15" ten="40,2000,0" yaku="20,1" doraHai="55,87" who="1" fromWho="2" sc="279,0,240,20,273,-20,208,0" /><INIT seed="1,1,0,4,1,2" ten="279,260,253,208" oya="1" hai0="135,80,95,78,17,109,49,124,133,20,125,96,19" hai1="120,37,75,93,51,3,7,22,53,102,79,114,122" hai2="0,4,1,15,69,97,74,25,9,107,59,92,31" hai3="66,111,28,38,132,98,39,61,47,94,70,126,106"/><U32/><E32/><V54/><F69/><W73/><G73/><N who="0" m="43087" /><D49/><U65/><E114/><V129/><F74/><W101/><G101/><N who="0" m="60575" /><D109/><U35/><E35/><V88/><F107/><W6/><G106/><T82/><D17/><U41/><E65/><V131/><F31/><W86/><G28/><T115/><D115/><U60/><E60/><N who="2" m="35959" /><F25/><W63/><G61/><T91/><D19/><U77/><E75/><V100/><F100/><W99/><G111/><T123/><D20/><U83/><E83/><V52/><F52/><W112/><G112/><T8/><D8/><U104/><E104/><V87/><F97/><W103/><G99/><T67/><D67/><U46/><E22/><V18/><F18/><W90/><G90/><T50/><D50/><U57/><E77/><V58/><F58/><W72/><G39/><T21/><D21/><U42/><E79/><V40/><F40/><W29/><G38/><T45/><D45/><U81/><E81/><V113/><F113/><W71/><G47/><T33/><D123/><U108/><E41/><V84/><F84/><W85/><G72/><T10/><D10/><N who="1" m="2431" /><E108/><V14/><F1/><W24/><G71/><T11/><D11/><U44/><E46/><V43/><F43/><W64/><G64/><T27/><D27/><U68/><E68/><V119/><F119/><W105/><G105/><T110/><D33/><U127/><E122/><V34/><F34/><W128/><G70/><T16/><D110/><U117/><E120/><V89/><F89/><W5/><G66/><T36/><D36/><U76/><E37/><V62/><F62/><RYUUKYOKU ba="1,0" sc="279,-10,260,-10,253,30,208,-10" hai2="0,4,9,14,15,87,88,92,129,131" /><INIT seed="2,2,0,2,1,125" ten="269,250,283,198" oya="2" hai0="2,36,38,77,39,10,98,19,134,59,91,21,68" hai1="55,50,4,72,120,117,97,84,124,80,92,44,70" hai2="108,131,9,83,110,29,133,79,87,6,48,85,33" hai3="66,65,47,88,14,49,3,51,94,95,18,15,26"/><V25/><F133/><W34/><G3/><T102/><D68/><U76/><E117/><V42/><F131/><W28/><G95/><T113/><D113/><U56/><E70/><V122/><F122/><W118/><G118/><T60/><D134/><U11/><E120/><V52/><F42/><W8/><G14/><T93/><D77/><U54/><E124/><V7/><F85/><W106/><G106/><T40/><D102/><U69/><E69/><V116/><F116/><W126/><G126/><T64/><D10/><U130/><E130/><V115/><F115/><W31/><G31/><T107/><D2/><U41/><E56/><N who="2" m="32775" /><F9/><W13/><G13/><T43/><REACH who="0" step="1"/><D107/><REACH who="0" ten="259,250,283,198" step="2"/><U27/><E11/><V121/><F121/><W132/><G132/><T23/><D23/><U105/><E105/><V129/><F129/><W57/><G47/><T1/><D1/><U101/><E4/><V73/><F73/><W67/><REACH who="3" step="1"/><G57/><REACH who="3" ten="259,250,283,188" step="2"/><T90/><D90/><U46/><E44/><V103/><F103/><W82/><G82/><T22/><D22/><U53/><E72/><V75/><F75/><W74/><G74/><T123/><D123/><U81/><E80/><V0/><F0/><W89/><G89/><T30/><D30/><U5/><E5/><V61/><F7/><W96/><AGARI ba="2,2" hai="8,15,18,26,28,34,49,51,65,66,67,88,94,96" machi="96" ten="30,8000,1" yaku="1,1,0,1,54,1,53,2" doraHai="125" doraHaiUra="45" who="3" fromWho="3" sc="259,-22,250,-22,283,-42,188,106" /><INIT seed="3,0,0,0,2,95" ten="237,228,241,294" oya="3" hai0="120,115,82,111,48,27,135,29,14,0,96,53,38" hai1="129,7,54,21,9,127,56,119,106,73,61,19,36" hai2="121,90,81,107,100,113,132,74,83,55,31,65,16" hai3="114,12,72,8,58,1,51,108,117,93,124,46,77"/><W125/><G114/><T78/><D0/><U110/><E73/><V32/><F113/><W66/><G117/><T103/><D115/><U15/><E119/><V5/><F5/><W112/><G112/><T118/><D118/><U39/><E110/><V57/><F74/><W18/><G108/><T37/><D14/><U98/><E127/><N who="3" m="48714" /><G93/><T101/><D101/><U4/><E129/><V123/><F90/><W64/><G58/><T42/><D42/><U24/><REACH who="1" step="1"/><E7/><REACH who="1" ten="237,218,241,294" step="2"/><V70/><F123/><W133/><G133/><T122/><D135/><U87/><E87/><V76/><F132/><W67/><G72/><T86/><D111/><U97/><E97/><V2/><F121/><W116/><G116/><T30/><D122/><U59/><E59/><V79/><F57/><W44/><G1/><T84/><D84/><U41/><E41/><V23/><F2/><W128/><G128/><T134/><D120/><U60/><E60/><V34/><F70/><W71/><G71/><T50/><D134/><U28/><E28/><V45/><F31/><W104/><G46/><T20/><D30/><U126/><E126/><V52/><F45/><W85/><G44/><T35/><D35/><U75/><E75/><V80/><F34/><W91/><G85/><T88/><D78/><U109/><E109/><V68/><F32/><W63/><G77/><T92/><REACH who="0" step="1"/><D48/><REACH who="0" ten="227,218,241,294" step="2"/><U47/><E47/><AGARI ba="0,2" hai="20,27,29,37,38,47,50,53,82,86,88,92,96,103" machi="47" ten="30,8000,1" yaku="1,1,2,1,7,1,52,1,54,1,53,0" doraHai="95" doraHaiUra="10" who="0" fromWho="1" sc="227,100,218,-80,241,0,294,0" owari="327,42.7,138,-36.2,241,-15.9,294,9.4" /></mjloggm>