<mjloggm ver="2.3"><GO type="225" lobby="0"/><UN n0="%E3%81%AA%E3%82%81%E3%81%93%E9%9B%80%E5%A3%AB" n1="%E5%A4%9C%E5%85%89%E5%A4%A9%E6%A5%BC" n2="%E3%81%BF%E3%81%BF%E3%81%9A" n3="%28%EF%BF%A3%E2%96%BD%EF%BF%A3%29%CE%B4%E2%8C%92%E3%83%BB" dan="16,17,18,16" rate="2063.24,2171.61,2270.00,2116.83" sx="M,M,M,M"/><TAIKYOKU oya="0"/><INIT seed="0,0,0,0,5,105" ten="250,250,250,250" oya="0" hai0="94,50,23,47,22,58,103,98,48,83,61,106,109" hai1="124,30,114,57,14,51,85,69,121,134,66,15,5" hai2="89,128,77,41,111,56,6,101,0,20,7,76,3" hai3="81,10,1,80,67,117,123,8,87,36,31,17,65"/><T43/><D109/><U75/><E121/><V119/><F101/><W126/><G36/><T62/><D106/><U88/><E124/><V118/><F111/><W4/><G117/><N who="2" m="44553" /><F128/><W64/><G126/><T46/><D83/><U42/><E114/><V18/><F41/><W79/><G123/><T40/><REACH who="0" step="1"/><D61/><REACH who="0" ten="240,250,250,250" step="2"/><U74/><E134/><V93/><F77/><W71/><G81/><T86/><D86/><U97/><E85/><N who="2" m="52399" /><F76/><W33/><G79/><T55/><AGARI ba="0,1" hai="22,23,40,43,46,47,48,50,55,58,62,94,98,103" machi="55" ten="20,12000,1" yaku="1,1,0,1,7,1,9,1,8,1,53,0" doraHai="105" doraHaiUra="24" who="0" fromWho="0" sc="240,130,250,-40,250,-40,250,-40" /><INIT seed="0,1,0,2,5,68" ten="370,210,210,210" oya="0" hai0="19,112,11,15,83,134,124,16,110,27,2,70,105" hai1="20,127,6,129,108,107,95,122,84,99,91,125,104" hai2="24,97,38,45,50,39,80,102,44,100,128,56,54" hai3="64,121,4,116,98,60,23,13,21,35,55,1,41"/><T40/><D112/><U106/><E6/><V66/><F128/><W79/><G35/><T73/><D105/><U120/><E129/><V67/><F80/><W9/><G116/><T133/><D70/><U101/><E20/><V52/><F24/><W82/><G121/><N who="1" m="46698" /><E108/><V113/><F113/><W130/><G130/><T78/><D110/><U96/><E96/><V12/><F12/><W119/><G119/><T71/><D71/><U51/><E51/><V29/><F29/><W94/><G55/><T49/><D2/><U26/><E26/><V47/><F102/><W57/><G41/><T126/><D40/><U36/><E36/><N who="2" m="13867" /><F97/><W10/><G10/><T114/><D49/><U8/><E8/><V132/><F100/><W115/><G1/><T81/><D114/><U0/><E0/><V22/><F22/><W88/><REACH who="3" step="1"/><G115/><REACH who="3" ten="370,210,210,200" step="2"/><T135/><D83/><AGARI ba="1,1" hai="83,84,91,95,99,101,104,106,107,125,127" m="46698" machi="83" ten="40,2600,0" yaku="34,2" doraHai="68" who="1" fromWho="0" sc="370,-29,210,39,210,0,200,0" /><INIT seed="1,0,0,1,0,111" ten="341,249,210,200" oya="1" hai0="78,124,6,48,1,63,88,80,114,121,13,101,113" hai1="110,22,51,29,17,83,45,7,38,69,107,0,125" hai2="32,73,9,60,79,71,72,11,26,82,61,116,70" hai3="86,54,15,92,132,20,24,36,21,135,50,12,89"/><U39/><E110/><V47/><F116/><W59/><G36/><T67/><D124/><U42/><E125/><V131/><F131/><W130/><G130/><T81/><D1/><U18/><E107/><V129/><F129/><W34/><G34/><T90/><D121/><U41/><E69/><V14/><F47/><W126/><G126/><T8/><D101/><U10/><E42/><V44/><F44/><W4/><G4/><T84/><D48/><U40/><E40/><V105/><F105/><W118/><G118/><T3/><D3/><U99/><E29/><V87/><F71/><W31/><REACH who="3" step="1"/><G21/><REACH who="3" ten="341,249,210,190" step="2"/><T109/><D109/><U19/><E39/><V133/><F133/><AGARI ba="0,1" hai="12,15,20,24,31,50,54,59,86,89,92,132,133,135" machi="133" ten="40,5200,0" yaku="1,1,2,1,20,1,53,0" doraHai="111" doraHaiUra="119" who="3" fromWho="2" sc="341,0,249,0,210,-52,190,62" /><INIT seed="2,0,0,2,5,113" ten="341,249,158,252" oya="2" hai0="129,68,59,107,91,6,0,41,108,76,131,77,120" hai1="7,13,101,87,47,34,86,19,56,16,53,112,37" hai2="52,43,69,10,83,15,3,50,97,95,128,20,102" hai3="89,51,8,21,42,93,127,1,29,62,5,36,117"/><V66/><F128/><N who="0" m="49226" /><D108/><U133/><E112/><V61/><F43/><W63/><G36/><T118/><D68/><U18/><E133/><V74/><F3/><W44/><G127/><T24/><D107/><U58/><E34/><V64/><F64/><W60/><G117/><T2/><D120/><U116/><E116/><V98/><F20/><W121/><G121/><T130/><D118/><U23/><E101/><V40/><F40/><W35/><G35/><T39/><D59/><N who="1" m="22571" /><E37/><V14/><F98/><W81/><G81/><T103/><D24/><U17/><E7/><V111/><F111/><W38/><G38/><T27/><D91/><U132/><E132/><V126/><F126/><W4/><G4/><T119/><D103/><U84/><E47/><V46/><REACH who="2" step="1"/><F10/><REACH who="2" ten="341,249,148,252" step="2"/><W65/><G21/><T123/><D41/><U94/><E53/><V28/><F28/><W70/><G29/><T115/><D0/><U88/><AGARI ba="0,1" hai="13,16,17,18,19,23,84,86,87,88,94" m="22571" machi="88" ten="30,4000,0" yaku="8,1,54,2" doraHai="113" who="1" fromWho="1" sc="341,-10,249,50,148,-20,252,-10" /><INIT seed="3,0,0,1,2,66" ten="331,299,128,242" oya="3" hai0="51,7,125,69,122,6,54,4,52,134,17,63,100" hai1="10,113,99,119,82,95,92,130,75,98,121,74,81" hai2="83,68,126,28,2,35,11,109,44,62,45,112,33" hai3="22,19,111,21,30,25,24,13,84,43,93,18,26"/><W12/><G43/><T71/><D122/><U107/><E121/><V8/><F112/><W27/><G93/><N who="1" m="35914" /><E113/><V88/><F109/><W59/><G84/><T91/><D91/><U14/><E14/><N who="3" m="5738" /><G59/><T86/><D134/><U65/><E65/><V87/><F126/><W32/><G111/><T42/><D125/><U50/><E50/><V123/><F123/><W73/><G73/><N who="1" m="27658" /><E10/><V114/><F114/><W129/><G129/><T133/><D133/><U76/><E130/><V78/><F78/><W97/><G97/><N who="1" m="36874" /><E119/><V39/><F28/><W106/><G106/><T48/><D42/><U64/><E64/><V9/><F2/><W70/><G70/><T67/><D71/><U131/><E131/><V55/><F39/><W135/><G135/><T37/><D37/><U36/><E36/><V105/><F105/><W38/><G38/><T120/><D69/><U115/><E115/><V128/><F128/><W79/><G79/><T77/><D77/><U89/><E76/><V53/><F68/><W85/><G85/><T94/><D67/><U80/><E107/><V117/><F117/><W124/><G124/><T127/><D127/><U5/><E5/><V103/><F103/><W60/><G60/><T132/><D100/><U108/><E108/><V46/><REACH who="2" step="1"/><F62/><REACH who="2" ten="331,299,118,242" step="2"/><W40/><G40/><T41/><D41/><U57/><E57/><V15/><F15/><AGARI ba="0,1" hai="15,18,19,21,22,24,25,26,27,30,32" m="5738" machi="15" ten="30,12000,1" yaku="35,5" doraHai="66" who="3" fromWho="2" sc="331,0,299,0,118,-120,242,130" owari="331,13.1,299,-10.1,-2,-50.2,372,47.2" /></mjloggm>