<mjloggm ver="2.3"><GO type="225" lobby="0"/><UN n0="%E5%8F%AF%E5%85%90%E9%82%A3%E7%94%B1%E5%A4%9A" n1="%E3%82%A2%E3%83%BC%E3%83%A2%E3%83%AD%E3%83%BC%E3%83%B4%E3%82%A1" n2="%E3%81%A9%E3%82%8F%E3%82%93%E3%81%94" n3="%E3%82%B4%E3%83%AA%E3%83%91%E3%83%A9" dan="17,16,16,16" rate="2155.81,2171.76,2090.00,2144.66" sx="F,M,M,M"/><TAIKYOKU oya="0"/><INIT seed="0,0,0,3,2,82" ten="250,250,250,250" oya="0" hai0="31,12,102,13,15,78,66,22,87,29,97,28,3" hai1="44,61,34,131,83,125,30,126,122,81,112,45,127" hai2="76,47,50,59,40,52,55,6,96,1,92,132,41" hai3="57,80,104,16,71,69,134,117,0,89,26,7,84"/><T54/><D3/><U109/><E122/><V106/><F132/><W110/><G110/><T98/><D66/><U37/><E109/><V90/><F106/><W23/><G117/><T101/><D22/><U72/><E131/><V49/><F1/><W95/><G104/><T51/><D101/><U79/><E112/><V58/><F6/><W75/><G134/><T38/><D38/><U60/><E83/><V43/><REACH who="2" step="1"/><F76/><REACH who="2" ten="250,250,240,250" step="2"/><W111/><G111/><T73/><D73/><U27/><REACH who="1" step="1"/><E37/><AGARI ba="0,1" hai="37,40,41,43,47,49,50,52,55,58,59,90,92,96" machi="37" ten="30,8000,1" yaku="1,1,2,1,7,1,9,1,54,1,53,0" doraHai="82" doraHaiUra="8" who="2" fromWho="1" sc="250,0,250,-80,240,90,250,0" /><INIT seed="1,0,0,4,4,19" ten="250,170,330,250" oya="1" hai0="7,111,63,27,135,6,43,41,47,72,45,119,28" hai1="48,29,44,10,131,9,21,117,132,79,62,23,42" hai2="123,65,56,71,46,76,106,104,89,22,109,24,92" hai3="73,69,39,127,120,54,3,13,55,70,38,88,98"/><U25/><E132/><V124/><F123/><W97/><G3/><T99/><D119/><U66/><E131/><V37/><F71/><W90/><G13/><T31/><D72/><U60/><E117/><V105/><F76/><W40/><G73/><T2/><D135/><U108/><E108/><V91/><F109/><W125/><REACH who="3" step="1"/><G40/><REACH who="3" ten="250,170,330,240" step="2"/><T75/><D75/><U116/><E116/><V20/><F124/><W133/><G133/><T50/><D111/><U82/><E60/><V30/><F24/><W67/><G67/><T118/><D118/><U94/><E94/><V83/><F92/><W8/><G8/><T15/><D2/><U101/><E101/><V128/><F65/><W115/><G115/><T16/><D63/><U57/><REACH who="1" step="1"/><E23/><REACH who="1" ten="250,160,330,240" step="2"/><V53/><F22/><W51/><G51/><N who="0" m="27055" /><D27/><U102/><E102/><V114/><F114/><W64/><G64/><T59/><D50/><U36/><E36/><V103/><F37/><W49/><G49/><T26/><D26/><U34/><E34/><V96/><F106/><W32/><G32/><T130/><D130/><U52/><E52/><V112/><F105/><W93/><G93/><T95/><D95/><U18/><E18/><V17/><F17/><W12/><G12/><T122/><D16/><U14/><E14/><V84/><F128/><W61/><G61/><T87/><D15/><U4/><E4/><V100/><F104/><W85/><G85/><AGARI ba="0,2" hai="9,10,21,25,29,42,44,48,57,62,66,79,82,85" machi="85" ten="30,11600,0" yaku="1,1,7,1,8,1,52,1,53,0" doraHai="19" doraHaiUra="107" who="1" fromWho="3" sc="250,0,160,136,330,0,240,-116" /><INIT seed="1,1,0,1,2,109" ten="250,296,330,124" oya="1" hai0="72,126,27,77,120,54,119,85,1,44,117,104,133" hai1="129,82,3,134,56,80,63,74,127,6,62,131,84" hai2="99,110,70,132,4,26,20,21,130,105,28,88,79" hai3="60,97,0,39,47,87,135,116,86,40,13,123,51"/><U111/><E111/><V12/><F70/><W59/><G123/><T58/><D120/><U65/><E74/><V55/><F110/><W100/><G0/><T112/><D104/><U108/><E108/><V103/><F79/><W10/><G135/><T7/><D72/><U107/><E107/><V24/><F132/><W122/><G39/><T31/><D133/><U66/><E134/><V61/><F130/><N who="1" m="49673" /><E127/><V48/><F61/><W121/><G116/><T37/><D126/><U50/><E50/><V64/><F64/><W19/><G121/><T23/><D7/><U53/><E53/><V75/><F75/><W115/><G115/><T67/><D1/><U16/><E84/><V35/><F26/><W124/><G122/><T91/><D77/><U38/><E38/><V98/><F12/><W71/><G71/><T69/><D69/><N who="1" m="42167" /><E16/><V8/><F4/><W17/><G17/><T73/><D73/><U33/><E33/><V94/><F8/><AGARI ba="1,0" hai="3,6,8,56,63,66,80,82" m="42167,49673" machi="8" ten="30,1500,0" yaku="19,1" doraHai="109" who="1" fromWho="2" sc="250,0,296,18,330,-18,124,0" /><INIT seed="1,2,0,0,0,126" ten="250,314,312,124" oya="1" hai0="42,130,102,27,127,63,94,111,18,101,99,89,69" hai1="81,82,66,88,108,61,105,0,41,83,77,97,49" hai2="129,104,93,121,46,16,70,76,84,55,135,100,54" hai3="133,51,5,86,112,1,65,57,8,33,39,15,87"/><U30/><E0/><V6/><F70/><W120/><G39/><T37/><D127/><U19/><E105/><V29/><F6/><W123/><G112/><T113/><D113/><U34/><E34/><V26/><F121/><W4/><G133/><T52/><D111/><U47/><E30/><V116/><F116/><W21/><G33/><T134/><D134/><U14/><E108/><V56/><F104/><W80/><G87/><T43/><D69/><U53/><E41/><N who="0" m="15369" /><D37/><U96/><E77/><V64/><F29/><W122/><G21/><N who="0" m="13751" /><D130/><U73/><E73/><V85/><F129/><W20/><G20/><T114/><D114/><U7/><E7/><V117/><F85/><W71/><G71/><T22/><D22/><U109/><E109/><V12/><F84/><W35/><G35/><T91/><D91/><U79/><E79/><V25/><F76/><W11/><G122/><T38/><D38/><U28/><E28/><V78/><F78/><W67/><G123/><T68/><D68/><U98/><E88/><V92/><F135/><W13/><G1/><T31/><D31/><U45/><E45/><V36/><F117/><W24/><G120/><T32/><D32/><U131/><E131/><V124/><F124/><W59/><G24/><N who="2" m="9321" /><F46/><W90/><REACH who="3" step="1"/><G59/><AGARI ba="2,0" hai="52,59,63,89,94,99,101,102" m="13751,15369" machi="59" ten="30,3900,0" yaku="25,1,8,1,54,1" doraHai="126" who="0" fromWho="3" sc="250,45,314,0,312,0,124,-45" /><INIT seed="2,0,0,0,4,7" ten="295,314,312,79" oya="2" hai0="85,73,84,23,64,78,127,96,33,125,31,115,70" hai1="74,110,45,48,57,86,55,13,103,65,41,81,17" hai2="82,120,104,90,16,66,97,112,53,4,118,3,40" hai3="1,61,54,58,29,32,92,89,35,30,15,129,105"/><V122/><F118/><W47/><G105/><T14/><D115/><U39/><E110/><V10/><F112/><W75/><G1/><T21/><D33/><U18/><E74/><V102/><F40/><W124/><G75/><T67/><D73/><U50/><E65/><V87/><F66/><W62/><G129/><T12/><D96/><U133/><E133/><V69/><F69/><W38/><G124/><T52/><D31/><U79/><E103/><V22/><REACH who="2" step="1"/><F53/><REACH who="2" ten="295,314,302,79" step="2"/><W111/><G111/><T94/><D70/><U43/><E41/><V28/><F28/><W49/><G38/><T37/><D37/><U59/><E39/><V42/><F42/><W93/><G29/><T109/><D109/><U26/><E43/><V130/><F130/><W46/><G30/><T119/><D119/><U24/><E50/><V91/><F91/><W60/><G89/><T27/><D52/><U19/><E13/><AGARI ba="0,1" hai="3,4,10,13,16,22,82,87,90,97,102,104,120,122" machi="13" ten="30,11600,0" yaku="1,1,7,1,52,1,54,1,53,0" doraHai="7" doraHaiUra="51" who="2" fromWho="1" sc="295,0,314,-116,302,126,79,0" /><INIT seed="2,1,0,3,4,39" ten="295,198,428,79" oya="2" hai0="133,25,59,55,102,96,10,130,42,73,90,21,64" hai1="85,51,40,95,70,8,119,115,13,28,54,50,66" hai2="32,86,4,100,69,87,63,49,34,125,128,122,61" hai3="135,52,56,35,17,121,26,22,45,118,74,15,131"/><V41/><F122/><W46/><G121/><T81/><D130/><U5/><E115/><V3/><F128/><W77/><G118/><T44/><D133/><U103/><E119/><V58/><F100/><W1/><G135/><T123/><D123/><U72/><E72/><V93/><F69/><W129/><G1/><T79/><D64/><U84/><E28/><V18/><F4/><W104/><G104/><T36/><D90/><U116/><E116/><V48/><F3/><W98/><G131/><T78/><D10/><U76/><E76/><V88/><F18/><W12/><G129/><T43/><D79/><U82/><E82/><V47/><F125/><W101/><G77/><T19/><D44/><N who="3" m="17001" /><G35/><T9/><D9/><U127/><E66/><V71/><F71/><W91/><G101/><T0/><D36/><U120/><E103/><V67/><F63/><N who="3" m="36231" /><G74/><T97/><D0/><U134/><E127/><V114/><F114/><W105/><G105/><T113/><D113/><U53/><E70/><V62/><F34/><W126/><G126/><T106/><REACH who="0" step="1"/><D97/><REACH who="0" ten="285,198,428,79" step="2"/><U24/><E120/><V80/><F67/><W16/><G17/><T6/><D6/><U65/><E134/><V68/><F68/><W30/><G30/><T99/><D99/><U29/><E29/><V7/><F7/><W112/><G112/><T92/><D92/><AGARI ba="1,1" hai="12,15,16,22,26,91,92,98" m="36231,17001" machi="92" ten="30,7700,0" yaku="25,1,8,1,54,2" doraHai="39" who="3" fromWho="0" sc="285,-80,198,0,428,0,79,90" /><INIT seed="3,0,0,1,0,21" ten="205,198,428,169" oya="3" hai0="84,34,44,98,122,27,28,79,135,117,110,107,86" hai1="69,24,49,77,9,3,95,65,76,91,99,101,71" hai2="87,118,48,131,33,106,5,120,81,46,123,43,40" hai3="59,58,51,15,89,39,14,0,66,113,67,126,94"/><W133/><G39/><T4/><D117/><U125/><E3/><V121/><F106/><W75/><G75/><T111/><D122/><U74/><E74/><V12/><F118/><W25/><G113/><T52/><D135/><U97/><E9/><N who="2" m="4143" /><F131/><W23/><G126/><T134/><D134/><U29/><E125/><V114/><F33/><W41/><G0/><T50/><D4/><U20/><E49/><V116/><F116/><W83/><G83/><T13/><D13/><N who="3" m="4617" /><G133/><T6/><D6/><U108/><E108/><N who="0" m="41513" /><D79/><U119/><E119/><V109/><F109/><W45/><G66/><T100/><AGARI ba="0,0" hai="27,28,34,44,50,52,84,86,98,100,107" m="41513" machi="100" ten="30,4000,0" yaku="14,1,52,1,54,1" doraHai="21" who="0" fromWho="0" sc="205,40,198,-10,428,-10,169,-20" owari="245,4.5,188,-21.2,418,51.8,149,-35.1" /></mjloggm>