<mjloggm ver="2.3"><GO type="225" lobby="0"/><UN n0="%6D%75%75%6D%75%72%61" n1="%E3%82%A2%E3%83%BC%E3%83%A2%E3%83%AD%E3%83%BC%E3%83%B4%E3%82%A1" n2="%E9%89%A2%E5%B7%BB%E3%82%AC%E3%83%96" n3="%E9%A2%A8%E3%81%A7%E9%B3%B4%E3%81%8F" dan="16,16,16,16" rate="2117.36,2185.12,2063.35,2153.06" sx="F,M,M,M"/><TAIKYOKU oya="0"/><INIT seed="0,0,0,3,5,130" ten="250,250,250,250" oya="0" hai0="87,106,63,65,1,129,56,86,83,75,126,120,11" hai1="125,93,95,127,89,62,9,6,110,103,54,124,36" hai2="7,27,94,116,39,88,43,132,67,3,32,118,26" hai3="101,24,40,10,69,52,107,13,28,25,92,8,85"/><T47/><D120/><U49/><E110/><V59/><F132/><W34/><G69/><T74/><D129/><U60/><E36/><V2/><F43/><W51/><G107/><T113/><D113/><U134/><E103/><V42/><F42/><W71/><G71/><T15/><D126/><U14/><E134/><V37/><F59/><W45/><G25/><N who="2" m="9225" /><F67/><W44/><G13/><T66/><D106/><U12/><E14/><V81/><F81/><W33/><G33/><T78/><D1/><N who="2" m="10" /><F7/><W133/><G133/><T105/><D105/><U19/><E6/><V97/><F32/><W128/><G128/><T108/><D108/><U111/><E111/><V119/><AGARI ba="0,0" hai="37,39,88,94,97,116,118,119" m="10,9225" machi="119" ten="40,2700,0" yaku="12,1,54,1" doraHai="130" who="2" fromWho="2" sc="250,-13,250,-7,250,27,250,-7" /><INIT seed="1,0,0,4,4,72" ten="237,243,277,243" oya="1" hai0="54,115,34,53,59,75,26,121,88,27,66,5,122" hai1="124,42,100,119,133,36,55,123,32,9,45,29,106" hai2="0,111,116,28,74,80,8,14,48,118,73,98,62" hai3="81,17,112,69,4,33,99,97,131,3,107,102,31"/><U35/><E119/><V110/><F0/><W56/><G112/><T68/><D115/><U61/><E123/><N who="0" m="47113" /><D68/><U65/><E124/><V83/><F28/><W51/><G131/><T10/><D75/><U63/><E133/><V6/><F62/><W39/><G39/><T18/><D66/><U108/><E108/><N who="2" m="41515" /><F74/><W92/><G69/><T52/><D34/><U104/><E9/><V64/><F64/><W49/><G4/><T93/><D18/><U60/><E65/><V16/><F48/><W94/><G107/><T89/><D59/><U22/><E55/><V114/><F114/><W71/><G71/><T85/><D89/><U19/><E29/><V120/><F120/><W24/><G3/><AGARI ba="0,0" hai="3,5,10,26,27,52,53,54,85,88,93" m="47113" machi="3" ten="30,3900,0" yaku="13,1,54,2" doraHai="72" who="0" fromWho="3" sc="237,39,243,0,277,0,243,-39" /><INIT seed="2,0,0,3,0,74" ten="276,243,277,204" oya="2" hai0="77,15,14,36,119,56,40,16,84,89,127,50,5" hai1="92,64,71,108,20,30,132,121,2,87,125,111,115" hai2="48,105,134,68,91,66,55,47,42,53,32,46,82" hai3="25,101,117,60,1,95,45,41,7,97,72,26,4"/><V9/><F105/><W69/><G117/><T129/><D119/><U34/><E115/><V76/><F134/><W27/><G72/><T0/><D129/><U11/><E34/><V113/><F113/><W38/><REACH who="3" step="1"/><G1/><REACH who="3" ten="276,243,277,194" step="2"/><T19/><D0/><U44/><E132/><V13/><F32/><W65/><AGARI ba="0,1" hai="4,7,25,26,27,38,41,45,60,65,69,95,97,101" machi="65" ten="30,4000,0" yaku="1,1,2,1,0,1,53,0" doraHai="74" doraHaiUra="52" who="3" fromWho="3" sc="276,-10,243,-10,277,-20,194,50" /><INIT seed="3,0,0,3,2,79" ten="266,233,257,244" oya="3" hai0="36,123,9,34,62,64,114,63,81,82,95,37,76" hai1="102,32,99,80,77,70,16,66,12,105,24,118,103" hai2="18,65,56,127,71,1,68,131,124,97,39,21,11" hai3="15,86,3,117,41,27,89,58,72,126,46,92,2"/><W129/><G117/><T104/><D104/><U119/><E103/><V20/><F39/><W7/><G126/><N who="2" m="48169" /><F131/><W78/><G129/><T74/><D123/><U84/><E70/><N who="2" m="26667" /><F97/><W111/><G58/><T134/><D34/><U8/><REACH who="1" step="1"/><E66/><REACH who="1" ten="266,223,257,244" step="2"/><V45/><F45/><W83/><G111/><T6/><D64/><U35/><E35/><V42/><F42/><W4/><G27/><T90/><D114/><U26/><E26/><V28/><F28/><AGARI ba="0,1" hai="8,12,16,24,28,32,77,80,84,99,102,105,118,119" machi="28" ten="40,5200,0" yaku="1,1,52,1,54,1,53,0" doraHai="79" doraHaiUra="128" who="1" fromWho="2" sc="266,0,223,62,257,-52,244,0" /><INIT seed="4,0,0,4,3,129" ten="266,285,205,244" oya="0" hai0="68,134,0,7,94,41,125,54,29,123,36,92,102" hai1="8,95,131,20,21,57,48,108,88,12,71,9,66" hai2="59,17,31,2,16,100,86,73,126,85,97,18,84" hai3="19,106,78,80,105,110,115,35,24,3,122,75,56"/><T47/><D123/><U96/><E108/><V87/><F73/><W112/><G110/><T132/><D125/><U45/><E71/><V101/><F126/><W65/><G3/><T91/><D68/><U28/><E28/><V60/><F2/><W109/><G109/><T26/><D54/><N who="1" m="29967" /><E8/><V49/><N who="2" m="21504" /><DORA hai="30" /><V76/><F76/><W93/><G93/><T43/><D43/><U5/><E131/><V25/><F49/><W99/><G122/><T52/><D102/><U111/><E111/><V98/><F100/><W11/><G99/><T117/><D117/><U61/><AGARI ba="0,0" hai="5,9,12,20,21,57,61,66,88,95,96" m="29967" machi="61" ten="30,2000,0" yaku="8,1,54,1" doraHai="129,30" who="1" fromWho="1" sc="266,-10,285,20,205,-5,244,-5" owari="256,5.6,305,40.5,200,-30.0,239,-16.1" /></mjloggm>