<mjloggm ver="2.3"><GO type="225" lobby="0"/><UN n0="%4B%2E%32%2E%4B%2E" n1="%E6%B4%BE%E9%81%A3%E3%81%AE%E3%82%B8%E3%83%A3%E3%83%83%E3%82%AF" n2="%6D%75%75%6D%75%72%61" n3="%E4%B8%89%E5%86%A0%E7%8E%8B%E3%83%BB%E5%B1%B1%E7%94%B0%E5%93%B2%E4%BA%BA" dan="16,16,16,16" rate="2197.36,2152.69,2161.86,2105.96" sx="M,M,F,M"/><TAIKYOKU oya="0"/><INIT seed="0,0,0,2,5,129" ten="250,250,250,250" oya="0" hai0="123,17,131,52,101,67,7,54,99,72,55,108,23" hai1="36,127,28,61,97,18,81,14,122,111,40,107,8" hai2="135,85,43,35,103,24,5,66,106,124,116,133,60" hai3="110,112,91,88,130,74,11,16,126,82,42,29,115"/><T84/><D72/><U128/><E122/><V0/><F124/><W118/><G118/><T30/><D123/><U12/><E127/><V53/><F116/><W63/><G126/><T27/><D131/><U73/><E111/><V20/><F53/><W87/><G130/><T19/><D108/><U105/><E128/><V47/><F85/><W58/><G110/><T83/><D7/><U78/><E28/><N who="2" m="19847" /><F20/><W21/><G74/><T57/><D57/><U80/><E80/><V46/><F5/><W2/><G42/><T64/><D64/><U25/><E25/><V134/><F0/><W34/><G34/><T3/><D67/><U102/><E61/><V121/><F121/><W22/><G2/><T100/><D3/><U4/><E105/><V86/><F86/><N who="3" m="50263" /><G29/><T37/><D37/><U45/><REACH who="1" step="1"/><E18/><REACH who="1" ten="250,240,250,250" step="2"/><N who="0" m="6665" /><D99/><U15/><AGARI ba="0,1" hai="4,8,12,14,15,36,40,45,73,78,81,97,102,107" machi="15" ten="20,5200,0" yaku="1,1,0,1,7,1,53,1" doraHai="129" doraHaiUra="1" who="1" fromWho="1" sc="250,-26,240,62,250,-13,250,-13" /><INIT seed="1,0,0,2,1,15" ten="224,302,237,237" oya="1" hai0="105,108,62,44,113,123,50,87,99,72,21,0,112" hai1="78,28,4,90,125,32,22,124,37,31,91,34,2" hai2="70,18,6,79,9,92,98,97,80,29,13,19,69" hai3="132,109,53,63,106,23,40,86,20,126,83,115,127"/><U104/><E104/><V17/><F29/><N who="1" m="11337" /><E37/><V26/><F26/><W101/><G40/><T102/><D72/><U103/><E103/><V10/><F10/><W1/><G1/><T61/><D0/><U65/><E65/><V5/><F5/><W68/><G115/><T88/><D108/><U96/><E78/><V42/><F42/><W94/><G132/><T85/><D123/><U130/><E130/><V128/><F128/><W89/><G109/><T120/><D85/><U66/><E66/><V11/><F11/><W116/><G116/><T122/><D122/><U71/><E71/><V7/><F7/><W3/><G3/><T135/><D135/><U46/><E46/><V51/><F51/><W82/><G106/><T74/><D74/><U12/><E96/><V77/><F97/><W67/><G101/><T24/><D120/><U76/><E76/><V75/><REACH who="2" step="1"/><F77/><REACH who="2" ten="224,302,227,237" step="2"/><W107/><G68/><T25/><D112/><U131/><E131/><V55/><F55/><W30/><G53/><T14/><D113/><U73/><E4/><V47/><F47/><W129/><G129/><T58/><D24/><U81/><E2/><V41/><F41/><W100/><G67/><T39/><D25/><U110/><E110/><V27/><F27/><W45/><G45/><T95/><D39/><U54/><E54/><V134/><F134/><W56/><G30/><T33/><D44/><U8/><E8/><V111/><F111/><W43/><G43/><T114/><D114/><U64/><E64/><V16/><N who="2" m="4096" /><DORA hai="133" /><V93/><F93/><W35/><G94/><T121/><D95/><RYUUKYOKU ba="0,1" sc="224,-10,302,-10,227,30,237,-10" hai2="6,9,13,69,70,75,79,80,92,98" /><INIT seed="2,1,1,3,5,47" ten="214,292,257,227" oya="2" hai0="86,8,118,38,87,134,43,74,94,88,95,75,66" hai1="105,9,60,41,85,132,31,83,135,133,25,58,53" hai2="30,116,1,124,18,91,44,27,100,63,106,24,34" hai3="125,33,46,120,48,19,78,112,110,28,99,6,72"/><V130/><F116/><W128/><G120/><T32/><D118/><U117/><E117/><V90/><F1/><W109/><G125/><T37/><D32/><N who="1" m="20591" /><E9/><V26/><F124/><W10/><G128/><T111/><D111/><N who="3" m="42505" /><G112/><T93/><D134/><U92/><E41/><V129/><F63/><W114/><G114/><T123/><D123/><U98/><E105/><V89/><F44/><W59/><G59/><T16/><D66/><U5/><E5/><V84/><F84/><W2/><G19/><T39/><D43/><U77/><E92/><V62/><F62/><W119/><G99/><AGARI ba="1,1" hai="53,58,60,77,83,85,98,99,132,133,135" m="20591" machi="99" ten="30,1000,0" yaku="20,1" doraHai="47" who="1" fromWho="3" sc="214,0,292,23,257,0,227,-13" /><INIT seed="3,0,0,4,5,60" ten="214,315,257,214" oya="3" hai0="80,46,51,62,10,15,61,5,35,88,82,75,91" hai1="96,106,1,13,63,6,130,127,24,126,48,25,57" hai2="100,132,27,12,128,21,42,56,92,81,113,29,32" hai3="104,77,76,45,98,58,121,26,2,3,28,17,16"/><W31/><G121/><T86/><D35/><U94/><E1/><V70/><F113/><W83/><G2/><T37/><D37/><U0/><E0/><V124/><F70/><W125/><G3/><T108/><D108/><U84/><E48/><V105/><F105/><W66/><G125/><T103/><D103/><U14/><E84/><V87/><F124/><N who="1" m="47657" /><E106/><V90/><F128/><W53/><G104/><T43/><D75/><U112/><E130/><V20/><F132/><W34/><G98/><T72/><D72/><U135/><E135/><V129/><F129/><W59/><G31/><T131/><D131/><U36/><E36/><V122/><F122/><W67/><G45/><T117/><D117/><U73/><E73/><V79/><F100/><W99/><G99/><T18/><D5/><U120/><E112/><V22/><F42/><W54/><G83/><T39/><D39/><U49/><E49/><V41/><F41/><W7/><G7/><T23/><D10/><N who="1" m="4311" /><E14/><V109/><F109/><W68/><G68/><T55/><D43/><U134/><E134/><V116/><F116/><W44/><G44/><T115/><D115/><U11/><E11/><V102/><F32/><W93/><G93/><T85/><AGARI ba="0,0" hai="15,18,23,46,51,55,61,62,80,82,85,86,88,91" machi="85" ten="30,7900,0" yaku="0,1,9,1,8,1,54,1" doraHai="60" who="0" fromWho="0" sc="214,79,315,-20,257,-20,214,-39" /><INIT seed="4,0,0,4,2,62" ten="293,295,237,175" oya="0" hai0="82,57,24,74,130,61,21,116,45,3,17,85,8" hai1="77,30,44,53,96,23,63,106,60,98,54,22,132" hai2="48,56,35,50,4,27,36,66,99,31,26,28,70" hai3="117,118,121,18,109,128,108,41,79,124,32,40,87"/><T90/><D116/><N who="3" m="44649" /><G32/><T107/><D130/><U16/><E132/><V131/><F36/><W71/><G18/><T9/><D107/><U78/><E106/><V76/><F131/><W73/><G128/><T91/><D74/><U122/><E122/><V115/><F4/><W42/><G73/><T65/><D3/><U2/><E2/><V97/><F35/><W88/><G79/><T95/><D45/><U89/><E44/><V64/><F76/><W126/><G121/><T113/><D113/><U43/><E89/><V110/><F115/><W123/><G123/><T34/><D34/><U93/><E93/><V29/><F29/><W49/><G71/><T11/><D8/><U105/><E105/><V83/><F70/><W14/><G14/><T6/><D6/><U84/><E84/><AGARI ba="0,0" hai="9,11,17,21,24,57,61,65,82,84,85,90,91,95" machi="84" ten="30,5800,0" yaku="7,1,8,1,52,1" doraHai="62" who="0" fromWho="1" sc="293,58,295,-58,237,0,175,0" owari="351,45.1,237,3.7,237,-16.3,175,-32.5" /></mjloggm>