<mjloggm ver="2.3"><GO type="225" lobby="0"/><UN n0="%E3%81%B7%E3%82%8A%E3%82%93%E8%81%96%E4%BA%BA" n1="%72%69%6F%75%63%68%61%6E" n2="%E5%AE%AE%E4%BF%9D%E9%B6%8F%E8%82%89" n3="%E6%A1%9C%E8%8A%B1%E9%96%83%E3%80%85" dan="16,17,16,18" rate="2165.97,2244.13,2101.58,2194.03" sx="M,M,M,M"/><TAIKYOKU oya="0"/><INIT seed="0,0,0,2,1,42" ten="250,250,250,250" oya="0" hai0="122,68,85,102,31,55,90,93,32,65,21,69,60" hai1="14,105,100,36,107,106,11,63,112,9,53,20,17" hai2="12,7,75,81,94,29,66,39,54,97,49,74,25" hai3="51,27,117,96,15,88,35,72,4,116,2,118,92"/><T83/><D122/><U45/><E112/><V6/><F39/><W28/><G72/><T34/><D69/><U52/><E100/><V48/><F66/><W87/><G2/><T82/><D34/><U79/><E79/><V18/><F49/><W24/><G24/><T71/><D32/><U114/><E114/><V70/><F70/><W10/><REACH who="3" step="1"/><G51/><REACH who="3" ten="250,250,250,240" step="2"/><T30/><D71/><U13/><E36/><V8/><F75/><W91/><G91/><T131/><D131/><U121/><E121/><V0/><F0/><W101/><G101/><T1/><D1/><U111/><E111/><V47/><F74/><W86/><AGARI ba="0,1" hai="4,10,15,27,28,35,86,87,88,92,96,116,117,118" machi="86" ten="40,8000,1" yaku="1,1,0,1,54,1,53,1" doraHai="42" doraHaiUra="22" who="3" fromWho="3" sc="250,-40,250,-20,250,-20,240,90" /><INIT seed="1,0,0,4,2,78" ten="210,230,230,330" oya="1" hai0="88,76,119,15,113,36,57,44,97,127,62,60,26" hai1="4,126,42,50,28,107,129,131,23,121,87,6,63" hai2="72,25,75,79,51,55,94,67,65,118,30,122,48" hai3="116,49,112,70,5,91,86,35,68,92,27,31,98"/><U74/><E121/><V16/><F122/><W19/><G112/><T52/><D119/><U99/><E74/><V111/><F111/><W18/><G116/><T33/><D113/><U95/><E126/><V114/><F114/><W54/><G5/><T59/><D76/><U130/><E107/><V102/><F118/><W135/><G135/><T43/><D15/><U71/><E87/><V105/><F105/><W108/><G108/><T53/><D127/><U17/><E28/><V32/><F51/><W45/><REACH who="3" step="1"/><G86/><REACH who="3" ten="210,230,230,320" step="2"/><T69/><D69/><AGARI ba="0,1" hai="18,19,27,31,35,45,49,54,68,69,70,91,92,98" machi="69" ten="40,2600,0" yaku="1,1,2,1,53,0" doraHai="78" doraHaiUra="123" who="3" fromWho="0" sc="210,-26,230,0,230,0,320,36" /><INIT seed="2,0,0,4,3,7" ten="184,230,230,356" oya="2" hai0="80,53,88,119,93,127,22,131,110,115,25,94,35" hai1="100,43,133,48,60,107,6,2,54,82,108,83,72" hai2="118,8,3,134,109,122,103,10,38,120,81,5,125" hai3="98,34,50,63,71,55,23,132,104,37,44,97,59"/><V86/><F38/><W28/><G34/><T116/><D35/><U92/><E107/><V26/><F118/><N who="0" m="45098" /><D115/><U30/><E108/><V46/><F109/><W9/><G132/><T14/><D110/><U121/><E133/><V130/><F134/><W61/><G9/><T84/><D127/><U105/><E121/><V129/><F125/><W75/><G75/><T106/><D106/><U1/><E105/><V69/><F69/><W18/><G28/><N who="0" m="17463" /><D131/><N who="2" m="50186" /><F26/><W128/><G128/><T74/><D74/><U0/><E30/><V4/><F46/><W29/><G29/><T45/><D14/><U87/><E72/><V113/><F103/><W51/><G37/><T40/><D53/><U111/><E111/><V17/><F17/><W21/><G71/><T19/><D19/><U135/><E135/><V41/><F41/><N who="3" m="24847" /><G23/><T90/><D90/><N who="1" m="53343" /><E100/><V56/><F56/><N who="3" m="32895" /><G104/><T126/><D126/><U112/><E112/><V85/><F113/><W13/><G63/><T16/><D16/><U62/><E60/><V27/><F27/><W64/><AGARI ba="0,0" hai="13,18,21,59,61,64,97,98" m="32895,24847" machi="64" ten="30,1100,0" yaku="8,1" doraHai="7" who="3" fromWho="3" sc="184,-3,230,-3,230,-5,356,11" /><INIT seed="3,0,0,3,3,42" ten="181,227,225,367" oya="3" hai0="120,70,111,51,71,9,84,44,31,79,73,28,25" hai1="114,130,113,75,60,80,76,33,37,67,39,22,99" hai2="126,30,90,91,110,66,117,61,119,57,48,128,127" hai3="14,58,135,29,74,69,88,65,26,59,52,40,13"/><W7/><G74/><T97/><D73/><U98/><E22/><V86/><F110/><W38/><G59/><T108/><D120/><U63/><E33/><V96/><F128/><W77/><G88/><T123/><D123/><U17/><E17/><V16/><F30/><W68/><G77/><T62/><D97/><U45/><E130/><V27/><F96/><W47/><G135/><T36/><D36/><U72/><E45/><V43/><F90/><W49/><G7/><T133/><D133/><U10/><E10/><V93/><F43/><W109/><G109/><N who="0" m="42059" /><D9/><U8/><E8/><V82/><F82/><W56/><G56/><T101/><D101/><U19/><E19/><V125/><F48/><W112/><G112/><T32/><D31/><U116/><E116/><V106/><F106/><W24/><G24/><T129/><D129/><U41/><E75/><V81/><F81/><W103/><G103/><T0/><D0/><U4/><E114/><V12/><F27/><W134/><G68/><N who="0" m="26155" /><D62/><U34/><E113/><V54/><F66/><W78/><G78/><T115/><D115/><U83/><E76/><V105/><F105/><W6/><G6/><T50/><D50/><U3/><E39/><V20/><AGARI ba="0,0" hai="12,16,20,54,57,61,86,91,93,117,119,125,126,127" machi="20" ten="30,4000,0" yaku="0,1,18,1,54,1" doraHai="42" who="2" fromWho="2" sc="181,-10,227,-10,225,40,367,-20" owari="171,-32.9,217,-18.3,265,6.5,347,44.7" /></mjloggm>