<mjloggm ver="2.3"><GO type="225" lobby="0"/><UN n0="%E3%81%AF%E3%82%88%E3%81%8A%E3%81%98%E3%81%95%E3%82%93" n1="%E8%A8%88%E7%AE%97%E6%A9%9F%E8%87%AA%E7%84%B6" n2="%73%6C%69%63%6B%33%31%39" n3="%E3%81%A9%E3%82%8F%E3%82%93%E3%81%94" dan="16,17,16,16" rate="2145.98,2202.65,2176.07,2189.82" sx="M,M,M,M"/><TAIKYOKU oya="0"/><INIT seed="0,0,0,5,3,57" ten="250,250,250,250" oya="0" hai0="7,106,34,117,41,4,10,88,11,20,126,35,108" hai1="123,66,105,23,135,46,121,102,8,16,32,64,30" hai2="65,81,21,133,82,33,130,52,129,70,101,116,67" hai3="1,132,25,118,131,125,51,6,17,18,75,55,128"/><T39/><D117/><U103/><E135/><V53/><F33/><W98/><G118/><T61/><D106/><U85/><E8/><V50/><F116/><W3/><G75/><T12/><D41/><U94/><E105/><V37/><F101/><W114/><G114/><T73/><D39/><U42/><E32/><V27/><F37/><W83/><G132/><T24/><D73/><U28/><E121/><V104/><F104/><W45/><G83/><N who="2" m="31753" /><F133/><W79/><G6/><T54/><D126/><U93/><E123/><V84/><F84/><W72/><G125/><T31/><D108/><U91/><E28/><N who="2" m="17519" /><F53/><W13/><G55/><T5/><D35/><U58/><E30/><V86/><F86/><W92/><G3/><T56/><D34/><U78/><E78/><V90/><F90/><W110/><G79/><T95/><D10/><U109/><E109/><V26/><F26/><W48/><G1/><T19/><D31/><U124/><E124/><V74/><F70/><W115/><G110/><T96/><AGARI ba="0,0" hai="4,5,7,11,12,19,20,24,54,56,61,88,95,96" machi="96" ten="20,18000,2" yaku="0,1,7,1,25,2,8,1,52,1,54,1" doraHai="57" who="0" fromWho="0" sc="250,180,250,-60,250,-60,250,-60" /><BYE who="2" /><INIT seed="0,1,0,2,4,42" ten="430,190,190,190" oya="0" hai0="50,29,108,101,84,28,99,68,123,82,7,100,80" hai1="16,85,116,89,109,73,44,126,5,93,118,24,91" hai2="49,81,133,88,30,134,53,72,122,10,103,83,76" hai3="78,62,38,87,48,127,96,63,79,61,114,1,27"/><T104/><D123/><U11/><E73/><UN n2="%73%6C%69%63%6B%33%31%39" /><V57/><F122/><W47/><G114/><T66/><D108/><U74/><E74/><V17/><F103/><W22/><G127/><T121/><D121/><U128/><E126/><V60/><F30/><W39/><G1/><T113/><D113/><U34/><E109/><V67/><F17/><W129/><G129/><T86/><D7/><U25/><E128/><V20/><F20/><W9/><G9/><T36/><D36/><U92/><E34/><V115/><F10/><W112/><G112/><T102/><D68/><U3/><E44/><V125/><F125/><W119/><G119/><T45/><D66/><U23/><REACH who="1" step="1"/><E24/><REACH who="1" ten="430,180,190,190" step="2"/><V37/><F115/><W56/><G39/><T15/><D45/><U52/><E52/><V105/><F37/><W54/><G38/><T14/><D104/><U26/><E26/><V70/><F105/><W46/><G96/><AGARI ba="1,1" hai="3,5,11,16,23,25,85,89,91,92,93,96,116,118" machi="96" ten="30,7700,0" yaku="1,1,7,1,54,1,53,1" doraHai="42" doraHaiUra="4" who="1" fromWho="3" sc="430,0,180,90,190,0,190,-80" /><INIT seed="1,0,0,3,5,12" ten="430,270,190,110" oya="1" hai0="117,32,43,58,93,89,41,130,27,60,112,116,106" hai1="134,71,2,39,63,13,54,122,97,102,45,11,42" hai2="66,75,90,35,124,22,17,96,31,0,44,6,67" hai3="30,113,26,47,21,73,68,10,5,8,76,69,109"/><U121/><E134/><V57/><F75/><W98/><G109/><T40/><D106/><U52/><E2/><V83/><F124/><W55/><G113/><T99/><D112/><U16/><E71/><V46/><F35/><W49/><G10/><T87/><D130/><U9/><E9/><V36/><F31/><W85/><G73/><T100/><D27/><U80/><E80/><V132/><F132/><W81/><REACH who="3" step="1"/><G98/><REACH who="3" ten="430,270,190,100" step="2"/><T126/><D126/><U24/><E121/><V86/><F96/><W62/><G62/><T37/><D60/><U91/><E122/><V118/><F118/><W82/><G82/><T79/><D99/><U25/><E91/><V78/><F90/><W61/><G61/><T135/><D117/><U133/><E133/><V108/><F108/><W115/><G115/><T38/><D116/><U19/><E63/><V7/><F67/><W51/><G51/><T1/><D135/><U64/><E64/><V84/><F66/><W28/><G28/><T88/><D89/><U65/><E65/><V59/><F83/><W105/><G105/><T129/><D88/><U34/><E97/><V110/><F110/><W128/><G128/><T15/><D129/><U114/><E114/><V72/><F72/><W18/><G18/><T103/><D37/><U111/><E111/><V23/><F36/><W74/><G74/><T125/><D38/><U123/><E123/><V70/><F70/><W20/><G20/><T29/><D32/><U53/><E34/><V4/><F17/><N who="1" m="6729" /><E102/><V92/><F22/><W107/><G107/><T101/><D103/><U104/><E104/><RYUUKYOKU ba="0,1" sc="430,-15,270,15,190,-15,100,15" hai1="11,13,24,25,39,42,45,52,53,54" hai3="5,8,21,26,30,47,49,55,68,69,76,81,85" /><INIT seed="1,1,1,1,0,62" ten="415,285,175,115" oya="1" hai0="46,128,3,35,75,14,68,125,18,41,11,9,79" hai1="43,85,16,82,84,44,87,52,100,105,8,127,94" hai2="110,31,130,131,115,37,4,93,58,117,96,121,122" hai3="19,54,2,30,89,134,49,39,45,78,80,22,99"/><U59/><E127/><V135/><F37/><W12/><G134/><T133/><D68/><U42/><E105/><V116/><F31/><W74/><G2/><T5/><D35/><U15/><E82/><V55/><F4/><W111/><G111/><T57/><D133/><U102/><E94/><V70/><F70/><W132/><G132/><T124/><D128/><N who="2" m="49194" /><F135/><W119/><G119/><N who="2" m="45641" /><F110/><W77/><G77/><T108/><D108/><U71/><E71/><V126/><F126/><N who="0" m="48746" /><D57/><U48/><REACH who="1" step="1"/><E42/><REACH who="1" ten="415,275,175,115" step="2"/><V50/><F115/><W0/><G80/><T109/><D109/><U47/><E47/><V63/><F93/><W27/><G45/><T17/><D79/><U114/><E114/><V26/><F96/><W76/><G99/><T61/><D75/><U106/><E106/><V51/><F26/><W38/><G74/><T97/><D97/><U90/><E90/><V1/><F1/><W112/><G0/><T10/><D46/><U101/><E101/><V83/><F83/><W86/><G112/><T24/><D41/><U66/><E66/><V88/><F88/><W91/><G78/><T21/><D3/><U56/><E56/><V64/><F64/><W28/><G28/><T69/><D24/><U95/><E95/><V92/><F92/><N who="3" m="54327" /><G91/><T123/><D69/><U20/><E20/><V72/><F72/><W33/><G76/><T60/><D21/><U32/><E32/><V40/><F40/><W113/><G113/><T13/><D13/><U7/><E7/><V118/><N who="2" m="45649" /><V107/><DORA hai="120" /><F107/><W6/><G6/><T103/><D5/><U98/><E98/><RYUUKYOKU ba="1,2" sc="415,-30,275,10,175,10,115,10" hai1="8,15,16,43,44,48,52,59,84,85,87,100,102" hai2="50,51,55,58,63,121,122" hai3="12,19,22,27,30,33,38,39,49,54" /><INIT seed="1,2,2,2,2,95" ten="385,285,185,125" oya="1" hai0="78,24,71,105,122,132,116,126,129,83,119,8,67" hai1="94,91,104,128,22,62,75,88,92,37,120,48,123" hai2="107,64,44,86,65,90,131,30,15,68,63,3,74" hai3="80,115,2,96,39,46,11,72,34,66,85,113,110"/><U127/><E37/><V84/><F3/><W26/><G66/><T134/><D105/><U4/><E104/><V135/><F74/><W69/><G69/><T52/><D126/><U13/><E75/><V43/><F107/><W42/><G85/><T93/><D129/><U102/><E127/><V45/><F131/><W20/><G110/><T70/><D122/><U19/><E128/><V87/><F135/><N who="0" m="51754" /><D24/><U99/><E4/><V79/><F79/><N who="3" m="44135" /><G20/><T121/><D121/><U9/><E102/><V35/><F65/><W56/><G56/><T98/><D8/><U77/><E77/><V97/><F15/><W33/><G96/><T29/><D29/><U6/><E48/><V36/><F44/><W57/><G57/><T103/><D52/><U40/><E40/><V23/><F23/><W21/><G21/><T109/><D109/><U28/><E62/><V16/><F16/><W117/><G117/><N who="0" m="45131" /><D67/><U106/><E106/><V55/><F55/><W50/><G50/><T51/><D51/><U58/><E58/><V32/><REACH who="2" step="1"/><F30/><REACH who="2" ten="385,285,175,125" step="2"/><N who="3" m="19671" /><G34/><T130/><D130/><U112/><E28/><V100/><F100/><W61/><G61/><T125/><D125/><U82/><E123/><V17/><F17/><W18/><G18/><T7/><D7/><AGARI ba="2,3" hai="2,7,11,39,42,46,113,115" m="19671,44135" machi="7" ten="30,2000,0" yaku="25,1,23,1" doraHai="95" who="3" fromWho="0" sc="385,-26,285,0,175,0,125,56" /><INIT seed="2,0,0,5,2,105" ten="359,285,175,181" oya="2" hai0="17,25,69,58,123,128,54,6,89,62,45,85,76" hai1="56,110,87,131,15,32,81,119,59,82,8,22,34" hai2="134,50,133,20,112,97,132,92,78,11,27,40,52" hai3="21,98,67,122,13,53,88,127,72,48,135,39,24"/><V120/><F112/><W23/><G39/><T107/><D123/><U57/><E119/><V117/><F117/><W91/><G122/><T114/><D114/><U116/><E116/><V5/><F120/><W2/><G2/><T55/><D107/><U60/><E110/><V70/><F70/><W18/><G72/><T26/><D69/><U106/><E106/><V77/><F40/><W0/><G0/><T16/><D128/><U73/><E22/><V109/><F109/><W9/><G135/><T65/><D6/><U108/><E108/><V14/><F92/><W63/><G127/><T113/><D76/><U75/><E60/><V42/><F42/><W79/><G79/><T35/><D113/><U12/><E131/><V71/><F71/><W33/><G33/><N who="1" m="12906" /><E87/><V104/><F97/><W49/><G23/><T95/><D35/><U129/><E8/><V44/><REACH who="2" step="1"/><F104/><REACH who="2" ten="359,285,165,181" step="2"/><W102/><G98/><T41/><D41/><U124/><E129/><V28/><AGARI ba="0,1" hai="5,11,14,20,27,28,44,50,52,77,78,132,133,134" machi="28" ten="30,12000,1" yaku="1,1,2,1,0,1,20,1,54,1,53,0" doraHai="105" doraHaiUra="36" who="2" fromWho="2" sc="359,-40,285,-40,165,130,181,-40" /><INIT seed="2,1,0,1,5,60" ten="319,245,295,141" oya="2" hai0="6,50,118,36,38,100,131,126,10,130,82,124,22" hai1="98,120,42,90,3,68,117,114,63,96,111,133,79" hai2="5,7,17,53,127,1,76,13,121,8,24,65,23" hai3="52,9,86,55,91,33,113,58,61,88,44,14,71"/><V56/><F127/><N who="0" m="48682" /><D118/><U134/><E117/><V41/><F121/><W108/><G33/><T64/><D100/><U129/><E114/><V26/><F41/><W105/><G108/><T29/><D50/><U66/><E3/><V107/><F107/><W132/><G105/><T77/><D64/><U16/><E111/><V21/><F76/><W62/><G132/><N who="1" m="50794" /><E79/><V119/><F119/><W109/><G109/><T97/><D97/><U101/><E42/><V84/><F84/><W112/><G71/><T81/><D22/><U92/><E129/><N who="0" m="49161" /><D29/><U83/><E120/><V30/><F65/><N who="3" m="39095" /><G113/><T95/><D95/><N who="1" m="56439" /><E83/><N who="0" m="31753" /><D77/><U4/><E92/><V103/><F103/><W59/><G112/><T72/><D72/><U47/><E47/><V28/><REACH who="2" step="1"/><F1/><AGARI ba="1,0" hai="1,6,10,36,38" m="31753,49161,48682" machi="1" ten="30,2000,0" yaku="18,1,19,1" doraHai="60" who="0" fromWho="2" sc="319,23,245,0,295,-23,141,0" /><INIT seed="3,0,0,3,2,17" ten="342,245,272,141" oya="3" hai0="39,24,75,64,120,52,101,47,49,98,104,42,37" hai1="76,94,60,34,21,89,46,20,115,93,79,125,122" hai2="11,8,33,99,50,81,121,25,69,62,15,13,116" hai3="131,54,28,0,106,63,59,73,74,6,22,82,124"/><W132/><G106/><T100/><D75/><U44/><E115/><V18/><F116/><W127/><G0/><T128/><D120/><U113/><E113/><V129/><F121/><W126/><G6/><T43/><D128/><U29/><E122/><V108/><F129/><W36/><G131/><T1/><D1/><U77/><E125/><V16/><F108/><W41/><G132/><T68/><D101/><U19/><E34/><V83/><F50/><W133/><G133/><T35/><D43/><U110/><E110/><V97/><F33/><W61/><G61/><N who="0" m="39951" /><D42/><U135/><E135/><V58/><F69/><W109/><G109/><T27/><D27/><N who="1" m="16615" /><E60/><V130/><F25/><N who="3" m="16439" /><G82/><N who="2" m="31241" /><F130/><W72/><G72/><T86/><D86/><N who="1" m="52407" /><E94/><V112/><F112/><W114/><G114/><T45/><D45/><AGARI ba="0,0" hai="36,41,45,54,59,63,73,74,124,126,127" m="16439" machi="45" ten="30,2900,0" yaku="18,1,52,1" doraHai="17" who="3" fromWho="0" sc="342,-29,245,0,272,0,141,29" /><INIT seed="3,1,0,1,2,105" ten="313,245,272,170" oya="3" hai0="92,32,10,87,122,26,89,107,109,46,22,96,4" hai1="97,57,104,64,50,126,80,132,74,73,127,30,55" hai2="82,9,70,42,112,90,94,11,93,16,58,51,128" hai3="37,81,2,47,86,59,133,33,115,0,76,68,28"/><W29/><G115/><T79/><D122/><U99/><E132/><V49/><F70/><W1/><G68/><T108/><D32/><U77/><E30/><V88/><F112/><W134/><G59/><T72/><D46/><U101/><E64/><V95/><F128/><W110/><G110/><N who="0" m="42603" /><D72/><N who="1" m="43047" /><E97/><V54/><F82/><W39/><G29/><N who="0" m="17623" /><D79/><U14/><E14/><N who="2" m="7247" /><F11/><W23/><G23/><T120/><D120/><U83/><E83/><V118/><F118/><W130/><G130/><T78/><D78/><U35/><E35/><V121/><F121/><W31/><G31/><T24/><D24/><U3/><E3/><V100/><F100/><W66/><G66/><T21/><D21/><U98/><E98/><V135/><F135/><N who="3" m="51723" /><G47/><AGARI ba="1,0" hai="42,47,49,51,54,58,88,90,93,94,95" m="7247" machi="47" ten="30,3900,0" yaku="8,1,54,2" doraHai="105" who="2" fromWho="3" sc="313,0,245,0,272,42,170,-42" owari="313,11.3,245,-15.5,314,41.4,128,-37.2" /></mjloggm>