<mjloggm ver="2.3"><GO type="225" lobby="0"/><UN n0="%4C%4F%4C%49%54%41" n1="%6D%75%75%6D%75%72%61" n2="%E9%80%86%E9%80%A3%E5%B8%AF%E3%81%AE%E9%AC%BC" n3="%E3%81%A0%E3%81%8A" dan="16,16,16,16" rate="2167.23,2072.09,2100.83,2040.68" sx="F,F,M,M"/><TAIKYOKU oya="0"/><INIT seed="0,0,0,2,3,55" ten="250,250,250,250" oya="0" hai0="92,109,65,7,62,103,6,118,91,105,76,29,47" hai1="72,80,69,15,13,126,9,68,28,78,83,51,74" hai2="45,84,34,44,123,18,46,86,95,96,108,87,56" hai3="134,8,82,41,14,125,3,101,79,1,21,117,12"/><T33/><D118/><U66/><E126/><V124/><F108/><W27/><G117/><T37/><D76/><U129/><E129/><V77/><F124/><W81/><G125/><T102/><D109/><U20/><E51/><V67/><F34/><W5/><G101/><T2/><D2/><U98/><E98/><V22/><F123/><W4/><G134/><T57/><D29/><U104/><E104/><V120/><F120/><W131/><G131/><T52/><D33/><U43/><E43/><V42/><F77/><W119/><G119/><T110/><D110/><U122/><E122/><V61/><F42/><W50/><G4/><N who="0" m="1579" /><D37/><U39/><E39/><V31/><F31/><W71/><G12/><T100/><D105/><U48/><E78/><V121/><F121/><W35/><G35/><T17/><D17/><U90/><E28/><V112/><F112/><W63/><G71/><T59/><D47/><U130/><E130/><V10/><F10/><W89/><G1/><T11/><D11/><U135/><E9/><V111/><F111/><W107/><G3/><T115/><D115/><U113/><E113/><V128/><F128/><W30/><G107/><T26/><D26/><U0/><E0/><V114/><F114/><W53/><G79/><T73/><D73/><U64/><E20/><V97/><REACH who="2" step="1"/><F95/><REACH who="2" ten="250,250,240,250" step="2"/><W133/><G8/><T32/><D32/><U99/><E74/><V38/><F38/><W40/><G40/><T70/><D52/><U36/><E72/><V132/><F132/><W85/><G133/><T25/><D25/><AGARI ba="0,1" hai="18,22,25,44,45,46,56,61,67,84,86,87,96,97" machi="25" ten="40,5200,0" yaku="1,1,8,1,52,1,53,0" doraHai="55" doraHaiUra="127" who="2" fromWho="0" sc="250,-52,250,0,240,62,250,0" /><INIT seed="1,0,0,0,5,133" ten="198,250,302,250" oya="1" hai0="93,71,46,96,112,101,83,50,14,24,66,79,114" hai1="61,21,121,3,118,59,97,74,108,105,119,7,132" hai2="60,88,40,135,12,63,115,78,98,56,92,82,129" hai3="123,48,99,126,47,29,25,37,20,104,124,5,102"/><U87/><E121/><V26/><F129/><W125/><G123/><T95/><D14/><U54/><E74/><V68/><F115/><W53/><G5/><T122/><D122/><U65/><E132/><V22/><F68/><W2/><G2/><T94/><D24/><U76/><E108/><V130/><F130/><W84/><G84/><T38/><D38/><AGARI ba="0,0" hai="20,25,29,37,38,47,48,53,99,102,104,124,125,126" machi="38" ten="40,8000,1" yaku="18,1,52,3" doraHai="133" who="3" fromWho="0" sc="198,-80,250,0,302,0,250,80" /><INIT seed="2,0,0,1,0,101" ten="118,250,302,330" oya="2" hai0="63,45,2,9,17,125,121,40,21,129,117,70,64" hai1="115,13,76,104,100,72,71,97,127,77,19,25,90" hai2="95,48,33,54,116,67,108,124,16,122,41,110,30" hai3="36,55,79,35,114,7,107,73,92,123,128,118,14"/><V12/><F116/><W111/><RYUUKYOKU type="yao9" ba="0,0" sc="118,0,250,0,302,0,330,0" hai3="7,14,35,36,55,73,79,92,107,111,114,118,123,128" /><INIT seed="2,1,0,5,0,78" ten="118,250,302,330" oya="2" hai0="6,35,72,31,34,46,42,44,122,26,132,19,18" hai1="119,77,103,88,11,105,75,7,93,111,106,53,123" hai2="102,95,15,16,27,10,17,0,94,117,67,45,37" hai3="29,68,9,36,8,99,133,22,48,52,73,1,21"/><V108/><F117/><W59/><G36/><T114/><D122/><U86/><E119/><V60/><F108/><W56/><G73/><T30/><D114/><U24/><E111/><V14/><F0/><W97/><G68/><T65/><D132/><U130/><E130/><V107/><F27/><W131/><G131/><T40/><D72/><U112/><E112/><V76/><F76/><W126/><G126/><T33/><D6/><U23/><E123/><V49/><F107/><W121/><G121/><T96/><D65/><U74/><E53/><V66/><F37/><W83/><G1/><T101/><D19/><U70/><E70/><V55/><F102/><W87/><G59/><T120/><D18/><U57/><E57/><V124/><F124/><W64/><G64/><N who="2" m="24617" /><F60/><W32/><G32/><T51/><D30/><U100/><E106/><V104/><F104/><W20/><G29/><T91/><D91/><U92/><E105/><V3/><F3/><W127/><G133/><T118/><D120/><U79/><E75/><V115/><F115/><W47/><G56/><T129/><D129/><U110/><E74/><V43/><F43/><W50/><G50/><T98/><D118/><U109/><E109/><V13/><F13/><W41/><G41/><T84/><D84/><U54/><E110/><V28/><F28/><W81/><G127/><T135/><D135/><U4/><E54/><V89/><F89/><N who="3" m="51439" /><G83/><T58/><D101/><N who="1" m="38987" /><E93/><V125/><F125/><W38/><G38/><N who="0" m="21527" /><D58/><U80/><E92/><V134/><F134/><W61/><G61/><T116/><D116/><U62/><E24/><RYUUKYOKU ba="1,0" sc="118,10,250,-30,302,10,330,10" hai0="26,31,33,34,35,42,46,51,96,98" hai2="10,14,15,16,17,45,49,55,94,95" hai3="8,9,20,21,22,47,48,52,97,99" /><INIT seed="2,2,0,1,4,54" ten="128,220,312,340" oya="2" hai0="120,18,35,87,110,104,113,119,48,40,72,105,132" hai1="29,36,27,53,43,8,59,124,9,93,130,78,73" hai2="83,28,121,128,79,123,46,55,19,47,56,91,22" hai3="65,115,45,69,100,34,102,71,17,41,61,90,44"/><V86/><F128/><W76/><G34/><T12/><D72/><U62/><E130/><V30/><F123/><W101/><G115/><T49/><D113/><U2/><E124/><V126/><F121/><W134/><G134/><T37/><D120/><U0/><E73/><V11/><F126/><W111/><G111/><T31/><D110/><U88/><E78/><V98/><F11/><W42/><G76/><T21/><D132/><U82/><E82/><V15/><F30/><W13/><G90/><T58/><D119/><U107/><E107/><V6/><F6/><W68/><G44/><T63/><D37/><U20/><E43/><V23/><F23/><W135/><G135/><T133/><D133/><U114/><E36/><V74/><F28/><W81/><G81/><T85/><D40/><U89/><E89/><V5/><F5/><W131/><G42/><T33/><D104/><U14/><E9/><V16/><F19/><W1/><G1/><T38/><D105/><U75/><E75/><V51/><F98/><W109/><G109/><T77/><D38/><U92/><E92/><AGARI ba="2,0" hai="15,16,22,46,47,51,55,56,74,79,83,86,91,92" machi="92" ten="30,12000,1" yaku="7,1,25,2,52,1,54,1" doraHai="54" who="2" fromWho="1" sc="128,0,220,-126,312,126,340,0" /><INIT seed="2,3,0,4,4,66" ten="128,94,438,340" oya="2" hai0="131,72,40,19,61,102,28,29,116,25,14,2,22" hai1="47,13,56,84,70,100,113,132,125,3,122,90,49" hai2="111,110,78,121,106,6,97,94,87,17,129,99,24" hai3="103,51,105,55,8,83,58,101,124,75,133,118,109"/><V30/><F121/><W112/><G118/><T46/><D72/><U43/><E3/><V86/><F129/><W7/><G109/><T98/><D131/><U77/><E113/><V36/><F36/><W41/><G112/><T68/><D116/><U89/><E122/><V71/><F6/><W26/><G124/><T11/><D2/><U20/><E125/><V16/><F71/><W31/><G41/><T115/><D61/><U123/><E123/><V9/><F106/><W92/><G105/><T82/><D82/><U45/><E132/><V120/><F99/><W69/><G69/><T50/><D68/><U18/><E70/><V108/><F120/><W57/><G57/><T4/><D115/><U117/><E117/><V76/><F76/><W126/><G92/><AGARI ba="3,0" hai="4,11,14,19,22,25,28,29,40,46,50,92,98,102" machi="92" ten="30,2000,0" yaku="7,1,8,1" doraHai="66" who="0" fromWho="3" sc="128,29,94,0,438,0,340,-29" /><INIT seed="3,0,0,4,1,6" ten="157,94,438,311" oya="3" hai0="85,13,10,61,51,41,36,89,22,116,68,2,31" hai1="129,18,110,103,99,111,94,77,52,83,134,16,88" hai2="27,11,98,26,4,123,1,93,62,35,100,64,55" hai3="82,63,14,50,120,54,38,15,66,72,25,80,71"/><W70/><G38/><T126/><D116/><U117/><E117/><V75/><F123/><W108/><G120/><T57/><D126/><U47/><E103/><V37/><F75/><W119/><G71/><T84/><D2/><U91/><E91/><V76/><F76/><W65/><G65/><T46/><D68/><U131/><E134/><V0/><F0/><W59/><G119/><T67/><D36/><U40/><E40/><V81/><F81/><W5/><G108/><N who="1" m="41514" /><E131/><V133/><F133/><W78/><G5/><N who="0" m="3279" /><D89/><U95/><E95/><V135/><F135/><W34/><G34/><T125/><D125/><U39/><E39/><V30/><F27/><AGARI ba="0,0" hai="22,27,31,41,46,51,57,61,67,84,85" m="3279" machi="27" ten="30,2000,0" yaku="8,1,52,1" doraHai="6" who="0" fromWho="2" sc="157,20,94,0,438,-20,311,0" owari="177,-22.3,94,-40.6,418,51.8,311,11.1" /></mjloggm>