<mjloggm ver="2.3"><GO type="225" lobby="0"/><UN n0="%E5%AF%82%E5%AF%9E%E3%82%AE%E3%83%8D%E3%82%B9%E3%83%93%E3%83%BC%E3%83%AB" n1="%E3%83%AD%E3%83%83%E3%83%86%E9%9B%80%E7%90%83" n2="%72%69%6F%75%63%68%61%6E" n3="%72%61%6B%33" dan="16,17,17,18" rate="2128.59,2199.11,2141.48,2248.84" sx="M,M,M,M"/><TAIKYOKU oya="0"/><INIT seed="0,0,0,4,4,73" ten="250,250,250,250" oya="0" hai0="94,90,75,122,113,84,1,34,111,102,104,26,114" hai1="88,10,8,128,135,14,106,85,71,36,92,42,37" hai2="53,131,97,49,74,112,40,54,18,129,99,16,126" hai3="116,134,45,47,80,62,33,59,23,6,101,68,12"/><T79/><D1/><U13/><E71/><V24/><F112/><N who="0" m="43114" /><D34/><U51/><E128/><N who="2" m="49227" /><F126/><W67/><G116/><T32/><D32/><U96/><E135/><V2/><F2/><W87/><G134/><T7/><D26/><U118/><E118/><V78/><F40/><W20/><G33/><T120/><D7/><U57/><E106/><V98/><F24/><W17/><G68/><T11/><D11/><U110/><E110/><V64/><F64/><W9/><G101/><T82/><D111/><U46/><E57/><N who="2" m="32943" /><F54/><W27/><REACH who="3" step="1"/><G20/><REACH who="3" ten="250,250,250,240" step="2"/><T19/><D19/><N who="1" m="8615" /><E37/><V107/><F107/><W121/><G121/><T50/><D50/><U15/><E36/><V117/><F117/><W133/><G133/><T38/><D38/><U31/><E31/><V91/><F91/><AGARI ba="0,1" hai="6,9,12,17,23,27,45,47,59,62,67,80,87,91" machi="91" ten="30,7700,0" yaku="1,1,7,1,8,1,53,1" doraHai="73" doraHaiUra="3" who="3" fromWho="2" sc="250,0,250,0,250,-77,240,87" /><INIT seed="1,0,0,2,4,63" ten="250,250,173,327" oya="1" hai0="34,65,83,12,16,134,123,9,116,43,38,47,5" hai1="79,78,42,48,73,88,118,20,101,128,132,51,39" hai2="30,133,49,58,59,103,131,105,3,130,84,86,85" hai3="8,124,108,0,92,33,67,107,44,62,94,32,75"/><U57/><E118/><V122/><F122/><W45/><G107/><T14/><D116/><U112/><E112/><V35/><F133/><W82/><G108/><T10/><D134/><U37/><E132/><V13/><F3/><W109/><G109/><T119/><D119/><U127/><E127/><V11/><F30/><W56/><G124/><T95/><D34/><U104/><E128/><V31/><F31/><W71/><G94/><T23/><D123/><U70/><E70/><V72/><F72/><W81/><G92/><T121/><D121/><U29/><E101/><V53/><F35/><W4/><G56/><T111/><D111/><U28/><E104/><V110/><F110/><W17/><G17/><T6/><D95/><U77/><E73/><V61/><F105/><W115/><G115/><T24/><D83/><U7/><E7/><V64/><REACH who="2" step="1"/><F103/><REACH who="2" ten="250,250,163,327" step="2"/><W97/><G32/><T60/><D12/><U2/><E29/><V52/><F52/><W19/><G33/><T21/><D21/><U50/><E28/><V26/><F26/><W46/><G75/><T117/><D117/><U87/><E20/><V36/><F36/><W90/><G0/><T126/><D126/><U106/><E106/><V89/><F89/><W98/><G90/><T55/><D55/><N who="1" m="31999" /><E2/><V135/><F135/><W22/><G22/><T74/><D74/><U120/><E120/><V18/><AGARI ba="0,1" hai="11,13,18,49,53,58,59,61,64,84,85,86,130,131" machi="18" ten="30,4000,0" yaku="1,1,0,1,52,1,53,0" doraHai="63" doraHaiUra="93" who="2" fromWho="2" sc="250,-10,250,-20,163,50,327,-10" /><INIT seed="2,0,0,0,5,122" ten="240,230,213,317" oya="2" hai0="55,75,89,40,113,100,77,96,22,92,101,63,27" hai1="38,90,119,72,132,88,39,112,36,54,82,115,11" hai2="7,59,79,8,14,6,95,120,9,42,15,130,123" hai3="99,69,129,78,20,131,124,26,70,44,58,84,106"/><V111/><F130/><W18/><G124/><T1/><D1/><U0/><E119/><V60/><F111/><W71/><G58/><N who="0" m="35295" /><D113/><U21/><E132/><V133/><F133/><W64/><G64/><T16/><D40/><U53/><E21/><V98/><F79/><W50/><G84/><T52/><D75/><U94/><E54/><V110/><F110/><W45/><G78/><T43/><D43/><U29/><E29/><V61/><F42/><W103/><G50/><T66/><D66/><U34/><E34/><V102/><REACH who="2" step="1"/><F61/><REACH who="2" ten="240,230,203,317" step="2"/><W91/><G131/><T86/><D77/><U108/><E108/><V93/><F93/><W56/><G129/><T48/><D86/><U65/><E115/><V32/><F32/><W117/><G117/><T114/><D114/><U105/><E112/><V10/><F10/><W134/><G134/><T104/><D104/><U76/><E105/><V81/><F81/><W62/><G62/><T5/><D5/><U25/><E11/><V30/><F30/><W24/><G106/><T74/><D74/><U107/><E107/><V85/><F85/><W97/><G97/><T51/><D51/><U128/><E128/><V46/><F46/><AGARI ba="0,1" hai="16,22,27,46,48,52,89,92,96,100,101" m="35295" machi="46" ten="30,7700,0" yaku="25,1,8,1,54,2" doraHai="122" who="0" fromWho="2" sc="240,87,230,0,203,-77,317,0" /><INIT seed="3,0,0,4,5,32" ten="327,230,126,317" oya="3" hai0="121,123,94,76,23,55,52,70,88,30,110,77,82" hai1="58,25,60,134,109,49,19,106,15,100,47,7,9" hai2="39,11,56,133,91,115,44,53,10,135,72,120,38" hai3="98,74,4,20,42,85,35,81,34,24,64,16,3"/><W105/><G74/><T12/><D70/><U51/><E109/><V29/><F115/><W13/><G64/><T28/><D110/><U69/><E134/><V21/><F120/><W128/><G128/><T96/><D123/><U31/><E69/><V84/><F72/><W2/><G42/><T131/><D121/><U14/><E106/><V18/><F29/><N who="0" m="11370" /><D131/><U65/><E100/><V117/><F117/><W22/><G35/><T63/><D82/><U78/><E78/><N who="0" m="30313" /><D63/><U66/><E66/><V73/><F73/><W41/><G34/><T119/><D119/><U50/><E25/><V40/><F38/><W80/><G41/><T101/><D101/><U1/><E31/><V102/><F102/><W92/><G105/><T126/><D126/><U26/><E26/><V33/><F33/><W124/><G124/><T95/><D95/><U99/><E99/><V67/><F67/><W130/><G130/><T116/><D116/><U114/><E114/><V87/><F87/><W54/><G54/><T68/><D68/><U45/><REACH who="1" step="1"/><E15/><REACH who="1" ten="327,220,126,317" step="2"/><V118/><F118/><W97/><G97/><T132/><D132/><U61/><E61/><V0/><F135/><W129/><G129/><T93/><D96/><U86/><E86/><V46/><F133/><W125/><G125/><T111/><D111/><U6/><E6/><V104/><F104/><W122/><G122/><T75/><D75/><U108/><E108/><V71/><F71/><W107/><G107/><T43/><D12/><U83/><E83/><N who="3" m="31818" /><G85/><T27/><D27/><U103/><E103/><V62/><F84/><W37/><G24/><RYUUKYOKU ba="0,1" sc="327,-10,220,30,126,-10,317,-10" hai1="1,7,9,14,19,45,47,49,50,51,58,60,65" owari="327,42.7,250,-15.0,116,-38.4,307,10.7" /></mjloggm>