<mjloggm ver="2.3"><GO type="225" lobby="0"/><UN n0="%45%6C%79%73%69%75%6D" n1="%74%61%6B%75%61%6B%61" n2="%4E%49%4A%49%49%52%4F" n3="%E9%80%86%E9%80%A3%E5%B8%AF%E3%81%AE%E9%AC%BC" dan="18,16,16,16" rate="2164.71,2155.61,2170.25,2142.34" sx="F,M,M,M"/><TAIKYOKU oya="0"/><INIT seed="0,0,0,1,5,67" ten="250,250,250,250" oya="0" hai0="104,53,70,96,69,74,58,38,12,92,97,56,101" hai1="52,105,62,93,50,90,126,95,91,10,13,111,109" hai2="110,123,79,78,117,61,76,85,55,88,102,48,71" hai3="114,129,72,33,57,20,122,32,39,131,45,86,30"/><T84/><D74/><U107/><E62/><V40/><F123/><W108/><G72/><T46/><D84/><U112/><E126/><V49/><F110/><N who="1" m="41993" /><E112/><V36/><F117/><W120/><G114/><T19/><D46/><N who="1" m="27735" /><E93/><V82/><F36/><W65/><G108/><T23/><D38/><U4/><E90/><V44/><F102/><W115/><G115/><T24/><D24/><U31/><E31/><V27/><F27/><W29/><G39/><T75/><D75/><U121/><E121/><V15/><F15/><W103/><G45/><T17/><D17/><U134/><E134/><V9/><F9/><W41/><G103/><T135/><D135/><U54/><E54/><V28/><F28/><W3/><G41/><T8/><D8/><U18/><E4/><V42/><REACH who="2" step="1"/><F49/><REACH who="2" ten="250,250,240,250" step="2"/><W87/><G30/><T35/><D35/><U83/><E83/><V128/><F128/><W63/><G32/><T124/><D124/><U94/><E94/><V0/><F0/><W106/><G33/><T26/><D12/><U25/><E25/><V7/><F7/><W6/><G3/><T89/><D56/><U34/><E34/><V99/><F99/><AGARI ba="0,1" hai="10,13,18,91,95,99,105,107" m="27735,41993" machi="99" ten="30,2000,0" yaku="14,1,54,1" doraHai="67" who="1" fromWho="2" sc="250,0,250,30,240,-20,250,0" /><INIT seed="1,0,0,5,4,80" ten="250,280,220,250" oya="1" hai0="55,89,106,53,107,76,34,85,15,33,61,16,96" hai1="114,43,126,27,132,41,90,131,93,81,14,58,28" hai2="78,45,111,37,122,65,3,54,128,40,77,18,115" hai3="64,118,7,23,29,36,10,17,5,32,75,91,92"/><U66/><E114/><V9/><F115/><W46/><G118/><T68/><D76/><U47/><E126/><V35/><F122/><W30/><G75/><T83/><D33/><U72/><E131/><V44/><F111/><W109/><G109/><T103/><D34/><U84/><E132/><V121/><F128/><W99/><G64/><T134/><D106/><U11/><E72/><V119/><F35/><W24/><G5/><T19/><D134/><U105/><E105/><V102/><F119/><W113/><G113/><T135/><D135/><U42/><E93/><V48/><F121/><W112/><G112/><T4/><D4/><U98/><E98/><V62/><F102/><W13/><G36/><T0/><D0/><U95/><E95/><V120/><F120/><W63/><G46/><T101/><D101/><U86/><E86/><V130/><F130/><W21/><G32/><T20/><REACH who="0" step="1"/><D19/><REACH who="0" ten="240,280,220,250" step="2"/><U60/><E28/><V2/><F2/><W26/><REACH who="3" step="1"/><G63/><REACH who="3" ten="240,280,220,240" step="2"/><T25/><D25/><U69/><E27/><V22/><F3/><W124/><G124/><T6/><D6/><U79/><E60/><V117/><F117/><W12/><G12/><T8/><D8/><U100/><E11/><V88/><F9/><W133/><G133/><T52/><D52/><U39/><E14/><V57/><F62/><W59/><G59/><T51/><D51/><U129/><E58/><V73/><F57/><W127/><G127/><T1/><D1/><U104/><E129/><V74/><F74/><W125/><G125/><T71/><D71/><U123/><E69/><V110/><F73/><RYUUKYOKU ba="0,2" sc="240,15,280,-15,220,-15,240,15" hai0="15,16,20,53,55,61,68,83,85,89,96,103,107" hai3="7,10,13,17,21,23,24,26,29,30,91,92,99" /><INIT seed="2,1,2,4,3,12" ten="255,265,205,255" oya="2" hai0="41,57,62,13,118,10,102,74,0,26,113,90,63" hai1="55,58,18,56,36,53,25,11,54,2,4,70,132" hai2="46,96,110,7,51,38,35,22,50,120,133,81,48" hai3="88,67,52,3,112,103,32,128,60,135,105,79,1"/><V134/><F120/><W72/><G112/><T65/><D74/><U122/><E122/><V77/><F35/><W49/><G135/><N who="2" m="51721" /><F110/><W130/><G32/><T106/><D113/><U73/><E132/><V17/><F7/><W104/><G88/><T92/><D118/><U108/><E108/><V6/><F6/><W124/><G124/><T16/><D0/><U94/><E73/><N who="2" m="43183" /><F96/><W24/><G24/><T42/><D26/><U99/><E70/><V75/><F75/><W115/><G115/><T85/><REACH who="0" step="1"/><D63/><REACH who="0" ten="245,265,205,255" step="2"/><U97/><E25/><N who="2" m="14543" /><F38/><W82/><G1/><T116/><D116/><U61/><E36/><V19/><F19/><W107/><G3/><T78/><D78/><U117/><E18/><V89/><F89/><W40/><G103/><T127/><D127/><U71/><E117/><V33/><F33/><W30/><G30/><T86/><D86/><U98/><E2/><V8/><F8/><W14/><G79/><T27/><D27/><U93/><E11/><V131/><F131/><W20/><G130/><T68/><D68/><U84/><E84/><V39/><F39/><W29/><G128/><T28/><D28/><U21/><E4/><V80/><F80/><W91/><G29/><T83/><D83/><U109/><E109/><V121/><F121/><W64/><G82/><T123/><D123/><U66/><REACH who="1" step="1"/><E21/><REACH who="1" ten="245,255,205,255" step="2"/><V44/><AGARI ba="1,4" hai="44,46,48,50,51" m="14543,43183,51721" machi="44" ten="40,3900,0" yaku="20,1,52,1" doraHai="12" who="2" fromWho="2" sc="245,-14,255,-14,205,82,255,-14" /><INIT seed="2,2,0,3,3,71" ten="231,241,287,241" oya="2" hai0="114,31,40,108,21,60,51,101,121,135,25,116,70" hai1="13,84,64,88,53,35,20,120,86,104,94,33,37" hai2="125,83,48,115,28,103,112,38,117,34,65,109,124" hai3="99,43,107,127,4,113,75,77,123,95,69,29,10"/><V111/><F117/><W27/><G123/><T102/><D121/><U42/><E104/><V66/><F103/><W63/><G127/><N who="2" m="48713" /><F83/><W131/><G113/><N who="2" m="43593" /><F34/><W17/><G131/><T73/><D73/><U81/><E120/><V129/><F28/><W97/><G107/><T14/><D114/><U54/><E64/><N who="2" m="24683" /><F129/><W82/><G29/><T98/><D101/><U11/><E33/><V78/><F78/><W58/><G82/><T100/><D100/><U52/><E35/><V46/><F38/><W26/><G77/><T47/><D116/><U18/><E20/><V68/><F68/><W96/><G69/><T39/><D70/><U126/><E126/><V50/><F50/><W92/><G75/><T8/><D102/><U76/><E37/><V91/><F91/><W24/><G95/><T16/><D39/><U128/><E128/><V41/><AGARI ba="2,0" hai="41,46,48,109,111" m="24683,43593,48713" machi="41" ten="40,7800,0" yaku="18,1,34,2" doraHai="71" who="2" fromWho="2" sc="231,-28,241,-28,287,84,241,-28" /><INIT seed="2,3,0,4,1,67" ten="203,213,371,213" oya="2" hai0="66,25,6,62,41,61,105,69,113,53,60,92,38" hai1="84,45,96,11,10,106,83,43,23,27,18,68,17" hai2="116,46,133,54,110,102,33,111,73,59,117,109,40" hai3="78,20,100,90,79,108,81,123,65,91,63,95,97"/><V103/><F73/><W94/><G108/><T48/><D105/><U28/><E68/><V75/><F75/><W107/><G123/><T51/><D6/><U35/><E106/><V127/><F33/><W8/><G8/><T125/><D25/><U44/><E96/><V42/><F133/><W115/><G115/><T77/><D77/><U22/><E35/><V130/><F130/><W12/><G107/><T21/><D21/><U101/><E101/><N who="2" m="38411" /><F127/><W9/><G20/><T132/><D92/><U129/><E129/><V114/><F114/><W89/><G95/><T30/><D30/><U118/><E118/><N who="2" m="45675" /><F46/><N who="1" m="18025" /><E43/><V24/><F24/><W52/><G81/><T121/><D113/><U15/><E28/><V104/><F104/><W32/><G32/><T50/><D125/><U26/><E26/><V72/><F72/><W49/><G63/><AGARI ba="3,0" hai="40,42,54,59,63,109,110,111" m="45675,38411" machi="63" ten="40,3900,0" yaku="14,1,10,1" doraHai="67" who="2" fromWho="3" sc="203,0,213,0,371,48,213,-48" /><INIT seed="2,4,0,1,5,34" ten="203,213,419,165" oya="2" hai0="105,25,44,89,50,29,39,32,119,22,49,2,46" hai1="36,0,27,86,93,42,31,1,124,134,54,121,12" hai2="127,78,47,57,72,113,103,83,123,41,9,130,28" hai3="117,66,40,126,120,87,33,132,131,60,88,114,19"/><V108/><F123/><W30/><G117/><T84/><D119/><U96/><E121/><V23/><F113/><W24/><G120/><T135/><D105/><U13/><E124/><V52/><F130/><W3/><G131/><T101/><D101/><U53/><E134/><V90/><F127/><W8/><G132/><T128/><D135/><U129/><E129/><V51/><F103/><W45/><G126/><T111/><D128/><U14/><E86/><V4/><F108/><W48/><G114/><T115/><D115/><U26/><E36/><V76/><F76/><W95/><G19/><T70/><D70/><U5/><E42/><V37/><F90/><W77/><G77/><T116/><D116/><U68/><E68/><V55/><F55/><W81/><G81/><T97/><D97/><U94/><E5/><V65/><F65/><W11/><REACH who="3" step="1"/><G3/><REACH who="3" ten="203,213,419,155" step="2"/><T104/><D2/><U98/><E13/><V67/><F83/><W62/><G62/><T58/><D111/><U125/><E125/><V17/><F78/><W74/><G74/><T59/><D25/><U85/><E31/><V43/><F72/><W122/><G122/><T64/><D29/><U80/><E80/><V63/><F63/><W73/><G73/><T100/><D104/><U7/><E7/><V99/><F4/><W102/><G102/><T6/><D6/><U110/><E110/><V109/><F109/><W21/><G21/><T56/><D22/><U107/><E26/><V16/><F23/><W10/><G10/><T69/><D32/><U92/><E27/><V35/><F28/><W133/><G133/><RYUUKYOKU ba="4,1" sc="203,-10,213,-10,419,-10,155,30" hai3="8,11,24,30,33,40,45,48,60,66,87,88,95" /><INIT seed="3,5,1,5,4,0" ten="193,203,409,185" oya="3" hai0="10,88,77,98,87,102,71,4,27,103,133,24,129" hai1="17,69,22,44,122,70,114,79,12,43,108,118,14" hai2="78,66,6,64,127,41,92,29,115,5,124,42,116" hai3="30,20,51,121,47,9,73,32,112,58,16,76,15"/><W107/><G121/><T54/><D71/><U100/><E114/><V21/><F115/><W40/><G112/><T104/><D129/><U2/><E2/><V1/><F78/><W8/><G107/><T3/><D133/><U49/><E122/><V84/><F116/><W132/><G132/><T131/><D131/><U74/><E108/><V111/><F111/><W109/><G109/><T86/><D102/><U62/><E118/><V39/><F29/><W25/><G73/><T28/><D54/><U130/><E130/><V90/><F21/><W96/><G76/><T45/><D45/><U125/><E125/><N who="2" m="48203" /><F39/><W53/><REACH who="3" step="1"/><G96/><REACH who="3" ten="193,203,409,175" step="2"/><T67/><D77/><U72/><E79/><V38/><F84/><W31/><G31/><T60/><D28/><U26/><E72/><V46/><F38/><AGARI ba="5,2" hai="8,9,15,16,20,25,30,32,38,40,47,51,53,58" machi="38" ten="30,5800,0" yaku="1,1,7,1,54,1,53,0" doraHai="0" doraHaiUra="117" who="3" fromWho="2" sc="193,0,203,0,409,-73,175,93" /><INIT seed="3,6,0,5,2,12" ten="193,203,336,268" oya="3" hai0="76,119,58,61,11,91,71,72,10,29,135,94,64" hai1="82,97,80,81,56,75,5,89,47,84,99,126,114" hai2="1,36,34,48,109,46,128,67,50,49,39,24,101" hai3="21,18,105,90,102,111,69,55,115,73,77,88,0"/><W17/><G115/><T124/><D119/><U106/><E114/><V25/><F1/><W57/><G69/><T8/><D135/><U52/><E126/><V62/><F109/><W98/><G111/><T44/><D124/><U9/><E47/><V100/><F128/><W133/><G133/><T122/><D122/><U79/><E81/><V19/><F34/><W35/><G35/><T110/><D110/><U41/><E41/><V117/><F117/><W7/><G77/><T118/><D118/><U22/><E22/><N who="2" m="13407" /><F39/><W74/><G74/><T51/><D29/><U85/><E75/><V123/><F36/><W134/><G73/><T127/><D127/><U16/><E106/><V113/><F113/><W4/><G134/><T70/><D76/><U66/><E66/><V95/><F25/><W121/><G121/><T129/><D72/><U104/><E104/><V125/><F123/><W83/><G18/><T68/><D129/><U65/><E65/><V2/><F2/><W87/><G90/><T59/><D59/><U28/><E28/><V60/><F67/><W30/><G30/><T116/><D116/><U92/><E80/><V43/><F101/><W53/><G0/><T20/><D20/><U131/><E131/><V86/><F100/><W38/><G38/><T37/><D37/><U31/><E31/><V54/><F49/><W112/><G112/><T3/><D3/><N who="1" m="191" /><E16/><V103/><F103/><W108/><G108/><T78/><D78/><U26/><E26/><V32/><F125/><W130/><G130/><T13/><D70/><U15/><E15/><V45/><F32/><RYUUKYOKU ba="6,0" sc="193,-15,203,15,336,15,268,-15" hai1="52,56,79,82,84,85,89,92,97,99" hai2="43,45,46,48,50,54,60,62,86,95" owari="178,-32.2,218,-18.2,351,45.1,253,5.3" /></mjloggm>