<mjloggm ver="2.3"><GO type="225" lobby="0"/><UN n0="%73%61%6E%64%69%72%69%73" n1="%4C%4F%4C%49%54%41" n2="%72%69%6F%75%63%68%61%6E" n3="%E5%A4%96%E5%B7%9D%E7%AB%9C%E6%88%90" dan="16,16,17,16" rate="2144.64,2159.07,2270.22,2177.21" sx="M,F,M,M"/><TAIKYOKU oya="0"/><INIT seed="0,0,0,5,5,73" ten="250,250,250,250" oya="0" hai0="128,87,93,18,94,27,52,60,83,65,19,96,42" hai1="98,31,131,9,103,104,23,43,55,126,116,86,77" hai2="106,81,3,16,134,38,13,119,91,59,47,28,10" hai3="33,88,125,112,95,1,102,5,78,89,8,53,118"/><T15/><D128/><U48/><E116/><V74/><F106/><W35/><G118/><T92/><D42/><U101/><E131/><V34/><F119/><W63/><G112/><T26/><D96/><U110/><E110/><V133/><F3/><W72/><G125/><T12/><D65/><U68/><E68/><V0/><F0/><W7/><G7/><T25/><D60/><U66/><E66/><V24/><F59/><W61/><G102/><T120/><D120/><U21/><E126/><V97/><F74/><W82/><G89/><T121/><D52/><U54/><E9/><V108/><F108/><W62/><REACH who="3" step="1"/><G53/><REACH who="3" ten="250,250,250,240" step="2"/><T45/><D121/><U107/><E54/><V124/><F124/><W71/><G71/><T41/><D41/><U80/><E43/><V115/><F115/><W44/><G44/><T57/><D45/><U64/><E103/><V117/><F117/><W99/><AGARI ba="0,1" hai="1,5,8,33,35,61,62,63,72,78,82,88,95,99" machi="99" ten="30,8000,1" yaku="1,1,0,1,52,1,54,1,53,1" doraHai="73" doraHaiUra="6" who="3" fromWho="3" sc="250,-40,250,-20,250,-20,240,90" /><INIT seed="1,0,0,1,5,114" ten="210,230,230,330" oya="1" hai0="110,94,60,84,76,39,132,13,56,72,83,49,45" hai1="111,103,62,48,59,120,65,73,90,131,23,20,3" hai2="27,89,30,86,55,134,21,9,19,10,91,79,106" hai3="32,58,101,69,12,38,15,124,5,82,16,29,128"/><U44/><E120/><V53/><F134/><W52/><G69/><T17/><D132/><U7/><E73/><V28/><F106/><W1/><G38/><T96/><D110/><U22/><E131/><V18/><F79/><W97/><G15/><T113/><D39/><U92/><E111/><V0/><F0/><W104/><G82/><T133/><D113/><U61/><E3/><V43/><F43/><W121/><G121/><T63/><D72/><U88/><E7/><V26/><REACH who="2" step="1"/><F86/><REACH who="2" ten="210,230,220,330" step="2"/><W109/><G109/><T51/><D133/><U36/><E36/><V46/><F46/><W35/><G1/><T129/><D129/><U85/><E62/><V87/><F87/><W11/><G128/><T130/><D130/><U115/><E115/><V122/><F122/><W118/><G104/><T34/><D45/><U33/><E33/><V108/><F108/><W14/><G35/><T57/><D34/><U37/><E37/><V24/><F24/><W119/><G32/><T77/><D77/><U125/><E125/><V98/><F98/><W71/><G97/><T67/><D63/><U40/><E85/><V80/><F80/><W116/><G124/><T50/><D96/><AGARI ba="0,1" hai="20,22,23,40,44,48,59,61,65,88,90,92,96,103" machi="96" ten="40,3900,0" yaku="8,1,54,1" doraHai="114" who="1" fromWho="0" sc="210,-39,230,49,220,0,330,0" /><INIT seed="1,1,0,5,1,117" ten="171,279,220,330" oya="1" hai0="30,84,131,77,24,42,129,96,28,123,9,12,58" hai1="82,112,125,79,122,13,46,85,26,23,57,70,29" hai2="135,18,54,111,102,20,19,27,7,86,45,110,41" hai3="67,89,39,56,127,4,109,32,40,71,74,101,36"/><U104/><E70/><V91/><F135/><W31/><G74/><T73/><D73/><U133/><E112/><V35/><F35/><W75/><G75/><T68/><D68/><U8/><E104/><V60/><F7/><W61/><G101/><T103/><D42/><U105/><E105/><V134/><F134/><W10/><G109/><N who="2" m="41481" /><F102/><W47/><G127/><T62/><D123/><U2/><E133/><V83/><F54/><W98/><G56/><T3/><D3/><U76/><E125/><V1/><F1/><N who="3" m="271" /><G89/><T113/><D113/><U126/><E126/><V5/><F5/><W108/><G98/><T72/><D72/><U99/><E2/><V0/><F0/><W92/><G92/><T93/><D129/><U16/><E122/><V44/><F60/><W100/><G100/><T120/><D131/><U65/><E99/><V33/><F33/><W38/><G108/><T87/><D120/><U64/><E46/><N who="2" m="18027" /><F41/><W59/><G59/><T34/><D77/><N who="1" m="29771" /><E57/><V55/><F55/><W51/><G51/><T37/><D37/><U25/><E25/><AGARI ba="1,0" hai="25,31,32,36,38,39,40,47,61,67,71" m="271" machi="25" ten="30,2000,0" yaku="33,2" doraHai="117" who="3" fromWho="1" sc="171,0,279,-23,220,0,330,23" /><INIT seed="2,0,0,5,5,3" ten="171,256,220,353" oya="2" hai0="126,43,1,48,0,39,24,128,7,129,5,14,27" hai1="81,104,114,53,91,28,89,56,61,77,13,96,49" hai2="25,66,82,19,83,68,29,23,63,50,67,18,84" hai3="58,6,102,51,64,80,109,36,15,121,71,34,57"/><V110/><F110/><W16/><G121/><T95/><D39/><U103/><E114/><V107/><F107/><W93/><G34/><T62/><D62/><U65/><E28/><V33/><F66/><W12/><G36/><T75/><D75/><U88/><E13/><V32/><F50/><W119/><G58/><T74/><D74/><U42/><E42/><V108/><F108/><W125/><G57/><T40/><D95/><U10/><E10/><V106/><F106/><W21/><G93/><T100/><D14/><U79/><REACH who="1" step="1"/><E81/><REACH who="1" ten="171,246,220,353" step="2"/><V47/><F29/><W115/><G80/><T112/><D112/><U116/><E116/><V45/><F83/><W85/><G15/><T22/><D22/><U87/><E87/><V46/><REACH who="2" step="1"/><F19/><REACH who="2" ten="171,246,210,353" step="2"/><N who="3" m="10471" /><G109/><T78/><D128/><U123/><E123/><V120/><F120/><W20/><G16/><T41/><D129/><U8/><E8/><V131/><F131/><W92/><G115/><T72/><D72/><U35/><E35/><V52/><F52/><W60/><G119/><T117/><D117/><U86/><E86/><V59/><F59/><AGARI ba="0,2" hai="49,53,56,59,61,65,77,79,88,89,91,96,103,104" machi="59" ten="40,5200,0" yaku="1,1,54,1,53,1" doraHai="3" doraHaiUra="94" who="1" fromWho="2" sc="171,0,246,72,210,-52,353,0" /><INIT seed="3,0,0,4,3,99" ten="171,318,158,353" oya="3" hai0="28,98,92,49,84,3,75,129,63,2,57,121,70" hai1="115,17,13,23,93,47,102,46,26,21,51,71,94" hai2="36,106,130,125,33,22,112,10,59,0,67,61,34" hai3="101,97,60,27,12,111,62,24,52,119,32,41,132"/><W5/><G119/><T87/><D121/><U110/><E115/><V78/><F112/><W30/><G41/><T80/><D70/><U74/><E74/><V107/><F36/><W79/><G79/><T76/><D129/><U20/><E71/><V113/><F113/><W126/><G27/><T131/><D131/><U40/><E110/><V65/><F130/><W95/><G111/><T16/><D28/><U127/><E127/><V85/><F125/><W35/><G35/><T15/><D49/><U25/><E47/><V133/><F133/><W128/><G132/><T58/><D58/><U8/><E93/><V56/><F22/><W6/><G62/><T18/><D18/><U114/><E114/><V31/><F0/><W14/><G60/><T81/><D75/><U73/><E73/><V77/><F10/><N who="3" m="4175" /><G52/><T123/><D123/><U54/><E54/><V117/><F117/><W66/><G66/><N who="2" m="25097" /><F61/><W134/><G134/><T104/><D104/><N who="2" m="39978" /><F31/><W96/><G96/><AGARI ba="0,0" hai="8,13,17,20,21,23,25,26,40,46,51,94,96,102" machi="96" ten="40,2600,0" yaku="8,1,52,1" doraHai="99" who="1" fromWho="3" sc="171,0,318,26,158,0,353,-26" owari="171,-22.9,344,44.4,158,-34.2,327,12.7" /></mjloggm>