<mjloggm ver="2.3"><GO type="225" lobby="0"/><UN n0="%E3%81%95%E3%81%8D%E3%81%9F%E3%81%BE%E6%9E%97%E6%AA%8E" n1="%74%2E%6F%2E%6F%2E%73" n2="%E3%83%81%E3%83%83%E3%82%BF%E3%82%BD%E3%83%BC" n3="%72%65%6E%6B%75%6E" dan="16,18,17,17" rate="2079.72,2162.11,2185.75,2248.18" sx="M,M,F,M"/><TAIKYOKU oya="0"/><INIT seed="0,0,0,3,1,81" ten="250,250,250,250" oya="0" hai0="134,132,74,107,101,75,87,105,19,29,63,50,31" hai1="123,108,114,72,100,11,64,71,104,26,95,130,77" hai2="122,93,46,14,62,89,8,112,111,78,68,80,99" hai3="79,70,16,86,20,59,23,58,21,41,82,92,67"/><T12/><D50/><U28/><E95/><V39/><F111/><W69/><G41/><T53/><D53/><U109/><E123/><V10/><F122/><W113/><G113/><T133/><D63/><N who="1" m="40351" /><E11/><V17/><F112/><W61/><G70/><T83/><D31/><U30/><E30/><V91/><F68/><W2/><G2/><T116/><D116/><U22/><E130/><V54/><F39/><W49/><G92/><T6/><D6/><U127/><E127/><V88/><F8/><W32/><G32/><T126/><D126/><U60/><E60/><V45/><F45/><W40/><G69/><T55/><D55/><U115/><E77/><V128/><F128/><W117/><G117/><T121/><D29/><U65/><E72/><N who="0" m="27689" /><D121/><U106/><E65/><V4/><F4/><W94/><G94/><T15/><D101/><U98/><E115/><V56/><REACH who="2" step="1"/><F46/><REACH who="2" ten="250,250,240,250" step="2"/><N who="3" m="25799" /><G59/><T25/><D25/><AGARI ba="0,1" hai="16,20,21,23,25,58,61,67,79,82,86" m="25799" machi="25" ten="30,3900,0" yaku="8,1,52,1,54,1" doraHai="81" who="3" fromWho="0" sc="250,-39,250,0,240,0,250,49" /><INIT seed="1,0,0,2,1,14" ten="211,250,240,299" oya="1" hai0="128,3,55,7,79,50,33,11,31,77,16,74,90" hai1="49,72,107,56,116,18,75,53,104,68,123,12,4" hai2="88,95,48,114,103,84,108,113,25,22,129,120,61" hai3="67,93,110,63,78,97,122,89,30,106,125,132,65"/><U76/><E116/><V98/><F108/><W96/><G122/><T100/><D100/><U15/><E68/><V117/><F117/><W0/><G0/><T82/><D79/><U27/><E123/><V112/><F120/><W6/><G110/><T38/><D38/><U86/><E86/><V73/><F129/><W39/><G39/><T29/><D128/><U9/><E27/><V41/><F61/><W59/><G6/><T99/><D33/><U66/><E66/><V121/><F121/><W13/><G13/><T134/><D134/><U45/><E56/><V91/><F73/><W105/><G78/><T81/><D99/><U36/><E36/><V42/><F48/><W20/><G132/><T70/><D70/><U28/><E28/><N who="2" m="17463" /><F91/><W44/><G44/><N who="0" m="28103" /><D7/><U8/><REACH who="1" step="1"/><E72/><REACH who="1" ten="211,240,240,299" step="2"/><V115/><N who="2" m="28672" /><DORA hai="24" /><V10/><F10/><W52/><G67/><T37/><D37/><U2/><E2/><V94/><AGARI ba="0,1" hai="41,42,84,88,94,95,98,103" m="28672,17463" machi="94" ten="60,7900,0" yaku="11,1,52,1,54,1" doraHai="14,24" who="2" fromWho="2" sc="211,-20,240,-39,240,89,299,-20" /><INIT seed="2,0,0,5,3,53" ten="191,201,329,279" oya="2" hai0="58,69,16,76,120,18,0,117,91,24,127,100,80" hai1="81,4,133,98,49,134,3,62,78,21,63,47,125" hai2="27,94,59,34,29,103,38,39,55,84,105,85,102" hai3="60,72,10,31,82,64,33,50,45,52,9,22,17"/><V83/><F105/><W8/><G33/><T112/><D120/><U57/><E125/><V13/><F13/><W74/><G31/><T124/><D112/><U90/><E21/><V23/><F34/><W75/><G82/><T106/><D69/><U30/><E30/><V43/><F43/><W20/><REACH who="3" step="1"/><G17/><REACH who="3" ten="191,201,329,269" step="2"/><T48/><D18/><U66/><E81/><V70/><F83/><W110/><G110/><T54/><D117/><U119/><E119/><V115/><F29/><W73/><N who="3" m="18432" /><DORA hai="44" /><W96/><G96/><T104/><D80/><U32/><E98/><V111/><F111/><W77/><G77/><T123/><D76/><U126/><E32/><V51/><F115/><W116/><G116/><T19/><D19/><U11/><E78/><V95/><F84/><W41/><G41/><T87/><D87/><U7/><E133/><V93/><F85/><W6/><G6/><T5/><D5/><U131/><E134/><V25/><F93/><W28/><G28/><T99/><D16/><U71/><E4/><V61/><F94/><W88/><G88/><T36/><D91/><U14/><E90/><V26/><F95/><W97/><G97/><T114/><D99/><U12/><E126/><V79/><F79/><W92/><G92/><T65/><D127/><U40/><REACH who="1" step="1"/><E131/><REACH who="1" ten="191,191,329,269" step="2"/><V1/><F102/><W107/><G107/><T37/><D100/><U101/><E101/><V109/><F103/><W2/><G2/><T89/><D0/><U129/><E129/><V118/><F1/><W130/><G130/><T86/><D124/><U42/><E42/><V15/><F118/><RYUUKYOKU ba="0,2" sc="191,-15,191,15,329,-15,269,15" hai1="3,7,11,12,14,40,47,49,57,62,63,66,71" hai3="8,9,10,20,22,45,50,52,60,64" /><INIT seed="3,1,2,3,0,77" ten="176,206,314,284" oya="3" hai0="10,78,47,118,110,57,119,4,94,115,114,6,17" hai1="51,59,85,29,97,93,3,20,60,132,103,22,91" hai2="52,62,72,46,49,100,99,86,112,104,80,135,32" hai3="8,2,76,90,101,96,120,71,87,23,124,7,5"/><W108/><G120/><T50/><D57/><U83/><E132/><V42/><F135/><W34/><G34/><T129/><D129/><U36/><E36/><V53/><F112/><N who="0" m="43050" /><D110/><U15/><E3/><V9/><F32/><W88/><G71/><T18/><D78/><U27/><E51/><V30/><F30/><W41/><G41/><N who="0" m="24943" /><D94/><U1/><E1/><V84/><F9/><W81/><G108/><T98/><D98/><U130/><E130/><V44/><F62/><W73/><G5/><N who="0" m="2155" /><D10/><U82/><E15/><V56/><F56/><W64/><G64/><T21/><D18/><U37/><E37/><V102/><F102/><W48/><G48/><T0/><D0/><U107/><REACH who="1" step="1"/><E20/><REACH who="1" ten="176,196,314,284" step="2"/><V55/><F44/><W133/><G133/><T40/><D40/><U134/><E134/><V117/><F42/><W61/><G23/><T74/><D74/><U26/><E26/><AGARI ba="1,3" hai="17,21,26,118,119" m="2155,24943,43050" machi="26" ten="30,1000,0" yaku="11,1" doraHai="77" who="0" fromWho="1" sc="176,43,196,-13,314,0,284,0" owari="219,-18.1,183,-31.7,314,41.4,284,8.4" /></mjloggm>