<mjloggm ver="2.3"><GO type="225" lobby="0"/><UN n0="%72%69%6F%75%63%68%61%6E" n1="%E7%9C%9F%E4%B8%80" n2="%E4%B8%89%E5%86%A0%E7%8E%8B%E3%83%BB%E5%B1%B1%E7%94%B0%E5%93%B2%E4%BA%BA" n3="%77%72%77%72%77%72%77%72" dan="17,17,17,16" rate="2224.74,2255.00,2199.95,2114.52" sx="M,M,M,M"/><TAIKYOKU oya="0"/><INIT seed="0,0,0,2,3,74" ten="250,250,250,250" oya="0" hai0="21,20,132,120,1,113,129,31,52,73,29,24,44" hai1="117,36,27,92,41,118,104,71,110,47,133,23,57" hai2="82,99,13,93,116,61,16,33,67,26,53,25,75" hai3="78,4,30,48,2,43,91,96,65,38,9,66,85"/><T39/><D113/><U102/><E110/><V34/><F116/><W37/><G30/><T10/><D120/><U63/><E133/><V32/><F53/><W56/><G96/><T62/><D132/><U17/><E71/><V12/><F12/><W68/><G68/><T45/><D129/><U35/><E104/><V124/><F124/><W95/><G38/><T46/><D73/><U106/><E106/><V83/><F83/><W55/><REACH who="3" step="1"/><G78/><REACH who="3" ten="250,250,250,240" step="2"/><T131/><D39/><U18/><E35/><V125/><F33/><W109/><G109/><T19/><D131/><U123/><E123/><V121/><F32/><W108/><G108/><T0/><D31/><U8/><E118/><V100/><F34/><W112/><G112/><T119/><D119/><U6/><E117/><V70/><F121/><W7/><G7/><T89/><D89/><U3/><E18/><V81/><F125/><W88/><G88/><T135/><D135/><U42/><E102/><V98/><F98/><W14/><G14/><T51/><D62/><U40/><REACH who="1" step="1"/><E92/><REACH who="1" ten="250,240,250,240" step="2"/><V22/><F93/><W54/><G54/><AGARI ba="0,2" hai="3,6,8,17,23,27,36,40,41,42,47,54,57,63" machi="54" ten="30,3900,0" yaku="1,1,2,1,7,1,53,0" doraHai="74" doraHaiUra="126" who="1" fromWho="3" sc="250,0,240,59,250,0,240,-39" /><INIT seed="1,0,0,3,3,105" ten="250,299,250,201" oya="1" hai0="50,68,6,110,75,76,30,23,22,12,79,112,78" hai1="97,124,19,83,111,11,72,13,126,15,42,8,58" hai2="7,41,5,80,128,10,1,62,45,52,27,70,61" hai3="40,102,81,51,117,94,134,92,108,120,121,55,31"/><U32/><E32/><V60/><F128/><W103/><G31/><T49/><D112/><U118/><E118/><V99/><F7/><W38/><G117/><T46/><D110/><U98/><E42/><V35/><F99/><W57/><G108/><T100/><D68/><U47/><E47/><V85/><F27/><W59/><G134/><T113/><D113/><U95/><E111/><V125/><F125/><N who="1" m="48233" /><E58/><V106/><F106/><W14/><G38/><T25/><D100/><U66/><E66/><V43/><F35/><W87/><G40/><T86/><D75/><U24/><E24/><V115/><F115/><W0/><G0/><T135/><D135/><U69/><E95/><N who="3" m="36394" /><G121/><T129/><D129/><U93/><E93/><V114/><F114/><W74/><G74/><T101/><D101/><N who="3" m="38409" /><G14/><T29/><D29/><U107/><E69/><V17/><F70/><W127/><G120/><T116/><D116/><U90/><E107/><V64/><F64/><W89/><G127/><T2/><D2/><U130/><E130/><V20/><F43/><W67/><G67/><T54/><D6/><N who="1" m="3223" /><E90/><V21/><F5/><W88/><G59/><T132/><D132/><U84/><E84/><V9/><F85/><W65/><G65/><T119/><D119/><U16/><E19/><V122/><F17/><W82/><G82/><N who="0" m="47431" /><D50/><U131/><E131/><V33/><F1/><W39/><G39/><T63/><D63/><U36/><E36/><V53/><F122/><W56/><G89/><T104/><D104/><U18/><E18/><AGARI ba="0,0" hai="12,18,22,23,25,30,46,49,54,78,79" m="47431" machi="18" ten="30,1000,0" yaku="8,1" doraHai="105" who="0" fromWho="1" sc="250,10,299,-10,250,0,201,0" /><INIT seed="2,0,0,1,2,23" ten="260,289,250,201" oya="2" hai0="122,14,72,20,86,64,132,46,24,128,82,106,98" hai1="76,34,68,48,44,39,16,112,88,47,41,21,66" hai2="69,99,92,97,95,126,62,65,105,75,43,85,54" hai3="36,107,52,42,3,9,50,40,133,30,90,135,113"/><V114/><F75/><W71/><G107/><T11/><D122/><U131/><E112/><V78/><F114/><W123/><G113/><T125/><D125/><U116/><E116/><V79/><F126/><W56/><G123/><T101/><D128/><U27/><E131/><V58/><F105/><W70/><G90/><T19/><D132/><N who="3" m="50761" /><G9/><T5/><D64/><U110/><E76/><V115/><F115/><W93/><G93/><T38/><D72/><U102/><E102/><V121/><F121/><W35/><G3/><T26/><D46/><U130/><E130/><V57/><F43/><N who="3" m="16427" /><G30/><T74/><D38/><U109/><E34/><V7/><F7/><W91/><G91/><T12/><REACH who="0" step="1"/><D74/><REACH who="0" ten="250,289,250,201" step="2"/><U117/><E117/><V59/><F54/><N who="3" m="31831" /><G35/><T129/><D129/><U118/><E118/><V31/><F65/><W89/><G36/><T53/><D53/><N who="1" m="29831" /><E66/><V0/><F62/><W84/><G52/><T111/><D111/><N who="1" m="42507" /><E68/><V61/><F69/><W29/><G70/><T63/><D63/><U83/><E39/><V108/><F61/><W1/><G71/><T33/><D33/><U22/><E47/><V120/><F108/><W55/><G55/><T13/><D13/><U10/><E41/><V32/><F120/><W124/><G1/><T51/><D51/><U96/><E27/><V87/><F32/><W104/><G124/><T49/><D49/><U4/><E83/><V103/><F0/><W37/><G37/><T80/><D80/><U45/><E45/><V8/><F58/><W77/><G77/><AGARI ba="0,1" hai="5,11,12,14,19,20,24,26,77,82,86,98,101,106" machi="77" ten="30,8000,1" yaku="1,1,7,1,52,2,53,1" doraHai="23" doraHaiUra="6" who="0" fromWho="3" sc="250,90,289,0,250,0,201,-80" /><INIT seed="3,0,0,4,5,107" ten="340,289,250,121" oya="3" hai0="125,2,36,119,77,105,45,79,96,3,133,113,38" hai1="14,134,110,30,53,81,135,123,87,94,95,33,91" hai2="46,122,43,37,97,101,52,111,21,72,41,109,8" hai3="10,47,57,129,39,44,7,92,31,100,29,27,16"/><W55/><G129/><T127/><D119/><U60/><E123/><V22/><F122/><W103/><G39/><N who="0" m="14891" /><D45/><N who="3" m="17481" /><G7/><T11/><D133/><N who="1" m="50699" /><E110/><N who="2" m="41995" /><F43/><W115/><G115/><T59/><D113/><U76/><E14/><V80/><F8/><W6/><G6/><N who="0" m="1495" /><D3/><U65/><E53/><V56/><F80/><W25/><G25/><T88/><D59/><N who="1" m="37023" /><E91/><V75/><F21/><N who="3" m="13735" /><G10/><T35/><D35/><U99/><E99/><V68/><F68/><W85/><G85/><T48/><D48/><U0/><E0/><V34/><F22/><W13/><G13/><T9/><D9/><U67/><E30/><N who="3" m="11274" /><G92/><N who="1" m="35370" /><E33/><V112/><F112/><W132/><G132/><T126/><D105/><U50/><E87/><V4/><F34/><W90/><G90/><T108/><D108/><U83/><E76/><N who="0" m="29257" /><D88/><U86/><E86/><V131/><F4/><W32/><G32/><T74/><D96/><U84/><E84/><V40/><F40/><W26/><G26/><T78/><D78/><U117/><E117/><V114/><F114/><W70/><G70/><T69/><D69/><U49/><E83/><V54/><F131/><W64/><G64/><T130/><D130/><U116/><E116/><V23/><F23/><W104/><G104/><T12/><D12/><U20/><E67/><V28/><F28/><W73/><G73/><AGARI ba="0,0" hai="73,74,125,126,127" m="29257,1495,14891" machi="73" ten="40,5200,0" yaku="18,1,52,2" doraHai="107" who="0" fromWho="3" sc="340,52,289,0,250,0,121,-52" owari="392,49.2,289,8.9,250,-15.0,69,-43.1" /></mjloggm>