<mjloggm ver="2.3"><GO type="225" lobby="0"/><UN n0="%E3%81%AA%E3%81%A1%30%39%32%37" n1="%E3%83%A9%E3%82%B9%E7%8E%87%EF%BC%93%E5%89%B2" n2="%E5%86%B7%E5%87%8D%E3%82%AE%E3%83%A7%E3%83%BC%E3%82%B6" n3="%E3%81%82%E3%81%B9%E3%81%99%E3%81%91" dan="16,16,16,16" rate="2080.08,2156.15,2141.31,2098.14" sx="M,F,M,M"/><TAIKYOKU oya="0"/><INIT seed="0,0,0,2,2,57" ten="250,250,250,250" oya="0" hai0="104,35,112,65,100,135,66,125,27,80,88,132,6" hai1="51,71,102,89,53,4,107,54,15,22,106,26,127" hai2="5,21,96,43,118,64,87,115,62,67,50,41,93" hai3="134,72,81,97,111,74,33,63,56,75,117,16,49"/><T94/><D112/><U59/><E127/><V77/><F115/><W126/><G117/><T24/><D6/><U114/><E71/><V46/><F118/><W116/><G116/><T95/><D80/><U55/><E114/><V133/><F133/><N who="0" m="51274" /><D125/><U120/><E120/><V122/><F122/><W11/><G126/><T69/><D104/><U13/><E89/><V25/><F5/><W38/><G33/><T52/><D100/><U8/><E15/><V109/><F41/><W61/><G38/><T44/><D94/><U76/><E76/><V82/><F109/><W103/><G111/><T90/><D35/><U37/><E37/><V101/><REACH who="2" step="1"/><F62/><REACH who="2" ten="250,250,240,250" step="2"/><W3/><G63/><N who="0" m="40127" /><D66/><U14/><E4/><V48/><F48/><W113/><G49/><N who="0" m="28711" /><D90/><U108/><E108/><V98/><F98/><AGARI ba="0,1" hai="24,27,88,95,98" m="28711,40127,51274" machi="98" ten="30,11600,0" yaku="20,1,52,1,54,2" doraHai="57" who="0" fromWho="2" sc="250,126,250,0,240,-116,250,0" /><INIT seed="0,1,0,0,0,81" ten="376,250,124,250" oya="0" hai0="125,122,70,32,7,44,49,0,10,64,1,23,91" hai1="74,131,5,52,71,62,109,40,34,86,100,26,126" hai2="21,90,20,85,66,60,110,24,69,98,89,47,4" hai3="117,54,37,50,82,134,104,130,6,103,73,94,99"/><T9/><D122/><U118/><E74/><V113/><F113/><W31/><G117/><T129/><D70/><U38/><E118/><V65/><F110/><W106/><G37/><T120/><D64/><U115/><E109/><V53/><F4/><W97/><G134/><T25/><D120/><U83/><E131/><V29/><F65/><W63/><G130/><T19/><D10/><U42/><E126/><V51/><F98/><W33/><G63/><T75/><D75/><U3/><E38/><V2/><F2/><W119/><G6/><T22/><D125/><U15/><E3/><V87/><REACH who="2" step="1"/><F20/><REACH who="2" ten="376,250,114,250" step="2"/><W58/><G99/><T116/><D0/><U88/><E115/><V108/><F108/><W18/><G97/><T30/><D23/><U57/><E71/><V68/><F68/><W55/><G119/><T101/><D22/><U17/><E100/><V39/><F39/><W76/><G103/><T135/><D1/><U133/><E133/><V93/><F93/><W11/><G94/><T121/><D7/><U59/><E34/><V92/><F92/><W127/><G33/><T48/><D129/><U123/><E123/><V78/><F78/><W114/><G127/><T112/><D135/><U16/><E5/><V13/><F13/><N who="3" m="7487" /><G114/><T111/><D112/><U107/><E15/><V95/><F95/><W67/><G67/><T8/><D101/><U84/><E107/><V132/><F132/><W77/><G77/><T27/><D111/><U72/><E26/><N who="0" m="9737" /><D32/><U14/><E14/><V41/><F41/><W28/><G55/><T96/><D116/><U12/><E52/><RYUUKYOKU ba="1,1" sc="376,-15,250,-15,114,15,250,15" hai2="21,24,29,47,51,53,60,66,69,85,87,89,90" hai3="28,31,50,54,58,73,76,82,104,106" /><INIT seed="1,2,1,2,4,105" ten="361,235,129,265" oya="1" hai0="111,70,46,6,40,26,107,86,60,43,37,72,62" hai1="25,18,82,44,0,101,118,90,78,100,65,28,116" hai2="130,122,29,104,71,47,97,23,80,14,17,84,114" hai3="113,53,20,32,16,117,45,74,73,51,103,68,64"/><U50/><E0/><V7/><F122/><W92/><G113/><T124/><D86/><U87/><E18/><V115/><F130/><W33/><G117/><T13/><D13/><U119/><E65/><V69/><F29/><W102/><G33/><T41/><D107/><U77/><E77/><V85/><F47/><W24/><G32/><T129/><D72/><U54/><REACH who="1" step="1"/><E90/><REACH who="1" ten="361,225,129,265" step="2"/><V75/><F17/><W59/><G64/><T106/><D129/><U5/><E5/><V19/><F7/><W39/><G16/><T22/><D6/><U134/><E134/><V34/><F19/><W42/><G103/><T76/><D76/><U123/><E123/><V93/><F14/><W91/><G91/><T11/><D26/><U110/><E110/><V4/><F4/><W94/><G102/><T81/><D111/><U132/><E132/><V30/><F115/><W48/><G24/><T128/><D128/><U27/><E27/><V135/><F114/><W99/><G20/><AGARI ba="2,2" hai="20,25,28,44,50,54,78,82,87,100,101,116,118,119" machi="20" ten="40,2000,0" yaku="1,1,53,0" doraHai="105" doraHaiUra="3" who="1" fromWho="3" sc="361,0,225,46,129,0,265,-26" /><INIT seed="1,3,0,1,3,114" ten="361,271,129,239" oya="1" hai0="82,104,68,84,105,126,121,20,102,83,21,25,66" hai1="106,8,117,77,19,67,85,63,44,135,38,42,110" hai2="37,50,4,89,2,98,61,49,109,74,32,36,122" hai3="5,100,71,56,87,0,123,57,26,45,43,101,29"/><U86/><E106/><V31/><F122/><W6/><G123/><T76/><D121/><U62/><E135/><V55/><F74/><W27/><G71/><T124/><D68/><U118/><E110/><V131/><F109/><W9/><G6/><T75/><D66/><U58/><E63/><V16/><F131/><W130/><G130/><T3/><D3/><U94/><E94/><V70/><F31/><W41/><G41/><T35/><D35/><U125/><E125/><N who="0" m="48233" /><D102/><U127/><E127/><V10/><F32/><W93/><G27/><T48/><D48/><U22/><E8/><V92/><F49/><W80/><G93/><T99/><D99/><U28/><E28/><V73/><F73/><W95/><G95/><T12/><D12/><U112/><E112/><V115/><F115/><W18/><G101/><T72/><D72/><U1/><E1/><V59/><F70/><W128/><G100/><T52/><D52/><U54/><E54/><V91/><F61/><W15/><G128/><T132/><D132/><U47/><E47/><V79/><F79/><W33/><G43/><T51/><D51/><U81/><REACH who="1" step="1"/><E86/><REACH who="1" ten="361,261,129,239" step="2"/><V120/><F120/><W78/><REACH who="3" step="1"/><G45/><REACH who="3" ten="361,261,129,229" step="2"/><T46/><D46/><U13/><AGARI ba="3,2" hai="13,19,22,38,42,44,58,62,67,77,81,85,117,118" machi="13" ten="20,18000,2" yaku="1,1,2,1,0,1,7,1,52,2,53,1" doraHai="114" doraHaiUra="40" who="1" fromWho="1" sc="361,-63,261,209,129,-63,229,-63" /><INIT seed="1,4,0,3,1,111" ten="298,470,66,166" oya="1" hai0="65,121,8,41,71,44,90,129,96,128,52,53,18" hai1="72,25,63,116,47,113,64,59,82,4,92,50,16" hai2="38,84,88,118,61,107,66,37,5,83,110,43,55" hai3="93,39,69,27,24,103,131,78,68,40,105,85,13"/><U104/><E104/><V91/><F118/><W97/><G131/><N who="0" m="50251" /><D96/><U126/><E113/><V112/><F110/><W77/><G39/><N who="0" m="21567" /><D90/><U135/><E126/><V7/><F107/><W74/><G40/><T51/><D18/><U0/><E135/><V2/><F55/><N who="0" m="21066" /><D8/><U14/><E116/><V3/><F43/><W109/><G97/><T114/><D114/><U1/><E4/><V98/><F112/><W87/><G105/><T119/><D119/><U80/><E25/><V10/><F7/><W125/><G27/><T124/><D124/><U132/><E92/><V36/><F2/><W120/><G24/><T49/><D121/><U21/><E72/><V115/><F115/><W134/><G74/><T127/><D127/><U57/><E0/><V54/><F54/><W11/><G11/><T20/><D20/><U48/><E1/><V56/><REACH who="2" step="1"/><F98/><REACH who="2" ten="298,470,56,166" step="2"/><W108/><G125/><T26/><D26/><U130/><E130/><V79/><AGARI ba="4,1" hai="3,5,10,36,37,38,56,61,66,79,83,84,88,91" machi="79" ten="30,8000,1" yaku="1,1,2,1,0,1,54,1,53,1" doraHai="111" doraHaiUra="6" who="2" fromWho="2" sc="298,-24,470,-44,56,102,166,-24" /><INIT seed="2,0,0,3,4,71" ten="274,426,158,142" oya="2" hai0="26,63,114,67,95,96,77,22,113,103,43,135,91" hai1="4,131,18,35,112,83,38,115,55,37,20,121,128" hai2="39,28,110,132,119,16,25,92,88,111,5,80,52" hai3="89,122,102,66,42,2,48,30,60,7,97,74,45"/><V33/><F119/><W99/><G122/><T65/><D135/><U41/><E35/><V86/><F132/><W129/><G74/><T57/><D77/><U70/><E70/><V84/><F5/><W15/><G129/><N who="1" m="49738" /><E121/><V29/><F29/><W40/><G2/><T98/><D43/><U106/><E106/><V31/><F31/><W0/><G0/><T32/><D32/><U62/><E41/><V24/><F39/><N who="1" m="14857" /><E4/><V105/><F105/><W101/><G42/><T85/><D67/><U68/><E83/><V79/><REACH who="2" step="1"/><F52/><REACH who="2" ten="274,426,148,142" step="2"/><W100/><G40/><T118/><D118/><U120/><E120/><V11/><F11/><W56/><G7/><T36/><D36/><U126/><E126/><V123/><F123/><W93/><G93/><N who="0" m="58831" /><D113/><U78/><E55/><V64/><F64/><W12/><G66/><T107/><D107/><U59/><E115/><V14/><F14/><W44/><G15/><T130/><D130/><U81/><E112/><V17/><F17/><W76/><G12/><T51/><D114/><U3/><E3/><V1/><F1/><W6/><G6/><T108/><D51/><U87/><E68/><V90/><F90/><W47/><G48/><T73/><D91/><U19/><E19/><V58/><F58/><W116/><G116/><T27/><D57/><U49/><E49/><V21/><AGARI ba="0,1" hai="16,21,24,25,28,33,79,80,84,86,88,92,110,111" machi="21" ten="30,11700,0" yaku="1,1,0,1,54,2,53,0" doraHai="71" doraHaiUra="104" who="2" fromWho="2" sc="274,-39,426,-39,148,127,142,-39" /><INIT seed="2,1,0,5,1,86" ten="235,387,275,103" oya="2" hai0="115,113,133,101,54,7,97,132,88,75,129,26,114" hai1="62,19,63,47,5,17,108,131,111,49,22,105,125" hai2="121,122,93,32,3,130,51,87,10,73,50,23,83" hai3="46,71,69,0,126,98,123,135,100,74,128,78,82"/><V55/><F32/><W34/><G123/><T41/><D41/><U11/><E105/><V61/><F130/><W110/><G128/><T59/><D75/><U79/><E79/><V45/><F73/><W94/><G110/><N who="1" m="42026" /><E125/><V20/><F61/><N who="1" m="23049" /><E22/><V117/><F117/><W107/><G126/><T112/><D129/><U77/><E77/><V67/><F67/><W21/><G135/><N who="0" m="51787" /><D7/><U29/><E29/><V85/><F121/><W44/><G34/><T28/><D113/><U127/><E131/><V84/><F83/><W120/><G120/><T52/><D59/><U48/><E48/><V70/><F70/><W25/><G71/><T27/><D27/><U60/><E60/><V91/><F122/><W14/><G69/><T18/><D18/><U30/><E30/><V118/><F118/><W6/><G107/><N who="0" m="63919" /><D88/><U38/><E38/><V99/><F3/><W42/><G0/><T12/><D12/><N who="1" m="5231" /><E127/><V92/><F92/><W33/><G33/><AGARI ba="1,0" hai="26,28,33,52,54,112,114,115" m="63919,51787" machi="33" ten="40,2600,0" yaku="20,1,54,1" doraHai="86" who="0" fromWho="3" sc="235,29,387,0,275,0,103,-29" /><INIT seed="3,0,0,2,2,84" ten="264,387,275,74" oya="3" hai0="61,101,86,96,88,64,72,20,23,44,89,87,57" hai1="105,45,74,17,30,12,81,83,13,98,66,18,38" hai2="62,68,33,123,128,104,6,78,41,63,26,115,39" hai3="43,119,52,82,7,114,97,131,110,73,132,125,42"/><W103/><G114/><T54/><D72/><U34/><E66/><V9/><F115/><W0/><G119/><T129/><D129/><U107/><E98/><V55/><F55/><W48/><G131/><T134/><D134/><U10/><E45/><V93/><F123/><W56/><G132/><T90/><D86/><U21/><E38/><V32/><F62/><W59/><G125/><T130/><D87/><U69/><E69/><V133/><F93/><W35/><G35/><T2/><D2/><U76/><E81/><V117/><F117/><W51/><G110/><T16/><D130/><U120/><E120/><V94/><F94/><W27/><G27/><T37/><D101/><U112/><E112/><V47/><F128/><W15/><G0/><T29/><D96/><U65/><E65/><N who="2" m="41023" /><F26/><W100/><G73/><T36/><D29/><U49/><E34/><V135/><F104/><W46/><G82/><T11/><D11/><U60/><E30/><V126/><F126/><W121/><G121/><T79/><D79/><U31/><E31/><V99/><F99/><W40/><G59/><T106/><D23/><U75/><E75/><V113/><F113/><W108/><G108/><T14/><REACH who="0" step="1"/><D106/><REACH who="0" ten="254,387,275,74" step="2"/><U67/><E107/><V71/><F135/><W95/><REACH who="3" step="1"/><G103/><REACH who="3" ten="254,387,275,64" step="2"/><T80/><D80/><U118/><E83/><V127/><F133/><W25/><G25/><T91/><N who="0" m="22528" /><DORA hai="22" /><T116/><D116/><U92/><E118/><V85/><F127/><W3/><G3/><T102/><D102/><U58/><E74/><V5/><F32/><W53/><G53/><T124/><D124/><RYUUKYOKU ba="0,2" sc="254,15,387,-15,275,-15,64,15" hai0="14,16,20,36,37,44,54,57,61,64" hai3="7,15,40,42,43,46,48,51,52,56,95,97,100" /><INIT seed="3,1,2,5,5,103" ten="269,372,260,79" oya="3" hai0="59,128,94,85,101,93,9,26,29,108,83,82,40" hai1="33,65,78,98,45,67,58,105,54,106,76,79,53" hai2="8,63,74,135,115,86,124,70,25,60,95,134,100" hai3="49,0,107,77,18,42,44,1,51,122,4,120,109"/><W97/><G109/><T32/><D108/><U89/><E33/><V127/><F74/><W56/><G77/><T90/><D128/><U22/><E105/><V57/><F115/><W55/><G18/><T75/><D40/><U91/><E106/><V126/><F8/><W34/><G34/><T16/><D59/><U52/><E22/><V19/><F70/><W121/><REACH who="3" step="1"/><G4/><REACH who="3" ten="269,372,260,69" step="2"/><T84/><D32/><U125/><E78/><V31/><F19/><W3/><G3/><T73/><D16/><U13/><E79/><V17/><F17/><W5/><G5/><T61/><D73/><U96/><E76/><V119/><F124/><W69/><G69/><T14/><D75/><U15/><E125/><V68/><F68/><W27/><G27/><T30/><D26/><U80/><E15/><V118/><F126/><W129/><G129/><T7/><D30/><U41/><E13/><V50/><F25/><W43/><G43/><T6/><D6/><U110/><E110/><V123/><F31/><W71/><G71/><T62/><D29/><U87/><E41/><V48/><F127/><W2/><G2/><T35/><D35/><U99/><E45/><V39/><F119/><W24/><G24/><T102/><D14/><U38/><E58/><V113/><F57/><W116/><G116/><T37/><D7/><U20/><E20/><V117/><F118/><W21/><G21/><T46/><D46/><U10/><E10/><V12/><F12/><W133/><G133/><T47/><D9/><U131/><E131/><V114/><F117/><W104/><G104/><T132/><D132/><RYUUKYOKU ba="1,3" sc="269,-10,372,-10,260,-10,69,30" hai3="0,1,42,44,49,51,55,56,97,107,120,121,122" /><INIT seed="3,2,3,0,5,21" ten="259,362,250,99" oya="3" hai0="88,110,101,73,85,81,89,32,34,82,50,108,76" hai1="125,105,42,93,86,99,118,66,59,0,90,35,113" hai2="16,2,4,17,27,102,3,12,30,62,70,5,55" hai3="58,8,57,22,115,106,25,133,19,80,52,61,24"/><W84/><G115/><T87/><D50/><U60/><E113/><V117/><F102/><W38/><G133/><T120/><D32/><U53/><E0/><N who="2" m="43" /><F55/><N who="3" m="33983" /><G106/><T39/><D39/><U78/><E42/><V36/><F62/><N who="3" m="36167" /><G38/><T100/><D120/><U69/><E118/><V56/><F56/><W124/><G8/><T131/><D131/><U7/><E105/><V98/><F98/><W26/><G124/><T127/><D34/><U96/><E125/><V123/><F70/><W119/><G119/><T129/><D129/><U68/><E99/><V109/><F36/><W77/><AGARI ba="2,3" hai="19,22,24,25,26,77,80,84" m="36167,33983" machi="77" ten="30,12000,1" yaku="8,1,52,3,54,1" doraHai="21" who="3" fromWho="3" sc="259,-42,362,-42,250,-42,99,156" /><INIT seed="3,3,0,0,3,108" ten="217,320,208,255" oya="3" hai0="115,63,25,51,70,38,36,53,24,112,44,117,116" hai1="100,21,80,64,127,126,5,71,113,41,39,67,95" hai2="45,22,30,86,32,58,12,131,96,75,9,134,93" hai3="129,128,68,98,83,69,17,46,118,52,76,78,110"/><W122/><G118/><N who="0" m="45675" /><D24/><U11/><E80/><V111/><F75/><W66/><G122/><T106/><D25/><U43/><E21/><V8/><F32/><W37/><G110/><T14/><D14/><U87/><E39/><N who="0" m="14889" /><D106/><U50/><E50/><V73/><F73/><W28/><G66/><AGARI ba="3,0" hai="44,51,53,63,66,70,112,115" m="14889,45675" machi="66" ten="40,8000,1" yaku="34,2,52,2" doraHai="108" who="0" fromWho="3" sc="217,89,320,0,208,0,255,-89" owari="306,10.6,320,42.0,208,-19.2,166,-33.4" /></mjloggm>