<mjloggm ver="2.3"><GO type="225" lobby="0"/><UN n0="%E3%83%AD%E3%83%83%E3%83%86%E9%9B%80%E7%90%83" n1="%E7%AB%8B%E8%8A%B1%E9%9F%BF" n2="%E3%81%8B%E3%82%8F%E3%81%A1%E3%82%83%E3%82%93%35%38" n3="%E6%B4%BE%E9%81%A3%E3%81%AE%E3%82%B8%E3%83%A3%E3%83%83%E3%82%AF" dan="16,17,17,17" rate="2171.63,2137.96,2248.45,2214.24" sx="M,F,M,M"/><TAIKYOKU oya="0"/><INIT seed="0,0,0,1,1,40" ten="250,250,250,250" oya="0" hai0="11,81,69,35,28,53,5,91,109,10,6,41,38" hai1="107,29,105,129,110,92,112,20,121,125,103,126,36" hai2="73,44,124,0,49,26,59,82,98,48,45,18,72" hai3="1,79,85,12,100,14,104,71,25,24,133,62,97"/><T70/><D35/><U76/><E36/><V27/><F0/><W65/><G1/><T8/><D28/><U2/><E2/><V132/><F132/><W120/><G133/><T22/><D22/><U135/><E135/><V111/><F111/><W9/><G120/><T47/><D109/><U64/><E110/><V131/><F131/><W118/><G118/><T50/><D91/><U67/><E121/><V54/><F124/><N who="1" m="47721" /><E76/><V32/><F98/><W99/><G99/><T130/><D81/><U101/><E129/><V17/><F59/><W37/><G37/><T123/><D123/><U117/><E117/><V39/><F39/><W33/><G9/><T83/><D83/><U128/><E128/><V122/><F122/><W113/><G113/><T87/><D87/><U23/><E92/><V127/><F127/><W66/><G66/><N who="1" m="25130" /><E112/><V75/><F82/><N who="3" m="47327" /><G25/><T106/><D106/><N who="1" m="40459" /><E29/><AGARI ba="0,0" hai="12,14,24,29,33,62,65,71,97,100,104" m="47327" machi="29" ten="30,1000,0" yaku="25,1" doraHai="40" who="3" fromWho="1" sc="250,0,250,-10,250,0,250,10" /><INIT seed="1,0,0,0,5,47" ten="250,240,250,260" oya="1" hai0="13,52,73,4,95,14,60,88,33,98,56,92,66" hai1="46,70,133,20,31,109,6,75,80,29,77,16,102" hai2="38,43,30,120,27,128,36,97,115,89,81,35,3" hai3="58,57,49,78,76,87,118,127,131,114,122,23,39"/><U34/><E133/><V105/><F120/><W111/><G111/><T40/><D73/><U116/><E116/><V90/><F3/><W26/><G39/><T103/><D33/><U8/><E70/><V9/><F9/><W25/><G114/><T72/><D72/><U22/><E109/><V108/><F108/><W86/><G122/><T24/><D40/><U121/><E121/><V19/><F19/><W94/><G127/><T123/><D123/><U71/><E71/><V85/><F128/><W96/><G131/><T82/><D82/><U101/><E22/><V91/><F115/><W74/><G74/><T18/><D4/><U28/><E46/><V113/><F113/><W37/><G37/><T1/><D1/><U42/><E42/><V99/><F99/><W117/><G96/><N who="0" m="59807" /><D66/><U10/><E34/><V93/><F105/><W110/><G110/><T21/><AGARI ba="0,0" hai="13,14,18,21,24,52,56,60,88,92,98" m="59807" machi="21" ten="30,7900,0" yaku="25,1,8,1,54,2" doraHai="47" who="0" fromWho="0" sc="250,79,240,-39,250,-20,260,-20" /><INIT seed="2,0,0,3,1,86" ten="329,201,230,240" oya="2" hai0="8,67,71,133,59,15,54,104,131,99,48,38,130" hai1="55,84,93,109,63,92,58,13,115,61,82,111,22" hai2="24,52,119,36,74,56,37,122,91,118,85,96,127" hai3="1,62,121,117,107,120,57,110,95,12,97,35,88"/><V70/><F122/><W18/><G117/><T102/><D38/><U80/><E115/><V14/><F74/><W79/><G1/><T106/><D133/><U51/><E82/><V135/><F70/><W87/><G35/><T46/><D71/><U113/><E113/><V76/><F76/><W124/><G110/><T89/><D89/><N who="1" m="53287" /><E93/><V134/><F24/><W19/><G124/><T10/><D106/><U114/><E80/><N who="2" m="49575" /><F14/><W39/><G39/><N who="2" m="14921" /><F96/><W128/><G128/><N who="0" m="49195" /><D15/><U68/><E114/><V40/><F40/><W112/><G112/><T66/><D59/><U50/><E50/><N who="2" m="30743" /><F127/><W5/><G79/><T47/><D47/><U25/><E68/><V32/><F32/><W105/><G120/><T132/><D8/><U53/><E53/><V78/><F78/><W34/><G34/><T2/><D10/><U21/><E21/><V72/><F72/><W65/><G121/><T69/><D2/><U126/><E126/><V45/><F45/><W7/><G105/><T42/><D42/><U29/><E13/><V41/><F41/><W116/><G116/><T43/><D43/><U49/><E49/><V3/><F3/><W9/><G7/><T44/><D44/><U4/><E4/><V31/><F31/><W103/><AGARI ba="0,0" hai="5,9,12,18,19,57,62,65,87,88,95,97,103,107" machi="103" ten="30,4000,0" yaku="0,1,52,1,54,1" doraHai="86" who="3" fromWho="3" sc="329,-10,201,-10,230,-20,240,40" /><INIT seed="3,0,0,4,1,32" ten="319,191,210,280" oya="3" hai0="49,109,90,26,133,67,11,58,83,131,8,73,18" hai1="89,81,54,127,98,99,87,119,102,116,74,122,23" hai2="63,103,76,80,9,5,29,12,101,20,107,97,112" hai3="70,36,62,4,94,124,47,21,65,60,132,14,27"/><W44/><G124/><T35/><D109/><U52/><E122/><V50/><F112/><W82/><G132/><T3/><D133/><U37/><E127/><V111/><F111/><W41/><G82/><T106/><D106/><U30/><E37/><V24/><F103/><W19/><G62/><T43/><D131/><U105/><E98/><V92/><F63/><W25/><G4/><T68/><D3/><U95/><E23/><V85/><REACH who="2" step="1"/><F50/><REACH who="2" ten="319,191,200,280" step="2"/><W31/><G47/><T17/><D49/><U33/><E33/><V75/><F75/><W120/><G120/><T56/><D73/><U77/><REACH who="1" step="1"/><E30/><REACH who="1" ten="319,181,200,280" step="2"/><V117/><F117/><AGARI ba="0,2" hai="52,54,74,77,81,87,89,95,99,102,105,116,117,119" machi="117" ten="40,16000,3" yaku="1,1,2,1,24,2,12,1,54,1,53,3" doraHai="32" doraHaiUra="114" who="1" fromWho="2" sc="319,0,181,180,200,-160,280,0" owari="319,11.9,361,46.1,40,-46.0,280,-12.0" /></mjloggm>