<mjloggm ver="2.3"><GO type="225" lobby="0"/><UN n0="%74%61%6B%75%61%6B%61" n1="%E3%81%BA%E3%82%93%E3%81%A1%E3%83%BC%E3%81%B4%E3%82%93%E3%81%A4%E3%82%82" n2="%E9%B3%B3%E6%9D%B1%E3%81%AE%E3%81%86%E3%81%95%E3%81%8E%E3%81%95%E3%82%93" n3="%E3%81%A1%E3%82%85%E3%81%86%E3%81%A9%E3%81%8F%E8%B1%A1%E3%81%95%E3%82%93" dan="17,17,16,16" rate="2209.66,2208.37,2129.92,2176.52" sx="M,F,M,M"/><TAIKYOKU oya="0"/><INIT seed="0,0,0,2,0,104" ten="250,250,250,250" oya="0" hai0="64,133,121,85,96,78,10,5,95,3,89,69,126" hai1="124,103,38,131,91,19,0,83,56,76,68,111,24" hai2="47,57,120,53,52,66,12,59,77,71,94,86,74" hai3="42,21,119,25,102,70,125,82,114,106,65,109,60"/><T105/><D121/><U44/><E68/><V92/><F120/><W18/><G114/><T45/><D126/><U55/><E0/><V46/><F71/><W118/><G125/><T16/><D133/><U108/><E103/><V11/><F66/><W35/><G109/><N who="1" m="42058" /><E91/><V116/><F74/><W134/><G134/><T40/><D69/><U1/><E1/><V36/><F116/><W51/><G82/><T84/><D64/><U6/><E6/><V122/><F122/><W101/><G101/><T130/><D130/><U58/><E131/><V81/><F36/><W128/><G128/><T28/><D28/><U14/><E24/><V97/><F57/><W29/><G51/><T112/><D112/><U135/><E135/><V9/><F92/><W62/><G62/><T43/><D105/><U39/><E44/><N who="2" m="16939" /><F59/><N who="1" m="22569" /><E55/><N who="2" m="21067" /><F12/><W30/><G30/><T2/><D2/><U48/><E48/><V49/><F49/><W37/><G18/><T132/><D132/><U23/><E124/><V63/><F63/><W32/><G32/><T93/><D45/><U87/><AGARI ba="0,0" hai="14,19,23,38,39,76,83,87" m="22569,42058" machi="87" ten="30,1100,0" yaku="14,1" doraHai="104" who="1" fromWho="1" sc="250,-5,250,11,250,-3,250,-3" /><INIT seed="1,0,0,5,4,132" ten="245,261,247,247" oya="1" hai0="91,9,97,94,107,67,122,25,48,38,131,3,17" hai1="64,40,71,10,115,60,93,133,96,120,65,121,24" hai2="28,80,76,126,78,85,88,42,11,102,29,31,5" hai3="129,35,87,79,127,103,118,1,58,52,81,84,69"/><U39/><E115/><V89/><F102/><W106/><G69/><T19/><D38/><U30/><E133/><V50/><F126/><W23/><G1/><T33/><D131/><U49/><E10/><V57/><F78/><W70/><G35/><T4/><D122/><U110/><E110/><V75/><F75/><W100/><G70/><T26/><D107/><U56/><E65/><V113/><F113/><W66/><G66/><T8/><D67/><U101/><E39/><V45/><REACH who="2" step="1"/><F57/><REACH who="2" ten="245,261,237,247" step="2"/><W13/><G127/><T46/><D33/><U36/><E36/><V44/><F44/><W61/><G129/><T32/><D32/><U74/><E74/><V63/><F63/><W124/><G124/><T77/><D77/><U43/><E71/><V37/><F37/><W92/><G103/><T99/><D46/><N who="1" m="25799" /><E43/><V22/><F22/><AGARI ba="0,1" hai="22,24,30,56,60,64,93,96,101,120,121" m="25799" machi="22" ten="30,1500,0" yaku="25,1" doraHai="132" who="1" fromWho="2" sc="245,0,261,25,237,-15,247,0" /><INIT seed="1,1,0,5,1,6" ten="245,286,222,247" oya="1" hai0="39,61,2,4,50,67,43,21,75,62,125,15,92" hai1="31,16,93,44,129,38,113,120,90,32,89,77,29" hai2="71,60,8,5,30,58,98,85,79,48,88,65,95" hai3="56,19,87,42,23,114,73,118,74,80,130,51,123"/><U132/><E120/><V36/><F36/><W46/><G123/><T72/><D39/><U49/><E113/><V57/><F30/><W22/><G114/><T94/><D2/><U27/><E129/><V63/><F48/><W14/><G130/><T121/><D125/><U101/><E38/><V97/><F79/><W112/><G112/><T55/><D43/><U115/><E132/><V26/><F26/><W28/><G118/><T24/><D72/><U99/><E77/><V45/><F45/><W13/><G56/><N who="0" m="37319" /><D61/><U64/><E64/><N who="2" m="38935" /><F71/><W117/><G117/><T104/><D104/><U82/><E115/><V100/><F100/><W127/><G127/><T107/><D107/><U109/><E109/><V135/><F135/><W83/><G83/><T25/><D75/><U103/><E103/><V119/><F119/><W34/><G34/><T1/><D1/><U37/><E37/><V133/><F133/><W41/><G41/><T52/><D25/><U86/><E31/><V134/><F134/><W66/><G66/><T35/><D35/><U12/><E101/><V33/><F33/><W17/><REACH who="3" step="1"/><G28/><REACH who="3" ten="245,286,222,237" step="2"/><N who="0" m="17423" /><D121/><U47/><E49/><V102/><F102/><W110/><G110/><T124/><D124/><U11/><AGARI ba="1,1" hai="11,12,16,27,29,32,44,47,82,86,89,90,93,99" machi="11" ten="20,7800,0" yaku="0,1,7,1,52,1,54,1" doraHai="6" who="1" fromWho="1" sc="245,-27,286,91,222,-27,237,-27" /><INIT seed="1,2,0,4,2,12" ten="218,377,195,210" oya="1" hai0="94,61,91,111,29,35,130,88,55,75,31,135,48" hai1="126,69,59,120,125,81,132,134,76,49,2,6,102" hai2="32,60,83,119,15,24,70,41,90,27,96,82,43" hai3="121,0,16,129,26,17,9,66,86,110,63,104,117"/><U47/><E69/><V133/><F133/><N who="1" m="51305" /><E102/><V105/><F119/><W3/><G121/><T77/><D111/><U71/><E71/><V58/><F70/><W103/><G110/><T50/><D135/><U72/><E120/><V38/><F105/><W99/><G117/><T73/><D35/><U33/><E33/><V127/><F127/><N who="1" m="48649" /><E59/><V19/><F32/><W42/><G42/><T89/><D73/><U44/><E49/><V108/><F108/><W97/><G97/><T20/><D48/><U116/><E116/><V45/><F96/><W5/><G0/><T95/><D50/><U21/><E21/><V8/><F43/><W56/><G129/><T123/><D130/><U93/><E93/><V74/><F74/><W64/><G64/><T131/><D20/><U78/><E78/><V98/><F82/><W11/><G11/><AGARI ba="2,0" hai="2,6,11,44,47,72,76,81" m="48649,51305" machi="11" ten="30,2900,0" yaku="20,1,18,1" doraHai="12" who="1" fromWho="3" sc="218,0,377,35,195,0,210,-35" /><INIT seed="1,3,0,4,2,23" ten="218,412,195,175" oya="1" hai0="62,20,122,119,107,25,68,9,117,47,67,48,39" hai1="93,32,37,51,87,115,128,74,50,92,77,135,124" hai2="63,110,82,34,76,112,131,6,41,38,85,69,71" hai3="127,89,24,4,123,109,79,28,105,83,70,106,72"/><U55/><E115/><V104/><F112/><W43/><G123/><T36/><D107/><U121/><E121/><V21/><F34/><W26/><G70/><T27/><D122/><U13/><E37/><V53/><F104/><W1/><G109/><T60/><D9/><U3/><E3/><V12/><F110/><W120/><G120/><T52/><D60/><U17/><E32/><V134/><F131/><W101/><G127/><T35/><D35/><U5/><E5/><V98/><F134/><W7/><G89/><T133/><D133/><U64/><E64/><V11/><F98/><W108/><G108/><T116/><REACH who="0" step="1"/><D27/><REACH who="0" ten="208,412,195,175" step="2"/><U130/><E135/><V111/><F111/><W66/><G106/><T22/><D22/><U33/><E33/><V15/><F21/><W42/><G4/><T58/><D58/><U99/><E130/><V96/><F69/><W57/><G7/><T14/><D14/><U78/><E13/><V40/><F15/><W75/><G1/><T54/><D54/><U18/><E55/><V114/><F114/><W129/><G129/><T73/><D73/><U86/><E74/><V31/><F71/><W97/><G75/><T126/><D126/><U103/><E128/><V56/><F12/><W8/><G8/><T81/><D81/><U90/><E124/><V100/><F11/><W132/><G132/><T80/><D80/><U113/><E113/><V94/><F6/><W88/><G26/><T84/><D84/><U65/><E86/><V2/><F2/><W44/><G72/><T10/><D10/><U16/><E65/><V95/><F85/><RYUUKYOKU ba="3,1" sc="208,15,412,15,195,-15,175,-15" hai0="20,25,36,39,47,48,52,62,67,68,116,117,119" hai1="16,17,18,50,51,77,78,87,90,92,93,99,103" /><INIT seed="1,4,1,5,2,84" ten="223,427,180,160" oya="1" hai0="76,24,108,73,20,102,134,5,27,53,60,52,130" hai1="118,35,94,126,61,86,64,6,125,4,101,110,50" hai2="2,81,48,92,78,79,23,98,18,88,45,7,57" hai3="117,107,42,65,97,14,59,128,72,69,22,40,51"/><U28/><E118/><V132/><F132/><W124/><G72/><T49/><D108/><U30/><E50/><V111/><F111/><W67/><G107/><T58/><D134/><U9/><E110/><V116/><F116/><W47/><G97/><T56/><D130/><U31/><E35/><V77/><F57/><W74/><G74/><T91/><D102/><U11/><E101/><V103/><F2/><W1/><G1/><T121/><D121/><U13/><E94/><V34/><F34/><W133/><G14/><T25/><D5/><U122/><E86/><N who="2" m="50255" /><F7/><N who="1" m="2601" /><E122/><V83/><F83/><W120/><G22/><T54/><D76/><U80/><E80/><V68/><F68/><W26/><G26/><T90/><D73/><U123/><E123/><V131/><F131/><W119/><G120/><T38/><D38/><U8/><E61/><V12/><F78/><W36/><G133/><T105/><D105/><U66/><E64/><V106/><F106/><W95/><G128/><T21/><D53/><AGARI ba="4,1" hai="12,18,23,45,48,53,77,79,92,98,103" m="50255" machi="53" ten="30,3900,0" yaku="8,1,52,1,54,1" doraHai="84" who="2" fromWho="0" sc="223,-51,427,0,180,61,160,0" /><INIT seed="2,0,0,1,0,82" ten="172,427,241,160" oya="2" hai0="111,27,31,32,114,83,101,57,11,99,16,24,37" hai1="95,55,79,96,46,8,70,121,66,86,133,132,118" hai2="3,49,38,92,123,51,26,84,134,43,34,30,29" hai3="89,97,60,48,115,127,62,120,75,88,39,18,40"/><V76/><F123/><W65/><G120/><T14/><D114/><U90/><E118/><V52/><F3/><W41/><G75/><T110/><D37/><U10/><E121/><V54/><F134/><N who="1" m="51817" /><E79/><V116/><F116/><W81/><G39/><T129/><D129/><U106/><E66/><V44/><F29/><W45/><G115/><T87/><D57/><U130/><E70/><V53/><REACH who="2" step="1"/><F92/><REACH who="2" ten="172,427,231,160" step="2"/><N who="3" m="56455" /><G127/><T119/><D119/><U0/><E0/><V20/><F20/><W59/><G60/><T91/><REACH who="0" step="1"/><D27/><REACH who="0" ten="162,427,231,160" step="2"/><U71/><E130/><V63/><F63/><W69/><G62/><T67/><D67/><U2/><E71/><V15/><F15/><W19/><G65/><T35/><D35/><U78/><E2/><V4/><F4/><W98/><G69/><T105/><AGARI ba="0,2" hai="11,14,16,24,31,32,83,87,91,99,101,105,110,111" machi="105" ten="30,7900,0" yaku="1,1,0,1,52,1,54,1,53,0" doraHai="82" doraHaiUra="128" who="0" fromWho="0" sc="162,99,427,-20,231,-39,160,-20" /><INIT seed="3,0,0,1,2,3" ten="261,407,192,140" oya="3" hai0="56,91,51,46,42,127,25,89,68,106,104,110,99" hai1="21,75,35,0,64,2,125,101,65,94,67,7,62" hai2="81,44,37,33,9,66,105,115,22,48,85,17,30" hai3="108,26,116,97,28,130,111,132,10,92,118,18,123"/><W90/><G123/><T54/><D68/><U50/><E35/><V126/><F105/><W20/><G132/><T60/><D110/><N who="3" m="42025" /><G130/><T134/><D127/><U107/><E107/><V83/><F37/><W82/><G82/><T87/><D134/><U24/><E75/><V32/><F32/><W98/><G98/><T76/><D106/><U119/><E119/><V80/><F33/><W27/><G10/><T47/><D25/><U29/><E50/><V86/><F9/><W45/><G45/><T61/><D47/><U95/><E95/><V88/><F126/><W78/><G78/><T43/><D76/><U131/><E2/><V19/><F81/><W100/><G100/><T4/><D46/><U23/><E23/><AGARI ba="0,0" hai="18,20,23,26,27,28,90,92,97,116,118" m="42025" machi="23" ten="30,2900,0" yaku="14,1,10,1" doraHai="3" who="3" fromWho="1" sc="261,0,407,-29,192,0,140,29" /><INIT seed="3,1,0,0,3,102" ten="261,378,192,169" oya="3" hai0="78,56,41,1,39,68,42,71,116,110,82,49,64" hai1="50,129,75,74,118,31,27,100,133,106,98,67,73" hai2="59,69,40,128,111,126,15,17,28,127,54,117,29" hai3="0,10,53,26,34,107,92,8,121,91,96,47,99"/><W43/><G121/><T130/><D1/><U70/><E50/><N who="2" m="31191" /><F117/><W7/><G8/><T5/><D5/><U113/><E113/><V35/><F69/><W89/><G53/><N who="0" m="31791" /><D82/><U19/><E19/><V63/><F128/><W79/><G79/><T135/><D78/><U76/><E133/><V4/><F35/><W72/><G72/><T55/><D110/><U65/><E65/><V108/><F63/><W52/><G52/><T90/><D90/><U2/><E129/><V115/><F115/><W85/><G91/><T23/><D23/><U62/><E118/><V132/><F40/><W6/><G6/><T60/><D135/><U3/><E76/><V103/><F103/><W33/><G26/><T134/><D134/><U95/><E95/><V77/><F4/><W24/><G24/><T14/><D14/><U105/><E105/><V114/><F114/><W87/><G99/><T119/><D130/><U22/><AGARI ba="1,0" hai="2,3,22,27,31,62,67,70,73,74,75,98,100,106" machi="22" ten="30,2000,0" yaku="0,1,52,1" doraHai="102" who="1" fromWho="1" sc="261,-6,378,23,192,-6,169,-11" owari="255,5.5,401,50.1,186,-21.4,158,-34.2" /></mjloggm>