<mjloggm ver="2.3"><GO type="225" lobby="0"/><UN n0="%E3%83%97%E3%83%AC%E3%83%B4%E3%82%A1%E3%83%86%E3%82%A3" n1="%74%61%6B%75%61%6B%61" n2="%28%EF%BF%A3%E2%96%BD%EF%BF%A3%29%CE%B4%E2%8C%92%E3%83%BB" n3="%E3%81%AF%E3%82%88%E3%81%8A%E3%81%98%E3%81%95%E3%82%93" dan="16,16,16,17" rate="2167.49,2133.39,2147.32,2156.44" sx="F,M,M,M"/><TAIKYOKU oya="0"/><INIT seed="0,0,0,5,2,42" ten="250,250,250,250" oya="0" hai0="114,108,59,92,35,107,66,11,68,77,36,116,60" hai1="43,18,34,24,30,109,1,25,80,70,52,95,61" hai2="110,46,65,76,28,113,99,124,98,32,79,102,111" hai3="135,49,78,120,84,74,131,104,57,129,0,100,40"/><T118/><D114/><U53/><E1/><V48/><F113/><W16/><G0/><T122/><D122/><U58/><E109/><N who="2" m="41483" /><F124/><W126/><G74/><T71/><D108/><U45/><E70/><V82/><F65/><W130/><G126/><T96/><D35/><U8/><E80/><V85/><F79/><W26/><G120/><T14/><D107/><U4/><E95/><V55/><F102/><W37/><G37/><T38/><D77/><U128/><E128/><V105/><F105/><W73/><G73/><T15/><D15/><U123/><E123/><V33/><F33/><W23/><G135/><T29/><D29/><U19/><E24/><AGARI ba="0,0" hai="24,28,32,46,48,55,76,82,85,98,99" m="41483" machi="24" ten="30,2000,0" yaku="14,1,52,1" doraHai="42" who="2" fromWho="1" sc="250,0,250,-20,250,20,250,0" /><INIT seed="1,0,0,5,0,24" ten="250,230,270,250" oya="1" hai0="115,11,31,78,135,108,44,101,10,132,4,30,69" hai1="42,95,128,20,80,38,125,22,1,72,5,57,53" hai2="12,3,70,9,71,107,116,61,111,14,124,110,65" hai3="51,39,64,58,60,109,47,85,56,8,118,46,121"/><U26/><E125/><V49/><F124/><W67/><G121/><T45/><D69/><U34/><E128/><V50/><F107/><W134/><G8/><N who="0" m="3115" /><D101/><U122/><E122/><V48/><F116/><W40/><G85/><T89/><D78/><U133/><E133/><N who="0" m="51273" /><D115/><U13/><E1/><V66/><F3/><W36/><G134/><T98/><D4/><U81/><E5/><V119/><F119/><W41/><G109/><N who="2" m="41481" /><F9/><W87/><G87/><T63/><D63/><AGARI ba="0,0" hai="12,14,48,49,50,61,63,65,66,70,71" m="41481" machi="63" ten="30,1000,0" yaku="14,1" doraHai="24" who="2" fromWho="0" sc="250,-10,230,0,270,10,250,0" /><INIT seed="2,0,0,0,4,87" ten="240,230,280,250" oya="2" hai0="65,50,30,96,124,103,42,135,79,82,40,59,125" hai1="113,134,58,117,75,90,29,43,4,10,17,25,8" hai2="5,31,38,53,23,2,107,131,129,62,84,127,106" hai3="46,98,14,99,36,15,51,66,126,95,70,21,119"/><V116/><F38/><W34/><G119/><T97/><D135/><U132/><E117/><V11/><F116/><W105/><G34/><T123/><D123/><U115/><E75/><V6/><F127/><N who="0" m="48714" /><D30/><U128/><E43/><N who="0" m="16425" /><D103/><U39/><E39/><V85/><F6/><W24/><G36/><T114/><D114/><N who="1" m="43531" /><E58/><N who="2" m="35151" /><F23/><W9/><G126/><T73/><D50/><U77/><E77/><V20/><F20/><W13/><G9/><N who="1" m="3690" /><E90/><V45/><F45/><W28/><G105/><N who="2" m="39945" /><F31/><W27/><G27/><T56/><D65/><U26/><E4/><V112/><F112/><W7/><G7/><T133/><D133/><N who="1" m="51307" /><E17/><V72/><F72/><W19/><G19/><T44/><D44/><U121/><E121/><V100/><F100/><W122/><G122/><T35/><D35/><N who="1" m="20911" /><E26/><V74/><F74/><W102/><G51/><T3/><D3/><U52/><E52/><V83/><F83/><W37/><G46/><T68/><D68/><U57/><E57/><AGARI ba="0,0" hai="56,57,59,73,79,82,96,97" m="16425,48714" machi="57" ten="30,1000,0" yaku="18,1" doraHai="87" who="0" fromWho="1" sc="240,10,230,-10,280,0,250,0" /><INIT seed="3,0,0,3,1,126" ten="250,220,280,250" oya="3" hai0="78,52,23,16,54,63,103,135,72,116,32,34,31" hai1="129,22,123,39,4,35,47,130,41,64,68,115,90" hai2="104,79,44,10,131,110,77,99,30,43,0,50,111" hai3="132,59,98,113,84,12,92,83,9,19,128,3,56"/><W17/><G113/><T112/><D112/><U46/><E35/><V108/><F30/><W55/><G3/><T21/><D116/><U36/><E115/><V28/><F28/><W69/><G69/><T95/><D135/><U70/><E123/><V51/><F131/><N who="1" m="50185" /><E4/><N who="2" m="1287" /><F51/><W75/><G75/><T107/><D107/><U88/><E22/><V67/><F67/><W15/><G132/><T93/><D72/><U8/><E8/><V127/><F127/><W71/><G71/><N who="1" m="27178" /><E64/><V76/><F104/><W81/><G128/><T20/><D78/><U74/><E74/><V80/><F99/><W37/><G37/><T134/><D134/><U65/><E65/><V100/><F111/><W25/><G25/><T87/><D34/><U133/><E133/><V62/><F110/><W57/><G84/><T85/><D32/><U119/><E119/><V124/><F124/><W91/><REACH who="3" step="1"/><G55/><REACH who="3" ten="250,220,280,240" step="2"/><T66/><D54/><U109/><E109/><V26/><F108/><W14/><G14/><T24/><D66/><U33/><E33/><V97/><F26/><W40/><G40/><AGARI ba="0,1" hai="36,39,40,41,46,47,88,90" m="27178,50185" machi="40" ten="30,8000,1" yaku="19,1,52,3,54,1" doraHai="126" who="1" fromWho="3" sc="250,0,220,90,280,0,240,-80" owari="250,-15.0,310,41.0,280,8.0,160,-34.0" /></mjloggm>