<mjloggm ver="2.3"><GO type="225" lobby="0"/><UN n0="%E6%B8%A9%E2%98%85%E6%83%85%E2%98%85%E6%8E%AA%E2%98%85%E7%BD%AE" n1="%33%74%72%65%65" n2="%E3%82%B2%E3%82%B9%E8%8C%82%E5%8B%9D" n3="%E8%B1%86%59%E5%A4%AA%E9%83%8E" dan="17,16,16,16" rate="2259.12,2080.21,2056.08,2025.94" sx="M,F,F,M"/><TAIKYOKU oya="0"/><INIT seed="0,0,0,0,1,34" ten="250,250,250,250" oya="0" hai0="57,116,72,93,43,67,133,60,31,45,113,86,53" hai1="124,24,17,91,9,88,73,135,102,7,25,12,59" hai2="105,33,44,92,95,5,100,38,19,18,111,16,2" hai3="21,125,63,41,15,96,20,10,98,37,128,51,117"/><T29/><D113/><U90/><E135/><V87/><F111/><W40/><G37/><T3/><D116/><U130/><E130/><V122/><F122/><W71/><G117/><T131/><D133/><U62/><E124/><V75/><F75/><W134/><G128/><T56/><D72/><U27/><E73/><V23/><F33/><W46/><G125/><T58/><D3/><U132/><E132/><V84/><F23/><W36/><G134/><T123/><D123/><U126/><E126/><V110/><F110/><W107/><G71/><T47/><D131/><U6/><REACH who="1" step="1"/><E102/><REACH who="1" ten="250,240,250,250" step="2"/><V81/><F100/><W118/><G118/><T114/><D114/><U1/><E1/><V79/><F105/><W101/><G101/><T32/><D32/><U89/><N who="1" m="22528" /><DORA hai="61" /><U52/><AGARI ba="0,1" hai="6,7,9,12,17,24,25,27,52,59,62" m="22528" machi="52" ten="50,12000,2" yaku="1,1,4,1,0,1,8,1,54,2,53,0" doraHai="34,61" doraHaiUra="66,99" who="1" fromWho="1" sc="250,-60,240,130,250,-30,250,-30" /><INIT seed="1,0,0,0,2,134" ten="190,370,220,220" oya="1" hai0="6,15,4,32,94,111,90,27,70,106,9,100,59" hai1="57,101,66,83,126,65,53,21,97,104,52,91,114" hai2="95,89,29,82,37,46,2,5,96,61,123,64,84" hai3="0,76,93,50,132,73,51,67,112,102,115,25,56"/><U129/><E114/><V127/><F123/><W62/><G0/><T24/><D70/><U110/><E129/><V55/><F29/><W86/><G73/><T63/><D111/><U39/><E39/><V41/><F5/><W81/><G132/><T107/><D6/><U13/><E53/><V18/><F2/><W87/><G115/><T33/><D33/><U120/><E120/><V69/><F18/><W44/><G112/><T113/><D113/><U108/><E126/><V72/><F127/><W40/><G25/><T98/><D32/><U3/><E3/><V17/><F17/><W12/><G12/><T34/><D34/><U11/><E21/><V80/><F72/><W128/><G128/><T16/><D4/><N who="1" m="3303" /><E91/><V109/><F109/><N who="1" m="42089" /><E83/><V78/><F80/><W124/><G124/><T75/><D75/><U71/><E71/><V31/><F31/><W36/><REACH who="3" step="1"/><G86/><REACH who="3" ten="190,370,220,210" step="2"/><T7/><D7/><U121/><E121/><V19/><F19/><W54/><G54/><T117/><D117/><U10/><E10/><V103/><REACH who="2" step="1"/><F55/><REACH who="2" ten="190,370,210,210" step="2"/><W99/><AGARI ba="0,2" hai="36,40,44,50,51,56,62,67,76,81,87,93,99,102" machi="99" ten="30,2000,0" yaku="1,1,0,1,53,0" doraHai="134" doraHaiUra="28" who="3" fromWho="3" sc="190,-5,370,-10,210,-5,210,40" /><INIT seed="2,0,0,3,3,23" ten="185,360,205,250" oya="2" hai0="62,77,49,70,114,74,11,45,112,4,80,79,71" hai1="83,115,122,19,85,107,109,20,56,90,96,110,86" hai2="121,89,135,55,38,37,28,54,128,5,104,14,9" hai3="21,58,64,61,67,65,134,39,97,63,113,92,59"/><V102/><F121/><W30/><G134/><T41/><D79/><U93/><E115/><V31/><F135/><W105/><G105/><T57/><D114/><U81/><E122/><V16/><F128/><W131/><G39/><T7/><D112/><U117/><E117/><V6/><F37/><W118/><G118/><T10/><D10/><U100/><E56/><V119/><F38/><W33/><G33/><T66/><REACH who="0" step="1"/><D4/><REACH who="0" ten="175,360,205,250" step="2"/><U1/><E109/><V13/><F119/><W26/><G113/><T32/><D32/><U60/><E110/><V47/><F5/><W95/><G131/><T69/><D69/><U101/><E20/><V15/><F6/><W52/><G95/><T53/><D53/><U129/><E93/><V132/><F132/><W27/><G27/><T12/><AGARI ba="0,1" hai="7,11,12,41,45,49,57,62,66,70,71,74,77,80" machi="12" ten="20,5200,0" yaku="1,1,0,1,7,1,53,1" doraHai="23" doraHaiUra="42" who="0" fromWho="0" sc="175,62,360,-13,205,-26,250,-13" /><INIT seed="3,0,0,3,5,17" ten="237,347,179,237" oya="3" hai0="76,39,104,125,89,19,66,100,0,128,93,69,37" hai1="33,34,26,101,35,49,48,57,21,132,111,25,87" hai2="56,30,79,3,78,116,13,47,24,99,29,134,27" hai3="107,112,43,92,95,46,62,83,15,23,28,109,103"/><W50/><G112/><T73/><D0/><U75/><E75/><V6/><F134/><W68/><G109/><T94/><D94/><U74/><E74/><V36/><F116/><W90/><G107/><T113/><D113/><U59/><E111/><V71/><F71/><W52/><G68/><T119/><D119/><U84/><E101/><V54/><F3/><W42/><G62/><N who="0" m="40151" /><D19/><U121/><E35/><V18/><F6/><W126/><G126/><T67/><D67/><U4/><E4/><V11/><F99/><N who="3" m="59903" /><G83/><N who="0" m="45455" /><D125/><U108/><E108/><V63/><F47/><W120/><G120/><T91/><D91/><U129/><E129/><V102/><F36/><W51/><G51/><T65/><D65/><U16/><E121/><V45/><F45/><W22/><G15/><T64/><D64/><U12/><E132/><V122/><F122/><W61/><G28/><T110/><D110/><U20/><E12/><V130/><F130/><W55/><G55/><T31/><D31/><U2/><E2/><V96/><F29/><W98/><G61/><T86/><D128/><U133/><E133/><V41/><F41/><AGARI ba="0,0" hai="22,23,41,42,43,46,50,52,90,92,98" m="59903" machi="41" ten="30,11600,0" yaku="8,1,52,2,54,1" doraHai="17" who="3" fromWho="2" sc="237,0,347,0,179,-116,237,116" owari="237,-16.3,347,14.7,63,-43.7,353,45.3" /></mjloggm>