<mjloggm ver="2.3"><GO type="225" lobby="0"/><UN n0="%E5%8D%A0%E3%81%84%E5%B8%AB%E8%A3%8F%E3%81%AA%E3%81%84%E3%81%97" n1="%E3%81%A4%E3%81%A3%E3%81%B1%E3%82%8A%E3%83%9D%E3%83%BC%E3%83%AB" n2="%E3%83%B4%E3%83%A0%EF%BC%99%E3%81%A6" n3="%E4%BF%BA%E3%81%A8%E5%A6%96%E5%A4%A2" dan="17,16,16,17" rate="2160.61,2053.55,2125.29,2193.98" sx="M,M,M,F"/><TAIKYOKU oya="0"/><INIT seed="0,0,0,5,1,78" ten="250,250,250,250" oya="0" hai0="83,118,15,26,60,108,35,119,95,28,36,58,77" hai1="122,6,70,99,131,57,48,7,21,109,73,67,3" hai2="94,74,125,93,37,62,75,55,24,18,23,52,53" hai3="34,40,96,82,133,97,8,31,128,103,13,72,98"/><T126/><D36/><U116/><E116/><V89/><F37/><W129/><G133/><T100/><D126/><U107/><E122/><V124/><F62/><W123/><G123/><T32/><D35/><U2/><E73/><V65/><F65/><W19/><G40/><T46/><D46/><U20/><E70/><V1/><F1/><W105/><G31/><T42/><D42/><U39/><E39/><V38/><F38/><W102/><G34/><T80/><D108/><U43/><E109/><V86/><REACH who="2" step="1"/><F94/><REACH who="2" ten="250,250,240,250" step="2"/><W91/><G105/><T90/><D118/><U121/><E67/><V104/><F104/><W0/><G0/><T4/><D119/><U114/><E107/><V79/><F79/><N who="3" m="44391" /><G91/><T45/><D77/><U127/><E2/><V81/><F81/><W106/><G106/><T134/><D100/><U130/><E3/><V88/><F88/><W69/><G69/><T135/><D135/><U44/><E121/><V49/><F49/><W30/><G103/><T87/><D134/><U112/><E48/><V50/><F50/><W59/><G102/><T27/><D45/><U56/><E44/><V5/><F5/><W14/><G59/><T111/><D111/><U47/><E47/><V25/><F25/><W61/><G61/><T54/><REACH who="0" step="1"/><D26/><REACH who="0" ten="240,250,240,250" step="2"/><U120/><E120/><V132/><F132/><W85/><G129/><T63/><D63/><U115/><E115/><V64/><F64/><W29/><G128/><T92/><D92/><U11/><E131/><V84/><F84/><W66/><G66/><T33/><D33/><U101/><E130/><V41/><F41/><RYUUKYOKU ba="0,2" sc="240,15,250,-15,240,15,250,-15" hai0="4,15,27,28,32,54,58,60,80,83,87,90,95" hai2="18,23,24,52,53,55,74,75,86,89,93,124,125" /><INIT seed="0,1,2,2,1,24" ten="255,235,255,235" oya="0" hai0="36,123,8,19,131,85,63,67,129,95,103,37,88" hai1="105,75,106,135,49,84,38,42,119,68,31,1,126" hai2="56,114,72,20,13,108,4,43,29,60,122,118,65" hai3="45,96,121,54,93,90,134,26,92,99,11,62,110"/><T17/><D123/><U5/><E119/><V53/><F122/><W73/><G121/><T74/><D74/><U94/><E49/><V34/><F114/><W71/><G73/><T86/><D103/><U82/><E94/><V125/><F118/><W12/><G110/><T46/><D85/><U80/><E84/><V107/><F107/><W132/><G45/><T89/><D89/><U113/><E113/><V33/><F108/><W117/><G117/><T44/><D44/><N who="1" m="23639" /><E82/><V2/><F72/><W41/><G41/><T83/><D83/><U112/><E112/><V3/><F43/><W97/><G26/><T15/><D19/><U127/><E68/><V48/><F13/><W57/><G71/><N who="0" m="42495" /><D46/><U120/><E31/><V77/><F77/><W28/><G28/><T104/><D104/><N who="1" m="40043" /><E120/><V51/><F51/><W6/><REACH who="3" step="1"/><G96/><REACH who="3" ten="255,235,255,225" step="2"/><T78/><D78/><N who="1" m="44127" /><E135/><V59/><F29/><W81/><G81/><T133/><D133/><U7/><E7/><V102/><F4/><W58/><G58/><T0/><D0/><U10/><AGARI ba="1,3" hai="1,5,10,126,127" m="44127,40043,23639" machi="10" ten="30,2000,0" yaku="25,1,23,1" doraHai="24" who="1" fromWho="1" sc="255,-11,235,53,255,-6,225,-6" /><INIT seed="1,0,0,5,3,47" ten="244,288,249,219" oya="1" hai0="69,30,133,35,112,115,119,135,116,118,0,9,26" hai1="128,13,102,16,23,87,59,82,48,132,72,55,52" hai2="58,8,95,66,64,12,103,57,105,78,49,94,93" hai3="43,90,54,114,91,29,17,100,71,84,2,65,37"/><U121/><E132/><N who="0" m="50761" /><D69/><U134/><E134/><V4/><F78/><W130/><G114/><N who="0" m="43563" /><D9/><U117/><E117/><V86/><F86/><W15/><G2/><AGARI ba="0,0" hai="0,2,26,30,35,116,118,119" m="43563,50761" machi="2" ten="40,8000,1" yaku="20,1,23,1,34,2" doraHai="47" who="0" fromWho="3" sc="244,80,288,0,249,0,219,-80" /><INIT seed="2,0,0,0,2,11" ten="324,288,249,139" oya="2" hai0="89,56,103,122,29,88,76,0,6,107,118,98,57" hai1="71,47,127,112,53,60,66,117,41,82,24,18,132" hai2="31,111,7,105,125,92,73,63,85,37,43,91,79" hai3="34,119,129,62,22,5,78,130,110,104,13,65,50"/><V114/><F114/><W116/><G104/><T126/><D122/><U67/><E112/><V121/><F121/><W36/><G36/><T54/><D126/><U83/><E117/><V93/><F125/><W101/><G101/><T133/><D118/><N who="3" m="45097" /><G34/><T135/><D76/><U2/><E2/><V10/><F105/><W64/><G78/><T12/><D29/><U52/><E127/><V25/><F92/><W97/><G97/><T100/><D0/><U80/><E67/><N who="3" m="25674" /><G62/><T23/><D100/><U51/><E132/><N who="0" m="50761" /><D56/><U77/><REACH who="1" step="1"/><E77/><REACH who="1" ten="324,278,249,139" step="2"/><V55/><F79/><W72/><G72/><T46/><D46/><U16/><E16/><V95/><F73/><W3/><G3/><T87/><D87/><U9/><E9/><V38/><F10/><W32/><G5/><T96/><D96/><U99/><E99/><V27/><F7/><W15/><G110/><T14/><D6/><U35/><E35/><V74/><F111/><W102/><G32/><T90/><D23/><AGARI ba="0,1" hai="18,23,24,41,47,51,52,53,60,66,71,80,82,83" machi="23" ten="40,2600,0" yaku="1,1,54,1,53,0" doraHai="11" doraHaiUra="120" who="1" fromWho="0" sc="324,-26,278,36,249,0,139,0" /><INIT seed="3,0,0,2,4,4" ten="298,314,249,139" oya="3" hai0="116,109,52,88,115,101,74,135,43,118,105,127,30" hai1="65,34,25,132,97,53,46,110,6,129,49,108,85" hai2="26,40,107,106,38,19,45,54,16,93,126,20,100" hai3="130,37,117,83,10,89,56,47,58,121,94,125,103"/><W2/><G117/><T64/><D74/><U31/><E132/><V55/><F126/><W59/><G121/><T71/><D127/><U0/><E129/><V67/><F67/><W113/><G125/><T114/><D135/><U1/><E6/><V120/><F120/><W112/><G130/><T63/><D109/><N who="1" m="42091" /><E65/><V13/><F93/><W22/><G103/><T14/><D43/><U119/><E119/><V95/><F95/><W7/><G83/><T28/><D88/><U39/><E97/><V133/><F133/><W80/><G80/><T44/><D14/><U131/><E131/><V24/><F24/><W87/><REACH who="3" step="1"/><G22/><REACH who="3" ten="298,314,249,129" step="2"/><T76/><D116/><U111/><E111/><V123/><F123/><W5/><G5/><T81/><D118/><U8/><E8/><V82/><F82/><W62/><G62/><T41/><D101/><U27/><E34/><V66/><F100/><W124/><G124/><T57/><D81/><U128/><E128/><V61/><F106/><W134/><G134/><T11/><D105/><U102/><E102/><V86/><F107/><W17/><G17/><T36/><D11/><U48/><E31/><N who="0" m="11817" /><D76/><U96/><E1/><V51/><F19/><W21/><G21/><T32/><D32/><U9/><E9/><V69/><F20/><W122/><G122/><T3/><D3/><U18/><E0/><V99/><F61/><W70/><G70/><T60/><D60/><U68/><E18/><V72/><F69/><W15/><G15/><T33/><D33/><U98/><E68/><V12/><F13/><W92/><G92/><T50/><AGARI ba="0,1" hai="36,41,44,50,52,57,63,64,71,114,115" m="11817" machi="50" ten="30,4000,0" yaku="5,1,24,1,54,1" doraHai="4" who="0" fromWho="0" sc="298,50,314,-10,249,-10,129,-20" owari="348,44.8,304,10.4,239,-16.1,109,-39.1" /></mjloggm>