<mjloggm ver="2.3"><GO type="225" lobby="0"/><UN n0="%E6%9D%B1%E9%A2%A8%E3%81%AE%E3%81%8D%E3%82%83%E3%81%B7%E3%81%95%E3%82%93" n1="%E5%A4%9C%E5%85%89%E5%A4%A9%E6%A5%BC" n2="%E4%BA%BA%E9%96%93%E3%83%81%E3%83%A3%E3%83%BC%E3%83%8F%E3%83%B3" n3="%E6%A1%9C%E8%8A%B1%E9%96%83%E3%80%85" dan="17,17,16,16" rate="2204.17,2189.20,2165.88,2183.16" sx="M,M,M,M"/><TAIKYOKU oya="0"/><INIT seed="0,0,0,2,3,62" ten="250,250,250,250" oya="0" hai0="5,105,25,74,65,92,2,45,101,31,114,16,20" hai1="64,3,36,27,70,69,124,40,112,109,26,123,111" hai2="71,49,41,104,98,73,86,15,95,44,59,97,106" hai3="61,84,58,100,75,53,133,93,81,51,39,96,54"/><T117/><D74/><U72/><E123/><V87/><F71/><W115/><G133/><T60/><D105/><U119/><E119/><V82/><F98/><W4/><G115/><T94/><D117/><U30/><E112/><V116/><F116/><W8/><G39/><T57/><D114/><U121/><E121/><V43/><F43/><W48/><G75/><T1/><D5/><U12/><E3/><V78/><F15/><W42/><G42/><T32/><D45/><N who="1" m="23687" /><E72/><V76/><F59/><W13/><REACH who="3" step="1"/><G54/><REACH who="3" ten="250,250,250,240" step="2"/><T17/><D94/><U7/><E111/><V128/><F73/><W89/><AGARI ba="0,1" hai="4,8,13,48,51,53,58,61,81,84,89,93,96,100" machi="89" ten="20,12000,2" yaku="1,1,2,1,0,1,7,1,8,1,53,2" doraHai="62" doraHaiUra="46" who="3" fromWho="3" sc="250,-60,250,-30,250,-30,240,130" /><INIT seed="1,0,0,1,5,47" ten="190,220,220,370" oya="1" hai0="76,110,95,61,62,102,88,119,73,70,117,42,128" hai1="44,129,58,36,11,115,24,93,98,19,41,72,43" hai2="17,28,122,71,10,81,131,21,9,87,66,60,83" hai3="38,113,39,86,34,67,77,53,20,111,134,82,120"/><U51/><E115/><V132/><F131/><W1/><G34/><T46/><D128/><U94/><E72/><V89/><F132/><W100/><G120/><T4/><D110/><U57/><E129/><V59/><F122/><W49/><G113/><T23/><D102/><U64/><E94/><V26/><F71/><W3/><G111/><T35/><D35/><U15/><E64/><V52/><F81/><W104/><G67/><T112/><D112/><U91/><E36/><V116/><F116/><W97/><G134/><T2/><D23/><N who="1" m="13439" /><E41/><V31/><REACH who="2" step="1"/><F66/><REACH who="2" ten="190,220,210,370" step="2"/><W0/><REACH who="3" step="1"/><G20/><REACH who="3" ten="190,220,210,360" step="2"/><T29/><D119/><U63/><E63/><V130/><F130/><W65/><G65/><N who="0" m="41263" /><D117/><U108/><E108/><V56/><F56/><AGARI ba="0,2" hai="0,1,3,38,39,49,53,56,77,82,86,97,100,104" machi="56" ten="40,2600,0" yaku="1,1,52,1,53,0" doraHai="47" doraHaiUra="14" who="3" fromWho="2" sc="190,0,220,0,210,-26,360,46" /><INIT seed="2,0,0,5,4,106" ten="190,220,184,406" oya="2" hai0="45,55,59,15,80,123,85,112,86,39,12,83,93" hai1="125,1,40,71,118,27,114,69,34,61,72,47,96" hai2="19,22,89,14,120,58,60,5,99,128,49,103,79" hai3="43,53,18,28,30,6,62,36,75,3,51,134,26"/><V52/><F128/><W44/><G75/><T13/><D123/><U17/><E114/><V127/><F127/><W48/><G134/><T131/><D112/><U108/><E118/><V64/><F120/><W78/><G78/><T37/><D131/><U130/><E130/><V11/><F79/><W32/><G30/><T94/><D45/><U84/><E72/><V121/><F89/><W63/><G36/><T31/><D31/><U113/><E1/><V87/><F87/><W122/><G122/><T7/><D7/><U74/><E74/><V135/><F135/><W76/><G76/><T90/><D39/><U88/><E96/><V24/><F121/><W116/><G18/><T2/><D2/><U10/><E113/><V25/><F25/><W68/><G68/><T23/><D23/><U100/><E100/><V101/><REACH who="2" step="1"/><F99/><REACH who="2" ten="190,220,174,406" step="2"/><W111/><G26/><T104/><D104/><U73/><E27/><V102/><F102/><W56/><G116/><T67/><D86/><U132/><E73/><V9/><F9/><W117/><G117/><T0/><D85/><U133/><E125/><V119/><F119/><W46/><G28/><T92/><D90/><U95/><E132/><V35/><F35/><W81/><G32/><T98/><D98/><U16/><E34/><V21/><F21/><W110/><G110/><T42/><D94/><U50/><E108/><V65/><F65/><W105/><G111/><T129/><D67/><N who="1" m="41199" /><E133/><V126/><F126/><W57/><G105/><T33/><D129/><U54/><E10/><V29/><F29/><W66/><G66/><T20/><D33/><RYUUKYOKU ba="0,1" sc="190,-10,220,-10,174,30,406,-10" hai2="5,11,14,19,22,24,49,52,58,60,64,101,103" /><INIT seed="2,1,1,0,4,132" ten="180,210,204,396" oya="2" hai0="116,121,33,6,78,56,110,65,15,111,1,86,108" hai1="21,7,3,82,67,71,5,74,133,93,68,43,32" hai2="126,105,12,100,36,128,31,101,58,54,60,131,59" hai3="84,103,85,79,10,20,49,124,27,47,57,63,102"/><V135/><F135/><W119/><G124/><T13/><D78/><U70/><E32/><V98/><F36/><W122/><G10/><N who="0" m="2383" /><D86/><N who="3" m="33385" /><G119/><T66/><D56/><U96/><E133/><V112/><F112/><W25/><G79/><T104/><D104/><U107/><E93/><V24/><F126/><W37/><G122/><T87/><D87/><U26/><E3/><V89/><F12/><N who="0" m="4682" /><D66/><U0/><E0/><V130/><F59/><W17/><G27/><T115/><D65/><U94/><E107/><V9/><F9/><W19/><G19/><T134/><D33/><U22/><E67/><V120/><F120/><W61/><G37/><T106/><D106/><U51/><E74/><V30/><F100/><N who="3" m="38443" /><G57/><T14/><D134/><U16/><E71/><V76/><F76/><W80/><G80/><T2/><D2/><U113/><E70/><V69/><F69/><W118/><G118/><T11/><D121/><U91/><E68/><V28/><REACH who="2" step="1"/><F89/><REACH who="2" ten="180,210,194,396" step="2"/><W88/><G88/><T99/><D116/><U23/><E82/><V41/><F41/><AGARI ba="1,2" hai="17,20,25,41,47,49,61,63" m="38443,33385" machi="41" ten="30,1000,0" yaku="8,1" doraHai="132" who="3" fromWho="2" sc="180,0,210,0,194,-13,396,33" /><INIT seed="3,0,0,0,5,129" ten="180,210,181,429" oya="3" hai0="100,66,88,24,46,112,78,120,14,65,127,94,110" hai1="101,133,43,82,22,4,17,89,51,60,121,103,85" hai2="79,2,59,40,36,53,0,115,57,28,106,11,37" hai3="8,128,84,16,31,126,38,91,109,108,21,7,55"/><W64/><G128/><T34/><D120/><U58/><E133/><V117/><F115/><W62/><G38/><T69/><D112/><U48/><E4/><V63/><F117/><W67/><G31/><N who="0" m="19815" /><D127/><U118/><E121/><V95/><F106/><W23/><G126/><T81/><D110/><N who="3" m="42601" /><G55/><T86/><D14/><N who="1" m="9527" /><E118/><V35/><F37/><W83/><G16/><T9/><D9/><U12/><E12/><V90/><F79/><W122/><G122/><T123/><D123/><U61/><E61/><V5/><F2/><N who="3" m="119" /><G67/><T19/><D19/><U119/><E43/><V134/><F134/><W3/><G3/><T41/><D69/><AGARI ba="0,0" hai="21,23,62,64,69,83,84,91" m="119,42601" machi="69" ten="30,2900,0" yaku="14,1,10,1" doraHai="129" who="3" fromWho="0" sc="180,-29,210,0,181,0,429,29" owari="151,-34.9,210,1.0,181,-21.9,458,55.8" /></mjloggm>