<mjloggm ver="2.3"><GO type="225" lobby="0"/><UN n0="%E3%82%82%E3%81%90%E3%82%89" n1="%E6%A1%9C%E8%8A%B1%E9%96%83%E3%80%85" n2="%E3%83%B4%E3%83%A0%EF%BC%99%E3%81%A6" n3="%72%61%6B%33" dan="17,18,17,17" rate="2166.92,2294.29,2230.38,2265.77" sx="M,M,M,M"/><TAIKYOKU oya="0"/><INIT seed="0,0,0,0,4,114" ten="250,250,250,250" oya="0" hai0="129,93,130,126,69,36,134,128,103,49,10,30,118" hai1="79,127,16,100,99,68,108,81,75,112,40,2,74" hai2="60,111,22,46,37,64,11,62,5,90,55,66,43" hai3="18,13,83,65,71,57,0,120,121,24,94,117,102"/><T88/><D36/><U96/><E2/><V98/><F22/><W58/><G0/><T48/><D69/><U6/><E6/><V28/><F28/><W80/><G71/><T91/><D134/><U116/><E68/><V132/><F132/><W21/><G117/><T77/><D126/><U70/><E70/><V95/><F111/><W109/><G109/><T27/><D77/><U61/><E61/><V104/><F104/><W9/><G83/><T56/><D118/><U19/><E116/><V92/><F55/><W63/><G80/><T122/><D122/><U7/><E7/><V106/><F106/><W3/><G58/><T41/><D10/><U32/><E32/><V31/><F31/><W26/><G3/><T73/><D73/><U125/><E112/><V47/><F47/><W89/><G102/><T14/><D14/><U131/><E131/><V76/><F76/><W52/><G65/><T45/><D49/><U20/><E75/><V34/><F34/><W25/><REACH who="3" step="1"/><G9/><REACH who="3" ten="250,250,250,240" step="2"/><T35/><D56/><U105/><E108/><V17/><F64/><W23/><G23/><T39/><D39/><U115/><E20/><V86/><F66/><W101/><G101/><T135/><D135/><U12/><E115/><V53/><F37/><W119/><G119/><T87/><D103/><U123/><E100/><V107/><F107/><W50/><G50/><T42/><D91/><U84/><E105/><V51/><F90/><W72/><G72/><T1/><D1/><U82/><E74/><V110/><F110/><W133/><G133/><T67/><D67/><U59/><E79/><RYUUKYOKU ba="0,1" sc="250,15,250,-15,250,-15,240,15" hai0="27,30,35,41,42,45,48,87,88,93,128,129,130" hai3="13,18,21,24,25,26,52,57,63,89,94,120,121" /><INIT seed="0,1,1,2,3,36" ten="265,235,235,255" oya="0" hai0="31,95,39,63,125,2,18,120,97,132,94,81,80" hai1="25,6,65,9,48,107,3,117,15,16,79,34,122" hai2="87,30,91,50,66,58,89,130,69,70,60,21,75" hai3="26,100,7,33,133,114,134,40,103,119,83,24,45"/><T127/><D120/><U82/><E122/><V116/><F75/><W38/><G114/><T68/><D2/><U110/><E117/><V76/><F116/><W118/><G7/><T52/><D132/><N who="3" m="50793" /><G83/><T22/><D31/><U56/><E107/><V67/><F130/><W37/><G37/><T43/><D81/><U86/><E110/><V121/><F121/><W49/><G49/><T90/><D95/><U99/><E99/><V96/><F76/><W32/><G26/><N who="0" m="14679" /><D68/><U55/><E65/><V59/><F50/><W131/><G131/><T35/><D35/><N who="3" m="13385" /><G24/><T126/><D80/><U129/><E129/><V13/><F30/><W106/><G100/><T11/><D11/><U113/><E113/><V61/><F21/><W1/><G1/><T29/><D29/><U53/><E34/><V41/><F13/><W8/><G8/><T85/><D126/><U88/><E3/><V135/><F135/><W28/><G28/><T12/><D127/><U46/><E25/><V17/><F17/><W77/><G77/><T98/><D12/><U109/><E109/><V42/><F96/><AGARI ba="1,1" hai="38,40,45,96,103,106,118,119" m="13385,50793" machi="96" ten="30,3900,0" yaku="20,1,23,1,52,1" doraHai="36" who="3" fromWho="2" sc="265,0,235,0,235,-42,255,52" /><INIT seed="1,0,0,5,2,77" ten="265,235,193,307" oya="1" hai0="16,122,66,128,57,50,60,67,53,112,22,111,100" hai1="86,79,97,28,29,109,11,34,49,89,38,14,90" hai2="124,91,93,94,88,48,96,8,7,24,64,70,58" hai3="41,130,120,80,73,107,121,40,125,135,42,104,105"/><U39/><E79/><V76/><F124/><W106/><G125/><T26/><D112/><U126/><E126/><V95/><F76/><N who="3" m="44047" /><G106/><T108/><D128/><U98/><E109/><V36/><F36/><W32/><G32/><T85/><D122/><U62/><E62/><V72/><F72/><W87/><G87/><T117/><D117/><U115/><E115/><V123/><F123/><W15/><G15/><T37/><D37/><U82/><E39/><V129/><F129/><W71/><G71/><T13/><D100/><U44/><E38/><V33/><F70/><W17/><G17/><T21/><D85/><U110/><E110/><N who="0" m="42025" /><D60/><U118/><E118/><V75/><F75/><W9/><G9/><T131/><D131/><U74/><E74/><V65/><F48/><W46/><G130/><T83/><D83/><U31/><E90/><V25/><F33/><W51/><G135/><T132/><D132/><U101/><E101/><V127/><F127/><W35/><G35/><T103/><D103/><U30/><N who="1" m="7168" /><DORA hai="2" /><U43/><REACH who="1" step="1"/><E34/><REACH who="1" ten="265,225,193,307" step="2"/><V133/><F133/><W56/><G121/><T5/><D67/><U92/><E92/><N who="2" m="35435" /><F91/><W20/><G120/><T54/><D66/><U69/><E69/><V47/><F65/><W0/><G107/><T18/><D54/><U119/><E119/><V61/><F95/><W68/><G68/><T10/><D22/><U59/><E59/><V1/><F25/><W99/><G105/><T12/><D26/><U52/><E52/><V134/><F24/><W63/><G104/><T102/><D102/><U81/><E81/><V55/><F134/><RYUUKYOKU ba="0,1" sc="265,15,225,15,193,-15,307,-15" hai0="5,10,12,13,16,18,21,50,53,57" hai1="11,14,43,44,49,82,86,89,97,98" /><INIT seed="1,1,1,1,4,84" ten="280,240,178,292" oya="1" hai0="106,99,57,133,129,44,122,77,102,95,23,1,65" hai1="125,86,28,31,18,117,24,107,82,33,114,73,91" hai2="46,103,45,60,76,89,104,96,108,10,36,26,42" hai3="25,13,113,58,85,8,51,109,43,47,29,75,38"/><U48/><E114/><V49/><F108/><W37/><G75/><T54/><D1/><U67/><E117/><V19/><F76/><W100/><G109/><T68/><D129/><U22/><E125/><V40/><F60/><W32/><G113/><T116/><D116/><U5/><E107/><V127/><F127/><W123/><G123/><T7/><D122/><U105/><E105/><V78/><F78/><W69/><G69/><T87/><D133/><U39/><E39/><V6/><F26/><W72/><G72/><T119/><D119/><U21/><E33/><V115/><F115/><W74/><G74/><T66/><D68/><U112/><E5/><V93/><F19/><W55/><G100/><T135/><D135/><U0/><E0/><V12/><REACH who="2" step="1"/><F104/><REACH who="2" ten="280,240,168,292" step="2"/><W4/><G85/><T83/><D106/><U71/><E73/><V80/><F80/><W101/><G101/><AGARI ba="1,2" hai="6,10,12,36,40,42,45,46,49,89,93,96,101,103" machi="101" ten="40,2600,0" yaku="1,1,52,1,53,0" doraHai="84" doraHaiUra="20" who="2" fromWho="3" sc="280,0,240,0,168,49,292,-29" /><INIT seed="2,0,0,1,5,6" ten="280,240,217,263" oya="2" hai0="102,133,87,20,4,83,100,35,53,130,63,52,88" hai1="15,122,106,92,119,5,95,70,23,49,28,93,116" hai2="27,134,90,113,18,110,1,36,111,104,50,42,128" hai3="120,86,21,22,78,99,68,8,114,45,72,31,16"/><V81/><F113/><W62/><G120/><T0/><D35/><U37/><E37/><V11/><F104/><W66/><G114/><T74/><D130/><U13/><E70/><V3/><F36/><W109/><G109/><N who="2" m="41481" /><F128/><W12/><G72/><T64/><D74/><U34/><E34/><V82/><F134/><W118/><G118/><T38/><D38/><U85/><E106/><V40/><F50/><W25/><G99/><T123/><D123/><U121/><E121/><V44/><F44/><W71/><G45/><T55/><D133/><U84/><E122/><V77/><F90/><W60/><G78/><T75/><D75/><U30/><E49/><V135/><F135/><W132/><G86/><T73/><D73/><U10/><E116/><V26/><F77/><W101/><G101/><T94/><D94/><U117/><E117/><V56/><F56/><W51/><G51/><T61/><D61/><U69/><E69/><V58/><F58/><W24/><G132/><T107/><D107/><U67/><E119/><V2/><F11/><W57/><REACH who="3" step="1"/><G62/><REACH who="3" ten="280,240,217,253" step="2"/><T91/><D102/><U131/><E131/><V126/><F126/><W125/><G125/><T80/><D100/><U33/><E85/><V97/><F97/><W127/><G127/><T41/><D91/><U129/><E84/><V59/><F59/><W47/><G47/><T65/><D88/><U115/><E129/><V48/><F48/><W108/><G108/><T43/><D87/><U17/><E115/><V32/><F40/><W112/><G112/><T76/><D76/><U103/><E103/><V14/><F42/><RYUUKYOKU ba="0,1" sc="280,-10,240,-10,217,-10,253,30" hai3="8,12,16,21,22,24,25,31,57,60,66,68,71" /><INIT seed="3,1,1,5,3,47" ten="270,230,207,283" oya="3" hai0="38,69,71,46,74,3,48,121,37,39,127,6,134" hai1="7,76,28,96,26,126,132,87,130,43,94,32,133" hai2="12,61,13,58,75,119,89,29,91,115,95,52,128" hai3="99,125,45,120,16,50,10,92,135,44,5,70,108"/><W62/><G120/><T49/><D74/><U78/><E126/><V117/><F115/><W1/><G125/><T56/><D3/><U123/><E123/><V83/><F128/><W114/><G114/><T30/><D121/><U36/><E7/><V68/><F29/><W41/><G135/><N who="1" m="51786" /><E130/><V111/><F111/><W107/><G108/><T122/><D6/><U51/><E36/><N who="0" m="13929" /><D30/><U23/><E23/><V18/><F68/><N who="0" m="26186" /><D122/><U21/><E21/><V104/><F104/><W4/><G107/><T27/><D27/><U20/><E20/><V110/><F110/><W64/><G45/><T73/><D73/><U54/><E43/><V82/><F82/><W33/><G5/><T88/><D88/><N who="1" m="55367" /><E87/><V9/><F75/><W109/><G109/><T106/><D134/><U98/><E98/><N who="2" m="57711" /><F119/><W0/><G33/><T67/><D127/><U63/><E63/><V25/><F117/><W65/><G1/><T79/><D39/><U81/><E81/><V90/><F25/><W59/><G16/><T53/><D79/><U116/><E116/><V15/><F83/><W22/><G22/><T57/><D106/><U100/><E100/><V72/><F72/><W19/><G19/><T42/><D67/><U60/><E60/><V2/><F2/><W97/><G92/><T17/><D17/><U14/><E14/><AGARI ba="1,1" hai="9,12,13,14,15,18,52,58,61,90,91" m="57711" machi="14" ten="30,2000,0" yaku="8,1,54,1" doraHai="47" who="2" fromWho="1" sc="270,0,230,-23,207,33,283,0" /><INIT seed="4,0,0,4,3,68" ten="270,207,240,283" oya="0" hai0="117,9,116,43,10,64,44,100,11,80,91,96,28" hai1="0,99,77,76,38,22,85,56,97,112,37,69,111" hai2="103,67,13,21,49,46,62,6,47,94,132,106,83" hai3="130,4,122,34,27,124,7,70,86,120,125,104,131"/><T65/><D28/><U115/><E69/><V118/><F106/><W126/><G104/><T32/><D32/><U129/><E0/><V14/><F132/><W54/><G70/><T92/><D117/><U110/><E56/><V113/><F113/><N who="1" m="43593" /><E129/><V108/><F108/><N who="1" m="41513" /><E22/><V105/><F105/><W60/><G86/><T23/><D116/><U87/><E87/><V90/><F118/><W133/><G133/><T40/><D23/><U84/><E84/><V42/><F21/><W93/><G60/><T39/><D80/><N who="1" m="47239" /><E77/><V101/><F83/><W33/><G131/><T114/><D114/><U5/><E5/><V88/><F6/><W3/><G130/><T57/><D57/><U61/><E61/><V74/><F62/><W102/><G4/><T107/><D11/><U17/><E17/><V24/><F67/><W73/><G7/><T48/><D10/><U134/><E134/><V1/><F1/><W53/><G3/><T51/><D9/><U26/><E26/><V66/><F66/><W55/><G27/><T30/><D30/><U59/><E59/><V16/><F24/><W98/><G33/><T35/><D35/><U128/><E128/><V119/><F119/><W63/><G34/><T89/><D65/><U2/><E2/><V109/><F109/><W79/><G63/><T31/><D31/><U45/><E45/><V75/><F16/><W29/><G29/><T81/><D64/><U95/><E99/><V20/><F20/><W82/><AGARI ba="0,0" hai="53,54,55,73,79,82,93,98,102,120,122,124,125,126" machi="82" ten="40,2700,0" yaku="0,1,18,1" doraHai="68" who="3" fromWho="3" sc="270,-13,207,-7,240,-7,283,27" owari="257,5.7,200,-30.0,233,-16.7,310,41.0" /></mjloggm>