<mjloggm ver="2.3"><GO type="225" lobby="0"/><UN n0="%E6%80%AA%E3%81%97%E3%81%99%E3%81%8E%E3%82%8B%E3%83%81%E3%83%BC" n1="%E3%82%BC%E3%83%AB%E3%83%80%E3%81%AE%E4%BC%9D%E8%AA%AC" n2="%6D%75%75%6D%75%72%61" n3="%4B%2E%32%2E%4B%2E" dan="16,16,16,16" rate="2125.81,2161.92,2197.39,2077.70" sx="M,M,F,M"/><TAIKYOKU oya="0"/><INIT seed="0,0,0,4,3,57" ten="250,250,250,250" oya="0" hai0="119,72,82,134,81,36,29,4,40,33,79,20,32" hai1="23,26,56,13,31,54,48,93,8,51,102,87,105" hai2="90,46,117,94,108,99,78,104,131,38,122,59,110" hai3="52,24,113,88,37,126,70,103,25,109,11,65,58"/><T92/><D119/><U28/><E105/><V9/><F122/><W128/><G113/><T115/><D115/><U112/><E112/><V80/><F117/><W45/><G109/><N who="2" m="42089" /><F131/><W100/><G128/><T49/><D134/><U120/><E120/><V89/><F104/><W125/><G11/><T12/><D36/><U14/><E31/><V53/><F9/><W19/><G70/><T62/><D4/><U75/><E75/><N who="2" m="43103" /><F38/><W124/><G65/><T15/><D82/><U123/><E123/><V107/><F107/><W101/><G19/><T118/><D92/><U50/><E14/><V63/><F46/><W127/><N who="3" m="31744" /><DORA hai="61" /><W129/><G129/><T121/><D118/><U85/><E102/><AGARI ba="0,0" hai="53,59,63,89,90,94,99,102" m="43103,42089" machi="102" ten="30,2000,0" yaku="14,1,52,1" doraHai="57,61" who="2" fromWho="1" sc="250,0,250,-20,250,20,250,0" /><INIT seed="1,0,0,5,5,45" ten="250,230,270,250" oya="1" hai0="120,132,47,56,3,93,9,49,38,118,85,96,98" hai1="130,50,69,125,103,6,33,94,105,106,63,18,62" hai2="123,70,111,5,75,39,22,135,67,13,12,113,27" hai3="19,77,31,0,43,8,119,134,11,107,7,58,89"/><U110/><E33/><V53/><F123/><W4/><G107/><T100/><D118/><U34/><E34/><V99/><F111/><W55/><G119/><T97/><D120/><U131/><E6/><V78/><F135/><W42/><G134/><T104/><D132/><U66/><E110/><V30/><F39/><W92/><G77/><T1/><D85/><U124/><E18/><V115/><F99/><W44/><G19/><T109/><D109/><U80/><E80/><N who="2" m="45151" /><F5/><W122/><G31/><T46/><D9/><U82/><E82/><V57/><F67/><W24/><G24/><T40/><D56/><U52/><E63/><N who="2" m="36271" /><F70/><W59/><G59/><T29/><D29/><U15/><E15/><V114/><AGARI ba="0,0" hai="12,13,22,27,30,113,114,115" m="36271,45151" machi="114" ten="30,1100,0" yaku="11,1" doraHai="45" who="2" fromWho="2" sc="250,-3,230,-5,270,11,250,-3" /><INIT seed="2,0,0,3,5,34" ten="247,225,281,247" oya="2" hai0="56,135,70,30,15,24,98,12,92,131,38,36,20" hai1="91,116,25,85,110,120,113,119,26,6,1,17,88" hai2="86,42,44,58,22,114,125,126,81,31,10,50,35" hai3="13,96,107,115,134,3,16,64,129,87,46,102,62"/><V43/><F114/><W132/><G115/><T68/><D135/><N who="3" m="51753" /><G129/><T112/><D112/><U128/><E113/><V65/><F35/><W59/><G87/><T14/><D131/><U69/><E128/><V2/><F42/><W72/><G72/><T109/><D109/><U57/><E69/><V51/><F31/><W61/><G46/><T28/><D28/><U11/><E110/><V124/><F22/><N who="3" m="11535" /><G62/><T103/><REACH who="0" step="1"/><D56/><REACH who="0" ten="237,225,281,247" step="2"/><U99/><E57/><V101/><F58/><W63/><G63/><T90/><D90/><U23/><E120/><V60/><F60/><W41/><G41/><T77/><D77/><U95/><REACH who="1" step="1"/><E26/><REACH who="1" ten="237,215,281,247" step="2"/><V8/><F125/><W32/><G32/><T108/><D108/><U84/><E84/><V19/><F126/><W27/><G27/><T33/><D33/><U80/><AGARI ba="0,2" hai="1,6,11,17,23,25,80,85,88,91,95,99,116,119" machi="80" ten="20,8000,1" yaku="1,1,0,1,7,1,52,1,54,1,53,0" doraHai="34" doraHaiUra="49" who="1" fromWho="1" sc="237,-20,215,100,281,-40,247,-20" /><INIT seed="3,0,0,1,4,52" ten="217,315,241,227" oya="3" hai0="79,67,69,123,3,90,110,129,112,22,33,78,100" hai1="116,87,102,44,92,120,121,28,8,75,73,27,37" hai2="68,88,134,113,57,55,91,59,7,53,65,30,34" hai3="71,95,94,111,60,117,42,40,56,20,23,0,97"/><W74/><G117/><T46/><D33/><U2/><E87/><V108/><F113/><W83/><G71/><T4/><D123/><N who="1" m="47179" /><E92/><V70/><F108/><W48/><G0/><T115/><D129/><U58/><E58/><V86/><F134/><W103/><G111/><T114/><D110/><U14/><E14/><V99/><F7/><W5/><G5/><T51/><D100/><U132/><E102/><V135/><F135/><W101/><G83/><T109/><D109/><U15/><E15/><V96/><F34/><W24/><G74/><T126/><D126/><U26/><E26/><V76/><F30/><W10/><G10/><N who="0" m="2335" /><D90/><N who="2" m="34346" /><F68/><W62/><G94/><T25/><D67/><U124/><E132/><V12/><F12/><W104/><G104/><T11/><D11/><U13/><E13/><V128/><F70/><W82/><G82/><T9/><D9/><U38/><E124/><V81/><F65/><W127/><G127/><T107/><D107/><U1/><E116/><V98/><F128/><W64/><G103/><T47/><D69/><U39/><E44/><N who="0" m="16937" /><D51/><U19/><E19/><AGARI ba="0,0" hai="19,22,25,78,79,112,114,115" m="16937,2335" machi="19" ten="30,1000,0" yaku="11,1" doraHai="52" who="0" fromWho="1" sc="217,10,315,-10,241,0,227,0" owari="227,-17.3,305,40.5,241,4.1,227,-27.3" /></mjloggm>