<mjloggm ver="2.3"><GO type="225" lobby="0"/><UN n0="%48%61%61%61%6C%61%6E%64" n1="%61%6D%65%6B%69" n2="%E3%81%A4%E3%81%A3%E3%81%B1%E3%82%8A%E3%83%9D%E3%83%BC%E3%83%AB" n3="%E6%81%A5%E6%99%92%E3%81%97" dan="18,16,17,16" rate="2135.80,2094.47,2259.98,2112.08" sx="M,M,M,M"/><TAIKYOKU oya="0"/><INIT seed="0,0,0,0,5,85" ten="250,250,250,250" oya="0" hai0="69,0,8,94,111,23,102,62,113,29,104,107,119" hai1="98,133,79,95,13,52,37,54,60,74,24,96,9" hai2="35,130,50,5,134,38,57,47,32,108,123,67,115" hai3="77,86,15,126,114,116,75,124,22,72,39,84,91"/><T90/><D113/><U20/><E37/><V61/><F115/><W51/><G39/><T128/><D119/><U53/><E133/><V125/><F123/><W59/><G114/><T14/><D128/><U43/><E43/><V48/><F134/><W27/><G116/><T2/><D111/><U19/><E74/><V109/><F5/><W101/><G101/><T44/><D44/><U97/><E79/><V103/><F103/><W100/><G100/><T56/><D69/><U70/><E70/><V76/><F76/><W112/><G112/><T30/><D102/><U83/><E83/><V18/><F18/><N who="3" m="10591" /><G27/><T31/><D23/><U42/><E42/><N who="2" m="22999" /><F35/><W55/><G86/><T25/><D25/><U92/><REACH who="1" step="1"/><E60/><REACH who="1" ten="250,240,250,250" step="2"/><V127/><F130/><W11/><G77/><T10/><D104/><U120/><E120/><V80/><F80/><W89/><G75/><T110/><D107/><U129/><E129/><V28/><F108/><W17/><G72/><T93/><D110/><U71/><E71/><V26/><F109/><W45/><G124/><AGARI ba="0,1" hai="26,28,32,48,50,57,61,67,124,125,127" m="22999" machi="124" ten="30,1000,0" yaku="18,1" doraHai="85" who="2" fromWho="3" sc="250,0,240,0,250,20,250,-10" /><INIT seed="1,0,0,5,0,2" ten="250,240,270,240" oya="1" hai0="116,5,11,135,75,53,120,41,43,95,118,125,131" hai1="85,17,18,76,112,35,8,39,106,108,100,73,42" hai2="27,110,130,44,62,79,94,109,4,7,96,107,20" hai3="123,51,57,65,80,19,67,128,66,16,25,132,105"/><U90/><E35/><V121/><F107/><W1/><G123/><T63/><D120/><U71/><E71/><V58/><F121/><W133/><G105/><T113/><D113/><U22/><E112/><V28/><F79/><W129/><G80/><T84/><D75/><U37/><E108/><N who="2" m="41579" /><F44/><W111/><G111/><T60/><D125/><U59/><E73/><V88/><F130/><N who="3" m="50283" /><G1/><T81/><D131/><U13/><E76/><V34/><F34/><W83/><G83/><T69/><D135/><N who="3" m="51785" /><G25/><T77/><D95/><U115/><E115/><V114/><F114/><W119/><G119/><T0/><D116/><U78/><E78/><V89/><F89/><W91/><G91/><T32/><D118/><U64/><E42/><V72/><F72/><W68/><G68/><T70/><D70/><U52/><E100/><V30/><F28/><W29/><G29/><T48/><D32/><U54/><E106/><V14/><F14/><W26/><G26/><T21/><D69/><U86/><E90/><V98/><F98/><W15/><G15/><T127/><D41/><U104/><E104/><V117/><F117/><W82/><G82/><T40/><D43/><U122/><E122/><V124/><F124/><W49/><G57/><N who="0" m="32935" /><D127/><U38/><E86/><V92/><F92/><W99/><G99/><T6/><D84/><U103/><E85/><V126/><F126/><W87/><G87/><T61/><D81/><U47/><E103/><V10/><F10/><W23/><G23/><T134/><D134/><U55/><E59/><V93/><F93/><W33/><G33/><T50/><D77/><RYUUKYOKU ba="0,0" sc="250,-15,240,-15,270,15,240,15" hai2="4,7,20,27,30,58,62,88,94,96" hai3="16,19,49,51,65,66,67" /><INIT seed="2,1,0,2,4,5" ten="235,225,285,255" oya="2" hai0="120,119,132,59,124,70,123,135,46,92,62,94,122" hai1="10,89,74,67,96,13,68,86,35,51,66,45,49" hai2="53,42,3,128,40,50,26,32,54,47,22,1,64" hai3="117,75,107,43,31,48,79,15,99,133,116,113,131"/><V93/><F128/><W56/><G131/><T41/><D70/><U127/><E74/><V106/><F106/><W81/><G133/><N who="0" m="51275" /><D124/><U88/><E35/><V84/><F32/><W8/><G113/><T125/><D125/><U19/><E68/><V71/><F71/><W0/><G0/><T23/><D23/><U21/><E127/><V29/><F64/><W9/><G31/><T20/><D20/><U55/><E51/><N who="2" m="28927" /><F3/><W12/><G99/><T111/><D111/><U63/><E63/><V105/><F105/><W134/><G107/><T87/><D87/><U103/><E21/><V83/><F93/><N who="0" m="35946" /><D119/><U30/><E30/><V109/><F1/><W78/><G134/><T118/><D118/><U44/><E89/><N who="2" m="51359" /><F109/><W121/><G121/><T85/><D85/><U115/><E115/><V95/><F95/><W91/><G116/><T73/><D73/><U27/><E96/><V114/><F114/><W102/><G117/><T97/><D97/><U112/><E112/><V36/><F36/><W110/><G75/><T2/><D2/><U104/><E104/><V58/><AGARI ba="1,0" hai="22,26,29,40,42,50,54,58" m="51359,28927" machi="58" ten="30,1500,0" yaku="8,1" doraHai="5" who="2" fromWho="2" sc="235,-6,225,-6,285,18,255,-6" /><INIT seed="2,2,0,5,1,121" ten="229,219,303,249" oya="2" hai0="99,68,8,95,133,66,60,25,3,52,80,17,27" hai1="28,112,132,24,89,104,53,87,48,23,57,96,64" hai2="113,7,83,19,105,92,10,125,5,88,13,58,16" hai3="98,20,131,69,18,30,85,12,35,124,126,135,46"/><V119/><F105/><W101/><G131/><T97/><D133/><U116/><E116/><V6/><F119/><W127/><G135/><T78/><D99/><U108/><E132/><V38/><F113/><W110/><G69/><T42/><D42/><U81/><E112/><V91/><F38/><W103/><G85/><T65/><D65/><U55/><E64/><V54/><F125/><W1/><G1/><T56/><D17/><U22/><E108/><V79/><F19/><W94/><G46/><T50/><D8/><U72/><E72/><V129/><F129/><W62/><G62/><T41/><D41/><U130/><E130/><V40/><F40/><W33/><G110/><T74/><REACH who="0" step="1"/><D3/><REACH who="0" ten="219,219,303,249" step="2"/><U75/><E75/><V73/><REACH who="2" step="1"/><F92/><REACH who="2" ten="219,219,293,249" step="2"/><N who="3" m="58567" /><G30/><T47/><D47/><U36/><E36/><V93/><F93/><W106/><G94/><T61/><D61/><AGARI ba="2,2" hai="5,6,7,10,13,16,54,58,61,73,79,83,88,91" machi="61" ten="40,12000,1" yaku="1,1,54,2,53,1" doraHai="121" doraHaiUra="14" who="2" fromWho="0" sc="219,-126,219,0,293,146,249,0" /><INIT seed="2,3,0,0,2,107" ten="93,219,439,249" oya="2" hai0="75,54,114,8,12,66,111,97,42,104,37,46,19" hai1="51,4,62,6,93,9,34,131,0,20,45,129,128" hai2="47,118,65,123,126,35,121,87,25,22,49,86,94" hai3="106,113,58,61,32,82,85,92,83,109,15,100,13"/><V80/><F118/><W132/><G109/><T74/><D114/><U124/><E34/><V135/><F35/><W64/><G132/><T57/><D111/><U31/><E124/><V84/><F135/><W43/><G32/><T88/><D66/><U60/><E6/><V98/><F126/><W16/><G106/><T33/><D33/><U30/><E93/><V2/><F2/><W28/><G13/><T18/><D19/><U10/><E10/><V53/><F65/><W17/><G113/><T125/><D125/><U79/><E79/><V115/><F115/><W76/><G43/><T119/><D119/><U38/><E38/><V112/><F112/><W39/><G39/><T67/><D67/><U1/><E1/><V101/><REACH who="2" step="1"/><F80/><REACH who="2" ten="93,219,429,249" step="2"/><W122/><G83/><T127/><D127/><U89/><E131/><V96/><F96/><W14/><G82/><T55/><D55/><U50/><E129/><V78/><F78/><W90/><G76/><T40/><D40/><U117/><E117/><V120/><F120/><W133/><G122/><T5/><D5/><U29/><E128/><V23/><F23/><W116/><G116/><T70/><D70/><U105/><E20/><V103/><F103/><W71/><G100/><T130/><D130/><U27/><E0/><V41/><F41/><W72/><G133/><T21/><D21/><U134/><E134/><V59/><F59/><W63/><G71/><T7/><D7/><U77/><E77/><V26/><F26/><W52/><G58/><T108/><D57/><U99/><E4/><V73/><F73/><W69/><G72/><RYUUKYOKU ba="3,1" sc="93,-10,219,-10,429,30,249,-10" hai2="22,25,47,49,53,84,86,87,94,98,101,121,123" /><INIT seed="2,4,1,5,5,36" ten="83,209,459,239" oya="2" hai0="134,71,109,20,115,11,83,96,59,85,122,15,2" hai1="66,50,38,24,80,79,7,1,44,87,42,126,46" hai2="108,123,113,10,128,13,121,91,99,53,125,100,89" hai3="25,29,98,69,63,90,62,101,16,120,55,28,3"/><V88/><F113/><W104/><G120/><T81/><D122/><U107/><E126/><V102/><F125/><W70/><G3/><T39/><D115/><U118/><E118/><V112/><F112/><W117/><G117/><T129/><D71/><U84/><E107/><V58/><F128/><W12/><G90/><T114/><D114/><U111/><E111/><V103/><F108/><W33/><G29/><T82/><D109/><U119/><E24/><V47/><F47/><W60/><REACH who="3" step="1"/><G55/><REACH who="3" ten="83,209,459,229" step="2"/><T78/><D129/><U116/><E66/><V73/><F99/><W52/><G52/><T0/><D0/><U76/><E119/><V21/><F123/><W56/><G56/><T106/><D2/><U9/><E116/><V94/><F121/><W67/><G67/><T135/><D59/><U68/><E68/><V5/><F53/><W75/><G75/><T26/><D134/><U65/><E65/><V49/><F73/><W130/><G130/><T95/><D135/><U23/><E79/><V51/><F58/><W72/><G72/><T8/><D78/><U14/><E1/><V127/><F127/><W40/><G40/><T37/><D85/><U48/><E87/><N who="2" m="52511" /><F91/><W31/><G31/><T18/><D96/><U43/><E38/><V41/><F41/><W110/><G110/><T64/><D37/><U34/><E34/><V17/><F89/><W131/><G131/><T132/><D39/><U77/><E77/><V124/><F124/><W86/><G86/><T19/><D132/><U35/><E35/><V61/><F61/><W93/><G93/><T4/><D64/><RYUUKYOKU ba="4,2" sc="83,-30,209,10,459,10,229,10" hai1="7,9,14,23,42,43,44,46,48,50,76,80,84" hai2="5,10,13,17,21,49,51,100,102,103" hai3="12,16,25,28,33,60,62,63,69,70,98,101,104" /><INIT seed="2,5,2,1,1,69" ten="53,219,469,239" oya="2" hai0="68,50,12,91,48,86,84,7,107,73,0,65,55" hai1="28,87,2,102,58,77,60,126,37,118,14,41,47" hai2="15,33,119,79,81,52,74,110,127,53,36,42,54" hai3="129,88,51,83,22,116,26,75,57,120,112,4,97"/><V96/><F119/><W122/><G116/><T124/><D73/><U133/><E2/><V104/><F33/><W103/><G129/><T108/><D108/><U66/><E118/><V25/><F110/><W19/><G112/><T35/><D124/><U130/><E130/><V9/><F127/><W125/><G125/><T5/><D0/><U131/><E131/><V8/><F25/><W94/><G4/><T72/><D72/><U85/><E126/><V43/><F36/><W134/><G134/><T111/><D111/><U71/><E133/><V32/><F32/><W115/><G115/><T40/><D35/><U95/><E28/><V46/><F46/><W117/><G117/><T64/><D107/><U121/><E121/><V101/><REACH who="2" step="1"/><F8/><REACH who="2" ten="53,219,459,239" step="2"/><W132/><G132/><T113/><D113/><U27/><E27/><V11/><F11/><W90/><G120/><T30/><D30/><U16/><E77/><V76/><F76/><W56/><G26/><T80/><D68/><U98/><E71/><V93/><F93/><W34/><G34/><T128/><D128/><U1/><E1/><V63/><F63/><W23/><G122/><T78/><D78/><U10/><AGARI ba="5,3" hai="10,14,16,37,41,47,58,60,66,85,87,95,98,102" machi="10" ten="20,5200,0" yaku="0,1,7,1,52,1,54,1" doraHai="69" who="1" fromWho="1" sc="53,-18,219,97,459,-31,239,-18" /><INIT seed="3,0,0,2,1,3" ten="35,316,428,221" oya="3" hai0="55,32,129,116,44,23,122,46,57,74,26,58,7" hai1="47,108,22,16,115,84,34,72,87,1,25,130,95" hai2="127,89,83,67,80,91,45,71,101,68,14,2,94" hai3="4,102,96,93,18,12,90,79,121,28,81,107,39"/><W88/><G121/><T48/><D122/><U31/><E72/><V133/><F2/><W63/><G39/><T41/><D116/><U104/><E104/><V17/><F133/><W38/><G38/><T92/><D74/><U100/><E115/><V29/><F127/><W27/><G63/><T11/><D32/><U99/><E108/><V106/><F106/><W105/><G105/><T85/><D129/><U97/><E130/><V40/><F29/><W20/><G107/><T112/><D112/><U19/><E99/><V43/><F101/><W86/><REACH who="3" step="1"/><G4/><REACH who="3" ten="35,316,428,211" step="2"/><T125/><D125/><U118/><E118/><V37/><F37/><W6/><G6/><T124/><D124/><U5/><E5/><V62/><F62/><W75/><G75/><T103/><D7/><U61/><E61/><V128/><F128/><W82/><G82/><T126/><D126/><U113/><E113/><V77/><F83/><W21/><AGARI ba="0,1" hai="12,18,20,21,27,28,79,81,86,88,90,93,96,102" machi="21" ten="20,18000,2" yaku="1,1,0,1,7,1,8,1,54,1,53,1" doraHai="3" doraHaiUra="13" who="3" fromWho="3" sc="35,-60,316,-60,428,-60,211,190" owari="-25,-52.5,256,-14.4,368,16.8,401,50.1" /></mjloggm>