<mjloggm ver="2.3"><GO type="225" lobby="0"/><UN n0="%E5%84%AA%40%41%42%43" n1="%E3%81%B2%E3%81%AA%E3%81%AE%E3%82%8A%E3%81%8F" n2="%E3%82%A2%E3%83%BC%E3%83%A2%E3%83%AD%E3%83%BC%E3%83%B4%E3%82%A1" n3="%E9%A2%A8%E3%81%A7%E9%B3%B4%E3%81%8F" dan="17,17,16,16" rate="2169.59,2233.55,2184.84,2171.24" sx="M,M,M,M"/><TAIKYOKU oya="0"/><INIT seed="0,0,0,4,4,115" ten="250,250,250,250" oya="0" hai0="125,46,62,15,126,50,54,132,30,44,5,17,128" hai1="58,89,123,95,135,117,112,120,106,40,29,31,130" hai2="38,37,94,57,104,14,90,39,82,60,59,87,69" hai3="88,41,99,113,16,66,56,67,97,47,10,76,3"/><T91/><D128/><U63/><E130/><V84/><F104/><W103/><G113/><T51/><D132/><U111/><E112/><V9/><F69/><W24/><G3/><T116/><D30/><U96/><E135/><V34/><F34/><W127/><G127/><N who="0" m="48651" /><D5/><U8/><E111/><V80/><F60/><W55/><G76/><T28/><D28/><U33/><E40/><V0/><F0/><W32/><G32/><T93/><D62/><U65/><E106/><V19/><REACH who="2" step="1"/><F94/><REACH who="2" ten="250,250,240,250" step="2"/><N who="3" m="56519" /><G103/><T4/><D4/><U129/><E129/><V26/><F26/><W48/><G99/><N who="0" m="57791" /><D116/><U12/><E117/><V73/><F73/><W100/><G100/><T35/><D35/><U2/><E33/><V108/><F108/><W20/><G10/><N who="0" m="6391" /><D51/><AGARI ba="0,1" hai="16,20,24,41,47,48,51,55,56,66,67" m="56519" machi="51" ten="30,3900,0" yaku="8,1,54,2" doraHai="115" who="3" fromWho="0" sc="250,-39,250,0,240,0,250,49" /><INIT seed="1,0,0,0,5,6" ten="211,250,240,299" oya="1" hai0="118,90,106,123,107,116,28,39,33,54,132,67,72" hai1="75,35,85,0,95,12,100,74,111,113,10,94,22" hai2="131,62,45,134,5,16,86,55,43,119,122,115,124" hai3="102,18,66,93,36,76,71,49,59,83,51,58,8"/><U30/><E113/><V133/><F119/><N who="0" m="45610" /><D54/><U126/><E126/><V101/><F122/><W112/><G36/><T29/><D67/><U41/><E41/><V23/><F124/><W99/><G112/><T26/><D28/><U15/><E111/><V56/><F115/><W24/><G71/><T3/><D90/><U21/><E85/><V98/><F131/><W88/><G102/><T27/><D26/><U79/><E79/><V91/><F5/><W2/><G2/><T40/><D3/><U77/><E77/><V84/><F98/><W127/><G127/><T20/><D20/><U114/><E114/><V44/><F101/><W34/><G34/><T50/><D50/><N who="3" m="18953" /><G66/><T80/><D132/><N who="2" m="50794" /><F43/><W19/><G24/><T96/><D96/><U117/><E117/><V130/><F130/><W31/><G31/><T125/><D123/><U81/><E35/><V135/><N who="2" m="50802" /><V78/><DORA hai="103" /><F78/><W47/><G47/><N who="2" m="17993" /><F91/><W110/><G110/><T17/><D17/><N who="3" m="6153" /><G8/><T53/><D125/><U14/><E10/><V42/><F42/><W68/><G68/><T70/><D70/><U32/><E32/><V7/><F7/><W82/><G76/><N who="0" m="44039" /><D53/><U89/><E30/><V108/><F108/><W4/><G4/><T13/><D13/><AGARI ba="0,0" hai="13,16,23,55,56,62,84,86" m="17993,50802" machi="13" ten="40,2600,0" yaku="20,1,54,1" doraHai="6,103" who="2" fromWho="0" sc="211,-26,250,0,240,26,299,0" /><INIT seed="2,0,0,0,5,62" ten="185,250,266,299" oya="2" hai0="58,89,133,1,123,4,97,54,56,45,117,124,83" hai1="31,88,52,119,24,78,77,130,104,94,107,61,135" hai2="103,96,73,9,108,3,7,72,109,102,8,100,127" hai3="40,85,23,84,111,125,121,51,132,70,53,30,91"/><V17/><F127/><W75/><G75/><T6/><D123/><U28/><E119/><V29/><F29/><W114/><G121/><T82/><D1/><U59/><E135/><V87/><F96/><W126/><G70/><T79/><D133/><U110/><E110/><N who="2" m="42603" /><F87/><W32/><G32/><T13/><D124/><N who="3" m="47721" /><G111/><T120/><D120/><U134/><E134/><V25/><F25/><N who="3" m="16703" /><G132/><T64/><D117/><U92/><E31/><V66/><F66/><W43/><G114/><T74/><D74/><U93/><E130/><V129/><F129/><W14/><G14/><AGARI ba="0,0" hai="3,7,8,9,14,17,72,73,100,102,103" m="42603" machi="14" ten="30,2900,0" yaku="14,1,10,1" doraHai="62" who="2" fromWho="3" sc="185,0,250,0,266,29,299,-29" /><INIT seed="2,1,0,1,4,11" ten="185,250,295,270" oya="2" hai0="106,16,111,48,101,102,97,108,18,77,75,78,113" hai1="87,27,34,95,21,76,54,65,98,25,59,30,53" hai2="121,7,115,133,52,132,125,28,91,124,36,42,55" hai3="41,105,9,71,100,84,6,70,82,122,83,33,90"/><V2/><F115/><W69/><G33/><T64/><D113/><U46/><E65/><V23/><F121/><W89/><G122/><T45/><D64/><U13/><E46/><N who="2" m="23879" /><F91/><W114/><G114/><T19/><D102/><U119/><E119/><V110/><F7/><W3/><G41/><T68/><D68/><U67/><E67/><V17/><F28/><W120/><G120/><T32/><D32/><U93/><E54/><N who="2" m="20523" /><F2/><W0/><G0/><T63/><D63/><U104/><E104/><V47/><F47/><W14/><G3/><T57/><D57/><U20/><E34/><V66/><F66/><W73/><G73/><T72/><D75/><U85/><E76/><V60/><F60/><W80/><REACH who="3" step="1"/><G84/><REACH who="3" ten="185,250,295,260" step="2"/><T74/><D72/><U117/><E87/><V38/><F38/><W22/><G22/><T94/><D74/><U107/><E85/><V50/><F50/><W109/><G109/><N who="0" m="42059" /><D106/><U8/><E107/><V128/><F110/><W134/><G134/><N who="2" m="51817" /><F128/><W58/><G58/><T127/><D127/><U37/><E59/><V135/><N who="2" m="51825" /><V118/><DORA hai="24" /><F118/><W1/><G1/><T96/><D96/><AGARI ba="1,1" hai="6,9,14,69,70,71,80,82,83,89,90,96,100,105" machi="96" ten="50,6400,0" yaku="1,1,52,1,53,1" doraHai="11,24" doraHaiUra="88,103" who="3" fromWho="0" sc="185,-67,250,0,295,0,260,77" /><INIT seed="3,0,0,0,5,18" ten="118,250,295,337" oya="3" hai0="115,46,94,29,61,123,38,101,88,116,26,106,103" hai1="37,47,118,128,10,35,110,54,36,104,79,77,52" hai2="15,131,93,0,62,129,22,72,117,34,105,68,81" hai3="23,55,42,95,48,111,84,53,59,65,27,24,63"/><W76/><G111/><T107/><D116/><U89/><E104/><V28/><F105/><W51/><G27/><T96/><D123/><U8/><E47/><V3/><F117/><W134/><G134/><T124/><D124/><U121/><E118/><V31/><F93/><W75/><G75/><T90/><D115/><U21/><E35/><V83/><F62/><W74/><G74/><T40/><D61/><U125/><E89/><V119/><F68/><W9/><G9/><T50/><D38/><U114/><E114/><V113/><F72/><W78/><G95/><T7/><D7/><U19/><E110/><V98/><F98/><W112/><G112/><T69/><D69/><U102/><E19/><N who="2" m="10623" /><F119/><W120/><G120/><T66/><D66/><U30/><E121/><V133/><F113/><W41/><G84/><T70/><D70/><U130/><E30/><N who="2" m="11307" /><F34/><W1/><G1/><N who="2" m="585" /><F133/><W122/><G122/><T58/><D58/><U39/><E39/><V32/><F32/><W6/><G42/><T109/><D109/><U12/><E102/><V91/><F91/><W4/><G41/><T82/><D82/><U25/><E37/><V60/><F60/><W11/><G65/><T86/><D90/><U127/><E36/><V45/><F45/><N who="3" m="27791" /><G63/><T14/><D14/><U57/><E12/><V67/><F67/><W44/><G44/><T17/><D17/><U2/><E2/><V56/><F56/><W64/><G64/><T135/><D135/><U99/><E57/><V132/><F132/><W5/><G11/><T16/><D16/><AGARI ba="0,0" hai="4,5,6,16,23,24,51,55,59,76,78" m="27791" machi="16" ten="30,5800,0" yaku="8,1,52,1,54,1" doraHai="18" who="3" fromWho="0" sc="118,-58,250,0,295,0,337,58" owari="60,-44.0,250,-15.0,295,9.5,395,49.5" /></mjloggm>