<mjloggm ver="2.3"><GO type="225" lobby="0"/><UN n0="%E3%80%93%E3%81%97%E3%83%BC%E3%82%89%E3%80%93" n1="%E8%90%BD%E6%97%A5" n2="%E3%81%AF%E3%82%88%E3%81%8A%E3%81%98%E3%81%95%E3%82%93" n3="%E3%81%99%E3%81%84%E3%81%BE%E3%81%9B%E3%83%BC%E3%82%93" dan="16,17,17,18" rate="2078.71,2212.58,2183.01,2226.30" sx="M,F,M,M"/><TAIKYOKU oya="0"/><INIT seed="0,0,0,5,1,55" ten="250,250,250,250" oya="0" hai0="8,72,56,101,92,17,113,51,7,59,68,69,36" hai1="127,117,102,90,99,11,34,21,64,124,39,1,29" hai2="6,41,86,78,107,5,74,54,129,0,103,89,23" hai3="3,93,118,120,105,45,9,38,52,15,108,97,2"/><T123/><D36/><U131/><E117/><V60/><F129/><W22/><G118/><T42/><D72/><U82/><E39/><V85/><F41/><W73/><G73/><T44/><D123/><U61/><E34/><V104/><F23/><W20/><G105/><T57/><D113/><U30/><E131/><V16/><F16/><W70/><G70/><T31/><D31/><U76/><E90/><V63/><F74/><W77/><G77/><T126/><D126/><N who="1" m="48171" /><E21/><V4/><F0/><W14/><G14/><T87/><D17/><U66/><E66/><V24/><F24/><W100/><G2/><T46/><D46/><U94/><E11/><V109/><F109/><W65/><G108/><T110/><D110/><U130/><E1/><V26/><F26/><W18/><G3/><T50/><D50/><U80/><E130/><V19/><F19/><W116/><G116/><T133/><D133/><U84/><E82/><N who="2" m="47319" /><F103/><W47/><G120/><T128/><D128/><U33/><E33/><V48/><F107/><W75/><G75/><T112/><D112/><U134/><E134/><V32/><F104/><W125/><G125/><T67/><D67/><U62/><E62/><V83/><F32/><W58/><G65/><T81/><D92/><U95/><E95/><V43/><F43/><W40/><G47/><AGARI ba="0,0" hai="4,5,6,47,48,54,60,63,83,86,89" m="47319" machi="47" ten="30,1000,0" yaku="8,1" doraHai="55" who="2" fromWho="3" sc="250,0,250,0,250,10,250,-10" /><INIT seed="1,0,0,2,5,99" ten="250,250,260,240" oya="1" hai0="91,2,114,101,39,131,37,106,66,40,54,85,0" hai1="27,119,84,10,116,51,95,75,77,74,93,1,129" hai2="53,38,49,96,46,71,17,76,5,15,69,30,4" hai3="82,108,65,126,25,102,33,92,81,78,72,57,115"/><U70/><E70/><V113/><F113/><W7/><G115/><T124/><D114/><U58/><E27/><V44/><F30/><W118/><G108/><T79/><D79/><U67/><E67/><V80/><F96/><W47/><G126/><T125/><D131/><U3/><E129/><V73/><F38/><W122/><G122/><T48/><D66/><U52/><E77/><V111/><F111/><W90/><G7/><T24/><D24/><U31/><E31/><V97/><F44/><W34/><G47/><T107/><D40/><U18/><E3/><V133/><F133/><W42/><G42/><T45/><D2/><U123/><E123/><V135/><F135/><W62/><G118/><T19/><D19/><U41/><E41/><V12/><F4/><W109/><G109/><T63/><D0/><U100/><E93/><V50/><F50/><W22/><G82/><T36/><D63/><U104/><E104/><V55/><F53/><W117/><G117/><T130/><D130/><U16/><E18/><V121/><F121/><W13/><G13/><T35/><D35/><U8/><E8/><N who="2" m="4111" /><F97/><N who="3" m="57495" /><G34/><T26/><D26/><U103/><E116/><V88/><F88/><W105/><G33/><T94/><REACH who="0" step="1"/><D101/><REACH who="0" ten="240,250,260,240" step="2"/><N who="1" m="38987" /><E119/><V9/><F71/><W29/><G105/><AGARI ba="0,1" hai="36,37,39,45,48,54,85,91,94,105,106,107,124,125" machi="105" ten="50,1600,0" yaku="1,1,53,0" doraHai="99" doraHaiUra="64" who="0" fromWho="3" sc="240,26,250,0,260,0,240,-16" /><INIT seed="2,0,0,0,4,101" ten="266,250,260,224" oya="2" hai0="90,108,53,28,133,89,65,119,120,10,27,16,49" hai1="113,31,64,102,50,47,32,80,21,76,100,58,26" hai2="84,131,134,106,115,132,105,36,92,9,96,8,98" hai3="111,38,86,117,34,39,78,71,22,0,81,72,17"/><V123/><F36/><W2/><G117/><T30/><D120/><U118/><E118/><V129/><F123/><W3/><G111/><T4/><D119/><U130/><E113/><V135/><F115/><W109/><G109/><T68/><D108/><U63/><E32/><V5/><F84/><W85/><G71/><T14/><D133/><U24/><E24/><V67/><F67/><W83/><G34/><T11/><D65/><U103/><E130/><N who="2" m="49675" /><F8/><W25/><REACH who="3" step="1"/><G72/><REACH who="3" ten="266,250,260,214" step="2"/><T12/><D68/><U23/><E23/><V77/><F135/><W66/><G66/><T94/><D27/><U48/><REACH who="1" step="1"/><E47/><REACH who="1" ten="266,240,260,214" step="2"/><V70/><F134/><W75/><G75/><AGARI ba="0,2" hai="21,26,31,48,50,58,63,64,75,76,80,100,102,103" machi="75" ten="40,2600,0" yaku="1,1,2,1,53,0" doraHai="101" doraHaiUra="87" who="1" fromWho="3" sc="266,0,240,46,260,0,214,-26" /><INIT seed="3,0,0,1,4,55" ten="266,286,260,188" oya="3" hai0="121,88,123,18,101,10,119,70,93,90,14,85,35" hai1="54,38,112,66,27,28,3,20,98,58,76,30,87" hai2="133,53,47,125,107,124,4,23,11,135,108,117,83" hai3="95,48,50,0,111,110,51,34,134,103,130,78,79"/><W116/><G116/><T75/><D70/><U65/><E112/><V80/><F117/><W36/><G36/><T46/><D35/><U99/><E3/><V56/><F108/><N who="3" m="41515" /><G130/><T52/><D75/><U126/><E126/><N who="2" m="48747" /><F23/><W22/><G34/><T82/><D119/><U94/><E38/><V69/><F47/><W114/><G114/><T32/><D101/><N who="1" m="60631" /><E99/><V106/><F69/><W86/><G0/><T13/><D32/><U16/><E76/><N who="3" m="29226" /><G134/><N who="2" m="51209" /><F11/><W73/><G73/><T43/><D14/><U5/><E5/><V21/><F21/><W68/><G68/><T92/><D43/><U127/><E87/><V100/><F4/><W104/><G22/><T71/><D71/><U59/><E127/><V132/><N who="2" m="51217" /><V60/><DORA hai="105" /><F100/><W6/><G6/><T8/><D8/><U19/><E19/><V9/><F9/><W91/><G103/><T113/><D113/><U120/><E16/><V89/><F89/><W67/><G104/><AGARI ba="0,0" hai="53,56,60,80,83,104,106,107" m="51217,48747" machi="104" ten="50,6400,0" yaku="18,1,20,1,52,1" doraHai="55,105" who="2" fromWho="3" sc="266,0,286,0,260,64,188,-64" owari="266,-13.4,286,8.6,324,42.4,124,-37.6" /></mjloggm>