<mjloggm ver="2.3"><GO type="225" lobby="0"/><UN n0="%E7%89%B9%E6%9D%B1%E3%81%AF%E4%B8%96%E7%95%8C%E3%82%92%E6%95%91%E3%81%86" n1="%EF%BC%9D%E4%BC%8A%E8%97%A4%E3%81%8B%E3%81%AA%E6%81%B5%EF%BC%9D" n2="%E5%B8%86%E7%AB%8B%E5%A4%8F%E8%A1%A3" n3="%6D%75%75%73%61%6E%6D%75" dan="16,16,16,17" rate="2147.82,2081.25,2188.68,2175.19" sx="M,F,M,F"/><TAIKYOKU oya="0"/><INIT seed="0,0,0,4,4,130" ten="250,250,250,250" oya="0" hai0="41,110,105,79,124,25,2,113,69,123,53,63,7" hai1="5,104,107,94,128,43,82,86,38,77,118,74,14" hai2="11,73,33,36,91,26,117,37,120,87,76,51,28" hai3="16,111,101,59,98,64,19,100,39,29,22,21,61"/><T97/><D113/><U93/><E38/><V60/><F120/><W3/><G39/><T99/><D123/><U55/><E43/><V95/><F117/><W56/><G111/><T83/><D110/><U109/><E109/><V40/><F51/><W108/><G3/><T67/><D124/><U13/><E118/><V27/><F11/><W84/><G108/><T49/><D41/><U15/><E128/><V102/><F102/><W23/><G29/><T57/><D105/><U45/><E5/><V42/><F42/><W62/><G84/><T6/><D6/><U133/><E74/><V65/><F40/><W18/><REACH who="3" step="1"/><G98/><REACH who="3" ten="250,250,250,240" step="2"/><T75/><D2/><U126/><E86/><V71/><REACH who="2" step="1"/><F27/><REACH who="2" ten="250,250,240,240" step="2"/><W81/><G81/><AGARI ba="0,2" hai="26,28,33,36,37,60,65,71,73,76,81,87,91,95" machi="81" ten="40,2600,0" yaku="1,1,2,1,53,0" doraHai="130" doraHaiUra="54" who="2" fromWho="3" sc="250,0,250,0,240,46,240,-26" /><INIT seed="1,0,0,4,4,25" ten="250,250,286,214" oya="1" hai0="134,101,71,98,74,20,23,49,96,30,31,85,117" hai1="47,61,80,119,113,125,9,87,79,41,27,18,64" hai2="46,88,56,44,50,69,51,3,39,63,35,77,22" hai3="92,42,76,52,45,94,11,81,128,24,8,1,133"/><U106/><E113/><V68/><F35/><W91/><G128/><T83/><D117/><U93/><E119/><V13/><F3/><W34/><G133/><T107/><D71/><N who="2" m="27210" /><F88/><W16/><G1/><T17/><D134/><U37/><E106/><V67/><F13/><N who="3" m="7207" /><G34/><T70/><D70/><U99/><E125/><V121/><F22/><W82/><G42/><T66/><D66/><U105/><E105/><V110/><F121/><W26/><G11/><T123/><D123/><U29/><E9/><V36/><F77/><W33/><G33/><T14/><D74/><U53/><E18/><V0/><F0/><W104/><G104/><T12/><D98/><U62/><E53/><N who="2" m="29895" /><F110/><W48/><G94/><T89/><D12/><U86/><E86/><V21/><F21/><W7/><G7/><T109/><D109/><U97/><E64/><V15/><F15/><W124/><G124/><T111/><D111/><U40/><E40/><AGARI ba="0,0" hai="36,39,40,46,51,56,63,67" m="29895,27210" machi="40" ten="30,8000,1" yaku="35,5" doraHai="25" who="2" fromWho="1" sc="250,0,250,-80,286,80,214,0" /><INIT seed="2,0,0,3,5,89" ten="250,170,366,214" oya="2" hai0="36,43,119,88,58,70,124,121,97,12,123,21,11" hai1="79,35,113,78,23,5,92,68,51,52,18,3,32" hai2="71,91,84,100,94,134,9,126,117,74,81,26,4" hai3="131,96,45,73,63,53,2,15,102,76,59,47,132"/><V29/><F117/><W128/><G2/><T13/><D70/><U17/><E113/><V111/><F134/><W80/><G132/><T49/><D119/><U135/><E68/><V40/><F126/><W129/><REACH who="3" step="1"/><G15/><REACH who="3" ten="250,170,366,204" step="2"/><T64/><D13/><U101/><E135/><V57/><F9/><W22/><G22/><T31/><D21/><U62/><E32/><V82/><F111/><W50/><G50/><T105/><D49/><U109/><E35/><V33/><F33/><W122/><G122/><T86/><D12/><U114/><E109/><V6/><F6/><W1/><G1/><T93/><D123/><U54/><E3/><V98/><F4/><W61/><G61/><T125/><D121/><U60/><E5/><V90/><F29/><W99/><G99/><T95/><D97/><N who="1" m="59559" /><E114/><V83/><F98/><W77/><G77/><N who="1" m="29194" /><E17/><V38/><F38/><W127/><G127/><T67/><D36/><U103/><E103/><V118/><F100/><W48/><G48/><T56/><D125/><U41/><E41/><V133/><F40/><W110/><G110/><T28/><D43/><U104/><E104/><AGARI ba="0,1" hai="45,47,53,59,63,73,76,80,96,102,104,128,129,131" machi="104" ten="40,2600,0" yaku="1,1,19,1,53,0" doraHai="89" doraHaiUra="130" who="3" fromWho="1" sc="250,0,170,-26,366,0,204,36" /><INIT seed="3,0,0,0,2,97" ten="250,144,366,240" oya="3" hai0="108,76,128,95,132,126,39,77,0,31,96,116,4" hai1="2,90,11,44,54,67,64,9,66,48,1,93,42" hai2="79,28,65,123,117,13,7,73,35,84,45,68,56" hai3="50,34,127,26,15,57,61,88,37,20,43,122,125"/><W3/><G122/><T12/><D116/><U27/><E1/><V21/><F117/><W41/><G3/><T83/><D0/><U60/><E2/><V130/><F73/><W94/><G37/><T75/><D39/><U22/><E42/><V10/><F68/><W46/><G34/><T33/><D76/><U115/><E115/><V112/><F112/><W23/><G41/><T80/><D80/><U53/><E53/><V14/><F35/><W133/><G15/><T52/><D31/><U5/><E5/><V110/><F110/><W32/><G32/><T87/><D52/><U104/><E104/><V72/><F72/><W129/><G129/><T100/><D33/><U18/><REACH who="1" step="1"/><E60/><REACH who="1" ten="250,134,366,240" step="2"/><V113/><F7/><W59/><G61/><T92/><D4/><U99/><AGARI ba="0,1" hai="9,11,18,22,27,44,48,54,64,66,67,90,93,99" machi="99" ten="30,7900,0" yaku="1,1,2,1,0,1,8,1,53,0" doraHai="97" doraHaiUra="135" who="1" fromWho="1" sc="250,-20,134,89,366,-20,240,-39" owari="230,3.0,223,-17.7,346,44.6,201,-29.9" /></mjloggm>