<mjloggm ver="2.3"><GO type="225" lobby="0"/><UN n0="%E3%81%B5%E3%81%98%E3%81%8B%E3%81%A4" n1="%72%69%6F%75%63%68%61%6E" n2="%E6%97%A5%E6%9B%9C%E6%97%A5%E3%82%88%E3%82%8A%E3%81%AE%E4%BD%BF%E8%80%85" n3="%E3%81%BF%E3%81%BF%E3%81%9A" dan="17,16,17,17" rate="2229.67,2169.43,2127.88,2276.57" sx="M,M,M,M"/><TAIKYOKU oya="0"/><INIT seed="0,0,0,4,1,78" ten="250,250,250,250" oya="0" hai0="85,77,31,1,33,72,64,58,27,92,63,11,102" hai1="121,55,26,56,62,96,126,87,5,89,43,122,49" hai2="84,73,38,88,103,17,14,57,109,68,108,94,6" hai3="47,9,23,39,116,127,90,18,86,12,107,66,104"/><T100/><D72/><U101/><E126/><V95/><F68/><W59/><G116/><T15/><D1/><U135/><E135/><V131/><F38/><W35/><G35/><T134/><D134/><U54/><E5/><V60/><F73/><W13/><G127/><T42/><D42/><U119/><E119/><V8/><F131/><W2/><G2/><T65/><D65/><U97/><E43/><V29/><F29/><W41/><G59/><T124/><D124/><U125/><E125/><V74/><F74/><W114/><G66/><T45/><D45/><U30/><E101/><V111/><F6/><W133/><G114/><T10/><D10/><U112/><E112/><V118/><F118/><W105/><G133/><T25/><D25/><U37/><E37/><V53/><REACH who="2" step="1"/><F103/><REACH who="2" ten="250,250,240,250" step="2"/><W81/><REACH who="3" step="1"/><G105/><REACH who="3" ten="250,250,240,240" step="2"/><T61/><D102/><U67/><E122/><V69/><F69/><W52/><G52/><N who="0" m="33991" /><D100/><U4/><E121/><V0/><F0/><W32/><G32/><T128/><D128/><U34/><E54/><V75/><F75/><W76/><G76/><T120/><D77/><U98/><E67/><V83/><AGARI ba="0,2" hai="8,14,17,53,57,60,83,84,88,94,95,108,109,111" machi="83" ten="30,8000,1" yaku="1,1,0,1,14,1,52,1,54,1,53,0" doraHai="78" doraHaiUra="110" who="2" fromWho="2" sc="250,-40,250,-20,240,100,240,-20" /><INIT seed="1,0,0,5,5,52" ten="210,230,340,220" oya="1" hai0="72,51,17,57,101,59,117,38,113,84,50,56,21" hai1="20,118,69,64,81,16,6,41,128,86,11,92,104" hai2="62,114,40,45,18,8,39,66,53,42,14,105,63" hai3="100,71,15,54,134,35,9,12,7,106,89,133,111"/><U94/><E118/><V60/><F105/><W115/><G115/><T103/><D117/><U28/><E104/><V49/><F114/><W70/><G35/><T90/><D113/><U33/><E128/><V112/><F112/><W125/><G111/><T2/><D38/><U77/><E41/><N who="2" m="15979" /><F39/><W10/><G125/><T110/><D72/><U0/><E69/><V4/><F4/><W127/><G127/><T24/><D2/><U65/><E92/><V122/><F122/><W116/><G116/><T79/><D79/><U132/><E132/><N who="3" m="50794" /><G89/><T29/><D110/><U43/><E43/><V93/><F93/><W99/><G54/><T27/><D51/><U46/><E46/><V126/><F126/><W85/><G85/><T108/><D108/><U68/><E68/><N who="3" m="26154" /><G9/><T109/><D50/><U67/><E94/><V75/><F75/><W32/><G32/><T80/><REACH who="0" step="1"/><D109/><REACH who="0" ten="200,230,340,220" step="2"/><U91/><E77/><V82/><F82/><W73/><G73/><T19/><D19/><U36/><E36/><V30/><F30/><W13/><AGARI ba="0,1" hai="7,10,12,13,15,99,100,106" m="26154,50794" machi="13" ten="40,1500,0" yaku="20,1" doraHai="52" who="3" fromWho="3" sc="200,-4,230,-7,340,-4,220,25" /><INIT seed="2,0,0,2,4,14" ten="196,223,336,245" oya="2" hai0="79,47,60,50,43,18,121,37,5,46,94,123,27" hai1="7,38,1,104,134,102,71,25,105,130,9,32,11" hai2="117,89,133,33,51,83,20,101,95,76,90,28,110" hai3="99,56,120,93,86,127,100,41,30,36,73,52,13"/><V8/><F117/><W12/><G120/><T55/><D5/><U106/><E130/><V66/><F33/><W109/><G73/><T122/><D79/><U88/><E134/><V124/><F124/><W98/><G127/><T87/><D60/><U85/><E38/><V67/><F133/><W112/><G112/><T69/><D69/><U74/><E74/><V21/><F110/><W119/><G119/><T40/><D40/><U81/><E71/><V0/><F51/><W126/><G126/><T24/><D87/><U128/><E128/><V17/><F101/><W16/><G109/><T42/><D94/><U132/><E132/><V15/><F0/><W39/><G30/><T48/><REACH who="0" step="1"/><D18/><REACH who="0" ten="186,223,336,245" step="2"/><U58/><E7/><V108/><F95/><N who="3" m="58463" /><G41/><T70/><D70/><U96/><E1/><V49/><F76/><W2/><G86/><T75/><D75/><U125/><E125/><V113/><F108/><W107/><G107/><T54/><D54/><U118/><E106/><V4/><F4/><W97/><G2/><T65/><D65/><U19/><E105/><V68/><F67/><W135/><G135/><T61/><D61/><U44/><E104/><V63/><F66/><W6/><G99/><T23/><D23/><N who="1" m="13567" /><E32/><V80/><F68/><W82/><G97/><T59/><AGARI ba="0,1" hai="24,27,37,42,43,46,47,48,50,55,59,121,122,123" machi="59" ten="30,2000,0" yaku="1,1,0,1,53,0" doraHai="14" doraHaiUra="92" who="0" fromWho="0" sc="186,30,223,-5,336,-10,245,-5" /><INIT seed="3,0,0,4,4,7" ten="216,218,326,240" oya="3" hai0="50,60,39,72,48,135,133,64,42,62,116,105,85" hai1="34,78,36,108,127,9,81,17,95,68,99,83,89" hai2="109,22,21,113,71,112,75,66,5,23,20,77,97" hai3="91,44,54,134,35,111,45,65,107,61,38,56,24"/><W18/><G107/><T28/><D105/><U46/><E34/><V2/><F23/><W27/><G134/><N who="0" m="51211" /><D72/><U106/><E68/><V126/><F97/><W19/><G111/><T129/><D116/><U6/><E108/><V31/><F31/><W87/><G35/><T43/><D28/><U117/><E117/><V70/><F75/><W76/><G76/><T79/><D129/><U40/><E127/><V74/><F74/><W115/><G115/><T110/><D110/><U4/><E106/><V30/><F77/><W3/><G3/><T57/><D62/><U86/><REACH who="1" step="1"/><E83/><REACH who="1" ten="216,208,326,240" step="2"/><V12/><F71/><W103/><G65/><T33/><D33/><U82/><E82/><V53/><F66/><W25/><G38/><T125/><D125/><U104/><E104/><V120/><F126/><W131/><G131/><T11/><D39/><U94/><E94/><V118/><F109/><W1/><G103/><T123/><D123/><U130/><E130/><V119/><F120/><W84/><G87/><T37/><D37/><U49/><E49/><N who="0" m="19049" /><D85/><U122/><E122/><V10/><F119/><W0/><G84/><T16/><D79/><U114/><E114/><V13/><F118/><W128/><G128/><T41/><D41/><U121/><E121/><V59/><F70/><W98/><G91/><T58/><D58/><U102/><E102/><V80/><F80/><W93/><G93/><T8/><D8/><U67/><E67/><V69/><F69/><W14/><G56/><T52/><D64/><U47/><E47/><V90/><F113/><W92/><G45/><T73/><D73/><RYUUKYOKU ba="0,1" sc="216,15,208,15,326,-15,240,-15" hai0="11,16,42,43,52,57,60" hai1="4,6,9,17,36,40,46,78,81,86,89,95,99" owari="231,3.1,223,-27.7,321,42.1,225,-17.5" /></mjloggm>