<mjloggm ver="2.3"><GO type="225" lobby="0"/><UN n0="%E5%B8%86%E7%AB%8B%E5%A4%8F%E8%A1%A3" n1="%77%72%77%72%77%72%77%72" n2="%E5%B0%8F%E9%B3%A5%E9%81%8A%E7%B7%B4%E7%84%A1%32%31%E6%AD%B3" n3="%E3%82%BC%E3%83%AB%E3%83%80%E3%81%AE%E4%BC%9D%E8%AA%AC" dan="16,16,16,17" rate="2105.35,2259.14,2145.04,2143.91" sx="M,M,F,M"/><TAIKYOKU oya="0"/><INIT seed="0,0,0,4,2,0" ten="250,250,250,250" oya="0" hai0="38,50,124,133,119,5,122,76,34,57,65,130,14" hai1="31,46,6,35,103,115,44,74,64,97,95,93,113" hai2="22,91,104,48,24,108,111,28,21,94,17,16,109" hai3="45,29,96,19,80,54,15,39,131,61,114,47,83"/><T132/><D34/><U73/><E6/><V59/><F104/><W79/><G114/><N who="1" m="43530" /><E64/><V68/><F68/><W71/><G131/><T23/><D38/><U128/><E128/><V107/><F107/><W30/><G39/><T127/><D130/><U67/><E67/><V92/><F28/><N who="3" m="10859" /><G71/><T55/><D119/><U63/><E63/><V8/><F8/><W27/><G27/><T81/><D65/><U84/><E31/><V98/><F94/><W99/><G47/><N who="1" m="17962" /><E35/><V58/><REACH who="2" step="1"/><F48/><REACH who="2" ten="250,250,240,250" step="2"/><W2/><G80/><T106/><D106/><U7/><E7/><V117/><F117/><W9/><G83/><T78/><D5/><U120/><E120/><V135/><F135/><N who="0" m="51786" /><D122/><U32/><E32/><V102/><F102/><W11/><G11/><T52/><D81/><U60/><E60/><V4/><F4/><W25/><G61/><T126/><D55/><U18/><E18/><AGARI ba="0,1" hai="14,18,23,50,52,57,76,78,124,126,127" m="51786" machi="18" ten="40,7700,0" yaku="18,1,20,1,54,1" doraHai="0" who="0" fromWho="1" sc="250,87,250,-77,240,0,250,0" /><INIT seed="0,1,0,1,3,49" ten="337,173,240,250" oya="0" hai0="27,55,43,119,41,78,39,21,73,128,19,81,11" hai1="29,60,116,35,132,56,90,65,46,104,5,7,24" hai2="95,34,124,68,121,96,87,40,10,126,44,113,85" hai3="14,61,4,30,54,97,105,75,89,114,93,51,117"/><T17/><D119/><U83/><E116/><V58/><F68/><W37/><G117/><T48/><D39/><U50/><E132/><V84/><F34/><W98/><G114/><T26/><D128/><U18/><E104/><V77/><F10/><W6/><G37/><T33/><D11/><U0/><E0/><V80/><F121/><W13/><G75/><T42/><D33/><U70/><E70/><V109/><F113/><W129/><G129/><T130/><D130/><U22/><E83/><V107/><F58/><W123/><G123/><T79/><D79/><U88/><E5/><N who="3" m="2154" /><G105/><T86/><D73/><U62/><E62/><V103/><F44/><N who="3" m="28007" /><G30/><N who="0" m="17743" /><D27/><U135/><E7/><V63/><F63/><W100/><G61/><T120/><D120/><U64/><E64/><V8/><F40/><N who="0" m="10242" /><T74/><DORA hai="122" /><D74/><U28/><E135/><V115/><F115/><W52/><G100/><T53/><D53/><N who="1" m="29911" /><E35/><V57/><F8/><W25/><G25/><T31/><D31/><AGARI ba="1,0" hai="18,22,24,28,29,31,56,60,65,88,90" m="29911" machi="31" ten="30,3900,0" yaku="8,1,52,1,54,1" doraHai="49,122" who="1" fromWho="0" sc="337,-42,173,42,240,0,250,0" /><INIT seed="1,0,0,4,3,93" ten="295,215,240,250" oya="1" hai0="20,27,29,21,133,6,2,39,25,117,128,112,89" hai1="16,122,84,14,69,73,57,132,9,120,107,106,124" hai2="114,119,103,80,134,68,0,115,37,102,52,19,76" hai3="58,70,92,33,38,26,111,62,100,65,50,86,41"/><U85/><E73/><V131/><F37/><W90/><G111/><T99/><D117/><U97/><E69/><V54/><F68/><W66/><G100/><N who="2" m="38441" /><F0/><W88/><G90/><T15/><D39/><U4/><E132/><V123/><F123/><W105/><G105/><T63/><D133/><U24/><E124/><V72/><F119/><W44/><G66/><T47/><D128/><U40/><E40/><V130/><F19/><W83/><G83/><T81/><D112/><N who="2" m="43050" /><F134/><W30/><REACH who="3" step="1"/><G38/><REACH who="3" ten="295,215,240,240" step="2"/><T113/><D113/><U101/><E107/><V36/><F36/><W1/><G1/><T8/><D2/><U42/><E122/><V61/><F54/><W11/><G11/><T77/><D8/><U108/><E120/><V35/><F35/><W127/><G127/><T31/><D21/><U22/><E108/><V95/><F95/><W74/><G74/><T71/><D20/><U23/><E23/><V45/><F131/><W110/><G110/><T3/><D3/><U55/><REACH who="1" step="1"/><E42/><REACH who="1" ten="295,205,240,240" step="2"/><V48/><F130/><W7/><G7/><T12/><D6/><U34/><E34/><V43/><F43/><W67/><G67/><T135/><D135/><U94/><E94/><V121/><F121/><W125/><G125/><T87/><D71/><AGARI ba="0,2" hai="26,30,33,41,44,50,58,62,65,70,71,86,88,92" machi="71" ten="40,5200,0" yaku="1,1,54,1,53,1" doraHai="93" doraHaiUra="46" who="3" fromWho="0" sc="295,-52,205,0,240,0,240,72" /><INIT seed="2,0,0,5,3,113" ten="243,205,240,312" oya="2" hai0="60,41,30,101,119,135,100,91,109,105,45,31,7" hai1="71,14,79,35,85,123,0,69,32,120,46,68,11" hai2="28,125,33,8,29,122,23,133,93,9,121,94,96" hai3="126,16,118,17,104,75,19,73,57,12,52,43,90"/><V130/><F33/><W129/><G118/><T3/><D3/><U20/><E0/><V2/><F130/><W64/><G104/><T34/><D7/><U58/><E20/><V37/><F37/><W13/><G129/><T51/><D109/><U38/><E58/><V103/><F133/><W4/><G126/><T72/><D72/><U56/><E56/><V132/><F132/><W44/><G64/><T98/><D135/><U124/><E124/><V74/><F74/><W18/><G4/><T99/><D34/><U15/><E15/><V108/><F125/><W63/><G90/><T114/><D114/><U107/><E107/><V131/><F131/><W25/><G12/><T92/><D119/><U83/><E46/><V26/><F2/><W78/><G78/><T80/><D60/><U54/><E54/><V42/><F42/><W47/><G47/><T59/><D59/><U65/><E65/><V84/><F108/><W81/><G81/><T66/><D66/><U128/><E38/><V40/><F40/><W53/><G53/><T82/><D82/><U55/><E55/><V77/><F29/><W22/><REACH who="3" step="1"/><G25/><REACH who="3" ten="243,205,240,302" step="2"/><T48/><D80/><U89/><E128/><V87/><F77/><W111/><G111/><T6/><D6/><N who="1" m="3447" /><E79/><V97/><F122/><AGARI ba="0,1" hai="32,35,68,69,71,83,85,89,120,122,123" m="3447" machi="122" ten="40,1300,0" yaku="13,1" doraHai="113" who="1" fromWho="2" sc="243,0,205,23,240,-13,302,0" /><INIT seed="3,0,0,0,3,69" ten="243,228,227,302" oya="3" hai0="15,55,9,79,48,53,27,30,64,73,72,128,133" hai1="95,126,16,61,8,62,93,132,101,130,25,37,82" hai2="11,86,63,17,49,119,43,71,131,77,85,124,42" hai3="70,4,108,44,38,75,60,102,31,89,121,59,116"/><W23/><G116/><T112/><D64/><U32/><E37/><V92/><F119/><W78/><G102/><T7/><D79/><U54/><E130/><V10/><F124/><W34/><G89/><T109/><D128/><U125/><E132/><V1/><F1/><W41/><G23/><T80/><D80/><U18/><E82/><N who="2" m="47311" /><F71/><W14/><G121/><T134/><D55/><U123/><E123/><V105/><F105/><W122/><G122/><T56/><D109/><U35/><E101/><V2/><F2/><W65/><G108/><T40/><D40/><N who="2" m="15402" /><F49/><W104/><G104/><T113/><D73/><U19/><E8/><N who="2" m="3115" /><F17/><W83/><G70/><T26/><D72/><U114/><E114/><N who="0" m="44137" /><D30/><U103/><E103/><V94/><F131/><W115/><G115/><T28/><D28/><U88/><E25/><AGARI ba="0,0" hai="7,9,15,25,26,27,48,53,56,133,134" m="44137" machi="25" ten="30,1000,0" yaku="11,1" doraHai="69" who="0" fromWho="1" sc="243,10,228,-10,227,0,302,0" owari="253,5.3,218,-28.2,227,-17.3,302,40.2" /></mjloggm>