<mjloggm ver="2.3"><GO type="225" lobby="0"/><UN n0="%73%6C%69%63%6B%33%31%39" n1="%E3%81%A1%E3%82%85%E3%81%86%E3%81%A9%E3%81%8F%E8%B1%A1%E3%81%95%E3%82%93" n2="%E7%89%B9%E6%9D%B1%E3%81%AF%E4%B8%96%E7%95%8C%E3%82%92%E6%95%91%E3%81%86" n3="%72%61%6B%33" dan="16,16,16,16" rate="2179.85,2164.60,2157.53,2194.36" sx="M,M,M,M"/><TAIKYOKU oya="0"/><INIT seed="0,0,0,2,1,3" ten="250,250,250,250" oya="0" hai0="16,106,115,40,60,47,79,27,101,114,45,15,62" hai1="19,36,71,31,42,58,49,83,133,53,8,22,112" hai2="110,94,48,100,96,5,93,32,119,30,134,102,88" hai3="97,65,11,9,80,124,108,92,43,129,44,56,57"/><T17/><D79/><U38/><E71/><V12/><F110/><W68/><G108/><T87/><D87/><U132/><E112/><V123/><F123/><W118/><G118/><T24/><D101/><U81/><E31/><V131/><F119/><W34/><G34/><T82/><D82/><N who="1" m="31243" /><E8/><N who="2" m="4111" /><F32/><W61/><G124/><T90/><D90/><U28/><E28/><V64/><F131/><W7/><G129/><T0/><D0/><U52/><E53/><V113/><F113/><W55/><G80/><T125/><D106/><U54/><E54/><V23/><F134/><N who="1" m="51817" /><E42/><V70/><F70/><W98/><G11/><T39/><D125/><U84/><E84/><N who="2" m="52359" /><F64/><W89/><G98/><T77/><D77/><U74/><E74/><V120/><F120/><W126/><G126/><T63/><D45/><U10/><E10/><V85/><F85/><W37/><REACH who="3" step="1"/><G55/><REACH who="3" ten="250,250,250,240" step="2"/><T121/><D121/><U59/><E59/><V122/><F122/><W111/><G111/><T51/><D115/><U117/><E117/><V73/><F96/><W1/><AGARI ba="0,1" hai="1,7,9,37,43,44,56,57,61,65,68,89,92,97" machi="1" ten="20,8000,1" yaku="1,1,0,1,7,1,52,1,53,1" doraHai="3" doraHaiUra="67" who="3" fromWho="3" sc="250,-40,250,-20,250,-20,240,90" /><INIT seed="1,0,0,0,4,81" ten="210,230,230,330" oya="1" hai0="74,86,22,111,85,76,8,130,17,56,94,54,21" hai1="134,11,101,126,33,9,53,4,119,99,117,97,34" hai2="27,51,93,113,35,1,28,70,32,98,125,108,107" hai3="82,26,42,77,0,109,64,88,19,90,75,129,41"/><U106/><E134/><V7/><F108/><W124/><G0/><T63/><D111/><U15/><E126/><V72/><F125/><W68/><G124/><T69/><D130/><U79/><E79/><V25/><F113/><W131/><G109/><T95/><D69/><U58/><E99/><V87/><F72/><W30/><G19/><T20/><D74/><U89/><E89/><N who="3" m="34410" /><G64/><T96/><D76/><U102/><E102/><V46/><F70/><W60/><G60/><T62/><D62/><U127/><E127/><V24/><F107/><W100/><G100/><N who="0" m="60439" /><D95/><U80/><E80/><V57/><F87/><N who="0" m="33290" /><D8/><U116/><REACH who="1" step="1"/><E9/><REACH who="1" ten="210,220,230,330" step="2"/><V71/><F98/><W23/><G68/><T78/><D78/><U14/><E14/><AGARI ba="0,1" hai="14,17,20,21,22,54,56,63" m="33290,60439" machi="14" ten="30,7700,0" yaku="8,1,52,3" doraHai="81" who="0" fromWho="1" sc="210,87,220,-77,230,0,330,0" /><INIT seed="2,0,0,0,4,91" ten="297,143,230,330" oya="2" hai0="113,75,102,6,44,78,126,72,30,55,90,118,22" hai1="1,16,24,69,97,66,108,88,115,100,0,83,51" hai2="107,60,106,70,133,62,117,89,124,48,38,68,67" hai3="31,86,125,23,105,42,112,50,11,110,109,33,119"/><V111/><F117/><W61/><G119/><T127/><D118/><U129/><E115/><V21/><F38/><W114/><G105/><T71/><D113/><N who="3" m="43625" /><G125/><N who="0" m="47627" /><D71/><U95/><E108/><V93/><F124/><W74/><G74/><T8/><D102/><U77/><E129/><V92/><F111/><W40/><G33/><T47/><D90/><U64/><E51/><V65/><F133/><W3/><G61/><T54/><D22/><U101/><E0/><V57/><F21/><W14/><G86/><T87/><D87/><N who="1" m="48623" /><E1/><V46/><F57/><W134/><G134/><T28/><D8/><U99/><E69/><V79/><F79/><W49/><G3/><T10/><D10/><U45/><E45/><N who="0" m="17481" /><D6/><U12/><E24/><V2/><F2/><W18/><G110/><T26/><D78/><U7/><E7/><V121/><F121/><W35/><G11/><T81/><D81/><U52/><E52/><N who="0" m="20009" /><D26/><U43/><E43/><N who="3" m="16426" /><G109/><T58/><D58/><U4/><E4/><V103/><F48/><W39/><G39/><T34/><D34/><U19/><E99/><V122/><F122/><W5/><G5/><T120/><D120/><U76/><E76/><V96/><F46/><W13/><G13/><T32/><D32/><U116/><E116/><V25/><F25/><AGARI ba="0,0" hai="14,18,23,25,31,35,49,50" m="16426,43625" machi="25" ten="30,1000,0" yaku="11,1" doraHai="91" who="3" fromWho="2" sc="297,0,143,0,230,-10,330,10" /><INIT seed="3,0,0,2,4,95" ten="297,143,220,340" oya="3" hai0="51,117,133,97,118,9,125,42,26,17,59,1,31" hai1="110,54,24,132,134,89,62,126,41,37,43,23,112" hai2="35,80,15,90,83,25,105,38,10,79,68,2,52" hai3="93,88,94,115,78,50,127,106,77,47,30,81,40"/><W58/><G106/><T128/><D128/><U56/><E112/><V99/><F38/><W6/><G115/><T71/><D71/><U87/><E110/><V76/><F68/><W53/><G127/><T111/><D133/><U32/><E32/><V20/><F2/><W28/><G6/><T74/><D111/><U101/><E101/><V21/><F35/><W108/><G94/><T48/><D125/><U5/><E126/><V0/><F0/><W33/><G108/><T61/><D74/><U119/><E5/><V100/><F90/><W84/><G33/><T44/><D51/><U16/><E119/><V104/><F104/><W63/><G78/><T4/><D17/><U60/><E60/><V29/><F21/><W27/><G27/><T39/><D39/><U18/><E37/><V69/><F69/><W131/><G131/><T123/><D123/><U103/><E103/><V109/><F109/><W45/><G45/><T75/><D75/><AGARI ba="0,0" hai="28,30,40,47,50,53,58,63,75,77,81,84,88,93" machi="75" ten="30,2900,0" yaku="7,1,54,1" doraHai="95" who="3" fromWho="0" sc="297,-29,143,0,220,0,340,29" owari="268,6.8,143,-35.7,220,-18.0,369,46.9" /></mjloggm>