<mjloggm ver="2.3"><GO type="225" lobby="0"/><UN n0="%E8%81%B7%E6%A5%AD%E3%80%81%E9%A2%A8%32" n1="%E6%A1%9C%E8%8A%B1%E9%96%83%E3%80%85" n2="%67%61%79%75%6E%79" n3="%E9%89%A2%E5%B7%BB%E3%82%AC%E3%83%96" dan="16,18,16,16" rate="2115.46,2204.51,2134.70,2132.58" sx="M,M,M,M"/><TAIKYOKU oya="0"/><INIT seed="0,0,0,5,3,22" ten="250,250,250,250" oya="0" hai0="118,105,90,46,69,44,58,93,104,108,111,61,96" hai1="35,56,74,18,24,12,135,92,8,9,30,70,25" hai2="87,20,45,14,127,49,84,131,126,16,17,53,3" hai3="52,99,13,89,129,115,72,37,55,28,116,2,68"/><T123/><D118/><U71/><E135/><V80/><F3/><W107/><G2/><T119/><D119/><U21/><E74/><V132/><F132/><W128/><G37/><T110/><D69/><U86/><E56/><V112/><F112/><W0/><G0/><T31/><D31/><U23/><E23/><V50/><F131/><W95/><G72/><T4/><D4/><U100/><E8/><V10/><F50/><W85/><G115/><T134/><D123/><U114/><E114/><V120/><F120/><W66/><G13/><T91/><D91/><U125/><E125/><V67/><F67/><W54/><G116/><T101/><D134/><U1/><E1/><V102/><F102/><W26/><G107/><N who="0" m="41035" /><D101/><U19/><REACH who="1" step="1"/><E86/><REACH who="1" ten="250,240,250,250" step="2"/><V11/><F11/><W6/><G85/><T7/><D7/><U34/><E34/><V40/><F87/><W103/><G6/><T33/><D33/><U97/><AGARI ba="0,1" hai="9,12,18,19,21,24,25,30,35,70,71,92,97,100" machi="97" ten="30,8000,1" yaku="1,1,0,1,52,2,53,1" doraHai="22" doraHaiUra="29" who="1" fromWho="1" sc="250,-40,240,90,250,-20,250,-20" /><INIT seed="1,0,0,4,2,112" ten="210,330,230,230" oya="1" hai0="113,51,72,79,15,0,63,115,21,122,119,129,85" hai1="11,67,26,52,30,31,84,78,114,88,131,128,27" hai2="32,80,123,135,62,130,12,37,124,89,29,35,8" hai3="90,99,108,120,41,4,17,95,53,40,46,75,38"/><U134/><E114/><V127/><F123/><W18/><G120/><T61/><D0/><U111/><E67/><V33/><F37/><W98/><G75/><T70/><D72/><U101/><E78/><V100/><F100/><W22/><G108/><T34/><D34/><U117/><E134/><V36/><F36/><W28/><G41/><T125/><D70/><U121/><E121/><V48/><F135/><W66/><G66/><T81/><D119/><U9/><E101/><V109/><F109/><W57/><G4/><T3/><D3/><U74/><E117/><V92/><F80/><W126/><G126/><N who="2" m="48169" /><F48/><W93/><G28/><N who="1" m="10794" /><E74/><V105/><F105/><W6/><G6/><T82/><D125/><U2/><E111/><V77/><F77/><W97/><G22/><T86/><D122/><U1/><E52/><V54/><F130/><N who="1" m="49705" /><E2/><V14/><F29/><W68/><G68/><T5/><D129/><U69/><E69/><V64/><F54/><W16/><REACH who="3" step="1"/><G90/><REACH who="3" ten="210,330,230,220" step="2"/><N who="0" m="51503" /><D115/><U73/><E73/><V58/><F8/><N who="1" m="3145" /><E1/><V25/><F35/><W50/><AGARI ba="0,1" hai="16,17,18,38,40,46,50,53,57,93,95,97,98,99" machi="50" ten="30,4000,0" yaku="1,1,0,1,54,1,53,0" doraHai="112" doraHaiUra="87" who="3" fromWho="3" sc="210,-10,330,-20,230,-10,220,50" /><INIT seed="2,0,0,4,3,16" ten="200,310,220,270" oya="2" hai0="59,125,105,71,2,100,30,36,57,127,72,63,84" hai1="55,15,37,31,25,39,68,42,95,45,110,13,35" hai2="26,98,133,70,91,20,118,134,67,82,104,111,17" hai3="8,97,3,18,54,76,130,88,66,19,43,53,116"/><V123/><F123/><W81/><G116/><T4/><D72/><U22/><E110/><V121/><F121/><W51/><G130/><T33/><D36/><U109/><E109/><V69/><F111/><W32/><G32/><T78/><D71/><U64/><E39/><V27/><F118/><W92/><G66/><T52/><D4/><U90/><E55/><V120/><F120/><W46/><G3/><T129/><D2/><U75/><E75/><V131/><F131/><W0/><G0/><T124/><D129/><U114/><E114/><V94/><F104/><W79/><G79/><T73/><D73/><U24/><E64/><V126/><F126/><W103/><G103/><T106/><D100/><U122/><E68/><V96/><F98/><W21/><G8/><T11/><D11/><U44/><E44/><V61/><F70/><W65/><G65/><N who="0" m="39151" /><D30/><U7/><E7/><V99/><F99/><W101/><G18/><T77/><D33/><U115/><E115/><V80/><REACH who="2" step="1"/><F26/><REACH who="2" ten="200,310,210,270" step="2"/><N who="3" m="14655" /><G101/><T9/><D9/><U56/><E122/><V34/><F34/><W1/><G1/><T89/><D105/><U86/><E25/><V128/><F128/><W28/><G28/><T113/><D106/><U48/><E35/><V40/><F40/><W47/><G47/><T112/><D113/><U102/><E102/><V93/><F93/><W38/><G38/><T135/><D112/><U117/><E117/><V108/><F108/><W85/><AGARI ba="0,1" hai="43,46,51,53,54,76,81,85,88,92,97" m="14655" machi="85" ten="30,4000,0" yaku="8,1,52,1,54,1" doraHai="16" who="3" fromWho="3" sc="200,-10,310,-10,210,-20,270,50" /><INIT seed="3,0,0,5,4,26" ten="190,300,190,320" oya="3" hai0="110,11,71,107,37,8,45,4,23,89,29,43,93" hai1="135,96,131,83,12,5,102,120,76,16,122,133,7" hai2="42,35,80,130,98,78,72,27,32,101,109,15,129" hai3="99,24,40,31,106,114,94,46,19,75,39,132,88"/><W69/><G114/><T28/><D110/><U51/><E131/><N who="2" m="50187" /><F109/><W57/><G69/><T48/><D107/><N who="1" m="63943" /><E51/><V50/><F15/><W55/><G75/><T62/><D37/><U25/><E25/><V127/><F127/><W60/><G132/><N who="1" m="50762" /><E5/><V17/><F17/><W74/><G74/><T34/><D34/><N who="2" m="12842" /><F27/><W121/><G121/><T64/><D23/><N who="1" m="11655" /><E7/><V33/><N who="2" m="12850" /><V112/><DORA hai="100" /><F112/><W44/><G24/><T66/><D66/><U123/><E123/><V2/><F2/><W58/><G19/><T6/><D6/><U117/><E117/><V125/><F125/><W22/><G22/><T68/><D68/><U81/><E81/><V70/><F70/><W38/><G38/><T41/><D4/><U49/><E49/><V18/><F18/><W103/><G39/><T128/><D128/><U87/><AGARI ba="0,0" hai="76,83,87,120,122" m="11655,50762,63943" machi="87" ten="30,4000,0" yaku="20,1,52,1,54,1" doraHai="26,100" who="1" fromWho="1" sc="190,-10,300,40,190,-10,320,-20" owari="180,-22.0,340,44.0,180,-32.0,300,10.0" /></mjloggm>