<mjloggm ver="2.3"><GO type="225" lobby="0"/><UN n0="%E3%81%AF%E3%82%88%E3%81%8A%E3%81%98%E3%81%95%E3%82%93" n1="%E3%81%82%E3%81%84%E3%81%82%E3%81%8A%E3%81%84" n2="%E3%81%9F%E3%81%93%E2%98%86%E7%84%BC%E3%81%8D" n3="%E3%81%95%E3%81%8D%E3%81%9F%E3%81%BE%E6%9E%97%E6%AA%8E" dan="16,18,16,16" rate="2152.61,2220.86,2043.82,2158.96" sx="M,M,M,M"/><TAIKYOKU oya="0"/><INIT seed="0,0,0,1,5,117" ten="250,250,250,250" oya="0" hai0="78,130,15,5,126,75,7,37,114,24,120,66,52" hai1="9,21,33,128,43,32,86,83,55,102,80,113,73" hai2="8,89,39,67,31,47,129,100,35,19,11,115,87" hai3="3,77,20,101,41,97,112,30,105,50,123,90,116"/><T69/><D114/><U127/><E113/><V98/><F115/><W17/><G112/><RYUUKYOKU type="kaze4" ba="0,0" sc="250,0,250,0,250,0,250,0" /><INIT seed="0,1,0,0,1,59" ten="250,250,250,250" oya="0" hai0="55,120,79,80,106,124,31,75,102,5,26,100,94" hai1="84,113,38,111,12,134,65,117,19,41,135,86,21" hai2="93,27,46,116,49,1,101,88,96,14,45,83,8" hai3="22,114,6,74,29,76,63,20,11,104,130,99,62"/><T70/><D120/><U131/><E38/><V61/><F1/><W125/><G114/><T103/><D124/><U85/><E41/><V71/><F27/><W77/><G74/><T32/><D5/><U16/><E117/><V13/><F13/><N who="3" m="5367" /><G104/><T98/><D55/><U128/><E113/><V54/><F45/><W42/><G42/><T121/><D121/><U123/><E123/><V73/><F116/><W44/><G44/><T109/><D109/><U64/><E111/><V67/><F73/><W10/><G125/><T81/><D81/><U7/><E7/><V9/><F14/><W91/><G10/><T4/><D4/><U66/><REACH who="1" step="1"/><E19/><REACH who="1" ten="250,240,250,250" step="2"/><V18/><F18/><W126/><G126/><T87/><REACH who="0" step="1"/><D70/><REACH who="0" ten="240,240,250,250" step="2"/><U72/><E72/><V0/><F0/><W90/><G130/><AGARI ba="1,2" hai="12,16,21,64,65,66,84,85,86,128,130,131,134,135" machi="130" ten="50,6400,0" yaku="1,1,19,1,54,1,53,0" doraHai="59" doraHaiUra="37" who="1" fromWho="3" sc="240,0,240,87,250,0,250,-67" /><INIT seed="1,0,0,4,0,102" ten="240,327,250,183" oya="1" hai0="10,56,120,51,9,116,47,22,29,127,49,30,91" hai1="85,108,54,130,87,73,111,61,25,76,18,45,106" hai2="55,96,42,46,19,95,93,69,122,1,15,0,34" hai3="6,23,124,62,112,105,21,71,13,57,41,50,119"/><U80/><E130/><V74/><F34/><W43/><G112/><T67/><D116/><U64/><E106/><V118/><F74/><W11/><G124/><T83/><D127/><U16/><E54/><V88/><F69/><W99/><G71/><T63/><D51/><U60/><E45/><V4/><F122/><W24/><G119/><T53/><D120/><U113/><E113/><V17/><F17/><N who="1" m="6761" /><E25/><V5/><F0/><W121/><G121/><T32/><D32/><U81/><E64/><V40/><F1/><W48/><G105/><T90/><D22/><N who="3" m="8201" /><G99/><T128/><D128/><U89/><E73/><V44/><F55/><N who="3" m="34111" /><G24/><T133/><D133/><U114/><E114/><V28/><F28/><N who="0" m="10858" /><D83/><U26/><E26/><V125/><F125/><W27/><G27/><T77/><D77/><U59/><E59/><V20/><F118/><W82/><G82/><T12/><D9/><U70/><E70/><V65/><F65/><W131/><G131/><T58/><D56/><U2/><E2/><V101/><F4/><AGARI ba="0,0" hai="4,10,12,47,49,53,58,63,67,90,91" m="10858" machi="4" ten="30,1000,0" yaku="8,1" doraHai="102" who="0" fromWho="2" sc="240,10,327,0,250,-10,183,0" /><INIT seed="2,0,0,0,3,109" ten="250,327,240,183" oya="2" hai0="127,86,119,97,31,80,93,29,82,1,33,76,123" hai1="101,95,40,10,13,113,78,27,69,36,53,128,42" hai2="57,9,129,132,23,117,70,64,24,49,47,94,126" hai3="135,71,106,87,90,3,122,7,83,22,107,65,48"/><V67/><F70/><W63/><G122/><T84/><D123/><U99/><E69/><V43/><F117/><W91/><G135/><T68/><D1/><U34/><E113/><V26/><F132/><W92/><G3/><T120/><D120/><U75/><E128/><V85/><F129/><W5/><G107/><T6/><D68/><U61/><E36/><V73/><F73/><W133/><G106/><T56/><D33/><U100/><E101/><V134/><F126/><W116/><G116/><T20/><D119/><U55/><E75/><V52/><F9/><W35/><G35/><T118/><D118/><U112/><E78/><V16/><F24/><W28/><G133/><T54/><D6/><U104/><E104/><V79/><F134/><W98/><G48/><N who="0" m="30791" /><D20/><U12/><E12/><V11/><F11/><W89/><G89/><N who="0" m="51335" /><D127/><U41/><E112/><V114/><F114/><W38/><G38/><T14/><D14/><U103/><E103/><AGARI ba="0,0" hai="29,31,76,82,86,93,97,103" m="51335,30791" machi="103" ten="30,1000,0" yaku="8,1" doraHai="109" who="0" fromWho="1" sc="250,10,327,-10,240,0,183,0" /><INIT seed="3,0,0,1,5,60" ten="260,317,240,183" oya="3" hai0="102,6,48,23,16,31,117,12,25,17,133,121,107" hai1="50,110,14,96,99,106,70,94,84,7,5,86,57" hai2="27,8,122,103,2,95,126,51,24,61,32,38,108" hai3="92,13,129,69,89,21,43,67,26,74,134,11,88"/><W58/><G74/><T109/><D121/><U64/><E110/><V47/><F108/><W40/><G69/><T0/><D109/><U30/><E70/><V119/><F38/><W76/><G76/><T123/><D123/><U90/><E30/><V114/><F126/><W105/><G105/><T10/><D117/><U132/><E132/><V85/><F114/><W35/><G35/><T97/><D133/><U87/><E106/><V59/><F119/><W19/><G134/><T9/><REACH who="0" step="1"/><D48/><REACH who="0" ten="250,317,240,183" step="2"/><U128/><E50/><V130/><F51/><W112/><G112/><T78/><D78/><U75/><E128/><V131/><F122/><W65/><G129/><T44/><D44/><U116/><E116/><V135/><F47/><W41/><G58/><T118/><D118/><U49/><E49/><V82/><F59/><W55/><G55/><T37/><D37/><U127/><E57/><V45/><F45/><W29/><REACH who="3" step="1"/><G89/><REACH who="3" ten="250,317,240,173" step="2"/><T56/><D56/><U80/><E90/><V46/><F135/><W39/><G39/><T22/><D22/><U71/><E71/><V115/><F115/><W81/><G81/><T72/><D72/><U4/><E80/><V101/><F82/><W93/><G93/><T28/><AGARI ba="0,2" hai="0,6,9,10,12,16,17,23,25,28,31,97,102,107" machi="28" ten="30,4000,0" yaku="1,1,0,1,54,1,53,0" doraHai="60" doraHaiUra="73" who="0" fromWho="0" sc="250,60,317,-10,240,-10,173,-20" owari="310,41.0,307,10.7,230,-17.0,153,-34.7" /></mjloggm>