<mjloggm ver="2.3"><GO type="225" lobby="0"/><UN n0="%E3%81%9F%E3%81%A3%E3%81%A1%E3%82%87" n1="%E2%91%A3%E9%81%BF%E9%81%8A%E6%88%AF%E3%80%90%E6%9D%B1%E5%8D%97%E3%80%91" n2="%E7%BD%AA%E5%88%91%E6%B3%95%E5%AE%9A%E4%B8%BB%E7%BE%A9" n3="%6E%69%63%6F%6E%74%6F" dan="16,16,16,17" rate="2079.23,2116.36,2176.65,2123.66" sx="M,M,M,M"/><TAIKYOKU oya="0"/><INIT seed="0,0,0,5,0,98" ten="250,250,250,250" oya="0" hai0="127,25,77,107,71,11,66,84,74,19,49,26,111" hai1="27,60,89,69,40,95,131,100,88,86,62,97,5" hai2="18,56,45,119,81,6,63,80,35,126,102,82,59" hai3="14,85,46,134,118,87,58,101,0,53,75,47,17"/><T91/><D74/><U22/><E131/><V36/><F35/><W122/><G118/><T133/><D77/><U10/><E69/><V108/><F108/><W110/><G110/><T41/><D111/><U114/><E40/><V37/><F119/><W23/><G122/><T21/><D107/><U121/><E114/><V103/><F6/><W50/><G134/><T51/><D133/><U43/><E43/><V106/><F106/><W78/><G0/><T132/><D132/><U112/><E112/><V28/><F28/><W72/><G72/><T129/><D129/><U16/><E121/><V90/><F90/><N who="1" m="34921" /><E86/><N who="3" m="32778" /><G78/><T29/><D41/><U130/><E130/><V76/><F76/><W34/><G34/><T135/><D127/><U99/><E99/><V54/><F126/><W93/><G75/><T4/><D66/><U30/><E5/><V7/><F7/><W38/><G38/><T115/><D71/><U57/><E57/><V15/><F59/><W79/><G79/><T61/><D135/><U39/><E39/><V12/><F45/><N who="3" m="16907" /><G93/><N who="0" m="54503" /><D115/><U8/><E30/><V94/><F94/><W105/><G105/><T44/><D44/><U123/><E123/><V52/><F37/><W68/><G68/><T3/><D29/><U92/><E92/><V2/><F2/><W125/><G125/><T70/><D70/><U65/><E65/><N who="2" m="39143" /><F36/><W48/><G48/><T116/><D116/><U96/><E96/><V117/><F117/><W83/><G83/><T42/><D49/><U109/><E109/><V64/><F64/><W124/><G124/><T24/><D42/><U55/><E55/><RYUUKYOKU ba="0,0" sc="250,-15,250,15,250,-15,250,15" hai1="8,10,16,22,27,60,62,95,97,100" hai3="14,17,23,50,53,58,101" /><INIT seed="1,1,0,3,3,43" ten="235,265,235,265" oya="1" hai0="59,64,29,120,26,119,35,72,97,48,100,132,128" hai1="24,33,130,47,2,51,124,37,82,16,12,23,34" hai2="18,3,8,105,71,75,11,78,50,115,6,133,42" hai3="10,14,123,49,52,70,69,66,40,101,98,28,107"/><U21/><E37/><V95/><F105/><W32/><G123/><T76/><D119/><U84/><E2/><V5/><F71/><W27/><G40/><T85/><D120/><U109/><E130/><V113/><F133/><W68/><G66/><T22/><D72/><U127/><E109/><V39/><F18/><W79/><G79/><T94/><D132/><U129/><E129/><V112/><F50/><W46/><REACH who="3" step="1"/><G69/><REACH who="3" ten="235,265,235,255" step="2"/><T90/><D128/><U4/><E127/><V116/><F116/><W44/><G44/><T25/><D76/><U19/><E124/><V38/><F42/><W126/><G126/><T62/><D48/><U65/><E65/><V77/><F77/><W36/><G36/><T55/><D55/><U15/><E51/><V61/><F61/><W31/><G31/><T74/><D74/><U53/><E53/><V92/><F78/><W89/><G89/><T99/><REACH who="0" step="1"/><D100/><REACH who="0" ten="225,265,235,255" step="2"/><U134/><E134/><V110/><F75/><W106/><G106/><T67/><D67/><U111/><E111/><V9/><F110/><W96/><G96/><T103/><D103/><U80/><E34/><V58/><F39/><W87/><G87/><T45/><D45/><U30/><E47/><V135/><F38/><W131/><G131/><T17/><AGARI ba="1,2" hai="17,22,25,26,29,35,59,62,64,85,90,94,97,99" machi="17" ten="20,2700,0" yaku="1,1,0,1,7,1,53,0" doraHai="43" doraHaiUra="118" who="0" fromWho="0" sc="225,50,265,-14,235,-8,255,-8" /><INIT seed="2,0,0,0,0,27" ten="275,251,227,247" oya="2" hai0="94,30,77,102,19,124,130,87,92,17,60,49,78" hai1="82,28,71,55,59,2,81,73,86,33,101,43,1" hai2="48,111,18,122,52,53,89,58,99,106,70,22,54" hai3="116,0,56,91,121,132,120,50,41,51,4,88,134"/><V35/><F122/><N who="3" m="47211" /><G0/><T10/><D30/><U76/><E71/><V25/><F70/><W6/><G116/><T113/><D124/><U104/><E43/><V127/><F127/><W100/><G100/><T105/><D105/><U31/><E33/><V135/><F135/><N who="3" m="51755" /><G56/><T57/><D130/><U110/><E110/><V65/><F111/><W9/><G9/><T119/><D10/><U125/><E125/><V115/><F115/><W103/><G103/><T93/><D113/><U34/><E34/><V12/><F65/><W38/><G38/><T37/><D102/><U20/><E20/><V29/><REACH who="2" step="1"/><F106/><REACH who="2" ten="275,251,217,247" step="2"/><W42/><G42/><T97/><D119/><U26/><E104/><V44/><F44/><N who="3" m="25871" /><G51/><T95/><D49/><U13/><E59/><V24/><F24/><W46/><G46/><T15/><D37/><U3/><E26/><V68/><F68/><W72/><G72/><T5/><D97/><U69/><E73/><V40/><F40/><W84/><G91/><N who="0" m="53375" /><D77/><U66/><E76/><V14/><F14/><W21/><G21/><T117/><D78/><U36/><E13/><V11/><F11/><W16/><G16/><T79/><D79/><U96/><E36/><V7/><F7/><W129/><G129/><T118/><D117/><U126/><E3/><V107/><F107/><W108/><G108/><T45/><D118/><U32/><E2/><V67/><F67/><W62/><G62/><T131/><D45/><U90/><E1/><V63/><F63/><W8/><G8/><N who="0" m="4495" /><D131/><U133/><E126/><V80/><F80/><AGARI ba="0,1" hai="4,6,80,84,88" m="25871,51755,47211" machi="80" ten="30,2000,0" yaku="20,1,54,1" doraHai="27" who="3" fromWho="2" sc="275,0,251,0,217,-20,247,30" /><INIT seed="3,0,0,0,4,3" ten="275,251,197,277" oya="3" hai0="126,118,68,15,4,23,11,32,96,39,33,34,109" hai1="10,69,65,90,5,8,70,14,21,74,19,82,134" hai2="35,111,95,128,93,52,25,115,81,125,17,133,83" hai3="108,51,103,38,122,129,107,79,98,46,84,26,112"/><W72/><G112/><T61/><D39/><U102/><E134/><V131/><F115/><W24/><G122/><T7/><D61/><U49/><E102/><V121/><F121/><W117/><G117/><T29/><D68/><U64/><E70/><V76/><F35/><N who="0" m="13386" /><D96/><U77/><E69/><V6/><F111/><W16/><G72/><T45/><D45/><U92/><E49/><V127/><F6/><N who="0" m="2090" /><D118/><U31/><E10/><V57/><F17/><W44/><G38/><T20/><D109/><U36/><E31/><V67/><F25/><W56/><G108/><T63/><D63/><U78/><E78/><V113/><F67/><W12/><G26/><N who="0" m="18743" /><D126/><N who="2" m="48138" /><F113/><W59/><G46/><T124/><D124/><U47/><E47/><V42/><F42/><W80/><G59/><T43/><D43/><U71/><E36/><V30/><F30/><W89/><G56/><T106/><D106/><U120/><E120/><V0/><F0/><W2/><G2/><T99/><D99/><U94/><E71/><V97/><F83/><W132/><G80/><T130/><D130/><N who="2" m="49706" /><F57/><W62/><G129/><T88/><D88/><U22/><E90/><N who="2" m="55479" /><F52/><W27/><G89/><T9/><D15/><N who="1" m="5519" /><E64/><V123/><F123/><W58/><G44/><T53/><D53/><U37/><E65/><V91/><F91/><W41/><G58/><T100/><D100/><U110/><E110/><V114/><F114/><W86/><G62/><T135/><D9/><N who="1" m="6607" /><E37/><V55/><F55/><W54/><G54/><T85/><D11/><U28/><E28/><V87/><F95/><N who="3" m="58847" /><G41/><T66/><D66/><U116/><E116/><RYUUKYOKU ba="0,0" sc="275,-15,251,15,197,15,277,-15" hai1="21,22,74,77,82,92,94" hai2="76,81,87,133" /><INIT seed="4,1,0,5,5,27" ten="260,266,212,262" oya="0" hai0="7,33,68,4,2,55,30,78,46,76,108,35,49" hai1="128,0,111,70,23,103,12,124,57,125,129,14,73" hai2="107,10,123,48,6,44,115,89,85,77,26,11,47" hai3="67,63,95,60,97,84,102,87,132,104,71,133,92"/><T25/><D68/><U40/><E70/><V91/><F123/><W54/><G87/><T56/><D108/><U9/><E73/><V118/><F107/><W117/><G117/><T120/><D120/><U3/><E40/><V94/><F118/><W39/><G39/><T18/><D33/><U74/><E74/><V28/><F115/><W38/><G38/><T64/><D18/><N who="1" m="10711" /><E103/><V29/><F77/><W80/><G60/><T113/><D113/><U15/><E15/><V50/><F26/><W119/><G119/><T109/><D109/><U17/><E57/><V106/><F106/><W131/><G54/><T100/><D100/><U62/><E62/><V135/><F135/><N who="3" m="51787" /><G131/><N who="1" m="50250" /><E111/><V99/><F85/><W112/><G112/><T22/><D2/><AGARI ba="1,0" hai="0,2,3,9,12,17,124,125" m="50250,10711" machi="2" ten="30,3900,0" yaku="19,1,34,2" doraHai="27" who="1" fromWho="0" sc="260,-42,266,42,212,0,262,0" owari="218,-18.2,308,40.8,212,-28.8,262,6.2" /></mjloggm>