<mjloggm ver="2.3"><GO type="225" lobby="0"/><UN n0="%6D%75%75%6D%75%72%61" n1="%E5%B0%8F%E9%B3%A5%E9%81%8A%E7%B7%B4%E7%84%A1%32%31%E6%AD%B3" n2="%E3%82%BC%E3%83%AB%E3%83%80%E3%81%AE%E4%BC%9D%E8%AA%AC" n3="%E3%81%91%E3%83%BC%E3%81%9E%E3%81%88" dan="17,16,17,16" rate="2203.42,2143.04,2248.49,2091.57" sx="F,F,M,M"/><TAIKYOKU oya="0"/><INIT seed="0,0,0,5,5,82" ten="250,250,250,250" oya="0" hai0="124,34,83,107,110,133,29,98,13,88,27,51,117" hai1="36,123,71,122,25,74,6,11,58,12,91,106,41" hai2="105,101,38,134,44,59,132,64,75,28,97,95,81" hai3="52,26,112,5,40,72,96,39,87,21,37,14,104"/><T46/><D117/><U30/><E74/><V23/><F38/><W32/><G72/><T84/><D124/><U2/><E71/><V35/><F44/><W18/><G112/><T120/><D120/><U68/><E106/><V42/><F42/><W45/><G39/><T33/><D133/><N who="2" m="51306" /><F35/><W100/><G32/><T3/><D3/><U78/><E68/><V57/><F105/><W60/><G5/><T126/><D126/><U16/><E58/><V93/><F93/><W73/><G73/><T67/><D34/><N who="1" m="20815" /><E78/><N who="2" m="44255" /><F64/><W131/><G131/><T17/><D67/><U61/><E91/><V125/><F125/><W130/><G130/><T111/><D107/><U118/><E61/><V22/><F22/><W31/><G60/><T69/><D98/><U85/><E41/><V50/><F50/><W77/><G37/><T47/><D69/><U4/><E36/><V92/><F92/><N who="3" m="58375" /><G40/><T10/><REACH who="0" step="1"/><D51/><REACH who="0" ten="240,250,250,250" step="2"/><U0/><E118/><V129/><F129/><W115/><G104/><T108/><AGARI ba="0,1" hai="10,13,17,27,29,33,46,47,83,84,88,108,110,111" machi="108" ten="30,18000,2" yaku="1,1,2,1,0,1,14,1,10,1,52,1,54,1,53,0" doraHai="82" doraHaiUra="113" who="0" fromWho="0" sc="240,190,250,-60,250,-60,250,-60" /><INIT seed="0,1,0,2,4,42" ten="430,190,190,190" oya="0" hai0="2,12,80,41,66,96,65,134,35,4,84,50,1" hai1="113,24,115,116,13,93,88,34,100,107,92,91,72" hai2="104,68,69,63,28,86,38,14,44,37,21,97,19" hai3="124,122,95,108,90,71,81,46,74,106,7,0,118"/><T52/><D35/><U18/><E72/><V6/><F6/><W82/><G71/><T20/><D134/><U117/><E34/><V31/><F86/><W29/><G118/><N who="1" m="45674" /><E24/><V73/><F73/><W3/><G29/><T5/><D41/><U125/><E18/><V98/><F69/><W105/><G108/><T49/><D2/><U121/><E13/><V112/><F112/><N who="1" m="43081" /><E125/><V40/><F38/><W70/><G74/><T77/><D1/><U54/><E54/><V101/><REACH who="2" step="1"/><F97/><REACH who="2" ten="430,190,180,190" step="2"/><W123/><G7/><T22/><D96/><N who="1" m="61831" /><E121/><V126/><F126/><W56/><G124/><T83/><D4/><U89/><AGARI ba="1,1" hai="88,89,91,92,93" m="61831,43081,45674" machi="89" ten="40,8000,1" yaku="11,1,34,2,54,1" doraHai="42" who="1" fromWho="1" sc="430,-41,190,93,180,-21,190,-21" /><INIT seed="1,0,0,3,0,114" ten="389,283,159,169" oya="1" hai0="130,4,39,101,67,103,40,122,106,94,119,29,55" hai1="16,38,21,14,10,118,91,6,95,49,85,35,100" hai2="73,61,88,12,47,69,63,75,125,134,117,44,13" hai3="78,99,70,42,84,23,32,120,109,34,127,89,54"/><U36/><E118/><V62/><F69/><W124/><G120/><T98/><D119/><U57/><E35/><V15/><F117/><W74/><G70/><T71/><D122/><U51/><E100/><V25/><F125/><N who="3" m="48203" /><G42/><T43/><D130/><U58/><E57/><V121/><F121/><W17/><G99/><T24/><D39/><U116/><E49/><V26/><F88/><W81/><G54/><T48/><D101/><U126/><E116/><V82/><F134/><W59/><G59/><N who="0" m="33255" /><D94/><U7/><E7/><V22/><F82/><N who="3" m="49303" /><G109/><T41/><D4/><U68/><E68/><V87/><F87/><W0/><G0/><T83/><D83/><U80/><E80/><V105/><F105/><W64/><G64/><T37/><D37/><U3/><REACH who="1" step="1"/><E126/><REACH who="1" ten="389,273,159,169" step="2"/><V107/><F107/><W113/><G113/><T112/><D112/><U33/><E33/><V72/><REACH who="2" step="1"/><F26/><AGARI ba="0,1" hai="17,23,26,32,34,74,78,81" m="49303,48203" machi="26" ten="30,1000,0" yaku="18,1" doraHai="114" who="3" fromWho="2" sc="389,0,273,0,159,-10,169,20" /><INIT seed="2,0,0,1,3,122" ten="389,273,149,189" oya="2" hai0="41,9,19,0,53,104,16,1,70,134,56,38,43" hai1="21,125,86,33,45,22,66,132,62,107,127,88,54" hai2="90,126,35,79,42,46,99,3,111,18,24,36,61" hai3="63,114,37,94,78,48,82,25,80,92,40,98,113"/><V116/><F116/><W135/><G37/><T55/><D70/><U105/><E33/><V57/><F126/><N who="1" m="48137" /><E132/><V124/><F124/><W10/><G135/><T17/><D134/><U133/><E133/><V93/><F3/><W34/><G10/><T74/><D104/><N who="1" m="40011" /><E54/><N who="2" m="33975" /><F79/><W85/><G82/><T89/><D74/><U119/><E45/><V64/><F64/><W91/><G94/><T26/><D26/><U117/><E117/><V128/><F128/><W20/><G34/><T95/><D53/><U123/><E123/><V6/><F6/><W67/><G48/><T31/><D38/><U27/><E27/><V28/><F28/><W87/><G40/><T15/><D43/><U103/><E103/><V59/><F59/><W69/><REACH who="3" step="1"/><G87/><REACH who="3" ten="389,273,149,179" step="2"/><T106/><D41/><U84/><E84/><V58/><F35/><W52/><G52/><T4/><D106/><U44/><E119/><V60/><F60/><W115/><G115/><T75/><D55/><U100/><E62/><V129/><F129/><W65/><G65/><T83/><D75/><U109/><E66/><V131/><F131/><W51/><G51/><T97/><D4/><U120/><E120/><V110/><F58/><W76/><G76/><T8/><D56/><U71/><E71/><V49/><F49/><W77/><G77/><T23/><D1/><U30/><E86/><V2/><F2/><W121/><G121/><T73/><D0/><U12/><E44/><V5/><F5/><W81/><G81/><T13/><D73/><U32/><E32/><V14/><F14/><N who="0" m="5130" /><D83/><U72/><E12/><V7/><F7/><RYUUKYOKU ba="0,1" sc="389,10,273,-30,149,10,179,10" hai0="8,9,16,17,19,23,31,89,95,97" hai2="18,24,36,42,46,90,93,99,110,111" hai3="20,25,63,67,69,78,80,85,91,92,98,113,114" /><INIT seed="2,1,1,3,0,76" ten="399,243,159,189" oya="2" hai0="18,25,102,96,135,85,86,24,35,78,19,54,51" hai1="15,105,23,130,14,3,41,46,116,74,12,63,36" hai2="80,32,77,38,75,47,29,17,126,99,13,53,50" hai3="70,112,90,8,107,119,42,121,72,52,108,95,127"/><V21/><F126/><W92/><G70/><T27/><D135/><U122/><E116/><V106/><F38/><W83/><G107/><T115/><D35/><U45/><E122/><V81/><F81/><W49/><G121/><T124/><D115/><U31/><E105/><V44/><F44/><W16/><G119/><T61/><D61/><U125/><E125/><V6/><F6/><W73/><G112/><T20/><D124/><U71/><E3/><V69/><F69/><W89/><G42/><T64/><D64/><U66/><E130/><V84/><F75/><W48/><G48/><T133/><D78/><U109/><E109/><V28/><REACH who="2" step="1"/><F32/><REACH who="2" ten="399,243,149,189" step="2"/><W129/><G127/><T104/><D133/><U82/><E45/><V59/><F59/><N who="3" m="33167" /><G73/><T5/><D5/><U123/><E74/><V131/><F131/><W0/><G72/><T128/><D128/><U7/><E7/><V68/><F68/><W26/><G129/><T39/><D39/><U114/><E36/><V2/><F2/><W33/><G0/><T60/><D18/><U87/><E123/><V56/><F56/><W117/><G33/><T58/><D51/><N who="1" m="27087" /><E71/><V1/><F1/><W98/><G108/><T4/><D4/><U40/><E114/><V79/><F79/><W113/><G113/><T134/><D134/><U103/><E82/><V120/><F120/><W94/><G117/><T111/><D111/><U91/><E40/><V62/><F62/><W100/><G83/><T110/><D110/><U37/><E63/><V118/><F118/><W22/><G8/><T11/><D11/><U30/><E37/><RYUUKYOKU ba="1,2" sc="399,10,243,-30,149,10,189,10" hai0="19,20,24,25,27,54,58,60,85,86,96,102,104" hai2="13,17,21,28,29,47,50,53,77,80,84,99,106" hai3="16,22,26,89,90,92,94,95,98,100" /><INIT seed="2,2,2,2,0,62" ten="409,213,159,199" oya="2" hai0="47,38,90,111,80,1,123,72,59,76,31,117,60" hai1="75,105,100,55,14,11,35,122,87,98,36,120,44" hai2="7,81,116,43,48,22,18,89,19,85,26,50,69" hai3="91,17,121,112,78,95,63,109,37,68,127,58,9"/><V94/><F116/><W28/><G121/><N who="1" m="46698" /><E75/><V8/><F69/><W0/><G68/><T2/><D111/><U118/><E35/><V131/><F131/><W119/><G119/><T21/><D90/><U70/><E70/><V39/><F39/><W128/><G37/><T27/><D123/><U49/><E87/><V16/><F81/><W6/><G109/><T126/><D126/><U20/><E36/><V45/><REACH who="2" step="1"/><F50/><REACH who="2" ten="409,213,149,199" step="2"/><W52/><G127/><T65/><REACH who="0" step="1"/><D117/><REACH who="0" ten="399,213,149,199" step="2"/><U5/><E118/><V57/><F57/><W101/><G58/><T13/><D13/><AGARI ba="2,4" hai="7,8,13,16,18,19,22,26,43,45,48,85,89,94" machi="13" ten="30,11600,0" yaku="1,1,7,1,8,1,54,1,53,0" doraHai="62" doraHaiUra="33" who="2" fromWho="0" sc="399,-122,213,0,149,162,199,0" /><INIT seed="2,3,0,4,0,103" ten="277,213,311,199" oya="2" hai0="38,128,64,30,3,57,74,100,112,56,17,31,55" hai1="91,39,133,4,66,86,72,117,129,132,13,65,41" hai2="21,95,111,109,108,40,89,71,68,32,58,126,42" hai3="127,47,49,10,53,7,67,99,115,51,22,61,14"/><V28/><F126/><W11/><G127/><T79/><D112/><U80/><E117/><V85/><F32/><W24/><G115/><T8/><D38/><U36/><E72/><V19/><F28/><W6/><G99/><T113/><D113/><U2/><E2/><V16/><F58/><W44/><G61/><T98/><D128/><U43/><E129/><V25/><REACH who="2" step="1"/><F19/><REACH who="2" ten="277,213,301,199" step="2"/><W102/><G67/><T94/><D64/><U18/><E65/><V20/><F20/><W122/><G122/><T104/><D57/><U101/><E66/><V5/><F5/><W46/><G102/><T130/><D130/><U90/><E4/><V29/><F29/><W110/><G110/><T81/><D30/><U84/><E101/><V54/><F54/><W82/><G53/><T87/><D31/><U50/><E41/><AGARI ba="3,1" hai="16,21,25,40,41,42,68,71,85,89,95,108,109,111" machi="41" ten="40,12000,1" yaku="1,1,14,1,10,1,54,1,53,0" doraHai="103" doraHaiUra="48" who="2" fromWho="1" sc="277,0,213,-129,301,139,199,0" /><INIT seed="2,4,0,0,0,4" ten="277,84,440,199" oya="2" hai0="28,123,54,132,72,1,115,27,0,66,20,18,5" hai1="81,110,86,73,65,34,61,104,122,46,126,53,69" hai2="131,101,112,21,48,64,106,93,71,89,80,52,76" hai3="82,133,8,6,92,23,19,41,60,120,56,12,36"/><V10/><F112/><W32/><G133/><T116/><D115/><U39/><E122/><V74/><F131/><W51/><G120/><T102/><D72/><U129/><E34/><V117/><F117/><W47/><G32/><T75/><D123/><U85/><E110/><V77/><F77/><W16/><G36/><T118/><D75/><U58/><E129/><V11/><F21/><W30/><G82/><T35/><D66/><U108/><E104/><V87/><F64/><W124/><G124/><T83/><D83/><U128/><E128/><V67/><F67/><N who="3" m="39303" /><G92/><T44/><D102/><U57/><E108/><V107/><F71/><W105/><G105/><T2/><D132/><U43/><E126/><V15/><F15/><W9/><G30/><T79/><D79/><U26/><E57/><N who="2" m="32903" /><F106/><W59/><G59/><T13/><D44/><U125/><E125/><V134/><F134/><W88/><G88/><T3/><D54/><U109/><E109/><V45/><F45/><W55/><G55/><T119/><REACH who="0" step="1"/><D0/><REACH who="0" ten="267,84,440,199" step="2"/><U114/><E114/><V91/><F91/><W17/><G6/><AGARI ba="4,1" hai="1,2,3,5,6,13,18,20,27,28,35,116,118,119" machi="6" ten="50,12000,2" yaku="1,1,2,1,12,1,34,3,53,0" doraHai="4" doraHaiUra="135" who="0" fromWho="3" sc="267,142,84,0,440,0,199,-132" /><INIT seed="3,0,0,0,2,102" ten="409,84,440,67" oya="3" hai0="75,132,97,113,93,86,74,70,64,62,53,135,55" hai1="127,8,23,133,104,35,107,73,114,71,24,37,31" hai2="66,67,124,39,48,80,46,79,130,0,19,95,17" hai3="10,92,15,13,69,44,40,34,105,123,18,4,65"/><W122/><G105/><N who="1" m="40522" /><E114/><V26/><F124/><W108/><G34/><T94/><D113/><U111/><E23/><N who="2" m="13679" /><F0/><W56/><G69/><T11/><D11/><U5/><E111/><V77/><F39/><W115/><G115/><T33/><D33/><U125/><E73/><V14/><F130/><W52/><G65/><N who="2" m="24585" /><F95/><W121/><G108/><T28/><D28/><U41/><E71/><V29/><F80/><W84/><G84/><T36/><D36/><U3/><E133/><V78/><F29/><W16/><G92/><T99/><D64/><U118/><E118/><V103/><F103/><W100/><G13/><T38/><D38/><U68/><E68/><V2/><F2/><W32/><G32/><T9/><D70/><U58/><E58/><V131/><F131/><W42/><G100/><T88/><D9/><U98/><E98/><V6/><F6/><W126/><G126/><T112/><D112/><U1/><E3/><V20/><F78/><W61/><REACH who="3" step="1"/><G44/><AGARI ba="0,0" hai="1,5,8,24,31,35,37,41,44,125,127" m="40522" machi="44" ten="30,7700,0" yaku="23,1,52,3" doraHai="102" who="1" fromWho="3" sc="409,0,84,77,440,0,67,-77" owari="409,20.9,161,-23.9,440,54.0,-10,-51.0" /></mjloggm>