<mjloggm ver="2.3"><GO type="225" lobby="0"/><UN n0="%79%75%72%69%6D%6F%67" n1="%6D%75%75%73%61%6E%6D%75" n2="%E3%82%A2%E3%83%A1%E3%82%A2%E3%83%A9%E3%83%AC" n3="%E5%AD%90%E4%BE%9B%E4%BC%9A%E5%93%A1" dan="16,16,16,17" rate="2161.71,2177.28,2163.12,2109.22" sx="F,F,M,M"/><TAIKYOKU oya="0"/><INIT seed="0,0,0,3,4,46" ten="250,250,250,250" oya="0" hai0="56,72,80,11,63,13,105,49,9,109,54,114,59" hai1="44,92,65,84,14,52,96,38,93,30,107,94,75" hai2="73,19,132,41,134,125,24,42,60,78,90,12,77" hai3="76,98,26,71,23,27,39,133,40,6,74,81,45"/><T2/><D114/><U61/><E75/><V108/><F108/><W22/><G71/><T131/><D105/><U103/><E30/><V48/><F125/><W3/><G133/><N who="2" m="51305" /><F60/><W0/><G98/><T70/><D70/><U130/><E130/><V124/><F24/><N who="3" m="9259" /><G0/><T29/><D29/><U79/><E14/><V20/><F73/><W128/><G128/><T106/><D106/><U122/><E122/><V83/><F124/><W1/><G1/><T8/><D2/><U28/><E28/><V126/><F126/><W135/><G135/><T31/><D31/><U111/><E111/><V7/><F7/><W82/><G82/><T113/><D113/><U112/><E112/><V5/><F5/><W95/><G95/><T91/><D109/><U68/><E38/><V47/><F41/><W101/><G101/><T86/><D72/><U62/><E62/><V4/><F4/><W55/><G55/><N who="0" m="31855" /><D131/><U88/><REACH who="1" step="1"/><E79/><REACH who="1" ten="250,240,250,250" step="2"/><V32/><F32/><W17/><G17/><AGARI ba="0,1" hai="8,9,11,13,17,54,59,63,80,86,91" m="31855" machi="17" ten="30,2900,0" yaku="8,1,52,1" doraHai="46" who="0" fromWho="3" sc="250,39,240,0,250,0,250,-29" /><INIT seed="0,1,0,0,1,33" ten="289,240,250,221" oya="0" hai0="14,46,45,43,44,116,10,30,85,105,97,3,60" hai1="135,24,111,13,66,122,31,22,39,61,132,125,104" hai2="124,120,76,74,101,2,55,89,80,65,49,26,23" hai3="57,41,34,27,12,38,109,5,128,71,63,20,50"/><T54/><D116/><U77/><E122/><V40/><F120/><W59/><G109/><T36/><D30/><U69/><E111/><V94/><F124/><W115/><G115/><T75/><D75/><U68/><E125/><V88/><F65/><N who="3" m="39167" /><G38/><T100/><D85/><U113/><E39/><V90/><F40/><W11/><G34/><T110/><D110/><U86/><E104/><V73/><F73/><W6/><G71/><T51/><D3/><U35/><E113/><V78/><F78/><W84/><G128/><T123/><D123/><U129/><E129/><V48/><F2/><W21/><G6/><T47/><REACH who="0" step="1"/><D60/><REACH who="0" ten="279,240,250,221" step="2"/><U28/><E28/><V37/><F37/><W121/><G121/><T134/><D134/><U64/><E61/><V99/><REACH who="2" step="1"/><F55/><REACH who="2" ten="279,240,240,221" step="2"/><N who="3" m="31991" /><G41/><T83/><D83/><U15/><E132/><V131/><F131/><W130/><G130/><T96/><D96/><U95/><E135/><V7/><F7/><AGARI ba="1,2" hai="7,10,14,36,43,44,45,46,47,51,54,97,100,105" machi="7" ten="30,2900,0" yaku="1,1,7,1,53,0" doraHai="33" doraHaiUra="18" who="0" fromWho="2" sc="279,52,240,0,240,-32,221,0" /><INIT seed="0,2,0,5,2,130" ten="331,240,208,221" oya="0" hai0="86,63,49,2,78,58,84,109,57,132,13,38,44" hai1="32,40,16,65,11,8,96,87,33,51,9,48,115" hai2="99,113,102,4,126,37,64,21,125,101,67,27,30" hai3="74,118,103,0,131,79,15,14,98,55,76,75,66"/><T127/><D2/><U77/><E115/><V106/><F113/><W35/><G118/><T56/><D38/><U25/><E32/><V93/><F37/><W134/><G0/><T110/><D127/><N who="2" m="48650" /><F4/><W71/><G131/><T122/><D122/><U135/><E135/><V107/><F101/><W19/><G35/><T42/><D78/><U114/><E114/><V89/><F107/><W111/><G111/><N who="0" m="42507" /><D132/><U6/><E96/><AGARI ba="2,0" hai="21,27,30,64,67,89,93,96,99,102,106" m="48650" machi="96" ten="30,1000,0" yaku="18,1" doraHai="130" who="2" fromWho="1" sc="331,0,240,-16,208,16,221,0" /><INIT seed="1,0,0,5,2,17" ten="331,224,224,221" oya="1" hai0="103,34,96,114,42,100,73,23,27,128,133,115,65" hai1="50,99,49,29,129,81,95,85,45,39,57,46,25" hai2="97,14,135,0,98,75,68,47,3,74,70,11,122" hai3="54,33,32,37,110,76,102,131,21,67,36,134,78"/><U113/><E113/><V79/><F122/><W80/><G67/><T123/><D73/><U12/><E129/><V28/><F28/><W118/><G102/><T16/><D128/><U124/><E124/><V116/><F47/><W91/><G131/><T51/><D133/><U121/><E121/><V1/><F116/><W86/><G110/><T112/><D123/><U72/><E72/><V84/><F75/><W108/><G108/><T43/><D34/><U8/><E39/><V15/><F74/><W48/><G134/><T31/><D65/><U26/><E57/><V107/><F15/><W126/><G126/><T5/><D5/><U2/><E2/><V18/><F135/><W62/><G62/><T94/><D103/><U10/><E99/><V111/><F111/><W19/><G118/><T120/><D120/><U56/><E95/><V69/><REACH who="2" step="1"/><F107/><REACH who="2" ten="331,224,214,221" step="2"/><W125/><G125/><T71/><D31/><U63/><E46/><V58/><F58/><W38/><G33/><T127/><D71/><U53/><E29/><V9/><F9/><N who="1" m="3689" /><E12/><V13/><F13/><W59/><REACH who="3" step="1"/><G32/><REACH who="3" ten="331,224,214,211" step="2"/><T44/><D127/><U6/><E63/><V20/><F20/><W105/><G105/><T92/><REACH who="0" step="1"/><D92/><REACH who="0" ten="321,224,214,211" step="2"/><U24/><E56/><V41/><F41/><AGARI ba="0,3" hai="16,23,27,41,42,43,44,51,94,96,100,112,114,115" machi="41" ten="40,8000,1" yaku="1,1,2,1,52,1,54,1,53,0" doraHai="17" doraHaiUra="55" who="0" fromWho="2" sc="321,110,224,0,214,-80,211,0" /><INIT seed="2,0,0,5,3,118" ten="431,224,134,211" oya="2" hai0="102,110,132,24,131,40,29,37,28,49,42,72,73" hai1="52,61,128,109,1,86,107,89,18,135,120,33,20" hai2="119,30,93,36,63,35,13,0,112,90,6,47,22" hai3="23,87,99,92,70,79,69,100,26,115,84,44,34"/><V4/><F112/><W7/><G34/><T59/><D37/><U67/><E33/><V53/><F119/><W55/><G55/><T68/><D110/><U114/><E114/><V71/><F35/><W74/><G44/><T75/><D68/><U83/><E109/><V96/><F0/><W58/><G58/><T130/><D102/><U45/><E1/><V15/><F71/><W62/><G7/><N who="2" m="2601" /><F36/><W66/><G70/><T11/><D11/><U39/><E107/><V81/><F81/><W121/><G115/><T50/><D132/><U54/><E135/><V2/><F2/><W48/><G48/><N who="0" m="18539" /><D59/><N who="1" m="37311" /><E39/><V27/><F47/><W108/><G108/><T5/><D24/><N who="1" m="14359" /><E45/><V122/><F122/><W64/><G64/><T57/><D57/><AGARI ba="0,0" hai="13,15,22,27,30,53,57,63,90,93,96" m="2601" machi="57" ten="30,1500,0" yaku="8,1" doraHai="118" who="2" fromWho="0" sc="431,-15,224,0,134,15,211,0" /><INIT seed="2,1,0,1,3,6" ten="416,224,149,211" oya="2" hai0="115,128,22,103,98,45,133,5,19,23,31,68,37" hai1="91,94,30,11,57,129,41,119,79,47,102,49,82" hai2="3,84,122,130,48,39,135,95,70,32,81,111,97" hai3="36,10,120,96,33,87,77,101,90,108,99,44,88"/><V52/><F122/><W51/><G120/><T121/><D68/><U61/><E119/><V126/><F126/><W13/><G33/><T29/><D115/><U71/><E129/><V40/><F130/><W63/><G36/><T131/><D121/><U134/><E71/><V0/><F135/><W83/><G108/><T43/><D128/><U86/><E134/><V72/><F70/><W92/><G63/><T17/><D5/><U114/><E114/><V4/><F72/><W56/><G56/><T73/><D73/><U85/><E30/><V69/><F69/><W116/><G99/><T80/><D80/><U132/><E132/><V112/><F32/><W127/><G127/><T27/><D131/><U50/><E102/><V26/><F112/><W89/><G116/><T110/><D110/><U65/><E11/><V117/><F117/><W118/><G118/><T21/><D21/><U93/><E49/><V76/><F26/><W46/><REACH who="3" step="1"/><G51/><REACH who="3" ten="416,224,149,201" step="2"/><T14/><D133/><U74/><E74/><V18/><F111/><W28/><G28/><T7/><D98/><U104/><E104/><V64/><F64/><W38/><G38/><T1/><D103/><U15/><E65/><V54/><F39/><W78/><G78/><T34/><D34/><U67/><E67/><V53/><F18/><AGARI ba="1,1" hai="10,13,18,44,46,77,83,87,88,89,90,92,96,101" machi="18" ten="40,8000,1" yaku="1,1,8,1,52,1,54,1,53,0" doraHai="6" doraHaiUra="60" who="3" fromWho="2" sc="416,0,224,0,149,-83,201,93" /><INIT seed="3,0,0,1,1,22" ten="416,224,66,294" oya="3" hai0="117,33,24,133,10,56,120,87,54,81,128,55,135" hai1="36,40,112,34,130,66,104,13,51,101,59,31,1" hai2="38,11,82,127,65,88,60,74,79,57,86,25,108" hai3="46,132,58,93,126,62,84,42,134,19,68,29,41"/><W78/><G126/><T83/><D117/><U85/><E1/><V125/><F108/><W47/><G68/><T77/><D120/><U106/><E112/><V119/><F119/><W73/><G73/><T90/><D10/><U20/><E36/><V27/><F38/><W48/><G29/><N who="0" m="19623" /><D56/><U0/><E0/><V107/><F107/><W75/><G75/><N who="0" m="43199" /><D128/><U100/><E34/><V67/><F11/><W43/><G48/><T110/><D110/><U113/><E113/><V2/><F2/><W5/><G5/><T109/><D109/><U122/><E130/><V96/><F96/><W12/><G132/><AGARI ba="0,0" hai="54,55,83,87,90,132,133,135" m="43199,19623" machi="132" ten="30,2000,0" yaku="20,1,52,1" doraHai="22" who="0" fromWho="3" sc="416,20,224,0,66,0,294,-20" owari="436,53.6,224,-17.6,66,-43.4,274,7.4" /></mjloggm>