<mjloggm ver="2.3"><GO type="225" lobby="0"/><UN n0="%E3%81%9F%E3%81%A3%E3%81%A1%E3%82%87" n1="%E3%82%BC%E3%83%AB%E3%83%80%E3%81%AE%E4%BC%9D%E8%AA%AC" n2="%E3%81%8F%E3%82%8A%E3%83%94%E3%83%BC" n3="%73%6C%69%63%6B%33%31%39" dan="16,16,16,16" rate="2105.84,2111.46,2098.04,2181.83" sx="M,M,M,M"/><TAIKYOKU oya="0"/><INIT seed="0,0,0,0,2,20" ten="250,250,250,250" oya="0" hai0="129,42,9,28,38,52,55,118,16,134,87,122,103" hai1="48,64,74,112,8,126,96,69,23,86,15,89,32" hai2="39,88,62,108,47,90,114,111,19,71,99,46,63" hai3="31,93,106,36,76,68,66,125,59,0,98,70,104"/><T14/><D118/><U81/><E32/><V83/><F114/><W37/><G0/><T51/><D122/><U29/><E112/><V123/><F123/><W24/><G76/><T78/><D129/><U135/><E126/><V58/><F71/><W121/><G121/><T17/><D134/><U132/><E74/><V30/><F39/><W110/><G125/><T101/><D38/><U54/><E64/><V26/><F19/><N who="0" m="7242" /><D28/><U109/><E69/><V131/><F131/><W35/><G110/><N who="2" m="42025" /><F62/><N who="3" m="40023" /><G70/><T72/><D72/><U67/><E67/><N who="2" m="39415" /><F83/><W85/><G59/><N who="0" m="33183" /><D55/><U82/><E109/><V13/><F13/><W133/><G106/><T115/><D115/><U128/><E54/><V65/><F65/><W3/><G133/><T2/><D42/><U53/><E128/><V113/><F113/><W40/><G40/><T49/><D49/><U10/><E48/><V94/><F90/><N who="3" m="53455" /><G3/><T117/><D117/><U60/><E89/><V43/><F43/><W120/><G120/><T73/><D73/><U56/><E135/><V107/><F107/><W12/><G12/><T91/><D78/><U130/><E130/><V44/><F46/><W105/><G105/><T84/><D2/><U97/><E132/><V6/><F6/><W61/><G61/><T18/><D91/><U41/><E41/><V45/><F44/><W57/><G57/><T124/><D124/><U50/><E60/><V34/><AGARI ba="0,0" hai="26,30,34,45,47,88,94,99" m="39415,42025" machi="34" ten="30,4000,0" yaku="14,1,52,1,54,1" doraHai="20" who="2" fromWho="2" sc="250,-20,250,-10,250,40,250,-10" /><INIT seed="1,0,0,4,5,114" ten="230,240,290,240" oya="1" hai0="113,4,48,60,34,59,105,61,7,125,54,22,23" hai1="9,43,67,10,115,44,93,95,25,104,53,83,132" hai2="26,72,108,16,28,3,129,39,38,87,116,27,131" hai3="49,76,99,82,97,19,66,20,35,5,51,106,89"/><U55/><E115/><V15/><F3/><W90/><G35/><T11/><D113/><U30/><E104/><V127/><F72/><W121/><G121/><T119/><D105/><U29/><E132/><V69/><F108/><W101/><G5/><T50/><D34/><U123/><E123/><V81/><F69/><W31/><G31/><T107/><D107/><U37/><E67/><V40/><F116/><W102/><G66/><T118/><D59/><U73/><E95/><V111/><F127/><W98/><G90/><T47/><D11/><U46/><E93/><V8/><F111/><W94/><G99/><T24/><D47/><U128/><E128/><N who="2" m="49227" /><F40/><W117/><G102/><T13/><D13/><U52/><E46/><V58/><F58/><W14/><REACH who="3" step="1"/><G117/><REACH who="3" ten="230,240,290,230" step="2"/><T80/><D80/><U134/><E134/><V112/><F112/><W103/><G103/><T71/><D118/><U36/><E30/><V17/><F17/><W84/><AGARI ba="0,1" hai="14,19,20,49,51,76,82,84,89,94,97,98,101,106" machi="84" ten="20,2700,0" yaku="1,1,0,1,7,1,53,0" doraHai="114" doraHaiUra="126" who="3" fromWho="3" sc="230,-7,240,-13,290,-7,230,37" /><INIT seed="2,0,0,5,3,97" ten="223,227,283,267" oya="2" hai0="132,118,120,124,116,83,9,90,16,68,104,1,88" hai1="85,6,93,92,43,30,123,84,114,76,99,95,80" hai2="89,17,75,13,24,94,135,4,22,11,78,125,57" hai3="31,46,69,14,131,129,45,134,48,112,127,47,86"/><V74/><F135/><W29/><G134/><T100/><D68/><U61/><E114/><V59/><F125/><W18/><G127/><T53/><D124/><U130/><E130/><N who="3" m="49674" /><G69/><T128/><D128/><U109/><E109/><V81/><REACH who="2" step="1"/><F75/><REACH who="2" ten="223,227,273,267" step="2"/><W65/><G112/><T119/><D132/><U10/><E123/><V52/><F52/><N who="3" m="29711" /><G65/><T107/><D53/><U60/><E43/><V3/><F3/><W91/><G46/><T105/><D120/><U63/><E30/><V82/><F82/><N who="3" m="49623" /><G47/><T0/><D83/><U113/><E113/><V71/><F71/><W42/><G42/><T72/><D72/><U33/><E80/><V117/><F117/><W41/><G41/><T64/><D0/><U44/><E44/><V21/><F21/><AGARI ba="0,1" hai="14,18,21,29,31" m="49623,29711,49674" machi="21" ten="30,2000,0" yaku="19,1,54,1" doraHai="97" who="3" fromWho="2" sc="223,0,227,0,273,-20,267,30" /><INIT seed="3,0,0,5,4,56" ten="223,227,253,297" oya="3" hai0="20,78,74,97,82,62,42,39,91,2,113,11,26" hai1="1,17,34,94,132,130,125,64,15,4,66,63,55" hai2="118,95,85,3,69,43,61,114,28,88,23,98,41" hai3="120,72,101,110,127,16,44,67,8,12,10,107,31"/><W131/><G120/><T105/><D113/><U128/><E34/><V122/><F118/><W133/><G72/><T60/><D105/><U40/><E125/><V25/><F3/><W89/><G127/><T0/><D97/><U47/><E1/><V108/><F114/><W119/><G119/><T57/><D91/><U45/><E4/><V75/><F75/><W54/><G67/><N who="1" m="25642" /><E94/><N who="2" m="54543" /><F69/><W70/><G70/><T22/><D57/><N who="1" m="35263" /><E132/><V24/><F108/><W83/><G133/><T121/><D121/><U21/><E40/><V116/><F122/><W84/><G31/><N who="0" m="17863" /><D0/><U6/><E6/><V87/><F87/><W96/><G110/><T52/><D52/><U104/><E104/><V65/><F25/><W50/><G131/><AGARI ba="0,0" hai="15,17,21,45,47,128,130,131" m="35263,25642" machi="131" ten="30,2000,0" yaku="19,1,52,1" doraHai="56" who="1" fromWho="3" sc="223,0,227,20,253,0,297,-20" /><INIT seed="4,0,0,4,3,111" ten="223,247,253,277" oya="0" hai0="123,89,61,115,5,41,74,10,73,130,23,100,24" hai1="31,49,76,134,39,70,85,95,108,78,34,94,129" hai2="80,105,60,66,47,0,25,122,63,128,52,38,96" hai3="127,35,14,46,121,37,7,98,13,72,62,113,135"/><T106/><D123/><U17/><E39/><V103/><F122/><W1/><G121/><T19/><D130/><U114/><E108/><V3/><F128/><W4/><G35/><T87/><D41/><U11/><E129/><V117/><F117/><W48/><G72/><T43/><D43/><U53/><E70/><V12/><F38/><W8/><G37/><T30/><D115/><U36/><E36/><V58/><F25/><W104/><G113/><T42/><D42/><U65/><E65/><V86/><F12/><W32/><G32/><T50/><D50/><U67/><E67/><V125/><F125/><W26/><G26/><T2/><D61/><U51/><E34/><V27/><F27/><W107/><G62/><T21/><D100/><U71/><E85/><V59/><REACH who="2" step="1"/><F47/><REACH who="2" ten="223,247,243,277" step="2"/><W102/><G1/><T55/><D106/><U133/><E114/><V29/><F29/><W90/><G107/><T33/><D21/><U91/><E31/><V40/><F40/><W64/><G104/><T75/><D55/><U81/><E53/><V22/><F22/><W92/><G127/><T110/><D110/><U28/><E28/><V119/><F119/><W18/><G64/><T126/><D126/><U93/><E134/><V77/><AGARI ba="0,1" hai="0,3,52,58,59,60,63,66,77,80,86,96,103,105" machi="77" ten="20,5200,0" yaku="1,1,0,1,7,1,54,1,53,0" doraHai="111" doraHaiUra="112" who="2" fromWho="2" sc="223,-26,247,-13,243,62,277,-13" owari="197,-30.3,234,-16.6,305,40.5,264,6.4" /></mjloggm>