<mjloggm ver="2.3"><GO type="225" lobby="0"/><UN n0="%E3%81%99%E3%81%84%E3%81%BE%E3%81%9B%E3%83%BC%E3%82%93" n1="%E3%81%A1%E3%82%85%E3%81%86%E3%81%A9%E3%81%8F%E8%B1%A1%E3%81%95%E3%82%93" n2="%E3%83%AD%E3%83%83%E3%83%86%E9%9B%80%E7%90%83" n3="%E3%82%BC%E3%83%AB%E3%83%80%E3%81%AE%E4%BC%9D%E8%AA%AC" dan="16,16,17,16" rate="2125.96,2099.43,2255.73,2117.92" sx="M,M,M,M"/><TAIKYOKU oya="0"/><INIT seed="0,0,0,5,1,17" ten="250,250,250,250" oya="0" hai0="26,31,54,1,10,90,0,34,85,117,51,112,81" hai1="66,99,7,42,83,125,97,67,63,61,57,93,6" hai2="44,100,107,23,119,91,41,96,124,20,98,5,120" hai3="3,77,73,130,58,13,27,78,2,8,53,88,87"/><T68/><D112/><U113/><E113/><V128/><F120/><W43/><G130/><T134/><D117/><U116/><E116/><V28/><F119/><W129/><G129/><T79/><D68/><U30/><E125/><V49/><F128/><W22/><G43/><T11/><D134/><U76/><E42/><V72/><F72/><W56/><G3/><T86/><D0/><U102/><E97/><V71/><F71/><W50/><G2/><T59/><REACH who="0" step="1"/><D1/><REACH who="0" ten="240,250,250,250" step="2"/><U35/><E35/><V12/><F124/><W14/><G73/><T131/><D131/><U19/><E19/><V80/><F28/><N who="3" m="17527" /><G56/><T36/><D36/><U18/><E18/><V62/><F5/><N who="3" m="3215" /><G14/><T127/><D127/><U46/><E30/><V55/><F12/><W126/><G126/><T33/><D33/><U89/><E6/><V115/><F115/><W123/><G123/><T70/><D70/><U29/><E7/><V32/><F32/><W105/><G105/><T109/><D109/><U104/><E29/><V133/><F133/><W9/><G9/><T37/><D37/><U4/><E4/><V94/><REACH who="2" step="1"/><F80/><AGARI ba="0,1" hai="50,53,58,77,78,80,87,88" m="3215,17527" machi="80" ten="30,3900,0" yaku="8,1,52,1,54,1" doraHai="17" who="3" fromWho="2" sc="240,0,250,0,250,-39,250,49" /><AGARI ba="0,0" hai="10,11,26,31,34,51,54,59,79,80,81,85,86,90" machi="80" ten="30,2900,0" yaku="1,1,7,1,53,0" doraHai="17" doraHaiUra="110" who="0" fromWho="2" sc="240,29,250,0,211,-29,299,0" /><INIT seed="0,1,0,4,2,59" ten="269,250,182,299" oya="0" hai0="114,71,47,45,118,87,84,106,62,133,73,125,80" hai1="22,55,3,66,43,21,25,108,89,39,96,97,31" hai2="81,101,90,103,111,44,64,0,13,128,57,56,63" hai3="30,34,67,123,102,49,72,65,79,48,69,117,121"/><T6/><D114/><U135/><E3/><V32/><F111/><W88/><G117/><T82/><D118/><U107/><E108/><V77/><F128/><W91/><G102/><T76/><D106/><U10/><E135/><V75/><F0/><W99/><G79/><T92/><D133/><U61/><E55/><V110/><F110/><W113/><G72/><T37/><D125/><U40/><E10/><V38/><F32/><W8/><G113/><T100/><D6/><U2/><E2/><V119/><F119/><W1/><G1/><T23/><D23/><U78/><E78/><V52/><F90/><W60/><G8/><T86/><D82/><U24/><E39/><V129/><F129/><W54/><G67/><T85/><D37/><U93/><E97/><V105/><F13/><W104/><G104/><T11/><D11/><U126/><E107/><V74/><F74/><W28/><G49/><T33/><D33/><U68/><REACH who="1" step="1"/><E126/><REACH who="1" ten="269,240,182,299" step="2"/><V29/><F105/><W132/><G99/><N who="0" m="59495" /><D73/><U4/><E4/><V18/><F29/><AGARI ba="1,1" hai="21,22,24,25,29,31,40,43,61,66,68,89,93,96" machi="29" ten="30,7700,0" yaku="1,1,7,1,9,1,52,1,53,0" doraHai="59" doraHaiUra="42" who="1" fromWho="2" sc="269,0,240,90,182,-80,299,0" /><INIT seed="1,0,0,4,0,31" ten="269,330,102,299" oya="1" hai0="39,107,87,114,108,47,0,83,50,35,40,80,10" hai1="6,135,71,54,7,18,89,102,82,65,105,30,51" hai2="77,42,61,13,19,133,84,24,57,53,33,125,45" hai3="69,78,25,14,88,21,96,91,17,79,55,41,128"/><U126/><E126/><V75/><F125/><W9/><G128/><T127/><D114/><U20/><E135/><V86/><F133/><W106/><G69/><T36/><D127/><U63/><E30/><V27/><F75/><W70/><G70/><T34/><D107/><U132/><E132/><V48/><F33/><W22/><G41/><T32/><D108/><U111/><E111/><V94/><F86/><W73/><G73/><T23/><D23/><U44/><E102/><V121/><F121/><W110/><G110/><T1/><D83/><U101/><E101/><V134/><F134/><W130/><G130/><T26/><D26/><U38/><E105/><V67/><F67/><W8/><G106/><T131/><D131/><U120/><E120/><V118/><F118/><W124/><G124/><T103/><D103/><U2/><E2/><V74/><F74/><W62/><G21/><T104/><D104/><U56/><E89/><N who="3" m="34378" /><G96/><T49/><D39/><U95/><E95/><V85/><F85/><W12/><G12/><T123/><D123/><U43/><E82/><N who="2" m="47183" /><F94/><W98/><G98/><T59/><D36/><U64/><E64/><V119/><F119/><W72/><G72/><T92/><D92/><U58/><E58/><V68/><F68/><W109/><G109/><T100/><D100/><U93/><E93/><V11/><AGARI ba="0,0" hai="11,13,19,24,27,42,45,48,53,57,61" m="47183" machi="11" ten="30,1100,0" yaku="8,1" doraHai="31" who="2" fromWho="2" sc="269,-3,330,-5,102,11,299,-3" /><INIT seed="2,0,0,3,3,7" ten="266,325,113,296" oya="2" hai0="5,105,76,41,27,111,39,122,63,78,31,125,121" hai1="56,95,98,60,37,20,23,24,119,42,134,65,90" hai2="0,26,52,108,14,66,54,2,88,6,116,72,21" hai3="97,120,61,11,104,33,117,132,22,18,35,106,135"/><V3/><F116/><W51/><G117/><T13/><D111/><U131/><E119/><V94/><F108/><W100/><G120/><T57/><D125/><U43/><E134/><N who="3" m="51242" /><G106/><T126/><D105/><U9/><E131/><V34/><F72/><W38/><G38/><T19/><D5/><U77/><E77/><V53/><F66/><W48/><G11/><T36/><D126/><U112/><E112/><V8/><F34/><N who="3" m="12811" /><G61/><T130/><D130/><U99/><E37/><V40/><F40/><N who="1" m="15401" /><E9/><V25/><REACH who="2" step="1"/><F21/><REACH who="2" ten="266,325,103,296" step="2"/><W103/><G103/><T47/><D122/><U71/><E20/><V58/><F58/><W50/><G50/><T110/><D121/><U67/><E71/><V12/><F12/><AGARI ba="0,1" hai="12,18,22,48,51,97,100,104" m="12811,51242" machi="12" ten="30,1000,0" yaku="20,1" doraHai="7" who="3" fromWho="2" sc="266,0,325,0,103,-10,296,20" /><INIT seed="3,0,0,2,3,124" ten="266,325,93,316" oya="3" hai0="69,42,72,31,9,121,78,125,63,56,47,54,20" hai1="85,126,91,77,30,41,22,128,64,32,82,43,89" hai2="100,10,25,115,50,53,131,7,135,5,17,129,15" hai3="86,120,6,111,37,103,21,88,3,49,83,52,112"/><W97/><G112/><T14/><D121/><U33/><E126/><V92/><F100/><W35/><G120/><T16/><D125/><U34/><E64/><V84/><F92/><W106/><G35/><T113/><D113/><U12/><E128/><N who="2" m="49227" /><F84/><W110/><G37/><T118/><D118/><U29/><E29/><V23/><F53/><W119/><G119/><T67/><D72/><U46/><E43/><V99/><F99/><W76/><G21/><T79/><D20/><U71/><E71/><V62/><F50/><W104/><G104/><T27/><D27/><U74/><E74/><V4/><F62/><W1/><G76/><T108/><D31/><U45/><E45/><V133/><F115/><W19/><G19/><AGARI ba="0,0" hai="4,5,7,10,15,17,19,23,25,133,135" m="49227" machi="19" ten="30,12000,2" yaku="19,1,34,2,52,3" doraHai="124" who="2" fromWho="3" sc="266,0,325,0,93,120,316,-120" owari="266,6.6,325,42.5,213,-18.7,196,-30.4" /></mjloggm>