<mjloggm ver="2.3"><GO type="225" lobby="0"/><UN n0="%E3%81%B5%E3%81%98%E3%81%8B%E3%81%A4" n1="%72%61%6B%33" n2="%E5%A4%9C%E3%81%AE%E3%82%AC%E3%82%B9%E3%83%91%E3%83%BC%E3%83%AB" n3="%E9%87%8E%E3%80%85%E5%AE%AE%E8%97%8D" dan="16,16,16,17" rate="2207.68,2113.06,2128.87,2172.13" sx="M,M,M,F"/><TAIKYOKU oya="0"/><INIT seed="0,0,0,2,0,112" ten="250,250,250,250" oya="0" hai0="15,129,125,51,92,10,2,32,39,43,50,89,33" hai1="13,111,128,80,69,76,58,103,56,1,99,134,83" hai2="62,124,12,63,19,132,123,86,119,3,52,122,60" hai3="34,59,118,88,42,11,72,14,47,55,30,29,107"/><T61/><D125/><U23/><E1/><V121/><F3/><W127/><G107/><T90/><D129/><U82/><E69/><V110/><F124/><W18/><G72/><T105/><D105/><U114/><E114/><V37/><F37/><W113/><G113/><T31/><D2/><U49/><E128/><V27/><F110/><W73/><G73/><T7/><D61/><U126/><E126/><V4/><F132/><W120/><G127/><T85/><D39/><U66/><E111/><V94/><F4/><W68/><G68/><T84/><D43/><U98/><E134/><V71/><F27/><W5/><G34/><T6/><D6/><U87/><E66/><V116/><F71/><W9/><G118/><N who="2" m="45097" /><F52/><W21/><G120/><T109/><D109/><U0/><E0/><V44/><F44/><W133/><G133/><T108/><D108/><U38/><E38/><V64/><F64/><W91/><G47/><T117/><D117/><U16/><E56/><V36/><F36/><W28/><G42/><T65/><D65/><U41/><E41/><V24/><F24/><W102/><G5/><T77/><D7/><U48/><E48/><V131/><F131/><W25/><G25/><N who="0" m="18543" /><D50/><U115/><E115/><V95/><F86/><W57/><G55/><T26/><D51/><U81/><E103/><V135/><F135/><W104/><G59/><T101/><D84/><U78/><E78/><V93/><F123/><W106/><G57/><T8/><D77/><U54/><AGARI ba="0,0" hai="13,16,23,49,54,58,76,80,81,82,83,87,98,99" machi="54" ten="30,4000,0" yaku="0,1,8,1,54,1" doraHai="112" who="1" fromWho="1" sc="250,-20,250,40,250,-10,250,-10" /><INIT seed="1,0,0,2,2,74" ten="230,290,240,240" oya="1" hai0="125,6,109,79,47,116,70,39,52,56,58,76,38" hai1="99,60,62,46,78,50,27,115,93,129,25,37,32" hai2="102,10,124,133,132,57,44,4,81,22,13,66,9" hai3="34,5,69,134,90,33,71,49,3,75,65,21,86"/><U128/><E115/><V43/><F124/><W88/><G75/><T113/><D113/><U17/><E37/><V11/><F102/><W42/><G134/><N who="2" m="51817" /><F22/><W0/><G21/><T77/><D116/><U91/><E17/><V112/><F112/><W94/><G5/><T64/><D125/><U83/><E60/><N who="2" m="38159" /><F81/><W126/><G126/><T31/><D31/><U19/><E62/><V1/><F1/><W106/><G106/><T20/><D6/><U84/><E19/><V73/><F73/><W114/><G114/><T30/><D39/><AGARI ba="0,0" hai="4,9,10,11,13,39,43,44" m="38159,51817" machi="39" ten="30,1000,0" yaku="20,1" doraHai="74" who="2" fromWho="0" sc="230,-10,290,0,240,10,240,0" /><INIT seed="2,0,0,2,3,114" ten="220,290,250,240" oya="2" hai0="77,98,110,124,40,36,47,82,16,69,46,105,8" hai1="27,25,42,94,83,18,92,64,106,15,32,70,108" hai2="128,29,99,39,79,65,74,53,68,28,3,2,80" hai3="49,50,73,121,120,119,122,112,109,34,88,93,111"/><V14/><F128/><W51/><G34/><T56/><D69/><U129/><E106/><V9/><F39/><W66/><G73/><T96/><D110/><N who="3" m="41993" /><G66/><T78/><D124/><U55/><E42/><V133/><F133/><W130/><G130/><T20/><D8/><U81/><E64/><V107/><F65/><W115/><G119/><T67/><D105/><U19/><E15/><V89/><F68/><W54/><G54/><T59/><D36/><U84/><E84/><AGARI ba="0,0" hai="49,50,51,84,88,93,112,115,120,121,122" m="41993" machi="84" ten="40,2600,0" yaku="14,1,54,1" doraHai="114" who="3" fromWho="1" sc="220,0,290,-26,250,0,240,26" /><INIT seed="3,0,0,3,2,128" ten="220,264,250,266" oya="3" hai0="23,93,120,31,55,7,100,43,64,80,28,5,46" hai1="105,102,6,72,50,107,104,83,27,129,127,87,14" hai2="122,41,3,81,106,25,115,51,130,40,110,95,73" hai3="26,114,79,62,36,21,4,48,53,47,33,63,112"/><W125/><G33/><T2/><D120/><U56/><E129/><V77/><F130/><W19/><G36/><T111/><D2/><U135/><E135/><V99/><F115/><W17/><G125/><T75/><D111/><U13/><E72/><V67/><F3/><W34/><G34/><T39/><D64/><U74/><E74/><V22/><F106/><W132/><G132/><T98/><D55/><U97/><E127/><V134/><F134/><W24/><G4/><T20/><D75/><U38/><E38/><V90/><F110/><W18/><G79/><T61/><D61/><N who="3" m="23049" /><G114/><T123/><D123/><U42/><E27/><N who="3" m="10282" /><G112/><T96/><D80/><U68/><E68/><V37/><F37/><W78/><G78/><T109/><D109/><U85/><E85/><V35/><F35/><W1/><G1/><T84/><D84/><U103/><E6/><N who="0" m="2057" /><D39/><U94/><E103/><V54/><F122/><W119/><G119/><T82/><D82/><U32/><E32/><V15/><F67/><W117/><G117/><T69/><D69/><U9/><E9/><V118/><F118/><W57/><G57/><T126/><D126/><U70/><E70/><V91/><F73/><W11/><G11/><T124/><D124/><U121/><E121/><V0/><F77/><W131/><G131/><T116/><D116/><U65/><E65/><V58/><F0/><W113/><G113/><T10/><D10/><U8/><E8/><V92/><F58/><W30/><G30/><N who="0" m="11307" /><D98/><U59/><E59/><V45/><F99/><W133/><G133/><T108/><D108/><U66/><E56/><RYUUKYOKU ba="0,0" sc="220,15,264,-15,250,-15,266,15" hai0="20,23,43,46,93,96,100" hai3="17,18,19,21,47,48,53" /><INIT seed="3,1,0,2,2,130" ten="235,249,235,281" oya="3" hai0="25,27,86,17,49,32,92,83,90,118,79,120,15" hai1="66,126,114,111,65,105,62,36,7,43,2,106,0" hai2="68,112,104,28,132,96,93,56,125,47,8,37,10" hai3="61,135,35,122,18,75,101,91,115,63,51,33,44"/><W57/><G115/><T85/><D120/><U95/><E114/><V102/><F112/><W14/><G75/><T97/><D118/><U81/><E95/><V119/><F68/><W48/><G101/><T30/><D27/><U71/><E66/><V46/><F119/><W12/><G122/><T72/><REACH who="0" step="1"/><D49/><REACH who="0" ten="225,249,235,281" step="2"/><U39/><E39/><V6/><F37/><W121/><G121/><T42/><D42/><U100/><E43/><V94/><F125/><W103/><G51/><T50/><D50/><U82/><E36/><V31/><F31/><W55/><G48/><T19/><D19/><U70/><E126/><V38/><F28/><W107/><G18/><T41/><D41/><U109/><E109/><V23/><F38/><W60/><G44/><T26/><D26/><U11/><E111/><V108/><F108/><W80/><G35/><T34/><D34/><U9/><E7/><V74/><F47/><W113/><G33/><T98/><D98/><U5/><E5/><V20/><F46/><W45/><G45/><T89/><D89/><U54/><E100/><V29/><F29/><W4/><G4/><T77/><D77/><U59/><E0/><V76/><F6/><W116/><G116/><T87/><D87/><U134/><E2/><V69/><F76/><W73/><G113/><T58/><D58/><U1/><E1/><V110/><F110/><W124/><G124/><T53/><D53/><U131/><E54/><V84/><F102/><W78/><G91/><T13/><D13/><N who="3" m="5225" /><G55/><T21/><AGARI ba="1,1" hai="15,17,21,25,30,32,72,79,83,85,86,90,92,97" machi="21" ten="20,2700,0" yaku="1,1,0,1,7,1,53,0" doraHai="130" doraHaiUra="40" who="0" fromWho="0" sc="225,40,249,-8,235,-8,281,-14" /><INIT seed="4,0,0,3,0,43" ten="265,241,227,267" oya="0" hai0="76,108,15,27,74,40,60,82,109,119,101,38,33" hai1="81,121,133,114,6,128,104,100,3,57,106,95,69" hai2="75,131,68,47,19,90,124,118,12,21,62,42,111" hai3="67,112,46,9,61,110,116,53,85,58,125,91,70"/><T113/><D119/><U89/><E69/><V45/><F111/><N who="0" m="42570" /><D101/><U123/><E57/><V120/><F120/><W88/><G110/><T134/><D134/><U86/><E6/><V30/><F75/><W56/><G116/><T132/><D132/><U23/><E23/><V73/><F73/><W32/><G32/><T22/><D60/><U17/><E17/><V96/><F118/><W51/><G112/><T115/><D15/><U135/><E3/><V1/><F1/><W13/><G125/><T78/><D78/><U102/><E114/><N who="0" m="43529" /><D33/><U92/><E128/><V25/><F124/><W28/><G91/><T35/><D35/><U72/><E72/><V59/><F68/><W18/><G28/><N who="0" m="17527" /><D40/><U107/><E135/><V99/><F42/><W127/><G127/><T39/><AGARI ba="0,0" hai="38,39,74,76,82" m="17527,43529,42570" machi="39" ten="40,3900,0" yaku="10,1,15,1" doraHai="43" who="0" fromWho="0" sc="265,39,241,-13,227,-13,267,-13" owari="304,40.4,228,-17.2,214,-28.6,254,5.4" /></mjloggm>