<mjloggm ver="2.3"><GO type="225" lobby="0"/><UN n0="%E3%83%A9%E3%83%BC%E3%83%A1%E3%83%B3%E4%BA%94%E9%83%8E" n1="%E8%A8%88%E7%AE%97%E6%A9%9F%E8%87%AA%E7%84%B6" n2="%72%69%6F%75%63%68%61%6E" n3="%E6%A1%9C%E8%8A%B1%E9%96%83%E3%80%85" dan="16,17,17,18" rate="2101.10,2236.55,2277.81,2285.03" sx="M,M,M,M"/><TAIKYOKU oya="0"/><INIT seed="0,0,0,3,3,48" ten="250,250,250,250" oya="0" hai0="63,10,54,14,83,88,44,98,69,92,51,36,105" hai1="132,78,96,33,79,99,75,108,65,80,70,85,20" hai2="3,40,18,53,90,119,74,66,130,55,31,45,34" hai3="116,27,122,38,26,41,9,76,2,82,107,127,87"/><T128/><D128/><U60/><E33/><V129/><F119/><W100/><G116/><T50/><D36/><U104/><E108/><V113/><F113/><W6/><G127/><T131/><D131/><N who="2" m="50186" /><F3/><W111/><G111/><T84/><D105/><U102/><E132/><V7/><F74/><N who="3" m="43287" /><G122/><T67/><D50/><U59/><E96/><V135/><F135/><W95/><G107/><T97/><REACH who="0" step="1"/><D92/><REACH who="0" ten="240,250,250,250" step="2"/><U47/><E104/><V35/><F40/><W120/><G120/><T103/><D103/><U112/><E102/><V4/><F45/><W62/><G100/><T58/><D58/><U43/><E59/><V124/><F124/><W71/><G41/><T12/><D12/><U25/><E47/><V46/><F46/><W114/><G38/><T5/><AGARI ba="0,1" hai="5,10,14,44,51,54,63,67,69,83,84,88,97,98" machi="5" ten="20,12000,1" yaku="1,1,0,1,7,1,52,1,54,1,53,0" doraHai="48" doraHaiUra="115" who="0" fromWho="0" sc="240,130,250,-40,250,-40,250,-40" /><INIT seed="0,1,0,5,4,30" ten="370,210,210,210" oya="0" hai0="92,71,25,8,99,12,103,45,37,22,49,62,43" hai1="126,101,110,76,132,87,106,78,133,2,53,16,109" hai2="111,24,61,124,135,91,117,19,59,130,58,54,102" hai3="83,35,0,121,32,66,1,27,98,31,79,51,70"/><T14/><D37/><U113/><E2/><V9/><F111/><N who="1" m="42505" /><E53/><V44/><F124/><W63/><G121/><T94/><D94/><U7/><E7/><V40/><F130/><W80/><G80/><T131/><D131/><U123/><E123/><V74/><F135/><N who="1" m="51785" /><E126/><V23/><F117/><W100/><G35/><T125/><D125/><U129/><E129/><V52/><F74/><N who="3" m="43511" /><G51/><T95/><D95/><U89/><E16/><V64/><F102/><W82/><G82/><T116/><D116/><U97/><E113/><V96/><F9/><W127/><G127/><T77/><D8/><U122/><E122/><V28/><F19/><W10/><G10/><T56/><D71/><U11/><E11/><V68/><F68/><W119/><G119/><T60/><D60/><U34/><E34/><V15/><F15/><W13/><G13/><T46/><D46/><U115/><E115/><V73/><F73/><W5/><G5/><T107/><D12/><U36/><E36/><V65/><F44/><W48/><G48/><T88/><D14/><U114/><E114/><V21/><F21/><W120/><G120/><T4/><D4/><U47/><E47/><V118/><F118/><W75/><G75/><T67/><D22/><U50/><E50/><N who="2" m="30999" /><F40/><W112/><G112/><T90/><D25/><U20/><E20/><V29/><F28/><W41/><G41/><T57/><D43/><U33/><E33/><V42/><F42/><W128/><G128/><T93/><D45/><U81/><AGARI ba="1,0" hai="76,78,81,87,89,97,101,106" m="51785,42505" machi="81" ten="30,7900,0" yaku="14,1,20,1,34,2" doraHai="30" who="1" fromWho="1" sc="370,-40,210,82,210,-21,210,-21" /><INIT seed="1,0,0,5,0,95" ten="330,292,189,189" oya="1" hai0="74,64,60,15,77,43,85,76,106,17,126,96,63" hai1="51,120,67,78,8,87,72,30,91,6,47,13,38" hai2="3,35,49,98,50,121,24,101,100,131,75,125,10" hai3="54,29,80,44,20,46,130,117,0,21,92,41,99"/><U56/><E120/><V59/><F121/><W52/><G130/><T93/><D74/><U128/><E128/><V104/><F131/><W124/><G124/><T123/><D123/><U62/><E38/><V112/><F125/><W109/><G109/><T70/><D126/><U27/><E72/><V61/><F75/><W129/><G129/><T118/><D118/><U108/><E108/><V119/><F119/><W42/><G0/><T16/><D43/><N who="3" m="16393" /><G80/><T88/><D60/><U90/><E78/><V81/><F112/><W83/><G83/><T32/><D32/><U58/><E58/><V89/><F101/><N who="3" m="60647" /><G117/><T57/><D70/><U25/><E30/><V110/><F110/><W127/><G127/><T48/><D48/><U86/><E87/><V40/><F40/><W69/><G69/><T39/><D39/><U82/><REACH who="1" step="1"/><E90/><REACH who="1" ten="330,282,189,189" step="2"/><V79/><F89/><W7/><G29/><T107/><D76/><U37/><E37/><V134/><F79/><W97/><G97/><T23/><D77/><U66/><E66/><V31/><F134/><W36/><G36/><T34/><D85/><U105/><E105/><V55/><REACH who="2" step="1"/><F81/><REACH who="2" ten="330,282,179,189" step="2"/><W26/><G46/><T122/><D122/><U116/><E116/><V18/><F18/><W102/><G44/><T12/><D106/><U132/><E132/><V133/><F133/><W9/><G102/><T135/><D107/><U1/><E1/><V68/><F68/><W33/><G7/><AGARI ba="0,2" hai="3,7,10,24,31,35,49,50,55,59,61,98,100,104" machi="7" ten="40,5200,0" yaku="1,1,52,1,53,1" doraHai="95" doraHaiUra="103" who="2" fromWho="3" sc="330,0,282,0,179,72,189,-52" /><INIT seed="2,0,0,5,0,75" ten="330,282,251,137" oya="2" hai0="76,80,129,90,107,93,29,65,28,32,111,16,62" hai1="98,3,54,2,24,10,77,69,110,63,91,123,8" hai2="25,105,127,133,112,18,118,94,125,45,71,130,132" hai3="88,89,135,120,39,22,115,109,92,106,13,95,48"/><V101/><F112/><W87/><G120/><T11/><D107/><U47/><E123/><V49/><F118/><W81/><G115/><T1/><D32/><U9/><E110/><V114/><F114/><W15/><G39/><T52/><D111/><U67/><E24/><V83/><F105/><W34/><G34/><T68/><D52/><U33/><E33/><V79/><F71/><W41/><G106/><T119/><D129/><U38/><E77/><V82/><F130/><W36/><G36/><T61/><D61/><U97/><E91/><V0/><F0/><W17/><G109/><T56/><D68/><U126/><E126/><N who="2" m="48139" /><F83/><W99/><G135/><N who="2" m="51785" /><F25/><W27/><REACH who="3" step="1"/><G81/><REACH who="3" ten="330,282,251,127" step="2"/><T51/><D80/><U4/><E38/><V131/><F131/><W53/><G53/><T42/><D119/><U73/><E54/><N who="2" m="29999" /><F94/><W85/><G85/><T60/><D93/><U104/><E104/><V86/><F101/><W30/><G30/><T121/><D28/><U124/><E124/><V122/><F122/><W66/><G66/><T57/><D121/><U20/><E67/><V7/><F18/><W102/><G102/><T43/><D16/><U113/><E113/><V108/><F108/><W21/><G21/><T72/><D72/><U19/><E73/><V55/><F55/><W64/><G64/><T74/><D65/><U50/><E20/><V59/><F59/><W128/><G128/><T84/><D56/><U70/><E19/><V117/><F117/><W14/><G14/><T6/><D57/><U58/><E58/><V37/><F37/><W100/><G100/><T40/><D74/><RYUUKYOKU ba="0,1" sc="330,-15,282,-15,251,15,127,15" hai2="7,79,82,86" hai3="13,15,17,22,27,41,48,87,88,89,92,95,99" /><INIT seed="2,1,1,1,0,103" ten="315,267,266,142" oya="2" hai0="92,16,38,97,123,118,128,17,80,105,93,36,28" hai1="124,12,32,101,26,9,87,107,122,5,106,68,131" hai2="13,33,48,134,113,109,46,2,69,83,126,18,60" hai3="67,3,96,7,0,82,6,125,11,22,62,49,81"/><V37/><F113/><W55/><G125/><T34/><D123/><U132/><E68/><V121/><F121/><W84/><G22/><T95/><D34/><U129/><E122/><V115/><F115/><W20/><G20/><T74/><D28/><N who="1" m="19479" /><E101/><V52/><F126/><W127/><G127/><T27/><D27/><U86/><E124/><V116/><F116/><W120/><G120/><T114/><D114/><U100/><E100/><V75/><F134/><W59/><G96/><T43/><D43/><U24/><E24/><V61/><F2/><W50/><G50/><T39/><D118/><U1/><E12/><V66/><F109/><W94/><G94/><T15/><D15/><U119/><E132/><V25/><F37/><W79/><G82/><T14/><D14/><U10/><E10/><V53/><F75/><W30/><G30/><T110/><D110/><U130/><E119/><V73/><F73/><W76/><G76/><T21/><D80/><U89/><E86/><V90/><F61/><W35/><G35/><T51/><D74/><U65/><E65/><V72/><F72/><W54/><REACH who="3" step="1"/><G49/><REACH who="3" ten="315,267,266,132" step="2"/><T108/><D36/><U31/><E31/><N who="2" m="19695" /><F83/><AGARI ba="1,2" hai="1,5,9,83,87,89,106,107,129,130,131" m="19479" machi="83" ten="30,3900,0" yaku="19,1,52,2" doraHai="103" who="1" fromWho="2" sc="315,0,267,62,266,-42,132,0" /><INIT seed="3,0,0,5,2,5" ten="315,329,224,132" oya="3" hai0="21,14,129,118,114,72,98,84,100,95,127,120,51" hai1="44,2,25,46,113,111,61,119,90,56,18,50,64" hai2="54,6,103,104,57,19,62,53,47,132,1,69,101" hai3="81,16,9,73,29,102,49,28,74,87,96,27,36"/><W11/><G36/><T115/><D118/><U13/><E113/><N who="0" m="43017" /><D120/><U10/><E119/><V68/><F132/><W131/><G131/><T89/><D129/><U65/><E111/><V67/><F19/><W15/><G74/><T122/><D122/><U97/><E2/><V82/><F82/><W20/><G73/><T93/><D72/><U107/><E107/><V31/><F31/><W52/><G29/><T23/><D127/><U126/><E126/><V91/><F91/><W37/><G37/><T106/><D51/><U77/><E77/><V4/><F47/><N who="1" m="17961" /><E50/><V32/><F32/><W7/><G96/><N who="0" m="61703" /><D14/><U48/><E48/><V12/><F4/><W108/><G108/><T59/><D59/><U86/><E25/><V43/><F43/><W130/><G130/><T38/><D38/><U109/><E109/><V39/><F1/><W55/><G102/><T135/><D135/><U133/><E133/><V110/><F39/><W94/><G94/><T24/><D24/><U125/><E125/><V116/><F54/><N who="3" m="20523" /><G49/><T34/><D34/><U105/><E105/><V41/><F110/><W85/><G81/><T63/><D63/><U42/><E97/><V66/><F103/><AGARI ba="0,0" hai="21,23,84,89,93,95,98,103" m="61703,43017" machi="103" ten="30,1000,0" yaku="11,1" doraHai="5" who="0" fromWho="2" sc="315,10,329,0,224,-10,132,0" owari="325,12.5,329,42.9,214,-18.6,132,-36.8" /></mjloggm>