<mjloggm ver="2.3"><GO type="225" lobby="0"/><UN n0="%E3%83%94%E3%83%B3%E3%82%B5%E3%83%AD%E5%BA%97%E5%93%A1" n1="%4D%6F%6E%61%6E%61" n2="%72%69%6F%75%63%68%61%6E" n3="%E3%81%A4%E3%81%A3%E3%81%B1%E3%82%8A%E3%83%9D%E3%83%BC%E3%83%AB" dan="16,16,16,17" rate="2212.87,2120.79,2165.87,2211.68" sx="M,F,M,M"/><TAIKYOKU oya="0"/><INIT seed="0,0,0,1,1,61" ten="250,250,250,250" oya="0" hai0="5,49,112,39,7,123,120,70,68,34,72,91,118" hai1="38,106,66,111,50,85,11,17,56,47,15,102,76" hai2="36,48,62,125,27,33,94,95,3,99,60,108,1" hai3="135,116,31,100,109,89,71,53,22,20,52,79,26"/><T113/><D34/><U93/><E106/><V13/><F36/><W2/><G116/><T87/><D118/><U24/><E111/><V110/><F125/><W90/><G2/><N who="2" m="521" /><F48/><W30/><G71/><T4/><D39/><U127/><E38/><V132/><F13/><W0/><G0/><T58/><D72/><U51/><E127/><V115/><F115/><W126/><G126/><T46/><D58/><U18/><E24/><V104/><F104/><W81/><G109/><N who="2" m="42089" /><F132/><W105/><G135/><T133/><D133/><U134/><E134/><V44/><F44/><W59/><G105/><T9/><D9/><U45/><E47/><V75/><F75/><W74/><G100/><T41/><D113/><U57/><E45/><V12/><F12/><W82/><G82/><T21/><D112/><U88/><E50/><V23/><F33/><W119/><G119/><T83/><REACH who="0" step="1"/><D21/><REACH who="0" ten="240,250,250,250" step="2"/><U121/><E56/><V65/><F99/><W96/><G96/><T40/><D40/><U32/><E32/><V42/><F42/><W10/><G59/><T29/><D29/><U16/><E121/><AGARI ba="0,1" hai="4,5,7,41,46,49,68,70,83,87,91,120,121,123" machi="121" ten="40,2000,0" yaku="1,1,53,0" doraHai="61" doraHaiUra="124" who="0" fromWho="1" sc="240,30,250,-20,250,0,250,0" /><INIT seed="0,1,0,1,2,129" ten="270,230,250,250" oya="0" hai0="50,99,111,5,56,132,125,49,87,32,64,4,73" hai1="135,26,127,77,18,57,16,30,27,54,9,39,36" hai2="90,113,121,79,75,88,123,120,11,134,78,68,2" hai3="15,70,130,112,12,40,52,98,63,91,131,46,118"/><T13/><D73/><U133/><E127/><V20/><F68/><W80/><G112/><T84/><D32/><U22/><E77/><N who="2" m="29195" /><F20/><W97/><G118/><T92/><D125/><U110/><E110/><V45/><F45/><W34/><G34/><T1/><D1/><U37/><E9/><V100/><F11/><W29/><G29/><T6/><D111/><U66/><E66/><V7/><F7/><W60/><G80/><T71/><D71/><U82/><E82/><V106/><F2/><W67/><G91/><N who="2" m="34857" /><F75/><W115/><G15/><T25/><D25/><U85/><E85/><V23/><F23/><W19/><G12/><T94/><D13/><U128/><E128/><N who="3" m="49194" /><G19/><T58/><D6/><U105/><E105/><V96/><F113/><W103/><G115/><T95/><D95/><U53/><E53/><V108/><F108/><W124/><G124/><T21/><D21/><U3/><E3/><V69/><F69/><W59/><G103/><T35/><D35/><U102/><E102/><V116/><F116/><W42/><G42/><T62/><D64/><U0/><E0/><V31/><F31/><W104/><G104/><T33/><D33/><U61/><E27/><V107/><F107/><W17/><G17/><T119/><D119/><U38/><N who="1" m="9216" /><DORA hai="44" /><U43/><E43/><V72/><F72/><W51/><AGARI ba="1,0" hai="40,46,51,52,59,60,63,67,70,97,98" m="49194" machi="51" ten="30,4000,0" yaku="19,1,52,1,54,1" doraHai="129,44" who="3" fromWho="3" sc="270,-21,230,-11,250,-11,250,43" /><INIT seed="1,0,0,1,3,3" ten="249,219,239,293" oya="1" hai0="134,84,132,72,9,90,107,130,46,99,36,8,109" hai1="125,44,87,128,91,108,116,64,127,12,98,113,17" hai2="101,86,45,55,15,62,85,117,32,110,115,58,66" hai3="97,70,14,88,104,18,23,16,126,19,120,77,43"/><U33/><E113/><V5/><F117/><W60/><G120/><T83/><D109/><U114/><E116/><V67/><F32/><W63/><G126/><N who="1" m="48138" /><E114/><V21/><F110/><W51/><G77/><T41/><D130/><U75/><E75/><V80/><F115/><W129/><G129/><T124/><D124/><U39/><E128/><V73/><F101/><W105/><G70/><T135/><REACH who="0" step="1"/><D72/><REACH who="0" ten="239,219,239,293" step="2"/><U47/><E108/><V40/><F73/><W31/><G104/><T52/><D52/><U59/><E33/><V103/><F55/><W122/><G105/><T93/><D93/><N who="1" m="56639" /><E87/><V133/><F86/><W56/><G122/><T57/><D57/><U28/><E59/><V24/><F85/><W37/><G56/><T2/><D2/><U94/><E94/><V82/><F58/><W34/><G34/><T11/><D11/><N who="1" m="6303" /><E64/><V25/><F66/><W65/><G65/><T42/><D42/><U78/><E78/><V6/><F67/><W0/><G43/><T96/><D96/><U89/><E89/><V95/><F40/><W35/><G88/><T121/><D121/><U71/><E71/><V111/><F95/><W20/><G97/><T50/><D50/><U102/><E102/><AGARI ba="0,1" hai="8,9,36,41,46,83,84,90,99,102,107,132,134,135" machi="102" ten="40,2600,0" yaku="1,1,20,1,53,0" doraHai="3" doraHaiUra="49" who="0" fromWho="1" sc="239,36,219,-26,239,0,293,0" /><INIT seed="2,0,0,5,4,46" ten="275,193,239,293" oya="2" hai0="5,0,67,128,42,98,4,116,102,43,134,40,95" hai1="81,75,23,113,8,103,125,58,69,115,60,108,107" hai2="135,105,126,77,73,48,111,36,53,124,76,130,131" hai3="85,127,129,32,112,20,64,70,47,9,59,50,121"/><V68/><F36/><W117/><G32/><T27/><D0/><U6/><E108/><V41/><F105/><W80/><G117/><T24/><D116/><U86/><E125/><N who="2" m="48235" /><F68/><W49/><G127/><T89/><D128/><N who="2" m="49194" /><F111/><W33/><G33/><T12/><D134/><U55/><E69/><V21/><F73/><W22/><G121/><T94/><D67/><U100/><E75/><V123/><F123/><W74/><G112/><T57/><D57/><U29/><E107/><V110/><F41/><N who="3" m="24815" /><G70/><T30/><D12/><U3/><E115/><V25/><F110/><W92/><G74/><T63/><D63/><U96/><E113/><V19/><F135/><W31/><G129/><T56/><D56/><AGARI ba="0,0" hai="19,21,25,48,53,56,76,77" m="49194,48235" machi="56" ten="30,5800,0" yaku="18,1,19,1,52,1" doraHai="46" who="2" fromWho="0" sc="275,-58,193,0,239,58,293,0" /><INIT seed="2,1,0,0,4,100" ten="217,193,297,293" oya="2" hai0="115,110,18,68,29,132,5,78,126,57,135,60,104" hai1="117,91,16,120,72,61,107,55,134,97,4,26,25" hai2="73,35,122,83,77,123,39,3,66,53,40,90,114" hai3="99,14,133,67,125,56,24,20,52,42,58,109,8"/><V11/><F114/><W50/><G109/><T32/><D115/><U31/><E117/><V38/><F35/><W113/><G113/><T44/><D68/><U94/><E72/><V103/><F66/><W121/><G121/><T37/><D110/><U74/><E74/><V71/><F71/><W80/><G133/><N who="0" m="51275" /><D126/><U93/><E120/><V45/><F90/><W43/><G125/><T22/><D5/><U6/><E134/><V33/><F33/><W131/><G131/><T49/><D78/><U47/><E107/><V127/><F127/><W101/><G80/><T23/><D37/><U36/><E36/><N who="2" m="21639" /><F53/><W76/><G76/><T21/><D104/><U88/><E26/><V30/><F30/><W92/><G58/><T17/><D29/><U86/><E31/><V51/><F122/><W106/><G106/><T105/><D32/><U70/><E70/><V69/><F123/><W7/><G67/><N who="0" m="39311" /><D105/><U2/><E2/><V1/><F69/><W108/><G108/><T89/><D89/><U54/><E54/><AGARI ba="1,0" hai="17,18,21,22,23,44,49,54" m="39311,51275" machi="54" ten="30,1000,0" yaku="20,1" doraHai="100" who="0" fromWho="1" sc="217,13,193,-13,297,0,293,0" /><INIT seed="3,0,0,3,0,130" ten="230,180,297,293" oya="3" hai0="11,63,20,29,22,114,41,62,17,44,77,126,105" hai1="23,27,30,103,35,34,57,125,87,52,25,104,90" hai2="98,45,119,7,132,12,38,99,37,93,61,4,19" hai3="95,50,9,48,70,96,79,32,49,2,3,89,108"/><W111/><G70/><T91/><D105/><U128/><E128/><V100/><F132/><W102/><G32/><T83/><D126/><U94/><E125/><V78/><F119/><W16/><G79/><T109/><D109/><N who="3" m="42057" /><G16/><T107/><D17/><U84/><E84/><V110/><F110/><W21/><G21/><T5/><D22/><U92/><E104/><V118/><F118/><W122/><G122/><T39/><D107/><U133/><E133/><V1/><F78/><W46/><G46/><T36/><D77/><U54/><E54/><V117/><F117/><W81/><G9/><T113/><D20/><U72/><E72/><V127/><F127/><W106/><G81/><T115/><D29/><U33/><E103/><V59/><F45/><W129/><G129/><T18/><D18/><U124/><E124/><V86/><F86/><AGARI ba="0,0" hai="2,3,48,49,50,86,89,95,96,102,106" m="42057" machi="86" ten="30,2900,0" yaku="14,1,10,1" doraHai="130" who="3" fromWho="2" sc="230,0,180,0,297,-29,293,29" owari="230,-17.0,180,-32.0,268,6.8,322,42.2" /></mjloggm>