<mjloggm ver="2.3"><GO type="225" lobby="0"/><UN n0="%E3%83%AB%E3%83%9B%E3%83%B3%E3%83%87%E3%82%A3%E3%82%A8" n1="%E3%81%B5%E3%81%98%E3%81%8B%E3%81%A4" n2="%E5%8D%A0%E3%81%84%E5%B8%AB%E8%A3%8F%E3%81%AA%E3%81%84%E3%81%97" n3="%E5%A4%9C%E5%85%89%E5%A4%A9%E6%A5%BC" dan="17,17,17,17" rate="2159.37,2204.03,2210.84,2162.85" sx="M,M,M,F"/><TAIKYOKU oya="0"/><INIT seed="0,0,0,2,1,29" ten="250,250,250,250" oya="0" hai0="33,4,53,27,17,63,30,107,23,75,106,85,61" hai1="134,62,116,11,68,87,96,21,70,103,111,121,101" hai2="15,9,20,80,1,112,92,104,113,24,124,76,123" hai3="44,108,65,34,117,133,122,58,109,90,78,125,39"/><T18/><D75/><U48/><E116/><V5/><F104/><W36/><G117/><T64/><D18/><U128/><E121/><V73/><F123/><W47/><G122/><T72/><D72/><U119/><E119/><V0/><F124/><W45/><G78/><T59/><D85/><U86/><E111/><N who="3" m="42570" /><G34/><T42/><D42/><U7/><E103/><V60/><F92/><W83/><G83/><T135/><D4/><U56/><E134/><V54/><F54/><W88/><G133/><T52/><D53/><U49/><E21/><V31/><REACH who="2" step="1"/><F60/><REACH who="2" ten="250,250,240,250" step="2"/><N who="3" m="38039" /><G125/><T22/><D135/><U130/><E62/><V71/><F71/><W94/><G94/><T6/><D107/><U28/><E70/><V3/><AGARI ba="0,1" hai="0,1,3,5,9,15,20,24,31,73,76,80,112,113" machi="3" ten="30,2000,0" yaku="1,1,0,1,53,0" doraHai="29" doraHaiUra="114" who="2" fromWho="2" sc="250,-10,250,-5,240,30,250,-5" /><INIT seed="1,0,0,1,5,97" ten="240,245,270,245" oya="1" hai0="8,72,73,111,77,100,69,59,107,47,18,71,116" hai1="7,90,115,120,118,3,50,58,105,126,14,1,62" hai2="125,102,70,21,91,4,132,44,123,98,94,29,78" hai3="134,131,129,55,119,83,20,35,79,114,84,38,60"/><U106/><E120/><V65/><F123/><W25/><G38/><T42/><D116/><U74/><E118/><V48/><F132/><W67/><G119/><T6/><D18/><U52/><E115/><V63/><F125/><W81/><G134/><T56/><D59/><U22/><E74/><V87/><F78/><W85/><G114/><T66/><D56/><U12/><E126/><V19/><F4/><W31/><G55/><T37/><D111/><U43/><E90/><V76/><F76/><N who="3" m="46119" /><G60/><T64/><D64/><U15/><E22/><V104/><F29/><W133/><G67/><T30/><D30/><U49/><E7/><V54/><F21/><W122/><G122/><T53/><D53/><U95/><E95/><V82/><REACH who="2" step="1"/><F19/><REACH who="2" ten="240,245,260,245" step="2"/><W46/><G133/><T127/><D127/><U112/><E112/><V17/><F17/><W89/><G79/><T117/><D117/><U33/><E33/><V103/><F103/><W51/><G35/><T13/><D77/><U40/><E1/><V99/><F99/><W92/><G131/><T24/><D6/><U39/><E3/><V135/><F135/><W45/><G129/><T61/><D73/><U88/><E14/><V10/><F10/><W16/><G31/><T86/><D72/><U28/><E28/><V2/><F2/><W128/><G128/><T96/><D24/><U9/><E15/><V36/><F36/><W109/><G25/><T41/><D37/><U26/><E26/><V93/><AGARI ba="0,1" hai="44,48,54,63,65,70,82,87,91,93,94,98,102,104" machi="93" ten="30,4000,0" yaku="1,1,0,1,52,1,53,0" doraHai="97" doraHaiUra="110" who="2" fromWho="2" sc="240,-10,245,-20,260,50,245,-10" /><INIT seed="2,0,0,3,0,3" ten="230,225,310,235" oya="2" hai0="58,88,79,22,41,4,123,38,6,56,92,67,68" hai1="101,33,24,40,116,21,49,83,8,48,14,0,128" hai2="104,31,80,11,55,29,117,2,120,39,87,81,95" hai3="127,89,100,99,54,26,98,121,114,1,112,62,103"/><V82/><F117/><W63/><G121/><T42/><D123/><U119/><E33/><V131/><F104/><W135/><G1/><T129/><D129/><U78/><E0/><V65/><F131/><W94/><G135/><T44/><D79/><U51/><E128/><V7/><F120/><W35/><G127/><T23/><D68/><U74/><E101/><N who="3" m="38986" /><G54/><T122/><D122/><U118/><E40/><N who="0" m="15465" /><D44/><U70/><E70/><V66/><F39/><W132/><G99/><N who="0" m="57735" /><D38/><U5/><REACH who="1" step="1"/><E118/><REACH who="1" ten="230,215,310,235" step="2"/><V28/><F2/><W125/><G125/><T96/><D96/><U72/><E72/><V124/><F124/><W134/><G134/><T37/><D37/><U18/><AGARI ba="0,1" hai="5,8,14,18,21,24,48,49,51,74,78,83,116,119" machi="18" ten="30,7900,0" yaku="1,1,0,1,52,1,53,1" doraHai="3" doraHaiUra="106" who="1" fromWho="1" sc="230,-20,215,89,310,-39,235,-20" /><INIT seed="3,0,0,2,4,35" ten="210,304,271,215" oya="3" hai0="102,106,48,27,49,68,14,61,88,93,123,42,78" hai1="47,129,40,82,120,107,8,85,69,130,108,104,121" hai2="2,10,64,118,5,16,43,20,115,66,29,80,62" hai3="75,133,135,99,53,110,84,37,94,122,24,131,1"/><W124/><G75/><T34/><D123/><N who="1" m="47179" /><E8/><V56/><F118/><W19/><G122/><T22/><D78/><N who="1" m="46295" /><E69/><V127/><F127/><W3/><G124/><T52/><D34/><U33/><E33/><V116/><F116/><W32/><G37/><T128/><D128/><N who="1" m="49259" /><E108/><V0/><F43/><W91/><G110/><T60/><D106/><U86/><E86/><V67/><F115/><W11/><G131/><T90/><D14/><U95/><E95/><V92/><F80/><W58/><G84/><T76/><D68/><U55/><E55/><V89/><F29/><W36/><G11/><T112/><D112/><U38/><AGARI ba="0,0" hai="38,40,47,104,107" m="49259,46295,47179" machi="38" ten="30,1100,0" yaku="19,1" doraHai="35" who="1" fromWho="1" sc="210,-3,304,11,271,-3,215,-5" owari="207,-29.3,315,41.5,268,6.8,210,-19.0" /></mjloggm>