<mjloggm ver="2.3"><GO type="225" lobby="0"/><UN n0="%72%69%6F%75%63%68%61%6E" n1="%E3%81%A4%E3%81%A3%E3%81%B1%E3%82%8A%E3%83%9D%E3%83%BC%E3%83%AB" n2="%E6%B4%BE%E9%81%A3%E3%81%AE%E3%82%B8%E3%83%A3%E3%83%83%E3%82%AF" n3="%E3%81%8D%E3%82%83%E3%83%BC%E3%82%8D%E3%82%93" dan="16,17,17,16" rate="2202.65,2149.42,2218.75,2094.50" sx="M,M,M,M"/><TAIKYOKU oya="0"/><INIT seed="0,0,0,0,5,83" ten="250,250,250,250" oya="0" hai0="112,22,116,16,66,98,106,80,117,107,48,6,88" hai1="75,89,11,120,26,102,32,3,19,34,4,93,99" hai2="74,43,123,82,45,37,132,125,63,77,18,78,9" hai3="95,36,64,130,124,111,24,97,58,50,30,29,108"/><T33/><D112/><U84/><E120/><V59/><F123/><W69/><G36/><T40/><D33/><U14/><E75/><V128/><F132/><W5/><G124/><T68/><D6/><U104/><REACH who="1" step="1"/><E26/><REACH who="1" ten="250,240,250,250" step="2"/><V25/><F125/><W127/><G24/><N who="0" m="14407" /><D117/><U103/><E103/><V79/><F128/><W38/><G130/><T49/><D116/><U76/><E76/><V61/><F25/><W54/><G127/><T121/><D121/><U109/><E109/><V133/><F133/><W118/><G111/><T67/><D107/><U2/><E2/><V87/><F74/><W41/><G108/><T8/><D106/><U115/><E115/><V62/><F59/><W110/><G118/><T47/><D68/><U31/><E31/><V53/><F53/><W51/><G110/><T7/><D66/><U105/><E105/><V71/><F71/><W1/><G54/><T52/><D67/><U57/><E57/><V73/><F73/><W135/><G58/><T23/><D52/><U100/><E100/><V92/><F77/><W113/><G64/><T134/><D134/><U86/><E86/><V39/><F78/><W21/><G69/><T56/><D56/><U131/><E131/><V72/><F43/><W20/><G41/><T17/><D40/><U42/><E42/><V96/><F72/><W81/><G113/><T46/><D98/><U70/><E70/><V114/><F114/><W129/><G129/><T10/><D47/><U12/><E12/><N who="2" m="7439" /><F45/><W122/><G135/><T101/><D46/><U55/><E55/><V90/><F39/><W44/><G38/><RYUUKYOKU ba="0,1" sc="250,-15,240,15,250,15,250,-15" hai1="3,4,11,14,19,32,34,84,89,93,99,102,104" hai2="37,61,62,63,79,82,87,90,92,96" /><INIT seed="1,1,1,4,0,16" ten="235,255,265,235" oya="1" hai0="45,3,18,98,54,105,60,79,116,88,35,77,7" hai1="130,62,57,73,31,13,53,78,9,23,66,80,4" hai2="55,37,134,48,114,95,115,75,72,123,94,41,71" hai3="22,11,85,61,90,29,15,46,6,128,8,76,106"/><U27/><REACH who="1" step="1"/><E130/><REACH who="1" ten="235,245,265,235" step="2"/><V119/><F115/><W86/><G128/><T52/><D116/><U40/><E40/><V67/><F114/><W93/><G106/><T47/><D105/><U26/><E26/><V36/><F41/><W56/><G46/><T131/><D131/><U83/><E83/><V96/><F119/><W118/><G118/><T107/><D107/><U70/><E70/><V49/><F71/><W102/><G102/><T65/><D45/><U117/><E117/><V2/><F123/><W101/><G101/><T34/><D47/><U43/><E43/><V58/><F94/><W104/><G104/><T32/><D32/><U82/><E82/><V33/><F95/><W1/><G93/><N who="0" m="56615" /><D34/><U125/><E125/><V103/><F33/><W124/><G124/><T74/><D35/><U111/><E111/><V44/><F103/><W100/><G100/><T89/><D89/><U38/><E38/><V92/><F36/><W12/><G90/><T133/><D133/><U81/><E81/><V50/><F134/><W91/><G91/><T122/><D122/><U84/><E84/><V87/><F87/><W39/><G39/><T21/><D74/><U120/><E120/><V68/><F37/><W129/><G129/><T135/><D135/><U5/><E5/><V97/><F44/><W42/><G42/><T127/><D127/><U63/><E63/><N who="2" m="40063" /><F92/><W64/><G86/><T126/><D126/><U51/><E51/><N who="2" m="31103" /><F72/><W24/><G85/><T25/><D7/><U59/><E59/><V20/><F75/><W132/><G132/><T113/><D113/><U99/><E99/><RYUUKYOKU ba="1,2" sc="235,-10,245,30,265,-10,235,-10" hai1="4,9,13,23,27,31,53,57,62,66,73,78,80" /><INIT seed="1,2,2,3,3,130" ten="225,275,255,225" oya="1" hai0="92,107,80,94,105,96,12,127,52,103,123,75,10" hai1="25,118,0,100,99,135,113,40,95,128,30,88,126" hai2="83,60,111,78,101,8,74,61,41,37,9,38,57" hai3="63,31,84,2,27,116,62,6,120,19,131,71,18"/><U34/><E113/><V45/><F111/><W3/><G120/><T73/><D123/><U20/><E118/><V86/><F37/><W28/><G131/><T50/><D127/><U125/><E128/><V47/><F101/><W121/><G121/><T132/><D132/><U112/><E112/><V53/><F45/><W66/><G116/><T42/><D42/><U91/><E135/><V110/><F110/><W35/><G31/><T54/><D54/><U65/><E0/><V90/><F61/><W24/><G24/><T97/><D107/><U14/><E40/><V117/><F117/><W17/><G6/><T115/><D115/><U85/><E65/><V122/><F122/><W5/><G5/><T46/><D80/><AGARI ba="2,2" hai="8,9,38,41,47,53,57,60,74,78,80,83,86,90" machi="80" ten="30,1000,0" yaku="7,1" doraHai="130" who="2" fromWho="0" sc="225,-16,275,0,255,36,225,0" /><INIT seed="2,0,0,3,5,59" ten="209,275,291,225" oya="2" hai0="60,17,22,129,68,69,44,101,66,46,38,76,42" hai1="135,32,20,74,96,128,91,47,1,30,5,23,12" hai2="83,127,13,121,43,9,85,4,125,84,94,75,64" hai3="72,19,86,123,14,88,63,102,105,78,7,25,90"/><V77/><F121/><W16/><G123/><T97/><D129/><U120/><E74/><V112/><F112/><W0/><G0/><T24/><D76/><U21/><E120/><V39/><F64/><W61/><G72/><T133/><D133/><U82/><E135/><V118/><F118/><W132/><G105/><T73/><D73/><U49/><E128/><V122/><F122/><W116/><G116/><T57/><REACH who="0" step="1"/><D44/><REACH who="0" ten="199,275,291,225" step="2"/><U126/><E47/><N who="2" m="24063" /><F75/><W3/><G78/><T34/><D34/><U80/><E32/><V110/><F77/><W100/><G132/><T113/><D113/><U92/><E126/><V29/><F127/><W58/><G102/><T18/><D18/><U40/><E30/><V10/><F29/><W71/><G100/><T27/><D27/><U109/><E109/><V104/><F110/><W119/><G25/><T45/><D45/><N who="1" m="25767" /><E1/><V15/><F125/><W103/><G3/><T107/><AGARI ba="0,1" hai="17,22,24,38,42,46,57,60,66,68,69,97,101,107" machi="107" ten="20,5200,0" yaku="1,1,0,1,7,1,52,1,53,0" doraHai="59" doraHaiUra="8" who="0" fromWho="0" sc="199,62,275,-13,291,-26,225,-13" /><INIT seed="3,0,0,0,2,109" ten="261,262,265,212" oya="3" hai0="111,108,38,16,128,75,131,26,8,121,45,71,127" hai1="134,11,27,67,104,14,1,0,13,77,49,53,133" hai2="125,99,55,118,116,83,117,107,92,126,3,50,17" hai3="28,112,103,96,40,37,69,10,90,100,123,52,61"/><W105/><G123/><T15/><D71/><U79/><E104/><V87/><F3/><N who="1" m="1097" /><E67/><V57/><F17/><W63/><G112/><T122/><D75/><U43/><E43/><V88/><REACH who="2" step="1"/><F107/><REACH who="2" ten="261,262,255,212" step="2"/><W64/><G105/><T110/><D127/><U47/><E27/><V80/><F80/><W94/><G28/><T76/><D122/><U25/><E25/><V97/><F97/><W42/><G10/><T48/><D121/><U32/><E14/><V130/><F130/><N who="0" m="49706" /><D26/><U20/><E11/><V6/><F6/><W39/><G39/><T56/><D38/><U19/><E32/><V74/><F74/><W41/><REACH who="3" step="1"/><G37/><REACH who="3" ten="261,262,255,202" step="2"/><T44/><D111/><U36/><E36/><V22/><F22/><W113/><G113/><T66/><D110/><U12/><E12/><V70/><F70/><W68/><G68/><T81/><D108/><U21/><E20/><V24/><F24/><W33/><G33/><T9/><D9/><U135/><AGARI ba="0,2" hai="13,19,21,47,49,53,77,79,133,134,135" m="1097" machi="135" ten="40,1500,0" yaku="20,1" doraHai="109" who="1" fromWho="1" sc="261,-4,262,35,255,-4,202,-7" /><INIT seed="4,0,0,1,5,41" ten="257,297,251,195" oya="0" hai0="102,32,66,13,82,103,11,78,134,58,72,122,132" hai1="99,106,135,110,108,112,76,70,79,131,59,111,63" hai2="125,93,33,123,117,36,7,88,87,28,75,20,130" hai3="100,101,46,26,116,47,109,124,18,62,25,74,44"/><T104/><D122/><U5/><E70/><V39/><F123/><W128/><G109/><T35/><D66/><U8/><E112/><V17/><F75/><W89/><G116/><T86/><D58/><U61/><E135/><N who="0" m="51753" /><D86/><U114/><E114/><V81/><F130/><W69/><G74/><T48/><D48/><U115/><E115/><V29/><F125/><W19/><G128/><T90/><D90/><U21/><E21/><V10/><F117/><W97/><G124/><T55/><D55/><U98/><E131/><V31/><F33/><N who="0" m="12874" /><D104/><U30/><E63/><V121/><F121/><W113/><G113/><T77/><D78/><U94/><E106/><V85/><F10/><W68/><G62/><T65/><D65/><U23/><E79/><V4/><F39/><W43/><G43/><T15/><D15/><U57/><E76/><N who="2" m="46247" /><F36/><W84/><G69/><T126/><D126/><U60/><E60/><V91/><F91/><W22/><G68/><T54/><D54/><U71/><E71/><V50/><F50/><W105/><G101/><T40/><D40/><U129/><E129/><V38/><F38/><W12/><REACH who="3" step="1"/><G19/><AGARI ba="0,0" hai="11,13,19,72,77,82,102,103" m="12874,51753" machi="19" ten="30,1500,0" yaku="20,1" doraHai="41" who="0" fromWho="3" sc="257,15,297,0,251,0,195,-15" /><INIT seed="4,1,0,4,4,91" ten="272,297,251,180" oya="0" hai0="18,26,82,102,83,86,43,118,3,51,88,48,10" hai1="129,98,67,122,15,90,54,76,80,33,68,79,14" hai2="77,128,22,45,78,95,126,85,4,94,104,134,99" hai3="5,124,0,32,63,119,1,31,111,132,13,36,108"/><T115/><D118/><U50/><E33/><V8/><F104/><W109/><G36/><T19/><D115/><U55/><E122/><V73/><F73/><W116/><G63/><T29/><D102/><U28/><E129/><V7/><F128/><W25/><G124/><T65/><D65/><U17/><E28/><V121/><F121/><W74/><G74/><T106/><D106/><U35/><E35/><V112/><F112/><W56/><G56/><T130/><D130/><U96/><E67/><V27/><F45/><W75/><G75/><T123/><D123/><U100/><E15/><N who="2" m="5535" /><F4/><W2/><G132/><T93/><D3/><N who="3" m="769" /><W39/><DORA hai="69" /><G39/><T6/><D6/><U58/><E55/><V37/><F37/><W53/><G53/><T24/><D24/><U89/><E68/><V131/><F131/><W21/><G5/><T84/><D82/><U40/><E40/><V9/><F134/><W135/><G135/><T120/><D120/><U23/><E79/><V107/><F107/><W97/><G97/><N who="1" m="37482" /><E100/><N who="2" m="60535" /><F126/><W62/><G62/><T64/><D64/><U12/><E12/><V46/><F77/><W30/><G30/><T110/><D43/><U34/><E34/><V71/><F78/><W103/><G103/><T72/><D72/><U11/><E11/><V113/><F71/><W101/><G101/><T127/><D10/><U42/><E42/><V41/><F113/><W38/><G38/><T66/><D66/><U61/><E61/><V57/><F41/><W52/><G52/><T60/><D127/><U49/><E49/><V125/><F125/><W81/><G81/><RYUUKYOKU ba="1,0" sc="272,-15,297,15,251,-15,180,15" hai1="14,17,23,50,54,58,76,80,89,90" hai3="13,21,25,31,32,108,109,111,116,119" owari="257,5.7,312,41.2,236,-16.4,195,-30.5" /></mjloggm>