<mjloggm ver="2.3"><GO type="225" lobby="0"/><UN n0="%E5%AF%82%E5%AF%9E%E3%82%AE%E3%83%8D%E3%82%B9%E3%83%93%E3%83%BC%E3%83%AB" n1="%73%75%7A%75%6D%65%33" n2="%6D%75%75%6D%75%72%61" n3="%E3%81%AF%E3%82%88%E3%81%8A%E3%81%98%E3%81%95%E3%82%93" dan="16,17,16,17" rate="2158.46,2203.37,2194.32,2201.28" sx="M,M,F,M"/><TAIKYOKU oya="0"/><INIT seed="0,0,0,5,3,106" ten="250,250,250,250" oya="0" hai0="111,109,105,39,104,17,108,66,119,129,82,22,23" hai1="124,71,3,5,75,101,12,58,59,110,2,91,89" hai2="24,53,11,70,46,28,42,15,16,43,62,130,14" hai3="36,1,7,132,35,126,117,41,72,68,80,73,19"/><T134/><D119/><U118/><E118/><V123/><F123/><W120/><G19/><T13/><D129/><U29/><E71/><V52/><F130/><W37/><G80/><T50/><D39/><U121/><E121/><V127/><F127/><W30/><G30/><T49/><D134/><U74/><E29/><V54/><F14/><W125/><G7/><T79/><D66/><U116/><E116/><V128/><F128/><W86/><G86/><T98/><D23/><U83/><E83/><V76/><F76/><W9/><G9/><T34/><D34/><U115/><E101/><V8/><F8/><W31/><G41/><T67/><D67/><U78/><E78/><V63/><F70/><W113/><G31/><T38/><D38/><U60/><E60/><V93/><F93/><W47/><G47/><T77/><D77/><U25/><E25/><V10/><F10/><W65/><G65/><T131/><D131/><U61/><E61/><V51/><REACH who="2" step="1"/><F43/><REACH who="2" ten="250,250,240,250" step="2"/><W55/><G68/><T20/><D20/><AGARI ba="0,1" hai="11,15,16,20,24,28,42,46,51,52,53,54,62,63" machi="20" ten="40,12000,2" yaku="1,1,2,1,8,1,54,2,53,2" doraHai="106" doraHaiUra="56" who="2" fromWho="0" sc="250,-120,250,0,240,130,250,0" /><INIT seed="1,0,0,0,0,3" ten="130,250,370,250" oya="1" hai0="87,126,49,54,1,65,102,45,66,92,10,62,61" hai1="91,112,19,44,21,13,85,39,129,23,55,69,115" hai2="132,7,20,33,71,18,122,108,79,26,96,83,51" hai3="11,72,36,50,16,64,63,9,123,12,134,89,24"/><U135/><E69/><V119/><F122/><W5/><G123/><T131/><D131/><U29/><E135/><V94/><F119/><W76/><G36/><T128/><D128/><U48/><E129/><V53/><F132/><W73/><G134/><T105/><D126/><U106/><E106/><V101/><F108/><W118/><G118/><T57/><D105/><U78/><E78/><V43/><F71/><W75/><G76/><T133/><D133/><U125/><E125/><V67/><F33/><W32/><G50/><T70/><D102/><U22/><E39/><V113/><F113/><W59/><G89/><T100/><D100/><U130/><E130/><V124/><F124/><W121/><G121/><T38/><D92/><U60/><E60/><V0/><F67/><W86/><G86/><T74/><D87/><U120/><E120/><V77/><F43/><W98/><G98/><T58/><D74/><U80/><REACH who="1" step="1"/><E29/><REACH who="1" ten="130,240,370,250" step="2"/><V52/><F79/><W88/><G73/><T114/><D114/><AGARI ba="0,1" hai="13,19,21,22,23,44,48,55,80,85,91,112,114,115" machi="114" ten="40,3900,0" yaku="1,1,2,1,53,0" doraHai="3" doraHaiUra="28" who="1" fromWho="0" sc="130,-39,240,49,370,0,250,0" /><INIT seed="1,1,0,2,5,109" ten="91,289,370,250" oya="1" hai0="37,135,130,82,2,61,127,108,80,117,5,62,46" hai1="105,52,112,9,68,53,81,59,23,102,8,32,75" hai2="14,69,12,7,131,116,63,101,98,89,30,73,43" hai3="94,39,42,128,40,134,121,124,114,74,123,120,29"/><U79/><E32/><V76/><F116/><W10/><G74/><T122/><D5/><U19/><E68/><V33/><F131/><W78/><G78/><T4/><D4/><U36/><E36/><V18/><F89/><W64/><G29/><T106/><D46/><U97/><E112/><V27/><F43/><W104/><G104/><T92/><D92/><U91/><E91/><V65/><F7/><W41/><G94/><T20/><D20/><U25/><REACH who="1" step="1"/><E53/><REACH who="1" ten="91,279,370,250" step="2"/><V49/><F49/><AGARI ba="1,1" hai="8,9,19,23,25,49,52,59,75,79,81,97,102,105" machi="49" ten="30,11600,0" yaku="1,1,2,1,7,1,54,1,53,0" doraHai="109" doraHaiUra="3" who="1" fromWho="2" sc="91,0,279,129,370,-119,250,0" /><INIT seed="1,2,0,0,0,71" ten="91,408,251,250" oya="1" hai0="123,22,59,48,37,129,24,83,116,9,34,82,0" hai1="25,112,77,52,134,97,95,75,105,126,101,3,85" hai2="119,61,21,16,135,4,74,17,89,113,42,60,72" hai3="36,130,109,65,69,12,117,26,27,44,32,51,8"/><U80/><E3/><V127/><F119/><W131/><G117/><T108/><D116/><U39/><E112/><V10/><F127/><W19/><G109/><T115/><D115/><U81/><E126/><V50/><F113/><W133/><G133/><T88/><D108/><U18/><E134/><V99/><F135/><W92/><G36/><T70/><D70/><U122/><E122/><V53/><F42/><W67/><G92/><T91/><D129/><N who="3" m="49161" /><G69/><T13/><D34/><U68/><E68/><V43/><F43/><N who="3" m="24991" /><G32/><T102/><D0/><U114/><E114/><V31/><F74/><W94/><G94/><T87/><D37/><U41/><E52/><V100/><F72/><W106/><G106/><T46/><D102/><U56/><E56/><V124/><F124/><W35/><G35/><T73/><D59/><U15/><E25/><AGARI ba="2,0" hai="8,12,19,25,26,27,65,67" m="24991,49161" machi="25" ten="30,1000,0" yaku="19,1" doraHai="71" who="3" fromWho="1" sc="91,0,408,-16,251,0,250,16" /><INIT seed="2,0,0,1,2,46" ten="91,392,251,266" oya="2" hai0="18,133,49,51,102,95,4,128,48,106,123,36,32" hai1="92,77,28,90,86,26,127,122,125,97,104,13,21" hai2="88,16,11,6,87,34,35,75,67,119,22,33,24" hai3="2,54,126,130,121,103,98,56,114,58,108,68,60"/><V10/><F119/><W109/><G121/><T76/><D123/><U52/><E122/><V115/><F115/><W53/><G2/><T31/><D36/><U132/><E132/><V69/><F75/><W59/><G114/><T131/><D133/><U100/><E13/><V96/><F96/><W55/><G126/><N who="1" m="48138" /><E52/><N who="3" m="20074" /><G130/><N who="0" m="49707" /><D4/><U20/><E77/><V40/><F40/><W101/><G101/><T82/><D106/><U74/><E74/><V117/><F117/><W3/><G3/><T66/><D66/><U111/><E111/><N who="3" m="42570" /><G68/><T71/><D71/><U94/><E20/><V81/><REACH who="2" step="1"/><F6/><REACH who="2" ten="91,392,241,266" step="2"/><W19/><G19/><T124/><D124/><U12/><E12/><V45/><F45/><W93/><AGARI ba="0,1" hai="55,56,58,59,60,93,98,103" m="42570,20074" machi="93" ten="30,2000,0" yaku="14,1,54,1" doraHai="46" who="3" fromWho="3" sc="91,-5,392,-5,241,-10,266,30" /><INIT seed="3,0,0,1,1,45" ten="86,387,231,296" oya="3" hai0="13,128,10,113,89,80,115,122,27,39,82,101,114" hai1="87,96,78,102,63,92,108,73,100,83,16,28,5" hai2="19,6,131,95,56,66,59,65,26,54,126,25,49" hai3="77,22,23,21,127,32,2,31,132,48,90,106,67"/><W105/><G2/><T133/><D122/><U36/><E36/><V134/><F131/><W20/><G32/><T42/><D128/><U50/><E108/><V76/><F134/><W37/><G37/><T81/><D133/><U46/><E28/><V119/><F126/><W55/><G132/><T85/><D39/><U4/><E73/><V121/><F119/><W79/><G127/><T8/><D101/><N who="1" m="60551" /><E16/><V74/><F121/><W15/><G67/><T58/><D27/><U98/><E63/><V135/><F135/><W75/><G75/><T17/><D42/><N who="1" m="24919" /><E98/><V53/><F6/><AGARI ba="0,0" hai="4,5,6,78,83,87,100,102" m="24919,60551" machi="6" ten="30,2000,0" yaku="8,1,52,1" doraHai="45" who="1" fromWho="2" sc="86,0,387,20,231,-20,296,0" owari="86,-41.4,407,50.7,211,-18.9,296,9.6" /></mjloggm>