<mjloggm ver="2.3"><GO type="225" lobby="0"/><UN n0="%E3%82%A2%E3%82%A4%E3%82%B9%E3%83%86%E3%82%A3%E3%83%BC%E3%81%82%E3%81%B9" n1="%E3%82%B2%E3%82%B9%E8%8C%82%E5%8B%9D" n2="%E3%81%8B%E3%82%8F%E3%81%A1%E3%82%83%E3%82%93%35%38" n3="%E9%87%8E%E3%80%85%E5%AE%AE%E8%97%8D" dan="16,16,17,16" rate="2099.58,2089.16,2133.39,2127.24" sx="M,F,M,F"/><TAIKYOKU oya="0"/><INIT seed="0,0,0,1,5,74" ten="250,250,250,250" oya="0" hai0="107,93,86,64,12,36,37,44,31,69,48,50,90" hai1="101,125,0,5,29,97,122,108,78,65,1,58,26" hai2="25,68,118,23,30,121,24,91,60,104,9,16,33" hai3="126,56,117,79,4,59,81,130,103,7,51,112,76"/><T85/><D107/><U134/><E122/><V57/><F121/><W96/><G112/><T11/><D31/><U83/><E125/><V113/><F113/><W115/><G117/><T20/><D20/><U72/><E134/><V109/><F118/><W73/><G115/><T102/><D102/><U120/><E120/><V49/><F109/><W70/><G70/><T119/><D119/><U67/><E108/><V114/><F114/><W3/><G126/><T15/><D64/><U35/><E5/><N who="3" m="2122" /><G73/><T28/><D28/><U131/><E131/><V94/><F104/><W133/><G3/><T75/><D75/><U77/><E77/><N who="3" m="29770" /><G130/><T6/><D69/><U47/><E47/><V45/><F9/><W99/><G133/><T19/><D50/><U39/><E39/><V128/><F68/><W92/><G81/><T135/><D135/><U129/><E129/><V13/><F128/><W32/><G32/><T34/><D34/><U55/><E0/><V123/><F123/><W43/><G99/><T106/><D106/><U71/><E1/><V14/><F94/><W61/><G61/><T2/><D86/><U10/><E71/><V38/><F38/><W22/><G22/><N who="0" m="11623" /><D2/><U40/><E72/><V110/><F110/><W41/><G51/><T53/><D37/><U88/><E35/><V124/><F124/><W54/><G54/><N who="0" m="29959" /><D36/><U111/><E55/><AGARI ba="0,0" hai="6,11,15,53,55,85,90,93" m="29959,11623" machi="55" ten="30,1500,0" yaku="8,1" doraHai="74" who="0" fromWho="1" sc="250,15,250,-15,250,0,250,0" /><INIT seed="0,1,0,1,4,17" ten="265,235,250,250" oya="0" hai0="39,16,7,6,80,110,83,115,89,50,96,135,116" hai1="19,60,106,35,105,101,64,134,59,87,34,126,23" hai2="48,57,11,86,111,33,1,30,132,124,9,72,54" hai3="113,125,133,85,61,67,73,70,28,56,25,21,41"/><T129/><D115/><U108/><E108/><V100/><F72/><W58/><G73/><T121/><D116/><U122/><E122/><V27/><F111/><W76/><G113/><T79/><D121/><U15/><E126/><V31/><F124/><W55/><G125/><T53/><D39/><U14/><E134/><V131/><F132/><W130/><G133/><T112/><D112/><U74/><E74/><V4/><F131/><W0/><G0/><T45/><D110/><U69/><E87/><V123/><F123/><W95/><G130/><T32/><D32/><U88/><E88/><V5/><F100/><W24/><G41/><T36/><D36/><U52/><E14/><V65/><F31/><W99/><G55/><T104/><D129/><U47/><E47/><V97/><F97/><W8/><G8/><T37/><D37/><U92/><E92/><V71/><F71/><W75/><G85/><N who="0" m="48287" /><D104/><U49/><REACH who="1" step="1"/><E106/><REACH who="1" ten="265,225,250,250" step="2"/><V91/><F91/><W63/><G75/><T127/><D127/><U98/><AGARI ba="1,1" hai="15,19,23,34,35,49,52,59,60,64,69,98,101,105" machi="98" ten="30,8000,1" yaku="1,1,2,1,0,1,52,1,54,1,53,0" doraHai="17" doraHaiUra="43" who="1" fromWho="1" sc="265,-41,225,93,250,-21,250,-21" /><INIT seed="1,0,0,2,3,2" ten="224,318,229,229" oya="1" hai0="91,127,62,37,50,52,39,9,46,124,42,83,63" hai1="44,115,66,123,73,93,88,105,1,70,6,27,4" hai2="28,61,78,23,68,79,128,14,118,85,99,107,71" hai3="104,132,29,34,133,11,8,40,122,18,80,57,30"/><U134/><E115/><V114/><F118/><W129/><G104/><T10/><D83/><U60/><E134/><N who="3" m="51818" /><G40/><T35/><D35/><U120/><E73/><V111/><F85/><W130/><G57/><N who="0" m="35111" /><D91/><U87/><E105/><V81/><F61/><W47/><G47/><T48/><D10/><N who="3" m="3625" /><G80/><T54/><D9/><U72/><E72/><V49/><F81/><W74/><G74/><T25/><D25/><U112/><E112/><V64/><F79/><W75/><G75/><T109/><D109/><U121/><E1/><V59/><F78/><W76/><G76/><T86/><D86/><U58/><E44/><V51/><F111/><W33/><G18/><T92/><D92/><U82/><E93/><V102/><F114/><W94/><G94/><T22/><D22/><U67/><E67/><V126/><F64/><W3/><G3/><T69/><D48/><U110/><E110/><V53/><F51/><W45/><G34/><T77/><D77/><U96/><E96/><V12/><F99/><W55/><G33/><T103/><D103/><U98/><E98/><V21/><F102/><W41/><G29/><T31/><D31/><U95/><E82/><V113/><F107/><W20/><G20/><T97/><D97/><U90/><E90/><V43/><F113/><W65/><G30/><T7/><D7/><N who="1" m="2603" /><E70/><V135/><F135/><W24/><G24/><T56/><D39/><U16/><E27/><V17/><F68/><W108/><G108/><T119/><D119/><U101/><E101/><V89/><F71/><W5/><G5/><T26/><D26/><U38/><E38/><RYUUKYOKU ba="0,0" sc="224,15,318,15,229,-15,229,-15" hai0="37,42,46,50,54,56,63,69,124,127" hai1="16,58,60,66,87,88,95,120,121,123" /><INIT seed="1,1,0,2,5,10" ten="239,333,214,214" oya="1" hai0="113,126,103,54,74,119,68,44,46,49,41,37,132" hai1="19,124,87,90,61,51,91,111,86,112,56,106,73" hai2="108,118,88,13,1,76,40,78,67,30,47,16,15" hai3="94,131,25,36,14,11,22,57,28,38,8,24,60"/><U70/><E112/><V63/><F1/><W117/><G131/><T89/><D113/><U18/><E124/><V104/><F104/><W109/><G109/><T21/><D119/><U71/><E73/><V81/><F118/><W102/><G117/><T23/><D132/><U4/><E106/><V82/><F30/><W27/><G8/><T0/><D0/><U26/><E111/><V97/><F108/><W48/><G48/><T45/><D74/><U80/><E51/><N who="2" m="27111" /><F13/><W58/><G36/><T65/><D103/><U42/><E42/><V2/><F2/><W5/><G38/><T114/><D46/><U32/><E4/><V75/><F75/><W52/><G58/><T107/><D107/><U100/><E100/><V134/><F134/><W62/><G60/><T20/><D114/><U79/><E79/><N who="2" m="30251" /><F63/><W115/><G115/><T129/><D129/><U31/><E71/><V92/><F67/><W116/><G116/><T85/><D126/><U34/><E70/><V128/><F128/><W9/><G9/><AGARI ba="1,0" hai="9,15,16,81,82,88,92,97" m="30251,27111" machi="9" ten="30,7700,0" yaku="8,1,52,1,54,2" doraHai="10" who="2" fromWho="3" sc="239,0,333,0,214,80,214,-80" /><INIT seed="2,0,0,5,3,114" ten="239,333,294,134" oya="2" hai0="111,69,87,92,51,135,9,70,109,45,68,86,0" hai1="97,122,24,113,116,42,127,23,13,14,80,39,104" hai2="20,41,1,35,129,82,50,128,65,90,29,44,117" hai3="8,63,61,112,96,15,56,72,118,6,134,106,5"/><V38/><F1/><W110/><G110/><N who="0" m="41995" /><D135/><U93/><E116/><V31/><F35/><W54/><G112/><T12/><D0/><U95/><E113/><V43/><F65/><W22/><G134/><T121/><D92/><U34/><E34/><V119/><F82/><W55/><G72/><T100/><D100/><U123/><E127/><V18/><F90/><W32/><G32/><T94/><D94/><U88/><E104/><V115/><F115/><W84/><G5/><N who="0" m="3119" /><D121/><N who="1" m="46091" /><E80/><V59/><F59/><W103/><G84/><T105/><D105/><U52/><E95/><V81/><F81/><W2/><G118/><N who="2" m="45065" /><F41/><AGARI ba="0,0" hai="41,45,51,68,69,70,86,87" m="3119,41995" machi="41" ten="40,1300,0" yaku="14,1" doraHai="114" who="0" fromWho="2" sc="239,13,333,0,294,-13,134,0" /><INIT seed="3,0,0,2,1,86" ten="252,333,281,134" oya="3" hai0="18,121,66,32,99,3,111,90,98,96,93,41,132" hai1="12,52,34,126,101,50,95,9,123,84,33,15,14" hai2="131,22,27,70,26,109,0,105,63,88,94,55,8" hai3="1,31,11,74,45,48,5,103,40,13,113,25,80"/><W61/><G113/><T49/><D121/><U104/><E126/><V82/><F105/><W87/><G74/><T81/><D111/><U77/><E123/><V118/><F118/><W108/><G108/><T91/><D132/><U62/><E104/><V53/><F109/><W89/><G103/><T56/><D32/><U38/><E38/><V127/><F82/><W10/><G61/><N who="0" m="38183" /><D3/><U44/><E62/><V59/><F70/><W114/><G114/><T35/><D35/><U42/><E42/><V129/><F127/><W58/><G58/><T23/><D41/><U100/><E9/><V4/><F55/><W7/><REACH who="3" step="1"/><G25/><REACH who="3" ten="252,333,281,124" step="2"/><N who="0" m="14583" /><D49/><U107/><E101/><V69/><F69/><W110/><G110/><T122/><D122/><U19/><E100/><V47/><F27/><W116/><G116/><T130/><D130/><U29/><E107/><V134/><F134/><W16/><G16/><T79/><D79/><U30/><E19/><N who="2" m="12639" /><F47/><W120/><G120/><T85/><AGARI ba="0,1" hai="81,85,90,91,93,96,98,99" m="14583,38183" machi="85" ten="30,4000,0" yaku="8,1,52,2" doraHai="86" who="0" fromWho="0" sc="252,50,333,-10,281,-10,124,-20" owari="302,10.2,323,42.3,271,-12.9,104,-39.6" /></mjloggm>