<mjloggm ver="2.3"><GO type="225" lobby="0"/><UN n0="%E9%97%98%E5%B0%86%E3%81%A0%E3%82%93%E3%81%A7%E3%81%83" n1="%74%61%6B%75%61%6B%61" n2="%E3%81%BF%E3%81%BF%E3%81%9A" n3="%E6%B0%B7%E5%B7%9D%E9%87%8C%E5%A5%88" dan="16,16,17,16" rate="2132.28,2096.63,2321.99,2060.02" sx="M,M,M,F"/><TAIKYOKU oya="0"/><INIT seed="0,0,0,5,0,65" ten="250,250,250,250" oya="0" hai0="12,62,0,126,14,117,77,31,106,71,53,38,119" hai1="44,79,107,86,67,100,135,68,32,111,78,55,8" hai2="70,72,74,6,60,109,39,63,110,5,3,116,132" hai3="81,23,93,51,64,29,97,50,20,96,98,69,49"/><T83/><D106/><U113/><E111/><N who="2" m="42507" /><F132/><W99/><G81/><T4/><D38/><U11/><E32/><V22/><F116/><W19/><G64/><T127/><D0/><U88/><E135/><V75/><F39/><W85/><G85/><T47/><D31/><U33/><E33/><V115/><F115/><W30/><G69/><T58/><D71/><U120/><E120/><V101/><F101/><W48/><N who="3" m="12288" /><DORA hai="41" /><W9/><G9/><N who="1" m="3658" /><E107/><V94/><F3/><W90/><REACH who="3" step="1"/><G20/><REACH who="3" ten="250,250,250,240" step="2"/><T37/><D4/><N who="2" m="1642" /><F70/><W2/><G2/><T1/><D1/><U125/><E68/><V89/><F22/><W118/><G118/><T128/><D117/><U42/><E67/><V91/><F94/><W114/><G114/><T130/><D119/><U112/><E113/><V122/><F122/><W82/><G82/><T36/><D36/><U124/><E112/><V134/><F134/><W34/><G34/><T59/><D37/><U35/><E35/><V17/><F17/><W40/><G40/><T66/><D83/><U57/><E42/><V121/><F121/><W25/><AGARI ba="0,1" hai="19,23,25,29,30,90,93,96,97,98,99" m="12288" machi="25" ten="50,12000,2" yaku="1,1,0,1,8,1,53,4" doraHai="65,41" doraHaiUra="131,45" who="3" fromWho="3" sc="250,-60,250,-30,250,-30,240,130" /><INIT seed="1,0,0,5,4,16" ten="190,220,220,370" oya="1" hai0="13,107,59,86,47,39,55,97,20,35,135,104,99" hai1="41,124,36,83,117,108,90,5,77,37,29,130,67" hai2="88,113,102,69,12,38,18,109,72,21,115,33,3" hai3="31,24,40,126,101,61,48,125,8,129,54,110,1"/><U45/><E117/><V80/><F109/><W52/><G110/><T26/><D135/><U100/><E108/><V0/><F38/><W114/><G114/><N who="2" m="43529" /><F69/><W60/><G101/><T123/><D123/><U111/><E111/><V95/><F33/><W56/><G129/><T46/><D35/><U96/><E130/><V75/><F102/><W118/><G118/><T106/><D13/><U30/><E36/><V105/><F105/><W53/><G1/><N who="2" m="585" /><F80/><W127/><G8/><T4/><D86/><AGARI ba="0,0" hai="12,18,21,72,75,86,88,95" m="585,43529" machi="86" ten="30,3900,0" yaku="11,1,52,1,54,1" doraHai="16" who="2" fromWho="0" sc="190,-39,220,0,220,39,370,0" /><INIT seed="2,0,0,5,1,55" ten="151,220,259,370" oya="2" hai0="41,108,17,40,75,64,47,10,124,118,81,105,68" hai1="88,123,96,33,80,51,29,117,38,103,79,127,74" hai2="89,112,116,104,115,45,0,135,43,87,42,49,37" hai3="71,1,31,3,99,15,22,92,34,73,52,46,78"/><V84/><F104/><W107/><G107/><T6/><D105/><U12/><E117/><V56/><F0/><W86/><G73/><T66/><D108/><U126/><E38/><V61/><F116/><W54/><G71/><T119/><D41/><U70/><E123/><V65/><F135/><W23/><G34/><T14/><D124/><N who="1" m="47659" /><E70/><V39/><F87/><W25/><G1/><T97/><D97/><U24/><E12/><V76/><F76/><W122/><G3/><T85/><D75/><U44/><E103/><V11/><F11/><W94/><G122/><T16/><D118/><U134/><E134/><V5/><F5/><W18/><G46/><T111/><D111/><U2/><E2/><V8/><F8/><W28/><G28/><T20/><D119/><U83/><E83/><V110/><F110/><W113/><G113/><T102/><D102/><U95/><E51/><V130/><F130/><W21/><G21/><T120/><D120/><U26/><E26/><V4/><F4/><W48/><G48/><N who="0" m="26727" /><D68/><U133/><E44/><N who="2" m="23631" /><F84/><W72/><G72/><T100/><D100/><U77/><E133/><V121/><F121/><W62/><G99/><T57/><D57/><U9/><E9/><V30/><F39/><W59/><G54/><T19/><D20/><U27/><E74/><V67/><F115/><W109/><G109/><T50/><D50/><U132/><E132/><V63/><F112/><W53/><G53/><T106/><D106/><U128/><E128/><V58/><F30/><W125/><G125/><T93/><D93/><U91/><E95/><V13/><F43/><RYUUKYOKU ba="0,0" sc="151,15,220,-15,259,-15,370,15" hai0="6,10,14,16,17,19,64,66,81,85" hai3="15,18,22,23,25,31,52,59,62,78,86,92,94" /><INIT seed="3,1,0,5,4,97" ten="166,205,244,385" oya="3" hai0="23,121,61,71,27,77,58,16,94,37,131,10,7" hai1="49,90,13,84,36,29,34,87,42,32,60,134,72" hai2="9,117,93,24,127,123,89,30,17,21,14,78,81" hai3="46,64,12,55,82,80,8,3,126,4,100,67,66"/><W115/><G115/><T69/><D131/><U44/><E72/><V128/><F117/><W111/><G111/><T53/><D121/><U26/><E134/><V124/><F128/><W19/><G126/><N who="2" m="48169" /><F123/><W113/><G113/><T5/><D37/><U79/><E34/><V91/><F93/><W39/><G100/><T92/><D7/><U109/><E109/><V65/><F65/><W95/><G95/><T114/><D114/><U73/><E36/><V63/><F63/><W59/><G46/><T85/><D92/><U125/><E125/><V88/><F91/><W6/><G39/><T133/><D133/><U22/><E90/><V86/><AGARI ba="1,0" hai="9,14,17,21,24,30,78,81,86,88,89" m="48169" machi="86" ten="30,2000,0" yaku="18,1,54,1" doraHai="97" who="2" fromWho="2" sc="166,-6,205,-6,244,23,385,-11" owari="160,-34.0,199,-20.1,267,6.7,374,47.4" /></mjloggm>