<mjloggm ver="2.3"><GO type="225" lobby="0"/><UN n0="%E6%98%93%E5%88%A9%E8%96%A9%E4%BC%AF" n1="%E5%8D%A0%E3%81%84%E5%B8%AB%E8%A3%8F%E3%81%AA%E3%81%84%E3%81%97" n2="%E6%B8%A9%E2%98%85%E6%83%85%E2%98%85%E6%8E%AA%E2%98%85%E7%BD%AE" n3="%6B%79%6F%6E%6B%6F%31%31" dan="16,17,17,16" rate="2112.01,2205.98,2155.35,2144.87" sx="F,M,M,M"/><TAIKYOKU oya="0"/><INIT seed="0,0,0,0,1,123" ten="250,250,250,250" oya="0" hai0="129,46,40,111,27,93,69,54,48,82,108,62,117" hai1="126,128,84,1,131,97,6,90,68,53,121,78,55" hai2="4,25,109,134,115,2,92,52,19,81,37,47,42" hai3="99,76,73,32,30,127,33,103,122,104,79,56,70"/><T98/><D117/><U94/><E121/><V29/><F115/><W101/><G122/><T26/><D129/><N who="1" m="49739" /><E68/><V41/><F134/><W105/><G70/><T75/><D75/><U60/><E126/><V22/><F42/><W9/><G127/><T7/><D7/><U64/><E1/><V16/><F109/><N who="0" m="42058" /><D82/><N who="1" m="47191" /><E6/><V57/><F92/><W8/><G73/><T106/><D106/><U116/><E116/><V15/><F2/><W133/><G133/><T96/><D96/><U65/><E60/><V3/><F3/><W35/><G99/><T130/><D130/><U66/><AGARI ba="0,0" hai="53,55,64,65,66,90,94,97" m="47191,49739" machi="66" ten="30,1100,0" yaku="19,1" doraHai="123" who="1" fromWho="1" sc="250,-5,250,11,250,-3,250,-3" /><INIT seed="1,0,0,0,2,129" ten="245,261,247,247" oya="1" hai0="88,28,102,67,74,92,49,125,51,18,135,68,3" hai1="113,19,33,123,89,86,41,111,7,120,46,131,119" hai2="97,130,58,30,90,76,93,116,78,44,54,16,45" hai3="15,36,127,98,91,133,75,128,71,121,95,23,94"/><U56/><E113/><V117/><F130/><W63/><G128/><T118/><D118/><U124/><E119/><V57/><F30/><W107/><G36/><T52/><D74/><U83/><E131/><V43/><F117/><W110/><G121/><T96/><D3/><U112/><E112/><V66/><F116/><W17/><G75/><T122/><D122/><U4/><E33/><V106/><F106/><W69/><G107/><T8/><D68/><U99/><E124/><V79/><F66/><W77/><G77/><T55/><D67/><U50/><E111/><V101/><F101/><W13/><G63/><T103/><D28/><U81/><E123/><V114/><F114/><W132/><G110/><T126/><D135/><N who="3" m="51785" /><G127/><T62/><D62/><U38/><E120/><V108/><F108/><W29/><G29/><T2/><D126/><U14/><E99/><V0/><F0/><W32/><G32/><T109/><D109/><U10/><E38/><V40/><F16/><N who="3" m="10639" /><G94/><T84/><D125/><U35/><E35/><V37/><REACH who="2" step="1"/><F54/><REACH who="2" ten="245,261,237,247" step="2"/><W59/><G59/><T27/><D2/><U82/><E56/><V134/><F134/><W53/><G53/><T39/><D52/><U80/><AGARI ba="0,1" hai="4,7,10,14,19,41,46,50,80,81,82,83,86,89" machi="80" ten="30,3000,0" yaku="0,1,8,1" doraHai="129" who="1" fromWho="1" sc="245,-10,261,40,237,-10,247,-10" /><INIT seed="1,1,0,3,1,3" ten="235,301,227,237" oya="1" hai0="80,57,93,117,104,82,131,121,76,35,21,2,26" hai1="95,58,73,0,40,42,99,125,39,122,22,69,102" hai2="123,128,32,88,75,47,18,20,24,23,89,15,19" hai3="17,87,14,66,133,45,106,1,72,97,109,54,33"/><U114/><E114/><V6/><F123/><W83/><G109/><T30/><D104/><U34/><E69/><V13/><F75/><W71/><G133/><T36/><D36/><U11/><E34/><V107/><F107/><W46/><G33/><T52/><D117/><U134/><E122/><V78/><F128/><W94/><G1/><T103/><D131/><U41/><E134/><V8/><F78/><W115/><G115/><T120/><D2/><U86/><E73/><V61/><F32/><W116/><G116/><T70/><D70/><U92/><E125/><V127/><F127/><W90/><G71/><T77/><D35/><U119/><E119/><V64/><F47/><W51/><G66/><T65/><D65/><U12/><E0/><V9/><F9/><W5/><G72/><T96/><D120/><U132/><E132/><V111/><F111/><W98/><G106/><T38/><D38/><U129/><E129/><V43/><F43/><W28/><G28/><T59/><D59/><AGARI ba="1,0" hai="6,8,13,15,18,19,20,23,24,59,61,64,88,89" machi="59" ten="30,7700,0" yaku="7,1,8,1,52,1,54,1" doraHai="3" who="2" fromWho="0" sc="235,-80,301,0,227,80,237,0" /><INIT seed="2,0,0,3,1,50" ten="155,301,307,237" oya="2" hai0="55,71,86,56,1,58,23,101,80,73,91,114,5" hai1="15,47,30,31,105,48,75,63,0,29,117,53,45" hai2="16,65,3,6,60,43,87,13,40,44,98,2,129" hai3="118,90,24,33,135,134,104,132,46,39,8,74,108"/><V97/><F129/><W99/><G118/><T57/><D71/><U49/><E0/><V116/><F116/><W120/><G120/><T103/><D114/><U93/><E105/><V109/><F109/><W89/><G108/><T78/><D1/><U119/><E75/><V83/><F2/><W95/><G74/><T32/><D5/><U4/><E63/><V18/><F6/><W131/><G131/><T122/><D32/><U85/><E93/><V37/><F3/><W121/><G121/><T82/><D122/><U61/><E61/><V125/><F43/><W42/><G104/><T64/><D64/><U69/><E69/><V127/><F60/><W52/><G8/><T67/><D67/><U59/><E85/><V26/><F26/><W84/><G24/><T62/><D101/><U112/><E59/><V107/><F65/><W92/><G33/><T96/><REACH who="0" step="1"/><D23/><REACH who="0" ten="145,301,307,237" step="2"/><U126/><E112/><V38/><F127/><W130/><G130/><T77/><D77/><U22/><E126/><V110/><F125/><W54/><AGARI ba="0,1" hai="39,42,46,52,54,84,89,90,92,95,99,132,134,135" machi="54" ten="40,8000,1" yaku="0,1,20,1,52,2,54,1" doraHai="50" who="3" fromWho="3" sc="145,-20,301,-20,307,-40,237,90" /><INIT seed="3,0,0,0,1,127" ten="125,281,267,327" oya="3" hai0="119,41,123,28,67,33,75,76,112,124,40,31,56" hai1="101,43,11,103,89,105,77,58,29,18,96,50,37" hai2="55,39,8,125,84,21,102,109,95,131,130,115,73" hai3="49,5,34,26,25,24,14,4,2,87,63,113,133"/><W0/><G49/><T98/><D119/><U38/><E29/><V82/><F125/><W36/><G36/><T83/><D124/><U57/><E77/><V62/><F39/><W45/><G45/><T22/><D123/><U94/><E38/><V68/><F115/><W64/><G113/><T126/><D126/><U132/><E37/><V42/><F42/><W6/><G87/><T53/><D33/><U110/><E110/><V71/><F109/><W47/><G47/><T19/><D67/><U52/><E132/><V72/><F21/><W116/><G34/><T135/><D112/><U35/><E43/><V54/><F8/><W85/><G116/><T17/><D135/><U48/><E35/><V107/><F107/><W79/><G133/><T93/><D41/><U46/><E105/><V23/><F23/><W134/><G14/><T20/><D40/><U61/><E46/><V106/><F106/><W51/><G51/><T9/><D9/><U60/><E48/><V122/><F122/><W97/><G97/><T129/><D129/><N who="2" m="49162" /><F95/><W120/><G120/><T114/><D114/><U80/><E80/><V91/><F102/><W118/><G118/><T117/><D117/><U3/><E50/><V12/><F12/><W90/><G134/><T128/><D128/><U121/><E121/><V10/><F10/><W81/><REACH who="3" step="1"/><G79/><REACH who="3" ten="125,281,267,317" step="2"/><T74/><D74/><N who="2" m="28778" /><F62/><W44/><G44/><T7/><D75/><U65/><E3/><V111/><F111/><W30/><G30/><T88/><D31/><U78/><E78/><V92/><F92/><W66/><G66/><T13/><D28/><RYUUKYOKU ba="0,1" sc="125,-30,281,10,267,10,317,10" hai1="11,18,52,57,58,60,61,65,89,94,96,101,103" hai2="54,55,68,71,82,84,91" hai3="0,2,4,5,6,24,25,26,63,64,81,85,90" owari="95,-40.5,291,9.1,277,-12.3,337,43.7" /></mjloggm>