<mjloggm ver="2.3"><GO type="225" lobby="0"/><UN n0="%E3%81%86%E3%82%8C%E3%81%9F%E3%82%93%E6%9E%95" n1="%E6%A0%B9%E5%85%83%E3%81%8B%E3%82%89%E5%90%B9%E3%81%A3%E9%A3%9B%E3%81%B6" n2="%E5%B8%86%E7%AB%8B%E5%A4%8F%E8%A1%A3" n3="%E3%81%8B%E3%82%8F%E3%81%A1%E3%82%83%E3%82%93%35%38" dan="16,17,16,17" rate="2116.67,2183.49,2131.95,2142.73" sx="F,F,M,M"/><TAIKYOKU oya="0"/><INIT seed="0,0,0,4,0,134" ten="250,250,250,250" oya="0" hai0="130,36,125,47,93,109,84,31,17,48,37,118,11" hai1="23,42,135,8,41,38,7,72,4,124,116,46,88" hai2="89,25,75,52,86,2,95,1,79,34,22,21,50" hai3="16,71,13,44,127,126,123,112,74,119,5,27,62"/><T83/><D118/><U28/><E116/><V90/><F34/><W102/><G119/><T91/><D130/><U114/><E135/><V60/><F75/><W104/><G112/><T81/><D109/><U78/><E42/><V117/><F117/><W54/><G74/><T103/><D31/><U94/><E4/><V92/><F79/><W64/><G123/><T15/><D125/><N who="3" m="47625" /><G5/><T131/><D131/><U70/><E70/><V99/><F22/><N who="3" m="11535" /><G27/><T65/><D65/><U108/><E108/><V40/><F40/><W113/><G113/><T111/><D111/><U77/><E72/><V30/><REACH who="2" step="1"/><F60/><REACH who="2" ten="250,250,240,250" step="2"/><W115/><G115/><T51/><D51/><U10/><E114/><V110/><F110/><W35/><G35/><T12/><D37/><U63/><E38/><V82/><F82/><W55/><G44/><AGARI ba="0,1" hai="1,2,21,25,30,44,50,52,86,89,90,92,95,99" machi="44" ten="30,3900,0" yaku="1,1,7,1,54,1,53,0" doraHai="134" doraHaiUra="100" who="2" fromWho="3" sc="250,0,250,0,240,49,250,-39" /><INIT seed="1,0,0,5,4,38" ten="250,250,289,211" oya="1" hai0="71,117,110,95,134,103,0,127,21,45,23,120,39" hai1="77,68,72,79,48,2,84,94,128,93,47,66,129" hai2="11,105,41,49,53,106,91,88,118,56,24,119,98" hai3="132,112,33,99,116,57,4,34,75,7,10,13,20"/><U108/><E2/><V109/><F119/><W70/><G70/><T104/><RYUUKYOKU type="yao9" ba="0,0" sc="250,0,250,0,289,0,211,0" hai0="0,21,23,39,45,71,95,103,104,110,117,120,127,134" /><INIT seed="1,1,0,5,5,123" ten="250,250,289,211" oya="1" hai0="56,74,104,55,0,15,7,79,110,1,133,119,67" hai1="39,129,23,107,31,94,80,91,35,8,14,90,128" hai2="87,9,120,108,29,130,124,42,27,26,20,62,131" hai3="50,118,86,21,40,134,30,126,117,114,57,24,101"/><U89/><E39/><V16/><F108/><W93/><G114/><T46/><D119/><U82/><E35/><N who="2" m="20919" /><F42/><W111/><G126/><T10/><D133/><U11/><E107/><V4/><F87/><W6/><G134/><T13/><D104/><U125/><E94/><V43/><F43/><W38/><G6/><T75/><D67/><U17/><E125/><V49/><F49/><W121/><G121/><T47/><D110/><U12/><E31/><N who="2" m="17895" /><F62/><W53/><G111/><T103/><D103/><U63/><E63/><V73/><F73/><W127/><G127/><T85/><D75/><U45/><E45/><V76/><F76/><W66/><G66/><T98/><D98/><U2/><E2/><N who="2" m="151" /><F124/><W33/><G40/><T3/><D74/><U65/><E65/><V54/><F54/><W113/><G38/><T68/><D68/><U52/><E52/><V77/><F77/><W18/><G113/><T32/><D79/><U99/><E99/><V105/><F105/><W83/><G93/><T132/><D85/><U36/><E36/><V28/><F120/><W22/><G101/><T70/><D70/><U58/><E58/><V102/><F102/><W116/><REACH who="3" step="1"/><G18/><REACH who="3" ten="250,250,289,201" step="2"/><T106/><D106/><U25/><E82/><V69/><F69/><W72/><G72/><T92/><D92/><U51/><E80/><V78/><F28/><W37/><G37/><T97/><D132/><U19/><REACH who="1" step="1"/><E51/><REACH who="1" ten="250,240,289,201" step="2"/><V48/><F48/><W115/><G115/><T61/><D61/><U64/><E64/><V59/><F59/><W122/><G122/><T112/><D56/><U34/><E34/><RYUUKYOKU ba="1,2" sc="250,-15,240,15,289,-15,201,15" hai1="8,11,12,14,17,19,23,25,89,90,91,128,129" hai3="21,22,24,30,33,50,53,57,83,86,116,117,118" /><INIT seed="1,2,2,4,0,94" ten="235,255,274,216" oya="1" hai0="42,109,118,43,20,36,4,106,92,37,88,96,61" hai1="78,67,30,51,120,49,104,95,62,100,75,97,125" hai2="56,101,123,86,66,85,12,130,14,6,115,23,119" hai3="5,21,57,110,60,112,135,74,38,63,114,35,77"/><U111/><E120/><V122/><F119/><W2/><G35/><T89/><D118/><U65/><E125/><V103/><F130/><W13/><G38/><T59/><D109/><U50/><E111/><V113/><F56/><W99/><G110/><T1/><D106/><U116/><E116/><V22/><REACH who="2" step="1"/><F6/><REACH who="2" ten="235,255,264,216" step="2"/><W39/><G5/><T10/><D36/><U29/><E104/><V91/><F91/><W18/><G57/><T11/><D37/><U26/><E78/><V98/><F98/><W105/><G39/><T3/><D89/><U47/><E47/><V45/><F45/><W32/><G77/><T134/><D59/><U102/><E102/><V107/><F107/><W126/><G105/><T31/><D61/><U64/><E62/><V68/><F68/><W25/><G63/><T54/><D88/><U41/><E41/><V24/><F24/><W0/><G60/><T127/><D96/><U71/><E71/><V34/><F34/><W44/><G99/><T19/><D4/><U73/><REACH who="1" step="1"/><E26/><REACH who="1" ten="235,245,264,216" step="2"/><V108/><F108/><W93/><G44/><T8/><D43/><U117/><E117/><V90/><F90/><W70/><G70/><T87/><D42/><U48/><N who="1" m="12288" /><DORA hai="84" /><U52/><E52/><V131/><F131/><W79/><G79/><T40/><D40/><U128/><E128/><V82/><F82/><W83/><G83/><T58/><D54/><U76/><E76/><V55/><F55/><W27/><G27/><N who="0" m="16871" /><D58/><U69/><E69/><V15/><F15/><W28/><G25/><T53/><D53/><U133/><E133/><V121/><F121/><RYUUKYOKU ba="2,4" sc="235,-15,245,15,264,15,216,-15" hai1="29,30,64,65,67,73,75,95,97,100" hai2="12,14,22,23,66,85,86,101,103,113,115,122,123" /><INIT seed="1,3,4,0,3,135" ten="220,260,279,201" oya="1" hai0="83,118,122,125,106,91,94,98,52,92,2,74,58" hai1="34,103,88,121,45,104,38,53,108,134,78,26,111" hai2="36,69,66,29,9,40,55,105,72,89,8,51,71" hai3="114,73,28,96,68,60,5,115,44,47,41,0,75"/><U39/><E121/><V128/><F72/><N who="3" m="27723" /><G44/><T109/><D118/><U20/><E134/><V130/><F105/><W123/><G123/><T16/><D122/><U86/><E78/><V37/><F89/><W35/><G96/><T7/><D109/><N who="1" m="42059" /><E34/><V112/><F29/><W132/><G132/><T80/><D125/><U85/><E53/><V48/><F112/><W61/><G61/><T119/><D119/><U31/><E45/><N who="2" m="25639" /><F9/><N who="3" m="2215" /><G28/><T49/><D106/><U3/><E3/><V90/><F90/><W120/><G35/><T43/><D74/><U93/><E86/><V133/><F8/><W15/><G15/><T79/><D2/><U6/><E6/><V62/><F71/><W82/><G82/><N who="0" m="31275" /><D7/><U56/><E56/><N who="2" m="32895" /><F133/><W33/><G33/><T21/><D79/><U10/><E10/><V27/><F27/><W57/><G57/><T84/><D43/><U102/><E102/><V13/><F13/><W46/><G46/><T70/><D70/><U127/><E127/><V14/><F14/><W65/><G120/><T100/><D21/><U42/><E42/><V110/><F110/><W19/><G19/><AGARI ba="3,4" hai="16,19,49,52,58,84,91,92,94,98,100" m="31275" machi="19" ten="30,3900,0" yaku="8,1,54,2" doraHai="135" who="0" fromWho="3" sc="220,88,260,0,279,0,201,-48" /><INIT seed="2,0,0,4,3,132" ten="308,260,279,153" oya="2" hai0="80,96,108,41,17,4,126,57,36,28,69,2,64" hai1="61,95,101,24,50,8,33,16,131,27,22,78,42" hai2="115,63,31,98,58,21,43,26,10,25,135,48,125" hai3="97,23,105,121,83,76,86,65,111,44,73,70,71"/><V119/><F125/><W45/><G121/><T110/><D126/><U120/><E131/><V114/><F135/><W92/><G111/><T29/><D69/><U68/><E120/><V99/><F119/><W30/><G71/><T72/><D96/><N who="1" m="59551" /><E33/><V66/><F115/><W123/><G123/><T109/><D17/><U129/><E8/><V6/><F114/><W53/><G70/><T90/><D57/><U113/><E129/><V77/><F77/><W37/><G37/><T39/><D64/><U11/><E11/><V94/><F26/><W85/><G65/><T81/><D90/><U38/><E38/><V49/><F99/><W84/><G105/><T9/><D81/><U91/><E78/><V14/><REACH who="2" step="1"/><F43/><REACH who="2" ten="308,260,269,153" step="2"/><W56/><G30/><N who="0" m="11883" /><D41/><U59/><E68/><V93/><F93/><W130/><G130/><T133/><D133/><U5/><E27/><V102/><AGARI ba="0,1" hai="6,10,14,21,25,31,48,49,58,63,66,94,98,102" machi="102" ten="20,18000,2" yaku="1,1,0,1,7,1,25,2,8,1,53,1" doraHai="132" doraHaiUra="88" who="2" fromWho="2" sc="308,-60,260,-60,269,190,153,-60" /><INIT seed="2,1,0,1,0,124" ten="248,200,459,93" oya="2" hai0="35,58,34,88,57,13,100,63,73,8,50,20,30" hai1="31,68,32,79,27,46,98,80,44,41,117,104,119" hai2="37,116,26,83,69,84,77,118,5,74,120,48,19" hai3="115,51,128,49,45,3,38,36,12,132,99,21,18"/><V55/><F120/><W59/><G132/><T97/><D73/><U54/><E68/><V112/><F112/><W81/><G3/><T105/><D20/><U92/><E54/><V75/><F69/><W29/><G115/><T6/><D30/><U87/><E104/><V72/><F37/><W65/><G38/><T1/><D1/><U130/><E44/><V134/><F5/><W110/><G36/><T28/><D28/><U131/><E46/><V85/><F134/><W89/><G110/><T7/><D6/><U15/><E15/><V96/><F85/><W90/><G29/><T125/><D125/><U39/><E41/><V91/><F26/><W16/><G99/><T114/><D114/><U17/><E17/><V78/><F19/><W10/><G81/><T62/><D88/><N who="1" m="55559" /><E39/><V113/><F113/><W135/><G135/><T101/><D100/><U103/><E103/><V107/><F55/><W123/><G123/><T129/><D34/><U86/><E86/><V14/><F14/><W64/><G64/><N who="0" m="38991" /><D35/><U95/><E95/><V133/><F48/><W9/><G9/><T82/><D82/><U25/><E25/><V11/><F11/><W121/><G121/><T52/><D50/><U93/><E93/><V76/><F133/><W56/><G51/><T53/><D53/><U71/><E71/><V106/><F106/><W102/><G102/><AGARI ba="1,0" hai="72,74,75,76,77,78,83,84,91,96,102,107,116,118" machi="102" ten="50,9600,0" yaku="34,3" doraHai="124" who="2" fromWho="3" sc="248,0,200,0,459,99,93,-99" owari="248,4.8,200,-20.0,558,65.8,-6,-50.6" /></mjloggm>