<mjloggm ver="2.3"><GO type="225" lobby="0"/><UN n0="%E3%81%82%E3%81%99%E3%81%AB%E3%82%83%E3%82%80" n1="%E3%83%A9%E3%83%BC%E3%83%A1%E3%83%B3%E4%BA%94%E9%83%8E" n2="%E7%B4%94%E6%BD%94%E3%83%94%E3%83%A9%E3%83%8B%E3%82%A2" n3="%E3%81%99%E3%81%84%E3%81%BE%E3%81%9B%E3%83%BC%E3%82%93" dan="16,16,17,16" rate="2078.99,2041.43,2205.81,2116.54" sx="F,M,M,M"/><TAIKYOKU oya="0"/><INIT seed="0,0,0,1,4,49" ten="250,250,250,250" oya="0" hai0="134,18,24,11,120,2,84,66,7,88,109,108,16" hai1="75,37,71,121,95,4,115,104,130,65,114,20,28" hai2="46,110,32,57,135,97,47,133,132,73,101,19,17" hai3="131,128,107,13,53,106,51,54,36,14,31,77,119"/><T44/><D120/><U123/><E104/><V25/><F73/><W48/><G36/><T90/><D134/><U100/><E75/><V127/><F110/><N who="0" m="42602" /><D66/><U76/><E76/><V86/><F86/><W3/><G77/><T27/><D44/><N who="2" m="16938" /><F127/><W0/><REACH who="3" step="1"/><G31/><REACH who="3" ten="250,250,250,240" step="2"/><T40/><D40/><U5/><E37/><V59/><F135/><W39/><G39/><T124/><D124/><U129/><E28/><V85/><F133/><W64/><G64/><T81/><D90/><U99/><E65/><V118/><F132/><W12/><G12/><T58/><D58/><U102/><E71/><V112/><F59/><W41/><G41/><T52/><D52/><U29/><E121/><V122/><F57/><W111/><G111/><T55/><D55/><U78/><E123/><V67/><F67/><W45/><G45/><T61/><D61/><U70/><E70/><V68/><F68/><W26/><G26/><AGARI ba="0,1" hai="2,7,11,16,18,24,26,27,81,84,88" m="42602" machi="26" ten="30,11600,0" yaku="14,1,10,1,54,2" doraHai="49" who="0" fromWho="3" sc="250,126,250,0,250,0,240,-116" /><INIT seed="0,1,0,4,1,62" ten="376,250,250,124" oya="0" hai0="65,71,115,52,105,44,3,30,116,61,2,77,85" hai1="57,113,35,55,107,19,73,86,135,92,132,89,82" hai2="99,134,22,84,114,7,94,42,68,109,104,45,106" hai3="40,6,95,79,80,32,121,108,14,100,103,46,34"/><T37/><D115/><U54/><E113/><V56/><F68/><W0/><G108/><T27/><D116/><U101/><E35/><V69/><F69/><W10/><G121/><T38/><D38/><U20/><E107/><V17/><F109/><W15/><G15/><T5/><D5/><U122/><E122/><V9/><F56/><W133/><G133/><N who="1" m="51274" /><E57/><V119/><F84/><W60/><G60/><T128/><D128/><U4/><E4/><V47/><F47/><W48/><G0/><T76/><D105/><U112/><E112/><V127/><F127/><W64/><G64/><T72/><D72/><U24/><E101/><V111/><F119/><W50/><G50/><T58/><D85/><N who="1" m="52271" /><E73/><V81/><F81/><W70/><G70/><T130/><D130/><U1/><E1/><V11/><F7/><W25/><G95/><T33/><D2/><U123/><E123/><V26/><F111/><W67/><G67/><T120/><D3/><U124/><E124/><V97/><F114/><W83/><G83/><T78/><D120/><U131/><E131/><V53/><F134/><W75/><G34/><T31/><D31/><U88/><AGARI ba="1,0" hai="19,20,24,54,55,82,86,88" m="52271,51274" machi="88" ten="30,2000,0" yaku="20,1,54,1" doraHai="62" who="1" fromWho="1" sc="376,-11,250,23,250,-6,124,-6" /><INIT seed="1,0,0,5,4,125" ten="365,273,244,118" oya="1" hai0="9,59,51,2,67,99,65,98,53,101,8,73,42" hai1="89,134,1,61,88,117,108,14,113,3,38,132,102" hai2="127,55,19,40,46,79,26,70,95,64,18,44,78" hai3="123,33,94,28,120,77,135,68,36,62,76,41,75"/><U58/><E113/><V39/><F127/><W43/><G135/><N who="1" m="51754" /><E117/><V13/><F70/><W11/><G11/><N who="0" m="4171" /><D73/><U60/><E38/><V6/><F64/><N who="0" m="24650" /><D2/><N who="1" m="523" /><E108/><V34/><F6/><W97/><G62/><N who="1" m="24170" /><E58/><V37/><F39/><W126/><G126/><T109/><D109/><U32/><E32/><V100/><F34/><W80/><G68/><T121/><D121/><U4/><E102/><V85/><F100/><W66/><G66/><T48/><D101/><U124/><E124/><V27/><F37/><W119/><G119/><T57/><D57/><U92/><E92/><V72/><F95/><W16/><G36/><T74/><D74/><U29/><E29/><V25/><F72/><W12/><G28/><T50/><D42/><U118/><E118/><V7/><F40/><W49/><G33/><T5/><D5/><U45/><E45/><V10/><F44/><W24/><G43/><T15/><D59/><U130/><E4/><V71/><F71/><W107/><G107/><T47/><D47/><U35/><E35/><V83/><F46/><W86/><G41/><T87/><D51/><U69/><E69/><V30/><F30/><W122/><G49/><T112/><D50/><U63/><E63/><V131/><F55/><W82/><G123/><T22/><D53/><U54/><E54/><V111/><F111/><W105/><G105/><T114/><D48/><U84/><E84/><N who="2" m="48247" /><F131/><W104/><G104/><T115/><D87/><U96/><E130/><V129/><F129/><W91/><G12/><T31/><D15/><U56/><E14/><V81/><AGARI ba="0,0" hai="7,10,13,18,19,25,26,27,79,81,85" m="48247" machi="81" ten="30,1100,0" yaku="8,1" doraHai="125" who="2" fromWho="2" sc="365,-3,273,-5,244,11,118,-3" /><INIT seed="2,0,0,3,0,62" ten="362,268,255,115" oya="2" hai0="122,46,44,1,39,88,100,63,17,116,54,126,115" hai1="52,86,4,40,81,119,21,67,72,76,70,36,56" hai2="13,22,125,121,16,58,128,112,107,41,64,18,9" hai3="61,3,132,55,2,105,123,27,131,95,37,106,92"/><V10/><F107/><W97/><G123/><T117/><D122/><U90/><E119/><V15/><F112/><W48/><G37/><T80/><D1/><U45/><E4/><V84/><F121/><W98/><G131/><T5/><D115/><U43/><E43/><V127/><F128/><W104/><G132/><T50/><D5/><U29/><E29/><V93/><F41/><W114/><G114/><T31/><D31/><U91/><E72/><V59/><F22/><W32/><G61/><T78/><D100/><U38/><E38/><V110/><F110/><W34/><G27/><T71/><D126/><N who="2" m="48138" /><F64/><W0/><G55/><T14/><D39/><U113/><E113/><V130/><F130/><W25/><G48/><T102/><D50/><N who="1" m="30743" /><E21/><V83/><F93/><N who="3" m="35915" /><G25/><T87/><D54/><U23/><E23/><V108/><F108/><W24/><G24/><T120/><D120/><U77/><E77/><AGARI ba="0,0" hai="9,10,13,15,16,18,58,59,77,83,84" m="48138" machi="77" ten="30,2900,0" yaku="18,1,54,1" doraHai="62" who="2" fromWho="1" sc="362,0,268,-29,255,29,115,0" /><INIT seed="2,1,0,0,3,110" ten="362,239,284,115" oya="2" hai0="97,54,43,76,81,88,93,30,7,60,53,68,98" hai1="125,80,108,127,50,52,132,66,69,82,77,61,34" hai2="120,57,20,79,92,39,130,67,38,75,29,63,91" hai3="33,128,27,126,114,55,123,42,100,102,45,131,44"/><V129/><F120/><W47/><G123/><T14/><D43/><U35/><E108/><V40/><F75/><W78/><G126/><N who="1" m="48138" /><E132/><V15/><F79/><W133/><G133/><T13/><D30/><U74/><E82/><V106/><F106/><W59/><G42/><T112/><D112/><U22/><E22/><V111/><F111/><W84/><G114/><T26/><D26/><U36/><E36/><V48/><F48/><W101/><G78/><T117/><D98/><U103/><E103/><V51/><F51/><W16/><G84/><T70/><D117/><U65/><E65/><V58/><F58/><AGARI ba="1,0" hai="34,35,50,52,58,61,66,69,74,77,80" m="48138" machi="58" ten="30,2000,0" yaku="18,1,54,1" doraHai="110" who="1" fromWho="2" sc="362,0,239,23,284,-23,115,0" /><INIT seed="3,0,0,2,1,95" ten="362,262,261,115" oya="3" hai0="35,43,75,134,77,54,13,73,74,56,112,104,23" hai1="97,71,6,30,20,72,51,101,46,65,117,131,98" hai2="120,0,66,116,106,79,85,118,22,90,59,37,48" hai3="58,5,53,100,57,39,52,124,109,108,103,132,15"/><W76/><G124/><T69/><D69/><U4/><E72/><V99/><F0/><W88/><G132/><T86/><D35/><U50/><E65/><V105/><F37/><W126/><G39/><T60/><D104/><U9/><E71/><V115/><F115/><W2/><G2/><T91/><D43/><U26/><E131/><V121/><F22/><W82/><G126/><T80/><D134/><U31/><E101/><N who="3" m="38986" /><G76/><T93/><D112/><U25/><E117/><V29/><F79/><W11/><G58/><T92/><D92/><U14/><E4/><V55/><F66/><W114/><G57/><T123/><D123/><N who="2" m="47178" /><F29/><W3/><G3/><T125/><D125/><U87/><E87/><V96/><F105/><W83/><G114/><T102/><D102/><U127/><E127/><V24/><F106/><W36/><G36/><T1/><D1/><U63/><E63/><V40/><F24/><W21/><G21/><T19/><AGARI ba="0,0" hai="13,19,23,54,56,60,73,74,75,77,80,86,91,93" machi="19" ten="30,1100,0" yaku="0,1" doraHai="95" who="0" fromWho="0" sc="362,11,262,-3,261,-3,115,-5" owari="373,47.3,259,5.9,258,-14.2,110,-39.0" /></mjloggm>