<mjloggm ver="2.3"><GO type="225" lobby="0"/><UN n0="%E3%83%97%E3%83%AC%E3%83%B4%E3%82%A1%E3%83%86%E3%82%A3" n1="%E6%98%93%E5%88%A9%E8%96%A9%E4%BC%AF" n2="%E7%B4%94%E6%BD%94%E3%83%94%E3%83%A9%E3%83%8B%E3%82%A2" n3="%77%72%77%72%77%72%77%72" dan="16,16,16,16" rate="2128.73,2046.50,2153.25,2163.41" sx="F,F,M,M"/><TAIKYOKU oya="0"/><INIT seed="0,0,0,2,1,0" ten="250,250,250,250" oya="0" hai0="19,72,14,113,115,114,62,23,67,26,47,13,126" hai1="77,17,117,1,73,83,85,63,90,111,44,32,127" hai2="81,88,98,86,134,109,118,36,64,59,16,7,12" hai3="22,25,119,96,107,80,50,105,102,28,124,69,37"/><T121/><D72/><U120/><E120/><V135/><F36/><W49/><G119/><T74/><D74/><U56/><E111/><V100/><F109/><W129/><G37/><T46/><D121/><U5/><E127/><V30/><F30/><W42/><G124/><T4/><D126/><U9/><E32/><V21/><F118/><W66/><G129/><T95/><D95/><U29/><E29/><V106/><F64/><W38/><G107/><T8/><REACH who="0" step="1"/><D26/><REACH who="0" ten="240,250,250,250" step="2"/><U112/><E117/><V82/><F135/><W55/><G25/><T92/><D92/><U33/><E73/><V2/><F134/><W43/><G105/><T3/><D3/><U35/><E1/><V87/><F59/><AGARI ba="0,1" hai="4,8,13,14,19,23,46,47,59,62,67,113,114,115" machi="59" ten="40,7700,0" yaku="1,1,52,1,53,1" doraHai="0" doraHaiUra="58" who="0" fromWho="2" sc="240,87,250,0,250,-77,250,0" /><INIT seed="0,1,0,0,5,111" ten="327,250,173,250" oya="0" hai0="116,96,87,112,24,1,94,74,107,60,110,39,47" hai1="61,132,76,65,80,103,126,36,40,115,105,32,83" hai2="7,131,82,29,72,52,133,9,5,3,75,35,25" hai3="16,70,92,6,34,84,62,89,129,33,56,106,0"/><T98/><D1/><U14/><E32/><V57/><F131/><W122/><G106/><T134/><D116/><U120/><E120/><V59/><F133/><W109/><G70/><T93/><D134/><U127/><E132/><V118/><F118/><W113/><G113/><T55/><D74/><U11/><E36/><V41/><F41/><W23/><G109/><T66/><D110/><U128/><E40/><V78/><F59/><W69/><G69/><T53/><D107/><U97/><E128/><V68/><F68/><W19/><G122/><T123/><D123/><U100/><E100/><V44/><F44/><W63/><G19/><T125/><D125/><N who="1" m="47627" /><E76/><V124/><F124/><W71/><G63/><T79/><D112/><U135/><E135/><V104/><F104/><W43/><G43/><T81/><D39/><U58/><E115/><V15/><F72/><W31/><G129/><T114/><D47/><U130/><E130/><V91/><F91/><W26/><G71/><T37/><D37/><U8/><E8/><V30/><F30/><W28/><G28/><T46/><D46/><U50/><E50/><V102/><F102/><W73/><G31/><T54/><D114/><U45/><E45/><V48/><REACH who="2" step="1"/><F3/><REACH who="2" ten="327,250,163,250" step="2"/><W95/><G73/><T88/><D66/><U49/><E49/><V12/><F12/><W117/><G117/><T51/><D60/><U4/><AGARI ba="1,1" hai="4,11,14,58,61,65,80,83,97,103,105" m="47627" machi="4" ten="30,1100,0" yaku="18,1" doraHai="111" who="1" fromWho="1" sc="327,-6,250,24,163,-4,250,-4" /><INIT seed="1,0,0,3,0,94" ten="321,274,159,246" oya="1" hai0="62,44,52,65,130,14,46,28,96,134,133,33,104" hai1="22,53,120,118,3,2,87,95,5,24,128,113,123" hai2="70,99,12,39,4,124,93,64,43,81,129,107,50" hai3="86,78,101,89,73,92,59,41,34,17,66,1,37"/><U102/><E113/><V6/><F129/><W18/><G34/><T57/><D130/><U108/><E118/><V61/><F124/><W30/><G30/><T72/><D72/><U11/><E128/><V79/><F107/><W114/><G114/><T38/><D14/><U121/><E108/><V58/><F39/><W9/><G101/><N who="0" m="62503" /><D38/><U111/><E111/><V126/><F126/><W74/><G74/><T55/><D44/><U106/><E106/><V127/><F127/><W103/><G103/><T132/><D46/><U29/><E53/><V119/><F119/><W69/><G69/><T40/><D40/><U135/><E135/><V125/><F125/><W31/><G31/><T131/><D131/><U54/><E54/><N who="0" m="20521" /><D28/><U112/><E112/><V10/><F70/><W110/><G41/><T47/><D47/><U117/><E117/><V16/><F50/><W85/><G37/><T75/><D75/><U90/><REACH who="1" step="1"/><E102/><REACH who="1" ten="321,264,159,246" step="2"/><V115/><F115/><W109/><G109/><T71/><D33/><U32/><E32/><V45/><F45/><W42/><G110/><T80/><D71/><U67/><E67/><V97/><F43/><W68/><G42/><T48/><D48/><U23/><E23/><V56/><F56/><W7/><G68/><T25/><D25/><U122/><N who="1" m="30720" /><DORA hai="26" /><U91/><E91/><N who="2" m="55487" /><F99/><N who="3" m="57743" /><G59/><T63/><D63/><U98/><E98/><V8/><F8/><W21/><G66/><T83/><AGARI ba="0,1" hai="57,62,65,80,83,132,133,134" m="20521,62503" machi="83" ten="40,5200,0" yaku="20,1,52,1,54,1" doraHai="94,26" who="0" fromWho="0" sc="321,62,264,-26,159,-13,246,-13" /><INIT seed="2,0,0,4,4,22" ten="383,238,146,233" oya="2" hai0="63,119,29,116,46,28,12,115,9,135,54,16,52" hai1="59,121,84,41,17,133,72,107,73,112,19,78,21" hai2="99,60,51,57,95,88,4,100,8,18,93,39,98" hai3="74,25,86,64,32,10,105,47,42,53,111,50,65"/><V125/><F39/><W66/><G74/><T79/><D115/><U104/><E112/><V68/><F125/><W120/><G120/><T49/><D79/><U31/><E133/><V48/><F68/><W118/><G118/><N who="0" m="45099" /><D135/><U82/><E41/><V61/><F18/><W101/><G111/><T37/><D37/><U13/><E31/><N who="0" m="11849" /><D63/><U124/><E124/><V1/><REACH who="2" step="1"/><F60/><REACH who="2" ten="383,238,136,233" step="2"/><W85/><G10/><T113/><D113/><U108/><E108/><V15/><F15/><W81/><G32/><T23/><D9/><U11/><E121/><V109/><F109/><W91/><G50/><T110/><D110/><U2/><E2/><V106/><F106/><W96/><G105/><T122/><D122/><U75/><E19/><V14/><F14/><W24/><G24/><T94/><D94/><U36/><E36/><V117/><F117/><W67/><G25/><T97/><D97/><U34/><E11/><V114/><F114/><W69/><G96/><T27/><D12/><U45/><E104/><V38/><F38/><W7/><G69/><T129/><D129/><U87/><E107/><V102/><F102/><W83/><G101/><T44/><D44/><U90/><E45/><V92/><F92/><W134/><G134/><T56/><D56/><U43/><E59/><V33/><F33/><W131/><G131/><T55/><AGARI ba="0,1" hai="16,23,27,46,49,52,54,55" m="11849,45099" machi="55" ten="30,7900,0" yaku="12,1,52,1,54,2" doraHai="22" who="0" fromWho="0" sc="383,89,238,-20,136,-39,233,-20" /><INIT seed="3,0,0,1,1,134" ten="472,218,97,213" oya="3" hai0="75,131,110,42,61,54,4,34,21,17,123,27,19" hai1="121,24,51,28,67,86,23,105,97,87,118,79,119" hai2="65,50,99,53,25,11,98,49,40,59,96,108,8" hai3="92,102,57,29,116,63,56,55,68,5,122,74,7"/><W106/><G116/><N who="1" m="44586" /><E121/><V94/><F108/><W30/><G122/><T60/><D123/><U13/><E67/><V130/><F130/><W83/><G106/><T90/><D131/><U9/><E79/><V133/><F133/><W1/><G68/><T115/><D115/><U109/><E109/><V78/><F65/><N who="3" m="39143" /><G74/><T81/><D110/><U18/><E51/><V117/><F117/><W125/><G125/><T26/><D42/><U113/><E113/><V2/><F2/><W80/><G1/><T31/><D4/><N who="3" m="1609" /><G92/><T43/><D43/><U127/><E127/><V45/><F78/><W46/><G46/><T84/><D75/><U12/><E12/><V3/><F3/><W77/><G102/><AGARI ba="0,0" hai="9,13,18,23,24,28,86,87,97,102,105" m="44586" machi="102" ten="30,1000,0" yaku="12,1" doraHai="134" who="1" fromWho="3" sc="472,0,218,10,97,0,213,-10" owari="472,57.2,228,2.8,97,-40.3,203,-19.7" /></mjloggm>