<mjloggm ver="2.3"><GO type="225" lobby="0"/><UN n0="%33%74%72%65%65" n1="%E3%81%88%E3%81%8C%E3%82%8F%E3%82%8A%E3%81%8A" n2="%6D%75%75%6D%75%72%61" n3="%E3%83%93%E3%82%BF%E3%83%BC%E3%82%AD%E3%83%A3%E3%83%A9%E3%83%A1%E3%83%AB" dan="17,16,16,16" rate="2248.98,2104.78,2149.01,2044.82" sx="F,M,F,M"/><TAIKYOKU oya="0"/><INIT seed="0,0,0,4,5,38" ten="250,250,250,250" oya="0" hai0="112,98,7,35,83,10,111,62,88,63,117,119,126" hai1="135,133,55,97,124,120,30,24,69,125,64,44,73" hai2="80,45,132,75,50,13,31,36,102,53,46,109,90" hai3="93,56,61,57,5,108,96,123,82,79,8,29,116"/><T107/><D112/><U115/><E115/><V3/><F3/><W22/><G108/><T34/><D111/><U134/><E120/><V100/><F109/><W4/><G4/><T14/><D126/><N who="1" m="48747" /><E73/><V40/><F132/><W67/><G123/><T25/><D107/><U2/><E97/><V92/><F31/><W42/><G116/><T12/><D35/><U41/><E55/><V1/><F1/><W32/><G32/><T58/><D14/><U106/><E106/><V70/><F70/><W127/><G127/><T20/><D34/><N who="1" m="20807" /><E2/><V37/><F37/><W54/><G29/><T28/><D63/><N who="1" m="40095" /><E135/><V101/><F13/><W91/><G22/><T43/><D117/><U74/><E74/><V78/><REACH who="2" step="1"/><F102/><REACH who="2" ten="250,250,240,250" step="2"/><W121/><G121/><T94/><D119/><U26/><E26/><V23/><F23/><W49/><G8/><T9/><D9/><U128/><E128/><V68/><F68/><W105/><G105/><T21/><D21/><U65/><E65/><V86/><AGARI ba="0,1" hai="36,40,45,46,50,53,75,78,80,86,90,92,100,101" machi="86" ten="20,5200,0" yaku="1,1,0,1,7,1,52,1,53,0" doraHai="38" doraHaiUra="11" who="2" fromWho="2" sc="250,-26,250,-13,240,62,250,-13" /><INIT seed="1,0,0,1,0,83" ten="224,237,302,237" oya="1" hai0="30,12,97,81,103,41,9,33,46,86,21,128,45" hai1="116,57,71,42,15,4,126,19,131,23,66,84,99" hai2="132,107,102,100,67,26,13,113,121,88,48,47,64" hai3="124,70,134,0,2,11,31,28,79,51,90,80,69"/><U95/><E116/><V20/><F121/><W27/><G124/><T74/><D128/><U92/><E126/><V14/><F132/><W1/><G134/><T8/><D74/><U119/><E131/><V34/><F34/><W109/><G90/><T106/><D33/><U77/><E119/><V61/><F113/><W44/><G11/><T38/><D45/><U63/><E42/><V32/><F32/><W101/><G101/><N who="2" m="39017" /><F107/><W68/><G27/><T125/><D125/><U52/><E4/><V22/><F22/><W120/><G109/><T6/><D8/><U104/><E104/><V114/><F114/><W82/><G120/><T96/><D96/><U62/><REACH who="1" step="1"/><E99/><REACH who="1" ten="224,227,302,237" step="2"/><V135/><F135/><W76/><G76/><T78/><D97/><U98/><E98/><V35/><F88/><W54/><REACH who="3" step="1"/><G79/><REACH who="3" ten="224,227,302,227" step="2"/><T7/><D106/><U16/><E16/><V115/><F115/><W10/><G10/><T36/><D103/><U5/><E5/><V73/><F35/><W56/><G56/><T87/><D6/><U18/><E18/><V3/><F47/><W60/><G60/><T24/><REACH who="0" step="1"/><D87/><REACH who="0" ten="214,227,302,227" step="2"/><U58/><E58/><V72/><F72/><W29/><AGARI ba="0,3" hai="0,1,2,28,29,31,44,51,54,68,69,70,80,82" machi="29" ten="50,8000,1" yaku="1,1,0,1,29,2,53,0" doraHai="83" doraHaiUra="111" who="3" fromWho="3" sc="214,-20,227,-40,302,-20,227,110" /><INIT seed="2,0,0,5,5,37" ten="194,187,282,337" oya="2" hai0="29,46,84,25,120,61,51,28,43,108,71,22,30" hai1="82,67,86,121,3,63,47,18,59,44,106,113,79" hai2="117,12,8,32,5,80,65,112,85,94,54,89,127" hai3="135,38,93,83,57,110,23,49,16,74,95,77,87"/><V98/><F112/><W119/><G38/><T55/><D120/><U118/><E113/><V104/><F117/><W133/><G119/><T52/><D108/><U41/><E118/><V50/><F127/><W69/><G69/><T100/><D100/><U40/><E121/><V88/><F32/><W122/><G122/><T99/><D99/><U35/><E35/><V109/><F109/><W91/><G110/><T125/><D125/><U60/><E3/><V72/><F72/><W24/><G95/><T129/><D129/><U92/><E106/><V56/><F104/><W21/><G21/><T53/><REACH who="0" step="1"/><D84/><REACH who="0" ten="184,187,282,337" step="2"/><U7/><E7/><V101/><REACH who="2" step="1"/><F65/><AGARI ba="0,1" hai="22,25,28,29,30,43,46,51,52,53,55,61,65,71" machi="65" ten="40,8000,1" yaku="1,1,2,1,52,1,54,1,53,0" doraHai="37" doraHaiUra="11" who="0" fromWho="2" sc="184,90,187,0,282,-80,337,0" /><INIT seed="3,0,0,4,4,70" ten="274,187,202,337" oya="3" hai0="74,46,26,51,48,6,119,108,24,135,41,21,65" hai1="59,1,96,31,95,32,86,126,42,3,91,77,18" hai2="8,40,47,53,68,122,130,43,120,92,132,61,50" hai3="114,39,27,52,104,55,125,93,110,29,33,9,99"/><W34/><G39/><T56/><D119/><U60/><E126/><V124/><F124/><W101/><G114/><T121/><D121/><N who="2" m="46698" /><F130/><W129/><G129/><T14/><D108/><U66/><E42/><N who="2" m="15915" /><F132/><W97/><G125/><T88/><D74/><U72/><E32/><V98/><F8/><W116/><G116/><T10/><D135/><U128/><E128/><V49/><F49/><W111/><G33/><T11/><D11/><U4/><E31/><V113/><F113/><W112/><G112/><T134/><D134/><U64/><E72/><V127/><F127/><W13/><G111/><T80/><D21/><U90/><E77/><V118/><F118/><W100/><G110/><T16/><D6/><AGARI ba="0,0" hai="6,9,13,27,29,34,52,55,93,97,99,100,101,104" machi="6" ten="30,2900,0" yaku="7,1,54,1" doraHai="70" who="3" fromWho="0" sc="274,-29,187,0,202,0,337,29" owari="245,4.5,187,-31.3,202,-19.8,366,46.6" /></mjloggm>