<mjloggm ver="2.3"><GO type="225" lobby="0"/><UN n0="%E5%B8%86%E7%AB%8B%E5%A4%8F%E8%A1%A3" n1="%E5%8F%AF%E5%85%90%E9%82%A3%E7%94%B1%E5%A4%9A" n2="%E3%82%B7%E3%83%B3%E5%A4%AA%E6%9C%97" n3="%E3%81%A8%E3%82%93%E3%81%A8%E3%81%93%E3%81%A8%E3%82%93" dan="16,17,16,16" rate="2120.14,2211.37,2133.62,2107.11" sx="M,F,M,F"/><TAIKYOKU oya="0"/><INIT seed="0,0,0,4,2,131" ten="250,250,250,250" oya="0" hai0="12,128,32,74,42,75,58,113,99,68,86,1,57" hai1="48,22,23,71,46,112,120,51,104,88,107,70,78" hai2="60,49,26,102,16,125,101,84,106,56,121,63,118" hai3="2,83,3,17,64,35,7,85,117,41,13,77,135"/><T54/><D113/><U133/><E120/><V80/><F121/><W19/><G117/><T108/><D1/><U25/><E78/><V110/><F110/><W95/><G35/><T29/><D68/><U122/><E122/><V55/><F118/><W127/><G127/><T89/><D128/><U4/><E4/><V69/><F125/><W116/><G116/><T61/><D42/><U123/><E123/><V8/><F106/><W81/><G64/><T5/><D99/><U30/><E112/><V96/><F69/><W76/><G41/><T52/><D108/><U132/><E88/><N who="2" m="51207" /><F96/><W100/><G7/><T24/><D12/><U53/><E70/><V105/><F105/><W90/><G100/><N who="2" m="38505" /><F26/><W124/><G124/><T37/><D37/><U92/><E92/><V130/><F130/><W129/><G129/><T109/><D5/><U34/><E71/><V72/><F72/><W27/><G27/><T50/><REACH who="0" step="1"/><D109/><REACH who="0" ten="240,250,250,250" step="2"/><U73/><E104/><V36/><F36/><W18/><G3/><T97/><D97/><U126/><E107/><V38/><F38/><W82/><G2/><T47/><D47/><N who="1" m="27807" /><E126/><V111/><F111/><W98/><G13/><AGARI ba="0,1" hai="8,13,16,49,55,56,60,63" m="38505,51207" machi="13" ten="30,3900,0" yaku="8,1,54,2" doraHai="131" who="2" fromWho="3" sc="240,0,250,0,250,49,250,-39" /><INIT seed="1,0,0,0,4,107" ten="240,250,299,211" oya="1" hai0="26,123,63,117,83,48,8,108,18,68,86,127,97" hai1="58,59,106,99,82,53,43,15,67,30,10,92,3" hai2="103,121,46,129,44,32,134,91,39,84,20,33,47" hai3="19,50,9,116,1,126,16,80,114,100,132,13,54"/><U133/><E133/><V0/><F121/><W95/><G114/><T104/><D117/><U4/><E106/><V74/><F39/><W21/><G132/><T36/><D36/><U90/><E43/><V98/><F74/><W113/><G113/><T76/><D123/><U75/><E30/><V23/><F134/><W101/><G116/><T96/><D127/><U51/><E3/><V40/><F0/><W122/><G122/><T131/><D131/><U111/><E111/><V135/><F40/><W120/><G120/><T45/><D108/><U102/><E75/><V88/><F129/><W109/><G109/><T85/><D104/><U79/><E79/><V24/><F135/><W78/><G126/><T60/><D85/><U5/><E5/><V128/><F20/><W125/><G95/><T38/><D38/><U2/><E2/><V94/><F128/><W77/><G125/><T130/><D130/><U17/><E4/><V35/><REACH who="2" step="1"/><F84/><REACH who="2" ten="240,250,289,211" step="2"/><N who="3" m="48143" /><G1/><T62/><D68/><U70/><E70/><V14/><F14/><N who="3" m="7247" /><G78/><T22/><REACH who="0" step="1"/><D8/><REACH who="0" ten="230,250,289,211" step="2"/><U28/><E10/><V89/><F89/><W112/><G112/><T52/><AGARI ba="0,2" hai="18,22,26,45,48,52,60,62,63,76,83,86,96,97" machi="52" ten="30,8000,1" yaku="1,1,2,1,0,1,8,1,54,1,53,0" doraHai="107" doraHaiUra="69" who="0" fromWho="0" sc="230,100,250,-40,289,-20,211,-20" /><INIT seed="2,0,0,1,4,88" ten="330,210,269,191" oya="2" hai0="60,124,74,90,112,29,6,19,117,25,16,42,101" hai1="132,104,15,102,32,110,55,37,47,106,69,14,23" hai2="8,111,64,51,97,118,4,95,82,54,68,31,56" hai3="72,52,131,50,87,27,9,65,119,80,22,33,125"/><V46/><F118/><W122/><G122/><T2/><D74/><U121/><E32/><V59/><F111/><W63/><G119/><T62/><D117/><U94/><E69/><V53/><F31/><W130/><G72/><T39/><D124/><U73/><E73/><V44/><F68/><W58/><G9/><T5/><D112/><U12/><E110/><V126/><F64/><W85/><G33/><T107/><D42/><U108/><E108/><V84/><F126/><W96/><G96/><T123/><D39/><U34/><E34/><V116/><F116/><W134/><G134/><T120/><D90/><U89/><E132/><V45/><F8/><W91/><G87/><T79/><D79/><U26/><E102/><N who="2" m="60735" /><F4/><W103/><G103/><T92/><D107/><U30/><E121/><V78/><F59/><W93/><G125/><T20/><D120/><U13/><N who="1" m="3072" /><DORA hai="48" /><U41/><REACH who="1" step="1"/><E55/><AGARI ba="0,0" hai="44,45,46,51,53,54,55,56,78,82,84" m="60735" machi="55" ten="30,12000,1" yaku="8,1,52,4" doraHai="88,48" who="2" fromWho="1" sc="330,0,210,-120,269,120,191,0" /><INIT seed="2,1,0,0,3,103" ten="330,90,389,191" oya="2" hai0="134,59,109,132,27,8,11,29,75,38,26,17,115" hai1="85,48,21,43,131,116,112,28,102,92,39,133,62" hai2="20,65,106,101,74,19,30,51,122,117,73,88,53" hai3="56,77,46,135,31,69,129,32,1,84,89,41,44"/><V113/><F122/><W87/><G69/><T90/><D75/><U100/><E112/><V76/><F117/><W82/><G1/><T78/><D78/><U45/><E116/><V104/><F113/><W5/><G129/><T18/><D38/><U33/><E33/><V130/><F130/><W91/><G135/><N who="0" m="51755" /><D115/><U80/><E133/><V72/><F65/><W121/><G121/><T36/><D36/><U60/><E131/><V98/><F30/><W120/><G5/><T64/><D64/><U4/><E39/><V107/><F76/><W86/><G32/><N who="0" m="20535" /><D59/><U108/><E108/><V37/><F88/><N who="3" m="33867" /><G31/><T96/><D90/><U0/><E0/><V14/><REACH who="2" step="1"/><F37/><REACH who="2" ten="330,90,379,191" step="2"/><W105/><G120/><T16/><D109/><U9/><E28/><V40/><F40/><W97/><G41/><T3/><D96/><U13/><E100/><V95/><F95/><W127/><G97/><T24/><D8/><U7/><E102/><V83/><F83/><W118/><G82/><T54/><D54/><U123/><E92/><V61/><F61/><W15/><G77/><T79/><D79/><N who="1" m="46239" /><E123/><V94/><F94/><W50/><G118/><T68/><D68/><U12/><E60/><V55/><F55/><W67/><G67/><T99/><D99/><U57/><E9/><V114/><F114/><W125/><G50/><T70/><D70/><U126/><E62/><V2/><F2/><W25/><G84/><T58/><D58/><AGARI ba="1,1" hai="14,19,20,51,53,58,72,73,74,98,101,104,106,107" machi="58" ten="40,12000,1" yaku="1,1,52,3,53,0" doraHai="103" doraHaiUra="35" who="2" fromWho="0" sc="330,-123,90,0,379,133,191,0" /><INIT seed="2,2,0,0,5,131" ten="207,90,512,191" oya="2" hai0="48,32,23,7,22,62,21,74,88,100,123,45,106" hai1="129,127,55,134,9,72,49,92,105,93,122,117,31" hai2="2,102,64,16,14,73,66,25,1,115,56,13,91" hai3="101,76,107,83,113,34,119,125,52,79,11,71,24"/><V57/><F115/><W5/><G119/><T85/><D74/><U89/><E117/><V35/><F73/><W58/><G71/><T68/><D123/><U81/><E105/><V61/><F102/><W116/><G116/><T41/><D32/><U40/><E129/><V18/><F91/><W28/><G125/><T118/><D118/><U3/><E127/><V114/><F114/><W43/><G43/><T120/><D120/><U59/><E122/><V124/><F124/><W27/><G113/><T98/><D7/><U54/><E31/><V86/><F86/><W38/><G38/><T51/><D62/><U77/><E40/><V36/><F36/><W103/><G24/><T4/><D4/><U78/><E78/><V133/><F133/><W90/><G90/><T60/><D60/><U8/><E3/><V75/><F75/><W47/><G47/><T121/><D68/><U39/><E39/><V65/><F35/><W53/><G107/><T112/><D112/><U87/><E93/><V104/><F104/><W96/><G96/><T130/><D130/><U44/><REACH who="1" step="1"/><E134/><REACH who="1" ten="207,80,512,191" step="2"/><V108/><F2/><W50/><G76/><T99/><D121/><U135/><E135/><V12/><F1/><W0/><REACH who="3" step="1"/><G53/><REACH who="3" ten="207,80,512,181" step="2"/><N who="0" m="29839" /><D106/><U128/><E128/><V69/><F66/><W20/><G20/><T95/><D100/><U19/><E19/><V97/><F65/><W37/><G37/><T70/><D70/><U94/><E94/><V110/><F18/><W80/><G80/><T132/><D132/><U26/><E26/><V10/><F25/><W63/><G63/><AGARI ba="2,2" hai="8,9,44,49,54,55,59,63,72,77,81,87,89,92" machi="63" ten="30,2000,0" yaku="1,1,7,1,53,0" doraHai="131" doraHaiUra="111" who="1" fromWho="3" sc="207,0,80,46,512,0,181,-26" /><INIT seed="3,0,0,4,3,115" ten="207,126,512,155" oya="3" hai0="128,82,38,88,40,92,104,66,25,46,133,100,71" hai1="127,26,113,55,126,13,78,119,21,58,37,122,121" hai2="73,45,120,110,118,96,106,124,134,80,52,24,23" hai3="135,111,101,91,74,11,9,28,35,16,83,61,84"/><W62/><G135/><T49/><D133/><U129/><E37/><V59/><F134/><W107/><G74/><T15/><D128/><U95/><E78/><V5/><F110/><W32/><G111/><T87/><D38/><U50/><E113/><V14/><F124/><N who="1" m="47657" /><E13/><V20/><F120/><N who="1" m="46185" /><E95/><V109/><F45/><W17/><G107/><T36/><D36/><U108/><E108/><V41/><F41/><W77/><G77/><T63/><D104/><U102/><E102/><V27/><F109/><W98/><G35/><T60/><D100/><U97/><E97/><V65/><F118/><W112/><G112/><T67/><D15/><U117/><E129/><V93/><F65/><W57/><G98/><T86/><D25/><U47/><E47/><V70/><F70/><W10/><G101/><T54/><D71/><U85/><E85/><V125/><F106/><W7/><G7/><T99/><D86/><U30/><AGARI ba="0,0" hai="21,26,30,50,55,58,117,119" m="46185,47657" machi="30" ten="40,5200,0" yaku="18,1,52,2" doraHai="115" who="1" fromWho="1" sc="207,-13,126,52,512,-13,155,-26" owari="194,-0.6,178,-22.2,499,59.9,129,-37.1" /></mjloggm>