<mjloggm ver="2.3"><GO type="225" lobby="0"/><UN n0="%73%61%6E%64%69%72%69%73" n1="%E7%B4%94%E6%BD%94%E3%83%94%E3%83%A9%E3%83%8B%E3%82%A2" n2="%E3%81%82%E3%81%B9%E3%81%99%E3%81%91" n3="%E3%83%A9%E3%83%96%E3%83%AC%E3%83%BC" dan="16,17,16,18" rate="2152.14,2194.43,2110.75,2184.37" sx="M,M,M,M"/><TAIKYOKU oya="0"/><INIT seed="0,0,0,3,2,103" ten="250,250,250,250" oya="0" hai0="55,42,82,9,108,74,57,75,97,50,64,33,21" hai1="91,11,40,111,106,36,30,23,132,3,121,26,67" hai2="89,66,41,49,47,52,15,59,44,105,0,135,35" hai3="18,14,8,127,98,58,128,109,94,122,62,79,125"/><T68/><BYE who="3" /><D33/><UN n3="%E3%83%A9%E3%83%96%E3%83%AC%E3%83%BC" /><U130/><E67/><V37/><F0/><W19/><G128/><T1/><D108/><U31/><E91/><V95/><F35/><W22/><G109/><T99/><D42/><U28/><E40/><V10/><F135/><W119/><G119/><T5/><D68/><U72/><E23/><V51/><F105/><W70/><G122/><T53/><D64/><U114/><E11/><V24/><F24/><W85/><G70/><T92/><D82/><U115/><E26/><V112/><F112/><W83/><G19/><T113/><D113/><U133/><E30/><V65/><F37/><W73/><G73/><T76/><D76/><U117/><E31/><V13/><F41/><W129/><G129/><T6/><D6/><U93/><E93/><V101/><F101/><W4/><G94/><T16/><D55/><U86/><E86/><V71/><F71/><W48/><G98/><T29/><D99/><U87/><E87/><N who="2" m="52671" /><F15/><W131/><G48/><T123/><D123/><U25/><E25/><V43/><F47/><W116/><G131/><T126/><D126/><U63/><E28/><V20/><F20/><W120/><G120/><T54/><D54/><U32/><E115/><V17/><AGARI ba="0,0" hai="10,13,17,43,44,49,51,52,59,65,66" m="52671" machi="17" ten="30,2000,0" yaku="8,1,54,1" doraHai="103" who="2" fromWho="2" sc="250,-10,250,-5,250,20,250,-5" /><INIT seed="1,0,0,2,4,117" ten="240,245,270,245" oya="1" hai0="50,103,42,36,45,68,107,99,94,71,30,6,105" hai1="86,124,0,3,75,7,44,49,55,77,93,32,66" hai2="96,65,135,92,108,21,109,83,31,34,25,8,35" hai3="113,123,133,60,84,72,118,41,89,29,125,27,115"/><U51/><E32/><V37/><F37/><W104/><G104/><T110/><D110/><N who="2" m="42602" /><F135/><W1/><G1/><T106/><D6/><U79/><E124/><V102/><F65/><W67/><G72/><T26/><REACH who="0" step="1"/><D36/><REACH who="0" ten="230,245,270,245" step="2"/><U43/><E7/><V56/><F8/><W13/><G118/><T95/><D95/><U19/><E3/><V9/><F9/><W111/><G111/><T11/><D11/><U119/><E0/><V129/><F129/><W22/><G125/><T130/><D130/><U76/><E119/><V121/><F83/><W17/><G115/><T5/><D5/><U15/><E75/><V46/><F92/><W53/><G113/><T54/><D54/><U90/><E66/><V126/><F126/><W57/><G53/><T64/><D64/><U24/><E24/><V98/><F25/><W40/><G133/><T74/><D74/><U97/><E55/><V120/><F120/><W20/><G123/><T38/><D38/><U116/><E116/><V85/><F121/><W61/><REACH who="3" step="1"/><G60/><REACH who="3" ten="230,245,270,235" step="2"/><T80/><D80/><AGARI ba="0,2" hai="13,17,20,22,27,29,40,41,57,61,67,80,84,89" machi="80" ten="30,8000,1" yaku="1,1,2,1,7,1,8,1,53,1" doraHai="117" doraHaiUra="14" who="3" fromWho="0" sc="230,-80,245,0,270,0,235,100" /><INIT seed="2,0,0,4,3,121" ten="150,245,270,335" oya="2" hai0="14,60,73,47,115,119,82,29,37,50,114,52,0" hai1="22,125,64,51,15,83,87,104,32,79,135,109,44" hai2="12,25,1,66,106,16,118,5,19,71,36,85,99" hai3="62,17,54,13,31,43,58,59,97,123,108,98,8"/><V92/><F118/><W78/><G123/><T90/><D0/><U26/><E104/><V67/><F36/><W101/><G78/><T91/><D119/><U88/><E125/><V100/><F1/><W80/><G80/><T102/><D37/><U10/><E135/><V132/><F132/><W4/><G31/><T95/><D102/><U86/><E32/><V56/><F71/><W134/><G43/><T74/><D29/><U6/><E64/><N who="2" m="24619" /><F56/><W23/><G108/><T49/><D60/><U41/><E109/><V127/><F127/><W40/><G40/><T128/><D128/><U69/><E69/><V30/><F106/><W3/><G134/><T11/><D50/><U18/><E86/><V103/><F85/><W9/><G101/><T65/><D65/><U75/><E75/><V24/><F103/><W116/><G116/><T93/><D82/><U96/><E96/><V76/><F76/><AGARI ba="0,0" hai="6,10,15,18,22,26,41,44,51,76,79,83,87,88" machi="76" ten="40,2600,0" yaku="8,1,54,1" doraHai="121" who="1" fromWho="2" sc="150,0,245,26,270,-26,335,0" /><INIT seed="3,0,0,5,3,1" ten="150,271,244,335" oya="3" hai0="28,115,105,78,89,9,12,58,13,98,76,129,27" hai1="23,132,21,47,80,69,131,103,52,85,125,84,102" hai2="29,135,93,133,20,40,127,48,26,7,114,18,107" hai3="42,111,36,117,16,35,81,22,118,86,87,39,110"/><W123/><G35/><T43/><D129/><U71/><E125/><V8/><F107/><W24/><G123/><T25/><D115/><U46/><E80/><V90/><F114/><W11/><G11/><T62/><D43/><U108/><E132/><N who="2" m="50763" /><F127/><W17/><G81/><T50/><D50/><U126/><E126/><V112/><F112/><W14/><G14/><T96/><D105/><U68/><E68/><V37/><F37/><W55/><G55/><T61/><D58/><U79/><E108/><V120/><F120/><W106/><G106/><T124/><D124/><U33/><E33/><V44/><F8/><W15/><G15/><T116/><D116/><U95/><E95/><V119/><F119/><W92/><G24/><T67/><D9/><U41/><E41/><V19/><F7/><W109/><G42/><T0/><D0/><U6/><E79/><V2/><F2/><W31/><G92/><T54/><D67/><U134/><E134/><V32/><F32/><W60/><G22/><T53/><REACH who="0" step="1"/><D89/><REACH who="0" ten="140,271,244,335" step="2"/><U97/><E131/><V74/><F48/><W113/><G113/><T51/><D51/><U30/><E71/><V4/><F90/><W56/><G56/><T5/><D5/><U45/><E69/><V10/><F4/><W128/><G128/><T73/><D73/><U99/><E6/><V70/><F74/><W59/><G59/><T122/><D122/><U75/><E75/><V63/><F70/><W130/><G130/><T88/><D88/><U72/><E72/><V101/><F10/><W77/><G111/><T38/><D38/><U94/><E46/><RYUUKYOKU ba="0,1" sc="140,30,271,-10,244,-10,335,-10" hai0="12,13,25,27,28,53,54,61,62,76,78,96,98" owari="170,-33.0,261,6.1,234,-16.6,335,43.5" /></mjloggm>