<mjloggm ver="2.3"><GO type="225" lobby="0"/><UN n0="%E9%89%A2%E5%B7%BB%E3%82%AC%E3%83%96" n1="%E6%A1%9C%E8%8A%B1%E9%96%83%E3%80%85" n2="%4B%2E%32%2E%4B%2E" n3="%72%61%6B%33" dan="16,18,16,18" rate="2061.18,2203.90,2059.70,2304.84" sx="M,M,M,M"/><TAIKYOKU oya="0"/><INIT seed="0,0,0,4,0,80" ten="250,250,250,250" oya="0" hai0="62,102,113,131,26,18,96,92,105,121,1,97,134" hai1="50,47,128,112,89,42,41,94,33,104,64,29,109" hai2="59,72,24,36,115,91,32,73,21,82,5,60,56" hai3="7,49,117,37,103,20,23,125,66,35,123,54,81"/><T13/><D113/><U107/><E112/><V119/><F32/><W27/><G37/><T70/><D121/><U67/><E109/><V75/><F115/><W40/><G125/><T2/><D131/><U99/><E128/><V106/><F106/><W88/><G117/><T93/><D134/><U86/><E41/><V114/><F114/><W118/><G35/><T0/><D26/><U130/><E130/><V133/><F36/><W14/><G66/><T84/><D62/><U53/><E107/><V45/><F133/><W110/><G103/><T63/><D63/><U87/><E104/><V95/><F82/><W111/><G118/><T17/><D70/><U44/><E29/><V76/><F76/><W38/><G40/><T15/><D84/><N who="1" m="32299" /><E33/><V43/><F5/><W16/><G7/><T85/><D85/><U132/><E132/><V52/><F59/><W122/><G38/><T98/><D105/><U135/><E135/><V65/><F119/><W90/><G81/><T58/><D58/><U3/><E3/><V79/><F79/><W9/><G111/><T100/><D97/><U46/><E42/><V12/><F43/><W116/><G116/><T6/><D6/><U28/><E28/><N who="2" m="17423" /><F75/><W124/><G110/><T101/><D101/><U39/><E39/><V74/><F74/><W83/><G83/><T10/><D0/><U57/><AGARI ba="0,0" hai="44,46,47,50,53,57,64,67,89,94,99" m="32299" machi="57" ten="30,7900,0" yaku="8,1,52,3" doraHai="80" who="1" fromWho="1" sc="250,-39,250,79,250,-20,250,-20" /><INIT seed="1,0,0,2,4,100" ten="211,329,230,230" oya="1" hai0="28,105,21,123,61,62,33,107,118,66,117,14,23" hai1="71,44,73,91,96,15,84,29,77,58,135,106,129" hai2="98,121,8,25,103,90,83,76,127,74,45,19,133" hai3="3,126,47,82,54,51,22,95,86,80,125,114,102"/><U69/><E129/><V97/><F121/><W79/><G114/><T85/><D123/><U46/><E135/><V39/><F133/><W16/><G3/><T70/><D85/><U111/><E29/><V31/><F127/><W72/><G102/><T112/><D112/><U110/><E58/><V42/><F90/><W115/><G95/><T108/><D28/><U41/><E15/><V24/><F103/><W4/><G4/><T88/><D14/><U34/><E34/><V94/><F94/><W0/><G0/><T57/><D57/><U17/><E17/><V9/><F24/><W40/><G115/><T122/><D122/><U5/><E5/><V20/><F31/><W113/><G113/><T10/><D108/><N who="1" m="41515" /><E73/><V60/><F60/><W27/><REACH who="3" step="1"/><G40/><REACH who="3" ten="211,329,230,220" step="2"/><T30/><D117/><U6/><E6/><V109/><F109/><W2/><G2/><T99/><D118/><U55/><E41/><V36/><F74/><W7/><G7/><T32/><D33/><U37/><E71/><V87/><F42/><W59/><G59/><T101/><D32/><U43/><E69/><V93/><F93/><W38/><G38/><T119/><D119/><U120/><E120/><V89/><F39/><W124/><G124/><T1/><D1/><U18/><E43/><V52/><F36/><W26/><G26/><T78/><D70/><U130/><E37/><V50/><F98/><W81/><G81/><T65/><D99/><U11/><E96/><V128/><F128/><W67/><G67/><T53/><D101/><U35/><E130/><V132/><F132/><W75/><G75/><RYUUKYOKU ba="0,1" sc="211,-15,329,-15,230,15,220,15" hai2="8,9,19,20,25,45,50,52,76,83,87,89,97" hai3="16,22,27,47,51,54,72,79,80,82,86,125,126" /><INIT seed="2,1,1,3,0,48" ten="196,314,245,235" oya="2" hai0="108,0,17,106,114,63,69,115,62,93,110,7,133" hai1="68,113,23,119,84,71,15,3,107,96,41,55,87" hai2="38,134,54,33,19,112,98,97,78,29,53,25,61" hai3="88,26,6,65,58,66,39,59,51,27,123,45,35"/><V118/><F38/><W86/><G123/><T34/><D106/><U89/><E3/><V72/><F112/><N who="0" m="43050" /><D93/><U60/><E119/><V90/><F118/><W30/><G39/><T12/><D69/><U57/><E41/><V126/><F126/><W14/><G27/><T37/><D63/><U43/><E43/><V52/><F134/><W8/><G66/><T104/><D62/><U70/><E113/><V76/><F61/><W18/><G6/><T109/><D104/><U81/><E87/><V31/><F31/><W83/><REACH who="3" step="1"/><G65/><REACH who="3" ten="196,314,245,225" step="2"/><T56/><D37/><U111/><E71/><V36/><F36/><W95/><G95/><T92/><D92/><U129/><E70/><V77/><F72/><W4/><G4/><T40/><D133/><U47/><E68/><V101/><F101/><W9/><G9/><T16/><D7/><U75/><E75/><V46/><F90/><W1/><G1/><T91/><D0/><U132/><E132/><V99/><REACH who="2" step="1"/><F19/><REACH who="2" ten="196,314,235,225" step="2"/><W64/><G64/><T122/><D91/><U67/><E89/><V74/><F74/><W121/><G121/><T22/><D122/><U49/><E67/><V32/><F32/><W13/><G13/><T73/><D34/><U100/><E15/><V10/><F10/><W120/><G120/><T135/><D73/><U130/><E23/><V127/><F127/><W79/><G79/><T85/><D135/><U21/><E21/><V94/><F94/><W102/><G102/><T116/><D22/><U125/><E125/><V50/><AGARI ba="1,3" hai="25,29,33,46,50,52,53,54,76,77,78,97,98,99" machi="50" ten="40,18000,2" yaku="1,1,0,1,52,3,54,1,53,0" doraHai="48" doraHaiUra="128" who="2" fromWho="2" sc="196,-61,314,-61,235,213,225,-61" /><INIT seed="2,2,0,4,3,3" ten="135,253,448,164" oya="2" hai0="58,46,72,7,134,133,43,33,116,9,110,41,117" hai1="16,6,35,101,12,128,120,76,89,29,97,93,38" hai2="119,127,102,49,11,56,113,87,27,60,1,103,75" hai3="17,77,86,123,79,2,81,24,90,21,18,61,31"/><V84/><F75/><W73/><G123/><T71/><D71/><U39/><E120/><V4/><F113/><W88/><G2/><T111/><D72/><U135/><E135/><N who="0" m="51721" /><D33/><U85/><E76/><V44/><F119/><N who="0" m="45642" /><D58/><U114/><E114/><V67/><F127/><W10/><G61/><T23/><D23/><U74/><E128/><V57/><F57/><W98/><G73/><T37/><D41/><U42/><E42/><V0/><F56/><W47/><G47/><T68/><D68/><U104/><E74/><V15/><F60/><W64/><G64/><T50/><D50/><U51/><E51/><V70/><F49/><W22/><G10/><T69/><D69/><U132/><E132/><V105/><F44/><W59/><G59/><T131/><D131/><U63/><E63/><V19/><F67/><W40/><G40/><T82/><D82/><U5/><E39/><V25/><F70/><W65/><G65/><T80/><D80/><U34/><E38/><V112/><F112/><W13/><REACH who="3" step="1"/><G31/><REACH who="3" ten="135,253,448,154" step="2"/><T30/><D30/><U125/><E29/><V62/><F62/><W115/><G115/><T118/><N who="0" m="45650" /><T95/><DORA hai="107" /><D95/><AGARI ba="2,1" hai="13,17,18,21,22,24,77,79,81,86,88,90,95,98" machi="95" ten="40,5200,0" yaku="1,1,8,1,54,1,53,0" doraHai="3,107" doraHaiUra="66,124" who="3" fromWho="0" sc="135,-58,253,0,448,0,154,68" /><INIT seed="3,0,0,3,5,26" ten="77,253,448,222" oya="3" hai0="5,49,37,117,67,64,120,44,61,16,29,11,58" hai1="66,92,75,9,68,73,90,13,47,45,55,54,112" hai2="24,124,84,70,121,25,106,18,95,80,52,12,133" hai3="130,89,122,6,57,22,62,97,78,0,99,104,87"/><W116/><G116/><T10/><D117/><U56/><E112/><V111/><F106/><W2/><G122/><T123/><D37/><U35/><E35/><V114/><F70/><W42/><G130/><T81/><D123/><U23/><E23/><V53/><F114/><W28/><G42/><T31/><D120/><U91/><E73/><V93/><F121/><W8/><G0/><T79/><D67/><U3/><E75/><V115/><F115/><W19/><G78/><T14/><D81/><U34/><E34/><V82/><F82/><W71/><G104/><T76/><D76/><U20/><E20/><V65/><F65/><W36/><G71/><T15/><D79/><U86/><E90/><V88/><F111/><W46/><G46/><N who="1" m="17418" /><E3/><V110/><F124/><W50/><G50/><T134/><D134/><U59/><E68/><V43/><F43/><W85/><G36/><T40/><AGARI ba="0,0" hai="5,10,11,14,15,16,29,31,40,44,49,58,61,64" machi="40" ten="20,12000,2" yaku="0,1,7,1,8,1,52,2,54,1" doraHai="26" who="0" fromWho="0" sc="77,120,253,-30,448,-30,222,-60" owari="197,-20.3,223,2.3,418,51.8,162,-33.8" /></mjloggm>