<mjloggm ver="2.3"><GO type="225" lobby="0"/><UN n0="%73%69%72%6F%75%74" n1="%73%6C%69%63%6B%33%31%39" n2="%E8%81%B7%E6%A5%AD%E3%80%81%E9%A2%A8%32" n3="%E3%81%9F%E3%81%8C%E3%82%84%E3%81%99" dan="16,16,16,16" rate="2150.51,2195.31,2107.27,2146.15" sx="M,M,M,M"/><TAIKYOKU oya="0"/><INIT seed="0,0,0,1,2,57" ten="250,250,250,250" oya="0" hai0="49,61,67,134,16,5,120,34,43,115,41,75,109" hai1="70,73,117,31,122,135,100,46,103,2,86,37,91" hai2="119,6,113,38,33,24,133,9,19,88,27,8,36" hai3="114,35,51,25,44,14,90,130,65,107,28,77,118"/><T63/><D75/><U47/><E117/><V7/><F113/><W45/><G107/><T40/><D34/><U123/><E2/><V81/><F133/><W60/><G130/><T111/><D115/><U53/><E73/><V10/><F119/><W32/><G114/><T124/><D5/><U132/><E70/><V93/><F81/><W54/><G118/><T97/><D120/><N who="1" m="46123" /><E31/><V84/><F27/><W1/><G1/><T99/><D134/><N who="1" m="51243" /><E53/><V66/><F66/><W26/><G77/><T3/><D3/><U129/><E129/><V87/><F87/><W78/><G78/><T85/><D124/><U30/><E30/><V95/><F95/><W11/><G26/><T83/><D67/><U101/><E37/><V98/><F84/><W23/><G45/><N who="1" m="16906" /><E86/><V62/><F38/><W96/><G96/><N who="0" m="36939" /><D49/><U48/><E48/><V12/><F36/><W50/><G50/><T108/><D16/><U79/><E79/><AGARI ba="0,0" hai="40,41,43,61,63,79,83,85,108,109,111" m="36939" machi="79" ten="40,12000,1" yaku="14,1,10,1,52,2" doraHai="57" who="0" fromWho="1" sc="250,120,250,-120,250,0,250,0" /><INIT seed="0,1,0,5,2,52" ten="370,130,250,250" oya="0" hai0="30,31,89,18,133,29,14,19,135,103,82,117,36" hai1="63,51,10,58,21,65,26,66,33,132,34,23,35" hai2="32,60,16,41,37,119,77,88,130,28,49,127,12" hai3="108,57,13,38,61,54,5,46,53,24,7,78,96"/><T64/><D36/><U98/><E132/><N who="0" m="50761" /><D117/><U43/><E65/><V120/><F120/><W134/><G134/><T87/><D103/><U81/><E10/><V121/><F121/><W40/><G108/><T45/><D45/><U6/><E6/><V104/><F37/><W131/><G131/><T107/><D107/><U128/><E128/><V122/><F104/><W56/><G78/><T0/><D0/><U124/><E124/><V69/><F127/><W44/><G44/><T116/><D116/><U47/><E26/><V55/><F119/><W93/><G24/><T79/><D64/><U42/><E42/><V94/><F41/><W1/><G13/><T112/><D112/><U4/><E4/><V20/><F122/><W80/><G80/><N who="0" m="49383" /><D14/><U100/><REACH who="1" step="1"/><E81/><REACH who="1" ten="370,120,250,250" step="2"/><V15/><F130/><W99/><G1/><T110/><D110/><U76/><E76/><V91/><F77/><W95/><G5/><T115/><D115/><U39/><E39/><V11/><F15/><W72/><G7/><T111/><D111/><U67/><E67/><V101/><F12/><W129/><G129/><T2/><D2/><U90/><E90/><V70/><F88/><W62/><G72/><AGARI ba="1,1" hai="18,19,29,30,31,72,79,82" m="49383,50761" machi="72" ten="30,1500,0" yaku="20,1" doraHai="52" who="0" fromWho="3" sc="370,28,120,0,250,0,250,-18" /><INIT seed="0,2,0,0,2,47" ten="398,120,250,232" oya="0" hai0="29,61,15,118,70,106,113,19,72,104,64,122,6" hai1="34,111,108,12,36,80,27,134,54,92,74,14,46" hai2="102,30,60,112,63,26,25,82,23,44,98,81,105" hai3="52,13,1,0,67,42,101,99,17,123,62,11,31"/><T48/><D72/><U65/><E65/><V2/><F2/><W119/><G42/><T71/><D113/><U109/><E134/><V125/><F125/><W91/><G119/><T100/><D118/><U32/><E92/><V114/><F112/><W5/><G123/><T69/><D122/><U133/><E133/><V96/><F114/><W132/><G132/><T18/><D6/><U59/><E36/><V128/><F128/><W20/><G31/><T33/><D18/><U7/><E46/><V10/><F10/><W117/><G91/><T21/><D48/><N who="1" m="31175" /><E7/><V86/><F44/><W58/><G117/><T127/><D127/><U120/><E120/><V115/><F115/><W116/><G116/><T103/><D103/><U110/><N who="1" m="27648" /><DORA hai="45" /><U135/><E135/><V124/><F102/><W57/><G99/><N who="0" m="61471" /><D106/><U22/><E80/><V3/><F82/><W9/><G101/><T107/><D107/><U73/><E73/><V93/><F81/><W53/><G1/><T75/><D75/><U129/><E74/><V95/><F3/><W41/><G41/><T131/><D131/><U38/><E38/><V83/><F105/><W121/><G121/><T79/><D70/><U77/><E77/><N who="2" m="46447" /><F95/><W28/><G0/><T43/><D79/><U88/><E88/><N who="2" m="55335" /><F98/><W39/><G39/><T76/><D76/><U16/><E129/><V55/><F124/><W4/><G4/><T126/><D126/><U87/><E87/><V85/><F85/><W37/><G5/><T90/><D71/><U35/><AGARI ba="2,0" hai="12,14,16,22,27,32,34,35" m="27648,31175" machi="35" ten="70,8000,1" yaku="14,1,52,2,54,1" doraHai="47,45" who="1" fromWho="1" sc="398,-42,120,86,250,-22,232,-22" /><INIT seed="1,0,0,5,1,62" ten="356,206,228,210" oya="1" hai0="25,61,54,122,18,22,17,58,78,75,23,4,60" hai1="39,72,15,19,120,33,63,8,91,3,116,46,105" hai2="128,95,13,84,43,48,69,130,74,77,26,131,5" hai3="73,114,53,89,0,45,29,65,64,133,102,92,35"/><U107/><E116/><V132/><F69/><W70/><G0/><T20/><D122/><U101/><E120/><V126/><F132/><W28/><G73/><T7/><D75/><U41/><E33/><V135/><F135/><W99/><G133/><T76/><D61/><U36/><E36/><V50/><F126/><W79/><G79/><N who="0" m="30251" /><D20/><U42/><E42/><V83/><F43/><W47/><G70/><T56/><D56/><U52/><E72/><V98/><F26/><AGARI ba="0,0" hai="4,7,17,18,22,23,25,26,54,58,60" m="30251" machi="26" ten="30,1000,0" yaku="8,1" doraHai="62" who="0" fromWho="2" sc="356,10,206,0,228,-10,210,0" /><INIT seed="2,0,0,4,3,116" ten="366,206,218,210" oya="2" hai0="2,44,10,79,67,106,92,55,12,23,27,49,118" hai1="32,90,117,36,134,54,26,7,89,63,113,20,120" hai2="122,99,75,133,37,28,46,109,39,86,104,8,70" hai3="71,50,111,15,123,3,135,22,91,101,65,18,119"/><V64/><F122/><W21/><G3/><T102/><D106/><U74/><E113/><V77/><F133/><W0/><G0/><T115/><D115/><U107/><E117/><V41/><F75/><W58/><G119/><T38/><D2/><U1/><E107/><V42/><F109/><W29/><G135/><T129/><D38/><U128/><E134/><V126/><F126/><W34/><G71/><T35/><D35/><U24/><E36/><V108/><F108/><W5/><G34/><T59/><D129/><U103/><E103/><V17/><F28/><W112/><G101/><T30/><D79/><U60/><E74/><V40/><F104/><W97/><G111/><T94/><D102/><U13/><E1/><V72/><F72/><W105/><G112/><T25/><D25/><U87/><E32/><V16/><F99/><W66/><G5/><N who="0" m="3151" /><D118/><U52/><E128/><V82/><F8/><W98/><G123/><T83/><D83/><U6/><E13/><V130/><F130/><W73/><G73/><T56/><D56/><U11/><E11/><V48/><F37/><W131/><G131/><T84/><D84/><U88/><E87/><V19/><REACH who="2" step="1"/><F39/><REACH who="2" ten="366,206,208,210" step="2"/><W14/><G105/><T95/><D30/><U100/><E120/><V43/><F43/><W68/><G29/><T78/><D23/><U57/><E20/><V80/><F80/><W114/><G114/><T121/><D121/><U62/><E26/><V81/><F81/><W45/><G21/><T53/><D27/><U31/><E24/><V69/><F69/><W61/><G22/><T4/><D95/><RYUUKYOKU ba="0,1" sc="366,-10,206,-10,208,30,210,-10" hai2="16,17,19,40,41,42,46,48,64,70,77,82,86" /><INIT seed="2,1,1,3,2,4" ten="356,196,238,200" oya="2" hai0="10,80,56,48,133,15,95,8,71,69,83,28,7" hai1="102,105,29,125,46,122,58,81,92,84,76,101,57" hai2="109,132,93,36,86,85,63,114,123,130,124,87,39" hai3="103,91,27,33,51,35,96,82,45,49,65,44,60"/><V134/><F123/><W127/><G82/><T14/><D133/><N who="2" m="51306" /><F114/><W16/><G127/><T120/><D120/><U26/><E125/><V73/><F73/><W75/><G75/><T34/><D69/><U25/><E122/><V111/><F124/><W135/><G135/><T1/><D71/><U41/><E105/><V5/><F130/><W112/><G91/><T19/><D34/><U38/><E25/><V106/><F106/><W116/><G116/><T117/><D28/><U79/><E79/><V131/><F131/><W128/><G128/><T22/><D117/><U100/><REACH who="1" step="1"/><E92/><REACH who="1" ten="356,186,238,200" step="2"/><V21/><F93/><W126/><G126/><T121/><D121/><U129/><E129/><V97/><F111/><W42/><G112/><T104/><D95/><U23/><AGARI ba="1,2" hai="23,26,29,38,41,46,57,58,76,81,84,100,101,102" machi="23" ten="30,2000,0" yaku="1,1,0,1,53,0" doraHai="4" doraHaiUra="0" who="1" fromWho="1" sc="356,-6,186,43,238,-11,200,-6" /><INIT seed="3,0,0,1,1,94" ten="350,229,227,194" oya="3" hai0="11,55,4,132,86,66,101,69,122,22,65,42,71" hai1="15,28,135,26,17,121,73,98,21,104,48,134,34" hai2="113,116,57,44,49,129,125,103,5,128,9,105,99" hai3="46,60,58,77,1,68,14,97,64,54,90,76,133"/><W20/><G1/><T118/><D118/><U51/><E121/><V23/><F113/><W62/><G133/><N who="1" m="50698" /><E73/><V52/><F116/><W50/><G14/><T13/><D42/><U80/><E80/><V126/><F23/><W36/><G20/><T40/><D101/><AGARI ba="0,0" hai="15,17,21,26,28,34,48,51,98,101,104" m="50698" machi="101" ten="30,2000,0" yaku="20,1,52,1" doraHai="94" who="1" fromWho="0" sc="350,-20,229,20,227,0,194,0" owari="330,43.0,249,4.9,227,-17.3,194,-30.6" /></mjloggm>