<mjloggm ver="2.3"><GO type="225" lobby="0"/><UN n0="%E5%A4%9C%E3%81%AE%E3%82%AC%E3%82%B9%E3%83%91%E3%83%BC%E3%83%AB" n1="%E7%89%B9%E6%9D%B1%E3%81%AF%E4%B8%96%E7%95%8C%E3%82%92%E6%95%91%E3%81%86" n2="%77%72%77%72%77%72%77%72" n3="%E3%81%8B%E3%82%8F%E3%81%A1%E3%82%83%E3%82%93%35%38" dan="17,16,17,17" rate="2167.04,2169.96,2208.13,2186.72" sx="M,M,M,M"/><TAIKYOKU oya="0"/><INIT seed="0,0,0,1,3,20" ten="250,250,250,250" oya="0" hai0="27,124,25,62,46,55,81,131,32,10,63,21,5" hai1="99,74,116,112,95,6,38,40,28,107,9,67,123" hai2="58,31,64,72,53,86,24,30,119,49,13,92,132" hai3="87,75,79,26,59,43,3,125,117,57,130,78,127"/><T111/><D124/><N who="3" m="47689" /><G117/><T0/><D131/><U82/><E116/><V47/><F119/><W91/><G3/><T129/><D129/><U70/><E123/><V94/><F72/><W114/><G130/><T122/><D122/><U76/><E112/><V41/><F132/><W52/><G75/><T7/><D111/><U104/><E28/><V34/><F31/><W29/><G43/><T4/><D32/><U51/><E51/><V80/><F64/><W120/><G114/><T108/><D108/><U45/><E95/><V68/><F13/><W77/><G120/><T98/><D0/><N who="1" m="199" /><E99/><V134/><F68/><W42/><G42/><T85/><D10/><U16/><E16/><V17/><F17/><W102/><G102/><T19/><D98/><U83/><E83/><V96/><F96/><W1/><G1/><T105/><D105/><U56/><E56/><V61/><REACH who="2" step="1"/><F134/><REACH who="2" ten="250,250,240,250" step="2"/><W15/><G15/><T65/><D65/><U106/><E106/><V93/><F93/><N who="3" m="54527" /><G52/><T84/><D84/><U37/><E37/><V12/><F12/><W44/><G44/><T101/><D19/><U69/><E69/><V18/><F18/><W115/><G115/><T89/><D21/><AGARI ba="0,1" hai="21,26,29,57,59,77,78,79" m="54527,47689" machi="21" ten="30,2000,0" yaku="18,1,52,1" doraHai="20" who="3" fromWho="0" sc="250,-20,250,0,240,0,250,30" /><INIT seed="1,0,0,3,4,43" ten="230,250,240,280" oya="1" hai0="116,90,129,70,54,74,100,37,75,135,92,94,95" hai1="125,44,107,51,52,28,2,53,25,80,39,11,86" hai2="114,99,16,73,91,50,46,29,98,3,40,102,24" hai3="13,34,67,49,85,17,118,103,87,42,59,55,124"/><U128/><E128/><V56/><F114/><W4/><G34/><T69/><D116/><U62/><E125/><V63/><F73/><W83/><G124/><T6/><D129/><U132/><E132/><V104/><F3/><W101/><G118/><T61/><D135/><U41/><E107/><V23/><F29/><W48/><G4/><T10/><D37/><U38/><E2/><V131/><F131/><W32/><G32/><T105/><D75/><U113/><E11/><V0/><F0/><W115/><G115/><T127/><D127/><U119/><E119/><V133/><F133/><W5/><G5/><T7/><D74/><U8/><E8/><V1/><F1/><W112/><G112/><T77/><D77/><U84/><E84/><V79/><F79/><W97/><G67/><T71/><D7/><U35/><E113/><V106/><F91/><W134/><G134/><T66/><D90/><U64/><E38/><V120/><F120/><W65/><G65/><T19/><D19/><U14/><E14/><V72/><F72/><W68/><G68/><T31/><D31/><U121/><E39/><V109/><F109/><W60/><G87/><T33/><D33/><U122/><E122/><V45/><F45/><N who="3" m="25655" /><G97/><T21/><D54/><U57/><E121/><V27/><F27/><W110/><G110/><T20/><D71/><U18/><E18/><V47/><F47/><N who="3" m="28095" /><G17/><T123/><D70/><U117/><E117/><V30/><F30/><W130/><G130/><T36/><D123/><U93/><E93/><N who="2" m="58703" /><F99/><W88/><G13/><N who="0" m="5335" /><D36/><U12/><E12/><V22/><F106/><RYUUKYOKU ba="0,0" sc="230,10,250,10,240,-30,280,10" hai0="20,21,61,66,69,92,94,95,100,105" hai1="25,28,35,41,44,51,52,53,57,62,64,80,86" hai3="59,60,83,85,88,101,103" /><INIT seed="1,1,0,2,0,41" ten="240,260,210,290" oya="1" hai0="51,130,113,129,62,64,77,30,2,67,10,37,97" hai1="72,58,16,125,59,108,57,19,100,39,124,63,120" hai2="13,88,107,45,31,54,1,23,8,48,50,114,60" hai3="82,96,9,56,110,5,40,102,20,109,0,79,14"/><U44/><E120/><V119/><F119/><W11/><G56/><T66/><D113/><U25/><E72/><V26/><F114/><W65/><G65/><T131/><D37/><U111/><E100/><V134/><F134/><W4/><G20/><T128/><N who="0" m="32768" /><DORA hai="68" /><T127/><D127/><N who="1" m="48715" /><E63/><V80/><F107/><W52/><G52/><T116/><D116/><U42/><E25/><V53/><F60/><W78/><G40/><T85/><D30/><U61/><E61/><V122/><F1/><W92/><REACH who="3" step="1"/><G78/><REACH who="3" ten="240,260,210,280" step="2"/><T98/><D62/><U123/><E123/><V95/><F122/><W76/><G76/><T90/><D77/><U55/><E55/><V15/><F53/><W32/><G32/><T35/><D35/><U106/><E106/><V73/><F54/><W33/><G33/><T18/><D67/><U121/><E121/><V94/><F48/><W21/><G21/><T117/><D117/><U43/><E43/><V28/><F50/><W7/><G7/><N who="0" m="1399" /><D66/><U118/><E118/><V36/><F36/><W69/><G69/><T86/><D64/><U22/><E22/><V24/><F23/><W27/><G27/><T89/><D51/><U17/><AGARI ba="1,1" hai="16,17,19,39,42,44,57,58,59,108,111" m="48715" machi="17" ten="40,12000,1" yaku="18,1,52,2,54,1" doraHai="41,68" who="1" fromWho="1" sc="240,-41,260,133,210,-41,280,-41" /><INIT seed="1,2,0,1,3,36" ten="199,393,169,239" oya="1" hai0="43,24,16,99,91,41,89,21,84,129,1,29,77" hai1="119,80,118,31,18,50,111,3,33,83,100,37,6" hai2="102,115,127,71,12,135,0,85,7,104,42,58,32" hai3="34,8,38,64,13,4,25,79,5,59,87,82,134"/><U74/><E37/><V122/><F122/><W2/><G134/><T112/><D112/><U49/><E100/><V22/><F71/><W26/><G34/><T81/><D1/><U90/><E83/><V130/><F32/><W75/><G75/><T110/><D110/><U86/><E74/><V47/><F135/><W101/><G38/><T60/><D129/><U123/><E123/><V55/><F130/><W113/><G113/><T124/><D124/><U93/><E80/><V121/><F121/><W92/><G2/><T131/><D131/><U30/><E111/><V88/><F115/><W69/><G69/><T106/><D60/><U76/><E76/><V128/><F128/><W52/><G64/><T120/><D120/><U66/><E66/><V72/><F72/><W133/><G133/><T28/><D106/><U114/><E114/><V9/><F127/><W108/><G108/><T53/><D53/><U105/><E105/><V94/><F0/><W78/><G78/><T23/><D29/><U97/><E31/><V117/><F117/><W54/><G4/><T109/><D109/><U103/><E18/><V10/><F104/><W132/><G132/><T107/><D107/><U70/><E70/><V73/><F73/><W44/><G44/><T65/><D65/><U51/><E6/><V27/><F102/><W125/><G125/><T95/><D77/><U96/><E3/><V62/><F10/><W126/><G126/><T61/><D61/><U56/><E119/><V57/><F57/><W14/><G59/><T98/><D98/><U11/><E56/><V19/><F47/><RYUUKYOKU ba="2,0" sc="199,15,393,-15,169,15,239,-15" hai0="16,21,23,24,28,41,43,81,84,89,91,95,99" hai2="7,9,12,19,22,27,42,55,58,62,85,88,94" /><INIT seed="2,3,0,5,0,22" ten="214,378,184,224" oya="2" hai0="78,40,65,9,61,129,94,121,107,21,11,83,72" hai1="7,130,4,55,110,45,85,98,17,12,31,79,76" hai2="77,125,60,14,84,37,20,26,32,108,49,115,101" hai3="64,44,126,52,69,106,41,24,3,113,87,0,57"/><V102/><F115/><W48/><G106/><T50/><D121/><U39/><E110/><V13/><F37/><W118/><G118/><T25/><D107/><U38/><E31/><V105/><F32/><W81/><G126/><T74/><D129/><U36/><E130/><V66/><F125/><W92/><G113/><T8/><D94/><U18/><E98/><V88/><F77/><W15/><G92/><T91/><D91/><U93/><E93/><N who="2" m="54407" /><F108/><W67/><G0/><T33/><D33/><U53/><E38/><V27/><F105/><W43/><G3/><T68/><D50/><U117/><E117/><V75/><F75/><W111/><G111/><T120/><D120/><U95/><E36/><V70/><F70/><W2/><G2/><T135/><D40/><U97/><E79/><V59/><F49/><W58/><G69/><T134/><REACH who="0" step="1"/><D74/><REACH who="0" ten="204,378,184,224" step="2"/><U109/><E109/><V71/><F71/><W133/><G41/><T73/><D73/><U104/><E39/><V47/><F47/><W123/><G123/><T116/><D116/><U19/><E45/><V99/><F99/><W42/><G42/><T119/><D119/><U96/><E97/><V6/><F102/><W35/><G43/><T127/><D127/><U1/><E104/><V80/><F101/><W29/><G44/><T128/><D128/><U28/><E96/><V56/><F56/><W34/><G58/><T131/><D131/><U89/><E89/><V112/><F112/><W30/><G34/><T82/><D82/><U103/><E103/><V10/><F80/><W114/><G81/><T62/><D62/><RYUUKYOKU ba="3,1" sc="204,15,378,-15,184,15,224,-15" hai0="8,9,11,21,25,61,65,68,72,78,83,134,135" hai2="6,10,13,14,20,26,27,59,60,66" /><INIT seed="2,4,1,4,1,83" ten="219,363,199,209" oya="2" hai0="85,124,97,86,90,46,68,59,93,109,105,15,52" hai1="112,53,18,13,19,95,78,17,67,12,55,65,116" hai2="130,43,131,80,34,62,75,66,40,14,33,10,22" hai3="54,2,35,45,106,24,16,38,39,29,77,63,115"/><V4/><F22/><W8/><G106/><T89/><D68/><U76/><E95/><V103/><F103/><W36/><G115/><T104/><D109/><U127/><E127/><V87/><F75/><W133/><G133/><T91/><D124/><U3/><E3/><V9/><F9/><W31/><G31/><T1/><D1/><U5/><E116/><V129/><F33/><W0/><G77/><N who="1" m="29802" /><E112/><V117/><F34/><W73/><G73/><T30/><D30/><U42/><E42/><V20/><F20/><W57/><REACH who="3" step="1"/><G45/><REACH who="3" ten="219,363,199,199" step="2"/><T48/><D104/><U99/><E99/><V126/><F117/><W111/><G111/><T6/><D105/><U82/><E5/><V72/><F72/><W71/><G71/><T107/><D107/><U101/><E19/><V98/><F98/><W60/><G60/><T122/><D122/><U49/><E18/><V134/><F134/><W121/><G121/><T28/><D28/><U50/><E17/><V119/><F119/><W23/><G23/><T88/><D46/><U92/><E67/><V100/><F126/><W26/><G26/><T81/><D81/><U123/><E65/><V128/><F128/><W96/><G96/><T61/><D61/><U47/><E123/><V120/><F120/><W79/><G79/><T44/><D44/><N who="1" m="27815" /><E82/><V7/><F7/><W74/><G74/><T118/><D118/><U56/><E47/><V108/><F108/><W37/><N who="3" m="9216" /><DORA hai="110" /><W125/><G125/><T32/><D32/><U102/><E92/><V70/><F100/><AGARI ba="4,2" hai="12,13,50,55,56,100,101,102" m="27815,29802" machi="100" ten="30,1000,0" yaku="8,1" doraHai="83,110" who="1" fromWho="2" sc="219,0,363,42,199,-22,199,0" /><INIT seed="3,0,0,5,2,118" ten="219,405,177,199" oya="3" hai0="80,52,108,131,15,48,91,123,103,20,122,119,81" hai1="99,43,73,117,104,60,86,82,41,55,87,64,76" hai2="79,34,120,0,2,17,71,44,113,10,109,63,62" hai3="59,31,74,65,90,94,27,45,69,132,126,13,85"/><W77/><G126/><T1/><D1/><U23/><E117/><V70/><F113/><W29/><G132/><T42/><D119/><U112/><E112/><V3/><F34/><W25/><G69/><T28/><D108/><U67/><E55/><V128/><F109/><W107/><G107/><T47/><D131/><U88/><E23/><V98/><F128/><W114/><G114/><T96/><D91/><U19/><E19/><V125/><F125/><W8/><G74/><T50/><D122/><U115/><E67/><V4/><F79/><W56/><G45/><T133/><D123/><U129/><E115/><V101/><F17/><N who="3" m="8359" /><G77/><T21/><D133/><U11/><E11/><V26/><F26/><N who="3" m="9739" /><G65/><T72/><D72/><U105/><E129/><V35/><F120/><W40/><G40/><T130/><D130/><U102/><E105/><V46/><F35/><W18/><G18/><T54/><D42/><U53/><E53/><V100/><F10/><W135/><G135/><T75/><D75/><U84/><REACH who="1" step="1"/><E88/><REACH who="1" ten="219,395,177,199" step="2"/><V93/><F4/><W124/><G124/><T57/><D54/><U16/><E16/><V127/><F127/><W32/><G32/><T83/><D52/><U39/><E39/><V121/><F121/><W106/><G106/><T134/><D134/><U5/><E5/><V78/><F78/><W9/><G9/><T61/><D47/><N who="2" m="17962" /><F101/><W116/><G116/><T58/><D103/><U68/><AGARI ba="0,1" hai="41,43,60,64,68,73,76,82,84,86,87,99,102,104" machi="68" ten="30,4000,0" yaku="1,1,0,1,53,1" doraHai="118" doraHaiUra="92" who="1" fromWho="1" sc="219,-10,395,50,177,-10,199,-20" owari="209,0.9,445,54.5,167,-33.3,179,-22.1" /></mjloggm>