<mjloggm ver="2.3"><GO type="225" lobby="0"/><UN n0="%E3%81%B2%E3%81%BE%E3%81%A4%E3%81%B6%E3%81%97" n1="%74%61%6B%75%61%6B%61" n2="%E3%82%B2%E3%82%B9%E8%8C%82%E5%8B%9D" n3="%73%6C%69%63%6B%33%31%39" dan="16,16,16,16" rate="2136.27,2103.42,2048.01,2097.41" sx="M,M,F,M"/><TAIKYOKU oya="0"/><INIT seed="0,0,0,1,1,96" ten="250,250,250,250" oya="0" hai0="16,122,120,83,30,127,135,69,9,35,114,129,7" hai1="94,60,31,88,20,73,131,121,34,107,28,14,19" hai2="46,87,43,41,39,99,65,76,22,113,18,89,25" hai3="57,23,2,130,78,75,105,1,59,104,15,42,123"/><T36/><D69/><U21/><E121/><N who="0" m="46697" /><D83/><U103/><E34/><V29/><F113/><W62/><G42/><T53/><D53/><U115/><E115/><V82/><F65/><W38/><G38/><T77/><D77/><U109/><E73/><V93/><REACH who="2" step="1"/><F41/><REACH who="2" ten="250,250,240,250" step="2"/><W97/><G123/><T27/><D114/><U44/><E131/><V67/><F67/><W91/><G130/><T85/><D129/><U95/><E109/><V61/><F61/><W45/><G62/><T72/><D72/><U71/><E60/><V51/><F51/><W63/><G75/><T66/><D66/><U68/><E71/><V4/><F4/><W6/><G63/><T47/><D7/><U90/><E68/><V37/><F37/><W106/><G6/><T102/><D36/><U64/><E64/><V55/><F55/><W8/><G1/><T32/><D32/><U119/><E119/><V110/><F110/><W13/><G2/><T125/><D35/><U11/><E44/><V116/><F116/><W24/><G45/><T124/><D47/><U86/><E20/><V12/><F12/><W108/><G15/><T26/><D127/><U126/><E126/><V112/><F112/><W132/><G108/><T58/><D125/><U98/><REACH who="1" step="1"/><E21/><REACH who="1" ten="250,240,240,250" step="2"/><V81/><F81/><W79/><G23/><T134/><D124/><U101/><E101/><V40/><F40/><W49/><G49/><T74/><D102/><U80/><E80/><V56/><F56/><W92/><G57/><T54/><D58/><U48/><E48/><V100/><F100/><N who="3" m="60455" /><G59/><T70/><D74/><U117/><E117/><RYUUKYOKU ba="0,2" sc="250,-15,240,15,240,15,250,-15" hai1="11,14,19,28,31,86,88,90,94,95,98,103,107" hai2="18,22,25,29,39,43,46,76,82,87,89,93,99" /><INIT seed="1,1,2,1,4,20" ten="235,255,255,235" oya="1" hai0="98,105,31,121,100,118,38,131,106,107,111,122,42" hai1="43,55,57,82,101,74,40,132,89,7,22,28,117" hai2="8,104,113,47,41,2,62,94,34,97,76,49,56" hai3="36,23,45,48,46,126,13,91,92,17,134,114,35"/><U12/><E117/><V78/><F104/><N who="0" m="40042" /><D31/><U59/><E132/><V93/><F113/><W71/><G114/><T19/><D19/><U120/><E120/><N who="0" m="46185" /><D118/><U85/><E101/><V128/><F128/><W69/><G126/><T73/><D131/><U65/><E74/><V124/><F124/><W67/><G134/><T29/><D29/><U66/><E7/><V50/><F50/><W4/><G4/><T54/><D54/><U109/><E109/><V84/><F34/><W32/><G35/><T44/><D73/><U119/><E119/><V72/><F72/><W1/><G32/><T53/><D53/><U90/><E12/><V81/><F76/><W14/><G14/><T30/><D30/><U3/><E3/><V21/><F21/><W26/><G13/><T5/><D5/><U77/><E22/><V108/><F108/><AGARI ba="1,2" hai="38,42,44,98,100,107,108,111" m="46185,40042" machi="108" ten="40,2600,0" yaku="13,1,23,1" doraHai="20" who="0" fromWho="2" sc="235,49,255,0,255,-29,235,0" /><INIT seed="2,0,0,3,4,63" ten="284,255,226,235" oya="2" hai0="31,72,3,82,17,18,27,101,91,79,113,105,77" hai1="106,44,65,87,93,53,86,23,94,14,59,118,62" hai2="29,58,38,56,47,129,117,36,64,43,57,45,115" hai3="80,92,11,73,6,35,46,109,51,5,32,40,133"/><V116/><F29/><W88/><G109/><T15/><D113/><U100/><E118/><N who="2" m="45675" /><F115/><W12/><G133/><T71/><D3/><U41/><E106/><V75/><F75/><W84/><G73/><T95/><D79/><U128/><E128/><V131/><F64/><W55/><G5/><T69/><D101/><U9/><E23/><V66/><F66/><W111/><G111/><T102/><D102/><U24/><E24/><V76/><F76/><W10/><G10/><T1/><D1/><U74/><E74/><V96/><F96/><W108/><G108/><T19/><D15/><U37/><E53/><V16/><F16/><W4/><G4/><T49/><D49/><U33/><E33/><V132/><F132/><W112/><G112/><T61/><D61/><U124/><E124/><V54/><F54/><W34/><REACH who="3" step="1"/><G55/><REACH who="3" ten="284,255,226,225" step="2"/><T70/><D72/><U135/><E135/><V8/><F8/><W60/><G60/><T98/><D69/><U97/><E93/><AGARI ba="0,1" hai="6,11,12,32,34,35,40,46,51,80,84,88,92,93" machi="93" ten="40,8000,1" yaku="1,1,54,1,53,2" doraHai="63" doraHaiUra="89" who="3" fromWho="1" sc="284,0,255,-80,226,0,225,90" /><INIT seed="3,0,0,5,0,1" ten="284,175,226,315" oya="3" hai0="135,33,97,20,48,129,78,118,32,80,119,19,113" hai1="98,42,127,34,4,124,67,108,130,120,111,6,65" hai2="55,58,83,27,35,29,39,88,110,115,104,24,121" hai3="57,116,112,114,102,51,75,69,63,132,74,94,60"/><W26/><G116/><T17/><D97/><U47/><E34/><V7/><F115/><W86/><G132/><T46/><D113/><U89/><E120/><V126/><F126/><N who="1" m="48169" /><E98/><V100/><F39/><W117/><G117/><T134/><D48/><N who="1" m="26743" /><E89/><V81/><F24/><W9/><G51/><T125/><D46/><U93/><E93/><V2/><F110/><N who="1" m="42025" /><E130/><V107/><F121/><W38/><G38/><T91/><D129/><U62/><E67/><V72/><F72/><W59/><G86/><T95/><D95/><U15/><E15/><V82/><F100/><W66/><G94/><T90/><D91/><U64/><E64/><V12/><F12/><W25/><G102/><T49/><D90/><U16/><E16/><V99/><F99/><W123/><G66/><T14/><D19/><U13/><E13/><V133/><F88/><W56/><G123/><T21/><D17/><U128/><E128/><V23/><F104/><W37/><G114/><T3/><D119/><U22/><E22/><V79/><F107/><W8/><G112/><T54/><D118/><U11/><E11/><V87/><F23/><W105/><G105/><T41/><D20/><U76/><E76/><V52/><F79/><W36/><G8/><T131/><D78/><U50/><E50/><V77/><F77/><W84/><G9/><T73/><D49/><U85/><E85/><V71/><F87/><W96/><G84/><T10/><D14/><U92/><E92/><V28/><F35/><W18/><G18/><T30/><D21/><U40/><E40/><V122/><F122/><W109/><G109/><RYUUKYOKU ba="0,0" sc="284,-10,175,30,226,-10,315,-10" hai1="4,6,62,65" owari="274,7.4,205,-29.5,216,-18.4,305,40.5" /></mjloggm>