<mjloggm ver="2.3"><GO type="225" lobby="0"/><UN n0="%72%69%6F%75%63%68%61%6E" n1="%E5%87%BA%E6%B0%B4" n2="%73%6C%69%63%6B%33%31%39" n3="%E3%83%87%E3%83%A9%E3%82%B3%E3%83%83%E3%82%B3" dan="17,16,16,16" rate="2268.83,2066.12,2111.06,2166.89" sx="M,F,M,M"/><TAIKYOKU oya="0"/><INIT seed="0,0,0,4,2,4" ten="250,250,250,250" oya="0" hai0="61,90,111,114,135,126,42,88,104,84,102,122,41" hai1="12,32,99,120,18,50,131,77,115,132,79,2,40" hai2="94,75,65,9,10,56,81,45,29,121,127,118,48" hai3="63,112,38,47,26,33,5,35,17,60,71,25,96"/><T62/><D114/><U39/><E120/><V113/><F121/><W68/><G112/><T16/><D122/><U34/><E2/><V86/><F113/><W52/><G5/><T117/><D117/><U64/><E132/><V11/><F118/><W87/><G87/><T97/><D135/><U129/><E115/><V69/><F69/><W31/><G96/><T82/><D126/><U3/><E3/><V37/><F127/><W22/><G35/><T116/><D116/><U27/><E39/><V13/><F75/><W123/><G123/><T125/><D125/><U80/><E99/><V124/><F124/><W92/><G92/><T89/><D111/><U67/><E34/><V21/><F94/><W20/><G33/><T54/><D16/><U1/><E1/><V15/><F37/><W100/><G100/><T133/><D133/><U46/><E27/><N who="2" m="16623" /><F56/><W8/><G38/><T58/><REACH who="0" step="1"/><D62/><REACH who="0" ten="240,250,250,250" step="2"/><U49/><E131/><V23/><F65/><W66/><G63/><T108/><D108/><U28/><E129/><V130/><F130/><W36/><G60/><T55/><D55/><U93/><E67/><V14/><F23/><W76/><G66/><T95/><D95/><U24/><E64/><V128/><F128/><W110/><G52/><T57/><D57/><U105/><E93/><V73/><F73/><W119/><G110/><T101/><D101/><U134/><E134/><V103/><F103/><W107/><G119/><T59/><D59/><U53/><E105/><V44/><F48/><W30/><G107/><T74/><D74/><U109/><E109/><V106/><F106/><RYUUKYOKU ba="0,1" sc="240,15,250,-15,250,15,250,-15" hai0="41,42,54,58,61,82,84,88,89,90,97,102,104" hai2="9,10,11,13,14,15,44,45,81,86" /><INIT seed="0,1,1,4,1,1" ten="255,235,265,235" oya="0" hai0="15,24,19,104,16,86,84,130,93,74,135,21,91" hai1="107,34,49,99,116,68,46,117,79,26,96,0,7" hai2="118,23,11,27,67,2,100,105,41,29,56,120,35" hai3="39,110,115,133,129,75,52,8,111,69,53,101,65"/><T102/><D130/><U36/><E49/><V45/><F120/><W125/><G115/><T70/><D135/><U80/><E68/><V54/><F118/><W5/><G133/><T60/><D74/><N who="1" m="43127" /><E99/><V64/><F35/><W82/><G129/><T37/><D37/><U50/><E50/><V114/><F114/><W76/><G39/><T18/><D86/><U83/><E83/><V90/><F90/><W43/><G101/><T92/><D104/><U55/><E55/><V12/><F2/><W62/><G43/><T108/><D108/><N who="3" m="41513" /><G125/><T71/><D60/><U10/><E26/><V113/><F100/><W63/><G63/><T88/><D102/><N who="1" m="62919" /><E34/><V58/><F105/><W73/><G73/><T109/><D109/><U78/><E78/><V32/><F32/><W94/><G94/><T42/><D42/><AGARI ba="1,1" hai="0,7,10,36,42,46,116,117" m="62919,43127" machi="42" ten="30,3900,0" yaku="25,1,23,1,52,1" doraHai="1" who="1" fromWho="0" sc="255,-42,235,52,265,0,235,0" /><INIT seed="1,0,0,4,1,8" ten="213,287,265,235" oya="1" hai0="66,99,114,14,86,115,5,116,23,109,2,119,125" hai1="77,107,15,69,13,100,91,3,1,16,131,105,46" hai2="121,129,21,43,65,36,59,92,74,101,30,29,12" hai3="28,117,58,124,50,32,85,70,104,7,40,4,67"/><U61/><E77/><V62/><F121/><W26/><G124/><T24/><D66/><U128/><E46/><V111/><F111/><W42/><G117/><N who="0" m="45131" /><D86/><U97/><E107/><V75/><F129/><N who="1" m="49737" /><E91/><V0/><F0/><N who="1" m="73" /><E16/><N who="2" m="10375" /><F36/><W81/><G104/><T113/><D99/><U9/><E9/><V112/><F112/><N who="0" m="28674" /><T39/><DORA hai="78" /><D39/><U25/><E25/><V90/><F74/><W18/><G42/><T102/><D102/><U133/><E133/><V6/><F75/><W71/><G40/><T51/><D109/><U56/><E69/><V120/><F120/><W38/><G38/><T57/><D57/><U118/><E118/><V19/><F43/><W82/><G71/><T45/><D45/><U126/><E126/><V54/><F6/><W27/><G70/><T60/><D125/><U79/><E79/><V135/><F135/><W87/><G58/><T110/><D110/><U11/><E11/><V96/><F19/><W88/><G18/><N who="0" m="12407" /><D2/><U37/><E37/><V34/><F101/><W132/><G132/><T73/><D73/><U80/><E80/><V53/><F34/><W22/><G82/><T130/><D130/><U93/><E105/><V122/><F122/><W35/><G81/><T127/><D127/><U17/><E56/><V64/><F64/><W98/><G67/><T48/><D60/><U134/><E134/><V103/><F103/><W123/><G123/><T31/><D31/><AGARI ba="0,0" hai="29,30,31,53,54,59,62,65,90,92,96" m="10375" machi="31" ten="30,3900,0" yaku="8,1,52,1,54,1" doraHai="8,78" who="2" fromWho="0" sc="213,-39,287,0,265,39,235,0" /><INIT seed="2,0,0,5,5,8" ten="174,287,304,235" oya="2" hai0="91,26,24,43,46,125,55,51,36,116,122,41,120" hai1="27,9,123,124,31,35,117,40,28,49,93,30,15" hai2="132,101,48,109,112,130,54,134,19,121,22,79,96" hai3="1,63,12,111,13,16,60,71,14,38,97,99,56"/><V108/><F112/><W74/><G74/><T113/><D113/><U104/><E117/><V131/><F79/><W107/><G38/><T78/><D125/><U68/><E104/><V76/><F76/><W103/><G1/><T44/><D116/><U64/><E124/><V34/><F34/><W114/><G111/><N who="2" m="42569" /><F121/><W94/><G114/><T84/><D78/><U133/><E133/><N who="2" m="51307" /><F48/><W70/><G63/><T81/><REACH who="0" step="1"/><D41/><REACH who="0" ten="164,287,304,235" step="2"/><U7/><E40/><V62/><F62/><W67/><REACH who="3" step="1"/><G16/><REACH who="3" ten="164,287,304,225" step="2"/><T33/><D33/><U87/><E35/><V105/><F54/><W80/><G80/><T110/><D110/><U86/><E123/><AGARI ba="0,2" hai="24,26,36,43,44,46,51,55,81,84,91,120,122,123" machi="123" ten="40,8000,1" yaku="1,1,53,3" doraHai="8" doraHaiUra="118" who="0" fromWho="1" sc="164,100,287,-80,304,0,225,0" /><INIT seed="3,0,0,0,4,12" ten="264,207,304,225" oya="3" hai0="90,135,66,8,50,4,60,16,38,113,98,41,68" hai1="15,14,64,23,51,119,108,40,18,71,129,52,34" hai2="48,1,44,63,102,133,45,85,120,57,17,22,79" hai3="33,111,78,2,103,32,6,100,46,104,112,53,118"/><W130/><G112/><T5/><D38/><U43/><E108/><V7/><F133/><W49/><G118/><T37/><D37/><U91/><E119/><V74/><F74/><W67/><G130/><T70/><D70/><U3/><E3/><V11/><F120/><W47/><G111/><T73/><D73/><U86/><E34/><V132/><F132/><W88/><G78/><T134/><D113/><U126/><E126/><V122/><F102/><W105/><G67/><T27/><D4/><U10/><E129/><V94/><F122/><W81/><G6/><T61/><D61/><U83/><E64/><V77/><F94/><W42/><G2/><T30/><D41/><U114/><E71/><V128/><F128/><W97/><G103/><T101/><D50/><U99/><E99/><V131/><F131/><W39/><REACH who="3" step="1"/><G105/><REACH who="3" ten="264,207,304,215" step="2"/><T29/><D135/><U35/><E114/><V106/><F106/><W28/><G28/><T24/><D134/><U58/><E35/><V121/><F121/><W0/><G0/><T65/><D66/><U110/><E110/><V19/><F79/><W54/><G54/><T116/><D101/><U21/><E21/><V9/><F22/><W59/><G59/><T115/><D115/><U92/><E83/><N who="2" m="47343" /><F7/><AGARI ba="0,1" hai="7,10,14,15,18,23,40,43,51,52,58,86,91,92" machi="7" ten="30,12000,2" yaku="7,1,25,2,8,1,52,1,54,1" doraHai="12" who="1" fromWho="2" sc="264,0,207,130,304,-120,215,0" owari="264,6.4,337,43.7,184,-31.6,215,-18.5" /></mjloggm>