<mjloggm ver="2.3"><GO type="225" lobby="0"/><UN n0="%E8%BE%9B%E5%8F%A3%E3%82%AB%E3%83%AC%E3%83%BC%E3%83%A9%E3%82%A4%E3%82%B9" n1="%E5%BA%97%E9%95%B7%4D" n2="%6D%75%75%73%61%6E%6D%75" n3="%E4%B8%89%E5%88%86%E5%B0%8F%E5%83%A7" dan="17,16,17,16" rate="2224.24,2092.90,2155.67,2092.97" sx="M,M,F,M"/><TAIKYOKU oya="0"/><INIT seed="0,0,0,1,3,76" ten="250,250,250,250" oya="0" hai0="41,129,105,32,36,68,22,116,106,89,69,59,113" hai1="42,111,78,5,10,70,38,128,52,73,29,72,57" hai2="40,131,55,18,115,93,28,122,99,91,74,16,81" hai3="6,87,108,98,132,60,56,49,118,126,2,130,21"/><T75/><D113/><U107/><E70/><V34/><F115/><W112/><G112/><T3/><D32/><U64/><E64/><V67/><F122/><W9/><G118/><T102/><D116/><U37/><E107/><V134/><F134/><W39/><G39/><T26/><D3/><U114/><E114/><V47/><F131/><W12/><G130/><T13/><D129/><U104/><E104/><V51/><F67/><W30/><G108/><T133/><D133/><U50/><E128/><V82/><F34/><W80/><G126/><T125/><D75/><U88/><E111/><V17/><F28/><W11/><G98/><T95/><D105/><U53/><E29/><V15/><F74/><W96/><G96/><T31/><D106/><U94/><E53/><V44/><REACH who="2" step="1"/><F15/><REACH who="2" ten="250,250,240,250" step="2"/><W120/><G132/><T33/><D33/><U109/><E109/><V71/><F71/><W66/><G120/><T54/><D69/><U77/><E73/><V45/><F45/><W1/><G30/><T19/><D68/><U61/><E72/><V58/><F58/><W123/><G123/><T46/><D125/><U84/><E38/><AGARI ba="0,1" hai="16,17,18,38,40,44,47,51,55,81,82,91,93,99" machi="38" ten="40,8000,1" yaku="1,1,52,2,54,1,53,0" doraHai="76" doraHaiUra="23" who="2" fromWho="1" sc="250,0,250,-80,240,90,250,0" /><INIT seed="1,0,0,4,2,65" ten="250,170,330,250" oya="1" hai0="16,60,81,86,118,27,71,124,51,117,6,41,46" hai1="93,9,67,56,13,45,131,66,58,44,17,92,34" hai2="130,98,132,91,101,97,105,25,0,115,3,42,61" hai3="69,15,10,116,22,54,64,113,106,52,40,21,128"/><U111/><E34/><V102/><F115/><W18/><G113/><T100/><D124/><U87/><E131/><V33/><F130/><W30/><G128/><T28/><D6/><U62/><E111/><V48/><F132/><W24/><G106/><T8/><D100/><U79/><E79/><V80/><F61/><W126/><G126/><T31/><D117/><U104/><E104/><V96/><F42/><W108/><G108/><T84/><D118/><U129/><E129/><V19/><F48/><W53/><G40/><T2/><D2/><U109/><E109/><V43/><F43/><W99/><G99/><T95/><D95/><N who="1" m="36427" /><E87/><V110/><F110/><W57/><G116/><T55/><D86/><U89/><E89/><V83/><F91/><W59/><REACH who="3" step="1"/><G10/><REACH who="3" ten="250,170,330,240" step="2"/><T112/><D112/><U72/><E72/><V50/><F105/><W12/><G12/><N who="0" m="7175" /><D27/><U74/><E74/><V107/><F25/><W73/><G73/><T119/><D119/><U23/><E9/><V47/><F107/><W35/><G35/><T63/><D41/><U39/><E39/><V85/><F33/><W11/><G11/><T94/><D84/><U68/><E68/><V36/><F85/><W125/><G125/><T127/><D71/><U20/><E20/><V122/><F97/><W88/><G88/><T5/><D127/><U133/><E133/><V82/><F98/><W121/><G121/><T1/><D1/><U135/><E135/><V29/><F96/><W103/><G103/><T26/><D26/><U70/><E70/><V7/><F122/><W114/><G114/><T134/><D134/><RYUUKYOKU ba="0,1" sc="250,-15,170,15,330,-15,240,15" hai1="13,17,23,44,45,56,58,62,66,67" hai3="15,18,21,22,24,30,52,53,54,57,59,64,69" /><INIT seed="1,1,1,4,1,71" ten="235,185,315,255" oya="1" hai0="57,37,106,66,61,114,68,49,3,52,24,7,119" hai1="13,51,135,18,77,42,89,123,112,47,17,50,53" hai2="84,79,41,22,21,116,45,20,113,70,128,39,36" hai3="11,43,30,56,82,78,4,46,109,76,19,121,103"/><U29/><E112/><V65/><F116/><W58/><G121/><T85/><D114/><U115/><E115/><V95/><F113/><W27/><G109/><T118/><D106/><U14/><E123/><V73/><F73/><W54/><G103/><T111/><D111/><U26/><E135/><V97/><F128/><W8/><G19/><T69/><D69/><U40/><E77/><V117/><F117/><W38/><G11/><T120/><D120/><U80/><E14/><V10/><F10/><W124/><G124/><T133/><D133/><U1/><E1/><V33/><F33/><W55/><G58/><T0/><D37/><U62/><E62/><V44/><F70/><W99/><G99/><T48/><D85/><N who="1" m="50343" /><E51/><V32/><F32/><W87/><G56/><T60/><D3/><U75/><E75/><V67/><F39/><W83/><G27/><T59/><D24/><U74/><E74/><V15/><F15/><W101/><G30/><T28/><D28/><U35/><E18/><V25/><F44/><W100/><G55/><N who="0" m="31975" /><D7/><U125/><E125/><V126/><F126/><W127/><G54/><N who="0" m="33911" /><D0/><U64/><E64/><V92/><F25/><W129/><G127/><T12/><D12/><U107/><E107/><V6/><F6/><W134/><G134/><T86/><D86/><U102/><E102/><V9/><F36/><W23/><G129/><T5/><D5/><U34/><E34/><V110/><F110/><W31/><G4/><T16/><D16/><U131/><E131/><V94/><F97/><W91/><G38/><T122/><D122/><U105/><E105/><RYUUKYOKU ba="1,1" sc="235,15,185,15,315,-15,255,-15" hai0="49,52,61,66,68,118,119" hai1="13,17,26,29,35,40,42,47,50,53" /><INIT seed="1,2,1,1,5,88" ten="250,200,300,240" oya="1" hai0="14,41,119,32,93,83,104,118,42,122,109,28,121" hai1="79,96,85,51,22,12,55,86,16,75,35,54,15" hai2="6,57,3,95,9,127,20,39,135,89,45,78,120" hai3="131,71,123,64,11,63,114,113,34,59,38,36,111"/><U70/><E35/><V0/><F120/><N who="0" m="46186" /><D104/><U61/><E75/><V23/><F127/><W92/><G34/><T117/><D109/><U100/><E79/><V133/><F0/><W47/><G123/><T103/><D83/><U110/><E110/><V44/><F78/><W72/><G72/><T62/><D14/><U81/><E15/><V130/><F130/><W48/><G111/><T68/><D68/><U29/><E29/><V115/><F115/><N who="3" m="44043" /><G92/><T108/><D62/><U46/><E81/><V90/><F57/><W76/><G11/><T21/><D21/><N who="2" m="8266" /><F39/><N who="3" m="14891" /><G76/><T49/><D49/><U107/><REACH who="1" step="1"/><E55/><REACH who="1" ten="250,190,300,240" step="2"/><V37/><F3/><W101/><G131/><T60/><D108/><U7/><E7/><V67/><F135/><W80/><G80/><T56/><D28/><U40/><E40/><V74/><F6/><W31/><G31/><T33/><D33/><U106/><E106/><V124/><F133/><W69/><G101/><T87/><D32/><U52/><E52/><AGARI ba="2,2" hai="47,48,52,59,63,64,69,71" m="14891,44043" machi="52" ten="30,3900,0" yaku="34,2,54,1" doraHai="88" who="3" fromWho="1" sc="250,0,190,-45,300,0,240,65" /><INIT seed="2,0,0,1,1,44" ten="250,145,300,305" oya="2" hai0="2,94,108,60,70,111,112,54,65,51,118,91,41" hai1="131,93,124,114,135,126,102,63,55,89,33,134,105" hai2="3,109,100,96,121,50,6,59,8,53,115,79,133" hai3="14,40,82,18,15,21,88,67,17,113,117,68,31"/><V38/><F115/><W99/><G117/><T120/><D112/><U19/><E33/><V16/><F121/><W39/><G113/><T97/><D120/><U64/><E114/><V22/><F133/><N who="1" m="50697" /><E19/><V25/><F109/><N who="0" m="42058" /><D118/><U85/><E55/><V103/><F38/><W69/><G31/><T86/><D2/><U42/><E42/><V132/><F132/><W10/><G67/><T61/><D61/><U35/><E35/><V101/><REACH who="2" step="1"/><F79/><REACH who="2" ten="250,145,290,305" step="2"/><W46/><REACH who="3" step="1"/><G99/><AGARI ba="0,1" hai="3,6,8,16,22,25,50,53,59,96,99,100,101,103" machi="99" ten="40,12000,1" yaku="1,1,2,1,52,1,54,1,53,0" doraHai="44" doraHaiUra="57" who="2" fromWho="3" sc="250,0,145,0,290,130,305,-120" /><INIT seed="2,1,0,5,2,85" ten="250,145,420,185" oya="2" hai0="48,104,51,130,105,123,93,80,95,96,79,111,75" hai1="23,68,128,20,84,133,116,90,71,57,81,67,36" hai2="44,100,46,87,65,70,118,16,29,91,12,19,1" hai3="62,10,61,27,113,59,73,124,121,21,0,117,58"/><V83/><F118/><W50/><G117/><T15/><D123/><U7/><E116/><V120/><F1/><W134/><G121/><T2/><D2/><U74/><E36/><V94/><F120/><W34/><G34/><T8/><D111/><U69/><E128/><V37/><F37/><W53/><G73/><T24/><D130/><U119/><E119/><V3/><F3/><W25/><G124/><T22/><D104/><U107/><E107/><V132/><F132/><W63/><G134/><T76/><D105/><U9/><E133/><V4/><F70/><W106/><G106/><T45/><D79/><U97/><E74/><V131/><F131/><W110/><G110/><T38/><D38/><U49/><E97/><N who="2" m="59447" /><F65/><W26/><G113/><T31/><D45/><N who="2" m="17514" /><F29/><W56/><REACH who="3" step="1"/><G21/><REACH who="3" ten="250,145,420,175" step="2"/><T115/><D115/><U40/><E40/><V98/><F98/><W114/><G114/><T43/><D43/><U135/><E135/><V18/><F4/><AGARI ba="1,1" hai="0,4,10,25,26,27,50,53,56,58,59,61,62,63" machi="4" ten="40,1300,0" yaku="1,1,53,0" doraHai="85" doraHaiUra="92" who="3" fromWho="2" sc="250,0,145,0,420,-16,175,26" /><INIT seed="3,0,0,0,3,39" ten="250,145,404,201" oya="3" hai0="124,44,5,112,110,41,43,66,51,65,131,61,119" hai1="26,123,86,58,92,19,74,128,64,7,13,111,130" hai2="72,70,83,116,96,87,76,34,105,22,95,47,37" hai3="27,60,89,73,107,129,32,135,67,125,114,133,45"/><W20/><G114/><T35/><D35/><U36/><E74/><V12/><F34/><W31/><G125/><T99/><D119/><U121/><E92/><V68/><F116/><W59/><G129/><N who="1" m="49770" /><E86/><V57/><F57/><W50/><G107/><T94/><D131/><U4/><E58/><V48/><F37/><W38/><G38/><T115/><D110/><U30/><E36/><V29/><F29/><W25/><G73/><T11/><D124/><U75/><E64/><V100/><F22/><W21/><G89/><N who="0" m="55759" /><D43/><U46/><E46/><V24/><F12/><W101/><G101/><T69/><D61/><U88/><E88/><N who="2" m="53663" /><F24/><W84/><G84/><T33/><D33/><N who="1" m="20695" /><E75/><V63/><F63/><W2/><G2/><N who="0" m="439" /><D69/><U0/><E111/><V53/><AGARI ba="0,0" hai="47,48,53,68,70,72,76,83,96,100,105" m="53663" machi="53" ten="30,2000,0" yaku="24,1,54,1" doraHai="39" who="2" fromWho="2" sc="250,-5,145,-5,404,20,201,-10" owari="245,4.5,140,-36.0,424,52.4,191,-20.9" /></mjloggm>