<mjloggm ver="2.3"><GO type="225" lobby="0"/><UN n0="%6D%75%75%6D%75%72%61" n1="%E5%8F%AF%E5%85%90%E9%82%A3%E7%94%B1%E5%A4%9A" n2="%E3%80%90%E8%92%BC%E7%90%89%E3%80%91" n3="%E7%B4%94%E6%BD%94%E3%83%94%E3%83%A9%E3%83%8B%E3%82%A2" dan="17,16,16,17" rate="2185.26,2198.80,2147.76,2141.67" sx="F,F,F,M"/><TAIKYOKU oya="0"/><INIT seed="0,0,0,5,2,21" ten="250,250,250,250" oya="0" hai0="85,66,59,78,46,52,114,115,18,8,124,63,43" hai1="56,55,118,101,60,12,103,29,14,120,42,4,10" hai2="99,34,19,125,38,3,41,20,31,94,79,111,123" hai3="36,83,51,11,82,90,40,102,1,17,2,133,16"/><T23/><D124/><U105/><E118/><V130/><F123/><W110/><G36/><T53/><D8/><U81/><E120/><V76/><F3/><W71/><G71/><T86/><D114/><U92/><E105/><V26/><F125/><W22/><G102/><T96/><D96/><U132/><E132/><V37/><F111/><W107/><G107/><T24/><D115/><U30/><E42/><V6/><F6/><W112/><G110/><T104/><D104/><U47/><E47/><V128/><F76/><W32/><G32/><T108/><D108/><U116/><E116/><V109/><F79/><W61/><G61/><T5/><D5/><U91/><E81/><V62/><F62/><W88/><G133/><T80/><REACH who="0" step="1"/><D85/><REACH who="0" ten="240,250,250,250" step="2"/><N who="1" m="52335" /><E14/><V69/><F109/><W129/><G112/><T73/><D73/><U65/><E65/><V27/><F128/><W33/><G129/><T64/><D64/><U35/><E35/><V122/><F130/><W100/><G33/><T93/><D93/><U49/><E12/><V58/><F122/><W7/><G2/><T134/><D134/><U70/><E10/><V127/><F127/><W75/><G75/><T44/><D44/><U121/><E4/><V39/><F34/><W25/><G100/><T57/><D57/><N who="1" m="33007" /><E121/><V113/><F113/><W50/><G1/><T13/><D13/><U117/><E117/><V119/><F119/><W95/><G7/><T45/><D45/><U74/><E74/><V98/><F69/><W77/><G11/><T72/><D72/><U106/><E70/><V15/><F15/><W0/><G0/><RYUUKYOKU ba="0,1" sc="240,30,250,-10,250,-10,250,-10" hai0="18,23,24,43,46,52,53,59,63,66,78,80,86" /><INIT seed="0,1,1,5,5,73" ten="270,240,240,240" oya="0" hai0="53,68,15,16,22,50,28,97,45,1,102,78,107" hai1="111,93,18,94,127,86,134,40,79,24,67,74,59" hai2="118,88,124,48,115,42,99,123,41,80,12,81,113" hai3="105,82,110,76,14,84,6,69,44,101,17,112,3"/><T95/><D68/><U43/><E111/><V7/><F123/><W103/><G110/><T62/><D1/><U38/><E74/><V108/><F108/><W89/><G69/><T135/><D135/><U25/><E134/><V126/><F118/><W133/><G112/><N who="2" m="43081" /><F7/><W52/><G105/><T19/><D28/><U96/><E127/><N who="2" m="48683" /><F12/><W4/><G3/><T10/><D62/><N who="1" m="38367" /><E38/><V56/><F56/><W58/><G44/><T132/><D132/><U2/><E2/><V27/><F27/><N who="1" m="10313" /><E18/><V119/><F119/><W23/><G133/><T85/><D107/><U34/><E34/><V63/><F63/><N who="3" m="36295" /><G89/><T72/><D72/><U33/><E33/><V54/><F54/><W0/><G0/><T5/><D22/><U104/><E104/><V125/><N who="2" m="48691" /><V129/><DORA hai="100" /><F129/><W109/><G109/><T32/><D32/><U75/><E75/><V46/><F41/><W26/><G6/><T47/><D47/><U83/><E94/><AGARI ba="1,1" hai="42,46,48,80,81,88,94,99" m="48691,43081" machi="94" ten="50,3200,0" yaku="18,1,54,1" doraHai="73,100" who="2" fromWho="1" sc="270,0,240,-35,240,45,240,0" /><INIT seed="1,0,0,4,5,101" ten="270,205,285,240" oya="1" hai0="98,55,96,38,6,100,59,44,12,33,10,127,114" hai1="5,71,122,70,23,81,24,57,130,63,62,3,64" hai2="54,115,131,25,61,45,87,97,80,42,84,121,92" hai3="112,133,60,43,28,13,53,73,82,26,40,8,102"/><U65/><E122/><V129/><F121/><W16/><G112/><T135/><D114/><U14/><E130/><N who="2" m="49675" /><F115/><W36/><G36/><T128/><D128/><U105/><E3/><V120/><F120/><W41/><G133/><T78/><D135/><U88/><E57/><N who="2" m="34999" /><F25/><W20/><G102/><T2/><D127/><U58/><E58/><V94/><F97/><W109/><G109/><T51/><D33/><U4/><E14/><V103/><F103/><W67/><G53/><T116/><D116/><U126/><E126/><V22/><F22/><W113/><G113/><T95/><D78/><U19/><REACH who="1" step="1"/><E105/><REACH who="1" ten="270,195,285,240" step="2"/><V1/><F1/><W48/><G60/><T110/><D110/><U39/><E39/><N who="2" m="21727" /><F84/><AGARI ba="0,1" hai="4,5,19,23,24,62,63,64,65,70,71,81,84,88" machi="84" ten="40,7700,0" yaku="1,1,9,1,54,1,53,0" doraHai="101" doraHaiUra="47" who="1" fromWho="2" sc="270,0,195,87,285,-77,240,0" /><INIT seed="1,1,0,1,2,13" ten="270,282,208,240" oya="1" hai0="39,110,61,42,69,46,43,53,22,14,23,121,10" hai1="83,134,86,107,116,25,66,82,133,75,65,114,127" hai2="102,104,95,24,51,100,28,35,38,21,20,1,34" hai3="118,72,18,17,96,31,93,103,48,77,125,106,85"/><U44/><E114/><V132/><F38/><W19/><G118/><T76/><D110/><U113/><E113/><V111/><F1/><W45/><G125/><T55/><D121/><U129/><E116/><V27/><F111/><W26/><G72/><T2/><D2/><U67/><E107/><V80/><F104/><W63/><G63/><T74/><D43/><U90/><E127/><V32/><F132/><N who="1" m="50793" /><E129/><V87/><F51/><W81/><G106/><T57/><D69/><U30/><E44/><V84/><F95/><W4/><G4/><T49/><D74/><U47/><E47/><V109/><F109/><W73/><G73/><T115/><D115/><U122/><E122/><V78/><REACH who="2" step="1"/><F87/><REACH who="2" ten="270,282,198,240" step="2"/><W99/><G99/><T6/><D39/><U54/><E75/><V56/><F56/><W79/><G85/><T117/><D117/><U5/><E86/><V101/><F101/><W131/><G131/><T60/><D49/><U15/><E83/><V59/><F59/><W124/><G81/><T112/><D57/><U119/><E82/><V8/><F8/><W58/><G58/><T97/><D112/><U108/><E108/><V50/><F50/><W135/><G135/><T68/><D68/><U33/><E119/><V11/><F11/><W128/><G124/><T126/><D126/><U130/><E130/><V92/><F92/><W71/><G71/><T41/><D46/><U29/><E66/><V16/><AGARI ba="1,1" hai="16,20,21,24,27,28,32,34,35,78,80,84,100,102" machi="16" ten="30,7900,0" yaku="1,1,0,1,52,1,54,1,53,0" doraHai="13" doraHaiUra="40" who="2" fromWho="2" sc="270,-21,282,-40,198,92,240,-21" /><INIT seed="2,0,0,5,1,130" ten="249,242,290,219" oya="2" hai0="12,44,90,117,79,62,13,14,49,95,30,100,9" hai1="25,73,89,45,107,70,119,53,113,132,22,4,94" hai2="81,120,42,46,86,54,47,61,91,118,104,122,2" hai3="77,75,27,69,76,40,20,36,93,68,126,74,80"/><V7/><F104/><W32/><G126/><T88/><D117/><U103/><E119/><V0/><F118/><W133/><G93/><T50/><D79/><U39/><E113/><V63/><F47/><W11/><G11/><T6/><D30/><U37/><E70/><V60/><F54/><W35/><G20/><T125/><D125/><U31/><E73/><V131/><F131/><W51/><G51/><T26/><D26/><U78/><E78/><V101/><F101/><W48/><G48/><T121/><D121/><U83/><E83/><V109/><F109/><W23/><G23/><T41/><D62/><U110/><E110/><V67/><F67/><W129/><G129/><T34/><D34/><U59/><E4/><V64/><F64/><W29/><G32/><T1/><REACH who="0" step="1"/><D50/><REACH who="0" ten="239,242,290,219" step="2"/><U108/><E25/><V105/><F120/><W55/><G76/><T92/><D92/><U8/><E94/><V66/><F122/><W98/><G75/><T115/><D115/><U111/><E31/><V71/><F66/><W116/><G116/><T18/><D18/><U15/><E39/><V128/><F71/><W28/><G28/><T124/><D124/><U82/><E37/><N who="2" m="21839" /><F128/><W21/><G69/><T112/><D112/><U102/><E111/><V65/><F65/><W58/><G68/><T57/><D57/><U134/><E59/><V5/><F105/><W52/><G58/><T17/><D17/><U97/><E107/><V85/><F60/><W16/><G16/><T10/><D10/><U96/><E108/><V19/><F63/><W33/><G74/><T114/><D114/><RYUUKYOKU ba="0,1" sc="239,30,242,-10,290,-10,219,-10" hai0="1,6,9,12,13,14,41,44,49,88,90,95,100" /><INIT seed="3,1,1,4,3,10" ten="269,232,280,209" oya="3" hai0="20,19,38,39,121,126,102,26,116,14,46,17,49" hai1="42,82,45,66,114,89,117,41,130,107,75,103,134" hai2="84,52,78,113,72,95,86,119,90,43,61,122,50" hai3="76,29,35,91,111,23,31,81,54,87,51,129,109"/><W16/><G129/><T57/><D116/><U73/><E114/><V34/><F113/><W132/><G132/><T21/><D121/><U118/><E130/><V74/><F34/><W30/><G35/><T24/><D126/><U131/><E131/><V125/><F119/><N who="1" m="45577" /><E134/><V7/><F125/><W85/><G85/><T80/><D102/><U36/><E66/><V112/><F112/><W101/><G101/><T77/><D57/><U69/><E69/><V37/><F37/><W100/><G100/><T13/><D39/><U70/><E70/><V104/><F104/><W3/><G3/><T48/><D38/><U71/><E71/><V0/><F43/><W58/><REACH who="3" step="1"/><G76/><REACH who="3" ten="269,232,280,199" step="2"/><T88/><D77/><U15/><E103/><V123/><F84/><W99/><G99/><T115/><D115/><U60/><E107/><V135/><F78/><W32/><G32/><T65/><D88/><U22/><E89/><V28/><F135/><W25/><AGARI ba="1,2" hai="16,23,25,29,30,31,51,54,58,81,87,91,109,111" machi="25" ten="30,6000,0" yaku="1,1,0,1,54,1,53,0" doraHai="10" doraHaiUra="93" who="3" fromWho="3" sc="269,-21,232,-21,280,-21,199,83" /><INIT seed="3,2,0,1,1,76" ten="248,211,259,282" oya="3" hai0="45,25,66,132,57,21,84,36,33,13,29,106,60" hai1="110,8,111,67,88,42,129,124,96,99,24,126,43" hai2="10,116,15,53,89,100,98,62,39,69,44,35,120" hai3="3,86,12,73,115,72,133,79,47,18,65,30,107"/><W94/><G107/><T28/><D106/><U50/><E129/><V83/><F116/><W38/><G3/><T118/><D118/><U51/><E67/><V97/><F35/><W117/><G117/><T93/><D132/><U70/><E8/><V95/><F120/><W119/><G119/><T78/><D33/><U103/><E24/><V113/><F113/><W102/><G30/><T14/><D29/><U134/><E134/><V11/><F69/><W77/><G65/><T90/><REACH who="0" step="1"/><D78/><REACH who="0" ten="238,211,259,282" step="2"/><U20/><E70/><V56/><F10/><W2/><G79/><T105/><D105/><U46/><E20/><V121/><F121/><W131/><G133/><T125/><D125/><N who="1" m="48235" /><E103/><V75/><F100/><W27/><G102/><T19/><D19/><U58/><E88/><V80/><F89/><W127/><G77/><T6/><D6/><U81/><E111/><V26/><F11/><W59/><G18/><T82/><D82/><U34/><E34/><V49/><F80/><W52/><G127/><T101/><D101/><U48/><E110/><V123/><F83/><W135/><G135/><T128/><D128/><U22/><E22/><V108/><F123/><W64/><G131/><T9/><D9/><U109/><E109/><V74/><F108/><W104/><G104/><T122/><D122/><U130/><E130/><V87/><F95/><W85/><G94/><T23/><D23/><U41/><E81/><V37/><F75/><W112/><G73/><T17/><D17/><U0/><E0/><V71/><F74/><W16/><G72/><T32/><D32/><U7/><E7/><RYUUKYOKU ba="2,1" sc="238,30,211,-10,259,-10,282,-10" hai0="13,14,21,25,28,36,45,57,60,66,84,90,93" /><INIT seed="4,3,1,1,0,135" ten="268,201,249,272" oya="0" hai0="114,67,21,51,0,53,38,68,115,15,112,41,108" hai1="110,118,26,22,103,133,71,44,120,35,107,88,121" hai2="42,34,57,95,20,76,10,85,84,52,82,32,99" hai3="74,54,70,97,58,87,109,122,77,47,126,80,11"/><T37/><D0/><U78/><E110/><V72/><F42/><W45/><G70/><T7/><D108/><U33/><E118/><V6/><F20/><W106/><G109/><T60/><D41/><U56/><E71/><V129/><F129/><W31/><G126/><T19/><D7/><U3/><E3/><V55/><F34/><W93/><G122/><T134/><D134/><U132/><E78/><V75/><F32/><W102/><G31/><T29/><D29/><U116/><E116/><V98/><F72/><W66/><G66/><T46/><AGARI ba="3,1" hai="15,19,21,37,38,46,51,53,60,67,68,112,114,115" machi="46" ten="30,3000,0" yaku="0,1,15,1" doraHai="135" who="0" fromWho="0" sc="268,49,201,-13,249,-13,272,-13" owari="317,41.7,188,-31.2,236,-16.4,259,5.9" /></mjloggm>