<mjloggm ver="2.3"><GO type="225" lobby="0"/><UN n0="%6D%75%75%73%61%6E%6D%75" n1="%E6%B4%BE%E9%81%A3%E3%81%AE%E3%82%B8%E3%83%A3%E3%83%83%E3%82%AF" n2="%E5%B8%86%E7%AB%8B%E5%A4%8F%E8%A1%A3" n3="%E7%8B%82%E6%B0%97%E3%81%AE%E7%9E%B3" dan="17,17,17,16" rate="2181.23,2204.13,2199.28,2034.38" sx="F,M,M,F"/><TAIKYOKU oya="0"/><INIT seed="0,0,0,2,4,118" ten="250,250,250,250" oya="0" hai0="6,66,8,71,80,45,133,28,13,2,132,107,3" hai1="52,93,81,47,108,39,14,72,85,110,38,106,130" hai2="53,18,33,42,131,123,5,105,35,70,69,61,125" hai3="109,65,89,24,27,20,99,60,21,26,82,87,23"/><T88/><D107/><U75/><E106/><V49/><F105/><W59/><REACH who="3" step="1"/><G99/><REACH who="3" ten="250,250,250,240" step="2"/><T135/><D135/><U128/><E108/><AGARI ba="0,1" hai="20,21,23,24,26,27,59,60,65,82,87,89,108,109" machi="108" ten="50,6400,0" yaku="21,2,2,1,53,0" doraHai="118" doraHaiUra="9" who="3" fromWho="1" sc="250,0,250,-64,250,0,240,74" /><INIT seed="1,0,0,2,0,111" ten="250,186,250,314" oya="1" hai0="65,88,80,97,133,1,120,75,63,70,32,57,85" hai1="24,117,124,12,109,39,126,132,41,15,62,14,45" hai2="18,61,44,33,19,115,40,6,87,20,121,43,4" hai3="3,2,129,21,105,59,34,28,118,102,110,108,91"/><U51/><E117/><V27/><F121/><W104/><G118/><T25/><D120/><U96/><E132/><V0/><F33/><W26/><G129/><T106/><D1/><U95/><E109/><N who="3" m="42090" /><G91/><T49/><D75/><U38/><E24/><V5/><F0/><N who="3" m="43" /><G102/><N who="0" m="62799" /><D133/><U36/><REACH who="1" step="1"/><E62/><REACH who="1" ten="250,176,250,314" step="2"/><V30/><F61/><W114/><G114/><T79/><D49/><U90/><AGARI ba="0,1" hai="12,14,15,36,38,39,41,45,51,90,95,96,124,126" machi="90" ten="40,7800,0" yaku="1,1,2,1,0,1,53,0" doraHai="111" doraHaiUra="122" who="1" fromWho="1" sc="250,-26,176,88,250,-26,314,-26" /><INIT seed="1,1,0,3,3,29" ten="224,264,224,288" oya="1" hai0="97,81,84,90,110,38,106,33,123,71,5,22,42" hai1="50,72,34,126,49,125,15,0,7,47,69,61,76" hai2="43,119,32,130,27,134,62,67,116,82,60,85,78" hai3="118,100,117,89,24,20,4,9,41,14,92,105,19"/><U44/><E0/><V115/><F130/><W8/><G41/><T107/><D71/><U132/><E132/><V79/><F134/><W51/><G51/><N who="1" m="19466" /><E76/><V101/><F43/><W94/><G105/><T48/><D38/><U113/><E72/><V104/><F79/><W135/><G135/><T99/><D110/><U40/><E113/><V127/><F127/><N who="1" m="48649" /><E40/><V108/><F62/><W3/><G100/><T70/><D123/><U75/><E75/><N who="2" m="43359" /><F108/><W12/><G92/><T18/><D106/><U65/><E34/><V66/><F66/><W122/><G122/><T103/><D33/><U54/><E54/><V59/><F59/><W55/><G55/><T28/><D107/><U13/><E7/><V98/><F85/><W96/><REACH who="3" step="1"/><G3/><REACH who="3" ten="224,264,224,278" step="2"/><T39/><D42/><U102/><E102/><V133/><F133/><W2/><G2/><T23/><D103/><U58/><E47/><V31/><F115/><W1/><G1/><T46/><D46/><U6/><E44/><V73/><F73/><W88/><G88/><T64/><D90/><U30/><E65/><V57/><F119/><W111/><G111/><T11/><D64/><U35/><E61/><V95/><F116/><W128/><G128/><T52/><D48/><U80/><E80/><V93/><F57/><W26/><G26/><T109/><D52/><U53/><E69/><N who="2" m="42215" /><F95/><W83/><G83/><T21/><D70/><U10/><E58/><V112/><F93/><W124/><G124/><T121/><D109/><U68/><E68/><V16/><F112/><W114/><G114/><T37/><D121/><U63/><E63/><RYUUKYOKU ba="1,1" sc="224,-15,264,-15,224,15,278,15" hai2="16,27,31,32,98,101,104" hai3="4,8,9,12,14,19,20,24,89,94,96,117,118" /><INIT seed="2,2,1,5,0,119" ten="209,249,239,293" oya="2" hai0="19,111,47,90,123,63,49,135,81,73,8,121,60" hai1="0,112,5,83,66,9,72,65,10,12,99,34,46" hai2="110,79,16,126,102,41,97,32,13,108,69,104,92" hai3="94,98,122,53,37,26,28,88,101,64,33,62,130"/><V54/><F32/><W40/><G122/><T127/><D111/><N who="2" m="42538" /><F126/><W2/><G2/><T89/><D127/><U15/><E34/><V36/><F69/><W95/><G130/><T22/><D135/><U129/><E129/><V86/><F54/><W24/><G24/><T14/><D73/><U51/><E112/><V107/><F41/><W133/><G133/><T103/><D103/><U39/><E99/><V52/><F36/><W82/><G82/><T23/><D23/><U124/><E124/><V11/><F52/><W55/><G40/><T134/><D134/><U87/><E72/><V20/><F20/><W48/><G48/><T38/><D38/><U4/><E0/><V91/><F79/><W74/><G74/><T6/><D60/><U29/><E29/><V18/><F18/><W96/><G37/><T106/><D63/><U113/><E113/><V93/><AGARI ba="2,1" hai="11,13,16,86,91,92,93,97,102,104,107" m="42538" machi="93" ten="30,6000,0" yaku="14,1,10,1,54,1" doraHai="119" who="2" fromWho="2" sc="209,-22,249,-22,239,76,293,-22" /><INIT seed="2,3,0,0,3,43" ten="187,227,315,271" oya="2" hai0="65,100,93,119,31,8,123,120,132,13,116,82,11" hai1="118,107,72,28,94,27,37,113,127,20,6,73,51" hai2="34,135,4,45,59,122,1,2,42,87,44,108,50" hai3="14,10,60,32,18,58,68,54,86,89,38,64,67"/><V85/><F122/><N who="0" m="46634" /><D65/><U52/><E113/><V5/><F34/><W36/><G32/><T114/><D82/><U26/><E107/><V111/><F135/><W21/><G67/><T53/><D93/><U101/><E37/><N who="2" m="21583" /><F59/><W74/><G74/><T77/><D53/><U131/><E118/><N who="0" m="45097" /><D100/><U133/><E6/><N who="2" m="2667" /><F87/><W125/><G125/><T41/><D41/><U3/><E133/><V124/><F124/><W15/><G68/><T115/><D77/><U92/><E127/><V103/><F85/><W97/><G97/><T24/><D132/><U129/><E3/><V17/><F17/><W25/><G64/><T22/><D11/><U104/><E104/><V76/><F76/><W84/><G84/><T12/><D12/><U29/><E101/><V0/><F103/><W56/><G56/><T90/><D90/><U16/><E72/><V109/><F2/><W55/><G55/><AGARI ba="3,0" hai="0,1,45,50,55,108,109,111" m="2667,21583" machi="55" ten="30,11600,0" yaku="14,1,10,1,52,2" doraHai="43" who="2" fromWho="3" sc="187,0,227,0,315,125,271,-125" /><INIT seed="2,4,0,1,2,29" ten="187,227,440,146" oya="2" hai0="63,68,47,102,92,70,118,59,83,133,55,16,125" hai1="35,113,27,32,126,104,5,36,97,134,108,75,127" hai2="39,62,105,65,58,9,103,37,46,26,129,131,86" hai3="53,123,60,69,24,6,15,114,66,52,13,45,128"/><V42/><F86/><W116/><G123/><T1/><D1/><U23/><E113/><V25/><F9/><W76/><G116/><T30/><D118/><U135/><E36/><N who="2" m="21831" /><F26/><W73/><G128/><N who="2" m="49225" /><F25/><W7/><G114/><T61/><D30/><N who="1" m="17791" /><E75/><V100/><F105/><W21/><G76/><T10/><D133/><N who="1" m="50699" /><E108/><V14/><F14/><W132/><G73/><T98/><D125/><N who="1" m="47627" /><E5/><V88/><F88/><W43/><G132/><T112/><D112/><U80/><E80/><V4/><F4/><W121/><G121/><T101/><D83/><U95/><E104/><V78/><F78/><W11/><G13/><T84/><D16/><U94/><E94/><V33/><F33/><W51/><REACH who="3" step="1"/><G6/><REACH who="3" ten="187,227,440,136" step="2"/><T91/><D10/><U19/><E19/><AGARI ba="4,1" hai="7,11,15,19,21,24,43,45,51,52,53,60,66,69" machi="19" ten="30,7700,0" yaku="1,1,2,1,7,1,54,1,53,0" doraHai="29" doraHaiUra="99" who="3" fromWho="1" sc="187,0,227,-89,440,0,136,99" /><INIT seed="3,0,0,5,5,22" ten="187,138,440,235" oya="3" hai0="21,88,1,6,92,49,61,31,37,73,56,20,47" hai1="135,70,104,115,46,65,106,93,79,108,99,55,121" hai2="119,62,8,57,4,94,59,111,9,26,83,110,127" hai3="72,85,17,128,7,41,114,124,96,48,54,29,130"/><W64/><G72/><T10/><D37/><U58/><E115/><V44/><F127/><W118/><G118/><T69/><D69/><U33/><E121/><V42/><F119/><W122/><G114/><T84/><D73/><U86/><E33/><V32/><F94/><W95/><G122/><T36/><D36/><U18/><E108/><N who="2" m="41515" /><F83/><W45/><G7/><T52/><REACH who="0" step="1"/><D31/><REACH who="0" ten="177,138,440,235" step="2"/><U112/><E112/><V74/><F74/><W125/><G29/><T89/><D89/><U105/><E135/><V134/><F9/><W68/><G85/><T90/><D90/><U51/><E70/><V63/><F63/><N who="3" m="39967" /><G17/><T14/><D14/><U81/><E18/><V117/><F44/><W0/><G0/><T132/><D132/><U30/><E30/><V38/><F38/><N who="3" m="21687" /><G96/><T82/><D82/><U39/><E39/><V102/><F102/><W80/><G80/><T126/><D126/><N who="3" m="48745" /><G95/><T24/><D24/><U27/><E27/><V113/><F26/><W35/><G35/><T109/><D109/><U67/><REACH who="1" step="1"/><E46/><AGARI ba="0,1" hai="46,48,54,128,130" m="48745,21687,39967" machi="46" ten="30,5800,0" yaku="18,1,34,2" doraHai="22" who="3" fromWho="1" sc="177,0,138,-58,440,0,235,68" /><INIT seed="3,1,0,5,4,53" ten="177,80,440,303" oya="3" hai0="51,77,71,50,25,32,41,6,106,40,17,1,70" hai1="57,82,116,28,78,132,65,39,14,67,134,105,42" hai2="33,90,108,48,27,35,60,36,63,26,18,56,30" hai3="98,68,66,84,97,130,85,93,13,43,11,101,3"/><W126/><G126/><T45/><D106/><U89/><E105/><V133/><F36/><W112/><G112/><T103/><D103/><U52/><E28/><V124/><F124/><W114/><G114/><T100/><D100/><U9/><E89/><V20/><F108/><W79/><G3/><T74/><D17/><U10/><E10/><V86/><F133/><N who="1" m="51305" /><E78/><V49/><F63/><W37/><G130/><T76/><D76/><U72/><E72/><V54/><F35/><W75/><G75/><T99/><D77/><U104/><E104/><V87/><F87/><W4/><G79/><T69/><D99/><U107/><E107/><V95/><AGARI ba="1,0" hai="18,20,26,27,30,33,48,49,54,56,60,86,90,95" machi="95" ten="20,2700,0" yaku="0,1,7,1,52,1" doraHai="53" who="2" fromWho="2" sc="177,-8,80,-8,440,30,303,-14" owari="169,-23.1,72,-42.8,470,57.0,289,8.9" /></mjloggm>