<mjloggm ver="2.3"><GO type="225" lobby="0"/><UN n0="%72%65%6E%6B%75%6E" n1="%E3%81%BF%E3%81%BF%E3%81%9A" n2="%E6%A1%9C%E8%8A%B1%E9%96%83%E3%80%85" n3="%E7%99%BD%E6%97%A5%E9%9B%AA%E8%8F%9C" dan="17,18,16,17" rate="2210.50,2256.83,2148.22,2181.88" sx="M,M,M,M"/><TAIKYOKU oya="0"/><INIT seed="0,0,0,5,0,125" ten="250,250,250,250" oya="0" hai0="132,91,39,49,0,130,72,92,70,87,100,25,29" hai1="62,107,135,40,80,57,123,68,120,9,76,45,5" hai2="21,36,15,131,101,50,134,46,2,59,75,52,99" hai3="34,108,6,38,12,117,85,18,94,8,69,93,14"/><T116/><D39/><U102/><E135/><V35/><F134/><W63/><G117/><T11/><D116/><U74/><E102/><V73/><F35/><W17/><G34/><T84/><D132/><U82/><E107/><V31/><F2/><W126/><G38/><T3/><D72/><U122/><E82/><V64/><F131/><W112/><G112/><T26/><D70/><U1/><E68/><V114/><F114/><W22/><G126/><T55/><D130/><U106/><E106/><V111/><F111/><W71/><G108/><T90/><D100/><U88/><E88/><V103/><F103/><W60/><G6/><T128/><D128/><U97/><E97/><V44/><F44/><W32/><G32/><T118/><D118/><U27/><E27/><V58/><F58/><W98/><G85/><T110/><D11/><U65/><REACH who="1" step="1"/><E122/><REACH who="1" ten="250,240,250,250" step="2"/><V10/><F99/><W133/><G133/><T61/><D110/><U105/><E105/><V66/><F101/><W96/><G71/><T37/><D25/><U124/><E124/><V41/><F75/><W129/><G69/><T16/><D90/><U24/><E24/><V119/><F73/><W81/><G81/><T95/><D95/><U23/><E23/><V7/><F119/><W43/><G22/><N who="0" m="13639" /><D29/><U104/><E104/><V33/><F33/><W86/><G94/><T13/><D84/><U42/><E42/><V47/><F31/><W121/><G86/><T127/><D127/><U30/><E30/><V89/><F89/><W51/><G93/><T113/><D91/><U115/><E115/><V78/><F21/><RYUUKYOKU ba="0,1" sc="250,-10,240,30,250,-10,250,-10" hai1="1,5,9,40,45,57,62,65,74,76,80,120,123" /><INIT seed="1,1,1,3,2,130" ten="240,270,240,240" oya="1" hai0="100,8,92,76,1,104,62,63,97,134,125,80,64" hai1="46,65,29,132,6,7,13,66,39,45,35,15,16" hai2="116,107,17,85,75,51,33,36,43,79,48,109,26" hai3="111,123,42,74,96,58,18,71,5,11,94,122,61"/><U103/><E132/><V9/><F116/><W10/><G74/><T112/><D125/><U77/><E35/><V101/><F85/><W0/><G71/><T31/><D31/><U2/><E29/><V50/><F109/><W38/><G111/><T110/><D110/><U120/><E2/><V127/><F127/><W21/><G11/><T3/><D112/><U57/><E120/><V55/><F55/><W98/><G42/><T102/><D134/><U114/><E114/><V32/><F101/><W81/><G81/><T105/><D8/><U28/><E28/><V40/><F107/><W90/><G38/><T82/><D92/><U118/><E118/><V115/><F115/><W37/><G37/><T25/><D25/><U60/><E39/><V44/><F43/><W12/><REACH who="3" step="1"/><G96/><REACH who="3" ten="240,270,240,230" step="2"/><T108/><D108/><U34/><E6/><V83/><F9/><W73/><G73/><T23/><D97/><U93/><E7/><V87/><F75/><W49/><G49/><T27/><D82/><U88/><E60/><V95/><F36/><W117/><G117/><T78/><D80/><U53/><E77/><V113/><F113/><W106/><G106/><T91/><D104/><U135/><E135/><V59/><F95/><W19/><G19/><T69/><D105/><U52/><E16/><V119/><F119/><W128/><G128/><T22/><D69/><U56/><E93/><V68/><F68/><W129/><G129/><T14/><D78/><U70/><E70/><V67/><F50/><W30/><G30/><T126/><D76/><U24/><E34/><V131/><F131/><RYUUKYOKU ba="1,2" sc="240,-10,270,-10,240,-10,230,30" hai3="0,5,10,12,18,21,58,61,90,94,98,122,123" /><INIT seed="2,2,2,1,4,10" ten="230,260,230,260" oya="2" hai0="69,105,74,46,39,102,2,70,31,135,23,67,20" hai1="49,52,58,90,38,75,118,11,104,41,32,25,110" hai2="133,54,130,56,88,17,45,127,87,34,36,24,3" hai3="44,16,53,72,65,134,120,4,113,8,85,9,61"/><V6/><F127/><W98/><G72/><T30/><D74/><U94/><E118/><V108/><F130/><W35/><G120/><T48/><D2/><U131/><E104/><V29/><F133/><W21/><G35/><T116/><D39/><U60/><E75/><V119/><F119/><W128/><G128/><T97/><D116/><U106/><E106/><V92/><F108/><W121/><G121/><T122/><D122/><U55/><E131/><V5/><F3/><W123/><G123/><T37/><D37/><U0/><E110/><V7/><F17/><W117/><G117/><T95/><D105/><U51/><E38/><V14/><F14/><N who="3" m="9367" /><G134/><T103/><D135/><U42/><E32/><V22/><F34/><W111/><G4/><T86/><D86/><U26/><E11/><V1/><F1/><W93/><G85/><T73/><D73/><U84/><E0/><V57/><REACH who="2" step="1"/><F54/><REACH who="2" ten="230,260,220,260" step="2"/><W81/><G111/><T112/><D112/><U83/><E25/><V64/><F64/><W99/><G65/><T19/><D67/><U109/><E26/><V96/><F96/><W71/><G99/><N who="0" m="59775" /><D19/><U115/><E109/><V82/><F82/><W33/><G81/><T101/><D30/><U68/><E115/><V79/><F79/><W63/><G33/><T50/><D31/><U40/><E55/><V125/><F125/><W77/><G77/><T27/><D27/><U124/><E124/><V62/><F62/><W129/><G113/><T126/><D97/><N who="1" m="57559" /><E68/><V89/><F89/><AGARI ba="2,3" hai="40,41,42,49,51,52,58,60,83,84,89" m="57559" machi="89" ten="30,2000,0" yaku="8,1,54,1" doraHai="10" who="1" fromWho="2" sc="230,0,260,56,220,-26,260,0" /><INIT seed="3,0,0,2,4,48" ten="230,316,194,260" oya="3" hai0="55,125,108,24,83,107,37,120,110,88,1,44,101" hai1="126,123,39,66,124,9,51,53,10,106,56,127,70" hai2="75,63,8,102,54,114,5,61,68,69,96,94,14" hai3="118,42,12,23,81,131,82,90,30,73,104,16,7"/><W3/><G118/><T36/><D120/><U43/><E123/><V62/><F114/><W58/><G104/><T130/><D1/><U111/><E111/><N who="0" m="42537" /><D130/><U32/><E32/><V112/><F75/><W27/><G131/><T99/><D125/><U65/><E106/><V95/><F112/><W92/><G42/><T86/><D24/><U6/><E70/><V40/><F40/><W22/><G73/><T46/><D46/><N who="1" m="23935" /><E10/><V34/><F34/><W47/><G47/><T89/><D89/><U71/><E71/><V4/><F4/><W20/><G7/><T67/><D67/><U0/><AGARI ba="0,0" hai="0,6,9,51,53,56,65,66,124,126,127" m="23935" machi="0" ten="30,2000,0" yaku="18,1,52,1" doraHai="48" who="1" fromWho="1" sc="230,-5,316,20,194,-5,260,-10" owari="225,-17.5,336,43.6,189,-31.1,250,5.0" /></mjloggm>