<mjloggm ver="2.3"><GO type="225" lobby="0"/><UN n0="%E3%83%B4%E3%82%A3%E3%83%AF%E3%82%B3%E3%82%B0%E3%83%8B" n1="%E5%BA%97%E9%95%B7%4D" n2="%E3%81%95%E3%81%8D%E3%81%9F%E3%81%BE%E6%9E%97%E6%AA%8E" n3="%6C%61%6D%62" dan="16,16,16,16" rate="2173.09,2083.94,2093.04,2195.37" sx="M,M,M,M"/><TAIKYOKU oya="0"/><INIT seed="0,0,0,2,4,57" ten="250,250,250,250" oya="0" hai0="71,101,100,70,53,114,22,35,68,46,54,113,75" hai1="109,117,1,133,90,95,123,20,132,18,12,51,91" hai2="99,130,105,13,7,89,134,49,103,77,27,26,5" hai3="38,10,15,24,81,2,11,21,3,85,59,39,14"/><T43/><D35/><U34/><E34/><V104/><F134/><N who="1" m="51817" /><E123/><V83/><F130/><W44/><G2/><T128/><D22/><U29/><E1/><V41/><F105/><W120/><G3/><T93/><D75/><U112/><E117/><V66/><F89/><W23/><G120/><T97/><D128/><U63/><E29/><V45/><F66/><W79/><G44/><T74/><D74/><U42/><E109/><V108/><F108/><W115/><G115/><T40/><D40/><U60/><E112/><V33/><F33/><W111/><G111/><T56/><D54/><U58/><E90/><V9/><REACH who="2" step="1"/><F7/><REACH who="2" ten="250,250,240,250" step="2"/><N who="3" m="3423" /><G38/><T121/><D121/><U86/><E42/><V28/><F28/><W125/><G39/><T64/><D64/><U127/><E127/><V30/><F30/><W48/><G125/><T131/><D131/><U62/><E51/><V50/><F50/><W17/><G24/><T124/><D124/><U87/><E87/><AGARI ba="0,1" hai="5,9,13,26,27,41,45,49,77,83,87,99,103,104" machi="87" ten="30,8000,1" yaku="1,1,7,1,25,2,53,1" doraHai="57" doraHaiUra="37" who="2" fromWho="1" sc="250,0,250,-80,240,90,250,0" /><INIT seed="1,0,0,3,2,116" ten="250,170,330,250" oya="1" hai0="82,1,126,34,95,92,114,102,100,134,90,12,105" hai1="122,32,17,70,65,98,39,48,99,26,19,47,113" hai2="94,104,89,109,8,80,119,132,67,49,68,6,25" hai3="2,38,52,46,106,123,54,74,55,84,96,72,121"/><U129/><E113/><V131/><F119/><W0/><G84/><N who="0" m="50455" /><D1/><N who="3" m="617" /><G96/><T101/><D34/><U33/><E39/><V91/><F109/><W69/><G46/><T112/><D12/><U63/><E129/><V78/><F104/><W85/><G85/><T20/><D20/><U130/><E130/><V36/><F131/><W43/><G43/><T75/><D126/><U81/><E81/><V86/><F36/><W23/><G38/><T57/><D57/><U71/><E71/><V107/><F107/><W110/><G106/><T118/><D134/><U59/><E70/><V135/><F25/><W5/><G23/><T16/><D105/><U127/><E127/><V53/><F67/><W87/><G87/><T7/><D118/><U50/><E50/><V88/><F68/><W30/><G69/><T13/><D75/><N who="3" m="28713" /><G5/><T21/><D112/><U40/><E122/><N who="3" m="46602" /><G110/><T11/><D114/><U79/><E79/><V35/><F78/><W76/><G76/><T117/><D117/><U125/><E125/><V73/><F86/><W14/><G14/><T24/><AGARI ba="0,0" hai="7,11,13,16,21,24,92,95,100,101,102" m="50455" machi="24" ten="30,2000,0" yaku="8,1,54,1" doraHai="116" who="0" fromWho="0" sc="250,20,170,-10,330,-5,250,-5" /><INIT seed="2,0,0,1,2,124" ten="270,160,325,245" oya="2" hai0="14,90,40,119,18,56,70,76,95,82,49,99,83" hai1="118,38,35,15,77,61,121,87,0,100,109,130,8" hai2="58,67,101,21,52,31,68,127,25,55,96,80,33" hai3="30,108,85,81,120,39,74,57,19,98,116,73,17"/><V5/><F127/><W64/><G116/><T42/><D70/><U4/><E118/><V36/><F36/><W115/><G120/><T32/><D32/><U62/><E38/><V59/><F5/><W7/><G39/><T102/><D119/><U47/><E121/><V110/><F110/><W28/><G108/><T97/><D56/><U43/><E35/><V129/><F68/><W123/><G123/><T117/><D117/><U20/><E100/><V60/><F33/><W112/><G7/><T126/><D49/><U26/><E0/><V24/><F24/><W44/><G44/><T125/><D97/><U6/><E6/><V12/><F12/><W88/><G98/><T53/><D53/><U79/><E109/><V41/><F41/><W114/><G17/><T107/><D83/><N who="1" m="47599" /><E79/><V86/><F59/><W50/><G19/><T92/><D126/><U135/><E135/><V133/><F133/><W75/><REACH who="3" step="1"/><G50/><REACH who="3" ten="270,160,325,235" step="2"/><T89/><D125/><U103/><E103/><V66/><F101/><W104/><G104/><T27/><D107/><U93/><E47/><V84/><F96/><W2/><G2/><T54/><D99/><U29/><E43/><V13/><F31/><W105/><G105/><T65/><D102/><U78/><E78/><V106/><F106/><W3/><G3/><T22/><D40/><U51/><E51/><V72/><F13/><W48/><G48/><T91/><D42/><U69/><E69/><V34/><F58/><W132/><G132/><T37/><D76/><U122/><E122/><V11/><F80/><W63/><AGARI ba="0,1" hai="28,30,57,63,64,73,74,75,81,85,88,112,114,115" machi="63" ten="40,8000,1" yaku="1,1,0,1,11,1,54,1,53,0" doraHai="124" doraHaiUra="45" who="3" fromWho="3" sc="270,-20,160,-20,325,-40,235,90" /><INIT seed="3,0,0,2,1,99" ten="250,140,285,325" oya="3" hai0="66,98,104,81,1,133,103,23,72,55,52,54,84" hai1="38,50,108,62,83,121,27,93,90,111,64,11,97" hai2="76,67,65,100,122,91,42,46,132,10,134,88,41" hai3="21,61,43,69,95,115,105,107,9,63,92,13,79"/><W113/><G79/><T14/><D1/><U2/><E38/><V16/><F76/><W77/><G77/><T131/><D72/><U29/><E121/><V57/><F122/><W48/><G21/><T56/><D133/><N who="2" m="51306" /><F57/><W130/><G48/><T118/><D118/><U59/><E83/><V102/><F67/><W34/><G34/><T127/><D127/><U120/><E120/><V94/><F65/><W80/><G43/><N who="2" m="16393" /><F46/><W7/><G69/><T60/><D131/><U28/><E50/><V35/><F35/><W19/><G130/><T33/><D33/><U6/><REACH who="1" step="1"/><E27/><REACH who="1" ten="250,130,285,325" step="2"/><V58/><F58/><W116/><G116/><T82/><D82/><U110/><AGARI ba="0,1" hai="2,6,11,28,29,59,62,64,90,93,97,108,110,111" machi="110" ten="30,7900,0" yaku="1,1,2,1,0,1,14,1,53,0" doraHai="99" doraHaiUra="68" who="1" fromWho="1" sc="250,-20,130,89,285,-20,325,-39" /><INIT seed="4,0,0,4,1,46" ten="230,219,265,286" oya="0" hai0="84,68,41,72,17,9,133,85,116,58,62,11,61" hai1="78,31,6,66,60,40,73,76,56,36,67,81,54" hai2="114,53,95,47,50,121,117,13,30,37,4,57,14" hai3="119,64,24,45,69,5,108,126,130,109,12,75,74"/><T44/><D116/><U2/><E31/><V10/><F114/><W33/><G119/><T15/><D72/><U99/><E78/><V132/><F117/><W26/><G130/><T93/><D133/><U65/><E99/><V3/><F132/><W16/><G5/><T87/><D68/><U122/><E122/><V102/><F121/><W42/><G64/><T32/><D32/><U129/><E129/><V1/><F30/><W83/><G69/><T103/><D9/><U104/><E104/><V123/><F123/><W134/><G134/><T23/><D11/><N who="1" m="2519" /><E66/><V131/><F131/><W120/><G120/><T113/><D113/><U79/><E79/><V94/><F3/><W90/><G75/><T127/><D58/><U92/><E92/><V63/><F37/><W88/><G74/><T20/><D20/><U52/><E54/><V101/><F1/><W8/><G33/><T59/><D59/><U82/><E82/><V21/><F95/><W107/><G107/><T22/><D22/><U128/><E128/><V111/><F111/><W89/><G83/><T115/><D115/><U100/><E100/><V49/><F94/><W98/><G98/><N who="0" m="59855" /><D127/><U96/><E96/><V19/><F63/><W125/><G108/><T51/><AGARI ba="0,0" hai="15,17,23,41,44,51,61,62,84,85,87" m="59855" machi="51" ten="30,3000,0" yaku="8,1,52,1" doraHai="46" who="0" fromWho="0" sc="230,30,219,-10,265,-10,286,-10" /><INIT seed="4,1,0,1,5,59" ten="260,209,255,276" oya="0" hai0="129,61,80,38,99,28,58,57,37,68,91,107,74" hai1="125,36,134,44,109,123,121,87,16,126,33,23,76" hai2="25,110,64,21,52,54,67,127,71,75,108,97,5" hai3="119,105,90,0,93,92,133,102,48,42,6,20,118"/><T103/><D129/><U132/><E33/><V31/><F75/><W83/><G0/><T43/><D57/><U94/><E36/><V41/><F41/><W78/><G6/><T62/><D43/><U12/><E44/><V50/><F127/><N who="1" m="48649" /><E76/><V32/><F32/><W116/><G133/><N who="1" m="51306" /><E87/><V77/><F77/><W84/><G20/><T101/><D74/><U73/><E73/><V124/><F124/><W86/><G48/><T35/><D101/><U117/><E94/><V135/><F135/><W130/><G42/><T17/><D80/><U128/><E117/><V81/><F81/><W106/><G102/><T70/><D91/><U53/><E53/><V55/><F97/><W9/><G92/><T11/><D38/><U96/><E96/><V7/><F110/><W30/><G86/><T15/><D37/><U66/><E66/><V131/><F67/><W49/><G93/><T8/><D58/><U29/><E109/><V104/><F55/><W26/><G78/><T112/><D68/><U46/><E46/><V51/><F71/><W114/><G118/><T18/><D70/><U56/><E56/><V72/><F72/><W14/><G116/><T27/><D112/><U3/><E29/><V40/><F31/><W69/><G69/><T100/><D100/><U4/><E128/><V79/><F131/><W2/><G130/><T82/><D82/><U111/><E111/><V13/><F108/><W39/><G83/><T47/><D47/><U60/><E60/><V63/><F79/><W10/><G119/><T113/><D113/><U98/><E98/><V65/><F65/><RYUUKYOKU ba="1,0" sc="260,15,209,15,255,-15,276,-15" hai0="8,11,15,17,18,27,28,35,61,62,99,103,107" hai1="3,4,12,16,23,121,123" /><INIT seed="4,2,0,2,3,108" ten="275,224,240,261" oya="0" hai0="130,54,40,113,116,106,37,14,0,84,32,80,131" hai1="31,38,128,50,104,88,65,27,42,86,72,134,35" hai2="26,133,114,4,5,49,79,52,118,109,82,99,64" hai3="20,112,12,117,29,85,6,44,30,78,66,45,2"/><T61/><D113/><U121/><E72/><V11/><F109/><W111/><G111/><T59/><D116/><U92/><E121/><V132/><F118/><W23/><G117/><T93/><D106/><U36/><E104/><V55/><F64/><W81/><G2/><T21/><D32/><U25/><E128/><N who="0" m="49193" /><D0/><U71/><E134/><N who="2" m="51819" /><F99/><W105/><G105/><T70/><D93/><U15/><E15/><N who="2" m="5607" /><F26/><N who="3" m="16583" /><G66/><T91/><D70/><U94/><E94/><V124/><F124/><W62/><G62/><T101/><D101/><U47/><REACH who="1" step="1"/><E27/><REACH who="1" ten="275,214,240,261" step="2"/><V119/><F119/><W13/><G13/><T75/><D75/><U8/><E8/><V115/><F5/><W95/><G95/><T1/><D1/><U120/><E120/><V34/><F34/><W97/><G6/><T110/><D110/><U125/><E125/><V90/><F90/><W103/><G12/><T22/><D14/><U3/><E3/><V129/><F129/><W53/><G103/><T33/><D33/><U57/><E57/><N who="2" m="32911" /><F55/><W58/><G53/><T77/><D91/><U18/><E18/><V69/><F69/><W56/><G56/><T51/><D21/><U87/><E87/><AGARI ba="2,1" hai="79,82,87,114,115" m="32911,5607,51819" machi="87" ten="30,7700,0" yaku="20,1,52,2,54,1" doraHai="108" who="2" fromWho="1" sc="275,0,214,-83,240,93,261,0" owari="275,7.5,131,-36.9,333,43.3,261,-13.9" /></mjloggm>