<mjloggm ver="2.3"><GO type="225" lobby="0"/><UN n0="%E3%81%B2%E3%81%AA%E3%81%AE%E3%82%8A%E3%81%8F" n1="%E5%AE%AE%E4%BF%9D%E9%B6%8F%E8%82%89" n2="%54%4F%52" n3="%53%63%61%6E%64%61%6C" dan="16,16,17,16" rate="2093.26,2127.30,2258.75,2146.79" sx="M,M,M,M"/><TAIKYOKU oya="0"/><INIT seed="0,0,0,2,5,29" ten="250,250,250,250" oya="0" hai0="87,101,89,60,24,23,86,81,96,2,71,117,8" hai1="121,7,49,59,83,12,135,79,63,25,18,92,10" hai2="4,93,30,118,106,1,130,13,16,55,98,129,80" hai3="66,17,82,52,5,76,32,37,124,15,65,74,51"/><T61/><D117/><U128/><E121/><V73/><F118/><W75/><G124/><T111/><D111/><U40/><E135/><V3/><F106/><W113/><G113/><T11/><D2/><U53/><E92/><V62/><F30/><W46/><G74/><T120/><D120/><U72/><E128/><N who="2" m="49259" /><F4/><W109/><G109/><T123/><D123/><U26/><E18/><V90/><F55/><W20/><G37/><T54/><D87/><U132/><E132/><V134/><F62/><W19/><G5/><T94/><D61/><U43/><E43/><V108/><F134/><W0/><G0/><T22/><D22/><U110/><E110/><V39/><F39/><W127/><G127/><T100/><D100/><U122/><E122/><V44/><F44/><W99/><G99/><T68/><D68/><U105/><E105/><V125/><F125/><W67/><REACH who="3" step="1"/><G19/><REACH who="3" ten="250,250,250,240" step="2"/><N who="0" m="12415" /><D71/><U9/><E72/><V131/><F108/><W78/><G78/><T57/><AGARI ba="0,1" hai="8,11,54,57,60,81,86,89,94,96,101" m="12415" machi="57" ten="30,1500,0" yaku="8,1" doraHai="29" who="0" fromWho="0" sc="250,25,250,-5,250,-5,240,-5" /><INIT seed="0,1,0,3,4,45" ten="275,245,245,235" oya="0" hai0="54,127,28,51,36,99,23,22,69,101,6,117,103" hai1="5,46,65,123,72,42,25,85,133,35,18,39,56" hai2="21,38,134,16,76,84,12,93,13,40,50,122,81" hai3="109,110,71,96,58,95,14,1,53,128,59,61,24"/><T52/><D117/><U87/><E123/><V118/><F122/><W62/><G128/><T98/><D36/><U104/><E104/><V29/><F118/><W64/><G1/><T67/><D127/><U91/><E72/><V83/><F134/><W88/><G14/><T105/><D6/><U11/><E133/><V126/><F126/><W55/><REACH who="3" step="1"/><G24/><REACH who="3" ten="275,245,245,225" step="2"/><T74/><D74/><U17/><E25/><V119/><F119/><W130/><G130/><T15/><D15/><U41/><E5/><V94/><F12/><W97/><G97/><T86/><D86/><U68/><E87/><V92/><F29/><W75/><G75/><T106/><D28/><U107/><E85/><V120/><F120/><W37/><G37/><T2/><D2/><U32/><E39/><V30/><F30/><W114/><G114/><T82/><D82/><U47/><E17/><V4/><F38/><W112/><G112/><T44/><REACH who="0" step="1"/><D54/><REACH who="0" ten="265,245,245,225" step="2"/><U70/><E18/><V48/><F83/><W129/><G129/><T89/><D89/><U131/><E131/><V60/><F4/><W19/><G19/><T9/><D9/><U135/><E135/><V49/><F40/><W108/><G108/><T116/><D116/><U100/><E11/><V20/><F20/><W90/><G90/><T77/><D77/><U3/><E91/><V63/><AGARI ba="1,2" hai="13,16,21,48,49,50,60,63,76,81,84,92,93,94" machi="63" ten="40,12000,2" yaku="0,1,8,1,52,3,54,1" doraHai="45" who="2" fromWho="2" sc="265,-61,245,-31,245,143,225,-31" /><INIT seed="1,0,0,5,2,74" ten="204,214,388,194" oya="1" hai0="11,96,37,68,18,91,101,5,13,29,104,46,6" hai1="21,120,79,119,26,20,70,118,39,78,109,19,122" hai2="22,115,32,12,134,116,112,132,44,1,58,92,25" hai3="80,60,113,125,103,10,106,77,71,135,38,53,17"/><U9/><E70/><V3/><F58/><W123/><G113/><N who="2" m="43593" /><F116/><W23/><G123/><T64/><D29/><U8/><E19/><N who="2" m="10599" /><F92/><W67/><G135/><N who="2" m="51753" /><F44/><W75/><G125/><T87/><D68/><U110/><E26/><V73/><F73/><W124/><G124/><T105/><D105/><U126/><E39/><V95/><F95/><W56/><G38/><T47/><D64/><U127/><AGARI ba="0,0" hai="8,9,20,21,78,79,109,110,118,119,120,122,126,127" machi="127" ten="25,12000,1" yaku="0,1,22,2,52,2" doraHai="74" who="1" fromWho="1" sc="204,-40,214,120,388,-40,194,-40" /><INIT seed="1,1,0,5,5,128" ten="164,334,348,154" oya="1" hai0="80,41,13,63,60,131,55,34,133,101,14,35,23" hai1="102,5,7,134,70,58,27,26,33,16,38,67,96" hai2="126,90,74,84,135,81,40,76,20,69,1,100,46" hai3="22,122,88,72,94,73,52,87,49,2,77,32,78"/><U110/><E38/><V21/><F69/><W18/><G32/><T68/><D131/><U75/><E75/><V103/><F126/><W98/><G2/><T124/><D124/><U71/><E33/><V125/><F125/><W99/><G122/><T47/><D101/><U28/><E28/><V130/><F130/><W48/><G49/><T17/><D13/><U50/><E110/><V19/><F1/><W95/><G72/><T85/><D133/><U91/><E91/><V30/><F30/><W65/><G65/><T44/><D44/><U59/><E50/><V114/><F114/><W106/><G73/><T10/><D60/><U6/><E134/><V9/><F9/><W29/><G29/><T79/><D10/><U82/><E82/><V24/><F21/><W37/><G37/><T43/><D43/><U105/><E27/><V62/><F62/><W12/><G106/><T42/><D42/><U64/><E64/><V66/><F66/><W118/><G87/><T31/><D31/><U54/><E67/><V4/><F4/><W53/><G118/><T108/><D108/><U15/><E26/><V121/><F121/><W89/><G53/><T117/><D117/><U8/><REACH who="1" step="1"/><E54/><REACH who="1" ten="164,324,348,154" step="2"/><V107/><F135/><W51/><REACH who="3" step="1"/><G48/><REACH who="3" ten="164,324,348,144" step="2"/><N who="0" m="26735" /><D68/><AGARI ba="1,2" hai="5,6,7,8,15,16,58,59,68,70,71,96,102,105" machi="68" ten="40,3900,0" yaku="1,1,54,1,53,0" doraHai="128" doraHaiUra="113" who="1" fromWho="0" sc="164,-42,324,62,348,0,144,0" /><INIT seed="1,2,0,2,1,92" ten="122,386,348,144" oya="1" hai0="6,34,20,4,91,100,24,48,2,71,134,80,73" hai1="12,117,25,111,96,50,59,55,23,49,74,47,68" hai2="94,84,38,43,79,8,58,35,13,56,0,78,121" hai3="109,40,118,112,61,93,57,107,63,36,1,26,108"/><U18/><E117/><V114/><F121/><W126/><G107/><T27/><D71/><U133/><E68/><V29/><F0/><W9/><G118/><T72/><D100/><U37/><E74/><V52/><F114/><W98/><G112/><T16/><D134/><U32/><E37/><V15/><F38/><W115/><G115/><T62/><D72/><U97/><E133/><V135/><F135/><W22/><G126/><T44/><D62/><U7/><E111/><N who="3" m="42570" /><G40/><T130/><D130/><U89/><E89/><V127/><F43/><W88/><G36/><T64/><D64/><U69/><E69/><V39/><F39/><W101/><G57/><T19/><D2/><U3/><E3/><V45/><F127/><W75/><G75/><T67/><D67/><U132/><E132/><V95/><F29/><N who="3" m="17623" /><G101/><T10/><D10/><N who="1" m="4191" /><E32/><V53/><F35/><W28/><G28/><T106/><D106/><U120/><E120/><V17/><F45/><W46/><G46/><T81/><D34/><U104/><E104/><V41/><F41/><AGARI ba="2,0" hai="18,23,25,41,47,49,50,55,59,96,97" m="4191" machi="41" ten="30,5800,0" yaku="8,1,52,2" doraHai="92" who="1" fromWho="2" sc="122,0,386,64,348,-64,144,0" /><INIT seed="1,3,0,1,1,129" ten="122,450,284,144" oya="1" hai0="74,21,4,66,7,105,107,8,88,80,92,77,114" hai1="93,35,26,62,61,56,5,89,112,130,51,97,13" hai2="100,10,44,83,98,124,20,118,52,63,109,48,32" hai3="72,90,135,103,14,34,31,15,60,57,27,49,41"/><U117/><E112/><V116/><F32/><W53/><G72/><T128/><D128/><U106/><E117/><V84/><F109/><W70/><G103/><T95/><D114/><U46/><E106/><V108/><F108/><W87/><G135/><T91/><D66/><U86/><E35/><V110/><F110/><W58/><G70/><T43/><D43/><U59/><E26/><V36/><F124/><W17/><G17/><T23/><D105/><U104/><E104/><V28/><F36/><W127/><G127/><T115/><D107/><U11/><E130/><V82/><F82/><W50/><G41/><T37/><D37/><U29/><E29/><V68/><F10/><W33/><G33/><T102/><D102/><U132/><E132/><V6/><F6/><W0/><G0/><T119/><D119/><U69/><E97/><V65/><F28/><W134/><G134/><T121/><D121/><U47/><E69/><V2/><F2/><W67/><G50/><T39/><D39/><U122/><E122/><V78/><F20/><N who="0" m="7754" /><D115/><U24/><E24/><V22/><F22/><W75/><REACH who="3" step="1"/><G75/><REACH who="3" ten="122,450,284,134" step="2"/><T113/><D113/><U38/><E38/><V71/><F71/><W111/><G111/><T64/><D7/><U54/><E51/><V101/><F101/><W19/><G19/><T133/><D133/><U30/><E30/><V55/><F116/><W1/><G1/><N who="0" m="15" /><D64/><AGARI ba="3,1" hai="5,11,13,46,47,54,56,59,61,62,64,86,89,93" machi="64" ten="30,2900,0" yaku="7,1,8,1" doraHai="129" who="1" fromWho="0" sc="122,-38,450,48,284,0,134,0" /><INIT seed="1,4,0,2,4,28" ten="84,498,284,134" oya="1" hai0="132,70,9,23,61,115,55,106,49,83,80,29,128" hai1="39,47,33,59,111,126,129,35,95,103,116,26,73" hai2="36,89,135,10,24,1,114,123,108,71,84,5,34" hai3="57,124,134,121,64,119,38,22,20,105,68,96,62"/><U44/><E116/><V99/><F123/><W13/><G121/><T65/><D115/><U97/><E73/><V51/><F36/><W86/><G119/><T45/><D132/><U77/><E77/><V76/><F71/><W52/><G134/><T41/><D128/><U12/><E129/><V25/><F135/><W19/><G124/><T56/><D106/><U54/><E126/><V93/><F76/><W118/><G38/><T37/><REACH who="0" step="1"/><D9/><REACH who="0" ten="74,498,284,134" step="2"/><U48/><E111/><V131/><F10/><W81/><G118/><T53/><D53/><U43/><E26/><AGARI ba="4,1" hai="23,26,29,37,41,45,49,55,56,61,65,70,80,83" machi="26" ten="40,5200,0" yaku="1,1,24,2,53,0" doraHai="28" doraHaiUra="101" who="0" fromWho="1" sc="74,74,498,-64,284,0,134,0" /><INIT seed="2,0,0,1,5,8" ten="148,434,284,134" oya="2" hai0="23,73,87,119,118,100,103,104,116,0,128,68,101" hai1="4,52,65,105,66,59,94,79,35,25,129,37,108" hai2="113,39,51,12,124,50,9,81,56,34,29,58,41" hai3="93,22,106,7,3,123,24,36,110,120,33,13,1"/><V60/><F113/><W115/><G93/><T45/><D0/><N who="3" m="73" /><G106/><T83/><D68/><U92/><E108/><V55/><F124/><W90/><G90/><T97/><D128/><U78/><E37/><V49/><F34/><W10/><G36/><T98/><D45/><U19/><E105/><V82/><F29/><N who="3" m="19623" /><G115/><T48/><D48/><U26/><E4/><V127/><F127/><W30/><G110/><T2/><D2/><U122/><E122/><V16/><REACH who="2" step="1"/><F56/><REACH who="2" ten="148,434,274,134" step="2"/><W91/><G91/><T132/><D119/><U44/><E59/><V85/><F85/><W84/><G84/><T28/><D87/><U131/><E35/><V17/><F17/><N who="3" m="10543" /><G30/><T61/><D28/><U6/><E131/><V64/><F64/><W70/><G70/><T27/><D116/><U75/><E129/><V96/><F96/><W5/><G10/><T20/><D98/><U54/><E66/><V74/><F74/><W112/><G112/><T46/><D73/><U133/><E65/><V130/><F130/><W15/><G15/><T102/><D118/><U14/><E75/><V95/><F95/><W42/><G42/><T67/><D67/><U89/><E92/><V47/><AGARI ba="0,1" hai="9,12,16,39,41,47,49,50,51,55,58,60,81,82" machi="47" ten="30,11700,0" yaku="1,1,0,1,52,1,54,1,53,0" doraHai="8" doraHaiUra="62" who="2" fromWho="2" sc="148,-39,434,-39,274,127,134,-39" /><INIT seed="2,1,0,2,2,95" ten="109,395,401,95" oya="2" hai0="51,17,49,37,124,112,82,134,6,72,97,28,36" hai1="10,32,117,113,56,42,123,129,102,86,111,109,58" hai2="39,105,77,114,22,1,115,21,79,60,34,25,30" hai3="38,78,100,99,18,116,8,130,14,120,94,103,15"/><V24/><F39/><W119/><G120/><T5/><D112/><U19/><E113/><V73/><F105/><W87/><G130/><T108/><D28/><U63/><E117/><V0/><F60/><W104/><G38/><T31/><D31/><U41/><E32/><V70/><F70/><W33/><G33/><T61/><D61/><U44/><E129/><V3/><F34/><W66/><G66/><T133/><D17/><U88/><E102/><V45/><F45/><W89/><G100/><T71/><D82/><U46/><E123/><V35/><F35/><W54/><G78/><T20/><D20/><U2/><E46/><V26/><F73/><W59/><REACH who="3" step="1"/><G15/><REACH who="3" ten="109,395,401,85" step="2"/><T93/><D133/><U118/><E118/><V50/><F79/><W132/><G132/><T135/><D134/><U53/><E2/><V84/><F77/><W91/><G91/><T122/><D122/><U92/><E111/><V64/><F64/><W48/><AGARI ba="1,1" hai="8,14,18,48,54,59,87,89,94,99,103,104,116,119" machi="48" ten="20,5200,0" yaku="1,1,0,1,7,1,52,1,53,0" doraHai="95" doraHaiUra="27" who="3" fromWho="3" sc="109,-14,395,-14,401,-27,85,65" /><INIT seed="3,0,0,3,5,62" ten="95,381,374,150" oya="3" hai0="4,59,5,134,80,131,50,10,40,39,97,38,66" hai1="109,86,122,0,71,132,7,102,65,103,47,117,79" hai2="41,54,111,28,135,104,124,57,119,55,49,100,60" hai3="93,83,82,87,25,3,51,81,1,112,20,96,53"/><W84/><G112/><T72/><D134/><U69/><E122/><V128/><F119/><W118/><G118/><T68/><D131/><U31/><E117/><V12/><F128/><W88/><G1/><T95/><D5/><U92/><E31/><V29/><F135/><W2/><G2/><T24/><D68/><U18/><E132/><V61/><F111/><W46/><REACH who="3" step="1"/><G3/><REACH who="3" ten="95,381,374,140" step="2"/><T22/><D4/><U43/><E0/><V114/><F114/><W30/><AGARI ba="0,1" hai="20,25,30,46,51,53,81,82,83,84,87,88,93,96" machi="30" ten="30,18000,2" yaku="1,1,2,1,0,1,8,1,54,1,53,1" doraHai="62" doraHaiUra="23" who="3" fromWho="3" sc="95,-60,381,-60,374,-60,140,190" owari="35,-46.5,321,12.1,314,-8.6,330,43.0" /></mjloggm>