<mjloggm ver="2.3"><GO type="225" lobby="0"/><UN n0="%48%61%61%61%6C%61%6E%64" n1="%E5%A4%96%E5%B7%9D%E7%AB%9C%E6%88%90" n2="%E3%83%97%E3%83%AC%E3%83%B4%E3%82%A1%E3%83%86%E3%82%A3" n3="%E3%81%A8%E3%82%93%E3%81%A8%E3%81%93%E3%81%A8%E3%82%93" dan="18,16,16,16" rate="2177.10,2157.65,2163.15,2132.30" sx="M,M,F,F"/><TAIKYOKU oya="0"/><INIT seed="0,0,0,4,5,100" ten="250,250,250,250" oya="0" hai0="126,43,53,111,129,131,26,32,51,13,39,7,134" hai1="68,20,86,87,57,40,118,59,85,58,69,49,5" hai2="2,16,92,22,102,94,133,61,90,82,112,130,47" hai3="71,44,89,115,113,35,46,70,73,119,18,88,91"/><T116/><D116/><U10/><E118/><V8/><F112/><W122/><G119/><T42/><D134/><U81/><E20/><V23/><F133/><W56/><G73/><T128/><D126/><U30/><E30/><V1/><F130/><W110/><G35/><T66/><D66/><U65/><E81/><V101/><F47/><W95/><G110/><T62/><D62/><U75/><E75/><V63/><F82/><W106/><G122/><T97/><D39/><U28/><E28/><V41/><F41/><W14/><G95/><T33/><D111/><U24/><E24/><V9/><F90/><W19/><G56/><N who="0" m="32831" /><D97/><U132/><E132/><V76/><REACH who="2" step="1"/><F16/><REACH who="2" ten="250,250,240,250" step="2"/><W123/><G123/><T78/><D78/><AGARI ba="0,1" hai="1,2,8,9,22,23,61,63,76,78,92,94,101,102" machi="78" ten="25,12000,2" yaku="1,1,2,1,22,2,53,2" doraHai="100" doraHaiUra="6" who="2" fromWho="0" sc="250,-120,250,0,240,130,250,0" /><INIT seed="1,0,0,3,5,49" ten="130,250,370,250" oya="1" hai0="94,74,66,10,0,115,31,111,120,1,134,99,104" hai1="12,11,22,35,4,92,106,27,9,93,23,86,113" hai2="117,52,67,37,128,53,21,77,127,45,29,3,39" hai3="114,79,105,6,36,8,84,18,5,48,112,101,64"/><U81/><E113/><V88/><F117/><W75/><G84/><T131/><D115/><U44/><E106/><V62/><F3/><W108/><G48/><T96/><D74/><U57/><E35/><V78/><F127/><W89/><G89/><T133/><D111/><U40/><E57/><N who="2" m="37327" /><F128/><W70/><G18/><T69/><D131/><U28/><E22/><V135/><F39/><W58/><G58/><T55/><D120/><U72/><E72/><V132/><F37/><W65/><G36/><T32/><D55/><N who="2" m="21066" /><F45/><W103/><G108/><T95/><D104/><U30/><E30/><V63/><F63/><W87/><G105/><T43/><D66/><U107/><E107/><V116/><F116/><W90/><G75/><T82/><D69/><U102/><E44/><V50/><F50/><W91/><G70/><T119/><D119/><U80/><E40/><V126/><F126/><W76/><G8/><T85/><D10/><U110/><E11/><V2/><F2/><W16/><G112/><T61/><D61/><U34/><E34/><V100/><F100/><W109/><G114/><T97/><D0/><U123/><E110/><V59/><F59/><W38/><G38/><T125/><D1/><U24/><E123/><V19/><F29/><W68/><G109/><T7/><D125/><U122/><E122/><V13/><F88/><W26/><G91/><N who="0" m="51639" /><D31/><N who="1" m="17823" /><E102/><V54/><N who="2" m="21074" /><V129/><DORA hai="47" /><F129/><W42/><G101/><T17/><D32/><U56/><E56/><V20/><F20/><W25/><G68/><T51/><D43/><U130/><E130/><V15/><F15/><RYUUKYOKU ba="0,0" sc="130,-10,250,-10,370,30,250,-10" hai2="13,19,21,77,78,132,135" /><INIT seed="2,1,0,5,2,38" ten="120,240,400,240" oya="2" hai0="41,60,97,25,134,90,83,29,24,70,65,125,12" hai1="62,52,42,11,80,44,64,46,63,124,123,54,56" hai2="107,82,15,127,117,95,47,133,78,17,14,39,109" hai3="69,13,49,87,26,59,6,48,99,103,89,85,128"/><V102/><F117/><W92/><G69/><T4/><D125/><U112/><E112/><V58/><F127/><W32/><G128/><T35/><D134/><U74/><E124/><V3/><F3/><W68/><G68/><T71/><D71/><U2/><E123/><V130/><F133/><W88/><G32/><T86/><D24/><U7/><E63/><V22/><F107/><W79/><G26/><T77/><D4/><U105/><E46/><V37/><F130/><W67/><G79/><T66/><D66/><U55/><E105/><V106/><F106/><W0/><G0/><T73/><D12/><U76/><REACH who="1" step="1"/><E64/><REACH who="1" ten="120,230,400,240" step="2"/><V9/><F47/><W131/><G67/><T114/><D114/><U36/><AGARI ba="1,1" hai="2,7,11,36,42,44,52,54,55,56,62,74,76,80" machi="36" ten="20,16000,3" yaku="1,1,2,1,0,1,7,1,25,2,52,1,54,1,53,0" doraHai="38" doraHaiUra="8" who="1" fromWho="1" sc="120,-41,230,173,400,-81,240,-41" /><INIT seed="3,0,0,4,0,18" ten="79,403,319,199" oya="3" hai0="40,127,12,95,109,8,72,44,126,58,39,74,10" hai1="38,111,93,100,118,121,94,56,96,75,32,5,9" hai2="28,107,41,120,7,57,76,70,104,48,105,125,2" hai3="71,65,51,64,69,66,15,1,11,60,30,4,97"/><W117/><G117/><T114/><D109/><U63/><E75/><V61/><F120/><W46/><G30/><T13/><D114/><U68/><E68/><V17/><F125/><W0/><G97/><T49/><D74/><U24/><E38/><V20/><F70/><W116/><G116/><T22/><D72/><U21/><E32/><V87/><F2/><W54/><REACH who="3" step="1"/><G65/><REACH who="3" ten="79,403,319,189" step="2"/><T47/><D126/><U80/><E118/><V124/><F28/><W119/><G119/><T81/><D127/><U110/><E110/><V112/><F124/><W73/><G73/><T86/><D95/><U88/><E111/><V113/><F112/><W132/><G132/><T78/><D58/><U27/><E94/><V50/><F113/><W31/><G31/><T16/><REACH who="0" step="1"/><D13/><REACH who="0" ten="69,403,319,189" step="2"/><U35/><E93/><V79/><F105/><W36/><G36/><T91/><D91/><U99/><E88/><V89/><F107/><W34/><G34/><T90/><D90/><U133/><E99/><V37/><F104/><W53/><G53/><AGARI ba="0,2" hai="8,10,12,16,22,39,40,44,47,49,53,78,81,86" machi="53" ten="30,8000,1" yaku="1,1,7,1,52,1,54,1,53,1" doraHai="18" doraHaiUra="45" who="0" fromWho="3" sc="69,100,403,0,319,0,189,-80" owari="169,-23.1,403,50.3,319,11.9,109,-39.1" /></mjloggm>