<mjloggm ver="2.3"><GO type="225" lobby="0"/><UN n0="%72%69%6F%75%63%68%61%6E" n1="%45%6C%79%73%69%75%6D" n2="%E2%91%A3%E9%81%BF%E9%81%8A%E6%88%AF%E3%80%90%E6%9D%B1%E5%8D%97%E3%80%91" n3="%E6%80%AA%E3%81%97%E3%81%99%E3%81%8E%E3%82%8B%E3%83%81%E3%83%BC" dan="17,17,16,16" rate="2268.52,2157.12,2127.09,2181.80" sx="M,F,M,M"/><TAIKYOKU oya="0"/><INIT seed="0,0,0,5,2,6" ten="250,250,250,250" oya="0" hai0="57,59,77,117,62,107,121,106,44,129,46,92,114" hai1="109,108,86,125,40,90,93,10,38,1,37,96,74" hai2="134,42,50,43,103,102,84,104,135,47,16,91,3" hai3="5,22,98,64,66,15,76,23,118,72,48,21,11"/><T31/><D114/><U30/><E125/><V35/><F35/><W28/><G118/><T51/><D117/><U80/><E30/><V19/><F3/><W26/><G72/><T20/><D121/><U36/><E74/><V83/><F43/><W41/><G76/><T127/><D129/><U49/><E49/><V68/><F68/><W73/><G73/><T130/><D130/><U71/><E71/><V115/><F115/><W53/><G98/><T12/><D127/><U9/><E1/><V67/><F67/><N who="3" m="25643" /><G41/><T60/><D77/><U131/><E40/><V85/><F85/><W81/><G81/><T70/><D70/><U61/><E61/><V111/><F111/><N who="1" m="42569" /><E131/><V32/><F32/><W82/><G82/><T55/><D92/><U56/><E56/><AGARI ba="0,0" hai="5,11,15,21,22,23,26,28,48,53,56" m="25643" machi="56" ten="30,2000,0" yaku="8,1,52,1" doraHai="6" who="3" fromWho="1" sc="250,0,250,-20,250,0,250,20" /><INIT seed="1,0,0,1,5,95" ten="250,230,250,270" oya="1" hai0="77,70,100,81,122,59,80,44,74,43,99,101,54" hai1="26,69,72,110,14,31,4,67,28,97,90,114,129" hai2="123,47,8,85,119,48,16,55,0,128,19,68,3" hai3="79,22,27,6,135,125,86,57,39,116,64,73,56"/><U107/><E114/><V15/><F123/><W25/><G73/><T35/><D70/><U23/><E72/><V120/><F120/><W63/><G39/><T112/><D122/><U51/><E129/><V49/><F119/><W130/><G116/><T24/><D112/><U17/><E110/><V126/><F128/><W98/><G125/><T121/><D121/><U91/><E4/><V133/><F126/><W105/><G135/><T11/><D81/><U103/><E51/><V2/><F68/><W13/><G130/><T9/><D101/><U20/><REACH who="1" step="1"/><E28/><REACH who="1" ten="250,220,250,270" step="2"/><V76/><F133/><W52/><G6/><T45/><D74/><U94/><E94/><V134/><F134/><W87/><G105/><T37/><D80/><U18/><E18/><V115/><F115/><W75/><G75/><T66/><D37/><U46/><E46/><V96/><F49/><W117/><G117/><T42/><D44/><U93/><E93/><V84/><F19/><W38/><G38/><T30/><D45/><U7/><E7/><V113/><F113/><W53/><G63/><AGARI ba="0,1" hai="14,17,20,23,26,31,63,67,69,90,91,97,103,107" machi="63" ten="40,3900,0" yaku="1,1,52,1,53,0" doraHai="95" doraHaiUra="111" who="1" fromWho="3" sc="250,0,220,49,250,0,270,-39" /><INIT seed="1,1,0,3,5,99" ten="250,269,250,231" oya="1" hai0="33,46,122,70,37,106,108,126,98,61,5,35,32" hai1="6,114,135,85,95,57,91,47,66,51,7,18,121" hai2="68,20,134,23,10,97,52,76,101,92,110,127,64" hai3="19,96,67,116,26,27,79,42,11,44,36,55,105"/><U65/><E121/><V120/><F120/><W74/><G116/><T77/><D108/><U30/><E114/><V0/><F110/><W89/><G67/><T43/><D122/><U75/><E75/><V8/><F127/><W88/><G55/><T103/><D5/><U12/><E135/><V118/><F134/><W50/><G36/><T49/><D126/><U117/><E30/><V115/><F118/><W93/><G105/><T53/><D77/><U119/><E119/><V2/><F115/><W48/><G48/><T111/><D111/><U39/><E39/><V17/><F76/><W72/><G74/><T28/><D28/><U100/><E117/><V129/><F129/><W90/><G79/><T60/><REACH who="0" step="1"/><D70/><REACH who="0" ten="240,269,250,231" step="2"/><U104/><E6/><V9/><F68/><W41/><G72/><T4/><D4/><U34/><E7/><V112/><F112/><W15/><REACH who="3" step="1"/><G41/><REACH who="3" ten="240,269,250,221" step="2"/><T94/><D94/><U22/><E95/><V73/><F2/><W113/><G113/><T131/><D131/><U133/><E104/><V87/><F0/><W123/><G123/><T102/><D102/><AGARI ba="1,2" hai="11,15,19,26,27,42,44,50,88,89,90,93,96,102" machi="102" ten="40,8000,1" yaku="1,1,8,1,52,1,54,1,53,0" doraHai="99" doraHaiUra="107" who="3" fromWho="0" sc="240,-83,269,0,250,0,221,103" /><INIT seed="2,0,0,5,0,46" ten="157,269,250,324" oya="2" hai0="66,0,21,49,92,27,25,128,90,94,13,73,10" hai1="106,123,40,115,127,114,78,118,8,75,3,17,57" hai2="104,26,133,88,36,61,135,71,4,77,100,20,125" hai3="121,24,28,41,42,79,84,19,120,50,29,111,38"/><V64/><F36/><W129/><G38/><T65/><D128/><U63/><E114/><V99/><F125/><W89/><G129/><T23/><D73/><U76/><E106/><V60/><F77/><W131/><G79/><T96/><D0/><U81/><E78/><V35/><F4/><W105/><G111/><T124/><D124/><U53/><E123/><V85/><F61/><W108/><G105/><T98/><D49/><U86/><E118/><V82/><F20/><N who="3" m="13343" /><G108/><T109/><D109/><U110/><E3/><V31/><AGARI ba="0,0" hai="26,31,35,60,64,71,82,85,88,99,100,104,133,135" machi="31" ten="30,11700,0" yaku="0,1,25,2,54,1" doraHai="46" who="2" fromWho="2" sc="157,-39,269,-39,250,117,324,-39" /><INIT seed="2,1,0,4,1,132" ten="118,230,367,285" oya="2" hai0="83,110,59,89,13,17,91,76,72,21,10,90,12" hai1="68,103,100,135,118,69,5,3,14,114,49,116,127" hai2="129,44,28,61,36,45,30,93,34,38,46,20,95" hai3="57,119,73,9,26,23,2,62,108,79,65,117,22"/><V4/><F34/><W43/><G108/><T15/><D110/><U105/><E114/><V35/><F35/><W107/><G107/><T67/><REACH who="0" step="1"/><D10/><REACH who="0" ten="108,230,367,285" step="2"/><U112/><E135/><V54/><F129/><W84/><G9/><T33/><D33/><U97/><E112/><V101/><F38/><W106/><G117/><T52/><D52/><U125/><E116/><V96/><F36/><W0/><G119/><T92/><D92/><U80/><E118/><V53/><F93/><W70/><G106/><T42/><D42/><U78/><E105/><V86/><F54/><W32/><G43/><T120/><D120/><U58/><E80/><V87/><F53/><W102/><G32/><T77/><D77/><U85/><E78/><V98/><F95/><W99/><G79/><T131/><D131/><U121/><E121/><V50/><F4/><W64/><G65/><T81/><D81/><U16/><E5/><V25/><F98/><W41/><G64/><T126/><D126/><U11/><E127/><V128/><F96/><W75/><G41/><T74/><D74/><U130/><E125/><V40/><F40/><W88/><G99/><T71/><D71/><U31/><E130/><V37/><F128/><W63/><G70/><T27/><D27/><U60/><E97/><V29/><F25/><W113/><G26/><T51/><D51/><U122/><E49/><V7/><F50/><W109/><G113/><T18/><D18/><U6/><E68/><V82/><F82/><W47/><G109/><T115/><D115/><U56/><E122/><V8/><F37/><W1/><G75/><RYUUKYOKU ba="1,1" sc="108,30,230,-10,367,-10,285,-10" hai0="12,13,15,17,21,59,67,72,76,83,89,90,91" /><INIT seed="3,2,1,4,3,107" ten="138,220,357,275" oya="3" hai0="35,12,53,67,85,68,91,33,130,120,135,90,34" hai1="24,116,127,110,79,4,86,99,49,96,25,21,112" hai2="59,134,128,94,55,81,31,47,40,83,105,70,7" hai3="71,10,106,23,5,76,16,74,78,42,39,124,129"/><W50/><G106/><T1/><D120/><U100/><E112/><V133/><F105/><W73/><G71/><T113/><D1/><U109/><E127/><V44/><F70/><W48/><G124/><T26/><D113/><U46/><E116/><V14/><F31/><W27/><G129/><T117/><D117/><U108/><E4/><V118/><F118/><W89/><G89/><T95/><D130/><U13/><E13/><V64/><F64/><W29/><G29/><T9/><D135/><N who="2" m="51722" /><F94/><W122/><G122/><T63/><D53/><N who="1" m="29879" /><E100/><V54/><F47/><N who="3" m="24031" /><G74/><T8/><D8/><U103/><E21/><V18/><F7/><W57/><G78/><T28/><D91/><U45/><E45/><V41/><F41/><W32/><G57/><T3/><D3/><U80/><E99/><V58/><F58/><W19/><G19/><T104/><REACH who="0" step="1"/><D104/><AGARI ba="2,1" hai="24,25,79,80,86,96,103,104,108,109,110" m="29879" machi="104" ten="30,1000,0" yaku="14,1" doraHai="107" who="1" fromWho="0" sc="138,-16,220,26,357,0,275,0" owari="122,-37.8,246,-15.4,357,45.7,275,7.5" /></mjloggm>