<mjloggm ver="2.3"><GO type="225" lobby="0"/><UN n0="%4C%4F%4C%49%54%41" n1="%72%69%6F%75%63%68%61%6E" n2="%E6%80%AA%E3%81%97%E3%81%99%E3%81%8E%E3%82%8B%E3%83%81%E3%83%BC" n3="%E6%B2%A1%E7%94%B7" dan="16,17,16,16" rate="2181.98,2189.46,2133.61,2047.67" sx="F,M,M,M"/><TAIKYOKU oya="0"/><INIT seed="0,0,0,2,3,104" ten="250,250,250,250" oya="0" hai0="62,102,92,74,44,61,21,97,25,43,124,30,83" hai1="4,26,29,39,9,17,90,99,89,131,67,109,38" hai2="69,116,37,16,115,68,50,114,3,81,73,77,119" hai3="130,85,96,24,106,11,55,100,132,129,40,87,54"/><T93/><D124/><U70/><E131/><N who="3" m="50186" /><G132/><T84/><D92/><U123/><E109/><V18/><F37/><W94/><G40/><T46/><D46/><U27/><E123/><V2/><F50/><W53/><G24/><T113/><D113/><N who="2" m="43018" /><F18/><W13/><G106/><T76/><REACH who="0" step="1"/><D84/><REACH who="0" ten="240,250,250,250" step="2"/><U63/><E38/><AGARI ba="0,1" hai="21,25,30,38,43,44,61,62,74,76,83,93,97,102" machi="38" ten="30,11600,0" yaku="1,1,2,1,7,1,52,1,53,0" doraHai="104" doraHaiUra="86" who="0" fromWho="1" sc="240,126,250,-116,250,0,250,0" /><INIT seed="0,1,0,0,4,80" ten="366,134,250,250" oya="0" hai0="55,96,123,135,119,128,112,117,45,82,32,16,122" hai1="46,107,40,28,61,98,86,57,7,30,88,120,75" hai2="89,133,17,81,113,134,14,71,129,49,48,59,79" hai3="106,76,44,54,27,116,20,78,50,42,23,8,66"/><T105/><D32/><U2/><E120/><V92/><F71/><W73/><G116/><T19/><D112/><U97/><E75/><V26/><F113/><W95/><G106/><T47/><D55/><U132/><E132/><N who="2" m="50795" /><F26/><W51/><G73/><T10/><D135/><U74/><E74/><N who="2" m="43255" /><F59/><W103/><G8/><T69/><D69/><U58/><E58/><V29/><F29/><N who="1" m="11369" /><E107/><V9/><F129/><W102/><G66/><T53/><D128/><U37/><E37/><V33/><F33/><W91/><G78/><T41/><D122/><U110/><E110/><V114/><F114/><W115/><G76/><T52/><D123/><U85/><E2/><V12/><F14/><W13/><G13/><T34/><D34/><U87/><E7/><V62/><F62/><W109/><G109/><T35/><D35/><U101/><E101/><N who="3" m="38410" /><G27/><T39/><D117/><U70/><E70/><V99/><AGARI ba="1,0" hai="9,12,17,48,49,89,92,99" m="43255,50795" machi="99" ten="30,1100,0" yaku="20,1" doraHai="80" who="2" fromWho="2" sc="366,-6,134,-4,250,14,250,-4" /><INIT seed="1,0,0,5,5,1" ten="360,130,264,246" oya="1" hai0="56,61,73,130,123,32,121,22,52,48,69,107,5" hai1="47,60,85,23,10,62,35,112,101,40,74,45,7" hai2="78,4,57,108,75,134,103,131,18,6,86,100,93" hai3="124,94,29,9,118,88,133,28,119,55,95,111,97"/><U96/><E112/><V2/><F2/><W13/><G111/><T20/><D32/><U82/><E74/><V42/><F75/><W17/><G124/><T135/><D107/><U122/><E35/><V11/><F108/><W37/><G133/><T77/><D130/><U115/><E115/><V58/><F42/><W34/><G37/><T65/><D135/><U110/><E122/><N who="0" m="46601" /><D5/><N who="2" m="2154" /><F131/><W102/><G55/><T89/><D89/><U116/><E116/><N who="3" m="44586" /><G34/><T19/><D19/><U90/><E110/><V16/><F134/><W87/><AGARI ba="0,0" hai="9,13,17,28,29,87,88,94,95,97,102" m="44586" machi="87" ten="30,2000,0" yaku="12,1,54,1" doraHai="1" who="3" fromWho="3" sc="360,-5,130,-10,264,-5,246,20" /><INIT seed="2,0,0,0,2,53" ten="355,120,259,266" oya="2" hai0="65,51,69,97,77,60,39,15,107,26,33,72,4" hai1="41,116,45,1,16,40,37,133,135,114,87,124,79" hai2="117,14,43,94,98,121,90,78,20,32,120,24,80" hai3="122,62,47,8,104,30,7,115,106,71,127,5,84"/><V27/><F117/><W111/><G122/><T73/><D39/><U49/><E1/><V95/><F43/><W11/><G111/><T74/><D51/><U110/><E79/><V125/><F125/><W9/><G127/><T21/><D21/><U132/><E124/><V85/><F14/><W86/><G115/><T68/><D68/><U93/><E87/><V12/><F12/><W128/><G128/><T76/><D15/><U130/><E93/><V100/><F32/><W36/><G30/><N who="0" m="19671" /><D4/><U58/><E16/><V2/><F2/><W131/><G131/><T19/><D19/><U61/><E130/><V123/><REACH who="2" step="1"/><F20/><REACH who="2" ten="355,120,249,266" step="2"/><W92/><G11/><T126/><D126/><U96/><E116/><V67/><F67/><W55/><G8/><T17/><D17/><U0/><E0/><V119/><F119/><W59/><G9/><T99/><D65/><N who="1" m="39095" /><E114/><V102/><F102/><W29/><G7/><T112/><D112/><U22/><E22/><V129/><F129/><W34/><G5/><T50/><D73/><AGARI ba="0,1" hai="24,27,73,78,80,85,90,94,95,98,100,120,121,123" machi="73" ten="40,2000,0" yaku="1,1,53,0" doraHai="53" doraHaiUra="66" who="2" fromWho="0" sc="355,-20,120,0,249,30,266,0" /><INIT seed="2,1,0,3,2,91" ten="335,120,279,266" oya="2" hai0="121,35,81,39,61,52,101,41,109,20,134,66,107" hai1="5,125,71,93,55,120,9,128,62,53,26,14,85" hai2="12,57,48,78,22,30,28,88,135,122,114,25,59" hai3="15,19,29,45,87,110,123,72,90,50,108,21,65"/><V40/><F114/><W68/><G123/><T24/><D121/><U77/><E125/><V102/><F135/><W130/><G72/><T7/><D134/><U10/><E128/><V37/><F37/><W103/><G103/><T113/><D113/><U47/><E120/><V23/><F122/><W8/><G130/><T51/><D109/><N who="3" m="42089" /><G65/><T112/><D7/><U4/><E26/><N who="2" m="16471" /><F102/><W75/><G75/><T33/><D112/><U118/><E118/><V2/><F2/><W86/><G68/><T82/><D107/><U60/><E71/><V95/><F78/><W43/><G90/><T133/><D101/><U98/><E77/><V54/><F12/><N who="3" m="9447" /><G29/><T32/><D66/><U132/><E85/><N who="2" m="52623" /><F40/><W80/><G80/><T18/><D82/><U27/><E132/><V76/><F76/><W105/><G105/><T127/><D81/><U96/><E27/><V104/><F104/><W38/><G38/><T64/><D133/><U106/><E106/><V131/><F131/><W31/><G31/><T17/><D39/><U74/><E74/><V1/><F1/><W6/><AGARI ba="1,0" hai="6,8,15,43,45,50,86,87" m="9447,42089" machi="6" ten="30,1100,0" yaku="14,1" doraHai="91" who="3" fromWho="3" sc="335,-4,120,-4,279,-6,266,14" /><INIT seed="3,0,0,0,2,83" ten="331,116,273,280" oya="3" hai0="114,113,124,84,58,101,98,119,73,62,91,97,6" hai1="82,116,24,56,36,127,48,14,7,20,44,63,107" hai2="68,16,128,130,12,74,50,106,40,96,46,59,2" hai3="57,135,123,30,43,27,45,13,72,122,103,17,38"/><W95/><G72/><T67/><D119/><U8/><E127/><V79/><F68/><W89/><G103/><T61/><D73/><U0/><E116/><V42/><F2/><W18/><G135/><T108/><D108/><U78/><E107/><V125/><F125/><W118/><G118/><T15/><D124/><U85/><E36/><V69/><F69/><W117/><G117/><T25/><D25/><U1/><E56/><V121/><F121/><W22/><G57/><N who="0" m="37295" /><D101/><U55/><E63/><V111/><F111/><W131/><G131/><N who="2" m="50217" /><F96/><W93/><G93/><N who="0" m="54503" /><D15/><U4/><REACH who="1" step="1"/><E7/><REACH who="1" ten="331,106,273,280" step="2"/><V53/><F59/><W77/><G123/><T115/><D6/><U70/><E70/><V64/><F106/><W112/><G122/><T120/><D120/><U65/><E65/><AGARI ba="0,1" hai="58,62,65,97,98,113,114,115" m="54503,37295" machi="65" ten="30,2000,0" yaku="11,1,52,1" doraHai="83" who="0" fromWho="1" sc="331,30,106,-20,273,0,280,0" owari="361,46.1,86,-41.4,273,-12.7,280,8.0" /></mjloggm>