<mjloggm ver="2.3"><GO type="225" lobby="0"/><UN n0="%E9%80%86%E9%80%A3%E5%B8%AF%E3%81%AE%E9%AC%BC" n1="%33%74%72%65%65" n2="%6B%69%72%61%64%6F%6B%69" n3="%61%6D%65%6B%69" dan="17,16,16,16" rate="2188.38,2117.72,2102.40,2102.96" sx="M,F,M,M"/><TAIKYOKU oya="0"/><INIT seed="0,0,0,1,3,100" ten="250,250,250,250" oya="0" hai0="106,34,19,101,36,21,66,87,25,114,95,112,117" hai1="9,131,30,85,125,103,111,119,0,70,73,54,68" hai2="135,104,55,11,4,2,132,29,105,76,16,7,121" hai3="96,99,47,82,115,41,127,129,113,61,64,80,12"/><T60/><D117/><U89/><E73/><V65/><F121/><W13/><G129/><T51/><D36/><U62/><E119/><V90/><F76/><W18/><G127/><T8/><D34/><U40/><E125/><V123/><F123/><W124/><G124/><T27/><D27/><U67/><E131/><V17/><F29/><W42/><G61/><T20/><D20/><U81/><E111/><V102/><F65/><W69/><G69/><T31/><D51/><U98/><E40/><V94/><F4/><W109/><G64/><T53/><D106/><N who="2" m="41066" /><F55/><W74/><G74/><T56/><D53/><U22/><E54/><V93/><F102/><W59/><G59/><T110/><D110/><U92/><E68/><V130/><F130/><W46/><G109/><T118/><D118/><U72/><E72/><V15/><F2/><W14/><G14/><N who="0" m="7623" /><D87/><U48/><E0/><V86/><F93/><W120/><REACH who="3" step="1"/><G18/><REACH who="3" ten="250,250,250,240" step="2"/><T133/><D114/><U107/><E67/><V32/><F32/><W24/><G24/><T37/><D112/><U126/><E70/><V10/><F10/><W44/><G44/><T52/><D66/><U39/><E9/><V33/><F33/><W28/><G28/><T134/><D31/><U71/><E30/><V91/><F17/><W77/><G77/><T49/><D60/><U83/><E62/><V35/><F35/><W75/><G75/><T6/><D25/><U3/><E126/><V50/><F16/><W38/><G38/><T43/><D37/><U1/><E39/><V79/><F79/><W78/><G78/><T128/><D128/><RYUUKYOKU ba="0,1" sc="250,-10,250,-10,250,-10,240,30" hai3="12,13,41,42,46,47,80,82,96,99,113,115,120" /><INIT seed="1,1,1,1,3,10" ten="240,240,240,270" oya="1" hai0="86,36,18,12,87,40,2,72,52,93,113,120,39" hai1="1,60,23,77,101,28,37,8,30,75,54,3,128" hai2="55,33,119,84,100,81,26,44,53,99,124,88,66" hai3="11,6,115,122,17,85,109,70,90,95,125,38,25"/><U74/><E37/><V31/><F119/><W116/><G70/><T5/><D113/><U121/><E121/><V91/><F124/><W29/><G38/><T16/><D120/><U96/><E128/><V69/><F91/><W27/><G122/><T0/><D72/><U97/><E77/><V57/><F44/><W41/><G41/><T43/><D93/><U79/><E79/><V134/><F134/><W76/><G115/><T107/><D107/><U50/><E60/><V20/><F69/><W61/><G125/><T132/><D5/><U49/><E8/><V13/><F33/><W80/><G109/><T4/><D4/><U15/><E23/><V14/><F66/><W78/><G61/><T82/><D52/><N who="2" m="20042" /><F57/><W126/><G126/><T118/><D118/><U106/><E54/><V130/><F130/><W108/><G108/><T105/><D105/><U94/><E106/><V127/><F127/><W35/><G95/><AGARI ba="1,1" hai="13,14,20,26,31,81,84,88,95,99,100" m="20042" machi="95" ten="30,8000,1" yaku="8,1,52,2,54,2" doraHai="10" who="2" fromWho="3" sc="240,0,240,0,240,93,270,-83" /><INIT seed="2,0,0,2,5,97" ten="240,240,333,187" oya="2" hai0="44,111,104,130,119,55,112,49,105,21,48,45,17" hai1="125,103,19,16,95,51,93,78,128,72,42,6,127" hai2="31,67,4,35,24,107,29,43,36,129,46,86,99" hai3="14,120,0,39,13,53,3,134,100,135,18,26,50"/><V56/><F29/><W61/><G39/><T106/><D112/><U52/><E128/><V1/><F129/><W82/><G120/><T25/><D130/><U114/><E114/><V70/><F56/><W60/><G82/><T101/><D111/><U74/><E42/><V38/><F86/><W27/><G50/><T116/><REACH who="0" step="1"/><D101/><REACH who="0" ten="230,240,333,187" step="2"/><U133/><E103/><N who="2" m="62975" /><F38/><W37/><G100/><T11/><D11/><U94/><E133/><V63/><F4/><W40/><G37/><T64/><D64/><U15/><E6/><V23/><F23/><W132/><G132/><T65/><D65/><U77/><E127/><V54/><F54/><AGARI ba="0,1" hai="17,21,25,44,45,48,49,54,55,104,105,106,116,119" machi="54" ten="40,2600,0" yaku="1,1,9,1,53,0" doraHai="97" doraHaiUra="92" who="0" fromWho="2" sc="230,36,240,0,333,-26,187,0" /><INIT seed="3,0,0,0,2,104" ten="266,240,307,187" oya="3" hai0="93,113,116,121,10,5,2,8,12,21,52,0,118" hai1="36,82,15,48,63,100,43,47,31,18,64,37,57" hai2="125,45,83,75,54,133,30,102,88,44,53,119,66" hai3="115,126,108,132,39,65,81,34,80,85,123,92,26"/><W95/><G115/><T117/><D121/><U94/><E31/><V122/><F119/><W19/><G123/><T60/><D113/><U79/><E100/><V101/><F133/><W87/><G132/><T20/><D93/><U70/><E94/><V106/><F125/><W91/><G39/><T110/><D110/><U98/><E98/><V129/><F66/><W90/><G126/><T29/><D29/><U111/><E111/><V27/><F101/><W89/><G108/><T9/><D60/><U128/><E128/><V130/><F122/><W78/><G65/><T50/><D9/><U51/><E36/><V109/><F109/><W84/><G34/><T6/><REACH who="0" step="1"/><D12/><REACH who="0" ten="256,240,307,187" step="2"/><U22/><E70/><V76/><F30/><W38/><G38/><T13/><D13/><U103/><E103/><V69/><F102/><W55/><G95/><T71/><D71/><U7/><E7/><V16/><F69/><W99/><G26/><T96/><D96/><U131/><E131/><V127/><F106/><W114/><G114/><T120/><D120/><U61/><E61/><V97/><F127/><W134/><G134/><T73/><D73/><AGARI ba="0,1" hai="15,18,22,37,43,47,48,51,57,63,64,73,79,82" machi="73" ten="30,2000,0" yaku="7,1,52,1" doraHai="104" who="1" fromWho="0" sc="256,-20,240,30,307,0,187,0" owari="236,-16.4,270,7.0,307,40.7,187,-31.3" /></mjloggm>