<mjloggm ver="2.3"><GO type="225" lobby="0"/><UN n0="%E3%82%A2%E3%83%8A%E3%83%BC%E3%81%8D%E3%83%BC" n1="%E7%AD%89%E3%80%85%E5%8A%9B%E5%8A%87%E5%A0%B4" n2="%E6%A1%9C%E8%8A%B1%E9%96%83%E3%80%85" n3="%E3%81%AF%E3%82%88%E3%81%8A%E3%81%98%E3%81%95%E3%82%93" dan="16,16,17,17" rate="2099.28,2161.32,2117.28,2189.71" sx="M,M,M,M"/><TAIKYOKU oya="0"/><INIT seed="0,0,0,2,2,121" ten="250,250,250,250" oya="0" hai0="39,81,111,41,93,129,17,43,61,82,58,89,44" hai1="71,114,105,95,62,85,108,126,76,56,18,106,70" hai2="113,101,49,11,3,99,130,97,50,12,125,29,68" hai3="96,24,22,15,55,133,112,132,80,74,84,92,100"/><T42/><D129/><U37/><E37/><V135/><F113/><W117/><G112/><T36/><D111/><U46/><E114/><V102/><F125/><W1/><G1/><T9/><D36/><U45/><E126/><V119/><F3/><W27/><G117/><T122/><D122/><U51/><E46/><V69/><F29/><W86/><G74/><T66/><D44/><U128/><E128/><V94/><F130/><W72/><G72/><T14/><REACH who="0" step="1"/><D39/><REACH who="0" ten="240,250,250,250" step="2"/><U30/><E108/><V79/><F119/><W7/><G132/><T83/><D83/><U2/><E45/><V52/><F135/><W32/><G80/><T57/><D57/><U103/><E56/><V87/><F69/><W107/><G133/><T53/><D53/><U59/><E59/><V5/><F52/><W120/><G55/><T78/><D78/><U65/><E76/><V47/><F47/><W77/><G77/><T118/><D118/><U73/><E71/><V134/><F68/><W28/><G120/><T124/><D124/><U6/><E70/><V48/><F134/><W16/><G107/><T75/><D75/><U63/><E106/><V54/><F54/><W115/><G115/><T10/><D10/><U110/><E105/><V31/><F79/><W123/><G123/><T23/><D23/><U35/><E110/><V104/><F49/><W40/><G40/><T34/><D34/><U20/><E35/><V33/><F50/><W8/><AGARI ba="0,1" hai="7,8,15,16,22,24,27,28,32,84,86,92,96,100" machi="8" ten="30,2000,0" yaku="0,1,54,1" doraHai="121" who="3" fromWho="3" sc="240,-10,250,-5,250,-5,250,30" /><INIT seed="1,0,0,0,5,89" ten="230,245,245,280" oya="1" hai0="116,57,58,120,80,55,20,70,5,16,111,92,24" hai1="32,49,29,95,103,82,11,39,123,114,133,121,23" hai2="6,22,69,21,13,104,12,38,84,109,134,30,67" hai3="83,41,124,7,62,9,102,112,128,126,40,130,43"/><U99/><E114/><V76/><F109/><W119/><G112/><T108/><D120/><U115/><E39/><V127/><F104/><W27/><G119/><T65/><D116/><U110/><E115/><V34/><F38/><W101/><G27/><T66/><D70/><U37/><E37/><V86/><F67/><W53/><G83/><T33/><D33/><U129/><E32/><V0/><F76/><W131/><G53/><T61/><D5/><U3/><E133/><V47/><F47/><W60/><G9/><T91/><D80/><U132/><E132/><V122/><F84/><W77/><G7/><T106/><D106/><U105/><E129/><V28/><F86/><W10/><G10/><T31/><D31/><N who="2" m="11818" /><F69/><W93/><G93/><T52/><D66/><U73/><E110/><N who="0" m="42025" /><D65/><U78/><E105/><V90/><F34/><W79/><G77/><T94/><D94/><U15/><E3/><V4/><F122/><W45/><G45/><T26/><D24/><U18/><E49/><V87/><F134/><W8/><G8/><T19/><D19/><U35/><REACH who="1" step="1"/><E23/><REACH who="1" ten="230,235,245,280" step="2"/><V2/><F21/><W72/><G130/><T64/><D64/><U14/><E14/><V44/><F13/><W117/><G131/><T88/><D92/><U97/><E97/><V71/><F2/><W113/><G128/><T59/><D59/><U54/><BYE who="0" /><E54/><V81/><F0/><W48/><G113/><UN n0="%E3%82%A2%E3%83%8A%E3%83%BC%E3%81%8D%E3%83%BC" /><T42/><D42/><U36/><E36/><V56/><F56/><W125/><G117/><T1/><D1/><U100/><E100/><N who="3" m="38506" /><G48/><AGARI ba="0,1" hai="16,20,26,48,52,55,57,58,61,88,91" m="42025" machi="48" ten="30,7700,0" yaku="14,1,54,3" doraHai="89" who="0" fromWho="3" sc="230,87,235,0,245,0,280,-77" /><INIT seed="2,0,0,1,3,35" ten="317,235,245,203" oya="2" hai0="14,91,111,61,122,48,34,105,62,102,12,96,90" hai1="41,70,76,47,10,129,77,106,22,109,46,66,54" hai2="42,118,120,84,2,80,117,72,83,88,92,53,31" hai3="113,125,17,81,134,85,93,3,30,37,78,4,126"/><V19/><F31/><W74/><G37/><T23/><D122/><U55/><E106/><V114/><F42/><W64/><G30/><T82/><D34/><U9/><E66/><V7/><F120/><W50/><G134/><T28/><D111/><U38/><E22/><V20/><F114/><W121/><G121/><T79/><D48/><U133/><E41/><V115/><F53/><W89/><G113/><T108/><D108/><U57/><E57/><V29/><F29/><W5/><G64/><T59/><D12/><U32/><E32/><V69/><F69/><W16/><G50/><T130/><D130/><U0/><E70/><V45/><F45/><W43/><G43/><T52/><D62/><U132/><E38/><V27/><F115/><W68/><G5/><T98/><D96/><U33/><E33/><V36/><F36/><W131/><G131/><T124/><D124/><N who="3" m="47721" /><G68/><T25/><D14/><U116/><E109/><V39/><F39/><W6/><G6/><T60/><REACH who="0" step="1"/><D60/><REACH who="0" ten="307,235,245,203" step="2"/><U49/><E49/><V67/><F118/><W112/><G112/><T15/><D15/><U119/><E129/><V101/><F117/><W94/><G93/><T97/><D97/><U63/><E63/><V99/><F99/><W71/><G71/><T26/><D26/><U86/><E119/><V75/><F27/><W1/><G4/><T95/><D95/><U135/><E116/><V87/><F92/><W51/><G51/><T40/><D40/><U24/><E24/><V8/><F7/><W107/><G107/><T123/><D123/><U103/><E135/><V110/><F110/><RYUUKYOKU ba="0,1" sc="307,15,235,-15,245,-15,203,15" hai0="23,25,28,52,59,61,79,82,90,91,98,102,105" hai3="1,3,16,17,74,78,81,85,89,94" /><INIT seed="3,1,1,4,5,76" ten="322,220,230,218" oya="3" hai0="116,94,71,129,97,64,104,82,122,75,126,12,81" hai1="43,72,22,134,107,24,42,121,41,128,67,20,38" hai2="110,60,133,131,4,105,45,14,111,95,29,54,44" hai3="52,56,135,79,25,40,68,80,27,5,59,86,127"/><W99/><G68/><T106/><D64/><U84/><E72/><V2/><F105/><N who="0" m="40554" /><D71/><U10/><E107/><V119/><F131/><W51/><G127/><T47/><D47/><U19/><E134/><V117/><F2/><W34/><G135/><T62/><D62/><U101/><E101/><V63/><F29/><W46/><G34/><T0/><D12/><U32/><E32/><V9/><F95/><W103/><G5/><T113/><D0/><U78/><E128/><V18/><F4/><W89/><G103/><N who="0" m="60855" /><D129/><U35/><E35/><V13/><F133/><W55/><G89/><T100/><D126/><U39/><E39/><V58/><F13/><W37/><G99/><T90/><D116/><N who="2" m="44618" /><F60/><AGARI ba="1,1" hai="25,27,37,40,46,51,52,55,56,59,60,79,80,86" machi="60" ten="30,5800,0" yaku="7,1,52,1,54,1" doraHai="76" who="3" fromWho="2" sc="322,0,220,0,230,-61,218,71" /><INIT seed="3,2,0,3,4,78" ten="322,220,169,289" oya="3" hai0="3,7,4,93,18,30,20,5,47,76,60,23,134" hai1="106,85,10,64,55,97,114,90,110,122,1,14,80" hai2="108,32,39,72,53,26,11,128,19,28,99,89,115" hai3="131,92,103,83,132,36,70,8,65,116,98,38,52"/><W16/><G116/><T35/><D134/><U45/><E122/><V129/><F115/><W22/><G132/><T33/><D76/><U87/><E114/><V135/><F39/><W59/><G131/><N who="2" m="50249" /><F53/><W66/><G70/><T112/><D93/><U58/><E110/><V69/><F99/><W119/><G119/><T124/><D47/><U121/><E121/><V13/><F89/><W56/><G36/><T49/><D49/><U127/><E127/><V96/><F96/><W82/><G8/><T117/><D60/><U17/><E64/><N who="3" m="24682" /><G38/><T125/><D117/><U94/><E45/><V88/><F72/><W27/><G56/><T42/><D42/><U54/><E54/><V130/><N who="2" m="50257" /><V86/><DORA hai="113" /><F69/><W62/><AGARI ba="2,0" hai="16,22,27,52,59,62,82,83,92,98,103" m="24682" machi="62" ten="30,12000,1" yaku="8,1,52,2,54,2" doraHai="78,113" who="3" fromWho="3" sc="322,-42,220,-42,169,-42,289,126" owari="280,8.0,178,-22.2,127,-37.3,415,51.5" /></mjloggm>