<mjloggm ver="2.3"><GO type="225" lobby="0"/><UN n0="%72%69%6F%75%63%68%61%6E" n1="%6D%75%75%73%61%6E%6D%75" n2="%50%65%74%65%72%50%61%6E" n3="%E5%A4%9C%E3%81%AE%E3%82%AC%E3%82%B9%E3%83%91%E3%83%BC%E3%83%AB" dan="16,17,16,16" rate="2163.82,2111.36,2203.55,2125.11" sx="M,F,M,M"/><TAIKYOKU oya="0"/><INIT seed="0,0,0,3,0,135" ten="250,250,250,250" oya="0" hai0="7,60,25,93,16,90,3,52,103,126,71,47,94" hai1="61,118,23,112,74,48,96,65,129,113,125,44,68" hai2="86,109,85,37,13,98,40,77,116,67,58,69,38" hai3="107,134,104,9,92,31,115,5,91,0,62,131,33"/><T79/><D126/><U119/><E74/><V51/><F109/><W57/><G115/><N who="1" m="44106" /><E96/><V17/><F116/><N who="1" m="44585" /><E23/><V59/><F59/><W55/><G131/><T121/><D121/><U4/><E4/><V120/><F120/><W39/><G39/><T41/><D79/><U56/><E129/><V124/><F124/><W24/><REACH who="3" step="1"/><G134/><REACH who="3" ten="250,250,250,240" step="2"/><T101/><D3/><U46/><E125/><V114/><F38/><W88/><G88/><T20/><D7/><U76/><E76/><V72/><F37/><W111/><G111/><T89/><D89/><U110/><E110/><V26/><F114/><W123/><G123/><T99/><D94/><U18/><E18/><V30/><F17/><W127/><G127/><T81/><D81/><U106/><E106/><V45/><F77/><W50/><G50/><N who="0" m="26991" /><D71/><U54/><AGARI ba="0,1" hai="44,46,48,54,56,61,65,68" m="44585,44106" machi="54" ten="40,5200,0" yaku="11,1,34,2" doraHai="135" who="1" fromWho="1" sc="250,-26,250,62,250,-13,240,-13" /><INIT seed="1,0,0,5,0,28" ten="224,312,237,227" oya="1" hai0="75,47,135,118,78,95,131,129,104,16,132,42,126" hai1="90,15,86,49,103,69,134,84,93,36,3,92,91" hai2="6,133,58,70,106,30,45,85,35,32,23,124,111" hai3="57,11,71,22,99,81,14,73,56,102,63,9,0"/><U5/><E36/><V48/><F70/><W62/><G71/><T94/><D118/><U121/><E121/><V29/><F106/><W50/><G0/><T96/><D126/><U1/><E69/><V43/><F124/><W4/><G22/><T80/><D104/><U33/><E134/><N who="0" m="51241" /><D16/><U64/><E64/><V100/><F133/><W101/><G50/><N who="0" m="26999" /><D94/><U87/><E15/><V21/><F111/><W98/><G81/><T125/><D125/><U76/><E5/><V112/><F6/><W108/><G108/><T97/><D96/><U44/><E3/><V19/><F112/><W119/><G4/><T59/><D59/><U53/><E1/><V116/><F116/><W79/><G119/><T54/><D54/><U34/><E103/><AGARI ba="0,0" hai="75,78,80,95,97,103,129,131" m="26999,51241" machi="103" ten="30,1000,0" yaku="20,1" doraHai="28" who="0" fromWho="1" sc="224,10,312,-10,237,0,227,0" /><INIT seed="2,0,0,0,0,123" ten="234,302,237,227" oya="2" hai0="54,32,133,26,95,88,52,131,130,74,69,125,60" hai1="47,109,108,75,122,34,110,40,93,43,30,14,36" hai2="129,53,31,39,5,22,23,58,106,37,38,71,124" hai3="41,64,6,107,105,134,127,99,25,57,118,73,27"/><V97/><F124/><W7/><G118/><T120/><D133/><U119/><E119/><V79/><F71/><W121/><G121/><T80/><D125/><U135/><E122/><V81/><F129/><N who="0" m="49162" /><D120/><U33/><E135/><V82/><F5/><W16/><G134/><T112/><D112/><U55/><E75/><V51/><F31/><W8/><G127/><T114/><D114/><U65/><E65/><V21/><REACH who="2" step="1"/><F79/><REACH who="2" ten="234,302,227,227" step="2"/><W48/><G7/><T28/><D69/><U46/><E30/><V92/><F92/><W35/><G6/><T113/><D113/><U84/><E93/><V103/><AGARI ba="0,1" hai="21,22,23,37,38,39,51,53,58,81,82,97,103,106" machi="103" ten="40,3900,0" yaku="1,1,0,1,53,0" doraHai="123" doraHaiUra="10" who="2" fromWho="2" sc="234,-13,302,-13,227,49,227,-13" /><INIT seed="2,1,0,2,3,61" ten="221,289,276,214" oya="2" hai0="123,91,132,96,65,20,78,100,117,50,58,28,66" hai1="87,80,81,36,106,30,62,69,73,64,60,89,83" hai2="49,76,130,1,118,133,0,110,84,59,24,101,124" hai3="14,104,116,93,51,74,27,129,75,95,21,4,38"/><V105/><F118/><W40/><G116/><T135/><D123/><U5/><E36/><V31/><F124/><W52/><G104/><T90/><D117/><U128/><E106/><V3/><F130/><W109/><G129/><T18/><D28/><U25/><E128/><V70/><F70/><W44/><G109/><T67/><D78/><U8/><E60/><V127/><F127/><W15/><G75/><T92/><D58/><U43/><E43/><V98/><F133/><N who="0" m="51274" /><D50/><U68/><E68/><V23/><F110/><W125/><G74/><T2/><D2/><U88/><E73/><V6/><F76/><W53/><G125/><T45/><D45/><U111/><E111/><V77/><F77/><W10/><G15/><AGARI ba="1,0" hai="15,18,20,65,66,67,90,91,92,96,100" m="51274" machi="15" ten="30,7700,0" yaku="20,1,52,3" doraHai="61" who="0" fromWho="3" sc="221,80,289,0,276,0,214,-80" /><INIT seed="3,0,0,1,1,132" ten="301,289,276,134" oya="3" hai0="26,42,40,117,57,124,128,72,83,123,43,81,48" hai1="9,102,82,126,30,68,18,50,53,108,24,85,17" hai2="74,90,110,60,98,54,86,104,33,64,15,27,6" hai3="56,5,2,59,69,22,71,35,87,61,89,84,130"/><W52/><G35/><T65/><D124/><U12/><E68/><V131/><F110/><W1/><G130/><T14/><D117/><U100/><E108/><V67/><F131/><W62/><G22/><T49/><D128/><U96/><E126/><V47/><F74/><W13/><G13/><T116/><D116/><U36/><E36/><V106/><F6/><W46/><G46/><T80/><D123/><U32/><E17/><V73/><F73/><W23/><G23/><T115/><D115/><U91/><E96/><V28/><F15/><W119/><G119/><T34/><D72/><U129/><E129/><V109/><F109/><W58/><G58/><AGARI ba="0,0" hai="9,12,18,24,30,32,50,53,58,82,85,91,100,102" machi="58" ten="30,1000,0" yaku="7,1" doraHai="132" who="1" fromWho="3" sc="301,0,289,10,276,0,134,-10" owari="301,40.1,299,9.9,276,-12.4,124,-37.6" /></mjloggm>