<mjloggm ver="2.3"><GO type="225" lobby="0"/><UN n0="%72%65%6E%6B%75%6E" n1="%E3%83%81%E3%83%AF%E3%83%AF%E9%9A%8A%E9%95%B7" n2="%E8%90%BD%E6%97%A5" n3="%E3%81%BF%E3%81%BF%E3%81%9A" dan="17,16,16,18" rate="2202.28,2083.73,2167.39,2268.82" sx="M,M,F,M"/><TAIKYOKU oya="0"/><INIT seed="0,0,0,5,0,14" ten="250,250,250,250" oya="0" hai0="16,102,97,89,37,118,45,48,1,126,99,53,38" hai1="19,74,31,0,122,36,86,114,69,83,66,85,116" hai2="4,51,67,26,115,107,135,103,17,104,84,77,61" hai3="82,87,71,27,9,49,24,96,47,88,29,11,75"/><T129/><D118/><U70/><E36/><V94/><F115/><W73/><G71/><T132/><D1/><U56/><E0/><V90/><F135/><W30/><G96/><T39/><D132/><U121/><E116/><V123/><F123/><W33/><G75/><T106/><D126/><U43/><E74/><V119/><F119/><W76/><G73/><T65/><D65/><U95/><E114/><V120/><F4/><W111/><G76/><T44/><D129/><U52/><E43/><V60/><F77/><W91/><G91/><T32/><D32/><U6/><E6/><V34/><F61/><W105/><G105/><T63/><D63/><U108/><E108/><V25/><F103/><W117/><G111/><T2/><D2/><U81/><E31/><V128/><F51/><W127/><G127/><T80/><D80/><U54/><E66/><V79/><F79/><W22/><REACH who="3" step="1"/><G117/><REACH who="3" ten="250,250,250,240" step="2"/><T112/><D112/><U109/><E109/><V3/><F128/><W41/><AGARI ba="0,1" hai="9,11,22,24,27,29,30,33,41,47,49,82,87,88" machi="41" ten="20,12000,2" yaku="1,1,2,1,0,1,7,1,54,1,53,1" doraHai="14" doraHaiUra="40" who="3" fromWho="3" sc="250,-60,250,-30,250,-30,240,130" /><INIT seed="1,0,0,5,3,62" ten="190,220,220,370" oya="1" hai0="51,19,28,40,124,50,128,88,32,14,135,2,129" hai1="34,22,86,55,8,42,48,89,66,67,87,80,17" hai2="78,23,112,3,105,91,115,75,121,65,127,0,5" hai3="125,16,101,12,96,6,92,11,74,7,90,117,24"/><U1/><E34/><V106/><F121/><W54/><G125/><T132/><D2/><N who="2" m="554" /><F5/><W83/><G117/><T63/><D28/><U93/><E42/><V60/><F23/><W99/><G54/><T73/><D73/><U56/><E1/><V21/><F21/><W26/><G74/><T15/><D63/><U81/><E8/><V77/><F91/><W38/><G38/><T25/><D40/><U97/><E86/><V72/><F72/><W58/><G58/><T39/><D39/><U119/><E119/><V30/><F30/><W104/><REACH who="3" step="1"/><G83/><REACH who="3" ten="190,220,220,360" step="2"/><N who="1" m="31818" /><E97/><V31/><F127/><W44/><G44/><T71/><D124/><U64/><E64/><V108/><F75/><W110/><G110/><T52/><D71/><U107/><E107/><V46/><F46/><W130/><G130/><T35/><D52/><U27/><AGARI ba="0,1" hai="17,22,27,48,55,56,66,67,87,89,93" m="31818" machi="27" ten="30,6000,0" yaku="8,1,52,2" doraHai="62" who="1" fromWho="1" sc="190,-20,220,70,220,-20,360,-20" /><INIT seed="1,1,0,0,4,72" ten="170,290,200,340" oya="1" hai0="37,122,117,60,74,62,41,0,56,78,35,32,134" hai1="121,118,28,51,83,14,45,102,38,110,89,104,112" hai2="94,10,21,15,25,36,6,108,66,114,100,18,77" hai3="129,58,115,29,57,99,93,84,113,95,63,119,92"/><U85/><E38/><V27/><F108/><W76/><G129/><T64/><D117/><U34/><E118/><V19/><F114/><W91/><G119/><T17/><D0/><U26/><E112/><V12/><F36/><W5/><G5/><T48/><D134/><U59/><E121/><V23/><F66/><W44/><G44/><T24/><D122/><U4/><E110/><V127/><F127/><W86/><G29/><T20/><D37/><U30/><E30/><V42/><F42/><W79/><G113/><T65/><D41/><U73/><E73/><V31/><F77/><N who="3" m="29771" /><G115/><T98/><D48/><U116/><E116/><V11/><F94/><N who="3" m="36459" /><G57/><T88/><D88/><U46/><E59/><V9/><F100/><W90/><G90/><T131/><D98/><U128/><E128/><V106/><F106/><W33/><G33/><AGARI ba="1,0" hai="6,9,10,11,12,15,18,19,21,23,25,27,31,33" machi="33" ten="30,12000,2" yaku="7,1,35,6" doraHai="72" who="2" fromWho="3" sc="170,0,290,0,200,123,340,-123" /><INIT seed="2,0,0,5,5,44" ten="170,290,323,217" oya="2" hai0="100,16,49,130,80,125,76,4,13,107,15,72,74" hai1="106,105,42,84,20,108,94,132,113,115,33,9,79" hai2="58,129,45,48,110,83,31,41,36,92,101,114,68" hai3="103,2,40,29,24,6,67,135,102,118,39,81,93"/><V22/><F114/><W52/><G118/><T63/><D130/><U17/><E33/><V133/><F68/><W99/><G135/><T87/><D125/><U112/><E132/><V116/><F133/><W104/><G67/><T82/><D63/><U27/><E108/><V28/><F116/><W126/><G126/><T85/><D100/><U12/><E42/><V57/><F129/><W7/><G2/><T50/><D107/><U88/><REACH who="1" step="1"/><E79/><REACH who="1" ten="170,280,323,217" step="2"/><V97/><F110/><W122/><G40/><T131/><D131/><U19/><AGARI ba="0,1" hai="9,12,17,19,20,27,84,88,94,105,106,112,113,115" machi="19" ten="30,7900,0" yaku="1,1,2,1,0,1,54,1,53,0" doraHai="44" doraHaiUra="54" who="1" fromWho="1" sc="170,-20,280,89,323,-39,217,-20" /><INIT seed="3,0,0,2,5,52" ten="150,369,284,197" oya="3" hai0="40,25,117,51,67,123,134,48,94,100,91,28,71" hai1="13,77,20,86,29,93,128,108,78,30,5,68,24" hai2="122,101,26,133,11,33,74,55,79,14,57,105,62" hai3="21,18,4,60,131,37,121,112,23,92,99,80,118"/><W102/><G112/><T90/><D123/><U84/><E68/><V82/><F133/><W114/><G114/><T132/><D117/><U8/><E128/><V58/><F122/><W129/><G118/><T49/><D40/><U54/><E108/><V65/><F105/><W130/><G121/><T119/><D119/><U81/><E29/><V32/><F101/><W63/><G37/><T88/><D71/><U41/><E41/><V135/><F26/><W17/><G4/><T46/><D67/><U66/><E66/><V22/><F22/><W45/><G45/><T64/><D64/><U39/><E39/><V31/><F31/><W61/><G80/><T97/><REACH who="0" step="1"/><D46/><REACH who="0" ten="140,369,284,197" step="2"/><U9/><E54/><V16/><F135/><W36/><G36/><T35/><AGARI ba="0,1" hai="25,28,35,48,49,51,88,90,91,94,97,100,132,134" machi="35" ten="40,8000,1" yaku="1,1,2,1,0,1,54,1,53,0" doraHai="52" doraHaiUra="110" who="0" fromWho="0" sc="140,90,369,-20,284,-20,197,-40" owari="230,-17.0,349,44.9,264,6.4,157,-34.3" /></mjloggm>