<mjloggm ver="2.3"><GO type="225" lobby="0"/><UN n0="%E3%82%89%E3%81%84%E3%81%B5%E3%81%8C%E3%83%BC%E3%81%A9%E3%81%99%E3%81%8D" n1="%E5%B8%86%E7%AB%8B%E5%A4%8F%E8%A1%A3" n2="%E8%BE%9B%E5%8F%A3%E3%82%AB%E3%83%AC%E3%83%BC%E3%83%A9%E3%82%A4%E3%82%B9" n3="%E3%81%95%E3%81%8D%E3%81%9F%E3%81%BE%E6%9E%97%E6%AA%8E" dan="17,16,17,16" rate="2160.10,2174.24,2223.94,2081.09" sx="M,M,M,M"/><TAIKYOKU oya="0"/><INIT seed="0,0,0,2,5,84" ten="250,250,250,250" oya="0" hai0="34,114,58,29,107,99,3,101,111,51,130,31,52" hai1="127,97,71,104,94,79,60,53,98,49,85,59,96" hai2="108,17,119,125,39,5,50,11,22,64,109,8,87" hai3="16,33,103,14,26,18,74,13,57,83,117,73,102"/><T36/><D114/><U35/><E127/><V47/><F125/><W95/><G117/><T70/><D36/><U67/><E35/><V28/><F39/><W9/><G57/><T100/><D3/><U80/><REACH who="1" step="1"/><E104/><REACH who="1" ten="250,240,250,250" step="2"/><V37/><F109/><W121/><G121/><T62/><D130/><U133/><E133/><V113/><F108/><W69/><G33/><T81/><D111/><U46/><E46/><V56/><F47/><W23/><G69/><T90/><D34/><U128/><E128/><V68/><F68/><W120/><G120/><T44/><D70/><U88/><AGARI ba="0,1" hai="49,53,59,60,67,71,79,80,85,88,94,96,97,98" machi="88" ten="20,8000,1" yaku="1,1,0,1,7,1,52,1,54,1,53,0" doraHai="84" doraHaiUra="40" who="1" fromWho="1" sc="250,-40,240,90,250,-20,250,-20" /><INIT seed="1,0,0,2,0,42" ten="210,330,230,230" oya="1" hai0="27,127,17,105,126,120,30,4,10,20,55,65,52" hai1="68,71,63,119,81,96,117,102,72,106,83,48,1" hai2="70,69,74,113,62,98,110,124,2,115,75,95,116" hai3="15,85,82,77,0,38,92,88,109,64,33,103,49"/><U101/><E1/><V39/><F116/><W66/><G38/><T6/><D105/><U29/><E29/><V97/><F2/><W73/><G0/><N who="0" m="263" /><D65/><U107/><E48/><V22/><F110/><W135/><G109/><T133/><D6/><U16/><E16/><V79/><F39/><W131/><G33/><N who="0" m="20703" /><D133/><U125/><E63/><V18/><F62/><W132/><G131/><T40/><D40/><U99/><REACH who="1" step="1"/><E72/><REACH who="1" ten="210,320,230,230" step="2"/><V118/><F75/><W59/><G73/><T90/><D120/><U112/><E112/><V7/><F74/><W28/><G49/><T14/><D90/><U12/><E12/><V56/><F115/><W51/><G15/><T45/><D55/><U61/><E61/><V35/><F113/><W60/><G88/><T121/><D121/><U13/><E13/><V80/><F7/><W94/><G60/><T122/><D122/><U129/><E129/><V91/><F91/><W37/><G37/><T5/><D5/><U84/><E84/><V24/><F98/><W46/><G85/><T123/><D123/><U78/><E78/><V93/><F97/><W134/><G77/><T8/><D8/><U128/><E128/><V9/><F79/><W86/><G135/><T114/><D114/><U130/><E130/><V19/><F9/><W50/><G86/><T100/><D100/><U104/><E104/><V41/><F70/><W32/><G103/><T34/><D34/><U76/><E76/><V108/><F35/><W89/><G32/><T67/><D67/><U3/><E3/><V23/><F69/><W43/><G66/><T47/><D52/><RYUUKYOKU ba="0,1" sc="210,15,320,15,230,-15,230,-15" hai0="14,17,20,45,47,126,127" hai1="68,71,81,83,96,99,101,102,106,107,117,119,125" /><INIT seed="1,1,1,1,5,30" ten="225,335,215,215" oya="1" hai0="10,109,117,60,71,128,37,7,20,111,78,41,27" hai1="24,21,113,101,110,75,90,9,64,122,82,19,34" hai2="5,58,47,43,14,46,45,112,65,13,68,129,132" hai3="118,36,28,81,131,40,88,42,55,49,127,79,59"/><U15/><E113/><V87/><F129/><W95/><G118/><T120/><D117/><U92/><E122/><V74/><F74/><W32/><G131/><T93/><D120/><U39/><E39/><V51/><F132/><W2/><G2/><T97/><D78/><U16/><E110/><V107/><F107/><W6/><G6/><T108/><D128/><U115/><E115/><V72/><F72/><W63/><G36/><T54/><D41/><U23/><E64/><V50/><F68/><W57/><G127/><T105/><D37/><U119/><E119/><V26/><F112/><W133/><G133/><T98/><D105/><U11/><E101/><V80/><F26/><W69/><G69/><T126/><D126/><U22/><E82/><V130/><F5/><W102/><G102/><T48/><D93/><U91/><E75/><V61/><F130/><W66/><G81/><T62/><D71/><U70/><E70/><V124/><F124/><W76/><G32/><T123/><D123/><U1/><E92/><V67/><F65/><W94/><G28/><N who="0" m="17511" /><D62/><U38/><E38/><V8/><F8/><N who="1" m="3145" /><E1/><V100/><F100/><W89/><G95/><T73/><D60/><U85/><E85/><V25/><F61/><W114/><G114/><T103/><D103/><U4/><E4/><V86/><F86/><N who="3" m="52503" /><G89/><N who="1" m="33802" /><E34/><V116/><F87/><W31/><G31/><T56/><D73/><U12/><E24/><V53/><F116/><W35/><G35/><T0/><AGARI ba="1,1" hai="0,7,10,48,54,56,97,98,108,109,111" m="17511" machi="0" ten="30,1100,0" yaku="14,1" doraHai="30" who="0" fromWho="0" sc="225,24,335,-6,215,-4,215,-4" /><INIT seed="2,0,0,2,4,64" ten="249,329,211,211" oya="2" hai0="108,59,135,72,20,43,4,13,65,121,1,48,107" hai1="82,71,2,33,79,98,12,49,8,24,74,105,46" hai2="109,37,9,97,89,113,19,100,51,32,31,87,111" hai3="123,124,125,94,73,90,103,70,25,38,117,112,58"/><V80/><F37/><W120/><G38/><T26/><D121/><U15/><E2/><V91/><F113/><W21/><G117/><T45/><D107/><U29/><E71/><V3/><F51/><W86/><G73/><T114/><D72/><U16/><E105/><V122/><F122/><W92/><G112/><T116/><D1/><U133/><E133/><V14/><F3/><W119/><G119/><T67/><D108/><N who="2" m="41546" /><F31/><W23/><G58/><T30/><D135/><U61/><E61/><V110/><N who="2" m="41554" /><V85/><DORA hai="131" /><F32/><W41/><G41/><T128/><D128/><U47/><E49/><V35/><F35/><W6/><G6/><T69/><D116/><U68/><E68/><V66/><F66/><W10/><G70/><T40/><D69/><U11/><E98/><V62/><F62/><W53/><G53/><N who="0" m="29839" /><D114/><U7/><AGARI ba="0,0" hai="7,8,11,12,15,16,24,29,33,46,47,74,79,82" machi="7" ten="20,2700,0" yaku="0,1,7,1,54,1" doraHai="64,131" who="1" fromWho="1" sc="249,-7,329,27,211,-13,211,-7" /><INIT seed="3,0,0,1,5,64" ten="242,356,198,204" oya="3" hai0="13,129,101,31,23,120,108,24,25,106,52,105,75" hai1="116,62,68,121,90,63,113,28,84,16,125,115,85" hai2="100,34,102,78,61,14,21,119,49,15,107,98,126" hai3="123,11,26,51,94,133,81,109,22,20,29,82,9"/><W86/><G123/><T134/><D75/><U38/><E68/><V56/><F34/><W18/><G133/><T97/><D120/><U33/><E121/><V30/><F119/><W59/><G109/><T114/><D108/><U12/><E38/><V10/><F126/><W99/><G59/><T91/><D134/><U2/><E2/><V87/><F49/><W47/><G94/><T44/><D129/><U127/><E90/><V72/><F72/><W55/><G99/><T83/><D114/><U39/><E12/><N who="2" m="4651" /><F107/><W40/><G40/><T112/><D13/><U95/><E85/><V128/><F10/><N who="3" m="3595" /><G86/><T76/><D106/><U36/><E95/><V131/><F98/><W8/><N who="3" m="3603" /><W104/><DORA hai="32" /><G104/><T88/><D25/><AGARI ba="0,0" hai="18,20,22,25,26,29,47,51,55,81,82" m="3603" machi="25" ten="30,1500,0" yaku="8,1" doraHai="64,32" who="3" fromWho="0" sc="242,-15,356,0,198,0,204,15" /><INIT seed="3,1,0,0,4,105" ten="227,356,198,219" oya="3" hai0="124,123,52,102,65,95,26,103,67,31,89,117,40" hai1="97,116,132,17,133,82,1,46,21,126,13,122,58" hai2="53,111,71,130,115,104,20,50,45,78,85,106,79" hai3="131,57,83,11,32,86,33,128,110,94,38,81,49"/><W76/><G38/><T4/><D123/><U51/><E122/><V69/><F115/><W30/><G11/><T74/><D74/><U109/><E1/><V6/><F111/><W39/><G39/><T48/><D117/><U92/><E109/><V55/><F6/><W44/><G110/><T112/><D40/><U114/><E126/><V101/><F130/><N who="3" m="49707" /><G57/><T42/><D42/><U3/><E82/><V54/><F20/><W68/><G68/><T77/><D4/><U113/><E58/><V127/><F127/><W7/><G7/><T37/><D112/><U98/><E3/><V61/><F71/><W12/><G12/><T23/><D37/><U99/><E92/><V134/><F134/><N who="1" m="51817" /><E116/><V88/><F101/><N who="0" m="38410" /><D77/><U63/><E63/><V59/><F69/><W84/><G94/><T27/><D27/><U28/><E28/><V80/><F106/><W8/><G8/><T43/><D124/><U96/><N who="1" m="24576" /><DORA hai="15" /><U100/><E100/><V125/><F104/><W24/><G24/><T75/><D26/><U10/><E10/><V73/><F125/><W41/><G30/><T18/><D31/><U64/><E64/><N who="2" m="38975" /><F73/><W22/><G22/><T93/><D75/><U119/><E119/><V29/><F29/><W70/><G70/><T91/><D23/><U9/><E21/><V5/><F5/><W36/><G36/><T72/><D72/><U56/><E56/><V108/><F108/><W35/><G33/><T19/><D67/><U90/><E90/><AGARI ba="1,0" hai="32,35,41,44,49,76,81,83,84,86,90" m="49707" machi="90" ten="30,1500,0" yaku="19,1" doraHai="105,15" who="3" fromWho="1" sc="227,0,356,-18,198,0,219,18" /><INIT seed="3,2,0,1,1,14" ten="227,338,198,237" oya="3" hai0="1,79,7,86,84,104,44,68,2,117,66,127,47" hai1="112,43,128,115,38,48,58,70,34,78,124,98,30" hai2="54,25,109,74,67,32,72,135,10,114,12,131,77" hai3="99,110,118,20,8,19,100,82,116,13,41,26,63"/><W73/><G41/><T37/><D104/><U29/><E70/><V92/><F114/><W27/><G110/><T6/><D117/><U23/><E34/><V76/><F109/><W130/><G130/><T4/><D127/><U85/><E124/><V113/><F113/><W96/><G96/><T33/><D33/><U132/><E38/><V59/><F131/><W75/><G27/><T15/><D37/><U55/><E43/><V28/><F67/><W91/><G63/><T31/><D31/><U133/><E98/><V123/><F135/><N who="1" m="51785" /><E30/><V88/><F123/><W24/><G24/><T93/><D66/><U126/><E126/><V46/><F46/><W94/><G75/><T90/><D68/><U21/><E21/><V18/><F74/><W89/><G89/><T22/><D1/><U122/><E122/><V83/><F72/><W17/><REACH who="3" step="1"/><G91/><REACH who="3" ten="227,338,198,227" step="2"/><T5/><D2/><U50/><E128/><V3/><F83/><W60/><G60/><T119/><D90/><U120/><E120/><V49/><F3/><W103/><G103/><T71/><D119/><U121/><E121/><V107/><F107/><W45/><G45/><T95/><D47/><U111/><E111/><V62/><F62/><W11/><G11/><T105/><D44/><U102/><E102/><V97/><AGARI ba="2,1" hai="10,12,18,25,28,32,49,54,59,76,77,88,92,97" machi="97" ten="20,5200,0" yaku="0,1,7,1,52,1,54,1" doraHai="14" who="2" fromWho="2" sc="227,-15,338,-15,198,68,227,-28" owari="212,-18.8,323,42.3,266,6.6,199,-30.1" /></mjloggm>