<mjloggm ver="2.3"><GO type="225" lobby="0"/><UN n0="%E3%81%A9%E3%82%8F%E3%82%93%E3%81%94" n1="%E8%A8%88%E7%AE%97%E6%A9%9F%E8%87%AA%E7%84%B6" n2="%E9%B3%B3%E6%9D%B1%E3%81%AE%E3%81%86%E3%81%95%E3%81%8E%E3%81%95%E3%82%93" n3="%E3%82%A2%E3%83%BC%E3%83%A2%E3%83%AD%E3%83%BC%E3%83%B4%E3%82%A1" dan="16,17,16,16" rate="2173.13,2225.42,2217.49,2125.44" sx="M,M,M,M"/><TAIKYOKU oya="0"/><INIT seed="0,0,0,0,1,31" ten="250,250,250,250" oya="0" hai0="63,120,40,64,32,50,17,71,88,70,129,106,107" hai1="84,111,45,3,123,119,43,113,61,5,21,115,89" hai2="29,101,100,118,14,27,91,22,0,98,87,42,41" hai3="53,59,58,80,116,6,77,12,121,86,130,131,72"/><T132/><D120/><U108/><E123/><V90/><F0/><W75/><G116/><T36/><D71/><U18/><E119/><V127/><F127/><W74/><G121/><T15/><D132/><U8/><E61/><V47/><F118/><W124/><G124/><T46/><D129/><N who="3" m="49161" /><G53/><T103/><D103/><U24/><E89/><V92/><F14/><W76/><G76/><T23/><D32/><U81/><E84/><V51/><REACH who="2" step="1"/><F42/><REACH who="2" ten="250,250,240,250" step="2"/><W52/><G52/><T9/><D9/><AGARI ba="0,1" hai="6,9,12,58,59,72,74,75,77,80,86" m="49161" machi="9" ten="40,1300,0" yaku="19,1" doraHai="31" who="3" fromWho="0" sc="250,-13,250,0,240,0,250,23" /><INIT seed="1,0,0,1,3,89" ten="237,250,240,273" oya="1" hai0="96,40,129,12,93,45,127,31,97,81,48,17,64" hai1="7,105,99,109,72,82,36,22,124,39,123,118,134" hai2="125,50,119,110,20,75,113,1,108,85,67,114,52" hai3="23,38,18,66,51,44,25,112,106,14,131,61,98"/><U15/><E123/><V4/><F75/><W33/><G112/><N who="2" m="43113" /><F125/><W49/><G131/><T2/><D127/><U92/><E124/><V133/><F133/><W84/><G84/><T27/><D2/><U37/><E118/><V104/><F119/><W42/><G106/><T88/><D129/><U63/><E134/><V117/><F117/><W16/><G98/><T57/><D81/><U111/><E105/><V5/><F104/><W35/><G33/><T62/><D97/><U32/><E32/><V68/><F20/><W28/><REACH who="3" step="1"/><G18/><REACH who="3" ten="237,250,240,263" step="2"/><T47/><D47/><U79/><E99/><V8/><F85/><W24/><G24/><T128/><D128/><U9/><E92/><V120/><F120/><W71/><AGARI ba="0,1" hai="14,16,23,25,28,35,38,42,44,49,51,61,66,71" machi="71" ten="20,5200,0" yaku="1,1,0,1,7,1,54,1,53,0" doraHai="89" doraHaiUra="116" who="3" fromWho="3" sc="237,-13,250,-26,240,-13,263,62" /><INIT seed="2,0,0,0,0,0" ten="224,224,227,325" oya="2" hai0="60,91,117,8,132,76,51,112,6,58,59,62,120" hai1="9,52,123,69,61,56,111,65,115,36,98,126,46" hai2="110,92,34,103,7,15,95,88,24,22,101,77,25" hai3="57,116,4,49,135,5,125,21,18,87,55,81,17"/><V97/><F110/><W41/><G116/><T11/><D120/><U48/><E115/><V37/><F37/><W32/><G32/><T80/><D112/><U114/><E114/><V104/><F34/><W107/><G135/><T1/><D132/><U26/><E111/><V70/><F70/><W85/><G125/><T86/><D117/><U71/><E126/><V100/><F104/><W121/><G121/><T44/><D11/><U83/><E123/><V45/><F77/><N who="3" m="46255" /><G107/><T106/><D106/><U38/><E98/><N who="2" m="57607" /><F45/><N who="3" m="25775" /><G87/><T29/><D29/><U124/><E124/><V10/><F24/><N who="3" m="14383" /><G18/><AGARI ba="0,0" hai="7,10,15,18,22,25,95,97,100,101,103" m="57607" machi="18" ten="30,5800,0" yaku="8,1,52,1,54,1" doraHai="0" who="2" fromWho="3" sc="224,0,224,0,227,58,325,-58" /><INIT seed="2,1,0,4,4,58" ten="224,224,285,267" oya="2" hai0="45,115,29,131,11,47,50,89,9,44,132,6,109" hai1="98,62,39,24,117,106,41,17,72,76,84,31,21" hai2="67,93,1,113,40,85,30,25,135,91,52,19,3" hai3="86,46,13,26,133,37,2,103,122,60,34,16,10"/><V73/><F113/><W70/><G122/><T127/><D115/><U92/><E117/><V100/><F73/><W111/><G111/><T18/><D109/><U23/><E72/><V0/><F135/><W8/><G133/><T14/><D132/><U110/><E110/><V101/><F40/><W79/><G103/><T94/><D131/><U64/><E39/><V74/><F74/><W5/><G46/><T33/><D127/><U75/><E75/><V87/><F67/><W59/><G70/><T105/><D105/><U82/><E106/><V28/><F87/><W63/><G59/><T65/><D65/><U96/><E41/><V114/><F114/><W125/><G37/><T20/><D6/><U51/><E51/><V129/><F129/><W126/><G26/><T77/><D77/><U118/><E118/><V56/><F19/><W116/><G34/><T42/><D33/><U36/><E36/><V15/><F15/><W120/><G120/><T123/><D123/><U49/><E49/><V68/><F68/><W104/><G104/><T7/><D29/><U81/><E81/><V57/><F57/><W102/><G102/><T121/><D121/><U90/><E96/><V54/><F30/><W4/><G4/><T48/><D48/><U134/><E134/><V99/><F56/><W53/><G53/><N who="2" m="20585" /><F99/><W112/><G116/><T22/><D47/><U97/><E98/><V95/><F93/><W108/><G108/><T32/><D44/><U80/><E80/><V71/><F71/><W119/><G112/><T61/><D45/><U83/><E31/><V128/><F128/><RYUUKYOKU ba="1,0" sc="224,-10,224,-10,285,30,267,-10" hai2="0,1,3,25,28,85,91,95,100,101" /><INIT seed="2,2,0,2,1,38" ten="214,214,315,257" oya="2" hai0="21,69,104,120,54,57,64,135,129,7,105,96,17" hai1="59,53,84,78,88,41,47,45,18,89,73,85,131" hai2="109,32,50,118,115,94,42,101,83,68,9,91,60" hai3="95,122,4,65,102,75,81,62,67,11,15,90,19"/><V119/><F115/><W87/><G122/><T27/><D120/><U99/><E131/><V112/><F112/><W133/><G133/><T127/><D129/><U79/><E73/><V72/><F32/><W34/><G34/><T40/><D135/><U51/><E99/><V74/><F101/><W36/><G36/><T116/><D7/><U52/><E18/><V100/><F100/><W86/><G75/><T24/><D127/><U114/><E114/><V31/><F31/><W2/><G62/><T117/><D40/><U14/><E14/><V63/><F9/><W0/><G102/><T1/><D1/><U106/><E106/><V29/><F29/><W80/><G95/><T66/><D24/><U126/><E126/><V46/><F63/><W26/><G26/><T10/><D10/><U110/><E110/><V70/><F109/><W132/><G132/><T22/><D22/><U125/><E125/><V5/><F5/><W56/><G56/><T103/><D104/><U71/><E71/><V48/><F72/><W20/><REACH who="3" step="1"/><G2/><REACH who="3" ten="214,214,315,247" step="2"/><T12/><D27/><U113/><E113/><V123/><F60/><W43/><G43/><T128/><D128/><U93/><E45/><N who="2" m="25655" /><F123/><W124/><G124/><T28/><D69/><U121/><E121/><V77/><F70/><W108/><G108/><T111/><D111/><U44/><E44/><V6/><F68/><W25/><G25/><T23/><D57/><U82/><E53/><V130/><F130/><W55/><G55/><T39/><D54/><U76/><E52/><V30/><F46/><W16/><G16/><T98/><D17/><RYUUKYOKU ba="2,1" sc="214,-15,214,15,315,-15,247,15" hai1="41,47,51,59,76,78,79,82,84,85,88,89,93" hai3="0,4,11,15,19,20,65,67,80,81,86,87,90" /><INIT seed="3,3,1,3,3,30" ten="199,229,300,262" oya="3" hai0="129,86,27,56,46,99,103,78,106,112,8,64,58" hai1="108,83,16,59,121,88,74,118,9,24,105,69,131" hai2="13,54,6,84,127,85,110,51,126,98,23,18,82" hai3="70,4,77,36,71,107,73,111,104,22,62,5,28"/><W35/><G22/><T20/><D129/><U34/><E69/><N who="3" m="26122" /><G62/><T63/><D112/><U119/><E108/><V14/><F110/><W92/><G92/><T91/><D78/><N who="1" m="44503" /><E121/><V133/><F133/><W81/><G4/><T15/><D46/><U123/><E123/><V31/><F31/><W100/><G111/><T75/><D75/><U114/><E105/><N who="3" m="40522" /><G5/><T12/><D58/><U52/><E114/><V60/><F98/><W39/><G100/><T90/><D8/><U57/><E88/><V96/><F96/><W42/><G42/><T44/><D44/><U0/><E131/><V115/><F60/><W26/><AGARI ba="3,1" hai="26,28,35,36,39,73,77,81" m="40522,26122" machi="26" ten="40,7800,0" yaku="33,2,52,1" doraHai="30" who="3" fromWho="3" sc="199,-29,229,-29,300,-29,262,97" owari="170,-33.0,200,-20.0,271,7.1,359,45.9" /></mjloggm>