<mjloggm ver="2.3"><GO type="225" lobby="0"/><UN n0="%E3%81%B5%E3%81%98%E3%81%8B%E3%81%A4" n1="%72%61%6B%33" n2="%E3%82%B4%E3%83%AA%E3%83%91%E3%83%A9" n3="%E3%81%8B%E3%82%8F%E3%81%A1%E3%82%83%E3%82%93%35%38" dan="16,16,16,16" rate="2204.20,2112.51,2149.14,2145.12" sx="M,M,M,M"/><TAIKYOKU oya="0"/><INIT seed="0,0,0,3,5,10" ten="250,250,250,250" oya="0" hai0="8,51,103,81,92,97,105,42,23,49,57,62,106" hai1="33,38,64,112,84,109,125,104,116,47,77,100,25" hai2="28,58,128,13,132,50,120,18,65,22,78,121,88" hai3="72,9,5,37,68,6,39,102,4,126,43,32,79"/><T70/><D70/><U101/><E116/><V27/><F128/><W75/><G68/><T40/><D23/><U123/><E123/><V17/><F132/><W115/><G115/><T7/><D81/><U113/><E109/><V98/><F78/><W85/><G32/><T3/><D106/><U111/><E111/><V29/><F121/><W67/><G67/><T56/><D105/><U66/><E125/><V74/><F74/><W48/><G102/><T2/><D2/><U130/><E47/><V90/><F120/><W129/><G129/><T91/><D103/><U131/><E84/><V76/><F76/><W12/><G5/><T1/><D1/><U55/><E77/><V15/><F27/><W41/><G6/><T26/><D26/><U11/><E25/><V118/><F118/><W135/><G43/><T61/><D42/><U14/><E33/><V34/><F34/><W87/><G87/><T134/><D134/><U110/><E110/><V60/><F50/><W83/><G126/><T95/><D40/><U117/><E117/><V30/><F98/><W19/><G19/><T52/><REACH who="0" step="1"/><D95/><REACH who="0" ten="240,250,250,250" step="2"/><U119/><E119/><V53/><F65/><AGARI ba="0,1" hai="3,7,8,49,51,52,56,57,61,62,65,91,92,97" machi="65" ten="30,11600,0" yaku="1,1,2,1,7,1,54,1,53,0" doraHai="10" doraHaiUra="82" who="0" fromWho="2" sc="240,126,250,0,250,-116,250,0" /><INIT seed="0,1,0,4,4,58" ten="366,250,134,250" oya="0" hai0="120,65,50,32,112,135,54,103,134,53,111,129,74" hai1="20,89,47,19,25,72,95,107,90,119,30,131,99" hai2="76,85,121,70,92,37,40,87,31,128,126,104,73" hai3="83,55,101,75,102,77,78,123,127,117,12,15,35"/><T108/><D32/><U84/><E131/><V86/><F70/><W63/><G117/><T71/><D74/><U68/><E119/><V21/><F121/><W1/><G1/><T9/><D120/><U36/><E72/><V34/><F34/><W33/><G123/><T93/><D112/><U46/><E68/><V64/><F128/><W100/><G127/><T52/><D9/><U80/><E36/><V105/><F64/><W61/><G78/><T4/><D4/><U24/><REACH who="1" step="1"/><E107/><REACH who="1" ten="366,240,134,250" step="2"/><V10/><F37/><W62/><REACH who="3" step="1"/><G55/><REACH who="3" ten="366,240,134,240" step="2"/><T98/><D129/><U28/><E28/><V42/><F31/><W49/><G49/><T45/><D71/><U22/><AGARI ba="1,2" hai="19,20,22,24,25,30,46,47,80,84,89,90,95,99" machi="22" ten="20,5200,0" yaku="1,1,0,1,7,1,8,1,53,0" doraHai="58" doraHaiUra="124" who="1" fromWho="1" sc="366,-27,240,75,134,-14,240,-14" /><INIT seed="1,0,0,1,5,115" ten="339,315,120,226" oya="1" hai0="81,131,103,118,29,71,0,11,69,119,65,16,122" hai1="22,44,90,101,15,57,39,80,112,67,127,55,23" hai2="5,121,132,49,128,8,58,51,95,7,9,26,109" hai3="14,27,98,1,62,53,4,20,42,17,28,83,93"/><U97/><E112/><V124/><F121/><W35/><G42/><T133/><D103/><U12/><E127/><V100/><F109/><W102/><G83/><T79/><D29/><U41/><E67/><V111/><F111/><W84/><G84/><T47/><D122/><U60/><E15/><V46/><F124/><W45/><G62/><T74/><D133/><U75/><E12/><V72/><F72/><W86/><G86/><T6/><D131/><U120/><E120/><V40/><F128/><W38/><G38/><T64/><D47/><U114/><E114/><V24/><F132/><W91/><G53/><T36/><D36/><U92/><REACH who="1" step="1"/><E101/><REACH who="1" ten="339,305,120,226" step="2"/><V77/><F100/><W48/><G102/><T87/><D65/><U89/><E89/><V130/><F130/><W125/><G125/><T19/><D64/><U117/><E117/><V70/><F77/><AGARI ba="0,1" hai="22,23,39,41,44,55,57,60,75,77,80,90,92,97" machi="77" ten="40,3900,0" yaku="1,1,53,1" doraHai="115" doraHaiUra="37" who="1" fromWho="2" sc="339,0,305,49,120,-39,226,0" /><INIT seed="1,1,0,3,0,16" ten="339,354,81,226" oya="1" hai0="47,70,130,41,101,85,67,2,78,23,37,46,52" hai1="80,126,128,104,27,61,31,30,122,4,17,24,115" hai2="13,18,43,135,133,58,94,6,79,60,121,9,44" hai3="76,132,118,22,124,93,112,64,54,63,96,45,38"/><U123/><E104/><V129/><F121/><W75/><G112/><T83/><D2/><U5/><E80/><V72/><F129/><W116/><G124/><T120/><D130/><U90/><E61/><V110/><F110/><W86/><G75/><T59/><D101/><U48/><E48/><V53/><F94/><W117/><G132/><T57/><D120/><U108/><E90/><V50/><F72/><W33/><G33/><T34/><D34/><U55/><E55/><V99/><F99/><W102/><G76/><T40/><D70/><U14/><E128/><V21/><REACH who="2" step="1"/><F79/><REACH who="2" ten="339,354,71,226" step="2"/><W0/><G93/><T119/><D78/><U91/><E108/><V10/><F10/><W39/><G96/><T109/><D109/><U68/><E123/><V125/><F125/><W103/><G117/><T62/><D119/><U95/><E126/><V131/><F131/><W127/><G127/><T88/><D83/><U42/><E95/><V69/><F69/><N who="3" m="42143" /><G118/><T3/><D85/><U12/><E68/><V36/><F36/><W134/><G116/><T71/><D71/><U20/><E122/><V1/><AGARI ba="1,1" hai="1,6,9,13,18,21,43,44,50,53,58,60,133,135" machi="1" ten="30,7900,0" yaku="1,1,0,1,52,1,53,1" doraHai="16" doraHaiUra="35" who="2" fromWho="2" sc="339,-21,354,-40,71,92,226,-21" /><INIT seed="2,0,0,5,1,117" ten="318,314,163,205" oya="2" hai0="130,48,89,82,51,29,61,67,6,107,40,62,22" hai1="41,33,71,14,25,110,135,1,11,105,80,108,28" hai2="17,50,131,58,76,55,52,73,59,10,18,77,79" hai3="99,27,94,26,129,63,12,128,37,86,75,88,91"/><V121/><F121/><W36/><G75/><T132/><D107/><U68/><E135/><V5/><F131/><N who="3" m="50251" /><G63/><T123/><D132/><U23/><E105/><V13/><REACH who="2" step="1"/><F73/><REACH who="2" ten="318,314,153,205" step="2"/><W103/><G12/><T38/><D123/><U104/><E14/><V96/><F96/><W120/><G120/><T119/><D119/><U74/><E74/><V90/><F90/><N who="3" m="34347" /><G86/><T92/><D89/><U111/><E111/><V44/><F44/><W24/><AGARI ba="0,1" hai="24,26,27,36,37,94,99,103" m="34347,50251" machi="24" ten="40,2700,0" yaku="19,1,54,1" doraHai="117" who="3" fromWho="3" sc="318,-7,314,-7,153,-13,205,37" /><INIT seed="3,0,0,3,0,94" ten="311,307,140,242" oya="3" hai0="4,20,34,101,126,128,7,56,135,78,3,23,35" hai1="127,14,37,97,64,75,90,116,132,47,40,18,105" hai2="45,123,55,76,100,113,124,63,119,115,25,122,109" hai3="36,0,6,8,131,81,54,84,13,16,120,31,114"/><W82/><G114/><N who="2" m="43529" /><F25/><W98/><G120/><N who="2" m="46121" /><F100/><W21/><G131/><T27/><D56/><U107/><E75/><V129/><F76/><W57/><G36/><T112/><D128/><U133/><E127/><V121/><N who="2" m="46129" /><V104/><DORA hai="77" /><F104/><W65/><G65/><T43/><D126/><U110/><E64/><V12/><F12/><W19/><G98/><T67/><D43/><U71/><E71/><V44/><F129/><W9/><G31/><T62/><D67/><U79/><E79/><V30/><F30/><W99/><G99/><T32/><D78/><U46/><E46/><N who="2" m="18027" /><F124/><W108/><G108/><T48/><D101/><U38/><E110/><V52/><F109/><W22/><G84/><T118/><D27/><U96/><E38/><V11/><F11/><N who="3" m="4171" /><G6/><T24/><D7/><U2/><E107/><V60/><F119/><W85/><G85/><T92/><D4/><U134/><E116/><V70/><F70/><W59/><G0/><T33/><D3/><U73/><E2/><V93/><F93/><W61/><G59/><T111/><D92/><N who="1" m="56343" /><E73/><V86/><F86/><W91/><G91/><T117/><D118/><U74/><E74/><V66/><F66/><W102/><G102/><T17/><D117/><U106/><E97/><V39/><F39/><W95/><G95/><T89/><D111/><U10/><AGARI ba="0,0" hai="10,14,18,37,40,47,105,106,132,133,134" m="56343" machi="10" ten="30,2000,0" yaku="20,1,52,1" doraHai="94,77" who="1" fromWho="1" sc="311,-5,307,20,140,-5,242,-10" owari="306,10.6,327,42.7,135,-36.5,232,-16.8" /></mjloggm>