<mjloggm ver="2.3"><GO type="225" lobby="0"/><UN n0="%72%69%6F%75%63%68%61%6E" n1="%E3%81%82%E3%81%84%E3%81%82%E3%81%8A%E3%81%84" n2="%E5%B8%86%E7%AB%8B%E5%A4%8F%E8%A1%A3" n3="%E3%81%AF%E3%82%88%E3%81%8A%E3%81%98%E3%81%95%E3%82%93" dan="17,18,17,16" rate="2267.42,2177.49,2157.48,2157.83" sx="M,M,M,M"/><TAIKYOKU oya="0"/><INIT seed="0,0,0,5,3,103" ten="250,250,250,250" oya="0" hai0="19,132,9,91,45,16,97,77,52,31,71,32,85" hai1="10,27,107,125,11,129,34,17,36,95,26,63,61" hai2="88,93,46,7,90,121,110,65,134,33,72,69,48" hai3="0,40,102,118,3,123,39,47,1,73,13,131,28"/><T62/><D132/><U58/><E36/><V111/><F72/><W101/><G118/><T117/><D117/><U115/><E107/><V12/><F121/><W59/><G73/><T120/><D120/><U2/><E125/><V114/><F33/><W81/><G123/><T29/><D32/><U96/><E129/><V51/><F114/><W79/><G131/><T20/><D77/><U126/><E126/><V127/><F127/><W54/><G28/><T4/><D97/><U41/><E41/><V105/><F105/><W100/><G13/><N who="0" m="5287" /><D71/><U8/><E115/><V84/><F134/><W92/><G92/><N who="0" m="54383" /><D19/><U18/><E2/><V109/><F90/><W37/><G37/><T87/><D87/><U35/><E96/><V43/><F69/><W57/><G57/><N who="0" m="35111" /><D45/><U22/><E95/><V124/><F124/><W30/><G30/><T122/><D122/><U128/><E128/><V56/><F65/><W42/><G42/><T38/><D38/><U82/><E82/><V94/><F94/><W133/><G133/><T89/><D89/><U44/><E44/><V14/><REACH who="2" step="1"/><F7/><REACH who="2" ten="250,250,240,250" step="2"/><W49/><G81/><T106/><D106/><U119/><E119/><V66/><F66/><W98/><G79/><T108/><D108/><U70/><E70/><V104/><F104/><W15/><G98/><T23/><D23/><U78/><E78/><V116/><F116/><W25/><G100/><T99/><D99/><U5/><E5/><V86/><F86/><W21/><G102/><T113/><D113/><U76/><E76/><V135/><F135/><W74/><G101/><T67/><D67/><RYUUKYOKU ba="0,1" sc="250,15,250,-15,240,15,250,-15" hai0="16,20,29,31" hai2="12,14,43,46,48,51,56,84,88,93,109,110,111" /><INIT seed="0,1,1,2,3,98" ten="265,235,255,235" oya="0" hai0="9,59,97,37,15,29,124,22,36,110,88,66,53" hai1="109,26,56,4,85,38,3,107,99,23,16,7,81" hai2="105,51,79,64,115,21,94,54,100,78,101,113,42" hai3="41,83,20,127,103,40,31,28,27,48,49,82,18"/><T58/><D124/><U19/><E38/><V131/><F105/><W130/><G127/><T112/><D112/><U39/><E39/><V34/><F34/><W114/><G114/><T111/><D66/><U108/><E19/><V70/><F131/><W65/><G130/><T92/><D58/><U46/><E46/><V1/><F1/><W10/><G65/><T14/><D36/><U93/><E107/><V128/><F128/><W104/><G104/><T8/><D37/><U24/><E24/><V61/><F42/><N who="3" m="16491" /><G103/><N who="2" m="39497" /><F115/><W60/><G60/><T126/><D126/><U133/><E133/><V33/><F70/><W17/><G17/><N who="0" m="10551" /><D29/><N who="3" m="11337" /><G10/><T52/><D15/><U116/><E116/><V5/><F33/><W129/><G129/><T91/><D91/><N who="1" m="55743" /><E3/><V122/><F122/><W45/><G49/><N who="0" m="31119" /><D53/><AGARI ba="1,1" hai="18,20,27,45,48,53,82,83" m="11337,16491" machi="53" ten="30,1000,0" yaku="8,1" doraHai="98" who="3" fromWho="0" sc="265,-13,235,0,255,0,235,23" /><INIT seed="1,0,0,2,4,118" ten="252,235,255,258" oya="1" hai0="72,128,104,11,40,126,4,50,25,111,74,56,88" hai1="92,115,78,59,33,66,22,15,102,12,108,73,89" hai2="21,53,132,85,62,7,42,87,8,127,48,64,83" hai3="97,13,96,94,109,112,6,2,135,90,63,82,32"/><U43/><E33/><V81/><F127/><W103/><G32/><T28/><D111/><U129/><E115/><V49/><F132/><W1/><G112/><T113/><D113/><U79/><E129/><V86/><F21/><W117/><G109/><T123/><D126/><U107/><E108/><V58/><F48/><W37/><G37/><T0/><D128/><U31/><E43/><V65/><F42/><W80/><G135/><T121/><D104/><U75/><E75/><V93/><F93/><W76/><G117/><T26/><D88/><U120/><E120/><N who="0" m="46153" /><D25/><N who="1" m="16823" /><E73/><V131/><F131/><W38/><G90/><T14/><D0/><U23/><E102/><V47/><REACH who="2" step="1"/><F65/><REACH who="2" ten="252,235,245,258" step="2"/><W17/><G38/><T98/><D98/><N who="1" m="57615" /><E107/><V116/><F116/><W122/><G97/><T110/><D110/><U54/><E66/><V99/><F99/><W16/><G96/><T69/><D40/><U61/><E23/><V67/><F67/><W20/><G20/><N who="0" m="15431" /><D69/><U133/><E133/><V106/><F106/><W130/><G130/><T100/><D100/><U77/><AGARI ba="0,1" hai="12,15,54,59,61,77,78,79" m="57615,16823" machi="77" ten="30,1500,0" yaku="8,1" doraHai="118" who="1" fromWho="1" sc="252,-5,235,25,245,-5,258,-5" /><INIT seed="1,1,0,2,4,83" ten="247,260,240,253" oya="1" hai0="31,87,17,13,97,43,21,110,100,2,40,12,119" hai1="117,106,7,115,99,19,50,14,56,125,131,57,82" hai2="42,11,38,111,35,45,52,60,39,120,116,132,101" hai3="68,66,10,51,61,91,65,24,128,88,32,23,78"/><U89/><E115/><V55/><F116/><W37/><G37/><T112/><D110/><U48/><E117/><V71/><F35/><W64/><G32/><T81/><D119/><U95/><E125/><V121/><F101/><W94/><G128/><T67/><D2/><U103/><E7/><V26/><F26/><W4/><G78/><T18/><D112/><U114/><E131/><V92/><F92/><W79/><G79/><T58/><D31/><U70/><E70/><V5/><F111/><W15/><G51/><T74/><D74/><U3/><E3/><V6/><F6/><W73/><G91/><T59/><D59/><N who="1" m="22603" /><E106/><V47/><F132/><W80/><G80/><T75/><D75/><U76/><E76/><V134/><F134/><W63/><G73/><T118/><D118/><U133/><E133/><V122/><F11/><W85/><REACH who="3" step="1"/><G68/><REACH who="3" ten="247,260,240,243" step="2"/><T77/><D58/><U130/><E130/><V129/><F129/><W62/><G62/><T135/><D135/><U8/><E114/><V84/><F71/><W107/><G107/><T29/><D77/><U93/><E82/><V90/><F60/><W96/><G96/><AGARI ba="1,1" hai="8,14,19,48,50,89,93,95,96,99,103" m="22603" machi="96" ten="30,1500,0" yaku="8,1" doraHai="83" who="1" fromWho="3" sc="247,0,260,28,240,0,243,-18" /><INIT seed="1,2,0,5,1,38" ten="247,288,240,225" oya="1" hai0="56,37,14,114,6,24,77,36,68,101,53,102,75" hai1="59,9,45,60,43,81,48,117,2,62,126,111,55" hai2="91,120,32,30,103,67,19,100,11,80,85,108,110" hai3="84,135,57,128,15,5,119,28,23,50,29,65,109"/><U25/><E117/><V83/><F120/><W18/><G119/><T115/><D68/><U125/><E81/><V127/><F67/><W66/><G109/><N who="2" m="42089" /><F127/><N who="1" m="48649" /><E111/><V124/><F124/><W97/><G128/><T116/><D116/><U31/><E9/><V133/><F133/><W72/><G72/><T93/><D36/><N who="1" m="21735" /><E2/><V44/><F44/><W107/><G135/><T96/><D37/><U71/><E71/><V122/><F122/><W20/><G5/><T26/><D102/><N who="2" m="38954" /><F32/><AGARI ba="2,0" hai="25,31,32,48,55,59,60,62" m="21735,48649" machi="32" ten="30,2900,0" yaku="18,1,52,1" doraHai="38" who="1" fromWho="2" sc="247,0,288,35,240,-35,225,0" /><INIT seed="1,3,0,0,4,100" ten="247,323,205,225" oya="1" hai0="0,106,18,108,44,57,97,27,68,31,23,49,70" hai1="12,45,102,93,36,40,127,80,83,54,62,118,114" hai2="105,77,55,20,2,63,99,71,134,107,13,120,95" hai3="104,115,117,61,1,52,29,38,41,47,35,94,69"/><U133/><E114/><V59/><F120/><W101/><G115/><T66/><D108/><U28/><E118/><V9/><F134/><W48/><G1/><T109/><D109/><U42/><E42/><V76/><F2/><W3/><G3/><T81/><D0/><U26/><E133/><V50/><F20/><W17/><G117/><T22/><D81/><U51/><E127/><V116/><F116/><W14/><G94/><T65/><D65/><U24/><E62/><V86/><F71/><W129/><G129/><T10/><D10/><U5/><E102/><V16/><F63/><W131/><G131/><T125/><D125/><U89/><E12/><V11/><F11/><W33/><G29/><T84/><D84/><U43/><E5/><V34/><F34/><W126/><G126/><T7/><D7/><U72/><E72/><V119/><F119/><W75/><G75/><T85/><D85/><U4/><E4/><V58/><F58/><N who="3" m="33031" /><G104/><T8/><D8/><U79/><E79/><V82/><F77/><W103/><G35/><T124/><D124/><U111/><E111/><V25/><F25/><W39/><G38/><T135/><D135/><U15/><E15/><V67/><F67/><N who="3" m="41199" /><G33/><T121/><D121/><U74/><E74/><V92/><F92/><W19/><G19/><T112/><D112/><U21/><E24/><V73/><F73/><W123/><G123/><T90/><D27/><U60/><E36/><V53/><F53/><W113/><G113/><T6/><D66/><U32/><E32/><V56/><F56/><W87/><G87/><T128/><D57/><RYUUKYOKU ba="3,0" sc="247,-15,323,-15,205,15,225,15" hai2="9,13,16,50,55,59,76,82,86,95,99,105,107" hai3="14,17,39,41,47,101,103" /><INIT seed="2,4,0,2,4,19" ten="232,308,220,240" oya="2" hai0="81,117,10,47,80,33,116,121,8,119,26,84,0" hai1="83,40,85,98,25,97,131,79,1,70,51,24,101" hai2="122,113,16,75,87,111,30,38,6,54,115,103,61" hai3="68,23,36,86,104,35,4,50,41,7,73,63,45"/><V72/><F122/><W93/><G73/><T9/><D121/><U112/><E70/><V21/><F38/><W129/><G104/><T130/><D130/><U3/><E112/><V123/><F123/><W91/><G35/><T17/><D47/><U43/><E131/><V76/><F75/><W32/><G32/><T105/><D105/><U44/><E43/><V53/><F72/><W66/><G129/><T88/><D80/><U14/><E14/><V69/><F69/><W120/><G120/><T124/><D124/><U13/><E13/><N who="2" m="9359" /><F30/><W82/><G23/><N who="0" m="13679" /><D33/><U42/><E42/><V18/><F6/><AGARI ba="4,0" hai="0,6,8,9,10,81,84,88,116,117,119" m="13679" machi="6" ten="30,3900,0" yaku="12,1,52,1,54,1" doraHai="19" who="0" fromWho="2" sc="232,51,308,0,220,-51,240,0" /><INIT seed="3,0,0,2,1,109" ten="283,308,169,240" oya="3" hai0="68,89,105,88,42,132,128,12,63,120,6,39,95" hai1="33,20,31,71,27,77,17,130,9,135,64,35,52" hai2="30,97,112,38,15,115,100,25,73,125,67,24,59" hai3="126,90,65,19,26,57,2,62,80,34,37,101,61"/><W134/><G2/><T47/><D120/><U92/><E135/><V50/><F38/><W119/><G37/><T46/><D105/><U118/><E77/><V111/><F73/><W99/><G119/><T78/><D132/><U124/><E124/><V43/><F125/><W83/><G126/><T69/><D128/><U117/><E130/><V48/><F111/><W32/><G134/><T127/><D127/><U55/><E92/><N who="2" m="58407" /><F25/><W110/><G110/><T18/><D78/><U29/><E9/><V72/><F15/><W66/><G90/><T44/><D6/><U28/><E64/><V1/><F1/><W75/><G19/><T45/><D63/><U36/><E71/><V93/><F93/><W14/><G14/><T16/><D89/><U116/><E36/><V102/><F102/><W96/><G75/><T56/><D56/><U86/><E86/><V84/><F84/><W121/><G121/><T74/><D74/><U21/><E21/><N who="2" m="15631" /><F72/><W94/><G96/><T103/><D103/><U108/><E108/><V123/><F123/><W10/><G10/><T7/><D7/><U133/><E133/><V58/><F58/><N who="3" m="37047" /><G34/><AGARI ba="0,0" hai="17,20,27,28,29,31,33,34,35,52,55,116,117,118" machi="34" ten="50,3200,0" yaku="12,1,54,1" doraHai="109" who="1" fromWho="3" sc="283,0,308,32,169,0,240,-32" owari="283,8.3,340,44.0,169,-33.1,208,-19.2" /></mjloggm>