<mjloggm ver="2.3"><GO type="225" lobby="0"/><UN n0="%E3%81%BF%E3%81%BF%E3%81%9A" n1="%33%74%72%65%65" n2="%E5%A4%9C%E5%85%89%E5%A4%A9%E6%A5%BC" n3="%6D%75%75%73%61%6E%6D%75" dan="17,16,16,16" rate="2267.02,2152.02,2064.63,2127.15" sx="M,F,F,F"/><TAIKYOKU oya="0"/><INIT seed="0,0,0,0,0,135" ten="250,250,250,250" oya="0" hai0="133,15,30,129,85,125,19,81,43,45,12,98,52" hai1="92,35,79,113,0,4,33,78,102,8,10,116,83" hai2="25,6,14,105,55,75,29,95,120,40,115,71,22" hai3="69,126,24,132,91,44,74,82,5,47,103,89,86"/><T97/><D133/><U41/><E116/><V101/><F115/><W20/><G132/><T99/><D129/><U38/><E113/><V63/><F120/><W134/><G134/><T37/><D30/><U73/><E79/><V17/><F75/><W9/><G69/><T65/><D65/><U18/><E102/><V11/><F40/><W26/><G74/><T60/><D125/><U39/><E39/><V96/><F71/><W42/><G103/><T28/><D28/><U107/><E107/><V36/><F36/><W117/><G117/><T53/><D60/><U51/><E51/><V50/><F63/><W58/><G58/><T56/><D56/><U67/><E92/><V27/><F105/><W62/><G62/><T84/><D84/><U114/><E67/><V112/><F112/><W76/><G126/><T128/><D128/><U32/><E114/><V72/><F72/><W90/><G42/><T59/><D59/><U1/><E18/><V21/><F50/><W66/><G66/><T124/><D124/><U123/><E123/><V106/><F106/><W64/><G64/><T110/><D110/><U68/><E68/><V108/><REACH who="2" step="1"/><F55/><REACH who="2" ten="250,250,240,250" step="2"/><W77/><G47/><T118/><D118/><U3/><E10/><V2/><F2/><W49/><G9/><T127/><D127/><U34/><N who="1" m="8192" /><DORA hai="130" /><U111/><E111/><AGARI ba="0,1" hai="6,11,14,17,21,22,25,27,29,95,96,101,108,111" machi="111" ten="40,1300,0" yaku="1,1,53,0" doraHai="135,130" doraHaiUra="131,87" who="2" fromWho="1" sc="250,0,250,-13,240,23,250,0" /><INIT seed="1,0,0,3,0,119" ten="250,237,263,250" oya="1" hai0="127,101,97,117,9,118,111,94,85,29,132,125,72" hai1="41,103,10,105,61,76,75,87,129,55,1,67,45" hai2="92,33,15,59,11,0,21,122,53,48,36,112,27" hai3="26,30,102,78,134,31,89,69,107,68,133,47,123"/><U109/><E129/><V71/><F112/><W63/><G123/><T50/><D29/><U2/><E109/><V7/><F71/><W70/><G78/><T104/><D111/><U135/><E135/><N who="3" m="51722" /><G47/><T73/><D132/><U3/><E87/><V77/><F36/><W37/><G37/><T96/><D85/><U54/><E10/><V4/><F77/><W79/><G79/><T131/><D50/><U120/><E120/><V93/><F122/><W18/><G89/><N who="0" m="55375" /><D131/><U34/><E34/><V126/><F126/><N who="0" m="48138" /><D9/><U114/><E114/><V52/><F7/><W124/><G124/><T32/><D32/><U24/><E76/><V106/><F106/><W80/><G80/><T20/><D20/><U98/><E75/><AGARI ba="0,0" hai="72,73,75,97,101,104,117,118" m="48138,55375" machi="75" ten="30,3900,0" yaku="18,1,34,2" doraHai="119" who="0" fromWho="1" sc="250,39,237,-39,263,0,250,0" /><INIT seed="2,0,0,4,0,70" ten="289,198,263,250" oya="2" hai0="81,125,12,27,71,109,43,33,6,77,93,31,15" hai1="96,37,45,102,90,130,108,131,28,107,84,89,99" hai2="113,2,72,18,76,85,79,16,91,68,119,117,42" hai3="103,124,104,0,29,39,83,126,106,1,82,40,64"/><V67/><F113/><W87/><G29/><T10/><D109/><U22/><E108/><V36/><F67/><W52/><G64/><T114/><D114/><U94/><E28/><V61/><F2/><N who="3" m="1131" /><G52/><T100/><D125/><N who="3" m="48233" /><G103/><T20/><D71/><U122/><E22/><V30/><F68/><W21/><G21/><T4/><D43/><U53/><E53/><V98/><F61/><W51/><G51/><T47/><D47/><U57/><E57/><V9/><F30/><W54/><G54/><T97/><D33/><U3/><E3/><V38/><F42/><W128/><G128/><N who="1" m="49194" /><E45/><V75/><F9/><W121/><G121/><T19/><REACH who="0" step="1"/><D12/><REACH who="0" ten="279,198,263,250" step="2"/><U13/><E13/><V111/><F111/><W120/><G120/><T32/><D32/><U95/><E122/><V74/><F117/><W73/><G73/><AGARI ba="0,1" hai="4,6,10,15,19,20,27,31,73,77,81,93,97,100" machi="73" ten="30,2000,0" yaku="1,1,7,1,53,0" doraHai="70" doraHaiUra="129" who="0" fromWho="3" sc="279,30,198,0,263,0,250,-20" /><INIT seed="3,0,0,1,1,15" ten="309,198,263,230" oya="3" hai0="47,102,21,66,75,24,34,55,54,62,32,39,92" hai1="29,127,76,106,85,87,113,80,42,51,110,43,36" hai2="73,126,78,26,4,128,65,130,123,77,7,90,117" hai3="72,89,58,121,93,27,48,86,23,132,97,111,114"/><W74/><G114/><T101/><D75/><U3/><E113/><V10/><F117/><W120/><G132/><T28/><D39/><U67/><E110/><V59/><F73/><W16/><G111/><T112/><D112/><U81/><E127/><V40/><F40/><W60/><G48/><T134/><D134/><U95/><E106/><V11/><F126/><W118/><G118/><T99/><D102/><U31/><E36/><V109/><F90/><W79/><G72/><T30/><D47/><U124/><E124/><V103/><F103/><W63/><G63/><T105/><D105/><U69/><E3/><V44/><F44/><W94/><G74/><T135/><D135/><U71/><E95/><V5/><F109/><W18/><G18/><T22/><D22/><U107/><E107/><V1/><F26/><W115/><G115/><T41/><D41/><U37/><E37/><V50/><F123/><W53/><G93/><T46/><D46/><U45/><E42/><V88/><F50/><W57/><G57/><N who="0" m="37199" /><D30/><U52/><E43/><V104/><F104/><W133/><G133/><T35/><AGARI ba="0,0" hai="21,24,28,32,34,35,54,55,92,99,101" m="37199" machi="35" ten="30,1100,0" yaku="25,1" doraHai="15" who="0" fromWho="0" sc="309,11,198,-3,263,-3,230,-5" owari="320,42.0,195,-30.5,260,6.0,225,-17.5" /></mjloggm>