<mjloggm ver="2.3"><GO type="225" lobby="0"/><UN n0="%E4%B8%89%E5%86%A0%E7%8E%8B%E3%83%BB%E5%B1%B1%E7%94%B0%E5%93%B2%E4%BA%BA" n1="%E5%80%89%E6%A9%8B%EF%BC%A0%E4%BA%8B%E5%8B%99" n2="%45%6C%79%73%69%75%6D" n3="%6C%61%6D%62" dan="16,16,18,16" rate="2154.28,2089.44,2190.68,2153.71" sx="M,M,F,M"/><TAIKYOKU oya="0"/><INIT seed="0,0,0,5,2,35" ten="250,250,250,250" oya="0" hai0="109,16,17,87,80,127,112,62,58,21,38,11,50" hai1="105,1,116,39,113,104,55,115,54,10,89,20,126" hai2="67,81,94,28,93,100,117,133,135,73,33,114,106" hai3="29,108,40,77,103,18,110,85,34,51,27,132,111"/><T43/><D112/><N who="1" m="43083" /><E39/><V84/><F67/><W61/><G132/><N who="2" m="50761" /><F28/><W56/><G103/><T49/><D127/><U119/><E89/><N who="2" m="51343" /><F33/><W92/><G18/><T101/><D109/><U130/><E20/><V59/><F59/><W71/><G71/><T79/><D101/><U41/><E41/><V2/><F2/><W25/><G25/><N who="0" m="14503" /><D43/><U99/><E126/><V134/><F114/><W70/><G92/><N who="2" m="35433" /><F134/><W131/><G70/><T123/><D38/><U63/><E63/><V53/><F53/><W118/><G40/><T48/><D123/><U46/><E55/><V98/><F73/><W88/><G34/><T124/><D124/><U30/><E1/><V72/><F72/><W86/><G29/><T57/><D62/><U78/><E54/><V4/><F4/><W23/><G110/><T3/><D3/><U95/><E30/><V5/><F5/><W24/><G61/><T64/><D64/><U121/><E10/><V45/><F45/><W91/><G111/><T19/><D19/><U26/><E46/><V68/><F68/><W15/><G108/><T120/><D120/><U47/><E121/><V44/><F44/><W22/><G56/><T0/><D0/><U128/><E47/><V65/><F65/><W14/><G51/><T31/><D31/><U96/><E26/><V12/><F12/><AGARI ba="0,0" hai="11,12,17,48,49,50,57,58,79,80,87" m="14503" machi="12" ten="30,2900,0" yaku="8,1,54,1" doraHai="35" who="0" fromWho="2" sc="250,29,250,0,250,-29,250,0" /><INIT seed="0,1,0,3,3,78" ten="279,250,221,250" oya="0" hai0="99,121,47,48,116,52,91,1,131,120,122,60,75" hai1="37,21,5,28,22,86,26,117,54,24,115,34,45" hai2="109,17,105,84,55,15,85,119,128,101,49,19,57" hai3="30,43,111,18,93,126,110,106,36,61,40,74,31"/><T11/><D116/><U50/><E117/><V64/><F119/><W87/><G106/><T104/><D131/><U102/><E115/><V2/><F2/><W51/><G74/><T98/><D75/><U9/><E37/><V12/><F128/><W0/><G0/><T13/><D1/><U71/><E71/><V76/><F109/><N who="3" m="41483" /><G36/><T23/><D23/><U97/><E86/><V27/><F27/><W125/><G61/><T20/><D20/><U16/><E5/><V29/><F29/><N who="3" m="10763" /><G18/><T89/><D60/><U96/><E9/><V80/><F64/><W7/><G7/><T88/><REACH who="0" step="1"/><D104/><REACH who="0" ten="269,250,221,250" step="2"/><U124/><E22/><V73/><F105/><W3/><G3/><T94/><D94/><U100/><REACH who="1" step="1"/><E124/><REACH who="1" ten="269,240,221,250" step="2"/><V70/><F73/><W90/><G125/><T46/><D46/><U72/><E72/><V6/><F70/><W114/><G126/><T67/><D67/><U118/><E118/><V132/><F57/><W44/><G114/><T68/><D68/><U63/><E63/><V41/><F80/><W134/><G134/><T127/><D127/><U95/><E95/><V38/><F132/><W92/><G93/><T8/><D8/><U35/><E35/><V33/><F33/><W133/><G133/><T62/><D62/><U107/><E107/><V65/><F65/><W112/><G112/><T79/><D79/><U59/><E59/><V66/><F76/><W113/><G113/><T69/><D69/><U25/><E25/><V77/><F66/><W129/><G129/><T108/><D108/><U103/><AGARI ba="1,2" hai="16,21,24,26,28,34,45,50,54,96,97,100,102,103" machi="103" ten="30,7900,0" yaku="1,1,0,1,54,1,53,1" doraHai="78" doraHaiUra="42" who="1" fromWho="1" sc="269,-40,240,102,221,-21,250,-21" /><INIT seed="1,0,0,4,0,106" ten="229,342,200,229" oya="1" hai0="92,38,112,71,3,93,73,78,114,52,131,109,96" hai1="7,22,56,87,129,91,46,48,0,36,72,100,107" hai2="42,62,40,94,135,86,85,41,49,128,105,15,23" hai3="117,123,32,9,116,18,58,67,24,39,13,68,45"/><U99/><E129/><V104/><F128/><W19/><G123/><T21/><D131/><U44/><E22/><V61/><F135/><W64/><G68/><T111/><D38/><U118/><E118/><N who="3" m="45674" /><G58/><T113/><D71/><U16/><E72/><V57/><F104/><W74/><G74/><T35/><D35/><U27/><E56/><V79/><F105/><W26/><G19/><T110/><D3/><U81/><E36/><V101/><F49/><W8/><G8/><T130/><D130/><U122/><E122/><V83/><F57/><W127/><G127/><T133/><D133/><U76/><E46/><V90/><REACH who="2" step="1"/><F101/><REACH who="2" ten="229,342,190,229" step="2"/><W53/><G39/><T47/><D113/><U30/><E48/><V121/><F121/><W54/><G45/><T134/><D134/><U66/><E44/><V55/><F55/><N who="3" m="21003" /><G32/><T80/><D47/><U88/><E66/><AGARI ba="0,1" hai="9,13,18,24,26,64,66,67" m="21003,45674" machi="66" ten="30,1000,0" yaku="12,1" doraHai="106" who="3" fromWho="1" sc="229,0,342,-10,190,0,229,20" /><INIT seed="2,0,0,4,2,59" ten="229,332,190,249" oya="2" hai0="103,101,113,73,67,63,81,28,0,130,17,127,65" hai1="99,10,93,34,84,21,88,106,119,41,39,129,38" hai2="111,1,100,124,45,49,102,120,90,132,98,86,133" hai3="12,107,69,22,92,35,7,116,110,118,52,30,37"/><V105/><F1/><W83/><G107/><T50/><D113/><U42/><E34/><V82/><F120/><W2/><G69/><T114/><D114/><U71/><E71/><V61/><F124/><W80/><G37/><T46/><D127/><U58/><E119/><V62/><F102/><W131/><G110/><T29/><D0/><U25/><E10/><V79/><F111/><W43/><G43/><T75/><D130/><U15/><E15/><V96/><F96/><W125/><G125/><T104/><D17/><U18/><E129/><V87/><F87/><W126/><G126/><T31/><D104/><U135/><E135/><N who="2" m="51787" /><F79/><W53/><G35/><T122/><D122/><U20/><E106/><V26/><F26/><W112/><G2/><T40/><D67/><U54/><E84/><V51/><F51/><W123/><G123/><T6/><D6/><U33/><E33/><V44/><F44/><W128/><G112/><T117/><D117/><U60/><E38/><V72/><F72/><W16/><G128/><T36/><D36/><U11/><E39/><V57/><F57/><W78/><G131/><T95/><D75/><U55/><E42/><AGARI ba="0,0" hai="42,45,49,61,62,82,86,90,98,100,105" m="51787" machi="42" ten="30,5800,0" yaku="20,1,52,2" doraHai="59" who="2" fromWho="1" sc="229,0,332,-58,190,58,249,0" /><INIT seed="2,1,0,0,2,36" ten="229,274,248,249" oya="2" hai0="76,42,66,47,41,120,11,44,12,65,124,135,96" hai1="105,2,103,9,21,95,19,18,79,28,131,97,37" hai2="35,87,134,58,64,116,86,70,101,78,90,14,60" hai3="53,59,46,113,91,132,77,118,15,61,40,88,48"/><V27/><F116/><W68/><G118/><T23/><D120/><U13/><E131/><V83/><F134/><W67/><G132/><T75/><D135/><U129/><E129/><V94/><F101/><W92/><G113/><T54/><D124/><U33/><E37/><V1/><F1/><W55/><G77/><T128/><D128/><U74/><E105/><V43/><F14/><W119/><G119/><T102/><D23/><U107/><E107/><V50/><F27/><W71/><G71/><T49/><D76/><U127/><E127/><V32/><REACH who="2" step="1"/><F58/><REACH who="2" ten="229,274,238,249" step="2"/><W99/><G15/><T51/><D75/><U16/><E74/><V34/><F34/><W108/><G108/><T123/><D123/><U45/><E45/><AGARI ba="1,1" hai="32,35,43,45,50,60,64,70,78,83,86,87,90,94" machi="45" ten="40,3900,0" yaku="1,1,52,1,53,0" doraHai="36" doraHaiUra="126" who="2" fromWho="1" sc="229,0,274,-42,238,52,249,0" /><INIT seed="2,2,0,2,2,4" ten="229,232,290,249" oya="2" hai0="74,23,20,14,35,96,28,91,127,64,72,27,31" hai1="41,63,83,109,33,128,12,3,10,115,117,75,53" hai2="71,104,5,46,21,125,113,110,90,11,80,55,130" hai3="45,6,85,50,70,56,13,116,44,7,118,99,129"/><V135/><F71/><W79/><G70/><T58/><D127/><U126/><E115/><V78/><F113/><W67/><G99/><T124/><D124/><U66/><E126/><V25/><F125/><W81/><G129/><T89/><D35/><U103/><E3/><V123/><F123/><W98/><G116/><T34/><D34/><U47/><E33/><V100/><F90/><W102/><G118/><T77/><D77/><U8/><E117/><V24/><F130/><W17/><G56/><T37/><D37/><U29/><E128/><V107/><F110/><W68/><G67/><T26/><D14/><U131/><E131/><V108/><F108/><W122/><G68/><T121/><D121/><U84/><E75/><V32/><F135/><W49/><G49/><T87/><D96/><U42/><E29/><V95/><F95/><N who="3" m="58719" /><G45/><T97/><D97/><U57/><E12/><V111/><F46/><W94/><G94/><T9/><D9/><N who="1" m="3691" /><E103/><V106/><F100/><W133/><G133/><T69/><D69/><U93/><E93/><V54/><F32/><W18/><G122/><T19/><D19/><N who="3" m="7177" /><G13/><T48/><D74/><U62/><E109/><V82/><F111/><W30/><G30/><T52/><D72/><U88/><E63/><V0/><F106/><W65/><G6/><T39/><D39/><U51/><AGARI ba="2,0" hai="41,42,47,51,53,57,62,66,83,84,88" m="3691" machi="51" ten="30,8000,1" yaku="8,1,52,3,54,1" doraHai="4" who="1" fromWho="1" sc="229,-22,232,86,290,-42,249,-22" /><INIT seed="3,0,0,1,2,123" ten="207,318,248,227" oya="3" hai0="132,60,98,7,35,23,107,84,112,110,71,75,15" hai1="79,33,51,114,85,63,104,68,128,70,49,133,93" hai2="81,26,91,108,20,19,39,9,10,101,21,6,99" hai3="87,80,126,18,31,22,53,57,117,106,130,42,129"/><W66/><G117/><T134/><D35/><U122/><E104/><V13/><F108/><W73/><G73/><T103/><D75/><U24/><E93/><V135/><F39/><W118/><G118/><T116/><D116/><U64/><E85/><V89/><F135/><W17/><G106/><T61/><D112/><U11/><E24/><V1/><F81/><W119/><G119/><T82/><D110/><U95/><E95/><V65/><F21/><W115/><G115/><T58/><D71/><U3/><E11/><V52/><F65/><W86/><G126/><T32/><D32/><U25/><E25/><V46/><F99/><W88/><G42/><T69/><D69/><U55/><E79/><V56/><F46/><W83/><G66/><T54/><D61/><U0/><E33/><V34/><F101/><W5/><G5/><T29/><D29/><U105/><E105/><V125/><F125/><W4/><G4/><T28/><D28/><U90/><E0/><V43/><F43/><W8/><G8/><T30/><D30/><U37/><E3/><V92/><F34/><W45/><G45/><T67/><D67/><N who="1" m="41087" /><E122/><V40/><F1/><W47/><G47/><T44/><D44/><N who="1" m="28071" /><E114/><V109/><F109/><W74/><G74/><T78/><D7/><U102/><E37/><V94/><F6/><W96/><G96/><T97/><D97/><U77/><E70/><V16/><F40/><W111/><G111/><T38/><D38/><U113/><E113/><V48/><F9/><W12/><G31/><T131/><D131/><U41/><E128/><V2/><F2/><RYUUKYOKU ba="0,0" sc="207,15,318,-15,248,15,227,-15" hai0="15,23,54,58,60,78,82,84,98,103,107,132,134" hai2="10,13,16,19,20,26,48,52,56,89,91,92,94" owari="222,-17.8,303,40.3,263,6.3,212,-28.8" /></mjloggm>