<mjloggm ver="2.3"><GO type="225" lobby="0"/><UN n0="%E3%81%B5%E3%81%98%E3%81%8B%E3%81%A4" n1="%E3%82%BF%E3%83%BC%E3%83%90%E3%83%B3%E9%87%8E%E5%8F%A3" n2="%E3%81%BF%E3%81%BF%E3%81%9A" n3="%E5%A4%9C%E3%81%AE%E3%82%AC%E3%82%B9%E3%83%91%E3%83%BC%E3%83%AB" dan="16,16,16,16" rate="2220.55,2116.92,2140.73,2129.12" sx="M,M,M,M"/><TAIKYOKU oya="0"/><INIT seed="0,0,0,1,3,57" ten="250,250,250,250" oya="0" hai0="74,19,17,102,1,124,127,91,42,21,97,47,30" hai1="88,123,53,106,82,111,65,5,45,134,118,119,73" hai2="54,26,114,34,62,25,75,117,23,80,68,33,40" hai3="12,31,36,2,61,52,44,129,15,20,0,120,39"/><T104/><D74/><U66/><E123/><V90/><F114/><W11/><G120/><T86/><D1/><U29/><E106/><V7/><F117/><W105/><G105/><T9/><D9/><U43/><E111/><V72/><F40/><W131/><G39/><T37/><D30/><U55/><E134/><V135/><F135/><W51/><G36/><T10/><D10/><U107/><E107/><V85/><F7/><W108/><G108/><T28/><D28/><U128/><E29/><V6/><F6/><W71/><G2/><T113/><D113/><U4/><E82/><V22/><F22/><W125/><G125/><T81/><REACH who="0" step="1"/><D19/><REACH who="0" ten="240,250,250,250" step="2"/><U67/><E73/><V110/><F75/><W133/><G133/><T83/><D83/><U115/><E115/><V132/><F72/><W101/><G0/><T38/><D38/><U70/><E118/><V3/><F3/><W56/><G11/><T63/><D63/><U32/><E119/><V8/><F8/><W46/><G31/><T89/><D89/><U59/><E88/><V78/><F132/><W126/><G20/><T122/><D122/><U41/><E4/><V103/><F110/><W84/><G61/><T50/><D50/><U130/><E5/><V64/><F23/><W95/><G51/><T100/><D100/><U58/><E32/><N who="2" m="12395" /><F103/><W49/><G101/><T48/><D48/><U69/><E128/><V98/><F90/><N who="3" m="53703" /><G131/><T18/><D18/><U93/><E130/><V99/><F62/><N who="3" m="36103" /><G129/><T79/><D79/><U60/><E60/><N who="2" m="39943" /><F54/><W35/><G49/><T27/><AGARI ba="0,1" hai="17,21,27,37,42,47,81,86,91,97,102,104,124,127" machi="27" ten="30,6000,0" yaku="1,1,0,1,53,1" doraHai="57" doraHaiUra="76" who="0" fromWho="0" sc="240,70,250,-20,250,-20,250,-20" /><INIT seed="0,1,0,0,0,84" ten="310,230,230,230" oya="0" hai0="29,127,5,59,42,101,119,0,36,113,49,109,72" hai1="75,85,131,78,68,71,19,27,106,58,32,33,90" hai2="70,25,38,129,114,46,50,18,102,65,79,21,99" hai3="97,121,108,52,67,48,115,31,14,105,86,116,94"/><T126/><D119/><U34/><E106/><V96/><F114/><W8/><G116/><T1/><D113/><U123/><E123/><V135/><F129/><W13/><G115/><T117/><D117/><U93/><E131/><V53/><F135/><W125/><G121/><T30/><D72/><U89/><E75/><V73/><F38/><W17/><G108/><T47/><D101/><U124/><E78/><V112/><F112/><W6/><G125/><T63/><D109/><U110/><E124/><N who="0" m="47657" /><D36/><U16/><E110/><V26/><F73/><W11/><G105/><T77/><D77/><U111/><E111/><V118/><F79/><W66/><G31/><N who="0" m="11787" /><D5/><U130/><E130/><V100/><F118/><W82/><G82/><T22/><D22/><U128/><E128/><V92/><F70/><W132/><G132/><T61/><D61/><U7/><E7/><V23/><F65/><AGARI ba="1,0" hai="0,1,42,47,49,59,63,65" m="11787,47657" machi="65" ten="30,1500,0" yaku="18,1" doraHai="84" who="0" fromWho="2" sc="310,18,230,0,230,-18,230,0" /><INIT seed="0,2,0,2,0,97" ten="328,230,212,230" oya="0" hai0="32,29,105,116,61,25,121,27,23,93,68,83,115" hai1="49,89,46,22,15,1,43,63,84,134,131,12,45" hai2="7,36,38,50,85,56,71,103,28,8,70,53,75" hai3="6,128,9,114,44,19,30,17,73,109,122,14,91"/><T90/><D121/><U41/><E1/><V58/><F75/><W79/><G114/><T112/><D116/><U77/><E131/><V69/><F28/><W66/><G128/><T129/><D129/><U99/><E134/><V80/><F56/><W26/><G122/><T124/><D124/><U110/><E110/><V113/><F113/><W111/><G66/><T51/><D83/><U0/><E0/><V16/><F103/><W40/><G79/><T82/><D82/><U35/><E35/><V31/><F31/><W39/><G73/><T118/><D118/><U13/><E63/><V42/><F42/><W48/><G39/><T87/><D105/><U24/><E99/><V65/><F65/><W5/><G5/><T125/><D125/><U119/><E77/><V3/><REACH who="2" step="1"/><F16/><REACH who="2" ten="328,230,202,230" step="2"/><W104/><G19/><N who="0" m="12543" /><D115/><U59/><E119/><V100/><F100/><W98/><G17/><T92/><D112/><U127/><E127/><V94/><F94/><W4/><G104/><T102/><D93/><N who="1" m="54439" /><E59/><V76/><AGARI ba="2,1" hai="3,7,8,36,38,50,53,58,69,70,71,76,80,85" machi="76" ten="30,4000,0" yaku="1,1,0,1,53,1" doraHai="97" doraHaiUra="2" who="2" fromWho="2" sc="328,-22,230,-12,202,56,230,-12" /><INIT seed="1,0,0,1,4,81" ten="306,218,258,218" oya="1" hai0="125,18,31,57,93,6,126,128,65,84,77,88,124" hai1="129,115,29,117,98,37,10,107,59,43,12,60,75" hai2="80,49,46,48,21,11,42,67,114,120,34,105,17" hai3="22,33,86,62,35,55,74,76,32,133,100,9,64"/><U72/><E117/><V28/><F120/><W95/><G133/><T116/><D116/><U127/><E115/><V79/><F105/><W63/><G74/><T25/><D128/><U39/><E29/><V47/><F114/><W109/><G109/><T13/><D6/><U85/><E129/><V121/><F121/><W14/><G22/><N who="0" m="11599" /><D77/><U89/><E127/><V3/><F67/><W101/><G55/><T135/><D57/><U58/><E58/><V45/><F34/><W19/><G63/><T113/><D65/><U20/><E20/><V96/><F96/><W8/><G8/><T24/><D113/><U104/><E98/><V41/><F28/><W106/><G106/><T71/><D71/><U4/><E104/><V111/><F111/><W38/><G38/><T2/><D2/><U54/><E107/><V68/><F46/><W36/><G36/><T16/><D135/><U66/><E37/><V90/><F90/><W50/><G50/><T118/><D118/><U97/><E97/><V30/><F68/><W92/><G92/><T5/><D5/><U91/><E66/><V73/><F30/><W108/><G108/><T78/><D78/><U110/><E110/><V23/><F3/><W44/><G44/><T61/><D61/><U56/><E56/><V82/><F82/><N who="3" m="47431" /><G95/><T15/><D31/><U0/><E0/><V132/><F132/><W130/><G130/><T103/><D103/><U1/><E1/><V53/><F53/><W102/><G102/><T7/><D7/><U40/><E4/><V131/><F131/><W70/><G101/><T123/><D123/><RYUUKYOKU ba="0,0" sc="306,10,218,-30,258,10,218,10" hai0="15,16,24,25,84,88,93,124,125,126" hai2="11,17,21,23,41,42,45,47,48,49,73,79,80" hai3="9,14,19,32,33,35,62,64,70,100" /><INIT seed="2,1,0,0,3,8" ten="316,188,268,228" oya="2" hai0="123,72,66,129,100,25,56,7,80,103,83,35,106" hai1="9,134,94,28,105,84,81,108,48,44,50,19,119" hai2="53,17,107,99,16,73,51,130,58,43,39,67,114" hai3="70,122,117,24,101,27,127,89,90,121,21,40,4"/><V93/><F114/><W95/><G117/><T86/><D123/><U12/><E119/><V104/><F73/><W3/><G70/><T45/><D7/><U128/><E105/><V38/><F107/><W76/><G127/><T59/><D129/><U65/><E128/><V96/><F130/><W13/><G3/><T23/><D35/><U126/><E126/><V57/><F104/><W30/><G76/><T14/><D14/><U0/><E108/><V71/><F58/><W132/><G132/><T82/><D106/><U118/><E118/><V79/><F79/><W41/><G121/><T75/><D75/><U47/><E0/><V11/><F99/><N who="3" m="59647" /><G27/><T26/><D45/><N who="1" m="17483" /><E134/><V15/><F43/><N who="3" m="16459" /><G122/><T77/><D66/><U112/><E112/><V92/><F17/><W52/><G52/><T87/><D72/><U88/><E65/><V18/><F18/><W55/><G55/><T1/><D1/><U125/><E28/><V5/><F5/><W111/><G111/><T120/><D120/><U85/><E125/><V42/><F42/><W34/><G34/><T32/><D32/><U33/><E33/><V6/><F6/><W110/><G110/><T135/><D135/><U69/><E69/><V78/><F78/><AGARI ba="1,0" hai="9,12,19,48,50,78,81,84,85,88,94" m="17483" machi="78" ten="30,3900,0" yaku="8,1,52,1,54,1" doraHai="8" who="1" fromWho="2" sc="316,0,188,42,268,-42,228,0" /><INIT seed="3,0,0,2,5,67" ten="316,230,226,228" oya="3" hai0="70,79,9,55,133,118,76,13,132,119,83,104,33" hai1="36,93,21,88,125,131,51,123,34,81,66,44,74" hai2="110,48,52,24,86,40,30,26,10,47,128,101,96" hai3="8,15,89,45,46,116,129,53,127,25,124,0,73"/><W28/><G116/><T134/><D104/><U14/><E34/><V106/><F110/><W78/><G0/><T56/><D70/><U32/><E32/><V87/><F128/><W50/><G129/><T114/><D33/><U2/><E2/><V57/><F10/><W100/><G100/><T19/><D114/><U99/><E123/><V61/><REACH who="2" step="1"/><F24/><REACH who="2" ten="316,230,216,228" step="2"/><W69/><G124/><T63/><D79/><U90/><E125/><V103/><F103/><W97/><G127/><T98/><D98/><U62/><E99/><V27/><F27/><W22/><G97/><T117/><D117/><U102/><E102/><V35/><AGARI ba="0,1" hai="26,30,35,40,47,48,52,57,61,86,87,96,101,106" machi="35" ten="20,5200,0" yaku="1,1,0,1,7,1,54,1,53,0" doraHai="67" doraHaiUra="68" who="2" fromWho="2" sc="316,-13,230,-13,216,62,228,-26" owari="303,40.3,217,-18.3,278,7.8,202,-29.8" /></mjloggm>