<mjloggm ver="2.3"><GO type="225" lobby="0"/><UN n0="%4F%77%4B" n1="%E3%81%8B%E3%82%8F%E3%81%A1%E3%82%83%E3%82%93%35%38" n2="%E9%80%9F%E6%B0%B4%E5%87%9B%E9%A6%99" n3="%E3%83%B4%E3%83%A0%EF%BC%99%E3%81%A6" dan="17,16,16,17" rate="2114.62,2104.15,2177.62,2142.29" sx="M,M,F,M"/><TAIKYOKU oya="0"/><INIT seed="0,0,0,4,1,67" ten="250,250,250,250" oya="0" hai0="131,69,43,7,119,87,72,84,41,53,120,29,99" hai1="94,90,32,93,65,79,91,26,73,34,60,18,39" hai2="127,64,13,57,124,9,33,44,104,16,51,35,117" hai3="96,81,98,49,130,47,77,108,46,115,14,132,78"/><T88/><D119/><U122/><E39/><V63/><F104/><W6/><G115/><T25/><D120/><U129/><E122/><V27/><F117/><W121/><G121/><T3/><D72/><U58/><E129/><V15/><F15/><W23/><G130/><T128/><D7/><U45/><E45/><V113/><F113/><W28/><G108/><T36/><D3/><U116/><E116/><V83/><F83/><W101/><G132/><T125/><D125/><N who="2" m="48202" /><F27/><W118/><G118/><T106/><D106/><U17/><E79/><V111/><F111/><W126/><G77/><T105/><D105/><U1/><E1/><V24/><F24/><W0/><G0/><T40/><D36/><U4/><E4/><V71/><F57/><W5/><G5/><T133/><D133/><U11/><E73/><V109/><F109/><W110/><G110/><T112/><D112/><U59/><E11/><V21/><F21/><W68/><G6/><T86/><D69/><U52/><E32/><V135/><F135/><W62/><G81/><T37/><D37/><U76/><E76/><V30/><F30/><W8/><G78/><T2/><D2/><U48/><E34/><V61/><F61/><W74/><G74/><T89/><D128/><U42/><E42/><AGARI ba="0,0" hai="9,13,16,33,35,42,44,51,63,64,71" m="48202" machi="42" ten="30,3900,0" yaku="18,1,52,1,54,1" doraHai="67" who="2" fromWho="1" sc="250,0,250,-39,250,39,250,0" /><INIT seed="1,0,0,1,3,45" ten="250,211,289,250" oya="1" hai0="100,110,82,2,135,27,105,69,23,76,102,50,78" hai1="129,134,1,132,103,46,71,114,19,122,113,55,126" hai2="118,48,112,3,125,90,124,133,70,7,53,66,111" hai3="12,40,93,29,63,115,15,108,26,0,117,52,9"/><U18/><E103/><V116/><F7/><W36/><G115/><N who="1" m="44042" /><E122/><V94/><F3/><W59/><G108/><T121/><D2/><U68/><E1/><V28/><F28/><W38/><G117/><T43/><D110/><U97/><E97/><V11/><F11/><W109/><G109/><T13/><D69/><N who="1" m="26699" /><E126/><V75/><F75/><W37/><G40/><T65/><D102/><U58/><E129/><V83/><F83/><W62/><G62/><T104/><D82/><U6/><E6/><V51/><F112/><W49/><G63/><T61/><D100/><U87/><E87/><V106/><F111/><W101/><G0/><T80/><D80/><U98/><E98/><V99/><F99/><W88/><G101/><T14/><D121/><U86/><E86/><V85/><F85/><W56/><G56/><T42/><D105/><U131/><E131/><V4/><F70/><W47/><G59/><T44/><D104/><U92/><E92/><V72/><F94/><W8/><G8/><T107/><D107/><U57/><E46/><V34/><F106/><W32/><G9/><T54/><D44/><U24/><E57/><V89/><F124/><W119/><G119/><T60/><D76/><U39/><E39/><V128/><F125/><W16/><G16/><N who="1" m="6186" /><E24/><V33/><F118/><W74/><G74/><T20/><D27/><U67/><E67/><V22/><F116/><W21/><G21/><T73/><D23/><U77/><E77/><V84/><F22/><W91/><G93/><T10/><D20/><U64/><E64/><V95/><F128/><W41/><G41/><RYUUKYOKU ba="0,0" sc="250,-15,211,15,289,-15,250,15" hai1="55,58,132,134" hai3="12,15,26,29,32,36,37,38,47,49,52,88,91" /><INIT seed="1,1,0,0,2,73" ten="235,226,274,265" oya="1" hai0="69,23,127,75,10,68,57,8,13,101,42,44,18" hai1="82,129,58,14,88,131,60,61,19,55,54,46,3" hai2="126,86,77,97,93,74,94,63,91,85,39,95,99" hai3="30,48,124,1,110,50,5,125,79,81,106,108,27"/><U21/><E3/><V38/><F63/><W111/><G106/><T45/><D127/><N who="3" m="48713" /><G5/><T89/><D75/><U115/><E115/><V53/><F53/><W36/><G36/><T78/><D78/><U84/><E46/><V7/><F7/><W26/><G1/><T25/><D10/><U133/><E133/><V17/><F17/><W43/><G43/><T132/><D132/><U16/><E19/><V122/><F38/><W123/><G123/><T15/><D15/><U33/><E33/><V9/><F9/><W64/><G64/><T107/><D45/><U130/><E60/><V76/><F39/><W121/><G121/><T62/><D89/><U40/><E40/><V11/><F11/><W135/><G135/><T113/><D113/><U2/><E2/><V80/><F126/><W71/><G71/><T105/><D69/><U20/><E20/><V90/><F122/><W12/><G12/><T87/><D68/><U128/><N who="1" m="32768" /><DORA hai="83" /><U96/><E96/><N who="2" m="36939" /><F74/><N who="3" m="43255" /><G26/><T117/><D25/><U49/><E49/><V119/><F119/><W134/><G134/><T103/><D42/><U31/><E31/><V4/><F4/><W28/><G30/><T92/><D13/><U109/><E109/><V29/><F29/><W120/><G120/><T52/><D117/><U51/><E51/><V37/><F37/><W0/><G0/><T34/><D34/><AGARI ba="1,0" hai="27,28,34,48,50,108,110,111" m="43255,48713" machi="34" ten="40,5200,0" yaku="14,1,18,1,52,1" doraHai="73,83" who="3" fromWho="0" sc="235,-55,226,0,274,0,265,55" /><INIT seed="2,0,0,3,0,102" ten="180,226,274,320" oya="2" hai0="76,19,133,5,28,34,26,126,21,112,61,95,98" hai1="42,134,108,51,27,70,77,129,15,13,82,29,66" hai2="23,128,89,118,54,6,37,20,65,36,39,18,80" hai3="106,71,85,100,105,31,123,97,41,81,38,1,109"/><V68/><F118/><W84/><G1/><T56/><D126/><U11/><E108/><V63/><F6/><W24/><G123/><T116/><D133/><U35/><E134/><V49/><F128/><W30/><G71/><T46/><D116/><U117/><E117/><V87/><REACH who="2" step="1"/><F18/><REACH who="2" ten="180,226,264,320" step="2"/><W4/><G4/><T121/><D5/><U83/><E129/><V47/><AGARI ba="0,1" hai="20,23,36,37,39,47,49,54,63,65,68,80,87,89" machi="47" ten="30,6000,0" yaku="1,1,2,1,0,1,53,0" doraHai="102" doraHaiUra="93" who="2" fromWho="2" sc="180,-20,226,-20,264,70,320,-20" /><INIT seed="2,1,0,2,1,51" ten="160,206,334,300" oya="2" hai0="108,28,98,15,11,0,52,85,12,32,55,104,133" hai1="54,99,132,26,114,110,89,76,71,4,125,3,81" hai2="22,69,38,83,19,6,91,86,106,130,30,34,21" hai3="43,1,10,73,42,78,16,92,80,118,9,65,101"/><V75/><F38/><W56/><G118/><T93/><D0/><U94/><E114/><V37/><F69/><W20/><G101/><T61/><D108/><U27/><E71/><V113/><F37/><W24/><G92/><T90/><D133/><U2/><E132/><V116/><F106/><W96/><G96/><T50/><D32/><U23/><E110/><V41/><F116/><W77/><G77/><T59/><D28/><U126/><E54/><V128/><F41/><W105/><G105/><T5/><D15/><U74/><E26/><V40/><F40/><W29/><G9/><T84/><D104/><U119/><E119/><V58/><F6/><W18/><G18/><T97/><D97/><U64/><E64/><V25/><F75/><W88/><G88/><T127/><D127/><N who="1" m="48651" /><E4/><V35/><F113/><W100/><G100/><T124/><D124/><U134/><E134/><V62/><F19/><AGARI ba="1,0" hai="2,3,19,23,27,74,76,81,89,94,99" m="48651" machi="19" ten="30,1000,0" yaku="18,1" doraHai="51" who="1" fromWho="2" sc="160,0,206,13,334,-13,300,0" /><INIT seed="3,0,0,3,0,5" ten="160,219,321,300" oya="3" hai0="134,65,50,67,114,79,83,104,49,24,43,45,41" hai1="26,100,15,31,82,91,64,125,48,88,36,55,120" hai2="116,66,60,70,126,106,40,80,129,4,103,27,47" hai3="130,29,109,30,8,56,123,73,32,87,77,99,69"/><W108/><G123/><T71/><D134/><U92/><E36/><V1/><F116/><W128/><G69/><T105/><D114/><U119/><E120/><V90/><F129/><N who="3" m="49771" /><G73/><T89/><D89/><U6/><E125/><V18/><F126/><W20/><G32/><T23/><D71/><U22/><E119/><V61/><F61/><W121/><G121/><T118/><D118/><U96/><E64/><V97/><F80/><N who="3" m="47503" /><G56/><T54/><D104/><U16/><E6/><V59/><F90/><W101/><G8/><T86/><D105/><U19/><E82/><V52/><F1/><W131/><G131/><T110/><D110/><N who="3" m="42601" /><G20/><T117/><D117/><U11/><E31/><V46/><F4/><W94/><AGARI ba="0,0" hai="29,30,94,99,101" m="42601,47503,49771" machi="94" ten="30,6000,0" yaku="19,1,14,1,10,1" doraHai="5" who="3" fromWho="3" sc="160,-20,219,-20,321,-20,300,60" owari="140,-36.0,199,-20.1,301,10.1,360,46.0" /></mjloggm>