<mjloggm ver="2.3"><GO type="225" lobby="0"/><UN n0="%E3%81%B2%E3%81%AA%E3%81%AE%E3%82%8A%E3%81%8F" n1="%E3%81%9F%E3%81%A3%E3%81%A1%E3%82%87" n2="%E2%80%A0%E7%99%BD%E5%85%8E%E2%80%A0" n3="%E3%83%AD%E3%83%83%E3%83%86%E9%9B%80%E7%90%83" dan="17,16,18,17" rate="2203.48,2096.66,2128.75,2236.52" sx="M,M,M,M"/><TAIKYOKU oya="0"/><INIT seed="0,0,0,3,0,93" ten="250,250,250,250" oya="0" hai0="105,62,38,111,39,5,89,49,99,66,120,126,84" hai1="100,40,16,110,69,6,101,134,127,68,79,44,21" hai2="67,33,42,132,97,56,90,20,96,3,102,119,59" hai3="35,22,37,1,48,75,109,4,88,95,86,125,92"/><T43/><D120/><U19/><E110/><V26/><F3/><W115/><G37/><T34/><D126/><U94/><E127/><V106/><F33/><W116/><G35/><T112/><D112/><U0/><E134/><V53/><F132/><W129/><G116/><T27/><D5/><U103/><E79/><V77/><F119/><W91/><G125/><T71/><D111/><U28/><E94/><V76/><F42/><W8/><G115/><T24/><D49/><U30/><E19/><V135/><F135/><W63/><G129/><T73/><D73/><U98/><E6/><V51/><F90/><W46/><G75/><T2/><D2/><U121/><E0/><V61/><REACH who="2" step="1"/><F97/><REACH who="2" ten="250,250,240,250" step="2"/><W82/><G109/><T85/><D43/><U118/><E98/><V18/><AGARI ba="0,1" hai="18,20,26,51,53,56,59,61,67,76,77,96,102,106" machi="18" ten="20,12000,2" yaku="1,1,2,1,0,1,7,1,52,1,53,1" doraHai="93" doraHaiUra="47" who="2" fromWho="2" sc="250,-60,250,-30,240,130,250,-30" /><INIT seed="1,0,0,2,1,101" ten="190,220,370,220" oya="1" hai0="59,133,20,33,8,123,6,1,63,109,32,134,132" hai1="94,85,93,113,131,28,125,48,106,86,110,49,117" hai2="2,79,16,112,91,71,130,39,30,111,99,54,90" hai3="24,102,77,135,72,55,35,73,61,120,25,92,13"/><U80/><E113/><V115/><F2/><W4/><G120/><T44/><D109/><U45/><E125/><V17/><F111/><W122/><G122/><T57/><D123/><U82/><E131/><V84/><F39/><W5/><G135/><T126/><D126/><U124/><E124/><V119/><F119/><W34/><G102/><T38/><D20/><U70/><E110/><V7/><F7/><W43/><G92/><T64/><REACH who="0" step="1"/><D59/><REACH who="0" ten="180,220,370,220" step="2"/><U15/><E117/><V41/><F115/><W98/><G35/><T46/><D46/><U14/><E45/><V75/><F112/><W9/><G34/><T21/><D21/><U116/><E116/><V12/><F130/><W50/><G9/><T118/><D118/><U65/><E70/><V11/><F71/><W87/><G73/><T128/><D128/><U27/><E28/><V69/><F69/><W23/><G72/><T66/><D66/><U60/><E65/><V114/><F75/><W89/><G23/><T129/><D129/><U67/><E67/><V31/><F11/><W18/><G25/><T52/><D52/><U22/><E22/><V40/><F54/><W62/><G55/><T103/><D103/><U68/><E68/><V0/><F114/><W36/><G24/><T76/><D76/><U81/><E27/><V19/><F79/><W78/><G77/><T105/><D105/><U121/><E106/><V83/><F31/><W108/><G78/><T29/><D29/><U3/><E121/><V42/><F30/><W26/><G108/><T104/><D104/><U37/><E60/><V96/><F91/><RYUUKYOKU ba="0,1" sc="180,30,220,-10,370,-10,220,-10" hai0="1,6,8,32,33,38,44,57,63,64,132,133,134" /><INIT seed="2,1,1,5,4,107" ten="210,210,360,210" oya="2" hai0="53,37,85,128,36,119,108,127,78,42,98,31,86" hai1="39,115,102,28,110,96,62,84,72,65,60,43,116" hai2="88,17,112,48,126,9,20,45,56,114,1,58,130" hai3="125,14,57,27,124,52,6,25,94,79,113,89,19"/><V91/><F130/><W22/><G113/><T38/><D128/><U71/><E115/><V105/><F105/><W64/><G64/><T73/><D42/><U30/><E116/><V2/><F126/><N who="3" m="48747" /><G79/><T13/><D127/><U63/><E110/><V8/><F20/><W3/><G6/><T23/><D108/><U95/><E72/><V92/><F92/><W67/><G67/><T121/><D121/><U77/><E43/><V11/><F17/><W118/><G3/><T54/><D98/><U80/><E39/><V131/><F11/><W50/><G118/><T109/><D109/><U87/><E87/><AGARI ba="1,1" hai="14,19,22,25,27,50,52,57,87,89,94" m="48747" machi="87" ten="30,3900,0" yaku="25,1,18,1,54,1" doraHai="107" who="3" fromWho="1" sc="210,0,210,-42,360,0,210,52" /><INIT seed="3,0,0,0,0,82" ten="210,168,360,262" oya="3" hai0="102,3,106,48,130,119,87,128,88,134,70,74,117" hai1="7,125,62,58,124,133,29,1,23,38,93,50,37" hai2="113,49,14,85,31,25,17,28,118,6,105,5,108" hai3="71,19,61,30,86,51,66,55,56,121,18,46,60"/><W112/><G112/><T107/><D70/><U127/><E7/><V8/><F105/><N who="0" m="39946" /><D74/><U32/><E1/><V98/><F108/><W57/><G30/><T33/><D33/><U90/><E32/><V2/><F118/><N who="0" m="45066" /><D3/><U111/><E50/><V9/><F98/><W41/><G121/><T20/><D48/><U68/><E111/><V79/><F49/><W135/><G135/><T109/><D20/><U116/><E133/><V75/><F75/><W39/><G86/><T63/><D63/><U83/><E83/><V114/><F114/><W73/><REACH who="3" step="1"/><G73/><REACH who="3" ten="210,168,360,252" step="2"/><T115/><D134/><U122/><E116/><V34/><F113/><W97/><G97/><T35/><D115/><U132/><E132/><V101/><F31/><W100/><G100/><T77/><D109/><U10/><E122/><V4/><F101/><W103/><G103/><T78/><D102/><U52/><E68/><V44/><F85/><W27/><G27/><T45/><D35/><U65/><E65/><AGARI ba="0,1" hai="18,19,39,41,46,51,55,56,57,60,61,65,66,71" machi="65" ten="30,18000,2" yaku="1,1,7,1,24,2,53,2" doraHai="82" doraHaiUra="15" who="3" fromWho="1" sc="210,0,168,-180,360,0,252,190" owari="210,-19.0,-12,-51.2,360,16.0,442,54.2" /></mjloggm>