<mjloggm ver="2.3"><GO type="225" lobby="0"/><UN n0="%E9%80%86%E9%80%A3%E5%B8%AF%E3%81%AE%E9%AC%BC" n1="%E3%81%AF%E3%82%88%E3%81%8A%E3%81%98%E3%81%95%E3%82%93" n2="%E8%A8%88%E7%AE%97%E6%A9%9F%E8%87%AA%E7%84%B6" n3="%4D%50%43%32%38%30%30" dan="16,16,17,16" rate="2113.85,2139.87,2185.83,2134.94" sx="M,M,M,M"/><TAIKYOKU oya="0"/><INIT seed="0,0,0,2,4,125" ten="250,250,250,250" oya="0" hai0="122,37,124,57,35,49,132,40,17,73,97,64,3" hai1="51,56,33,13,52,85,135,11,119,1,129,68,38" hai2="84,62,27,95,22,109,6,2,20,98,108,23,83" hai3="25,89,75,46,81,36,26,123,44,130,121,39,34"/><T0/><D122/><N who="3" m="46601" /><G89/><T66/><D124/><U80/><E119/><V31/><F2/><W82/><G130/><T28/><D73/><U18/><E38/><N who="3" m="14378" /><G34/><T114/><D35/><U127/><E68/><V105/><F105/><W72/><G26/><T16/><D37/><U120/><E120/><V54/><F6/><W58/><G58/><T12/><D57/><U116/><E116/><V96/><F96/><W77/><G25/><T110/><D97/><U74/><E33/><V102/><F108/><W134/><G134/><T24/><D132/><U115/><E127/><V111/><F109/><W133/><G133/><T59/><D59/><U70/><E70/><V7/><F7/><W113/><G113/><T71/><D114/><U100/><E74/><N who="3" m="28202" /><G77/><T103/><D71/><U86/><E135/><V128/><F128/><W19/><G19/><T99/><D17/><U88/><E129/><V53/><F111/><W42/><G42/><T90/><D40/><U30/><E115/><V106/><F106/><W76/><G76/><T118/><D16/><U91/><E30/><V61/><F53/><W43/><G43/><T60/><D110/><U14/><E100/><V101/><F101/><W15/><G15/><T8/><D12/><N who="1" m="7455" /><E1/><V45/><F27/><W65/><G65/><T9/><D0/><U87/><E87/><V93/><F31/><W55/><G55/><T47/><D3/><U29/><E29/><V69/><F69/><W79/><G79/><T50/><D28/><U126/><E126/><V10/><F54/><W104/><G104/><N who="0" m="63615" /><D118/><U48/><E48/><V92/><F102/><RYUUKYOKU ba="0,0" sc="250,-15,250,15,250,-15,250,15" hai1="13,14,51,52,56,80,85,86,88,91" hai3="44,46,81,82" /><INIT seed="1,1,0,2,4,86" ten="235,265,235,265" oya="1" hai0="15,55,68,45,111,99,98,82,112,124,125,54,29" hai1="61,80,3,113,27,130,9,85,91,46,34,129,66" hai2="57,88,106,49,20,30,2,122,103,84,31,93,89" hai3="16,83,108,81,33,104,52,117,7,109,78,5,132"/><U53/><E113/><V73/><F122/><W56/><G104/><T21/><D112/><U13/><E3/><V72/><F2/><W67/><G33/><T92/><D68/><U95/><E95/><N who="2" m="54663" /><F72/><N who="3" m="43207" /><G67/><T94/><D111/><N who="3" m="42569" /><G132/><T32/><D32/><U76/><E76/><V118/><F73/><W96/><G117/><T8/><D82/><U75/><E75/><V116/><F106/><W17/><G83/><T12/><D21/><U42/><E53/><N who="2" m="31919" /><F118/><W37/><G37/><T105/><D105/><U121/><E121/><V133/><F116/><W101/><G101/><T28/><D45/><U47/><E27/><N who="2" m="16743" /><F133/><W40/><G96/><T115/><D115/><U43/><E34/><V90/><F31/><W79/><G79/><T23/><D23/><U74/><E74/><V22/><F22/><W14/><G40/><T123/><D123/><U19/><E43/><V134/><F134/><W0/><G0/><T100/><D100/><U58/><REACH who="1" step="1"/><E47/><REACH who="1" ten="235,255,235,265" step="2"/><V48/><F93/><W87/><G14/><T51/><D15/><U97/><E97/><V39/><F103/><W77/><G77/><T1/><D1/><U107/><E107/><V110/><F110/><W119/><G119/><T59/><D99/><U26/><E26/><V60/><F89/><W50/><G87/><T24/><D98/><U126/><E126/><V44/><F90/><W4/><AGARI ba="1,1" hai="4,5,7,16,17,50,52,56" m="42569,43207" machi="4" ten="30,4000,0" yaku="14,1,54,2" doraHai="86" who="3" fromWho="3" sc="235,-11,255,-21,235,-11,265,53" /><INIT seed="2,0,0,2,2,26" ten="224,234,224,318" oya="2" hai0="96,47,24,53,124,21,1,25,129,73,93,115,35" hai1="82,77,31,98,40,39,49,97,126,54,60,28,84" hai2="56,118,91,33,29,42,132,5,117,32,134,66,36" hai3="58,8,85,61,114,135,109,45,22,127,133,41,131"/><V57/><F5/><W43/><G109/><T9/><D115/><U106/><E126/><V0/><F0/><W4/><G114/><T128/><D124/><U17/><E39/><V59/><F66/><N who="3" m="39223" /><G127/><T90/><D73/><U130/><E130/><V55/><F55/><W100/><G45/><T87/><D35/><N who="2" m="13386" /><F91/><W27/><G100/><T123/><D123/><U74/><E74/><V108/><F108/><W6/><G85/><T102/><D25/><U75/><E106/><V119/><F36/><W83/><G83/><T121/><D121/><U99/><E75/><V92/><F92/><W78/><G78/><T65/><D65/><U12/><E60/><V113/><F113/><W67/><G67/><T15/><D1/><U10/><E40/><N who="3" m="15434" /><G8/><T69/><D129/><U76/><E77/><V86/><F42/><W63/><G63/><T44/><D128/><U70/><E70/><V111/><F111/><W7/><G131/><T72/><D72/><U50/><E50/><V116/><F86/><W71/><G71/><T94/><D69/><U95/><E95/><V51/><F117/><W122/><G122/><T112/><D112/><U20/><E10/><V101/><F51/><W11/><G11/><T104/><D53/><U48/><E49/><V2/><F2/><W52/><G52/><T19/><REACH who="0" step="1"/><D104/><REACH who="0" ten="214,234,224,318" step="2"/><U110/><E110/><V16/><F116/><W3/><G3/><T79/><D79/><U46/><AGARI ba="0,1" hai="12,17,20,28,31,46,48,54,76,82,84,97,98,99" machi="46" ten="30,7900,0" yaku="0,1,8,1,52,2" doraHai="26" who="1" fromWho="1" sc="214,-20,234,89,224,-39,318,-20" /><INIT seed="3,0,0,0,4,80" ten="194,323,185,298" oya="3" hai0="27,97,107,124,69,21,102,18,71,65,51,25,33" hai1="103,76,77,58,39,108,114,19,43,122,135,99,101" hai2="34,15,60,132,45,29,37,131,120,50,40,106,93" hai3="49,38,30,79,105,14,26,17,89,123,7,109,128"/><W98/><G38/><T72/><D72/><U13/><E114/><V3/><F3/><W62/><G123/><T115/><D115/><U95/><E122/><V70/><F120/><W116/><G116/><T127/><D51/><U66/><E39/><V48/><F106/><W110/><G7/><T20/><D33/><U8/><E108/><N who="3" m="41578" /><G79/><N who="1" m="30282" /><E135/><V1/><F1/><W28/><G128/><T2/><D2/><U55/><E43/><V9/><F132/><W130/><G130/><T94/><D107/><U86/><E66/><V63/><F131/><W117/><G117/><T90/><D102/><N who="1" m="60799" /><E86/><V0/><F0/><W67/><G49/><AGARI ba="0,0" hai="8,13,19,49,55,58,101,103" m="60799,30282" machi="49" ten="30,1000,0" yaku="8,1" doraHai="80" who="1" fromWho="3" sc="194,0,323,10,185,0,298,-10" owari="194,-20.6,333,43.3,185,-31.5,288,8.8" /></mjloggm>