<mjloggm ver="2.3"><GO type="225" lobby="0"/><UN n0="%E3%82%BC%E3%83%AB%E3%83%80%E3%81%AE%E4%BC%9D%E8%AA%AC" n1="%E3%81%A9%E3%82%93%E3%82%88%E3%81%8F%4D%6B%2E%32" n2="%6D%75%75%6D%75%72%61" n3="%E5%B0%8F%E9%B3%A5%E9%81%8A%E7%B7%B4%E7%84%A1%32%31%E6%AD%B3" dan="16,16,16,16" rate="2190.93,2151.48,2166.55,2144.37" sx="M,M,F,F"/><TAIKYOKU oya="0"/><INIT seed="0,0,0,1,5,112" ten="250,250,250,250" oya="0" hai0="83,7,1,38,63,69,17,10,108,109,14,12,73" hai1="117,41,46,28,133,135,77,107,0,130,20,70,15" hai2="118,86,27,110,121,93,62,134,119,72,37,25,53" hai3="3,31,67,24,58,115,68,79,52,2,120,42,94"/><T96/><D38/><U4/><E107/><V105/><F121/><W81/><G115/><T64/><D96/><U21/><E70/><V32/><F105/><W57/><G42/><T116/><D116/><N who="2" m="44586" /><F37/><W35/><G94/><T113/><D113/><U55/><E55/><V99/><F110/><N who="0" m="42602" /><D17/><N who="1" m="10303" /><E77/><AGARI ba="0,0" hai="1,7,10,12,14,63,64,69,73,77,83" m="42602" machi="77" ten="30,2900,0" yaku="14,1,10,1" doraHai="112" who="0" fromWho="1" sc="250,29,250,-29,250,0,250,0" /><INIT seed="0,1,0,1,2,30" ten="279,221,250,250" oya="0" hai0="123,17,113,108,96,122,93,92,31,104,116,59,25" hai1="114,83,71,36,77,135,63,82,87,32,53,127,129" hai2="39,134,91,110,9,64,21,99,103,133,45,23,131" hai3="6,26,78,94,90,74,34,66,55,119,120,44,125"/><T57/><D113/><U67/><E36/><V51/><F110/><W46/><G119/><T49/><D116/><U61/><E114/><V132/><F39/><W27/><G125/><T33/><D108/><U48/><E127/><V97/><F131/><W109/><G66/><T24/><D104/><U72/><E129/><V100/><F9/><W3/><G109/><T11/><D93/><U35/><E63/><V1/><F1/><W86/><G26/><T50/><D50/><U43/><E43/><V42/><F64/><W2/><G120/><T20/><D11/><U117/><E117/><V19/><F91/><W60/><G6/><T89/><REACH who="0" step="1"/><D49/><REACH who="0" ten="269,221,250,250" step="2"/><U128/><E128/><V16/><F21/><W54/><G94/><T73/><D73/><U75/><E135/><V76/><F23/><W98/><G74/><T14/><D14/><U12/><E12/><V65/><F133/><W80/><G2/><T81/><D81/><U15/><E15/><V40/><F134/><W28/><G3/><T112/><D112/><U5/><E5/><V10/><F51/><W58/><G80/><T0/><D0/><U115/><E115/><V22/><F132/><W7/><G27/><T126/><D126/><U56/><REACH who="1" step="1"/><E72/><REACH who="1" ten="269,211,250,250" step="2"/><V18/><F10/><W124/><G7/><T118/><D118/><U41/><E41/><V84/><F40/><W8/><G124/><T88/><D88/><AGARI ba="1,2" hai="32,35,48,53,56,61,67,71,75,77,82,83,87,88" machi="88" ten="30,8000,1" yaku="1,1,7,1,52,2,54,1,53,0" doraHai="30" doraHaiUra="4" who="1" fromWho="0" sc="269,-83,211,103,250,0,250,0" /><INIT seed="1,0,0,0,0,57" ten="186,314,250,250" oya="1" hai0="133,70,73,31,135,89,16,127,49,23,58,67,11" hai1="47,34,110,107,116,35,9,36,98,13,85,37,43" hai2="68,77,86,38,114,118,132,95,29,6,3,129,130" hai3="74,112,134,45,101,119,117,102,121,125,0,99,32"/><U72/><E72/><V81/><F118/><W87/><G99/><T55/><D73/><U80/><E116/><V131/><F132/><N who="0" m="50762" /><D127/><U44/><E110/><V33/><F38/><W90/><G32/><T78/><D78/><U5/><E107/><V91/><F68/><W96/><G0/><T52/><D89/><U28/><E98/><V56/><F114/><W48/><G45/><N who="0" m="27695" /><D70/><U84/><E28/><V97/><F56/><W26/><G74/><T105/><D105/><U39/><E85/><V51/><F51/><W76/><G48/><N who="0" m="31079" /><D67/><U19/><E19/><V83/><F83/><W14/><G125/><T61/><D31/><U106/><E106/><V103/><F77/><W8/><G90/><T17/><D11/><U69/><E69/><V71/><F71/><W10/><G8/><T122/><D122/><U63/><E47/><V94/><F81/><W113/><G76/><T25/><D17/><U46/><E46/><V100/><F100/><W15/><G121/><T82/><D82/><U2/><E80/><V120/><F120/><W60/><G134/><T115/><D115/><U20/><E39/><V4/><F29/><W41/><G113/><T54/><D54/><U109/><E37/><V92/><F92/><W7/><G112/><T128/><D128/><U104/><E104/><V93/><F93/><W21/><G119/><T66/><D66/><U75/><E75/><V30/><F30/><W126/><G126/><T50/><D50/><U108/><E36/><V59/><F130/><W64/><G64/><T18/><D18/><N who="1" m="10319" /><E44/><V123/><F131/><W79/><G117/><RYUUKYOKU ba="0,0" sc="186,30,314,-10,250,-10,250,-10" hai0="16,23,25,61" /><INIT seed="2,1,0,3,5,131" ten="216,304,240,240" oya="2" hai0="87,88,49,48,95,106,96,26,133,15,28,24,72" hai1="29,63,39,129,115,0,109,41,73,42,32,82,43" hai2="4,104,6,75,74,83,132,22,51,99,94,45,30" hai3="111,65,122,80,77,78,37,7,14,81,38,76,67"/><V44/><F104/><W53/><G122/><T56/><D72/><U19/><E115/><V46/><F51/><W108/><G53/><T40/><D133/><U71/><E0/><V107/><F107/><W100/><G100/><T68/><D68/><U31/><E39/><N who="3" m="14858" /><G14/><T13/><D106/><U110/><E129/><V12/><F132/><W118/><G7/><T135/><D135/><U58/><E71/><V103/><F75/><W121/><G121/><T113/><D113/><U84/><E73/><V128/><F128/><W17/><G17/><T59/><D96/><U62/><E19/><N who="2" m="10599" /><F74/><W25/><G25/><N who="0" m="9835" /><D28/><N who="1" m="10827" /><E32/><V93/><F30/><W90/><G90/><T9/><D15/><U27/><E27/><V57/><F83/><N who="3" m="31819" /><G118/><T50/><D40/><U102/><E102/><V16/><F16/><AGARI ba="1,0" hai="9,13,16,48,49,50,56,59,87,88,95" m="9835" machi="16" ten="30,3900,0" yaku="8,1,54,2" doraHai="131" who="0" fromWho="2" sc="216,42,304,0,240,-42,240,0" /><INIT seed="3,0,0,5,5,3" ten="258,304,198,240" oya="3" hai0="82,19,64,40,87,113,61,71,128,59,89,5,69" hai1="37,70,53,123,114,127,2,116,65,112,83,68,11" hai2="49,10,79,34,102,77,44,21,58,131,8,88,91" hai3="30,126,46,99,54,47,66,41,28,1,16,110,24"/><W32/><G126/><T106/><D106/><U62/><E123/><V13/><F34/><W118/><G118/><T129/><D113/><U120/><E120/><V27/><F102/><W117/><G117/><T111/><D111/><U94/><E116/><V52/><F131/><N who="0" m="50250" /><D5/><N who="1" m="1463" /><E53/><V81/><F58/><W109/><G66/><T51/><D19/><U119/><E94/><V36/><F36/><W86/><G30/><T55/><D40/><U26/><E119/><V72/><F79/><W92/><G86/><T56/><AGARI ba="0,0" hai="51,55,56,59,61,64,69,71,82,87,89" m="50250" machi="56" ten="30,1100,0" yaku="19,1" doraHai="3" who="0" fromWho="0" sc="258,11,304,-3,198,-3,240,-5" owari="269,6.9,301,40.1,195,-30.5,235,-16.5" /></mjloggm>