<mjloggm ver="2.3"><GO type="225" lobby="0"/><UN n0="%E7%9C%9F%E4%B8%80" n1="%E3%83%AD%E3%83%83%E3%83%86%E9%9B%80%E7%90%83" n2="%E3%81%A1%E3%82%85%E3%81%86%E3%81%A9%E3%81%8F%E8%B1%A1%E3%81%95%E3%82%93" n3="%72%61%6B%33" dan="17,17,16,16" rate="2236.87,2173.49,2148.81,2201.57" sx="M,M,M,M"/><TAIKYOKU oya="0"/><INIT seed="0,0,0,1,3,49" ten="250,250,250,250" oya="0" hai0="61,7,129,128,73,96,52,83,88,67,135,28,134" hai1="41,93,63,9,14,97,69,58,8,112,131,124,62" hai2="54,6,75,60,22,110,82,84,77,33,65,70,118" hai3="4,102,117,92,115,46,114,47,130,95,133,12,91"/><T2/><D28/><U5/><E124/><V113/><F113/><W29/><G117/><T90/><D2/><U16/><E131/><N who="0" m="50249" /><D7/><U107/><E112/><V27/><F118/><W64/><G130/><T45/><D96/><U103/><E69/><V119/><F119/><W20/><G133/><N who="0" m="50699" /><D73/><U105/><E41/><V85/><F110/><W44/><G102/><T3/><D3/><U106/><REACH who="1" step="1"/><E58/><REACH who="1" ten="250,240,250,250" step="2"/><V99/><F70/><W104/><G115/><T21/><D83/><U11/><E11/><V81/><F82/><W98/><G114/><T0/><D0/><AGARI ba="0,1" hai="0,5,8,9,14,16,62,63,93,97,103,105,106,107" machi="0" ten="40,2600,0" yaku="1,1,54,1,53,0" doraHai="49" doraHaiUra="30" who="1" fromWho="0" sc="250,-26,240,36,250,0,250,0" /><INIT seed="1,0,0,0,1,5" ten="224,276,250,250" oya="1" hai0="27,112,125,48,56,74,10,121,100,116,66,49,17" hai1="86,120,13,14,23,75,6,0,32,41,42,101,80" hai2="106,127,24,4,18,33,107,114,117,53,60,20,89" hai3="71,92,2,21,134,129,55,135,11,130,76,128,9"/><U85/><E120/><V58/><F117/><W63/><G2/><T111/><D112/><U61/><E32/><V28/><F114/><W78/><G21/><T30/><D116/><U94/><E75/><V104/><F127/><W19/><G19/><T52/><D125/><U108/><E108/><V34/><F4/><W103/><G103/><T57/><D74/><U119/><E119/><V50/><F28/><W79/><G92/><T83/><D111/><U47/><E61/><V3/><F3/><W81/><G81/><T123/><D100/><U73/><E73/><V84/><REACH who="2" step="1"/><F60/><REACH who="2" ten="224,276,240,250" step="2"/><W69/><G63/><T64/><D123/><U37/><E6/><V22/><F22/><W133/><G55/><N who="0" m="31847" /><D121/><U99/><E23/><V91/><F91/><W62/><G62/><T110/><D110/><U45/><E0/><V124/><F124/><W44/><G44/><T77/><D30/><U43/><E47/><V15/><F15/><W35/><G35/><T67/><D27/><U95/><E13/><V98/><F98/><W26/><G26/><T105/><D77/><U46/><E14/><V109/><F109/><W72/><G72/><T12/><D105/><U88/><E46/><V1/><F1/><W122/><G122/><T38/><D38/><U96/><E96/><V59/><F59/><W70/><AGARI ba="0,1" hai="9,11,69,70,71,76,78,79,128,129,130,133,134,135" machi="70" ten="50,32000,5" yakuman="40" doraHai="5" who="3" fromWho="3" sc="224,-80,276,-160,240,-80,250,330" /><INIT seed="2,0,0,1,4,36" ten="144,116,160,580" oya="2" hai0="57,61,14,68,29,76,11,4,134,22,62,45,9" hai1="53,81,133,129,121,21,120,78,27,20,8,32,111" hai2="117,116,118,42,37,107,35,49,0,128,69,74,70" hai3="85,19,89,28,123,130,125,97,66,63,47,39,54"/><V104/><F49/><W13/><G125/><T124/><D124/><U113/><E113/><V48/><F48/><W6/><G130/><T105/><D105/><N who="2" m="40522" /><F128/><W5/><G123/><N who="1" m="47178" /><E129/><V98/><F98/><W88/><G28/><T43/><D134/><U83/><E133/><V100/><F100/><W40/><G54/><T7/><D68/><N who="2" m="26218" /><F74/><W73/><G73/><T15/><D76/><U67/><E67/><V30/><F30/><W25/><G25/><N who="0" m="16567" /><D57/><U34/><E53/><V135/><F135/><W82/><G97/><T3/><D3/><U12/><E78/><V91/><F91/><W31/><G89/><T96/><D96/><U33/><E83/><V126/><F126/><W24/><G63/><N who="0" m="24075" /><D45/><U59/><E81/><V132/><F132/><W10/><G66/><T79/><D79/><U46/><E59/><V95/><F95/><W84/><G84/><T80/><D80/><U58/><E58/><V110/><F0/><W94/><G94/><T131/><D131/><U77/><E46/><N who="2" m="23887" /><F35/><AGARI ba="0,0" hai="5,6,10,13,19,24,31,35,39,40,47,82,85,88" machi="35" ten="30,3900,0" yaku="7,1,52,1,54,1" doraHai="36" who="3" fromWho="2" sc="144,0,116,0,160,-39,580,39" /><INIT seed="3,0,0,1,3,85" ten="144,116,121,619" oya="3" hai0="34,131,122,121,57,10,74,109,58,59,43,114,92" hai1="22,103,11,75,30,41,9,128,1,86,5,129,123" hai2="44,77,37,8,94,4,95,105,12,63,6,28,81" hai3="47,116,67,49,39,25,16,14,32,53,18,29,20"/><W68/><G116/><T127/><D74/><U21/><E123/><V69/><F105/><W70/><G67/><T133/><D109/><U64/><E75/><V60/><F4/><W98/><G39/><T50/><D34/><U80/><E103/><V55/><F28/><W38/><G38/><T72/><D72/><U17/><E41/><V61/><F69/><W112/><G112/><T96/><D131/><N who="1" m="50251" /><E64/><V100/><F37/><W93/><REACH who="3" step="1"/><G18/><REACH who="3" ten="144,116,121,609" step="2"/><T111/><D114/><U65/><E65/><V117/><F117/><W126/><G126/><T78/><D127/><U62/><E62/><V46/><F60/><W51/><G51/><T106/><D50/><U2/><E30/><V0/><F61/><W84/><G84/><T108/><D111/><U79/><E1/><V26/><F0/><W31/><G31/><T89/><D108/><U124/><E124/><V104/><F63/><W90/><AGARI ba="0,1" hai="14,16,20,25,29,32,47,49,53,68,70,90,93,98" machi="90" ten="20,12000,1" yaku="1,1,0,1,7,1,52,1,54,1,53,0" doraHai="85" doraHaiUra="99" who="3" fromWho="3" sc="144,-40,116,-40,121,-40,609,130" owari="104,-9.6,76,-42.4,81,-31.9,739,83.9" /></mjloggm>